  <div class='ocr_page' id='page_1' title='image "/cluster/home/n/w/nwhite01/storage/ocr_20150623/75/uva.x030486936/022.png"; bbox 0 0 3922 6482; ppageno 0'>
   <div class='ocr_carea' id='block_1_1' title="bbox 172 444 3502 513">
    <p class='ocr_par' dir='ltr' id='par_1_1' title="bbox 172 444 3502 513">
     <span class='ocr_line' id='line_1_1' title="bbox 172 444 3502 513; baseline -0.004 7"><span class='ocrx_word' id='word_1_1' title='bbox 172 449 224 505; x_wconf 62' lang='lat'><strong>25</strong></span> <span class='ocrx_word' id='word_1_2' title='bbox 1638 453 2090 513; x_wconf 71' lang='lat' dir='ltr'><strong>vussaonus.</strong></span> <span class='ocrx_word' id='word_1_3' title='bbox 3429 444 3502 507; x_wconf 70' lang='lat' dir='ltr'><strong>se</strong></span> 
     </span>
    </p>
   </div>
   <div class='ocr_carea' id='block_1_2' title="bbox 175 559 1780 643">
    <p class='ocr_par' dir='ltr' id='par_1_2' title="bbox 175 561 1780 643">
     <span class='ocr_line' id='line_1_2' title="bbox 175 561 1780 643; baseline 0.004 -27"><span class='ocrx_word' id='word_1_4' title='bbox 175 578 231 626; x_wconf 77' lang='grc' dir='ltr'><strong>ιις</strong></span> <span class='ocrx_word' id='word_1_5' title='bbox 247 561 402 619; x_wconf 72' lang='grc' dir='ltr'><strong>δυάδα.</strong></span> <span class='ocrx_word' id='word_1_6' title='bbox 441 567 689 639; x_wconf 67' lang='grc' dir='ltr'>τέμνων</span> <span class='ocrx_word' id='word_1_7' title='bbox 721 570 800 625; x_wconf 76' lang='grc' dir='ltr'>τὸ</span> <span class='ocrx_word' id='word_1_8' title='bbox 833 571 1163 643; x_wconf 71' lang='grc' dir='ltr'><strong>νοούμενον,</strong></span> <span class='ocrx_word' id='word_1_9' title='bbox 1206 572 1300 625; x_wconf 78' lang='grc' dir='ltr'>καὶ</span> <span class='ocrx_word' id='word_1_10' title='bbox 1331 571 1493 626; x_wconf 78' lang='grc' dir='ltr'>πάλιν</span> <span class='ocrx_word' id='word_1_11' title='bbox 1538 572 1618 634; x_wconf 85' lang='grc' dir='ltr'><strong>εἰς</strong></span> <span class='ocrx_word' id='word_1_12' title='bbox 1665 569 1780 641; x_wconf 69' lang='grc' dir='ltr'>μίαε</span> 
     </span>
    </p>
   </div>
   <div class='ocr_carea' id='block_1_3' title="bbox 1892 559 3502 643">
    <p class='ocr_par' dir='ltr' id='par_1_3' title="bbox 1907 559 3502 634">
     <span class='ocr_line' id='line_1_3' title="bbox 1907 559 3502 634; baseline -0.005 -10"><span class='ocrx_word' id='word_1_13' title='bbox 1907 585 2111 634; x_wconf 70' lang='lat' dir='ltr'><strong>sumus,</strong></span> <span class='ocrx_word' id='word_1_14' title='bbox 2145 567 2198 622; x_wconf 89' lang='lat' dir='ltr'><strong>in</strong></span> <span class='ocrx_word' id='word_1_15' title='bbox 2221 567 2328 621; x_wconf 87' lang='lat' dir='ltr'><strong>dno</strong></span> <span class='ocrx_word' id='word_1_16' title='bbox 2352 565 2630 628; x_wconf 82' lang='lat' dir='ltr'><strong>scindens,</strong></span> <span class='ocrx_word' id='word_1_17' title='bbox 2659 563 2712 617; x_wconf 84' lang='lat' dir='ltr'><strong>id</strong></span> <span class='ocrx_word' id='word_1_18' title='bbox 2738 563 2882 634; x_wconf 87' lang='lat' dir='ltr'><strong>quod</strong></span> <span class='ocrx_word' id='word_1_19' title='bbox 2904 559 3226 634; x_wconf 89' lang='lat' dir='ltr'><strong>intelligitur</strong></span> <span class='ocrx_word' id='word_1_20' title='bbox 3254 561 3306 615; x_wconf 90' lang='lat' dir='ltr'><strong>in</strong></span> <span class='ocrx_word' id='word_1_21' title='bbox 3339 577 3502 616; x_wconf 75' lang='lat' dir='ltr'><strong>unum</strong></span> 
     </span>
    </p>
   </div>
   <div class='ocr_carea' id='block_1_4' title="bbox 179 655 876 733">
    <p class='ocr_par' dir='ltr' id='par_1_4' title="bbox 179 655 876 733">
     <span class='ocr_line' id='line_1_4' title="bbox 179 655 876 733; baseline 0.009 -23"><span class='ocrx_word' id='word_1_22' title='bbox 179 655 528 727; x_wconf 64' lang='grc' dir='ltr'>περισφίγγων</span> <span class='ocrx_word' id='word_1_23' title='bbox 558 658 876 733; x_wconf 76' lang='grc' dir='ltr'>Θεότητα..</span> 
     </span>
    </p>
   </div>
   <div class='ocr_carea' id='block_1_5' title="bbox 593 747 1099 808">
    <p class='ocr_par' dir='ltr' id='par_1_5' title="bbox 593 747 1099 808">
     <span class='ocr_line' id='line_1_5' title="bbox 593 747 1099 808; baseline -0.006 2"><span class='ocrx_word' id='word_1_24' title='bbox 593 747 596 751; x_wconf 65' lang='grc'><em>’</em></span> <span class='ocrx_word' id='word_1_25' title='bbox 890 753 1099 808; x_wconf 73' lang='grc' dir='ltr'><strong>ΑΛΛΟ.</strong></span> 
     </span>
    </p>
   </div>
   <div class='ocr_carea' id='block_1_6' title="bbox 241 839 1796 920">
    <p class='ocr_par' dir='ltr' id='par_1_6' title="bbox 241 839 1796 920">
     <span class='ocr_line' id='line_1_6' title="bbox 241 839 1796 920; baseline 0.001 -24"><span class='ocrx_word' id='word_1_26' title='bbox 241 839 298 896; x_wconf 74' lang='grc' dir='ltr'><strong>ει</strong></span> <span class='ocrx_word' id='word_1_27' title='bbox 330 844 423 898; x_wconf 68' lang='grc' dir='ltr'><strong>τοῦ</strong></span> <span class='ocrx_word' id='word_1_28' title='bbox 466 846 707 919; x_wconf 68' lang='grc' dir='ltr'>Πατρὸς</span> <span class='ocrx_word' id='word_1_29' title='bbox 743 845 929 903; x_wconf 77' lang='grc' dir='ltr'>εἰκὼν</span> <span class='ocrx_word' id='word_1_30' title='bbox 958 846 1376 920; x_wconf 77' lang='grc' dir='ltr'>ἀπαράλλακτός</span> <span class='ocrx_word' id='word_1_31' title='bbox 1403 846 1554 900; x_wconf 78' lang='grc' dir='ltr'>ἐστιν</span> <span class='ocrx_word' id='word_1_32' title='bbox 1585 848 1615 899; x_wconf 83' lang='grc' dir='ltr'><strong>ὁ</strong></span> <span class='ocrx_word' id='word_1_33' title='bbox 1645 843 1796 906; x_wconf 75' lang='grc' dir='ltr'>Υἱὸς,</span> 
     </span>
    </p>
   </div>
   <div class='ocr_carea' id='block_1_7' title="bbox 199 933 1794 1013">
    <p class='ocr_par' dir='ltr' id='par_1_7' title="bbox 199 933 1794 1013">
     <span class='ocr_line' id='line_1_7' title="bbox 199 933 1794 1013; baseline 0 -24"><span class='ocrx_word' id='word_1_34' title='bbox 199 933 257 998; x_wconf 66' lang='grc' dir='ltr'>ὥς</span> <span class='ocrx_word' id='word_1_35' title='bbox 277 937 474 993; x_wconf 64' lang='lat' dir='ltr'><strong>iusim</strong></span> <span class='ocrx_word' id='word_1_36' title='bbox 503 939 566 993; x_wconf 66' lang='grc' dir='ltr'>ἒν</span> <span class='ocrx_word' id='word_1_37' title='bbox 600 941 770 1013; x_wconf 79' lang='grc' dir='ltr'>αὐτῷ</span> <span class='ocrx_word' id='word_1_38' title='bbox 801 941 1119 1011; x_wconf 76' lang='grc' dir='ltr'>φαίνεσθαι,</span> <span class='ocrx_word' id='word_1_39' title='bbox 1153 940 1296 996; x_wconf 76' lang='grc' dir='ltr'>κατὰ</span> <span class='ocrx_word' id='word_1_40' title='bbox 1336 940 1417 1003; x_wconf 80' lang='grc' dir='ltr'><strong>τὸ,</strong></span> <span class='ocrx_word' id='word_1_41' title='bbox 1466 958 1484 992; x_wconf 76' lang='grc' dir='ltr'><strong>ι</strong></span> <span class='ocrx_word' id='word_1_42' title='bbox 1505 939 1566 990; x_wconf 84' lang='lat'><strong>&#39;0</strong></span> <span class='ocrx_word' id='word_1_43' title='bbox 1617 938 1794 1008; x_wconf 77' lang='grc' dir='ltr'>ἑωρα-</span> 
     </span>
    </p>
   </div>
   <div class='ocr_carea' id='block_1_8' title="bbox 208 1030 1792 1105">
    <p class='ocr_par' dir='ltr' id='par_1_8' title="bbox 208 1030 1792 1105">
     <span class='ocr_line' id='line_1_8' title="bbox 208 1030 1792 1105; baseline 0.002 -24"><span class='ocrx_word' id='word_1_44' title='bbox 208 1030 298 1094; x_wconf 76' lang='grc' dir='ltr'>κὼς</span> <span class='ocrx_word' id='word_1_45' title='bbox 323 1032 442 1102; x_wconf 60' lang='lat' dir='ltr'><strong>ita,</strong></span> <span class='ocrx_word' id='word_1_46' title='bbox 477 1032 701 1105; x_wconf 65' lang='grc' dir='ltr'>ὶώρακε</span> <span class='ocrx_word' id='word_1_47' title='bbox 739 1034 844 1088; x_wconf 71' lang='grc' dir='ltr'><strong>καὶ</strong></span> <span class='ocrx_word' id='word_1_48' title='bbox 872 1034 968 1088; x_wconf 80' lang='grc' dir='ltr'>τὸν</span> <span class='ocrx_word' id='word_1_49' title='bbox 995 1033 1240 1104; x_wconf 77' lang='grc' dir='ltr'><strong>Πατέρα,</strong></span> <span class='ocrx_word' id='word_1_50' title='bbox 1277 1052 1295 1087; x_wconf 80' lang='grc' dir='ltr'><strong>ι</strong></span> <span class='ocrx_word' id='word_1_51' title='bbox 1346 1033 1562 1104; x_wconf 80' lang='grc' dir='ltr'><strong>ἀνάγκη</strong></span> <span class='ocrx_word' id='word_1_52' title='bbox 1589 1030 1792 1100; x_wconf 80' lang='grc' dir='ltr'>λέγειν,</span> 
     </span>
    </p>
   </div>
   <div class='ocr_carea' id='block_1_9' title="bbox 216 1120 1788 1196">
    <p class='ocr_par' dir='ltr' id='par_1_9' title="bbox 216 1120 1788 1196">
     <span class='ocr_line' id='line_1_9' title="bbox 216 1120 1788 1196; baseline 0.002 -21"><span class='ocrx_word' id='word_1_53' title='bbox 216 1123 445 1195; x_wconf 77' lang='grc' dir='ltr'>ἁγίνητον</span> <span class='ocrx_word' id='word_1_54' title='bbox 477 1120 618 1180; x_wconf 73' lang='grc' dir='ltr'>εἶναι</span> <span class='ocrx_word' id='word_1_55' title='bbox 644 1125 743 1183; x_wconf 73' lang='grc' dir='ltr'><strong>τὸν</strong></span> <span class='ocrx_word' id='word_1_56' title='bbox 775 1127 840 1192; x_wconf 67' lang='grc' dir='ltr'><strong>ἐξ</strong></span> <span class='ocrx_word' id='word_1_57' title='bbox 867 1127 1137 1196; x_wconf 78' lang='grc' dir='ltr'>ἀγενήτου</span> <span class='ocrx_word' id='word_1_58' title='bbox 1169 1123 1502 1196; x_wconf 75' lang='grc' dir='ltr'>προελθόντα</span> <span class='ocrx_word' id='word_1_59' title='bbox 1533 1122 1749 1194; x_wconf 78' lang='grc' dir='ltr'>Πατρός</span> <span class='ocrx_word' id='word_1_60' title='bbox 1774 1138 1788 1152; x_wconf 75' lang='grc'><strong>⁸</strong></span> 
     </span>
    </p>
   </div>
   <div class='ocr_carea' id='block_1_10' title="bbox 225 1214 1791 1290">
    <p class='ocr_par' dir='ltr' id='par_1_10' title="bbox 225 1214 1791 1290">
     <span class='ocr_line' id='line_1_10' title="bbox 225 1214 1791 1290; baseline 0 -23"><span class='ocrx_word' id='word_1_61' title='bbox 225 1215 324 1270; x_wconf 69' lang='grc' dir='ltr'>ἐπεὶ</span> <span class='ocrx_word' id='word_1_62' title='bbox 348 1217 458 1282; x_wconf 69' lang='lat' dir='ltr'><strong>tuin;</strong></span> <span class='ocrx_word' id='word_1_63' title='bbox 489 1218 553 1272; x_wconf 74' lang='grc' dir='ltr'>ἂν</span> <span class='ocrx_word' id='word_1_64' title='bbox 582 1219 642 1272; x_wconf 74' lang='grc' dir='ltr'>ὲν</span> <span class='ocrx_word' id='word_1_65' title='bbox 661 1214 743 1290; x_wconf 74' lang='grc' dir='ltr'>τῷ</span> <span class='ocrx_word' id='word_1_66' title='bbox 770 1217 994 1289; x_wconf 85' lang='grc' dir='ltr'><strong>γενητῷ</strong></span> <span class='ocrx_word' id='word_1_67' title='bbox 1022 1217 1212 1288; x_wconf 78' lang='grc' dir='ltr'><strong>ὀφθείη</strong></span> <span class='ocrx_word' id='word_1_68' title='bbox 1245 1216 1377 1270; x_wconf 75' lang='grc' dir='ltr'>ποτὲ</span> <span class='ocrx_word' id='word_1_69' title='bbox 1405 1215 1466 1270; x_wconf 80' lang='grc' dir='ltr'><strong>τὸ</strong></span> <span class='ocrx_word' id='word_1_70' title='bbox 1493 1215 1791 1285; x_wconf 77' lang='grc' dir='ltr'>ἀγένητον;</span> 
     </span>
    </p>
   </div>
   <div class='ocr_carea' id='block_1_11' title="bbox 228 1305 1792 1382">
    <p class='ocr_par' dir='ltr' id='par_1_11' title="bbox 228 1305 1792 1382">
     <span class='ocr_line' id='line_1_11' title="bbox 228 1305 1792 1382; baseline -0.004 -16"><span class='ocrx_word' id='word_1_71' title='bbox 228 1308 283 1366; x_wconf 71' lang='lat' dir='ltr'><strong>Ei</strong></span> <span class='ocrx_word' id='word_1_72' title='bbox 302 1308 398 1381; x_wconf 78' lang='grc' dir='ltr'>γὰρ</span> <span class='ocrx_word' id='word_1_73' title='bbox 426 1310 485 1365; x_wconf 73' lang='grc' dir='ltr'>τὸ</span> <span class='ocrx_word' id='word_1_74' title='bbox 511 1310 826 1382; x_wconf 77' lang='grc' dir='ltr'>ἀρχέτυπον</span> <span class='ocrx_word' id='word_1_75' title='bbox 846 1313 912 1372; x_wconf 77' lang='grc' dir='ltr'>ὲν,</span> <span class='ocrx_word' id='word_1_76' title='bbox 930 1310 1010 1381; x_wconf 81' lang='grc' dir='ltr'><strong>τῷ</strong></span> <span class='ocrx_word' id='word_1_77' title='bbox 1038 1307 1614 1382; x_wconf 68' lang='grc' dir='ltr'>μιμήματιφαίνοιτο,</span> <span class='ocrx_word' id='word_1_78' title='bbox 1638 1305 1792 1360; x_wconf 74' lang='grc' dir='ltr'>ἔσται</span> 
     </span>
    </p>
   </div>
   <div class='ocr_carea' id='block_1_12' title="bbox 233 1396 1790 1473">
    <p class='ocr_par' dir='ltr' id='par_1_12' title="bbox 233 1396 1790 1473">
     <span class='ocr_line' id='line_1_12' title="bbox 233 1396 1790 1473; baseline -0.003 -19"><span class='ocrx_word' id='word_1_79' title='bbox 233 1403 418 1466; x_wconf 49' lang='lat' dir='ltr'><strong>sinat;</strong></span> <span class='ocrx_word' id='word_1_80' title='bbox 440 1403 578 1456; x_wconf 73' lang='grc' dir='ltr'>κατὰ</span> <span class='ocrx_word' id='word_1_81' title='bbox 606 1402 765 1456; x_wconf 83' lang='grc' dir='ltr'>τοῦτο</span> <span class='ocrx_word' id='word_1_82' title='bbox 797 1402 1192 1473; x_wconf 79' lang='grc' dir='ltr'>κάκεῖνο.”ορα</span> <span class='ocrx_word' id='word_1_83' title='bbox 1226 1400 1407 1469; x_wconf 79' lang='grc' dir='ltr'>λέγειν</span> <span class='ocrx_word' id='word_1_84' title='bbox 1435 1396 1530 1452; x_wconf 77' lang='grc' dir='ltr'>οὖν</span> <span class='ocrx_word' id='word_1_85' title='bbox 1563 1397 1790 1468; x_wconf 73' lang='grc' dir='ltr'>γενητὸν</span> 
     </span>
    </p>
   </div>
   <div class='ocr_carea' id='block_1_13' title="bbox 228 1488 1790 1568">
    <p class='ocr_par' dir='ltr' id='par_1_13' title="bbox 228 1488 1790 1568">
     <span class='ocr_line' id='line_1_13' title="bbox 228 1488 1790 1568; baseline -0.003 -22"><span class='ocrx_word' id='word_1_86' title='bbox 228 1488 350 1548; x_wconf 67' lang='grc' dir='ltr'>εἶναι</span> <span class='ocrx_word' id='word_1_87' title='bbox 383 1497 468 1550; x_wconf 72' lang='grc' dir='ltr'>καὶ</span> <span class='ocrx_word' id='word_1_88' title='bbox 494 1496 582 1556; x_wconf 78' lang='grc' dir='ltr'>τὸν</span> <span class='ocrx_word' id='word_1_89' title='bbox 608 1496 855 1568; x_wconf 83' lang='grc' dir='ltr'>Πατέρα,</span> <span class='ocrx_word' id='word_1_90' title='bbox 887 1496 1014 1551; x_wconf 76' lang='grc' dir='ltr'>καθ’</span> <span class='ocrx_word' id='word_1_91' title='bbox 1042 1496 1102 1550; x_wconf 81' lang='grc' dir='ltr'>ὃν</span> <span class='ocrx_word' id='word_1_92' title='bbox 1127 1496 1161 1567; x_wconf 78' lang='grc' dir='ltr'><strong>ἡ</strong></span> <span class='ocrx_word' id='word_1_93' title='bbox 1191 1492 1356 1548; x_wconf 77' lang='grc' dir='ltr'>εἰκὼν</span> <span class='ocrx_word' id='word_1_94' title='bbox 1381 1488 1700 1564; x_wconf 74' lang='grc' dir='ltr'>ὲμορςρώθη.</span> <span class='ocrx_word' id='word_1_95' title='bbox 1724 1490 1790 1543; x_wconf 82' lang='lat' dir='ltr'><strong>Ei</strong></span> 
     </span>
    </p>
   </div>
   <div class='ocr_carea' id='block_1_14' title="bbox 224 1582 1791 1658">
    <p class='ocr_par' dir='ltr' id='par_1_14' title="bbox 224 1582 1791 1658">
     <span class='ocr_line' id='line_1_14' title="bbox 224 1582 1791 1658; baseline -0.003 -18"><span class='ocrx_word' id='word_1_96' title='bbox 224 1587 274 1640; x_wconf 72' lang='grc' dir='ltr'><strong>δὲ</strong></span> <span class='ocrx_word' id='word_1_97' title='bbox 297 1587 438 1642; x_wconf 74' lang='grc' dir='ltr'>τοῦτο</span> <span class='ocrx_word' id='word_1_98' title='bbox 462 1590 678 1655; x_wconf 72' lang='grc' dir='ltr'>ἄτοπον,</span> <span class='ocrx_word' id='word_1_99' title='bbox 711 1589 865 1645; x_wconf 71' lang='grc' dir='ltr'>ἔσται</span> <span class='ocrx_word' id='word_1_100' title='bbox 893 1590 1115 1653; x_wconf 76' lang='grc' dir='ltr'>πάντως</span> <span class='ocrx_word' id='word_1_101' title='bbox 1145 1586 1417 1658; x_wconf 75' lang='grc' dir='ltr'>ἁγενήτου</span> <span class='ocrx_word' id='word_1_102' title='bbox 1441 1584 1502 1640; x_wconf 79' lang='grc' dir='ltr'>τὸ</span> <span class='ocrx_word' id='word_1_103' title='bbox 1524 1582 1791 1654; x_wconf 81' lang='grc' dir='ltr'>ἀγένητον</span> 
     </span>
    </p>
   </div>
   <div class='ocr_carea' id='block_1_15' title="bbox 223 1697 389 1737">
    <p class='ocr_par' dir='ltr' id='par_1_15' title="bbox 223 1697 389 1737">
     <span class='ocr_line' id='line_1_15' title="bbox 223 1697 389 1737; baseline 0.012 -2"><span class='ocrx_word' id='word_1_104' title='bbox 223 1697 389 1737; x_wconf 78' lang='grc' dir='ltr'>ιικων.</span> 
     </span>
    </p>
   </div>
   <div class='ocr_carea' id='block_1_16' title="bbox 886 1859 1092 1914">
    <p class='ocr_par' dir='ltr' id='par_1_16' title="bbox 886 1859 1092 1914">
     <span class='ocr_line' id='line_1_16' title="bbox 886 1859 1092 1914; baseline 0.01 -2"><span class='ocrx_word' id='word_1_105' title='bbox 886 1859 1092 1914; x_wconf 61' lang='grc' dir='ltr'><strong>ΑΛΛΟ»</strong></span> 
     </span>
    </p>
   </div>
   <div class='ocr_carea' id='block_1_17' title="bbox 1905 655 2774 724">
    <p class='ocr_par' dir='ltr' id='par_1_17' title="bbox 1905 655 2774 724">
     <span class='ocr_line' id='line_1_17' title="bbox 1905 655 2774 724; baseline -0.006 -10"><span class='ocrx_word' id='word_1_106' title='bbox 1905 674 2097 715; x_wconf 82' lang='lat' dir='ltr'><strong>rursus</strong></span> <span class='ocrx_word' id='word_1_107' title='bbox 2124 656 2395 714; x_wconf 84' lang='lat' dir='ltr'><strong>Deitatem</strong></span> <span class='ocrx_word' id='word_1_108' title='bbox 2429 655 2774 724; x_wconf 86' lang='lat' dir='ltr'><strong>constringit.</strong></span> 
     </span>
    </p>
   </div>
   <div class='ocr_carea' id='block_1_18' title="bbox 2594 744 2828 802">
    <p class='ocr_par' dir='ltr' id='par_1_18' title="bbox 2594 744 2828 802">
     <span class='ocr_line' id='line_1_18' title="bbox 2594 744 2828 802; baseline 0.004 -1"><span class='ocrx_word' id='word_1_109' title='bbox 2594 744 2828 802; x_wconf 80' lang='lat' dir='ltr'><strong>ALIUD.</strong></span> 
     </span>
    </p>
   </div>
   <div class='ocr_carea' id='block_1_19' title="bbox 1976 833 3504 906">
    <p class='ocr_par' dir='ltr' id='par_1_19' title="bbox 1976 833 3504 906">
     <span class='ocr_line' id='line_1_19' title="bbox 1976 833 3504 906; baseline -0.007 -9"><span class='ocrx_word' id='word_1_110' title='bbox 1976 840 2032 898; x_wconf 89' lang='lat' dir='ltr'><strong>Si</strong></span> <span class='ocrx_word' id='word_1_111' title='bbox 2059 840 2238 897; x_wconf 86' lang='lat' dir='ltr'><strong>Filius</strong></span> <span class='ocrx_word' id='word_1_112' title='bbox 2271 848 2358 896; x_wconf 87' lang='lat' dir='ltr'><strong>est</strong></span> <span class='ocrx_word' id='word_1_113' title='bbox 2404 835 2871 896; x_wconf 79' lang='lat' dir='ltr'><strong>incommutabilis</strong></span> <span class='ocrx_word' id='word_1_114' title='bbox 2901 833 3080 890; x_wconf 77' lang='lat' dir='ltr'><strong>Patris</strong></span> <span class='ocrx_word' id='word_1_115' title='bbox 3120 833 3324 906; x_wconf 86' lang='lat' dir='ltr'><strong>imago,</strong></span> <span class='ocrx_word' id='word_1_116' title='bbox 3367 834 3504 888; x_wconf 83' lang='lat' dir='ltr'><strong>adeo</strong></span> 
     </span>
    </p>
   </div>
   <div class='ocr_carea' id='block_1_20' title="bbox 1904 926 3501 1003">
    <p class='ocr_par' dir='ltr' id='par_1_20' title="bbox 1904 926 3501 1003">
     <span class='ocr_line' id='line_1_20' title="bbox 1904 926 3501 1003; baseline -0.006 -12"><span class='ocrx_word' id='word_1_117' title='bbox 1904 947 1963 992; x_wconf 89' lang='lat' dir='ltr'><strong>ut</strong></span> <span class='ocrx_word' id='word_1_118' title='bbox 1989 935 2149 991; x_wconf 80' lang='lat' dir='ltr'><strong>Pater</strong></span> <span class='ocrx_word' id='word_1_119' title='bbox 2177 935 2229 990; x_wconf 88' lang='lat' dir='ltr'><strong>in</strong></span> <span class='ocrx_word' id='word_1_120' title='bbox 2261 933 2401 990; x_wconf 90' lang='lat' dir='ltr'><strong>Filio</strong></span> <span class='ocrx_word' id='word_1_121' title='bbox 2435 939 2720 1003; x_wconf 79' lang='lat' dir='ltr'><strong>appareat,</strong></span> <span class='ocrx_word' id='word_1_122' title='bbox 2740 929 2884 986; x_wconf 87' lang='lat' dir='ltr'><strong>sicut</strong></span> <span class='ocrx_word' id='word_1_123' title='bbox 2913 928 3181 998; x_wconf 90' lang='lat' dir='ltr'><strong>scriptum</strong></span> <span class='ocrx_word' id='word_1_124' title='bbox 3209 927 3365 984; x_wconf 64' lang='grc' dir='ltr'>ωτι</span> <span class='ocrx_word' id='word_1_125' title='bbox 3396 926 3501 994; x_wconf 84' lang='lat' dir='ltr'><strong>Qui</strong></span> 
     </span>
    </p>
   </div>
   <div class='ocr_carea' id='block_1_21' title="bbox 1901 1018 3502 1095">
    <p class='ocr_par' dir='ltr' id='par_1_21' title="bbox 1901 1018 3502 1095">
     <span class='ocr_line' id='line_1_21' title="bbox 1901 1018 3502 1095; baseline -0.006 -10"><span class='ocrx_word' id='word_1_126' title='bbox 1901 1030 2048 1085; x_wconf 82' lang='lat' dir='ltr'><strong>videt</strong></span> <span class='ocrx_word' id='word_1_127' title='bbox 2077 1043 2189 1095; x_wconf 90' lang='lat' dir='ltr'><strong>me,</strong></span> <span class='ocrx_word' id='word_1_128' title='bbox 2219 1027 2367 1083; x_wconf 92' lang='lat' dir='ltr'><strong>videt</strong></span> <span class='ocrx_word' id='word_1_129' title='bbox 2405 1035 2462 1081; x_wconf 89' lang='lat' dir='ltr'><strong>et</strong></span> <span class='ocrx_word' id='word_1_130' title='bbox 2490 1025 2705 1080; x_wconf 87' lang='lat' dir='ltr'><strong>Patrem</strong></span> <span class='ocrx_word' id='word_1_131' title='bbox 2736 1023 2780 1091; x_wconf 83' lang='lat'><strong>°,</strong></span> <span class='ocrx_word' id='word_1_132' title='bbox 2823 1043 2841 1076; x_wconf 83' lang='grc' dir='ltr'><strong>ι</strong></span> <span class='ocrx_word' id='word_1_133' title='bbox 2872 1035 3100 1077; x_wconf 90' lang='lat' dir='ltr'><strong>necesse</strong></span> <span class='ocrx_word' id='word_1_134' title='bbox 3131 1021 3356 1076; x_wconf 89' lang='lat' dir='ltr'><strong>omnino</strong></span> <span class='ocrx_word' id='word_1_135' title='bbox 3387 1018 3502 1075; x_wconf 79' lang='lat' dir='ltr'><strong>lue-</strong></span> 
     </span>
    </p>
   </div>
   <div class='ocr_carea' id='block_1_22' title="bbox 1904 1110 3502 1184">
    <p class='ocr_par' dir='ltr' id='par_1_22' title="bbox 1904 1110 3502 1184">
     <span class='ocr_line' id='line_1_22' title="bbox 1904 1110 3502 1184; baseline -0.007 -8"><span class='ocrx_word' id='word_1_136' title='bbox 1904 1124 1977 1178; x_wconf 88' lang='lat' dir='ltr'><strong>rit</strong></span> <span class='ocrx_word' id='word_1_137' title='bbox 2005 1121 2280 1183; x_wconf 79' lang='lat' dir='ltr'><strong>conﬁteri,</strong></span> <span class='ocrx_word' id='word_1_138' title='bbox 2319 1134 2424 1176; x_wconf 91' lang='lat' dir='ltr'><strong>non</strong></span> <span class='ocrx_word' id='word_1_139' title='bbox 2455 1131 2578 1173; x_wconf 90' lang='lat' dir='ltr'><strong>esse</strong></span> <span class='ocrx_word' id='word_1_140' title='bbox 2599 1115 2802 1172; x_wconf 82' lang='lat' dir='ltr'><strong>factum</strong></span> <span class='ocrx_word' id='word_1_141' title='bbox 2833 1129 2957 1170; x_wconf 87' lang='lat' dir='ltr'><strong>eum</strong></span> <span class='ocrx_word' id='word_1_142' title='bbox 2990 1112 3083 1184; x_wconf 86' lang='lat' dir='ltr'><strong>qui</strong></span> <span class='ocrx_word' id='word_1_143' title='bbox 3115 1127 3184 1168; x_wconf 77' lang='lat' dir='ltr'><strong>ex</strong></span> <span class='ocrx_word' id='word_1_144' title='bbox 3211 1127 3318 1168; x_wconf 93' lang='lat' dir='ltr'><strong>non</strong></span> <span class='ocrx_word' id='word_1_145' title='bbox 3353 1110 3502 1166; x_wconf 78' lang='lat' dir='ltr'><strong>facto</strong></span> 
     </span>
    </p>
   </div>
   <div class='ocr_carea' id='block_1_23' title="bbox 1899 1204 3499 1282">
    <p class='ocr_par' dir='ltr' id='par_1_23' title="bbox 1899 1204 3499 1282">
     <span class='ocr_line' id='line_1_23' title="bbox 1899 1204 3499 1282; baseline -0.007 -13"><span class='ocrx_word' id='word_1_146' title='bbox 1899 1213 2062 1270; x_wconf 86' lang='lat' dir='ltr'><strong>Patre</strong></span> <span class='ocrx_word' id='word_1_147' title='bbox 2081 1212 2345 1282; x_wconf 91' lang='lat' dir='ltr'><strong>procedit.</strong></span> <span class='ocrx_word' id='word_1_148' title='bbox 2371 1210 2489 1279; x_wconf 86' lang='lat' dir='ltr'><strong>Quo</strong></span> <span class='ocrx_word' id='word_1_149' title='bbox 2521 1218 2682 1280; x_wconf 84' lang='lat' dir='ltr'><strong>pacto</strong></span> <span class='ocrx_word' id='word_1_150' title='bbox 2708 1209 2854 1263; x_wconf 88' lang='lat' dir='ltr'><strong>enim</strong></span> <span class='ocrx_word' id='word_1_151' title='bbox 2885 1210 2936 1262; x_wconf 92' lang='lat' dir='ltr'><strong>in</strong></span> <span class='ocrx_word' id='word_1_152' title='bbox 2979 1205 3128 1268; x_wconf 78' lang='lat' dir='ltr'><strong>facto</strong></span> <span class='ocrx_word' id='word_1_153' title='bbox 3161 1212 3424 1276; x_wconf 81' lang='lat' dir='ltr'><strong>appareat</strong></span> <span class='ocrx_word' id='word_1_154' title='bbox 3449 1204 3499 1259; x_wconf 90' lang='lat' dir='ltr'><strong>id</strong></span> 
     </span>
    </p>
   </div>
   <div class='ocr_carea' id='block_1_24' title="bbox 1901 1297 3502 1379">
    <p class='ocr_par' dir='ltr' id='par_1_24' title="bbox 1901 1297 3502 1379">
     <span class='ocr_line' id='line_1_24' title="bbox 1901 1297 3502 1379; baseline -0.007 -16"><span class='ocrx_word' id='word_1_155' title='bbox 1901 1309 2047 1379; x_wconf 82' lang='lat' dir='ltr'><strong>quod</strong></span> <span class='ocrx_word' id='word_1_156' title='bbox 2080 1306 2280 1361; x_wconf 80' lang='lat' dir='ltr'><strong>factum</strong></span> <span class='ocrx_word' id='word_1_157' title='bbox 2316 1319 2422 1359; x_wconf 91' lang='lat' dir='ltr'><strong>non</strong></span> <span class='ocrx_word' id='word_1_158' title='bbox 2451 1301 2581 1359; x_wconf 89' lang='lat' dir='ltr'><strong>est?</strong></span> <span class='ocrx_word' id='word_1_159' title='bbox 2614 1301 2751 1357; x_wconf 82' lang='lat' dir='ltr'><strong>Nam</strong></span> <span class='ocrx_word' id='word_1_160' title='bbox 2779 1301 2824 1357; x_wconf 93' lang='lat' dir='ltr'><strong>si</strong></span> <span class='ocrx_word' id='word_1_161' title='bbox 2864 1300 3223 1370; x_wconf 78' lang='lat' dir='ltr'><strong>archetypum</strong></span> <span class='ocrx_word' id='word_1_162' title='bbox 3273 1298 3326 1352; x_wconf 91' lang='lat' dir='ltr'><strong>in</strong></span> <span class='ocrx_word' id='word_1_163' title='bbox 3365 1297 3502 1352; x_wconf 74' lang='lat' dir='ltr'><strong>imo-</strong></span> 
     </span>
    </p>
   </div>
   <div class='ocr_carea' id='block_1_25' title="bbox 1900 1387 3499 1473">
    <p class='ocr_par' dir='ltr' id='par_1_25' title="bbox 1900 1387 3499 1473">
     <span class='ocr_line' id='line_1_25' title="bbox 1900 1387 3499 1473; baseline -0.008 -19"><span class='ocrx_word' id='word_1_164' title='bbox 1900 1402 2033 1473; x_wconf 87' lang='lat' dir='ltr'><strong>gine</strong></span> <span class='ocrx_word' id='word_1_165' title='bbox 2054 1408 2337 1471; x_wconf 88' lang='lat' dir='ltr'><strong>appareat,</strong></span> <span class='ocrx_word' id='word_1_166' title='bbox 2383 1405 2611 1471; x_wconf 87' lang='lat' dir='ltr'><strong>oportet</strong></span> <span class='ocrx_word' id='word_1_167' title='bbox 2637 1403 2696 1449; x_wconf 91' lang='lat' dir='ltr'><strong>ut</strong></span> <span class='ocrx_word' id='word_1_168' title='bbox 2725 1394 2843 1448; x_wconf 62' lang='lat' dir='ltr'><strong>haec</strong></span> <span class='ocrx_word' id='word_1_169' title='bbox 2887 1391 3087 1449; x_wconf 86' lang='lat' dir='ltr'><strong>similis</strong></span> <span class='ocrx_word' id='word_1_170' title='bbox 3128 1391 3199 1446; x_wconf 84' lang='lat' dir='ltr'><strong>sit</strong></span> <span class='ocrx_word' id='word_1_171' title='bbox 3237 1389 3333 1444; x_wconf 86' lang='lat' dir='ltr'><strong>illi.</strong></span> <span class='ocrx_word' id='word_1_172' title='bbox 3387 1387 3499 1458; x_wconf 87' lang='lat' dir='ltr'><strong>0p-</strong></span> 
     </span>
    </p>
   </div>
   <div class='ocr_carea' id='block_1_26' title="bbox 1901 1481 3493 1566">
    <p class='ocr_par' dir='ltr' id='par_1_26' title="bbox 1901 1481 3493 1566">
     <span class='ocr_line' id='line_1_26' title="bbox 1901 1481 3493 1566; baseline -0.006 -20"><span class='ocrx_word' id='word_1_173' title='bbox 1901 1505 2133 1566; x_wconf 85' lang='lat' dir='ltr'><strong>portnue</strong></span> <span class='ocrx_word' id='word_1_174' title='bbox 2177 1492 2362 1562; x_wconf 79' lang='lat' dir='ltr'><strong>itaque</strong></span> <span class='ocrx_word' id='word_1_175' title='bbox 2405 1491 2512 1545; x_wconf 92' lang='lat' dir='ltr'><strong>dici</strong></span> <span class='ocrx_word' id='word_1_176' title='bbox 2565 1495 2744 1558; x_wconf 80' lang='lat' dir='ltr'><strong>posset</strong></span> <span class='ocrx_word' id='word_1_177' title='bbox 2790 1487 2957 1542; x_wconf 88' lang='lat' dir='ltr'><strong>etiam</strong></span> <span class='ocrx_word' id='word_1_178' title='bbox 3011 1484 3228 1540; x_wconf 84' lang='lat' dir='ltr'><strong>Patrem</strong></span> <span class='ocrx_word' id='word_1_179' title='bbox 3287 1481 3493 1537; x_wconf 80' lang='lat' dir='ltr'><strong>factum</strong></span> 
     </span>
    </p>
   </div>
   <div class='ocr_carea' id='block_1_27' title="bbox 1899 1571 3500 1653">
    <p class='ocr_par' dir='ltr' id='par_1_27' title="bbox 1899 1571 3500 1653">
     <span class='ocr_line' id='line_1_27' title="bbox 1899 1571 3500 1653; baseline -0.01 -10"><span class='ocrx_word' id='word_1_180' title='bbox 1899 1601 2047 1651; x_wconf 83' lang='lat' dir='ltr'><strong>esse,</strong></span> <span class='ocrx_word' id='word_1_181' title='bbox 2081 1584 2144 1640; x_wconf 85' lang='lat' dir='ltr'><strong>ad</strong></span> <span class='ocrx_word' id='word_1_182' title='bbox 2169 1597 2330 1653; x_wconf 83' lang='lat' dir='ltr'><strong>quem</strong></span> <span class='ocrx_word' id='word_1_183' title='bbox 2369 1581 2548 1649; x_wconf 77' lang='lat' dir='ltr'><strong>imago</strong></span> <span class='ocrx_word' id='word_1_184' title='bbox 2579 1581 2815 1653; x_wconf 77' lang='lat' dir='ltr'><strong>formata</strong></span> <span class='ocrx_word' id='word_1_185' title='bbox 2846 1584 2950 1632; x_wconf 89' lang='lat' dir='ltr'><strong>est.</strong></span> <span class='ocrx_word' id='word_1_186' title='bbox 2985 1576 3058 1630; x_wconf 81' lang='lat' dir='ltr'><strong>At</strong></span> <span class='ocrx_word' id='word_1_187' title='bbox 3097 1589 3221 1630; x_wconf 89' lang='lat' dir='ltr'><strong>cum</strong></span> <span class='ocrx_word' id='word_1_188' title='bbox 3257 1573 3364 1628; x_wconf 80' lang='lat' dir='ltr'><strong>ltoc</strong></span> <span class='ocrx_word' id='word_1_189' title='bbox 3404 1571 3500 1627; x_wconf 86' lang='lat' dir='ltr'><strong>ab-</strong></span> 
     </span>
    </p>
   </div>
   <div class='ocr_carea' id='block_1_28' title="bbox 1899 1666 3501 1745">
    <p class='ocr_par' dir='ltr' id='par_1_28' title="bbox 1899 1666 3501 1745">
     <span class='ocr_line' id='line_1_28' title="bbox 1899 1666 3501 1745; baseline -0.008 -10"><span class='ocrx_word' id='word_1_190' title='bbox 1899 1681 2124 1735; x_wconf 87' lang='lat' dir='ltr'><strong>surdum</strong></span> <span class='ocrx_word' id='word_1_191' title='bbox 2161 1680 2250 1745; x_wconf 89' lang='lat' dir='ltr'><strong>sit,</strong></span> <span class='ocrx_word' id='word_1_192' title='bbox 2299 1677 2404 1733; x_wconf 92' lang='lat' dir='ltr'><strong>erit</strong></span> <span class='ocrx_word' id='word_1_193' title='bbox 2438 1676 2666 1732; x_wconf 86' lang='lat' dir='ltr'><strong>omnino</strong></span> <span class='ocrx_word' id='word_1_194' title='bbox 2714 1673 2894 1744; x_wconf 81' lang='lat' dir='ltr'><strong>imago</strong></span> <span class='ocrx_word' id='word_1_195' title='bbox 2921 1686 3028 1728; x_wconf 91' lang='lat' dir='ltr'><strong>non</strong></span> <span class='ocrx_word' id='word_1_196' title='bbox 3070 1669 3200 1727; x_wconf 80' lang='lat' dir='ltr'><strong>lacti</strong></span> <span class='ocrx_word' id='word_1_197' title='bbox 3243 1666 3501 1726; x_wconf 82' lang='lat' dir='ltr'><strong>similiter</strong></span> 
     </span>
    </p>
   </div>
   <div class='ocr_carea' id='block_1_29' title="bbox 1901 1774 2335 1836">
    <p class='ocr_par' dir='ltr' id='par_1_29' title="bbox 1901 1774 2335 1836">
     <span class='ocr_line' id='line_1_29' title="bbox 1901 1774 2335 1836; baseline -0.002 -7"><span class='ocrx_word' id='word_1_198' title='bbox 1901 1791 2006 1830; x_wconf 90' lang='lat' dir='ltr'><strong>non</strong></span> <span class='ocrx_word' id='word_1_199' title='bbox 2041 1774 2204 1829; x_wconf 79' lang='lat' dir='ltr'><strong>facta.</strong></span> <span class='ocrx_word' id='word_1_200' title='bbox 2309 1819 2335 1836; x_wconf 48' lang='grc' dir='ltr'><strong>χ</strong></span> 
     </span>
    </p>
   </div>
   <div class='ocr_carea' id='block_1_30' title="bbox 2584 1857 2816 1918">
    <p class='ocr_par' dir='ltr' id='par_1_30' title="bbox 2584 1857 2816 1918">
     <span class='ocr_line' id='line_1_30' title="bbox 2584 1857 2816 1918; baseline -0.004 -1"><span class='ocrx_word' id='word_1_201' title='bbox 2584 1857 2816 1918; x_wconf 74' lang='lat' dir='ltr'><strong>ALIUD.</strong></span> 
     </span>
    </p>
   </div>
   <div class='ocr_carea' id='block_1_31' title="bbox 292 1943 1780 2027">
    <p class='ocr_par' dir='ltr' id='par_1_31' title="bbox 292 1944 1780 2025">
     <span class='ocr_line' id='line_1_31' title="bbox 292 1944 1780 2025; baseline -0.005 -18"><span class='ocrx_word' id='word_1_202' title='bbox 292 1952 346 2008; x_wconf 80' lang='grc' dir='ltr'>’θ</span> <span class='ocrx_word' id='word_1_203' title='bbox 367 1952 626 2025; x_wconf 71' lang='grc' dir='ltr'>μακάριος</span> <span class='ocrx_word' id='word_1_204' title='bbox 649 1949 856 2024; x_wconf 69' lang='grc' dir='ltr'>Μωσῆς</span> <span class='ocrx_word' id='word_1_205' title='bbox 875 1951 985 2024; x_wconf 61' lang='lat' dir='ltr'><strong>rip;-</strong></span> <span class='ocrx_word' id='word_1_206' title='bbox 996 1949 1092 2004; x_wconf 83' lang='grc' dir='ltr'><strong>τοῦ</strong></span> <span class='ocrx_word' id='word_1_207' title='bbox 1118 1947 1411 2021; x_wconf 80' lang='grc' dir='ltr'>ἀνθρώπου</span> <span class='ocrx_word' id='word_1_208' title='bbox 1439 1944 1780 2018; x_wconf 80' lang='grc' dir='ltr'>κατασκευὴν</span> 
     </span>
    </p>
   </div>
   <div class='ocr_carea' id='block_1_32' title="bbox 1892 1943 3498 2027">
    <p class='ocr_par' dir='ltr' id='par_1_32' title="bbox 1965 1947 3498 2027">
     <span class='ocr_line' id='line_1_32' title="bbox 1965 1947 3498 2027; baseline -0.007 -17"><span class='ocrx_word' id='word_1_209' title='bbox 1965 1956 2169 2014; x_wconf 78' lang='lat' dir='ltr'><strong>Beatus</strong></span> <span class='ocrx_word' id='word_1_210' title='bbox 2193 1955 2285 2012; x_wconf 83' lang='lat' dir='ltr'><strong>ille</strong></span> <span class='ocrx_word' id='word_1_211' title='bbox 2315 1954 2530 2027; x_wconf 75' lang='lat' dir='ltr'><strong>Moyses</strong></span> <span class='ocrx_word' id='word_1_212' title='bbox 2564 1953 2905 2009; x_wconf 86' lang='lat' dir='ltr'><strong>creationem</strong></span> <span class='ocrx_word' id='word_1_213' title='bbox 2951 1947 3191 2006; x_wconf 85' lang='lat' dir='ltr'><strong>hominis</strong></span> <span class='ocrx_word' id='word_1_214' title='bbox 3231 1960 3498 2003; x_wconf 84' lang='lat' dir='ltr'><strong>enarrans</strong></span> 
     </span>
    </p>
   </div>
   <div class='ocr_carea' id='block_1_33' title="bbox 214 2038 1788 2118">
    <p class='ocr_par' dir='ltr' id='par_1_33' title="bbox 214 2038 1788 2118">
     <span class='ocr_line' id='line_1_33' title="bbox 214 2038 1788 2118; baseline -0.003 -23"><span class='ocrx_word' id='word_1_215' title='bbox 214 2041 573 2114; x_wconf 55' lang='grc' dir='ltr'>ὶῂγοὲμενος,</span> <span class='ocrx_word' id='word_1_216' title='bbox 608 2043 856 2118; x_wconf 74' lang='grc' dir='ltr'><strong>εἰσφέρει</strong></span> <span class='ocrx_word' id='word_1_217' title='bbox 903 2041 1133 2109; x_wconf 79' lang='grc' dir='ltr'>λέγοντα</span> <span class='ocrx_word' id='word_1_218' title='bbox 1181 2038 1353 2094; x_wconf 88' lang='grc' dir='ltr'>Θεόν·</span> <span class='ocrx_word' id='word_1_219' title='bbox 1414 2057 1433 2091; x_wconf 78' lang='grc' dir='ltr'><strong>ι</strong></span> <span class='ocrx_word' id='word_1_220' title='bbox 1464 2038 1788 2108; x_wconf 70' lang='grc' dir='ltr'><strong>Ποιήσωμεν</strong></span> 
     </span>
    </p>
   </div>
   <div class='ocr_carea' id='block_1_34' title="bbox 213 2129 1781 2211">
    <p class='ocr_par' dir='ltr' id='par_1_34' title="bbox 213 2129 1781 2211">
     <span class='ocr_line' id='line_1_34' title="bbox 213 2129 1781 2211; baseline -0.007 -18"><span class='ocrx_word' id='word_1_221' title='bbox 213 2137 476 2211; x_wconf 70' lang='grc' dir='ltr'>ἄνθρωπον</span> <span class='ocrx_word' id='word_1_222' title='bbox 501 2137 620 2193; x_wconf 74' lang='grc' dir='ltr'>κατ’</span> <span class='ocrx_word' id='word_1_223' title='bbox 638 2138 824 2191; x_wconf 74' lang='grc' dir='ltr'>εἰκόνα</span> <span class='ocrx_word' id='word_1_224' title='bbox 852 2136 1136 2207; x_wconf 79' lang='grc' dir='ltr'>ἡμετέραν</span> <span class='ocrx_word' id='word_1_225' title='bbox 1167 2134 1264 2188; x_wconf 74' lang='grc' dir='ltr'>καὶ</span> <span class='ocrx_word' id='word_1_226' title='bbox 1293 2129 1418 2186; x_wconf 75' lang='grc' dir='ltr'>καθ’</span> <span class='ocrx_word' id='word_1_227' title='bbox 1439 2130 1698 2202; x_wconf 82' lang='grc' dir='ltr'>ὁμοίωσιν</span> <span class='ocrx_word' id='word_1_228' title='bbox 1719 2146 1733 2161; x_wconf 89' lang='grc'><strong>·</strong></span> <span class='ocrx_word' id='word_1_229' title='bbox 1761 2146 1781 2182; x_wconf 76' lang='grc' dir='ltr'><strong>ι</strong></span> 
     </span>
    </p>
   </div>
   <div class='ocr_carea' id='block_1_35' title="bbox 209 2218 1787 2300">
    <p class='ocr_par' dir='ltr' id='par_1_35' title="bbox 209 2218 1787 2300">
     <span class='ocr_line' id='line_1_35' title="bbox 209 2218 1787 2300; baseline -0.006 -18"><span class='ocrx_word' id='word_1_230' title='bbox 209 2230 270 2282; x_wconf 69' lang='grc' dir='ltr'>ἐν</span> <span class='ocrx_word' id='word_1_231' title='bbox 293 2229 345 2284; x_wconf 80' lang='grc' dir='ltr'>δι</span> <span class='ocrx_word' id='word_1_232' title='bbox 388 2229 460 2300; x_wconf 82' lang='grc' dir='ltr'>τῷ</span> <span class='ocrx_word' id='word_1_233' title='bbox 498 2229 700 2298; x_wconf 84' lang='grc' dir='ltr'>λέγειν,</span> <span class='ocrx_word' id='word_1_234' title='bbox 735 2226 1068 2298; x_wconf 72' lang='grc' dir='ltr'>ἡμετέραν,</span> <span class='ocrx_word' id='word_1_235' title='bbox 1092 2223 1255 2279; x_wconf 78' lang='grc' dir='ltr'>πάλιν</span> <span class='ocrx_word' id='word_1_236' title='bbox 1282 2224 1316 2292; x_wconf 77' lang='grc' dir='ltr'><strong>ἡ</strong></span> <span class='ocrx_word' id='word_1_237' title='bbox 1353 2221 1487 2286; x_wconf 82' lang='grc' dir='ltr'>δυὰς</span> <span class='ocrx_word' id='word_1_238' title='bbox 1521 2218 1787 2292; x_wconf 81' lang='grc' dir='ltr'>σημαίνε-</span> 
     </span>
    </p>
   </div>
   <div class='ocr_carea' id='block_1_36' title="bbox 207 2311 1786 2393">
    <p class='ocr_par' dir='ltr' id='par_1_36' title="bbox 207 2311 1786 2393">
     <span class='ocr_line' id='line_1_36' title="bbox 207 2311 1786 2393; baseline -0.008 -16"><span class='ocrx_word' id='word_1_239' title='bbox 207 2337 322 2377; x_wconf 76' lang='grc' dir='ltr'>ται·</span> <span class='ocrx_word' id='word_1_240' title='bbox 375 2324 617 2385; x_wconf 80' lang='grc' dir='ltr'><strong>συνόντος</strong></span> <span class='ocrx_word' id='word_1_241' title='bbox 665 2320 912 2393; x_wconf 78' lang='grc' dir='ltr'>δηλονότι</span> <span class='ocrx_word' id='word_1_242' title='bbox 963 2320 1058 2372; x_wconf 75' lang='grc' dir='ltr'><strong>καὶ</strong></span> <span class='ocrx_word' id='word_1_243' title='bbox 1112 2313 1641 2386; x_wconf 84' lang='grc' dir='ltr'>συνθεολογουμένου</span> <span class='ocrx_word' id='word_1_244' title='bbox 1689 2311 1786 2366; x_wconf 83' lang='grc' dir='ltr'><strong>τοῦ</strong></span> 
     </span>
    </p>
   </div>
   <div class='ocr_carea' id='block_1_37' title="bbox 207 2405 1786 2488">
    <p class='ocr_par' dir='ltr' id='par_1_37' title="bbox 207 2405 1786 2488">
     <span class='ocr_line' id='line_1_37' title="bbox 207 2405 1786 2488; baseline -0.007 -18"><span class='ocrx_word' id='word_1_245' title='bbox 207 2417 353 2484; x_wconf 77' lang='grc' dir='ltr'>ἁγίου</span> <span class='ocrx_word' id='word_1_246' title='bbox 394 2415 726 2488; x_wconf 79' lang='grc' dir='ltr'>Πνεύματος.</span> <span class='ocrx_word' id='word_1_247' title='bbox 754 2414 817 2468; x_wconf 80' lang='lat' dir='ltr'><strong>Et</strong></span> <span class='ocrx_word' id='word_1_248' title='bbox 862 2413 922 2466; x_wconf 78' lang='grc' dir='ltr'><strong>δὲ</strong></span> <span class='ocrx_word' id='word_1_249' title='bbox 968 2414 1025 2466; x_wconf 86' lang='grc' dir='ltr'>ὲν</span> <span class='ocrx_word' id='word_1_250' title='bbox 1059 2412 1143 2466; x_wconf 71' lang='grc' dir='ltr'><strong>ἐνὶ</strong></span> <span class='ocrx_word' id='word_1_251' title='bbox 1171 2410 1249 2482; x_wconf 83' lang='grc' dir='ltr'>τῷ</span> <span class='ocrx_word' id='word_1_252' title='bbox 1279 2408 1614 2481; x_wconf 61' lang='grc' dir='ltr'>ἀνθρώπριή</span> <span class='ocrx_word' id='word_1_253' title='bbox 1649 2405 1786 2478; x_wconf 76' lang='grc' dir='ltr'><strong>αὐτὴ</strong></span> 
     </span>
    </p>
   </div>
   <div class='ocr_carea' id='block_1_38' title="bbox 202 2499 1787 2580">
    <p class='ocr_par' dir='ltr' id='par_1_38' title="bbox 202 2499 1787 2580">
     <span class='ocr_line' id='line_1_38' title="bbox 202 2499 1787 2580; baseline -0.004 -19"><span class='ocrx_word' id='word_1_254' title='bbox 202 2508 292 2561; x_wconf 77' lang='grc' dir='ltr'><strong>τοῦ</strong></span> <span class='ocrx_word' id='word_1_255' title='bbox 324 2509 525 2580; x_wconf 80' lang='grc' dir='ltr'>Πατρδς</span> <span class='ocrx_word' id='word_1_256' title='bbox 554 2508 650 2563; x_wconf 75' lang='grc' dir='ltr'>καὶ</span> <span class='ocrx_word' id='word_1_257' title='bbox 679 2505 776 2560; x_wconf 81' lang='grc' dir='ltr'>τοῦ</span> <span class='ocrx_word' id='word_1_258' title='bbox 813 2505 948 2560; x_wconf 88' lang='grc' dir='ltr'>Υίοῦ</span> <span class='ocrx_word' id='word_1_259' title='bbox 978 2504 1228 2574; x_wconf 84' lang='grc' dir='ltr'>φαίνεται</span> <span class='ocrx_word' id='word_1_260' title='bbox 1257 2499 1444 2568; x_wconf 75' lang='grc' dir='ltr'>εἰκὼν,</span> <span class='ocrx_word' id='word_1_261' title='bbox 1480 2501 1606 2555; x_wconf 83' lang='grc' dir='ltr'>κατ’</span> <span class='ocrx_word' id='word_1_262' title='bbox 1635 2499 1787 2554; x_wconf 79' lang='grc' dir='ltr'>οὐδὲν</span> 
     </span>
    </p>
   </div>
   <div class='ocr_carea' id='block_1_39' title="bbox 202 2589 1786 2671">
    <p class='ocr_par' dir='ltr' id='par_1_39' title="bbox 202 2589 1786 2671">
     <span class='ocr_line' id='line_1_39' title="bbox 202 2589 1786 2671; baseline -0.005 -18"><span class='ocrx_word' id='word_1_263' title='bbox 202 2601 305 2670; x_wconf 71' lang='grc' dir='ltr'><strong>ἄρα</strong></span> <span class='ocrx_word' id='word_1_264' title='bbox 357 2604 450 2671; x_wconf 79' lang='grc' dir='ltr'>τῆς</span> <span class='ocrx_word' id='word_1_265' title='bbox 495 2598 632 2670; x_wconf 77' lang='grc' dir='ltr'>πρὸς</span> <span class='ocrx_word' id='word_1_266' title='bbox 675 2596 947 2667; x_wconf 76' lang='grc' dir='ltr'><strong>ἀλλήλους</strong></span> <span class='ocrx_word' id='word_1_267' title='bbox 988 2592 1400 2648; x_wconf 79' lang='grc' dir='ltr'><strong>διαλλάττουσιν</strong></span> <span class='ocrx_word' id='word_1_268' title='bbox 1444 2589 1786 2660; x_wconf 83' lang='grc' dir='ltr'>ὁμοιότητος.</span> 
     </span>
    </p>
   </div>
   <div class='ocr_carea' id='block_1_40' title="bbox 215 2679 1786 2761">
    <p class='ocr_par' dir='ltr' id='par_1_40' title="bbox 215 2679 1786 2761">
     <span class='ocr_line' id='line_1_40' title="bbox 215 2679 1786 2761; baseline -0.008 -18"><span class='ocrx_word' id='word_1_269' title='bbox 215 2691 476 2761; x_wconf 74' lang='grc' dir='ltr'>’Ᾱνόμοιον</span> <span class='ocrx_word' id='word_1_270' title='bbox 509 2690 567 2756; x_wconf 63' lang='grc' dir='ltr'><strong>δὲ</strong></span> <span class='ocrx_word' id='word_1_271' title='bbox 609 2687 826 2760; x_wconf 84' lang='grc' dir='ltr'>γενητῷ</span> <span class='ocrx_word' id='word_1_272' title='bbox 864 2687 927 2741; x_wconf 83' lang='grc' dir='ltr'>τὸ</span> <span class='ocrx_word' id='word_1_273' title='bbox 963 2684 1256 2754; x_wconf 86' lang='grc' dir='ltr'>ἀγένητον·</span> <span class='ocrx_word' id='word_1_274' title='bbox 1289 2681 1392 2736; x_wconf 80' lang='grc' dir='ltr'>οὐκ</span> <span class='ocrx_word' id='word_1_275' title='bbox 1419 2680 1529 2752; x_wconf 82' lang='grc' dir='ltr'><strong>ἄρα</strong></span> <span class='ocrx_word' id='word_1_276' title='bbox 1557 2679 1786 2751; x_wconf 81' lang='grc' dir='ltr'><strong>γενητὸς</strong></span> 
     </span>
    </p>
   </div>
   <div class='ocr_carea' id='block_1_41' title="bbox 204 2778 1217 2855">
    <p class='ocr_par' dir='ltr' id='par_1_41' title="bbox 204 2778 1217 2855">
     <span class='ocr_line' id='line_1_41' title="bbox 204 2778 1217 2855; baseline -0.003 -19"><span class='ocrx_word' id='word_1_277' title='bbox 204 2786 230 2836; x_wconf 80' lang='grc' dir='ltr'><strong>ό</strong></span> <span class='ocrx_word' id='word_1_278' title='bbox 256 2783 392 2848; x_wconf 69' lang='grc' dir='ltr'>Υἱὸς,</span> <span class='ocrx_word' id='word_1_279' title='bbox 422 2784 506 2839; x_wconf 83' lang='grc' dir='ltr'><strong>ἴνα</strong></span> <span class='ocrx_word' id='word_1_280' title='bbox 538 2783 614 2855; x_wconf 79' lang='grc' dir='ltr'>μὴ</span> <span class='ocrx_word' id='word_1_281' title='bbox 643 2783 901 2853; x_wconf 79' lang='grc' dir='ltr'>ἀνόμοιος</span> <span class='ocrx_word' id='word_1_282' title='bbox 932 2778 1217 2848; x_wconf 70' lang='grc' dir='ltr'>φαίνηται.</span> 
     </span>
    </p>
   </div>
   <div class='ocr_carea' id='block_1_42' title="bbox 881 2872 1085 2925">
    <p class='ocr_par' dir='ltr' id='par_1_42' title="bbox 881 2872 1085 2925">
     <span class='ocr_line' id='line_1_42' title="bbox 881 2872 1085 2925; baseline 0 0"><span class='ocrx_word' id='word_1_283' title='bbox 881 2872 1085 2925; x_wconf 80' lang='grc' dir='ltr'><strong>ΔΛΛΟ.</strong></span> 
     </span>
    </p>
   </div>
   <div class='ocr_carea' id='block_1_43' title="bbox 271 2956 1786 3038">
    <p class='ocr_par' dir='ltr' id='par_1_43' title="bbox 271 2956 1786 3038">
     <span class='ocr_line' id='line_1_43' title="bbox 271 2956 1786 3038; baseline -0.009 -17"><span class='ocrx_word' id='word_1_284' title='bbox 271 2967 494 3038; x_wconf 72' lang='grc' dir='ltr'>Λέγεται</span> <span class='ocrx_word' id='word_1_285' title='bbox 536 2965 690 3038; x_wconf 74' lang='grc' dir='ltr'>παρὰ</span> <span class='ocrx_word' id='word_1_286' title='bbox 715 2965 839 3028; x_wconf 76' lang='grc' dir='ltr'>ταῖς</span> <span class='ocrx_word' id='word_1_287' title='bbox 869 2961 1045 3024; x_wconf 86' lang='grc' dir='ltr'>θείαις</span> <span class='ocrx_word' id='word_1_288' title='bbox 1080 2961 1328 3033; x_wconf 77' lang='grc' dir='ltr'>Γραφαῖς</span> <span class='ocrx_word' id='word_1_289' title='bbox 1382 2956 1786 3030; x_wconf 79' lang='grc' dir='ltr'>παντοκράτωρ</span> 
     </span>
    </p>
   </div>
   <div class='ocr_carea' id='block_1_44' title="bbox 206 3051 1790 3133">
    <p class='ocr_par' dir='ltr' id='par_1_44' title="bbox 206 3051 1790 3133">
     <span class='ocr_line' id='line_1_44' title="bbox 206 3051 1790 3133; baseline -0.007 -20"><span class='ocrx_word' id='word_1_290' title='bbox 206 3060 291 3113; x_wconf 82' lang='grc' dir='ltr'><strong>καί</strong></span> <span class='ocrx_word' id='word_1_291' title='bbox 319 3061 512 3133; x_wconf 75' lang='grc' dir='ltr'>Κύριος</span> <span class='ocrx_word' id='word_1_292' title='bbox 544 3063 572 3114; x_wconf 85' lang='grc' dir='ltr'>ὁ</span> <span class='ocrx_word' id='word_1_293' title='bbox 604 3058 831 3130; x_wconf 79' lang='grc' dir='ltr'>Πατὴρο</span> <span class='ocrx_word' id='word_1_294' title='bbox 864 3057 981 3112; x_wconf 79' lang='grc' dir='ltr'>ἀλλ’</span> <span class='ocrx_word' id='word_1_295' title='bbox 1013 3055 1112 3128; x_wconf 80' lang='grc' dir='ltr'><strong>οὐχ</strong></span> <span class='ocrx_word' id='word_1_296' title='bbox 1147 3055 1222 3120; x_wconf 88' lang='grc' dir='ltr'>ὼς</span> <span class='ocrx_word' id='word_1_297' title='bbox 1260 3054 1319 3108; x_wconf 77' lang='grc' dir='ltr'>ἓν</span> <span class='ocrx_word' id='word_1_298' title='bbox 1343 3070 1395 3107; x_wconf 89' lang='grc' dir='ltr'><strong>τι</strong></span> <span class='ocrx_word' id='word_1_299' title='bbox 1420 3051 1530 3106; x_wconf 84' lang='grc' dir='ltr'><strong>τῶν</strong></span> <span class='ocrx_word' id='word_1_300' title='bbox 1556 3067 1790 3122; x_wconf 83' lang='grc' dir='ltr'>κρατου-</span> 
     </span>
    </p>
   </div>
   <div class='ocr_carea' id='block_1_45' title="bbox 211 3143 1788 3225">
    <p class='ocr_par' dir='ltr' id='par_1_45' title="bbox 211 3143 1788 3225">
     <span class='ocr_line' id='line_1_45' title="bbox 211 3143 1788 3225; baseline -0.004 -21"><span class='ocrx_word' id='word_1_301' title='bbox 211 3153 374 3221; x_wconf 70' lang='grc' dir='ltr'>μένων</span> <span class='ocrx_word' id='word_1_302' title='bbox 407 3153 437 3224; x_wconf 77' lang='grc' dir='ltr'>ἦ</span> <span class='ocrx_word' id='word_1_303' title='bbox 469 3151 872 3225; x_wconf 82' lang='grc' dir='ltr'>κυριευομένων</span> <span class='ocrx_word' id='word_1_304' title='bbox 916 3151 1118 3203; x_wconf 80' lang='grc' dir='ltr'>νοεῖται</span> <span class='ocrx_word' id='word_1_305' title='bbox 1169 3147 1266 3201; x_wconf 82' lang='grc' dir='ltr'><strong>καὶ</strong></span> <span class='ocrx_word' id='word_1_306' title='bbox 1313 3148 1342 3200; x_wconf 77' lang='grc'>6</span> <span class='ocrx_word' id='word_1_307' title='bbox 1395 3145 1546 3209; x_wconf 75' lang='grc' dir='ltr'>Υίδς,</span> <span class='ocrx_word' id='word_1_308' title='bbox 1593 3143 1683 3198; x_wconf 79' lang='grc' dir='ltr'><strong>διὰ</strong></span> <span class='ocrx_word' id='word_1_309' title='bbox 1726 3144 1788 3198; x_wconf 85' lang='grc' dir='ltr'>τὸ</span> 
     </span>
    </p>
   </div>
   <div class='ocr_carea' id='block_1_46' title="bbox 207 3236 1785 3318">
    <p class='ocr_par' dir='ltr' id='par_1_46' title="bbox 207 3236 1785 3318">
     <span class='ocr_line' id='line_1_46' title="bbox 207 3236 1785 3318; baseline -0.006 -20"><span class='ocrx_word' id='word_1_310' title='bbox 207 3247 410 3300; x_wconf 67' lang='grc' dir='ltr'>πάντων</span> <span class='ocrx_word' id='word_1_311' title='bbox 435 3236 651 3318; x_wconf 77' lang='grc' dir='ltr'>κρατεῖν</span> <span class='ocrx_word' id='word_1_312' title='bbox 679 3261 740 3297; x_wconf 84' lang='grc' dir='ltr'><strong>τε</strong></span> <span class='ocrx_word' id='word_1_313' title='bbox 771 3243 866 3297; x_wconf 70' lang='grc' dir='ltr'><strong>καὶ</strong></span> <span class='ocrx_word' id='word_1_314' title='bbox 888 3241 1166 3314; x_wconf 81' lang='grc' dir='ltr'>κυριεύειν</span> <span class='ocrx_word' id='word_1_315' title='bbox 1191 3240 1398 3294; x_wconf 73' lang='grc' dir='ltr'>ἐκεῖνον</span> <span class='ocrx_word' id='word_1_316' title='bbox 1417 3255 1431 3271; x_wconf 76' lang='grc' dir='ltr'><strong>ο</strong></span> <span class='ocrx_word' id='word_1_317' title='bbox 1463 3239 1658 3310; x_wconf 86' lang='grc' dir='ltr'>κρατεῖ</span> <span class='ocrx_word' id='word_1_318' title='bbox 1676 3236 1785 3307; x_wconf 80' lang='grc' dir='ltr'>γὰρ</span> 
     </span>
    </p>
   </div>
   <div class='ocr_carea' id='block_1_47' title="bbox 207 3329 1785 3411">
    <p class='ocr_par' dir='ltr' id='par_1_47' title="bbox 207 3329 1785 3411">
     <span class='ocr_line' id='line_1_47' title="bbox 207 3329 1785 3411; baseline -0.006 -21"><span class='ocrx_word' id='word_1_319' title='bbox 207 3337 410 3394; x_wconf 75' lang='grc' dir='ltr'>πάντων</span> <span class='ocrx_word' id='word_1_320' title='bbox 441 3339 534 3394; x_wconf 76' lang='grc' dir='ltr'>καὶ</span> <span class='ocrx_word' id='word_1_321' title='bbox 563 3338 814 3411; x_wconf 72' lang='grc' dir='ltr'><strong>κυριεύει</strong></span> <span class='ocrx_word' id='word_1_322' title='bbox 845 3336 983 3408; x_wconf 83' lang='grc' dir='ltr'>μετὰ</span> <span class='ocrx_word' id='word_1_323' title='bbox 1015 3329 1668 3408; x_wconf 73' lang='grc' dir='ltr'>Πατρὸς,παντοκράτωρ</span> <span class='ocrx_word' id='word_1_324' title='bbox 1691 3329 1785 3383; x_wconf 73' lang='grc' dir='ltr'><strong>καὶ</strong></span> 
     </span>
    </p>
   </div>
   <div class='ocr_carea' id='block_1_48' title="bbox 206 3421 1786 3503">
    <p class='ocr_par' dir='ltr' id='par_1_48' title="bbox 206 3421 1786 3503">
     <span class='ocr_line' id='line_1_48' title="bbox 206 3421 1786 3503; baseline -0.009 -15"><span class='ocrx_word' id='word_1_325' title='bbox 206 3430 356 3494; x_wconf 72' lang='grc' dir='ltr'>αὐτὸς</span> <span class='ocrx_word' id='word_1_326' title='bbox 395 3433 650 3503; x_wconf 76' lang='grc' dir='ltr'>ὑπάρχων</span> <span class='ocrx_word' id='word_1_327' title='bbox 699 3429 797 3484; x_wconf 79' lang='grc' dir='ltr'><strong>καὶ</strong></span> <span class='ocrx_word' id='word_1_328' title='bbox 828 3427 1274 3500; x_wconf 79' lang='grc' dir='ltr'>Κύριος.Ὦσπερ</span> <span class='ocrx_word' id='word_1_329' title='bbox 1324 3421 1416 3480; x_wconf 72' lang='grc' dir='ltr'>οὖν</span> <span class='ocrx_word' id='word_1_330' title='bbox 1467 3426 1525 3477; x_wconf 81' lang='grc' dir='ltr'>ὲν</span> <span class='ocrx_word' id='word_1_331' title='bbox 1572 3421 1786 3484; x_wconf 80' lang='grc' dir='ltr'>τούτοις</span> 
     </span>
    </p>
   </div>
   <div class='ocr_carea' id='block_1_49' title="bbox 205 3512 1784 3598">
    <p class='ocr_par' dir='ltr' id='par_1_49' title="bbox 205 3512 1784 3598">
     <span class='ocr_line' id='line_1_49' title="bbox 205 3512 1784 3598; baseline -0.001 -28"><span class='ocrx_word' id='word_1_332' title='bbox 205 3519 297 3590; x_wconf 78' lang='grc' dir='ltr'><strong>οὐχ</strong></span> <span class='ocrx_word' id='word_1_333' title='bbox 327 3521 400 3584; x_wconf 78' lang='grc' dir='ltr'>ὡς</span> <span class='ocrx_word' id='word_1_334' title='bbox 431 3521 486 3575; x_wconf 76' lang='grc' dir='ltr'>ἓν</span> <span class='ocrx_word' id='word_1_335' title='bbox 513 3521 621 3576; x_wconf 82' lang='grc' dir='ltr'><strong>τῶν</strong></span> <span class='ocrx_word' id='word_1_336' title='bbox 653 3521 874 3598; x_wconf 52' lang='grc' dir='ltr'>πάντων</span> <span class='ocrx_word' id='word_1_337' title='bbox 929 3519 1077 3573; x_wconf 80' lang='grc' dir='ltr'>ἐστὶν</span> <span class='ocrx_word' id='word_1_338' title='bbox 1124 3520 1153 3572; x_wconf 85' lang='grc' dir='ltr'><strong>ό</strong></span> <span class='ocrx_word' id='word_1_339' title='bbox 1200 3517 1350 3582; x_wconf 68' lang='grc' dir='ltr'>Υἱὸς,</span> <span class='ocrx_word' id='word_1_340' title='bbox 1399 3514 1512 3570; x_wconf 78' lang='grc' dir='ltr'>ἀλλ’</span> <span class='ocrx_word' id='word_1_341' title='bbox 1543 3515 1637 3568; x_wconf 71' lang='grc' dir='ltr'><strong>ἐπὶ</strong></span> <span class='ocrx_word' id='word_1_342' title='bbox 1685 3512 1784 3584; x_wconf 79' lang='grc' dir='ltr'>τὴν</span> 
     </span>
    </p>
   </div>
   <div class='ocr_carea' id='block_1_50' title="bbox 204 3607 1780 3684">
    <p class='ocr_par' dir='ltr' id='par_1_50' title="bbox 204 3607 1780 3684">
     <span class='ocr_line' id='line_1_50' title="bbox 204 3607 1780 3684; baseline -0.01 -12"><span class='ocrx_word' id='word_1_343' title='bbox 204 3609 304 3662; x_wconf 72' lang='grc' dir='ltr'>τῶν</span> <span class='ocrx_word' id='word_1_344' title='bbox 352 3613 585 3684; x_wconf 78' lang='grc' dir='ltr'>γενητῶν</span> <span class='ocrx_word' id='word_1_345' title='bbox 633 3612 798 3684; x_wconf 83' lang='grc' dir='ltr'>φύσιν</span> <span class='ocrx_word' id='word_1_346' title='bbox 834 3612 867 3683; x_wconf 79' lang='grc' dir='ltr'>ἡ</span> <span class='ocrx_word' id='word_1_347' title='bbox 901 3610 1011 3664; x_wconf 84' lang='grc' dir='ltr'><strong>τῶν</strong></span> <span class='ocrx_word' id='word_1_348' title='bbox 1039 3610 1240 3676; x_wconf 81' lang='grc' dir='ltr'>λέξεων</span> <span class='ocrx_word' id='word_1_349' title='bbox 1271 3610 1502 3680; x_wconf 81' lang='grc' dir='ltr'>δύναμις</span> <span class='ocrx_word' id='word_1_350' title='bbox 1531 3607 1780 3678; x_wconf 80' lang='grc' dir='ltr'>φέρεται,</span> 
     </span>
    </p>
   </div>
   <div class='ocr_carea' id='block_1_51' title="bbox 205 3699 1782 3782">
    <p class='ocr_par' dir='ltr' id='par_1_51' title="bbox 205 3699 1782 3782">
     <span class='ocr_line' id='line_1_51' title="bbox 205 3699 1782 3782; baseline 0 -29"><span class='ocrx_word' id='word_1_351' title='bbox 205 3702 337 3758; x_wconf 72' lang='grc' dir='ltr'>οὕτω</span> <span class='ocrx_word' id='word_1_352' title='bbox 357 3706 445 3758; x_wconf 67' lang='grc' dir='ltr'>καὶ</span> <span class='ocrx_word' id='word_1_353' title='bbox 475 3705 566 3758; x_wconf 74' lang='grc' dir='ltr'><strong>ἐπὶ</strong></span> <span class='ocrx_word' id='word_1_354' title='bbox 592 3707 887 3782; x_wconf 71' lang='grc' dir='ltr'>αγενήτου,</span> <span class='ocrx_word' id='word_1_355' title='bbox 919 3706 982 3759; x_wconf 85' lang='grc' dir='ltr'>οὺ</span> <span class='ocrx_word' id='word_1_356' title='bbox 1017 3705 1148 3774; x_wconf 77' lang='grc' dir='ltr'>πρὸς</span> <span class='ocrx_word' id='word_1_357' title='bbox 1181 3703 1272 3757; x_wconf 82' lang='grc' dir='ltr'>τὸν</span> <span class='ocrx_word' id='word_1_358' title='bbox 1303 3702 1453 3767; x_wconf 83' lang='grc' dir='ltr'>Υίδν,</span> <span class='ocrx_word' id='word_1_359' title='bbox 1475 3701 1614 3756; x_wconf 72' lang='grc' dir='ltr'>ἀλλὰ</span> <span class='ocrx_word' id='word_1_360' title='bbox 1645 3699 1782 3772; x_wconf 74' lang='grc' dir='ltr'>πρὸς</span> 
     </span>
    </p>
   </div>
   <div class='ocr_carea' id='block_1_52' title="bbox 205 3790 1779 3870">
    <p class='ocr_par' dir='ltr' id='par_1_52' title="bbox 205 3790 1779 3870">
     <span class='ocr_line' id='line_1_52' title="bbox 205 3790 1779 3870; baseline 0.001 -25"><span class='ocrx_word' id='word_1_361' title='bbox 205 3793 296 3864; x_wconf 74' lang='grc' dir='ltr'>τὴν</span> <span class='ocrx_word' id='word_1_362' title='bbox 323 3796 541 3869; x_wconf 75' lang='grc' dir='ltr'>κτίσινη</span> <span class='ocrx_word' id='word_1_363' title='bbox 574 3798 886 3870; x_wconf 79' lang='grc' dir='ltr'>σύγκρισις,</span> <span class='ocrx_word' id='word_1_364' title='bbox 923 3797 1028 3852; x_wconf 79' lang='grc' dir='ltr'>κᾶν</span> <span class='ocrx_word' id='word_1_365' title='bbox 1053 3795 1110 3850; x_wconf 73' lang='grc' dir='ltr'>ἓν</span> <span class='ocrx_word' id='word_1_366' title='bbox 1142 3790 1285 3849; x_wconf 76' lang='grc' dir='ltr'>εἶναι</span> <span class='ocrx_word' id='word_1_367' title='bbox 1317 3795 1543 3866; x_wconf 83' lang='grc' dir='ltr'>λέγηται</span> <span class='ocrx_word' id='word_1_368' title='bbox 1565 3794 1626 3848; x_wconf 77' lang='grc' dir='ltr'>τὸ</span> <span class='ocrx_word' id='word_1_369' title='bbox 1649 3794 1779 3864; x_wconf 82' lang='grc' dir='ltr'>ἀγέ-</span> 
     </span>
    </p>
   </div>
   <div class='ocr_carea' id='block_1_53' title="bbox 207 3884 1492 3962">
    <p class='ocr_par' dir='ltr' id='par_1_53' title="bbox 207 3884 1492 3962">
     <span class='ocr_line' id='line_1_53' title="bbox 207 3884 1492 3962; baseline 0.002 -23"><span class='ocrx_word' id='word_1_370' title='bbox 207 3904 351 3957; x_wconf 56' lang='grc' dir='ltr'>ητον</span> <span class='ocrx_word' id='word_1_371' title='bbox 371 3905 384 3918; x_wconf 92' lang='grc'><strong>·</strong></span> <span class='ocrx_word' id='word_1_372' title='bbox 412 3890 494 3944; x_wconf 76' lang='grc' dir='ltr'><strong>διὰ</strong></span> <span class='ocrx_word' id='word_1_373' title='bbox 514 3891 574 3945; x_wconf 77' lang='grc' dir='ltr'>τὸ</span> <span class='ocrx_word' id='word_1_374' title='bbox 605 3891 785 3946; x_wconf 82' lang='grc' dir='ltr'>πάντα</span> <span class='ocrx_word' id='word_1_375' title='bbox 813 3889 1100 3962; x_wconf 85' lang='grc' dir='ltr'>γεγονέναι</span> <span class='ocrx_word' id='word_1_376' title='bbox 1133 3887 1313 3962; x_wconf 74' lang='grc' dir='ltr'>παρὲξ</span> <span class='ocrx_word' id='word_1_377' title='bbox 1332 3884 1492 3942; x_wconf 82' lang='grc' dir='ltr'>Θεοῦ.</span> 
     </span>
    </p>
   </div>
   <div class='ocr_carea' id='block_1_54' title="bbox 241 4089 1745 4164">
    <p class='ocr_par' dir='ltr' id='par_1_54' title="bbox 241 4089 1745 4164">
     <span class='ocr_line' id='line_1_54' title="bbox 241 4089 1745 4164; baseline 0.002 -21"><span class='ocrx_word' id='word_1_378' title='bbox 241 4089 356 4146; x_wconf 79' lang='grc' dir='ltr'>Ὅτι</span> <span class='ocrx_word' id='word_1_379' title='bbox 393 4092 652 4161; x_wconf 75' lang='grc' dir='ltr'>κρεῖττόν</span> <span class='ocrx_word' id='word_1_380' title='bbox 689 4093 821 4148; x_wconf 79' lang='grc' dir='ltr'>ἐστι</span> <span class='ocrx_word' id='word_1_381' title='bbox 861 4093 960 4147; x_wconf 73' lang='grc' dir='ltr'><strong>καί</strong></span> <span class='ocrx_word' id='word_1_382' title='bbox 999 4091 1473 4164; x_wconf 66' lang='grc' dir='ltr'>ἀξιολογώτερον</span> <span class='ocrx_word' id='word_1_383' title='bbox 1509 4090 1745 4161; x_wconf 63' lang='grc' dir='ltr'>Πατέρα</span> 
     </span>
    </p>
   </div>
   <div class='ocr_carea' id='block_1_55' title="bbox 429 4164 1534 4236">
    <p class='ocr_par' dir='ltr' id='par_1_55' title="bbox 429 4164 1534 4236">
     <span class='ocr_line' id='line_1_55' title="bbox 429 4164 1534 4236; baseline 0.001 -19"><span class='ocrx_word' id='word_1_384' title='bbox 429 4164 742 4220; x_wconf 71' lang='grc' dir='ltr'>καλεῖσθαι</span> <span class='ocrx_word' id='word_1_385' title='bbox 780 4166 888 4218; x_wconf 77' lang='grc' dir='ltr'>τὸν</span> <span class='ocrx_word' id='word_1_386' title='bbox 928 4165 1098 4230; x_wconf 76' lang='grc' dir='ltr'>Θεὸν,</span> <span class='ocrx_word' id='word_1_387' title='bbox 1139 4165 1176 4234; x_wconf 76' lang='grc' dir='ltr'>ἣ</span> <span class='ocrx_word' id='word_1_388' title='bbox 1217 4166 1534 4236; x_wconf 66' lang='grc' dir='ltr'>ἀγένητον.</span> 
     </span>
    </p>
   </div>
   <div class='ocr_carea' id='block_1_56' title="bbox 268 4274 1777 4350">
    <p class='ocr_par' dir='ltr' id='par_1_56' title="bbox 268 4274 1777 4350">
     <span class='ocr_line' id='line_1_56' title="bbox 268 4274 1777 4350; baseline 0.005 -21"><span class='ocrx_word' id='word_1_389' title='bbox 268 4274 338 4328; x_wconf 80' lang='grc' dir='ltr'><strong>Τδ</strong></span> <span class='ocrx_word' id='word_1_390' title='bbox 363 4278 548 4346; x_wconf 72' lang='grc' dir='ltr'>πατὴρ</span> <span class='ocrx_word' id='word_1_391' title='bbox 583 4277 889 4350; x_wconf 76' lang='grc' dir='ltr'>ὅνομα,τὴν</span> <span class='ocrx_word' id='word_1_392' title='bbox 916 4279 1045 4349; x_wconf 75' lang='grc' dir='ltr'>περὶ</span> <span class='ocrx_word' id='word_1_393' title='bbox 1072 4279 1189 4334; x_wconf 77' lang='grc' dir='ltr'>υίοῢ</span> <span class='ocrx_word' id='word_1_394' title='bbox 1219 4279 1440 4343; x_wconf 82' lang='grc' dir='ltr'>πάντως</span> <span class='ocrx_word' id='word_1_395' title='bbox 1471 4279 1682 4335; x_wconf 75' lang='grc' dir='ltr'>ἔννοιαν</span> <span class='ocrx_word' id='word_1_396' title='bbox 1716 4281 1777 4336; x_wconf 83' lang='grc' dir='ltr'>ὲν</span> 
     </span>
    </p>
   </div>
   <div class='ocr_carea' id='block_1_57' title="bbox 207 4365 1777 4444">
    <p class='ocr_par' dir='ltr' id='par_1_57' title="bbox 207 4365 1777 4444">
     <span class='ocr_line' id='line_1_57' title="bbox 207 4365 1777 4444; baseline 0.005 -27"><span class='ocrx_word' id='word_1_397' title='bbox 207 4365 370 4437; x_wconf 72' lang='grc' dir='ltr'>ιαυτῷ</span> <span class='ocrx_word' id='word_1_398' title='bbox 412 4369 771 4440; x_wconf 70' lang='grc' dir='ltr'>συνεισφέρει·</span> <span class='ocrx_word' id='word_1_399' title='bbox 795 4370 864 4423; x_wconf 75' lang='grc' dir='ltr'><strong>τὰ</strong></span> <span class='ocrx_word' id='word_1_400' title='bbox 901 4369 1011 4440; x_wconf 80' lang='grc' dir='ltr'><strong>γὰρ</strong></span> <span class='ocrx_word' id='word_1_401' title='bbox 1037 4367 1265 4423; x_wconf 77' lang='grc' dir='ltr'>τοιαῦτα</span> <span class='ocrx_word' id='word_1_402' title='bbox 1295 4370 1365 4424; x_wconf 82' lang='grc' dir='ltr'><strong>δι’</strong></span> <span class='ocrx_word' id='word_1_403' title='bbox 1395 4371 1642 4444; x_wconf 80' lang='grc' dir='ltr'>ἀλλήλων</span> <span class='ocrx_word' id='word_1_404' title='bbox 1678 4389 1777 4441; x_wconf 87' lang='grc' dir='ltr'>ση-</span> 
     </span>
    </p>
   </div>
   <div class='ocr_carea' id='block_1_58' title="bbox 209 4457 1775 4531">
    <p class='ocr_par' dir='ltr' id='par_1_58' title="bbox 209 4457 1775 4531">
     <span class='ocr_line' id='line_1_58' title="bbox 209 4457 1775 4531; baseline 0.004 -24"><span class='ocrx_word' id='word_1_405' title='bbox 209 4457 454 4524; x_wconf 74' lang='grc' dir='ltr'>μαίνεται.</span> <span class='ocrx_word' id='word_1_406' title='bbox 482 4459 556 4511; x_wconf 79' lang='grc' dir='ltr'><strong>Τὸ</strong></span> <span class='ocrx_word' id='word_1_407' title='bbox 587 4458 644 4512; x_wconf 84' lang='grc' dir='ltr'><strong>δὲ</strong></span> <span class='ocrx_word' id='word_1_408' title='bbox 672 4459 958 4528; x_wconf 78' lang='grc' dir='ltr'>ἀγένητος</span> <span class='ocrx_word' id='word_1_409' title='bbox 991 4458 1186 4530; x_wconf 73' lang='grc' dir='ltr'>ὄνομα,</span> <span class='ocrx_word' id='word_1_410' title='bbox 1218 4457 1295 4530; x_wconf 82' lang='grc' dir='ltr'><strong>τῷ</strong></span> <span class='ocrx_word' id='word_1_411' title='bbox 1333 4460 1406 4530; x_wconf 82' lang='grc' dir='ltr'>μὴ</span> <span class='ocrx_word' id='word_1_412' title='bbox 1442 4460 1775 4531; x_wconf 78' lang='grc' dir='ltr'>γεγενῆσθαι</span> 
     </span>
    </p>
   </div>
   <div class='ocr_carea' id='block_1_59' title="bbox 203 4547 1770 4625">
    <p class='ocr_par' dir='ltr' id='par_1_59' title="bbox 203 4547 1770 4625">
     <span class='ocr_line' id='line_1_59' title="bbox 203 4547 1770 4625; baseline 0.004 -25"><span class='ocrx_word' id='word_1_413' title='bbox 203 4547 358 4614; x_wconf 73' lang='grc' dir='ltr'>Θεὸν,</span> <span class='ocrx_word' id='word_1_414' title='bbox 402 4553 494 4625; x_wconf 81' lang='grc' dir='ltr'>τὴν</span> <span class='ocrx_word' id='word_1_415' title='bbox 551 4552 661 4606; x_wconf 85' lang='grc' dir='ltr'><strong>τῶν</strong></span> <span class='ocrx_word' id='word_1_416' title='bbox 707 4552 952 4622; x_wconf 84' lang='grc' dir='ltr'>γενητῶν</span> <span class='ocrx_word' id='word_1_417' title='bbox 1009 4551 1470 4623; x_wconf 65' lang='grc' dir='ltr'>ἀντιπαρατίθησι</span> <span class='ocrx_word' id='word_1_418' title='bbox 1526 4554 1770 4624; x_wconf 73' lang='grc' dir='ltr'>μνήμην.</span> 
     </span>
    </p>
   </div>
   <div class='ocr_carea' id='block_1_60' title="bbox 1890 2039 3498 2106">
    <p class='ocr_par' dir='ltr' id='par_1_60' title="bbox 1890 2039 3498 2106">
     <span class='ocr_line' id='line_1_60' title="bbox 1890 2039 3498 2106; baseline -0.009 0"><span class='ocrx_word' id='word_1_419' title='bbox 1890 2051 2095 2106; x_wconf 85' lang='lat' dir='ltr'><strong>inducit</strong></span> <span class='ocrx_word' id='word_1_420' title='bbox 2124 2048 2290 2105; x_wconf 88' lang='lat' dir='ltr'><strong>Deum</strong></span> <span class='ocrx_word' id='word_1_421' title='bbox 2318 2047 2634 2104; x_wconf 87' lang='lat' dir='ltr'><strong>dicentem:</strong></span> <span class='ocrx_word' id='word_1_422' title='bbox 2675 2063 2694 2097; x_wconf 77' lang='grc' dir='ltr'><strong>ι</strong></span> <span class='ocrx_word' id='word_1_423' title='bbox 2735 2043 3024 2100; x_wconf 82' lang='lat' dir='ltr'><strong>Faciamus</strong></span> <span class='ocrx_word' id='word_1_424' title='bbox 3072 2039 3352 2097; x_wconf 84' lang='lat' dir='ltr'><strong>hominem</strong></span> <span class='ocrx_word' id='word_1_425' title='bbox 3404 2051 3498 2092; x_wconf 78' lang='lat' dir='ltr'><strong>se-</strong></span> 
     </span>
    </p>
   </div>
   <div class='ocr_carea' id='block_1_61' title="bbox 1890 2128 3490 2210">
    <p class='ocr_par' dir='ltr' id='par_1_61' title="bbox 1890 2128 3490 2210">
     <span class='ocr_line' id='line_1_61' title="bbox 1890 2128 3490 2210; baseline -0.011 -11"><span class='ocrx_word' id='word_1_426' title='bbox 1890 2143 2130 2200; x_wconf 88' lang='lat' dir='ltr'><strong>cundum</strong></span> <span class='ocrx_word' id='word_1_427' title='bbox 2189 2140 2495 2210; x_wconf 77' lang='lat' dir='ltr'><strong>imaginem.</strong></span> <span class='ocrx_word' id='word_1_428' title='bbox 2521 2148 2574 2199; x_wconf 89' lang='lat' dir='ltr'><strong>et</strong></span> <span class='ocrx_word' id='word_1_429' title='bbox 2631 2135 3044 2192; x_wconf 88' lang='lat' dir='ltr'><strong>similitudinem</strong></span> <span class='ocrx_word' id='word_1_430' title='bbox 3107 2141 3350 2188; x_wconf 88' lang='lat' dir='ltr'><strong>nostram</strong></span> <span class='ocrx_word' id='word_1_431' title='bbox 3384 2128 3425 2183; x_wconf 84' lang='lat'><strong>&#39;.</strong></span> <span class='ocrx_word' id='word_1_432' title='bbox 3470 2146 3490 2181; x_wconf 78' lang='grc' dir='ltr'><strong>ι</strong></span> 
     </span>
    </p>
   </div>
   <div class='ocr_carea' id='block_1_62' title="bbox 1889 2220 3499 2298">
    <p class='ocr_par' dir='ltr' id='par_1_62' title="bbox 1889 2220 3499 2298">
     <span class='ocr_line' id='line_1_62' title="bbox 1889 2220 3499 2298; baseline -0.011 -5"><span class='ocrx_word' id='word_1_433' title='bbox 1889 2237 2027 2293; x_wconf 86' lang='lat' dir='ltr'><strong>Cum</strong></span> <span class='ocrx_word' id='word_1_434' title='bbox 2088 2250 2220 2292; x_wconf 81' lang='lat' dir='ltr'><strong>vero</strong></span> <span class='ocrx_word' id='word_1_435' title='bbox 2252 2234 2406 2298; x_wconf 89' lang='lat' dir='ltr'><strong>dicit,</strong></span> <span class='ocrx_word' id='word_1_436' title='bbox 2427 2243 2685 2297; x_wconf 76' lang='lat' dir='ltr'><strong>nostram,</strong></span> <span class='ocrx_word' id='word_1_437' title='bbox 2725 2242 2915 2284; x_wconf 83' lang='lat' dir='ltr'><strong>rursus</strong></span> <span class='ocrx_word' id='word_1_438' title='bbox 2948 2225 3185 2282; x_wconf 86' lang='lat' dir='ltr'><strong>dualitas</strong></span> <span class='ocrx_word' id='word_1_439' title='bbox 3219 2220 3499 2295; x_wconf 80' lang='lat' dir='ltr'><strong>signiﬁca-</strong></span> 
     </span>
    </p>
   </div>
   <div class='ocr_carea' id='block_1_63' title="bbox 1896 2318 3494 2397">
    <p class='ocr_par' dir='ltr' id='par_1_63' title="bbox 1896 2318 3494 2397">
     <span class='ocr_line' id='line_1_63' title="bbox 1896 2318 3494 2397; baseline -0.011 -10"><span class='ocrx_word' id='word_1_440' title='bbox 1896 2341 2175 2386; x_wconf 80' lang='lat' dir='ltr'><strong>lurzcum</strong></span> <span class='ocrx_word' id='word_1_441' title='bbox 2241 2326 2446 2397; x_wconf 76' lang='lat' dir='ltr'><strong>alioqui</strong></span> <span class='ocrx_word' id='word_1_442' title='bbox 2487 2325 2654 2381; x_wconf 89' lang='lat' dir='ltr'><strong>etiam</strong></span> <span class='ocrx_word' id='word_1_443' title='bbox 2685 2322 2848 2387; x_wconf 84' lang='lat' dir='ltr'><strong>adsit,</strong></span> <span class='ocrx_word' id='word_1_444' title='bbox 2884 2329 2941 2377; x_wconf 89' lang='lat' dir='ltr'><strong>et</strong></span> <span class='ocrx_word' id='word_1_445' title='bbox 2984 2318 3174 2376; x_wconf 88' lang='lat' dir='ltr'><strong>deitati</strong></span> <span class='ocrx_word' id='word_1_446' title='bbox 3230 2328 3494 2372; x_wconf 82' lang='lat' dir='ltr'><strong>annume-</strong></span> 
     </span>
    </p>
   </div>
   <div class='ocr_carea' id='block_1_64' title="bbox 1892 2408 3492 2492">
    <p class='ocr_par' dir='ltr' id='par_1_64' title="bbox 1892 2408 3492 2492">
     <span class='ocr_line' id='line_1_64' title="bbox 1892 2408 3492 2492; baseline -0.012 -12"><span class='ocrx_word' id='word_1_447' title='bbox 1892 2434 2042 2481; x_wconf 90' lang='lat' dir='ltr'><strong>retur</strong></span> <span class='ocrx_word' id='word_1_448' title='bbox 2071 2421 2312 2492; x_wconf 84' lang='lat' dir='ltr'><strong>Spiritus</strong></span> <span class='ocrx_word' id='word_1_449' title='bbox 2341 2417 2679 2474; x_wconf 44' lang='lat' dir='ltr'><strong>sanetusle</strong></span> <span class='ocrx_word' id='word_1_450' title='bbox 2711 2429 2842 2484; x_wconf 83' lang='lat' dir='ltr'><strong>ergo</strong></span> <span class='ocrx_word' id='word_1_451' title='bbox 2878 2414 2938 2468; x_wconf 85' lang='lat' dir='ltr'><strong>in</strong></span> <span class='ocrx_word' id='word_1_452' title='bbox 2965 2426 3073 2467; x_wconf 90' lang='lat' dir='ltr'><strong>uno</strong></span> <span class='ocrx_word' id='word_1_453' title='bbox 3125 2408 3347 2466; x_wconf 84' lang='lat' dir='ltr'><strong>homine</strong></span> <span class='ocrx_word' id='word_1_454' title='bbox 3385 2421 3492 2461; x_wconf 84' lang='lat' dir='ltr'><strong>una</strong></span> 
     </span>
    </p>
   </div>
   <div class='ocr_carea' id='block_1_65' title="bbox 1889 2497 3495 2588">
    <p class='ocr_par' dir='ltr' id='par_1_65' title="bbox 1889 2497 3495 2588">
     <span class='ocr_line' id='line_1_65' title="bbox 1889 2497 3495 2588; baseline -0.011 -16"><span class='ocrx_word' id='word_1_455' title='bbox 1889 2529 2053 2588; x_wconf 87' lang='lat' dir='ltr'><strong>atque</strong></span> <span class='ocrx_word' id='word_1_456' title='bbox 2083 2516 2272 2571; x_wconf 86' lang='lat' dir='ltr'><strong>eadem</strong></span> <span class='ocrx_word' id='word_1_457' title='bbox 2301 2511 2485 2567; x_wconf 86' lang='lat' dir='ltr'><strong>Patris</strong></span> <span class='ocrx_word' id='word_1_458' title='bbox 2515 2520 2569 2566; x_wconf 88' lang='lat' dir='ltr'><strong>et</strong></span> <span class='ocrx_word' id='word_1_459' title='bbox 2598 2509 2718 2564; x_wconf 86' lang='lat' dir='ltr'><strong>Filii</strong></span> <span class='ocrx_word' id='word_1_460' title='bbox 2756 2508 2939 2578; x_wconf 90' lang='lat' dir='ltr'><strong>imago</strong></span> <span class='ocrx_word' id='word_1_461' title='bbox 2976 2511 3226 2574; x_wconf 87' lang='lat' dir='ltr'><strong>apparet,</strong></span> <span class='ocrx_word' id='word_1_462' title='bbox 3261 2501 3314 2555; x_wconf 92' lang='lat' dir='ltr'><strong>in</strong></span> <span class='ocrx_word' id='word_1_463' title='bbox 3347 2497 3495 2555; x_wconf 87' lang='lat' dir='ltr'><strong>nullo</strong></span> 
     </span>
    </p>
   </div>
   <div class='ocr_carea' id='block_1_66' title="bbox 1889 2593 3496 2664">
    <p class='ocr_par' dir='ltr' id='par_1_66' title="bbox 1889 2593 3496 2664">
     <span class='ocr_line' id='line_1_66' title="bbox 1889 2593 3496 2664; baseline -0.012 0"><span class='ocrx_word' id='word_1_464' title='bbox 1889 2618 2039 2664; x_wconf 90' lang='lat' dir='ltr'><strong>certe</strong></span> <span class='ocrx_word' id='word_1_465' title='bbox 2075 2607 2218 2660; x_wconf 86' lang='lat' dir='ltr'><strong>inter</strong></span> <span class='ocrx_word' id='word_1_466' title='bbox 2243 2617 2301 2659; x_wconf 83' lang='lat' dir='ltr'><strong>se</strong></span> <span class='ocrx_word' id='word_1_467' title='bbox 2327 2601 2621 2656; x_wconf 82' lang='lat' dir='ltr'><strong>dissimiles</strong></span> <span class='ocrx_word' id='word_1_468' title='bbox 2662 2606 2808 2654; x_wconf 90' lang='lat' dir='ltr'><strong>sunt.</strong></span> <span class='ocrx_word' id='word_1_469' title='bbox 2848 2593 3128 2652; x_wconf 85' lang='lat' dir='ltr'><strong>Dissimile</strong></span> <span class='ocrx_word' id='word_1_470' title='bbox 3171 2601 3353 2647; x_wconf 87' lang='lat' dir='ltr'><strong>autem</strong></span> <span class='ocrx_word' id='word_1_471' title='bbox 3411 2598 3496 2644; x_wconf 89' lang='lat' dir='ltr'><strong>est</strong></span> 
     </span>
    </p>
   </div>
   <div class='ocr_carea' id='block_1_67' title="bbox 1891 2682 3493 2767">
    <p class='ocr_par' dir='ltr' id='par_1_67' title="bbox 1891 2682 3493 2767">
     <span class='ocr_line' id='line_1_67' title="bbox 1891 2682 3493 2767; baseline -0.012 -11"><span class='ocrx_word' id='word_1_472' title='bbox 1891 2700 2039 2756; x_wconf 78' lang='lat' dir='ltr'><strong>iacto</strong></span> <span class='ocrx_word' id='word_1_473' title='bbox 2072 2698 2124 2752; x_wconf 90' lang='lat' dir='ltr'><strong>id</strong></span> <span class='ocrx_word' id='word_1_474' title='bbox 2152 2683 2296 2767; x_wconf 84' lang='lat' dir='ltr'><strong>quod</strong></span> <span class='ocrx_word' id='word_1_475' title='bbox 2331 2693 2435 2764; x_wconf 79' lang='lat'><strong>13</strong></span> <span class='ocrx_word' id='word_1_476' title='bbox 2473 2691 2676 2745; x_wconf 81' lang='lat' dir='ltr'><strong>factum</strong></span> <span class='ocrx_word' id='word_1_477' title='bbox 2712 2705 2819 2745; x_wconf 90' lang='lat' dir='ltr'><strong>non</strong></span> <span class='ocrx_word' id='word_1_478' title='bbox 2856 2697 2961 2744; x_wconf 88' lang='lat' dir='ltr'><strong>est.</strong></span> <span class='ocrx_word' id='word_1_479' title='bbox 2997 2685 3114 2742; x_wconf 78' lang='lat' dir='ltr'><strong>Non</strong></span> <span class='ocrx_word' id='word_1_480' title='bbox 3140 2693 3225 2741; x_wconf 89' lang='lat' dir='ltr'><strong>est</strong></span> <span class='ocrx_word' id='word_1_481' title='bbox 3249 2698 3381 2756; x_wconf 85' lang='lat' dir='ltr'><strong>ergo</strong></span> <span class='ocrx_word' id='word_1_482' title='bbox 3407 2682 3493 2752; x_wconf 83' lang='lat' dir='ltr'><strong>l&#39;a-</strong></span> 
     </span>
    </p>
   </div>
   <div class='ocr_carea' id='block_1_68' title="bbox 1890 2779 3171 2853">
    <p class='ocr_par' dir='ltr' id='par_1_68' title="bbox 1890 2779 3171 2853">
     <span class='ocr_line' id='line_1_68' title="bbox 1890 2779 3171 2853; baseline -0.01 -5"><span class='ocrx_word' id='word_1_483' title='bbox 1890 2802 2010 2848; x_wconf 87' lang='lat' dir='ltr'><strong>ctus</strong></span> <span class='ocrx_word' id='word_1_484' title='bbox 2032 2789 2225 2853; x_wconf 87' lang='lat' dir='ltr'><strong>Filius,</strong></span> <span class='ocrx_word' id='word_1_485' title='bbox 2260 2803 2327 2842; x_wconf 86' lang='lat' dir='ltr'><strong>ne</strong></span> <span class='ocrx_word' id='word_1_486' title='bbox 2351 2785 2634 2842; x_wconf 77' lang='lat' dir='ltr'><strong>dissimilis</strong></span> <span class='ocrx_word' id='word_1_487' title='bbox 2659 2783 2806 2838; x_wconf 85' lang='lat' dir='ltr'><strong>Patri</strong></span> <span class='ocrx_word' id='word_1_488' title='bbox 2839 2779 3171 2837; x_wconf 84' lang='lat' dir='ltr'><strong>inveniatur.</strong></span> 
     </span>
    </p>
   </div>
   <div class='ocr_carea' id='block_1_69' title="bbox 2573 2863 2806 2932">
    <p class='ocr_par' dir='ltr' id='par_1_69' title="bbox 2573 2863 2806 2932">
     <span class='ocr_line' id='line_1_69' title="bbox 2573 2863 2806 2932; baseline -0.009 0"><span class='ocrx_word' id='word_1_489' title='bbox 2573 2863 2806 2932; x_wconf 69' lang='lat' dir='ltr'><strong>ALIUD.</strong></span> 
     </span>
    </p>
   </div>
   <div class='ocr_carea' id='block_1_70' title="bbox 1961 2965 3494 3041">
    <p class='ocr_par' dir='ltr' id='par_1_70' title="bbox 1961 2965 3494 3041">
     <span class='ocr_line' id='line_1_70' title="bbox 1961 2965 3494 3041; baseline -0.012 -6"><span class='ocrx_word' id='word_1_490' title='bbox 1961 2979 2127 3035; x_wconf 87' lang='lat' dir='ltr'><strong>Pater</strong></span> <span class='ocrx_word' id='word_1_491' title='bbox 2176 2979 2228 3032; x_wconf 92' lang='lat' dir='ltr'><strong>in</strong></span> <span class='ocrx_word' id='word_1_492' title='bbox 2261 2989 2418 3032; x_wconf 83' lang='lat' dir='ltr'><strong>sacra</strong></span> <span class='ocrx_word' id='word_1_493' title='bbox 2472 2972 2758 3041; x_wconf 74' lang='lat' dir='ltr'><strong>Scriptura</strong></span> <span class='ocrx_word' id='word_1_494' title='bbox 2806 2968 3051 3023; x_wconf 89' lang='lat' dir='ltr'><strong>omnium</strong></span> <span class='ocrx_word' id='word_1_495' title='bbox 3092 2965 3395 3041; x_wconf 78' lang='lat' dir='ltr'><strong>imperator</strong></span> <span class='ocrx_word' id='word_1_496' title='bbox 3439 2971 3494 3017; x_wconf 76' lang='lat' dir='ltr'><strong>et</strong></span> 
     </span>
    </p>
   </div>
   <div class='ocr_carea' id='block_1_71' title="bbox 1894 3037 3495 3134">
    <p class='ocr_par' dir='ltr' id='par_1_71' title="bbox 1894 3037 3495 3134">
     <span class='ocr_line' id='line_1_71' title="bbox 1894 3037 3495 3134; baseline -0.014 -7"><span class='ocrx_word' id='word_1_497' title='bbox 1894 3072 2152 3127; x_wconf 86' lang='lat' dir='ltr'><strong>Dominus</strong></span> <span class='ocrx_word' id='word_1_498' title='bbox 2177 3067 2408 3134; x_wconf 89' lang='lat' dir='ltr'><strong>dicitur;</strong></span> <span class='ocrx_word' id='word_1_499' title='bbox 2442 3065 2539 3121; x_wconf 84' lang='lat' dir='ltr'><strong>sed</strong></span> <span class='ocrx_word' id='word_1_500' title='bbox 2573 3037 2680 3119; x_wconf 36' lang='lat' dir='ltr'><strong>n-on</strong></span> <span class='ocrx_word' id='word_1_501' title='bbox 2705 3062 2779 3116; x_wconf 88' lang='lat' dir='ltr'><strong>ita</strong></span> <span class='ocrx_word' id='word_1_502' title='bbox 2797 3069 2857 3116; x_wconf 90' lang='lat' dir='ltr'><strong>ut</strong></span> <span class='ocrx_word' id='word_1_503' title='bbox 2878 3059 3052 3115; x_wconf 87' lang='lat' dir='ltr'><strong>Filius</strong></span> <span class='ocrx_word' id='word_1_504' title='bbox 3075 3037 3389 3127; x_wconf 51' lang='lat' dir='ltr'><strong>unum&#39;quid</strong></span> <span class='ocrx_word' id='word_1_505' title='bbox 3422 3053 3495 3108; x_wconf 88' lang='lat' dir='ltr'><strong>sit</strong></span> 
     </span>
    </p>
   </div>
   <div class='ocr_carea' id='block_1_72' title="bbox 1890 3145 3494 3232">
    <p class='ocr_par' dir='ltr' id='par_1_72' title="bbox 1890 3145 3494 3232">
     <span class='ocr_line' id='line_1_72' title="bbox 1890 3145 3494 3232; baseline -0.015 -11"><span class='ocrx_word' id='word_1_506' title='bbox 1890 3179 2101 3230; x_wconf 88' lang='lat' dir='ltr'><strong>eorum,</strong></span> <span class='ocrx_word' id='word_1_507' title='bbox 2133 3175 2253 3232; x_wconf 63' lang='lat' dir='ltr'><strong>qua</strong></span> <span class='ocrx_word' id='word_1_508' title='bbox 2286 3159 2458 3230; x_wconf 88' lang='lat' dir='ltr'><strong>ipsius</strong></span> <span class='ocrx_word' id='word_1_509' title='bbox 2487 3154 2719 3226; x_wconf 84' lang='lat' dir='ltr'><strong>imperio</strong></span> <span class='ocrx_word' id='word_1_510' title='bbox 2754 3161 2810 3208; x_wconf 88' lang='lat' dir='ltr'><strong>et</strong></span> <span class='ocrx_word' id='word_1_511' title='bbox 2831 3147 3186 3207; x_wconf 86' lang='lat' dir='ltr'><strong>dominationi</strong></span> <span class='ocrx_word' id='word_1_512' title='bbox 3246 3145 3494 3216; x_wconf 85' lang='lat' dir='ltr'><strong>subjecta</strong></span> 
     </span>
    </p>
   </div>
   <div class='ocr_carea' id='block_1_73' title="bbox 1893 3240 3495 3320">
    <p class='ocr_par' dir='ltr' id='par_1_73' title="bbox 1893 3240 3495 3320">
     <span class='ocr_line' id='line_1_73' title="bbox 1893 3240 3495 3320; baseline -0.012 -8"><span class='ocrx_word' id='word_1_513' title='bbox 1893 3265 2045 3320; x_wconf 84' lang='lat' dir='ltr'><strong>sunt,</strong></span> <span class='ocrx_word' id='word_1_514' title='bbox 2080 3269 2202 3310; x_wconf 87' lang='lat' dir='ltr'><strong>eam</strong></span> <span class='ocrx_word' id='word_1_515' title='bbox 2239 3249 2310 3306; x_wconf 89' lang='lat' dir='ltr'><strong>ob</strong></span> <span class='ocrx_word' id='word_1_516' title='bbox 2337 3263 2560 3304; x_wconf 89' lang='lat' dir='ltr'><strong>causam</strong></span> <span class='ocrx_word' id='word_1_517' title='bbox 2605 3246 2750 3316; x_wconf 90' lang='lat' dir='ltr'><strong>quod</strong></span> <span class='ocrx_word' id='word_1_518' title='bbox 2780 3244 2944 3300; x_wconf 88' lang='lat' dir='ltr'><strong>Pater</strong></span> <span class='ocrx_word' id='word_1_519' title='bbox 2971 3241 3227 3299; x_wconf 80' lang='lat' dir='ltr'><strong>omnibus</strong></span> <span class='ocrx_word' id='word_1_520' title='bbox 3263 3240 3495 3309; x_wconf 82' lang='lat' dir='ltr'><strong>imperet</strong></span> 
     </span>
    </p>
   </div>
   <div class='ocr_carea' id='block_1_74' title="bbox 1889 3329 3486 3414">
    <p class='ocr_par' dir='ltr' id='par_1_74' title="bbox 1889 3329 3486 3414">
     <span class='ocr_line' id='line_1_74' title="bbox 1889 3329 3486 3414; baseline -0.013 -9"><span class='ocrx_word' id='word_1_521' title='bbox 1889 3360 1944 3405; x_wconf 87' lang='lat' dir='ltr'><strong>et</strong></span> <span class='ocrx_word' id='word_1_522' title='bbox 1966 3348 2310 3414; x_wconf 86' lang='lat' dir='ltr'><strong>dominetur;</strong></span> <span class='ocrx_word' id='word_1_523' title='bbox 2343 3347 2576 3414; x_wconf 87' lang='lat' dir='ltr'><strong>imperat</strong></span> <span class='ocrx_word' id='word_1_524' title='bbox 2607 3339 2750 3396; x_wconf 90' lang='lat' dir='ltr'><strong>enim</strong></span> <span class='ocrx_word' id='word_1_525' title='bbox 2793 3345 2849 3392; x_wconf 88' lang='lat' dir='ltr'><strong>et</strong></span> <span class='ocrx_word' id='word_1_526' title='bbox 2877 3336 3195 3391; x_wconf 85' lang='lat' dir='ltr'><strong>dominatur</strong></span> <span class='ocrx_word' id='word_1_527' title='bbox 3229 3329 3486 3388; x_wconf 84' lang='lat' dir='ltr'><strong>omnibus</strong></span> 
     </span>
    </p>
   </div>
   <div class='ocr_carea' id='block_1_75' title="bbox 1885 3425 3492 3510">
    <p class='ocr_par' dir='ltr' id='par_1_75' title="bbox 1885 3425 3492 3510">
     <span class='ocr_line' id='line_1_75' title="bbox 1885 3425 3492 3510; baseline -0.012 -10"><span class='ocrx_word' id='word_1_528' title='bbox 1885 3460 2008 3500; x_wconf 88' lang='lat' dir='ltr'><strong>cum</strong></span> <span class='ocrx_word' id='word_1_529' title='bbox 2030 3443 2208 3507; x_wconf 86' lang='lat' dir='ltr'><strong>Patre,</strong></span> <span class='ocrx_word' id='word_1_530' title='bbox 2230 3442 2450 3510; x_wconf 83' lang='lat' dir='ltr'><strong>ipseque</strong></span> <span class='ocrx_word' id='word_1_531' title='bbox 2467 3436 2633 3492; x_wconf 85' lang='lat' dir='ltr'><strong>etiam</strong></span> <span class='ocrx_word' id='word_1_532' title='bbox 2656 3431 3004 3501; x_wconf 86' lang='lat' dir='ltr'><strong>omnipotens</strong></span> <span class='ocrx_word' id='word_1_533' title='bbox 3029 3436 3112 3484; x_wconf 90' lang='lat' dir='ltr'><strong>est</strong></span> <span class='ocrx_word' id='word_1_534' title='bbox 3132 3438 3185 3484; x_wconf 90' lang='lat' dir='ltr'><strong>et</strong></span> <span class='ocrx_word' id='word_1_535' title='bbox 3210 3425 3492 3482; x_wconf 89' lang='lat' dir='ltr'><strong>Dominus.</strong></span> 
     </span>
    </p>
   </div>
   <div class='ocr_carea' id='block_1_76' title="bbox 1887 3513 3496 3603">
    <p class='ocr_par' dir='ltr' id='par_1_76' title="bbox 1887 3513 3496 3603">
     <span class='ocr_line' id='line_1_76' title="bbox 1887 3513 3496 3603; baseline -0.01 -16"><span class='ocrx_word' id='word_1_536' title='bbox 1887 3534 2352 3603; x_wconf 80' lang='lat' dir='ltr'><strong>Quemadmodum</strong></span> <span class='ocrx_word' id='word_1_537' title='bbox 2391 3531 2556 3602; x_wconf 87' lang='lat' dir='ltr'><strong>igitur</strong></span> <span class='ocrx_word' id='word_1_538' title='bbox 2594 3529 2648 3583; x_wconf 93' lang='lat' dir='ltr'><strong>in</strong></span> <span class='ocrx_word' id='word_1_539' title='bbox 2707 3525 2829 3583; x_wconf 86' lang='lat' dir='ltr'><strong>istis</strong></span> <span class='ocrx_word' id='word_1_540' title='bbox 2872 3539 2977 3579; x_wconf 91' lang='lat' dir='ltr'><strong>non</strong></span> <span class='ocrx_word' id='word_1_541' title='bbox 3008 3519 3174 3576; x_wconf 83' lang='lat' dir='ltr'><strong>veluti</strong></span> <span class='ocrx_word' id='word_1_542' title='bbox 3218 3532 3359 3573; x_wconf 90' lang='lat' dir='ltr'><strong>unus</strong></span> <span class='ocrx_word' id='word_1_543' title='bbox 3386 3513 3496 3572; x_wconf 83' lang='lat' dir='ltr'><strong>ali-</strong></span> 
     </span>
    </p>
   </div>
   <div class='ocr_carea' id='block_1_77' title="bbox 1884 3610 3497 3695">
    <p class='ocr_par' dir='ltr' id='par_1_77' title="bbox 1884 3610 3497 3695">
     <span class='ocr_line' id='line_1_77' title="bbox 1884 3610 3497 3695; baseline -0.012 -14"><span class='ocrx_word' id='word_1_544' title='bbox 1884 3626 2007 3695; x_wconf 89' lang='lat' dir='ltr'><strong>quis</strong></span> <span class='ocrx_word' id='word_1_545' title='bbox 2033 3640 2100 3680; x_wconf 80' lang='lat' dir='ltr'><strong>ex</strong></span> <span class='ocrx_word' id='word_1_546' title='bbox 2152 3621 2423 3678; x_wconf 83' lang='lat' dir='ltr'><strong>universis</strong></span> <span class='ocrx_word' id='word_1_547' title='bbox 2454 3629 2714 3675; x_wconf 88' lang='lat' dir='ltr'><strong>censetur</strong></span> <span class='ocrx_word' id='word_1_548' title='bbox 2760 3615 2956 3680; x_wconf 88' lang='lat' dir='ltr'><strong>Filius,</strong></span> <span class='ocrx_word' id='word_1_549' title='bbox 2999 3615 3097 3668; x_wconf 90' lang='lat' dir='ltr'><strong>sed</strong></span> <span class='ocrx_word' id='word_1_550' title='bbox 3145 3610 3344 3667; x_wconf 83' lang='lat' dir='ltr'><strong>horum</strong></span> <span class='ocrx_word' id='word_1_551' title='bbox 3371 3622 3497 3663; x_wconf 85' lang='lat' dir='ltr'><strong>ver-</strong></span> 
     </span>
    </p>
   </div>
   <div class='ocr_carea' id='block_1_78' title="bbox 1884 3700 3493 3775">
    <p class='ocr_par' dir='ltr' id='par_1_78' title="bbox 1884 3700 3493 3775">
     <span class='ocr_line' id='line_1_78' title="bbox 1884 3700 3493 3775; baseline -0.014 0"><span class='ocrx_word' id='word_1_552' title='bbox 1884 3720 2083 3775; x_wconf 77' lang='lat' dir='ltr'><strong>borum</strong></span> <span class='ocrx_word' id='word_1_553' title='bbox 2137 3717 2222 3771; x_wconf 91' lang='lat' dir='ltr'><strong>vis</strong></span> <span class='ocrx_word' id='word_1_554' title='bbox 2271 3724 2482 3769; x_wconf 90' lang='lat' dir='ltr'><strong>tantum</strong></span> <span class='ocrx_word' id='word_1_555' title='bbox 2535 3727 2624 3767; x_wconf 87' lang='lat' dir='ltr'><strong>res</strong></span> <span class='ocrx_word' id='word_1_556' title='bbox 2673 3719 2890 3765; x_wconf 89' lang='lat' dir='ltr'><strong>creatas</strong></span> <span class='ocrx_word' id='word_1_557' title='bbox 2953 3703 3360 3775; x_wconf 82' lang='lat' dir='ltr'><strong>complectitur,</strong></span> <span class='ocrx_word' id='word_1_558' title='bbox 3417 3700 3493 3755; x_wconf 86' lang='lat' dir='ltr'><strong>ita</strong></span> 
     </span>
    </p>
   </div>
   <div class='ocr_carea' id='block_1_79' title="bbox 1883 3796 3493 3870">
    <p class='ocr_par' dir='ltr' id='par_1_79' title="bbox 1883 3796 3493 3870">
     <span class='ocr_line' id='line_1_79' title="bbox 1883 3796 3493 3870; baseline -0.012 -4"><span class='ocrx_word' id='word_1_559' title='bbox 1883 3809 2120 3866; x_wconf 88' lang='lat' dir='ltr'><strong>etiamin</strong></span> <span class='ocrx_word' id='word_1_560' title='bbox 2152 3822 2260 3862; x_wconf 91' lang='lat' dir='ltr'><strong>non</strong></span> <span class='ocrx_word' id='word_1_561' title='bbox 2303 3805 2468 3870; x_wconf 77' lang='lat' dir='ltr'><strong>facto,</strong></span> <span class='ocrx_word' id='word_1_562' title='bbox 2505 3817 2611 3858; x_wconf 90' lang='lat' dir='ltr'><strong>non</strong></span> <span class='ocrx_word' id='word_1_563' title='bbox 2645 3800 2711 3856; x_wconf 89' lang='lat' dir='ltr'><strong>ad</strong></span> <span class='ocrx_word' id='word_1_564' title='bbox 2738 3798 2960 3862; x_wconf 90' lang='lat' dir='ltr'><strong>Filium,</strong></span> <span class='ocrx_word' id='word_1_565' title='bbox 2991 3798 3084 3852; x_wconf 84' lang='lat' dir='ltr'><strong>sed</strong></span> <span class='ocrx_word' id='word_1_566' title='bbox 3119 3796 3493 3850; x_wconf 84' lang='lat' dir='ltr'><strong>adcreaturns</strong></span> 
     </span>
    </p>
   </div>
   <div class='ocr_carea' id='block_1_80' title="bbox 1882 3884 3494 3971">
    <p class='ocr_par' dir='ltr' id='par_1_80' title="bbox 1882 3884 3494 3971">
     <span class='ocr_line' id='line_1_80' title="bbox 1882 3884 3494 3971; baseline -0.012 -14"><span class='ocrx_word' id='word_1_567' title='bbox 1882 3900 2214 3971; x_wconf 84' lang='lat' dir='ltr'><strong>comparatio</strong></span> <span class='ocrx_word' id='word_1_568' title='bbox 2243 3897 2441 3962; x_wconf 79' lang='lat' dir='ltr'><strong>fertur,</strong></span> <span class='ocrx_word' id='word_1_569' title='bbox 2480 3893 2695 3950; x_wconf 87' lang='lat' dir='ltr'><strong>tametsi</strong></span> <span class='ocrx_word' id='word_1_570' title='bbox 2773 3905 2942 3947; x_wconf 92' lang='lat' dir='ltr'><strong>unum</strong></span> <span class='ocrx_word' id='word_1_571' title='bbox 2985 3888 3204 3944; x_wconf 87' lang='lat' dir='ltr'><strong>dicatur</strong></span> <span class='ocrx_word' id='word_1_572' title='bbox 3238 3902 3348 3940; x_wconf 87' lang='lat' dir='ltr'><strong>non</strong></span> <span class='ocrx_word' id='word_1_573' title='bbox 3415 3884 3494 3938; x_wconf 79' lang='lat' dir='ltr'><strong>fa-</strong></span> 
     </span>
    </p>
   </div>
   <div class='ocr_carea' id='block_1_81' title="bbox 1880 3979 3491 4064">
    <p class='ocr_par' dir='ltr' id='par_1_81' title="bbox 1880 3979 3491 4064">
     <span class='ocr_line' id='line_1_81' title="bbox 1880 3979 3491 4064; baseline -0.01 -13"><span class='ocrx_word' id='word_1_574' title='bbox 1880 4005 2062 4051; x_wconf 88' lang='lat' dir='ltr'><strong>ctum:</strong></span> <span class='ocrx_word' id='word_1_575' title='bbox 2089 3991 2347 4064; x_wconf 89' lang='lat' dir='ltr'><strong>quoniam</strong></span> <span class='ocrx_word' id='word_1_576' title='bbox 2367 3997 2561 4061; x_wconf 68' lang='lat' dir='ltr'><strong>praeter</strong></span> <span class='ocrx_word' id='word_1_577' title='bbox 2586 4001 2751 4042; x_wconf 90' lang='lat' dir='ltr'><strong>unum</strong></span> <span class='ocrx_word' id='word_1_578' title='bbox 2783 3984 2952 4039; x_wconf 91' lang='lat' dir='ltr'><strong>Deum</strong></span> <span class='ocrx_word' id='word_1_579' title='bbox 2971 3981 3152 4038; x_wconf 89' lang='lat' dir='ltr'><strong>omnia</strong></span> <span class='ocrx_word' id='word_1_580' title='bbox 3181 3979 3322 4036; x_wconf 77' lang='lat' dir='ltr'><strong>facta</strong></span> <span class='ocrx_word' id='word_1_581' title='bbox 3343 3986 3491 4053; x_wconf 83' lang='lat' dir='ltr'><strong>sunt.</strong></span> 
     </span>
    </p>
   </div>
   <div class='ocr_carea' id='block_1_82' title="bbox 1882 4094 3492 4174">
    <p class='ocr_par' dir='ltr' id='par_1_82' title="bbox 1882 4094 3492 4174">
     <span class='ocr_line' id='line_1_82' title="bbox 1882 4094 3492 4174; baseline -0.01 -13"><span class='ocrx_word' id='word_1_582' title='bbox 1882 4105 2036 4174; x_wconf 83' lang='lat' dir='ltr'><strong>Quod</strong></span> <span class='ocrx_word' id='word_1_583' title='bbox 2064 4104 2250 4160; x_wconf 75' lang='lat' dir='ltr'><strong>melius</strong></span> <span class='ocrx_word' id='word_1_584' title='bbox 2276 4112 2432 4174; x_wconf 79' lang='lat' dir='ltr'><strong>atque</strong></span> <span class='ocrx_word' id='word_1_585' title='bbox 2458 4102 2675 4173; x_wconf 76' lang='lat' dir='ltr'><strong>dignius</strong></span> <span class='ocrx_word' id='word_1_586' title='bbox 2709 4099 2979 4174; x_wconf 75' lang='lat' dir='ltr'><strong>sit_Deum</strong></span> <span class='ocrx_word' id='word_1_587' title='bbox 3017 4096 3194 4152; x_wconf 70' lang='lat' dir='ltr'><strong>vocari</strong></span> <span class='ocrx_word' id='word_1_588' title='bbox 3248 4094 3492 4165; x_wconf 77' lang='lat' dir='ltr'><strong>Patrem,</strong></span> 
     </span>
    </p>
   </div>
   <div class='ocr_carea' id='block_1_83' title="bbox 2432 4172 2936 4244">
    <p class='ocr_par' dir='ltr' id='par_1_83' title="bbox 2432 4172 2936 4244">
     <span class='ocr_line' id='line_1_83' title="bbox 2432 4172 2936 4244; baseline -0.006 -17"><span class='ocrx_word' id='word_1_589' title='bbox 2432 4189 2591 4244; x_wconf 83' lang='lat' dir='ltr'><strong>quam</strong></span> <span class='ocrx_word' id='word_1_590' title='bbox 2621 4172 2936 4243; x_wconf 80' lang='lat' dir='ltr'><strong>ingenitum.</strong></span> 
     </span>
    </p>
   </div>
   <div class='ocr_carea' id='block_1_84' title="bbox 1949 4277 3492 4346">
    <p class='ocr_par' dir='ltr' id='par_1_84' title="bbox 1949 4277 3492 4346">
     <span class='ocr_line' id='line_1_84' title="bbox 1949 4277 3492 4346; baseline -0.009 0"><span class='ocrx_word' id='word_1_591' title='bbox 1949 4290 2132 4346; x_wconf 82' lang='lat' dir='ltr'><strong>Patris</strong></span> <span class='ocrx_word' id='word_1_592' title='bbox 2164 4302 2360 4343; x_wconf 91' lang='lat' dir='ltr'><strong>nomen</strong></span> <span class='ocrx_word' id='word_1_593' title='bbox 2410 4286 2658 4342; x_wconf 84' lang='lat' dir='ltr'><strong>notitiam</strong></span> <span class='ocrx_word' id='word_1_594' title='bbox 2711 4284 2807 4340; x_wconf 81' lang='lat' dir='ltr'><strong>ﬁlii</strong></span> <span class='ocrx_word' id='word_1_595' title='bbox 2845 4282 3163 4339; x_wconf 82' lang='lat' dir='ltr'><strong>necessario</strong></span> <span class='ocrx_word' id='word_1_596' title='bbox 3194 4293 3380 4335; x_wconf 89' lang='lat' dir='ltr'><strong>secum</strong></span> <span class='ocrx_word' id='word_1_597' title='bbox 3405 4277 3492 4334; x_wconf 87' lang='lat' dir='ltr'><strong>in-</strong></span> 
     </span>
    </p>
   </div>
   <div class='ocr_carea' id='block_1_85' title="bbox 1879 4369 3488 4450">
    <p class='ocr_par' dir='ltr' id='par_1_85' title="bbox 1879 4369 3488 4450">
     <span class='ocr_line' id='line_1_85' title="bbox 1879 4369 3488 4450; baseline -0.011 -9"><span class='ocrx_word' id='word_1_598' title='bbox 1879 4385 2052 4441; x_wconf 89' lang='lat' dir='ltr'><strong>ducit.</strong></span> <span class='ocrx_word' id='word_1_599' title='bbox 2084 4382 2319 4438; x_wconf 84' lang='lat' dir='ltr'><strong>Nomina</strong></span> <span class='ocrx_word' id='word_1_600' title='bbox 2354 4381 2502 4435; x_wconf 88' lang='lat' dir='ltr'><strong>enim</strong></span> <span class='ocrx_word' id='word_1_601' title='bbox 2547 4379 2858 4450; x_wconf 70' lang='lat' dir='ltr'><strong>huiusmodi</strong></span> <span class='ocrx_word' id='word_1_602' title='bbox 2908 4391 3032 4433; x_wconf 83' lang='lat' dir='ltr'><strong>sese</strong></span> <span class='ocrx_word' id='word_1_603' title='bbox 3075 4384 3261 4430; x_wconf 90' lang='lat' dir='ltr'><strong>mutuo</strong></span> <span class='ocrx_word' id='word_1_604' title='bbox 3300 4369 3488 4428; x_wconf 78' lang='lat' dir='ltr'><strong>decla-</strong></span> 
     </span>
    </p>
   </div>
   <div class='ocr_carea' id='block_1_86' title="bbox 1881 4464 3488 4543">
    <p class='ocr_par' dir='ltr' id='par_1_86' title="bbox 1881 4464 3488 4543">
     <span class='ocr_line' id='line_1_86' title="bbox 1881 4464 3488 4543; baseline -0.011 -10"><span class='ocrx_word' id='word_1_605' title='bbox 1881 4486 2025 4532; x_wconf 89' lang='lat' dir='ltr'><strong>rant.</strong></span> <span class='ocrx_word' id='word_1_606' title='bbox 2080 4473 2318 4543; x_wconf 81' lang='lat' dir='ltr'><strong>Ingeniti</strong></span> <span class='ocrx_word' id='word_1_607' title='bbox 2343 4487 2475 4528; x_wconf 90' lang='lat' dir='ltr'><strong>vero</strong></span> <span class='ocrx_word' id='word_1_608' title='bbox 2501 4484 2698 4528; x_wconf 74' lang='lat' dir='ltr'><strong>nomen</strong></span> <span class='ocrx_word' id='word_1_609' title='bbox 2732 4486 2800 4526; x_wconf 82' lang='lat' dir='ltr'><strong>ex</strong></span> <span class='ocrx_word' id='word_1_610' title='bbox 2830 4485 2895 4525; x_wconf 88' lang='lat' dir='ltr'><strong>eo</strong></span> <span class='ocrx_word' id='word_1_611' title='bbox 2939 4468 3084 4540; x_wconf 89' lang='lat' dir='ltr'><strong>quod</strong></span> <span class='ocrx_word' id='word_1_612' title='bbox 3118 4468 3263 4522; x_wconf 89' lang='lat' dir='ltr'><strong>Deus</strong></span> <span class='ocrx_word' id='word_1_613' title='bbox 3304 4464 3488 4518; x_wconf 80' lang='lat' dir='ltr'><strong>factus</strong></span> 
     </span>
    </p>
   </div>
   <div class='ocr_carea' id='block_1_87' title="bbox 1879 4557 3486 4634">
    <p class='ocr_par' dir='ltr' id='par_1_87' title="bbox 1879 4557 3486 4634">
     <span class='ocr_line' id='line_1_87' title="bbox 1879 4557 3486 4634; baseline -0.011 -8"><span class='ocrx_word' id='word_1_614' title='bbox 1879 4586 1984 4626; x_wconf 89' lang='lat' dir='ltr'><strong>non</strong></span> <span class='ocrx_word' id='word_1_615' title='bbox 2009 4577 2116 4634; x_wconf 87' lang='lat' dir='ltr'><strong>est,</strong></span> <span class='ocrx_word' id='word_1_616' title='bbox 2147 4582 2247 4624; x_wconf 91' lang='lat' dir='ltr'><strong>nos</strong></span> <span class='ocrx_word' id='word_1_617' title='bbox 2276 4568 2332 4622; x_wconf 92' lang='lat' dir='ltr'><strong>in</strong></span> <span class='ocrx_word' id='word_1_618' title='bbox 2363 4580 2552 4622; x_wconf 89' lang='lat' dir='ltr'><strong>eorum</strong></span> <span class='ocrx_word' id='word_1_619' title='bbox 2590 4579 2710 4632; x_wconf 66' lang='lat' dir='ltr'><strong>qua:</strong></span> <span class='ocrx_word' id='word_1_620' title='bbox 2755 4562 2895 4617; x_wconf 79' lang='lat' dir='ltr'><strong>facta</strong></span> <span class='ocrx_word' id='word_1_621' title='bbox 2931 4569 3060 4616; x_wconf 86' lang='lat' dir='ltr'><strong>sunt</strong></span> <span class='ocrx_word' id='word_1_622' title='bbox 3100 4600 3115 4626; x_wconf 95' lang='lat'><strong>,</strong></span> <span class='ocrx_word' id='word_1_623' title='bbox 3149 4557 3486 4614; x_wconf 84' lang='lat' dir='ltr'><strong>recordatio-</strong></span> 
     </span>
    </p>
   </div>
   <div class='ocr_carea' id='block_1_88' title="bbox 215 4641 1780 4720">
    <p class='ocr_par' dir='ltr' id='par_1_88' title="bbox 215 4641 1776 4719">
     <span class='ocr_line' id='line_1_88' title="bbox 215 4641 1776 4719; baseline 0.004 -25"><span class='ocrx_word' id='word_1_624' title='bbox 215 4641 492 4712; x_wconf 76' lang='grc' dir='ltr'>Ἀναγκαξα</span> <span class='ocrx_word' id='word_1_625' title='bbox 531 4645 588 4698; x_wconf 67' lang='grc' dir='ltr'><strong>δὲ</strong></span> <span class='ocrx_word' id='word_1_626' title='bbox 635 4647 748 4708; x_wconf 74' lang='grc' dir='ltr'>τοῖς</span> <span class='ocrx_word' id='word_1_627' title='bbox 799 4644 1075 4698; x_wconf 80' lang='grc' dir='ltr'>πιστεύειν</span> <span class='ocrx_word' id='word_1_628' title='bbox 1121 4644 1400 4698; x_wconf 58' lang='grc' dir='ltr'>ἐθέλουσιν</span> <span class='ocrx_word' id='word_1_629' title='bbox 1440 4644 1642 4719; x_wconf 71' lang='grc' dir='ltr'>όρθῶς,</span> <span class='ocrx_word' id='word_1_630' title='bbox 1677 4647 1776 4717; x_wconf 81' lang='grc' dir='ltr'><strong>τῆς</strong></span> 
     </span>
    </p>
   </div>
   <div class='ocr_carea' id='block_1_89' title="bbox 1892 4641 3484 4720">
    <p class='ocr_par' dir='ltr' id='par_1_89' title="bbox 1892 4651 3484 4720">
     <span class='ocr_line' id='line_1_89' title="bbox 1892 4651 3484 4720; baseline -0.007 -3"><span class='ocrx_word' id='word_1_631' title='bbox 1892 4678 2006 4717; x_wconf 81' lang='lat' dir='ltr'><strong>nem</strong></span> <span class='ocrx_word' id='word_1_632' title='bbox 2037 4661 2281 4718; x_wconf 83' lang='lat' dir='ltr'><strong>vicissim</strong></span> <span class='ocrx_word' id='word_1_633' title='bbox 2319 4659 2562 4714; x_wconf 91' lang='lat' dir='ltr'><strong>adducit.</strong></span> <span class='ocrx_word' id='word_1_634' title='bbox 2595 4655 2919 4712; x_wconf 83' lang='lat' dir='ltr'><strong>Necessaria</strong></span> <span class='ocrx_word' id='word_1_635' title='bbox 2947 4663 3126 4709; x_wconf 89' lang='lat' dir='ltr'><strong>autem</strong></span> <span class='ocrx_word' id='word_1_636' title='bbox 3163 4662 3249 4708; x_wconf 90' lang='lat' dir='ltr'><strong>est</strong></span> <span class='ocrx_word' id='word_1_637' title='bbox 3293 4651 3361 4706; x_wconf 92' lang='lat' dir='ltr'><strong>iis</strong></span> <span class='ocrx_word' id='word_1_638' title='bbox 3392 4652 3484 4720; x_wconf 90' lang='lat' dir='ltr'><strong>qui</strong></span> 
     </span>
    </p>
   </div>
   <div class='ocr_carea' id='block_1_90' title="bbox 205 4733 1772 4809">
    <p class='ocr_par' dir='ltr' id='par_1_90' title="bbox 205 4733 1772 4809">
     <span class='ocr_line' id='line_1_90' title="bbox 205 4733 1772 4809; baseline 0.003 -21"><span class='ocrx_word' id='word_1_639' title='bbox 205 4733 350 4803; x_wconf 72' lang='grc' dir='ltr'>ἁγίας</span> <span class='ocrx_word' id='word_1_640' title='bbox 373 4737 594 4809; x_wconf 74' lang='grc' dir='ltr'>Τριαδος</span> <span class='ocrx_word' id='word_1_641' title='bbox 621 4739 654 4808; x_wconf 80' lang='grc' dir='ltr'>ἠ</span> <span class='ocrx_word' id='word_1_642' title='bbox 685 4735 907 4805; x_wconf 81' lang='grc' dir='ltr'>γνῶσις.</span> <span class='ocrx_word' id='word_1_643' title='bbox 938 4737 1001 4789; x_wconf 85' lang='grc' dir='ltr'><strong>Εί</strong></span> <span class='ocrx_word' id='word_1_644' title='bbox 1027 4735 1205 4790; x_wconf 80' lang='grc' dir='ltr'>τοίνυν</span> <span class='ocrx_word' id='word_1_645' title='bbox 1237 4739 1264 4790; x_wconf 81' lang='grc' dir='ltr'><strong>ὁ</strong></span> <span class='ocrx_word' id='word_1_646' title='bbox 1296 4736 1395 4808; x_wconf 86' lang='grc' dir='ltr'>μὲν</span> <span class='ocrx_word' id='word_1_647' title='bbox 1429 4737 1653 4808; x_wconf 85' lang='grc' dir='ltr'>Πατέρα</span> <span class='ocrx_word' id='word_1_648' title='bbox 1685 4737 1772 4791; x_wconf 61' lang='lat' dir='ltr'><strong>te-</strong></span> 
     </span>
    </p>
   </div>
   <div class='ocr_carea' id='block_1_91' title="bbox 204 4828 1774 4902">
    <p class='ocr_par' dir='ltr' id='par_1_91' title="bbox 204 4828 1774 4902">
     <span class='ocr_line' id='line_1_91' title="bbox 204 4828 1774 4902; baseline 0 -19"><span class='ocrx_word' id='word_1_649' title='bbox 204 4843 304 4895; x_wconf 76' lang='grc' dir='ltr'>των</span> <span class='ocrx_word' id='word_1_650' title='bbox 345 4832 441 4902; x_wconf 72' lang='grc' dir='ltr'>ὁρᾷ</span> <span class='ocrx_word' id='word_1_651' title='bbox 482 4831 574 4883; x_wconf 79' lang='grc' dir='ltr'>τὸν</span> <span class='ocrx_word' id='word_1_652' title='bbox 613 4828 737 4882; x_wconf 70' lang='grc' dir='ltr'>Υίὺν</span> <span class='ocrx_word' id='word_1_653' title='bbox 766 4828 834 4882; x_wconf 82' lang='grc' dir='ltr'><strong>δι’</strong></span> <span class='ocrx_word' id='word_1_654' title='bbox 865 4830 924 4882; x_wconf 83' lang='grc' dir='ltr'>ὃν</span> <span class='ocrx_word' id='word_1_655' title='bbox 951 4830 1068 4882; x_wconf 78' lang='grc' dir='ltr'>ἐστι</span> <span class='ocrx_word' id='word_1_656' title='bbox 1095 4829 1289 4901; x_wconf 81' lang='grc' dir='ltr'>Πατήρ</span> <span class='ocrx_word' id='word_1_657' title='bbox 1313 4845 1328 4859; x_wconf 77' lang='grc'><strong><em>⁸</em></strong></span> <span class='ocrx_word' id='word_1_658' title='bbox 1361 4829 1389 4883; x_wconf 82' lang='grc' dir='ltr'>ὁ</span> <span class='ocrx_word' id='word_1_659' title='bbox 1418 4829 1476 4884; x_wconf 85' lang='grc' dir='ltr'><strong>δὲ</strong></span> <span class='ocrx_word' id='word_1_660' title='bbox 1508 4831 1774 4902; x_wconf 82' lang='grc' dir='ltr'>ἀγένητον</span> 
     </span>
    </p>
   </div>
   <div class='ocr_carea' id='block_1_92' title="bbox 204 4915 1772 4995">
    <p class='ocr_par' dir='ltr' id='par_1_92' title="bbox 204 4915 1772 4995">
     <span class='ocr_line' id='line_1_92' title="bbox 204 4915 1772 4995; baseline 0.004 -25"><span class='ocrx_word' id='word_1_661' title='bbox 204 4917 456 4991; x_wconf 68' lang='grc' dir='ltr'>ὀνομάζων</span> <span class='ocrx_word' id='word_1_662' title='bbox 495 4921 677 4985; x_wconf 70' lang='grc' dir='ltr'>αὑτὸν,</span> <span class='ocrx_word' id='word_1_663' title='bbox 709 4922 814 4991; x_wconf 78' lang='grc' dir='ltr'>ὁρᾷ</span> <span class='ocrx_word' id='word_1_664' title='bbox 835 4920 904 4974; x_wconf 76' lang='grc' dir='ltr'>τὰ</span> <span class='ocrx_word' id='word_1_665' title='bbox 935 4921 1226 4992; x_wconf 76' lang='grc' dir='ltr'>γενόμενα,</span> <span class='ocrx_word' id='word_1_666' title='bbox 1250 4915 1333 4985; x_wconf 77' lang='grc' dir='ltr'><strong>οἷς</strong></span> <span class='ocrx_word' id='word_1_667' title='bbox 1373 4923 1610 4992; x_wconf 81' lang='grc' dir='ltr'>εὐλόγως</span> <span class='ocrx_word' id='word_1_668' title='bbox 1637 4925 1665 4977; x_wconf 85' lang='grc' dir='ltr'>ὁ</span> <span class='ocrx_word' id='word_1_669' title='bbox 1698 4923 1772 4995; x_wconf 82' lang='grc' dir='ltr'>μὴ</span> 
     </span>
    </p>
   </div>
   <div class='ocr_carea' id='block_1_93' title="bbox 206 5011 1774 5088">
    <p class='ocr_par' dir='ltr' id='par_1_93' title="bbox 206 5011 1774 5088">
     <span class='ocr_line' id='line_1_93' title="bbox 206 5011 1774 5088; baseline 0.004 -23"><span class='ocrx_word' id='word_1_670' title='bbox 206 5013 417 5082; x_wconf 76' lang='grc' dir='ltr'>γεγονὼς</span> <span class='ocrx_word' id='word_1_671' title='bbox 445 5013 936 5066; x_wconf 81' lang='grc' dir='ltr'>ἀντιδιαστέλλεται</span> <span class='ocrx_word' id='word_1_672' title='bbox 954 5029 968 5043; x_wconf 90' lang='grc'><strong>·</strong></span> <span class='ocrx_word' id='word_1_673' title='bbox 1012 5013 1149 5067; x_wconf 77' lang='grc' dir='ltr'>πολὺ</span> <span class='ocrx_word' id='word_1_674' title='bbox 1179 5013 1242 5086; x_wconf 80' lang='grc' dir='ltr'><strong>δὴ</strong></span> <span class='ocrx_word' id='word_1_675' title='bbox 1271 5018 1540 5086; x_wconf 85' lang='grc' dir='ltr'>κρεῖττον,</span> <span class='ocrx_word' id='word_1_676' title='bbox 1576 5018 1671 5088; x_wconf 81' lang='grc' dir='ltr'><strong>ἀφ’</strong></span> <span class='ocrx_word' id='word_1_677' title='bbox 1699 5011 1774 5072; x_wconf 85' lang='grc' dir='ltr'>ὧν</span> 
     </span>
    </p>
   </div>
   <div class='ocr_carea' id='block_1_94' title="bbox 207 5091 1775 5176">
    <p class='ocr_par' dir='ltr' id='par_1_94' title="bbox 207 5091 1775 5176">
     <span class='ocr_line' id='line_1_94' title="bbox 207 5091 1775 5176; baseline 0.004 -20"><span class='ocrx_word' id='word_1_678' title='bbox 207 5101 238 5172; x_wconf 57' lang='grc' dir='ltr'><strong>ἡ</strong></span> <span class='ocrx_word' id='word_1_679' title='bbox 269 5091 384 5173; x_wconf 69' lang='grc' dir='ltr'><strong>πεᾷὶ</strong></span> <span class='ocrx_word' id='word_1_680' title='bbox 412 5102 505 5157; x_wconf 76' lang='grc' dir='ltr'><strong>τοῦ</strong></span> <span class='ocrx_word' id='word_1_681' title='bbox 536 5103 669 5158; x_wconf 80' lang='grc' dir='ltr'><strong>Υιοῦ</strong></span> <span class='ocrx_word' id='word_1_682' title='bbox 707 5104 950 5158; x_wconf 78' lang='grc' dir='ltr'>τίκτεται</span> <span class='ocrx_word' id='word_1_683' title='bbox 994 5103 1219 5174; x_wconf 82' lang='grc' dir='ltr'>γνῶσις,</span> <span class='ocrx_word' id='word_1_684' title='bbox 1271 5106 1637 5176; x_wconf 83' lang='grc' dir='ltr'>σημαίνεσθαι</span> <span class='ocrx_word' id='word_1_685' title='bbox 1683 5108 1775 5164; x_wconf 83' lang='grc' dir='ltr'>τὸν</span> 
     </span>
    </p>
   </div>
   <div class='ocr_carea' id='block_1_95' title="bbox 208 5189 1771 5272">
    <p class='ocr_par' dir='ltr' id='par_1_95' title="bbox 208 5189 1771 5272">
     <span class='ocr_line' id='line_1_95' title="bbox 208 5189 1771 5272; baseline 0.003 -23"><span class='ocrx_word' id='word_1_686' title='bbox 208 5191 341 5259; x_wconf 67' lang='grc' dir='ltr'>Θεὸν,</span> <span class='ocrx_word' id='word_1_687' title='bbox 367 5197 398 5266; x_wconf 84' lang='grc' dir='ltr'>ἢ</span> <span class='ocrx_word' id='word_1_688' title='bbox 427 5197 483 5260; x_wconf 74' lang='grc' dir='ltr'>εξ</span> <span class='ocrx_word' id='word_1_689' title='bbox 506 5189 581 5250; x_wconf 81' lang='grc' dir='ltr'>ὧν</span> <span class='ocrx_word' id='word_1_690' title='bbox 616 5199 648 5268; x_wconf 77' lang='grc' dir='ltr'>ἡ</span> <span class='ocrx_word' id='word_1_691' title='bbox 691 5196 802 5250; x_wconf 85' lang='grc' dir='ltr'><strong>τῶν</strong></span> <span class='ocrx_word' id='word_1_692' title='bbox 826 5197 1144 5268; x_wconf 83' lang='grc' dir='ltr'>ποιημάτων</span> <span class='ocrx_word' id='word_1_693' title='bbox 1167 5198 1523 5268; x_wconf 77' lang='grc' dir='ltr'>ἀναφαίνεται</span> <span class='ocrx_word' id='word_1_694' title='bbox 1557 5201 1771 5272; x_wconf 80' lang='grc' dir='ltr'>μνήμη,</span> 
     </span>
    </p>
   </div>
   <div class='ocr_carea' id='block_1_96' title="bbox 213 5287 1772 5364">
    <p class='ocr_par' dir='ltr' id='par_1_96' title="bbox 213 5287 1772 5364">
     <span class='ocr_line' id='line_1_96' title="bbox 213 5287 1772 5364; baseline 0.006 -28"><span class='ocrx_word' id='word_1_695' title='bbox 213 5287 504 5342; x_wconf 69' lang='grc' dir='ltr'>συντελοῦσα</span> <span class='ocrx_word' id='word_1_696' title='bbox 534 5288 672 5360; x_wconf 76' lang='grc' dir='ltr'>πρὸς</span> <span class='ocrx_word' id='word_1_697' title='bbox 711 5287 810 5360; x_wconf 82' lang='grc' dir='ltr'>τὴν</span> <span class='ocrx_word' id='word_1_698' title='bbox 838 5287 1040 5356; x_wconf 85' lang='grc' dir='ltr'>γνῶσιν</span> <span class='ocrx_word' id='word_1_699' title='bbox 1082 5289 1185 5358; x_wconf 83' lang='grc' dir='ltr'>τῆς</span> <span class='ocrx_word' id='word_1_700' title='bbox 1228 5288 1392 5358; x_wconf 79' lang='grc' dir='ltr'>ἁγίας</span> <span class='ocrx_word' id='word_1_701' title='bbox 1422 5289 1650 5364; x_wconf 78' lang='grc' dir='ltr'>Τριάδος</span> <span class='ocrx_word' id='word_1_702' title='bbox 1681 5294 1772 5346; x_wconf 82' lang='grc' dir='ltr'><strong>οὐ·</strong></span> 
     </span>
    </p>
   </div>
   <div class='ocr_carea' id='block_1_97' title="bbox 207 5375 1770 5457">
    <p class='ocr_par' dir='ltr' id='par_1_97' title="bbox 207 5375 1770 5457">
     <span class='ocr_line' id='line_1_97' title="bbox 207 5375 1770 5457; baseline 0.006 -27"><span class='ocrx_word' id='word_1_703' title='bbox 207 5375 298 5431; x_wconf 74' lang='grc' dir='ltr'>δέν.</span> <span class='ocrx_word' id='word_1_704' title='bbox 325 5379 424 5432; x_wconf 74' lang='grc' dir='ltr'><strong>Καὶ</strong></span> <span class='ocrx_word' id='word_1_705' title='bbox 449 5382 478 5433; x_wconf 83' lang='grc' dir='ltr'><strong><em>ὁ</em></strong></span> <span class='ocrx_word' id='word_1_706' title='bbox 511 5381 610 5451; x_wconf 86' lang='grc' dir='ltr'>μὲν</span> <span class='ocrx_word' id='word_1_707' title='bbox 657 5381 880 5453; x_wconf 88' lang='grc' dir='ltr'>Πατέρα</span> <span class='ocrx_word' id='word_1_708' title='bbox 909 5379 1104 5450; x_wconf 81' lang='grc' dir='ltr'>λέγων,</span> <span class='ocrx_word' id='word_1_709' title='bbox 1138 5382 1232 5451; x_wconf 79' lang='grc' dir='ltr'><strong>ἀφ’</strong></span> <span class='ocrx_word' id='word_1_710' title='bbox 1259 5376 1332 5437; x_wconf 83' lang='grc' dir='ltr'>ὧν</span> <span class='ocrx_word' id='word_1_711' title='bbox 1362 5382 1477 5438; x_wconf 80' lang='grc' dir='ltr'>ἔστι</span> <span class='ocrx_word' id='word_1_712' title='bbox 1512 5384 1770 5457; x_wconf 85' lang='grc' dir='ltr'>σημαίνει</span> 
     </span>
    </p>
   </div>
   <div class='ocr_carea' id='block_1_98' title="bbox 205 5466 1768 5545">
    <p class='ocr_par' dir='ltr' id='par_1_98' title="bbox 205 5466 1768 5545">
     <span class='ocr_line' id='line_1_98' title="bbox 205 5466 1768 5545; baseline 0.007 -23"><span class='ocrx_word' id='word_1_713' title='bbox 205 5466 340 5522; x_wconf 79' lang='grc' dir='ltr'>Θεόν·</span> <span class='ocrx_word' id='word_1_714' title='bbox 381 5473 408 5524; x_wconf 83' lang='grc' dir='ltr'><em>ὁ</em></span> <span class='ocrx_word' id='word_1_715' title='bbox 439 5473 493 5526; x_wconf 77' lang='grc' dir='ltr'><strong>δὲ</strong></span> <span class='ocrx_word' id='word_1_716' title='bbox 530 5475 798 5545; x_wconf 79' lang='grc' dir='ltr'>ἀγένητον</span> <span class='ocrx_word' id='word_1_717' title='bbox 836 5474 1028 5540; x_wconf 80' lang='grc' dir='ltr'>εἰπὼν,</span> <span class='ocrx_word' id='word_1_718' title='bbox 1065 5475 1158 5545; x_wconf 73' lang='grc' dir='ltr'><strong>ἀφ’</strong></span> <span class='ocrx_word' id='word_1_719' title='bbox 1189 5472 1263 5531; x_wconf 85' lang='grc' dir='ltr'>ὧν</span> <span class='ocrx_word' id='word_1_720' title='bbox 1290 5478 1391 5531; x_wconf 83' lang='grc' dir='ltr'>οὐκ</span> <span class='ocrx_word' id='word_1_721' title='bbox 1428 5478 1577 5532; x_wconf 78' lang='grc' dir='ltr'>ἐστιν</span> <span class='ocrx_word' id='word_1_722' title='bbox 1602 5496 1615 5508; x_wconf 89' lang='grc'>·</span> <span class='ocrx_word' id='word_1_723' title='bbox 1653 5480 1768 5533; x_wconf 81' lang='grc' dir='ltr'>ἔστι</span> 
     </span>
    </p>
   </div>
   <div class='ocr_carea' id='block_1_99' title="bbox 205 5563 1766 5641">
    <p class='ocr_par' dir='ltr' id='par_1_99' title="bbox 205 5563 1766 5641">
     <span class='ocr_line' id='line_1_99' title="bbox 205 5563 1766 5641; baseline 0.006 -24"><span class='ocrx_word' id='word_1_724' title='bbox 205 5563 286 5632; x_wconf 80' lang='grc' dir='ltr'>μὲν</span> <span class='ocrx_word' id='word_1_725' title='bbox 323 5565 422 5634; x_wconf 69' lang='grc' dir='ltr'>γὰρ</span> <span class='ocrx_word' id='word_1_726' title='bbox 473 5566 601 5621; x_wconf 84' lang='grc' dir='ltr'><strong>Υἱοῦ</strong></span> <span class='ocrx_word' id='word_1_727' title='bbox 649 5568 866 5639; x_wconf 78' lang='grc' dir='ltr'>Πατὴρ,</span> <span class='ocrx_word' id='word_1_728' title='bbox 902 5569 1128 5641; x_wconf 78' lang='grc' dir='ltr'>γενητὸς</span> <span class='ocrx_word' id='word_1_729' title='bbox 1159 5570 1217 5623; x_wconf 80' lang='grc' dir='ltr'><strong>δὲ</strong></span> <span class='ocrx_word' id='word_1_730' title='bbox 1249 5570 1349 5624; x_wconf 84' lang='grc' dir='ltr'>οὐκ</span> <span class='ocrx_word' id='word_1_731' title='bbox 1405 5571 1676 5627; x_wconf 81' lang='grc' dir='ltr'>ἔστι.”οτι</span> <span class='ocrx_word' id='word_1_732' title='bbox 1709 5573 1766 5627; x_wconf 84' lang='grc' dir='ltr'><strong>δὲ</strong></span> 
     </span>
    </p>
   </div>
   <div class='ocr_carea' id='block_1_100' title="bbox 202 5652 1763 5739">
    <p class='ocr_par' dir='ltr' id='par_1_100' title="bbox 202 5652 1763 5739">
     <span class='ocr_line' id='line_1_100' title="bbox 202 5652 1763 5739; baseline 0.008 -30"><span class='ocrx_word' id='word_1_733' title='bbox 202 5654 368 5722; x_wconf 63' lang='grc' dir='ltr'>μᾶλλον</span> <span class='ocrx_word' id='word_1_734' title='bbox 410 5657 468 5723; x_wconf 67' lang='grc' dir='ltr'>ἐξ</span> <span class='ocrx_word' id='word_1_735' title='bbox 508 5652 585 5712; x_wconf 82' lang='grc' dir='ltr'>ὧν</span> <span class='ocrx_word' id='word_1_736' title='bbox 615 5659 785 5726; x_wconf 82' lang='grc' dir='ltr'>ἐστιν,</span> <span class='ocrx_word' id='word_1_737' title='bbox 817 5662 850 5732; x_wconf 76' lang='grc' dir='ltr'>ἢ</span> <span class='ocrx_word' id='word_1_738' title='bbox 890 5661 952 5726; x_wconf 64' lang='grc' dir='ltr'>ἐξ</span> <span class='ocrx_word' id='word_1_739' title='bbox 976 5654 1052 5716; x_wconf 87' lang='grc' dir='ltr'>ὧν</span> <span class='ocrx_word' id='word_1_740' title='bbox 1085 5663 1185 5717; x_wconf 79' lang='grc' dir='ltr'>οὐκ</span> <span class='ocrx_word' id='word_1_741' title='bbox 1232 5663 1400 5732; x_wconf 73' lang='grc' dir='ltr'>ἔστιν,</span> <span class='ocrx_word' id='word_1_742' title='bbox 1430 5667 1763 5739; x_wconf 82' lang='grc' dir='ltr'>οἰκειότερον</span> 
     </span>
    </p>
   </div>
   <div class='ocr_carea' id='block_1_101' title="bbox 197 5750 1756 5831">
    <p class='ocr_par' dir='ltr' id='par_1_101' title="bbox 197 5750 1756 5831">
     <span class='ocr_line' id='line_1_101' title="bbox 197 5750 1756 5831; baseline 0.008 -28"><span class='ocrx_word' id='word_1_743' title='bbox 197 5750 484 5821; x_wconf 64' lang='grc' dir='ltr'>σημαίνεται</span> <span class='ocrx_word' id='word_1_744' title='bbox 507 5752 660 5822; x_wconf 78' lang='grc' dir='ltr'>Θεὸς,</span> <span class='ocrx_word' id='word_1_745' title='bbox 689 5757 754 5808; x_wconf 84' lang='grc' dir='ltr'>ὲκ</span> <span class='ocrx_word' id='word_1_746' title='bbox 775 5753 932 5808; x_wconf 81' lang='grc' dir='ltr'>τοῦδε</span> <span class='ocrx_word' id='word_1_747' title='bbox 955 5755 1152 5824; x_wconf 77' lang='grc' dir='ltr'>γένοιτ’</span> <span class='ocrx_word' id='word_1_748' title='bbox 1173 5757 1238 5812; x_wconf 81' lang='grc' dir='ltr'><strong>διν</strong></span> <span class='ocrx_word' id='word_1_749' title='bbox 1265 5761 1424 5815; x_wconf 79' lang='grc' dir='ltr'>παντί</span> <span class='ocrx_word' id='word_1_750' title='bbox 1447 5777 1525 5831; x_wconf 86' lang='grc' dir='ltr'>τῳ</span> <span class='ocrx_word' id='word_1_751' title='bbox 1568 5759 1756 5830; x_wconf 78' lang='grc' dir='ltr'>σαφές.</span> 
     </span>
    </p>
   </div>
   <div class='ocr_carea' id='block_1_102' title="bbox 241 5931 1156 6007">
    <p class='ocr_par' dir='ltr' id='par_1_102' title="bbox 241 5931 1156 6007">
     <span class='ocr_line' id='line_1_102' title="bbox 241 5931 1156 6007; baseline 0.005 -18"><span class='ocrx_word' id='word_1_752' title='bbox 241 5935 257 5961; x_wconf 86' lang='grc'><strong><em>⁸</em></strong></span> <span class='ocrx_word' id='word_1_753' title='bbox 283 5931 429 5991; x_wconf 68' lang='grc' dir='ltr'>Ιοδιι.</span> <span class='ocrx_word' id='word_1_754' title='bbox 467 5951 576 6002; x_wconf 73' lang='lat' dir='ltr'><strong>XIV,</strong></span> <span class='ocrx_word' id='word_1_755' title='bbox 615 5939 668 5996; x_wconf 82' lang='lat'><strong>9.</strong></span> <span class='ocrx_word' id='word_1_756' title='bbox 748 5938 768 5968; x_wconf 85' lang='grc'><strong><em>⁷</em></strong></span> <span class='ocrx_word' id='word_1_757' title='bbox 803 5939 946 5995; x_wconf 76' lang='lat' dir='ltr'><strong>Gen.</strong></span> <span class='ocrx_word' id='word_1_758' title='bbox 981 5953 1041 6007; x_wconf 92' lang='grc' dir='ltr'><strong>ιι,</strong></span> <span class='ocrx_word' id='word_1_759' title='bbox 1069 5939 1156 5994; x_wconf 72' lang='grc'><strong>26.</strong></span> 
     </span>
    </p>
   </div>
   <div class='ocr_carea' id='block_1_103' title="bbox 52 6468 291 6482">
    <p class='ocr_par' dir='ltr' id='par_1_103' title="bbox 52 6468 291 6482">
     <span class='ocr_line' id='line_1_103' title="bbox 52 6468 291 6482; baseline 0 0"><span class='ocrx_word' id='word_1_760' title='bbox 52 6468 83 6475; x_wconf 60' lang='grc' dir='ltr'><em>ν</em></span> <span class='ocrx_word' id='word_1_761' title='bbox 96 6468 127 6477; x_wconf 80' lang='grc'><strong>-·</strong></span> <span class='ocrx_word' id='word_1_762' title='bbox 143 6473 153 6479; x_wconf 63' lang='grc' dir='ltr'>μ</span> <span class='ocrx_word' id='word_1_763' title='bbox 168 6468 291 6482; x_wconf 56' lang='grc' dir='ltr'><strong>*κε-’σει</strong></span> 
     </span>
    </p>
   </div>
   <div class='ocr_carea' id='block_1_104' title="bbox 1888 4744 3485 4823">
    <p class='ocr_par' dir='ltr' id='par_1_104' title="bbox 1888 4744 3485 4823">
     <span class='ocr_line' id='line_1_104' title="bbox 1888 4744 3485 4823; baseline -0.006 -16"><span class='ocrx_word' id='word_1_764' title='bbox 1888 4764 2034 4809; x_wconf 84' lang='lat' dir='ltr'><strong>recta</strong></span> <span class='ocrx_word' id='word_1_765' title='bbox 2061 4753 2166 4808; x_wconf 84' lang='lat' dir='ltr'><strong>lide</strong></span> <span class='ocrx_word' id='word_1_766' title='bbox 2214 4751 2425 4823; x_wconf 63' lang='lat' dir='ltr'><strong>praediti</strong></span> <span class='ocrx_word' id='word_1_767' title='bbox 2460 4764 2583 4806; x_wconf 89' lang='lat' dir='ltr'><strong>esse</strong></span> <span class='ocrx_word' id='word_1_768' title='bbox 2610 4749 2779 4803; x_wconf 88' lang='lat' dir='ltr'><strong>velint</strong></span> <span class='ocrx_word' id='word_1_769' title='bbox 2809 4757 3014 4802; x_wconf 64' lang='lat' dir='ltr'><strong>sancta</strong></span> <span class='ocrx_word' id='word_1_770' title='bbox 3063 4744 3352 4800; x_wconf 86' lang='lat' dir='ltr'><strong>Trinitatis</strong></span> <span class='ocrx_word' id='word_1_771' title='bbox 3391 4759 3485 4798; x_wconf 88' lang='lat' dir='ltr'><strong>co-</strong></span> 
     </span>
    </p>
   </div>
   <div class='ocr_carea' id='block_1_105' title="bbox 1886 4835 3486 4914">
    <p class='ocr_par' dir='ltr' id='par_1_105' title="bbox 1886 4835 3486 4914">
     <span class='ocr_line' id='line_1_105' title="bbox 1886 4835 3486 4914; baseline -0.006 -17"><span class='ocrx_word' id='word_1_772' title='bbox 1886 4843 2077 4914; x_wconf 83' lang='lat' dir='ltr'><strong>gnitio.</strong></span> <span class='ocrx_word' id='word_1_773' title='bbox 2112 4844 2168 4903; x_wconf 80' lang='lat' dir='ltr'><strong>Si</strong></span> <span class='ocrx_word' id='word_1_774' title='bbox 2204 4858 2334 4914; x_wconf 91' lang='lat' dir='ltr'><strong>ergo</strong></span> <span class='ocrx_word' id='word_1_775' title='bbox 2367 4842 2412 4896; x_wconf 91' lang='lat' dir='ltr'><strong>is</strong></span> <span class='ocrx_word' id='word_1_776' title='bbox 2438 4842 2534 4910; x_wconf 89' lang='lat' dir='ltr'><strong>qui</strong></span> <span class='ocrx_word' id='word_1_777' title='bbox 2582 4841 2798 4896; x_wconf 90' lang='lat' dir='ltr'><strong>Patrem</strong></span> <span class='ocrx_word' id='word_1_778' title='bbox 2834 4838 3080 4892; x_wconf 87' lang='lat' dir='ltr'><strong>nominat</strong></span> <span class='ocrx_word' id='word_1_779' title='bbox 3133 4837 3355 4905; x_wconf 76' lang='lat' dir='ltr'><strong>reapieit</strong></span> <span class='ocrx_word' id='word_1_780' title='bbox 3391 4835 3486 4890; x_wconf 82' lang='lat' dir='ltr'><strong>Fi-</strong></span> 
     </span>
    </p>
   </div>
   <div class='ocr_carea' id='block_1_106' title="bbox 1885 4929 3486 5005">
    <p class='ocr_par' dir='ltr' id='par_1_106' title="bbox 1885 4929 3486 5005">
     <span class='ocr_line' id='line_1_106' title="bbox 1885 4929 3486 5005; baseline -0.002 -17"><span class='ocrx_word' id='word_1_781' title='bbox 1885 4936 2015 4989; x_wconf 89' lang='lat' dir='ltr'><strong>lium</strong></span> <span class='ocrx_word' id='word_1_782' title='bbox 2048 4950 2146 5004; x_wconf 92' lang='lat' dir='ltr'><strong>per</strong></span> <span class='ocrx_word' id='word_1_783' title='bbox 2175 4951 2335 5005; x_wconf 84' lang='lat' dir='ltr'><strong>quem</strong></span> <span class='ocrx_word' id='word_1_784' title='bbox 2361 4935 2521 4990; x_wconf 84' lang='lat' dir='ltr'><strong>Pater</strong></span> <span class='ocrx_word' id='word_1_785' title='bbox 2553 4943 2667 5000; x_wconf 89' lang='lat' dir='ltr'><strong>est;</strong></span> <span class='ocrx_word' id='word_1_786' title='bbox 2700 4933 2795 5003; x_wconf 89' lang='lat' dir='ltr'><strong>qui</strong></span> <span class='ocrx_word' id='word_1_787' title='bbox 2827 4947 2958 4986; x_wconf 87' lang='lat' dir='ltr'><strong>vero</strong></span> <span class='ocrx_word' id='word_1_788' title='bbox 3012 4930 3315 5002; x_wconf 88' lang='lat' dir='ltr'><strong>ingenitum</strong></span> <span class='ocrx_word' id='word_1_789' title='bbox 3368 4929 3486 4985; x_wconf 88' lang='lat' dir='ltr'><strong>sive</strong></span> 
     </span>
    </p>
   </div>
   <div class='ocr_carea' id='block_1_107' title="bbox 1885 5021 3487 5095">
    <p class='ocr_par' dir='ltr' id='par_1_107' title="bbox 1885 5021 3487 5095">
     <span class='ocr_line' id='line_1_107' title="bbox 1885 5021 3487 5095; baseline -0.002 -16"><span class='ocrx_word' id='word_1_790' title='bbox 1885 5025 2190 5081; x_wconf 88' lang='lat' dir='ltr'><strong>increatum</strong></span> <span class='ocrx_word' id='word_1_791' title='bbox 2225 5025 2480 5095; x_wconf 87' lang='lat' dir='ltr'><strong>appellat,</strong></span> <span class='ocrx_word' id='word_1_792' title='bbox 2514 5035 2699 5080; x_wconf 87' lang='lat' dir='ltr'><strong>creata</strong></span> <span class='ocrx_word' id='word_1_793' title='bbox 2724 5023 2890 5089; x_wconf 86' lang='lat' dir='ltr'><strong>videt,</strong></span> <span class='ocrx_word' id='word_1_794' title='bbox 2935 5022 3135 5093; x_wconf 86' lang='lat' dir='ltr'><strong>quibus</strong></span> <span class='ocrx_word' id='word_1_795' title='bbox 3173 5023 3372 5078; x_wconf 85' lang='lat' dir='ltr'><strong>merito</strong></span> <span class='ocrx_word' id='word_1_796' title='bbox 3401 5021 3487 5076; x_wconf 92' lang='lat' dir='ltr'><strong>in-</strong></span> 
     </span>
    </p>
   </div>
   <div class='ocr_carea' id='block_1_108' title="bbox 1883 5116 3487 5188">
    <p class='ocr_par' dir='ltr' id='par_1_108' title="bbox 1883 5116 3487 5188">
     <span class='ocr_line' id='line_1_108' title="bbox 1883 5116 3487 5188; baseline -0.002 -16"><span class='ocrx_word' id='word_1_797' title='bbox 1883 5126 2102 5174; x_wconf 84' lang='lat' dir='ltr'><strong>ereatus</strong></span> <span class='ocrx_word' id='word_1_798' title='bbox 2117 5120 2412 5188; x_wconf 87' lang='lat' dir='ltr'><strong>opponitur</strong></span> <span class='ocrx_word' id='word_1_799' title='bbox 2436 5136 2452 5172; x_wconf 87' lang='lat'><strong>:</strong></span> <span class='ocrx_word' id='word_1_800' title='bbox 2480 5127 2631 5174; x_wconf 87' lang='lat' dir='ltr'><strong>certe</strong></span> <span class='ocrx_word' id='word_1_801' title='bbox 2664 5118 2832 5172; x_wconf 88' lang='lat' dir='ltr'><strong>multo</strong></span> <span class='ocrx_word' id='word_1_802' title='bbox 2864 5119 3036 5172; x_wconf 89' lang='lat' dir='ltr'><strong>satius</strong></span> <span class='ocrx_word' id='word_1_803' title='bbox 3057 5125 3146 5172; x_wconf 82' lang='lat' dir='ltr'><strong>est</strong></span> <span class='ocrx_word' id='word_1_804' title='bbox 3169 5116 3360 5172; x_wconf 90' lang='lat' dir='ltr'><strong>Patris</strong></span> <span class='ocrx_word' id='word_1_805' title='bbox 3390 5132 3487 5187; x_wconf 81' lang='lat' dir='ltr'><strong>ap-</strong></span> 
     </span>
    </p>
   </div>
   <div class='ocr_carea' id='block_1_109' title="bbox 1881 5209 3481 5282">
    <p class='ocr_par' dir='ltr' id='par_1_109' title="bbox 1881 5209 3481 5282">
     <span class='ocr_line' id='line_1_109' title="bbox 1881 5209 3481 5282; baseline 0.001 -19"><span class='ocrx_word' id='word_1_806' title='bbox 1881 5209 2232 5277; x_wconf 82' lang='lat' dir='ltr'><strong>pellationem</strong></span> <span class='ocrx_word' id='word_1_807' title='bbox 2261 5213 2386 5265; x_wconf 87' lang='lat' dir='ltr'><strong>inde</strong></span> <span class='ocrx_word' id='word_1_808' title='bbox 2419 5212 2747 5278; x_wconf 89' lang='lat' dir='ltr'><strong>sumi,unde</strong></span> <span class='ocrx_word' id='word_1_809' title='bbox 2771 5210 2895 5266; x_wconf 87' lang='lat' dir='ltr'><strong>Filii</strong></span> <span class='ocrx_word' id='word_1_810' title='bbox 2932 5211 3174 5281; x_wconf 90' lang='lat' dir='ltr'><strong>cognitio</strong></span> <span class='ocrx_word' id='word_1_811' title='bbox 3199 5211 3481 5282; x_wconf 73' lang='lat' dir='ltr'><strong>gignatur,</strong></span> 
     </span>
    </p>
   </div>
   <div class='ocr_carea' id='block_1_110' title="bbox 1880 5303 3461 5374">
    <p class='ocr_par' dir='ltr' id='par_1_110' title="bbox 1880 5303 3461 5374">
     <span class='ocr_line' id='line_1_110' title="bbox 1880 5303 3461 5374; baseline 0.003 -21"><span class='ocrx_word' id='word_1_812' title='bbox 1880 5320 2044 5374; x_wconf 80' lang='lat' dir='ltr'><strong>quam</strong></span> <span class='ocrx_word' id='word_1_813' title='bbox 2087 5304 2233 5369; x_wconf 87' lang='lat' dir='ltr'><strong>inde,</strong></span> <span class='ocrx_word' id='word_1_814' title='bbox 2278 5305 2420 5359; x_wconf 90' lang='lat' dir='ltr'><strong>unde</strong></span> <span class='ocrx_word' id='word_1_815' title='bbox 2461 5314 2842 5360; x_wconf 83' lang='lat' dir='ltr'><strong>creaturarum</strong></span> <span class='ocrx_word' id='word_1_816' title='bbox 2906 5304 3099 5358; x_wconf 84' lang='lat' dir='ltr'><strong>notitia</strong></span> <span class='ocrx_word' id='word_1_817' title='bbox 3165 5303 3461 5358; x_wconf 87' lang='lat' dir='ltr'><strong>inducatur</strong></span> 
     </span>
    </p>
   </div>
   <div class='ocr_carea' id='block_1_111' title="bbox 1877 5394 3456 5467">
    <p class='ocr_par' dir='ltr' id='par_1_111' title="bbox 1877 5394 3456 5467">
     <span class='ocr_line' id='line_1_111' title="bbox 1877 5394 3456 5467; baseline -0.001 -18"><span class='ocrx_word' id='word_1_818' title='bbox 1877 5411 1998 5465; x_wconf 64' lang='lat' dir='ltr'><strong>qum</strong></span> <span class='ocrx_word' id='word_1_819' title='bbox 2056 5397 2124 5451; x_wconf 88' lang='lat' dir='ltr'><strong>ad</strong></span> <span class='ocrx_word' id='word_1_820' title='bbox 2182 5397 2548 5467; x_wconf 82' lang='lat' dir='ltr'><strong>cognitionem</strong></span> <span class='ocrx_word' id='word_1_821' title='bbox 2616 5396 2904 5451; x_wconf 84' lang='lat' dir='ltr'><strong>Trinitatis</strong></span> <span class='ocrx_word' id='word_1_822' title='bbox 2944 5395 3079 5450; x_wconf 86' lang='lat' dir='ltr'><strong>nihil</strong></span> <span class='ocrx_word' id='word_1_823' title='bbox 3136 5394 3299 5465; x_wconf 90' lang='lat' dir='ltr'><strong>plane</strong></span> <span class='ocrx_word' id='word_1_824' title='bbox 3354 5409 3456 5450; x_wconf 88' lang='lat' dir='ltr'><strong>con</strong></span> 
     </span>
    </p>
   </div>
   <div class='ocr_carea' id='block_1_112' title="bbox 1876 5486 3478 5559">
    <p class='ocr_par' dir='ltr' id='par_1_112' title="bbox 1876 5486 3478 5559">
     <span class='ocr_line' id='line_1_112' title="bbox 1876 5486 3478 5559; baseline 0.001 -16"><span class='ocrx_word' id='word_1_825' title='bbox 1876 5489 2046 5544; x_wconf 89' lang='lat' dir='ltr'><strong>ducit.</strong></span> <span class='ocrx_word' id='word_1_826' title='bbox 2083 5486 2149 5543; x_wconf 86' lang='lat' dir='ltr'><strong>Et</strong></span> <span class='ocrx_word' id='word_1_827' title='bbox 2204 5489 2424 5558; x_wconf 83' lang='lat' dir='ltr'><strong>quidem</strong></span> <span class='ocrx_word' id='word_1_828' title='bbox 2456 5489 2547 5559; x_wconf 91' lang='lat' dir='ltr'><strong>qui</strong></span> <span class='ocrx_word' id='word_1_829' title='bbox 2585 5488 2802 5544; x_wconf 86' lang='lat' dir='ltr'><strong>Patrem</strong></span> <span class='ocrx_word' id='word_1_830' title='bbox 2842 5488 2994 5551; x_wconf 87' lang='lat' dir='ltr'><strong>dicit,</strong></span> <span class='ocrx_word' id='word_1_831' title='bbox 3025 5501 3180 5543; x_wconf 80' lang='lat' dir='ltr'><strong>exeo</strong></span> <span class='ocrx_word' id='word_1_832' title='bbox 3217 5487 3365 5557; x_wconf 90' lang='lat' dir='ltr'><strong>quod</strong></span> <span class='ocrx_word' id='word_1_833' title='bbox 3401 5502 3478 5545; x_wconf 78' lang='lat' dir='ltr'><strong>es.</strong></span> 
     </span>
    </p>
   </div>
   <div class='ocr_carea' id='block_1_113' title="bbox 1875 5579 3480 5653">
    <p class='ocr_par' dir='ltr' id='par_1_113' title="bbox 1875 5579 3480 5653">
     <span class='ocr_line' id='line_1_113' title="bbox 1875 5579 3480 5653; baseline -0.002 -16"><span class='ocrx_word' id='word_1_834' title='bbox 1875 5582 2122 5637; x_wconf 86' lang='lat' dir='ltr'><strong>nominat</strong></span> <span class='ocrx_word' id='word_1_835' title='bbox 2171 5583 2380 5639; x_wconf 89' lang='lat' dir='ltr'><strong>Deum:</strong></span> <span class='ocrx_word' id='word_1_836' title='bbox 2431 5582 2523 5653; x_wconf 86' lang='lat' dir='ltr'><strong>qni</strong></span> <span class='ocrx_word' id='word_1_837' title='bbox 2565 5596 2695 5638; x_wconf 84' lang='lat' dir='ltr'><strong>vero</strong></span> <span class='ocrx_word' id='word_1_838' title='bbox 2739 5582 3059 5653; x_wconf 87' lang='lat' dir='ltr'><strong>ingenitum,</strong></span> <span class='ocrx_word' id='word_1_839' title='bbox 3117 5580 3186 5635; x_wconf 89' lang='lat' dir='ltr'><strong>ab</strong></span> <span class='ocrx_word' id='word_1_840' title='bbox 3239 5595 3304 5635; x_wconf 90' lang='lat' dir='ltr'><strong>eo</strong></span> <span class='ocrx_word' id='word_1_841' title='bbox 3335 5579 3480 5649; x_wconf 89' lang='lat' dir='ltr'><strong>quod</strong></span> 
     </span>
    </p>
   </div>
   <div class='ocr_carea' id='block_1_114' title="bbox 1877 5674 3473 5739">
    <p class='ocr_par' dir='ltr' id='par_1_114' title="bbox 1877 5674 3473 5739">
     <span class='ocr_line' id='line_1_114' title="bbox 1877 5674 3473 5739; baseline -0.001 -11"><span class='ocrx_word' id='word_1_842' title='bbox 1877 5691 1980 5730; x_wconf 90' lang='lat' dir='ltr'><strong>non</strong></span> <span class='ocrx_word' id='word_1_843' title='bbox 2011 5683 2135 5731; x_wconf 88' lang='lat' dir='ltr'><strong>est:</strong></span> <span class='ocrx_word' id='word_1_844' title='bbox 2172 5686 2257 5732; x_wconf 85' lang='lat' dir='ltr'><strong>est</strong></span> <span class='ocrx_word' id='word_1_845' title='bbox 2290 5676 2434 5732; x_wconf 90' lang='lat' dir='ltr'><strong>enim</strong></span> <span class='ocrx_word' id='word_1_846' title='bbox 2469 5677 2629 5732; x_wconf 87' lang='lat' dir='ltr'><strong>Pater</strong></span> <span class='ocrx_word' id='word_1_847' title='bbox 2645 5674 2790 5739; x_wconf 89' lang='lat' dir='ltr'><strong>Filii,</strong></span> <span class='ocrx_word' id='word_1_848' title='bbox 2835 5683 3056 5730; x_wconf 84' lang='lat' dir='ltr'><strong>creatus</strong></span> <span class='ocrx_word' id='word_1_849' title='bbox 3079 5689 3208 5729; x_wconf 85' lang='lat' dir='ltr'><strong>vero</strong></span> <span class='ocrx_word' id='word_1_850' title='bbox 3240 5688 3346 5727; x_wconf 92' lang='lat' dir='ltr'><strong>non</strong></span> <span class='ocrx_word' id='word_1_851' title='bbox 3369 5683 3473 5726; x_wconf 83' lang='lat' dir='ltr'><strong>est.</strong></span> 
     </span>
    </p>
   </div>
   <div class='ocr_carea' id='block_1_115' title="bbox 1873 5766 3472 5841">
    <p class='ocr_par' dir='ltr' id='par_1_115' title="bbox 1873 5766 3472 5841">
     <span class='ocr_line' id='line_1_115' title="bbox 1873 5766 3472 5841; baseline -0.001 -16"><span class='ocrx_word' id='word_1_852' title='bbox 1873 5767 2029 5836; x_wconf 75' lang='lat' dir='ltr'><strong>Quod</strong></span> <span class='ocrx_word' id='word_1_853' title='bbox 2063 5779 2241 5828; x_wconf 86' lang='lat' dir='ltr'><strong>autem</strong></span> <span class='ocrx_word' id='word_1_854' title='bbox 2272 5771 2450 5841; x_wconf 82' lang='lat' dir='ltr'><strong>potius</strong></span> <span class='ocrx_word' id='word_1_855' title='bbox 2473 5785 2535 5827; x_wconf 79' lang='lat' dir='ltr'><strong>ex</strong></span> <span class='ocrx_word' id='word_1_856' title='bbox 2565 5785 2636 5827; x_wconf 86' lang='lat' dir='ltr'><strong>eo</strong></span> <span class='ocrx_word' id='word_1_857' title='bbox 2665 5769 2809 5840; x_wconf 87' lang='lat' dir='ltr'><strong>quod</strong></span> <span class='ocrx_word' id='word_1_858' title='bbox 2845 5777 2950 5837; x_wconf 88' lang='lat' dir='ltr'><strong>est,</strong></span> <span class='ocrx_word' id='word_1_859' title='bbox 2989 5782 3153 5838; x_wconf 87' lang='lat' dir='ltr'><strong>quam</strong></span> <span class='ocrx_word' id='word_1_860' title='bbox 3186 5766 3330 5838; x_wconf 86' lang='lat' dir='ltr'><strong>quod</strong></span> <span class='ocrx_word' id='word_1_861' title='bbox 3363 5780 3472 5824; x_wconf 86' lang='lat' dir='ltr'><strong>non</strong></span> 
     </span>
    </p>
   </div>
  </div>
