3922 6474
548 426 615 481 ετ
1522 414 1578 471 s.
1616 410 1891 469 cvmcu
1932 408 2400 465 ALEXANDRINI
2438 409 2760 467 AnClllEP.
3224 388 3225 391 γ
3711 417 3777 472 as

550 548 656 606 est,
678 540 767 595 Dei
795 534 1078 608 appellatio
1111 533 1184 609 sit
1217 529 1495 597 sumenda,
1523 529 1646 584 inde
1674 529 1846 584 cuivis
1889 526 2099 597 perspi-

2213 527 2269 580 Εἴ
2293 544 2377 591 τις
2408 528 2515 598 γὰρ
2548 527 2763 597 ἐκείνην
2804 527 2902 599 τὴν
2943 526 3216 599 ἄφραστον
3260 529 3351 583 καὶ
3394 530 3777 602 ἀκατάληπτον

547 644 704 685 cuum
735 628 894 683 fuerit
920 666 934 681 .
966 623 1021 680 Si
1044 624 1163 694 quis
1192 622 1333 677 enim
1368 620 1510 674 illam
1546 618 1863 673 ineffabilem
1898 617 2102 671 incom-

549 705 1071 792 prcliensibilemque
1103 725 1351 770 naturam
1386 704 1746 775 voccttieum,
1779 709 1845 762 ab
1863 724 1929 769 eo
1964 708 2102 777 quod

546 821 631 866 est
661 819 804 865 recte
830 807 1092 869 nominat,
1151 813 1203 859 et
1230 816 1351 858 cum
1387 800 1549 855 Deum
1581 800 1738 861 dixit,
1773 797 1917 852 illam
1950 806 2104 850 natu-

547 917 665 957 ram
687 899 1024 971 signiﬁcavit.
1071 895 1128 951 Si
1162 897 1285 966 quis
1314 908 1440 948 vero
1482 892 1551 945 ab
1585 906 1650 946 eo
1683 891 1825 961 quod
1873 904 1979 944 non
2021 898 2105 944 est

541 1008 670 1048 eum
702 991 978 1046 nominare
1023 986 1273 1049 voluerit,
1312 985 1652 1040 innocentem
1710 981 1794 1037 vel
1853 981 2101 1049 indepra-

548 1090 728 1136 vatum
754 1091 874 1133 eum
900 1074 1189 1146 appellans,
1212 1087 1275 1129 eo
1310 1074 1453 1142 quod
1497 1071 1628 1126 nihil
1665 1069 1791 1124 mali
1817 1069 1901 1124 vel
1948 1070 2101 1139 pravi

551 1170 604 1224 in
625 1184 688 1225 ea
744 1166 849 1230 sit,
889 1180 1018 1223 vere
1064 1165 1277 1236 quidem
1315 1165 1534 1227 dixerit,
1576 1163 1671 1218 sed
1725 1178 1829 1217 non
1883 1160 2105 1217 omnino

551 1267 713 1313 Deum
749 1254 1096 1326 significabit.
1148 1254 1289 1310 Sunt
1313 1252 1459 1310 enim
1494 1252 1655 1307 etiam
1688 1251 1830 1305 inter
1859 1249 2104 1315 homines

550 1348 814 1413 nonnulli,
839 1348 964 1403 mali
994 1358 1047 1404 et
1074 1346 1356 1419 pravitatis
1385 1354 1651 1414 expertes.
1672 1340 1942 1411 Ejusmodi
1974 1355 2103 1395 vero

546 1438 707 1494 etiam
740 1446 957 1494 sanctos
988 1437 1206 1507 angelos
1233 1450 1355 1492 esse
1384 1435 1675 1491 credimus.
1703 1434 1895 1490 Verius
1923 1438 2103 1503 itaque

549 1530 825 1602 magisque
869 1529 1083 1598 proprie
1109 1528 1177 1582 ab
1217 1527 1286 1583 iis
1308 1513 1429 1596 qua!
1450 1534 1554 1593 est,
1585 1541 1745 1596 quam
1791 1525 1858 1581 ab
1888 1524 1955 1580 iis
1983 1539 2105 1594 qua:

548 1629 776 1687 nonest,
822 1614 1234 1687 significabitur.

1135 1705 1239 1778 ιι
1278 1704 1506 1761 suun.

615 1800 810 1856 Beatus
846 1799 1007 1867 David
1032 1799 1355 1869 psallitetad
1378 1795 1570 1852 Filium
1601 1796 1760 1853 dicit:
1792 1812 1811 1848 ι
1848 1793 2099 1864 Propter-

546 1906 608 1950 ea
647 1893 801 1945 unxit
832 1900 882 1946 te
903 1888 1064 1968 Dens,
1099 1890 1239 1946 Deus
1273 1900 1397 1945 tuus
1435 1889 1552 1945 oleo
1584 1888 1961 1945 exsultationis
1994 1905 2101 1957 pra:

547 1981 898 2053 participibus
916 1982 1018 2036 tuis
1036 1979 1113 2035 ⁸.»
1137 1981 1191 2037 Si
1216 1996 1347 2051 ergo
1376 1981 1643 2037 diversum
1661 1991 1744 2037 est
1765 1981 1908 2051 quod
1938 1983 2103 2050 parti-

546 2073 689 2143 cipat
722 2074 788 2129 ab
811 2087 876 2127 eo
901 2073 1041 2143 quod
1072 2074 1424 2145 participatur
1453 2092 1468 2129 :
1504 2073 1647 2129 aliud
1698 2074 1841 2129 enim
1897 2073 1950 2129 in
1994 2073 2101 2128 alio

549 2160 951 2233 intelligendum
973 2172 1056 2218 est
1092 2181 1105 2216 :
1140 2162 1415 2233 paniceps
1431 2171 1608 2217 autem
1645 2162 1704 2217 fit
1731 2174 1980 2217 creatura
2016 2161 2103 2216 Fi-

550 2254 634 2321 lii,
667 2253 913 2309 diversus
945 2252 1186 2323 profecto
1209 2253 1373 2327 fuerit
1397 2268 1429 2309 a
1464 2263 1709 2310 creatura
1734 2267 1852 2323 qua
1876 2251 1958 2307 sui
1981 2269 2103 2322 par-

551 2348 719 2416 ticeps
742 2347 820 2405 fit.
846 2346 1109 2414 Quocirca
1146 2363 1317 2419 neque
1342 2358 1575 2403 creatus.
1627 2347 1683 2402 Si
1721 2362 1851 2403 vero
1874 2362 1978 2401 non
2021 2356 2105 2401 est

546 2438 796 2494 diversus
822 2441 890 2494 ab
929 2438 1015 2493 illa
1053 2438 1247 2499 Filius.
1286 2453 1462 2509 neque
1520 2439 1813 2493 secundum
1856 2446 2107 2491 naturam

549 2530 618 2584 ab
638 2545 699 2585 ea
729 2530 1035 2596 distinctus,
1072 2533 1195 2602 quis
1237 2541 1319 2588 est
1348 2548 1477 2589 usus
1520 2531 1990 2603 participationis‘l
2023 2532 2105 2587 vel

549 2622 816 2692 qnomodo
848 2623 968 2691 quis
987 2623 1258 2693 particeps
1288 2622 1514 2691 fiatejus
1549 2624 1689 2693 quod
1736 2623 1961 2694 ipsemet
1985 2624 2107 2678 est?

930 2742 1493 2842 ASSERTIO
1568 2753 1699 2839 ll.

619 2896 772 2965 Quod
798 2898 1082 2969 ingenitum
1115 2915 1215 2953 non
1242 2900 1307 2969 sit
1332 2888 1641 2965 substantia,
1673 2900 1766 2955 sed
1802 2900 2107 2956 substantim

1138 2968 1564 3039 signiﬁcationes.

618 3081 916 3152 ingenitum
942 3082 1095 3152 quasi
1145 3084 1466 3154 principium
1504 3092 1558 3139 et
1597 3099 1759 3141 causa
1823 3094 1877 3143 et
1907 3086 2105 3142 intelli-

2206 620 2365 689 φύσιν
2404 619 2593 690 καλοίη
2648 619 2799 683 Θεὸν,
2837 620 2930 689 ἀφ’
2965 615 3039 673 ὧν
3084 619 3231 673 ἔστιν
3264 621 3521 693 ὀνομάζει
3574 624 3774 700 καλῆς.

2204 712 2297 763 καὶ
2329 711 2460 764 Θεὸν
2496 710 2682 773 εἰπὼν,
2718 710 2933 774 πάντως
2959 712 3171 782 εκείνην
3201 713 3471 784 ἐσήμηνεν
3492 732 3507 747 θ
3536 719 3588 770 εί
3618 716 3673 770 δέ
3697 734 3775 780 τις

2203 805 2296 874 ἀφ’
2317 798 2392 858 ὧν
2424 804 2524 857 οὐκ
2546 804 2692 859 ἔστιν
2718 806 3019 877 ἐπιχειροίη
3048 805 3334 876 σημαίνειν
3358 806 3552 876 αὐτὴν,
3572 806 3776 861 ἄκακον

2204 897 2296 951 καὶ⁵
2319 898 2589 969 ἀπόνηρον
2624 898 2796 967 λέγων
2824 897 2913 952 διὰ
2941 898 3002 951 τὸ
3036 900 3112 969 μὴ
3141 898 3336 962 κακίαν
3361 898 3394 968 ἢ
3422 882 3695 971 πονηρίαν
3721 903 3775 953 ὲν

2202 988 2341 1059 αὐτῇ
2371 982 2542 1052 εἶναι,
2574 986 2860 1059 ἀληθεύσει
2896 986 3015 1058 μὲν,
3052 986 3167 1039 ἀλλ’
3199 986 3260 1039 οὐ
3313 986 3531 1050 πάντως
3582 985 3776 1057 μηνύει

2201 1077 2292 1130 τὸν
2314 1077 2446 1131 Θεόν
2464 1093 2479 1109 ο
2511 1079 2617 1132 alat
2638 1077 2747 1149 γὰρ
2767 1079 2860 1133 καὶ
2885 1081 2942 1131 ὲν
2967 1076 3274 1150 ἀνθρώποις
3302 1079 3497 1132 ᾱκακοι
3532 1079 3631 1132 καὶ
3651 1079 3779 1132 ἀπό-

2203 1184 2376 1239 νηροι.
2399 1168 2678 1235 Τοιούτους
2703 1170 2759 1223 δὲ
2792 1165 2933 1223 εἶναι
2966 1167 3294 1239 πιστεύομεν
3322 1172 3414 1223 καὶ
3431 1170 3561 1234 τοὺς
3591 1168 3778 1239 ἁγίους

2202 1260 2481 1328 ἀγγέλους.
2522 1261 2729 1315 Οὐκοῦν
2761 1262 2852 1331 ἀφ’
2882 1255 2959 1316 ὧν
2983 1261 3149 1327 εστιν,
3177 1261 3211 1333 ἢ
3241 1262 3334 1330 ἀφ’
3363 1255 3439 1315 ὦν
3469 1262 3574 1315 οὐκ
3610 1261 3778 1327 εστιν,

2202 1350 2558 1424 ἀληθέστερον
2580 1354 2673 1407 καὶ
2698 1352 3023 1425 οἰκειότερον
3050 1352 3485 1424 σημανθήσεται.

2883 1709 3093 1763 ΑΛΔΟ.

2282 1803 2340 1857 ’0
2365 1804 2630 1875 μακάριος
2644 1802 2806 1858 Δασὶδ
2825 1803 3037 1874 ψάλλει.
3062 1801 3155 1857 καί
3177 1818 3310 1872 φησι
3338 1803 3473 1875 πρὸς
3492 1802 3589 1857 τὸν
3613 1802 3742 1856 Υίόν
3765 1838 3788 1855 .

2135 1855 2177 1911 ⁸
2209 1915 2227 1947 ι
2255 1855 2799 1965 Διριζέιέοὴξχριςὶ
2835 1855 2898 1949 ἑτέ
2931 1897 2959 1949 6
2996 1855 3150 1961 es,
3189 1855 3406 1958 ἰ’θιάξ
3452 1855 3575 1948 ἓυά
3600 1855 3780 1948 se...

2200 1988 2566 2058 ἀγαλλιάσεως
2613 1988 2766 2060 παρὰ
2810 1988 2935 2051 τοὺς
2988 1987 3246 2058 μετόχους
3282 2003 3394 2042 σου.
3426 2006 3445 2040 s
3494 1988 3560 2041 El
3598 1987 3788 2041 τοίνυν

2200 2078 2386 2149 ἔτερόν
2412 2079 2464 2134 τί
2484 2080 2600 2135 ἐστι
2626 2082 2687 2136 τὸ
2719 2082 2943 2154 μετέχον
2989 2081 3136 2155 παρὰ
3160 2082 3222 2136 τδ
3252 2080 3783 2153 μετεχομενονοᾶλλο

2202 2172 2310 2244 γὰρ
2337 2174 2395 2226 ἑν
2426 2172 2572 2245 ἄλλῳ
2604 2174 2841 2229 νοεῖσθαι
2878 2176 3005 2245 χρήο
3042 2174 3257 2245 μετέχει
3296 2174 3355 2228 δὲ
3399 2176 3432 2245 ἡ
3469 2173 3654 2236 κτίσις
3685 2170 3779 2225 τοῦ

2202 2263 2356 2330 Tini,
2386 2263 2573 2336 ἔτερος
2599 2263 2665 2317 ἂν
2696 2263 2780 2335 εἴη
2812 2264 2963 2335 παρὰ
2980 2264 3080 2335 τὴν
3108 2263 3443 2334 μετέχουσαν
3467 2262 3638 2317 αὐτοῦ
3660 2262 3777 2315 κτί-

2204 2372 2320 2409 σιν’
2354 2355 2551 2410 οὐκοῦν
2594 2356 2715 2409 οὐδὲ
2763 2356 3004 2427 γενητός.
3042 2356 3104 2409 El
3156 2356 3215 2409 δὲ
3260 2356 3362 2409 οὐκ
3408 2355 3558 2409 ἔστιν
3591 2354 3782 2425 ἕτερος

2203 2449 2333 2519 παρ’
2361 2449 2578 2521 ἐκείνην
2597 2450 2626 2503 ὁ
2656 2448 2799 2513 Υἱὸς,
2832 2449 3089 2502 καὶκατὰ
3118 2448 3281 2517 φύσιν
3310 2449 3478 2519 αὐτῆς
3508 2444 3777 2519 διῃρημέ-

2202 2556 2309 2603 νος,
2346 2538 2431 2602 τίς
2472 2540 2507 2610 ἠ
2549 2539 2707 2610 χρεία
2732 2540 2831 2609 τῆς
2865 2539 3135 2611 μετοχῆςς
3170 2538 3203 2610 ἢ
3241 2538 3360 2603 πῶς
3383 2539 3449 2593 ἄν
3482 2556 3567 2603 τις
3608 2533 3781 2608 μετά-

2206 2645 2323 2701 σχοι
2348 2628 2442 2685 τοῦ
2471 2630 2607 2703 ὅπερ
2630 2629 2778 2684 ἐστιν
2816 2629 3011 2696 eam;

2718 2754 3079 2839 ΛΟΓθΣ
3154 2756 3264 2838 Βο.

2302 2912 2425 2966 Ὀτι
2458 2908 2527 2963 τὸ
2562 2908 2858 2980 ἀγένητον
2894 2910 3004 2963 οὐκ
3041 2909 3246 2974 οὐσία,
3283 2910 3424 2965 ἀλλ’
3461 2910 3685 2976 οὐσίας

2793 2980 3185 3050 σημαντικόν.
3270 3007 3274 3011 ι

2275 3096 2347 3151 Τὸ
2392 3096 2656 3167 ἀγένητον
2699 3094 2775 3158 ὡς
2820 3093 2963 3165 ἀρχὴ
3014 3093 3109 3146 καὶ
3156 3092 3329 3147 αἴτιον
3360 3092 3562 3146 νοεῖταί
3592 3109 3652 3147 τι
3686 3090 3782 3145 καὶ

549 3172 691 3243 gitur
717 3181 771 3228 et
799 3180 899 3228 est.
932 3171 1145 3227 Nullum
1172 3185 1349 3230 autem
1388 3176 1728 3245 principium,
1770 3178 1821 3232 in
1846 3192 2101 3248 quantum

2213 3188 2369 3241 ἔστιν.
2410 3186 2652 3257 Οὐδεμία
2677 3186 2733 3239 δὲ
2759 3184 2919 3256 ἁρχὴ,
2952 3185 3085 3238 καθὸ
3131 3185 3271 3256 ἀρχή
3307 3186 3474 3247 ἐστιν,
3505 3182 3694 3255 ὅμοιόν
3726 3198 3777 3233 τι

554 3263 873 3335 principium
930 3273 1037 3332 est,
1088 3264 1264 3321 simile
1312 3266 1514 3335 aliquid
1550 3267 1759 3336 sibiipsi
1808 3280 1901 3323 aut
1952 3271 2109 3325 dissi-

553 3355 677 3411 mile
709 3356 993 3425 signillcat.
1018 3355 1090 3411 At
1119 3370 1247 3412 vero
1270 3372 1373 3412 vox
1409 3358 1544 3420 haec.
1584 3359 1893 3429 ingenitum,
1942 3363 2110 3432 signi.

554 3446 679 3502 ficat
706 3446 757 3502 id
792 3447 933 3517 quod
968 3457 1209 3503 creatum
1259 3458 1361 3511 est,
1414 3449 1675 3506 dissimile
1716 3452 1816 3507 sibi
1849 3467 2001 3519 esse;
2027 3464 2110 3510 est

552 3540 695 3594 enim
735 3539 837 3595 hoc
865 3540 913 3596 ei
945 3542 1271 3612 oppositum.
1320 3539 1434 3595 Non
1468 3549 1550 3611 est
1604 3541 1766 3612 igitur
1808 3544 2106 3614 ingenitum

552 3631 875 3697 substantia,
909 3630 1004 3687 sed
1038 3632 1393 3688 substantiam
1429 3634 1514 3689 cui
1549 3634 1841 3705 apponitur
1882 3650 1987 3691 non
2033 3636 2107 3691 ita

552 3739 612 3782 se
643 3724 846 3782 habere
864 3724 1154 3797 significat.

1208 3816 1437 3875 ALIUD.

622 3908 774 3977 Quod
807 3908 1019 3978 quidem
1050 3908 1345 3979 ingenitum
1374 3910 1672 3966 substantia
1714 3926 1817 3968 non
1860 3912 1951 3978 sit,
1991 3916 2106 3985 jam

552 4010 827 4055 ostensum
862 4010 964 4056 est.
998 4001 1103 4056 Sed
1134 4002 1274 4057 dicet
1340 4002 1575 4058 forsitan
1621 4004 1836 4075 aliquis,
1861 4006 2110 4061 substan-

554 4091 681 4145 tiam
715 4092 929 4161 quidem
961 4107 1064 4147 non
1104 4107 1247 4159 esse,
1287 4093 1383 4149 sed
1429 4093 1805 4151 differentiam.
1840 4095 2108 4153 (laterum

551 4184 713 4238 etiam
754 4184 854 4237 hoc
886 4182 1118 4241 absurde
1151 4184 1332 4242 dicere
1368 4188 1703 4243 ostendetur.
1728 4186 1785 4242 Si
1813 4188 1957 4243 enim
1988 4201 2108 4243 om-

460 4283 467 4287 '
553 4274 639 4330 nis
660 4272 961 4331 diderentia
1001 4276 1145 4332 circa
1196 4278 1524 4334 substantias
1575 4278 1654 4345 fit,
1700 4279 1990 4349 quaerenda
2025 4287 2111 4334 est

552 4366 880 4431 substantia,
908 4366 1065 4437 cuius
1088 4357 1391 4423 differentia
1412 4369 1484 4424 sit
1515 4369 1832 4440 ingenitum.
1864 4370 2109 4440 Exempli

554 4456 744 4526 gratia,
770 4456 996 4512 definias
1025 4457 1223 4513 animal
1258 4459 1360 4515 boc
1393 4468 1549 4530 pacto
1581 4476 1595 4515 :
1630 4459 1939 4516 substantia
1987 4462 2108 4517 ani-

2210 3281 2371 3350 ἑαυτῇ
2424 3279 2456 3350 ἢ
2505 3280 2756 3349 ἀνόμοιον
2804 3277 3155 3348 σημαίνει.Ἥ
3200 3276 3256 3329 δὲ
3300 3273 3591 3345 ἀγένητος
3628 3271 3779 3344 φωνὴ

2210 3371 2462 3441 σημαίνει
2494 3370 2554 3424 τὺ
2592 3370 2816 3440 γενητὸν
2847 3368 3095 3438 ἀνόμοιον
3128 3366 3372 3437 ὑπάρχον
3404 3364 3552 3435 αὐτῷ
3574 3383 3589 3396 ·
3622 3360 3785 3417 τοῦτο

2208 3464 2315 3535 γὰρ
2345 3463 2403 3516 τὸ
2435 3462 2829 3531 ἀντικείμενον.
2862 3460 2975 3513 Οὐκ
3022 3458 3131 3529 ἄρα
3173 3457 3235 3511 τὸ
3282 3457 3548 3527 ἀγένητον
3597 3453 3773 3510 οὐσία.

2208 3555 2346 3607 ἀλλὰ
2391 3553 2482 3607 τοῦ
2531 3553 2606 3625 μὴ
2655 3550 2878 3606 ⁸ι-ιιιῶσδε
2925 3546 3063 3604 εἶναι
3094 3549 3194 3621 τὴν
3220 3548 3427 3615 οὐσίαν,
3463 3546 3588 3602 καθ’
3616 3542 3685 3618 ἧς
3712 3542 3777 3598 ἂν

2207 3647 2452 3702 τάττοιτο
2481 3646 2543 3700 τδ
2577 3644 2931 3718 σημαντικόν.

2887 3827 3089 3881 AAAO.

2278 3922 2402 3976 Ὀτι
2450 3921 2548 3993 μὲν
2591 3920 2693 3975 οὐκ
2733 3917 2891 3973 οὐσία
2942 3919 3003 3973 τὸ
3050 3916 3333 3989 ἀγένητον,
3363 3916 3462 3988 ἤδη
3487 3915 3772 3969 δέδεικται.

2220 4014 2358 4068 Ἀλλ’
2391 4016 2504 4085 ἐρεῖ
2531 4029 2613 4078 τις
2639 4011 2819 4081 τυχὸν,
2846 4009 3030 4063 οὐσίαν
3063 4009 3161 4081 μὲν
3187 4009 3288 4062 οὐκ
3310 4004 3469 4074 εἶναι,
3513 4002 3789 4078 διαφορὰν.

2206 4106 2261 4159 δέ
2286 4124 2297 4136 ·
2333 4104 2558 4175 ἀμαθῶς
2586 4102 2641 4157 δὲ
2660 4104 2753 4155 καὶ
2776 4100 2934 4156 τοῦτο
2956 4101 3128 4170 λέγων
3148 4100 3558 4172 ἐλεγχθήσεται.
3584 4100 3648 4152 El
3668 4094 3776 4165 γὰρ

2209 4198 2356 4251 πᾶσα
2389 4194 2619 4266 διαφορὰ
2650 4194 2778 4264 περὶ
2805 4194 2904 4256 τὰς
2928 4193 3115 4256 οὐσίας
3144 4192 3377 4261 γίνεται,
3401 4190 3587 4261 ζητεῖν
3615 4185 3775 4254 ἀνάγ·

2207 4308 2308 4361 κης
2338 4288 2403 4341 ἂν
2425 4288 2508 4357 εἴη
2530 4288 2628 4356 τὴν
2654 4286 2864 4351 οὐσίαν,
2888 4281 2954 4357 ἦς
2982 4285 3133 4338 ἔσται
3145 4285 3377 4355 διαφορὰ
3406 4284 3463 4337 τὸ
3489 4282 3775 4353 ἀγένητον.

2207 4376 2487 4452 οἷον.φέρε
2515 4381 2706 4443 εἰπεῖν,
2738 4377 2977 4449 ὁρίζεται
3002 4376 3141 4442 ζῶον
3162 4375 3239 4448 τῷ
3263 4376 3451 4449 τοιῷδε
3480 4376 3655 4447 λόγῳ·
3674 4370 3775 4427 οὐ·

2208 4472 2298 4527 σία
2330 4470 2568 4543 ἔμψυχος
2606 4467 2918 4539 αἰσθητικὴ.
2951 4467 3086 4537 Περὶ
3131 4467 3335 4537 ταύτην
3379 4466 3479 4538 τὴν
3522 4465 3711 4519 οὐσίαν
3742 4459 3781 4529 ἠν

552 4555 694 4600 mata
723 4560 883 4601 sensu
909 4548 1161 4634 pmdita.
1186 4546 1340 4603 Circa
1379 4548 1519 4603 banc
1558 4549 1918 4606 substantiam
1947 4550 2102 4608 diffe-

2213 4541 2435 4635 5t¢:po93t
2461 4562 2689 4631 γίνεται.
2711 4560 2784 4613 Τδ
2819 4559 2918 4629 μὲν
2945 4557 3054 4630 γάρ
3087 4559 3203 4612 ἔστι
3231 4557 3367 4624 ζῶον
3386 4556 3625 4625 λογικὸν,
3649 4554 3775 4619 θνη-

554 4637 725 4694 rentia
760 4637 840 4693 fit.
866 4631 1019 4694 Aliud
1040 4640 1182 4695 enim
1218 4641 1415 4695 animal
1442 4640 1702 4698 rationale
1723 4653 1824 4710 est,
1850 4644 2103 4708 mortale,

552 4728 917 4799 intelligentia:
953 4739 1009 4785 et
1053 4732 1289 4787 scientia:
1333 4747 1525 4801 capax,
1576 4742 1635 4787 ut
1689 4734 1870 4790 homo.
1945 4736 2102 4790 Aliud

550 4820 750 4876 animal
781 4821 1110 4889 irrationale,
1155 4834 1214 4879 ut
1257 4840 1449 4895 equus.
1482 4824 1875 4896 Prmsupposita
1922 4828 2105 4897 itaque

552 4910 886 4978 substantia,
938 4911 1253 4971 differentia:
1323 4927 1506 4987 postea
1559 4919 1980 4974 constituuntur.
2046 4918 2103 4975 Si

552 5016 685 5073 ergo
735 5004 1030 5074 ingenitum
1085 5004 1388 5062 differentia
1450 5020 1553 5075 est,
1622 5008 1898 5080 quteratur
1941 5013 2104 5069 etiam

552 5093 879 5159 substantia,
904 5092 1058 5163 cujus
1088 5097 1192 5151 erit
1231 5096 1558 5154 diﬂ'erentia.
1610 5100 1913 5158 Absurdum
1961 5096 2106 5158 enim

553 5192 636 5239 cst
696 5181 1055 5241 dilerentiam
1088 5189 1401 5245 substantia
1424 5190 1687 5247 rationem
1721 5194 1987 5249 obtinere.

1227 5281 1451 5338 ALIUD.

629 5368 686 5424 Si
710 5369 1003 5441 ingenitum
1033 5374 1333 5429 substantia
1355 5384 1460 5443 est,
1482 5390 1656 5445 neque
1685 5375 2103 5447 significativum

559 5460 700 5526 quod
726 5461 775 5515 id
800 5462 866 5517 de
898 5478 1003 5533 quo
1029 5464 1227 5519 dicitur
1266 5466 1504 5535 genitum
1544 5483 1649 5522 non
1699 5470 1791 5533 sit,
1843 5471 2111 5539 quomodo

2203 4656 2316 4721 τὸν,
2347 4654 2438 4709 νοῦ
2482 4652 2577 4708 καὶ
2610 4653 2919 4722 ἐπιστήμης
2965 4651 3228 4717 δεκτικὸν,
3252 4645 3363 4704 οἷον
3390 4652 3418 4703 ὁ
3447 4648 3735 4721 ἅνθρωπος
3757 4659 3770 4673 ⁸

2173 4746 2266 4803 ,τὸ
2312 4745 2370 4800 δὶ
2390 4744 2527 4811 ζῶον
2563 4743 2779 4812 ἄλογον,
2815 4736 2925 4797 οἷον
2957 4742 3142 4805 ἵππος.
3177 4739 3407 4805 Οὐκοῦν,
3440 4744 3773 4810 προϋποκει-

2207 4838 2372 4910 μένης
2400 4838 2498 4907 τῆς
2529 4834 2737 4900 οὐσίας,
2763 4835 2821 4888 al
2869 4835 3125 4906 διαφοραὶ
3177 4832 3677 4905 προσεπινοοῦνται.
3714 4826 3772 4880 Εί

2202 4930 2381 4985 τοίνυν
2424 4926 2655 4999 διαφορὰ
2700 4927 2762 4981 τὸ
2802 4926 3085 4995 ἀγένητον,
3118 4924 3383 4997 ζητείσθω
3414 4924 3508 4978 καὶ
3537 4927 3569 4995 ἡ
3598 4920 3771 4978 οὐσία.

2205 5020 2347 5085 τίνος
2381 5018 2532 5072 ἔσται
2562 5018 2820 5088 διαφορά·
2857 5016 3137 5087 ἀμήχανον
3179 5015 3290 5087 γὰρ
3329 5014 3517 5078 οὐσίας
3547 5010 3773 5087 φορισαι

2205 5112 2361 5181 λόγον
2389 5108 2487 5181 τὴν
2520 5108 2804 5179 διαφοράν.

2998 5281 3108 5334 A0.

2998 5281 3041 5334 Λ
3092 5318 3108 5334 .

2281 5375 2345 5430 El
2381 5348 2443 5429 τὸ
2485 5374 2747 5444 ἀγένητον
2778 5280 3089 5436 οὐσίιῒΛκαῗ
3127 5370 3189 5426 οὐ
3231 5368 3325 5425 τοῦ
3366 5372 3440 5442 μὴ
3482 5371 3773 5443 γενηθῆναι

2217 5467 2546 5539 σημαντικόν
2584 5467 2723 5533 ἐστι,
2754 5464 2894 5518 κατά
2916 5462 3036 5516 τίνα
3064 5464 3264 5534 τρόπον
3301 5465 3330 5517 ὁ
3368 5464 3495 5528 Υἱὸς
3528 5464 3773 5535 ἀνόμοιος

562 5548 729 5606 Filius
751 5552 1027 5609 dissimilis
1072 5557 1177 5611 erit
1224 5555 1393 5621 Patri,
1436 5573 1557 5613 cum
1615 5575 1682 5615 ex
1738 5561 1853 5629 ipso
1901 5562 2105 5631 genitus

2217 5562 2370 5615 ἔσται
2394 5558 2472 5631 τῷ
2498 5559 2692 5631 Πατρὶ,
2715 5554 2987 5628 γεννητῶς
3010 5556 3269 5627 ὑπάρχων
3289 5554 3349 5620 ἐξ
3375 5555 3562 5621 αὐτοῦ;
3591 5558 3653 5611 Ei
3670 5549 3773 5623 γὰρ

559 5640 668 5697 siti
695 5642 825 5697 Nam
856 5646 901 5700 si
937 5646 1053 5701 bare
1076 5647 1289 5704 nomina
1321 5648 1522 5705 nullum
1549 5650 1688 5707 inter
1716 5666 1776 5707 se
1822 5654 2111 5711 discrimen

638 5822 675 5856 ⁸-
691 5826 833 5879 i'sai.
867 5843 1010 5895 λων,
1041 5830 1093 5884 ο.

2224 5655 2298 5725 μή
2327 5669 2450 5707 τινα
2482 5650 2728 5721 διαφορεῖ
2750 5648 2819 5704 τὰ
2843 5646 3079 5718 ὀνόματα
3108 5648 3244 5719 πρὸς
3270 5646 3471 5717 ἄλληλα
3500 5648 3598 5720 τὴν
3630 5649 3771 5703 ἀντι·
