3922 6508
396 464 457 522 81
1408 458 1468 515 S.
1509 452 1788 513 CYRILLI
1826 447 2295 507 ALEXANDRINI
2335 449 2655 507 ARCHIEP.
3583 454 3659 509 τι

396 585 573 639 debet.
612 582 669 638 Si
698 596 827 652 ergo
850 582 1277 639 substantiarum
1315 574 1656 634 deﬁnitiones
1697 588 1802 629 non
1833 586 1935 628 con

2110 570 2474 624 ατατάττοιτο.
2512 570 2577 623 Ei
2621 569 2799 624 τοίνυν
2844 572 2893 625 σί
2937 569 3045 624 τῶν
3084 568 3283 623 οὐσιῶν
3316 568 3433 640 ὅροι
3460 566 3561 621 οὐκ
3592 570 3659 621 ἐκ

395 681 544 729 stant
564 687 629 729 es
651 673 967 744 aequivocis,
997 688 1174 743 neque
1195 685 1263 727 ex
1298 669 1547 725 terminis
1576 666 1757 722 varias
1799 665 1944 736 signi

2105 660 2177 714 ῶν
2228 660 2553 733 ὁμωνύμων,
2600 662 2709 716 οὐδ’
2746 665 2811 717 ὲκ
2862 663 2970 716 τῶν
3016 662 3300 732 πολλαχῶς
3342 659 3654 731 νοουμένωτ

400 764 676 820 ﬁcationes
702 764 1023 820 habentibus
1050 768 1262 833 (neque
1288 751 1434 816 enim
1467 757 1519 814 id
1542 758 1685 828 quod
1713 756 1949 813 deﬁnitu:

2108 753 2435 822 αμσάνονται
2468 752 2617 823 (οὐδὲ
2650 752 2760 825 γὰρ
2809 752 2964 808 ἔσται
3014 752 3182 821 σαφὲς
3213 750 3275 812 τδ
3314 749 3657 820 ὁριζόμενον,

398 854 773 925 explicabitur,
804 854 849 910 si
876 870 940 911 ex
977 855 1041 909 iis
1085 852 1349 921 constet),
1381 850 1601 920 ξηραιιὶιὲ
1662 862 1794 905 vero
1842 862 1943 903 vos

2105 847 2119 897 l
2166 848 2229 898 ὲκ
2275 844 2480 898 τούτων
2525 844 2898 915 λαμϐάνοιτο),
2951 846 2985 915 ή
3038 844 3093 896 δὲ
3140 841 3427 913 ἀγένητος
3479 838 3650 909 φωνὴ,

401 950 461 998 ιιι
495 946 654 1000 modo
680 945 937 1011 diximus,
975 944 1251 1014 aaquivoca
1290 951 1376 999 est
1414 960 1430 998 :
1466 947 1616 998 certe
1664 940 1950 1010 ingenitun

2110 936 2319 1009 αθάπερ
2346 937 2445 1008 ήδη
2476 936 2828 1008 προείπομεν,
2866 936 2977 991 τῶν
3007 933 3317 1008 όμωνιὶμων
3353 933 3526 998 εστὶν,
3553 931 3659 984 οίη⁹

402 1033 641 1091 deﬁnitio
668 1049 789 1091 esse
818 1050 923 1089 non
952 1043 1151 1105 potest.

2074 1028 2139 1081 ἂν
2168 1028 2251 1100 εἴη
2280 1029 2403 1099 ὄρος
2435 1026 2497 1081 τὺ
2522 1028 2814 1099 ἀγένητον.

1071 1143 1302 1227 suun.
1600 1156 1611 1163 σ

1600 1156 1611 1163 σ
2762 1142 2967 1196 ΑΑΑο.
3058 1100 3062 1101 ί

476 1258 531 1313 Si
566 1274 759 1314 nomen
786 1258 904 1313 sive
930 1273 1032 1313 vox
1080 1258 1319 1327 ingenui,
1360 1255 1608 1318 deﬁnitio
1640 1263 1745 1321 est,
1789 1256 1974 1314 susci-

2142 1253 2204 1307 Εί
2230 1254 2353 1326 ὄρος
2381 1255 2496 1307 ἐστὶ
2526 1254 2587 1307 τὸ
2608 1254 2936 1323 ἀγέννητος
2962 1253 3132 1324 ὄνομα
3162 1254 3281 1323 ήτοι
3304 1251 3474 1320 φωνὴ,
3512 1249 3666 1316 δέξε-

405 1351 515 1420 piet
546 1348 786 1420 profecto
808 1351 963 1420 juxta
1013 1349 1278 1405 rationem
1308 1348 1709 1413 deﬁnitionum,
1742 1361 1954 1402 conver:

2117 1363 2164 1399 ιι
2187 1346 2430 1416 δηλονότι
2458 1347 2602 1417 κατᾶ
2628 1347 2689 1399 τὸ
2720 1346 2827 1401 τῶν
2852 1348 2993 1418 ὅρων
3028 1345 3214 1416 σχῆμα
3243 1344 3343 1415 τὴν
3374 1344 3666 1413 ἀντιστρο-

405 1440 630 1497 sionem.
659 1441 833 1495 Veluti
862 1442 905 1495 si
934 1442 1057 1511 quis
1086 1440 1358 1496 hominem
1376 1440 1657 1501 deﬁniens,
1681 1439 1826 1493 dicat
1853 1452 1954 1494 esst

2117 1439 2210 1507 ήν·
2245 1436 2435 1509 ῶσπερ
2482 1438 2535 1491 εί
2578 1455 2665 1502 τις
2712 1437 2804 1492 τὸν
2850 1436 3135 1509 ἄνθρωπον
3180 1434 3399 1507 ὁρίζων,
3443 1434 3517 1495 ὼς
3572 1432 3666 1503 εἰη

407 1528 606 1584 animal
637 1529 919 1594 rationale,
938 1514 1194 1606 mortale,
1258 1529 1627 1601 intelligentiae
1693 1537 1750 1584 et
1799 1529 1956 1585 scien«

2114 1528 2213 1583 ὦον
2258 1528 2494 1598 λογικὸν,
2528 1529 2740 1601 θνητὸν,
2776 1529 2869 1585 νοῦ
2905 1530 2999 1584 καὶ
3033 1529 3346 1599 ἐπιστήμης
3385 1525 3663 1590 δεκτικὸν,

409 1622 497 1675 tia
524 1634 727 1689 capas;
773 1622 976 1691 poterit
1018 1622 1121 1677 hoc
1177 1621 1351 1690 ipsum
1400 1634 1591 1677 rursus
1630 1627 1958 1687 convertere1

2124 1621 2445 1690 ηιστρέφων
2480 1621 2642 1675 πάλιν
2680 1622 2811 1675 αὐτὸ
2837 1621 2986 1689 λέγοι
3006 1634 3018 1650 ·
3050 1621 3119 1677 Et
3150 1637 3234 1684 τις
3258 1618 3396 1682 ζῶον
3420 1615 3673 1685 λογικὸν,

407 1710 632 1766 dicens:
665 1712 720 1765 Si
756 1710 898 1782 quod
935 1712 1132 1767 animal
1163 1722 1247 1768 est
1290 1712 1573 1780 rationale,
1606 1711 1858 1777 mortale,
1892 1713 1956 1767 in-

2121 1712 2288 1783 νητὸν,
2325 1712 2416 1766 νοῦ
2466 1714 2562 1767 καὶ
2596 1714 2911 1784 ἐπιστήμης
2944 1712 3225 1777 δεκτικὸν,·
3249 1709 3409 1764 τοῦτο
3441 1710 3670 1773 πάντως

410 1800 715 1870 telligentia:
736 1812 791 1855 et
814 1802 1053 1857 scientia:
1078 1818 1269 1873 capax,
1300 1804 1353 1858 id
1375 1801 1594 1858 omnino
1609 1802 1787 1858 .etiam
1814 1801 1959 1858 homt

2120 1801 2176 1857 al.
2209 1803 2513 1875 ἄνθρωπος.
2542 1804 2607 1857 El
2629 1804 2807 1857 τοίνυν
2841 1804 2899 1858 τὸ
2928 1804 3212 1877 ἀγένητον,
3264 1802 3518 1871 καθάπερ
3546 1801 3669 1871 ήδη

408 1898 513 1946 est.
545 1889 877 1963 Quapropter
902 1894 947 1951 si
984 1893 1280 1966 ingenitum
1309 1895 1493 1967 (sicut
1520 1896 1677 1952 modo
1702 1894 1957 1967 diximus:

2125 1894 2432 1967 ροείπομεν,
2457 1896 2581 1965 ὅρος
2604 1895 2740 1959 ἐστὶ,
2768 1894 2841 1965 μή
2866 1893 3239 1965 παραιτείσθω
3256 1893 3353 1963 τὴν
3382 1894 3672 1962 ἀντιστρο-

409 1980 651 2037 deﬁnitio
718 1992 849 2050 est,
873 1999 941 2040 ne
988 1994 1203 2043 recuset
1235 1988 1664 2044 conversionem.
1718 1985 1775 2042 Si
1826 1988 1958 2043 enim

2123 1988 2222 2058 ήν·
2275 1986 2325 2038 εἰ
2372 1986 2481 2058 γὰρ
2520 1987 2579 2038 τδ
2612 1985 2873 2056 ἀγένητον
2903 1986 3078 2048 οὐσία,
3110 1986 3205 2038 καὶ
3254 1986 3287 2055 ή
3328 1984 3485 2037 οὐσία
3530 1982 3671 2050 ἀγέ-

410 2072 703 2142 ingenitum
735 2072 1037 2132 substantia
1070 2086 1154 2133 est
1196 2096 1211 2133 :
1245 2078 1544 2135 substantia
1573 2078 1737 2135 etiam
1780 2087 1864 2133 est
1890 2079 1959 2133 in.

2121 2096 2270 2150 ητονο
2323 2079 2439 2132 ἀλλ’
2477 2080 2579 2132 οὐκ
2628 2080 2997 2150 ἀντιστρέφει.
3040 2081 3113 2133 Οὐ
3156 2078 3266 2151 γὰρ
3314 2080 3463 2132 πᾶσα
3505 2076 3670 2131 οὐσία

409 2162 669 2232 genitum,
705 2167 799 2221 sed
845 2182 949 2222 non
990 2170 1345 2224 convertitur.
1392 2168 1579 2240 Neque
1623 2171 1768 2227 enim
1802 2169 1958 2226 omnia

2127 2170 2299 2233 ἀντως
2325 2170 2442 2224 ἐστὶ
2480 2171 2575 2224 καὶ
2621 2169 2885 2242 ἀγένητος
2905 2186 2920 2202 ’
2954 2171 3104 2242 ’μόνῳ
3133 2172 3190 2224 δὲ
3221 2171 3340 2243 Θεῷ
3381 2170 3501 2224 κατ’
3530 2167 3676 2233 ἑξαε-

410 2253 709 2310 substantia
763 2257 815 2311 in
870 2259 1179 2315 universum
1227 2261 1391 2315 etiam
1440 2261 1676 2331 ingenita
1710 2268 1826 2328 est;
1875 2260 1959 2315 sol

2121 2276 2239 2313 ετον
2268 2257 2423 2313 τοῦτό
2451 2260 2796 2331 ἑστιν.⁶’ορος
2822 2255 2916 2313 οὖν
2940 2260 3041 2314 οὐκ
3062 2260 3137 2313 κᾶν
3167 2260 3249 2332 ειη
3280 2260 3341 2313 τὸ
3366 2259 3636 2330 ἀγένητον
3656 2272 3670 2288 ο

409 2346 552 2398 cnim
585 2347 690 2402 Deo
739 2348 839 2404 hoc
870 2351 1137 2420 peculiare
1173 2362 1274 2407 est.
1324 2348 1442 2408 Non
1478 2362 1562 2407 est
1605 2369 1733 2422 ergo
1779 2366 1958 2407 nomer

1689 2369 1733 2414 το
1779 2366 1973 2407 nomen
2079 2351 2197 2404 ἀλλ’
2225 2351 2308 2405 ὅτι
2344 2350 2419 2422 μὴ
2443 2349 2740 2422 γεγένηται
2772 2350 2931 2421 μόνον
2964 2351 3238 2421 σημαίνει.

412 2436 631 2505 iugeniti
660 2438 898 2495 deﬁnitio
931 2458 946 2495 :
980 2442 1084 2511 sed
1103 2452 1308 2497 tantum
1343 2459 1449 2499 non
1475 2458 1597 2500 esse
1623 2446 1875 2515 genitum
1897 2442 2193 2514 signiﬁcat.

785 2569 1352 2664 ASSERTIO
1431 2574 1621 2661 III.

1597 2632 1621 2657 .
2598 2564 2965 2650 ΛΟΓΟΣ
3037 2566 3146 2650 Γ.

414 2712 685 2789 Refntatio
732 2717 1067 2789 adrverbum,
1106 2720 1245 2789 quod
1292 2721 1578 2789 ingenitum
1624 2738 1726 2776 non
1754 2722 1822 2775 sit
1867 2725 1961 2777 sub

2126 2718 2439 2789 Azodorlq
2458 2690 2791 2789 abroxeﬁsi,
2822 2721 2911 2773 ὅτι
2933 2720 3018 2789 μὴ
3045 2720 3111 2773 τὸ
3143 2719 3437 2789 ἀγένητον
3464 2721 3675 2781 οὐσία,

484 2788 701 2852 stantia,
732 2788 821 2841 sed
867 2797 1071 2841 tantum
1117 2786 1369 2860 signiﬁed
1410 2790 1578 2846 Deum
1612 2792 1847 2862 genitum
1880 2810 1983 2848 non

482 2869 611 2909 use.

2156 2786 2350 2910 μέζον
2379 2786 2447 2840 δὲ
2478 2787 2584 2843 τοῦ
2606 2789 2693 2859 μὴ
2726 2786 3028 2859 γεγονέναι
3060 2790 3166 2845 τὸν
3192 2786 3358 2857 Θεὸν,
3386 2806 3678 2860 angar-ts-

2164 2874 2203 2910 κ
2280 2894 2294 2909 .

596 2893 611 2908 .
2164 2874 2294 2910 κον.

486 2964 543 3022 Si
580 2969 870 3038 ingenitum
920 2973 1217 3028 substantia
1246 2986 1352 3039 est,
1398 2986 1454 3031 et
1488 2975 1806 3031 substantiae
1850 2977 1984 3032 nihil

2165 2970 2227 3021 El.
2265 2968 2326 3021 τὸ
2360 2969 2623 3038 ἀγένητον
2658 2969 2836 3037 οὐσία,
2872 2973 2937 3041 τῇ
2964 2971 3020 3023 δὲ
3046 2971 3203 3041 οὐσίᾳ
3229 2972 3379 3024 οὐδὲν
3409 2973 3677 3039 ἐναντίον,

417 3065 501 3111 est
534 3060 890 3125 contrarium,
924 3062 1059 3115 nihit
1104 3063 1207 3117 erit
1249 3064 1485 3135 ingenito
1529 3066 1878 3120 contrarium.
1922 3064 1966 3119 S‘

2132 3057 2241 3109 Βδὲν
2290 3057 2398 3128 ἄρα
2450 3058 2602 3111 ἔσται
2633 3058 2709 3128 τῷ
2740 3060 2991 3130 ἀγενήτῳ
3036 3060 3295 3114 ἐναντίον.
3326 3061 3388 3113 Εἰ
3426 3061 3483 3114 δέ
3528 3063 3681 3116 ἐστιν

417 3163 546 3203 vero
605 3152 932 3205 contrarium
987 3162 1069 3207 est
1116 3154 1356 3225 ingenito
1394 3156 1632 3233 genitum
1661 3196 1676 3221 ,
1722 3157 1966 3211 substan-

2133 3147 2328 3201 μαντίον
2378 3148 2455 3219 τῷ
2487 3150 2733 3221 ἀγενήτῳ
2767 3150 2829 3203 τὸ
2866 3151 3109 3221 γενητὸν,
3152 3154 3217 3221 τῇ
3247 3152 3302 3205 δὲ
3330 3152 3487 3223 οὐσίᾳ
3524 3154 3682 3207 οὐδὲν

424 3240 509 3293 the
547 3249 724 3296 autem
775 3244 907 3298 nihil
952 3248 1319 3315 contrarium,
1376 3249 1677 3319 ingenitum
1725 3266 1829 3307 non
1879 3253 1973 3307 erit

1725 3266 1829 3307 ηοη
1879 3253 1985 3307 em
2015 3270 2058 3328 ε
2091 3237 2351 3304 ἐναντίον,
2383 3238 2443 3291 τὸ
2480 3239 2742 3309 ἀγένητον
2776 3240 2876 3294 οὐκ
2903 3241 3055 3295 ἔσται
3090 3243 3268 3295 οὐσία.

420 3332 739 3388 substantia.

1018 3428 1119 3497 17
1162 3428 1395 3485 ALIUD.
2777 3424 2983 3478 AAAO.

496 3528 552 3587 Si
577 3533 867 3603 ingenitum
902 3547 985 3591 est
1009 3538 1328 3606 substantia,
1356 3544 1669 3600 necessario
1699 3544 1861 3600 etiam
1895 3563 1993 3617 ge-

2164 3538 2227 3592 Εί
2269 3537 2333 3592 τὸ
2368 3537 2635 3610 ἀγένητον
2682 3539 2861 3607 οὐσία,
2914 3540 2972 3606 ἐξ
3016 3540 3261 3611 ἀνάγκης
3306 3540 3456 3595 ἔσται
3490 3541 3587 3594 καὶ
3620 3542 3682 3595 τὸ

423 3622 593 3677 nitum
618 3626 721 3679 erit
759 3626 1057 3682 substantia
1098 3645 1109 3681 :
1146 3630 1189 3685 si
1220 3646 1348 3687 vero
1381 3640 1671 3704 utrumque
1716 3646 1799 3691 est
1859 3640 1972 3693 sub-

2133 3629 2318 3700 ενητὸν
2345 3629 2500 3684 οὐσία
2522 3645 2537 3661 ο
2568 3631 2616 3683 εί
2646 3630 2703 3683 δὲ
2727 3630 2885 3684 οὐσία
2917 3630 3175 3701 ἑκάτερα,
3219 3632 3318 3685 οὐκ
3350 3632 3502 3685 ἔσται
3526 3635 3682 3686 ἐναν-

423 3717 644 3781 stantia,
676 3733 779 3771 non
814 3722 917 3774 erit
946 3723 1276 3776 contrarium
1302 3724 1538 3794 ingenito
1572 3728 1833 3793 genitum,
1898 3745 1972 3784 sei

2134 3720 2205 3773 ἴον
2244 3720 2322 3791 τῷ
2357 3722 2606 3792 ἀγενήτῳ
2634 3722 2694 3775 τὸ
2746 3724 2995 3793 γενητὸν,
3037 3723 3177 3778 ἀλλὰ
3221 3725 3438 3777 ταυτόν.
3466 3726 3542 3778 Οὐ
3571 3726 3683 3797 γὰρ

424 3805 585 3859 idem.
618 3806 803 3879 Neque
831 3810 973 3875 enim
1003 3813 1304 3869 substantia
1359 3815 1675 3873 substantia:
1712 3821 1973 3879 conti-ari;

1363 3815 1675 3873 substantiae
1712 3821 1986 3879 contraria
2093 3813 2330 3867 ἐναντίον
2354 3814 2513 3867 οὐσία
2544 3815 2680 3886 πρὸς
2708 3814 2912 3870 οὐσίαν.

420 3906 524 3951 est.

1083 4018 1318 4075 ALIUD.
2773 4013 2976 4070 AAAO.

496 4122 550 4179 Si
593 4122 886 4192 ingenitum
945 4127 1302 4183 substantiam
1367 4129 1459 4187 Dei
1530 4129 1821 4200 signiﬁcat,
1884 4147 1989 4186 non

2164 4125 2227 4177 Ei
2260 4124 2319 4177 τὸ
2360 4125 2620 4195 ἀγένητον
2659 4126 2848 4179 οὐσίαν
2889 4124 3025 4178 Θεοῦ
3059 4124 3332 4195 σημαίνει,
3360 4124 3475 4178 ἀλλ’
3522 4125 3584 4178 οὗ
3622 4125 3682 4179 τὸ

424 4226 553 4268 vero
585 4223 732 4271 notat
754 4216 1104 4273 substantiam
1136 4222 1372 4291 genitam
1427 4236 1530 4277 non
1554 4236 1694 4285 esse,
1755 4223 1973 4293 genitun

2205 4218 2456 4286 γενέσθαι
2483 4220 2581 4290 τὴν
2614 4221 2823 4283 οὐσίαν,
2861 4221 2953 4272 καὶ
2993 4219 3053 4272 τὸ
3078 4220 3302 4291 γενητὸν
3330 4220 3557 4284 εἰκότως
3592 4223 3681 4274 οὑ-

426 4319 640 4375 quoque
663 4306 914 4363 similiter
940 4313 1296 4367 substantiam
1373 4313 1715 4382 signiﬁcabit,
1776 4329 1879 4368 nec
1903 4330 1975 4383 ge-

2132 4310 2238 4375 ίαν,
2268 4310 2383 4363 ἀλλ’
2416 4312 2475 4363 οὐ
2522 4311 2583 4363 τὸ
2622 4310 2895 4380 γενέσθαι.
2947 4312 3149 4366 Οὐσίαν
3202 4312 3258 4365 δὲ
3303 4313 3681 4383 σημαινόντων

429 4400 597 4455 nilum
629 4417 749 4459 esse
769 4402 996 4457 notabit.
1028 4402 1162 4457 Cum
1193 4412 1371 4458 autem
1405 4413 1695 4473 utrumque
1745 4406 1978 4459 substan'

2132 4400 2393 4472 πατέρων,
2426 4401 2589 4455 πόθεν
2630 4402 2743 4474 γνῷ
2790 4422 2872 4467 τις
2918 4403 3017 4475 τὴν
3048 4404 3144 4474 μὲν
3178 4403 3458 4469 ποιοῦσαν,
3493 4406 3591 4476 τὴν
3623 4404 3681 4458 δὲ

430 4494 555 4546 tiam
583 4493 864 4562 signiﬁcet,
894 4494 1035 4549 unde
1056 4503 1345 4565 cognoscet
1414 4496 1535 4566 quis
1602 4497 1827 4553 alteram
1877 4499 1979 4569 qui-

2127 4489 2405 4560 ἰνομένην,
2452 4490 2599 4557 ἅπαξ
2654 4490 2761 4544 τῶν
2809 4491 3092 4560 ὀνομάτων
3148 4491 3301 4544 οὐδὲν
3352 4490 3676 4561 δηλούντων,

427 4586 547 4639 dem
569 4585 897 4655 gignentem,
922 4586 1144 4640 alteram
1174 4587 1427 4657 genitam,
1453 4601 1571 4643 cum
1622 4590 1836 4645 nomina
1862 4592 1971 4645 nihi

1182 4587 1427 4657 genitam,
1453 4601 1571 4643 cum
1622 4590 1836 4645 nomina
1862 4592 1993 4645 nihil
2027 4621 2069 4675 υ
2098 4580 2211 4635 ἀλλ’
2244 4581 2277 4651 ἢ
2318 4582 2477 4653 μόνον
2510 4581 2731 4648 οὐσίανς

427 4674 731 4746 signiﬁcent
763 4675 860 4730 nisi
885 4676 1282 4730 substantiam?

1092 4782 1325 4841 ALIUD.

2790 4788 2992 4845 MAG.
3090 4796 3124 4801 “

500 4899 558 4955 Si
588 4900 882 4971 ingenitum
906 4899 1208 4955 substantia
1238 4909 1339 4964 est,
1369 4898 1675 4955 substantia
1724 4912 1905 4955 autem
1934 4901 1999 4955 de

2170 4901 2234 4955 Εί
2264 4899 2611 4972 τδλάγένητον
2632 4900 2792 4956 οὐσία
2810 4916 2822 4930 °
2847 4903 2880 4971 ή
2917 4902 2973 4955 δὲ
2999 4901 3153 4957 οὐσία
3192 4902 3282 4956 ἐπὶ
3312 4904 3529 4959 πάντων
3556 4911 3682 4961 συν-

428 4992 680 5049 omnibus
729 4992 957 5045 uuivoce
1010 4990 1248 5045 dicitur:
1303 4990 1600 5060 ingenitum
1653 4992 1717 5046 de
1744 4992 1977 5045 omnibus

2133 4992 2331 5062 ινύμως
2372 4992 2622 5060 λέγεται·
2687 4992 2747 5044 τὸ
2792 4994 3049 5065 ἀγένητον
3091 4995 3182 5047 ἐπὶ
3226 4995 3414 5050 πασῶν
3444 4997 3553 5050 τῶν
3586 4999 3682 5051 οὑ-

430 5084 743 5141 Substantiis
769 5083 995 5148 dicetur,
1021 5092 1112 5136 aut
1134 5083 1200 5137 de
1260 5082 1510 5137 omnibus
1554 5098 1671 5152 qum
1700 5083 1801 5137 sub
1866 5083 1979 5152 ipsi:

2132 5082 2233 5134 ιῶν
2262 5081 2605 5153 λεχθήσεται,
2640 5082 2673 5153 ἢ
2706 5084 2797 5136 ἐπὶ
2844 5084 3060 5136 πάντων
3096 5083 3203 5138 τῶν
3239 5086 3329 5138 ὑπ’
3365 5086 3579 5151 αὐταῖς.
3618 5090 3681 5142 El

430 5184 574 5231 sunt.
609 5172 665 5229 Si
683 5175 1121 5245 veroingenitum
1147 5174 1211 5229 de
1238 5175 1489 5229 omnibus
1520 5190 1623 5229 non
1654 5175 1975 5244 praedicatur

2135 5173 2247 5225 ὲτὸ
2296 5173 2557 5243 ἀγένητον
2587 5174 2679 5226 ἐπὶ
2721 5174 2936 5228 πάντων
2979 5176 3040 5227 οὐ
3096 5178 3504 5245 κατηγορεῖται,
3553 5177 3586 5248 ή
3626 5178 3684 5232 δὲ

431 5267 729 5321 substantia
756 5277 935 5320 autem
962 5265 1027 5319 de
1054 5267 1303 5320 omnibus
1326 5307 1341 5333 ,
1371 5281 1477 5337 quo
1505 5277 1663 5336 pacto
1689 5282 1850 5320 unum
1888 5267 1980 5321 fue-

2128 5264 2256 5317 ηὐσία
2290 5265 2380 5317 ἐπὶ
2420 5265 2655 5330 πάντων,
2692 5266 2806 5330 πῶς
2834 5266 3030 5320 ταυτὸν
3058 5266 3213 5320 οὐσία
3246 5267 3339 5320 καὶ
3384 5267 3677 5335 ἀγένητον·

435 5362 543 5415 rint
571 5360 868 5415 substantia
899 5368 954 5414 et.
978 5359 1319 5430 ingenitum?

1097 5468 1325 5525 ALIUD.
2781 5470 2985 5524 AAAO.

507 5586 563 5641 Si
591 5584 886 5655 ingenitum
916 5583 1217 5641 substantia
1241 5592 1346 5650 est,
1400 5584 1452 5638 in
1514 5586 1812 5641 substantia
1872 5601 2004 5641 vero

2178 5586 2236 5637 El
2269 5585 2325 5637 τὸ
2370 5584 2632 5653 ἀγένητον
2677 5584 2852 5647 οὐσία,
2884 5586 3039 5639 οὐσία
3088 5587 3143 5639 δὲ
3196 5588 3382 5652 οὐσίας
3429 5588 3528 5642 οὐκ
3568 5587 3682 5641 ἐστι

437 5694 541 5733 non
568 5678 713 5732 cadit
750 5676 918 5747 magis
945 5686 998 5731 et
1060 5678 1261 5742 minus,
1344 5691 1449 5730 non
1502 5679 1607 5735 erit
1665 5681 1768 5735 hac.
1796 5679 1986 5733 rationi

2136 5678 2307 5730 ἀλλον
2336 5677 2429 5729 καὶ
2477 5672 2656 5747 ἦττον,
2692 5677 2789 5729 οὐκ
2833 5677 2982 5731 ἔσται
3023 5680 3161 5732 κατὰ
3191 5680 3349 5733 τοῦτο
3394 5680 3593 5749 μᾶλλον
3622 5679 3685 5732 τὸ

439 5771 609 5837 magis
634 5770 945 5840 ingenitum,
978 5771 1071 5827 sed
1106 5786 1277 5842 neque
1306 5772 1481 5826 minus
1514 5771 1665 5840 quid.
1708 5772 1763 5825 Si
1820 5778 1988 5825 auten

2135 5771 2391 5839 ιγένητον,
2444 5769 2557 5822 ἀλλ’
2591 5769 2709 5822 οὐδὲ
2740 5765 2901 5840 ἧττόν
2933 5788 2985 5823 τι
3035 5771 3220 5826 αὐτοῦ.
3272 5773 3335 5825 Ei
3365 5771 3419 5824 δὲ
3465 5772 3684 5825 πάντων

438 5861 615 5917 Omnia
646 5864 854 5919 excedit
884 5863 1199 5934 ingenitum,
1266 5878 1599 5935 nequaquam
1646 5878 1771 5919 vero
1839 5861 1987 5919 ctian

2131 5863 2206 5917 ιὲν
2242 5861 2494 5933 ὑπερέχει
2540 5860 2599 5915 τδ
2652 5861 2933 5933 ἀγένητον,
2972 5863 3154 5918 οὐκέτι
3186 5863 3239 5917 δὲ
3288 5864 3376 5918 καὶ
3416 5865 3447 5931 ἡ
3492 5864 3680 5917 οὐσία·
