3922 6492
543 493 610 547 ιτ
1532 489 1590 544 s.
1631 460 1902 543 orntus
1944 485 2415 545 ALEXANDRINI
2454 486 2774 545 meum.
3742 480 3811 533 ut

548 612 656 665 rior
680 615 821 665 enim
847 619 928 665 est
954 609 1097 665 omni
1129 618 1367 677 tempore
1395 608 1564 673 Deus;
1603 610 1696 663 sed
1722 618 1779 662 ut
1814 609 1962 663 illum
1986 610 2106 679 qui-

2227 608 2387 674 τάξιν·
2435 609 2549 664 ἄνω
2596 608 2705 679 γὰρ
2744 604 2944 669 παντὸς
2991 604 3185 677 χρόνου
3226 604 3394 667 Θεὸς,
3445 603 3562 656 ἀλλ’
3590 601 3678 655 ἵνα
3720 603 3815 654 τὸν

544 702 664 755 dem
694 711 747 753 ut
778 700 1108 765 Genitorem,
1140 707 1281 769 quod
1316 697 1484 765 patris
1510 706 1593 752 est
1618 696 1892 767 proprium
1921 713 1936 761 ;
1966 697 2109 751 hunc

546 806 671 847 vero
692 803 749 845 ut
777 792 1070 861 legitimum
1102 790 1295 844 Filium
1330 786 1674 843 ineﬂ‘abiliter
1700 804 1765 843 ex
1806 786 2107 843 substantia

549 883 721 937 Patris
747 882 985 950 genitum
1010 881 1313 935 adoremus.
1342 878 1500 932 Pater
1525 878 1725 946 itaque,
1754 877 1877 946 quia
1901 875 2105 946 genuit,

545 975 733 1041 Filius,
766 974 890 1043 quia
931 972 1142 1044 genitus
1171 988 1185 1025 :
1214 980 1269 1026 et
1314 972 1415 1026 hoc
1449 972 1622 1026 solum
1668 970 1942 1024 nominum
1980 981 2109 1021 usus

543 1081 608 1119 ex
659 1065 1015 1119 similitudine
1070 1064 1225 1118 nobis
1260 1063 1545 1126 signiﬁcat.
1583 1063 1639 1117 Si
1694 1063 1860 1130 igitur
1898 1062 1950 1114 in
2000 1059 2109 1114 Deo

544 1170 763 1221 nomen,
814 1154 1001 1219 Pater,
1035 1154 1205 1209 solum
1254 1164 1597 1223 generantem
1635 1152 1923 1222 signiﬁcat,
1963 1150 2108 1204 nulla

546 1248 681 1300 ratio
706 1256 789 1301 est
818 1262 934 1314 quae
963 1254 1121 1315 c'ogat
1155 1256 1208 1299 ut
1252 1246 1411 1309 Deus,
1445 1245 1533 1313 qui
1582 1244 1701 1298 sine
1745 1254 1988 1312 tempore
2017 1256 2109 1312 ge-

546 1348 723 1402 nerat,
762 1340 969 1406 primus
1006 1338 1283 1392 exstitisse
1326 1337 1558 1401 dicatur,
1588 1351 1747 1404 quam
1781 1335 1830 1389 id
1868 1332 2009 1402 quod
2043 1333 2110 1386 ab

542 1444 606 1483 eo
632 1429 871 1499 genitum
914 1435 1015 1481 est.
1047 1426 1113 1480 Et
1139 1428 1182 1480 si
1231 1426 1437 1480 nullum
1486 1436 1698 1495 tempus
1731 1422 2107 1492 interpositum

545 1522 645 1573 fuit
694 1520 833 1573 inter
862 1527 1210 1588 generautem
1246 1527 1295 1572 et
1352 1518 1612 1587 genitum,
1666 1530 1771 1570 non
1807 1517 1990 1585 utiQue
2030 1523 2111 1568 est

545 1607 811 1677 posterior
848 1616 1107 1676 tempore,
1143 1608 1234 1662 sed
1272 1615 1572 1662 coaeternus
1603 1617 1685 1662 est
1723 1603 1871 1659 Patri
1919 1603 2104 1660 Filius.

1203 1789 1433 1845 ALIUD.

615 1881 668 1935 Si
708 1879 848 1934 Deus
878 1893 941 1933 ex
992 1887 1181 1931 natura
1230 1892 1330 1932 sua
1371 1886 1453 1931 est
1498 1884 1735 1940 creator,
1784 1888 1958 1944 neque
1995 1877 2110 1928 haec

2218 698 2316 768 μὲν
2344 700 2419 762 ὡς
2453 697 2813 769 Γεννήσαντα,
2842 698 2979 766 όέτερ
3008 696 3123 750 ἐστὶ
3168 694 3376 766 πατρὸς
3426 694 3556 746 ἴδιον
3579 710 3592 723 ·
3626 694 3728 745 τὸν
3759 692 3815 744 δὲ

2215 791 2291 853 ὡς
2329 791 2549 861 γνήσιον
2584 788 2710 842 Υἰὸν
2742 788 2983 860 ἄρρητον
3009 788 3073 840 ὲκ
3102 787 3199 857 τῆς
3245 786 3429 849 οὐσίας
3455 783 3549 837 τοῦ
3590 784 3818 852 Πατρὸς

2215 883 2487 953 ἐσχηκότα
2512 882 2611 953 τὴν
2638 882 2891 952 γέννησιν
2921 879 3339 952 προσκυνιῖῳεν.
3373 877 3563 949 Πατὴρ
3595 872 3698 930 οὖν
3734 877 3819 927 ὅτι

2214 974 2573 1045 γεγέννηκενο
2611 974 2744 1037 Υἱὸς
2780 974 2860 1038 δὲ,
2898 974 2981 1027 ὅτι
3028 971 3263 1043 ἐγενήθη
3286 988 3299 1000 ·
3332 974 3428 1023 καὶ
3466 970 3604 1038 πρὸς
3646 968 3821 1038 μόνον

2214 1066 2324 1120 τῶν
2356 1068 2635 1137 ὀνομάτων
2667 1067 2699 1135 ἡ
2739 1065 2900 1135 χρεία
2943 1066 3038 1118 καὶ
3070 1064 3131 1117 τὸ
3164 1062 3253 1116 διὰ
3300 1062 3400 1131 τῆς
3452 1060 3590 1130 πρὸς
3649 1057 3822 1128 ἡμῶν

2215 1156 2527 1227 ὁμοιώσεως
2585 1154 3007 1225 σημαινόμενον.
3058 1155 3120 1207 Εἰ
3178 1154 3357 1206 τοίνυν
3407 1150 3500 1203 ἐπὶ
3552 1148 3701 1201 Θεοῦ
3759 1148 3823 1199 τὸ

2213 1249 2418 1318 Πατὴρ
2466 1249 2639 1319 ὄνομα
2688 1248 2849 1317 μόνου
2894 1246 2988 1301 τοῦ
3038 1248 3231 1317 γεννᾷν
3277 1248 3395 1297 ἐστι
3445 1241 3819 1313 σημαντικὸν,

2214 1340 2397 1401 οὐδεὶς
2441 1337 2743 1405 ἀναγκάσει
2776 1337 2931 1405 λόγος
2965 1336 3341 1405 προϋπάρχειν
3380 1332 3475 1384 τοῦ
3511 1331 3643 1384 ἰδίου
3694 1347 3823 1397 γεν-

2218 1434 2457 1501 νήματος
2486 1431 2577 1484 τὸν
2619 1430 2864 1501 ἀχρόνως
2910 1428 3179 1494 γεννῶντα
3208 1426 3360 1479 Θεόν.
3391 1424 3501 1477 Καὶ
3532 1424 3582 1475 εἰ
3616 1421 3825 1493 χρόνος

2214 1518 2282 1593 ἦν
2310 1522 2485 1585 οὐδεὶς
2522 1521 2729 1591 μεταξύ
2767 1520 2863 1573 τοῦ
2909 1520 3269 1589 γεννήσαντος
3316 1517 3408 1570 καὶ
3456 1513 3820 1583 γενηθέντος,

2215 1612 2314 1665 οὐκ
2362 1612 2699 1680 ὲπιγέγονεν,
2748 1610 2862 1663 ἀλλ’
2903 1606 2971 1681 ἦν
3000 1610 3088 1663 ἀεὶ
3132 1609 3209 1679 τῷ
3258 1608 3433 1678 Πατρὶ
3467 1604 3747 1668 συναῖδιος
3790 1604 3823 1655 6

2218 1705 2363 1768 Υἱός.

2910 1794 3119 1847 ΔΛΛΟ.

2288 1888 2350 1941 Εἰ
2383 1889 2611 1958 ποιητής
2640 1890 2758 1941 ἐστι
2804 1885 2945 1940 κατᾶ
2975 1885 3136 1955 φύσιν
3175 1887 3202 1938 6
3235 1884 3387 1948 Θεὸς,
3422 1884 3516 1937 καὶ
3548 1885 3655 1935 οὐκ
3690 1884 3822 1935 ἔπι-

548 1970 769 2026 facultas
799 1971 1138 2023 extrinsecus
1168 1968 1413 2029 advenit,
1453 1978 1513 2020 ut
1550 1976 1733 2035 posset
1772 1980 1858 2020 res
1901 1970 2111 2018 creatas

2227 1979 2434 2048 γέγονεν
2462 1978 2610 2049 αὑτῷ
2636 1980 2696 2032 τὸ
2723 1978 2981 2032 δύνασθαι
3014 1978 3287 2049 παράγειν
3319 1979 3381 2029 ἐκ
3412 1975 3506 2028 τοῦ
3538 1976 3615 2045 μὴ
3657 1976 3825 2036 ὖντος

545 2078 611 2115 ex
636 2062 802 2115 nihilo
830 2060 1125 2128 producere
1154 2058 1219 2111 ad
1249 2071 1398 2123 esse;
1432 2059 1609 2111 omnia
1651 2072 1777 2112 vero
1800 2071 1895 2126 per
1918 2053 2111 2109 Filium

548 2154 676 2208 facit
711 2162 869 2219 atque
894 2160 1170 2220 operatur,
1199 2163 1305 2217 quo
1352 2158 1511 2217 pacto
1549 2164 1651 2202 non
1686 2150 1847 2203 fuerit
1894 2148 2114 2217 impium

548 2245 727 2297 dicere
758 2262 770 2296 :
822 2240 953 2294 Erat
990 2240 1199 2310 quando
1230 2255 1333 2293 non
1370 2235 1527 2293 erat?
1554 2239 1784 2295 Perinde
1815 2240 1959 2293 enim
2011 2239 2114 2293 hoc

548 2343 627 2388 est
664 2348 728 2387 ac
764 2333 809 2386 si
842 2332 1027 2386 dicas:
1063 2331 1190 2384 Erat
1215 2331 1432 2399 quando
1460 2345 1566 2384 non
1619 2340 1739 2385 erat
1780 2329 1938 2391 Deus,
1974 2328 2115 2398 quod

550 2427 817 2496 posterius
870 2423 1068 2477 factum
1118 2425 1188 2478 sit
1240 2422 1472 2477 Verbum
1528 2438 1622 2492 per
1667 2424 1809 2493 quod
1866 2424 2116 2476 universa

548 2526 725 2571 creata
764 2524 925 2569 sunt:
964 2533 980 2566 ι
1011 2515 1137 2568 Sine
1188 2516 1303 2584 ipso
1338 2516 1480 2569 enim
1532 2514 1729 2569 factum
1779 2525 1858 2569 est
1905 2513 2060 2578 nihil,
2094 2531 2111 2564 ι

551 2617 608 2660 nt
653 2607 726 2659 ait
763 2604 1088 2659 Joannes".
1118 2604 1172 2658 Si
1207 2620 1331 2658 vero
1363 2620 1576 2673 semper
1613 2617 1665 2659 et
1702 2607 1993 2658 secundum
2033 2618 2121 2656 na-

446 2688 452 2694 ’
552 2710 722 2752 turam
760 2707 976 2752 creatur
1007 2708 1087 2750 est
1121 2697 1259 2750 Deus
1292 2711 1355 2750 ac
1395 2696 1579 2760 l'ater,
1626 2709 1743 2751 erat
1778 2697 1961 2764 utique
1994 2710 2117 2749 cum

552 2793 668 2859 ipso
712 2790 757 2843 is
824 2798 919 2857 per
964 2802 1119 2855 quem
1173 2796 1386 2841 creator
1436 2796 1549 2851 est,
1606 2789 1708 2841 hoc
1752 2798 1834 2841 est
1886 2785 2119 2843 Verbum

553 2880 741 2948 ipsius.
794 2876 1252 2944 Quemadmodum
1303 2877 1446 2931 enim
1511 2877 1564 2931 id
1613 2879 1757 2947 quod
1804 2878 2123 2932 naturaliter

552 2974 756 3029 homini
798 2974 959 3039 inest,
988 2972 1225 3041 separari
1268 2971 1335 3025 ab
1367 2986 1430 3025 eo
1464 2980 1569 3025 non
1602 2978 1800 3040 potest,
1854 2972 1928 3024 ita
1961 2985 2057 3025 nec
2094 2987 2122 3025 a

555 3068 661 3121 Deo
690 3064 949 3135 quidquid
996 3066 1049 3117 in
1085 3064 1200 3133 ipso
1244 3073 1299 3116 et
1328 3078 1392 3117 ex
1427 3062 1545 3131 ipso
1573 3070 1675 3115 est.
1714 3060 1808 3115 Est
1848 3070 2027 3115 autem
2070 3061 2123 3114 in

555 3158 713 3210 Patre
738 3163 792 3209 et
830 3170 896 3209 ex
944 3153 1103 3209 Patre
1134 3151 1370 3207 Verbum
1399 3170 1411 3205 :
1446 3151 1806 3223 inseparabile
1844 3155 2025 3221 itaque
2074 3162 2128 3206 et

554 3257 900 3303 coaeternuut.

727 3338 967 3405 ALIUD,
1008 3353 1098 3406 per
1144 3338 1497 3393 reductionem
1541 3341 1608 3393 ad
1640 3339 1947 3395 absurdum.

632 3452 687 3506 Si
736 3466 842 3505 non
914 3458 998 3503 est
1046 3446 1216 3502 Filius
1258 3446 1403 3501 Patri
1454 3455 1794 3511 coaeternus,
1850 3444 1943 3501 sed
1997 3445 2125 3499 Erat

556 3547 761 3620 quando
786 3558 887 3596 non
912 3548 1049 3603 erat,
1074 3552 1130 3593 ut
1151 3555 1247 3595 vos
1273 3538 1593 3609 opinamini,
1622 3549 1843 3593 necesse
1869 3537 1973 3591 erit
1998 3552 2127 3592 con-

556 3642 748 3695 cedere
780 3636 1153 3707 imperfectam
1189 3634 1481 3704 aliquando
1511 3632 1680 3689 fuisse
1708 3646 1948 3690 sanctam
2004 3633 2127 3689 Tri-

560 3734 800 3785 nitatem.
838 3728 966 3781 Erat
999 3727 1141 3783 enim
1180 3727 1379 3793 unitas,
1414 3735 1471 3779 ut
1494 3725 1726 3791 videtur,
1754 3736 1879 3781 ante
1910 3724 2124 3781 Filium.

560 3824 752 3875 Postea
796 3829 973 3876 autem
1018 3816 1156 3872 facta
1190 3813 1289 3872 'est
1325 3815 1581 3883 Trinitas,
1605 3818 1710 3887 27
1734 3833 1855 3873 cum
1900 3816 2127 3872 accessit

558 3913 699 3982 quod
738 3911 940 3963 deerat.
984 3907 1117 3962 Cum
1149 3922 1278 3961 vero
1313 3907 1569 3975 quidquid
1608 3907 1919 3961 accessione
1952 3905 2127 3974 aliqua

560 4006 765 4066 crevit,
810 4000 1147 4055 detractione
1212 4000 1525 4052 decrescere
1572 4000 1776 4065 possit,
1839 3998 2127 4051 verendum

561 4107 641 4151 est
673 4111 740 4149 ne
760 4111 866 4165 qua
900 4094 1036 4147 ratio
1065 4108 1159 4147 nos
1186 4108 1343 4162 cogat
1372 4090 1642 4154 conﬁteri,
1673 4099 1917 4145 sanctam
1952 4088 2129 4142 Trini-

564 4197 725 4242 tatem
768 4202 953 4240 rursus
985 4185 1049 4237 ad
1108 4185 1369 4238 unitatem
1420 4181 1585 4251 redigi
1637 4196 1813 4250 posse.
1859 4181 1914 4233 Si
1949 4187 2125 4232 autem

565 4284 633 4334 ita
665 4280 871 4334 sentire
925 4277 1005 4331 vel
1059 4276 1201 4345 loqui
1234 4289 1449 4329 omnem
1484 4274 1818 4343 impietatem
1864 4280 2125 4340 superat;

560 4382 678 4425 erat
738 4369 959 4423 onmiuo
1009 4382 1223 4436 semper
1276 4382 1397 4419 cum
1451 4374 1638 4421 sancta
1690 4364 1961 4417 Trinitate
2013 4362 2128 4424 ejus

562 4463 850 4533 plenitudo.

1044 4549 1250 4603 ALIUD
1290 4550 1410 4602 huic
1447 4549 1638 4601 simile.

2215 2072 2296 2133 είς
2336 2070 2395 2123 τὸ
2436 2066 2576 2123 εἶναι
2608 2072 2677 2125 τὰ
2717 2070 2881 2123 ὄντα·
2915 2070 3095 2122 πάντα
3136 2070 3193 2122 δὲ
3226 2069 3293 2121 δι’
3338 2067 3468 2122 Υἱοῦ
3518 2070 3668 2120 ποιεῖ
3723 2070 3827 2121 καὶ

2217 2162 2647 2234 κατεργάζεται,
2690 2162 2807 2225 πῶς
2845 2163 2945 2215 οὐκ
2994 2161 3186 2223 ἀσεὸὲς
3228 2160 3287 2213 τὸ
3326 2159 3534 2227 λέγειν·
3564 2154 3683 2215 Ἦν
3722 2160 3827 2213 ὅτε

2217 2257 2328 2309 οὐκ
2366 2252 2477 2325 ἦν;
2528 2255 2641 2307 ῖσον
2675 2254 2780 2326 γάρ
2823 2255 2968 2307 ἐστιν
3019 2255 3228 2306 εἰπεῖν’
3260 2248 3367 2305 Ἦν
3400 2253 3489 2305 ὅτε
3530 2252 3635 2304 οὐκ
3680 2245 3759 2323 ἦν
3798 2270 3828 2305 ο

2216 2346 2369 2409 Θεὸς,
2404 2345 2627 2417 ’ὕστερον
2657 2344 3044 2415 ἐπιγενομένου
3076 2344 3169 2397 τοῦ
3205 2344 3425 2398 πάντων
3468 2342 3827 2413 δημιουργδῦ

2219 2441 2422 2508 Λόγου·
2463 2459 2481 2491 ι
2514 2441 2697 2511 Χωρὶς
2738 2457 2846 2510 γαρ
2886 2439 3051 2493 αὑτοῦ
3088 2438 3305 2506 ἐγένετο
3336 2438 3457 2489 οὐδὲ
3502 2437 3582 2499 ἓν,
3617 2456 3633 2487 ι
3669 2436 3829 2489 κατὰ

2218 2534 2316 2601 τὴν
2350 2526 2601 2587 Ἶωάννου
2634 2533 2839 2601 φωνήν.
2869 2531 2930 2583 Εἰ
2959 2531 3015 2582 δὲ
3048 2531 3135 2583 ἀεὶ
3164 2532 3255 2583 καὶ
3283 2530 3423 2584 κατὰ
3452 2527 3619 2596 φύσιν
3653 2546 3829 2597 ποιη-

2221 2625 2319 2693 τὴς
2359 2627 2386 2677 ὁ
2416 2624 2547 2687 Θεὸς
2580 2624 2671 2676 καὶ
2699 2623 2912 2693 Πατὴρ,
2939 2619 3007 2693 ἦν
3041 2622 3147 2693 ἄρα
3179 2622 3275 2673 σὺν
3304 2620 3453 2689 αὐτῷ
3473 2620 3538 2673 δι’
3568 2616 3632 2673 οἶδ
3672 2639 3835 2690 ποίη.

2221 2715 2319 2785 τὴς
2350 2715 2624 2783 ἐφαίνετο,
2650 2714 2932 2767 τουτέστιν
2962 2716 2989 2766 6
3020 2716 3190 2781 Λόγος
3247 2712 3433 2765 αὐτοῦ.
3464 2713 3681 2783 ’Ὠσπερ
3715 2712 3834 2781 γὰρ

2228 2804 2531 2876 ἀχώριστον
2581 2804 2871 2874 ἀνθρώπου
2925 2807 3033 2856 πᾶν
3072 2805 3132 2855 τὸ
3187 2804 3347 2870 φύσει
3379 2802 3577 2872 προσὸν
3635 2803 3831 2872 αὐτῷ·

2224 2896 2369 2950 οὕτω
2400 2897 2493 2949 καὶ
2540 2896 2677 2949 Θεοῦ
2720 2898 2827 2949 πᾶν
2860 2896 2920 2948 τὸ
2968 2897 3025 2947 ὲν
3062 2894 3211 2964 αὐτῷ
3259 2896 3353 2947 καὶ
3398 2896 3456 2962 ξε
3498 2894 3694 2948 αὐτοῦ.
3739 2897 3833 2948 Ἐν

2227 2987 2399 3057 Ila.th
2437 2985 2493 3038 δὲ
2535 2986 2630 3038 καὶ
2676 2985 2739 3037 ὲκ
2784 2984 2995 3055 Πατρὸς
3038 2986 3065 3036 6
3103 2986 3309 3052 Λόγος·
3356 2985 3660 3056 ἁχώριστπ
3717 2987 3833 3055 ἄρα

2230 3077 2321 3130 καὶ
2351 3076 2638 3138 συναῖδιος.

2423 3336 2630 3401 ΑΛΛΟ,
2660 3335 2893 3404 διᾰτῆς
2926 3340 3013 3404 εἰς
3042 3337 3271 3391 ἄτοπον
3314 3339 3663 3410 ἀπαγωγῆς..

2298 3448 2360 3500 Εί
2390 3455 2489 3501 οὐκ
2522 3449 2668 3503 ἐστιν
2696 3451 2723 3502 ὀ
2760 3451 2887 3513 Υἱὺς
2918 3452 2993 3522 τῷ
3030 3452 3205 3522 Πατρὶ
3241 3453 3529 3517 συναΐδιος,
3563 3448 3683 3507 ἀλλ’
3714 3451 3836 3511 Ἦν

2228 3539 2325 3594 ὅτε
2358 3543 2467 3595 οὐκ
2505 3537 2601 3611 ἦν,
2631 3542 2751 3595 καθ’
2797 3545 2963 3613 ὑμᾶς,
2990 3545 3201 3615 ἀνάγκη
3239 3546 3617 3615 συνομολογεῖν
3648 3549 3835 3620 ἁτελῆ

2228 3653 2355 3688 ποτε
2405 3635 2667 3706 ὑπάρχειν
2696 3636 2793 3705 τὴν
2831 3638 2992 3705 ἁγίαν
3036 3632 3267 3709 Τριάδα.
3296 3636 3406 3691 ἾΙν
3456 3638 3565 3711 γὰρ
3624 3643 3831 3709 μονὰς,

2225 3725 2299 3789 ὡς
2329 3727 2493 3791 εἰκὸς,
2524 3727 2630 3798 πρὸ
2648 3723 2810 3782 ·Υἱοῧ.
2842 3728 3037 3796 Γέγονε
3085 3729 3140 3782 δὲ
3182 3729 3408 3799 ὕστερον
3456 3730 3650 3800 Τριὰς,
3699 3734 3836 3785 ὲπιυ

2226 3819 2517 3888 γενομένου
2566 3820 2658 3873 τοῦ
2694 3821 2991 3883 λείποντος.
3038 3820 3257 3892 Ἐπειδὴ
3299 3822 3359 3875 δὲ
3406 3823 3513 3875 πᾶν
3565 3824 3709 3893 ὅπερ
3764 3827 3835 3878 ἂν

2229 3907 2430 3979 ωμόῇ,
2463 3910 2555 3961 καὶ
2601 3910 2988 3981 ἀποσυμὸἧναι
3037 3910 3289 3974 δύναται,
3334 3912 3451 3975 δέος
3489 3913 3564 3982 μὴ
3602 3913 3699 3965 καί
3743 3932 3836 3978 τις

2229 4001 2375 4071 ἡμᾶς
2403 4002 2689 4074 ἀναγκάσῃ
2719 4001 2874 4070 λόγος
2908 4002 3193 4071 ὁμολογεῖν
3223 4003 3483 4058 δύνασθαι
3522 4004 3622 4074 τὴν
3654 4006 3835 4075 ἁγίαν

2229 4090 2435 4162 Τριάδα
2464 4091 2599 4160 πρὸς
2639 4092 2801 4145 ἑνάδα
2844 4093 3248 4164 παλινδρομεῖν.
3284 4095 3345 4147 Ei
3389 4094 3445 4147 δὲ
3481 4097 3639 4148 τοῦτο
3687 4115 3840 4170 φρο-

2227 4188 2336 4239 νεῖν
2366 4184 2398 4255 ἦ
2438 4186 2616 4253 λέγειν
2661 4188 2878 4257 ἀπάσης
2912 4190 3029 4241 ἐστὶ
3061 4189 3381 4253 δυσσεϐείας
3416 4192 3711 4255 ἐπέκεινα,
3760 4193 3834 4267 ἧν

2229 4275 2313 4327 ἀεὶ
2358 4276 2494 4343 μετὰ
2538 4278 2749 4344 Πατρὸς
2782 4279 2880 4346 τῆς
2910 4279 3067 4345 ἁγίας
3099 4280 3328 4348 Τριάδος
3355 4284 3415 4333 τὸ
3448 4283 3751 4354 πλήρωμα.

2690 4544 2897 4607 ΛΛΛΟ,
2920 4552 3103 4607 τούτῳ
3133 4547 3352 4611 ὅμοιον.

634 4668 690 4721 Si
735 4666 901 4720 Filius
944 4679 1045 4716 non
1089 4673 1173 4716 est
1210 4662 1483 4731 proprium
1526 4661 1772 4731 genimcn
1815 4661 2119 4716 substantia

2306 4657 2367 4709 Et
2406 4658 2502 4709 οὐκ
2540 4657 2683 4709 ἔστιν
2711 4658 2738 4708 6
2774 4656 2899 4719 Υἱὸς
2936 4656 3065 4708 ἴδιον
3100 4657 3344 4729 γέννημα
3376 4660 3475 4727 τῆς
3504 4663 3696 4727 οὐσίας
3731 4666 3833 4721 τος

564 4761 770 4822 Patris,
802 4756 893 4811 sed
926 4774 990 4810 ex
1025 4755 1191 4809 nihilo
1224 4754 1395 4808 factus
1426 4763 1540 4817 est,
1575 4752 1851 4807 dissimilis
1887 4754 1987 4807 sibi
2026 4753 2126 4822 ipsi

564 4850 935 4906 l‘uerit'sancta
958 4848 1198 4901 Trinitas
1224 4861 1288 4900 ex
1317 4844 1484 4899 nihilo
1510 4860 1662 4899 suam
1690 4844 2126 4900 constitutionem

565 4944 806 4998 trahens.
834 4943 1006 5010 Atque
1032 4939 1104 4993 ita
1134 4938 1386 5005 deinceps
1412 4946 1659 4991 creatura
1686 4936 1925 4993 Creatori
1953 4952 2125 4990 anuu-

567 5033 878 5101 merabitur,
908 5040 962 5085 et
991 5043 1126 5099 opus
1159 5027 1398 5098 ejusdem
1435 5028 1537 5082 erit
1570 5042 1689 5081 cum
1723 5027 1917 5097 opiiice
1952 5026 2128 5097 digni-

566 5125 709 5179 tatis.
748 5125 816 5177 At
860 5122 905 5177 si
939 5123 1038 5175 hoc
1080 5120 1297 5189 impium
1339 5130 1452 5185 εει,
1494 5133 1597 5173 una
1648 5120 1787 5174 enim
1829 5131 1912 5174 est
1953 5120 2132 5174 Deitas

566 5218 763 5265 sancta:
786 5209 1100 5275 Trinitatis,
1130 5224 1231 5262 una
1264 5208 1603 5277 gloriﬁcatio,
1632 5212 1924 5280 eademque
1956 5211 2129 5264 domi-

570 5303 747 5367 natio;
785 5301 963 5369 inique
1000 5299 1163 5368 igitur
1197 5301 1246 5352 in
1284 5298 1593 5354 diderentes
1626 5300 1890 5355 essentias
1923 5301 2125 5362 scindi-

569 5409 672 5449 tur.
712 5394 827 5459 Quo
864 5403 1019 5462 pacto
1062 5402 1240 5447 autem
1287 5408 1389 5447 non
1432 5392 1593 5447 fuerit
1634 5392 1963 5455 absurdum,
2006 5406 2125 5445 cum

565 5488 721 5539 Pater
751 5485 821 5537 sit
851 5494 1102 5548 aeternus,
1139 5482 1338 5536 audere
1375 5484 1553 5539 dicere
1581 5484 1814 5538 Verbum
1853 5486 1994 5550 quod
2029 5483 2125 5549 ipsi

562 5578 763 5631 assidet
803 5589 1013 5644 unaque
1053 5586 1273 5644 regnat,
1313 5575 1601 5645 aliquando
1638 5590 1743 5629 non
1784 5574 1985 5639 fuisse;
2030 5574 2123 5627 sed

562 5667 837 5737 postmodo
873 5664 1068 5719 factum
1104 5679 1244 5730 esse,
1279 5676 1331 5718 et
1370 5681 1562 5719 novum
1604 5665 1891 5735 quemdam
1934 5678 1999 5717 ac
2042 5678 2123 5717 τεο

564 5777 685 5817 cens
712 5760 908 5811 factum
940 5756 1106 5812 Deum
1135 5756 1432 5813 inducere?

623 5918 671 5949 “
695 5914 850 5973 Joan.
884 5935 921 5988 l,
946 5920 998 5975 3.

2235 4750 2478 4821 Πατρδς,
2505 4749 2616 4800 ἁλλ’
2658 4747 2714 4811 ἐξ
2748 4748 2845 4800 οὐκ
2888 4748 3053 4801 ὄντων
3082 4748 3316 4815 ἐγένετο,
3362 4750 3618 4820 ἀνόμοιος
3666 4753 3835 4809 ἔσται

2238 4843 2371 4914 πρὸς
2398 4843 2594 4912 ἑαυτὴν
2616 4843 2651 4911 ἡ
2690 4840 2819 4907 ἁγία
2850 4840 3018 4908 Tm;
3058 4840 3115 4904 ἐξ
3148 4842 3245 4893 οὐκ
3280 4842 3448 4893 ὄντων
3480 4843 3679 4912 ἔχουσα
3726 4848 3838 4918 τὴν

2237 4935 2511 4987 σύστασιν.
2555 4934 2663 4987 Καὶ
2702 4932 2883 4983 λοιπον
2913 4933 2974 4983 τὸ
3003 4933 3206 5002 κτίσμα
3236 4932 3313 5002 τῷ
3346 4933 3554 5005 Κτίστῃ
3601 4948 3838 5010 συναρι-

2236 5030 2471 5099 θμεῖται,
2500 5028 2593 5081 καλ⁵
2631 5026 2692 5079 τὸ
2732 5025 2942 5094 ποίη-μα
2976 5026 3052 5094 τῷ
3090 5030 3287 5097 ποιητῇ
3321 5026 3730 5092 συνδοξάξεται.
3766 5034 3838 5086 Ei

2237 5123 2291 5175 δὲ
2324 5121 2479 5174 τοῦτο
2516 5118 2731 5181 ἀσεϐὲς,
2767 5120 2862 5187 μία
2896 5119 2999 5189 γὰρ
3028 5119 3216 5189 ϐεότης
3247 5119 3342 5189 τῆς
3380 5120 3541 5187 ἁγίας
3570 5120 3835 5190 Τριάδος,

2243 5212 2337 5281 μία
2386 5209 2688 5277 δοξολογία,
2726 5209 3048 5279 κυριότηςη
3096 5210 3267 5277 αὐτὴ,
3314 5210 3415 5262 οὐκ
3452 5212 3690 5279 εὐλόγως
3747 5218 3839 5278 εἰς

2235 5302 2523 5376 διαφόρους
2566 5300 2751 5360 οὐσίας
2783 5300 3041 5368 σχίζεται.
3093 5302 3217 5361 ῐῐῶς
3248 5301 3303 5353 δὲ
3337 5302 3436 5353 οὐκ
3471 5303 3672 5356 ἄτοπον
3726 5307 3835 5361 τοῦ

2238 5396 2447 5465 Πατρὸς
2507 5394 2657 5454 ὄντος
2689 5391 2879 5454 ἀϊδίου,
2928 5392 3017 5443 τὸν
3069 5392 3485 5461 συγκαθήμενον
3539 5396 3688 5465 αὐτῷ
3728 5403 3837 5453 καὶ

2238 5483 2704 5554 συμϐασιλεύοντα
2752 5482 2921 5548 Λόγον
2976 5482 3245 5551 τολμῆσαι
3296 5481 3474 5551 λέγειν
3524 5485 3625 5538 οὐκ
3679 5480 3836 5543 εἶναι

2238 5576 2334 5646 μέν
2369 5591 2529 5627 ποτε·
2572 5572 2941 5639 ὲπιγεγονέναι
2976 5572 3030 5625 δὲ
3082 5573 3327 5643 ὕστερον,
3378 5575 3471 5628 καὶ
3509 5574 3835 5645 πρόσφατον

2234 5671 2363 5739 ἡμῖν
2394 5664 2743 5735 εἰσφέρεσθαι
2780 5662 2911 5717 Θεόν
2935 5682 2949 5731 ;
