3922 6474
278 479 336 536 68
1700 470 1855 526 THE!

1968 470 2150 528 lRUS.
3498 465 3568 521 δδ

632 590 849 657 AAAO,
883 585 1482 658 ὄιηπηιματεκώτερον.

2432 584 2644 642 ALIUD
2674 623 2688 650 ,
2716 547 3049 655 σπιῖικηιειη.

335 705 392 756 Et
416 703 620 765 τέλειός
649 706 806 756 ἔστιν
827 704 858 755 ὁ
887 701 1075 770 Πατὴρ
1105 701 1162 752 ὲν
1188 701 1254 768 τῇ
1278 697 1443 750 αὑτοῦ
1478 698 1855 765 μεγαλειότητι

2035 697 2092 751 Si
2125 695 2397 765 perlectus
2433 708 2518 751 est
2564 697 2725 750 Pater
2755 697 2808 749 in
2872 711 2971 750 sua
3021 695 3306 766 majestate
3350 695 3565 751 etiarnsi

272 794 363 848 κᾶν
394 792 597 863 μηδένα
632 792 858 862 καρπὸν
896 790 997 860 ἔχῃ
1029 787 1151 839 καθ’
1186 787 1352 856 ὑμᾶς,
1383 783 1583 850 ἔξωθεν
1614 783 1721 853 ἄρα
1767 783 1858 834 καὶ

271 888 358 940 οὐκ
384 888 446 938 ἐκ
475 886 576 953 τῆς
607 885 806 946 οὐσίας
835 880 1004 936 αὐτοῦ
1041 881 1268 948 γέγονεν
1299 875 1327 931 ὁ
1367 876 1738 946 Υἱὸςρῶσπερ
1767 876 1860 928 καὶ

270 980 328 1033 τὰ
351 982 662 1048 ποιήματα·
708 974 948 1046 περιττὴ
987 974 1044 1026 δὲ
1077 973 1208 1036 ἴσως
1244 972 1337 1024 καὶ
1367 971 1486 1024 οὐδὲ
1530 969 1664 1032 ὅλως
1690 970 1857 1036 ἀναγ-

275 1073 387 1123 ιαία
419 1073 452 1140 ἡ
497 1072 581 1134 είς
622 1069 690 1120 τὸ
723 1063 868 1120 εἶναι
917 1065 1148 1134 πάροδος
1178 1062 1366 1129 αὐτοῦ,
1411 1061 1663 1132 καθάπερ
1699 1062 1732 1129 ή
1765 1053 1858 1113 ἀύ-

271 1161 486 1232 θρὼπων
516 1162 690 1230 τυχὸν
720 1161 818 1214 καὶ
847 1161 879 1229 ἡ
902 1158 1012 1210 τῶν
1039 1157 1213 1212 ἄλλων
1240 1157 1580 1226 ποιημάτων.
1617 1155 1726 1206 Καὶ
1748 1153 1857 1223 γὰρ

269 1253 353 1304 καὶ
399 1252 525 1322 πρὶν
563 1250 736 1321 ἡμῶν
781 1247 1060 1317 γενέσθαι,
1092 1242 1160 1318 ἦν
1191 1246 1350 1299 τοῦτο
1395 1245 1528 1308 Θεὸς
1575 1245 1711 1316 ὅπερ
1761 1244 1856 1296 νῦν

271 1345 389 1408 ἔστι,
422 1343 515 1395 καὶ
541 1342 866 1411 γενομένων
891 1340 1071 1411 ἡμῶν,
1103 1341 1158 1392 ὲν
1180 1338 1463 1408 ταυτότητι
1491 1335 1662 1407 μένει.
1692 1335 1860 1388 Οὐδὲν

273 1436 366 1503 γὰρ
387 1435 534 1502 αὐτῷ
573 1431 956 1503 προστίθεμεν
997 1433 1061 1484 ὲκ
1106 1430 1199 1485 τοῦ
1228 1431 1304 1500 μὴ
1335 1429 1488 1492 ὄντος
1527 1431 1607 1492 είς
1633 1428 1693 1481 τὸ
1717 1423 1856 1481 εἶναι

271 1525 607 1593 καλουμενοι·
662 1522 792 1576 οὔτε
841 1523 946 1594 μὴν
997 1519 1419 1592 ἀφαιρησόμεθα
1461 1537 1514 1572 τι
1563 1521 1662 1590 τὴν
1707 1519 1857 1573 θείαν

270 1615 415 1682 φύσιν
453 1613 648 1674 αὑτοῦ.
702 1613 855 1667 οὔπω
894 1613 956 1665 τὸ
995 1608 1133 1665 εἶναι
1180 1610 1456 1680 λαχόντες.
1502 1610 1716 1680 ’Ὥσπερ
1761 1604 1854 1663 οῦν

270 1707 431 1775 ἡμεῖς,
483 1705 681 1774 ἐπειδὴ
736 1703 1104 1773 πεποιήμεθα,
1154 1703 1314 1772 χάριν
1373 1701 1568 1770 ἔχομεν
1619 1700 1697 1769 τῷ
1747 1702 1854 1770 Δη-

273 1797 523 1868 μιουργῷ,
573 1794 917 1865 ὁμολογείτω
947 1795 1041 1847 καὶ
1092 1795 1120 1845 ὁ
1172 1792 1331 1855 Υἱόςσ
1374 1792 1468 1844 καὶ
1515 1791 1656 1843 ἔστω
1689 1791 1853 1844 πάλιν

271 1889 388 1958 ἡμῖν
422 1891 521 1940 κάν
553 1887 740 1956 τούτῳ
771 1885 1180 1955 παραπλήσιος,
1212 1882 1412 1947 ἔξωθεν
1447 1883 1537 1935 καὶ
1565 1883 1728 1944 αὑτὸς
1764 1899 1855 1950 γε·

273 2056 484 2138 φημίας.
546 2069 784 2136 Φεῦγειν
830 2063 924 2121 οῦν
970 2068 1268 2135 ἀναγκαῖον
1303 2064 1455 2126 αὐτὸ,
1499 2065 1591 2117 καὶ
1620 2063 1697 2131 τῷ
1733 2079 1854 2130 γεν-

271 2163 455 2230 νήματι
501 2160 710 2224 σώζειν
753 2157 816 2212 τὸ
865 2161 930 2211 ὲκ
976 2159 1075 2226 τῆς
1105 2156 1199 2210 τοῦ
1243 2155 1634 2225 γεγεννηκότος
1666 2153 1852 2217 οὐσίας

271 2250 522 2320 ansam
546 2249 750 2302 ’ποῦτω
784 2247 890 2318 γὰρ
923 2247 988 2300 ἂν
1016 2246 1220 2317 εἵη-καὶ
1249 2246 1516 2314 γέννημα.
1569 2243 1853 2311 ’Λγένητος

272 2341 318 2392 δὲ
364 2343 394 2410 ἡ
441 2341 603 2392 ουσία
655 2338 751 2390 τοῦ
803 2338 1051 2410 Πατρός·
1093 2338 1355 2405 ἀγένητον
1390 2335 1499 2404 ἀρα
1544 2335 1638 2387 καὶ
1687 2335 1748 2388 τὸ
1795 2333 1854 2398 ἐξ

273 2431 426 2499 αὐτῆς
455 2432 757 2501 προελθὸν,
790 2431 1072 2483 τουτέστιν
1105 2431 1132 2481 ὁ
1163 2427 1308 2490 Υἱός.

396 2545 601 2609 ΔΛΔΟ,
638 2545 721 2610 ὡς
750 2544 820 2610 ἐξ
848 2541 1206 2606 ἀντιθέσεως
1246 2539 1372 2593 τῶν
1395 2539 1720 2607 (siparum-Ir.

334 2639 404 2687 υὺ
429 2636 676 2698 πάντως,
708 2637 864 2704 φησι,
890 2634 978 2688 διὰ
997 2644 1056 2687 τὸ
1089 2629 1230 2685 εἶναι
1255 2631 1616 2702 καρπογόνον,
1644 2630 1852 2694 τέλειος

271 2726 406 2777 ἐστιν
437 2731 465 2779 ὸ
493 2727 649 2790 Θεός.
695 2726 857 2779 Ἀλλὰ
884 2725 1017 2788 Θεὸς
1042 2723 1140 2790 ὣν,
1173 2725 1266 2778 καὶ
1310 2723 1398 2776 διὰ
1433 2723 1590 2775 τοῦτο
1622 2724 1848 2789 τέλειος,

272 2816 446 2883 γέγονε
474 2821 572 2871 καὶ
608 2814 820 2890 Πατήρ.

761 2930 917 2998 Πρὸς
948 2929 1122 2982 τοῦτο
1158 2928 1360 2993 λύσις.

338 3023 534 3077 Εἴπατε
561 3021 850 3092 τοιγαροῦν
883 3023 1015 3090 ἡμῖν
1044 3020 1094 3072 οἱ
1121 3019 1255 3087 πρὸς
1289 3015 1558 3086 τοσαύτην
1595 3015 1850 3068 ἀσέϐειαν

275 3114 531 3166 ἐκϐαίνειν
580 3117 641 3166 οὐ
679 3112 1134 3184 παραιτούμενοι,
1174 3113 1220 3162 εἰ
1267 3106 1562 3179 ἐπισυνέϐη
1612 3106 1690 3177 τῷ
1731 3105 1849 3176 Θεῷ

276 3204 596 3274 τὸγενέσθαι
627 3206 867 3272 Πατέρα,
895 3203 945 3256 τί
973 3198 1038 3274 ἦν
1070 3202 1175 3272 ἄρα
1202 3201 1329 3271 πρὶν
1360 3201 1584 3270 γένηται
1618 3198 1845 3267 Πατήρ;

1967 788 2232 842 fecundus
2273 804 2378 843 non
2409 790 2501 851 sit,
2525 798 2583 841 ut
2609 804 2704 843 vos
2735 787 3058 855 opinamini,
3097 795 3152 840 et
3184 787 3528 842 extrinsecus
3549 827 3563 851 ,

1976 898 2080 936 non
2106 890 2287 934 autem
2321 896 2387 934 ex
2423 881 2542 947 ejus
2567 880 2801 935 essentia
2850 879 3026 934 factus
3070 887 3152 933 est
3187 878 3377 944 Filius,
3424 881 3566 934 sicut

1967 983 2018 1026 et
2054 983 2356 1028 creaturte:
2390 972 2660 1041 superﬂua
2694 970 2858 1026 inerit
2892 985 3068 1039 neque
3104 971 3326 1025 omnino
3373 984 3566 1025 neces-

1967 1065 2108 1117 saria
2123 1064 2248 1130 ejus
2279 1065 2488 1117 adesse
2519 1060 2822 1129 productio,
2866 1060 3322 1128 quemadmodum
3389 1060 3567 1114 bonit-

1967 1168 2093 1205 nntn
2155 1150 2296 1206 forte
2354 1161 2410 1205 et
2466 1151 2698 1204 aliarum
2770 1160 3171 1205 creaturarum.
3238 1149 3563 1219 Priusquam

1965 1244 2107 1296 enim
2145 1257 2243 1297 nos
2277 1257 2609 1306 crearentur,
2635 1241 2777 1297 Deus
2810 1243 2860 1296 id
2893 1242 3067 1311 ipsum
3103 1250 3218 1298 erat
3249 1241 3393 1311 quod
3422 1257 3568 1297 nunc

1963 1344 2067 1398 est,
2102 1341 2156 1387 et
2188 1333 2393 1388 creatis
2424 1332 2580 1387 nobis
2606 1333 2746 1386 idem
2779 1332 3104 1400 permansit.
3143 1331 3290 1386 Nihil
3319 1333 3465 1388 enim
3513 1332 3566 1390 ei

1964 1427 2268 1481 addidimus
2295 1440 2360 1479 ex
2381 1425 2550 1480 nihilo
2581 1426 2648 1479 ad
2680 1439 2804 1480 esse
2836 1425 3068 1479 traducti
3097 1441 3112 1490 ;
3163 1440 3338 1494 neque
3402 1426 3564 1496 quid-

1963 1534 2124 1586 quam
2190 1518 2387 1572 divina:
2463 1517 2580 1585 ejus
2659 1529 2866 1571 naturae
2919 1518 3269 1573 detrahemus
3328 1521 3565 1573 nendum

1964 1607 2240 1661 consecuti
2279 1615 2337 1660 ut
2375 1607 2566 1661 simus.
2617 1605 3082 1672 Quemadmodum
3118 1608 3281 1676 igitur
3317 1622 3414 1662 nos
3433 1623 3564 1678 gra-

1967 1700 2067 1752 tias
2090 1699 2298 1764 agimus
2326 1678 2594 1762 Cr’eatori,
2627 1701 2770 1766 quod
2796 1697 2924 1752 facti
2954 1713 3167 1762 sumus,
3201 1697 3372 1752 Filius
3421 1713 3564 1768 quo-

1962 1804 2067 1858 que
2091 1790 2345 1844 similiter
2368 1798 2491 1860 agat
2511 1807 2524 1842 :
2547 1789 2844 1860 eademque
2868 1791 3078 1845 ratione
3101 1801 3375 1845 statuatur
3399 1792 3562 1846 etiam

1965 1881 2119 1935 nobis
2154 1881 2370 1946 similis,
2390 1879 2642 1934 nimirum
2669 1883 3031 1946 extrinsecus,
3055 1883 3197 1936 sicut
3216 1897 3334 1948 nos,
3365 1881 3560 1938 factus.

271 1939 747 2048 ἑὸνὼς,καθᾶπερ
775 1939 956 2048 ἡμεῖς.
1001 1939 1302 2028 ’λλλ’”ἐστι
1336 1973 1492 2026 τοῦτο
1535 1939 1846 2044 βυθὸςνδῦσ-

1968 1973 2230 2026 Caeterum
2269 1973 2382 2027 haec
2411 1981 2469 2027 ut
2499 1982 2713 2028 summa
2745 1972 3084 2042 blasphemia
3112 1973 3430 2027 detestanda
3463 1989 3564 2028 rio-

1965 2065 2044 2118 bis
2072 2074 2174 2126 est,
2211 2075 2261 2118 et
2286 2065 2544 2133 genimini
2579 2067 2682 2122 hoc
2712 2066 3062 2121 tribuendum
3097 2073 3203 2129 est,
3232 2075 3291 2120 ut
3345 2080 3414 2120 ex
3453 2065 3564 2121 Ge-

1965 2157 2156 2210 nitoris
2210 2156 2444 2209 essentia
2521 2159 2770 2212 exsistat.
2836 2156 2928 2211 Sic
2975 2156 3121 2210 enim
3172 2157 3337 2211 etiam
3410 2158 3565 2227 geni-

1965 2266 2088 2302 men
2147 2249 2328 2303 fuerit.
2376 2247 2493 2303 Non
2555 2259 2637 2304 est
2703 2260 2881 2305 autem
2951 2231 3097 2304 facta
3161 2251 3397 2304 essentia
3457 2251 3562 2304 Pa-

1964 2341 2062 2394 tris
2095 2359 2108 2406 ;
2141 2357 2269 2411 ergo
2317 2357 2414 2395 nec
2471 2341 2521 2395 id
2575 2345 2719 2412 quod
2767 2358 2831 2396 ex
2882 2355 2946 2394 ea
2995 2341 3279 2412 procedit,
3331 2342 3430 2396 hoc
3478 2353 3566 2396 est

1963 2428 2151 2483 Filius.

2210 2544 2424 2600 ALIUD
2447 2585 2460 2608 ,
2500 2561 2564 2598 est:
2598 2545 2884 2614 objectione
2915 2545 3306 2598 Itwreticorunt.

2033 2634 2149 2689 Non
2189 2637 2241 2689 in
2277 2641 2613 2702 universum,
2647 2637 2914 2704 inquiunt,
2954 2636 3077 2704 quia
3136 2634 3400 2688 {cenndus
3452 2646 3558 2700 est,

1961 2726 2237 2796 perlectus
2275 2738 2356 2782 est
2392 2729 2550 2782 Dens.
2587 2727 2693 2781 Sed
2732 2729 2879 2780 Dens
2909 2745 3031 2780 eum
3085 2728 3177 2792 sit,
3224 2739 3385 2797 atque
3411 2720 3480 2782 ob
3511 2731 3562 2783 id

1963 2817 2259 2885 perfectus,
2290 2819 2464 2872 factus
2495 2829 2576 2872 est
2598 2821 2764 2872 etiam
2797 2816 2976 2871 Pater.

2647 2930 2876 2984 Solit-tio.

2034 3021 2205 3078 Dicite
2236 3037 2364 3092 ergo
2401 3022 2671 3092 nobisqui
2699 3023 2751 3075 in
2802 3032 3009 3076 tantam
3037 3023 3372 3090 impietatem
3424 3040 3552 3093 pro-

1961 3130 2212 3183 rumpere
2242 3130 2346 3168 non
2377 3115 2658 3177 veremini,
2690 3114 2735 3168 si
2785 3115 2887 3168 hoc
2923 3123 3103 3180 postea
3163 3115 3396 3168 accessit
3453 3116 3562 3169 Deo

1961 3217 2016 3259 ut
2043 3205 2204 3258 Pater
2254 3204 2427 3266 ﬁeret,
2471 3204 2598 3271 quid
2626 3213 2744 3256 erat
2782 3203 3096 3270 priusquam
3158 3201 3310 3257 fieret
3347 3203 3563 3259 Pater?

277 3299 341 3351 Τὸ
372 3300 475 3368 γὰρ
503 3299 640 3361 ὅλως
667 3298 746 3360 ὃν,
781 3296 897 3350 ἐστι
927 3313 980 3348 τι
1015 3296 1231 3357 πάντως
1251 3294 1320 3364 ’ἢ
1355 3294 1463 3362 γὰρ
1481 3292 1732 3359 λέγοντες
1754 3291 1854 3343 οὐκ

1968 3294 2098 3347 Nam
2129 3295 2178 3348 id
2216 3295 2358 3363 quod
2382 3303 2484 3356 est,
2519 3294 2720 3363 aliquid
2749 3294 2972 3348 omnino
3000 3294 3070 3346 sit
3099 3304 3344 3363 oportet;
3391 3307 3481 3348 aut
3515 3296 3560 3350 si

276 3385 404 3443 εἷναί
437 3407 567 3443 ποτε
604 3390 824 3459 Πατέρα
867 3389 959 3440 τὸν
999 3386 1150 3448 Θεὸν,
1206 3385 1504 3456 μαχόμενοι
1539 3385 1739 3446 πάσαις
1768 3383 1856 3435 εὐ-

279 3481 565 3550 ρεθήσεσθε
588 3483 709 3543 ταῖς
741 3480 986 3549 1³ραεραίς
1010 3495 1022 3505 ·
1055 3478 1117 3530 οὐ
1147 3475 1256 3546 γὰρ
1287 3475 1435 3527 ἴσασι
1466 3474 1555 3526 τὸν
1586 3474 1720 3526 Θεὸν
1757 3476 1858 3527 οὐκ

279 3574 392 3623 ima
417 3572 637 3640 Πατέρα
660 3587 672 3600 ·
703 3571 736 3640 ἢ
769 3571 861 3621 καὶ
902 3569 1058 3621 αὐτοὶ
1088 3563 1498 3636 συγχωροῦντες
1530 3565 1858 3633 ἐνυπάρχειν

280 3665 358 3716 ἀεὶ
387 3663 460 3733 τῷ
495 3664 612 3733 Θεῷ
640 3665 740 3730 τὴν
777 3660 870 3713 τοῦ
915 3657 1130 3729 Πατρὸς
1163 3657 1504 3728 ἐπωνυμίαν,
1542 3656 1858 3723 ἀναγκαίως

281 3755 418 3824 αὺτῷ
464 3757 524 3807 τι
549 3755 604 3820 ἐξ
634 3752 803 3806 αὑτοῦ
858 3751 1242 3804 συνεισοίσετε.
1292 3750 1368 3803 Οὐ
1404 3749 1511 3819 γὰρ
1547 3747 1614 3801 ἂν
1647 3747 1858 3815 λέγοιτο

283 3845 458 3916 Πατὴρ
497 3847 595 3899 οὐκ
628 3847 781 3908 ὸντος
815 3841 968 3896 Υίοῦ.

964 4023 1166 4076 AAAO.

349 4141 407 4193 Ei
450 4140 589 4208 μέγα
619 4157 674 4191 τι
708 4130 1030 4208 χαρίζεσθαι
1065 4134 1380 4206 νομίζουσιν
1413 4137 1461 4187 οἱ
1497 4134 1856 4205 χριστομάχοι

283 4230 354 4300 τῷ
385 4230 523 4301 Θεῷ,
570 4230 790 4300 Πατέρα
849 4228 946 4297 μὲν
995 4227 1054 4293 ἐξ
1099 4222 1274 4297 ἀρχῆς
1327 4227 1424 4298 οὐχ
1469 4225 1858 4296 ὁμολογοῦντες

284 4319 456 4386 αὐτὸν,
499 4321 628 4373 Θεὸν
658 4321 714 4372 δὲ
745 4315 884 4371 εἶναι
929 4318 1182 4380 διδόντες,
1227 4317 1574 4371 ἁκουέτωσαν
1607 4319 1688 4371 ὅτι
1737 4316 1857 4369 λίαν

287 4412 574 4484 ὑϐρίζουσι,
602 4416 928 4483 πράγματος
962 4409 1384 4479 ἁξιολογωτὲρου
1411 4407 1510 4479 τὴν
1539 4407 1688 4460 θείαν
1720 4409 1858 4460 ἀπο-

289 4506 592 4574 στεροῦντες
627 4505 810 4574 φύσιν.
846 4504 978 4565 Θεὸς
1027 4502 1124 4572 μὲν
1157 4501 1267 4570 γὰρ
1307 4500 1382 4562 ὡς
1415 4500 1548 4569 πρὸς
1591 4499 1658 4552 τὰ
1695 4498 1858 4553 δοῦλα

290 4600 375 4647 καὶ
399 4598 465 4649 τὰ
491 4597 721 4667 γενητὴν
755 4595 948 4664 ἔχοντα
987 4593 1086 4664 τὴν
1116 4593 1302 4646 οὐσίαν
1342 4592 1454 4663 ἔχει
1486 4593 1583 4664 τὴν
1631 4594 1814 4664 σχέσιν
1840 4609 1854 4623 ⁸

184 4687 193 4698 ’
291 4687 470 4758 Πατὴρ
512 4689 566 4740 δὲ
595 4688 668 4750 ὠς
719 4687 854 4756 πρὸς
890 4685 1038 4738 Υἱόν.
1077 4685 1344 4753 Λέγοντες
1376 4686 1554 4738 τοίνυν
1595 4687 1675 4737 ὅτι
1723 4685 1856 4748 Θεὸς

295 4778 385 4848 μὲν
416 4777 482 4851 ἦν
515 4779 771 4849 ἐξαρχῆς,
804 4777 958 4830 οῦπω
1005 4776 1063 4828 δὲ
1107 4777 1202 4829 καὶ⁴
1235 4776 1446 4846 Πατὴρ,
1492 4775 1589 4845 τὴν
1623 4777 1758 4846 πρὸς
1789 4777 1856 4829 τὰ

291 4874 443 4926 δοῦλα
493 4874 673 4944 σχέσιν
722 4872 1097 4942 προσάπτουσι
1145 4869 1223 4937 τῷ
1275 4870 1412 4940 Θεῷ,
1462 4871 1555 4923 τοῦ
1615 4871 1858 4940 μείζονος

294 4965 708 5036 ἀποστεροῦντες
734 4962 899 5016 αὐτόν
919 4978 932 4990 ·
968 4963 1218 5032 κρεῖττον
1255 4962 1364 5032 γὰρ
1394 4961 1453 5014 τὸ
1492 4962 1709 5031 Πατέρα
1736 4980 1859 5030 γεν-

295 5060 519 5126 νήματος
570 5053 728 5119 εἶναι,
780 5054 877 5107 καὶ
904 5052 1177 5118 τοσοῦτον,
1217 5053 1327 5122 ὅσῳ
1381 5055 1680 5123 ποιήματος
1735 5053 1858 5117 Υἱὸς

295 5147 545 5218 διαφέρει.
612 5145 912 5218 Ἐιρ“ήμῶν
967 5145 1066 5216 μὲν
1131 5145 1239 5216 γὰρ
1272 5145 1522 5214 λέγεταιο
1583 5164 1600 5200 ι
1667 5145 1858 5216 Ἡμεῖς

296 5239 413 5303 λαὸς
447 5241 607 5311 νομῆς
631 5237 819 5300 αὑτοῦ,
855 5237 947 5290 καὶ
973 5237 1218 5306 πρόϐατα
1252 5237 1433 5308 χειρὸς
1459 5237 1646 5290 αὑτοῦ.
1677 5257 1695 5288 ι
1722 5239 1858 5310 Περὶ

297 5331 349 5384 δὲ
381 5332 535 5384 Υίοῦ·
574 5352 590 5382 ι
641 5333 736 5394 ⁸ος
767 5333 824 5382 ἐν
859 5331 1039 5400 μορφῇ
1072 5328 1204 5381 Θεοῦ
1237 5330 1518 5400 ὑπάρχων,
1549 5331 1648 5400 οὐχ
1682 5332 1859 5402 ἁρπα-

299 5423 428 5490 γμὸν
457 5426 696 5493 ἡγήσατο
731 5422 790 5474 τὸ
842 5417 979 5473 εἶναι
1031 5423 1119 5473 ῐσα
1148 5420 1300 5492 Θεῷ·
1341 5439 1359 5472 ι
1395 5423 1488 5474 καὶ
1524 5423 1683 5476 πάλιν
1725 5426 1859 5492 πρὸς

301 5515 480 5566 αὐτόν·
513 5534 529 5565 ι
559 5514 741 5568 Κάθου
775 5515 838 5564 ἐκ
867 5511 1058 5578 δεξιῶν
1082 5529 1202 5582 μου.
1245 5531 1263 5563 ι
1304 5512 1444 5579 Ὀση
1475 5513 1556 5575 τίς
1587 5509 1681 5566 οῦν
1715 5515 1858 5566 ἐστιν

301 5601 331 5668 ἡ
363 5600 578 5670 διαφορὰ
607 5602 914 5672 ποιήματος
949 5599 1042 5652 καὶ
1077 5600 1226 5666 Υίοῦ,
1281 5601 1375 5653 καὶ
1413 5600 1500 5654 διὰ
1540 5603 1743 5654 τούτων
1789 5605 1863 5655 εξ-

305 5691 510 5758 ςὸςιεθπ..

361 5885 406 5917 ⁸⁵
445 5888 570 5944 Psal.
616 5909 752 5957 acu,
797 5895 855 5948 5.
938 5893 982 5923 "‘
1018 5891 1247 5963 Philipp.
1280 5911 1337 5959 tt,
1381 5895 1432 5949 7.

1963 3403 2067 3440 non
2105 3402 2224 3440 esse
2253 3386 2470 3441 Patrem
2503 3386 2668 3439 Deum
2703 3386 2919 3449 dicatis,
2961 3387 3214 3440 omnibus
3245 3388 3420 3440 sacris
3449 3387 3562 3441 Lit-

1965 3475 2092 3527 teris
2123 3488 2422 3544 repugnare
2448 3472 2966 3542 deprehendemini:
3023 3490 3199 3544 neque
3255 3479 3398 3529 enim
3456 3478 3561 3532 ille

1961 3573 2257 3629 agnoscunt
2298 3561 2485 3625 Deum,
2530 3563 2618 3630 qui
2653 3562 2810 3616 Pater
2843 3580 2947 3616 non
2989 3565 3056 3618 sit
3085 3581 3098 3629 ;
3127 3573 3219 3618 aut
3250 3565 3290 3618 si
3330 3581 3423 3620 vos
3455 3567 3560 3636 ipsi

1959 3655 2261 3708 conceditis
2295 3670 2511 3723 semper
2547 3657 2725 3709 inesse
2752 3655 2858 3709 Deo
2885 3655 3063 3710 Patris
3114 3659 3557 3726 appellationem,

1963 3745 2270 3800 necessario
2330 3746 2492 3800 etiam
2555 3748 2604 3800 id
2652 3747 2794 3816 quod
2857 3762 2919 3800 ex
2995 3752 3110 3816 ipso
3194 3751 3437 3818 prnceiit
3507 3753 3559 3806 ei

1963 3835 2232 3890 tribuetis.
2286 3836 2471 3906 Neque
2527 3839 2668 3892 enim
2721 3836 2882 3891 Pater
2935 3839 3041 3891 diri
3100 3849 3277 3906 potest
3325 3856 3430 3892 non
3463 3856 3560 3894 ex-

1963 3928 2206 3982 sistentis
2229 3927 2378 3983 Filii.

2593 4018 2704 4089 39
2745 4016 2977 4073 ALIUD.

2034 4131 2089 4187 Si
2115 4133 2352 4187 haeretici
2393 4133 2571 4202 magni
2603 4133 2803 4202 aliquid
2830 4147 2951 4186 sese
2980 4132 3218 4186 tribuere
3238 4130 3346 4188 Deo
3370 4131 3559 4189 existi-

1962 4237 2132 4288 mant,
2159 4227 2299 4294 quod
2342 4225 2550 4278 Patrem
2584 4226 2753 4295 ipsum
2784 4227 2850 4279 ab
2886 4226 3037 4280 initio
3087 4225 3254 4280 fuisse
3315 4241 3556 4296 negent,

1961 4318 2128 4372 Deum
2157 4318 2372 4371 interitu
2410 4332 2527 4371 esse
2557 4318 2909 4380 conﬁtentes,
2950 4318 3056 4372 imo
3109 4333 3306 4385 magna
3363 4331 3554 4375 contu-

1963 4410 2120 4465 melia
2153 4425 2272 4464 sese
2298 4427 2419 4464 eum
2457 4409 2670 4464 allicere
2699 4411 2944 4473 credant,
2978 4425 3102 4463 cum
3160 4411 3395 4464 divinant
3456 4431 3555 4466 na-

1965 4512 2134 4557 turam
2171 4503 2415 4573 digniore
2456 4503 2610 4557 titulo
2638 4504 2871 4572 pt‘ivant.
2912 4501 3044 4555 Nam
3081 4511 3138 4555 ut
3170 4502 3312 4557 Deus
3338 4505 3559 4560 relatio~

1965 4611 2084 4648 netu
2123 4594 2282 4649 habet
2311 4596 2376 4647 ad
2411 4595 2626 4648 servilia
2657 4604 2713 4647 et
2739 4603 2978 4647 creatam
3032 4595 3391 4648 substantiam
3453 4598 3552 4650 lia-

1963 4687 2145 4740 bentia
2176 4705 2188 4738 :
2225 4686 2297 4738 ita
2336 4685 2499 4740 Pater
2557 4686 2623 4739 ad
2679 4685 2900 4739 Filium.
2952 4682 3087 4738 Cum
3139 4685 3321 4750 itaque
3369 4687 3554 4744 dicunt

1961 4779 2124 4833 Deum
2164 4779 2378 4847 quidem
2415 4781 2480 4834 ab
2523 4779 2681 4834 initio
2715 4780 3012 4844 exstitisse,
3041 4778 3254 4833 Patrem
3285 4795 3412 4836 vero
3447 4800 3554 4838 ttutt

1959 4870 2110 4933 item,
2144 4871 2605 4939 comparationem
2670 4871 2787 4924 sive
2831 4870 3146 4926 relationem
3210 4874 3276 4925 ad
3337 4875 3552 4928 servilia

1963 4961 2070 5013 Deo
2097 4962 2527 5028 accommodant,
2563 4965 2941 5033 praestantiore
2983 4962 3249 5018 relatione
3281 4978 3404 5018 eum
3437 4968 3552 5034 pri-

1967 5064 2156 5108 vantes
2187 5071 2200 5106 :
2235 5054 2583 5122 praaslautius
2611 5057 2753 5109 enim
2783 5065 2865 5109 est
2893 5053 3105 5107 Patrem
3126 5055 3416 5122 genitniuis
3433 5072 3554 5111 esse

1966 5154 2018 5196 et
2049 5145 2265 5212 quidem
2301 5155 2470 5206 tanto,
2508 5156 2708 5213 quanto
2740 5146 2907 5200 Filius
2932 5155 3179 5200 creatura
3227 5157 3309 5200 est
3369 5149 3553 5203 excel-

1970 5237 2181 5289 lentior.
2215 5236 2348 5290 Nam
2374 5239 2444 5292 de
2470 5238 2626 5292 nubis
2653 5238 2878 5292 dicitur:
2902 5257 2920 5288 ι
2952 5238 3060 5290 Nos
3082 5239 3310 5307 populus
3340 5254 3553 5306 pascuae

1966 5319 2099 5394 ejus,
2133 5337 2186 5382 et
2220 5342 2564 5382 oves-manus
2599 5342 2708 5382 suae
2738 5329 2839 5380 ⁵⁸.»
2879 5327 2951 5380 De
2985 5326 3121 5381 Filio
3153 5339 3329 5382 autem
3352 5346 3364 5381 :
3391 5347 3408 5378 ι
3449 5330 3549 5396 Qui

1958 5436 2079 5472 Clllll
2117 5428 2258 5473 esset
2301 5421 2352 5473 itt
2387 5420 2555 5473 forma
2593 5418 2709 5486 Dei,
2734 5435 2839 5473 non
2879 5421 3122 5488 rapinam
3149 5431 3235 5473 est
3260 5420 3553 5474 arbitratus

1958 5525 2017 5563 se
2040 5525 2160 5565 esse
2189 5512 2454 5580 aequalem
2496 5509 2605 5565 Deo
2654 5512 2700 5541 “
2735 5528 2749 5576 ;
2788 5531 2803 5562 ι
2863 5520 2918 5563 et
2955 5525 3164 5564 rursum
3211 5510 3274 5563 ad
3330 5511 3504 5577 ipsum
3538 5531 3550 5565 :

1966 5618 1981 5648 ι
2016 5599 2154 5655 Sede
2212 5619 2239 5654 a
2283 5602 2490 5655 dextris
2549 5604 2685 5656 meis
2739 5604 2805 5656 ⁵⁷.
2854 5622 2870 5652 ι
2935 5599 3207 5666 Quantum
3265 5602 3426 5671 igitur
3472 5602 3553 5654 itt-

1964 5694 2117 5746 tersit
2165 5693 2302 5748 inter
2351 5705 2656 5748 creaturam
2709 5705 2763 5750 et
2821 5694 3035 5755 Filium,
3090 5707 3152 5746 ex
3207 5693 3290 5747 bis
3352 5691 3550 5748 intelli-

1963 5799 2158 5849 gttnus.

1477 5896 1519 5924 ⁵⁷
1565 5894 1708 5952 Psael.
1750 5912 1858 5962 ent,
1909 5899 1957 5952 l.
