3922 6472
395 480 468 538 9⁸1
966 489 976 498 ’
1453 474 1506 530 S.
1547 473 1817 530 CYRILLI
1856 470 2325 528 ALEXANDBINI
2362 470 2679 528 AHCHIEP.
3572 470 3644 526 68

1067 590 1292 646 ALIUD.

461 702 918 772 Quemadmodum
964 699 1122 755 Pater
1162 702 1355 756 dicitur
1395 712 1642 770 respectu
1703 699 1846 765 Filii,
1882 700 2029 753 ἰαί-Α

396 796 535 849 Deus
568 802 810 862 respectu
838 807 1116 847 servorum
1143 803 1196 846 et
1219 807 1334 860 quae
1349 807 1457 846 non
1488 793 1726 846 eamdem
1759 791 1954 844 habent

397 893 643 936 naturam
670 893 831 952 atque
866 883 998 950 ipse.
1032 881 1256 950 Oportet
1287 883 1464 950 itaque
1493 882 1650 936 simul
1685 891 1740 938 et
1787 882 1951 936 Deum

395 981 450 1025 et
485 971 695 1028 Patrem
741 972 960 1041 intelligi
993 974 1281 1037 genitorem
1318 973 1471 1028 Verbi
1503 989 1516 1024 :
1544 985 1631 1027 aut
1653 975 1696 1027 si
1730 975 1781 1027 in
1818 983 1954 1028 tem-

397 1078 525 1130 pore
548 1063 771 1119 eﬂ'cctus
796 1072 882 1117 est
909 1063 1094 1129 Pater,
1130 1065 1307 1133 genito
1340 1067 1677 1138 postmodum
1712 1063 1870 1128 Filio,
1901 1065 1953 1116 in

397 1164 635 1222 tempore
663 1156 823 1208 etiam
858 1152 1080 1208 eiectus
1115 1163 1196 1207 est
1231 1154 1387 1216 Deus,
1413 1141 1626 1222 quando
1679 1169 1773 1222 per
1832 1151 1957 1205 Ver-

393 1244 522 1298 bum
560 1245 623 1297 ad
665 1257 787 1299 esse
825 1245 1066 1298 traducta
1103 1253 1226 1299 sunt
1285 1246 1464 1299 omnia
1527 1261 1753 1314 quorum
1783 1253 1868 1299 est
1903 1254 1956 1297 et

394 1332 553 1388 Deus.
588 1332 655 1387 Et
681 1335 725 1388 si
753 1336 934 1390 omnia
963 1335 1100 1390 facta
1135 1345 1260 1390 sunt
1289 1347 1411 1405 post
1440 1335 1630 1390 Filium
1662 1337 1681 1406 (
1727 1351 1822 1403 per
1874 1337 1952 1402 ip-

393 1439 513 1478 sum
545 1425 686 1478 enim
723 1423 861 1479 facta
882 1435 1012 1479 sunt
1040 1427 1088 1458 ⁵⁸
1112 1425 1161 1495 ),
1213 1427 1523 1495 priusquam
1572 1437 1715 1480 esset
1770 1427 1908 1480 Deus
1935 1466 1949 1489 ,

395 1515 494 1568 hoc
531 1515 692 1569 etiam
725 1515 942 1570 habebit
979 1517 1124 1570 utsit
1180 1517 1340 1570 Pater
1389 1518 1478 1584 qui
1539 1518 1709 1586 ipsum
1750 1519 1951 1586 genuit.

393 1600 679 1658 Ostensum
710 1605 853 1659 enim
887 1614 970 1659 est
997 1621 1116 1660 esse
1135 1616 1252 1674 post
1274 1605 1463 1660 Filium
1500 1617 1825 1670 creaturam,
1860 1621 1958 1660 cu-

388 1693 478 1762 jus
507 1705 591 1750 est
620 1697 854 1760 Deus,et
899 1697 963 1750 ad
997 1713 1158 1765 quam
1221 1698 1413 1752 merito
1464 1698 1702 1752 refertur
1760 1713 1953 1753 nomen

393 1784 630 1841 deitatis.

734 1897 960 1955 ALIUD.
989 1898 1092 1955 Per
1130 1901 1642 1956 demonstrationem.

395 2008 544 2074 Quod
571 2011 952 2066 conuenientius
983 2023 1065 2132 est!
1097 2013 1308 2136 PatrDem
1361 2030 1544 2068 vocare
1580 2015 1738 2068 Deum
1797 2033 1953 2084 quam

989 2100 1044 2134 ro
1072 2100 1156 2136 um
1249 2100 1390 2136 eum.

989 2100 1156 2136 ratum
1204 2100 1390 2140 ueum.

459 2187 573 2242 Nisi
605 2206 818 2256 nomen,
854 2191 1030 2256 Pater,
1089 2196 1258 2264 magis
1315 2197 1589 2265 proprium
1639 2197 1956 2266 digniusque

390 2297 529 2339 esset
561 2287 610 2338 in
650 2287 754 2339 Deo
788 2303 946 2355 quam
981 2289 1099 2350 hoc,
1136 2289 1293 2352 Deus,
1323 2291 1672 2357 quamobrem
1699 2289 1956 2345 Servator

389 2391 510 2427 cum
549 2377 834 2445 discipulos
863 2393 988 2431 suos
1015 2379 1079 2431 ad
1109 2379 1483 2448 haptizandum
1532 2382 1791 2446 mitteret,
1846 2399 1952 2438 non

383 2465 544 2532 jussit
579 2467 835 2533 baptizari
869 2477 1054 2536 gentes
1088 2469 1138 2519 in
1189 2470 1403 2525 nomine
1444 2472 1557 2535 Dei,
1600 2482 1655 2527 et
1707 2474 1850 2539 Filii,
1903 2485 1955 2528 et

390 2553 624 2623 Spiritus
665 2558 858 2621 Sancti,
891 2560 980 2610 Sed
1022 2560 1212 2612 divina:
1254 2571 1458 2616 natura:
1506 2564 1819 2632 dignitatem
1860 2581 1952 2619 vc-

390 2649 501 2701 rins
530 2649 876 2717 signiﬁcans,
908 2649 1078 2702 dixit:
1111 2650 1220 2721 40
1256 2670 1273 2701 ι
1313 2652 1366 2704 In
1409 2669 1623 2708 nomine
1669 2654 1848 2708 Patris
1902 2667 1956 2711 et

389 2739 506 2792 Filii
567 2753 619 2794 et
666 2739 902 2808 Spiritus
943 2743 1109 2796 sancti
1141 2743 1232 2795 '9?
1274 2761 1290 2793 ›
1326 2744 1388 2796 Et
1424 2745 1694 2814 Philippus
1719 2748 1951 2800 ditinam

387 2842 627 2884 naturam
664 2832 948 2895 curiosius,
977 2843 1031 2885 ut
1062 2833 1134 2886 ita
1168 2835 1360 2899 dicam,
1395 2835 1745 2906 investigans,
1766 2838 1946 2893 dixit:

391 2939 409 2972 ι
451 2920 684 2976 Ostende
711 2922 863 2976 nobis
890 2922 1102 2977 Patrem
1129 2924 1195 2976 ".
1235 2942 1252 2974 ›
1293 2925 1450 2979 Vides
1479 2942 1586 2994 quo
1621 2939 1777 2996 pacto
1829 2945 1949 2981 rur-

384 3028 476 3066 sus
516 3029 618 3066 non
644 3025 794 3068 vocet
830 3015 1015 3079 Deum,
1049 3018 1140 3070 sed
1168 3017 1416 3072 Patrem?
1458 3021 1570 3088 ipse
1601 3035 1725 3075 vero
1751 3020 1949 3076 Serva-

385 3115 466 3156 tor
494 3107 558 3157 ad
611 3106 708 3158 hoc
737 3107 908 3159 dicit:
943 3126 962 3158 ι
998 3108 1170 3164 Tanto
1203 3119 1443 3178 tempore
1497 3113 1770 3168 vobiscum
1802 3130 1944 3179 sum,

379 3202 432 3245 et
460 3207 564 3246 non
601 3194 740 3247 nosti
781 3210 883 3259 me,
938 3194 1345 3266 l’hilippeiQui
1397 3201 1524 3254 vidit
1564 3218 1669 3268 me,
1721 3203 1851 3257 vidit
1895 3215 1947 3258 et

380 3285 589 3340 Patrem
618 3287 717 3339 “.t
753 3287 959 3343 Rursus
985 3305 1089 3342 non
1117 3292 1250 3344 dixit
1280 3293 1408 3347 vidit
1440 3294 1626 3358 Deum,
1689 3298 1781 3350 sed
1843 3296 1946 3350 Pa-

383 3388 538 3442 trem,
564 3377 614 3431 id
652 3380 791 3446 quod
826 3379 1031 3447 majus,
1063 3397 1165 3434 non
1199 3385 1341 3451 quod
1387 3386 1568 3440 minus
1621 3398 1724 3451 est,
1753 3389 1800 3442 ei
1851 3390 1949 3442 tri-

382 3471 574 3523 buens.
609 3470 738 3524 Cum
769 3473 911 3525 enim
949 3483 1172 3528 vocatur
1211 3474 1391 3544 Pater,
1429 3492 1492 3530 cx
1546 3480 1746 3547 majore
1777 3490 1831 3534 et
1867 3482 1949 3535 di-

378 3561 583 3629 διιᾶσι-ε,
619 3563 872 3618 nimirum
917 3563 1073 3630 Filio,
1108 3565 1466 3636 signiﬁcatur.
1503 3569 1730 3636 Quando
1767 3581 1946 3628 autem

381 3651 539 3719 Dens,
563 3669 625 3707 ex
659 3656 949 3711 creaturis:
984 3660 1122 3727 quod
1153 3661 1328 3715 minus
1351 3672 1451 3722 est,
1484 3664 1770 3730 etquidem
1799 3674 1947 3719 tanto

377 3752 632 3808 quantum
668 3744 888 3799 interest
919 3747 1057 3801 inter
1079 3762 1295 3802 servum
1351 3758 1404 3806 et
1456 3750 1756 3818 dominum,
1811 3768 1946 3822 opus

373 3839 423 3880 et
458 3831 718 3899 opiﬁcem.

1036 4118 1263 4176 ALIUD.

371 4227 498 4306 Cum
557 4232 1350 4306 manifesto_demonstratione
1411 4239 1550 4305 quod
1613 4240 1838 4306 primum
1870 4242 1934 4294 sit

443 4298 621 4362 l’ater,
648 4298 831 4354 deinde
853 4301 1006 4366 Deus,
1033 4307 1236 4358 ωηιεηί
1269 4298 1433 4359 ειὶαηί
1456 4298 1932 4376 δίιηιιίύινιιηιᾳιιε.

438 4479 713 4547 Servatur,
746 4498 867 4536 cum
895 4493 1108 4553 peracta
1152 4489 1453 4542 oeconomia
1490 4497 1687 4547 nostra:
1718 4493 1927 4559 salutis,

365 4580 486 4636 post
515 4586 727 4626 erucem
774 4575 1013 4628 ascendit
1055 4576 1120 4630 ad
1153 4577 1320 4632 cmlos
1345 4620 1359 4645 ,
1389 4582 1460 4634 ita
1494 4581 1783 4654 discipulos
1805 4601 1931 4641 suos
1965 4580 2005 4635 ἶ)
2037 4607 2153 4660 Σωτ

364 4669 447 4714 est
505 4661 766 4715 allocutus
792 4683 804 4717 :
834 4683 851 4715 ι
879 4665 1125 4722 Ascendo
1150 4674 1214 4722 ad
1244 4669 1455 4728 Patrem
1485 4690 1680 4745 meum,
1725 4688 1777 4734 et
1832 4678 1933 4734 Pa-

367 4765 500 4806 trem
531 4765 790 4822 vestrum,
809 4765 863 4810 et
898 4759 1061 4814 Deum
1099 4778 1272 4818 meum
1300 4776 1354 4819 et
1379 4765 1541 4821 Deum
1567 4779 1804 4825 vestrum
1829 4773 1925 4826 σί.»

365 4842 595 4897 Videsne
631 4845 717 4898 hic
763 4847 1100 4904 manifestam
1135 4854 1412 4908 neminnm
1464 4858 1867 4916 distinctionem
1905 4863 1931 4917 τ

363 4929 523 5015 Vides
553 4947 658 5002 quo
690 4941 845 5004 paeto
872 4937 1030 4994 Pater
1056 4942 1270 5010 quidem
1312 4945 1583 5002 referatur
1606 4952 1672 5004 ad
1702 4951 1923 5019 Filium,

363 5021 503 5076 Deus
551 5040 678 5080 vero
727 5029 791 5080 ad
832 5031 1043 5085 servilia
1076 5042 1130 5088 et
1160 5040 1495 5096 creaturas?
1544 5039 1808 5108 Quocirca
1877 5049 1922 5103 si

361 5117 628 5180 pasterior
679 5128 763 5174 est
808 5123 1011 5178 creatio
1047 5138 1418 5185 creaturarum
1482 5150 1639 5205 quam
1693 5153 1921 5209 genera-

363 5206 436 5261 tio
469 5205 610 5271 Filii,
637 5211 865 5279 primum
901 5214 1005 5272 hoc
1037 5220 1194 5275 habet
1241 5226 1378 5292 quod
1410 5226 1484 5281 sit
1521 5205 1718 5294 Pater;
1733 5248 1922 5288 conse-

360 5311 531 5364 quens
565 5314 691 5354 vero
738 5306 882 5372 quod
927 5309 996 5360 sit
1039 5309 1194 5365 Deus.
1243 5313 1378 5371 Hinc
1421 5333 1548 5373 vero
1585 5322 1919 5382 manifestius

357 5391 677 5446 ostendetur
747 5400 1216 5469 contemplationis
1269 5405 1427 5477 hujus
1489 5415 1644 5473 ratio.
1685 5416 1922 5487 Dignita-

360 5487 464 5534 tem
504 5483 645 5536 enim
677 5501 829 5542 suam
863 5506 979 5558 qua:
1003 5493 1048 5546 ci
1093 5498 1409 5554 naturaliter
1450 5503 1610 5572 inest,
1668 5483 1787 5585 [irae
1822 5511 1923 5566 im-

358 5585 537 5626 mensa
586 5591 680 5631 sua
714 5579 1044 5649 benignitate
1090 5589 1243 5644 nobis
1273 5599 1699 5666 communicans,
1733 5579 1920 5670 addit;

358 5682 376 5716 ι
403 5662 616 5722 Patrem
637 5683 894 5729 vestrum:
926 5694 944 5727 ι
964 5677 1200 5748 adoptati
1225 5685 1364 5739 enim
1396 5703 1580 5744 sumus
1607 5662 1699 5759 per
1723 5662 1919 5762 ipsum,

423 5845 470 5876 "
505 5843 660 5900 Joan.
703 5866 740 5918 t,
774 5852 822 5906 5.
901 5855 945 5885 ⁸⁸
984 5855 1168 5910 Matth.
1213 5875 1398 5928 nvttt,
1448 5865 1525 5918 t9.
1606 5868 1647 5897 ⁶⁰
1688 5869 1840 5924 .han.
1890 5891 2014 5938 xw,
2059 5879 2106 5932 8.
2188 5883 2226 5913 "

2748 586 2950 638 ΛΛΛΟ.

2137 697 2342 768 Ὠσπερ
2378 698 2438 749 τὸ
2466 696 2656 766 Πατὴρ
2681 695 2755 756 ὡς
2784 694 2921 764 πρὸς
2950 693 3078 747 Υἱὸν
3107 692 3470 762 λαμϐάνεται,
3497 691 3647 748 οὓτω

2062 787 2155 839 καὶ
2205 787 2333 850 Θεὸς
2367 788 2441 850 ὡς
2493 786 2630 857 πρὸς
2675 783 2746 838 τὰ
2794 784 2952 838 δοῦλα
3002 785 3096 838 καὶ
3142 786 3211 838 τὰ
3260 785 3334 856 μὴ
3384 777 3648 855 τοιαύτην

2061 879 2251 948 ἔχοντα
2279 871 2400 948 τῆν’
2425 877 2585 946 φύσιν
2615 877 2803 929 ὁποίαν
2842 877 3021 941 αὐτός.
3066 878 3304 946 ’Δνάγκη
3350 875 3648 948 τοιγαροῦν

2061 969 2194 1040 ὁμοῦ
2230 971 2325 1022 καὶ
2352 968 2484 1021 Θεὸν
2528 967 2622 1019 καὶ
2665 968 2884 1038 Πατέρα
2928 967 3164 1021 νοεῖσθαι
3194 967 3286 1021 τὸν
3325 967 3419 1020 τοῦ
3459 967 3648 1035 Λόγου

2062 1062 2362 1130 γεννήτορα
2381 1076 2395 1090 υ
2429 1059 2460 1128 ἢ
2492 1060 2648 1127 εἴπερ
2671 1060 2727 1111 ὲν
2753 1059 2929 1128 χρόνῳ
2959 1059 3148 1126 γέγονε
3177 1058 3386 1130 Πατὴρ,
3413 1058 3649 1129 ὕστερον

2061 1151 2150 1203 τὸν
2193 1150 2322 1202 Υἱὸν
2368 1150 2763 1218 ἀπογεννήσας,
2815 1150 2873 1201 ἐν
2908 1150 3082 1219 χρόνῳ
3129 1151 3322 1219 γέγονε
3358 1149 3645 1214 καὶ-Θεὸς,

2061 1243 2148 1295 ὅτε
2188 1240 2275 1294 διὰ
2305 1239 2397 1293 τοῦ
2437 1242 2607 1308 Λόγου
2643 1240 2778 1309 πρὸς
2807 1241 2869 1293 τὸ
2902 1239 3040 1295 εἶναι
3075 1241 3328 1313 παρήχθη
3360 1242 3428 1296 τὰ
3461 1242 3648 1296 πάντα

2062 1327 2136 1387 ὧν
2165 1333 2280 1384 ἑστι
2328 1332 2422 1385 καὶ
2451 1331 2604 1396 Θεός.
2638 1332 2748 1385 Καὶ
2782 1333 2831 1385 εί
2861 1332 3107 1400 φαίνεται
3159 1335 3336 1387 πάντα
3377 1334 3648 1401 γεγονότα.

2064 1419 2202 1489 μετὰ
2227 1419 2317 1472 τὸν
2352 1419 2478 1471 Υίὸν
2503 1418 2591 1489 (δι’
2626 1421 2792 1473 αὑτοῦ
2834 1421 2940 1492 γὰρ
2974 1422 3205 1491 γέγονε),
3242 1423 3344 1492 πρὸ
3367 1423 3458 1477 τοῦ
3495 1419 3647 1478 εἶναι

2063 1510 2213 1575 Θεὸς,
2269 1510 2379 1575 ἕξει
2420 1510 2481 1564 τὸ
2523 1507 2660 1564 εἶναι
2703 1512 2892 1582 Πατὴρ
2938 1515 2965 1565 ὁ
3012 1515 3277 1584 γεννήσας
3317 1515 3502 1568 αὐτόν.
3543 1516 3648 1568 Δέ-

2061 1602 2270 1655 δεικται
2316 1601 2425 1672 γὰρ
2473 1603 2554 1655 ὅτι
2614 1603 2752 1673 μετὰ
2784 1603 2873 1655 τὸν
2922 1604 3048 1657 Υἱὸν
3087 1606 3118 1672 ή
3156 1604 3356 1670 κτίσις,
3406 1601 3472 1676 ἦς
3519 1608 3650 1661 ἐστι

2061 1694 2213 1759 Θεὸς,
2247 1695 2339 1747 καὶ
2376 1694 2515 1766 πρὸς
2546 1694 2612 1765 ἢν
2661 1697 2861 1748 νοεῖται
2909 1697 3127 1760 εἰκότως
3161 1697 3219 1750 τὸ
3251 1697 3347 1766 τῆς
3385 1697 3647 1767 θεότητος

2061 1785 2227 1856 ὄνομα
2237 1826 2249 1840 .

1999 1909 2040 1964 Β
2485 1899 2686 1952 ΑΛΛΟ.
2742 1897 3212 1964 ’Δποὸεικτικῶς.

2060 2012 2186 2064 Ὀτι
2221 2012 2710 2082 πρεπωδέστερον
2747 2016 2812 2068 τὸ
2867 2018 3094 2083 Πατέρα
3132 2017 3372 2084 μᾶλλον
3428 2019 3647 2072 καλεῖν

2240 2103 2346 2157 τόν
2389 2105 2557 2172 Θεὸν,
2592 2107 2628 2173 ἢ
2661 2107 2834 2160 τοῦτο
2868 2110 3013 2161 αὐτὸ
3055 2110 3247 2180 μόνον
3289 2111 3454 2163 Θεόν.

2126 2217 2190 2268 ΕΞ
2222 2217 2298 2287 μὴ
2343 2218 2403 2269 τὸ
2437 2219 2622 2288 Πατὴρ
2665 2220 2834 2289 ὄνομα
2868 2220 3200 2292 κυριώτερόν
3231 2222 3348 2285 πὼς
3391 2225 3508 2276 ἐστι
3541 2227 3644 2277 καὶ

2055 2307 2475 2378 ἀξιολογώτερον
2523 2310 2615 2362 ἐπὶ
2661 2311 2792 2364 Θεοῦ
2841 2313 3036 2382 ἢαὺτὸ
3082 2312 3330 2382 δήτοῦτο
3369 2313 3426 2367 τὸ
3476 2315 3640 2382 Θεὸς,

2055 2398 2175 2450 ὅτου
2224 2396 2288 2467 δὴ
2341 2399 2501 2469 χάριν
2548 2400 2639 2452 ἐπὶ
2684 2400 2742 2453 τὸ
2783 2400 3064 2470 βαπτίζειν
3109 2403 3472 2457 ἀποστέλλων.
3505 2405 3640 2470 τοὺς

2057 2489 2252 2543 ἑαυτοῦ
2293 2489 2540 2560 μαθητὰς
2563 2490 2590 2541 ὁ
2619 2490 2825 2560 Σωτὴρ,
2863 2492 2961 2544 οὐκ
2995 2491 3244 2544 ἐκέλευσε
3266 2493 3542 2562 βαπτίζειν
3565 2495 3640 2547 τὰ

2059 2583 2184 2650 ἔθνη
2215 2584 2294 2644 είς
2328 2583 2494 2651 ὄνομα
2520 2580 2676 2645 Θεοῦ,
2698 2584 2788 2634 καὶ
2807 2578 2960 2644 nos,
2991 2584 3082 2635 καὶ
3109 2584 3261 2651 ἁγίου
3292 2584 3635 2654 Πνεύματος,

2062 2673 2196 2726 ἀλλὰ
2238 2674 2296 2725 τὸ
2346 2671 2705 2740 ἀληθέστερον
2751 2674 3028 2743 σημαίνων
3071 2675 3167 2743 τῆς
3222 2675 3369 2738 Θείας
3415 2676 3639 2743 φύσεως

2054 2761 2270 2830 ἀξίωμα
2291 2777 2302 2790 ⁸
2351 2781 2369 2811 ι
2411 2761 2503 2822 Et;
2532 2760 2767 2829 Πατέρα,
2797 2762 2948 2829 φησί,
2983 2763 3075 2814 καὶ
3120 2765 3198 2826 εἰς
3248 2764 3397 2828 Υίὸν,
3429 2767 3523 2819 καὶ
3547 2769 3637 2831 είς

2051 2853 2112 2904 τὸ
2143 2853 2364 2921 Πνεῦμα
2405 2852 2464 2904 τὸ
2508 2852 2695 2919 ἆγιον;
2747 2852 2804 2905 'O
2839 2852 2895 2906 δέ
2927 2871 2989 2920 γε
3025 2855 3288 2920 Φίλιππος
3326 2859 3424 2928 τὴν
3454 2858 3635 2924 θείαν,

2055 2943 2118 2995 ἵν’
2149 2942 2319 3006 οὕτως
2343 2945 2502 3005 εἴπω,
2536 2944 3026 3012 περιεργαζόμενος
3054 2946 3235 3015 φύσιν,
3266 2949 3466 3015 ἔφασκε
3494 2949 3638 3020 πρὸς

2053 3036 2244 3088 αὐτόν·
2290 3054 2307 3086 ι
2346 3035 2527 3100 Δεῖξον
2557 3037 2689 3104 ἡμῖν
2722 3034 2814 3088 τὸν
2857 3037 3094 3107 Πατέρα.
3134 3057 3151 3088 ι
3199 3039 3358 3111 Ὀρᾷς
3385 3042 3531 3104 ὅπως
3565 3041 3634 3093 οὗ

2052 3123 2182 3176 Θεὸν
2209 3123 2457 3193 ὀνομάζει
2488 3123 2666 3186 πάλιν,
2694 3124 2828 3176 ἀλλὰ
2861 3125 3078 3197 Πατέρα
3107 3129 3300 3194 ualet;
3335 3131 3437 3182 Καὶ
3464 3131 3635 3194 αὐτὸς

2051 3214 2109 3267 δὲ
2137 3214 2269 3286 πρὸς
2291 3214 2446 3267 τοῦτό
2472 3232 2636 3291 φησιν
2656 3216 2683 3268 ὁ
2706 3217 2898 3287 Σωτήρ
2917 3233 2928 3244 ·
2957 3237 2972 3268 t
2999 3218 3264 3272 Τοσοῦτον
3285 3222 3474 3290 χρόνον
3506 3224 3633 3292 μεθ’

2052 3305 2207 3374 ὑμῶν
2243 3306 2378 3374 είμι,
2408 3306 2503 3359 καὶ
2544 3307 2646 3359 οὐκ
2675 3307 2919 3375 ἔγνωκάς
2949 3326 3016 3378 με
3055 3311 3322 3376 Φίλιππες
3367 3313 3422 3366 'O
3451 3316 3634 3383 ἑωρα-

2050 3395 2160 3457 κὼς
2209 3395 2306 3465 ἐμὲ
2351 3393 2562 3458 ἑώρακε
2617 3397 2708 3450 τὸν
2752 3399 2991 3469 Πατέρα.
3039 3419 3055 3452 t
3107 3403 3275 3456 Πάλιν
3313 3404 3410 3457 οὐκ
3443 3401 3628 3470 εἶπεν,

2062 3482 2304 3554 Ἐώρακε
2333 3483 2425 3536 τὸν
2447 3484 2600 3549 Θεὸν,
2637 3485 2772 3540 ἀλλὰ
2801 3487 2891 3540 τὸν
2917 3489 3156 3560 Πατέρα,
3181 3491 3242 3545 τὸ
3267 3494 3451 3564 μεῖζον
3481 3495 3630 3548 ἀπο-

2049 3571 2228 3641 νέμων
2264 3571 2430 3642 αὐτῷ,
2481 3575 2574 3626 καὶ
2619 3575 2679 3628 οὐ
2712 3576 2772 3629 τὸ
2813 3577 3062 3656 ἔλαττον..
3083 3580 3209 3634 Ὅτε
3257 3583 3354 3651 μὲν
3383 3584 3488 3654 γὰρ
3520 3603 3629 3638 κα-

2046 3662 2217 3715 λεῖται
2270 3664 2482 3735 Πατὴρ,
2534 3667 2597 3719 ὲκ
2637 3665 2730 3719 τοῦ
2779 3670 3024 3738 μείζονος
3061 3672 3153 3723 καί
3199 3673 3628 3746 ἀξιολογωτέραν

2048 3755 2386 3824 σημαίνεται,
2434 3759 2715 3811 τουτέστιν
2747 3759 2809 3812 ἐκ
2840 3760 2931 3813 τοῦ
2962 3760 3092 3813 Υἱοῦ
3113 3780 3127 3793 ι
3157 3763 3242 3815 ὅτε
3274 3763 3330 3816 δὲ
3359 3764 3510 3828 Θεὸς,
3557 3771 3629 3823 ἐκ

2045 3846 2152 3898 τῶν
2189 3847 2507 3916 ποιημάτων
2529 3864 2542 3878 ’
2593 3850 2728 3919 ὅπερ
2777 3853 2924 3904 ἐστὶν
2952 3852 3199 3906 ἐλάττον’
3236 3855 3340 3910 ’καὶ
3367 3857 3628 3912 τοσοῦτον

2044 3939 2168 3991 ὅσον
2215 3940 2330 3990 ἐστὶ
2364 3940 2423 3992 τὸ
2475 3941 2678 4008 μεταξὺ
2713 3942 2898 3994 δούλου
2944 3946 3035 3997 καὶ
3066 3944 3345 4012 δεσπότου,
3393 3951 3624 4021 ποιητοῦ

2045 4029 2135 4081 καὶ
2165 4034 2483 4102 ποιήματος.

2717 4145 2803 4196 ΑΛ
2817 4145 2918 4200 ΛΟ.

2039 4251 2198 4304 Μετὰ
2218 4254 2451 4321 σαφοῦς
2467 4255 2845 4323 ἀποδείξεως,
2871 4258 2958 4312 ὅτι
2981 4260 3213 4327 πρῶτόν
3234 4263 3363 4316 ἐστι
3386 4268 3614 4337 Πατὴρ,

2298 4340 2428 4396 εἶτα
2461 4345 2623 4411 Θεὸς,
2657 4349 2708 4400 εί
2737 4349 2830 4400 καί
2863 4348 2984 4414 ἅμα
3014 4352 3334 4420 ἀμφότερα.

2111 4517 2236 4569 Ὅτε
2288 4518 2382 4589 τὴν
2438 4522 2560 4575 καθ’
2599 4523 2758 4594 ἡμῶν
2805 4524 3205 4597 ἀποπληρώσας
3239 4531 3550 4602 οίκονομίαν
3581 4537 3614 4589 ὁ

2155 4608 2226 4679 ἥρ
2256 4610 2512 4680 ἠπείγετο
2554 4615 2690 4682 μετὰ
2716 4616 2807 4668 τὸν
2843 4618 3073 4690 σταυρὸν
3106 4621 3184 4683 είς
3207 4621 3487 4692 οὐρανοὺς,
3516 4625 3612 4678 λέ-

2028 4716 2114 4768 γει
2150 4701 2284 4771 πρὸς
2318 4704 2441 4768 τοὺς
2490 4705 2684 4758 ἑαυτοῦ
2737 4707 3019 4780 μαθητάς·
3059 4729 3076 4760 ι
3129 4712 3428 4767 Ἀναϐαίνω
3470 4718 3613 4788 πρὸς

2025 4791 2118 4844 τὸν
2153 4793 2373 4865 Πατέρα
2431 4812 2532 4864 μου
2568 4797 2659 4850 καί
2708 4799 2926 4871 Πατέρα
2976 4801 3151 4870 ὑμῶν,
3201 4804 3294 4857 καὶ
3333 4806 3468 4860 Θεόν
3502 4826 3610 4872 μου

2026 4884 2120 4935 καὶ
2164 4883 2294 4937 Θεὸν
2332 4887 2510 4956 ὑμῶν.
2555 4908 2573 4940 ι
2625 4890 2786 4961 Ὁρᾷς
2832 4893 2888 4945 ὲν
2933 4892 3106 4964 τούτῳ
3157 4896 3304 4967 σαφῆ
3351 4900 3452 4969 τὴν
3496 4901 3609 4956 τῶν

2023 4973 2303 5045 ὀνομάτων
2361 4977 2678 5052 διαστολήνς
2731 4983 2889 5055 Ὁρᾷς
2941 4985 3021 5038 ὅτι
3069 4987 3097 5038 ὀ
3146 4988 3334 5061 Πατὴρ
3384 4990 3486 5060 μὲν
3530 4993 3610 5057 ὡς

2029 5066 2165 5136 πρὸς
2197 5067 2322 5120 Υἱὸν
2363 5072 2585 5136 νοεῖται,
2618 5073 2750 5138 Θεὸς
2794 5075 2873 5138 δὲ,
2913 5076 2988 5139 ὡς
3026 5077 3162 5148 πρὸς
3203 5078 3270 5132 τά
3314 5079 3475 5136 δοῦλα
3510 5086 3607 5138 καὶ

2031 5159 2405 5228 πεποιημένας
2448 5163 2655 5218 Οὐκοῦν
2681 5167 2732 5218 εἰ
2775 5167 3003 5238 δεύτερα
3042 5170 3142 5240 τῆς
3175 5176 3478 5244 γεννήσεως
3507 5177 3605 5231 τοῦ

2035 5248 2163 5301 Υἱοῦ
2214 5251 2282 5305 τὰ
2317 5254 2615 5324 ποιήματα,
2665 5258 2878 5327 πρῶτον
2922 5260 3033 5332 ἔχει
3093 5262 3153 5315 τὸ
3201 5259 3340 5318 εἶναι
3389 5267 3601 5341 Πατὴρ,

2031 5340 2426 5404 ἐπακολουθοῦν
2451 5346 2506 5398 δὲ
2534 5346 2646 5418 ἅμα
2679 5351 2771 5404 καὶ
2803 5351 2865 5405 τὸ
2898 5348 3038 5406 εἶναι
3069 5353 3219 5419 Θεός.
3245 5357 3602 5429 Δειχοήσεται

2119 5431 2512 5506 ἀκριῦέστερον
2541 5437 2854 5515 ὸντεῦθενή
2903 5443 2994 5498 τοῦ
3038 5447 3305 5516 νοήματος
3347 5449 3598 5522 δύναμις.

2021 5521 2092 5613 Τὸ
2122 5523 2230 5593 γὰρ
2265 5524 2464 5595 προσὸν
2491 5527 2638 5600 αὑτῷ
2673 5533 2811 5588 κατὰ
2847 5534 3006 5603 φύσιν
3040 5534 3258 5608 ἀξίωμα
3304 5521 3603 5613 χαριζόμε-

2020 5610 2110 5675 νος
2156 5617 2288 5685 ἡμῖν
2332 5616 2421 5670 διὰ
2465 5620 2663 5693 πολλὴν
2713 5625 3151 5698 φιλανθρωπίαν,
3211 5610 3601 5702 προστέθειιιεν

2021 5705 2119 5767 ὅτι,
2158 5724 2176 5757 ι
2214 5708 2305 5761 καὶ
2340 5709 2560 5782 Πατέρα
2593 5715 2744 5785 ὑμῶν
2769 5731 2781 5743 ·
2829 5737 2847 5770 ι
2879 5719 3194 5790 κεκλήμεθα
3235 5722 3344 5794 γὰρ
3377 5726 3456 5789 είς
3488 5727 3599 5782 olo-

2276 5885 2404 5938 ihitl.
2447 5888 2500 5943 9.
2581 5891 2622 5921 ⁵³
2661 5892 2815 5948 Joan.
2861 5913 2951 5962 xx,
2999 5899 3086 5954 17.
