3922 6500
191 515 244 575 π
1549 481 1991 545 τιιεεΑυιιυε.

3343 472 3411 526 Ἱι

193 626 240 693 ἐξ
259 622 421 688 αὐτοῦ,
457 622 567 676 ἀλλ’
602 619 838 687 ἔξωθεν,
870 615 1119 671 καὶκατὰ
1139 614 1366 683 δύναμιν
1392 609 1491 681 τὴν
1514 611 1574 662 ἐν
1604 609 1723 678 βου-

1859 616 2003 670 eque
2041 615 2108 655 ex
2139 598 2258 668 ipso
2287 609 2430 662 esse,
2484 593 2577 648 sed
2621 593 2968 646 extrinsecus
3009 596 3067 642 et
3110 586 3408 641 secundum

192 718 309 786 λήθει
340 716 462 786 μόνῃ
484 712 580 782 τὴν
611 708 963 782 συνύπαρξιν
991 707 1118 778 ἔχει.

615 929 782 997 Πρὸς
821 924 998 980 τοῦτο
1032 924 1232 988 λύσις.

247 1041 446 1112 Ιίικρδν,
477 1033 523 1094 ὦ
547 1039 826 1111 βέλτιστε,
865 1035 1061 1090 σαυτὸν
1087 1035 1199 1088 ἄνω
1229 1029 1498 1100 σωμάτων
1520 1029 1612 1100 ἔχε
1631 1029 1725 1081 καὶ

191 1132 272 1184 τῶν
294 1135 407 1204 περὶ
429 1133 497 1186 τὰ
522 1132 759 1200 σώματα
788 1128 1010 1183 παθῶνο
1041 1125 1167 1196 περὶ
1192 1122 1329 1177 Θεοῦ
1362 1122 1472 1192 γὰρ
1494 1123 1524 1174 ὁ
1544 1120 1722 1188 λόγος.

190 1225 236 1277 El
271 1224 365 1294 γὰρ
403 1222 500 1276 olet
546 1221 809 1290 καθάπερ
839 1217 1124 1288 ἄνθρωπον
1156 1213 1407 1267 τίκτοντα
1449 1210 1542 1264 τὸν
1591 1207 1726 1262 Θεὸν

191 1314 484 1368 ἐλαττοῦτθαί
507 1331 625 1376 πως
652 1314 779 1375 ταῖς
810 1307 1155 1381 ἀπορροίαις,
1192 1305 1288 1359 καὶ
1312 1304 1436 1374 δίχα
1465 1302 1612 1366 τινος
1632 1301 1728 1372 ζη-

193 1405 290 1473 μίας
321 1401 387 1474 μὴ
424 1401 686 1457 δύνασθαι
728 1396 893 1454 τοῦτο
919 1400 1116 1462 ποιεῖν,
1152 1395 1508 1468 μεριζόμενον
1537 1393 1728 1463 ὥσπερ

189 1496 248 1556 εις
269 1494 349 1546 τὸν
368 1494 430 1558 ’ἐξ
451 1494 615 1547 αὑτοῦ
662 1490 1006 1564 προελθόντα
1046 1489 1246 1557 Λόγον,
1265 1488 1319 1541 τί
1360 1484 1603 1540 κωλύσαι
1629 1483 1729 1555 τὴν

189 1584 320 1656 αὐτὴν
358 1587 650 1653 ἐπαγαγεῖν
697 1581 1079 1654 βλασφημίαν,
1107 1579 1203 1632 καὶ
1254 1578 1350 1630 ἐπὶ
1390 1578 1503 1638 τοῖς
1550 1573 1730 1636 ἄλλοις

189 1679 322 1730 ἅπασι
367 1679 475 1741 τοῖς
522 1676 832 1748 προσ-οὖσιν
877 1673 1058 1743 αὑτῷς
1103 1672 1166 1724 El
1198 1669 1308 1741 γὰρ
1334 1668 1410 1732 ὡς
1443 1666 1731 1736 ἄνθρωπος

187 1768 322 1821 τίκτει
350 1767 598 1839 ρευπῶς,
627 1765 1032 1837 δημιουργήσει
1057 1762 1151 1815 καὶ
1177 1759 1253 1823 ὡς
1281 1757 1566 1828 ἄνθρωπος
1591 1753 1732 1826 μετὰ

189 1859 334 1912 τᾶνου.
361 1859 418 1912 El
460 1859 517 1911 δέ
547 1857 717 1912 τοῦτο
745 1857 946 1912 ἄτοπον
982 1853 1082 1922 (οὐ
1110 1851 1218 1922 γὰρ
1268 1849 1345 1912 ὠς
1386 1845 1672 1923 ἄνθρωπος
1703 1844 1732 1896 ό

1823 692 2135 748 facultatem
2199 691 2314 744 sive
2357 685 2652 756 potentiam
2693 698 2816 753 qua:
2864 681 2920 736 in
2968 679 3086 735 sola
3135 675 3412 732 voluntate

1821 781 1942 851 est,"
1955 782 2308 840 coexsistere.

2325 915 2536 974 Salutio
2571 913 2896 986 objectionir.

1897 1032 2061 1088 Paulo
2090 1030 2276 1096 altius,
2319 1030 2464 1086 bone
2494 1028 2601 1090 vir,
2641 1040 2806 1094 supra
2852 1036 3082 1094 corpora
3117 1030 3418 1089 eorumque

1825 1125 2143 1181 affectiones
2167 1130 2405 1177 mentem
2435 1119 2628 1175 attolle
2661 1135 2675 1172 :
2703 1116 2771 1172 de
2802 1115 2913 1170 Deo
2944 1114 3089 1169 enim
3121 1114 3180 1166 tit
3210 1125 3414 1166 sermo.

1827 1217 1886 1273 Si
1915 1215 2060 1270 enim
2095 1227 2289 1269 censes
2323 1210 2437 1268 Deo
2467 1209 2694 1279 perinde
2731 1217 2896 1277 atque
2927 1203 3131 1260 homini
3164 1203 3217 1256 in
3249 1216 3417 1271 gene-

1829 1309 2001 1364 rando
2030 1305 2234 1375 aliquid
2265 1304 2557 1368 decedere,
2604 1315 2785 1370 neque
2813 1299 2866 1354 id
2906 1296 3088 1352 facere
3121 1308 3280 1363 posse
3311 1293 3420 1348 nisi

1829 1399 2033 1470 aliquid
2052 1399 2129 1454 illi
2151 1399 2430 1468 depereat,
2467 1397 2542 1451 ita
2568 1405 2626 1450 ut
2654 1391 3053 1465 quodammodo
3075 1390 3129 1444 in
3159 1388 3419 1453 Verbum,

1830 1493 1974 1561 quod
2005 1505 2072 1546 ex
2102 1491 2217 1560 ipso
2239 1488 2504 1558 procedit,
2529 1483 2968 1553 dividatur,quid
2988 1480 3261 1537 obstiterit
3281 1493 3422 1550 quo-

1834 1582 2014 1636 minus
2044 1579 2292 1636 eamdem
2319 1576 2714 1649 blasphemiam
2755 1575 2823 1629 ad
2865 1574 3104 1643 reliquas
3141 1570 3260 1642 ejus
3292 1584 3421 1639 pro-

1832 1674 2090 1743 prietates
2123 1668 2643 1729 accommodemus?
2689 1667 2746 1722 Si
2790 1667 2936 1722 enim
2968 1681 3064 1735 per
3095 1662 3298 1719 ﬂuxum
3342 1661 3424 1731 gi-

1832 1765 1949 1835 gnit
1991 1773 2049 1818 ut
2092 1765 2276 1827 homo,
2312 1762 2522 1818 creabit
2550 1762 2717 1816 etiam
2755 1769 2813 1814 ut
2851 1759 3014 1814 homo
3041 1771 3163 1813 cum
3215 1755 3421 1811 labore.

1833 1858 1906 1910 At
1932 1856 1977 1910 si
2010 1855 2061 1910 id
2086 1853 2381 1910 absurdum
2404 1862 2488 1909 est
2517 1852 2719 1925 (neque
2735 1851 2879 1906 enim
2907 1852 3049 1906 Deus
3079 1851 3154 1906 ita
3179 1858 3237 1904 ut
3259 1850 3424 1904 homo

186 1947 288 2011 ea;
311 1947 688 2020 δημιουργεῖ),
732 1946 854 2000 οὐδὲ
893 1944 970 2008 ὡς
995 1942 1278 2012 ἄνθρωπος
1309 1939 1418 2011 ἄρα
1457 1937 1728 2007 γεννήσει,

1859 1955 1989 2002 :reat
2009 1945 2052 2017 ),
2083 1959 2262 2016 neque
2285 1944 2454 2016 igitur
2480 1945 2662 2015 gignet
2691 1951 2750 1997 ut
2776 1943 2964 2008 homo,
2993 1943 3088 1997 sed
3127 1942 3424 1997 humanam
3505 1958 3509 1962 ·

188 2039 292 2092 ἀλλὰ
315 2041 403 2110 τὴν
431 2040 730 2111 ἀνθρώπου
751 2038 914 2106 φύσιν
939 2037 1042 2089 κάν
1065 2032 1241 2103 τούτῳ
1264 2028 1428 2084 πάλιν
1454 2026 1726 2098 ἀναϐήσε-

187 2150 272 2199 ται,
300 2133 488 2202 γεννῶν
514 2130 862 2204 ἀμερίστως.

854 2244 1061 2299 ΔΑΜ).

239 2359 291 2412 Εἰ
317 2359 553 2430 καθάπερ
582 2357 874 2428 ἄνθρωπος
908 2354 1082 2408 τίκτει
1107 2351 1262 2415 Θεὸς,
1292 2349 1589 2422 ἐργάζεται
1637 2345 1734 2400 καὶ

187 2451 245 2512 ὦς
266 2451 546 2519 ἄνθρωπος.
577 2451 694 2505 Καὶ
723 2447 1024 2518 ἐπειδήπερ
1048 2446 1208 2517 ἡμεῖς
1238 2441 1372 2513 ὕλης
1391 2438 1735 2511 παρακειμέ-

187 2559 262 2611 νης
280 2542 408 2607 τινος
434 2542 522 2596 διὰ
550 2543 828 2609 κινήσεως
873 2535 1072 2609 χειρῶν
1115 2531 1486 2603 ἀποτελοῦμεν
1523 2548 1578 2584 τι
1628 2527 1736 2582 τῶν

187 2635 264 2686 ὅσα
308 2638 468 2689 ποιεῖν
514 2633 849 2705 βουλόμεθα,
882 2632 1027 2686 οὕτω
1075 2629 1169 2683 καὶ
1213 2627 1367 2690 Θεός.
1419 2625 1482 2677 Ei
1520 2621 1579 2676 δὲ
1611 2621 1738 2691 δίχα

187 2725 349 2793 χειρῶν
389 2728 480 2778 καὶ
519 2726 658 2794 ὕλης
694 2726 760 2778 ἐκ
803 2723 898 2778 τοῦ
949 2722 1024 2794 μὴ
1070 2720 1222 2782 ὕντος
1251 2718 1330 2781 είς
1383 2715 1444 2770 τὺ
1487 2709 1626 2768 εἶναι
1668 2711 1738 2766 τὰ

189 2815 333 2867 πάντα
362 2815 501 2885 λόγῳ
549 2814 820 2886 παράγει,
845 2813 946 2882 τὴν
993 2808 1281 2882 ἀνθρώπου
1331 2805 1498 2876 φύσιν
1547 2803 1738 2868 νικῶν,

189 2907 365 2976 νικήσει
392 2907 610 2970 πάντως
640 2905 816 2977 αὐτὴν
847 2905 943 2959 καὶ
970 2903 1100 2974 περὶ
1127 2901 1219 2955 τὸν
1243 2899 1339 2955 τοῦ
1372 2899 1572 2971 γεννᾴν
1613 2897 1740 2969 τρό-

189 3010 286 3050 τον.

848 3106 1051 3160 ΔΛΛΟ.

241 3217 310 3269 Τὰ
353 3217 650 3288 συνέχοντα
697 3234 841 3283 τινα,
893 3218 1057 3271 οἱονεὶ
1107 3217 1294 3288 κύκλῳ
1349 3212 1742 3287 περιτετάσθαι

1832 2049 2082 2093 naturam
2130 2038 2299 2092 etiam
2346 2037 2401 2092 in
2452 2035 2560 2092 hoc
2589 2034 2911 2106 superabit,
2958 2048 3228 2104 generaas
3284 2032 3424 2087 citra

1834 2128 2180 2185 divisionem.

2520 2241 2748 2300 ALIUD.

1908 2359 1967 2414 Si
1992 2359 2135 2414 Deus
2163 2357 2333 2430 gignit
2359 2356 2551 2413 eadem
2576 2356 2789 2411 ratione
2815 2369 2921 2424 qua
2947 2356 3136 2420 homo,
3165 2361 3429 2424 operatur

1836 2452 2003 2507 etiam
2055 2461 2115 2506 ut
2160 2452 2343 2506 homo.
2381 2449 2447 2506 Et
2495 2466 2619 2505 cum
2645 2449 2924 2519 proposita
2967 2447 3150 2516 aliqua
3200 2447 3428 2501 materia

1839 2543 2172 2598 adminiculo
2198 2557 2453 2596 manuum
2486 2556 2550 2597 ea
2573 2556 2694 2611 qua:
2723 2539 2972 2594 volumus
2994 2538 3327 2608 perticimus,
3354 2537 3428 2588 ita

1839 2649 1970 2705 ergo
1998 2636 2164 2690 etiam
2215 2635 2380 2688 Deus.
2432 2634 2503 2687 At
2551 2633 2599 2687 si
2655 2632 2799 2686 Deus
2841 2633 3051 2701 absque
3079 2627 3331 2684 manibus
3377 2639 3432 2683 et

1843 2727 2070 2781 materia
2118 2741 2183 2781 ex
2235 2725 2404 2780 nihilo
2441 2733 2638 2780 cuncta
2689 2724 2857 2780 verbo
2900 2725 2968 2778 ad
3015 2738 3140 2779 esse
3175 2723 3426 2785 traducit,

1843 2819 2132 2872 humanam
2163 2828 2414 2872 naturam
2445 2816 2604 2884 longe
2639 2830 2931 2885 superans,
2955 2814 3120 2870 etiam
3155 2813 3435 2884 superabit

1844 2904 2016 2974 ipsam
2051 2904 2104 2958 in
2128 2905 2420 2976 generandi
2451 2903 2635 2961 modo.

2522 3108 2750 3164 ALIUD.

1920 3223 1994 3278 Ea
2025 3238 2146 3293 quae
2176 3223 2278 3277 alia
2313 3223 2367 3277 in
2392 3237 2450 3278 se
2481 3226 2785 3288 continent,
2817 3236 3043 3278 necesse
3073 3231 3156 3278 est
3184 3231 3242 3276 ut
3269 3221 3434 3277 veluti

188 3308 370 3373 πάντως
396 3311 700 3378 ἀναγκαῖον
729 3309 838 3362 τῶν
857 3309 960 3362 ὅσα
987 3309 1222 3378 συνέχει.
1244 3307 1318 3360 Τὸ
1344 3306 1401 3360 δέ
1432 3308 1512 3368 είς
1538 3304 1739 3359 κύκλον

1859 3317 1902 3370 in
1937 3317 2123 3371 orbem
2161 3314 2664 3380 circumiecta-sint
2695 3314 2949 3369 omnibus
3000 3314 3068 3369 iis
3101 3328 3222 3384 qua:
3261 3315 3441 3370 conti-

187 3399 486 3453 ἐπιτείνεσθαι
531 3400 813 3468 σωμάτων
839 3400 988 3453 ῖδιον.
1022 3399 1147 3462 Πῶς
1177 3393 1271 3452 οὖν
1307 3399 1377 3451 τὰ
1409 3398 1588 3450 πάντα
1619 3412 1742 3449 συν-

186 3488 278 3557 έχει
315 3492 342 3543 ι
383 3491 514 3555 Θεὸς
565 3491 855 3560 ἀσώματος
909 3489 1004 3554 ὢν,
1037 3492 1132 3544 καλ⁵
1178 3490 1266 3544 διὰ
1313 3488 1472 3543 τοῦτο
1519 3488 1655 3559 μηδέ
1683 3487 1741 3541 ἐν

185 3580 310 3651 τόπῳ
332 3583 565 3635 νοεῖσθαι
597 3581 929 3652 δυνάμενοςς
965 3581 1126 3635 ’Δλλά
1161 3581 1372 3651 συνέχει
1411 3580 1511 3649 τὴν
1536 3581 1594 3632 ἐν
1614 3578 1742 3631 1:06-

187 3686 278 3734 τοις
305 3673 642 3737 ἀκολουθίαν,
661 3672 738 3735 ὡς
781 3672 936 3736 Θεὸς,
970 3672 1297 3726 ἀναϐαίνων.
1329 3672 1445 3725 Οὐκ
1489 3670 1599 3741 ἄρα
1631 3672 1745 3733 τοῖς

188 3764 482 3831 σωματικῶν
512 3761 865 3816 ὑποκείσεται
889 3761 1074 3831 νόμοις
1092 3779 1104 3792 ·
1127 3759 1326 3818 οὐκοῦν
1347 3760 1468 3815 οὐδὲ
1486 3759 1562 3823 ὡς
1585 3759 1746 3830 σῶμα

189 3854 325 3925 γεννή
333 3869 429 3907 σει.

859 3968 1061 4022 ΑΛΛΟ.

248 4083 313 4136 τὸ
339 4086 393 4138 ἐν
420 4087 589 4139 πᾶσιν
613 4085 673 4137 ὃν
711 4085 805 4137 καί
833 4082 922 4137 διὰ
951 4083 1169 4138 πάντων
1198 4081 1404 4153 διῆκον,
1439 4082 1747 4152 συμπλέκε-

192 4173 294 4229 σθαι
321 4180 428 4242 τοῖς
459 4181 628 4232 πᾶσιν
659 4179 977 4244 ἀναγκαῖον.
1015 4175 1170 4230 Οὕτω
1197 4177 1305 4247 γὰρ
1341 4176 1408 4230 ἂν
1437 4176 1525 4245 εἴη
1570 4177 1664 4229 καὶ
1692 4177 1749 4230 ἐν

192 4267 348 4323 πᾶσιν.
390 4269 530 4322 Ἀλλ’
559 4271 621 4321 οὺ
673 4267 1086 4338 συμπεπλέχθαι
1134 4268 1233 4339 μὲν
1277 4267 1376 4339 τὴν
1423 4269 1612 4320 οὐσίαν
1653 4265 1749 4319 τοῦ

190 4357 302 4410 Θεοῦ
327 4364 391 4431 τῇ
419 4361 668 4432 ποικιλίᾳ
690 4360 799 4413 τῶν
826 4361 883 4412 ἐν
911 4361 1099 4431 κόσμῳ
1129 4359 1397 4430 σωμάτων
1423 4359 1751 4429 ὁμολογήσο-

194 4465 305 4515 μεν·
343 4455 492 4522 μένει
523 4452 632 4522 γὰρ
667 4451 752 4518 ἐφ’
775 4451 976 4520 ἑαυτῆς
1007 4451 1227 4521 καθαρά
1255 4469 1314 4505 τε
1351 4452 1446 4505 καὶ
1471 4451 1574 4521 τῆς
1614 4453 1752 4524 πρὸς

190 4541 354 4611 ἕτερον
389 4545 698 4610 κοινωνίας,
721 4543 1074 4614 ἀσύμπλοκος
1103 4546 1350 4613 φυσικῶς
1370 4562 1384 4576 ο
1435 4547 1612 4617 διήκει
1639 4546 1696 4600 δέ
1725 4549 1754 4601 ό

1853 3417 2001 3463 nent.
2049 3407 2120 3459 At
2145 3421 2272 3461 vero
2302 3407 2354 3461 in
2388 3406 2575 3460 orbem
2621 3404 2764 3459 ﬂecti
2799 3414 2964 3473 atque
2991 3405 3208 3460 extendi
3244 3419 3442 3473 corpo-

1855 3515 1970 3553 rum
1997 3507 2101 3551 est.
2124 3498 2240 3566 Quo
2269 3506 2428 3566 pacto
2456 3497 2618 3566 igitur
2644 3495 2826 3550 omnia
2847 3496 3096 3550 continet
3120 3494 3282 3560 Deus,
3311 3510 3438 3550 cum

1851 3591 1924 3645 sit
1952 3591 2320 3658 incorporeus,
2350 3586 2462 3660 44
2494 3598 2657 3658 atque
2686 3587 2754 3641 ob
2779 3587 2830 3642 id
2871 3602 2938 3642 ne
2983 3586 3036 3640 in
3074 3585 3190 3641 loco
3221 3585 3442 3655 quidem

1853 3695 1975 3736 esse
2012 3679 2236 3750 intelligi
2275 3680 2485 3750 possit?
2511 3676 2621 3733 Sed
2657 3678 2901 3733 continet
2941 3678 3189 3733 ordinem
3235 3692 3441 3745 rerum,

1857 3781 1914 3826 ut
1937 3772 2102 3837 Deus,
2133 3773 2546 3827 transcendens.
2571 3768 2687 3824 Non
2720 3770 2905 3840 itaque
2933 3770 3211 3839 corporeis
3233 3769 3446 3840 legibus

1856 3863 2158 3933 subiacebit
2186 3876 2202 3916 :
2235 3877 2367 3933 ergo
2397 3876 2573 3932 neque
2603 3872 2663 3917 ut
2697 3877 2897 3931 corpus
2926 3861 3231 3932 generabit.

2535 3969 2765 4028 ALIUD.

1929 4085 1986 4140 Id
2015 4086 2157 4155 quod
2200 4085 2254 4140 in
2297 4086 2551 4141 omnibus
2582 4085 2799 4140 exsistit
2834 4095 3138 4154 cunctaque
3180 4095 3447 4154 permeat,

1857 4178 2105 4234 connecti
2132 4177 2386 4233 omnibus
2412 4191 2638 4232 necesse
2670 4185 2773 4231 est.
2810 4177 2889 4230 Ita
2918 4177 3064 4232 enim
3104 4174 3160 4229 in
3197 4178 3450 4231 omnibus

1859 4270 2044 4326 fuerit.
2072 4270 2341 4326 Cazterum
2371 4285 2716 4340 nequaquam
2749 4268 3042 4324 fatebimur
3081 4268 3176 4324 Dei
3199 4268 3452 4324 substan-

1863 4364 1993 4417 tiam
2056 4362 2224 4417 variis
2289 4363 2472 4416 mundi
2533 4362 2864 4433 corporibus
2912 4365 3218 4419 connexum
3275 4376 3449 4417 esse:

1863 4467 2048 4511 manet
2080 4456 2225 4510 enim
2251 4456 2337 4509 illa
2375 4457 2519 4527 inse
2547 4467 2684 4526 pura
2715 4464 2772 4510 et
2801 4453 3092 4520 naturalis,
3125 4468 3248 4509 cum
3282 4454 3455 4509 altero

1863 4549 2218 4604 connexionis
2261 4563 2502 4618 expers;
2555 4556 2802 4618 permeat
2829 4556 3009 4602 tamen
3049 4547 3230 4602 omnia
3271 4547 3453 4601 admi-

195 4631 278 4697 μιν
309 4632 394 4687 διὰ
432 4635 652 4688 πάντων
703 4634 1024 4704 παραδόξως
1056 4635 1151 4689 καὶ
1181 4636 1459 4707 ἀρρήτως.
1497 4637 1611 4690 Οὐκ
1647 4636 1741 4708 ἄρα

1865 4641 2035 4696 rando
2081 4639 2315 4710 quodam
2368 4650 2532 4709 atque
2585 4637 2842 4695 ineB‘ahili
2889 4639 3069 4694 modo.
3122 4637 3237 4694 Non
3292 4640 3456 4710 igitur

190 4723 293 4783 ταῖς
319 4725 586 4794 σωμάτων
626 4723 970 4787 ἀκολουθίαις
1000 4724 1372 4780 ὑποκείσεται.
1406 4726 1605 4796 Διόπερ
1633 4727 1753 4780 οὐδὲ

197 4814 316 4865 κατὰ
346 4815 443 4886 τὴν
466 4815 574 4869 τῶν
610 4812 892 4886 σωμάτων⁶
913 4815 1076 4885 φύσιν
1101 4817 1372 4886 γεννήσει.

847 4952 1052 5007 ΛΛΔΟ.

255 5059 311 5113 ΕΞ
359 5061 556 5126 ἁπλῶς
595 5064 691 5118 καὶ
734 5062 1028 5126 saevom;
1059 5063 1177 5115 ἐστι
1221 5065 1318 5117 καὶ
1359 5065 1561 5117 νοεῖται
1600 5062 1754 5131 Θεὸς,

198 5150 298 5212 ταὶς
343 5153 631 5224 διαφόρους
689 5154 788 5208 καὶ
839 5154 1088 5219 ποικίλας
1138 5155 1253 5226 ἔχει
1300 5155 1403 5219 τὰς
1455 5155 1756 5227 ἐνεργείας,

199 5239 348 5293 πολλὰ
389 5245 709 5314 ποιημάτων
741 5239 859 5315 εἴδη
901 5244 1045 5298 κατὰ
1088 5247 1317 5316 καιροὺς
1357 5247 1756 5317 ἐργαζόμενος

198 5325 252 5378 Εἰ
273 5330 326 5382 ἃ
356 5333 507 5386 οὐδὲν
533 5337 614 5397 εἰς
639 5335 704 5387 τὸ
731 5333 937 5397 ἁπλοῦς
963 5329 1102 5389 εἶναι
1126 5335 1456 5408 βλαϐήσεται
1487 5335 1762 5407 διαφόρως

200 5417 250 5468 ἰν
281 5422 490 5494 ἑκάστῳ
520 5426 631 5478 τῶν
661 5424 833 5479 ὄντων
864 5426 1122 5495 ἐνεργῶν,
1159 5429 1281 5481 ἐπεὶ
1321 5429 1396 5498 μὴ
1431 5427 1571 5480 κατὰ
1603 5427 1763 5497 σῶμά

199 5511 354 5578 ἐστιν,
383 5515 495 5567 ἅνω
520 5517 791 5586 σωμάτων
825 5519 918 5570 καὶ
950 5520 1009 5571 ἐν
1035 5517 1114 5589 τῷ
1142 5520 1337 5591 γεννᾷν
1363 5519 1626 5573 κείσεται.

444 5718 770 5790 ’Δγτίθεσις
805 5724 888 5791 ὡς
922 5724 994 5778 ἐκ
1031 5723 1150 5778 τῶν
1188 5727 1514 5797 Εὐνομίαν.

265 5825 324 5878 ει
374 5826 640 5897 βούλεσθε,
665 5834 823 5905 φησι,
855 5834 946 5889 τὸν
974 5835 1102 5890 Υίὸν
1149 5838 1216 5890 ἐκ
1260 5837 1360 5908 τῆς
1405 5837 1502 5891 τοῦ
1551 5838 1765 5908 Πατρός

1863 4744 2150 4799 corporum
2202 4729 2528 4785 connexiuni
2575 4728 2852 4797 subjectus
2905 4738 3014 4783 est.
3081 4727 3224 4800 Ergo
3278 4744 3458 4801 neque

1861 4821 2013 4890 juxta
2042 4835 2331 4892 corporum
2368 4829 2619 4876 naturam
2651 4819 2956 4890 generabit.

2544 4954 2778 5012 ALIUD.

1937 5069 1996 5124 Si
2023 5069 2254 5139 simplex
2269 5078 2326 5125 et
2352 5083 2461 5124 non
2481 5069 2816 5138 compositus
2833 5079 2923 5126 est
2941 5078 3107 5140 atque
3136 5069 3462 5141 intelligitur

1868 5160 2031 5226 Deus,
2057 5177 2166 5230 quo
2198 5171 2356 5230 pacto
2388 5160 2630 5216 diversas
2665 5162 2954 5232 variasque
2981 5163 3142 5218 habet
3183 5163 3460 5232 operatio-

1869 5269 1986 5318 nes,
2043 5253 2240 5308 multas
2262 5265 2640 5310 creaturarum
2672 5258 2884 5327 species
2914 5273 3011 5328 per
3034 5267 3280 5329 tempora
3323 5274 3459 5329 ope-

1871 5344 2042 5400 rans?
2071 5343 2128 5400 Si
2165 5360 2295 5400 vero
2331 5346 2546 5403 diversa
2588 5350 2706 5419 ejus
2733 5351 2784 5405 in
2811 5350 3038 5421 singulis
3070 5352 3320 5421 operatio
3350 5367 3458 5406 non

1871 5435 2098 5505 impedit
2124 5436 2417 5505 quominus
2463 5439 2693 5509 simplex
2726 5442 2816 5506 sit,
2855 5457 2979 5496 cum
3026 5459 3131 5496 non
3161 5443 3462 5500 secundum

1870 5539 2068 5594 Corpus
2123 5527 2378 5592 exsistat,
2427 5544 2720 5602 corporum
2779 5535 2945 5590 etiam
2993 5535 3366 5591 conditionem
3402 5535 3458 5590 in

1871 5618 2182 5685 generando
2219 5623 2521 5692 superabit.

2399 5737 2637 5808 Objectio
2669 5741 2937 5801 Eunomii.

1949 5845 2006 5900 Si
2057 5846 2258 5916 velitis,
2311 5850 2510 5920 inquit,
2563 5850 2759 5908 Filium
2809 5869 2874 5910 ex
2932 5854 3108 5912 Patris
3157 5857 3464 5912 substantia

201 5912 377 5984 οὐσίας
407 5924 803 6019 προεληλυθότα
818 5927 1018 5996 λέγειν,
1041 5929 1258 6002 ἀνάγκη
1287 5931 1553 6004 πρότερον
1577 5933 1741 6005 ὀμολο

1876 5941 2228 6011 processisse,
2260 5941 2538 6002 latendum
2562 5945 2785 6004 omnino
2811 5957 2891 6004 est
2927 5963 3048 6003 cum
3083 5950 3236 6019 prius
3267 5951 3322 6003 in
3346 5948 3466 6018 ipso

509 6012 778 6084 Ριιτιιυι..
819 6022 942 6084 Gtt.
976 6022 1070 6085 LX
1089 6022 1223 6085 XV.

3065 6037 3100 6100 3
