3922 6468
489 469 559 525 75
1515 456 1571 511 S.
1614 448 1886 510 CYlilLLl
1925 441 2389 503 ALEXAI‘SIZNNI
2430 435 2746 496 ARCIIIEP.
3659 420 3740 482 76

490 582 787 643 exstitisse.
810 580 884 635 ita
906 578 1048 635 enim
1070 590 1135 632 ex
1163 589 1227 632 eo
1250 577 1579 645 processisse
1603 572 1888 628 videbitur.
1912 572 1981 625 At
2003 568 2049 624 si

2180 565 2272 617 ἐἴν
2299 560 2725 633 προϋποκεῖσθαι
2744 550 2930 605 τοῦτον
2955 548 3012 601 ὲν
3038 544 3207 617 αὐτῷ.
3233 542 3390 597 Οὕτω
3412 541 3522 611 γὰρ
3547 538 3615 610 δὴ
3638 541 3739 592 καὶ

495 675 686 731 Filium
719 657 900 735 Pater,
931 668 1242 737 nullumque
1283 651 1446 718 alium
1476 670 1598 730 post
1625 676 1747 717 eum
1774 662 2054 732 geniturus

492 774 574 822 est
593 760 926 832 (unigenitus
947 759 1091 814 enim
1112 760 1240 826 est),
1256 767 1474 809 necesse
1494 761 1576 807 est
1598 759 1656 805 ut
1673 751 1913 805 dicamus
1932 764 2053 803 eum

493 835 785 925 generandi
816 858 1079 922 potestate
1110 848 1375 917 privatum
1413 859 1558 909 esse,
1612 852 1771 910 atque
1800 854 1864 895 ex
1904 848 2057 909 parte

496 946 858 1009 innuiuutum,
892 940 1071 1012 genito
1106 937 1273 994 semel
1303 936 1465 1002 Filio,
1499 949 1676 1006 neque
1722 931 1952 1003 amplius
2001 931 2055 986 in

496 1050 563 1092 eo
592 1044 649 1090 ut
678 1034 829 1104 prius
854 1031 1165 1088 exsistente.

1160 1224 1385 1280 Salutio.

568 1364 775 1420 Rursus
803 1378 865 1418 ea
904 1376 1024 1430 qua:
1050 1359 1367 1430 corporibus
1398 1357 1613 1428 propria
1660 1365 1787 1411 sunt
1821 1354 1911 1408 Dei
1968 1368 2062 1406 na-

503 1466 634 1509 turte
654 1453 927 1508 ascribere
945 1466 1050 1504 non
1073 1447 1389 1504 erubescis?
1412 1446 1599 1514 Neque
1615 1446 1757 1500 enim
1789 1454 1845 1499 ut
1870 1457 2066 1513 corpus

503 1550 554 1600 in
579 1559 822 1615 corpore,
847 1544 919 1597 ita
948 1540 1141 1596 Filium
1166 1540 1219 1594 in
1244 1539 1406 1595 Patre
1432 1537 1698 1594 contineri
1725 1538 2065 1607 cogitandum

498 1644 602 1691 est.
632 1636 816 1704 Neque
868 1630 1317 1703 quemadmodum
1341 1644 1461 1700 qua:
1501 1644 1565 1684 ex
1598 1628 1751 1683 nobis
1782 1627 2069 1696 gignuntur

504 1730 555 1781 in
586 1732 868 1795 parentum
896 1722 1091 1775 lumbis
1104 1720 1344 1789 iacuisse
1364 1718 1675 1782 creduntur,
1695 1715 1766 1768 ita
1789 1714 1857 1769 de
1884 1713 2069 1767 divino

501 1814 771 1887 genimine
803 1811 1141 1867 sentiendum
1170 1819 1273 1864 est.
1317 1808 1376 1864 Si
1422 1808 1545 1878 quis
1572 1807 1715 1863 enim
1738 1820 1803 1862 eo
1835 1804 2069 1859 audacia:

2156 630 2216 719 ἐξ
2255 630 2417 708 αὐτοῦ
2451 644 2727 721 προελθὼν
2776 642 3033 711 φαίνοιτο.
3069 638 3180 692 Καὶ
3211 636 3260 688 ει
3292 635 3383 688 τὸν
3415 631 3543 686 my
3571 630 3740 698 ιγιν.

2157 762 2317 818 νησεν
2341 745 2369 798 ὁ
2400 740 2611 811 Πατὴρ,
2644 737 2738 791 καὶ⁵
2782 736 2970 805 ἓτερον
2994 730 3081 784 ἐπ’
3113 728 3264 799 αὐτῷ
3296 726 3486 780 οὐδένα
3519 722 3744 818 τέξεται

2159 813 2476 908 (μονογενὴς
2494 828 2650 902 γὰρ),
2669 824 2986 900 ἀφῃρῆσθαι
3018 821 3112 879 καὶ
3134 817 3297 874 αὐτὸν
3318 817 3531 885 ἀνάγκη
3550 813 3682 908 Δλέγε
3691 828 3748 908 ιν

2158 903 2259 997 τῆς
2285 921 2607 993 γεννητικῆς
2634 919 2935 989 δυνάμεως,
2961 910 3303 985 ἠλαττῶσθαι
3333 909 3390 963 δὲ
3420 908 3516 963 καὶ
3544 906 3612 959 ἑκ
3638 903 3746 975 μέ-

2162 1034 2308 1092 ρους,
2338 1012 2690 1085 γεννηθέντος
2723 1009 2870 1075 ἀπαξ
2902 998 3008 1060 ’τοῦ
3044 1004 3176 1059 Υίοῦ
3214 1002 3311 1058 καὶ
3358 1000 3557 1073 μηκέτι
3585 998 3751 1061 δντος

2161 1111 2219 1163 ιν
2248 1105 2396 1177 αὐτῷ
2420 1103 2669 1174 καθάπερ
2703 1101 2799 1155 καὶ
2830 1098 3115 1172 πρότερον.

2642 1212 2799 1283 Πρὸς
2834 1210 3011 1266 τοῦτο
3047 1210 3245 1271 λύσις.

2232 1348 2401 1403 Πάλιν
2429 1347 2497 1400 τὰ
2528 1344 2795 1415 σωμάτων
2821 1343 2930 1397 ἴδια
2958 1345 3024 1413 τῇ
3062 1342 3156 1396 τοῦ
3183 1338 3317 1395 Θεοῦ
3348 1339 3506 1410 φύσει
3536 1354 3757 1410 περιτι-

2166 1440 2401 1505 θεὶςούκ
2429 1437 2714 1510 ὲρυθριᾷςς
2747 1435 2822 1489 Οὐ
2847 1435 2954 1505 γάρ
2982 1434 3232 1502 καθάπερ
3262 1434 3423 1503 σῶμα
3450 1434 3508 1485 ἐν
3532 1430 3755 1502 σώματι

2166 1534 2257 1591 τὸν
2302 1532 2430 1586 Υίὸν
2486 1532 2545 1584 ὲν
2600 1527 2773 1597 Πατρὶ
2830 1526 3041 1582 κεῖσθαι
3094 1524 3302 1579 δίκαιον
3355 1526 3576 1579 ὲννοείν.
3610 1522 3755 1577 Οὐδὲ

2167 1624 2355 1694 ὥσπερ
2394 1622 2462 1675 τὰ
2512 1620 2572 1688 ἐξ
2615 1618 2772 1690 ἡμῶν
2807 1615 3123 1687 γεννώμενα
3165 1619 3231 1687 τῇ
3278 1615 3386 1668 τῶν
3433 1613 3757 1683 γεννώντων

2167 1713 2328 1783 ὀσφύϊ
2357 1711 2703 1783 περιέχεσθαι
2732 1708 3009 1763 πιστεύειν
3038 1708 3333 1780 εὐπρεπὲς,
3358 1706 3501 1761 οὕτω
3532 1705 3626 1760 καὶ
3654 1704 3756 1758 ἰπὶ

2169 1807 2261 1861 τοῦ
2288 1805 2432 1867 θείου
2454 1804 2792 1874 γεννήματος
2821 1800 3137 1871 φρονητέον.
3160 1801 3223 1853 Ei
3247 1799 3354 1870 γάρ
3377 1816 3459 1862 τις
3486 1799 3565 1861 είς
3589 1797 3758 1851 τοῦτο

500 1905 805 1976 proruperit
848 1914 908 1959 ut
956 1903 1023 1958 ad
1080 1915 1367 1970 corporum
1420 1898 1694 1954 miseriam
1745 1894 2065 1951 ineffabilem

2180 1896 2451 1971 προϐαίνει
2473 1896 2679 1967 τόλμης
2703 1894 2777 1957 ὼς
2804 1894 2883 1955 είς
2904 1892 3005 1966 τὴν
3031 1891 3142 1945 τῶν
3165 1890 3433 1962 σωμάτων
3458 1888 3760 1958 ἀθλιότητα

502 1994 597 2048 Dei
640 1993 927 2048 essentiam
976 1991 1279 2061 protrudat,
1308 1988 1438 2058 quid
1468 1986 1736 2042 obstiterit
1777 1986 2062 2053 quominus

502 2097 570 2138 ne
593 2094 877 2151 generasse
898 2079 1113 2148 quidem
1145 2076 1361 2132 Patrem
1398 2074 1728 2131 contendat?
1770 2072 1877 2145 45
1911 2072 2063 2138 Quod

504 2171 759 2226 nimirum
795 2184 990 2239 parere
1023 2167 1183 2222 matri
1208 2166 1391 2237 potius
1422 2178 1583 2234 fluam
1607 2163 1724 2218 viro
1743 2160 2068 2218 conveniat?

500 2262 634 2316 Cum
666 2275 794 2316 vero
821 2259 963 2315 Deus
1010 2261 1363 2328 incorporeus
1401 2256 1494 2323 sit,
1535 2268 1705 2325 neque
1751 2251 2066 2308 differentiis

501 2367 623 2422 qua
648 2354 701 2407 in
730 2365 954 2421 corpora
989 2350 1187 2405 cadunt
1207 2346 1477 2403 obnoxius
1507 2348 1527 2415 (
1547 2342 1819 2400 masculus
1846 2343 1987 2398 enim
2014 2350 2069 2397 et

505 2442 704 2497 femina
737 2451 943 2495 tantum
970 2441 1024 2495 in
1054 2438 1241 2495 formis
1265 2437 1541 2507 corporeis
1568 2432 1940 2507 quaeruntur),
1972 2435 2066 2489 sed

505 2532 765 2603 simplicis
789 2533 1225 2601 ineorporeaaque
1250 2538 1548 2594 uaturm,et
1575 2542 1727 2583 mens
1756 2524 2065 2596 purissima,

503 2640 623 2681 eam
651 2625 720 2681 ob
747 2637 987 2689 causam,
1025 2622 1237 2691 Opinor,
1282 2621 1327 2676 si
1359 2620 1481 2689 quis
1523 2619 1924 2689 generationem
1952 2630 2071 2686 quae

508 2715 617 2769 Deo
647 2712 901 2768 convenit
929 2709 1257 2780 investigare
1282 2708 1431 2773 velit,
1454 2703 1837 2761 fecunditatem
1871 2719 1991 2773 qua:
2017 2705 2069 2756 in

507 2814 685 2861 mente
706 2802 953 2860 consistit
977 2802 1322 2857 considerare
1350 2799 1526 2864 debet,
1560 2806 1723 2865 atque
1749 2795 1872 2849 hinc
1893 2793 2071 2864 potius

505 2895 668 2952 Verbi
717 2893 1113 2964 generationem
1160 2903 1500 2961 comparare,
1545 2903 1652 2942 non
1682 2896 1861 2943 autem
1893 2886 2071 2943 dicere

509 2990 676 3042 Deum
728 2986 904 3040 minus
942 2998 1065 3039 esse
1134 2980 1418 3036 fecundum
1463 2995 1625 3050 quam
1668 2979 1776 3035 sint
1823 2993 2069 3048 corpora.

506 3080 695 3147 Neque
708 3076 847 3130 enim
866 3083 924 3128 ut
942 3088 1139 3143 corpus
1156 3080 1397 3139 generat,
1417 3072 1682 3140 siquidem
1702 3080 1759 3126 et
1780 3071 2072 3125 humanam

509 3179 745 3224 mentem
795 3166 1015 3237 gignere
1042 3164 1272 3218 dicimus
1296 3162 1647 3231 cogitationes
1669 3160 1859 3217 bonas.
1893 3160 2073 3217 Bonus

2165 1988 2263 2060 τὴν
2296 1988 2533 2059 ᾶῤῥητον
2561 1982 2659 2038 τοῦ
2684 1982 2820 2037 Θεοῦ
2844 1982 3175 2054 καταφέρειν
3204 1983 3413 2047 οὐσίαν,
3438 1980 3491 2035 τί
3515 1979 3758 2034 κωλύσει

2165 2081 2341 2148 λέγειν
2377 2079 2511 2149 μηδὲ
2537 2077 2671 2141 ὅλως
2703 2076 3091 2148 γεγεννηκέναι
3138 2074 3228 2129 τὸν
3277 2072 3536 2144 Πατέρα;
3594 2072 3761 2125 Ἐπεὶ

2166 2172 2227 2225 τὸ
2257 2171 2460 2224 τίκτειν
2494 2169 2665 2240 μητρὶ
2717 2167 2919 2239 μᾶλλον
2967 2168 2999 2238 ἢ
3048 2166 3204 2237 ἀνδρὶ⁸
3255 2164 3757 2236 πρεπωδέστερονς

2180 2260 2396 2330 Ἐπειδὴ
2440 2259 2499 2313 δὲ
2543 2257 2666 2313 οὗτε
2706 2258 2866 2330 σῶμα
2916 2257 3070 2321 Θεὸς,
3100 2254 3224 2310 οὔτε
3274 2254 3381 2326 μὴν
3423 2252 3522 2323 τὴν
3552 2254 3611 2306 εν
3638 2254 3765 2316 τοῖς

2172 2350 2416 2421 σώμασιν
2451 2349 2565 2421 ἔχει
2589 2347 2849 2421 διαφορὰν
2877 2347 3064 2417 (ἄρσεν
3093 2345 3201 2417 γὰρ
3228 2345 3324 2399 καὶ
3355 2344 3488 2415 θῆλυ
3513 2344 3672 2415 μόνον
3695 2345 3761 2397 ιν

2169 2444 2282 2506 τοῖς
2328 2440 2437 2495 τῶν
2487 2441 2754 2511 σωμάτων
2799 2422 3045 2510 ζητεῖται
3084 2435 3417 2507 σχήμασιν),
3455 2433 3661 2498 ἀπλοῦς
3697 2433 3761 2487 δι

2172 2534 2266 2587 καὶ
2299 2530 2606 2603 ἀσώματος,
2657 2531 2754 2585 καὶ
2798 2529 2929 2584 αὐτὸ
2973 2528 3037 2600 δὴ
3083 2527 3239 2582 τοῦτο
3295 2527 3420 2591 νοῦς
3458 2529 3487 2581 ὁ
3538 2526 3763 2581 πάντων

2174 2622 2577 2693 καθαρώτατος,
2608 2621 2711 2676 διὰτ
2745 2620 2950 2691 ταύτην
3000 2616 3154 2690 οἶμαι
3199 2619 3299 2691 τὴν
3345 2617 3525 2672 αἰτίαν
3556 2616 3763 2689 χρῆναι

2171 2716 2281 2770 δεῖν
2302 2715 2561 2779 τοὺςδσοι
2590 2715 2687 2785 τὴν
2720 2714 2807 2768 ἐπ’
2833 2713 2999 2768 αὑτοῦ
3028 2714 3284 2782 γέννησιν
3328 2709 3600 2785 ἐξετάζειν
3627 2709 3761 2779 βού-

2174 2807 2373 2875 λονται,
2397 2805 2498 2870 τὰς
2536 2808 2599 2859 ἐκ
2631 2804 2725 2859 νοῦ
2764 2803 3143 2876 καρποφορίας
3174 2802 3379 2870 ζητεῖν,
3407 2790 3504 2854 καὶ
3530 2802 3764 2866 ταύταις

2179 2898 2377 2973 μᾶλλον
2404 2896 2680 2968 ἐξομοιοῦν
2703 2895 3016 2966 ἐπείγεσθαι
3041 2893 3133 2948 τοῦ
3158 2894 3332 2962 Λόγου
3355 2894 3452 2962 τὴν
3476 2892 3760 2964 γέννησιν.

2176 2989 2271 3042 καὶ
2301 2986 2376 3058 μὴ
2402 2986 2580 3055 λέγειν
2625 2986 2890 3056 σωμάτων
2921 2980 3260 3052 ἀτονώτερον
3289 2975 3427 3034 εἶναι
3451 2980 3603 3047 Θεὸν,
3633 2982 3765 3035 ἐπεὶ

2180 3080 2254 3153 μὴ
2288 3080 2364 3143 ὡς
2396 3078 2556 3149 σῶμα
2593 3078 2775 3147 γεννᾷ.
2806 3077 3005 3147 Γεννᾷν
3043 3074 3143 3145 μὲν
3163 3073 3272 3144 γὰρ
3296 3072 3392 3126 καὶ
3429 3072 3517 3127 τὸν
3543 3072 3757 3144 ἀνθρώ-

2177 3184 2329 3223 πινον
2375 3168 2499 3223 νοῦν
2548 3167 2767 3230 πάντως
2799 3167 2865 3221 ἀν
2904 3165 3343 3237 ὁμολογήσαιμεν
3375 3163 3764 3234 διαλογισμοὺς

509 3259 651 3314 enim
680 3257 782 3324 vir,
808 3254 982 3327 inquit
1005 3253 1284 3320 Servatur,
1324 3267 1356 3308 e
1394 3254 1555 3309 corde
1586 3254 1792 3323 profert
1826 3254 1964 3308 bona
2002 3252 2068 3307 “.

2180 3258 2431 3327 ἀγαθούς.
2488 3257 2623 3311 Ἀπὸ
2656 3256 2766 3328 7&9
2790 3256 2889 3328 τῆς
2915 3255 3142 3327 καρδίας
3168 3256 3196 3307 ὁ
3224 3252 3427 3322 ἀγαθὸς
3448 3253 3763 3325 ἄνθρωπος,

514 3348 571 3404 Si
588 3362 714 3417 ergo
738 3346 960 3417 impium
980 3353 1062 3401 est
1085 3344 1264 3400 dicere
1282 3353 1513 3399 mentem
1532 3345 1822 3399 humanam
1844 3344 2075 3400 fructum

515 3439 715 3491 nullum
750 3435 1010 3505 proferre,
1059 3449 1178 3488 cum
1232 3435 1283 3488 id
1336 3434 1594 3490 Dominus
1630 3435 1743 3503 ipse
1775 3443 1999 3490 testetur
2026 3446 2082 3491 et

516 3544 601 3583 res
652 3528 763 3598 ipsa
812 3527 1020 3597 probet,
1055 3541 1160 3597 quo
1211 3534 1368 3595 pacto
1421 3540 1528 3579 non
1579 3527 1868 3581 absurdum
1920 3527 2080 3581 fuerit

515 3620 691 3673 dicere
746 3632 1051 3686 supremam
1107 3616 1347 3671 omnium
1422 3624 1652 3671 mentem
1712 3615 2078 3684 infrugiferam

514 3724 653 3773 esse,
689 3718 742 3764 et
763 3708 1094 3765 fecunditate
1126 3723 1245 3777 qua:
1271 3711 1321 3763 ei
1348 3710 1596 3762 convenit
1628 3708 1841 3777 privare
1867 3725 1884 3775 ;
1911 3720 2002 3764 aut
2034 3708 2079 3763 si

516 3805 715 3867 dicant,
750 3814 1033 3871 generare,
1073 3801 1345 3871 corporeis
1388 3800 1592 3870 legibus
1619 3800 1889 3869 subjicere
1922 3811 2081 3869 atque

520 3894 589 3945 ita
614 3890 834 3960 perinde
854 3906 917 3944 ac
940 3904 1135 3959 corpus
1154 3905 1438 3961 generare,
1459 3906 1583 3947 cum
1614 3906 1681 3947 ne
1700 3906 1851 3948 mens
1868 3892 2081 3962 quidem

518 3994 638 4047 ιιιιιε
670 3984 722 4033 tn
764 3980 918 4034 nobis
948 3990 1032 4035 est
1075 3994 1334 4049 corporeo
1379 3982 1537 4038 modo
1572 3983 1829 4053 generet?
1867 3984 1933 4037 At
1961 3998 2084 4039 vero

519 4070 610 4140 qui
635 4070 885 4127 universa
910 4072 1241 4127 transcendit
1264 4072 1525 4144 longeque
1550 4082 1768 4142 superat
1790 4075 1949 4140 Deus,
1978 4088 2086 4143 quo

519 4170 676 4229 pacto
716 4177 822 4216 non
854 4172 1091 4217 mentem
1121 4163 1284 4218 etiam
1328 4165 1693 4233 generationis
1734 4165 1893 4220 modo
1934 4179 2088 4234 supe-

521 4248 679 4316 rabit,
726 4266 830 4305 non
864 4252 1153 4307 amissione
1194 4262 1283 4313 aut
1325 4254 1470 4309 fluxu
1509 4254 1821 4325 cujusquam
1861 4257 2001 4326 quod
2035 4256 2083 4310 ei

521 4340 670 4409 prius
701 4339 893 4407 inerat,
924 4344 1016 4397 sed
1045 4342 1399 4399 illustratione
1418 4344 1551 4400 citra
1579 4345 1740 4399 ullam
1767 4346 2085 4401 divisionem

520 4446 588 4483 cx
628 4432 807 4501 seipse
879 4433 1103 4502 gignens
1142 4433 1377 4499 Filium,
1434 4438 1723 4491 secundum
1768 4436 2087 4492 ineffabilem

521 4535 681 4592 atque
715 4524 1133 4582 inenarrabilem
1184 4528 1379 4584 divinae
1407 4529 1767 4600 generationis
1796 4528 2055 4584 modum?

1196 4725 1422 4782 ALIUD.

592 4854 859 4925 Quidquid
888 4858 953 4911 ad
982 4858 1383 4913 similitudinem
1407 4860 1628 4915 alterius
1657 4864 1856 4917 factum
1889 4872 1993 4930 est,
2019 4865 2085 4917 ab

523 4944 823 5013 aequalitate
853 4949 1011 5016 primi
1037 4953 1364 5022 exemplaris
1393 4954 1613 5021 recedit,
1649 4966 1703 5009 et
1733 4959 1995 5010 secundas
2017 4957 2084 5009 ab

528 5033 616 5087 illo
639 5045 823 5102 partes
848 5048 1011 5095 tenet.
1031 5041 1218 5096 Creata
1252 5045 1432 5113 itaque
1458 5056 1646 5099 natura
1675 5062 1770 5114 per
1790 5048 2081 5114 potentiam

528 5126 620 5180 Dei
663 5124 848 5183 eifecta
883 5142 967 5185 est
998 5131 1249 5199 fecunda,
1290 5146 1345 5190 et
1391 5136 1566 5192 cﬂicla
1612 5153 1705 5207 per
1741 5138 1967 5209 gratiam
2018 5142 2082 5193 ad

527 5217 670 5271 illam
695 5234 812 5289 qua:
832 5237 956 5279 vere
977 5239 1038 5280 ac
1056 5228 1269 5296 proprie
1290 5229 1516 5284 fecunda
1534 5240 1635 5285 est.
1658 5229 1881 5286 Delicict
1907 5232 2085 5300 itaque

527 5304 743 5359 omnino
772 5308 839 5361 ab
869 5309 953 5364 illa
986 5312 1209 5369 veritate
1236 5331 1351 5384 qua:
1383 5317 1453 5370 illi
1484 5317 1621 5372 inest
1655 5318 1706 5371 in
1746 5322 1900 5375 modo
1927 5336 2089 5389 gene—

530 5393 714 5461 randi;
738 5404 790 5450 et
819 5402 1097 5467 generabit
1124 5405 1365 5473 quidem,
1401 5409 1492 5461 sed
1520 5423 1628 5461 non
1658 5408 1730 5461 ita
1769 5419 1928 5479 atque
1952 5411 2090 5467 illius

530 5483 596 5536 ad
629 5484 781 5555 cujus
811 5490 1214 5549 similitudinem
1243 5496 1474 5551 edictum
1500 5508 1602 5553 est.
1632 5500 1783 5566 Quod
1809 5502 1852 5554 si
1893 5504 1962 5556 ita
1989 5512 2090 5569 est,

527 5579 807 5643 generabit
857 5582 1012 5651 Deus,
1042 5602 1149 5641 non
1192 5598 1248 5643 ut
1285 5600 1530 5647 creatura
1567 5606 1684 5660 quae
1730 5608 1825 5662 per
1863 5595 2088 5662 gratiam

613 5795 654 5828 "
678 5801 867 5860 Matth.
908 5821 1004 5871 xu,
1036 5807 1124 5863 55.

2180 3350 2323 3404 καθά
2368 3366 2532 3420 φησιν
2563 3350 2592 3402 ὁ
2615 3348 2827 3419 Σωτὴρ,
2859 3347 3125 3430 προφέρει
3154 3347 3221 3401 τὰ
3254 3347 3452 3416 ἀγαθά.
3489 3347 3553 3399 Εἰ
3579 3347 3766 3400 τοίνυν

2181 3439 2372 3503 ἀσεόὲς
2394 3442 2567 3493 είπεῖν
2590 3439 2680 3492 τὸν
2709 3437 3049 3509 ἀνθρώπινον
3082 3437 3208 3491 νοῦν
3236 3438 3447 3510 καρπὸν
3465 3437 3566 3490 οὐκ
3590 3436 3763 3507 ἔχειν,

2183 3529 2276 3583 καὶ
2303 3528 2396 3582 τοῦ
2428 3529 2633 3600 Κυρίου
2672 3528 2973 3598 φάσκοντος
3008 3528 3102 3581 καὶ
3134 3526 3297 3581 αὐτοῦ
3326 3526 3382 3580 δὲ
3409 3526 3639 3597 βοῶντος
3662 3527 3763 3580 τοῦ

2183 3619 2528 3691 πράγματος,
2560 3619 2678 3682 πῶς
2724 3620 2824 3672 οὐκ
2859 3618 3060 3673 ἄτοπον
3092 3619 3184 3672 τὸν
3228 3618 3367 3689 ὑπὲρ
3407 3619 3585 3672 πάντα
3634 3618 3767 3672 νοῦν

2182 3709 2430 3779 ἄκαρπον
2455 3705 2594 3762 εἶναι
2622 3708 2825 3776 λέγειν,
2856 3708 2950 3761 καὶ
2976 3709 3075 3779 τῆς
3103 3708 3419 3779 πρεπούσης
3446 3708 3596 3779 αὐτῷ
3622 3726 3765 3781 καρ-

2184 3800 2447 3870 ποφορίας
2478 3802 2834 3870 ἀποστερεῦνς
2883 3798 2917 3871 ἢ
2944 3800 2993 3853 εί
3025 3798 3274 3867 λέγονται
3300 3802 3512 3871 γεννᾷν,
3542 3802 3767 3855 611:0st-

2188 3891 2311 3945 σθαι
2342 3894 2463 3955 ταῖς
2496 3891 2604 3945 τῶν
2634 3891 2900 3962 σωμάτων
2927 3891 3191 3959 ἀνάγκαις
3224 3892 3649 3962 ύπλαμσάνειν,
3669 3895 3770 3948 καὶ

2184 3982 2354 4046 οὓτως
2399 3983 2559 4037 αὑτὸν
2591 3983 2665 4044 ὡς
2694 3982 2850 4053 σῶμα
2896 3984 3111 4055 γεννᾷν,
3135 3984 3257 4038 οὐδὲ
3283 3984 3375 4038 τοῦ
3403 3986 3459 4038 ἐν
3490 3986 3623 4056 ἡμῖν
3661 3987 3768 4041 ύπ-

2187 4074 2441 4145 άρχοντος
2486 4075 2578 4128 νοῦ
2620 4074 2758 4127 κατά
2794 4074 2886 4129 τὸν
2914 4074 3022 4128 τῶν
3057 4076 3323 4147 σωμάτων
3352 4077 3649 4147 γεννῶντος
3680 4080 3772 4135 νό-

2188 4182 2322 4236 μον;
2355 4165 2411 4220 Ὀ
2430 4166 2488 4219 δὲ
2517 4167 2629 4221 ἀνω
2656 4166 2873 4222 πάντων
2898 4167 3255 4237 ἀναδεδηκὼς
3276 4169 3369 4222 καὶ
3396 4170 3573 4223 πάντα
3595 4171 3770 4245 ὑπερ-

2187 4256 2435 4328 κείμενος
2461 4256 2612 4320 Θεὸς,
2644 4259 2762 4321 πῶς
2803 4260 2865 4312 οὐ
2912 4260 3164 4329 γεννήσει
3194 4260 3289 4314 καὶ
3314 4260 3457 4331 ὑπὲρ
3486 4261 3633 4327 νοῦν,
3664 4263 3771 4317 οὐκ

2189 4346 2459 4416 ἀποϐολὴν
2487 4347 2520 4417 ἢ
2553 4346 2855 4419 ἀπόρροιαν
2890 4347 3361 4419 προῦποκειμένου
3380 4349 3524 4413 τινὸς
3555 4351 3772 4422 ὑπομέ-

2188 4455 2313 4505 νων,
2347 4438 2462 4493 ἀλλ’
2494 4439 2779 4510 ἐκλάμψας
2822 4440 3135 4512 ἀμερίστως
3176 4440 3235 4507 ἐξ
3269 4440 3462 4495 ἑαυτοῦ
3495 4442 3585 4497 τὸν
3616 4443 3766 4510 Υίδν,

2188 4528 2328 4581 κατὰ
2360 4526 2449 4581 τὸν
2478 4529 2715 4599 ἀῤῥητόν
2746 4547 2805 4585 τε
2839 4531 2933 4585 καὶ
2964 4531 3242 4601 ἄφραστον
3276 4532 3374 4602 τῆς
3402 4531 3550 4598 θείας
3574 4524 3769 4607 γεννή-

2118 4598 2164 4652 Ῐ)
2195 4634 2329 4680 σεως
2355 4598 2561 4689 τρόπον
2575 4636 2589 4683 ;

2873 4752 3075 4804 ΛΛΛο.

2260 4874 2373 4925 Πᾶν
2400 4875 2534 4944 ὅπερ
2577 4875 2642 4929 ἂν
2670 4876 2789 4929 καθ’
2814 4877 3071 4947 ὁμοίωσιν
3116 4878 3323 4945 γένοιτό
3357 4896 3520 4942 τινος,
3548 4880 3764 4934 ἀπολεί-

2191 4981 2350 5017 πεται
2384 4965 2598 5029 πάντως
2631 4967 2731 5036 τῆς
2754 4970 2889 5040 πρὸς
2916 4970 2976 5023 τὸ
3003 4972 3356 5042 πρωτότυπρν
3382 4972 3642 5042 ίσότητος,
3669 4973 3765 5026 καὶ

2190 5054 2289 5123 τῆς
2320 5057 2526 5109 ἐκείνου
2571 5058 2726 5128 δόξης
2761 5060 2877 5112 ἐστὶ
2914 5060 3424 5132 δεύτερον.”Αγεται
3468 5064 3646 5117 τοίνυν
3675 5064 3764 5116 διὰ

2191 5146 2469 5215 δυνάμεως
2518 5148 2649 5200 Θεοῦ
2704 5151 2839 5220 πρὸς
2886 5153 3536 5223 καρπογονίανήγενητὴ
3582 5154 3760 5223 φύσις,

2193 5238 2328 5305 πρὸς
2355 5238 2570 5308 ἐκείνην
2599 5243 2946 5313 μορφουμένη
2975 5243 3061 5297 διὰ
3088 5245 3306 5314 χάριτος
3341 5245 3437 5315 τὴν
3464 5245 3632 5308 ὅντως
3672 5246 3764 5299 κει).

2191 5330 2406 5399 ἀληθῶς
2432 5334 2919 5405 καρπογόνον.Ἀρ’
2942 5330 3036 5389 οὖν
3065 5336 3518 5406 ἀπολειφθήσεται
3546 5335 3764 5399 πάντως

2194 5420 2413 5491 καὶτῆς
2458 5422 2638 5492 ἐκείνῃ
2692 5424 2999 5493 προσούσης
3040 5426 3305 5495 ἀληθείας
3358 5427 3486 5495 περὶ
3531 5426 3621 5478 τὸν
3670 5426 3764 5479 τοῦ

2182 5513 2386 5581 γεννᾷν
2414 5514 2609 5582 τρόπον
2635 5531 2647 5542 ·
2696 5516 2790 5567 καὶ
2822 5519 3071 5587 γεννήσει
3115 5518 3231 5587 μὲν,
3259 5519 3356 5589 οὐχ
3384 5518 3458 5582 ὡς
3488 5520 3664 5571 ἐκεῖνο
3688 5519 3763 5584 δὲ,

2195 5600 2330 5671 πρὸς
2352 5602 2379 5654 ὃ
2409 5604 2503 5655 καὶ
2550 5606 2924 5676 μεμόρφωται.
2955 5609 3018 5662 Ei
3047 5609 3101 5661 δὲ
3129 5609 3286 5662 τοῦτο
3319 5609 3536 5679 ἀληθὲς,
3571 5611 3765 5681 γεννή-
