3922 6518
158 500 209 552 77
1551 483 1995 542 THESAURUS.
3329 470 3396 522 78

159 634 222 672 σει
248 614 334 685 μὲν
370 618 398 669 ὁ
442 614 599 679 Θεὸς,
631 616 742 684 οὐχ
770 614 853 676 ὣς
903 614 935 682 ἡ
983 612 1152 673 κτίσις
1179 610 1237 663 δὲ
1271 607 1413 661 κατὰ
1440 606 1601 677 χάριν
1628 603 1723 657 καὶ

1854 614 1965 655 lane
1992 613 2114 654 eum
2138 611 2203 651 eo
2234 591 2645 652 similitudinem
2678 598 2758 645 est
2785 595 3094 647 consecuta,
3128 583 3221 639 sed
3248 580 3403 650 longe

158 678 325 775 ταύτην
351 678 591 760 λαϐοῦσα
621 678 742 775 τὴς
764 678 1101 773 πρδςάιτδν
1138 699 1418 770 ὁμοίωσιν,
1450 695 1563 751 ἀλλ’
1585 695 1722 764 ὑπὲρ

1854 690 2212 745 :xcelleutiore
2236 701 2399 756 quam
2429 697 2619 739 omnes
2645 690 2909 738 creatura:
2941 678 3118 733 modo.

161 798 301 851 πάντα
332 798 392 849 τὰ
419 797 651 865 γενητὰ.

783 908 992 960 ᾹᾹΛΟ.

395 1017 727 1084 Ἐρώτησις
765 1017 852 1082 ὡς
892 1017 962 1069 ἐκ
999 1012 1103 1067 τοῦ
1141 997 1465 1081 Ε’ὐνομίου.

228 1128 277 1181 Ὁ
305 1130 483 1201 Πατὴρ
516 1130 829 1199 ἐγέννησεν
859 1128 919 1193 ἐξ
949 1125 1145 1180 ἑαυτοῦ
1177 1125 1268 1178 τὸν
1296 1107 1446 1187 Ῠίὸν,
1477 1121 1730 1192 καθάπερ

161 1221 291 1289 ὑμεῖς
336 1238 466 1288 φατε
514 1220 568 1273 οἱ
621 1221 724 1272 ἐπὶ
772 1219 944 1289 πολλῇ
980 1218 1099 1271 λίαν
1147 1216 1399 1288 ὀρθότητι
1443 1215 1730 1283 δογμάτων

163 1310 667 1379 ἀιωσεμνυνὸμενοιο
722 1308 844 1361 ἀλλ’
870 1308 1035 1379 ὁρᾶτε
1079 1305 1176 1359 καὶ
1210 1303 1387 1357 τοῦτο.
1423 1303 1641 1366 Τέλειος
1664 1297 1732 1373 ἦν

164 1401 371 1471 ὁΠατὴρ
403 1401 510 1471 πρὸ
555 1400 667 1470 τῆς
716 1400 1029 1469 γεννήσεως
1071 1396 1167 1450 τοῦ
1201 1395 1354 1459 Υἰοῦ,
1386 1394 1503 1448 ἀλλ’
1535 1396 1584 1447 εἰ
1611 1410 1733 1462 γεν-

162 1494 297 1561 νήσας
324 1494 401 1553 εἰς
429 1492 602 1545 δυάδα
640 1491 1002 1561 μεμέρισται,
1030 1486 1151 1551 πῶς
1170 1486 1333 1540 ἔτιτὸ
1354 1485 1557 1539 τέλειον
1584 1484 1729 1550 ἔξεις

163 1585 200 1635 εί
223 1584 285 1653 μὴ
311 1585 412 1653 ἄρα
442 1583 649 1651 γέγονε
678 1582 815 1651 περὶ
842 1580 944 1650 τὴν
973 1578 1164 1632 οὐσίαν
1194 1576 1360 1631 αὐτοῦ
1391 1573 1731 1645 πληθυσμδς,

161 1672 294 1724 simi
324 1672 380 1723 τὸ
410 1670 658 1725 κενωθὲν
694 1667 1049 1739 ἀναπληρῶν.
1067 1666 1305 1735 Ἀνάγκη
1339 1664 1450 1735 γὰρ
1484 1666 1635 1717 πᾶσα
1672 1664 1735 1717 τὸ

162 1764 207 1828 ἰξ
230 1763 398 1827 ἑνάδος
424 1763 507 1825 εἰς
530 1762 720 1815 δυάδα
749 1761 1105 1831 τεμνόμενον,
1137 1758 1360 1813 ἔλαττον
1388 1756 1583 1810 ἑαυτοῦ
1610 1756 1736 1825 φαί-

162 1859 336 1921 νεσθαι,
368 1860 414 1910 εἰ
450 1860 527 1928 μή
568 1874 664 1921 τις
700 1854 843 1925 αὔξη
872 1852 1359 1925 παρεισδραμοῦσα
1385 1848 1649 1922 προσθείη
1673 1849 1734 1902 τὸ

2506 892 2543 946 Α
2556 889 2736 945 LIUD.

2083 1005 2438 1073 Interrogatio
2477 1018 2541 1057 ea:
2569 1002 2857 1071 objections
2895 996 3158 1085 Ennomii.

1902 1121 2067 1175 Pater
2095 1118 2279 1189 genuit
2310 1115 2506 1170 Filium
2542 1130 2609 1168 ex
2646 1113 2847 1181 seipso,
2887 1118 2945 1164 ut
2970 1123 3064 1163 vos
3092 1108 3205 1179 46
3232 1106 3413 1161 dicitis

1833 1212 1925 1282 qui
1968 1213 2035 1266 de
2083 1224 2293 1265 summa
2332 1208 2641 1278 dogmatum
2695 1204 3022 1259 rectitudine
3070 1200 3411 1270 gloriamini;

1834 1304 1929 1367 sed
1962 1303 2139 1357 videte
2170 1302 2334 1357 etiam
2366 1302 2488 1355 hoc.
2514 1299 2676 1353 Pater
2705 1306 2831 1351 ante
2856 1295 3257 1363 generationem
3293 1289 3415 1347 Filii

1834 1395 2110 1465 perfectus
2132 1402 2282 1459 erat;
2308 1394 2401 1447 sed
2429 1392 2473 1445 si
2506 1400 2786 1458 postquam
2817 1386 3003 1457 genuit
3032 1386 3083 1439 in
3107 1382 3416 1437 dualitatem

1835 1488 2040 1542 divisus
2066 1496 2171 1552 est.
2202 1500 2311 1555 (ιιιρ
2346 1495 2501 1555 pacto
2531 1480 2770 1535 manebit
2813 1475 3121 1548 perfectus?
3162 1472 3265 1527 nisi
3309 1471 3419 1525 for-

1839 1590 1983 1636 tasse
2031 1581 2084 1634 in
2138 1578 2256 1648 ejus
2305 1574 2609 1632 substantia
2661 1570 2929 1641 suppletio
2975 1565 3218 1636 quaedam
3274 1562 3418 1616 facta

1836 1669 2025 1734 fuerit,
2058 1681 2177 1735 quae
2204 1665 2603 1737 quodammodo
2636 1663 2684 1716 id
2706 1661 2853 1732 quod
2885 1660 3207 1716 exhaustum
3245 1655 3421 1709 fuerat

1836 1762 2121 1832 supplevit.
2168 1756 2545 1814 Necessarium
2588 1754 2734 1809 enim
2783 1766 3006 1823 prorsus
3043 1760 3129 1805 est
3180 1758 3240 1802 ut
3278 1748 3420 1817 quod

1837 1868 1902 1906 ex
1959 1852 2167 1907 unitate
2221 1851 2275 1905 in
2336 1848 2653 1904 dualitatem
2709 1855 2949 1905 secatur,
3008 1843 3186 1896 minus
3241 1839 3423 1907 seipso

161 1950 455 2014 ἰιιλελοιπός.
485 1951 552 2003 Εἰ
595 1949 661 2004 δὲ
705 1948 950 2002 τοιοῦτον
978 1946 1135 2000 οὐδὲν
1164 1945 1291 2016 περὶ
1321 1944 1423 2014 τὴν
1456 1942 1608 1996 θείαν
1640 1942 1734 1995 οὐ·

1854 1941 2128 2007 !ﬂiciatur,
2171 1943 2274 1996 nisi
2320 1941 2715 1996 incrementum
2748 1934 2966 2004 aliquod
3011 1931 3235 1986 accedat
3278 1929 3421 1998 quod

163 2042 261 2096 τίαν
289 2042 611 2111 συμϐαίνειν
653 2039 906 2102 δύναται,
936 2038 1038 2091 οὐκ
1064 2037 1355 2107 ἐγέννησεν
1384 2036 1493 2105 ἄρα
1517 2033 1577 2099 ἐξ
1609 2034 1735 2087 ἑαυ-

160 2131 236 2185 τοῦ
259 2132 343 2186 τὸν
374 2134 499 2186 Υἰδν
532 2135 562 2186 ὁ
594 2130 816 2200 Πατὴρ,
850 2129 938 2183 ἵνα
965 2129 1039 2198 μὴ
1067 2128 1322 2199 φαίνηται
1356 2126 1731 2199 μεριζόμενος

163 2220 403 2291 enimp:
429 2222 491 2276 δὲ
514 2220 696 2275 αὐτὸν
723 2220 913 2290 ὅμοιον
937 2216 1115 2287 ἑαυτῷ
1142 2217 1284 2270 κατὰ
1308 2217 1505 2271 πάντα.

617 2526 783 2594 Πρὸς
820 2524 1000 2580 τοῦτο
1009 2526 1240 2610 υλύσις.

222 2639 363 2693 Ἐστι
396 2640 497 2709 μὲν
549 2641 651 2693 καὶ
687 2640 747 2705 ἐξ
780 2639 987 2712 ἑτέρων
1033 2639 1164 2692 ἰδεῖν
1195 2640 1278 2693 ὅτι
1313 2638 1511 2710 πολλὴν
1540 2640 1589 2693 οἰ
1622 2658 1741 2711 χρι-

166 2729 396 2801 στομάχοι
422 2726 652 2785 νοσοῦσι
682 2730 901 2801 φρενῶν
929 2731 1187 2801 ἐρημίαν,
1208 2730 1359 2784 οὐδὲν
1382 2731 1439 2785 δὲ
1462 2726 1625 2802 ἦττον
1647 2733 1741 2787 καὶ

163 2823 236 2875 διά
254 2823 470 2879 τούτων.
508 2822 841 2877 Πλανῶνται
887 2822 999 2895 γάρ
1047 2824 1238 2887 ὅντως,
1276 2823 1351 2893 μὴ
1400 2824 1602 2889 εἰδότες
1644 2825 1743 2889 τὰς

166 2912 358 2982 Γραφὰς
392 2913 533 2984 μηδὲ
567 2912 674 2982 τὴν
696 2911 931 2981 δύναμιν
962 2910 1057 2964 τοῦ
1088 2910 1244 2965 Θεοῦ.
1274 2910 1401 2975 Πῶς
1426 2911 1535 2981 γὰρ
1559 2913 1744 2983 ὅμοιον

167 3006 294 3059 ἔσται
322 3007 466 3061 κατὰ
496 3008 689 3059 πάντα
716 3004 798 3074 τῷ
835 3005 1079 3075 ἁκτίστῳ
1116 3004 1213 3057 καὶ
1242 3004 1329 3057 ἀεὶ
1355 3004 1471 3057 ὄντι
1502 3004 1623 3076 Θεῷ
1648 3008 1744 3059 καὶ

167 3095 335 3166 “arpi,
365 3097 426 3149 τδ
467 3095 533 3160 ἐξ
575 3096 685 3148 οὐκ
724 3094 897 3147 ὅντων
926 3095 1007 3157 εἰς
1038 3094 1335 3149 ὑπόστασιν
1381 3096 1635 3166 ὲνεχθέν;
1681 3099 1744 3151 Ei

166 3189 256 3259 γὰρ
280 3190 412 3253 ὅλως
440 3190 689 3259 ὑπέστη.
712 3188 815 3240 οὐκ
848 3182 916 3258 ἦν
953 3186 1195 3257 δηλονότι
1222 3187 1376 3262 ποτέ.
1408 3187 1533 3252 Πῶς
1560 3189 1617 3242 δὲ
1645 3191 1746 3243 οὐκ

1839 2033 2112 2088 defectum
2137 2026 2453 2099 comp'enset
2492 2045 2556 2084 ac
2592 2028 2859 2097 suppleat.
2899 2025 2954 2079 Si
3000 2036 3131 2077 vero
3166 2031 3421 2076 neutrum

1839 2124 2033 2179 borum
2077 2124 2129 2178 in
2172 2123 2354 2177 divina
2388 2132 2580 2177 natura
2620 2118 2872 2174 accidere
2907 2122 3107 2186 potest,
3145 2126 3274 2181 ergo
3314 2124 3422 2164 non

1839 2214 2026 2283 genuit
2052 2214 2212 2283 Pater
2236 2229 2301 2269 ex
2327 2214 2505 2283 seipso
2527 2210 2746 2274 Filium,
2776 2223 2843 2263 ne
2868 2206 3074 2262 divisus
3091 2218 3214 2259 esse
3242 2202 3427 2257 videa-

1840 2316 1970 2371 tur;
2000 2321 2122 2363 eum
2157 2321 2288 2361 vero
2313 2306 2414 2361 sibi
2442 2302 2678 2360 similem
2709 2301 2764 2356 in
2804 2299 3059 2355 omnibus
3098 2296 3227 2353 fecit
3262 2303 3427 2365 atque

1838 2397 2138 2453 constituit.

2350 2520 2575 2587 Salutio
2591 2528 2919 2598 objectionis.

1915 2641 2051 2697 Cum
2082 2656 2146 2697 ex
2171 2641 2292 2697 aliis
2318 2641 2501 2697 multis
2521 2650 2734 2696 constet
2758 2648 2959 2710 quanta
3006 2637 3203 2692 mentis
3247 2636 3428 2706 inopia

1846 2730 2096 2787 laborent
2146 2732 2332 2786 hostes
2393 2731 2522 2796 Dei,
2596 2728 3117 2791 tumutiiliilominus
3168 2740 3236 2782 ex
3286 2725 3427 2781 istis.

1845 2823 2046 2877 Errant
2098 2824 2243 2878 enim
2300 2836 2543 2891 prorsus,
2594 2835 2770 2889 neque
2807 2820 3044 2874 scientes
3094 2818 3431 2886 Scripturas,

1848 2929 2024 2983 neque
2062 2914 2316 2968 virtutem
2370 2913 2462 2965 Dei
2495 2912 2560 2965 “.
2600 2910 2881 2977 Quomodo
2906 2910 3052 2964 enim
3084 2907 3291 2978 aequale
3336 2924 3437 2978 per

1847 3005 2033 3061 omnia
2072 3005 2179 3059 Deo
2209 3019 2275 3058 ac
2314 3003 2461 3057 Patri
2505 3002 2748 3056 inereato
2781 3015 3107 3072 semperque
3147 3001 3433 3055 exsistenti

1850 3097 2015 3151 fuerit
2045 3096 2096 3149 id
2127 3095 2269 3165 quod
2302 3110 2370 3149 ex
2413 3093 2582 3159 nibjlo
2615 3092 2681 3146 ad
2721 3107 2843 3165 esse
2879 3094 3184 3147 traductum
3214 3092 3336 3147 est?
3374 3092 3435 3145 Si

1848 3193 1995 3246 enim
2037 3191 2216 3245 factus
2256 3202 2311 3245 et
2349 3192 2680 3246 constitutus
2713 3190 2835 3256 fuit,
2884 3190 3074 3259 procul
3121 3190 3287 3244 dubio
3338 3190 3437 3243 ali-

166 3280 486 3349 ιίσχύνον-ιαι
530 3278 847 3352 μερισμοὺς
876 3280 970 3331 καὶ
1000 3262 1289 3347 ἀποτομὰς
1318 3279 1449 3349 περὶ
1474 3278 1573 3351 τὴν
1598 3279 1748 3333 θείαν

1854 3280 2066 3349 quando
2107 3297 2211 3335 non
2244 3281 2367 3338 fuit.
2403 3281 2518 3348 Quo
2553 3290 2713 3350 pacto
2758 3290 2939 3334 autem
2986 3296 3090 3334 non
3132 3282 3297 3349 pudet
3343 3296 3438 3335 eos

170 3370 392 3442 γέννησιν
440 3371 825 3440 εἰσφέροντες,
870 3370 967 3421 καὶ
995 3371 1109 3432 τοῖς
1136 3368 1241 3438 τῆς
1271 3368 1505 3440 γενητῆς
1535 3370 1749 3438 φύσεως

170 3461 329 3529 νόμοις
355 3461 719 3538 ὑποτιθέντες
764 3461 864 3531 τὴν
904 3460 1143 3532 ἄρρητον
1168 3460 1394 3525 οὐσίαν;
1440 3461 1515 3513 Οὐ
1547 3460 1656 3532 γὰρ
1683 3460 1747 3532 δή

166 3568 255 3606 που
299 3558 412 3619 τοῖς
462 3554 696 3616 οἰκείοις
743 3554 1045 3623 ποιήμασιν
1092 3554 1207 3616 ίσος
1251 3551 1404 3606 ἔσται
1438 3552 1592 3619 Θεὸς,
1629 3554 1750 3607 οὑδὲ

168 3641 292 3696 οὕτω
325 3644 589 3714 γεννήσει
618 3642 877 3713 καθάπερ
908 3643 1113 3695 ἐκεῖνα·
1137 3641 1254 3695 ἀλλ’
1294 3640 1486 3712 ὥσπερ
1511 3644 1570 3695 ὲν
1602 3642 1748 3697 άπα-

171 3754 244 3789 ιιν
290 3736 557 3808 ὑπερέχει
608 3734 815 3797 αὐτῶν,
872 3732 1047 3796 οὕτως
1096 3733 1353 3808 ὑπερέξει
1402 3734 1505 3786 κάν
1552 3732 1748 3805 τούτῳ.

170 3826 263 3878 Καὶ
292 3829 339 3880 εἰ
601 3824 719 3879 ἄνω
743 3824 981 3895 γενητῆς
1026 3803 1219 3888 οὐσίας
1246 3803 1397 3878 ἔστὶν
1436 3827 1465 3878 ό
1493 3824 1627 3889 Θεὸς
1656 3803 1754 3879 καὶ

1853 3372 2150 3427 divisiones
2200 3372 2263 3427 et
2308 3373 2578 3427 sectiones
2626 3373 2679 3426 in
2730 3372 2967 3427 divinam
3029 3372 3436 3442 generationem

1854 3460 2133 3529 inducere,
2156 3471 2211 3515 et
2237 3461 2561 3517 ineﬁabilem
2603 3462 2961 3517 substantiam
3004 3472 3201 3517 creata:
3231 3473 3439 3518 naturae

1853 3552 2063 3623 legibus
2109 3552 2425 3622 subjicere?
2472 3553 2657 3624 Neque
2706 3555 2852 3608 enim
2910 3555 3173 3608 creaturis
3227 3556 3323 3610 abs
3381 3571 3440 3611 se

1853 3642 2016 3698 Iactis
2036 3643 2265 3713 aequalis
2286 3654 2373 3699 est
2397 3643 2560 3710 Deus,
2582 3659 2756 3713 neque
2775 3645 2960 3698 eadem
2984 3644 3197 3698 ratione
3215 3654 3441 3714 generat

1855 3750 1962 3804 qua
1992 3735 2116 3801 illa;
2150 3737 2243 3790 sed
2280 3737 2424 3790 sicut
2454 3737 2506 3789 in
2536 3735 2750 3789 caeteris
2775 3735 3030 3790 omnibus
3048 3735 3167 3789 illas
3194 3736 3438 3803 excellit,

1854 3826 1933 3881 ita
1961 3826 2123 3882 etiam
2158 3827 2211 3880 in
2237 3826 2361 3881 hoc.
2392 3824 2462 3879 Et
2490 3825 2535 3879 si
2562 3840 2777 3881 omnem
2807 3832 3044 3880 creatam
3076 3826 3440 3881 substantiam

168 3916 361 3987 Πατὴρ,
397 3918 518 3972 άνω
569 3916 737 3971 πάλιν
766 3916 938 3984 αὐτῆς
975 3914 1124 3968 ἔσται
1167 3916 1264 3968 καὶ
1301 3915 1444 3969 κατᾶ
1470 3914 1561 3968 τὸν
1587 3917 1645 3969 ὲν
1676 3914 1748 3986 τῷ

1857 3916 2003 3971 Deus
2021 3931 2084 3971 ac
2116 3915 2281 3971 Pater
2315 3916 2471 3987 longe
2503 3925 2742 3985 superat,
2768 3915 2877 3971 erit
2905 3917 3069 3972 etiam
3094 3932 3156 3973 ea
3191 3919 3443 3989 superior

169 4011 346 4077 γεννᾷν
388 4010 623 4081 τρόπον,
665 4008 924 4078 ἀρρήτως
966 4005 1123 4060 τοῦτο
1170 4005 1341 4060 ποιῶν
1387 4007 1482 4061 καὶ
1529 4006 1748 4078 θεοπρε-

1857 4010 2155 4079 generandi
2190 4010 2372 4075 modo,
2423 4007 2771 4065 ineﬂ'abiliter
2804 4010 3092 4081 divineque
3123 4013 3175 4068 id
3210 4012 3437 4073 faciens.

168 4113 295 4162 πως.

857 4210 1059 4265 ΑΛΛΟ.
1661 4248 1669 4257 ,

2528 4208 2759 4266 ALlUD.

234 4326 556 4399 Μερισμοῦς
574 4324 668 4377 καὶ
687 4321 1015 4386 ἐλαττώσεις
1034 4323 1352 4393 ὑπομένειν,
1382 4323 1557 4395 αὖξην
1576 4340 1637 4378 τε
1662 4328 1748 4379 καὶ

1944 4320 2246 4376 Divisiones
2325 4328 2381 4375 et
2460 4319 2886 4389 imminutiones,
2965 4322 3323 4391 incrementa,
3389 4336 3447 4382 et

174 4414 513 4486 πληθυσμδν,
531 4417 625 4468 καὶ
658 4416 761 4477 τὰς
794 4414 852 4466 ὲν
894 4412 973 4483 τῷ
1004 4414 1211 4467 τίκτειν
1239 4414 1540 4486 ἀπορροίας
1572 4418 1748 4487 σωμά-

1858 4412 2229 4482 suppletiones
2280 4426 2344 4466 ac
2390 4409 2635 4465 dcﬂuxus
2684 4411 2738 4465 iu
2791 4416 3102 4482 generando
3152 4429 3444 4483 corporum

172 4522 292 4570 των,
324 4506 458 4559 ἴδιον
492 4505 591 4558 καὶ
622 4504 734 4556 τῶν
766 4505 867 4556 ὅσα
895 4502 997 4572 τῆς
1016 4505 1250 4579 rev-nti};
1283 4505 1471 4567 οὐσίας
1498 4505 1663 4559 ἐστίν.
1693 4507 1748 4559 El

1860 4504 2081 4579 prepria
2131 4511 2278 4568 sunt,
2318 4512 2373 4557 et
2401 4518 2590 4557 eorum
2641 4518 2763 4574 quae
2791 4513 3031 4560 creatam
3081 4507 3443 4563 substantiam

177 4596 342 4649 τοίνυν
368 4596 517 4650 οὔτω
540 4596 717 4648 τίκτει
756 4594 911 4657 Θεὸς,
941 4594 1129 4665 ὥσπερ
1158 4596 1253 4649 καὶ
1280 4597 1350 4651 τὰ
1383 4596 1629 4667 σώματα,
1662 4600 1748 4652 καὶ

1860 4596 2085 4650 habent.
2134 4594 2191 4649 Si
2239 4596 2405 4665 igitur
2451 4594 2596 4649 Deus
2658 4596 2732 4649 ita
2782 4596 2958 4666 gignit
2998 4597 3138 4652 sicut
3187 4614 3442 4669 corpora,

176 4688 435 4757 κρατήσει
461 4686 627 4755 νόμος
658 4685 747 4737 ἐπ’
770 4684 935 4738 αὑτοῦ
965 4686 1206 4750 τοιοῦτος
1232 4687 1419 4750 ὁποῖος
1447 4690 1506 4741 ὲν
1528 4692 1641 4753 τοῖς
1660 4707 1759 4743 πε-

178 4778 511 4847 ποιημένοις,
542 4777 689 4830 οὕτω
732 4775 830 4829 καὶ
856 4776 1251 4848 δημιουργήσει
1288 4779 1541 4849 καθάπερ
1568 4781 1662 4833 καὶ
1688 4781 1759 4836 τά

179 4870 425 4940 σώματα,
456 4871 712 4941 ὀργάνοις
739 4868 939 4940 δηλαδὴ
974 4870 1069 4923 καὶ
1100 4872 1257 4941 χερσὶ
1302 4873 1658 4944 κεχρημένος.
1695 4876 1760 4928 Εἰ

179 4962 233 5015 ἃ
254 4966 351 5033 τῆς
379 4962 703 5033 σωματικῆς
733 4961 829 5014 καὶ
858 4961 1091 5030 γενητῆς
1119 4962 1331 5029 φύσεως
1364 4958 1507 5017 οὕτω
1531 4965 1763 5036 δυναμέ-

184 5070 274 5123 νης
299 5054 659 5124 δημιουργεῖν
690 5052 789 5105 καὶ
810 5051 909 5121 οὐχ
935 5050 1154 5120 ἑτέρως,
1170 5052 1315 5123 λόγῳ
1342 5054 1408 5108 τά
1436 5055 1612 5109 πάντα
1632 5056 1763 5120 Θεὸς

186 5142 493 5213 ἰργὰζεται,
540 5142 637 5195 καὶ
682 5142 740 5193 ὲν
773 5143 841 5211 τῇ
889 5138 1053 5193 αὑτοῦ
1092 5139 1344 5211 βουλήσει
1386 5143 1454 5196 τὰ
1494 5142 1621 5197 ὄντα
1665 5146 1765 5215 τὴν

189 5236 443 5291 σύστασιν
469 5236 603 5306 ἔχει,
620 5233 743 5297 πῶς
765 5233 827 5286 οὐ
856 5233 1060 5301 γελοῖον
1092 5236 1149 5287 ἐν
1177 5238 1292 5299 τοῖς
1321 5236 1765 5307 ἀξιολογωτέρας

191 5330 280 5381 καὶ
309 5330 519 5399 μείζοσι
552 5327 628 5398 μὴ
662 5326 776 5379 ἄνω
805 5324 1019 5380 κετσθαι
1047 5327 1255 5390 πάθους
1305 5326 1396 5381 τὸν
1440 5327 1592 5393 Θεὸν,
1630 5330 1763 5401 μηδὲ

192 5419 500 5485 ἐξάλλεσθαι
529 5419 598 5471 τὰ
625 5420 740 5481 τοῖς
766 5414 1011 5487 σώμασιν
1040 5419 1267 5472 εἰωθότα
1299 5421 1613 5491 ωμόαίνειν
1636 5424 1765 5492 περὶ

190 5509 463 5578 τογεννᾷν
486 5550 500 5574 ,
532 5508 648 5561 ἀλλ’
685 5507 763 5571 ὡς
798 5506 858 5572 ἐξ
890 5509 1138 5581 ἀνάγκης
1168 5508 1340 5573 οὕτως
1376 5509 1513 5565 εἷναι
1544 5514 1673 5583 περὶ
1705 5514 1767 5566 τὸ

193 5600 404 5668 γεννᾷν,
421 5599 790 5669 καθάπερίκαὶ
812 5599 883 5653 τά
907 5598 1370 5669 σώματα.“Ωσπερ
1393 5597 1488 5654 οὖν
1507 5602 1570 5670 δη
1580 5619 1767 5673 μιουρ·

194 5691 277 5754 τεί
310 5689 407 5758 μὲν
461 5688 556 5759 οὐχ
581 5688 656 5750 ὡς
688 5687 995 5757 ἄνθρωπος.
1035 5690 1155 5743 οὐδὲ
1199 5690 1274 5753 ὡς
1302 5691 1481 5762 σῶμα,
1505 5692 1648 5745 οὓτω
1676 5694 1770 5745 καὶ

198 5781 361 5849 γεννᾲ
380 5781 495 5843 ταῖς
512 5780 620 5832 τῶν
646 5781 918 5850 σωμάτων
937 5781 1245 5853 συνηθείαις
1262 5784 1357 5854 οὐχ
1386 5784 1764 5856 ὑποκείμενος.

268 5895 316 5929 ⁸⁸
357 5895 535 5951 Matth.
579 5912 713 5956 uti.
753 5895 842 5952 29.

1863 4688 2164 4757 eademque
2197 4688 2313 4756 lege
2342 4697 2554 4743 tenetur
2575 4701 2681 4757 qua
2713 4698 2997 4753 creaturae,
3038 4691 3249 4746 creabit
3276 4692 3445 4747 etiam

1865 4778 2328 4849 quemadmodum
2361 4792 2613 4848 corpora,
2662 4778 3042 4835 instrumentis
3088 4781 3345 4839 nimirum
3390 4794 3448 4839 et

1867 4872 2123 4926 manibus
2162 4879 2342 4926 utens.
2394 4871 2451 4925 Si
2502 4885 2634 4925 vero
2683 4886 2806 4925 cum
2856 4887 3116 4941 corporea
3163 4882 3219 4929 et
3262 4884 3446 4931 creata

1867 4974 2063 5019 natura
2114 4963 2185 5017 ita
2213 4962 2429 5032 operari
2469 4964 2639 5031 possit
2684 4977 2859 5032 neque
2889 4962 3065 5028 aliter,
3113 4964 3255 5020 Deus
3282 4966 3449 5023 verbo

1868 5054 2051 5107 omnia
2096 5061 2372 5122 operatur,
2419 5060 2475 5105 ct
2516 5052 2571 5105 in
2608 5052 2726 5122 ejus
2764 5052 3042 5108 voluntate
3085 5057 3267 5110 omnia
3312 5072 3448 5112 cou-

1872 5145 2090 5207 sistunt,
2124 5158 2230 5211 quo
2276 5152 2433 5211 pacto
2477 5156 2583 5197 non
2636 5142 2923 5197 ridiculum
2979 5142 3144 5200 fuerit
3184 5146 3237 5200 in
3287 5146 3451 5205 rebus

1873 5233 2215 5305 dignioribus
2256 5243 2311 5286 et
2346 5234 2601 5289 momenti
2656 5233 2826 5289 Deum
2872 5250 2977 5290 non
3010 5251 3131 5292 esse
3169 5248 3454 5308 expertem

1872 5326 2165 5394 passionis,
2196 5325 2303 5397 47
2322 5340 2497 5395 neque
2522 5340 2807 5395 corporum
2838 5327 2892 5383 in
2916 5328 3226 5399 generando
3260 5332 3452 5385 condi-

1872 5418 2073 5493 tionem
2106 5432 2364 5487 superare
2384 5459 2399 5484 ,
2423 5418 2517 5472 sed
2546 5417 2709 5472 veluti
2750 5421 3079 5476 necessitate
3117 5424 3348 5491 quadam
3378 5425 3449 5481 ita

1872 5522 2132 5579 generare
2189 5517 2247 5561 ut
2286 5508 2519 5577 corpus?
2560 5507 3025 5575 Quemadmodum
3082 5512 3248 5580 igitur
3301 5528 3451 5571 creat

1871 5616 1977 5655 non
2008 5611 2065 5653 ut
2103 5601 2282 5663 homo,
2320 5614 2495 5669 neque
2541 5611 2599 5656 ut
2642 5615 2863 5672 corpus,
2902 5604 2975 5657 ita
3025 5606 3187 5658 etiam
3230 5620 3457 5677 generat

1871 5709 2160 5765 corporum
2184 5692 2559 5752 consuetudini
2596 5706 2938 5766 nequaquam
2970 5698 3252 5758 astrictus.
