3922 6478
518 506 590 564 ⁸19

856 614 1083 684 ALIUD,
1108 618 1187 673 ad‘
1206 618 1277 672 rei
1310 618 1726 687 explicationem.
2100 625 2145 674 Λ

596 736 751 787 Pater
783 730 972 784 Filium
1002 744 1065 783 ex
1096 728 1272 797 seipso
1297 727 1499 795 absque
1533 726 1799 779 divisione
1846 734 1939 778 aut
1986 725 2070 779 iu-

520 821 743 879 tcrvallo
780 818 1048 888 produxit,
1089 816 1543 886 quemadmodum
1590 824 1642 869 et
1695 812 1775 867 sol
1822 813 2072 882 splendoo

524 930 635 969 rem
663 928 723 966 ex
774 926 833 967 se
879 910 1158 965 emissum.
1196 904 1458 973 Quamvis
1500 905 1751 975 splendor
1785 904 1919 959 solis
1962 918 2069 957 non

522 1006 720 1060 habeat
768 1000 1038 1071 propriam
1082 998 1437 1067 hypostasim,
1473 1009 1647 1062 neque
1684 992 1921 1062 perfecte
1958 993 2073 1063 ipse

523 1097 577 1148 in
619 1094 797 1163 seipse
829 1094 1064 1145 essentia
1111 1089 1232 1142 sit:
1285 1087 1443 1141 habet
1477 1084 1621 1139 enim
1665 1099 1822 1139 suum
1853 1098 1974 1138 esse
2019 1084 2070 1138 in

521 1185 664 1249 sole;
711 1183 951 1237 divinum
994 1193 1125 1233 vero
1170 1177 1416 1246 genimen
1463 1177 1563 1230 hoc
1614 1184 1819 1229 tantum
1863 1188 1927 1228 ex
1973 1173 2072 1227 hoc

520 1277 763 1345 exemplo
783 1274 947 1328 habet
992 1269 1133 1339 quod
1176 1283 1242 1322 ex
1281 1254 1442 1321 Patre
1480 1264 1736 1335 prochdat
1775 1264 1911 1317 citra
1940 1263 2075 1317 divi-

521 1369 727 1423 sionem
758 1365 919 1419 ullam
959 1371 1012 1417 et
1037 1361 1243 1429 absque
1280 1359 1476 1428 spatio,
1505 1357 1885 1426 propriamque
1915 1350 2074 1409 habet

458 1485 475 1492 κ
524 1455 856 1527 hypostasim
884 1468 988 1505 non
1015 1458 1319 1519 separatam
1361 1462 1389 1501 a
1415 1446 1593 1510 Patre,
1625 1446 1720 1500 sed
1751 1447 1803 1499 in
1828 1444 1987 1499 Patre
2021 1454 2076 1498 et
2120 1476 2123 1477 ν

523 1562 642 1600 cum
695 1544 856 1599 Patre
892 1541 1216 1596 intellectam
1261 1546 1423 1605 atque
1475 1536 1846 1589 exsistentem.
1890 1533 2076 1588 Dicere

523 1645 702 1691 autem
742 1633 1033 1689 sectionem
1087 1639 1140 1684 et
1182 1628 1505 1683 decisionem
1549 1625 1603 1680 in
1633 1626 1810 1681 divina
1863 1638 2078 1695 genera-

526 1727 671 1779 tione
696 1721 891 1776 iactam
918 1721 1102 1783 fuisse,
1136 1718 1387 1771 immanis
1418 1712 1641 1769 insaniae
1674 1722 1758 1768 est
1786 1715 2079 1767 documen-

526 1825 658 1868 tum.
690 1811 818 1867 Cum
850 1810 990 1864 enim
1014 1808 1266 1863 divinitas
1298 1806 1414 1859 loco
1444 1820 1549 1858 non
1574 1801 2072 1865 circumscribatur,

526 1919 594 1958 ne
625 1904 673 1957 id
696 1901 910 1970 quidem
942 1899 1081 1969 quod
1104 1912 1171 1954 ex
1197 1912 1262 1952 eo
1280 1896 1522 1965 procedit
1545 1895 1596 1949 in
1629 1894 1746 1948 loco
1781 1893 1904 1948 erit.
1924 1891 2075 1957 Quod

526 2010 655 2049 vero
676 2006 847 2062 neque
871 1990 923 2045 in
959 1992 1076 2044 loco
1102 1998 1207 2054 est,
1236 2002 1410 2057 neque
1442 2001 1559 2041 esse
1587 1994 1784 2055 potest,
1813 1982 2080 2053 quomodo
2113 1974 2154 2033 Β

526 2085 761 2156 separari
785 2083 993 2153 potest?
1012 2081 1256 2148 Quonam
1283 2082 1425 2133 enim
1450 2078 1547 2133 ibit
1568 2076 1711 2146 quod
1735 2083 1940 2130 sectum
1962 2070 2080 2126 est?

527 2186 619 2231 aut
644 2191 675 2230 e
709 2189 815 2244 quo
842 2174 893 2227 in
917 2187 1074 2242 quem
1108 2167 1502 2224 transferetur?
1530 2167 1645 2221 haec
1671 2162 1935 2234 siquidem
1961 2175 2083 2216 cor-

528 2281 716 2336 porum
766 2272 889 2318 sunt
936 2261 1193 2331 propria,
1241 2259 1308 2312 ab
1361 2257 1857 2324 incorporeaJero
1890 2261 2080 2306 natura

528 2370 749 2429 prorsus
795 2354 989 2407 aliena.
1033 2350 1110 2406 Ne
1159 2351 1321 2419 igitur
1355 2348 1518 2417 impie
1547 2350 1599 2401 in
1647 2346 1827 2401 divina
1855 2358 2085 2416 genera-

533 2449 677 2501 tione
726 2440 1007 2504 delluxus,
1065 2439 1455 2508 separationes,
1524 2446 1686 2505 atque
1742 2436 1827 2491 bis
1889 2435 2086 2489 similia

530 2533 1033 2590 comminiscantur.
1073 2526 1335 2596 Suprema
1388 2526 1527 2580 enim
1574 2525 1662 2580 illa
1701 2524 1942 2579 omnium
1986 2538 2084 2576 na-

533 2640 651 2681 tura
677 2624 808 2678 nulli
835 2621 1092 2691 passioni,
1127 2616 1447 2687 separationi
1484 2625 1576 2670 aut
1602 2615 1827 2671 sectioni
1878 2623 1961 2669 est
1989 2615 2086 2667 ob-

535 2716 716 2779 noxia,
775 2724 949 2780 neque
999 2722 1281 2776 corporum
1336 2708 1690 2775 proprietates
1741 2706 1949 2774 recipit.
1981 2703 2086 2758 Sed

533 2802 977 2874 quemadmodum
1031 2806 1179 2852 creat
1238 2796 1596 2859 mirabiliter,
1652 2795 1919 2863 longeque
1982 2792 2089 2845 alio

534 2906 693 2961 quam
746 2898 927 2943 nostra
975 2885 1306 2941 consuetudo
1338 2886 1442 2938 l'ert
1474 2883 1651 2948 modo,
1708 2883 1781 2936 ita
1819 2882 1978 2936 etiam
2006 2894 2090 2948 ge-

537 2991 688 3037 nerat
713 2997 777 3035 cx
812 2993 871 3033 se
903 2977 1005 3031 alia
1038 2976 1245 3029 ratione
1272 2987 1433 3041 quam
1464 2987 1586 3027 nos.

541 3114 798 3181 Exempla
848 3110 1196 3181 particulatim
1241 3107 1565 3181 declarantia
1604 3122 1703 3173 quo
1730 3115 1879 3181 pacto
1920 3105 2092 3162 Filius

766 3176 896 3237 citra
928 3180 1305 3250 separationent
1345 3193 1371 3231 ε
1403 3176 1561 3230 Patre
1583 3178 1854 3243 processit.

611 3318 801 3371 Sermo
829 3314 1218 3375 enuntiativus,
1251 3325 1358 3379 quo
1389 3310 1611 3374 utimur,
1647 3310 1698 3363 in
1738 3318 1917 3364 mente
1946 3320 1999 3363 et
2027 3324 2092 3363 ex
2120 3303 2161 3357 C

541 3419 720 3463 mente
747 3406 1003 3476 gignitur,
1035 3414 1196 3472 atque
1218 3402 1358 3455 alius
1381 3401 1596 3471 quidem
1637 3400 1849 3454 videtur
1873 3414 1995 3453 esse
2026 3401 2094 3452 ab

540 3514 605 3553 eo
640 3498 730 3567 qui
772 3497 825 3548 in
866 3493 1027 3549 conlo
1058 3491 1317 3562 agitatur,
1348 3499 1615 3558 quatenus
1647 3499 1801 3544 extra
1836 3503 1898 3543 os
1928 3488 2093 3543 veluti

540 3605 570 3644 e
599 3586 835 3643 tenebris
868 3586 921 3639 in
952 3584 1125 3638 lucem
1155 3581 1460 3644 emittitur;
1491 3589 1576 3636 est
1604 3589 1783 3635 autem
1821 3594 2010 3635 rursus
2042 3580 2092 3633 in

540 3696 626 3743 eo,
651 3678 948 3746 similisque
985 3676 1032 3730 ci
1083 3684 1167 3728 est
1206 3688 1302 3741 per
1333 3672 1536 3727 omnia.
1575 3672 1627 3726 In
1670 3685 1917 3727 sermone
1950 3670 2095 3726 enim

540 3771 751 3824 videtur
791 3765 1046 3836 cegitatio
1078 3763 1277 3825 cordis,
1301 3770 1355 3816 et
1393 3777 1578 3816 rursus
1615 3761 1666 3815 in
1696 3770 1875 3815 mente
1918 3774 2097 3815 sermo

541 3861 776 3916 nondum
827 3854 1443 3924 loquendoexprcssus.
1472 3852 1545 3904 Ita
1586 3852 1747 3906 etiam
1783 3850 1949 3904 Filius
1982 3850 2097 3912 Dei,

544 3955 745 4023 absque
788 3946 1133 4019 separatione
1176 3959 1206 3998 e
1249 3943 1409 3997 Patre
1457 3943 1773 4016 procedens,
1818 3941 1931 4013 48
1972 3932 2100 3995 cha—

546 4054 723 4098 ractcr
752 4051 834 4096 cst
858 4049 908 4095 ct
934 4050 1190 4107 expressa
1222 4035 1389 4105 ﬁgura
1419 4024 1764 4103 proprietatis
1786 4049 1895 4087 suae
1921 4050 1935 4085 :
1967 4031 2101 4087 Ver—

543 4136 668 4191 bum
707 4132 848 4187 enim
898 4138 980 4184 est
1020 4126 1355 4196 hypostatice
1398 4123 1667 4179 exsistens
1710 4131 1764 4177 et
1810 4122 1995 4176 vivens
2034 4137 2099 4175 ex

544 4228 664 4280 vivo
695 4222 871 4278 Patre.

1212 4343 1434 4402 ALIUD.

616 4464 690 4518 ιω
723 4461 906 4532 genuit
927 4475 993 4514 ex
1020 4473 1077 4513 se
1109 4457 1267 4512 Pater
1290 4458 1482 4511 Filium
1516 4458 1719 4525 absque
1743 4456 2103 4525 separatione,

1492 502 1548 557 S.
1585 494 1854 556 CYRILLI
1894 494 2359 553 ALEXANDRINI
2398 490 2721 554 ARCIIIEP.

3674 479 3758 538 $0

2616 612 2817 669 ΛΑΜ),
2848 580 3296 675 διηγηματικῶς.

2255 727 2313 779 '0
2344 726 2529 795 Πατὴρ
2563 719 2859 791 ἐξέλαμψεν
2906 717 2965 782 ἐξ
3006 715 3197 770 ἑαυτοῦ
3229 714 3319 765 τὸν
3372 711 3502 765 Υίδν
3549 709 3747 781 ἁμερισ

2176 833 2314 880 στως
2354 832 2414 868 τε
2453 815 2545 867 καί
2572 810 2927 872 ἀδιαστάτως,
2968 806 3157 874 ὥσπερ
3194 799 3285 857 οὖν
3314 803 3406 855 καὶ
3442 803 3471 854 6
3496 801 3647 872 ἥλιος
3687 798 3761 852 τὸ

2175 904 2234 971 ἐξ
2271 902 2438 956 αὐτοῦ
2480 900 2828 972 πεμπόμενον
2869 896 3231 965 ἀπαύγασμα.
3271 892 3408 945 Ἀλλ’
3440 891 3617 943 ἐκεῖνο
3649 890 3765 959 μὲν

2174 996 2274 1048 οὐκ
2318 991 2681 1046 ἱδιοσύστατον
2723 986 2843 1041 οὐδὲ
2869 987 2968 1057 τὴν
2998 986 3186 1039 οὐσίαν
3213 982 3425 1044 ἐντελὲς
3456 981 3589 1043 αὐτὸ
3620 977 3764 1032 καθ’

2176 1084 2339 1140 αὑτό·
2373 1083 2486 1153 ἔχει
2538 1081 2645 1152 γὰρ
2692 1082 2749 1133 ὲν
2790 1077 2866 1148 τῷ
2901 1076 3038 1147 ἡλίῳ
3076 1074 3137 1127 τὸ
3183 1070 3357 1127 εἶναι·
3394 1071 3455 1123 τὸ
3498 1071 3556 1123 δὲ
3605 1070 3769 1121 θεῖον

2176 1175 2420 1245 γέννημα
2470 1173 2632 1243 μόνον’
2678 1170 2801 1239 ἕχον
2846 1169 2913 1220 ὲκ
2954 1165 3048 1220 τοῦ
3097 1163 3541 1235 παραδείγματος
3574 1160 3637 1212 τὸ
3687 1160 3773 1211 ὲκ

2178 1263 2385 1334 Πατρὺς
2416 1259 2695 1332 προελθεῖν
2737 1256 3050 1327 ἁμερίστως
3081 1253 3175 1306 καὶ
3218 1251 3576 1313 ἀδιαστάτως,
3614 1247 3774 1334 ἰδίαν

2177 1330 2419 1423 ἔχειντὴν
2454 1330 2685 1422 ὓπαρξιν
2713 1348 2775 1401 οὐ
2807 1343 3220 1416 κεχωρισμένην
3246 1341 3342 1394 τοῦ
3370 1340 3602 1409 Πατρδς,
3634 1330 3771 1391 ἄλλ’

2178 1448 2235 1497 ὲν
2268 1443 2441 1511 Πατρὶ
2470 1441 2564 1493 καὶ
2599 1438 2735 1509 μετὰ
2762 1436 2972 1508 Πατρδς
3015 1434 3311 1504 νοουμένην
3345 1432 3442 1484 καὶ
3479 1430 3773 1499 ὑπάρχου-

2180 1551 2299 1588 σαν.
2327 1532 2399 1585 Τὸ
2427 1532 2483 1585 δὲ
2519 1530 2696 1598 λέγειν
2739 1530 2821 1582 ὅτι
2853 1525 2994 1597 τομὴ
3048 1526 3141 1578 καὶ
3188 1523 3440 1592 ἀποκοπὴ
3483 1522 3613 1591 περὶ
3654 1519 3776 1590 τὴν

2178 1627 2429 1697 γέννησιν
2476 1624 2640 1677 αὐτοῦ
2701 1622 2925 1690 γέγονε,
2982 1619 3178 1690 μανίας
3233 1617 3472 1687 ἀμέτρου
3529 1614 3777 1684 σημεῖόν

2179 1719 2344 1771 ἐστιν.
2388 1714 2604 1783 Ἐπειδὴ
2656 1714 2765 1782 γὰρ
2813 1713 2913 1765 οὐκ
2946 1712 3002 1765 ἐν
3048 1710 3199 1778 τόπῳ
3256 1706 3645 1778 περιείληπται
3704 1704 3779 1756 τὸ

2181 1806 2345 1868 θεῖον,
2383 1805 2503 1859 οὐδὲ
2530 1807 2587 1857 ἐν
2618 1808 2768 1874 τόπῳ
2796 1802 3021 1873 τοιούτῳ
3049 1802 3109 1855 τὸ
3143 1798 3203 1865 ἐξ
3234 1798 3418 1852 αὑτοῦ.
3465 1797 3540 1849 T6
3584 1795 3643 1849 δὲ
3683 1795 3776 1865 μὴ

2179 1896 2238 1949 ὃν
2270 1897 2328 1948 ἐν
2355 1896 2522 1965 τόπῳ,
2565 1895 2597 1964 ἢ
2630 1895 2724 1947 καὶ
2760 1893 2834 1964 μὴ
2879 1888 3016 1945 εἶναι
3060 1892 3376 1960 δυνάμενον,
3412 1887 3530 1950 πῶς
3574 1886 3776 1939 ὲπιδέο

2182 2002 2331 2057 χεται
2377 1984 2672 2056 μερισμόν;
2718 1984 2817 2036 Ποῖ
2875 1982 2983 2052 γὰρ
3022 1983 3263 2052 χωρήσει
3290 1981 3351 2032 τὸ
3384 1977 3728 2048 τεμνόμενον
3759 1995 3777 2039 ;

2182 2080 2215 2148 ἢ
2243 2080 2307 2131 ἐκ
2334 2076 2475 2140 τίνος
2500 2077 2579 2139 είς
2606 2077 2658 2128 τί
2692 2077 3071 2145 μετοιχήσεται
3098 2091 3113 2138 ;
3142 2072 3315 2126 ταῦτα
3345 2071 3454 2140 γὰρ
3489 2070 3781 2139 σωμάτων

2187 2168 2285 2239 μὲν
2318 2168 2454 2235 ἴδια,
2486 2167 2587 2236 τῆς
2629 2166 2687 2219 δὲ
2714 2167 3005 2236 ἀσωμάτου
3044 2163 3256 2232 φύσεως
3299 2159 3578 2222 παντελῶς
3606 2159 3783 2213 ἀλλά·-

2184 2276 2329 2329 τρια.
2364 2257 2455 2327 Μὴ
2486 2257 2664 2309 τοίνυν
2688 2254 2962 2317 δυσσεϐῶς
2993 2251 3423 2307 ἀναπλάττωςάν
3453 2266 3599 2311 τινες
3634 2250 3783 2319 περὶ

2183 2351 2284 2420 τὴν
2326 2348 2477 2403 θείαν
2523 2348 2773 2417 γέννησιν
2814 2346 2911 2408 τάς
2938 2363 2999 2398 τε
3050 2346 3393 2414 καλουμένας
3421 2339 3738 2413 ἀπορροίας
3762 2380 3781 2403 ,

2188 2440 2282 2493 καὶ
2318 2444 2637 2511 μερισμοὺς,
2683 2438 2778 2491 καὶ
2806 2437 2906 2490 ὅσα
2941 2437 3078 2507 πρὸς
3118 2436 3291 2489 ταῦτα
3316 2434 3415 2505 τὴν
3443 2434 3786 2501 συγγένειαν

2188 2528 2319 2598 ἔχει.
2353 2529 2500 2580 Ἀνω
2547 2528 2656 2596 γὰρ
2692 2524 2896 2589 πάθους
2928 2525 3024 2579 καὶ
3060 2523 3331 2596 μερισμοῦ
3363 2524 3457 2577 καὶ
3488 2523 3695 2592 τομῆς,
3744 2525 3784 2592 ἡ

2188 2618 2295 2671 τῶν
2326 2618 2541 2671 πάντων
2581 2616 2948 2686 ὑπερκειμένη
2979 2614 3160 2684 φύσις,
3188 2615 3283 2668 καὶ
3319 2615 3419 2667 οὐκ
3454 2612 3782 2676 ὲπιδέξεται

2188 2708 2259 2761 τὰ
2306 2708 2572 2777 σωμάτων
2604 2708 2729 2760 ἴδια.
2774 2707 2913 2759 Ἀλλ’
2942 2707 3133 2777 ὥσπερ
3173 2707 3496 2778 δημιουργεῖ
3525 2705 3786 2775 παραδό-

2192 2799 2328 2863 ξως,
2372 2798 2432 2850 οὺ
2464 2797 2603 2851 κατὰ
2646 2798 2737 2850 τὸν
2784 2800 2881 2867 τῆς
2924 2798 3233 2869 κρατούσης
3285 2798 3415 2868 παρ’
3461 2799 3595 2868 ἡμῖν
3641 2815 3788 2850 συν-

2188 2890 2375 2961 ηθείας
2408 2891 2587 2959 νόμον,
2618 2891 2760 2943 οὕτω
2792 2891 2884 2944 καὶ
2920 2891 3169 2961 γεννήσει
3196 2889 3257 2942 τὸ
3290 2889 3348 2955 ἐξ
3391 2889 3562 2959 αὐτῆς
3602 2889 3792 2955 gem;

2191 2980 2224 3053 ἢ
2252 2979 2371 3035 καθ’
2400 2979 2580 3051 ἡμῶν.

2208 3113 2640 3182 ’Υποδείτματα
2704 3114 2987 3182 μερικῶς,
3028 3110 3403 3182 σημαίνοντα
3432 3181 3438 3182 γ
3472 3109 3568 3182 τὸ,

2335 3179 2668 3251 ἀμερἶτως
2697 3182 2765 3235 ἐκ
2806 3181 3035 3247 Πατρός
3069 3179 3377 3247 προῆλθεν
3408 3181 3441 3232 ό
3474 3179 3627 3243 Υἱός.

3648 3106 3795 3175 πῶς

2276 3316 2332 3367 Ὀ
2386 3314 2535 3382 λόγος
2574 3308 2727 3375 οὗτος
2776 3315 2802 3365 6
2841 3310 3170 3382 προφορικδς
3308 3307 3661 3380 κεχρήμεθα,
3703 3313 3798 3373 είς

2197 3406 2319 3460 νοῦν
2349 3408 2443 3459 καὶ
2475 3407 2539 3458 ὲκ
2571 3404 2661 3458 νοῦ
2704 3406 2980 3473 γεννᾶται,
3012 3406 3107 3457 καὶ
3145 3404 3291 3456 δοκεῖ
3326 3406 3425 3473 μὲν
3465 3404 3653 3474 ἔτερος
3708 3400 3800 3457 εῐ-

2200 3514 2284 3549 ναι
2316 3495 2466 3565 παρὰ
2495 3495 2586 3548 τὸν
2615 3496 2673 3548 ἐν
2701 3494 2898 3565 καρδίᾳ
2935 3498 3321 3564 στρεφόμενον,
3356 3492 3494 3544 καθὸ
3525 3492 3631 3557 ἔξω
3660 3495 3803 3547 στάς

2201 3602 2369 3655 ματος
2422 3584 2660 3653 γίγνεται
2705 3583 3056 3654 πεμπόμενος
3098 3582 3287 3652 ὥσπερ
3338 3583 3401 3634 ὲκ
3457 3581 3655 3652 βάθους
3706 3586 3802 3646 είς

2198 3676 2331 3744 φῶς.
2366 3676 2519 3728 Ἔστι
2551 3675 2607 3727 δὲ
2645 3673 2806 3727 πάλιν
2838 3675 2894 3726 ὲν
2923 3673 3091 3742 αὐτῷ,
3124 3672 3218 3725 καὶ
3245 3675 3429 3743 ὅμοιος
3460 3673 3609 3742 αὑτῷ
3638 3676 3801 3729 κατὰ

2198 3767 2394 3821 πάντα.
2422 3767 2575 3820 Ἐστι
2616 3766 2725 3837 γὰρ
2757 3766 2882 3818 ἰδεῖν
2926 3766 2983 3817 ἐν
3013 3764 3161 3835 αὑτῴ
3197 3764 3341 3836 λόγῳ
3374 3766 3462 3818 τὸν
3493 3767 3551 3817 ἐν
3580 3766 3804 3837 καρδίᾳ

2200 3857 2465 3925 κληθέντα
2493 3857 2773 3927 λογισμὸν,
2800 3857 2892 3909 καὶ
2918 3856 3080 3909 πάλιν
3110 3858 3167 3910 ὲν
3198 3856 3275 3926 τῷ
3296 3855 3372 3926 νῷ
3399 3857 3487 3909 τὸν
3513 3856 3675 3924 λόγον
3707 3857 3802 3911 ἔτι

2203 3952 2572 4025 σιωπώμενον.
2615 3951 2771 4006 Οὕτω
2805 3954 2897 4007 καὶ
2927 3955 2954 4006 6
2988 3951 3118 4014 Υἱὸς
3152 3951 3242 4004 τοῦ
3275 3950 3435 4015 Θεοῦ,
3464 3952 3801 4021 ἀμερίστως

2200 4048 2265 4098 ὲκ
2289 4044 2499 4115 Πατρδς
2522 4042 2818 4114 προελθὼν,
2839 4044 3125 4115 χαρακτήρ
3145 4043 3261 4095 ἐστι
3288 4043 3382 4095 καὶ
3403 4042 3653 4112 ὁμοίωμα
3683 4045 3804 4115 τῆς

2206 4139 2461 4209 ἰδιότητος
2507 4138 2690 4200 αὐτοῦ,
2719 4137 2888 4204 Λόγος
2917 4135 2993 4187 ὢν
3040 4134 3407 4197 ὲνυπόστατος
3455 4134 3548 4186 καὶ
3580 4132 3695 4196 ζῶν
3731 4138 3805 4191 ἐκ

2203 4230 2397 4295 ζῶντος
2438 4231 2666 4299 Πατρός.

2884 4362 3087 4414 ΑΛΛΟ.

2276 4476 2461 4540 οὕτως
2522 4452 2810 4546 ἐγέννησεν
2858 4474 2917 4539 ἐξ
2971 4473 3163 4527 ἑαυτοῦ
3214 4473 3306 4525 τὸν
3354 4472 3481 4525 Υἱὸν
3528 4474 3557 4523 6
3592 4472 3801 4545 Πατὴρ

544 4571 608 4610 ac
641 4556 683 4609 si
714 4552 928 4620 sapiens
954 4548 1150 4616 aliquis
1192 4550 1375 4617 gignat
1409 4546 1624 4616 aliquod
1664 4548 1960 4610 inventum,
1990 4547 2091 4602 sive

2207 4565 2546 4637 ἀμερίστως,
2583 4565 2657 4628 ὼς
2692 4565 2757 4617 ἂν
2790 4566 2839 4617 εί
2881 4563 3044 4630 σοςρὺς
3077 4561 3336 4614 ἀποτέκοι
3381 4561 3559 4630 νόημα
3596 4563 3798 4630 σοφὸν,

549 4642 941 4702 mechanicum,
978 4639 1089 4692 sive
1116 4638 1526 4707 geometricum,
1563 4638 1677 4692 sive
1710 4637 1970 4705 ejusmodi
2002 4639 2091 4691 ali-

2208 4651 2514 4721 μηχανικὴν
2560 4652 2741 4719 τυχὸν,
2788 4652 2822 4721 ἢ
2856 4650 3217 4719 γεωμετρίαν,
3265 4649 3300 4719 ῆ
3346 4648 3531 4719 ἕτερόν
3572 4666 3625 4702 τι
3676 4652 3802 4704 τῶν

545 4734 692 4804 quid.
719 4730 979 4786 Videntur
1006 4727 1149 4780 enim
1180 4728 1580 4796 quodammodo
1604 4728 1881 4797 sapientia:
1898 4730 2105 4783 fructus

546 4840 686 4887 esse,
715 4832 874 4891 atque
903 4820 973 4872 ita
1008 4825 1201 4871 natura
1231 4832 1289 4871 se
1333 4818 1566 4883 habent;
1595 4819 1744 4887 atqui
1777 4832 1883 4873 non
1912 4827 1994 4872 est
2022 4833 2105 4872 se-

548 4923 732 4984 parata
766 4926 794 4963 a
840 4907 1102 4976 sapientia
1148 4920 1234 4959 ars
1267 4921 1382 4975 qua:
1428 4922 1494 4961 ex
1541 4922 1603 4962 ea
1635 4916 1718 4962 est
1757 4908 2103 4976 excogitata:

549 5003 644 5059 sed
674 5012 754 5058 cst
793 5016 859 5055 ex
906 4998 1020 5067 ipsa
1054 5008 1107 5051 et
1137 4997 1189 5050 in
1240 4999 1350 5065 ipsa
1377 4998 1653 5067 genitricis
1686 5014 1795 5053 sua:
1820 4999 2105 5067 imaginem

550 5096 855 5163 exprimens
879 5131 893 5154 ,
945 5099 1000 5143 et
1035 5089 1168 5143 citra
1209 5091 1605 5157 separationem
1644 5091 1788 5145 aliud
1829 5092 2105 5161 quidpiam

554 5202 676 5242 esse
703 5185 930 5237 videtur.
958 5181 1035 5234 Ita
1080 5190 1132 5232 et
1168 5182 1440 5250 generatio
1470 5180 1612 5247 Filii,
1642 5199 1760 5235 cum
1794 5183 1863 5236 sit
1900 5185 2107 5251 absque

551 5279 888 5346 separatione
935 5289 999 5327 ex
1042 5271 1219 5336 Patre,
1270 5275 1320 5327 in
1370 5289 1463 5328 soa
1513 5274 1782 5344 hypostasi
1822 5284 2105 5336 servatur,

549 5375 709 5439 lange
738 5379 911 5421 tamen
956 5364 1113 5431 hujus
1144 5366 1371 5434 exempli
1429 5366 1541 5421 sive
1574 5366 1941 5420 similitudinis
2002 5366 2105 5420 vim

549 5462 829 5514 excedens.

1213 5570 1439 5626 ALIUD.

620 5686 719 5753 Qui
746 5686 1045 5739 divinorum
1075 5685 1380 5752 dogmatutn
1404 5684 1684 5737 veritatem
1709 5694 1979 5752 quarunt,
2002 5702 2107 5738 non

553 5779 605 5833 in
632 5779 894 5833 humanas
946 5776 1178 5828 rationes
1217 5774 1411 5826 mentis
1434 5774 1621 5828 oculos
1660 5774 1975 5841 conjiciunt.
2007 5774 2109 5828 Nc-

551 5884 656 5938 que
714 5869 837 5937 quia
871 5866 1030 5923 Pater
1068 5865 1249 5935 genuit
1296 5864 1533 5925 Filium.
1596 5866 1938 5923 imminutum
1984 5884 2105 5923 eum

2205 4742 2480 4796 τοιούτων.
2513 4744 2668 4796 Δοκεῖ
2704 4742 2801 4812 μὲν
2834 4742 2943 4812 γάρ
2982 4759 3099 4804 πως
3146 4741 3338 4810 σοφίας
3390 4737 3527 4795 εἶναι
3574 4746 3800 4812 καρπὸς

2206 4834 2271 4887 τὰ
2319 4832 2567 4897 τοιαῦτα,
2600 4834 2696 4884 καὶ
2739 4830 2911 4895 οὕτως
2940 4831 3053 4903 ἔχει
3084 4832 3180 4903 τὴν
3214 4832 3407 4902 φύσιν
3441 4832 3555 4885 ἀλλ’
3588 4834 3650 4885 οὐ
3688 4852 3800 4905 με-

2211 4926 2460 4995 μέρισται
2489 4926 2588 4994 τῆς
2620 4924 2811 4991 σοφίας
2849 4925 2881 4991 ἡ
2917 4923 2975 4988 ἐξ
3002 4924 3172 4993 αὐτῆς
3218 4924 3567 4993 ὲπινοηθεῖσα
3589 4924 3797 4996 τέχνη·

2207 5014 2320 5067 ἀλλ’
2343 5014 2491 5066 ἔστιν
2524 5012 2583 5079 ἐξ
2618 5012 2788 5081 αὐτῆς
2827 5013 2921 5066 καὶ
2958 5013 3015 5067 ὲν
3049 5012 3185 5083 αὐτῇ
3217 5013 3315 5083 τὴν
3355 5014 3621 5067 τεκοῦσαν
3648 5016 3803 5081 ἐξει-

2208 5104 2517 5167 κονίξουσα,
2558 5103 2653 5156 καὶ
2689 5104 2999 5174 ἀμερίστως
3027 5104 3212 5176 ἔτερόν
3243 5123 3295 5158 τι
3336 5108 3465 5177 παρ’
3500 5107 3670 5177 αὐτὴν
3712 5105 3801 5163 εῖ-

2209 5213 2295 5247 ναι
2321 5194 2573 5248 δοκοῦσα.
2599 5194 2781 5258 Οὕτως
2806 5198 2837 5265 ἡ
2862 5194 2993 5247 Υῑοῦ
3019 5197 3290 5269 γέννησις,
3318 5198 3631 5268 ἀμερίστως
3654 5195 3720 5253 οὗ
3731 5219 3804 5255 σα

2210 5285 2273 5337 ὲκ
2318 5284 2549 5353 Πατρδς,
2582 5286 2635 5336 ὲν
2670 5284 2773 5356 ἰδίᾳ
2804 5286 3098 5338 ὑποστάσει
3144 5286 3395 5351 σώζεται,
3426 5290 3527 5357 τὴν
3559 5289 3655 5343 τοῦ
3688 5308 3806 5346 πα-

2215 5375 2569 5447 ραδεΐγματος
2598 5376 2965 5447 ὑπεραίρουσα
2997 5377 3242 5447 δύναμιν.

2898 5580 3098 5631 ΑΑΛΟ.

2284 5693 2345 5745 Οἱ
2375 5693 2474 5762 τὴν
2498 5694 2555 5744 ἐν
2583 5693 2693 5754 τοῖς
2720 5691 2881 5756 θείοις
2904 5694 3139 5763 δόγμασι
3167 5695 3454 5764 ζητοῦντες
3482 5688 3674 5765 ἀκρίὸε
3687 5717 3801 5765 ιαν,

2213 5786 2272 5837 οὐ
2303 5785 2420 5845 ταῖς
2454 5782 2815 5853 ἀνθρωπίναις
2844 5786 3238 5848 ὲνατενὶζουσιν
3265 5785 3633 5849 ἀκολουθῐαις.
3660 5792 3803 5846 Οὐδὲ

2216 5876 2401 5944 ἐπειδὴ
2444 5876 2735 5945 γεγέννηκε
2792 5876 2879 5928 τὸν
2935 5876 3058 5927 wn
3094 5880 3120 5928 ὁ
3168 5876 3389 5946 Πατὴρ,
3443 5875 3805 5945 ἠλαττῶεοαι
