3922 6484
144 454 192 510 ε,
1547 437 1988 499 THESAURUS.
3348 429 3420 485 82

141 576 362 645 φήσουσιν
406 571 594 638 αὑτὸν,
627 573 711 636 ὡς
750 573 840 638 εἰς
889 572 1068 627 δυάδα
1118 567 1517 644 μεμερισμένον
1555 561 1710 637 (οὗτοι

1835 565 2083 625 censent,
2115 554 2341 628 perinde
2376 567 2440 610 ac
2489 552 2534 609 si
2589 554 2642 607 in
2691 549 3009 608 dualitatcm
3039 548 3422 605 divisusesset

150 667 226 734 γὰρ
251 665 351 726 τοῖς
387 663 802 733 χριστομάχοις
834 665 863 716 ὁ
892 662 1101 731 λόγος),
1129 660 1250 715 οὔτε
1287 657 1393 730 μὴν
1421 655 1725 727 ἀπόρῥοιάν

141 771 236 806 τινα
272 752 551 821 γίγνεσθαι
605 754 753 825 περὶ
812 754 915 825 τὴν
983 752 1170 806 οὐσίαν
1230 749 1397 806 αὐτοῦ
1447 748 1718 821 νομιοῦσι.

141 844 290 898 Ταῦτα
320 847 424 915 γὰρ
451 847 541 913 ἐφ’
585 844 766 916 ἡμῶν
803 845 908 915 μὲν
943 843 1236 900 ἀκόλουθον
1267 844 1470 898 ἐννοεῖν
1495 859 1508 870 ·
1541 841 1634 894 ἐπὶ
1665 841 1723 894 δὲ

141 932 244 986 Θεοῦ
271 933 381 987 λίαν
405 933 634 998 ἀσεϐές.
663 934 954 988 Φευκτέον
979 932 1266 1006 τοιγαροῦν
1290 932 1394 1004 τὴν
1423 935 1482 985 ὲν
1508 930 1723 992 τούτοις

140 1026 352 1088 ἀτοπίαν,
382 1027 475 1081 καὶ
508 1026 750 1096 νοητέρν
792 1026 939 1080 οὕτω
974 1023 1330 1094 γεγεννῆσθαι
1362 1023 1454 1077 τὺν
1485 1023 1615 1078 Υιὸν
1659 1023 1722 1076 ἐκ

141 1117 213 1170 τοῦ
251 1119 492 1188 Πατρὸς,
521 1120 603 1184 ὡς
641 1119 853 1188 σοφίαν
897 1119 964 1172 ὲκ
1009 1119 1122 1184 νοῦ,
1164 1119 1198 1190 ἢ
1239 1116 1334 1171 καὶ
1385 1114 1480 1170 τοῦ
1529 1115 1722 1184 γεννή-

143 1225 296 1271 sum;
316 1209 415 1273 ἔξω
443 1227 567 1274 πως
603 1209 883 1282 γενέσθαι
903 1209 1135 1263 δοκοῦσα
1167 1208 1308 1263 κατὰ
1329 1208 1429 1280 τὴν
1458 1207 1722 1277 ἔκφανσιν

145 1300 294 1368 αὐτῆς,
319 1300 479 1354 πάλιν
509 1301 671 1356 ἐστιν
699 1303 766 1356 ὲν
793 1302 967 1372 αὐτῷ,
991 1302 1052 1355 οὐ
1086 1299 1506 1373 μεμερισμένους
1537 1298 1722 1372 προελ-

144 1390 292 1445 ὓοῦσ-α.
336 1391 473 1446 Οὔτε
517 1393 635 1465 μὴν
691 1393 1004 1465 ἁπόρῤοιάν
1040 1410 1163 1446 τινα
1230 1391 1481 1460 γενέσθαι
1539 1407 1720 1462 παρα-

146 1469 416 1537 σκευάσασᾶ
447 1485 587 1556 περὶ
613 1486 718 1538 τὸν
752 1483 882 1540 νοῦν
905 1485 997 1538 τὸν
1039 1486 1494 1554 ἀπογεννήσαντα
1528 1482 1718 1552 αὐτὴν,

252 1575 304 1627 ἐν
332 1573 624 1648 ὁλοκλήρῳ
653 1578 1002 1631 καταστάσει
1039 1576 1359 1648 τηρήσασα,
1391 1575 1486 1629 καὶ
1516 1575 1636 1628 ὅλον
1663 1576 1721 1628 ἐν

146 1664 273 1734 ἑαυτῇ
301 1665 706 1737 ζωγραφοῦσα,
745 1669 844 1722 καὶ
872 1668 1124 1740 ὁρωμένη
1158 1667 1322 1723 πάλιν
1355 1669 1413 1721 ὲν
1437 1666 1608 1737 αὐτῷ.

818 1877 1023 1931 ΑΔΛΟ.

199 1981 427 2039 Τοιοῦτον
475 1985 640 2042 ἔσται
695 1987 763 2041 τὸ
817 1987 1132 2058 γεννητικὸν
1180 1989 1274 2042 τοῦ
1322 1989 1481 2054 Θεοῦ,
1533 1990 1718 2044 ὁποῖον

147 2072 196 2124 ἂν
237 2091 312 2138 τις
350 2077 620 2132 ὑπολάϐοι
691 2079 794 2132 καὶ
823 2080 884 2132 τὸ
932 2079 1341 2152 δημιουργικόν.
1369 2082 1581 2154 Ὄνπερ
1609 2082 1718 2154 γὰρ

145 2162 307 2228 τρόπον
326 2165 492 2220 πολλὰ
510 2167 614 2221 καὶ
633 2168 879 2240 διάφορα
899 2170 1266 2244 δημιουργῶν,
1289 2173 1390 2227 οὐκ
1410 2175 1492 2238 εἰς
1511 2174 1717 2228 ἕκαστα

147 2252 230 2305 τῶν
263 2256 560 2327 γινομένων
599 2258 897 2330 μερεζεται
957 2263 1097 2316 κατὰ
1134 2263 1234 2334 τὴν
1279 2265 1489 2330 οὐσίαν,
1537 2266 1715 2320 καίτοι

147 2341 376 2414 διαφόρως
425 2348 682 2418 ἐνεργῶν
719 2350 808 2418 ἐφ’
837 2350 1085 2422 ἑκάστῳ,
1132 2352 1270 2407 ἀλλὰ
1318 2353 1406 2407 διὰ
1458 2355 1588 2425 μιᾶς
1621 2353 1717 2407 καὶ

148 2431 349 2502 άρρήτου
383 2435 682 2508 δυνάμεως
725 2438 799 2493 τὰ
833 2439 1008 2494 πάντα
1049 2440 1401 2514 δημιουργεῖ,
1434 2443 1577 2497 οὓτω
1619 2444 1716 2498 καὶ

148 2525 293 2595 γεννᾷ.
326 2527 382 2580 οὗ
416 2529 812 2600 μεριζόμενος,
842 2529 920 2594 ὡς
955 2533 1148 2587 ἐκεῖνοί
1182 2551 1336 2602 φασι.
1366 2535 1475 2588 Καὶ
1510 2535 1675 2589 πάλιν
1697 2554 1710 2567 ο

148 2610 324 2683 Ὠσπερ
358 2616 418 2667 τὸ
465 2617 707 2688 Πνεῦμα
752 2620 813 2672 τὸ
845 2619 999 2686 ἅγιον
1029 2621 1090 2674 οὐ
1135 2621 1402 2694 μερισμὸν
1451 2624 1712 2693 ὑπομένει

152 2706 252 2774 περὶ
284 2707 375 2778 τὴν
409 2709 631 2776 οὐσίαν,
670 2710 959 2781 διαφόρους
1004 2712 1300 2784 ὲκπὲμπον
1327 2716 1454 2778 τοὺς
1498 2717 1558 2769 ἐν
1599 2719 1714 2780 τοῖς

152 2798 412 2869 χαρίσματι
438 2802 698 2872 τρόπους
727 2803 821 2856 καὶ
855 2803 990 2875 πρὸς
1019 2804 1080 2857 τὸ
1110 2804 1342 2859 ἑκάστου
1369 2807 1568 2877 μέτρον
1600 2810 1713 2871 τοῖς

152 2884 286 2952 ἀξίοις
311 2893 604 2962 χορηγοῦν,
645 2893 766 2946 ἀλλ’
787 2894 935 2947 ἔστιν
965 2893 1024 2948 ἓν
1056 2896 1150 2949 καὶ
1186 2896 1249 2949 τὸ
1283 2897 1418 2950 αὐτὸ
1451 2898 1713 2963 ποικίλως

154 2981 226 3032 καὶ
260 2983 475 3049 ἀπαθῶς
519 2988 581 3039 ὲν
619 2988 790 3040 πᾶσιν
833 2986 1108 3057 ἐνεργοῦν,
1151 2987 1293 3042 οὕτω
1326 2989 1422 3042 καὶ
1454 2989 1554 3061 τὴν
1591 3008 1712 3058 γεν-

155 3074 339 3144 νητικὴν
363 3077 554 3131 οὐσίαν
582 3077 686 3132 τοῦ
716 3077 849 3132 Θεοῦ
878 3080 978 3132 οὐκ
1014 3079 1079 3133 ἄν
1108 3096 1192 3143 τις
1220 3080 1328 3134 τῶν
1358 3076 1417 3135 εὖ
1453 3082 1712 3151 φρονούν-

153 3175 238 3215 των
256 3165 547 3221 ἀδικεῖσθαι
571 3169 804 3239 φήσειεν
825 3169 858 3240 ἢ
892 3170 1178 3241 μερισμὸν,
1204 3170 1236 3242 ἢ
1264 3171 1565 3244 άπόρῤοιάν
1591 3191 1712 3227 τινα

1836 653 1931 724 (ita
1962 651 2106 709 enim
2152 651 2338 706 hostes
2367 646 2460 702 Dei
2499 643 2844 716 opinantur),
2877 656 2978 699 nec
3004 640 3273 698 deﬂuxum
3321 639 3420 694 ali-

1830 758 1992 813 quem
2043 742 2096 796 in
2139 740 2324 794 divina
2366 737 2604 794 essentia
2652 735 3049 806 imaginantur.
3097 730 3227 787 Haec
3272 732 3416 786 enim

1827 836 1974 905 sicut
2008 834 2075 887 de
2103 831 2260 887 nohis
2285 845 2412 885 vere
2459 828 2565 883 dici
2603 834 2868 898 possunt,
2897 825 2971 880 ita
3004 826 3069 879 de
3104 824 3212 878 Deo
3256 822 3420 892 impie

1827 925 2158 994 cogitantur.
2193 919 2520 977 Detestanda
2550 920 2714 989 igitur
2749 927 2835 974 est
2868 918 2986 974 haec
3006 913 3420 978 absurditas,et

1832 1012 2181 1071 statuendum
2203 1010 2364 1067 nobis
2389 1019 2474 1066 est
2505 1011 2581 1065 ita
2610 1024 2674 1065 ex
2710 1008 2876 1064 Patre
2901 1006 3148 1080 genitum
3179 1018 3300 1061 esse
3324 1003 3419 1059 Fi-

1826 1107 1978 1174 lium,
2003 1113 2062 1160 ut
2087 1103 2409 1177 sapientiam
2431 1117 2495 1159 ex
2529 1111 2711 1162 mente
2742 1119 2756 1155 :
2781 1115 2902 1172 quae
2928 1108 2983 1157 et
3018 1096 3418 1169 quodammodo

1825 1208 1981 1255 extra
2010 1198 2313 1269 genitorem
2366 1208 2489 1251 esse
2537 1193 2776 1259 videtur,
2807 1191 3020 1247 ratione
3047 1188 3418 1260 expressionis

1826 1291 1944 1345 sive
1967 1285 2490 1360 repmsentationis.
2520 1292 2577 1341 et
2600 1298 2794 1340 rursus
2830 1283 2884 1338 in
2921 1282 3044 1354 ipso
3067 1289 3176 1346 est,
3201 1294 3308 1336 non
3334 1293 3418 1334 se-

1827 1378 2058 1446 paratim
2093 1389 2404 1449 progressa.
2435 1371 2626 1443 Neque
2651 1371 2899 1428 deﬂuxus
2939 1370 3138 1441 aliquis
3182 1378 3277 1423 aut
3324 1368 3418 1424 im-

1826 1471 2058 1527 minutio
2096 1469 2262 1525 menti
2303 1482 2425 1540 quae
2462 1465 2611 1521 illam
2647 1464 2836 1536 genuit
2887 1464 3012 1520 inde
3058 1462 3277 1528 accidit,
3319 1463 3415 1518 sed

1825 1565 2038 1635 integra
2083 1562 2282 1618 mentis
2331 1560 2681 1618 conservatio
2726 1558 3012 1623 retinetur,
3057 1565 3114 1610 et
3150 1554 3413 1626 sapientia

1826 1654 2090 1726 integram
2124 1651 2271 1708 illam
2298 1651 2352 1706 iu
2376 1666 2435 1708 se
2457 1651 2724 1723 depingit,
2747 1659 2803 1706 et
2824 1650 2878 1705 in
2905 1647 2997 1704 illa
3027 1647 3268 1703 vicissim
3295 1659 3415 1702 cer-

1825 1756 1992 1801 lillill‘.

2491 1855 2736 1936 ALIUD.

1896 1966 2044 2023 Talis
2081 1976 2164 2023 cst
2207 1966 2518 2037 geuerativa
2571 1967 2798 2023 incultas
2866 1967 2982 2031 Dei,
3025 1965 3240 2036 qualem
3289 1964 3413 2035 quis

1816 2061 1984 2117 'etiam
2017 2059 2315 2116 creativam
2345 2074 2466 2115 csse
2501 2060 2781 2115 statuerit.
2815 2058 3018 2114 Eodem
3059 2059 3206 2113 enim
3251 2057 3411 2115 modo

1821 2162 1984 2224 atque
2016 2153 2181 2208 multa
2209 2167 2274 2208 ac
2297 2152 2509 2208 diversa
2535 2166 2750 2217 creans,
2772 2165 2878 2207 non
2915 2159 3092 2206 tamen
3114 2149 3409 2205 secundum

1820 2245 2114 2300 essentiam
2142 2259 2296 2300 suam
2327 2246 2380 2301 in
2411 2243 2622 2316 singula
2649 2254 2831 2300 creata
2863 2243 3148 2309 dividitur,
3189 2240 3406 2298 tametsi

1820 2336 2182 2394 diversimode
2237 2337 2290 2392 in
2342 2338 2424 2394 eis
2467 2345 2742 2408 operetur,
2784 2337 2878 2391 sed
2921 2351 3018 2407 per
3044 2350 3207 2390 unam
3245 2342 3410 2405 atque

1820 2429 2148 2486 iucﬂ‘abilem
2197 2431 2498 2502 potentiam
2537 2438 2728 2487 cuncta
2777 2439 2964 2498 creat;
3008 2429 3080 2484 ita
3118 2428 3282 2485 etiam
3319 2443 3406 2496 ge-

1820 2529 1998 2588 nerat,
2067 2536 2175 2577 non
2239 2522 2467 2587 divisus,
2523 2531 2581 2577 ut
2628 2521 2706 2577 illi
2780 2521 2991 2578 volunt.
3045 2520 3113 2575 Et
3169 2534 3402 2578 rursus:

1819 2614 2287 2681 Quemadmodum
2313 2613 2551 2686 Spiritus
2586 2623 2810 2671 sanctus
2841 2614 3048 2669 nullam
3077 2613 3130 2668 in
3163 2611 3404 2668 essentia

1817 2708 2217 2778 separationem
2256 2709 2427 2776 subit,
2469 2708 2720 2778 quamvis
2766 2707 2999 2763 diversis
3036 2707 3212 2762 modis
3265 2708 3405 2761 dona

1817 2815 1915 2855 sua
1968 2802 2205 2865 emittat,
2245 2809 2299 2856 et
2349 2815 2446 2870 pro
2491 2799 2925 2869 uniuscujusque
2972 2797 3191 2854 modulo
3227 2797 3409 2868 dignis

1817 2893 2116 2964 largiatur,
2163 2893 2305 2949 idem
2355 2903 2534 2950 tamen
2585 2905 2691 2957 est,
2724 2894 2980 2964 idemque
3010 2893 3180 2948 variis
3226 2892 3404 2949 modis

1817 2987 1952 3039 citra
1995 2984 2158 3039 ullam
2194 2985 2506 3053 passionem
2551 2988 2605 3041 in
2647 2984 2761 3058 49
2792 2983 3048 3041 omnibus
3082 2991 3399 3055 ,operatur;

1817 3075 1898 3132 sic
1930 3063 2098 3130 etiam
2131 3091 2292 3133 nemo
2328 3085 2476 3134 recte
2516 3078 2758 3134 sentiens
2789 3077 2990 3133 dixerit
3031 3077 3403 3148 generativam

1821 3164 1912 3220 Dei
1938 3169 2232 3224 essentiam
2274 3170 2529 3224 damnum
2565 3171 2737 3225 ullum
2766 3170 3038 3240 accipere,
3065 3180 3154 3223 aut
3185 3184 3407 3239 separa-

155 3253 331 3323 παθείν,
357 3257 452 3311 ἕνα
480 3260 582 3314 καὶ
631 3259 792 3330 μόνον
829 3258 890 3324 ἐξ
917 3261 1115 3332 ἑαυτῆς
1155 3262 1516 3334 ἐκλάμψασαν
1557 3264 1707 3319 Υἱόν.

1820 3259 2021 3314 tionem
2058 3260 2221 3314 ullam
2258 3261 2342 3315 vel
2367 3260 2620 3317 cilluxum
2655 3264 2790 3334 pati,
2839 3277 2964 3319 cum
2994 3277 3136 3320 unus
3164 3277 3227 3319 ac
3255 3261 3403 3319 solus

817 3459 1018 3514 ΑΛΛΟ.

403 3569 736 3637 Ἀνείθεσις
769 3570 848 3639 ὡς
873 3572 940 3626 ἐκ
971 3571 1090 3627 τῶν
1121 3576 1445 3646 Εὑνομίου.
1507 3636 1510 3639 ,

207 3668 261 3725 Εἰ
307 3679 631 3749 γεγέννηκε,
681 3680 865 3750 φησιν,
896 3682 953 3750 ἐξ
1001 3685 1194 3740 ἑαυτοῦ
1227 3687 1320 3741 τὸν
1363 3689 1490 3744 Υἱὸν
1527 3692 1555 3745 ό
1597 3694 1710 3745 Πα-

153 3764 250 3833 τὴρ,
277 3769 364 3820 καὶ
398 3769 550 3823 ἐστιν
588 3771 780 3842 ἕτερος
807 3775 936 3845 παρ’
960 3776 1121 3830 αὐτὸν
1155 3781 1211 3832 ὲν
1246 3779 1350 3852 ἰδίᾳ
1376 3799 1434 3835 τε
1463 3781 1538 3836 ὢν
1575 3785 1707 3838 ὑπο-

154 3856 328 3949 ςτᾷσει,
367 3865 461 3916 καὶ
499 3863 638 3917 Υἱοῦ
671 3865 857 3938 Πατὴρ
887 3868 1194 3940 νοούμενος,
1247 3874 1577 3947 μεμέρισται
1610 3879 1707 3949 δη-

152 3946 258 4018 λαδὴ
293 3954 382 4006 καὶ
423 3956 611 4009 πάντα
655 3958 722 4010 τὰ
763 3958 855 4012 τοῦ
899 3961 1138 4033 Πατρὸς,
1183 3965 1279 4018 καὶ
1321 3967 1422 4021 οὐκ
1460 3971 1516 4022 ἐν
1558 3971 1706 4042 αὑτῴ

154 4041 377 4106 μείναντα
424 4049 606 4117 μόνῳ,
645 4050 780 4102 ἀλλὰ
811 4052 902 4105 καὶ
931 4053 1009 4116 εἰς
1039 4055 1128 4108 τὸν
1166 4057 1317 4124 Υῐὸν,
1343 4041 1706 4132 διαὸεϐηκότα

153 4133 383 4222 smeret.
416 4139 638 4192 Οὐκοῦν
669 4141 702 4213 ἢ
736 4144 914 4197 οὐκέτι
959 4145 1169 4202 τελείαν
1197 4149 1309 4220 ἔχει
1356 4151 1454 4222 τὴν
1489 4153 1648 4221 δόξαν
1677 4159 1706 4208 ὁ

153 4221 330 4297 Πατὴρ,
367 4233 786 4304 μεμερισμένης
829 4237 920 4288 καὶ
967 4238 1134 4310 αὐτῆς
1173 4241 1232 4293 ἐν
1263 4241 1342 4312 τῷ
1395 4221 1529 4315 Υἱῷ,
1579 4245 1612 4316 ἢ
1655 4248 1704 4299 εἰ

152 4317 329 4372 τελείαν
364 4321 478 4392 ἔχει
511 4321 612 4394 τὴν
638 4323 812 4389 δόξαν,
841 4326 1133 4400 ἀποστερεῖ
1162 4332 1254 4386 τὸν
1285 4332 1434 4401 Υἱὺν,
1461 4335 1524 4387 τὸ
1552 4334 1704 4390 δοθὲν

349 4417 427 4479 εις
475 4416 675 4469 ἑαυτὸν
715 4414 876 4480 αὖθις
922 4420 1322 4478 ἑπανακλίνων·
1355 4426 1449 4478 καὶ
1491 4428 1523 4497 ἡ
1570 4428 1706 4499 πρό-

152 4511 280 4567 τερον
308 4505 363 4556 ἐν
395 4504 592 4574 μονάδι
624 4504 812 4578 Θεότης
842 4509 1049 4564 τελείαν
1078 4511 1276 4583 ἔχουσα
1305 4515 1482 4581 δόξαν,
1517 4517 1615 4570 νῦν
1643 4519 1702 4571 ἐν

1817 3365 1880 3406 ex
1912 3364 1972 3405 ea
2005 3349 2256 3423 eil‘ulgeat
2278 3351 2467 3409 Filius.

2473 3466 2701 3524 ALIUD.

2285 3578 2523 3648 Objeclio
2554 3598 2619 3636 ea;
2649 3581 2934 3637 Eunomia.

1887 3691 1943 3746 Si
1976 3691 2158 3758 Pater,
2213 3693 2405 3765 inquit,
2443 3697 2624 3766 genuit
2661 3696 2858 3752 Filium
2892 3712 2957 3754 ex
2996 3699 3200 3769 seipso,
3235 3709 3287 3755 ct
3316 3708 3401 3756 cst

1813 3783 1954 3839 alius
1977 3783 2043 3838 ab
2068 3784 2183 3853 ipso
2211 3784 2260 3838 in
2294 3787 2509 3856 propria
2541 3787 2814 3844 exsistens
2851 3790 3156 3860 hypostasi,
3182 3800 3238 3847 et
3271 3790 3396 3846 Filii

1813 3873 1974 3929 Pater
2023 3875 2350 3942 intellectus,
2404 3878 2573 3933 divisa
2631 3888 2774 3935 certe
2823 3889 2985 3936 erunt
3038 3883 3217 3935 omnia
3274 3897 3397 3949 qua:

1811 3966 1992 4024 Patris
2017 3978 2162 4033 sunt,
2183 3985 2283 4025 nec
2307 3970 2359 4024 in
2382 3970 2500 4038 ipso
2521 3971 2637 4027 solo
2669 3973 2967 4038 manentia,
2995 3973 3090 4029 sed
3124 3975 3176 4028 in
3200 3973 3395 4030 Filium

1812 4076 2028 4131 quoque
2047 4064 2363 4118 transmissa
2385 4063 2726 4119 videbuntur.
2749 4065 3014 4131 Quocirca
3044 4075 3138 4121 aut
3157 4082 3262 4121 non
3282 4066 3395 4136 jam

1809 4153 2342 4224 amplinspcrl’ectam
2359 4154 2582 4224 gloriam
2605 4157 2766 4210 habet
2786 4155 2966 4220 Pater,
2989 4172 3110 4212 cum
3129 4173 3249 4213 eam
3269 4174 3394 4216 cum

1807 4241 1945 4298 Filio
1978 4245 2208 4312 partitus
2248 4245 2348 4313 sit;
2381 4256 2473 4300 aut
2512 4246 2558 4301 si
2610 4247 2909 4317 perfectam
2945 4249 3107 4303 habet
3135 4250 3391 4320 gloriam,

1807 4337 2040 4408 privabit
2068 4336 2288 4404 Filium,
2313 4339 2568 4393 nimirum
2602 4339 2653 4394 id
2679 4341 2823 4410 quod
2866 4342 2915 4396 ci
2962 4343 3187 4399 dederat
3225 4345 3294 4400 ad
3335 4361 3397 4403 se

1807 4429 2104 4498 recipiens;
2141 4439 2194 4485 et
2222 4429 2396 4485 deitas
2431 4446 2550 4501 qua:
2578 4433 2730 4502 prius
2762 4432 2815 4487 iu
2855 4434 3064 4490 unitate
3096 4437 3392 4504 perfectam

1806 4519 2038 4575 habebat
2066 4522 2313 4592 gloriam,
2345 4541 2488 4580 nunc
2528 4526 2580 4580 in
2610 4527 2871 4585 dualitate
2902 4529 3231 4602 constituta,
3268 4550 3394 4604 pcr-

152 4585 274 4642 esset
319 4594 622 4666 γενομένη,
671 4597 732 4650 τὸ
777 4599 977 4654 τέλειον
1020 4603 1117 4656 οὐκ
1165 4603 1295 4675 ἔχει.
1334 4608 1503 4672 Μόλις
1552 4609 1608 4665 δὲ
1643 4612 1702 4679 ἐξ

1820 4613 2094 4669 i'ectiouezu
2156 4631 2261 4670 non
2325 4617 2568 4675 habebit.
2624 4619 2796 4692 Egre
2849 4635 3027 4679 autem
3090 4641 3153 4683 ex
3210 4630 3389 4699 seipsa

153 4681 322 4751 ἑαυτῆς
349 4687 659 4755 ἐρανίζεται
700 4689 874 4756 τοῦτο,
899 4694 1195 4764 κιχρῶντος
1230 4699 1429 4768 τρόπον
1456 4702 1577 4757 τινὰ
1607 4703 1700 4756 τοῦ

155 4768 339 4839 ιιατρὺς
376 4774 454 4844 τῷ
509 4775 624 4846 Υἰῷ
652 4779 749 4849 τὴν
793 4781 1009 4846 ἑαυτοῦ,
1054 4786 1145 4837 καὶ
1178 4788 1338 4842 πάλιν
1379 4791 1702 4864 άντικιχρω-

157 4859 297 4924 μένου
325 4868 452 4936 παρ’
479 4868 647 4922 αὑτοῦ
676 4872 773 4940 τὴν
799 4873 1040 4928 δοθεῖσαν
1068 4878 1236 4949 αὐτῷ.

612 5007 766 5076 Πρὸς
806 5009 979 5065 τοῦτο
1017 5015 1216 5083 λύσις.

214 5132 369 5230 μάλα
395 5139 462 5192 τὰ
491 5141 756 5211 σωμάτων
794 5143 898 5199 [δια
924 5149 989 5217 τῇ
1035 5149 1312 5223 ἀσωμάτῳ
1341 5155 1501 5224 φύσει
1553 5175 1702 5230 περι-

155 5220 365 5318 ἷιθέντες
388 5229 488 5282 οὐκ
516 5230 875 5302 αἰσχύνονται,
926 5220 1226 5310 μερισμονὺς
1266 5220 1364 5297 διαί
1393 5220 1697 5318 ἀποτομάς,

157 5314 437 5385 διαστάσεις
475 5340 535 5376 τε
563 5325 657 5377 καὶ
691 5330 998 5399 χωρισμοὺς
1043 5331 1134 5384 ἐπὶ
1175 5332 1276 5404 τῆς
1317 5335 1470 5402 Θείας
1516 5314 1700 5411 εἰσφέ-

161 5420 320 5503 nam;
354 5413 536 5478 οὐσίας
575 5415 831 5486 ἀμαθῶς·
866 5419 966 5472 οὐκ
1011 5421 1212 5486 ειδότες
1245 5424 1329 5478 ὅτι
1380 5429 1698 5500 μερίζεσθαι

419 5507 653 5576 σχήματι
708 5511 1032 5582 σωματικῷ,
1080 5515 1161 5577 εἰς
1197 5515 1297 5585 τὴν
1343 5496 1698 5594 τοῦ-[ἰατρὸς

163 5588 321 5643 οὐσίαν
347 5593 654 5652 δυσσεϐοῦσι
685 5603 951 5670 μεγάλως,
981 5603 1310 5675 ἠλλοιῶσθαι
1339 5610 1431 5663 καὶ
1463 5588 1699 5684 παρατε-

165 5680 370 5777 τράφθαι
399 5687 636 5758 λέγοντες
678 5695 855 5760 αὑτὸν,
888 5697 983 5750 καὶ
1027 5699 1094 5750 ὲκ
1140 5697 1348 5752 τελείου
1393 5680 1696 5777 καταῦεῦη-

168 5769 294 5865 sint
324 5778 450 5848 πρὸς
473 5785 530 5835 rb
566 5785 765 5852 ἀτελές.
799 5791 860 5844 υἱ
891 5791 997 5863 γὰρ
1025 5791 1165 5854 ὅλως
1201 5790 1556 5865 ἐκϐεϐηκέναι
1599 5769 1693 5852 τοῦ

173 5859 348 5934 ηπῶς
391 5873 490 5944 τὴν,
515 5877 694 5933 οῡσέαν
725 5883 954 5954 οἰόμενοι
1002 5884 1093 5938 τὸν
1129 5881 1256 5938 Υἱδν
1302 5883 1598 5954 ams-tardi;
1635 5909 1689 5944 τε

1805 4721 1926 4761 eam
1961 4707 2214 4778 acquirit,
2250 4723 2372 4764 cum
2409 4713 2810 4781 quodammodo
2858 4714 3021 4772 Pater
3068 4734 3223 4774 suam
3258 4721 3393 4778 Filio

1805 4797 2147 4851 comniodan
2194 4798 2312 4864 det;
2354 4798 2578 4870 ipseque
2623 4818 2813 4860 rursus
2844 4805 2989 4862 illam
3026 4807 3094 4864 ab
3137 4826 3201 4866 eo
3237 4828 3388 4868 com-

1806 4885 2020 4939 modato
2054 4886 2304 4956 accipiat,
2335 4902 2495 4958 quam
2533 4891 2581 4946 ci
2614 4891 2856 4948 dederat.

2310 5022 2521 5079 So‘lulio
2557 5026 2884 5096 objectionir.

1874 5152 2086 5210 Rursus
2141 5156 2480 5225 impudenter
2516 5173 2578 5216 ea
2611 5178 2732 5233 quae
2789 5169 3113 5238 corporibus
3168 5177 3384 5243 propria

1803 5255 1951 5312 sunt,
1991 5247 2325 5318 incorporea:
2358 5259 2566 5308 natura:
2596 5255 2894 5327 ascribunt,
2928 5265 3312 5330 partitionibus
3334 5281 3388 5327 et

1803 5338 2251 5405 dissectionihus,
2281 5340 2582 5400 intervallis
2607 5355 2660 5400 et
2683 5353 3123 5418 scparationibus
3146 5357 3387 5416 divinam

1801 5431 2091 5485 essentiam
2119 5431 2367 5502 imperite
2388 5448 2716 5504 oueraulcs;
2741 5444 3050 5503 nescientes
3068 5450 3234 5519 quod,
3261 5453 3387 5508 dum

1802 5537 2064 5593 corporea
2099 5524 2268 5593 figura
2297 5531 2543 5597 separari
2579 5533 2786 5601 dicunt,
2817 5539 3165 5598 vehementer
3196 5541 3249 5600 ia
3280 5543 3388 5602 Pa-

1803 5615 1900 5667 tris
1957 5616 2246 5670 esscutiam
2298 5619 2597 5687 blasphemi
2657 5637 2805 5695 sunt,
2869 5633 3156 5689 alteratum
3210 5647 3389 5693 muta-

1804 5715 2025 5776 tumque
2059 5722 2179 5764 esse
2200 5709 2464 5778 dicentes,
2493 5724 2548 5768 et
2579 5731 2606 5769 a
2642 5719 2886 5786 perfecto
2911 5725 2976 5778 ad
3009 5726 3385 5797 imperfectum

1801 5799 2099 5855 redactum.
2155 5800 2256 5868 Qui
2305 5804 2447 5858 cnim
2493 5806 2546 5860 iu
2583 5811 2899 5869 universum
2953 5833 3231 5887 egressum
3267 5837 3385 5878 esse

1800 5886 1993 5944 Filium
2027 5895 2316 5948 essentiam
2351 5893 2528 5962 Putris
2560 5903 2884 5961 existimant
2925 5886 3153 5966 scursiui
3194 5929 3255 5968 ac
3292 5927 3379 5970 se-
