3922 6464
510 435 578 489 83
1487 429 1545 482 S.
1588 426 1862 484 ωἰιιιιι
1900 423 2369 481 ΑιεχΑΝυιιιΝι
2409 426 2723 483 ARCHIEP.
3670 416 3753 472 84

501 547 755 618 paratim,
789 553 947 616 atque
997 544 1117 600 ideo
1149 543 1315 598 divisa
1365 557 1485 599 esse
1544 544 1726 597 omnia
1770 557 1889 613 qua:
1944 541 2060 611 ejus

2184 545 2256 597 ιαὶ
2298 544 2747 616 κεχωρισμένως,
2787 542 2877 595 καὶ
2917 540 3004 594 διὰ
3045 538 3201 593 τοῦτο
3233 538 3533 608 φάσκοντες
3576 550 3755 606 μεμι-⁹

503 649 627 694 sunt
659 638 1008 699 contendunt,
1054 644 1109 689 et
1139 635 1205 688 ad
1257 634 1534 688 dimidium
1568 634 1752 702 gloria!
1779 632 2056 687 redactum

504 724 625 786 esse
652 730 837 785 dicunt
866 728 1005 799 quod
1031 727 1197 782 altera
1216 726 1475 781 medietas
1502 726 1555 779 in
1580 725 1771 779 Filium
1799 725 2059 780 translata

501 823 596 885 sit,
619 836 724 875 non
751 821 1055 888 intelligunt
1083 820 1137 873 in
1174 827 1426 888 quantam
1457 818 1844 873 absurditatem
1881 817 2060 887 prola-

501 914 716 965 bantur.
756 912 812 965 Si
861 911 1100 979 quidem,
1134 917 1192 963 ut
1230 908 1330 978 ipsi
1384 907 1592 973 volunt,
1642 923 1761 962 cum
1812 909 1961 977 prius
2006 907 2061 962 in

504 1002 708 1056 unitate
736 1001 1059 1055 constitutus
1104 1009 1271 1062 esset,
1313 999 1471 1052 Pater
1498 998 1713 1053 creandi
1750 997 2061 1054 facultatem

505 1092 711 1146 habens
764 1092 817 1146 in
864 1106 921 1145 se
966 1091 1083 1161 ipso
1120 1089 1371 1159 produxit
1400 1087 1626 1154 Filium,
1654 1097 1711 1143 et
1755 1103 1850 1158 per
1889 1090 2061 1155 ipsum

504 1192 697 1237 cuncta
753 1191 934 1249 creat,
980 1196 1303 1252 omnemque
1350 1181 1567 1239 creandi
1620 1188 1941 1249 potestatem
1996 1193 2063 1233 ex

504 1274 738 1330 essentia
773 1289 866 1328 sua
899 1274 1129 1339 dimisit,
1160 1282 1216 1328 et
1254 1273 1395 1342 quod
1425 1281 1582 1325 antea
1619 1285 1723 1325 non
1751 1280 1890 1337 erat,
1924 1278 2066 1339 post-

506 1365 725 1419 modum
756 1364 930 1418 factus
968 1372 1071 1429 est,
1099 1378 1293 1433 expers
1326 1362 1579 1417 nimirum
1610 1360 1859 1416 creativte
1893 1359 2066 1414 virtu-

506 1456 576 1509 tis
609 1474 623 1509 :
660 1457 754 1510 sed
787 1455 891 1509 hoc
921 1454 1003 1509 vel
1047 1455 1313 1525 cogitare,
1354 1454 1437 1510 vel
1466 1454 1646 1509 dicere
1677 1462 1922 1507 extreme
1960 1452 2065 1506 im-

504 1547 650 1615 pium
692 1553 773 1600 est
803 1564 818 1599 :
852 1544 959 1616 5o
993 1563 1012 1597 ι
1038 1544 1198 1600 Pater
1238 1546 1379 1600 enim
1432 1546 1730 1615 usquedum
1790 1554 2067 1615 operatur,

506 1647 562 1693 et
600 1652 700 1708 ego
727 1652 940 1708 operor,
971 1657 989 1691 ι
1030 1638 1203 1707 inquit
1239 1637 1485 1693 Christus
1509 1638 1575 1693 “.
1606 1637 2068 1703 Quemadmodum

2164 637 2347 709 ρίσθαι
2377 638 2555 691 πάντα
2581 636 2649 689 τὰ
2680 634 2865 698 αὐτοῦ,
2914 635 3009 686 καὶ
3052 633 3131 695 εἰς
3157 632 3328 701 ἥμισυ
3377 629 3535 698 δόξης
3586 624 3756 679 αὐτὸν

2164 726 2337 781 ἐλθεῖν
2385 725 2471 781 διὰ
2509 725 2570 778 τὸ
2623 724 2909 795 βεϐηκέναι
2967 721 3030 774 τὸ
3073 720 3261 772 λεῖπον
3310 719 3392 781 είς
3444 716 3537 768 τὸν
3581 714 3751 773 Υίδν,

2164 818 2447 887 ἀγνοοῦσιν
2494 816 2590 888 οἴῳ
2634 816 3055 885 περιπίπτουσιν
3088 811 3424 878 ἀτοπήματι.
3457 807 3597 877 Ἀρά
3635 802 3758 874 γὰρ

2164 911 2483 983 ἐπειδήπερ,
2513 910 2588 973 ὡς
2622 907 2774 963 αύτοί
2816 923 3000 975 φασιν,
3038 905 3099 957 ὲν
3146 901 3334 975 μονάδι
3380 899 3643 972 πρότερον
3668 894 3757 947 ὦν

2163 1004 2193 1057 6
2235 1002 2446 1073 Πατὴρ,
2495 1000 2590 1054 καὶ
2640 998 2739 1069 τὴν
2775 994 3173 1068 δημιουργικὴν
3222 990 3453 1060 δύναμιν
3504 988 3640 1057 ἔχων
3689 986 3758 1037 ὲν

2166 1091 2364 1162 ἐαυτῷ,
2405 1088 2733 1163 προεϐάλετο
2765 1087 2856 1141 τὸν
2908 1086 3059 1149 Υίὸν,
3110 1084 3203 1137 καὶ
3246 1082 3314 1135 δι’
3357 1078 3521 1133 αὐτοῦ
3567 1076 3759 1129 πάντα

2164 1185 2506 1255 δημιουργεῖ,
2546 1181 2651 1248 ἔξω
2685 1182 2785 1251 τῆς
2821 1178 3008 1241 οὐσίας
3032 1178 3132 1246 τῆς
3169 1173 3366 1229 ἑαυτοῦ
3400 1173 3501 1243 τὴν
3534 1172 3625 1223 ἐπὶ
3667 1167 3759 1239 τῷ

2165 1272 2421 1327 δύνασθαι
2467 1272 2819 1342 δημιουργεῖν
2877 1265 3091 1338 ἔπεμψε
3138 1264 3410 1334 δύναμιν,
3452 1262 3547 1314 καὶ
3591 1259 3619 1312 δ
3669 1258 3758 1329 μὴ

2167 1364 2430 1435 πρότερον
2460 1357 2548 1433 ἦν,
2584 1361 2742 1415 τοῦτο
2776 1360 2996 1429 γέγονεν
3036 1357 3282 1425 ὕστερον,
3313 1352 3518 1426 ἔρημός
3550 1367 3609 1404 τε
3650 1349 3759 1402 νῦν

2168 1455 2316 1508 ἑστιν
2368 1451 2549 1523 ἰσχύος
2584 1449 3015 1522 δημιουργικῆς·
3065 1442 3201 1500 ἀλλὰ
3250 1442 3411 1496 τοῦτο
3458 1441 3675 1511 φρονεῖν
3716 1439 3761 1507 ἢ

2168 1547 2348 1615 λέγειν
2371 1546 2609 1615 ἄμετρον
2636 1541 2749 1612 ἔχει
2776 1540 2877 1611 τὴν
2905 1536 3224 1593 δυσσέϐειαν
3243 1551 3256 1563 ·
3287 1552 3306 1585 ι
3351 1534 3411 1586 '0
3430 1531 3619 1602 Πατὴρ
3640 1528 3762 1598 γὰρ

2168 1639 2272 1701 ἕως
2318 1637 2443 1708 ἄρτι
2500 1633 2823 1705 ἐργάζεται,
2876 1629 3032 1698 κάγὼ
3083 1626 3418 1699 ἐργάζομαι,
3454 1641 3473 1674 ι
3513 1623 3677 1691 φησὶν

509 1707 672 1799 igitur
700 1707 935 1783 creativa
966 1728 1191 1783 facultas
1219 1726 1397 1783 Patris
1426 1744 1532 1784 non
1567 1739 1650 1784 est
1676 1728 1868 1797 divisa,
1897 1742 2070 1798 neque

2184 1707 2424 1797 Χριστός.
2450 1724 2660 1793 Ὠσπερ
2702 1715 2795 1783 οὖν
2833 1720 2895 1772 οὐ
2932 1718 3261 1788 μεμέρισται
3292 1711 3388 1766 τοῦ
3423 1709 3649 1808 ΔΠατρός
3693 1707 3764 1808 τὸ

508 1817 823 1887 imperfecta
851 1828 934 1873 est
956 1818 1005 1872 iu
1039 1817 1154 1887 ejus
1180 1820 1437 1882 essentia,
1466 1818 1694 1874 habente
1720 1820 1882 1873 etiam
1924 1818 2068 1872 illam

2184 1811 2706 1885 Βημιουργικδν,ούὸὲ
2727 1809 2921 1880 ἀτελής
2947 1810 3063 1861 ἐστι
3094 1804 3189 1860 νῦν
3210 1805 3267 1857 ἐν
3293 1806 3362 1873 τῇ
3385 1801 3542 1871 ούσίᾳ
3562 1799 3763 1861 αὑτοῦ,

508 1877 746 1977 perfecte
769 1908 948 1964 Filio:
979 1912 1050 1963 ita
1067 1877 1253 1963 'etiatn
1297 1907 1591 1977 perfectam
1628 1908 1784 1963 habet
1820 1907 2069 1978 gloriam,

2184 1877 2386 1979 ἔχοντος
2408 1877 2625 1967 τελείως
2651 1901 2809 1956 τοῦτο
2831 1877 2926 1955 καὶ
2950 1896 3044 1951 τοῦ
3075 1894 3228 1960 Υίοῦ,
3253 1893 3395 1948 οὕτω
3418 1892 3513 1945 καὶ
3540 1888 3763 1943 τελείαν

510 2016 631 2054 cum
654 2000 924 2070 perfectus
958 2003 1122 2055 etiam
1157 2001 1211 2055 in
1246 2001 1414 2069 gloria
1447 2001 1519 2056 sit
1545 2000 1737 2055 Filius.
1761 2000 1895 2055 Cum
1925 2000 2070 2054 enim

510 2090 700 2145 similis
730 2105 825 2159 per
852 2092 1030 2146 omnia
1076 2092 1147 2145 sit
1190 2091 1433 2147 Genitori
1476 2106 1603 2154 suo,
1634 2090 1755 2145 ideo
1782 2089 2072 2159 perfectam

511 2179 670 2233 etiam
704 2181 862 2234 habet
888 2180 1131 2250 gloriam,
1190 2181 1457 2250 siquidem
1487 2196 1549 2236 ex
1579 2180 1739 2235 Patre
1782 2179 2073 2250 perfectam

513 2270 737 2339 gloriam
763 2271 993 2327 habente
1013 2273 1227 2343 genitus
1260 2282 1366 2327 est.

853 2420 1423 2512 ASSERTIO
1506 2425 1726 2512 Vll.

513 2569 779 2638 Adversus
816 2582 919 2638 eos
952 2568 1041 2637 qui
1088 2567 1378 2637 objiciunt:
1408 2568 1596 2623 Utrum
1647 2570 1808 2623 Pater
1859 2568 2075 2638 fortuito

627 2637 800 2707 genuit
830 2634 1053 2702 Filium,
1083 2634 1159 2690 ari
1182 2640 1441 2692 voluntate
1470 2657 1564 2692 sua
1596 2634 1914 2709 pra'cedetite
1932 2639 1961 2689 .’

908 2748 1260 2820 Interrogatio
1296 2751 1680 2807 ltwreticorum.

583 2858 847 2921 Fortuito,
892 2859 1160 2928 inquiunt,
1212 2871 1267 2917 et
1316 2863 1708 2919 inconsiderate
1751 2866 1933 2934 genuit
1985 2875 2078 2919 aut

518 2951 645 3005 fecit
676 2949 869 3005 Filium
896 2950 1082 3018 Pater,
1112 2961 1204 3005 aut
1237 2953 1511 3009 voluntate
1544 2971 1639 3011 sua
1676 2956 2080 3013 intercedente?

519 3041 676 3109 Atqui
706 3042 749 3095 si
793 3041 1015 3097 fortuito
1040 3044 1245 3111 genuit,
1280 3059 1470 3113 passus
1518 3057 1600 3101 est
1641 3047 1843 3118 aliquid
1885 3058 2081 3116 praeter

516 3130 877 3197 voluntatem;
912 3132 959 3186 si
988 3142 1163 3187 autem
1195 3132 1399 3201 volens,
1434 3143 1487 3189 et
1530 3151 1753 3191 necesse
1791 3138 1862 3191 sit
1899 3138 2079 3191 consi-

2177 2001 2289 2072 ἔχει
2321 2000 2418 2069 τὴν
2444 1996 2622 2062 δόξαν,
2648 1993 2861 2064 ἔχοντος
2886 1990 3047 2044 πάλιν
3066 1987 3161 2042 τοῦ
3187 1985 3319 2040 Υίοῦ
3344 1986 3437 2038 καὶ
3460 1986 3517 2036 ὲν
3538 1982 3669 2054 δόξῃ
3694 1980 3766 2033 τὸ

2178 2092 2409 2145 τέλειον.
2432 2088 2657 2158 Ὀμοιος
2687 2085 2797 2153 γὰρ
2825 2082 2899 2136 ὢν
2931 2076 3074 2135 κατά
3097 2079 3274 2133 πάντα
3294 2076 3370 2147 τῷ
3402 2074 3765 2144 γεννήσαντι,

2176 2183 2265 2239 διὰ
2295 2181 2453 2235 τοῦτο
2488 2176 2694 2231 τελείαν
2737 2174 2849 2245 ἔχει
2889 2174 2989 2243 τὴν
3024 2170 3200 2237 δόξαν,
3234 2168 3532 2237 ἐπειδήπερ
3573 2164 3641 2219 ἔκ
3672 2180 3766 2219 τεο

2176 2276 2325 2329 λείαν
2352 2274 2567 2344 ἔχοντος
2592 2268 2749 2333 δόξαν
2776 2263 3039 2335 ἐγεννήθη
3068 2263 3330 2332 Πατρός..

2681 2406 3045 2495 ΛΟΓΟΣ
3132 2400 3240 2498 Ζ’.

2179 2570 2332 2638 Πρὸς
2368 2567 2509 2633 τοὺς
2543 2566 2963 2638 προτείνοντας
3000 2564 3084 2638 to"
3130 2556 3490 2638 Ἀξουξήξως
3508 2554 3565 2638 ’ἦ
3609 2551 3766 2608 κατά

2331 2622 2641 2704 βούλησῦ·
2670 2622 2961 2704 ἐγέννησὲ
2992 2632 3099 2685 τὸν
3131 2628 3270 2683 Υιὸν
3300 2630 3333 2680 ό
3364 2622 3591 2692 Πατήις

2453 2750 2769 2819 Ἐρώτησις
2801 2749 2879 2813 ὡς
2907 2746 2976 2799 ἐκ
3006 2742 3124 2798 τῶν
3157 2737 3491 2810 αιρετικῶν.

2262 2862 2597 2933 ’Λϐουλήτως
2628 2863 2755 2933 ἄρα,
2800 2859 2965 2930 φασὶ,
2995 2858 3090 2912 καὶ
3138 2855 3426 2917 ἀσκέπτως
3468 2851 3770 2920 ἐγέννησεν

2182 2953 2299 3022 ἢτοι
2346 2950 2612 3020 πεποίηκε
2641 2949 2730 3003 τὸν
2779 2948 2908 3001 Υίὸν
2950 2949 2980 3001 6
3009 2946 3219 3015 Πατὴρ,
3261 2944 3295 3014 ἢ
3328 2940 3470 2995 κατά
3505 2938 3772 3011 βούλησιν

2183 3042 2426 3106 οίκείαν;
2479 3041 2545 3095 Εἰ
2599 3040 2698 3110 μὲν
2731 3036 2823 3094 οὖν
2858 3038 3172 3108 ἀϐουλήτως
3232 3035 3523 3104 ἀγέννησεν
3569 3031 3769 3093 αὐτὸν.

2183 3131 2420 3185 πέπονθέ
2450 3148 2501 3183 τι
2532 3131 2639 3183 τῶν
2675 3130 2824 3203 παρὰ
2852 3128 3098 3199 γνώμην·
3141 3127 3188 3179 εἰ
3216 3125 3274 3178 δὲ
3311 3123 3452 3178 κατά
3482 3120 3768 3192 βούλησιν,

517 3219 850 3273 iterationem
887 3221 952 3274 de
997 3222 1173 3289 aliqua
1206 3239 1263 3277 re
1307 3224 1539 3293 priorem
1585 3241 1705 3282 esse
1754 3242 1913 3296 quam
1961 3229 2077 3299 ipsa

2184 3223 2556 3294 προϋπάρχειν
2584 3222 2639 3275 δὲ
2667 3220 2775 3273 τῶν
2805 3219 3106 3289 γινομένων
3132 3216 3347 3284 ἀνάγκη
3379 3214 3477 3284 τὴν
3508 3212 3640 3283 περὶ
3670 3210 3771 3265 αὐ-

519 3310 813 3379 tiat,prior
863 3312 1042 3381 itaque
1088 3314 1185 3367 fuit
1237 3313 1396 3370 Pater
1439 3314 1596 3382 Filio,
1654 3332 1776 3372 cum
1838 3317 2082 3374 voluntas

522 3402 922 3471 generationem
952 3408 1308 3474 praecesserit.

1153 3510 1449 3580 Refutatio.

593 3619 764 3687 Unde,
795 3623 1041 3691 obsecro,
1077 3624 1220 3680 hunc
1271 3626 1519 3695 loquendi
1551 3643 1751 3684 morem
1794 3633 2083 3703 accepistis

521 3708 818 3775 dementes,
855 3716 994 3782 quod
1027 3724 1121 3769 aut
1142 3731 1207 3770 ex
1240 3732 1333 3771 sua
1365 3721 1637 3774 voluntate
1664 3731 1754 3774 aut
1777 3722 1909 3777 citra
1929 3737 2083 3779 suam

520 3799 850 3856 voluntatem
879 3806 1126 3873 genuerit
1170 3806 1398 3872 Filium;
1430 3818 1521 3863 aut
1564 3824 1628 3864 ex
1654 3827 1760 3879 quo
1793 3812 2085 3880 Scriptum

522 3890 642 3951 loco
698 3895 1067 3964 hujuscemodi
1117 3898 1441 3967 qumstiones
1499 3902 1741 3969 proferre
1785 3902 2086 3960 didicistis?

524 3993 657 4061 Quis
693 4007 819 4047 vero
851 4000 1158 4045 sanctorum
1200 3992 1355 4059 dixit,
1386 4002 1480 4047 aut
1529 4009 1594 4048 ex
1647 3994 1939 4061 voluntate,
1996 4007 2087 4051 aut

525 4084 664 4138 citra
692 4081 1045 4146 voluntatem,
1072 4080 1264 4135 Filium
1299 4096 1364 4137 ex
1392 4082 1551 4138 Patre
1594 4087 1956 4153 processisse?
1982 4089 2089 4144 Aut

523 4174 643 4244 quis
686 4172 988 4241 huiusmodi
1020 4173 1295 4227 vocabulis
1324 4182 1406 4228 est
1452 4176 1626 4230 usus?
1670 4175 1820 4242 Quod
1872 4179 2087 4247 quidem

525 4275 643 4320 erat
670 4275 723 4319 et
748 4274 829 4318 est
865 4264 955 4318 Dei
996 4262 1250 4331 Verbum,
1279 4279 1344 4317 ex
1387 4281 1538 4320 sacra
1571 4266 1851 4337 Scriptura
1889 4285 2090 4339 cogno—

527 4355 747 4410 scimus.
786 4352 917 4406 lllud
943 4367 1091 4416 vero,
1124 4354 1257 4406 citra
1300 4358 1627 4410 voluntatem
1658 4367 1749 4409 aut
1779 4366 1989 4419 contra.
2022 4374 2085 4413 ex

528 4442 681 4497 vobis
727 4441 857 4497 solis
887 4442 1209 4495 audivimus.
1251 4440 1497 4497 Ostendit
1533 4445 1673 4498 enim
1705 4445 1895 4500 Filium
1931 4447 2089 4502 Pater

2181 3313 2289 3365 τῶν
2331 3312 2543 3382 σκέψιν,
2577 3312 2751 3381 προῆν
2785 3312 2892 3382 ἀρα
2930 3308 3024 3362 τοῦ
3064 3306 3197 3361 Υίοῦ
3221 3307 3251 3358 6
3284 3304 3495 3374 Πατὴρ,
3532 3300 3772 3373 μεσολα-

2184 3404 2383 3474 ϐούσης
2415 3403 2513 3474 τὴν
2540 3402 2791 3473 γέννησιν
2820 3401 2917 3471 τῆς
2948 3399 3078 3468 περὶ
3106 3396 3272 3451 αὑτοῦ
3302 3395 3632 3465 βουλήσεως.

2615 3514 2922 3584 Ἀπολογία
2957 3512 3106 3581 πρὸς
3136 3510 3332 3564 τοῦτο.

2257 3627 2423 3684 Πόθεν
2468 3629 2645 3699 ὑμεῖς,
2687 3621 2734 3681 ὧ
2760 3621 2937 3689 οὗτοι,
2984 3625 3125 3680 κατὰ
3164 3622 3418 3694 βούλησιν
3456 3621 3489 3691 ἢ
3530 3619 3771 3691 ἀϐούληο

2183 3739 2290 3785 τως
2316 3718 2673 3790 γεγεννῆσθαι
2707 3716 2884 3785 λέγειν
2911 3715 3002 3769 τδν
3032 3715 3179 3779 Υίὸν,
3210 3714 3244 3785 ἢ
3280 3715 3374 3766 καὶ
3404 3712 3539 3773 ὅλως
3579 3709 3775 3774 τοιαύτ

2184 3830 2283 3875 τας
2314 3814 2426 3874 τοῖς
2458 3809 2842 3879 ἐντυγχάνουσι
2892 3806 2990 3871 τὰς
3025 3806 3245 3869 πεύσεις
3291 3802 3609 3874 προσάγειν,
3654 3802 3775 3855 ἀπὸ

2189 3902 2346 3965 ποίας
2382 3900 2539 3953 τοῦτο
2571 3898 2925 3970 μεμαθήκατε
2958 3896 3206 3967 Γραφῆς;
3241 3894 3339 3957 Τίς
3361 3893 3418 3947 δὲ
3455 3893 3562 3945 τῶν
3589 3892 3775 3970 ἁγίων

2187 3962 2387 4064 ἣκατά
2431 3962 2681 4062 βούλησιν
2710 3991 2743 4060 ἢ
2776 3962 3095 4059 ἀϐουλήτως
3130 3962 3293 4041 αὐτὸν
3337 3985 3535 4053 ἔφησεν
3566 3985 3630 4036 ὲκ
3668 3962 3775 4036 ﬁcos

2189 4083 2398 4155 Πατρδς
2435 4081 2750 4152 προελθεῖν;
2798 4080 2958 4150 Παρὰ
2994 4079 3097 4132 τίνι
3126 4078 3182 4130 δὲ
3213 4076 3528 4146 ὠνόμασται
3557 4072 3626 4126 τὰ
3652 4088 3779 4125 τοι.

2187 4176 2323 4230 αῦτα
2350 4176 2603 4247 ῥήματας
2629 4174 2752 4226 Ὀτι
2785 4172 2881 4242 μὲν
2908 4170 3017 4241 γὰρ
3044 4166 3111 4240 ἦν
3141 4169 3237 4222 καὶ
3266 4168 3412 4219 ἔστιν
3443 4167 3471 4218 6
3499 4162 3593 4217 τοῦ
3625 4162 3776 4216 Θεοῦ

2189 4266 2378 4334 Λόγος,
2407 4266 2651 4337 ἔγνωμεν
2684 4264 2792 4319 ἀπὸ
2816 4263 2915 4333 τῆς
2941 4262 3090 4324 θείας
3122 4260 3162 4314 Γ
3166 4259 3363 4331 ραφῆς.
3393 4257 3467 4311 Τὸ
3493 4256 3570 4322 δὲ,
3599 4254 3778 4309 ἀϐου-

2187 4360 2365 4431 λήτως
2400 4359 2433 4430 ἢ
2477 4357 2585 4429 μὴ,
2621 4356 2773 4429 παρά
2810 4356 2985 4427 μόνων
3033 4352 3187 4424 ὑμῶν
3233 4350 3566 4422 ⁴ίικούσαμεν.
3606 4348 3777 4402 Ἀπο-

2190 4451 2451 4506 καλύπτει
2492 4450 2590 4519 μὲν
2615 4449 2723 4518 γὰρ
2746 4448 2837 4501 τὸν
2864 4448 2989 4502 Υίδν
3014 4448 3043 4499 6
3075 4444 3264 4515 Πατὴρ
3299 4443 3359 4508 ἐξ
3388 4440 3641 4513 ούρανοῦ,
3670 4441 3775 4496 καί

526 4548 593 4590 ex
629 4532 764 4588 caelo
787 4532 1005 4586 dicens:
1037 4552 1055 4583 ι
1087 4532 1181 4587 llic
1213 4544 1295 4587 est
1325 4532 1491 4589 Filius
1525 4550 1676 4591 meus
1709 4538 1935 4593 dilectus
1961 4541 2025 4605 ⁶⁶;
2064 4560 2078 4592 ι

2193 4534 2388 4613 φησιν·
2430 4557 2449 4592 ι
2475 4534 2643 4601 Οὗτός
2675 4539 2821 4589 ἐστιν
2853 4537 2881 4589 6
2913 4535 3040 4597 Υἱός
3073 4552 3171 4604 μου
3199 4534 3228 4586 6
3260 4531 3544 4602 ἀγαπητός
3564 4547 3577 4559 ’
3612 4547 3631 4580 ›
3670 4529 3775 4584 καὶ

526 4634 582 4679 et
618 4638 713 4693 per
741 4623 905 4677 David
936 4638 951 4677 :
986 4640 1004 4673 ι
1037 4622 1313 4678 Eructavit
1344 4640 1437 4679 cor
1477 4641 1651 4681 meum
1706 4626 1939 4684 Verbum
1992 4630 2089 4685 ho-

530 4729 655 4768 num
688 4714 765 4781 ‘7;
805 4732 824 4766 ι
869 4722 924 4769 et
965 4714 1394 4783 sapientissimus
1434 4714 1713 4773 Joannes.
1754 4736 1772 4769 ι
1808 4719 1860 4774 1η
1896 4722 2093 4790 princi-

532 4806 640 4873 pio,
692 4806 885 4874 inquit,
935 4815 1052 4859 erat
1105 4805 1362 4873 Verbum,
1414 4821 1468 4860 et
1520 4807 1750 4863 Verbum
1791 4822 1907 4865 erat
1952 4815 2090 4881 apud

534 4898 720 4960 Deum,
748 4903 804 4949 et
835 4894 974 4949 Deus
1003 4904 1121 4948 erat
1156 4893 1382 4949 Verbum
1410 4897 1473 4949 ⁸⁸.
1516 4918 1532 4949 ›
1566 4898 1631 4952 Ει
1656 4899 1939 4956 Psalmista
1971 4917 2091 4957 rur-

533 4999 625 5038 sus
648 4988 711 5038 ad
737 4983 947 5039 Patrem
992 4985 1121 5038 dicit
1153 4999 1169 5037 :
1208 5003 1226 5036 ι
1261 4984 1520 5050 Quoniam
1546 4990 1683 5056 apud
1738 4999 1786 5042 te
1834 5000 1919 5045 est
1972 4990 2089 5047 fons

535 5076 676 5140 vita,
703 5085 755 5129 et
778 5076 829 5129 in
859 5076 1055 5131 lumine
1088 5086 1177 5131 tuo
1209 5076 1508 5132 videbimus
1531 5079 1705 5133 lumen
1738 5080 1802 5133 ”.
1836 5100 1854 5134 ι
1889 5081 2089 5137 Paulus

533 5166 890 5237 splendorem,
922 5176 977 5222 et
1010 5168 1253 5233 formam,
1277 5178 1331 5222 et
1360 5169 1645 5241 imaginem
1674 5172 1773 5243 51
1807 5174 2088 5230 invisibilis

536 5258 625 5313 Dei
663 5266 820 5313 vocat
847 5258 915 5312 ".
950 5258 1222 5314 Neminem
1266 5275 1392 5315 vero
1438 5265 1627 5317 horum
1684 5266 1951 5333 repereris
1998 5268 2088 5336 qui

534 5348 726 5403 Filium
790 5363 855 5402 ex
912 5347 1185 5404 voluntate
1244 5360 1336 5403 aut
1384 5353 1517 5405 citra
1563 5353 1888 5408 voluntatem
1940 5356 2090 5423 geni-

536 5448 645 5491 tum
690 5438 855 5492 dicat.
888 5438 992 5494 Sed
1025 5454 1147 5493 cunt
1190 5441 1444 5505 dixerint,
1480 5453 1614 5509 erat,
1655 5452 1728 5508 et,
1760 5454 1854 5509 est,
1888 5446 2088 5501 nullum

534 5526 853 5597 principium
884 5529 935 5582 in
962 5538 1198 5598 tempore
1221 5532 1525 5587 tribuerunt
1551 5534 1598 5588 ei
1629 5538 1719 5604 qui
1744 5536 1936 5591 saecula
1960 5551 2090 5593 con-

606 5722 651 5755 "
683 5721 838 5780 Joan.
880 5743 932 5789 ν,
975 5727 1061 5780 l7.

539 5806 601 5860 ιι,
625 5793 657 5847 ϐ
690 5812 704 5861 ;
745 5794 906 5851 llebr.
946 5812 985 5862 ι,
1018 5798 1053 5851 2
1082 5816 1096 5863 ;
1130 5796 1334 5853 Coloss.
1379 5813 1415 5863 ι,
1463 5798 1545 5855 l5.

1172 5726 1220 5803 "-
1254 5725 1443 5779 Mam"
1468 5744 1569 5803 -‘J'.
1600 5732 1680 5786 17.
1758 5735 1799 5767 ⁸⁷
1835 5734 1977 5791 Paul.
2017 5751 2160 5803 χειν,
2200 5738 2255 5791 2.

2188 4634 2275 4689 διά
2321 4630 2417 4686 τοῦ
2454 4628 2617 4683 Δαϐὶδ
2663 4628 2843 4696 λέγει·
2885 4646 2903 4677 ι
2947 4624 3306 4696 Ἐξηρεύξατο
3344 4625 3376 4694 ἡ
3416 4622 3613 4692 καρδία
3664 4638 3771 4691 μου

2190 4727 2359 4794 Λόγον
2375 4721 2571 4792 ἀγαθόν
2589 4736 2602 4749 ·
2631 4739 2649 4772 ι
2666 4718 2761 4773 καὶ
2780 4720 2808 4772 6
2822 4716 3125 4787 σοφώτατος
3155 4715 3430 4786 ἰωάννηςο
3454 4727 3472 4765 t
3514 4713 3603 4767 Ἐν
3621 4713 3769 4784 ἀρχῇ

2188 4812 2276 4887 ἦν,
2309 4812 2494 4885 φησιν,
2521 4812 2550 4864 6
2576 4808 2747 4877 Λόγος
2766 4848 2781 4873 ,
2821 4808 2913 4860 καὶ
2941 4808 2969 4859 6
3004 4805 3176 4873 Λόγος
3206 4800 3275 4874 ἦν
3320 4802 3458 4874 πρὸς
3486 4800 3578 4854 τὸν
3609 4798 3770 4885 Θεδν,

2189 4905 2283 4959 καὶ
2310 4902 2439 4965 Θεὸς
2460 4897 2527 4971 ἦν
2551 4902 2579 4953 ὁ
2607 4898 2777 4965 Λόγος
2798 4913 2811 4927 ο
2843 4914 2861 4948 ι
2892 4898 2919 4949 6
2946 4894 3251 4966 Ψαλμῳδὸς
3279 4894 3352 4956 ὡς
3380 4893 3517 4965 πρὸς
3544 4891 3636 4944 τὸν
3664 4891 3773 4946 Πα.

2196 4995 2329 5066 τέρα
2358 4992 2518 5046 πάλιν
2544 4990 2711 5061 φησί’
2747 5007 2767 5041 t
2794 4986 2952 5059 Παρὰ
2980 4987 3064 5041 σοὶ
3104 4986 3255 5057 πηγὴ
3284 4985 3450 5056 ζωῆς,
3481 4984 3573 5037 καὶ
3603 4986 3658 5037 ὲν
3688 4985 3773 5055 τῷ

2196 5085 2334 5155 φωτί
2362 5102 2455 5138 σου
2481 5081 2722 5153 ὀψόμεθα
2746 5080 2883 5149 φῶς.
2910 5100 2928 5132 ι
2965 5080 3023 5134 '0
3048 5078 3256 5142 Παῦλος
3283 5077 3645 5147 ἀπαύγασμα,
3674 5079 3772 5130 καὶ

2199 5176 2433 5247 μορφὴν,
2472 5174 2568 5227 καὶ
2617 5173 2800 5227 εἰκόνα
2844 5169 2936 5225 τοῦ
2977 5169 3111 5224 Θεοῦ
3156 5171 3390 5243 ἀοράτου
3432 5169 3606 5223 καλεῖ.
3658 5169 3773 5223 Καὶ

2192 5268 2397 5322 τούτων
2436 5265 2608 5329 οὐδεὶς
2653 5265 2966 5335 εὑρίσκεται
2993 5263 3166 5331 λέγων
3192 5262 3507 5332 ἀϐουλήτως
3543 5259 3577 5330 ἢ
3625 5260 3777 5315 κατά

2196 5358 2448 5429 βούλησιν
2480 5355 2829 5428 γεγεννῆσθαι
2852 5357 2944 5410 τὸν
2969 5356 3115 5408 Υἱόν.
3151 5352 3310 5407 Ἀλλά
3341 5353 3422 5417 τὸ,
3450 5348 3550 5423 ἦν,
3591 5352 3775 5407 εἰπόν-

2191 5466 2309 5512 τες,
2345 5449 2439 5502 καὶ
2478 5450 2558 5511 τὸ,
2603 5447 2793 5513 ἔστιν,
2835 5447 3093 5518 οὐδεμίαν
3142 5446 3316 5516 ἀρχὴν
3355 5444 3455 5515 τὴν
3502 5446 3561 5496 ὲν
3593 5444 3775 5517 χρόνῳ

2194 5541 2454 5597 δεδώκασι
2484 5541 2562 5614 τῷ
2587 5543 2694 5597 τῶν
2723 5544 2927 5616 χρόνων
2952 5545 3169 5614 ποιητῇ.
3200 5542 3369 5597 Πόθεν
3396 5538 3489 5596 οὖν
3515 5527 3671 5612 ὑμεῖς
3701 5542 3775 5597 τὰ

2332 5736 2375 5769 ⁸⁸
2406 5734 2565 5793 Jonu.
2610 5754 2647 5802 l,
2686 5738 2735 5791 l.
2816 5741 2857 5773 θ’
2886 5738 3024 5793 Psul.
3070 5753 3234 5802 xxxv,
3282 5739 3363 5792 l0.
3445 5739 3491 5769 τ’
3528 5732 3772 5811 Philip?-
