3922 6482
174 451 227 505 35
1553 427 2002 486 mesaunus.
2216 383 2221 391 ’
3362 417 3433 472 se

172 561 357 618 τοιαῦτά
386 576 515 629 φατε
543 576 557 623 ;
602 556 753 611 Ἀπὸ
797 555 1043 628 καρδίας
1073 554 1167 624 τῆς
1197 552 1405 607 ἑαυτῶν
1437 548 1746 611 λαλοῦντες.

1862 544 2010 600 didit.
2071 540 2225 597 Unde
2276 538 2439 609 igitur
2476 551 2572 593 vos
2612 537 2727 591 haec
2773 531 3130 605 depromitis?
3163 529 3238 584 Ex
3270 533 3434 587 corde

172 656 284 709 καθά
314 667 467 722 φησιν
494 652 523 703 ὁ
554 649 891 720 προφήτης,
922 646 1020 701 καὶ
1052 648 1148 699 οὑκ
1176 644 1281 698 ἀπὸ
1322 642 1590 709 στόματος
1630 642 1745 694 Κυ-

175 745 283 817 ρίου.

844 851 1053 905 ΔΛΛΟ.

226 970 277 1023 El
308 968 554 1041 βουλήσει
589 965 978 1037 γεγεννῆσθαί
1009 979 1145 1033 φατε
1173 962 1261 1016 τὸν
1286 960 1434 1024 Υίδν,
1481 960 1574 1013 καὶ
1629 958 1746 1029 βιά-

174 1060 298 1122 ζεσθε
323 1062 418 1131 τὴν
450 1061 582 1131 περὶ
616 1057 798 1113 αὑτοῦ
827 1057 1052 1126 θέλησιν
1080 1054 1461 1126 προῦπάρχειν
1495 1052 1593 1123 τῆς
1623 1068 1748 1120 γεν-

172 1154 344 1222 νήσεως
371 1151 562 1214 αὑτοῦ,
594 1149 652 1203 τί
681 1149 765 1221 μὴ
804 1148 983 1202 ταῦτά
1011 1162 1175 1217 φησιν
1203 1148 1237 1215 ἡ
1270 1143 1461 1215 Γραφὴ
1489 1143 1619 1214 περὶ
1644 1142 1744 1196 ab-

175 1240 265 1305 τοῦ,
286 1241 319 1293 ἃ
349 1241 410 1308 δὴ
436 1241 533 1293 καὶ
593 1239 735 1312 περὶ
789 1237 902 1292 τῶν
955 1234 1129 1288 ἄλλων
1161 1234 1483 1306 ποιημάτων
1509 1233 1745 1301 λέγουσα⁵

182 1336 416 1399 στένε-τας
466 1334 595 1388 Ἐπὶ
631 1332 741 1402 μὲν
769 1329 883 1401 γὰρ
917 1327 1025 1382 τῶν
1055 1326 1351 1396 γεγονότων
1390 1325 1540 1397 παρὰ
1576 1324 1740 1387 Θεοῦ,

182 1427 458 1493 προηγεῖται
488 1424 753 1493 θέλησις,
804 1420 883 1484 ὡς
910 1421 968 1471 ἐν
989 1418 1083 1488 τῷ,
1139 1435 1156 1467 t
1192 1418 1513 1485 Ποιήσωμεν
1536 1414 1745 1485 ἄνθρω-

182 1531 271 1577 πον,
299 1534 315 1559 ι
343 1516 451 1569 Καὶ
484 1517 543 1567 ὲν
573 1514 684 1584 τῷ.
711 1531 736 1567 ε
759 1512 948 1566 Πάντα
973 1511 1075 1563 ὅσα
1112 1508 1398 1577 ἠθέλησεν,
1433 1506 1738 1575 ἐποίησεν.»

190 1604 289 1656 Ἐπὶ
336 1606 395 1664 δὲ
414 1606 509 1657 τοῦ
537 1602 685 1657 Θεοῦ
730 1602 915 1670 Λόγου
947 1597 1184 1669 οὐδαμοῦ
1216 1597 1434 1667 θέλησις
1463 1598 1582 1666 ἦτοι
1617 1594 1745 1667 βού-

186 1711 303 1764 λησις
326 1692 779 1768 προηγησαμένη
836 1691 1105 1761 φαίνεται.
1163 1689 1301 1743 Ἀλλ’
1332 1690 1414 1742 ὅτι
1468 1689 1631 1758 μόνον
1669 1685 1747 1757 ἦν

182 1788 251 1839 καὶ
294 1788 456 1841 ἔστιν
500 1785 814 1855 ἀκούομεν.
858 1784 990 1847 Καὶ,
1053 1780 1119 1835 ἶν’
1158 1780 1328 1843 οὑτως
1386 1780 1544 1846 είπω,
1582 1778 1748 1843 τόπος

180 1876 300 1947 αὖτῷ
318 1877 541 1948 φυσικὸς
565 1877 596 1929 6
630 1875 855 1945 Πατήρ.
891 1874 954 1926 El
977 1872 1156 1926 τοίνυν
1190 1871 1285 1925 ἐπὶ
1324 1870 1425 1942 μὲν
1472 1871 1583 1924 τῶν
1630 1888 1748 1924 κτι-

927 1962 1176 2034 ήγεῖσθαι
1206 1926 1423 2033 Θέλτξσιν
1461 1964 1495 2034 ἡ
1534 1962 1746 2033 Γραφὴ,
1780 1926 1824 1985 Β

182 2055 320 2108 ἐπὶῶ
347 2056 441 2109 τοῦ
470 2054 611 2108 Υἱοῦ
640 2055 804 2107 οὐδὲν
844 2052 1084 2108 τοιοῦτον
1141 2052 1447 2124 εὑρήσομεν
1484 2052 1617 2123 παρ’
1648 2054 1748 2106 αὑ-

181 2148 278 2216 τῆς,
300 2148 390 2200 οὑκ
426 2147 537 2218 ἄρα
568 2143 659 2210 εἷς
686 2147 809 2199 ἐστι
841 2144 952 2197 τῶν
980 2143 1222 2208 πάντων,
1246 2144 1368 2198 οὑδὲ
1412 2143 1628 2214 θελήσει
1659 2143 1753 2211 γέ-

181 2255 299 2303 γονε,
327 2238 577 2309 καθάπερ
607 2239 683 2291 τὰ
716 2235 920 2301 πάντα,
956 2236 1019 2288 ὲκ
1073 2235 1291 2306 Πατρὸς
1336 2234 1617 2306 προελθὼν
1658 2234 1752 2287 καὶ

182 2330 260 2400 τῆς
282 2330 366 2384 τοῦ
392 2330 775 2400 γεννήσαντος
802 2327 1009 2391 οὐσίας,
1033 2326 1290 2399 ὑπάρχων
1323 2343 1383 2380 τε
1412 2327 1604 2390 ἀΐδιος.

854 2436 1063 2491 ΑΛΛυ.

239 2548 383 2616 Λέγει
404 2566 507 2602 που
543 2546 773 2609 Παῦλος
819 2545 949 2616 περὶ
997 2542 1091 2596 τοῦ
1130 2544 1384 2614 Σωτῆρος
1424 2542 1582 2613 ἡμῶν
1616 2543 1660 2596 Χ
1673 2560 1752 2613 ρι-

186 2640 309 2705 στοῦ,
340 2644 420 2695 ὅτι
448 2659 509 2694 τε
537 2638 691 2694 Θεοῦ
718 2639 950 2708 δύναμις
998 2637 1083 2707 είη
1144 2638 1237 2689 καὶ
1265 2635 1402 2689 Θεοῦ
1438 2636 1619 2705 σοφία.
1688 2637 1751 2689 El

186 2730 336 2785 τοίνυν
365 2730 528 2800 σοφία
554 2730 665 2783 καὶ
709 2726 939 2796 δύναμίς
962 2728 1079 2779 ἐστι
1100 2723 1194 2778 τοῦ
1246 2724 1457 2796 Πατρὸς
1490 2725 1518 2775 6
1567 2723 1629 2787 ἐξ
1660 2725 1755 2777 αὑ-

188 2820 262 2873 τοῦ
282 2823 367 2873 καὶ
387 2822 445 2875 ὲν
473 2820 635 2890 αὑτῷ
672 2818 933 2887 ὑπάρχων
971 2818 1162 2885 Λόγος,
1210 2815 1373 2878 αὑτός
1403 2817 1551 2869 ἐστιν
1609 2815 1667 2869 ἐν
1710 2807 1755 2883 ᾧ

191 2908 493 2978 μυλεὺεται,
528 2910 631 2962 καὶ
661 2908 728 2960 δι’
768 2899 829 2959 οῦ
849 2905 919 2959 τὰ
948 2904 1127 2958 πάντα
1162 2902 1480 2973 ἐργάζεται.
1511 2903 1635 2967 Πῶς
1660 2899 1754 2956 οὖν

194 2998 412 3069 βουλήσει
439 2998 680 3067 γέγονεν
706 2998 734 3047 ὁ
762 2996 819 3047 ὲν
849 2986 1003 3063 ᾧπερ
1030 2995 1063 3063 ἡ
1096 2991 1346 3062 βούλησίς
1372 2994 1489 3045 ἐστι
1521 2992 1615 3046 τοῦ
1642 2992 1755 3046 [Ια-

192 3088 333 3157 τρός;
374 3091 443 3143 Ἣ
501 3090 617 3158 γὰρ
685 3086 875 3156 ἑτέραν
935 3086 1084 3154 ἡμᾶς
1147 3083 1339 3152 σοφίαν
1392 3084 1756 3137 ἀναπλάττειν

194 3181 400 3250 him,
422 3183 481 3233 ὲν
573 3178 1007 3250 βουλευσάμενος
1038 3175 1303 3245 πεποίηκε
1330 3174 1421 3227 τὸν
1448 3174 1596 3240 Υἱὸν,
1624 3176 1757 3230 καθ-

1850 646 2036 690 vestro
2087 635 2389 703 loquentes.
2451 640 2509 684 ut
2563 629 2743 699 inquit
2774 627 3057 698 propheta,
3093 633 3144 678 et
3204 639 3310 680 non
3365 638 3440 679 ex.

1871 743 1963 784 ore
2000 726 2209 784 Domini
2241 726 2308 777 "'.

2529 830 2756 887 ALIUD.

1920 950 1975 1005 Si
2004 964 2069 1005 ex
2098 948 2373 1004 voluntate
2400 945 2594 1001 Filium
2625 944 2864 1012 genitum
2899 940 3100 1005 dicitis,
3127 948 3184 994 et
3208 944 3433 993 conten-

1848 1039 1974 1095 ditis
2000 1039 2330 1094 voluntatem
2360 1033 2650 1103 generandi
2676 1032 2845 1101 ipsius
2871 1028 3272 1099 generationem
3299 1042 3436 1097 prm-

1847 1132 2099 1196 cessisse,
2122 1145 2219 1185 cur
2244 1143 2349 1183 non
2386 1129 2501 1181 bmc
2529 1126 2595 1179 de
2622 1137 2688 1178 eo
2715 1122 2845 1176 dicit
2871 1121 3177 1190 Scriptura,
3200 1119 3342 1173 sicut
3369 1118 3436 1172 de

1848 1224 1967 1278 aliis
2001 1220 2291 1278 creaturis.
2328 1217 2463 1271 Nam
2502 1216 2556 1271 in
2599 1214 2664 1269 iis
2696 1229 2813 1283 qua:
2852 1213 2993 1268 Deus
3028 1211 3263 1276 ereavit,
3294 1224 3436 1280 pra:-

1849 1313 2011 1369 cessit
2031 1308 2302 1373 voluntas,
2328 1307 2462 1361 utin
2490 1305 2578 1359 illo
2604 1320 2616 1358 :
2647 1321 2666 1354 ι
2698 1301 2985 1357 Faciamus
3010 1300 3287 1354 hominem
3313 1296 3382 1350 τ’.
3416 1315 3434 1347 ι

1849 1403 1916 1457 Et
1960 1403 2012 1457 in
2056 1401 2157 1455 hoc
2201 1418 2215 1456 :
2265 1417 2282 1451 ι
2329 1399 2519 1452 Omnia
2565 1410 2684 1466 qua:
2726 1392 2922 1456 voluit,
2956 1390 3171 1445 fecit".
3212 1408 3231 1439 ι
3273 1389 3344 1443 At
3386 1388 3439 1440 in

1853 1493 2029 1547 Verbo
2062 1492 2151 1547 Dei
2179 1490 2322 1544 nulla
2355 1487 2603 1541 voluntas
2638 1493 2731 1539 aut
2766 1484 3053 1539 consilium
3089 1477 3438 1552 praecessisse

1850 1583 2065 1653 legitur.
2083 1580 2190 1635 Sed
2215 1588 2445 1642 tantum,
2465 1577 2607 1646 quod
2631 1583 2766 1641 erat,
2783 1582 2927 1629 etest
2951 1571 3219 1625 audimus.
3238 1569 3437 1637 Atque,

1850 1680 1909 1725 ut
1936 1672 2007 1726 ita
2036 1670 2210 1726 dicam
2230 1708 2244 1733 ,
2274 1666 2541 1721 naturalis
2568 1663 2686 1732 ejus
2718 1663 2868 1717 locus
2904 1669 3025 1716 erat
3052 1658 3233 1713 Pater.
3261 1655 3440 1723 Quare

1850 1765 1895 1821 si
1959 1765 2011 1819 in
2066 1762 2321 1818 omnibus
2379 1759 2644 1814 creaturis
2702 1755 3034 1810 voluntatem
3096 1748 3441 1822 praecessisse

1853 1855 2134 1923 Scriptura
2170 1860 2420 1914 testatur,
2449 1849 2514 1904 de
2544 1846 2683 1902 Filio
2708 1854 2885 1900 autent
2916 1843 3049 1899 nihil
3080 1839 3346 1911 ejusmodi
3389 1840 3441 1895 iu

1853 1943 2029 2000 sacris
2072 1938 2295 1995 Litteris
2343 1937 2616 1992 invenitur
2663 1954 2677 1990 :
2734 1950 2838 1989 non
2884 1941 2964 1989 est
3015 1945 3148 2001 ergo
3192 1945 3332 1985 unus
3376 1943 3441 1983 ex

1853 2033 2083 2099 creatis,
2117 2046 2291 2100 neque
2336 2045 2402 2083 ex
2443 2029 2719 2084 voluntate
2760 2026 2937 2081 factus
2992 2032 3112 2091 est,
3150 2030 3208 2077 ut
3257 2036 3446 2076 omnes

1855 2133 2149 2191 creaturae,
2183 2136 2248 2176 ex
2298 2118 2460 2175 Patre
2505 2116 2810 2188 procedens
2855 2123 3018 2185 atque
3070 2128 3137 2169 ex
3171 2110 3455 2168 Genitoris

1855 2216 2092 2273 essentia
2112 2254 2127 2282 ,
2152 2215 2220 2269 ab
2246 2222 2450 2269 :cterno
2476 2212 2769 2269 exsistens.

2533 2411 2691 2468 ALIU
2706 2412 2765 2467 ί).

1926 2530 2125 2585 Paulus
2166 2525 2361 2583 alicubi
2402 2526 2470 2580 de
2514 2523 2805 2578 Servatore
2847 2527 3031 2575 nostro

1858 2624 1998 2693 quod
2031 2622 2103 2677 sit
2126 2621 2297 2676 virtus
2325 2626 2379 2673 et
2404 2615 2669 2686 sapientia
2696 2614 2811 2669 Dei.
2835 2611 2891 2667 Si
2920 2626 3051 2683 ergo
3075 2617 3159 2665 est
3180 2608 3446 2679 sapientia

1856 2721 1911 2766 et
1944 2712 2185 2783 potentia
2218 2709 2399 2764 Patris
2431 2704 2668 2762 Verbum
2702 2719 2767 2759 ex
2806 2704 2922 2771 ipso
2956 2710 3011 2756 et
3044 2701 3101 2755 in
3139 2698 3444 2768 ipsolexsi-

1858 2810 2027 2863 stens,
2077 2801 2251 2869 ipsum
2279 2799 2445 2852 etiam
2473 2806 2559 2852 est
2585 2796 2639 2849 in
2665 2808 2772 2864 quo
2801 2793 3085 2857 deliberat,
3106 2800 3159 2846 et
3184 2805 3283 2861 per
3303 2788 3446 2857 quod

1858 2891 2038 2946 omnia
2070 2897 2345 2959 cperatur.
2378 2888 2660 2951 Quomodo
2697 2884 2862 2953 igitur
2893 2881 3186 2952 voluntate
3202 2879 3285 2933 vel
3316 2877 3451 2932 deli-

1860 2983 2136 3037 beratione
2165 2979 2343 3034 lactus
2370 2987 2453 3033 est
2481 2978 2531 3031 is
2560 2976 2612 3031 in
2644 2991 2751 3045 quo
2783 2983 2865 3029 est
2890 2972 3209 3028 deliberatio
3241 2966 3453 3024 Patris?

1860 3069 1964 3122 Aut
1991 3069 2134 3122 enim
2165 3066 2325 3120 aliam
2358 3063 2683 3134 sapientiam
2714 3061 2970 3130 elIingere
2999 3074 3221 3115 necesse
3246 3064 3362 3121 est,
3395 3058 3448 3110 in

1863 3174 1964 3226 qua
2003 3157 2311 3211 deliberans
2346 3153 2475 3209 fecit
2508 3153 2742 3216 Filium,
2780 3162 2838 3205 ut
2874 3166 2967 3206 vos
3003 3152 3183 3205 dicitis
3218 3167 3232 3204 :
3274 3160 3367 3203 aut
3401 3149 3445 3202 si

3094 2517 3315 2574 Christo
3371 2515 3455 2571 ait

194 3266 257 3327 ὼς
472 3241 643 3336 «pi—£5”,
678 3265 710 3335 ἢ
750 3267 797 3316 εί
818 3241 980 3333 ἑτέρα
1005 3262 1103 3313 οὑκ
1122 3241 1287 3325 ἐστιν,
1318 3260 1433 3312 ἀλλ’
1457 3260 1571 3313 ἐστι
1596 3260 1752 3330 μόνος

1862 3250 1963 3303 alia
1990 3247 2130 3302 nulla
2155 3254 2260 3311 est,
2279 3245 2373 3301 sed
2398 3246 2508 3314 ipse
2536 3254 2621 3300 est
2642 3244 2790 3299 solus
2815 3244 3083 3313 sapientia
3110 3241 3309 3306 Patris,
3333 3241 3459 3310 ipse
3504 3300 3529 3323 λ

195 3360 377 3430 cited;
399 3360 562 3428 σοφία
593 3355 694 3410 τοῦ
724 3354 953 3426 Πατρὸς,
984 3352 1144 3415 αὑτὸς
1171 3353 1277 3421 ἄρα
1307 3353 1421 3405 ἐστὶ
1444 3353 1537 3405 καὶ
1567 3354 1599 3423 ἡ
1632 3352 1757 3422 βού-

195 3448 345 3520 λησις.
415 3451 504 3503 Ἑν
558 3448 675 3519 γὰρ
728 3446 886 3516 σοφίᾳ
938 3445 1153 3507 πάντως
1210 3448 1271 3497 τὸ
1326 3443 1611 3513 βούλεσθαι
1662 3446 1756 3500 τοῦ

196 3542 328 3595 Θεοῦ.
357 3544 464 3597 Καὶ
498 3547 736 3612 μάταιος
786 3539 914 3607 ὑμῖν
943 3538 971 3589 6
998 3536 1172 3604 λόγος,
1221 3540 1314 3589 καὶ
1357 3537 1513 3591 κενὸν
1543 3536 1754 3607 ἐδείχθσ·

196 3634 247 3685 τὸ
270 3635 624 3705 ἐπιχείρημα.

664 3744 866 3807 ΑΛΛΟ,
901 3745 988 3809 εις
1012 3742 1076 3796 τὸ
1106 3744 1272 3797 αὐτό.

256 3881 361 3935 οὐκ
379 3882 437 3935 ὲν
461 3881 579 3943 τοῖς
614 3878 925 3948 γενομένοις
948 3880 981 3947 ἡ
1003 3874 1097 3929 τοῦ
1125 3875 1259 3930 Θεοῦ
1286 3875 1540 3946 βούλησις
1561 3877 1756 3930 οὑσιω-

201 3972 319 4043 pen;
339 3973 621 4041 φαίνεται,
656 3968 765 4022 ἀλλ’
805 3969 991 4039 ἕτερόν
1040 3967 1091 4019 τί
1124 3968 1239 4020 ἐστι
1277 3968 1424 4039 παρὰ
1458 3966 1525 4021 τὰ
1553 3967 1619 4021 δι’
1659 3969 1758 4022 αὑ-

197 4060 284 4131 τῆς
330 4061 655 4131 ποιούμενα.
702 4052 845 4123 Οἴον,
914 4055 1127 4127 θελήσει
1176 4057 1355 4127 φαμὲν
1387 4057 1638 4125 γενέσθαι
1664 4058 1758 4111 τὸν

198 4153 424 4221 οὑρανδν,
453 4154 566 4205 οὐκ
595 4150 753 4204 αὑτὸν
775 4144 912 4202 εἶναι
941 4147 1039 4219 τὴν
1069 4147 1311 4217 Θέλησιν.
1347 4147 1409 4201 El
1435 4149 1616 4203 τοίνυν
1645 4150 1760 4219 βουο

200 4242 391 4296 λεύεται
446 4243 555 4313 μὲν
598 4242 655 4293 ὲν
707 4240 866 4309 σοφίᾳ.
911 4239 1061 4302 Θεὸς,
1111 4240 1207 4292 καὶ
1259 4240 1348 4292 ὅτε
1379 4239 1470 4292 τὸν
1499 4240 1648 4305 Υἱὺν,
1684 4240 1759 4304 ὡς

202 4336 339 4402 bitat;
362 4352 527 4404 φατε.
552 4333 847 4403 ἁπογεννᾷν
891 4330 1099 4400 ἤθελεν,
1133 4330 1246 4383 ἐστι
1300 4331 1356 4384 δὲ
1385 4334 1418 4403 ἡ
1474 4333 1634 4401 σοφία
1664 4334 1756 4386 τοῦ

203 4426 396 4495 Harpe;
422 4429 451 4481 6
496 4425 649 4488 Υἱὸς,
680 4424 869 4494 ἑτέραν
921 4422 999 4491 τῷ
1032 4423 1203 4492 Πατρὶ
1250 4426 1535 4494 προσεῖναι
1566 4423 1758 4493 σοφίαν

204 4521 418 4590 ἀνάγκη,
445 4523 505 4573 ἰν
596 4514 1011 4586 βουλευσάμενος
1045 4513 1275 4566 ἀπέτεκε
1304 4514 1393 4567 τὸν
1417 4514 1565 4567 Υίόν.
1612 4516 1673 4567 Εἰ
1703 4514 1759 4568 δὲ

1858 3354 2072 3411 quoque
2106 3338 2354 3392 voluntas
2387 3334 2504 3405 ejus
2535 3344 2641 3391 est.
2668 3335 2801 3389 Nam
2838 3335 2890 3389 in
2924 3333 3189 3404 sapientia
3225 3334 3449 3389 omnino

1858 3428 2105 3484 voluntas
2130 3426 2225 3481 Dei
2255 3424 2522 3480 consistit.
2549 3422 2726 3492 Atque
2761 3423 2831 3477 ita
2863 3421 3041 3477 inanis
3066 3437 3130 3476 ac
3158 3436 3295 3475 rana
3325 3436 3459 3478 esse

1858 3530 2040 3577 vestra
2060 3519 2198 3575 ratio
2219 3516 2578 3586 lrirolumque
2603 3522 2987 3585 argumentum
3018 3514 3351 3569 ostenditur.

2374 3719 2609 3786 ALIUD,
2636 3719 2700 3772 de
2722 3718 2923 3773 eodem.

1930 3857 2191 3913 Voluntas
2220 3855 2311 3911 Dei
2345 3869 2452 3909 non
2484 3863 2567 3909 est
2600 3855 2652 3907 in
2683 3853 2880 3908 creatis
2909 3863 3186 3917 concreta,
3219 3856 3312 3907 sed
3343 3852 3462 3906 alia-

1859 3960 1942 4008 est
1973 3952 2040 4005 ab
2076 3951 2141 4005 iis
2176 3964 2296 4019 qum
2331 3962 2426 4017 per
2457 3960 2575 4002 eam
2612 3944 2752 4000 facta
2791 3954 2937 4000 sunt.
2968 3945 3209 4015 Exempli
3247 3946 3444 4013 gratia,

1859 4041 2053 4097 cadum
2094 4040 2372 4095 voluntate
2416 4038 2614 4101 factum
2660 4052 2780 4091 esse
2827 4036 3092 4102 dicimus,
3126 4051 3231 4090 non
3277 4036 3447 4105 ipsum

1860 4150 1980 4191 esse
2006 4135 2361 4190 voluntatem.
2383 4132 2439 4186 Si
2469 4145 2599 4201 ergo
2627 4130 2680 4183 in
2704 4130 2969 4198 sapientia
2997 4128 3258 4183 deliberat
3286 4128 3448 4192 Deus,

1860 4229 2021 4281 etiam
2050 4227 2263 4297 quando
2292 4226 2513 4291 Filium,
2535 4232 2591 4279 ut
2618 4239 2712 4279 vos
2742 4223 2943 4287 dicitis,
2971 4235 3231 4291 generare
3254 4222 3444 4282 voluit.

1862 4318 1967 4389 52
1995 4318 2162 4373 Filius
2188 4333 2313 4371 vero
2342 4326 2425 4372 est
2449 4316 2713 4385 sapientia
2743 4314 2921 4369 Patris
2944 4313 2992 4345 "
3023 4332 3037 4369 :
3082 4314 3449 4369 necessarium

1858 4414 2016 4482 plane
2056 4421 2141 4466 est
2181 4412 2405 4465 alteram
2450 4411 2625 4465 inesse
2665 4409 2811 4462 Patri
2853 4407 3208 4479 sapientiam,
3246 4410 3296 4461 in
3343 4424 3451 4478 qua

1861 4504 2165 4559 deliberans
2200 4505 2382 4573 genuit
2419 4503 2640 4557 Filium.
2680 4505 2751 4556 At
2791 4516 2912 4555 cum
2952 4501 3003 4555 id
3041 4500 3264 4570 impium
3304 4502 3450 4556 dictu

203 4611 341 4664 τοῦτο
375 4612 562 4678 λέγειν
588 4606 780 4669 ἀσεὸὲς
805 4608 821 4676 (
842 4599 921 4669 εἷς
951 4604 1059 4676 γὰρ
1090 4604 1217 4668 Υἱὸς
1247 4604 1341 4658 τοῦ
1376 4604 1533 4669 Θεοῦ,
1570 4607 1661 4659 καὶ
1692 4607 1752 4660 οὐ

1862 4597 1931 4651 sit
1981 4597 2143 4664 (unus
2188 4596 2329 4649 enim
2378 4604 2460 4650 est
2504 4595 2673 4650 Filius
2722 4592 2848 4657 Dei,
2882 4608 2986 4648 non
3033 4595 3172 4657 duo,
3210 4609 3332 4650 cum
3383 4593 3455 4649 sit

205 4701 303 4765 δύο,
334 4704 493 4772 σοφία
519 4700 611 4753 τοῦ
636 4698 843 4770 Πατρὸς
868 4698 1124 4767 ὑπάρχων
1148 4696 1176 4746 6
1218 4695 1310 4748 τοῦ
1341 4694 1476 4749 Θεοῦ
1506 4695 1713 4766 Λόγος)
1736 4736 1751 4761 ,

206 4790 348 4856 αὑτός
378 4793 528 4844 ἐστιν
551 4793 579 4843 6
608 4790 675 4841 δι’
704 4782 764 4840 οὑ
789 4788 1005 4840 πάντων
1051 4787 1083 4854 ἡ
1131 4784 1380 4853 βούλησις
1418 4784 1645 4852 γίνεται.

878 4898 1079 4951 ΑΛΛΟ.

271 5012 386 5066 Τῶν
409 5013 469 5067 ἑν
495 5010 671 5083 χρόνῳ
709 5009 1027 5078 γεγονότων,
1081 5009 1402 5079 προηγεῖται
1449 5005 1665 5068 πάντως
1696 5008 1756 5059 τὸ

215 5102 543 5171 βουλεύεσθαί
568 5119 620 5155 τι
642 5101 767 5170 περὶ
787 5099 981 5153 αὑτῶν.
1035 5100 1095 5152 Εἰ
1142 5100 1322 5152 τοίνυν
1385 5097 1633 5168 βουλήσει
1664 5115 1755 5167 γε-

213 5193 440 5263 γένηται,
468 5192 586 5247 καθ’
612 5193 773 5262 ὑμᾶς,
800 5193 826 5243 6
856 5190 999 5254 Υἱὸς,
1046 5188 1459 5260 προηγουμένην
1515 5188 1628 5259 ἔχει
1664 5189 1755 5240 καὶ

218 5287 362 5350 αὐτὸς
414 5288 511 5357 τὴν
561 5284 686 5353 περὶ
738 5281 897 5335 αὑτοῦ
958 5279 1239 5351 βούλησιν,
1298 5278 1486 5349 ὥσπερ
1535 5280 1630 5332 καὶ
1688 5278 1756 5332 τὰ

222 5381 501 5449 ποιήματα.
546 5378 655 5432 Καὶ
696 5376 793 5429 οὐκ
832 5371 900 5447 ἦν
944 5390 1092 5427 ποτε.
1135 5373 1245 5425 Καὶ
1284 5372 1533 5442 ψεύδεται
1580 5370 1755 5441 λέγων

231 5470 463 5542 Ἰωάννης
492 5473 618 5544 περὶ
642 5468 820 5525 αὑτοῦ·
879 5488 898 5519 ι
948 5468 1036 5521 Ἐν
1063 5467 1204 5538 ἀρχῇ
1246 5460 1311 5534 ἦν
1337 5466 1365 5517 ὁ
1407 5466 1597 5533 Λόγος.
1635 5482 1653 5514 ι
1693 5464 1756 5516 Εἰ

221 5562 319 5633 τὲιρ
341 5562 436 5615 οὑκ
460 5557 545 5633 ἦν,
565 5561 683 5615 καθ’
716 5560 875 5631 ὑμᾶς,
910 5559 1024 5623 πῶς
1053 5561 1080 5612 6
1117 5555 1509 5627 εὑαγγελιστὴς
1535 5554 1759 5625 ἀληθεύ-

228 5667 299 5705 σει
323 5650 699 5724 affligebat?)
734 5650 1055 5725 περιτιθείς;
1097 5648 1236 5703 Ἀλλ’
1257 5648 1353 5719 οὑχ
1378 5648 1524 5719 ὑμῖν,
1564 5646 1757 5718 ἐκείνῳ

1862 4688 2120 4757 sapientia
2169 4686 2345 4741 Patris
2398 4687 2488 4741 Dei
2536 4685 2823 4757 Verbum),
2860 4685 2973 4755 ipse
3020 4694 3103 4741 est
3146 4701 3242 4757 per
3290 4701 3449 4757 quem

1861 4781 2099 4834 omnium
2140 4780 2457 4835 deliberatio
2492 4779 2567 4833 lit.

2550 4890 2777 4946 ALIUD.

1934 5006 2063 5072 Qua:
2114 5006 2162 5060 in
2219 5016 2460 5076 tempore
2504 5007 2646 5062 facta
2697 5017 2855 5073 sunt,
2900 5007 3220 5062 deliberatio
3274 5008 3339 5063 de
3385 5008 3452 5063 iis

1864 5097 2120 5152 faciendis
2150 5098 2369 5152 omnino
2401 5100 2699 5168 praecessit.
2724 5099 2779 5154 Si
2811 5114 2939 5170 ergo
2964 5100 3243 5154 voluntate
3273 5098 3447 5155 factus

1864 5202 1965 5254 est,
1995 5199 2053 5244 ut
2078 5204 2173 5243 vos
2200 5190 2461 5255 statuitis,
2490 5192 2676 5256 Filius,
2702 5206 2849 5246 certe
2888 5194 3050 5247 etiam
3090 5193 3155 5245 de
3185 5208 3267 5257 eo,
3298 5202 3354 5247 ut
3382 5195 3446 5247 de

1864 5282 2157 5346 creaturis,
2202 5280 2514 5337 deliberatio
2566 5285 2921 5353 praecesserit.
2974 5285 3151 5355 Atque
3209 5285 3279 5340 ita
3342 5285 3447 5338 ali-

1866 5374 2080 5442 quando
2125 5388 2230 5428 non
2275 5382 2410 5428 erat.
2446 5373 2510 5427 Et
2554 5376 2811 5431 mentitur
2853 5375 3096 5433 Joannes
3148 5378 3336 5433 dicens
3383 5377 3452 5431 de

1866 5480 1929 5519 eo
1965 5482 1976 5517 :
2016 5482 2033 5516 ι
2074 5462 2128 5516 In
2169 5463 2434 5534 principio
2462 5475 2577 5519 erat
2607 5466 2838 5522 Verbum
2862 5470 2929 5524 ⁷⁵.
2960 5489 2980 5523 ι
3018 5468 3072 5524 Si
3105 5470 3447 5538 enim,juxta

1867 5562 2099 5609 vestram
2131 5556 2463 5625 Opinionem,
2486 5572 2592 5612 non
2622 5569 2759 5624 erat,
2785 5576 2891 5632 quo
2924 5570 3080 5631 pacto
3113 5563 3445 5634 evangelista

1867 5664 1991 5703 vcrc
2019 5646 2179 5715 dicet,
2206 5664 2327 5704 cum
2361 5648 2482 5717 hoc,
2510 5663 2645 5718 erat,
2673 5651 2721 5706 ei
2762 5653 2998 5708 tribuat?
3028 5655 3096 5710 At
3130 5671 3235 5712 non
3273 5656 3445 5721 vobis,

290 5828 329 5863 ⁷⁸
369 5829 549 5889 Jercm.
588 5850 734 5902 um,
778 5836 854 5891 l6.
935 5836 977 5866 ⁷³
1008 5832 1146 5888 Gen.
1199 5845 1235 5895 l,
1274 5828 1358 5883 ‘26.
1439 5828 1481 5860 ⁷³
1524 5826 1666 5885 Psal.
1708 5840 1752 5878 (ξι

1862 5839 1927 5890 tr,
1963 5824 2012 5877 6.
2092 5823 2138 5857 τ’*
2180 5823 2197 5878 Ι
2238 5826 2361 5881 tier.
2407 5842 2444 5892 ι,
2485 5827 2575 5881 ΕΗ.
2648 5826 2868 5883 "denu.
2904 5846 2938 5896 ι,
2972 5831 3017 5884 Ι.
