3922 6468
479 419 551 475 δέ
1458 412 1515 466 S.
1557 409 1823 466 CYlllLLl
1863 407 2334 465 ALEXANDRINI
2374 407 2693 464 ARCHIEP.
3630 404 3701 462 88

478 534 570 592 sed
596 533 699 597 illi,
727 531 943 602 opinor,
975 530 1195 586 credere
1223 543 1440 584 necesse
1470 538 1570 583 est.
1602 529 1728 582 Erat
1759 528 1940 598 igitur,
1972 536 2025 581 ιιι

2141 527 2207 590 5ὲ,
2232 522 2405 598 οἶμαι,
2434 524 2706 579 πιστεύειν
2755 524 3069 592 ἀναγκαῖον.
3097 517 3207 576 Ἦν
3250 520 3377 591 ἄρα,
3440 518 3581 572 κατὰ
3610 518 3698 571 τὸν

475 627 565 680 ille
592 624 741 687 dicit,
765 621 955 686 Filius,
988 630 1044 675 et
1069 620 1221 687 illud,
1254 636 1356 674 non
1388 629 1520 685 erat,
1553 633 1831 690 perperam
1868 620 1933 673 de
1966 632 2030 675 eo

474 716 685 770 dicitur.

1141 825 1368 880 ALIUD.

546 937 602 992 Si
638 952 699 992 ea
735 953 853 1007 quae
880 951 944 993 ex
978 936 1251 998 voluntate
1284 937 1421 991 facta
1458 947 1613 1000 sunt,
1646 945 1853 1006 tempus
1886 952 2025 1006 pra!-

472 1029 666 1092 cessit,
694 1029 746 1082 in
781 1041 886 1097 quo
917 1028 984 1083 de
1016 1028 1146 1096 ipsis
1173 1027 1522 1083 deliberatum
1556 1036 1669 1090 est,
1697 1027 1740 1081 si
1776 1027 2026 1098 exiguum

471 1118 685 1189 aliquod
720 1118 1203 1187 brevissimumque
1238 1128 1446 1188 tempus
1477 1119 1692 1183 demus,
1721 1132 1825 1180 quo
1869 1127 2024 1186 pacto

470 1210 572 1263 erit
614 1218 911 1278 temporum
956 1210 1199 1264 conditor
1239 1208 1436 1273 Filius,
1470 1209 1515 1263 si
1558 1208 1870 1263 deliberatio
1910 1208 2026 1276 ejus

468 1298 868 1367 generationem
900 1300 1212 1368 praecessit?
1241 1299 1399 1368 Atqui
1421 1307 1504 1354 est
1534 1299 1751 1355 omnino
1780 1299 2025 1354 conditor

470 1399 790 1457 temporum.
820 1388 947 1444 Erat
979 1389 1187 1457 itaque,
1216 1399 1270 1444 et
1306 1388 1439 1443 nihil
1474 1388 1586 1457 ejus
1621 1390 2020 1457 generationem

466 1477 753 1545 pmcessit.

1131 1590 1360 1646 ALlUD.

535 1704 592 1758 Si
624 1703 791 1760 Filius
816 1713 897 1760 est
922 1706 1186 1774 sapientia
1214 1705 1410 1769 Patris,
1435 1715 1493 1759 ut
1519 1720 1705 1760 revera
1729 1714 1831 1770 est,
1853 1706 2023 1773 quod-

466 1812 589 1850 nam
626 1807 833 1865 tempus
860 1805 1125 1851 atatuetur
1170 1811 1274 1866 quo
1300 1812 1402 1851 non
1428 1805 1542 1851 erat
1563 1798 1613 1851 in
1638 1812 1702 1851 eo
1726 1796 2021 1865 sapientia?

2134 615 2341 669 ἐκείνου
2398 616 2575 681 λόγον,
2626 616 2656 666 ὁ
2701 614 2846 678 Υἱὸς,
2892 613 2985 666 καὶ
3015 611 3097 679 τὸ,
3137 613 3247 664 οὐκ
3276 605 3374 679 ἦν,
3417 607 3503 660 ἐπ’
3551 605 3701 677 αὐτῷ

2139 705 2365 774 μάταιόν
2388 722 2447 757 τε
2470 704 2564 757 καὶ
2590 702 2995 773 διεψευσμένον.

2810 814 3013 868 ΑΛΛΟ.

2201 928 2264 981 Ei
2290 928 2398 981 τῶν
2425 930 2483 980 ἐν
2508 928 2759 997 βουλήσει
2788 926 3093 996 γενομένων
3130 924 3452 993 προηγεῖται
3485 920 3697 990 χρόνος.

2131 1018 2253 1071 καθ’
2286 1019 2345 1071 ὃν
2373 1021 2405 1089 ή
2434 1022 2558 1089 περὶ
2592 1018 2768 1071 αὐτῶν
2802 1016 2989 1085 σκέψις
3020 1014 3248 1083 ἐγίνετο,
3308 1013 3402 1065 καὶ
3430 1013 3479 1063 εἰ
3506 1009 3701 1081 μικρόν

2130 1128 2248 1164 τινα
2278 1113 2371 1165 καὶ
2403 1112 2684 1179 ἀκαριαῖον
2713 1110 2933 1180 δοίημεν
2964 1106 3143 1168 αὐτὸν,
3168 1105 3282 1168 πῶς
3309 1104 3460 1156 ἔσται
3489 1102 3701 1172 χρόνων

2130 1200 2403 1271 ποιητὴςὸ
2427 1200 2574 1262 Υἱὸς,
2631 1201 2679 1251 εί
2724 1198 2973 1269 βούλησις
3019 1196 3343 1266 προηγεῖται
3372 1192 3469 1259 τῆς
3502 1187 3699 1256 γεννή-

2131 1303 2267 1348 σεως
2314 1286 2507 1353 αὑτοῦ;
2546 1286 2683 1339 Ἀλλ’
2728 1286 2842 1339 ἐστι
2896 1286 3103 1354 χρόνων
3148 1282 3398 1352 ποιητής.
3425 1275 3534 1333 Ἶιν
3562 1277 3689 1347 ἄρα,

2128 1378 2221 1429 καὶ
2246 1377 2397 1431 οὐδέν
2422 1379 2535 1430 ἐστι
2567 1378 2671 1449 πρὸ
2700 1378 2796 1446 τῆς
2821 1378 3122 1447 γεννήσεως
3152 1372 3336 1440 αὐτοῦς

2809 1576 3011 1631 ΑΛΛΟ.

2194 1694 2259 1745 El
2290 1693 2448 1761 σοφία
2468 1693 2563 1746 τοῦ
2593 1692 2804 1760 Πατρός
2830 1692 2976 1743 ἐστιν
3008 1690 3035 1743 ὁ
3062 1686 3209 1751 Υἱὸς,
3234 1684 3422 1752 ὥσπερ
3456 1676 3549 1735 οὖν
3592 1676 3693 1731 καὶ

2126 1782 2263 1843 ἔστι,
2292 1784 2442 1846 ποῖός
2461 1784 2574 1835 ἐστι
2621 1783 2809 1853 χρόνος
2836 1782 2924 1833 ὅτε
2955 1778 3054 1831 οὐκ
3100 1772 3167 1848 ἦν
3212 1776 3269 1828 ὲν
3308 1772 3458 1842 αὐτῷ
3491 1768 3692 1838 σοφίας

464 1888 521 1943 Si
564 1886 742 1943 autem
788 1896 869 1943 est
910 1896 1145 1942 aeternus
1190 1888 1243 1942 in
1284 1887 1442 1942 Patre
1481 1885 1717 1958 (semper
1758 1888 1901 1942 enim
1941 1900 2022 1943 est

2141 1874 2175 1925 ει
2205 1873 2262 1925 δέ
2296 1875 2441 1926 ἐστιν
2463 1872 2627 1935 ἀΐδιος
2649 1872 2706 1921 ὲν
2743 1870 2916 1939 Harp!
2938 1867 3056 1936 (ἀεὶ
3087 1864 3195 1933 γὰρ
3219 1862 3378 1930 σοφὸς
3397 1856 3631 1958 alla-Tim
3646 1854 3692 1923 ).

463 1981 680 2049 sapiens
709 1979 921 2048 Pater),
946 1994 1053 2049 quo
1085 1989 1242 2049 pacto
1274 1978 1541 2050 prtecedet
1561 1981 1764 2049 aliquid
1797 1982 1847 2035 id
1880 1982 2019 2050 quod

462 2084 673 2139 semper
699 2070 942 2124 exsistit?
971 2072 1088 2136 Quo
1117 2078 1273 2138 pacto
1302 2070 1443 2124 inter
1472 2084 1532 2123 ea
1560 2070 1874 2125 deliberatio
1904 2086 2025 2141 pro.

462 2159 645 2223 cedet,
677 2157 867 2213 Filium
904 2158 1186 2226 aliquando
1216 2174 1319 2214 non
1353 2160 1697 2214 exsistentem
1733 2160 2021 2220 inducens.

464 2264 582 2303 cum
613 2250 678 2305 sit
706 2248 942 2304 Genitori
970 2259 1287 2315 coaeternus,
1312 2250 1562 2305 nimirum
1597 2250 1855 2319 sapientia
1873 2250 2024 2319 ejus?

1134 2362 1361 2419 ALIUD.

534 2478 591 2533 Si
623 2478 876 2550 praecedit
901 2476 1219 2534 deliberatio
1244 2476 1458 2542 Filium,
1480 2484 1535 2531 et
1561 2491 1780 2532 necesse
1806 2477 2023 2532 omnino

466 2572 539 2625 sit
569 2586 687 2625 eam
726 2571 780 2624 in
823 2580 1065 2637 tempore
1101 2567 1298 2622 factam
1336 2567 1501 2622 fuisse
1545 2586 1559 2621 :
1599 2569 1645 2622 si
1680 2571 2025 2637 quantumvis

462 2663 713 2731 exiguum
757 2675 821 2715 ac
866 2660 1030 2715 breve
1077 2669 1283 2727 tempus
1330 2660 1515 2720 detur,
1559 2674 1666 2728 quo
1718 2670 1871 2727 pacto
1922 2662 2024 2712 crit

462 2753 700 2805 omnium
725 2750 972 2806 creator?
990 2748 1096 2802 Aut
1116 2764 1221 2818 quo
1251 2760 1408 2818 pacto
1436 2750 1703 2802 credimus
1730 2748 2023 2817 Scriptura:

462 2843 657 2899 dicenti
710 2842 890 2897 omnia
922 2856 1017 2910 per
1045 2856 1167 2895 eum
1201 2839 1342 2895 facta
1385 2839 1539 2894 esse?
1577 2839 1685 2894 Aut
1715 2840 1804 2893 ubi
1845 2841 2020 2911 ipsum

464 2932 799 2999 praecesserit
827 2942 1065 3000 tempus,
1094 2932 1145 2985 in
1179 2946 1284 3001 quo
1316 2932 1380 2985 de
1413 2944 1477 2984 ea
1508 2929 1859 2985 deliberatum
1889 2930 2020 2997 iuit,

463 3038 582 3077 cum
616 3022 815 3077 nullum
845 3030 1050 3089 tempus
1078 3030 1202 3075 ante
1234 3021 1403 3089 ipsum
1436 3018 1745 3074 exstiterit?

1118 3131 1345 3188 ALIUD.

837 3246 921 3299 Ex
952 3245 1233 3314 objections
1264 3244 1642 3300 Itwreticorum.

536 3359 616 3423 Si,
644 3357 912 3426 inquiunt,
940 3356 1109 3411 Filius
1143 3355 1241 3411 Dei
1266 3355 1543 3411 voluntate
1575 3357 1749 3411 factus
1782 3370 1887 3411 non
1922 3366 2024 3422 est,

466 3450 768 3505 necessario
807 3450 970 3517 igitur
1008 3448 1168 3503 Pater
1210 3462 1313 3502 non
1355 3449 1536 3503 valens
1580 3448 1772 3503 Filium
1820 3450 2023 3505 habuit.

464 3540 597 3608 Quis
647 3547 823 3594 autem
870 3547 952 3593 est
1001 3537 1171 3605 major
1213 3538 1392 3602 Patre,
1418 3548 1475 3591 ut
1523 3539 1597 3593 illi
1651 3541 2023 3595 necessitatem

466 3631 739 3700 imponat?
762 3628 889 3696 Quae
917 3630 1058 3684 enim
1090 3638 1281 3698 prmter
1303 3629 1631 3685 voluntatem
1657 3630 1933 3694 accidunt,
1959 3647 2021 3686 ex

465 3720 783 3775 necessitate
809 3718 963 3772 fiunt.

897 3849 1001 3921 53
1020 3848 1221 3906 Salutio
1249 3852 1575 3919 objectioatis.

535 3986 901 4055 lnterrogandi
932 3994 1056 4041 sunt
1083 3985 1315 4040 vicissim
1343 3985 1545 4041 Christi
1581 3987 1783 4052 hostes,
1852 3996 2029 4056 etpcr

466 4091 528 4131 ca
570 4078 683 4146 ipsa
709 4092 827 4146 qum
862 4077 1107 4145 imperite
1151 4078 1304 4132 nobis
1355 4078 1639 4145 objiciunt,
1702 4079 1805 4133 illis
1827 4094 2022 4134 occur-

466 4170 689 4224 rendum
716 4179 817 4234 est,
842 4169 1142 4239 similisque
1167 4170 1477 4237 opponenda
1512 4170 1827 4239 propositio.
1858 4168 2027 4223 Dicite

468 4261 649 4327 itaque
669 4260 853 4313 nobis:
890 4261 1029 4314 Deus
1061 4270 1213 4315 estne
1244 4262 1433 4324 bonus,
1471 4262 1777 4315 misericors
1823 4271 1878 4315 et
1896 4276 2025 4315 san-

467 4359 586 4404 ctus
611 4364 677 4403 ex
704 4348 999 4415 voluntate,
1032 4365 1099 4402 an
1134 4361 1328 4417 prmter
1351 4351 1713 4404 voluntatem?
1776 4348 1832 4401 Si
1884 4350 2027 4403 enim

468 4454 532 4493 ex
570 4438 858 4499 voluntate,
886 4438 1131 4493 voluntas
1160 4448 1336 4494 autem
1353 4454 1564 4508 semper
1594 4439 1850 4508 prmcedit
1876 4454 1937 4493 ea
1963 4441 2029 4493 de

2128 1963 2244 2025 πῶς
2270 1962 2533 2033 ήγήσεταί
2560 1978 2612 2013 τι
2644 1960 2737 2013 τοῦ
2771 1960 2857 2011 ἀεὶ
2892 1958 3075 2020 ὃντος;
3100 1954 3223 2016 Πῶς
3255 1953 3312 2005 δὲ
3362 1953 3395 2021 ἡ
3437 1948 3696 2019 βούλησις

2125 2054 2362 2123 χωρήσει
2390 2051 2613 2123 μεταξὺ,
2640 2052 2714 2121 μή
2748 2050 2875 2102 ὄντα
2903 2047 3033 2100 ποτὲ
3054 2046 3146 2099 τὸν
3188 2043 3315 2097 Υἱδν
3339 2039 3695 2107 εἰσφέρουσα,

2124 2142 2216 2194 τὸν
2242 2139 2320 2211 τῷ
2337 2142 2652 2210 γεννήσαντι
2683 2137 2949 2191 συναῖδιον
2986 2136 3062 2199 ὼς
3100 2132 3289 2201 σοφίαν
3320 2127 3520 2192 absab;

2808 2407 3009 2461 AAAO.

2194 2524 2256 2576 Εἰ
2300 2524 2618 2593 προηγεῖται
2662 2520 2913 2591 βούλησις
2959 2517 3053 2571 τοῦ
3116 2514 3271 2581 Υἱοῦ,
3321 2514 3380 2567 ἐν
3434 2509 3610 2581 χρόνῳ
3639 2507 3697 2561 δι

2126 2615 2336 2683 ἀνάγκη
2364 2614 2463 2684 τὴν
2498 2614 2626 2681 περὶ
2655 2612 2818 2665 αὑτοῦ
2852 2607 3106 2678 γενέσθαι
3135 2607 3346 2676 σκέψιν,
3378 2604 3473 2656 καὶ
3514 2602 3562 2654 εί
3608 2618 3694 2669 μι-

2126 2708 2256 2777 κρός
2280 2723 2365 2769 τις
2414 2706 2497 2773 εἴη
2550 2704 2645 2758 καὶ
2670 2703 2791 2755 λίαν
2835 2701 3061 2771 βραχὺς,
3122 2697 3237 2760 πῶς
3280 2696 3433 2749 ἔσται
3478 2692 3698 2745 πάντων

2108 2795 2488 2867 ηποιητηςλἭ
2523 2794 2641 2857 πῶς
2687 2792 3012 2862 πιπεύομεν
3046 2792 3112 2860 τῇ
3144 2790 3367 2859 Γραφῇ,
3418 2784 3595 2837 πάντα
3627 2780 3701 2835 δι’

2125 2886 2287 2941 αὑτοῦ
2318 2884 2570 2955 γενέσθαι
2601 2882 2871 2953 λεγούσης
2908 2882 3081 2934 Ὅπου
3124 2878 3231 2947 πρὸ
3252 2874 3413 2930 αὑτοῦ
3448 2872 3703 2942 φαίνεται

2126 2978 2336 3049 χρόνος,
2366 2976 2488 3030 καθ’
2509 2976 2567 3029 ὃν
2599 2976 2632 3044 ή
2661 2973 2790 3043 περὶ
2826 2971 2993 3026 αὑτοῦ
3022 2970 3212 3038 γέγονε
3268 2966 3539 3037 βούλησις,
3564 2961 3702 3033 χρό-

2126 3086 2231 3123 νων
2250 3069 2349 3121 οὐκ
2376 3068 2543 3120 ὄντων
2571 3065 2675 3136 πρὸ
2696 3063 2857 3118 αὑτοῦ
2883 3079 2898 3125 ς

2807 3174 3016 3231 ΑΛΛΟ.

2334 3291 2429 3355 Ὡς
2464 3291 2532 3355 ἐξ
2574 3288 2927 3353 ἀντιθέσεως
2962 3286 3082 3339 τῶν
3129 3282 3456 3353 αἱρετικῶν.

2196 3381 2260 3435 Εἰ
2294 3380 2367 3452 μὴ
2400 3380 2671 3451 βουλήσει,
2727 3378 2882 3449 φησὶ,
2929 3377 3149 3445 γέγονεν
3176 3378 3204 3429 ὁ
3239 3375 3369 3437 Υἱὸς
3399 3373 3491 3427 τοῦ
3537 3372 3703 3438 θεοῦ,

2126 3470 2185 3535 ἐξ
2225 3470 2468 3537 ἀνάγκης
2499 3470 2606 3540 ἄρα
2630 3469 2726 3521 καὶ
2768 3467 2842 3536 μὴ
2876 3465 3044 3518 θέλων
3072 3463 3227 3535 ἔσχεν
3270 3462 3399 3516 Υίὸν
3429 3464 3457 3514 ὁ
3482 3461 3701 3532 Πατήρ.

2126 3559 2235 3611 Καὶ
2256 3559 2339 3620 τίς
2375 3561 2403 3611 ὁ
2455 3558 2655 3629 μείζων
2690 3555 2855 3611 αὑτοῦ
2906 3555 2999 3608 καὶ
3042 3555 3139 3625 τὴν
3188 3553 3433 3622 ἀνάγκην
3486 3552 3705 3614 ἐπιθεὶς

2127 3644 2302 3717 abab;
2334 3648 2415 3700 Τὰ
2470 3648 2578 3716 γὰρ
2619 3647 2770 3717 παρᾶ
2817 3644 3044 3716 γνώμην
3104 3644 3591 3713 ἐπισυμϐαίνοντα,
3639 3643 3707 3708 ἑξ

2127 3740 2371 3810 ἀνάγκης
2399 3739 2626 3807 γίνεται.

2600 3866 2757 3936 Πρὸς
2789 3867 2973 3921 ταῦτα
3002 3867 3203 3933 λύσις.

2210 4001 2634 4069 Ἀντερωτητέον
2664 4001 2790 4064 τοὺς
2809 4000 3229 4071 χριστομάχους,
3262 4001 3356 4054 καὶ
3385 4000 3450 4053 δι’
3473 3992 3548 4053 ὧν
3566 4002 3707 4070 ήμίν

2128 4090 2501 4161 προτείνουσιν
2536 4090 2781 4159 ἀμαθῶς,
2822 4090 2910 4143 διὰ
2929 4091 3135 4143 τούτων
3170 4092 3354 4154 αὐτοῖς
3386 4092 3709 4162 ὑπαντήσω-

2131 4199 2249 4253 μεν,
2278 4182 2377 4252 τὴν
2407 4181 2528 4251 ἴσην
2564 4182 2958 4252 ἀντεπάγοντες
2986 4183 3267 4253 πρότασιν.
3311 4184 3513 4237 Εἴπατε
3540 4184 3702 4252 ἡμῖν’

2140 4274 2365 4341 Ἀγαῦὸς
2386 4275 2811 4344 καὶοίκτίρμων,
2831 4273 3075 4345 ἐλεήμων
3100 4293 3159 4329 τε
3182 4276 3275 4329 καὶ
3300 4275 3454 4342 ἅγιος
3480 4277 3543 4328 ἐκ
3569 4274 3706 4344 βου·-

2128 4364 2332 4433 λήσεώς
2357 4366 2503 4417 ἐστιν
2527 4367 2554 4417 ὁ
2576 4364 2726 4428 Θεὸς,
2755 4365 2957 4437 ῆπαρὰ
2980 4366 3262 4438 βούλησιν;
3302 4367 3359 4420 El
3387 4369 3484 4437 μὲν
3510 4362 3605 4421 οὖν
3636 4369 3709 4420 ὲκ

2132 4454 2450 4523 βουλήσεως,
2477 4457 2509 4524 ἡ
2540 4456 2596 4508 δὲ
2626 4455 2878 4526 βούλησις
2903 4458 3192 4527 προτρέχει
3226 4459 3440 4519 πάντως
3473 4456 3707 4510 ἐκείνων

470 4530 664 4597 quibus
688 4528 778 4593 ﬁt,
812 4538 930 4583 erat
975 4529 1155 4598 itaque
1206 4540 1412 4599 tempus
1463 4530 1674 4598 quando
1730 4531 1869 4586 Deus
1917 4532 2025 4586 hmo

2141 4547 2259 4617 περὶ
2290 4540 2363 4599 ὧν
2388 4547 2728 4614 καὶγίνεται,
2750 4544 2818 4617 ἦν
2841 4548 2950 4618 ἄρα
2979 4550 3170 4619 χρόνος
3197 4550 3286 4602 ὅτε
3309 4550 3406 4602 οὐκ
3428 4545 3496 4620 ἧν
3526 4550 3711 4604 ταῦτα

471 4636 575 4674 non
612 4630 748 4685 erat,
783 4636 905 4675 cum
942 4622 1191 4676 nimirum
1215 4623 1384 4676 adhuc
1408 4622 1472 4676 de
1497 4622 1563 4675 iis
1591 4621 1939 4677 deliberabat.
1971 4624 2025 4677 Si

472 4726 600 4766 vero
631 4719 826 4782 pra-ter
851 4711 1178 4767 voluntatem
1208 4724 1360 4766 suam
1391 4711 1564 4767 bonus
1595 4721 1679 4767 est
1731 4722 1783 4767 et
1817 4714 2028 4768 miseri—

471 4816 615 4865 cors,
643 4817 770 4871 ergo
797 4803 1119 4857 necessitate
1151 4803 1380 4871 quadam
1406 4804 1456 4856 id
1496 4814 1597 4857 est.
1635 4802 1766 4869 Quis
1793 4819 1918 4859 vero
1945 4815 2030 4860 est

472 4891 564 4959 qui
616 4893 664 4946 ei
714 4893 1086 4947 necessitatem
1143 4900 1235 4944 aut
1280 4893 1385 4946 vim
1446 4892 1657 4959 inierat,
1692 4904 1748 4948 ιιι
1775 4911 1867 4950 vos
1928 4896 2029 4965 ipsi

474 4982 792 5050 loquimini?
841 4982 1059 5037 Constat
1114 4983 1275 5052 igitur
1321 4985 1737 5052 propositionem
1794 4998 2028 5044 vestram

474 5074 755 5129 dementiae
782 5073 992 5143 plenam
1019 5088 1159 5141 esse,
1186 5074 1424 5144 nihilque
1442 5075 1564 5130 boni
1603 5077 1821 5133 inferre.

820 5205 1046 5273 ALIUD,
1081 5208 1149 5261 ad
1172 5224 1243 5262 ret
1275 5206 1694 5277 explicationem.

543 5319 598 5374 ln
630 5320 788 5376 rebus
813 5320 1145 5376 naturalibus
1198 5335 1300 5374 non
1364 5320 1620 5390 praecedit
1665 5322 1980 5379 deliberatio
2012 5340 2028 5376 :

476 5412 877 5466 versaturenim
911 5421 1115 5467 tantum
1146 5413 1285 5467 circa
1314 5427 1373 5466 ea
1404 5429 1525 5484 qua:
1577 5425 1703 5469 sunt
1759 5427 1908 5468 extra
1936 5422 2029 5470 dc-

479 5498 759 5555 libcrantis
782 5501 1092 5556 essentiam.
1125 5502 1368 5571 Exempli
1403 5503 1574 5570 gratia
1604 5519 1621 5559 :
1682 5502 1895 5559 Plantat
1934 5508 2033 5560 ali-

478 5592 601 5658 quis
626 5591 810 5659 vitem,
841 5603 931 5647 aut
969 5594 1143 5647 navim
1178 5595 1427 5658 aedificat,
1456 5594 1605 5662 prius
1636 5596 1701 5648 de
1742 5596 1806 5650 iis
1828 5596 2031 5652 delibe-

482 5696 639 5732 r::us:
677 5680 910 5751 gignitur
932 5692 1107 5737 autem
1140 5683 1452 5737 naturaliter
1483 5696 1545 5735 cx
1574 5683 1787 5737 homine
1832 5687 2029 5754 proles,

485 5768 627 5823 nulla
666 5772 997 5838 prurccdentc
1024 5772 1425 5827 deliberatione.
1460 5770 1515 5824 Si
1545 5770 1664 5837 quis
1695 5771 1856 5839 igitur
1912 5773 2027 5828 for-

2130 4637 2280 4701 Θεὸς,
2298 4636 2483 4708 ἕτιτὴν
2496 4638 2624 4708 περὶ
2638 4638 2817 4691 αὐτῶν
2833 4639 3023 4708 σκέψιν
3038 4640 3192 4693 ποιού
3201 4658 3378 4710 μενος.
3395 4640 3457 4693 El
3468 4640 3523 4693 δὲ
3536 4640 3709 4694 ἁϐου-

2130 4726 2304 4795 λήτως
2337 4726 2538 4793 ἀγαθός
2575 4728 2693 4779 ἐστι
2723 4728 2816 4780 καὶ
2867 4727 3110 4798 ἐλεήμων
3144 4727 3293 4798 παρὰ
3322 4728 3567 4799 γνώμην,
3590 4729 3708 4799 ἄρα

2129 4817 2285 4870 τοῦτό
2320 4820 2434 4870 ἐστι
2497 4819 2591 4870 καὶ
2622 4818 2683 4883 ἐξ
2731 4818 2997 4889 ἀνάγκης.
3058 4820 3167 4873 Καὶ
3201 4820 3281 4882 τίς
3326 4822 3471 4871 ἐστιν
3523 4819 3551 4871 ὁ
3602 4819 3708 4888 τὴν

2130 4909 2373 4978 ἀνάγκην
2410 4908 2614 4971 ἐπιθεὶς
2642 4909 2810 4978 αὐτῷ,
2869 4909 2989 4962 καθ’
3012 4910 3192 4979 ὑμῶν;
3222 4910 3496 4963 Δέδεικται
3520 4909 3709 4962 τοίνυν

2135 5000 2339 5069 μωρίας
2361 5001 2661 5068 ἀνάμεστος
2692 5002 2725 5069 ἡ
2752 5000 2881 5070 παρ’
2900 5001 3042 5071 ὑμᾶς
3074 5002 3353 5071 πρότασις,
3376 5001 3470 5055 καὶ
3497 5000 3709 5069 ἀγαθὸν

2131 5090 2278 5143 οὐδὲν
2309 5090 2636 5162 εἰσφέρουσα
2673 5092 2869 5163 νόημα.
2958 5149 2961 5152 ς

2566 5218 2768 5282 ΑΛΛΟ,
2800 5218 3253 5288 διηγηματικῶς.

2215 5332 2335 5384 Ἐπὶ
2387 5332 2495 5384 τῶν
2543 5332 2683 5385 κατὰ
2745 5330 2905 5399 φύσιν
2943 5333 3004 5386 οὺ
3063 5334 3382 5403 προηγεῖται
3422 5332 3705 5405 βούλησις,

2134 5426 2302 5493 χωρεῖ
2329 5424 2392 5476 δὲ
2428 5423 2585 5492 μόνον
2632 5424 2724 5477 ἐπὶ
2776 5423 2885 5477 τῶν
2950 5424 3147 5489 ἔξωοεν
3178 5425 3279 5494 τῆς
3312 5426 3497 5489 οὐσίας
3531 5428 3707 5483 ὕντων

2132 5513 2226 5566 τοῦ
2275 5514 2677 5584 βουλευομένου.
2704 5509 2827 5569 Οἶον
2869 5517 2998 5586 φέρε
3026 5518 3219 5569 εἰπεῖν’
3261 5517 3581 5587 Ἀμπελῶνά
3616 5537 3706 5584 τις

2135 5603 2430 5675 φυτεύει,ἣ
2472 5608 2827 5675 ναυπηγεῖται
2857 5608 3083 5675 σκάφος,
3105 5606 3530 5676 βουλευσάμενος
3559 5611 3701 5679 πρό-

2134 5712 2290 5764 τερον
2322 5688 2447 5765 περὶ
2472 5694 2673 5747 αὐτῶψ
2730 5694 2971 5748 τίκτεται
3031 5696 3087 5748 δὲ
3151 5696 3291 5748 κατὰ
3350 5696 3513 5764 φύσιν
3544 5698 3607 5749 τὸ
3641 5698 3703 5765 ἐξ

2135 5782 2425 5849 ἀνθρώπου
2462 5781 2688 5845 παιδίον,
2709 5784 2961 5851 οὐδεμιᾶς
2982 5784 3335 5852 ήγησαμένης
3366 5784 3698 5853 βουλήσεως.
