3922 6468
484 421 556 476 δέ
1463 414 1520 468 S.
1561 411 1828 468 CYlllLLl
1868 410 2339 467 ALEXANDBINI
2379 410 2699 467 ARCHIEP.
3636 407 3715 465 88

483 536 575 593 sed
600 535 705 599 illi,
732 532 947 603 opinor,
980 531 1200 587 credere
1228 545 1444 585 necesse
1474 540 1575 585 est.
1606 531 1733 584 Erat
1764 530 1945 600 igitur,
1977 538 2028 583 ut

2142 529 2212 593 δὲ,
2237 526 2410 600 οἶμαι,
2440 527 2711 582 πιστεύειν
2760 527 3073 595 ἀναγκαῖον.
3102 520 3211 579 Ἦν
3255 524 3382 593 ἄρα,
3443 520 3585 575 κατὰ
3615 521 3711 573 τὸν

479 628 570 682 ille
597 626 745 689 dicit,
771 623 959 688 Filius,
993 631 1049 677 et
1074 623 1226 689 illud,
1258 639 1360 676 non
1392 631 1525 688 erat,
1558 635 1836 692 perperam
1873 622 1938 676 de
1970 635 2035 677 eo

478 718 690 772 dicitur.

1145 827 1373 882 ALIUD.

550 938 607 994 Si
643 954 704 994 ea
739 955 857 1009 quae
884 953 949 994 ex
982 939 1256 1000 voluntate
1288 939 1426 993 facta
1462 949 1617 1003 sunt,
1650 947 1858 1009 tempus
1892 955 2030 1009 prae-

477 1031 671 1094 cessit,
698 1031 750 1084 in
786 1043 891 1099 quo
921 1030 988 1086 de
1021 1029 1151 1099 ipsis
1178 1030 1527 1086 deliberatum
1560 1038 1673 1092 est,
1701 1030 1744 1083 si
1780 1030 2031 1100 exiguum

476 1120 689 1190 aliquod
724 1120 1208 1189 brevissimumque
1243 1130 1451 1190 tempus
1481 1122 1696 1185 demus,
1725 1134 1829 1183 quo
1873 1129 2029 1188 pacto

474 1212 577 1265 erit
618 1220 916 1280 tempnmm
960 1212 1204 1267 conditor
1244 1210 1440 1275 Filius,
1474 1211 1519 1266 si
1562 1210 1874 1265 deliberatio
1914 1211 2030 1279 ejus

472 1300 872 1369 generationem
904 1302 1217 1370 praecessit?
1246 1301 1403 1370 Atqui
1425 1310 1508 1356 est
1538 1301 1755 1357 omnino
1785 1302 2030 1357 conditor

475 1400 795 1458 temporum.
824 1390 951 1445 Erat
984 1391 1191 1459 itaque,
1220 1401 1275 1446 et
1311 1391 1443 1445 nihil
1478 1390 1590 1458 ejus
1625 1393 2025 1459 generationem

470 1479 757 1547 pmcessit.

1136 1592 1364 1648 ALIUD.

539 1706 597 1759 Si
628 1705 795 1762 Filius
820 1713 901 1762 est
926 1707 1190 1776 sapientia
1218 1707 1415 1771 Patris,
1438 1716 1498 1762 ut
1523 1722 1710 1762 revera
1734 1716 1835 1772 est,
1858 1708 2027 1776 quod-

469 1814 593 1852 nam
630 1808 837 1867 tempus
864 1807 1129 1852 statuetur
1173 1813 1278 1868 quo
1304 1814 1406 1853 non
1432 1808 1546 1853 erat
1568 1800 1618 1853 in
1642 1814 1706 1853 eo
1730 1798 2025 1867 sapientia?

2139 618 2347 671 ὲκείνου
2404 619 2580 684 λόγον,
2631 619 2661 669 6
2706 618 2851 681 Υἱὸς,
2897 616 2989 669 xui.
3020 614 3102 682 τὸ,
3142 616 3251 667 οὐκ
3280 608 3378 683 ἦν,
3422 610 3506 664 ἐπ’
3555 609 3714 681 αὐτῷ

2143 708 2370 777 μάταιόν
2392 724 2452 760 τε
2475 707 2569 760 καὶ
2594 705 2999 777 διεψευσμένον.

2815 817 3019 871 ΑΛΛΟ.

2110 940 2115 941 “
2206 931 2269 984 Εί
2295 930 2402 984 τῶν
2430 932 2487 983 ἑν
2513 931 2763 1000 βουλήσει
2792 929 3097 998 γενομένων
3135 928 3456 996 προηγεῖται
3488 924 3707 993 χρόνος.

2136 1020 2257 1075 καθ’
2291 1021 2349 1074 δν
2377 1024 2409 1092 ή
2438 1025 2563 1091 περὶ
2597 1021 2772 1074 αὐτῶν
2806 1020 2994 1088 σκέψις
3024 1018 3252 1086 ὲγίνετο,
3312 1016 3406 1069 καὶ
3433 1016 3482 1067 εἰ
3508 1013 3711 1083 μικρὸν

2135 1130 2253 1166 τινα
2283 1116 2376 1167 καὶ
2408 1115 2688 1182 ἀκαριαῖον
2718 1113 2937 1183 δοίημεν
2969 1110 3148 1171 αὑτὸν,
3172 1108 3286 1171 πῶς
3312 1107 3464 1159 ἔσται
3492 1104 3711 1175 χρόνων

2135 1202 2361 1273 ποιητὴς
2379 1203 2408 1253 ὁ
2432 1202 2578 1265 Υἱὸς.
2636 1204 2684 1253 εἰ
2728 1201 2978 1272 βούλησις
3023 1200 3348 1269 προηγεῖται
3376 1196 3473 1263 τῆς
3506 1190 3707 1259 γεννή-

2135 1306 2272 1351 σεως
2319 1290 2512 1356 αὐτοῦ;
2550 1289 2688 1342 Ἀλλ’
2733 1288 2846 1342 ἐστι
2900 1289 3107 1357 χρόνων
3152 1285 3402 1355 ποιητής.
3429 1278 3538 1335 Ἦν
3566 1280 3695 1349 ἄρα.

2133 1380 2225 1431 καὶ
2250 1380 2401 1434 οὐδέν
2426 1382 2539 1433 ἐστι
2572 1380 2676 1451 πρὸ
2704 1381 2800 1449 τῆς
2824 1381 3127 1450 γεννήσεως
3156 1375 3341 1443 αὐτοῦς

2813 1580 3015 1634 ΑΛΛΟ.

2199 1696 2263 1748 Εἰ
2295 1696 2453 1763 σοφία
2473 1696 2567 1749 τοῦ
2598 1694 2808 1763 Πατρός
2834 1695 2981 1746 ἐστιν
3012 1694 3040 1747 6
3066 1690 3213 1756 Υἱὸς,
3238 1688 3427 1756 ὥσπερ
3459 1679 3553 1738 οὖν
3598 1680 3699 1735 καὶ

2131 1784 2267 1845 ἔστι.
2297 1786 2446 1848 ποῖός
2465 1787 2578 1838 ἐστι
2624 1786 2815 1855 χρόνος
2840 1784 2928 1836 ὅτε
2959 1781 3059 1834 οὐκ
3104 1775 3171 1851 ἦν
3216 1779 3272 1832 ὲν
3311 1775 3462 1846 αὐτῷ
3495 1771 3697 1841 σοφίας

468 1889 525 1944 Si
569 1887 746 1945 autem
793 1898 873 1945 est
914 1898 1149 1944 aeternus
1195 1890 1247 1944 in
1288 1889 1446 1944 Patre
1485 1888 1721 1959 (semper
1762 1890 1906 1944 enim
1945 1902 2027 1945 est

2142 1877 2180 1927 εί
2209 1875 2266 1927 δέ
2300 1878 2445 1929 ἐστιν
2468 1875 2631 1937 ἀΐδιος
2654 1875 2710 1925 ἐν
2748 1873 2920 1941 [Iac-pi.
2942 1870 3060 1939 (est
3091 1867 3198 1936 γὰρ
3224 1866 3387 1959 00990;-
3400 1866 3428 1916 ὁ
3653 1857 3697 1926 )-

467 1982 684 2050 sapiens
712 1980 926 2049 Pater),
950 1997 1056 2051 quo
1089 1990 1246 2051 pacto
1278 1981 1545 2052 prmcedet
1565 1983 1767 2051 aliquid
1800 1983 1851 2037 id
1884 1984 2024 2053 quod

466 2085 678 2140 semper
703 2071 947 2126 exsistit?
975 2073 1092 2138 Quo
1121 2080 1278 2140 pacto
1307 2072 1447 2126 inter
1476 2085 1536 2126 ea
1564 2072 1878 2128 deliberatio
1908 2089 2029 2143 pro—

466 2160 649 2225 cedet,
681 2159 871 2214 Filium
908 2160 1190 2228 aliquando
1221 2176 1323 2216 non
1357 2161 1701 2215 exsistentem
1737 2162 2025 2222 inducens.

468 2265 587 2304 cum
617 2251 682 2307 sit
710 2249 946 2306 Genitori
974 2261 1292 2316 coaeternus,
1314 2252 1566 2307 nimirum
1601 2252 1860 2321 sapientia
1877 2254 2028 2321 ejus?

1138 2364 1364 2421 ALIUD.

538 2479 595 2535 Si
627 2480 880 2551 praecedit
906 2478 1223 2535 deliberatio
1248 2478 1462 2543 Filium,
1484 2486 1538 2533 et
1564 2492 1784 2533 necesse
1810 2479 2026 2534 onmiuo

470 2574 543 2626 sit
573 2587 691 2626 eam
730 2573 783 2625 in
827 2582 1068 2638 tempore
1105 2568 1302 2624 factam
1340 2569 1504 2624 fuisse
1548 2587 1562 2623 :
1603 2570 1649 2625 si
1684 2574 2029 2638 quantumvis

466 2664 717 2731 exiguum
762 2676 825 2716 at:
869 2662 1034 2717 breve
1080 2670 1286 2729 tempus
1333 2662 1518 2722 detur,
1563 2675 1670 2730 quo
1721 2671 1875 2728 pacto
1926 2665 2029 2714 erit

465 2754 703 2807 omnium
728 2750 1099 2807 creatoriAut
1120 2766 1224 2819 quo
1255 2762 1412 2820 pacto
1440 2752 1707 2804 credimus
1734 2750 2027 2819 Scriptura:

465 2845 660 2899 dicenti
714 2843 894 2898 omnia
926 2857 1020 2911 per
1048 2858 1171 2896 eum
1204 2841 1346 2896 facta
1388 2841 1543 2896 esse?
1580 2841 1689 2895 Aut
1718 2842 1807 2896 ubi
1849 2843 2024 2913 ipsum

467 2934 801 3000 praecesserit
830 2943 1068 3001 tempus,
1097 2933 1149 2986 iu
1182 2948 1287 3002 quo
1319 2934 1383 2988 de
1416 2946 1480 2986 eo
1512 2931 1863 2987 deliberatum
1893 2932 2023 2999 iuit,

466 3039 585 3078 cum
618 3023 818 3078 nullum
848 3031 1053 3091 tempus
1082 3031 1206 3076 ante
1237 3023 1407 3090 ipsum
1440 3020 1748 3076 exsﬁterit?

1121 3132 1349 3189 ALIUD.

840 3247 925 3301 Ea:
955 3246 1237 3315 objectioue
1268 3246 1646 3301 hereticorum.

540 3360 619 3423 Si,
647 3359 915 3427 inquiunt,
944 3357 1113 3412 Filius
1146 3356 1244 3411 Dei
1269 3357 1546 3413 voluntate
1578 3358 1752 3413 factus
1786 3372 1891 3413 non
1926 3368 2027 3424 est,

469 3450 770 3506 necessario
809 3450 973 3519 igitur
1011 3449 1171 3503 Pater
1213 3463 1316 3502 non
1358 3450 1540 3503 volens
1583 3449 1775 3505 Filium
1823 3452 2026 3507 habuit.

467 3541 600 3608 Quis
650 3548 825 3594 autem
873 3548 954 3594 est
1004 3538 1174 3606 major
1216 3538 1395 3602 Patre,
1421 3549 1478 3593 ut
1526 3540 1600 3594 illi
1654 3542 2027 3597 necessitatem

469 3632 742 3701 imponat?
765 3629 892 3697 Quae
920 3630 1061 3685 enim
1093 3639 1285 3699 praeter
1306 3630 1635 3686 voluntatem
1661 3631 1936 3695 accidunt,
1962 3648 2025 3688 ex

468 3720 785 3775 necessitate
812 3718 967 3773 lium.

900 3850 1004 3922 53
1023 3849 1224 3907 Salutio
1252 3853 1579 3921 objectionia.

538 3986 904 4056 interrogandi
934 3995 1059 4041 sunt
1086 3987 1318 4042 vicissim
1346 3986 1548 4042 Christi
1584 3988 1787 4054 hostes,
1855 3998 2032 4058 etper

469 4091 531 4131 ca
573 4079 685 4147 ipsa
712 4094 830 4147 qua:
865 4078 1110 4146 imperite
1155 4080 1307 4134 nobis
1359 4080 1641 4147 objiciunt,
1706 4081 1808 4135 illis
1830 4096 2025 4135 occur-

469 4170 692 4225 rendum
719 4180 820 4235 est,
845 4170 1145 4241 similisque
1170 4171 1481 4239 opponenda
1514 4172 1830 4241 propositio.
1860 4170 2029 4225 Dicite

471 4262 652 4328 itaque
673 4261 855 4315 nobis:
893 4263 1031 4315 Deus
1063 4272 1215 4316 estne
1246 4263 1437 4325 bonus,
1474 4263 1780 4316 misericors
1826 4272 1881 4317 et
1899 4277 2028 4316 san-

470 4360 590 4405 ctus
614 4365 680 4404 ex
707 4350 1001 4417 voluntate,
1035 4367 1102 4404 an
1136 4362 1331 4418 prmter
1354 4352 1716 4405 voluntatem?
1779 4350 1834 4403 Si
1887 4352 2029 4404 enim

472 4454 535 4493 ex
574 4439 861 4501 voluntate,
888 4438 1133 4494 voluntas
1162 4449 1339 4495 autem
1356 4455 1567 4509 semper
1597 4442 1852 4509 prmcedit
1879 4456 1939 4495 ea
1965 4442 2032 4495 de

473 4531 667 4598 quibus
691 4530 780 4595 lit,
814 4539 933 4584 erat
978 4530 1157 4600 itaque
1208 4541 1415 4600 tempus
1466 4532 1677 4600 quando
1733 4533 1871 4588 Deus
1920 4533 2032 4588 hac
2066 4528 2109 4582 Ι)

474 4636 579 4675 non
615 4631 751 4685 erat,
786 4637 907 4676 cum
945 4624 1194 4677 nimirum
1218 4624 1387 4678 adhuc
1410 4624 1475 4678 de
1500 4624 1566 4678 iis
1593 4623 1941 4679 deliberabat.
1973 4625 2027 4678 Si

474 4726 603 4767 vero
634 4721 828 4783 praeter
854 4712 1181 4768 voluntatem
1211 4726 1362 4768 suam
1393 4714 1566 4769 bonus
1597 4722 1681 4769 est
1733 4723 1785 4768 et
1820 4716 2031 4769 miseri-

474 4817 617 4866 cors,
646 4818 773 4872 ergo
800 4803 1122 4858 necessitate
1153 4804 1383 4872 quadam
1408 4806 1459 4859 id
1498 4815 1600 4859 est.
1637 4804 1769 4871 Quis
1796 4821 1921 4860 vero
1947 4817 2032 4861 est

474 4892 566 4960 qui
618 4894 666 4947 ei
717 4893 1089 4948 necessitatem
1145 4901 1238 4946 aut
1283 4894 1388 4947 vim
1448 4895 1658 4961 inierat,
1694 4907 1751 4950 ut
1777 4913 1869 4953 vos
1930 4898 2032 4966 ipsi

477 4983 794 5051 loquimini?
844 4982 1062 5037 Constat
1116 4984 1278 5053 igitur
1324 4987 1739 5054 propositionem
1796 5000 2030 5045 vestram

477 5076 757 5130 dementiae
784 5074 994 5145 plenam
1021 5089 1162 5142 esse,
1190 5076 1427 5146 nihilque
1445 5077 1567 5131 boni
1606 5078 1824 5134 inferre.

822 5206 1048 5275 ALIUD,
1084 5210 1151 5263 ad
1174 5225 1246 5264 ret
1277 5208 1696 5279 explicationem.

544 5321 600 5376 in
631 5321 791 5376 rebus
815 5322 1148 5378 naturalibus
1201 5337 1303 5376 non
1367 5322 1621 5392 praecedit
1666 5324 2030 5381 deliberatio:

477 5414 879 5467 versaturenim
912 5422 1117 5468 tantum
1148 5415 1288 5469 circa
1316 5429 1375 5468 ea
1406 5431 1527 5486 qum
1579 5427 1706 5470 sunt
1761 5428 1909 5470 extra
1938 5423 2031 5472 dc-

480 5500 760 5556 liherantis
784 5503 1094 5557 essentiam.
1126 5503 1371 5573 Exempli
1405 5504 1576 5573 gratia
1606 5520 1623 5561 :
1684 5504 1897 5561 Plantat
1935 5510 2035 5562 ali-

479 5593 603 5658 quis
627 5593 812 5659 vitem,
842 5604 933 5647 aut
971 5595 1145 5649 navim
1180 5597 1429 5660 aediﬁcat,
1459 5595 1607 5664 prius
1638 5597 1703 5650 de
1743 5598 1808 5652 iis
1830 5597 2032 5653 delibe-

483 5696 641 5733 r::us:
679 5682 912 5751 gignitur
933 5694 1109 5739 autem
1142 5685 1453 5739 naturaliter
1485 5698 1547 5737 ex
1576 5684 1789 5738 homine
1834 5688 2031 5755 proles,

487 5768 628 5823 nulla
668 5773 999 5839 pra'ccdente
1026 5774 1427 5829 deliberatione.
1461 5772 1517 5826 Si
1547 5772 1665 5839 quis
1698 5772 1858 5841 igitur
1914 5774 2029 5830 for-

2132 1966 2249 2028 πῶς
2274 1965 2538 2036 ήγήσεταί
2564 1981 2617 2016 τι
2649 1963 2741 2016 τοῦ
2775 1962 2861 2015 ἀεὶ
2896 1961 3079 2023 lit/10;;
3104 1957 3227 2019 Πῶς
3259 1956 3316 2008 δὲ
3366 1955 3399 2023 ἡ
3441 1951 3701 2021 βούλησις

2129 2057 2367 2126 χωρήσει
2393 2055 2617 2125 μεταξὺ,
2644 2054 2718 2124 μὴ
2752 2053 2878 2105 ὄντα
2907 2050 3037 2103 ποτε
3058 2049 3149 2101 τὸν
3192 2046 3319 2099 Υἱδν
3343 2042 3699 2110 εἰσφέρουσα,

2128 2144 2220 2197 τὸν
2246 2142 2324 2213 τῷ
2341 2144 2656 2213 γεννήσαντι
2686 2139 2952 2193 συναῒδιον
2989 2139 3065 2201 ὼς
3104 2135 3293 2204 σοφίαν
3323 2130 3523 2195 uino-3;

2812 2410 3012 2464 ΛΛΔΟ.

2198 2526 2261 2578 Εἰ
2304 2526 2622 2595 προηγεῖται
2665 2522 2916 2594 βούλησις
2962 2519 3056 2573 τοῦ
3120 2517 3275 2583 Υἱοῦ,
3324 2518 3383 2570 ὲν
3437 2512 3613 2585 χρόνῳ
3643 2511 3702 2565 δι

2130 2617 2340 2685 ἀνάγκη
2368 2616 2466 2686 τὴν
2501 2616 2629 2684 περὶ
2658 2614 2822 2668 αὑτοῦ
2856 2610 3109 2681 γενέσθαι
3139 2610 3349 2679 σκέψιν,
3381 2607 3476 2659 καὶ
3517 2606 3566 2657 εἰ
3610 2621 3699 2673 μι-

2130 2711 2259 2779 κρός
2284 2725 2369 2771 τις
2418 2708 2500 2776 εἴη
2554 2707 2647 2760 καὶ
2673 2706 2795 2758 λίαν
2838 2704 3065 2774 βραχὺς,
3125 2699 3241 2763 πῶς
3283 2699 3435 2752 ἔσται
3481 2695 3703 2748 πάντων

2128 2798 2492 2869 mmet;ng
2527 2796 2643 2859 πῶς
2690 2795 3015 2864 πιπεύομεν
3050 2795 3115 2864 τῇ
3148 2792 3369 2863 Γραφῇ,
3420 2787 3598 2840 πάντα
3629 2783 3704 2838 δι’

2128 2888 2291 2943 αὑτοῦ
2322 2887 2573 2957 γενέσθαι
2604 2884 2875 2955 λεγούσης
2911 2884 3083 2937 Ὅπου
3128 2881 3234 2950 πρὸ
3255 2877 3416 2932 αὑτοῦ
3451 2876 3706 2945 φαίνεται

2130 2980 2339 3051 χρόνος,
2370 2978 2492 3032 καθ’
2512 2978 2570 3030 ὃν
2602 2978 2635 3046 ή
2664 2976 2794 3045 περὶ
2830 2973 2996 3028 αὑτοῦ
3025 2974 3215 3040 γέγονε
3271 2968 3542 3040 βούλησις,
3567 2964 3704 3036 χρό-

2130 3088 2235 3125 νων
2254 3071 2352 3123 οὑκ
2379 3070 2546 3122 ὄντων
2575 3068 2678 3139 πρὸ
2699 3065 2861 3120 αὐτοῦ
2886 3081 2901 3128 ;

2810 3176 3019 3233 ΑΛΛΟ.

2338 3292 2433 3357 Ὠς
2467 3293 2535 3357 ἐξ
2578 3291 2930 3356 ἀντιθέσεως
2966 3288 3085 3343 τῶν
3132 3286 3459 3355 αἰρετικῶν.

2199 3382 2263 3437 Εἰ
2298 3382 2371 3454 μὴ
2404 3383 2675 3453 βουλήσει,
2730 3382 2885 3451 φησὶ,
2932 3380 3152 3448 γέγονεν
3179 3382 3207 3432 6
3242 3378 3372 3440 Υἱὸς
3402 3376 3494 3430 τοῦ
3540 3374 3704 3441 Θεοῦ,

2130 3471 2189 3537 ἐξ
2228 3472 2471 3539 ἀνάγκης
2503 3472 2610 3542 ἄρα
2633 3472 2729 3523 καὶ
2771 3469 2845 3539 μὴ
2879 3468 3047 3521 Θέλων
3074 3466 3231 3537 ἔσχεν
3274 3465 3401 3519 Υίὸν
3432 3467 3459 3517 6
3485 3464 3701 3535 Πατήρ.

2130 3561 2238 3613 Καὶ
2259 3562 2343 3622 τίς
2378 3564 2406 3613 6
2459 3560 2658 3631 μείζων
2693 3558 2858 3612 αὑτοῦ
2909 3559 3001 3611 καὶ
3045 3558 3142 3627 τὴν
3190 3556 3436 3625 ἀνάγκην
3490 3555 3706 3617 ἐπιθεὶς

2130 3646 2306 3718 αὑτῷ;
2338 3649 2418 3702 Τά
2474 3650 2581 3719 γὰρ
2623 3649 2773 3719 παρά
2821 3647 3047 3718 γνώμην
3106 3647 3592 3716 ὲπισυμόαίνοντα,
3640 3646 3708 3711 ἐξ

2131 3742 2375 3812 ἀνάγκης
2402 3741 2629 3809 γίνεται.

2602 3868 2760 3938 Πρὸς
2792 3869 2975 3923 ταῦτα
3004 3870 3205 3935 λύσις.

2213 4002 2637 4071 Ἀντερωτητὲον
2667 4003 2793 4065 τοὺς
2812 4002 3231 4073 χριστομάχους,
3264 4004 3358 4056 καὶ
3388 4003 3453 4056 δι’
3476 3995 3550 4056 ὧν
3570 4004 3706 4073 ήμῖν

2131 4092 2505 4162 προτείνουσιν
2538 4092 2785 4161 ἀμαθῶς,
2826 4092 2913 4145 διὰ
2933 4094 3137 4146 τούτων
3174 4095 3357 4157 αὐτοῖς
3389 4094 3707 4164 ὐπαντήσω·

2134 4201 2251 4254 μεν,
2281 4183 2379 4253 τὴν
2410 4182 2531 4253 ἴσην
2568 4184 2962 4253 ἀντεπάγοντες
2988 4184 3270 4255 πρότασιν.
3314 4183 3515 4239 Εἴπατε
3543 4187 3700 4255 ήμῖνο

2144 4276 2367 4343 Ἀγαθὸς
2388 4277 2481 4328 καὶ
2495 4277 2814 4346 οἰκτίρμων,
2834 4275 3078 4346 ἐλεήμων
3103 4294 3161 4330 τε
3185 4278 3277 4330 καὶ
3302 4277 3456 4345 ἅγιος
3482 4279 3547 4330 ἐκ
3572 4276 3704 4346 βου-

2131 4366 2335 4435 λήσεως
2360 4368 2505 4419 ἐστιν
2530 4368 2557 4419 6
2579 4366 2729 4430 Θεὸς,
2758 4367 2959 4439 ἤπαρά
2983 4368 3264 4440 βούλησιν;
3304 4369 3361 4421 El
3390 4370 3487 4439 μὲν
3512 4364 3606 4422 οὖν
3637 4370 3707 4422 ὲκ

2136 4456 2453 4525 βουλήσεως,
2480 4459 2513 4526 ἡ
2542 4457 2599 4510 δὲ
2629 4457 2881 4527 βούλησις
2906 4460 3195 4529 προτρέχει
3228 4461 3443 4521 πάντως
3476 4459 3705 4511 ἐκείνων

2136 4549 2262 4618 ’περὶ⁸
2293 4542 2366 4601 ὧν
2391 4550 2731 4615 καὶγίνεται,
2753 4546 2820 4619 ἦν
2844 4550 2953 4620 ἄρα
2982 4551 3173 4621 χρόνος
3200 4551 3288 4605 ὅτε
3311 4552 3409 4604 οὐκ
3431 4547 3499 4622 ἦν
3529 4552 3708 4606 ταῦτα

2132 4638 2283 4702 Θεὸς,
2301 4638 2487 4709 ἓτιτὴν
2498 4640 2626 4710 περὶ
2641 4639 2819 4693 αὐτῶν
2836 4641 3025 4709 σκέψιν
3041 4642 3194 4695 ποιού
3203 4660 3381 4712 μενος.
3398 4644 3460 4695 Ei
3471 4643 3525 4696 δὲ
3540 4642 3707 4696 ἁϐου-

2132 4728 2307 4797 λήτω;
2340 4727 2541 4795 ἀγαθός
2579 4729 2696 4781 ἐστι
2726 4730 2818 4782 καὶ
2870 4730 3112 4800 ἐλεήμων
3146 4730 3296 4800 παρὰ
3325 4731 3570 4801 γνώμην,
3593 4731 3705 4801 ἄρα

2131 4818 2287 4871 τοῦτό
2323 4822 2437 4872 ἐστι
2500 4821 2594 4872 καὶ
2625 4820 2685 4884 ἐξ
2734 4820 2999 4891 ἀνάγκης.
3060 4822 3169 4875 Καὶ
3203 4822 3284 4885 τίς
3328 4824 3474 4874 ἐστιν
3526 4822 3554 4873 6
3604 4822 3706 4889 τὴν

2133 4910 2376 4979 ἀνάγκην
2412 4910 2617 4973 ἐπιθεὶς
2644 4911 2812 4980 αὐτῷ,
2871 4911 2991 4964 καθ’
3013 4911 3193 4981 ὑμῶν;
3224 4912 3499 4964 Δέδεικται
3523 4911 3706 4964 τοίνυν

2137 5002 2342 5071 μωρίας
2363 5003 2664 5071 ἀνάμεστος
2694 5004 2727 5071 ἡ
2755 5003 2883 5072 παρ’
2902 5004 3043 5073 ὑμᾶς
3074 5004 3355 5074 πρότασις,
3379 5004 3473 5057 καὶ
3499 5001 3707 5071 ἀγαθὸν

2134 5093 2281 5145 οὐδὲν
2312 5093 2639 5164 εἰσφέρουσα
2676 5094 2872 5165 νόημα.
2959 5150 2963 5154 ,

2568 5219 2770 5284 ΑΛΛΟ,
2802 5221 3253 5290 διηγηματικῶς.

2218 5333 2338 5386 Ἐπὶ
2390 5334 2497 5385 τῶν
2545 5334 2685 5386 κατά
2747 5332 2907 5401 φύσιν
2946 5334 3007 5387 οὐ
3064 5337 3384 5404 προηγεῖται
3424 5335 3703 5408 βούλησις,

2136 5427 2305 5495 χωρεῖ
2332 5424 2395 5477 δὲ
2431 5424 2587 5493 μόνον
2634 5424 2727 5478 ἐπὶ
2778 5425 2888 5478 τῶν
2953 5426 3149 5491 ἔξωοεν
3180 5427 3280 5496 τῆς
3313 5429 3500 5492 οὐσίας
3533 5430 3705 5484 ὅντων

2134 5514 2228 5568 τοῦ
2278 5514 2679 5585 βουλευομένου.
2707 5510 2829 5570 Οἷον
2871 5518 3001 5588 φέρε
3029 5519 3220 5571 εἰπεῖν’
3262 5520 3582 5589 Ἀμπελῶνά
3616 5540 3703 5586 τις

2137 5604 2432 5676 φυτεύει,ἢ
2474 5609 2829 5676 ναυπηγεῖται
2859 5608 3084 5675 σκάφος,
3107 5607 3532 5679 βουλευσάμενος
3561 5613 3701 5681 πρό-

2136 5713 2292 5765 τερον
2324 5696 2449 5766 περὶ
2474 5696 2675 5748 αὐτῶν·
2732 5696 2973 5751 τίκτεται
3033 5697 3088 5749 δὲ
3152 5698 3293 5749 κατὰ
3352 5700 3515 5767 φύσιν
3545 5699 3606 5750 τὺ
3641 5700 3701 5765 ἐξ

2137 5783 2427 5851 ἀνθρώπου
2464 5782 2962 5853 παιδίο·),οὐόε;ιιᾶς
2984 5785 3337 5853 ήγησαμένης
3368 5786 3696 5856 βουλήσεως.
