3922 6474
411 422 476 482 9|
1438 422 1496 479 S.
1535 419 1811 478 CYRILLI
1845 416 2315 475 ALEXANDRINI
2346 414 2668 472 ARCHIEP.
3568 404 3639 459 92

406 546 624 601 luntatis
647 546 1058 617 siguillcativum
1089 553 1189 609 est,
1223 559 1339 613 qua:
1366 546 1431 597 ad
1452 544 1694 631 singulas
1748 553 1966 598 creatu-

2091 539 2133 592 lv
2173 538 2257 610 εἴη
2286 537 2618 610 σημαντικὸν
2649 535 2748 607 τῆς
2772 535 2857 603 ἐφ’
2885 535 3097 605 ἑκάστῳ
3128 534 3235 588 τῶν
3262 532 3651 605 πεποιημένων

408 650 496 689 ras
518 634 793 691 faciendas
835 650 863 689 a
922 636 1031 691 Deo
1082 634 1325 690 adhibita
1373 642 1479 698 est,
1542 634 1760 688 tametsi
1792 636 1973 690 statim

407 741 544 795 opus
577 726 921 781 subsecutum
952 734 1227 796 appareat.
1255 724 1311 779 Si
1343 739 1468 794 ergo
1529 733 1812 779 creaturas
1840 740 1975 795 [παις

405 816 548 871 cedit
568 816 837 883 voluntas,
870 818 1050 872 omnia
1100 832 1227 871 vero
1256 816 1393 872 facta
1423 824 1548 870 sunt
1588 831 1687 884 per
1734 815 1929 871 Filium
1958 855 1975 877 ,

405 916 556 960 certe
587 906 827 961 omnium
858 916 1079 961 numero
1108 920 1213 959 non
1271 905 1753 974 comprehenditur
1793 906 1840 961 is
1881 921 1976 975 per

406 997 766 1065 quemomnia
793 996 929 1051 facta
948 1004 1091 1051 sunt.
1132 997 1195 1051 Et
1239 996 1283 1051 si
1335 996 1470 1051 alius
1498 1006 1582 1051 est
1631 997 1700 1051 ab
1749 998 1815 1053 iis
1857 1013 1975 1065 quae

406 1086 677 1153 praecessit
703 1086 968 1151 voluntas,
1002 1102 1108 1141 non
1137 1095 1220 1141 est
1250 1086 1426 1143 factus
1453 1103 1520 1142 ex
1554 1088 1827 1142 voluntate
1861 1090 1974 1143 sic-

406 1175 725 1247 tttiila.lpse
763 1177 905 1232 enim
946 1187 1029 1233 est
1051 1179 1169 1231 viva
1228 1178 1479 1231 voluntas
1544 1176 1744 1241 Patris,
1779 1180 1829 1231 in
1864 1193 1970 1246 qua

404 1265 581 1318 omnia
609 1274 877 1331 operatur.
918 1263 1082 1320 Vocat
1140 1275 1319 1319 autem
1375 1268 1537 1320 etiam
1594 1268 1764 1334 ipsum
1824 1264 1973 1321 Psal-

407 1356 562 1409 mista
594 1355 923 1410 voluntatem
954 1355 1152 1421 Patris,
1184 1357 1405 1412 dicens:
1441 1376 1458 1409 ι
1497 1358 1551 1412 In
1584 1359 1852 1415 voluntate
1884 1369 1970 1413 tua

406 1443 675 1499 deduxisti
707 1458 792 1498 me
820 1444 884 1498 ⁷⁸.
928 1461 947 1495 ι

1076 1557 1307 1615 ALIUD.

480 1672 538 1727 Si
562 1673 841 1728 consilium
868 1682 923 1728 et
948 1672 1193 1727 voluntas
1220 1672 1397 1727 Patris
1439 1682 1523 1727 est
1562 1672 1749 1741 Filius,
1786 1682 1846 1727 ut
1895 1687 1972 1727 re.

406 1776 536 1817 vera
564 1770 666 1823 est,
704 1776 809 1829 quo
828 1769 982 1831 pacto
1005 1761 1258 1830 praecedit
1285 1762 1528 1815 voluntas
1560 1760 1677 1831 ejus
1706 1762 1973 1817 exsisteu-

410 1846 578 1901 tiam?
615 1845 895 1902 Videbitur
918 1849 1060 1904 enim
1095 1848 1208 1916 ipse
1234 1848 1467 1917 seipsum
1499 1848 1711 1905 fecisse.
1761 1850 1868 1920 55
1906 1851 1972 1906 Et
2006 1880 2049 1938 Β

408 1938 498 2007 qui
528 1938 758 1993 nondum
790 1938 959 1995 factus
981 1948 1117 2004 erat,
1146 1948 1201 1993 ιιι
1249 1939 1486 1995 haeretici
1532 1941 1738 2005 volunt,
1802 1944 1869 1997 de
1916 1958 1976 1999 se

410 2026 527 2094 ipso
551 2028 881 2084 deliberasse
907 2030 1131 2083 dicetur.
1182 2032 1250 2085 At
1271 2031 1315 2085 si
1354 2032 1454 2086 hoc
1482 2034 1772 2088 absurdum
1824 2034 1970 2089 dictu

412 2129 518 2185 est,
550 2136 653 2174 non
679 2135 809 2190 ergo
833 2120 1105 2176 voluntate
1133 2122 1306 2178 factus
1364 2134 1467 2188 est,
1516 2126 1973 2193 quemadmodum

411 2217 707 2276 creatum;
739 2211 831 2266 sed
859 2222 1051 2266 eratut
1084 2213 1327 2269 voluntas
1360 2214 1537 2269 Patris
1562 2216 1612 2269 in
1642 2218 1776 2287 ipso,
1810 2227 1976 2288 atque

410 2304 546 2357 adeo
575 2303 743 2372 ipsius
765 2303 1039 2359 Genitoris
1059 2306 1309 2360 essentia:
1332 2308 1655 2377 proprietas.

1078 2412 1305 2468 ALIUD.

481 2518 730 2575 Christus
757 2521 954 2577 alicubi
986 2521 1161 2590 inquit
1194 2543 1208 2577 :
1253 2522 1361 2595 Ego
1405 2524 1455 2579 in
1489 2525 1670 2591 Patre,
1704 2538 1759 2583 et
1818 2530 1978 2585 Pater

414 2610 467 2663 in
495 2624 600 2676 me,
628 2611 791 2666 veluti
820 2612 995 2667 locum
1032 2614 1344 2681 quemdam,
1382 2617 1470 2683 qui
1504 2632 1562 2670 se
1592 2616 1765 2671 solum
1800 2619 1977 2674 conti-

415 2710 561 2765 neat,
624 2704 935 2772 significans
984 2703 1224 2769 Patrem,
1257 2715 1309 2761 et
1342 2723 1529 2763 rursus
1559 2710 1774 2765 Patrem
1805 2712 1976 2767 solum

415 2792 468 2845 in
498 2792 612 2860 ipso
640 2792 1008 2847 easistentem.
1069 2794 1124 2847 Si
1157 2809 1286 2863 ergo
1316 2795 1458 2849 aliud
1503 2799 1781 2867 quidpiam
1815 2810 1897 2855 est
1922 2802 1976 2855 in

417 2881 574 2935 Patre
608 2882 859 2937 voluntas
887 2883 1059 2952 ipsius
1109 2900 1269 2954 quam
1306 2884 1494 2950 Filius,
1525 2904 1631 2956 quo
1668 2897 1823 2958 pacto
1848 2906 1977 2945 vero

414 2972 532 3027 inse
566 2972 803 3027 dixerit?
838 2973 1159 3043 Reperictur
1194 2976 1360 3043 enim,
1403 2978 1555 3045 juxta
1593 2981 1836 3035 insanam
1869 2982 1980 3037 itaa-

416 3063 706 3117 reticorum
738 3063 1065 3132 opinionem,
1120 3076 1241 3121 ante
1301 3070 1672 3125 cxsistentiam
1706 3069 1848 3138 Filii,
1885 3086 1978 3126 vo-

416 3153 595 3207 luntas
658 3152 713 3208 in
762 3152 921 3209 Patre
971 3158 1256 3222 exsisteus,
1300 3152 1395 3225 per
1453 3175 1614 3230 quam
1662 3163 1833 3217 factus
1871 3172 1977 3229 est,

2078 630 2371 699 γενομένης
2409 626 2557 697 παρὰ
2590 625 2746 690 Θεοῦ,
2783 628 2830 680 εί
2877 627 2972 679 καὶ
3019 625 3360 697 παραχρῆμα
3381 625 3441 679 τδ
3484 626 3654 696 ἔργον

2077 719 2398 774 ἀκολουθοῦν
2420 719 2685 787 φαίνεται.
2739 718 2801 770 Εί
2854 717 3031 771 τοίνυν
3060 716 3167 770 τῶν
3204 718 3303 787 μὲν
3330 718 3651 787 κτισμάτων

2076 812 2291 881 ἡγεῖται
2328 810 2594 879 βούλησις,
2640 810 2830 878 γέγονε
2879 809 2937 862 δὲ
2980 810 3156 862 πάντα
3217 809 3284 861 δι’
3315 809 3653 873 Υῐοῦ,ὲκτός

2076 902 2191 952 ἐστι
2214 899 2321 952 τῶν
2354 900 2568 954 πάντων
2622 901 2651 952 ὁ
2706 899 2771 953 δι’
2805 893 2867 953 οῦ
2896 898 2963 953 τὰ
3002 899 3179 953 πάντα
3209 899 3419 967 γέγονε.
3460 899 3572 952 Kal.
3598 901 3650 952 εί

2074 989 2259 1059 ἕτερός
2290 991 2435 1043 ἔστιν
2486 989 2710 1043 ἐκείνων
2745 982 2819 1042 ὧν
2862 991 3107 1061 ἡγήσατο
3158 990 3429 1061 βούλησις,
3452 990 3549 1044 οὑκ
3578 990 3653 1043 ἂν

2074 1079 2160 1148 είη
2192 1078 2330 1132 κατὰ
2361 1079 2611 1150 βούλησιν
2643 1080 2879 1148 γεγονὼς
2909 1079 3095 1151 ὥσπερ
3124 1081 3281 1134 αὑτά.
3328 1080 3498 1143 Αὐτὸς
3535 1080 3652 1151 γάρ

2075 1170 2220 1219 ἐστιν
2259 1169 2292 1238 ή
2316 1167 2465 1232 ζῶσα
2486 1168 2648 1239 βουλὴ
2688 1169 2784 1222 τοῦ
2810 1168 3044 1240 Πατρὸς,
3098 1169 3159 1238 ἐν
3197 1163 3321 1241 ᾗτὰ
3353 1168 3528 1222 πάντα
3554 1169 3654 1238 ἑρ-

2074 1257 2318 1324 γαζεται.
2349 1258 2518 1313 Καλεῖ
2561 1259 2617 1312 δὲ
2674 1259 2836 1313 αὑτὸν
2856 1261 2951 1312 καὶ
2991 1260 3184 1330 βουλὴν
3227 1259 3319 1312 τοῦ
3365 1260 3577 1329 Πατρὸς
3621 1261 3651 1311 ὁ

2074 1348 2374 1417 Ψαλμῳδὸς
2403 1389 2416 1415 ,
2457 1347 2628 1416 λέγων
2662 1365 2675 1382 ·
2743 1368 2761 1401 t
2811 1350 2900 1402 ’Ev
2944 1352 3011 1420 τῇ
3080 1348 3243 1420 βουλῇ
3291 1366 3383 1402 σου
3442 1348 3653 1421 ὡδήγη-

2074 1437 2172 1501 σὰς
2206 1454 2291 1509 με.
2326 1457 2347 1489 ι

2736 1552 2941 1608 AAAO.

2146 1662 2206 1716 Ei
2240 1661 2403 1734 βουλὴ
2457 1663 2550 1718 καὶ
2602 1663 2813 1736 θέλημα
2842 1664 2936 1719 τοῦ
2967 1666 3180 1737 Πατρός
3226 1667 3374 1720 ἐστιν
3421 1668 3450 1720 ὸ
3486 1666 3653 1731 Υἱὸς,

2073 1756 2256 1827 ὥσπερ
2294 1751 2387 1809 οῦν
2418 1756 2509 1808 καὶ
2538 1756 2673 1821 ἔστι,
2724 1757 2840 1820 πῶς
2869 1760 3083 1827 ἡγεῖται
3111 1757 3331 1827 θέλησις
3354 1759 3448 1828 τῆς
3472 1758 3653 1829 ὑπαρ-

2078 1846 2211 1911 ξεως
2240 1846 2403 1901 αὑτοῦ
2424 1865 2438 1913 ;
2456 1846 2627 1910 Αὐτὸς
2654 1848 2763 1918 γὰρ
2792 1848 2983 1902 ἑαυτὸν
3005 1849 3157 1902 ἔσται
3185 1849 3521 1920 πεποιηκώς.
3540 1850 3658 1902 Καὶ

2082 1940 2109 1991 ό
2144 1938 2309 2009 μήπω
2358 1935 2617 2005 γεγονὼς,
2672 1937 2815 1991 κατὰ
2865 1938 2993 2003 τοὺς
3042 1940 3461 2010 χριστομάχους,
3524 1938 3660 2009 περὶ

2083 2027 2274 2083 ἑαυτοῦ
2313 2031 2558 2097 φανεῖται
2613 2027 3015 2101 βουλευόμενος,
3078 2031 3141 2083 El
3192 2030 3249 2083 δὲ
3281 2029 3439 2084 τοῦτο
3474 2028 3661 2097 λέγειν

2082 2118 2299 2182 ἄτοπον,
2332 2118 2433 2169 οὑκ
2458 2116 2563 2187 ἄρα
2586 2116 2838 2189 βουλήσει
2878 2121 3121 2189 γέγονεν,
3164 2121 3351 2192 ὥσπερ
3406 2120 3472 2174 τὰ
3496 2122 3662 2191 ποιή-

2086 2226 2247 2279 ματα’
2291 2209 2403 2263 ἀλλ’
2432 2206 2500 2280 ἦν
2524 2210 2597 2275 ὡς
2621 2210 2784 2283 βουλὴ
2835 2212 2930 2265 τοῦ
2976 2213 3189 2283 Πατρὸς
3212 2215 3269 2266 ὲν
3304 2212 3475 2281 αὑτῷ,
3526 2211 3666 2266 αὑτὸ

2082 2302 2178 2371 τῆς
2205 2300 2389 2365 οὑσίας
2426 2303 2685 2373 ὑπάρχων
2714 2304 2805 2357 τοῦ
2833 2304 3193 2376 γεννήσαντος
3220 2306 3280 2359 τὸ
3312 2305 3462 2361 ῐδιον.

2777 2420 2979 2473 ΔΛΛΟ.

2154 2526 2315 2595 Λέγει
2342 2545 2445 2581 που
2474 2527 2725 2599 Χριστός’
2770 2548 2787 2581 t
2836 2529 2977 2597 Ἐγὼ
3033 2530 3092 2583 ἒν
3142 2530 3219 2600 τῷ
3258 2532 3455 2602 Πατρὶ,
3491 2535 3586 2587 καὶ
3632 2536 3666 2588 ὸ

2085 2619 2275 2688 Πατὴρ
2296 2621 2353 2671 ιν
2375 2619 2519 2688 ἐμοὶ,
2559 2636 2576 2670 ι
2642 2620 2830 2693 ὥσπερ
2878 2618 2998 2673 τινὰ
3047 2620 3212 2675 τόπον
3243 2624 3435 2676 ἑαυτὸν
3466 2624 3662 2694 ἔχοντα

2088 2709 2245 2776 μόνον
2286 2708 2564 2778 σημαίνων
2586 2709 2676 2761 τὸν
2712 2710 2948 2781 Πατέρα,
2975 2712 3071 2765 καὶ
3114 2712 3276 2765 πάλιν
3312 2712 3387 2777 ὡς
3419 2713 3514 2768 τοῦ
3547 2716 3663 2768 Πα-

2084 2797 2208 2867 τρὺς
2243 2798 2393 2861 όντος
2424 2799 2481 2850 ἐν
2516 2798 2664 2868 αὑτῷ
2694 2799 2871 2868 μόνον.
2902 2801 2966 2854 Εί
2990 2801 3167 2854 τοίνυν
3206 2802 3392 2872 ἕτερόν
3422 2804 3475 2856 τί
3508 2805 3662 2858 ἐστιν

2086 2888 2141 2938 ὲν
2167 2885 2243 2955 τῷ
2270 2887 2446 2957 Πατρὶ
2474 2887 2625 2958 παρὰ
2651 2890 2741 2940 τὸν
2779 2888 2906 2942 Υίὸν
2946 2891 2979 2959 ή
3027 2889 3280 2961 βούλησις
3310 2892 3496 2956 αὑτοῦ,
3543 2892 3666 2955 sub;

2086 2974 2373 3045 ἀληθεύσει
2402 2974 2471 3029 τὰ
2502 2976 2723 3029 τοιαῦτα
2766 2977 2973 3045 λέγων;
2998 2978 3323 3050 Εὑρίσκεται
3358 2980 3487 3051 γὰρ,
3519 2982 3665 3035 κατὰ

2086 3066 2183 3135 τὴν
2218 3064 2324 3117 τῶν
2358 3066 2736 3136 χριστομάχων
2794 3068 3014 3138 μανίαν,
3058 3071 3163 3138 πρὸ
3224 3070 3323 3140 τῆς
3374 3069 3664 3142 ὑπάρξεως

2087 3155 2179 3208 τοῦ
2210 3154 2361 3222 Υίοῦ,
2397 3156 2649 3227 βούλησις
2669 3153 2803 3212 οῦσα
2842 3162 2899 3213 ὲν
2930 3161 3124 3231 Πατρὶ,
3154 3161 3274 3214 καθ’
3302 3163 3368 3233 ῆν
3392 3162 3619 3231 γέγονεν
3646 3205 3663 3229 ,

418 3245 566 3299 ntilli
598 3244 802 3301 dicunt.
842 3246 897 3300 Si
927 3260 1105 3303 autem
1163 3265 1286 3304 vere
1320 3252 1446 3305 dicit
1473 3267 1531 3306 se
1577 3254 1630 3306 in
1660 3253 1814 3309 Patre
1838 3268 1979 3323 esse,

2091 3246 2155 3309 Lb;
2196 3248 2392 3300 ἐκεῖνοί
2424 3265 2606 3317 φασιν.
2635 3250 2696 3302 Εί
2736 3249 2794 3303 δὲ
2824 3250 3099 3320 ἀληθεύει,
3151 3253 3341 3306 ἑαυτὸν
3389 3255 3447 3306 ὲν
3488 3255 3668 3325 Πατρὶ

417 3342 473 3388 et
509 3348 715 3401 rursus,
744 3334 915 3390 solum
939 3337 989 3391 in
1024 3352 1082 3393 se
1112 3354 1229 3393 esse
1260 3339 1469 3394 Patrem
1489 3380 1503 3403 ,
1537 3342 1753 3396 ubinam
1780 3347 1982 3399 consti-

423 3434 603 3479 tuetur
645 3426 913 3489 voluntas,
971 3442 1091 3482 cum
1155 3430 1285 3483 nihil
1344 3430 1443 3485 loci
1518 3434 1586 3487 sit
1632 3432 1985 3489 intermedii?

421 3518 571 3580 Quod
608 3517 653 3571 si
678 3531 862 3571 verum
888 3526 993 3585 est,
1043 3534 1147 3574 non
1196 3535 1324 3589 ergo
1355 3522 1631 3579 voluntate
1662 3525 1838 3580 factus
1861 3536 1981 3592 est,

422 3606 515 3660 sed
555 3606 668 3676 ipse
695 3616 778 3662 est
807 3607 1058 3665 voluntas
1092 3610 1293 3666 Patris.

1094 3722 1319 3778 ALIUD.

490 3830 543 3886 Si
586 3833 1040 3900 quemadmodum
1087 3848 1383 3903 creaturas,
1415 3839 1485 3893 ita
1534 3842 1696 3895 etiam
1720 3843 1988 3899 exsisten-

426 3926 550 3979 tiam
574 3922 692 3978 Filii
728 3929 1003 3995 pmcessit
1031 3930 1298 3995 voluntas,
1329 3947 1427 3987 cur
1456 3948 1573 4002 qua:
1613 3935 1751 3989 idem
1785 3936 1989 3991 habent

425 4016 786 4082 generationis
818 4017 1136 4088 principium
1163 4029 1212 4076 et
1260 4036 1355 4091 per
1380 4025 1621 4079 eamdem
1653 4026 1983 4082 voluntatem

426 4106 565 4159 facta
600 4116 743 4170 sunt,
772 4117 1049 4179 tantopere
1079 4113 1217 4167 inter
1241 4129 1299 4169 se
1332 4124 1523 4169 natura
1549 4116 1821 4181 dillerunt,
1852 4119 1984 4174 adeo

425 4204 480 4249 ut
508 4196 594 4251 ille
632 4198 890 4255 Dominus
921 4201 989 4255 sit
1023 4211 1076 4256 et
1135 4204 1292 4271 Deus,
1328 4206 1407 4259 ha:
1436 4206 1657 4261 serviles
1694 4210 1801 4262 sint
1827 4224 1984 4263 crea-

426 4287 583 4341 turae?
606 4286 945 4346 Manifestum
976 4301 1155 4347 autem
1190 4304 1273 4350 est
1298 4299 1437 4365 quod
1478 4298 1648 4353 Filius
1675 4302 1859 4355 deitati
1884 4301 1987 4356 Pa-

427 4378 525 4433 tris
554 4379 871 4435 naturaliter
902 4382 1085 4436 unitus
1141 4383 1395 4440 Dominus
1446 4396 1499 4441 et
1551 4388 1749 4442 dicitur
1772 4400 1826 4444 et
1851 4400 1932 4445 est
1971 4410 1984 4446 :

426 4478 670 4523 creatura
702 4485 831 4525 vero
868 4485 1047 4539 serva,
1085 4474 1207 4543 quia
1263 4486 1415 4530 extra
1440 4478 1732 4533 essentiam
1772 4492 1984 4537 creato-

2092 3338 2189 3407 μὲν
2221 3333 2360 3391 εἶναι
2394 3340 2639 3408 φάσκων,
2670 3342 2761 3395 καὶ
2795 3342 2980 3405 πάλιν,
3009 3343 3083 3406 ὡς
3109 3344 3267 3413 μόνον
3308 3347 3365 3398 ὲν
3402 3344 3549 3415 αὑτῷ
3571 3346 3667 3399 τὸν

2089 3429 2324 3496 Πατέρα,
2342 3431 2443 3483 ποῦ
2472 3434 2504 3502 ή
2531 3432 2781 3503 βούλησις
2800 3435 3065 3499 κείσεται,
3085 3436 3299 3500 οὑδενὸς
3317 3438 3466 3500 ὄντος
3493 3438 3666 3491 τόπου

2091 3519 2293 3590 μεταξὺ
2318 3539 2331 3587 ;
2369 3523 2430 3576 El
2454 3522 2511 3577 δὲ
2535 3524 2712 3587 τοῦτο,
2735 3525 2831 3578 οὑκ
2857 3525 2965 3597 ἄρα
3002 3527 3252 3598 βουλήσει
3288 3529 3526 3601 γέγονεν,
3546 3529 3668 3583 ἀλλ’

2088 3612 2247 3677 αὑτός
2275 3616 2421 3669 ἔστιν
2450 3618 2483 3685 ή
2522 3615 2616 3670 τοῦ
2644 3618 2856 3689 Πατρός
2886 3618 3160 3690 βούλησις.

2778 3732 2981 3785 ΑΛΛΟ.

2158 3844 2221 3895 El
2272 3843 2520 3915 καθάπερ
2568 3843 2677 3896 τῶν
2718 3846 3039 3915 ποιημάτων
3091 3847 3334 3917 ἡγήσατο
3378 3848 3663 3918 βούλησις.

2088 3933 2229 3987 οῦτω
2256 3934 2348 3986 καὶ
2375 3934 2473 4002 τῆς
2504 3934 2789 4004 ὑπάρξεως
2818 3934 2909 3988 τοῦ
2942 3936 3199 4006 Χριστοῦ,
3245 3936 3367 3989 ὅτου
3392 3936 3456 4008 δὴ
3500 3938 3671 4008 χάριν

2088 4024 2155 4077 τὰ
2193 4024 2289 4094 τὴν
2320 4023 2487 4094 αὑτὴν
2546 4023 2733 4093 ἔχοντα
2763 4024 2863 4095 τῆς
2892 4025 3160 4093 γενέσεως
3200 4027 3373 4097 ἀρχὴν
3421 4028 3515 4079 καὶ
3573 4027 3669 4081 διὰ

2086 4115 2185 4183 τῆς
2217 4115 2382 4183 αὑτῆς
2418 4116 2677 4182 γεγονότα
2740 4114 2958 4185 βουλῆς,
3006 4116 3260 4169 τοσοῦτον
3294 4116 3535 4187 ἀλλήλων
3562 4118 3667 4187 τὴν

2089 4205 2248 4273 φύσιν
2277 4206 2574 4275 διέστηκεν,
2610 4206 2684 4268 ὡς
2707 4206 2797 4259 τὸν
2830 4208 2927 4276 μὲν
2962 4207 3164 4277 Κύριον
3202 4207 3371 4271 οὑτως
3403 4203 3668 4261 εἶναικαὶ

2088 4296 2237 4361 Θεὸν,
2284 4296 2352 4349 τὰ
2384 4297 2439 4350 δὲ
2463 4296 2621 4352 δοῦλα
2644 4315 2701 4350 τε
2728 4298 2819 4351 καὶ
2844 4300 2969 4369 ποιή
2981 4316 3158 4369 ματα;
3202 4300 3338 4353 Ἀλλ’
3373 4300 3488 4354 ἔστι
3507 4300 3669 4370 δῆλον

2088 4390 2164 4452 ὡς
2192 4391 2219 4442 ό
2251 4388 2346 4458 μὲν
2375 4388 2498 4451 Υἱὸς
2552 4392 2617 4459 τῇ
2648 4392 2740 4441 τοῦ
2778 4390 2994 4460 ιΙατρὸς
3048 4390 3263 4460 Θεότητι
3320 4390 3459 4443 κατὰ
3502 4389 3669 4458 φύσιν

2090 4480 2373 4551 ὲνοὺμενος
2412 4480 2614 4551 Κύριος
2673 4481 2891 4550 εἴρηται
2954 4482 3044 4533 xui.
3094 4480 3262 4533 ἐστιν·
3291 4482 3322 4550 ή
3355 4480 3410 4531 δὲ
3464 4479 3666 4546 κτίσις,

429 4559 500 4613 ris
527 4568 631 4628 est,
666 4568 720 4616 et
762 4576 791 4615 a
824 4564 1052 4627 naturali
1103 4564 1169 4618 ad
1222 4566 1435 4621 Patrem
1488 4569 1747 4625 relatione
1789 4572 1979 4634 aliena.

2091 4573 2269 4643 δούλη,
2289 4573 2378 4626 διὰ
2409 4573 2469 4625 τὸ
2493 4572 2597 4638 ἔξω
2632 4572 2847 4624 κεῖσθαι
2872 4571 2971 4641 τῆς
2996 4571 3184 4633 οὑσίας
3207 4638 3210 4640 γ
3237 4571 3332 4625 τοῦ
3368 4572 3670 4641 πεποιηκό-

427 4650 794 4708 Necessarium
830 4656 989 4723 igitur
1010 4666 1089 4714 est
1118 4668 1177 4714 ut
1218 4676 1336 4729 qua:
1387 4670 1587 4717 tantam
1626 4664 1767 4721 inter
1801 4680 1859 4721 se
1884 4667 1980 4720 Ita-

432 4743 971 4815 lientdiﬂerentiam,
1015 4769 1117 4807 non
1164 4770 1328 4809 unum
1377 4756 1608 4812 habeant
1636 4759 1983 4828 principium.

429 4833 535 4889 Sed
571 4834 652 4891 ha:
685 4838 922 4906 quidem,
959 4852 1019 4897 ut
1063 4856 1344 4910 creaturae,
1395 4864 1459 4903 ex
1512 4851 1786 4905 voluntate
1834 4850 1989 4907 facta:

426 4934 572 4980 sunt.
623 4926 793 4985 Filius
848 4942 1045 4998 autem,
1077 4935 1271 5005 quippe
1300 4940 1387 5006 qui
1418 4951 1499 4994 cst
1541 4942 1654 5009 ipsa
1700 4943 1987 5009 voluntas,

426 5025 545 5071 erat
574 5019 641 5074 ab
666 5028 866 5076 :eterno
889 5022 939 5076 in
974 5022 1156 5083 Patre.

773 5134 1003 5201 ALIUD,
1032 5140 1100 5192 ad
1128 5141 1203 5194 rei
1224 5142 1637 5211 explicationem.

498 5240 790 5311 Oportebat
836 5254 1014 5301 autem
1054 5248 1215 5306 hosce
1272 5252 1472 5309 Christi
1524 5256 1706 5313 hostes
1758 5260 1846 5329 qui
1890 5276 1996 5314 non

432 5339 684 5382 verentur
746 5331 1085 5406 interrogare
1124 5354 1191 5393 an
1225 5342 1497 5399 voluntate
1524 5345 1715 5401 Filium
1742 5353 1986 5418 genuerit

429 5416 605 5484 Pater,
632 5420 793 5474 etiam
848 5425 948 5481 hoc
992 5429 1171 5485 dicere
1204 5449 1217 5483 :
1277 5431 1358 5485 An
1405 5434 1455 5488 in
1487 5416 1768 5505 prudentia
1797 5440 1985 5497 Filium

428 5507 671 5573 genuerit
695 5506 871 5565 Pater.
910 5510 1052 5568 idem
1087 5517 1228 5571 enim
1255 5518 1504 5575 videntur
1527 5536 1649 5577 esse
1673 5523 1985 5584 deliberatio

430 5603 481 5649 et
514 5594 811 5663 prudentia.
843 5599 1115 5671 Siquidem
1152 5606 1397 5680 quisquis
1459 5612 1657 5681 aliquid
1690 5614 1985 5685 «lc-liberat,

522 5768 722 5830 "l’sal.
759 5794 927 5843 Lxxn.
970 5782 1055 5836 2i.

2090 4682 2199 4730 τος,
2248 4666 2341 4718 καῖ
2390 4664 2489 4734 τῆς
2540 4664 2675 4734 πρὸς
2728 4664 2819 4716 τὸν
2867 4663 3088 4733 Πατέρα
3142 4663 3377 4733 σχέσεως
3402 4665 3665 4733 φυσικῆς.

2105 4758 2340 4829 Ἀνάγκη
2368 4757 2545 4811 τοίνυν
2566 4756 2635 4809 τὰ
2668 4755 2936 4827 τοσαύτην
2959 4755 3149 4825 ἔχοντα
3179 4755 3311 4826 πρὸς
3341 4756 3543 4825 ἄλληλα
3563 4758 3669 4826 τὴν

2090 4849 2372 4922 διαφορὰν,
2423 4850 2497 4921 μὴ
2538 4849 2669 4919 μίαν
2703 4847 2843 4918 ἔχειν
2891 4849 3081 4919 ἀρχήν.
3133 4847 3295 4900 Ἀλλὰ
3331 4848 3399 4899 τὰ
3434 4848 3552 4916 μὲν.
3588 4848 3669 4912 ὡς

2092 4941 2393 5010 ποιήματα,
2449 4940 2511 4991 ὲκ
2562 4936 2867 5008 βουλήσεως
2926 4936 3166 5005 γέγονεν.
3217 4938 3274 4991 '0
3320 4937 3377 4989 δὲ
3409 4936 3559 5001 Υἱὸς,
3588 4936 3671 5001 ὡς

2093 5032 2251 5095 αὑτὸς
2272 5031 2346 5084 ὣν
2369 5034 2402 5102 ή
2435 5030 2705 5100 βούλησις,
2732 5026 2799 5102 ἦν
2832 5029 3014 5093 ἀϊδίως
3048 5030 3104 5083 ὲν
3147 5029 3341 5100 Πατρέ.

2520 5144 2701 5195 ΑΛΛΟ
2722 5184 2735 5207 ,
2764 5139 3217 5211 διηγηματικῶς.

2156 5254 2455 5318 Ἕδειτοὺς
2506 5252 2910 5325 χριστομάχους
2955 5250 3378 5321 ἁποτολμῶντας
3430 5250 3667 5321 ἐρωτᾷν,

2090 5352 2138 5404 εί
2183 5348 2430 5419 βουλήσει
2460 5348 2551 5399 τὸν
2579 5346 2708 5399 Υίὸν
2746 5344 3036 5413 ἐγέννησεν
3066 5345 3092 5395 ὁ
3140 5344 3353 5413 Πατὴρ,
3382 5344 3476 5396 καὶ
3504 5342 3669 5397 τοῦτο

2090 5441 2288 5509 λέγειν’
2323 5440 2385 5492 El
2416 5440 2474 5492 ὲν
2502 5438 2760 5509 φρονήσει
2785 5436 2876 5489 τὸν
2914 5433 3041 5488 Υίδν
3065 5434 3349 5505 ἐγέννησεν
3378 5436 3405 5487 ό
3449 5435 3667 5505 Πατήρ.

2092 5520 2300 5587 ταυτὸν
2322 5529 2428 5599 γὰρ
2458 5528 2722 5598 ὑπάρχειν
2763 5527 3011 5594 φαίνεται
3052 5524 3213 5596 βουλὴ
3248 5526 3345 5581 και
3380 5525 3667 5595 φρόνησις.

2105 5621 2319 5691 Ἐπειδὴ
2362 5622 2467 5674 πᾶν
2523 5621 2658 5692 ὅπερ
2712 5622 2775 5675 ἄν
2828 5636 2908 5683 τις
2949 5617 3296 5689 βουλεύηται,
3358 5616 3516 5671 τοῦτο
3573 5618 3669 5673 καὶ
