3922 6470
200 438 269 498 93
1745 438 2191 497 THESAURUS.
3540 438 3611 495 95

216 561 433 631 φρονιῐ·
463 561 582 615 καὶ
631 562 844 617 πάλιν
889 563 1096 634 ὥσπερ
1120 562 1179 627 ἐξ
1209 560 1684 633 ἀντιστρέφοντος.
1723 562 1752 615 ὃ
1790 580 1917 633 φροο

2043 564 2161 618 dem
2189 560 2354 615 etiam
2392 559 2627 630 prudens
2651 568 2735 615 est
2764 578 2777 613 :
2810 566 2861 614 et
2894 559 3013 614 vice
3041 573 3217 623 versa,
3256 560 3346 628 qui
3373 557 3613 628 prudens

224 654 328 713 νεῖ,
371 654 483 707 καὶ
532 650 947 722 βουλεύεται.
1015 651 1342 723 Εὐρίσκεται
1378 650 1509 719 γοῦν
1549 651 1625 714 ὼς
1670 651 1917 705 ἰσοδυνα-

2043 664 2129 716 :st.
2155 654 2295 707 idem
2327 662 2381 707 et
2414 653 2698 707 deliberat.
2726 654 2900 721 Atque
2944 653 3017 705 ita
3060 652 3324 706 Servator
3354 652 3465 719 ipse
3496 650 3614 705 haec

244 744 461 816 μοῦντα
498 746 852 799 συνάπτων
883 746 1034 799 αὐτὰ
1054 744 1149 799 καὶ
1179 746 1206 798 6
1246 744 1437 815 Σωτήρ
1461 745 1545 813 ἐφ’
1575 743 1792 809 ἑαυτοῦ,
1820 743 1919 799 καὶ

2043 747 2189 801 ῖεΙυιὶ
2220 746 2617 817 mquipollentia
2646 745 2928 815 conjungit
2956 746 3145 800 dicens
3174 745 3239 799 de
3285 759 3344 800 se
3382 763 3395 799 :
3434 743 3616 797 Meum

252 837 456 906 λὲγων·
506 837 673 908 Ὲμὴ
720 836 915 909 βουλὴ
970 837 1064 889 καὶ
1100 835 1393 903 ἀσφάλεια,
1437 835 1548 905 ἐμὴ
1611 836 1915 905 φρόνησις,

2043 850 2109 894 εει
2147 838 2431 893 consilium
2460 849 2516 892 et
2569 837 2755 902 tutela,
2784 851 2902 890 mea
2955 836 3064 907 56
3097 836 3379 906 prudentia
3428 844 3482 889 et
3510 850 3602 903 po-

271 926 456 997 ἐμὴδὲ
483 925 688 995 ἱσχυς.
713 926 956 995 Ὥσπερ
1000 924 1107 993 γὰρ
1131 922 1399 993 ἁσρὰλεια
1427 923 1521 974 καὶ
1547 920 1701 990 ἰσχὺς
1724 919 1918 972 ταυτόν

2043 928 2213 982 .eutia.
2243 926 2709 993 Quemadmodum
2741 928 2883 982 enim
2920 928 3085 981 tutela
3116 938 3169 981 et
3199 926 3439 995 potentia
3472 926 3613 979 idem

282 1019 453 1081 ἐστιν,
493 1014 659 1069 οὓτω
719 1015 827 1069 καὶ
876 1013 1044 1084 βουλὴ
1097 1012 1192 1066 καὶ
1247 1009 1531 1081 φρόνησις.
1569 1008 1633 1061 Εἰ
1691 1007 1789 1076 μὲν
1827 1001 1918 1058 οὖν

293 1108 504 1178 ἄφρονὰ
547 1125 694 1161 ποτε
753 1104 1087 1159 πιστεύουσι
1148 1101 1480 1172 γεγενῆσθαι
1532 1099 1624 1152 τὸν
1657 1097 1915 1171 Πατέρα..

303 1201 678 1271 ἐρωτάτωσαν
711 1200 766 1251 εἰ
806 1198 865 1250 ἐν
896 1196 1158 1267 φρονήσει
1218 1194 1517 1264 γεγέννηκε
1538 1190 1633 1243 τὸν
1654 1190 1805 1243 Υἱόν.
1850 1190 1914 1240 Ei

311 1294 679 1365 ἂφρὶττουσι
729 1290 898 1343 τοῦτο
943 1290 1039 1342 καὶ
1104 1286 1265 1355 μόνον
1309 1284 1620 1348 ἀκούοντες,
1652 1281 1768 1344 πῶς
1820 1282 1920 1335 οὐκ

319 1384 510 1448 ἀσεϐὲς
548 1383 615 1437 τὸ
649 1383 873 1453 ἐρωτᾷν
902 1380 1000 1433 καὶ
1026 1378 1203 1446 λέγειν
1238 1378 1321 1446 ἐφ’
1354 1374 1485 1429 Υἱοῦ
1527 1374 1607 1428 τό·
1646 1372 1910 1442 Βουλήσει

321 1477 635 1545 γεγένηται,
658 1474 696 1546 ἢ
731 1474 844 1545 μή;
869 1470 1140 1540 τοσαύτην
1173 1467 1267 1523 τοῦ
1296 1468 1454 1536 λόγου
1482 1465 1578 1537 τὴν
1608 1463 1921 1535 δυσφημίαν

325 1565 693 1636 “animos.

1028 1674 1235 1728 AAAO.

408 1790 464 1845 Ὅ
497 1789 776 1860 μακάριος
812 1787 1024 1850 Παῦλος
1051 1787 1150 1858 τὴν
1177 1786 1601 1857 ἀπαράλλακτον
1627 1786 1924 1857 ὁμοιότητα

325 1881 615 1944 δεικνύων,
648 1880 718 1951 ἢν
744 1881 772 1932 6
798 1880 927 1942 Υίδς
977 1877 1092 1948 ἔχει
1120 1877 1258 1949 πρὸς
1293 1878 1385 1931 τὸν
1421 1876 1621 1931 ἑαυτοῦ
1662 1876 1882 1946 Πατέρα
1904 1918 1920 1941 ,

2027 1026 2193 1082 sunt;
2246 1019 2318 1071 ita
2367 1020 2531 1073 etiam
2588 1019 2912 1073 deliberatio
2942 1027 2996 1073 et
3031 1019 3343 1088 prudentia.
3387 1018 3444 1071 Si
3482 1032 3618 1086 ergo

2028 1110 2420 1179 imprudentem
2457 1110 2748 1180 aliquando
2778 1109 2951 1169 fuisse
2979 1110 3197 1164 Patrem
3261 1109 3610 1170 existimant,

2028 1204 2363 1272 interrogent
2390 1218 2458 1256 an
2488 1203 2538 1257 iu
2572 1202 2856 1273 prudentia
2901 1201 3155 1270 genuerit
3198 1200 3416 1255 Filium.
3468 1198 3537 1252 At
3570 1198 3621 1252 si

2028 1294 2112 1349 vel
2154 1295 2205 1348 id
2238 1294 2521 1349 audientes
2549 1295 2995 1364 perhorrescant,
3028 1308 3141 1362 quo
3164 1301 3327 1361 pacto
3360 1306 3467 1344 non
3510 1290 3616 1343 im-

2028 1385 2175 1453 pium
2204 1386 2366 1439 fuerit
2391 1385 2732 1454 interrogare
2752 1400 2816 1440 ac
2842 1385 3029 1440 dicere
3075 1388 3141 1439 de
3184 1384 3323 1437 Filio
3363 1401 3376 1435 :
3409 1384 3490 1436 An
3524 1396 3619 1435 vo-

2030 1479 2238 1533 luntate
2269 1477 2445 1532 factus
2465 1478 2555 1543 sit,
2606 1477 2820 1532 necne?
2849 1493 2969 1531 cum
3000 1479 3101 1531 huc
3123 1477 3189 1529 ad
3220 1486 3426 1529 tantam
3455 1482 3621 1541 atque

2030 1570 2161 1627 illud
2190 1571 2245 1624 iu
2272 1568 2506 1624 Verbum
2538 1567 2930 1638 blasphemiam
2960 1569 3256 1639 pertineat.

2703 1680 2941 1738 ALIUD.

2104 1798 2303 1854 Beatus
2340 1796 2561 1865 Paulus,
2610 1797 3021 1853 similitudinem
3061 1809 3223 1865 quam
3256 1791 3427 1847 Filius
3458 1787 3623 1845 habet

2033 1906 2154 1946 cum
2188 1890 2347 1946 Patre
2366 1891 2684 1951 ostendens.
2737 1888 2814 1943 ita
2866 1888 3109 1943 scribit:
3173 1904 3191 1937 ε
3230 1885 3331 1951 Qui
3385 1898 3506 1937 cum
3550 1883 3623 1963 sit

327 1974 531 2045 γράφει
561 1973 695 2044 περὶ
723 1970 909 2025 αὐτοῦ’
963 1989 983 2023 ι
1023 1972 1119 2035 ’ος
1161 1970 1237 2023 ὢν
1273 1968 1614 2040 ἀπαύγασμα
1640 1969 1739 2040 τῆς
1765 1968 1926 2038 δόξης

2043 1982 2283 2051 ψιεηάοτ
2308 1981 2493 2053 gloriae
2518 1990 2572 2036 et
2610 1982 2900 2036 character
2948 1979 3304 2047 hypostaseos
3336 1973 3481 2028 illius
3514 1971 3619 2025 ἠδ

329 2071 424 2123 καὶ
452 2069 749 2140 χαρακτὴρ
779 2068 878 2139 τῆς
942 2067 1294 2131 ὑποστάσεως
1349 2066 1536 2122 αὐτοῦ.
1575 2086 1596 2117 ι
1635 2067 1698 2119 El
1742 2064 1925 2119 τοίνυν

328 2161 625 2232 χαρακτήρ
661 2160 780 2213 ἐστι
813 2160 908 2213 καὶ
950 2159 1117 2212 εἰκὼν
1158 2159 1254 2213 τοῦ
1281 2160 1643 2230 γεννήσαντος
1698 2160 1726 2213 6
1760 2157 1923 2223 Υἱὸς,

327 2250 599 2321 ἐγεννήθη
629 2250 706 2314 δὲ,
740 2250 864 2302 καθ’
888 2250 1055 2319 ὑμᾶς,
1086 2249 1556 2320 προηγησαμένης
1580 2247 1923 2319 βουλήσεως,

328 2342 545 2412 ἀνάγκη
574 2343 729 2394 πᾶσα
752 2342 844 2394 καὶ
879 2340 973 2393 τὸν
1006 2341 1228 2409 Πατέρα
1271 2339 1447 2404 οὕτως
1475 2336 1637 2407 εἶναι,
1672 2339 1865 2411 ὥσπερ
1892 2341 1926 2411 ή

329 2431 496 2485 εἰκὼν
523 2428 695 2485 αὐτοῦ
728 2432 823 2485 καὶ
854 2431 917 2484 τὸ
968 2431 1331 2503 ἀπαύγασμα·
1382 2430 1458 2495 ὡς
1503 2432 1599 2485 καὶ
1621 2430 1754 2484 αὐτὸ
1782 2430 1929 2500 ἔχειν

331 2523 755 2594 προηγουμένην
783 2522 952 2576 αὐτοῦ
978 2522 1080 2594 τὴν
1126 2522 1404 2594 βούλησιν.
1428 2524 1491 2576 El
1516 2524 1574 2577 δὲ
1618 2522 1776 2576 τοῦτο
1802 2524 1928 2575 ἀσε-

332 2615 425 2679 ﬁt;
451 2615 553 2685 (οὐ
586 2617 697 2685 γὰρ
728 2617 793 2667 ἐκ
826 2613 1136 2685 βουλήσεὼς
1162 2616 1312 2668 ἐστιν
1336 2617 1370 2687 ή
1400 2616 1495 2669 τοῦ
1534 2615 1749 2686 Πατρὸς
1770 2615 1931 2670 οὐσία

332 2708 428 2759 καὶ
483 2705 867 2777 ὑπόστασις),
924 2706 1140 2776 ἀνάγκη
1192 2708 1344 2761 πᾶσα
1386 2706 1522 2779 μηδὲ
1572 2707 1665 2760 τὸν
1696 2706 1824 2760 Υἱὸν
1866 2707 1933 2760 ἐκ

336 2799 645 2871 μελλήσεως
675 2796 837 2863 εἶναι,
864 2798 1135 2869 φρονεῖνῆ
1156 2790 1356 2867 λέγειν.

1044 2914 1250 2966 AAAO.

549 3031 652 3095 Ὠς
675 3028 749 3093 ἐξ
795 3027 1158 3092 ἀντιθέσεως
1210 3025 1332 3079 τῶν
1376 3025 1711 3095 αΙρετικῶγ.

405 3142 518 3199 Καὶ
543 3142 686 3207 πῶς,
720 3139 910 3210 φησὶν,
940 3139 1039 3192 οὐκ
1064 3138 1277 3208 ἀνάγκη
1310 3138 1717 3208 συνομολογεῖν,
1738 3139 1931 3209 ὅτιπερ

338 3234 594 3305 ἁθέλητός
623 3236 743 3288 ἐστι
790 3232 868 3303 τῷ
918 3233 1097 3303 Πατρὶ
1126 3235 1153 3285 6
1186 3232 1338 3296 Υἱὸς,
1369 3232 1486 3301 ήτοι
1520 3230 1851 3303 ἀδούλητος,
1882 3234 1931 3286 εἰ

343 3328 417 3399 μή
439 3331 502 3382 ἐκ
531 3328 851 3400 βουλήσεως
884 3326 978 3379 καὶ
1018 3324 1290 3395 Θελήσεως
1324 3327 1588 3395 γέγονεν;

838 3525 995 3596 Πρὸς
1024 3525 1200 3580 τοῦτο
1232 3526 1436 3593 λύσις.

408 3660 743 3715 Δυσωπειτω
762 3659 873 3713 τῶν
904 3660 1291 3731 χριστομάχων
1312 3661 1411 3733 τὴν
1434 3662 1741 3733 πάντολμον
1766 3663 1932 3732 γλῶτ-

343 3768 438 3805 ταν
463 3753 493 3803 6
526 3751 725 3821 Σωτὴρ
756 3751 885 3821 περὶ
931 3750 1126 3805 ἐαυτοῦ
1148 3752 1344 3821 λέγων⁸
1407 3772 1425 3805 r
1475 3753 1532 3805 ὐ
1562 3752 1758 3825 Πατήρ
1788 3755 1936 3823 φιλεῖ

343 3843 430 3897 τὸν
452 3844 607 3897 Υξόν.
639 3862 658 3894 ι
696 3843 912 3915 Ὠσπερ
953 3847 1064 3913 γὰρ
1108 3843 1212 3913 ήδη
1270 3844 1637 3918 προείρηται,
1688 3847 1749 3899 τὸ
1794 3842 1933 3900 εἶναι

343 3936 546 4005 ἁγαθός
570 3953 632 3989 τε
652 3938 750 3989 καὶ
782 3936 1052 4007 ἐλεήμων,
1090 3936 1205 4006 ἔχει
1248 3936 1369 4007 μὲν,
1395 3938 1496 3991 οὐκ
1529 3940 1592 3992 ἐκ
1620 3938 1931 4009 βουλήσεως

343 4031 419 4094 δὲ,
450 4029 577 4084 οὔτε
614 4029 725 4099 μὴν
751 4028 1067 4099 ἀϐουλήτως
1092 4028 1269 4084 ταῦτα
1298 4031 1435 4085 ἐστι.
1474 4031 1629 4085 Θέλει
1654 4031 1763 4104 γὰρ
1796 4030 1933 4086 εἷναι

342 4122 500 4176 τοῦτο
524 4124 668 4193 ὅπερ
698 4120 848 4174 ἐστὶν
882 4122 970 4174 ἀεὶ
1000 4122 1095 4175 καὶ
1141 4121 1315 4177 ἔσται.
1368 4122 1527 4177 Οὕτω
1564 4126 1659 4178 καὶ
1683 4126 1730 4177 ει
1759 4125 1834 4195 μή
1868 4126 1934 4178 ὲκ

344 4211 655 4282 βουλήσεως
686 4210 946 4280 ἐγέννησε
982 4209 1073 4264 τὸν
1126 4211 1275 4275 Υἱὺν,
1334 4212 1449 4266 ἀλλ’
1481 4214 1582 4266 οὐκ
1616 4213 1933 4284 ἀΰουλήτως

342 4303 505 4359 αὑτὸν
528 4303 667 4373 ἔχει.
719 4301 872 4355 Θέλει
896 4302 1005 4370 γὰρ
1037 4302 1128 4355 τὸν
1163 4302 1291 4357 Υἱὸν
1323 4305 1418 4357 καὶ
1444 4304 1609 4373 φιλεῖ,
1635 4303 1819 4367 καθὼς
1841 4304 1936 4373 γέ·

341 4411 611 4466 γραπται.
652 4394 763 4451 Καὶ
826 4392 1078 4462 καθάπερ
1122 4395 1151 4448 6
1198 4395 1392 4467 Πατὴρ
1440 4396 1537 4468 τῆς
1578 4395 1933 4460 ὑποστάσεως

340 4486 438 4556 τῆς
474 4484 667 4539 ἐαυτοῦ
694 4482 926 4553 eam;
958 4486 1128 4548 ἐστιν,
1168 4486 1270 4538 οὐκ
1309 4488 1373 4539 ὲκ
1421 4486 1733 4558 βουλήσεως
1786 4506 1934 4553 τινος

338 4576 499 4630 τοῦτο
524 4576 601 4629 ὣν
626 4577 764 4646 ὅπερ
800 4575 971 4639 ἐστὶν,
1028 4575 1171 4630 οὕτω
1232 4578 1328 4632 καὶ
1376 4579 1404 4630 6
1438 4580 1563 4643 Υἱὸς
1596 4582 1662 4634 ὲκ
1712 4581 1810 4651 τῆς
1837 4580 1931 4634 τοῦ

2030 2075 2087 2129 Si
2121 2088 2252 2145 ergo
2280 2074 2452 2129 Filius
2474 2082 2559 2129 est
2588 2072 2881 2127 character
2907 2080 2961 2124 et
2990 2069 3170 2139 imago
3199 2064 3502 2125 Geuitoris.
3529 2077 3619 2133 ge-

2029 2168 2174 2222 nitus
2195 2175 2373 2221 autem
2406 2176 2512 2234 est,
2545 2175 2604 2220 ut
2645 2180 2744 2219 vos
2788 2162 2991 2226 dicitis,
3032 2158 3380 2231 praecedente
3406 2155 3619 2210 delibe-
3692 2222 3693 2225 η

2032 2259 2264 2323 ratione,
2292 2258 2655 2313 necessarium
2695 2255 2919 2311 omnino
2961 2252 3128 2305 fuerit
3170 2248 3394 2303 Patrem
3450 2244 3523 2301 ita
3566 2258 3628 2299 se

2031 2350 2253 2415 habere,
2286 2349 2542 2420 utimago
2563 2360 2618 2404 et
2642 2346 2902 2419 splendor
2953 2342 3167 2414 ipsius:
3206 2341 3345 2395 adeo
3375 2336 3626 2393 utetiam

2032 2443 2207 2510 ipsum
2235 2442 2577 2511 prascesserit
2608 2439 2954 2494 deliberatio.
2984 2435 3041 2492 Si
3077 2448 3210 2490 vero
3249 2434 3357 2488 hoc
3397 2427 3629 2499 impium

2032 2542 2115 2588 est
2143 2533 2162 2603 (
2191 2547 2365 2601 neque
2389 2532 2530 2587 enim
2572 2544 2639 2586 ex
2673 2527 3067 2583 deliberatione
3089 2530 3174 2578 est
3212 2520 3406 2576 Patris
3429 2530 3624 2573 esseu-

2037 2622 2107 2676 tia
2136 2632 2297 2691 atque
2318 2619 2628 2692 hypostasis
2650 2618 2667 2688 )
2691 2656 2706 2682 ,
2734 2630 2866 2687 ergo
2891 2630 2994 2671 nec
3034 2613 3231 2669 Filium
3252 2626 3320 2666 ex
3347 2607 3632 2664 delibera-

2035 2717 2180 2772 tione
2209 2714 2413 2770 factum
2448 2726 2567 2769 csse
2592 2710 2675 2768 vel
2707 2709 2955 2776 credere,
2981 2704 3067 2763 vel
3099 2704 3284 2761 dicere
3311 2708 3549 2772 oportet.

2704 2902 2939 2959 ALIUD.

2410 3021 2496 3077 Ex
2531 3020 2815 3091 objectioue
2842 3019 3232 3073 Iawreticorum.

2108 3139 2175 3191 At
2201 3151 2308 3207 quo
2328 3145 2508 3206 pacto,
2532 3135 2817 3205 inquiunt,
2855 3148 2959 3189 non
2991 3131 3157 3187 fuerit
3189 3136 3416 3182 necesse
3464 3119 3630 3175 fateri

2039 3228 2232 3283 Filium
2281 3229 2418 3282 citra
2478 3227 2815 3281 voluntatem
2882 3233 2977 3279 aut
3016 3221 3302 3278 consilium
3352 3213 3502 3270 Patri
3546 3226 3635 3267 ac—

1960 3317 2002 3374 C
2036 3322 2289 3384 cessisse,
2314 3320 2419 3375 nisi
2451 3319 2677 3375 consilio
2727 3325 2784 3373 et
2842 3315 3127 3370 voluntate
3178 3308 3521 3381 pnncedeute
3557 3302 3640 3358 la-

2041 3421 2163 3469 ctus
2188 3412 2306 3469 est?

2568 3523 2772 3579 Salutio
2804 3522 3127 3593 objectiouis.
3194 3512 3195 3515 “

2112 3660 2385 3716 Retundat
2422 3659 2790 3728 impudentem
2839 3660 3075 3714 hostium
3131 3657 3333 3714 Christi
3383 3658 3630 3729 linguam

2043 3753 2304 3808 Servator
2330 3753 2444 3823 ipse
2474 3753 2546 3808 ita
2606 3752 2673 3808 de
2721 3767 2779 3807 se
2820 3752 3011 3807 dicens
3050 3770 3063 3807 :
3104 3769 3121 3803 ι
3153 3750 3316 3805 Pater
3350 3760 3499 3804 amat
3545 3748 3639 3805 Fi-

2039 3845 2169 3901 lium
2195 3846 2264 3900 ⁸⁸.
2306 3865 2326 3899 ι
2384 3844 2847 3913 Quemadmodum
2901 3844 3046 3899 enim
3131 3842 3245 3911 jam
3298 3842 3501 3897 dictum
3553 3853 3639 3897 est

2042 3938 2184 4010 quod
2216 3938 2391 3993 bonus
2423 3939 2495 3993 sit
2548 3946 2602 3993 et
2652 3936 2989 4000 misericors,
3019 3935 3181 3989 habet
3214 3934 3265 3990 id
3301 3948 3406 3988 non
3440 3949 3504 3989 ex
3536 3948 3637 3989 vo-

2041 4032 2269 4097 luntate,
2328 4030 2423 4087 sed
2473 4045 2652 4101 neque
2708 4031 2918 4099 absque
2968 4028 3253 4083 voluntate
3307 4028 3422 4081 hmc
3486 4036 3633 4081 sunt.

2042 4122 2334 4180 Vultenim
2360 4136 2483 4177 esse
2514 4122 2565 4176 id
2586 4121 2727 4191 quod
2753 4130 2837 4176 est
2860 4133 3080 4189 semper
3111 4128 3165 4173 et
3186 4117 3310 4173 erit.
3336 4115 3413 4171 ita
3444 4116 3634 4183 etiam,

2041 4215 2169 4270 licet
2201 4229 2304 4269 non
2336 4230 2403 4269 ex
2427 4213 2707 4269 voluntate
2739 4214 2988 4283 genuerit
3040 4212 3262 4279 Filium,
3307 4226 3413 4266 non
3444 4222 3627 4267 tamen

2040 4309 2246 4378 absque
2272 4307 2551 4362 voluntate
2582 4306 2731 4361 illum
2758 4306 2941 4363 habet.
2977 4304 3103 4360 Vult
3138 4308 3284 4361 enim
3326 4305 3525 4360 Filium
3581 4316 3638 4360 et

2042 4409 2212 4468 amat,
2244 4402 2385 4457 sicut
2410 4400 2672 4471 scriptum
2723 4409 2828 4455 est.
2862 4399 2929 4453 Et
2975 4398 3435 4469 quemadmodum
3474 4398 3638 4453 Pater

2041 4509 2195 4550 suam
2246 4493 2416 4564 ipsius
2459 4484 2794 4565 hypostasim
2840 4492 2973 4559 vult,
3026 4508 3203 4561 neque
3236 4502 3416 4547 tamen
3445 4508 3511 4547 ex
3540 4508 3633 4547 vo-

2042 4586 2248 4641 luntate
2272 4594 2357 4640 est
2386 4585 2437 4640 id
2467 4586 2608 4655 quod
2633 4596 2718 4643 est
2744 4627 2759 4653 ,
2798 4586 2871 4641 ita
2898 4587 3064 4641 etiam
3090 4585 3260 4642 Filius
3286 4604 3351 4643 ex
3394 4588 3635 4642 essentia

342 4667 556 4736 Πατρὶς
583 4668 773 4731 οὐσίας
822 4668 1121 4737 προελθὼν,
1150 4669 1250 4723 οὒκ
1275 4670 1537 4741 ἁοέλητός
1574 4674 1721 4724 ἐστιν
1752 4672 1927 4743 αὐτῷ,

2043 4680 2222 4735 Patris
2260 4681 2584 4749 procedens,
2617 4696 2721 4734 non
2757 4681 2807 4734 ei
2846 4680 3002 4734 adest
3040 4688 3236 4749 prmter
3260 4679 3430 4750 ipsius
3451 4680 3640 4738 volun:

340 4759 391 4811 εἰ
410 4760 507 4812 καὶ
538 4758 793 4830 βούλησις
818 4760 1057 4832 οὐδαμοῦ
1073 4761 1173 4832 τῆς
1195 4764 1504 4834 γεννήσεως
1537 4764 1930 4836 προδραμοῦσα

344 4850 616 4919 φαίνεται.

1026 4968 1231 5023 ΔΛΛΟ.

413 5076 480 5132 ει
506 5077 849 5148 ἀπαύγασμα
886 5079 979 5132 καὶ
1008 5082 1292 5152 χαρακτήρ
1344 5082 1459 5136 ἐστι
1505 5082 1599 5137 τοῦ
1644 5083 1856 5155 Πατρδς
1904 5086 1933 5139 6

345 5167 497 5231 Υἱὸς,
521 5168 714 5237 γέγονε
742 5169 799 5223 δέ
828 5168 1066 5240 θελήσει,
1090 5172 1214 5225 καθ’
1241 5173 1408 5243 ὑμᾶς,
1456 5169 1524 5245 ἦν
1569 5174 1677 5245 ἄρα
1733 5177 1926 5245 χρόνος

343 5260 432 5314 ὅτε
456 5262 556 5315 οὐκ
587 5256 676 5333 ἦν,
706 5248 933 5315 καθ’ὃν
985 5264 1018 5333 ή
1071 5265 1199 5334 περὶ
1243 5264 1407 5319 αὑτοῦ
1458 5266 1677 5339 θέλησις
1699 5269 1929 5324 ἐκινεῖτο

346 5353 497 5424 πσρὰ
526 5353 603 5425 τῷ
657 5352 854 5425 Πατρί.
903 5355 1113 5409 Οὐκοῦν
1144 5351 1213 5427 ἦν
1264 5375 1396 5411 ποτε
1439 5360 1529 5412 ὅτε
1560 5361 1729 5432 χωρὶς
1755 5363 1931 5416 ἀπαυ-

342 5444 623 5513 γάσματος
641 5441 711 5517 ἦν
748 5448 777 5500 6
810 5444 941 5511 Θεὸς
981 5446 1076 5501 καὶ
1106 5447 1228 5518 δίχα
1278 5452 1649 5523 χαρακτῆρος.
1707 5455 1837 5520 Καὶ,
1884 5456 1932 5508 εἰ

341 5534 404 5586 τὸ
431 5533 561 5589 εδιον
588 5536 687 5607 τῆς
725 5536 917 5601 οὐσίας
975 5537 1069 5591 τοῦ
1106 5540 1320 5611 Πατρὸς
1370 5544 1516 5596 ἐστιν
1570 5546 1599 5597 6
1649 5544 1800 5609 Υἱὸς,
1832 5546 1933 5600 οὐκ

341 5617 412 5695 ἦν
441 5623 501 5678 δέ
522 5642 673 5692 ποτε,
699 5626 823 5682 καθ’
846 5628 1012 5699 ὑμᾶς,
1064 5629 1180 5687 ἴσον
1205 5631 1345 5684 ἐστὶ.
1372 5632 1450 5703 τῷ
1503 5633 1703 5701 λέγειν’
1734 5638 1835 5691 οὐκ
1863 5633 1931 5709 ἦν

342 5734 475 5773 me
499 5718 793 5792 γεννητική
828 5718 923 5774 τοῦ
954 5720 1167 5792 [ἰατρὸς
1200 5722 1231 5792 ή
1264 5722 1440 5777 οὐσία·
1503 5726 1618 5780 ἀλλ’
1651 5728 1841 5801 ὥσπερ
1868 5730 1929 5783 ἔκ

411 5900 457 5933 ⁷⁸
501 5900 657 5959 llebr.
702 5920 739 5964 ι.
781 5903 836 5958 5.
918 5902 963 5935 ”
1005 5898 1160 5957 Jean.
1202 5920 1282 5969 nt,
1317 5906 1407 5980 ὃὸ,

2037 4782 2223 4841 tatem,
2258 4773 2473 4827 tametsi
2520 4771 2771 4827 voluntas
2795 4774 2910 4828 sive
2966 4771 3293 4827 deliberatio
3318 4772 3635 4841 generatio-

2034 4880 2159 4922 nem
2198 4878 2539 4935 nequaquam
2565 4864 2930 4935 praeesserit.

2722 4976 2955 5034 ALIUD.

2110 5090 2165 5147 Si
2196 5090 2451 5163 splendor
2475 5100 2529 5146 et
2550 5092 2838 5147 character
2874 5090 3055 5145 Patris
3104 5100 3186 5145 est
3219 5088 3411 5156 Filius,
3457 5088 3638 5147 factus

2032 5194 2210 5238 autem
2234 5193 2398 5239 estex
2424 5184 2727 5251 voluntate,
2752 5190 2811 5237 ut
2836 5190 3015 5237 vestra
3041 5182 3147 5237 fert
3170 5183 3379 5252 opinio,
3396 5190 3517 5237 erat
3534 5182 3639 5235 ita-

2032 5292 2136 5347 que
2174 5285 2383 5348 tempus
2428 5278 2644 5348 quando
2676 5292 2781 5333 non
2828 5286 2962 5340 erat,
3006 5276 3058 5329 in
3098 5289 3207 5346 quo
3230 5273 3399 5329 Pater
3452 5276 3638 5329 consi-

2032 5366 2163 5422 lium
2207 5384 2363 5422 suum
2412 5368 2479 5424 de
2534 5368 2625 5424 illo
2674 5367 2935 5439 agitabat.
2976 5367 3103 5423 Fuit
3129 5366 3298 5439 igitur
3331 5367 3497 5421 etiam
3533 5366 3636 5421 ali-

2035 5455 2252 5523 quando
2279 5457 2420 5512 Deus
2451 5457 2658 5528 absque
2701 5472 2801 5513 suo
2853 5456 3141 5529 splendore
3177 5466 3233 5512 et
3280 5457 3629 5511 charactere.

2036 5546 2122 5616 Et,
2155 5548 2199 5604 si
2232 5550 2511 5619 proprium
2537 5552 2792 5607 essentia:
2813 5550 2993 5607 Patris
3021 5551 3128 5622 57
3161 5558 3243 5606 est
3270 5550 3630 5620 Filius,atqni

2036 5640 2082 5696 is
2119 5640 2544 5711 aliquandopon
2575 5642 2703 5710 fuit,
2728 5652 2783 5699 ut
2814 5658 2909 5699 vos
2944 5643 3149 5709 dicitis,
3192 5642 3335 5697 idem
3374 5650 3458 5697 cst
3493 5655 3557 5695 ac
3583 5642 3631 5697 si

2037 5735 2187 5791 dicas
2218 5737 2587 5806 generativam
2616 5736 2794 5795 Patris
2844 5737 3144 5795 essentiam
3180 5734 3476 5807 aliquando
3523 5749 3629 5790 non
