3922 6474
377 418 451 478 95

1402 418 1460 475 S.
1502 416 1776 474 CYRILLI
1814 412 2280 472 ALEXANDRINI
2316 412 2634 471 ARCHIEP.

3552 413 3623 468 96

376 536 667 600 exstitisse,
707 536 803 592 sed
838 536 999 600 veluti
1043 551 1109 592 ex
1155 537 1457 595 mulatione
1478 537 1709 608 quadam
1740 551 1807 593 eo
1837 547 1940 591 tra-

2048 553 2193 600 τινος
2228 534 2531 607 μεταϐολῆς
2564 534 2644 596 είς
2707 529 2865 584 τοῦτο
2927 529 3201 600 παρῆλθεν
3254 529 3623 599 ἀποκυήσασα

379 626 596 681 ductam
626 626 795 682 fuisse
823 636 881 682 ut
917 629 1162 699 gigneret
1187 627 1399 684 Filium.
1438 628 1494 684 Si
1530 643 1656 683 vero
1693 628 1743 682 id
1773 637 1824 683 et
1851 642 1943 683 co-

378 718 549 786 gitatn
578 727 633 772 et
664 718 809 775 dictu
847 718 1069 789 impium
1097 726 1201 785 est,
1234 734 1301 774 ne
1344 719 1497 781 illud,
1541 718 1847 782 Volnntate,
1873 733 1941 772 an

379 823 505 873 non,
531 810 596 863 de
621 807 759 864 Filio
783 809 1064 879 obiiciant.
1094 810 1247 866 Sicut
1264 811 1410 865 enim
1446 810 1603 865 Pater
1624 809 1945 869 naturaliter

378 908 462 954 est
498 899 691 967 bonus,
723 901 795 954 ita
819 901 982 955 ctiam
1003 900 1319 956 naturaliter
1341 901 1707 971 generativus.

764 1030 990 1101 ALIUD,
1032 1034 1099 1087 ad
1135 1033 1555 1103 explicationem.

449 1138 505 1193 Si
539 1140 717 1195 omnis
744 1134 992 1197 voluntas
1020 1156 1138 1209 quae
1169 1142 1220 1196 in
1253 1158 1523 1215 quoquam
1555 1143 1614 1198 lit
1670 1158 1776 1199 non
1824 1145 1944 1199 abs-

380 1246 484 1299 que
510 1232 676 1287 verbo
715 1232 773 1287 lit
815 1232 1095 1304 (voluntas
1126 1233 1266 1289 enim
1302 1244 1386 1291 est
1415 1237 1637 1292 verbum
1676 1235 1942 1291 occultum

380 1324 520 1392 quod
556 1323 610 1379 in
647 1324 811 1379 corde
846 1325 1144 1398 agitatur),
1179 1324 1349 1381 Filius
1384 1336 1562 1381 autem
1597 1335 1679 1381 est
1715 1324 1942 1380 Verbum

379 1412 584 1477 Patris,
619 1415 758 1470 idem
790 1415 953 1486 igitur
980 1418 1143 1472 etiam
1173 1425 1257 1473 est
1283 1417 1535 1472 voluntas
1565 1416 1750 1484 ipsius.
1781 1416 1941 1485 Atqui

380 1516 485 1571 quo
515 1515 669 1570 pacto
694 1504 940 1559 voluntas
972 1506 1024 1559 in
1051 1507 1321 1561 voluntate
1351 1507 1443 1561 lit?
1469 1515 1561 1559 aut
1592 1507 1680 1574 qui
1709 1505 1943 1560 Verbum

381 1593 435 1646 in
456 1594 669 1649 Verbo?
695 1592 884 1649 Omnia
918 1595 1084 1666 igitur
1111 1597 1224 1650 lucc
1250 1607 1334 1652 est
1362 1596 1529 1651 Filius
1556 1594 1700 1649 Patri
1734 1613 1748 1650 :
1775 1604 1828 1651 et
1856 1609 1945 1649 vo-

380 1677 557 1736 luntas
585 1691 636 1737 et
662 1682 921 1749 Verbum,
954 1696 1008 1737 et
1038 1685 1301 1754 sapientia
1335 1700 1351 1739 :
1384 1684 1627 1755 nihilque
1654 1693 1737 1740 est
1768 1684 1818 1739 in
1845 1683 1946 1739 Pa-

384 1779 466 1824 tre
492 1780 619 1825 ante
648 1772 839 1841 ipsum.

946 1882 1156 1939 ALIUD
1192 1884 1380 1940 simile.

450 1988 623 2047 liabet
664 1991 764 2047 sibi
812 1993 971 2049 homo
1010 1994 1329 2051 naturaliter
1363 1994 1577 2050 insitam
1625 1994 1941 2064 procreandi

380 2081 521 2137 ﬁlios
559 2092 915 2152 potestatem,
956 2096 1010 2140 et
1050 2101 1156 2141 non
1197 2087 1645 2156 quemadmodum
1688 2090 1846 2143 homo
1877 2102 1942 2143 ex

380 2174 657 2230 voluntate
692 2185 774 2231 est
810 2177 982 2232 bonus
1012 2186 1105 2232 aut
1137 2178 1337 2243 malus,
1370 2178 1441 2232 ita
1472 2179 1633 2233 etlam
1668 2192 1733 2232 ex
1762 2177 1948 2232 volun-

380 2273 594 2320 tate-est
621 2275 790 2335 pater.
821 2266 924 2322 Sed
954 2268 1057 2323 hoc
1079 2283 1143 2323 ex
1174 2278 1395 2331 natura,
1421 2268 1552 2323 illud
1579 2283 1642 2322 ex
1670 2267 1945 2324 voluntate

380 2353 556 2408 habet.
587 2353 653 2409 Et
686 2354 829 2410 illius
861 2355 1075 2425 quidem
1106 2356 1310 2411 domini
1343 2370 1561 2422 sumus;
1596 2356 1649 2410 in
1683 2355 1785 2410 hoc
1817 2370 1944 2411 vero

378 2453 633 2513 perpetua
683 2453 845 2517 atque
892 2446 1349 2502 incommutabilis
1401 2454 1607 2502 naturai
1654 2446 1737 2502 lex
1778 2446 1939 2517 viget.

380 2535 530 2591 Sicut
568 2537 728 2608 igitur
762 2553 861 2593 nos
899 2552 1001 2592 non
1023 2517 1101 2592 ἐκ
1126 2537 1433 2607 voluntate,
1471 2538 1563 2593 sed
1597 2545 1810 2599 natura,
1847 2537 1943 2592 ba-

377 2627 566 2681 hemus
589 2637 646 2681 ut
671 2629 840 2683 simus
866 2638 1044 2699 patres
1069 2629 1297 2683 ﬁliorum
1324 2638 1653 2691 nostrorum,
1680 2629 1751 2683 ita
1778 2629 1939 2683 etiam

382 2717 519 2772 Dens
546 2732 611 2773 ac
637 2719 795 2773 Pater
821 2735 926 2774 non
955 2735 1019 2774 ex
1048 2720 1317 2775 voluntate
1347 2718 1504 2774 Pater
1526 2729 1631 2785 cst,
1660 2722 1754 2775 sed
1786 2728 1944 2773 natu-

377 2808 582 2863 raliter.
621 2810 687 2864 Et
728 2811 1177 2879 quemadmodum
1220 2811 1309 2880 qui
1349 2826 1414 2865 cx
1458 2812 1611 2866 nobis
1651 2812 1959 2878 gignuntur

376 2900 581 2956 similes
611 2916 832 2972 prorsus
869 2902 1024 2977 nobis
1061 2911 1185 2957 sunt
1218 2904 1510 2958 secundum
1550 2902 1959 2968 substantiam,

377 2992 449 3045 ita
478 2994 638 3046 etiam
670 2993 840 3049 Filius
872 3008 976 3048 non
1007 2994 1346 3049 extrinsecus
1380 2994 1528 3057 Patri
1560 3006 1815 3060 accessu,
1848 2995 1941 3048 sed

378 3097 564 3136 revera
591 3099 656 3136 ex
684 3086 917 3139 essentia
946 3086 1117 3155 ipsius
1141 3088 1438 3156 procedens
1465 3100 1561 3153 per
1584 3086 1764 3140 omnia
1793 3086 1941 3141 sitni-

378 3170 443 3227 lis
466 3182 550 3227 est
578 3172 838 3230 Genitori.
866 3175 930 3229 Et
950 3177 1400 3245 quemadmodum
1434 3176 1594 3233 Pater
1618 3194 1725 3233 non
1756 3193 1819 3233 ex
1848 3194 1941 3233 vo-

378 3260 582 3317 luntate
608 3273 689 3319 est
720 3263 898 3329 Pater,
926 3236 996 3319 ita
1024 3276 1078 3321 et
1105 3267 1273 3322 Filius
1303 3282 1405 3321 non
1438 3281 1502 3321 ex
1530 3268 1819 3334 voluntate,
1847 3270 1939 3324 sed
1967 3236 2010 3295 ο

378 3364 443 3403 ex
482 3362 670 3405 natura
709 3361 812 3419 est,
849 3354 1098 3422 splendor
1132 3365 1183 3411 et
1220 3356 1499 3411 character
1531 3357 1797 3413 exsistens
1829 3358 1943 3426 ejus

378 3441 473 3512 qui
506 3440 678 3511 ipsum
712 3444 914 3513 genuit.
1921 3442 1929 3452 ’

1039 3553 1261 3609 ALIUD.
1458 3634 1464 3641 ν

828 3644 1066 3715 Objectio
1105 3662 1169 3700 ea:
1208 3647 1487 3702 Eunomia.

443 3756 809 3829 lntcrrogandi
846 3769 1005 3824 sunt,
1039 3760 1243 3830 inquit,
1279 3761 1441 3829 ii'qui
1475 3774 1533 3816 se
1568 3769 1711 3815 recte
1740 3760 1941 3816 sentire

374 3850 705 3911 existimant,
736 3857 912 3904 utrum
944 3851 1234 3921 aliquando
1280 3852 1558 3907 voluntate
1583 3852 1826 3922 genuerit
1854 3851 1941 3905 Fi-

378 3938 502 3993 lium
530 3939 707 4003 Pater,
735 3955 801 3993 an
832 3942 964 3995 citra
994 3944 1351 3998 voluntatem.
1394 3942 1450 3998 Si
1478 3944 1620 3998 enim
1650 3944 1857 3998 exstitit
1886 3944 1938 3996 in

373 4033 603 4085 essentia
636 4031 840 4096 Patris,
874 4033 1013 4088 alius
1042 4034 1109 4089 ab
1141 4034 1255 4103 ipso
1285 4033 1479 4097 Filius,
1515 4049 1618 4088 non
1646 4034 1941 4089 voluntarie

375 4122 577 4191 genuit.
600 4122 835 4179 Necesse
858 4125 999 4179 enim
1031 4136 1145 4179 erat
1178 4116 1365 4195 parere
1395 4141 1517 4180 eum
1546 4128 1635 4196 qui
1669 4128 1720 4180 in
1753 4136 1937 4183 natura

374 4222 510 4267 erat.
542 4212 597 4268 Si
630 4228 755 4268 vero
784 4231 887 4268 non
918 4223 1033 4269 erat
1066 4216 1117 4269 in
1146 4213 1333 4281 Patre,
1367 4216 1459 4271 sed
1494 4214 1667 4271 lactus
1695 4223 1777 4270 est
1809 4216 1940 4269 deli-

374 4306 654 4361 beratione
687 4306 863 4362 Patt’ts
892 4307 1129 4365 adhibita
1149 4346 1164 4371 ,
1204 4322 1422 4362 necesse
1450 4316 1531 4362 est
1559 4307 1778 4362 omnino
1808 4307 1940 4363 deli-

374 4397 704 4453 berationem
744 4399 1106 4467 prmeessisse.
1147 4397 1260 4453 Non
1301 4408 1417 4453 erat
1460 4398 1627 4469 igitur
1660 4397 1810 4453 Patri
1844 4410 1970 4458 ω’.

368 4498 629 4546 Μενίδας.

874 4601 1081 4657 Salutio
1118 4602 1437 4673 objectionis.
1962 4580 2013 4644 Ι)

442 4739 677 4794 Primum
710 4738 925 4808 quidem
957 4737 1219 4806 stupenda
1239 4752 1337 4804 res
1367 4746 1450 4792 est
1482 4751 1587 4807 quo
1616 4744 1772 4807 pacto
1804 4737 1932 4795 adeo

374 4832 655 4887 temerarie
693 4840 746 4885 et
789 4838 1095 4899 portentosa
1132 4829 1274 4884 velut
1313 4830 1580 4898 imperitia
1622 4815 1675 4884 in
1718 4844 1931 4885 omnem

340 4950 353 4964 -Α
374 4923 953 4999 blasphemiamruant.
972 4920 1155 4991 Neque
1179 4921 1288 4991 58
1309 4923 1449 4976 enim
1475 4922 1633 4991 pudet
1655 4937 1748 4977 eos
1770 4922 1931 4975 etiam

370 5014 543 5083 ipsum
574 5011 740 5069 Deum
773 5012 1079 5069 necessitati
1114 5012 1411 5081 subjicere,
1444 5014 1681 5068 dicentes
1715 5014 1934 5081 perinde

371 5116 531 5174 atque
560 5106 609 5157 in
641 5105 889 5159 humanis
917 5104 1233 5173 corporibus
1264 5103 1464 5173 aliquid
1494 5102 1670 5158 Patris
1697 5103 1930 5158 essentia

369 5196 768 5264 comprehendi,
810 5211 873 5249 ac
914 5196 1065 5265 quasi
1101 5210 1195 5251 vas
1240 5196 1292 5249 in
1332 5212 1480 5261 vase,
1514 5196 1590 5272 ita
1640 5196 1834 5250 Filium
1879 5196 1930 5251 in

370 5286 531 5344 Patre
572 5289 760 5342 teneri.
804 5285 914 5341 Nos
953 5302 1103 5349 vero,
1136 5289 1225 5357 qui
1273 5298 1417 5342 recte
1461 5303 1524 5341 ac
1564 5287 1704 5356 iuste
1733 5290 1934 5343 sentire

371 5377 675 5442 studemus,
706 5378 991 5432 essentiam
1033 5378 1123 5433 Dei
1164 5378 1306 5431 omni
1345 5378 1661 5433 necessitate
1694 5381 1933 5449 superio-

371 5482 483 5520 rem
518 5482 637 5523 esse
674 5468 931 5537 dicimus;
962 5482 1017 5525 ct
1045 5471 1240 5527 Filium
1271 5488 1391 5528 esse
1425 5476 1474 5527 in
1507 5473 1699 5537 Patre,
1731 5490 1835 5529 non
1876 5484 1933 5528 ut

374 5572 565 5627 corpus
595 5558 647 5612 in
679 5574 924 5629 corpore,
953 5563 1044 5616 scd
1078 5574 1135 5618 ut
1165 5564 1574 5633 inseparabilem
1608 5565 1676 5617 ab
1706 5565 1819 5632 ejus
1847 5580 1932 5620 es-

370 5647 540 5701 sentia
579 5658 630 5704 et
668 5650 735 5704 ab
773 5652 888 5722 ipso
923 5656 1302 5723 procedentem
1338 5655 1673 5710 naturaliter.
1714 5655 1769 5710 Si
1806 5672 1932 5711 vero

374 5742 686 5799 existimant
727 5760 784 5800 se
826 5756 1039 5802 acutum
1078 5747 1277 5817 aliquid
1323 5762 1652 5819 proponere,
1698 5748 1932 5803 dicentes

380 5833 648 5893 voluntate
675 5848 759 5892 aut
789 5839 921 5894 citra
947 5841 1273 5897 voluntatem
1304 5856 1421 5895 cum
1454 5840 1648 5896 factum
1679 5855 1814 5899 csse.
1848 5842 1926 5895 vis

2046 627 2138 684 τὸν
2168 626 2316 681 Υἱόν.
2354 616 2418 679 Εί
2443 625 2499 678 δὲ
2547 622 2705 677 τοῦτο
2724 619 2917 683 ἀσεϐὲς
2950 624 3165 691 φρονεῖν
3195 637 3255 673 τε
3289 620 3382 674 καὶ
3414 620 3619 689 λέγειν,

2050 718 2125 791 μὴ
2146 717 2573 790 πῳτεινέτωσάν
2603 731 2745 778 τινες
2770 715 2855 782 ἐφ’
2890 712 3022 766 Υἱοῦ
3043 712 3122 775 τὸ,
3164 712 3425 786 Βουλήσει
3453 712 3484 784 ἢ
3515 714 3619 782 μή.

2050 810 2262 878 Ὠσπερ
2287 809 2394 879 γὰρ
2428 806 2629 875 ἀγαθὸς
2657 802 2798 858 κατὰ
2831 802 2993 873 φύσιν
3016 803 3162 857 ἐστὶν
3188 806 3215 857 6
3246 803 3456 875 Πατὴρ,
3474 802 3626 855 οὕτω

2047 902 2142 955 καὶ
2168 899 2483 969 γεννητικὸς
2510 898 2650 953 κατά
2678 901 2858 967 φύσιν.

2466 1032 2649 1085 ΑΛΛο
2669 1071 2685 1096 ,
2732 1031 3185 1101 διηγηματικῶς.

2121 1146 2185 1199 El
2223 1147 2373 1200 πᾶσα
2422 1144 2675 1216 βούλησις
2703 1146 2736 1217 ή
2769 1145 2826 1197 ἐν
2852 1161 2960 1198 τισι
2994 1143 3255 1215 γινομένη
3284 1143 3346 1196 οὐ
3382 1143 3506 1213 δίχα
3536 1142 3631 1196 λό-

2049 1254 2145 1307 γου
2168 1237 2373 1305 γίνεται
2393 1237 2409 1309 ζ
2425 1225 2586 1304 λόγος’
2604 1236 2713 1307 γάρ
2743 1237 2891 1288 ἐστιν
2912 1234 3135 1305 ἀφανῶς
3164 1237 3221 1286 ὲν
3247 1233 3441 1304 καρδία
3469 1251 3630 1306 στρε-

2050 1328 2340 1398 φόμενοςή
2376 1326 2699 1397 βούλησις).
2759 1326 2873 1380 ἐστι
2932 1326 2987 1379 δὲ
3032 1328 3060 1379 6
3085 1324 3212 1390 Υίὸς
3244 1327 3273 1380 6
3322 1326 3492 1392 Λόγος
3526 1326 3629 1379 τοῦ

2051 1417 2284 1489 Πατρὸς,
2341 1418 2503 1480 αὐτὸς
2551 1416 2658 1486 ἀρα
2680 1416 2827 1468 ἐστὶν
2885 1416 2917 1485 ή
2959 1415 3210 1487 βούλησις
3261 1415 3446 1470 αὐτοῦ.
3487 1411 3633 1470 Εἶτα

2050 1508 2168 1571 πῶς
2206 1510 2237 1579 ή
2276 1507 2529 1579 βούλησις
2572 1508 2629 1560 ὲν
2663 1506 2917 1578 βουλήσει
2954 1506 3200 1574 γίνεταις
3238 1507 3270 1578 ἢ
3314 1507 3428 1571 πῶς
3460 1510 3489 1562 6
3517 1507 3631 1561 A6-

2049 1616 2144 1666 γος
2166 1599 2223 1653 ὲν
2248 1598 2439 1671 Λόγῳ;
2477 1599 2662 1652 Πάντα
2707 1597 2886 1651 τοίνυν
2913 1597 3062 1650 εστὶν
3094 1599 3122 1649 ὁ
3156 1597 3284 1659 Υἱὸς
3312 1596 3387 1667 τῷ
3411 1597 3585 1667 ῐιατρί⁵
3609 1638 3626 1661 ,

2050 1692 2144 1745 καὶ
2196 1690 2360 1761 βουλὴ
2389 1691 2482 1744 καὶ
2514 1691 2707 1759 Λόγος,
2741 1690 2834 1743 καὶ
2859 1688 3038 1758 copia:
3075 1688 3167 1742 καὶ
3189 1688 3342 1742 οὐδέν
3372 1687 3519 1741 ἐστιν
3564 1689 3630 1741 ὲν

2052 1781 2225 1854 Πατρὶ
2250 1780 2356 1853 πρὸ
2394 1781 2577 1836 αὐτοῦ.

2610 1893 2792 1947 ΑΛΛο
2826 1892 3053 1962 ὅμοιον.

2123 2010 2276 2079 Ἔχει
2308 2008 2448 2062 κατά
2480 2006 2642 2076 φύσιν
2671 2009 2698 2060 6
2739 2005 3024 2076 ἄνθρωπος
3050 2005 3111 2057 τὸ
3134 2003 3395 2058 δύνασθαι
3414 2004 3628 2060 τέκνων

2046 2098 2206 2151 αὑτὸν
2227 2097 2479 2166 γενέσθαι
2509 2096 2741 2168 πατέρα·
2765 2096 2857 2149 καὶ
2884 2094 2983 2165 οὐχ
3008 2095 3195 2165 ὥσπερ
3224 2096 3286 2147 ὲκ
3318 2093 3628 2166 βουλήσεως

2044 2189 2245 2258 ἀγαθός
2272 2190 2422 2243 ἐστιν
2454 2190 2486 2259 ἢ
2527 2188 2781 2259 πονηρὸς,
2807 2186 2951 2240 οὕτω
2985 2188 3080 2240 καὶ
3108 2188 3311 2258 πατήρ.
3368 2187 3529 2240 Ἀλλά
3561 2187 3629 2241 τὸ

2048 2280 2146 2351 μὲν
2184 2278 2363 2349 φύσει,
2394 2277 2529 2332 τὸδὲ
2562 2276 2812 2347 βουλήσει
2856 2274 2995 2330 ὲστί.
3049 2275 3159 2329 Καὶ
3210 2275 3305 2328 τοῦ
3337 2276 3434 2345 μὲν
3455 2276 3627 2345 ἐσμὲν

2044 2372 2244 2442 κύριοι’
2279 2368 2373 2423 τοῦ
2403 2369 2458 2422 δὲ
2504 2369 2538 2440 ή
2592 2366 2752 2436 φύσις
2787 2365 3143 2436 ἀπαράϐατον
3174 2364 3285 2435 ἔχει
3316 2365 3406 2418 τὸν
3433 2366 3621 2435 νόμον.

2045 2463 2255 2533 Ὥσπερ
2281 2456 2373 2515 οὖν
2398 2460 2497 2513 οὐκ
2531 2459 2596 2511 ὲκ
2624 2456 2927 2528 βουλήσεως
2963 2455 3159 2526 ἔχομεν
3189 2458 3350 2526 ἡμεῖς
3390 2457 3451 2508 τὸ
3474 2451 3623 2511 εἶναι

2041 2551 2276 2622 πατέρες
2320 2551 2429 2605 τῶν
2485 2548 2544 2615 ἐξ
2597 2547 2774 2618 ἡμῶν,
2822 2546 2959 2600 ἀλλά
3009 2546 3272 2614 φυσικῶς,
3299 2544 3561 2601 οὕτωκαὶ
3592 2552 3625 2603 ὀ

2042 2640 2174 2703 Θεὸς
2222 2641 2314 2693 καὶ
2362 2638 2552 2709 Πατὴρ
2602 2639 2701 2690 οὐκ
2766 2639 2831 2689 ὲκ
2875 2636 3185 2707 βουλήσεως
3222 2639 3412 2707 Πατήρ
3447 2639 3621 2703 ἐστιν,

2043 2730 2178 2785 ἀλλά
2207 2729 2471 2798 φυσικῶς.
2536 2729 2645 2782 Καὶ
2697 2727 2890 2797 ὥσπερ
2920 2729 2970 2779 οί
3019 2727 3076 2793 ἐξ
3114 2727 3283 2797 ήμῶν
3308 2728 3624 2798 τικτόμενοι

2041 2824 2211 2893 ὅμοιοι
2236 2823 2451 2885 πάντως
2468 2824 2599 2891 ἡμῖν
2628 2822 2748 2873 κατ’
2769 2820 2958 2874 οὐσίαν
2976 2819 3133 2884 εἰσὶν,
3159 2818 3302 2873 οὕτω
3337 2821 3431 2873 καὶ
3448 2824 3477 2874 6
3490 2819 3625 2887 Υἱὸς

2040 2912 2139 2965 ούκ
2168 2911 2364 2976 ἔξωθεν
2393 2911 2471 2981 τῷ
2496 2911 2669 2981 Πατρὶ
2707 2911 3163 2981 προσγενόμενος,
3205 2911 3321 2964 ἀλλ’
3354 2912 3524 2977 ὅντως
3554 2915 3625 2969 ἑκ

2041 3003 2139 3073 τῆς
2162 3003 2350 3066 οὐσίας
2381 3001 2546 3057 αὐτοῦ
2575 3001 2853 3073 προελθὼν
2909 3001 3095 3070 ὅμοιός
3125 3002 3238 3056 ἐστι
3271 3002 3414 3056 κατά
3441 3005 3623 3059 πάντα

2041 3093 2121 3163 τῷ
2167 3092 2523 3162 γεγεννηκότι.
2558 3093 2668 3145 Καὶ
2698 3093 2890 3163 ὥσπερ
2924 3093 3026 3145 οὐκ
3057 3092 3120 3145 ὲκ
3166 3091 3473 3165 βουλήσεώς
3500 3096 3623 3148 ἐστι

2042 3185 2253 3254 Πατὴρ,
2293 3184 2435 3238 οὕτω
2479 3184 2574 3238 καὶ
2606 3186 2635 3237 ὁ
2683 3184 2809 3248 Υίὸς
2840 3183 2939 3237 οὐκ
2986 3185 3051 3237 ὲκ
3093 3184 3401 3255 βουλήσεως
3438 3188 3621 3255 ἐστιν,

2044 3274 2179 3329 ἀλλά
2211 3274 2351 3328 κατά
2373 3274 2554 3344 φύσιν,
2577 3275 2917 3346 ἀπαύγασμα
2938 3275 3031 3328 καὶ
3054 3277 3339 3348 χαρακτὴρ
3358 3277 3625 3350 ὑπάρχων

2042 3366 2135 3420 τοῦ
2165 3368 2518 3437 γεννήσαντος
2553 3366 2733 3420 αὐτόν.

2732 3567 2933 3622 AAAO.

2301 3677 2618 3744 Ἀντίθεσις
2674 3678 2754 3744 ὡς
2785 3678 2853 3732 ἐκ
2890 3676 3007 3731 τῶν
3042 3680 3363 3749 Εὐνομίου.

2126 3768 2472 3839 Ἐρωτητέον,
2510 3770 2665 3839 φησὶ,
2701 3770 2827 3833 τοὺς
2860 3770 2996 3842 ὀροά
3047 3775 3262 3842 φρονεῖν
3292 3774 3576 3845 οἰομένους
3600 3816 3619 3842 ,

2041 3859 2268 3930 πότερόν
2292 3876 2424 3913 ποτε
2461 3859 2716 3931 βουλήσει
2746 3862 3043 3931 γεγέννηκε
3070 3863 3162 3916 τὸν
3194 3864 3322 3917 Υἰὸν
3346 3867 3373 3919 6
3402 3867 3619 3937 Πατὴρ.

2040 3950 2072 4019 ἦ
2107 3949 2437 4020 ἀϐουλήτως.
2503 3953 2565 4005 El
2592 3952 2691 4021 μὲν
2724 3954 2833 4024 γὰρ
2858 3954 3131 4023 ἑνυπῆρχε
3172 3957 3238 4025 τῇ
3280 3940 3374 4008 τοῦ
3404 3957 3623 4027 Πατρδς

2038 4041 2215 4112 οὐσίᾳ,
2255 4042 2438 4111 ἕτερος
2472 4042 2548 4095 ὣν
2578 4046 2708 4114 παρ’
2743 4046 2905 4098 αὐτὸν
2945 4045 2973 4097 6
3008 4046 3154 4107 Υίὺς,
3205 4047 3265 4098 ού
3292 4050 3620 4119 προαιρέσει

2038 4130 2272 4186 τέτοκεν.
2317 4127 2425 4186 Ἦν
2471 4132 2579 4202 γὰρ
2629 4133 2839 4203 ἀνάγκη
2894 4136 3073 4187 τεκεῖν
3127 4134 3219 4187 τὸν
3252 4136 3309 4187 ὲν
3354 4138 3417 4206 τῇ
3456 4137 3623 4205 φύσει

2040 4223 2307 4293 κείμενον.
2338 4224 2402 4277 El
2422 4223 2477 4276 δὲ
2506 4224 2605 4277 οὐκ
2630 4218 2696 4294 ἦν
2737 4224 2794 4275 ὲν
2823 4226 3019 4296 Ila-cpi,
3050 4226 3313 4298 ἐγεννήθη
3346 4227 3400 4281 δὲ
3426 4227 3622 4300 βουλη-

2040 4312 2225 4377 θέντος
2254 4313 2346 4366 τοῦ
2381 4315 2616 4386 Πατρδς.
2657 4314 2870 4385 ἀνάγκη
2905 4314 3281 4387 προϋπάρχειν
3314 4318 3475 4371 αὑτοῦ
3514 4321 3619 4389 τὴν

2040 4400 2311 4474 βούλησιν.
2336 4404 2448 4457 Ούκ
2478 4400 2545 4475 ἦν
2574 4398 2666 4457 οὖν
2712 4403 2820 4483 ἀρα
2856 4404 2931 4475 τῷ
2978 4409 3298 4478 γεννήσαντι
3329 4409 3616 4473 συναῖδιος.

2527 4603 2681 4672 Πρὸς
2702 4603 2887 4658 ταῦτα
2914 4604 3113 4670 λύσις.

2108 4740 2331 4813 Πρῶτον
2374 4740 2471 4810 μὲν
2496 4738 2905 4809 ἀποῦαυμάζειν
2949 4738 3098 4803 ἀξιον
3128 4742 3253 4803 τοὺς
3284 4741 3614 4810 ἀφυλάκτως

2034 4834 2113 4896 είς
2144 4835 2323 4886 πᾶσαν
2350 4831 2640 4903 τρέχοντας
2674 4830 3008 4901 δυσφημίαν,
3047 4830 3247 4901 πολλήν
3279 4848 3338 4883 τε
3365 4830 3614 4901 ἀμαθίαν

2034 4926 2216 4987 αὐτοῖς
2270 4923 2539 4993 ἐγκαλεῖν.
2612 4923 2687 4975 Ού
2743 4922 2850 4993 γὰρ
2909 4921 3257 4991 αἰσχύνονται
3316 4922 3407 4975 καὶ
3444 4904 3613 4979 αὐτον

2034 5016 2301 5082 ἀνάγκαις
2329 5014 2671 5076 ύποτιοέντες
2698 5012 2787 5064 τὸν
2812 5012 2963 5077 Θεὸν,
2991 5014 3083 5065 καὶ
3115 5011 3365 5081 καθάπερ
3387 5014 3479 5066 ἐπὶ
3506 5031 3615 5068 σω-

2040 5107 2224 5177 μάτων
2274 5105 2626 5177 ἀνθρωπίνων
2686 5103 3109 5173 ὲμπεριέχεσθαί
3161 5121 3212 5156 τι
3265 5104 3514 5172 λέγοντες
3543 5108 3610 5178 τῇ

2034 5197 2130 5251 τοῦ
2163 5199 2371 5268 Πατρδς
2400 5196 2580 5267 οὐσίᾳ,
2609 5194 2640 5264 ἢ
2675 5194 2862 5265 ὥσπερ
2886 5212 2937 5247 τι
2966 5194 3157 5257 σκεῦος
3184 5198 3242 5249 ἐν
3282 5197 3465 5249 σκεύει
3496 5200 3613 5250 κεῖ-

2037 5291 2274 5344 σΟαιτδν
2325 5290 2451 5342 Υίὸν
2500 5290 2559 5340 ὲν
2612 5288 2804 5360 Πατρί.
2866 5289 3058 5360 Ἡμεῖς
3107 5288 3163 5341 δὲ
3217 5284 3297 5351 οἷς
3341 5287 3477 5359 ὀρθά
3515 5289 3612 5341 καὶ

2034 5380 2215 5433 δίκαια
2239 5379 2455 5449 φρονεῖν
2484 5376 2868 5441 ἐσπούδασται,
2887 5376 2998 5430 ἀνω
3026 5378 3122 5447 μὲν
3147 5370 3327 5446 πάσης
3358 5377 3609 5448 ἀνάγκης

2035 5466 2175 5523 εἷναί
2202 5486 2379 5539 φαμεν
2409 5469 2508 5539 τὴν
2548 5467 2732 5520 οὐσίαν
2754 5468 2848 5520 τοῦ
2879 5466 3039 5520 Θεοῦο
3071 5464 3208 5520 εἶναι
3236 5467 3293 5520 δὲ
3326 5467 3488 5521 πάλιν
3518 5469 3610 5522 τίον

2035 5562 2162 5614 Υίὸν
2189 5564 2243 5613 ὲν
2274 5562 2451 5630 Ilath
2472 5600 2487 5623 ,
2522 5561 2620 5629 οὐχ
2647 5561 2721 5622 ὼς
2752 5560 2909 5629 σῶμα
2947 5560 3050 5612 ὑπὸ
3081 5559 3329 5629 σώματος
3360 5561 3611 5631 περιεχὸ-

2040 5670 2219 5724 μενον,
2252 5654 2364 5705 ἀλλ’
2392 5654 2466 5715 ὡς
2501 5651 2803 5724 ἀχώριστον
2832 5653 2930 5722 τῆς
2986 5651 3172 5713 οὐσίας
3222 5650 3386 5703 αὑτοῦ
3418 5651 3511 5703 καὶ
3549 5650 3612 5709 ἐξ

2036 5746 2206 5815 αὐτῆς
2238 5744 2567 5817 προελοόντα
2605 5744 2745 5798 κατά
2781 5743 2870 5797 τὸν
2915 5743 3014 5811 τῆς
3050 5740 3266 5808 φύσεως
3307 5742 3489 5813 νόμον.
3544 5742 3608 5796 Ei

2037 5838 2091 5891 δὲ
2119 5836 2316 5889 οῖὀνταιι
2352 5836 2510 5905 σαπρόν
2546 5854 2593 5889 τι
2630 5835 2953 5904 προέίνειν.
2984 5834 3233 5903 βουλήσει
3271 5834 3517 5902 λέγοντες
3568 5831 3599 5899 ἦ
