3922 6468
415 454 487 511 99

882 684 963 738 Ea:
991 686 1273 755 objectione
1302 684 1566 737 Eunomii.

498 796 801 863 Voluntate,
828 797 1020 867 inquit,
1052 808 1105 853 et
1143 797 1343 867 judicio
1365 796 1548 865 genuit
1586 795 1743 850 Pater
1772 806 1864 849 aut
1891 811 1986 848 ua-

427 892 689 947 turaliter.
713 892 782 946 At
804 892 848 946 si
878 891 1191 946 naturaliter
1212 898 1442 955 tantum,
1475 904 1582 944 non
1605 897 1782 942 autem
1807 886 1988 939 volun-

423 992 537 1036 tate
556 992 643 1036 aut
669 984 896 1052 judicio,
948 982 1305 1036 involuutarie
1339 980 1519 1050 itaque
1575 988 1628 1034 et
1689 978 1989 1033 inconside-

423 1082 542 1126 rate
583 1075 792 1141 genitus
826 1080 927 1127 est.
954 1072 1010 1126 Si
1034 1086 1160 1127 vero
1215 1081 1524 1139 utrumque,
1571 1069 1681 1138 jam
1721 1068 1989 1139 composi-

426 1172 537 1215 tum
582 1163 761 1217 facitis
818 1164 1009 1225 Deum.
1062 1163 1323 1232 judicium
1353 1162 1511 1217 simul
1550 1173 1605 1215 et
1647 1170 1891 1215 naturam
1938 1163 1986 1214 ei

424 1250 745 1305 tribuentes.
778 1252 895 1318 Quo
923 1263 1077 1320 pacto
1101 1253 1241 1307 enim
1291 1251 1383 1320 qui
1436 1265 1502 1306 ex
1544 1250 1628 1306 bis
1660 1249 1990 1320 compositus

426 1350 526 1405 est,
569 1341 793 1411 simplex
822 1341 979 1395 fuerit
1000 1342 1023 1395 ἵ

878 1451 1084 1507 Salutio
1136 1452 1455 1519 objectionis.

490 1562 783 1617 Geueratio
805 1562 926 1616 Filii
981 1578 1153 1633 neque
1177 1563 1379 1630 judicio
1408 1576 1579 1631 neque
1624 1561 1881 1616 voluntati
1909 1573 1993 1616 est
2018 1578 2021 1579 ν

421 1650 672 1704 obnoxia.
706 1649 848 1705 Velle
878 1652 1021 1703 enim
1069 1650 1389 1720 etjudicare
1423 1651 1474 1704 in
1518 1656 1763 1719 tempore
1803 1648 1941 1703 ﬁunt
1972 1665 1988 1704 :

427 1740 594 1794 Filius
620 1756 745 1796 vero
776 1750 1076 1809 temporum
1105 1742 1351 1796 conditor
1378 1753 1484 1795 est.
1514 1740 1631 1806 Quo
1689 1749 1845 1809 pacto
1893 1741 1981 1808 igi-

425 1840 515 1883 tur
554 1829 604 1883 id
630 1829 772 1898 quod
797 1828 1069 1883 conditum
1104 1839 1190 1884 est
1237 1828 1573 1883 conditorem
1605 1828 1991 1899 praecesserit?

1410 458 1475 514 S.
1516 456 1785 514 CYRlLLI
1821 449 2286 509 ALEXANDRINI
2327 448 2644 506 ARCIIIEP.

1092 572 1323 629 ALIUD.
2018 576 2061 631 Α

3548 442 3646 500 100

2764 564 2967 615 ΛΛΛΟ.

2331 678 2425 742 Ὠς
2451 674 2519 740 ἐξ
2556 673 2909 739 ἀντιθέσεως
2945 670 3066 725 τῶν
3101 670 3421 740 Εὐνομίαν.

2154 788 2401 859 Θελήσει,
2439 786 2619 856 φησὶν,
2673 786 2791 855 ήτοι
2834 784 3010 855 κρίσει
3047 783 3138 835 τδν
3169 781 3295 834 Υίδν
3326 776 3657 850 γεγέννηκεν

2090 879 2197 948 ἀρα
2226 882 2255 932 6
2284 878 2491 949 Πατὴρ,
2520 876 2552 946 ἢ
2592 877 2731 928 κατά
2771 875 2949 943 φύσιν.
2986 875 3048 927 El
3077 874 3175 942 μὲν
3196 868 3288 926 οὖν
3316 871 3455 925 κατὰ
3491 870 3655 939 φύσιν

2093 970 2270 1039 μόνον,
2303 970 2402 1021 οὐκ
2441 968 2521 1020 ἔτι
2567 966 2623 1019 δὲ
2654 965 2794 1019 κατά
2825 964 3041 1033 θέλησιν
3072 964 3104 1034 ἢ
3151 962 3349 1033 κρίσιν,
3380 961 3656 1030 ἀθελήτως

2088 1059 2207 1111 ἐστὶ
2233 1060 2328 1112 καὶ
2359 1057 2597 1127 ἀκρίτως
2620 1050 2915 1126 γεννηθείς.
2951 1055 3013 1107 El
3045 1054 3102 1107 δὲ
3133 1052 3193 1105 τὸ
3226 1051 3655 1121 συναμφότερον,

2091 1147 2342 1201 σύνθετον
2367 1150 2567 1201 ποιεῖτε
2594 1147 2684 1199 τὸν
2707 1146 2859 1213 Θεὸν,
2882 1146 2975 1198 δια)⁵
3004 1144 3183 1215 κρίσιν
3204 1142 3350 1213 αὐτῷ
3374 1142 3468 1195 καὶ
3494 1140 3657 1210 φύσιν

2088 1239 2337 1302 διδόντες.
2373 1238 2497 1303 Πῶς
2523 1238 2631 1308 γὰρ
2659 1239 2687 1290 6
2718 1238 2781 1291 ὲκ
2822 1235 3027 1291 τούτων
3058 1235 3407 1305 συγκείμενος
3450 1232 3657 1297 ἁπλοῦς

2086 1330 2274 1396 Istat;

2560 1442 2718 1510 Πρὸς
2756 1442 2930 1495 τοῦτο
2966 1442 3166 1507 λύσις.

2161 1554 2307 1607 ’Λνω
2338 1555 2435 1625 μὲν
2466 1557 2697 1627 κρίσεως
2733 1556 2828 1609 καὶ
2856 1555 3216 1625 βουλήσεωςή
3249 1552 3340 1607 toﬁ
3381 1553 3512 1608 Υίοῦ
3543 1555 3656 1607 xei.

2088 1660 2177 1696 ται
2205 1643 2475 1713 γέννησις.
2508 1645 2583 1697 Τὸ
2605 1648 2711 1716 γὰρ
2744 1644 3024 1715 βούλεσθαι
3045 1646 3140 1697 καὶ
3164 1643 3367 1715 κρίνειν
3395 1644 3451 1696 ὲν
3475 1643 3655 1713 χρόνῳ

2089 1734 2305 1797 πάντως
2350 1735 2496 1787 ὲστί·
2540 1736 2746 1806 χρόνων
2776 1736 2834 1789 δὲ
2879 1734 3106 1805 ποιητὴς
3143 1735 3171 1787 6
3212 1734 3357 1795 Υἱός.
3405 1731 3531 1794 Πῶς
3561 1727 3655 1785 οὖν

2089 1822 2242 1877 ἔσται
2284 1823 2345 1876 τὸ
2392 1823 2600 1895 ποίημα
2640 1825 2742 1895 πρὸ
2774 1825 2868 1880 τοῦ
2907 1823 3165 1895 ποιητοῦ;
3211 1824 3273 1877 Εί
3305 1824 3364 1878 δὲ
3402 1822 3658 1876 σύνθετον

430 1920 485 1975 Si
526 1935 651 1975 vero
678 1922 1034 1990 compositum
1089 1920 1415 1975 existimatis
1470 1919 1585 1974 ﬁeri
1639 1919 1830 1983 Deum,
1871 1919 1990 1974 ideo

2097 1911 2264 1965 οἴεσθε
2295 1913 2539 1980 γίνεσθαι
2566 1913 2698 1967 Θεὸν
2725 1914 2811 1967 διὰ
2852 1914 2913 1967 to
2939 1914 3099 1983 φύσιν
3140 1913 3282 1983 ἔχειν
3324 1914 3417 1967 καὶ
3451 1913 3656 1981 κρίσιν.

423 2010 569 2080 quod
599 2018 846 2065 naturam
871 2011 1089 2075 habeat,
1118 2018 1172 2064 et
1194 2008 1475 2078 judicium,
1497 2010 1613 2065 sive
1635 2008 1985 2075 voluntatem,

428 2101 605 2156 videte
629 2101 789 2154 etiam
821 2102 923 2155 hoc
954 2117 970 2154 :
999 2098 1159 2153 Pater
1195 2107 1416 2167 generat
1442 2098 1759 2153 naturaliter
1786 2115 1803 2162 ;
1840 2109 1989 2153 creat

428 2199 605 2243 autem
636 2203 731 2259 per
756 2188 947 2243 Filium
977 2197 1241 2258 quatenus
1264 2187 1463 2256 opifex.
1492 2186 1675 2256 Neque
1696 2188 1815 2242 ideo
1843 2203 1990 2242 com-

426 2278 632 2346 positus
674 2286 793 2333 est:
832 2278 991 2332 unius
1018 2278 1161 2332 enim
1214 2286 1418 2331 natura-
1472 2275 1694 2331 ell’ectus
1742 2276 1795 2331 lii
1839 2288 1987 2332 sunt.

427 2370 629 2424 Eadem
678 2384 803 2425 vero
830 2369 968 2424 ratio
1013 2378 1096 2423 est
1128 2368 1254 2423 boni
1284 2409 1299 2435 ,
1344 2366 1662 2421 immortalis
1704 2375 1761 2422 et
1808 2367 1990 2421 invisi-

429 2459 570 2520 bilis.
624 2468 786 2528 atque
831 2458 1055 2514 aliorum
1097 2456 1425 2527 eiuscemodi
1479 2472 1600 2527 qua:
1644 2456 1837 2512 divinae
1893 2471 1991 2510 na-

428 2556 562 2601 turae
599 2546 805 2602 insunt.

1088 2658 1244 2716 ALlU
1257 2659 1313 2713 D.

820 2769 904 2823 Ea:
928 2771 1210 2838 objections
1243 2772 1509 2825 Euttomit'.

378 2922 421 2951 ,μ
498 2880 670 2935 Dicite
705 2881 880 2946 nobis,
909 2882 1100 2950 inquit,
1151 2896 1267 2946 vos,
1304 2883 1393 2952 qui
1437 2883 1633 2937 Filium
1677 2883 1837 2936 vultis
1873 2898 1992 2938 esse

429 2971 766 3042 splendorem
824 2970 1023 3037 Patris,
1065 2973 1319 3041 quidnam
1355 2972 1695 3028 existimatis.
1728 2972 1992 3039 Ωιιωειίοο

431 3063 513 3118 nis
539 3071 717 3118 autem
747 3062 882 3116 ratio
911 3063 1022 3117 inec
1038 3071 1156 3116 est:
1190 3061 1408 3124 Lumen,
1431 3062 1545 3116 sive
1574 3062 1733 3131 ignis,
1761 3062 1991 3131 exempli

428 3152 619 3223 gratia,
637 3152 689 3205 in
705 3151 918 3206 lucerna
937 3154 1159 3220 positus,
1184 3152 1447 3207 exteriora
1462 3151 1571 3223 eo
1585 3147 1865 3218 illuminat;
1883 3154 1995 3221 ipse

2087 2003 2203 2071 ήτοι
2248 2002 2484 2073 Θέλησιν,
2528 2004 2689 2073 ὁρᾶτε
2723 2005 2814 2058 καὶ
2848 2004 3037 2058 τοῦτο’
3088 2004 3240 2074 Ἔχει
3283 2003 3345 2056 τὸ
3392 2004 3587 2074 γεννᾷν
3627 2002 3658 2056 ό

2088 2093 2278 2163 Πατὴρ
2298 2092 2563 2161 φυσικῶς,
2587 2093 2700 2164 ἔχει
2724 2096 2819 2147 καὶ
2840 2094 2901 2147 τὺ
2929 2093 3132 2158 κτίζειν
3152 2094 3219 2147 δι’
3244 2092 3376 2147 Υίοῦ
3396 2093 3658 2165 δημιουρ·

2100 2182 2293 2250 γικῶς,
2325 2184 2415 2236 καὶ
2439 2182 2501 2235 ού
2532 2183 2682 2253 παρὰ
2709 2184 2867 2238 τοῦτο
2900 2184 3150 2248 σύνθετός
3179 2186 3324 2237 ἐστι’
3374 2185 3506 2254 μιᾶς
3547 2186 3662 2253 γὰρ

2090 2268 2301 2337 φύσεως
2344 2270 2414 2324 τὰ
2457 2271 2678 2326 τοιαῦτα
2717 2274 2946 2344 καρπός.
2996 2273 3054 2328 '0
3098 2274 3154 2327 δὲ
3196 2273 3357 2338 αὐτὸς
3392 2273 3661 2345 κρατήσει

2090 2359 2246 2429 λόγος
2274 2362 2367 2415 ὲπί
2392 2350 2451 2415 τε
2482 2363 2576 2417 toﬁ
2610 2364 2814 2433 ἀγαθοῦ
2844 2366 2938 2419 καὶ
2970 2366 3251 2440 ἀφθάρτου
3280 2366 3376 2420 καὶ
3398 2364 3660 2437 ἀοράτου,

2092 2452 2183 2505 καὶ
2205 2452 2305 2506 ὅσα
2335 2453 2594 2523 πρόσεστι
2623 2459 2687 2528 τῇ
2721 2456 2840 2527 θείᾳ
2867 2456 3045 2525 φύσει.

2764 2652 2969 2706 AAAO.

2326 2760 2447 2825 Ὧς
2478 2738 2550 2824 ἐξ
2575 2760 2932 2827 ἀντιθέσεως
2960 2761 3077 2815 τῶν
3102 2762 3423 2832 nmmo.

2161 2869 2384 2934 Εἴπατε,
2412 2871 2596 2941 φησὶν,
2626 2874 2781 2941 ήμῖν,
2810 2873 2859 2925 ot
2887 2873 3226 2945 ἀπαύγασμα
3252 2874 3505 2943 λέγοντες
3526 2872 3667 2932 εἶναι

2092 2957 2185 3009 τοῦ
2217 2959 2427 3030 Πατρδς
2454 2961 2545 3013 τὸν
2590 2960 2737 3024 Υίὸν,
2765 2962 2817 3014 τί
2859 2980 2988 3017 ποτε
3028 2964 3136 3036 ἀρα
3178 2964 3479 3033 λογίζεσθει
3520 2967 3581 3021 '0
3608 2969 3668 3023 δι

2093 3047 2191 3116 τῆς
2219 3049 2535 3119 ἐρωτήσεως
2562 3051 2782 3121 τρόπος,
2812 3042 2966 3117 οὗτος
2984 3071 3000 3088 ο
3032 3055 3104 3108 Τὸ
3137 3057 3251 3125 φῶς
3290 3058 3408 3128 ήτοι
3437 3057 3498 3111 τὸ
3529 3058 3662 3132 πῦρ,

2095 3137 2225 3207 φέρε
2256 3132 2450 3203 είπείν,
2486 3140 2543 3193 ἐν
2590 3141 2764 3212 λύχνῳ
2800 3144 3049 3213 κείμενον
3100 3146 3439 3214 φωτίζειίτά
3482 3149 3665 3216 ἐκτὸς,

430 3258 556 3298 vero
580 3256 681 3297 non
711 3242 890 3296 omnia
917 3242 1119 3311 implet,
1147 3241 1239 3295 sed
1273 3242 1324 3296 in
1353 3242 1471 3297 loco
1496 3243 1630 3295 situs
1658 3253 1759 3304 est.
1778 3252 1831 3295 et
1852 3244 1990 3297 circa

2097 3226 2208 3279 ἀλλ’
2252 3227 2382 3281 αὐτὸ
2424 3227 2522 3297 μὲν
2552 3230 2614 3281 οὐ
2642 3230 2817 3285 πάντα
2848 3232 3077 3304 πληροῖ,
3117 3238 3289 3289 κεῖται
3319 3236 3377 3289 δὲ
3408 3239 3467 3289 ἐν
3489 3238 3666 3311 τόπῳ,

429 3348 492 3389 ea
531 3348 648 3402 qua:
681 3333 920 3388 exterius
954 3340 1101 3396 sunt,
1136 3342 1192 3384 ut
1222 3331 1352 3396 dixi,
1378 3330 1495 3399 ejus
1527 3330 1844 3386 illuminatio
1876 3347 1995 3387 ver-

430 3432 600 3479 satur.
628 3424 684 3478 Si
733 3424 895 3493 igitur
927 3423 1105 3478 lumen
1155 3436 1277 3477 esse
1320 3423 1503 3477 dicitis
1530 3421 1766 3487 Patrem,
1809 3423 1994 3491 splen-

427 3516 617 3571 dorem
644 3530 772 3570 vero
799 3514 889 3584 qui
915 3529 981 3569 ex
1012 3513 1213 3569 lumine
1244 3514 1503 3584 gignitur,
1525 3513 1738 3579 Filium,
1776 3527 1995 3568 necesse

428 3616 511 3663 est
537 3606 691 3661 lateri
722 3605 1009 3661 essentiam
1035 3603 1211 3658 Patris
1254 3604 1434 3658 omnia
1478 3602 1701 3671 implere
1740 3619 1844 3658 non
1871 3618 1995 3672 pos-

428 3713 506 3765 se,
537 3707 595 3751 ut
644 3698 792 3752 locus
818 3697 1158 3766 relinquatur
1188 3694 1463 3763 splendori
1487 3694 1576 3763 qui
1610 3710 1677 3748 ex
1702 3694 1817 3764 ipso
1845 3695 1994 3749 emit-

431 3784 576 3841 tltur.
609 3787 664 3841 Si
694 3802 822 3841 vero
851 3786 1030 3840 omnia
1062 3786 1246 3855 implet
1270 3784 1445 3850 Pater,
1481 3784 1696 3839 ubinam
1732 3784 1994 3840 consistet

428 3878 657 3934 essentia
694 3878 974 3948 geniminis
996 3877 1018 3930 l

934 3986 1139 4042 Salutio
1177 3988 1499 4057 objectionis.

500 4100 556 4156 Si
590 4103 641 4157 in
680 4102 793 4156 loco
830 4102 1105 4156 constituit
1134 4100 1374 4167 Patrem,
1404 4110 1460 4157 et
1497 4101 1717 4172 perinde
1744 4116 1808 4156 ac
1863 4117 1990 4157 cor-

429 4208 527 4263 pus
560 4193 803 4263 progredi
835 4191 1126 4257 existimat,
1151 4201 1357 4260 quaerat
1386 4191 1547 4245 etiam
1602 4191 1855 4261 genimiui
1912 4191 1993 4245 lo-

426 4298 571 4340 eum.
599 4283 654 4336 Si
683 4297 807 4336 vero
833 4280 1010 4336 Patris
1042 4283 1274 4337 essentia
1312 4296 1417 4335 non
1469 4281 1716 4336 consistit
1756 4282 1809 4334 in
1870 4281 1990 4336 loco

428 4376 450 4445 ί
478 4387 643 4442 neque
674 4375 817 4426 enim
853 4372 1105 4426 divinitas
1152 4372 1270 4426 loco
1296 4371 1667 4425 circumscribi
1726 4380 1899 4437 potest
1929 4371 1948 4442 )
1974 4413 1989 4438 ,

429 4476 525 4515 cur
577 4477 635 4514 se
673 4467 882 4529 torquet
910 4460 964 4512 in
1008 4459 1171 4513 rebus
1202 4474 1321 4527 qua:
1370 4458 1513 4511 nulla
1560 4460 1856 4527 quaestione
1912 4462 1991 4514 in-

2093 3317 2186 3369 xai.
2212 3318 2340 3388 περὶ
2364 3318 2431 3372 τά
2455 3320 2629 3385 ἐκτὸς,
2660 3321 2911 3392 καθάπερ
2938 3325 3182 3396 εἴπομεν,
3206 3327 3234 3379 6
3262 3326 3320 3390 ἐξ
3352 3327 3517 3381 αὐτοῦ
3550 3346 3669 3399 φω-

2091 3408 2282 3476 τισμὸς
2328 3410 2593 3478 γίγνεται.
2633 3415 2696 3468 Ei
2722 3414 2898 3468 τοίνυν
2931 3416 3048 3484 φῶς
3078 3417 3178 3487 μὲν
3215 3412 3355 3471 εἷναί
3400 3436 3537 3488 φατε
3568 3420 3668 3476 τὸν

2093 3496 2334 3567 Πατέρα,
2363 3501 2426 3552 ἐκ
2460 3501 2635 3569 φωτὸς
2663 3503 2718 3555 δὲ
2747 3503 3086 3575 ἀπαύγασμα
3131 3506 3222 3559 τὸν
3265 3507 3412 3573 Υἰὸν,
3445 3509 3665 3581 ἀνάγκη

2092 3586 2269 3655 λέγειν
2299 3590 2391 3643 τοῦ
2420 3592 2628 3663 [ἰατρὸς
2662 3593 2759 3663 τὴν
2787 3594 2973 3650 οὐσίαν
3004 3596 3079 3667 μή
3102 3596 3361 3652 δύνασθαι
3388 3600 3457 3654 τά
3482 3600 3669 3656 πάντα

2095 3677 2351 3749 πληροῦν,
2394 3681 2496 3734 ἵναυ
2516 3683 2677 3735 τόπον
2708 3684 2819 3754 ἔχοι
2845 3686 2939 3738 καὶ
2965 3688 3211 3757 χωρῆσαί
3241 3707 3331 3743 ποι
3356 3689 3572 3746 δύναιτο
3604 3694 3669 3748 τὸ

2092 3769 2154 3833 ἐξ
2185 3771 2351 3823 αὑτοῦ
2378 3774 2726 3844 πεμπόμενον
2751 3776 3107 3848 ἀπαύγασμα.
3139 3780 3203 3832 Ei
3230 3781 3287 3833 δὲ
3321 3783 3497 3836 πάντα
3525 3784 3669 3856 πλη-

2097 3860 2180 3928 ροῖ
2205 3863 2233 3913 6
2272 3862 2479 3933 Πατὴρ,
2509 3863 2611 3917 ποῦ
2644 3867 2884 3937 χωρήσει
2911 3867 3003 3922 τοῦ
3035 3871 3374 3941 γεννήματος
3403 3874 3437 3943 ή
3473 3874 3631 3929 οὐσία
3650 3919 3666 3944 ,

2572 3978 2729 4047 Πρὸς
2757 3980 2941 4034 ταῦτα
2976 3983 3195 4050 λύσις..

2160 4084 2225 4137 El
2272 4086 2367 4155 μὲν
2406 4089 2465 4140 ὲν
2495 4090 2644 4159 τόπῳ
2673 4090 2852 4160 τίθησι
2878 4092 2971 4146 τὸν
3004 4095 3244 4165 Πατέρα,
3288 4097 3382 4149 καὶ
3410 4097 3669 4172 καθάπερ

2090 4193 2143 4228 τι
2176 4176 2335 4248 σῶμα
2365 4180 2659 4250 χωρεῖσθαι
2706 4182 2972 4250 βούλεται,
3017 4184 3250 4255 ζητείτω
3286 4188 3382 4241 καὶ
3422 4189 3500 4259 τῷ
3534 4208 3665 4259 γεν-

2089 4272 2289 4341 νήματι
2315 4273 2497 4325 τόπον.
2526 4274 2589 4326 El
2614 4274 2671 4326 δὲ
2700 4275 2799 4328 οὐκ
2824 4276 2881 4328 ὲν
2911 4278 3057 4348 τόπῳ
3076 4278 3170 4331 τοῦ
3200 4280 3410 4349 Πατρός
3440 4284 3472 4351 ή
3504 4283 3667 4338 οὐσία

2092 4361 2173 4432 (οὐ
2209 4361 2317 4431 γάρ
2346 4364 2493 4433 τόπῳ
2524 4365 2859 4435 περιληπτὸν
2888 4366 2949 4419 τὺ
2991 4367 3174 4440 θεῖον),
3206 4370 3256 4422 τί
3293 4372 3467 4442 μάτην
3501 4386 3665 4443 περιο

2092 4450 2381 4521 εργάζεται
2409 4454 2476 4507 τὰ
2519 4456 2788 4524 μηδεμίαν
2828 4456 3019 4527 ἔχοντα
3060 4458 3309 4530 ζήτησιν,
3353 4463 3449 4515 καὶ
3485 4464 3667 4536 τολμᾷ

430 4552 633 4621 digent,
671 4552 937 4618 audetque
974 4550 1151 4602 dicere
1183 4567 1198 4603 :
1230 4548 1477 4614 Quonam
1506 4548 1699 4603 evadet
1728 4550 1847 4604 Filii
1913 4567 1990 4605 es-

2097 4542 2273 4611 λέγειν
2299 4560 2311 4573 ·
2345 4544 2455 4597 Ποῦ
2483 4547 2723 4616 χωρήσει
2761 4548 2854 4599 τοῦ
2882 4551 3217 4619 γεννήματος
3248 4554 3281 4622 ή
3310 4553 3485 4615 οὐσία,
3518 4553 3665 4624 πλη-

430 4638 626 4698 sentia,
665 4650 786 4690 cum
812 4634 975 4689 Pater
998 4635 1176 4694 omnia
1206 4636 1701 4705 repleatiApparet
1731 4639 1912 4708 itaque
1938 4650 1991 4695 et

427 4732 511 4779 est
550 4723 707 4778 Pater
746 4724 797 4777 in
837 4722 994 4787 Filio,
1040 4732 1093 4778 et
1130 4723 1301 4779 Filius
1340 4724 1394 4778 in
1440 4723 1622 4789 Patre,
1654 4742 1760 4781 non
1814 4736 1989 4784 tamen

432 4826 490 4872 ut
518 4818 653 4870 idem
682 4817 1024 4881 exsistentes,
1054 4831 1224 4885 neque
1255 4826 1314 4871 ut
1356 4834 1518 4872 unum
1584 4834 1827 4875 numero.
1896 4823 1992 4877 Est

430 4907 567 4962 inim
600 4906 755 4962 Pater
782 4908 832 4961 in
864 4923 956 4961 sua
986 4909 1335 4976 proprietate,
1374 4918 1429 4963 et
1460 4920 1544 4963 est
1585 4909 1755 4966 Filius
1810 4914 1862 4967 in
1909 4930 1993 4982 pe-

429 5000 617 5054 Culiaii
658 5015 751 5053 sua
802 5000 1143 5068 proprietate,
1173 5000 1310 5055 lianc
1341 5000 1507 5055 solam
1533 5016 1561 5054 a
1622 5001 1784 5058 Patre
1840 5003 1993 5058 ditio--

432 5090 656 5143 reutiam
713 5090 934 5155 habens,
968 5090 1107 5161 quod
1161 5089 1320 5145 Pater
1361 5091 1574 5158 quidem
1609 5107 1702 5161 per
1761 5108 1820 5148 se
1862 5107 1943 5149 est
1975 5135 1990 5160 ,

430 5195 603 5249 neque
642 5191 723 5234 est
762 5178 972 5243 Filius;
1030 5181 1195 5237 Filius
1223 5183 1384 5237 etiam
1425 5197 1520 5251 per
1572 5197 1629 5237 se
1685 5195 1787 5250 est,
1820 5200 1991 5254 neque

428 5280 511 5325 est
555 5269 734 5324 Pater.
762 5272 865 5326 Sed
916 5271 1016 5325 hac
1064 5273 1276 5340 quidem
1326 5274 1438 5327 sola
1480 5273 1776 5332 differentia
1828 5294 1857 5330 a
1890 5278 1991 5331 Pa-

432 5372 514 5416 tre
557 5364 861 5425 distinctus,
908 5362 1150 5416 eamdem
1182 5365 1341 5418 habet
1372 5373 1606 5430 paterna:
1641 5376 1841 5427 natura:
1873 5384 1989 5435 pro-

430 5455 747 5521 prietatem;
804 5464 989 5521 estque
1060 5468 1249 5509 rursus
1298 5458 1349 5509 in
1402 5455 1596 5518 Patre,
1643 5460 1987 5524 quemadmo-

428 5542 553 5594 dum
581 5540 830 5607 splendor
856 5541 941 5610 qni
970 5556 999 5597 e
1039 5540 1148 5595 sole
1189 5543 1468 5606 emittitur,
1502 5545 1591 5612 qui
1620 5544 1831 5611 quidem
1865 5561 1986 5613 pro-

431 5632 573 5687 uidit
617 5647 681 5685 ex
713 5633 845 5699 ipso,
876 5632 1018 5685 aliud
1040 5630 1310 5700 quidpiam
1344 5633 1411 5685 ab
1453 5634 1586 5701 ipso,
1617 5648 1778 5686 unum
1809 5644 1982 5687 tamen

431 5733 621 5776 natura
635 5723 920 5778 exsistens.
941 5722 1073 5775 Nam
1090 5723 1190 5776 hoc
1208 5732 1290 5778 est
1308 5722 1405 5788 sol,
1426 5722 1554 5778 illud
1570 5740 1697 5779 vero
1709 5726 1979 5793 Splendor.

432 5813 591 5870 Pater
620 5814 797 5877 itaque
822 5814 1091 5871 exsistcns
1118 5814 1294 5869 emisit
1334 5812 1535 5881 lumen,
1563 5812 1755 5870 Filium
1781 5856 1796 5884 ,
1828 5815 1978 5887 sigil-

2097 4634 2312 4702 ροῦντος
2356 4635 2424 4687 τά
2455 4636 2632 4689 πάντα
2668 4636 2760 4689 toﬁ
2802 4640 3047 4711 Πατρός;
3090 4642 3341 4696 Φαίνεται
3387 4646 3484 4714 μὲν
3513 4640 3607 4699 οὖν
3636 4650 3665 4701 6

2091 4724 2280 4795 Πατὴρ
2308 4727 2398 4779 καὶ
2421 4726 2564 4780 ἔστιν
2594 4728 2651 4781 ὲν
2684 4728 2817 4799 Υίῷ,
2848 4732 2941 4784 καὶ
2971 4731 3097 4795 Υἱὸς
3134 4734 3191 4785 ὲν
3222 4734 3392 4805 Πατρί
3413 4753 3425 4767 ο
3454 4736 3552 4806 οὐχ
3583 4738 3664 4802 ὡς

2088 4814 2286 4865 ταυτὸν
2318 4812 2374 4865 δὲ
2420 4816 2591 4879 ὄντες,
2622 4817 2741 4871 οὐδὲ
2781 4818 2856 4881 ὡς
2906 4818 2964 4872 ἓν
3007 4820 3245 4892 ἀριθμῷ.
3278 4824 3434 4875 Ἔστι
3476 4824 3585 4895 γὰρ
3631 4828 3663 4878 6

2091 4902 2279 4973 Πατὴρ
2311 4905 2366 4954 ὲν
2396 4906 2462 4973 τῇ
2491 4905 2653 4956 αὐτοῦ
2684 4906 2902 4976 ἰδιότητι
2922 4924 2935 4936 ·
2968 4909 3061 4961 καὶ
3099 4910 3246 4962 ἔστιν
3282 4912 3311 4962 ό
3339 4911 3466 4973 Υἱὸς
3509 4914 3565 4965 ἐν
3590 4917 3660 4987 τῇ

2096 4993 2201 5063 ἰδία
2235 4993 2471 5063 ἰδιότητι,
2501 4996 2701 5065 ταύτην
2732 4998 2867 5066 ἔχων
2896 5000 3063 5070 μόνην
3095 5003 3241 5071 πρὸς
3267 5002 3359 5056 τὸν
3394 5003 3434 5055 Γ
3437 5021 3665 5075 εγεννη-

2091 5083 2225 5153 κότα
2268 5082 2368 5151 τὴν
2403 5083 2697 5154 διαφοράν·
2738 5087 2766 5137 ὁ
2796 5088 2893 5156 μὲν
2928 5090 3034 5159 γὰρ
3062 5092 3270 5161 Πατὴρ,
3317 5092 3440 5145 καθ’
3466 5095 3663 5149 ἑαυτόν

2091 5174 2227 5236 ἐστι,
2253 5175 2344 5226 καὶ
2369 5175 2466 5227 οὐκ
2492 5174 2637 5228 ἐστιν
2667 5176 2822 5241 Υἱὸς·
2854 5182 2882 5232 6
2902 5180 2958 5233 δὲ
2988 5182 3116 5244 Υἱὸς
3141 5182 3261 5234 καθ’
3285 5183 3475 5235 ἑαυτὸν
3516 5185 3660 5246 ἐστι,

2091 5265 2185 5317 καὶ
2227 5266 2329 5335 ρὺκ
2375 5265 2488 5318 ἔστι
2532 5268 2744 5339 Πατήρ.
2806 5271 2962 5325 Ἀλλά
3001 5272 3140 5324 κατά
3184 5271 3339 5327 τοῦτο
3382 5274 3542 5343 μόνον
3584 5276 3663 5342 ᾡς

2090 5354 2226 5425 πρὸς
2276 5356 2366 5409 τὸν
2419 5358 2637 5436 Πατέρα
2680 5360 2776 5429 τὴν
2822 5360 3102 5432 διαστολὴν
3150 5363 3310 5432 ἔχων,
3357 5366 3511 5437 φέρει
3560 5368 3663 5436 μὲν

2088 5447 2219 5499 αὐτὸ
2247 5447 2347 5517 τῆς
2376 5450 2643 5519 πατρικῆς
2671 5451 2884 5519 φύσεως
2919 5452 2981 5503 τὸ
3016 5453 3233 5523 ἰδίωμα,
3272 5454 3386 5507 ἔστι
3412 5456 3467 5508 δὲ
3495 5456 3660 5509 πάλιν

2088 5539 2144 5589 ὲν
2185 5536 2263 5607 τῷ
2306 5540 2499 5609 Πατρὶ,
2535 5539 2721 5610 ὥσπερ
2764 5543 2823 5595 τὸ
2869 5545 2931 5596 ἐκ
2972 5544 3065 5596 toﬁ
3107 5544 3255 5615 ήλίου
3304 5546 3660 5616 πεμπόμενον

2087 5631 2444 5701 ἀπαύγασμα,
2473 5634 2683 5702 πρόεισι
2713 5635 2809 5704 μὲν
2833 5635 2892 5699 ἐξ
2927 5636 3113 5700 αὐτοῦ,
3148 5636 3332 5706 ἓτερον
3359 5636 3413 5690 δέ
3443 5655 3495 5690 τι
3526 5645 3661 5706 παρ’

2089 5724 2250 5776 αὐτόν
2282 5726 2447 5785 ἐστιν,
2476 5723 2534 5777 ἒν
2577 5727 2714 5778 κατά
2764 5726 2926 5794 φύσιν
2970 5727 3229 5800 ὑπάρχον.
3265 5727 3336 5780 Τὸ
3380 5729 3477 5798 μὲν
3522 5731 3657 5801 γὰρ,

2089 5819 2235 5889 ήλιος
2258 5857 2271 5883 ,
2296 5816 2355 5870 τὸ
2389 5818 2464 5885 δὲ,
2494 5817 2851 5889 ἀπαύγασμα.
2884 5822 2975 5874 Ὧν
3010 5816 3100 5875 οὖν
3129 5821 3339 5893 Πατήρ,
3367 5820 3657 5893 ἁπηύγασε
