3922 6468
200 470 273 524 l0l
1615 451 2061 517 THESAURUS.

3366 443 3470 499 10‘!

197 582 272 635 ev
301 579 435 641 Υίὺν,
484 577 777 648 σφραγῖδα
814 578 917 631 καὶ
964 578 1146 631 είκόνα
1184 578 1277 647 τῆς
1324 576 1515 631 ἑαυτοῦ
1568 572 1781 644 φύσεως

1894 567 1991 618 lum
2023 572 2077 619 et
2133 562 2422 634 imaginem
2464 558 2920 630 perfectissimam
2972 572 3081 612 suae
3147 554 3317 627 ipsius
3374 571 3470 607 nr-

198 667 569 737 ἀκριϐεστάτην

691 788 1084 876 ΛΟΓΟΣ
1157 790 1285 871 H’.

198 942 331 1012 Πρὸς
360 943 500 1009 τοὺς
535 944 874 1013 λέγοντας,
918 944 1011 996 ὅτι
1041 946 1111 996 οὐ
1139 940 1217 1007 τῷ
1240 939 1663 1013 ,Πατρζίᾲιλὰ
1704 938 1781 1007 τῇ

340 1009 654 1081 βουλιὶσέι
690 1014 893 1068 αὑτοῦ
932 1013 1136 1083 ὅμοιός
1162 1014 1333 1066 ἐστιν
1370 1015 1402 1065 d
1445 1009 1603 1071 Υἱός.

256 1124 446 1196 Πολλὴν
475 1126 542 1180 ἂν
570 1143 663 1188 τις
690 1125 933 1189 εἰκότως
966 1123 1220 1177 ἀϐουλίαν
1248 1122 1356 1177 τῶν
1397 1119 1779 1192 χριστομάχων

201 1218 652 1289 armentumve,
710 1216 750 1287 ἢ
804 1217 1068 1285 λογιεῖται
1115 1215 1289 1286 ὀρθῶς
1336 1214 1643 1286 μαίνεσθαι,
1690 1232 1781 1267 πι-

203 1306 379 1361 στεύων
397 1310 513 1370 τοῑς
552 1307 661 1375 τῆς
692 1306 1015 1379 βουλήσεως
1050 1306 1142 1359 τοῦ
1175 1304 1401 1375 Πατρός,
1423 1305 1608 1375 ὅμοιον
1641 1298 1782 1358 εἶναι

201 1396 390 1463 λέγωσι
417 1396 511 1449 τὸν
541 1395 707 1458 Υἱδν,
752 1396 859 1449 οὐκ
904 1394 1055 1465 αὺτῷ
1095 1394 1171 1464 τῷ
1216 1394 1423 1466 Πατρί·
1473 1393 1650 1448 καίτοι
1684 1394 1783 1463 τῆς

203 1487 329 1549 θείας
350 1488 575 1558 Γραφῆς
621 1488 689 1541 οὐ
728 1486 929 1540 τοῦτον
962 1486 1302 1557 ἐκφερούσης
1339 1486 1467 1559 περὶ
1495 1484 1662 1539 αὐτοῦ
1691 1486 1783 1539 τὸν

204 1582 324 1649 ὅρον,
352 1579 464 1631 ἀλλ’
485 1580 614 1632 οὐδὲ
646 1578 831 1633 αὑτοῦ
861 1578 957 1631 τοῦ
987 1579 1241 1649 Σωτῆρος
1264 1579 1511 1648 λέγοντος
1532 1594 1546 1609 ο
1592 1578 1649 1632 ’0
1684 1578 1781 1631 ἑω-

207 1668 362 1737 ρακὼς
386 1668 506 1738 ἐμὲ,
534 1667 771 1737 ἑώρακε
796 1666 895 1738 τὴν
920 1666 1173 1737 βούλησιν
1193 1667 1287 1720 τοῦ
1314 1667 1546 1736 Πατρός.
1587 1666 1783 1737 Ἐχρῆν

188 1756 251 1813 ,δέ
276 1774 329 1824 γε
355 1756 446 1809 τὸν
481 1756 724 1811 εἰπόντα
752 1758 991 1829 Χριστόν
1012 1771 1025 1787 ”
1055 1777 1073 1809 ‹
1121 1756 1261 1827 Ἐγώ
1285 1760 1401 1829 είμι
1428 1760 1461 1828 ὴ
1485 1758 1731 1829 ἀλήθεια,
1758 1776 1777 1810 ι

208 1846 358 1918 μήτῷ
387 1850 567 1919 [lupi
610 1850 772 1903 κατὰ
806 1849 971 1919 φύσιν
996 1849 1189 1903 ἑαυτὸν
1216 1849 1521 1921 ἐξομοιοῦν,
1554 1853 1622 1920 τῇ
1663 1849 1785 1920 βου-

206 1938 337 2009 λήσει
370 1939 425 1993 δὲ
470 1940 686 2011 μᾶλλον
733 1937 928 2003 αὐτοῦ,
973 1942 1130 2010 εῐπερ
1162 1938 1336 2002 οὕτως
1364 1938 1500 2009 ἔχει,
1530 1940 1783 2012 καθάπερ

208 2030 377 2083 ίκιίνιοί
401 2048 592 2100 φασιν.
636 2032 789 2085 Ἀλλ’
816 2031 1052 2101 οὐδαμοῦ
1078 2032 1176 2102 τὴν
1209 2031 1461 2102 βούλησιν
1486 2033 1778 2103 ὀνομάσας,

207 2122 365 2177 sinuin
388 2122 444 2175 δὲ
461 2121 558 2175 τοῦ
594 2122 822 2192 Πατρδς
848 2124 1039 2176 ἑαυτὸν
1070 2121 1404 2193 προσειπὼν,
1425 2122 1581 2195 δῆλος
1607 2124 1674 2178 ἂν
1695 2124 1781 2197 εἴη

209 2214 292 2283 τήν
316 2213 541 2268 ἐκείνων
574 2213 852 2268 ὑπόνοιαν
886 2214 1145 2284 ἀναιρῶν.

887 2328 1095 2384 ΔΛΛΟ.

282 2435 609 2507 Ἐρωτητέον
627 2439 766 2501 τοὺς
789 2439 1191 2510 χριστομάχους
1210 2456 1224 2468 ·
1270 2440 1334 2494 Ἦ
1366 2440 1620 2512 βούλησις
1646 2442 1784 2509 αὕτη

214 2523 295 2577 τοῦ
315 2526 545 2596 Πατρδς,
576 2523 651 2599 ἦς
692 2529 886 2597 ὅμοιον
910 2524 1050 2583 εἷναί
1075 2548 1212 2599 φατε
1238 2532 1330 2585 τὸν
1373 2532 1521 2597 Υίὸν,
1558 2534 1785 2605 πότερόν

214 2630 325 2668 ποτε
352 2618 506 2672 οὐσία
542 2619 635 2682 τίς
685 2620 824 2683 ἔστι,
870 2620 966 2673 καὶ
996 2620 1204 2691 ὑπέστη
1236 2622 1376 2694 αὐτὴ
1414 2622 1535 2675 καθ’
1561 2623 1781 2695 ἑαυτήν,

215 2704 411 2777 ﬁctili;
446 2709 511 2762 El
557 2708 673 2779 μὲν
711 2708 823 2781 γὰρ
850 2709 1082 2782 οὐσιώδη
1120 2714 1215 2765 καὶ
1254 2712 1621 2783 ὑποστατικὴν
1648 2709 1785 2767 εἶναι

214 2794 389 2851 δώσετε
415 2800 658 2871 ταύτην,
688 2800 804 2864 πῶς
829 2800 910 2855 ἔτι
940 2803 1232 2872 μονογενὴς
1264 2805 1292 2855 ό
1317 2804 1467 2867 Υἱὸς,
1499 2804 1678 2875 τρίτος
1708 2805 1785 2859 ὢν

216 2886 267 2941 ιιι
290 2891 522 2963 Πατρόςς
562 2894 827 2947 Φαίνεται
852 2893 961 2962 γὰρ
1002 2895 1375 2965 μεσολασοῦσα
1406 2895 1503 2968 τὴν
1534 2900 1785 2967 γέννησιν

217 2982 359 3036 αὐτοῦ
385 2985 655 3057 βούλησίς
679 3003 763 3049 τις
789 2987 1151 3051 ἐνυπόστατος
1191 2988 1286 3041 καὶ
1320 2987 1490 3052 ζῶσα,
1517 2989 1661 3043 κατὰ
1688 2990 1785 3059 τὴν

218 3072 462 3147 ὑμετέραν
500 3080 801 3149 πρότασιν.
853 3080 914 3132 Ei
954 3078 1011 3131 δὲ
1043 3078 1201 3133 τοῦτο
1231 3079 1681 3150 παραιτούμενοι,
1722 3080 1784 3133 οὐ

219 3165 323 3217 καθ’
345 3168 650 3222 ὑπόστασιν
678 3171 777 3238 τὴν
808 3168 1063 3239 βούλησιν
1083 3169 1391 3223 διακεῖσθαι
1420 3170 1641 3236 δώσετε,
1665 3172 1787 3225 οὐδὲ

1884 665 2040 710 tura.

1914 782 1956 835 ί
2197 778 2776 872 ASSEBTIO
2869 779 3152 870 VIII.

1917 952 2182 1006 Adversus
2201 948 2448 1013 dicentes,
2483 964 2588 1002 non
2609 948 2783 1009 Patri.
2805 947 2895 1000 sed
2918 946 3176 1001 voluntati
3193 944 3311 1014 ejus
3366 944 3441 997 ιέ-
3532 968 3535 971 ι

2383 1019 2561 1073 utilem
2582 1033 2695 1072 esse
2730 1016 2962 1071 Filium.

1954 1133 2147 1188 Merito
2169 1132 2292 1202 quis
2324 1145 2573 1200 magnam
2601 1130 2837 1184 hostium
2874 1127 3077 1183 Christi
3108 1126 3472 1182 temeritatem

1880 1224 2120 1286 damnet,
2154 1230 2245 1275 aut
2300 1219 2499 1276 rectius
2548 1218 2788 1274 insanire
2831 1217 3037 1286 iudicet
3077 1231 3169 1272 eos
3207 1216 3299 1285 qui
3364 1231 3472 1270 non

1886 1313 1986 1380 ipsi
2022 1312 2197 1377 Patri,
2244 1311 2341 1366 sed
2367 1308 2627 1363 voluntati
2652 1307 2768 1376 eius
2820 1307 3051 1363 similem
3100 1320 3223 1362 esse
3278 1305 3473 1360 Filium

1884 1402 2259 1466 contendunt,
2305 1416 2427 1456 cum
2474 1399 2675 1469 alioqui
2726 1413 2881 1453 sacra
2920 1397 3198 1466 Scriptura
3238 1411 3346 1451 non
3401 1396 3474 1450 ita

1886 1496 1953 1550 de
2026 1495 2142 1564 ipso
2198 1494 2465 1556 deﬁniat,
2518 1492 2613 1545 sed
2674 1505 2851 1559 neque
2916 1491 3031 1561 ipse
3086 1487 3342 1543 Servator
3392 1488 3476 1541 di-

1886 1596 2023 1639 cat:
2066 1585 2167 1653 Qui
2227 1586 2357 1639 vidit
2419 1599 2503 1640 me
2537 1625 2552 1649 ,
2609 1584 2743 1638 vidit
2798 1592 2852 1636 ct
2904 1583 3244 1637 voluntatem
3298 1581 3478 1634 Patris

1882 1676 1988 1748 δι
2027 1678 2152 1732 mei.
2188 1674 2441 1747 Oportuit
2471 1691 2603 1731 vero
2640 1674 2914 1730 Christum
2961 1674 3229 1729 dicentem
3260 1710 3277 1737 ,
3308 1690 3327 1723 σ
3365 1671 3479 1741 Ego

1884 1782 2004 1822 sum
2030 1768 2230 1822 veritas
2258 1767 2326 1835 ⁶¹,
2361 1785 2380 1819 ι
2414 1780 2755 1837 nequaquam
2781 1780 2839 1820 se
2868 1765 3016 1819 Patri
3045 1763 3343 1819 secundum
3381 1778 3477 1815 na-

1889 1869 2066 1913 turam
2115 1874 2459 1929 comparare,
2487 1858 2586 1915 sed
2627 1857 2807 1927 potius
2838 1855 2955 1926 ejus
2986 1855 3272 1919 voluntati,
3314 1852 3359 1907 si
3396 1853 3469 1906 ita

1886 1960 1991 2015 est,
2034 1959 2095 2005 ut
2146 1950 2247 2020 ipsi
2302 1952 2515 2006 volunt.
2580 1951 2651 2005 At
2692 1963 2817 2004 cum
2861 1962 2923 2005 se
2969 1961 3076 2002 non
3146 1946 3477 2001 voluntatem

1889 2039 2207 2104 nominarit,
2234 2042 2337 2103 .sed
2368 2040 2630 2110 adiecerit
2663 2053 2723 2095 se
2766 2053 2889 2093 esse
2943 2037 3238 2108 imaginem
3274 2034 3475 2101 Patris,

1889 2133 2179 2190 manifeste
2209 2148 2399 2189 eorum
2430 2133 2744 2204 opinionem
2770 2130 3057 2186 subvertit.

2572 2326 2803 2383 ALIUD.

1962 2442 2337 2514 lnterrogandi
2373 2451 2501 2496 sunt
2540 2440 2730 2495 hostes
2768 2438 2968 2493 Christi
3019 2454 3033 2491 :
3072 2438 3335 2493 Voluntas
3367 2437 3482 2493 lucc

1893 2535 2090 2601 Patris,
2120 2537 2207 2592 cui
2243 2533 2478 2588 similem
2527 2532 2711 2587 dicitis
2754 2544 2875 2587 esse
2926 2529 3145 2593 Filium,
3203 2540 3356 2584 estne
3396 2546 3483 2585 es-

1891 2626 2087 2690 sentia,
2143 2624 2469 2693 exstititque
2524 2624 2639 2692 ipsa
2682 2637 2785 2692 per.
2814 2637 2895 2688 se,
2946 2636 3015 2674 au
3067 2618 3378 2676 noniNam
3434 2621 3480 2676 si

1892 2717 2237 2773 essentialem
2288 2730 2410 2771 esse
2448 2715 2643 2789 dicetis
2690 2722 2746 2768 et
2796 2728 2894 2782 per
2931 2728 2990 2767 se
3022 2713 3321 2778 exstitisse,
3373 2728 3483 2784 quo

1891 2818 2051 2879 pacto
2082 2807 2340 2878 deinceps
2394 2805 2569 2861 Filius
2605 2805 2712 2859 erit
2743 2807 3075 2876 unigenitus,
3107 2820 3228 2859 cum
3269 2805 3381 2876 jam
3413 2806 3483 2860 sit

1894 2901 2087 2956 tertius
2124 2914 2192 2954 ex
2231 2899 2394 2954 Patre
2420 2898 2705 2968 ?Apparet
2738 2898 2882 2951 enim
2919 2898 3268 2966 prmcessisse
3312 2898 3483 2968 ipsius

1891 2991 2291 3060 generationem
2350 2989 2680 3043 voluntatem
2731 2989 3024 3058 quamdam
3084 3001 3272 3042 revera
3330 2990 3482 3043 exsi-

1893 3087 2126 3134 stentem
2150 3088 2205 3132 et
2224 3076 2591 3146 vivam,juxta
2610 3084 2845 3131 vestram
2866 3077 3309 3146 pronositionem.
3327 3076 3483 3143 Quod

1894 3169 1939 3224 si
1985 3183 2116 3223 vero
2162 3169 2266 3223 hoc
2323 3177 2606 3237 negantes,
2663 3182 2768 3221 non
2818 3168 2872 3221 in
2925 3168 3144 3237 pr0pria
3199 3166 3480 3239 liypostasi

218 3256 382 3311 οὐσίαν
403 3254 547 3314 εἶναι
579 3260 769 3325 ζῶσαν
792 3261 887 3314 καὶ
908 3262 1275 3334 ὑπάρχουσαν,
1299 3263 1489 3335 ὥσπερ
1523 3262 1612 3317 τὸν
1638 3261 1782 3325 Υἱδν1

1897 3260 2197 3314 subsistere
2219 3258 2358 3313 hanc
2385 3258 2718 3312 voluntatem
2742 3258 2962 3323 dabitis,
2990 3273 3165 3327 neque
3188 3262 3483 3315 essentiam

220 3346 536 3415 ἀπαιδεύτοις
572 3346 786 3420 σφόδρα
818 3351 913 3405 καὶ
944 3352 1171 3422 ἀμαθῶς
1211 3354 1286 3424 μὴ
1320 3352 1415 3407 δύο
1451 3352 1789 3424 παραθέντες

219 3437 385 3502 οὐσίας
414 3442 724 3512 ὁμοιότητα
750 3440 984 3512 ζητεῖτε.
1016 3442 1141 3506 Πῶς
1175 3443 1285 3513 γὰρ
1317 3442 1469 3496 ἔσται
1503 3443 1564 3495 τὸ
1594 3443 1788 3496 ὲνυπό-

222 3544 392 3583 οτατον
423 3532 504 3603 τῷ
542 3532 623 3603 μὴ
652 3532 880 3604 τοιούτῳ
911 3533 1264 3605 προσεοικόςς
1299 3535 1332 3606 ἢ
1363 3534 1480 3597 πῶς
1506 3535 1566 3588 τὸ
1598 3534 1673 3606 μὴ
1708 3536 1790 3599 είς

218 3618 385 3674 obsim
412 3623 637 3692 ἐνεχθὲν
674 3621 753 3692 τῷ
789 3624 1120 3693 ὑφεστηκότι
1160 3625 1304 3679 κατὰ
1332 3626 1423 3677 τὸν
1467 3626 1567 3696 τῆς
1613 3628 1785 3696 ἐμφε-

219 3707 354 3775 ριίας
382 3711 590 3782 τρόπον
622 3711 1059 3781 ἀντεξετάζοιτος

898 3903 1101 3957 ΔΛΛΟ.

276 4013 379 4067 Καὶ
403 4015 487 4079 τίς
510 4015 620 4068 οὐκ
648 4014 714 4069 ἂν
742 4017 1097 4088 ὁμολογήσειε
1127 4016 1251 4071 νοῦν
1281 4018 1421 4087 ἔχων
1452 4020 1534 4072 ὅτι
1560 4019 1639 4092 τῷ
1663 4017 1787 4090 ζὼῳ

217 4101 335 4170 πρὸς
384 4105 445 4158 τὺ
486 4104 636 4171 ζῶον
693 4108 726 4178 ἡ
770 4108 1046 4179 ὁμοιότης,
1094 4111 1187 4162 καὶ
1232 4110 1309 4179 τῷ
1351 4111 1425 4181 μὴ
1476 4110 1600 4182 ζώῳ
1651 4114 1787 4182 πρὸς

216 4192 268 4243 τὸ
294 4194 362 4263 μὴ
389 4194 573 4261 ζῶονς
609 4196 692 4249 Τὰ
720 4197 829 4268 γὰρ
859 4199 1149 4270 ἑτερογενῆ
1183 4200 1278 4253 καὶ
1308 4201 1484 4271 πάντη
1522 4202 1619 4272 τῆς
1651 4203 1787 4273 πρὸς

216 4280 405 4354 mnia
449 4288 699 4357 σχέσεως
730 4288 977 4357 φυσικῶς
1008 4290 1435 4361 διακεκομμένα,
1467 4294 1568 4347 οὐκ
1596 4296 1662 4349 ἄν
1704 4314 1787 4359 τις

216 4369 267 4426 εὖ
319 4378 534 4447 φρονῶν
586 4379 933 4445 ἀντεξετάζοι
986 4382 1120 4451 πρὸς
1174 4382 1417 4453 ἄλληλα,
1456 4385 1578 4438 οὐδὲ
1628 4388 1785 4441 τοῦτο

215 4464 393 4539 ἑηίνῳ
406 4470 888 4541 προσεοικὸς,οὗτε
915 4472 1021 4543 μὴν
1047 4475 1220 4529 ἐκεῖνο
1247 4476 1422 4547 τούτῳ
1449 4480 1673 4549 φήσειεν
1698 4481 1781 4535 ἄν.

1892 3363 2014 3403 esse
2044 3349 2221 3402 vivam
2271 3358 2437 3418 atque
2492 3348 2872 3414 exsisteutetn,
2932 3360 2989 3403 ut
3047 3348 3265 3417 Filium,
3304 3351 3489 3420 inepte

1891 3448 2041 3493 certe
2090 3452 2197 3492 non
2262 3438 2457 3507 positis
2512 3438 2720 3491 duabus
2768 3439 3025 3494 essentiis
3071 3440 3485 3495 similitudinem

1890 3527 2155 3595 quaeritis.
2194 3527 2313 3594 Quo
2348 3538 2507 3596 pacto
2552 3527 2697 3581 enim
2743 3526 2795 3580 id
2830 3528 2974 3597 quod
3010 3528 3352 3599 hypostatice
3388 3543 3488 3584 ex-

1891 3617 2056 3683 sistit,
2106 3632 2213 3671 non
2266 3617 2555 3672 exsistenti
2602 3616 2778 3671 simile
2826 3617 2933 3672 dici
2979 3617 3190 3687 possit?
3236 3627 3330 3673 aut
3377 3634 3487 3689 quo

1893 3718 2051 3777 pacto
2079 3709 2129 3764 id
2160 3710 2302 3776 quod
2350 3710 2593 3763 nondum
2644 3709 2709 3763 ad
2742 3722 2864 3764 esse
2914 3711 3237 3780 perductum
3272 3722 3381 3778 est,
3431 3710 3483 3768 ei

1890 3801 2034 3870 quod
2058 3801 2171 3870 jam
2201 3809 2309 3867 est,
2342 3802 2718 3857 similitudinis
2752 3803 2966 3858 ratione
2990 3802 3234 3860 conferri
3266 3806 3487 3876 potest?

2568 3914 2801 3971 ALIUD.

1961 4028 2095 4095 Quis
2125 4027 2268 4082 enim
2305 4040 2453 4082 sanae
2484 4028 2685 4083 mentis
2726 4042 2831 4082 non
2874 4027 3110 4083 fateatur
3144 4029 3366 4085 animali
3414 4032 3483 4085 ad

1889 4120 2091 4174 animal
2121 4118 2531 4175 similitudinem
2563 4120 2921 4185 intercedere,
2954 4128 3008 4175 et
3031 4136 3135 4175 non
3161 4121 3381 4176 animali
3412 4123 3485 4178 ad

1894 4226 1999 4266 non
2028 4211 2274 4266 animal?
2317 4210 2453 4265 Nam
2488 4225 2609 4279 quae
2646 4211 2846 4266 diversi
2879 4211 3094 4279 generis
3142 4222 3291 4279 sunt,
3326 4224 3381 4267 et
3412 4216 3480 4269 ad

1889 4303 2120 4358 invicem
2166 4303 2359 4367 relata,
2410 4302 2733 4371 naturaliter
2775 4303 3071 4367 dissident,
3126 4318 3286 4358 nemo
3336 4318 3485 4361 recte

1887 4392 2127 4447 sentiens
2156 4392 2297 4445 inter
2329 4405 2387 4446 se
2410 4400 2711 4460 cumparet,
2746 4406 2921 4461 neque
2956 4392 3058 4447 ltoe
3088 4393 3187 4457 illi,
3214 4405 3309 4448 aut
3350 4396 3481 4451 illttd

1890 4485 2015 4538 huic
2055 4483 2234 4537 simile
2278 4498 2402 4538 esse
2437 4483 2601 4537 dicat.
2634 4481 2837 4548 Veluti,
2869 4485 3100 4553 exempli
3134 4487 3331 4555 gratia,
3366 4499 3478 4543 sta-

216 4553 329 4613 Οἷον
358 4562 491 4632 φέρε
526 4564 738 4615 ιίπετνθ
759 4563 1080 4636 Ἄνθρωπος
1123 4568 1491 4638 προσκείσθω,
1528 4570 1560 4641 ἢ
1595 4571 1781 4644 ἕτερόν

1894 4586 2076 4630 luatur
2098 4577 2280 4643 homo,
2318 4585 2411 4630 aut
2444 4575 2548 4628 alia
2574 4575 2844 4644 qutepiam
2877 4553 3180 4631 substantia
3225 4593 3345 4647 qua:
3382 4581 3484 4636 sub

216 4662 261 4699 τι
290 4650 390 4703 τῶν
422 4653 600 4705 όντων
646 4654 748 4706 ὅσα
788 4654 978 4708 πίπτει
1016 4655 1152 4725 πρὸς
1182 4657 1275 4710 τὸν
1316 4659 1441 4728 ὅρον
1480 4659 1574 4712 τοῦ
1619 4660 1779 4728 ζὼου,

218 4742 401 4795 uim
444 4745 545 4798 καὶ
585 4746 892 4816 ἐπιστήμη,
945 4748 1064 4818 ήτοι
1099 4749 1280 4818 σοφία,
1337 4750 1455 4821 ἤτοι
1508 4751 1782 4824 βούλησις,

217 4829 452 4904 ήέτερόν
494 4852 547 4888 τι
592 4835 700 4889 τῶν
753 4838 856 4890 ὅσα
907 4838 1031 4892 καθ’
1077 4840 1246 4894 ἑαυτὰ
1287 4840 1387 4894 οὐκ
1450 4842 1784 4898 ἑνυπόστατα

220 4925 325 4990 μὲν,
367 4926 669 4996 ἐνυπάρχει
716 4926 772 4979 δὲ
814 4928 963 4998 ὅμως
1006 4929 1111 4983 τῶν
1150 4934 1318 4988 ὄντων
1366 4938 1530 5001 τισὶν,
1573 4937 1785 5009 ἀνθρώ-

221 5028 325 5077 ποις
362 5017 524 5088 τυχὸν
580 5019 613 5087 ἢ
671 5018 943 5085 ἀγγέλοις.
995 5017 1120 5094 Ἆρ’
1151 5020 1278 5090 οὖν,
1326 5027 1501 5092 εἴτις
1542 5030 1634 5082 τὸν
1692 5032 1785 5085 ἇν-

219 5101 415 5172 θρωπον
469 5110 502 5177 ἢ
552 5109 740 5180 ἕτερόν
791 5128 844 5164 τι
902 5110 1041 5176 ζῶον
1080 5117 1144 5185 τῇ
1205 5118 1484 5190 ἐπιστήμῃ
1540 5120 1658 5191 ἦτοι
1715 5125 1781 5193 τῇ

223 5199 430 5269 σοφίᾳῆ
478 5204 545 5271 τῇ
593 5202 845 5272 βουλήσει
888 5208 1265 5276 προσεοικέναι
1306 5211 1552 5280 φήσειεν,
1583 5214 1682 5267 οὐκ
1716 5214 1781 5267 ἂν

222 5287 432 5353 εἰκότως
464 5293 677 5363 μωρίας
704 5294 929 5364 όέρλήσοι
966 5296 1196 5366 γέλωτα,
1226 5302 1297 5354 τὰ
1339 5302 1504 5373 μηδὲν
1532 5302 1782 5374 ἀλλήλοις

224 5385 561 5446 προσεοικότα
598 5385 915 5456 δοκιμάζειν
942 5407 1003 5442 τε
1035 5391 1127 5445 καὶ
1156 5393 1532 5460 ἀντεξετάζειν
1575 5399 1781 5469 ἐπιχει-

225 5468 346 5537 ρῶνς
395 5475 604 5528 Οὐκοῦν
643 5480 1002 5544 ἐνυπόστατος
1033 5482 1109 5536 ὢν
1151 5486 1179 5537 ό
1208 5484 1334 5549 Tib;
1377 5486 1472 5539 τοῦ
1519 5488 1676 5554 Θεοῦ,
1712 5492 1777 5561 τῇ

223 5560 553 5650 ανυποστάτῳ
588 5567 840 5641 βουλήσει
882 5576 1005 5626 κατ’
1031 5575 1182 5628 οὐδὲν
1223 5578 1374 5631 ἔσται
1420 5580 1775 5650 προσεοικώς.

226 5646 285 5703 Ἦ
311 5656 413 5727 γὰρ
442 5660 730 5732 ἀποτόμως
764 5665 1015 5737 ἀνόμοιον
1044 5663 1184 5725 εἶναι
1221 5671 1297 5741 τῷ
1333 5646 1507 5741 Πατρὶ
1539 5673 1775 5743 λεγέτω-

282 5834 324 5867 ⁸¹
349 5834 499 5893 Joan.
542 5856 652 5909 xiv,
682 5844 736 5899 6.

1888 4669 2259 4724 definitionem
2284 4667 2533 4721 animalis
2554 4667 2728 4721 cadit:
2748 4675 3017 4722 statuatur
3039 4670 3203 4723 etiam
3231 4671 3481 4739 scientia,

1891 4760 1975 4814 vel
2010 4760 2299 4830 sapientia,
2351 4759 2437 4815 vel
2466 4758 2736 4823 voluntas,
2784 4759 2869 4812 vel
2921 4759 3068 4814 aliud
3117 4763 3246 4830 quid
3294 4777 3481 4819 eorum

1892 4867 2013 4921 quae
2036 4867 2142 4907 non
2170 4852 2438 4907 exsistunt
2473 4866 2569 4921 per
2604 4865 2683 4918 se,
2712 4852 2892 4905 insunt
2921 4862 3099 4915 tamen
3128 4854 3271 4919 aliis,
3302 4856 3481 4910 horni-

1894 4942 2055 4998 nibus
2082 4944 2335 4998 nimirum
2365 4944 2448 4997 vel
2482 4944 2707 5013 angelis.
2733 4942 2787 4996 Si
2826 4943 2948 5012 quis
2980 4944 3144 5013 igitur
3174 4945 3482 5011 hominem,

1895 5048 1987 5090 aut
2008 5036 2150 5091 aliud
2176 5036 2396 5106 aliquod
2420 5036 2624 5091 animal
2650 5036 2911 5101 scientiae,
2935 5045 3028 5090 aut
3052 5038 3361 5107 sapientize,
3387 5048 3483 5095 aut

1893 5126 2155 5182 volur‘itati
2197 5128 2375 5182 simile
2397 5142 2518 5181 esse
2547 5127 2769 5191 dixerit,
2800 5143 2979 5182 nonne
3004 5130 3203 5183 merito
3232 5131 3482 5187 stultitia:

1891 5220 2109 5273 nomine
2139 5218 2419 5273 rideatur?
2453 5218 2651 5288 quippe
2686 5220 2778 5287 qui
2804 5234 2864 5273 ea
2896 5221 3090 5288 quibus
3125 5222 3267 5277 nulla
3312 5225 3482 5278 inter-

1886 5309 2030 5365 cedit
2064 5311 2461 5378 convenientia,
2511 5326 2829 5380 comparare
2862 5323 3024 5382 atque
3055 5314 3309 5369 conferre
3342 5316 3483 5371 inter

1886 5417 1945 5458 se
2000 5402 2150 5457 velit.
2208 5402 2374 5457 Filius
2438 5404 2620 5475 itaque
2663 5405 2753 5458 Dei
2811 5405 3146 5476 ltypostatice
3188 5407 3479 5473 exsistcns,

1887 5491 2146 5546 voluntati
2192 5492 2528 5562 Itypostatice
2573 5509 2677 5548 nou
2720 5495 3002 5549 exsistenti
3040 5496 3183 5557 null-,i
3226 5512 3289 5550 ex
3327 5510 3480 5565 parte

1888 5585 2085 5640 similis
2124 5594 2229 5638 est.
2273 5584 2377 5639 Aut
2423 5586 2565 5639 enim
2620 5584 2781 5654 plane
2813 5580 3129 5641 dissimilem
3173 5588 3315 5643 Patri
3359 5605 3479 5644 esse

1888 5676 2092 5740 dicant,
2137 5685 2192 5732 et
2248 5686 2435 5746 aperte
2481 5676 2922 5746 blaspltetnantes
2962 5678 3267 5734 detestandi
3317 5682 3475 5739 sint:
