3922 6464
474 451 573 509 103

1454 448 1514 502 S.
1557 444 1835 502 CYillLLl
1875 435 2352 501 ALEXANDMNI
2388 438 2717 496 ARCllll-ZP.

3612 434 3714 494 ίοί

474 580 569 625 aut
616 564 660 621 si
712 562 1021 619 necessario
1069 561 1475 616 similitudinem
1520 577 1641 617 cum
1695 563 1855 619 Patre
1906 563 2024 617 Filit

2145 577 2263 626 σαν,
2316 560 2409 612 καὶ
2464 557 2712 629 φανερῶς
2770 552 3177 624 δυσφημοῦντες
3224 549 3615 623 μισείσοωσαν·
3684 554 3723 625 ἦ

474 661 714 716 tribuere
765 654 983 718 debent,
1021 653 1384 708 necessarium
1429 655 1590 707 etiam
1622 655 1841 709 omnino
1876 653 2037 709 fuerit

472 767 578 805 non
596 765 717 805 esse
741 749 1002 805 voluntati
1027 746 1278 813 similem,
1303 749 1412 820 62
1438 750 1532 803 sed
1552 746 1816 803 Geuitori.
1842 746 2035 803 Osten-

470 856 587 894 sum
618 841 761 895 enim
796 852 879 896 est
912 839 1052 909 quod
1082 839 1147 893 iis
1179 854 1297 908 quae
1329 840 1383 892 in
1418 838 1655 894 essentia
1683 846 1739 891 et
1764 837 2034 908 hypostasi

469 931 759 993 exsistunt,
782 931 847 985 ad
873 946 935 984 ea
960 945 1079 999 qua:
1104 930 1411 1003 essentialia
1441 938 1495 984 et
1532 928 1864 999 hypetstatica
1888 936 2034 995 sunt,

470 1021 763 1076 similitudo
814 1022 927 1075 haec
970 1032 1252 1086 servatur;
1297 1035 1404 1075 non
1439 1019 1507 1073 ad
1542 1034 1603 1074 ea
1643 1035 1764 1090 qua:
1811 1020 2035 1075 alterius

469 1118 599 1163 sunt
626 1110 862 1179 generis,
890 1118 944 1163 et
974 1109 1027 1163 in
1064 1108 1185 1163 aliis
1219 1124 1376 1163 suum
1408 1122 1529 1162 esse
1562 1108 1763 1162 habent
1794 1126 1809 1162 ι
1846 1122 2035 1177 quem-

467 1198 754 1253 admodum
803 1198 1066 1268 sapientia
1115 1198 1168 1251 in
1214 1198 1477 1265 sapiente,
1522 1208 1580 1252 et
1622 1197 1872 1252 voluntas
1920 1198 2035 1254 sive

463 1288 747 1344 consilium
779 1290 831 1343 in
865 1288 1077 1343 volente
1108 1287 1191 1342 vel
1218 1287 1581 1342 consultante.

672 1397 904 1463 ALIUD,
930 1414 1019 1467 per
1040 1398 1389 1452 reductiouem
1419 1399 1488 1451 ad
1516 1398 1820 1453 absurdum.

531 1510 591 1565 Si
646 1508 906 1563 voluntati
941 1507 1119 1563 Patris
1165 1508 1358 1572 similis
1403 1510 1692 1575 exsistens,
1731 1525 1797 1563 ex
1851 1520 2028 1566 vestra

461 1602 748 1663 sententia,
783 1599 952 1654 Filius
972 1599 1247 1655 dissimilis
1274 1607 1355 1655 est
1382 1600 1627 1669 genitori,
1659 1604 2023 1659 necessarium

462 1694 681 1762 omnino
716 1690 902 1757 fuerit,
933 1706 1106 1761 neque
1142 1691 1468 1746 voluntatem
1502 1692 1733 1747 similem
1771 1708 1894 1748 esse
1927 1695 2035 1748 Deo

462 1798 529 1838 ac
558 1782 734 1847 Patri;
765 1783 916 1851 cujus
947 1784 1253 1847 character,
1284 1796 1406 1836 cum
1431 1782 1503 1837 sit
1534 1782 1721 1847 Filius,
1755 1783 2035 1839 dissimilis

2142 649 2300 720 εἴπερ
2331 649 2543 717 ἀνάγκη
2569 648 2668 718 τὴν
2691 646 2981 717 ὁμοιότητα
3005 644 3187 698 δοῦναι
3219 644 3298 714 τῷ
3324 642 3435 713 ruga
3458 643 3595 713 πρὸς
3621 641 3718 696 τὸν

2142 742 2382 811 Πατέρα.
2416 741 2628 809 ἀνάγκη
2672 738 2739 808 δὴ
2772 738 2922 791 πᾶσα
2954 737 3029 799 ὡς
3058 737 3158 790 οὑκ
3198 736 3354 789 ἔσται
3382 735 3478 802 τῆς
3516 732 3718 804 βουλη-

2144 830 2279 894 σεως
2323 831 2526 900 ὅμοιος,
2575 827 2713 881 ἀλλά
2769 827 2971 897 μᾶλλον
3018 826 3113 879 τοῦ
3151 825 3560 896 γεγεννηκότος.
3610 824 3717 875 Δέ-

2141 921 2347 975 δεικται
2373 922 2480 992 γὰρ
2516 920 2597 973 ὃτι
2630 920 2743 980 τοῖς
2772 920 2829 971 ὲν
2852 918 3011 989 οὐσίᾳ
3038 917 3132 971 καὶ⁵
3160 916 3453 970 ὑποστάσει
3480 915 3615 986 πρὸς
3644 912 3721 967 τὰ

2140 1011 2357 1066 ἐνοῦσιά
2380 1028 2440 1064 τε
2466 1009 2560 1063 καὶ
2591 1008 2933 1061 ἑνυπόστατα
2968 1010 3002 1079 η
3036 1008 3288 1078 ὁμοιότης
3314 1009 3347 1075 η
3388 1005 3528 1058 κατά
3554 1002 3722 1057 τοῦτο

2143 1100 2392 1167 σώζεται,
2416 1100 2477 1154 οὺ
2504 1098 2638 1170 πρὸς
2656 1097 2727 1151 τὰ
2746 1097 3053 1168 ἑτερογενῆ,
3084 1098 3180 1151 καὶ
3206 1098 3264 1149 ἐν
3286 1095 3492 1165 ἑτέροις
3520 1094 3722 1164 ἔχοντα

2138 1194 2200 1245 τὸ
2227 1189 2386 1258 εἶναι,
2418 1191 2607 1261 ὥσπερ
2648 1192 2681 1260 ἡ
2732 1189 2894 1259 σοφία
2933 1190 3182 1260 τυχὸννὲν
3204 1188 3283 1262 τῷ
3330 1186 3497 1259 σοφῷ,
3540 1185 3639 1239 καὶ
3678 1186 3722 1256 η

2142 1284 2394 1355 βούλησις
2423 1287 2482 1339 ιν
2504 1283 2584 1364 ﬁt
2614 1283 3005 1355 βουλευομένῳ.

2312 1398 2516 1465 AAAO,
2546 1395 2644 1450 διὰ
2679 1396 2791 1465 τῆς
2821 1398 2907 1462 είς
2933 1395 3161 1451 ἄτοπον
3188 1393 3525 1465 ἀπαγωγῆς.

2207 1509 2270 1562 El
2289 1509 2388 1580 τῆς
2410 1507 2713 1579 βουλήσεως
2729 1505 2825 1561 τοῦ
2852 1507 3063 1578 Πατρὸς
3081 1507 3265 1577 ὅμοιος
3288 1505 3384 1570 ὣν,
3402 1504 3521 1558 καθ’
3542 1503 3711 1574 ὑμᾶς,

2134 1600 2163 1652 6
2190 1597 2317 1662 Υίὸς
2353 1598 2604 1665 ἀνόμοιός
2630 1600 2746 1652 ἐστι
2782 1598 2862 1669 τῷ
2906 1598 3275 1668 γεγεννηκότι,
3313 1596 3526 1664 ἀνάγκη
3559 1596 3716 1648 πᾶσα

2134 1691 2234 1758 τὴν
2261 1690 2515 1761 βούλησιν
2548 1690 2701 1744 οὐδὲν
2741 1691 3116 1762 προσεοικέναι
3154 1688 3233 1759 τῷ
3263 1687 3382 1759 Θεῷ
3411 1689 3503 1742 καὶ
3530 1687 3712 1754 Πατρὶ

2134 1780 2332 1850 λέγειν,
2360 1776 2429 1852 ἧς
2454 1780 2741 1855 χαρακτὴρ
2774 1780 3032 1852 ὑπάρχων
3057 1782 3085 1833 6
3106 1780 3251 1845 Υἱὸς,
3284 1779 3530 1849 ἀνόμοιός
3563 1778 3733 1839 ἐστι(

459 1884 565 1938 cst,
602 1874 897 1929 secundum
932 1888 1049 1941 vos,
1082 1872 1250 1928 Patri.
1285 1873 1402 1928 Erit
1441 1873 1624 1943 itaque
1648 1875 1811 1929 etiam
1847 1874 2024 1929 volun-

2133 1871 2253 1925 καθ’
2293 1872 2457 1942 ὑμᾶς,
2507 1872 2585 1942 τῷ
2629 1871 2823 1942 Πατρί.
2862 1872 3055 1926 Ἔσται
3085 1867 3178 1925 οὖν
3212 1870 3308 1924 καὶ
3338 1872 3405 1941 τῇ
3452 1868 3716 1940 βουλήσει

464 1976 575 2021 tate
604 1980 698 2019 sua
746 1965 1025 2019 dissimilis
1068 1963 1247 2019 Pater.
1304 1965 1426 2020 Ilaec
1470 1966 1615 2021 enim
1664 1966 1912 2035 impietas
1958 1981 2026 2021 ex

461 2057 604 2111 dicto
629 2063 808 2109 vestro
847 2056 1112 2125 sequitur.
1147 2057 1217 2110 At
1252 2057 1299 2110 si
1326 2055 1657 2111 voluntatem
1690 2057 1889 2127 aliquid
1928 2057 2027 2127 hy-

460 2147 727 2215 postatice
757 2148 1025 2200 exsistens
1059 2160 1179 2201 esse
1217 2146 1429 2211 dicetis,
1458 2149 1562 2201 erit
1606 2148 1791 2218 utique
1842 2149 1892 2202 iu
1942 2160 2031 2202 es-

459 2238 633 2293 sentia
675 2235 764 2291 Dei
797 2237 1001 2307 aliquid
1041 2239 1139 2306 ipsi
1190 2238 1470 2292 dissimile.
1518 2236 1655 2291 Nam
1707 2240 1867 2294 etiam
1927 2241 2031 2296 hoc

386 2340 389 2343 '
462 2327 597 2381 ratio
622 2342 718 2381 vos
748 2326 993 2381 conﬁteri
1017 2338 1193 2397 coget.
1220 2328 1487 2383 Caeterum
1519 2330 1607 2384 hic
1627 2331 1915 2400 quaerenda
1938 2342 2027 2388 est

460 2418 600 2473 ratio
642 2419 1097 2474 dissimilitudinis
1139 2435 1257 2490 qua:
1290 2419 1556 2474 voluntati
1589 2421 1876 2477 intercedit
1906 2438 2027 2479 cum

460 2508 637 2565 Patre.
679 2509 735 2565 Si
773 2511 914 2565 enim
958 2525 1021 2564 ea
1064 2511 1271 2565 ratione
1314 2510 1590 2566 dissimilis
1631 2520 1715 2567 est
1759 2513 1899 2581 quod
1963 2528 2028 2569 ex

458 2601 635 2669 aliqua
680 2611 832 2669 parte
879 2600 950 2655 sit
994 2600 1168 2654 minor
1227 2616 1292 2655 eo
1361 2601 1413 2654 id
1463 2602 1606 2669 quod
1658 2602 1920 2670 processit
1960 2617 2026 2657 ex

466 2691 760 2746 substantia
795 2689 989 2754 Patris,
1022 2692 1125 2743 erit
1168 2690 1320 2760 pejus
1364 2706 1422 2745 se
1470 2706 1534 2746 ac
1576 2692 1757 2746 minus
1804 2710 1817 2745 :
1852 2708 2026 2763 neque

456 2785 600 2838 enim
631 2782 971 2836 extrinsecus
1008 2783 1174 2836 ascita
1211 2795 1293 2836 est
1343 2783 1611 2845 voluntas,
1650 2782 1744 2839 scd
1792 2799 1855 2838 ex
1908 2784 2025 2852 ipso

457 2872 587 2927 etin
614 2873 747 2941 ipso.
777 2872 965 2942 Pt-jora
993 2882 1169 2926 autem
1194 2888 1256 2926 ex
1281 2888 1339 2927 se
1368 2872 1607 2940 gignere,
1633 2875 1786 2930 neiis
1807 2876 2025 2936 quidem

457 2965 547 3032 qui
568 2978 802 3019 creatam
823 2966 1313 3029 habentnaturam,
1347 2966 1595 3020 accidere
1620 2977 1813 3036 potest.
1842 2965 2028 3035 Neque

458 3053 601 3108 enim
640 3053 799 3109 homo
834 3055 976 3109 aliud
1007 3056 1134 3123 quid
1169 3057 1440 3110 diversum
1478 3071 1506 3109 a
1531 3071 1589 3111 se
1618 3060 1897 3128 generabit
1928 3077 1942 3113 :
1970 3069 2029 3112 ut

459 3160 559 3199 nec
586 3146 729 3199 aliud
756 3146 982 3214 quodvis
1005 3146 1317 3207 animalium
1357 3148 1563 3203 ratione
1598 3151 1916 3203 carentium.
1969 3150 2026 3205 Si

454 3249 611 3301 vero,
643 3236 785 3303 quod
816 3236 967 3290 nefas
1000 3236 1141 3289 ditztu
1169 3246 1272 3304 est,
1302 3238 1477 3292 Patris
1508 3242 1750 3294 voluntas
1776 3254 1841 3294 eo
1872 3242 2024 3295 adni-
2053 3224 2095 3279 (ἶ

460 3336 579 3381 tcns
606 3334 664 3379 ut
712 3327 882 3395 majus
924 3327 1123 3395 aliquid
1182 3330 1397 3392 habeat,
1442 3329 1760 3383 dissimilem
1816 3346 1876 3386 se
1924 3332 2025 3386 sibi

456 3416 608 3480 facit,
639 3426 821 3485 utpote
851 3414 961 3483 jam
1000 3419 1177 3471 minor
1218 3434 1280 3473 ac
1330 3419 1481 3489 pejor
1514 3435 1572 3473 se
1622 3422 1881 3487 redditus,
1923 3439 2030 3493 quo

456 3515 617 3576 pacto
653 3522 757 3559 non
812 3507 1033 3573 impium
1084 3508 1243 3561 fuerit
1278 3510 1420 3563 dictu
1453 3511 1654 3579 aliquid
1697 3526 1817 3566 esse
1858 3515 2030 3583 majus

454 3606 508 3648 et
541 3595 728 3649 melius
761 3595 959 3649 Patre?
1004 3596 1059 3650 Si
1105 3612 1233 3652 vero
1286 3616 1459 3669 neque
1505 3602 1625 3667 hoc,
1678 3618 1851 3672 neque
1898 3604 2026 3659 illud

454 3688 778 3750 concedetis,
819 3697 872 3741 et
905 3686 1231 3741 voluntatem
1265 3705 1370 3743 non
1418 3706 1511 3759 per
1543 3708 1601 3747 se
1646 3694 2025 3751 subsistentem

454 3790 573 3828 esse
603 3775 794 3830 dicetis
824 3786 986 3844 atque
1014 3776 1087 3830 ita
1128 3786 1186 3830 ut
1232 3779 1283 3833 in
1330 3780 1485 3835 nobis
1527 3781 1873 3849 intellectam,
1922 3802 2027 3855 quo

456 3876 609 3933 pacto
639 3868 798 3919 etiam
835 3867 960 3921 hine
993 3870 1243 3924 statuetis
1278 3870 1593 3927 dissimilem
1624 3889 1745 3929 esse
1775 3876 2023 3931 volunta-

458 3967 561 4009 tem
588 3956 777 4010 Patri?
801 3954 933 4010 Nam
973 3959 1017 4011 si
1051 3958 1121 4011 ita
1152 3969 1257 4023 est,
1295 3961 1565 4016 videbitur
1599 3962 1757 4017 Pater
1798 3964 2027 4021 voluisse

456 4061 574 4116 qua:
605 4049 703 4101 sibi
735 4048 955 4103 minime
980 4050 1308 4104 conveniunt
1340 4068 1352 4105 :
1387 4054 1535 4122 quod
1562 4054 1644 4110 Vel
1674 4055 1787 4109 sola
1822 4058 2025 4127 cogita-

459 4142 601 4193 tione
628 4139 917 4193 absurdum
948 4151 1051 4195 est.

1130 4231 1356 4289 ALIUD.

529 4346 683 4401 Ratio
715 4346 825 4415 ipsa
854 4362 947 4401 vos
968 4356 1124 4415 coget
1156 4357 1214 4400 ut
1241 4350 1402 4403 etiam
1436 4350 1589 4404 inviti
1616 4351 1751 4406 Filio
1782 4353 2023 4406 similitu-

454 4436 633 4491 dinem
662 4452 781 4489 cutn
820 4436 979 4490 Patre
1021 4439 1289 4493 tribuatis.
1316 4441 1746 4495 Demonstratum
1774 4443 1915 4495 enim
1941 4453 2023 4497 est

2129 1965 2195 2033 τῇ
2226 1962 2421 2016 ἑαυτοῦ
2450 1964 2702 2033 ἀνόμοιος
2732 1964 2761 2016 6
2791 1963 3002 2034 Πατήρ.
3052 1962 3223 2017 Τοῦτο
3248 1962 3358 2033 γάρ
3386 1964 3449 2014 ἐκ
3482 1959 3575 2013 τοῦ
3614 1958 3713 2012 λό-

2130 2070 2229 2121 γου
2261 2053 2554 2122 συνάγεται
2594 2053 2654 2106 τὸ
2698 2053 2973 2125 ἀσέϐημα.
3010 2053 3119 2106 Καὶ
3149 2054 3199 2106 εί
3242 2050 3604 2106 ὲνυπόστατόν
3653 2066 3715 2103 τι

2129 2142 2229 2215 τὴν
2258 2142 2511 2215 βούλησιν
2535 2140 2673 2199 εἷναί
2703 2162 2861 2215 φατε,
2887 2146 3000 2198 ἐστι
3028 2162 3079 2198 τι
3112 2144 3330 2207 πάντως
3364 2144 3420 2195 ἑν
3447 2145 3513 2212 τῇ
3546 2141 3715 2210 οὐσίᾳ

2130 2238 2225 2293 τοῦ
2248 2237 2383 2291 Θεοῦ
2413 2238 2474 2290 τὸ
2508 2236 2761 2306 ἀνόμοιον
2787 2236 2973 2290 αὐτοῦ.
3010 2236 3122 2289 Καὶ
3150 2233 3309 2288 τοῦτο
3337 2234 3445 2301 γὰρ
3479 2234 3507 2285 6
3548 2230 3716 2299 λόγος

2133 2328 2556 2401 προσομολογεΝ
2597 2328 2741 2399 ὑμᾶς
2774 2328 3091 2395 ἀναγκάσει.
3142 2326 3281 2379 Ἀλλ’
3301 2321 3501 2380 ’ἐνθάδε
3540 2322 3716 2393 ζητη-

2131 2420 2252 2474 τέον
2298 2419 2399 2489 τῆς
2431 2421 2813 2489 ἀνομοιότητος
2860 2418 2953 2471 τὸν
2991 2418 3213 2489 τρόπον,
3263 2418 3329 2489 ἢν
3366 2419 3401 2487 ὴ
3453 2415 3714 2485 βούλησις

2134 2510 2245 2580 ἔχει
2280 2510 2417 2579 πρὸς
2436 2510 2526 2562 τὸν
2555 2508 2791 2577 Πατέρα.
2826 2506 2889 2561 Ei
2912 2508 3010 2577 μὲν
3035 2508 3143 2579 γάρ
3169 2507 3243 2571 ὡς
3276 2508 3509 2561 ἐλάττων
3536 2506 3710 2558 αὑτοῦ

2134 2601 2276 2654 κατά
2311 2617 2365 2652 τι
2392 2600 2753 2669 τυγχάνουσα,
2791 2599 2889 2669 τὴν
2916 2600 3205 2669 ὁμοιότητα
3234 2600 3333 2669 τὴν
3376 2598 3510 2668 πρὸς
3542 2597 3712 2650 αὐτὸν

2128 2690 2229 2743 οὐκ
2261 2689 2397 2759 ἔχει,
2422 2688 2484 2741 τὺ
2511 2688 2876 2758 προεληλυθὸς
2907 2690 2972 2741 ὲκ
2998 2690 3095 2759 τῆς
3125 2689 3311 2751 οὐσίας
3340 2686 3433 2741 τοῦ
3468 2688 3709 2759 Πατρὺς,

2126 2784 2307 2851 χεῖρον
2360 2779 2523 2833 αὑτοῦ
2578 2780 2673 2832 καὶ
2727 2778 2978 2833 ἔλαττονο
3029 2780 3090 2832 οὐ
3146 2779 3255 2849 γὰρ
3307 2778 3524 2843 ἔξωθεν,
3580 2778 3709 2831 οὐδὲ

2129 2871 2451 2924 ἐπείσακτον
2496 2872 2527 2940 ὴ
2579 2868 2853 2939 βούλησις,
2882 2869 2994 2922 ἀλλ’
3032 2869 3090 2934 ἐξ
3117 2868 3284 2922 αὑτοῦ
3312 2870 3407 2923 καὶ
3442 2871 3499 2921 ὲν
3530 2869 3706 2937 αὐτῷ.

2131 2963 2205 3017 T6
2236 2964 2291 3016 δὲ
2321 2964 2537 3035 χείρονα
2565 2964 2793 3025 τίκτειν,
2834 2962 2954 3015 οὐδὲ
2985 2966 3097 3026 τοῖς
3125 2962 3359 3032 γενητὴν
3392 2962 3574 3032 ἔχουσι
3602 2962 3712 3032 τὴν

2133 3056 2293 3125 φύσιν
2322 3052 2429 3109 οἶδε
2458 3055 2795 3125 συμὸαίνειν.
2824 3055 2956 3109 Οὐδὲ
2984 3054 3091 3124 γὰρ
3122 3053 3405 3123 ἄνθρωπος
3430 3054 3618 3117 ἕτερόν
3650 3072 3710 3109 τι

2133 3150 2383 3219 γεννήσει
2412 3149 2541 3219 παρ’
2564 3150 2702 3218 ὅπερ
2722 3148 2868 3200 ἐστὶν
2898 3146 3060 3210 αὑτός
3080 3161 3095 3174 ⁸
3127 3146 3241 3199 ἀλλ’
3275 3146 3395 3199 οὐδὲ
3424 3147 3609 3216 ἕτερον
3648 3164 3709 3199 τι

2130 3240 2238 3293 τῶν
2266 3240 2474 3308 ἀλόγων
2507 3238 2681 3303 ζώων.
2736 3240 2800 3292 El
2845 3240 2924 3301 δὲ,
2971 3238 3107 3309 ὅπερ
3140 3239 3202 3291 οὐ
3247 3237 3463 3308 θεμιτὸν
3499 3238 3708 3307 λέγειν,

2131 3333 2225 3385 ἐπὶ
2253 3331 2313 3385 s6
2350 3332 2531 3401 μεῖζον
2560 3332 2705 3401 ἔχειν
2740 3349 2792 3384 τι
2821 3331 3105 3402 δραμοῦσα
3137 3329 3231 3383 τοῦ
3267 3332 3475 3402 Πατρὸς
3514 3334 3548 3401 ὴ
3579 3330 3712 3401 βού-

2130 3424 2284 3493 λησις
2304 3423 2468 3477 αὑτοῦ
2492 3423 2590 3493 τὴν
2624 3424 2761 3494 πρὸς
2802 3424 2961 3477 αὐτὸν
2994 3423 3353 3494 ἀνομοιότητα
3380 3423 3515 3475 κατά
3546 3421 3715 3477 τοῦτο

2132 3518 2305 3585 φορεῖ,
2349 3515 2424 3577 ὡς
2456 3515 2591 3585 πρὸς
2641 3515 2897 3568 ὲλίίὶτ-’Ίτονα
2947 3516 2979 3584 ἢ
3028 3513 3168 3570 κατά
3208 3532 3261 3567 τι
3300 3516 3537 3585 χείρονα,
3584 3515 3712 3579 πῶς

2130 3607 2227 3658 οὐκ
2255 3604 2450 3668 ἀσεϐὲς
2480 3604 2664 3673 μεῖζόν
2702 3621 2753 3655 τι
2785 3603 2879 3656 καὶ
2909 3606 3153 3675 κρεῖττον
3196 3602 3289 3657 τοῦ
3322 3604 3531 3673 Πατρὸς
3561 3600 3710 3658 εἶναι

2128 3694 2342 3763 λέγειν;
2374 3694 2435 3747 El
2480 3694 2536 3746 δὲ
2573 3695 2709 3765 μήτε
2745 3693 2902 3746 τοῦτο
2934 3693 3154 3760 δώσετε,
3204 3696 3340 3766 μήτε
3374 3697 3568 3759 ἐκείνο,
3616 3698 3714 3750 ἀν-

2129 3788 2424 3841 υπόστατόν
2470 3803 2531 3838 τε
2582 3786 2679 3857 τὴν
2714 3784 2966 3855 βούλησιν
3004 3782 3141 3839 εἶναι
3192 3786 3557 3857 ὁμολογήσετε
3606 3792 3710 3843 καὶ

2128 3878 2270 3931 οῦτω
2322 3877 2615 3947 νοουμένην
2667 3875 2854 3945 ὥσπερ
2903 3876 2987 3944 ἐφ’
3026 3876 3203 3947 ἡμῶν,
3252 3876 3369 3940 πῶς
3422 3878 3707 3933 κάνταῦθα

2129 3970 2322 4042 Θήσετε
2348 3970 2596 4039 ἀνόμοιον
2617 3964 2753 4022 εἶναι
2776 3968 2875 4037 τὴν
2903 3966 3156 4039 βούλησιν
3173 3969 3252 4039 τῷ
3274 3971 3480 4041 Πατρί;
3505 3972 3709 4027 Ἔσται

2127 4065 2255 4133 γὰρ,
2288 4063 2356 4116 ἂν
2398 4061 2568 4123 οῦτως
2606 4061 2723 4132 ἔχῃ,
2764 4059 2832 4112 τὰ
2868 4059 3045 4130 ἑαυτῷ
3080 4061 3155 4131 μὴ
3196 4060 3469 4132 πρέποντα
3507 4059 3703 4138 βουληι

2128 4155 2273 4215 Θείς·
2309 4156 2444 4223 ὅπερ
2470 4154 2587 4206 ἐστὶ
2619 4152 2711 4206 καὶ
2740 4151 2898 4221 μόνον
2929 4152 3128 4203 ἐννοεῖν
3168 4152 3536 4210 ἀτοπώτατον.

2816 4240 3001 4292 ΑΛΛο
3012 4280 3025 4293 .

2208 4352 2264 4403 '0
2296 4352 2447 4418 λόγος
2488 4352 2785 4417 ἀναγκάσει
2832 4351 2925 4403 καὶ
2954 4350 3186 4413 ἄκοντας
3216 4353 3362 4421 ὑμᾶς
3404 4351 3585 4407 δοῦναι
3618 4353 3704 4424 τῷ

2127 4443 2237 4513 Υἰῷ
2266 4444 2361 4514 τὴν
2398 4444 2689 4512 ὁμοιότητα
2732 4442 2829 4513 τὴν
2866 4442 3001 4512 πρὸς
3040 4441 3133 4495 τὸν
3164 4443 3404 4513 Πατέρα.
3452 4444 3700 4518 Ἐδείχθη

455 4526 899 4581 absurdissimum
932 4542 1070 4591 esse,
1120 4528 1163 4581 si
1197 4530 1317 4595 quis
1362 4532 1547 4584 credat
1588 4530 1754 4585 Deum
1791 4534 2020 4590 voluisse

2133 4534 2229 4603 γὰρ
2258 4532 2377 4585 λίαν
2406 4534 2748 4584 ἀτοπώτατον
2776 4531 2834 4583 ὃν
2865 4532 2924 4583 τὸ
2959 4530 3251 4595 πιστεύειν,
3300 4532 3369 4585 τὰ
3418 4534 3494 4603 μὴ
3544 4536 3701 4606 αὐτῷ

455 4633 518 4672 ea
544 4633 662 4686 qua:
695 4617 796 4671 sibi
837 4631 1171 4687 nequaquam
1216 4622 1564 4685 conveniunt,
1609 4623 1679 4675 ita
1718 4634 1775 4676 ut
1802 4639 2019 4681 necesse

2133 4624 2401 4693 πρέποντα
2433 4620 2787 4689 βεῦουλῆσθαι
2812 4620 2966 4681 Θεὸν,
2995 4620 3070 4683 ὡς
3110 4622 3354 4692 ἀνάγκην
3392 4619 3531 4677 εἶναι
3581 4628 3700 4678 πᾶ-

453 4712 672 4765 omnino
706 4709 776 4763 sit
820 4709 1145 4763 voluntatem
1184 4727 1333 4764 suam
1376 4713 1606 4767 similem
1644 4714 1743 4768 sibi
1786 4731 1928 4773 esse.
1960 4716 2015 4771 Si

453 4819 580 4871 ergo
611 4801 852 4856 voluntas
885 4801 1076 4855 similis
1104 4812 1189 4856 est
1224 4803 1387 4869 Patri,
1424 4804 1590 4859 Filius
1620 4817 1798 4861 autem
1832 4807 2019 4863 volun-

456 4895 551 4947 tati
583 4912 598 4947 :
630 4896 733 4948 erit
753 4894 1056 4947 necessario
1082 4896 1273 4948 tertius
1297 4896 1490 4950 similis
1519 4898 1709 4965 primo.
1745 4898 1876 4952 Nam
1896 4915 2016 4969 qua:

454 4985 506 5039 in
526 4986 699 5040 medio
717 4987 884 5055 posita
901 4995 980 5040 est
996 4986 1261 5047 voluntas,
1276 4985 1383 5056 63
1398 4987 1693 5043 naturalem
1707 4989 2015 5043 similitudi-

454 5092 575 5130 nem
603 5075 716 5143 ejus
746 5081 834 5144 qui
857 5092 973 5131 eam
1002 5078 1166 5147 gignit
1192 5079 1522 5146 exprimens,
1548 5080 1691 5134 dedit
1715 5096 1830 5133 eam
1861 5079 2011 5146 Filio,

449 5163 600 5233 juxta
632 5177 860 5220 vestram
885 5169 1207 5222 sententiam
1235 5183 1249 5221 :
1279 5172 1379 5223 hac
1403 5170 1565 5239 igitur
1588 5173 1793 5225 ratione
1819 5172 2011 5226 similis

454 5256 597 5309 Patri
621 5256 807 5320 Filius,
833 5259 996 5311 etiam
1028 5260 1332 5313 nolentibus
1360 5261 1528 5322 vobis,
1564 5261 2011 5329 deprehendetur.

452 5351 582 5403 llum
618 5364 744 5403 vero
784 5349 1085 5403 intermedii
1123 5350 1250 5402 nihil
1284 5354 1355 5403 sit
1400 5350 1540 5403 inter
1579 5350 1785 5405 Patrem
1826 5368 1879 5406 et
1921 5353 2011 5405 Fi-

456 5442 600 5509 lium,
646 5441 879 5495 cessabit
919 5442 1135 5494 omnino
1170 5450 1223 5493 et
1257 5457 1649 5510 supervacanea
1688 5444 1794 5494 erit
1838 5453 2011 5497 vestra

452 5536 516 5585 de
544 5533 827 5587 .loluntate
868 5534 1003 5585 ratio
1042 5550 1055 5586 :
1110 5534 1357 5599 tmlloque
1404 5532 1791 5585 interveniente
1846 5531 2012 5587 Filius

452 5626 553 5680 erit
586 5624 896 5679 immediate
924 5626 1213 5678 secundum
1246 5634 1493 5676 naturam
1524 5623 1715 5678 similis
1747 5624 1913 5678 Patri.

1106 5734 1329 5789 ALIUD.

522 5827 767 5888 Christus
796 5831 847 5888 in
879 5830 1154 5892 Scriptura
1190 5838 1405 5886 vocatur
1454 5828 1687 5898 potentia
1714 5838 1766 5885 et
1798 5829 2011 5895 sapien-

2126 4734 2224 4770 σαν
2268 4718 2504 4767 ἐοικυῖαν
2542 4714 2691 4783 αὐτῷ
2736 4712 2833 4785 τὴν
2882 4714 3137 4786 βούλησιν
3183 4717 3351 4771 αὐτοῦ
3396 4719 3592 4788 λέγειν.
3630 4723 3699 4777 Εἰ

2121 4808 2298 4859 τοίνυν
2327 4807 2360 4873 ἡ
2406 4804 2502 4873 μὲν
2545 4803 2795 4874 βούλησις
2823 4803 2965 4857 ἔοικε
2993 4804 3071 4874 τῷ
3107 4806 3301 4878 Πατρὶ,
3330 4809 3359 4859 6
3388 4809 3443 4861 δὲ
3469 4809 3598 4873 Υἱὸς
3624 4816 3696 4883 τῇ

2123 4895 2394 4966 βουλήσει,
2423 4894 2575 4947 ἔσται
2602 4895 2811 4960 πάντως
2841 4898 2870 4950 6
2896 4896 3079 4966 τρίτος
3108 4896 3185 4965 τῷ
3217 4898 3416 4969 πρώτῳ
3446 4918 3699 4971 upon-em-

2122 4984 2248 5047 κώς.
2298 4984 2362 5036 Ἦ
2395 4984 2503 5055 γὰρ
2531 4985 2589 5037 ὲν
2616 4983 2694 5053 τῷ
2734 4986 2882 5055 μέσῳ
2912 4987 3138 5057 κειμένη
3170 4986 3442 5058 βούλησις,
3475 4992 3572 5058 τὴν
3595 4978 3695 5045 τάς

2116 5075 2371 5139 τεκόντος
2424 5076 2587 5128 αὑτὸν
2640 5077 2876 5145 φυσικὴν
2924 5079 3223 5148 ἐμφέρειαν
3266 5076 3693 5153 ἀναμαξαμένη,

2118 5168 2347 5222 δέδωκεν
2391 5166 2563 5237 αὐτὴν
2617 5167 2693 5235 τῷ
2733 5166 2866 5237 Titii,
2917 5168 3037 5221 καθ’
3074 5170 3243 5239 ὑμᾶς·
3291 5169 3432 5223 οῦτω
3469 5172 3566 5240 μὲν
3596 5168 3696 5226 οὖν

2117 5260 2194 5328 τῷ
2225 5260 2399 5329 [Ias-pi.
2448 5256 2800 5328 προσεοικὼς,
2838 5262 2931 5313 καὶ
2963 5260 3036 5331 μὴ
3080 5260 3420 5331 βουλομένων
3455 5262 3627 5332 ὑμῶν,
3661 5268 3697 5318 6

2120 5349 2246 5411 Υἱὸς
2264 5348 2649 5419 εὑρεθήσεται.
2692 5348 2907 5419 Ἐπειδὴ
2954 5349 3009 5402 δὲ
3052 5350 3203 5402 οὐδέν
3235 5352 3349 5402 ἐστι
3380 5350 3443 5402 τὸ
3485 5350 3694 5419 μεταξῦ

2120 5438 2328 5513 [ἰατρὸς
2368 5440 2461 5491 καὶ
2493 5434 2645 5499 Υἰοῦ,
2679 5438 2911 5508 ἀργήσει
2962 5440 3060 5509 μὲν
3104 5441 3322 5503 πάντως
3354 5442 3383 5493 6
3415 5440 3544 5511 περὶ
3587 5445 3693 5513 τῆς

2120 5529 2423 5603 βουλήσεως
2479 5531 2669 5597 λόγος,
2725 5532 2819 5583 καὶ
2869 5532 3081 5594 οὐδενὸς
3132 5531 3210 5584 ἔτι
3264 5531 3694 5600 μεσολαϐοῦντος

2120 5624 2399 5693 προσεχῶς
2424 5626 2452 5676 6
2487 5624 2609 5686 Υἱὸς
2642 5623 2792 5676 ἔσται
2822 5622 2963 5676 κατά
2998 5625 3159 5691 φύσιν
3179 5624 3361 5693 ὅμοιος
3383 5624 3462 5700 τῷ
3492 5626 3693 5699 Πατρί.

2802 5738 3004 5790 ΛΛΛΟ.

2181 5830 2495 5903 Γέγραπται
2525 5830 2759 5900 Χριττδς
2785 5829 2919 5883 θεοῦ
2950 5829 3177 5902 δύναμις
3209 5830 3300 5884 καὶ
3328 5829 3464 5885 Θεοῦ
3506 5830 3693 5900 ascia.
