3922 6530
508 476 610 530 107

1526 469 1581 523 8.
1618 466 1889 523 οιίιιιω
1935 457 2401 522 ΑιεΧΑΝυιιιΝι
2442 462 2760 517 ARCIIIIL‘P.

3636 457 3743 511 108

507 592 704 647 dixerit
735 588 891 647 simul
937 597 991 643 et
1030 586 1283 663 frigidum
1320 603 1333 639 :
1367 597 1588 640 necesse
1637 583 1779 638 enim
1816 593 1920 647 est,
1951 598 2037 637 um

2158 596 2361 650 χοντος,
2416 576 2764 650 ἀηρρεῖσθαι
2799 574 2905 628 τῶν
2957 573 3481 663 σημαινομένωνᾼτδ
3525 572 3739 655 ἕτερον.

505 683 819 745 exsisteute,
841 679 1064 734 alterum
1092 691 1276 732 eorum
1319 689 1435 746 qua:
1463 674 1833 746 signiﬁcantur
1862 673 2058 745 perire.

506 770 647 841 Fieri
680 770 858 841 itaque
889 784 995 825 non
1030 777 1206 839 patest
1233 776 1290 822 ut
1318 767 1371 821 in
1405 765 1543 821 Filio
1574 764 1868 821 similitudo
1902 762 2061 819 simul

502 865 576 917 sit
603 870 658 917 et
684 860 1089 929 dissimilitudo.
1112 858 1244 915 Cum
1273 871 1402 913 vero
1427 871 1581 913 sacra
1607 855 1882 925 Scriptura
1907 854 2062 910 simi-

502 950 610 1009 lem
644 951 789 1007 Patri
819 965 939 1006 esse
973 956 1224 1012 tentetur,
1250 961 1480 1018 cumque
1521 947 1634 1018 ipse
1671 947 1819 1004 dicat
1856 964 1871 1002 :
1909 965 1929 998 ι
1958 946 2059 1014 Qui

501 1041 639 1096 vidit
665 1055 776 1105 me.
803 1040 936 1097 vidit
965 1046 1021 1101 et
1047 1037 1256 1094 Patrem
1276 1037 1375 1104 ⁸⁸,ο
1408 1036 1895 1092 dissimilitudinem
1922 1037 2062 1091 hanc

502 1144 608 1185 non
624 1128 983 1192 admittemus,
1009 1140 1106 1197 per
1135 1125 1252 1186 hac
1287 1125 1587 1180 testimonia
1615 1125 1689 1184 ad
1713 1123 1941 1193 idpquod
1973 1138 2062 1178 ve-

499 1218 616 1276 ritis
639 1218 1155 1287 convenientiusque
1173 1226 1257 1272 est
1270 1216 1504 1271 adducti.
1531 1214 1732 1271 Etcum
1771 1230 1873 1271 non
1907 1216 2057 1273 dixe-

500 1313 611 1368 rit:
640 1311 739 1380 Qui
773 1312 906 1374 vidit
936 1323 1049 1379 me,
1082 1312 1214 1367 vidit
1252 1324 1300 1368 et
1340 1310 1665 1367 voluntatem
1704 1311 1882 1385 Patris
1915 1314 2052 1378 mei,

498 1415 604 1455 non
648 1401 968 1468 voluntatis,
1017 1402 1110 1457 sed
1154 1400 1331 1457 Patris
1370 1401 1657 1471 imaginem
1705 1416 1825 1460 esse
1861 1401 2054 1457 Filium

496 1492 802 1547 fatebimur.

1161 1602 1392 1660 ALIUD.

564 1720 697 1787 Quae
736 1732 766 1772 a
806 1726 988 1773 mutua
1027 1716 1403 1787 conjunctione
1441 1725 1495 1772 et
1535 1716 1763 1771 naturali
1804 1716 2052 1771 similitu-

496 1809 624 1865 dine
651 1809 941 1873 recedunt,
966 1818 1020 1862 et
1046 1808 1350 1865 essentialis
1376 1808 1651 1877 qualitatis
1681 1809 1886 1864 ratione
1917 1809 2056 1862 inter

2170 670 2375 725 Οὐκοῦν
2401 670 2677 741 ἀμήχανον
2707 668 2765 721 ὲν
2794 666 2908 735 Υίῷ
2933 667 3024 720 καὶ
3049 665 3111 719 τὸ
3150 666 3332 736 ὅμοιον
3359 660 3497 717 εἶναι
3539 667 3631 718 καὶ
3677 666 3741 718 τὲ

2168 762 2442 832 ἀνόμοιον.
2481 758 2995 829 Ἐπιμαρτυρούσης
3014 757 3071 810 δὲ
3097 757 3197 827 τῆς
3231 756 3379 820 θείας
3408 755 3557 825 αὑτῷ
3596 756 3741 826 Γραο

2168 852 2278 922 φῆς
2316 850 2412 921 τὴν
2439 848 2731 921 ὁμοιότητα
2773 847 2873 916 τὴν
2901 846 3037 918 πρὸς
3060 846 3150 899 τὸν
3179 846 3422 916 Πατέρα,
3449 847 3542 899 καὶ
3566 845 3741 899 αὑτοῦ

2165 941 2223 995 δὲ
2254 937 2551 1011 φάσκοντος
2571 956 2586 973 ⁸
2631 957 2651 992 ι
2706 939 2764 993 '0
2792 938 3051 1010 ἑωρακὼς
3098 936 3220 1007 ἐμὲ,
3253 936 3464 1008 ἑώρακε
3505 936 3592 990 τὸν
3625 936 3740 991 Πα-

2164 1033 2319 1104 τέρα,
2364 1050 2382 1083 ι
2417 1032 2478 1085 τὸ
2504 1030 2755 1102 ἀνόμοιον
2781 1030 2842 1083 οὐ
2874 1026 3307 1100 παραδεξόμεθα,
3344 1028 3741 1099 ποδηγούμενοι

2163 1122 2249 1177 διὰ
2301 1120 2505 1174 τούτων
2547 1121 2639 1175 ἐπὶ
2681 1118 2744 1173 τὸ
2786 1119 3146 1191 ἀληθέστερόν
3190 1136 3251 1172 τε
3309 1120 3403 1172 καί
3450 1118 3740 1189 πρεπωδέ-

2166 1228 2373 1283 στερον.
2433 1210 2650 1283 Ἐπειδὴ
2693 1210 2749 1264 δὲ
2796 1210 2964 1265 πάλιν
2996 1210 3095 1262 οὒκ
3138 1205 3323 1265 εἶπεν
3364 1210 3424 1263 '0
3472 1207 3741 1280 ἑωρακὼς

2163 1301 2283 1370 ἐμὲ,
2317 1300 2413 1372 τήν
2444 1296 2695 1372 βούλησιν
2737 1298 2946 1370 ἑώρακε
2993 1298 3087 1353 τοῦ
3120 1286 3329 1371 Πατρός
3372 1290 3496 1371 μου,
3530 1300 3589 1352 οὐ
3631 1299 3739 1369 τῆς

2164 1388 2468 1459 βουλήσεως
2498 1388 2678 1442 είκόνα
2703 1386 2795 1441 τὸν
2824 1386 2951 1440 Υίδν
2978 1388 3405 1459 ὁμολογήσομεν,
3428 1387 3539 1441 ἀλλ’
3562 1386 3738 1441 αὑτοῦ

2160 1477 2254 1533 τοῦ
2284 1478 2493 1549 [ἰατρὸς
2518 1477 2594 1543 ὡς
2632 1478 2782 1531 Υίόν.

2843 1588 3047 1644 ᾹΛΛΟ.

2229 1701 2310 1755 Τὰ
2347 1702 2445 1773 τῆς
2474 1703 2610 1773 πρὸς
2638 1700 2841 1773 ἄλληλα
2887 1701 3179 1771 συναφείας
3214 1702 3244 1773 ἢ
3287 1703 3521 1773 φυσικῆς
3559 1703 3739 1774 ἐμφε-

2160 1793 2310 1865 ρείας
2354 1792 2803 1863 ἀναχωρήσαντα,
2845 1793 2939 1846 καὶ
2981 1793 3122 1847 κατά
3162 1792 3252 1846 τὸν
3290 1793 3389 1863 τῆς
3441 1792 3740 1858 οὐσιὼδους

492 1912 555 1955 se
583 1897 873 1961 dissident,
901 1910 965 1951 ea
1001 1904 1095 1951 aut
1125 1896 1274 1960 loco,
1300 1906 1391 1949 aut
1426 1896 1539 1951 sola
1574 1896 1781 1952 ratione
1812 1896 2037 1963 sejuucu

2159 1884 2439 1954 ποιότητος
2470 1882 2624 1951 λόγον
2667 1885 3143 1955 ἀπεσχοινισμένα,
3196 1885 3527 1955 διίσταταιῆ
3574 1878 3737 1954 τόπῳ

491 1996 637 2045 sunt.
661 1988 728 2043 Et
750 1986 868 2043 loco
893 1986 1107 2057 quidem
1136 2001 1164 2039 a
1191 1994 1374 2041 mutua
1400 1986 1773 2054 conjunCtione
1802 2001 2054 2058 separan-

493 2089 581 2135 tur
608 2093 728 2149 quae
757 2092 1073 2148 corpoream
1105 2076 1545 2133 constitutionem
1578 2077 1807 2145 habent;
1846 2078 2053 2137 ratione

494 2179 673 2225 autem
707 2169 1088 2239 disiunguntur
1120 2168 1408 2232 nonnulla,
1435 2183 1552 2236 qua
1592 2169 1863 2224 essentiali
1897 2169 2053 2225 diﬂ‘e-

492 2259 665 2317 rentia
695 2258 969 2323 diﬂ'erunt,
993 2265 1053 2312 ut
1083 2257 1241 2312 homo
1271 2258 1341 2312 ab
1370 2272 1529 2326 equo.
1559 2256 1901 2327 Quaecunque
1924 2275 2053 2316 vero

488 2344 932 2417 signiﬁcationem
975 2354 1031 2401 et
1072 2344 1214 2415 quod
1256 2357 1321 2400 ex
1362 2344 1492 2415 ipsis
1532 2344 1759 2399 eiiicitur
1793 2347 2052 2405 dissimile

489 2434 725 2503 habent,
761 2451 825 2491 ea
884 2436 1095 2493 ratione
1141 2435 1574 2506 cogitationeque
1623 2435 2046 2509 distinguuntur,

486 2524 935 2595 quemadmodum
995 2525 1201 2580 sanitas
1254 2535 1312 2580 et
1362 2528 1598 2582 morbus.
1654 2527 1733 2583 Ex
1787 2532 1869 2591 his
1924 2543 2050 2585 vero

487 2631 820 2687 quacunque
846 2617 957 2671 sola
988 2617 1196 2673 ratione
1217 2625 1271 2672 et
1302 2616 1491 2673 eﬂectu
1520 2621 1791 2674 contraria
1825 2621 1964 2682 inter
1989 2636 2049 2679 se

488 2716 651 2774 sunt,
708 2709 991 2781 peritiores
1050 2709 1355 2779 philosophi
1409 2712 1681 2766 contraria
1738 2713 2045 2768 iunnediata

485 2809 710 2863 vocant;
766 2799 869 2853 alia
913 2814 1043 2857 vero
1094 2800 1344 2858 mediata.
1388 2803 1704 2869 [mmediata
1752 2804 1941 2871 igitur,
1990 2814 2048 2860 ut

487 2890 644 2951 modo
676 2888 939 2954 diximus,
965 2899 1091 2943 sunt
1122 2889 1325 2945 sanitas
1365 2901 1419 2944 et
1455 2892 1673 2947 morbus
1714 2909 1728 2945 :
1915 2894 2043 2949 nihil

484 2980 625 3033 enim
656 2979 794 3033 inter
821 2980 934 3034 haec
961 2988 1042 3033 est
1074 2980 1327 3034 medium.
1356 2979 1411 3034 Si
1443 2982 1584 3037 enim
1618 2980 1817 3050 aliquid
1852 2984 2042 3042 horum

483 3069 683 3123 homini
718 3069 946 3132 accidat,
970 3069 1022 3123 id
1046 3070 1215 3123 solum
1248 3071 1299 3123 in
1331 3071 1446 3141 ipso
1472 3082 1574 3125 est.
1599 3073 1706 3125 Aut
1726 3076 1872 3127 enim
1906 3074 2042 3130 bene

482 3160 642 3223 valet,
665 3169 753 3213 aut
776 3168 1029 3229 aegrotat;
1058 3159 1368 3229 nullumque
1398 3163 1538 3215 inter
1561 3175 1827 3231 curuare
1855 3172 1909 3217 et
1936 3180 2039 3219 non

2153 1976 2478 2048 τεμνόμενα,
2507 1976 2541 2047 ή
2587 1975 2778 2045 μόναις
2819 1977 2937 2039 ταῖς
2972 1976 3257 2039 ἐπινοίαις.
3306 1976 3468 2044 Τόπῳ
3500 1976 3598 2045 μὲν
3633 1970 3737 2028 οὖν

2150 2071 2250 2139 τῆς
2277 2067 2413 2139 πρὸς
2438 2065 2643 2136 ἄλληλα
2680 2066 2973 2134 συναφείας
2998 2064 3265 2119 διίσταται
3294 2066 3362 2119 τά
3407 2064 3735 2136 σωματικὴν

2152 2160 2344 2231 έχοντα
2399 2159 2679 2222 σύστασιν,
2736 2156 3001 2211 διίσταται
3038 2156 3095 2211 δὲ
3136 2157 3233 2212 καὶ
3274 2157 3417 2228 λόγῳ
3453 2156 3574 2210 τινὰ
3617 2155 3735 2210 τῶν

2152 2251 2293 2303 κατά
2348 2248 2447 2320 τήν
2494 2246 2724 2320 οὐσιώδη
2785 2247 3066 2321 διαφορὰν,
3132 2247 3211 2311 ὡς
3279 2246 3566 2318 ἄνθρωπος
3636 2248 3735 2299 ἴττ-

2149 2357 2275 2394 που.
2307 2340 2389 2393 Τά
2415 2338 2472 2393 δὲ
2503 2340 2603 2393 ὃσα
2633 2338 2732 2411 τὴν
2759 2337 2989 2408 δήλωσιν
3022 2338 3117 2393 καὶ
3159 2337 3221 2392 τὸ
3266 2337 3326 2403 ἐξ
3362 2338 3541 2392 αὐτῶν
3585 2340 3729 2393 ἀτω-

2148 2426 2302 2484 τελοὺ
2310 2446 2471 2501 μενον
2522 2428 2775 2500 ἀνόμοιον
2824 2428 2956 2499 ἔχει,
3006 2428 3149 2499 λόγῳ
3192 2428 3332 2499 ψιλῷ
3370 2432 3465 2482 καὶ
3507 2428 3730 2502 ἑπινοίᾳ

2151 2519 2485 2593 μεριζόμενα
2523 2518 2792 2590 φαίνεται,
2824 2515 2934 2573 οἷον
2972 2519 3153 2587 ὑγίεια
3199 2520 3290 2573 καὶ
3318 2520 3491 2583 νόσος.
3544 2519 3633 2573 Ἑν
3662 2518 3729 2573 δι

2147 2608 2355 2672 τούτοις
2387 2609 2488 2662 ὅσα
2520 2606 2665 2680 λόγῳ
2696 2608 2843 2678 μόνῳ
2887 2608 2982 2662 καὶ
3014 2608 3092 2678 τῷ
3124 2608 3183 2675 ἐξ
3210 2608 3389 2662 αὐτῶν
3429 2608 3730 2662 ἀποτελου-

2149 2700 2296 2772 μένῳ
2321 2700 2441 2755 κατ’
2471 2702 2818 2771 ἐναντιότητα
2858 2699 3129 2770 διέστηκε,
3161 2700 3227 2754 τὰ
3258 2699 3357 2769 μὲν
3402 2699 3584 2770 ἀμεσα
3623 2717 3727 2753 κα-

2143 2791 2324 2846 λοῦσιν
2362 2792 2413 2845 οί
2445 2792 2514 2847 τὰ
2554 2795 2654 2862 τῆς
2698 2791 3014 2860 φιλοσοφίας
3049 2789 3351 2861 ἠσκημένοι
3394 2788 3724 2860 μαθήματα,

2143 2882 2213 2936 τὰ
2235 2881 2291 2934 δὲ
2320 2881 2555 2952 έμμεσα.
2591 2880 2804 2951 ’Δμεσα
2839 2880 2940 2953 μὲν
2969 2876 3081 2945 οὖν,
3110 2879 3361 2952 καθάπερ
3389 2879 3487 2951 ήδη
3535 2884 3729 2952 προεῖ-

2142 2991 2262 3039 πον,
2296 2974 2473 3041 ὑγίεια
2506 2971 2599 3026 καὶ
2638 2972 2823 3036 νόσος’
2870 2972 3025 3026 οὐδὲν
3054 2971 3163 3041 γὰρ
3193 2971 3396 3025 τούτων
3442 2973 3561 3025 ἐστὶ
3615 2990 3723 3042 με-

2139 3062 2291 3128 ταξύ.
2328 3063 2390 3115 Εἰ
2416 3062 2524 3133 γὰρ
2552 3062 2637 3113 ἐπ’
2665 3059 2948 3131 ἀνθρώπου
2977 3062 3137 3131 τυχὸν
3169 3062 3387 3133 φέροιτό
3412 3078 3465 3115 τι
3488 3062 3722 3131 τούτων,

2142 3154 2199 3207 ἓν
2232 3151 2379 3207 ἔσται
2409 3153 2623 3215 πάντως
2651 3152 2708 3205 ἐν
2741 3151 2910 3223 αὐτῷ.
2955 3151 3027 3204 Ἦ
3061 3151 3167 3223 γὰρ
3198 3152 3449 3220 ὑγιαίνει,
3482 3152 3514 3223 ἢ
3544 3156 3721 3222 νοσεῖ,

479 3260 739 3318 κει-σιεγε
771 3258 857 3303 est
885 3250 1138 3305 medium.
1164 3251 1390 3306 Mediata
1424 3268 1549 3306 vero
1579 3256 1850 3309 contraria
1879 3254 2036 3324 justi-

2142 3244 2234 3298 καὶ
2262 3244 2323 3297 τὸ
2358 3243 2520 3313 μέσον
2548 3242 2641 3296 τοῦ
2673 3246 2847 3296 νοσεῖν
2875 3242 2907 3314 ἢ
2944 3244 3016 3314 μή
3051 3246 3247 3309 νοσεῖν,
3282 3244 3457 3297 οὐδέν.
3498 3245 3723 3315 Ἐμμε-

481 3341 609 3393 tiatn
645 3350 699 3396 et
728 3340 1038 3408 iniustitiam
1071 3356 1191 3398 esse
1225 3343 1429 3399 volunt.
1463 3343 1649 3414 Neque
1687 3346 1833 3399 enim
1868 3348 2044 3402 omnis

482 3432 643 3485 homo
682 3442 777 3487 aut
812 3434 866 3487 in
912 3433 1221 3488 universum
1261 3434 1469 3503 justus,
1506 3447 1595 3489 aut
1636 3437 1689 3491 in
1735 3437 2043 3491 universum

478 3522 708 3590 injustas
744 3533 846 3577 est.
870 3523 1014 3579 Fieri
1051 3524 1195 3577 enim
1236 3536 1411 3593 potest
1443 3536 1501 3580 ut
1533 3528 1766 3583 medium
1808 3528 2041 3597 aliquem

2145 3352 2236 3389 σον
2270 3334 2327 3387 δὲ
2357 3334 2454 3405 τὴν
2477 3333 2826 3405 δικαιοσύνην
2849 3328 2987 3387 εἶναι
3033 3350 3163 3401 φασι
3205 3335 3299 3386 καὶ
3336 3334 3435 3405 τήν
3474 3335 3718 3390 ἀδικίαν.

2155 3426 2444 3497 Ἐπειδήπε
2453 3443 2483 3498 ρ
2517 3426 2578 3477 οὐ
2600 3427 2706 3489 πᾶς
2728 3425 2824 3479 ἀνθ
2833 3442 3010 3495 ρωπος
3037 3425 3071 3496 ἢ
3094 3424 3398 3497 ὁλοκλήρως
3421 3426 3648 3492 δίκαιος,
3679 3428 3719 3499 ἢ

2140 3517 2321 3581 ἄδικός
2353 3520 2490 3572 ἑστι.
2528 3516 2760 3574 Δυνατὺν
2793 3518 2901 3585 γὰρ
2946 3517 3110 3587 μέσον
3160 3516 3350 3589 ὥσπερ
3399 3518 3520 3572 τινὰ
3545 3518 3720 3573 τόπον

477 3611 650 3666 locum
683 3614 1051 3678 inveniamus,
1076 3616 1328 3671 nimirum
1361 3622 1421 3671 ut
1449 3618 1572 3687 quis
1593 3632 1657 3671 ex
1688 3625 1838 3685 parte
1862 3619 2037 3685 justus

2142 3609 2393 3681 εὑρέσθαι
2420 3611 2485 3662 εκ
2510 3609 2713 3679 μέρους
2735 3607 2946 3661 δικαίου
2980 3608 3124 3671 τινὸς
3152 3607 3321 3673 ὄντος,
3340 3608 3442 3695 καὶ
3473 3610 3535 3662 οὺ
3567 3627 3718 3675 παν-

474 3702 566 3768 sit,
594 3716 697 3756 non
727 3712 902 3757 autem
932 3705 1182 3759 omnibus
1201 3706 1445 3776 partibus
1476 3706 1730 3776 iniustus.
1755 3706 1849 3762 liis
1876 3708 2039 3776 igitur

474 3791 576 3847 hoc
604 3793 759 3847 modo
786 3794 1159 3862 consideratis,
1183 3807 1238 3850 et
1262 3796 1702 3856 dissimilitudine
1732 3800 1785 3854 in
1812 3800 2036 3869 singulis

472 3880 634 3934 rebus
670 3882 1053 3953 pervestigata,
1088 3884 1361 3937 videamus
1394 3900 1624 3954 quonam
1669 3890 1827 3942 modo
1863 3904 1927 3943 ex
1970 3890 2035 3945 iis

472 3983 591 4036 qua:
620 3969 760 4022 dicta
794 3980 918 4024 sunt
951 3970 1119 4026 Filius
1152 3987 1180 4025 a
1217 3973 1564 4027 similitudine
1590 3974 1772 4031 Patris
1798 3977 2028 4034 differat.

470 4057 615 4113 Loco
646 4070 793 4115 certe
824 4062 1062 4138 separari
1101 4077 1260 4117 nemo
1290 4064 1490 4118 dixerit
1522 4084 1535 4119 :
1575 4081 1745 4137 neque
1776 4070 1916 4121 enim
1953 4080 2035 4123 est

469 4162 683 4218 corpus,
702 4163 986 4219 corporum
1011 4161 1190 4206 autem
1218 4152 1493 4223 preprium
1522 4165 1605 4209 est
1624 4155 1879 4210 localibus
1907 4170 2033 4226 spa-

469 4239 560 4294 tiis
600 4239 813 4307 dirimi;
853 4241 1114 4312 reliquum
1161 4258 1291 4313 ergo
1323 4253 1407 4299 est
1438 4253 1495 4299 ut
1528 4245 1734 4300 ratione
1766 4244 1975 4302 dili‘erat
2013 4266 2027 4302 :

468 4332 677 4385 ratione
718 4341 896 4387 autem
931 4332 1049 4403 dico
1089 4334 1340 4391 naturali.
1369 4335 1439 4388 At
1471 4336 1513 4390 si
1549 4346 1738 4389 natura
1775 4346 1857 4391 est
1892 4339 2029 4392 Deus

465 4420 647 4488 Pater,
672 4432 727 4476 et
753 4433 945 4479 natura
974 4423 1114 4479 Deus
1139 4425 1328 4491 Filius,
1356 4426 1653 4493 qualisnam
1685 4428 1826 4482 ratio
1857 4429 2028 4496 ipsum

466 4512 783 4582 distinguit?
809 4513 938 4578 Quis
968 4522 1143 4568 autem
1171 4529 1276 4567 non
1306 4515 1538 4568 fateatur
1559 4530 1619 4569 ea
1652 4531 1769 4584 quze
1789 4517 2025 4586 ejusdem

2134 3698 2303 3761 τελῶς
2325 3698 2531 3753 ἀδίκου.
2564 3698 2777 3752 Τούτων
2807 3698 3093 3770 τοιγαροῦν
3124 3699 3265 3753 κατά
3292 3700 3441 3753 τόνδε
3469 3702 3558 3754 τὸν
3584 3702 3719 3772 τρό-

2134 3805 2235 3849 πον
2283 3790 2414 3859 ήμῖν
2453 3789 2883 3860 διεσκεμμένων.
2933 3790 3029 3845 καὶ
3076 3793 3175 3861 τῆς
3211 3791 3595 3862 ἀνομοιότητος
3649 3796 3714 3846 ὲν

2133 3877 2341 3941 τούτοις
2367 3877 2762 3949 ἐξεταζομένης
2787 3880 2879 3934 ἐπὶ
2901 3881 3102 3944 παντὸς
3126 3881 3471 3952 πράγματος,
3505 3882 3713 3954 ἷδωμεν

2132 3964 2275 4020 κατά
2307 3970 2457 4021 ποῖον
2484 3968 2592 4022 τῶν
2639 3971 2941 4041 είρημένων
2981 3971 3136 4039 λόγον
3178 3972 3454 4041 ἀφέστηκε
3483 3974 3582 4043 τῆς
3610 3975 3712 4029 τοῦ

2132 4057 2342 4128 Πατρδς
2374 4059 2689 4130 ὁμοιότητος
2718 4063 2747 4112 6
2774 4060 2919 4124 Υἱός.
2953 4061 3113 4131 Τόπῳ
3139 4061 3239 4131 μὲν
3263 4058 3357 4115 οὗν
3386 4064 3485 4116 οὐκ
3525 4066 3592 4119 ἄν
3616 4058 3713 4130 τις

2129 4148 2291 4200 αὐτὸν
2322 4148 2637 4219 μερίζεσθαι
2664 4149 2848 4219 λέγοι,
2880 4150 3001 4204 ἐπεὶ
3035 4152 3171 4223 μήτε
3205 4152 3363 4223 σῶμά
3394 4154 3509 4207 ἐστι
3532 4171 3547 4185 ·
3594 4172 3713 4210 σω-

2131 4237 2316 4308 μάτων
2348 4240 2454 4310 γάρ
2510 4239 2639 4294 ῐδιον
2680 4245 2935 4305 τυπικαῖς
2982 4241 3300 4313 μερίζεσθαι
3346 4244 3704 4300 διαστάσεσι·

2127 4328 2371 4383 λείπεται
2400 4330 2579 4389 τοίνυν
2605 4332 2689 4397 τὸ,
2723 4331 2866 4403 λόγῳ
2904 4332 3267 4405 χωρίζεσθαιο
3302 4335 3443 4407 λόγῳ
3468 4336 3525 4389 δέ
3556 4354 3706 4409 φημι

2126 4418 2203 4490 τῷ
2229 4420 2369 4475 κατὰ
2398 4422 2497 4493 τήν
2540 4422 2721 4491 φύσιν.
2766 4424 2905 4479 Ἀλλ’
2935 4425 3093 4496 εἰπερ
3143 4426 3301 4496 φύσει
3349 4426 3482 4490 Θεὸς
3522 4429 3551 4481 6
3578 4429 3705 4481 Παο

2125 4512 2248 4582 τήρ,
2285 4513 2381 4565 καὶ
2408 4512 2567 4582 φύσει
2593 4514 2724 4578 Θεὸς
2766 4516 2796 4568 6
2838 4516 2985 4581 Υίδς,
3016 4519 3168 4580 ποῖος
3199 4517 3360 4571 αὑτὸν
3400 4519 3701 4589 ἀποτέμνει

465 4605 715 4659 essentia:
744 4612 899 4669 sunt,
931 4603 1127 4659 similis
1162 4604 1301 4659 inter
1330 4619 1388 4659 se
1417 4605 1570 4659 esse?
1600 4604 2024 4671 Praeterea,.m)n

2142 4602 2309 4670 ιόγος;
2333 4604 2430 4667 Τίς
2448 4604 2504 4657 δὲ
2532 4605 2593 4657 οὐ
2632 4608 2972 4691 συγχωρήσει
2999 4607 3097 4678 τήν
3120 4608 3258 4678 πρὸς
3283 4607 3486 4679 ἄλληλα
3511 4588 3703 4679 φορεῖν

462 4694 625 4751 veluti
654 4695 1371 4765 contrarium'distinguetur
1397 4694 1563 4749 Filius
1589 4712 1619 4749 a
1647 4696 1824 4763 Patre,
1851 4705 1909 4751 ut
1935 4699 2022 4753 illa

462 4800 582 4855 qua:
611 4786 867 4840 dicuntur
895 4785 1225 4840 immediata.
1259 4783 1445 4855 Neque
1477 4785 1618 4840 enim
1651 4798 1708 4841 ιιι
1737 4789 1938 4843 sanitas
1970 4800 2023 4845 et

462 4875 686 4930 morbus
731 4875 871 4928 inter
914 4888 975 4929 se
1017 4874 1313 4939 dissident;
1356 4890 1529 4945 neque
1574 4879 2017 4944 quemadmodum

459 4978 629 5020 unum
672 4962 873 5034 aliquid
904 4976 1091 5020 eorum
1120 4978 1238 5031 quas
1279 4964 1511 5019 diximus
1547 4964 1599 5019 in
1637 4967 1853 5021 homine
1888 4971 2017 5023 reti~

458 5053 572 5108 ueri
591 5093 609 5119 ,
637 5052 777 5107 ratio
803 5052 1071 5119 ostendit,
1100 5054 1174 5108 ita
1202 5053 1365 5108 etiam
1394 5054 1478 5109 est
1504 5056 1559 5109 in
1588 5053 1746 5112 Patre
1775 5070 1829 5111 et
1860 5058 2012 5115 Filio.

457 5137 731 5195 lnhabitat
757 5141 902 5194 enim
932 5155 985 5195 tu
1016 5142 1196 5210 aliquo
1217 5138 1381 5194 Pater
1413 5156 1428 5194 :
1458 5138 1721 5195 inhabitat
1744 5152 1800 5196 et
1824 5142 2009 5197 Filius.

455 5228 660 5299 Neque,
690 5231 1139 5301 quemadmodum
1169 5230 1257 5285 illa
1283 5231 1443 5286 simul
1472 5232 1636 5299 coire,
1666 5233 1927 5304 simulque
1959 5237 2009 5289 in

455 5322 641 5378 eodem
685 5322 924 5393 subjecto
961 5323 1258 5377 subsistere
1301 5335 1606 5393 nequeunt,
1643 5325 1713 5380 ita
1755 5324 1919 5380 Filius
1960 5338 2013 5380 et

454 5412 617 5467 Pater
659 5429 718 5469 se
761 5415 957 5469 habent
998 5431 1012 5467 :
1067 5433 1085 5466 ι
1140 5414 1275 5469 Ecce
1319 5417 1495 5482 enim,
1523 5417 1693 5485 inquit
1730 5416 2008 5483 Christus,

458 5506 731 5560 veniemus
770 5520 870 5572 ego
906 5515 960 5561 et
996 5504 1174 5570 Pater,
1204 5513 1257 5561 et
1289 5506 1340 5558 in
1374 5508 1492 5575 ipso
1531 5507 1865 5560 manebimus
1884 5506 1949 5560 “.
1987 5526 2004 5558 ›

456 5594 563 5652 Sed
604 5612 774 5666 neque
817 5599 889 5651 ita
936 5599 1109 5653 media
1142 5612 1229 5653 res
1263 5598 1366 5652 erit
1401 5597 1561 5653 Pater
1596 5601 1661 5652 ad
1698 5597 1922 5664 Filium,
1957 5611 2010 5655 ut

448 5685 677 5755 iustitia.
706 5685 888 5755 Neque
912 5688 1054 5742 enim
1085 5687 1263 5741 minus
1292 5688 1394 5742 erit
1420 5686 1600 5754 Pater,
1628 5687 1807 5754 Pater,
1839 5704 2008 5759 neque

528 5840 572 5874 ⁸³
607 5844 759 5899 Juztn.
793 5860 899 5904 liv,
929 5844 981 5897 9.
1060 5844 1104 5875 "
1137 5843 1267 5897 Ibid.
1304 5844 1395 5897 3'5.

2122 4692 2417 4762 ὁμοιότητα
2465 4692 2565 4761 τῆς
2615 4692 2780 4746 αὑτοῦ
2826 4691 3012 4756 οὐσίας
3058 4693 3399 4765 ὑπάρχοντας
3456 4695 3577 4748 Ἔτι
3634 4713 3699 4751 τε

2123 4782 2259 4854 πρὸς
2291 4783 2486 4853 τούτῳ,
2520 4784 2639 4837 οὐδὲ
2666 4784 2741 4847 ὼς
2774 4786 3015 4840 ἐναντίον
3048 4786 3156 4855 {Est
3185 4806 3236 4841 τι
3266 4788 3401 4859 πρὸς
3443 4787 3533 4841 τὸν
3564 4788 3700 4843 Υίὸν

2119 4875 2148 4926 6
2170 4872 2377 4944 Πατὴρ,
2402 4874 2477 4935 ὡς
2506 4872 2574 4927 τὰ
2595 4875 2772 4943 ἀμεσα
2801 4876 3124 4947 καλούμενα.
3157 4878 3232 4931 Οὐ
3261 4877 3370 4949 γὰρ
3409 4878 3484 4941 ὡς
3512 4880 3697 4946 ὑγίεια

2119 4964 2211 5017 καὶ
2248 4963 2401 5026 νόσος
2445 4962 2695 5032 ἀλλήλοις
2725 4965 3085 5019 ἀντίκεινταιο
3120 4967 3241 5019 οὐδὲ
3292 4967 3481 5038 ὥσπερ
3527 4969 3587 5020 ἓν
3637 4988 3695 5040 τι

2118 5055 2333 5106 πάντων
2355 5052 2463 5106 τῶν
2485 5053 2791 5123 είρημένων
2819 5056 2876 5107 ἐν
2899 5055 3206 5128 ἀνθρώποις
3234 5057 3503 5122 σώζεσθαι
3532 5062 3559 5111 6
3579 5060 3694 5113 τῶν

2117 5144 2460 5215 πραγμάτων
2516 5145 2815 5213 ἀναγκάσει
2848 5147 3027 5216 λόγος,
3053 5147 3196 5202 οὕτω
3223 5149 3316 5202 καὶ
3349 5149 3441 5202 ἐπὶ
3473 5149 3693 5220 Πατρδς

2115 5235 2210 5289 καὶ
2241 5235 2392 5290 Υίοῦ.
2430 5237 2662 5289 Ἐνοικεῖ
2690 5238 2797 5309 γάρ
2824 5254 2965 5291 τισιν
2990 5240 3019 5292 ό
3044 5237 3255 5311 Πατὴρ,
3289 5240 3486 5292 ἐνοικεῖ
3507 5239 3563 5294 δὲ
3591 5242 3690 5294 καὶ

2115 5328 2143 5380 6
2180 5326 2325 5390 Υἱός.
2356 5328 2467 5381 Καὶ
2492 5328 2553 5380 οὑ
2583 5326 2831 5399 καθάπερ
2862 5331 3044 5383 ἐκεῖνα
3070 5332 3149 5393 είς
3170 5330 3363 5384 ταυτὸν
3391 5330 3692 5401 ἀσύμϐατά

2116 5435 2174 5470 τε
2220 5425 2314 5471 καὶ
2353 5417 2749 5487 ἀσυνύπαρκτά
2786 5420 2954 5483 ἐστιν,
2986 5420 3128 5475 οὕτω
3156 5422 3250 5475 καὶ
3295 5422 3323 5473 6
3354 5420 3481 5484 Υἱὸς
3527 5422 3619 5474 καὶ
3659 5426 3693 5476 6

2117 5509 2304 5579 Πατήρ
2329 5524 2343 5537 ο
2384 5528 2402 5560 ι
2453 5508 2585 5562 Ἰδοὺ
2618 5508 2746 5580 γὰρ,
2798 5510 2963 5580 φησιν
3002 5512 3031 5563 6
3077 5510 3329 5582 Χριστὸς.
3378 5509 3685 5563 είσελευσό⁶

2119 5598 2257 5669 μεθα
2287 5598 2398 5667 ἐγὼ
2432 5600 2526 5652 καὶ
2553 5600 2581 5652 6
2620 5600 2824 5671 Πατὴρ,
2854 5601 2949 5653 καὶ
2984 5600 3148 5672 μονὴν
3178 5600 3307 5671 παρ’
3329 5599 3478 5670 αὐτῷ
3522 5602 3689 5669 ποιή-

2117 5706 2298 5758 σομεν.
2349 5710 2368 5743 ι
2424 5690 2562 5742 Ἀλλ’
2608 5690 2724 5743 οὐδὲ
2760 5690 2930 5755 οὕτως
2968 5691 3208 5762 ἐμμεσον
3250 5692 3399 5745 ἔσται
3447 5694 3687 5765 πρᾶγμα
