3922 6470
540 472 635 528 iit

1557 469 1611 516 δ.
1656 466 1928 517 LYIHLLI
1972 463 2429 517 ALElAlVDltIN
2467 462 2785 517 AliCIIIEP.

3675 471 3782 525 il?

532 592 871 649 accumulant
903 609 913 643 :
952 604 1067 657 qum
1099 588 1229 641 adeo
1260 596 1497 641 atrocem
1529 586 1919 654 blasphemiam
1958 586 2008 638 in
2046 599 2071 636 s

2208 582 2319 651 ἔχει
2357 583 2453 653 τὴν
2488 584 2816 653 δυσφημίαν,
2854 585 2925 646 ὡς
2968 586 3125 637 παντί
3156 604 3229 656 τῳ
3262 585 3512 654 γενέσθαι
3544 596 3780 655 φευκτά.

526 686 837 747 continent,
872 694 929 736 ut
977 683 1170 735 merito
1209 680 1458 733 omnibus
1502 679 1825 733 exsecranda
1874 682 2000 731 sint.
2032 677 2091 729 Si

528 792 661 848 ergo
687 791 803 831 eam
834 789 953 842 quae
987 775 1037 827 in
1072 774 1227 827 dietis
1264 786 1444 824 eorum
1481 780 1561 823 est
1594 769 1973 823 absurditatem
2002 768 2093 819 de-

541 868 722 924 testari
760 866 1047 926 convenit,
1085 878 1419 931 consequens
1461 872 1543 915 est
1574 870 1629 913 ut
1660 860 1941 914 credamus
1986 874 2090 912 non

532 958 769 1011 additum
806 968 927 1009 esse
960 953 1153 1006 Filium
1184 950 1359 1013 Patri,
1393 950 1485 1003 sed
1522 962 1733 1016 semper
1766 957 2090 1000 coaeternmn

530 1064 594 1102 ex
627 1049 739 1118 ipso
763 1045 944 1099 fuisse.
964 1043 1029 1097 Et
1050 1041 1520 1112 quemadmodum,
1542 1039 1584 1094 si
1615 1039 1825 1092 additus
1848 1037 1964 1102 l‘uit,
1988 1051 2090 1090 nou

531 1148 647 1194 erat
680 1133 1155 1191 consubstantialis
1193 1152 1204 1186 :
1246 1132 1318 1185 ita
1350 1132 1551 1195 etiam,
1585 1144 1706 1183 cum
1743 1128 1953 1181 additus
1987 1141 2090 1180 non

532 1230 707 1294 fuerit,
738 1228 830 1282 sed
860 1240 1073 1294 semper
1100 1240 1219 1277 cum
1246 1225 1362 1295 ipso
1381 1222 1665 1285 exstiterit,
1685 1221 1903 1276 omnino
1932 1220 2090 1272 etiam

528 1316 1003 1376 consubstantialis
1034 1316 1080 1369 ei
1116 1324 1216 1370 est.

1193 1427 1401 1484 ALIUD

593 1542 828 1598 Tametsi
862 1540 1041 1611 aliquo
1076 1540 1231 1593 modo
1262 1538 1473 1592 ditferat
1506 1535 1674 1590 Filius
1707 1549 1734 1587 a
1769 1549 1866 1589 suo
1899 1533 2086 1596 Patre,

522 1650 582 1689 ca
617 1635 867 1688 nimirum
898 1632 1107 1686 ratione
1132 1645 1233 1698 qua
1264 1628 1423 1682 Pater
1449 1626 1769 1697 principitttn
1797 1634 1901 1688 est,
1923 1624 2091 1678 Filius

524 1734 701 1780 autem
731 1740 794 1779 ex
828 1723 1108 1793 principio,
1137 1736 1240 1775 non
1271 1729 1450 1774 tamen
1480 1720 1680 1772 ideirco
1707 1717 1845 1769 idem
1878 1732 1997 1769 cum
2024 1730 2090 1770 eo

523 1826 574 1869 rt
605 1813 1093 1869 consubstantialis
1127 1825 1248 1865 esse
1281 1811 1508 1863 desinet.
1544 1806 1724 1875 Neque
1758 1806 1897 1859 enim
1928 1805 2085 1873 quid-

2197 675 2258 725 ΕΞ
2291 676 2469 727 τοίνυν
2506 676 2605 745 τὴν
2638 677 2695 726 ἐν
2736 678 2847 737 τοῖς
2878 677 3185 746 εἰρημένοις
3228 677 3455 728 ἀτοπίαν
3489 680 3782 745 παραιτεῖ-

2197 765 2319 817 σθαι
2336 765 2515 830 καλὸν,
2540 768 2816 819 πιστεύειν
2839 768 3129 820 ἀκόλουθον
3154 770 3227 829 ὡς
3263 769 3324 821 οὐ
3367 770 3736 839 προσγέγονεν
3754 773 3786 822 6

2196 855 2323 919 Tib;
2348 855 2427 925 τῷ
2452 858 2645 925 “arpi,
2680 858 2795 909 ἀλλ’
2826 854 2893 928 ἧν
2922 860 3008 911 ἀεὶ
3046 860 3308 923 συναΐδιος
3339 860 3399 924 ἐξ
3443 860 3626 913 αὐτοῦ.
3668 862 3784 913 Καὶ

2193 946 2402 1018 ὥσπερ,
2442 949 2490 1000 εί
2516 949 2895 1018 προσγεγονὼς
2930 952 3197 1019 ἐφαίνετο,
3244 953 3344 1003 οὐκ
3374 952 3439 1005 ἂν
3471 949 3537 1022 ἧν
3576 953 3783 1022 ὁμοούς

2194 1057 2325 1103 σιος,
2372 1041 2561 1105 οὓτως,
2610 1042 2731 1094 ἐπεὶ
2779 1041 2853 1113 μὴ
2882 1042 3039 1096 τοῦτό
3067 1046 3248 1105 ἐστιν,
3277 1044 3391 1096 ἀλλ’
3432 1040 3500 1115 ἦν
3541 1046 3629 1097 ἀεὶ
3676 1045 3781 1096 σὺν

2192 1132 2361 1202 αὐτῷ,
2395 1132 2614 1199 πάντως
2647 1132 2800 1187 ἔσται
2840 1138 2935 1188 καὶ
2967 1134 3269 1208 ὁμοοὺσιος.

2873 1423 3078 1478 AAAO.

2260 1532 2377 1585 Κᾶν
2401 1537 2495 1603 ἔχῃ
2522 1535 2642 1587 τινὰ
2664 1514 2925 1605 διαφοράν
2950 1540 2976 1589 6
3009 1537 3135 1599 Υίὺς
3166 1537 3240 1599 ὼς
3273 1538 3406 1607 πρὸς
3435 1538 3525 1590 τὸν
3571 1538 3775 1592 ἑαυτοῦ

2190 1623 2426 1693 Πατέρα,
2457 1625 2577 1678 καθ’
2603 1626 2670 1695 ἢν
2699 1628 2726 1678 6
2753 1627 2851 1696 μὲν
2892 1628 3080 1697 Πατὴρ
3109 1630 3248 1698 ἀρχή
3276 1630 3445 1694 ἐστιν,
3476 1632 3503 1681 6
3530 1630 3589 1681 δὲ
3632 1630 3774 1693 Υἱὸς

2187 1717 2249 1767 ὲκ
2274 1716 2369 1785 τῆς
2400 1716 2592 1786 ἀρχῆς,
2626 1716 2741 1769 ἀλλ’
2772 1719 2833 1770 οὐ
2877 1718 2963 1771 διὰ
2989 1718 3145 1771 τοῦτο
3174 1720 3269 1787 τῆς
3297 1721 3624 1790 ταύτότητος
3666 1721 3772 1774 καὶ

2187 1806 2284 1876 τῆς
2326 1808 2461 1876 πρὸς
2493 1806 2655 1859 αὐτὸν
2686 1808 3105 1879 ὀμοουσιότητος
3134 1810 3518 1879 ὲξωσθήσεται.
3552 1813 3624 1863 Οὐ
3656 1812 3775 1882 γὰρ

522 1920 681 1973 quam
715 1903 876 1955 fuerit
903 1909 1227 1955 eoa-ternum
1259 1898 1438 1964 Patri,
1466 1897 1605 1965 quod
1636 1911 1700 1949 ex
1731 1896 1843 1965 ipso
1872 1904 2074 1947 natura-

2187 1898 2338 1950 ἔσται
2376 1916 2427 1950 τι
2468 1899 2737 1952 συναϊδιον
2765 1900 2843 1968 τῷ
2878 1902 3075 1971 Πατρὶ,
3119 1902 3193 1973 μὴ
3224 1902 3282 1952 ὂν
3316 1902 3375 1966 ἐξ
3404 1903 3570 1955 αὐτοῦ
3604 1921 3775 1971 φυσι-

522 1996 642 2050 liter
669 2010 772 2049 non
805 1992 991 2057 fuerit;
1025 2007 1091 2045 ne
1123 1992 1284 2043 etiam
1314 1988 1577 2043 creaturis
1606 1988 1707 2041 hoc
1739 1987 1912 2039 inesse
1938 1986 2083 2038 dica-

524 2105 673 2153 mus,
705 2088 844 2157 quod
876 2086 972 2141 soli
1005 2086 1198 2139 divina:
1229 2094 1432 2137 natura:
1464 2083 1620 2136 inest.
1649 2080 1907 2146 Quocirca
1944 2088 2082 2130 tam-

521 2180 620 2236 etsi
647 2179 809 2234 Filius
832 2177 1042 2231 Patrem
1065 2191 1219 2230 suum
1248 2176 1565 2244 principium
1592 2174 1879 2237 habeat,ea
1904 2181 2079 2223 tamen

523 2272 727 2325 ratione
777 2285 880 2339 qua
935 2283 999 2322 ex
1054 2268 1316 2336 principio
1370 2276 1479 2331 est,
1532 2278 1742 2331 unaque
1792 2278 1913 2318 cum
1968 2262 2083 2330 ipso

520 2360 755 2418 exsistit.
784 2357 1062 2411 dissimilis
1094 2356 1143 2409 ei
1179 2354 1469 2409 secundum
1502 2352 1788 2407 essentiam
1822 2367 1938 2405 esse
1975 2367 2079 2403 non

519 2457 710 2518 potest.
738 2448 1008 2517 Siquidem
1035 2447 1158 2515 quia
1187 2460 1250 2499 ex
1276 2444 1541 2517 principio
1564 2454 1663 2505 est,
1689 2444 1889 2496 idcirco
1915 2443 2076 2496 etiam

518 2538 991 2597 consubstantialis
1019 2535 1283 2608 principio
1312 2546 1415 2590 est.
1443 2535 1496 2590 Id
1528 2550 1654 2588 rero
1680 2536 1821 2603 quod
1850 2535 2079 2587 consub—

519 2631 767 2687 stantialc
797 2628 944 2683 Patri
988 2638 1090 2692 est,
1136 2628 1423 2682 ascititiutu
1467 2642 1573 2682 non
1626 2638 1728 2691 est,
1774 2641 1840 2681 ne
1886 2635 1937 2679 et
1970 2627 2079 2692 ipse

522 2722 780 2793 ejusmodi
812 2736 932 2776 esse
962 2720 1283 2790 reperiatur.

1191 2809 1412 2865 ALIUD.

953 2924 1033 2977 ΕΞ
1064 2921 1346 2992 oly'ectioue
1374 2918 1639 2971 Eunoni".

588 3040 703 3095 Non
731 3038 1157 3106 rccipit,inquit,
1182 3034 1578 3101 generationem
1606 3030 1783 3084 Patris
1810 3031 2073 3095 essentia;

521 3134 733 3203 genitus
777 3143 955 3184 autem
1005 3136 1087 3181 est
1127 3126 1312 3179 Filius.
1345 3124 1458 3190 Quo
1502 3133 1660 3190 pacto
1701 3125 1859 3191 igitur
1903 3124 1948 3176 is
1988 3126 2075 3191 qui

521 3227 731 3296 genitus
758 3232 835 3276 est
858 3221 961 3275 erit
991 3216 1468 3272 consubstantialis
1490 3214 1659 3280 Patri,
1684 3216 1771 3283 qui
1803 3229 1907 3267 non
1941 3216 2078 3269 reci-

514 3318 591 3387 pit
615 3311 1050 3386 generationem?

1018 3419 1224 3475 Salutio
1255 3416 1575 3486 objectionis.

586 3540 771 3593 Dicant
798 3534 979 3595 nobis,
1010 3534 1265 3593 obsecro.
1297 3530 1385 3598 qui
1422 3529 1723 3597 hujusmodi
1758 3528 1917 3581 stulte
1954 3542 2075 3593 pro-

510 3636 723 3688 ferunt:
756 3628 809 3682 Si
845 3625 1356 3697 per‘generationem
1382 3622 1583 3673 tollitur
1611 3620 2076 3673 consubstantiali-

514 3737 620 3786 tas,
660 3738 755 3794 per
795 3736 953 3789 quant
1010 3733 1118 3771 rem
1172 3713 1610 3768 conservabitur?
1653 3711 1718 3765 Et
1752 3728 1996 3775 rursum,
2030 3712 2071 3766 si

511 3816 746 3887 genitum
776 3829 880 3866 non
914 3820 995 3865 est
1026 3805 1485 3864 consubstantiale
1520 3804 1788 3875 genitori,
1817 3804 2069 3871 quidnam

512 3909 615 3961 erit
641 3901 1129 3959 consobstantialc?
1158 3900 1316 3953 Certe
1346 3900 1394 3949 id
1423 3897 1562 3964 quod
1593 3896 1828 3964 genitum
1862 3909 1963 3947 non
1991 3903 2072 3946 cst

512 4009 567 4050 et
593 3996 821 4049 alienum
848 4000 931 4046 est
954 3990 1019 4043 ab
1046 3989 1303 4048 essentia,
1330 3996 1419 4038 aut
1453 3987 1503 4037 id
1529 3984 1667 4051 quod
1698 3992 1962 4050 sumptum
1992 3992 2073 4034 est

513 4086 582 4141 ab
621 4087 798 4155 aliquo
843 4097 1025 4135 eorum
1069 4092 1188 4148 quae
1228 4078 1369 4130 circa
1410 4074 1669 4128 essentias
1709 4082 1832 4125 sunt
1871 4090 1885 4127 ε
1926 4072 2071 4138 atqui

516 4183 613 4233 hoc
645 4172 969 4244 impossibile
995 4183 1094 4222 est.
1128 4169 1281 4220 Dices
1312 4167 1471 4234 igitur
1505 4165 1799 4231 ingenitum
1834 4162 2071 4229 ingenito

513 4270 672 4340 plane
705 4261 1159 4320 consubstantiale
1190 4272 1337 4320 esse,
1370 4256 1658 4324 ingenitum
1692 4263 1864 4306 autem
1893 4252 2070 4319 genito

512 4376 617 4415 non
648 4360 793 4411 item.
817 4353 1099 4422 Quocirca,
1122 4366 1243 4403 cmn
1268 4350 1435 4402 Adam
1456 4346 1666 4415 genitus
1692 4362 1797 4401 non
1828 4348 1918 4409 sit,
1939 4346 2067 4398 Abel

510 4461 689 4503 autetn
722 4463 785 4501 ex
819 4444 1039 4500 muliere
1069 4444 1304 4510 genitus,
1338 4455 1439 4491 non
1473 4439 1577 4491 erit
1606 4438 1805 4489 Adamo
1839 4436 2069 4490 coitsnb-

508 4538 792 4595 stantialis.
814 4535 867 4589 Si
894 4549 1014 4587 vero
1038 4533 1248 4602 genitus
1269 4529 1482 4596 quidem
1508 4538 1609 4589 est,
1629 4527 1862 4593 ejusdem
1889 4536 2065 4579 tamett

508 4642 592 4686 est
618 4646 736 4683 cunt
765 4628 966 4680 Atlante
993 4624 1153 4677 etiam
1209 4638 1315 4674 non
1348 4621 1527 4690 genito
1559 4630 1782 4683 naturte,
1810 4620 1936 4687 quid
1973 4622 2065 4673 ob-
2100 4602 2140 4655 ί)

511 4730 619 4777 stat
652 4719 937 4789 qumninus
972 4715 1139 4768 Filius
1181 4729 1245 4767 ex
1294 4712 1529 4780 ingenito
1572 4707 1729 4762 Patre
1771 4711 1980 4780 genitus
2020 4711 2065 4764 ei

510 4815 574 4870 sit
610 4804 1113 4866 consubstantialis?

921 4921 1031 4994 68
1063 4918 1286 4981 ALIUD,
1318 4918 1645 4984 explicatius.

577 5040 822 5096 Genitnm
864 5052 979 5092 esse
1016 5036 1211 5091 Filium
1254 5049 1318 5088 ex
1351 5032 1507 5087 Patre
1542 5034 1703 5087 etiam
1742 5033 1839 5101 ipsi
1882 5034 2065 5089 hostes

507 5134 704 5188 Christi
747 5132 1098 5194 confitentur;
1145 5143 1315 5197 neque
1362 5127 1674 5195 quisquam,
1709 5126 1964 5188 arbitror,
1998 5142 2063 5179 eo

508 5225 754 5293 nequitias
782 5222 1012 5287 devenit,
1041 5230 1099 5273 ut
1124 5221 1319 5272 audeat
1344 5218 1527 5273 dicere
1554 5217 1723 5286 ipsum
1754 5218 1975 5283 perinde
1998 5232 2060 5271 ac

503 5327 777 5369 creaturas
814 5314 1022 5368 ratione
1045 5320 1249 5365 natura:
1286 5320 1438 5363 extra
1507 5308 1745 5363 divinam
1769 5308 2057 5361 essentiam

501 5422 643 5459 esse.
676 5403 730 5459 Si
773 5405 931 5474 igitur
970 5404 1154 5471 genuit
1185 5417 1251 5456 ex
1286 5416 1343 5456 se
1378 5400 1536 5453 Pater
1570 5399 1793 5465 Filium,
1821 5415 1917 5452 cur
1954 5414 2057 5453 nott

502 5499 606 5551 erit
637 5494 1135 5551 consubstantialis‘!
1170 5494 1355 5548 Dicant
1397 5494 1550 5547 nobis
1581 5491 1671 5544 Dei
1704 5490 1863 5545 Verbi
1898 5508 2057 5545 accu-

501 5597 727 5641 satores.
759 5586 888 5639 Nam
922 5595 1013 5638 aut
1044 5587 1165 5655 quia
1203 5601 1305 5637 non
1342 5585 1543 5652 potuit,
1572 5593 1662 5636 aut
1695 5583 1816 5653 quia
1857 5583 2055 5645 noluit,

501 5682 658 5732 talem
709 5680 877 5745 ipsum
924 5686 1163 5747 generat.
1210 5678 1265 5729 Si
1309 5678 1489 5729 dicant
1537 5678 1659 5744 quia
1706 5692 1808 5729 non
1853 5680 2051 5744 potuit,

500 5773 691 5837 pud-at
738 5768 853 5821 illos
893 5765 1067 5820 Patris
1111 5768 1397 5821 essentiam
1443 5768 1765 5820 contumelia
1812 5769 2051 5830 allicere,

499 5874 618 5910 eum
659 5856 1019 5919 impotentiam
1061 5854 1131 5907 illi
1174 5856 1405 5908 tribuere
1440 5854 1667 5920 audent;
1704 5854 1747 5907 si
1782 5868 1909 5907 vero
1946 5854 2051 5907 alio

2185 1990 2296 2051 κῶς
2317 2007 2328 2018 ·
2363 1990 2451 2043 ἵνα
2490 1990 2565 2061 μὴ
2600 1991 2695 2044 καὶ
2732 1994 2844 2054 τοῖς
2877 1992 3139 2062 κτίσμασι
3173 1992 3329 2047 τοῦτο
3363 1998 3646 2065 προσεῖναι
3679 1996 3776 2049 λέ-

2182 2097 2391 2149 γωμεν,
2422 2080 2451 2133 6
2483 2081 2619 2153 μόνῃ
2648 2083 2907 2153 πρόσεστι
2933 2086 2998 2153 τῇ
3037 2082 3155 2155 θείᾳ
3196 2085 3374 2152 φύσει.
3414 2085 3622 2138 Οὐκοῦν
3660 2087 3773 2141 κᾶν

2182 2171 2355 2242 ἀρχὴν
2392 2173 2420 2223 6
2462 2173 2588 2237 Υἱὸς
2620 2174 2719 2246 ἔχῃ
2748 2174 2838 2227 τὸν
2869 2175 3060 2227 ἑαυτοῦ
3104 2177 3343 2244 Πατέρα,
3374 2178 3508 2230 ἀλλὰ
3533 2179 3670 2232 καθὸ
3702 2182 3772 2233 ἐκ

2182 2264 2281 2331 τῆς
2324 2264 2497 2332 ἀρχῆς
2538 2266 2675 2327 ἐστι,
2715 2265 3009 2336 σύνδρομον
3039 2268 3174 2337 αὐτῇ
3206 2268 3263 2319 τὸ
3293 2264 3433 2321 εἶναι
3460 2269 3621 2337 ἔχων.
3671 2273 3768 2323 ἁν-

2180 2351 2363 2421 ὀμοιος
2390 2354 2489 2405 οὐκ
2515 2352 2666 2406 ἔσται
2697 2354 2834 2407 κατὰ
2864 2354 2961 2424 τὴν
2989 2356 3176 2408 οὐσίαν
3208 2358 3362 2427 αὐτῇ.
3404 2359 3622 2428 Ἐπειδὴ
3652 2361 3768 2429 γὰρ

2180 2443 2243 2493 ὲκ
2276 2442 2375 2510 τῆς
2404 2442 2577 2513 ἀρχῆς
2600 2444 2734 2509 ἐστι,
2763 2444 2849 2497 διὰ
2872 2442 3029 2498 τοῦτο
3058 2447 3151 2499 καὶ
3181 2449 3464 2517 ὀμοούσιος
3498 2453 3563 2521 τῇ
3591 2452 3761 2521 ἀρχῇ.

2181 2532 2253 2583 T6
2281 2532 2337 2585 δὲ
2372 2533 2656 2602 ὁμοούσιον
2688 2535 2764 2605 τῷ
2793 2537 2985 2607 Πατρὶ,
3023 2539 3340 2609 ὲπιγενητδν
3370 2542 3469 2593 οὐκ
3504 2541 3644 2605 ἔστι,
3673 2544 3765 2597 ἵνα.

2183 2625 2257 2696 μὴ
2288 2625 2443 2678 τοῦτο
2474 2618 2549 2680 ὢν
2587 2628 2909 2699 εὑρίσκηται
2944 2630 3038 2683 καὶ
3064 2631 3245 2693 αὐτός.
3643 2618 3649 2623 ⁷

2861 2802 3065 2857 ΔΛΛΟ.

2426 2912 2515 2979 Ὠς
2544 2913 2613 2979 ἐξ
2644 2915 3000 2985 ἀντιθέσεως
3036 2919 3154 2972 τῶν
3182 2921 3502 2993 Εὐνομίου.

2248 3026 2359 3078 Οὐκ
2413 3026 2741 3097 ἐπιδέχεται,
2800 3030 2955 3097 φησι,
2996 3032 3248 3100 γέννησιν
3307 3036 3339 3102 ἡ
3393 3034 3485 3086 τοῦ
3542 3035 3757 3106 Πατρὸς

2178 3119 2334 3169 οὐσία
2355 3134 2367 3145 ·
2400 3118 2663 3187 ἐγεννήθη
2694 3118 2749 3170 δὲ
2789 3121 2816 3171 6
2845 3120 2992 3183 Υίός.
3026 3122 3147 3185 Πῶς
3178 3118 3269 3177 οὖν
3302 3126 3329 3175 6
3360 3128 3757 3195 γεγεννημένος

2176 3208 2460 3277 ὁμοούσιος
2493 3208 2643 3261 ἔσται
2675 3208 2752 3279 τῷ
2783 3211 2976 3284 Πατρὶ,
3007 3213 3085 3283 τῷ
3115 3214 3187 3285 μὴ
3217 3216 3587 3287 ἐπιδεχομένῳ
3628 3221 3756 3289 γέν.

2180 3317 2363 3371 νησιν;

2662 3417 2816 3484 Πρὸς
2846 3420 3020 3474 τοῦτο
3047 3424 3248 3487 λύσις.

2245 3530 2563 3597 Λεγέτωσαν
2592 3533 2722 3600 ἡμῖν
2754 3534 2803 3584 οἱ
2836 3534 2905 3583 τὰ
2939 3533 3161 3586 τοιαῦτα
3199 3536 3572 3604 προτείνοντες
3601 3539 3753 3608 ἀμα-

2177 3619 2303 3683 θῶς,
2339 3621 2399 3673 Εἰ
2432 3623 2517 3675 διὰ
2552 3624 2647 3691 τῆς
2681 3620 2986 3695 γεννήσεως
3018 3627 3321 3699 ἀναιρεῖται
3348 3630 3407 3681 τὸ
3443 3630 3751 3698 ὁμοούσιον,

2175 3712 2261 3764 διὰ
2288 3714 2439 3767 ποίου
2478 3714 2778 3784 σωθήσεται
2824 3716 3184 3785 πράγματος;
3234 3720 3344 3772 Καὶ
3376 3722 3555 3786 πάλιν,
3588 3726 3639 3776 εί
3675 3725 3752 3795 τῷ

2173 3807 2526 3876 γεγεννηκότι
2555 3807 2614 3859 τὸ
2648 3808 2905 3877 γεννηθὲν
2940 3810 3039 3879 οὐχ
3067 3812 3371 3878 ὁμοούσιον,
3409 3818 3561 3868 ποῖον
3595 3819 3750 3871 ἔσται

2171 3898 2230 3949 τὸ
2272 3897 2588 3967 ὁμοούσιον;
2636 3902 2777 3970 Ἀρα
2828 3900 2887 3953 τὸ
2938 3901 3012 3970 μὴ
3057 3900 3313 3971 γεννηθὲν
3344 3905 3438 3957 xa‘t
3467 3906 3750 3979 ἀλλότριον

2170 3994 2269 4061 τῆς
2293 3994 2498 4056 οὐσίας,
2522 3993 2554 4060 ἢ
2590 3992 2648 4045 τὸ
2670 3994 2776 4047 ἀπό
2802 4011 2948 4056 τινος
2975 3994 3177 4065 ληφθὲν
3216 3997 3321 4049 τῶν
3344 3999 3441 4050 ὅσα
3472 3999 3592 4051 ἐστὶ
3621 3998 3751 4069 περὶ

2170 4085 2264 4147 τὰς
2302 4086 2487 4147 οὐσίας
2509 4102 2520 4114 ·
2554 4085 2687 4137 ἀλλὰ
2718 4086 2872 4137 τοῦτο
2917 4086 3194 4139 ἀδύνατον.
3246 4088 3417 4155 Ἐρεῖς
3455 4084 3546 4142 οὖν
3575 4091 3661 4142 ὅτι
3688 4091 3748 4142 τὸ

2172 4177 2460 4245 ἀγέννητον
2509 4175 2587 4245 τῷ
2641 4177 2919 4245 ἁγεννήτῳ
2969 4177 3183 4239 πάντως
3234 4179 3536 4247 ὁμοούσιον,
3581 4183 3645 4233 τὺ
3690 4182 3745 4234 δὲ

2169 4267 2458 4337 ἀγέννητον
2486 4266 2562 4337 τῷ
2587 4267 2828 4337 γεννητῷ
2850 4270 2947 4337 οὐχ
2970 4270 3169 4338 ὅμοιον.
3212 4270 3417 4321 Οὐκοῦν
3444 4272 3744 4344 ἐπειδήπερ

2168 4358 2266 4409 οὐκ
2316 4357 2578 4427 ἐγεννήθη
2631 4357 2727 4426 μὲν
2760 4360 2786 4409 6
2830 4358 3016 4427 Ἀδὰμ,
3056 4358 3315 4428 ἐγεννήθη
3364 4360 3421 4412 δὲ
3460 4361 3628 4413 ’Δὸελ
3681 4365 3743 4414 ὲκ

2168 4448 2441 4513 γυναικὸς,
2462 4449 2559 4502 οὐκ
2590 4448 2740 4501 ἔσται
2770 4446 2847 4518 τῷ
2884 4449 3051 4517 Ἀδὰμ
3076 4449 3373 4519 ὁμοούσιος.
3411 4450 3472 4501 Εἰ
3502 4450 3557 4502 δὲ
3588 4453 3742 4520 ὲγεν-

2169 4536 2304 4605 νήθη
2338 4538 2455 4605 μὲν,
2488 4536 2600 4607 ἔχει
2646 4538 2699 4591 δὲ
2728 4541 2827 4608 τῆς
2881 4540 3095 4607 φύσεως
3123 4538 3217 4608 τὴν
3253 4539 3559 4609 ταύτότητα
3609 4543 3741 4613 πρὸς

2169 4627 2256 4678 τὸν
2297 4626 2487 4697 Ἀδὰμ,
2520 4630 2696 4681 καίτοι
2752 4630 2825 4701 μὴ
2871 4631 3282 4697 γεγεννημένον,
3314 4630 3367 4683 τί
3404 4631 3601 4684 κωλύει
3649 4634 3740 4686 καὶ

2167 4721 2256 4771 τὸν
2298 4720 2433 4773 Υἱὸν
2467 4721 2526 4785 ἐξ
2563 4723 2857 4791 ἁγεννήτου
2904 4720 3114 4791 Πατρὸς
3151 4720 3278 4773 ὄντα
3313 4724 3569 4791 γεννητὸν
3604 4722 3739 4779 εἶναι

2168 4812 2261 4864 καὶ
2288 4813 2569 4882 ὁμοούσιον
2591 4831 2604 4878 ;
3040 4832 3053 4839 κ
3086 4864 3103 4887 χ

2599 4925 2800 4988 ΔΛΛΟ,
2840 4923 3285 4993 διηγηματικῶς.

2234 5038 2594 5106 Γιγενπὶἦσθαι
2622 5038 2709 5091 τὸν
2742 5038 2867 5092 Υἱὸν
2891 5041 2953 5092 ἐκ
2984 5039 3195 5109 Πατρὸς
3222 5041 3315 5091 καὶ
3349 5041 3399 5091 οἱ
3441 5042 3733 5110 χριστομά-

2166 5146 2249 5198 χοι
2280 5127 2663 5195 συνθήσοντιιι⁵
2719 5129 2809 5179 καὶ
2834 5128 2930 5180 οὐκ
2983 5127 3048 5179 ἄν
3076 5145 3177 5190 τις,
3226 5127 3401 5196 οἶμαι,
3433 5129 3568 5198 πρὸς
3606 5147 3729 5182 τοσ·

2167 5219 2336 5288 αὐτην
2367 5218 2555 5271 ἐλάσαι
2598 5218 2812 5283 κακίαν,
2857 5219 2932 5280 ὡς
2963 5218 3228 5287 τολμῆσαι
3258 5217 3509 5288 καθάπερ
3544 5222 3641 5272 καὶ
3668 5218 3731 5270 τὰ

2166 5312 2444 5381 ποιήματα
2483 5312 2574 5363 καὶ
2618 5310 2779 5364 αὐτὸν
2813 5311 2915 5374 ἔξω
2950 5310 3159 5361 κεῖσθαι
3197 5310 3296 5379 τῆς
3345 5310 3494 5374 θείας
3543 5312 3729 5373 οὐσίας

2161 5401 2300 5453 κατὰ
2338 5402 2427 5453 τὸν
2456 5401 2552 5469 τῆς
2584 5400 2795 5467 φύσεως
2824 5400 2999 5467 λόγον.
3044 5400 3106 5451 Εἰ
3145 5398 3325 5451 τοίνυν
3361 5399 3649 5471 ἐγέννησεν
3672 5401 3726 5463 ἐξ

2161 5490 2351 5543 ἑαυτοῦ
2369 5491 2457 5543 τὸν
2474 5491 2597 5542 Υἱὸν
2613 5493 2639 5543 6
2663 5491 2869 5561 Πατὴρ,
2885 5491 3025 5544 διατί
3059 5491 3131 5561 μὴ
3162 5490 3473 5559 ὁμοούσιοςς
3494 5493 3725 5559 Λεγέτω-

2160 5569 2257 5636 σαν
2285 5584 2413 5652 ἡμῖν
2440 5584 2487 5634 οἱ
2518 5582 2609 5634 τοῦ
2638 5582 2772 5635 Θεοῦ
2806 5584 2977 5651 Λόγου
3009 5584 3326 5651 κατήγοροι.
3368 5582 3723 5653 Ἀδυνατησας

2157 5670 2264 5743 ἆρα
2291 5672 2525 5725 τοιοῦτον
2557 5673 2717 5726 αὐτὸν
2768 5674 3016 5743 γεννᾷ,ἢ
3068 5673 3140 5743 μὴ
3196 5672 3466 5742 θελήσα;;
3527 5674 3588 5729 Εί
3634 5673 3723 5744 μὲν

2154 5763 2247 5817 οὖν
2300 5764 2639 5835 ἀδυνατησας
2691 5766 2959 5832 λέγουσιν,
3004 5764 3445 5833 αἰσχυνέσῢωσαν
3493 5767 3591 5835 τὴν
3632 5762 3719 5815 τοῦ

2158 5858 2365 5923 ιῖατρδς
2405 5859 2591 5911 οὐσίαν
2626 5857 2954 5925 ὑϐρίζοντες,
3003 5857 3066 5908 δι’
3105 5850 3177 5908 ὧν
3210 5856 3345 5925 αὐτῇ
3399 5858 3719 5925 προσάπτειν
