3922 6484
126 493 206 548 liii
1636 488 2082 546 TIIESAURUS.
3394 482 3496 538 ιιι

128 612 171 662 τι
203 607 582 680 μὴδὺνασθαι
613 608 1118 676 τετολμήκασιν.
1157 607 1215 658 Εἰ
1245 607 1287 658 δ’
1314 608 1405 659 ἐπὶ
1440 606 1671 676 θάτερον
1701 622 1797 676 με·

1935 607 2241 678 onfugiant,
2271 617 2326 662 et
2353 605 2597 662 noluisse
2629 602 2815 658 dicant
2841 598 3361 656 consubstantialem
3392 599 3494 652 sibi

131 703 507 771 τιστήσονται,
565 701 682 752 καὶ
740 702 834 769 μὴ
888 698 1157 768 ἐθελῆσαι
1193 699 1457 767 φήσουσιν
1507 697 1796 767 ὁμοούσιον

1931 719 2166 766 renerare
2197 703 2426 766 Filium,
2454 699 2614 753 aliam
2652 695 3041 753 contumeliam
3076 693 3124 745 ei
3157 693 3493 761 impingunt,

139 789 258 859 αὺτῷ
284 788 578 856 γεννῆσαι
614 787 732 840 τὸν
773 787 952 848 Υἱὸν,
1001 785 1200 855 ἑτέρως
1233 787 1515 858 ὑϐρίζουσι
1560 789 1796 857 πρᾶγμα

1931 799 2272 868 urpissimam
2337 795 2740 864 pessiinamque
2801 805 2916 844 rem
2979 787 3050 841 illi
3117 785 3494 846 ascribentes,

147 883 353 952 χαλεπὸν
375 883 483 934 καὶ
503 882 577 933 to
614 881 880 934 πάντων
909 878 1196 949 αἴσχιστον
1225 878 1600 950 περιτιθέντες
1625 879 1793 948 αὐτῷ,

1931 890 2283 959 iegligentiam
2310 887 2565 940 nimirum
2599 893 2763 952 atque
2795 880 3066 950 ignaviam
3097 877 3151 930 in
3181 875 3498 928 melioribus

155 974 225 1026 τον
250 975 339 1026 ἐπὶ
366 977 490 1036 τοῖς
532 973 868 1044 ἀμείνοσιν
899 970 1085 1022 ὄκνον.
1117 970 1178 1021 Εἰ
1212 969 1322 1039 γὰρ
1355 971 1604 1041 κρεῖττον
1636 964 1704 1040 ἦν
1734 969 1798 1022 τὸ

1931 997 1969 1034 ιϐ
2011 976 2480 1048 βταξειιιηιίοτὶὴυε
2524 971 2809 1027 faciendis.
2849 968 2916 1024 Si
2950 967 3095 1023 enim
3145 964 3342 1019 melius
3380 971 3501 1017 erat

165 1063 422 1131 ὁμοοὺσιον
453 1064 558 1117 τοῦ
601 1064 690 1134 μὴ
722 1062 1015 1124 τοιούτου,
1042 1061 1158 1124 πῶς
1187 1061 1286 1114 οὐκ
1308 1060 1462 1114 ἕσται
1488 1061 1797 1132 δυσφημίας

1931 1068 2366 1126 ὀιιευιιειοηιῑιιιο
2408 1081 2572 1137 quam
2619 1064 2670 1118 id
2713 1063 2858 1133 quod
2907 1060 3173 1131 ejusmodi
3222 1071 3328 1111 non
3373 1064 3496 1120 est,

172 1156 364 1227 ἁπάσης
409 1157 703 1210 ἐπέκεινα
736 1154 807 1208 τδ
841 1153 1032 1221 λέγειν
1060 1153 1285 1222 ὀκνῆσαι
1333 1154 1461 1224 περὶ
1503 1154 1572 1206 τὰ
1614 1153 1798 1224 κρείτ-

1931 1178 2012 1233 tuo
2039 1172 2195 1232 pacm
2226 1177 2330 1216 non
2357 1159 2506 1215 omni
2539 1153 2874 1222 blasphemia
2915 1153 3091 1221 majus
3123 1149 3286 1203 fuerit
3313 1147 3502 1202 dicere

177 1264 285 1302 τσνα
326 1249 424 1300 καὶ
477 1246 958 1317 πρεπωδέστερα
988 1245 1091 1315 τὴν
1138 1243 1287 1298 Θείαν
1333 1245 1546 1310 οὐσίαν,
1584 1245 1677 1298 καὶ
1721 1244 1798 1315 μὴ

1931 1255 2142 1309 livinam
2174 1251 2468 1307 essentiam
2501 1248 2552 1302 in
2585 1247 2650 1301 iis
2679 1258 2799 1314 quae
2833 1240 3056 1295 meliora
3091 1236 3498 1293 convenientia.

189 1340 362 1406 μᾶλλον
411 1339 690 1409 ἐθελῆσαι
737 1339 805 1391 τὸ
842 1337 1133 1408 κάλλιονῆ
1173 1337 1232 1391 τὸ
1267 1337 1359 1408 μὴ
1411 1336 1586 1400 οὕτως
1635 1337 1795 1407 ἐχονς

202 1429 341 1484 Ἀλλὰ
391 1432 580 1486 ’κᾶντα
628 1430 879 1483 δύναται
939 1430 1114 1481 ποιεῖν
1157 1430 1186 1482 6
1236 1430 1449 1500 Πατὴρ,
1503 1428 1598 1482 καὶ
1656 1428 1799 1482 θέλει

203 1525 378 1593 μᾶλλον
396 1525 456 1578 τὸ
488 1527 763 1595 κρεῖττον
787 1539 800 1554 ³
835 1523 994 1577 οὐδὲν
1017 1517 1111 1577 οὖν
1131 1523 1247 1576 ἔστι
1268 1520 1333 1576 τδ
1366 1521 1574 1577 κωλύειν
1605 1521 1800 1593 ὁμοσύ-

207 1629 302 1668 σιον
327 1610 461 1670 εἶναι
492 1616 590 1669 τὸν
627 1615 790 1669 Υξόν.

895 1853 1100 1910 ᾹΛΛΟ.

464 1963 807 2032 Ἀι-τίθεσις
839 1966 922 2031 ὡς
953 1965 1022 2019 ἐκ
1053 1963 1172 2018 τῶν
1205 1965 1529 2036 Εὐνομίου.

276 2052 346 2111 τδ
393 2057 454 2123 ἐξ
500 2057 686 2111 αἰτίου
743 2057 896 2120 τινὸς
927 2057 1010 2120 ὃν,
1061 2058 1094 2127 ἦ
1139 2057 1566 2127 γεγεννημένον,
1609 2058 1797 2127 φησιν,

212 2147 413 2218 ἀνάγκη
444 2147 701 2218 δεύτερον
723 2143 868 2201 εἶναι
898 2147 1114 2215 τούτου,
1136 2145 1164 2200 ὃ
1190 2148 1253 2218 δὴ
1279 2148 1374 2201 καὶ
1404 2147 1626 2217 γέγονεν
1649 2147 1800 2218 αὐτῷ

213 2238 302 2290 τοῦ
336 2235 467 2292 εἶναι
497 2239 698 2292 αἴτιον.
739 2238 952 2292 Οὐκοῦν
993 2240 1244 2310 δεύτερος
1278 2239 1430 2292 ἔσται
1459 2240 1552 2292 τοῦ
1590 2241 1804 2310 Πατρὸς

213 2329 240 2380 6
269 2329 389 2391 Υἱὸς
418 2329 592 2381 αῐτιον
627 2325 792 2380 αὐτὸν
822 2327 994 2398 ἔχωνο
1027 2328 1120 2380 καὶ
1162 2327 1251 2381 διὰ
1285 2327 1442 2382 τοῦτο
1469 2329 1568 2398 οὐχ
1608 2329 1806 2399 ὀμοού·

220 2438 349 2484 σιος.
396 2424 465 2474 Ἣ
513 2421 988 2490 ἁφιλονεικὸτερον
1034 2421 1357 2491 ἐνστήσεται
1391 2438 1472 2485 τις
1517 2422 1806 2491 ὁμοούσιον

219 2511 373 2564 αὖτδν
405 2507 545 2565 εἶναι
579 2513 778 2580 λέγων,
825 2512 860 2581 ή
912 2510 1009 2581 μία
1056 2509 1268 2581 θεότης,
1305 2511 1430 2581 ἄρα,
1481 2513 1656 2582 τομήν
1686 2529 1805 2565 τινα

222 2601 533 2670 χωρήσασα,
562 2600 789 2668 γέγονεν
829 2601 909 2662 εἰς
953 2599 1120 2652 δυάδα
1141 2614 1155 2628 ⁸
1201 2601 1262 2652 οὺ
1304 2601 1414 2671 γὰρ
1443 2601 1650 2670 ἑτέρως
1680 2603 1808 2671 ὁμο-

221 2692 392 2755 οὐσιος
425 2689 560 2745 εἶναι
587 2693 832 2747 δύναται.
882 2692 1120 2762 Ἀνάγκη
1151 2687 1245 2746 οὖν
1270 2693 1452 2761 λέγειν
1481 2693 1579 2761 οὐχ
1612 2693 1806 2762 ὁμοσύ-

227 2801 337 2836 σιον
367 2779 504 2840 εἶναι
530 2785 623 2838 τὸν
659 2786 808 2839 Υἱόν.

706 2997 862 3064 Πρὸς
895 2996 1082 3050 ταῦτα
1111 2999 1314 3062 λύσις.

297 3108 405 3160 Οὐκ
433 3107 746 3160 αἰσθάνεται
794 3108 957 3159 πάλιν
989 3107 1203 3176 μεθύων
1230 3110 1258 3161 ὁ
1290 3107 1680 3178 χριστομαχος,
1720 3109 1813 3161 καὶ

235 3200 402 3269 μάτην
430 3201 838 3269 καταφλυαρῶν
883 3200 985 3269 τῆς
1033 3197 1185 3262 θείας
1216 3199 1423 3261 οὐσίας.
1465 3199 1537 3252 Τὸ
1566 3199 1666 3269 μὲν
1707 3200 1814 3270 γὰρ

1909 1363 2078 1417 raque
2121 1353 2279 1400 erant
2323 1340 2587 1396 faciendis
2637 1336 3000 1406 negligentem
3045 1331 3246 1392 fuisse,
3293 1339 3346 1382 et
3395 1344 3500 1382 non

1907 1440 2084 1512 potius
2121 1435 2356 1490 voluisse
2395 1429 2543 1502 quod
2585 1428 2779 1483 melius
2827 1439 2992 1496 quam
3037 1422 3183 1493 quod
3232 1421 3503 1475 deterius?

1907 1532 2067 1602 Atqui
2107 1529 2268 1584 Pater
2301 1525 2482 1582 omnia
2518 1530 2691 1591 potest
2724 1520 2960 1581 facere,
2982 1515 3265 1585 magisque
3301 1512 3413 1566 vult
3447 1512 3501 1566 id

1907 1626 2051 1697 quod
2094 1621 2288 1677 melius
2321 1627 2402 1673 est
2438 1635 2452 1670 :
2491 1614 2622 1668 nihil
2657 1620 2742 1668 est
2773 1611 2942 1681 igitur
2973 1608 3120 1680 quod
3152 1605 3333 1662 obstet
3364 1620 3503 1676 quo-

1910 1720 2087 1774 minus
2113 1706 2593 1771 consubstantialis
2621 1707 2691 1762 sit
2719 1703 2913 1760 Filius.

2589 1839 2822 1899 ALIUD.

2346 1943 2430 1998 Ex
2463 1942 2750 2012 objectioue
2787 1936 3066 1991 Eunomii.

1977 2067 2128 2136 Quod
2157 2080 2221 2119 ex
2254 2075 2414 2117 causa
2448 2058 2626 2127 aliqua
2656 2065 2759 2120 est,
2782 2053 2865 2108 vel
2899 2051 3145 2121 genitum
3177 2057 3280 2113 est,
3306 2046 3503 2116 inquit,

1908 2159 2277 2219 necessarium
2326 2163 2408 2208 est
2451 2160 2509 2205 ut
2553 2150 2626 2206 sit
2671 2145 2969 2203 secundum
3017 2144 3086 2199 ab
3129 2143 3222 2197 illo
3261 2143 3406 2211 quod
3453 2138 3505 2194 ei

1909 2268 2071 2309 causa
2103 2248 2436 2306 exsistentim
2467 2243 2584 2298 fuit.
2616 2242 2899 2297 Secundus
2931 2240 3116 2309 itaque
3147 2238 3246 2294 erit
3279 2237 3446 2291 Filius
3475 2249 3506 2288 ι

1910 2347 2070 2400 Patre
2092 2384 2106 2407 ,
2138 2343 2338 2413 quippe
2366 2339 2456 2408 qui
2493 2336 2706 2391 Patrem
2741 2345 2799 2388 ut
2829 2349 3049 2389 causam
3081 2333 3276 2386 habeat
3308 2353 3317 2384 ;
3348 2340 3509 2398 atque

1912 2439 2117 2493 idcirco
2161 2448 2227 2488 ne
2269 2426 2753 2486 consubstantialis
2793 2426 3012 2495 quidem
3059 2425 3106 2478 ei
3150 2424 3275 2478 erit.
3313 2421 3420 2474 Ant
3461 2420 3506 2475 si

1911 2528 2034 2598 quis
2091 2520 2479 2579 contentiosius
2540 2526 2762 2586 urgeat,
2812 2513 3326 2569 consubstantialem
3382 2525 3508 2564 eum

1911 2635 2032 2674 esse
2061 2617 2281 2677 dicens,
2311 2627 2415 2665 una
2457 2618 2604 2664 certe
2644 2608 2817 2663 deitas
2874 2607 3173 2660 sectionem
3218 2603 3510 2656 admittens

1915 2711 1966 2763 in
1995 2709 2307 2761 dnalitatetn
2335 2701 2510 2756 divisa
2538 2700 2641 2753 erit
2671 2717 2684 2752 :
2715 2712 2888 2766 neque
2918 2697 3061 2750 enim
3095 2697 3252 2750 aliter
3275 2693 3513 2748 consub-

1915 2803 2189 2858 stantialis
2219 2815 2340 2854 esse
2367 2805 2564 2868 potest.
2585 2792 2965 2848 Necessarium
2993 2789 3157 2860 igitur
3177 2795 3260 2843 est
3284 2795 3340 2839 ut
3363 2784 3512 2839 dica-

1915 2912 2034 2952 mus
2067 2891 2580 2950 co:.substantialein
2611 2903 2714 2942 non
2743 2900 2866 2942 esse
2891 2884 3107 2938 Filium.

2599 3000 2827 3055 Salutio.

1991 3121 2367 3176 Deliacchatur
2418 3131 2637 3172 rursum
2691 3114 2895 3172 ChriSti
2961 3111 3155 3176 hostis,
3199 3119 3516 3176 temereqne

1918 3215 2179 3268 adversus
2222 3213 2456 3268 divinam
2501 3210 2794 3266 essentiam
2848 3206 3096 3262 blaterat.
3136 3202 3322 3259 Secari
3368 3201 3513 3255 enim

233 3291 516 3360 τέμνεσθαι
547 3292 642 3344 καὶ
661 3293 940 3345 διάστασίν
964 3308 1084 3344 τινα
1111 3290 1310 3360 μεταξὺ
1328 3291 1426 3360 τὴν
1451 3290 1590 3361 πρὸς
1609 3289 1813 3360 ἄλληλα

1931 3316 1972 3361 et
2019 3306 2336 3361 divisionem
2390 3304 2626 3373 aliquam
2683 3301 2924 3368 recipere
2987 3313 3174 3367 posse,
3221 3310 3515 3363 corporum

232 3381 483 3436 δύνασθαι
529 3383 736 3448 λαϐεῖν,
790 3385 1060 3454 σωμάτων
1110 3384 1264 3438 [διον.
1329 3384 1392 3437 Ἦ
1442 3383 1500 3436 δὲ
1551 3382 1672 3436 θεία
1717 3383 1810 3436 τοῦ

238 3475 436 3545 Harpe;
466 3476 644 3541 οὐσία,
680 3475 970 3546 ἀσώματος
998 3470 1155 3541 οὖσα,
1189 3477 1364 3545 τομῆς
1389 3493 1448 3528 τε
1479 3475 1574 3528 καὶ
1605 3474 1813 3546 διαιρέ-

238 3583 366 3632 σεως
408 3568 758 3631 ἀνεπίδεκτῦς
790 3570 970 3620 ἐστιν’
1001 3566 1126 3621 οὔτε
1174 3567 1232 3619 δὲ
1269 3569 1326 3620 ὲν
1357 3567 1508 3637 τόπῳ
1553 3567 1814 3636 μένουσα,

235 3656 349 3712 οὔτε
381 3661 482 3712 ὑπό
525 3645 683 3722 τινος
716 3656 851 3714 οὖσα
897 3660 1141 3731 χωρητὴ,
1183 3659 1300 3714 ἀλλ’
1348 3660 1407 3712 ὲν
1441 3660 1667 3732 ἀρρήτῳ
1707 3661 1817 3713 τινὶ

239 3752 326 3802 καὶ
355 3753 616 3822 dipping)
637 3735 972 3806 καταστάσει
995 3751 1248 3822 κειμένη,
1270 3751 1362 3804 τὸν
1385 3751 1518 3824 Υἱὸν
1535 3751 1592 3817 ἐξ
1619 3750 1819 3819 ἑαυτῆς

239 3838 570 3904 ἁδιαστάτως
599 3843 903 3912 ἐξέλαμψεν
924 3859 936 3872 ·
972 3843 1071 3896 οὒκ
1100 3842 1164 3896 ἂν
1198 3842 1400 3913 ἑτέρως
1424 3841 1569 3911 ἔχειν
1598 3841 1660 3894 τὺ
1682 3836 1820 3894 εἶναι

237 3932 408 3986 τελεία
439 3933 735 4004 δυναμένη,
771 3937 818 3986 εἰ
855 3934 928 4004 μὴ
962 3934 1221 4002 ἐγέννησε
1270 3934 1359 3987 τὸν
1394 3933 1545 3996 Υἱδν,
1581 3933 1676 3986 καὶ
1723 3934 1819 3987 ἀν-

240 4019 441 4091 εδείχθη
469 4023 806 4092 καρπογόνος
824 4041 835 4053 ·
865 4024 958 4076 καὶ
976 4023 1134 4076 πάλιν
1157 4025 1256 4078 οὑκ
1274 4025 1339 4078 ἂν
1362 4024 1562 4093 ἑτέρως
1585 4023 1820 4093 ἐσομένη

241 4112 582 4184 δημιουργὸς.
624 4116 674 4168 εἰ
704 4115 780 4186 μὴ
808 4116 1026 4169 τέτοκεν
1057 4116 1116 4181 ἐξ
1149 4117 1348 4188 ἑαυτῆς
1388 4116 1700 4187 ἀμερίστως
1731 4117 1822 4168 τὸν

273 4203 383 4268 Γὶδν,
417 4206 482 4258 δι’
515 4199 574 4260 οὗ
604 4208 675 4260 τὰ
704 4207 883 4261 πάντα
933 4208 1246 4277 ἐργάζεται.
1283 4210 1472 4262 Ἔστιν
1501 4205 1596 4262 οὖν
1625 4210 1653 4261 6
1696 4209 1824 4270 Υἱὸς

249 4295 512 4364 γεννηθεὶς
539 4297 604 4348 ἑκ
649 4297 883 4367 Πατρὸς,
915 4299 976 4352 οὐ
1018 4296 1162 4353 κατά
1190 4318 1312 4353 τινα
1349 4301 1545 4372 τομὴν,
1582 4302 1615 4370 ἢ
1652 4301 1824 4372 ἀπόρο

257 4385 412 4452 ροιαν,
457 4387 708 4457 καθάπερ
757 4389 917 4459 ὑμεῖς
962 4390 1333 4458 φαντάζεσθε·
1384 4391 1500 4444 ἀλλ’
1537 4390 1725 4460 ὥσπερ
1761 4392 1825 4443 ὲκ

256 4476 410 4544 πυρὸς
453 4478 746 4550 θερμότης,
803 4481 1117 4552 ἁμερίστως
1166 4485 1231 4536 ὲκ
1281 4482 1380 4552 τῆς
1423 4483 1518 4534 τοῦ
1570 4482 1822 4545 τεκόντος

261 4568 516 4636 προελθὼν
549 4571 760 4636 οὐσίας.
1672 4596 1677 4601 ’

927 4667 1126 4720 ΑΛΛΟ.

489 4778 581 4845 Ὠς
611 4779 682 4844 ἐξ
719 4779 1078 4846 ἀντιθέσεως
1111 4777 1230 4832 τῶν
1263 4782 1587 4849 Εὑνομίου.

334 4889 387 4942 Εἰ
411 4891 683 4959 ὁμοούσιός
707 4894 846 4957 ἐστι,
875 4893 1058 4961 φησιν,
1093 4895 1122 4945 6
1165 4893 1292 4955 Υἱὸς
1322 4893 1400 4963 τῷ
1431 4891 1629 4962 Πατρὶ,
1663 4891 1715 4943 τί
1750 4893 1824 4962 μὴ

275 4977 356 5026 καὶ
376 4979 521 5042 αὑτός
543 4982 690 5033 ἐστιν
706 4982 910 5048 ἀγαθὸς
936 4981 1105 5045 οὕτως
1123 4982 1196 5044 ὡς
1215 4983 1242 5034 6
1265 4984 1457 5052 Πατήρ
1479 4999 1492 5045 ;
1531 4982 1694 5050 Λέγει
1721 4983 1828 5054 γάρ

277 5081 364 5116 που
401 5072 524 5139 1:96;
566 5089 690 5124 τινα
717 5074 746 5125 6
781 5073 1015 5142 Χριστός
1038 5089 1050 5100 ·
1094 5093 1111 5123 ι
1153 5074 1216 5125 Τί
1265 5091 1332 5144 με
1371 5074 1550 5140 λέγεις
1581 5074 1825 5141 ἀγαθόνς

277 5157 436 5224 01-62";
478 5164 677 5232 ἀγαθὸς
708 5165 758 5216 εἰ
817 5164 890 5234 μὴ
941 5158 1022 5228 εἷς
1065 5167 1093 5218 6
1121 5165 1272 5229 Θεὸς.
1316 5185 1334 5216 ι
1377 5166 1515 5219 Ἕνα
1545 5166 1602 5218 δὲ
1632 5165 1824 5228 εἰπὼν,

278 5251 439 5306 ἑαυτὸν
469 5259 566 5324 ἔξω
592 5258 858 5324 τέθεικεν,
888 5259 965 5322 ὡς
995 5258 1196 5327 ἀγαθὸν
1237 5263 1337 5330 μὲν
1365 5260 1493 5312 ὄντα
1520 5259 1616 5313 καὶ
1642 5259 1826 5326 αὐτὸν,

276 5347 358 5416 οὐχ
383 5349 510 5404 οὓτω
537 5352 589 5406 δὲ
625 5352 817 5422 ὥσπερ
850 5351 916 5406 ἂν
951 5351 1036 5420 εἴη
1070 5353 1163 5404 καὶ
1193 5352 1221 5403 6
1260 5353 1471 5424 Πατήρ.

721 5464 876 5531 Πρὸς
904 5463 1091 5518 ταῦτα
1129 5465 1334 5529 λύσις.

341 5574 522 5645 Κύριον
555 5577 940 5639 ἀποκαλούσης
979 5577 1074 5630 τὸν
1114 5577 1242 5630 Υἱὸν
1280 5580 1377 5645 τῆς
1405 5577 1557 5640 θείας
1587 5579 1829 5649 Γραφῆς,

274 5664 438 5728 δώσεις
462 5669 562 5737 ἄρα
601 5669 698 5721 καί
740 5668 904 5720 αὑτὸν
948 5664 1087 5720 εἶναι
1123 5670 1348 5738 Κύριον,
1385 5669 1654 5721 καὶτοῦτο
1691 5673 1834 5723 κατὰ

275 5756 519 5824 ἀλήθειαν.
549 5761 580 5828 ἦ
614 5758 752 5828 πρὸς
774 5761 886 5821 τοῖς
918 5758 1098 5821 ἄλλοις
1124 5759 1334 5829 ἀρνήσῃ
1368 5760 1462 5812 καὶ
1483 5760 1624 5812 τάδε.
1654 5762 1714 5812 Εἰ
1737 5762 1834 5828 μὲν

275 5849 367 5915 γὰρ
386 5851 474 5901 οὑκ
509 5845 639 5902 εἶναι
691 5849 897 5919 Κύριον
933 5851 1111 5920 ἐρεῖς,
1149 5851 1408 5903 τάναντία
1452 5855 1668 5920 φρονεῖς
1714 5857 1833 5915 ταῖς

273 5941 424 6005 0151:;
455 5943 691 6014 Γραᾷαῖς
725 5945 818 5995 καὶ
861 5944 936 6013 τῷ
968 5941 1146 5996 ταῦτα
1193 5943 1485 6012 λαὶήσαντι
1535 5944 1832 6000 lis/aiunt.

1921 3398 2198 3467 proprium
2228 3405 2332 3452 est.
2361 3396 2550 3450 Divina
2583 3404 2762 3450 autem
2804 3391 2978 3447 Patris
3010 3392 3270 3454 essentia,
3296 3403 3416 3441 cum
3447 3387 3518 3440 sit

1919 3492 2272 3560 incorporea,
2301 3489 2563 3545 sectionis
2604 3498 2695 3541 ant
2731 3485 3012 3541 divisionis
3053 3497 3225 3552 capax
3263 3495 3366 3534 non
3404 3488 3517 3544 est;

1921 3584 2188 3653 neque-in
2233 3583 2350 3638 loco
2389 3582 2634 3644 exsistit,
2667 3595 2841 3648 neque
2884 3594 2912 3630 a
2955 3591 3226 3646 quoquam
3269 3572 3522 3628 contine-

1922 3684 2041 3740 tur;
2075 3676 2168 3730 sed
2201 3675 2254 3729 in
2289 3689 2492 3730 arcano
2522 3685 2684 3742 atque
2716 3670 2970 3726 inetl‘ahili
3009 3680 3153 3724 statu
3187 3667 3516 3728 censisteus,

1922 3765 2123 3820 Filium
2155 3781 2223 3819 er.
2252 3780 2311 3820 se
2342 3765 2651 3818 immediate
2680 3761 2936 3830 protulit;
2972 3774 3147 3828 neque
3172 3758 3275 3811 alia
3308 3755 3523 3809 ratione

1927 3859 2162 3926 perfecta
2189 3871 2309 3910 esse
2336 3861 2539 3924 potest,
2562 3855 2660 3908 nisi
2692 3853 2885 3906 Filium
2919 3850 3186 3919 genuerit,
3209 3857 3262 3901 ct
3293 3847 3522 3901 fecunda

1925 3957 2146 4002 ostensa
2175 3946 2276 4008 sit;
2309 3959 2484 4013 neque
2515 3959 2729 3996 rursum
2764 3941 2998 3995 creatrix
3031 3953 3154 3993 esse
3188 3947 3388 4006 potest,
3418 3937 3522 3990 nisi

1926 4038 2171 4107 genuerit
2217 4052 2280 4089 ex
2325 4050 2384 4102 se
2428 4035 2694 4089 indivulse
2736 4033 2964 4098 Filium,
3007 4047 3103 4098 per
3141 4046 3299 4099 quem
3341 4032 3523 4084 omnia

1925 4127 2037 4198 69
2061 4138 2335 4196 operatur.
2364 4125 2457 4179 Est
2487 4125 2648 4193 igitur
2676 4125 2890 4195 genitus
2923 4137 2988 4175 ex
3020 4120 3175 4174 Patre
3201 4120 3389 4185 Filius,
3417 4136 3524 4172 non

1928 4221 2168 4275 sectione
2201 4230 2294 4271 aut
2332 4216 2544 4272 deﬂuxu
2580 4217 2789 4284 aliquo,
2819 4216 2958 4270 sicut
2995 4230 3087 4267 vos
3123 4213 3521 4283 imaginamini;

1927 4309 2021 4364 sed
2057 4306 2513 4377 quemadmodum
2553 4305 2801 4360 caiiditas
2847 4320 2911 4359 ex
2957 4304 3111 4372 igne,
3145 4301 3412 4356 indivulse
3455 4315 3520 4355 ex

1929 4401 2162 4456 essentia
2198 4398 2474 4471 gignentis
2500 4397 2763 4468 procedit.

2613 4660 2839 4717 ALIUD.

2364 4777 2446 4831 Ex
2485 4777 2778 4847 objectione
2822 4774 3096 4830 Eunomii.

2011 4891 2088 4954 Si,
2129 4891 2324 4959 inquit,
2360 4888 2530 4943 Filius
2572 4899 2653 4943 est
2705 4887 3191 4944 consubstantialis
3224 4887 3392 4954 Patri,
3431 4904 3523 4944 cut

1941 4984 2231 5036 nonetiam
2260 4985 2373 5052 ipse
2394 4993 2478 5038 est
2498 4983 2673 5037 bonus
2696 4982 2768 5035 ita
2802 4993 2858 5036 ut
2883 4978 3082 5036 Pater?
3107 4983 3362 5037 Christus
3384 4985 3528 5040 enim

1939 5077 2134 5130 alicubi
2187 5075 2251 5128 ad
2285 5075 2576 5144 quemdam
2625 5077 2696 5129 ita
2747 5077 2867 5129 ait:
2906 5096 2922 5126 ι
2956 5075 3068 5129 Cur
3119 5091 3202 5128 inc
3253 5076 3391 5130 dicis
3434 5078 3531 5132 bo-

1942 5168 2114 5222 num?
2164 5165 2334 5222 Nemo
2366 5167 2538 5221 bonus
2581 5167 2683 5221 nisi
2737 5183 2876 5222 unus
2928 5167 3093 5223 Deus.
3125 5187 3141 5218 ι
3183 5167 3358 5221 Unum
3403 5185 3532 5223 vero

1941 5274 2061 5314 cum
2092 5258 2252 5322 dixit,
2284 5258 2521 5327 scipsum
2551 5261 2785 5329 excepit,
2815 5261 3012 5330 quippe
3039 5260 3131 5328 qui
3171 5261 3344 5316 bonus
3365 5264 3529 5316 etiam

1942 5351 2054 5418 ipse
2088 5351 2179 5414 sit,
2209 5367 2312 5405 non
2351 5361 2527 5406 tamen
2567 5352 2639 5406 ita
2673 5352 2846 5406 bonus
2882 5362 2937 5404 ut
2968 5351 3147 5406 Pater.

2455 5457 2657 5517 Salutio
2686 5463 3018 5533 objectionis.

2014 5577 2144 5630 Cum
2177 5592 2334 5631 sacra
2369 5577 2649 5645 Scriptura
2683 5578 2878 5632 Filium
2917 5579 3206 5632 Dominum
3240 5592 3415 5646 vocet,
3449 5583 3531 5636 fa-

1946 5669 2146 5722 teberis
2197 5671 2442 5738 profecto
2495 5671 2657 5723 etiam
2716 5672 2890 5738 ipsum
2945 5673 3230 5724 Dominum
3287 5690 3428 5736 esse.
3478 5687 3534 5730 et

1944 5763 2162 5827 quidem
2194 5776 2338 5822 vere,
2377 5771 2469 5814 aut
2501 5778 2604 5814 una
2637 5778 2759 5816 cum
2792 5763 2911 5814 aliis
2943 5763 3108 5816 etiam
3147 5766 3245 5817 hoc
3286 5767 3527 5834 negabis.

1945 5854 2010 5902 At
2069 5852 2110 5902 si
2167 5853 2386 5921 negabis
2441 5852 2728 5907 [)untinum
2779 5870 2920 5914 esse,
2981 5857 3312 5908 contrarium
3373 5858 3530 5926 plane

1944 5942 2112 5996 sentis
2152 5956 2179 5994 a
2232 5941 2528 6011 Seripturis
2584 5956 2635 6001 et
2689 5961 2715 5999 τι
2766 5945 2968 6014 Spiritu
3020 5949 3119 6000 hoc
3159 5947 3427 6009 loquente.
3470 5949 3526 6001 Si
