3922 6470
176 474 249 525 ιιι
1589 446 1767 504 THES

1876 444 2030 502 RUS.

3340 425 3442 481 12?.

177 592 423 660 δύσφημον
452 588 918 658 παραιτήσεταις
954 578 1164 637 Οὐκοῦν
1193 576 1441 646 ἑκατέρῳ
1471 569 1648 641 καιρῷ
1690 585 1749 620 τε

1876 566 1993 632 )uid
2023 577 2153 619 vero
2182 576 2305 616 cum
2337 557 2660 614 crucifixum
2703 551 2941 609 viderit?
2969 562 3111 610 anne
3139 556 3305 603 etiam
3340 548 3445 603 hoc

180 684 253 734 ut
272 658 556 749 πράγματι
588 676 865 741 σωζέσθω
907 673 969 727 τὸ
1010 672 1235 740 πρέπον,
1262 668 1357 722 καὶ
1382 658 1748 733 γυμναζὲσθω

181 772 259 842 μὲν
282 748 369 839 τῆσ
393 748 683 839 θὲολογίας
714 771 746 822 ὁ
776 767 961 835 λόγος,
996 764 1071 835 μὴ
1102 764 1324 822 πάντως
1358 756 1419 823 ἐξ
1449 748 1524 809 ὧν
1553 754 1628 815 ὡς
1653 751 1751 805 ἄν·

180 864 359 933 ορωπος
384 861 639 928 φαίνεται
676 860 887 923 λαλῶν,
916 856 1030 911 ἀλλ’
1054 856 1112 919 ἐξ
1140 847 1215 907 ὥν
1244 854 1395 903 ἐστιν
1419 849 1484 901 ὲκ
1516 844 1750 913 Πατρὸς,

178 957 238 1018 ὡς
269 954 382 1017 Υἱὸς
407 954 505 1008 καὶ
547 954 691 1017 Θεός
750 949 1150 1022 Συγχωρεισθω
1184 946 1240 999 δὲ
1272 945 1338 1014 τῇ
1385 936 1751 1008 οἰκονομίᾳτῇ

184 1045 295 1113 μετὰ
316 1045 535 1113 σαρκὸς,
564 1044 631 1097 τὸ
662 1043 857 1111 λέγειν
884 1041 1049 1095 αὑτὸν
1074 1036 1185 1090 ἔσθ’
1208 1037 1298 1088 ὅτε
1322 1034 1419 1087 καὶ
1439 1030 1477 1085 ἃ.
1513 1027 1589 1099 μὴ
1617 1025 1754 1096 πρέ-

184 1152 256 1189 πει
282 1139 447 1206 γυμνῇ
482 1136 581 1188 καὶ
612 1135 749 1188 καθ’
783 1131 990 1203 ἑαυτὴν
1027 1128 1162 1200 οὔσῃ
1204 1130 1272 1198 τῇ
1300 1126 1537 1194 θεότητι.
1584 1120 1755 1172 Ὅταν

184 1224 274 1290 οὖν,
300 1228 369 1290 ὡς
397 1226 698 1295 ἄνθρωπος
718 1267 735 1292 ,
777 1226 918 1297 λέγῃ
947 1222 1021 1294 μὴ
1049 1216 1189 1274 εἶναι
1243 1216 1448 1286 ἀγαθὸς
1477 1213 1651 1273 οὓτως
1679 1209 1756 1272 ὡς

184 1318 207 1368 ὁ
230 1315 414 1385 Πατὴρ,
448 1315 722 1385 φερέσθω
758 1313 962 1385 μᾶλλον
982 1311 1077 1365 καὶ⁵
1104 1308 1264 1363 τοῦτο
1289 1304 1384 1359 ἐπὶ
1415 1303 1516 1377 τὴν
1544 1302 1755 1356 οἰκονο-

186 1407 291 1475 μίαν
326 1408 421 1477 τὴν
468 1405 618 1477 μετὰ
647 1405 886 1476 σαρκὸς,
915 1403 1011 1457 καὶ
1043 1397 1120 1473 μὴ
1155 1396 1412 1454 ἁπτέσθω
1438 1396 1538 1466 τῆς
1567 1388 1759 1453 obuia;

184 1496 259 1550 τοῦ
282 1498 401 1552 Υἱοῦ
437 1498 537 1554 καὶ
566 1497 745 1553 Θεοῦ.

204 1786 477 1861 Ἀπολογία
517 1789 761 1858 πιθανὴ
804 1789 955 1857 πρὸς
990 1787 1099 1861 tot
1116 1785 1561 1861 jpamioarga:
1595 1797 1614 1829 ι
1657 1773 1764 1858 διὰ

242 1864 291 1914 τι
310 1847 609 1931 μ’λέταις
634 1847 878 1931 arctoo}
892 1876 913 1923 ;
931 1847 1044 1913 ’καὶ
1072 1847 1367 1925 ἐξῆτῄσὶς
1393 1850 1502 1907 τοῦ
1516 1847 1727 1918 ῥητοῦ.

1854 656 1974 711 Filii
2011 653 2350 710 divinitatem
2379 651 2489 719 pati
2516 644 2779 703 concedet
2808 642 3033 713 perinde
3073 650 3243 710 atque
3269 640 3443 693 homi-

1856 746 2119 801 nemlAn
2158 743 2340 815 potius
2371 737 2765 808 blasphemiam
2801 734 3046 789 vetabit?
3068 732 3444 788 Conservetnr
3548 802 3553 805 _

1857 840 2039 908 itaque
2076 840 2222 907 quod
2250 838 2473 902 utrique
2501 839 2559 886 et
2597 826 2828 897 tempori
2862 833 2919 881 et
2951 825 3030 879 rei
3067 821 3346 884 convenit,
3392 828 3448 873 et

1856 930 2022 985 divini
2054 927 2325 984 sermOnis
2367 924 2509 979 ratio
2534 920 2866 991 inquiratur,
2902 932 3009 972 non
3040 916 3093 971 in
3126 914 3443 969 universum

1855 1040 1920 1079 ex
1949 1023 2015 1078 iis
2036 1035 2159 1092 qua
2200 1030 2258 1074 ut
2288 1018 2450 1073 homo
2485 1015 2745 1085 loquitur,
2784 1010 2879 1067 sed
2920 1025 2985 1066 ex
3017 1008 3226 1077 quibus
3260 1016 3343 1060 est
3381 1020 3451 1060 ex

1855 1116 2042 1179 Patre,
2082 1122 2141 1167 ut
2192 1111 2361 1167 Filius
2406 1119 2461 1164 et
2488 1106 2653 1162 Deus.
2697 1102 2998 1159 Tribnatur
3030 1114 3162 1154 vero
3206 1098 3312 1153 hoc
3340 1096 3451 1151 dis-

1858 1205 2167 1280 pensationi
2216 1218 2343 1259 cum
2400 1217 2569 1257 carne
2614 1198 2731 1255 sive
2763 1191 3152 1260 incarnationi,
3202 1191 3247 1245 si
3282 1189 3452 1253 inter-

1859 1302 1987 1356 dum
2020 1300 2136 1370 ipse
2182 1311 2245 1353 ea
2279 1296 2427 1351 dicat
2463 1302 2585 1363 qua:
2628 1291 2785 1346 nudat
2818 1302 2884 1343 ac
2930 1300 3027 1357 per
3057 1299 3117 1339 se
3166 1280 3451 1337 exsistenti

1860 1391 2049 1448 deltati
2084 1404 2192 1445 non
2234 1389 2523 1458 quadram.
2556 1384 2691 1439 Cum
2740 1378 2905 1453 igitur
2933 1389 2992 1433 ut
3036 1378 3197 1434 homo
3231 1374 3364 1430 dicit
3396 1387 3455 1428 se

1863 1500 1969 1541 non
2001 1496 2122 1539 esse
2145 1481 2347 1537 bonum
2384 1480 2456 1533 ita
2486 1486 2546 1533 ut
2573 1476 2754 1541 Pater,
2795 1474 2861 1529 ad
2896 1470 3330 1527 inearnationem
3357 1481 3459 1535 po-

1865 1577 1971 1632 tius
2002 1574 2132 1629 illud
2170 1571 2461 1633 referatur,
2490 1578 2668 1639 neqae
2694 1566 2762 1621 ad
2792 1563 3088 1621 essentiam
3124 1559 3247 1614 Filii
3270 1566 3324 1615 et
3356 1557 3448 1613 Dei

1862 1667 2140 1739 pertinere
2160 1663 2466 1734 iudicetur.

1867 1778 2117 1849 Defensio
2165 1772 2477 1849 uerisimilis
2504 1770 2597 1849 _ad
2622 1770 3127 1849 juterrttgantem":
3155 1782 3188 1847 ,ι
3216 1759 3329 1816 Cur
3378 1774 3460 1813 me

2137 1829 2271 1901 dicis
2295 1843 2525 1899 bonum?
2552 1860 2571 1895 ι
2602 1834 2682 1912 ,Ει
2717 1829 3001 1907 ιτριὶἒαιὶο
3037 1833 3187 1888 dicti.

252 1969 589 2035 Ἐξεταστέον
632 1970 773 2041 ὅλην
817 1967 915 2022 τοῦ
947 1965 1315 2038 προκειμένου
1343 1962 1442 2035 τὴν
1478 1961 1721 2016 διάνοιαν
1741 1973 1753 1985 ⁸

1938 1963 2131 2020 Totius
2174 1959 2252 2016 rei
2298 1958 2366 2014 de
2423 1971 2528 2027 qua
2578 1944 2789 2025 agimus
2846 1965 3043 2006 sensus
3100 1943 3462 2017 inquirendus

189 2062 268 2114 καὶ
289 2062 422 2115 οὕτω
447 2059 788 2132 γνωσόμεθα
819 2058 1029 2129 σαφῶς,
1049 2056 1185 2128 ὅπερ
1210 2055 1461 2109 ὲσούλετο
1489 2053 1762 2107 διδάσκειν

188 2154 212 2205 vi
240 2151 475 2223 Χριστος,
508 2151 603 2205 διὰ
639 2150 743 2205 τοῦ
780 2152 968 2220 φάναιδ
1000 2168 1019 2201 ι
1055 2148 1123 2203 Τί
1158 2164 1225 2219 με
1250 2146 1430 2214 λέγεις
1454 2142 1697 2213 ἁγαθόν;
1740 2162 1758 2195 ι

189 2244 401 2315 Neptno;
431 2242 759 2314 προσῆλθεν
780 2240 946 2312 (οὕτω
983 2239 1093 2311 γὰρ
1125 2237 1483 2309 γέγραπται),
1524 2234 1584 2287 τὸ
1614 2234 1764 2296 ὅπως

194 2336 465 2407 σωθήσεται
497 2335 810 2409 μανθάνειν
834 2332 1133 2402 ἐπιζητῶν.
1162 2327 1294 2385 Εἶτα
1324 2327 1598 2399 προτείνει
1621 2325 1767 2378 διδά-

192 2420 363 2480 mles:
380 2427 545 2481 αὐτὸν
567 2426 673 2481 καὶ
692 2424 901 2493 ἀγαθὸν
920 2420 1269 2494 προειρηκὼς
1294 2420 1375 2483 τὸ,
1401 2438 1419 2471 t
1445 2419 1510 2471 Τί
1534 2418 1767 2488 ποιήσας

194 2516 316 2588 ζωὴν
340 2520 558 2572 αἰώνιον
591 2515 1031 2588 κληρονομήσω;
1064 2532 1083 2565 ι
1124 2512 1269 2583 Πρὸς
1288 2510 1463 2564 ταῦτα
1492 2506 1727 2580 Χριστός
1750 2523 1763 2536 ·

200 2628 215 2660 ι
243 2610 299 2661 Τί
325 2627 387 2680 με
411 2611 619 2679 λέγεις,
653 2606 846 2679 φησιν,
878 2604 1115 2672 ἁγαθόν;
1147 2602 1338 2665 Οὐδεὶς
1360 2600 1583 2668 ἀγαθὸς,
1618 2600 1667 2650 εἰ
1692 2597 1768 2669 μὴ

198 2694 300 2764 εἴςὸ
321 2700 468 2765 Θεός.
503 2701 758 2769 Ὕπαγε,
790 2698 1047 2768 πώλησόν
1077 2713 1170 2749 σου
1192 2695 1261 2748 τὰ
1292 2694 1608 2765 ὑπάρχοντα
1630 2734 1644 2758 ,
1676 2692 1771 2746 καὶ

196 2793 269 2854 δὸς
293 2796 543 2863 πτωχοῖς,
574 2794 677 2847 καὶ
704 2791 850 2856 ἔξεις
880 2788 1157 2860 θησαυρὸν
1183 2792 1242 2840 ὲν
1266 2787 1538 2856 οὐρανοῖς.
1584 2806 1601 2836 ι
1626 2785 1769 2837 Ἀλλ’

197 2885 279 2938 οὐκ
299 2886 531 2955 ἐνεγκὼν
556 2885 661 2956 τῆς
692 2882 915 2952 ἐντολῆς
934 2882 998 2935 τὸ
1018 2881 1205 2952 βάρος,
1230 2880 1326 2932 καὶ
1348 2880 1616 2948 ἀτονήσας
1642 2879 1772 2947 περὶ

198 2978 280 3047 τὴν
307 2978 524 3049 ἀρετὴν,
572 2974 804 3039 ὀκλάζει
834 2973 965 3042 περὶ
1014 2972 1075 3026 τὸ
1116 2971 1465 3045 πρόσταγμα.
1534 2969 1771 3040 Ἀπῆλθε

200 3074 308 3139 γὰρ,
329 3073 479 3143 φησι,
502 3068 873 3137 λυπούμενος.
899 3067 1059 3128 Ποῖος
1079 3060 1172 3118 οὖν
1187 3060 1255 3135 ἦν
1274 3063 1462 3116 δνθὰδε
1493 3058 1772 3130 θεολογίας

202 3162 397 3230 καιρδςς
423 3146 515 3232 ’1δῷ
544 3162 609 3215 δὲ
638 3160 996 3232 ὲρωτήσαντι,
1028 3156 1095 3208 Τί
1115 3157 1223 3227 ἄρα
1247 3155 1478 3223 ποιήσας
1506 3154 1658 3206 ἔσται
1679 3152 1774 3205 καὶ

142 3246 145 3253 ’
202 3256 338 3320 αὐτὸς
365 3260 474 3319 τοῖς
500 3254 843 3325 σωζομένοις
869 3250 1220 3321 ὲναρίθμιοςς
1257 3249 1410 3300 ποῖον
1447 3242 1770 3316 ἔχειῗλόγον,
1800 3277 1841 3333 C

206 3348 268 3417 μὴ
298 3350 426 3417 ὅπερ
471 3346 711 3418 ὲξῄτησε
764 3344 955 3415 μαθεῖν
993 3338 1345 3409 ἀποκαλύψαι
1398 3338 1619 3408 μᾶλλον,
1655 3336 1770 3388 ἀλλ’

204 3438 367 3508 ἕτερόν
400 3457 449 3492 τι
476 3438 636 3508 παρὰ
670 3436 735 3490 τὸ
777 3436 973 3507 ἐκεινῳ
1029 3432 1366 3502 ποθούμενον
1407 3432 1616 3486 εἰπείνξ
1652 3429 1774 3491 Πῶς

204 3529 251 3582 α
276 3524 376 3583 οἷόν
408 3548 465 3583 τε
492 3526 565 3602 ἦν
584 3529 648 3581 τὸ
664 3529 926 3595 ,ἐνεγκεῖν
946 3527 1048 3579 οὐκ
1084 3523 1388 3593 ἰσχύσαντα
1406 3522 1536 3591 μιᾶς
1558 3520 1774 3589 ἐντολῆς

207 3619 543 3690 εύσγγελικῆς
586 3620 828 3691 φορτίον,
878 3618 939 3671 τὸ
996 3617 1138 3686 ὑπὲρ
1189 3615 1366 3667 πάντα
1425 3611 1774 3665 διδάσκεσθαι

210 3713 506 3783 μυστήριον,
556 3710 733 3775 οὕτως
777 3707 1071 3763 ἀτονοῦντα
1126 3705 1259 3776 περὶ
1284 3703 1380 3776 τὴν
1408 3704 1523 3769 τῶν
1556 3702 1776 3770 ἀγαθῶν

208 3802 391 3870 ἔφεσιν,
411 3804 486 3868 ὡς
512 3802 651 3875 μηδὲ
668 3802 814 3871 λόγῳ
836 3799 1098 3853 δύνασθαι
1120 3798 1325 3865 ταύτην
1354 3798 1552 3867 χωρεῖν
1571 3813 1584 3861 ;
1607 3795 1775 3847 Λελύ-

211 3912 357 3963 πηται
382 3897 511 3967 γὰρ,
538 3896 617 3958 ὼς
647 3892 979 3963 γέγραπται.
1031 3890 1251 3960 Ἐπειδὴ
1280 3890 1460 3941 τοίνυν
1490 3886 1776 3956 ἄνθρωπον

213 3980 397 4049 βλέπων
435 3987 465 4039 ὁ
514 3984 763 4054 νομικὸς,
815 3981 887 4044 ὡς
928 3979 1201 4051 ἀνθρώπῳ
1232 3978 1484 4049 πρόσεισι
1511 4016 1525 4039 ,
1561 3976 1654 4029 καὶ
1702 3976 1778 4040 ὡς

212 4073 342 4141 ψιλὸν
376 4075 663 4148 ἄνθρωπον
706 4075 919 4145 ἐρωτᾷ,
965 4072 1266 4142 ἐξελέγχων
1308 4069 1384 4131 ὡς
1415 4069 1634 4139 ἀμαθῆ,
1674 4069 1781 4139 μά-

215 4165 333 4217 λισθ’
371 4169 450 4220 ὅτι
487 4167 685 4235 σοφίας
732 4164 1002 4234 ὑπόληψιν
1037 4162 1512 4235 ἐπραγματεύετο,
1568 4161 1656 4215 διὰ
1685 4160 1777 4214 τοῦ

214 4256 363 4312 δοκεῖν
387 4263 595 4314 ειδέναι
612 4260 708 4311 τὸν
733 4260 919 4329 νόμον,
943 4258 1187 4311 δυσωπεῖ
1213 4257 1388 4324 λέγων
1408 4274 1420 4287 ·
1446 4256 1621 4317 Μόνος
1645 4255 1780 4322 ἀγα-

215 4348 291 4413 θὸς
316 4354 449 4406 κατὰ
476 4351 742 4421 ἀλήθειαν
766 4352 795 4402 ὁ
824 4349 976 4412 Θεὸς.
1001 4350 1066 4401 Τί
1094 4347 1383 4419 τοιγαροῦν
1403 4347 1479 4409 ὡς
1507 4345 1780 4416 ἀνθρώπῳ

217 4443 524 4510 προσελθὼν,
553 4442 613 4495 τὸ
643 4442 790 4511 μόνῳ
810 4439 1103 4509 προσὸν-τῷ
1132 4438 1249 4509 Θεῷ
1280 4424 1637 4506 κατὰφύσιν,
1657 4438 1781 4506 ἐμοὶ

220 4532 497 4603 περιτίθης,
536 4531 743 4599 ἀγαθὸν
778 4529 1105 4593 ἁποκαλῶν;
1131 4524 1223 4591 Εἷς
1250 4530 1359 4597 γάρ
1390 4530 1537 4580 ἐστιν
1565 4530 1593 4580 ὁ
1622 4526 1779 4595 φύσει

1866 2057 2024 2112 nobis
2076 2062 2195 2117 est;
2246 2059 2411 2118 atque
2461 2048 2535 2101 ita
2585 2040 2877 2099 manifeste
2920 2038 3291 2105 intelligemus
3334 2033 3462 2103 quid

1867 2148 2102 2205 voluerit
2149 2145 2347 2200 docere
2395 2139 2649 2196 Christus
2701 2134 2889 2189 dicens
2926 2152 2938 2187 :
2980 2149 2997 2182 ι
3028 2130 3138 2185 Cur
3195 2138 3280 2181 me
3330 2123 3465 2178 dicis

1868 2238 2114 2295 bonum?
2149 2255 2167 2289 ι
2203 2234 2363 2305 Legis
2415 2231 2624 2303 peritus
2675 2226 2899 2296 quidam
2933 2224 3030 2293 (ita
3082 2220 3226 2275 enim
3274 2216 3466 2272 scribi—

1870 2333 1976 2402 tur)
2008 2330 2120 2385 adit
2152 2329 2463 2391 Dominum,
2496 2322 2725 2393 cupiens
2761 2335 2826 2374 ex
2862 2331 2927 2372 eo
2958 2324 3292 2381 cognoscere
3323 2322 3463 2378 quo-

1870 2439 1992 2479 nam
2060 2430 2219 2492 pacto
2285 2418 2518 2473 salutem
2594 2424 2853 2469 :eternam
2938 2403 3199 2473 consequi
3261 2412 3462 2471 posset.

1870 2514 2073 2571 Deinde
2096 2514 2197 2567 hoc
2222 2509 2475 2581 petitioni
2502 2519 2613 2561 sum
2634 2502 2906 2576 praetexit,
2941 2497 3263 2569 magistrum
3290 2494 3470 2563 ipsum

1870 2618 1993 2660 esse
2037 2614 2091 2658 et
2125 2580 2357 2665 bonum,
2404 2600 2481 2653 ita
2532 2597 2810 2667 Christum
2862 2589 3241 2659 compellans:
3281 2603 3298 2635 t
3330 2580 3470 2649 Quid

1872 2696 2077 2751 faciens
2122 2693 2286 2746 vitam
2330 2699 2593 2745 aeternam
2630 2680 2957 2757 possidebo?
2989 2700 3007 2732 ι
3042 2679 3140 2735 Cui
3177 2674 3471 2730 Christus:

1877 2806 1895 2838 ι
1931 2786 2071 2853 Quid
2106 2797 2213 2849 me,
2247 2785 2443 2852 inquit,
2492 2780 2630 2836 dicis
2662 2775 2903 2833 bonum?
2934 2772 3107 2828 Nemo
3136 2770 3335 2833 bonus,
3369 2767 3469 2822 nisi

1872 2895 2015 2934 unus
2041 2879 2199 2935 Deus.
2238 2876 2412 2940 Vade,
2451 2885 2505 2930 et
2535 2872 2711 2927 vende
2748 2869 2928 2927 omnia
2956 2883 3075 2937 quae
3106 2866 3293 2929 babes,
3325 2872 3379 2917 et
3404 2862 3468 2916 da

1874 2972 2225 3043 pauperibus,
2279 2980 2335 3024 et
2387 2968 2613 3024 habebis
2668 2966 2999 3019 thesaurum
3061 2960 3113 3014 in
3174 2951 3418 3013 c'oelis".
3451 2974 3469 3006 ι

1875 3064 2036 3134 Atqui
2090 3062 2135 3118 is
2171 3079 2277 3118 non
2313 3064 2491 3117 ferens
2533 3057 2789 3130 praecepti
2828 3055 3063 3125 pondus,
3117 3060 3170 3105 et
3220 3046 3477 3118 languido

1875 3174 2001 3227 erga
2045 3157 2304 3210 virtutem
2352 3154 2560 3214 animo,
2598 3156 2937 3219 praeceptum
2989 3159 3093 3197 non
3137 3140 3475 3209 exsequitur.

1880 3245 2301 3308 Rccessitenim,
2329 3242 2525 3311 inquit,
2544 3248 2795 3295 moestus.
2820 3236 3081 3301 Quaenam
3103 3233 3269 3303 igitur
3289 3231 3378 3285 hic
3394 3245 3481 3286 oc-

1884 3340 2033 3395 casio
2050 3348 2172 3393 erat
2192 3347 2249 3390 ut
2266 3335 2447 3389 divino
2472 3347 2623 3387 more
2644 3327 3001 3400 loqueretur?
3024 3325 3158 3380 Cum
3188 3339 3317 3377 vero
3346 3322 3481 3392 legis

1884 3432 2094 3501 peritus
2139 3430 2443 3497 interrogat
2496 3424 2626 3496 q‘uid
2663 3422 2872 3477 faciens
2924 3420 2976 3473 in
3012 3431 3199 3471 eorum
3242 3416 3333 3485 qui
3367 3415 3479 3467 sal-

1879 3522 2204 3576 vandisunt
2248 3527 2534 3572 ndmermn
2582 3507 2906 3569 referendus
2938 3510 3037 3573 sit,
3076 3516 3339 3577 quanam,
3368 3504 3471 3557 obs

1884 3632 2067 3681 secro,
2102 3614 2333 3677 ratione,
2355 3624 2460 3665 non
2498 3610 2550 3663 id
2581 3607 2725 3678 quod
2759 3604 2982 3675 optabat
3010 3602 3174 3663 scire,
3210 3597 3284 3653 illi
3314 3594 3473 3665 expli-

1879 3720 1985 3767 cet.
2024 3708 2117 3761 sed
2146 3705 2325 3775 potius
2355 3702 2558 3772 aliquid
2598 3694 2874 3754 diversum
2904 3692 2972 3749 ab
3013 3708 3079 3748 eo
3105 3692 3253 3762 quod
3290 3690 3479 3759 cupie-

1879 3799 1991 3868 bat,
2021 3802 2097 3855 illi
2133 3796 2277 3854 dicat
2302 3794 2326 3851 ?
2350 3795 2468 3863 Quo
2496 3798 2654 3866 pacto
2682 3805 2814 3846 vero
2860 3788 2977 3843 lteri
3011 3792 3226 3857 poterat
3273 3790 3352 3846 ut,
3389 3780 3480 3850 qui

1882 3910 1948 3950 ne
1981 3894 2141 3947 unius
2181 3890 2399 3961 quidem
2461 3885 2759 3957 evangelici
2796 3880 3053 3953 praecepti
3094 3876 3302 3948 pondus
3342 3872 3483 3929 ferre

1882 3990 2130 4057 poterat,
2182 3996 2445 4036 arcanum
2502 3978 2747 4034 Omnium
2806 3973 3108 4028 maximum
3166 3968 3480 4030 doceretur,

1884 4056 2087 4145 quique
2120 4074 2194 4128 ita
2237 4070 2527 4140 languidus
2559 4082 2623 4122 ac
2647 4066 2912 4122 remissus
2947 4065 3000 4115 in
3038 4058 3357 4129 appetendis
3387 4056 3483 4111 hoc

1884 4169 1969 4222 nis
1999 4176 2140 4231 erat,
2175 4176 2233 4220 ut
2264 4179 2331 4220 ne
2363 4163 2575 4219 ratione
2606 4161 2825 4231 quidem
2863 4173 2927 4213 ea
2954 4154 3239 4227 percipere
3266 4148 3485 4221 posset?

1884 4259 2112 4314 Mmstus
2143 4259 2287 4313 enim
2327 4265 2466 4320 erat,
2500 4265 2560 4309 ut
2614 4254 2876 4322 scriptum
2932 4248 3075 4304 est'.
3127 4247 3262 4302 Cum
3304 4246 3485 4313 itaque

1883 4353 2017 4422 legis
2055 4351 2263 4421 peritus
2312 4348 2400 4403 ille
2448 4346 2728 4401 hominem
2790 4344 2940 4396 illum
2980 4354 3102 4395 esse
3138 4350 3391 4402 cernens,
3427 4345 3486 4389 ut

1885 4444 2211 4513 simpliciter
2261 4441 2537 4496 hominem
2592 4436 2979 4506 compellaret,
3043 4446 3280 4503 arguens
3330 4430 3480 4483 illnnt

1885 4535 2191 4605 imperitiae,
2221 4548 2287 4590 eo
2332 4531 2607 4601 praecipue
2656 4528 2878 4583 nomine
2916 4525 3062 4595 quod
3107 4521 3387 4590 sapientiae
3421 4519 3487 4571 ti-

220 4623 427 4691 ἀγαθὸς,
468 4626 602 4686 Θεὸς
652 4622 877 4694 δηλαδή.
934 4622 997 4675 Εἰ
1048 4622 1145 4691 μὲν
1192 4616 1285 4673 οὖν
1314 4616 1461 4683 οἶδάς
1498 4636 1585 4690 με,
1621 4619 1768 4689 φησὶ.

1892 4627 2005 4681 tulo
2044 4640 2105 4679 se
2130 4624 2431 4692 jactitaret,
2482 4621 2737 4675 nimirum
2787 4617 2931 4688 quod
2974 4630 3033 4669 se
3072 4614 3320 4683 peritiam
3352 4606 3488 4673 legis

222 4713 333 4767 θεὸν
368 4718 517 4782 ὄντα,
560 4718 655 4770 καὶ
694 4715 781 4768 διὰ
806 4714 965 4767 τοῦτο
992 4710 1216 4780 ἀγαθὸν,
1251 4714 1371 4766 ὅτου
1415 4712 1479 4782 δὴ
1510 4711 1667 4782 χάριν
1707 4710 1768 4773 ὼς

1885 4726 2241 4773 consecutum
2276 4716 2525 4784 putabat,
2556 4711 2875 4781 perstringit
2908 4708 3087 4771 illum,
3119 4704 3307 4764 dicens
3338 4718 3350 4753 :
3385 4700 3486 4751 So-

222 4808 469 4880 ἀνθρώπῳ
521 4809 803 4877 προσέρχῃ
840 4805 1016 4875 ψιλῷς
1052 4806 1115 4859 El
1149 4805 1205 4857 δὲ
1243 4805 1305 4856 ού
1346 4802 1624 4865 πιστεύεις
1647 4798 1761 4855 εἷνα

1885 4811 1969 4864 lus
2000 4809 2141 4864 Deus
2182 4823 2369 4864 revera
2396 4807 2570 4860 bonus
2606 4813 2710 4859 est.
2758 4801 2867 4856 Cur
2900 4801 3062 4869 Igitur
3102 4812 3188 4851 me
3221 4804 3277 4847 ut
3311 4792 3485 4845 Immi-

228 4915 283 4965 με
310 4900 455 4964 Θεὸν,
486 4900 601 4953 ἀλλ’
634 4898 921 4968 ἄνθρωπον
951 4899 1053 4949 οἴει
1078 4914 1145 4965 με
1175 4896 1348 4965 ψιλὸν,
1383 4894 1433 4947 τί
1459 4895 1521 4965 δή
1557 4911 1685 4946 ποτε
1708 4893 1786 4963 τῷ

226 4988 326 5056 Θεῴ
361 4991 566 5061 πρέπον
621 4990 843 5059 ἀξίωμα
895 4987 1042 5057 μόνῳ
1092 4986 1429 5055 προσάπτεις
1479 4983 1781 5055 ἀνθρώπιεη

233 5079 466 5152 Ἔλεγχος
493 5078 586 5135 οὖν
617 5082 859 5153 ἀμαθίας
888 5080 948 5133 τὸ
974 5079 1263 5150 εἰρημένον
1294 5078 1441 5130 ἐστὶν
1465 5117 1477 5139 ,
1508 5077 1568 5129 οὐ
1602 5076 1785 5129 θεολοα

230 5171 333 5235 γίας
360 5175 600 5239 ἀξίωσις.

1888 4899 2396 4963 nem-accedemlo,
2429 4896 2538 4968 74
2580 4897 2628 4949 id
2680 4893 2821 4962 quod
2868 4892 2965 4945 soli
3023 4891 3131 4943 Deo
3168 4884 3489 4940 naturaliter

1889 4995 2048 5057 inest,
2084 4994 2213 5047 mihi
2252 4993 2473 5057 tribuis,
2515 4992 2713 5045 bonum
2763 5005 2847 5041 me
2878 4986 3118 5041 vocans?
3163 4982 3312 5037 Unus
3341 4977 3486 5031 enim

1896 5096 2086 5140 natura
2122 5100 2216 5140 sua
2261 5086 2433 5140 bonus
2461 5093 2567 5147 εει,
2608 5080 2753 5137 Deus
2795 5079 3072 5133 nimirum.
3114 5074 3169 5127 Si
3205 5072 3371 5134 enim,
3410 5068 3485 5121 in-

1896 5177 2035 5246 quit,
2088 5177 2227 5231 nosti
2277 5192 2363 5229 me
2416 5174 2580 5229 Deum
2628 5187 2773 5236 esse,
2832 5181 2995 5239 atque
3039 5167 3108 5219 ob
3161 5165 3211 5217 id
3266 5164 3487 5221 bonum,

232 5278 368 5330 quam
399 5271 466 5323 ob
494 5285 607 5323 rem
642 5282 728 5322 me
774 5262 1057 5320 utnudum
1100 5265 1375 5320 hominem
1433 5266 1689 5319 accedis?
1730 5266 1785 5319 Si
1828 5282 1958 5325 vero
2004 5286 2107 5324 non
2157 5270 2335 5325 credis
2380 5284 2464 5323 me
2536 5282 2657 5322 esse
2704 5265 2895 5327 Deum,
2950 5261 3045 5317 scd
3105 5258 3237 5313 nihil
3285 5266 3483 5323 praeter

232 5357 481 5463 hominem
514 5366 786 5434 vulgarem
821 5378 905 5416 me
940 5378 1059 5417 esse
1090 5378 1303 5424 censes,
1339 5377 1439 5415 cur
1467 5361 1784 5430 dignitatem
1826 5380 1945 5432 quas
1985 5367 2085 5419 soli
2150 5366 2260 5421 Deo
2328 5366 2555 5420 debetur
2590 5361 2722 5416 mihi
2754 5360 2960 5414 homini
2997 5368 3210 5412 ιειηιυιη
3260 5351 3490 5407 "nmis?

240 5452 424 5511 0mm“
454 5458 617 5528 ἱείιυι-
655 5458 781 5523 hoc:
816 5465 1022 5508 ιεηιῑυιιι
1065 5456 1129 5509 ad
1174 5455 1654 5524 reprehensionem
1726 5458 2007 5525 imperitiae
2040 5459 2205 5523 illius,
2280 5473 2381 5511 non
2453 5460 2518 5510 ad
2573 5453 2875 5509 divinitatis
2908 5449 3330 5505 declarationem
3370 5460 3489 5512 pcr-

237 5547 371 5604 tinet.

892 5642 927 5690 .‘\
940 5641 1094 5692 ΛΛΟ.

297 5752 350 5803 Et
380 5753 459 5805 διὰ
496 5755 555 5807 τὸ
585 5752 841 5819 λέγεσθαι
884 5752 1041 5819 μόνον
1073 5746 1208 5804 εἶναι
1254 5754 1343 5805 καὶ
1384 5754 1475 5807 ἕνα
1513 5756 1646 5807 κατὰ
1688 5756 1786 5821 φύ-

304 5907 343 5939 ”
370 5908 521 5966 Marc.
553 5926 605 5974 ι,
656 5908 837 5963 l7-2l.
930 5910 939 5939 '
978 5910 1110 5965 Ibid.
1153 5910 1242 5965 "3.23.

2585 5636 2811 5692 ALIUD.

1976 5756 2030 5807 Si
2064 5770 2125 5807 ex
2160 5770 2221 5807 eo
2256 5753 2396 5822 quod
2424 5754 2619 5806 dicitur
2651 5752 2791 5805 Deus
2827 5748 2973 5803 solus
3005 5764 3127 5801 esse
3162 5756 3322 5815 atque
3351 5759 3489 5800 unus
