3922 6504
210 479 305 534 iiii

715 592 900 659 Πρὸς
927 591 1127 645 ταῦτα
1145 592 1344 656 λύσις.

300 704 407 759 Din:
430 700 765 758 αἰσθάνεται.
805 703 993 757 πάλιν
1027 703 1056 754 ὁ
1084 701 1446 773 χριπομάχος
1478 699 1689 769 κτίσμα
1725 698 1847 769 μὲν,

252 792 475 867 οὑχΐὶδν
500 793 785 864 εἰσφέρων
814 793 918 846 τὸν
947 792 1178 862 Κύριον,
1203 790 1388 845 δοῦλον
1408 790 1465 843 δὲ
1496 790 1620 843 ἀντὶ
1640 787 1849 841 Δεσπό-

256 906 361 951 του,
382 885 473 939 καὶ
496 885 697 956 λάτριν
724 884 861 937 ἀντὶ
887 881 1055 936 Θεοῦ.
1087 883 1151 936 Ei
1178 882 1285 952 γὰρ
1314 881 1457 936 κατὰ
1482 879 1645 949 φύσιν
1674 880 1849 933 οίιται

260 978 380 1032 Θεὸν
412 973 549 1031 εἶναι
580 975 678 1030 τοῦ
700 974 843 1034 Υἱοῦ
878 973 975 1027 τὸν
1006 973 1246 1044 Πατέρα,
1279 972 1375 1026 καὶ
1398 972 1500 1042 τὴν
1522 972 1582 1023 ἐν
1612 973 1726 1035 τοῖς
1756 970 1852 1024 ἄλ-

262 1070 364 1134 λοις
388 1067 703 1138 οἰκονομίαν
732 1064 835 1137 οὑχ
868 1066 993 1136 ὁρᾷ,
1029 1062 1153 1118 οὔτε
1184 1060 1470 1133 ὀμοοὺσιος
1510 1060 1688 1123 ἔσται,
1721 1057 1848 1112 οὔτε

263 1160 546 1229 Δεσπότης,
580 1156 712 1212 οὔτε
740 1157 898 1221 Θεός.
942 1154 1140 1218 Καλῶς
1178 1154 1291 1225 γὰρ
1332 1151 1399 1223 δὴ
1420 1152 1549 1224 τῇδε
1575 1151 1849 1222 διῖσχυρί-

262 1253 425 1316 ξιτατ.
469 1249 785 1305 Ἐκῦαλέτω
810 1246 1103 1319 τοιγαροῦν
1126 1243 1381 1319 φαιδρῶς
1408 1248 1503 1300 καὶ
1529 1245 1634 1314 τῆς
1663 1243 1848 1314 θεότη-

259 1356 345 1406 τος
366 1343 462 1396 καὶ
483 1342 814 1413 κυριότητος
845 1339 939 1395 τὸν
960 1339 1109 1402 Υίὸν,
1145 1338 1243 1392 καὶ
1269 1338 1381 1402 τοῖς
1420 1336 1691 1408 ποιήμασι
1716 1350 1845 1387 συν-

259 1435 518 1499 ταττέτω,
556 1435 649 1488 ἵνα
691 1433 875 1505 σαφὴς
929 1432 1174 1503 αὑτῶνὴ
1216 1428 1503 1500 δυσφημία
1550 1428 1843 1499 γινομένη,

258 1528 464 1590 πάντας
492 1525 802 1599 ἁναπείσῃς
827 1525 1006 1594 λέγειν
1031 1539 1045 1553 ⁸
1079 1523 1361 1578 Πλανᾶσθε
1411 1522 1486 1594 μὴ
1519 1522 1722 1585 εἰδότες
1744 1523 1846 1585 τὰς

259 1616 498 1687 Γῳφὰς.
537 1618 668 1671 Δέον
697 1618 808 1687 γὰρ
848 1615 1125 1682 ἐξετάζειν
1166 1614 1265 1686 τὴν
1309 1608 1703 1685 κεκρυμμένην
1748 1610 1844 1665 τοῦ

256 1709 429 1777 Λόγου
449 1708 701 1779 δύναμιν,
720 1707 1093 1780 δυσφημοῦσιν
1114 1706 1461 1775 ἀφυλάκτως,
1485 1704 1669 1757 οὐκέτι
1686 1702 1841 1766 Θεὸν,

256 1799 389 1852 ἀλλὰ
406 1800 534 1853 ναὸν
563 1800 723 1866 Θεοῦ,
752 1801 841 1853 τὸν
864 1798 992 1854 Υίὸν
1020 1801 1385 1872 εἰσφέροντες,
1418 1792 1609 1866 ῶσπερ
1638 1790 1707 1865 ἦν
1734 1794 1844 1847 τῶν

1676 472 2122 531 THESAURUS.

1876 591 1923 646 Δ

3436 478 3533 538 ης

2453 588 2663 645 Salutio
2696 588 3019 657 objectionis.

2020 699 2137 754 Non
2169 700 2337 755 sentit
2372 700 2570 756 iterum
2598 701 2769 758 hostis
2791 701 2995 757 Christi
3022 716 3082 758 se
3112 700 3397 757 Dominum
3419 718 3533 761 non

1948 801 2004 847 ut
2036 791 2256 857 Filium,
2287 794 2383 849 sed
2417 801 2477 848 ut
2510 801 2817 848 creaturam
2869 794 3151 858 inducere,
3197 803 3255 849 et
3289 809 3530 860 servum,

1948 896 2055 936 nou
2101 881 2423 947 Dominum,
2458 882 2755 948 famulum,
2789 900 2893 939 non
2929 882 3118 940 Deum.
3156 885 3212 939 Si
3251 886 3395 941 enim
3435 901 3528 941 ex-

1948 973 2155 1031 istimat
2181 972 2395 1029 Patrem
2428 976 2726 1031 secundum
2767 984 3016 1031 naturam
3044 990 3164 1031 esse
3197 975 3361 1031 Deum
3386 975 3532 1043 Filii,

1947 1073 2002 1119 et
2030 1078 2136 1118 non
2166 1066 2349 1133 potius
2382 1065 2596 1119 ratione
2623 1065 3042 1132 incarnationis,
3081 1082 3257 1136 neque
3298 1069 3534 1123 consub-

1946 1154 2216 1210 stantialis
2239 1155 2364 1219 erit,
2387 1170 2565 1226 neque
2588 1156 2872 1222 Dominus,
2910 1173 3087 1227 neque
3117 1158 3283 1213 Deus.
3312 1158 3532 1229 Optime

1946 1247 2095 1301 enim
2146 1247 2248 1301 hac
2281 1247 2492 1302 ratione
2518 1249 2801 1318 probatur.
2832 1248 3095 1304 Deturbet
3133 1250 3315 1318 itaque
3350 1259 3534 1319 aperte

1946 1353 1978 1393 a
2003 1338 2205 1393 deitate
2237 1346 2293 1393 et
2316 1338 2691 1393 dominatione
2722 1339 2936 1406 Filium,
2973 1351 3029 1395 et
3054 1342 3323 1396 creaturis
3353 1357 3533 1396 annu-

1947 1440 2140 1498 meret,
2179 1440 2258 1496 ιιι,
2295 1430 2582 1486 manifesta
2620 1431 2833 1486 illorum
2861 1432 3202 1503 blasphemia
3230 1433 3530 1502 patefacta,

1948 1524 2139 1577 merito
2157 1537 2346 1577 omnes
2377 1521 2679 1577 exclamem
2713 1540 2727 1577 :
2756 1522 2998 1578 «Erratis
3030 1523 3343 1578 nescientes
3369 1524 3530 1579 Scri-

1945 1624 2133 1683 pturas
2149 1614 2242 1670 ⁸⁸.»
2264 1612 2395 1668 Cum
2413 1612 2556 1668 enim
2580 1613 2851 1668 occultam
2870 1613 3031 1669 Verbi
3058 1614 3355 1683 potentiam
3379 1629 3534 1669 scru-

1947 1704 2050 1759 tari
2097 1704 2381 1769 deberent,
2430 1704 2779 1775 blaspbemiis
2821 1706 3002 1774 potius
3067 1703 3369 1777 indulgent,
3426 1720 3529 1760 non

1950 1798 2139 1862 Deum,
2182 1799 2277 1853 sed
2325 1797 2582 1868 templum
2632 1798 2749 1863 Dei,
2784 1792 2981 1853 Filium
3022 1812 3144 1854 esse
3189 1807 3531 1865 statuentes;

258 1892 429 1959 ἁγίων
448 1893 704 1958 ἕκαστος,
736 1890 866 1964 περὶ
892 1886 970 1948 ὧν
998 1902 1198 1966 φησιν’
1246 1910 1267 1944 ι
1311 1889 1611 1959 Ἐνοικήσω
1645 1889 1703 1942 ὲν
1736 1888 1836 1941 αὑ-

1950 1887 2175 1956 perinde
2220 1898 2385 1954 atque
2424 1888 2802 1979 unusquisque
2841 1900 3180 1956 sanctorum,
3217 1890 3286 1946 de
3332 1892 3532 1979 quibus

254 1984 390 2048 tot",
438 1983 536 2037 καὶ
573 1983 1035 2057 ἐμπεριπατήσω.
1069 2002 1090 2037 ι
1132 1983 1328 2037 Ἔσται
1369 1979 1661 2054 τοιγαροῦν
1696 1981 1836 2036 κατὰ

1947 1976 2196 2033 dicitur:
2250 1994 2272 2030 ι
2304 1975 2574 2034 Habitabo
2622 1974 2680 2034 in
2731 1978 2884 2056 ipsis,
2931 1988 2990 2033 et
3037 1978 3397 2035 deambulabo
3416 1978 3460 2035 ⁷.
3502 1996 3524 2032 ι

253 2072 351 2143 τὴν
380 2073 608 2131 ὲκείνων
654 2068 853 2146 μανίαν
900 2071 984 2139 εἷς
1026 2075 1120 2130 καὶ
1163 2073 1327 2137 αὐτὸς
1369 2075 1478 2129 τῶν
1508 2076 1650 2131 κατά
1680 2075 1843 2146 χάριν

256 2164 610 2234 κεκλημένων
638 2160 771 2218 υίῶν
800 2163 895 2219 καὶ
914 2162 1074 2229 θεῶν,
1104 2166 1239 2236 πρὸς
1263 2165 1357 2231 οὓς
1382 2167 1632 2240 εἴρηκεν·
1658 2183 1677 2217 ι
1701 2162 1843 2233 Ἐγὼ

256 2251 384 2310 dm
406 2271 423 2286 ·
453 2257 581 2310 Θεοί
612 2258 739 2311 ἐστι
768 2257 864 2311 καὶ
890 2257 1013 2311 Υίοὶ
1042 2258 1269 2329 ὑψίστου
1295 2258 1521 2322 πάντες.
1572 2275 1591 2310 ι
1628 2252 1731 2312 Ὧν
1751 2257 1835 2310 ὅτι

258 2352 538 2415 παντελῶς
586 2351 900 2423 ἀφέστηκε,
942 2352 1037 2406 καὶ
1073 2352 1287 2421 φύσεως
1324 2352 1565 2425 ὑπεροχῇ
1610 2350 1841 2422 μεμέριο

261 2455 402 2505 σται,
430 2441 631 2506 διδάξει
665 2441 855 2511 σαφῶς
885 2441 946 2493 ιν
972 2440 1291 2512 Εὑαγγελίῳ
1323 2440 1581 2513 Χριστὸς,
1616 2440 1793 2509 λέγων
1820 2456 1839 2471 “

262 2550 283 2582 ι
332 2532 520 2602 Ὑμεῖς
542 2534 610 2586 ὲκ
640 2532 752 2585 τῶν
790 2532 941 2586 κάτω
967 2531 1113 2595 ἐστὲ,
1140 2532 1253 2600 ἐγὼ
1276 2535 1341 2586 ὲκ
1370 2532 1480 2586 τῶν
1502 2532 1616 2586 ἀνω
1642 2532 1781 2601 είμί·
1810 2550 1830 2584 ι

260 2621 404 2675 κάτω
432 2621 607 2691 λέγων
635 2623 735 2693 τὴν
769 2620 1198 2693 βασιλευομένην
1222 2622 1318 2675 καὶ
1340 2621 1710 2693 ὑποκειμένην
1737 2622 1839 2691 τὴν

262 2712 445 2780 φύσιν·
478 2715 594 2767 ἄνω
617 2715 674 2767 δὲ
702 2714 867 2768 πάλιν
894 2714 995 2783 τὴν
1036 2713 1426 2783 βασιλεύουσαν
1469 2715 1566 2767 καὶ
1592 2716 1706 2777 τοῖς
1734 2715 1837 2767 πᾶ-

264 2818 342 2853 σιν
368 2804 737 2874 ἐποχουμένην
772 2804 1025 2874 θεότητα.
1072 2803 1310 2875 Ἀληθῶς
1348 2804 1530 2857 τοίνυν
1573 2803 1667 2857 τοῦ
1701 2805 1837 2875 Χρι-

263 2892 381 2945 στοῦ
401 2893 650 2962 λέγοντος
674 2893 879 2948 ἄνωθεν
902 2890 1064 2962 εἶναι,
1085 2887 1238 2958 οὗτος
1264 2896 1428 2949 αὑτὸν
1454 2898 1519 2949 ὲκ
1557 2895 1665 2949 τῶν
1683 2896 1837 2949 κάτω

265 2986 407 3053 φησί,
433 2985 683 3056 φανερῶς
706 2985 797 3039 τοῦ
832 2985 963 3040 Υιοῦ
989 2985 1087 3057 τὴν
1115 2986 1304 3040 οὑσίαν
1332 2986 1709 3055 συκοφαντῶν.

516 3209 647 3262 ὀτι
678 3208 1001 3278 ὁμοούσιος
1024 3206 1104 3273 τῷ
1124 3210 1308 3277 Πατρὶ
1338 3210 1371 3262 ό
1405 3208 1560 3275 Υἱός.

472 3298 802 3366 Ἀντίθεσις
850 3300 932 3365 ὡς
985 3299 1057 3353 ἐκ
1124 3298 1243 3353 τῶν
1287 3300 1610 3369 Εὐνομίου.

324 3431 430 3485 Καὶ
458 3430 596 3497 πιῖις,
629 3432 814 3503 φησιν,
835 3432 991 3486 ἔσται
1014 3431 1093 3503 τῷ
1116 3432 1294 3505 Ila—:91
1321 3433 1609 3505 ὀμοοὺσιος
1627 3435 1656 3491 ό
1679 3434 1832 3505 Υἱὸς,

260 3523 421 3576 ιίτιον
442 3524 606 3576 αὑτὸν
629 3524 728 3578 τοῦ
759 3520 899 3578 εἶναι
927 3524 1065 3595 ἔχων
1087 3542 1102 3590 ;
1128 3527 1193 3580 ‘0
1216 3526 1292 3599 μὴ
1326 3529 1592 3599 πρόσεστι
1618 3529 1697 3600 τῷ
1717 3510 1832 3584 Ila?

258 3612 358 3685 τρί.
389 3612 460 3667 Οὑ
482 3613 591 3687 γὰρ
614 3613 675 3681 ἐξ
699 3613 872 3670 αίτίου
908 3613 1075 3681 τινὸς,
1103 3615 1241 3688 ὅπερ
1275 3615 1363 3684 ἂν,
1400 3617 1476 3682 ὡς
1518 3613 1693 3688 οἶμαι,
1721 3620 1831 3683 πᾶς

257 3720 333 3771 τις
353 3704 443 3763 οὖν
459 3707 659 3779 ἀληθὲς
686 3703 829 3761 εἶναι
863 3708 1109 3779 φήσειεν.

719 3908 876 3977 Πρὸς
921 3909 1095 3964 τοῦτο
1138 3911 1347 3976 λύσις.

322 4024 521 4093 Πολλὴν
549 4023 616 4077 ἄν
636 4039 721 4085 τις
748 4022 973 4086 εἰκότως
995 4022 1235 4091 ἀμαθίαν
1260 4022 1701 4095 καταψηφίσαιτο
1717 4024 1825 4078 τῶν

259 4116 318 4166 τὰ
359 4114 578 4167 τοιαῦτα
624 4113 947 4185 τολμώντων
999 4112 1199 4167 λαλεῖν.
1246 4114 1374 4167 Υίὸν
1409 4116 1516 4186 γὰρ
1545 4116 1821 4185 λέγοντες.

258 4207 345 4274 οὐχ
382 4206 664 4276 ὁμοούσιον
717 4200 857 4257 εἷναί
892 4221 1056 4273 φασιν
1078 4244 1095 4272 ,
1129 4206 1228 4258 οὑκ
1277 4206 1655 4278 αίσθανομενοι
1682 4210 1825 4280 τάχα

261 4298 381 4364 πρὸς
401 4298 466 4368 ἢν
491 4296 842 4367 ἐμϐαίνουσιν
870 4298 1077 4351 ἄνοιαν.
1116 4298 1178 4351 El
1206 4297 1316 4368 γὰρ
1340 4297 1468 4364 Υἱός
1504 4299 1673 4364 ἐστιν,
1710 4300 1823 4354 ὦσ-

260 4404 353 4459 περ
370 4386 460 4444 οὖν
492 4390 585 4444 καὶ
623 4389 1039 4463 ἔστινάληθῶς,
1074 4390 1227 4445 ἔσται
1264 4391 1483 4455 πάντως
1522 4391 1599 4463 τῷ
1630 4406 1823 4461 γεγεν-

258 4483 424 4551 νηκότι
446 4482 590 4537 κατὰ
614 4482 713 4554 τὴν
734 4483 924 4537 οὐσίαν
941 4486 970 4537 ὁ
995 4485 1175 4548 αὑτός.
1200 4485 1263 4538 Εἰ
1293 4485 1348 4538 δὲ
1370 4485 1470 4538 οὑκ
1494 4484 1643 4539 ἔστιν
1669 4485 1818 4548 Υίδς,

1943 2065 2065 2124 Erit
2108 2068 2290 2139 itaque
2322 2068 2475 2138 iuxta
2527 2069 2746 2127 illorum
2792 2070 3059 2127 insaniam
3092 2071 3317 2140 perinde
3367 2079 3532 2148 atque

1943 2174 2086 2218 unus
2112 2162 2343 2217 liiiornm
2372 2171 2426 2217 et
2447 2162 2673 2218 deorum
2699 2162 2791 2233 qui
2825 2164 2999 2220 vocati
3030 2170 3159 2219 sunt
3181 2163 3247 2217 ad
3274 2164 3527 2234 gratiam,

1943 2252 2010 2308 ad
2042 2267 2179 2323 quos
2210 2252 2341 2308 dicit
2371 2271 2386 2307 :
2420 2270 2440 2305 ι
2470 2252 2581 2323 Ego
2611 2253 2722 2307 dixi
2751 2268 2764 2308 :
2797 2253 2875 2308 Dii
2908 2255 3063 2318 estis,
3098 2262 3152 2308 et
3180 2252 3273 2307 ﬁlii
3309 2252 3522 2309 Excelsi

1941 2358 2129 2400 omnes
2148 2344 2191 2399 '.
2226 2363 2245 2396 ι
2283 2344 2329 2399 Α
2355 2346 2552 2414 quibus
2586 2345 2727 2415 quod
2762 2344 2817 2399 in
2858 2346 3173 2401 universum
3202 2345 3440 2409 dilierat,
3471 2356 3529 2401 et

1938 2441 2147 2490 natura
2180 2436 2290 2507 73
2316 2436 2635 2492 excellentia
2668 2446 2955 2507 separatus
2986 2437 3077 2503 sit,
3108 2437 3337 2507 ipsemet
3361 2438 3521 2493 Chri-

1944 2534 2061 2582 stus
2103 2528 2155 2581 iu
2186 2528 2476 2599 Evangelia
2508 2538 2695 2597 aperte
2726 2530 2963 2597 docebit,
3013 2529 3267 2599 inquiens
3298 2549 3311 2583 :
3352 2548 3371 2582 ι
3412 2529 3517 2585 Vos

1938 2617 2003 2673 de
2037 2618 2291 2675 deorsum
2313 2621 2467 2684 estis,
2494 2635 2593 2691 ego
2620 2636 2686 2676 ex
2716 2624 2965 2689 supernis
2985 2638 3103 2678 sum
3123 2624 3182 2689 ';
3218 2642 3238 2677 ι
3268 2624 3522 2678 deorsum

1938 2710 2213 2778 appellans
2256 2720 2504 2765 naturam
2537 2721 2776 2767 creatam
2814 2722 2868 2768 et
2915 2712 3143 2782 imperio
3168 2713 3468 2784 subjectam
3505 2733 3520 2769 :

1937 2814 2151 2855 sursum
2205 2814 2334 2854 vero
2395 2801 2734 2857 divinitatem
2798 2817 2961 2872 supra
3031 2804 3214 2858 omnia
3276 2814 3522 2859 evectam

1935 2891 2295 2962 amnibusque
2336 2893 2715 2963 imperantem.
2767 2893 2901 2947 Cum
2954 2894 3115 2963 igitur
3147 2895 3396 2949 Christus
3440 2894 3525 2948 di-

1936 2990 2024 3036 cat
2056 2996 2115 3037 se
2152 2997 2217 3037 ex
2253 2985 2503 3051 supernis
2529 2998 2667 3050 esse,
2707 2985 2810 3041 iste
2844 2986 2992 3041 illum
3040 2987 3093 3039 in
3130 2986 3317 3043 inieris
3352 2985 3518 3042 colloo

1936 3082 2044 3139 cat,
2073 3072 2363 3131 manifeste
2394 3073 2515 3130 Filii
2551 3077 2845 3132 essentiam
2876 3077 3241 3133 caiumnians.

2132 3205 2288 3273 Quod
2321 3206 2494 3263 Filius
2531 3210 2600 3264 sit
2641 3210 3107 3267 consubstantialis
3137 3211 3335 3280 (Patri.

2412 3294 2649 3369 Objectio
2677 3315 2742 3354 ea:
2772 3296 3053 3358 Eunomia.

2006 3429 2114 3489 Sed
2146 3448 2253 3504 quo
2278 3443 2459 3501 pacto,
2492 3434 2699 3505 inquit,
2730 3434 2836 3491 erit
2866 3436 3348 3492 consubstantialis
3373 3436 3520 3494 Patri

1931 3522 2123 3588 Filius,
2170 3540 2293 3579 cum
2344 3524 2505 3579 Pater
2549 3527 2598 3580 ei
2650 3541 2815 3581 causa
2870 3528 3168 3583 exsistendi
3219 3530 3333 3583 sit?
3364 3530 3520 3596 Quod

1931 3612 2148 3681 quidem
2188 3613 2257 3669 de
2287 3613 2449 3670 Patre
2484 3616 2589 3670 dici
2643 3631 2747 3671 non
2785 3626 2984 3685 potest.
3033 3616 3219 3688 Neque
3258 3620 3400 3673 enim
3434 3628 3521 3675 est

1929 3715 1995 3757 ex
2044 3701 2221 3772 aliqua
2274 3719 2460 3769 causa,
2506 3705 2651 3774 quod
2701 3715 2873 3762 certe.
2926 3714 2985 3761 ut
3028 3706 3287 3773 arbitror,
3327 3722 3520 3766 omnes

1930 3804 2116 3848 verum
2147 3808 2269 3851 esse
2300 3793 2636 3851 fatebuntur.

2424 3907 2635 3965 Salutio
2687 3909 3022 3979 abjectionis.

2000 4017 2193 4075 Merito
2225 4029 2371 4076 certe
2407 4020 2527 4091 quis
2565 4037 2753 4076 eorum
2796 4024 3121 4094 imperitiam
3151 4025 3392 4091 damnet,
3422 4028 3515 4096 qui

1924 4113 2187 4183 ejusmodi
2232 4114 2433 4167 audent
2474 4115 2676 4170 dicere.
2718 4114 2913 4170 Filium
2959 4118 3103 4171 enim
3140 4134 3263 4173 cum
3296 4120 3508 4187 dicunt,

1924 4204 2446 4260 consubstantialem
2493 4221 2616 4261 esse
2664 4216 2886 4275 negant,
2945 4224 3049 4262 non
3109 4211 3409 4265 sentientes
3458 4212 3516 4267 in

1925 4312 2086 4367 quam
2117 4296 2509 4352 absurditatem
2544 4296 2817 4352 labantur.
2854 4297 2911 4354 Si
2945 4300 3089 4353 enim
3116 4298 3287 4356 Filius
3312 4312 3417 4365 est,
3453 4313 3515 4358 ut

1927 4387 2177 4457 proiecto
2210 4397 2318 4453 est,
2360 4390 2466 4443 erit
2499 4389 2720 4444 omnino
2747 4389 2988 4459 ejusdem
3035 4390 3353 4447 substantize
3386 4409 3510 4450 cum

1922 4477 2202 4534 Genitore.
2242 4477 2300 4533 Si
2346 4493 2474 4534 vero
2516 4477 2689 4533 Filius
2736 4495 2840 4533 non
2888 4488 2992 4546 est,
3048 4482 3345 4537 secundum
3392 4498 3510 4551 vos,

258 4573 365 4627 καθ’
396 4575 559 4645 ὑμᾶς,
587 4574 799 4639 δείξατε
824 4576 1038 4647 γυμνὴν
1076 4576 1285 4630 ἑαυτῶν
1307 4576 1408 4648 τὴν
1445 4577 1817 4649 βλασφημίαν,

1944 4571 2125 4625 ludam
2171 4579 2411 4625 vestram
2465 4570 2857 4638 blasltitemiam
2894 4572 3204 4642 patefacite,
3259 4584 3315 4628 et
3350 4575 3514 4631 dicite

258 4664 337 4715 ut
358 4664 543 4732 λέγετε
572 4666 787 4736 ποίημα
820 4662 979 4727 εἶναι,
1017 4666 1104 4721 ῐνα
1133 4667 1269 4738 μηδὲ
1300 4668 1587 4739 ὁμοοὺσιος
1705 4670 1817 4721 Καὶ

256 4756 361 4809 τότε
387 4759 735 4830 δειχθήσεσθε
768 4758 971 4822 πάσαις
996 4757 1292 4829 μαχόμενοι
1322 4760 1445 4823 ταῖς
1475 4759 1649 4823 θείαις
1671 4760 1820 4830 Γρα-

256 4851 385 4916 φαίς.
416 4850 540 4903 Υίὸν
566 4851 678 4921 γὰρ
700 4850 918 4918 λέγουσι
946 4851 1038 4904 τὸν
1068 4851 1219 4913 Υἱδν,
1255 4852 1352 4907 καὶ
1388 4852 1450 4906 οὐ
1474 4852 1708 4924 ποίημα.

921 5048 1105 5101 ΑΛΛΟ

1924 4671 2230 4719 creaturam
2260 4676 2401 4728 esse,
2428 4673 2486 4716 ut
2513 4676 2577 4715 ea
2605 4662 2814 4716 ratione
2844 4665 3322 4720 consubstantialis
3343 4668 3509 4723 etiam

1924 4766 2031 4806 non
2057 4752 2148 4806 sit.
2171 4752 2245 4807 Ac
2268 4763 2380 4807 tum
2410 4753 2678 4809 universa:
2696 4768 2868 4810 sacrae
2887 4751 3184 4826 Scriptura:
3207 4772 3512 4829 repugnare

1921 4844 2309 4929 Ostendgmini.
2344 4844 2540 4909 Filium
2569 4847 2714 4902 enim
2755 4849 3040 4904 nominant
3070 4842 3290 4917 Filium,
3317 4861 3374 4908 et
3402 4866 3509 4908 non

1922 4944 2252 4992 creaturam.

2589 5051 2821 5110 ALIUD.

1990 5165 2181 5225 Dicitis
2229 5165 2447 5223 Patrem
2500 5168 2663 5225 luisse
2718 5170 2854 5225 Filio
2901 5186 3122 5227 causam
3172 5174 3506 5242 assistendi;

249 5253 390 5319 φατὲ,
421 5254 561 5309 κατὰ
585 5254 706 5306 τίνα
737 5253 959 5323 τρόπον,
988 5245 1033 5305 ὧ
1053 5253 1410 5324 χριστομάχοι
1436 5270 1449 5317 ;
1482 5255 1543 5307 Εἰ
1586 5253 1684 5324 μὲν
1716 5251 1811 5307 οὖν

1944 5276 2148 5330 [uanam
2184 5276 2316 5317 vero
2350 5263 2530 5326 modo,
2576 5278 2609 5318 ο
2638 5263 2840 5319 Christi
2891 5264 3120 5321 hostes?
3148 5264 3318 5331 Nam,
3356 5268 3401 5321 si
3453 5269 3512 5321 ut

246 5342 669 5415 ὡςδημιουργόν
720 5360 841 5395 τινα
898 5342 1107 5414 ποίημα
1161 5343 1518 5410 φαντάζεσθε,
1571 5345 1667 5399 καὶ
1713 5347 1811 5415 οὑχ

1944 5354 2388 5422 :reatorem,jam
2435 5365 2743 5409 creaturam
2798 5371 2919 5412 esse
2969 5357 3363 5426 imaginamiui,
3400 5378 3504 5415 non

248 5434 382 5494 Υίὸν,
410 5436 502 5486 καὶ
534 5434 837 5506 διαρρήδην
876 5434 1111 5504 μάχεσθε
1135 5434 1210 5505 τῷ
1236 5436 1409 5506 Πατρὶ
1439 5436 1651 5503 λέγοντι
1684 5437 1810 5506 περὶ

1944 5444 2131 5508 ’Elium,
2168 5456 2224 5500 et
2254 5446 2546 5503 manifeste
2586 5447 2729 5501 Patri
2771 5449 3106 5518 repugnatis,
3144 5452 3232 5521 qui
3274 5453 3339 5507 de
3370 5454 3506 5507 it‘ilio

242 5526 328 5579 τοῦ
363 5526 488 5578 ίδὶου
520 5530 888 5598 γεννήματος
937 5548 954 5577 ι
980 5528 1072 5580 Ἐκ
1096 5528 1332 5600 γαστρὸς
1382 5530 1486 5597 πρὸ
1530 5526 1809 5601 ἑωσφόρον

1945 5551 2014 5589 ua
2037 5536 2108 5589 ita
2142 5536 2218 5590 ait
2250 5556 2263 5591 :
2298 5554 2317 5587 ι
2354 5537 2430 5590 Ex
2457 5548 2611 5590 utero
2638 5546 2764 5592 ante
2791 5537 3077 5592 luciferum
3107 5542 3269 5610 genui
3306 5551 3357 5597 te
3382 5541 3446 5598 ²⁰.
3482 5559 3500 5595 ι

242 5619 553 5688 ἑξεγένκησά
595 5637 674 5673 σε.
710 5638 728 5669 ι
767 5621 829 5671 ΕΞ
874 5619 929 5671 δὲ
964 5620 1087 5674 Υἱὸν
1127 5621 1293 5682 ὅντως
1334 5623 1679 5689 ὁμολογεῖτε,
1714 5624 1808 5676 καὶ

1944 5628 1974 5681 li
2012 5642 2138 5682 vero
2162 5624 2359 5682 Filium
2417 5642 2606 5684 revera
2639 5644 2760 5684 esse
2792 5631 3057 5697 fatemini,
3091 5640 3255 5701 atque
3288 5634 3360 5688 ita
3388 5649 3507 5689 esse

241 5712 404 5775 aii-rw;
434 5708 567 5764 εἶναι
590 5712 896 5777 πιστεύετε,
940 5713 1149 5783 ἀνάγκη
1185 5717 1325 5768 πᾶσα
1348 5715 1423 5785 μὴ
1451 5716 1807 5786 digamma-49-

1954 5720 2162 5785 rcditis,
2193 5721 2562 5775 necessarium
2596 5721 2755 5790 plane
2802 5732 2884 5778 cst
2925 5732 2982 5779 ut
3025 5724 3265 5792 Patrem.
3297 5741 3403 5784 non
3445 5734 3505 5783 ut

311 5164 483 5217 Δίτιον
520 5161 853 5233 γεγενῆσθαι
885 5159 981 5213 τοῦ
1020 5156 1156 5214 εἶναι
1206 5160 1282 5232 τῷ
1308 5158 1427 5234 Υίῷ
1468 5162 1560 5217 τὸν
1590 5162 1807 5235 Πατέρα

308 5890 348 5921 ⁸⁸
378 5889 561 5946 Hattb.
599 5906 733 5957 χιιι,
766 5890 856 5946 29.
931 5891 950 5923 ⁷
986 5890 1125 5947 l'sai.
1174 5907 1223 5947 γ.
1258 5893 1337 5947 i2.
1417 5894 1436 5925 ⁸
1472 5893 1610 5949 i‘sal.
1644 5910 1824 5963 Luxv,

1994 5898 2012 5929 ⁹
2046 5896 2198 5953 Joan.
2233 5912 2345 5965 vm,
2389 5896 2477 5955 ‘23.
2558 5900 2600 5933 “‘
2626 5900 2769 5957 Psal.
2803 5917 2910 5969 etx,
2938 5903 2994 5959 5.
