3922 6466
449 443 549 499 127

1425 445 1481 500 S.
1524 443 1792 500 CYRILLI
1834 438 2293 496 ALEXANDRINI
2332 438 2649 493 ARCHIEP.

3572 423 3674 479 128

448 528 747 615 creatorem
792 575 1006 615 causam
1051 560 1343 620 exsistendi
1398 560 1535 614 Filio
1581 561 1745 614 fuisse
1789 558 1981 613 dicatis

2107 556 2199 623 τὸν
2227 558 2397 609 αἴτιον
2433 554 2527 608 τοῦ
2558 553 2698 608 εἶναι
2735 552 2811 623 τῷ
2852 550 2965 620 Υιῷ
3011 546 3335 617 γεγενῆσθαι
3366 541 3543 610 λέγειν
3580 539 3677 592 τὸν

445 652 541 703 sed
597 660 653 704 ut
690 652 987 721 genitorem
1046 653 1382 708 naturaliter.
1432 650 1574 706 Nihil
1631 666 1758 705 vero
1801 652 2000 713 obstat,

447 740 554 794 imo
589 756 716 796 vero
760 743 1125 798 necessarium
1166 752 1271 806 est,
1320 752 1376 796 ut
1414 742 1465 795 id
1500 742 1642 812 quod
1686 740 2003 794 naturaliter

446 842 513 880 ex
553 828 734 897 aliquo
773 832 1057 900 processit,
1081 828 1255 885 simile
1289 831 1337 886 ei
1371 830 1664 885 secundum
1705 828 1999 883 essentiam

443 920 534 984 sit,
566 922 777 977 tametsi
807 922 1036 992 idipsum
1070 915 1363 976 exsistendi
1397 936 1617 977 causam
1650 918 1863 975 habeat.

1100 1029 1327 1089 ALIUD.

512 1140 569 1195 Si
610 1141 865 1211 quidquid
897 1156 963 1197 ex
1003 1156 1166 1199 causa
1206 1143 1385 1214 aliqua
1426 1145 1514 1210 ﬁt,
1556 1146 1607 1201 id
1639 1148 1860 1204 omnino
1893 1148 1998 1204 erit

439 1229 716 1285 dissimilis
749 1246 869 1286 cum
920 1234 1037 1303 ipso
1066 1235 1400 1299 substantiae,
1446 1240 1714 1305 quomodo
1757 1238 1890 1294 Abel
1924 1253 1990 1294 ex

438 1320 646 1375 Adamo
670 1332 925 1392 tanquam
952 1340 1018 1378 ex
1055 1340 1216 1379 causa
1248 1326 1481 1395 genitus,
1507 1327 1699 1383 similis
1726 1329 1774 1383 ei
1800 1344 1997 1385 secun-

439 1412 566 1464 dum
600 1411 957 1466 substantiam
994 1412 1139 1466 fuit?
1172 1414 1549 1471 Necessarium
1581 1419 1741 1488 igitur
1776 1422 1998 1477 omnino

437 1508 521 1553 est
554 1508 613 1553 ιιι
637 1502 812 1556 omnis
846 1501 899 1555 in
928 1503 1234 1559 universum
1268 1508 1578 1575 generativa
1607 1518 1820 1575 natura,
1848 1511 1999 1567 simi-

438 1589 508 1642 lia
538 1590 637 1644 sibi
682 1604 748 1645 ex
798 1607 859 1647 se
907 1593 1187 1663 producat,
1237 1599 1455 1654 tametsi
1507 1599 1559 1654 id
1610 1602 1751 1667 quod
1802 1602 1994 1674 gignit,

437 1690 600 1731 causa
632 1678 702 1732 sit
730 1678 1047 1741 naturaliter
1070 1681 1117 1736 ei
1154 1685 1295 1752 quod
1318 1699 1383 1741 ex
1418 1700 1476 1742 se
1507 1688 1763 1759 gignitur.

1032 1789 1262 1849 ALIUD.

2106 646 2345 715 Πατέρα,
2370 644 2482 698 ἀλλ’
2507 643 2581 707 ὡς
2612 644 2911 712 γεννήτορα
2946 636 3209 706 φυσικῶς.
3249 632 3461 688 Κωλύει
3501 631 3557 683 δὲ
3581 629 3678 734 0:3-

2100 737 2208 798 ὁὲν,
2248 738 2446 807 μᾶλλον
2499 734 2555 787 δὲ
2587 730 2801 802 ἀνάγκη
2856 731 3005 787 πᾶσα
3037 728 3098 781 τὸ
3143 728 3205 780 ἐκ
3236 742 3378 788 τινος
3425 728 3673 793 φυσικῶς

2102 820 2383 897 προελθὸν,
2408 826 2589 896 ὅμοιον
2610 820 2747 877 εἶναι
2774 822 2893 876 κατ’
2927 819 3112 873 οὐσίαν
3146 815 3333 881 αὐτοῦ,
3376 815 3477 869 κᾶν
3500 816 3676 866 αῐτιον

2101 916 2230 971 αὐτὸ
2265 916 2357 971 τοῦ
2384 912 2522 971 εἶναι
2552 914 2687 985 ἔχοι.

2779 1027 2987 1084 ΔΛΛΟ.

2170 1145 2232 1198 Εἰ
2254 1146 2364 1199 πᾶν
2386 1146 2521 1217 ὅπερ
2538 1144 2606 1198 ἀν
2635 1143 2697 1208 te
2718 1141 2891 1198 αἰτίου
2910 1138 3057 1203 τινος
3088 1139 3331 1237 γένηται,
3353 1134 3515 1237 τοῦτο

2098 1252 2205 1299 τως
2249 1236 2401 1290 ἔσται
2452 1235 2588 1307 πρὸς
2627 1234 2760 1291 αὐτὸ
2804 1234 2897 1287 καὶ
2926 1228 3300 1301 ἀνομοιούσιον
3347 1226 3465 1326 (1)ζ
3495 1224 3614 1326 sub;
3638 1224 3677 1326 ᾗ

2101 1327 2265 1380 ’Λσελ
2296 1327 2354 1394 ἐξ
2383 1326 2557 1381 αἰτίου
2576 1325 2854 1397 γεννηθεὶς
2882 1324 2975 1377 τοῦ
3008 1321 3197 1392 Ἀδὰμ,
3226 1322 3409 1391 ὅμοιος
3437 1313 3503 1389 ἦν
3524 1314 3679 1385 αὖτῷ

2097 1420 2217 1475 κατ’
2240 1420 2465 1485 οὐσίαν;
2494 1417 2702 1473 Οὐκοῦν
2737 1416 2949 1486 ἀνάγκη
2979 1415 3162 1468 πᾶσαν
3209 1409 3393 1472 ἁπλῶς
3424 1423 3678 1476 γεννητι-

2099 1511 2199 1583 κὴν
2225 1511 2387 1581 φύσιν
2411 1551 2426 1576 ,
2460 1511 2621 1580 ὅμοια
2650 1508 2867 1572 πάντως
2900 1508 3037 1577 αὐτῇ
3079 1505 3151 1559 τὰ
3193 1504 3252 1569 ἐξ
3303 1501 3473 1571 αὐτῆς
3502 1498 3675 1567 ἔχειν,

2098 1603 2199 1657 κᾶν
2234 1602 2295 1655 τὸ
2322 1602 2505 1655 τίκτον
2534 1599 2704 1655 αῐτιον
2804 1596 3050 1668 φυσικῶς
3079 1595 3156 1666 τῷ
3196 1593 3256 1661 ἐξ
3288 1590 3452 1647 αὐτοῦ
3491 1605 3681 1643 τικτοο

2100 1693 2265 1765 μένῳ.

2776 1798 2979 1853 AAAO.

506 1900 560 1952 Si
614 1900 814 1957 idcirco
861 1894 1029 1959 Filius
1077 1919 1183 1962 non
1233 1912 1316 1963 est
1368 1911 1664 1969 secundum
1703 1915 1986 1972 essentiam

2166 1912 2229 1966 El
2260 1911 2347 1965 διὰ
2379 1912 2535 1967 τοῦτο
2556 1913 2680 1965 κατ’
2710 1909 2897 1965 οὐσίαν
2920 1910 2949 1963 6
2970 1907 3099 1973 Υἰδς
3130 1906 3230 1961 οὐκ
3255 1906 3407 1959 ἔσται
3441 1902 3519 1975 τῷ
3555 1903 3681 1957 Παι-

432 1988 628 2044 similis
654 1990 760 2061 77
794 1988 939 2047 Patri
964 2010 1138 2066 neque
1164 1998 1654 2071 consubstantialis,
1684 2007 1808 2075 quia
1838 2003 1997 2066 Pater

436 2088 500 2127 ex
546 2076 684 2131 nulla
734 2089 896 2136 causa
929 2082 1045 2137 sive
1089 2084 1356 2157 principio
1397 2100 1498 2154 est,
1530 2088 1699 2149 Filius
1723 2110 1848 2152 vero
1888 2097 1997 2153 Pa-

438 2171 571 2219 trem
618 2169 937 2256 principium
988 2172 1173 2239 habet,
1208 2178 1335 2246 quid
1398 2180 1665 2239 obstiterit
1711 2189 1995 2256 quominus

433 2252 675 2310 dicamus
699 2255 830 2315 Cain
863 2262 1024 2317 etiam
1050 2268 1189 2334 patri
1219 2282 1318 2324 suo
1344 2252 1856 2334 consubstantialem
1887 2296 1993 2336 non

435 2342 635 2398 fuisse?
667 2345 722 2401 Si
758 2349 977 2418 quidem
1011 2353 1182 2410 Adam
1216 2372 1245 2411 a
1286 2362 1503 2417 nemine
1531 2377 1821 2434 generatus
1850 2370 1992 2426 fuit:

434 2434 641 2499 primus
668 2436 812 2491 enim
864 2440 1139 2497 hominum
1171 2445 1294 2501 fuit.
1330 2450 1460 2505 Cain
1508 2468 1635 2511 vero
1666 2456 1840 2527 ipsum
1888 2475 1991 2517 au-

433 2532 634 2576 ctorem
668 2534 723 2579 et
755 2528 1078 2600 principium
1122 2533 1328 2604 habuit,
1372 2556 1495 2595 nam
1525 2557 1592 2599 ex
1640 2546 1756 2615 ipso
1784 2554 1995 2619 genitus

431 2621 535 2664 cst.
574 2612 728 2682 Atqui
769 2617 812 2671 si
846 2618 949 2673 hoc
976 2620 1169 2678 falsum
1211 2638 1292 2683 est
1325 2612 1821 2698 (consubstantialis
1852 2643 1993 2696 enim

431 2701 637 2756 Adamo
663 2714 746 2760 est
778 2706 951 2778 Cain),
990 2714 1092 2767 erit
1119 2717 1361 2782 profecto
1397 2722 1870 2784 consubstantialis
1895 2728 1996 2786 Pa-

432 2790 496 2842 tri
538 2790 723 2858 Filius,
756 2799 967 2853 tametsi
1002 2800 1151 2857 illum
1189 2820 1407 2863 causam
1450 2813 1743 2871 exsistendi
1776 2819 1991 2885 habent,

439 2885 733 2951 procedens
765 2900 832 2940 ex
877 2888 992 2958 ipso
1040 2894 1244 2965 absque
1274 2906 1536 2971 tempore,
1592 2912 1646 2960 et
1684 2906 1752 2960 ab
1793 2916 1996 2965 aeterno

429 2984 550 3026 cum
585 2974 697 3043 ipso
720 2977 1007 3035 exsistens.

1098 3092 1325 3155 ALIUD.

852 3205 941 3265 Ea:
968 3210 1258 3280 objections
1286 3212 1555 3272 Eunomia.

500 3315 762 3370 Craterum
786 3320 1075 3387 quomodo,
1102 3322 1297 3391 inquit,
1329 3324 1621 3395 ingenitum
1650 3331 1830 3400 genito
1858 3349 1989 3389 con-

428 3403 775 3462 substantiale
810 3408 947 3463 erit?
993 3409 1213 3466 Multum
1246 3414 1386 3469 enim
1427 3416 1565 3473 inter
1612 3434 1673 3475 ca
1707 3429 1791 3478 est
1837 3424 1989 3482 αισθ-

430 3495 633 3549 rentia'.

918 3609 1125 3669 Salutio
1154 3617 1480 3687 objectionis.

494 3719 674 3777 Ardua
701 3724 918 3792 scilicet
953 3727 1185 3784 hostium
1213 3729 1413 3786 Christi
1459 3732 1693 3802 obiectio
1724 3753 1829 3793 non
1873 3740 1985 3795 etii-

424 3813 529 3866 ciet
572 3824 621 3866 ut
656 3812 823 3871 Filius
856 3833 963 3873 non
1007 3819 1079 3875 sit
1128 3821 1604 3881 consubstantialis
1648 3827 1817 3897 Patri,
1865 3834 1985 3887 ideo

422 3904 545 3970 quia
599 3904 756 3961 Pater
804 3907 1078 3978 ingenitus
1124 3920 1227 3976 est,
1264 3912 1435 3973 Filius
1478 3931 1604 3973 vero
1644 3922 1877 3988 genitus.
1926 3925 1984 3980 Si

425 3995 568 4047 enim
594 3994 808 4053 diﬂ‘erre
839 4000 893 4053 in
925 3999 1105 4069 aliquo
1133 4000 1261 4057 facit
1296 4014 1354 4059 ut
1381 4006 1588 4062 diversa
1627 4011 1698 4064 sit
1732 4012 1783 4066 in
1822 4016 1983 4071 rebus

427 4092 641 4149 natura,
670 4095 721 4141 et
746 4102 938 4158 genera
970 4106 1000 4145 a
1032 4103 1213 4147 mutua
1247 4094 1385 4151 inter
1405 4110 1463 4151 se
1488 4102 1857 4157 convenientia
1887 4120 1982 4158 na—

426 4176 688 4245 turalique
735 4178 1086 4237 similitudine
1140 4196 1385 4253 separat,
1428 4189 1762 4261 distinguant
1814 4196 1977 4248 etiam

421 4262 640 4317 Paulum
673 4280 701 4317 a
734 4264 891 4323 Petro
921 4271 1127 4326 ratione
1170 4277 1441 4344 essentia,
1502 4278 1767 4349 siquidem
1809 4286 1979 4351 parti-

421 4354 656 4407 cularem
704 4360 991 4424 quamdam
1046 4362 1242 4417 habent
1281 4379 1344 4420 ac
1394 4370 1553 4422 veluti
1600 4370 1652 4424 in
1706 4372 1982 4430 individuo

420 4442 561 4496 inter
610 4458 667 4498 se
714 4445 1267 4520 diﬂ'erentiam,]uxta
1311 4470 1471 4524 quam
1521 4458 1607 4514 hic
1638 4460 1851 4529 quidem
1899 4475 1983 4520 est

2094 2000 2183 2071 τρί
2216 1999 2549 2071 προσεοικὼς
2570 2000 2692 2053 οὐδὲ
2717 1999 3023 2070 ὁμοούσιος,
3052 1996 3349 2066 ἐπειδήπερ
3369 1994 3397 2046 6
3432 1992 3528 2064 μὶν
3550 1993 3676 2045 Πα-

2095 2093 2199 2161 τὴρ
2234 2091 2335 2145 οὐκ
2366 2092 2423 2158 ἐξ
2452 2092 2625 2145 αἰτίου
2657 2091 2802 2153 τινός
2822 2090 2989 2153 ἐστιν,
3019 2090 3046 2142 6
3071 2088 3130 2140 δὲ
3156 2084 3475 2185 Υἱὸς-αἴτιον
3506 2083 3676 2185 αὑτὸν

2097 2182 2229 2252 ἔχει,
2255 2183 2308 2234 τί
2335 2181 2566 2234 κωλύσει
2590 2182 2766 2248 λέγειν
2795 2182 2877 2233 ὅτι
2908 2180 3001 2232 καὶ
3024 2178 3052 2229 6
3081 2177 3221 2231 Κάἲν
3244 2176 3344 2228 οὐκ
3382 2174 3447 2227 ἂν
3477 2174 3560 2243 εἴη
3590 2174 3675 2243 τῷ

2096 2267 2264 2340 πατρὶ
2300 2269 2611 2340 ὀμοούσιος;
2668 2269 2996 2340 Ἐπειδήπερ
3039 2269 3068 2321 6
3099 2264 3406 2337 μὲνοἋδὰμ
3434 2264 3524 2315 ὑπ’
3571 2264 3674 2315 οὐ-

2093 2362 2240 2424 δενὸς
2265 2361 2547 2432 ἐγεννήθη·
2576 2362 2789 2431 πρῶτος
2812 2360 2921 2431 γὰρ
2945 2355 3013 2431 ἦν
3030 2357 3335 2428 ἄνθρωπος.
3369 2354 3427 2409 Ὀ
3443 2354 3499 2408 δὲ
3519 2354 3668 2407 Κάἴν

2094 2453 2267 2506 αἴτιον
2295 2452 2454 2523 ἔσχεν
2482 2453 2663 2506 αὐτόν’
2691 2450 2749 2516 ἐξ
2778 2450 2940 2504 αὐτοῦ
2967 2449 3076 2519 γὰρ
3096 2446 3339 2517 γέγονεν.
3363 2448 3428 2501 Εἰ
3460 2444 3516 2498 δὲ
3536 2445 3674 2515 ψεύ-

2098 2560 2247 2598 σεται
2279 2541 2495 2606 πάντως
2522 2546 2549 2596 6
2570 2542 2726 2595 τοῦτο
2747 2542 2919 2609 λέγων
2941 2539 3248 2611 (ὁμοούσιος
3272 2537 3379 2608 γὰρ
3401 2536 3673 2607 τῷἈδὰμ

2095 2633 2123 2687 6
2149 2634 2330 2702 Κάῖν),
2358 2633 2508 2685 ἔσται
2551 2632 2628 2702 τῷ
2670 2632 2843 2702 Πατρὶ
2894 2632 3109 2694 πάντως
3142 2628 3422 2700 ὁμοοὺσιος
3459 2627 3488 2677 6
3520 2626 3670 2689 Υἱὸς,

2096 2724 2199 2777 κᾶν
2225 2725 2394 2775 αἴτιον
2423 2722 2585 2774 αὐτὸν
2610 2721 2705 2791 ἔχῃ
2746 2720 2838 2774 τοῦ
2886 2716 3045 2784 εἶναι,
3082 2720 3142 2785 ἐξ
3190 2718 3353 2773 αὑτοῦ
3384 2716 3673 2788 προελθὼν

2094 2815 2359 2886 ἀχρόνως,
2390 2813 2487 2867 καὶ
2509 2812 2694 2875 ἀῖδίως
2713 2812 2787 2864 ὣν
2821 2812 2919 2865 σὺν
2951 2809 3120 2881 αὐτῷ.

2774 3108 2976 3165 ΑΛΛΟ.

2346 3221 2444 3292 Ὠς
2468 3223 2537 3288 ἐξ
2566 3220 2921 3288 ἀντιθέσεως
2947 3219 3066 3273 τῶν
3090 3220 3409 3291 Εὐνομίαν.

2160 3338 2267 3391 Καὶ
2305 3337 2421 3397 πῶς
2450 3337 2621 3399 ἔσται,
2660 3336 2829 3404 emat"
2864 3334 2923 3387 τὸ
2960 3333 3252 3402 ἀγέννητον
3292 3334 3370 3403 τῷ
3419 3331 3668 3403 γεννητῷ

2089 3430 2409 3501 ὀμοούσιον;
2439 3428 2614 3497 Πολλὴ
2650 3427 2759 3496 γὰρ
2780 3427 2836 3478 ὲν
2858 3426 3043 3488 αὐτὸῖς
3073 3426 3106 3495 ἡ
3142 3425 3390 3495 διαφορά.

2566 3620 2724 3694 Πρὸς
2760 3624 2935 3679 τοῦτο
2963 3623 3165 3689 λύσις.

2156 3743 2269 3795 Οὐκ
2291 3737 2581 3809 ἀνατρέψει
2608 3735 2667 3789 τὸ
2690 3734 2849 3804 σοφὸν
2877 3734 2984 3787 τῶν
3006 3734 3386 3806 χριπομάχων
3423 3735 3670 3808 πρόϐλη-

2090 3852 2166 3904 μα
2196 3833 2257 3885 τὸ
2278 3827 2418 3884 εἶναι
2456 3830 2546 3882 τὸν
2570 3829 2698 3881 Υἰὸν
2728 3828 3011 3897 ὁμοούσιον
3031 3826 3108 3895 τῷ
3136 3827 3333 3897 Πατρί,
3363 3829 3666 3898 ἐπειδήπερ

2085 3925 2114 3976 6
2149 3923 2246 3993 μὲν
2280 3920 2465 3991 Πατὴρ
2490 3916 2784 3988 ἁγέννητός
2823 3916 2990 3977 ἐστιν,
3027 3912 3153 3979 Υἱὸς
3194 3916 3250 3969 δὲ
3280 3916 3553 3985 γεννητός.
3600 3919 3666 3970 Εἰ

2085 4014 2193 4083 γὰρ
2218 3998 2278 4066 τδ
2301 4013 2442 4066 κατά
2474 4029 2525 4064 τι
2560 4010 2875 4081 διαφέρειν,
2926 4008 3141 4069 πάντως
3179 4007 3273 4060 καὶ
3310 4003 3563 4079 διάφορον
3605 4012 3666 4064 ἔν

2083 4104 2192 4165 τοῖς
2216 4096 2334 4153 οὖσι
2359 4100 2457 4171 τὴν
2474 4099 2635 4169 φύσιν
2658 4096 3051 4167 ἀπεργάζεται,
3067 4096 3159 4149 καὶ
3181 4096 3279 4167 τῆς
3304 4096 3440 4166 πρὸς
3456 4096 3668 4168 ἄλληλα

2084 4189 2365 4253 κοινωνίας
2385 4208 2446 4243 τε
2492 4191 2587 4243 καὶ
2622 4188 2856 4258 φυσικῆς
2906 4186 3224 4257 ὁμοιότητος
3253 4189 3551 4259 ἀποτέμνει
3593 4190 3666 4245 τὰ

2082 4280 2234 4351 γένη⁸
2257 4282 2659 4353 διοριζέτωσαν,
2692 4281 2826 4350 φέρε
2849 4281 3042 4343 εἰπεῖν,
3071 4279 3279 4333 καὶτὸν
3309 4280 3519 4335 Παῦλον
3548 4282 3665 4335 ἀπὸ

2083 4371 2174 4424 τοῦ
2190 4372 2393 4441 Πέτρου
2415 4371 2554 4424 κατά
2583 4370 2671 4423 τὸν
2686 4372 2784 4440 τῆς
2809 4371 2993 4433 οὐσίας
3016 4370 3194 4438 λόγον,
3216 4371 3509 4441 ἐπειδήπερ
3536 4374 3666 4427 τινὰ

2086 4463 2315 4533 μερικὴν
2327 4462 2505 4531 ἔχουσι
2524 4463 2616 4515 καὶ
2634 4462 2709 4526 ὡς
2726 4463 2782 4514 ἐν
2805 4463 2990 4532 ἀτόμῳ
3008 4461 3140 4531 πρὸς
3158 4462 3419 4531 ἀλλήλους
3444 4463 3539 4533 τὴν
3550 4464 3664 4518 δια-

421 4529 629 4596 Petrus,
662 4532 749 4588 hic
796 4549 923 4590 vero
950 4537 1168 4595 Paulus.
1220 4540 1470 4599 Videmus
1516 4558 1691 4602 autem
1741 4564 1979 4619 samem:-

2095 4529 2281 4621 ροράνξ
2305 4529 2425 4606 καθ’
2450 4554 2514 4622 ἣν
2539 4553 2567 4604 6
2594 4553 2690 4622 μὲν
2718 4552 2830 4604 ἔστι
2863 4529 3086 4621 Πέτρος,
3106 4554 3133 4605 6
3153 4552 3208 4605 δὲ
3243 4529 3470 4617 Παῦλος.
3494 4529 3663 4623 Ὄρῶ·

421 4635 569 4676 mero
608 4626 770 4679 etiam
814 4641 875 4681 ea
915 4642 1035 4698 qua:
1083 4629 1191 4687 alio
1243 4635 1399 4689 modo
1426 4651 1453 4688 a
1511 4648 1691 4691 mutua
1735 4640 1875 4694 inter
1920 4657 1978 4698 se

419 4711 768 4769 similitudine
824 4718 1052 4774 Inuitum
1107 4723 1404 4788 dissident,
1457 4729 1708 4783 essentia:
1767 4733 1977 4787 ratione

416 4806 723 4860 convenire.
749 4806 881 4860 Nam
908 4809 1069 4866 homo
1103 4813 1250 4881 niger
1278 4818 1501 4871 multum
1531 4819 1707 4876 diﬂ‘ert
1734 4823 1801 4875 ab
1831 4824 1973 4888 albo,

417 4895 511 4949 sed
552 4896 663 4949 haec
697 4894 996 4953 differentia
1053 4916 1238 4956 eorum
1285 4907 1638 4963 substantiam
1689 4927 1792 4964 non
1849 4914 1979 4967 facit

417 4985 705 5039 diversam.
738 4986 796 5042 Si
843 5004 972 5057 ergo
1018 4992 1180 5045 etiam
1225 4993 1276 5047 in
1322 4997 1473 5049 nobis
1519 4999 1648 5065 ipsis
1678 5001 1974 5057 diil‘erentia

418 5076 705 5130 secundum
757 5078 957 5147 aliquid
1014 5097 1117 5137 non
1172 5084 1421 5138 immutat
1465 5102 1583 5144 esse
1629 5091 1801 5159 ipsum
1847 5094 1976 5148 sub-

418 5166 648 5229 stantia,
680 5182 743 5221 ex
774 5184 880 5237 qua
922 5180 1172 5226 constant
1217 5173 1286 5225 illi
1318 5176 1409 5242 qui
1459 5192 1487 5230 a
1523 5180 1675 5235 nobis
1698 5181 1972 5252 diﬂ‘erunt,

417 5257 543 5325 quid
570 5259 745 5312 obstat
775 5261 1063 5327 quominus
1114 5262 1274 5317 etiam
1312 5265 1482 5321 Filius
1516 5269 1587 5322 sit
1614 5274 1972 5330 consubstan—

419 5346 562 5398 tiaiis
602 5346 768 5414 Patri,
817 5350 1026 5405 etiamsi
1062 5352 1111 5404 in
1158 5367 1220 5407 eo
1267 5355 1406 5411 inter
1452 5373 1510 5413 se
1553 5358 1799 5415 diii'crant
1835 5368 1974 5434 quod

421 5434 579 5489 Pater
608 5439 676 5491 sit
706 5440 989 5509 ingenitus,
1015 5442 1182 5499 Filius
1202 5458 1377 5502 autem
1408 5453 1660 5520 genitus?
1693 5454 1811 5509 Una
1834 5460 1973 5512 enim

421 5529 471 5579 in
514 5529 643 5595 ipsis
679 5541 759 5585 cst
786 5533 974 5601 dcitas,
1005 5551 1066 5589 cx
1100 5536 1257 5594 Patre
1292 5540 1530 5609 ingenito
1574 5546 1892 5604 naturaliter
1924 5551 1973 5602 in

420 5617 611 5672 Filium
645 5624 951 5688 procedens.

2088 4659 2183 4712 μεν
2204 4643 2261 4695 δὲ
2298 4644 2378 4695 ὅτι
2407 4642 2667 4706 πολλάκις
2690 4643 2782 4694 καὶ
2814 4641 2881 4694 τὰ
2924 4641 3045 4694 καθ’
3093 4642 3276 4712 ἔτερόν
3303 4656 3424 4696 τινα
3457 4642 3664 4715 τρόπον

2082 4733 2179 4801 τῆς
2216 4732 2463 4801 ἀλλήλων
2509 4731 2822 4801 ὁμοιότητος
2865 4730 2998 4783 πολὺ
3023 4730 3345 4801 διεστηκότα
3366 4774 3378 4794 ,
3412 4738 3665 4787 κοινωνεῖ

2084 4822 2223 4875 κατά
2252 4823 2341 4875 τὸν
2372 4824 2468 4891 τῆς
2488 4823 2673 4885 οἰισίας
2704 4820 2879 4890 λόγον.
2925 4823 2981 4875 Ὀ
3011 4824 3109 4892 μὲν
3136 4824 3242 4893 γὰρ
3264 4824 3426 4893 μέλας
3456 4825 3664 4893 ἄνθρω-

2082 4927 2180 4973 πος
2213 4911 2373 4981 τυχὸν
2410 4912 2483 4975 ὼς
2523 4912 2656 4982 πρὸς
2696 4913 2784 4964 τὸν
2810 4912 2999 4966 λευκὸν
3032 4912 3230 4983 πολλὴν
3262 4915 3373 4983 ἔχει
3413 4917 3508 4984 τὴν
3541 4917 3661 4970 8t:-

2085 5002 2278 5071 φορὰν,
2310 5001 2423 5055 ἀλλ’
2454 5003 2513 5053 οὐ
2541 5003 2694 5054 τοῦτο
2724 5002 2822 5072 τὴν
2850 5004 3039 5058 οὐσίαν
3068 5006 3249 5067 αὐτοῖς
3270 5006 3564 5075 διατέμνει.
3595 5010 3657 5061 Εἰ

2083 5094 2257 5147 τοίνυν
2277 5094 2368 5145 καὶ
2400 5094 2481 5161 ἐφ’
2504 5094 2661 5163 ἡμῶν
2683 5095 2860 5148 αὐτῶν
2884 5098 2915 5166 ὴ
2940 5097 3078 5150 κατά
3099 5114 3149 5149 τι
3176 5098 3404 5168 διαφορά
3430 5101 3488 5153 τὸ
3516 5096 3657 5156 εἶναι

2080 5185 2175 5254 τῆς
2207 5185 2376 5252 αὐτῆς
2401 5185 2583 5246 οὐσίας
2605 5186 2703 5237 οὐκ
2738 5186 3053 5257 ἀνατρέπει,
3082 5183 3149 5258 ἧς
3174 5188 3246 5241 ἂν
3272 5186 3378 5241 εἷεν
3413 5192 3655 5246 κάκεῖνοι

2080 5275 2214 5344 πρὸς
2246 5274 2336 5335 οὓς
2361 5274 2425 5327 ἂν
2454 5274 2887 5344 διακρινοίμεθα·
2938 5277 2990 5329 τί
3040 5279 3236 5331 κωλύει
3283 5282 3375 5333 καὶ
3408 5284 3497 5333 τὸν
3526 5284 3654 5335 Υἰὸν

2078 5347 2360 5433 ὁμοοῦσιον
2395 5360 2533 5417 εἶναι
2586 5364 2661 5435 τῷ
2702 5368 2894 5438 Πατρὶ,
2932 5370 3071 5421 κατὰ
3118 5370 3273 5423 τοῦτο
3327 5372 3652 5441 διαφέροντα

2078 5458 2198 5511 καο’
2232 5458 2260 5509 ὅ
2294 5458 2391 5525 μὲν
2424 5458 2610 5526 Πατὴρ
2636 5460 2931 5529 ἀγέννητὸς
2963 5462 3129 5525 ἐστιν,
3167 5465 3192 5513 6
3224 5462 3278 5515 δὲ
3308 5464 3430 5525 Υἱὸς
3457 5482 3650 5535 γεννη-

2078 5548 2199 5611 τός;
2234 5547 2345 5601 Μία
2371 5547 2475 5615 γὰρ
2511 5550 2567 5597 ἐν
2604 5548 2786 5611 αὐτοῖς
2825 5551 3093 5619 ὴθεότης,
3135 5554 3195 5602 ἐκ
3236 5553 3445 5622 Πατρὶς
3488 5556 3651 5622 ἀγεν-

2080 5641 2237 5707 νήτου
2271 5638 2531 5707 τρέχοντα
2565 5640 2804 5707 φυσικῶς
2829 5643 2918 5694 ἐ,πί
2944 5644 3002 5694 τὸ
3031 5643 3289 5713 γέννημα.

490 5797 563 5867 (1)
603 5797 717 5855 ΕιΙ..
749 5798 1112 5867 ἀνομοούσιον.
1155 5801 1281 5860 Vide
1322 5806 1641 5863 Cutulcrium
1677 5813 1725 5867 in
1769 5824 1878 5867 not.
1907 5815 1969 5869 ad

2095 5830 2249 5866 tuum.
2285 5813 2421 5866 Ift'ri.
2459 5815 2574 5883 (in,
2613 5835 2659 5886 p.
2692 5818 2813 5872 5M.
2850 5819 3004 5873 litin.
