3922 6468
210 461 307 517 ιὲθ

927 572 1122 626 ΑΛΔΟ.

463 685 813 751 Ἀντίθεσις
856 687 937 749 ὡς
973 687 1040 738 ἐκ
1080 652 1195 737 τῶν
1244 683 1565 750 Εὐνομίου.

279 803 391 855 Οὐκ
424 801 494 853 ἂν
544 801 639 869 εἴη
675 799 906 861 τέλειος,
955 798 1105 867 φησὶ,
1142 798 1217 869 μὴ
1274 798 1491 858 πάντως
1531 793 1639 846 ἀπὸ
1675 807 1819 853 τινος

216 894 485 963 ἐκτρέχων
514 891 729 961 ἀρχῆς.
765 892 829 943 El.
859 890 1036 942 τοίνυν
1061 890 1405 941 κατέπαυσεν
1431 888 1458 938 ὁ
1481 883 1672 955 Πατὴρ
1699 898 1821 951 γεν-

218 986 314 1039 νῶν
334 985 425 1037 τὸν
456 984 621 1046 Υίὺν,
653 983 715 1034 τὸ
762 983 819 1034 δε
855 979 1206 1034 καταπαῦσαι
1244 979 1395 1041 τέλος
1437 978 1616 1041 ἐστὶν,
1648 975 1821 1047 ἀρχὴν

220 1078 315 1146 ἀρα
346 1074 593 1145 ἔχειτοῦ
646 1070 813 1126 εἶναι.
870 1071 995 1135 Πῶς
1045 1066 1136 1125 οὖν
1170 1072 1199 1123 ὁ
1260 1068 1493 1132 τοιοῦτος
1536 1066 1821 1138 ὁμοούσιος

222 1170 359 1222 ἔσται
390 1167 471 1237 τῷ
500 1168 573 1220 ὲκ
609 1165 892 1237 μηδεμιᾶς
923 1164 1096 1235 ἀρχῆς
1128 1162 1242 1218 ὄντι
1266 1160 1471 1235 Πατρίς

731 1339 887 1408 Πρὸς
914 1340 1089 1393 τοῦτο
1122 1338 1324 1403 λύσις.

288 1457 344 1508 FZ!
373 1455 741 1508 κατέπαυσεν
770 1452 801 1503 ὁ
824 1449 1033 1521 Πατὴρ,
1072 1448 1195 1502 καθ’
1242 1448 1409 1517 ὑμᾶς,
1433 1440 1478 1500 ὧ
1518 1444 1821 1516 χριστομά-

221 1564 313 1617 χοι,
344 1546 559 1617 γεννῶν
618 1544 714 1595 τὸν
749 1542 899 1606 Υἱὸν,
948 1543 1045 1593 καὶ
1096 1540 1203 1594 ἀπό
1243 1556 1387 1602 τινος
1412 1538 1588 1608 ἀρχῆς
1619 1536 1823 1607 ἡρξατο

224 1638 389 1703 (τοῦτο
408 1639 522 1709 γὰρ
557 1634 726 1707 ὑμῶν
760 1636 795 1704 ἡ
829 1632 1098 1703 πρότασις
1124 1629 1282 1702 ἔχει),
1309 1630 1676 1700 προσγέγονεν
1716 1628 1824 1698 ἄρα

220 1728 293 1797 τῷ
322 1728 526 1799 Πατρί.
582 1725 663 1780 Τὸ
714 1724 768 1776 δὲ
800 1723 1171 1796 προσγεγονὸς
1220 1722 1313 1775 καὶ
1342 1719 1518 1791 ἀρχὴν
1567 1719 1688 1789 ἔχον
1727 1717 1822 1771 τοῦ

223 1814 372 1879 εἶναι,
410 1820 743 1890 πρόσφατον
766 1818 833 1872 ἂν
859 1814 944 1884 εἴη
974 1814 1189 1877 πάντως
1217 1814 1310 1866 καὶ
1340 1811 1676 1880 ἀναγκαίως.
1698 1809 1823 1873 Πῶς

1652 444 2098 503 THESAURUS.

3412 429 3511 482 130

2602 549 2829 603 ALIUD.

2360 666 2442 719 Ex
2484 664 2775 733 objectione
2802 648 3089 714 Eunomii.
3196 700 3198 703 .

1994 784 2297 846 Perfectus,
2330 780 2522 852 inquit,
2568 792 2690 831 esse
2732 792 2836 830 non
2885 783 3083 844 potest,
3136 775 3237 831 nisi
3272 775 3361 843 qui
3394 790 3512 829 om-

1927 878 2053 932 nino
2087 877 2155 931 ab
2182 875 2363 941 aliquo
2396 865 2663 939 principio
2697 868 3046 937 processerit.
3077 867 3322 937 Si‘igitur
3351 864 3516 921 Pater

1926 970 2084 1027 desiit
2115 982 2380 1040 generare
2409 965 2628 1027 Filium,
2658 964 2787 1021 illud
2819 972 3000 1016 autem
3043 961 3309 1022 desinere,
3350 961 3511 1014 linem

1925 1062 2219 1134 signilicat,
2263 1059 2589 1131 principium
2621 1058 2804 1124 itaque
2846 1052 3143 1108 exsistendi
3184 1051 3362 1104 habet.
3396 1050 3514 1116 Quo

1924 1167 2084 1226 pacto
2116 1155 2278 1225 igitur
2312 1154 2358 1207 is
2388 1147 2891 1210 consubstantialis
2920 1146 3025 1201 erit
3062 1144 3235 1208 Patri,
3271 1140 3361 1213 qui
3390 1142 3509 1198 nul-

1926 1248 2037 1305 lum
2066 1246 2393 1318 principium
2426 1242 2635 1301 habet?

2426 1333 2637 1388 Salutio
2687 1332 2747 1385 ob
2746 1330 3013 1401 factionis.

1996 1450 2054 1504 Si
2088 1447 2248 1503 desiit
2286 1446 2368 1502 vel
2398 1443 2635 1500 cessavit
2685 1441 2848 1495 Pater
2887 1453 3075 1493 creare
3114 1436 3333 1499 Filium,
3359 1436 3515 1504 juxta

1924 1549 2161 1597 vestram
2209 1539 2543 1608 opinionem,
2604 1536 2788 1589 hostes
2832 1530 3057 1595 Christi,
3113 1536 3169 1583 et
3219 1526 3287 1581 ab
3334 1526 3515 1595 aliquo

1927 1631 2198 1704 principio
2230 1631 2394 1699 capit
2426 1627 2537 1698 78
2564 1627 2661 1694 (ita
2701 1625 2847 1679 enim
2866 1634 3055 1679 vestra
3088 1620 3386 1690 propositio
3427 1620 3516 1674 ha-

1927 1723 2061 1793 bet),
2109 1737 2239 1791 ergo
2273 1718 2603 1773 adventitius
2640 1725 2722 1770 est
2752 1714 2921 1768 Patri.
2962 1713 3018 1767 Id
3068 1727 3196 1766 vero
3228 1711 3371 1780 quod
3416 1711 3515 1764 ad-

1926 1815 2215 1870 ventitium
2249 1813 2366 1868 sive
2424 1809 2718 1866 ascititium
2757 1818 2862 1871 est,
2893 1816 2947 1861 et
2983 1804 3309 1876 principium
3352 1803 3517 1857 habet

224 1909 282 1981 δὴ
309 1907 399 1963 οὖν
427 1913 544 1981 ἄρα
568 1910 773 1980 θήσετε
791 1906 883 1959 τὸν
908 1906 1034 1960 Υίδν
1056 1905 1189 1959 Θεὸν
1212 1902 1353 1959 εῖναι
1379 1904 1530 1976 παρὰ
1555 1905 1654 1975 τῆς
1674 1903 1827 1967 θείας

1952 1906 2283 1969 :xsistentlae,
2313 1916 2506 1959 recens
2531 1900 2754 1956 omnino
2786 1900 2855 1954 sit
2885 1912 3109 1953 necesse
3134 1905 3236 1951 cst.
3266 1894 3387 1962 Quo
3423 1908 3518 1963 pa-

224 2001 437 2072 Γραφῆς
467 2001 534 2053 οὐ
567 1995 1053 2069 συγχωρούμενον,
1091 1997 1157 2051 ἂν
1184 1996 1357 2061 οὕτως
1396 1996 1496 2069 ἔχῃ
1516 2038 1528 2061 ,
1567 1995 1824 2066 καθάπερ

225 2091 374 2162 ὑμεῖς
420 2109 601 2161 φατε;
648 2110 669 2143 ι
708 2092 823 2146 Οὐκ
868 2090 1021 2143 ἔσται
1069 2088 1178 2160 γάρ
1228 2089 1286 2140 ὲν
1338 2087 1422 2140 001.
1459 2087 1613 2151 Θεὸς,
1666 2089 1820 2156 φησι,

228 2182 563 2252 πρόσφατος.
596 2202 616 2235 ι
654 2182 797 2236 Ἀλλ’
817 2180 959 2237 οῐδεν
983 2181 1147 2235 αὑτὸν
1170 2182 1202 2251 ἡ
1229 2179 1349 2232 θεία
1372 2179 1564 2249 Γραφὴ
1582 2179 1676 2231 καὶ
1694 2177 1824 2231 Υίὸν

229 2273 347 2327 ὅντα
380 2275 475 2327 καὶ
504 2274 671 2330 Θεὸν.
711 2275 826 2328 Οὐκ
855 2275 964 2346 ἀρα
997 2272 1336 2344 πρόσφατος,
1369 2271 1491 2324 οὐδὲ
1520 2270 1824 2341 ἀρξάμενος

229 2362 315 2416 τοῦ
343 2366 673 2432 γεννᾶσθαι,
708 2364 830 2417 καθ’
863 2365 1036 2434 ὑμᾶς·
1071 2362 1207 2416 ἀλλά
1248 2361 1507 2432 γεννητὸς
1536 2362 1657 2431 μὲν,
1702 2378 1825 2414 συν-

231 2455 388 2518 ἀΐδιος
417 2457 474 2509 δὲ
501 2458 660 2525 ὅμως
680 2456 757 2519 ὼς
782 2456 907 2519 Υἱὸς
933 2456 1007 2507 ὢν
1034 2455 1090 2507 ὲν
1108 2453 1185 2524 τῷ
1209 2453 1403 2523 Πατρί.
1427 2453 1491 2505 Ei
1518 2452 1573 2505 δὲ
1599 2452 1657 2504 τὸ
1684 2446 1827 2505 εἶναι

233 2546 545 2616 πρόσφατον
580 2549 643 2600 οὐ
673 2548 1022 2618 συγχωρήσει
1053 2546 1154 2616 τῆς
1176 2546 1345 2614 αὐτῆς
1367 2545 1556 2607 οὐσίας
1585 2540 1829 2616 εἶναιτῷ

235 2635 404 2706 lla-.91
435 2637 533 2690 τὸν
564 2636 720 2701 Υίὸν,
748 2637 810 2689 τὸ
840 2638 916 2708 μὴ
957 2632 1095 2689 εἶναι
1143 2635 1460 2705 πρόσφατον
1488 2676 1504 2703 ,
1539 2635 1827 2704 ὁμοούσιον

234 2724 528 2792 ἀποδείξει.

936 2966 1141 3021 ΔΛΛΟ.

303 3078 369 3131 Εἰ
392 3077 545 3147 μόνῳ
563 3076 684 3147 Θεῷ
706 3075 785 3148 τῷ
809 3037 1132 3177 ξιτῖςὲὖσιν
1151 3076 1219 3157 τὸ
1232 3078 1658 3154 προσκυνεῖσθαι
1681 3079 1835 3151 παρά

244 3186 297 3222 τι
324 3169 485 3239 ἡμῶν
510 3170 611 3223 καὶ
631 3148 895 3238 ἀγγέλὲξό<

1928 2010 2016 2054 ειο
2049 1999 2214 2067 igitur
2254 1995 2509 2051 statuetis
2543 2007 2759 2047 sacram
2792 1991 3134 2060 Scripturam
3172 2002 3276 2041 non
3323 1998 3518 2040 conce-

1928 2094 2057 2147 dere
2089 2089 2291 2143 Filium
2328 2088 2498 2141 Deum
2528 2099 2672 2148 esse,
2704 2083 2748 2138 si
2791 2082 2864 2136 ita
2895 2096 2953 2136 se
2996 2095 3081 2134 res
3116 2080 3298 2141 habet,
3332 2086 3390 2131 ut
3421 2089 3520 2130 vos

1927 2183 2156 2240 dicitis?
2186 2201 2203 2234 ι
2235 2179 2353 2236 Non
2378 2179 2521 2234 enim
2544 2173 2892 2245 erit,inquit,
2919 2172 2971 2226 in
2995 2180 3046 2225 te
3075 2170 3215 2224 Deus
3245 2181 3452 2222 recens.
3493 2183 3514 2217 ι

1930 2275 2097 2345 Atqui
2140 2287 2295 2329 sacra
2324 2270 2613 2339 Scriptura
2642 2265 2793 2320 illum
2840 2274 2894 2319 et
2932 2261 3128 2317 Filium
3168 2258 3519 2329 εςηοεςίικει

1932 2369 2125 2422 Dcum.
2168 2364 2286 2419 Non
2326 2363 2491 2432 igitur
2522 2374 2715 2415 recens
2744 2368 2848 2419 est,
2882 2368 3057 2424 neque
3085 2352 3310 2421 int-capit
3351 2365 3518 2421 gent-.-

1932 2459 2064 2522 rari,
2099 2466 2158 2514 ut
2200 2470 2297 2510 vos
2350 2451 2670 2524 opinamini,
2726 2449 2820 2503 sed
2869 2448 3087 2517 genitus
3134 2442 3376 2513 quidem,
3425 2455 3520 2515 cor-

1932 2561 2171 2605 azternus
2202 2545 2579 2608 nihilominus,
2631 2552 2689 2596 ut
2721 2541 2892 2595 Filius
2934 2539 3207 2593 exsistens
3238 2535 3289 2589 itt
3338 2533 3516 2587 Patre.

1933 2642 2086 2695 Sicut
2118 2638 2303 2707 igitur,
2338 2636 2382 2692 si
2421 2648 2612 2689 recens
2648 2642 2815 2697 esset,
2848 2631 3087 2696 ejusdem
3118 2626 3373 2682 essentia:
3401 2640 3525 2679 esse

1933 2749 2055 2790 cum
2089 2731 2248 2785 Patre
2282 2727 2451 2785 Filius
2499 2739 2841 2795 nequaquam
2878 2730 3083 2792 posset,
3146 2720 3219 2773 ita
3258 2719 3422 2773 etiam
3456 2731 3524 2771 eo

1935 2826 2050 2899 ipso
2080 2823 2225 2894 quod
2261 2834 2451 2877 recens
2476 2833 2583 2875 non
2615 2826 2722 2881 est,
2752 2810 3233 2876 consubstantialis
3270 2823 3392 2866 esse
3428 2809 3525 2865 de.

1935 2918 2195 2975 claralur.

2615 2978 2846 3036 ALlUD.

2009 3098 2071 3155 Si
2106 3096 2206 3153 soli
2238 3095 2353 3154 Deo
2393 3093 2691 3150 secundum
2729 3099 2977 3145 naturam
3012 3088 3261 3149 adoratio
3296 3100 3326 3141 a
3371 3084 3527 3141 nobis

912 3148 1412 3242 ἔῷἓίλεταιξὲτέρῳ
1440 3169 1498 3224 δὲ
1524 3148 1723 3237 οὐδενὶ,
1743 3148 1835 3225 καὶ

1952 3198 1994 3244 at
2026 3187 2233 3257 angelis
2259 3184 2506 3246 debetur,
2540 3192 2595 3237 ει
2625 3181 2754 3235 nulli
2791 3178 2972 3247 alteri,
3005 3188 3058 3232 et
3096 3178 3162 3231 de
3198 3176 3355 3232 nobis
3392 3178 3531 3230 scri-

246 3261 325 3330 ὶφ⁹
360 3261 526 3332 ἡμῶν
559 3262 659 3332 μὲν
696 3260 964 3314 τέθειται·
993 3281 1010 3312 ι
1036 3260 1240 3332 Κύριον
1265 3262 1357 3315 τὸν
1386 3262 1520 3316 Θεόν
1547 3279 1642 3315 σου
1662 3279 1833 3333 προσ-

1952 3286 2092 3346 ptum
2137 3284 2222 3329 est
2258 3292 2270 3325 :
2304 3293 2321 3325 ι
2363 3272 2649 3327 Dominum
2701 3269 2870 3323 Deum
2917 3280 3064 3323 tuum
3111 3268 3364 3323 adorabis
3389 3268 3523 3331 ",0

247 3355 527 3423 κυνήσεις,
564 3372 584 3404 ι
614 3352 871 3421 ἀγγέλοις
904 3352 961 3406 δὲ
997 3353 1059 3407 τὸ
1090 3352 1316 3422 Πνεῦμα
1348 3354 1560 3408 κελεύει
1591 3373 1835 3427 προσκυ-

249 3447 353 3497 νεῖν
379 3446 475 3498 τὸν
495 3445 653 3507 Υίὸν,
679 3443 823 3498 κατά
848 3444 928 3509 τὸ,
963 3464 980 3496 ι
1006 3444 1176 3498 Ὀταν
1202 3445 1260 3498 δὲ
1288 3446 1561 3517 εἰσαγάγῃ
1578 3446 1668 3500 τὸν
1685 3463 1835 3518 πρωσ

250 3536 465 3589 τότοκον
507 3537 590 3597 είς
619 3534 718 3605 τὴν
747 3532 1092 3606 οἰκουμένην,
1136 3534 1319 3603 λέγει·
1366 3536 1478 3593 Καὶ
1522 3550 1837 3607 προσκυνη-

252 3626 502 3693 σάτωσαν
524 3624 678 3695 αὐτῷ
706 3624 906 3688 πάντες
935 3624 1156 3694 ἄγγελοι
1178 3625 1334 3692 Θεοῦ,
1371 3646 1392 3678 ι
1414 3626 1546 3689 Θεὸς
1565 3627 1672 3697 ἄρα
1692 3627 1839 3681 ἐστὶν

254 3720 279 3770 ὁ
303 3716 787 3789 προσκυνούμενος
820 3717 968 3780 Υἱός.
1007 3717 1132 3781 Πῶς
1163 3712 1256 3775 οὖν
1308 3717 1461 3776 ἔσται
1500 3719 1599 3788 μία
1627 3718 1837 3789 Θεότης,

254 3811 299 3863 εί
325 3811 427 3863 οὐκ
457 3809 599 3872 ἔστι,
631 3807 754 3861 καθ’
780 3809 945 3879 ὑμᾶς,
978 3808 1259 3879 ὁμοούσιος
1288 3809 1365 3880 τῷ
1392 3809 1604 3881 Πατρί;
1639 3811 1699 3863 Et
1733 3810 1842 3882 γὰρ

257 3901 367 3971 εχει
382 3901 510 3955 τινὰ
530 3900 813 3953 διάστασιν
839 3900 959 3970 ἦτοι
981 3900 1244 3972 διαφορὰν
1267 3900 1408 3955 κατά
1426 3901 1517 3956 τὸν
1534 3901 1842 3967 τῆςοὺσίας

259 3992 437 4061 λόγον,
472 3994 715 4063 ἑτεροῖος
748 3992 845 4061 μὲν
886 3992 953 4045 ἂν
981 3992 1065 4062 εἴη
1097 3991 1229 4055 Θεὸς
1260 3994 1288 4049 ὁ
1318 3992 1480 4059 Υίὺς,
1516 3994 1754 4064 ἑτεροῖος
1785 3993 1843 4046 δὲ

260 4084 287 4139 6
315 4085 530 4154 Πατὴρ.
560 4083 657 4135 καὶ
686 4082 777 4136 δύο
823 4082 966 4136 κατά
1001 4082 1160 4140 τοῦτο
1196 4082 1363 4146 Θεοὺς
1392 4084 1605 4154 ἀνάγκη
1630 4083 1807 4153 λέγειν
1826 4100 1839 4113 ⁸

262 4176 396 4246 ὅπερ
426 4178 580 4228 ἐστὶν
616 4174 831 4239 ἀσεϐὲς,
868 4174 963 4227 καὶ
998 4174 1118 4231 οὐδὲ
1152 4174 1313 4247 μέχρι
1342 4175 1503 4245 μόνον
1536 4176 1705 4246 ἀκοῆς
1741 4193 1846 4231 παι

267 4266 545 4335 ραδεκτόν.
596 4266 735 4319 Ἀλλ’
764 4266 877 4319 ἐστι
904 4266 1002 4337 μία
1031 4266 1242 4338 θεότης,
1267 4267 1358 4321 καὶ
1380 4265 1521 4321 οὕτω
1550 4268 1845 4339 κηρύττου-

268 4376 347 4411 σιν
379 4362 436 4412 αί
463 4358 608 4412 θεῖαι
640 4358 853 4428 Γραφαί
874 4377 887 4388 ·
922 4359 1206 4427 ὀμοούσιος
1233 4358 1434 4431 ἄρατῷ
1446 4360 1623 4434 Πατρὶ
1649 4362 1678 4417 ὁ
1697 4362 1843 4430 mg.

268 4448 423 4509 Οὕτω
459 4450 572 4522 γὰρ
608 4450 671 4507 τὸ
698 4450 757 4504 ἓν
778 4450 1004 4520 Θεότητι
1039 4453 1365 4525 σωθήσεται.

958 4560 1165 4617 ΔΛΔΟ.

343 4676 405 4729 El
430 4675 639 4746 ἧρξατο
665 4674 758 4727 τοῦ
790 4676 984 4746 γεννᾷν
1011 4674 1104 4728 τὸν
1132 4676 1258 4731 Υίὸν
1290 4676 1319 4729 ὁ
1351 4677 1541 4750 Πατὴρ
1585 4680 1680 4734 καὶ
1721 4699 1855 4734 κατ-

277 4767 502 4830 έπαυσε,
537 4768 678 4819 κατᾶ
698 4767 795 4837 τὴν
821 4768 929 4821 τῶν
956 4769 1337 4840 χριστομάχων
1382 4772 1597 4841 μανίαν,
1634 4773 1857 4828 ἀλλοίωο

279 4859 359 4925 σίς
380 4877 466 4923 τις
497 4859 591 4911 καὶ
616 4858 885 4929 μεταϐολὴ
920 4860 1045 4929 περὶ
1066 4860 1227 4913 αὑτὸν
1254 4862 1494 4931 γέγονεν.
1534 4865 1597 4918 '0
1630 4865 1737 4935 γάρ
1758 4867 1856 4921 οὐκ

278 4944 340 5020 ἧν
366 4951 491 5021 πρὶν
515 4950 774 5021 γεννήσῃ,
814 4947 1004 5016 γέγονε
1031 4948 1167 5018 μετά
1187 4947 1245 5000 τὸ
1273 4953 1553 5022 γεννῆσαι.
1578 4951 1641 5005 Εἰ
1668 4952 1725 5005 δὲ
1749 4954 1858 5005 τῶν

281 5040 537 5094 τοιούτων
571 5040 919 5109 ἀνωτέρωτὸ
953 5039 1093 5097 θεῖόν
1142 5041 1257 5097 ἐστι
1303 5044 1511 5116 τροπῆς
1544 5059 1604 5096 τε
1629 5044 1722 5097 καὶ
1761 5044 1860 5098 ἁ).-

282 5130 548 5194 ).οιὼσεως
584 5131 957 5198 ἀνεπίδεκτον,
988 5133 1088 5185 οὐκ
1119 5132 1323 5204 ἡρξατο
1370 5132 1466 5187 τοῦ
1497 5136 1713 5205 γεννᾷν,
1744 5138 1863 5190 οὐδὲ

286 5225 617 5285 κατέπαυσε,
654 5223 907 5296 καθάπερ
935 5218 1080 5278 οὗτοί
1110 5242 1277 5295 φασιν
1299 5243 1313 5257 ·
1363 5227 1478 5280 ἀλλ’
1517 5224 1586 5299 ἢν
1623 5230 1865 5303 ἀχρόνως

286 5314 342 5365 ὲν
364 5315 538 5385 Πατρὶ
568 5317 597 5368 ὁ
636 5314 745 5368 τῶν
796 5314 1009 5369 αἰώνων
1062 5318 1156 5371 καὶ
1190 5318 1396 5388 χρόνων
1438 5319 1667 5389 ποιητὴς
1716 5320 1863 5384 Υἱός.

298 5404 512 5475 Ἐπειδὴ
533 5405 589 5457 δὲ
624 5404 912 5469 συνατιδιος,
940 5405 1029 5458 διά
1058 5406 1214 5460 τοῦτο
1238 5408 1332 5461 καὶ⁵
1363 5408 1665 5480 ὁμοούσιος.

973 5607 1175 5662 ΑΛΛΟ.

360 5715 422 5773 ΕΞ
449 5717 651 5790 ἦρξα-ἕο
672 5718 767 5797 τοῦ
802 5720 1002 5790 γεννᾷν
1024 5720 1051 5771 ὁ
1093 5720 1283 5792 Πατὴρ
1329 5723 1416 5775 τὸν
1444 5723 1588 5787 raw,
1634 5731 1869 5797 προσγέ-

362 5882 399 5911 ⁸⁸
442 5882 587 5938 Deut.
628 5898 701 5952 vr,
750 5884 850 5948 15;
885 5880 1075 5936 Matth.
1113 5898 1183 5947 tv,
1221 5884 1303 5939 lU.
1389 5884 1429 5916 ¹²
1462 5883 1619 5941 llcbr.
1652 5905 1688 5956 ι,
1728 5893 1779 5957 6.

1945 3367 2152 3439 angelis
2196 3380 2327 3420 vero
2380 3364 2613 3434 Spiritus
2654 3362 2810 3431 jubet
2843 3361 3075 3415 adorare
3117 3358 3337 3426 Filium,
3371 3351 3527 3431 juxta

1947 3460 2077 3513 illud
2110 3475 2124 3510 τ
2154 3475 2174 3509 ι
2213 3456 2438 3523 Quando
2476 3453 2751 3507 induxerit
2783 3452 3204 3521 primogenitum
3257 3450 3310 3505 in
3340 3452 3528 3505 orbem

1950 3560 2259 3615 terrarum,
2318 3539 2491 3602 dicit:
2527 3545 2591 3599 Et
2656 3545 2886 3598 adorent
2933 3560 3055 3598 eum
3110 3559 3300 3598 omnes
3354 3543 3533 3615 angeli

1948 3642 2041 3696 Dei
2067 3643 2148 3709 “;
2179 3655 2196 3690 ι
2257 3640 2400 3695 Deus
2439 3653 2568 3707 ergo
2615 3648 2698 3690 est
2753 3635 2921 3690 Filius
2956 3635 3046 3705 qui
3097 3636 3377 3689 adoratur.
3414 3635 3534 3701 Quo

1948 3742 2107 3803 pacto
2138 3730 2302 3801 igitur
2323 3731 2431 3784 erit
2469 3744 2573 3782 una
2608 3727 2805 3793 deitas,
2844 3727 2887 3780 si
2921 3742 3026 3780 non
3062 3736 3166 3790 est,
3193 3737 3250 3779 ut
3286 3741 3383 3781 vos
3416 3728 3535 3796 ορί-

1952 3824 2181 3889 natnini,
2215 3820 2703 3877 cousubstantialis
2733 3818 2919 3873 Patri?
2949 3819 3003 3872 Si
3039 3818 3184 3872 enim
3221 3818 3533 3873 distantiam

1950 3914 2066 3966 sive
2093 3909 2455 3965 diﬂ'erentiant
2497 3908 2663 3961 ullam
2704 3906 2864 3961 habet
2895 3908 3107 3961 ratione
3140 3908 3413 3970 essentne.
3450 3908 3533 3961 di-

1950 4017 2144 4059 versus
2176 4016 2311 4056 sane
2358 4000 2520 4055 fuerit
2554 4000 2697 4053 Deus
2728 3998 2899 4053 Filius
2930 4017 2957 4051 a
2998 3998 3111 4053 Deo
3147 3997 3329 4063 Patre,
3374 4009 3539 4068 atque

1953 4094 2026 4148 ita
2075 4094 2211 4147 duos
2234 4094 2375 4146 Deos
2412 4091 2750 4148 consuluere
2803 4104 3023 4144 necesse
3057 4091 3161 4144 erit
3190 4108 3203 4143 :
3240 4090 3381 4157 quod
3414 4092 3537 4159 qui-

1952 4186 2073 4241 dem
2107 4184 2330 4253 impium
2367 4193 2469 4247 est,
2505 4192 2557 4237 et
2590 4182 2672 4236 vel
2701 4182 2814 4235 solo
2839 4182 3022 4238 auditu
3054 4181 3412 4237 exsecrabile.
3444 4183 3542 4235 At-

1954 4278 2045 4347 qui
2080 4290 2187 4332 una
2224 4286 2308 4331 est
2343 4276 2537 4339 deitas,
2577 4284 2740 4340 atque
2775 4275 2846 4328 ita
2890 4289 3059 4328 sacrae
3097 4273 3316 4327 Lucra:
3349 4274 3542 4341 pracdi-

1955 4377 2079 4421 cant
2112 4385 2126 4421 :
2159 4365 2640 4423 consubstantialis
2695 4366 2859 4435 igitur
2896 4376 2979 4421 est
3030 4365 3175 4420 Patri
3228 4366 3417 4422 Filius.
3466 4368 3542 4422 lta

1934 4460 2103 4516 enim
2137 4457 2321 4513 unitas
2360 4458 2410 4512 in
2452 4457 2664 4513 Deitate
2697 4459 3131 4514 conservabitur.

2632 4571 2863 4627 ALIUD.

2035 4689 2094 4745 Si
2126 4690 2294 4760 cmpit
2324 4702 2586 4757 generare
2632 4687 2826 4740 Filium
2872 4686 3032 4741 Pater
3080 4697 3134 4741 et
3177 4686 3360 4751 desiit,
3390 4688 3543 4757 juxta

1963 4781 2208 4845 insanam
2241 4780 2447 4834 Christi
2482 4780 2714 4833 hostium
2759 4779 3092 4848 opinionem,
3125 4778 3375 4834 alteratio
3396 4796 3547 4849 quur-

1965 4873 2088 4925 tlam
2122 4880 2174 4926 et
2208 4872 2437 4925 mutatio
2460 4872 2507 4925 ei
2540 4871 2758 4925 accidit.
2792 4870 2923 4925 Nam
2959 4874 3105 4941 quod
3144 4888 3251 4925 non
3300 4884 3418 4926 erat
3446 4890 3547 4924 an-

1968 4971 2184 5030 thnam
2217 4971 2527 5033 generaret,
2575 4963 2752 5017 factus
2796 4973 2875 5017 est
2914 4975 3200 5033 postquam
3243 4965 3545 5029 generavit.

1966 5055 2129 5123 Atqui
2169 5056 2213 5109 si
2243 5056 2500 5110 divinitas
2548 5056 2677 5109 nulli
2710 5055 3020 5110 alterationi
3060 5056 3419 5109 tnutationive
3455 5056 3554 5109 ob-

1970 5148 2131 5199 noxia
2163 5157 2269 5211 est,
2319 5161 2425 5199 non
2467 5162 2599 5217 ergo
2632 5148 2798 5217 coepit
2844 5162 3128 5218 generare,
3166 5162 3342 5216 neque
3386 5147 3551 5200 etiam

1970 5239 2171 5304 desiit,
2238 5241 2692 5309 quemadmodum
2752 5242 2839 5296 isti
2893 5244 3231 5310 opinantur,
3289 5242 3383 5295 sed
3436 5250 3557 5295 erat

1970 5330 2176 5397 absque
2217 5342 2462 5400 tempore
2502 5334 2554 5387 in
2589 5332 2770 5400 Patre,
2806 5333 3126 5387 saeculorum
3162 5342 3217 5386 et
3250 5341 3555 5401 temporum

1971 5420 2214 5472 omnium
2267 5422 2518 5476 conditor
2550 5422 2738 5477 Filius.
2789 5422 2923 5479 Cum
2954 5438 3085 5479 vero
3129 5433 3433 5478 coaeternus
3465 5421 3556 5487 sit,

1976 5510 2289 5566 necessario
2317 5513 2483 5568 etiam
2522 5514 3019 5570 consubstantialis.

2654 5629 2885 5687 ALIUD.

2052 5737 2108 5792 Si
2146 5737 2304 5794 Pater
2335 5743 2490 5812 rtnpil
2526 5760 2789 5813 τέρπει-ονε
2823 5744 3045 5809 Filium,
3076 5738 3309 5798 accessit
3338 5737 3567 5795 omnino
