3922 6474
417 434 513 499 ut

1396 429 1452 485 S.
1492 427 1763 487 CYRILLI
1805 423 2273 483 ALEXANDRINI
2310 422 2630 479 ARCHIEP.

3552 421 3657 475 132

416 552 521 609 hoc
567 548 634 603 ad
662 545 949 602 essentiam
978 542 1171 614 ipsms,
1197 549 1252 596 ct
1288 538 1431 611 quod
1478 541 1632 597 initio
1662 557 1767 596 tton
1807 542 1961 595 habe-

2076 556 2234 608 γονεν
2254 539 2359 609 ἄρα
2396 541 2463 610 τῇ
2488 536 2648 609 οὐσίᾳ
2674 536 2839 592 αὐτοῦ
2867 535 3044 600 τοῦτο,
3075 535 3170 591 καὶ
3203 532 3339 603 ὅπερ
3374 532 3472 585 οὐκ
3504 526 3655 600 εἶχεν

415 640 528 705 bat,
561 648 748 708 postea
783 636 1011 704 accepit.
1039 633 1192 701 Quod
1232 648 1357 703 vero
1399 634 1721 689 incrementi
1739 633 1976 703 alicujus

415 742 499 787 est
537 745 728 800 capax,
758 726 1136 797 imperfectum
1173 725 1384 781 censeri
1430 727 1608 793 debet,
1649 741 1756 780 non
1794 736 1972 782 autem

415 824 732 896 perlectum.
772 818 882 893 79
924 820 1033 893 Sed
1088 821 1190 876 hoc
1237 818 1528 874 absurdum
1582 829 1704 874 est:
1739 818 1973 892 perfecta

412 916 556 972 enim
598 924 681 969 est
712 911 900 979 Patris.
931 906 1190 966 essentia.
1224 909 1502 970 Generare
1547 909 1712 979 igitur
1742 924 1846 963 non
1877 908 1978 963 fuit

414 1002 469 1057 in
502 1017 568 1060 eo
610 998 999 1063 accessorintn,
1048 996 1143 1055 sed
1200 999 1361 1055 infuit
1408 999 1513 1055 hoc
1554 1000 1603 1056 ei
1650 999 1719 1056 ab
1750 1008 1975 1067 aeterno,

412 1107 588 1163 neque
618 1105 851 1161 unquam
884 1103 1007 1146 esse
1040 1077 1227 1160 capit.
1264 1088 1323 1144 Si
1341 1099 1518 1145 autem
1552 1104 1657 1143 non
1691 1088 1856 1158 wplt
1879 1104 1975 1159 ge-

411 1188 950 1251 nerare,c0cternus
983 1196 1112 1251 ergo
1136 1189 1221 1237 est
1259 1179 1407 1235 Patri
1437 1178 1610 1237 Filius
1634 1194 1703 1235 ex
1747 1180 1863 1249 ipso
1881 1195 1975 1248 ge-

412 1278 578 1331 nitus.
605 1266 671 1329 Ε(
698 1271 1149 1344 quemadmodum
1170 1313 1186 1339 ,
1214 1271 1261 1327 si
1291 1269 1502 1326 initium
1545 1269 1837 1327 exsistendi
1876 1269 1976 1327 ha-

411 1366 641 1430 buisset,
682 1380 785 1421 non
826 1372 975 1418 esset
1014 1362 1493 1419 consubstantialis
1518 1361 1704 1417 Patri:
1731 1362 1824 1428 ita,
1847 1361 1977 1433 quia

409 1469 518 1513 non
575 1454 763 1511 habuit
810 1453 1024 1510 initium
1074 1452 1130 1510 in
1180 1463 1459 1525 tempore,
1500 1452 1978 1511 eonsulntantialis

407 1545 631 1603 omnino
657 1546 781 1607 erit.

884 1631 1116 1702 ALIUD,
1158 1632 1492 1705 explicatius.

479 1768 944 1840 Quemadmodum
987 1770 1064 1829 illi
1103 1770 1192 1841 qui
1223 1769 1436 1825 veritati
1473 1776 1794 1839 repugnant,
1821 1765 1972 1841 prin-

2075 634 2134 685 έν
2157 632 2321 703 ἀρχῇ,
2350 628 2680 701 προσέλαδεν
2703 628 2946 701 ὕστερον.
2964 629 3037 683 Τὸ
3054 628 3111 683 δὲ
3134 622 3450 700 προσθήκην
3472 623 3654 675 ἔπιδε-

2074 724 2302 794 χόμενόν
2348 739 2488 787 τινα,
2542 720 2729 784 ἀτελὲς
2755 720 2822 775 ἂν
2844 720 2952 790 εἰη,
2983 719 3077 772 καὶ
3116 717 3182 770 οὐ
3222 716 3446 771 τέλειον.
3490 710 3657 768 Ἀλλὰ

2074 814 2232 884 τοῦτο
2256 813 2454 873 ἄτοπον
2478 828 2496 846 ·
2526 811 2707 866 τελεία
2738 811 2848 884 γάρ
2884 813 2917 882 η
2942 807 3035 867 τοῦ
3068 807 3283 880 Πατρδς
3323 805 3503 864 οὐσία.
3535 805 3653 859 Οὐκ

2074 883 2576 981 άραίπροσγέγονεν
2621 899 2759 975 αὐτῇ
2793 900 2854 955 τὸ
2885 900 3079 970 γεννᾷν
3100 941 3118 964 ,
3162 896 3280 952 ἀλλ’
3305 890 3374 969 ἦν
3419 898 3476 950 έν
3509 896 3652 965 αὐτῇ

2073 998 2232 1055 τοῦτο
2258 997 2361 1057 οὐκ
2391 994 2720 1071 ἀρξάμενον.
2747 992 2812 1054 Εἰ
2831 992 2890 1055 δι
2916 992 3017 1047 οὐκ
3039 989 3242 1063 ἤρξατο
3281 990 3497 1069 γτννᾷν.
3524 1005 3653 1041 συν-

2075 1090 2243 1155 αἰδιος
2275 1090 2385 1162 ἄρα
2406 1089 2525 1143 εστὶ
2545 1086 2624 1161 τῷ
2648 1084 2827 1160 lla-cpt
2848 1085 2879 1142 ό
2904 1084 2964 1155 ἐξ
2989 1078 3152 1139 αὐτοῦ
3187 1082 3469 1153 γεννηθεὶς
3495 1081 3647 1145 Υἱός.

2074 1182 2188 1238 Καὶ
2208 1177 2394 1253 ὥσπερ
2418 1181 2466 1235 εἰ
2486 1180 2662 1252 ἀρχὴν
2684 1178 2809 1251 ισχε
2830 1177 2924 1233 τοῦ
2954 1173 3113 1242 εἶναι,
3141 1176 3242 1230 οὐκ
3264 1174 3331 1230 ἂν
3354 1170 3422 1246 ἦν
3450 1174 3652 1245 ὀμ.οού-

2076 1290 2211 1339 σιος,
2237 1272 2410 1338 οὕτως
2432 1274 2555 1328 επεὶ
2582 1273 2660 1346 μὴ
2688 1270 2846 1349 ισχεν
2866 1270 3043 1349 ἀρχὴν
3060 1268 3158 1349 τὴν
3183 1270 3242 1323 έν
3273 1268 3471 1344 χρόνῳ,
3493 1266 3651 1329 ἔσται

2075 1366 2293 1431 πάντως
2320 1364 2625 1441 ὁμοούσιος.

2513 1624 2720 1694 ΔΑΜ),
2750 1622 3205 1697 διηγηματικῶς.

2146 1752 2357 1827 Ὠσπερ
2384 1756 2433 1810 οἰ
2459 1756 2525 1830 τῇ
2554 1755 2785 1831 ἀληθείᾳ
2809 1756 3125 1829 μαχόμενοι,
3156 1753 3333 1827 ἀρχὴν
3371 1754 3463 1809 καὶ
3493 1754 3651 1823 τέλος

406 1835 604 1931 eipium
625 1835 682 1915 et
707 1835 865 1917 linem
895 1835 1234 1931 generationi
1259 1861 1385 1918 Filii
1411 1835 1765 1926 ascribetues,
1796 1835 1961 1929 ipsum

2073 1847 2140 1916 τῇ
2162 1845 2254 1899 τοῦ
2281 1845 2408 1900 Υἰοῦ
2435 1847 2686 1917 γεννήσει
2702 1846 3091 1918 περιτιθέντες,
3116 1846 3467 1901 ἐκϐάλλουσιν
3485 1844 3651 1899 αὐτὸν

408 1952 478 2007 ab
534 1951 891 2007 similitudine
950 1968 1073 2007 cum
1130 1951 1291 2011 Patre
1343 1951 1671 2018 excludunt;
1731 1950 1804 2005 ita
1852 1965 1969 2015 nos,

406 2055 583 2111 neque
639 2041 957 2112 principium
1001 2056 1176 2112 neque
1214 2042 1373 2096 linem
1427 2039 1792 2111 generationis
1852 2038 1971 2093 Filii

405 2140 779 2199 agnoscentes,
842 2132 1208 2185 omnimodam
1259 2131 1310 2185 ei
1374 2129 1787 2185 similitudinem
1849 2143 1972 2183 cum

404 2218 563 2275 Patre
606 2221 910 2280 tribuimus.
951 2219 1105 2290 Quod
1151 2235 1281 2277 vero
1316 2235 1416 2291 per
1453 2220 1635 2277 omnia
1663 2220 1842 2277 simile
1869 2228 1971 2286 est,

405 2310 870 2367 consubstantiale
891 2311 1055 2369 etiam
1079 2319 1181 2367 est.

565 2443 718 2511 Quod
776 2442 1237 2500 cumubatantinlia
1286 2444 1354 2501 sit
1406 2442 1583 2499 Filius
1640 2442 1812 2499 Patri.

989 2535 1228 2609 Objectio
1250 2536 1404 2593 Aetii.

471 2648 590 2717 Quo
628 2657 789 2720 pacto
812 2649 982 2720 possit
1010 2652 1240 2716 servari,
1276 2651 1472 2721 inquit,
1510 2650 1764 2709 identitas
1795 2662 1973 2707 esset»

402 2741 491 2795 tias
529 2743 582 2794 in
628 2739 793 2796 Patre
842 2750 897 2796 et
936 2739 1098 2811 Filio,
1146 2743 1191 2797 si
1234 2740 1397 2798 Pater
1446 2743 1661 2813 quidem
1700 2741 1973 2809 ingenitus

397 2843 502 2898 est,
540 2831 709 2886 Filius
753 2842 936 2887 autem
984 2832 1238 2903 genitus?
1278 2831 1656 2889 Necessarium
1707 2836 1851 2890 enim
1889 2842 1998 2889 est‘

400 2924 563 2994 plane
598 2923 756 2978 lateri
797 2923 941 2977 nulla
993 2938 1055 2978 ex
1087 2935 1239 2993 parte
1287 2924 1485 2979 similia
1516 2939 1640 2980 esse
1671 2924 1968 2995 ingenitum

397 3023 453 3067 et
478 3013 742 3081 genitum.
773 3012 844 3067 At
875 3013 919 3067 si
950 3013 1147 3069 similia
1183 3025 1331 3085 sunt,
1363 3015 1497 3069 nihil
1522 3016 1797 3071 obstiterit
1835 3030 1970 3085 quo-

396 3101 576 3155 minus
619 3110 675 3154 et
726 3099 943 3155 Patrem
996 3102 1258 3171 genitum,
1317 3112 1373 3158 et
1426 3102 1621 3161 Filium
1669 3103 1966 3175 ingenitum

394 3190 725 3261 appellemus
782 3190 1073 3259 omniaque
1098 3190 1515 3248 confundamus.

893 3300 1104 3357 Salutio
1147 3304 1472 3373 objectionis.
1498 3378 1499 3381 η

468 3419 567 3484 Qui
618 3419 731 3472 haec
779 3416 850 3471 ita
904 3418 1154 3488 imperite
1196 3416 1404 3486 objicit,
1451 3417 1685 3473 vicissim
1734 3436 1762 3471 a
1813 3418 1966 3473 nobis

393 3510 621 3564 audiet:
650 3509 767 3575 Quo
808 3519 965 3578 pacto
1004 3523 1111 3563 non
1160 3510 1330 3579 possit
1356 3514 1559 3566 servari
1594 3512 1844 3566 identitas
1878 3526 1964 3567 es-

392 3602 579 3656 sentia":
611 3602 663 3656 in
690 3602 853 3657 Patre
879 3611 933 3656 et
962 3602 1119 3664 Filio,
1152 3604 1194 3655 si
1225 3601 1392 3657 Filius
1430 3613 1513 3659 est
1541 3604 1717 3670 imago
1765 3603 1959 3667 Patris,

391 3702 448 3747 et
486 3694 538 3746 itt
574 3692 754 3762 seipse
787 3693 1025 3745 ostendit
1060 3690 1311 3746 Patrem?
1338 3692 1677 3749 Manifestum
1705 3695 1849 3748 enim
1878 3703 1962 3749 est

390 3794 446 3842 et
476 3787 543 3839 ab
576 3784 827 3840 omnibus
859 3785 1181 3849 admissum,
1237 3788 1506 3841 neminem
1548 3787 1601 3841 itt
1629 3786 1731 3840 alia
1766 3798 1959 3841 natura

390 3878 551 3933 aliam
589 3892 853 3941 cernere;
901 3891 1076 3945 neque
1117 3877 1402 3947 quisquam
1441 3879 1621 3934 dicere
1657 3879 1827 3948 possit
1861 3892 1955 3943 se,

391 3984 515 4025 cunt
546 3984 743 4038 equum
776 3970 990 4035 viderit,
1013 3969 1291 4025 hominum
1318 3969 1553 4039 aliquem
1583 3971 1799 4026 vidisse.
1824 3967 1957 4025 Nam

392 4062 446 4116 in
486 4062 553 4117 iis
581 4076 701 4131 qua:
737 4062 976 4133 ejusdem
1006 4070 1212 4116 natura:
1257 4070 1384 4116 sunt
1408 4062 1604 4116 similia
1637 4064 1800 4117 etiam
1837 4076 1958 4117 cer-

391 4163 752 4221 nuntur,'non
785 4153 837 4207 in
868 4153 935 4208 iis
974 4168 1097 4223 quae
1142 4152 1283 4209 inter
1324 4166 1382 4207 se
1409 4153 1710 4220 dissident,
1748 4155 1956 4209 ratione

390 4244 533 4299 modi
575 4259 681 4313 quo
712 4246 1002 4299 exsistunt.
1031 4242 1090 4299 Si
1138 4259 1267 4315 ergo
1294 4245 1539 4313 Philippo
1582 4245 1816 4315 cupienti
1852 4244 1954 4300 Pa-

389 4348 525 4392 trem
577 4340 758 4392 videre
816 4336 1069 4392 Christus
1120 4338 1359 4406 seipsunt
1414 4337 1666 4401 ostendit,
1726 4338 1949 4391 dicens:

392 4448 413 4483 ι
448 4430 547 4497 Qui
598 4431 729 4482 vidit
769 4444 874 4493 tne,
905 4430 1042 4483 vidit
1088 4439 1143 4484 et
1186 4429 1401 4484 Patrem
1421 4430 1496 4495 ¹³;
1536 4448 1554 4480 ο
1604 4443 1823 4484 necesse
1869 4438 1951 4485 est

383 4520 606 4575 utnnino
650 4530 707 4573 ut
754 4520 993 4587 ejusdem
1035 4519 1285 4575 essentia:
1315 4520 1716 4573 dicamusesse
1755 4519 1947 4575 Filium

383 4626 508 4665 cunt
545 4609 725 4677 Patre,
760 4623 818 4665 ut
858 4612 1229 4667 omnimodam
1268 4611 1553 4681 imaginem
1582 4623 1637 4666 et
1669 4615 1947 4668 characte-

385 4716 498 4756 rem
524 4717 635 4757 suae
665 4703 1036 4772 hypostaseos.

1043 4813 1269 4871 ALIUD.

450 4927 731 4991 Dominus,
766 4925 980 4981 etiamsi
1026 4927 1239 4997 genitus
1302 4927 1407 4995 sit,
1451 4931 1647 4999 passim
1704 4931 1941 5002 seipsum

380 5016 900 5073 consubstantialem
947 5017 1095 5073 Patri
1127 5032 1248 5074 esse
1289 5021 1487 5076 docet:
1523 5022 1788 5091 siquidem
1835 5039 1944 5095 quo

381 5120 539 5177 pacto
568 5110 800 5179 seipsum
832 5110 1026 5165 Filium
1066 5126 1190 5167 esse
1225 5113 1395 5168 dicit?
1422 5113 1461 5167 E
1490 5115 1724 5180 diverso.
1762 5118 1943 5173 hostes

376 5200 579 5256 Christi
616 5202 881 5257 imbecilla
936 5218 1030 5258 sua
1089 5215 1391 5260 commenta
1432 5219 1785 5278 opponentes,
1828 5210 1941 5264 lieri

379 5301 485 5341 non
533 5302 689 5357 posse
726 5291 876 5345 aiunt
906 5291 1019 5362 80
1059 5302 1137 5360 ut,
1170 5308 1292 5349 cum
1330 5295 1402 5351 sit
1435 5298 1671 5364 genitus,
1703 5298 1941 5368 ejusdem

376 5375 627 5430 essentia}
676 5378 749 5431 sit
793 5394 915 5434 cum
965 5380 1126 5437 Patre
1170 5383 1261 5453 qui
1309 5394 1390 5439 est
1440 5385 1730 5455 ingenitus.
1776 5388 1939 5458 Atqui

376 5480 498 5518 cum
531 5466 777 5525 Christus
807 5470 895 5524 illa
924 5472 990 5527 de
1026 5473 1202 5544 seipse
1231 5474 1397 5540 dicat,
1431 5476 1545 5533 lucc
1578 5493 1711 5534 vero
1738 5477 1940 5535 Christi

376 5554 581 5619 ltustes,
613 5559 887 5627 quisnam,
913 5564 1157 5629 obsecro,
1186 5580 1250 5621 co
1280 5567 1564 5625 dementia:
1584 5572 1851 5643 pervenit,
1881 5581 1939 5627 ut

373 5659 594 5704 censeat
622 5649 929 5713 hominibus
961 5658 1137 5728 potius
1165 5660 1489 5719 credendum
1526 5679 1686 5734 quam
1714 5665 1845 5732 Deo,
1884 5677 1939 5719 cl

448 5821 660 5879 “Juan.
698 5843 802 5894 xw,
834 5833 885 5886 9.

2074 1936 2173 2006 τῆς
2197 1937 2511 2009 ὁμοιότητος
2534 1938 2637 2009 τῆς
2665 1940 2801 2009 πρὸς
2824 1937 2918 1994 τὸν
2947 1937 3317 2009 Γέγεννηκότα
3336 1952 3351 1967 ο
3384 1936 3528 1989 οὕτω
3550 1936 3647 1990 καὶ

2075 2030 2236 2099 ἡμεῖς
2262 2026 2384 2081 οὐτε
2408 2029 2605 2100 ἀρχὴν,
2624 2028 2758 2083 οὔτε
2780 2028 2933 2093 τέλος
2969 2030 3097 2101 περὶ
3118 2029 3215 2101 τὴν
3248 2028 3341 2083 τοῦ
3375 2026 3504 2080 Υἰοὶ
3527 2029 3650 2096 γέν-

2074 2138 2226 2191 νησιν
2262 2120 2709 2193 παραδεχόμενοι,
2745 2121 3070 2193 εἰσφέρομεν
3099 2120 3261 2175 αὐτὸν
3286 2119 3365 2183 εἰς
3397 2119 3648 2189 ἀπαράλ-

2074 2211 2270 2266 λακτον
2305 2213 2596 2287 ὁμοιότητα
2622 2212 2718 2284 τὴν
2739 2213 2876 2284 πρὸς
2902 2212 2992 2266 τὸν
3020 2211 3259 2285 Πατέρα.
3288 2210 3362 2266 Τὸ
3384 2210 3441 2265 δὲ
3461 2210 3649 2283 ὅμοιον

2072 2303 2214 2360 κατὰ
2247 2304 2445 2368 πάντα.
2480 2306 2577 2362 καὶ
2598 2304 2903 2375 όμοούσιον.
3248 2304 3251 2313 ’

2284 2442 2414 2497 Ὀτι
2462 2445 2785 2514 όμοούσιος
2839 2447 2873 2499 ὁ
2938 2444 3070 2512 Υἱὸς
3106 2443 3187 2511 τῷ
3226 2445 3431 2512 Πατρι.

2384 2534 2683 2604 αρότασις
2710 2537 2792 2605 ὡς
2822 2535 2891 2593 ἐκ
2917 2535 3037 2593 τῶν
3077 2536 3322 2597 Ἀετίου,

2142 2646 2253 2706 καὶ
2280 2645 2399 2710 πῶς
2432 2645 2498 2700 ἂν
2528 2647 2765 2715 δύναιτο,
2817 2648 2973 2719 φησὶ,
3022 2648 3286 2719 ταυτότης
3312 2641 3521 2711 οὐσίας’¹
3549 2646 3645 2705 ιπι

2070 2754 2131 2793 τε
2160 2738 2374 2811 Πατρὸς
2426 2739 2522 2793 καὶ
2566 2738 2697 2793 Υἰοῠ
2754 2739 3043 2804 σώζεσθαι,
3082 2740 3134 2792 εἷ
3163 2756 3225 2808 γε
3263 2740 3292 2793 ὀ
3321 2737 3418 2809 μὲν
3451 2734 3646 2809 Πατὴρ

2069 2827 2362 2898 άγέννητδς
2407 2829 2545 2893 ἑστι,
2598 2830 2854 2901 γεννητὸς
2900 2829 2956 2884 δὲ
2982 2831 3012 2882 ό
3052 2830 3213 2897 Υἰ6ς;
3259 2828 3495 2899 ’Δνάγκη
3531 2828 3645 2904 γὰρ

2070 2922 2220 2976 πᾶσα
2269 2920 2446 2990 λέγειν
2481 2923 2539 2978 ἐν
2576 2921 2751 2975 οὐδενὶ
2796 2920 3191 2997 παραλλάττειν
3241 2918 3301 2973 τὺ
3347 2917 3645 2989 ἀγέννητον

2070 3012 2206 3082 πρὸς
2233 3011 2294 3066 τὸ
2324 3012 2602 3084 γεννητόν.
2630 3013 2691 3068 Εἰ
2720 3012 2775 3067 δὲ
2801 3011 2977 3078 τοῦτο,
3000 3012 3153 3067 οὐδὲν
3179 3010 3409 3065 κωλύσει
3437 3011 3644 3064 καὶτὸν

2069 3106 2286 3177 Πατέρα
2315 3105 2573 3177 γεννητὸν
2595 3100 2736 3160 εἶναι
2765 3104 2944 3174 λέγειν
2973 3106 3067 3158 καὶ
3099 3104 3190 3157 τὸν
3231 3102 3357 3157 Υίὸν
3404 3102 3645 3173 ἀγέννης-

1991 3228 2035 3284 η
2067 3215 2179 3261 τον,
2209 3197 2303 3250 καὶ
2342 3197 2675 3269 συγκέχυται
2694 3196 2755 3255 τὸ
2785 3198 2913 3253 πᾶν.

2556 3310 2712 3379 Πρὸς
2736 3310 2922 3364 ταῦτα
2950 3311 3151 3378 λύσις.

2149 3424 2205 3475 Ὀ
2238 3421 2410 3477 ταῦτα
2442 3423 2742 3495 προτείνων
2785 3422 3013 3494 ἀμαθῶς
3034 3464 3049 3488 ,
3081 3424 3472 3478 ἀντακούσεται
3506 3427 3643 3495 παρ’

2064 3513 2221 3586 ἡμῶν
2241 3530 2254 3543 ·
2294 3514 2404 3568 Καὶ
2438 3515 2554 3583 πῶς
2579 3514 2645 3568 ἂν
2676 3514 2891 3569 δύναιτο
2917 3515 3181 3585 ταυτότης
3200 3516 3386 3579 οὐσίας
3422 3516 3495 3587 μὴ
3526 3516 3639 3569 σώ-

2061 3608 2250 3674 ζεσθαι
2293 3612 2387 3664 έπί
2438 3628 2499 3665 τε
2538 3613 2749 3683 Πατρὸς
2784 3615 2878 3667 καὶ
2913 3615 3073 3681 Υἰοῦ,
3109 3615 3165 3669 εἴ
3189 3633 3252 3686 γε
3289 3617 3383 3671 τοῦ
3422 3618 3642 3689 Πατρὶς

2060 3701 2224 3756 εἰκών
2250 3703 2398 3757 ἐστιν
2426 3704 2455 3757 ὀ
2481 3704 2625 3769 Υἱὸς,
2649 3706 2742 3757 καὶ
2771 3707 2830 3759 ἑν
2858 3706 3038 3779 ἑαυτῷ
3056 3708 3295 3763 δείκνυσι
3333 3711 3423 3764 τὸν
3456 3712 3638 3765 Πατέ-

2063 3808 2162 3863 Pa;
2196 3792 2432 3865 Εὔδηλον
2457 3794 2565 3867 γὰρ
2598 3794 2660 3867 δή
2696 3796 2895 3850 πουθέν
2931 3798 3047 3857 ἔστι
3103 3800 3197 3855 καὶ
3232 3801 3397 3853 πᾶσιν
3444 3800 3637 3870 ὁμολο-

2058 3887 2342 3958 γούμενον,
2371 3886 2447 3949 ὡς
2474 3887 2649 3951 οὐδεὶς
2674 3889 2730 3941 έν
2768 3889 2933 3959 ἑτέρᾳ
2970 3888 3127 3957 φύσει
3165 3890 3263 3961 τὴν
3290 3874 3480 3962 ἑτέραν
3505 3891 3638 3961 ὕψι.

2058 3995 2184 4031 ται·
2209 3977 2319 4032 οὐδ’
2345 3979 2412 4032 ἄν
2448 3995 2529 4042 τις
2578 3979 2691 4050 ἔχοι
2720 3977 2900 4049 λέγειν
2952 3980 3115 4036 ἵππον
3143 3982 3422 4052 ἑωρακὼς,
3460 3983 3541 4036 δτι
3563 3982 3632 4055 δή

2055 4084 2177 4122 τινα
2199 4066 2308 4124 τῶν
2334 4067 2636 4141 ἀνθρώπων
2653 4068 2926 4126 τεθέαται.
2958 4070 3047 4126 Ἐν
3068 4071 3178 4145 γάρ
3208 4075 3318 4135 τοῖς
3336 4073 3635 4142 ὁμοφυέσιν

2055 4162 2088 4231 ἡ
2114 4160 2222 4214 τῶν
2250 4161 2452 4232 ὁμοίων
2474 4161 2769 4228 ἀπόδειξις,
2792 4163 2894 4217 οὐκ
2918 4164 2975 4216 έν
3000 4166 3113 4227 τοϊς
3149 4164 3390 4235 ἀλλήλων
3411 4165 3632 4238 διέστη-ρ

2053 4253 2193 4318 κόσι,
2224 4254 2365 4309 κατὰ
2392 4254 2481 4309 τδν
2501 4254 2594 4308 τοῦ
2618 4255 2737 4318 πῶς
2752 4252 3078 4325 εἰναιλόγον.
3105 4258 3166 4311 Εἰ
3185 4258 3362 4312 τοίνυν
3378 4257 3630 4329 ζητοῦντι

2052 4344 2131 4415 τῷ
2156 4345 2407 4413 Φιλίππῳ
2459 4344 2551 4398 τὸν
2606 4346 2826 4416 Πατέρα
2880 4346 3030 4412 ἰδεῖν,
3054 4347 3246 4401 ἑαυτὸν
3299 4349 3630 4411 ἐπιδεικνύει

2052 4436 2305 4507 Χριστὸς,
2328 4435 2531 4505 λέγων’
2569 4454 2587 4488 ι
2633 4436 2691 4489 '0
2724 4435 2985 4507 ἑωρακὼς
3004 4438 3121 4509 ἐμὲ,
3160 4438 3371 4510 ἑώρακε
3398 4440 3488 4493 τὸν
3511 4442 3630 4495 Ha.

1980 4562 2024 4618 υ
2052 4528 2203 4598 τέρα,
2237 4546 2255 4579 ι
2287 4529 2499 4597 ἀνάγκη
2533 4530 2681 4582 πᾶσα
2711 4529 2811 4600 τῆς
2835 4529 3004 4602 αὐτῆς
3048 4530 3232 4595 οὐσίας
3266 4527 3403 4586 εἶναι
3444 4532 3628 4601 λέγειν

2053 4621 2144 4673 τὸν
2172 4620 2298 4674 Υἰὸν
2322 4621 2399 4692 τῷ
2421 4622 2616 4693 Πατρὶ,
2645 4621 2721 4685 ὡς
2754 4623 3168 4693 ἀπαράλλακτον
3192 4624 3374 4678 εἰκόνα
3402 4626 3494 4679 καὶ
3523 4643 3627 4697 χαφ

2057 4714 2307 4785 ρακτῆρα
2325 4714 2426 4784 τῆς
2450 4715 2799 4777 ὑποστάσεως
2822 4713 3010 4770 αὐτοῦ.

2737 4827 2939 4881 ΑΛΛΟ.

2136 4936 2447 5007 Ὀμοούσιον
2473 4937 2662 4991 ἑαυτὸν
2689 4937 2817 4993 ὄντα
2841 4939 2920 5011 τῷ
2954 4942 3129 5013 Πατρὶ
3157 4942 3423 4999 διδάσκων
3447 4946 3475 4999 ὀ
3502 4945 3622 5000 KG—

2054 5046 2167 5101 ριος
2194 5030 2386 5098 ὁρᾶται
2436 5028 2734 5100 πανταχοῦ,
2783 5031 2961 5087 καίτοι
3006 5034 3263 5104 γεννητὸς
3313 5037 3576 5110 ὑπάρχων
3601 5055 3619 5075 σ

2048 5124 2170 5175 ἐπεὶ
2196 5120 2315 5185 πῶς
2355 5121 2545 5177 ἑαυτὸν
2590 5122 2716 5179 Υἰδν
2767 5120 2905 5179 εἷναί
2936 5128 3273 5200 φησι;ΙΙρὸς
3296 5128 3468 5184 ταῦτα
3518 5132 3622 5204 τὴν

2050 5212 2157 5265 ἀπὸ
2181 5211 2287 5265 τῶν
2302 5211 2517 5266 οἰκείων
2541 5212 2814 5284 λογισμῶν
2834 5216 3119 5272 ἀσθένειαν
3143 5220 3539 5289 ἅντεπάγοντες
3566 5224 3619 5279 οἰ

2044 5302 2422 5373 χριστρμάχοι,
2462 5304 2537 5375 μὴ
2567 5304 2825 5359 δύνασθαί
2874 5324 3036 5376 φασιν
3064 5350 3080 5375 ,
3128 5310 3317 5383 ἐπειδὴ
3359 5313 3619 5385 γεννητός

2043 5394 2179 5459 ἐστι,
2206 5394 2307 5465 τῆς
2351 5395 2523 5465 αὐτῆς
2569 5395 2754 5460 οὐσίας
2791 5393 2932 5452 εἶναι
2969 5400 3048 5473 τῷ
3094 5404 3373 5475 άγεννήτῳ
3416 5405 3610 5477 Πατρί.

2055 5486 2269 5539 Ἐκεῖνα
2298 5486 2588 5556 τοιγαροῦν
2622 5489 2751 5560 περὶ
2788 5490 2983 5545 ἑαυτοῦ
3028 5495 3327 5563 φάσκοντος
3354 5495 3447 5549 τοῦ
3477 5497 3616 5567 Χρι-

2043 5576 2191 5642 στοῦ,
2226 5577 2397 5629 ταῦτα
2421 5576 2477 5630 δὲ
2510 5577 2616 5632 τῶν
2647 5583 3051 5654 χριστομάχων,
3076 5584 3162 5650 τίς
3191 5587 3274 5651 εἰς
3312 5586 3470 5640 τοῦτο
3499 5604 3615 5658 μω-

2044 5669 2160 5740 ρίας
2185 5667 2495 5740 ἐκϐήσεται,
2524 5670 2599 5737 ὡς
2641 5673 2847 5729 οἴεσθαι
2875 5675 2985 5730 δεῖν
3029 5674 3302 5749 ἀνθρώπῳ
3345 5677 3547 5747 μᾶλλον
3576 5677 3613 5750 ᾖ
