3922 6488
32 46 59 319 l

46 378 63 541 ξ
251 453 327 516 ιδτ
1710 438 2154 501 rnesaunus.
3470 435 3574 496 «δε

260 570 510 629 «imitati
541 570 743 635 θέσιν,
813 572 1136 644 ὃμοούσιος
1181 573 1287 644 ipa
1337 570 1416 642 τῷ
1462 567 1582 622 κατ’
1636 564 1868 637 ἀλήθεια

1999 555 2170 610 Filius
2209 562 2390 608 autem
2424 559 2507 607 est
2538 566 2601 606 es
2637 551 2703 605 iis
2724 549 2817 620 qui
2848 562 2977 608 vero
3004 549 3175 620 geniti
3209 557 3360 619 sunt,
3382 551 3569 623 longe-

273 664 429 731 αὐτὸν,
452 665 562 719 ἀλλ’
588 663 651 718 οὐ
692 662 917 730 θέσει,
952 665 1303 737 γεγεννηκότι
1332 661 1473 733 Θεῷ.

997 952 1207 1007 ΔΔΔΟ.

356 1066 415 1120 ει
458 1065 518 1119 τὸ
550 1064 843 1129 οὐσιωδῶς
892 1062 1241 1136 γεννώμενον
1276 1061 1619 1135 ξκληρονομεῐ
1651 1059 1751 1132 τὴν
1792 1055 1887 1113 τοῦ

301 1156 671 1229 γεγεννηκότος
694 1156 923 1223 οὐσίαν,
960 1155 1086 1227 ἕχον
1112 1155 1318 1224 ταύτην
1364 1155 1422 1208 εν
1450 1151 1651 1223 ἑαυτῷ,
1683 1151 1797 1222 ἔχει
1829 1150 1886 1204 δὲ

309 1250 464 1304 πάντα
488 1247 557 1303 τά
587 1248 684 1302 τοῦ
715 1248 944 1319 Πατρὸς
976 1248 1006 1301 6
1042 1247 1170 1312 Υίὸς
1189 1286 1205 1313 ,
1247 1243 1524 1317 οὐσιωδῷς
1556 1244 1665 1315 ipa
1693 1243 1885 1314 γεγέν-

306 1356 468 1411 νηται.
1471 1332 1475 1337 ’

975 1451 1187 1504 ΔΔΛΟ.

362 1561 423 1615 ει
472 1561 641 1632 μηδὲν
666 1561 780 1615 τῶν
819 1560 959 1631 μετὰ
987 1561 1079 1614 τὸν
1112 1558 1240 1614 Υίὸν
1290 1560 1355 1613 εκ
1388 1560 1463 1631 μὴ
1498 1559 1669 1613 ὄντων
1696 1555 1885 1618 οὐσίας

294 1651 604 1724 ὑφίστησιν,
656 1652 920 1723 ὐφίστησι
968 1652 1027 1706 δε
1073 1654 1103 1705 6
1152 1651 1303 1719 Υίὸς,
1342 1653 1441 1706 οὐκ
1485 1653 1593 1724 ipa
1622 1651 1733 1704 τῶν
1769 1650 1885 1720 μετ’

292 1742 450 1797 αὑτὸν
501 1742 656 1796 ἔσται
691 1742 999 1815 συγγενὴς,
1034 1741 1174 1797 ἀλλὰ
1213 1743 1294 1814 τῷ
1344 1745 1411 1798 εκ
1447 1740 1523 1813 μὴ
1561 1730 1732 1795 ὄντων
1775 1740 1879 1809 ὐφ-

292 1833 513 1889 ιειεῶντι
542 1834 854 1905 όμοούσιος.
872 1833 955 1887 Τὰ
976 1833 1198 1906 γάρτῆς
1227 1834 1400 1905 αὐτῆς
1426 1832 1711 1906 ἔνεργείας
1729 1832 1881 1896 ὄντα,

290 1924 384 1979 καὶ
405 1925 507 1995 τῆς
536 1923 712 1994 αὐτῆς
738 1924 925 1988 οὐσίας
956 1922 1359 1997 ὡμολόγηνται.

969 2128 1175 2180 ΔΛΛΟ.

356 2240 421 2294 Ei
454 2239 522 2294 τά
546 2240 650 2311 τῆς
690 2240 861 2311 αὐτῆς
902 2241 1185 2313 ἐνεργείας
1229 2238 1666 2311 ἀπαραλλάκτως
1698 2240 1880 2312 ὑπάρ-

286 2348 470 2404 χοντα,
522 2334 622 2386 καὶ
663 2335 765 2405 τῆς
794 2333 970 2397 αὐτῆς
1000 2332 1188 2396 οὐσίας
1223 2332 1624 2404 ὡμολόγηνται,
1673 2331 1789 2386 ἐστι
1822 2333 1879 2387 δὲ

286 2424 385 2496 τῆς
414 2425 589 2495 αὐτῆς
632 2424 711 2495 τῷ
744 2416 921 2496 Hirpi.
970 2422 1253 2495 ἐνεργείας
1294 2425 1323 2477 6
1372 2423 1521 2493 Υἱὸς,
1565 2424 1745 2477 πάντα
1778 2424 1881 2478 ὅσα

289 2519 434 2570 ποιεῖ
456 2518 550 2569 καὶ
583 2516 747 2581 αὐτὸς
777 2516 983 2587 ὁμοίως
1018 2516 1214 2579 ποιῶν,
1243 2515 1693 2587 ὁμολογουμένως
1725 2516 1878 2571 ἔσται

288 2608 381 2663 καὶ
419 2608 520 2679 τῆς
569 2608 743 2680 αὐτῆς
771 2609 996 2675 οὐσίας,
1042 2608 1131 2663 διά
1176 2608 1238 2662 τὸ
1272 2608 1367 2663 καὶ
1406 2607 1505 2677 τῆς
1534 2607 1705 2679 αὐτῆς
1736 2602 1879 2663 εἶναι

290 2700 594 2772 ὐνεργείας.

971 2820 1175 2874 ΔΛΛΟ.

359 2926 423 2983 El
453 2928 617 2999 φύσει
643 2930 777 2994 Θεός
807 2932 955 2984 ἔστιν
987 2931 1015 2983 6
1041 2929 1251 3001 Πατὴρ,
1281 2929 1400 2983 ἀλλ’
1422 2929 1484 2983 οὐ
1515 2933 1742 3003 μετοχῇ,
1762 2929 1879 2985 Ιστι

292 3017 347 3071 δδ
377 3019 537 3089 φύσει
562 3019 698 3084 Θεὸς
744 3022 837 3074 καλ¹
866 3022 897 3075 6
933 3020 1079 3085 Υἱός.
1118 3022 1290 3093 Είπερ
1318 3021 1427 3075 τῶν
1467 3023 1607 3075 κατά
1642 3023 1876 3095 μετοχὴν

295 3111 581 3182 ὑπερέχει,
633 3113 734 3183 τῆς
762 3113 934 3185 αὐτῆς
963 3113 1072 3185 ipa
1122 3112 1345 3183 φύσεως
1370 3112 1521 3170 ἔσται
1563 3114 1641 3188 τῷ
1674 3116 1871 3187 Haupt,

294 3200 405 3257 ἀλλ’
430 3204 490 3257 οὐ
521 3206 635 3268 τοῖς
664 3204 809 3259 κατὰ
844 3208 1102 3279 μετοχὴν.

960 3402 1165 3460 MAG.

355 3534 417 3591 ιι
451 3534 690 3606 μετοχῇ,
724 3532 839 3586 ἀλλ’
878 3534 938 3586 οὐ
972 3534 1153 3604 φύσει,
1183 3535 1317 3601 Θεὸς
1354 3538 1384 3591 6
1414 3537 1560 3602 Υἱὸς,
1590 3536 1776 3591 πολλοὶ
1812 3538 1869 3591 δὲ

292 3628 339 3682 ei
386 3627 527 3681 κατά
583 3626 822 3697 μετοχὴν
872 3626 1021 3692 θεοὶ,
1074 3628 1225 3683 οὐδὲν
1265 3629 1373 3700 ipa
1419 3628 1702 3693 πλεονάζει
1762 3628 1872 3681 τῶν

294 3716 497 3771 πολλῶν
526 3717 608 3779 εἰς
638 3715 915 3786 ὑπεροχὴν
941 3717 1151 3781 οὐσίας.
1182 3718 1246 3771 Εἰ
1278 3718 1333 3772 δὲ
1360 3718 1435 3789 μὴ
1462 3718 1615 3771 ἔσται
1644 3720 1866 3789 μετοχῇ.

291 3808 368 3861 δτι
397 3808 504 3861 τῶν
528 3805 673 3859 κατὰ
704 3807 940 3878 μετοχὴν
968 3808 1131 3873 αὐτός
1156 3810 1270 3862 ἐστι
1298 3810 1548 3881 ποιητὴς,
1579 3812 1677 3880 τῆς
1700 3809 1871 3879 αὐτῆς

291 3903 395 3973 ipa
441 3899 659 3970 φύσεως
710 3897 863 3953 ἔσται
913 3900 992 3971 τῷ
1052 3901 1251 3973 Hirpi,
1299 3900 1415 3955 ἀλλ’
1460 3900 1521 3954 οὐ
1566 3903 1676 3963 τοῖς
1728 3898 1871 3954 κατά

294 3994 541 4066 μετοχὴν·

963 4102 1167 4158 ΔΛΛΟ.

357 4222 419 4275 EI
459 4224 613 4276 πᾶσα
645 4220 804 4275 οὐσία
843 4216 1058 4287 λογικὴ,
1089 4215 1151 4269 οὐ
1201 4214 1350 4287 μόνῳ
1394 4215 1474 4286 τῷ
1508 4214 1704 4283 θέλειν,
1734 4216 1872 4269 ἀλλὰ

290 4314 382 4366 καὶ
408 4312 488 4383 τῷ
518 4314 768 4382 ἐνεργεῖν
796 4310 889 4363 καὶ
933 4308 1162 4379 πάσχειν
1198 4308 1543 4379 δημιουργεῖ,
1582 4307 1716 4378 μόνη
1752 4308 1867 4380 δὲή

292 4402 584 4474 άγέννητος
617 4402 781 4455 οὐσία
802 4401 880 4471 τῷ
907 4400 1083 4454 θέλειν
1110 4399 1203 4453 καὶ
1236 4399 1311 4471 μὴ
1340 4399 1592 4470 πάσχειν,
1617 4400 1787 4454 θέλων
1813 4402 1870 4455 δὲ

293 4496 380 4549 καὶ
417 4496 493 4566 μὴ
538 4494 767 4564 πάσχων
802 4492 1124 4562 δημιουργεῖ
1151 4492 1179 4543 6
1210 4490 1360 4553 Υἱὸς,
1398 4490 1498 4560 τῆς
1542 4492 1601 4544 ὲν
1647 4491 1866 4562 θελήσει

1991 661 2097 718 que
2112 645 2457 718 praestantior
2477 658 2638 728 quam
2656 643 2748 714 qui
2772 642 3064 712 adoptione
3082 660 3098 711 ;
3125 641 3571 699 consubstantia-

1990 738 2260 807 lisitsque
2281 744 2364 792 est
2398 735 2509 792 Deo
2540 737 2632 806 qui
2659 750 2783 790 eum
2812 749 2922 792 non
2944 735 3257 806 adoptione,
3291 736 3389 793 sed
3445 751 3573 793 vere

1991 843 2055 884 ac
2080 827 2405 884 naturaliter
2430 829 2639 900 genuit.

2656 941 2892 1001 ALIUD.

2064 1057 2123 1112 Si
2162 1056 2307 1128 quod
2329 1054 2762 1111 substantialiter
2788 1055 3030 1126 genitum
3063 1065 3166 1122 est,
3192 1057 3458 1129 genitoris
3486 1074 3577 1116 es-

1990 1150 2220 1205 sentiam
2248 1148 2509 1220 possidet,
2532 1148 2738 1204 habens
2770 1163 2893 1205 eam
2917 1148 2970 1203 in
2998 1164 3057 1204 se
3078 1167 3091 1204 :
3110 1149 3277 1206 Filius
3300 1164 3431 1206 vero
3450 1165 3578 1222 pos-

1988 1241 2133 1296 sidet
2160 1240 2346 1296 omnia
2368 1255 2487 1312 quae
2510 1239 2690 1296 Patris
2728 1248 2897 1309 sunt;
2934 1240 3303 1298 essentialiter
3329 1256 3464 1313 ergo
3481 1256 3577 1313 ge-

1987 1332 2135 1387 nitus
2163 1338 2269 1388 est.

2657 1443 2892 1501 ALiUD.

2061 1553 2123 1609 Si
2157 1567 2317 1609 nemo
2345 1561 2467 1624 post
2495 1551 2695 1607 Filium
2729 1566 2794 1607 ex
2828 1551 3001 1607 nihilo
3050 1550 3389 1610 substantias
3448 1569 3578 1625 pro-

1990 1645 2161 1712 ducit,
2194 1645 2448 1716 producit
2475 1653 2658 1699 autem
2685 1642 2897 1700 Filius:
2930 1658 3037 1700 non
3071 1644 3239 1715 igitur
3263 1646 3372 1702 erit
3423 1648 3577 1717 ejus-

1990 1736 2111 1792 dem
2140 1737 2363 1807 generis
2396 1751 2521 1793 cum
2548 1736 2615 1791 iis
2650 1735 2744 1806 qui
2777 1746 2899 1807 post
2932 1738 3107 1807 ipsum
3132 1746 3281 1805 sunt,
3341 1738 3437 1795 sed
3496 1741 3575 1795 illi

1989 1828 2083 1897 qui
2120 1843 2185 1883 ex
2214 1828 2386 1883 nihilo
2417 1827 2672 1898 producit
2701 1827 3213 1883 consubstantialis.
3238 1828 3371 1896 Quae
3426 1832 3575 1885 enim

1909 1898 1958 1959 Β
1984 1919 2225 1989 ejusdem
2249 1919 2477 1977 actionis
2495 1919 2939 1991 operationisque
2972 1928 3117 1987 sunt,
3137 1920 3377 1990 ejusdem
3407 1922 3575 1977 etiam

1982 2020 2111 2067 sunt
2136 2012 2476 2069 substantize.

2658 2124 2891 2184 ALIUD.

2056 2234 2113 2290 Si
2148 2250 2267 2306 qua:
2296 2235 2538 2306 ejusdem
2558 2250 2783 2307 prorsus
2833 2235 3089 2293 actionis
3122 2238 3576 2309 operationisque

1985 2337 2131 2395 sunt,
2162 2330 2407 2403 ejusdem
2426 2337 2481 2385 et
2511 2329 2831 2385 substantia
2863 2340 3011 2399 sunt,
3045 2338 3100 2386 et
3132 2330 3307 2386 Filius
3328 2331 3572 2401 ejusdem

1984 2428 2071 2475 est
2088 2434 2207 2474 cum
2237 2419 2397 2475 Patre
2414 2420 2671 2485 actionis,
2707 2422 2888 2476 omnia
2910 2437 3033 2493 qua:
3066 2422 3195 2479 facit
3217 2422 3380 2480 Pater
3413 2428 3573 2480 smi-

1984 2509 2109 2565 liter
2136 2520 2191 2565 et
2219 2511 2333 2580 ipse
2352 2506 2701 2577 faciens,erii
2728 2522 2876 2569 certe
2906 2516 3068 2570 etiam
3104 2517 3348 2589 ejusdem
3381 2531 3572 2574 essen-

1987 2602 2094 2668 tiae,
2123 2602 2243 2658 ideo
2264 2602 2404 2671 quod
2428 2602 2667 2673 ejusdem
2699 2606 2772 2661 sit
2802 2607 3155 2677 operationis.

2665 2804 2895 2861 ALIUD.

2056 2916 2113 2973 Si
2139 2920 2298 2976 Pater
2324 2930 2403 2977 cst
2423 2920 2745 2979 naturaliter
2774 2920 2941 2988 Deus,
2966 2938 3069 2978 non
3110 2933 3291 2980 autem
3346 2928 3574 2995 partici-

1983 3012 2221 3079 patione,
2250 3023 2336 3067 est
2362 3028 2490 3069 vero
2514 3014 2676 3067 etiam
2701 3012 2875 3068 Filius
2906 3015 3227 3070 naturaliter
3262 3017 3424 3075 Deus.
3494 3020 3572 3075 At

1984 3102 2028 3155 si
2063 3102 2130 3157 iis
2154 3103 2245 3172 qui
2267 3103 2681 3173 participatione
2713 3106 2784 3159 dii
2813 3105 2942 3160 lium
2972 3106 3127 3178 longe
3157 3119 3241 3165 est
3276 3113 3565 3182 superior:

1904 3234 1947 3291 ϐ
1981 3192 2223 3264 ejusdem
2252 3209 2382 3264 ergo
2409 3205 2617 3251 naturae
2670 3195 2776 3251 erit
2805 3212 2926 3251 cum
2975 3197 3155 3266 Patre,
3216 3217 3323 3258 non
3383 3215 3565 3263 autem

1983 3299 2104 3337 cum
2139 3285 2203 3339 iis
2234 3286 2325 3354 qui
2376 3287 2721 3355 participant.

2666 3399 2898 3457 ALIUD.

2055 3530 2110 3584 Si
2147 3532 2579 3601 participatione,
2611 3549 2716 3588 non
2785 3544 2963 3589 autem
3010 3544 3225 3602 natura,
3272 3540 3383 3612 83
3420 3539 3567 3599 Deus

1982 3631 2062 3676 cst
2122 3622 2314 3689 Filius,
2351 3624 2504 3678 multi
2541 3639 2670 3679 vero
2699 3634 2824 3678 sunt
2854 3626 3273 3695 participatione
3300 3632 3394 3695 ιιίὶ,
3429 3631 3561 3685 nihil

1982 3715 2166 3785 itaque
2185 3716 2448 3785 dignitate
2466 3717 2720 3773 essentia:
2748 3717 2871 3771 aliis
2889 3721 3177 3775 antecellit.
3215 3721 3270 3775 Si
3291 3736 3418 3775 vero
3454 3738 3561 3777 non

1979 3806 2396 3875 participatione
2424 3809 2561 3879 (ipse
2582 3808 2725 3864 enim
2759 3818 2841 3863 est
2863 3810 3103 3867 omnium
3128 3810 3219 3880 qui
3236 3814 3565 3882 participant

1980 3898 2501 3970 creator),ejusdem
2534 3901 2699 3971 igitur
2722 3904 2826 3958 erit
2853 3914 3061 3960 natura:
3095 3922 3215 3960 cum
3248 3906 3428 3973 Patre,
3457 3924 3564 3964 non

1979 4004 2101 4045 cum
2132 3990 2200 4047 iis
2233 3994 2326 4062 qui
2349 3992 2698 4064 participant.

2652 4106 2885 4163 ALIUD.

2055 4218 2109 4274 Si
2142 4219 2319 4275 omnis
2346 4221 2580 4275 essentia
2614 4222 2913 4288 rationalis,
2948 4240 3053 4281 non
3102 4225 3381 4284 voluntate
3414 4229 3560 4299 sola,

1981 4311 2074 4366 sed
2105 4312 2315 4381 agendo
2334 4321 2391 4366 et
2420 4313 2674 4381 patiendo
2697 4324 2955 4382 operatur
2992 4332 3005 4368 :
3034 4317 3146 4371 sola
3180 4328 3359 4373 autem
3407 4314 3562 4391 inge-

1980 4404 2092 4458 nita
2127 4404 2364 4459 essentia
2398 4404 2630 4460 volendo
2663 4414 2718 4459 et
2740 4422 2846 4485 non
2873 4408 3125 4476 patiendo
3161 4424 3176 4463 :
3212 4412 3401 4469 volens
3427 4428 3557 4469 vero

1979 4498 2167 4553 etnon
2202 4498 2412 4568 patiens
2454 4507 2712 4570 operatur
2752 4499 2958 4568 Filius;
2992 4502 3110 4572 ejus
3140 4519 3269 4575 ergo
3310 4509 3563 4565 cssentia

295 4587 426 4660 μόνῃ
458 4584 905 4656 δημιουργούσης
953 4582 1141 4645 οὐσίας
1187 4580 1361 4649 ἐστὶν,
1413 4580 1529 4634 ἀλλ’
1557 4583 1617 4635 οὐ
1644 4583 1744 4653 τῆς
1782 4585 1868 4636 ὲν-

1999 4599 2199 4660 :stqua:
2230 4590 2507 4647 voluntate
2545 4590 2662 4647 sola
2710 4602 2991 4661 operatur,
3050 4610 3155 4648 non
3208 4610 3304 4667 per
3349 4598 3561 4668 passio.

293 4677 555 4747 εργούσης
582 4674 725 4728 κατὰ
752 4672 948 4737 πάθος.

962 4785 1165 4840 ΔΛΛΟ.

358 4904 419 4958 EI
458 4904 566 4959 πᾶν
613 4902 675 4955 τὸ
714 4903 985 4971 γεννῆσαν
1023 4900 1085 4955 οὐ
1128 4898 1303 4964 νόθον,
1354 4898 1643 4969 ὸμοοΰσιον
1689 4900 1870 4971 ἑαυτῷ

294 4996 605 5065 γεγέννηκε,
638 4994 937 5065 γεγέννηκε
982 4992 1039 5045 δὲ
1082 4993 1110 5044 6
1139 4991 1271 5054 Θεὸς
1300 4991 1391 5044 τὸν
1420 4992 1734 5063 Μονογενῆξ
1770 4993 1871 5046 οὐκ

297 5084 421 5138 ὄντα
443 5085 619 5151 νόθον,
663 5085 948 5154 ὁμοοὺσιον
978 5081 1087 5153 ipa
1127 5079 1303 5151 ἑαυτῷ
1329 5080 1678 5151 γεγέννηκεν.
1713 5081 1775 5134 Εί
1812 5082 1869 5133 δὲ

296 5176 454 5239 γεννᾷ
507 5174 631 5245 μὶν,
665 5174 818 5235 νόθον
851 5175 907 5227 δὲ
933 5172 1202 5245 γεννήσας
1235 5172 1297 5227 οὐ
1328 5172 1645 5243 γεγέννηκε.
1675 5174 1870 5246 Χεῖρον

190 5322 201 5331 _
296 5264 401 5336 γάρ
426 5266 487 5319 τὸ
516 5266 671 5343 τεαρά
702 5265 863 5336 φύσιν
886 5261 984 5319 τοῦ
1018 5264 1262 5336 ιιηδόλως
1290 5265 1673 5335 γεγεννῆσθαι.

958 5472 1162 5526 ΑΛΔΟ.

362 5584 426 5641 Ei
470 5585 562 5640 τὸν
610 5588 889 5659 Μονογενῆ
961 5588 1230 5657 γεννήσας
1278 5587 1308 5639 6
1363 5586 1496 5650 Θεὸς
1542 5588 1637 5641 καὶ
1682 5591 1869 5661 Πατὴρ

292 5682 613 5752 κρειττόνως
651 5681 811 5751 ἡμῶν
864 5680 1203 5751 γεγέννηκε,
1254 5679 1552 5747 γεννῶντες
1603 5680 1658 5734 δὲ
1707 5683 1870 5751 ἡμεῖς

289 5770 717 5842 κροῦπάρχομεν
746 5770 856 5823 τῶν
883 5772 1322 5843 γεγεννημένων,
1350 5773 1485 5838 Θεὸς
1528 5776 1634 5846 ipa
1662 5778 1869 5845 γεννῶν

288 5862 351 5916 οὐ
409 5863 772 5935 προῦπάρχει.
827 5863 892 5916 EI
940 5862 998 5917 δὲ
1050 5864 1314 5930 ὡσαύτως
1358 5868 1491 5940 ἡμῖν
1540 5870 1868 5941 γεγέννηκεν

604 5960 873 6021 ΡΑττιοῐ..
921 5958 1035 6021 Gn.
1086 5962 1311 6025 LXXV.

1975 4697 2119 4737 nem.

2639 4796 2871 4853 ALIUD.

2047 4908 2101 4963 Si
2132 4908 2394 4979 quidquid
2421 4913 2610 4982 genuit
2636 4928 2742 4968 non
2782 4912 3053 4982 spurium,
3091 4918 3562 4975 consubstantiale

1974 4999 2078 5054 sibi
2105 5001 2203 5070 ipsi
2236 5003 2441 5069 genuit,
2466 5002 2610 5058 Deus
2632 5012 2813 5058 autem
2840 5005 3026 5073 genuit
3053 5005 3425 5077 Unigenitum,
3448 5024 3559 5065 non

1974 5094 2256 5161 spurium;
2288 5095 2953 5166 ergo'consubstantialem
2982 5098 3084 5153 sibi
3109 5102 3317 5169 genuit.
3349 5100 3406 5156 Si
3435 5102 3563 5172 qui-

1973 5183 2098 5240 dem
2129 5186 2322 5255 gignit,
2352 5187 2445 5242 sed
2476 5190 2721 5257 spnrium
2752 5188 2985 5258 gignens
3003 5205 3108 5245 non
3135 5192 3343 5259 genuit.
3401 5191 3562 5263 Pejus

1974 5279 2119 5333 enim
2152 5288 2233 5333 est
2268 5289 2465 5349 praeter
2495 5289 2744 5335 naturam
2772 5294 2916 5348 esse,
2952 5298 3115 5353 quam
3163 5284 3215 5339 in
3244 5285 3560 5341 universum

1976 5369 2219 5436 genitum
2251 5384 2355 5424 non
2384 5386 2524 5427 esse.

2648 5484 2878 5542 ALIUD.

2045 5595 2101 5650 Si
2135 5611 2255 5651 cum
2294 5596 2437 5651 Deus
2486 5610 2549 5651 ac
2578 5596 2737 5653 Pater
2774 5597 3122 5669 Unigenitum
3172 5604 3358 5672 genuit
3406 5604 3563 5673 longe

1973 5686 2348 5756 praestantiore
2381 5688 2539 5741 modo
2582 5704 2744 5757 quam
2774 5705 2873 5745 nos
2895 5693 3113 5761 genuit;
3148 5708 3249 5748 nos
3280 5709 3410 5749 vero
3438 5710 3561 5749 cum

1975 5788 2299 5846 generamus
2351 5776 2563 5843 priores
2612 5792 2772 5845 quam
2816 5781 2907 5847 qui
2955 5797 3021 5837 ex
3063 5784 3218 5839 nobis
3268 5785 3563 5855 gignuntur

1976 5867 2322 5936 exsistimus;
2354 5866 2498 5925 Dcus
2518 5881 2648 5941 ergo
2668 5868 2859 5927 Filium
2881 5873 3105 5945 gignens
3133 5876 3281 5943 prior
3306 5880 3421 5948 ipso
3452 5894 3557 5933 non

3172 5972 3205 6032 5
