3922 6468
427 460 528 515 ιε.
1404 438 1461 493 S.
1506 432 1779 494 CYRILLI
1820 430 1976 487 Απιεῖ

2129 427 2290 484 )RINI
2331 424 2653 482 ARCHIEP.
3578 422 3678 477 ιιι

1100 558 1327 613 ALIUD.
2025 554 2069 609 A

2025 554 2069 609 Δ
2778 543 2981 599 ΑΛΔΟ.

491 684 619 749 Qua:
648 678 887 747 ejusdem
924 673 1242 731 substantiae
1271 678 1397 726 sunt
1428 677 1483 725 et
1537 678 1768 732 naturas,
1813 665 1989 734 magis

2164 660 2247 713 Τὰ
2275 660 2374 729 τῆς
2414 659 2583 729 αὐτῆς
2626 657 2814 721 οὐσίας
2855 656 2985 709 ὄντα
3037 653 3133 706 καὶ
3179 651 3396 721 φύσεως
3437 650 3531 704 καὶ
3577 652 3676 721 τὴν

419 746 584 828 etiam
622 769 840 842 proprie
865 768 1009 822 inter
1039 778 1099 820 se
1132 760 1365 818 conferri
1394 768 1649 830 possunt;
1682 772 1801 828 quae
1861 770 1968 811 veri

2130 752 2232 823 πρὸς
2262 751 2467 821 ἄλληλα
2513 750 2803 821 σύγκρισιν
2832 746 3176 819 κυριωτέραν
3222 746 3561 815 ἐπιδέχεται·
3607 755 3679 797 τα

422 865 497 918 ita
524 834 644 919 sese
668 834 779 915 non
812 860 1032 921 habent,
1058 856 1151 909 sed
1174 854 1403 908 diversa:
1431 858 1642 905 natura;
1661 857 1808 910 sunt,
1828 856 1971 916 atqut

2131 848 2145 896 ὲ
2181 844 2256 915 μὴ
2279 842 2448 907 οὕτως
2477 842 2689 913 ἔχοντα,
2720 837 2989 912 ἑτεροφυῆ
3012 837 3070 891 δὲ
3092 837 3245 902 ὄντα,
3265 836 3363 890 καὶ
3391 836 3479 889 διὰ
3516 834 3680 889 τοῦτο

418 969 483 1009 ea
518 956 585 1009 de
612 964 775 1008 causa
799 948 1117 1005 diversitate
1142 941 1385 1014 quadam
1418 941 1561 997 inter
1594 954 1655 996 se
1711 939 1965 995 distincta

2129 936 2401 1007 εμνόμενα
2456 934 2589 1006 πρὸς
2645 932 3071 1004 ἀλλοτριότητα,
3128 930 3228 983 οὐκ
3286 929 3355 983 ἂν
3421 927 3678 1000 ἀλλήλοις

419 1042 719 1115 comparari
767 1039 871 1097 sibi
910 1036 1138 1094 invicem
1190 1049 1296 1088 non
1334 1040 1583 1103 possunt.
1634 1028 1819 1098 Neque
1843 1027 1968 1083 enin

2133 1030 2478 1100 υγκρὶνοιτο·
2507 1025 2833 1082 ἀπαιδευσία
2867 1025 2977 1096 γὰρ
3008 1022 3170 1077 τοῦτό
3212 1039 3296 1091 γε.
3343 1024 3419 1076 Οὐ
3448 1022 3559 1093 γὰρ
3609 1020 3682 1075 ἄν

421 1110 706 1207 quisquam
727 1132 832 1188 nisi
854 1129 1042 1201 judicii
1070 1128 1248 1197 inops,
1274 1123 1507 1181 hominis
1538 1131 1788 1177 naturam
1813 1118 1970 1189 inqui!

2130 1136 2177 1182 ις
2206 1118 2350 1171 εἴποι
2374 1118 2498 1172 νοῦν
2530 1116 2687 1187 ἔχων,
2715 1114 2939 1186 μείζονα
2960 1114 3057 1168 τοῦ
3081 1112 3371 1184 ἀνθρώπου
3406 1113 3498 1165 τὸν
3522 1110 3678 1182 βοῦν,

420 1200 734 1292 ιῖεηειιίοει,
764 1200 955 1281 berem
979 1220 1199 1277 homine
1226 1215 1493 1287 majorem
1521 1227 1666 1277 esse,
1706 1220 1798 1266 aut
1828 1211 1969 1266 vicis

2133 1210 2200 1281 ὴν
2228 1209 2517 1280 ἀνθρώπου
2542 1208 2703 1278 φύσιν
2733 1204 3003 1278 ἐρευνῶν·
3035 1206 3146 1259 οὐδ’
3175 1200 3243 1259 αὖ
3278 1203 3438 1258 πάλιν
3457 1203 3559 1274 τὴν
3578 1202 3680 1258 τοῦ

419 1320 521 1376 sim
534 1318 685 1374 bovis
704 1326 952 1372 naturam
997 1327 1157 1370 nosse
1185 1309 1394 1372 volens,
1424 1306 1569 1362 dicat
1595 1303 1869 1361 hominem
1918 1317 1968 1357 et

2134 1302 2221 1366 οὺς
2245 1301 2511 1372 ἐκμαθεῖν
2542 1301 2802 1372 βούλοιτο,
2821 1298 3045 1371 μείζονα
3060 1298 3253 1351 τούτου
3278 1298 3368 1350 τὸν
3390 1296 3681 1369 ἄνθρωπον

418 1411 678 1480 majorem
706 1422 846 1463 esse.
893 1405 1023 1473 Quae
1064 1403 1206 1458 enim
1238 1398 1479 1470 ejusdem
1512 1407 1721 1452 naturae
1761 1408 1826 1450 ac
1864 1406 1967 1464 spe

2136 1396 2260 1465 ἐγοι.
2294 1394 2377 1449 Τὰ
2404 1394 2515 1465 γὰρ
2552 1395 2763 1464 ὁμοφυῆ
2795 1408 2857 1446 τε
2886 1392 2983 1445 καὶ
3010 1389 3233 1461 ὁμοειδῆ
3260 1428 3274 1452 ,
3316 1388 3569 1460 καθάπερ
3598 1386 3685 1440 εἷς

418 1478 521 1557 eiei
548 1509 692 1564 sunt,
717 1509 777 1553 ut
803 1498 1003 1552 dictum
1031 1502 1134 1558 est,
1168 1507 1228 1546 ea
1255 1489 1540 1546 commode
1572 1496 1808 1556 apteque
1850 1485 1967 1539 inte

2135 1501 2282 1555 ηται,
2315 1484 2417 1556 τὴν
2445 1483 2580 1555 πρὸς
2607 1482 2813 1553 ἄλληλα
2840 1479 3134 1552 σύγκρισιν
3166 1478 3461 1532 ἀκόλουθόν
3483 1494 3545 1530 τε
3574 1478 3684 1530 καὶ

417 1592 868 1650 seeonferuntur.
906 1589 962 1642 Si
1004 1588 1187 1656 itaque
1213 1583 1513 1645 confertur,
1538 1580 1832 1635 secundum
1875 1592 1966 1633 vos

2133 1576 2414 1647 τρέπουσαν
2442 1574 2579 1659 ἔχει.
2607 1575 2671 1627 Εἰ
2709 1573 2891 1627 τοίνυν
2918 1572 3310 1644 συγκρίνεται,
3346 1572 3469 1625 καθ’
3504 1571 3682 1641 ὑμᾶς.

419 1685 590 1741 Filius
613 1698 735 1739 cum
756 1680 934 1744 Patre,
968 1678 1177 1733 ratione
1208 1673 1429 1744 majoris
1462 1680 1518 1728 et
1570 1671 1820 1735 minoris,
1860 1685 1961 1724 con

2147 1669 2274 1732 Υἱὸς
2300 1668 2378 1739 τῷ
2410 1668 2585 1739 Πατρὶ
2614 1666 2754 1720 κατὰ
2781 1666 2843 1719 τὸ
2878 1663 3063 1737 μεῖζον
3088 1665 3185 1720 καὶ
3218 1664 3458 1729 ἔλαττον,
3483 1664 3684 1735 ὀμοού-

419 1773 791 1833 substantialis
818 1780 968 1827 eerte
991 1782 1164 1838 neque
1197 1766 1447 1821 diversus
1474 1764 1543 1819 ab
1571 1776 1637 1818 eo
1693 1761 1821 1817 erit.
1851 1760 1968 1816 Con

2189 1782 2210 1828 ;
2248 1764 2359 1835 ἄρα
2389 1762 2483 1817 καὶ
2504 1763 2605 1816 οὐκ
2636 1761 2915 1833 ἀλλότριος
2942 1758 3111 1816 αὐτοῦ
3146 1762 3313 1813 ἔστιν.
3359 1757 3738 1829 Ὀμοούσιονι

417 1862 766 1921 substantiale
796 1871 1112 1915 autemnon
1147 1864 1325 1927 potest
1388 1850 1843 1909 censubstantiali
1881 1864 1966 1904 ma

2137 1853 2155 1905 ὲ
2180 1850 2470 1921 ὁμοουσίου
2497 1851 2598 1904 οὐκ
2628 1848 2696 1903 ἂν
2720 1848 2931 1919 γένσιτο
2961 1848 3145 1921 μεῖξον
3168 1848 3262 1901 καὶ
3286 1846 3512 1900 ’ἔλαττον
3535 1848 3686 1900 κατὰ

412 1956 501 2023 jus
524 1952 811 2007 autminus
848 1963 969 2005 esse
993 1944 1544 2003 rationesubstnntire
1580 1959 1597 1999 :
1644 1957 1820 2012 neque
1848 1942 1955 1996 enit

2133 1944 2187 1998 δν
2218 1944 2318 2015 τῆς
2350 1943 2538 2005 οὐσίας
2566 1943 2720 2012 λόγον
2750 1960 2763 1972 ·
2792 1943 2853 1996 οὐ
2886 1942 2994 2013 γὰρ
3021 1940 3225 2013 μείζων
3252 1940 3539 2010 ἄνθρωπος
3578 1941 3682 1992 ἀν-

420 2048 583 2102 homo
612 2044 827 2099 homine
856 2040 1029 2110 major
1052 2049 1157 2104 est,
1183 2047 1453 2109 quatenus
1488 2037 1645 2093 homo
1667 2046 1769 2091 est.
1794 2034 1969 2106 Equa

2135 2034 2340 2105 ρώπου,
2372 2036 2509 2089 καθὸ
2539 2034 2847 2106 ἄνθρωπος.
2885 2035 3029 2098 Ἴσος
3063 2034 3171 2105 ἄρα
3196 2032 3275 2103 τῷ
3306 2032 3481 2104 Πατρὶ
3521 2031 3618 2085 καὶ
3653 2034 3684 2085 6

418 2137 487 2191 lis
520 2136 683 2207 igitur
711 2142 794 2190 est
821 2145 875 2187 et
898 2130 1377 2188 consubstantialis
1442 2129 1584 2182 Patri
1658 2126 1863 2193 Filius;
1908 2142 1965 2181 ra

2136 2128 2221 2191 ’ίὸς
2272 2128 2369 2183 καὶ
2411 2128 2734 2199 ὀμοούσιος⁶
2780 2127 3142 2198 οἰκονομικῶς
3188 2126 3244 2180 δὲ
3295 2124 3543 2196 εἰρῆσθαι
3592 2141 3685 2176 πι-

420 2231 567 2285 tione
591 2242 720 2284 vero
747 2224 1132 2282 incarnationis
1164 2222 1435 2279 credimus
1467 2220 1677 2275 Patrem
1708 2218 1969 2287 majorem

2135 2220 2368 2291 τεύομεν
2402 2222 2497 2274 ἐπὶ
2530 2219 2627 2273 τοῦ
2676 2220 2891 2292 Πατρὸς
2930 2221 2991 2274 τὸ
3033 2217 3239 2290 μεῖζον.
3266 2218 3394 2271 Ὅτε
3441 2215 3551 2287 γὰρ
3588 2217 3683 2270 ὲν-

419 2338 449 2375 s
481 2319 616 2375 Filio
643 2329 917 2375 vocatum.
932 2317 1161 2385 Quando
1175 2315 1321 2372 enim
1341 2313 1733 2370 humanitatem
1747 2326 1968 2382 assump

2138 2312 2472 2383 νθρωπήσας
2503 2312 2788 2382 φαίνεται,
2820 2312 2943 2365 τότε
2979 2311 3075 2365 καί⁸
3103 2308 3261 2364 τοῦτό
3286 2324 3451 2379 φησιν
3475 2307 3550 2372 ὡς
3579 2307 3682 2365 ἄν·

420 2413 512 2480 sit,
543 2421 657 2467 tum
689 2409 849 2466 etiam
884 2417 943 2463 ut
972 2409 1132 2463 homo
1161 2408 1264 2462 hoc
1299 2404 1460 2462 dixit.

785 2424 849 2463 nn
884 2417 943 2463 ut
972 2409 1132 2463 homo
1161 2408 1264 2462 hoc
1299 2404 1460 2462 dixit.
2096 2400 2334 2471 θρωπος.

1086 2518 1198 2573 ιιι
1209 2518 1317 2576 UD.

2766 2518 2950 2573 ΔΔΛΟ
2961 2554 2976 2569 .

486 2635 830 2706 Quaecunque
856 2633 1072 2703 proprie
1109 2636 1571 2703 comparationem
1601 2632 1742 2687 inter
1799 2645 1858 2687 se
1899 2630 1995 2685 ad-

2168 2633 2309 2686 Ὀσα
2368 2632 2467 2702 τὴν
2521 2632 2656 2702 πρὸς
2708 2632 2911 2702 ἄλληλα
2960 2630 3252 2701 σύγκρισιν
3298 2629 3504 2701 κυρίως
3565 2630 3686 2682 ἑπο-

422 2729 667 2793 mittunt,
696 2726 1180 2782 consubstantialia
1207 2726 1371 2779 etiam
1424 2737 1547 2783 sunt
1582 2742 1594 2776 :
1644 2724 1805 2778 homo
1847 2721 1971 2777 enin

2135 2723 2333 2793 ἔχεται,
2366 2722 2541 2778 ταῦτα
2570 2722 2790 2785 πάντως
2816 2724 2933 2777 ἐστὶ
2954 2724 3049 2776 καί
3074 2723 3338 2794 ὀμοούσια
3356 2739 3369 2752 ·
3391 2721 3684 2793 ἄνθρωπος

424 2819 650 2885 homini,
689 2827 744 2873 et
769 2832 945 2887 equus
972 2831 1112 2885 equo
1146 2814 1444 2870 confertur.
1498 2813 1811 2868 Diﬂ'erentia
1867 2828 1973 2867 veri

2136 2814 2205 2883 ἀρ
2237 2812 2512 2885 ἀνθρώπῳ
2536 2853 2552 2878 ,
2596 2816 2689 2868 καὶ
2720 2814 2886 2878 ίππος
2922 2815 3074 2885 ἵππῳ
3114 2813 3486 2884 συγκρίνεται.
3532 2814 3593 2866 Ἦ
3622 2813 3684 2867 δι

420 2911 605 2982 quaein
635 2911 700 2964 iis
729 2918 948 2978 estqua:
972 2906 1209 2973 ejusdem
1237 2904 1433 2973 speciei
1462 2915 1608 2966 sunt,
1653 2904 1707 2957 in
1738 2902 1963 2958 acciden

2131 2921 2153 2957 ν
2176 2905 2289 2967 τοῖς
2315 2904 2585 2975 ὁμοειδέσι
2610 2904 2845 2976 διαφορὰ
2874 2905 3005 2976 περί
3034 2904 3105 2958 τὰ
3133 2903 3520 2975 συμϐεϐηκότα
3538 2903 3680 2956 ἐστί·

424 3002 566 3057 tihus
600 2997 887 3063 consistit;
933 3006 1095 3064 atque
1143 2994 1275 3060 haec,
1316 3004 1373 3046 ut
1402 2991 1717 3063 plurimum,
1768 3007 1833 3046 ex
1873 3006 1970 3061 pas

2136 2995 2191 3049 αὶ
2225 2994 2421 3059 ταῦτα,
2449 2996 2525 3059 ὡς
2550 2997 2643 3049 επὶ
2668 2997 2939 3057 πλεῖστον.
2970 2998 3035 3049 ἐκ
3063 2996 3268 3059 πάθους
3298 2996 3527 3063 γίνεται,
3560 2992 3592 3063 ἢ
3621 2994 3685 3060 ἐξ

423 3092 713 3155 sione,aut
739 3092 842 3143 alia
878 3086 1132 3155 quapiam
1168 3098 1328 3138 causa
1352 3083 1505 3147 ﬁunt,
1542 3099 1647 3137 non
1686 3084 1740 3137 in
1788 3084 1972 3138 rationi

2137 3086 2291 3157 τέρας
2314 3086 2459 3150 τινὸς
2483 3086 2685 3153 αἰτίας,
2717 3087 2817 3140 οὐκ
2848 3088 2906 3140 ὲν
2932 3086 3010 3157 τῷ
3033 3086 3177 3158 λόγῳ
3204 3086 3307 3157 τῆς
3342 3086 3531 3150 οὐσίας
3566 3086 3686 3139 κεί-

423 3178 740 3235 substantiae
768 3178 873 3231 sita
904 3185 1050 3241 sunt,
1078 3176 1143 3230 de
1169 3190 1274 3244 qua
1307 3176 1632 3244 praedicetur
1652 3176 1865 3245 aliquod
1901 3190 1972 3230 ac-

2137 3194 2258 3241 ενα,
2287 3177 2411 3231 καθ’
2439 3172 2611 3249 οὗπερ
2656 3178 2723 3232 ἂν
2762 3178 3123 3249 κατηγοροῖτο
3165 3195 3219 3231 τι
3254 3175 3365 3231 τῶν
3415 3174 3686 3249 συμϐεϐη-

422 3273 737 3328 cidentium.
773 3270 844 3327 Ut
885 3268 1117 3338 exempli
1148 3268 1347 3338 gratia,
1388 3267 1549 3323 homo
1605 3270 1820 3323 homine
1876 3283 1971 3322 ma-

2139 3268 2292 3322 ότων.
2325 3263 2452 3322 Οἷον
2480 3269 2613 3340 φέρε
2642 3270 2816 3321 εἰπεῖν
2836 3309 2851 3333 ,
2897 3268 3188 3337 ἄνθρωπος
3233 3266 3522 3338 ἀνθρώπου
3567 3266 3688 3333 μεί-

417 3365 503 3433 jor
532 3374 638 3431 est,
663 3363 1038 3432 magnitudine
1073 3362 1320 3431 corporis
1347 3370 1403 3416 et
1436 3361 1646 3425 robore,
1666 3360 1835 3413 animi
1859 3376 1966 3429 prae

2137 3375 2228 3422 ων,
2270 3359 2492 3428 μεγέθει
2524 3358 2777 3431 σώματος
2828 3359 2923 3411 καὶ
2973 3358 3156 3428 ἰσχύϊ,
3185 3357 3367 3428 ψυχῆς
3397 3358 3686 3428 παραστή-

423 3456 617 3521 sentia,
660 3454 858 3509 mentis
891 3453 1177 3517 acumine;
1213 3452 1305 3506 sed
1354 3467 1457 3504 una
1480 3452 1729 3505 omnibus
1764 3458 1845 3505 est
1875 3450 1972 3505 sub

2135 3467 2256 3514 ατι,
2288 3453 2527 3516 διανοίας
2552 3451 2773 3523 ὀξύτητι
2795 3468 2811 3484 ο
2851 3451 2966 3504 ἀλλ’
3014 3446 3095 3514 εἷς
3145 3450 3245 3521 μὲν
3288 3450 3491 3504 ἅπασιν
3515 3451 3544 3503 6
3577 3449 3684 3518 τῆς

424 3548 634 3601 stantia:
662 3547 824 3608 ratio,
858 3559 962 3598 non
991 3558 1118 3599 vero
1148 3543 1443 3611 separatim
1471 3543 1522 3595 in
1572 3541 1797 3612 singulis
1828 3542 1973 3596 (livet

2133 3542 2284 3605 ὐσίας
2328 3541 2508 3610 λόγος,
2556 3542 2649 3596 καὶ
2678 3543 2740 3596 οὐ
2771 3543 3191 3614 μεμερισμένους
3222 3543 3280 3594 ἒν
3309 3541 3525 3610 ἑκάστῳ
3560 3540 3682 3593 διά-

424 3650 503 3688 sa.
550 3633 865 3688 Accidcntia
942 3640 1124 3686 autem
1192 3646 1255 3684 ex
1312 3632 1565 3701 passione
1634 3631 1796 3685 veluti
1860 3632 1973 3686 radi

2139 3650 2283 3703 ορος.
2310 3633 2392 3686 Τὰ
2424 3633 2479 3686 δὲ
2519 3633 2906 3705 συμσεὸηκότα
2941 3632 3099 3703 ῥίζαν
3149 3632 3260 3702 ἔχει
3288 3632 3352 3685 τὸ
3381 3632 3552 3695 πάθος
3572 3646 3589 3663 ο
3615 3633 3686 3686 ἐκ

424 3741 486 3779 ce
563 3726 862 3780 oriuntur:
923 3738 989 3778 ex
1058 3723 1309 3791 passione
1378 3723 1521 3777 enim
1595 3723 1841 3778 inﬁrmus
1905 3739 1973 3793 qu

2137 3722 2308 3787 ῖάθους
2348 3724 2457 3796 γὰρ
2487 3723 2719 3795 ἀσθενὴς
2765 3727 2795 3778 6
2836 3725 3109 3794 ἀσθενὴς,
3143 3725 3238 3777 καὶ
3281 3726 3311 3777 6
3339 3722 3546 3795 νωθρὸς
3581 3724 3686 3794 τὴν

422 3825 505 3870 est
570 3814 848 3878 inﬁrmus,
933 3823 987 3868 et
1093 3817 1280 3868 tardus
1362 3814 1630 3869 intellectu
1704 3814 1971 3884 timidoqtn

2136 3815 2357 3882 ιάνοιαν,
2390 3816 2483 3869 καὶ
2515 3817 2544 3869 ὁ
2576 3815 2781 3869 δειλίαν
2814 3815 2953 3886 ἔχων
2981 3817 3040 3868 ὲν
3070 3815 3240 3886 ψυχῇ.
3269 3815 3333 3868 Εἰ
3366 3815 3548 3867 τοίνυν
3580 3816 3685 3885 μία

425 3906 627 3960 animo.
657 3905 721 3960 Si
753 3920 882 3975 ergo
903 3919 1009 3958 una
1028 3914 1108 3959 est
1132 3914 1325 3959 natura
1351 3905 1650 3975 eademque
1680 3905 1974 3961 substantia

2136 3908 2199 3961 ,ὲν
2238 3908 2274 3978 ἡ
2308 3906 2472 3976 φύσις
2502 3908 2598 3961 καὶ
2624 3908 2724 3978 τῆς
2759 3908 2947 3971 οὐσίας
2972 3910 3001 3961 6
3024 3907 3183 3975 λόγος
3207 3910 3235 3960 6
3264 3907 3427 3970 αὐτὸς
3449 3909 3561 3970 τοῖς
3579 3907 3685 3977 τὴν

428 3997 568 4050 ratio
602 3997 668 4051 iis
692 4010 810 4064 qua:
828 3996 1045 4065 proprie
1105 3996 1247 4051 inter
1287 4010 1346 4049 se
1382 3996 1682 4065 comparari
1710 4004 1944 4066 possunt

2135 3996 2239 4068 πρὸς
2268 3998 2471 4069 ἄλληλα
2497 3998 2785 4069 σύγκρισιν
2818 4000 3024 4070 κυρίως
3054 3998 3482 4069 ἐπιδεχομένοις,
3516 3997 3585 4052 τὰ
3620 3998 3684 4051 δὲ

423 4102 545 4157 qua:
568 4102 692 4143 vero
716 4086 1037 4141 substantiis
1068 4086 1322 4141 accidunt
1356 4102 1423 4141 ex
1468 4087 1722 4157 passione
1752 4086 1966 4143 oriuntu

2137 4108 2197 4144 σα
2231 4090 2360 4162 περὶ
2403 4090 2504 4154 τὰς
2535 4091 2722 4157 οὐσίας
2771 4092 2907 4146 εἰσὶν
2942 4093 3006 4146 ἐκ
3036 4091 3245 4156 πάθους
3293 4091 3504 4160 γίνεται
3546 4091 3580 4163 ἢ
3614 4093 3686 4147 ἐκ

424 4188 603 4234 autex
634 4194 697 4233 eo
721 4179 864 4247 quod
908 4194 1013 4233 non
1058 4179 1337 4248 patiuntur
1377 4194 1392 4230 :
1436 4186 1781 4247 comparatur
1818 4185 1973 4231 auten

2136 4178 2193 4233 οὗ
2230 4181 2306 4252 μὴ
2335 4179 2529 4234 παθεῖν
2552 4221 2566 4246 ,
2600 4181 2951 4251 συγκρίνεται
2977 4180 3033 4234 δὲ
3066 4183 3094 4234 6
3121 4182 3249 4243 Υἱὸς
3279 4181 3417 4251 πρὸς
3445 4182 3537 4235 τὸν
3567 4182 3685 4236 ﬂa-

429 4268 593 4325 Filius
618 4266 765 4322 Patri
798 4268 1006 4323 ratione
1038 4265 1261 4335 majoris
1289 4276 1343 4322 et
1364 4268 1610 4335 minoris,
1654 4268 1873 4337 ipseque
1902 4282 1978 4320 exi

2133 4272 2232 4342 ἐρα
2274 4271 2419 4325 κατὰ
2458 4273 2519 4326 τὸ
2568 4274 2751 4343 μεῖζον
2790 4274 2883 4326 καὶ
2909 4272 3130 4327 ἔλαττον
3160 4273 3550 4344 εἰσφερομένου
3582 4274 3682 4329 τοῦ

428 4371 507 4413 tra
542 4375 756 4414 omnem
787 4362 1093 4429 passionem
1127 4368 1209 4414 est
1238 4360 1401 4430 (Deus
1433 4362 1576 4413 enim
1631 4360 1736 4428 pati
1768 4375 1873 4414 nou
1911 4373 1977 4428 po

2135 4361 2227 4431 :epl
2260 4360 2423 4414 αὐτδν
2461 4360 2645 4429 λόγου,
2680 4362 2774 4415 καὶ
2819 4361 2935 4415 ἐστι
2969 4360 3177 4425 πάθους
3218 4362 3376 4426 ἐκτὸς
3425 4361 3684 4434 (ἀπαθὴς

427 4451 577 4518 test),
600 4448 741 4502 nulla
764 4454 919 4518 plane
944 4449 1153 4503 ratione
1178 4446 1452 4517 superabit
1477 4446 1640 4500 Pater
1668 4445 1884 4509 Filium,
1904 4463 1974 4516 qu

2138 4449 2208 4521 ὰρ
2232 4451 2309 4512 ὡς
2330 4450 2507 4523 Θεὸς),
2545 4453 2667 4505 κατ’
2692 4453 2884 4507 οὐδένα
2911 4454 3116 4525 τρόπον
3139 4455 3167 4506 6
3200 4453 3389 4525 Πατὴρ
3421 4456 3682 4525 ὑπερέξει

426 4542 664 4611 ejusdem
684 4557 804 4595 cum
836 4556 900 4596 eo
947 4542 1193 4595 essentia:
1233 4549 1335 4604 est,
1375 4538 1663 4607 omnisque
1718 4539 1975 4606 passionis

2135 4543 2190 4596 οὗ
2225 4543 2359 4597 Υίοῦ
2386 4546 2481 4598 καὶ
2516 4546 2617 4616 τὴν
2660 4544 2830 4616 αὐτὴν
2862 4545 3081 4615 ἔχοντος
3128 4544 3318 4598 οὐσίαν
3358 4546 3454 4600 καὶ
3484 4545 3684 4600 παθεῖν

428 4646 621 4699 expers
652 4640 752 4684 est.
777 4629 884 4700 87
913 4630 1123 4684 Dicitur
1154 4644 1281 4684 vero
1342 4628 1535 4697 major,
1572 4639 1625 4681 ut
1667 4626 1977 4697 priucipiun

2136 4634 2255 4687 ὐδὲν
2299 4635 2619 4705 δυναμένου.
2665 4636 2899 4704 Λέγεται
2943 4635 3000 4688 δὲ
3050 4633 3252 4705 μείζων
3281 4636 3356 4699 ὡς
3402 4637 3548 4710 ἀρχὴ
3583 4638 3680 4693 τοῦ

428 4724 681 4778 coaeterni
712 4722 1017 4789 geniminis.

2104 4724 2377 4777 συναῖδίου
2405 4727 2567 4795 γεννή
2578 4742 2763 4794 ματος.

461 4833 527 4891 1η
558 4836 721 4895 illud,
758 4854 775 4887 ι
816 4836 973 4890 Pater
999 4836 1087 4903 qui
1118 4836 1256 4888 misit
1292 4852 1397 4897 me,
1431 4834 1599 4903 major
1626 4850 1705 4887 me
1732 4844 1807 4887 est
1830 4835 1895 4885 ".
1937 4858 1955 4884 ο

2132 4833 2204 4896 ῗὶς
2243 4832 2346 4895 τὸ,
2400 4852 2416 4882 ι
2459 4831 2522 4884 '0
2566 4834 2837 4915 Πατὴρῤ
2882 4833 3125 4903 πέμψας
3167 4852 3245 4903 με
3300 4835 3509 4904 μείζων
3559 4839 3681 4907 μού

2769 4920 2957 4959 εστιν.
2983 4924 3002 4955 ι

867 5010 948 5065 Ea:
978 5010 1261 5078 obiectione
1293 5008 1561 5066 Eunomii.

2418 5015 2750 5083 Ἀντίοεσις
2785 5017 2854 5071 ἐκ
2892 5016 3009 5071 τῶν
3044 5018 3366 5088 Εὑνομίου.

496 5126 654 5195 Atqui
689 5124 944 5179 Servatur
971 5126 1085 5194 ipse
1114 5141 1219 5179 non
1249 5125 1501 5187 obscure,
1532 5124 1727 5193 inquit,
1758 5134 1850 5179 aut
1878 5140 1995 5179 am-

2170 5126 2341 5193 Ᾱύτὺς
2377 5130 2405 5182 6
2433 5130 2622 5202 Σωτὴρ
2661 5132 2761 5184 οὐκ
2802 5132 3349 5204 ἑπικεκαλυμμένως,
3375 5134 3681 5207 τρανότατα

430 5217 616 5287 higue,
652 5219 746 5272 sed
782 5217 1121 5286 apertissime
1158 5216 1372 5271 Patrem
1414 5215 1669 5284 majorem
1710 5232 1769 5271 se
1803 5228 1955 5273 vocat

2128 5222 2153 5275 ὲ
2183 5222 2403 5292 μείζονα
2432 5222 2625 5275 ἑαυτοῦ
2658 5223 2750 5277 τὸν
2775 5224 2994 5296 Πατέρα
3039 5228 3195 5296 φησί,
3226 5225 3313 5279 διὰ
3338 5226 3431 5279 τοῦ
3462 5226 3645 5297 λέγειν
3664 5248 3677 5261 ·

429 5321 547 5359 cum
580 5306 710 5361 dicit
746 5324 757 5360 :
797 5325 815 5358 ι
857 5308 1014 5361 l'atcr
1043 5307 1133 5375 qui
1172 5307 1317 5361 misit
1350 5321 1468 5372 me,
1505 5304 1678 5375 major
1708 5321 1792 5362 me
1824 5317 1927 5363 est.
1966 5328 1978 5360 ι

2146 5312 2203 5366 '0
2234 5312 2424 5384 Πατὴρ
2450 5314 2478 5365 6
2502 5313 2719 5383 πέμψας
2746 5332 2813 5385 με
2851 5314 3052 5385 μείζων
3102 5315 3203 5385 μού
3235 5318 3399 5371 ἐστιν.
3430 5336 3447 5369 ι
3484 5317 3545 5369 Εἰ
3568 5319 3683 5371 τοί-

432 5397 486 5451 Si
522 5407 698 5451 autem
732 5399 1011 5453 veritatem
1046 5414 1227 5452 verum
1266 5398 1448 5453 dicere
1487 5398 1759 5463 fatemini,
1798 5400 1981 5453 veritas

2134 5418 2193 5453 υν
2245 5400 2529 5471 ἀληθεύειν
2573 5401 2770 5455 δώσετε
2815 5404 2915 5475 τὴν
2958 5404 3239 5474 ἀλήθειαν,
3276 5403 3503 5475 ἀλήθεια
3548 5406 3604 5458 δὲ
3655 5405 3683 5457 ὁ

431 5498 604 5542 autem
644 5488 925 5553 Christus,
962 5501 1109 5544 certe
1156 5488 1411 5557 majorem
1457 5504 1513 5543 se
1555 5489 1714 5543 habet
1760 5489 1980 5544 Patrem,

2129 5492 2352 5563 ξριστὸς,
2390 5492 2611 5562 μείζονα
2666 5494 2779 5564 ἔχει
2832 5496 2922 5549 τὸν
2970 5496 3212 5566 Πατέρα.
3245 5496 3356 5548 Καὶ
3408 5498 3456 5549 εί
3500 5496 3678 5561 τοῦτο,

431 5578 579 5644 Quod
606 5580 648 5634 si
681 5581 751 5633 ita
782 5594 884 5643 est,
913 5582 1188 5637 dissimilis
1216 5583 1377 5637 etiam
1411 5582 1486 5637 illi
1520 5582 1642 5638 erit.
1673 5583 1741 5637 At
1768 5582 1813 5638 si
1842 5583 1980 5639 dissi-

2137 5584 2316 5647 πάντως
2349 5584 2500 5638 ἔσται
2530 5586 2623 5638 καὶ
2652 5587 2922 5657 ἀνόμοιος.
2943 5586 3162 5659 Ἐπειδὴ
3181 5588 3237 5641 δὲ
3263 5588 3537 5658 ἀνόμοιος,
3564 5590 3686 5644 οὐδέ

433 5671 593 5736 milis,
626 5687 727 5726 non
762 5687 890 5740 ergo
919 5675 1414 5729 consubstantialis.
1788 5726 1793 5729 χ

860 5691 890 5727 υ
919 5675 1414 5729 consubstantialis.
1788 5726 1793 5729 ,
2102 5675 2406 5746 ὁμοούσιος.

499 5854 543 5885 ’⁸
566 5852 722 5909 Joan.
769 5868 875 5916 xw,
910 5853 999 5905 98.
