3922 6464
174 499 257 558 “5

661 616 867 687 Πρὸς
914 616 1104 673 τοῦτο
1138 614 1337 680 λύσις.

246 754 586 823 Ἀναγκαῖον
611 753 826 826 ὑμᾶς,
860 749 915 810 ὦ
946 754 1327 827 χριστομάχοι,
1347 750 1443 805 καὶ
1467 748 1564 803 νῦν
1593 746 1835 820 ἐρέσθαι,

190 846 303 901 πότε
330 843 435 898 τοῦ
463 845 617 900 “ob
656 845 905 917 μείζων
931 848 963 900 δ
997 844 1187 916 Πατὴρ
1224 842 1257 915 ἢ
1292 843 1520 911 γέγονεν
1550 839 1584 910 ἢ
1612 836 1836 910 εὑρέθη,

196 937 228 1007 ἢ
256 937 387 1009 ὅπερ
413 935 487 990 ἀν
530 934 861 1007 βούλοισθε
903 935 1109 1004 λέγειν.
1140 933 1346 1005 Χρόνον
1377 932 1476 1003 μὲν
1501 927 1596 985 οὖν
1626 929 1838 1001 ὁριζόν-

206 1043 302 1081 των
332 1025 490 1098 ὑμῶν
525 1029 641 1082 οὐκ
684 1027 762 1083 ἀν
791 1044 887 1090 τις
917 1026 1211 1097 ἀνάσχοιτο
1234 1042 1248 1055 ·
1294 1023 1506 1095 χρόνων
1537 1025 1647 1095 γὰρ
1682 1038 1841 1093 ποιη-

220 1120 306 1191 τὴς
327 1121 357 1174 b
374 1120 532 1187 Υίδς,
549 1120 661 1174 καὶ
690 1120 817 1191 πρὸ
842 1119 958 1173 τῶν
986 1116 1200 1172 αίώνων
1223 1116 1359 1181 ἐστὶ,
1378 1114 1524 1169 κατά
1544 1113 1643 1178 τὰς
1669 1112 1839 1183 ἀψευ-

232 1212 325 1277 διὶς
345 1213 452 1267 τῶν
485 1213 675 1282 ἀγίων
718 1212 935 1282 φωνάς.
978 1210 1183 1282 Χρόνου
1217 1209 1277 1263 δὲ
1298 1208 1670 1280 ἀνῃρημένου,
1698 1207 1840 1261 πάν-

240 1320 332 1367 τως
352 1304 609 1358 λείπεται
628 1302 832 1372 λέγειν
862 1302 1005 1356 κατὰ
1026 1300 1127 1373 τὴν
1155 1299 1312 1371 ὑμῶν
1337 1299 1603 1372 πρότασιν
1634 1296 1723 1351 ἀεὶ
1747 1295 1843 1351 καὶ

247 1393 475 1466 ἀνάρχως
502 1394 597 1448 τδν
634 1394 871 1464 Πατέρα
898 1391 1123 1464 μείζονα
1148 1390 1245 1445 τοῦ
1273 1388 1426 1445 Υίοῢ.
1461 1388 1624 1453 Ἀλλ’,
1642 1380 1688 1442 ὦ
1718 1386 1841 1458 βέλ-

246 1498 418 1547 τιστοι,
460 1482 669 1554 μικρὸν
707 1482 1090 1553 ἀνανήψαντες
1118 1482 1296 1535 ἐκεῖνο
1338 1478 1461 1535 καθ’
1493 1480 1722 1543 ἑαυτοὺς
1759 1480 1845 1532 ὲν-

248 1571 539 1644 θυμήθητε,
566 1574 658 1627 δτι
678 1572 744 1626 τὺ
774 1573 1037 1646 διαφέρον
1054 1570 1200 1636 τινὸς
1232 1570 1376 1629 κατά
1398 1571 1459 1625 τὺ
1483 1565 1624 1624 εἶναι
1654 1568 1844 1640 μεῖζον

248 1663 277 1727 ἢ
320 1660 599 1730 λέγεσθαι,
637 1666 1050 1733 παρακείμενον
1083 1662 1197 1734 ἔχει
1228 1664 1323 1717 καὶ
1353 1660 1844 1733 συνεισφερόμενον

248 1751 417 1821 ἐαυτῷ
448 1752 514 1806 rb
554 1753 807 1817 ἔλαττον,
840 1745 903 1807 οὖ
939 1752 1035 1807 καὶ
1075 1752 1194 1806 ἐστὶ
1225 1752 1609 1825 μεῖζον.”οταν
1644 1752 1752 1823 γὰρ
1784 1750 1845 1803 τὸ

251 1841 426 1908 μεῖξον
452 1840 786 1912 θελήσωμεν
813 1842 1028 1914 μαθεῖν,
1047 1844 1141 1897 ἐπὶ
1165 1844 1265 1915 τὴν
1289 1842 1385 1898 ’τοῦ
1407 1843 1692 1907 ἐλάττονος
1714 1844 1848 1914 δρα·

250 1932 436 2001 μάντις
482 1934 819 2004 κατάληψιν,
846 1934 947 2009 τὴν
975 1935 1188 1991 ἐκείνου
1231 1935 1507 2007 βλέπομεν
1545 1937 1841 2009 ὑπεροχήν.

250 2022 312 2080 El
339 2025 523 2077 τοίνυν
557 2026 648 2079 ἀεὶ
678 2026 882 2095 μείζων
912 2027 942 2078 ό
966 2029 1158 2100 Πατὴρ
1188 2028 1283 2083 τοῦ
1322 2028 1477 2092 Υἱοῦ,
1507 2025 1575 2100 ἦν
1605 2030 1705 2101 μὲν
1743 2030 1843 2084 αὺ-

252 2116 333 2179 τὸς
372 2117 495 2171 ἀεί·
530 2113 603 2189 ἦν
630 2116 689 2172 δὲ
721 2120 817 2173 σὺν
863 2120 1015 2191 αὐτῷ
1048 2121 1142 2175 καὶ
1168 2122 1198 2174 ό
1232 2120 1382 2186 Υἱὸς,
1409 2114 1472 2174 οὗ
1512 2122 1607 2176 καὶ
1639 2122 1841 2193 μείζων

253 2201 384 2266 εἶναι
415 2208 661 2276 λέγεται.
691 2208 813 2264 καθ’
837 2211 1003 2282 ὑμᾶς.
1033 2212 1108 2265 Tb
1150 2213 1209 2266 δὲ
1241 2213 1333 2267 ἀεὶ
1371 2213 1452 2281 ὃν,
1487 2213 1564 2285 τῷ
1597 2216 1684 2268 ἀεὶ
1729 2215 1842 2270 δντι

255 2300 365 2365 πῶς
391 2302 655 2373 ἀνόμοιον
687 2302 876 2371 lerat;
923 2305 1127 2370 Μεῖζον
1172 2305 1231 2359 δὲ
1271 2307 1410 2372 πῶς,
1439 2308 1843 2380 συντρεχούσης

255 2392 327 2463 τῷ
370 2394 726 2465 γεγεννηκότι
773 2396 875 2467 τῆς
922 2396 1211 2469 ὑπάρξεως
1234 2398 1332 2453 τοῦ
1357 2400 1719 2469 γεννήματος,
1750 2400 1844 2453 καὶ

259 2483 426 2539 πάντα
454 2484 673 2556 ἔχοντος
705 2487 954 2557 φυσικῶς
982 2491 1084 2547 ὅσα
1111 2492 1378 2563 πρόσεστι
1409 2490 1488 2563 τῷ
1518 2491 1732 2561 Πατρί;

943 2796 1150 2855 ΑΛΛΟ.

334 2903 428 2961 ἰχ
456 2906 795 2978 μαθημάτων
824 2910 964 2981 ἡμῖν
996 2909 1105 2964 τῶν
1143 2910 1551 2983 ’Δριστοτὲλους
1585 2913 1845 2987 ὁρμώμε-

259 3013 352 3060 νοι,
381 2998 480 3053 καὶ
506 3002 579 3071 τῇ
598 2998 867 3073 δεινότητι
887 3002 989 3074 τῆς
1013 3003 1074 3057 ἐν
1099 3003 1292 3076 κόσμῳ
1316 3006 1510 3075 σοφίας
1534 3007 1848 3082 ἀποκεχρη-

262 3089 427 3158 μένοι,
465 3090 711 3157 κτύπους
747 3093 1025 3165 ἐγείρουσι
1059 3096 1324 3169 ῥημάτων
1346 3097 1541 3165 κενῶν,
1578 3099 1681 3153 οὐκ
1709 3100 1847 3154 ειδό-

258 3194 342 3245 τες
366 3182 448 3235 δτι
478 3184 575 3235 καὶ
605 3184 741 3256 πρὸς
762 3185 973 3258 ταΰτην
994 3186 1225 3258 ἀμαθῶς
1248 3188 1465 3259 ἔχοντες
1493 3189 1849 3263 ἐλεγχθήσον-

258 3284 360 3323 ται.
394 3270 686 3342 Θαυμάσαι
726 3273 837 3347 γὰρ
868 3275 1041 3340 ὅντως
1073 3276 1369 3331 ἀκόλουθον
1396 3278 1479 3332 δτι
1506 3276 1571 3350 δὴ
1596 3277 1689 3333 τὸν
1718 3278 1847 3352 περὶ

256 3356 348 3410 τοῦ
394 3360 645 3429 μείζονος
688 3364 783 3417 καὶ
825 3363 923 3417 τοῦ
967 3364 1251 3430 ἐλάττονος
1295 3365 1642 3433 ἐξετάζοντες
1669 3368 1848 3438 λόγον,

258 3448 346 3503 ἐπὶ
372 3451 467 3504 τὸν
496 3454 628 3523 περὶ⁸
654 3453 749 3507 τοῦ
782 3455 972 3529 ὁμοίου
1002 3458 1100 3511 καὶ
1127 3457 1382 3529 ἀνομοίου
1411 3459 1852 3530 μεταπεπτὼκα-

261 3556 362 3607 σιν,
395 3543 499 3597 οὐκ
521 3544 728 3609 είδότες
750 3547 855 3613 ὅτι,
890 3549 1035 3603 κατὰ
1072 3550 1172 3621 τὴν
1215 3550 1625 3622 Ἀριστοτέλους
1656 3552 1851 3624 τέχνην

257 3629 394 3709 ιᾳῇ
421 3635 663 3707 μάλιστα
689 3640 1117 3713 μεγαλοφρονεῖν
1148 3642 1404 3699 εἰώθασιν
1440 3644 1618 3709 αὐτοὶ,
1649 3646 1751 3698 οὐκ
1773 3646 1854 3710 εἰς

256 3728 447 3782 ταυτὸν
496 3730 898 3787 κατατάττεται
924 3733 1084 3803 γένος
1111 3735 1173 3789 τό
1204 3752 1267 3789 τε
1298 3735 1485 3807 ὅμοιον
1516 3737 1611 3791 καὶ
1654 3738 1716 3791 τὸ
1759 3738 1854 3791 ἀν-

255 3817 463 3890 όμοιον,
492 3821 569 3887 ὡς
590 3824 687 3877 καὶ
718 3824 783 3877 τὸ
813 3825 1002 3897 μεῖζον
1035 3829 1132 3882 καὶ
1147 3829 1212 3883 τὸ
1243 3828 1493 3885 ἔλαττον.
1522 3831 1596 3884 Τὸ
1624 3831 1853 3904 μὲνγὰρ

260 3906 446 3975 μεῖζον
491 3910 589 3963 καὶ
624 3911 684 3965 τὸ
716 3912 959 3982 ἔλαττον,
990 3916 1099 3970 τῶν
1148 3919 1285 3990 πρός
1330 3936 1382 3973 τι
1428 3920 1660 3991 ἑχόντων
1711 3924 1855 3993 παρ’

257 3996 488 4065 ἰκτίνοις
531 4002 772 4070 λέγεται.
815 4004 891 4060 Tb
939 4007 997 4061 δὲ
1042 4009 1231 4079 ὅμοιον
1273 4010 1307 4083 ἢ
1356 4014 1452 4066 καὶ
1493 4013 1561 4067 τὸ
1599 4013 1855 4086 ἀνόμοιον

259 4090 451 4163 ἑτέρας
489 4094 609 4148 ἐστὶ
636 4098 976 4168 κατηγορίας
1014 4100 1136 4171 ἦτοι
1171 4100 1520 4173 διαιρέσεως,
1540 4105 1713 4160 Πόθεν
1742 4107 1852 4160 τοί-

258 4198 350 4237 νυν
379 4185 509 4256 ὑμῖν
530 4187 642 4240 ἀπὸ
661 4189 757 4242 τοῦ
783 4189 1030 4259 μείζονος
1054 4192 1149 4245 ἐπὶ
1166 4195 1228 4247 τὸ
1248 4195 1434 4266 ὅμοιον
1456 4197 1490 4268 ὴ
1516 4196 1851 4268 μετάϐασιςς

256 4275 352 4326 καὶ
376 4276 436 4343 ἐξ
462 4276 751 4343 ἐλάττονος
793 4280 919 4352 ἦτοι
940 4282 1035 4336 τοῦ
1065 4284 1311 4354 μείζονος
1337 4286 1438 4358 τὴν
1467 4288 1732 4359 πρότασιν
1764 4288 1854 4357 ἐξ·

261 4366 595 4435 υῃαίνοντες,
641 4370 959 4441 ἑτερογενὲς
1016 4375 1301 4446 είσφέρετε
1343 4376 1405 4429 τὸ
1457 4378 1851 4451 συμπέρασμα,

263 4452 539 4523 λέγοντες⁸
577 4457 643 4510 Et
675 4458 915 4516 ἐλάττων
950 4462 1099 4515 εστὶν
1137 4464 1166 4516 ὁ
1200 4463 1329 4528 Υἱὸς
1361 4464 1456 4519 τοῦ
1494 4468 1728 4539 Πατρὸς,
1760 4470 1856 4523 ἀν-

262 4544 442 4616 όμοιος
474 4547 586 4620 ἄρα
604 4567 619 4580 ο
653 4550 827 4623 ἔχρῆν
854 4552 965 4625 γὰρ
992 4554 1193 4625 μᾶλλον
1217 4557 1415 4623 εἰπεῖν,
1440 4558 1542 4614 οὐκ
1575 4560 1690 4625 ῐσος
1722 4561 1853 4633 ἄρα,

267 4639 381 4711 iob
416 4643 675 4707 τοσοῦτος
704 4644 831 4716 ἄρα,
866 4646 955 4701 ἵνα
989 4647 1065 4720 μὴ
1104 4649 1268 4705 πάλιν
1297 4651 1531 4721 ἀμαθεῖς
1569 4654 1723 4718 ὄντες
1764 4654 1853 4720 ἑξ-

270 4730 668 4808 ελεγχθήσησθε
702 4737 780 4808 τῷ
809 4755 870 4792 τε
892 4740 1096 4811 μείζονι
1112 4743 1207 4797 καὶ
1227 4742 1305 4815 τῷ
1328 4744 1571 4801 ἐλάττονι
1604 4747 1664 4801 τὸ
1688 4749 1853 4803 ποσὸν

273 4824 635 4896 ὶπιφέροντες.
653 4831 728 4883 Οὐ
765 4830 875 4904 γὰρ
908 4833 977 4888 τά
999 4835 1137 4906 πρός
1171 4836 1225 4890 τί
1254 4854 1371 4903 πως
1399 4837 1609 4910 ἔχοντα,
1637 4840 1772 4897 ἀλλά
1792 4842 1855 4897 τὸ

198 4978 206 4986 ο
278 4916 448 4983 μεῖζον
474 4920 507 4989 ἢ
539 4920 763 4976 ἔλαττον
791 4925 1112 4981 ὑποκεῖσθαι
1136 4926 1215 4999 τῷ
1245 4930 1405 5001 ποσῷ
1424 4932 1853 5005 νενομοθέτηκεν

275 5007 306 5076 ἡ
340 5009 743 5081 Ἀριστοτέλους
770 5017 957 5089 τέχνη.
995 5020 1123 5093 Εἷδη
1164 5021 1226 5076 δὲ
1267 5023 1417 5096 αὐτῷ
1440 5025 1656 5095 τίθησιν
1689 5028 1852 5092 ἑπτὰ,

275 5099 517 5174 ἀριθμὸν,
552 5105 649 5161 καὶ
694 5104 874 5174 λόγον,
909 5109 1005 5163 καὶ
1052 5113 1340 5186 γραμμὴν,
1373 5116 1468 5171 καὶ
1503 5117 1847 5186 ἐπιφάνειαν,

277 5194 362 5245 καὶ
388 5196 567 5268 σῶμα,
601 5200 699 5254 καὶ
737 5200 949 5272 χρόνον,
982 5204 1077 5258 καὶ
1109 5205 1292 5261 τόπον.
1328 5208 1521 5264 Μόνων
1563 5208 1854 5282 τοιγαροῦν

275 5286 373 5339 τῶν
407 5290 716 5362 είρημένων
747 5294 995 5365 δέχεσθαι
1033 5296 1093 5351 τὸ
1123 5298 1289 5353 ποσὸν
1316 5300 1661 5370 πεφυκότων,
1689 5303 1855 5359 πόθεν

276 5378 442 5449 ὑμεῖς,
469 5377 515 5437 ὦ
543 5380 715 5450 οὗτοι,
749 5386 826 5457 τῷ
857 5388 1063 5459 μείζονι
1090 5390 1288 5462 καὶτῷ
1321 5392 1565 5448 ἐλάττονι
1593 5393 1655 5448 τὸ
1689 5396 1854 5450 ποσὸν

277 5471 595 5545 ίπιφέρετε,
648 5478 823 5551 ἑτέρῳ
870 5482 1020 5549 γένει
1072 5482 1245 5537 ταῦτα
1300 5483 1396 5537 τοῦ
1447 5486 1855 5555 Ἀριστοτέλους

276 5563 709 5634 ἁνατεθειιεότοςς
739 5572 957 5644 Ἐπειδὴ
993 5574 1170 5629 τοίνυν
1203 5576 1297 5630 τὸν
1327 5579 1457 5650 περὶ
1478 5578 1571 5633 τοῦ
1609 5577 1854 5649 μείζονος

276 5661 360 5714 καὶ
403 5663 498 5717 τοῦ
552 5662 842 5732 ἐλάττονος
890 5667 1238 5735 ἐξετάζοντες
1288 5671 1468 5741 λόγον,
1513 5673 1854 5738 ἀπαιδεύτως

274 5748 357 5803 ἐπὶ
388 5753 487 5825 τὴν
519 5755 617 5810 τοῦ
651 5758 842 5829 ὁμοίου
886 5762 981 5816 καὶ
1013 5762 1271 5835 ἀνομοίου
1313 5765 1619 5837 παράθεσιν
1646 5767 1855 5834 ὲξεκλί-

271 5858 405 5915 νατι,
439 5849 726 5921 λέγοντες·
756 5854 820 5909 Εἰ
846 5855 1087 5909 ἐλάττων
1112 5855 1259 5909 ἐστὶν
1282 5858 1313 5911 b
1336 5858 1464 5922 Υίδς
1495 5858 1588 5912 τοῦ
1618 5858 1851 5931 Πατρὸς,

269 5941 509 6016 ἀνόμοιος
562 5950 703 6016 ἄρα’
753 5950 1135 6027 χαλε-πωτέρω
1185 5949 1240 6007 δὲ
1290 5954 1452 6012 πάλιν
1502 5954 1856 6021 ἀπαιδευσίας

1667 482 2111 543 TIIESAUBUS.

1860 607 1913 666 Δ

3436 476 3538 527 H6

2454 596 2659 655 Salutio
2689 593 3021 667 objectionis.

2015 730 2393 803 lnterrogandi
2430 730 2589 787 nobis
2623 738 2752 788 sunt
2787 728 2977 785 hostes
3014 724 3251 791 Christi,
3289 725 3542 795 quando-

1942 841 2067 882 nam
2104 824 2279 894 major
2315 824 2458 881 Filio
2488 824 2649 879 Pater
2688 832 2781 878 aut
2811 821 2993 877 factus
3026 819 3097 876 sit
3131 829 3225 874 aut
3271 819 3542 882 inventus,

1944 929 2039 974 aut
2063 916 2554 989 quomodocunque
2585 915 2716 971 illud
2743 915 2950 970 dicant.
2972 911 3211 984 Tempus
3235 912 3381 967 enim
3407 925 3547 981 prae-

1942 1011 2195 1067 ﬂnientes
2224 1024 2321 1066 vos
2353 1023 2512 1066 nemo
2544 1007 2685 1064 {erat
2715 1023 2729 1062 :
2770 1006 3024 1062 conditor
3057 1004 3203 1060 enim
3237 1012 3545 1074 temporum

1943 1109 2030 1158 est
2054 1100 2247 1169 Filius,
2272 1110 2328 1156 et
2352 1111 2482 1157 ante
2507 1097 2704 1156 sarcula
2728 1098 2848 1169 ipse
2874 1097 3101 1152 exsistit.
3137 1095 3293 1166 juxta
3323 1101 3546 1148 sancto-

1945 1209 2068 1249 rum
2110 1193 2202 1263 qui
2244 1192 2464 1248 mentiri
2509 1206 2618 1247 non
2656 1200 2887 1261 possunt
2925 1189 3271 1245 verissimum
3313 1186 3540 1243 dictum.

1946 1279 2169 1337 Sublato
2197 1290 2379 1338 autem
2406 1290 2670 1351 tempore,
2686 1289 2960 1350 superest,
2994 1293 3060 1334 ex
3087 1287 3273 1335 vestra
3300 1278 3544 1347 ipsorum

1944 1375 2240 1441 sententia,
2257 1389 2475 1445 semper
2498 1384 2554 1430 et
2582 1374 2701 1429 sine
2728 1372 2996 1446 principio
3018 1372 3235 1427 Patrem
3262 1370 3399 1426 Filio
3427 1385 3546 1424 rna-

1938 1466 2115 1537 jorem
2154 1466 2344 1523 fuisse.
2380 1468 2449 1521 At
2480 1480 2598 1531 vos,
2639 1464 2766 1521 boni
2803 1466 2928 1528 viri,
2965 1464 3214 1519 nonnihil
3250 1463 3318 1519 ad
3354 1462 3545 1518 melio-

1944 1574 2061 1616 rem
2093 1566 2333 1615 mentem
2366 1560 2658 1615 redeuntes
2690 1557 2767 1611 ita
2796 1555 3082 1613 vobiscum
3112 1555 3370 1626 cogitate,
3398 1553 3544 1623 quod

1946 1651 2000 1707 id
2041 1651 2187 1722 quod
2228 1650 2412 1707 diﬂ‘ert
2446 1654 2515 1705 ab
2548 1650 2733 1721 aliquo
2768 1665 2833 1705 ea
2869 1649 3081 1704 ratione
3113 1661 3222 1718 qua
3258 1644 3431 1714 majus
3462 1654 3548 1700 est

1947 1752 2043 1799 aut
2071 1742 2292 1807 dicitur,
2327 1739 2697 1813 propinquum
2731 1740 2833 1795 sibi
2866 1739 3038 1794 habet
3063 1747 3119 1793 et
3148 1736 3404 1799 collatum
3441 1735 3546 1791 sibi

1948 1831 2157 1897 minus,
2191 1845 2297 1901 quo
2329 1830 2586 1885 nimirum
2620 1828 2795 1898 majus
2823 1838 2927 1885 est.
2965 1827 3099 1883 Cum
3131 1827 3277 1883 enim
3312 1826 3364 1881 id
3400 1828 3546 1895 quod

1950 1924 2127 1993 majus
2150 1932 2235 1980 est
2260 1937 2600 1994 cognoscere
2624 1921 2906 1987 volumus,
2933 1920 3001 1975 ad
3033 1919 3263 1975 minoris
3293 1918 3544 1974 notitiam

1950 2012 2348 2084 confugientes,
2369 2013 2593 2083 majoris
2610 2011 2989 2068 excellentiam
3011 2011 3307 2066 cernimus.
3331 2008 3389 2064 Si
3414 2023 3547 2078 ergo

1950 2104 2114 2161 Pater
2135 2118 2351 2177 semper
2376 2103 2554 2175 major
2577 2114 2661 2158 est
2689 2101 2850 2169 Filio,
2879 2100 2982 2157 fuit
3008 2101 3227 2173 quidem
3258 2102 3375 2171 ipse
3402 2114 3549 2157 sem-

1950 2214 2050 2270 per
2084 2218 2097 2254 :
2134 2197 2237 2254 fuit
2271 2213 2400 2254 vero
2435 2198 2601 2254 etiam
2634 2211 2761 2253 cum
2795 2211 2863 2253 eo
2900 2195 3100 2263 Filius,
3138 2209 3246 2266 quo
3279 2204 3335 2251 et
3376 2192 3549 2264 major

1949 2306 2072 2348 esse
2100 2290 2323 2358 dicitur,
2354 2297 2653 2346 secundum
2682 2303 2800 2345 vos.
2832 2286 2989 2356 Quod
3022 2302 3153 2343 vero
3182 2301 3401 2358 semper
3427 2296 3545 2353 est,

1950 2398 2187 2455 quonam
2220 2392 2381 2455 pacto
2408 2382 2679 2440 dissimile
2708 2384 2815 2439 erit
2846 2384 2923 2439 illi
2955 2383 3097 2453 quod
3129 2380 3296 2437 etiam
3331 2394 3547 2450 semper

1950 2476 2067 2532 est?
2093 2476 2201 2529 Aut
2229 2475 2506 2545 quomodo
2535 2475 2745 2545 majus,
2775 2492 2899 2533 cum
2933 2477 3050 2546 ipsa
3078 2472 3247 2545 geniti
3274 2471 3549 2528 exsistan-

1952 2569 2026 2622 tia
2055 2581 2177 2622 cum
2209 2566 2460 2637 genitore
2487 2569 2780 2622 conveniat
2809 2566 3106 2635 omniaque
3138 2563 3461 2621 naturaliter
3492 2563 3545 2618 in

1952 2674 2012 2717 se
2043 2659 2239 2716 habeat
2267 2673 2387 2729 qua:
2416 2657 2562 2715 Patri
2594 2658 2819 2716 insunt!

2629 2793 2857 2850 MJUD.

2024 2909 2100 2965 Ex
2148 2908 2502 2966 Aristotelica
2550 2904 2836 2978 disciplina
2887 2910 3043 2965 nobis
3089 2909 3446 2977 insultantes,
3494 2919 3549 2965 et

1954 3001 2243 3058 mundana:
2272 3001 2556 3072 sapientiae
2588 3000 2732 3056 l‘astu
2766 3002 2999 3073 turgidi,
3034 3001 3226 3057 inanes
3256 3001 3543 3057 verborum

1910 3128 1917 3133 ν
1953 3092 2194 3163 crepitus
2227 3093 2501 3158 excitant,
2540 3107 2733 3163 parum
2767 3092 2870 3148 sibi
2905 3094 3296 3163 persuadentes
3329 3107 3388 3149 se
3418 3091 3546 3147 Ari-

1876 3342 1922 3404 ο

1881 4702 1934 4764 D

1953 3185 2217 3243 stotelica:
2256 3184 2558 3256 disciplinae
2599 3187 2819 3256 ignaros
2862 3186 3079 3242 ostendi
3122 3201 3301 3256 posse.
3341 3184 3547 3241 Miran-

1955 3279 2081 3334 dum
2117 3278 2263 3333 enirn
2298 3285 2381 3331 est
2413 3277 2593 3348 quod,
2626 3291 2751 3333 cum
2790 3276 3057 3333 rationem
3094 3276 3318 3348 majoris
3349 3287 3405 3333 et
3446 3280 3551 3332 mi-

1954 3371 2107 3427 noris
2137 3371 2440 3436 excutiant,
2469 3370 2536 3425 ad
2570 3384 2879 3426 sermonem
2911 3370 2979 3426 de
3009 3370 3175 3427 simili
3207 3380 3264 3426 et
3294 3371 3545 3427 dissimili

1953 3461 2341 3533 prolabuntur,
2384 3461 2734 3527 nescientes,
2776 3462 2929 3533 juxta
2976 3461 3292 3517 Aristotelis
3341 3461 3543 3532 placita

1953 3566 2062 3623 quo
2090 3552 2191 3623 ipsi
2225 3552 2517 3623 plurimum
2546 3566 2673 3608 sese
2692 3551 2973 3621 iactitant,
3008 3552 3187 3607 simile
3214 3552 3330 3624 88
3356 3562 3412 3609 et
3438 3553 3552 3609 dis-

1954 3643 2132 3699 simile
2164 3658 2270 3699 non
2302 3643 2359 3699 in
2389 3643 2579 3699 eodem
2611 3658 2812 3715 genere
2840 3642 3124 3706 collocari,
3155 3643 3207 3698 in
3235 3657 3342 3712 quo
3373 3643 3549 3713 majus

1954 3742 2010 3787 et
2047 3734 2247 3790 minus.
2280 3733 2337 3789 Si
2375 3734 2593 3805 quidem
2631 3733 2806 3804 majus
2842 3743 2899 3789 et
2939 3733 3121 3788 minus
3157 3732 3383 3788 relative
3431 3734 3547 3789 sire

1956 3824 2024 3877 ad
2059 3822 2264 3895 aliquid
2300 3825 2369 3881 ab
2404 3826 2469 3879 iis
2502 3825 2780 3879 dicuntur.
2814 3824 3005 3880 Simile
3038 3839 3165 3880 vero
3199 3833 3255 3880 ct
3286 3826 3551 3880 dissimile

1955 3913 2183 3969 alterius
2207 3914 2418 3970 ordinis
2445 3914 2559 3970 sive
2588 3915 2997 3984 praedicamenti
3024 3925 3171 3972 sunt.
3202 3914 3360 3973 Unde
3384 3916 3550 3986 igitur

1957 4019 2054 4061 vos
2083 4005 2157 4060 ita
2185 4020 2218 4062 a
2243 4005 2449 4074 majore
2474 4007 2542 4061 ad
2571 4006 2749 4062 simile
2780 4007 3105 4064 transilitis?
3131 4018 3187 4065 et
3214 4024 3283 4064 ex
3311 4008 3545 4077 majore,

1956 4105 2071 4161 sive
2110 4105 2321 4161 minore
2350 4104 2775 4177 propositionem
2806 4106 3164 4173 deducentes,
3211 4106 3414 4161 diversi
3455 4122 3551 4178 3c—

1956 4198 2105 4254 neris
2136 4198 2544 4254 conclusionem
2573 4198 2811 4263 inl’ertis,
2842 4199 3089 4255 dicentes
3121 4216 3134 4254 :
3171 4197 3228 4253 Si
3261 4199 3440 4254 minor
3466 4210 3553 4255 est

1957 4290 2127 4347 Filius
2152 4290 2345 4359 Patre,
2378 4289 2659 4346 dissimilis
2684 4290 2880 4361 igitur;
2911 4306 3030 4346 cum
3060 4291 3239 4361 potius
3264 4291 3338 4345 ita
3362 4291 3550 4348 dicen-

1956 4384 2084 4439 dum
2120 4383 2287 4439 fuerit
2318 4403 2331 4439 :
2372 4383 2487 4439 Non
2519 4398 2648 4452 ergo
2680 4384 2937 4453 aqualis,
2970 4394 3063 4439 aut
3096 4400 3200 4439 non
3234 4394 3449 4454 tantus,
3484 4403 3551 4442 ne

1956 4475 2285 4546 imperitiam
2313 4485 2551 4531 vestram
2580 4477 2905 4547 proderctis,
2931 4492 3005 4532 ex.
3025 4476 3233 4546 majore
3257 4488 3310 4533 et
3338 4478 3553 4535 minore

1956 4570 2315 4640 quantitatem
2350 4569 2665 4625 inferentes.
2709 4568 3070 4640 Nequeenim
3102 4585 3223 4641 qua:
3249 4570 3547 4642 adaliquld

1958 4672 2109 4725 sunt,
2142 4662 2236 4717 sed
2276 4660 2453 4731 majus
2488 4671 2543 4716 et
2579 4663 2785 4728 minus,
2818 4663 3111 4733 quantitati
3150 4664 3391 4733 subiecta
3424 4679 3549 4721 €880.

1956 4754 2306 4812 Aristotelica
2333 4754 2617 4826 disciplina
2647 4757 2833 4812 tradit.
2859 4755 3085 4827 Species
3108 4766 3287 4812 autem
3315 4756 3392 4812 illi
3417 4773 3551 4814 con-

1957 4846 2132 4901 stituit
2166 4856 2373 4916 septem
2410 4864 2424 4901 :
2461 4861 2744 4902 numerum
2766 4888 2782 4914 ,
2816 4848 3155 4913 orationem,
3190 4848 3420 4915 lineam,
3454 4865 3550 4905 su-

1956 4938 2255 5010 perﬁciem,
2283 4955 2504 5011 corpus,
2536 4950 2749 5013 tempus
2776 4952 2832 4996 et
2862 4941 3062 4997 locum.
3091 4941 3224 4997 Cum
3254 4942 3401 4997 enim
3434 4942 3548 4998 haec

1955 5029 2296 5086 solummodo
2321 5042 2585 5102 quantum
2615 5033 2903 5102 recipiant,
2932 5034 3202 5089 undenam
3230 5048 3325 5088 vos
3353 5032 3547 5105 majori

1957 5132 2017 5178 et‘
2056 5122 2254 5177 minori
2298 5132 2560 5192 quantum
2609 5124 2878 5190 tribuitis,
2925 5140 3046 5179 cum
3088 5124 3414 5180 Aristoteles
3457 5124 3545 5181 illa

1957 5213 2057 5268 sub
2088 5214 2192 5268 alio
2224 5230 2425 5285 genere
2452 5215 2889 5272 collocet?Cum
2921 5217 3087 5288 igitur
3114 5231 3212 5273 vos
3243 5218 3466 5288 majoris
3492 5228 3549 5272 et

1958 5306 2186 5361 minoris
2216 5307 2479 5363 rationem
2511 5308 2934 5377 investigantes,
2972 5308 3224 5377 imperite
3254 5310 3319 5362 ad
3352 5309 3548 5365 similis

1957 5405 2011 5450 et
2041 5395 2321 5451 dissimilis
2350 5397 2816 5465 comparationem
2846 5397 3222 5465 devolvimini,
3248 5398 3500 5454 dicentes
3530 5419 3545 5454 :

1960 5486 2016 5543 Si
2062 5488 2232 5544 Filius
2274 5488 2456 5544 minor
2494 5500 2581 5546 est
2621 5489 2803 5556 Patre,
2846 5506 2977 5562 ergo
3016 5490 3182 5546 etiam
3225 5490 3547 5555 dissimilis;

1956 5584 2176 5655 gravius
2204 5583 2389 5638 statim
2417 5584 2637 5651 erratis,
2667 5584 2839 5654 majus
2868 5593 2922 5637 et
2954 5584 3135 5638 minus
3164 5582 3231 5637 ad
3262 5582 3512 5653 quantita
3532 5613 3546 5623 —

1958 5682 2064 5727 tem
2110 5670 2443 5737 referentes,
2487 5687 2609 5728 cum
2650 5673 2830 5728 dicitis
2872 5690 2885 5727 :
2930 5672 2986 5728 Si
3030 5672 3070 5727 F
3078 5672 3199 5729 ilius
3241 5684 3326 5729 est
3371 5674 3549 5731 minor

1957 5764 2140 5831 Patre,
2178 5778 2308 5833 ergo
2350 5778 2455 5819 non
2497 5764 2738 5835 aequalis,
2782 5780 2955 5837 neque
3000 5776 3198 5823 tantus.
3242 5768 3377 5824 Cum
3417 5785 3547 5826 vero

1959 5871 2114 5914 mens
2140 5857 2293 5913 vobis
2322 5855 2465 5911 nulla
2497 5871 2563 5913 ex
2596 5866 2750 5928 parte
2781 5874 2913 5917 sana
2945 5860 3036 5930 sit,
3069 5862 3251 5918 inanis
3283 5861 3449 5919 etiam
3480 5877 3547 5919 ac

1959 5966 2096 6009 vana
2130 5960 2216 6007 cst
2244 5958 2421 6008 vestra
2454 5950 2769 6021 propositio.
