3922 6460
419 398 520 453 M7

1397 398 1454 453 S.
1494 395 1772 454 CYRILLI
1810 391 2278 451 ALEXANDRINI
2316 392 2636 451 ARCBIEP.

3558 398 3663 458 με

418 516 719 589 δγκλήματι
748 515 1105 589 περιπίπτετε
1140 514 1282 570 κατὰ
1325 514 1418 568 τοῦ
1454 489 1696 584 μείζονος
1733 512 1946 568 καὶτοῦ
1986 511 2267 577 ἐλάττονος
2305 514 2367 567 τὸ
2392 513 2555 569 ποσὸν
2580 512 2842 582 τιθέντες,
2881 514 3012 569 ὁταν
3040 512 3265 587 λέγητε*
3314 516 3378 571 Ei
3421 516 3662 572 ἐλάττων

417 614 562 667 ἐστὶν
586 612 618 665 ὁ
646 610 772 675 Tib;
798 610 891 665 τοῦ
931 613 1164 683 [ἰατρὸς.
1196 611 1295 665 οὐκ
1336 611 1451 674 ἴσος
1496 610 1625 682 ἀρα.
1652 610 1772 665 οὐδὲ
1827 607 2098 676 τοσοῦτος.
2117 610 2432 682 Οὐδαμόθεν
2494 609 2542 664 δ’
2563 610 2693 681 ὑμῖν
2740 608 3073 679 ὑγιαίνοντας
3134 606 3228 664 τοῦ
3248 608 3429 679 λόγου,
3456 608 3661 679 ματαία

417 704 636 769 πάντως
660 702 775 757 ἐστὶ
806 704 898 757 καὶ
926 701 1151 775 [κούφη]
1177 704 1209 773 ὴ
1240 692 1525 773 πρὸτασις.

1092 818 1303 875 ALIUD

422 930 620 986 nocens
662 929 1105 999 quod,proposito
1152 930 1351 999 majore
1388 940 1436 983 et
1481 929 1701 995 minore,
1743 930 1979 996 imperils

487 947 620 986 mus
662 946 1105 999 quoa,propomo
1152 946 1234 984 ma
1297 946 1351 983 re
1388 946 1436 983 et
1481 946 1701 995 mauors,
1743 946 1979 996 smpems

487 1002 767 1074 admodum
794 946 1429 1074 iquualilas_in]{:atur,
1458 1016 1575 1074 eum
1593 1000 1751 1069 juxta
1777 1000 1980 1054 Aristo-

488 1071 601 1125 telis
631 1070 962 1138 disciplinam
992 1069 1217 1159 alterius
1244 1070 1309 1122 sit
1339 1071 1562 1139 generis.

486 1245 717 1301 Nomina
754 1259 877 1315 quae
910 1246 976 1301 ad
1016 1242 1221 1315 aliquid
1256 1253 1417 1312 sunt,
1454 1252 1615 1314 atque
1652 1245 1728 1300 ita
1765 1245 1834 1301 ab
1874 1245 1980 1301 illis

417 1346 698 1401 vocantur,
722 1351 843 1391 cum
867 1336 1188 1392 Aristoteles
1213 1336 1435 1404 hujusce
1462 1336 1595 1391 artis
1622 1336 1871 1393 inventor
1886 1352 1981 1392 ex-

419 1430 601 1498 plicat,
629 1428 703 1483 ita
731 1427 917 1482 deﬁnit
944 1446 959 1482 :
991 1428 1069 1482 Ad
1096 1427 1318 1498 aliquid,
1347 1428 1545 1498 inquit,
1574 1438 1837 1483 vocantur
1859 1445 1981 1500 quae

416 1515 469 1570 il
498 1516 670 1587 ipsum
694 1516 837 1585 quod
862 1524 987 1570 sunt
1003 1555 1018 1579 ,
1041 1515 1270 1570 aliorum
1291 1528 1413 1573 esse
1435 1517 1705 1582 dicuntur,
1731 1527 1825 1573 aut
1848 1533 1981 1589 quo~

414 1607 709 1663 modolibet
735 1607 895 1662 aliter
921 1610 987 1662 ad
1017 1606 1159 1661 aliud
1190 1621 1207 1661 :
1236 1617 1291 1663 ut
1321 1609 1517 1680 majus,
1547 1610 1599 1666 id
1634 1612 1805 1680 ipsum
1834 1613 1981 1683 quod

417 1708 505 1753 est
536 1708 783 1767 respectu
813 1699 1037 1755 alterius
1067 1715 1187 1756 esse
1218 1701 1435 1758 dicitur.
1468 1700 1535 1756 Et
1568 1703 1809 1774 duplum,
1840 1705 1979 1774 idip-

416 1804 534 1843 sum
566 1790 709 1859 quod
744 1799 857 1855 est,
892 1790 1118 1847 alterius
1151 1801 1233 1847 est
1267 1805 1284 1845 :
1318 1791 1547 1860 alicujus
1580 1795 1724 1849 enim
1759 1796 1977 1865 duplum

414 1881 635 1936 dicitur.
667 1881 802 1937 Cum
838 1882 999 1953 igitur
1028 1884 1141 1939 haec
1173 1884 1243 1938 sit
1274 1898 1458 1939 eorum
1489 1885 1605 1957 8,9
1636 1902 1754 1956 quas
1786 1889 1852 1943 ad
1883 1888 1982 1942 ali-

414 1971 541 2038 quid
568 1983 692 2027 sunt
717 1972 979 2041 deﬁnitio,
1004 1975 1187 2029 dicant
1214 1974 1369 2030 nobis
1396 1975 1512 2039 isti,
1540 1976 1628 2046 qui
1660 1977 1791 2033 nihil
1819 1994 1979 2048 quam

415 2063 756 2121 Aristotelem
785 2074 1027 2135 erepant,
1054 2075 1106 2121 et
1136 2067 1280 2124 illius
1304 2069 1482 2138 potius
1512 2067 1791 2138 disciplina
1818 2085 1979 2139 quam

2004 803 2052 858 Α

2772 812 2976 868 ΔΛΛΟ.

2081 930 2378 984 Διδάσκον
2404 928 2515 994 ὅτι,
2551 928 2946 997 προκειμένου
2978 926 3089 981 τοῦ
3110 926 3381 996 μείζονος
3417 927 3516 982 καί
3549 926 3661 981 τοῦ

2152 1000 2495 1063 ἐλάττονος,
2539 999 2910 1063 ἀπαιδεύτως
2958 997 3027 1051 τὸ
3070 997 3355 1068 ἀνόμοιον
3400 997 3662 1121 εισῖἐρε-

2152 1086 2245 1121 ται
2267 1110 2281 1121 .
2339 1068 2676 1121 ἐτεοοτενὲο
2738 1066 2812 1121 ὃν
2854 1066 3005 1121 κατά
3055 1068 3172 1121 τὴν
3211 1069 3477 1121 Ἀοιστοτ
3508 1070 3661 1121 λου(-

2150 1086 2245 1123 tat
2267 1110 2281 1132 ,
2339 1068 2676 1139 ἐτεροτενὲς
2738 1066 2812 1122 ὃν
2854 1066 3005 1121 κατά
3055 1066 3191 1138 τὴνή
3211 1066 3661 1136 Ἀριστοτέλους

2148 1139 2394 1209 τέχνην.

2150 1251 2232 1305 Τὰ
2283 1251 2421 1323 πρός
2468 1269 2522 1305 τι
2562 1250 2753 1322 ἔχοντα
2785 1251 2896 1305 τῶν
2941 1250 3223 1323 ὀνομάτων
3254 1250 3399 1306 οὕτω
3429 1268 3489 1305 τε
3518 1249 3679 1328 σιτιισιρ⁹⁸

2080 1336 2311 1401 ἐκείνοις
2334 1337 2665 1409 καλούμενα,
2689 1339 2901 1411 φανερά
2928 1338 3202 1393 καθιστῶν
3223 1342 3253 1395 ὁ
3279 1344 3380 1411 τῆς
3407 1340 3663 1412 τοιαύτης

2079 1429 2275 1501 τέχνης
2312 1430 2541 1503 εὑρετὴς
2574 1430 2969 1502 ’Δριστοτέλης,
3013 1428 3257 1485 τοιοῦτον
3303 1430 3524 1502 ικφέρει
3568 1429 3659 1483 τὸν

2080 1522 2204 1595 ὁρον
2225 1539 2240 1555 ο
2272 1521 2417 1594 Πρός
2436 1539 2490 1576 τι
2518 1522 2575 1575 δὲ
2595 1520 2665 1575 τὰ
2697 1521 2923 1576 τοιαῦτα
2954 1521 3194 1591 λέγεται.
3228 1522 3331 1576 ὅσα
3358 1522 3498 1576 αὐτὰ
3516 1520 3661 1592 ἅπερ

2081 1616 2253 1678 ἐστὶν,
2281 1614 2485 1685 ἑτέρων
2520 1607 2662 1667 εἶναι
2706 1613 2923 1683 λέγεται
2954 1613 2987 1685 ἢ
3023 1611 3275 1666 ὁπωσοῦν
3310 1610 3484 1674 ἄλλως
3525 1610 3662 1679 πρὸς

2080 1704 2300 1775 ἕτερον’
2335 1697 2446 1756 οἷον
2495 1701 2557 1754 τὸ
2600 1700 2784 1772 μεῖξον
2829 1700 2977 1755 τοῦθ’
3002 1701 3138 1770 ὅπερ
3170 1699 3318 1751 ἐστὶν
3351 1696 3537 1767 ἑτέρου
3575 1694 3662 1747 λέ-

2081 1813 2259 1864 γεται.
2288 1795 2397 1848 Καὶ
2440 1794 2501 1847 τὸ
2542 1793 2826 1847 διπλάσιον
2873 1792 3063 1862 ἑτέρου
3112 1790 3331 1858 λέγεται
3360 1786 3664 1856 τοῦθ’ὁπερ

2082 1886 2198 1939 ἐστί
2218 1901 2233 1917 ⁸
2258 1884 2403 1948 τινὸς
2427 1885 2535 1955 γὰρ
2561 1884 2842 1939 διπλάσιον
2880 1882 3122 1951 λέγεται.
3144 1879 3347 1934 Τοῦτον
3372 1875 3665 1948 τοιγαροῦν

2084 1977 2315 2048 ἐχόντων
2338 1976 2449 2029 τῶν
2476 1976 2610 2046 πρός
2638 1993 2691 2029 τι
2732 1975 2825 2029 τὸν
2869 1976 3013 2047 ὅρον,
3050 1974 3415 2028 δεικνύτωσαν
3449 1972 3581 2041 ἡμῖν
3612 1967 3664 2022 οι

2082 2069 2183 2139 τὴν
2216 2067 2618 2139 Ἀριστοτέλους
2643 2066 2993 2138 ἐρευγόμενοι
3020 2064 3234 2137 τέχνην,
3265 2062 3357 2116 καὶ
3382 2062 3494 2125 τοῖς
3519 2061 3665 2113 exsto

413 2173 688 2213 sacrarum
734 2158 1141 2229 Scripturarum
1185 2161 1492 2233 cognitione
1529 2176 1652 2219 sese
1686 2162 1976 2231 jactitant,

2086 2160 2171 2215 θεν
2197 2161 2535 2233 μαθήμασιν,
2564 2160 2625 2213 οὐ
2658 2163 2771 2223 τοῖς
2812 2159 2921 2213 ἀπὸ
2948 2160 3049 2229 τῆς
3086 2158 3238 2221 θείας
3274 2155 3503 2227 Γραφῆς
3543 2154 3676 2208 sau-

412 2266 480 2303 an
514 2250 692 2305 simile
732 2250 785 2306 id
818 2250 993 2322 ipsum
1041 2252 1183 2321 quod
1216 2263 1297 2308 est
1338 2253 1561 2309 alterius
1590 2254 1689 2321 sit,
1724 2255 1981 2325 quemad-

415 2340 631 2396 modum
677 2343 851 2413 majus
894 2352 947 2399 et
995 2343 1235 2415 duplum.
1282 2346 1584 2417 Opponitur
1622 2350 1765 2404 cnim
1814 2349 1979 2405 simili

411 2430 696 2496 dissimile,
718 2432 860 2489 sicut
884 2433 1095 2503 majori,
1120 2436 1324 2503 minus;
1352 2438 1445 2492 sed
1473 2454 1578 2493 non
1602 2441 1790 2495 eodem
1820 2442 1981 2497 modo

410 2531 576 2591 atque
602 2523 829 2579 ratione.
856 2523 1026 2595 Ssjus
1053 2526 1198 2581 enim
1233 2529 1430 2584 dicitur
1457 2539 1515 2584 ut
1545 2531 1751 2586 minore
1782 2532 1976 2603 majus.

412 2608 601 2666 Simile
629 2620 806 2667 autem
838 2629 1116 2685 nunquam
1147 2616 1393 2673 dissimili
1426 2620 1599 2690 majus
1625 2623 1857 2687 dicitur,
1886 2638 1981 2679 ne-

410 2714 515 2769 que
546 2703 996 2772 quemadmodum
1024 2705 1219 2777 majus,
1248 2708 1341 2779 qui
1370 2712 1673 2781 oppositum
1703 2727 1860 2766 stmm
1889 2729 1979 2767 su-

412 2799 595 2859 perat,
637 2800 719 2847 est
766 2793 817 2848 id
860 2796 1003 2863 quod
1048 2812 1171 2853 esse
1214 2798 1445 2867 dicitur;
1488 2800 1562 2855 ita
1602 2802 1807 2866 simile,
1850 2806 1976 2872 quia

411 2878 585 2948 majus
620 2892 703 2937 est
736 2882 1023 2951 dissimili,
1055 2886 1161 2942 hoc
1192 2892 1336 2958 quod
1370 2901 1454 2946 est
1485 2907 1609 2948 esse
1642 2896 1972 2951 censebitur.

415 2972 617 3029 Diversi
656 2975 821 3045 igitur
852 2979 1068 3048 generis
1105 2994 1326 3050 prorsus
1359 2992 1420 3039 ut
1455 2986 1565 3040 sint
1601 3001 1822 3042 necesse
1858 2998 1977 3053 est,

409 3078 534 3131 qua:
554 3066 799 3123 eamdem
826 3068 1144 3127 divisionem
1170 3073 1645 3147 detinitionemque
1672 3093 1774 3132 non
1804 3082 1977 3135 susci-

410 3165 578 3223 ptttttl.

1082 3276 1309 3333 ALIUD.

480 3378 706 3437 Nomina
737 3397 859 3454 qua:
887 3386 952 3441 ad
984 3386 1184 3460 aliquid
1216 3402 1374 3457 sunt,
1410 3404 1500 3449 aut
1531 3412 1853 3467 quacunque
1880 3414 1974 3453 ra-

2078 2253 2205 2316 τοὺς
2251 2250 2743 2322 ἀποσεμνύνοντες.
2772 2249 2820 2302 εί
2870 2250 2965 2302 καὶ
3012 2246 3073 2300 τὸ
3122 2247 3308 2317 ὅμοιον
3352 2242 3497 2297 τοῦθ’
3526 2242 3666 2312 ὅπερ

2078 2346 2229 2399 ἐστὶν
2265 2344 2452 2416 ἑτέρου
2482 2344 2721 2412 λέγεται,
2752 2341 3006 2412 καθάπερ
3036 2341 3131 2394 καί
3161 2338 3222 2392 τὸ
3250 2337 3434 2409 μεῖζον
3475 2335 3569 2390 καὶ
3604 2335 3666 2389 τὸ

2078 2439 2379 2493 διπλάσιον.
2395 2437 2720 2491 Ἀντίκειται
2753 2434 2853 2505 μὲν
2876 2433 2985 2504 γὰρ
3006 2432 3085 2503 τῷ
3108 2432 3280 2503 ὁμοίῳ
3303 2429 3365 2482 τὸ
3388 2427 3665 2498 ἀνόμοιον,

2078 2530 2265 2601 ὥσπερ
2298 2529 2395 2581 καὶ
2437 2527 2517 2599 τῷ
2556 2526 2765 2598 μείζονι
2796 2524 2859 2579 τὸ
2907 2524 3153 2583 ἔλαττον,
3197 2520 3314 2574 ἀλλ’
3344 2518 3443 2589 οὐχ
3490 2516 3664 2580 οὕτως

2078 2622 2196 2675 οὐδὲ
2230 2619 2515 2684 ὡσαύτως.
2544 2618 2619 2673 Τδ
2655 2618 2755 2689 μὲν
2780 2616 2889 2689 γὰρ
2915 2617 3101 2687 μεῖζον
3130 2615 3206 2678 ὡς
3230 2613 3513 2675 ἐλάττονος
3547 2609 3672 2681 μεί-

2078 2712 2171 2776 ζον
2199 2713 2435 2781 λέγεται.
2465 2711 2538 2764 Τδ
2563 2710 2621 2764 δὲ
2646 2711 2832 2779 ὅμοιον
2860 2708 2961 2762 οὐκ
2993 2707 3063 2762 ἂν
3093 2706 3171 2770 ὡς
3198 2703 3454 2775 ἀνομοίου
3479 2701 3668 2774 μεῖζον

2076 2801 2293 2871 λεχθείη
2331 2800 2485 2866 ποτὲ,
2530 2799 2649 2854 οὐδὲ
2670 2800 2860 2868 ὥσπερ
2884 2797 2944 2851 τὸ
2969 2796 3156 2866 μεῖζον
3178 2796 3266 2849 διὰ
3290 2794 3351 2847 τὸ
3372 2792 3668 2863 ὑπερέχειν

2077 2892 2171 2945 τοῦ
2235 2891 2613 2960 ἀντικειμένου
2650 2889 2811 2945 τοῦτό
2850 2890 3000 2942 ἐστιν
3044 2889 3184 2959 ὅπερ
3226 2883 3366 2939 εἶναι
3406 2884 3663 2953 λέγεται·

2076 2982 2218 3037 οὕτω
2246 2982 2339 3037 καὶ
2376 2983 2437 3036 τὸ
2474 2985 2659 3054 ὅμοιον
2692 2982 2781 3036 διὰ
2821 2982 2882 3035 τὸ
2924 2980 3110 3052 μεῖζον
3130 2976 3385 3034 εἷναιτοῦ
3408 2976 3667 3049 ἀνομοίου

2076 3072 2402 3143 νοηθήσεται
2444 3072 2619 3127 τοῦτο.
2644 3071 2854 3126 Οὐκοῦν
2875 3071 3165 3145 ἑτερογενῆ
3188 3070 3403 3133 πάντως
3421 3068 3575 3121 ἔσται
3596 3068 3670 3125 τὰ

2075 3166 2174 3237 τὴν
2196 3165 2368 3237 αὐτὴν
2387 3164 2651 3237 διαίρεσιν
2670 3182 2731 3220 τε
2754 3166 2848 3221 καὶ
2871 3167 2996 3237 ὅρον
3018 3166 3120 3219 οὐκ
3143 3162 3531 3233 ἐπιδεχόμενα.

2774 3279 2981 3333 ΑΛΛΟ.

2146 3390 2226 3443 Τὰ
2263 3390 2399 3461 πρός
2437 3408 2489 3444 τι
2527 3389 2718 3461 ἔχοντα
2752 3388 2861 3442 τῶν
2904 3388 3265 3459 ὀνομάτων,ἤ
3310 3387 3402 3440 καὶ
3430 3380 3578 3449 ὅπως
3599 3386 3662 3457 δή

408 3474 556 3530 tione
584 3486 829 3547 respectu
860 3478 1083 3537 alterius
1114 3482 1385 3550 dicuntur,
1417 3487 1577 3543 simul
1611 3500 1663 3545 et
1694 3490 1969 3547 intellectu

2086 3478 2306 3535 ηοτόῦν
2346 3481 2480 3553 πρὸς
2520 3482 2707 3552 ἕτερον
2748 3500 2801 3535 τι
2840 3482 3132 3551 λεγόμενα,
3157 3480 3275 3550 ἅμα
3316 3481 3434 3533 ἐστὶ
3466 3479 3562 3531 καὶ
3595 3481 3662 3550 τῇ

406 3575 461 3620 et
494 3578 683 3623 natura
718 3580 876 3636 sunt,
915 3581 973 3627 ut
1011 3576 1243 3646 exempli
1280 3578 1484 3648 gratia,
1522 3582 1740 3651 duplum
1775 3593 1827 3638 et
1863 3600 1977 3638 ma-

408 3672 593 3726 gnum.
625 3660 851 3730 Duplum
879 3664 1021 3719 enim
1050 3666 1273 3723 omnino
1298 3683 1477 3724 secum
1510 3672 1712 3727 inducit
1740 3674 1791 3727 id
1821 3674 1976 3744 cujus

401 3757 489 3803 est
515 3750 755 3820 duplum,
780 3762 833 3809 et
859 3769 1112 3826 maguum
1140 3772 1321 3814 secum
1348 3762 1511 3816 etiam
1541 3762 1697 3819 affert
1726 3781 1972 3834 parvum,

405 3840 563 3910 cujus
596 3848 998 3914 comparatione
1034 3858 1118 3904 est
1155 3866 1427 3922 magnum.
1467 3853 1652 3923 Neque
1688 3858 1833 3911 enim
1868 3860 1975 3913 erit

406 3936 625 4006 duplum
652 3952 757 3993 non
785 3940 1081 3996 exsisteute
1109 3944 1283 3997 medio
1312 3962 1326 3999 :
1355 3960 1530 4013 neque
1560 3963 1809 4018 magnum
1829 3992 1843 4014 ,
1870 3952 1972 4004 nisi

407 4034 675 4081 statuatur
695 4026 909 4098 aliquod
932 4044 1176 4100 parvum.
1203 4030 1327 4088 Haec
1352 4042 1433 4088 est
1461 4036 1623 4105 igitur
1644 4052 1827 4092 eorum
1854 4054 1973 4108 quae

409 4116 475 4170 ad
509 4117 712 4187 aliquid
743 4128 868 4173 sunt
901 4120 1171 4187 definitio;
1211 4122 1387 4178 simile
1416 4139 1545 4179 vero
1582 4141 1685 4181 nou
1724 4143 1975 4183 necessa-

406 4208 490 4265 rio
533 4223 637 4263 una
678 4223 800 4265 eum
845 4210 1091 4267 dissimili
1140 4212 1480 4284 intelligitur,
1520 4220 1970 4286 quemadmodum

408 4299 527 4365 illa,
560 4299 702 4357 sicut
733 4316 908 4371 neque
934 4301 1139 4371 justum
1174 4318 1294 4359 cum
1336 4304 1560 4371 injusto,
1596 4323 1768 4376 neque
1803 4310 1972 4365 virtus

406 4407 528 4446 cum
564 4393 716 4448 vitio.
754 4392 887 4448 Nam
932 4393 1194 4461 ejusmodi
1238 4396 1567 4465 privationes
1610 4400 1785 4467 potius
1826 4411 1970 4469 sunt,

405 4494 462 4540 et
488 4499 675 4541 eorum
704 4500 823 4555 qua:
854 4487 905 4541 in
942 4487 1126 4543 habitu
1157 4491 1455 4545 consistunt
1486 4495 1809 4547 mutationes
1830 4536 1844 4560 ,
1878 4511 1971 4550 ne-

406 4588 511 4643 que
543 4576 991 4647 quemadmodum
1027 4593 1087 4633 ea
1124 4595 1243 4649 qua:
1276 4582 1341 4636 ad
1381 4582 1583 4652 aliquid
1621 4594 1771 4649 sunt,
1809 4586 1970 4641 simul

405 4684 528 4724 cum
563 4668 675 4724 suis
707 4670 968 4738 oppositis
1004 4670 1393 4745 intelliguntur.
1426 4676 1633 4731 Similis
1669 4678 1810 4732 enim
1852 4694 1971 4733 mu-

2080 3573 2262 3643 νοήσει
2300 3573 2393 3625 καὶ
2429 3574 2492 3643 τῇ
2535 3572 2729 3641 φύσει·
2774 3566 2885 3626 οἷον
2908 3572 3040 3644 φέρε
3082 3574 3277 3636 εἰπεῖν,
3302 3571 3361 3625 τὸ
3382 3571 3663 3624 διπλάσιον

2080 3664 2173 3717 καὶ
2218 3662 2279 3714 τὸ
2320 3663 2579 3738 μέγαητὺ
2622 3664 2719 3733 μὲν
2763 3664 2873 3735 γὰρ
2919 3663 3219 3724 διπλάσιον.
3247 3664 3590 3735 συνεισφέρει
3610 3679 3661 3715 τι

2079 3752 2296 3815 πάντως
2338 3752 2514 3821 ἑαυτῷ
2557 3744 2618 3805 οὗ
2660 3753 2754 3805 καὶ
2794 3753 2908 3805 ἐστὶ
2950 3752 3250 3818 διπλάσιον,
3278 3754 3371 3806 καὶ
3415 3752 3475 3805 τὸ
3520 3752 3661 3823 μέγα

2082 3843 2402 3895 συνεισοίσει
2441 3843 2657 3907 πάντως
2702 3842 2881 3913 ἑαυτῷ
2906 3844 2965 3896 τὸ
3000 3843 3196 3914 μικρὸν
3227 3844 3362 3915 πρὸς
3387 3844 3415 3897 δ
3447 3844 3543 3897 καὶ
3575 3843 3663 3898 λέ-

2082 3947 2234 3999 γεται
2269 3931 2428 4001 μέγα.
2466 3932 2540 3984 Οὐ
2569 3932 2679 4003 γὰρ
2712 3932 2778 3985 ἂν
2822 3934 2907 4002 εἴη
2957 3934 3257 3996 διπλάσιον,
3290 3933 3515 4003 ἡμίσεος
3558 3934 3661 3987 οὐκ

2080 4022 2252 4089 ὁντος,
2286 4022 2400 4076 ἀλλ’
2426 4024 2545 4077 οὐδὲ
2589 4024 2749 4094 μέγα,
2790 4025 2986 4096 μικροῦ
3034 4025 3108 4097 μὴ
3159 4027 3446 4097 νοουμένου
3492 4028 3657 4090 τινός.

2079 4114 2160 4167 Td
2197 4116 2293 4185 μὲν
2323 4111 2415 4168 οὖν
2450 4116 2586 4187 πρός
2632 4133 2685 4168 τι
2712 4116 2899 4170 τοῦτον
2945 4117 3057 4188 ἔχει
3098 4119 3192 4173 τὸν
3236 4120 3389 4189 ὅρον·
3420 4118 3480 4171 τὸ
3508 4117 3565 4171 δέ
3593 4133 3659 4186 γε

2078 4207 2262 4278 ὅμοιον
2311 4208 2411 4260 οὐκ
2460 4209 2520 4275 ἐξ
2566 4208 2815 4280 ἀνάγκης
2860 4209 2976 4280 ἅμα
3022 4210 3099 4283 τῷ
3154 4210 3387 4282 ἀνομοίῳ
3432 4212 3655 4272 νοεῖται.

2080 4302 2331 4373 καθάπερ
2376 4303 2624 4357 κάκεῖνα·
2662 4302 2851 4376 ὥσπερ
2888 4305 3009 4358 οὐδὲ
3050 4306 3114 4358 τὸ
3162 4306 3371 4360 δίκαιον
3417 4304 3532 4374 ἄμα
3579 4303 3658 4373 τῷ

2078 4394 2269 4463 ἀδίκῳ,
2307 4395 2426 4448 οὐδὲ
2466 4398 2498 4466 ὴ
2548 4397 2716 4469 ἀρετὴ
2768 4396 2881 4467 ἅμα
2927 4400 2993 4469 τῇ
3045 4399 3233 4469 κακίᾳ.
3266 4398 3348 4451 Τὰ
3400 4398 3499 4467 μὲν
3548 4398 3657 4471 γὰρ

2076 4485 2297 4540 τοιαῦτα
2327 4489 2610 4559 στερήσεις
2647 4490 2844 4560 μᾶλλόν
2874 4492 2979 4544 είσι
3028 4494 3122 4544 καὶ
3164 4490 3429 4561 ἐκτροπαὶ
3459 4488 3565 4543 τῶν
3599 4491 3657 4543 ἐν

2076 4577 2185 4644 ἕξει
2214 4581 2501 4648 κειμένων,
2526 4581 2586 4633 οὐ
2622 4581 3069 4654 συνεισφέρεσοαι
3104 4582 3319 4645 πάντως
3349 4581 3654 4651 ὀφείλοντα,

2077 4670 2327 4739 καθάπερ
2358 4673 2447 4725 καὶ
2478 4675 2569 4725 ἐπὶ
2599 4673 2707 4726 τῶν
2747 4675 2881 4746 πρός
2926 4692 2979 4730 τι
3027 4674 3095 4728 τὰ
3142 4673 3513 4743 ἀντικείμενα.
3546 4674 3655 4729 Τοῦ

407 4760 537 4815 talio
567 4758 809 4830 quadam
838 4770 924 4816 est
952 4761 1241 4829 dissimile,
1268 4761 1494 4832 justitia:
1519 4782 1648 4822 vero
1682 4768 1965 4838 injustitia.

2086 4760 2179 4831 μὲν
2207 4760 2315 4831 γὰρ
2344 4761 2529 4832 ὁμοίου
2560 4764 2799 4833 ἐκτροπή
2830 4764 2912 4829 τίς
2941 4766 3056 4818 ἐστι
3084 4765 3145 4817 τὸ
3172 4764 3442 4834 ἀνόμοιον,
3471 4766 3570 4835 τῆς
3598 4764 3656 4818 ὁὶ

403 4851 538 4906 Cum
574 4865 735 4919 vero,
771 4851 924 4922 juxta
968 4851 1180 4907 illorum
1222 4854 1592 4925 disciplinam,
1636 4858 1969 4928 privationes

2086 4854 2415 4925 Ξικαιοσύνης
2463 4857 2496 4925 ἠ
2541 4855 2743 4909 ἀδικία.
2761 4856 2977 4927 Ἐπειδὴ
3006 4857 3085 4919 δὲ,
3118 4857 3255 4910 κατὰ
3293 4856 3390 4927 τὴν
3429 4858 3657 4919 ἐκείνων

405 4942 676 4999 habitibus
705 4945 815 4999 sint
842 4945 1189 5012 posteriores,
1223 4960 1329 5001 non
1359 4948 1464 5002 erit
1495 4948 1675 5019 itaque
1704 4951 1971 5009 dissimile

2086 4947 2285 5017 τέχνην,
2319 4946 2377 4999 αἱ
2406 4948 2690 5018 στερήσεις
2721 4947 2829 4999 τῶν
2858 4946 3023 5012 ἔξεων
3048 4947 3319 5019 δεύτεραι,
3342 4948 3443 5000 οὐκ
3473 4947 3541 5001 ἂν
3566 4941 3654 5020 εἴη

406 5048 473 5088 cx
500 5033 568 5089 iis
592 5049 711 5106 quae
737 5051 840 5090 una
870 5036 1263 5109 intelliguntur,
1289 5054 1413 5095 eum
1442 5044 1619 5110 potius
1643 5046 1714 5100 sit
1740 5044 1970 5116 privatio

2086 5038 2179 5092 ιῶν
2217 5039 2332 5108 ἅμα
2366 5038 2667 5105 νοουμένων
2720 5038 2780 5092 τὸ
2808 5039 3079 5111 ἀνόμοιον,
3116 5040 3369 5111 στέρησις
3417 5040 3510 5093 καὶ
3558 5042 3653 5094 ὲκ-

404 5134 462 5180 et
491 5126 717 5183 mutatio
745 5126 955 5184 similis.

2086 5129 2246 5199 ῖροπὴ
2279 5126 2374 5179 τοῦ
2412 5126 2595 5197 ὁμοίου
2630 5128 2915 5198 τυγχάνον.

1078 5242 1298 5301 ALIUD.

2759 5246 2963 5301 ΔΛΔΟ.

475 5348 759 5405 Nomiuum
789 5367 907 5423 qua:
933 5354 999 5409 ad
1030 5356 1229 5425 aliquid
1256 5369 1413 5424 sunt,
1440 5360 1668 5416 alterum
1701 5364 1961 5433 quodam-

2148 5365 2229 5418 Τά
2262 5364 2396 5434 πρός
2426 5382 2479 5417 τι
2506 5364 2697 5434 ἔχοντα
2730 5364 2840 5419 τῶν
2867 5364 3147 5436 ὀνομάτων
3176 5360 3287 5419 οἷον
3314 5366 3372 5419 ὲν
3398 5365 3655 5439 ἀλλήλοις

408 5442 568 5497 modo
598 5442 649 5496 in
683 5440 853 5498 altero
880 5458 997 5500 esse
1025 5461 1182 5502 suum
1216 5449 1396 5517 habet,
1428 5462 1481 5506 et
1510 5456 1720 5509 sublato
1752 5473 1855 5511 uno
1885 5458 1963 5511 al-

2086 5454 2184 5527 ἔχει
2208 5456 2269 5509 τὸ
2297 5452 2456 5519 εἶναι,
2508 5457 2602 5510 καὶ
2624 5457 2742 5521 ἐνὸς
2772 5456 3149 5529 ἀναιρεθέντος
3172 5460 3271 5512 οὐκ
3296 5458 3412 5513 ἔστι
3440 5460 3504 5514 τὸ
3530 5461 3653 5516 6:6-

408 5541 579 5587 terunt
618 5536 780 5589 etiam
820 5535 1022 5592 interit.
1061 5538 1520 5605 Quemadmodum
1560 5547 1720 5615 igitur
1755 5549 1967 5605 sublato

2086 5562 2249 5617 τερον.
2276 5547 2488 5617 Ὠσπερ
2532 5542 2627 5601 οὖν
2670 5548 2765 5601 ml.
2809 5550 3189 5618 ἀναιρεθέντος
3232 5553 3327 5606 τοῦ
3380 5551 3648 5621 μείζονος,

408 5624 631 5694 majore,
679 5626 881 5681 tollitur
918 5628 1080 5683 etiam
1126 5631 1333 5698 minus;
1383 5651 1555 5705 neque
1597 5638 1739 5693 enim
1789 5641 1965 5695 minus

2086 5640 2477 5709 τυναναιρεῖται
2500 5638 2719 5701 πάντως
2737 5640 2797 5693 τὸ
2824 5640 3042 5695 ἔλαττον
3062 5658 3076 5673 ·
3108 5644 3168 5695 οὐ
3198 5642 3306 5715 γὰρ
3336 5643 3401 5698 ἂν
3426 5643 3652 5701 ἔλαττον

410 5713 611 5783 aliquid
657 5712 839 5783 fuerit,
882 5718 983 5774 nisi
1025 5721 1251 5776 exsistat
1292 5725 1484 5794 majus,
1524 5726 1674 5795 cujus
1720 5741 1963 5798 respectu

2086 5728 2152 5798 ιῖη
2190 5746 2263 5790 τι.
2304 5729 2377 5800 μὴ
2410 5730 2561 5793 ὄντος
2598 5731 2862 5801 μείζονος,
2899 5728 2959 5787 οὗ
2991 5734 3087 5787 καὶ
3116 5712 3549 5791 ἔστιν-ἔλαττον.
3584 5737 3649 5791 Εἰ

411 5804 591 5861 minus
616 5815 715 5861 cst.
745 5804 799 5861 Si
827 5821 953 5878 ergo
981 5810 1152 5869 simile
1179 5813 1413 5883 ejusdem
1452 5820 1663 5889 generis
1693 5838 1808 5877 esse
1837 5839 1956 5878 cum

2086 5822 2242 5875 roiwv
2273 5822 2528 5891 ὁμογενὲς
2551 5819 2685 5879 εἷναί
2708 5842 2842 5895 φατε
2873 5828 2983 5890 τοῖς
3004 5828 3135 5897 πῶς
3159 5846 3209 5882 τι
3238 5832 3326 5884 καὶ
3358 5830 3414 5883 τὸ
3437 5830 3644 5897 ὅμοιον.
