3922 6474
182 448 261 504 ης
1686 427 1871 487 THES

1979 424 2134 484 RUS.
3432 420 3531 475 150

188 566 450 638 ὰναιρεῦὶν
484 564 706 631 αὓτδν,
750 544 1183 635 συναναιρείτω
1207 560 1268 614 τὸ
1305 558 1580 629 ἀνόμοιον,
1615 553 1711 608 καὶ
1736 568 1858 607 συν-

1979 541 2273 599 iominibus
2301 555 2421 613 quas
2448 540 2519 597 ad
2544 537 2750 610 aliquid
2777 546 2904 594 sunt
2934 536 3190 638 censetis,
3217 533 3430 593 sublato
3460 541 3533 594 si-

195 626 510 730 αναίρείσῧω
571 626 779 715 πάλιν
849 626 1083 727 ὲκείνῷ.
1118 653 1253 707 Ἀλλ’
1302 650 1361 704 οὐ
1408 626 1845 718 συναναιρεῖται,

1979 635 2089 699 nili,
2133 633 2320 690 interit
2362 632 2525 687 etiam
2572 640 2630 686 et
2671 628 2955 696 dissimile,
2998 626 3267 698 simulque
3308 638 3530 696 pereant

203 719 445 823 «sum,»
477 753 730 823 ἀναιρεῖ
750 768 766 782 ·
822 750 994 814 ὄντος
1024 719 1130 819 γάρ
1160 762 1303 807 τινος
1345 740 1657 813 ἀνθρώπου,
1688 737 1851 809 τυχὸν

1979 739 2172 780 necesse
2210 733 2315 781 est.
2352 722 2464 794 90
2499 720 2605 778 Sed
2642 734 2815 792 neque
2850 719 3204 785 interimitur,
3240 734 3417 788 neque
3455 721 3534 773 in-

214 810 349 904 ισται
374 810 434 904 τι
461 848 528 902 τί)
553 810 855 918 ἀνόμοιον
890 810 1046 913 αὑτῶ
1067 860 1079 871 -
1098 810 1195 894 οιαὶ
1226 810 1606 907 ἀναιρεθέντος
1636 831 1733 887 τοῦ
1765 832 1853 885 dv-

1979 817 2155 871 erimit
2185 834 2199 871 :
2230 830 2352 870 cum
2381 814 2526 868 enim
2563 812 2766 884 aliquid
2797 812 2869 867 sit
2898 813 3082 875 homo,
3112 810 3215 865 erit
3242 810 3404 865 etiam
3438 810 3535 864 ali-

225 943 417 1015 ομοίου,
448 943 515 997 οὐ
550 940 1011 1011 συναναιρεῖται
1049 934 1109 989 τὺ
1143 934 1225 997 ὃν,
1254 931 1534 986 τουτέστιν
1563 930 1592 982 ὁ
1637 926 1854 998 ἄνθρω-

236 1052 340 1101 πος,
372 1030 433 1089 ob
466 1035 571 1089 καὶ
601 1034 863 1102 γέγονεν
890 1029 1147 1099 ἀνόμοιον
1173 1024 1234 1078 τδ
1256 1021 1565 1093 ᾁναιρεθέν.
1600 1019 1715 1072 Οὐκ
1742 1017 1852 1088 ἄρα

246 1130 339 1183 τῶν
381 1130 520 1201 πρὸς
555 1126 785 1197 ἄλληλα
835 1120 1150 1193 λεγομένων
1181 1116 1242 1171 τὸ
1282 1117 1467 1187 ὅμοιον
1506 1112 1599 1166 καὶ
1646 1110 1709 1164 τὸ
1758 1110 1859 1163 ἀν-

259 1220 443 1291 ὁμοιον.

958 1326 1159 1379 ΑΛΛΟ.

344 1446 458 1500 Ἐπὶ
494 1443 592 1498 τοῦ
630 1442 824 1515 ὁμοίου
876 1440 973 1495 καὶ⁵
996 1440 1100 1510 τῆς
1127 1436 1330 1510 ἀρετῆς
1356 1434 1451 1491 καὶ
1477 1432 1588 1487 τῶν
1616 1433 1853 1487 ἀντικει-

278 1533 435 1604 μένων
477 1533 695 1597 τούτοις
732 1531 983 1602 χωρήσει
1020 1527 1082 1581 τὺ
1127 1526 1335 1597 μᾶλλον
1372 1524 1467 1577 καὶ
1501 1516 1856 1594 ἦττον.Ἕσ.τι

276 1627 373 1697 γὰρ
413 1628 589 1679 εἰπεῖν
634 1624 698 1679 οὐ
742 1623 1076 1693 ψευδόμενον
1108 1619 1258 1673 τόνδε
1303 1616 1426 1670 τινὰ
1472 1614 1635 1684 τυχὸν
1667 1614 1851 1682 ὅμοιον

274 1716 416 1786 τῷδε,
433 1718 529 1770 καὶ
556 1710 724 1789 ἦττον
753 1715 787 1784 ἢ
823 1713 1024 1783 μᾶλλον
1049 1712 1252 1782 ὅμοιον,
1274 1710 1365 1762 καὶ
1392 1706 1593 1779 μᾶλλον
1620 1705 1850 1766 δίκαιον,

274 1808 361 1861 καὶ
389 1809 599 1861 δίκαιον
630 1802 961 1877 ἦττον.Ἐπὶ
996 1803 1095 1874 μέν
1140 1820 1221 1855 τοι
1272 1800 1366 1855 τοῦ
1419 1796 1723 1869 μείζονοςῆ
1757 1796 1853 1849 καὶ

273 1900 359 1954 τοῦ
406 1898 711 1963 ἐλάττονος,
741 1894 1085 1956 διπλασίονός
1128 1910 1189 1945 τε
1240 1892 1333 1945 καὶ
1378 1890 1627 1961 ἡμίσεος,
1660 1888 1757 1941 οὐκ
1787 1885 1853 1940 ἂν

274 1994 410 2045 είποι
436 2007 545 2054 τις,
584 1989 786 2060 μᾶλλον
821 1985 1060 2058 μεῖζονῆ
1097 1984 1295 2056 μᾶλλον
1328 1980 1621 2051 ἐλαττον,ἢ
1656 1979 1855 2050 μᾶλλον

273 2078 547 2133 διπλάσιον
565 2077 599 2146 ἦ
627 2075 828 2145 μᾶλλον
853 2076 1048 2145 ἥμισυ.
1066 2073 1418 2127 Ἀνεπίδειιτα
1438 2071 1547 2142 γὰρ
1568 2070 1661 2123 τοῦ
1687 2068 1856 2123 ποσοῦ

275 2170 339 2223 τὰ
377 2172 476 2239 τῆς
518 2170 809 2238 ποιότητος
851 2168 966 2239 εῑδη
1001 2166 1090 2220 διὰ
1121 2166 1332 2220 πολλῶν
1362 2165 1762 2219 ἀποδέδεικται.
1792 2164 1857 2217 Ei

276 2261 446 2317 τοίνυν
470 2262 530 2316 τὸ
554 2264 742 2332 ὅμοιον
769 2260 864 2315 τοῦ
895 2259 1062 2314 ποσοῦ
1089 2259 1395 2331 χωρητικόν
1420 2261 1557 2323 ἐστι,
1584 2259 1679 2312 καὶ
1704 2258 1858 2328 δέχε-

276 2371 361 2407 ται
388 2354 448 2409 τὸ
482 2353 682 2425 μᾶλλον
710 2355 806 2407 καὶ
834 2353 895 2406 τὸ
927 2353 1169 2417 ἔλαττον,
1189 2353 1251 2405 οὐ
1274 2352 1577 2422 δεχομένων
1609 2350 1740 2405 αὐτὸ
1763 2350 1858 2403 τοῦ

278 2444 518 2515 ἡμίσεως
555 2444 653 2498 καὶ
686 2444 992 2511 διπλασίου,
1025 2444 1123 2514 οὐχ
1150 2443 1409 2514 ὁμογενὲς
1438 2442 1546 2513 ἄρα
1579 2444 1692 2507 τοῖς
1724 2442 1865 2514 πρός

279 2534 329 2588 τί
360 2537 524 2592 ἔστιν.

959 2650 1162 2706 ΔΛΔΟ.

345 2761 419 2815 Τὸ
449 2762 651 2833 μᾶλλον
681 2764 800 2835 ἦτοι
828 2764 890 2817 τὸ
918 2764 1101 2836 μεῖζον
1133 2764 1386 2829 έπίτασίς
1417 2765 1535 2818 ἐστι
1568 2765 1664 2819 καὶ
1699 2763 1867 2834 ὕπερ-

281 2852 402 2925 οολή
452 2871 602 2917 τινος
646 2856 973 2926 πράγματος
1022 2856 1433 2927 οίουδηποτοῦν,
1456 2858 1559 2910 οὐκ
1609 2856 1864 2927 ἀνομοίου

279 2945 417 3009 τινὸς
464 2946 560 2999 καὶ
610 2945 993 3015 ἀντικειμένου
1042 2946 1273 3019 δήλωσιν
1321 2948 1455 3019 ἔχει.
1488 2947 1563 3001 Τὸ
1600 2947 1656 3000 δὲ
1680 2948 1868 3018 ὅμοιον

280 3037 374 3107 ὠχ
402 3036 600 3103 οὕτως.
629 3038 890 3110 Εἰσφέρει
922 3038 1031 3108 γὰρ
1062 3037 1157 3093 τοῦ
1188 3040 1443 3111 ἀνομοίου
1472 3040 1570 3111 τὴν
1604 3040 1865 3112 ἔμφασιν.

284 3129 493 3193 Ἄλλως
522 3147 581 3183 τε
609 3128 687 3200 τῷ
714 3130 813 3201 μὲν
836 3132 1074 3202 ἀνομοίῳ
1106 3132 1363 3204 στέρησις
1393 3133 1696 3188 ἀκολουθεῖ.
1713 3135 1875 3189 Ἀπο-

282 3220 405 3288 ϐολὴ
443 3223 555 3293 γὰρ
590 3222 684 3276 τοῦ
718 3223 905 3293 ὁμοίου
940 3223 1001 3275 τὸ
1044 3224 1298 3293 ἀνόμοιον
1342 3225 1658 3294 ἐργάζεται.
1694 3224 1766 3278 Τὸ
1810 3224 1869 3278 δὲ

284 3312 480 3381 μᾶλλον
520 3314 615 3367 καὶ
663 3314 850 3385 μεῖζον
899 3314 1153 3378 ὲπίτασίς
1187 3332 1334 3379 τινος
1364 3316 1512 3378 ὄντα,
1545 3304 1705 3369 ποίαν
1758 3316 1866 3382 ἔξει

280 3404 377 3474 τὴν
398 3405 745 3477 ἁποόολὴν,ῆ
769 3405 888 3470 πῶς
910 3406 998 3459 ἐπ’
1019 3407 1184 3460 αὐτοῦ
1208 3408 1464 3479 στέρησις
1486 3408 1659 3476 ἔσται,
1680 3408 1870 3480 ὥσπερ

284 3495 373 3546 καὶ
420 3496 511 3548 ἐπὶ
536 3496 634 3549 τοῦ
666 3497 958 3565 ἀνομοίους
1008 3496 1144 3549 Ἀλλ’
1177 3497 1278 3576 θρκ
1314 3498 1381 3552 ἂν
1414 3498 1641 3569 ἔχοιμτις
1672 3500 1870 3554 εἰπεῖν.

294 3582 637 3655 Ἐτερογενὶς
666 3585 777 3655 ἄρα
804 3586 883 3656 τῷ
917 3587 1091 3657 ὁμοίῳ
1122 3587 1184 3641 τὸ
1216 3587 1421 3659 μεῖζον.

285 3696 485 3772 LEM),
532 3698 848 3772 ἀπόδειξιν
874 3699 1021 3768 ἕχον
1049 3699 1138 3753 ὅτι
1178 3698 1276 3772 διὰ
1309 3701 1414 3756 τοῦ
1442 3701 1723 3772 λέγεσθαι
1745 3704 1871 3772 μεί-

354 3767 491 3840 (ora
522 3770 630 3821 τὸν
662 3767 913 3840 Πατέρα,
935 3767 1398 3840 συνεισφέρεται
1430 3767 1548 3840 per"
1577 3767 1815 3840 πάντως
1839 3776 1873 3828 ό

363 3838 514 3905 Υἱὸς,
554 3840 689 3893 ἐστι
720 3839 788 3892 δὲ
824 3842 937 3893 οὐκ
964 3839 1228 3894 ἐλάττων
1253 3838 1461 3897 αὑτοῦ.

357 3955 428 4009 Th
461 3953 650 4025 μεῖζον
683 3956 841 4017 εἴτις
868 3956 1154 4025 ὀνομάσαι,
1182 3957 1507 4011 συνεισοίσει
1534 3959 1753 4023 πάντως
1779 3960 1879 4014 καὶ·

292 4044 603 4114 ἀναγκαίως
634 4046 821 4117 ἔτερόν
867 4062 919 4099 τι
969 4047 1097 4116 παρ’
1129 4046 1262 4100 αὐτὸ
1289 4042 1349 4102 οῦ
1377 4050 1471 4102 καὶ
1501 4048 1617 4103 ἔστι
1668 4048 1869 4121 μείζον.

293 4138 443 4192 υῦτω
485 4136 777 4208 τοιγαροῦν
822 4137 1038 4208 ἔχοντος
1082 4137 1179 4191 τοῦ
1226 4140 1516 4211 νοήματος,
1557 4142 1689 4213 φέρε
1742 4144 1876 4197 κατ’

294 4227 419 4280 αὐτὸ
458 4228 559 4297 τὴν
609 4226 781 4305 Θείαν,
812 4228 1154 4305 ἐξετάσωμεν
1187 4230 1461 4302 γέννησιν,
1488 4233 1585 4285 καὶ
1628 4231 1719 4287 τὸν
1746 4234 1876 4305 περὶ

298 4319 504 4390 Πατρδς
557 4320 651 4373 καὶ⁸
701 4302 837 4373 Ῠίὸῦ
875 4320 1244 4392 γυμνάσωμεν
1296 4322 1649 4392 λόγον.”οταν
1695 4302 1875 4380 τοίνυν

299 4410 516 4482 λέγηται
549 4413 754 4482 μείζων
788 4414 815 4464 ὁ
841 4414 1053 4483 Πατὴρ,
1084 4414 1423 4485 συνεισφέρει
1444 4415 1543 4486 μὲν
1570 4416 1788 4480 πάντως
1817 4416 1877 4470 τὸ

301 4502 356 4555 ὲν
392 4503 572 4573 σχέσει
618 4506 684 4574 τῇ
739 4505 874 4574 πρὸς
902 4505 1085 4573 αὑτὸν,
1112 4505 1209 4578 τὴν
1236 4505 1367 4560 Υίοῦ
1405 4507 1680 4579 σημασίαν
1710 4509 1883 4580 φημὶ,

1951 909 2078 979 quid
2109 908 2158 965 ei
2188 906 2477 971 dissimile,
2509 913 2564 961 et
2593 904 2809 961 sublato
2842 901 3117 967 dissimili,
3150 916 3259 956 non
3295 901 3439 971 perit
3466 901 3540 956 si-

1951 1004 2064 1060 nul
2094 1002 2145 1059 id
2172 1004 2316 1074 quod
2343 1008 2482 1065 erat,
2521 999 2625 1055 hoc
2656 1006 2738 1053 est
2776 998 2962 1062 homo,
3008 996 3096 1051 cui
3128 993 3393 1051 dissimile
3420 1002 3536 1048 erat

1951 1096 2093 1167 quod
2130 1094 2313 1168 periit.
2350 1092 2542 1149 Simile
2578 1090 2744 1162 igitur
2774 1099 2831 1144 et
2863 1087 3130 1145 dissimile
3164 1101 3271 1142 non
3309 1092 3438 1141 sunt
3471 1085 3535 1140 ad

1951 1187 2176 1257 aliquid.

1984 1272 1991 1277 ’
2628 1292 2862 1349 ALIUD.

2027 1414 2101 1470 De
2128 1411 2291 1469 simili
2319 1421 2373 1466 et
2395 1409 2595 1465 virtute
2620 1417 2783 1479 atque
2814 1408 3008 1462 horum
3040 1406 3306 1477 oppositis
3339 1405 3543 1460 dicitur

1952 1505 2127 1576 magis
2158 1512 2213 1559 et
2248 1502 2449 1558 minus.
2471 1498 2611 1555 Vere
2641 1499 2784 1555 enim
2822 1499 2928 1572 dici
2964 1507 3161 1567 potest,
3189 1498 3333 1552 hunc
3356 1496 3434 1551 illi
3467 1496 3544 1550 si-

1952 1593 2135 1649 milem
2168 1606 2318 1657 esse,
2348 1599 2403 1645 et
2439 1590 2622 1645 minus
2650 1596 2743 1642 aut
2774 1587 2949 1656 magis
2978 1587 3213 1642 similem
3234 1627 3249 1651 ,
3283 1594 3339 1641 et
3370 1588 3544 1656 magis

1955 1695 2051 1741 aut
2092 1685 2271 1741 minus
2325 1682 2558 1755 justum.
2589 1679 2654 1734 Et
2692 1679 2760 1734 de
2805 1679 2978 1750 magis
3049 1679 3211 1749 duplo
3250 1688 3307 1734 et
3367 1680 3545 1734 medio

1954 1775 2061 1832 dici
2106 1790 2211 1830 non
2255 1781 2435 1843 potest
2489 1773 2663 1843 magis
2712 1772 2912 1841 majus,
2963 1770 3048 1825 vel
3096 1768 3267 1839 magis
3327 1769 3545 1835 minus,

1956 1876 2050 1923 aut
2072 1866 2244 1937 magis
2261 1866 2505 1937 duplum,
2524 1865 2611 1920 vel
2629 1863 2801 1932 magis
2820 1861 3381 1929 medium.Qualitatis
3398 1860 3546 1916 enim

1958 1958 2165 2029 species
2199 1958 2484 2028 incapaces
2505 1970 2626 2012 esse
2652 1954 2973 2026 quantitatis
3005 1969 3075 2009 ex
3106 1952 3291 2008 multis
3319 1955 3548 2008 demon-

1960 2058 2185 2104 stratum
2220 2058 2321 2105 est.
2355 2049 2412 2104 Si
2458 2062 2585 2119 ergo
2625 2047 2806 2103 simile
2851 2046 3174 2117 quantitatis
3215 2060 3388 2115 capax
3430 2054 3547 2110 est,

1962 2140 2263 2211 recipitque
2289 2141 2458 2212 magis
2477 2138 3046 2204 etminus,dimidium
3082 2152 3212 2193 vero
3240 2146 3295 2194 et
3327 2137 3547 2208 duplum

1963 2232 2016 2287 id
2035 2248 2139 2288 non
2162 2234 2429 2304 .ecipiunt
2453 2250 2467 2297 ;
2496 2248 2603 2288 non
2629 2247 2759 2303 ergo
2782 2230 3029 2300 ejusdem
3058 2230 3278 2301 generis
3298 2232 3403 2286 erit
3423 2245 3548 2285 cum

1964 2325 2029 2381 iis
2060 2342 2179 2399 quze
2208 2335 2339 2382 sunt
2364 2326 2432 2380 ad
2463 2325 2691 2395 aliquid.

2641 2640 2877 2698 ALIUD.

2036 2752 2207 2825 Magis
2240 2754 2356 2811 sive
2384 2755 2557 2827 majus
2584 2756 2943 2812 intentionem
2974 2764 3139 2826 atque
3173 2755 3553 2813 excellentiam

1966 2844 2194 2917 alicujus
2231 2848 2307 2902 rei
2347 2847 2648 2917 significat,
2683 2864 2788 2903 non
2828 2859 3010 2904 autem
3050 2848 3317 2904 dissimile
3351 2849 3557 2919 aliquid

1966 2944 2022 2993 et
2061 2939 2369 3008 oppositum
2416 2938 2645 2994 indicat.
2690 2937 2881 2996 Simile
2922 2954 3055 2996 vero
3105 2956 3210 2995 non
3258 2942 3387 2995 item
3419 2956 3431 2993 :
3463 2940 3560 2995 de-

1969 3039 2239 3087 monstrat
2269 3031 2411 3087 enim
2446 3031 2499 3088 id
2534 3031 2675 3101 quod
2710 3031 2973 3088 dissimile
3004 3040 3109 3089 est.
3144 3032 3381 3088 Amissio
3409 3033 3553 3087 enim

1972 3123 2191 3189 similis,
2217 3122 2483 3178 dissimile
2510 3122 2676 3179 ellicit
2703 3142 2717 3179 :
2746 3124 2883 3179 adde
2909 3128 3053 3194 quod
3081 3122 3347 3179 dissimile
3374 3125 3558 3193 sequi-

1972 3223 2060 3271 tur
2088 3215 2339 3285 privatio.
2372 3213 2542 3285 Magis
2570 3230 2701 3272 vero
2730 3224 2787 3271 et
2818 3216 2997 3271 minus
3027 3230 3148 3271 cum
3182 3216 3291 3270 sint
3320 3214 3559 3272 intensio

1970 3304 2198 3375 alicujus
2241 3304 2340 3371 rei,
2382 3318 2629 3373 quzenam
2678 3304 2729 3359 in
2771 3303 2855 3359 his
2898 3305 3144 3370 amissio,
3190 3314 3286 3360 aut
3324 3306 3559 3375 privatio

1970 3396 2137 3452 statui
2181 3404 2375 3466 potest,
2415 3404 2471 3448 ut
2514 3395 2566 3449 in
2612 3394 2900 3450 dissimili?
2936 3394 3095 3451 Nulla
3140 3406 3308 3453 certe.
3349 3396 3557 3454 Diversi

1972 3487 2139 3555 igitur
2168 3488 2385 3555 generis
2414 3496 2541 3542 sunt
2574 3485 2753 3542 simile
2782 3497 2837 3542 et
2868 3488 3066 3559 majus.

1974 3687 2210 3751 ALIUD,
2240 3689 2607 3743 demonstrans
2644 3704 2736 3757 per
2762 3689 2817 3741 id
2848 3690 2987 3757 quod
3020 3688 3220 3743 dicitur
3251 3690 3412 3747 Pater
3438 3710 3553 3747 ma-

2039 3758 2151 3828 jor,
2182 3759 2341 3813 simul
2368 3761 2525 3813 etiam
2556 3759 2753 3827 inferre
2780 3757 3005 3828 Filium,
3042 3763 3215 3815 minor
3242 3772 3416 3818 autem
3446 3766 3565 3834 ipso

2046 3844 2148 3883 non
2176 3838 2273 3884 eu.

2050 3954 2108 4012 Si
2141 3956 2263 4027 quis
2295 3957 2539 4014 nominet
2576 3959 2783 4029 majus,
2816 3960 3127 4014 necessario
3160 3960 3325 4015 etiam
3365 3959 3563 4015 inferet

1978 4045 2120 4100 aliud
2148 4046 2423 4116 quidpiam
2456 4056 2651 4117 prmter
2698 4050 2749 4103 id
2778 4049 2937 4118 cujus
2970 4058 3219 4119 respectu
3248 4051 3426 4121 majus
3453 4061 3561 4108 est.

1978 4139 2130 4207 Quod
2160 4153 2283 4194 cum
2314 4138 2387 4193 ita
2420 4141 2641 4196 omnino
2674 4157 2732 4197 se
2764 4142 2993 4208 habeat,
3022 4159 3122 4214 age
3152 4144 3254 4201 hac.
3283 4147 3448 4200 etiam
3479 4161 3566 4201 ra-

1981 4228 2125 4284 tione
2156 4229 2388 4309 divinam
2421 4235 2823 4298 generationem
2861 4234 3240 4303 exploremus,
3268 4246 3321 4291 ct
3349 4252 3565 4291 sermo-

1978 4335 2102 4375 nem
2137 4310 2203 4375 de
2233 4318 2395 4376 Patre
2426 4331 2481 4376 et
2510 4321 2647 4378 Filio
2677 4325 3085 4396 investigemus.
3116 4326 3253 4383 Cum
3287 4328 3452 4394 igitur
3480 4330 3566 4384 di-

1980 4414 2122 4469 citur
2158 4414 2331 4483 major
2362 4412 2547 4481 Pater,
2585 4414 2817 4472 infertur
2852 4418 3076 4474 omnino
3116 4420 3278 4474 etiam
3326 4422 3377 4475 id
3418 4424 3563 4491 quod

1980 4503 2302 4561 relationem
2350 4506 2417 4561 ad
2466 4508 2644 4577 ipsum
2693 4509 2886 4575 habet,
2934 4510 3192 4565 nimirum
3239 4512 3566 4584 significatio

305 4594 418 4647 καθ’
443 4592 511 4665 ἧς
550 4599 614 4648 το
643 4596 864 4650 ἔλαττον
896 4596 1107 4651 νοοῦσιν
1149 4599 1198 4651 oi
1243 4600 1622 4670 χριστομάχοι.
1655 4601 1871 4654 Συνεισ-

1985 4594 2130 4661 Filii,
2156 4597 2207 4652 in
2232 4612 2338 4669 qua
2362 4599 2540 4655 minus
2562 4600 2902 4655 constituunt
2926 4602 3110 4658 hostes
3133 4604 3359 4659 Christi.
3385 4605 3570 4672 Quan-

307 4688 608 4757 ινεχϐέγτος
638 4688 927 4759 τοιγαροῦν
966 4690 1276 4760 ἀναγκαίως
1308 4691 1384 4762 τῷ
1406 4693 1583 4762 Πατρὶ
1606 4692 1699 4745 τοῦ
1724 4692 1876 4761 Υίοῦ,

311 4777 436 4849 cipe
477 4779 865 4850 δοκιμάζοιμεν
898 4781 1012 4846 πῶς
1045 4781 1156 4848 ἔξει
1202 4782 1264 4835 τὸ
1300 4783 1486 4854 μεῖξον
1512 4786 1539 4837 ὁ
1573 4785 1784 4857 Πατήρ.
1816 4785 1881 4839 Εἰ

311 4868 410 4939 γὰρ
438 4867 599 4936 φύσει
632 4869 764 4931 Θεὸς
792 4870 820 4921 ὁ
854 4869 999 4934 Υἱὸς,
1023 4868 1274 4941 καθάπερ
1302 4871 1396 4924 καὶ
1426 4874 1455 4924 ὁ
1486 4871 1698 4943 Πατὴρ,
1723 4871 1883 4941 φύσει

312 4957 523 5025 ἀγαθὸς,
574 4957 734 5027 φύσει
778 4957 1127 5031 δημιουργὸς,
1178 4959 1338 5029 φύσει
1394 4961 1669 5031 βασιλεὺς,
1732 4965 1883 5017 ποῖον

314 5046 456 5101 ista:
481 5049 541 5102 τὸ
580 5046 764 5121 μεῖζον
792 5052 849 5103 ὲν
880 5051 1074 5122 Πατρὶ,
1109 5051 1322 5122 ἔχοντος
1355 5053 1495 5107 αὐτὰ
1532 5053 1754 5119 τελείως
1788 5054 1885 5109 καὶ

313 5141 400 5194 τοῦ
427 5144 590 5208 Tim};
619 5145 683 5197 El
716 5144 774 5197 δὲ
808 5145 885 5215 μὴ
932 5143 1044 5214 ἔχει
1082 5144 1320 5211 τελείως,
1353 5145 1471 5210 πῶς
1505 5144 1638 5210 Θεὸς
1675 5148 1791 5200 ἐστι
1824 5146 1893 5201 τὸ.

313 5226 355 5303 ᾧ
371 5236 539 5289 τιτῶν
563 5235 785 5305 ἀγαθῶν
808 5238 1008 5302 ὲνδεεί;
1029 5237 1101 5290 Τὸ
1118 5236 1225 5307 γὰρ
1254 5235 1407 5291 οὔπω
1434 5237 1530 5307 τῆς
1560 5238 1885 5310 ὀφειλούσης

316 5332 581 5397 προσεῖναι
616 5326 735 5399 Θεῷ
768 5330 1101 5401 τελειότητος
1126 5328 1546 5400 ἐπειλημμένον,
1576 5331 1677 5385 οὐκ
1708 5331 1774 5385 ἂν
1800 5333 1886 5406 εἴη

318 5416 465 5484 φύσει
498 5419 630 5482 Θεός
650 5434 665 5448 ⁸
703 5418 864 5487 φύσει
892 5418 949 5472 δὲ
972 5419 1101 5482 Θεὸς
1129 5421 1156 5473 ὁ
1178 5418 1324 5483 Υἱός·
1354 5419 1557 5485 τέλειος
1586 5420 1694 5491 ἄρα
1720 5421 1889 5475 καθά-

317 5524 416 5581 περ
457 5512 549 5563 καὶ
577 5512 605 5563 ὁ
634 5512 1081 5583 Πατήρ.Ἒπειδὴ
1125 5512 1184 5567 δὲ
1228 5513 1434 5577 τέλειος
1472 5516 1502 5568 ὁ
1536 5515 1746 5586 Πατὴρ,
1789 5516 1891 5569 οὐκ

316 5602 543 5656 ἐλάττων
570 5604 793 5677 δηλαδή.
824 5605 1198 5675 Οίκονομιιιῶς
1233 5607 1291 5660 δέ
1332 5624 1496 5678 φησιν
1543 5608 1735 5662 ἑαυτοῦ
1772 5608 1892 5681 μεί-

317 5693 441 5757 ζονα
466 5697 555 5749 τὸν
585 5696 875 5768 Πατέρα,ῆ
903 5696 1039 5751 καθὸ
1063 5698 1282 5766 γέγονεν
1312 5698 1621 5770 ἄνθρωπος,
1640 5717 1894 5772 παραχω-

318 5787 422 5847 ρῶν
447 5791 511 5859 τῇ
536 5788 631 5860 τῆς
655 5790 909 5862 Θεότητος
930 5787 1090 5857 φύσει
1112 5792 1171 5843 τὸ
1189 5791 1477 5863 ὑπερέχειν
1499 5791 1605 5845 τῶν
1628 5793 1887 5866 γενητῶν⁵

320 5881 409 5934 καὶ
436 5880 511 5949 τῷ
538 5882 676 5939 κατᾶ
708 5884 873 5955 φύσιν
899 5881 1090 5951 Κυρίῳ
1116 5883 1176 5937 τὸ
1203 5885 1312 5939 ἄνω
1347 5884 1557 5939 κεῖσθαι
1587 5885 1761 5952 διδοὺς
1796 5888 1893 5957 τῆς

1986 4689 2276 4759 doquidem
2310 4705 2439 4762 ergo
2475 4692 2787 4748 necessario
2828 4708 2934 4749 una
2970 4710 3096 4749 cum
3134 4693 3298 4751 Patre
3335 4696 3570 4752 infertur

1984 4777 2177 4846 Filius,
2201 4782 2714 4851 age,examinemus
2746 4798 2852 4852 quo
2889 4796 3047 4855 pacto
3081 4785 3244 4841 Pater
3273 4790 3445 4857 major
3473 4790 3566 4844 sit.

1985 4868 2041 4924 Si
2079 4870 2221 4925 enim
2258 4870 2427 4925 Filius
2461 4879 2549 4926 est
2579 4881 2776 4927 natura
2814 4874 2983 4941 Deus,
3017 4877 3476 4946 quemadmodum
3514 4891 3572 4935 et

1982 4961 2145 5019 Pater
2170 4973 2252 5019 est
2280 4973 2470 5019 natura
2503 4965 2698 5031 bonus,
2730 4976 2919 5021 natura
2949 4979 3187 5034 creator,
3221 4978 3416 5025 natura
3446 4986 3566 5038 rex,

1984 5054 2268 5125 qualenam
2298 5052 2407 5112 erit
2433 5058 2608 5129 majus
2639 5060 2691 5113 in
2724 5057 2906 5125 Patre,
2933 5060 3040 5131 91
3071 5076 3193 5115 cum
3222 5072 3277 5117 et
3306 5063 3475 5119 Filius
3507 5082 3572 5120 ea

1985 5145 2224 5217 perfecte
2267 5148 2496 5205 habeat?
2536 5149 2595 5205 Si
2637 5164 2765 5206 vero
2805 5151 3042 5221 perfecte
3083 5167 3191 5207 non
3237 5153 3420 5221 habet,
3465 5171 3575 5225 quo

1987 5248 2146 5309 pacto
2168 5240 2273 5296 dici
2296 5250 2475 5311 potest
2500 5248 2641 5297 Deus
2667 5242 2711 5298 is
2736 5244 2823 5299 cui
2852 5243 3069 5313 aliquod
3096 5244 3360 5299 bonorum
3387 5246 3574 5301 deest?

1988 5328 2047 5384 ld
2080 5331 2224 5386 enim
2258 5334 2400 5403 quod
2428 5347 2548 5389 eam
2581 5350 2703 5405 qua:
2736 5334 2913 5390 inesse
2942 5334 3053 5390 Deo
3084 5335 3244 5391 debet
3282 5337 3573 5405 perfectio-

1993 5435 2118 5475 nem
2150 5437 2252 5476 non
2285 5422 2481 5490 habet,
2506 5425 2649 5482 Deus
2675 5440 2866 5481 natura
2895 5441 3019 5481 esse
3044 5442 3149 5481 non
3180 5436 3391 5495 potest;
3422 5431 3573 5499 atqui

1990 5514 2159 5569 Filius
2201 5526 2285 5571 est
2328 5517 2469 5573 Dens
2512 5528 2703 5573 natura
2742 5539 2755 5574 :
2793 5518 3069 5590 perfectus
3109 5520 3272 5589 igitur
3306 5523 3573 5589 quemad-

1992 5607 2212 5662 modum
2236 5619 2291 5663 et
2314 5608 2493 5664 Pater.
2515 5608 2651 5665 Cum
2678 5624 2806 5665 vero
2831 5610 3103 5680 perfectus
3125 5610 3194 5664 sit
3219 5608 3402 5677 Pater,
3426 5625 3575 5667 certe

1994 5700 2173 5753 minor
2196 5716 2301 5755 non
2327 5710 2432 5757 est.
2458 5700 2727 5757 Cancrum
2756 5712 3003 5772 respectu
3030 5703 3426 5758 incarnationis
3454 5720 3573 5760 ma-

1989 5791 2165 5861 jorem
2195 5794 2323 5849 dicit
2351 5795 2589 5862 Patrem,
2619 5796 2733 5851 sive
2758 5806 3029 5867 quatenus
3059 5797 3237 5851 factus
3266 5807 3348 5853 est
3381 5800 3573 5866 homo;

2000 5884 2244 5942 tribuens
2286 5885 2389 5944 hoc
2432 5897 2636 5945 natura:
2678 5888 2976 5947 divinitatis
3018 5899 3077 5947 ut
3120 5891 3388 5948 creaturis
3428 5903 3569 5948 antc-
