3922 6482
356 492 453 545 151

1367 487 1426 542 S.
1464 485 1738 542 CYRILLI
1778 488 2244 545 ALEXANDRINI
2281 489 2600 547 ABClllEP.

3480 486 3588 541 152

355 606 547 671 cellat;
594 613 649 659 et
691 602 918 659 Domino
963 599 1259 658 secundm
1305 608 1553 656 naturam
1600 602 1705 657 hoc
1747 600 1910 657 ascri-

2025 600 2103 655 ιοῦ
2125 600 2311 655 δούλου
2335 600 2567 673 μορφῆς,
2586 601 2634 653 εί
2657 597 2752 651 καὶ
2777 598 2859 651 ὅτι
2892 598 3125 670 μάλιστα
3148 598 3240 653 καὶ
3260 597 3420 661 αὐτὸς
3441 598 3588 653 κατά

355 701 488 752 hens
512 698 654 766 quod
679 693 862 752 servili
888 692 1063 749 l’orma
1093 691 1251 762 longe
1279 690 1522 761 superior
1543 699 1627 747 est
1650 731 1666 757 ,
1694 692 1909 747 tametsi

353 787 515 842 etiam
556 787 670 857 ipse
704 785 1000 841 secundum
1036 792 1281 838 naturam
1316 780 1576 838 Dominus
1608 783 1713 848 sit;
1748 790 1910 852 atque

353 879 427 932 ita
463 877 679 947 quidem
721 877 961 932 tribuens
996 873 1166 941 Patri,
1204 882 1263 928 ut
1298 872 1468 945 major
1500 872 1591 941 sit,
1630 882 1692 927 ut
1730 881 1909 927 tamen

353 970 470 1035 ipse
503 968 635 1023 nihil
673 970 851 1023 minus
882 966 1077 1022 habeat
1107 966 1318 1020 ratione
1347 965 1614 1021 essentia.
1650 965 1726 1019 lta
1764 966 1910 1020 enim

350 1059 458 1114 erit
483 1074 667 1114 verum
696 1057 942 1127 genimen
974 1067 1135 1127 atque
1163 1057 1340 1126 imago
1363 1055 1658 1121 Genitoris,
1686 1069 1791 1110 non
1818 1055 1912 1110 ali-

350 1162 455 1215 qua
485 1161 549 1201 ex
580 1156 735 1215 parte
764 1159 1050 1215 expressa,
1084 1145 1178 1200 sed
1209 1144 1575 1200 omnimodam
1604 1145 1911 1201 similitudi-

351 1251 473 1291 nem
510 1250 628 1290 cum
670 1237 785 1305 ipso
819 1236 1057 1301 habens;
1090 1234 1258 1290 solius
1284 1249 1416 1291 vero
1444 1236 1628 1293 decori
1660 1251 1824 1293 causa
1853 1245 1912 1292 ut

350 1325 519 1381 Filius
546 1326 808 1396 majorem
840 1326 1102 1382 honorem
1131 1325 1277 1381 Patri
1308 1326 1515 1382 tribuit.

432 1464 690 1520 Aduersus
725 1463 969 1529 dicentes,
1000 1464 1139 1533 quod
1175 1460 1335 1517 Pater
1361 1464 1431 1518 sit
1465 1463 1636 1533 major
1660 1461 1825 1518 Filio.

790 1642 1027 1711 Obiectio
1058 1643 1446 1698 hareticorum.

416 1754 601 1823 Pater,
642 1756 926 1826 inquiunt,
970 1769 1188 1826 semper
1226 1765 1380 1821 erat,
1425 1754 1594 1809 Filius
1636 1768 1763 1809 vero
1804 1768 1909 1811 non

347 1860 561 1915 semper
591 1864 605 1899 :
638 1861 746 1916 quo
778 1856 936 1916 pacto
971 1845 1134 1915 igitur
1164 1860 1270 1901 non
1307 1847 1413 1900 erit
1448 1844 1618 1914 major
1646 1844 1737 1915 qui
1770 1859 1909 1899 sem-

2016 692 2178 762 φύσιν
2218 690 2438 762 Κύριος,
2486 692 2519 761 ἢ
2568 690 2630 744 τὸ
2672 690 2855 761 μεῖζον
2893 690 3235 761 παραχωρῶν
3276 689 3351 753 ὡς
3382 689 3586 760 Πατρὶ,

2015 785 2165 839 οὐδὲν
2203 785 2302 857 μὲν
2331 779 2492 854 ἦττον
2521 782 2658 853 ἔχων
2688 780 2851 836 αὐτοῦ
2880 781 3022 835 κατά
3050 782 3139 834 τὸν
3159 782 3258 853 τῆς
3290 780 3473 843 οὐσίας
3496 780 3593 833 λό-

2014 896 2132 948 γον.
2151 877 2307 932 Οὕτω
2332 876 2441 949 γάρ
2464 876 2529 930 ἂν
2560 875 2645 946 είη
2674 876 2771 929 καὶ
2796 877 3017 945 γνήσιον
3041 875 3286 945 γέννημα
3306 875 3398 928 καλ⁵
3418 871 3589 927 είκὼν

2013 971 2183 1034 ιντως
2205 970 2299 1024 τοῦ
2325 968 2732 1039 γεγεννηκότος,
2761 968 2822 1021 οὐ
2849 968 2989 1021 κατά
3011 983 3061 1019 τι
3087 964 3591 1037 παρακεχαραγμέ-

2015 1080 2104 1132 νη,
2133 1062 2248 1116 ἀλλ’
2285 1062 2576 1133 ὀλόκληρον
2620 1059 2758 1130 πρὸς
2805 1059 2968 1111 αὐτὸν
3005 1056 3251 1121 σώζουσα
3275 1056 3375 1129 τὴν
3408 1055 3589 1127 ὲμφέο

2020 1172 2170 1226 ρειαν
2193 1170 2207 1184 θ
2252 1154 2341 1208 διὰ
2390 1154 2447 1207 δὲ
2497 1151 2657 1223 μόνον
2690 1151 2750 1204 τὸ
2778 1150 2989 1220 πρέπον
3033 1150 3110 1213 ὡς
3138 1148 3265 1213 Υἱὸς
3301 1147 3379 1219 τῷ
3407 1145 3590 1217 Πατρὶ

2014 1245 2183 1317 τιμὴν
2210 1245 2497 1317 ἀπονέμων
2524 1243 2621 1315 τὴν
2654 1242 2894 1314 μείζονα.

2014 1468 2174 1536 Πρὸς
2220 1466 2362 1533 τοὺς
2406 1467 2695 1536 λέγοντας
2721 1466 2864 1590 ,Υῗτέ
2902 1464 3117 1534 μείζων
3155 1467 3187 1518 ὀ
3224 1464 3426 1534 Πατὴρ
3477 1465 3591 1521 τοῦ

2795 1554 2886 1589 ου.
3160 1550 3177 1557 “

2795 1554 2886 1589 ου.
3160 1550 3177 1557 ’“

2273 1649 2594 1716 Ἄντίθεσις
2629 1649 2708 1714 ὠς
2745 1648 2813 1701 ἐκ
2850 1647 2970 1702 τῶν
3005 1648 3336 1718 αἰρετικῶν.

2097 1763 2157 1816 ὀ
2183 1761 2394 1833 Πατὴρ,
2427 1760 2611 1831 φησὶν,
2641 1756 2709 1831 ἦν
2742 1760 2846 1824 ἀεὶ,
2878 1761 2978 1813 οὐκ
3007 1760 3095 1814 ἀεὶ
3117 1760 3175 1813 δὲ
3211 1761 3239 1812 6
3271 1758 3395 1822 Υἱός
3419 1772 3433 1788 ⁸
3470 1757 3593 1820 πῶς

2015 1850 2108 1909 οὖν
2135 1853 2236 1905 οὐκ
2267 1851 2416 1904 ἔσται
2452 1850 2652 1921 μείζων
2679 1852 2707 1902 6
2735 1849 2823 1902 ἀεὶ
2856 1850 3114 1921 ὑπάρχων
3156 1849 3251 1903 τοῦ
3297 1848 3373 1919 μὴ
3414 1845 3594 1909 οὕτως

347 1954 442 2007 per
479 1936 697 1993 exsistit
729 1952 793 1993 eo
819 1938 910 2007 qui
939 1952 1045 1991 non
1073 1936 1322 2007 semper?
1345 1936 1453 1990 Ant
1479 1950 1586 2007 quo
1612 1948 1769 2005 pacto
1796 1951 1900 1991 non

2025 1947 2188 2006 ivro;;
2223 1941 2345 2003 Πῶς
2374 1939 2432 1992 δὲ
2456 1939 2557 1991 οὑκ
2589 1938 2826 1992 ἐλάττων
2853 1938 2946 1991 τοῦ
2975 1938 3163 2002 ἀϊδίως
3188 1939 3526 2008 ὑπάρχοντος
3561 1936 3594 1990 6

345 2031 418 2085 sit
449 2029 625 2085 minor
653 2043 718 2084 eo
750 2029 840 2100 qui
873 2030 941 2085 ab
976 2039 1179 2085 aterno
1207 2029 1423 2085 exsistit
1457 2028 1502 2083 is
1530 2029 1622 2098 qui
1671 2037 1907 2085 aternus

346 2134 454 2173 non
496 2119 617 2177 est?
660 2118 717 2174 Si
758 2133 884 2174 vero
930 2118 1101 2187 major
1139 2126 1223 2176 est
1267 2118 1430 2175 Pater
1469 2118 1640 2185 Filio,
1686 2119 1912 2176 diversa

344 2209 507 2265 ctiam
534 2212 784 2266 essentia
810 2210 880 2266 ab
908 2209 1024 2280 ipso
1053 2210 1178 2266 erit.

837 2341 1044 2397 Salutio
1078 2342 1409 2413 objectionis.

420 2457 716 2530 Oportebat
743 2470 872 2513 sane
904 2473 1009 2513 non
1044 2458 1119 2527 ita
1154 2459 1335 2528 inepte
1364 2466 1525 2529 atque
1556 2457 1765 2514 ruditer
1791 2472 1912 2528 pro-

342 2547 470 2617 poni
500 2562 720 2616 gravem
751 2548 889 2602 hanc
910 2587 926 2611 ,
959 2556 1016 2601 et
1052 2546 1339 2617 imperitia
1365 2555 1557 2602 vestra
1586 2548 1912 2603 convenien-

342 2650 454 2695 tem
482 2640 858 2709 quastionem.
882 2636 1018 2693 Nam
1043 2653 1165 2695 cum
1190 2639 1555 2695 diversitatem
1581 2641 1831 2695 essentia
1857 2640 1910 2693 in

342 2727 506 2784 Patre
528 2737 584 2783 et
606 2727 746 2783 Filio
770 2729 995 2799 urgetis,
1023 2728 1273 2799 imperite
1298 2729 1589 2786 admodum
1615 2746 1682 2785 ex
1711 2729 1914 2799 majore

342 2827 400 2875 et
426 2820 634 2875 minore
659 2820 712 2876 id
738 2819 967 2889 probare
992 2820 1225 2876 studetis
1254 2838 1268 2874 :
1298 2821 1521 2891 proinde
1544 2836 1607 2876 ac
1632 2820 1677 2875 si
1705 2836 1766 2875 ea
1791 2836 1913 2890 qua

342 2910 535 2967 horum
570 2912 787 2982 capacia
822 2920 968 2977 sunt,
1002 2912 1310 2967 necessario
1345 2913 1484 2968 inter
1513 2926 1574 2968 se
1607 2911 1908 2967 substantia

342 3001 614 3059 diﬂerant.
639 3002 802 3073 Atqui
833 3003 1027 3073 lapidis
1054 3004 1272 3074 quidem
1300 3005 1367 3058 ad
1394 3003 1651 3073 lapidem,
1680 3003 1806 3073 ligni
1840 3002 1909 3057 ad

344 3093 582 3164 lignum,
612 3092 844 3148 hominis
874 3093 939 3148 ad
970 3093 1278 3159 hominem,
1311 3092 1629 3148 substantia:
1660 3093 1798 3146 ratio
1829 3099 1912 3145 est

343 3185 552 3241 eadem.
584 3185 794 3240 Accidit
827 3194 1005 3240 tamen
1044 3185 1173 3254 ipsis
1204 3194 1259 3240 et
1294 3185 1466 3255 majus
1497 3195 1550 3240 et
1589 3185 1792 3239 minus.
1823 3183 1912 3237 Li-

343 3288 505 3341 gnum
535 3273 679 3329 enim
707 3275 853 3344 ligno
883 3274 1059 3344 majus
1088 3275 1384 3329 secundum
1415 3275 1639 3345 aliquid,
1668 3286 1719 3329 ct
1749 3274 1909 3328 vicis-
1940 3329 1979 3349 η

346 3365 448 3419 sim
481 3365 660 3421 minus
691 3376 933 3437 apparet.
961 3366 1095 3422 Cum
1129 3367 1295 3438 igitur
1320 3367 1483 3423 etiam
1517 3369 1582 3423 iis
1612 3384 1730 3438 qua
1763 3368 1907 3435 ejus-

346 3457 466 3511 dem
493 3457 807 3513 snbstantia
833 3467 954 3513 sunt
981 3461 1157 3530 majus
1180 3468 1236 3514 et
1263 3459 1441 3513 minus
1470 3461 1697 3526 accidat,
1731 3460 1913 3524 inepte

345 3562 444 3603 vos
481 3562 547 3603 ex
586 3549 686 3604 hoc
719 3549 1088 3607 diversitatem
1123 3553 1376 3608 essentia
1410 3553 1462 3606 in
1496 3551 1655 3608 Patre
1687 3565 1741 3608 et
1773 3552 1912 3625 Filio

344 3641 722 3697 demonstrare
768 3641 1032 3707 nitimini,
1069 3651 1413 3710 vestramque
1457 3645 1779 3698 dementiam
1825 3644 1912 3697 ni-

348 3732 639 3788 hilominus
678 3748 775 3802 per
805 3734 922 3789 hac
953 3734 1262 3790 declaratis.
1301 3733 1549 3805 Equalis
1582 3736 1727 3790 enim
1762 3734 1909 3790 Patri

344 3821 615 3878 exsistens
639 3822 841 3891 Filius,
873 3825 1137 3881 minorem
1167 3839 1225 3882 se
1257 3824 1384 3881 facit
1417 3825 1623 3881 ratione
1653 3824 1907 3881 incarna-

348 3913 527 3983 tionis,
558 3924 619 3971 ut
643 3914 897 3972 diximus.

925 4209 1035 4282 9‘2
1072 4209 1303 4268 ALIUD.

415 4347 551 4412 Qua
592 4344 820 4400 naturali
866 4347 1008 4401 inter
1044 4360 1105 4401 se
1148 4345 1502 4400 similitudine
1542 4360 1647 4401 non
1696 4346 1914 4413 c0njun-

348 4446 566 4507 guntur,
598 4446 654 4492 et
686 4438 895 4492 ratione
926 4437 1175 4492 essentia
1208 4436 1481 4501 differunt,
1521 4452 1616 4505 per
1648 4437 1829 4490 simile
1861 4448 1917 4490 et

348 4529 640 4594 dissimile,
670 4543 777 4583 non
811 4544 940 4585 vero
970 4544 1065 4597 per
1095 4529 1267 4598 majus
1294 4536 1348 4582 et
1380 4529 1555 4582 minus
1584 4528 1914 4582 discernun—

2017 2036 2090 2107 μὴ
2122 2032 2287 2095 ἀῖδιος
2317 2031 2425 2097 ὢν;
2473 2031 2535 2084 El
2566 2029 2622 2083 δὲ
2668 2028 2872 2100 μείζων
2900 2032 2928 2084 6
2956 2030 3145 2102 Πατὴρ
3175 2029 3268 2083 τοῦ
3301 2028 3455 2095 Υίοῦ,
3493 2024 3596 2081 καὶ

2013 2123 2349 2197 έτεροούσιος
2377 2122 2483 2192 ἀρα
2518 2120 2653 2192 πρὸς
2680 2120 2865 2176 αὐτόν.

2482 2341 2639 2410 Πρὸς
2677 2340 2864 2394 ταῦτα
2899 2339 3098 2407 λύσις.

2100 2456 2315 2527 Ἐχρῆν,
2348 2449 2395 2511 ὦ
2422 2453 2711 2525 βέλτιστοι,
2743 2453 2819 2523 μὴ
2865 2451 2985 2505 λίαν
3036 2451 3181 2506 οὕτω
3214 2450 3400 2514 κακῶς
3455 2447 3594 2521 μηδὲ

2014 2549 2253 2617 ἀτέχνως
2279 2542 2600 2616 προκεῖσθαι
2626 2543 2686 2596 τὸ
2710 2544 2873 2613 σοφδν
2897 2543 2963 2614 δὴ
2986 2541 3144 2597 τοῦτο
3174 2543 3274 2613 τῆς
3303 2543 3433 2612 ὑμῖν
3456 2558 3590 2613 πρε-

2015 2638 2221 2709 πούσης
2269 2636 2508 2706 ἀμαθίας
2558 2633 2872 2705 πρόϐλημα.
2905 2635 3265 2706 Είσφέροντες
3307 2635 3415 2705 γὰρ
3462 2634 3594 2705 ἡμῖν

2014 2729 2106 2783 ἐπί
2135 2746 2193 2782 τε
2222 2727 2435 2797 Πατρὸς
2463 2725 2559 2779 καὶ
2589 2723 2719 2778 Υίοῦ
2748 2724 2809 2777 τὸ
2837 2725 3194 2795 έτεροούσιον,
3222 2724 3331 2778 ἀπὸ
3357 2724 3449 2779 τοῦ
3477 2722 3596 2795 μεί-

2015 2818 2165 2885 ζονος
2188 2818 2282 2872 καὶ
2312 2816 2405 2870 τοῦ
2440 2817 2720 2879 ἐλάττονος
2746 2814 2844 2885 τὴν
2869 2815 3142 2882 ἀπόδειξιν
3164 2815 3396 2887 ἀμαθῶς
3422 2816 3596 2868 ποιεῖ-

2015 2911 2140 2965 σθαι
2198 2908 2548 2974 σπουδάζετε,
2597 2906 2788 2979 ὥσπερ
2828 2908 3141 2976 ἀναγκαίως
3180 2907 3413 2978 ἑχόντων
3460 2904 3597 2976 πρὸς

2014 3002 2218 3074 ἄλληλα
2244 3002 2341 3071 τὴν
2370 2999 2839 3071 ἑτεροουσιότητα,
2859 2999 2967 3052 τῶν
2994 2999 3094 3051 ὅσα
3120 2997 3323 3051 τούτων
3352 2997 3597 3066 πέφυκεν

2014 3090 2153 3146 εἶναι
2199 3092 2442 3145 δεκτικά.
2477 3092 2669 3156 Καίτοι
2703 3092 2843 3161 ξύλῳ
2884 3091 2982 3161 μὲν
3032 3090 3194 3143 παντὶ
3242 3088 3379 3160 πρὸς
3414 3082 3595 3155 ξύλον,

2014 3185 2111 3237 καὶ
2142 3183 2271 3253 λίθῳ
2317 3184 2452 3254 πρὸς
2482 3182 2649 3247 λίθον,
2684 3183 2777 3236 καὶ
2809 3180 3078 3252 ἀνθρώπῳ
3123 3180 3258 3251 πρὸς
3290 3178 3597 3250 ἄνθρωπον,

2013 3276 2112 3344 τῆς
2149 3273 2246 3343 μὲν
2278 3272 2465 3335 οὐσίας
2509 3275 2537 3326 6
2583 3272 2740 3340 λόγος
2766 3274 2794 3325 6
2819 3271 3001 3332 αὐτός.
3058 3270 3327 3341 Πρόσεςτι
3360 3269 3417 3322 δὲ
3447 3269 3600 3334 ὅμως

2021 3366 2115 3419 καὶ
2145 3365 2204 3417 τὸ
2234 3364 2416 3434 μεῖζον
2454 3364 2549 3417 καὶ
2591 3364 2651 3416 τὸ
2679 3363 2897 3416 ἔλαττον
2918 3380 2930 3393 ·
2964 3361 3122 3428 ξύλον
3148 3361 3257 3431 γὰρ
3288 3359 3601 3430 ξύλουμεῐ-

2023 3457 2113 3522 ζον
2167 3457 2307 3510 κατά
2342 3474 2414 3521 τι,
2448 3458 2543 3509 καὶ
2600 3455 2763 3508 πάλιν
2816 3454 3018 3525 ὁμοίιος
3074 3454 3292 3507 ἔλαττον
3326 3454 3598 3523 φαίνεται.

2034 3548 2411 3617 Ἐμόαίνοντος
2440 3547 2617 3599 τοίνυν
2659 3536 2754 3600 κάλ.
2796 3547 2890 3600 ἐπὶ
2939 3546 3048 3599 τῶν
3083 3545 3381 3615 όμοουσίων
3418 3544 3512 3597 τοῦ
3537 3560 3601 3597 τι

2022 3638 2266 3710 μείζονος
2296 3640 2389 3691 καὶ
2417 3637 2510 3689 τοῦ
2541 3638 2843 3701 ἐλάττονος,
2880 3639 3150 3712 περιττῶς
3185 3639 3343 3708 ὑμεῖς
3366 3637 3459 3689 ἐπὶ
3487 3637 3603 3690 Πα-

2015 3730 2145 3801 τρὸς
2187 3731 2281 3783 καὶ
2314 3728 2444 3782 Υἱοῦ
2482 3729 2688 3801 ταύτην
2714 3730 2988 3797 ἀπόδειξιν
3018 3730 3256 3785 ποιεῖσθε
3280 3728 3375 3783 τοῦ
3411 3729 3601 3801 ἑτερο-

2014 3822 2227 3875 ουσίου·
2261 3822 2353 3875 καὶ
2384 3820 2474 3874 διά
2494 3820 2699 3874 τούτων
2726 3820 2783 3874 δὲ
2807 3821 2961 3875 οὐδὲν
2991 3814 3153 3891 ἦττον
3178 3821 3243 3892 λη
3255 3820 3473 3891 ροῦντες
3506 3820 3601 3874 εὑ-

2021 3914 2440 3986 ρίσκεσθε.”ισος
2478 3913 2587 3981 γὰρ
2633 3911 2895 3983 ὑπάρχων
2944 3914 2972 3965 6
3002 3911 3131 3975 Υἱὸς
3174 3913 3252 3985 τῷ
3291 3913 3487 3983 Πατρι,
3534 3909 3598 3964 τὸ

2020 4010 2237 4064 ἔλαττον
2286 4010 2368 4078 ἐφ’
2396 4005 2587 4063 ἑαυτοῦ
2632 4007 2843 4080 τίθησιν
2877 4007 3255 4077 οἰκονομικῶς,
3306 4009 3381 4072 ὡς
3426 4006 3602 4063 δέεαι·

2024 4117 2166 4155 κται.

2699 4214 2904 4269 ΔΛΛΟ.

2082 4341 2168 4395 Τὰ
2196 4342 2296 4409 τῆς
2324 4342 2460 4412 πρὸς
2490 4342 2695 4413 ἀλληλα
2739 4343 2975 4415 φυσικῆς
3019 4344 3334 4417 ὁμοιότητος
3366 4344 3597 4420 ἐστερη.

2021 4435 2175 4501 μένα,
2208 4433 2301 4484 καὶ
2335 4432 2474 4486 κατά
2499 4433 2591 4487 τὸν
2619 4433 2713 4487 τοῦ
2750 4452 2866 4499 πως
2897 4432 3038 4489 εἶναι
3066 4435 3223 4504 λόγον
3250 4438 3599 4507 διεστηκότα,

2016 4522 2093 4593 ἰᾦ
2121 4524 2292 4594 ὁμοίῳ
2325 4524 2421 4577 καὶ
2444 4524 2522 4595 τῷ
2557 4525 2793 4596 ἀνομοίῳ
2825 4527 3070 4597 κρίνεται
3108 4528 3330 4599 μᾶλλον,
3354 4532 3449 4583 καὶ
3476 4532 3599 4585 οὐδέ

350 4631 456 4673 tur.
480 4617 537 4672 Si
559 4632 687 4687 ergo
712 4632 874 4673 unum
898 4630 980 4674 est
1006 4618 1163 4674 Pater
1184 4628 1237 4673 et
1262 4618 1428 4673 Filius
1454 4619 1662 4673 ratione
1687 4628 1912 4684 natura,

2025 4632 2123 4669 που
2169 4616 2247 4686 τῷ
2278 4633 2338 4669 τε
2377 4616 2583 4686 μείζονι
2637 4619 2728 4671 καὶ
2773 4619 2851 4689 τῷ
2898 4619 3163 4674 ἐλάττονι.
3194 4622 3255 4676 Ei
3288 4623 3387 4693 μὲν
3415 4619 3509 4678 οὖν
3539 4624 3602 4679 ’έν

350 4711 533 4765 dicant
556 4710 712 4765 nobis
734 4710 914 4766 acerbi
942 4711 1030 4765 isti
1055 4711 1467 4779 disceptatores,
1493 4712 1766 4781 quomodo
1794 4726 1911 4764 ma-

344 4799 433 4865 jus
457 4809 513 4855 et
541 4801 717 4855 minus
745 4801 825 4857 eis
851 4811 1157 4871 competere
1188 4802 1424 4872 poterit?
1451 4800 1506 4855 Si
1536 4815 1663 4856 vero
1692 4802 1913 4856 alterius

350 4890 506 4959 plane
539 4892 875 4963 diversaque
907 4909 937 4946 a
972 4892 1134 4947 Patre
1165 4895 1420 4949 essentia
1456 4894 1649 4948 Filium
1685 4909 1807 4949 esse
1842 4894 1916 4948 di-

350 4982 491 5047 citis,
518 4996 625 5052 quo
649 4991 808 5053 pacto
833 4997 895 5038 ea
922 4998 1041 5053 qua
1070 4985 1226 5052 plane
1252 4984 1499 5039 essentia
1527 4986 1737 5041 ratione
1768 4987 1908 5041 inter

350 5089 410 5128 se
447 5075 745 5142 dissident,
782 5078 1087 5147 comparari
1128 5078 1269 5132 inter
1305 5092 1363 5133 se
1400 5081 1691 5147 poterunt?
1729 5079 1913 5149 Neque

350 5166 495 5218 enim
539 5181 644 5220 non
686 5166 942 5221 ridiculus
980 5181 1104 5222 esse
1142 5169 1333 5237 possit,
1374 5168 1464 5238 qui
1506 5183 1623 5238 qua
1662 5168 1803 5223 nulla
1851 5184 1918 5223 ex

352 5266 503 5326 parte
530 5258 853 5313 conveniant
882 5259 1024 5313 inter
1052 5274 1111 5315 se
1141 5260 1488 5329 compararit,
1521 5264 1719 5330 quique
1746 5260 1912 5315 solem

354 5350 495 5417 ligno
536 5348 951 5419 splendidiorem
1000 5351 1183 5408 dicere
1226 5352 1473 5407 voluerit.
1516 5353 1571 5407 Si
1621 5369 1747 5422 ergo
1801 5369 1917 5421 qua:

354 5442 548 5497 diversi
580 5443 793 5512 generis
818 5451 964 5508 sunt,
988 5458 1018 5496 a
1047 5453 1228 5498 mutua
1256 5444 1396 5500 inter
1420 5460 1477 5500 se
1501 5448 1917 5513 comparatione

353 5532 649 5588 abhorrent
678 5554 689 5589 :
722 5534 903 5606 inepta
939 5546 1086 5592 certe
1119 5547 1202 5591 est
1235 5538 1547 5607 propositio,
1584 5553 1707 5606 qua
1746 5538 1918 5608 majus

352 5633 408 5678 et
439 5623 617 5678 minus
649 5623 794 5680 Patri
831 5636 887 5681 et
922 5626 1057 5681 Filio
1092 5628 1460 5683 accommodat
1486 5670 1501 5693 ,
1538 5630 1581 5685 si
1620 5629 1777 5684 modo
1810 5645 1915 5684 non

353 5716 590 5783 ejusdem
615 5757 630 5780 ,
654 5715 806 5785 juxta
834 5730 1069 5776 vestram
1100 5720 1403 5790 opinionem
1426 5760 1441 5787 ,
1474 5731 1601 5777 sunt
1627 5722 1879 5778 essentia
1903 5760 1920 5788 ,

356 5815 412 5860 et
432 5820 551 5875 qua
573 5823 693 5863 eam
716 5812 964 5867 essentia
988 5813 1351 5868 diversitatem
1377 5814 1731 5879 demonstrat,
1757 5830 1917 5886 quam

352 5898 546 5955 nescio
566 5902 703 5958 unde
720 5902 1073 5973 excogitarint
1092 5904 1155 5961 dc
1174 5913 1367 5961 natura
1387 5906 1622 5964 omnium
1641 5921 1913 5979 suprema,

2023 4707 2168 4759 ἐστιν
2195 4707 2222 4758 6
2249 4704 2436 4777 Πατὴρ
2466 4708 2541 4771 ὠς
2569 4709 2705 4779 πρὸς
2724 4709 2815 4763 τόν
2842 4711 2967 4764 Υἱδν
2994 4712 3133 4766 κατὰ
3153 4713 3244 4767 τὸν
3265 4714 3364 4784 τῆς
3386 4714 3603 4783 φύσεως

2019 4796 2194 4864 λόγον,
2228 4798 2531 4866 λεγέτωσαν
2578 4801 2709 4870 ἡμῖν
2757 4803 2805 4853 οί
2854 4803 3041 4872 πικροὶ
3097 4805 3415 4875 συζητηταὶ,
3461 4808 3602 4861 κατὰ

2024 4889 2143 4942 τίνα
2189 4891 2388 4962 τρόπον
2425 4892 2663 4961 χωρήσει
2707 4892 3001 4947 ἐπάύτῶν
3048 4895 3109 4949 τὸ
3163 4895 3346 4966 μεῖζον
3397 4899 3491 4951 καὶ
3538 4900 3602 4966 τὸ

2024 4980 2258 5048 ἔλαττονς
2278 4980 2341 5035 Εἰ
2364 4981 2422 5034 δὲ
2442 4982 2616 5052 πάντη
2637 4982 2929 5053 διεστηκὼς
2959 4986 3049 5039 καὶ
3077 4964 3478 5057 κεχωρισμένος
3500 4964 3602 5060 τῆς

2025 5073 2116 5127 τοῦ
2150 5073 2360 5145 Πατρὸς
2387 5074 2575 5137 οὐσίας
2599 5075 2626 5126 6
2655 5074 2783 5139 Υίδς
2819 5077 3149 5149 είσιρέρεται,
3181 5064 3373 5151 ἑτέρας
3404 5098 3463 5135 τε
3495 5082 3601 5152 φύ-

2029 5182 2163 5229 σεως
2186 5165 2516 5235 ὑπείληπται
2539 5169 2669 5237 παρ’
2685 5167 2833 5238 ὑμῖν,
2849 5169 2966 5232 πῶς
2987 5169 3055 5223 τά
3079 5170 3254 5242 πάντη
3278 5171 3603 5244 διεστηκότα

2027 5259 2167 5311 κατά
2193 5259 2284 5312 τὸν
2327 5257 2423 5312 τοῦ
2458 5277 2571 5323 πως
2602 5258 2741 5315 εἶναι
2767 5261 2926 5330 λόγον
2950 5262 3047 5334 τὴν
3074 5263 3208 5334 πρὸς
3233 5264 3437 5335 ἄλληλα
3466 5266 3601 5336 σύγ-

2030 5364 2206 5420 κρισιν
2245 5349 2582 5414 ὲπιδέξεται;
2612 5354 2685 5405 Ού
2724 5352 2831 5422 γάρ
2868 5354 2932 5424 δή
2984 5371 3067 5417 τις
3108 5354 3212 5421 ἔξω
3258 5355 3604 5428 γελοιότητος

2028 5442 2349 5497 κείσεταιτά
2377 5443 2516 5497 κατὰ
2546 5445 2707 5515 μηδὲν
2727 5445 2979 5515 ἀλλήλοις
2997 5446 3355 5501 κοινωνοῦντα
3375 5451 3604 5522 συγκρίο

2030 5552 2156 5601 νων,
2190 5538 2283 5589 καὶ
2314 5536 2465 5606 ἥλιον
2495 5537 2649 5601 ξύλου
2692 5538 2865 5606 λέγων
2910 5534 3049 5592 εἶναι
3098 5539 3495 5612 λαμπρότερον.
3532 5543 3601 5598 Ei

2026 5628 2206 5681 τοίνυν
2240 5628 2306 5681 τὰ
2334 5630 2617 5700 ἑτερογενῆ
2650 5630 2742 5684 καὶ
2772 5628 2868 5701 τὴν
2907 5630 3043 5700 πρὸς
3072 5629 3275 5700 ἄλληλα
3309 5631 3599 5702 σύγκρισιν

2028 5719 2441 5790 παραιτούμενα
2487 5720 2746 5788 φαίνεται,
2779 5722 3101 5787 ἀπαίδευτος
3150 5725 3183 5793 ἡ
3238 5724 3499 5796 πρότασις
3538 5727 3601 5779 τὸ

2036 5811 2215 5883 μεῖζον
2260 5813 2353 5866 καί⁸
2386 5813 2446 5865 τὸ
2478 5810 2694 5867 ἔλαττον
2725 5814 2816 5867 ἰπὶ
2863 5813 2994 5867 Υἱοῦ
3027 5816 3117 5868 καὶ
3152 5815 3364 5885 Πατρὺς
3412 5817 3599 5886 εἰσφέ-

2032 5920 2215 5974 ρουσα,
2248 5904 2402 5976 εἴπερ
2440 5906 2572 5961 εἰσὶν
2609 5906 2665 5959 οὐ
2711 5906 2809 5979 τῆς
2838 5907 3009 5979 αὐτῆς
3040 5907 3247 5977 οὐσίας,
3277 5907 3395 5963 καθ’
3423 5909 3593 5982 ὑμᾶς,
