3922 6490
139 507 207 566 ιω
1600 514 1878 573 THESAU
1891 514 2049 574 RUS.

3352 517 3455 574 εει

147 625 210 680 καὶ
229 624 427 697 ταύτην
457 625 779 694 ἀπόδειξιν
837 630 1157 704 ποιουμένη
1203 632 1299 705 τῆς
1354 633 1764 711 ἑτεροουσιότη-

1873 646 1926 693 et
1960 638 2013 692 in
2052 650 2217 706 quam
2252 636 2433 693 minus
2466 635 2611 692 nulla
2644 634 2853 691 ratione
2890 635 3085 691 cadere
3118 643 3324 706 potest,
3360 639 3455 693 sed

152 736 231 784 tog,
251 720 311 789 ήν
344 720 449 774 οὑκ
486 716 617 775 οἶδα
660 721 862 779 πόθεν
896 724 1206 780 ἐπινοοῦσιν
1239 727 1331 780 ἐπὶ
1355 727 1458 798 τῆς
1486 727 1557 782 τὰ
1582 728 1763 784 πάντα

160 810 530 882 ὑπερκειμένης
565 812 805 881 οὑαίας,
831 815 941 868 καὶ
966 815 1028 868 τὺ
1049 814 1266 870 ελαττον
1304 816 1607 888 οὐδαμόθεν
1650 835 1763 888 χω-

168 903 248 970 ρεῖν
283 901 604 973 δυναμένης
625 920 645 937 ο
703 904 1073 976 ἀπαιτούσης
1116 906 1173 960 δὲ
1226 907 1429 976 μᾶλλον
1468 907 1569 980 τὴν
1624 909 1761 980 αὑτῇ

170 996 449 1063 πρέπουσαν
497 996 871 1067 τελειότητα,
910 998 1144 1069 ἐπείπερ
1178 997 1333 1052 οὐδὲν
1373 997 1595 1053 ἔλαττον
1639 997 1763 1051 οὐδὲ

177 1085 327 1150 ἀτελὲς
353 1089 411 1141 ἰν
432 1087 527 1162 ,τῷ
558 1090 717 1144 κατά
742 1088 918 1158 φύσιν
950 1089 1093 1162 Θεῷ,
1112 1091 1250 1163 ὅπερ
1276 1092 1424 1146 ἐστὶν
1453 1093 1482 1145 ὀ
1516 1090 1667 1156 Υἱός.

863 1226 1063 1281 AAAO.

240 1359 463 1425 Μείζονά
485 1378 663 1430 φασιν
688 1363 737 1414 οἱ
768 1363 1130 1434 χριπομάχοι
1158 1362 1255 1417 τοῦ
1271 1364 1402 1419 Υίοῦ
1423 1363 1515 1419 τὸν
1538 1364 1764 1438 Πατέρα

190 1447 577 1521 δυσφημοῦντες
628 1452 984 1523 ἀφυλάκτως,
1024 1455 1118 1509 καὶ
1180 1454 1257 1528 μὴ
1310 1455 1580 1523 νοοῦντες,
1617 1456 1764 1512 καθὰ

190 1541 497 1612 γέγραπται,
542 1546 691 1615 μήτε
723 1544 759 1598 ἀ
791 1544 1031 1614 λέγουσι,
1069 1547 1209 1617 μήτε
1239 1548 1372 1619 περὶ
1401 1548 1564 1601 τίνων
1590 1548 1764 1602 διασε-

190 1631 467 1688 ὁαιοῦνται.
505 1636 603 1688 Διὸ
634 1636 701 1706 δὴ
742 1636 906 1690 πάλιν
954 1640 1075 1701 ταις
1118 1637 1348 1692 ἐκείνων
1401 1639 1625 1710 μανίαις
1670 1639 1764 1694 τὸν

188 1722 323 1792 ὀρθὸν
356 1725 887 1796 ἀντιστρατεῦοντες
928 1726 1107 1796 λόγον,
1142 1729 1492 1800 ὲρωτήσομεν
1534 1727 1759 1793 αὑτοὺςο

188 1815 368 1883 Λέγετε
407 1818 577 1871 πάλιν
608 1819 763 1889 ἡμῖν,
801 1812 846 1873 ὦ
876 1812 1046 1884 οὗτοι,
1078 1819 1307 1891 πότερόν
1332 1838 1485 1887 ποτε,
1508 1820 1763 1891 καθάπερ

190 1905 326 1974 ὑμεῖς
350 1924 515 1975 φατε,
555 1908 760 1977 μείζων
792 1902 861 1980 ἦν
888 1909 974 1963 ἀεὶ
1002 1911 1031 1963 ό
1066 1910 1256 1981 Πατὴρ
1289 1908 1382 1963 τοῦ
1410 1910 1567 1975 Υίοῦ,
1600 1910 1634 1981 ἢ
1668 1909 1763 1978 γέ-

186 2014 323 2063 γονεν
344 1998 615 2070 ῦστερονς
651 2001 714 2053 Ei
751 2002 852 2073 μὲν
879 1997 973 2055 οῦν
1007 2001 1151 2055 κατά
1178 2019 1300 2056 τινα
1326 2002 1520 2073 χρόνον
1555 2000 1761 2071 μείζων

186 2088 416 2155 ἐφαίνετο
444 2089 542 2143 τοῦ
563 2090 719 2157 Υἱοῦ,
751 2092 1091 2163 προσγέγονέ
1106 2110 1159 2147 τι
1182 2093 1264 2164 τῷ
1286 2093 1405 2165 Θεῷ
1434 2094 1525 2148 καὶ
1548 2092 1724 2165 Πατρί
1742 2110 1757 2124 ’

185 2178 307 2232 uid
326 2180 402 2251 μὴ
426 2181 699 2253 πρότερον
726 2183 972 2253 ὑπῆρχεν
998 2182 1168 2255 αὑτῷ,
1195 2183 1292 2238 νῦν
1316 2183 1458 2256 ἔχων
1486 2183 1757 2253 φαίνεται·

186 2270 286 2333 πῶς
315 2266 407 2324 οὖν
448 2272 661 2336 τέλειος
698 2268 768 2344 ἦν
804 2275 833 2328 ό
870 2273 1060 2328 τούτου
1102 2274 1425 2347 λειπόμενος
1456 2275 1515 2342 ἐξ
1550 2275 1760 2346 ἀρχῆς;

195 2362 320 2415 Ἀλλ’
341 2359 411 2433 ἦν
438 2365 530 2417 ἀεὶ
562 2364 789 2430 τέλειος,
819 2366 923 2419 οὐκ
949 2367 1059 2437 ἄρα
1081 2366 1326 2420 ἐλείπετο
1359 2367 1453 2420 τοῦ
1481 2366 1758 2437 μείζονος

185 2448 243 2523 ἦν
271 2454 324 2507 δδ
355 2456 445 2508 ἀεὶ
475 2454 659 2523 τοῦτο,
696 2455 820 2509 καθ’
851 2458 1015 2526 ὑμᾶς.
1036 2456 1197 2522 ’Δλλ’,
1233 2450 1279 2511 ὧ
1311 2455 1599 2527 βέλτιστοι,
1636 2472 1763 2509 συν-

186 2546 329 2615 οράτε
372 2546 437 2616 δή
486 2563 595 2599 που
646 2546 742 2601 καὶ
789 2546 950 2617 ὑμεῖς
981 2548 1062 2599 ὅτι
1094 2546 1183 2600 διὰ
1213 2547 1275 2600 τὸ
1302 2546 1525 2600 ἔλαττον
1560 2547 1655 2601 καὶ
1703 2545 1765 2599 τὸ

191 2636 354 2704 μεῖζον
402 2637 533 2707 ὑμῖν
579 2636 822 2705 εὐλόγως
871 2637 1225 2704 κινδυνεύσει,
1278 2642 1371 2692 καὶ
1421 2638 1765 2708 δειχθήσεται

188 2727 351 2783 λοιπὸν
374 2730 546 2793 ἕωλος
581 2730 738 2800 ὑμῶν
771 2732 805 2802 ή
834 2730 1120 2802 πρότασις.
1153 2731 1227 2784 Τὸ
1256 2731 1367 2799 γὰρ
1410 2730 1594 2801 μεῖζόν
1618 2748 1764 2796 τινος

189 2818 480 2890 λεγόμενον,
512 2822 616 2875 οὐκ
642 2822 709 2876 ἂν
741 2823 826 2893 εἴη
858 2823 1064 2893 μεῖζον,
1100 2822 1175 2894 μὴ
1220 2823 1410 2894 ἐτέρου
1445 2824 1592 2886 τινὸς
1623 2823 1764 2878 πάν-

188 2926 281 2975 τως
308 2913 715 2985 παρακειμένου
747 2915 843 2966 καὶ
870 2914 1172 2977 ἐλάττονος,
1215 2913 1352 2984 πρὸς
1379 2914 1407 2967 ὃ
1439 2913 1503 2985 δὴ
1541 2915 1635 2968 καὶ
1666 2932 1768 2985 μευ

189 3002 493 3075 τροὺμενον,
529 3004 716 3075 μεῖξον
750 3006 829 3070 ὡς
857 3005 994 3077 πρὸς
1026 3005 1160 3060 αὑτὸ
1190 3006 1464 3075 φαίνεται.
1495 3007 1558 3061 Ei
1584 3007 1767 3061 τοίνυν

191 3095 264 3150 ἀεὶ
306 3097 511 3168 μείζων
545 3094 615 3170 ἦν
646 3102 676 3153 ό
696 3101 890 3171 Πατὴρ
927 3099 1023 3153 τοῦ
1052 3099 1202 3165 Υίοῦ,
1236 3100 1452 3171 ἀνάγκη
1497 3102 1651 3155 πᾶσα
1676 3102 1769 3155 τὸν

190 3186 304 3243 run
353 3192 803 3262 συνεισφέρεοθαι
844 3191 922 3263 τῷ
968 3193 1161 3264 Πατρὶ,
1205 3193 1341 3264 πρὸς
1380 3193 1439 3246 ὃν
1488 3194 1583 3258 ὡς,
1635 3194 1769 3248 καθ’

191 3280 339 3349 ὑμᾶς,
365 3282 628 3337 ιλάττονα
643 3284 772 3337 ὅντα
796 3284 1247 3355 συγκρινόμενος,
1270 3283 1472 3354 μείζων
1491 3286 1763 3355 ἐφαίνετο.

1866 744 1988 800 quae
2031 730 2211 800 potius
2246 727 2634 801 perfectionem
2675 728 2782 785 sibi
2820 728 3234 784 convenientem
3271 730 3459 800 requi-

1869 823 1959 888 rit,
1988 822 2257 893 siquidem
2297 822 2431 877 nihil
2458 822 2640 877 minus
2667 830 2763 876 aut
2792 818 3170 891 imperfectum
3201 835 3284 877 est
3313 822 3365 877 in
3392 837 3459 879 eo

1867 915 1961 987 qui
1993 914 2319 971 naturaliter
2347 912 2489 971 Deus
2517 923 2624 983 est,
2653 914 2757 970 hoc
2784 921 2868 969 est
2898 913 2952 969 in
2982 910 3143 966 Filio.

2540 1218 2775 1277 ALIUD.

1939 1362 2139 1419 iiostes
2167 1359 2371 1417 Christi
2404 1359 2669 1430 majorem
2704 1357 2868 1413 Patre
2895 1356 3094 1412 Filium
3126 1369 3246 1410 esse
3276 1352 3466 1409 dicunt

1866 1457 2106 1528 graviter
2128 1454 2587 1525 blasphemautes,
2613 1461 2668 1507 et
2695 1467 2800 1506 non
2827 1448 3216 1520 intelligentes,
3241 1455 3300 1500 ut
3323 1446 3463 1502 scri-

1865 1558 2018 1621 pturn
2048 1555 2133 1603 est
2155 1549 2225 1612 ι’,
2254 1559 2433 1616 neque
2458 1558 2521 1599 ea
2552 1558 2672 1613 quae
2703 1543 2922 1608 dicunt,
2954 1555 3131 1609 neque
3159 1554 3280 1609 quae
3311 1552 3462 1593 asse-

1864 1647 2077 1695 verant.
2112 1637 2383 1704 Quocirca
2420 1649 2611 1691 rursus
2648 1634 2865 1689 illorum
2905 1631 3135 1688 insanire
3168 1630 3461 1686 veritatem

1864 1739 2224 1803 opponentes,
2259 1743 2355 1784 eos
2390 1727 2871 1798 interrogabimus.
2907 1726 3081 1780 Dicite
3117 1723 3298 1790 nobis,
3333 1721 3463 1777 boni

1866 1823 2005 1888 viri,
2040 1822 2236 1878 Fuitne
2284 1835 2501 1891 semper
2530 1819 2721 1889 major,
2751 1826 2813 1873 ut
2851 1832 2948 1872 vos
2978 1815 3291 1886 loquimini,
3324 1812 3466 1868 Filio

1867 1914 2051 1981 Pater,
2084 1929 2150 1969 an
2188 1911 2475 1984 postmodo
2507 1911 2559 1966 id
2594 1909 2774 1965 factus
2805 1908 2931 1963 est?
2959 1906 3094 1962 Nam
3134 1906 3181 1960 si
3218 1914 3465 1973 tempore

1864 2005 2047 2075 aliquo
2074 2003 2245 2072 major
2263 2001 2402 2058 Fiiio
2427 2000 2652 2057 eﬂ'ectus
2677 2009 2782 2066 est,
2804 1998 3038 2055 accessit
3067 1997 3233 2068 igitur
3256 1994 3465 2065 aliquid

1864 2097 1975 2152 Deo
2012 2112 2077 2151 ac
2112 2095 2261 2150 Patri
2302 2115 2317 2152 :
2358 2104 2412 2150 et
2451 2092 2595 2163 quod
2634 2102 2795 2147 antea
2833 2091 2885 2146 ei
2924 2104 3030 2147 non
3068 2090 3274 2148 inerat.
3316 2100 3466 2142 nunc

1866 2189 2069 2245 habere
2094 2188 2371 2254 cernitur;
2399 2184 2675 2257 quomodo
2704 2182 2870 2251 igitur
2895 2180 3175 2251 perfectus
3204 2187 3343 2244 erat,
3374 2178 3465 2233 cui

1866 2284 1919 2339 id
1962 2284 2030 2338 ab
2072 2283 2229 2336 initio
2264 2278 2488 2335 deerat?
2522 2277 2688 2347 Atqui
2725 2289 2944 2345 semper
2976 2281 3097 2330 erat
3138 2270 3410 2342 perfectus
3446 2286 3463 2324 :

1866 2391 1973 2431 non
2003 2375 2171 2444 igitur
2191 2373 2371 2428 caruit
2396 2370 2606 2440 majore
2631 2388 2645 2422 :
2676 2381 2890 2436 semper
2912 2364 3060 2419 enim
3088 2364 3141 2417 id
3168 2370 3285 2418 erat
3306 2361 3467 2431 juxta

1867 2480 1983 2523 vos.
2013 2465 2280 2520 Caeterum
2310 2462 2503 2517 videtis
2535 2462 2699 2516 etiam
2730 2474 2825 2514 vos
2857 2472 2954 2528 per
2984 2456 3166 2510 minus
3198 2463 3253 2509 et
3284 2453 3465 2519 majus

1867 2556 2190 2628 periclitari,
2226 2567 2534 2623 vanamque
2566 2549 2905 2621 deprehendi
2941 2556 3181 2603 vestram
3214 2543 3466 2616 proposi-

1871 2653 2095 2706 tionem.
2136 2648 2292 2716 Quod
2332 2647 2478 2702 enitu
2528 2643 2703 2713 majus
2747 2643 2930 2711 aliquo
2972 2639 3193 2704 dicitur,
3234 2652 3343 2692 non
3380 2635 3467 2691 sit

1868 2744 2077 2815 majus,
2107 2742 2209 2795 nisi
2243 2740 2389 2794 aliud
2418 2737 2698 2808 quidpiam
2726 2734 2871 2807 quod
2903 2733 3085 2788 minus
3114 2732 3186 2786 sit
3219 2743 3468 2801 appona-

1871 2847 1981 2898 tur,
2017 2836 2082 2887 ad
2125 2834 2266 2902 quod
2308 2830 2561 2885 collatum
2603 2825 2777 2895 majus
2812 2840 2878 2882 eo
2915 2832 3197 2895 appareat.
3239 2821 3295 2877 Si
3335 2835 3468 2890 ergo

1868 2920 2030 2975 Pater
2056 2935 2268 2990 semper
2294 2918 2397 2973 fuit
2426 2918 2597 2990 major
2622 2916 2779 2981 Filio,
2810 2914 3183 2971 necessarium
3212 2911 3321 2983 93
3351 2927 3468 2967 ont-

1871 3013 2003 3068 niuo
2026 3022 2109 3066 est
2132 3023 2191 3067 ut
2213 3027 2318 3065 una
2340 3026 2465 3066 cum
2490 3010 2651 3064 Patre
2674 3007 2943 3063 inferatur
2963 3005 3162 3073 Filius,
3185 3007 3252 3059 ad
3278 3018 3465 3074 quem,

1872 3108 2169 3160 secundum
2212 3115 2452 3160 vestram
2494 3102 2830 3173 opinionem,
2872 3108 3247 3169 comparatus,
3294 3100 3471 3167 major

1872 3198 2141 3267 apparuit.
2174 3196 2231 3250 Si
2265 3211 2417 3266 ergo,
2452 3206 2512 3249 ut
2542 3210 2637 3249 vos
2671 3192 2991 3263 epiuamini,
3029 3190 3153 3245 ideo
3188 3187 3354 3242 Pater
3383 3195 3471 3242 est

1874 3289 2048 3357 major
2079 3285 2251 3354 Filio,
2285 3288 2411 3357 quia
2443 3286 2533 3340 ille
2562 3286 2630 3339 ab
2661 3294 2867 3338 mterno
2898 3292 3049 3346 erat,
3080 3281 3171 3336 hic
3201 3296 3329 3335 vero
3361 3294 3469 3335 non

192 3371 246 3425 Εἰ
268 3374 465 3441 τοίνυν,
502 3373 647 3428 κατά
690 3375 791 3445 τὴν
839 3376 1114 3448 ὑμετέραν
1162 3377 1450 3448 πρότασιν,
1480 3376 1568 3430 διὰ
1606 3377 1764 3431 τοῦτο

1873 3383 2021 3445 item,
2054 3396 2177 3435 cum
2208 3380 2321 3450 jam
2356 3389 2636 3433 oswnsum
2668 3378 2741 3430 sit
2772 3389 2896 3429 eum
2931 3388 3149 3444 semper
3206 3387 3330 3426 cum
3369 3370 3470 3424 Pa-

194 3466 378 3535 μιίζων
424 3467 577 3521 ἐστὶν
620 3469 649 3521 ό
701 3467 893 3538 Πατὴρ
923 3468 1019 3521 τοῦ
1054 3468 1209 3533 Υίοῦ,
1256 3470 1559 3540 ἐπειδήπερ
1604 3469 1767 3531 αὑτὸς

191 3559 358 3623 didit»;
524 3555 661 3630 ἧν,ό
687 3558 745 3611 δὲ
771 3558 899 3623 Υίδς
924 3559 1025 3629 οὑχ
1052 3557 1249 3623 οὕτως,
1278 3559 1468 3631 ἐπειδὴ
1496 3558 1767 3612 δέδεικται

192 3652 351 3705 συνὼν
378 3652 465 3705 ἀεὶ
485 3652 581 3705 καὶ
612 3651 976 3723 συνυπάρχων
1004 3650 1081 3721 τῷ
1106 3651 1303 3721 Πατρὶ,
1325 3652 1425 3705 οὑκ
1446 3650 1601 3704 ἔσται
1626 3649 1769 3704 κατά

190 3759 234 3795 τι
257 3744 382 3814 γοῦν
416 3744 678 3805 ἐλάττων.
709 3744 743 3814 ἢ
784 3741 1123 3813 ἑτεροούσιος
1166 3736 1431 3813 αὑτοῦ.ᾯ
1466 3741 1574 3813 γὰρ
1623 3741 1769 3811 λόγῳ

194 3836 258 3907 μή
286 3836 457 3891 συνὼν
484 3836 813 3890 ἀπελείπετο
852 3836 953 3906 τῆς
998 3836 1263 3908 ἰσότητος,
1296 3834 1376 3907 τῷ
1414 3834 1562 3906 αὑτῴ
1605 3835 1769 3888 πάλιν

192 3929 277 3983 καὶ
317 3931 374 3997 ἐξ
410 3930 776 4001 ἀντιστροφῆς
805 3928 971 4000 λόγῳ,
1004 3928 1192 4000 ἐπειδὴ
1232 3930 1592 4003 συνυπάρχει,
1635 3930 1770 3989 κατ’

192 4020 367 4075 ὠδένα
394 4023 596 4094 τρόπον
639 4020 1122 4092 ἀπολειφθήσεται.
1142 4021 1267 4075 Ἐπὶ
1294 4021 1350 4076 δὲ
1380 4020 1492 4075 τῶν
1517 4021 1771 4093 ἀλλήλοις

195 4115 324 4167 κατά
362 4116 535 4169 πάντα
574 4115 974 4186 προσεοικότων
1004 4113 1273 4184 φυσικῶς,
1307 4116 1402 4168 καὶ
1433 4113 1655 4185 μεγέθει
1693 4115 1769 4186 μὴ

200 4208 586 4285 μετρουμένων,
616 4206 719 4263 ποῦ
756 4207 1000 4280 χωρήσει
1030 4206 1309 4279 τὸμετξον
1355 4207 1452 4261 καὶ
1494 4207 1554 4260 τὸ
1608 4206 1765 4260 ἐλατ-

198 4314 311 4365 sev;

873 4438 1074 4493 ΔΛΛΟ.

262 4575 319 4629 Ei
346 4576 539 4646 μείζων
569 4576 597 4627 ὁ
627 4575 818 4646 Πατὴρ
846 4575 940 4627 τοῦ
972 4575 1126 4638 Υἱοῦ,
1168 4574 1310 4628 κατὰ
1354 4575 1452 4647 τὴν
1495 4576 1769 4646 ὑμετέραν

204 4669 460 4735 πρότασιν,
515 4662 562 4721 ὦ
602 4665 979 4739 χριστομάχοι,
1035 4665 1151 4729 πῶς
1195 4666 1345 4737 αὐτῷ
1394 4667 1492 4738 τὴν
1545 4669 1771 4737 ἰσότητα

1872 3482 1955 3528 tre
1986 3472 2257 3527 exsistere
2288 3489 2301 3524 :
2334 3485 2440 3526 non
2472 3470 2578 3524 erit
2608 3478 2755 3523 certe
2786 3468 3086 3522 secundum
3122 3463 3330 3533 aliquid
3365 3462 3471 3517 nti-

1871 3582 1992 3632 nor,
2030 3574 2124 3618 aut
2160 3565 2393 3619 diversae
2428 3562 2497 3616 ab
2530 3576 2598 3616 eo
2633 3558 2909 3615 essentiaz.
2948 3555 3149 3611 Eadem
3187 3555 3334 3611 enim
3371 3569 3465 3608 ra-

1871 3661 2020 3713 tiozic
2049 3672 2155 3727 qua
2189 3658 2475 3727 probatur,
2506 3656 2550 3709 si
2586 3669 2691 3707 una
2724 3667 2847 3706 cum
2882 3649 3044 3705 Patre
3076 3665 3182 3703 non
3214 3646 3465 3713 exsistit,

1871 3749 1939 3802 ab
1976 3746 2286 3817 mqualitate
2322 3744 2558 3799 deficere
2600 3761 2613 3797 :
2650 3744 2841 3796 eadem
2878 3739 3045 3795 etiam
3088 3752 3155 3791 ex
3197 3736 3467 3799 adverso,

1872 3843 1998 3913 quia
2035 3855 2141 3895 una
2179 3856 2303 3896 cum
2344 3838 2507 3893 Patre
2538 3836 2780 3899 exsistit,
2816 3832 2965 3888 nullo
3006 3830 3166 3901 plane
3201 3827 3362 3882 modo
3398 3826 3468 3881 ab

1869 3952 1934 3993 eo
1973 3936 2157 4005 dispar
2189 3934 2317 3990 erit.
2354 3931 2414 3985 in
2454 3932 2524 3986 iis
2554 3945 2682 3985 vero
2721 3943 2841 3997 quae
2878 3940 2975 3995 per
3007 3923 3191 3979 omnia
3231 3921 3372 3975 inter
3406 3934 3469 3975 se

1871 4012 2195 4084 naturaliter
2222 4024 2422 4080 similia
2464 4029 2594 4077 sunt
2616 4063 2634 4087 ,
2665 4030 2720 4075 et
2759 4016 3131 4089 magnitudine
3163 4028 3270 4068 non
3307 4026 3464 4066 men-

1870 4128 2153 4187 surantur,
2186 4129 2346 4187 quem
2384 4114 2562 4169 locum
2597 4110 2819 4167 habebit
2852 4108 3028 4178 majus
3057 4116 3115 4164 et
3152 4101 3375 4160 minus‘l

2560 4429 2786 4486 ALIUD.

1947 4570 2004 4625 Si
2048 4568 2212 4623 Pater
2250 4566 2425 4634 major
2463 4575 2544 4620 est
2586 4564 2755 4628 Filio,
2795 4560 3092 4616 secundum
3132 4568 3404 4626 vestram,
3438 4575 3471 4615 ο

1872 4665 2057 4720 hostes
2088 4660 2323 4726 Christi,
2358 4658 2822 4728 propositionem,
2855 4669 2963 4724 quo
2996 4664 3155 4723 pacto
3187 4652 3469 4708 Paulus'ei

208 4758 391 4825 Παῦλος
435 4761 746 4824 ἀποδίδωσι,
779 4761 986 4830 λέγων·
1022 4763 1153 4824 «Ὃς
1179 4763 1236 4815 ὲν
1271 4763 1453 4831 μορφῇ
1490 4758 1627 4812 Θεοῦ
1663 4761 1764 4812 ὑπ-

1873 4758 2237 4828 arqualitatem
2285 4754 2505 4818 tribuit,
2551 4752 2735 4807 dicens
2775 4768 2787 4804 :
2839 4768 2857 4801 ι
2904 4748 3007 4815 Qui
3053 4746 3105 4801 in
3152 4747 3327 4800 forma
3377 4747 3470 4801 Dei

206 4848 386 4918 ἅρχων,
414 4856 509 4923 οὑχ
556 4851 850 4924 ἁρπαγμὸν
888 4854 1133 4924 ἡγήσατο
1172 4853 1233 4905 τὸ
1276 4848 1413 4906 εἶναι
1468 4852 1557 4905 ἴσα
1605 4852 1724 4923 Θεῷ
1754 4868 1767 4881 ⁸

206 4939 305 4993 ἀλλ’
331 4944 511 4998 ἑαυτὸν
543 4947 802 5008 ὲκένωσε,
831 4946 1045 5016 μορφὴν
1076 4945 1264 4999 δούλου
1297 4944 1500 5009 λαϐὼν,
1524 4946 1617 4998 καὶ
1640 4948 1769 5017 σχή-
1810 4956 1825 4965 ⁵

212 5050 324 5099 pati
358 5038 598 5109 εὑρεθεὶς
622 5039 700 5101 ὡς
731 5037 1038 5107 ἄνθρωπος,
1075 5037 1440 5090 ἐταπείνωσεν
1479 5037 1706 5100 ὲαυτόν;
1743 5054 1761 5087 ι

210 5121 264 5175 Ei
284 5126 449 5179 τοίνυν
470 5131 499 5181 ό
526 5130 625 5198 τῆς
658 5126 1126 5198 ὲνανθρωπήσεως
1151 5128 1352 5196 τρόπος
1381 5126 1479 5198 τὴν
1505 5127 1769 5179 ταπείνω-

213 5229 285 5265 σιν
309 5217 430 5287 ἔχει,
457 5220 549 5273 καὶ
577 5220 677 5297 τὴν
704 5219 1006 5290 λεγομένην
1040 5219 1228 5273 ἐνθάδε
1268 5219 1518 5283 κένωσιν,
1552 5220 1764 5291 ἀνάγκη

213 5306 341 5360 πίει
386 5309 647 5375 σώζεσθαι
678 5310 738 5363 τὸ
762 5310 966 5363 τέλειον
991 5310 1069 5381 τῷ
1100 5310 1213 5381 Υίῷ
1246 5313 1367 5364 κατ’
1403 5311 1624 5381 ἰσότητα
1666 5311 1767 5381 τὴν

210 5396 330 5465 πρὸς
359 5402 441 5454 τὸν
468 5403 600 5456 Θεὸν
635 5404 729 5456 καὶ
763 5403 981 5474 Πατέρα
1014 5404 1118 5474 πρὸ
1149 5404 1249 5473 τῆς
1280 5404 1766 5475 ὲνανθρωπήσεως.

221 5486 473 5547 Ἐντεῦθεν
502 5495 612 5565 γάρ
644 5496 778 5565 ἡμῖν
804 5497 1053 5563 φανεῖται
1093 5496 1189 5549 καὶ
1235 5498 1269 5567 ή
1318 5497 1667 5560 ταπείνωσις.
1704 5497 1767 5550 Ei

214 5578 305 5648 γὲρ
330 5578 390 5653 ἤν
413 5586 648 5640 ἐλάττων
673 5588 734 5654 ἐξ
765 5587 962 5641 ἑαυτοῦ
986 5589 1083 5643 καὶ
1106 5590 1210 5660 πρὸ
1234 5588 1333 5658 τῆς
1362 5590 1767 5655 ταπεινώσεως,

213 5676 291 5773 ποῖ
313 5676 371 5747 δή
399 5678 501 5749 ἄρα
554 5680 956 5752 καταϐεϐηκὼς
981 5682 1298 5756 ὀφθήσεται,
1336 5685 1429 5738 καὶ
1460 5684 1541 5749 τίς
1580 5686 1711 5756 ἡμῖν
1743 5685 1769 5737 ὁ

213 5772 296 5836 της
321 5772 695 5837 ταπεινώσεως
722 5774 955 5844 τρόπος;

272 5947 309 5978 ⁸⁸
344 5949 358 6002 Ι
387 5950 618 6010 Timoli].
656 5968 695 6024 ι,
730 5952 783 6008 7.
867 5954 909 5986 ³³
938 5951 1166 6027 Philipp.
1199 5972 1258 6026 tt,
1296 5956 1347 6027 (ἰ,
1383 5956 1433 6012 7.

1875 4853 2145 4908 exsistens
2164 4891 2179 4917 ,
2212 4863 2317 4902 non
2346 4846 2589 4916 rapinam
2622 4844 2917 4907 arbitratus
2943 4850 3023 4896 est
3054 4854 3112 4895 se
3138 4854 3260 4894 esse
3286 4855 3473 4909 mqua-

1876 4947 1980 5000 Ietn
2014 4944 2155 5007 Deo,
2189 4942 2281 4995 sed
2313 4940 2551 5008 seipsum
2583 4937 2913 4999 exinanivit,
2948 4933 3178 4988 fortnam
3209 4930 3348 4985 servi
3382 4945 3474 4983 ac-

1875 5036 2115 5105 cipiens,
2146 5044 2309 5102 atque
2340 5030 2527 5085 habitu
2559 5029 2812 5083 inventus
2843 5035 2901 5079 ttt
2934 5025 3128 5087 homo,
3161 5019 3474 5075 hutniliavit

1876 5124 2215 5197 scipsum”?
2260 5144 2279 5176 ι
2328 5124 2386 5178 Si
2432 5136 2562 5192 ergo
2601 5117 2993 5174 incarnatiOuis
3038 5115 3250 5169 ratione
3293 5112 3474 5167 itumi-

1880 5223 2042 5276 liatus
2077 5230 2239 5287 atque
2274 5215 2587 5271 exinanitus
2618 5212 2839 5275 dicitur,
2876 5222 3098 5263 necesse
3132 5204 3355 5259 omnino
3389 5209 3474 5255 est

1878 5326 1937 5367 ut
1964 5311 2225 5383 perfectio
2252 5307 2373 5362 Filii
2402 5305 2729 5364 retineatur,
2757 5300 2969 5354 ratione
2994 5296 3325 5367 mqualitalis
3353 5308 3473 5361 qua:

1876 5410 1924 5463 ei
1958 5421 2079 5462 cum
2118 5405 2226 5459 Deo
2259 5412 2313 5456 ct
2346 5400 2504 5454 Patre
2538 5394 2824 5450 intercedit
2857 5400 2982 5447 ante
3018 5389 3469 5445 incarnationem.

1880 5503 2016 5558 llinc
2050 5500 2195 5555 enim
2230 5506 2284 5551 et
2318 5492 2622 5551 ltutniliatio
2656 5506 2685 5544 a
2724 5492 2882 5545 nobis
2920 5493 3300 5558 cognoscatur.
3335 5480 3471 5535 Nam

1879 5595 1925 5651 si
1955 5610 2053 5665 per
2081 5608 2139 5647 se
2169 5592 2348 5645 minor
2373 5598 2493 5645 erat
2517 5589 2681 5644 etiam
2712 5595 2840 5640 ante
2867 5578 3297 5638 incarnationem
3321 5614 3335 5636 ,
3364 5587 3473 5642 quo

1880 5696 2042 5757 pacto
2071 5684 2425 5740 descendisse
2453 5690 2731 5746 ccrnetur,
2763 5687 2855 5733 aut
2882 5686 3131 5746 quamam
3161 5668 3267 5726 erit
3294 5665 3472 5723 humi-

1883 5779 2120 5837 liationis
2153 5775 2329 5833 ratio?
