3922 6492
174 455 242 515 III
1704 441 2147 504 TIIESAURUS.
3465 433 3573 490 162

973 574 1167 629 ΔΔΛΟ.
1893 577 1944 634 Α

228 690 324 761 Τὴν
352 687 461 745 διὰ
492 690 817 755 πίστεως
856 691 1065 760 ἄφεσιν
1094 684 1525 759 ὑπισχνούμενος
1554 682 1689 753 ἡμῖν
1718 681 1747 734 6
1768 677 1866 733 τοῦ

180 782 295 835 θεοῦ
349 784 581 851 Λόγος,
649 783 777 837 διὰ
858 782 967 835 τοῦ
1026 782 1301 854 προφήτου
1363 778 1528 849 φησὶν
1600 774 1864 829 Ἡσαΐου⁸

193 894 208 925 ι
248 874 391 943 Ἐγώ
419 875 562 945 εἰμι
596 876 634 927 ὁ
661 874 1019 942 ὲξαλείφων
1046 872 1139 937 τὰς
1168 871 1402 943 ἀνομίας
1430 888 1544 935 σου,
1577 869 1672 922 καὶ¹
1699 868 1761 921 οὐ
1791 867 1866 939 μὴ

198 968 631 1038 μνησθήσομαι.
682 986 709 1019 ι
772 964 1016 1035 Ἐπειδὴ
1046 964 1102 1017 δὲ
1130 964 1233 1036 ήδη
1285 964 1488 1035 παρῆν,
1520 961 1617 1015 καὶ
1652 958 1739 1013 διὰ
1766 958 1867 1029 τῆς

202 1062 348 1129 ἁγίας
381 1060 707 1132 ἐγεννήθη
776 1058 1093 1129 Παρθένου,
1135 1057 1229 1109 ἐπὶ
1256 1057 1361 1127 γῆς
1398 1071 1459 1108 τε
1489 1053 1667 1124 ὤφθη,
1720 1050 1867 1105 καθὰ

211 1156 527 1225 γίγραπται
555 1193 574 1216 ,
642 1153 762 1207 καὶ
838 1153 954 1214 τοῖς
1015 1146 1324 1221 ἀνθρώποις
1381 1145 1864 1218 συνανεστρέφετο,

224 1246 646 1318 κατασημαίνει
696 1247 830 1309 τοῖς
883 1244 1085 1315 ὁρῶσιν
1127 1242 1291 1295 αὐτὸν
1332 1243 1361 1295 6
1388 1240 1561 1313 κήρυξ
1596 1240 1691 1294 καὶΙ
1725 1238 1865 1311 πρό-

237 1344 445 1412 δρομος,
490 1344 600 1394 καὶ
637 1340 715 1411 δὴ
764 1337 865 1391 καί
916 1353 1079 1408 φησιν
1122 1338 1151 1388 ὁ
1200 1336 1470 1406 μακάριος
1513 1333 1861 1404 Βαπτιστής⁶

2653 555 2882 613 ALIUD.

2044 678 2188 734 Deus
2235 689 2336 745 per
2365 671 2692 745 prophetam
2726 672 2925 726 isaiam
2953 668 3334 725 remissionem
3368 683 3469 739 per
3501 671 3565 727 ll-

1970 771 2094 828 dem
2128 769 2457 841 promittens
2502 784 2518 821 :
2570 784 2589 818 ι
2622 765 2736 835 Ego
2759 808 2773 832 ,
2840 764 3016 833 inquit
3047 804 3063 831 ,
3129 776 3250 819 sum
3283 763 3374 833 qui
3415 761 3572 819 deleo

1974 862 2296 933 iniquitates
2332 870 2474 927 tuas,
2508 869 2563 915 et
2600 873 2708 915 non
2731 856 3060 914 recordahor
3092 857 3136 890 "
3159 897 3174 912 .
3217 874 3237 908 ι
3266 856 3402 912 Cum
3434 871 3571 913 vero

1969 971 2038 1012 ex
2068 964 2258 1011 sancta
2289 952 2517 1025 Virgine
2558 963 2721 1008 natus
2773 962 2857 1008 est
2908 961 2963 1008 et
3000 954 3053 1007 in
3102 960 3251 1008 terra
3291 952 3571 1024 apparuit,

1970 1050 2112 1105 sicut
2140 1049 2403 1117 scriptum
2438 1058 2526 1103 est
2548 1048 2593 1079 ³¹
2617 1088 2632 1113 ,
2683 1061 2918 1117 cumque
2964 1046 3281 1102 hominibus
3309 1058 3569 1103 versatus

1969 1150 2073 1208 est,
2100 1141 2339 1196 Joannes
2375 1139 2617 1209 Baptista
2646 1139 2765 1209 ejus
2816 1156 2997 1211 praeco
3039 1150 3208 1211 atque
3253 1157 3567 1212 praecursor

1968 1234 2209 1290 ostendit
2244 1235 2480 1297 dicens;
2520 1253 2539 1286 ι
2574 1234 2716 1289 Ecce
2762 1233 2951 1303 Agnus
2984 1234 3079 1290 Dei
3113 1235 3205 1305 qui
3257 1236 3399 1291 tollit
3432 1251 3564 1305 pec-

1969 1336 2092 1383 cata
2153 1326 2339 1382 mundi
2397 1327 2465 1382 ³³.
2527 1346 2546 1379 ι
2614 1326 2673 1382 Si
2721 1328 2909 1399 igitur,
2941 1337 3000 1383 ut
3051 1329 3299 1385 nonnulli
3349 1330 3564 1397 volunt,

258 1454 273 1487 t
304 1432 409 1488 Ἴδε
433 1436 464 1486 6
495 1422 699 1503 ἀμνὸς
718 1431 823 1486 τοῦ
857 1429 1019 1494 Θεοῦ,
1052 1433 1081 1484 6
1109 1430 1282 1499 αἴρων
1308 1429 1411 1498 τὴν
1448 1426 1725 1497 ἁμαρτίαν
1766 1423 1864 1478 τοῦ

253 1524 469 1593 κόσμου.
539 1542 561 1575 ι
626 1522 819 1593 Εἴπερ
862 1517 956 1576 οὖν
998 1520 1171 1585 ἔσται,
1226 1520 1372 1573 κατά
1418 1535 1606 1581 τινας,
1664 1516 1866 1587 μείζων

266 1616 507 1671 Ἰωάννου
538 1615 795 1686 Χριστὸς
828 1616 886 1669 ὲν
927 1616 995 1684 τῇ
1041 1612 1293 1683 βασιλείᾳ
1324 1611 1435 1665 τῶν
1472 1609 1741 1681 οὐρανῶν,
1771 1607 1867 1662 καὶ

258 1706 404 1761 τοῦτο
448 1708 511 1760 ὲν
542 1706 772 1760 ἐλπίσιν
801 1706 915 1776 ἔχει
960 1707 1023 1759 τὺ
1049 1706 1239 1777 γέρας,
1262 1699 1333 1775 ἦν
1374 1702 1484 1775 ἄρα
1519 1702 1739 1765 πάντως
1767 1701 1868 1754 οὐκ

261 1801 313 1851 ὲν
340 1798 673 1865 tunam,
698 1800 758 1853 ἐν
788 1799 997 1869 ἰσότητι
1029 1797 1109 1862 δὲ,
1130 1797 1274 1851 κατὰ
1295 1796 1358 1849 τὸ
1387 1796 1554 1857 είκός.
1588 1789 1724 1847 Εἶτα
1748 1793 1867 1857 πῶς

1969 1419 2222 1474 Christus
2268 1419 2481 1475 futurus
2516 1428 2600 1475 est
2626 1419 2802 1488 major
2856 1420 3068 1478 Joanne
3102 1420 3158 1475 in
3189 1436 3357 1493 regno
3401 1422 3575 1479 casio-

1970 1526 2111 1577 rnm,
2147 1520 2311 1582 atque
2340 1514 2443 1567 hoc
2474 1514 2757 1583 praemium
2792 1528 2853 1571 se
2887 1524 3321 1571 consecuturum
3359 1528 3570 1587 sperat,

1970 1612 2088 1657 erat
2110 1604 2296 1673 igitur,
2319 1615 2377 1657 ut
2396 1604 2560 1659 verisi
2580 1605 2704 1660 mile
2724 1615 2830 1672 est,
2853 1622 2957 1662 non
2984 1607 3186 1667 minor.
3202 1609 3299 1664 sed
3322 1610 3571 1679 aqualis.

1970 1694 2041 1748 At
2090 1709 2222 1748 vero
2278 1708 2399 1764 qua:
2454 1697 2686 1766 mqualia
2728 1707 2881 1762 sunt,
2942 1714 3049 1769 quo
3080 1713 3241 1771 pacto
3290 1712 3576 1772 tantopere

1972 1787 2117 1843 inter
2150 1802 2210 1842 se
2240 1788 2590 1859 discrepant,
2646 1801 2703 1843 ut
2733 1789 2823 1843 hic
2862 1791 3083 1860 quidem
3112 1801 3341 1861 peccata
3384 1793 3575 1848 mundi

259 1890 323 1943 τὰ
350 1893 405 1942 έν
443 1890 551 1959 ῖσῳ
593 1888 790 1959 μέτρῳ
822 1886 1076 1941 τοσοῦτον
1104 1888 1172 1941 δι’
1202 1886 1450 1957 ἀλλήλων
1494 1884 1870 1956 ἀπολιμπάνεο

1983 1878 2167 1934 tollere
2201 1881 2395 1949 possit,
2434 1890 2599 1951 atque
2626 1881 2730 1936 hoc
2758 1897 2826 1936 ex
2853 1897 2951 1937 sua
3003 1893 3274 1953 potestate
3307 1895 3573 1955 praestet;

257 1998 366 2045 ται,
402 1981 481 2045 ὡς
518 1980 619 2033 τὸν
655 1980 757 2050 μὲν
787 1979 1049 2034 δύνασθαι
1094 1978 1188 2032 τοῦ
1224 1978 1434 2049 κόσμου
1463 1978 1563 2049 τὴν
1597 1976 1874 2048 ἁμαρτίαν

258 2071 541 2141 ἀφαιρεῖν,
591 2070 692 2123 καὶ
729 2069 891 2124 τοῦτο
918 2069 1161 2141 ἐνεργεῖν
1192 2068 1618 2135 ὲξουσιαστικῶς
1637 2086 1651 2101 ο
1696 2070 1789 2123 τὸν
1814 2068 1876 2123 δὲ

257 2162 352 2215 τοῦ
397 2162 773 2232 καθαίροντος
808 2161 903 2214 καὶ
931 2162 1251 2229 ἁγιάζοντος
1281 2161 1475 2215 ἐπιδεᾶ
1509 2160 1874 2226 καθεστάναι;

264 2272 281 2305 ι
336 2253 547 2324 Χρείαν
577 2252 692 2323 γὰρ
738 2251 871 2320 ἐγὼ,
925 2252 1111 2324 φησὶν,
1147 2252 1259 2323 έχω
1294 2251 1401 2304 ὑπὸ
1433 2251 1528 2304 σοῦ
1574 2251 1878 2322 βαπτισθῆ-

257 2363 366 2399 ναι.
402 2364 421 2395 ι
468 2344 701 2414 Ἐπειδὴ
751 2344 809 2397 δὲ
845 2344 946 2397 οὐκ
992 2344 1050 2396 ἐν
1094 2347 1209 2408 τοῖς
1242 2361 1388 2406 τινος
1425 2344 1724 2415 δεομένοις,
1760 2344 1875 2397 ἁλλ’

260 2441 318 2491 ἑν
356 2440 471 2500 τοῖς
502 2435 811 2507 χορηγοῦσι
850 2436 912 2488 τὸ
951 2436 1136 2506 μεῖζον
1170 2436 1388 2507 ὁρᾶται,
1424 2438 1521 2489 καὶ
1552 2438 1581 2489 6
1636 2437 1757 2506 μὲν,
1800 2437 1877 2501 ὡς

260 2528 415 2594 Θεὸς,
446 2527 683 2597 ἀφίησιν
727 2526 1027 2596 ἁμαρτίας,
1069 2528 1097 2579 6
1132 2526 1189 2580 δὲ
1235 2526 1459 2579 δύναται
1500 2526 1660 2578 τοῦτο
1702 2530 1876 2581 ποιεῖν

260 2619 543 2691 οὐδαμῶς,
596 2619 699 2671 οὐκ
746 2618 861 2681 ίσος
894 2618 1003 2689 ἄρα
1045 2618 1127 2689 τῷ
1168 2619 1423 2672 τοσοῦτον
1464 2618 1874 2691 ἐξηλλαγμένῳ.

445 2750 660 2816 AAAO,
702 2749 783 2815 ὡς
815 2749 887 2802 ἐν
918 2748 1170 2819 ἐπιτομῇ
1213 2748 1311 2802 καί
1361 2748 1677 2816 ἁπλότητι.

340 2867 405 2918 Ei
452 2864 660 2935 μείζων
686 2863 839 2917 ἔσται
866 2862 962 2915 τοῦ
992 2863 1149 2931 ἁγίου
1180 2861 1512 2927 Βαπτιστοῦ,
1536 2862 1683 2916 κατά
1704 2879 1873 2924 τινας,

265 2959 295 3009 6
336 2954 533 3025 Σωτὴρ
576 2955 637 3006 ὲν
682 2956 747 3023 τῇ
784 2950 1033 3022 βασιλεία
1059 2950 1166 3032 τῶν
1195 2950 1467 3021 οὐρανῶν,
1502 2950 1702 3021 ἦίσος,
1744 2950 1778 3020 ἠ
1818 2953 1877 3002 έν

269 3045 571 3101 ἐλαττώσει
606 3044 724 3097 ἐστὶ
750 3044 895 3097 κατὰ
920 3044 1012 3096 τὸν
1037 3042 1137 3113 τῆς
1167 3042 1636 3113 ἐνανθρωπήσεως
1662 3042 1873 3113 χρόνον.

282 3138 373 3190 Ἑν
397 3138 501 3207 μὲν
526 3131 621 3189 οὖν
642 3131 961 3200 ἐλαττώσει,
981 3132 1256 3203 οὐδαμῶς.
1292 3132 1381 3186 Ἐν
1402 3132 1608 3202 ίσότητι
1632 3132 1691 3186 δέ
1708 3149 1720 3161 ·
1750 3130 1877 3185 τοῦ·

271 3246 333 3281 το
347 3229 455 3297 γάρ
479 3227 599 3291 πῶς
622 3230 739 3280 ἐστι
765 3227 826 3280 τὸ
848 3226 1318 3297 πρεπωδέστερον.
1354 3224 1493 3278 Ἀλλ’
1512 3226 1671 3298 είπερ
1701 3225 1874 3288 ὅντως

271 3324 300 3374 ὸ
314 3324 411 3393 τῆς
430 3322 677 3393 ἰσότητος
697 3320 785 3372 ἐπ’
804 3321 1007 3388 ἀμφοῖν
1035 3316 1269 3383 σώζεται
1288 3316 1464 3386 λόγος,
1490 3317 1765 3370 καλείσθω
1780 3316 1875 3369 καὶ

284 3414 540 3482 Ἰωάννης
562 3412 726 3481 σοφία
749 3412 845 3465 κα)⁸
863 3410 1095 3481 δύναμις
1115 3408 1211 3463 τοῦ
1228 3410 1466 3480 Πατρὸς,
1487 3408 1879 3479 χρηματιζέτω

270 3506 328 3558 δὲ
360 3526 378 3557 ι
404 3506 572 3559 εἰκὼν
592 3507 687 3558 καὶ
704 3504 1013 3577 χαρακτὴρ,
1038 3504 1134 3556 καὶ
1152 3504 1498 3573 ἀπαύγασμα
1515 3503 1613 3573 τῆς
1635 3502 1877 3556 ὑποστά-

274 3614 412 3661 σεως
440 3596 632 3651 αὐτοῦ.
671 3596 890 3668 Φερέτω
916 3596 1012 3649 καὶ
1040 3594 1205 3659 αὐτὸς
1244 3594 1312 3649 τὰ
1338 3594 1518 3649 πάντα
1552 3593 1632 3664 τῷ
1669 3595 1880 3666 ῥήματι

269 3692 371 3759 τῆς
394 3689 683 3759 δυνάμεως
711 3686 879 3741 αὐτοῦ
903 3704 915 3717 ·
948 3706 967 3740 ι
1009 3688 1258 3741 ἀκουέτω
1284 3688 1379 3740 καὶ
1411 3686 1574 3750 αὐτὸς
1603 3686 1758 3757 παρὰ
1783 3683 1879 3737 τοῦ

271 3780 491 3849 Πατρός
512 3797 524 3809 ’
555 3797 576 3831 ι
614 3778 744 3842 Υίός
775 3795 878 3845 μου
913 3772 964 3830 εί
1007 3778 1093 3839 σὺ,
1144 3777 1256 3846 ἐγὼ
1299 3777 1543 3847 σήμερον
1572 3773 1882 3843 γεγέννηκά

278 3890 343 3926 σε
371 3891 386 3904 ⁸
421 3893 441 3925 ι
488 3873 586 3927 καί
614 3889 627 3903 ·
667 3887 689 3923 t
722 3871 905 3925 Κάθου
937 3870 1001 3922 ὲκ
1033 3868 1223 3933 δεξιῶν
1270 3886 1392 3939 μου,
1418 3868 1522 3930 ἕως
1563 3866 1629 3919 ἂν
1654 3864 1732 3918 θῶ
1756 3865 1884 3925 τοὺς

270 3964 503 4036 ἐχθρούς
534 3980 632 4016 σου
664 3961 960 4015 ὑποπόδιον
992 3960 1102 4013 τῶν
1134 3960 1310 4013 ποδῶν
1352 3977 1469 4012 σου.
1509 3978 1527 4011 ι
1559 3956 1881 4025 Εἰσαγέσοω

271 4059 368 4109 καί
390 4056 559 4120 αὐτὸς
588 4054 665 4118 ὡς
689 4053 1033 4125 πρωτότοκος
1070 4053 1151 4117 εἰς
1192 4053 1291 4125 τὴν
1319 4051 1671 4122 οἰκουμένην,
1700 4066 1877 4120 προσ-

269 4148 546 4203 κυνείσθω
610 4146 768 4217 παρὰ
823 4145 947 4198 τῶν
989 4144 1165 4213 ἁγίων
1234 4144 1517 4212 ἀγγέλων,
1574 4141 1783 4210 λεγέτω
1823 4141 1882 4195 δὲ

269 4238 630 4308 ἀνεγκλήτως
657 4238 790 4309 περὶ
820 4234 1017 4289 ἑαυτοῦ
1042 4250 1054 4265 ·
1094 4255 1113 4288 ι
1174 4236 1317 4304 Ἐγὼ
1365 4236 1461 4289 καὶ
1511 4236 1540 4287 6
1588 4232 1782 4304 Πατὴρ
1822 4233 1881 4286 έν

271 4333 464 4402 ἐσμεν.
508 4332 570 4384 Ὀ
600 4328 863 4400 ἑωρακὼς
893 4329 1015 4402 ἐμὲ,
1057 4329 1270 4401 ἑώρακε
1302 4328 1393 4382 τὸν
1422 4326 1644 4398 Πατέρα
1672 4343 1689 4359 ·
1729 4344 1749 4378 ι
1784 4327 1881 4380 καὶ

274 4424 439 4479 πάλιν
461 4438 474 4450 ·
512 4442 532 4475 ι
578 4422 721 4490 Ἐγώ
747 4423 863 4492 είμι
889 4424 923 4493 ὴ
968 4424 1266 4484 ἀνάστασις
1297 4420 1391 4474 καὶ
1437 4421 1471 4490 ἡ
1499 4418 1647 4490 ζωίγ
1685 4437 1705 4471 ι
1739 4418 1835 4471 καί
1860 4434 1874 4448 ⁸

279 4534 303 4567 ς
348 4514 491 4584 Ἐγώ
522 4515 639 4585 εἰμι
682 4516 712 4567 6
752 4514 919 4585 ἁρτος
949 4516 979 4567 ὁ
1022 4513 1132 4578 ζῶν
1158 4514 1187 4566 6
1216 4516 1280 4566 ἐκ
1307 4510 1404 4566 τοῦ
1439 4509 1672 4583 οὐρανοῦ
1704 4526 1876 4563 κατα-

1896 3268 1944 3325 C

1979 1970 2119 2026 alter
2140 1987 2272 2028 vero
2290 1983 2556 2044 purgante
2578 1983 2634 2030 et
2663 1975 3045 2032 sanctiﬁcante
3072 1978 3348 2049 indigeat?
3379 1997 3399 2032 ι
3427 1979 3579 2051 Opus

1979 2066 2126 2119 enim
2157 2075 2261 2131 est,
2291 2063 2490 2135 inquit,
2525 2075 2585 2121 ut
2623 2069 2721 2122 abs
2759 2076 2812 2123 te
2838 2068 3088 2137 baptizer
3111 2068 3180 2124 ³⁸.
3215 2088 3235 2123 ι
3273 2069 3410 2126 Cum
3444 2086 3579 2128 vero

1980 2172 2089 2211 non
2129 2156 2177 2213 is
2206 2158 2298 2228 qui
2325 2158 2510 2227 aliquo
2542 2159 2768 2228 indiget,
2819 2162 2915 2215 sed
2942 2162 2988 2216 is
3038 2161 3132 2231 qui
3195 2161 3245 2215 id
3292 2178 3400 2234 quo
3436 2164 3581 2219 alius

1980 2259 2102 2319 eget
2122 2250 2469 2320 suppeditare
2496 2262 2695 2320 potest,
2745 2252 2921 2321 major
2951 2253 3060 2319 sit,
3104 2263 3162 2309 et
3190 2254 3334 2311 Deus
3359 2256 3579 2324 quidem

1982 2344 2232 2397 remittat
2281 2354 2500 2413 peccata
2530 2386 2543 2409 ,
2602 2346 2693 2401 hic
2737 2362 2869 2402 vero
2920 2346 3069 2401 nullo
3127 2356 3289 2417 pacto
3337 2348 3389 2403 id
3440 2362 3581 2418 prte-

1982 2444 2130 2491 stare
2165 2447 2329 2506 queat
2362 2454 2376 2491 :
2412 2453 2519 2494 non
2548 2448 2632 2494 est
2684 2440 2849 2508 igitur
2878 2440 3109 2511 aequalis
3157 2441 3232 2495 illi
3263 2456 3293 2495 a
3316 2456 3426 2511 quo
3456 2449 3581 2496 tan-

1984 2537 2170 2598 topere
2193 2539 2506 2592 superatur.

2334 2744 2565 2813 ALIUD,
2591 2750 2853 2804 succincte
2883 2759 2931 2804 et
2982 2750 3205 2804 ruditer.

2051 2858 2109 2913 Si
2147 2858 2429 2929 Servator,
2484 2874 2540 2917 ut
2597 2864 2843 2918 nonnulli
2901 2867 3220 2935 opinantur,
3280 2864 3458 2936 major
3496 2876 3582 2922 est

1979 2951 2189 3009 Joanne
2219 2956 2460 3026 Baptista
2497 2957 2549 3010 in
2594 2972 2759 3026 regno
2784 2956 3047 3013 cmlorum
3072 2996 3088 3023 ,
3140 2967 3401 3040 certe.eo
3433 2970 3579 3015 tem-

1980 3066 2112 3119 pore
2142 3066 2249 3118 quo
2281 3050 2425 3104 inter
2461 3050 2711 3105 homines
2736 3060 2987 3107 versatus
3032 3060 3139 3117 est,
3200 3061 3293 3107 aut
3327 3052 3581 3125 aequalis,

1979 3150 2076 3194 aut
2095 3140 2274 3194 minor
2291 3154 2356 3195 eo
2380 3141 2501 3195 fuit.
2529 3139 2704 3197 Minor
2726 3151 2906 3197 autem
2929 3143 3075 3197 nulla
3101 3142 3338 3201 ratione.
3370 3142 3583 3215 Equa-

1980 3233 2047 3289 lis
2079 3234 2263 3303 igitur.
2324 3232 2435 3288 Iloc
2471 3234 2614 3288 enim
2648 3246 2729 3289 est
2759 3236 3196 3291 convenientius.
3228 3239 3296 3290 At
3327 3239 3370 3291 si
3397 3253 3585 3308 atqua-

1982 3329 2062 3383 les
2095 3328 2321 3382 omnino
2351 3328 2495 3382 inter
2524 3343 2583 3382 se
2614 3327 2859 3391 luerunt,
2890 3340 3122 3383 vocetur
3144 3331 3308 3384 etiam
3336 3330 3582 3390 Joannes

1981 3420 2247 3489 sapientia
2270 3429 2323 3471 et
2345 3420 2583 3489 potentia
2608 3418 2788 3474 Patris
2811 3419 2880 3485 ”;
2897 3430 3123 3476 vocetur
3144 3422 3311 3476 etiam
3344 3440 3364 3475 ι
3398 3422 3583 3495 imago

1978 3523 2035 3568 et
2069 3512 2378 3576 character,
2414 3526 2477 3566 ac
2510 3512 2768 3580 splendor
2794 3512 3132 3568 exsistentiaa
3161 3513 3364 3585 ipsius:
3392 3515 3584 3574 Portet

1980 3606 2149 3659 etiam
2203 3604 2391 3659 omnia
2436 3608 2605 3659 verbo
2656 3606 2916 3673 potentia:
2966 3621 3081 3661 suae
3115 3606 3186 3672 ³⁸,
3228 3626 3246 3659 ι
3296 3608 3486 3663 audiat
3526 3621 3585 3666 et

1981 3698 2098 3766 ipse
2132 3711 2161 3749 a
2196 3696 2399 3750 Patre:
2439 3715 2456 3747 ι
2500 3696 2667 3750 Filius
2700 3712 2852 3752 meus
2902 3712 2961 3753 es
2989 3708 3065 3763 tu,
3090 3713 3190 3766 ego
3222 3699 3383 3755 hodie
3419 3704 3583 3772 genui

1982 3799 2038 3843 te
2063 3788 2133 3855 ’1;
2168 3810 2186 3841 ι
2220 3788 2334 3859 98
2360 3799 2414 3843 et
2446 3807 2465 3839 ι
2509 3790 2649 3843 Sede
2676 3804 2704 3843 a
2735 3790 2943 3845 dextris
2980 3791 3135 3854 meis,
3166 3793 3341 3847 donec
3380 3808 3582 3863 ponam

1983 3881 2234 3937 inimicos
2274 3892 2394 3937 tuos
2427 3882 2724 3937 scabellutn
2768 3884 2964 3951 pedum
3010 3893 3227 3937 tuorum
3255 3885 3320 3939 ³⁸.
3352 3904 3371 3937 ι
3407 3884 3580 3941 Intro-

1982 3976 2212 4031 ducatur
2245 3977 2408 4031 etiam
2442 3978 2558 4046 ipse
2584 3978 2636 4031 in
2661 3980 2848 4032 orbem
2881 3988 3152 4033 terrarum
3181 3988 3439 4049 tanquam
3460 3982 3577 4051 pri-

1982 4069 2332 4141 mogenitus;
2366 4070 2631 4125 adoretur
2682 4086 2711 4125 a
2760 4072 2968 4126 sanctis
3011 4074 3260 4143 angelis,
3313 4084 3579 4142 recteque

1984 4163 2051 4219 de
2079 4162 2265 4234 seipso
2295 4164 2442 4219 dicat
2476 4180 2490 4217 :
2532 4184 2550 4217 ι
2610 4164 2724 4235 Ego
2754 4174 2810 4220 et
2837 4164 3004 4221 Pater
3035 4182 3203 4221 unum
3229 4182 3440 4222 sumus.
3476 4166 3582 4236 Qui

1982 4256 2118 4311 vidit
2149 4270 2256 4325 me,
2286 4255 2424 4311 vidit
2451 4265 2507 4311 et
2533 4256 2750 4312 Patrem
2770 4258 2815 4289 ⁸⁹
2836 4275 2883 4325 ς»
2922 4268 2977 4314 et
3005 4273 3221 4313 rursum
3250 4275 3266 4315 :
3292 4259 3436 4331 «Ego
3459 4276 3581 4316 sum

1980 4350 2315 4406 resurrectio
2347 4360 2404 4406 et
2429 4350 2535 4405 vita
2562 4369 2578 4419 ;
2608 4351 2654 4382 “
2692 4370 2711 4403 ι
2745 4359 2800 4407 et
2836 4370 2855 4403 ι
2892 4351 3003 4421 Ego
3035 4368 3154 4407 sum
3188 4354 3347 4422 panis
3390 4354 3582 4412 vivens

1981 4444 2075 4514 qui
2109 4459 2140 4499 e
2189 4443 2333 4500 caelo
2368 4445 2650 4511 descendi,
2703 4452 2760 4501 et
2800 4446 2970 4499 vitam
3023 4446 3160 4501 dans
3200 4448 3403 4503 mundo
3436 4448 3506 4504 δ’.
3552 4468 3574 4501 ι

1984 4534 2042 4591 Si
2076 4551 2210 4592 vero
2240 4538 2355 4591 haec
2382 4537 2565 4591 omnia
2601 4546 2687 4591 est
2708 4536 2985 4604 Christus,
3008 4551 3115 4591 non
3145 4548 3330 4593 autem
3364 4539 3454 4593 ille
3482 4542 3578 4610 qui

274 4605 396 4670 σὰς,
433 4609 531 4660 καὶ
556 4604 705 4677 ζωὴν
738 4604 914 4669 διδοὺς
940 4604 1018 4675 τῷ
1045 4604 1258 4673 κόσμῳ.
1302 4623 1319 4655 ι
1376 4601 1439 4655 Ei
1484 4603 1542 4655 δὲ
1570 4600 1745 4655 ταῦτα
1773 4600 1872 4671 μὲν

1983 4627 2234 4697 imperite
2264 4628 2493 4696 mqualis
2523 4642 2649 4683 esse
2700 4627 2902 4684 dicitur
2936 4646 2950 4683 :
2990 4643 3098 4699 quo
3140 4642 3301 4699 pacto
3330 4645 3437 4685 non
3472 4633 3577 4688 ab-

275 4698 389 4751 εστι
431 4697 614 4752 πάντα
665 4697 921 4768 Χριστὸς,
963 4695 1147 4750 οὐκέτι
1187 4695 1245 4749 δὲ
1277 4695 1372 4749 καὶ
1404 4696 1433 4748 ὀ
1464 4694 1601 4765 πρὸς
1652 4693 1873 4761 ἰσότητα

274 4790 372 4860 τὴν
406 4790 546 4861 πρὸς
595 4790 762 4843 αὐτὸν
809 4788 1145 4859 καλούμενος
1180 4786 1431 4867 ἀμαθῶς,
1487 4785 1608 4849 πῶς
1650 4785 1712 4838 οὐ
1750 4784 1873 4839 λίαν

277 4880 606 4933 ἀπαίδευτον
626 4880 785 4933 παντί
809 4897 887 4950 τῳ
909 4881 1159 4949 φανεῖται
1181 4879 1390 4945 λοιπὸν,
1409 4878 1472 4931 τὸ
1496 4878 1719 4950 μείζονά
1740 4894 1872 4931 ποτε

279 4972 609 5043 γενήσεσθαι
638 4971 884 5043 νομίζειν
912 4972 1102 5039 αὐτοῦ,
1129 4973 1221 5026 τὸν
1258 4973 1347 5026 ἀεὶ
1374 4971 1533 5026 ’τοῦτο
1557 4971 1872 5043 ὑπάρχοντα

281 5062 548 5130 φυσικῶς,
582 5062 658 5127 ὼς
682 5061 816 5116 Θεόν
840 5078 854 5127 ;

974 5180 1183 5236 ΑΛΛΟ.

352 5290 413 5345 Εἰ
457 5292 515 5343 ὲν
541 5291 622 5362 τῷ
668 5292 799 5347 ποτὲ
843 5292 944 5365 τὴν
986 5292 1238 5348 Ἰωᾶννου
1285 5294 1704 5367 πλεονεκτήσειν
1748 5295 1878 5367 ἁρε-

278 5379 375 5450 τὴν
401 5381 731 5451 ἀξιὰχαστος
753 5384 1053 5456 ὀφθήσεται
1082 5385 1340 5456 Χριστὸς,
1365 5386 1517 5439 οὐδὲν
1539 5388 1599 5439 ἐν
1632 5385 1781 5457 αὐτῷ
1818 5387 1878 5439 τὸ

282 5473 455 5543 μέγα·
484 5476 608 5529 ἐπεὶ
632 5477 727 5531 καὶ
749 5478 974 5547 ἁγγελοι
1000 5478 1286 5550 κρείττους
1320 5479 1488 5533 αὐτοῦ
1525 5480 1667 5534 κατά
1696 5496 1759 5549 γε
1788 5480 1880 5533 τὸν

277 5568 434 5636 λόγον
472 5569 572 5638 τῆς
610 5572 815 5637 οἰκείας
860 5572 1104 5643 φύσεως,
1157 5575 1251 5627 καὶ
1289 5575 1387 5645 τῆς
1428 5576 1508 5638 εἰς
1544 5573 1677 5627 Θεὸν
1722 5574 1879 5626 εὐσε-

276 5666 429 5729 ϐείας
454 5666 552 5736 τὴν
586 5667 876 5739 ὑπεροχήν.
917 5662 1052 5723 Εἶτα
1086 5670 1178 5721 ποῖ
1214 5686 1342 5721 ποτε
1376 5668 1641 5737 βαδιεῖται
1669 5668 1885 5732 Παῦλος

1985 4722 2213 4774 surdum
2245 4718 2394 4775 dictu
2439 4720 2655 4776 censeri
2698 4720 2929 4782 debeat.
2959 4720 3237 4778 Christum
3285 4723 3583 4793 aliquando

1980 4809 2193 4868 Joanne
2240 4810 2501 4881 majorem
2547 4812 2814 4881 futurum,
2849 4814 2942 4883 qui
2983 4824 3176 4886 suapte
3208 4824 3404 4872 natura
3433 4830 3581 4872 seut-

1980 4919 2079 4976 per
2110 4904 2288 4976 major
2318 4905 2443 4973 luit,
2479 4905 2738 4961 nimirum
2766 4904 2960 4963 Deus?

2660 5174 2895 5232 ALIUD.

2056 5289 2113 5346 Si
2148 5290 2203 5345 in
2234 5289 2420 5345 loturo
2446 5287 2647 5344 stucqu
2680 5298 2895 5344 tantum
2923 5286 3177 5344 Christus
3211 5286 3442 5346 Joannis
3470 5290 3578 5347 vir-

1982 5393 2150 5439 tutem
2182 5392 2542 5453 superaturos
2576 5390 2679 5445 est,
2712 5390 2865 5437 certe
2913 5381 3121 5437 nihilin
3146 5384 3267 5453 ipso
3313 5398 3575 5456 magnum

1984 5489 2067 5535 est
2107 5496 2120 5533 :
2164 5494 2287 5533 cum
2320 5488 2374 5531 et
2414 5475 2594 5546 angeli
2640 5476 2899 5532 meliores
2946 5476 3469 5548 praestantioresque
3509 5494 3578 5533 eo

1994 5574 2105 5628 sint
2150 5572 2389 5642 propria:
2420 5586 2533 5625 sua:
2576 5581 2786 5625 natura:
2821 5570 3035 5625 ratione
3058 5610 3071 5636 ,
3109 5579 3165 5625 et
3194 5570 3414 5639 pietatis
3446 5586 3577 5641 erga

1986 5666 2155 5720 Deum
2173 5663 2525 5720 excellentia.
2556 5663 2759 5718 Deinde
2778 5662 2910 5732 quid
2933 5663 2998 5717 de
3013 5660 3404 5731 sapientissimi
3431 5661 3577 5716 illius

345 5844 387 5874 ⁹¹
418 5843 523 5897 Isa.
554 5858 702 5909 mn,
744 5845 834 5901 95.
915 5848 961 5884 ³³
996 5845 1208 5901 Baruch
1244 5860 1329 5904 ιιι.
1370 5848 1461 5903 58.
1542 5848 1585 5880 ³³
1618 5846 1777 5901 Joan.
1812 5860 1850 5910 i,

2058 5844 2101 5875 ”
2134 5844 2326 5899 Matth.
2361 5859 2443 5907 ιιι,
2479 5844 2564 5897 14.
2645 5841 2691 5873 ³⁸
2731 5842 2743 5893 I
2776 5840 2903 5895 Cor.
2939 5857 2976 5908 i,
3010 5840 3100 5896 ‘26.
3182 5840 3227 5873 ³⁸
3259 5838 3425 5895 Hebr.
3450 5852 3488 5907 ι,
3518 5837 3571 5895 5.

274 5914 317 5946 ³⁷
354 5913 498 5970 I'sal.
531 5931 587 5981 ll,
627 5916 676 5969 7.
766 5919 807 5951 ³³
837 5910 1136 5985 ι’ςιιι.’(;ιι,
1170 5920 1217 5972 ι.
1296 5918 1336 5950 ³³
1366 5919 1517 5974 Joatt.
1556 5935 1663 5983 xiv,
1707 5920 1759 5971 υ.

1841 5916 1883 5945 ⁸ο
1910 5914 2066 5968 ]ι›;ιιι.
2104 5930 2177 5981 XI,
2206 5916 2294 5971 25.

2375 5917 2413 5946 δ’
2453 5915 2584 5970 Juazt
2636 5929 2709 5976 Vt,
2745 5914 2832 5967 55.
