3968 6466
473 481 584 538 ωδ

1483 474 1540 529 S.
1579 472 1857 531 CYBIL”
1898 472 2369 530 ALEXANDRINI
2409 474 2728 531 ARCHIEP.

3608 466 3716 527 ιιι

472 589 621 647 Pauli
654 587 961 645 testimonio
983 594 1246 651 statuent,
1290 584 1386 657 qui
1429 585 1706 642 Christum
1738 595 1892 642 tanto
1937 600 2023 640 su-

2148 586 2270 657 Ιτμτν
2295 589 2324 641 6
2350 587 2658 657 σοφώτατος
2696 583 2950 641 τοσοῦτον
2988 583 3239 654 ἀγγέλων
3270 579 3579 655 ὗπιρτιθιὶς
3612 582 3711 635 τὸν

472 680 741 751 periorent
776 678 985 751 angelis
1022 692 1143 734 esse
1190 684 1415 733 testatur
1439 716 1456 743 ,
1501 685 1707 747 quanto
1733 675 1910 731 divina
1941 691 2036 729 na-

475 780 593 825 tura
626 779 812 827 creata
838 768 1158 833 antecellit?
1192 786 1212 821 ι
1258 766 1356 823 Cui
1393 766 1560 831 enim,
1587 766 1763 835 inquit
1794 764 1994 821 Paulus
2017 806 2034 831 ,

474 861 786 932 angelorum
830 876 1071 931 unquam
1108 860 1247 915 dixit
1290 873 1303 911 :
1339 858 1479 914 Sede
1532 871 1563 911 a
1601 857 1808 913 dextris
1856 856 2039 912 meis?

474 950 664 1010 Nonne
687 967 877 1009 omnes
912 960 1039 1009 sunt
1064 949 1515 1007 administratorii
1540 949 1765 1020 spiritus
1786 991 1799 1015 ,
1852 949 1904 1004 in
1938 950 2037 1003 mi-

474 1043 757 1100 nisterium
809 1042 959 1099 missi
1014 1041 1113 1097 “l
1166 1060 1185 1092 ι
1242 1040 1360 1108 Quo
1416 1051 1584 1109 pacto
1618 1041 1799 1111 .igitur
1856 1042 1902 1094 is
1945 1042 2036 1110 qui

476 1146 626 1191 tanto
656 1146 741 1191 est
765 1134 970 1207 angelis
1010 1135 1357 1205 praestantior
1396 1133 1569 1188 Filius
1598 1171 1614 1199 ,
1673 1142 1729 1187 ut
1755 1142 1809 1199 et
1857 1131 2039 1188 Patris

472 1228 625 1285 sedili
674 1237 729 1284 et
776 1226 1124 1284 tabernaculo
1174 1228 1514 1297 adiungatur,
1559 1226 1713 1295 quasi
1774 1240 2031 1297 magnum

474 1319 676 1389 aliquid
738 1328 796 1375 et
850 1321 1175 1389 praclarum
1228 1318 1292 1373 de
1332 1332 1395 1373 se
1451 1317 1727 1386 praedicet,
1781 1316 2037 1386 majorem

470 1409 677 1466 Joanne
706 1410 938 1479 Baptista
970 1409 1025 1464 in
1055 1424 1220 1479 regno
1252 1409 1512 1465 ctelorum
1540 1408 1681 1473 fore,
1733 1421 1858 1463 cum
1888 1421 2037 1463 sem-

473 1516 567 1571 per
599 1498 768 1568 major
794 1499 904 1554 sit?
935 1498 1215 1565 Quomodo
1248 1501 1393 1555 enim
1422 1513 1528 1556 non
1576 1500 1649 1555 sit
1688 1498 1895 1570 major,
1946 1498 2038 1569 qui

472 1590 584 1647 Deo
612 1604 674 1646 ac
703 1586 849 1645 Patri
871 1588 1096 1659 aqualis
1129 1598 1215 1644 est
1247 1588 1271 1643 ἲ

1122 1700 1350 1757 ALIUD.

538 1818 595 1872 Si
625 1814 861 1871 Joannes
884 1814 1124 1883 Baptista
1156 1824 1271 1869 erat
1314 1813 1533 1867 lucerna
1557 1850 1575 1879 ,
1622 1812 1873 1869 Christus
1909 1827 2041 1869 vero

2135 678 2387 749 Χριστὸν,
2418 680 2540 733 ὅσον
2566 680 2599 751 ἡ
2633 677 2751 731 Θεία
2788 677 2949 747 φύσις
2975 676 3072 747 τὴν
3096 672 3332 747 γενητὴν
3360 671 3707 744 ύπιρτρέχει.

2144 788 2163 822 ι
2190 770 2307 825 Τίνι
2330 772 2460 841 γὰρ,
2482 770 2627 834 εἶπε,
2656 770 2787 823 ποτὲ
2812 768 2919 824 τῶν
2943 767 3212 837 ἀγγέλων,
3242 764 3375 837 φησί
3398 781 3413 795 ·
3438 764 3623 819 Κάθου
3645 765 3714 817 ἐκ

2134 859 2325 926 δεξιῶν
2352 878 2489 932 pou;
2531 860 2665 931 Οὐχὶ
2692 860 2893 924 πάντες
2917 859 3025 912 εισι
3051 857 3400 927 λειτουργικὰ
3426 852 3718 925 πνεύματα

2138 953 2218 1016 είς
2246 952 2521 1007 διακονίαν
2551 951 3025 1022 ἁποστελλόμενας
3061 968 3080 1002 ι
3118 948 3245 1013 Πῶς
3276 943 3371 1002 οὖν
3394 947 3424 1000 6
3458 945 3719 1001 τοσοῦτον

2136 1044 2263 1107 τοὺς
2312 1044 2560 1098 Ἰωάννου
2610 1044 2862 1115 μείζονας
2903 1042 3168 1112 ἀγγέλους
3213 1038 3521 1094 ἀναϐαίνων
3558 1037 3714 1099 Υἱὸς,

2137 1134 2213 1197 ὡς
2248 1137 2339 1189 καὶ
2364 1139 2473 1199 τοῖς
2498 1134 2590 1189 τοῦ
2617 1136 2828 1206 [ἰατρὸς
2872 1133 3181 1204 ἐνιδρύσθαι
3208 1132 3426 1196 θώκοις.
3452 1131 3530 1195 ὡς
3569 1130 3722 1201 μέγα

2136 1243 2189 1279 τι
2218 1228 2310 1279 καὶ
2338 1226 2645 1291 ἀξιόπιστον
2671 1226 2756 1296 ἐφ’
2784 1226 2963 1297 ἐαυτῷ
3001 1240 3188 1297 φησιν,
3225 1224 3301 1288 ὡς
3328 1223 3480 1277 {aut
3508 1221 3720 1293 μείζων

2137 1316 2304 1371 αὐτοῦ
2331 1318 2470 1371 κατὰ
2496 1318 2585 1372 τὸν
2602 1318 2699 1388 τῆς
2718 1316 2993 1388 βασιλείας
3010 1315 3222 1388 καιρὸν,
3245 1313 3421 1367 καίτοι
3442 1311 3504 1365 τὸ
3529 1308 3720 1383 μεῖζον

2138 1410 2277 1480 ἔχων
2300 1410 2421 1474 ἀείῖ
2464 1408 2589 1473 Πῶς
2615 1409 2725 1481 γὰρ
2748 1409 2846 1481 οὐχ
2872 1408 3044 1472 οὕτως
3072 1410 3101 1463 6
3123 1409 3181 1461 ἐν
3221 1406 3427 1475 ἰσότητι
3456 1401 3547 1458 τοῦ
3573 1400 3718 1456 Θεοῦ

2140 1501 2235 1553 καὶ
2265 1500 2477 1570 Πατρός
2497 1517 2512 1565 ;

2821 1701 3025 1758 ᾹΛΛΟ.

2210 1816 2275 1874 El
2316 1818 2510 1891 λύχνος
2552 1814 2620 1890 ἦν
2659 1816 2690 1873 6
2738 1818 3008 1890 μακάριος
3051 1811 3384 1884 Βαπτιστὴς,
3431 1810 3545 1881 φῶς
3582 1805 3639 1863 δέ
3688 1811 3721 1863 ὃ

472 1911 673 1973 lumen,
698 1921 809 1976 quo
849 1915 1005 1976 pacto
1036 1906 1141 1960 erit
1184 1904 1393 1974 aequale
1436 1919 1558 1959 cum
1598 1903 1823 1959 lucerna
1847 1904 2031 1959 lumen

2148 1910 2395 1981 Χριστὸς,
2422 1910 2541 1973 πῶς
2562 1911 2620 1962 ἐν
2663 1909 2866 1980 ἰσότητι
2896 1908 3137 1961 κείσεται
3159 1907 3226 1977 τῇ
3266 1904 3447 1975 λύχνῳ
3474 1902 3537 1955 τὸ
3574 1898 3716 1969 φῶς.

470 2000 646 2071 ipsum
682 1996 753 2063 “,
781 2005 877 2051 aut
904 1996 956 2051 id
993 1996 1135 2066 quod
1165 1994 1509 2051 illuminandi
1538 1996 1645 2051 vim
1674 1996 1857 2061 liabet,
1910 2009 2034 2049 cum

468 2110 535 2151 eo
581 2093 721 2165 quod
765 2092 1155 2147 illuminatione
1204 2090 1452 2159 indiget?
1500 2090 1655 2158 Quod
1696 2104 1828 2146 vero
1881 2097 2033 2143 tanto

471 2183 752 2241 intervallo
782 2191 1037 2253 superat,
1072 2196 1309 2253 quonam
1340 2192 1501 2252 pacto
1528 2182 1709 2238 minus
1742 2181 2037 2247 exsisteus,

470 2274 646 2347 majus
667 2273 759 2329 ﬂat
788 2273 811 2328 τ

1124 2363 1354 2421 ALIUD.

548 2478 604 2534 Si
636 2478 681 2534 is
706 2478 795 2547 qui
830 2476 994 2532 liabet
1040 2487 1575 2545 sponsam,sponsus
1628 2484 1715 2533 est
1742 2514 1760 2542 ,
1808 2475 1911 2533 hoc
1956 2486 2041 2532 est

468 2570 739 2635 Christus,
763 2568 973 2624 amicus
1026 2575 1207 2623 autem
1256 2566 1443 2637 sponsi
1492 2567 1585 2637 qui
1633 2577 1745 2622 stat
1789 2577 1845 2623 et
1890 2568 2041 2623 audit

472 2661 669 2731 ipsum,
701 2661 803 2714 hoc
854 2668 942 2714 est
972 2660 1163 2713 beatus
1204 2655 1444 2713 Joannes
1475 2657 1739 2726 Baptista,
1788 2658 2039 2715 diversus

472 2753 658 2822 itaque
690 2750 759 2804 ab
785 2752 901 2821 ipso
949 2757 1035 2803 est
1102 2764 1210 2804 non
1254 2748 1427 2805 solum
1462 2764 1691 2805 numero
1724 2748 2035 2815 distinctus,

471 2858 657 2899 verum
685 2842 849 2896 etiam
881 2839 1192 2909 cqualitate
1228 2838 1509 2909 dignitatis
1555 2849 1610 2896 et
1660 2840 1881 2896 honoris
1940 2842 2038 2896 de-

469 2932 713 2987 stitutus.
752 2928 1025 2998 Siquidem
1051 2928 1141 2983 hic
1168 2942 1356 2982 revera
1383 2926 1583 2984 festum
1615 2929 1758 2984 diem
1797 2930 2039 2995 inchoat,

474 3023 563 3078 ille
577 3037 706 3077 vero
738 3021 962 3076 alterius
978 3018 1287 3076 festivitatis
1310 3030 1393 3076 est
1408 3020 1706 3092 particeps,
1731 3035 1798 3077 ac
1816 3023 2040 3091 proinde

471 3112 759 3171 illustrior.

1132 3220 1364 3279 ALIUD.

539 3333 778 3391 Joannes
813 3334 1053 3405 Baptista
1087 3334 1161 3390 ita
1186 3335 1383 3390 alicubi
1426 3336 1493 3391 de
1526 3336 1819 3393 Servatore
1852 3347 2039 3394 nostro

474 3430 607 3483 dicit
638 3446 651 3480 :
688 3445 707 3478 ι
743 3428 845 3494 Qui
874 3429 940 3483 de
964 3443 1178 3484 sursum
1200 3429 1369 3495 venit,
1406 3444 1567 3499 super
1592 3445 1781 3485 omnes
1812 3441 1895 3485 est
1925 3432 1988 3485 “.
2014 3451 2035 3483 ο

470 3518 584 3591 99
628 3518 829 3573 Deinde
874 3534 1026 3573 suam
1097 3519 1259 3574 etiam
1302 3522 1665 3577 conditionem
1715 3526 2037 3592 explicans:

478 3626 500 3661 ι
542 3610 642 3676 Qui
670 3610 735 3662 de
772 3620 914 3665 terra
963 3618 1067 3676 est,
1114 3610 1307 3679 inquit,
1364 3619 1577 3666 terrena
1622 3614 1859 3681 loquitur
1890 3615 1957 3670 ⁸³.
2013 3634 2032 3666 ι

473 3700 531 3756 Si
556 3715 685 3769 ergo
714 3700 976 3756 Servator
1019 3702 1068 3756 ei
1088 3702 1313 3771 aequalis
1333 3712 1439 3767 est,
1470 3705 1663 3776 quippe
1694 3707 1785 3776 qui
1808 3708 2040 3762 nondum

472 3793 647 3862 majus
694 3792 947 3863 accepit,
1004 3793 1159 3859 nihil,
1194 3803 1249 3846 ut
1296 3796 1591 3849 verisimile
1619 3808 1721 3862 est,
1770 3800 2043 3855 obstiterit

471 3885 760 3955 quominus
790 3884 843 3937 id
873 3885 1013 3953 quod
1050 3890 1327 3955 proprium
1391 3889 1639 3943 alterutri
1684 3900 1807 3955 est,
1870 3893 1922 3945 in
1959 3893 2037 3946 al-

472 3987 644 4030 terum
672 3984 933 4041 transeat,
985 3977 1057 4029 ita
1082 3986 1139 4028 ut
1162 3975 1409 4054 Baptista.
1430 3964 1713 4035 desursum
1770 3985 2041 4037 omnium-

471 4082 576 4135 que
603 4081 888 4135 supremus
929 4079 1243 4133 censeatur,
1297 4059 1548 4124 Christus
1583 4087 1711 4126 vero
1770 4082 2037 4128 terrenus.

472 4158 581 4212 Sed
615 4158 716 4212 hoc
766 4157 1062 4211 absurdum
1114 4167 1215 4214 est.
1256 4158 1355 4215 llic
1395 4163 1561 4225 enim,
1615 4172 1673 4216 ut
1721 4166 2043 4220 naturaliter

473 4252 635 4315 Deus,
660 4264 821 4318 super
844 4265 1031 4304 omnes
1054 4260 1135 4305 est
1168 4272 1178 4305 :
1207 4252 1292 4305 ille
1322 4268 1450 4307 vero
1479 4270 1547 4309 ex
1572 4255 1828 4310 inferiore
1850 4266 1903 4310 et
1932 4258 2039 4312 Deo

474 4342 715 4411 subjecta
766 4350 1013 4395 creatura
1052 4353 1293 4397 terrenus
1336 4355 1436 4399 est.
1468 4345 1581 4400 Non
1626 4362 1754 4417 ergo
1790 4350 2031 4417 aequalis,

470 4435 603 4499 quin
630 4432 807 4499 potius
841 4432 1246 4501 incomparabili
1277 4437 1597 4490 excellentia
1630 4455 1656 4489 a
1695 4440 1909 4494 Christo
1946 4458 2039 4495 su-

474 4531 713 4589 peratur.
765 4522 879 4587 Quo
904 4533 1059 4593 pacto
1090 4525 1251 4593 igitur
1279 4529 1489 4581 censeri
1538 4539 1715 4597 potest
1756 4534 2039 4600 aliquando

472 4610 684 4667 futurus
722 4615 912 4682 major,
945 4616 1033 4683 qui
1066 4631 1280 4685 semper
1316 4627 1596 4687 tantopere
1624 4622 1928 4677 ενιεείιυὶιῖ

1139 4816 1369 4875 ALIUD.

546 4926 801 4982 Servator
842 4936 962 4999 post
994 4936 1445 4990 resurrectionem
1477 4953 1505 4991 a
1556 4943 1786 4995 mortuis
1828 4942 2039 4998 instau-

477 5034 601 5073 rans
632 5020 683 5071 in
715 5020 871 5073 nobis
906 5021 1140 5089 priscam
1176 5024 1413 5093 Spiritus
1448 5032 1697 5099 gratiam,
1753 5034 2039 5101 inspiravit

477 5113 757 5178 apostolis,
792 5113 977 5169 dicens
1003 5130 1016 5166 :
1043 5133 1060 5165 ι
1100 5116 1341 5185 Accipite
1368 5118 1623 5190 Spiritum
1650 5136 1893 5180 sanctum
1925 5129 1988 5180 ⁸⁸.
2015 5148 2032 5178 ι

475 5201 541 5255 Ει
575 5216 786 5255 rursum
834 5204 947 5273 ipse
976 5206 1043 5259 de
1092 5206 1293 5274 Spiritu
1339 5212 1411 5266 ita
1446 5214 1520 5267 ait
1556 5233 1570 5267 :
1618 5233 1635 5266 ι
1674 5216 1805 5282 Quia
1834 5220 1898 5273 de
1922 5235 2039 5274 meo

475 5292 701 5360 accipiet
728 5292 792 5347 ".
838 5314 857 5345 ι
896 5295 1001 5350 Sed
1029 5308 1083 5351 et
1113 5298 1351 5369 Spiritus
1390 5303 1593 5360 Christi
1634 5307 1868 5377 Spiritus
1910 5327 2038 5366 san-

474 5390 595 5434 ctus
633 5397 663 5435 a
704 5398 872 5439 sacra
912 5386 1193 5457 Scriptura
1224 5394 1559 5463 appellatur,
1614 5408 1673 5452 ut
1716 5400 1766 5453 in
1815 5402 2039 5457 Actibus

474 5473 833 5539 apostolorum
856 5472 1053 5547 legitur
1082 5501 1094 5535 :
1134 5502 1151 5534 ι
1187 5484 1319 5539 Cum
1345 5504 1471 5543 vero
1500 5491 1828 5545 transissent
1857 5496 2038 5548 Asiam

474 5576 527 5617 et
563 5564 787 5623 Galatia
845 5574 1153 5642 regionem,
1216 5586 1494 5634 tentarunt
1540 5582 1814 5649 proﬁcisci
1864 5585 1915 5637 in
1954 5586 2041 5640 Bi-

477 5652 747 5725 thyniam,
781 5668 836 5712 et
878 5676 982 5715 non
1038 5666 1281 5733 permisit
1326 5684 1419 5723 eos
1466 5668 1701 5739 Spiritus
1746 5670 1870 5728 Jcsu
1906 5675 1972 5727 “.
2015 5697 2031 5729 ι

545 5808 783 5903 Tytili
811 5828 875 5903 ιε,
898 5815 965 5868 ίδ
990 5858 1004 5884 ν
1043 5819 1125 5875 Η.
1202 5821 1247 5853 ⁸³
1275 5819 1431 5878 Jonn.
1464 5840 1515 5890 ν,
1545 5824 1662 5880 5-5.
1742 5828 1783 5859 ⁸³
1816 5826 1969 5885 Joan.
2011 5848 2088 5903 in,
2126 5833 2215 5888 51.
2290 5832 2334 5864 ⁸⁸
2366 5830 2494 5885 ibid.
2573 5832 2614 5861 "
2644 5829 2793 5885 Joan,
2831 5847 2919 5896 xx,
2954 5831 3041 5885 2:2.

475 5875 522 5910 “
545 5880 661 5936 Act.
701 5897 813 5949 xw,
846 5884 895 5937 7.

2140 2001 2236 2055 καὶ
2267 2000 2327 2053 τὸ
2365 1998 2619 2069 φωτίζειν
2648 1998 2886 2066 πεφυκὸς
2919 1995 2998 2067 τῷ
3032 1996 3214 2067 φωτὸς
3244 1993 3514 2066 δεομένῳ;
3558 1989 3634 2043 T6
3656 1988 3724 2043 δι

2135 2092 2389 2147 τοσοῦτον
2417 2093 2507 2145 ἀεὶ
2530 2088 2907 2157 πλεονεκτοῦν,
2942 2086 3063 2153 πῶς
3099 2089 3157 2143 ἐν
3184 2084 3477 2142 ἐλαττώσει
3511 2080 3594 2149 ὃν,
3620 2081 3722 2136 ἐπὶ

2137 2186 2200 2239 τὸ
2228 2184 2414 2257 μεῖζον
2441 2183 2813 2255 ἁναύήσεται;

2814 2362 3022 2419 MAG.

2210 2478 2272 2535 El
2301 2480 2330 2535 6
2354 2481 2492 2552 ἔχων
2536 2482 2636 2553 τὴν
2674 2476 2894 2551 νύμφην
2925 2476 3158 2549 νυμφίος
3214 2474 3353 2540 ἐστὶ,
3380 2472 3661 2527 τουτέστιν
3688 2469 3721 2527 6

2139 2571 2392 2643 Χριστὸς,
2412 2573 2440 2624 6
2458 2571 2515 2625 δέ
2536 2571 2687 2641 φίλος
2706 2570 2799 2624 τοῦ
2823 2569 3056 2640 νυμφίον
3080 2570 3109 2621 6
3128 2564 3371 2638 ἑστηκὼς
3390 2567 3485 2620 καὶ
3502 2564 3721 2621 ἀκούων

2140 2663 2325 2728 αὐτοῦ,
2351 2661 2630 2715 τουτέστιν
2654 2663 2682 2714 6
2711 2662 2979 2732 μακάριος
3020 2658 3356 2730 Βαπτιστὴς,
3381 2658 3568 2728 ἐτερος
3606 2656 3721 2728 ἄρα

2142 2756 2270 2826 παρ’
2299 2754 2460 2808 αὐτόν
2501 2755 2646 2808 ἐστιν
2688 2753 2750 2806 οὐ
2791 2752 2949 2823 μόνον
2987 2751 3229 2821 δηλονότι
3277 2748 3721 2821 διαστελλόμενος

2142 2845 2380 2918 ἀριθμῷ,
2403 2843 2539 2899 ἀλλὰ
2561 2844 2620 2897 τὸ
2639 2837 2754 2897 ἴσον
2780 2842 2879 2896 οὐκ
2905 2842 3043 2913 ἔχων
3066 2844 3123 2895 ἐν
3147 2840 3418 2913 ἀξιώματι
3448 2843 3539 2895 καὶ
3560 2845 3719 2913 τιμῇ.

2142 2941 2313 3007 Εἴπερ
2357 2940 2386 2992 6
2435 2938 2536 3009 μέν
2578 2937 2696 2988 ἐστι
2728 2934 3161 3007 πανηγυράρχης
3196 2934 3433 3004 ἀληθῶς,
3467 2936 3497 2988 6
3522 2933 3578 2988 δέ
3616 2935 3722 3006 τῆς

2140 3030 2329 3101 ἐτέρου
2364 3028 2722 3100 πανηγύρεως
2754 3028 3001 3099 μέτοχος,
3026 3027 3122 3081 καὶ
3159 3026 3248 3081 διὰ
3272 3026 3431 3081 τοῦτο
3468 3025 3725 3099 λαμπρός

2141 3140 2319 3195 τερος.

2825 3232 3032 3289 ᾹΛᾹυ.

2217 3347 2385 3413 Αὐτός
2413 3344 2516 3402 πού
2544 3363 2705 3418 φησιν
2734 3346 2761 3399 ὁ
2806 3340 3077 3417 μακάριος
3116 3340 3426 3411 Βαπτιστὴς
3466 3339 3595 3412 περὶ
3621 3336 3723 3396 τοῦ

2142 3442 2395 3511 Σωτῆρος
2448 3440 2605 3510 ἡμῶν
2653 3436 2891 3507 Χριστοῦ
2920 3456 2936 3471 ο
2988 3453 3007 3487 ι
3067 3436 3126 3489 'U
3175 3434 3383 3489 ἀνωθεν
3425 3435 3726 3505 ἐρχόμενος

2142 3534 2327 3585 ἐπάνω
2359 3532 2574 3584 πάντων
2600 3530 2764 3582 ἐστίν.
2802 3548 2819 3579 ι
2877 3523 3011 3581 Εἶτα
3038 3527 3099 3581 τὸ
3136 3529 3332 3579 οἰκεῖον
3364 3526 3726 3581 ἐκκαλύπτων

2145 3625 2341 3695 μέτρον
2361 3640 2372 3653 ·
2409 3641 2426 3673 ι
2475 3623 2532 3674 Ὀ
2558 3620 2633 3674 ὣν
2663 3622 2726 3672 ἐκ
2752 3620 2847 3690 τῆς
2883 3620 3005 3688 γῆς,
3042 3622 3227 3690 φησιν,
3255 3623 3325 3673 τὰ
3359 3619 3461 3687 τῆς
3493 3620 3594 3688 γῆς
3622 3618 3726 3673 λαο

2140 3719 2240 3772 λεί.
2279 3732 2296 3767 ι
2341 3717 2511 3785 Εἴπερ
2533 3708 2623 3767 οὖν
2656 3714 2715 3766 ἐν
2745 3712 2947 3783 ἰσότητι
2973 3712 3217 3765 κείσεται
3246 3715 3313 3783 τῇ
3341 3711 3477 3780 πρὸς
3502 3710 3663 3765 αὐτὸν
3697 3716 3727 3765 6

2142 3810 2351 3880 Σωτὴρ,
2386 3808 2471 3871 ὡς
2498 3806 2649 3859 diana)
2678 3806 2737 3858 τὸ
2770 3804 2950 3875 μεῖζον
2988 3803 3297 3869 ἀπολαϐὼν,
3332 3804 3503 3868 οὐδὲν,
3538 3804 3613 3867 ὡς
3644 3808 3726 3857 εί-

2143 3902 2255 3964 κὺς,
2289 3898 2611 3954 διακωλύσει
2642 3898 2736 3949 καὶ
2767 3896 2827 3949 τὸ
2868 3897 3111 3967 ἐκατέρῳ
3145 3896 3347 3967 κυρίως
3385 3895 3585 3965 προσὸν
3621 3914 3724 3967 με-

2141 3992 2417 4045 ταϐαίνειν
2464 3992 2555 4044 ἐπὶ
2586 3990 2674 4043 τὸν
2716 3989 2935 4060 ἕτερον·
2973 3988 3049 4052 ὡς
3076 3988 3313 4042 νοεῖσθαι
3346 3988 3467 4059 μὲν,
3510 3990 3722 4045 ἄνωθέν

2140 4100 2199 4135 τε
2232 4084 2322 4136 καὶ
2356 4083 2539 4135 ἐπάνω
2581 4082 2795 4134 πάντων
2826 4081 2915 4133 τὸν
2948 4079 3102 4148 ἅγιον
3142 4080 3470 4151 Βαπτιστὴν,
3515 4081 3623 4134 ἀπὸ
3664 4082 3722 4135 δὲ

2142 4174 2243 4243 τῆς
2282 4173 2387 4241 γῆς
2426 4173 2517 4224 τὸν
2548 4172 2771 4241 Κύριον.
2830 4171 2990 4223 Ἀλλὰ
3034 4170 3191 4224 τοῦτο
3232 4172 3450 4224 ἄτοπον.
3510 4172 3570 4225 '0
3618 4172 3720 4241 μὲν

2142 4265 2268 4335 γὰρ,
2312 4265 2387 4327 ὡς
2416 4266 2558 4318 κατὰ
2589 4264 2749 4333 φύσιν
2796 4263 3055 4333 ὑπάρχων
3088 4262 3237 4326 Θεὸς,
3275 4264 3458 4317 ἐπάνω
3501 4264 3719 4320 πάντων

2144 4355 2287 4406 ἐστίν
2310 4366 2323 4380 ⁸
2352 4356 2379 4405 ὁ
2404 4353 2459 4405 δὲ
2490 4354 2585 4423 τῆς
2622 4354 2770 4405 κάτω
2812 4354 2907 4404 καὶ
2951 4353 3312 4423 ὑποκειμένης
3344 4355 3419 4425 τῷ
3450 4355 3568 4425 Θεῷ
3602 4361 3720 4410 xti-

2145 4460 2280 4506 σεως
2332 4444 2653 4511 ἐκπεφυκὼς
2691 4447 2752 4495 ἐκ
2786 4444 2883 4514 τῆς
2917 4443 3022 4513 γῆς
3065 4445 3230 4496 ἐστιν.
3286 4447 3401 4498 Οὐκ
3438 4448 3549 4510 [σος
3586 4449 3715 4519 ἄρα,

2148 4536 2344 4605 μᾶλλον
2376 4533 2432 4586 δὲ
2480 4537 2828 4604 ἀσυγκρίτοις
2878 4536 3169 4605 ὑπεροχαῖς
3216 4541 3606 4609 παραχωρήσει
3658 4542 3717 4593 τὸ

2062 4636 2111 4693 D
2138 4631 2292 4698 νικᾷν
2328 4626 2405 4697 τῷ
2436 4628 2675 4696 Χριστῷ.
2714 4628 2835 4689 Πῶς
2876 4624 2969 4679 οὖν
2996 4627 3213 4679 ἔσεσθαί
3247 4645 3375 4680 ποτε
3411 4632 3714 4701 προσδοκη-

2147 4719 2373 4788 Οήσεται
2411 4718 2609 4787 μείζων
2640 4719 2666 4767 6
2696 4719 2778 4768 ἀεὶ
2810 4716 3061 4769 τοσοῦτον
3093 4718 3518 4788 ὑπερκείμενοςς

2215 4942 2366 4997 Μετὰ
2410 4941 2506 5014 τὴν
2550 4944 2613 4994 ἐκ
2666 4941 2872 5010 νεκρῶν
2927 4941 3218 4993 ἀναϐίωσιν
3266 4944 3629 5008 ἀνακαινίζων
3661 4948 3718 4999 ἐν

2147 5036 2275 5103 ἡμῖν
2298 5034 2325 5082 ὀ
2352 5032 2541 5100 Σωτὴρ
2570 5030 2665 5100 τὴν
2695 5031 3055 5099 ἀρχαιοτάτην
3080 5031 3172 5083 τοῦ
3205 5032 3341 5084 Πνεύ
3352 5051 3516 5103 ματος
3539 5035 3715 5105 χάριν,

2148 5123 2448 5192 ἐνεφύσησε
2482 5124 2591 5185 τοῖς
2630 5122 2900 5190 μαθηταῖς
2947 5124 3152 5191 λέγων’
3200 5141 3219 5175 ι
3258 5125 3461 5177 Λάὸετε
3495 5128 3720 5197 Πνεῦμα

2146 5218 2319 5283 ἅγιον.
2364 5236 2381 5267 ι
2419 5215 2526 5268 Καὶ
2569 5214 2725 5267 πάλιν
2764 5215 2923 5277 αὑτός
2960 5216 3060 5267 πού
3102 5234 3232 5287 φησι
3266 5218 3390 5288 περὶ
3426 5218 3517 5270 τοῦ
3550 5222 3723 5273 Πνεύ·

2152 5326 2349 5380 ματος·
2391 5328 2408 5359 ι
2452 5307 2571 5360 ’Ότι
2605 5310 2669 5359 ἐκ
2700 5306 2791 5359 τοῦ
2836 5306 2969 5377 ἐμοῦ
3015 5307 3299 5378 λαμϐάνει.
3355 5330 3373 5361 ι
3432 5310 3594 5364 Ἀλλὰ
3627 5317 3724 5366 καὶ

2151 5403 2371 5472 Πνεῦμα
2420 5400 2653 5470 Χριστοῦ
2693 5401 2752 5453 τὸ
2802 5403 2953 5469 ἇγιον
2993 5401 3216 5471 Πνεῦμα
3275 5403 3515 5457 καλεῖται
3569 5412 3725 5478 παρὰ

2147 5500 2265 5555 ταῖς
2293 5493 2461 5554 Οείαις
2505 5493 2762 5561 Γραφαῑς,
2805 5494 2945 5546 κατὰ
2992 5494 3051 5546 τὸ
3078 5497 3135 5547 ὲν
3176 5497 3295 5558 ταῖς
3332 5496 3568 5565 Πράξεσι
3612 5500 3724 5551 τῶν

2148 5586 2459 5639 ἀποστόλων
2486 5586 2733 5654 κείμενον
2759 5601 2771 5613 '
2809 5605 2823 5634 ι
2859 5585 3163 5649 Διελθόντες
3185 5586 3240 5639 δὲ
3276 5587 3463 5639 Ἀσίαν
3503 5590 3595 5640 καὶ
3623 5588 3721 5659 τὴν

2150 5678 2450 5746 Γαλατικὴν
2477 5676 2681 5747 χώραν,
2705 5678 2992 5745 ἐπείραζον
3034 5681 3111 5740 εἰς
3148 5677 3245 5747 τὴν
3273 5677 3523 5731 Βιθυνίαν
3547 5680 3719 5733 ἀπε).-

3160 5835 3201 5864 "
3230 5832 3383 5891 Joan.
3417 5848 3527 5901 nt,
3560 5834 3645 5890 Η.
