3968 6464
546 707 719 764 Dicite
748 704 912 775 igitur
941 700 1096 764 nobis
1125 700 1219 769 qui
1241 698 1488 768 imperite
1516 695 1797 752 Christum
1825 692 2114 763 aliquando

551 785 976 865 promerendum
1049 790 1390 863 opinamini,
1453 797 1513 844 et
1571 785 1798 843 Joannis
1858 784 2112 839 virtutem

546 888 766 943 vixdum
793 887 847 941 in
884 870 1291 942 futuroséculo
1321 888 1721 951 superaturum,
1751 868 1966 948 quando
1990 890 2116 945 pro-

548 972 711 1044 pheta
734 975 991 1033 Altissimi
1023 989 1144 1031 non
1161 972 1359 1030 merito
1386 972 1565 1028 minor
1591 970 1803 1027 censeri
1831 966 2117 1023 debuerit?

548 1068 773 1135 Quando
824 1080 956 1121 vero
1002 1079 1180 1135 praeco
1239 1072 1294 1118 et
1341 1077 1646 1134 praecursor-
1670 1098 1688 1125 ,
1714 1059 1930 1129 quique
1969 1055 2113 1113 servi

548 1157 722 1213 cilicio
749 1156 1008 1226 fungitur,
1048 1152 1273 1223 aequalis
1294 1153 1564 1208 habeatur
1596 1151 1643 1207 ei
1667 1151 1763 1221 qui
1790 1147 2115 1204 naturaliter

554 1248 823 1303 Dominus»
864 1245 980 1302 est!
1032 1244 1203 1312 Quam
1242 1244 1457 1315 quidem
1516 1257 1628 1299 rem
1680 1242 1939 1297 omnibus
1984 1239 2116 1295 satis

552 1338 820 1409 cognitam
850 1351 971 1392 esse
1008 1335 1265 1390 arbitror.
1293 1334 1571 1401 Quomodo
1594 1333 1760 1401 igitur
1783 1330 1872 1402 qui
1904 1342 2118 1398 semper

554 1429 725 1498 major
756 1426 880 1493 fuit,
922 1424 1564 1494 temporum'evolutionc
1601 1422 1721 1478 talis
1744 1421 1853 1489 ﬂet,
1893 1420 1937 1477 si
1962 1418 2118 1476 Chri-

553 1528 670 1573 stus
724 1526 978 1586 tanquam
1034 1515 1255 1571 iuturus
1284 1514 1460 1583 major
1505 1511 1713 1569 Joanne
1758 1513 1996 1582 Baptista
2046 1514 2116 1566 ita

554 1610 629 1664 ait
682 1621 697 1664 :
754 1626 774 1659 ι
824 1606 997 1662 Ilinor
1054 1605 1110 1660 in
1189 1618 1358 1675 regno
1415 1602 1674 1661 calorum
1755 1606 1930 1676 major
2002 1604 2118 1673 ipso

553 1698 660 1753 erit
692 1696 777 1751 "1
814 1714 835 1750 ι

1567 398 1624 453 S.
1662 390 1950 452 ωιιιιιι
1980 384 2449 445 Αιεωοιιικι
2486 379 2808 441 ARCHIEP.

2214 688 2409 759 φησίν·
2472 683 2827 754 Ἑτοιμάσατε
2853 681 2955 750 τὴν
2984 678 3101 733 ὁδὸν
3128 675 3354 746 Κυρίου.
3390 691 3409 724 ι
3444 672 3645 745 Δέγετε
3674 670 3789 723 τοί-

2212 796 2308 853 νυν
2345 780 2476 849 ήμῖν
2503 777 2553 829 οἶ
2588 771 2995 845 προϐεϐλῆσθαι
3028 784 3159 823 ποτε
3192 767 3283 820 τὸν
3322 766 3556 837 Χριστὸν
3586 762 3680 816 επὶ

2218 851 2401 940 μεῖζον
2444 864 2669 937 ἀμαθῶς
2698 862 3117 924 ὑποπτεύοντες,
3166 858 3261 912 καὶ
3302 856 3365 910 τὸ
3407 855 3650 909 Ἰωάννου
3686 851 3791 922 p.6-

2212 977 2342 1031 τρον
2374 956 2760 1030 ὑπεραλεῖσθαι
2791 955 2946 1027 μόλις
2976 957 3035 1007 ὲν
3074 954 3139 1023 τῇ
3186 948 3433 1021 βασιλείᾳ
3470 946 3580 1001 τῶν
3616 945 3791 1014 οὐραο

2214 1052 2341 1115 νῶν,
2388 1050 2519 1104 πότε
2548 1048 2642 1102 τοῦ
2693 1046 2948 1117 Ὑψίστου
2996 1044 3282 1117 προφήτης
3317 1041 3416 1095 οὐκ
3454 1038 3520 1093 ἂν
3550 1037 3792 1092 ἐλάττων

2215 1143 2388 1197 νοοῖτο
2408 1141 2671 1204 δικαίωςς
2703 1140 2845 1194 Πότε
2862 1138 2920 1192 δὲ
2966 1138 2994 1191 6
3017 1134 3193 1209 κήρυξ
3220 1134 3314 1188 καὶ
3341 1131 3642 1203 πρόδρομος
3688 1127 3793 1182 καὶ

2214 1230 2314 1303 τὴν
2338 1231 2525 1302 οἰκέτῃ
2564 1228 2881 1300 πρέπουσαν
2915 1225 3185 1280 διακονίαν
3228 1220 3579 1292 ἀποπληρῶν,
3614 1219 3694 1280 είς
3724 1217 3793 1271 τὸ

2218 1324 2331 1377 ῐσον
2362 1322 2637 1377 ἀναϐαίνει
2668 1322 2862 1392 μέτρον
2891 1318 2968 1389 τῷ
2998 1316 3139 1372 κατά
3164 1315 3325 1386 φύσιν
3357 1312 3578 1384 Κυρίῳς
3620 1307 3791 1371 'm',

2214 1409 2389 1486 οἶμαι,
2436 1413 2603 1466 πᾶσίν
2642 1412 2790 1465 ἐστιν
2817 1413 2847 1464 ὁ
2890 1411 3045 1478 λόγος
3086 1406 3433 1491 εὐσύνοπτος.
3476 1401 3601 1466 Πῶς
3634 1395 3730 1455 οῦν
3762 1399 3794 1451 6

2219 1507 2421 1579 μείζων
2446 1505 2554 1570 ἀεὶ,
2582 1502 2739 1557 τοῦτο
2759 1501 2910 1556 ἔσται
2943 1498 3083 1554 κατά
3106 1497 3349 1570 καιροὺς,
3372 1494 3530 1566 εῐπερ
3560 1493 3636 1556 ῶς
3664 1492 3793 1545 ἐσό-

2218 1614 2382 1669 μενος
2412 1594 2613 1667 μείζων
2669 1594 2913 1647 Ἰωάννου
2956 1590 3211 1663 Χριστὸς,
3254 1607 3274 1641 r
3337 1588 3397 1641 Ὀ
3442 1584 3791 1658 μικρότερος,

2218 1692 2401 1762 φησὶν,
2444 1690 2505 1743 ἐν
2544 1690 2611 1759 τῇ
2652 1684 2897 1757 βασιλείᾳ
2936 1682 3046 1737 τῶν
3078 1680 3343 1756 οὐρανῶν,
3378 1677 3576 1751 μείζων
3620 1674 3793 1731 αὐτοῦ

2219 1785 2369 1837 ἐστιν
2391 1798 2407 1849 ;
2450 1800 2469 1834 ι

542 1890 658 1955 Ῥέα
698 1895 855 1952 totius
891 1894 1081 1974 cogitis.
1105 1893 1454 1974 Πιεριὶοηείο,
1492 1908 1703 1974 sensim
1748 1892 1855 1947 sire
1898 1905 2113 1960 scopum

2229 1878 2831 1974 ’EElij'tg‘s'ba’sgﬁc
2870 1887 3153 1974 ᾅδου.τοῦ
3718 1877 3794 1931 ἐν

903 1961 1051 2019 illius
1083 1964 1209 2017 dicti
1241 1972 1487 2017 accurate
1510 1961 1805 2017 declarans.

624 2077 761 2132 Cum
807 2075 919 2145 jam
970 2073 1106 2130 satis
1157 2087 1255 2141 pro
1308 2086 1425 2126 meo
1473 2071 1786 2136 intellectu,
1830 2070 2117 2141 proposita:

557 2164 875 2237 quaestionis
895 2163 1161 2219 rationem
1181 2161 1639 2232 iuvestigaverim,
1672 2160 1825 2230 101
1856 2161 2120 2231 singulas.

556 2270 661 2324 que
691 2252 815 2328 ejus
842 2262 1024 2324 partes
1043 2259 1302 2306 accurate
1350 2250 1728 2318 pertractarim
1757 2288 1773 2313 ,
1819 2259 1875 2305 et
1922 2251 2121 2304 adver-

554 2345 823 2400 sariorum
867 2341 1149 2412 Opiniones
1196 2349 1255 2394 ut
1293 2340 1459 2394 falsas
1499 2337 1779 2394 refutarim
1805 2378 1821 2404 ,
1873 2348 2120 2407 superest

558 2444 617 2490 ut
681 2448 867 2489 verum
929 2430 1089 2499 hujus
1144 2430 1272 2485 dicti
1318 2444 1535 2485 sensum
1585 2428 1868 2499 explicem.
1937 2427 2121 2501 Neque

556 2528 701 2582 enim
736 2525 973 2580 arbitror
1002 2521 1248 2579 sufﬁcere
1272 2563 1287 2586 ,
1335 2531 1397 2577 ut
1425 2534 1519 2577 eos
1550 2522 1640 2591 qui
1690 2520 1830 2575 male
1878 2521 2122 2576 sentiunt

558 2622 881 2690 (statuentes
938 2615 1190 2670 nimirum
1249 2613 1523 2669 Christum
1582 2613 1813 2681 quodam
1877 2620 2122 2682 tempore

562 2708 822 2777 majorem
850 2703 1059 2759 Joanne
1093 2702 1380 2771 futurum),
1408 2703 1866 2771 reprehendamus
1888 2742 1904 2767 ,
1934 2715 2119 2755 verum

560 2794 723 2849 etiam
749 2790 1109 2847 necessarium
1133 2804 1266 2843 esse
1321 2799 1400 2856 ut,
1435 2790 1596 2843 allata
1627 2791 1681 2844 in
1725 2789 1959 2844 medium
1992 2802 2120 2843 vera

558 2884 848 2950 sententia,
877 2881 1205 2951 intelligatur
1253 2895 1359 2936 non
1404 2888 1605 2936 temere
1638 2894 1734 2935 nos
1780 2881 1847 2935 ad
1890 2894 1984 2937 eos
2036 2895 2123 2936 re-

559 2974 969 3045 prehendendos
1026 2970 1341 3026 accessisse.
1416 2971 1526 3039 Age
1572 2969 1735 3040 igitur
1782 2978 1942 3023 totam
2006 2984 2120 3025 rem

559 3066 737 3122 denuo
767 3064 1074 3127 recitemus,
1126 3070 1179 3115 et
1208 3074 1394 3115 eorum
1454 3074 1575 3129 quae
1633 3074 1663 3113 a
1711 3058 1926 3114 Christo
1980 3059 2121 3113 dicta

560 3165 686 3215 sunt
707 3169 925 3212 causam
948 3153 1184 3209 breviter
1216 3158 1557 3207 recensentes
1584 3189 1600 3216 ,
1647 3149 1937 3205 doceamus
1970 3149 2122 3204 audi-

563 3262 747 3315 tores,
808 3248 1059 3319 quisnam
1108 3245 1181 3301 sit
1206 3243 1363 3314 hujus
1419 3243 1546 3299 dicti
1590 3256 1803 3312 scapus.
1858 3240 2119 3308 Quocirca
2150 3234 2191 3293 C

563 3344 711 3411 (nam
740 3341 863 3396 inde
882 3338 1093 3395 initium
1119 3336 1411 3399 faciemus,
1429 3349 1549 3390 cum
1570 3335 1621 3389 in
1648 3349 1869 3391 carcere
1889 3333 2124 3389 Joannes

565 3429 824 3485 miracula
852 3427 1055 3485 Christi
1096 3425 1393 3482 audivisset
1417 3463 1432 3488 ,
1481 3424 1659 3479 missis
1712 3422 1921 3477 duobus
1961 3422 2124 3477 disci-

564 3520 703 3588 pulis
731 3520 843 3575 suis
886 3518 1024 3573 dixit
1070 3518 1114 3573 ei
1151 3531 1164 3565 :
1202 3534 1223 3568 ι
1265 3514 1346 3571 Tu
1400 3529 1460 3570 es
1506 3514 1597 3584 qui
1652 3514 1910 3569 venturus
1935 3527 2015 3580 es,
2052 3528 2122 3567 an

571 3612 734 3667 alium
770 3608 1186 3681 exspectamus?
1217 3626 1237 3659 ι
1269 3606 1349 3661 Ad
1384 3606 1487 3661 hoc
1521 3604 1770 3661 Christus
1802 3604 2075 3675 respondit
2105 3620 2119 3657 :

568 3724 589 3758 ι
619 3704 817 3758 Euntes
849 3702 1011 3757 dicite
1037 3699 1227 3755 Joanni
1258 3714 1376 3770 qua:
1408 3697 1635 3754 audistis
1657 3706 1713 3753 et
1731 3696 1947 3752 vidistis
1990 3698 2057 3761 ⁸⁸,
2095 3714 2115 3748 ι

564 3804 617 3849 et
650 3794 910 3865 prmclara
948 3789 1203 3846 miracula
1232 3791 1326 3844 abs
1355 3803 1416 3844 sc
1458 3788 1601 3843 edita
1630 3797 1933 3843 enumerat.
1989 3788 2122 3843 Cum

564 3900 695 3939 vero
721 3882 965 3952 discipuli
1011 3882 1076 3936 ad
1111 3879 1375 3935 Joannem
1426 3878 1735 3952 rediissem,
1772 3877 2020 3934 Christus
2049 3879 2123 3933 ita

568 3976 636 4030 ad
683 3974 1063 4030 circumfusam
1116 3971 1425 4026 Judaeorum
1487 3951 1697 4025 furbam
1743 3969 1953 4024 locutus
1996 3982 2122 4025 est:

574 4085 593 4118 ι
633 4065 769 4132 Quid
834 4063 1023 4118 existis
1072 4064 1124 4117 in
1187 4054 1461 4116 desertum
1512 4060 1694 4115 videre
1727 4099 1742 4126 ,
1806 4062 2125 4115 arundinem

567 4167 730 4212 vento
765 4154 1061 4227 agitatam?
1092 4150 1464 4208 an‘hominem
1498 4152 1748 4207 mollibus
1789 4152 2128 4207 vestimentis

568 4249 811 4303 indutum
834 4245 857 4299 ί
879 4262 944 4299 an
972 4244 1327 4315 prophetam?
1372 4252 1518 4299 certe
1560 4242 1684 4297 dico
1712 4242 1864 4298 vobis
1921 4252 1975 4298 et
2007 4243 2127 4312 plus

570 4354 729 4408 quam
774 4337 1113 4406 prophetam.
1152 4336 1250 4389 llic
1288 4335 1431 4390 enim
1482 4342 1563 4389 est
1612 4334 1680 4390 de
1729 4349 1835 4404 quo
1867 4338 2125 4405 scriptum

570 4440 653 4485 est
683 4444 697 4483 :
734 4428 872 4483 Ecce
903 4442 1001 4495 ego
1036 4427 1240 4480 mittam
1272 4425 1516 4494 angelum
1556 4439 1733 4479 meum
1766 4435 1893 4480 ante
1934 4426 2125 4480 faciem

2286 1954 2712 2032 έῷὈὲωρήματι
2739 1954 2978 2015 σκοπὸν
2998 1954 3445 2030 ⁸ἀπογυμνοῦσα
3473 1954 3715 2023 τυρτῶς.

2302 2075 2705 2149 Ἑξαρκούντως
2731 2075 2833 2146 ήδη
2858 2072 3001 2129 κατά
3026 2088 3091 2141 γε
3123 2070 3215 2124 τὸν
3250 2068 3515 2140 ήμὲτερον
3535 2063 3662 2118 νοῦν
3696 2062 3795 2116 τὸν

2218 2169 2276 2222 έν
2304 2169 2416 2243 τοῖς
2438 2164 2765 2237 προλαϐοῦσι
2792 2162 3179 2235 βασανίσαντες
3198 2158 3373 2228 λόγον,
3400 2156 3495 2230 καὶ
3522 2155 3632 2209 τῶν
3656 2153 3795 2208 θεω-

2223 2260 2480 2332 ρημάτων
2511 2258 2738 2311 ἕκαστον
2768 2254 2908 2327 μετὰ
2940 2255 3040 2324 τῆς
3077 2253 3302 2323 δεούσης
3332 2248 3617 2321 ἀκριϐείας
3653 2246 3796 2299 διευ-

2218 2351 2605 2422 κρινησάμενοι
2666 2348 2758 2401 τόν
2787 2363 2845 2399 τε
2883 2344 2993 2399 τῶν
3019 2344 3087 2397 δι’
3128 2341 3373 2404 ἐναντίας
3420 2339 3494 2404 ὡς
3536 2338 3636 2391 οὐκ
3678 2335 3795 2404 ἔχοι

2219 2440 2398 2503 καλῶς
2421 2436 2795 2507 διελέγξαντες
2827 2434 3047 2497 σκοπὸν,
3076 2434 3162 2486 ἐπ’
3184 2431 3322 2486 αύτά
3355 2430 3419 2501 δὴ
3443 2426 3629 2481 λοιπὸν
3652 2427 3795 2480 tem

2221 2534 2518 2603 προσήκειν
2559 2530 2921 2601 ἐνενοήσαμεν
2960 2526 3031 2580 τὰ
3061 2525 3121 2590 ἐξ
3155 2523 3407 2594 ἀληθείας
3461 2518 3796 2591 θεωρήματα

2221 2626 2316 2678 καὶ
2367 2623 2466 2693 τήν
2498 2624 2556 2675 ὲν
2587 2622 2666 2693 τῷ
2718 2619 3063 2691 παροισθέντι
3101 2613 3248 2688 ρητῷ
3280 2611 3628 2668 διαπτύσσειν
3674 2607 3798 2662 διά-

2222 2729 2390 2767 νοιαν.
2424 2712 2497 2766 Οὐ
2524 2711 2634 2782 γὰρ
2654 2705 2807 2781 οἶμαι
2838 2709 2968 2772 δεῖν,
2999 2705 3075 2769 ῶς
3101 2706 3201 2758 οὐκ
3231 2704 3430 2775 ἄριστα
3455 2698 3655 2762 νοοῦσι,
3696 2697 3797 2768 μό-

2221 2822 2311 2859 νον
2341 2804 2598 2873 ὲπιτιμᾷν
2626 2803 2737 2864 τοῖς
2758 2802 2838 2853 ὅτι
2864 2797 3065 2870 μείζων
3096 2796 3248 2850 ἔσται
3276 2792 3509 2865 Χριστὸς
3541 2790 3794 2845 Ἰωάννου

2222 2895 2363 2949 κατά
2378 2911 2496 2947 τινα
2515 2894 2703 2964 χρόνον
2727 2890 3073 2961 διειληφόσιν,
3098 2887 3231 2941 ἀλλά
3251 2887 3344 2941 κα)⁵
3369 2885 3506 2954 αὐτῇ
3526 2886 3592 2954 τῇ
3614 2898 3798 2953 παρα-

2224 2988 2370 3041 θέσει
2409 2986 2519 3039 τῶν
2567 2984 2941 3055 ἁληθεστέρων
2988 2980 3203 3035 ἐννοιῶν
3256 2975 3657 3048 ἀποκρούεσθαι
3712 2970 3797 3044 τῷ

2227 3078 2301 3149 μή
2332 3078 2508 3130 δοκεῖν
2558 3076 2619 3128 οὺ
2662 3068 3288 3143 δεόντως’ὲπισκήπτειν
3316 3070 3518 3131 αὐτοῖς.
3551 3066 3685 3137 Φέρε
3727 3063 3797 3135 δὴ

2223 3162 2317 3218 οὖν
2348 3166 2432 3217 ἐπ’
2466 3162 2596 3218 αὐτὸ
2639 3163 2825 3217 λοιπὸν
2859 3161 3026 3232 ῐωμεν
3071 3160 3131 3214 τὺ
3166 3160 3519 3227 ἀνάγνωσμα,
3560 3155 3655 3209 καὶ
3685 3153 3801 3208 τῶν

2225 3252 2530 3324 εἰρημένων
2579 3251 2729 3324 παρὰ
2780 3250 2875 3304 τοῦ
2913 3250 3164 3322 Σωτῆρος
3216 3249 3373 3319 ἡμῶν
3411 3244 3648 3319 Χριστοῦ
3696 3244 3802 3315 τὴν

2225 3344 2403 3399 αἰτίαν
2449 3343 3026 3414 ἁνακεφαλαιούμενοι,
3075 3344 3201 3406 τοὺς
3228 3332 3625 3412 ἀκροωμένους
3651 3336 3805 3391 διδά-

2227 3452 2465 3507 σκωμεν,
2497 3437 2581 3499 τίς
2612 3436 2678 3490 ἂν
2708 3436 2792 3507 εἴη
2823 3436 3007 3489 λοιπὸν
3028 3435 3057 3487 6
3092 3433 3186 3487 τοῦ
3210 3434 3367 3501 λόγου
3392 3431 3612 3495 σκοπός.
3644 3431 3800 3483 Οὐκ-

2225 3526 2338 3591 οῦν,
2388 3524 2634 3579 ἐντεῦθεν
2684 3523 2790 3594 γάρ
2837 3524 2936 3595 ήδη
2991 3523 3087 3593 τὴν
3140 3521 3313 3593 ἀρχὴν
3368 3518 3724 3590 ποιησόμεθα,
3769 3521 3802 3571 ό

2238 3618 2490 3688 Ἰωάννης
2520 3620 2577 3671 έν
2623 3618 2700 3688 τῷ
2746 3608 3101 3687 δεσμωτηρίῳ
3146 3614 3382 3678 ἀκούσας
3413 3612 3481 3667 τά
3520 3611 3656 3683 ἔργα
3697 3610 3798 3663 τοῦ

2225 3708 2495 3779 Χριστοῦ,
2543 3704 2765 3777 πέμψας
2824 3706 2917 3759 δύο
2966 3706 3074 3759 τῶν
3123 3705 3378 3777 μαθητῶν
3435 3702 3599 3758 αὑτοῦ
3641 3698 3802 3756 εἶπεν

2226 3800 2404 3872 αὐτῷ’
2435 3820 2453 3852 ι
2482 3800 2553 3853 Σὺ
2577 3796 2625 3852 εἷ
2653 3801 2680 3852 6
2704 3799 3017 3869 ἐρχόμενος,
3045 3798 3076 3869 ἢ
3107 3797 3291 3868 ἕτερον
3320 3795 3743 3867 προσδοκῶμεν;
3773 3813 3793 3845 ο

2227 3891 2370 3963 Πρὸς
2402 3891 2572 3944 ταῦτα
2587 3890 2830 3961 οΧριστὸς
2863 3888 3191 3959 ἀπεκρίνατο
3211 3905 3225 3918 ο
3265 3904 3284 3940 ι
3318 3886 3680 3959 Πορευθέντες
3713 3883 3801 3937 εἷο

2229 3999 2367 4036 πατε
2409 3981 2630 4054 Ἰωάννῃ
2671 3981 2707 4034 ἀ
2742 3981 3010 4051 ἠκούσατε
3057 3980 3147 4034 καὶ
3176 3980 3422 4051 βλέπετε,
3482 3997 3501 4029 ι
3554 3978 3648 4032 καὶ
3696 3977 3805 4048 τὴν

2228 4072 2336 4127 ⁴τῶν
2378 4072 2618 4143 σημείων
2664 4071 2954 4140 καταλέγει
3005 4070 3425 4143 μεγαλουργίαν.
3479 4070 3695 4141 Ἐπειδὴ
3738 4071 3804 4123 δὲ

2229 4160 2366 4231 πρὸς
2402 4164 2492 4214 τδν
2541 4161 2809 4232 μακάριον
2850 4162 3158 4233 Βαπτιστήν
3208 4160 3372 4215 πάλιν
3413 4161 3806 4231 ἀνεκομίζοντο

2230 4256 2277 4307 οἱ
2306 4254 2563 4325 μαθηταὶ,
2593 4255 2742 4322 λέγει
2770 4253 2902 4326 πρὸς
2932 4254 3028 4324 τὴν
3061 4232 3427 4325 περιεστῶσαν
3454 4232 3659 4323 πληθύν
3688 4253 3805 4307 τῶν

2244 4345 2504 4399 Ἰουδαίων
2549 4347 2578 4398 ὁ
2614 4345 2835 4417 Σωτήρ·
2887 4364 2905 4396 ι
2938 4344 3002 4397 Τί
3031 4342 3285 4415 ἐξήλθετε
3315 4346 3395 4408 εἰς
3446 4344 3544 4414 τήν
3590 4343 3805 4416 ἔρημον

2236 4435 2380 4500 ίδεῖν,
2429 4434 2672 4506 κάλαμον
2723 4435 2826 4488 ὑπὸ
2878 4435 3078 4505 ἀνέμου
3128 4435 3520 4505 σαλευόμενον;
3571 4433 3686 4487 ἀλλ’
3741 4436 3806 4488 ἐν

574 4534 743 4587 luam,
802 4520 893 4589 qui
952 4519 1274 4589 praeparabit
1322 4519 1461 4572 viam
1522 4529 1665 4573 tuam
1716 4525 1840 4571 ante
1891 4527 1942 4571 te
1971 4516 2035 4570 ".
2104 4535 2123 4567 ι

2238 4526 2497 4597 μαλακοῖς
2522 4527 2753 4596 ίματίοις
2772 4527 3053 4598 ἄνθρωπον
3073 4526 3474 4598 ἠμφιεσμένον;
3500 4524 3631 4579 ἀλλά
3658 4542 3807 4597 προ-

574 4614 774 4669 Deinde
806 4613 952 4667 addit
983 4611 1034 4664 itl
1066 4610 1204 4680 quod
1231 4612 1595 4679 interrogatur
1622 4625 1635 4662 :
1671 4627 1690 4660 ι
1724 4609 1891 4665 Amen
1912 4648 1928 4675 ,
1972 4624 2128 4665 amen

572 4708 695 4763 dico
750 4703 924 4767 vobis,
972 4717 1076 4757 non
1120 4702 1356 4757 surrexit
1410 4703 1553 4757 inter
1594 4712 1749 4758 natos
1790 4702 2073 4757 mulierum
2112 4741 2129 4766 ,

572 4798 742 4867 major
774 4795 981 4850 Joanne
1009 4793 1275 4862 Baptista,
1328 4798 1420 4848 sed
1459 4795 1634 4849 minor
1667 4794 1722 4848 in
1759 4808 1924 4864 regno
1964 4796 2131 4849 caelo-

573 4905 689 4944 rum
727 4887 893 4955 major
931 4888 1044 4955 ipso
1074 4894 1157 4939 est
1198 4885 1267 4938 ".
1305 4904 1323 4937 ι
1372 4885 1556 4957 Neque
1585 4886 1673 4941 hic
1727 4884 1887 4940 linem
1932 4886 2129 4941 verbo-

574 4998 688 5036 rum
720 4979 872 5033 fecit.
906 4977 1065 5031 Addit
1095 4976 1237 5031 enim
1275 4979 1456 5031 statim
1495 4994 1510 5031 :
1549 4996 1567 5029 ι
1625 4978 1669 5031 Α
1715 4978 1907 5034 diebus
1948 4988 2126 5033 autem

576 5072 795 5127 Joannis
823 5085 993 5138 usque
1026 5084 1169 5123 nunc
1192 5082 1413 5137 regnum
1451 5067 1708 5121 caelorum
1755 5070 1860 5123 vim
1906 5070 2129 5139 patitur,

572 5170 627 5215 et
657 5160 877 5214 violenti
904 5159 1115 5228 rapiunt
1145 5158 1274 5211 illud
1302 5158 1373 5211 ⁸⁸.
1401 5176 1420 5210 ι
1452 5158 1629 5227 Atque
1671 5160 1785 5215 lure
1807 5161 2026 5230 quidem
2051 5172 2133 5217 est

576 5254 739 5307 totius
768 5252 962 5320 capitis
992 5265 1220 5305 summa.
1254 5250 1405 5305 Nunc
1433 5265 1563 5306 vero
1592 5262 1803 5321 oportet
1835 5264 1893 5308 ut
1919 5255 2127 5325 singula

575 5346 954 5411 percurrehtes
997 5340 1263 5405 dicamus,
1311 5355 1469 5405 quam
1520 5341 1590 5396 ob
1644 5356 1860 5397 causam
1897 5342 2131 5400 Joannes

573 5432 812 5502 Baptista
848 5434 900 5486 in
933 5446 1204 5486 carcerem
1236 5431 1513 5501 conjectus
1545 5432 1746 5501 fuerit;
1781 5436 2133 5503 quamobrem

575 5525 737 5577 etiam
794 5538 891 5592 per
926 5520 1217 5591 discipulos
1252 5536 1379 5577 suos
1426 5522 1698 5579 Christum
1750 5524 2128 5593 iuterrogarit,

578 5625 755 5669 utrum
788 5615 899 5685 ipse
925 5616 1144 5669 omnino
1180 5622 1324 5671 esset
1344 5616 1436 5686 qui
1469 5624 1725 5672 venturus
1750 5625 1905 5683 erat;
1939 5615 2132 5671 deinde

2234 4619 2411 4689 φήτην
2430 4636 2455 4693 ;..
2474 4618 2579 4670 Ναὶ
2609 4618 2751 4685 λέγω
2783 4619 2909 4687 ὑμῖν
2938 4618 3032 4671 καὶ
3068 4618 3447 4689 περισσότερον
3480 4618 3791 4689 προφήτου.

2235 4702 2401 4771 Οὗτος
2430 4708 2538 4779 γάρ
2576 4708 2689 4760 ἐστι
2718 4708 2845 4778 περ).
2867 4702 2926 4761 οὗ
2958 4708 3297 4779 γέγραπται·
3352 4708 3480 4761 Ἰδοὺ
3516 4706 3807 4762 ἀποστελῶ

2232 4799 2322 4853 τὸν
2350 4799 2577 4868 ἄγγελόν
2604 4815 2703 4869 μου
2726 4798 2831 4869 πρὸ
2861 4798 3150 4866 προσώπου
3176 4815 3289 4864 σου,
3318 4798 3375 4862 ὃς
3400 4798 3806 4852 κατασκευάσει

2232 4892 2328 4961 τὴν
2362 4890 2479 4943 ὀδόν
2512 4908 2605 4944 σου
2652 4890 2959 4962 ἔμπροσθέν
3001 4906 3116 4944 σου.
3168 4909 3187 4941 ι
3237 4887 3372 4945 Εἶτα
3423 4891 3559 4963 πρὸς
3589 4892 3810 4958 τούτοις

2234 4983 2367 5055 φησὶ
2400 4982 2757 5053 ζητούμενον*
2809 4999 2828 5031 ι
2880 4980 3069 5051 Ἀμὴν,
3122 4982 3270 5051 ἀμὴν
3304 4980 3450 5050 λέγω
3499 4982 3647 5053 ὑμῖν,
3698 4984 3809 5038 ούκ

2234 5075 2531 5144 ἐγήγερται
2578 5075 2634 5126 ἐν
2679 5074 2955 5141 γεννητοῖς
2992 5072 3262 5141 γυναικῶν
3303 5072 3504 5143 μείζων
3554 5072 3808 5129 Ἰωάννου

2234 5163 2327 5219 τοῦ
2367 5163 2668 5219 Βαπτιστοῦ
2688 5180 2701 5193 ⁸
2744 5164 2773 5215 6
2796 5162 2852 5215 δὲ
2893 5160 3211 5233 μικρότερος
3234 5164 3293 5217 ὲν
3317 5168 3383 5236 τῇ
3416 5163 3658 5237 βασιλείᾳ
3691 5163 3812 5219 τῶν

2232 5255 2499 5329 οὐρανῶν,
2530 5254 2727 5325 μείζων
2757 5254 2917 5309 αὐτοῦ
2953 5256 3090 5309 ἑστι.
3130 5273 3149 5307 ι
3187 5254 3291 5309 Καὶ
3318 5255 3376 5308 οὐ
3407 5255 3568 5326 μέχρι
3595 5255 3811 5313 τούτων

2232 5347 2261 5398 ὁ
2290 5342 2469 5413 λόγος.
2502 5344 2778 5416 Ἐπιφέρει
2802 5344 2910 5417 γάρ
2925 5344 3087 5408 εὐθύς
3105 5362 3119 5376 ·
3151 5361 3170 5396 ι
3214 5344 3345 5397 Ἀπὸ
3368 5344 3424 5397 δὲ
3451 5343 3560 5397 τῶν
3579 5346 3811 5415 ἡμερῶν

2247 5437 2491 5491 Ἰωάννου
2524 5435 2618 5489 τοῦ
2660 5435 2963 5489 Βαπτιστοῦ
3015 5436 3121 5499 ἕως
3156 5434 3279 5507 ἄρτι
3321 5436 3356 5506 ή
3403 5434 3651 5505 βασιλεία
3693 5436 3814 5497 τῶν

2235 5527 2477 5597 οὐρανῶν
2514 5527 2777 5597 βιάζεται,
2810 5528 2904 5580 καὶ
2941 5527 3152 5597 βιασταὶ
3182 5526 3517 5598 ἁρπάζουσιν
3551 5527 3743 5598 αὐτήν.
3783 5549 3807 5582 s

2237 5618 2397 5671 Ὀλον
2429 5621 2484 5671 ὲν
2523 5617 2749 5686 τούτοις,
2782 5617 2855 5683 ῶς
2901 5619 3026 5682 ἔπος
3055 5620 3248 5682 είπιῖν,
3278 5618 3341 5671 τὺ
3382 5618 3680 5688 κεφάλαιον
3706 5620 3814 5692 τὴν

653 5767 700 5797 "
724 5766 853 5823 Luc.
889 5783 971 5835 ιιι,
998 5768 1069 5835 4;
1102 5766 1203 5825 lsa.
1230 5784 1317 5839 ιι,
1344 5770 1397 5823 ‘5.
1478 5769 1523 5803 "'
1549 5769 1679 5823 Luc.
1711 5786 1804 5835 vn,
1831 5772 1921 5827 28.
2000 5772 2045 5803 "
2070 5769 2114 5825 Μ

2227 5789 2258 5825 ι.
2300 5773 2465 5840 Χι,5,
2499 5772 2549 5825 ι.
2628 5772 2828 5829 "ibid.
2862 5772 3010 5828 7-10.
3088 5773 3410 5833 "lbittJl.
3492 5777 3811 5834 "lbid.t2.
