  <div class='ocr_page' id='page_1' title='image "/cluster/home/n/w/nwhite01/storage/ocr_20150623/75/uva.x030486936/096.png"; bbox 0 0 3968 6510; ppageno 0'>
   <div class='ocr_carea' id='block_1_1' title="bbox 212 428 3648 497">
    <p class='ocr_par' dir='ltr' id='par_1_1' title="bbox 212 428 3648 497">
     <span class='ocr_line' id='line_1_1' title="bbox 212 428 3648 497; baseline 0.001 -9"><span class='ocrx_word' id='word_1_1' title='bbox 212 432 273 492; x_wconf 72' lang='grc' dir='ltr'><strong>ιιι</strong></span> <span class='ocrx_word' id='word_1_2' title='bbox 1791 439 2238 497; x_wconf 74' lang='lat' dir='ltr'><strong>&#39;l‘llliSAifltUS.</strong></span> <span class='ocrx_word' id='word_1_3' title='bbox 3544 428 3648 484; x_wconf 61' lang='lat'><strong>£70</strong></span> 
     </span>
    </p>
   </div>
   <div class='ocr_carea' id='block_1_2' title="bbox 964 545 1949 638">
    <p class='ocr_par' dir='ltr' id='par_1_2' title="bbox 964 560 1949 638">
     <span class='ocr_line' id='line_1_2' title="bbox 964 560 1949 638; baseline -0.007 -17"><span class='ocrx_word' id='word_1_4' title='bbox 964 566 1193 638; x_wconf 75' lang='grc' dir='ltr'>Χρῆναι</span> <span class='ocrx_word' id='word_1_5' title='bbox 1230 566 1283 619; x_wconf 70' lang='grc' dir='ltr'>δὲ</span> <span class='ocrx_word' id='word_1_6' title='bbox 1318 560 1473 636; x_wconf 71' lang='grc' dir='ltr'>οἶμαι</span> <span class='ocrx_word' id='word_1_7' title='bbox 1514 564 1620 617; x_wconf 87' lang='grc' dir='ltr'><strong>τῶν</strong></span> <span class='ocrx_word' id='word_1_8' title='bbox 1658 562 1949 634; x_wconf 76' lang='grc' dir='ltr'><strong>νοημάτων</strong></span> 
     </span>
    </p>
   </div>
   <div class='ocr_carea' id='block_1_3' title="bbox 2059 545 3647 638">
    <p class='ocr_par' dir='ltr' id='par_1_3' title="bbox 2059 545 3647 629">
     <span class='ocr_line' id='line_1_3' title="bbox 2059 545 3647 629; baseline -0.009 -18"><span class='ocrx_word' id='word_1_9' title='bbox 2059 560 2186 629; x_wconf 85' lang='lat' dir='ltr'><strong>quid</strong></span> <span class='ocrx_word' id='word_1_10' title='bbox 2216 567 2269 614; x_wconf 86' lang='lat' dir='ltr'><strong>et</strong></span> <span class='ocrx_word' id='word_1_11' title='bbox 2290 571 2387 611; x_wconf 93' lang='lat' dir='ltr'><strong>cur</strong></span> <span class='ocrx_word' id='word_1_12' title='bbox 2418 555 2468 610; x_wconf 91' lang='lat' dir='ltr'><strong>id</strong></span> <span class='ocrx_word' id='word_1_13' title='bbox 2503 553 2757 609; x_wconf 90' lang='lat' dir='ltr'><strong>Christus</strong></span> <span class='ocrx_word' id='word_1_14' title='bbox 2788 550 2965 605; x_wconf 86' lang='lat' dir='ltr'><strong>turbis</strong></span> <span class='ocrx_word' id='word_1_15' title='bbox 2996 546 3362 618; x_wconf 83' lang='lat' dir='ltr'><strong>responderit.</strong></span> <span class='ocrx_word' id='word_1_16' title='bbox 3411 545 3647 599; x_wconf 69' lang='lat' dir='ltr'><strong>Prmtcr-</strong></span> 
     </span>
    </p>
   </div>
   <div class='ocr_carea' id='block_1_4' title="bbox 2051 636 3650 722">
    <p class='ocr_par' dir='ltr' id='par_1_4' title="bbox 2051 636 3650 722">
     <span class='ocr_line' id='line_1_4' title="bbox 2051 636 3650 722; baseline -0.013 -16"><span class='ocrx_word' id='word_1_17' title='bbox 2051 666 2113 706; x_wconf 85' lang='lat' dir='ltr'><strong>ca</strong></span> <span class='ocrx_word' id='word_1_18' title='bbox 2146 649 2275 722; x_wconf 86' lang='lat' dir='ltr'><strong>quid</strong></span> <span class='ocrx_word' id='word_1_19' title='bbox 2321 649 2472 713; x_wconf 86' lang='lat' dir='ltr'><strong>illum</strong></span> <span class='ocrx_word' id='word_1_20' title='bbox 2530 646 2763 701; x_wconf 85' lang='lat' dir='ltr'><strong>moverit</strong></span> <span class='ocrx_word' id='word_1_21' title='bbox 2808 652 2867 695; x_wconf 93' lang='lat' dir='ltr'><strong>ut</strong></span> <span class='ocrx_word' id='word_1_22' title='bbox 2915 642 3142 703; x_wconf 89' lang='lat' dir='ltr'><strong>diceret,</strong></span> <span class='ocrx_word' id='word_1_23' title='bbox 3189 654 3293 692; x_wconf 88' lang='lat' dir='ltr'><strong>non</strong></span> <span class='ocrx_word' id='word_1_24' title='bbox 3342 636 3650 692; x_wconf 75' lang='lat' dir='ltr'><strong>surrexisse.</strong></span> 
     </span>
    </p>
   </div>
   <div class='ocr_carea' id='block_1_5' title="bbox 2056 730 3652 804">
    <p class='ocr_par' dir='ltr' id='par_1_5' title="bbox 2056 730 3652 804">
     <span class='ocr_line' id='line_1_5' title="bbox 2056 730 3652 804; baseline -0.012 -5"><span class='ocrx_word' id='word_1_25' title='bbox 2056 759 2085 799; x_wconf 92' lang='lat' dir='ltr'><strong>e</strong></span> <span class='ocrx_word' id='word_1_26' title='bbox 2142 744 2283 797; x_wconf 89' lang='lat' dir='ltr'><strong>natis</strong></span> <span class='ocrx_word' id='word_1_27' title='bbox 2341 740 2631 795; x_wconf 89' lang='lat' dir='ltr'><strong>mulierum</strong></span> <span class='ocrx_word' id='word_1_28' title='bbox 2684 735 2943 804; x_wconf 77' lang='lat' dir='ltr'><strong>majorem</strong></span> <span class='ocrx_word' id='word_1_29' title='bbox 3002 732 3211 788; x_wconf 82' lang='lat' dir='ltr'><strong>Joanne</strong></span> <span class='ocrx_word' id='word_1_30' title='bbox 3266 730 3556 800; x_wconf 85' lang='lat' dir='ltr'><strong>Baptista,</strong></span> <span class='ocrx_word' id='word_1_31' title='bbox 3596 736 3652 782; x_wconf 89' lang='lat' dir='ltr'><strong>ct</strong></span> 
     </span>
    </p>
   </div>
   <div class='ocr_carea' id='block_1_6' title="bbox 2054 820 3650 903">
    <p class='ocr_par' dir='ltr' id='par_1_6' title="bbox 2054 820 3650 903">
     <span class='ocr_line' id='line_1_6' title="bbox 2054 820 3650 903; baseline -0.011 -14"><span class='ocrx_word' id='word_1_32' title='bbox 2054 848 2234 891; x_wconf 88' lang='lat' dir='ltr'><strong>tamen</strong></span> <span class='ocrx_word' id='word_1_33' title='bbox 2270 833 2637 903; x_wconf 83' lang='lat' dir='ltr'><strong>majorem&#39;eo</strong></span> <span class='ocrx_word' id='word_1_34' title='bbox 2697 843 2818 885; x_wconf 82' lang='lat' dir='ltr'><strong>esse</strong></span> <span class='ocrx_word' id='word_1_35' title='bbox 2863 842 2988 883; x_wconf 84' lang='lat' dir='ltr'><strong>cum</strong></span> <span class='ocrx_word' id='word_1_36' title='bbox 3030 828 3121 894; x_wconf 87' lang='lat' dir='ltr'><strong>qui</strong></span> <span class='ocrx_word' id='word_1_37' title='bbox 3166 827 3221 879; x_wconf 88' lang='lat' dir='ltr'><strong>in</strong></span> <span class='ocrx_word' id='word_1_38' title='bbox 3270 837 3438 893; x_wconf 76' lang='lat' dir='ltr'><strong>regno</strong></span> <span class='ocrx_word' id='word_1_39' title='bbox 3479 820 3650 875; x_wconf 64' lang='lat' dir='ltr'><strong>caelo-</strong></span> 
     </span>
    </p>
   </div>
   <div class='ocr_carea' id='block_1_7' title="bbox 215 556 886 638">
    <p class='ocr_par' dir='ltr' id='par_1_7' title="bbox 215 556 886 638">
     <span class='ocr_line' id='line_1_7' title="bbox 215 556 886 638; baseline -0.001 -15"><span class='ocrx_word' id='word_1_40' title='bbox 215 556 608 629; x_wconf 57' lang='grc' dir='ltr'>σδμτιλίρωτιν</span> <span class='ocrx_word' id='word_1_41' title='bbox 682 568 850 638; x_wconf 74' lang='grc' dir='ltr'>ἔχει</span> <span class='ocrx_word' id='word_1_42' title='bbox 866 610 886 622; x_wconf 92' lang='grc'><strong>.</strong></span> 
     </span>
    </p>
   </div>
   <div class='ocr_carea' id='block_1_8' title="bbox 216 641 1944 730">
    <p class='ocr_par' dir='ltr' id='par_1_8' title="bbox 216 641 1944 730">
     <span class='ocr_line' id='line_1_8' title="bbox 216 641 1944 730; baseline 0.003 -28"><span class='ocrx_word' id='word_1_43' title='bbox 216 641 403 705; x_wconf 73' lang='grc' dir='ltr'>ἕκαστον</span> <span class='ocrx_word' id='word_1_44' title='bbox 437 654 978 730; x_wconf 75' lang='grc' dir='ltr'>ἐπιδρομάδην</span> <span class='ocrx_word' id='word_1_45' title='bbox 1017 659 1308 724; x_wconf 76' lang='grc' dir='ltr'><strong>διεξιόντας</strong></span> <span class='ocrx_word' id='word_1_46' title='bbox 1334 659 1534 721; x_wconf 81' lang='grc' dir='ltr'>εἰπεῖν,</span> <span class='ocrx_word' id='word_1_47' title='bbox 1560 657 1643 720; x_wconf 82' lang='grc' dir='ltr'><strong>τίς</strong></span> <span class='ocrx_word' id='word_1_48' title='bbox 1672 657 1771 726; x_wconf 85' lang='grc' dir='ltr'><strong>μέν</strong></span> <span class='ocrx_word' id='word_1_49' title='bbox 1796 654 1944 708; x_wconf 83' lang='grc' dir='ltr'>αἰτία</span> 
     </span>
    </p>
   </div>
   <div class='ocr_carea' id='block_1_9' title="bbox 220 735 1943 820">
    <p class='ocr_par' dir='ltr' id='par_1_9' title="bbox 220 735 1943 820">
     <span class='ocr_line' id='line_1_9' title="bbox 220 735 1943 820; baseline 0.005 -26"><span class='ocrx_word' id='word_1_50' title='bbox 220 735 475 815; x_wconf 66' lang='grc' dir='ltr'>δεσμώτην</span> <span class='ocrx_word' id='word_1_51' title='bbox 511 749 765 804; x_wconf 68' lang='grc' dir='ltr'>ἐποίει</span> <span class='ocrx_word' id='word_1_52' title='bbox 800 752 929 805; x_wconf 72' lang='grc' dir='ltr'>τὸν</span> <span class='ocrx_word' id='word_1_53' title='bbox 967 752 1133 820; x_wconf 84' lang='grc' dir='ltr'>ἆγιον</span> <span class='ocrx_word' id='word_1_54' title='bbox 1168 750 1499 819; x_wconf 78' lang='grc' dir='ltr'>Βαπτιστὴν,</span> <span class='ocrx_word' id='word_1_55' title='bbox 1541 750 1663 803; x_wconf 83' lang='grc' dir='ltr'><strong>ὅτου</strong></span> <span class='ocrx_word' id='word_1_56' title='bbox 1692 748 1747 802; x_wconf 80' lang='grc' dir='ltr'><strong>δὲ</strong></span> <span class='ocrx_word' id='word_1_57' title='bbox 1782 748 1943 819; x_wconf 84' lang='grc' dir='ltr'>χάριν</span> 
     </span>
    </p>
   </div>
   <div class='ocr_carea' id='block_1_10' title="bbox 226 827 1938 915">
    <p class='ocr_par' dir='ltr' id='par_1_10' title="bbox 226 827 1938 915">
     <span class='ocr_line' id='line_1_10' title="bbox 226 827 1938 915; baseline 0.006 -36"><span class='ocrx_word' id='word_1_58' title='bbox 226 827 647 893; x_wconf 64' lang='grc' dir='ltr'><strong>ἀνεπυνθάνετο</strong></span> <span class='ocrx_word' id='word_1_59' title='bbox 674 841 813 895; x_wconf 72' lang='grc' dir='ltr'>τοῦ</span> <span class='ocrx_word' id='word_1_60' title='bbox 859 841 1137 914; x_wconf 81' lang='grc' dir='ltr'>Χριστοῦ</span> <span class='ocrx_word' id='word_1_61' title='bbox 1168 840 1255 894; x_wconf 76' lang='grc' dir='ltr'>διὰ</span> <span class='ocrx_word' id='word_1_62' title='bbox 1284 840 1392 894; x_wconf 88' lang='grc' dir='ltr'><strong>τῶν</strong></span> <span class='ocrx_word' id='word_1_63' title='bbox 1416 840 1632 896; x_wconf 72' lang='grc' dir='ltr'>οἰκείων</span> <span class='ocrx_word' id='word_1_64' title='bbox 1656 837 1938 915; x_wconf 78' lang='grc' dir='ltr'><strong>μαθητῶν,</strong></span> 
     </span>
    </p>
   </div>
   <div class='ocr_carea' id='block_1_11' title="bbox 236 911 1949 1003">
    <p class='ocr_par' dir='ltr' id='par_1_11' title="bbox 236 911 1940 1003">
     <span class='ocr_line' id='line_1_11' title="bbox 236 911 1940 1003; baseline 0.004 -30"><span class='ocrx_word' id='word_1_65' title='bbox 236 922 355 995; x_wconf 73' lang='grc' dir='ltr'>ιίπερ</span> <span class='ocrx_word' id='word_1_66' title='bbox 386 927 494 997; x_wconf 78' lang='grc' dir='ltr'><strong>εῑη</strong></span> <span class='ocrx_word' id='word_1_67' title='bbox 541 932 799 1001; x_wconf 73' lang='grc' dir='ltr'>σαφῶς</span> <span class='ocrx_word' id='word_1_68' title='bbox 840 911 1037 995; x_wconf 69' lang='grc' dir='ltr'>αὐτὸς</span> <span class='ocrx_word' id='word_1_69' title='bbox 1072 934 1101 985; x_wconf 87' lang='grc' dir='ltr'>ό</span> <span class='ocrx_word' id='word_1_70' title='bbox 1126 930 1453 1003; x_wconf 85' lang='grc' dir='ltr'>ἐρχόμενος·</span> <span class='ocrx_word' id='word_1_71' title='bbox 1488 930 1583 983; x_wconf 82' lang='grc' dir='ltr'><strong>καὶ</strong></span> <span class='ocrx_word' id='word_1_72' title='bbox 1612 929 1693 992; x_wconf 78' lang='grc' dir='ltr'><strong>τίς</strong></span> <span class='ocrx_word' id='word_1_73' title='bbox 1720 929 1752 999; x_wconf 78' lang='grc' dir='ltr'>ἢ</span> <span class='ocrx_word' id='word_1_74' title='bbox 1780 911 1940 981; x_wconf 79' lang='grc' dir='ltr'>πόθεν</span> 
     </span>
    </p>
   </div>
   <div class='ocr_carea' id='block_1_12' title="bbox 2059 911 3648 1003">
    <p class='ocr_par' dir='ltr' id='par_1_12' title="bbox 2059 911 3648 985">
     <span class='ocr_line' id='line_1_12' title="bbox 2059 911 3648 985; baseline -0.013 -1"><span class='ocrx_word' id='word_1_75' title='bbox 2059 944 2173 984; x_wconf 91' lang='lat' dir='ltr'><strong>rum</strong></span> <span class='ocrx_word' id='word_1_76' title='bbox 2229 928 2409 982; x_wconf 85' lang='lat' dir='ltr'><strong>minor</strong></span> <span class='ocrx_word' id='word_1_77' title='bbox 2457 933 2622 980; x_wconf 83' lang='lat' dir='ltr'><strong>esset.</strong></span> <span class='ocrx_word' id='word_1_78' title='bbox 2678 920 3061 976; x_wconf 80' lang='lat' dir='ltr'><strong>Accedendum</strong></span> <span class='ocrx_word' id='word_1_79' title='bbox 3120 918 3309 985; x_wconf 85' lang='lat' dir='ltr'><strong>itaque</strong></span> <span class='ocrx_word' id='word_1_80' title='bbox 3365 914 3524 967; x_wconf 87' lang='lat' dir='ltr'><strong>nobis</strong></span> <span class='ocrx_word' id='word_1_81' title='bbox 3578 911 3648 963; x_wconf 87' lang='lat' dir='ltr'><strong>ad</strong></span> 
     </span>
    </p>
   </div>
   <div class='ocr_carea' id='block_1_13' title="bbox 248 1008 1949 1097">
    <p class='ocr_par' dir='ltr' id='par_1_13' title="bbox 248 1015 1938 1097">
     <span class='ocr_line' id='line_1_13' title="bbox 248 1015 1938 1097; baseline -0.005 -13"><span class='ocrx_word' id='word_1_82' title='bbox 248 1015 417 1088; x_wconf 61' lang='grc' dir='ltr'>ἢπρδς</span> <span class='ocrx_word' id='word_1_83' title='bbox 458 1025 621 1089; x_wconf 63' lang='grc' dir='ltr'>’τοὺς</span> <span class='ocrx_word' id='word_1_84' title='bbox 676 1026 931 1097; x_wconf 68' lang='grc' dir='ltr'>ὀχλους</span> <span class='ocrx_word' id='word_1_85' title='bbox 985 1026 1283 1095; x_wconf 82' lang='grc' dir='ltr'>ἀπόκρισις</span> <span class='ocrx_word' id='word_1_86' title='bbox 1312 1024 1505 1093; x_wconf 82' lang='grc' dir='ltr'>γέγονε</span> <span class='ocrx_word' id='word_1_87' title='bbox 1541 1022 1635 1076; x_wconf 82' lang='grc' dir='ltr'><strong>τοῦ</strong></span> <span class='ocrx_word' id='word_1_88' title='bbox 1674 1018 1938 1091; x_wconf 75' lang='grc' dir='ltr'><strong>Χριστοῦ.</strong></span> 
     </span>
    </p>
   </div>
   <div class='ocr_carea' id='block_1_14' title="bbox 2059 1008 3522 1097">
    <p class='ocr_par' dir='ltr' id='par_1_14' title="bbox 2059 1008 3522 1090">
     <span class='ocr_line' id='line_1_14' title="bbox 2059 1008 3522 1090; baseline -0.012 -14"><span class='ocrx_word' id='word_1_89' title='bbox 2059 1036 2241 1077; x_wconf 87' lang='lat' dir='ltr'><strong>eorum</strong></span> <span class='ocrx_word' id='word_1_90' title='bbox 2273 1034 2393 1090; x_wconf 83' lang='lat' dir='ltr'><strong>qua:</strong></span> <span class='ocrx_word' id='word_1_91' title='bbox 2427 1016 2703 1088; x_wconf 88' lang='lat' dir='ltr'><strong>pr0posita</strong></span> <span class='ocrx_word' id='word_1_92' title='bbox 2739 1023 2866 1069; x_wconf 84' lang='lat' dir='ltr'><strong>sunt</strong></span> <span class='ocrx_word' id='word_1_93' title='bbox 2894 1012 3049 1066; x_wconf 88' lang='lat' dir='ltr'><strong>nobis</strong></span> <span class='ocrx_word' id='word_1_94' title='bbox 3073 1008 3522 1077; x_wconf 82' lang='lat' dir='ltr'><strong>explicationem.</strong></span> 
     </span>
    </p>
   </div>
   <div class='ocr_carea' id='block_1_15' title="bbox 260 1097 3651 1191">
    <p class='ocr_par' dir='ltr' id='par_1_15' title="bbox 260 1097 3651 1191">
     <span class='ocr_line' id='line_1_15' title="bbox 260 1097 3651 1191; baseline -0.004 -27"><span class='ocrx_word' id='word_1_95' title='bbox 260 1106 393 1165; x_wconf 71' lang='grc' dir='ltr'><strong>Ἤτὶ</strong></span> <span class='ocrx_word' id='word_1_96' title='bbox 430 1117 503 1170; x_wconf 76' lang='grc' dir='ltr'>τὸ</span> <span class='ocrx_word' id='word_1_97' title='bbox 536 1120 868 1183; x_wconf 76' lang='grc' dir='ltr'>πεπεικδς</span> <span class='ocrx_word' id='word_1_98' title='bbox 899 1120 987 1185; x_wconf 83' lang='grc' dir='ltr'>ὡς</span> <span class='ocrx_word' id='word_1_99' title='bbox 1032 1119 1361 1191; x_wconf 81' lang='grc' dir='ltr'>Ἐγήγερται</span> <span class='ocrx_word' id='word_1_100' title='bbox 1403 1121 1503 1191; x_wconf 76' lang='grc' dir='ltr'>μὲν</span> <span class='ocrx_word' id='word_1_101' title='bbox 1574 1119 1749 1180; x_wconf 69' lang='grc' dir='ltr'>οὐδεὶς</span> <span class='ocrx_word' id='word_1_102' title='bbox 1804 1119 1862 1170; x_wconf 84' lang='grc' dir='ltr'><strong>ἐν</strong></span> <span class='ocrx_word' id='word_1_103' title='bbox 1922 1119 2204 1186; x_wconf 78' lang='grc' dir='ltr'><strong>γεννητοῖς</strong></span> <span class='ocrx_word' id='word_1_104' title='bbox 2255 1114 2529 1184; x_wconf 85' lang='grc' dir='ltr'>γυναικῶν</span> <span class='ocrx_word' id='word_1_105' title='bbox 2591 1112 2794 1183; x_wconf 76' lang='grc' dir='ltr'>μείζων</span> <span class='ocrx_word' id='word_1_106' title='bbox 2830 1108 3079 1162; x_wconf 73' lang='grc' dir='ltr'>Ἰωάννου</span> <span class='ocrx_word' id='word_1_107' title='bbox 3151 1106 3351 1174; x_wconf 80' lang='grc' dir='ltr'>λέγειν,</span> <span class='ocrx_word' id='word_1_108' title='bbox 3402 1097 3544 1154; x_wconf 83' lang='grc' dir='ltr'>εἷναί</span> <span class='ocrx_word' id='word_1_109' title='bbox 3584 1112 3651 1165; x_wconf 84' lang='grc' dir='ltr'><strong>γε</strong></span> 
     </span>
    </p>
   </div>
   <div class='ocr_carea' id='block_1_16' title="bbox 283 1191 3651 1281">
    <p class='ocr_par' dir='ltr' id='par_1_16' title="bbox 283 1191 3651 1281">
     <span class='ocr_line' id='line_1_16' title="bbox 283 1191 3651 1281; baseline -0.005 -19"><span class='ocrx_word' id='word_1_110' title='bbox 283 1209 369 1277; x_wconf 54' lang='grc' dir='ltr'>’ἐστι</span> <span class='ocrx_word' id='word_1_111' title='bbox 399 1209 502 1263; x_wconf 67' lang='grc' dir='ltr'><strong>τοῦ</strong></span> <span class='ocrx_word' id='word_1_112' title='bbox 543 1210 853 1263; x_wconf 79' lang='grc' dir='ltr'>τοσούτου</span> <span class='ocrx_word' id='word_1_113' title='bbox 910 1210 1143 1279; x_wconf 76' lang='grc' dir='ltr'>μείζονα</span> <span class='ocrx_word' id='word_1_114' title='bbox 1190 1211 1281 1263; x_wconf 81' lang='grc' dir='ltr'><strong>τον</strong></span> <span class='ocrx_word' id='word_1_115' title='bbox 1327 1211 1386 1263; x_wconf 89' lang='grc' dir='ltr'><strong>ἐν</strong></span> <span class='ocrx_word' id='word_1_116' title='bbox 1437 1212 1504 1279; x_wconf 78' lang='grc' dir='ltr'>τῇ</span> <span class='ocrx_word' id='word_1_117' title='bbox 1568 1210 1817 1279; x_wconf 73' lang='grc' dir='ltr'>βασιλεία</span> <span class='ocrx_word' id='word_1_118' title='bbox 1889 1208 1999 1261; x_wconf 86' lang='grc' dir='ltr'><strong>τῶν</strong></span> <span class='ocrx_word' id='word_1_119' title='bbox 2038 1208 2289 1281; x_wconf 80' lang='grc' dir='ltr'>οὐρανῶν</span> <span class='ocrx_word' id='word_1_120' title='bbox 2335 1205 2700 1278; x_wconf 81' lang='grc' dir='ltr'>μικρότερον;</span> <span class='ocrx_word' id='word_1_121' title='bbox 2751 1201 2958 1255; x_wconf 70' lang='grc' dir='ltr'>Οὐκοῦν</span> <span class='ocrx_word' id='word_1_122' title='bbox 3009 1200 3096 1253; x_wconf 79' lang='grc' dir='ltr'>ἐπ’</span> <span class='ocrx_word' id='word_1_123' title='bbox 3147 1196 3317 1266; x_wconf 76' lang='grc' dir='ltr'>αὐτὴν</span> <span class='ocrx_word' id='word_1_124' title='bbox 3367 1195 3506 1247; x_wconf 81' lang='grc' dir='ltr'>ίτέον</span> <span class='ocrx_word' id='word_1_125' title='bbox 3550 1191 3651 1261; x_wconf 80' lang='grc' dir='ltr'><strong>τὴν</strong></span> 
     </span>
    </p>
   </div>
   <div class='ocr_carea' id='block_1_17' title="bbox 298 1301 1162 1373">
    <p class='ocr_par' dir='ltr' id='par_1_17' title="bbox 298 1301 1162 1373">
     <span class='ocr_line' id='line_1_17' title="bbox 298 1301 1162 1373; baseline 0.002 -20"><span class='ocrx_word' id='word_1_126' title='bbox 298 1301 384 1354; x_wconf 76' lang='grc' dir='ltr'><strong>τῶν</strong></span> <span class='ocrx_word' id='word_1_127' title='bbox 409 1302 833 1372; x_wconf 75' lang='grc' dir='ltr'>προτεθέντων</span> <span class='ocrx_word' id='word_1_128' title='bbox 869 1303 1162 1373; x_wconf 72' lang='grc' dir='ltr'><strong>ἐξήγησιν.</strong></span> 
     </span>
    </p>
   </div>
   <div class='ocr_carea' id='block_1_18' title="bbox 366 1392 1932 1466">
    <p class='ocr_par' dir='ltr' id='par_1_18' title="bbox 366 1392 1932 1466">
     <span class='ocr_line' id='line_1_18' title="bbox 366 1392 1932 1466; baseline 0.003 -18"><span class='ocrx_word' id='word_1_129' title='bbox 366 1392 690 1466; x_wconf 69' lang='grc' dir='ltr'>Παράδοξον</span> <span class='ocrx_word' id='word_1_130' title='bbox 709 1412 854 1447; x_wconf 86' lang='grc' dir='ltr'>τινα</span> <span class='ocrx_word' id='word_1_131' title='bbox 889 1394 991 1447; x_wconf 80' lang='grc' dir='ltr'>καὶ</span> <span class='ocrx_word' id='word_1_132' title='bbox 1022 1393 1181 1463; x_wconf 76' lang='grc' dir='ltr'>ξένην</span> <span class='ocrx_word' id='word_1_133' title='bbox 1214 1394 1575 1465; x_wconf 65' lang='grc' dir='ltr'><strong>ἐπιτηδεύσας</strong></span> <span class='ocrx_word' id='word_1_134' title='bbox 1599 1396 1879 1455; x_wconf 74' lang='grc' dir='ltr'>πολιτείαν</span> <span class='ocrx_word' id='word_1_135' title='bbox 1903 1401 1932 1452; x_wconf 86' lang='lat'><strong>6</strong></span> 
     </span>
    </p>
   </div>
   <div class='ocr_carea' id='block_1_19' title="bbox 329 1485 1936 1561">
    <p class='ocr_par' dir='ltr' id='par_1_19' title="bbox 329 1485 1936 1561">
     <span class='ocr_line' id='line_1_19' title="bbox 329 1485 1936 1561; baseline 0.001 -22"><span class='ocrx_word' id='word_1_136' title='bbox 329 1490 579 1557; x_wconf 70' lang='grc' dir='ltr'>μαγάριος</span> <span class='ocrx_word' id='word_1_137' title='bbox 614 1485 981 1557; x_wconf 83' lang='grc' dir='ltr'>Βαπτιστὴς,</span> <span class='ocrx_word' id='word_1_138' title='bbox 1014 1485 1243 1555; x_wconf 82' lang='grc' dir='ltr'>καίβίου</span> <span class='ocrx_word' id='word_1_139' title='bbox 1265 1488 1449 1559; x_wconf 78' lang='grc' dir='ltr'>τρίϐον</span> <span class='ocrx_word' id='word_1_140' title='bbox 1478 1489 1677 1553; x_wconf 83' lang='grc' dir='ltr'>ἐλάσας</span> <span class='ocrx_word' id='word_1_141' title='bbox 1692 1490 1936 1561; x_wconf 83' lang='grc' dir='ltr'>ἀσυνήθη</span> 
     </span>
    </p>
   </div>
   <div class='ocr_carea' id='block_1_20' title="bbox 329 1578 1943 1653">
    <p class='ocr_par' dir='ltr' id='par_1_20' title="bbox 329 1578 1943 1653">
     <span class='ocr_line' id='line_1_20' title="bbox 329 1578 1943 1653; baseline 0.002 -22"><span class='ocrx_word' id='word_1_142' title='bbox 329 1582 429 1642; x_wconf 80' lang='grc' dir='ltr'>τοῖς</span> <span class='ocrx_word' id='word_1_143' title='bbox 469 1580 655 1642; x_wconf 78' lang='grc' dir='ltr'>ἄλλοις</span> <span class='ocrx_word' id='word_1_144' title='bbox 700 1581 805 1633; x_wconf 63' lang='grc' dir='ltr'><strong>καὶ</strong></span> <span class='ocrx_word' id='word_1_145' title='bbox 848 1579 914 1631; x_wconf 85' lang='grc' dir='ltr'><strong>ού</strong></span> <span class='ocrx_word' id='word_1_146' title='bbox 948 1580 1061 1642; x_wconf 79' lang='grc' dir='ltr'>τοῖς</span> <span class='ocrx_word' id='word_1_147' title='bbox 1098 1578 1321 1650; x_wconf 76' lang='grc' dir='ltr'>τυχοῦσι</span> <span class='ocrx_word' id='word_1_148' title='bbox 1357 1580 1548 1650; x_wconf 79' lang='grc' dir='ltr'>βατὴν,</span> <span class='ocrx_word' id='word_1_149' title='bbox 1596 1580 1943 1653; x_wconf 71' lang='grc' dir='ltr'>ἐθαυμάζετο</span> 
     </span>
    </p>
   </div>
   <div class='ocr_carea' id='block_1_21' title="bbox 336 1656 1949 1740">
    <p class='ocr_par' dir='ltr' id='par_1_21' title="bbox 336 1668 1943 1740">
     <span class='ocr_line' id='line_1_21' title="bbox 336 1668 1943 1740; baseline 0.002 -16"><span class='ocrx_word' id='word_1_150' title='bbox 336 1671 445 1739; x_wconf 76' lang='grc' dir='ltr'>μὲν,</span> <span class='ocrx_word' id='word_1_151' title='bbox 480 1672 575 1723; x_wconf 71' lang='grc' dir='ltr'><strong>καὶ</strong></span> <span class='ocrx_word' id='word_1_152' title='bbox 606 1670 736 1725; x_wconf 84' lang='grc' dir='ltr'>λίαν</span> <span class='ocrx_word' id='word_1_153' title='bbox 787 1668 1040 1734; x_wconf 78' lang='grc' dir='ltr'>είκὸτως,</span> <span class='ocrx_word' id='word_1_154' title='bbox 1075 1670 1225 1740; x_wconf 69' lang='grc' dir='ltr'>παρὰ</span> <span class='ocrx_word' id='word_1_155' title='bbox 1272 1670 1380 1723; x_wconf 86' lang='grc' dir='ltr'><strong>τῶν</strong></span> <span class='ocrx_word' id='word_1_156' title='bbox 1419 1672 1716 1727; x_wconf 87' lang='grc' dir='ltr'>Ἰουδαίων·</span> <span class='ocrx_word' id='word_1_157' title='bbox 1761 1674 1853 1727; x_wconf 70' lang='grc' dir='ltr'><strong>τὸν</strong></span> <span class='ocrx_word' id='word_1_158' title='bbox 1885 1675 1943 1729; x_wconf 82' lang='grc' dir='ltr'>δὲ</span> 
     </span>
    </p>
   </div>
   <div class='ocr_carea' id='block_1_22' title="bbox 2059 1656 3645 1740">
    <p class='ocr_par' dir='ltr' id='par_1_22' title="bbox 2059 1656 3645 1735">
     <span class='ocr_line' id='line_1_22' title="bbox 2059 1656 3645 1735; baseline -0.007 -20"><span class='ocrx_word' id='word_1_159' title='bbox 2059 1667 2182 1735; x_wconf 72' lang='grc' dir='ltr'>ιριιύ</span> <span class='ocrx_word' id='word_1_160' title='bbox 2210 1662 2428 1717; x_wconf 65' lang='lat' dir='ltr'><strong>.ludznos</strong></span> <span class='ocrx_word' id='word_1_161' title='bbox 2459 1661 2738 1725; x_wconf 81' lang='lat' dir='ltr'><strong>excitavit,</strong></span> <span class='ocrx_word' id='word_1_162' title='bbox 2768 1667 2821 1711; x_wconf 87' lang='lat' dir='ltr'><strong>et</strong></span> <span class='ocrx_word' id='word_1_163' title='bbox 2849 1657 3127 1713; x_wconf 83' lang='lat' dir='ltr'><strong>Christum</strong></span> <span class='ocrx_word' id='word_1_164' title='bbox 3157 1656 3247 1725; x_wconf 90' lang='lat' dir='ltr'><strong>qui</strong></span> <span class='ocrx_word' id='word_1_165' title='bbox 3282 1665 3493 1709; x_wconf 88' lang='lat' dir='ltr'><strong>tantum</strong></span> <span class='ocrx_word' id='word_1_166' title='bbox 3537 1670 3645 1709; x_wconf 84' lang='lat' dir='ltr'><strong>neu</strong></span> 
     </span>
    </p>
   </div>
   <div class='ocr_carea' id='block_1_23' title="bbox 330 1745 1949 1838">
    <p class='ocr_par' dir='ltr' id='par_1_23' title="bbox 330 1760 1941 1838">
     <span class='ocr_line' id='line_1_23' title="bbox 330 1760 1941 1838; baseline 0.002 -23"><span class='ocrx_word' id='word_1_167' title='bbox 330 1764 448 1815; x_wconf 75' lang='grc' dir='ltr'>ἐσον</span> <span class='ocrx_word' id='word_1_168' title='bbox 472 1763 716 1826; x_wconf 69' lang='grc' dir='ltr'>οὐδέπω,</span> <span class='ocrx_word' id='word_1_169' title='bbox 753 1761 960 1832; x_wconf 78' lang='grc' dir='ltr'>μᾶλλον</span> <span class='ocrx_word' id='word_1_170' title='bbox 984 1760 1041 1813; x_wconf 81' lang='grc' dir='ltr'>δὲ</span> <span class='ocrx_word' id='word_1_171' title='bbox 1072 1761 1174 1832; x_wconf 76' lang='grc' dir='ltr'>ήδη</span> <span class='ocrx_word' id='word_1_172' title='bbox 1204 1762 1469 1832; x_wconf 76' lang='grc' dir='ltr'>παρόντα,</span> <span class='ocrx_word' id='word_1_173' title='bbox 1498 1764 1782 1835; x_wconf 79' lang='grc' dir='ltr'>κηρύττων</span> <span class='ocrx_word' id='word_1_174' title='bbox 1815 1766 1941 1838; x_wconf 81' lang='grc' dir='ltr'>Χρι-</span> 
     </span>
    </p>
   </div>
   <div class='ocr_carea' id='block_1_24' title="bbox 2059 1745 3643 1838">
    <p class='ocr_par' dir='ltr' id='par_1_24' title="bbox 2059 1745 3643 1823">
     <span class='ocr_line' id='line_1_24' title="bbox 2059 1745 3643 1823; baseline -0.011 -10"><span class='ocrx_word' id='word_1_175' title='bbox 2059 1759 2309 1823; x_wconf 76' lang='lat' dir='ltr'><strong>venisset,</strong></span> <span class='ocrx_word' id='word_1_176' title='bbox 2339 1754 2447 1809; x_wconf 91' lang='lat' dir='ltr'><strong>imo</strong></span> <span class='ocrx_word' id='word_1_177' title='bbox 2470 1757 2581 1823; x_wconf 78' lang='lat' dir='ltr'><strong>jam</strong></span> <span class='ocrx_word' id='word_1_178' title='bbox 2608 1750 2940 1816; x_wconf 83' lang='lat' dir='ltr'><strong>advenisset,</strong></span> <span class='ocrx_word' id='word_1_179' title='bbox 2980 1747 3308 1818; x_wconf 67' lang='lat' dir='ltr'><strong>prmdicahs,</strong></span> <span class='ocrx_word' id='word_1_180' title='bbox 3357 1745 3643 1817; x_wconf 74' lang='lat' dir='ltr'><strong>digitoque</strong></span> 
     </span>
    </p>
   </div>
   <div class='ocr_carea' id='block_1_25' title="bbox 336 1835 1949 1926">
    <p class='ocr_par' dir='ltr' id='par_1_25' title="bbox 336 1835 1935 1926">
     <span class='ocr_line' id='line_1_25' title="bbox 336 1835 1935 1926; baseline 0.003 -19"><span class='ocrx_word' id='word_1_181' title='bbox 336 1853 478 1917; x_wconf 72' lang='grc' dir='ltr'>στὸν,</span> <span class='ocrx_word' id='word_1_182' title='bbox 516 1855 815 1925; x_wconf 70' lang='grc' dir='ltr'>μονονουχὶ</span> <span class='ocrx_word' id='word_1_183' title='bbox 843 1855 937 1908; x_wconf 82' lang='grc' dir='ltr'><strong>καὶ</strong></span> <span class='ocrx_word' id='word_1_184' title='bbox 970 1856 1132 1926; x_wconf 84' lang='grc' dir='ltr'>χεῖρα</span> <span class='ocrx_word' id='word_1_185' title='bbox 1164 1855 1438 1925; x_wconf 77' lang='grc' dir='ltr'>προτείνει</span> <span class='ocrx_word' id='word_1_186' title='bbox 1471 1856 1646 1925; x_wconf 86' lang='grc' dir='ltr'>λέγων</span> <span class='ocrx_word' id='word_1_187' title='bbox 1666 1874 1684 1889; x_wconf 69' lang='grc' dir='ltr'><strong>θ</strong></span> <span class='ocrx_word' id='word_1_188' title='bbox 1723 1878 1741 1911; x_wconf 76' lang='grc' dir='ltr'><strong>ι</strong></span> <span class='ocrx_word' id='word_1_189' title='bbox 1778 1835 1884 1914; x_wconf 80' lang='grc' dir='ltr'>’Ίδε</span> <span class='ocrx_word' id='word_1_190' title='bbox 1906 1857 1935 1911; x_wconf 87' lang='lat'><strong>6</strong></span> 
     </span>
    </p>
   </div>
   <div class='ocr_carea' id='block_1_26' title="bbox 2059 1835 3647 1926">
    <p class='ocr_par' dir='ltr' id='par_1_26' title="bbox 2059 1835 3647 1910">
     <span class='ocr_line' id='line_1_26' title="bbox 2059 1835 3647 1910; baseline -0.011 -4"><span class='ocrx_word' id='word_1_191' title='bbox 2059 1850 2199 1906; x_wconf 73' lang='lat' dir='ltr'><strong>illum</strong></span> <span class='ocrx_word' id='word_1_192' title='bbox 2228 1855 2703 1910; x_wconf 85' lang='lat' dir='ltr'><strong>commonstrans,</strong></span> <span class='ocrx_word' id='word_1_193' title='bbox 2755 1843 2831 1897; x_wconf 89' lang='lat' dir='ltr'><strong>ait</strong></span> <span class='ocrx_word' id='word_1_194' title='bbox 2867 1864 2875 1897; x_wconf 88' lang='lat'>:</span> <span class='ocrx_word' id='word_1_195' title='bbox 2916 1835 2935 1892; x_wconf 72' lang='grc' dir='ltr'><em>ἃ</em></span> <span class='ocrx_word' id='word_1_196' title='bbox 2985 1841 3123 1895; x_wconf 81' lang='lat' dir='ltr'><strong>Ecce</strong></span> <span class='ocrx_word' id='word_1_197' title='bbox 3154 1841 3339 1910; x_wconf 78' lang='lat' dir='ltr'><strong>Agnus</strong></span> <span class='ocrx_word' id='word_1_198' title='bbox 3403 1838 3524 1902; x_wconf 86' lang='lat' dir='ltr'><strong>Dei,</strong></span> <span class='ocrx_word' id='word_1_199' title='bbox 3554 1842 3647 1907; x_wconf 85' lang='lat' dir='ltr'><strong>qui</strong></span> 
     </span>
    </p>
   </div>
   <div class='ocr_carea' id='block_1_27' title="bbox 2118 1380 3649 1461">
    <p class='ocr_par' dir='ltr' id='par_1_27' title="bbox 2118 1380 3649 1461">
     <span class='ocr_line' id='line_1_27' title="bbox 2118 1380 3649 1461; baseline -0.009 -14"><span class='ocrx_word' id='word_1_200' title='bbox 2118 1390 2280 1461; x_wconf 76' lang='lat'><strong>102</strong></span> <span class='ocrx_word' id='word_1_201' title='bbox 2307 1388 2504 1442; x_wconf 85' lang='lat' dir='ltr'><strong>Beatus</strong></span> <span class='ocrx_word' id='word_1_202' title='bbox 2536 1384 2806 1453; x_wconf 77' lang='lat' dir='ltr'><strong>Baptista,</strong></span> <span class='ocrx_word' id='word_1_203' title='bbox 2842 1383 3142 1439; x_wconf 88' lang='lat' dir='ltr'><strong>inauditum</strong></span> <span class='ocrx_word' id='word_1_204' title='bbox 3167 1380 3439 1450; x_wconf 82' lang='lat' dir='ltr'><strong>quoddam</strong></span> <span class='ocrx_word' id='word_1_205' title='bbox 3471 1388 3525 1433; x_wconf 91' lang='lat' dir='ltr'><strong>et</strong></span> <span class='ocrx_word' id='word_1_206' title='bbox 3567 1380 3649 1435; x_wconf 89' lang='lat' dir='ltr'><strong>in-</strong></span> 
     </span>
    </p>
   </div>
   <div class='ocr_carea' id='block_1_28' title="bbox 2040 1473 3645 1548">
    <p class='ocr_par' dir='ltr' id='par_1_28' title="bbox 2040 1473 3645 1548">
     <span class='ocr_line' id='line_1_28' title="bbox 2040 1473 3645 1548; baseline -0.009 -9"><span class='ocrx_word' id='word_1_207' title='bbox 2040 1485 2294 1539; x_wconf 82' lang='lat' dir='ltr'><strong>usitatum</strong></span> <span class='ocrx_word' id='word_1_208' title='bbox 2346 1481 2469 1533; x_wconf 82' lang='lat' dir='ltr'><strong>vita:</strong></span> <span class='ocrx_word' id='word_1_209' title='bbox 2529 1492 2704 1548; x_wconf 80' lang='lat' dir='ltr'><strong>genus</strong></span> <span class='ocrx_word' id='word_1_210' title='bbox 2734 1477 2980 1541; x_wconf 88' lang='lat' dir='ltr'><strong>ducens,</strong></span> <span class='ocrx_word' id='word_1_211' title='bbox 3032 1474 3285 1544; x_wconf 82' lang='lat' dir='ltr'><strong>quodque</strong></span> <span class='ocrx_word' id='word_1_212' title='bbox 3314 1473 3401 1526; x_wconf 89' lang='lat' dir='ltr'><strong>alii</strong></span> <span class='ocrx_word' id='word_1_213' title='bbox 3442 1473 3645 1526; x_wconf 85' lang='lat' dir='ltr'><strong>imitari</strong></span> 
     </span>
    </p>
   </div>
   <div class='ocr_carea' id='block_1_29' title="bbox 2043 1562 3647 1641">
    <p class='ocr_par' dir='ltr' id='par_1_29' title="bbox 2043 1562 3647 1641">
     <span class='ocr_line' id='line_1_29' title="bbox 2043 1562 3647 1641; baseline -0.009 -13"><span class='ocrx_word' id='word_1_214' title='bbox 2043 1590 2148 1628; x_wconf 87' lang='lat' dir='ltr'><strong>non</strong></span> <span class='ocrx_word' id='word_1_215' title='bbox 2194 1580 2456 1641; x_wconf 75' lang='lat' dir='ltr'><strong>possent,</strong></span> <span class='ocrx_word' id='word_1_216' title='bbox 2522 1583 2773 1637; x_wconf 79' lang='lat' dir='ltr'><strong>magnam</strong></span> <span class='ocrx_word' id='word_1_217' title='bbox 2831 1566 3029 1620; x_wconf 87' lang='lat' dir='ltr'><strong>merito</strong></span> <span class='ocrx_word' id='word_1_218' title='bbox 3074 1566 3159 1619; x_wconf 88' lang='lat' dir='ltr'><strong>stti</strong></span> <span class='ocrx_word' id='word_1_219' title='bbox 3218 1562 3647 1617; x_wconf 84' lang='lat' dir='ltr'><strong>admirationem</strong></span> 
     </span>
    </p>
   </div>
   <div class='ocr_carea' id='block_1_30' title="bbox 344 1944 1934 2021">
    <p class='ocr_par' dir='ltr' id='par_1_30' title="bbox 344 1944 1934 2021">
     <span class='ocr_line' id='line_1_30' title="bbox 344 1944 1934 2021; baseline 0.002 -22"><span class='ocrx_word' id='word_1_220' title='bbox 344 1946 541 2016; x_wconf 77' lang='grc' dir='ltr'>Ἀμνὸς</span> <span class='ocrx_word' id='word_1_221' title='bbox 554 1945 653 1999; x_wconf 88' lang='grc' dir='ltr'><strong>τοῦ</strong></span> <span class='ocrx_word' id='word_1_222' title='bbox 672 1944 834 2009; x_wconf 86' lang='grc' dir='ltr'>Θεοῦ,</span> <span class='ocrx_word' id='word_1_223' title='bbox 856 1947 884 1999; x_wconf 98' lang='lat'><strong>6</strong></span> <span class='ocrx_word' id='word_1_224' title='bbox 910 1945 1082 2016; x_wconf 81' lang='grc' dir='ltr'>αἴρων</span> <span class='ocrx_word' id='word_1_225' title='bbox 1113 1944 1211 2015; x_wconf 83' lang='grc' dir='ltr'><strong>τὴν</strong></span> <span class='ocrx_word' id='word_1_226' title='bbox 1241 1946 1519 2016; x_wconf 72' lang='grc' dir='ltr'>ἁμαρτίαν</span> <span class='ocrx_word' id='word_1_227' title='bbox 1548 1948 1639 2002; x_wconf 89' lang='grc' dir='ltr'><strong>τοῦ</strong></span> <span class='ocrx_word' id='word_1_228' title='bbox 1672 1949 1898 2021; x_wconf 75' lang='grc' dir='ltr'>κόσμου.</span> <span class='ocrx_word' id='word_1_229' title='bbox 1916 1968 1934 2002; x_wconf 77' lang='grc' dir='ltr'><strong>ι</strong></span> 
     </span>
    </p>
   </div>
   <div class='ocr_carea' id='block_1_31' title="bbox 345 2034 1937 2113">
    <p class='ocr_par' dir='ltr' id='par_1_31' title="bbox 345 2034 1937 2113">
     <span class='ocr_line' id='line_1_31' title="bbox 345 2034 1937 2113; baseline 0.026 -57"><span class='ocrx_word' id='word_1_230' title='bbox 345 2037 570 2108; x_wconf 59' lang='grc' dir='ltr'><strong>Ἐπειδὴ</strong></span> <span class='ocrx_word' id='word_1_231' title='bbox 608 2036 669 2090; x_wconf 64' lang='grc' dir='ltr'><strong>δὲ</strong></span> <span class='ocrx_word' id='word_1_232' title='bbox 718 2039 747 2089; x_wconf 68' lang='grc' dir='ltr'>ὁ</span> <span class='ocrx_word' id='word_1_233' title='bbox 780 2038 909 2106; x_wconf 81' lang='grc' dir='ltr'>παρ’</span> <span class='ocrx_word' id='word_1_234' title='bbox 956 2034 1122 2089; x_wconf 76' lang='grc' dir='ltr'>αὑτοῦ</span> <span class='ocrx_word' id='word_1_235' title='bbox 1179 2038 1631 2109; x_wconf 78' lang='grc' dir='ltr'>μαρτυρούμενος</span> <span class='ocrx_word' id='word_1_236' title='bbox 1698 2041 1937 2113; x_wconf 85' lang='grc' dir='ltr'>Κύριος,</span> 
     </span>
    </p>
   </div>
   <div class='ocr_carea' id='block_1_32' title="bbox 330 2126 1938 2204">
    <p class='ocr_par' dir='ltr' id='par_1_32' title="bbox 330 2126 1938 2204">
     <span class='ocr_line' id='line_1_32' title="bbox 330 2126 1938 2204; baseline 0.004 -25"><span class='ocrx_word' id='word_1_237' title='bbox 330 2127 515 2180; x_wconf 84' lang='grc' dir='ltr'>λιπεῖν</span> <span class='ocrx_word' id='word_1_238' title='bbox 556 2126 739 2180; x_wconf 76' lang='grc' dir='ltr'>ἐδόκει</span> <span class='ocrx_word' id='word_1_239' title='bbox 772 2126 873 2196; x_wconf 79' lang='grc' dir='ltr'>τὴν</span> <span class='ocrx_word' id='word_1_240' title='bbox 915 2127 979 2180; x_wconf 85' lang='grc' dir='ltr'><strong>ἐκ</strong></span> <span class='ocrx_word' id='word_1_241' title='bbox 1024 2128 1193 2196; x_wconf 83' lang='grc' dir='ltr'>νόμου</span> <span class='ocrx_word' id='word_1_242' title='bbox 1224 2128 1314 2182; x_wconf 80' lang='grc' dir='ltr'>διὰ</span> <span class='ocrx_word' id='word_1_243' title='bbox 1361 2130 1608 2195; x_wconf 77' lang='grc' dir='ltr'>Μωσέως</span> <span class='ocrx_word' id='word_1_244' title='bbox 1657 2131 1938 2204; x_wconf 76' lang='grc' dir='ltr'>λατρείαν,</span> 
     </span>
    </p>
   </div>
   <div class='ocr_carea' id='block_1_33' title="bbox 329 2217 1943 2295">
    <p class='ocr_par' dir='ltr' id='par_1_33' title="bbox 329 2217 1943 2295">
     <span class='ocr_line' id='line_1_33' title="bbox 329 2217 1943 2295; baseline 0.004 -25"><span class='ocrx_word' id='word_1_245' title='bbox 329 2219 438 2289; x_wconf 75' lang='grc' dir='ltr'><strong>τὴν</strong></span> <span class='ocrx_word' id='word_1_246' title='bbox 500 2217 873 2290; x_wconf 74' lang='grc' dir='ltr'>εῦαγγελικὴν</span> <span class='ocrx_word' id='word_1_247' title='bbox 936 2218 1054 2270; x_wconf 82' lang='grc' dir='ltr'>ἀντ’</span> <span class='ocrx_word' id='word_1_248' title='bbox 1123 2219 1339 2290; x_wconf 89' lang='grc' dir='ltr'>ἐκείνης</span> <span class='ocrx_word' id='word_1_249' title='bbox 1410 2221 1691 2276; x_wconf 78' lang='grc' dir='ltr'>πολιτείαν</span> <span class='ocrx_word' id='word_1_250' title='bbox 1756 2224 1943 2295; x_wconf 72' lang='grc' dir='ltr'>εἰσφέ-</span> 
     </span>
    </p>
   </div>
   <div class='ocr_carea' id='block_1_34' title="bbox 332 2310 1943 2387">
    <p class='ocr_par' dir='ltr' id='par_1_34' title="bbox 332 2310 1943 2387">
     <span class='ocr_line' id='line_1_34' title="bbox 332 2310 1943 2387; baseline 0.004 -25"><span class='ocrx_word' id='word_1_251' title='bbox 332 2329 486 2381; x_wconf 78' lang='grc' dir='ltr'>ρων,</span> <span class='ocrx_word' id='word_1_252' title='bbox 528 2312 735 2381; x_wconf 76' lang='grc' dir='ltr'>μᾶλλον</span> <span class='ocrx_word' id='word_1_253' title='bbox 771 2310 828 2363; x_wconf 75' lang='grc' dir='ltr'>δὲ</span> <span class='ocrx_word' id='word_1_254' title='bbox 861 2311 931 2364; x_wconf 67' lang='grc' dir='ltr'>τὰ</span> <span class='ocrx_word' id='word_1_255' title='bbox 985 2312 1041 2363; x_wconf 88' lang='grc' dir='ltr'><strong>ἐν</strong></span> <span class='ocrx_word' id='word_1_256' title='bbox 1082 2311 1239 2383; x_wconf 82' lang='grc' dir='ltr'>τύπῳ</span> <span class='ocrx_word' id='word_1_257' title='bbox 1287 2330 1385 2367; x_wconf 86' lang='grc' dir='ltr'><strong>και</strong></span> <span class='ocrx_word' id='word_1_258' title='bbox 1434 2316 1561 2385; x_wconf 79' lang='grc' dir='ltr'>σκιᾷ</span> <span class='ocrx_word' id='word_1_259' title='bbox 1596 2316 1943 2387; x_wconf 83' lang='grc' dir='ltr'>μεταρυθμί-</span> 
     </span>
    </p>
   </div>
   <div class='ocr_carea' id='block_1_35' title="bbox 331 2402 1945 2478">
    <p class='ocr_par' dir='ltr' id='par_1_35' title="bbox 331 2402 1945 2478">
     <span class='ocr_line' id='line_1_35' title="bbox 331 2402 1945 2478; baseline 0.005 -23"><span class='ocrx_word' id='word_1_260' title='bbox 331 2403 451 2465; x_wconf 81' lang='grc' dir='ltr'>ζων</span> <span class='ocrx_word' id='word_1_261' title='bbox 478 2405 557 2465; x_wconf 80' lang='grc' dir='ltr'><strong>είς</strong></span> <span class='ocrx_word' id='word_1_262' title='bbox 587 2403 870 2473; x_wconf 77' lang='grc' dir='ltr'>ἀλήθειαν,</span> <span class='ocrx_word' id='word_1_263' title='bbox 899 2403 1000 2455; x_wconf 73' lang='grc' dir='ltr'><strong>οὐκ</strong></span> <span class='ocrx_word' id='word_1_264' title='bbox 1026 2402 1130 2467; x_wconf 80' lang='grc' dir='ltr'>ἔξω</span> <span class='ocrx_word' id='word_1_265' title='bbox 1164 2406 1386 2475; x_wconf 73' lang='grc' dir='ltr'>μομφῆς</span> <span class='ocrx_word' id='word_1_266' title='bbox 1408 2408 1441 2459; x_wconf 76' lang='lat'><em>‘6</em></span> <span class='ocrx_word' id='word_1_267' title='bbox 1474 2408 1743 2478; x_wconf 80' lang='grc' dir='ltr'>μακάριος</span> <span class='ocrx_word' id='word_1_268' title='bbox 1767 2409 1945 2463; x_wconf 82' lang='grc' dir='ltr'>ἔκειτο</span> 
     </span>
    </p>
   </div>
   <div class='ocr_carea' id='block_1_36' title="bbox 331 2494 1945 2572">
    <p class='ocr_par' dir='ltr' id='par_1_36' title="bbox 331 2494 1945 2572">
     <span class='ocr_line' id='line_1_36' title="bbox 331 2494 1945 2572; baseline 0.006 -25"><span class='ocrx_word' id='word_1_269' title='bbox 331 2494 695 2564; x_wconf 76' lang='grc' dir='ltr'>Βαπτιστὴς,</span> <span class='ocrx_word' id='word_1_270' title='bbox 738 2495 833 2549; x_wconf 62' lang='lat' dir='ltr'><strong>an</strong></span> <span class='ocrx_word' id='word_1_271' title='bbox 868 2494 932 2566; x_wconf 82' lang='grc' dir='ltr'>δὴ</span> <span class='ocrx_word' id='word_1_272' title='bbox 972 2500 1291 2566; x_wconf 78' lang='grc' dir='ltr'>συνηγορεῖν</span> <span class='ocrx_word' id='word_1_273' title='bbox 1362 2499 1832 2571; x_wconf 79' lang='grc' dir='ltr'>ἀναπεπεισμένος</span> <span class='ocrx_word' id='word_1_274' title='bbox 1865 2502 1945 2572; x_wconf 83' lang='grc' dir='ltr'><strong>τῷ</strong></span> 
     </span>
    </p>
   </div>
   <div class='ocr_carea' id='block_1_37' title="bbox 330 2586 1945 2658">
    <p class='ocr_par' dir='ltr' id='par_1_37' title="bbox 330 2586 1945 2658">
     <span class='ocr_line' id='line_1_37' title="bbox 330 2586 1945 2658; baseline 0.006 -22"><span class='ocrx_word' id='word_1_275' title='bbox 330 2588 443 2653; x_wconf 55' lang='grc' dir='ltr'>τὴν</span> <span class='ocrx_word' id='word_1_276' title='bbox 470 2586 708 2656; x_wconf 78' lang='grc' dir='ltr'>νομικὴν</span> <span class='ocrx_word' id='word_1_277' title='bbox 761 2586 1119 2657; x_wconf 76' lang='grc' dir='ltr'>ἀνατρέποντι</span> <span class='ocrx_word' id='word_1_278' title='bbox 1178 2588 1478 2654; x_wconf 77' lang='grc' dir='ltr'>παίδευσιν,</span> <span class='ocrx_word' id='word_1_279' title='bbox 1520 2592 1662 2645; x_wconf 89' lang='grc' dir='ltr'>κατά</span> <span class='ocrx_word' id='word_1_280' title='bbox 1710 2609 1774 2658; x_wconf 88' lang='grc' dir='ltr'><strong>γε</strong></span> <span class='ocrx_word' id='word_1_281' title='bbox 1818 2594 1945 2657; x_wconf 73' lang='grc' dir='ltr'>τοὺς</span> 
     </span>
    </p>
   </div>
   <div class='ocr_carea' id='block_1_38' title="bbox 329 2675 1941 2751">
    <p class='ocr_par' dir='ltr' id='par_1_38' title="bbox 329 2675 1941 2751">
     <span class='ocr_line' id='line_1_38' title="bbox 329 2675 1941 2751; baseline 0.005 -23"><span class='ocrx_word' id='word_1_282' title='bbox 329 2676 450 2728; x_wconf 80' lang='grc' dir='ltr'><strong>τῶν</strong></span> <span class='ocrx_word' id='word_1_283' title='bbox 495 2677 740 2746; x_wconf 79' lang='grc' dir='ltr'>ἀνοήτων</span> <span class='ocrx_word' id='word_1_284' title='bbox 786 2676 999 2743; x_wconf 75' lang='grc' dir='ltr'>λόγους.</span> <span class='ocrx_word' id='word_1_285' title='bbox 1051 2678 1112 2730; x_wconf 78' lang='lat' dir='ltr'><strong>Ei</strong></span> <span class='ocrx_word' id='word_1_286' title='bbox 1147 2677 1254 2749; x_wconf 78' lang='grc' dir='ltr'><strong>γάρ</strong></span> <span class='ocrx_word' id='word_1_287' title='bbox 1299 2675 1368 2749; x_wconf 72' lang='grc' dir='ltr'>ἦν</span> <span class='ocrx_word' id='word_1_288' title='bbox 1405 2675 1560 2744; x_wconf 72' lang='grc' dir='ltr'>οὗτος</span> <span class='ocrx_word' id='word_1_289' title='bbox 1594 2683 1745 2751; x_wconf 81' lang='grc' dir='ltr'>παρὰ</span> <span class='ocrx_word' id='word_1_290' title='bbox 1783 2682 1941 2747; x_wconf 84' lang='grc' dir='ltr'>Θεοῦ,</span> 
     </span>
    </p>
   </div>
   <div class='ocr_carea' id='block_1_39' title="bbox 332 2768 1946 2838">
    <p class='ocr_par' dir='ltr' id='par_1_39' title="bbox 332 2768 1946 2838">
     <span class='ocr_line' id='line_1_39' title="bbox 332 2768 1946 2838; baseline 0.004 -18"><span class='ocrx_word' id='word_1_291' title='bbox 332 2769 605 2837; x_wconf 73' lang='grc' dir='ltr'>ἔφασκον,</span> <span class='ocrx_word' id='word_1_292' title='bbox 628 2771 656 2821; x_wconf 88' lang='lat'><strong>6</strong></span> <span class='ocrx_word' id='word_1_293' title='bbox 698 2768 1009 2838; x_wconf 80' lang='grc' dir='ltr'>ἄνθρωπος,</span> <span class='ocrx_word' id='word_1_294' title='bbox 1042 2769 1142 2821; x_wconf 78' lang='grc' dir='ltr'><strong>οὐκ</strong></span> <span class='ocrx_word' id='word_1_295' title='bbox 1176 2770 1242 2823; x_wconf 85' lang='grc' dir='ltr'>ἄν</span> <span class='ocrx_word' id='word_1_296' title='bbox 1274 2770 1393 2822; x_wconf 79' lang='grc' dir='ltr'>ἔλυε</span> <span class='ocrx_word' id='word_1_297' title='bbox 1433 2771 1495 2823; x_wconf 85' lang='grc' dir='ltr'><strong>τὸ</strong></span> <span class='ocrx_word' id='word_1_298' title='bbox 1542 2771 1840 2826; x_wconf 79' lang='grc' dir='ltr'>Σάϐϐατον.</span> <span class='ocrx_word' id='word_1_299' title='bbox 1880 2773 1946 2826; x_wconf 79' lang='grc' dir='ltr'>Τί</span> 
     </span>
    </p>
   </div>
   <div class='ocr_carea' id='block_1_40' title="bbox 334 2856 1947 2932">
    <p class='ocr_par' dir='ltr' id='par_1_40' title="bbox 334 2856 1947 2932">
     <span class='ocr_line' id='line_1_40' title="bbox 334 2856 1947 2932; baseline 0.004 -19"><span class='ocrx_word' id='word_1_300' title='bbox 334 2856 439 2914; x_wconf 75' lang='grc' dir='ltr'><strong>οὖν</strong></span> <span class='ocrx_word' id='word_1_301' title='bbox 477 2862 586 2930; x_wconf 79' lang='grc' dir='ltr'>ἄρα</span> <span class='ocrx_word' id='word_1_302' title='bbox 634 2863 947 2931; x_wconf 75' lang='grc' dir='ltr'>μηχανᾶται</span> <span class='ocrx_word' id='word_1_303' title='bbox 983 2861 1120 2932; x_wconf 78' lang='grc' dir='ltr'>πρὸς</span> <span class='ocrx_word' id='word_1_304' title='bbox 1158 2860 1345 2925; x_wconf 84' lang='grc' dir='ltr'>τοῦτο;</span> <span class='ocrx_word' id='word_1_305' title='bbox 1380 2862 1491 2926; x_wconf 83' lang='grc' dir='ltr'><strong>Τάς</strong></span> <span class='ocrx_word' id='word_1_306' title='bbox 1536 2863 1643 2917; x_wconf 90' lang='grc' dir='ltr'><strong>τῶν</strong></span> <span class='ocrx_word' id='word_1_307' title='bbox 1677 2864 1947 2920; x_wconf 82' lang='grc' dir='ltr'>Ἰουδαίων</span> 
     </span>
    </p>
   </div>
   <div class='ocr_carea' id='block_1_41' title="bbox 334 2951 1948 3025">
    <p class='ocr_par' dir='ltr' id='par_1_41' title="bbox 334 2951 1948 3025">
     <span class='ocr_line' id='line_1_41' title="bbox 334 2951 1948 3025; baseline 0.003 -18"><span class='ocrx_word' id='word_1_308' title='bbox 334 2951 406 3007; x_wconf 67' lang='grc' dir='ltr'>σὺ</span> <span class='ocrx_word' id='word_1_309' title='bbox 441 2953 659 3015; x_wconf 83' lang='grc' dir='ltr'>πάντως</span> <span class='ocrx_word' id='word_1_310' title='bbox 691 2954 1154 3025; x_wconf 83' lang='grc' dir='ltr'>άποκρουόμενος,</span> <span class='ocrx_word' id='word_1_311' title='bbox 1181 2953 1319 3017; x_wconf 73' lang='grc' dir='ltr'>ἀλλ’,</span> <span class='ocrx_word' id='word_1_312' title='bbox 1350 2953 1415 3005; x_wconf 79' lang='grc' dir='ltr'><strong>ἶν’</strong></span> <span class='ocrx_word' id='word_1_313' title='bbox 1441 2954 1615 3019; x_wconf 73' lang='grc' dir='ltr'>οὕτως</span> <span class='ocrx_word' id='word_1_314' title='bbox 1644 2957 1802 3024; x_wconf 78' lang='grc' dir='ltr'>εἴπω,</span> <span class='ocrx_word' id='word_1_315' title='bbox 1830 2958 1948 3012; x_wconf 80' lang='grc' dir='ltr'>δια-</span> 
     </span>
    </p>
   </div>
   <div class='ocr_carea' id='block_1_42' title="bbox 337 3046 1948 3122">
    <p class='ocr_par' dir='ltr' id='par_1_42' title="bbox 337 3046 1948 3122">
     <span class='ocr_line' id='line_1_42' title="bbox 337 3046 1948 3122; baseline 0.005 -25"><span class='ocrx_word' id='word_1_316' title='bbox 337 3046 629 3116; x_wconf 75' lang='grc' dir='ltr'>χλευάζων</span> <span class='ocrx_word' id='word_1_317' title='bbox 687 3048 932 3111; x_wconf 82' lang='grc' dir='ltr'>ἐννοίας,</span> <span class='ocrx_word' id='word_1_318' title='bbox 992 3049 1373 3118; x_wconf 76' lang='grc' dir='ltr'>συναγορεύειν</span> <span class='ocrx_word' id='word_1_319' title='bbox 1429 3050 1948 3122; x_wconf 75' lang='grc' dir='ltr'>προσποιεῖται,τῷ</span> 
     </span>
    </p>
   </div>
   <div class='ocr_carea' id='block_1_43' title="bbox 338 3136 1920 3216">
    <p class='ocr_par' dir='ltr' id='par_1_43' title="bbox 338 3136 1920 3216">
     <span class='ocr_line' id='line_1_43' title="bbox 338 3136 1920 3216; baseline 0.006 -29"><span class='ocrx_word' id='word_1_320' title='bbox 338 3136 518 3205; x_wconf 79' lang='grc' dir='ltr'>νόμῳ.</span> <span class='ocrx_word' id='word_1_321' title='bbox 550 3137 995 3216; x_wconf 13' lang='grc' dir='ltr'>καὶγΜωσαῖκῶν</span> <span class='ocrx_word' id='word_1_322' title='bbox 1037 3137 1547 3209; x_wconf 76' lang='grc' dir='ltr'>ὑπεραγωνίζεσθαι</span> <span class='ocrx_word' id='word_1_323' title='bbox 1589 3157 1920 3212; x_wconf 81' lang='grc' dir='ltr'>προσταγμα</span> 
     </span>
    </p>
   </div>
   <div class='ocr_carea' id='block_1_44' title="bbox 2051 1929 3651 2009">
    <p class='ocr_par' dir='ltr' id='par_1_44' title="bbox 2051 1929 3651 2009">
     <span class='ocr_line' id='line_1_44' title="bbox 2051 1929 3651 2009; baseline -0.009 -12"><span class='ocrx_word' id='word_1_324' title='bbox 2051 1940 2189 1997; x_wconf 89' lang='lat' dir='ltr'><strong>tollit</strong></span> <span class='ocrx_word' id='word_1_325' title='bbox 2230 1947 2516 2009; x_wconf 88' lang='lat' dir='ltr'><strong>peccatum</strong></span> <span class='ocrx_word' id='word_1_326' title='bbox 2551 1934 2734 1991; x_wconf 85' lang='lat' dir='ltr'><strong>mundi</strong></span> <span class='ocrx_word' id='word_1_327' title='bbox 2766 1934 2833 1987; x_wconf 68' lang='grc' dir='ltr'><strong>δ’.</strong></span> <span class='ocrx_word' id='word_1_328' title='bbox 2878 1952 2895 1983; x_wconf 79' lang='grc' dir='ltr'><strong>ι</strong></span> <span class='ocrx_word' id='word_1_329' title='bbox 2934 1931 3072 1987; x_wconf 83' lang='lat' dir='ltr'><strong>Cum</strong></span> <span class='ocrx_word' id='word_1_330' title='bbox 3108 1945 3238 1985; x_wconf 84' lang='lat' dir='ltr'><strong>vero</strong></span> <span class='ocrx_word' id='word_1_331' title='bbox 3269 1929 3554 1993; x_wconf 85' lang='lat' dir='ltr'><strong>Dominus,</strong></span> <span class='ocrx_word' id='word_1_332' title='bbox 3584 1930 3651 1983; x_wconf 89' lang='lat' dir='ltr'><strong>de</strong></span> 
     </span>
    </p>
   </div>
   <div class='ocr_carea' id='block_1_45' title="bbox 2050 2019 3657 2105">
    <p class='ocr_par' dir='ltr' id='par_1_45' title="bbox 2050 2019 3657 2105">
     <span class='ocr_line' id='line_1_45' title="bbox 2050 2019 3657 2105; baseline -0.011 -17"><span class='ocrx_word' id='word_1_333' title='bbox 2050 2048 2159 2105; x_wconf 89' lang='lat' dir='ltr'><strong>quo</strong></span> <span class='ocrx_word' id='word_1_334' title='bbox 2207 2029 2577 2087; x_wconf 85' lang='lat' dir='ltr'><strong>testimonium</strong></span> <span class='ocrx_word' id='word_1_335' title='bbox 2642 2026 2996 2096; x_wconf 77' lang='lat' dir='ltr'><strong>perhibuerat</strong></span> <span class='ocrx_word' id='word_1_336' title='bbox 3032 2064 3048 2090; x_wconf 94' lang='lat'><strong>,</strong></span> <span class='ocrx_word' id='word_1_337' title='bbox 3098 2024 3318 2076; x_wconf 83' lang='lat' dir='ltr'><strong>deserto</strong></span> <span class='ocrx_word' id='word_1_338' title='bbox 3382 2020 3530 2075; x_wconf 91' lang='lat' dir='ltr'><strong>cultu</strong></span> <span class='ocrx_word' id='word_1_339' title='bbox 3579 2019 3657 2073; x_wconf 81' lang='lat' dir='ltr'><strong>le-</strong></span> 
     </span>
    </p>
   </div>
   <div class='ocr_carea' id='block_1_46' title="bbox 2050 2112 3648 2196">
    <p class='ocr_par' dir='ltr' id='par_1_46' title="bbox 2050 2112 3648 2196">
     <span class='ocr_line' id='line_1_46' title="bbox 2050 2112 3648 2196; baseline -0.011 -17"><span class='ocrx_word' id='word_1_340' title='bbox 2050 2124 2156 2196; x_wconf 77' lang='lat' dir='ltr'><strong>gali</strong></span> <span class='ocrx_word' id='word_1_341' title='bbox 2192 2138 2286 2191; x_wconf 88' lang='lat' dir='ltr'><strong>per</strong></span> <span class='ocrx_word' id='word_1_342' title='bbox 2314 2122 2495 2177; x_wconf 82' lang='lat' dir='ltr'><strong>Mosen</strong></span> <span class='ocrx_word' id='word_1_343' title='bbox 2537 2119 2892 2190; x_wconf 65' lang='lat' dir='ltr'><strong>praescripto,</strong></span> <span class='ocrx_word' id='word_1_344' title='bbox 2932 2116 3052 2172; x_wconf 88' lang='lat' dir='ltr'><strong>loco</strong></span> <span class='ocrx_word' id='word_1_345' title='bbox 3100 2114 3244 2169; x_wconf 91' lang='lat' dir='ltr'><strong>illius</strong></span> <span class='ocrx_word' id='word_1_346' title='bbox 3272 2112 3648 2182; x_wconf 76' lang='lat' dir='ltr'><strong>evangelicam</strong></span> 
     </span>
    </p>
   </div>
   <div class='ocr_carea' id='block_1_47' title="bbox 2053 2207 3648 2283">
    <p class='ocr_par' dir='ltr' id='par_1_47' title="bbox 2053 2207 3648 2283">
     <span class='ocr_line' id='line_1_47' title="bbox 2053 2207 3648 2283; baseline -0.009 -12"><span class='ocrx_word' id='word_1_347' title='bbox 2053 2220 2222 2273; x_wconf 75' lang='lat' dir='ltr'><strong>vitam</strong></span> <span class='ocrx_word' id='word_1_348' title='bbox 2266 2218 2577 2279; x_wconf 88' lang='lat' dir='ltr'><strong>induceret,</strong></span> <span class='ocrx_word' id='word_1_349' title='bbox 2614 2224 2665 2269; x_wconf 89' lang='lat' dir='ltr'><strong>et</strong></span> <span class='ocrx_word' id='word_1_350' title='bbox 2698 2226 2821 2283; x_wconf 75' lang='lat' dir='ltr'><strong>quae</strong></span> <span class='ocrx_word' id='word_1_351' title='bbox 2854 2212 2904 2265; x_wconf 93' lang='lat' dir='ltr'><strong>in</strong></span> <span class='ocrx_word' id='word_1_352' title='bbox 2941 2219 3069 2280; x_wconf 85' lang='lat' dir='ltr'><strong>typo</strong></span> <span class='ocrx_word' id='word_1_353' title='bbox 3111 2220 3276 2278; x_wconf 86' lang='lat' dir='ltr'><strong>atque</strong></span> <span class='ocrx_word' id='word_1_354' title='bbox 3325 2210 3519 2262; x_wconf 89' lang='lat' dir='ltr'><strong>umbra</strong></span> <span class='ocrx_word' id='word_1_355' title='bbox 3559 2207 3648 2259; x_wconf 90' lang='lat' dir='ltr'><strong>iu-</strong></span> 
     </span>
    </p>
   </div>
   <div class='ocr_carea' id='block_1_48' title="bbox 2051 2297 3649 2372">
    <p class='ocr_par' dir='ltr' id='par_1_48' title="bbox 2051 2297 3649 2372">
     <span class='ocr_line' id='line_1_48' title="bbox 2051 2297 3649 2372; baseline -0.011 -8"><span class='ocrx_word' id='word_1_356' title='bbox 2051 2310 2234 2365; x_wconf 76' lang='lat' dir='ltr'><strong>voluta</strong></span> <span class='ocrx_word' id='word_1_357' title='bbox 2283 2316 2484 2372; x_wconf 89' lang='lat' dir='ltr'><strong>erant,</strong></span> <span class='ocrx_word' id='word_1_358' title='bbox 2529 2307 2596 2359; x_wconf 86' lang='lat' dir='ltr'><strong>ad</strong></span> <span class='ocrx_word' id='word_1_359' title='bbox 2648 2305 2932 2359; x_wconf 74' lang='lat' dir='ltr'><strong>veritatem</strong></span> <span class='ocrx_word' id='word_1_360' title='bbox 2984 2300 3341 2363; x_wconf 82' lang='lat' dir='ltr'><strong>transferret,</strong></span> <span class='ocrx_word' id='word_1_361' title='bbox 3405 2297 3649 2368; x_wconf 82' lang='lat' dir='ltr'><strong>Baptista</strong></span> 
     </span>
    </p>
   </div>
   <div class='ocr_carea' id='block_1_49' title="bbox 2056 2391 3653 2473">
    <p class='ocr_par' dir='ltr' id='par_1_49' title="bbox 2056 2391 3653 2473">
     <span class='ocr_line' id='line_1_49' title="bbox 2056 2391 3653 2473; baseline -0.011 -18"><span class='ocrx_word' id='word_1_362' title='bbox 2056 2400 2537 2473; x_wconf 77' lang='lat' dir='ltr'><strong>reprehensionem</strong></span> <span class='ocrx_word' id='word_1_363' title='bbox 2564 2396 2818 2460; x_wconf 90' lang='lat' dir='ltr'><strong>incurrit,</strong></span> <span class='ocrx_word' id='word_1_364' title='bbox 2851 2395 3051 2463; x_wconf 84' lang='lat' dir='ltr'><strong>quippe</strong></span> <span class='ocrx_word' id='word_1_365' title='bbox 3081 2393 3171 2462; x_wconf 85' lang='lat' dir='ltr'><strong>qui</strong></span> <span class='ocrx_word' id='word_1_366' title='bbox 3206 2391 3653 2461; x_wconf 83' lang='lat' dir='ltr'><strong>patrocinaretur</strong></span> 
     </span>
    </p>
   </div>
   <div class='ocr_carea' id='block_1_50' title="bbox 2054 2488 3647 2564">
    <p class='ocr_par' dir='ltr' id='par_1_50' title="bbox 2054 2488 3647 2564">
     <span class='ocr_line' id='line_1_50' title="bbox 2054 2488 3647 2564; baseline -0.007 -16"><span class='ocrx_word' id='word_1_367' title='bbox 2054 2494 2159 2557; x_wconf 92' lang='lat' dir='ltr'><strong>illi,</strong></span> <span class='ocrx_word' id='word_1_368' title='bbox 2204 2493 2295 2564; x_wconf 86' lang='lat' dir='ltr'><strong>qui</strong></span> <span class='ocrx_word' id='word_1_369' title='bbox 2323 2491 2550 2561; x_wconf 75' lang='lat' dir='ltr'><strong>legalem</strong></span> <span class='ocrx_word' id='word_1_370' title='bbox 2586 2490 2927 2551; x_wconf 85' lang='lat' dir='ltr'><strong>doctrinam,</strong></span> <span class='ocrx_word' id='word_1_371' title='bbox 2973 2488 3126 2556; x_wconf 75' lang='lat' dir='ltr'><strong>juxta</strong></span> <span class='ocrx_word' id='word_1_372' title='bbox 3159 2488 3398 2553; x_wconf 82' lang='lat' dir='ltr'><strong>ipsorum</strong></span> <span class='ocrx_word' id='word_1_373' title='bbox 3436 2499 3647 2539; x_wconf 88' lang='lat' dir='ltr'><strong>sermo-</strong></span> 
     </span>
    </p>
   </div>
   <div class='ocr_carea' id='block_1_51' title="bbox 2057 2577 3650 2650">
    <p class='ocr_par' dir='ltr' id='par_1_51' title="bbox 2057 2577 3650 2650">
     <span class='ocr_line' id='line_1_51' title="bbox 2057 2577 3650 2650; baseline -0.008 -10"><span class='ocrx_word' id='word_1_374' title='bbox 2057 2600 2202 2650; x_wconf 89' lang='lat' dir='ltr'><strong>nem,</strong></span> <span class='ocrx_word' id='word_1_375' title='bbox 2254 2592 2547 2638; x_wconf 76' lang='lat' dir='ltr'><strong>everteret.</strong></span> <span class='ocrx_word' id='word_1_376' title='bbox 2587 2582 2645 2635; x_wconf 86' lang='lat' dir='ltr'><strong>Si</strong></span> <span class='ocrx_word' id='word_1_377' title='bbox 2677 2582 2822 2635; x_wconf 86' lang='lat' dir='ltr'><strong>enim</strong></span> <span class='ocrx_word' id='word_1_378' title='bbox 2888 2580 3054 2633; x_wconf 88' lang='lat' dir='ltr'><strong>homo</strong></span> <span class='ocrx_word' id='word_1_379' title='bbox 3083 2578 3169 2631; x_wconf 88' lang='lat' dir='ltr'><strong>hic</strong></span> <span class='ocrx_word' id='word_1_380' title='bbox 3214 2616 3229 2639; x_wconf 91' lang='lat'><strong>,</strong></span> <span class='ocrx_word' id='word_1_381' title='bbox 3267 2577 3563 2638; x_wconf 89' lang='lat' dir='ltr'><strong>dicebant,</strong></span> <span class='ocrx_word' id='word_1_382' title='bbox 3620 2590 3650 2627; x_wconf 89' lang='lat' dir='ltr'><strong>a</strong></span> 
     </span>
    </p>
   </div>
   <div class='ocr_carea' id='block_1_52' title="bbox 2058 2660 3648 2742">
    <p class='ocr_par' dir='ltr' id='par_1_52' title="bbox 2058 2660 3648 2742">
     <span class='ocr_line' id='line_1_52' title="bbox 2058 2660 3648 2742; baseline -0.008 -11"><span class='ocrx_word' id='word_1_383' title='bbox 2058 2677 2168 2731; x_wconf 88' lang='lat' dir='ltr'><strong>Deo</strong></span> <span class='ocrx_word' id='word_1_384' title='bbox 2201 2683 2368 2739; x_wconf 87' lang='lat' dir='ltr'><strong>esset,</strong></span> <span class='ocrx_word' id='word_1_385' title='bbox 2409 2674 2833 2742; x_wconf 84' lang='lat' dir='ltr'><strong>haudquaquam</strong></span> <span class='ocrx_word' id='word_1_386' title='bbox 2893 2660 3224 2724; x_wconf 64' lang='lat' dir='ltr'><strong>dissolveret</strong></span> <span class='ocrx_word' id='word_1_387' title='bbox 3250 2668 3551 2723; x_wconf 86' lang='lat' dir='ltr'><strong>Sabbatutn</strong></span> <span class='ocrx_word' id='word_1_388' title='bbox 3578 2667 3648 2718; x_wconf 78' lang='lat'><strong>‘°.</strong></span> 
     </span>
    </p>
   </div>
   <div class='ocr_carea' id='block_1_53' title="bbox 2056 2758 3655 2835">
    <p class='ocr_par' dir='ltr' id='par_1_53' title="bbox 2056 2758 3655 2835">
     <span class='ocr_line' id='line_1_53' title="bbox 2056 2758 3655 2835; baseline -0.006 -17"><span class='ocrx_word' id='word_1_389' title='bbox 2056 2766 2198 2833; x_wconf 88' lang='lat' dir='ltr'><strong>Quid</strong></span> <span class='ocrx_word' id='word_1_390' title='bbox 2267 2766 2431 2835; x_wconf 78' lang='lat' dir='ltr'><strong>igitur</strong></span> <span class='ocrx_word' id='word_1_391' title='bbox 2491 2763 2753 2818; x_wconf 88' lang='lat' dir='ltr'><strong>adversus</strong></span> <span class='ocrx_word' id='word_1_392' title='bbox 2816 2762 2931 2816; x_wconf 72' lang='lat' dir='ltr'><strong>lucc</strong></span> <span class='ocrx_word' id='word_1_393' title='bbox 2992 2761 3265 2831; x_wconf 70' lang='lat' dir='ltr'><strong>excogiiat</strong></span> <span class='ocrx_word' id='word_1_394' title='bbox 3324 2768 3380 2813; x_wconf 85' lang='lat' dir='ltr'><strong>et</strong></span> <span class='ocrx_word' id='word_1_395' title='bbox 3434 2758 3655 2813; x_wconf 84' lang='lat' dir='ltr'><strong>molitur</strong></span> 
     </span>
    </p>
   </div>
   <div class='ocr_carea' id='block_1_54' title="bbox 2056 2853 3651 2930">
    <p class='ocr_par' dir='ltr' id='par_1_54' title="bbox 2056 2853 3651 2930">
     <span class='ocr_line' id='line_1_54' title="bbox 2056 2853 3651 2930; baseline -0.004 -17"><span class='ocrx_word' id='word_1_396' title='bbox 2056 2859 2340 2930; x_wconf 76' lang='lat' dir='ltr'><strong>Baptista?</strong></span> <span class='ocrx_word' id='word_1_397' title='bbox 2372 2858 2685 2914; x_wconf 65' lang='lat' dir='ltr'><strong>Iudaeorum</strong></span> <span class='ocrx_word' id='word_1_398' title='bbox 2704 2856 3016 2927; x_wconf 87' lang='lat' dir='ltr'><strong>opinionem</strong></span> <span class='ocrx_word' id='word_1_399' title='bbox 3044 2871 3148 2908; x_wconf 85' lang='lat' dir='ltr'><strong>nou</strong></span> <span class='ocrx_word' id='word_1_400' title='bbox 3172 2854 3330 2923; x_wconf 83' lang='lat' dir='ltr'><strong>plane</strong></span> <span class='ocrx_word' id='word_1_401' title='bbox 3362 2853 3651 2924; x_wconf 83' lang='lat' dir='ltr'><strong>rejieiens,</strong></span> 
     </span>
    </p>
   </div>
   <div class='ocr_carea' id='block_1_55' title="bbox 2058 2946 3657 3020">
    <p class='ocr_par' dir='ltr' id='par_1_55' title="bbox 2058 2946 3657 3020">
     <span class='ocr_line' id='line_1_55' title="bbox 2058 2946 3657 3020; baseline -0.007 -12"><span class='ocrx_word' id='word_1_402' title='bbox 2058 2953 2176 3020; x_wconf 87' lang='lat' dir='ltr'><strong>sed,</strong></span> <span class='ocrx_word' id='word_1_403' title='bbox 2206 2962 2264 3008; x_wconf 89' lang='lat' dir='ltr'><strong>ut</strong></span> <span class='ocrx_word' id='word_1_404' title='bbox 2302 2953 2374 3006; x_wconf 88' lang='lat' dir='ltr'><strong>ita</strong></span> <span class='ocrx_word' id='word_1_405' title='bbox 2428 2950 2649 3016; x_wconf 82' lang='lat' dir='ltr'><strong>dicam,</strong></span> <span class='ocrx_word' id='word_1_406' title='bbox 2715 2950 2971 3020; x_wconf 84' lang='lat' dir='ltr'><strong>irridens,</strong></span> <span class='ocrx_word' id='word_1_407' title='bbox 3008 2946 3369 3015; x_wconf 82' lang='lat' dir='ltr'><strong>patrocinium</strong></span> <span class='ocrx_word' id='word_1_408' title='bbox 3414 2946 3548 3015; x_wconf 81' lang='lat' dir='ltr'><strong>legis</strong></span> <span class='ocrx_word' id='word_1_409' title='bbox 3599 2959 3657 2998; x_wconf 87' lang='lat' dir='ltr'><strong>ct</strong></span> 
     </span>
    </p>
   </div>
   <div class='ocr_carea' id='block_1_56' title="bbox 2056 3019 3650 3115">
    <p class='ocr_par' dir='ltr' id='par_1_56' title="bbox 2056 3019 3650 3115">
     <span class='ocr_line' id='line_1_56' title="bbox 2056 3019 3650 3115; baseline -0.008 -14"><span class='ocrx_word' id='word_1_410' title='bbox 2056 3046 2423 3102; x_wconf 75' lang='lat' dir='ltr'><strong>Mosaicorum</strong></span> <span class='ocrx_word' id='word_1_411' title='bbox 2457 3054 2853 3115; x_wconf 72' lang='lat' dir='ltr'><strong>praeceptorum</strong></span> <span class='ocrx_word' id='word_1_412' title='bbox 2879 3019 3373 3110; x_wconf 72' lang='lat' dir='ltr'><strong>propugnationem</strong></span> <span class='ocrx_word' id='word_1_413' title='bbox 3404 3035 3650 3091; x_wconf 84' lang='lat' dir='ltr'><strong>simulat.</strong></span> 
     </span>
    </p>
   </div>
   <div class='ocr_carea' id='block_1_57' title="bbox 2060 3130 3654 3205">
    <p class='ocr_par' dir='ltr' id='par_1_57' title="bbox 2060 3130 3654 3205">
     <span class='ocr_line' id='line_1_57' title="bbox 2060 3130 3654 3205; baseline -0.006 -12"><span class='ocrx_word' id='word_1_414' title='bbox 2060 3138 2195 3193; x_wconf 83' lang='lat' dir='ltr'><strong>Cum</strong></span> <span class='ocrx_word' id='word_1_415' title='bbox 2256 3138 2402 3193; x_wconf 89' lang='lat' dir='ltr'><strong>enim</strong></span> <span class='ocrx_word' id='word_1_416' title='bbox 2463 3146 2590 3191; x_wconf 88' lang='lat' dir='ltr'><strong>tunc</strong></span> <span class='ocrx_word' id='word_1_417' title='bbox 2639 3135 2902 3205; x_wconf 87' lang='lat' dir='ltr'><strong>temporis</strong></span> <span class='ocrx_word' id='word_1_418' title='bbox 2949 3134 3119 3187; x_wconf 84' lang='lat' dir='ltr'><strong>variis</strong></span> <span class='ocrx_word' id='word_1_419' title='bbox 3171 3133 3347 3187; x_wconf 89' lang='lat' dir='ltr'><strong>modis</strong></span> <span class='ocrx_word' id='word_1_420' title='bbox 3388 3132 3439 3186; x_wconf 91' lang='lat' dir='ltr'><strong>in</strong></span> <span class='ocrx_word' id='word_1_421' title='bbox 3479 3130 3654 3200; x_wconf 78' lang='lat' dir='ltr'><strong>legem</strong></span> 
     </span>
    </p>
   </div>
   <div class='ocr_carea' id='block_1_58' title="bbox 339 3223 1949 3303">
    <p class='ocr_par' dir='ltr' id='par_1_58' title="bbox 339 3228 1949 3303">
     <span class='ocr_line' id='line_1_58' title="bbox 339 3228 1949 3303; baseline 0.002 -21"><span class='ocrx_word' id='word_1_422' title='bbox 339 3246 476 3282; x_wconf 82' lang='grc' dir='ltr'>των.</span> <span class='ocrx_word' id='word_1_423' title='bbox 508 3228 732 3282; x_wconf 77' lang='grc' dir='ltr'>Πολλῶν</span> <span class='ocrx_word' id='word_1_424' title='bbox 762 3230 870 3299; x_wconf 70' lang='grc' dir='ltr'><strong>γὰρ</strong></span> <span class='ocrx_word' id='word_1_425' title='bbox 897 3229 973 3301; x_wconf 74' lang='grc' dir='ltr'><strong>τῷ</strong></span> <span class='ocrx_word' id='word_1_426' title='bbox 1003 3230 1256 3300; x_wconf 73' lang='grc' dir='ltr'>τηνικάδε</span> <span class='ocrx_word' id='word_1_427' title='bbox 1288 3230 1433 3283; x_wconf 80' lang='grc' dir='ltr'><strong>κατὰ</strong></span> <span class='ocrx_word' id='word_1_428' title='bbox 1464 3232 1742 3295; x_wconf 79' lang='grc' dir='ltr'>ποικίλους</span> <span class='ocrx_word' id='word_1_429' title='bbox 1776 3250 1949 3303; x_wconf 86' lang='grc' dir='ltr'>παρα-</span> 
     </span>
    </p>
   </div>
   <div class='ocr_carea' id='block_1_59' title="bbox 2059 3223 3655 3303">
    <p class='ocr_par' dir='ltr' id='par_1_59' title="bbox 2062 3223 3655 3301">
     <span class='ocr_line' id='line_1_59' title="bbox 2062 3223 3655 3301; baseline -0.005 -16"><span class='ocrx_word' id='word_1_430' title='bbox 2062 3238 2402 3301; x_wconf 84' lang='lat' dir='ltr'><strong>peccaretur,</strong></span> <span class='ocrx_word' id='word_1_431' title='bbox 2436 3227 2610 3283; x_wconf 90' lang='lat' dir='ltr'><strong>solum</strong></span> <span class='ocrx_word' id='word_1_432' title='bbox 2643 3225 2911 3281; x_wconf 83' lang='lat' dir='ltr'><strong>Herodem</strong></span> <span class='ocrx_word' id='word_1_433' title='bbox 2950 3225 3381 3293; x_wconf 81' lang='lat' dir='ltr'><strong>reprebcusnrus</strong></span> <span class='ocrx_word' id='word_1_434' title='bbox 3420 3223 3655 3287; x_wconf 87' lang='lat' dir='ltr'><strong>accedit,</strong></span> 
     </span>
    </p>
   </div>
   <div class='ocr_carea' id='block_1_60' title="bbox 342 3321 1952 3394">
    <p class='ocr_par' dir='ltr' id='par_1_60' title="bbox 342 3321 1952 3394">
     <span class='ocr_line' id='line_1_60' title="bbox 342 3321 1952 3394; baseline 0.002 -21"><span class='ocrx_word' id='word_1_435' title='bbox 342 3321 661 3391; x_wconf 85' lang='grc' dir='ltr'>νομούντων</span> <span class='ocrx_word' id='word_1_436' title='bbox 719 3322 987 3392; x_wconf 75' lang='grc' dir='ltr'>τρόπους,</span> <span class='ocrx_word' id='word_1_437' title='bbox 1043 3323 1295 3392; x_wconf 86' lang='grc' dir='ltr'>πρόσεισι</span> <span class='ocrx_word' id='word_1_438' title='bbox 1349 3322 1511 3393; x_wconf 80' lang='grc' dir='ltr'>μόνον</span> <span class='ocrx_word' id='word_1_439' title='bbox 1556 3321 1647 3375; x_wconf 81' lang='grc' dir='ltr'><strong>τὸν</strong></span> <span class='ocrx_word' id='word_1_440' title='bbox 1702 3323 1952 3394; x_wconf 78' lang='grc' dir='ltr'>Ἡρώδην</span> 
     </span>
    </p>
   </div>
   <div class='ocr_carea' id='block_1_61' title="bbox 340 3412 1952 3486">
    <p class='ocr_par' dir='ltr' id='par_1_61' title="bbox 340 3412 1952 3486">
     <span class='ocr_line' id='line_1_61' title="bbox 340 3412 1952 3486; baseline 0.001 -19"><span class='ocrx_word' id='word_1_441' title='bbox 340 3412 664 3484; x_wconf 77' lang='grc' dir='ltr'>διελέγχων,</span> <span class='ocrx_word' id='word_1_442' title='bbox 714 3414 811 3465; x_wconf 75' lang='grc' dir='ltr'><strong>καὶ</strong></span> <span class='ocrx_word' id='word_1_443' title='bbox 867 3414 1255 3483; x_wconf 65' lang='grc' dir='ltr'>ῥιψοκινδύνως</span> <span class='ocrx_word' id='word_1_444' title='bbox 1311 3415 1441 3486; x_wconf 72' lang='grc' dir='ltr'>περὶ</span> <span class='ocrx_word' id='word_1_445' title='bbox 1482 3416 1582 3485; x_wconf 84' lang='grc' dir='ltr'>τῆς</span> <span class='ocrx_word' id='word_1_446' title='bbox 1625 3416 1952 3486; x_wconf 81' lang='grc' dir='ltr'>Ἡρωδιάδος</span> 
     </span>
    </p>
   </div>
   <div class='ocr_carea' id='block_1_62' title="bbox 346 3487 1952 3580">
    <p class='ocr_par' dir='ltr' id='par_1_62' title="bbox 346 3505 1952 3580">
     <span class='ocr_line' id='line_1_62' title="bbox 346 3505 1952 3580; baseline 0.004 -23"><span class='ocrx_word' id='word_1_447' title='bbox 346 3505 520 3576; x_wconf 70' lang='grc' dir='ltr'>βοιῖινο</span> <span class='ocrx_word' id='word_1_448' title='bbox 560 3525 579 3557; x_wconf 73' lang='grc' dir='ltr'><strong>ι</strong></span> <span class='ocrx_word' id='word_1_449' title='bbox 608 3507 723 3559; x_wconf 82' lang='grc' dir='ltr'>Ούκ</span> <span class='ocrx_word' id='word_1_450' title='bbox 771 3505 949 3571; x_wconf 77' lang='grc' dir='ltr'>ἒξεστί</span> <span class='ocrx_word' id='word_1_451' title='bbox 991 3525 1071 3561; x_wconf 93' lang='grc' dir='ltr'><strong>σοι</strong></span> <span class='ocrx_word' id='word_1_452' title='bbox 1108 3508 1253 3578; x_wconf 72' lang='grc' dir='ltr'>ἔχειν</span> <span class='ocrx_word' id='word_1_453' title='bbox 1304 3509 1510 3579; x_wconf 71' lang='grc' dir='ltr'>αὐτήνο</span> <span class='ocrx_word' id='word_1_454' title='bbox 1548 3527 1564 3559; x_wconf 74' lang='grc' dir='ltr'><strong>ι</strong></span> <span class='ocrx_word' id='word_1_455' title='bbox 1612 3508 1799 3562; x_wconf 85' lang='grc' dir='ltr'>ούδένα</span> <span class='ocrx_word' id='word_1_456' title='bbox 1843 3510 1952 3580; x_wconf 75' lang='grc' dir='ltr'><strong>γὰρ</strong></span> 
     </span>
    </p>
   </div>
   <div class='ocr_carea' id='block_1_63' title="bbox 342 3598 1953 3673">
    <p class='ocr_par' dir='ltr' id='par_1_63' title="bbox 342 3598 1953 3673">
     <span class='ocr_line' id='line_1_63' title="bbox 342 3598 1953 3673; baseline 0.002 -21"><span class='ocrx_word' id='word_1_457' title='bbox 342 3598 489 3661; x_wconf 69' lang='grc' dir='ltr'>ὅλως</span> <span class='ocrx_word' id='word_1_458' title='bbox 512 3599 607 3652; x_wconf 83' lang='grc' dir='ltr'><strong>τοῦ</strong></span> <span class='ocrx_word' id='word_1_459' title='bbox 644 3599 840 3653; x_wconf 83' lang='grc' dir='ltr'>παθεῖν</span> <span class='ocrx_word' id='word_1_460' title='bbox 872 3601 1106 3655; x_wconf 82' lang='grc' dir='ltr'>ἐποιεῖτο</span> <span class='ocrx_word' id='word_1_461' title='bbox 1136 3601 1316 3669; x_wconf 85' lang='grc' dir='ltr'>λόγον,</span> <span class='ocrx_word' id='word_1_462' title='bbox 1345 3601 1505 3672; x_wconf 75' lang='grc' dir='ltr'>ἄχρις</span> <span class='ocrx_word' id='word_1_463' title='bbox 1538 3601 1604 3655; x_wconf 84' lang='grc' dir='ltr'><strong>ἂν</strong></span> <span class='ocrx_word' id='word_1_464' title='bbox 1632 3602 1780 3673; x_wconf 80' lang='grc' dir='ltr'>αύτῷ</span> <span class='ocrx_word' id='word_1_465' title='bbox 1810 3602 1953 3656; x_wconf 73' lang='grc' dir='ltr'>κατὰ</span> 
     </span>
    </p>
   </div>
   <div class='ocr_carea' id='block_1_64' title="bbox 343 3685 1956 3759">
    <p class='ocr_par' dir='ltr' id='par_1_64' title="bbox 343 3685 1956 3759">
     <span class='ocr_line' id='line_1_64' title="bbox 343 3685 1956 3759; baseline -0.001 -17"><span class='ocrx_word' id='word_1_466' title='bbox 343 3688 444 3742; x_wconf 67' lang='grc' dir='ltr'>τὸν</span> <span class='ocrx_word' id='word_1_467' title='bbox 479 3689 820 3758; x_wconf 78' lang='grc' dir='ltr'>προτεθέντα</span> <span class='ocrx_word' id='word_1_468' title='bbox 848 3690 1051 3743; x_wconf 82' lang='grc' dir='ltr'>σκοπὸν</span> <span class='ocrx_word' id='word_1_469' title='bbox 1079 3688 1263 3755; x_wconf 81' lang='grc' dir='ltr'>διεξίοι</span> <span class='ocrx_word' id='word_1_470' title='bbox 1292 3689 1359 3742; x_wconf 76' lang='grc' dir='ltr'>τὰ</span> <span class='ocrx_word' id='word_1_471' title='bbox 1387 3689 1707 3759; x_wconf 83' lang='grc' dir='ltr'>πράγματα.</span> <span class='ocrx_word' id='word_1_472' title='bbox 1734 3685 1956 3757; x_wconf 86' lang='grc' dir='ltr'>Δεσμώ-</span> 
     </span>
    </p>
   </div>
   <div class='ocr_carea' id='block_1_65' title="bbox 344 3780 1956 3852">
    <p class='ocr_par' dir='ltr' id='par_1_65' title="bbox 344 3780 1956 3852">
     <span class='ocr_line' id='line_1_65' title="bbox 344 3780 1956 3852; baseline 0.001 -20"><span class='ocrx_word' id='word_1_473' title='bbox 344 3796 453 3850; x_wconf 72' lang='grc' dir='ltr'><strong>της</strong></span> <span class='ocrx_word' id='word_1_474' title='bbox 489 3780 671 3833; x_wconf 84' lang='grc' dir='ltr'>τοίνυν</span> <span class='ocrx_word' id='word_1_475' title='bbox 697 3782 725 3833; x_wconf 92' lang='lat'><strong>6</strong></span> <span class='ocrx_word' id='word_1_476' title='bbox 760 3780 968 3844; x_wconf 78' lang='grc' dir='ltr'>δίκαιος</span> <span class='ocrx_word' id='word_1_477' title='bbox 996 3784 1059 3835; x_wconf 85' lang='grc' dir='ltr'><strong>ἐκ</strong></span> <span class='ocrx_word' id='word_1_478' title='bbox 1096 3781 1434 3852; x_wconf 83' lang='grc' dir='ltr'>τυραννικῶν</span> <span class='ocrx_word' id='word_1_479' title='bbox 1474 3780 1686 3849; x_wconf 86' lang='grc' dir='ltr'>ἐγίνετο</span> <span class='ocrx_word' id='word_1_480' title='bbox 1718 3798 1956 3851; x_wconf 88' lang='grc' dir='ltr'>προστα-</span> 
     </span>
    </p>
   </div>
   <div class='ocr_carea' id='block_1_66' title="bbox 346 3873 1956 3945">
    <p class='ocr_par' dir='ltr' id='par_1_66' title="bbox 346 3873 1956 3945">
     <span class='ocr_line' id='line_1_66' title="bbox 346 3873 1956 3945; baseline 0.001 -20"><span class='ocrx_word' id='word_1_481' title='bbox 346 3874 607 3942; x_wconf 73' lang='grc' dir='ltr'>γμάτων,</span> <span class='ocrx_word' id='word_1_482' title='bbox 650 3874 746 3925; x_wconf 67' lang='grc' dir='ltr'><strong>καὶ</strong></span> <span class='ocrx_word' id='word_1_483' title='bbox 786 3874 847 3925; x_wconf 85' lang='grc' dir='ltr'><strong>τὸ</strong></span> <span class='ocrx_word' id='word_1_484' title='bbox 883 3873 1056 3936; x_wconf 75' lang='grc' dir='ltr'>πάθος</span> <span class='ocrx_word' id='word_1_485' title='bbox 1104 3874 1370 3927; x_wconf 78' lang='grc' dir='ltr'>ἐδυσώπει</span> <span class='ocrx_word' id='word_1_486' title='bbox 1403 3874 1493 3926; x_wconf 76' lang='grc' dir='ltr'><strong>τὸν</strong></span> <span class='ocrx_word' id='word_1_487' title='bbox 1544 3873 1956 3945; x_wconf 78' lang='grc' dir='ltr'>φιλεγκλήμονα</span> 
     </span>
    </p>
   </div>
   <div class='ocr_carea' id='block_1_67' title="bbox 343 3952 1955 4037">
    <p class='ocr_par' dir='ltr' id='par_1_67' title="bbox 343 3952 1955 4037">
     <span class='ocr_line' id='line_1_67' title="bbox 343 3952 1955 4037; baseline 0.001 -21"><span class='ocrx_word' id='word_1_488' title='bbox 343 3963 464 4017; x_wconf 80' lang='grc' dir='ltr'><strong>τῶν</strong></span> <span class='ocrx_word' id='word_1_489' title='bbox 500 3952 773 4019; x_wconf 77' lang='grc' dir='ltr'>Ἰουδαίων</span> <span class='ocrx_word' id='word_1_490' title='bbox 804 3965 953 4019; x_wconf 83' lang='grc' dir='ltr'>λαόν.</span> <span class='ocrx_word' id='word_1_491' title='bbox 998 3966 1089 4028; x_wconf 85' lang='grc' dir='ltr'>Ὠς</span> <span class='ocrx_word' id='word_1_492' title='bbox 1121 3964 1230 4036; x_wconf 82' lang='grc' dir='ltr'><strong>γάρ</strong></span> <span class='ocrx_word' id='word_1_493' title='bbox 1280 3965 1419 4037; x_wconf 84' lang='grc' dir='ltr'>ὑπὲρ</span> <span class='ocrx_word' id='word_1_494' title='bbox 1470 3965 1639 4035; x_wconf 81' lang='grc' dir='ltr'>νόμου</span> <span class='ocrx_word' id='word_1_495' title='bbox 1675 3965 1955 4036; x_wconf 84' lang='grc' dir='ltr'>πάσχοντα</span> 
     </span>
    </p>
   </div>
   <div class='ocr_carea' id='block_1_68' title="bbox 348 4056 1957 4130">
    <p class='ocr_par' dir='ltr' id='par_1_68' title="bbox 348 4056 1957 4130">
     <span class='ocr_line' id='line_1_68' title="bbox 348 4056 1957 4130; baseline 0.002 -21"><span class='ocrx_word' id='word_1_496' title='bbox 348 4056 564 4120; x_wconf 64' lang='grc' dir='ltr'>λοιπὸν,</span> <span class='ocrx_word' id='word_1_497' title='bbox 592 4058 813 4130; x_wconf 70' lang='grc' dir='ltr'>ἀγαπᾷν</span> <span class='ocrx_word' id='word_1_498' title='bbox 839 4059 1203 4128; x_wconf 70' lang='grc' dir='ltr'>ἠναγκάζετο,</span> <span class='ocrx_word' id='word_1_499' title='bbox 1254 4060 1498 4129; x_wconf 81' lang='grc' dir='ltr'>ἐτοιμότε</span> <span class='ocrx_word' id='word_1_500' title='bbox 1510 4059 1599 4129; x_wconf 72' lang='grc' dir='ltr'>ρός</span> <span class='ocrx_word' id='word_1_501' title='bbox 1628 4076 1684 4111; x_wconf 83' lang='grc' dir='ltr'><strong>τε</strong></span> <span class='ocrx_word' id='word_1_502' title='bbox 1712 4058 1813 4130; x_wconf 74' lang='grc' dir='ltr'>ήδη</span> <span class='ocrx_word' id='word_1_503' title='bbox 1844 4061 1957 4123; x_wconf 84' lang='grc' dir='ltr'>τοῖς</span> 
     </span>
    </p>
   </div>
   <div class='ocr_carea' id='block_1_69' title="bbox 350 4147 1953 4222">
    <p class='ocr_par' dir='ltr' id='par_1_69' title="bbox 350 4147 1953 4222">
     <span class='ocr_line' id='line_1_69' title="bbox 350 4147 1953 4222; baseline 0.002 -21"><span class='ocrx_word' id='word_1_504' title='bbox 350 4147 491 4220; x_wconf 82' lang='grc' dir='ltr'>παρ’</span> <span class='ocrx_word' id='word_1_505' title='bbox 520 4149 685 4203; x_wconf 70' lang='grc' dir='ltr'>αὑτοῦ</span> <span class='ocrx_word' id='word_1_506' title='bbox 713 4151 1139 4221; x_wconf 73' lang='grc' dir='ltr'>κηρυττομένοις</span> <span class='ocrx_word' id='word_1_507' title='bbox 1166 4152 1303 4222; x_wconf 68' lang='grc' dir='ltr'>πρὸς</span> <span class='ocrx_word' id='word_1_508' title='bbox 1330 4152 1388 4205; x_wconf 84' lang='grc' dir='ltr'>τὸ</span> <span class='ocrx_word' id='word_1_509' title='bbox 1421 4151 1695 4205; x_wconf 80' lang='grc' dir='ltr'>πιστεύειν</span> <span class='ocrx_word' id='word_1_510' title='bbox 1725 4152 1953 4221; x_wconf 86' lang='grc' dir='ltr'>ἐγίνετο.</span> 
     </span>
    </p>
   </div>
   <div class='ocr_carea' id='block_1_70' title="bbox 350 4242 1957 4315">
    <p class='ocr_par' dir='ltr' id='par_1_70' title="bbox 350 4242 1957 4315">
     <span class='ocr_line' id='line_1_70' title="bbox 350 4242 1957 4315; baseline 0.001 -20"><span class='ocrx_word' id='word_1_511' title='bbox 350 4242 569 4295; x_wconf 76' lang='grc' dir='ltr'>Οὐκοῦν</span> <span class='ocrx_word' id='word_1_512' title='bbox 618 4244 719 4305; x_wconf 75' lang='grc' dir='ltr'>τὰς</span> <span class='ocrx_word' id='word_1_513' title='bbox 766 4242 877 4295; x_wconf 87' lang='grc' dir='ltr'><strong>τῶν</strong></span> <span class='ocrx_word' id='word_1_514' title='bbox 926 4244 1197 4297; x_wconf 75' lang='grc' dir='ltr'>Ἰουδαίων</span> <span class='ocrx_word' id='word_1_515' title='bbox 1259 4244 1505 4309; x_wconf 75' lang='grc' dir='ltr'>εὐνοίας,</span> <span class='ocrx_word' id='word_1_516' title='bbox 1555 4244 1652 4297; x_wconf 76' lang='grc' dir='ltr'><strong>καὶ</strong></span> <span class='ocrx_word' id='word_1_517' title='bbox 1701 4244 1799 4315; x_wconf 78' lang='grc' dir='ltr'><strong>τὴν</strong></span> <span class='ocrx_word' id='word_1_518' title='bbox 1848 4244 1957 4297; x_wconf 89' lang='grc' dir='ltr'><strong>τῶν</strong></span> 
     </span>
    </p>
   </div>
   <div class='ocr_carea' id='block_1_71' title="bbox 352 4334 1960 4407">
    <p class='ocr_par' dir='ltr' id='par_1_71' title="bbox 352 4334 1960 4407">
     <span class='ocr_line' id='line_1_71' title="bbox 352 4334 1960 4407; baseline 0.003 -22"><span class='ocrx_word' id='word_1_519' title='bbox 352 4334 743 4404; x_wconf 76' lang='grc' dir='ltr'>σκληροτέρων</span> <span class='ocrx_word' id='word_1_520' title='bbox 785 4334 1070 4389; x_wconf 84' lang='grc' dir='ltr'>ἀπείθειαν</span> <span class='ocrx_word' id='word_1_521' title='bbox 1118 4335 1408 4407; x_wconf 76' lang='grc' dir='ltr'>ἀγοράζειν</span> <span class='ocrx_word' id='word_1_522' title='bbox 1450 4335 1642 4407; x_wconf 86' lang='grc' dir='ltr'>ῶσπερ</span> <span class='ocrx_word' id='word_1_523' title='bbox 1681 4337 1710 4390; x_wconf 92' lang='lat'><strong>6</strong></span> <span class='ocrx_word' id='word_1_524' title='bbox 1754 4337 1960 4390; x_wconf 85' lang='grc' dir='ltr'>Βαπτι-</span> 
     </span>
    </p>
   </div>
   <div class='ocr_carea' id='block_1_72' title="bbox 356 4425 1957 4499">
    <p class='ocr_par' dir='ltr' id='par_1_72' title="bbox 356 4425 1957 4499">
     <span class='ocr_line' id='line_1_72' title="bbox 356 4425 1957 4499; baseline 0.001 -20"><span class='ocrx_word' id='word_1_525' title='bbox 356 4425 492 4496; x_wconf 64' lang='grc' dir='ltr'>στῆς</span> <span class='ocrx_word' id='word_1_526' title='bbox 540 4425 629 4480; x_wconf 69' lang='grc' dir='ltr'><strong>διὰ</strong></span> <span class='ocrx_word' id='word_1_527' title='bbox 679 4425 775 4479; x_wconf 89' lang='grc' dir='ltr'><strong>τοῦ</strong></span> <span class='ocrx_word' id='word_1_528' title='bbox 822 4427 1054 4497; x_wconf 77' lang='grc' dir='ltr'>πάσχειν</span> <span class='ocrx_word' id='word_1_529' title='bbox 1101 4428 1379 4497; x_wconf 69' lang='grc' dir='ltr'>ἠπείγετο.</span> <span class='ocrx_word' id='word_1_530' title='bbox 1430 4428 1647 4499; x_wconf 78' lang='grc' dir='ltr'>Ἐπειδὴ</span> <span class='ocrx_word' id='word_1_531' title='bbox 1688 4428 1743 4481; x_wconf 76' lang='grc' dir='ltr'>δὲ</span> <span class='ocrx_word' id='word_1_532' title='bbox 1783 4427 1957 4483; x_wconf 87' lang='grc' dir='ltr'>ῐῙνεύ-</span> 
     </span>
    </p>
   </div>
   <div class='ocr_carea' id='block_1_73' title="bbox 356 4518 1960 4590">
    <p class='ocr_par' dir='ltr' id='par_1_73' title="bbox 356 4518 1960 4590">
     <span class='ocr_line' id='line_1_73' title="bbox 356 4518 1960 4590; baseline 0.001 -20"><span class='ocrx_word' id='word_1_533' title='bbox 356 4534 533 4586; x_wconf 77' lang='grc' dir='ltr'>ματος</span> <span class='ocrx_word' id='word_1_534' title='bbox 581 4518 740 4587; x_wconf 82' lang='grc' dir='ltr'>ἁγίου</span> <span class='ocrx_word' id='word_1_535' title='bbox 790 4518 1015 4589; x_wconf 82' lang='grc' dir='ltr'>μέτοχος</span> <span class='ocrx_word' id='word_1_536' title='bbox 1064 4518 1161 4585; x_wconf 85' lang='grc' dir='ltr'><strong>ῶν,</strong></span> <span class='ocrx_word' id='word_1_537' title='bbox 1213 4520 1306 4573; x_wconf 73' lang='grc' dir='ltr'><strong>καὶ</strong></span> <span class='ocrx_word' id='word_1_538' title='bbox 1355 4521 1703 4590; x_wconf 70' lang='grc' dir='ltr'>προφητικῆς</span> <span class='ocrx_word' id='word_1_539' title='bbox 1753 4520 1960 4573; x_wconf 81' lang='grc' dir='ltr'>ἀναπε-</span> 
     </span>
    </p>
   </div>
   <div class='ocr_carea' id='block_1_74' title="bbox 2061 3313 3657 3377">
    <p class='ocr_par' dir='ltr' id='par_1_74' title="bbox 2061 3313 3657 3377">
     <span class='ocr_line' id='line_1_74' title="bbox 2061 3313 3657 3377; baseline -0.006 0"><span class='ocrx_word' id='word_1_540' title='bbox 2061 3321 2402 3377; x_wconf 81' lang='lat' dir='ltr'><strong>claudacter</strong></span> <span class='ocrx_word' id='word_1_541' title='bbox 2446 3320 2512 3373; x_wconf 80' lang='lat' dir='ltr'><strong>de</strong></span> <span class='ocrx_word' id='word_1_542' title='bbox 2563 3318 2868 3373; x_wconf 85' lang='lat' dir='ltr'><strong>llerodiade</strong></span> <span class='ocrx_word' id='word_1_543' title='bbox 2910 3317 3155 3370; x_wconf 77' lang='lat' dir='ltr'><strong>clamans</strong></span> <span class='ocrx_word' id='word_1_544' title='bbox 3201 3333 3215 3369; x_wconf 90' lang='lat'>:</span> <span class='ocrx_word' id='word_1_545' title='bbox 3271 3333 3288 3366; x_wconf 83' lang='grc' dir='ltr'><strong>ι</strong></span> <span class='ocrx_word' id='word_1_546' title='bbox 3337 3313 3453 3369; x_wconf 80' lang='lat' dir='ltr'><strong>Non</strong></span> <span class='ocrx_word' id='word_1_547' title='bbox 3502 3314 3657 3374; x_wconf 87' lang='lat' dir='ltr'><strong>licet.</strong></span> 
     </span>
    </p>
   </div>
   <div class='ocr_carea' id='block_1_75' title="bbox 2057 3406 3658 3484">
    <p class='ocr_par' dir='ltr' id='par_1_75' title="bbox 2057 3406 3658 3484">
     <span class='ocr_line' id='line_1_75' title="bbox 2057 3406 3658 3484; baseline -0.005 -17"><span class='ocrx_word' id='word_1_548' title='bbox 2057 3414 2252 3484; x_wconf 83' lang='lat' dir='ltr'><strong>inquit,</strong></span> <span class='ocrx_word' id='word_1_549' title='bbox 2279 3413 2371 3466; x_wconf 91' lang='lat' dir='ltr'><strong>tibi</strong></span> <span class='ocrx_word' id='word_1_550' title='bbox 2396 3426 2515 3467; x_wconf 90' lang='lat' dir='ltr'><strong>eam</strong></span> <span class='ocrx_word' id='word_1_551' title='bbox 2548 3410 2750 3465; x_wconf 86' lang='lat' dir='ltr'><strong>habere</strong></span> <span class='ocrx_word' id='word_1_552' title='bbox 2777 3410 2817 3439; x_wconf 84' lang='lat'>“</span> <span class='ocrx_word' id='word_1_553' title='bbox 2842 3424 2857 3474; x_wconf 90' lang='lat'><strong>;</strong></span> <span class='ocrx_word' id='word_1_554' title='bbox 2885 3426 2904 3459; x_wconf 77' lang='grc' dir='ltr'><strong>ι</strong></span> <span class='ocrx_word' id='word_1_555' title='bbox 2937 3416 3251 3477; x_wconf 89' lang='lat' dir='ltr'><strong>contempto</strong></span> <span class='ocrx_word' id='word_1_556' title='bbox 3279 3406 3437 3478; x_wconf 77' lang='lat' dir='ltr'><strong>plane</strong></span> <span class='ocrx_word' id='word_1_557' title='bbox 3462 3407 3658 3461; x_wconf 79' lang='lat' dir='ltr'><strong>mortis</strong></span> 
     </span>
    </p>
   </div>
   <div class='ocr_carea' id='block_1_76' title="bbox 2057 3502 3657 3575">
    <p class='ocr_par' dir='ltr' id='par_1_76' title="bbox 2057 3502 3657 3575">
     <span class='ocr_line' id='line_1_76' title="bbox 2057 3502 3657 3575; baseline -0.004 -14"><span class='ocrx_word' id='word_1_558' title='bbox 2057 3505 2322 3575; x_wconf 90' lang='lat' dir='ltr'><strong>periculo,</strong></span> <span class='ocrx_word' id='word_1_559' title='bbox 2351 3505 2475 3559; x_wconf 90' lang='lat' dir='ltr'><strong>dum</strong></span> <span class='ocrx_word' id='word_1_560' title='bbox 2502 3504 2548 3557; x_wconf 87' lang='lat' dir='ltr'><strong>ei</strong></span> <span class='ocrx_word' id='word_1_561' title='bbox 2574 3504 2638 3557; x_wconf 87' lang='lat' dir='ltr'><strong>ad</strong></span> <span class='ocrx_word' id='word_1_562' title='bbox 2663 3502 3027 3573; x_wconf 69' lang='lat' dir='ltr'><strong>prteStitutum</strong></span> <span class='ocrx_word' id='word_1_563' title='bbox 3057 3516 3278 3569; x_wconf 82' lang='lat' dir='ltr'><strong>scopum</strong></span> <span class='ocrx_word' id='word_1_564' title='bbox 3315 3516 3403 3555; x_wconf 90' lang='lat' dir='ltr'><strong>res</strong></span> <span class='ocrx_word' id='word_1_565' title='bbox 3422 3514 3657 3570; x_wconf 76' lang='lat' dir='ltr'><strong>ageren-</strong></span> 
     </span>
    </p>
   </div>
   <div class='ocr_carea' id='block_1_77' title="bbox 2063 3592 3655 3670">
    <p class='ocr_par' dir='ltr' id='par_1_77' title="bbox 2063 3592 3655 3670">
     <span class='ocr_line' id='line_1_77' title="bbox 2063 3592 3655 3670; baseline -0.005 -17"><span class='ocrx_word' id='word_1_566' title='bbox 2063 3609 2170 3655; x_wconf 90' lang='lat' dir='ltr'><strong>tur.</strong></span> <span class='ocrx_word' id='word_1_567' title='bbox 2214 3598 2453 3670; x_wconf 87' lang='lat' dir='ltr'><strong>Tyranni</strong></span> <span class='ocrx_word' id='word_1_568' title='bbox 2490 3600 2672 3665; x_wconf 85' lang='lat' dir='ltr'><strong>itaque</strong></span> <span class='ocrx_word' id='word_1_569' title='bbox 2702 3595 2856 3664; x_wconf 81' lang='lat' dir='ltr'><strong>jussu</strong></span> <span class='ocrx_word' id='word_1_570' title='bbox 2892 3595 2945 3649; x_wconf 92' lang='lat' dir='ltr'><strong>in</strong></span> <span class='ocrx_word' id='word_1_571' title='bbox 2981 3594 3196 3650; x_wconf 72' lang='lat' dir='ltr'><strong>vincula</strong></span> <span class='ocrx_word' id='word_1_572' title='bbox 3224 3592 3527 3661; x_wconf 77' lang='lat' dir='ltr'><strong>coniectus,</strong></span> <span class='ocrx_word' id='word_1_573' title='bbox 3554 3592 3655 3648; x_wconf 74' lang='lat' dir='ltr'><strong>Ju-</strong></span> 
     </span>
    </p>
   </div>
   <div class='ocr_carea' id='block_1_78' title="bbox 2058 3686 3653 3758">
    <p class='ocr_par' dir='ltr' id='par_1_78' title="bbox 2058 3686 3653 3758">
     <span class='ocr_line' id='line_1_78' title="bbox 2058 3686 3653 3758; baseline -0.006 -11"><span class='ocrx_word' id='word_1_574' title='bbox 2058 3692 2201 3747; x_wconf 66' lang='lat' dir='ltr'><strong>daeos</strong></span> <span class='ocrx_word' id='word_1_575' title='bbox 2219 3692 2285 3746; x_wconf 90' lang='lat' dir='ltr'><strong>ad</strong></span> <span class='ocrx_word' id='word_1_576' title='bbox 2303 3691 2664 3746; x_wconf 88' lang='lat' dir='ltr'><strong>accusandum</strong></span> <span class='ocrx_word' id='word_1_577' title='bbox 2688 3703 2887 3758; x_wconf 88' lang='lat' dir='ltr'><strong>pronos</strong></span> <span class='ocrx_word' id='word_1_578' title='bbox 2904 3688 3003 3742; x_wconf 84' lang='lat' dir='ltr'><strong>sibi</strong></span> <span class='ocrx_word' id='word_1_579' title='bbox 3024 3686 3350 3742; x_wconf 83' lang='lat' dir='ltr'><strong>conciliavit.</strong></span> <span class='ocrx_word' id='word_1_580' title='bbox 3368 3686 3505 3739; x_wconf 88' lang='lat' dir='ltr'><strong>Nam</strong></span> <span class='ocrx_word' id='word_1_581' title='bbox 3526 3686 3653 3755; x_wconf 87' lang='lat' dir='ltr'><strong>quia</strong></span> 
     </span>
    </p>
   </div>
   <div class='ocr_carea' id='block_1_79' title="bbox 2059 3782 3657 3856">
    <p class='ocr_par' dir='ltr' id='par_1_79' title="bbox 2059 3782 3657 3856">
     <span class='ocr_line' id='line_1_79' title="bbox 2059 3782 3657 3856; baseline -0.004 -18"><span class='ocrx_word' id='word_1_582' title='bbox 2059 3800 2157 3856; x_wconf 91' lang='lat' dir='ltr'><strong>pro</strong></span> <span class='ocrx_word' id='word_1_583' title='bbox 2192 3783 2306 3853; x_wconf 77' lang='lat' dir='ltr'><strong>lege</strong></span> <span class='ocrx_word' id='word_1_584' title='bbox 2341 3783 2667 3852; x_wconf 85' lang='lat' dir='ltr'><strong>patiebatur,</strong></span> <span class='ocrx_word' id='word_1_585' title='bbox 2697 3797 2881 3837; x_wconf 89' lang='lat' dir='ltr'><strong>amare</strong></span> <span class='ocrx_word' id='word_1_586' title='bbox 2906 3796 3027 3837; x_wconf 86' lang='lat' dir='ltr'><strong>eum</strong></span> <span class='ocrx_word' id='word_1_587' title='bbox 3066 3782 3429 3849; x_wconf 73' lang='lat' dir='ltr'><strong>cogebantur,</strong></span> <span class='ocrx_word' id='word_1_588' title='bbox 3472 3793 3657 3849; x_wconf 86' lang='lat' dir='ltr'><strong>prom-</strong></span> 
     </span>
    </p>
   </div>
   <div class='ocr_carea' id='block_1_80' title="bbox 2058 3872 3655 3945">
    <p class='ocr_par' dir='ltr' id='par_1_80' title="bbox 2058 3872 3655 3945">
     <span class='ocr_line' id='line_1_80' title="bbox 2058 3872 3655 3945; baseline -0.003 -16"><span class='ocrx_word' id='word_1_589' title='bbox 2058 3877 2370 3945; x_wconf 87' lang='lat' dir='ltr'><strong>ptioresque</strong></span> <span class='ocrx_word' id='word_1_590' title='bbox 2417 3878 2483 3929; x_wconf 90' lang='lat' dir='ltr'><strong>ad</strong></span> <span class='ocrx_word' id='word_1_591' title='bbox 2517 3874 2881 3930; x_wconf 89' lang='lat' dir='ltr'><strong>adhibendum</strong></span> <span class='ocrx_word' id='word_1_592' title='bbox 2921 3873 3293 3944; x_wconf 75' lang='lat' dir='ltr'><strong>praedicationi</strong></span> <span class='ocrx_word' id='word_1_593' title='bbox 3334 3872 3453 3941; x_wconf 86' lang='lat' dir='ltr'><strong>ejus</strong></span> <span class='ocrx_word' id='word_1_594' title='bbox 3494 3872 3655 3927; x_wconf 79' lang='lat' dir='ltr'><strong>(idem</strong></span> 
     </span>
    </p>
   </div>
   <div class='ocr_carea' id='block_1_81' title="bbox 2060 3964 3659 4034">
    <p class='ocr_par' dir='ltr' id='par_1_81' title="bbox 2060 3964 3659 4034">
     <span class='ocr_line' id='line_1_81' title="bbox 2060 3964 3659 4034; baseline -0.002 -14"><span class='ocrx_word' id='word_1_595' title='bbox 2060 3966 2448 4022; x_wconf 85' lang='lat' dir='ltr'><strong>reddebantur.</strong></span> <span class='ocrx_word' id='word_1_596' title='bbox 2494 3964 2805 4020; x_wconf 66' lang='lat' dir='ltr'><strong>Iudaeorum</strong></span> <span class='ocrx_word' id='word_1_597' title='bbox 2862 3965 3043 4034; x_wconf 86' lang='lat' dir='ltr'><strong>itaque</strong></span> <span class='ocrx_word' id='word_1_598' title='bbox 3088 3964 3558 4029; x_wconf 76' lang='lat' dir='ltr'><strong>benevolentiam,</strong></span> <span class='ocrx_word' id='word_1_599' title='bbox 3602 3976 3659 4018; x_wconf 88' lang='lat' dir='ltr'><strong>et</strong></span> 
     </span>
    </p>
   </div>
   <div class='ocr_carea' id='block_1_82' title="bbox 2061 4056 3655 4127">
    <p class='ocr_par' dir='ltr' id='par_1_82' title="bbox 2061 4056 3655 4127">
     <span class='ocr_line' id='line_1_82' title="bbox 2061 4056 3655 4127; baseline -0.002 -14"><span class='ocrx_word' id='word_1_600' title='bbox 2061 4060 2338 4114; x_wconf 88' lang='lat' dir='ltr'><strong>duriorum</strong></span> <span class='ocrx_word' id='word_1_601' title='bbox 2389 4058 2828 4115; x_wconf 85' lang='lat' dir='ltr'><strong>incredulitatem</strong></span> <span class='ocrx_word' id='word_1_602' title='bbox 2878 4066 3054 4113; x_wconf 87' lang='lat' dir='ltr'><strong>morte</strong></span> <span class='ocrx_word' id='word_1_603' title='bbox 3109 4073 3203 4112; x_wconf 89' lang='lat' dir='ltr'><strong>sua</strong></span> <span class='ocrx_word' id='word_1_604' title='bbox 3247 4056 3655 4127; x_wconf 82' lang='lat' dir='ltr'><strong>quodammodo</strong></span> 
     </span>
    </p>
   </div>
   <div class='ocr_carea' id='block_1_83' title="bbox 2062 4149 3649 4223">
    <p class='ocr_par' dir='ltr' id='par_1_83' title="bbox 2062 4149 3649 4223">
     <span class='ocr_line' id='line_1_83' title="bbox 2062 4149 3649 4223; baseline -0.001 -18"><span class='ocrx_word' id='word_1_605' title='bbox 2062 4151 2295 4206; x_wconf 84' lang='lat' dir='ltr'><strong>mercari</strong></span> <span class='ocrx_word' id='word_1_606' title='bbox 2334 4150 2577 4223; x_wconf 89' lang='lat' dir='ltr'><strong>Baptista</strong></span> <span class='ocrx_word' id='word_1_607' title='bbox 2612 4150 2805 4207; x_wconf 90' lang='lat' dir='ltr'><strong>voluit.</strong></span> <span class='ocrx_word' id='word_1_608' title='bbox 2856 4150 2995 4205; x_wconf 77' lang='lat' dir='ltr'><strong>Cum</strong></span> <span class='ocrx_word' id='word_1_609' title='bbox 3029 4166 3160 4207; x_wconf 90' lang='lat' dir='ltr'><strong>vero</strong></span> <span class='ocrx_word' id='word_1_610' title='bbox 3196 4149 3436 4219; x_wconf 74' lang='lat' dir='ltr'><strong>Spiritus</strong></span> <span class='ocrx_word' id='word_1_611' title='bbox 3470 4153 3649 4203; x_wconf 81' lang='lat' dir='ltr'><strong>sancti</strong></span> 
     </span>
    </p>
   </div>
   <div class='ocr_carea' id='block_1_84' title="bbox 2072 4243 3657 4315">
    <p class='ocr_par' dir='ltr' id='par_1_84' title="bbox 2072 4243 3657 4315">
     <span class='ocr_line' id='line_1_84' title="bbox 2072 4243 3657 4315; baseline -0.001 -19"><span class='ocrx_word' id='word_1_612' title='bbox 2072 4243 2346 4315; x_wconf 85' lang='lat' dir='ltr'><strong>particeps</strong></span> <span class='ocrx_word' id='word_1_613' title='bbox 2373 4254 2421 4297; x_wconf 90' lang='lat' dir='ltr'><strong>et</strong></span> <span class='ocrx_word' id='word_1_614' title='bbox 2455 4244 2774 4315; x_wconf 84' lang='lat' dir='ltr'><strong>prophetica</strong></span> <span class='ocrx_word' id='word_1_615' title='bbox 2807 4244 2982 4313; x_wconf 72' lang='lat' dir='ltr'><strong>gratia</strong></span> <span class='ocrx_word' id='word_1_616' title='bbox 3017 4258 3081 4297; x_wconf 79' lang='lat' dir='ltr'><strong>ex</strong></span> <span class='ocrx_word' id='word_1_617' title='bbox 3122 4252 3279 4297; x_wconf 88' lang='lat' dir='ltr'><strong>utero</strong></span> <span class='ocrx_word' id='word_1_618' title='bbox 3314 4244 3504 4297; x_wconf 88' lang='lat' dir='ltr'><strong>matris</strong></span> <span class='ocrx_word' id='word_1_619' title='bbox 3544 4257 3657 4297; x_wconf 71' lang='lat' dir='ltr'><strong>sua:</strong></span> 
     </span>
    </p>
   </div>
   <div class='ocr_carea' id='block_1_85' title="bbox 2064 4334 3651 4407">
    <p class='ocr_par' dir='ltr' id='par_1_85' title="bbox 2064 4334 3651 4407">
     <span class='ocr_line' id='line_1_85' title="bbox 2064 4334 3651 4407; baseline -0.001 -20"><span class='ocrx_word' id='word_1_620' title='bbox 2064 4335 2255 4406; x_wconf 89' lang='lat' dir='ltr'><strong>plenus</strong></span> <span class='ocrx_word' id='word_1_621' title='bbox 2284 4344 2453 4403; x_wconf 90' lang='lat' dir='ltr'><strong>esset,</strong></span> <span class='ocrx_word' id='word_1_622' title='bbox 2508 4335 2970 4407; x_wconf 75' lang='lat' dir='ltr'><strong>tyrannieumquc</strong></span> <span class='ocrx_word' id='word_1_623' title='bbox 3010 4350 3197 4390; x_wconf 88' lang='lat' dir='ltr'><strong>ensem</strong></span> <span class='ocrx_word' id='word_1_624' title='bbox 3243 4335 3353 4401; x_wconf 84' lang='lat' dir='ltr'><strong>jam</strong></span> <span class='ocrx_word' id='word_1_625' title='bbox 3394 4334 3651 4389; x_wconf 89' lang='lat' dir='ltr'><strong>strictum</strong></span> 
     </span>
    </p>
   </div>
   <div class='ocr_carea' id='block_1_86' title="bbox 2061 4425 3658 4496">
    <p class='ocr_par' dir='ltr' id='par_1_86' title="bbox 2061 4425 3658 4496">
     <span class='ocr_line' id='line_1_86' title="bbox 2061 4425 3658 4496; baseline -0.002 -15"><span class='ocrx_word' id='word_1_626' title='bbox 2061 4436 2115 4481; x_wconf 92' lang='lat' dir='ltr'><strong>et</strong></span> <span class='ocrx_word' id='word_1_627' title='bbox 2150 4426 2351 4488; x_wconf 85' lang='lat' dir='ltr'><strong>cervici</strong></span> <span class='ocrx_word' id='word_1_628' title='bbox 2388 4441 2501 4481; x_wconf 64' lang='lat' dir='ltr'><strong>suae</strong></span> <span class='ocrx_word' id='word_1_629' title='bbox 2536 4426 2911 4479; x_wconf 87' lang='lat' dir='ltr'><strong>imminentem</strong></span> <span class='ocrx_word' id='word_1_630' title='bbox 2944 4426 3309 4496; x_wconf 66' lang='lat' dir='ltr'><strong>prmvidisset,</strong></span> <span class='ocrx_word' id='word_1_631' title='bbox 3354 4425 3658 4495; x_wconf 85' lang='lat' dir='ltr'><strong>discipulos</strong></span> 
     </span>
    </p>
   </div>
   <div class='ocr_carea' id='block_1_87' title="bbox 2063 4515 3660 4587">
    <p class='ocr_par' dir='ltr' id='par_1_87' title="bbox 2063 4515 3660 4587">
     <span class='ocr_line' id='line_1_87' title="bbox 2063 4515 3660 4587; baseline -0.001 -13"><span class='ocrx_word' id='word_1_632' title='bbox 2063 4533 2190 4575; x_wconf 90' lang='lat' dir='ltr'><strong>suos</strong></span> <span class='ocrx_word' id='word_1_633' title='bbox 2222 4518 2274 4572; x_wconf 90' lang='lat' dir='ltr'><strong>in</strong></span> <span class='ocrx_word' id='word_1_634' title='bbox 2311 4518 2415 4573; x_wconf 76' lang='lat' dir='ltr'><strong>[ide</strong></span> <span class='ocrx_word' id='word_1_635' title='bbox 2451 4532 2581 4587; x_wconf 84' lang='lat' dir='ltr'><strong>erga</strong></span> <span class='ocrx_word' id='word_1_636' title='bbox 2610 4518 2888 4573; x_wconf 82' lang='lat' dir='ltr'><strong>Christum</strong></span> <span class='ocrx_word' id='word_1_637' title='bbox 2921 4515 3273 4573; x_wconf 83' lang='lat' dir='ltr'><strong>Servatorem</strong></span> <span class='ocrx_word' id='word_1_638' title='bbox 3324 4516 3660 4572; x_wconf 70' lang='lat' dir='ltr'><strong>confirmare</strong></span> 
     </span>
    </p>
   </div>
   <div class='ocr_carea' id='block_1_88' title="bbox 354 4606 1949 4681">
    <p class='ocr_par' dir='ltr' id='par_1_88' title="bbox 354 4607 1949 4681">
     <span class='ocr_line' id='line_1_88' title="bbox 354 4607 1949 4681; baseline 0.002 -21"><span class='ocrx_word' id='word_1_639' title='bbox 354 4607 677 4677; x_wconf 63' lang='lat' dir='ltr'><strong>ﬂqapévoq</strong></span> <span class='ocrx_word' id='word_1_640' title='bbox 709 4608 930 4678; x_wconf 85' lang='grc' dir='ltr'>χάριτος</span> <span class='ocrx_word' id='word_1_641' title='bbox 961 4608 1042 4662; x_wconf 75' lang='grc' dir='ltr'><strong>ἐτι</strong></span> <span class='ocrx_word' id='word_1_642' title='bbox 1080 4610 1145 4662; x_wconf 83' lang='grc' dir='ltr'><strong>ἐκ</strong></span> <span class='ocrx_word' id='word_1_643' title='bbox 1182 4609 1385 4674; x_wconf 86' lang='grc' dir='ltr'>κοιλίας</span> <span class='ocrx_word' id='word_1_644' title='bbox 1429 4608 1635 4681; x_wconf 82' lang='grc' dir='ltr'>μητρὸς</span> <span class='ocrx_word' id='word_1_645' title='bbox 1673 4609 1861 4673; x_wconf 78' lang='grc' dir='ltr'>αὑτοῦ,</span> <span class='ocrx_word' id='word_1_646' title='bbox 1895 4609 1949 4663; x_wconf 72' lang='grc' dir='ltr'>τὸ</span> 
     </span>
    </p>
   </div>
   <div class='ocr_carea' id='block_1_89' title="bbox 2059 4606 3661 4681">
    <p class='ocr_par' dir='ltr' id='par_1_89' title="bbox 2064 4610 3661 4681">
     <span class='ocr_line' id='line_1_89' title="bbox 2064 4610 3661 4681; baseline -0.002 -15"><span class='ocrx_word' id='word_1_647' title='bbox 2064 4627 2127 4667; x_wconf 88' lang='lat' dir='ltr'><strong>ac</strong></span> <span class='ocrx_word' id='word_1_648' title='bbox 2172 4611 2420 4666; x_wconf 86' lang='lat' dir='ltr'><strong>stabilire</strong></span> <span class='ocrx_word' id='word_1_649' title='bbox 2454 4611 2647 4677; x_wconf 71' lang='lat' dir='ltr'><strong>voluit,</strong></span> <span class='ocrx_word' id='word_1_650' title='bbox 2690 4620 2856 4681; x_wconf 88' lang='lat' dir='ltr'><strong>utque</strong></span> <span class='ocrx_word' id='word_1_651' title='bbox 2890 4610 2942 4664; x_wconf 89' lang='lat' dir='ltr'><strong>id</strong></span> <span class='ocrx_word' id='word_1_652' title='bbox 2975 4610 3110 4664; x_wconf 87' lang='lat' dir='ltr'><strong>citra</strong></span> <span class='ocrx_word' id='word_1_653' title='bbox 3172 4625 3391 4665; x_wconf 87' lang='lat' dir='ltr'><strong>onmem</strong></span> <span class='ocrx_word' id='word_1_654' title='bbox 3441 4610 3661 4667; x_wconf 82' lang='lat' dir='ltr'><strong>dubita-</strong></span> 
     </span>
    </p>
   </div>
   <div class='ocr_carea' id='block_1_90' title="bbox 353 4698 1957 4773">
    <p class='ocr_par' dir='ltr' id='par_1_90' title="bbox 353 4698 1957 4773">
     <span class='ocr_line' id='line_1_90' title="bbox 353 4698 1957 4773; baseline 0.004 -24"><span class='ocrx_word' id='word_1_655' title='bbox 353 4699 684 4769; x_wconf 77' lang='grc' dir='ltr'>τυραννικὸν</span> <span class='ocrx_word' id='word_1_656' title='bbox 719 4698 942 4771; x_wconf 77' lang='grc' dir='ltr'>ἐθεώρει</span> <span class='ocrx_word' id='word_1_657' title='bbox 974 4698 1127 4769; x_wconf 79' lang='grc' dir='ltr'>ξίφος</span> <span class='ocrx_word' id='word_1_658' title='bbox 1168 4701 1652 4773; x_wconf 81' lang='grc' dir='ltr'>ἀπογυμνούμενον</span> <span class='ocrx_word' id='word_1_659' title='bbox 1688 4702 1822 4773; x_wconf 82' lang='grc' dir='ltr'>ἥδη,</span> <span class='ocrx_word' id='word_1_660' title='bbox 1863 4703 1957 4757; x_wconf 78' lang='grc' dir='ltr'><strong>καὶ</strong></span> 
     </span>
    </p>
   </div>
   <div class='ocr_carea' id='block_1_91' title="bbox 354 4785 1953 4862">
    <p class='ocr_par' dir='ltr' id='par_1_91' title="bbox 354 4785 1953 4862">
     <span class='ocr_line' id='line_1_91' title="bbox 354 4785 1953 4862; baseline 0.004 -23"><span class='ocrx_word' id='word_1_661' title='bbox 354 4786 454 4840; x_wconf 75' lang='grc' dir='ltr'><strong>τὸν</strong></span> <span class='ocrx_word' id='word_1_662' title='bbox 490 4787 585 4841; x_wconf 86' lang='grc' dir='ltr'><strong>τοῦ</strong></span> <span class='ocrx_word' id='word_1_663' title='bbox 627 4785 880 4856; x_wconf 78' lang='grc' dir='ltr'>σώματος</span> <span class='ocrx_word' id='word_1_664' title='bbox 906 4789 1302 4860; x_wconf 78' lang='grc' dir='ltr'>ἀπαστράπτον</span> <span class='ocrx_word' id='word_1_665' title='bbox 1340 4790 1591 4857; x_wconf 88' lang='grc' dir='ltr'>θάνατον,</span> <span class='ocrx_word' id='word_1_666' title='bbox 1616 4790 1799 4862; x_wconf 79' lang='grc' dir='ltr'>ἐζήτει</span> <span class='ocrx_word' id='word_1_667' title='bbox 1826 4792 1953 4857; x_wconf 74' lang='grc' dir='ltr'>τοὺς</span> 
     </span>
    </p>
   </div>
   <div class='ocr_carea' id='block_1_92' title="bbox 354 4878 1955 4955">
    <p class='ocr_par' dir='ltr' id='par_1_92' title="bbox 354 4878 1955 4955">
     <span class='ocr_line' id='line_1_92' title="bbox 354 4878 1955 4955; baseline 0.004 -25"><span class='ocrx_word' id='word_1_668' title='bbox 354 4879 599 4941; x_wconf 82' lang='grc' dir='ltr'>οἰκείους</span> <span class='ocrx_word' id='word_1_669' title='bbox 650 4878 899 4950; x_wconf 70' lang='grc' dir='ltr'>μαθητὰς</span> <span class='ocrx_word' id='word_1_670' title='bbox 950 4881 1245 4951; x_wconf 76' lang='grc' dir='ltr'>βεϐαιῶσαι</span> <span class='ocrx_word' id='word_1_671' title='bbox 1293 4882 1427 4947; x_wconf 74' lang='grc' dir='ltr'>πρὸς</span> <span class='ocrx_word' id='word_1_672' title='bbox 1472 4884 1572 4953; x_wconf 75' lang='grc' dir='ltr'><strong>τὴν</strong></span> <span class='ocrx_word' id='word_1_673' title='bbox 1626 4884 1809 4937; x_wconf 84' lang='grc' dir='ltr'>πίστιν</span> <span class='ocrx_word' id='word_1_674' title='bbox 1856 4883 1955 4955; x_wconf 77' lang='grc' dir='ltr'><strong>τὴν</strong></span> 
     </span>
    </p>
   </div>
   <div class='ocr_carea' id='block_1_93' title="bbox 355 4970 1956 5045">
    <p class='ocr_par' dir='ltr' id='par_1_93' title="bbox 355 4970 1956 5045">
     <span class='ocr_line' id='line_1_93' title="bbox 355 4970 1956 5045; baseline 0.004 -23"><span class='ocrx_word' id='word_1_675' title='bbox 355 4971 458 5023; x_wconf 69' lang='grc' dir='ltr'>ἐπὶ</span> <span class='ocrx_word' id='word_1_676' title='bbox 490 4970 566 5039; x_wconf 78' lang='grc' dir='ltr'>τῷ</span> <span class='ocrx_word' id='word_1_677' title='bbox 598 4971 811 5041; x_wconf 75' lang='grc' dir='ltr'>Σωτῆρι</span> <span class='ocrx_word' id='word_1_678' title='bbox 851 4973 1072 5043; x_wconf 80' lang='grc' dir='ltr'>Χριστῷ</span> <span class='ocrx_word' id='word_1_679' title='bbox 1094 4990 1107 5005; x_wconf 77' lang='grc' dir='ltr'><strong><em>ο</em></strong></span> <span class='ocrx_word' id='word_1_680' title='bbox 1140 4973 1337 5028; x_wconf 79' lang='grc' dir='ltr'>εἰδέναι</span> <span class='ocrx_word' id='word_1_681' title='bbox 1366 4992 1424 5028; x_wconf 89' lang='grc' dir='ltr'><strong>τε</strong></span> <span class='ocrx_word' id='word_1_682' title='bbox 1457 4976 1551 5029; x_wconf 69' lang='grc' dir='ltr'><strong>καὶ</strong></span> <span class='ocrx_word' id='word_1_683' title='bbox 1586 4976 1733 5045; x_wconf 85' lang='grc' dir='ltr'>μάλα</span> <span class='ocrx_word' id='word_1_684' title='bbox 1767 4973 1956 5043; x_wconf 79' lang='grc' dir='ltr'>σαφῶς</span> 
     </span>
    </p>
   </div>
   <div class='ocr_carea' id='block_1_94' title="bbox 354 5061 1955 5136">
    <p class='ocr_par' dir='ltr' id='par_1_94' title="bbox 354 5061 1955 5136">
     <span class='ocr_line' id='line_1_94' title="bbox 354 5061 1955 5136; baseline 0.004 -23"><span class='ocrx_word' id='word_1_685' title='bbox 354 5061 632 5133; x_wconf 71' lang='grc' dir='ltr'>ἐπεθύμει</span> <span class='ocrx_word' id='word_1_686' title='bbox 656 5064 776 5115; x_wconf 82' lang='grc' dir='ltr'>κατ’</span> <span class='ocrx_word' id='word_1_687' title='bbox 800 5063 950 5116; x_wconf 73' lang='grc' dir='ltr'>οὐδὲν</span> <span class='ocrx_word' id='word_1_688' title='bbox 977 5064 1368 5132; x_wconf 73' lang='grc' dir='ltr'>ἐνδοιάζοντας,</span> <span class='ocrx_word' id='word_1_689' title='bbox 1398 5068 1591 5136; x_wconf 79' lang='grc' dir='ltr'>ὅτιπερ</span> <span class='ocrx_word' id='word_1_690' title='bbox 1612 5068 1777 5131; x_wconf 82' lang='grc' dir='ltr'>αὑτός</span> <span class='ocrx_word' id='word_1_691' title='bbox 1809 5069 1955 5120; x_wconf 82' lang='grc' dir='ltr'>ἐστιν</span> 
     </span>
    </p>
   </div>
   <div class='ocr_carea' id='block_1_95' title="bbox 352 5156 1953 5233">
    <p class='ocr_par' dir='ltr' id='par_1_95' title="bbox 352 5156 1953 5233">
     <span class='ocr_line' id='line_1_95' title="bbox 352 5156 1953 5233; baseline 0.002 -24"><span class='ocrx_word' id='word_1_692' title='bbox 352 5159 383 5209; x_wconf 83' lang='lat'><strong>6</strong></span> <span class='ocrx_word' id='word_1_693' title='bbox 412 5156 512 5209; x_wconf 72' lang='grc' dir='ltr'><strong>ἐπὶ</strong></span> <span class='ocrx_word' id='word_1_694' title='bbox 547 5156 796 5228; x_wconf 72' lang='grc' dir='ltr'>σωτηρίᾳ</span> <span class='ocrx_word' id='word_1_695' title='bbox 831 5158 1046 5213; x_wconf 88' lang='grc' dir='ltr'>πάντων</span> <span class='ocrx_word' id='word_1_696' title='bbox 1088 5158 1237 5229; x_wconf 75' lang='grc' dir='ltr'>ἥξειν</span> <span class='ocrx_word' id='word_1_697' title='bbox 1268 5158 1739 5231; x_wconf 74' lang='grc' dir='ltr'>προσδοκώμενος.</span> <span class='ocrx_word' id='word_1_698' title='bbox 1774 5163 1953 5233; x_wconf 85' lang='grc' dir='ltr'>Προσ-</span> 
     </span>
    </p>
   </div>
   <div class='ocr_carea' id='block_1_96' title="bbox 356 5248 1955 5319">
    <p class='ocr_par' dir='ltr' id='par_1_96' title="bbox 356 5248 1955 5319">
     <span class='ocr_line' id='line_1_96' title="bbox 356 5248 1955 5319; baseline 0.004 -21"><span class='ocrx_word' id='word_1_699' title='bbox 356 5248 599 5300; x_wconf 70' lang='grc' dir='ltr'>πτιιεῖται</span> <span class='ocrx_word' id='word_1_700' title='bbox 623 5248 805 5300; x_wconf 86' lang='grc' dir='ltr'>τοίνυν</span> <span class='ocrx_word' id='word_1_701' title='bbox 832 5249 1193 5318; x_wconf 81' lang='grc' dir='ltr'>οἰκονομικῶς</span> <span class='ocrx_word' id='word_1_702' title='bbox 1221 5250 1456 5319; x_wconf 86' lang='grc' dir='ltr'>ἀγνοεῖν,</span> <span class='ocrx_word' id='word_1_703' title='bbox 1482 5251 1571 5305; x_wconf 83' lang='grc' dir='ltr'><strong>ἵνα</strong></span> <span class='ocrx_word' id='word_1_704' title='bbox 1602 5252 1955 5306; x_wconf 81' lang='grc' dir='ltr'>πιστεύσαντι</span> 
     </span>
    </p>
   </div>
   <div class='ocr_carea' id='block_1_97' title="bbox 354 5340 1953 5417">
    <p class='ocr_par' dir='ltr' id='par_1_97' title="bbox 354 5340 1953 5417">
     <span class='ocr_line' id='line_1_97' title="bbox 354 5340 1953 5417; baseline 0.005 -25"><span class='ocrx_word' id='word_1_705' title='bbox 354 5340 653 5411; x_wconf 78' lang='grc' dir='ltr'>σύνδρομοι</span> <span class='ocrx_word' id='word_1_706' title='bbox 690 5341 852 5395; x_wconf 78' lang='grc' dir='ltr'>πάλιν</span> <span class='ocrx_word' id='word_1_707' title='bbox 879 5344 928 5395; x_wconf 83' lang='grc' dir='ltr'><strong>οἱ</strong></span> <span class='ocrx_word' id='word_1_708' title='bbox 966 5342 1205 5413; x_wconf 74' lang='grc' dir='ltr'>μαθηταὶ</span> <span class='ocrx_word' id='word_1_709' title='bbox 1253 5344 1392 5417; x_wconf 75' lang='grc' dir='ltr'>πρὸς</span> <span class='ocrx_word' id='word_1_710' title='bbox 1430 5346 1493 5399; x_wconf 81' lang='grc' dir='ltr'><strong>τὸ</strong></span> <span class='ocrx_word' id='word_1_711' title='bbox 1534 5346 1814 5401; x_wconf 87' lang='grc' dir='ltr'>πιστεύειν</span> <span class='ocrx_word' id='word_1_712' title='bbox 1861 5347 1953 5400; x_wconf 83' lang='grc' dir='ltr'>εύ-</span> 
     </span>
    </p>
   </div>
   <div class='ocr_carea' id='block_1_98' title="bbox 352 5428 1954 5510">
    <p class='ocr_par' dir='ltr' id='par_1_98' title="bbox 352 5428 1954 5510">
     <span class='ocr_line' id='line_1_98' title="bbox 352 5428 1954 5510; baseline 0.006 -28"><span class='ocrx_word' id='word_1_713' title='bbox 352 5432 653 5500; x_wconf 76' lang='grc' dir='ltr'>ρεσκοιντο.</span> <span class='ocrx_word' id='word_1_714' title='bbox 677 5428 789 5485; x_wconf 79' lang='grc' dir='ltr'>Ἦν</span> <span class='ocrx_word' id='word_1_715' title='bbox 830 5432 939 5503; x_wconf 82' lang='grc' dir='ltr'>γὰρ</span> <span class='ocrx_word' id='word_1_716' title='bbox 962 5434 1025 5505; x_wconf 83' lang='grc' dir='ltr'>δὴ</span> <span class='ocrx_word' id='word_1_717' title='bbox 1057 5435 1151 5487; x_wconf 76' lang='grc' dir='ltr'><strong>καὶ</strong></span> <span class='ocrx_word' id='word_1_718' title='bbox 1186 5437 1535 5508; x_wconf 78' lang='grc' dir='ltr'>φρονήματος</span> <span class='ocrx_word' id='word_1_719' title='bbox 1562 5438 1623 5491; x_wconf 80' lang='grc' dir='ltr'><strong>ού</strong></span> <span class='ocrx_word' id='word_1_720' title='bbox 1658 5438 1860 5510; x_wconf 84' lang='grc' dir='ltr'>μικρὰν</span> <span class='ocrx_word' id='word_1_721' title='bbox 1897 5441 1954 5492; x_wconf 81' lang='grc' dir='ltr'><strong>ἐν</strong></span> 
     </span>
    </p>
   </div>
   <div class='ocr_carea' id='block_1_99' title="bbox 350 5522 1951 5600">
    <p class='ocr_par' dir='ltr' id='par_1_99' title="bbox 350 5522 1951 5600">
     <span class='ocr_line' id='line_1_99' title="bbox 350 5522 1951 5600; baseline 0.005 -25"><span class='ocrx_word' id='word_1_722' title='bbox 350 5523 538 5593; x_wconf 81' lang='grc' dir='ltr'>ἐαυτῷ</span> <span class='ocrx_word' id='word_1_723' title='bbox 567 5525 669 5595; x_wconf 70' lang='grc' dir='ltr'><strong>τὴν</strong></span> <span class='ocrx_word' id='word_1_724' title='bbox 703 5522 1025 5589; x_wconf 76' lang='grc' dir='ltr'>ἀλαζονείαν</span> <span class='ocrx_word' id='word_1_725' title='bbox 1058 5526 1359 5593; x_wconf 85' lang='grc' dir='ltr'>ὠδίνοντος,</span> <span class='ocrx_word' id='word_1_726' title='bbox 1399 5529 1473 5600; x_wconf 80' lang='grc' dir='ltr'>μὴ</span> <span class='ocrx_word' id='word_1_727' title='bbox 1516 5532 1636 5593; x_wconf 90' lang='grc' dir='ltr'>ταῖς</span> <span class='ocrx_word' id='word_1_728' title='bbox 1666 5528 1758 5583; x_wconf 90' lang='grc' dir='ltr'><strong>τοῦ</strong></span> <span class='ocrx_word' id='word_1_729' title='bbox 1805 5529 1951 5583; x_wconf 81' lang='grc' dir='ltr'>διδα-</span> 
     </span>
    </p>
   </div>
   <div class='ocr_carea' id='block_1_100' title="bbox 348 5615 1951 5691">
    <p class='ocr_par' dir='ltr' id='par_1_100' title="bbox 348 5615 1951 5691">
     <span class='ocr_line' id='line_1_100' title="bbox 348 5615 1951 5691; baseline 0.004 -24"><span class='ocrx_word' id='word_1_730' title='bbox 348 5615 557 5669; x_wconf 59' lang='lat' dir='ltr'><strong>exile-2</strong></span> <span class='ocrx_word' id='word_1_731' title='bbox 605 5615 835 5687; x_wconf 80' lang='grc' dir='ltr'>μᾶλλον,</span> <span class='ocrx_word' id='word_1_732' title='bbox 864 5616 1001 5670; x_wconf 80' lang='grc' dir='ltr'>ἀλλὰ</span> <span class='ocrx_word' id='word_1_733' title='bbox 1040 5621 1161 5682; x_wconf 85' lang='grc' dir='ltr'>ταῖς</span> <span class='ocrx_word' id='word_1_734' title='bbox 1204 5620 1432 5685; x_wconf 79' lang='grc' dir='ltr'>οἰκείαις</span> <span class='ocrx_word' id='word_1_735' title='bbox 1480 5620 1951 5691; x_wconf 77' lang='grc' dir='ltr'>παιδαγωγεῖσθαι</span> 
     </span>
    </p>
   </div>
   <div class='ocr_carea' id='block_1_101' title="bbox 348 5707 1950 5782">
    <p class='ocr_par' dir='ltr' id='par_1_101' title="bbox 348 5707 1950 5782">
     <span class='ocr_line' id='line_1_101' title="bbox 348 5707 1950 5782; baseline 0.007 -24"><span class='ocrx_word' id='word_1_736' title='bbox 348 5707 573 5775; x_wconf 57' lang='grc' dir='ltr'>βουλαῖς</span> <span class='ocrx_word' id='word_1_737' title='bbox 650 5708 864 5763; x_wconf 69' lang='grc' dir='ltr'>θύκοῦν</span> <span class='ocrx_word' id='word_1_738' title='bbox 902 5711 1293 5782; x_wconf 70' lang='grc' dir='ltr'>οἰκονομικῶς,</span> <span class='ocrx_word' id='word_1_739' title='bbox 1340 5716 1433 5768; x_wconf 67' lang='grc' dir='ltr'><strong>καί</strong></span> <span class='ocrx_word' id='word_1_740' title='bbox 1468 5715 1533 5770; x_wconf 78' lang='grc' dir='ltr'><strong>ἵν’</strong></span> <span class='ocrx_word' id='word_1_741' title='bbox 1575 5715 1747 5780; x_wconf 74' lang='grc' dir='ltr'>οὕτως</span> <span class='ocrx_word' id='word_1_742' title='bbox 1782 5716 1950 5769; x_wconf 70' lang='grc' dir='ltr'>εῖπωο</span> 
     </span>
    </p>
   </div>
   <div class='ocr_carea' id='block_1_102' title="bbox 415 5883 1384 5951">
    <p class='ocr_par' dir='ltr' id='par_1_102' title="bbox 415 5883 1384 5951">
     <span class='ocr_line' id='line_1_102' title="bbox 415 5883 1384 5951; baseline 0.013 -17"><span class='ocrx_word' id='word_1_743' title='bbox 415 5885 468 5917; x_wconf 80' lang='grc'><strong>⁸⁸</strong></span> <span class='ocrx_word' id='word_1_744' title='bbox 494 5884 649 5941; x_wconf 81' lang='lat' dir='ltr'><strong>Joan.</strong></span> <span class='ocrx_word' id='word_1_745' title='bbox 688 5900 729 5949; x_wconf 87' lang='grc' dir='ltr'><strong>ι,</strong></span> <span class='ocrx_word' id='word_1_746' title='bbox 763 5883 859 5937; x_wconf 74' lang='lat'><strong>‘29.</strong></span> <span class='ocrx_word' id='word_1_747' title='bbox 939 5884 981 5913; x_wconf 81' lang='lat'><strong><em>‘°</em></strong></span> <span class='ocrx_word' id='word_1_748' title='bbox 1006 5885 1157 5940; x_wconf 80' lang='lat' dir='ltr'><strong>Joan.</strong></span> <span class='ocrx_word' id='word_1_749' title='bbox 1184 5905 1259 5951; x_wconf 68' lang='grc' dir='ltr'>ις,</span> <span class='ocrx_word' id='word_1_750' title='bbox 1298 5891 1384 5947; x_wconf 78' lang='lat' dir='ltr'><strong>lli.</strong></span> 
     </span>
    </p>
   </div>
   <div class='ocr_carea' id='block_1_103' title="bbox 695 5983 1410 6054">
    <p class='ocr_par' dir='ltr' id='par_1_103' title="bbox 695 5983 1410 6054">
     <span class='ocr_line' id='line_1_103' title="bbox 695 5983 1410 6054; baseline 0.015 -14"><span class='ocrx_word' id='word_1_751' title='bbox 695 5985 980 6045; x_wconf 65' lang='grc' dir='ltr'>Ριτλοῐ..</span> <span class='ocrx_word' id='word_1_752' title='bbox 1022 5983 1133 6045; x_wconf 68' lang='lat' dir='ltr'><strong>(in.</strong></span> <span class='ocrx_word' id='word_1_753' title='bbox 1173 5987 1410 6054; x_wconf 66' lang='lat' dir='ltr'><strong>LXXV.</strong></span> 
     </span>
    </p>
   </div>
   <div class='ocr_carea' id='block_1_104' title="bbox 1460 5893 1945 5960">
    <p class='ocr_par' dir='ltr' id='par_1_104' title="bbox 1460 5893 1945 5960">
     <span class='ocr_line' id='line_1_104' title="bbox 1460 5893 1945 5960; baseline -0.002 -11"><span class='ocrx_word' id='word_1_754' title='bbox 1460 5893 1499 5924; x_wconf 84' lang='lat'><strong>&quot;&#39;</strong></span> <span class='ocrx_word' id='word_1_755' title='bbox 1529 5894 1715 5950; x_wconf 75' lang='lat' dir='ltr'><strong>Matth.</strong></span> <span class='ocrx_word' id='word_1_756' title='bbox 1753 5910 1863 5960; x_wconf 75' lang='lat' dir='ltr'><strong>xlv,</strong></span> <span class='ocrx_word' id='word_1_757' title='bbox 1894 5894 1945 5948; x_wconf 79' lang='grc' dir='ltr'><strong>ι.</strong></span> 
     </span>
    </p>
   </div>
   <div class='ocr_carea' id='block_1_105' title="bbox 2068 4698 3659 4771">
    <p class='ocr_par' dir='ltr' id='par_1_105' title="bbox 2068 4698 3659 4771">
     <span class='ocr_line' id='line_1_105' title="bbox 2068 4698 3659 4771; baseline -0.002 -16"><span class='ocrx_word' id='word_1_758' title='bbox 2068 4702 2617 4771; x_wconf 83' lang='lat' dir='ltr'><strong>tioncmpcrsuasum</strong></span> <span class='ocrx_word' id='word_1_759' title='bbox 2670 4702 2955 4766; x_wconf 87' lang='lat' dir='ltr'><strong>haberent,</strong></span> <span class='ocrx_word' id='word_1_760' title='bbox 3009 4698 3285 4769; x_wconf 83' lang='lat' dir='ltr'><strong>cupiebat,</strong></span> <span class='ocrx_word' id='word_1_761' title='bbox 3341 4700 3484 4769; x_wconf 91' lang='lat' dir='ltr'><strong>quod</strong></span> <span class='ocrx_word' id='word_1_762' title='bbox 3542 4699 3659 4769; x_wconf 83' lang='lat' dir='ltr'><strong>ipsc</strong></span> 
     </span>
    </p>
   </div>
   <div class='ocr_carea' id='block_1_106' title="bbox 2056 4792 3659 4864">
    <p class='ocr_par' dir='ltr' id='par_1_106' title="bbox 2056 4792 3659 4864">
     <span class='ocr_line' id='line_1_106' title="bbox 2056 4792 3659 4864; baseline -0.002 -16"><span class='ocrx_word' id='word_1_763' title='bbox 2056 4802 2201 4849; x_wconf 90' lang='lat' dir='ltr'><strong>esset</strong></span> <span class='ocrx_word' id='word_1_764' title='bbox 2224 4794 2314 4863; x_wconf 90' lang='lat' dir='ltr'><strong>qui</strong></span> <span class='ocrx_word' id='word_1_765' title='bbox 2354 4809 2451 4864; x_wconf 89' lang='lat' dir='ltr'><strong>pro</strong></span> <span class='ocrx_word' id='word_1_766' title='bbox 2482 4792 2657 4848; x_wconf 80' lang='lat' dir='ltr'><strong>salute</strong></span> <span class='ocrx_word' id='word_1_767' title='bbox 2681 4793 2923 4846; x_wconf 90' lang='lat' dir='ltr'><strong>omnium</strong></span> <span class='ocrx_word' id='word_1_768' title='bbox 2972 4802 3237 4846; x_wconf 83' lang='lat' dir='ltr'><strong>venturus</strong></span> <span class='ocrx_word' id='word_1_769' title='bbox 3282 4806 3404 4846; x_wconf 90' lang='lat' dir='ltr'><strong>esse</strong></span> <span class='ocrx_word' id='word_1_770' title='bbox 3436 4793 3659 4861; x_wconf 77' lang='lat' dir='ltr'><strong>exspe-</strong></span> 
     </span>
    </p>
   </div>
   <div class='ocr_carea' id='block_1_107' title="bbox 2060 4870 3655 4957">
    <p class='ocr_par' dir='ltr' id='par_1_107' title="bbox 2060 4870 3655 4957">
     <span class='ocr_line' id='line_1_107' title="bbox 2060 4870 3655 4957; baseline -0.001 -17"><span class='ocrx_word' id='word_1_771' title='bbox 2060 4888 2329 4940; x_wconf 86' lang='lat' dir='ltr'><strong>ctabatur.</strong></span> <span class='ocrx_word' id='word_1_772' title='bbox 2365 4870 2530 4940; x_wconf 86' lang='lat' dir='ltr'><strong>Certo</strong></span> <span class='ocrx_word' id='word_1_773' title='bbox 2562 4887 2747 4957; x_wconf 84' lang='lat' dir='ltr'><strong>itaque</strong></span> <span class='ocrx_word' id='word_1_774' title='bbox 2780 4885 3016 4940; x_wconf 85' lang='lat' dir='ltr'><strong>consilio</strong></span> <span class='ocrx_word' id='word_1_775' title='bbox 3050 4886 3272 4941; x_wconf 89' lang='lat' dir='ltr'><strong>simulat</strong></span> <span class='ocrx_word' id='word_1_776' title='bbox 3304 4901 3362 4941; x_wconf 80' lang='lat' dir='ltr'><strong>se</strong></span> <span class='ocrx_word' id='word_1_777' title='bbox 3404 4887 3614 4941; x_wconf 84' lang='lat' dir='ltr'><strong>nescire</strong></span> <span class='ocrx_word' id='word_1_778' title='bbox 3640 4928 3655 4951; x_wconf 89' lang='lat'><strong>,</strong></span> 
     </span>
    </p>
   </div>
   <div class='ocr_carea' id='block_1_108' title="bbox 2062 4976 3657 5051">
    <p class='ocr_par' dir='ltr' id='par_1_108' title="bbox 2062 4976 3657 5051">
     <span class='ocr_line' id='line_1_108' title="bbox 2062 4976 3657 5051; baseline 0.003 -21"><span class='ocrx_word' id='word_1_779' title='bbox 2062 4988 2119 5031; x_wconf 88' lang='lat' dir='ltr'><strong>ut</strong></span> <span class='ocrx_word' id='word_1_780' title='bbox 2186 4978 2434 5033; x_wconf 89' lang='lat' dir='ltr'><strong>credenti</strong></span> <span class='ocrx_word' id='word_1_781' title='bbox 2494 4978 2594 5047; x_wconf 88' lang='lat' dir='ltr'><strong>ipsi</strong></span> <span class='ocrx_word' id='word_1_782' title='bbox 2672 4976 3065 5048; x_wconf 79' lang='lat' dir='ltr'><strong>discipulorum</strong></span> <span class='ocrx_word' id='word_1_783' title='bbox 3138 4979 3272 5035; x_wconf 74' lang='lat' dir='ltr'><strong>fides</strong></span> <span class='ocrx_word' id='word_1_784' title='bbox 3329 4996 3657 5051; x_wconf 69' lang='lat' dir='ltr'><strong>aggregare-</strong></span> 
     </span>
    </p>
   </div>
   <div class='ocr_carea' id='block_1_109' title="bbox 2063 5070 3660 5142">
    <p class='ocr_par' dir='ltr' id='par_1_109' title="bbox 2063 5070 3660 5142">
     <span class='ocr_line' id='line_1_109' title="bbox 2063 5070 3660 5142; baseline 0.004 -20"><span class='ocrx_word' id='word_1_785' title='bbox 2063 5080 2170 5124; x_wconf 91' lang='lat' dir='ltr'><strong>tur.</strong></span> <span class='ocrx_word' id='word_1_786' title='bbox 2232 5070 2514 5140; x_wconf 78' lang='lat' dir='ltr'><strong>Regnabat</strong></span> <span class='ocrx_word' id='word_1_787' title='bbox 2574 5072 2719 5125; x_wconf 88' lang='lat' dir='ltr'><strong>enim</strong></span> <span class='ocrx_word' id='word_1_788' title='bbox 2768 5086 2875 5125; x_wconf 92' lang='lat' dir='ltr'><strong>non</strong></span> <span class='ocrx_word' id='word_1_789' title='bbox 2939 5074 3133 5142; x_wconf 72' lang='lat' dir='ltr'><strong>exigua</strong></span> <span class='ocrx_word' id='word_1_790' title='bbox 3192 5074 3246 5127; x_wconf 91' lang='lat' dir='ltr'><strong>in</strong></span> <span class='ocrx_word' id='word_1_791' title='bbox 3314 5074 3515 5128; x_wconf 87' lang='lat' dir='ltr'><strong>animis</strong></span> <span class='ocrx_word' id='word_1_792' title='bbox 3571 5088 3660 5128; x_wconf 88' lang='lat' dir='ltr'><strong>co-</strong></span> 
     </span>
    </p>
   </div>
   <div class='ocr_carea' id='block_1_110' title="bbox 2066 5166 3656 5240">
    <p class='ocr_par' dir='ltr' id='par_1_110' title="bbox 2066 5166 3656 5240">
     <span class='ocr_line' id='line_1_110' title="bbox 2066 5166 3656 5240; baseline -0.001 -22"><span class='ocrx_word' id='word_1_793' title='bbox 2066 5178 2183 5218; x_wconf 87' lang='lat' dir='ltr'><strong>rum</strong></span> <span class='ocrx_word' id='word_1_794' title='bbox 2242 5166 2599 5235; x_wconf 78' lang='lat' dir='ltr'><strong>arrogantia,</strong></span> <span class='ocrx_word' id='word_1_795' title='bbox 2676 5181 2854 5237; x_wconf 86' lang='lat' dir='ltr'><strong>neque</strong></span> <span class='ocrx_word' id='word_1_796' title='bbox 2915 5182 2975 5221; x_wconf 90' lang='lat' dir='ltr'><strong>se</strong></span> <span class='ocrx_word' id='word_1_797' title='bbox 3022 5175 3129 5221; x_wconf 86' lang='lat' dir='ltr'><strong>tant</strong></span> <span class='ocrx_word' id='word_1_798' title='bbox 3187 5167 3435 5240; x_wconf 76' lang='lat' dir='ltr'><strong>magistri</strong></span> <span class='ocrx_word' id='word_1_799' title='bbox 3493 5183 3656 5237; x_wconf 87' lang='lat' dir='ltr'><strong>quam</strong></span> 
     </span>
    </p>
   </div>
   <div class='ocr_carea' id='block_1_111' title="bbox 2072 5257 3657 5331">
    <p class='ocr_par' dir='ltr' id='par_1_111' title="bbox 2072 5257 3657 5331">
     <span class='ocr_line' id='line_1_111' title="bbox 2072 5257 3657 5331; baseline 0.004 -22"><span class='ocrx_word' id='word_1_800' title='bbox 2072 5257 2187 5312; x_wconf 92' lang='lat' dir='ltr'><strong>suis</strong></span> <span class='ocrx_word' id='word_1_801' title='bbox 2249 5257 2489 5326; x_wconf 82' lang='lat' dir='ltr'><strong>ipsorum</strong></span> <span class='ocrx_word' id='word_1_802' title='bbox 2536 5259 2782 5315; x_wconf 87' lang='lat' dir='ltr'><strong>consiliis</strong></span> <span class='ocrx_word' id='word_1_803' title='bbox 2840 5259 3131 5330; x_wconf 75' lang='lat' dir='ltr'><strong>gubernari</strong></span> <span class='ocrx_word' id='word_1_804' title='bbox 3172 5261 3443 5316; x_wconf 79' lang='lat' dir='ltr'><strong>volebant.</strong></span> <span class='ocrx_word' id='word_1_805' title='bbox 3499 5260 3657 5331; x_wconf 75' lang='lat'><strong>103</strong></span> 
     </span>
    </p>
   </div>
   <div class='ocr_carea' id='block_1_112' title="bbox 2064 5348 3656 5423">
    <p class='ocr_par' dir='ltr' id='par_1_112' title="bbox 2064 5348 3656 5423">
     <span class='ocr_line' id='line_1_112' title="bbox 2064 5348 3656 5423; baseline 0.001 -21"><span class='ocrx_word' id='word_1_806' title='bbox 2064 5348 2227 5405; x_wconf 83' lang='lat' dir='ltr'><strong>Certo</strong></span> <span class='ocrx_word' id='word_1_807' title='bbox 2265 5350 2427 5421; x_wconf 79' lang='lat' dir='ltr'><strong>igitur</strong></span> <span class='ocrx_word' id='word_1_808' title='bbox 2476 5352 2735 5416; x_wconf 88' lang='lat' dir='ltr'><strong>consilio,</strong></span> <span class='ocrx_word' id='word_1_809' title='bbox 2788 5364 2983 5423; x_wconf 85' lang='lat' dir='ltr'><strong>atque,</strong></span> <span class='ocrx_word' id='word_1_810' title='bbox 3042 5362 3099 5409; x_wconf 88' lang='lat' dir='ltr'><strong>ut</strong></span> <span class='ocrx_word' id='word_1_811' title='bbox 3158 5354 3231 5409; x_wconf 91' lang='lat' dir='ltr'><strong>ita</strong></span> <span class='ocrx_word' id='word_1_812' title='bbox 3286 5355 3504 5421; x_wconf 87' lang='lat' dir='ltr'><strong>dicam,</strong></span> <span class='ocrx_word' id='word_1_813' title='bbox 3545 5354 3656 5405; x_wconf 83' lang='lat' dir='ltr'><strong>vcl-</strong></span> 
     </span>
    </p>
   </div>
   <div class='ocr_carea' id='block_1_113' title="bbox 2063 5443 3655 5517">
    <p class='ocr_par' dir='ltr' id='par_1_113' title="bbox 2063 5443 3655 5517">
     <span class='ocr_line' id='line_1_113' title="bbox 2063 5443 3655 5517; baseline 0.001 -21"><span class='ocrx_word' id='word_1_814' title='bbox 2063 5443 2140 5497; x_wconf 92' lang='lat' dir='ltr'><strong>uti</strong></span> <span class='ocrx_word' id='word_1_815' title='bbox 2186 5444 2238 5498; x_wconf 90' lang='lat' dir='ltr'><strong>in</strong></span> <span class='ocrx_word' id='word_1_816' title='bbox 2271 5459 2432 5500; x_wconf 76' lang='lat' dir='ltr'><strong>scena</strong></span> <span class='ocrx_word' id='word_1_817' title='bbox 2461 5443 2825 5516; x_wconf 78' lang='lat' dir='ltr'><strong>ignorantium</strong></span> <span class='ocrx_word' id='word_1_818' title='bbox 2874 5462 3163 5517; x_wconf 81' lang='lat' dir='ltr'><strong>personant</strong></span> <span class='ocrx_word' id='word_1_819' title='bbox 3199 5448 3451 5511; x_wconf 90' lang='lat' dir='ltr'><strong>iuduens,</strong></span> <span class='ocrx_word' id='word_1_820' title='bbox 3491 5446 3655 5501; x_wconf 90' lang='lat' dir='ltr'><strong>mittit</strong></span> 
     </span>
    </p>
   </div>
   <div class='ocr_carea' id='block_1_114' title="bbox 2062 5535 3657 5610">
    <p class='ocr_par' dir='ltr' id='par_1_114' title="bbox 2062 5535 3657 5610">
     <span class='ocr_line' id='line_1_114' title="bbox 2062 5535 3657 5610; baseline 0.003 -22"><span class='ocrx_word' id='word_1_821' title='bbox 2062 5549 2128 5590; x_wconf 74' lang='lat' dir='ltr'><strong>ex</strong></span> <span class='ocrx_word' id='word_1_822' title='bbox 2156 5535 2271 5591; x_wconf 79' lang='lat' dir='ltr'><strong>suis</strong></span> <span class='ocrx_word' id='word_1_823' title='bbox 2298 5536 2587 5606; x_wconf 89' lang='lat' dir='ltr'><strong>discipulis</strong></span> <span class='ocrx_word' id='word_1_824' title='bbox 2616 5540 2751 5595; x_wconf 92' lang='lat' dir='ltr'><strong>duos</strong></span> <span class='ocrx_word' id='word_1_825' title='bbox 2777 5540 3007 5610; x_wconf 84' lang='lat' dir='ltr'><strong>reliquis</strong></span> <span class='ocrx_word' id='word_1_826' title='bbox 3038 5540 3515 5610; x_wconf 75' lang='lat' dir='ltr'><strong>intelligentiores,</strong></span> <span class='ocrx_word' id='word_1_827' title='bbox 3549 5540 3657 5593; x_wconf 70' lang='lat' dir='ltr'><strong>eis-</strong></span> 
     </span>
    </p>
   </div>
   <div class='ocr_carea' id='block_1_115' title="bbox 2061 5629 3655 5699">
    <p class='ocr_par' dir='ltr' id='par_1_115' title="bbox 2061 5629 3655 5699">
     <span class='ocr_line' id='line_1_115' title="bbox 2061 5629 3655 5699; baseline 0.001 -17"><span class='ocrx_word' id='word_1_828' title='bbox 2061 5643 2167 5698; x_wconf 90' lang='lat' dir='ltr'><strong>que</strong></span> <span class='ocrx_word' id='word_1_829' title='bbox 2214 5629 2371 5699; x_wconf 89' lang='lat' dir='ltr'><strong>jubet</strong></span> <span class='ocrx_word' id='word_1_830' title='bbox 2418 5640 2478 5684; x_wconf 91' lang='lat' dir='ltr'><strong>ut</strong></span> <span class='ocrx_word' id='word_1_831' title='bbox 2530 5632 2899 5697; x_wconf 75' lang='lat' dir='ltr'><strong>sciscitantur,</strong></span> <span class='ocrx_word' id='word_1_832' title='bbox 2947 5644 3002 5689; x_wconf 86' lang='lat' dir='ltr'><strong>et</strong></span> <span class='ocrx_word' id='word_1_833' title='bbox 3063 5650 3131 5689; x_wconf 84' lang='lat' dir='ltr'><strong>ex</strong></span> <span class='ocrx_word' id='word_1_834' title='bbox 3182 5633 3302 5687; x_wconf 82' lang='lat' dir='ltr'><strong>viva</strong></span> <span class='ocrx_word' id='word_1_835' title='bbox 3348 5632 3655 5687; x_wconf 73' lang='lat' dir='ltr'><strong>Serv-aleris.</strong></span> 
     </span>
    </p>
   </div>
   <div class='ocr_carea' id='block_1_116' title="bbox 2064 5720 3653 5797">
    <p class='ocr_par' dir='ltr' id='par_1_116' title="bbox 2064 5720 3653 5797">
     <span class='ocr_line' id='line_1_116' title="bbox 2064 5720 3653 5797; baseline 0.001 -23"><span class='ocrx_word' id='word_1_836' title='bbox 2064 5734 2193 5776; x_wconf 86' lang='lat' dir='ltr'><strong>voce</strong></span> <span class='ocrx_word' id='word_1_837' title='bbox 2218 5731 2572 5792; x_wconf 73' lang='lat' dir='ltr'><strong>cognoscant,</strong></span> <span class='ocrx_word' id='word_1_838' title='bbox 2600 5738 2669 5778; x_wconf 86' lang='lat' dir='ltr'><strong>an</strong></span> <span class='ocrx_word' id='word_1_839' title='bbox 2696 5724 2810 5795; x_wconf 86' lang='lat' dir='ltr'><strong>ipse</strong></span> <span class='ocrx_word' id='word_1_840' title='bbox 2837 5724 2907 5780; x_wconf 88' lang='lat' dir='ltr'><strong>sit</strong></span> <span class='ocrx_word' id='word_1_841' title='bbox 2934 5725 2980 5780; x_wconf 90' lang='lat' dir='ltr'><strong>is</strong></span> <span class='ocrx_word' id='word_1_842' title='bbox 3008 5725 3100 5797; x_wconf 91' lang='lat' dir='ltr'><strong>qui</strong></span> <span class='ocrx_word' id='word_1_843' title='bbox 3125 5733 3493 5796; x_wconf 78' lang='lat' dir='ltr'><strong>exspectatur.</strong></span> <span class='ocrx_word' id='word_1_844' title='bbox 3519 5720 3653 5777; x_wconf 86' lang='lat' dir='ltr'><strong>Cum</strong></span> 
     </span>
    </p>
   </div>
   <div class='ocr_carea' id='block_1_117' title="bbox 3295 5998 3357 6059">
    <p class='ocr_par' dir='ltr' id='par_1_117' title="bbox 3295 5998 3357 6059">
     <span class='ocr_line' id='line_1_117' title="bbox 3295 5998 3357 6059; baseline 0 0"><span class='ocrx_word' id='word_1_845' title='bbox 3295 5998 3357 6059; x_wconf 87' lang='lat'><em>6-</em></span> 
     </span>
    </p>
   </div>
  </div>
