3968 6472
456 437 559 497 ιτι

1434 422 1492 480 3.
1532 419 1802 481 CYBIIJJ
1842 415 2309 477 ALBIANDRINI
2347 416 2664 476 ARCHIEP.

3577 410 3682 468 i7!

456 563 588 612 vero
636 552 675 608 li
720 548 788 608 ad
836 545 1114 606 Christum
1164 542 1473 611 venissent,
1528 541 1633 600 hoc
1679 540 2016 613 intelligens,

2126 556 2242 612 μεν,
2272 538 2462 612 ὥσπερ
2508 538 2599 592 ἐπὶ
2636 532 2841 609 σκηνῆς
2875 534 2938 589 τδ
2968 534 3076 589 τῶν
3122 531 3456 605 ἀγνοούντων
3510 548 3686 603 προσ.

456 646 655 718 qnippc
683 642 778 713 Qui
804 650 965 698 verus
988 632 1132 695 Deus
1156 646 1293 704 erat,
1316 630 1658 708 ιιι-ποίοτίοη
1681 633 1824 689 circa
1852 643 2016 703 egro-

460 742 543 791 tos
591 741 755 804 opera
808 729 1175 798 miraculaque
1223 727 1457 793 edebat,
1507 734 1669 796 quam
1718 730 1906 795 antea;
1948 735 2014 780 ea

460 837 587 881 vero
618 832 767 879 certo
787 821 1015 878 consilio
1040 830 1142 891 per
1170 812 1297 874 illud
1326 826 1534 887 tempus
1560 814 1867 885 prmsubat,
1896 825 2016 882 qua

457 915 659 988 ipsum,
693 921 817 970 cum
845 913 913 968 ad
939 925 1037 967 nos
1063 909 1321 973 venisset,
1355 906 1631 978 propheta:
1655 901 2015 975 prmstiturum

458 1005 834 1080 praedixerant.
864 1001 1236 1071 interrogatus
1266 999 1447 1069 itaque
1492 1011 1599 1053 non
1639 994 1820 1051 statim
1851 992 2019 1063 proli-

460 1106 602 1152 tetur
639 1107 700 1150 se
731 1090 880 1148 illum
926 1104 1064 1157 esse,
1093 1089 1189 1146 sed
1222 1086 1549 1161 prephetieis
1572 1083 2013 1157 pmdictionibus

458 1183 726 1240 factorum
759 1191 815 1238 et
845 1180 1223 1243 miraculorum
1258 1176 1681 1249 magnitudinem
1714 1174 2014 1244 adaptans:

461 1292 483 1329 ι
516 1275 615 1339 ite.
659 1273 858 1344 inquit,
907 1282 962 1329 et
990 1269 1298 1327 renuntiate
1327 1266 1520 1323 Joauni
1545 1283 1664 1339 qum
1707 1264 1936 1321 audistis
1965 1271 2021 1318 et

455 1366 706 1434 vidistis;
746 1382 765 1418 ι
804 1362 1033 1421 audistis
1057 1362 1201 1419 enim
1225 1375 1321 1432 per
1349 1360 1658 1432 prophetas,
1686 1357 1898 1414 vidistis
1920 1370 2016 1413 au-

457 1466 565 1513 tem
597 1469 695 1527 per
723 1465 811 1511 me
853 1451 1092 1524 impleta.
1122 1452 1268 1508 Cum
1309 1451 1500 1522 itaque
1542 1451 1597 1506 hi
1644 1450 1925 1513 ablissent,
1962 1457 2021 1504 ut

455 1547 787 1619 evangelista
825 1546 940 1613 ipse
968 1552 1219 1612 testatur,
1253 1543 1419 1614 cmpit
1448 1539 1694 1598 Christus
1726 1540 1867 1609 loqui
1904 1551 2017 1594 tur-

458 1638 544 1693 bis
593 1639 659 1691 de
713 1633 962 1690 Joanne:
1001 1653 1019 1686 t
1056 1633 1195 1702 Quid
1236 1632 1431 1689 existis
1475 1628 1695 1686 videre?
1722 1648 1739 1682 ι
1798 1640 1853 1683 et
1901 1644 2020 1697 qua:

459 1725 712 1796 deinceps
757 1733 1081 1793 sequuntur.
1121 1720 1494 1777 Necessarium
1535 1729 1665 1775 vero
1701 1715 1857 1787 plane
1897 1715 2015 1783 fuit,

458 1823 518 1870 ut
540 1813 791 1869 Christus
820 1812 885 1866 de
907 1809 1115 1867 Joanne
1141 1824 1444 1866 sermonem
1475 1807 1695 1864 iaceret.
1719 1804 1853 1862 Cum
1875 1804 2018 1862 enint

2114 632 2314 687 ωπεῖον
2356 629 2533 702 ἑαυτῷ
2567 627 2830 701 περιθεὶς,
2868 627 3079 699 πέμπει
3104 628 3216 681 τῶν
3245 625 3459 681 οίκείων
3502 626 3690 697 μαθη-

2112 719 2246 790 τῶν,
2269 722 2429 794 οἵπερ
2465 716 2605 793 ἦσαν
2644 717 2996 789 συνετώτεροι
3014 756 3029 783 ,
3069 720 3171 773 καὶ·
3207 717 3272 789 δὴ
3303 718 3397 772 καὶ
3442 717 3688 771 ἀναπυν-

2116 808 2376 865 θάνεσθαι
2404 807 2633 874 κελεύει,
2664 804 2761 861 καὶ
2788 804 2875 861 διὰ
2902 805 3081 877 ζώσης
3106 807 3199 857 τοῦ
3226 805 3477 877 Σωτῆρος
3503 804 3690 874 φωνῆς

2114 898 2395 970 ἐκμαθεῖν,
2445 899 2494 953 si
2545 896 2707 960 αὑτός
2754 897 2903 951 ἔστιν
2955 893 3422 966 προσδοκώμενος.
3469 893 3691 964 Ἐπειδὴ

2114 986 2170 1041 δὶ
2197 982 2332 1060 ἧκον
2357 988 2456 1060 ήδη
2485 986 2619 1058 πρὸς
2651 984 2741 1038 τὸν
2776 981 2983 1055 Ἰησοῦν
3009 984 3059 1037 οἱ
3087 981 3503 1053 ἀπεσταλμένοι,
3530 979 3689 1034 τοῦτο

2116 1080 2326 1149 συνεὶς,
2374 1078 2469 1133 ars
2509 1076 2574 1149 δὴ
2617 1075 2747 1141 Θεὸς
2798 1075 3058 1145 ὑπάρχων
3104 1071 3375 1146 ἀληθινὸς,
3425 1070 3692 1125 πλουσιω-

2114 1171 2279 1243 τέραν
2304 1172 2539 1224 ἐποιεῖτο
2563 1169 2661 1239 τήν
2684 1168 2777 1221 ἐπὶ
2800 1167 2912 1231 τοῖς
2937 1164 3206 1237 κάμνουσι
3238 1156 3566 1235 φιλοτιμίαν,
3593 1160 3695 1216 καὶ

2120 1261 2437 1333 παραδόξων
2482 1260 2773 1331 ηὑρίσκετο
2806 1257 3035 1329 ποιητὴς
3063 1254 3184 1309 τότε
3239 1253 3439 1325 μᾶλλον
3484 1254 3517 1324 ἢ
3553 1252 3696 1324 πρό-

2117 1370 2305 1426 τερον·
2339 1355 2525 1407 ἐκεῖνα
2553 1352 2608 1405 δὲ
2646 1347 3002 1421 οἰκονομικῶς
3043 1347 3328 1419 εἰργάζετο
3371 1347 3490 1399 κατ’
3516 1349 3697 1401 ἐκεῖνο

2123 1444 2355 1517 μάλιστα
2408 1440 2620 1513 καιροῦ,
2649 1440 2790 1509 ᾇπερ
2834 1437 2995 1492 αὑτὸν
3033 1435 3386 1502 ὶπιτελὲσειν,
3413 1437 3539 1489 ὅταν
3562 1436 3697 1505 ήκοι

2119 1534 2258 1606 πρὸς
2298 1533 2465 1604 ἡμᾶς,
2513 1533 2563 1585 οι
2598 1530 2876 1602 προφῆται
2920 1527 3253 1599 διήγγελλον.
3308 1526 3697 1597 Ἐρωτώμενος

2117 1626 2319 1691 τοίνυν,
2352 1626 2453 1679 οὑκ
2488 1623 2645 1687 εὐθὺς
2693 1622 2905 1692 ὑπαντᾷ
2935 1620 3026 1674 καί
3073 1636 3205 1691 φησι
3234 1617 3318 1684 τδ,
3354 1616 3645 1688 Ἐγὼνείμι
3674 1656 3695 1682 ,

2120 1715 2255 1772 ἀλλά
2285 1718 2395 1779 τοῖς
2425 1713 2780 1786 προφητικοῖς
2816 1710 3132 1781 κηρύγμασι
3159 1708 3257 1779 τὴν
3286 1710 3342 1761 ὲν
3362 1706 3471 1774 τοῖς
3498 1706 3701 1759 ἀποτε-

2119 1808 2355 1861 λεσθεῖσι
2379 1804 2643 1876 παραθεὶς
2670 1801 3098 1872 μεγαλουργίαν·
3136 1820 3156 1852 ι
3186 1796 3568 1869 Πορευθέντες,
3596 1813 3701 1867 φη.

457 1903 785 1963 circumiusa
838 1902 1143 1957 auditorum
1183 1901 1337 1955 turba
1380 1900 1740 1969 cognovisset,
1788 1892 2020 1968 discipu-

2126 1900 2226 1965 σὶν,
2260 1895 2625 1965 ἀπαγγείλατε
2670 1893 2888 1964 Ἰωάννῃ
2916 1891 2953 1947 ἀ
2982 1891 3151 1945 εἴδετε
3200 1889 3291 1943 καὶ
3334 1888 3602 1959 ἠκούσατε
3622 1903 3638 1917 ο
3671 1907 3695 1941 a

460 1996 542 2051 los
573 1992 797 2051 Joannis
824 2004 967 2058 esse,
1005 1990 1603 2061 quiinterrogationem
1630 1988 1777 2043 illam
1802 1988 2018 2043 Christo

460 2084 883 2156 proposuissent,
913 2096 1145 2153 cumque
1178 2082 1279 2151 ipsi
1308 2096 1416 2136 non
1446 2088 1506 2135 ut
1534 2094 1629 2135 sua
1656 2081 1894 2148 ipsorum
1915 2079 2018 2133 du-

456 2176 725 2235 bitatione
779 2188 901 2231 sese
955 2175 1271 2237 liberarent,
1306 2173 1599 2235 venissent,
1646 2172 1741 2226 sed
1790 2171 1938 2228 illum
1988 2180 2017 2225 a

458 2283 567 2339 quo
596 2267 745 2323 missi
766 2272 941 2331 erant,
966 2266 1164 2335 quique
1189 2263 1268 2319 eis
1295 2272 1354 2317 ut
1388 2260 1440 2316 id
1467 2262 1899 2327 sciscitarentur,
1937 2257 2020 2315 in-

458 2360 739 2431 iunxerat;
797 2356 1064 2413 intellexit
1114 2354 1297 2410 statim
1343 2354 1623 2419 Christus,
1684 2356 1881 2422 quippe
1928 2352 2018 2422 qui

459 2451 625 2507 corda
678 2457 737 2505 et
785 2446 1147 2519 cogitationes.
1182 2445 1458 2500 hominum
1500 2443 1740 2511 novit“,
1784 2444 2020 2498 dicturos

458 2555 583 2597 esse
622 2536 929 2601 nonnullos,
971 2544 1063 2590 aut
1091 2534 1293 2604 alioqui
1341 2546 1523 2589 secum
1556 2534 1883 2602 cogitaturos
1914 2550 1926 2587 :
1962 2528 2019 2587 Si

464 2632 519 2686 in
548 2630 691 2684 hunc
726 2640 896 2697 usque
923 2625 1066 2680 diem
1089 2624 1325 2680 Joannes
1349 2623 1585 2692 Baptista
1612 2622 1888 2676 Christum
1915 2637 2018 2676 non

464 2719 634 2784 novit,
658 2726 765 2789 quo
789 2722 949 2787 pacto
970 2714 1125 2770 nobis
1148 2713 1295 2768 illum
1318 2712 1555 2768 ostendit
1579 2712 1762 2765 dicens
1788 2730 1800 2765 :
1831 2729 1849 2763 ι
1883 2711 2022 2768 Ecce

461 2813 646 2882 Agnus
674 2808 789 2877 Dei,
813 2808 902 2879 qui
927 2804 1068 2861 tollit
1091 2811 1373 2875 peccatum
1406 2802 1629 2859 mundi?
1660 2822 1679 2855 ι
1716 2802 1780 2857 Ει
1806 2804 2021 2873 quidem

462 2904 756 2958 verendum
795 2908 916 2955 erat
966 2912 1035 2954 ne
1086 2911 1190 2953 non
1238 2910 1425 2966 parum
1452 2895 1631 2951 damni
1667 2895 1789 2950 inde
1822 2897 1872 2949 in
1911 2906 2023 2950 tur-

460 2995 588 3048 bam
628 2989 949 3059 perveniret.
982 2987 1370 3053 Quamobrem,
1412 2994 1472 3039 ut
1516 2984 1825 3054 scrupulum
1878 2986 2023 3038 illam

462 3080 661 3136 animis
697 3091 885 3134 eorum
928 3077 1193 3133 eximeret
1225 3083 1281 3128 et
1326 3072 1564 3128 scaudali
1616 3086 1800 3127 ansam
1834 3073 2023 3141 prterio

462 3180 635 3241 paret,
681 3170 754 3224 ita
793 3168 859 3223 ad
902 3176 1000 3223 eos
1028 3167 1141 3221 ait:
1182 3183 1201 3216 ι
1229 3162 1367 3230 Quid
1415 3164 1604 3218 existis
1651 3164 1705 3217 in
1751 3165 2021 3219 desertum

2124 1990 2394 2059 ἠκούσατε
2422 1983 2519 2058 μὲν
2542 1986 2652 2055 γάρ
2681 1982 2767 2037 διὰ
2791 1982 2899 2037 τῶν
2932 1980 3249 2053 προφητῶν,
3284 1978 3449 2033 εἴδετε
3478 1978 3534 2032 δὲ
3565 1978 3703 2049 πλη-

2126 2079 2363 2151 ρωθέντα
2392 2078 2459 2130 δι’
2497 2074 2652 2146 ἐμοῦ.
2707 2073 2870 2128 Ἀλλά
2912 2073 3118 2142 τούτων
3169 2068 3566 2143 πορευομένων,
3620 2071 3701 2134 ὡς

2125 2172 2285 2234 αὑτός
2311 2183 2478 2240 φησιν
2496 2169 2525 2221 6
2550 2166 2963 2237 εὑαγγελιστὴς,
2983 2165 3183 2235 ήρξατο
3205 2165 3235 2217 6
3259 2164 3492 2235 Χριστὸς
3519 2162 3702 2231 λέγειν

2125 2264 2233 2325 τοῖς
2259 2260 2434 2331 ὄχλοις
2460 2260 2587 2328 περὶ
2622 2257 2867 2312 Ἰωάννου
2886 2275 2897 2287 ·
2932 2277 2950 2309 ι
2980 2258 3045 2310 Τί
3077 2256 3328 2327 ἐξήλθετε
3359 2256 3521 2320 ίδεῖν;
3548 2273 3565 2306 ι
3601 2257 3701 2309 καὶ

2124 2352 2193 2406 τά
2220 2350 2429 2414 τούτοις
2464 2350 2659 2420 ἑφεξῆς
2699 2349 2943 2419 κείμενα.
2985 2348 3304 2415 Ἀναγκαῖον
3328 2347 3385 2400 δὲ
3413 2345 3572 2399 πάλιν
3600 2347 3701 2399 καί⁵

2125 2442 2216 2496 τὸν
2259 2439 2386 2512 περὶ
2424 2439 2616 2494 τούτου
2651 2438 2806 2506 λόγον
2846 2438 3142 2507 ἐποιήσατο
3186 2436 3434 2507 Χριστός.
3475 2433 3699 2505 Ἐπειδὴ

2125 2533 2233 2603 γὰρ
2265 2531 2563 2603 ἐμάνθανεν
2594 2532 2628 2601 ἡ
2663 2529 3009 2599 περιεστῶσα
3037 2527 3144 2580 τῶν
3171 2528 3532 2597 ἀκροωμένων
3560 2524 3704 2595 πλη-

2129 2624 2258 2689 θὺς,
2310 2623 2384 2685 ὡς
2419 2617 2558 2693 ἦσαν
2610 2622 2707 2691 μὲν
2761 2619 2867 2673 τῶν
2904 2619 3147 2675 Ἰωάννου
3203 2618 3457 2689 μαθητῶν
3497 2617 3547 2669 oi.
3597 2616 3701 2687 τήν

2129 2714 2319 2768 πεῦσιν
2344 2714 2727 2784 προσάγοντες,
2751 2706 2883 2784 ἦκον
2905 2710 2961 2765 δὲ
2986 2711 3084 2763 οὑκ
3109 2710 3244 2773 ίδίας
3268 2709 3453 2781 ὥσπερ
3478 2707 3704 2777 ἀγνοίας

2129 2803 2413 2876 ζητοῦντες
2455 2803 2795 2883 ἀπαλλαγὴν,
2826 2801 2965 2856 ἀλλά
2997 2802 3097 2870 τῆς
3139 2800 3301 2855 αὑτοῦ
3351 2800 3705 2883 πεπομφότος

2129 2896 2223 2948 καὶ
2252 2894 2512 2966 διερωτᾷν
2554 2882 2966 2956 ἀναπείθοντος,
3012 2892 3336 2960 κατενόησεν
3379 2882 3484 2944 ἅτε
3506 2890 3570 2963 δὴ
3602 2890 3706 2945 καὶ

2129 2985 2355 3057 καρδίας
2398 2983 2572 3047 εἰδὼς,
2606 2984 2699 3037 καὶ
2738 2983 2806 3036 τά
2835 2984 2891 3036 ιν
2929 2981 3006 3052 τῷ
3050 2982 3319 3054 ἀνθρώπῳ
3352 2984 3700 3052 γιγνώσκων,

2130 3076 2210 3129 ὅτι
2247 3076 2462 3138 πάντως
2500 3072 2686 3145 ἐροῦσι
2734 3088 2877 3137 τινες
2923 3074 3017 3126 καὶ
3066 3072 3370 3143 λογιοῦνται
3415 3074 3535 3128 καθ’
3565 3075 3700 3129 ἑαυ-

2131 3162 2287 3226 τούς·
2336 3163 2398 3216 Εί
2444 3163 2603 3234 μέχρι
2655 3164 2893 3233 σήμερον
2944 3162 3126 3231 ἀγνοεῖ
3174 3162 3264 3216 τὸν
3298 3162 3500 3233 Ἰησοῦν
3534 3164 3562 3217 6
3596 3183 3709 3235 μα-

464 3262 687 3319 viderei
751 3260 1085 3315 Arundinem
1136 3266 1297 3311 vento
1352 3256 1646 3320 agitatum?
1682 3274 1700 3307 ι
1758 3257 2021 3311 Admirati

2127 3255 2315 3325 κάριος
2349 3254 2633 3325 Ἰωάννης,
2682 3251 2798 3315 πῶς
2842 3253 2975 3323 ήμῖν
3007 3253 3169 3305 αὐτον
3219 3253 3455 3308 ἐδείκνυε
3497 3256 3704 3324 λέγων’

466 3352 622 3417 estis,
679 3350 885 3420 inquit,
927 3346 1191 3403 Joannem
1228 3346 1561 3415 Baptistam,
1619 3354 1673 3401 et
1724 3346 2029 3416 frequenter

469 3442 624 3511 longa
673 3453 773 3510 per
808 3439 1156 3495 solitudinem
1204 3435 1540 3506 proiectione
1587 3436 1734 3491 illum
1782 3436 2027 3503 adiistis,

470 3528 652 3585 multis
682 3530 956 3584 laboribus
982 3527 1289 3595 utilitatem,
1325 3541 1488 3596 quam
1521 3526 1647 3581 inde
1679 3529 2032 3597 exspectabo-

469 3620 558 3686 tis,
587 3619 938 3675 redimentes.
968 3617 1235 3673 Caeterum
1262 3617 1550 3673 temerarie
1590 3616 1831 3687 proiecto
1854 3618 2030 3673 nulla-

468 3725 573 3779 que
604 3708 797 3763 idonea
835 3710 902 3764 de
939 3724 1102 3765 causa
1148 3708 1297 3762 illum
1330 3708 1581 3762 admirati
1625 3708 1782 3773 estis,
1815 3709 1861 3763 si
1904 3720 2027 3763 cum

469 3804 604 3858 adeo
648 3802 822 3857 levem
871 3799 1222 3866 existimatis,
1260 3808 1321 3853 ut
1359 3800 1612 3854 arundini
1662 3809 2027 3868 comparetur,

469 3907 589 3960 qnze
624 3891 879 3947 facillim
910 3893 963 3944 in
990 3891 1241 3959 quamvis
1279 3898 1485 3959 partem
1520 3899 1679 3947 vento
1720 3888 2027 3960 impellitur.

471 3983 748 4050 Quomodo
772 3981 930 4052 105
954 3982 1099 4035 enim
1141 3995 1248 4035 non
1278 3980 1539 4047 ejusmodi
1576 3995 1699 4035 esse
1728 3982 2029 4049 deprehen-

473 4074 653 4137 datur,
708 4073 777 4138 si,
823 4083 931 4141 prae
964 4086 1157 4140 magna
1204 4070 1368 4124 animi
1409 4069 1645 4135 levitate,
1679 4086 1837 4141 quem
1884 4072 2033 4125 novit

473 4177 631 4218 nosse
654 4177 715 4217 se
734 4161 1043 4217 iniiciatur?
1076 4163 1146 4215 At
1173 4176 1279 4215 non
1307 4162 1621 4216 arundinem
1645 4171 1813 4216 certe.
1844 4180 1862 4214 ι
1893 4160 2030 4227 Quid

477 4262 657 4305 tamen
711 4251 901 4305 existis
933 4248 1152 4303 videre?
1182 4247 1535 4303 Hominemne
1582 4246 1833 4301 mollibus
1864 4246 2030 4301 vcsti-

476 4344 671 4398 mentis
706 4342 992 4397 indutum?
1025 4341 1164 4396 Ecce
1208 4340 1298 4410 qui
1343 4339 1592 4394 mollibus
1622 4338 1935 4403 induuntur,
1978 4337 2032 4391 in

475 4433 729 4487 domibus
763 4446 947 4500 regum
992 4440 1139 4485 sunt.
1172 4448 1195 4481 ε
1232 4430 1407 4498 Atque
1454 4429 1524 4483 iis
1560 4428 1801 4496 quidem,
1839 4428 2033 4497 inquit,

475 4521 883 4577 convenientius
895 4520 969 4574 sit
996 4519 1215 4575 levitate
1234 4519 1397 4573 animi
1423 4519 1693 4575 laborare.
1716 4518 1868 4577 Unde
1890 4522 2033 4577 enim

475 4613 566 4682 qui
591 4611 863 4683 perpetuis
892 4610 1166 4665 laboribus
1208 4624 1327 4666 sese
1354 4621 1595 4680 exercet,
1628 4628 2032 4684 corporeasque

475 4701 791 4757 aﬂ'ectiouea
836 4701 1055 4756 assidue
1097 4701 1349 4770 reprimit
1394 4716 1460 4758 ac
1505 4704 1712 4768 datust,
1742 4704 1794 4758 in
1826 4713 2032 4759 tantam

482 4794 758 4849 levitatem
801 4793 909 4848 labi
941 4793 1168 4864 posset?
1211 4791 1346 4849 Nam
1398 4794 1767 4865 hujuscemodi
1818 4796 2033 4853 levitate

476 4886 673 4941 tuentis
708 4884 958 4939 laborare
998 4893 1082 4939 est
1128 4884 1318 4950 animi,
1371 4885 1562 4954 inquit,
1611 4888 1701 4954 qui
1761 4902 1867 4942 non
1922 4898 2031 4943 tam

476 4990 667 5045 aspera
693 4975 904 5031 vivendi
931 4977 1165 5043 ratione,
1193 4990 1355 5045 quam
1390 4976 1676 5033 mundanis
1708 4978 1914 5036 deliciis
1940 4981 2034 5036 deo

478 5068 725 5123 lectetur.
755 5065 814 5121 Si
844 5080 973 5137 ergo
995 5080 1117 5123 eum
1152 5066 1490 5122 admiramiui
1529 5076 1782 5137 tanquam
1805 5083 1836 5124 a
1858 5070 2038 5125 molli-

481 5156 552 5209 tie
569 5152 973 5219 abhorrentem,
1004 5154 1229 5209 tribuite
1248 5153 1411 5209 etiam
1436 5154 1510 5209 illi
1540 5155 1848 5211 ﬁrmitatem
1871 5158 2035 5214 animi

477 5243 739 5312 ejusmodi
785 5242 1067 5300 laboriosae
1101 5246 1226 5302 vita
1253 5249 1681 5303 convenientem.
1728 5246 1785 5304 Si
1816 5261 1944 5305 vero
1970 5250 2030 5305 in

479 5332 686 5403 optimo
712 5334 837 5390 vita:
864 5348 1065 5405 genere
1103 5336 1236 5392 nihil
1261 5337 1493 5409 amplius
1524 5338 1783 5406 statuitis,
1818 5340 1914 5396 aed
1940 5353 2035 5395 eo-

481 5426 601 5478 dem
633 5424 825 5480 ordine
870 5425 1087 5483 habetis
1123 5442 1247 5483 eum
1273 5429 1363 5499 qui
1412 5430 1625 5486 laborat
1673 5444 1793 5486 cu
1838 5443 1910 5487 eo
1939 5430 2033 5501 qui

482 5512 784 5580 deiiciatur,
832 5529 949 5582 cur,
998 5518 1319 5589 contemptis
1346 5520 1413 5574 iis
1440 5519 1535 5589 qui
1584 5520 1773 5576 sericis
1798 5521 2036 5576 vestibus

484 5610 708 5657 utuntur
738 5611 793 5659 et
835 5604 889 5660 in
936 5604 1073 5661 aulis
1116 5620 1302 5677 regum
1334 5618 1653 5678 versantur,
1694 5623 1819 5666 eum
1856 5609 1950 5680 qui
1982 5608 2037 5665 in

559 5783 603 5813 "
632 5782 769 5838 Psal.
804 5798 957 5851 xcnt,
996 5784 1081 5838 ii.

2134 3362 2153 3394 ι
2185 3344 2289 3396 Ἴδε
2315 3344 2345 3395 6
2364 3342 2555 3413 ’Δμνδς
2585 3341 2679 3395 τοῦ
2716 3340 2873 3406 Θεοῦ,
2903 3343 2931 3394 6
2962 3342 3130 3412 αῖρων
3175 3342 3274 3411 τὴν
3311 3335 3583 3417 ἁμαρτίαν
3604 3345 3706 3400 τοῦ

2128 3434 2364 3503 κόσμου;
2396 3452 2415 3485 ι
2461 3432 2571 3487 Καὶ
2629 3428 2697 3503 ἦν
2742 3432 2803 3486 οὑ
2858 3432 3053 3503 μικρὸν
3102 3432 3354 3487 ἐντεῦθεν
3414 3434 3707 3490 ὑπολαϐεῖν

2129 3521 2345 3575 ἔσεσθαι
2366 3525 2475 3585 τοῖς
2503 3521 2678 3593 ϐχλοις
2700 3522 2761 3574 τὸ
2792 3521 3005 3593 βλάϐος.
3031 3520 3240 3577 Οὐκοῦν
3268 3520 3329 3577 τὸ
3357 3524 3709 3597 συμϐεϐηκὸς

2129 3613 2309 3674 αὑτοῖς
2344 3606 2662 3683 θεραπεύων
2696 3610 2887 3678 πάθος,
2919 3613 3014 3666 καὶ
3057 3612 3157 3684 τὴν
3187 3612 3297 3669 ἀπὸ
3329 3614 3421 3668 τοῦ
3472 3616 3708 3672 σκανδάο

2130 3704 2241 3774 λου]
2274 3702 2476 3775 ζημίαν
2524 3701 2857 3775 ἀπορῤιζῶν,
2914 3702 3063 3771 λέγει
3110 3704 3246 3776 πρὸς
3302 3705 3530 3772 αὑτούς·
3567 3728 3586 3759 ι
3636 3708 3708 3762 Τί

2130 3794 2377 3863 ἐξήλθετε
2410 3795 2490 3857 είς
2520 3791 2618 3864 τὴν
2649 3792 2853 3864 ἔρημον
2891 3792 3055 3858 ίδεῖν;
3084 3794 3330 3865 κάλαμον
3363 3794 3467 3849 ὑπὸ
3501 3797 3708 3866 ἀνέμου

2134 3885 2525 3955 σαλευόμενον;
2558 3903 2577 3936 ι
2622 3884 3035 3954 Ἐθαυμάσατε,
3080 3885 3242 3955 φησὶ,
3287 3887 3379 3939 τὶν
3436 3886 3709 3956 μακάριον

2132 3975 2462 4043 Βαςττιστὴν,
2494 3974 2590 4026 καὶ
2630 3973 2693 4042 δὴ
2730 3974 2825 4026 καὶ
2858 3974 2955 4044 τήν
2995 3974 3128 4045 πρὸς
3178 3975 3343 4027 αὑτὸν
3394 3975 3711 4046 ἀποδημίαν

2133 4062 2454 4119 ἑπονίσασθε
2498 4062 2776 4127 πολλάκις,
2808 4062 2907 4126 τὰς
2945 4061 3086 4116 οῦτω
3119 4063 3333 4134 μακρὰς
3364 4067 3461 4129 τῆς
3496 4066 3708 4137 ἐρήμου

2132 4152 2547 4227 κατατρίϐοντες
2576 4154 2749 4220 ὁδοὺς,
2785 4156 2879 4208 καὶ
2909 4154 3090 4226 ίδρῶτι
3120 4155 3299 4227 πολλῷ
3330 4155 3428 4228 τὴν
3457 4157 3710 4215 ἐντεῦθεν
3818 4186 3821 4187 ν

2132 4248 2396 4318 ὠφέλειαν
2445 4245 2762 4317 ὠνούμενοι.
2795 4247 2919 4316 Ἆρ’
2956 4242 3049 4300 οὖν
3078 4246 3203 4317 είκῆ
3245 4248 3339 4300 καὶ⁵
3375 4248 3709 4320 προχείρως,

2135 4339 2317 4408 φησὶν,
2352 4335 2706 4408 ἐθαυμάζετε,
2736 4338 2894 4408 είπερ
2920 4336 3091 4402 οὕτως
3116 4338 3275 4392 αὑτὸν
3309 4338 3540 4409 ἐλαφρὸν
3559 4339 3712 4410 ἔχειν

2134 4429 2308 4483 οἴεσθε
2345 4428 2437 4482 τὸν
2474 4428 2618 4496 νοῦν,
2660 4430 2737 4493 ὡς
2774 4431 3151 4500 προσεοικέναι
3200 4430 3429 4501 καλάμῳ
3465 4430 3542 4503 τῷ
3583 4430 3710 4487 λίαν

2135 4518 2361 4589 ἑτοίμως
2398 4519 2482 4588 ἐφ’
2508 4519 2647 4589 ὅπερ
2682 4520 2748 4573 ἂν
2778 4517 2991 4589 συνωθῇ
3034 4518 3095 4571 τὸ
3123 4519 3339 4590 πνεῦμα
3373 4520 3706 4580 συννεύοντι.

2066 4597 2109 4651 Ι)
2139 4609 2261 4673 Πῶς
2288 4609 2395 4681 γὰρ
2420 4609 2539 4680 οὑχὶ
2564 4608 2800 4671 τοιοῦτος
2820 4608 2897 4661 ὢν
2920 4608 3309 4679 εὑρεθήσεται,
3326 4611 3484 4683 εἴπερ
3510 4612 3706 4681 ὅντως.

2132 4702 2190 4755 ὃν
2204 4700 2361 4767 οίδεν,
2376 4702 2588 4770 ἀγνοεῖν
2600 4700 2868 4773 ὁμολογεῖ,
2883 4700 2949 4753 ὲκ
2963 4699 3165 4771 πολλῆς
3181 4716 3328 4765 τινος
3341 4702 3497 4756 τοῦτο
3515 4700 3711 4759 παθὼν

2135 4794 2427 4865 ὲλαφρίαςς
2462 4790 2601 4845 Ἀλλ’
2628 4792 2686 4844 ού
2716 4791 2958 4862 κάλαμον
2993 4790 3091 4861 μέν
3113 4806 3128 4821 ⁵
3162 4811 3185 4843 ι
3213 4791 3278 4845 Τί
3308 4792 3365 4845 δὲ
3394 4793 3542 4862 ὅμως
3576 4793 3710 4850 ίδεῖν

2133 4882 2415 4955 testacea;
2440 4880 2755 4954 Ἄνθρωπον
2776 4882 2833 4935 ἑν
2858 4881 3119 4951 μαλακοῖς
3140 4881 3543 4953 ήμφιεσμένονς
3573 4880 3711 4940 ’1δοὺ

2134 4972 2184 5025 oi
2213 4971 2281 5025 τά
2312 4967 2534 5043 μαλακά
2560 4967 2849 5041 φοροῦντες
2882 4971 2943 5025 ἐν
2971 4972 3084 5034 τοῖς
3112 4970 3283 5034 οἴκοις
3304 4970 3413 5023 τῶν
3441 4969 3713 5041 βασιλέων

2140 5062 2295 5119 είσίν.
2318 5080 2341 5115 a
2374 5057 2469 5125 οἷς
2492 5061 2569 5131 νδὴ
2604 5061 2696 5115 καὶ
2735 5061 2936 5131 μᾶλλον
2965 5061 3033 5116 ἀν
3076 5062 3184 5133 εἴη,
3219 5062 3404 5133 φησιν,
3438 5063 3715 5133 ἁρμοδιώ-

2139 5170 2294 5225 τερον
2336 5153 2398 5207 τδ
2436 5154 2498 5205 ὲν
2529 5154 2717 5224 φρεσὶν
2747 5153 3013 5223 ὑπάρχειν
3056 5152 3335 5223 ἐλαφραῖς.
3375 5153 3543 5207 Πόθεν
3598 5154 3714 5229 γὰρ

2140 5246 2169 5297 6
2197 5243 2444 5313 σύντονος
2480 5240 2623 5296 οὑτω
2668 5242 2792 5315 περὶ
2840 5243 2937 5314 τὴν
2984 5242 3237 5313 ἄσκησιν,
3274 5242 3486 5314 βέϐαιός
3519 5259 3579 5299 τε
3615 5248 3717 5299 καὶ

2141 5334 2308 5399 πολὺς
2344 5337 2427 5399 είς
2466 5333 2529 5388 τὸ
2559 5334 2652 5389 καὶ
2685 5333 2862 5389 αὐτῶν
2885 5333 2994 5389 τῶν
3025 5334 3125 5404 τῆς
3156 5334 3360 5405 σαρκὸς
3402 5338 3716 5405 καταγωνί-

2145 5424 2331 5490 ζεσθαι
2363 5423 2571 5490 παθῶν,
2598 5425 2680 5489 είς
2711 5424 2981 5496 τοσαύτην
3010 5425 3251 5496 ἀμαθίαν
3281 5425 3605 5495 ὲκϐήσεταις
3635 5427 3719 5483 Τὸ

2143 5518 2252 5590 γὰρ
2291 5520 2349 5571 ὲν
2379 5517 2603 5590 τοιαύτῃ
2642 5517 2857 5571 κεῖσθαι
2896 5517 3132 5581 διανοίας
3182 5517 3493 5589 κουφότητι,
3533 5518 3719 5592 ψυχῆς

2145 5610 2210 5664 ἀν
2237 5610 2347 5681 εῐη,
2381 5610 2564 5682 φησιν,
2594 5608 2652 5663 ού
2687 5608 3127 5681 σκληραγωγίαις
3168 5607 3391 5680 μᾶλλον,
3418 5608 3553 5664 ἀλλά
3597 5614 3720 5677 ταῖς
