3968 6528
230 460 315 519 \TS

247 584 297 635 ἐν
334 577 521 649 κόσμῳ
566 579 837 648 τρυφαῖς

262 674 375 727 ima.
409 672 465 724 ὶν
507 668 792 742 μαλακοῖς
852 667 1197 739 Θαυμάζετε,
1223 666 1343 720 δότε
1388 671 1455 739 τῇ
1488 667 1721 736 ἀσκήσει
1767 667 1869 737 τὴν

268 765 393 834 abst
453 760 781 833 πρέπουσαν
862 758 1194 828 ἀσφάλειαν.
1245 758 1310 812 Et
1358 757 1416 810 δέ
1472 758 1531 810 ἐν
1578 756 1657 827 τῷ
1720 755 1869 827 βιοῦν

276 857 463 927 aptata.
490 854 551 907 τὸ
578 850 744 909 πλέον
774 851 967 915 οὐδὲν,
1001 851 1058 902 ἐν
1086 849 1141 902 δὲ
1170 848 1260 922 [an
1287 846 1437 913 τάξει
1473 847 1564 901 τὸν
1604 847 1873 903 πονοῦντα

276 946 350 1016 τῷ
376 944 649 1018 τρυφῶντι
684 945 913 1014 θήσετε,
948 941 1002 993 τί
1042 941 1101 993 τὸ
1145 939 1429 1011 σεμνύνειν
1477 940 1708 1009 ἀφέντες
1747 940 1872 1003 τοὺς

274 1039 427 1106 οἷπερ
470 1037 608 1088 εἰσίν
648 1036 705 1088 ἐν
746 1034 1019 1106 μαλακοῖς
1055 1032 1280 1102 ἀμφίοις
1312 1030 1407 1085 καὶ
1441 1034 1500 1086 ὲν
1539 1031 1732 1095 αὐλαῖς
1773 1030 1873 1101 βα-

276 1129 489 1192 σιλέων,
537 1128 637 1191 τὰς
678 1128 736 1181 ἐν
780 1126 979 1196 ἐρήμῳ
1025 1123 1334 1194 διατριϐὰς,
1384 1123 1481 1179 καὶ
1526 1122 1872 1193 περιϐόλαιον

276 1220 514 1283 εὐτελὲς,
549 1218 751 1287 μᾶλλον
781 1218 840 1270 δὲ
873 1217 972 1279 τὰς
1008 1217 1071 1271 ἐκ
1110 1217 1374 1289 καμήλων
1422 1215 1613 1287 τρίχας
1660 1212 1873 1283 Θαυμά-

276 1309 425 1375 ςετες
483 1308 625 1361 Ἀλλ’
666 1304 823 1377 οἶμαι
874 1307 1220 1377 δυσωπήσειν
1260 1308 1407 1377 ὑμᾶς
1448 1306 1510 1358 τὸ
1555 1306 1613 1359 ἐν
1658 1303 1873 1367 τούτοις

276 1402 501 1466 ἄτοπον,
552 1398 915 1469 ἀξιοζήλωτον
948 1397 1005 1449 δὲ
1048 1398 1217 1461 ὅντως
1254 1398 1431 1469 ἐρεῖτε
1461 1396 1553 1453 τὸν
1602 1395 1872 1467 μακάριον

276 1492 617 1562 Βαπτιστήν.
644 1486 769 1560 Ἆρ’
794 1484 888 1542 οὖν
918 1487 1096 1541 οἴεσθε
1148 1486 1436 1559 προφήτην
1483 1485 1750 1557 ὑπάρχειν
1778 1486 1875 1537 αὒ-

275 1588 400 1649 τόν;
431 1584 546 1636 Ναὶ
576 1583 885 1652 προφήτην,
932 1580 1131 1650 μᾶλλον
1159 1580 1215 1633 δὲ
1246 1579 1341 1633 καὶ
1368 1580 1650 1650 προφήτου
1680 1580 1872 1632 πλεον-

280 1674 549 1727 εκτοῦντα
572 1674 634 1725 τὸ
661 1672 878 1741 μέτρον.
910 1672 972 1722 Ol
1002 1669 1101 1739 μὲν
1134 1668 1243 1739 γὰρ
1269 1668 1343 1730 ὠς
1376 1669 1496 1739 ἦξει
1539 1668 1874 1739 προεκήρυτ-

278 1783 391 1828 τον,
418 1764 576 1815 οὔπω
609 1762 847 1831 παρόντα
877 1758 1169 1830 οεὡμενοι’
1202 1760 1230 1811 6
1256 1758 1314 1811 δὲ
1347 1758 1409 1812 τὸ
1440 1758 1870 1829 συναμφότερον.

280 1853 630 1922 Πανταχόθεν
652 1849 940 1921 τοιγαροῦν
960 1852 989 1902 6
1012 1849 1198 1919 Σωτὴρ
1222 1848 1552 1917 ἁξιάγαστον
1573 1845 1738 1902 οὖσαν
1756 1852 1876 1902 ἐπι-

1708 453 2155 513 τιιεεΑυιιυε.

918 574 1209 647 ἡδομένης.
1239 575 1302 629 El
1360 592 1459 646 μεν
1504 570 1597 630 οὖν
1642 574 1717 639 t'u;
1763 576 1895 636 οὐκ,

1988 575 2261 631 tolitudine
2288 574 2453 644 degit,
2499 571 2699 641 vilique
2728 570 2927 626 vestitu
2959 584 3054 626 seu
3087 568 3269 641 potius
3309 568 3434 639 pilis
3454 585 3550 625 ca-

3445 447 3555 507 ιιι

1972 668 2242 724 melorum
2270 667 2532 733 induitur,
2563 664 2943 721 admiremini?
2970 660 3077 719 Sed
3104 671 3233 733 puto
3257 678 3352 718 vos
3378 665 3553 720 vereri

1972 759 2365 817 absurditatetn
2405 758 2566 829 hujus
2611 757 2725 825 rei;
2775 755 3041 812 Joannem
3087 770 3219 811 vero
3252 755 3553 825 Baptistam

1973 850 2339 907 admiratione
2372 850 2596 921 dignum
2639 864 2762 905 esse
2813 846 3029 904 dicetis.
3078 846 3422 903 Existimatio
3454 848 3557 904 ita-

1973 959 2082 1015 que
2127 944 2447 1015 prophetam
2498 943 2673 1013 ipsum
2714 942 2878 998 esse?
2923 941 3083 997 Certe
3134 942 3400 1013 propheta
3451 953 3556 1009 est,

1975 1035 2087 1090 imo
2116 1036 2295 1106 potius
2320 1032 2705 1105 prophetarum
2728 1032 3093 1088 conditionem
3126 1032 3287 1103 longe
3312 1043 3556 1103 superat.

1974 1128 2261 1197 Propheta:
2300 1128 2446 1186 enim
2493 1137 2779 1184 venturum
2824 1139 2947 1180 eum
2987 1125 3377 1196 praedixerunt,
3425 1142 3563 1196 pra!-

1974 1228 2187 1276 seutem
2238 1227 2417 1274 tamen
2463 1232 2569 1271 non
2613 1216 2915 1273 viderunt:
2948 1215 3036 1271 hic
3084 1230 3215 1271 vero
3246 1226 3559 1285 utrumque.

1976 1311 2056 1366 lta
2085 1309 2337 1366 Christus
2384 1310 2766 1364 admirandum
2805 1308 3059 1363 omnibus
3100 1307 3276 1365 modis
3304 1308 3565 1378 Baptista:

1978 1400 2284 1457 institutum
2324 1414 2445 1455 esse
2483 1400 2742 1463 ostendit,
2774 1407 2834 1456 ut
2876 1399 3133 1454 credatur
3176 1414 3305 1455 vera
3363 1402 3565 1469 praedi-

1978 1505 2142 1557 care;
2192 1505 2258 1545 ac
2301 1500 2535 1546 testatur
2584 1489 2802 1559 quidem
2838 1488 2956 1559 ipse
3007 1490 3061 1543 in
3101 1489 3389 1545 sublimem
3438 1506 3562 1546 eum

1980 1580 2301 1651 dignitatem
2340 1580 2630 1644 extollens,
2676 1588 2731 1635 et
2773 1583 3068 1649 prophetas
3111 1581 3380 1638 excellere
3407 1582 3585 1637 ’διαίτη

1980 1688 2156 1727 mans.
2186 1672 2385 1744 Adjicit
2415 1686 2547 1728 vero
2576 1671 2760 1725 statim
2788 1686 2896 1741 quo
2926 1682 3083 1742 pacto
3104 1673 3218 1729 suis
3252 1675 3431 1730 verbis
3456 1674 3565 1733 Pa-

1981 1764 2082 1820 tris
2118 1765 2283 1819 etiam
2316 1780 2415 1819 vox
2456 1763 2809 1834 respondeat,
2853 1772 2912 1818 ut
2958 1765 3359 1833 quodammodo
3391 1768 3562 1825 etiam

1979 1871 2048 1911 ex
2087 1855 2243 1928 legali
2288 1856 2501 1931 iustitia
2560 1854 2932 1916 testimonium
2977 1857 3043 1910 de
3086 1871 3151 1911 eo
3192 1858 3567 1929 consignetur.

277 1934 638 2013 δεικνύειὲὴν
668 1940 757 1993 ἐπὶ
780 1940 856 2010 τῷ
881 1938 1171 2010 προδρόμῳ
1196 1937 1471 2009 διάληψιν,
1501 1938 1588 1991 ἵνα
1615 1940 1876 2009 φαίνηται

1988 1966 2006 1999 ι
2039 1946 2135 2003 llic
2170 1948 2314 2014 enim
2360 1954 2463 2014 est,
2498 1946 2696 2015 inquit,
2734 1946 2802 2000 de
2828 1960 2936 2015 quo
2976 1946 3239 2016 scriptum
3274 1955 3395 2002 est:
3426 1948 3569 2005 Ecce

277 2035 529 2106 κηρύξας
563 2032 773 2101 άληΘῆ’
808 2032 902 2084 καὶ
937 2033 1206 2101 μαρτυρεί
1237 2030 1337 2098 μὲν
1371 2030 1535 2096 αὐτὸς
1566 2033 1645 2094 εἰς
1677 2030 1878 2103 ὑψηλὸν

276 2125 573 2194 ἀναφέρων
618 2123 855 2191 ἀξίωμα,
892 2124 985 2175 καὶ
1032 2121 1386 2193 προφητικῶν
1428 2120 1749 2187 ἐξάλλεσθαι
1791 2123 1881 2177 τό·

278 2233 400 2268 πων
428 2216 525 2267 τὸν
552 2214 723 2284 ἄνδρα
743 2213 1243 2284 διαϐεϐαιούμενος.
1269 2214 1609 2285 Παρατίθησι
1638 2215 1695 2268 δὲ
1720 2214 1881 2279 εὐθὺς

278 2307 359 2368 ῶς
394 2308 511 2368 τοῖς
542 2304 741 2358 ἑαυτοῦ
783 2304 965 2372 λόγοις
1006 2306 1242 2358 ἐποιεῖτο
1282 2305 1499 2373 γείτονα
1527 2305 1622 2357 τοῦ
1667 2306 1880 2378 Πατρδς

278 2396 378 2467 τὴν
424 2397 634 2467 φωνὴν,
664 2399 751 2450 ἶνα
779 2397 979 2468 τρόπον
1008 2396 1128 2451 τινὰ
1161 2397 1254 2452 καὶ
1298 2398 1364 2450 ἐκ
1392 2395 1618 2467 νομικοῦ
1660 2396 1882 2451 δικαιὼ-

284 2507 455 2560 ματος
488 2493 521 2557 ὴ
564 2490 653 2542 ἐπ’
682 2487 830 2556 αὑτῴ
880 2487 1155 2558 μαρτυρία
1221 2487 1610 2557 σφραγίζηται.
1664 2506 1681 2539 ι
1712 2483 1881 2551 Οὗτος

281 2580 391 2649 γάρ
418 2581 556 2643 ἐστι,
594 2578 758 2647 φησὶ,
793 2576 922 2645 περὶ
953 2571 1013 2630 οὗ
1049 2576 1388 2648 γέγραπταιο
1429 2575 1560 2629 Ἰδοὺ
1600 2574 1708 2643 ἐγὼ
1742 2575 1881 2629 ἀποο

284 2670 489 2723 στέλλω
516 2669 608 2721 τὸν
638 2664 872 2737 ἄγγελόν
901 2684 1005 2735 μου
1038 2666 1141 2739 πρὸ
1173 2664 1464 2738 προσώπου
1494 2682 1611 2734 σευ,
1640 2666 1695 2729 ὃς
1723 2684 1884 2720 κατα-

287 2761 543 2815 σκευάσει
594 2760 693 2831 τὴν
740 2760 861 2813 ὁδόν
919 2776 1014 2812 σου
1068 2759 1378 2831 ἔμπροσθέν
1432 2778 1546 2813 σου.
1576 2780 1594 2812 ι
1649 2756 1783 2814 Εἶτα
1830 2762 1883 2813 τί

287 2868 451 2921 φησιν
481 2851 574 2903 ἐπὶ
601 2848 816 2911 τούτοις
843 2848 972 2918 περὶ
999 2849 1160 2901 αὑτοῦ
1185 2866 1196 2915 ;
1234 2851 1404 2920 ’Λμὴν
1434 2850 1575 2920 λέγω
1603 2852 1755 2922 ὑμῖν,
1783 2853 1883 2905 οὐκ

287 2944 586 3011 ἐγήγερται
633 2943 691 2993 ἐν
738 2943 1018 3007 γεννητοῖς
1063 2942 1338 3007 γυναικῶν
1387 2942 1588 3012 μείζων
1636 2943 1881 2996 Ἰωάννου

285 3034 380 3085 τοῦ
411 3032 746 3096 Βαπτιστοῦ,
771 3037 799 3085 6
836 3030 894 3085 δὲ
926 3033 1248 3104 μικρότερος
1275 3036 1332 3086 ἐν
1362 3036 1426 3106 τῇ
1479 3033 1729 3105 βασιλεία
1775 3034 1883 3087 τῶν

286 3130 554 3200 οὔρανῶν,
594 3127 798 3198 μείζων
851 3126 1016 3180 αὑτοῦ
1067 3128 1233 3180 ἐστιν.
1260 3145 1277 3176 ι
1319 3129 1462 3198 Ὅρα
1499 3128 1563 3198 δὴ
1615 3127 1777 3180 πάλιν
1827 3129 1885 3180 ἐν

287 3221 494 3283 τούτοις
546 3221 681 3289 ὅσην
732 3220 1028 3289 ἐποιήσατο
1085 3217 1181 3290 τὴν
1232 3218 1545 3288 οἰκονομίαν
1592 3218 1619 3270 6
1669 3218 1882 3288 Σωτήρ.

1980 2057 2081 2114 ego
2113 2042 2324 2097 mittam
2365 2042 2617 2113 angelum
2651 2056 2829 2097 meum
2875 2050 3004 2098 ante
3044 2040 3243 2097 faciem
3272 2052 3440 2111 tuam,
3474 2046 3569 2114 qui

1982 2136 2197 2206 parabit
2237 2134 2380 2190 viam
2427 2145 2574 2190 tuam
2623 2143 2752 2191 ante
2784 2144 2855 2189 te.
2893 2152 2911 2186 ι
2958 2134 3097 2200 Quid
3130 2149 3262 2190 vero
3302 2144 3568 2205 praeterea

1983 2230 2049 2283 de
2080 2242 2148 2283 eo
2184 2227 2529 2297 praedicant
2560 2228 2732 2282 Amen
2786 2227 2907 2282 dico
2956 2226 3131 2291 vobis,
3178 2242 3283 2281 non
3328 2232 3573 2284 surrexit

1983 2314 2129 2371 inter
2173 2325 2329 2371 natos
2370 2315 2657 2370 mulierum
2708 2314 2881 2383 major
2918 2314 3127 2371 Joanne
3157 2315 3433 2386 Baptista;
3468 2321 3572 2376 mi-

1984 2421 2085 2462 nor
2118 2417 2301 2463 autem
2347 2408 2399 2462 in
2450 2423 2616 2478 regno
2650 2406 2913 2462 caelorum
2961 2408 3137 2477 major
3175 2422 3241 2465 eo
3274 2420 3377 2467 est.
3415 2429 3435 2463 ι
3473 2412 3573 2469 llic

1982 2495 2108 2550 vide
2148 2510 2334 2550 rursus
2378 2506 2580 2565 quanta
2630 2497 2936 2551 oeconomia
2991 2513 3125 2553 usus
3164 2500 3240 2557 sit
3285 2500 3570 2559 Servatur.

1983 2583 2261 2640 Prolixum
2292 2586 2438 2640 enim
2474 2586 2539 2642 de
2580 2585 2821 2657 Baptista
2857 2588 3048 2643 habuit
3082 2605 3413 2645 sermonem.
3452 2591 3577 2661 Opi-

1986 2678 2203 2734 nionem
2242 2679 2386 2733 enim
2420 2694 2558 2747 qum,
2589 2689 2647 2732 ut
2681 2680 2979 2735 verisimile
3014 2692 3119 2747 est,
3149 2682 3322 2739 fraudi
3357 2683 3457 2754 ipsi
3491 2684 3576 2739 fu~

1988 2781 2109 2824 tura
2155 2774 2293 2835 crat,
2350 2770 2563 2838 repulit.
2607 2768 2851 2841 Cumque
2895 2771 3045 2825 illum
3097 2773 3300 2841 aliquid
3343 2776 3575 2846 amplius

1986 2875 2151 2929 quam
2182 2860 2501 2929 prOphetatn
2548 2861 2747 2917 habere
2775 2863 3025 2927 dixisset,
3076 2863 3438 2919 admiratione
3488 2877 3576 2917 at-

1986 2964 2095 3017 que
2151 2965 2338 3005 amore
2388 2951 2611 3018 dignum
2666 2952 3007 3008 auditoribus
3051 2955 3341 3031 ostendit.‘
3373 2956 3579 3013 Deinde

1990 3038 2149 3109 1'05
2181 3054 2287 3093 non
2328 3043 2632 3096 surrexisse
2667 3043 2840 3113 inquit
2872 3059 2903 3097 e
2936 3045 3079 3101 netis
3126 3046 3415 3101 mulierum
3463 3064 3579 3108 ma-

1983 3132 2181 3201 jorem.
2228 3132 2361 3186 Cum
2414 3134 2579 3203 igitur
2632 3134 2783 3189 illum
2817 3136 2981 3191 veluti
3018 3137 3312 3206 imaginem
3348 3156 3579 3197 summa:

1992 3223 2230 3287 virtutis,
2261 3238 2381 3291 qua:
2411 3223 2462 3277 in
2488 3235 2646 3278 natos
2672 3238 2702 3278 e
2730 3226 3051 3281 mulieribus
3083 3230 3323 3296 caderet,
3358 3230 3582 3287 statuis-

290 3314 464 3375 Ποὶὼς
506 3311 659 3380 αὐτῷ
696 3312 791 3364 καὶ
834 3310 1043 3383 μακρὸς
1074 3310 1201 3379 περὶ
1235 3308 1332 3362 τοῦ
1373 3310 1528 3377 ἁγίου
1580 3308 1886 3363 Βαπτιστοῢ

1993 3322 2095 3379 set,
2136 3312 2312 3381 majus
2340 3314 2540 3367 bonum
2589 3314 2836 3382 opponit,
2870 3316 2972 3369 hoc
3006 3326 3112 3381 est,
3145 3319 3237 3389 qui
3275 3334 3467 3374 recens
3491 3336 3581 3376 re-

288 3406 573 3475 κεκίνηται
604 3404 781 3471 λόγος.
820 3403 931 3472 Τὴν
966 3401 1063 3472 μὲν
1096 3400 1224 3471 γὰρ,
1250 3399 1372 3453 ὅθεν
1411 3396 1479 3470 ἦν
1512 3401 1659 3465 εἰκὸς
1698 3401 1887 3471 ἀδικηο

290 3496 553 3568 θήσεσθαί
586 3512 703 3557 πως
738 3493 929 3557 αὐτὸν,
974 3490 1353 3562 ἀπεκρούσατο
1388 3491 1568 3556 δόξαν,
1600 3493 1886 3563 Προφήτου

290 3591 348 3643 δέ
386 3607 440 3641 τι
488 3589 653 3640 πλέον
704 3579 849 3655 ἐχειν
900 3581 1091 3648 εἰπὼν,
1142 3580 1581 3653 ἀξιοθαύμαστον
1648 3582 1747 3654 ἤδη
1796 3584 1889 3635 καὶ

291 3682 745 3753 ἁξιεραστότατον
765 3679 875 3738 τοῖς
898 3674 1266 3744 ἀκροωμένοις
1287 3674 1578 3727 ἐδείκνυεν.
1601 3669 1733 3727 Εἶτα
1754 3672 1889 3742 πρὸς

294 3776 505 3837 τούτοις
535 3777 639 3826 οὐκ
671 3770 968 3842 ἐγηγέρθαι
1000 3766 1165 3836 φησὶν
1201 3769 1256 3819 ἐν
1297 3768 1575 3835 γεννητοῖς
1615 3764 1889 3833 γυναικῶν

296 3868 542 3937 μείζονα.
569 3863 771 3916 Εἰκόνα
797 3858 1087 3932 τοιγαροῦν
1116 3857 1304 3928 ὥσπερ
1334 3859 1505 3912 αὑτὸν
1532 3858 1755 3921 ἀναθεὶς
1788 3857 1889 3927 τῆς

294 3958 521 4027 ἐνούσης
572 3954 778 4025 ἀρετῆς
819 3953 877 4005 ἐν
916 3953 1197 4021 γεννητοῖς
1242 3951 1514 4018 γυναικῶν
1549 3950 1779 4019 ἔχουσαν
1830 3948 1891 4001 τὸ

292 4047 624 4117 ἀκρότατον,
678 4040 1175 4112 ἀντιπαρατίθησιν
1227 4040 1288 4093 τὸ
1356 4039 1617 4111 μειζόνως
1666 4039 1888 4107 ἀγαθὸν,

296 4139 566 4199 τουτέστι,
610 4137 704 4188 τὸν
744 4135 869 4205 ἄρτι
902 4136 1003 4205 τῆς
1038 4132 1315 4202 βασιλείας
1354 4132 1656 4202 ἁψάμενον,
1690 4132 1891 4196 καὶέἰς

294 4229 412 4280 υἱὸν
455 4224 895 4294 ἁναγεννηῦέντα
926 4224 1061 4277 Θεοῦ
1092 4224 1180 4277 διὰ
1210 4223 1304 4277 τοῦ
1337 4222 1651 4294 Πνεύματος
1671 4240 1683 4253 ·
1722 4224 1787 4275 ἵν’
1832 4224 1890 4292 ἐξ

293 4315 371 4372 ῶν
408 4320 617 4379 ἐκεῖνος
659 4316 720 4369 τὸ
753 4316 972 4369 ἔλαττον
1014 4316 1153 4385 ἔχων
1185 4314 1557 4385 θαυμάζεται,
1601 4312 1893 4382 ἀξιολογώ-

294 4428 449 4463 τατοι
486 4409 767 4477 φαίνοιντο
801 4410 897 4477 τῆς
932 4406 1208 4476 βασιλείας
1246 4409 1293 4459 oi
1342 4405 1579 4476 μέτοχοι,
1628 4403 1892 4475 βαδίζοιεν

294 4499 352 4552 δὲ
387 4498 687 4572 προθύμως
719 4496 863 4559 τινὲς
909 4497 1002 4547 ἐπὶ
1038 4494 1099 4548 τὺ
1145 4494 1411 4565 ἁρπάζειν
1454 4495 1646 4565 αὐτὴν,
1695 4496 1759 4547 ἐκ
1797 4497 1895 4565 τῆς

308 4589 560 4644 Ἰωάννου
596 4586 767 4657 τιμῆς
792 4588 853 4640 τὸ
884 4588 1191 4657 ὑπερφέρον
1224 4587 1398 4657 αὐτῆς
1426 4586 1891 4659 ἀναμετρούμενοι

1990 3420 2154 3474 gnum
2191 3404 2451 3460 crelorum
2501 3415 2832 3463 consecutus
2862 3417 3027 3472 esset,
3080 3419 3135 3464 et
3179 3411 3231 3464 in
3278 3411 3446 3467 filium
3483 3412 3581 3470 Dei

1995 3506 2346 3566 regeneratus
2380 3512 2475 3565 per
2494 3498 2791 3567 Spiritum,
2848 3508 2904 3553 ut
2932 3516 2996 3555 ex
3032 3501 3233 3571 quibus
3270 3503 3358 3559 ille
3399 3505 3581 3563 minus

1992 3589 2223 3654 habens,
2258 3588 2599 3643 admirationi
2634 3598 2798 3657 esset,
2830 3589 2981 3660 regni
3018 3592 3309 3663 participes
3344 3594 3579 3651 adrnira-

1995 3680 2144 3733 tione
2174 3678 2480 3747 dignissimi
2513 3680 2821 3745 vidcantur,
2872 3692 3037 3751 utque
3089 3684 3181 3737 alii
3215 3686 3471 3741 alacriter
3511 3690 3580 3746 ad

1991 3771 2389 3839 capessendum
2436 3770 2567 3825 illud
2618 3772 2978 3837 contendant,
3038 3788 3105 3829 ex
3145 3772 3369 3831 Joannis
3408 3776 3581 3846 gloria

1993 3861 2314 3916 immensam
2370 3861 2513 3917 illius
2558 3862 3024 3931 pulchritudinem
3075 3868 3431 3924 aestimantes.
3478 3868 3583 3924 Ne-

1992 3968 2098 4022 que
2124 3954 2267 4007 cnim
2293 3954 2386 4023 qui
2413 3969 2537 4009 cum
2562 3970 2729 4024 parva
2758 3972 2815 4011 re
2850 3958 3155 4025 contendit,
3189 3974 3439 4031 magnam
3467 3962 3583 4032 glo-

1995 4039 2130 4093 riam
2160 4042 2417 4111 consequi
2442 4052 2643 4112 potest,
2671 4045 2764 4098 sed
2796 4045 2840 4098 si
2869 4061 2993 4101 cum
3023 4061 3220 4117 magno
3243 4048 3581 4118 conferatur,

1994 4129 2199 4195 majore
2257 4144 2509 4185 mensura
2557 4133 2739 4188 vincit.
2790 4133 3034 4203 Regnum
3087 4147 3267 4192 autem
3315 4140 3580 4196 caelorum

1996 4218 2232 4289 Spiritus
2282 4222 2483 4275 donum
2535 4237 2661 4277 esse
2696 4224 2949 4291 dicimus,
2979 4225 3133 4296 juxta
3198 4229 3326 4285 illud
3375 4230 3582 4286 Christi

1993 4312 2197 4367 dictum
2234 4330 2245 4366 :
2281 4330 2299 4363 ι
2335 4311 2579 4381 Regnum
2613 4315 2875 4370 caelorum
2914 4318 3057 4373 intra
3082 4334 3180 4374 vos
3212 4332 3295 4375 est
3316 4322 3381 4373 ⁸³.
3414 4341 3433 4374 ι
3466 4322 3581 4375 Μη-

1989 4403 2078 4478 jur
2109 4404 2291 4473 itaque
2318 4405 2571 4461 omnibus
2605 4407 2748 4463 natis
2770 4423 2801 4461 e
2833 4408 3059 4465 muliere
3086 4421 3187 4476 cst,
3212 4414 3304 4483 qui
3337 4429 3432 4482 per
3460 4415 3584 4485 Spi-

1998 4493 2161 4547 ritum
2210 4505 2561 4562 rcgeneratns
2604 4505 2705 4549 cst.
2756 4495 2837 4550 llli
2870 4498 3015 4552 enim
3059 4501 3234 4555 adhuc
3272 4502 3367 4557 lilii
3403 4503 3585 4559 carnis

2000 4582 2365 4653 appellantur;
2419 4584 2469 4637 1ιί
2510 4599 2637 4639 vero
2668 4585 2835 4640 Deum
2870 4589 3033 4643 totius
3077 4591 3317 4647 universi
3367 4592 3583 4649 Patrem

297 4680 518 4743 καλλος.
545 4680 622 4733 UO
659 4680 769 4749 γὰρ
809 4678 869 4731 τὸ
926 4678 1105 4749 μικρῷ
1142 4696 1249 4730 τινι
1304 4677 1640 4746 φιλονεικῶν
1682 4680 1761 4741 είς
1796 4696 1889 4731 πο-

2006 4682 2291 4737 vocantes,
2328 4682 2383 4725 ut
2412 4674 2506 4728 filii
2550 4692 2673 4729 eum
2704 4677 2979 4744 invocant,
3024 4681 3269 4737 dicentes
3303 4702 3315 4737 :
3355 4703 3372 4737 ι
3406 4686 3583 4753 Abba,

298 4773 523 4839 σότητα,
550 4771 655 4841 τὴν
688 4769 783 4823 τοῦ
828 4770 1061 4840 μεγάλου
1093 4769 1250 4835 δόξαν
1277 4771 1583 4835 ἀποίσεται,
1614 4772 1729 4827 ἀλλ’
1752 4773 1806 4825 εί
1832 4790 1887 4826 τι

299 4862 437 4931 πρὸς
475 4862 621 4932 μέγα
668 4861 767 4931 τὴν
800 4860 1085 4931 σύγκρισιν
1131 4860 1274 4932 ἔχοι,
1320 4861 1399 4933 τῷ
1446 4864 1650 4917 πλείονι
1701 4864 1887 4935 μέτρῳ

296 4954 425 5023 νικᾷ
449 4953 544 5005 καὶ
566 4952 967 5021 ὑπερτείνεται.
995 4952 1280 5008 Βασιλείαν
1301 4954 1357 5007 δὲ
1390 4954 1637 5026 οὐρανῶν
1661 4956 1760 5025 τὴν
1789 4954 1884 5008 τοῦ

297 5046 623 5115 Πνεύματος
668 5046 819 5099 δόσιν
860 5041 1002 5098 εἷναί
1055 5063 1255 5116 φαμεν,
1303 5047 1443 5100 κατὰ
1488 5047 1549 5099 τὸ
1598 5048 1885 5119 εἰρημένον

294 5137 456 5205 παρὰ
503 5136 775 5207 Χριστοῦ*
816 5156 833 5188 ι
874 5136 939 5189 Ἦ
991 5135 1237 5205 βασιλεία
1280 5136 1390 5189 τῶν
1446 5137 1693 5209 οὐρανῶν
1740 5139 1888 5202 ἐντὸς

297 5225 454 5294 ὑμῶν
502 5227 637 5280 ἐστι.
664 5245 683 5277 ι
706 5226 945 5290 ςΜεὶζων
982 5221 1075 5279 οὖν
1114 5224 1223 5294 ἄρα
1254 5226 1455 5290 παντὸς
1487 5227 1748 5298 γεννητοῦ
1792 5245 1891 5296 γυ-

294 5318 486 5380 ναικὸς
506 5322 534 5371 6
561 5322 626 5389 τῇ
654 5317 749 5372 τοῦ
778 5318 1099 5389 Πνεύματος
1118 5319 1477 5389 ἁναγεννήσιι
1505 5319 1886 5389 τετιμημένος.

295 5407 364 5458 υἱ
401 5406 498 5475 μὲν
524 5410 633 5478 γὰρ
677 5407 757 5461 ἐτι
800 5408 969 5462 τέκνα
1004 5406 1291 5461 καλοῦνται
1340 5408 1565 5478 σαρκὸς,
1594 5410 1643 5460 οί
1686 5408 1742 5462 δέ
1774 5410 1889 5461 Πα-

293 5494 431 5565 τέρα
481 5494 572 5547 τον
609 5494 721 5549 τῶν
778 5496 919 5551 ὅλων
970 5495 1404 5568 ἐπιγραφόμενοι
1457 5496 1611 5561 Θεὸν,
1662 5496 1737 5559 ὡς
1780 5498 1888 5549 υίοὶ

294 5586 707 5658 προσεύχονται,
738 5590 991 5657 λέγοντες
1014 5604 1026 5617 ·
1060 5606 1079 5639 ι
1114 5587 1305 5652 Ἀϐὁᾶ,
1335 5589 1364 5640 6
1394 5589 1637 5659 Πατήρ.»
1671 5588 1884 5642 Οὐκοῦν

292 5677 342 5727 εί
384 5676 471 5730 καὶ
500 5678 805 5750 ἐνυπάρχῃ,
836 5679 995 5746 φησὶ,
1043 5676 1285 5748 γεννητῷ
1314 5677 1571 5746 γυναικὸς
1600 5677 1659 5729 τὸ
1702 5679 1759 5731 ἐν
1792 5679 1883 5749 ἔρ-

373 5853 411 5885 “
446 5855 573 5914 Luc.
605 5876 737 5926 svtt,
771 5858 867 5914 21.

1999 4762 2161 4818 Pater
2184 4764 2250 4817 “.
2282 4783 2299 4814 ι
2347 4763 2611 4831 Quocirca
2652 4770 2868 4823 tametsi
2918 4770 3196 4841 Baptistae,
3252 4788 3311 4829 ut
3362 4793 3429 4832 ex
3474 4796 3586 4832 mu-

1999 4853 2135 4909 liere
2175 4863 2326 4921 natu,
2359 4872 2569 4910 summa
2600 4872 2823 4926 Operam
2858 4865 3173 4930 praestantia
3207 4866 3372 4921 insit:
3407 4870 3585 4939 major

2000 4958 2179 5001 tamen
2228 4962 2293 5002 co
2342 4948 2449 5001 erit
2498 4950 2590 5017 qui
2642 4950 2710 5003 ad
2756 4965 2981 5021 regnum
3034 4956 3297 5013 cmlorum
3357 4971 3584 5017 vocatus

1998 5039 2199 5105 fuerit;
2237 5040 2360 5107 quia
2394 5054 2499 5094 non
2534 5042 2769 5112 amplius
2810 5045 3099 5101 vocabitur
3136 5048 3277 5105 filius
3315 5052 3581 5120 mulieris,

1998 5129 2093 5183 sed
2123 5128 2319 5184 divina:
2347 5140 2552 5184 natura:
2585 5134 2861 5203 particeps
2884 5137 2977 5191 tiet
2999 5137 3067 5202 ",
3098 5147 3153 5193 et
3184 5140 3326 5197 filius
3359 5142 3456 5198 Dei
3485 5161 3582 5199 vo-

2000 5220 2216 5275 cabitur
2239 5220 2284 5251 “
2311 5238 2323 5273 :
2354 5222 2571 5278 tametsi
2600 5225 2779 5281 minor
2800 5227 2871 5283 sit
2893 5228 2958 5283 iis
2981 5231 3073 5300 qui
3104 5233 3431 5302 perfectiora
3457 5251 3584 5292 sunt

2000 5310 2209 5377 habitu,
2261 5320 2316 5365 et
2345 5312 2572 5381 pusillus
2622 5314 2803 5372 infans
2855 5320 3030 5376 adhuc
3078 5338 3375 5395 recensque
3423 5337 3583 5384 natus

1997 5404 2265 5458 videatur.
2299 5404 2437 5470 Quia
2464 5420 2594 5461 vero
2622 5411 2961 5479 regeneratio
2993 5427 3091 5483 per
3124 5414 3387 5485 Spiritum
3416 5417 3581 5475 Joan.

2001 5496 2085 5551 nis
2112 5505 2165 5550 et
2203 5496 2447 5550 omnium
2480 5499 2571 5567 qui
2611 5516 2675 5555 ex
2723 5502 3041 5560 mulieribus
3082 5507 3196 5563 nati
3240 5518 3365 5564 sunt
3395 5512 3581 5566 condi«

2004 5589 2205 5643 tionem
2240 5589 2425 5643 multis
2453 5591 2756 5649 intervallis
2784 5596 2855 5649 sit
2880 5609 3223 5667 superatura,
3256 5617 3361 5656 non
3394 5613 3582 5658 extra-

2002 5694 2136 5733 nens
2176 5679 2333 5733 nobis
2364 5682 2690 5749 quaerendus
2721 5694 2804 5741 est
2847 5688 3023 5755 testis,
3057 5690 3153 5744 sed
3183 5688 3424 5751 Joannes
3465 5693 3581 5763 ipse

953 5856 998 5887 “
1029 5855 1185 5912 Ῑὶοιιι.
1222 5872 1337 5923 rm,
1383 5855 1465 5911 l5.
1544 5856 1588 5888 "
1616 5854 1658 5909 ll
1698 5854 1845 5911 I‘ctr.
1880 5872 1919 5923 ι,
1962 5858 2006 5909 ί.
2087 5859 2127 5888 δε
2159 5858 2174 5910 Ι
2208 5859 2364 5915 Joan.
2399 5876 2480 5925 ιιι,
2518 5862 2566 5917 1.
