3968 6476
445 451 547 507 I75

1420 427 1478 482 S.
1520 419 1798 481 CYRILL!
1834 411 2307 478 ALEXANDRINI
2342 406 2662 469 ARCBIEP.

3566 380 3672 437 ΠΒ

440 560 704 621 declarat,
740 551 926 605 dicens
957 547 1021 601 ad
1051 544 1233 600 Jesum
1266 558 1280 597 :
1318 558 1335 593 ι
1367 537 1515 609 Opus
1548 537 1679 592 mihi
1708 542 1792 590 est
1820 541 1879 589 ut
1900 531 1997 587 abs

2110 545 2218 599 γοις
2250 524 2559 598 ’ίξαίρετον,
2601 516 2715 573 ἀλλ’
2762 511 2873 579 ἔξει
2901 510 2966 565 τὸ
2996 508 3180 583 μεῖζον
3212 504 3240 559 ό
3264 503 3400 577 πρὸς
3424 509 3520 575 τὴν
3562 501 3674 555 τῶν

2142 620 2145 621 ν
2276 616 2301 621 -
2381 613 2403 621 Α
2504 611 2520 621 κ
2572 610 2584 621 -
2802 604 2821 621 ς
2900 597 3241 621 φημι-.
3295 594 3487 621 um,“
3540 608 3669 621 η..

443 664 494 708 te
544 644 889 719 baptizer“‘.
922 658 939 693 ι
972 638 1111 693 Ecce
1148 635 1290 691 enim
1331 632 1378 687 is
1413 631 1502 701 qui
1535 641 1740 684 summa
1780 622 1997 680 virtutis

442 710 771 809 perfectione
792 728 1055 800 pmditus
1090 732 1228 788 erat,
1246 716 1682 791 regenerationis
1704 727 1799 785 per
1828 710 1997 782 Spiri-

441 803 553 886 ium
589 820 1012 892 douumposcit,
1038 823 1224 885 utpote
1250 814 1343 883 qui
1372 825 1468 882 per
1498 809 1562 865 id
1606 806 1777 877 major
1818 803 1999 873 seipse

437 916 751 976 eliiciendus
779 890 946 975 esset,
981 920 1155 977 neque
1182 904 1412 973 amplius
1444 900 1495 955 id
1525 898 1824 961 habiturus,
1857 892 1999 964 quod

437 1026 506 1065 ex
537 1007 765 1064 muliere
791 1010 951 1057 natus
983 1007 1152 1062 esset,
1175 996 1269 1051 sed
1300 995 1367 1047 ad
1400 990 1638 1046 divinam
1667 985 1997 1042 nobilitatem

441 1098 874 1157 transformatus.
912 1089 1079 1159 Cujus
1096 1087 1187 1141 rei
1232 1083 1390 1139 Iidem
1425 1081 1682 1136 Servatur
1708 1077 1820 1148 ipse
1848 1072 1997 1137 facit,

438 1206 544 1247 non
576 1188 785 1253 dicens,
824 1181 1027 1247 Babes,
1064 1176 1261 1239 amice,
1295 1172 1684 1245 perfectionem
1729 1168 1782 1224 in
1821 1165 1999 1232 bonis,

436 1284 602 1338 etiam
628 1279 764 1335 citra
796 1269 1277 1331 sanctiﬁcationem
1308 1262 1669 1336 baptismatis,
1711 1258 1805 1316 sed
1834 1256 2003 1329 signi-

440 1376 611 1430 iicans
645 1368 859 1442 quidem
886 1379 1006 1420 eum
1032 1367 1374 1429 summopere
1408 1370 1474 1411 ea
1511 1353 1773 1424 indigere,
1803 1348 2001 1404 donum

438 1476 618 1519 tamen
652 1439 769 1529 ejus
805 1457 882 1512 rei
920 1453 1165 1510 consulto
1202 1450 1257 1505 in
1300 1446 1447 1503 aliud
1479 1454 1690 1515 tempus
1728 1439 1997 1497 diﬂerens.

441 1555 551 1610 Hoc
570 1550 728 1608 ‘enim
772 1547 995 1603 omnino
1027 1542 1291 1598 existimo.
1327 1537 1635 1609 signiﬁcare
1668 1532 1835 1589 illud:
1865 1548 1885 1582 ι
1915 1529 2004 1584 Di-

439 1648 595 1701 mitte
634 1643 792 1699 modo
813 1641 882 1693 ".
917 1657 935 1691 ι
985 1634 1137 1705 Quod
1171 1648 1299 1688 vero
1345 1642 1534 1685 rursus
1566 1639 1786 1698 regnum
1835 1622 2005 1679 catio-

444 1755 561 1796 rum
576 1744 747 1793 wocet
776 1734 972 1789 donum
1005 1728 1244 1799 Spiritus
1275 1723 1477 1790 sancti,
1518 1730 1573 1777 et
1611 1733 1731 1791 qua
1758 1732 1857 1789 per
1882 1730 2005 1773 eum

442 1829 717 1885 confertur
749 1821 1099 1880 credentibus
1145 1815 1627 1888 regenerationem,
1666 1808 1890 1866 minimo
1919 1820 2009 1861 ne-

2098 594 2343 691 οὐρανῶν
2377 594 2653 686 βασιλείαν
2700 602 3036 674 κεκλημένος
3066 599 3156 653 διὰ
3185 597 3245 650 τὸ
3293 594 3490 668 μηκέτι
3540 608 3675 665 χρη·

2103 684 2353 783 ματίζειν
2379 684 2495 761 υίὸν
2520 700 2798 773 γυναικὸς,
2827 697 2962 753 άλλά
2982 694 3133 757 θείας
3168 691 3266 763 μὲν
3288 688 3501 761 φύσεως
3524 684 3682 756 γενέ-

2102 777 2226 856 σθαι
2272 799 2548 862 κοινωνὸν,
2591 794 2782 848 τέκνον
2823 790 2882 844 δὲ
2926 788 3029 859 ήδη
3078 781 3361 845 καλεῖσθαι
3393 777 3549 843 Θεοῦ,
3582 778 3680 830 καὶ

2096 895 2149 947 εί
2185 890 2501 963 μικρότερος
2549 884 2635 955 είη
2680 881 2791 936 τῶν
2836 881 2894 933 εν
2926 877 3035 942 ἕξει
3071 872 3440 943 τελειοτέρων,
3482 866 3680 940 βρέφος

2097 1001 2160 1039 τε
2186 958 2297 1037 ἐτί
2353 958 2524 1037 νοοῖτο
2572 976 2749 1048 βραχύ
2802 972 2897 1027 καὶ
2946 965 3249 1042 ἀρτιγενές.
3297 964 3420 1018 Ὀτι
3467 961 3524 1016 δι
3570 958 3682 1013 τῶν

2099 1075 2361 1129 Ἶωάννου
2395 1071 2629 1143 μέτρων,
2678 1065 2711 1137 ἢ
2746 1065 2840 1118 καὶ
2873 1059 3069 1123 παντὸς
3100 1054 3360 1128 γεννητοῦ
3406 1051 3681 1123 γυναικῶν

2103 1168 2137 1237 ἡ
2166 1166 2253 1219 διά
2282 1162 2377 1218 τοῦ
2401 1159 2729 1230 ’Πνεύματος
2766 1152 3123 1224 ἀναγεννησις
3154 1148 3256 1203 οὐκ
3287 1145 3453 1216 ὀλίγῳ
3493 1143 3686 1197 διοίσει

2100 1231 2273 1326 τόπῳ,
2304 1254 2365 1308 οὐ
2393 1249 2626 1323 θύραθεν
2654 1248 2787 1318 ἡμῖν
2813 1246 2842 1297 ὁ
2883 1243 3115 1314 μάρτυς,
3154 1236 3273 1293 ἀλλ’
3295 1235 3458 1298 αὐτὸς
3486 1231 3686 1301 ἀσεϐή-

2105 1322 2257 1403 σεται
2302 1345 2475 1413 λέγων
2513 1341 2650 1412 πρὸς
2693 1338 2785 1393 τὸν
2822 1333 3063 1407 Ἰησοῦν⁸
3102 1349 3122 1383 ι
3160 1328 3310 1399 Ἐγὼ
3347 1325 3536 1399 χρείαν
3576 1322 3688 1394 ῑχω

2105 1440 2210 1495 ὐπὸ
2237 1437 2331 1493 σοῦ
2361 1432 2746 1507 βαπτισθῆναι.
2771 1447 2791 1482 ι
2832 1426 2962 1480 Ἰδοὺ
2999 1425 3128 1497 γὰρ,
3164 1421 3272 1476 ίδού
3307 1419 3489 1473 καίτοι
3516 1416 3575 1470 τὸ
3601 1413 3690 1468 τέ-

2103 1534 2247 1587 λειον
2284 1530 2424 1601 ἔχων
2462 1530 2519 1582 ὲν
2552 1525 2753 1596 ἀρετῇ,
2800 1522 2899 1591 τῆς
2932 1516 3022 1573 διὰ
3066 1513 3161 1569 τοῦ
3196 1510 3511 1582 Πνεύματος
3554 1509 3690 1562 ἀνα-ς

2105 1598 2410 1693 γεννήσεως
2438 1619 2538 1689 τὴν
2568 1616 2729 1688 χάριν
2763 1614 2925 1675 αίτεῖ,
2957 1610 3033 1674 ὡς
3075 1610 3155 1672 είς
3180 1606 3245 1661 τὸ
3278 1605 3461 1678 μείζον
3494 1603 3526 1673 ἢ
3562 1598 3690 1693 καθ’

2106 1686 2300 1770 ἑαυτὸν
2344 1711 2410 1764 δι’
2456 1686 3117 1778 αὐτῆςάναὸησόμενος,
3167 1698 3261 1753 καὶ
3302 1696 3365 1750 τὸ
3410 1695 3508 1766 μὲν
3548 1686 3692 1745 εἶναι

2105 1804 2365 1877 γεννητὸς
2396 1799 2655 1872 γυναικὸς
2693 1798 2792 1868 οὐχ
2832 1794 2972 1862 ἕξων
3021 1792 3121 1855 ἔτι,
3157 1788 3294 1861 πρὸς
3328 1787 3385 1841 δὲ
3415 1785 3510 1857 τὴν
3539 1782 3692 1838 θείαν

440 1920 586 1990 gotio
620 1916 781 1989 106
803 1916 1179 1970 demonstrare
1223 1921 1537 1980 possumus,
1582 1919 1651 1959 ex
1681 1902 1797 1959 istis
1820 1897 2005 1956 mostri

2110 1872 2388 1967 εὐγένειαν
2428 1888 2934 1983 ἁναμορφούμενος.
2975 1883 3193 1938 Βεδαιοί
3228 1880 3285 1990 δὲ
3321 1878 3553 1990 μάλιστα
3590 1872 3692 1945 τὴν

440 2012 745 2071 Scrutaris
769 2006 952 2064 verbis
984 2023 998 2061 :
1035 2022 1055 2057 ι
1083 2004 1129 2058 Δ
1164 2001 1351 2058 diebus
1374 2001 1516 2055 enim
1540 1993 2002 2064 Joannis,‘inquit,

443 2118 611 2175 usque
643 2102 801 2158 modo
847 2111 1069 2169 regnum
1110 2095 1370 2151 caelorum
1396 2090 1508 2146 vim
1546 2088 1772 2159 patitur,
1813 2095 1867 2141 et
1895 2085 2009 2140 vio-

443 2195 574 2251 lenti
612 2193 832 2264 rapiunt
864 2190 997 2247 illud
1016 2189 1082 2243 ⁸⁸.
1115 2205 1136 2240 ι
1175 2184 1306 2240 Nam
1342 2198 1464 2239 cum
1490 2180 1724 2238 Joannes
1750 2178 2011 2250 pradica-

441 2295 571 2341 ret:
604 2303 624 2337 ι
653 2283 847 2338 Parata
890 2280 1030 2335 viam
1079 2275 1318 2343 Domini,
1359 2281 1539 2329 rectas
1582 2271 1750 2325 facite
1787 2268 2009 2323 semitas

440 2376 557 2449 ejus
577 2376 625 2409 "
656 2392 671 2430 :
708 2392 728 2427 ι
769 2371 923 2428 multi
966 2370 1275 2426 auditorum
1312 2380 1342 2419 a
1383 2363 1620 2434 peccatis
1661 2370 1717 2417 et
1772 2360 2009 2431 turpitu-

443 2468 568 2525 dine
604 2466 729 2523 vitae
776 2463 1163 2526 desciscentes,
1215 2471 1410 2530 magno
1457 2455 1633 2512 studio
1675 2461 1729 2509 et
1780 2461 2008 2509 conten-

446 2560 591 2614 tione
618 2556 783 2611 animi
814 2566 995 2609 mores
1032 2565 1159 2607 suos
1184 2550 1253 2604 ad
1282 2545 1498 2603 virtutis
1522 2559 1764 2601 normam
1796 2557 2012 2611 compo-

445 2656 654 2712 nentes,
683 2644 779 2699 iilii
805 2641 899 2697 Del
931 2654 1027 2711 per
1058 2638 1327 2709 Spiritum
1353 2632 1609 2691 declarati
1645 2638 1792 2695 sunt,
1829 2634 2012 2685 mente

446 2739 657 2792 illorum
698 2734 967 2788 illustrata
1008 2738 1063 2785 et
1094 2742 1190 2799 per
1232 2734 1482 2781 sanctum
1524 2721 1850 2789 baptismum
1881 2731 2013 2786 pur-

442 2837 585 2898 gata.
633 2824 792 2894 Atqui
824 2824 868 2878 si
911 2822 977 2877 iis
1007 2821 1099 2891 qui
1142 2815 1479 2875 contrariam
1504 2813 1815 2883 opinionem
1856 2819 2008 2864 tuen-

448 2932 553 2985 tur,
586 2932 691 2974 non
721 2923 868 2972 recte
918 2926 1091 2983 neque
1132 2908 1341 2965 utiliter
1389 2906 1531 2962 dicta
1571 2903 1685 2958 haec
1717 2902 2008 2958 videntur:

446 3014 675 3067 doceant
714 3021 819 3077 qua
864 3004 932 3060 de
976 3016 1136 3059 causa
1167 3000 1330 3061 dicat,
1374 3012 1403 3052 a
1439 2996 1630 3051 diebus
1658 2992 1887 3049 Joannis
1917 2990 2013 3045 Βι-

451 3102 620 3174 ptista:
664 3103 889 3167 regnum
937 3091 1198 3150 cmlorum
1241 3088 1358 3160 rapi
1388 3105 1403 3143 :
1433 3086 1633 3157 quippe
1667 3083 1820 3154 quati~
1858 3094 2015 3137 nemo

446 3171 568 3248 ante
610 3205 732 3245 eum
773 3184 1032 3256 rapuerit.
1068 3180 1313 3248 Quonam
1361 3176 1526 3247 igitur
1568 3171 2008 3245 spespropheta-

2106 1963 2200 2043 ἐπί
2242 1987 2419 2055 τούτῳ
2464 1974 2651 2037 πίστιν
2678 1982 2707 2033 ὸ
2733 1978 2948 2050 Σωτήρ·
2980 1976 3186 2047 Ἔχεις,
3230 1965 3276 2026 ὦ
3302 1963 3477 2035 οὗτος,
3501 1966 3562 2020 τὸ
3604 1964 3698 2018 τὲ-

2100 2081 2250 2135 λειον
2295 2079 2354 2132 ιν
2385 2074 2635 2145 ἀγαθοῖς,
2666 2072 2769 2126 οὐκ
2811 2066 3004 2133 είπὼν,
3050 2066 3146 2119 καὶ
3175 2064 3298 2135 δίχα
3327 2058 3420 2115 τοῦ
3467 2058 3557 2113 διά
3598 2056 3698 2127 βα-

2110 2171 2415 2241 πτίσματος
2438 2144 2444 2145 ί
2466 2160 2742 2235 άγιασμοῦ
2763 2200 2778 2226 ,
2837 2158 2953 2214 ἀλλ’
2978 2158 3054 2221 ῶς
3080 2158 3140 2210 ιν
3189 2153 3349 2227 χρεία
3380 2150 3481 2220 μὲν
3528 2144 3698 2203 αὐτοῦ

2108 2262 2204 2317 καὶ
2241 2259 2363 2313 λίαν
2396 2255 2633 2327 ὐπάρχσι
2665 2250 2939 2307 συννεύων
2970 2250 3066 2304 καὶ
3100 2244 3510 2315 συντιθέμενος,
3547 2242 3697 2295 οἰκο-

2107 2351 2346 2425 νομικῶς
2374 2349 2431 2404 δὶ
2461 2348 2563 2419 τὴν
2596 2346 2757 2418 χάριν
2780 2343 2954 2415 ιτιρῳ
2980 2340 3267 2411 φυλάττων
3296 2333 3491 2406 καιρῷ.
3522 2329 3701 2387 Τοῦτο

2109 2422 2218 2518 γάρ
2249 2443 2313 2513 δὴ
2352 2442 2448 2497 καὶ⁸
2483 2438 2688 2510 νομίζω
2717 2435 2800 2505 τὸ,
2841 2453 2862 2487 ι
2893 2434 3067 2504 Ἀφες
3100 2430 3248 2503 ἁρτι,
3274 2447 3294 2481 ι
3330 2422 3545 2499 δηλοῦν.
3573 2423 3700 2477 Ὀτι

2109 2515 2167 2594 δι
2188 2515 2362 2592 πάλιν
2390 2532 2634 2606 οὐρανῶν
2665 2527 2944 2603 βασιλείαν
2976 2521 3253 2580 ἀποκαλεῖ
3276 2520 3378 2593 τὴν
3410 2517 3504 2574 τοῦ
3551 2515 3702 2570 θείου

2111 2633 2429 2703 Πνεύματος
2458 2628 2623 2691 δόσιν,
2663 2625 2760 2680 καὶ
2784 2623 2886 2694 τὴν
2916 2622 2983 2676 δι’
3007 2617 3174 2674 αὐτοῦ
3206 2618 3319 2680 τοῖς
3349 2609 3704 2668 πωτεῦουσιν

2112 2726 2193 2788 είς
2234 2700 2368 2776 Θεὸν
2408 2718 2787 2787 ἁναγέννησιν,
2833 2712 2893 2767 οὐ
2938 2709 3166 2783 μακρῶν
3200 2707 3333 2779 ἡμῖν
3378 2706 3559 2777 δεήσει
3599 2700 3699 2755 τυό⁴

2112 2830 2241 2877 νων,
2270 2812 2348 2875 είς
2377 2808 2780 2879 ὶναργεστάτην
2808 2801 3105 2868 ἀπόδειξιν,
3134 2799 3250 2854 ἀλλ’
3267 2797 3327 2864 ἐξ
3352 2795 3532 2850 αὐτῶν
3560 2792 3709 2847 είσό-

2115 2903 2258 2975 μεθα
2290 2900 2402 2954 τῶν
2443 2897 2538 2953 τοῦ
2585 2897 2838 2968 Σωτῆρος
2874 2892 3167 2965 ῥημάτων·
3206 2908 3224 2940 t
3276 2887 3404 2941 Ἀπὸ
3454 2886 3562 2956 γάρ
3592 2885 3706 2939 τῶν

2114 2972 2339 3064 ⁴ίιμερῶν
2373 2990 2621 3043 Ἰωάννου
2674 2986 2781 3050 ἕως
2813 2986 2969 3055 άρτι,
3020 2982 3206 3052 φησὶν.
3237 2980 3271 3050 ἡ
3315 2976 3561 3049 βασιλεία
3591 2972 3705 3029 τῶν

2115 3080 2359 3154 οὐρανῶν
2393 3080 2660 3152 βιάζεται,
2699 3074 2795 3130 καὶ
2843 3072 3062 3144 βιασταὶ
3091 3069 3429 3141 ἁρπάζουσιν
3459 3066 3646 3135 αὐτήν.
3680 3083 3699 3117 ι

2126 3174 2376 3228 Ἰωάννου
2412 3171 2521 3242 γάρ
2546 3171 2609 3241 δὴ
2638 3169 2718 3233 τὸ,
2751 3185 2771 3219 ι
2812 3164 3169 3235 Ἑτοιμάσατε
3197 3161 3295 3233 τὴν
3324 3160 3441 3214 ὁδὸν
3467 3158 3703 3229 Κυρίου,

450 3300 567 3341 rum
609 3247 1000 3343 abibitl-Quid
1031 3247 1218 3327 tantus
1268 3278 1581 3326 sanctorum
1622 3274 1798 3322 coetus
1829 3263 2009 3330 faciet,

2116 3264 2370 3335 βοῶντος,
2400 3260 2619 3325 εὐθείας
2652 3262 2854 3314 ποιεῖτε
2877 3256 2975 3320 τὰς
3002 3253 3224 3327 τρίϐους
3250 3250 3439 3315 αὐτοῦ,
3460 3270 3480 3303 ο
3518 3247 3707 3302 πολλοι

446 3376 494 3431 si
528 3387 695 3444 regno
725 3368 990 3425 ctelorum
1018 3364 1270 3422 exclusus
1303 3360 1426 3417 est?
1467 3375 1589 3415 cum
1621 3368 1750 3414 tunc
1781 3358 2015 3427 primum

451 3441 677 3534 cmpe'rit
718 3459 854 3528 rapi,
898 3455 1118 3526 quando
1161 3450 1344 3506 multis
1388 3446 1719 3517 temporibus
1751 3441 2019 3514 posterior

451 3530 701 3609 ostensus
756 3548 970 3604 tandem
1022 3554 1106 3600 est
1156 3540 1416 3606 Joannes,
1464 3538 1705 3594 clamans
1742 3552 1755 3590 :
1790 3552 1810 3587 ι
1838 3530 2019 3588 Paeni-

454 3643 674 3700 tentiam
709 3640 873 3710 agite,
916 3630 1367 3706 appropinquavit
1398 3628 1544 3685 enim
1592 3638 1817 3696 regnum
1854 3620 2020 3677 cosio-

453 3733 656 3788 rnm".
689 3750 707 3783 ι
779 3730 1046 3785 Caeterum
1101 3722 1260 3779 facile
1317 3720 1592 3777 intellectu
1653 3724 1737 3773 est
1792 3728 2017 3785 regnum

452 3824 713 3878 cmlorum
759 3817 957 3889 priscis
1002 3814 1164 3871 etiam
1218 3811 1467 3884 patribus
1517 3819 1766 3880 paratum
1815 3805 2016 3872 fuisse,

454 3922 638 3985 utpote
665 3908 1036 3968 coniormibus
1064 3904 1286 3975 imagini
1319 3902 1440 3959 Filii
1476 3903 1583 3967 sui,
1614 3911 1777 3970 atque
1814 3898 2020 3954 ideirco

453 4024 481 4057 η
517 4006 626 4059 Deo
662 4016 730 4057 ac
763 4000 924 4054 Patre
960 3996 1320 4067 praecognitis.
1352 3994 1620 4062 Tempore
1644 4004 1773 4045 vero
1800 3987 2022 4045 Joannis

455 4095 731 4165 Baptistae,
787 4103 951 4159 atque
1006 4089 1074 4144 ab
1121 4102 1187 4143 eo
1244 4096 1487 4156 tempore
1536 4085 1789 4154 deinceps
1822 4081 2021 4136 donum

457 4184 694 4255 Spiritus
742 4181 941 4247 sancti,
978 4189 1033 4234 et
1064 4177 1406 4249 regeneratio
1432 4189 1529 4245 per
1560 4183 1804 4246 sanctum
1835 4168 2019 4239 Bapti-

458 4290 661 4340 smum,
711 4272 814 4328 nde
854 4271 1083 4344 rapitur.
1118 4268 1253 4326 Cum
1286 4268 1468 4338 itaque
1510 4266 1626 4321 haec
1659 4262 1885 4333 ιιοαιειίο
1909 4260 2020 4329 jam

2116 3356 2224 3411 τῶν
2248 3354 2633 3427 ἀκροωμένων,
2662 3352 2755 3405 τὸν
2782 3351 2839 3404 ὲν
2870 3348 3168 3421 ἁμαρτίαις
3191 3347 3269 3400 ἔτι
3292 3346 3387 3400 καὶ
3416 3343 3707 3414 ἀσχήμονα

2117 3448 2548 3522 παραιτούμενοι
2584 3446 2720 3516 βίον,
2771 3444 2957 3514 ἐφέσει
2991 3459 3051 3495 τε
3085 3444 3151 3513 τῇ
3203 3439 3341 3511 πρὸς
3387 3440 3447 3491 τὸ
3481 3437 3707 3507 ἄμεινον

2119 3543 2217 3597 σύν
2247 3539 2340 3614 βίᾳ
2371 3540 2466 3595 καὶ
2491 3538 2629 3609 τόνῳ
2658 3537 2749 3591 τὸν
2793 3537 2991 3591 οἰκεῖον
3038 3536 3119 3598 εἰς
3158 3530 3358 3603 ἀρετὴν
3400 3528 3706 3601 ἁναρυθμίο

2118 3633 2303 3698 ζοντες
2326 3630 2528 3703 τρόπον
2562 3628 2834 3700 ,γεννητοὶ
2862 3626 2998 3681 Θεοῦ
3030 3625 3119 3679 διὰ
3150 3625 3471 3694 Πνεύματος
3495 3621 3709 3676 ἀνεδεί-

2117 3736 2331 3784 κνυντο,
2361 3717 2768 3800 πεφωτισμένοι
2793 3717 2883 3771 τὸν
2914 3715 3039 3769 νοῦν
3066 3716 3161 3769 καὶ
3191 3712 3589 3785 κεκαθαρμένοι
3615 3710 3707 3765 διά

2114 3811 2211 3864 τοῦ
2245 3809 2401 3880 ἁγίου
2432 3809 2829 3881 βαπτίσματος.
2857 3808 2928 3861 Ἦ
2967 3806 3127 3878 είπερ
3157 3807 3259 3859 οὐκ
3299 3804 3479 3876 ὀρθῶς
3519 3820 3579 3856 τε
3611 3802 3709 3856 καὶ

2118 3901 2434 3970 ἀναγκαίως
2462 3899 2715 3970 είρῆσθαι
2746 3898 2816 3952 τά
2847 3896 3077 3952 τοιαῦτα
3113 3896 3262 3949 δοκεῖ
3302 3896 3416 3957 τοῖς
3457 3892 3554 3963 τὴν
3588 3890 3710 3945 ἑτέ-

2124 4010 2225 4066 ραν
2258 3992 2621 4066 πρεσόεύουσι
2653 3991 2832 4056 δόξαν,
2861 3989 3267 4044 διδασκέτωσαν
3299 3988 3421 4042 ὅτου
3453 3986 3517 4057 δὴ
3543 3985 3709 4056 χάριν

2121 4086 2185 4138 ὲκ
2213 4084 2323 4138 τῶν
2374 4082 2620 4137 Ἰωάννου
2671 4082 2834 4154 φησὶν
2881 4082 3109 4152 ἡμερῶν
3153 4078 3253 4150 τὴν
3301 4078 3410 4132 τῶν
3459 4075 3707 4148 οὐρανῶν

2124 4174 2399 4245 βασιλείαν
2454 4172 2831 4246 ἁρπάζεσθαι,
2860 4171 2937 4235 ῶς
2984 4169 3197 4232 οὐδενὸς
3242 4168 3349 4242 ἁρα
3389 4166 3496 4237 πρὸ
3536 4163 3705 4219 αὐτοῦ

2121 4266 2220 4338 τὴν
2255 4267 2365 4321 τῶν
2409 4266 2654 4339 οὐρανῶν
2694 4262 2970 4334 βασιλείαν
3020 4261 3386 4334 ἁρπάσαντος.
3430 4259 3530 4311 Ποῖ
3570 4272 3707 4311 ποτε

458 4366 607 4423 omni
644 4380 709 4438 es
745 4373 899 4436 parte
931 4362 1199 4435 explicata
1230 4361 1323 4426 sit,
1356 4359 1489 4415 satis
1512 4363 1734 4427 apparet
1758 4367 1920 4424 quam
1954 4352 2009 4407 sit

2126 4354 2220 4411 οὖν
2265 4357 2376 4429 ἄρα
2401 4355 2510 4410 τῶν
2540 4354 2835 4427 προφητῶν
2870 4355 2903 4425 ή
2946 4352 3103 4416 ἐλπὶς
3148 4350 3462 4421 οίχήσεταις
3498 4345 3563 4399 Τί
3588 4345 3646 4400 δὲ
3675 4346 3708 4399 ό

460 4460 620 4512 inane
651 4435 715 4509 ac
751 4435 1000 4509 frivolum
1024 4452 1339 4507 existimare
1361 4450 1621 4518 majorem
1651 4444 1869 4500 Christo
1904 4456 2009 4497 esst

2124 4444 2379 4508 τοσοῦτος
2430 4443 2538 4498 τῶν
2587 4444 2758 4511 ἁγίων
2800 4441 3000 4514 πράξει
3045 4440 3227 4513 χορὸς,
3276 4440 3431 4511 είπερ
3464 4436 3569 4502 ἔξω
3604 4435 3708 4507 τῆς

457 4548 776 4619 Baptistam.
820 4544 974 4613 Quod
1006 4559 1127 4598 cum
1162 4544 1234 4597 ita
1271 4543 1363 4607 sit,
1404 4539 1608 4596 corruit
1641 4536 1798 4607 plane
1838 4536 2009 4591 adver-

2124 4536 2232 4589 τῶν
2278 4535 2523 4608 οὐρανῶν
2563 4533 2846 4606 βασιλείας
2880 4533 3161 4598 κείσεται;
3206 4530 3327 4585 τότε
3374 4530 3440 4601 δὴ
3488 4526 3706 4600 πρῶτον

457 4638 722 4695 sariorum
760 4636 1008 4707 objectio.

2126 4625 2219 4679 τοῦ
2264 4625 2607 4697 ἁρπάζεσθαι
2638 4624 2907 4696 λαδούσης
2946 4625 3143 4696 ἀρχὴν,
3172 4625 3261 4677 ὅτε
3298 4622 3509 4694 χρόνοις
3547 4621 3707 4673 ὐστε-
3747 4674 3762 4683 ,

459 4737 631 4807 ρήσας
667 4736 913 4807 μακροῖς,
978 4729 1259 4802 ἀνεδείχθη
1290 4729 1448 4802 μόλις
1472 4730 1499 4782 ὁ
1561 4724 1892 4795 Βαπτιοτὴς,
1931 4742 1949 4775 ι
2000 4723 2352 4787 Μετανοεῖτε,
2375 4722 2546 4791 λέγων
2578 4739 2590 4751 ·
2636 4722 2834 4793 ἧγγικε
2885 4720 2993 4794 γὰρ
3033 4723 3065 4793 η
3105 4719 3351 4792 βασιλεία
3390 4717 3499 4772 τῶν
3541 4716 3708 4786 οὐρα-

457 4826 583 4882 νῶν.
623 4846 640 4878 »
689 4826 824 4881 Ἀλλ’
866 4826 1008 4879 ἔστιν
1053 4824 1401 4888 εὐσύνοπτον,
1439 4819 1515 4883 ὡς
1548 4816 1877 4889 ηὐτρέπιστο
1922 4813 2023 4885 μὲν
2058 4815 2169 4878 τοῖς
2237 4814 2411 4883 ἁγίοις
2444 4813 2505 4867 τὸ
2561 4815 2617 4868 ὲν
2646 4813 2902 4885 βασιλείᾳ
2939 4812 3206 4883 γίνεσθαι,
3238 4812 3334 4865 καὶ
3367 4808 3555 4874 πάλαι,
3608 4807 3705 4862 ἁτε

456 4923 520 4995 δὴ
552 4924 645 4976 καὶ
678 4921 1015 4993 συμμόρφοις
1064 4920 1365 4991 ὑπάρχουσι
1409 4916 1508 4985 τῆς
1558 4913 1763 4975 εἰκόνος
1794 4910 1887 4965 τοῦ
1919 4908 2046 4963 Υἱοῦ
2080 4911 2266 4976 αὐτοῦ,
2307 4911 2402 4964 καὶ
2440 4910 2527 4964 διὰ
2566 4910 2723 4964 τοῦτο
2767 4910 3237 4982 προεγνωσμένοις
3299 4907 3451 4978 παρά
3476 4904 3555 4977 τῷ
3586 4903 3705 4976 Θεῷ

458 5014 553 5067 καὶ
584 5012 771 5082 Πατρί.
805 5011 961 5065 Κατὰ
994 5010 1052 5063 δὲ
1085 5010 1175 5062 τὸν
1208 5009 1451 5062 Ἰωάννου
1481 5004 1689 5075 καιρὸν,
1724 5001 1820 5056 καὶ
1844 5000 2029 5054 λοιπὸν
2066 5002 2282 5073 ἐφεξῆς,
2312 5004 2345 5073 ἡ
2376 4999 2472 5055 τοῦ
2502 5000 2819 5071 Πνεῦματος
2862 5001 3008 5065 δόσις
3051 5001 3148 5054 καὶ
3180 5001 3213 5070 ἡ
3248 4998 3337 5053 διά
3402 4996 3497 5051 τοῦ
3546 4996 3705 5065 ἁγίου

462 5103 830 5176 βαπτίσματος
889 5105 967 5167 είς
1003 5101 1135 5154 Θεὸν
1169 5098 1547 5169 ἀναγέννησις.
1579 5095 1664 5150 διὰ
1734 5096 1968 5158 πίστεως
2008 5092 2336 5165 ἁρπάζεται.
2407 5092 2751 5164 Πανταχόθεν
2792 5093 2968 5147 τοίνυν
3022 5090 3471 5162 ἀποδεδειγμένου
3518 5089 3704 5159 σαφῶς

461 5198 551 5254 τοῦ
584 5198 956 5271 θεωρήματος.
995 5196 1241 5268 περιττὸν
1276 5194 1373 5266 ἠδη
1420 5192 1667 5263 φαίνεται
1694 5191 1756 5245 τὸ
1800 5191 2022 5262 μείζονά
2058 5208 2186 5246 ποτε
2252 5191 2346 5244 τοῦ
2386 5192 2641 5261 Σωτῆρος
2688 5190 2907 5245 ἔσεσθαι
2945 5192 3034 5243 τὸν
3070 5188 3320 5261 Ἰωάννην
3385 5184 3705 5258 ὐπολαμδά-

458 5308 588 5346 νειν.
635 5290 696 5343 Ei
749 5290 805 5343 δὲ
842 5289 998 5342 τοῦτο
1044 5288 1267 5359 ἀληθὲς,
1320 5286 1556 5340 λελύσθω
1589 5284 1749 5339 πάλιν
1805 5283 1911 5338 τῶν
1944 5284 2010 5339 δι’
2053 5284 2298 5350 ἐναντίας
2330 5284 2639 5358 πρόϐλημα.

536 5466 599 5495 ιε’
626 5463 810 5518 Matth.
844 5480 881 5532 ι,
909 5464 996 5519 η,
1074 5462 1116 5491 ⁸⁷
1151 5461 1259 5516 ibid
1325 5462 1404 5515 l5.
1485 5459 1529 5493 ⁸⁸
1554 5459 1742 5513 Matth.
1773 5474 1849 5525 at,
1886 5460 1968 5514 ιε.

2117 5458 2301 5515 Matth.
2350 5475 2432 5523 ill,
2462 5460 2515 5516 3.
2593 5458 2638 5493 ’°
2672 5459 2860 5516 Matth.
2897 5475 2967 5525 tv,
3006 5459 3091 5519 17..
