3968 6468
204 473 303 531 {Ti

1725 475 2167 535 TllESAURUS.

1916 617 1962 673 Α

773 604 1165 696 ΛΟΓΟΣ
1240 608 1384 692 IB.
1448 532 1479 535 θ’

2352 612 2929 706 ASSERTIO
3001 615 3232 703 ΧΗ.

241 782 336 848 Εις
362 780 455 849 τὸ,
483 798 504 833 ι
836 783 925 851 τῷ
952 783 1159 857 Πατρὶ,
1186 783 1287 857 καὶ
1310 784 1574 857 quam:
1597 782 1667 837 ἐν
1696 782 1845 855 ἐμοὶ,
1867 801 1886 836 ι

2004 786 2058 842 In
2109 785 2287 841 illud:
2326 804 2345 839 ι
2382 784 2495 857 Ego
2534 789 2590 843 in
2632 786 2819 851 Patre,
2868 798 2916 843 et
2952 786 3111 843 Pater
3159 788 3214 842 in
3259 787 3425 855 me";
3464 803 3483 839 ι
3516 796 3589 855 et,

455 851 594 919 atat,
620 851 658 906 7a
698 853 862 925 Ἐγὼ
890 854 992 909 καὶ
1024 851 1296 924 δ’Πατήρ
1325 854 1397 909 ἓν
1417 854 1625 925 ἐσμεν.
1654 873 1674 907 ι

534 987 891 1057 Ἀντίϐασις
921 990 1004 1057 ὡς
1039 988 1108 1044 ἐκ
1146 948 1268 1043 τῶν·
1304 986 1636 1058 αιρετικῶν.

343 1102 531 1169 υὺδὶν,
562 1104 732 1175 φασὶ,
762 1103 1104 1173 θαυμαστὸν,
1135 1104 1185 1156 ει
1213 1103 1242 1155 6
1272 1103 1468 1175 Πατήρ
1497 1105 1644 1157 ἔστιν
1670 1106 1727 1155 tv
1756 1099 1891 1172 Υῖῷ,

284 1196 370 1248 καὶ
394 1196 424 1249 6
450 1194 588 1259 Υἱὸς
618 1196 681 1249 tv
716 1196 938 1266 Πατρὶ,
984 1196 1120 1250 ὅπου
1153 1194 1248 1249 καὶ
1296 1195 1424 1266 περὶ
1468 1193 1625 1266 ἡμῶν
1658 1194 1715 1247 αἱ
1756 1192 1895 1247 θεῖαι

282 1284 495 1352 λέγουσι
522 1285 750 1358 Γραφαὶ
778 1286 863 1340 ὅτι
892 1304 911 1338 t
936 1286 1025 1340 Ἐν
1052 1286 1206 1358 αὐτῷ
1235 1285 1420 1357 ζῶμεν
1446 1286 1541 1339 καὶ
1570 1284 1893 1355 κινούμεθα,

284 1376 373 1428 καὶ
406 1376 606 1447 ἑσμόν.
634 1394 654 1428 ι
692 1376 909 1452 Ὠσπερ
938 1374 1033 1432 οὖν
1062 1377 1159 1432 καὶ
1199 1379 1377 1449 ἡμεῖς·
1404 1379 1462 1433 tv
1498 1378 1649 1450 αὐτῷ
1688 1375 1893 1450 ζῶμεν,

282 1467 371 1520 καὶ
416 1466 754 1538 κινούμεθα,
798 1469 895 1524 καὶ
937 1468 1128 1540 ἔσμεν,
1172 1467 1428 1542 καθάπερ
1458 1469 1709 1540 εἴρηται,
1754 1466 1897 1520 οὕτω

283 1557 376 1611 καὶ
403 1558 434 1611 6
463 1557 605 1623 Υἱός
633 1559 785 1613 ἑστιν
814 1561 873 1614 tv
901 1559 1096 1630 Πατρι.
1139 1558 1266 1621 Πῶς
1291 1556 1403 1630 γὰρ
1432 1553 1545 1613 οἶόν
1577 1574 1639 1610 τε
1672 1554 1902 1629 μείζονα

283 1652 411 1705 ὂντα
447 1640 548 1705 τοῧ
585 1649 715 1705 Υιοῢ
754 1654 955 1723 χωρεῖν
983 1653 1041 1706 tv
1073 1630 1226 1722 αὕῗῷ
1253 1651 1347 1705 τὸν
1386 1650 1643 1722 Πατέραις
1669 1649 1743 1702 Ἦ
1778 1646 1896 1711 πῶς

285 1750 425 1803 κατὰ
456 1748 600 1805 πολὺ
626 1751 725 1805 τοῦ
761 1751 975 1822 Πατρὸς
1006 1750 1402 1823 ἔλαττούμενος
1426 1753 1456 1805 6
1481 1750 1630 1815 Υἱὸς,
1662 1750 1721 1803 tv
1748 1745 1899 1819 αὐτῷ

284 1842 541 1913 χωρῆσαι
568 1844 858 1916 δυνήσεται
888 1846 991 1900 καὶ
1014 1844 1303 1917 πληρῶσαι
1335 1845 1395 1900 τὸ
1430 1843 1659 1917 μεὲζον;

793 1956 953 2027 Πρὸς
981 1957 1159 2013 τοῦτο
1192 1957 1398 2026 λύσις.

358 2064 419 2117 ει
438 2065 700 2138 καθάπερ
725 2064 887 2138 σῶμα
910 2068 969 2121 tv
992 2066 1206 2139 σώματι
1233 2070 1434 2140 χωρεῖν
1454 2069 1631 2124 οτεσθε
1657 2068 1749 2125 τὸν
1770 2068 1899 2124 Υιδν

1929 1974 1974 2031 Β

286 2157 345 2209 tv
380 2156 586 2228 Πατρὶ,
614 2158 846 2222 εἰκότως
875 2157 964 2220 ἂν.
1007 2153 1188 2231 οἶμαι,
1219 2159 1316 2214 καὶ
1349 2158 1535 2233 ζητεῖν
1563 2160 1775 2215 ἕλοισθε
1806 2161 1900 2215 τὸν

286 2250 365 2313 εις
398 2250 673 2320 ἀλλήλους
712 2250 1183 2322 ἁντεμὸισασμόν.
1220 2252 1345 2317 Ἐπὶ
1389 2251 1490 2323 μὲν
1518 2252 1629 2324 γὰρ
1671 2252 1901 2319 σκεύους

284 2340 613 2411 ὁστρακίνου
641 2342 806 2413 τυχὸν
836 2342 871 2413 ἢ
904 2341 964 2410 ἐξ
993 2342 1188 2416 ἑτέρας
1218 2344 1364 2409 τινὸς
1395 2343 1529 2415 ὕλης
1564 2362 1900 2429 κατεσκευα-

289 2434 515 2504 σμένου,
544 2434 647 2488 οὐκ
676 2432 925 2504 ἄκομψον
959 2434 1090 2498 ἴσως
1120 2434 1182 2489 τὸ
1213 2434 1397 2505 λέγειν
1426 2435 1502 2509 μὴ
1537 2435 1799 2491 δύνασθαι
1838 2436 1901 2491 τὸ

291 2521 475 2590 μεῖζον
545 2519 627 2591 τῷ
688 2521 935 2576 ἐλάττονι
986 2522 1244 2592 γενέσθαι
1306 2526 1593 2597 χωρητὸν,
1659 2527 1783 2599 μηδ⁹
1828 2521 1898 2581 αὖ

287 2613 450 2666 πάλιν
476 2612 542 2667 τὸ
574 2613 796 2669 ἔλαττον
833 2615 1187 2687 ἀναπληροῦν
1215 2618 1277 2671 τὸ
1309 2619 1514 2689 μεῖζον.
1552 2620 1677 2673 Ἐπὶ
1702 2619 1759 2673 δὲ
1791 2620 1901 2674 τῶν

288 2705 623 2775 ἀσωμάτων,
664 2706 759 2760 καὶ
804 2699 882 2762 ὧν
916 2708 949 2770 ἡ
999 2707 1163 2778 φύσις
1198 2707 1260 2762 τὸ
1293 2708 1357 2763 ἐκ
1396 2726 1543 2774 τινος
1591 2710 1727 2784 ὖλης
1761 2708 1900 2767 εἶναι

287 2796 656 2866 haut-pene,
700 2801 853 2852 ποῖον
889 2797 957 2853 ἁν
996 2798 1112 2870 ἕχει
1158 2800 1320 2870 λόγον
1358 2802 1392 2873 ἡ
1446 2803 1753 2873 πρότασις;
1788 2805 1900 2859 Καὶ

287 2888 463 2944 ταΰτὰ
499 2906 685 2961 φαμεν
726 2891 803 2954 ὡς
832 2891 971 2963 πρὸς
1002 2891 1063 2945 τὸ
1095 2893 1290 2965 παρὸν,
1321 2894 1384 2949 τὸ
1424 2897 1554 2968 παρ’
1583 2897 1714 2968 ὑμῖν
1752 2900 1900 2969 ἁμα-

290 2980 398 3046 θῶς
423 2982 826 3052 ὑπονοούμενον
867 2985 1347 3057 συγχωρήσαντες,
1376 2989 1473 3041 καὶ
1501 2988 1757 3061 καθάπερ
1798 2992 1901 3045 αύ-

290 3076 374 3128 τοὶ
440 3072 796 3145 πλανώμενοι
837 3076 1269 3142 πεπιστεύκατε,
1319 3078 1547 3150 μείζονα
1613 3082 1709 3136 τοῦ
1764 3082 1898 3138 Υῑοῦ

291 3162 431 3221 εἶναι
465 3166 652 3235 λέγειν
686 3166 778 3220 τὸν
802 3167 1045 3240 Πατέρα·
1075 3171 1105 3224 6
1135 3170 1192 3224 δὲ
1213 3172 1315 3243 τῆς
1338 3172 1597 3245 ἀληθείας
1618 3174 1780 3245 λόγος
1799 3176 1899 3249 οὐχ

289 3257 463 3323 οὕτως
492 3258 629 3329 εχει.
661 3260 821 3313 Ἐστι
858 3259 966 3333 γὰρ
998 3262 1114 3324 τσος
1156 3262 1235 3333 τῷ
1280 3264 1462 3336 Πατρὶ
1502 3266 1644 3321 κατὰ
1687 3268 1889 3324 πάντα.

291 3339 461 3419 Οἶμαι
506 3351 553 3404 δ’
590 3347 660 3407 αὖ
691 3352 793 3406 οὐκ
838 3352 907 3407 ἂν
954 3353 1100 3424 ὑμᾶς
1145 3353 1285 3419 ὅλως
1328 3357 1543 3421 τούτοις
1582 3359 1897 3430 χρήσασθαι

2007 3346 2381 3418 intelligeretis
2405 3347 2535 3417 quid
2570 3346 2641 3402 sit
2663 3361 2824 3402 verus
2850 3346 3032 3412 Pater,
3069 3347 3197 3417 quid
3224 3364 3384 3404 verus
3410 3349 3605 3415 Filius,

288 3444 404 3506 τοῖς
428 3441 633 3511 λόγοις,
662 3445 821 3514 εἴπερ
847 3443 1027 3515 ᾔδειτε
1060 3444 1115 3497 τι
1143 3445 1291 3498 ἐστιν
1322 3446 1581 3518 ἀληθινὸς
1622 3452 1651 3503 6
1681 3452 1895 3524 Πατὴρ,

292 3534 385 3587 καὶ
419 3533 676 3606 ἀληθινὸς
701 3537 730 3588 6
759 3535 912 3605 Υἱὸς,
945 3538 1039 3591 καὶ¹
1071 3539 1125 3592 τι
1160 3538 1276 3609 φῶς
1309 3539 1544 3611 ἀόρατον
1586 3543 1679 3596 καὶ
1704 3544 1895 3613 ἀΐδιον,

291 3626 389 3681 καὶ
436 3628 500 3681 τὺ
537 3628 887 3700 ἀπαύγασμα
932 3630 1122 3696 αὐτοῦ,
1166 3634 1264 3687 καὶ
1298 3633 1351 3687 τί
1383 3634 1546 3689 πάλιν
1577 3636 1727 3690 ἐστὶν
1760 3638 1902 3693 ἁσὼ-

296 3737 467 3791 ματος
496 3721 799 3786 ὑπόστασις
816 3723 911 3776 καὶ
937 3724 1224 3797 χαρακτὴρ
1244 3725 1558 3798 ἀσώματος.
1582 3728 1644 3782 El
1667 3729 1777 3801 γὰρ
1799 3730 1900 3796 τὰς

292 3814 424 3883 περὶ
458 3812 573 3866 τῶν
616 3814 877 3867 τοιούτων
926 3818 1150 3888 μνήμας
1184 3818 1327 3872 κατὰ
1355 3818 1455 3890 τὴν
1486 3819 1689 3892 ἁκριὸἦ
1727 3823 1900 3876 κατά-

292 3901 457 3973 ληψιν
490 3904 573 3966 εἰς
604 3902 733 3957 νοῦν
784 3906 1107 3976 ὲμφορεῐτε,
1155 3908 1375 3972 παντως
1416 3909 1483 3963 ἂν
1517 3912 1613 3965 καί
1659 3912 1759 3984 τὴν
1804 3914 1898 3969 τοῦ

293 3991 431 4046 Θεοῦ
486 3994 651 4062 φύσιν
714 3994 1100 4066 ὲννοήσαντες,
1148 3999 1249 4053 ούκ
1304 3998 1371 4053 ἂν
1420 4001 1497 4065 ὡς
1537 4004 1666 4075 περὶ
1706 4006 1900 4076 σωμά-

292 4104 400 4140 των

444 4086 853 4156 ἐφαντάζεσθε,
901 4090 1021 4143 ἁλλ’
1067 4092 1381 4158 ἀκολούθως
1431 4098 1546 4160 τοῖς
1585 4097 1900 4169 εἰρημένοις

293 4180 543 4249 ἀκριϐῶς
575 4180 842 4251 ἐζητεῖτε.
877 4183 995 4246 πῶς
1028 4185 1129 4255 μὲν
1152 4188 1181 4239 6
1219 4186 1347 4251 Υἱὸς
1374 4188 1432 4240 tv
1470 4189 1668 4260 Πατρὶ,
1695 4190 1812 4256 πῶς
1843 4192 1900 4246 δέ

293 4273 444 4327 tactv
471 4273 501 4324 6
546 4272 741 4344 Πατὴρ
775 4275 832 4327 tv
870 4274 1005 4347 Υἰῷ.
1054 4275 1143 4341 Ὠς
1176 4277 1285 4349 γὰρ
1330 4280 1641 4351 χαρακτὴρ,
1687 4282 1784 4336 καὶ
1818 4286 1900 4336 εἱ-

294 4362 429 4427 κὼν,
460 4364 555 4415 καὶ
581 4362 928 4436 ἀπαύγασμα
972 4368 1067 4421 καὶ
1109 4370 1385 4439 ὁμοιότης,
1428 4364 1585 4435 οὗτος
1616 4373 1675 4424 ὲν
1705 4372 1901 4444 ἐκείνῳ

295 4456 553 4517 κὰκεῐνος
582 4457 640 4507 tv
670 4456 847 4529 τούτῳ
896 4459 1169 4528 φαίνεται.
1212 4461 1432 4533 Ἐπειδὴ
1461 4463 1517 4515 δέ
1554 4480 1692 4533 φατε
1729 4464 1900 4540 μηδὲν

295 4541 437 4598 εἶναι
476 4545 815 4616 θαυμαπδν,
854 4550 904 4601 εἰ
934 4552 1030 4605 καὶ
1056 4554 1085 4605 6
1121 4551 1250 4615 Υἱός
1283 4556 1431 4607 ἐστιν
1470 4556 1527 4608 ἐν
1561 4555 1767 4626 Πατρὶ,
1811 4556 1901 4611 διὰ

293 4638 356 4689 τὸ
384 4639 482 4691 καὶ
530 4639 678 4708 ἡμᾶς
707 4641 765 4693 tv
796 4640 947 4712 αύτῷ
980 4645 1247 4698 κινεῖσθαι
1283 4646 1380 4699 καὶ
1427 4645 1549 4717 ζῇν,
1599 4646 1899 4717 ἀναγκαῖον

296 4728 444 4798 ὑμᾶς
465 4730 570 4782 κάν
595 4730 771 4800 τούτῳ
796 4731 929 4784 πολὺ
960 4732 1354 4804 πλανωμένους
1381 4736 1647 4801 ἐπιδεῖξαι
1672 4738 1773 4791 καὶ
1794 4737 1895 4807 τῆς

2006 4732 2058 4786 in
2081 4746 2407 4802 unoquoque
2436 4742 2748 4788 sanctorum
2774 4749 2978 4805 eosque
2995 4734 3325 4799 sanctiﬁcat,
3348 4735 3419 4789 ita
3438 4736 3605 4791 etiam

295 4820 560 4890 ἀληθείας
594 4822 970 4893 ἐκϐεϐηκότας
1007 4826 1099 4879 τὸν
1127 4828 1272 4897 ὅρον.
1303 4829 1379 4883 Ού
1414 4830 1523 4901 γὰρ
1557 4830 1811 4902 καθάπερ
1841 4833 1899 4885 ὲν

2004 4833 2087 4878 εει
2124 4824 2177 4878 in
2208 4824 2449 4880 Christo.
2471 4824 2573 4879 Sed
2594 4825 2706 4893 ipse
2728 4824 2901 4881 Filius
2923 4836 3007 4881 est
3028 4827 3295 4897 sapientia
3334 4824 3519 4883 Patris
3551 4837 3605 4883 et

297 4912 518 4983 ἑκάστῳ
561 4913 673 4968 τῶν
719 4915 890 4983 ἁγίων
929 4918 1213 4989 γινόμενος
1259 4922 1288 4974 6
1318 4920 1453 4986 Θεὸς
1512 4922 1730 4991 ἁγιάζει
1767 4922 1897 4977 τού-

294 5022 445 5069 τους,
480 5003 659 5069 οὓτως
703 5008 820 5061 ἐστὶ
856 5010 951 5063 καὶ
983 5012 1042 5063 tv
1074 5011 1153 5081 τῷ
1194 5014 1437 5084 Χριστῷ.
1493 5015 1635 5068 Ἀλλ’
1664 5016 1827 5081 αὐτὸς
1869 5019 1897 5071 6

294 5096 430 5159 Υἱὸς
469 5096 703 5169 δύναμίς
735 5099 852 5151 ἐστι
884 5099 979 5152 καὶ
1016 5102 1179 5169 σοφία
1222 5104 1317 5156 τοῦ
1353 5105 1599 5176 Πατρδς,
1648 5107 1895 5173 ἁγιάζων

297 5192 477 5244 πάντα
509 5190 578 5244 τὰ
614 5189 914 5261 μετέχοντα
938 5192 1106 5247 αὑτοῦ
1136 5194 1194 5247 tv
1225 5195 1424 5267 Πατρὶ,
1453 5197 1616 5260 αὐτὸς
1645 5198 1702 5251 δὲ
1733 5200 1897 5253 πάλιν

295 5283 357 5337 ἀΰ
384 5284 525 5337 κατὰ
553 5300 675 5335 τινα
709 5284 1003 5353 μετουσίαν
1029 5286 1185 5354 ἁγιος
1212 5286 1289 5341 ὣν
1330 5286 1521 5361 ῶσπερ
1549 5292 1732 5360 ἡμεῖς,
1774 5290 1896 5344 οὐδὲ

297 5376 440 5429 κατὰ
468 5378 630 5448 χάριν
666 5378 790 5441 Υἱὸς
818 5378 1155 5450 κεκλημένος
1176 5421 1191 5445 ,
1224 5380 1361 5434 ἁλλὰ
1392 5382 1639 5453 γέννημα
1672 5383 1771 5452 τῆς
1798 5384 1894 5437 τοῦ

298 5466 511 5537 lla-:96;
545 5468 739 5532 οὐσίας
780 5469 1048 5540 ὑπάρχων
1087 5471 1279 5525 ἀΐδιον.
1324 5472 1439 5526 Οὐκ
1475 5472 1591 5527 ἐστι
1634 5474 1691 5527 6t
1731 5474 1897 5529 πάλιν

297 5557 469 5622 οὕτως
498 5561 526 5613 6
566 5558 698 5624 Υἱὸς
744 5561 802 5613 ὲν
844 5560 1023 5631 Πατρὶ
1075 5561 1327 5631 καθάπερ
1364 5564 1560 5633 ἡμεῖς·
1600 5563 1759 5633 ἡμεῖς
1798 5564 1898 5633 μὲν

298 5651 403 5721 γὰρ
434 5653 491 5706 tv
529 5651 651 5724 Θεῷ
690 5650 882 5723 ζῶμεν
912 5652 1005 5705 καὶ
1038 5652 1360 5724 κινούμεθα,
1390 5655 1487 5707 καὶ
1523 5655 1689 5725 ἐσμέν
1716 5672 1727 5685 ·
1780 5657 1809 5707 ὁ
1840 5656 1897 5709 δὲ

298 5742 433 5797 κατὰ
456 5744 619 5814 φύσιν
647 5746 800 5811 Υἱὸς,
831 5744 1028 5815 ὥσπερ
1053 5745 1160 5799 ἀπό
1191 5762 1336 5811 τινος
1364 5750 1547 5818 πηγῆς
1573 5749 1657 5801 ἀεὶ
1693 5748 1893 5821 ζώσης,

367 5924 404 5959 ⁷⁸
431 5926 584 5986 Joau.
621 5944 735 5998 xlv,
782 5926 870 5983 ll.
913 5944 918 5950 '
957 5927 1000 5957 ’³
1037 5925 1189 5983 Joun.
1230 5942 1281 5982 x.
1318 5927 1409 5986 50.
1492 5930 1684 5987 "Act.
1729 5926 1864 5999 nu,
1898 5926 1989 5987 28.

2285 876 2303 909 ι
2336 857 2448 929 Ego
2480 868 2529 913 et
2567 857 2732 914 Pater
2771 875 2933 913 unum
2974 874 3158 914 sumus
3177 859 3245 914 ".
3280 876 3300 910 ι

2448 990 2692 1065 Objeclio
2737 993 3133 1049 hereticorum.

2068 1104 2212 1161 Nihil
2245 1106 2441 1162 mirum
2486 1117 2592 1173 est,
2631 1108 2905 1179 inquiunt,
2952 1107 2996 1163 si
3030 1105 3191 1162 Pater
3220 1117 3311 1162 cst
3345 1106 3397 1162 in
3432 1105 3589 1171 Filio,

1996 1208 2050 1256 et
2080 1199 2254 1255 Filius
2300 1199 2353 1255 in
2399 1200 2586 1267 Patre,
2640 1216 2765 1257 cum
2816 1204 2881 1256 de
2923 1200 3080 1256 nobis
3114 1201 3281 1259 etiam
3315 1199 3471 1271 107
3507 1214 3596 1255 sa-

1997 1304 2103 1347 crae
2145 1290 2443 1364 Scriptum
2490 1293 2695 1362 dicant,
2733 1294 2876 1363 quod
2911 1313 2930 1346 ‹
2962 1294 3021 1349 In
3071 1293 3189 1363 ipso
3242 1292 3501 1360 vivimus,
3540 1302 3593 1346 et

1997 1398 2319 1451 movemur,
2372 1393 2427 1442 et
2493 1385 2774 1444 sumus".
2808 1405 2826 1438 ι
2899 1385 3372 1453 Quemadmodum
3428 1386 3594 1457 igitur

1997 1477 2162 1532 etiam
2203 1492 2305 1533 nos
2337 1478 2391 1533 in
2436 1478 2553 1549 ipso
2575 1479 2833 1543 vivimus,
2868 1488 2923 1533 et
2957 1492 3261 1544 movemur,
3296 1488 3352 1534 et
3377 1494 3589 1547 sumus,

1997 1567 2142 1625 sicut
2181 1568 2445 1640 scriptum
2482 1580 2585 1636 est,
2631 1570 2705 1626 ita
2738 1580 2793 1626 et
2837 1570 3009 1626 l’ilius
3042 1580 3127 1626 est
3162 1572 3217 1626 itt
3249 1570 3432 1626 Patre.
3474 1571 3595 1638 Quo

1998 1666 2158 1728 pacto
2198 1659 2341 1714 enim
2369 1657 2486 1713 fleri
2513 1667 2713 1729 potest,
2742 1668 2800 1714 ut
2844 1658 3006 1716 Pater
3041 1675 3163 1714 cum
3200 1660 3376 1729 major
3398 1660 3473 1713 sit
3503 1656 3596 1713 γε-

1997 1748 2093 1814 lio,
2149 1747 2204 1803 in
2255 1763 2321 1804 eo
2354 1748 2754 1805 contineatur?
2797 1749 2906 1805 Aut
2952 1748 3225 1817 quomodo
3265 1748 3452 1815 Filius,
3504 1750 3597 1817 qui

2001 1839 2171 1895 multo
2209 1839 2390 1897 minor
2418 1849 2524 1908 est,
2564 1838 2828 1911 majorem
2866 1839 3095 1910 implere
3123 1839 3325 1911 possit?

2530 1952 2737 2010 Salutio
2765 1955 3095 2025 objectiont's.

2075 2068 2132 2127 Si
2172 2078 2230 2127 ut
2258 2086 2458 2143 corpus
2504 2086 2736 2143 corpore
2788 2070 3126 2135 continetur,
3181 2070 3256 2125 ita
3298 2069 3495 2126 Filium
3545 2072 3599 2125 iu

2003 2161 2167 2227 Patre
2192 2161 2463 2218 contineri
2494 2162 2850 2231 existimatis,
2880 2160 3079 2218 merito
3115 2160 3347 2217 fortasse
3375 2161 3603 2217 alterius

2002 2254 2058 2308 in
2106 2251 2281 2308 altero
2332 2251 2736 2323 impositionem
2803 2250 3086 2322 quaeratis.
3162 2247 3297 2303 Nam
3358 2249 3413 2302 in
3474 2262 3603 2307 vase

2004 2342 2248 2415 flgulino,
2294 2352 2389 2400 aut
2430 2359 2499 2401 ex
2537 2344 2641 2400 alia
2686 2342 2871 2413 aliqua
2918 2342 3147 2398 materia
3185 2340 3445 2405 conflato,
3491 2356 3601 2397 non

2001 2438 2189 2508 inepte
2244 2436 2529 2504 dixeritis,
2582 2436 2761 2505 majus
2811 2436 2866 2491 in
2914 2436 3128 2491 minore
3172 2434 3445 2491 contineri
3492 2450 3600 2489 ttou

2001 2544 2203 2602 posse:
2235 2544 2413 2601 neque
2453 2544 2645 2586 rursus
2670 2530 2851 2585 minus
2878 2542 3039 2599 posse
3088 2526 3316 2599 implere
3360 2526 3413 2581 id
3456 2528 3602 2597 quod

2003 2619 2179 2690 majus
2209 2632 2313 2678 est.
2361 2619 2419 2675 in
2453 2621 2793 2693 incorporcis
2841 2635 2997 2686 vero,
3042 2629 3098 2675 et
3129 2634 3360 2690 quorum
3408 2629 3602 2674 natura

2001 2714 2183 2770 omnis
2203 2713 2449 2769 materiae
2469 2729 2665 2784 expers
2682 2722 2789 2778 est,
2808 2727 2970 2783 quem
2994 2712 3171 2767 locum
3195 2710 3398 2765 habeat
3423 2717 3604 2768 vestra

2001 2802 2529 2874 propositiolAtque
2555 2802 2669 2858 haec
2699 2803 2918 2872 quidem
2942 2802 2993 2855 in
3020 2801 3313 2870 praesentia
3345 2798 3603 2862 diximus.

2002 2896 2206 2965 aliquid
2250 2910 2281 2949 a
2337 2895 2493 2950 vobis
2544 2894 2795 2962 imperite
2845 2894 3051 2953 dictum
3103 2893 3487 2955 concedentes.
3551 2902 3609 2947 et

2003 2986 2460 3057 quemadmodum
2494 3000 2592 3041 vos
2617 2995 2869 3041 errantes
2892 2984 3228 3050 credidistis,
3260 2983 3477 3039 Patrem
3513 2982 3606 3038 Fi-

2003 3076 2075 3131 lio
2108 3074 2373 3144 majorem
2428 3075 2752 3140 dicendum;
2797 3074 3047 3131 veritatis
3093 3084 3276 3130 autem
3310 3074 3449 3129 l'atio
3498 3089 3605 3132 non

2001 3166 2075 3221 ita
2104 3180 2164 3222 se
2189 3164 2354 3220 habet
2384 3182 2398 3219 :
2425 3175 2508 3220 est
2536 3165 2683 3220 enim
2709 3164 2937 3235 aequalis
2962 3163 3108 3219 Patri
3138 3178 3235 3233 per
3262 3165 3465 3219 omnia.
3497 3162 3606 3223 Sed

2004 3272 2183 3329 neque
2220 3268 2317 3312 Vos
2346 3256 2614 3328 ejusmodi
2664 3257 2848 3312 verbis
2893 3271 3092 3313 usuros
3121 3256 3513 3323 existimarint,
3560 3259 3606 3311 si

2005 3451 2061 3499 et
2094 3441 2224 3512 quid
2259 3440 2440 3496 lumen
2486 3438 2779 3503 invisibile,
2825 3450 2882 3497 et
2912 3450 3201 3507 aeternum,
3249 3451 3305 3497 et
3348 3443 3609 3512 splendor

2002 3533 2147 3605 ejus,
2184 3532 2392 3603 etquid
2427 3545 2645 3590 rursum
2678 3532 2993 3607 ltypostasis
3029 3534 3355 3604 incorporea
3394 3544 3449 3589 et
3476 3536 3609 3591 cha-

2004 3634 2185 3681 racter
2210 3625 2586 3697 incorporeus.
2616 3623 2753 3680 Nam
2782 3627 2827 3681 si
2861 3625 2977 3681 haec
3007 3625 3059 3680 in
3098 3626 3418 3681 memoriam
3449 3642 3606 3683 revo-

2003 3726 2191 3775 cantes
2210 3728 2525 3775 accuratam
2547 3718 2960 3790 perfectamque
2978 3733 3167 3776 eorum
3188 3718 3607 3791 intelligentiam

2005 3816 2189 3867 mente
2216 3810 2605 3881 conceperitis,
2632 3820 2781 3867 certe
2814 3811 3087 3866 intellecta
3122 3821 3318 3867 natura
3345 3812 3464 3880 Dei,
3498 3830 3605 3869 nou

2003 3902 2122 3960 hac
2157 3920 2419 3977 corporea
2464 3905 2926 3976 imaginaremini,
2959 3907 3075 3971 sed,
3100 3921 3161 3961 ea
3201 3906 3413 3962 ratione
3442 3922 3606 3975 quam

2003 3995 2263 4063 diximus,
2302 3996 2545 4067 perfecte
2577 3997 2928 4068 inquireretis
2980 4014 3093 4067 quo
3134 4008 3294 4068 pacto
3345 3998 3515 4055 Filius
3551 4000 3604 4054 in

2003 4084 2165 4141 Patre
2181 4085 2273 4153 sit,
2296 4095 2351 4141 et
2374 4102 2481 4157 quo
2500 4098 2657 4158 pacto
2680 4087 2843 4143 Pater
2866 4088 2919 4143 in
2945 4087 3104 4143 Filio.
3135 4089 3603 4157 Quemadmodum

2004 4179 2151 4234 enim
2183 4178 2502 4245 character,
2536 4190 2590 4237 et
2636 4180 2835 4254 imago,
2875 4192 2929 4236 et
2958 4181 3254 4252 splendor,
3297 4192 3477 4253 atque
3524 4184 3605 4239 si-

2006 4270 2253 4325 militudo
2278 4271 2345 4336 ",
2384 4272 2474 4326 hic
2505 4273 2557 4326 itt
2588 4271 2775 4337 illo,et
2808 4273 2898 4328 ille
2931 4274 2985 4327 in
3025 4275 3131 4327 hoc
3164 4275 3433 4329 cernitur.
3464 4274 3601 4332 Cum

2004 4376 2135 4417 vero
2164 4364 2357 4418 dicatis
2389 4364 2523 4418 nihil
2554 4363 2750 4418 mirum
2784 4380 2929 4432 esse,
2950 4366 2996 4420 si
3032 4366 3205 4423 Filius
3237 4366 3309 4421 sit
3335 4369 3389 4423 in
3416 4366 3600 4437 Patre,

2003 4455 2131 4525 quia
2155 4465 2211 4509 et
2238 4470 2334 4510 nos
2360 4455 2413 4510 in
2434 4456 2550 4526 ipso
2573 4471 2858 4511 movemur
2875 4468 2931 4513 ct
2954 4458 3208 4525 vivimus,
3230 4464 3603 4518 necessarium

2003 4548 2229 4603 omnino
2265 4547 2544 4604 declarare
2580 4560 2919 4621 quantOpet-e
2948 4551 3113 4606 etiam
3150 4553 3255 4608 hac
3288 4553 3343 4610 in
3387 4566 3542 4626 parte
3574 4574 3603 4612 a

2005 4656 2137 4695 vero
2160 4642 2447 4698 aberretis.
2477 4641 2663 4713 Neque
2685 4643 2830 4699 enim
2860 4646 3318 4714 quemadmodum
3356 4647 3499 4704 Deus
3522 4662 3607 4706 est

1996 4915 2237 4985 potentia
2281 4915 2349 4981 ",
2388 4918 2738 4973 sanctitlcans
2776 4918 2961 4974 omnia
2988 4920 3373 4989 participantia
3402 4922 3503 4992 ipsi
3546 4921 3603 4977 iu

1999 5008 2237 5077 Spiritu:
2259 5010 2371 5079 ipse
2391 5024 2521 5065 vero
2533 5008 2677 5063 nulla
2695 5011 3112 5080 participatione
3134 5024 3379 5080 sanctus,
3406 5024 3464 5070 ut
3480 5031 3600 5071 nos.

1996 5100 2104 5156 Sed
2159 5092 2334 5170 neque
2364 5116 2463 5171 per
2495 5103 2728 5172 gratiam
2755 5114 2840 5159 est
2872 5102 3069 5171 Filios,
3100 5106 3240 5160 sicut
3263 5123 3383 5175 nos,
3412 5110 3508 5165 sed
3535 5111 3601 5165 ali

2002 5202 2208 5246 aeterno
2230 5207 2299 5247 ex
2337 5194 2574 5248 essentia
2600 5193 2781 5249 Patris
2816 5196 3052 5266 genitus.
3080 5197 3267 5267 Neque
3296 5215 3487 5257 rursus
3515 5202 3605 5257 Fi-

2004 5282 2107 5338 lius
2131 5284 2183 5338 in
2202 5282 2364 5340 Patre
2379 5294 2484 5350 est,
2507 5286 2649 5341 sicut
2678 5302 2781 5341 nos
2806 5306 2818 5343 :
2846 5289 3115 5358 siquidem
3141 5305 3239 5346 nos
3258 5292 3308 5344 in
3334 5291 3448 5347 Deo
3467 5293 3604 5348 vivi-

2006 5392 2148 5443 mus,
2173 5387 2229 5433 et
2246 5392 2550 5445 movemur,
2568 5380 2731 5451 108
2742 5391 2797 5435 et
2811 5396 3019 5438 sumus.
3045 5384 3116 5437 At
3134 5397 3260 5439 vero
3282 5386 3605 5440 naturaliter

1996 5469 2188 5538 Filius,
2209 5484 2276 5524 ex
2298 5472 2533 5525 essentia
2573 5472 2755 5530 Patris
2772 5475 2933 5530 veluti
2954 5476 3178 5546 perenni
3197 5479 3431 5546 quodam
3455 5480 3604 5537 fonte

1996 5564 2320 5633 procedens,
2342 5564 2447 5619 vita
2474 5574 2560 5619 est
2580 5567 2901 5622 naturaliter
2928 5570 3111 5624 omnia
3135 5570 3419 5625 vivificans
3446 5592 3456 5626 :
3489 5589 3594 5625 nou

1997 5670 2094 5723 per
2124 5657 2595 5726 participationem
2628 5657 2755 5715 vita:
2796 5660 3100 5719 vivilicatus
3128 5664 3272 5720 sicut
3301 5679 3420 5719 uos.
3463 5663 3599 5720 Nunt

1997 5749 2195 5818 alioqui
2234 5765 2335 5804 non
2365 5759 2509 5805 esset
2540 5750 2655 5819 ipse
2697 5752 2959 5809 naturalis
2983 5756 3111 5811 vita.
3141 5756 3295 5825 Quod
3328 5758 3474 5815 enim
3507 5771 3599 5811 as-

2070 5931 2113 5963 7"
2144 5928 2308 5987 "t'ill‘.
2340 5948 2378 6000 ι,
2412 5932 2462 5989 ὖ.
2546 5936 2588 5967 ⁷⁸
2623 5931 2641 5988 l
2677 5936 2801 5991 (lor.
2840 5952 2877 6002 ι,
2914 5937 3002 5992 “li.
