3968 6486
244 450 326 505 iSl
1745 453 2193 516 TIlESAURUS.
3506 455 3611 510 182

252 565 431 631 οὐσίας
462 567 611 623 εἶναι
643 568 747 624 τοῦ
779 573 1063 646 Πατρός,
1104 574 1247 651 μετά¹
1266 572 1466 651 πολλῆς
1492 586 1636 635 τινος
1664 568 1767 641 τῆς
1793 572 1907 623 ὲπι·

2044 572 2407 644 ircumspecte
2431 572 2572 629 dixit
2597 590 2612 628 :
2641 590 2660 627 ι
2684 573 2797 645 Ego
2826 573 2877 628 in
2902 571 3088 639 Patre,
3111 582 3166 627 et
3192 570 3351 627 Pater
3376 570 3559 624 inme.
3586 587 3606 621 ι

263 662 571 733 τηρήσεως,
605 682 627 718 ι
662 664 862 735 Ἐγὼ,
892 640 1176 739 φησὶνξέν
1208 648 1285 736 τῷ
1298 640 1513 738 τιατρὶ,
1544 663 1642 718 καὶ
1662 664 1691 717 6
1718 662 1907 735 Πατὴρ

2041 662 2130 719 ion
2179 665 2345 736 igitur
2380 680 2726 722 communem
2774 665 2921 721 illam
2972 665 3138 721 habet
3189 679 3311 719 cum
3357 659 3613 717 omnibus

275 752 327 805 ὶν
365 753 511 823 ἒμοί.
543 774 564 807 ι
611 756 738 810 Οὐκ
795 758 923 828 ἄρα
984 758 1162 812 κοινὸν
1211 757 1325 827 ἔχει
1386 755 1527 827 μετά
1584 751 1802 807 πάντων
1848 751 1909 807 τὺ

2041 756 2355 829 lignitatem,
2390 759 2484 814 sed
2516 758 2795 830 propriam
2831 758 2937 816 sibi
2984 773 3047 815 ac
3078 756 3409 828 peculiarem
3444 764 3502 810 ιιι
3522 751 3613 808 Fi-

283 845 516 917 ἀξίωμα,
542 848 667 901 ἀλλ’
696 849 919 914 ἰδιάζον
946 850 1047 903 καὶ
1079 849 1354 923 ἐξαίρετον
1382 848 1458 912 ὡς
1502 846 1652 913 Υίδς,
1691 844 1783 899 καὶ
1810 844 1912 898 Δό-

2041 848 2138 914 ius,
2170 860 2225 905 et
2252 848 2509 919 Verbum,
2548 858 2602 907 ει
2629 852 2792 909 Deus.

289 955 399 1004 γος,
430 939 529 991 καὶ
566 938 737 1003 Θεός.

296 1030 493 1095 AAAO,
522 1030 845 1087 διδάσκον
873 1034 1038 1100 ὅπως
1071 1034 1186 1102 χρὴ
1218 1032 1385 1088 νοεῖν
1411 1031 1479 1085 τὸ
1514 1029 1914 1100 προκείμενον

2041 1028 2252 1095 tLlUD,
2306 1032 2496 1085 docens
2545 1045 2648 1102 quo
2681 1026 3089 1102 pactodictum
3127 1024 3275 1079 istud
3324 1020 3614 1093 pratulum

1022 1098 1234 1175 ρἤὄνο
1556 1098 1566 1100 ἡ
1727 1098 1736 1100 ἡ

2560 1099 2959 1167 intelligendum
2991 1098 3079 1151 rit.

381 1191 441 1247 Ὀ
473 1195 613 1261 Tib;
658 1196 722 1251 ὲν
761 1197 843 1268 τῷ
877 1196 1089 1269 Πατρὶ,
1142 1197 1237 1250 καὶ
1278 1196 1306 1250 6
1340 1194 1528 1266 Πατὴρ
1578 1195 1637 1247 ὲν
1674 1190 1754 1263 τῷ
1800 1188 1915 1260 Υἱῷ

307 1283 638 1356 νοηοήσεται
691 1287 840 1342 κατά
891 1285 1084 1342 τοῦτον
1129 1286 1220 1340 τὸν
1266 1285 1487 1356 τρόπον.
1530 1284 1626 1337 Ἕκ
1673 1281 1773 1352 τῆς
1819 1278 1916 1333 τοῦ

313 1375 525 1446 Πατρός
558 1378 759 1443 οὐσίας
788 1378 1065 1451 προῆλθεν
1092 1380 1121 1432 6
1150 1375 1301 1443 Υἱὸς,
1328 1376 1390 1431 οὐ
1421 1375 1676 1442 καθάπερ
1704 1372 1772 1427 τά
1810 1370 1920 1426 κτί-

312 1484 497 1537 σματα
517 1469 586 1523 ὲκ
606 1470 705 1525 τοῦ
727 1471 803 1543 μὴ
824 1471 976 1536 ὄντος
992 1472 1073 1535 είς
1086 1471 1146 1525 τὸ
1166 1464 1305 1523 εἶναι
1336 1465 1641 1539 παρελθὼν,
1659 1466 1693 1537 ἢ
1719 1463 1919 1533 ἔξωθέν

311 1558 473 1612 ποθεν
502 1561 610 1630 τὴν
635 1560 732 1616 τοῦ
760 1558 901 1617 εἶναι
932 1562 1191 1617 σύστασιν
1216 1561 1377 1632 ἔχων,
1402 1558 1517 1613 ἀλλ’
1543 1557 1661 1611 ἐστι
1688 1557 1786 1627 τῆς
1820 1555 1918 1609 τοῦ

313 1654 683 1722 γεννήσαντος
728 1654 915 1719 οὐσίας
959 1655 1020 1709 τὸ
1060 1654 1211 1709 ίδιονο
1265 1652 1454 1725 ὥσπερ
1493 1645 1587 1706 οὖν
1629 1651 1696 1703 ὲκ
1742 1648 1919 1719 φωτὸς

312 1743 685 1816 ἀπαύγασμα,
715 1745 748 1816 ἦ
782 1748 875 1800 καὶ
916 1747 1023 1800 ἀπό
1055 1762 1201 1809 τινος
1241 1745 1425 1815 πηγῆς
1465 1742 1707 1797 ἐκϐαίνει
1752 1757 1922 1794 ποτα-

320 1834 437 1903 μός.
468 1836 667 1891 Ἔστιν
689 1832 783 1891 οὖν
806 1839 921 1901 τοῖς
941 1837 1112 1910 δρῶσι
1141 1836 1233 1890 τὸν
1262 1836 1414 1901 Υίδν,
1448 1835 1547 1906 τὴν
1576 1832 1673 1887 τοῦ
1706 1832 1923 1904 Πατρδς

2088 1190 2260 1247 Filius
2294 1191 2348 1246 in
2382 1190 2562 1258 Patre,
2595 1198 2649 1245 et
2677 1188 2840 1245 Pater
2864 1189 2917 1244 in
2950 1188 3091 1245 Filio
3118 1200 3242 1243 esse
3274 1184 3379 1240 hac
3406 1181 3618 1237 ratione

2019 1284 2359 1355 intelligitur.
2388 1283 2558 1339 Filius
2582 1299 2648 1339 ex
2682 1282 2921 1339 essentia
2948 1279 3127 1335 Patris
3166 1274 3458 1348 processit,
3486 1286 3614 1335 nou,

2019 1376 2477 1448 quemadmodum
2515 1384 2803 1439 creaturae,
2837 1388 2903 1428 ex
2933 1387 3040 1428 non
3072 1385 3196 1427 esse
3235 1368 3304 1423 ad
3340 1380 3461 1421 esse
3506 1373 3617 1418 tra-

2021 1472 2239 1537 ductus,
2282 1478 2380 1523 aut
2417 1468 2758 1524 extrinsecus
2808 1466 3176 1529 substitutus;
3226 1460 3321 1517 sed
3373 1468 3459 1513 est
3500 1458 3619 1525 ipsa

2020 1561 2270 1619 essentize
2287 1559 2466 1616 Patris
2492 1562 2817 1630 proprietas,
2857 1558 2997 1615 sicut
3016 1574 3081 1612 ex
3108 1556 3315 1610 lumine
3336 1551 3618 1622 splendor,

2021 1660 2114 1707 aut
2138 1666 2205 1706 ex
2236 1650 2419 1721 aliquo
2456 1650 2603 1706 fonte
2649 1648 2846 1703 ﬂumen
2898 1658 3207 1718 promanat.
3256 1643 3411 1698 Licet
3455 1640 3623 1711 igitur

2024 1745 2091 1801 iis
2116 1744 2210 1815 qui
2259 1744 2453 1800 Filium
2486 1744 2691 1810 vident,
2732 1743 2909 1800 Patris
2957 1740 3249 1799 essentiam
3300 1734 3534 1798 intueri,
3569 1740 3626 1788 et

2025 1837 2286 1907 genitoris
2307 1837 2695 1906 proprietatem
2720 1850 2784 1890 ex
2808 1836 2915 1890 hoc
2937 1845 3287 1905 cognoscere.
3309 1827 3446 1896 Quia
3476 1826 3622 1882 enim

315 1926 504 1982 οὐσίαν
529 1928 694 2000 ὁρᾷν,
723 1930 817 1983 καὶ
844 1928 903 1983 τὸ
927 1930 1024 1984 τοῦ
1050 1930 1414 2001 γεννήσαντος
1439 1927 1573 1983 ῐδιον
1599 1926 1707 1980 ἀπὸ
1733 1924 1927 1979 τούτου

2041 1928 2347 1984 universum
2384 1943 2509 1984 esse
2534 1926 2655 1982 Filii
2678 1942 2744 1983 ex
2774 1925 3013 1982 essentia
3048 1922 3230 1978 Patris
3264 1919 3532 1992 procedit,
3563 1932 3625 1973 ea

315 2019 684 2074 νοεῖν.’οτιπε
694 2038 726 2091 ρ
759 2022 947 2094 ἐπειδὴ
974 2021 1196 2092 σύμπαν
1224 2020 1285 2076 τδ
1302 2015 1444 2075 εῖναι
1460 2020 1554 2075 τοῦ
1580 2017 1714 2073 Υἱοῦ
1738 2020 1803 2072 ὲκ
1827 2016 1928 2085 τῆς

317 2110 409 2163 τοῦ
455 2114 673 2183 [ἰατρὸς
701 2114 891 2179 οὐσίας
932 2115 1201 2186 πρόεισιν,
1230 2112 1405 2178 οὕτως
1435 2113 1585 2167 ἐστὶν
1634 2113 1693 2165 ὲν
1724 2108 1925 2180 Πατρὶ,

320 2203 416 2256 καὶ
451 2206 621 2258 πάλιν
651 2208 718 2260 ἐκ
747 2206 857 2260 τῶν
889 2208 1173 2273 ἐναντίων,
1199 2208 1228 2261 ό
1266 2206 1459 2277 Πατήρ
1491 2207 1641 2259 ἐστιν
1682 2205 1740 2257 ὲν
1787 2201 1925 2273 Υἱῷ-

321 2297 628 2368 ὲπειδήπερ
674 2298 812 2369 ὅπερ
842 2300 991 2353 ἐστὶν
1022 2299 1185 2363 αὐτὸς
1232 2298 1422 2368 φ’ύσει,
1472 2297 1632 2352 τοῦτο
1677 2296 1771 2349 καὶ
1813 2297 1842 2348 ό
1870 2293 1929 2360 ἐξ

322 2387 489 2441 αὐτοῦ
520 2389 806 2460 προελθὼν
832 2390 969 2454 Θεὸς
1009 2391 1204 2459 Λόγος.
1250 2392 1505 2444 Φαίνεται
1536 2390 1592 2443 δὲ
1641 2390 1736 2443 καὶ
1782 2388 1929 2442 ἐστιν

322 2476 381 2528 ἑν
408 2476 547 2547 Υἱῷ.
580 2477 771 2550 ὥσπερ
796 2474 890 2533 οὖν
925 2479 1022 2533 καὶ
1048 2482 1105 2533 ὲν
1138 2479 1215 2551 τῷ
1248 2480 1377 2551 παρ’
1406 2478 1573 2533 αὐτοῦ
1612 2477 1928 2549 προελθόντι

322 2568 721 2639 timoris-patr
750 2571 778 2623 6
807 2571 989 2642 ἣλιος,
1038 2570 1133 2625 καὶ
1179 2571 1239 2624 ὲν
1275 2571 1354 2642 τῷ
1398 2571 1544 2641 λόγῳ
1572 2571 1599 2622 6
1644 2568 1799 2632 νοῦς,
1837 2566 1931 2622 καὶ

326 2661 380 2712 ἐν
418 2659 497 2731 τῷ
526 2661 761 2735 ποταμῷ
798 2663 833 2734 ὴ
863 2661 1054 2717 τοῦτον
1083 2662 1462 2727 ἀναϐλύζουσα
1511 2661 1685 2731 πηγή.
1717 2660 1791 2713 Τὸ
1821 2658 1931 2730 γὰρ

326 2750 454 2802 ίῖιον
493 2752 597 2822 τῆς
627 2752 720 2806 τοῦ
771 2753 988 2824 “at:pr
1031 2754 1222 2819 οὐσίας
1264 2756 1321 2809 ὲν
1355 2752 1473 2824 Υίῴ
1512 2752 1789 2824 κείμενον.
1834 2752 1932 2805 καὶ

323 2842 423 2911 τῆς
466 2844 756 2915 θεότητος,
802 2846 870 2899 't’v‘
922 2846 1095 2910 οὕτως
1151 2846 1313 2911 εἴπω,
1388 2846 1451 2898 τὸ
1497 2841 1640 2908 εἶδος
1695 2844 1931 2897 δεικνύει

328 2938 491 2989 πᾶσιν
514 2937 682 2990 αὐτὸν
711 2940 767 2990 ὲν
795 2938 965 3008 αὐτῷ.
1011 2939 1377 3009 Ἐπιτηρῆσαι
1407 2938 1463 2991 δὲ
1494 2936 1602 3008 χρὴ
1635 2936 1729 2989 καὶ
1764 2937 1935 3004 ἀναγ-

329 3030 497 3094 καίως
542 3028 742 3087 εἰδέναι
789 3032 980 3103 ὅτιπερ
1020 3033 1081 3085 οὐ
1151 3033 1252 3101 τῆς
1298 3029 1573 3101 τυχούσης
1615 3028 1936 3098 οἰκονομίας

327 3119 488 3172 ινεκα
524 3120 625 3190 τὴν
672 3120 927 3191 τοιαύτην
953 3122 981 3175 6
1010 3122 1204 3194 Σωτὴρ
1246 3120 1439 3193 εἴρηκε
1470 3120 1678 3191 φωνήν.
1716 3118 1935 3190 Ἐπειδὴ

326 3211 437 3279 γὰρ
480 3211 586 3281 τὴν
634 3213 944 3282 ταύτότητα
989 3212 1092 3281 τῆς
1135 3213 1354 3288 φύσεως
1386 3212 1455 3283 ἢν
1504 3211 1617 3282 ἔχει
1656 3211 1796 3283 πρὸς
1840 3210 1935 3263 τὸν

2030 2020 2337 2077 rationeest
2355 2021 2405 2075 in
2437 2018 2620 2086 Patre,
2643 2027 2697 2074 et
2719 2035 2749 2075 e
2774 2016 3051 2074 contrario
3088 2013 3252 2070 Pater
3282 2022 3366 2069 est
3390 2013 3442 2067 in
3468 2009 3627 2075 Filio,

2032 2114 2298 2185 siquidem
2341 2113 2392 2168 id
2440 2114 2584 2183 quod
2633 2114 2749 2183 ipse
2800 2120 2886 2167 est
2929 2119 3142 2173 natura,
3191 2108 3297 2163 hoc
3342 2106 3509 2161 etiam
3544 2111 3631 2159 est

2032 2210 2178 2263 Deus
2196 2205 2433 2261 Verbum
2452 2222 2517 2261 ex
2540 2206 2657 2275 ipso
2675 2205 2997 2275 procedens.
3017 2203 3257 2273 Apparet
3279 2215 3345 2253 an
3356 2208 3459 2252 tem
3479 2204 3529 2251 et
3547 2202 3633 2250 est

2031 2299 2086 2354 in
2114 2298 2252 2353 Filio
2283 2298 2737 2368 quemadmodum
2766 2299 2846 2353 sol
2878 2298 2931 2351 in
2960 2295 3249 2367 splendore
3284 2306 3446 2362 quem
3480 2289 3633 2344 emit-

2037 2390 2101 2445 tit
2131 2405 2195 2444 ex
2220 2405 2300 2453 se,
2331 2402 2386 2445 et
2412 2390 2555 2445 sicut
2586 2405 2739 2445 mens
2760 2390 2813 2443 iu
2844 2402 3121 2453 sermone,
3143 2396 3200 2442 et
3232 2384 3355 2439 fons
3388 2385 3439 2437 iu
3468 2380 3629 2435 ﬂuvio

2033 2482 2125 2551 qui
2154 2498 2223 2537 ex
2251 2498 2309 2537 se
2332 2491 2639 2551 promanat.
2668 2481 2983 2552 Proprietas
3004 2480 3151 2535 enim
3174 2477 3430 2534 essentia;
3452 2475 3545 2530 Pu.
3589 2476 3633 2529 is

2036 2577 2088 2631 in
2134 2575 2273 2631 Filio
2316 2576 2441 2641 sita,
2489 2585 2545 2631 et
2578 2574 2902 2641 divinitatis,
2940 2582 3000 2629 ut
3051 2574 3125 2628 ita
3159 2572 3361 2637 dicam,
3396 2568 3630 2640 species,

2036 2668 2210 2737 ipsum
2233 2668 2283 2722 in
2304 2682 2370 2724 eo
2395 2668 2523 2723 esse
2541 2668 2796 2723 omnibus
2818 2666 3080 2722 ostendit.
3106 2663 3518 2720 Observandum
3536 2675 3637 2713 auo

2035 2768 2143 2814 tem
2162 2770 2267 2824 est,
2286 2768 2337 2814 et
2364 2759 2673 2815 necessario
2701 2760 3008 2823 sciendum,
3036 2772 3143 2813 non
3168 2754 3375 2825 vulgari
3406 2750 3637 2808 consilio

2037 2862 2200 2922 atque
2239 2853 2653 2921 dispensatione
2683 2852 2835 2907 'hanc
2870 2865 3060 2905 vocem
3096 2864 3125 2902 a
3174 2847 3469 2902 Servatore
3510 2858 3637 2914 pro-

2036 2945 2198 2998 latam
2235 2943 2423 2999 fuisse.
2457 2943 2592 2999 Cum
2634 2944 2804 3009 enim,
2849 2942 3188 2997 identitatem
3233 2948 3442 2993 natura:
3474 2951 3637 3005 quam

2038 3036 2200 3092 habet
2228 3051 2349 3091 cum
2384 3035 2545 3091 Patre
2579 3036 2868 3091 ostendere
2910 3034 3115 3099 volens,
3166 3031 3301 3087 dixit
3331 3025 3402 3086 εἰ
3440 3029 3549 3099 Ego
3582 3036 3639 3083 et

2037 3127 2200 3195 Pater
2234 3144 2400 3182 unum
2434 3143 2650 3191 sumus,
2685 3146 2703 3175 ι
2738 3141 2804 3181 ne
2853 3125 2976 3196 quis
3008 3124 3255 3179 eumdem
3302 3136 3425 3178 esse
3462 3120 3641 3189 suspi—

2042 3230 2259 3277 caretur
2288 3220 2530 3285 Patrem,
2565 3229 2619 3274 et
2644 3218 2862 3286 Filium,
2900 3217 3031 3273 solis
3064 3224 3271 3272 tantum
3306 3212 3639 3273 nominibus,

330 3303 692 3373 γεννήσαντα,
724 3303 891 3368 δεῖξαι
943 3303 1253 3375 βουληθεὶς,
1304 3297 1458 3356 εἶπεν
1481 3343 1495 3367 ,
1531 3321 1551 3356 ι
1592 3301 1735 3368 Ἐγὼ
1779 3301 1873 3354 καὶ
1906 3302 1934 3355 6

2045 3330 2153 3369 non
2182 3314 2457 3385 hypostasi
2496 3314 2548 3367 in
2572 3312 2896 3367 dualitatem
2932 3323 3293 3380 personarum
3330 3306 3639 3360 distinctos:

332 3394 522 3465 Πατὴρ
547 3396 607 3447 ἓν
634 3398 823 3466 ἐσμεν,
848 3416 865 3448 ι
896 3397 982 3450 ἵνα
1018 3397 1091 3467 μή
1123 3413 1207 3459 τις
1230 3396 1321 3448 τὸν
1355 3393 1519 3449 αὐτὸν
1549 3389 1687 3447 εἶναι
1717 3391 1936 3464 Πατέρα

332 3484 426 3537 καὶ
459 3484 589 3537 Υἰὸν
620 3485 902 3558 ὑπολάϐῃ,
956 3486 1137 3557 μόνοις
1175 3485 1409 3555 ὀνόμασι
1456 3482 1938 3553 διαστελλομένους

333 3576 411 3637 εἰς
439 3575 641 3642 δυάδα,
673 3575 835 3640 ὄντας
866 3575 924 3647 δὲ
952 3577 1052 3647 οὐχ
1081 3575 1255 3638 οὕτως
1300 3576 1357 3629 ὲν
1403 3574 1736 3640 ὑποστάσει,
1767 3575 1938 3643 ἀναγ-

334 3665 502 3727 καίως
556 3665 996 3736 ὲπεξηγούμενος
1039 3669 1178 3740 ὅπερ
1215 3666 1430 3737 εἴρηκε,
1459 3667 1553 3720 καὶ
1590 3665 1929 3735 σαφέστερον

332 3759 447 3819 τοῖς
472 3757 846 3828 ἀκροωμένοις
873 3759 1004 3813 αὐτὸ
1031 3759 1329 3825 καθιστῶν,
1353 3758 1608 3829 ἐπιφέρει
1639 3757 1719 3823 τὸ,
1754 3775 1772 3809 ι
1796 3755 1937 3824 Ἐγὼ

333 3848 391 3900 tv
428 3846 507 3918 τῷ
550 3848 757 3920 Πατρὶ,
802 3850 899 3903 κει)⁵
928 3850 957 3903 6
990 3850 1181 3922 Πατὴρ
1225 3852 1284 3903 ὲν
1332 3850 1477 3921 ἐμοὶ,
1506 3869 1525 3902 ι
1567 3848 1654 3901 ⁹ίνα
1700 3848 1788 3901 διὰ
1838 3847 1937 3919 μὲν

334 3936 452 3997 τοῦ,
487 3937 679 3992 τοῦτον
702 3942 759 3993 ὲν
790 3941 1007 4010 ἐκείνῳ,
1040 3944 1294 3996 κάκεῖνον
1314 3944 1370 3995 ὲν
1406 3939 1583 4011 τούτῳ
1622 3939 1933 4011 φαίνεσθαι,

334 4031 433 4099 τὴν
464 4031 777 4102 ταύτότητα
800 4033 898 4103 τῆς
929 4032 1183 4105 θεότητος
1213 4035 1308 4088 καὶ
1341 4035 1439 4105 τῆς
1471 4033 1660 4096 οὐσίας
1688 4032 1789 4103 τὴν
1820 4033 1937 4085 ἐνό-

334 4139 477 4192 τητα
514 4123 703 4194 δείξῃ·
746 4123 839 4177 διά
866 4125 924 4179 δὲ
959 4125 1054 4179 τοῦ
1107 4126 1295 4199 ἕτερον
1335 4128 1393 4179 ἐν
1442 4125 1614 4196 ἑτέρῳ
1658 4120 1818 4189 εἶναι,
1860 4124 1936 4195 μὴ

334 4216 394 4268 ἓν
417 4232 473 4267 τι
501 4214 561 4268 ὃν
592 4216 651 4269 ἐν
682 4216 904 4287 ἀριθμῷ
948 4218 1141 4290 νοηθῇ,
1166 4219 1195 4272 6
1235 4220 1367 4280 ποτὲ
1421 4218 1519 4289 μὲν
1551 4218 1766 4288 Πατὴρ,
1805 4216 1938 4269 ποτὲ

335 4307 394 4359 δὲ
431 4307 561 4372 Υἱὸς
590 4308 813 4375 λέγεται
876 4309 993 4363 ἀλλ’
1034 4310 1206 4374 δντως
1228 4310 1515 4379 ὑφεστῶτα
1544 4307 1795 4381 Πατέρα,
1844 4308 1941 4361 καὶ

337 4400 633 4469 ὑφεστῶτα
659 4398 790 4454 Υίδν
822 4400 1220 4473 ιναργιστερον
1246 4400 1527 4473 ἀποδείξῃ.

1041 4494 1252 4547 ΑΛΛΟ.

420 4584 713 4656 ὍΠατὴρ
746 4585 841 4638 καὶ
870 4584 898 4638 6
930 4584 1060 4649 Υἱὸς
1088 4584 1160 4638 ἔν’
1190 4585 1290 4655 μέν
1317 4586 1424 4639 εἰσι
1458 4585 1600 4640 κατά
1630 4584 1813 4655 φύσιν,
1843 4583 1939 4639 δύο

2044 3407 2356 3463 necessario
2406 3405 2721 3475 utiliterque
2755 3401 3035 3472 explicans
3082 3400 3134 3455 id
3173 3398 3317 3469 quod
3362 3397 3530 3463 dixit,
3586 3406 3643 3451 et

2041 3500 2386 3555 manifestius
2430 3497 2775 3551 auditoribus
2816 3493 3043 3557 iaciens,
3085 3491 3237 3548 addit
3281 3491 3384 3545 hoc
3426 3507 3439 3543 :
3476 3509 3495 3542 ι
3531 3488 3641 3559 Ego

2041 3591 2093 3645 in
2129 3590 2312 3656 Patre,
2342 3597 2397 3643 et
2448 3587 2611 3642 Pater
2644 3588 2696 3641 in
2753 3601 2873 3653 me;
2910 3602 2929 3636 ι
2962 3594 3021 3638 ut
3053 3597 3149 3653 per
3192 3582 3317 3649 hnc,
3362 3581 3507 3650 quod
3554 3578 3641 3634 hic

2040 3682 2259 3753 quidem
2290 3681 2343 3735 in
2371 3679 2483 3746 illo,
2510 3679 2601 3735 ille
2621 3694 2751 3734 vero
2773 3678 2827 3732 in
2858 3676 2962 3733 huc
2984 3682 3271 3746 appareat,
3298 3672 3637 3728 identitatem

2041 3774 2258 3829 deitatis
2300 3782 2356 3828 et
2413 3771 2667 3829 essentize
2726 3770 2991 3826 unitatem
3051 3769 3424 3831 demnnstret;
3475 3773 3643 3835 utque

2040 3878 2138 3935 per
2169 3862 2221 3918 id
2255 3862 2398 3932 quod
2429 3860 2568 3917 alter
2608 3860 2661 3915 in
2700 3860 2875 3914 altero
2922 3859 3018 3922 sit,
3058 3872 3164 3912 non
3197 3871 3362 3912 unum
3412 3869 3639 3910 numero

2042 3970 2162 4012 esse
2190 3956 2546 4026 intelligatur,
2598 3953 2744 4025 quod
2789 3950 3085 4021 aliquando
3116 3950 3300 4014 Pater,
3342 3947 3641 4018 aliquando

2041 4049 2214 4104 Filius
2236 4056 2491 4113 vocetur;
2525 4046 2619 4101 sed
2655 4058 2782 4100 vere
2804 4053 2968 4113 atque
2998 4042 3342 4114 hypostatice
3373 4041 3642 4095 exsistere

2040 4146 2289 4210 Patrem,
2323 4158 2453 4198 vere
2513 4141 2679 4195 etiam
2746 4148 2911 4209 atque
2956 4135 3301 4209 hypostatice
3367 4133 3638 4191 exsistere

2042 4235 2239 4290 Filium
2273 4230 2724 4289 manifestissime
2750 4228 3035 4285 ostendat.

2624 4492 2787 4564 ιιο
2822 4489 3050 4546 ALIUD.

2112 4588 2275 4645 Pater
2292 4598 2349 4644 et
2379 4587 2551 4643 Filius
2584 4602 2752 4641 unum
2782 4584 3006 4655 quidem
3038 4591 3167 4640 sunt
3214 4581 3511 4639 secundum
3548 4598 3646 4637 na-

337 4674 396 4727 se
436 4675 496 4727 ὲν
521 4672 764 4744 ἀριθμῷ,
790 4674 889 4744 οὐχ
916 4672 993 4736 ὡς
1031 4673 1152 4737 ἑνός
1186 4691 1335 4735 τινος
1367 4675 1447 4740 είς
1472 4674 1567 4728 δύο
1588 4675 1934 4745 καταδιαιρε-

2049 4690 2247 4745 turam,
2288 4681 2397 4737 duo
2438 4694 2569 4735 vero
2616 4692 2879 4746 numero;
2932 4691 3109 4748 neque
3152 4676 3228 4732 ita
3272 4691 3339 4733 ac
3377 4675 3425 4731 si
3475 4690 3643 4731 unum

342 4767 533 4831 Θέντος
570 4766 736 4838 μέρη,
774 4766 849 4831 ὡς
888 4761 1030 4820 εἶναι
1058 4764 1247 4819 λοιπὸν
1278 4768 1378 4839 τῆς
1406 4766 1543 4839 πρὸς
1580 4766 1786 4837 ἄλληλα
1827 4783 1943 4820 κοι-

343 4858 542 4923 νωνίας
582 4876 642 4913 τε
672 4860 769 4913 καὶ
820 4860 1058 4930 σχέσεως
1098 4858 1381 4930 ἀμέτοχα,
1424 4858 1571 4919 οὔτε
1593 4858 1701 4930 μὴν
1734 4859 1810 4923 ὡς
1847 4858 1943 4913 τοῦ

344 4950 513 5007 αὐτοῦ
553 4952 649 5005 καὶ
679 4951 798 5014 ἑνὸς
823 4951 1020 5017 διττοῖς
1052 4951 1317 5031 ὀνόμασιν
1349 4951 1825 5022 ἀποκαλουμένου,
1852 4950 1941 5004 ῐνα

344 5048 402 5100 ιν
443 5046 579 5117 μόνῃ
611 5043 955 5116 προσηγορίᾳ
982 5045 1240 5118 φαίνηται
1266 5044 1367 5114 τῆς
1399 5042 1590 5107 δυάδος
1618 5044 1651 5115 ἡ
1684 5042 1941 5113 δύναμις·

343 5138 469 5192 οὐδὲ
506 5138 583 5200 ὡς
621 5135 721 5189 τού
747 5134 915 5191 αὐτοῦ
961 5136 1093 5191 ποτὲ
1136 5138 1235 5208 μὶν
1276 5136 1512 5207 Πατρός,
1548 5134 1679 5189 ποτὲ
1721 5134 1777 5188 δὲ
1810 5132 1944 5188 Υίοῦ

344 5223 668 5299 λεγομένου,
702 5228 865 5283 τοῦτο
898 5227 1003 5299 γάρ
1034 5227 1330 5283 Σαϐελλίου
1356 5228 1416 5282 τδ
1447 5229 1647 5299 δόγμα,
1689 5226 1805 5282 ἀλλ’
1836 5228 1943 5281 εἰσὶ

351 5324 453 5393 μὲν
480 5320 700 5393 ἀριθμῷ
728 5320 850 5374 δύο’
882 5320 998 5375 ἔστι
1029 5320 1138 5391 γὰρ
1166 5322 1194 5373 6
1235 5319 1425 5393 Πατὴρ
1460 5320 1551 5374 ἀεὶ
1580 5320 1797 5392 Πατὴρ,
1820 5319 1943 5375 οὐδέ

349 5430 482 5468 ποτε
530 5414 611 5477 εἰς
659 5412 789 5467 Υιδν
847 5412 1347 5485 μεταποιούμενοςο
1384 5412 1477 5466 καὶ
1516 5412 1700 5479 πάλιν,
1748 5415 1776 5467 6
1817 5411 1947 5477 Υίὸς

347 5506 608 5561 οὐδέποτε
638 5507 718 5569 εἰς
746 5506 971 5577 Πατέρα
1008 5504 1497 5579 μεταϐαλλόμενος.
1526 5505 1683 5559 Οὕτω
1711 5505 1767 5561 δὲ
1792 5505 1947 5570 ὄντος

349 5599 449 5656 τοῦ
480 5602 827 5671 πράγματος,
854 5599 949 5654 καὶ
978 5601 1036 5653 ὲν
1064 5598 1215 5653 δυάδι
1245 5600 1505 5670 κειμένου
1556 5596 1652 5651 τοῦ
1687 5596 1946 5669 ἀριθμοῦ,

356 5694 457 5752 uia
486 5692 651 5763 φύσις
692 5690 1024 5763 ἀμφοτέροις
1058 5692 1156 5745 καὶ
1200 5692 1234 5761 ἠ
1273 5688 1413 5761 αὐτὴ
1452 5689 1675 5759 θεότης,
1711 5690 1950 5755 ἐοικότος

353 5790 445 5843 ἀεὶ
474 5795 572 5843 τοῦ
602 5788 943 5858 γεννήματος
971 5785 1050 5857 τῷ
1081 5782 1438 5855 γεγεννηκότι
1476 5782 1745 5853 φυσικῶς.
1772 5780 1952 5837 Είκὼν

354 5882 468 5954 γάρ
494 5882 634 5951 ἐστι,
670 5880 762 5937 καὶ
788 5876 1150 5951 ἀπαύγασμα,
1181 5877 1275 5933 καὶ
1302 5876 1587 5949 χαρακτὴρ
1599 5878 1698 5949 τῆς
1718 5876 1953 5934 ὑποστάς

2052 4772 2266 4844 aliquod
2292 4772 2344 4827 in
2376 4771 2511 4827 duas
2542 4780 2725 4840 partes
2747 4770 3100 4836 divideretur,
3130 4777 3191 4823 ut
3218 4784 3249 4823 a
3280 4776 3470 4823 mutua
3502 4768 3646 4826 inter

2046 4881 2104 4923 se
2173 4864 2435 4921 societate
2499 4862 2929 4935 habitudineque
2991 4863 3387 4934 sejungantur,
3468 4877 3645 4931 neque

2045 4971 2239 5014 rursus
2268 4956 2341 5011 ita
2374 4965 2433 5012 ut
2463 4970 2630 5011 unum
2668 4963 2835 5025 atque
2880 4955 3025 5011 idem
3069 4954 3284 5011 duobus
3332 4955 3647 5011 nominibus

2044 5059 2291 5117 vocetur,
2325 5058 2383 5105 ut
2408 5050 2462 5105 in
2494 5065 2602 5104 una
2634 5046 2998 5119 appellatione
3025 5046 3306 5103 dualitatis
3343 5048 3520 5104 virtus
3549 5063 3646 5119 ap-

2045 5148 2265 5210 pareat;
2320 5153 2500 5210 neque
2531 5146 2591 5193 ut
2620 5138 2764 5195 idem
2800 5136 3097 5207 aliquando
3124 5135 3306 5202 Pater,
3349 5137 3646 5208 aliquando

2052 5229 2224 5286 Filius
2247 5230 2480 5295 dicatur,
2519 5230 2627 5288 hoc
2652 5229 2799 5285 enim
2850 5227 3071 5285 Sabellii
3103 5228 3293 5300 dogma
3317 5238 3427 5292 est,
3450 5229 3545 5284 sed
3587 5240 3647 5284 ut

2052 5326 2161 5379 sint
2184 5322 2288 5377 duo
2310 5337 2538 5380 numero
2561 5340 2579 5379 ι
2600 5336 2728 5377 nam
2759 5318 2922 5376 Pater
2942 5334 3158 5389 semper
3182 5330 3263 5375 est
3291 5316 3477 5386 Pater,
3511 5336 3650 5375 nun-

2054 5428 2217 5484 quam
2246 5413 2300 5468 in
2332 5412 2525 5468 Filium
2557 5420 2799 5468 mutatus
2829 5428 2844 5467 :
2874 5419 2930 5467 et
2975 5409 3146 5469 Filius
3177 5423 3396 5480 semper
3423 5419 3507 5466 est
3552 5408 3647 5467 Fi-

2053 5507 2180 5570 lius,
2208 5521 2483 5577 nunquam
2514 5504 2570 5562 in
2611 5503 2832 5562 Patrem
2873 5512 3139 5561 mutatus.
3178 5502 3426 5575 Cumque
3468 5502 3543 5558 ita
3590 5519 3649 5558 se

2050 5613 2138 5655 res
2169 5598 2389 5666 habeat,
2416 5606 2473 5654 et
2498 5598 2571 5653 sit
2605 5611 2833 5653 numero
2864 5596 3103 5655 dualitas
3128 5610 3509 5667 personarum,
3540 5609 3648 5649 una

2048 5690 2268 5759 utrique
2309 5697 2396 5745 est
2438 5698 2653 5756 natura,
2684 5688 2987 5758 eademque
3025 5686 3203 5744 deitas
3228 5725 3243 5753 ,
3299 5701 3425 5741 cum
3477 5683 3651 5741 Filius

2051 5795 2269 5853 semper
2303 5780 2374 5837 sit
2417 5780 2615 5837 similis
2642 5780 2692 5834 ei
2736 5779 2828 5850 qui
2884 5778 3213 5835 naturaliter
3269 5792 3393 5832 eum
3437 5773 3646 5847 genuit.

2051 5875 2146 5935 Est
2188 5874 2333 5932 enim
2368 5872 2570 5946 imago,
2612 5882 2667 5932 et
2716 5870 2991 5945 splendor,
3040 5882 3094 5931 ct
3149 5874 3436 5931 character
3480 5871 3653 5940 hypo-
