3968 6470
486 446 590 504 185

1462 447 1521 503 S.
1563 446 1836 503 CYRILLI
1871 447 2337 506 ALEXANDRINI
2377 447 2693 507 ARCHIEP.

3619 439 3721 496 184

485 567 692 612 staseos
707 570 955 627 essenth
975 556 1151 613 Patris
1172 556 1355 613 Filius.
1378 557 1514 613 Nam
1537 559 1637 615 hac
1650 560 1856 618 ratione
1876 576 2036 616 unum

2148 578 2282 627 σεως
2322 562 2423 633 τῆς
2454 564 2550 617 τοῦ
2592 560 2801 648 Παῖρδς
2836 556 3023 619 οὐσίας
3110 554 3255 618 Υἱός.
3277 551 3443 648 ρῦτιυ
3479 550 3585 621 γὰρ
3610 550 3720 648 ἕνα

484 648 710 703 dicimus
738 663 856 703 esse
890 648 1079 716 Deum,
1124 651 1193 704 ob
1236 650 1571 705 identitatem
1618 660 1823 708 natura:
1864 652 2044 711 Patris

483 754 601 793 cum
628 737 764 794 Filio
794 779 808 805 ,
837 749 891 795 et
922 739 1041 796 Filii
1078 756 1198 797 cum
1224 741 1401 797 Patre.

1149 870 1375 929 ALIUD.

550 960 1005 1028 Quemadmodum
1030 975 1186 1016 nemo
1207 963 1402 1018 dixerit
1422 964 1755 1034 splendorem
1780 978 1937 1033 quem
1963 964 2043 1019 sol

478 1068 546 1108 ex
585 1068 644 1108 se
686 1053 902 1117 emittit,
936 1052 1078 1107 aliud
1119 1066 1175 1108 et
1211 1055 1482 1110 diversum
1522 1066 1710 1109 natura
1756 1056 1931 1108 lumen
1976 1056 2044 1109 ab

478 1145 570 1199 illo
599 1159 940 1214 esse,rneque
978 1146 1386 1219 participatione
1414 1148 1643 1216 quadam
1691 1155 1851 1215 atque
1888 1147 2042 1201 babi~

480 1235 659 1289 tudine
702 1250 769 1290 ex
821 1236 937 1305 ipso
993 1237 1107 1292 sole
1156 1238 1286 1292 illud
1337 1238 1453 1293 ﬁeri
1484 1238 1770 1307 iudicabit,
1805 1239 1898 1292 sed
1950 1253 2042 1292 na.

479 1326 724 1383 turaliter
747 1343 812 1382 ex
842 1328 959 1395 ipso
990 1328 1161 1382 emitti
1187 1344 1201 1393 ;
1246 1336 1301 1383 et
1326 1329 1427 1384 duo
1455 1330 1669 1399 quidem
1698 1328 1899 1383 lumina
1924 1344 2044 1385 esse

479 1418 685 1472 ratione
720 1419 1003 1487 percipiet,
1049 1434 1212 1474 unum
1250 1426 1443 1477 tamen-
1470 1428 1659 1474 natura
1709 1438 1722 1475 :
1762 1421 1835 1474 ita
1881 1422 2042 1474 etiam

478 1521 634 1561 nemo
658 1516 802 1562 recte
836 1508 1128 1573 censuerit,
1176 1509 1386 1563 tametsi
1428 1507 1587 1563 Pater
1633 1517 1688 1562 et
1730 1507 1901 1563 Filius
1938 1511 2046 1564 sint

476 1610 701 1652 numero
733 1597 856 1659 duo,
886 1598 1153 1652 diversum
1184 1613 1304 1653 esse
1351 1598 1542 1652 Filium
1579 1613 1609 1652 a
1636 1596 1797 1653 Patre
1837 1599 2046 1655 ratione

478 1689 697 1744 ticitatis
732 1698 786 1745 et
820 1690 1112 1746 identitatis
1140 1691 1407 1746 essentne.
1438 1690 1544 1746 Sed
1572 1692 1713 1747 sicut
1758 1691 1839 1745 sol
1871 1699 1955 1745 est
1988 1690 2042 1745 itt

506 1780 760 1846 plendore
796 1794 955 1848 quem
993 1794 1058 1833 ex
1090 1795 1160 1834 se
1188 1780 1406 1845 emittit,
1437 1789 1491 1834 et
1522 1779 1771 1850 splendor
1803 1779 1854 1832 in
1879 1778 1991 1833 sole
2012 1794 2043 1841 a

479 1871 787 1948 quo_exit:
838 1872 910 1927 ita
945 1872 1108 1927 etiam
1157 1871 1317 1927 Pater
1366 1873 1418 1926 in
1472 1872 1631 1937 Filio,
1662 1880 1717 1926 et
1762 1871 1930 1927 Filius
1984 1872 2038 1925 in

476 1941 660 2025 Patre;
691 1975 914 2016 numero
954 1960 1171 2030 quidem
1217 1962 1268 2016 in
1301 1961 1434 2016 duas
1475 1975 1733 2031 personas
1778 1959 2037 2025 distincti,
2072 1941 2113 1997 Β

476 2066 640 2122 atque
685 2052 759 2138 ita
806 2052 1141 2125 hypostatice
1186 2053 1532 2119 exsistentes,
1573 2053 1857 2110 identitate
1911 2069 2042 2111 vero

476 2142 683 2199 natura
710 2143 766 2199 in
800 2159 961 2199 unam
987 2144 1236 2201 deitatem
1262 2145 1488 2200 redacti.

1143 2344 1367 2401 ALIUD.

546 2432 605 2490 Si
626 2436 746 2506 quis
764 2436 997 2492 divinam
1021 2436 1357 2508 Scripturam
1374 2448 1627 2494 accurate
1651 2443 2038 2508 perscrutetur,

472 2526 713 2582 inveniet
745 2527 933 2582 iisdem
965 2528 1273 2585 nominibus
1296 2538 1546 2585 vocatum
1586 2528 1805 2593 Filium,
1847 2528 2042 2597 quibus

472 2628 528 2673 et
557 2616 741 2683 Pater,
782 2629 1005 2689 excepto
1046 2621 1187 2690 quod
1231 2637 1336 2677 non
1387 2623 1598 2677 dicatur
1640 2620 1832 2686 Pater;
1882 2617 2042 2691 idque

473 2708 594 2763 vice
619 2723 775 2763 versa
802 2707 1018 2763 Patrem
1048 2714 1343 2781 comperiet
1376 2713 1567 2768 iisdem
1611 2712 1915 2771 nominibus
1951 2726 2042 2765 vo-

473 2797 585 2852 cari
628 2797 868 2864 Patrem,
917 2800 1109 2869 quibus
1157 2800 1343 2868 Filius,
1405 2818 1469 2857 eo
1505 2811 1728 2869 excepto
1754 2800 1894 2869 quod
1935 2815 2038 2853 non

473 2890 685 2944 dicatur
731 2889 899 2945 Filius
932 2908 944 2943 :
978 2892 1120 2961 quod
1170 2892 1386 2961 quidem
1443 2891 1740 2947 manifestis
1783 2889 2041 2960 exemplis

472 2979 690 3049 probari
712 2989 906 3050 potest.
927 2980 1281 3050 Omnipotens
1296 2981 1477 3048 Pater,
1497 2983 1690 3037 dicitur
1710 2992 1763 3037 et
1785 2984 1849 3036 de
1870 2981 2036 3036 Filio:

480 3088 499 3120 ι
520 3068 644 3125 Haec
666 3070 794 3125 dicit
813 3071 903 3140 qui
923 3082 1061 3139 erat,
1079 3075 1168 3142 qui
1188 3083 1444 3128 venturus
1461 3083 1563 3141 est,
1584 3074 1921 3142 omnipotens
1936 3073 2000 3127 ⁸ο.
2015 3091 2034 3123 ι

476 3160 734 3217 Dominus
756 3161 948 3229 Pater;
970 3173 1024 3218 et
1061 3182 1079 3215 ι
1109 3162 1253 3219 Unus
1274 3166 1528 3220 Dominus
1552 3164 1707 3220 Jesus
1735 3166 2033 3221 ChrlStusa

2147 652 2325 723 φαμὲν
2354 649 2488 706 εἶναι
2516 649 2647 705 Θεὸν
2668 639 2754 704 ἃᾶ
2778 648 2877 720 τὴν
2903 644 3204 713 ταυτότητα
3241 644 3338 713 τῆς
3370 639 3583 711 φύσεως
3610 640 3721 692 Πα-

2144 743 2269 813 τρδς
2304 741 2604 811 πρδςΪίὸν,
2634 738 2728 793 καὶ
2756 736 2883 790 Υίοῦ
2914 733 3049 805 πρὸς
3086 730 3324 801 Πατέρα.

2828 848 3028 903 ΔΛΛΟ.

2216 945 2425 1014 Ὠσπερ
2457 944 2516 998 τὸ
2561 944 2624 996 ὲκ
2658 940 2749 995 τοῦ
2785 940 2944 1012 ,ἡλίου
2979 933 3329 1006 πεμπόμενον
3376 927 3719 999 ἀπαύγασμα

2144 1036 2244 1089 οὐκ
2271 1035 2335 1089 ἄν
2369 1051 2453 1098 τις
2495 1034 2637 1087 εἴποι
2669 1030 2809 1085 κατὰ
2839 1029 3001 1098 φύσιν
3032 1027 3219 1096 ἕτερον
3256 1017 3394 1076 εἶναι
3424 1020 3541 1090 φῶς
3585 1016 3718 1087 παρ’

2145 1130 2375 1192 ἐκεῖνον,
2414 1126 2446 1197 ἢ
2489 1125 2631 1179 κατὰ
2666 1122 2957 1195 μετουσίαν
2993 1118 3115 1172 τινὰ
3163 1116 3257 1170 καὶ
3305 1112 3487 1184 σχέσιν
3524 1110 3624 1179 τὴν
3659 1108 3719 1173 ἐξ

2145 1221 2308 1277 αὑτοῦ
2335 1222 2543 1275 τοιοῦτο
2569 1219 2835 1289 γίνεσθαι,
2870 1215 2985 1269 ἀλλ’
3009 1213 3177 1274 ὅντως
3222 1209 3379 1278 φύσει
3423 1204 3610 1277 προϊὸν
3658 1202 3719 1268 ἐξ

2143 1312 2330 1377 αὑτοῦ,
2358 1313 2453 1366 καὶ
2479 1311 2573 1364 δύο
2599 1310 2695 1381 μὲν
2721 1308 2890 1362 ταῦτα
2913 1306 3066 1375 φῶτα
3095 1300 3212 1356 κατ’
3237 1299 3477 1352 ἐπίνοιαν
3501 1294 3716 1364 ὁρᾶται,

2144 1401 2201 1455 ἓν
2224 1401 2281 1455 δέ
2318 1402 2424 1454 εἰσι
2454 1400 2594 1455 κατὰ
2625 1398 2808 1468 φύσιν·
2839 1395 3011 1458 οὕτως
3044 1394 3142 1447 οὐκ
3173 1390 3238 1446 ἄν
3261 1406 3345 1451 τις,¹
3379 1384 3635 1452 εὐλόγως,
3669 1382 3721 1434 εί

2144 1494 2239 1547 καὶ
2280 1494 2358 1555 είς
2387 1492 2552 1547 δυάδα
2584 1491 2833 1561 τέμνοιτο
2872 1483 3086 1556 Πατρός
3132 1500 3191 1535 τε
3226 1482 3319 1534 καὶ
3358 1477 3491 1531 Υίοῦ
3522 1478 3550 1528 6
3598 1476 3720 1544 ἀρι-

2145 1585 2300 1656 θμὸς,
2328 1584 2510 1655 ἕτερόν
2533 1600 2585 1635 τι
2616 1581 2767 1651 παρὰ
2788 1580 2878 1632 τὸν
2910 1574 3128 1645 Πατέρα
3164 1573 3279 1642 ἐρεῖ
3304 1569 3392 1622 τὸν
3422 1566 3571 1630 Υίὸν,
3595 1565 3720 1656 ὅσον

2146 1654 2225 1740 είς
2260 1676 2357 1747 τὴν
2384 1654 2611 1744 θεότητα
2636 1673 2730 1727 καὶ
2761 1671 2857 1742 τὴν
2887 1667 3186 1735 ταυτότητα
3216 1662 3313 1734 τῆς
3336 1659 3542 1721 οὐσίας.
3578 1654 3721 1709 Ἀλλ’

2145 1749 2334 1838 ὥσπερ
2361 1769 2389 1820 6
2417 1767 2566 1837 ἥλιος
2597 1766 2654 1817 ὲν
2687 1763 2763 1834 τῷ
2796 1756 3186 1829 ἁπαυγάσματί
3214 1757 3329 1807 ἐστι
3358 1751 3433 1822 τῷ
3465 1750 3523 1816 ἐξ
3553 1747 3720 1838 who?

2148 1832 2496 1933 προελθόντι,
2530 1856 2626 1910 καὶ
2658 1832 3091 1920 τδγὰπαύγασμα
3127 1850 3183 1901 ὲν
3221 1845 3299 1916 τῷ
3346 1844 3481 1915 ηλίῳ
3522 1840 3614 1933 ἀφ’
3656 1832 3719 1894 οὗ

2142 1931 2235 2006 καὶ
2260 1949 2501 2021 ἐξῆλθεν,
2537 1946 2708 2006 οὕτως
2747 1944 2864 1998 ἐστὶ
2898 1942 3085 2011 Πατὴρ
3115 1940 3172 1993 ὲν
3204 1937 3341 2007 Υίῷ,
3373 1936 3467 1988 καὶ
3498 1931 3625 2021 Υίδς
3660 1932 3721 1984 ὲν

2143 2018 2352 2111 Πατρὶ,
2373 2036 2588 2110 ἀριθμῷ
2624 2036 2721 2106 μὲν
2757 2035 2835 2096 είς
2873 2031 3036 2084 δυᾶδα
3068 2027 3409 2099 τεμνόμενοι,
3439 2023 3535 2076 καὶ
3566 2018 3723 2081 ὅντες

2142 2130 2313 2194 οὕτως
2340 2132 2395 2184 ὲν
2423 2127 2734 2190 ὑποστάσει,
2763 2128 2831 2195 τῇ
2866 2123 2923 2176 δὲ
2953 2120 3237 2191 ταυτότητι
3262 2118 3361 2188 τῆς
3400 2114 3613 2185 φύσεως
3638 2112 3722 2175 είς

2146 2223 2276 2295 μίαν
2301 2221 2651 2291 σφιγγόμενοι
2682 2217 2930 2287 θεότητα.

2828 2326 3029 2383 ΑΛΛΟ.

2212 2429 2280 2484 Εἴ
2318 2447 2400 2493 τις
2446 2424 2685 2499 ἀκριόὦς
2717 2422 2965 2488 ἐξετάσαι
3011 2419 3109 2485 τὴν
3155 2416 3304 2470 θείαν
3341 2410 3582 2483 Γραφὴν,
3627 2406 3721 2499 εὑ-

2144 2523 2301 2594 ρήσει
2333 2498 2606 2581 τοσούτοις
2656 2515 2913 2585 ὀνόμασιν
2958 2505 3404 2575 ἁποκαλούμενον
3436 2502 3529 2555 τὸν
3566 2498 3718 2594 Υίδν,

2142 2589 2398 2681 δσοισπερ
2420 2609 2484 2663 ἂν
2514 2608 2609 2661 ίδοι
2640 2606 2733 2659 καὶ
2757 2603 2848 2657 τὸν
2882 2600 3125 2672 Πατέρα,
3160 2598 3281 2667 δίχα
3319 2594 3479 2666 μόνον
3506 2590 3601 2644 τοῦ
3633 2589 3722 2642 λέ·-

2142 2701 2334 2772 γεσθαι
2366 2698 2615 2769 Πατέραο
2646 2696 2737 2750 καὶ
2767 2694 2929 2747 πάλιν
2959 2693 3052 2747 ἐπὶ
3094 2689 3304 2761 [ἰατρὸς
3333 2686 3429 2757 τὴν
3470 2684 3593 2753 ίσην
3624 2684 3720 2735 ἀν·

2140 2793 2454 2863 τιστροφὴν,
2483 2787 2754 2849 τοσούτοις
2780 2786 3036 2856 ὀνόμασιν
3063 2779 3503 2849 ἁποχαλοὺμενον
3534 2774 3716 2863 αὐτδν,

2140 2885 2282 2945 ὅσοις
2309 2882 2398 2936 καὶ
2422 2882 2448 2933 6
2475 2878 2618 2941 Υἱὸς,
2645 2876 2770 2947 δίχα
2802 2875 2959 2946 μόνον
2986 2870 3078 2925 τοῦ
3110 2868 3358 2938 λέγεσθαι
3393 2864 3535 2921 Υίόν.
3560 2862 3719 2927 Ἥξει

2140 2972 2198 3025 δὲ
2226 2973 2357 3041 ἡμῖν
2387 2969 2479 3022 καὶ
2507 2968 2573 3020 δι’
2609 2963 2852 3037 ἐναργῶν
2885 2962 3209 3027 ἀποδείξεων
3235 2961 3263 3012 6
3294 2957 3469 3025 λόγος.
3514 2954 3719 3007 Παντοο

2143 3065 2364 3137 κράτωρ
2387 3065 2413 3115 6
2438 3059 2648 3131 Πατὴρ,
2679 3058 2901 3128 φέρεται
2930 3054 3022 3108 καλ⁴
3047 3055 3127 3121 ἐφ’
3154 3051 3283 3105 Υἱοῦ
3306 3067 3317 3079 ·
3348 3068 3365 3101 ι
3394 3046 3533 3101 Τάδε
3570 3046 3721 3112 λέγει

2140 3160 2168 3210 6
2204 3152 2290 3227 ἦν,
2320 3156 2347 3206 6
2376 3152 2698 3223 ἐρχόμενος,
2738 3150 2767 3201 6
2806 3144 3217 3218 παντοκράτωρ,
3249 3161 3265 3192 ι
3302 3140 3516 3223 Κύριος.
3540 3140 3567 3191 6
3604 3139 3722 3190 Πα-

473 3254 678 3310 Lumen
716 3253 874 3309 Pater
901 3268 916 3308 :
952 3255 1081 3311 dicit
1124 3267 1177 3311 et
1208 3254 1372 3312 Filius
1401 3275 1413 3311 :
1447 3276 1464 3309 ι
1490 3259 1597 3325 Ego
1627 3273 1743 3313 sum
1773 3259 1859 3312 lux
1892 3275 2042 3313 utun-

2148 3247 2269 3317 τὴρ,
2330 3246 2421 3298 καὶ
2467 3262 2485 3295 ι
2520 3238 2614 3305 Εἷς
2660 3239 2889 3312 Κύριος,
2916 3236 3121 3308 Ἰησοῦς
3188 3232 3444 3326 Χριστός.
3473 3250 3490 3281 ι
3514 3230 3658 3326 ᾼΦῶς
3691 3229 3723 3326 6

474 3344 531 3397 di
556 3344 624 3398 ⁸⁸.
664 3362 683 3396 ι
716 3342 878 3398 Pater
917 3346 1137 3400 remittit
1166 3359 1385 3415 peccata
1415 3363 1430 3403 :
1459 3349 1686 3403 remittit
1729 3360 1781 3403 et
1824 3349 1993 3404 Filius
2023 3362 2036 3403 :

484 3455 502 3487 ι
532 3432 603 3491 Ut
622 3436 806 3491 sciatis
831 3437 1000 3501 enim,
1030 3437 1224 3507 inquit,
1254 3439 1393 3507 quod
1425 3437 1595 3493 Filius
1626 3440 1857 3494 hominis
1882 3441 2043 3495 habet

477 3528 794 3590 potestatem
826 3524 1043 3579 interra
1073 3526 1373 3580 remittendi
1397 3537 1613 3595 peccata
1638 3528 1705 3581 ".
1735 3548 1752 3579 ι
1780 3527 2042 3595 Quoniam

478 3613 641 3681 igitur
686 3614 865 3670 omnia
911 3615 1092 3671 insunt
1127 3614 1282 3677 Filio,
1326 3632 1443 3685 qua;
1476 3616 1644 3683 Patri,
1689 3633 1815 3673 vere
1862 3619 2039 3673 dicit:

478 3719 499 3753 ι
538 3701 727 3758 Omnia
756 3718 874 3773 quae
915 3705 1075 3759 habet
1113 3706 1266 3775 111
1292 3705 1469 3769 Pater,
1512 3723 1625 3762 mea
1670 3718 1797 3767 sunt
1825 3709 1888 3763 ".
1927 3728 1944 3759 ι
1980 3708 2046 3763 Ει

476 3808 663 3848 rursus
714 3795 779 3848 ad
819 3792 1035 3851 Patrem
1078 3811 1233 3850 suum
1283 3797 1539 3866 loquens,
1590 3800 1717 3853 dicit
1752 3819 1764 3854 :
1804 3820 1821 3850 ι
1853 3801 2045 3855 Omnia

476 3896 596 3935 mea
624 3868 748 3936 sunt
782 3892 894 3946 tua,
930 3895 985 3937 et
1014 3894 1100 3938 tua
1129 3895 1252 3939 sunt
1297 3901 1413 3939 mea
1445 3886 1511 3941 “.
1542 3906 1560 3939 ι
1599 3887 1655 3944 Si
1700 3904 1826 3959 ergo
1864 3890 2044 3944 omnia

476 3988 598 4038 quae
648 3972 828 4026 insunt
863 3972 1033 4037 Patri,
1077 3974 1255 4028 insunt
1296 3983 1351 4029 et
1394 3974 1549 4041 Filio,
1595 3986 1651 4031 et
1692 3993 1721 4031 e
1754 3980 2042 4044 contrario,

477 4076 806 4132 quaecunque
835 4063 1201 4131 insunt'Filio,
1228 4066 1414 4120 insunt
1439 4080 1491 4121 et
1522 4066 1687 4133 Patri,
1719 4084 1821 4123 non
1850 4072 2040 4124 menti-

479 4166 566 4207 tur
616 4169 737 4208 cum
782 4153 957 4207 dicit:
995 4172 1012 4204 ι
1048 4154 1158 4225 Ego
1197 4157 1248 4208 in
1288 4154 1466 4221 l’alre,
1509 4165 1562 4212 et
1596 4156 1757 4213 Pater
1788 4160 1838 4213 in
1878 4174 1981 4223 me,
2018 4178 2037 4211 ι

476 4258 598 4297 cum
630 4258 813 4298 eorum
847 4260 965 4313 quae
992 4246 1172 4300 insunt
1207 4242 1460 4304 identitas
1496 4249 1546 4302 in
1581 4250 1839 4303 dualitate
1860 4265 2045 4318 perso-

478 4350 666 4389 narum
697 4336 899 4405 absque
941 4337 1045 4391 ulla
1079 4340 1378 4393 ditrcrentia
1424 4352 1701 4410 appareat.
1737 4342 1887 4409 Quod
1920 4358 2041 4395 cum

476 4441 665 4495 verum
695 4429 914 4481 omnino
946 4429 1047 4491 sit;
1076 4431 1347 4497 proprium
1394 4440 1538 4485 certe
1576 4433 1822 4501 genimen
1860 4433 2044 4487 Patris

479 4524 564 4571 est
582 4514 753 4569 Filius
784 4530 798 4569 :
826 4530 1001 4584 neque
1026 4517 1169 4569 enim
1193 4518 1423 4587 gestavit
1464 4520 1760 4573 secundum
1792 4529 2039 4576 naturam

2147 3335 2358 3407 Πατὴρ,
2398 3334 2544 3402 λέγει
2580 3333 2674 3386 καὶ
2715 3333 2744 3384 6
2776 3330 2932 3393 Υἱός·
2972 3346 2990 3379 ι
3035 3326 3178 3394 Ἐγώ
3226 3326 3340 3395 είμι
3370 3321 3431 3375 τὸ
3464 3320 3591 3390 φῶς·
3627 3318 3720 3373 τοῦ

2146 3426 2371 3496 κόσμου.
2398 3441 2415 3474 ι
2460 3424 2517 3474 Ὀ
2547 3419 2735 3491 Πατὴρ
2774 3419 2996 3489 ἀφίησιν
3039 3413 3315 3487 ἁμαρτίας
3336 3428 3350 3442 ο
3394 3412 3536 3463 ποιεῖ
3565 3408 3724 3461 τοῦτο

2145 3518 2239 3571 καὶ
2267 3518 2295 3567 6
2331 3514 2487 3576 Υίός⁸
2530 3530 2546 3563 ι
2580 3498 2696 3564 Ἵνα
2750 3511 2879 3580 γὰρ,
2920 3508 3103 3577 φησὶν,
3144 3504 3318 3573 εἰδῆτε
3351 3503 3432 3555 ὅτι
3475 3497 3724 3565 ἐξουσίαν

2144 3605 2255 3676 ἔχει
2287 3604 2314 3657 6
2340 3605 2466 3666 Υἱὸς
2495 3600 2586 3656 τοῦ
2614 3600 2901 3670 ἀνθρώπου
2933 3598 3027 3650 ἐπὶ
3052 3596 3153 3666 τῆς
3179 3596 3282 3664 γῆς
3306 3592 3524 3661 ἀφιέναι
3552 3591 3725 3660 ἁμαρο

2144 3699 2284 3761 τίας.
2319 3716 2336 3748 ι
2381 3679 2599 3765 Ἐπειδῆ
2641 3693 2821 3746 τοίνυν
2855 3690 3030 3744 πάντα
3073 3688 3333 3758 πρόσεστι
3366 3682 3442 3755 τῷ
3472 3682 3587 3753 Υἱῷ
3625 3682 3725 3735 ὅσα

2145 3790 2238 3843 καὶ
2278 3790 2333 3841 ὲν
2357 3786 2432 3858 τῷ
2467 3786 2662 3854 Πατρὶ,
2693 3782 2971 3854 ἀληθεύων
2999 3780 3145 3847 λέγει
3166 3796 3178 3811 ·
3217 3798 3235 3829 ι
3268 3777 3454 3831 Πάντα
3482 3775 3580 3828 ὅσα
3610 3773 3725 3844 ἔχει

2145 3882 2173 3933 6
2202 3879 2419 3950 Πατὴρ,
2468 3877 2577 3947 ὲμά
2617 3879 2747 3930 ἐστι.
2782 3896 2799 3928 ι
2850 3874 2961 3928 Καὶ
3002 3873 3165 3927 πάλιν
3215 3870 3350 3941 πρὸς
3394 3868 3483 3922 τὸν
3527 3865 3723 3921 ἑαυτοῦ

2146 3970 2365 4039 Πατέρα
2393 3971 2518 4032 τοὺς
2558 3968 2748 4035 λόγους
2800 3966 3120 4036 ποιούμενος
3172 3963 3401 4032 φάσκει·
3435 3978 3452 4011 ι
3485 3958 3565 4012 Τὰ
3616 3957 3725 4029 ὲμὶ

2145 4062 2321 4115 πάντα
2356 4061 2585 4123 σά“ὲστι,
2616 4060 2712 4113 καὶ
2743 4059 2809 4111 τὰ
2839 4059 2907 4111 σὰ
2939 4058 3101 4128 ἐμά.»
3134 4056 3193 4109 Et
3225 4055 3403 4108 τοίνυν
3430 4054 3528 4106 ὅσα
3559 4052 3725 4121 πρόσ-

2144 4166 2259 4203 εστι
2290 4149 2367 4219 τῷ
2397 4148 2602 4218 Πατρῑ,
2642 4146 2813 4200 ταῦτα
2862 4148 2954 4200 καὶ
2984 4147 3061 4217 τῷ
3094 4146 3237 4215 Υίῷ’
3284 4146 3379 4197 καὶ
3410 4143 3592 4206 πάλιν,
3624 4143 3726 4196 ὅσα

2146 4240 2402 4311 πρόσεστι
2431 4239 2507 4309 τῷ
2535 4237 2668 4309 Υἱῷ,
2692 4238 2863 4299 ταῦτα
2903 4238 2997 4290 καὶ
3029 4237 3105 4307 τῷ
3140 4238 3333 4305 Πατρὶ,
3370 4238 3432 4289 οὗ
3465 4234 3724 4307 ψεύδεται

2143 4330 2315 4398 λέγων
2335 4345 2349 4360 ⁸
2389 4348 2407 4381 t
2443 4330 2584 4399 Ἐγὼ
2608 4332 2666 4383 ὲν
2686 4330 2762 4400 τῷ
2798 4329 2991 4397 Πατρὶ,
3023 4330 3116 4382 καὶ
3141 4330 3169 4381 6
3197 4327 3407 4397 Πατὴρ’
3435 4330 3491 4379 ὲν
3527 4327 3670 4398 ἐμοί·
3700 4346 3719 4379 ι

2142 4424 2240 4493 τῆς
2274 4422 2383 4475 τῶν
2418 4422 2723 4493 προσόντων
2763 4422 3089 4491 ταυτότητος
3134 4423 3191 4472 ὲν
3234 4422 3300 4490 τῇ
3338 4418 3488 4471 δυάδι
3530 4436 3719 4488 φαινο-

2146 4514 2312 4585 μένης
2339 4514 2579 4586 ἀπαραλ)
2591 4514 2794 4576 ἀκτως.
2829 4512 3044 4583 Ἐπειδὴ
3073 4512 3129 4563 δὲ
3157 4510 3315 4563 τοῦτο
3348 4510 3563 4580 ἀληθὲς,
3592 4510 3724 4564 ίδιον

478 4621 542 4660 ea
563 4622 682 4676 quae
705 4606 974 4661 Genitoris
998 4617 1143 4672 sunt,
1175 4609 1274 4663 nisi
1302 4624 1365 4663 ex
1398 4611 1511 4679 ipso
1534 4620 1644 4671 est;
1666 4626 1841 4681 neque
1864 4614 2042 4669 insunt

2148 4603 2207 4657 ἂν
2237 4605 2320 4674 εἴη
2348 4605 2593 4675 γέννημα
2629 4604 2721 4657 τοῦ
2757 4604 2968 4674 Πατρὸς
3005 4604 3033 4655 6
3066 4602 3215 4665 Υἱός·
3244 4601 3303 4655 οὐ
3349 4600 3458 4671 γὰρ
3499 4602 3564 4654 ἂν
3596 4602 3721 4670 ὲφό‹

480 4694 625 4749 Patri
653 4710 713 4750 ea
744 4711 862 4765 qua:
896 4696 1015 4751 Filii
1055 4707 1197 4762 sunt,
1246 4700 1346 4753 nisi
1387 4699 1437 4754 id
1486 4701 1627 4770 quod
1670 4703 1905 4772 genitum
1937 4712 2041 4770 est,

480 4786 753 4857 proprium
779 4788 1026 4843 essentia
1051 4804 1160 4842 sua:
1190 4800 1350 4844 esset.

909 4965 1135 5033 ALIUD,
1168 4984 1261 5038 per
1287 4969 1595 5038 exemplum.

549 5082 1031 5149 Quemadmodum,
1071 5082 1118 5138 si
1154 5082 1276 5152 quis
1323 5083 1609 5154 imaginem
1650 5087 1851 5155 optime
1892 5087 2038 5158 depi-

477 5184 619 5229 ctam
649 5174 825 5229 videat
855 5183 1018 5243 atque
1053 5174 1373 5241 admiretur,
1422 5177 1561 5247 regis
1595 5178 1721 5233 item
1750 5180 1953 5234 vultum
1985 5189 2039 5235 et

480 5280 813 5334 quacunque
839 5265 891 5320 in
914 5264 1005 5319 illo
1019 5275 1314 5320 cernuntur
1336 5267 1533 5321 intueri
1552 5268 1605 5322 in
1632 5268 1822 5324 tabella
1848 5272 2036 5339 possit,

481 5355 748 5423 cupiditas
783 5355 931 5409 illum
976 5356 1213 5412 incessat
1260 5374 1439 5427 regem
1485 5357 1655 5426 ipsum
1696 5360 1907 5414 videndi
1940 5378 1953 5414 :
1984 5372 2040 5416 at

484 5447 671 5500 tabella
701 5447 891 5502 merito
915 5447 990 5502 illi
1029 5448 1209 5504 dicere
1236 5454 1405 5518 possit
1437 5468 1452 5504 :
1486 5449 1678 5505 Vidisti
1721 5466 1826 5513 me.
1863 5453 2037 5508 vidisti

478 5548 533 5592 et
584 5553 760 5606 regem
786 5557 800 5606 ;
828 5547 884 5594 et
927 5554 1188 5594 rursum:
1226 5540 1339 5609 Ego
1382 5552 1435 5596 et
1483 5557 1574 5596 rex
1623 5558 1784 5596 unum
1829 5558 2035 5607 sumus,

478 5638 737 5696 quantum
762 5631 826 5683 ad
848 5630 1140 5698 perfectam
1163 5631 1566 5687 similitudinem
1590 5634 1812 5698 attinet;
1842 5645 1893 5688 et
1921 5651 2038 5689 rur-

2149 4714 2271 4769 ρεσε
2309 4697 2449 4751 κατὰ
2484 4698 2644 4766 φύσιν
2678 4695 2747 4748 τὰ
2776 4695 2868 4748 τοῦ
2904 4695 3281 4767 γεννήσαντος,
3312 4693 3411 4747 οὐκ
3438 4692 3514 4746 ὢν
3545 4692 3603 4759 ἐξ
3625 4696 3723 4748 αὐ-

2142 4786 2256 4850 τοῦ,
2281 4787 2387 4839 οὐδ’
2408 4783 2474 4840 αὖ
2511 4785 2721 4857 προσῆν
2751 4783 2825 4855 τῷ
2854 4784 3026 4854 Πατρὶ
3055 4784 3123 4837 τὰ
3156 4781 3248 4836 τοῦ
3281 4784 3641 4853 γεννήματος,
3672 4783 3722 4837 ει

2147 4879 2221 4951 μὴ
2253 4881 2350 4951 τῆς
2385 4878 2570 4942 οὐσίας
2601 4876 2765 4931 αὐτοῦ
2799 4877 2927 4931 ίδιον
2957 4878 3170 4949 ὑπῆρχε
3201 4878 3262 4931 τὸ
3300 4876 3581 4948 γεννηθέν.

2475 4989 2700 5053 Ἄλλως
2728 4987 2805 5053 ὼς
2833 4987 2901 5051 ἐξ
2938 4987 3390 5058 ὑποδείγματος.

2216 5099 2425 5167 Ὠσπερ
2448 5096 2511 5150 ἂν
2535 5097 2682 5161 εἴτις
2710 5100 2789 5162 εἰς
2815 5099 2997 5153 εἰκόνα
3020 5099 3499 5171 διαγεγραμμένην
3525 5099 3720 5171 ἄριστα

2147 5187 2352 5257 βλέποι,
2379 5188 2473 5241 καὶ
2498 5189 2875 5259 ἀποθαυμάζοι
2901 5190 3000 5260 μὲν
3022 5189 3081 5242 τὸ
3102 5188 3194 5241 τοῦ
3223 5189 3485 5259 βασιλέως
3513 5192 3715 5262 σχῆμα,

2146 5279 2238 5331 καὶ
2284 5280 2491 5347 ὅσαπερ
2536 5281 2592 5332 ὲν
2635 5281 2827 5350 ἐκείνῳ
2871 5280 3148 5349 φαίνεται,
3192 5280 3365 5335 ταῦτα
3409 5283 3503 5334 καί
3550 5284 3608 5335 ἐν
3648 5281 3714 5348 τῇ

2145 5375 2327 5441 γραφῇ
2373 5370 2665 5439 δυνάμενός
2698 5390 2755 5425 τε
2801 5374 2894 5426 καὶ
2936 5373 3075 5444 ἔχων
3103 5375 3258 5444 ὁρᾷν,
3302 5376 3382 5437 είς
3425 5373 3717 5445 ἐπιθυμίαν

2143 5455 2286 5518 ἔλθοι
2323 5456 2416 5509 τοῦ
2468 5459 2563 5509 καὶ
2602 5460 2760 5512 αὐτὸν
2796 5461 2923 5515 ἰδεῖν
2966 5461 3057 5514 τὸν
3096 5462 3346 5531 βασιλέα·
3379 5462 3521 5516 εἴποι
3569 5455 3614 5516 δ⁴
3654 5465 3717 5518 ἂν

2143 5548 2367 5609 εἰκότως
2395 5547 2531 5618 πρὸς
2567 5548 2726 5602 αὐτὸν
2753 5551 2785 5619 ὴ
2812 5555 2996 5625 γραφή
3019 5567 3031 5579 ·
3076 5552 3134 5605 '0
3170 5552 3429 5621 ἑωρακὼς
3463 5552 3585 5621 ἐμὲ,
3618 5551 3717 5606 ἑώ-

2146 5656 2281 5709 ρακε
2327 5640 2416 5692 τὸν
2446 5640 2685 5709 βασιλέα,
2721 5644 2813 5694 καὶ
2861 5644 3052 5696 πάλιν·
3098 5643 3238 5711 Ἐγὼ
3282 5645 3375 5698 καὶ
3405 5648 3432 5698 ὁ
3463 5645 3712 5716 βασιλεὺς

562 5807 606 5841 ⁸ο
633 5809 802 5880 Apoc.
837 5825 907 5876 tv,
938 5809 991 5865 9.
1066 5809 1110 5842 “
1142 5807 1293 5867 Joan.
1321 5827 1435 5886 \jttt,
1469 5811 1549 5865 12.
1629 5812 1671 5847 "
1705 5813 1833 5869 Luc.
1869 5832 1914 5880 ν,
1950 5815 2039 5870 21.

2148 5816 2344 5876 ’Joan.
2384 5837 2487 5886 xw,
2530 5824 2610 5879 15.
2689 5826 2733 5858 ⁸⁵
2763 5825 2911 5883 Joan
2951 5844 3083 5893 xm,
3120 5830 3205 5885 ιι).
