3968 6462
219 482 298 540 i85

1610 472 2054 535 THESAURUS.

3359 457 3466 515 186

218 604 258 658 ιν
289 604 457 674 ἐσμεν,
488 601 614 654 ὅσον
643 599 729 666 εις
775 597 1079 671 ὁμοιότητα
1105 594 1199 650 καὶ
1232 594 1636 669 ἀκριϐεστάτην
1671 596 1773 665 ιμ-

1892 607 1997 649 sum
2032 608 2047 647 :
2076 587 2187 660 Ego
2223 586 2277 643 in
2311 598 2457 657 rege,
2488 590 2542 639 et
2572 595 2666 637 rex
2701 578 2754 635 in
2787 592 2896 643 me,
2918 584 3081 650 juxta
3127 575 3315 631 forma
3344 590 3468 645 spe-

218 696 421 766 φίρειαν,
448 693 541 745 καὶ
575 691 747 746 πάλιν
766 708 784 723 ·
828 687 977 760 Ἐγὼ
1006 691 1063 743 ὲν
1091 686 1171 759 τῷ
1205 680 1437 759 βασιλεῖ,
1477 686 1575 741 καὶ
1602 687 1631 740 6
1678 684 1777 755 βα-

218 787 361 850 σιλεὺς
381 787 438 839 ὲν
460 785 603 856 ἐμοὶ,
649 785 805 839 κατὰ
843 783 908 837 16
945 785 1042 854 τῆς
1072 781 1287 854 μορφῆς
1323 780 1509 851 σχῆμα
1550 778 1631 847 (16
1668 779 1791 851 γὰρ.

216 874 327 941 εἶδος
348 878 402 930 16
434 877 649 931 ἐκείνου
688 878 917 938 πάντως
949 877 1104 947 (ρορεῖ
1139 875 1173 945 ἡ
1210 870 1423 945 γραφὴ,
1455 869 1550 924 καὶ
1580 868 1644 924 τὸ
1679 869 1779 939 τῆς

214 954 392 1039 γραξῆς
432 964 573 1032 εΜ
624 970 685 1022 ἐν
732 966 935 1037 ἐκείνῳ
985 966 1201 1027 παντως
1253 960 1558 1026 σώζεται)’
1605 957 1779 1021 οὓτως

214 1062 306 1112 ἐστὶ
338 1062 423 1114 καὶ
462 1064 490 1114 6
522 1060 657 1123 Υἱὸς
689 1059 906 1128 λέγων·
942 1076 961 1110 ι
1000 1058 1058 1111 Ὀ
1101 1053 1363 1127 ἑωρακὼς
1408 1053 1529 1124 tne,
1566 1049 1778 1122 ἑώρακε

214 1150 283 1205 τὸν
310 1152 531 1223 Πατέρα.
566 1149 752 1220 Κάγὼ
785 1152 881 1204 καὶ
922 1150 950 1203 6
989 1149 1181 1219 Πατὴρ
1226 1147 1285 1200 ἒν
1315 1148 1502 1216 ἐσμεν.
1544 1140 1686 1212 Ἐγὼ
1720 1143 1778 1194 ἐν

213 1243 271 1312 τῷ
296 1246 475 1315 Πατρὶ,
513 1246 611 1297 καὶ
651 1246 682 1297 6
714 1242 911 1315 Πατὴρ
935 1243 991 1295 ὲν
1023 1240 1165 1311 ἐμοὶ.
1196 1258 1215 1291 ι
1251 1238 1324 1292 Τὸ
1361 1237 1472 1308 γὰρ
1510 1235 1640 1289 ἴδιον
1676 1236 1779 1305 τῆς

212 1332 282 1388 τοῦ
315 1336 514 1407 Πατρὸς
556 1334 759 1399 οὐσίας
800 1333 1235 1405 ἀπαραλλάκτως
1276 1329 1415 1402 ἔχων
1448 1331 1478 1383 6
1510 1328 1658 1393 Υἱὸς,
1695 1327 1775 1380 εί-

214 1424 299 1478 κών
334 1428 441 1479 ἐστι
472 1427 570 1480 τοῦ
602 1426 833 1497 Πατρὸς
872 1424 1123 1497 ἀκριϐὴς,
1155 1424 1252 1478 καὶ
1284 1421 1469 1494 μορφὴ
1514 1418 1611 1474 τοῦ
1652 1433 1778 1488 γεν-

213 1518 462 1586 νήσαντος,
508 1518 634 1571 ὅλον
676 1521 740 1572 ὲν
794 1520 961 1588 ἑαυτῇ
1011 1515 1335 1570 δεικνύουσα
1384 1514 1475 1567 τὸν
1521 1528 1779 1582 γεγεννη-

213 1608 333 1661 κότα.
372 1608 525 1662 Οὐτω
578 1611 695 1680 γὰρ
742 1610 957 1679 νοήσεις
1003 1608 1098 1661 καὶ
1137 1607 1201 1660 16
1240 1604 1394 1677 παρὰ
1450 1603 1528 1675 τῷ
1578 1602 1777 1674 Παύλῳ

212 1699 455 1770 κείμενον·
497 1721 515 1752 r
547 1702 649 1763 Ὃς
698 1703 757 1752 ὲν
809 1700 989 1769 μορφῇ
1030 1697 1165 1751 Θεοῦ
1212 1698 1495 1767 ὑπάρχων,
1542 1695 1641 1764 οὐχ
1681 1695 1779 1765 ἁρ-

211 1791 392 1860 παγμὸν
415 1794 672 1862 ἡγήσατο
704 1793 767 1845 τὸ
797 1788 939 1844 εἶναι
962 1790 1051 1843 ἴσα
1075 1788 1215 1860 Θεῷ.
1238 1808 1256 1839 ι
1292 1789 1435 1851 ἰσος
1474 1787 1584 1858 γὰρ
1602 1782 1669 1858 ἦν
1699 1783 1778 1856 τῷ

209 1878 303 1951 Θεῷ
338 1882 449 1946 ὅλος
487 1881 566 1934 ὢν
606 1884 779 1947 Θεὸς,
820 1881 1011 1953 ὥσπερ
1049 1882 1143 1935 καὶ
1170 1883 1198 1934 6
1232 1880 1456 1950 Πατὴρ’
1489 1877 1663 1942 οὕτως
1708 1872 1777 1947 ἧν

1880 684 2017 740 ciem
2070 683 2230 753 (nam
2277 678 2420 734 illius
2465 676 2693 733 formam
2744 670 2937 728 tabella
2984 668 3143 741 plane
3194 667 3382 733 refert,
3414 677 3469 723 et

1880 778 2055 833 forma
2086 772 2297 830 tabella
2322 772 2436 827 sive
2459 770 2681 841 picturae
2708 766 2761 821 in
2791 766 2907 835 ipso
2932 762 3097 817 etiam
3122 759 3279 832 est);
3313 760 3386 815 ita
3415 768 3467 816 et

1879 869 2051 925 Filius
2085 867 2216 922 dicit
2258 882 2271 919 :
2310 882 2330 918 ι
2363 864 2465 931 Qui
2513 861 2646 916 vidit
2679 873 2786 922 me,
2822 855 2957 911 vidit
2993 866 3049 909 et
3080 852 3297 909 Patrem
3328 851 3405 918 ⁶⁸;
3443 871 3463 905 ι

1879 972 1953 1025 et,
1992 980 2010 1013 ι
2036 959 2149 1031 Ego
2177 968 2231 1013 et
2251 956 2414 1011 Pater
2445 968 2610 1009 unum
2641 965 2830 1007 sumus
2856 948 2928 1003 ".
2967 947 3083 1017 Ego
3118 947 3173 1000 in
3208 944 3393 1009 Patre,
3417 954 3473 1000 et

1880 1054 2041 1109 Pater
2071 1054 2122 1106 in
2162 1065 2250 1106 me
2281 1049 2350 1103 ".
2385 1066 2405 1101 ι
2442 1045 2612 1101 Filius
2638 1043 2783 1099 enim
2830 1041 3039 1096 habens
3074 1037 3469 1109 proprietatem

1880 1145 2135 1203 essentia:
2157 1141 2337 1196 Patris
2359 1140 2493 1194 citra
2520 1137 2681 1192 ullam
2715 1133 3098 1196 differentiam,
3121 1140 3204 1185 est
3230 1124 3471 1200 perfecta

1882 1240 2061 1309 imago
2096 1236 2270 1290 Patris
2308 1242 2364 1289 et
2406 1231 2582 1287 forma
2618 1226 2902 1300 genitoris,
2933 1234 3103 1280 totum
3141 1224 3195 1276 in
3226 1235 3286 1275 se
3319 1219 3473 1290 geni-

1883 1341 2054 1386 torem
2109 1326 2354 1383 referens
2413 1332 2577 1395 atque
2626 1322 2958 1391 exprimens.
2995 1314 3073 1370 Ita
3106 1314 3254 1369 enim
3302 1312 3470 1366 etiam

1880 1423 2013 1481 illud
2036 1421 2188 1477 Pauli
2211 1418 2481 1487 intelliges
2508 1432 2525 1471 :
2557 1433 2576 1467 ι
2602 1412 2705 1481 Qui
2728 1427 2850 1487 cum
2880 1418 3025 1465 esset
3055 1408 3109 1462 in
3142 1404 3317 1461 forma
3350 1402 3471 1470 Dei,

1880 1532 1989 1573 non
2021 1514 2266 1585 rapinam
2292 1510 2589 1565 arbitratus
2609 1512 2693 1560 est
2716 1518 2776 1560 se
2794 1482 2917 1558 esse
2940 1498 3201 1570 aequalem
3223 1498 3332 1552 Deo
3356 1496 3465 1550 ⁸³..)

1879 1607 2128 1679 Εαυειίε
2159 1606 2307 1661 enim
2348 1611 2468 1658 erat
2503 1600 2613 1655 Deo
2641 1606 2789 1652 totus
2829 1593 3101 1649 exsistens
3131 1588 3297 1654 Deus,
3330 1586 3473 1641 sicut

1880 1712 1935 1760 et
1961 1677 2167 1756 Pater:
2204 1697 2278 1753 ita
2322 1704 2443 1751 erat
2494 1692 2548 1747 in
2580 1690 2798 1746 Christo
2846 1684 3109 1741 mundum
3145 1682 3246 1737 sibi
3286 1677 3474 1734 conci-

1880 1796 2022 1852 lians
2050 1793 2191 1849 Deus
2222 1808 2238 1846 :
2272 1790 2344 1844 ita
2378 1797 2721 1857 quaecunque
2766 1788 3025 1851 operatur
3057 1774 3249 1840 Filius,
3292 1770 3476 1827 Patris

1882 1902 2046 1960 opera
2075 1893 2222 1941 sunt.
2260 1882 2395 1938 Cum
2426 1878 2571 1934 enim
2598 1875 2742 1930 nulla
2777 1874 2920 1930 inter
2952 1886 3047 1927 eos
3071 1871 3143 1925 sit
3170 1868 3476 1923 diﬂ'erentia

210 1975 253 2026 ὲν
279 1976 481 2046 Χριστῷ
518 1976 740 2047 κόσμον
784 1975 963 2047 ἑαυτῷ
998 1974 1384 2029 καταλλάττων
1425 1974 1454 2026 6
1486 1970 1654 2035 Θεόςο
1689 1968 1781 2023 οὐ-

1892 1989 2147 2053 quantum
2175 1977 2240 2031 ad
2269 1975 2523 2029 deitatem
2553 1979 2609 2027 et
2649 1976 2923 2031 naturam,
2956 1964 3094 2020 nihil
3132 1963 3314 2018 obstat
3339 1976 3477 2030 quo-

208 2081 293 2127 τως
316 2067 443 2136 ἅπερ
474 2069 784 2137 ἐργάζεται
814 2070 843 2121 6
874 2067 1020 2132 Υἱὸς,
1046 2065 1143 2119 τοῦ
1177 2064 1395 2137 Πατρός
1424 2066 1571 2116 ἐστιν
1616 2061 1775 2134 ἔργα.

1892 2072 2067 2127 minus
2109 2082 2273 2139 opera
2306 2063 2431 2121 Filii
2464 2062 2719 2119 dicantur
2749 2071 2913 2129 opera
2950 2055 3151 2122 Patris,
3189 2061 3244 2110 et
3276 2068 3306 2109 e
3346 2065 3479 2108 con-

210 2156 441 2227 Οὐδεμιᾱς
472 2160 584 2230 γὰρ
613 2162 677 2212 ὲν
706 2161 894 2222 αὐτοῖς
918 2158 1083 2229 οὔσης
1113 2158 1379 2230 διαφορᾶς
1402 2157 1526 2210 ὅσον
1549 2156 1629 2218 είς
1663 2154 1781 2207 θεό-
1883 2166 2051 2222 {ratio

207 2261 321 2317 τητα
354 2251 442 2302 καὶ
473 2251 667 2320 φύσιν,
715 2252 777 2305 16
807 2251 1016 2305 κωλῦον
1058 2251 1211 2306 οὐδὲν
1254 2250 1391 2323 ἔργα
1430 2248 1526 2302 τοῦ
1563 2246 1780 2318 Πατρὸς

208 2336 425 2407 λέγεσθαι
448 2343 517 2397 τὲ
542 2343 644 2397 τοῦ
682 2342 838 2407 Υίοῦ,
869 2345 964 2397 καὶ
996 2342 1058 2396 16
1090 2342 1491 2412 ἀντικείμενον.

880 2457 1083 2510 ΛᾹΛΟ.

264 2568 317 2622 Εἰ
344 2571 511 2630 πάντα
538 2573 645 2626 ὅσα
676 2571 969 2643 πρόσεστιν
994 2569 1247 2641 ἐξαίρετα
1272 2568 1348 2639 τῷ
1382 2564 1581 2639 Πατρὶ,
1604 2563 1779 2619 ταῦτα

209 2664 443 2731 προσόντα
474 2666 569 2718 καὶ
602 2663 685 2735 τῷ
729 2664 844 2734 Υἱῴ
876 2664 1156 2731 φαίνεται,
1201 2661 1262 2714 οὐ
1296 2659 1441 2713 κατὰ
1470 2658 1629 2729 χάριν
1660 2659 1779 2710 ἐπι-

210 2755 457 2819 γεγονότα,
482 2757 609 2807 οὐδὲ
647 2755 796 2807 κατά
842 2772 964 2807 τινα
1006 2752 1262 2824 μετοχὴν,
1308 2749 1446 2804 ἀλλὰ
1496 2747 1774 2817 φυσικῶς,

210 2839 365 2914 ὥσπερ
395 2846 487 2897 καὶ
526 2845 606 2912 τῷ
648 2845 1035 2915 γεγεννηκότι,
1070 2845 1181 2896 και
1204 2842 1266 2895 16
1310 2839 1646 2913 μεσολαόοὖν
1687 2839 1777 2892 οὐ·

211 2931 295 2997 ἂν,
328 2936 356 3005 ἢ
383 2936 443 2989 16
474 2936 707 3009 μερίζον
746 2939 826 2998 εἰς
853 2935 1238 3006 ἀνομοιότητα,
1280 2932 1441 3004 δῆλον
1469 2932 1536 2986 ἂν
1566 2930 1649 2999 εἴη
1682 2929 1777 2982 καὶ

213 3024 439 3095 παντίτῳ
468 3026 663 3094 σαφὲς,
689 3027 884 3096 ὅτιπερ
905 3026 1037 3078 αὐτὸ
1064 3026 1163 3094 τῆς
1192 3023 1468 3093 πατρικῆς
1496 3019 1686 3083 οὐσίας
1716 3019 1777 3072 16

2560 2452 2799 2510 ALIUD.

1954 2574 2014 2630 Si
2067 2584 2406 2645 qumcunque
2455 2569 2655 2625 eximia
2687 2573 2811 2621 sunt
2846 2564 2899 2618 in
2952 2561 3137 2626 Patre,
3167 2573 3230 2615 ea
3258 2568 3313 2614 et
3340 2555 3483 2613 Filio

1881 2666 2076 2721 adesse
2105 2670 2535 2733 cognoscuntur,
2571 2673 2676 2712 non
2711 2671 2807 2725 per
2853 2653 3087 2723 gratiam
3125 2648 3335 2717 adjecta
3387 2656 3481 2701 aut

1881 2772 1977 2827 per
2002 2752 2502 2824 participationem,
2534 2748 2629 2802 sed
2664 2744 3005 2808 naturaliter,
3044 2740 3189 2795 sicut
3222 2749 3277 2792 et
3312 2736 3482 2798 Patri,

1879 2848 2199 2916 nullumque
2229 2843 2453 2898 omnino
2478 2848 2563 2895 est
2586 2838 2908 2901 discrimen,
2943 2843 3037 2888 aut
3063 2828 3482 2890 dissimilitudo;

1881 2938 2231 2997 manifestum
2268 2936 2433 2994 etiam
2466 2932 2640 3000 cuivis
2684 2930 2850 2983 fuerit
2879 2929 3025 2998 quod
3058 2924 3231 2980 Filius
3259 2937 3381 3004 cum
3414 2921 3489 2979 sit

1882 3034 2114 3102 ipsatnet
2139 3029 2443 3099 proprietas
2475 3024 2727 3081 essentia:
2752 3021 2956 3087 Patris,
2999 3028 3169 3073 totum
3202 3016 3256 3070 in
3298 3030 3356 3068 se
3384 3013 3489 3066 Pa—

214 3115 319 3220 τόισν
346 3118 603 3190 ὑπάρχων
635 3122 664 3172 ὁ
699 3118 847 3183 Υἱὸς,
887 3118 1007 3171 ὅλον
1035 3119 1092 3170 ὲν
1124 3113 1304 3187 ἑαυτῷ
1339 3117 1498 3185 φορεῖ
1523 3112 1616 3167 16v
1658 3114 1774 3166 Πα-

1892 3131 2020 3177 lrem
2058 3128 2261 3188 gestat,
2294 3127 2350 3171 et
2380 3125 2526 3171 totus
2554 3122 2639 3169 est
2675 3114 2727 3166 in
2759 3102 2920 3166 Pd'tre
2944 3109 3244 3165 secundum
3286 3103 3488 3159 identi-

212 3209 345 3275 τέρα·
372 3212 461 3262 καὶ
493 3210 618 3273 ὅλος
659 3210 811 3262 ἐστὶν
859 3210 917 3261 ὲν
950 3208 1126 3278 Πατρὶ
1156 3206 1297 3260 κατὰ
1338 3206 1437 3274 τὴν
1468 3203 1776 3272 ταύτότητα

1892 3220 2049 3267 talem
2083 3208 2355 3265 essentne.
2399 3207 2558 3277 112
2612 3205 2780 3260 Recte
2818 3203 2984 3271 igitur
3022 3209 3075 3254 et
3103 3198 3492 3254 convenienter

2152 3301 2191 3311 ..
2298 3302 2309 3311 .
2662 3296 2833 3311 in“
3221 3290 3487 3311 __.A.,_-

210 3302 291 3371 τῆς
323 3301 501 3365 οὐσίας
518 3317 534 3331 ’
584 3300 682 3355 καὶ
708 3300 799 3353 διά
833 3317 914 3353 τοι
941 3299 1101 3351 τοῦτο
1126 3297 1309 3360 καλῶς
1333 3312 1395 3349 τε
1423 3294 1517 3348 καὶ
1553 3292 1778 3347 ἀκολού-

1892 3304 2065 3359 dicit:
2108 3321 2127 3355 t
2152 3301 2265 3370 Ego
2298 3302 2349 3355 in
2406 3299 2588 3363 Patre,
2625 3306 2680 3353 et
2712 3284 2873 3351 Pater
2919 3295 2971 3348 in
3006 3307 3128 3359 me;
3163 3312 3181 3344 ι
3214 3301 3288 3355 et,
3328 3308 3347 3343 ι
3381 3290 3494 3360 Ego
3528 3290 3531 3291 ⁷

213 3367 299 3454 (ita;
316 3392 448 3463 ἐρεῖ·
480 3413 499 3443 ι
524 3390 670 3461 Ἐγὼ
701 3394 757 3445 ὲν
783 3389 862 3461 τῷ
890 3390 1086 3461 Πατρὶ,
1114 3390 1210 3443 καὶ
1234 3390 1262 3441 6
1288 3387 1480 3458 Πατὴρ
1505 3387 1562 3439 ὲν
1585 3384 1726 3456 ὲμοί.
1755 3403 1775 3437 s

1892 3404 1946 3452 et
1975 3394 2140 3450 Pater
2163 3408 2329 3449 unum
2358 3405 2570 3447 sumus.
2613 3407 2633 3442 ο
2669 3388 2802 3463 Quia
2848 3387 2994 3441 enim
3034 3384 3172 3439 nihil
3212 3383 3265 3437 in
3296 3396 3362 3437 eo
3397 3384 3490 3436 de-

215 3483 321 3546 Καὶ,
354 3505 370 3536 ι
407 3484 547 3555 Ἐγὼ
606 3484 776 3560 καὶδὸ
813 3482 1005 3555 Πατὴρ
1035 3482 1096 3535 ἓν
1130 3483 1318 3551 ἐσμεν.
1352 3498 1371 3530 ι
1409 3477 1508 3531 Διὰ
1545 3476 1656 3547 γὰρ
1687 3475 1783 3529 τοῦ

1892 3488 2162 3545 sideratur
2183 3500 2377 3542 eorum
2409 3498 2530 3554 qua:
2566 3467 2715 3536 Patri
2751 3480 2959 3547 insunt,
2992 3476 3119 3532 talis
3153 3476 3376 3532 omnino
3410 3482 3497 3529 est

216 3578 353 3647 μηδὲν
375 3580 519 3650 αὐτῷ
553 3575 989 3649 παραλελεῖφθαι
1013 3574 1124 3629 τῶν
1150 3576 1251 3627 ὅσα
1281 3571 1541 3642 πρόσεστι
1564 3568 1642 3639 τῷ
1673 3568 1783 3621 Πα-

1892 3579 2066 3652 qualis
2097 3586 2181 3635 est
2212 3578 2256 3633 is
2286 3578 2379 3650 qui
2407 3590 2531 3631 eum
2562 3573 2771 3645 genuit.

213 3669 304 3739 τρὶ,
328 3671 558 3735 τοιοῦτος
598 3669 754 3722 ἔσται
794 3668 1013 3731 πάντως
1043 3667 1226 3729 ὁποῖος
1270 3663 1337 3718 ἂν
1364 3663 1449 3734 εἴη
1478 3662 1574 3715 καὶ
1600 3663 1629 3715 6
1661 3676 1786 3731 γεν-

216 3763 356 3833 νήσας
387 3765 567 3818 αὐτόν.

2581 3854 2813 3913 ALIUD.

276 3990 443 4065 Πατὴρ
477 3993 726 4048 καλεῖται
755 3989 908 4053 Θεὸς,
943 3984 1440 4058 συνεισφερομὲνης
1475 3981 1626 4053 αὐτῷ
1657 3980 1783 4035 πάν·

1964 3980 2125 4034 Pater
2157 3983 2385 4031 vocatur
2419 3973 2585 4037 Deus,
2631 3970 2906 4027 intellecta
2941 3965 3107 4023 simul
3139 3980 3261 4021 cum
3303 3977 3368 4020 eo
3400 3978 3499 4018 ex-

218 4094 305 4144 τω;
445 4083 737 4154 ὑπάρξεως
773 4079 867 4133 τοῦ
899 4078 1065 4133 Υίοῦ·
1096 4079 1158 4132 οὐ
1336 4076 1404 4130 ἂν
1447 4077 1535 4145 εἴη
1570 4074 1783 4144 Πατὴρ,

1892 4073 2141 4130 sistentia
2172 4068 2317 4132 Filii,
2355 4080 2532 4137 neque
2556 4064 2701 4121 enim
2735 4072 2881 4118 esset
2910 4060 3095 4124 Pater,
3132 4073 3238 4113 non
3288 4056 3498 4112 habens

218 4170 299 4223 οὐκ
317 4147 444 4242 ἔχων
472 4147 654 4237 τὸνέξ
688 4169 882 4224 ἑαυτοῦ
910 4168 1241 4240 προελθόντα
1264 4147 1459 4235 Λόγον.
1484 4166 1594 4219 Καὶ
1624 4163 1783 4218 πάλιν

1893 4166 2133 4221 Verbum
2184 4177 2251 4217 ex
2303 4176 2362 4216 se
2409 4157 2732 4230 procedens.
2783 4153 2852 4209 Et
2904 4152 3150 4208 vicissim
3204 4147 3498 4221 appellatio

219 4258 351 4329 ἡτοῦ
385 4263 512 4316 Tia-3
563 4261 912 4334 προσηγορία
958 4262 1272 4329 συνεισάγει
1306 4259 1525 4319 πάντως
1553 4255 1653 4327 τὴν
1686 4252 1783 4308 τοῦ

1892 4254 2015 4310 Filii
2059 4252 2368 4307 necessario
2402 4251 2568 4304 etiam
2619 4247 2813 4303 statuit
2862 4242 3242 4301 exsistentiam
3291 4239 3495 4295 Patris.

221 4353 401 4425 [ἰατρὸς
432 4330 894 4429 ὕπαρξιν(ῗούτο
933 4356 1042 4426 γὰρ
1084 4353 1161 4417 ὡς
1195 4356 1330 4422 πρὸς
1365 4352 1542 4403 ἐκεῖνο
1585 4348 1783 4419 σημαί-

1895 4346 2010 4402 lloc
2040 4347 2183 4402 enim
2218 4352 2466 4413 respectu
2504 4340 2648 4397 illius
2677 4338 2897 4393 dicitur.
2930 4337 2987 4391 Si
3019 4349 3150 4405 ergo
3180 4330 3499 4389 necessario

220 4460 362 4501 νεται.
388 4449 446 4502 Εἰ
476 4451 658 4504 τοίνυν
689 4448 1001 4518 ἀναγκαίως
1029 4446 1257 4517 Θάτερόν
1289 4445 1436 4496 ἐστιν
1466 4443 1523 4495 ὲν
1552 4440 1783 4513 Θατέρῳ,

1895 4441 2130 4496 alterum
2161 4447 2246 4493 est
2277 4436 2331 4491 in
2371 4436 2566 4500 altero,
2612 4442 2668 4489 et
2708 4430 2871 4486 Pater
2901 4428 3118 4499 quidem
3154 4423 3500 4496 signiﬁcatur

222 4539 298 4590 ita“.
322 4541 500 4613 Πατὴρ
535 4542 637 4611 μὲν
672 4515 999 4612 σημαίνεται
1035 4515 1174 4610 μετᾶ
1211 4537 1307 4590 τοῦ
1345 4535 1474 4589 ἰδίου
1514 4534 1783 4604 γεννήμα-

1899 4548 2023 4589 cum
2064 4530 2285 4602 proprio
2327 4544 2426 4584 suo
2469 4525 2634 4593 Filio,
2674 4534 2729 4579 et
2766 4522 2936 4577 Filius
2974 4534 3107 4576 cum
3157 4531 3259 4572 suo
3310 4515 3497 4579 Patre,

221 4640 320 4688 τος·
350 4609 483 4695 Υιδξ
625 4609 847 4694 πάντως
882 4609 1148 4701 μετὰτοῦ
1184 4628 1550 4699 γεννήσαντος
1599 4624 1783 4691 αὐτὸν,

1896 4641 2025 4682 vere
2067 4624 2312 4697 profecto
2360 4622 2494 4678 dicit
2543 4638 2557 4672 :
2604 4638 2622 4671 ι
2661 4619 2773 4690 Ego
2814 4617 2867 4672 in
2912 4616 3097 4681 Patre,
3142 4620 3196 4668 et
3235 4610 3397 4665 Pater
3443 4609 3499 4663 in

223 4719 623 4791 πρωαληθεύει,
671 4721 879 4791 λέγων’
913 4740 933 4773 ι
977 4718 1118 4789 Ἐγὼ
1152 4720 1209 4772 ὲν
1256 4716 1333 4789 τῷ
1371 4716 1584 4788 Πατρὶ,
1622 4716 1721 4770 καὶ
1759 4716 1789 4769 ὁ
1814 4714 1868 4777 D
1896 4735 2003 4776 tne.
2036 4738 2056 4773 ι

225 4803 387 4880 Πατὴρ
412 4813 466 4865 ὲν
498 4811 647 4883 ἐμοί.
677 4830 696 4864 ι

889 4924 1094 4978 ΑΛΛΟ.

284 5034 336 5089 ΕΞ
368 5041 470 5103 πᾶς
513 5039 542 5092 6
575 5040 846 5095 πιστεύων
888 5042 968 5105 εἰς
1005 5037 1097 5093 τὸν
1133 5038 1281 5103 Υἱὸν,
1318 5040 1397 5103 εἰς
1432 5038 1525 5092 τὸν
1570 5036 1794 5110 Πατέρα

229 5130 471 5195 πιστεύει,
507 5131 602 5185 καὶ
640 5132 670 5185 6
703 5132 882 5203 τιμῶν
913 5131 1003 5201 τὸν
1043 5131 1195 5195 Υίδν,
1225 5132 1361 5203 τιμᾷ
1399 5131 1492 5185 τὸν
1539 5130 1792 5203 Πατέρα,

228 5220 303 5269 καὶ
340 5223 518 5286 πάλιν,
553 5226 584 5277 6
621 5225 945 5295 προσκυνῶν
980 5225 1061 5297 τῷ
1111 5224 1323 5295 Πατρὶ,
1373 5226 1673 5296 προσκυνεί
1715 5222 1795 5293 τῷ

230 5307 340 5411 Tib).
369 5317 484 5381 πῶς
512 5317 613 5388 οὐχ
634 5311 789 5380 οὗτος
809 5319 867 5370 ἐν
890 5316 1105 5388 ἐκείνῳ,
1137 5318 1387 5381 κάκεῖνος
1417 5316 1493 5369 ὢν
1526 5319 1583 5370 ὲν
1616 5314 1792 5386 τούτῳ

229 5404 543 5475 δειχθήσεται
574 5406 718 5461 κατὰ
755 5407 815 5460 τὸ
850 5408 951 5478 τῆς
990 5407 1177 5471 οὐσίας
1212 5407 1665 5477 ἀπαράλλακτονς
1696 5406 1795 5459 Διὰ

230 5494 321 5566 τὶς)
349 5498 499 5553 τοῦτο
532 5501 627 5555 καὶ
663 5501 759 5572 μία
790 5499 1161 5572 προσκύνησις
1192 5503 1226 5573 ἡ
1254 5502 1310 5555 ὲν
1343 5499 1459 5571 Υίῷ
1498 5501 1593 5553 καὶ
1624 5499 1798 5569 Πατρὶ

229 5590 458 5662 Ῥωξάνη
482 5594 579 5646 σὺν
603 5594 741 5665 ἁγίῳ
771 5592 1073 5665 Πνεύματι,
1104 5593 1199 5647 καὶ⁵
1220 5589 1299 5658 εἷς
1318 5592 1451 5658 Θεὸς
1483 5592 1635 5665 παρᾶ
1661 5592 1799 5646 πάνυ

230 5692 319 5730 των
340 5682 695 5754 ὁμολογεῖται,
726 5685 824 5743 καὶ
851 5686 1020 5752 ἐστιν,
1048 5686 1125 5751 ὡς
1154 5686 1411 5758 οὐδεμιᾶς
1446 5684 1649 5757 μεταξὺ
1685 5702 1798 5737 κει-

233 5768 374 5839 μένης
401 5775 663 5850 διαφορᾶς
697 5778 917 5850 Πατρός
940 5795 1000 5832 τε
1028 5778 1126 5833 καὶ
1153 5777 1305 5847 Υἱοῢ,
1349 5778 1462 5833 ἀλλ’
1513 5779 1570 5830 ὲν
1602 5776 1797 5832 ταυτό-

884 3875 1089 3931 AAAO.

2574 4915 2806 4973 ALIUD.

1968 5035 2025 5091 Si
2070 5033 2250 5090 omnis
2293 5030 2388 5103 qui
2427 5028 2603 5086 credit
2648 5027 2702 5082 in
2749 5024 2975 5087 Filium,
3021 5022 3191 5078 credit
3235 5020 3401 5074 etiam
3447 5019 3501 5074 in

1907 5127 2147 5194 Patrem,
2195 5135 2249 5181 et
2282 5124 2375 5195 qui
2411 5122 2545 5178 colit
2579 5120 2803 5183 Filium,
2856 5118 2988 5173 colit
3036 5126 3092 5171 et
3152 5112 3405 5180 Patrem;
3447 5121 3505 5167 et

1904 5232 2115 5285 contra,
2145 5218 2237 5289 qui
2271 5217 2461 5272 adorat
2504 5214 2743 5281 Patrem,
2797 5210 2993 5266 adorat
3021 5218 3073 5264 et
3118 5207 3314 5263 Filium
3350 5224 3363 5260 :
3396 5220 3505 5274 quo

1905 5322 2065 5383 pacto
2098 5325 2203 5366 non
2241 5309 2313 5365 sit
2347 5307 2435 5363 hic
2474 5310 2528 5362 in
2558 5307 2671 5370 illo,
2711 5315 2767 5360 et
2800 5304 2891 5359 ille
2926 5304 2980 5358 in
3023 5303 3149 5365 hoc,
3185 5299 3501 5354 nmnimoda

1904 5406 2158 5463 essentia:
2200 5400 2595 5459 similitudine?
2648 5398 2861 5454 Idcirco
2913 5396 3073 5451 unica
3124 5402 3210 5450 est
3254 5392 3504 5448 adoratio

1902 5514 2023 5571 qua:
2052 5495 2193 5553 Filio
2232 5505 2287 5551 et
2312 5494 2459 5549 Patri
2489 5509 2612 5549 cum
2648 5492 2852 5562 Spiritu
2878 5497 3071 5545 sancto
3109 5496 3417 5557 praestatur,
3449 5493 3504 5538 et

1906 5606 2045 5647 unus
2076 5590 2221 5645 Deus
2251 5588 2321 5643 ab
2345 5585 2622 5649 omnibus,
2659 5593 2713 5638 et
2738 5581 3084 5654 praedicatur,
3128 5584 3183 5633 et
3211 5586 3327 5643 est;
3355 5576 3499 5644 quod

1904 5684 2165 5740 nimirum
2217 5680 2362 5736 nulla
2395 5677 2702 5734 differentia
2748 5676 3024 5746 disjuugat
3053 5671 3272 5726 Patrem
3320 5678 3375 5723 et
3412 5668 3502 5722 Fi-

1902 5776 2058 5841 lium,
2085 5772 2179 5829 sed
2214 5770 2498 5827 identitate
2530 5766 2782 5826 essentia:
2811 5761 3022 5837 praediti
3066 5761 3208 5828 sint;
3256 5758 3503 5827 nihilque

294 5930 382 5986 "1
425 5951 504 5989 ϋηο
534 5951 639 6005 λιν,
676 5939 729 5993 9.
816 5936 860 5960 ν’
885 5933 1038 5990 Just].
1075 5953 1120 6004 ﬁ,
1150 5935 1237 5991 4'10.
1328 5937 1363 5957 ’τ
1392 5933 1541 5991 Imm,
1586 5951 1688 6000 ξιτ,
1728 5934 1782 5988 Η

1892 5932 1930 5963 ⁸³
1967 5928 2198 6003 Philipp.
2240 5946 2301 5996 tt,
2333 5929 2384 5984 6.
