3968 6472
522 448 627 503 187

1510 445 1567 501 S.
1608 445 1872 502 CYRILLI
1914 439 2377 498 ALEXANDRINI
2415 439 2723 497 ARCIIIEP.

3651 432 3755 489 188

512 566 748 620 habeant
795 562 936 636 quod
984 576 1017 617 a
1064 563 1295 619 naturali
1355 562 1678 635 proprietate
1732 576 1825 619 eos
1881 562 2085 633 sejun--

2197 574 2294 629 ητι
2322 558 2421 629 τῆς
2464 557 2653 619 οὐσίας
2683 554 2853 607 ὄντων
2890 551 2981 605 καὶ
3010 551 3160 606 οὐδὲν
3193 550 3419 622 ἑχόντων
3450 549 3479 603 6
3512 548 3611 619 τῆς
3647 566 3757 619 φυ-

511 664 622 726 gat.

1179 767 1410 826 ALIUD.

687 880 887 951 Dogma
918 880 1075 938 ueluti
1106 898 1170 936 ea:
1194 884 1480 953 objectione
1511 884 1894 938 hereticorum.

582 992 763 1056 Pater,
796 994 1061 1063 inquiunt,
1102 1002 1185 1047 est
1238 994 1289 1047 in
1316 993 1472 1059 Filio,
1514 1004 1569 1049 et
1598 993 1767 1049 Filius
1799 996 1851 1050 in
1890 994 2072 1058 Patre.

510 1083 804 1136 secundum
856 1081 1120 1137 habitum.
1153 1080 1283 1137 Cum
1312 1083 1452 1137 enim
1484 1084 1629 1139 nullo
1657 1085 1815 1138 modo
1867 1084 2076 1138 dissen-

514 1172 651 1225 tiant
678 1172 732 1226 in
760 1169 999 1240 judiciis,
1037 1170 1118 1227 vel
1148 1174 1586 1241 cogitationibus,
1620 1174 1717 1230 sed
1747 1188 2077 1244 quaecunque

513 1261 626 1315 vult
650 1260 831 1328 Pater,
867 1278 930 1318 ea
958 1263 1070 1317 vult
1100 1272 1154 1319 et
1179 1262 1370 1331 Filius,
1394 1274 1450 1319 et
1476 1265 1716 1321 vicissim
1743 1279 2075 1335 quaecunque

511 1352 628 1409 vult
646 1354 833 1420 Filius,
852 1357 965 1410 vult
988 1367 1041 1411 et
1072 1355 1252 1421 Pater,
1270 1365 1325 1411 et
1348 1370 1644 1412 consensus
1671 1358 1886 1428 quidem
1913 1366 2077 1425 atque

513 1445 770 1503 identitas
800 1448 1133 1503 voluntatum
1169 1448 1221 1503 in
1248 1449 1327 1503 eis
1354 1448 1989 1520 deprehenditur,‘atque
2013 1464 2076 1506 ea

514 1537 720 1593 ratione
742 1536 903 1593 Pater
928 1548 1010 1594 est
1038 1539 1089 1593 in
1120 1537 1278 1604 Filio,
1307 1546 1366 1593 et
1389 1537 1557 1593 Filius
1588 1539 1641 1593 in
1667 1537 1847 1594 Patre.

1004 1726 1211 1782 Salutio
1260 1726 1586 1796 objectiouis.

582 1837 788 1893 Licebit
815 1837 975 1906 igitur
996 1838 1157 1893 etiam
1186 1837 1413 1909 angelis,
1445 1845 1538 1890 aut
1570 1835 1691 1891 aliis
1718 1833 2083 1891 rationalibus

2178 650 2336 721 σικῆς
2366 649 2624 720 ἰδιότητος
2648 645 2942 717 ἀποτέμνει
2968 644 3061 698 τὸν
3089 643 3293 713 ἕτερον.

2860 759 3061 812 AAAO.

2258 874 2474 942 Δόγμα,
2507 872 2588 939 ὡς
2611 870 2680 936 ἐξ
2709 868 3063 933 ἀντιθέσεως
3088 864 3206 920 τῶν
3234 862 3666 934 χριστομὰχιιῑν.

2253 986 2315 1039 Ὅ
2344 985 2554 1058 Πατὴρ,
2589 984 2771 1054 φασὶν,
2800 984 2857 1035 ὲν
2898 980 2976 1051 τῷ
3012 979 3148 1050 Υἱῷ,
3176 979 3270 1033 καὶ
3306 978 3336 1029 6
3364 975 3490 1039 Υἰός
3523 977 3668 1028 ἐστιν
3698 976 3763 1027 ὲν

2174 1076 2253 1149 τῷ
2287 1078 2493 1150 Πατρὶ,
2539 1076 2680 1131 κατὰ
2712 1074 2828 1129 τόδε
2862 1073 2924 1128 τὸ
2971 1074 3181 1142 σχῆμα.
3219 1068 3439 1138 Ἐπειδὴ
3484 1065 3590 1136 γὰρ
3632 1080 3740 1118 κατ

2175 1170 2363 1223 οὐδένα
2408 1170 2610 1240 τρόπον
2644 1164 3001 1236 διαφωνοῦσιν
3046 1165 3104 1215 ἐν
3143 1165 3255 1225 τοῖς
3300 1160 3585 1231 κρίμασιν,
3624 1156 3659 1225 ἢ
3699 1157 3765 1209 ἐν

2175 1261 2289 1323 τοῖς
2330 1260 2617 1329 νοήμασιν,
2650 1257 2766 1311 ἀλλ’
2792 1255 2935 1325 ἅπερ
2965 1254 3031 1307 ἂν
3062 1256 3090 1307 6
3123 1252 3312 1323 Πατὴρ
3351 1247 3628 1335 βούληται,
3661 1244 3766 1299 καὶ

2178 1350 2206 1403 6
2245 1349 2375 1413 Υἰὸς
2418 1349 2623 1412 ταῦτα,
2660 1347 2756 1402 καὶ
2794 1346 2956 1401 πάλιν
2989 1344 3133 1415 ᾇπερ
3168 1342 3235 1396 ἂν
3260 1344 3288 1395 ό
3325 1340 3453 1403 Υἰὸς
3490 1338 3763 1409 ἐθελήσῃ,

2178 1438 2351 1494 ταῦτα
2392 1440 2489 1493 καὶ
2512 1441 2541 1491 ό
2574 1438 2785 1510 Πατὴρ.
2824 1437 2917 1491 καὶ
2948 1435 3235 1507 συμφωνία
3264 1450 3347 1497 τις
3376 1431 3470 1485 καὶ
3495 1429 3773 1499 ταυτότης

2182 1529 2499 1600 θελημάτων
2542 1530 2636 1583 καὶ
2679 1526 2904 1597 γνώμης
2954 1528 3012 1580 ὲν
3067 1526 3251 1588 αὐτοῖς
3296 1524 3571 1593 φαίνεται,
3620 1521 3772 1575 κατά

2180 1618 2335 1674 τοῦτο
2364 1618 2555 1691 Πατὴρ
2582 1622 2640 1673 ὲν
2668 1619 2804 1689 Υἰῷ,
2833 1618 2929 1672 καὶ
2958 1617 3087 1681 Υἱός
3118 1618 3265 1669 ἐστιν
3291 1616 3349 1669 ἰν
3377 1610 3569 1686 Πατρί.

2677 1727 2831 1797 Πρὸς
2862 1727 3039 1781 τοῦτο
3070 1725 3273 1790 λύσις.

2264 1835 2498 1913 Ἀρόὗν
2532 1839 2747 1906 ἐξέσται
2782 1840 2877 1894 καὶ
2914 1838 3169 1907 ἀγγέλοις
3196 1837 3229 1907 ἢ
3271 1836 3366 1890 καί
3400 1834 3588 1897 ἄλλαις
3616 1833 3775 1901 λογι-

512 1930 891 1999 potestatibus,
925 1930 991 1984 de
1019 1929 1209 1998 quibus
1256 1929 1541 1984 Psalmista
1572 1928 1689 1984 ait:
1724 1946 1745 1980 ι
1776 1926 2083 1982 Benedicite

2197 1936 2311 1997 ιιαῖς
2333 1912 2615 2003 δυνάμεσι,
2647 1933 2775 2003 περὶ
2798 1923 2873 1984 ὧν
2896 1932 2956 1984 ιν
2986 1930 3237 2000 1Ψαλμοῖς
3264 1930 3479 2000 εἴρηται
3500 1943 3513 1956 ·
3554 1945 3573 1978 ι
3601 1924 3775 1979 Εὐλο-

515 2019 830 2086 Dominum,
860 2035 1050 2076 omnes
1068 2020 1241 2091 angeli
1272 2020 1410 2090 ejus,
1436 2018 1664 2077 ministri
1687 2018 1803 2086 ejus
1823 2016 2083 2074 facientes

516 2109 843 2165 voluntatem
908 2110 1024 2179 ejus
1070 2111 1136 2176 ",
1186 2130 1205 2165 ι
1260 2110 1564 2166 Servatoris
1636 2110 1754 2181 ipsa
1802 2123 1936 2165 voce
1984 2109 2081 2176 uti,

516 2200 817 2271 singulique
842 2216 1028 2256 eorum
1062 2202 1244 2256 dicere
1296 2210 1585 2270 poterunt:
1618 2219 1637 2252 ι
1668 2200 1779 2270 Ego
1809 2200 1861 2255 in
1895 2199 2078 2265 Patre,

518 2302 572 2347 et
606 2292 766 2346 Pater
790 2291 842 2345 in
870 2305 975 2347 me.
1001 2310 1019 2343 ι
1038 2321 1106 2335 σ-
1131 2310 1148 2342 ι
1176 2291 1275 2358 Qui
1299 2290 1431 2345 vidit
1454 2290 1784 2355 me,viditet
1810 2289 2076 2345 Patrem.»

516 2383 723 2439 Nemini
748 2384 889 2437 enim
915 2382 1131 2436 dubium
1147 2392 1247 2445 est,
1265 2382 1391 2451 quin
1417 2382 1595 2436 omnia
1620 2397 1739 2452 quae
1763 2382 1873 2435 vult
1895 2380 2079 2447 Pater,

514 2476 682 2531 velint
728 2476 887 2528 etiam
934 2474 1119 2544 Angeli
1167 2482 1221 2529 et
1268 2474 1607 2543 Arcbangeli,
1654 2482 1707 2528 et
1755 2473 1977 2538 Tltroni,
2030 2482 2085 2528 et

517 2564 940 2629 nominationes,
975 2572 1029 2619 et
1065 2562 1398 2630 Potestates;
1446 2578 1618 2633 neque
1654 2565 1945 2641 quidquam
1988 2564 2085 2619 ho-

518 2671 634 2709 rum
657 2655 905 2709 dissentit
933 2670 962 2707 a
983 2654 1254 2709 voluntate
1283 2656 1397 2710 Dei.
1423 2654 1605 2724 Neque
1630 2657 1775 2710 enim
1806 2663 2087 2711 manerent

518 2746 571 2798 iu
622 2761 719 2801 suo
753 2747 959 2812 ordine,
998 2746 1101 2800 nisi
1145 2746 1289 2801 ltunc
1343 2760 1564 2815 scopum
1625 2748 1725 2801 sibi
1783 2748 2084 2815 popositum

518 2836 968 2906 baberent113.
992 2835 1123 2890 Nam
1146 2838 1189 2890 is
1206 2839 1294 2903 qui
1313 2837 1454 2889 aliud
1473 2852 1630 2905 quam
1651 2836 1741 2892 Dei
1759 2838 2083 2894 voluntatem

516 2926 807 2995 qua‘rebat,
832 2927 1036 2981 audivit
1059 2945 1072 2981 :
1094 2924 1243 2981 Nunc
1267 2935 1441 2979 autem
1469 2929 1533 2981 ad
1550 2926 1752 2983 inferos
1772 2927 2083 2994 descendes,

516 3029 564 3071 et
636 3018 701 3071 ad
754 3017 1097 3072 fundamenta
1148 3026 1326 3074 terrm.
1380 3018 1437 3072 Si
1484 3033 1616 3088 ergo
1668 3020 2086 3089 unumquodque

517 3124 703 3162 eorum
734 3123 852 3176 qua:
892 3108 1035 3163 dicta
1072 3092 1215 3173 sant,
1251 3111 1363 3161 vult
1400 3124 1735 3179 quaecunque
1785 3110 1922 3165 Deus
1949 3113 2081 3177 vult,

520 3198 839 3266 ﬁrmumque
865 3199 916 3252 in
948 3214 1012 3253 eo
1056 3208 1255 3264 manet,
1300 3214 1563 3267 suamque
1605 3200 1923 3271 dignitatem
1957 3201 2081 3255 reti-

2186 2025 2331 2093 γεῖτε
2348 2022 2436 2076 τὸν
2457 2022 2680 2094 Κύριον,
2708 2021 2906 2086 πάντες
2929 2021 2979 2073 οἰ
3004 2022 3224 2089 ἄγγελοι
3248 2018 3435 2083 αὑτοῦ,
3461 2015 3778 2087 λειτουργοὶ

2188 2112 2353 2169 αὐτοῦ
2397 2114 2676 2179 ποιοῦντες
2722 2115 2783 2168 τὸ
2814 2113 3026 2185 θέλημα
3073 2109 3261 2176 αὐτοῦ,
3294 2129 3311 2161 ι
3363 2110 3482 2173 ταῖς
3514 2107 3605 2162 τοῦ
3654 2107 3777 2160 Σω-

2188 2206 2351 2274 τῆρος
2380 2204 2677 2275 κεχρῆσθαι
2712 2207 2933 2273 φωναῖς,
2956 2202 3028 2266 ὡς
3059 2203 3289 2255 ἕκαστον
3322 2201 3495 2253 εἰπεῖν
3516 2216 3529 2230 ο
3569 2217 3588 2250 t
3629 2197 3779 2266 Ἐγὼ

2190 2293 2246 2345 ὲν
2275 2293 2352 2364 τῷ
2380 2294 2573 2363 Πατρί,
2616 2295 2710 2347 καί⁵
2743 2296 2771 2347 6
2806 2293 2995 2363 Πατὴρ
3040 2293 3097 2345 ἐν
3139 2291 3297 2362 ἐμοὶ,
3324 2308 3342 2342 ι
3389 2289 3485 2344 καὶ
3519 2307 3537 2339 t
3593 2289 3634 2341 Ο
3667 2288 3779 2341 ἑω-

2192 2384 2374 2455 ρακὼς
2406 2385 2537 2455 ἐμὲ,
2570 2384 2782 2455 ἑώρακε
2816 2384 2907 2437 τὸν
2936 2384 3173 2453 Πατέρα.
3198 2401 3216 2434 ι
3267 2380 3460 2435 Καίτοι
3500 2380 3661 2432 παντί
3694 2396 3783 2448 τῳ

2189 2474 2362 2545 δῆλον,
2402 2476 2483 2528 δτι
2512 2476 2692 2529 πάντα
2717 2477 2816 2529 ὅσα
2854 2475 3102 2544 βούλεται
3134 2473 3296 2538 Θεὸς,
3339 2472 3511 2526 ταῦτα
3557 2471 3781 2533 πάντως

2190 2566 2285 2618 καὶ
2309 2565 2561 2635 Ἀγγελοι
2590 2564 2893 2635 βούλονται,
2918 2566 3013 2619 καὶ
3040 2565 3415 2635 ’Δρχάγγελοι,
3443 2563 3537 2617 καὶ
3560 2562 3779 2631 Θρόνοι,

2188 2654 2285 2706 καὶ
2332 2654 2702 2724 κυριότητες,
2747 2654 2843 2708 καί⁸
2881 2653 3185 2720 Ἐξουσίαι,
3237 2653 3330 2705 καὶ
3377 2652 3581 2706 τούτων
3623 2649 3783 2703 οὐδὲν

2190 2743 2493 2812 διαφωνοῦν
2532 2745 2848 2815 εὑρίσκεται
2896 2744 3034 2816 πρὸς
3065 2743 3162 2814 τὴν
3201 2744 3351 2797 Θείαν
3394 2742 3667 2812 βούλησιν.
3698 2741 3779 2794 Οὐ

2190 2833 2299 2904 γὰρ
2331 2832 2396 2887 ἂν
2427 2832 2640 2903 ἔμεινεν
2667 2836 2724 2886 ὲν
2751 2836 2815 2903 τῇ
2843 2833 3019 2903 οἰκείᾳ
3053 2832 3224 2898 τάξει,
3262 2832 3336 2901 μὴ
3367 2830 3553 2882 τοῦτον
3584 2827 3782 2897 ἔχοντα.

2191 2926 2281 2977 τὸν
2310 2924 2529 2977 σκοπόν.
2568 2924 2626 2978 Ὀ
2664 2924 2773 2993 γὰρ
2802 2924 2991 2993 ’ἐτερόν
3030 2940 3081 2975 τι
3117 2921 3266 2991 παρὰ
3303 2920 3363 2973 τὸ
3390 2919 3483 2972 τοῦ
3512 2917 3646 2997 Θεοῦ
3690 2918 3784 2971 θέ-

2191 3015 2338 3085 λημα
2366 3016 2623 3085 ζητήσας,
2658 3016 2884 3084 ἢκουσε·
2917 3012 3031 3067 Νῦν
3066 3014 3123 3066 δὲ
3168 3014 3246 3075 εἰς
3290 3011 3421 3081 ᾅδην
3453 3008 3780 3087 καταϐήσῃ,

2192 3105 2287 3157 καὶ
2314 3107 2393 3167 εἰς
2418 3105 2487 3158 τὰ
2521 3105 2747 3173 θεμέλια
2774 3105 2873 3173 τῆς
2916 3105 3037 3173 γῆς.
3081 3103 3144 3157 Ei
3184 3102 3364 3155 τοίνυν
3404 3100 3634 3154 ἕκαστον
3667 3099 3783 3151 τῶν

2192 3196 2492 3265 εἰρημένων
2516 3195 2661 3248 Θέλει
2694 3196 2793 3266 μὲν
2818 3196 2917 3249 ὅσα
2950 3194 3198 3265 βούλεται
3216 3188 3380 3257 Θεὸς,
3409 3193 3606 3261 ἕστηκε
3635 3191 3681 3244 δ’
3718 3192 3783 3244 ὲν

520 3298 633 3355 net,
671 3290 924 3358 nullaque
965 3290 1181 3347 ratione
1212 3289 1297 3343 bis
1330 3289 1451 3343 Filii
1482 3292 1663 3346 verbis
1688 3301 1944 3357 utuntur;
1975 3307 2080 3346 non

2197 3284 2381 3355 τούτῳ,
2414 3285 2507 3338 καὶ¹
2555 3284 2717 3348 σώζει
2762 3284 2862 3353 τὴν
2909 3285 3120 3339 οἰκείαν
3163 3284 3357 3355 ἀρχὴν,
3400 3283 3494 3336 καὶ
3538 3279 3782 3352 οὐδαμοῦ

521 3395 815 3435 consensus
851 3382 1176 3447 animorum,
1218 3382 1576 3452 identitasque
1618 3383 1952 3437 voluntatum
1995 3385 2085 3437 de-

520 3471 692 3525 clarat
730 3470 922 3525 Filium
955 3474 1003 3525 in
1032 3471 1187 3527 Patre
1216 3489 1356 3537 esse,
1390 3472 1690 3529 et-Patrem
1716 3476 1767 3529 in
1802 3475 1955 3537 Filio,
1991 3475 2085 3531 sed

519 3561 821 3614 omnimoda
851 3563 1096 3616 essentia:
1126 3562 1443 3627 similitudo,
1476 3572 1530 3618 et
1559 3562 1815 3618 naturalis
1845 3564 2089 3634 proprie-

524 3652 649 3705 tatis
691 3651 965 3707 illentitas.

1190 3853 1420 3911 ALIUD.

590 3964 725 4021 Cum
754 3967 1036 4021 immotum
1085 3975 1140 4022 et
1173 3970 1550 4023 inconcussum
1578 3975 1779 4022 statum
1834 3967 2092 4033 habeant,

524 4071 789 4125 suumque
816 4056 1177 4126 principatum
1214 4067 1430 4113 servent
1457 4059 1655 4128 angeli,
1676 4070 1834 4129 atque
1860 4061 2093 4114 archan-

529 4148 657 4219 geli,
693 4147 919 4217 alizeque
950 4149 1035 4203 his
1080 4149 1386 4218 superiores
1434 4149 1724 4205 rationales
1777 4137 2091 4219 potestates,

525 4236 868 4292 manifestum
899 4251 1031 4293 sane
1066 4247 1147 4293 est
1172 4253 1264 4292 eos
1288 4237 1551 4291 voluntati
1612 4238 1702 4293 Dei
1755 4252 2094 4308 nequaquam

524 4340 841 4395 repugnare,
872 4328 963 4382 sed
988 4327 1249 4383 creatoris
1276 4326 1503 4397 imperio
1538 4342 1601 4381 ac
1634 4327 1854 4397 legibus.
1889 4343 2095 4382 morem

525 4432 733 4487 gerere,
764 4432 1025 4487 suamque
1040 4417 1368 4473 voluntatem
1400 4420 1469 4472 ad
1512 4418 1749 4472 divinam
1773 4432 2088 4489 aggregare,

528 4517 587 4561 ut
613 4506 794 4563 omnia
821 4516 877 4563 et
901 4508 1069 4563 velint
1113 4518 1167 4565 et
1192 4509 1394 4564 faciant
1419 4524 1543 4579 quae
1586 4510 1659 4563 illi
1695 4509 1923 4579 placent.
1946 4511 2097 4577 Quod

528 4614 652 4653 cum
689 4599 760 4653 ita
796 4598 887 4665 sit,
914 4614 1087 4669 neque
1118 4600 1252 4656 ullus
1295 4600 1516 4655 omnino
1573 4600 1860 4667 iuiicietur,
1904 4617 2094 4671 quam-

2186 3376 2436 3444 φαὶνεται
2479 3376 2599 3437 ταῖς
2644 3373 2739 3427 τοῦ
2795 3373 2924 3428 Υἰοῦ
2976 3375 3317 3446 κεχρημένον
3372 3374 3617 3442 φωναῖς,
3654 3371 3783 3441 οὐχὶ

2189 3468 2475 3536 συμφωνία
2504 3467 2607 3535 τῆς
2646 3465 2892 3535 γνώμης,
2920 3465 3039 3517 οὐδὲ
3068 3464 3129 3518 τὸ
3172 3465 3459 3535 βούλεσθαι
3501 3464 3569 3517 τὰ
3606 3460 3781 3528 αὐτὰ,

2186 3556 2419 3609 δεικνύει
2447 3557 2534 3610 τὸν
2568 3558 2693 3609 Υἱὸν
2732 3558 2787 3608 ὲν
2825 3556 2996 3627 Πατρί
3026 3556 3119 3623 καὶ
3148 3557 3237 3609 τὸν
3266 3556 3487 3627 Πατέρα
3521 3554 3681 3608 πάλιν
3718 3553 3785 3606 ὲν

2189 3647 2321 3717 Υἱῴ,
2351 3647 2519 3719 ἀλλ’ἢ
2549 3648 2643 3717 τῆς
2685 3648 2869 3711 οὐσίας
2914 3646 3335 3715 ἀπαράλλακτος
3369 3646 3645 3718 ὁμοιότης,
3679 3644 3781 3697 καὶ

2190 3740 2223 3809 ἡ
2250 3740 2509 3811 ταυτότης
2538 3732 2640 3809 τῆς
2675 3740 2817 3792 κατὰ
2846 3737 3007 3807 φύσιν
3045 3738 3330 3805 ἰδιότητος.

2869 3851 3072 3904 AAAO.

2275 3964 2491 4035 Ἐπειδὴ
2551 3964 2801 4036 μένουσιν
2850 3962 3147 4035 ἀκλόνητον
3188 3961 3412 4034 ἔχοντες,
3443 3963 3542 4037 τὴν
3586 3965 3784 4020 στάσιν

2193 4056 2287 4109 καὶ
2337 4055 2601 4119 σώζοντες
2656 4057 2754 4126 τὴν
2808 4056 3012 4109 οἰκείαν
3065 4056 3239 4127 ἀρχὴν
3291 4056 3544 4125 ’Δγγελοί
3580 4074 3639 4111 τε
3685 4056 3783 4111 καὶ

2206 4147 2583 4220 ’Δρχάγγελοι,
2618 4149 2712 4200 καὶ
2747 4148 2799 4199 αξ
2844 4146 3047 4201 τούτων
3080 4147 3339 4218 ἀνωτέρω
3370 4147 3585 4216 λογικαὶ
3620 4147 3784 4202 δυνά⁸

2197 4254 2339 4307 μεις,
2368 4236 2634 4307 πρόδηλον
2712 4232 2979 4305 δήπουθεν
3019 4235 3093 4298 ὡς
3141 4238 3203 4288 οὐ
3245 4236 3595 4300 στασιάζουσι
3638 4236 3783 4291 κατὰ

2193 4327 2302 4384 τῶν
2337 4326 2432 4381 τοῦ
2462 4326 2600 4381 Θεοῦ
2634 4326 2981 4398 θελημάτων,
3017 4327 3130 4379 ἀλλ’
3177 4327 3385 4381 εῖχουσί
3415 4344 3473 4379 τε
3511 4328 3605 4381 καὶ
3643 4328 3783 4381 ὐπο-

2194 4420 2482 4473 τάσσονται
2511 4420 2625 4481 τοῖς
2655 4418 2748 4471 τοῦ
2791 4418 3151 4490 πεποιηκότος
3184 4420 3389 4490 νόμοις,
3425 4420 3519 4474 καὶ
3550 4417 3785 4489 σύμφω-

2196 4527 2285 4563 νον
2318 4508 2506 4580 ἒχουσι
2536 4508 2671 4578 πρὸς
2706 4508 2837 4561 Θεὸν
2864 4510 2959 4580 τὴν
2991 4507 3239 4579 γνώμην,
3269 4509 3342 4572 ὡς
3382 4510 3559 4563 πάντα
3592 4508 3781 4579 βούλε-

2204 4601 2325 4655 σθαί
2361 4619 2419 4655 τε
2442 4602 2537 4655 καὶ
2563 4603 2737 4654 ποιεῖν
2768 4602 2978 4672 ὅσαπερ
3014 4600 3161 4671 αὑτῷ
3196 4600 3358 4654 δοκεῖ.
3402 4599 3558 4654 Οὕτω
3602 4602 3783 4655 τοίνυν

528 4691 713 4745 obrem
745 4690 887 4745 solus
914 4690 1078 4746 Filius
1114 4691 1513 4761 Unigenitus,et
1537 4691 1766 4747 Verbum
1794 4708 1855 4747 ac
1882 4694 2087 4761 sapien-

2199 4692 2415 4764 έχοντος
2449 4691 2627 4756 τοῦδε,
2668 4693 2761 4746 καὶ
2808 4692 3337 4763 συνομολογουμένου
3388 4695 3539 4766 παρὰ
3590 4697 3779 4760 πᾶσιν,

531 4781 605 4836 tia
629 4782 750 4837 est?
789 4780 1085 4851 Oportebat
1123 4785 1265 4837 enim
1290 4785 1549 4854 profecto,
1588 4786 1632 4840 si
1696 4786 1762 4841 ob
1794 4785 1844 4840 id
1898 4787 2094 4841 dicitur

533 4869 872 4942 Unigenitus,
896 4880 949 4925 et
973 4874 1260 4943 sapientia,
1313 4885 1368 4931 et
1425 4875 1679 4942 Verbum,
1734 4878 1860 4948 quia
1915 4880 2096 4935 omnia

531 4979 653 5033 qua
684 4963 795 5017 vult
832 4963 1015 5027 Pater,
1045 4965 1156 5018 vuit
1188 4978 1243 5019 et
1272 4966 1405 5035 ipse,
1439 4969 1673 5037 reliquas
1720 4971 1880 5024 etiam
1928 4971 2095 5025 ratio-

534 5055 685 5111 nales
713 5064 996 5112 creaturas
1049 5058 1186 5112 idem
1240 5073 1379 5123 esse,
1442 5059 1737 5131 iisdt‘mque
1795 5063 2098 5119 nominibus

533 5146 652 5201 illas
691 5146 967 5215 appellari,
1008 5149 1202 5217 quibus
1234 5149 1411 5204 Filius.
1448 5151 1505 5205 Si
1552 5167 1680 5207 vero
1716 5154 1857 5209 nulla
1893 5169 1961 5209 ex
2010 5155 2095 5221 iis,

532 5246 625 5291 aut
645 5236 961 5308 Unigenitus
977 5249 1059 5294 est
1084 5238 1273 5306 Filius,
1300 5251 1390 5295 aut
1412 5244 1439 5293 \
1458 5245 1666 5309 orbum,
1693 5260 1861 5314 neque
1890 5246 2097 5315 sapien-

537 5326 631 5391 tia,
660 5342 835 5395 neque
884 5328 1084 5392 lumen,
1144 5345 1317 5399 neque
1382 5333 1653 5403 splendor,
1706 5350 1876 5405 neque
1905 5336 2093 5405 forma,

537 5432 713 5485 neque
766 5419 943 5486 imago
1004 5419 1221 5488 Patris,
1284 5425 1647 5482 necessarium
1707 5426 1863 5497 plaue
1910 5438 1993 5483 est
2043 5440 2101 5483 ut

537 5506 1048 5573 sentiamus,Filium
1077 5528 1180 5568 non
1203 5529 1318 5571 eam
1341 5516 1409 5571 ob
1438 5534 1652 5573 causam
1684 5518 1881 5577 dixisse
1912 5536 1926 5571 :
1959 5522 2100 5592 «Ego

540 5595 594 5652 in
623 5596 799 5664 Patre,
825 5610 883 5656 et
900 5599 1061 5659 Pater
1091 5604 1142 5660 in
1166 5621 1282 5675 me;
1314 5628 1332 5663 ι
1371 5620 1425 5667 et
1448 5624 1657 5667 rursum
1688 5628 1701 5666 :
1741 5629 1760 5665 ι
1785 5611 1891 5683 Ego
1917 5624 1973 5670 et
2000 5612 2101 5669 Pa-

612 5773 658 5809 ”
684 5773 822 5833 Psal.
852 5792 971 5847 cut,
999 5780 1089 5835 20.

2196 4788 2318 4839 ὅτου
2351 4786 2414 4857 δὴ
2457 4787 2615 4856 χάριν
2669 4786 2825 4855 μόνος
2871 4788 2898 4839 ὁ
2938 4785 3063 4847 Υἱὸς
3100 4787 3434 4855 Μονογενὴς,
3478 4790 3573 4840 καὶ
3606 4789 3780 4855 Λόγος

2200 4879 2294 4931 καὶ
2334 4879 2497 4947 σοφία
2526 4876 2705 4940 ὲστίνς
2741 4876 2885 4929 Ἔδει
2924 4878 3050 4949 γὰρ,
3099 4878 3257 4949 εἴπερ
3286 4879 3454 4941 ὅντως
3498 4880 3559 4931 τὸ
3604 4879 3781 4932 θέλειν

2200 4971 2299 5025 δσα
2348 4972 2443 5024 καὶ
2486 4972 2515 5024 6
2566 4971 2751 5042 Πατὴρ
2807 4970 3085 5040 βούλεται,
3156 4974 3436 5043 Μονογενῆ
3496 4973 3780 5026 καλεῖσθαι

2203 5064 2371 5126 ποιεῖ,
2403 5063 2497 5115 καὶ
2528 5062 2737 5130 σοφίαν,
2779 5061 2871 5115 καί¹
2904 5062 3091 5131 Λόγον,
3121 5065 3217 5116 καὶ
3258 5060 3369 5128 τοῖς
3415 5064 3599 5129 ἄλλοις
3628 5064 3779 5134 λογι-

2206 5155 2322 5221 κοῖς
2353 5153 2615 5223 κτίσμασι
2642 5151 2811 5207 ταῦτα
2843 5153 3129 5225 ὑπάρχειν,
3158 5155 3254 5208 καὶ
3282 5154 3557 5219 τοσούτοις
3583 5156 3779 5227 ὀνόμα-

2204 5262 2289 5299 σιν
2321 5243 2713 5299 ἀποκαλεῖσθαι
2744 5246 2835 5299 καὶ
2859 5246 3019 5310 αὐτὰ,
3052 5248 3313 5319 ὅσοισπερ
3360 5247 3428 5301 ἂν
3458 5247 3552 5301 καὶ
3574 5250 3602 5301 6
3626 5248 3776 5314 Υἱός.

2202 5337 2265 5389 Εἰ
2294 5336 2368 5389 δὲ’
2386 5334 2591 5389 τούτων
2619 5334 2789 5398 οὐδὲν,
2816 5336 2939 5390 οὔτε
2968 5338 3280 5408 Μονογενής
3312 5338 3459 5390 ἐστιν
3481 5337 3629 5404 Υἰὸς,
3651 5336 3777 5393 οὔτε

2202 5429 2391 5497 Λόγος,
2413 5426 2535 5482 οὕτε
2576 5428 2755 5497 σοφία,
2777 5427 2902 5482 οὔτε
2934 5428 3071 5498 φῶς,
3104 5428 3228 5483 οὔτε
3259 5428 3622 5502 ἀπαύγασμα,
3651 5430 3777 5485 οὔτε

2208 5520 2410 5595 μορφὴ,
2457 5518 2581 5575 οὔτε
2628 5519 2789 5573 εἰκὼν
2824 5518 2919 5573 τοῦ
2970 5521 3203 5592 Πατρὸς,
3240 5523 3537 5591 ἀναγκαῖον
3580 5523 3777 5578 εἰδέναι

2206 5613 2412 5685 λοιπὸν,
2442 5614 2633 5686 ὅτιπερ
2665 5612 2724 5669 οὐ
2754 5612 2812 5668 τὸ
2861 5612 3145 5686 βούλεσθαι
3178 5614 3244 5669 τὰ
3284 5614 3421 5670 αὐτὰ
3468 5615 3546 5687 τῷ
3577 5615 3775 5688 Πατρὶ.
