3968 6466
224 480 304 535 ,ω
1632 471 2070 529 THESAURUS.

3365 474 3470 532 190

218 598 315 651 οὐδὲ
351 595 409 649 τὸ
441 591 569 663 μίαν
603 589 761 663 ἕχειν
812 591 956 661 πρὸς
997 589 1159 643 αὐτὸν
1202 590 1306 661 τὴν
1343 588 1570 661 γνώμην
1610 605 1822 660 παρα-λ

1900 600 1972 670 ter
1995 603 2158 642 unum
2183 603 2372 646 sumus
2399 606 2411 643 :
2439 608 2458 643 ι
2484 590 2608 660 quia
2638 590 2825 647 eadem
2858 588 2970 645 vult
2993 604 3112 662 quae
3134 588 3472 654 Pater,eam-

218 686 438 750 σκευάζει
467 684 653 749 λέγειν
687 683 789 736 τὸν
830 682 997 735 Υἱόν·
1034 700 1052 733 t
1092 679 1232 749 Ἐγὼ
1263 683 1321 733 εν
1348 680 1427 751 τῷ
1458 680 1651 751 Πατρὶ,
1692 679 1786 733 καὶ

216 778 429 848 ὁΠατὴρ
457 777 516 829 ἐν
551 776 710 849 ἐμοὶ,
752 795 773 827 ι
823 776 921 830 καὶ
949 773 1141 829 πάλιν·
1182 793 1201 826 ι
1248 772 1390 843 Ἐγὼ
1411 774 1505 826 καὶ
1540 775 1569 826 6
1597 770 1788 842 Πατὴρ

214 872 259 920 ἓν
286 870 435 937 ἐσμεν
455 884 469 895 ·
508 886 527 919 ι
566 867 692 921 ἀλλ’
723 868 838 932 ὅτι,
861 868 960 937 τῆς
986 865 1077 918 τοῦ
1106 866 1321 936 Πατρὸς
1350 864 1539 927 οὐσίας
1566 864 1788 934 γνήσιον

213 960 445 1031 ὑπάρχων
472 961 761 1031 γέννημα,
803 959 960 1028 φέρει
990 958 1088 1027 μὲν
1117 958 1173 1008 ὲν
1208 954 1384 1023 ἑαυτῷ
1414 954 1506 1007 τὸν
1544 953 1787 1025 Πατέρα,

213 1052 428 1118 φαίνεται
458 1050 515 1103 δὲ
566 1052 667 1103 καὶ
720 1049 896 1111 αὐτὸς
945 1050 1002 1099 ἐν
1035 1046 1230 1117 [la-cpi.
1266 1044 1511 1117 Κρατοίη
1556 1043 1601 1097 δ’
1639 1042 1709 1097 ἂν
1759 1043 1788 1095 6

212 1140 344 1204 αὐτὸς
369 1132 522 1205 οὗτος
552 1140 728 1207 λόγος
772 1140 871 1193 καὶ
916 1138 1005 1191 ἐπ’
1049 1134 1353 1206 ἀνθρώπων
1388 1134 1579 1202 ἁγίων,
1610 1126 1691 1196 οἷς
1726 1130 1789 1183 τὸ

212 1231 490 1284 ἀκολουθεῖν
536 1233 661 1295 τοῖς
712 1230 891 1293 θείοις
937 1228 1208 1300 θελήμασι
1268 1226 1490 1289 σκοπὸς,
1538 1223 1634 1278 καὶ
1685 1223 1788 1276 οὐκ

211 1322 329 1375 Ιπιν
355 1322 561 1375 εἰπεῖν·
600 1341 621 1375 ι
677 1322 835 1390 Ἐγὼ
886 1322 946 1375 ὲν
980 1320 1059 1391 τῷ
1094 1318 1290 1391 "arpi,
1326 1317 1479 1373 καὶὸ
1511 1314 1702 1389 Πατὴρ
1729 1315 1789 1369 ὲν

212 1411 326 1481 ipsi.
352 1429 370 1465 ι

892 1522 1096 1577 ΑΛΛΟ.

416 1634 512 1698 Ὠς
546 1633 622 1697 ἐξ
656 1633 1032 1699 ἀντιθέσεως
1070 1630 1190 1686 τῶν
1217 1628 1551 1699 αἱρηικῶν.

266 1768 322 1821 ΕΞ
346 1768 403 1821 τὸ
440 1768 770 1831 καλεῖσθαι.
813 1767 999 1835 φασὶν,
1032 1766 1157 1820 Υἱδν
1188 1767 1285 1819 καὶ
1324 1764 1509 1818 εἰκόνα
1535 1763 1630 1818 τοῦ
1673 1764 1787 1817 Πα-

210 1860 331 1929 τρὸς,
372 1860 466 1913 ἕνα
498 1860 659 1931 αὑτῷ
690 1860 841 1912 κατὰ
872 1858 1035 1928 φύσιν
1063 1859 1358 1930 ἐργάζεται
1389 1856 1483 1910 τὸν
1524 1855 1788 1918 τοιούτοις

1888 682 2121 751 demque
2152 680 2467 736 habetcum
2518 678 2679 738 Patre
2734 681 2901 736 animi
2962 681 3323 741 sententiam;
3374 679 3472 735 sed

1886 771 2037 840 quia,
2074 783 2197 825 cum
2224 771 2295 825 sit
2317 784 2503 826 verum
2534 785 2598 827 ac
2637 771 2932 842 genuinum
2966 769 3216 825 essentia
3295 768 3474 824 Patris

1887 877 2130 933 germen,
2170 861 2356 931 ipsein
2382 861 2674 917 sePatrem
2692 872 2889 933 gestat,
2946 861 3171 932 ipseque
3228 859 3470 915 vicissim

1890 953 1941 1007 iu
1978 952 2140 1009 Patre
2179 954 2440 1008 cernitur.
2476 951 2647 1009 P’orro
2678 945 2866 1009 eadem
2900 966 3115 1020 quoque
3152 936 3292 1004 ratio
3318 950 3466 1004 obti-

1888 1053 2012 1099 neat
2040 1045 2094 1099 in
2128 1045 2334 1101 sanctis
2364 1043 2691 1107 hominibus.
2714 1059 2944 1115 quorum
2972 1057 3169 1111 scopus
3190 1052 3349 1110 atque
3383 1041 3471 1093 in-

1887 1136 2136 1191 stitutum
2165 1151 2289 1209 cum
2310 1137 2386 1193 sit
2417 1137 2612 1193 divina
2640 1135 2901 1193 voluntati
2932 1134 3174 1201 obedire,
3223 1133 3290 1186 de
3336 1131 3475 1201 seip-

1886 1231 1964 1285 sis
1999 1238 2178 1284 tamen
2212 1228 2397 1286 dicere
2423 1243 2532 1285 non
2564 1234 2837 1298 possunt:
2876 1243 2895 1278 ι
2925 1224 3038 1296 Ego
3081 1226 3135 1279 in
3202 1223 3381 1288 Patre,
3417 1232 3475 1277 et

1885 1320 2052 1379 Pater
2076 1321 2132 1377 in
2163 1336 2268 1377 me.
2298 1338 2324 1375 ι

2574 1514 2806 1572 ALIUD.

2270 1625 2355 1685 Ex
2377 1627 2663 1699 objections
2707 1626 3094 1683 Iuvreticorum.

1962 1762 2045 1831 Si,
2078 1763 2344 1834 inquiunt,
2375 1762 2502 1833 quia
2527 1770 2751 1817 vocatur
2774 1759 2945 1815 Filius
2974 1768 3028 1813 et
3066 1757 3244 1825 imago
3272 1752 3475 1817 Patris,

1892 1872 2060 1912 unum
2085 1871 2208 1911 cum
2236 1855 2351 1926 ipso
2383 1854 2707 1910 naturaliter
2734 1852 2865 1908 facit
2892 1867 3017 1906 eum
3049 1850 3140 1920 qui
3176 1848 3475 1915 ejuscemo—

209 1951 436 2020 ὀνόμασιν
488 1949 1048 2021 ἀποσεμνυνόμενον,
1095 1948 1150 2001 τί
1216 1946 1453 2001 κωλύσει
1503 1946 1599 1999 καὶ
1641 1946 1793 2015 ἡμᾶς

1900 1949 1944 2003 di
1981 1948 2294 2003 nominibus
2317 1946 2609 2017 insignitus
2650 1953 2758 2007 est.
2781 1944 2916 2015 quid
2950 1940 3223 1997 obstiterit
3262 1939 3479 2009 quomi-

212 2043 505 2113 ἀνθρώπους
557 2044 756 2109 ὄντας,
804 2042 1108 2111 ἐπειδήπερ
1158 2041 1252 2094 καὶ
1300 2038 1407 2092 υἱοὶ
1449 2036 1790 2108 κεκλήμεθα,

210 2136 287 2186 καὶ
316 2136 427 2187 κατ’
466 2134 669 2188 εἰκόνα
704 2133 1018 2203 γεγόναμεν
1045 2130 1203 2197 Θεοῦ,
1239 2130 1459 2201 ὁμοίους
1498 2124 1636 2183 εἶναι
1669 2130 1791 2184 κατ’

210 2224 373 2276 οὐσίαν
400 2225 550 2295 αὑτῷ
571 2242 588 2290 ;

687 2357 852 2429 Πρὸς
882 2356 1058 2412 τοῦτο
1087 2357 1289 2423 λύσις.

280 2469 409 2522 Ἀλλ’
438 2472 574 2541 ἡμῖν
628 2470 758 2541 μιν,
795 2464 841 2522 ὦ
876 2469 1165 2539 βέλτιστοι,
1194 2467 1335 2521 κατὰ
1376 2466 1537 2539 χάριν
1562 2482 1576 2497 ⁶
1610 2463 1687 2538 τῷ
1732 2466 1790 2520 δὲ

213 2560 328 2613 Θεοῦ
360 2563 520 2632 Λόγῳ
549 2562 709 2615 κατὰ
738 2561 900 2629 φύσιν
927 2560 1084 2613 τοῦτο
1107 2560 1367 2631 ὑπάρχει.
1398 2558 1509 2612 Καὶ
1540 2558 1669 2628 περὶ
1694 2558 1791 2627 μὲν

214 2649 395 2704 ὶκιὶνου
430 2652 662 2719 λέγεται
685 2666 702 2681 ο
742 2670 760 2701 ι
799 2650 896 2712 Τίς
929 2649 1111 2720 ὅμοιός
1143 2663 1225 2702 σοι
1252 2649 1311 2700 ὲν
1340 2646 1501 2710 θεοῖς,
1536 2646 1739 2717 Κύριε;
1766 2664 1785 2697 ι

215 2741 274 2803 ὡς
294 2744 386 2795 οὼκ
406 2743 750 2796 ἱπείσακτον
782 2736 1019 2810 ἔχοντος.
1038 2739 1175 2793 ἀλλὰ
1206 2740 1433 2809 φυσικὸν
1458 2738 1518 2793 τὸ
1550 2738 1789 2809 ἀξίωμα.

218 2830 329 2904 Περὶ
366 2834 419 2886 δὲ
449 2833 654 2905 ἡμῶν
700 2851 721 2884 ι
784 2832 928 2901 Ἐγὼ
969 2828 1132 2884 εἶπα·
1174 2832 1296 2885 Θεοί
1342 2832 1486 2896 ἐστε,
1540 2832 1633 2885 καὶ
1672 2830 1792 2884 Υἱοὶ

227 2926 457 2993 Ὑψίστου
489 2926 727 2989 πάντες.
768 2943 786 2975 ι
835 2924 1024 2992 Ὑμεῖς
1054 2924 1112 2977 δὲ
1148 2923 1212 2995 δὴ
1243 2923 1320 2985 ὡς
1348 2922 1623 2995 ἄνθρωποι
1653 2922 1791 2975 ἀπο-

220 3016 480 3087 θνήσκετε,
512 3019 618 3071 καὶ
650 3016 726 3081 ὡς
756 3009 838 3078 εἷς
869 3016 976 3069 τῶν
1019 3015 1297 3085 ἀρχόντων
1330 3014 1582 3068 πίπτετε.
1627 3012 1714 3075 Ὠς
1742 3014 1791 3065 εἰ

224 3109 287 3179 μὴ
320 3112 497 3165 πᾶσαν
519 3106 904 3178 ποιησαίμεθα
932 3105 1168 3178 σπουδὴν
1201 3107 1282 3173 εις
1320 3105 1379 3161 τὸ
1409 3104 1793 3179 παραιτεῖσθαι

218 3200 268 3252 τὸ
291 3202 502 3270 φαῦλον,
537 3200 742 3273 ῥᾳδίως
778 3200 839 3265 ἐξ
868 3194 943 3254 ὧν
975 3200 1278 3270 εἰλήφαμεν
1309 3201 1605 3253 ἀποπεσεῖν
1642 3200 1794 3252 δυνά-

1895 2054 1997 2094 nus
2039 2037 2204 2093 etiam
2262 2052 2363 2092 nos
2396 2037 2647 2093 homines
2677 2036 2769 2106 qui
2804 2035 2899 2089 tllii
2932 2046 3189 2088 vocamur
3210 2030 3277 2096 ⁸⁸,
3301 2038 3355 2085 et
3408 2030 3478 2084 ad

1895 2130 2183 2200 imaginem
2212 2127 2305 2184 Dei
2338 2127 2697 2193 factisumus,
2722 2124 2928 2183 similes
2956 2124 3007 2180 ei
3047 2122 3349 2179 secundum
3382 2134 3445 2175 es

1892 2221 2127 2278 sentiam
2150 2220 2360 2276 simus?

2355 2353 2566 2410 Salutio
2604 2350 2948 2425 objectionis.

1960 2471 2031 2525 At
2059 2470 2237 2536 nobis,
2262 2469 2461 2535 oboni,
2495 2483 2594 2539 per
2612 2466 2846 2538 gratiam
2880 2482 2894 2517 :
2927 2460 3106 2519 Verbo
3153 2468 3332 2515 autem
3382 2458 3475 2513 Det

1894 2566 1945 2620 id
1975 2565 2295 2620 naturaliter
2356 2564 2521 2618 inest.
2594 2562 2673 2616 Ac
2715 2561 2783 2615 de
2848 2557 2938 2613 illo
2990 2556 3205 2624 quidem
3237 2554 3475 2607 dicitur:

1899 2674 1917 2707 ι
1951 2656 2083 2722 Quis
2106 2656 2299 2711 similis
2337 2655 2429 2709 tibi
2466 2654 2518 2708 in
2545 2653 2668 2715 diis,
2692 2648 3025 2706 Domine“?
3083 2666 3102 2700 ι
3144 2646 3343 2715 quique
3386 2645 3479 2713 qui

1894 2761 1999 2801 non
2031 2745 2285 2809 ascititia,
2321 2744 2417 2799 sed
2450 2744 2679 2797 naturali
2729 2740 2995 2811 dignitate
3065 2736 3324 2807 prmditus
3387 2734 3477 2787 sit.

1898 2836 2058 2909 116
2077 2837 2151 2891 De
2182 2835 2338 2892 nobis
2364 2850 2493 2889 vero
2520 2850 2534 2887 :
2586 2852 2604 2885 ι
2649 2835 2759 2905 Ego
2788 2831 2897 2887 dixi
2930 2849 2944 2886 :
2999 2830 3079 2883 Dii
3122 2828 3274 2892 estis,
3306 2836 3359 2881 et
3386 2824 3480 2878 lilii

1893 2927 2101 2983 Excelsi
2129 2942 2338 2984 omnes.
2380 2926 2487 2981 Vos
2526 2935 2705 2979 autem
2736 2926 2877 2979 sicut
2917 2921 3169 2977 homines
3201 2918 3479 2972 moriemi-

1894 3019 1972 3082 ni,
2009 3028 2064 3073 et
2094 3018 2235 3073 sicut
2267 3032 2405 3070 unus
2443 3014 2750 3084 principum
2787 3013 2992 3068 cadetis
3018 3011 3083 3065 ⁸⁸.
3119 3029 3137 3063 ι
3180 3009 3292 3065 Nisi
3336 3010 3481 3064 enim

1893 3124 2105 3168 summo
2125 3109 2304 3166 studio
2327 3106 2516 3165 vitium
2547 3105 2837 3182 fugiamus,
2869 3103 3027 3162 facile
3057 3103 3122 3161 iis
3146 3116 3267 3175 qua:
3319 3115 3483 3159 acce-

1893 3204 2423 3273 pimusexcidemus.
2488 3201 2812 3269 Accepimus
2862 3210 3040 3252 autem
3104 3196 3357 3266 gratiam,
3424 3202 3484 3247 ut

223 3289 360 3358 μεθα.
412 3291 745 3361 Εἰλήφαμεν
785 3290 845 3343 δὲ
896 3291 1039 3343 κατὰ
1088 3290 1249 3359 χάριν
1276 3289 1337 3343 τὸ
1382 3290 1662 3344 καλεῖσθαι
1695 3291 1822 3343 καὶι

1900 3312 2151 3352 vocemur
2183 3294 2275 3348 lilii
2300 3301 2354 3347 et
2384 3294 2456 3349 dii
2485 3310 2500 3347 :
2558 3307 2679 3361 qua:
2710 3291 2927 3360 quidem
2962 3288 3285 3343 naturaliter
3347 3285 3485 3341 Filio

222 3380 310 3431 ιςἱοὶ
334 3382 423 3432 καὶ
448 3380 587 3441 θεοὶ,
620 3380 655 3433 ἃ
677 3381 742 3449 δὴ
766 3381 1015 3447 φυσικῶς
1040 3380 1300 3451 πρόσεστι
1336 3380 1414 3451 τῷ
1442 3380 1576 3451 Υἰῷ.
1611 3380 1790 3434 Εἱκὼν

222 3467 269 3521 δὲ
295 3471 445 3524 πάλιν
484 3472 909 3542 χρηματιζομεν
947 3470 1103 3535 Θεοῦ,
1148 3472 1449 3542 ἐπειδήπερ
1476 3472 1575 3541 τὴν
1605 3470 1793 3539 ἀληθιο

223 3560 302 3631 γὴν
332 3564 503 3614 εἰκόνα
540 3563 839 3629 τδν.Δόγον
866 3561 1030 3615 αὑτοῦ
1071 3559 1395 3632 ἐδεξάμεθα,
1436 3562 1531 3614 καὶ
1571 3562 1791 3632 ᾤκησεν

224 3651 271 3703 ἑν
296 3654 436 3721 ἡμῖν,
468 3654 497 3724 ἢ
551 3654 655 3707 xal.
691 3654 751 3706 ὲν
778 3653 1113 3716 τελευταίοις
1152 3654 1367 3723 καιροῖς
1400 3652 1791 3724 ἑνηνθρὼπησε

223 3741 294 3795 διὰ
318 3745 408 3815 τὴν
436 3745 725 3817 ἡμετέραν
756 3743 1052 3816 σωτηρίαν.
1082 3744 1259 3815 Πολλή
1287 3760 1371 3806 τις
1400 3739 1493 3797 οὖν
1535 3745 1629 3797 καὶ
1656 3743 1794 3815 άμε-

222 3840 394 3907 τροςὴ
442 3834 706 3907 διαφορά,
760 3835 966 3905 μεταξύ
1006 3852 1064 3888 τε
1110 3836 1267 3907 ἡμῶν
1316 3828 1423 3889 τῶν
1456 3836 1598 3889 κατὰ
1630 3836 1791 3905 χάριν

223 3927 558 3997 κεκλημένων
618 3972 621 3975 .
666 3927 766 3978 Ξ-ν.
820 3928 917 3979 καὶ
958 3926 1053 3980 τοῦ
1102 3927 1243 3981 κατὰ
1286 3927 1449 3995 φύσιν
1502 3926 1653 3989 ὄντος
1698 3929 1793 3980 καὶ

222 4016 493 4086 ἀληθινῶς.
530 4018 643 4072 Καὶ
672 4016 922 4087 φλυαρία
959 4017 1156 4087 μᾶλλον
1186 4017 1342 4089 ὑμῶν
1386 4020 1419 4089 ἡ
1454 4018 1718 4089 πρότασις
1751 4018 1783 4086 ἢ

223 4107 376 4176 νόημα
407 4108 687 4180 χρήσιμον
715 4105 1001 4161 δέδεικται.

892 4221 1105 4273 ΑΛΛΟ.

282 4332 338 4385 Εἰ
356 4334 567 4404 ταύτης
594 4334 758 4387 ἓνεκα
784 4336 878 4386 καὶ
912 4334 1077 4404 μόνης
1108 4335 1208 4404 τῆς
1236 4332 1414 4396 αἰτίας
1442 4333 1627 4403 ὅμοιον
1656 4326 1792 4384 εἶναι

225 4421 289 4488 τῷ
317 4425 491 4495 Πατρὶ
537 4442 675 4493 φατε
719 4424 813 4477 τὸν
865 4425 1015 4488 Υἱὸν,
1063 4419 1110 4477 ὦ
1160 4425 1538 4495 χριστομάχοι,
1597 4424 1677 4475 ὃτι
1728 4424 1791 4493 δὴ

228 4512 362 4566 πάνθ’
392 4517 503 4569 ὅσα
532 4515 781 4584 βούλεται
818 4515 843 4567 6
879 4516 1085 4586 Πατὴρ,
1118 4514 1289 4568 ταῦτα
1334 4515 1426 4567 καὶ
1470 4514 1654 4578 αὐτὸς,
1692 4514 1793 4566 οὐκ

1900 3391 2105 3444 insunt.
2128 3387 2403 3443 V'ocamur
2422 3395 2600 3441 autem
2638 3386 2803 3441 etiam
2827 3386 3006 3454 imago
3042 3383 3156 3449 Dei,
3216 3382 3484 3449 siquidem

1898 3495 2080 3534 veram
2105 3480 2390 3549 imaginem
2415 3478 2651 3535 Verbum
2684 3478 2852 3548 ipsius
2878 3478 3301 3547 suscepimus.et
3338 3474 3483 3529 habi-

1902 3570 2037 3623 tavit
2069 3568 2123 3624 in
2172 3567 2409 3634 nobis“,
2437 3576 2491 3622 et
2524 3567 2731 3621 ultimis
2784 3568 3117 3635 temporibus
3189 3564 3365 3618 lactus
3402 3573 3484 3618 est

1901 3661 2063 3715 homo
2105 3670 2326 3730 propter
2368 3670 2607 3716 nostram
2654 3659 2905 3714 salutem.
2958 3659 3145 3728 Magna
3194 3658 3358 3727 igitur
3403 3665 3483 3709 at-

1900 3767 2005 3819 que
2051 3752 2312 3806 immensa
2363 3760 2449 3807 est
2502 3749 2805 3807 differentia
2862 3752 3002 3805 inter
3054 3765 3151 3804 nos
3208 3764 3305 3819 per
3356 3762 3481 3816 gra-

1904 3840 2031 3895 tiam
2067 3850 2286 3897 vocatos
2331 3840 2491 3905 ﬁlios,
2534 3850 2589 3895 et
2612 3856 2735 3895 eum
2768 3840 2856 3909 qui
2891 3854 3015 3894 vere
3054 3854 3116 3891 ac
3163 3838 3482 3892 naturaliter

1901 3939 1984 3984 cst
2016 3930 2202 3984 Filius.
2236 3929 2447 3986 Frivola
2477 3930 2643 3998 igitur
2664 3942 2829 4001 atque
2851 3930 3034 3985 inanis
3059 3929 3220 3999 plane
3259 3936 3343 3983 est
3403 3942 3495 3982 ve-

1900 4031 2012 4077 stra
2045 4020 2298 4091 obiectio.

2552 4220 2802 4278 'ALIUD.

1972 4334 2030 4389 Si
2062 4348 2179 4389 eam
2210 4341 2263 4389 et
2294 4333 2509 4401 quidem
2536 4333 2704 4389 solam
2727 4334 2798 4390 ob
2824 4348 3066 4401 causam,
3114 4347 3229 4398 vos,
3279 4332 3483 4388 Christi

1902 4430 2113 4493 hostes,
2143 4429 2337 4484 Filium
2366 4430 2511 4483 Patri
2546 4429 2780 4484 similem
2803 4444 2925 4485 esse
2957 4428 3158 4491 dicitis,
3202 4428 3329 4497 quia
3362 4444 3477 4482 om-

1901 4523 1989 4577 nia
2013 4538 2134 4591 quae
2161 4522 2271 4575 vult
2305 4522 2487 4589 Pater,
2519 4522 2633 4576 vult
2650 4531 2705 4578 et
2735 4523 2871 4592 ipse,
2897 4537 3003 4576 nou
3039 4522 3144 4575 erit
3195 4530 3301 4574 tam
3337 4521 3488 4578 Patri

228 4602 357 4659 ἔσται
387 4608 469 4679 τῷ
519 4608 698 4679 Πατρὶ
729 4608 927 4678 μᾶλλον
966 4606 1322 4678 προσεοικὼς,
1363 4606 1501 4660 ἀλλὰ
1538 4607 1649 4670 τοῖς
1697 4605 1789 4659 τοῦ

1900 4614 2114 4679 similis,
2140 4630 2303 4685 quam
2365 4613 2628 4669 voluntati
2685 4612 2889 4669 Patris.
2949 4613 3015 4667 Et
3063 4614 3226 4668 Pater
3268 4613 3483 4682 quidem

227 4696 414 4769 Πατρός
472 4700 767 4769 Θελήμασι.
820 4700 930 4753 Καὶ
983 4702 1010 4753 ὁ
1060 4701 1157 4771 μὲν
1206 4700 1417 4771 Πατὴρ,
1466 4699 1587 4752 καῦ’
1626 4699 1790 4768 ὑμᾶς,

228 4785 428 4857 ὀνόματι
465 4792 624 4861 μόνον
653 4790 812 4845 τοῦτό
840 4794 985 4844 ἐστιν
1004 4810 1015 4820 ·
1042 4793 1070 4844 ὁ
1088 4791 1144 4844 δὲ
1181 4792 1322 4855 Υἱὸς,
1349 4789 1473 4844 οὔτε
1503 4791 1636 4857 υἱὸς,
1668 4788 1792 4844 οὔτε

228 4878 633 4951 ἀπαράλλακτος
660 4882 756 4934 τοῦ
804 4884 1163 4953 γεννήσαντος
1204 4882 1384 4947 εἰκὼν,
1434 4882 1569 4935 ἀλλὰ
1616 4882 1793 4952 μόνων

228 4969 319 5024 τῶν
346 4972 671 5043 Θελημάτων
695 4973 860 5027 αὐτοῦ
895 4992 1034 5045 μιμη
1052 4976 1156 5044 έής.
1204 4974 1356 5029 Ἐπεὶ
1383 4972 1479 5026 καὶ
1521 4976 1548 5027 ὁ
1578 4973 1792 5037 Παῦλος

232 5068 459 5137 μιμητὴς
496 5066 757 5136 ὑπάρχων
778 5065 871 5119 τοῦ
895 5065 1133 5137 Χριστοῦ
1157 5067 1250 5121 καὶ
1276 5066 1613 5138 προσεοικὼς
1644 5066 1793 5137 αὑτῷ

230 5156 348 5207 κατὰ
367 5174 426 5208 τε
455 5156 518 5209 τὸ
552 5156 837 5235 βούλεσθαι
871 5157 1030 5212 πάνθ’
1062 5160 1161 5211 ὅσα
1191 5158 1285 5211 καὶ
1320 5158 1484 5223 αὐτὸς
1514 5157 1787 5223 ἐϐούλετο,

230 5246 308 5297 καὶ
334 5248 478 5301 κατὰ
506 5248 595 5300 τὸν
625 5249 722 5319 τῆς
749 5250 1097 5314 διδασκαλίας
1125 5250 1300 5320 λόγον,
1336 5252 1448 5323 ἔχει
1482 5252 1579 5322 μὲν
1607 5251 1790 5304 εἰκόνα

1887 4707 2191 4781 juxta-vos,
2227 4708 2447 4762 nomine
2477 4706 2650 4761 solum
2686 4708 2789 4762 hoc
2820 4716 2925 4771 est,
2964 4706 3136 4762 Filius
3160 4714 3343 4760 autem
3391 4720 3480 4760 ne-

1891 4814 2000 4869 que
2020 4783 2182 4861 (ilius,
2221 4812 2395 4866 neque
2411 4798 2718 4853 omnimuda
2748 4797 2929 4853 Patris
2964 4798 3163 4868 imago,
3189 4798 3281 4851 sed
3311 4796 3483 4851 solum

1890 4890 2186 4946 voluntatis
2213 4889 2329 4958 ejus
2360 4890 2621 4944 imitator.
2648 4888 2928 4959 Siquidem
2960 4898 3016 4944 et
3067 4888 3266 4943 Paulus
3305 4888 3485 4941 imita-

1892 4992 1977 5039 tor
2026 4983 2295 5040 exsistens
2358 4982 2556 5037 Christi
2600 4982 2669 5051 ν,
2730 4992 2785 5038 et
2863 4982 3057 5037 similis
3158 4981 3208 5035 ei
3271 4981 3324 5036 in
3416 4996 3482 5036 eo

1890 5077 2033 5150 quod
2084 5077 2244 5133 vellet
2274 5077 2454 5132 omnia
2508 5092 2628 5148 qua:
2692 5077 2829 5147 ipse,
2881 5086 2937 5130 et
2972 5075 3180 5130 ratione
3202 5075 3481 5143 doctrinm,

1897 5168 2060 5224 habet
2088 5169 2305 5238 quidem
2336 5168 2632 5237 imaginem
2664 5168 2833 5237 ipsius
2875 5166 3191 5228 voluntatis.
3240 5180 3349 5219 nou
3402 5175 3481 5220 est

1898 5268 2077 5313 autem
2110 5258 2427 5313 naturaliter
2458 5258 2597 5314 idem
2627 5274 2748 5313 cum
2781 5257 2915 5312 Filio
2934 5256 3050 5310 Dei.
3079 5254 3231 5322 Quod
3250 5271 3374 5309 cum
3409 5256 3481 5309 ita

230 5336 319 5389 τῶν
365 5340 689 5410 θελημάτων
729 5341 918 5405 αὑτοῦ,
970 5343 1071 5396 οὐκ
1114 5343 1228 5397 ἔστι
1275 5343 1331 5397 δὲ
1381 5344 1525 5397 κατᾶ
1559 5343 1719 5413 φύσιν
1764 5345 1792 5397 6

1900 5351 1987 5415 sit,
2008 5350 2298 5403 absurdum
2335 5348 2491 5403 simul
2513 5358 2567 5403 et
2624 5348 2849 5417 impium
2876 5356 2979 5409 est,
3009 5346 3061 5399 in
3100 5346 3205 5398 alia
3264 5359 3321 5398 re
3353 5360 3478 5399 cou-

231 5428 371 5492 αὖτὺς
419 5433 497 5502 τῷ
532 5431 645 5502 Υἱῷ
683 5433 777 5486 τοῦ
828 5433 985 5489 Θεοῦ.
1027 5434 1090 5487 Εἰ
1126 5435 1182 5488 δὲ
1228 5435 1386 5488 τοῦτο
1424 5436 1623 5490 ἄτοπον
1654 5434 1787 5506 όμοῦ

1900 5440 2118 5494 stituere
2145 5438 2551 5494 similitudinem
2596 5438 2716 5493 Filii
2742 5453 2864 5492 cum
2906 5437 3087 5500 Patre,
3116 5444 3481 5505 prazterquam

232 5522 309 5571 καὶ
338 5523 553 5587 ἀσεϐὲς,
593 5526 809 5594 ἀνάγκη
841 5525 1029 5595 φέρειν
1058 5524 1156 5596 τὴν
1193 5526 1485 5596 ὁμοιότητα
1519 5526 1659 5579 κατὰ
1691 5525 1787 5596 μό-

1900 5530 1949 5585 in
1993 5530 2106 5586 sola
2134 5531 2390 5594 essentia,
2452 5538 2507 5585 et
2556 5530 2606 5583 in
2663 5528 3077 5584 characteribus
3116 5537 3339 5579 uatum.
3406 5524 3480 5578 lta

230 5627 311 5675 νης
356 5614 455 5681 τῆς
501 5615 689 5679 οὐσίας
736 5615 833 5668 καὶ
865 5616 990 5679 τοὺς
1028 5619 1127 5686 τῆς
1168 5616 1383 5685 φύσεως
1409 5616 1786 5687 χαρακτῆρας.

1900 5620 2036 5675 enim
2058 5621 2301 5691 profecto
2320 5620 2499 5675 verius
2526 5620 2703 5689 imago
2726 5618 2905 5674 Patris
2936 5617 3107 5673 Filius
3140 5632 3259 5672 esse
3288 5626 3480 5671 osten-

230 5700 366 5757 (ἥξω
405 5704 513 5777 γὰρ
546 5706 716 5772 ὅντως
762 5706 1124 5777 ἀληθέστερον
1169 5707 1333 5761 εἰκὼν
1376 5708 1469 5760 τοῦ
1520 5707 1731 5777 Πατρὸς
1761 5706 1789 5759 6

1900 5713 2062 5781 ditur,
2094 5713 2228 5769 adeo
2255 5722 2311 5766 ut
2342 5712 2524 5769 dicere
2553 5711 2758 5784 possit:
2803 5729 2821 5763 ι
2862 5711 2973 5781 Ego
2998 5712 3050 5765 in
3085 5709 3269 5775 Patre,
3294 5719 3347 5763 et
3369 5706 3477 5762 Pa-

1499 5889 1542 5921 "
1569 5885 1709 5943 Psal.
1746 5902 1929 5954 ωιχιι,
1957 5888 2009 5944 8.
2090 5890 2134 5921 "'
2174 5887 2327 5945 Joau.
2359 5904 2394 5955 ι,
2435 5889 2515 5944 ιι.
2596 5889 2639 5921 ⁸⁷
2671 5890 2691 5943 l
2724 5886 2849 5945 Cor.
2884 5902 2959 5955 ιν,
2998 5885 3078 5942 16.

296 5884 336 5915 ’⁸
366 5884 502 5943 Psal.
532 5904 720 5957 Lxxxr,
754 5886 807 5942 6.
890 5887 935 5916 "’
973 5885 1109 5943 Psal.
1143 5904 1337 5953 uxrv,
1366 5888 1419 5941 fi.
