3968 6482
541 482 637 541 191

1549 478 1606 535 s.
1646 466 1916 533 CYRILLI
1955 444 2783 533 ansnnnnmancnmp.

3656 470 3761 525 ισσι

539 611 626 655 ter
656 599 708 658 in
731 614 846 668 me;
874 618 894 656 ι
927 606 983 658 et
1014 572 1226 656 κυηυῶ
1262 615 1276 653 :
1313 615 1332 651 ι
1366 597 1465 668 Qui
1516 598 1650 654 vidit
1706 614 1813 664 me,
1863 594 1997 651 vidit
2038 602 2080 650 et

2195 592 2322 657 Υίδς
2338 592 2802 664 άναδειχθήσιται,
2822 590 2897 655 ὡς
2925 589 3290 646 καὶδῦνασθαι
3313 588 3491 657 λέγειν
3509 602 3523 619 ·
3558 603 3577 637 ι
3616 582 3761 651 Ἐγὼ

536 690 771 748 Patrem.
797 681 824 743 ἰ

950 902 1178 989 ALIUD,
1216 906 1368 959 modo
1412 904 1741 975 explicati».

605 1013 682 1069 lla
720 1022 802 1070 est
832 1030 992 1071 unum
1030 1015 1259 1073 Pateret
1289 1018 1475 1083 Filius,
1499 1031 1671 1088 eaque
1695 1016 1904 1073 ratione
1934 1015 2092 1073 simi-

534 1104 838 1175 lisipsiest,
858 1106 1304 1176 quemadmodum
1321 1109 1373 1162 in
1402 1108 1554 1164 nobis
1570 1107 1735 1162 Filius
1760 1107 1969 1163 ratione
1998 1119 2089 1163 es-

533 1191 917 1247 sentiaslmllis
931 1192 1210 1249 essePatri
1232 1194 1623 1266 intelligitur,et
1641 1195 2088 1264 quemadmodum

531 1281 786 1349 splendor
796 1298 861 1338 ex
885 1285 997 1339 sole
1009 1285 1557 1354 procedensteirco,
1577 1300 1698 1341 cum
1721 1286 1793 1340 ita
1815 1298 1874 1340 se
1890 1284 2091 1340 habeat

532 1374 699 1430 Filius
736 1374 801 1431 ad
829 1375 1062 1445 Patrem,
1080 1389 1336 1448 operante
1365 1378 1501 1435 Filio
1526 1387 1785 1448 operatur
1801 1387 1853 1434 et
1884 1377 2087 1434 Pater:

529 1479 701 1535 eoque
717 1482 927 1522 rursum
980 1470 1046 1523 ad
1067 1477 1285 1524 sanctos
1306 1470 1557 1524 veniente
1579 1468 1726 1523 venit
1758 1468 1925 1524 etiam
1982 1468 2090 1524 Pa-

530 1564 635 1624 ter,
669 1558 809 1613 sicut
876 1559 991 1627 ipse
1031 1559 1108 1615 ait
1130 1576 1196 1626 at
1260 1559 1576 1627 Veniemus,
1615 1574 1714 1631 ego
1736 1568 1791 1615 et
1820 1559 2001 1625 Pater,
2034 1569 2090 1616 et

530 1648 857 1705 mansionem
884 1651 1024 1721 apud
1051 1652 1223 1723 ipsum
1262 1650 1517 1708 iaciemus
1539 1653 1605 1709 ⁸⁸.
1655 1670 1675 1705 ι
1702 1650 1896 1709 Omnia
1923 1653 2088 1720 enim,

529 1746 589 1793 ut
610 1740 766 1796 modo
790 1741 989 1796 dictum
1020 1750 1126 1807 est,
1156 1757 1188 1797 a
1212 1740 1393 1799 Patre
1419 1758 1515 1813 per
1573 1742 1764 1798 Filium
1797 1743 1969 1799 llunt:
2008 1744 2090 1798 ld-

528 1832 674 1887 circo
703 1833 748 1887 si
778 1824 972 1903 quibus
997 1849 1229 1905 unquam
1249 1834 1449 1890 sanctis
1468 1836 1638 1906 gratia
1667 1836 1787 1890 data
1810 1846 1913 1902 est,
1969 1850 2090 1894 eam

529 1922 686 1979 Pater
715 1940 810 1995 per
839 1924 1031 1990 Filium
1058 1926 1283 1997 largitus
1310 1926 1475 1982 fuisse
1510 1924 1665 1997 115
1702 1926 1959 1982 cernitur.
1980 1925 2085 1981 Cu-

2189 685 2249 738 ἐν
2276 682 2357 754 τῷ
2384 684 2585 754 Πατρὶ,
2598 682 2691 737 καὶ
2721 683 2749 736 6
2776 681 2963 754 Πατὴρ
2988 682 3045 736 ιν
3077 681 3223 751 ἐμοὶ,
3259 699 3275 731 ι
3304 679 3397 733 καὶ
3419 678 3608 734 πάλιν·
3638 694 3660 727 ι
3698 676 3759 729 ’0

2192 771 2450 845 ἐωρακὼς
2479 770 2603 843 ἐμέ,
2638 769 2849 842 ἑώρακε
2879 769 2971 824 τὸν
3004 768 3244 841 Πατέρα.
3292 787 3311 819 ι

2524 905 2726 969 ΔΛΔΟ,
2762 905 2964 974 τρόπῳ
2992 898 3417 973 διητηματικῷ.

2260 1016 2445 1084 Οῦτως
2487 1018 2545 1073 ’ἐν
2591 1019 2729 1073 εἰσιν
2770 1019 2801 1071 6
2849 1017 3039 1089 Πατὴρ
3086 1016 3181 1070 καὶ
3219 1016 3248 1069 6
3291 1013 3442 1077 Υἱὸς,
3486 1012 3579 1067 καὶ
3615 1008 3759 1065 κατὰ

2189 1108 2339 1163 τόνδε
2390 1108 2481 1163 τὸν
2521 1108 2721 1181 τρόπον
2761 1108 3008 1179 ἐμφερής
3054 1106 3205 1159 ἐστιν
3251 1104 3418 1175 αὐτῷ,
3448 1102 3524 1168 ὡς
3558 1102 3624 1157 ἂν
3668 1100 3758 1169 ἐφ’

2190 1199 2346 1272 ἡμῶν
2384 1200 2601 1271 νοηθείη
2632 1200 2745 1263 υίὸς
2777 1197 2909 1272 πρὸς
2934 1197 3027 1252 τὸν
3058 1196 3250 1253 ἐαυτοῦ
3278 1195 3488 1268 πατέρα
3526 1193 3668 1249 κατά
3689 1208 3758 1262 τι

2188 1290 2281 1343 τὸν
2323 1288 2420 1360 τῆς
2464 1287 2652 1353 οὐσίας
2683 1286 2859 1356 λόγον,
2893 1287 2986 1341 καὶ
3013 1285 3089 1350 ὡς
3133 1285 3200 1339 ἂν
3232 1284 3329 1339 ίδοι
3358 1301 3444 1347 τις
3488 1283 3624 1355 πρὸς
3662 1280 3759 1335 τὸν

2189 1377 2338 1448 ἥλιον
2366 1378 2427 1431 τὸ
2462 1377 2520 1444 ἐξ
2548 1376 2713 1431 αὑτοῦ
2734 1377 2921 1448 προϊὸν
2950 1376 3309 1446 ἀπαύγασμα.
3342 1375 3439 1428 Διὰ
3465 1373 3572 1447 γάρ
3602 1370 3759 1427 τοῦτο

2189 1469 2282 1524 καὶ
2305 1468 2393 1523 διὰ
2411 1468 2469 1521 τὸ
2496 1468 2671 1533 οὕτως
2693 1468 2836 1539 ἔχειν
2863 1468 2955 1522 τὸν
2980 1467 3107 1521 Υίδν
3135 1465 3271 1539 πρὸς
3299 1465 3391 1519 τὸν
3419 1462 3613 1519 ἐαυτοῦ
3645 1463 3759 1516 Πα-

2188 1558 2344 1633 τέρα,
2379 1557 2747 1631 ἐργαζομένου
2785 1556 2880 1612 τοῦ
2934 1555 3089 1618 Υίοῦ.
3129 1557 3158 1610 6
3212 1554 3402 1627 Πατὴρ
3445 1549 3757 1625 ἐργάζεται,

2189 1649 2285 1703 καὶ
2316 1648 2454 1720 πρὸς
2479 1650 2605 1712 τοὺς
2635 1647 2823 1717 ἁγίους
2853 1648 3148 1720 ἐρχομένου
3185 1646 3348 1700 πάλιν
3375 1643 3562 1713 αὑτοῦ,
3590 1645 3620 1697 6
3647 1642 3762 1697 Πα-

2187 1742 2292 1812 τήρ
2323 1741 2470 1793 ἐστιν
2512 1742 2541 1794 6
2584 1739 2895 1811 ἐρχόμενος,
2930 1737 3006 1802 ὼς
3034 1735 3198 1807 αὐτὸς
3224 1736 3424 1806 ιφησεν
3445 1752 3458 1766 ο
3501 1753 3521 1788 ι
3582 1730 3762 1787 Ἐλευ-

2192 1830 2418 1900 σόμεθα,
2461 1829 2572 1900 ἐγὼ
2618 1832 2713 1883 καὶ
2753 1831 2782 1883 6
2828 1829 3037 1901 Πατὴρ,
3081 1827 3175 1882 καὶ⁵
3213 1827 3381 1899 μονὴν
3436 1828 3565 1897 παρ’
3610 1822 3760 1895 αὐτῷ

2192 1922 2511 1992 ποιήσομεν.
2552 1938 2571 1973 ι
2609 1922 2791 1976 Πάντα
2825 1920 2957 1991 γὰρ,
3002 1918 3252 1990 καθάπερ
3280 1918 3379 1990 ήδη
3410 1918 3759 1989 προείρηται.

521 2014 611 2082 jus
672 2018 748 2072 rei
795 2014 994 2072 Paulus
1044 2018 1194 2072 testis
1239 2024 1342 2082 est,
1401 2015 1470 2071 ad
1499 2017 1757 2085 quosdam
1789 2016 2080 2071 scribens:

2184 2014 2336 2084 παρὰ
2374 2016 2587 2085 Πατρὸς
2624 2014 2691 2067 δι’
2726 2012 2856 2067 Υίοῦ
2902 2013 3181 2082 γίγνεταν
3231 2011 3325 2065 καὶ
3367 2008 3499 2081 γοῦν
3543 2012 3597 2065 εί
3628 2009 3760 2065 ποτε

530 2124 549 2155 ι
597 2105 779 2161 Gratia
815 2109 962 2163 vobis
987 2102 1174 2177 et’paa
1200 2122 1230 2162 a
1254 2107 1363 2164 Deo
1412 2107 1573 2163 Patre
1620 2119 1674 2163 et
1704 2106 1930 2165 Domino
1959 2106 2086 2163 Jesu

524 2194 737 2250 Christo
762 2195 829 2251 υ.
872 2215 892 2248 ι
930 2197 998 2252 Ει
1024 2197 1138 2267 ipse
1164 2211 1377 2252 rursum
1405 2196 1530 2252 alibi
1561 2214 1576 2252 :
1620 2214 1640 2248 ι
1670 2196 1787 2266 Ipse
1818 2196 1978 2253 Pater
2032 2207 2088 2254 et

524 2283 666 2341 Deus
684 2295 869 2343 noster
888 2296 943 2343 et
967 2286 1224 2344 Dominus
1250 2298 1432 2344 noster
1455 2286 1613 2344 Jesus
1628 2288 1875 2345 Christus
1893 2289 2089 2360 dirigat

524 2378 665 2431 viam
694 2388 931 2435 nostram
957 2366 1027 2433 ad
1060 2393 1155 2435 vos
1202 2379 1270 2435 ”.
1308 2398 1328 2432 ι
1366 2379 1436 2435 At
1482 2381 1528 2441 ai
1563 2388 1670 2437 non
1716 2390 1859 2437 esset
1905 2382 2084 2440 unitas

523 2468 699 2525 Patris
724 2485 850 2524 eum
881 2470 1039 2536 Filio,
1078 2470 1303 2527 dixisset
1347 2470 1607 2542 profecto,
1670 2470 1916 2543 Dirigant
1938 2473 2080 2528 viam

521 2569 786 2623 nostram.
819 2570 877 2616 nt
909 2564 1040 2617 duos
1074 2561 1419 2628 signiﬁcaret.
1496 2562 1650 2620 Nunc
1676 2580 1805 2622 vero
1860 2566 1915 2620 id
1976 2583 2081 2622 non

474 2694 481 2695 γ
520 2652 695 2707 facit:
746 2654 1004 2708 unitatem
1086 2639 1265 2709 autem
1335 2652 1512 2710 Patris
1538 2665 1593 2710 et
1646 2655 1766 2711 Filii
1795 2655 2079 2712 manifeste

521 2745 838 2807 observans,
894 2743 1244 2814 singulariter
1298 2746 1455 2811 dixit,
1508 2746 1729 2818 dirigat,
1778 2763 1882 2802 non
1923 2748 2081 2817 quasi

517 2835 746 2891 acerrim
793 2833 971 2903 Pater,
1001 2843 1056 2891 et
1105 2836 1331 2893 seorsim
1387 2836 1557 2917 Filius
1599 2840 1902 2910 suppeditet
1957 2832 2082 2911 gra-

520 2925 671 2989 tiam,
718 2926 813 2981 sed
874 2934 1124 2997 tanquam
1189 2925 1354 2983 Pater
1424 2943 1520 2999 per
1598 2929 1791 2985 Filium
1857 2932 1909 2987 in
1958 2931 2083 3001 Spi-

520 3016 626 3069 ritu
668 3026 857 3073 sancto
882 3032 947 3072 ex
970 3032 1075 3073 una
1092 3017 1290 3073 deitate
1316 3018 1451 3074 dona
1474 3036 1569 3075 sua
1590 3022 1791 3077 sanctis
1811 3022 2079 3078 conlerat.

2188 2119 2331 2157 τισιν
2358 2103 2533 2172 ἁγίοις
2558 2103 2767 2158 δέδοται
2794 2104 2974 2174 χάρις,
3012 2101 3216 2173 ταύτην
3255 2104 3283 2155 6
3310 2101 3497 2172 Πατὴρ
3531 2100 3598 2155 δι’
3624 2097 3758 2154 Υίοῦ

2186 2196 2502 2267 χορηγήσας
2526 2196 2795 2265 φαίνεται.
2832 2196 2942 2249 Καὶ
2972 2194 3183 2265 μάρτυς
3218 2194 3247 2247 6
3291 2193 3503 2257 Παῦλος
3528 2191 3760 2264 γράφων

2185 2290 2321 2363 πρός
2346 2304 2529 2352 τινας’
2561 2307 2580 2341 t
2614 2286 2790 2358 Χάρις
2816 2287 2945 2357 ὑμῖν
2975 2285 3068 2340 καὶ
3105 2286 3294 2358 εἰρήνη
3327 2285 3435 2339 ἀπὸ
3464 2284 3601 2339 Θεοῦ
3641 2285 3760 2340 Πα-

2184 2382 2314 2451 τρὺς
2353 2382 2447 2435 καὶ
2485 2380 2691 2452 Κυρίου
2740 2378 2913 2452 Ἰησοῦ
2958 2377 3214 2449 Χριστοῦ.
3262 2398 3282 2431 ι
3323 2378 3494 2433 Πάλιν
3526 2379 3555 2432 6
3596 2378 3763 2443 αὐτὸς

2185 2473 2389 2543 ἑτέροις
2420 2469 2780 2526 ἐπιστέλλων·
2825 2489 2844 2522 ι
2886 2470 3056 2534 Αὐτὸς
3092 2470 3148 2523 δὲ
3191 2472 3220 2523 6
3256 2469 3445 2541 Πατὴρ
3490 2472 3587 2525 καὶ
3623 2469 3761 2536 Θεὸς

2177 2566 2357 2640 ἡμῶν,
2390 2565 2482 2620 καὶ
2507 2568 2535 2621 6
2564 2564 2768 2636 Κύριος
2790 2564 2947 2636 ἡμῶν
2990 2563 3197 2635 Ἰησοῦς
3226 2564 3459 2636 Χριστὸς
3490 2561 3761 2618 κατευθύ-

2183 2678 2270 2727 ναι
2300 2660 2398 2729 τὴν
2431 2655 2548 2712 ὁδὸν
2573 2659 2728 2731 ἡμῶν
2765 2658 2901 2729 πρὸς
2926 2658 3088 2729 ὑμᾶς.
3138 2676 3161 2708 ι
3216 2656 3353 2710 Ἀλλ’
3384 2656 3432 2710 εί
3470 2657 3543 2727 μή
3574 2672 3658 2721 τις
3687 2651 3761 2728 ἦν

2184 2753 2371 2823 ἐνότης
2401 2752 2576 2822 Πατρὶ
2606 2750 2742 2820 πρὸς
2766 2749 2915 2816 Υἱδν,
2943 2744 3093 2803 εἶπεν
3123 2748 3209 2813 ἂν,
3234 2746 3627 2820 Κατευθύνοιεν
3656 2745 3759 2817 τὴν

2182 2844 2302 2909 ὁδὸν
2326 2842 2501 2915 ἡμῶν,
2522 2842 2609 2897 ἵνα
2626 2842 2751 2905 τοὺς
2770 2841 2864 2895 δύο
2887 2841 3123 2915 σημάνῃ.
3148 2841 3284 2896 Νυνὶ
3312 2840 3369 2895 δὲ
3388 2838 3547 2894 τοῦτο
3573 2840 3672 2909 μιν
3692 2838 3781 2892 ob.

2185 2937 2363 2989 ποιεῖ·
2394 2934 2494 3006 τὴν
2524 2934 2581 2988 δὲ
2610 2933 2836 3004 ἑνότητα
2864 2933 2957 2987 τοῦ
2990 2932 3201 3005 Πατρδς
3244 2934 3336 2987 καὶ
3365 2931 3459 2986 τοῦ
3494 2929 3623 2985 Υίοῦ
3656 2946 3759 3001 τη-

2190 3027 2361 3098 ρήσας
2392 3025 2603 3095 σαφῶς,
2635 3026 2695 3079 τδ
2722 3025 3080 3081 κατευθύναι
3116 3023 3359 3078 τέθεικεν
3398 3023 3623 3087 ἑνικῶς’
3653 3023 3759 3094 οὔχ

514 3106 593 3169 ὡς
642 3107 747 3179 ίὸίᾳ
794 3108 893 3179 μὲν
936 3107 1029 3161 τοῦ
1070 3108 1303 3178 Πατρδς,
1342 3111 1450 3183 ίδίᾳ
1490 3111 1549 3165 δὲ
1595 3112 1956 3185 χορηγοῦντος
1982 3115 2077 3169 τοῦ
2118 3116 2270 3183 Υίοῦ,
2341 3117 2457 3172 ἀλλ’
2485 3117 2561 3183 ὡς
2624 3116 2834 3189 Πατρδς
2866 3117 2933 3170 δι’
2965 3115 3094 3170 Υίοῦ
3123 3116 3181 3170 ἐν
3206 3116 3348 3187 ἁγίῳ
3384 3114 3666 3185 Πνεῦμστι·
3689 3114 3765 3167 ἐκ

514 3197 613 3272 τῆς
652 3201 782 3274 μιᾶς
810 3200 1060 3273 θεότητος
1089 3202 1454 3272 πεμπομένων
1482 3204 1592 3258 τῶν
1619 3207 1972 3278 χαρισμάτων
2001 3211 2080 3273 είς
2118 3212 2242 3275 τοὺς
2274 3210 2487 3280 ἁγίους.

1171 3316 1401 3373 ALIUD.

2869 3324 3070 3378 AAAO.

592 3430 647 3486 Si
688 3438 968 3501 separatas
1015 3436 1158 3484 esset
1210 3426 1508 3484 secundum
1581 3438 1826 3486 naturam
1881 3432 1950 3486 ab
2003 3444 2080 3487 es-

2255 3433 2319 3486 Εί
2339 3434 2639 3505 κεχώριστο
2667 3433 2807 3487 κατὰ
2839 3433 3000 3503 φύσιν
3026 3433 3121 3503 τῆς
3155 3430 3248 3487 τοῦ
3272 3431 3483 3503 Πατρος
3512 3432 3702 3500 οὐσίας
3724 3436 3761 3491 6

519 3523 691 3588 sentia
718 3521 896 3576 Patris
940 3518 1131 3584 Filius,
1152 3526 1206 3573 et
1238 3519 1340 3575 nisi
1397 3519 1539 3573 inter
1579 3533 1675 3575 eos
1706 3521 2082 3591 inseparabilis

517 3614 757 3683 quadam
789 3612 969 3667 unitas
998 3609 1373 3675 intercederet,
1399 3610 1573 3682 qualis
1596 3622 1678 3667 est
1717 3614 1861 3668 inter
1895 3613 2079 3684 splen-

518 3707 700 3760 dorem
721 3713 775 3759 ει
790 3702 995 3769 solem,
1012 3700 1275 3757 suliieeret
1305 3700 1477 3757 solum
1504 3700 1719 3757 Patrem
1745 3704 1947 3760 sanctis
1986 3705 2080 3760 do-

520 3811 586 3851 na
609 3794 873 3856 conferre,
910 3808 1014 3848 non
1036 3792 1271 3849 admisso
1300 3792 1458 3848 simul
1476 3793 1543 3849 ad
1572 3794 1673 3850 hoc
1694 3794 1851 3851 Filio.
1875 3795 2007 3851 Nam
2032 3797 2079 3853 si

517 3896 711 3940 creata:
735 3891 937 3938 naturae
956 3891 1061 3948 est,
1080 3892 1135 3937 et
1160 3882 1431 3938 diversum
1449 3884 1574 3953 quid
1616 3898 1645 3938 a
1677 3882 1806 3950 Deo,
1824 3900 1984 3955 quam
2009 3887 2078 3943 ob
2102 3926 2117 3929 —

516 3990 732 4031 causam
765 3989 886 4029 cum
919 3972 1059 4028 nulla
1087 3987 1150 4026 ex
1185 3974 1432 4029 omnibus
1456 3976 1735 4030 creaturis
1771 3974 1881 4032 Deo
1926 3991 2077 4032 com-

518 4065 757 4121 municet
780 4064 844 4117 ad
875 4064 1173 4118 divinorum
1200 4064 1462 4120 donorum
1515 4066 1873 4136 largitionem,
1932 4068 2079 4123 solus

517 4156 633 4224 ipse
655 4153 1004 4209 admittatur?
1027 4151 1194 4209 Nemo
1218 4154 1383 4218 enim.
1412 4154 1549 4211 ferat
1613 4157 1845 4228 aliquem
1892 4157 2078 4213 dicen-

517 4256 665 4300 tem:
698 4245 797 4299 Det
832 4245 923 4299 tibi
955 4244 1239 4313 petitiones
1266 4246 1446 4300 cordis
1475 4246 1549 4300 tui
1622 4246 1763 4301 Deus
1817 4247 1975 4302 Pater
2020 4257 2076 4303 et

515 4336 761 4405 angelus;
805 4335 899 4391 sed
930 4350 1103 4406 neque
1131 4334 1175 4389 si
1198 4337 1339 4405 'quid
1364 4338 1536 4407 majus
1592 4336 1782 4406 angelo
1806 4338 2069 4394 nominet.

517 4428 629 4483 Soli
657 4427 801 4483 enim
847 4425 958 4481 Deo
990 4420 1241 4481 convenit
1267 4427 1391 4494 hoc,
1422 4429 1573 4483 dare.
1606 4427 1663 4483 Si
1687 4444 1816 4483 vero
1849 4429 1940 4483 dat
1968 4446 2071 4485 non

516 4533 638 4573 cum
672 4516 774 4571 ulla
796 4532 857 4572 ea
892 4516 1177 4584 creaturis,
1213 4516 1308 4571 sed
1365 4532 1486 4571 cum
1526 4518 1641 4574 solo
1695 4517 1834 4573 Filio
1878 4529 1931 4574 et
1980 4535 2074 4587 per

514 4608 706 4665 Filium
752 4609 804 4663 in
853 4607 1055 4678 Spiritu
1089 4618 1299 4676 sancto,
1358 4608 1702 4665 manifestum
1761 4612 1895 4666 satis
1947 4612 2070 4668 hinc

514 4700 680 4755 fuerit
712 4700 860 4754 illum
895 4698 1213 4755 naturaliter
1250 4715 1313 4756 ex
1350 4701 1583 4756 essentia
1615 4700 2067 4771 Patrisqenitum

512 4804 654 4855 esse,
673 4789 995 4858 Patremque
1047 4792 1099 4844 in
1127 4806 1187 4847 se
1238 4792 1476 4847 habere:
1505 4793 1786 4863 ipsumque
1826 4795 2065 4851 vicissim

2182 3523 2331 3590 Υἱὸς,
2364 3525 2459 3580 καὶ
2496 3526 2545 3578 εί
2592 3524 2665 3595 μή
2692 3540 2775 3588 τις
2800 3524 2987 3593 ἐνότης
3024 3519 3343 3585 ἁδιάστατος
3369 3518 3438 3592 ἦν
3476 3524 3534 3576 ἐν
3566 3524 3759 3591 αὐτοῖς

2178 3614 2369 3668 ὁποίαν
2414 3614 2524 3685 ἔχει
2554 3614 2617 3667 τὸ
2661 3612 3005 3683 ἀπαύγασμα
3033 3612 3170 3683 πρὸς
3200 3612 3293 3667 τὸν
3320 3613 3492 3684 ἥλιον,
3531 3614 3758 3685 ἐξήρκει

2178 3704 2271 3758 καὶ
2300 3703 2458 3775 μόνον
2491 3704 2582 3758 τὸν
2619 3703 2840 3775 Πατέρα
2864 3706 2977 3768 τοῖς
3000 3704 3194 3772 κάγίοις
3221 3704 3511 3760 ἐπιδιδόναι
3557 3707 3622 3759 τὰ
3649 3724 3756 3777 χα-

2179 3792 2443 3865 ρίσματα,
2478 3795 2569 3865 μὴ’
2591 3793 3262 3866 συμπαραλαμϐανομένου
3297 3795 3432 3865 πρὸς
3474 3795 3632 3850 τοῦτο
3656 3798 3759 3852 καὶ

2177 3883 2272 3937 τοῦ
2303 3884 2455 3939 Υἱοῦ.
2484 3886 2547 3937 El
2574 3883 2681 3953 γὰρ
2711 3885 2936 3956 κτιστῆς
2962 3887 3111 3939 ἐστιν
3136 3885 3344 3952 οὐσίας,
3369 3887 3463 3939 καὶ
3490 3886 3674 3958 ἐτερόν
3695 3903 3757 3943 τι

2179 3974 2329 4044 παρὰ
2354 3972 2445 4026 τὸν
2475 3973 2628 4037 Θεὸν,
2654 3976 2804 4027 ποῖον
2837 3973 2949 4043 ἔχει
2974 3973 3131 4043 λόγον
3166 3975 3380 4039 οὐδενὸς
3420 3976 3531 4030 τῶν
3574 3976 3757 4031 άλλων

2177 4063 2494 4133 κτισμάτων
2526 4062 3001 4127 ἐπικοινωνοῦντος
3027 4063 3147 4134 Θεῷ
3174 4065 3309 4136 πρὸς
3346 4063 3443 4135 τὴν
3469 4065 3613 4119 δόσιν
3637 4067 3758 4122 τῶν

2177 4150 2337 4205 θείων
2378 4152 2754 4223 χαρισμάτων,
2791 4151 2947 4223 μόνον
2988 4153 3150 4205 αὐτὸν
3184 4152 3750 4223 παραλαμϐάνεσθαις

2176 4242 2269 4295 οὐ’
2296 4241 2403 4313 γὰρ
2449 4242 2700 4309 ἀνέξεταί
2750 4259 2834 4305 τις
2870 4241 3117 4311 λέγοντός
3161 4260 3339 4307 τινος·
3387 4244 3511 4315 Δοίη
3566 4260 3646 4299 σοι
3676 4247 3753 4301 τὰ

2175 4334 2453 4405 αἰτήματα
2488 4351 2580 4386 σου
2610 4334 2743 4398 Θεὸς
2782 4335 2942 4405 τυχὸν
2973 4334 3001 4387 6
3033 4334 3222 4408 Πατὴρ
3271 4335 3365 4389 καὶ
3402 4338 3434 4389 6
3477 4336 3708 4405 ἄγγελος
3733 4332 3777 4368 θ’

2176 4425 2290 4478 ἀλλ’
2318 4424 2437 4477 οὐδὲ
2466 4424 2517 4478 ετ
2536 4441 2587 4478 τι
2613 4424 2797 4495 μεῖζον
2824 4425 3141 4495 ὀνομάσειεν
3170 4426 3423 4495 ἀγγέλου.
3451 4427 3615 4497 Μόνῳ
3636 4426 3754 4501 γὰρ

2174 4516 2233 4569 τὸ
2262 4515 2459 4570 διδόναι
2491 4516 2686 4587 πρέπει
2718 4516 2855 4588 Θεῷ.
2905 4518 2967 4571 Ei
2992 4517 3049 4571 δὲ
3076 4518 3310 4584 δίδωσιν,
3340 4519 3402 4572 οὐ
3435 4520 3575 4589 μετά
3600 4535 3755 4587 τινος

2172 4607 2358 4678 ἐτέρου
2384 4607 2491 4660 τῶν
2521 4609 2857 4678 κτισμάτων,
2890 4608 3024 4663 ἀλλᾶ
3068 4608 3212 4680 μόνῳ
3243 4610 3342 4663 σὺν
3384 4610 3496 4681 Υίῷ
3538 4611 3631 4664 καὶ
3674 4611 3752 4667 δι’

2173 4700 2303 4753 Υίοῦ
2332 4702 2390 4753 ἐν
2421 4701 2559 4771 ἁγίῳ
2588 4699 2888 4771 Πνεῦματι,
2929 4699 3086 4770 δῆλον
3116 4699 3365 4754 ἐντεῦθεν
3411 4701 3477 4755 ἂν
3514 4700 3601 4771 εἴη
3648 4703 3750 4757 καὶ

2176 4789 2335 4843 παντί
2372 4808 2447 4860 τῳ
2473 4788 2768 4860 γνώριμον,
2798 4791 2990 4861 ὅτιπερ
3030 4789 3131 4859 τῆς
3175 4791 3363 4854 οὐσίας
3403 4790 3498 4844 τοῦ
3530 4792 3751 4862 Πατρὸς

510 4879 855 4936 exsistentem
888 4870 941 4933 in
965 4878 1122 4933 Patre
1141 4880 1321 4933 omnia
1344 4879 1553 4936 etiicere
1578 4890 1738 4950 atque
1769 4884 2069 4953 operari,et

2184 4882 2301 4935 ἴδιόν
2341 4884 2458 4936 ἐστι
2499 4882 2767 4953 γέννημα,
2798 4882 2892 4936 καὶ
2920 4882 3010 4937 τὸν
3038 4883 3258 4954 Πατέρα
3286 4882 3423 4953 ἔχων
3453 4884 3512 4938 ἐν
3539 4883 3747 4955 ἐαυτῷ,

511 4973 648 5029 dona
679 4972 881 5027 sanctis
909 4969 1177 5027 conferre.
1201 4970 1351 5038 Quod
1378 4979 1432 5027 et
1474 4972 1673 5027 Paulus
1706 4982 1933 5029 testatur
1990 4976 2070 5031 di-

513 5078 641 5119 cens
671 5078 685 5116 :
725 5082 743 5115 ι
767 5062 981 5118 Gratias
1005 5078 1101 5133 ago
1126 5062 1231 5118 Deo
1258 5078 1376 5120 meo
1414 5079 1625 5133 semper
1655 5064 1719 5120 de
1747 5068 1896 5123 vobis
1926 5083 2053 5139 pro-

513 5161 630 5219 pter
651 5148 874 5220 gratiam
905 5150 997 5206 Dei
1047 5165 1165 5221 que
1208 5151 1329 5206 data
1396 5150 1549 5212 vobis
1604 5154 1657 5209 in
1707 5155 1926 5213 Christo
1977 5155 2068 5213 Je-

506 5256 568 5297 ευ
594 5243 660 5295 ³⁸.
695 5260 714 5295 ι

1187 5441 1414 5499 ALIUD.

882 5550 965 5605 Ea:
1000 5552 1285 5619 objectione
1314 5555 1696 5615 litereucorum.

582 5664 820 5733 Dixistis,
844 5666 1013 5731 aiunt,
1043 5666 1239 5722 nullam
1276 5683 1641 5726 creaturarum
1674 5671 1780 5729 Deo
1810 5688 2053 5729 commu-

578 5835 622 5869 ”
656 5841 808 5897 Joan.
842 5858 947 5909 xiv,
980 5845 1069 5903 ‘23.

2171 4971 2334 5035 αὐτός
2361 4988 2422 5023 τε
2445 4971 2644 5041 ὁμοίως
2670 4971 2930 5042 ὑπάρχων
2956 4973 3012 5025 ἐν
3035 4971 3113 5043 τῷ
3153 4973 3348 5042 Πατρὶ,
3380 4971 3557 5026 πάντα
3590 4974 3752 5045 ἐνερ-

2169 5069 2257 5135 γεῖ
2284 5065 2377 5119 καὶ
2417 5064 2708 5136 ἐργάζεται
2749 5064 2843 5117 καὶ
2884 5065 3110 5135 χορηγεῖ
3134 5066 3246 5127 τοῖς
3282 5063 3455 5132 ἁγίοις
3497 5061 3597 5127 τὰς
3633 5064 3748 5119 δω-

2173 5156 2320 5229 ρεάς.
2367 5157 2478 5210 Καὶ
2529 5156 2737 5227 μάρτυς
2780 5156 2807 5207 6
2850 5154 3059 5219 Παῦλος
3094 5154 3302 5223 λέγων·
3347 5173 3368 5208 ι
3413 5156 3750 5227 Εὐχσριστιῖι

2169 5244 2246 5315 τῷ
2273 5243 2391 5315 Θεῷ
2442 5261 2543 5315 μου
2588 5244 2816 5299 πάντοτε
2862 5245 2990 5316 περὶ
3021 5245 3175 5316 ὑμῶν
3216 5246 3309 5298 ἐπὶ
3333 5247 3399 5316 τῇ
3430 5246 3614 5316 χάριτι
3642 5247 3747 5301 τοῦ

2169 5332 2303 5387 Θεοῦ
2335 5336 2402 5403 τῇ
2427 5332 2641 5405 δοθείσῃ
2669 5333 2796 5404 ὑμῖν
2831 5334 2888 5386 ἐν
2916 5332 3137 5404 Χριστῷ
3181 5332 3378 5403 Ἰησοῦ.
3426 5352 3446 5385 ι

2841 5442 3045 5498 ΔΛΛΟ.

2403 5557 2497 5622 Ὠς
2523 5557 2591 5620 ἐξ
2621 5556 2976 5623 ἀντιθέσεως
3012 5553 3130 5611 τῶν
3168 5552 3495 5624 αἱρετικῶν.

2236 5670 2529 5740 Είρήκατε,
2555 5671 2706 5739 φασὶ,
2739 5671 2903 5744 μηδὲν
2934 5673 3040 5729 τῶν
3085 5669 3395 5742 κτισμάτων
3438 5683 3738 5742 συμπαρα-

1148 5849 1191 5879 ’⁶¹’
1228 5847 1357 5903 Rom
1410 5866 1449 5914 ι,
1478 5850 1525 5904 7.
1604 5850 1648 5883 ’⁸
1680 5850 1695 5904 ι
1731 5849 1889 5907 Thes.
1934 5863 2013 5915 ιιι,
2061 5852 2141 5905 ll.
2220 5851 2261 5882 "
2300 5849 2473 5907 lCor.
2515 5868 2552 5921 ι,
2582 5852 2632 5908 4.
