3968 6482
218 450 297 505 193
1623 424 2067 482 TIIESAURUS.

3398 416 3504 475 196

214 561 553 634 λαμϐάνεσθαι
581 558 667 630 τῷ
707 557 847 630 Θεῷ
888 557 951 611 ιν
982 555 1093 619 ταῖς
1122 551 1231 606 τῶν
1277 546 1639 623 χαρισμάτων
1681 547 1799 599 ἐπι-

1909 542 2115 607 nicare,
2147 539 2200 595 in
2237 538 2506 595 donorum
2534 536 3032 610 largitionibuth
3079 532 3207 606 quid
3248 537 3504 592 statuetis

213 654 380 707 δόσεσι.
411 652 477 705 Τί
513 646 613 705 οὖν
641 651 762 721 ἄρα
792 649 1058 719 ποιήσετε
1095 646 1184 700 τὸν
1214 641 1561 714 πατριάρχην
1601 636 1796 693 Ἰακὼϐ

210 746 529 817 εὑρίσκοντες
560 744 622 796 ἰν
650 744 785 806 ταῖς
837 740 1015 802 θείαις
1046 738 1289 809 Γραφαῖς
1332 733 1460 798 τοὺς
1493 732 1555 797 ἐξ
1596 730 1798 802 Ἰωσὴφ

209 834 502 903 εὐλογοῦντα
546 834 644 889 τόν
692 850 761 887 τε
829 829 1069 903 Ἐφραῒμ
1112 826 1358 900 δηλονότι
1406 824 1507 878 καὶ
1542 822 1635 877 τὸν
1677 821 1799 875 Μα-

208 927 372 997 νασσῆ,
413 927 506 981 καὶ
540 926 795 995 λέγοντα
821 942 838 955 ·
887 942 905 975 ι
966 920 1022 975 '0
1072 920 1204 983 Θεὸς
1254 917 1285 970 6
1334 915 1558 989 τρέφων
1612 930 1679 985 με
1732 914 1798 966 ὲκ

207 1019 425 1091 νεότητός
466 1036 575 1090 μου
614 1017 735 1082 ἕως
773 1017 877 1087 τῆς
918 1013 1130 1085 ἡμέρας
1176 1009 1405 1081 ταύτης,
1448 1008 1544 1080 καὶ
1571 1008 1601 1060 6
1631 1005 1800 1075 ἄγγε-

206 1109 327 1175 λοςὸ
364 1108 636 1183 ρυόμενός
682 1125 760 1179 με
816 1108 879 1161 ἐκ
912 1107 1127 1176 πάντων
1157 1101 1264 1157 τῶν
1303 1098 1494 1155 κακῶν
1542 1114 1667 1170 μου,
1707 1097 1799 1149 εὐ-

206 1202 403 1272 λογήσαι
440 1202 512 1255 τά
546 1201 764 1255 παιδία
799 1198 1009 1264 ταῦτας
1041 1215 1061 1249 ι
1114 1195 1269 1261 Ἰδοὺ,
1305 1194 1492 1266 φησιν,
1522 1189 1798 1261 ὀνομάσας

206 1294 334 1359 Θεὸν,
368 1294 747 1367 προστεθεικε
783 1292 878 1348 καὶ
910 1290 1001 1345 τὸν
1032 1288 1283 1360 ἄγγελον,
1314 1286 1391 1351 ὡς
1422 1284 1666 1353 εὐλογεῖν
1700 1282 1798 1337 σὺν

208 1385 331 1457 αὐτῷ
364 1387 703 1446 δυνάμενον.

669 1503 838 1575 Πρὸς
883 1503 1069 1558 ταῦτα
1101 1502 1303 1567 λύσις.

259 1623 314 1676 El
338 1618 697 1691 προφητικὸν
743 1618 1072 1691 ἐνυπάρχειν
1103 1618 1324 1689 πνεῦμα
1355 1614 1435 1687 τῷ
1458 1614 1529 1670 τὰ
1566 1612 1797 1669 τοιαῦτα

202 1712 384 1783 λέγοντι
412 1708 856 1782 ινομολογοῦσιν
883 1710 933 1763 oi
962 1710 1350 1782 χριστομάχοι,
1382 1708 1477 1763 καλ⁵
1502 1706 1795 1761 πιστεύου-

204 1821 274 1857 σιν
295 1805 465 1866 θντως
491 1802 665 1870 ἆγιον
713 1800 887 1873 ἄνδρα
924 1800 1259 1872 γεγενῆσθαι
1288 1800 1381 1854 τὸν
1422 1798 1640 1865 Ἰακὼϐ,
1669 1799 1795 1854 ὅτου

1901 632 1970 689 de
1994 628 2528 704 patriarchaJacob,
2554 644 2677 684 cum
2715 630 2769 686 in
2809 629 2986 685 sacris
3022 626 3325 699 Scripturis
3355 626 3506 682 inve-

1900 725 2064 780 nietis
2084 740 2208 779 eum
2230 722 2463 794 posteris
2486 721 2686 791 Joseph
2716 722 3210 788 henedicentem,et
3239 718 3504 790 Ephraim

1898 827 1955 873 et
1988 816 2244 882 Ilanassi,
2274 824 2327 871 et
2351 816 2622 871 dicentem
2658 831 2672 868 :
2703 833 2724 868 ι
2755 813 2906 871 Deus
2964 814 3056 885 qui
3120 828 3209 868 me
3260 813 3434 867 nutrit
3472 826 3502 864 a

1896 908 2185 979 iuventute
2223 920 2343 964 mea
2366 922 2540 978 usque
2569 907 2639 961 ad
2673 907 2819 962 hunc
2835 906 3002 969 diem,
3027 914 3081 960 et
3123 903 3352 975 angelus
3409 902 3503 972 qui

1900 999 2099 1054 liberat
2132 1012 2218 1053 me
2246 1012 2315 1053 ex
2333 999 2591 1055 omnibus
2621 998 2779 1055 malis
2797 998 2955 1063 meis,
2998 994 3290 1053 henedicat
3319 993 3506 1064 pueris

1901 1089 2023 1146 istis
2053 1090 2121 1146 ⁸³.
2158 1108 2179 1144 ι
2212 1089 2376 1155 Ecce,
2421 1091 2698 1161 inquiunt,
2765 1090 2889 1146 cum
2940 1088 3278 1145 nominasset
3344 1084 3508 1157 116

1902 1180 2094 1250 Deum,
2117 1180 2315 1252 adjecit
2343 1181 2507 1238 etiam
2539 1182 2813 1253 angelum,
2852 1188 3040 1253 utpote
3102 1177 3197 1251 qui
3236 1192 3341 1232 una
3377 1190 3503 1231 cum

1900 1272 2022 1345 ipso
2060 1274 2386 1331 benedicere
2426 1285 2631 1346 posset.

2411 1485 2623 1542 Salutio
2653 1484 2993 1557 objectiom's.

1972 1605 2032 1660 Si
2063 1605 2249 1661 hostes
2271 1600 2478 1659 Christi
2504 1601 2747 1657 fatentur
2783 1598 3107 1671 prophetico
3130 1596 3331 1667 spiritu
3353 1594 3507 1652 silla-

1900 1707 2016 1755 tum
2044 1696 2216 1753 fuisse
2233 1694 2427 1761 Iacob,
2459 1708 2582 1750 cum
2614 1692 2882 1764 ejusmodi
2914 1690 3146 1757 diceret,
3179 1703 3358 1761 neque
3407 1688 3507 1744 dif-

1864 1825 1871 1833 -
1901 1790 2129 1847 fitentur
2159 1787 2310 1844 illum
2339 1801 2533 1843 revera
2567 1795 2823 1841 sanctum
2862 1783 3042 1839 virum
3074 1782 3269 1849 fuisse,
3304 1796 3504 1853 quam-

202 1890 253 1962 δὴ
290 1891 443 1962 χάριν
481 1888 779 1961 τοσαύτην
820 1888 969 1962 αὐτῷ
1010 1891 1382 1963 περιτιθέντες
1421 1888 1652 1963 πλάνην,
1692 1889 1796 1944 οὐκ

1908 1880 2087 1938 obrem
2105 1894 2201 1937 eos
2240 1886 2452 1935 tantum
2480 1892 2728 1933 errorem
2752 1876 2802 1933 ei
2830 1875 3111 1932 ascribere
3141 1889 3255 1930 non
3306 1874 3502 1945 pudet,

202 1980 529 2051 αἰσχύνονται
562 1983 651 2047 ὡς
685 1981 924 2051 ἄγγελον
959 1984 1254 2037 συνάπτειν
1284 1981 1362 2052 τῷ
1392 1982 1611 2041 πάντων
1653 1979 1797 2053 Θεῷ,

204 2070 284 2121 καὶ
308 2070 574 2128 δύνασθαι
610 2074 972 2145 συνευλογεῖν
994 2072 1073 2145 τῷ
1101 2074 1426 2145 πεποιηκότι
1454 2076 1523 2127 τὸ·
1539 2073 1606 2127 δι’
1629 2071 1798 2128 αὐτοῦ

204 2165 477 2236 γενόμενον
507 2153 810 2238 νομίζεινς
861 2165 925 2221 El
970 2165 1027 2220 δὲ
1064 2166 1225 2220 τοῦτο
1260 2166 1483 2231 ἄτοπον,
1518 2164 1798 2220 ἀκουέτω-

208 2269 292 2308 σαν
324 2257 415 2311 καὶ
447 2259 588 2329 παρ’
636 2258 822 2330 ἡμῶν.
868 2259 933 2313 El
983 2257 1085 2329 μὲν
1113 2257 1269 2327 άγιον
1305 2256 1477 2323 θντως
1512 2256 1800 2312 πιστεύετε

206 2346 513 2419 γεγενῆσθαι
574 2349 677 2404 τὸν
745 2348 977 2415 Ἰακὼϐ,
1045 2347 1328 2403 παύσασθε
1386 2347 1802 2422 δυσφημοῦντες

205 2436 346 2489 αὐτόν
365 2456 379 2471 ·
412 2436 644 2509 ζητεῖτε
672 2440 732 2493 δὲ
768 2438 971 2511 μᾶλλον
996 2438 1106 2492 τῶν
1132 2437 1442 2510 είρημινων
1472 2436 1604 2510 παρ’
1632 2436 1798 2492 αὐτοῦ

206 2526 288 2598 τὴν
308 2528 482 2601 άληθῆ
512 2531 791 2587 διάνοιαν.
825 2533 889 2586 El
912 2530 970 2585 δὲ
998 2531 1099 2605 οὐκ
1125 2527 1195 2603 ἧν
1218 2528 1396 2601 ἅγιος,
1419 2529 1559 2602 πρὸς
1591 2529 1648 2584 δὲ
1685 2533 1802 2596 τοῖς

207 2619 363 2705 ἄλλοις
410 2622 595 2680 ἅπασι
657 2623 752 2678 καὶ
807 2622 968 2677 τοῦτο
1016 2623 1200 2693 λέγειν
1237 2623 1498 2695 τολμᾶτε,
1558 2624 1612 2678 τί
1664 2624 1802 2697 πρὸς

212 2712 527 2788 ἀνατροπὴν,
544 2715 634 2781 ὼς
654 2714 859 2784 οῐεσθε,
875 2714 987 2774 τῶν
1007 2714 1285 2771 τοσούτων
1316 2714 1414 2771 κα)⁸
1436 2715 1799 2788 τηλικούτων,

212 2804 379 2877 ἀνδρὸς
415 2810 519 2881 οὐχ
563 2808 731 2879 ἁγίου
765 2808 964 2880 φέρετε
1010 2810 1230 2881 φωνήν;
1274 2808 1653 2882 Παρελθόντες
1691 2826 1801 2863 τοι-

212 2897 392 2968 γαροῦν
443 2901 549 2966 τὰς
610 2901 771 2973 ὑμῶν
806 2898 1073 2973 ἀμαθίας,
1109 2901 1528 2973 ἑρμηνεύσομεν
1572 2901 1693 2956 καθ’
1741 2901 1802 2957 ὃν

210 2986 280 3042 δεῖ
316 2990 517 3062 τρόπον
570 2991 676 3046 τοῦ
726 2991 1074 3066 πατριάρχου
1125 2994 1253 3056 τοὺς
1300 2992 1517 3064 λόγους.
1572 2993 1661 3057 Ὠς
1692 2993 1802 3065 γάρ

212 3078 331 3152 ἀνὴρ
361 3082 519 3151 ἅγιος
547 3082 653 3137 καὶ
684 3082 963 3155 Πνεύματι
988 3083 1119 3154 θείῳ
1155 3082 1291 3156 πρὸς
1322 3083 1424 3155 τὴν
1457 3084 1663 3155 γνῶσιν
1692 3082 1802 3138 τῶν

211 3172 295 3242 τῆς
323 3173 614 3239 εὐσεϐείας
664 3174 953 3248 δογμάτων
999 3175 1543 3248 παιδαγωγούμενος,
1584 3175 1802 3250 πρῶτον

1905 1962 2142 2045 quantus
2170 1982 2291 2039 ‘est,
2311 1969 2563 2043 angelum
2599 1970 2713 2026 Deo
2749 1968 2916 2026 totius
2968 1967 3211 2023 universi
3272 1965 3505 2036 conjun-

1904 2083 2034 2139 gere
2060 2073 2115 2123 et
2137 2075 2331 2138 putare
2362 2073 2675 2122 creaturam
2713 2062 2877 2119 simul
2900 2075 3023 2116 cum
3051 2074 3117 2115 eo
3137 2075 3167 2114 a
3194 2075 3303 2131 quo
3320 2068 3507 2115 creata

1903 2168 1988 2215 est
2016 2158 2342 2215 benedicere
2369 2156 2573 2232 posse}
2611 2153 2670 2210 Si
2704 2169 2836 2210 vero
2882 2154 2989 2211 hoc
3048 2152 3348 2209 absurdum
3402 2159 3509 2220 est,

1906 2249 2131 2306 audiant
2177 2264 2207 2304 a
2253 2247 2435 2306 nobis.
2474 2246 2533 2302 Si
2565 2254 2813 2302 sanctum
2842 2245 3068 2301 omnino
3101 2242 3271 2301 luisse
3326 2244 3506 2299 virum

1904 2340 2074 2399 Jacob
2100 2354 2418 2413 persuasum
2443 2338 2681 2404 habetis,
2714 2336 2949 2393 desinite
2996 2334 3289 2405 ejusmodi
3313 2343 3509 2391 contu-

1902 2430 2068 2488 melia
2096 2425 2221 2486 eum
2242 2443 2478 2487 onerare
2510 2446 2525 2486 :
2561 2435 2619 2482 at
2651 2426 2834 2498 potius
2878 2440 3067 2482 eorum
3099 2440 3223 2497 qua:
3244 2423 3384 2481 dixit
3407 2438 3507 2481 ve-

1905 2537 2023 2579 ram
2062 2521 2390 2599 sententiam
2421 2517 2769 2590 investigate.
2797 2515 2858 2574 Si
2882 2525 3066 2574 autem
3115 2528 3339 2575 sanctus
3397 2528 3505 2575 nan

1905 2614 2030 2680 fuit,
2075 2624 2131 2672 et
2151 2622 2352 2684 praeter
2376 2613 2483 2668 alia
2516 2613 2623 2669 hoc
2646 2611 2814 2667 etiam
2859 2605 3044 2667 dicere
3098 2610 3341 2677 audetis,
3404 2626 3510 2669 cur

1906 2708 1976 2763 ad
2007 2705 2407 2763 subvertendas
2440 2719 2528 2761 res
2553 2702 2690 2759 tanti
2715 2702 2985 2760 momenti
3038 2705 3375 2762 auctoritate
3400 2704 3506 2761 viri

1906 2814 2014 2854 non
2034 2797 2207 2853 sancti
2240 2795 2497 2852 utimini?
2544 2795 2818 2855 Caeterum
2874 2812 2977 2855 nos
3034 2797 3259 2853 omissis
3305 2797 3510 2854 vestris

1906 2888 2300 2955 deliramentis,
2333 2888 2662 2959 patriarchae
2692 2887 2855 2944 verba
2885 2889 3160 2960 quomodo
3194 2888 3508 2963 intelligen-

1906 2981 1974 3036 da
1995 2980 2129 3047 sint,
2156 2980 2579 3053 explicabimus.
2610 2979 2751 3037 Nam
2787 2990 2850 3037 ut
2881 2983 2966 3037 vir
2986 2990 3211 3038 sanctus
3237 2992 3294 3038 et
3322 2998 3352 3037 a
3384 2980 3511 3052 Spi-

1909 3074 2015 3129 ritu
2040 3073 2227 3130 divino
2261 3074 2328 3130 ad
2358 3074 2605 3130 notitiam
2644 3074 2961 3145 dogmatum
3002 3073 3228 3144 pietatis
3281 3074 3505 3141 ductus,

1905 3169 2143 3238 primum
2168 3166 2390 3236 quidem
2414 3166 2551 3221 dixit
2592 3184 2605 3220 :
2646 3167 2795 3222 Deus
2827 3168 2919 3237 qui
2952 3168 3132 3222 nutrit
3155 3182 3240 3223 me
3264 3167 3505 3237 ajuvcno

216 3262 300 3331 μὶν
355 3266 602 3340 ῑφησενο
660 3268 721 3323 '0
766 3269 898 3334 Θεὸς
946 3270 976 3324 6
1018 3268 1240 3340 τρέφων
1313 3287 1382 3341 με
1429 3271 1495 3325 ἐκ
1551 3270 1799 3342 νεότητός

1909 3265 2024 3313 tute
2082 3257 2537 3323 mea,benedicat
2569 3256 2754 3327 pueris
2785 3257 2960 3313 hisce.
3010 3256 3219 3313 Deinde
3265 3260 3385 3314 ait:
3444 3259 3513 3315 Et

212 3372 322 3423 μου,
358 3360 662 3432 εὐλογῆσαι
692 3360 763 3415 τὰ
800 3359 992 3415 παιδία
1020 3359 1214 3416 ταῦτα.
1247 3357 1383 3416 Εῐτά
1423 3378 1559 3435 φησι
1587 3379 1599 3393 ·
1633 3362 1745 3418 Καὶ
1772 3364 1800 3417 6

213 3447 420 3519 άγγελος
456 3456 486 3508 ό
528 3452 798 3525 ρυόμενός
827 3471 897 3526 με
932 3455 997 3509 εκ
1026 3454 1249 3510 πάντων
1284 3455 1396 3510 τῶν
1437 3456 1627 3512 κακῶν
1658 3473 1762 3530 μου
1782 3472 1797 3488 ο

214 3540 289 3595 ινα
310 3544 393 3599 διὰ
418 3547 530 3618 μὲν
542 3546 639 3624 τοῦ
658 3547 866 3616 λέγειν,
895 3548 955 3601 '0
971 3547 1125 3615 Θεὸς,
1145 3549 1388 3621 σημαίνῃ
1416 3549 1509 3604 τὸν
1534 3546 1753 3624 Πατέρα
1780 3567 1794 3582 ·

216 3631 289 3687 διὰ
316 3636 373 3691 δι
394 3637 499 3693 τοῦ
544 3621 754 3707 λέγειν,
815 3637 874 3692 '0
897 3637 1151 3708 ἄγγελος,
1184 3639 1278 3694 τὸν
1315 3638 1377 3705 ἐξ
1402 3640 1570 3695 αὐτοῦ
1592 3621 1794 3713 Λόγον.

219 3725 352 3798 ᾜόει
388 3730 509 3803 γάρ
560 3729 645 3783 ὅτι
689 3729 938 3785 καλεῖται
990 3730 1052 3785 τὸ
1099 3730 1272 3802 ὄνομα
1325 3731 1516 3800 αὐτοῦ,
1555 3735 1802 3806 μεγάλης

219 3815 393 3893 βουλῆς
426 3821 729 3893 Ἄγγελος.
765 3823 889 3877 Ὅτι
925 3822 983 3875 δι
1009 3822 1102 3876 τὸν
1140 3822 1272 3878 Υῑὸν
1302 3822 1493 3879 ἐνθάδε
1522 3827 1681 3897 φησὶ,
1707 3827 1803 3881 καὶ

218 3912 269 3965 οὐ
294 3915 543 3971 τοιοῦτον
570 3914 829 3985 ἄγγελον,
856 3915 1039 3969 ὁποῖον
1073 3916 1108 3987 ἡ
1138 3916 1401 3989 συνήθεια
1425 3916 1611 3972 δίδωσι
1634 3921 1799 3989 νοεῖν,

218 4004 451 4062 ἐντεῦθεν
475 4006 635 4060 ἔσται
655 4006 993 4078 καταφανές.
1014 4005 1271 4080 Είρηκὼς
1291 4006 1423 4079 γὰρ,
1456 4008 1516 4062 '0
1542 4009 1798 4082 ἄγγελος,

218 4096 301 4168 οὐχ
333 4100 527 4170 ἵστησι
567 4097 734 4172 μέχρι
780 4097 975 4153 τούτου
1015 4097 1107 4153 τὸν
1155 4097 1334 4169 λόγον,
1386 4098 1525 4155 ἀλλὰ
1564 4103 1803 4173 προστέ-

219 4190 415 4250 θεικενο
461 4214 483 4248 s
542 4196 605 4250 ὐ
655 4198 922 4269 ῥυόμενος
970 4218 1046 4275 με
1087 4203 1152 4255 εκ
1196 4202 1417 4256 πάντων
1458 4201 1585 4255 τῶν
1613 4203 1804 4260 κακῶν

222 4300 326 4354 μου.
354 4307 374 4342 a
407 4288 649 4360 Ἰδωμεν
677 4291 859 4347 τοίνυν
892 4294 957 4348 εκ
990 4283 1099 4349 τῶν
1130 4294 1299 4349 αὐτοῦ
1334 4295 1618 4367 ῥημάτων,
1648 4297 1698 4351 εί
1726 4297 1803 4370 μὴ

218 4378 242 4429 ό
268 4378 393 4444 Θεὸς
420 4377 496 4454 ἦν
520 4383 551 4436 6
584 4384 851 4456 ῥυόμενος
883 4385 1070 4457 αὑτὸν,
1103 4387 1244 4443 ἀλλά
1288 4406 1373 4454 τις
1414 4388 1525 4444 τῶν
1554 4388 1802 4462 γενητῶν

218 4471 475 4543 ἀγγέλων.

1906 3346 2131 3418 angelus
2160 3346 2253 3417 qui
2287 3345 2487 3403 liberat
2519 3361 2607 3402 me
2642 3346 2711 3402 ab
2729 3346 2985 3404 omnibus
3036 3348 3198 3405 malis
3228 3348 3362 3407 meis
3387 3388 3403 3420 ,
3452 3360 3514 3405 ut

1905 3456 2031 3498 cum
2057 3441 2308 3498 nominat
2327 3440 2520 3507 Deum,
2552 3440 2818 3511 intelligat
2859 3439 3085 3497 Patrem
3119 3458 3134 3495 :
3168 3457 3295 3499 cum
3336 3458 3512 3517 ange-

1904 3534 2057 3604 lum,
2112 3536 2350 3593 Verbum
2373 3550 2441 3592 ex
2487 3533 2654 3593 Patre
2697 3537 2992 3608 signiticet.
3083 3537 3302 3595 Sciebat
3362 3540 3510 3596 enim

1906 3628 2089 3684 vocari
2122 3642 2320 3684 nomen
2346 3628 2485 3698 ejus,
2505 3628 2687 3698 magni
2728 3628 2946 3685 consilii
2977 3628 3215 3701 Angelus
3235 3628 3303 3684 “.
3354 3630 3512 3699 Quod

1904 3733 2037 3775 vero
2059 3716 2226 3775 Jacob
2257 3718 2547 3781 iblFilium
2576 3716 2888 3791 signiﬁcare
2906 3718 3160 3789 voluerit,
3193 3736 3299 3776 non
3327 3731 3509 3776 autem

1909 3808 2069 3866 talem
2096 3809 2372 3882 angelum,
2398 3812 2618 3880 qualem
2648 3812 2994 3867 consuetudo
3020 3819 3108 3866 est
3158 3823 3359 3868 vocare
3413 3828 3513 3868 an-

1907 3903 2270 3977 gelum,inde
2299 3902 2651 3959 manifestum
2696 3913 2802 3960 est.
2850 3903 2985 3959 Cum
3043 3904 3213 3973 enim,
3261 3905 3509 3977 angelus,

1905 3995 2065 4062 dixit,
2099 4009 2209 4051 non
2243 3994 2391 4050 sistit
2419 3994 2472 4048 in
2500 4008 2565 4049 eo
2590 4007 2926 4060 sermonem,
2958 3994 3053 4048 sed
3116 3993 3267 4049 addit
3295 4010 3309 4049 :
3348 4010 3371 4046 s
3406 3994 3510 4062 Qui

1907 4089 2109 4147 liberat
2139 4103 2230 4168 me
2252 4103 2321 4144 ex
2379 4088 2639 4145 omnibus
2703 4087 2864 4143 malis
2913 4086 3069 4143 meis.
3141 4105 3160 4139 ι
3216 4085 3514 4157 Videamus

1908 4180 2093 4252 itaque
2118 4194 2186 4237 ex
2214 4179 2390 4251 ipsius
2416 4178 2625 4246 verbis,
2658 4192 2728 4233 an
2783 4191 2891 4233 non
2945 4178 3016 4232 sit
3052 4175 3197 4233 Deus
3242 4177 3336 4250 qui
3383 4193 3509 4234 eum

1908 4276 2193 4331 liberate:
2224 4273 2480 4331 omnibus
2504 4270 2662 4328 malis
2708 4271 2849 4338 suis,
2878 4272 2975 4327 sed
3007 4269 3211 4342 aliquis
3239 4284 3308 4325 ex
3338 4285 3512 4343 ange-

1909 4369 1976 4425 lis
2003 4368 2231 4425 creatis.

231 4585 556 4676 aegesta;
594 4590 861 4673 ἑφεξῆς..
886 4591 998 4676 ὅτι.
1022 4592 1171 4658 Θεὸς
1201 4589 1291 4676 ἦτε
1323 4597 1358 4650 d
1394 4597 1709 4676 pvdgerqg
1735 4595 1799 4652 ἐκ

1913 4596 2322 4676 Demonstralur
2382 4592 2570 4676 Deum.
2604 4591 2774 4662 fuisse
2832 4590 2925 4676 qui
2972 4588 3215 4676 liberavit
3273 4589 3512 4659 patriar-

275 4660 524 4714 πάντων
549 4660 671 4716 τῶν
706 4660 907 4717 κακῶν
936 4664 1047 4718 τὸν
1072 4660 1455 4739 πατριάρχην
1496 4660 1728 4723 Ἰακώϐ.
1807 4711 1811 4715 .

274 4775 513 4845 Λέγεται
561 4775 827 4831 παλαῖσαι
877 4778 1013 4851 πρὸς
1063 4780 1156 4835 τὸν
1196 4779 1547 4853 πατριάρχην
1602 4779 1802 4837 Ἰακὼϐ

218 4865 453 4935 ἄγγελος,
510 4869 607 4923 καὶ
651 4870 810 4925 τοῦτο
860 4872 1040 4927 κεῖται
1092 4873 1244 4945 παρὰ
1292 4875 1360 4945 τῇ
1405 4872 1527 4946 θείᾳ
1582 4873 1797 4947 Γραφῇ.

228 4956 376 5012 Ἀλλὰ
414 4961 632 5031 συσχὼν
678 4962 841 5017 αὑτὸν
882 4965 911 5018 6
946 4964 1103 5033 ἅγιος
1135 4964 1408 5034 ἔφασκενο
1451 4985 1468 5018 ι
1515 4966 1592 5019 Οὐ
1634 4970 1709 5039 μή
1741 4983 1801 5020 σε

217 5048 338 5115 ἀνῶ,
381 5050 478 5104 ἑὰν
517 5051 594 5122 μή
644 5070 711 5124 με
743 5053 1068 5128 εὐλογήσῃς.
1106 5075 1125 5109 s
1164 5052 1273 5111 Ἦν
1317 5057 1375 5111 δὲ
1401 5050 1557 5123 οὗτος
1591 5059 1620 5111 6
1644 5060 1797 5123 Θεός.

217 5140 379 5196 Αὐτοῦ
427 5159 491 5195 τε
535 5142 632 5197 τοῦ
674 5145 1016 5219 πατριάρχου
1056 5147 1283 5220 φέρεται
1324 5151 1475 5223 φωνή
1498 5167 1510 5181 ·
1574 5169 1592 5203 ι
1647 5146 1802 5206 Εἶδον

218 5230 337 5286 Θεὸν
372 5232 669 5305 πρόσωπον
720 5235 857 5305 πρὸς
896 5236 1209 5307 πρόσωπον.
1267 5257 1287 5292 ι
1337 5237 1542 5295 Τοῦτον
1593 5239 1684 5293 τὸν
1725 5240 1803 5304 ὡς

217 5322 433 5392 ἄγγελον
476 5324 629 5398 αὐτῷ
705 5326 939 5397 ὀφθέντα
1008 5330 1313 5403 παρεκάλει
1368 5332 1484 5396 τοῖς
1548 5330 1798 5401 ὶκγόνοις

218 5413 529 5487 ἐπιπέμψαι·
547 5415 648 5489 τὴν
686 5416 960 5487 εὐλογίαν.

626 5542 839 5607 ΑΛΔΟ,
879 5541 949 5596 ἐκ
990 5540 1109 5596 τῶν
1151 5542 1375 5599 αὐτῶν.

283 5653 447 5731 Ὠφθη
493 5658 575 5730 τῷ
616 5656 943 5730 πατριάρχῃ
986 5656 1193 5729 Κύριος
1227 5660 1255 5711 6
1288 5658 1444 5724 Θεὸς,
1487 5658 1561 5721 ὼς
1596 5657 1802 5729 γέγραο

222 5752 468 5813 πεαι,.καὶ
502 5745 663 5806 εἶπεν
698 5747 890 5818 αὐτῷ·
933 5766 951 5799 ι
1011 5749 1143 5803 Ἰδοὺ
1176 5749 1289 5819 ἐγὼ
1329 5749 1468 5821 μετὰ
1518 5749 1635 5817 σοῦ,
1678 5750 1799 5805 δια-

2229 4666 2381 4721 rham
2410 4662 2581 4719 Iacob
2611 4678 2676 4717 ex
2698 4663 2941 4716 omnibus
2964 4661 3139 4715 malis.

1977 4782 2221 4853 Angelus
2258 4780 2496 4835 luctatus
2524 4790 2646 4833 esse
2674 4776 2876 4831 dicitur
2908 4788 3030 4830 cum
3059 4771 3376 4846 patriarcha
3413 4772 3509 4829 Ja-

1907 4875 2031 4942 cob,
2055 4875 2219 4945 idque
2250 4872 2431 4927 divina
2452 4870 2739 4940 Scriptura
2770 4877 3025 4923 testatur.
3054 4868 3126 4923 At
3151 4876 3380 4924 sanctus
3428 4884 3507 4924 re-

1908 4968 2087 5022 tinens
2111 4980 2260 5031 eum,
2287 4963 2461 5019 dixit:
2491 4981 2509 5016 ι
2548 4960 2666 5019 Νοιι
2697 4960 2968 5016 dimittam
3006 4970 3075 5026 te,
3104 4961 3208 5017 nisi
3240 4961 3374 5017 mihi
3415 4962 3513 5017 be-

1908 5056 2219 5113 nedicas”.
2255 5076 2273 5110 ι
2334 5055 2466 5110 Erat
2499 5064 2680 5110 autem
2722 5055 2769 5110 is
2786 5055 2948 5111 Deus.
2985 5052 3141 5121 Quod
3200 5062 3255 5109 et
3335 5052 3508 5124 ipsius

1909 5149 2236 5219 patriarchae
2259 5150 2424 5204 verba
2446 5148 2742 5204 ostendunt
2765 5146 3001 5203 dicentis
3029 5163 3041 5199 :
3070 5144 3196 5201 Vidi
3232 5144 3400 5201 Deum
3428 5147 3509 5201 ia-

1910 5242 1992 5297 cie
2026 5241 2093 5296 ad
2119 5239 2317 5296 faciem
2350 5241 2418 5294 '3.
2454 5259 2473 5293 ›
2507 5242 2665 5297 nunc
2709 5241 2896 5310 itaque
2924 5239 3018 5310 qui
3057 5246 3115 5295 ut
3149 5238 3376 5309 angelus
3403 5239 3508 5311 ipsi

1912 5336 2061 5391 \‘iSllS
2082 5344 2191 5403 est,
2218 5343 2376 5405 rogat
2404 5342 2465 5389 ut
2487 5334 2673 5407 pueris
2689 5334 2996 5391 benedicat.

2450 5539 2686 5608 ALIUD,
2706 5557 2769 5595 ex
2796 5540 3006 5596 iisdem.

1981 5654 2248 5712 Visusest
2278 5656 2612 5729 patriarcha:
2646 5658 2912 5715 Dominus
2946 5658 3110 5722 Deus,
3138 5664 3197 5711 ut
3239 5654 3508 5728 scriptum

1907 5758 2015 5815 est,
2049 5758 2105 5806 et
2132 5746 2275 5807 dixit
2305 5750 2396 5806 ei:
2433 5771 2451 5804 ι
2493 5749 2632 5806 Ecce
2659 5766 2760 5823 ego
2798 5752 2957 5824 117
2995 5761 3173 5810 tecum
3232 5765 3376 5820 sum,
3410 5764 3507 5807 cu-

269 5927 309 5961 ”
337 5928 468 5988 Cen.
498 5946 698 6000 scrin,
741 5924 834 5983 16.
918 5925 964 5960 ’³
1004 5924 1110 5985 lsa.
1146 5942 1220 5995 ix,
1256 5926 1288 5981 li
1322 5941 1432 5985 sec.
1478 5924 1642 5984 LXX.
1721 5928 1765 5962 "
1801 5928 1937 5986 Gcn.
1974 5944 2149 5999 assii,
2185 5928 2381 5989 eteo.
2461 5932 2505 5967 ’³
2542 5928 2679 5987 lliiil.
2708 5933 2798 5990 ‘50.
