3968 6468
510 392 614 448 195

1488 391 1547 451 S.
1588 393 1861 451 CYlllLLl
1899 396 2363 453 ALEXANDRINI
2400 397 2719 455 ARCIIIEP.

3639 408 3742 469 196

506 505 750 563 stodicns
783 515 833 562 te
868 504 921 562 lu
948 505 1032 562 via
1061 522 1383 579 quocunque
1420 510 1547 564 ieris
1576 511 1645 563 “.
1686 529 1706 563 ι
1737 510 1877 566 Deus
1910 510 2056 582 igitut

2171 512 2458 582 φυλάσσων
2495 531 2551 567 σε
2604 515 2662 569 ὲν
2694 516 2759 586 τῇ
2784 514 2887 586 ὀδῷ
2919 511 2980 569 οῦ
3014 515 3111 569 ἐὰν
3154 516 3443 588 πορευθῇς.
3481 535 3500 570 ι
3532 518 3747 573 Οὐκοῦν

505 606 625 652 erat
656 598 748 667 qui
777 597 1042 665 liberavit,
1067 615 1173 655 non
1208 601 1455 671 angelus.
1495 599 1564 656 Et
1589 616 1778 658 rursus
1814 605 2072 672 :quando

505 683 687 741 Lahan
707 698 1027 755 persecutus
1050 699 1131 743 est
1153 688 1320 746 Jacob
1348 700 1402 744 et
1446 691 1873 759 comprehendit,
1946 703 2073 749 tunc

505 790 717 845 quoque
743 775 885 831 Deus
909 780 1182 846 prohibuit
1220 780 1555 845 violentiam,
1586 796 1695 836 non
1753 782 2073 852 permittens

504 865 704 936 alloqui
727 865 916 923 Jacob.
942 869 1093 935 Quod
1133 880 1312 924 autem
1344 870 1487 927 Deus
1545 872 1659 927 haec
1708 873 1782 928 illi
1819 876 2074 943 praestite-

502 954 599 1024 rit,
635 955 860 1023 ipsemet
893 964 1125 1011 testatur
1146 959 1405 1014 uxoribus
1454 960 1567 1015 suis
1609 960 1792 1017 dicens
1825 978 1840 1015 :
1894 981 1913 1015 ι
1953 961 2070 1018 Non

503 1046 651 1102 dedit
682 1046 818 1102 Deus
839 1056 1165 1115 potestatem
1186 1048 1369 1121 Lahan
1400 1051 1772 1109 malefaciendi
1804 1057 1933 1110 mihi
1963 1058 2063 1111 ν’.»

501 1132 712 1191 Rursus
742 1152 865 1205 cum
888 1136 1057 1193 frater
1087 1137 1230 1194 Esau
1259 1140 1359 1210 ipsi
1393 1140 1763 1209 insidiaretur,
1790 1162 1894 1202 tton
1920 1148 2072 1203 invo-

502 1228 645 1280 cavit
676 1226 944 1297 angelum,
978 1229 1072 1284 sed
1094 1229 1284 1296 Deum,
1306 1230 1518 1286 dicens:
1549 1250 1567 1282 ι
1605 1231 1765 1303 Eripe
1829 1251 1934 1295 me.
1966 1237 2083 1293 Do-'

501 1317 667 1381 mine.
701 1320 769 1371 de
810 1332 971 1373 manu
1004 1318 1190 1373 fratris
1227 1319 1330 1374 tnci
1362 1318 1524 1385 Esau,
1580 1324 1704 1391 quia
1743 1324 1903 1381 timeo
1982 1327 2067 1396 ip-

499 1420 617 1459 sum
647 1405 713 1458 ’⁸.

498 1619 729 1686 ALIUD,
771 1639 865 1690 per
920 1622 1438 1707 demonstrationem,
1483 1630 1622 1695 quod
1688 1628 1912 1685 Verbum
1946 1631 2065 1699 Dei,

1010 1710 1201 1760 81186888
1231 1712 1395 1761 ιρειιιε
1421 1707 1518 1752 εει.

2169 604 2304 669 Θεὸς
2326 600 2393 677 ἦν
2420 607 2448 659 6
2482 607 2759 677 ῥυόμενος,
2788 609 2882 662 καὶ
2904 610 3004 663 οὐκ
3024 608 3273 677 ἄγγελος.
3302 610 3413 664 Καὶ
3441 610 3628 676 πάλιν,
3651 611 3744 664 ὅτι

2168 696 2357 751 Λάσαν
2401 696 2691 761 κατεδίωξε
2738 698 2829 751 τὸν
2890 698 3081 752 Ἰακὼϐ
3121 701 3217 752 καὶ
3256 698 3554 761 κατέλαϐε,
3618 700 3744 754 τότε

2170 787 2333 840 πάλιν
2363 787 2496 852 Θεὸς
2534 787 2812 843 κεκώλυκε
2841 790 2937 861 τὴν
2969 792 3254 863 ἐπήρειαν,
3283 792 3344 843 οὐ
3378 791 3746 863 συγχωρήσας

2168 876 2397 948 λαλῆσαι
2420 882 2636 950 ῥήματα
2666 879 2801 950 πρὸς
2826 881 2915 934 τὸν
2951 880 3163 935 Ἰακώϐ.
3200 882 3319 934 ’Ότι
3344 881 3399 934 δὲ
3426 882 3561 946 Θεὸς
3592 880 3745 953 αὐτῷ

2169 968 2263 1020 καὶ
2295 966 2454 1021 τοῦτο
2480 969 2756 1039 ἐξήνυσεν,
2793 972 2955 1033 αὐτὸς
2982 973 3133 1025 ἔσται
3169 972 3379 1043 μάρτυς
3410 971 3583 1039 λέγων
3604 972 3745 1044 πρὸς

2168 1059 2266 1121 τὰς
2301 1059 2494 1112 ἑαυτοῦ
2533 1064 2798 1128 γυναῖκας
2818 1078 2831 1092 ’
2873 1082 2891 1114 ι
2932 1063 3046 1115 Οὐκ
3084 1062 3281 1117 ἔδωκεν
3309 1064 3338 1115 6
3364 1062 3495 1125 Θεὸς
3526 1062 3601 1132 τῷ
3631 1063 3745 1118 Ad-

2168 1149 2270 1203 σαν
2314 1151 2682 1221 κακοποιῆσαξ
2728 1168 2815 1221 με.
2858 1169 2876 1203 ι
2910 1152 3016 1205 Καὶ
3058 1152 3217 1206 πάλιν
3263 1151 3745 1223 ὲπιόουλευόμενος

2169 1241 2318 1312 παρὰ
2360 1242 2452 1296 τοῦ
2497 1243 2726 1312 ἀδελφοῦ
2770 1244 2960 1308 Ἡσαῦ,
2994 1245 3092 1297 οὐκ
3132 1243 3362 1312 ἄγγελον
3400 1244 3745 1312 ἐπεκαλεῖτο,

2167 1335 2306 1389 ἀλλὰ
2335 1336 2466 1390 Θεὸν
2511 1337 2807 1407 παρεκάλει
2839 1335 3007 1405 βοῶν’
3062 1357 3080 1389 ι
3144 1336 3355 1403 Ἐξελοῦ
3401 1354 3491 1406 με,
3544 1335 3745 1408 Κύριε,

2169 1428 2230 1477 ἐκ
2287 1425 2465 1494 χειρὸς
2513 1425 2607 1478 τοῦ
2656 1422 2883 1492 ἀδελφοῦ
2935 1441 3036 1494 μου
3085 1424 3275 1491 Ἡσαῦ,
3330 1425 3412 1477 ὅτι
3466 1422 3746 1493 φοϐοῦμαι

2168 1516 2351 1567 αὐτόν.
2400 1533 2418 1565 ι

2169 1648 2368 1711 ΑΛΛΟ,
2410 1647 2850 1717 ἀποδεικτικῶς,
2891 1649 2978 1701 ἔτι.
3021 1652 3053 1701 ό
3099 1650 3285 1717 Λόγος
3329 1649 3434 1705 τοῦ
3472 1650 3642 1717 Θεοῦ,
3678 1650 3750 1703 τὸ

2649 1714 2809 1784 εἶδος
2840 1719 3025 1791 αὑτοῦ
3054 1714 3243 1772 ἐστιν.

565 1824 825 1879 Servatur
853 1826 1045 1880 alicubi
1085 1827 1149 1881 ad
1172 1826 1382 1883 Judwos
1404 1830 1687 1885 admodum
1712 1832 2056 1893 refractarios

2234 1850 2396 1917 Λέγει
2450 1866 2552 1902 που
2605 1850 2738 1921 πρὸς
2798 1850 3087 1913 Ἰουδαίους
3134 1851 3254 1905 λίαν
3307 1852 3668 1917 ἀπειθοῦντας
3717 1857 3748 1907 6

493 1913 652 1968 dicit:
688 1931 705 1963 ι
748 1912 844 1978 Qui
874 1929 957 1968 me
992 1914 1136 1968 misit
1161 1913 1343 1979 Pater,
1387 1917 1478 1972 ille
1510 1920 1874 1976 testimonium
1934 1940 2054 1993 per-

492 1999 666 2055 hibuit
736 2001 804 2054 da
863 2016 971 2065 me,
1036 2002 1190 2070 cujus
1237 2019 1420 2060 vocem
1506 2023 1603 2064 nec
1655 2024 1747 2064 vos
1832 2028 2063 2085 unquam

492 2090 742 2155 audistis,
768 2106 939 2161 neque
956 2094 1189 2162 speciem
1213 2096 1329 2165 ejus
1353 2098 1584 2165 vidistis,
1606 2112 1659 2155 et
1691 2104 1913 2158 verbum
1950 2107 2066 2174 ejus

489 2196 594 2237 non
630 2182 836 2237 habetis
877 2199 1098 2239 manens
1134 2188 1185 2240 in
1216 2189 1404 2241 vobis:
1450 2192 1575 2260 quia
1607 2208 1765 2261 quem
1821 2196 1909 2250 ille
1963 2198 2065 2251 nti-

487 2275 578 2339 sit,
638 2274 762 2329 huic
819 2290 915 2332 vos
949 2294 1053 2333 non
1112 2281 1357 2336 creditis.
1396 2301 1418 2336 ι
1461 2284 1594 2351 Quia
1628 2286 1789 2357 igitur
1822 2284 1924 2345 non
1948 2305 2061 2346 crc-

487 2364 933 2420 dideruntVerbo
958 2382 1021 2421 ex
1059 2368 1216 2423 Patre
1251 2371 1436 2435 misso,
1480 2374 1734 2429 dicuntur
1760 2392 1936 2447 neque
1967 2396 2062 2435 vo-

484 2470 601 2509 cem
628 2454 725 2511 Dei
755 2457 994 2521 audisse,
1052 2474 1224 2529 neque
1271 2464 1501 2531 speciem
1540 2465 1656 2535 ejus
1695 2483 1924 2537 unquam
1983 2472 2062 2525 vi-

486 2546 745 2612 disse,scd
771 2564 942 2617 neque
978 2549 1176 2605 habere
1211 2553 1519 2610 inhabitans
1552 2556 1604 2611 in
1646 2559 1779 2630 ipsis
1814 2563 2056 2618 verbum.

486 2636 647 2703 Atqui
727 2637 1070 2690 manifestum
1126 2640 1226 2695 hoc
1274 2643 1638 2714 omnibusque
1712 2651 2056 2718 perspicuum

486 2740 606 2780 esse
633 2735 825 2795 potest.
867 2728 912 2781 si
940 2731 1278 2798 recepissent
1339 2749 1457 2788 cum
1518 2737 1609 2805 qui
1672 2738 1865 2794 missus
1921 2752 2058 2806 erat,

484 2831 669 2870 vocem
693 2834 909 2886 quoque
946 2819 1038 2874 Dei
1070 2823 1371 2889 audissent,
1402 2833 1455 2879 et
1486 2828 1717 2896 speciem
1751 2829 1865 2896 ejus
1894 2832 2059 2886 vidis-

496 2914 639 2969 sent,
662 2916 713 2957 et
738 2905 1051 2962 habuissent
1073 2909 1375 2966 inhabitans
1403 2914 1457 2967 in
1483 2914 1611 2982 ipsis
1646 2915 1908 2971 Verbum.
1934 2919 2056 2976 llacc

484 2994 646 3063 igitur
687 2999 865 3050 omnia
898 3010 982 3052 est
1004 2999 1171 3054 Filius
1203 3018 1217 3053 :
1282 3004 1537 3059 nimirum
1569 3022 1693 3072 vox,
1744 3012 1970 3077 species,
2004 3023 2057 3067 et

488 3085 720 3141 Verbum
763 3087 961 3143 Patris.
999 3091 1054 3145 Si
1087 3103 1263 3147 autem
1288 3097 1493 3163 species
1520 3107 1623 3166 est,
1656 3110 1805 3153 certe
1833 3116 1886 3153 et
1920 3102 2056 3155 ima-

2169 1942 2359 2012 Σωτήρ
2380 1959 2393 1973 ·
2422 1960 2440 1992 ι
2480 1942 2536 1993 ’0
2557 1942 2774 2011 πέμψας
2799 1958 2861 2012 με
2886 1943 3092 2013 Πατὴρ,
3118 1945 3322 2007 ἐκεῖνος
3352 1944 3752 2017 μεμαρτύρηκε

2168 2034 2296 2104 περὶ
2320 2032 2473 2104 ἐμοῦ,
2508 2032 2631 2086 οὔτε
2664 2037 2847 2102 φωνὴν
2876 2035 3037 2088 αὑτοῦ
3061 2036 3329 2106 ἀκηκόατε
3360 2034 3600 2099 πώποτε,
3619 2036 3751 2091 οὔτε

2166 2119 2305 2188 εἷδκ
2332 2124 2495 2179 αὑτοῦ
2530 2124 2835 2194 ἑωράκατε,
2861 2128 2955 2178 καὶ
2979 2126 3067 2179 τὸν
3090 2127 3247 2194 λόγον
3270 2128 3435 2180 αὑτοῦ
3459 2129 3560 2182 οὐκ
3590 2128 3749 2199 ἔχετε

2165 2217 2224 2268 ὲν
2261 2217 2388 2285 ὑμῖν
2434 2217 2685 2285 μένοντα,
2718 2216 2799 2268 ὅτι
2831 2216 2889 2268 ὃν
2936 2217 3256 2271 ἀπέστειλεν
3290 2220 3517 2278 ἐκεῖνος.
3566 2218 3750 2287 τούτῳ

2165 2310 2325 2379 ὑμεῖς
2354 2310 2413 2361 οὐ
2455 2309 2763 2364 πιστεύετε.
2802 2328 2822 2362 ι
2860 2309 3051 2363 Τοίνυν
3084 2310 3165 2364 ὅτι
3209 2312 3285 2381 μὴ
3336 2310 3751 2364 πεπιστεύκασι

2163 2401 2239 2471 τῷ
2273 2403 2337 2455 ἐκ
2367 2401 2461 2454 τοῦ
2492 2400 2705 2472 Πατρὸς
2745 2401 3101 2456 ἀποσταλέντι
3127 2402 3301 2471 Λόγῳ,
3336 2400 3458 2455 οὔτε
3497 2402 3594 2470 τῆς
3631 2418 3751 2468 φω-

2162 2494 2261 2562 νῆς
2292 2493 2583 2562 ἀκηκοέναι
2626 2492 2870 2561 λέγονται
2896 2492 2988 2547 τοῦ
3019 2490 3175 2555 Θεοῦ,
3217 2490 3340 2544 οὗτε
3378 2490 3483 2561 μὴν
3512 2491 3572 2543 τὸ
3602 2486 3748 2555 εἶδος

2163 2583 2326 2639 αὑτοῦ
2358 2582 2645 2639 τεθεᾶσθαι
2691 2582 2933 2646 πώποτε,
2965 2582 3078 2636 ἀλλ’
3111 2580 3233 2634 οὔτε
3287 2581 3427 2652 ἔχειν
3459 2584 3515 2634 ἐν
3558 2582 3747 2645 αὐτοῖς

2163 2671 2476 2727 ἐνοικοῦντα
2508 2674 2599 2725 τὸν
2632 2673 2810 2741 λόγον.
2847 2673 3000 2725 Ἔστι
3034 2671 3095 2741 δὴ
3140 2669 3324 2722 λοιπὸν
3363 2670 3533 2722 ἂπασι
3568 2670 3747 2738 σαφὲς

2162 2764 2256 2816 καὶ
2285 2762 2633 2827 εὐσύνοπτον,
2665 2764 2875 2831 ὅτιπερ,
2908 2765 2955 2813 ει
2984 2760 3233 2825 ἐδέξαντο
3263 2761 3352 2813 τὸν
3388 2760 3745 2828 ἀπεσταλμέ-

2160 2868 2267 2913 νον,
2299 2852 2539 2921 ἧκουσαν
2567 2849 2635 2903 ἂν
2668 2850 2763 2902 καὶ
2795 2850 2891 2919 τῆς
2931 2849 3115 2918 φωνῆς
3136 2848 3229 2902 τοῦ
3266 2847 3420 2911 Θεοῦ,
3455 2848 3548 2900 καὶ
3578 2848 3638 2900 τὸ
3665 2842 3747 2899 si-

2156 2943 2245 3004 60;
2272 2942 2563 2996 ἐθεάσαντο
2591 2942 2774 3006 αὑτοῦ,
2804 2944 2895 2995 καὶ
2914 2937 3064 3011 εἶχον
3085 2941 3393 2993 ἐνοικοῦντα
3426 2941 3517 2992 τὸν
3538 2940 3740 3007 Λόγον.

2160 3028 2343 3081 Ταῦτα
2391 3030 2569 3082 τοίνυν
2605 3029 2782 3081 πάντα
2822 3030 2966 3081 ἐστὶν
3000 3032 3027 3083 ὁ
3073 3031 3217 3094 Υἱὸς,
3253 3030 3403 3099 φωνὴ
3450 3030 3545 3081 καὶ
3574 3025 3739 3095 εἶδος,

2158 3120 2251 3171 καὶ
2279 3120 2450 3187 Λόγος
2491 3119 2585 3172 τοῦ
2626 3120 2857 3190 Πατρός.
2895 3121 2957 3178 Ei
2993 3122 3048 3173 δὲ
3093 3116 3229 3185 εἶδός
3274 3122 3408 3183 ἐστι,
3451 3120 3610 3188 δῆλον
3654 3121 3741 3174 ὅτι

482 3192 570 3246 go,
600 3186 651 3231 et
679 3179 974 3234 character
1001 3191 1081 3236 est
1107 3185 1146 3237 ¹.
1178 3183 1390 3241 llabcns
1412 3186 1596 3257 itaque
1657 3199 1715 3242 ut
1770 3190 2053 3246 character

2162 3210 2246 3262 καὶ
2277 3210 2440 3264 εἰκὼν
2470 3211 2567 3263 καὶ
2608 3213 2913 3283 χαρακτήρ.
2972 3212 3152 3282 Ἐχων
3191 3209 3283 3265 οὖν
3327 3212 3401 3274 ὡς
3449 3211 3742 3283 χαρακτὴρ

483 3266 537 3319 itt
567 3281 625 3321 se
654 3268 977 3322 naturaliter
1020 3272 1397 3343 archetypum,
1453 3275 1566 3330 sive
1615 3279 1892 3347 exemplar
1940 3280 2055 3350 ejus

484 3355 639 3424 cujus
672 3366 754 3412 est
778 3359 1083 3424 character,
1120 3375 1244 3417 vere
1283 3363 1452 3421 dicit:
1496 3384 1515 3417 ι
1548 3364 1658 3437 Ego
1690 3370 1740 3424 in
1792 3370 1973 3435 Patre,
2002 3382 2056 3429 et

483 3448 727 3503 l’atcrin
764 3465 849 3505 tne
883 3451 926 3516 ’;
973 3468 992 3501 ι
1050 3460 1124 3516 et,
1170 3472 1188 3505 ι
1244 3451 1356 3525 Ego
1420 3466 1473 3511 cl
1524 3458 1687 3515 Pater
1740 3476 1903 3515 tttttttn
1958 3479 2053 3519 su-

484 3554 603 3593 tnus
641 3539 681 3594 '.
720 3558 739 3592 ι

550 3667 779 3735 ALIUD,
814 3673 1086 3728 ostendens
1108 3675 1254 3800 quaid)
1276 3676 1495 3759 Verbum
1539 3693 1750 3738 uocetur
1787 3687 1981 3753 species

1256 3764 1325 3800 et.
1819 3798 1832 3800 -

1256 3764 1325 3803 ει.

552 3849 869 3906 Patriarcha
893 3852 1060 3909 Jacoh
1087 3859 1504 3925 cognominatus
1538 3860 1644 3917 fuit
1680 3863 1969 3934 aliquando
2018 3882 2049 3921 a

482 3940 594 3997 Deo
623 3940 813 3997 Israel.
871 3962 888 3996 ι
928 3943 1085 4011 Nam,
1112 3956 1169 3999 ut
1199 3948 1372 4018 inquit
1402 3949 1703 4020 Scriptura,
1724 3966 1946 4011 exortus
1970 3967 2054 4012 est

488 4032 536 4086 ci
581 4033 658 4087 sol
687 4035 901 4101 quando
932 4037 1404 4107 transivitspecies
1431 4040 1521 4096 Dei
1548 4042 1589 4096 ⁸.
1629 4063 1648 4097 ι
1681 4043 1900 4114 Spectes
1959 4063 2052 4101 au-

482 4134 587 4179 tem
620 4124 717 4181 Dei
749 4127 1002 4195 quidnam
1040 4129 1181 4184 aliud
1207 4130 1297 4195 sit,
1326 4146 1485 4201 quam
1530 4134 1575 4189 is
1593 4137 1682 4204 qui
1722 4138 1886 4193 libere
1937 4138 2048 4193 cla-

481 4225 631 4269 mat:
662 4234 681 4267 ι
710 4216 810 4283 Qui
848 4219 979 4272 vidit
1006 4235 1109 4284 me,
1147 4221 1275 4275 vidit
1302 4232 1355 4277 et
1381 4222 1595 4281 Patrem
1620 4228 1663 4281 '.
1730 4228 1839 4299 Ego
1870 4230 1921 4284 in
1949 4230 2049 4284 Pa-

479 4315 580 4369 tre,
603 4314 655 4360 et
687 4306 919 4363 Paterin
962 4325 1080 4376 me;
1122 4330 1139 4363 ι
1174 4322 1247 4377 ct,
1273 4333 1289 4365 ι
1327 4314 1436 4385 Ego
1469 4327 1522 4372 et
1558 4318 1715 4375 Pater
1747 4337 1910 4376 unum
1957 4338 2050 4378 su-

481 4397 644 4452 mus?
689 4417 707 4451 ι

623 4592 947 4663 Objectious
967 4596 1193 4651 hostium
1224 4597 1419 4655 Christi
1440 4603 1603 4671 plena:
1624 4607 1905 4675 impietate.

548 4790 824 4859 Servator,
862 4793 1132 4865 inquiunt.
1159 4799 1277 4868 ipse
1304 4801 1515 4858 Patrem
1544 4821 1700 4860 suum
1756 4824 1851 4879 pro
1893 4811 2048 4867 disci-

478 4880 616 4949 pulis
646 4883 779 4947 suis,
806 4899 1016 4957 proque
1039 4888 1306 4946 universis
1335 4896 1424 4962 qui
1452 4896 1611 4967 118
1640 4899 1690 4952 in
1723 4879 1891 4968 ipsum
1920 4918 2043 4958 crc-

477 4973 629 5038 dunt.
657 4985 793 5041 orat,
844 4978 917 5031 ita
960 4980 1146 5036 dicens
1180 5000 1192 5036 :
1241 5000 1260 5035 ι
1301 4981 1460 5039 Pater
1484 4999 1689 5054 sancte,
1714 4994 1917 5049 custodi
1946 5010 2042 5050 eos

477 5061 531 5115 in
590 5064 806 5119 nomine
858 5076 951 5124 tuo
998 5086 1137 5139 quos
1186 5074 1377 5130 dedisti
1436 5077 1591 5145 mihi,
1627 5090 1684 5133 ut
1712 5082 1817 5136 sint
1877 5100 2039 5139 unum

476 5153 687 5244 sicutet
714 5172 813 5213 nos
847 5160 894 5217 ⁸.
932 5180 952 5214 ι
987 5161 1055 5217 Et
1076 5166 1233 5232 paulo
1266 5176 1427 5238 post:
1466 5189 1483 5222 ι
1520 5169 1630 5227 Nec
1656 5189 1754 5244 pro
1803 5176 1919 5233 istis
1946 5193 2037 5235 so-

2158 3300 2299 3353 κατὰ
2351 3298 2513 3366 φύσιν
2558 3302 2615 3352 ἐν
2649 3301 2827 3370 ἑαυτῷ
2859 3301 2919 3353 τὸ
2965 3303 3336 3373 πρωτότυπον,
3370 3296 3449 3354 οὖν
3478 3303 3571 3355 καὶ
3620 3303 3742 3356 ἔστι

2157 3388 2465 3461 χαρακτὴρ,
2497 3390 2787 3459 ἀληθεύσει
2819 3390 2998 3458 λέγων
3021 3407 3034 3421 ⁸
3070 3410 3088 3443 ι
3132 3391 3271 3459 Ἐγὼ
3318 3395 3374 3445 ὲν
3418 3391 3497 3462 τῷ
3535 3393 3737 3464 Πατρὶ,

2156 3481 2249 3533 καὶ
2278 3482 2306 3533 6
2334 3480 2523 3553 Πατὴρ
2552 3483 2609 3535 ἐν
2642 3482 2761 3551 ἐμοί
2784 3498 2795 3511 ·
2835 3502 2854 3536 ι
2893 3484 3009 3551 καὶ,
3045 3502 3062 3535 ι
3112 3483 3251 3551 Ἐγὼ
3278 3486 3370 3537 καὶ
3406 3485 3432 3536 ὁ
3460 3485 3647 3553 Πατὴρ
3675 3484 3741 3539 ἓν

2154 3570 2342 3641 ἐσμεν.
2390 3590 2410 3623 s

2150 3704 2357 3769 ΔΛΛΟ,
2421 3703 2723 3773 σημαῖνον
2783 3704 2924 3829 did
2945 3701 3103 3769 εἶδος
3173 3704 3324 3758 Θεοῦ
3379 3704 3648 3758 καλεῖται
3701 3709 3741 3758 d

2929 3793 3055 3829 γορ.

2929 3793 3055 3842 γος.

2238 3884 2296 3939 Ὁ
2343 3887 2688 3956 πατριάρχης
2746 3884 2937 3939 ἰακὼὸ
2989 3885 3383 3957 μετωνομάσθη
3436 3886 3588 3955 παρὰ
3636 3885 3737 3937 τοῦ

2150 3975 2287 4031 Θεοῦ
2330 3978 2423 4031 καὶ
2451 3977 2710 4047 κέκληται
2757 3979 2899 4031 κατά
2934 3996 3054 4031 τινα
3092 3979 3282 4049 χρόνον
3340 3978 3575 4047 Ἰσραὴλ,
3616 3978 3737 4040 ὅτε,

2150 4068 2298 4123 καθὰ
2317 4085 2483 4139 φησιν
2504 4071 2537 4139 ἡ
2566 4068 2686 4121 θεία
2706 4068 2917 4139 Γραφὴ,
2956 4087 2974 4119 ι
3015 4066 3309 4122 ’Λνὲτειλεν
3337 4067 3484 4137 αὐτῷ
3508 4070 3535 4120 6
3555 4068 3733 4138 ἥλιος,

2153 4160 2318 4232 ἡνίκα
2347 4160 2596 4231 παρῆλθε
2626 4162 2686 4215 τὸ
2716 4159 2852 4225 εἶδος
2879 4161 2972 4214 τοῦ
3002 4160 3159 4214 Θεοῦ.
3198 4178 3217 4212 ι
3251 4155 3400 4222 Εἶδος
3428 4158 3483 4210 δὲ
3514 4157 3649 4211 Θεοῦ
3677 4158 3738 4211 τι

2152 4252 2219 4306 ἂν
2272 4254 2457 4324 ἕτερον
2506 4252 2615 4323 εἴη,
2674 4254 2721 4306 εἰ
2771 4253 2845 4324 μὴ
2892 4254 3107 4315 πάντως
3154 4254 3181 4304 6
3232 4251 3369 4321 μετὰ
3415 4250 3736 4321 παρρησίας

2153 4343 2329 4414 βοῶν·
2386 4363 2406 4395 ι
2476 4346 2533 4397 '0
2592 4344 2855 4415 ἑωρακὼς
2888 4344 3009 4414 ἐμὲ,
3063 4342 3273 4413 ἑώρακε
3330 4342 3419 4396 τὸν
3485 4340 3730 4412 Πατέρα.

2164 4436 2303 4504 Ἐγὼ
2342 4437 2401 4489 ὲν
2446 4436 2523 4506 τῷ
2565 4439 2761 4507 Πατρὶ,
2797 4438 2890 4490 καὶ
2936 4440 2963 4489 6
3010 4436 3197 4507 Πατὴρ
3238 4436 3294 4487 ὲν
3335 4435 3493 4487 ὲιιοί·
3539 4453 3558 4486 ι
3608 4435 3733 4503 καὶ,

2162 4543 2179 4574 ι
2226 4523 2364 4592 Ἐγὼ
2388 4525 2481 4577 καὶ
2501 4526 2531 4579 ὀ
2563 4524 2748 4596 Πατὴρ
2770 4525 2829 4578 ἓν
2861 4526 3063 4594 ἐσμεν;
3111 4542 3129 4575 ι

2082 4610 2124 4663 D
2163 4638 2491 4701 Ἀντίθεσις
2538 4636 2618 4701 ὡς
2662 4635 2778 4689 ἀπὸ
2826 4635 2948 4687 τῶν
2976 4631 3409 4716 χριστομάχων,
3446 4632 3734 4699 ἀσεϐείας

2842 4719 3061 4773 μεστη.

2219 4823 2568 4893 Εὑρίσκεται,
2625 4824 2811 4892 φασιν,
2849 4825 3010 4888 αὐτὸς
3064 4823 3093 4877 6
3139 4823 3329 4893 Σωτὴρ
3378 4821 3469 4874 τὸν
3520 4818 3724 4874 ἑαυτοῦ

2147 4914 2366 4983 Πατέρα
2416 4915 2747 4986 παρακαλῶν
2780 4917 2921 4987 ὺπέρ
2956 4934 3015 4969 τε
3033 4916 3143 4970 τῶν
3194 4914 3388 4969 ἑαυτοῦ
3437 4914 3724 4985 μαθητῶν,

2149 5006 2244 5059 καὶ
2271 5007 2410 5077 ὑπὲρ
2467 5008 2682 5061 πάντων
2710 5008 2815 5062 τῶν
2838 5007 3115 5072 εἰς,αὐτδν
3146 5007 3606 5071 πεπιστευκότων,
3626 5008 3725 5060 καὶ

2145 5092 2287 5148 οὔτω
2332 5095 2538 5162 λέγων’
2587 5116 2603 5149 ι
2642 5097 2821 5167 Πάτερ
2850 5097 2993 5166 ἅγιε,
3023 5098 3263 5168 τήρησον
3307 5097 3504 5159 αὐτοὺς
3548 5098 3605 5148 ἐν
3640 5096 3721 5166 τῷ

2144 5184 2367 5255 ὀνόματί
2417 5204 2533 5250 σου,
2580 5187 2673 5252 οὓς
2711 5189 2946 5251 δέδωκάς
2982 5205 3093 5258 μοι,
3143 5188 3231 5242 ἵνα
3260 5181 3393 5243 ὦσιν
3433 5185 3491 5241 ἓν
3534 5185 3719 5251 milia;

475 5242 542 5299 lis
571 5250 840 5316 rogo.scd
860 5253 1022 5307 etiam
1050 5271 1151 5325 pro
1209 5260 1556 5319 credentibus
1589 5242 1684 5335 per
1734 5282 2036 5325 sermonem

2162 5242 2441 5349 tui-inuis.
2477 5297 2498 5330 ι
2521 5242 2793 5351 ’Καίμςθ
2827 5242 3024 5352 lupa"
3137 5282 3213 5335 Οὐ
3248 5282 3377 5352 περὶ
3410 5279 3616 5333 τούτων

473 5346 656 5425 eorum
677 5337 730 5391 in
762 5354 885 5396 tne:
917 5354 972 5397 ut
992 5360 1180 5400 omnes
1212 5364 1374 5404 unum
1404 5354 1534 5420 sint,
1575 5358 1716 5410 sicut
1750 5367 1824 5422 tu,
1860 5358 2037 5425 Pater,

476 5422 528 5477 in
560 5438 737 5492 me,et
774 5446 872 5501 ego
900 5433 1046 5504 inte,
1078 5448 1135 5493 ut
1167 5452 1219 5494 et
1249 5442 1347 5512 ipsi
1393 5444 1445 5499 in
1471 5446 1624 5503 nobis
1674 5466 1845 5504 unum
1880 5422 2027 5519 sint:

474 5524 531 5567 ut
560 5520 791 5577 mundus
807 5526 991 5581 credat
1021 5534 1162 5597 quud
1199 5543 1252 5587 tu
1300 5550 1389 5589 me
1427 5536 1642 5594 misisti.
1676 5542 1743 5595 Et
1789 5556 1887 5611 ego
1922 5544 2035 5614 glo-

544 5689 593 5787 3'
617 5695 755 5787 lii-eu.
777 5716 974 5787 favni,
1008 5706 1154 5787 25.“
1175 5709 1219 5741 "
1254 5709 1390 5787 _Gc_n.
1430 5728 1574 5779 xxxi,
1614 5716 1664 5769 7.
1724 5717 1785 5787 A“
1815 5717 1951 5772 Gen.
1980 5736 2152 5787 xntt.
2196 5726 2279 5779 ll.

472 5777 585 5833 χιιι,
615 5766 699 5823 ll.
776 5771 795 5803 ³
822 5766 973 5830 Juan.
1004 5792 1056 5837 ς,
1090 5776 1178 5833 50.
1255 5780 1275 5810 ⁸
1300 5782 1435 5838 Gen.
1470 5766 1763 5855 satiust.
1822 5766 2047 5846 Τῖὸςιῖιῖ

2162 5810 2202 5865 δ’,
2237 5800 2287 5853 9.
2370 5798 2389 5829 ‘
2417 5797 2575 5855 Juan.
2608 5770 2735 5867 xvii,
2775 5766 2860 5856 ιἰἶ

2144 5370 2323 5440 μόνων
2357 5370 2565 5443 ἐρωτῶ,
2610 5372 2745 5427 ἀλλὰ
2774 5375 2870 5427 καὶ
2919 5373 3181 5445 περὶτῶν
3224 5372 3589 5427 πιστευόντων
3625 5370 3716 5424 διὰ

2139 5458 2234 5521 τοῦ
2274 5458 2433 5527 λόγου
2460 5460 2638 5515 αὐτῶν
2675 5465 2752 5528 εἰς
2780 5465 2804 5516 ὲ
2814 5465 2882 5534 μέ
2904 5480 2917 5494 ⁸
2952 5464 3040 5518 ῐνα
3075 5464 3274 5526 πάντες
3295 5464 3351 5517 ἒν
3378 5456 3501 5527 ὦσι,
3529 5460 3716 5525 καθὼς

2141 5548 2227 5615 σὺ,
2269 5549 2478 5622 Πατὴρ,
2520 5553 2577 5606 ὲν
2608 5555 2749 5624 ἐμοὶ,
2786 5556 2940 5625 κάγὼ
2973 5558 3033 5609 ὲν
3067 5556 3168 5616 σοὶ.
3214 5556 3301 5610 ἴνα
3340 5554 3436 5608 καὶ
3473 5554 3626 5608 αὐτοὶ
3655 5555 3714 5607 ἐν

2383 5726 2611 5803 Ϋῖδοδηο
2646 5745 2698 5790 ν.
2729 5730 2825 5803 δῖ,
2846 5731 2935 5787 58.
3052 5734 3065 5766 ¹
3104 5731 3266 5791 llehr.
3297 5749 3336 5803 t,
3373 5734 3428 5791 ‘5.
3507 5729 3712 5787 'Joan.
