3968 6484
211 447 297 506 197

1622 437 2076 498 τιιεειιυιιυε.

3388 439 3496 500 198

212 566 322 637 ἡμῖν
343 562 399 617 Iv
421 553 597 616 ὦσιν·
632 560 736 615 ῖνα
758 558 794 613 6
836 554 1039 629 κόσμος
1077 554 1345 630 πιστεύσῃ
1378 553 1463 612 δτι
1505 553 1570 610 σύ
1604 573 1671 632 με
1696 555 1794 611 ἁπ-

1909 559 2045 613 rism
2067 570 2232 628 quam
2262 556 2461 615 dedisti
2486 554 2621 612 mihi
2648 552 2773 612 dedi
2816 554 2918 624 eis,
2936 563 2998 611 ut
3022 554 3133 613 sint
3162 569 3331 611 unum
3354 556 3500 615 sicut

210 660 450 723 ιστιιλας.
489 640 677 726 κάγὼ
714 655 830 726 τὴν
862 653 1017 719 δόξαν
1045 654 1111 726 ην
1156 652 1397 718 δέδωκάς
1446 669 1558 726 μοι.
1594 653 1803 709 δέδωκα

208 750 387 813 αὐτοῖς,
404 747 494 801 ῖνα
520 740 668 801 ὗσεν
702 746 772 801 ἓν
787 742 972 809 καθὼς
987 747 1143 817 ἡμεῖς
1157 745 1237 801 Iv.
1268 744 1412 815 Ἐγὼ
1433 746 1492 801 ὲν
1506 745 1691 810 αὐτοῖς
1707 746 1802 801 καὶ

207 844 259 893 σὺ
275 842 327 893 ὲν
341 838 483 909 ipsi,
506 837 602 893 ῖνα
635 830 755 892 ὦσι
782 835 1189 908 τετελειωμένοι
1222 838 1305 900 είς
1326 837 1386 892 ἓν
1404 854 1419 868 ο
1446 837 1533 892 ῖνα
1553 836 1800 911 γινώσκῃ

204 929 227 982 6
264 929 457 1001 κόσμος
496 931 584 983 ὅτι
618 928 692 983 σύ
744 945 816 1000 με
862 928 1229 993 ἀπέσταλκας.
1272 948 1293 982 ι
1331 928 1547 983 Οὐκοῦν
1604 926 1801 1000 ὥσπερ

203 1021 455 1092 ἂνθρωποι
487 1021 597 1093 τὴν
654 1019 830 1091 φύσιν
856 1019 1011 1083 ὅντες
1039 1020 1199 1091 ἡμεῖς
1228 1022 1288 1076 ἑν
1327 1020 1407 1093 τῷ
1433 1020 1613 1093 Πατρὶ
1652 1019 1800 1090 γινό-

206 1109 344 1181 μεθα,
376 1110 522 1165 οὕτω
554 1112 662 1165 καὶ
693 1110 859 1175 αὐτὸς
900 1112 929 1165 6
955 1110 1086 1176 Υίδς
1129 1110 1189 1167 Iv
1226 1112 1345 1166 tm
1378 1111 1518 1183 πρὸς
1558 1110 1649 1166 τὸν
1687 1112 1800 1166 Πα-

201 1198 331 1271 τέρα.
359 1199 472 1255 Καὶ
516 1199 702 1263 αὐτὸς
744 1199 797 1254 δὲ
834 1198 997 1253 πάλιν
1040 1201 1071 1253 6
1113 1199 1329 1271 Πατὴρ,
1366 1199 1543 1264 οὕτως
1576 1199 1637 1254 ιν
1678 1200 1797 1256 ἑστι

202 1293 315 1361 πρὸς
343 1292 437 1346 τὸν
461 1292 631 1358 Υῐδν,
658 1291 921 1365 καθάπερ
950 1292 1045 1347 καὶ
1078 1289 1217 1364 πρὸς
1247 1293 1420 1364 ἡμᾶς.
1464 1292 1575 1346 Καὶ
1604 1291 1795 1364 ὥσπερ

199 1384 350 1448 οὐδεὶς
368 1380 697 1454 ἀναγκάζει
729 1382 886 1453 λόγος
906 1382 1132 1454 ὁμοίους
1162 1384 1311 1454 ἡμᾶς
1340 1378 1480 1437 εἶναι
1518 1383 1661 1438 κατὰ
1691 1383 1796 1454 φύ-

202 1492 271 1528 σιν
295 1474 367 1546 τῷ
394 1475 608 1547 lla-:91,
643 1476 732 1529 ὅτι
762 1473 828 1546 δὴ
856 1471 954 1527 καὶ
982 1474 1121 1546 πρὸς
1150 1474 1314 1529 αὐτὸν
1339 1473 1398 1527 ἓν
1425 1472 1674 1544 γίνεσθαι
1705 1476 1794 1528 λε-

199 1565 406 1637 γόμεθα,
431 1566 620 1631 οὗτος
642 1567 748 1621 οὐκ
771 1566 989 1637 ἀνάγκη
1015 1567 1165 1620 πᾶσα
1192 1565 1371 1635 λέγειν
1391 1566 1457 1619 ὲκ
1475 1565 1579 1637 τῆς
1603 1566 1793 1631 οὐσίας

198 1654 315 1711 εἶναι
342 1657 436 1713 τοῦ
474 1658 709 1729 [tum
740 1659 832 1712 τὸν
866 1657 1014 1721 Υίὺν,
1037 1658 1337 1730 ἐπειδήπερ
1356 1657 1522 1729 φησίν
1541 1672 1556 1687 ·
1589 1676 1607 1710 ι
1649 1656 1792 1726 Ἐγὼ

198 1749 246 1803 ἐν
272 1750 342 1821 τῷ
373 1751 583 1822 Πατρὶ,
623 1751 724 1804 καὶ
747 1750 776 1803 6
805 1749 999 1822 Πατὴρ
1031 1750 1092 1804 ὲν
1117 1747 1261 1820 ἐμοί.
1301 1766 1322 1803 ι
1370 1751 1460 1814 Ὠς
1488 1748 1599 1822 γὰρ
1642 1767 1793 1822 προ-
1832 1766 1833 1771 ‘

196 1842 426 1908 λαϐόντες
461 1844 808 1915 εἰρήκαμεν,
863 1841 1037 1907 οὕτως
1080 1842 1232 1896 ἐστιν
1279 1843 1337 1896 ὲν
1388 1842 1587 1915 Πατρὶ,
1646 1842 1790 1898 καθά

1906 658 1961 706 et
1986 665 2086 707 nos
2111 666 2276 705 unum
2305 664 2516 706 sumus.
2547 648 2662 720 Ego
2687 648 2740 704 in
2789 648 2944 718 ipsis.
2992 656 3050 705 et
3090 657 3146 705 tu
3181 648 3237 705 in
3283 663 3403 717 me;
3439 660 3500 705 ut

1904 740 2017 798 sint
2051 740 2279 813 perfecti
2313 740 2369 796 in
2392 755 2602 807 unum;
2654 748 2716 793 ut
2744 747 3037 809 cognoscat
3069 739 3305 796 mundus
3354 739 3499 811 quod

1905 842 1961 889 tu
1996 848 2079 889 me
2109 831 2307 889 misisti
2340 832 2384 886 '.
2424 850 2445 885 ι
2472 829 2938 897 Queadmodum
2996 829 3164 901 igitur
3235 845 3337 887 nos
3403 832 3497 902 qui

1902 920 2155 979 homines
2183 936 2391 989 sumus,
2417 921 2471 976 in
2501 919 2668 976 Patre
2693 935 2883 977 sumus
2912 935 2929 975 :
2980 919 3055 975 ita
3084 919 3275 977 etiam
3326 920 3498 978 Filius

1900 1026 2070 1070 unum
2093 1022 2183 1070 est
2205 1027 2329 1071 cum
2357 1012 2537 1069 Patre.
2574 1009 2642 1067 Et
2672 1011 2943 1079 vicissim,
2968 1010 3134 1067 Pater
3163 1012 3277 1082 ipse
3319 1011 3393 1068 ita
3415 1021 3499 1068 est

1900 1121 2071 1162 unum
2112 1120 2237 1161 cum
2268 1103 2429 1171 Filio,
2454 1104 2592 1160 sicut
2620 1111 2676 1159 et
2702 1102 3009 1160 nobiscum.
3040 1101 3109 1157 Et
3139 1104 3497 1175 quemadmo-

1899 1201 2026 1253 dum
2050 1195 2196 1253 nulla
2228 1198 2369 1253 ratio
2392 1197 2563 1269 cogit,
2588 1204 2651 1251 ut
2679 1208 2780 1251 nos
2807 1193 3105 1250 secundum
3134 1204 3386 1251 naturam
3416 1196 3497 1252 si—

1898 1286 2059 1343 miles
2127 1288 2300 1345 simus
2368 1287 2557 1354 Patri,
2629 1286 2723 1358 qui
2786 1301 2957 1342 unum
3012 1301 3138 1343 cum
3190 1286 3310 1358 ipso
3375 1286 3495 1344 ﬁeri

1897 1378 2132 1435 dicimur
2165 1396 2179 1433 :
2239 1381 2314 1437 ita
2336 1396 2443 1438 non
2472 1394 2699 1452 prorsus
2739 1392 2962 1438 necesse
3022 1388 3107 1436 est
3138 1388 3198 1435 ut
3226 1379 3398 1437 Filius
3421 1378 3496 1436 sit

1896 1487 1963 1529 ex
1996 1472 2231 1531 essentia
2265 1472 2466 1538 Patris,
2504 1472 2762 1543 quoniam
2812 1469 2930 1525 ait:
2968 1487 2988 1522 ι
3027 1468 3141 1541 Ego
3202 1470 3255 1526 in
3308 1469 3491 1539 Patre,

1896 1574 1953 1621 et
1976 1566 2141 1621 Pater
2162 1569 2217 1619 in
2241 1578 2351 1620 me.
2398 1582 2417 1617 ι
2445 1562 2605 1630 Nam,
2646 1571 2708 1618 ut
2734 1572 2861 1618 ante
2884 1561 3148 1629 diximus,
3178 1561 3252 1617 ita
3300 1571 3385 1619 est
3435 1564 3491 1617 in

1894 1655 2077 1726 Patre,
2096 1658 2242 1715 sicut
2263 1665 2316 1712 et
2334 1671 2450 1711 nos.
2470 1656 2578 1710 Aut
2612 1670 2741 1727 ergo
2768 1670 2995 1712 necesse
3032 1665 3115 1711 est
3140 1655 3296 1711 fateri
3327 1655 3493 1711 etiam

1896 1765 1997 1806 nos
2022 1765 2089 1805 ex
2134 1748 2373 1805 essentia
2399 1747 2580 1802 Patris
2602 1761 2744 1815 esse,
2767 1747 2893 1817 quia
2919 1762 3085 1802 unum
3119 1746 3247 1801 facti
3300 1761 3491 1802 sumus

1896 1857 2018 1899 cum
2053 1841 2184 1908 Deo,
2208 1850 2300 1894 aut
2324 1839 2368 1895 si
2396 1839 2645 1894 homines
2686 1853 2975 1894 manemus
3034 1838 3249 1894 etiamsi
3315 1854 3487 1894 unum

196 1934 277 1988 καὶ
298 1936 476 2006 ἡμεῖς.
515 1936 597 1989 Ἦ
635 1935 820 1990 τοίνυν
859 1934 954 1989 καὶ
991 1934 1142 2006 ἡμᾶς
1175 1932 1475 1987 ἀκόλουθον
1511 1932 1794 2006 ὁμολογεῖν

1902 1935 2091 1987 liamus
2115 1944 2240 1986 cum
2268 1929 2401 1994 Deo,
2442 1942 2657 1998 tequum
2695 1936 2797 1993 est,
2825 1937 2885 1984 ut
2910 1928 3051 1984 idem
3090 1928 3157 1983 de
3199 1926 3338 1983 Filio
3359 1943 3494 1984 cen-

196 2028 250 2080 ἰκ
278 2028 373 2098 τῆς
404 2026 609 2092 οὑσὶας
642 2022 783 2081 εἶναι
830 2026 926 2080 τοῦ
966 2026 1201 2097 Πατρὸς,
1232 2024 1322 2080 διὰ
1359 2024 1421 2078 τδ
1452 2023 1517 2078 ἓν
1537 2023 1787 2093 γίνεσθαι

195 2120 313 2190 πρὸς
344 2119 503 2184 Θεὸν,
558 2120 609 2190 ἢ
655 2120 704 2172 εί
751 2120 985 2190 μένομεν
1034 2116 1335 2188 ἄνθρωποι,
1374 2116 1477 2171 κᾶν
1517 2115 1576 2169 ἔν
1617 2114 1789 2183 γενώ-

199 2211 319 2278 μεθα
345 2212 483 2283 πρὸς
514 2211 617 2265 τὸν
674 2212 917 2282 Πατέρα,
946 2210 1156 2265 δίκαιον
1190 2210 1286 2265 καὶ
1315 2211 1401 2279 ἐφ’
1455 2209 1586 2263 Υἱοῦ
1629 2209 1789 2264 τοῦτο

1896 2020 2502 2081 εθιιηιιιε.Μοιιοιοιιὶιιι
2564 2021 2616 2074 ἰιι
2666 2036 2762 2076 sua
2827 2030 3042 2089 natura,
3096 2036 3205 2076 non
3249 2020 3495 2076 sublatus

1898 2117 1952 2171 in
1975 2114 2268 2170 essentiam
2303 2112 2508 2181 Patris,
2535 2111 2753 2170 tametsi
2798 2129 2965 2168 unum
3012 2128 3139 2169 cum
3206 2113 3324 2183 ipse
3371 2126 3496 2169 esse

1897 2207 2130 2263 dicatur.
2577 2216 2589 2225 ‘

196 2310 411 2375 φρονεῖν.
467 2308 650 2361 Μὲνει
705 2308 815 2379 γὰρ
858 2307 953 2360 ἐπὶ
999 2307 1098 2377 τῆς
1153 2305 1346 2360 ἑαυτοῦ
1400 2307 1637 2376 φύσεως,
1684 2306 1785 2359 οὐκ
1859 2301 2170 2358 ἀναϐαίνων
2238 2300 2319 2363 είς
2366 2299 2467 2371 τὴν
2496 2296 2592 2352 τοῦ
2637 2295 2852 2370 Ηατρὸς
2902 2297 3115 2363 οὐσίαν,
3168 2296 3273 2352 κᾶν
3306 2297 3384 2360 ὡς
3432 2294 3495 2350 ἓν

196 2400 441 2473 ὑπάρχειν
475 2401 720 2473 λέγηται
755 2400 895 2473 πρὸς
925 2400 1113 2453 αὐτόν.

748 2514 941 2581 Λύσις
967 2513 1215 2582 ἐφεξῆς.

255 2620 433 2675 ταῦτα
486 2624 591 2677 καὶ
645 2624 675 2677 6
722 2621 835 2677 τῶν
869 2624 1259 2695 χριστομάχων
1304 2623 1491 2696 πατὴρ
1538 2624 1636 2677 καὶ
1682 2624 1784 2696 τῆς

198 2709 443 2784 φλυάρῳ
479 2713 674 2767 αὐτῶν
704 2713 940 2785 χορηγὸς
973 2714 1224 2778 διάϐολος
1271 2715 1512 2786 είρηκὼς
1545 2716 1747 2785 ἢκουσε
1766 2730 1783 2746 ⁸

2411 2496 2625 2554 Salutio
2660 2496 2989 2566 objectionis.

1960 2614 2083 2669 llzec
2114 2614 2229 2681 ipsa
2255 2612 2507 2669 diabolus
2538 2613 2737 2677 etiam,
2777 2612 3016 2667 hostium
3078 2611 3278 2667 Christi
3311 2621 3491 2684 pater,

1861 2718 1941 2768 .et
1970 2707 2187 2761 illorum
2257 2706 2588 2773 nugacitatis
2646 2705 3065 2774 antesignanus,
3120 2703 3284 2769 dixit,
3330 2716 3494 2777 atque

202 2822 219 2852 ι
248 2802 351 2856 Νῦν
381 2804 438 2857 δὲ
472 2808 559 2869 εἰς
590 2803 727 2875 ᾅδην
753 2806 1042 2878 καταδήσῃ
1079 2806 1170 2860 καλ⁵
1210 2809 1294 2871 εἰς
1325 2808 1393 2859 τὰ
1428 2807 1655 2877 θεμέλια
1684 2807 1785 2877 τῆς

1907 2795 2024 2860 deo,
2054 2794 2256 2848 audivit
2282 2812 2296 2847 :
2330 2813 2348 2845 ι
2380 2792 2535 2847 Nunc
2558 2794 2624 2847 ad
2655 2792 2860 2848 inferos
2891 2795 3186 2848 descendas
3213 2794 3334 2849 etin
3362 2793 3491 2849 run.

198 2894 302 2964 γῆς.
341 2913 361 2946 ι
407 2896 498 2959 Ὠς
535 2896 651 2967 γὰρ
684 2896 1018 2967 τετόλμηκεν
1052 2899 1228 2950 εἰπεῖν
1261 2899 1467 2961 ἐκεῖνος
1489 2914 1501 2926 ·
1535 2917 1556 2951 ι
1630 2898 1786 2953 Ἀνα-

201 2983 417 3054 ϐἡσομαι
458 2985 660 3039 ἐπάνω
686 2984 797 3037 τῶν
824 2984 1087 3053 νεφελῶν,
1119 2987 1211 3039 καὶ
1242 2985 1441 3056 ἔσομαι
1487 2985 1675 3056 ὅμοιος
1704 2986 1783 3056 τῷ

1895 2885 2149 2939 damenta
2180 2893 2361 2938 terrae.
2388 2901 2407 2935 ι
2438 2884 2910 2950 Quemadmodum
2932 2884 3075 2938 enim
3098 2884 3185 2939 ille
3209 2900 3373 2939 ausus
3406 2895 3496 2942 est

1892 2975 2074 3031 dicere
2108 2994 2121 3029 :
2162 2994 2181 3027 ι
2204 2975 2511 3029 Ascendam
2548 2990 2713 3043 super
2738 2976 2933 3041 nubes,
2961 2986 3017 3029 et
3046 2991 3142 3032 ero
3172 2978 3369 3033 similis
3392 2978 3491 3033 Al-

211 3072 434 3147 ’Υψίστῳ
451 3094 467 3108 ·
499 3096 520 3129 s
559 3074 656 3131 τὸν
684 3076 848 3130 αὑτὸν
872 3076 936 3148 δὴ
969 3076 1171 3148 τρόπον
1197 3076 1291 3130 καὶ
1316 3068 1483 3142 οὗτοι,
1521 3076 1657 3129 πολὺ
1682 3076 1782 3145 τῆς

1902 3068 2104 3121 Lissimu
2131 3067 2151 3097 '
2184 3082 2196 3119 :
2228 3086 2245 3117 ι
2268 3068 2458 3121 eadem
2520 3065 2733 3121 ratione
2792 3066 2957 3122 etiam
3003 3066 3091 3121 isti
3121 3067 3370 3124 humane
3392 3084 3493 3124 na-

202 3166 489 3237 ἀνθρώπων
540 3168 764 3236 φύσεως
813 3169 941 3231 τοὺς
984 3168 1144 3239 ὅρους
1192 3168 1647 3237 ὑπερϐαινόμενοι
1694 3168 1789 3220 καὶ

202 3259 286 3330 τῆς
324 3261 515 3325 οὐσίας
564 3259 869 3325 ἀναϐάντες
900 3259 962 3313 τὸ
1006 3258 1228 3331 μέτρον,
1262 3260 1325 3312 οὐ
1365 3258 1657 3329 φοϐοῦνται
1702 3258 1791 3312 λέ-

204 3367 402 3416 7mm;-
461 3350 742 3422 Ἐσόμεθα
788 3351 966 3423 ὅμοιοι
1000 3350 1077 3423 τῷ
1125 3350 1386 3421 Talia-rip.
1438 3350 1653 3422 Ὠσπερ
1695 3344 1790 3404 οὖν

205 3441 436 3513 ἀληθεύει
483 3447 513 3499 6
561 3442 662 3497 τοῦ
690 3442 829 3498 Θεοῦ
858 3444 1031 3513 Λόγος
1067 3442 1229 3514 βοῶν,
1257 3442 1338 3495 ὅτι
1375 3461 1393 3494 ι
1448 3440 1591 3511 Ἐγὼ
1624 3442 1717 3496 καὶ
1761 3442 1791 3495 6

206 3535 374 3608 ῌιιτὴρ
409 3538 467 3591 ’ἐν
500 3540 699 3607 ἐσμεν,
734 3554 754 3589 ι
786 3535 875 3589 διὰ
903 3535 965 3589 τὸ
991 3536 1092 3607 τῆς
1124 3535 1317 3599 οὐσίας
1343 3535 1786 3606 ἀπαράλλακτον,

204 3624 329 3681 οὕτω
375 3630 473 3684 καὶ
510 3630 566 3683 oi
616 3628 975 3699 χριστομάχοι
1016 3627 1224 3681 εἴποιεν
1273 3626 1341 3681 ἂν
1395 3626 1788 3696 ἀληθεύοντεςο

224 3720 399 3791 Ἡμεῖς
420 3723 517 3776 καὶ
544 3722 577 3774 ὁ
596 3719 779 3791 πατὴρ
812 3718 971 3791 ἡμῶν
1002 3720 1031 3773 6
1056 3716 1301 3781 διάϐολος
1330 3718 1389 3773 ’ἐν
1412 3719 1601 3789 ἐσμεν,
1617 3717 1705 3773 διὰ
1727 3717 1790 3771 τὺ

208 3810 294 3881 τῆς
318 3815 550 3885 γνώμης
583 3811 1022 3883 ἀπαράλλακτον.
1058 3811 1154 3874 Είς
1173 3810 1331 3865 τοῦτο
1356 3811 1413 3865 δὲ
1442 3812 1541 3883 ἠδη
1579 3813 1791 3883 μωρίας

208 3903 513 3959 ἐλαύνουσιν
538 3905 613 3967 ὡς
642 3902 855 3957 οἴεσθαι
887 3903 1033 3957 κατὰ
1067 3902 1229 3973 χάριν
1256 3902 1482 3972 ἔχοντας
1518 3902 1581 3957 τὸ
1604 3902 1791 3956 καλεῖ-

211 3995 315 4049 σθαι
343 3996 529 4061 Beck,
558 3996 778 4068 ὁμοίους
816 3991 957 4049 εἶναι
982 3993 1245 4048 δύνασθαι
1291 3995 1434 4051 κατὰ
1483 3995 1583 4066 τὴν
1628 3997 1792 4064 φύσιν

210 4085 290 4140 τοῦ
322 4088 416 4160 τὴν
454 4088 624 4160 χάριν
671 4086 1083 4149 ὲπιϐεδωκότος.
1133 4086 1243 4140 Καὶ
1282 4087 1390 4139 uici
1438 4085 1789 4157 κεκλημένοι,

212 4178 317 4232 καθ’
344 4180 649 4251 ὁμοιότητα
677 4178 773 4234 τοῦ
802 4179 943 4234 κατὰ
974 4179 1137 4248 φύσιν
1169 4178 1325 4243 Υἰοῢ,
1374 4179 1520 4243 τσους
1564 4178 1793 4243 ἑαυτοὺς

212 4267 334 4327 εἶναι
382 4272 713 4327 ⁸πιστεύουσι
760 4271 857 4325 τοῦ
898 4271 1034 4341 πρὸς
1076 4270 1353 4325 υἱοθεσίαν
1401 4270 1788 4341 ἀναγαγόντος.

216 4366 295 4416 καὶ
319 4368 377 4420 τὸ
404 4368 545 4421 [διον
588 4364 757 4420 αὑτοῦ
797 4366 942 4419 κατὰ
975 4364 1139 4435 φύσιν
1172 4363 1413 4435 ἀξίωμα,
1457 4362 1601 4417 κατὰ
1630 4364 1791 4436 χάριν

215 4457 377 4524 αὐτοῖς
404 4458 698 4522 ἐπιθέντος
721 4456 813 4513 διὰ
857 4457 1060 4528 πολλὴν
1096 4456 1530 4528 φιλανθρωπίαν.

475 4570 803 4635 Ἅντίθεσις
828 4570 910 4636 ὠς
937 4569 1007 4623 ἐκ
1038 4568 1158 4623 τῶν
1189 4567 1522 4638 αῘρετικῶν.

274 4679 389 4736 Κᾶν
432 4680 596 4752 λέγῃ,
651 4682 837 4751 φασιν,
875 4683 904 4735 6
953 4680 1104 4748 Υἱὸς,
1146 4679 1289 4749 Ἐγὼ
1334 4681 1428 4734 καὶ
1456 4683 1485 4733 ὁ
1522 4678 1711 4753 Πατὴρ
1740 4678 1797 4732 ἓν

220 4767 385 4841 ἔσμεν,
420 4772 489 4825 οὒ
520 4771 740 4834 πάντως
770 4772 920 4826 ἔσται
946 4770 1050 4841 τῆς
1077 4772 1249 4841 αὐτῆς
1277 4769 1466 4835 οὐσίας
1494 4769 1573 4841 τῷ
1604 4771 1799 4842 Πατρὶ,

221 4861 327 4917 ἔπει
364 4866 466 4920 καὶ
502 4866 670 4936 ἡμεῖς
702 4864 984 4937 ἄνθρωποι
1032 4865 1179 4919 κατὰ
1217 4864 1382 4933 φύσιν
1418 4864 1591 4929 ὄντες,
1627 4863 1686 4917 ἓν
1725 4864 1802 4928 ὡς

224 4954 342 5025 πρὸς
370 4958 469 5011 τὸν
494 4956 629 5009 Θεὸν
656 4955 955 5027 γινόμεθα·
990 4956 1086 5010 καὶ
1117 4956 1330 5027 μάρτυς
1373 4954 1536 5019 αὐτὸς
1570 4954 1745 5024 λέγων
1773 4954 1803 5007 6

224 5042 373 5111 Υἱός·
414 5066 434 5100 ι
494 5045 673 5109 Θέλω,
721 5045 926 5115 Πάτερ,
979 5046 1066 5100 ἵνα
1117 5046 1309 5117 ὥσπερ
1343 5044 1457 5114 ἐγὼ
1498 5046 1595 5100 καὶ
1633 5046 1698 5100 σὺ
1744 5046 1803 5099 ἐν

226 5136 396 5210 ἰσμεν,
424 5137 570 5192 οὕτω
604 5136 700 5192 καὶ
739 5138 895 5193 αὐτοὶ
922 5138 982 5191 ὲν
1012 5138 1145 5209 ἡμῖν
1180 5136 1239 5191 ἓν
1272 5130 1427 5192 ὦσιν.

700 5315 859 5386 Πρὸς
896 5314 1074 5370 τοῦτο
1105 5316 1311 5382 λύσις.

285 5431 347 5485 Et
374 5430 545 5496 οὕτως
582 5430 724 5485 εἰσιν
756 5429 786 5482 6
830 5414 1029 5500 Πατὴρ
1078 5428 1175 5482 καὶ
1213 5429 1242 5481 6
1289 5427 1422 5491 Υίδς
1462 5426 1543 5490 ἓν,
1579 5424 1655 5490 ὡς
1708 5424 1804 5479 καὶ

232 5523 373 5593 ἡμεῖς
410 5525 545 5597 πρὸς
590 5524 683 5579 τδν
722 5523 970 5593 Πατέρα,
1023 5522 1119 5575 καὶ
1152 5522 1180 5575 6
1228 5519 1420 5593 Πατὴρ
1456 5518 1593 5589 πρὸς
1633 5519 1803 5589 ἡμᾶς,

228 5614 363 5669 οὐδὲν
392 5616 497 5688 ἄρα
526 5616 589 5670 τὸ
619 5612 830 5687 μεταξὺ
860 5611 956 5667 τοῦ
986 5611 1124 5666 Θεοῦ
1151 5613 1323 5680 Λόγου
1352 5611 1450 5666 καὶ¹
1476 5608 1656 5682 ἡμῶν,
1688 5609 1804 5663 ἀλλ’

229 5705 363 5763 ἕσται
400 5710 540 5765 κατά
574 5710 741 5781 φύσιν
772 5708 913 5780 ἡμῖν
942 5707 971 5759 6
1000 5705 1182 5773 αὐτὸς,
1205 5704 1393 5759 διοίσει
1432 5703 1488 5757 δὲ
1523 5703 1687 5774 μόνον
1724 5701 1803 5772 τῷ

1896 3166 2028 3212 tura:
2052 3156 2255 3211 limites
2276 3155 2435 3226 longe
2470 3154 2861 3221 transilientes,
2898 3166 2954 3211 et
3013 3158 3341 3213 substantia:
3377 3175 3492 3215 sua:

1894 3245 2169 3300 modulum
2229 3245 2706 3309 transcendentes,
2760 3261 2868 3301 non
2944 3256 3205 3301 verentur
3258 3250 3487 3305 dicere:

1892 3334 2110 3391 Erimus
2140 3336 2352 3393 similes
2374 3337 2681 3393 Altissimo.
2733 3336 2889 3393 Sicut
2948 3336 3113 3409 igitur
3178 3353 3308 3396 vere
3362 3341 3496 3396 dicit

1898 3428 2130 3485 Verbum
2152 3427 2267 3497 Dei,
2294 3429 2539 3485 clamans
2565 3446 2580 3483 :
2622 3429 2765 3501 «Ego
2786 3437 2841 3485 et
2863 3428 3029 3485 Pater
3046 3446 3212 3486 unum
3243 3447 3488 3495 sumus.»

1890 3530 2114 3591 propter
2145 3521 2484 3577 identitatem
2513 3521 2767 3577 essentia:
2794 3540 2809 3577 :
2839 3523 2915 3578 ita
2939 3523 3103 3578 etiam
3121 3525 3305 3582 hostes
3332 3526 3495 3581 Chri-

1892 3612 2166 3667 stidicant
2199 3625 2359 3667 vere:
2394 3609 2505 3668 Nos
2530 3620 2586 3666 et
2612 3621 2770 3682 pater
2785 3620 2976 3667 noster
3002 3611 3251 3670 diabolus
3321 3630 3492 3670 unum

1889 3719 2102 3771 sumus,
2133 3714 2355 3775 prepter
2388 3705 2731 3759 voluntatum
2756 3706 3192 3762 similitudinem.
3245 3707 3321 3762 Eo
3344 3708 3491 3763 enim

1888 3797 2002 3868 jam
2028 3796 2318 3852 dementiae
2371 3804 2659 3864 venerunt,
2693 3804 2751 3851 ut
2816 3808 2936 3852 cum
2986 3814 3082 3867 per
3124 3799 3354 3867 gratiam
3439 3801 3493 3856 id

1893 3888 2177 3943 consecuti
2204 3888 2314 3941 sint
2351 3897 2410 3941 ut
2439 3887 2513 3941 dii
2555 3895 2835 3950 vocentur,
2886 3886 3200 3942 existiment
3244 3903 3303 3943 se
3337 3890 3494 3943 sumi-

1893 3976 1975 4033 les
2001 3991 2123 4033 esse
2155 3990 2316 4047 posse
2342 3977 2642 4031 secundum
2668 3986 2921 4031 naturam
2950 3977 2999 4033 ci
3028 3978 3118 4048 qui
3180 3980 3310 4048 ipsis
3344 3979 3491 4035 illam

1892 4070 2133 4140 gratiam.
2150 4069 2375 4139 largitus
2413 4076 2518 4123 est.
2549 4068 2792 4137 Cumque
2814 4077 3083 4124 vocentur
3104 4070 3221 4133 (iiii,
3250 4071 3315 4125 ad
3340 4071 3493 4126 simi-

1893 4160 2177 4216 litudinem
2223 4159 2343 4230 ejus
2387 4159 2481 4230 qui
2519 4158 2849 4214 naturaliter
2911 4169 2996 4215 cst
3023 4160 3214 4228 Filius,
3251 4162 3491 4232 aequales

1894 4268 1954 4309 se
1980 4259 2174 4322 putant
2207 4253 2256 4307 ei
2288 4254 2379 4321 qui
2418 4266 2514 4307 eos
2543 4250 3034 4327 adoptavit,_119
3060 4253 3262 4322 quique
3309 4255 3490 4322 digni-

1897 4353 2062 4401 tatem
2094 4360 2217 4415 qua:
2244 4344 2349 4400 sibi
2382 4342 2706 4399 naturaliter
2732 4345 2957 4413 propria
2981 4353 3087 4410 est,
3124 4359 3219 4414 per
3260 4347 3491 4417 gratiam

1827 4449 1870 4506 ι)
1900 4453 2000 4510 pro
2026 4438 2228 4509 ingenti
2266 4452 2365 4493 sua
2403 4434 2737 4505 benignitate
2765 4435 2844 4488 eis
2874 4435 3164 4493 concessit.

2354 4548 2596 4620 Objeclio
2641 4548 3032 4603 hereticorum.

1978 4665 2245 4733 Tametsi,
2304 4665 2584 4735 inquiunt,
2635 4663 2809 4721 Filius
2854 4664 3000 4719 dicat
3032 4682 3047 4718 :
3076 4663 3189 4735 Ego
3236 4672 3292 4719 et
3329 4663 3496 4721 Pater

1902 4775 2071 4816 unum
2104 4774 2317 4823 sumus,
2349 4774 2460 4815 non
2492 4765 2677 4813 tamen
2700 4756 2808 4812 erit
2840 4756 3083 4825 ejusdem
3115 4770 3340 4825 prorsus
3367 4772 3492 4812 cum

1903 4863 1970 4908 eo
1994 4852 2272 4915 essentia,
2295 4848 2567 4919 siquidem
2605 4855 2660 4902 et
2686 4860 2786 4901 nos
2814 4861 2939 4901 cum
2974 4856 3169 4901 natura
3197 4847 3495 4904 simus-ho-

1904 4941 2105 5006 mines,
2138 4957 2306 4996 unum
2346 4955 2471 4997 cum
2519 4937 2636 4994 Deo
2680 4935 2983 4993 eliicimur:
3025 4936 3187 5006 cujus
3224 4938 3301 4994 rei
3338 4938 3498 4994 testis

1903 5044 1990 5091 est
2025 5034 2141 5105 ipse
2164 5032 2339 5089 Filius
2372 5033 2565 5090 dicens
2597 5051 2609 5087 :
2648 5048 2671 5082 ι
2710 5028 2866 5096 Volo,
2910 5029 3097 5095 Pater,
3131 5039 3192 5085 ut
3214 5030 3360 5086 sicut
3393 5045 3497 5102 ego

1905 5138 1961 5183 ct
2016 5142 2074 5184 tu
2125 5142 2293 5183 unum
2342 5140 2556 5191 sumus,
2612 5123 2687 5179 ita
2738 5134 2798 5180 et
2853 5124 2959 5195 ipsi
3017 5122 3075 5179 ia
3132 5124 3294 5181 nobis
3329 5139 3496 5180 unum

1904 5220 2019 5277 sint
2040 5222 2108 5275 ¹⁶.
2140 5240 2159 5272 ι

2400 5310 2613 5368 Salutis
2652 5309 2985 5381 objectiom's.

1982 5422 2043 5480 Si
2083 5421 2247 5478 Pater
2281 5433 2336 5478 et
2372 5421 2548 5478 Filius
2589 5421 2663 5477 ita
2705 5430 2834 5477 sunt
2885 5435 3077 5485 unum,
3120 5420 3262 5475 sicut
3306 5428 3363 5475 et
3398 5432 3499 5476 nos

1910 5530 2035 5571 cum
2072 5515 2261 5581 Patre,
2312 5524 2363 5570 et
2399 5514 2567 5570 Pater
2611 5513 2895 5569 nobiscum
2933 5529 2949 5568 :
2983 5512 3132 5569 nulla
3187 5511 3352 5581 igitur
3391 5512 3501 5567 erit

1909 5606 2217 5665 diii‘erentia
2246 5606 2393 5663 inter
2417 5608 2509 5663 Dei
2552 5607 2789 5663 Verbum
2822 5617 2876 5663 et
2907 5621 3005 5662 nos
3028 5622 3043 5673 ;
3068 5607 3163 5661 sed
3197 5605 3302 5660 erit
3339 5615 3501 5660 natu-

1909 5697 2101 5754 raliter
2138 5698 2281 5754 idem
2321 5698 2628 5767 nobiscum,
2656 5708 2711 5754 et
2747 5708 2993 5771 tempore
3018 5704 3231 5752 tantum
3261 5694 3496 5761 differet,

304 5882 478 5953 'Joan.
519 5911 654 5967 xm,
691 5888 899 5950 20.22.
984 5886 1005 5919 ⁸
1034 5883 1136 5941 Ιει.
1170 5900 1279 5949 xiv,
1316 5883 1400 5939 19.
1484 5880 1505 5912 ’
1531 5881 1662 5937 ibid.
1696 5879 1780 5936 Ν.

1902 5886 1905 5901 ⁵
1940 5876 2095 5935 Joan.
2126 5892 2259 5944 ιιι-ιι,
2291 5876 2374 5935 24.
