3968 6476
524 392 626 452 139

1537 387 1594 443 S.
1635 387 1910 446 CYlllLLl
1949 387 2414 448 ALEXANDRINI
2454 391 2768 449 ARClllEP.

3653 383 3762 442 200

522 511 790 582 siquidem
834 517 889 565 et
925 507 1039 578 ipse
1069 515 1197 570 ante
1233 521 1425 564 omnes
1467 507 1723 575 exsistit;
1769 519 1825 565 at
1867 511 2073 568 tametsi

2186 516 2382 587 χρόνῳ,
2413 518 2535 572 ἐπεὶ
2574 517 2675 575 ,καὶ
2708 514 2872 578 αὐτός
2901 514 3016 568 ἐστι
3048 513 3155 584 πρὸ
3200 510 3416 566 πάντων
3438 524 3450 538 '
3488 507 3625 564 me
3656 509 3761 560 xiv

525 612 771 672 tempore
811 600 960 669 prior
1001 599 1092 662 sit,
1127 595 1267 653 idem
1303 607 1483 654 tamen
1528 600 1807 656 nobiscum
1847 602 1952 656 erit
1995 617 2085 656 ra-

525 695 672 748 tione
699 691 963 746 essentias.
995 689 1132 756 Quid
1161 690 1302 744 enim
1327 679 1899 760 obstiteritquominus
1916 692 2083 746 Adam

523 785 818 841 secundum
855 794 1100 838 naturam
1131 783 1206 837 sit
1231 781 1396 836 Paulo
1420 782 1632 849 similis,
1673 792 1767 838 aut
1797 784 1952 840 alicui
2004 785 2085 840 al-

526 879 624 932 teri
653 885 773 945 post
820 859 879 930 se
927 886 1072 940 nato,
1111 875 1318 929 tametsi
1361 884 1490 930 ante
1519 891 1707 931 omnes
1736 877 1859 947 ipse.
1900 893 1928 931 a
1975 878 2085 933 Deo

523 979 742 1023 creatus
776 966 974 1021 fuerit?
1007 967 1062 1019 Si
1101 981 1232 1036 ergo
1278 966 1332 1021 in
1381 968 1468 1022 bis
1500 976 1709 1037 tempus
1756 969 1886 1022 nihil
1911 969 2082 1040 juvat,

522 1061 650 1129 quid
675 1059 921 1128 prohibet
954 1061 1246 1126 quominus
1275 1068 1332 1113 et
1384 1059 1553 1114 Filius
1590 1069 1714 1113 ante
1752 1076 1848 1116 nos
1875 1060 2084 1132 genitus

523 1151 764 1218 ejusdem
815 1151 1065 1204 essentia:
1105 1149 1384 1205 nobiscum
1420 1150 1512 1212 sit,
1553 1151 1596 1204 si
1645 1150 1778 1204 nihil
1823 1150 1965 1204 aliud
2000 1158 2083 1205 est

519 1241 852 1296 discriminis
907 1242 1045 1295 inter
1084 1257 1180 1297 nos
1224 1251 1278 1295 et
1324 1242 1536 1312 ipsum?
1581 1240 1744 1310 Atqui
1796 1241 1840 1295 si
1885 1241 1986 1296 hoc
2014 1256 2079 1295 es

519 1343 700 1388 vestra
733 1335 1001 1390 sententia
1031 1348 1220 1388 verum
1260 1343 1366 1398 est,
1404 1349 1562 1402 quam
1607 1333 1675 1387 ob
1718 1347 1930 1388 causam
1966 1332 2082 1402 ipse

520 1426 669 1481 solus
690 1434 917 1480 vocatur
936 1433 1175 1488 creator,
1209 1439 1330 1478 cum
1360 1422 1492 1488 nulli
1527 1433 1767 1477 nostrum
1799 1423 1848 1476 id
1887 1437 2080 1477 nomen

519 1516 834 1584 competat?
866 1515 932 1568 Et
962 1529 1060 1569 nos
1089 1516 1305 1584 quidem
1332 1502 1435 1583 per
1469 1514 1640 1582 ipsum
1665 1513 1830 1568 creati
1870 1527 2078 1579 sumus,

517 1605 633 1674 ipse
649 1621 778 1661 vero
812 1605 1073 1661 creatoris
1101 1605 1326 1676 gloriam
1364 1604 1464 1660 sibi
1496 1603 1741 1659 ascribit.
1777 1603 1844 1657 Et
1869 1618 2078 1673 aequum

517 1707 660 1763 erat,
720 1699 764 1752 si
823 1697 962 1752 idem
1020 1706 1208 1750 natura
1262 1711 1380 1750 cum
1427 1695 1542 1762 ipso
1589 1708 1797 1760 sumus,
1832 1694 2079 1750 eumdem

518 1787 683 1844 etiam
732 1801 852 1842 cum
911 1786 1002 1842 illo
1045 1787 1184 1853 apud
1247 1785 1461 1842 Patrem
1509 1786 1682 1841 locum
1722 1786 1986 1851 obtinere,
2027 1791 2080 1839 et

2188 610 2285 683 ἔχῃ
2329 610 2390 664 τὸ
2442 609 2792 682 προτερεύειν
2831 607 2974 662 κατὰ
3020 608 3110 661 τὸν
3153 607 3363 678 χρόνον,
3395 603 3547 656 ἔσται
3595 600 3766 669 πάλιν

2187 693 2317 769 ἡμῖν
2348 701 2468 754 κατ’
2489 701 2677 754 οὐσίαν
2706 700 2734 752 6
2759 699 2942 764 αὐτός.
2975 697 3038 752 Τί
3065 696 3175 768 γὰρ
3196 695 3430 749 κωλύσει
3457 692 3548 746 τὸν
3585 691 3764 761 ’Δδάμ

2185 790 2265 853 είς
2293 789 2353 843 τὸ
2396 786 2533 844 εἶναι
2573 791 2714 844 κατὰ
2748 790 2908 859 φύσιν
2940 790 3123 861 ὅμοιον
3153 787 3230 857 τῷ
3263 784 3461 856 Παύλῳ
3501 796 3683 854 τυχον,
3723 795 3760 852 η

2186 877 2356 950 ἑτέρῳ
2382 880 2490 933 τινὶ
2520 878 2629 932 τῶν
2663 880 2778 950 μετ’
2799 878 2960 932 αὐτὸν
2985 876 3303 947 γεγονότων,
3327 873 3386 928 τὺ
3407 875 3512 946 πρὸ
3541 873 3760 926 πάντων

2184 969 2347 1030 αὐτὸν
2395 971 2725 1038 πεποιῆσθαι
2776 970 2927 1040 παρὰ
2972 969 3143 1034 Θεοῦ;
3179 969 3238 1022 El
3272 965 3451 1020 τοίνυν
3497 965 3652 1018 οὐδὲν
3699 965 3761 1016 ἓν

2181 1061 2391 1125 τούτοις
2420 1065 2448 1116 ὀ
2475 1063 2669 1134 χρόνος
2695 1062 2914 1133 ὠφελεῖ,
2944 1063 2995 1114 τί
3024 1060 3222 1115 κωλύει
3256 1061 3352 1114 καὶ
3379 1057 3468 1111 τὸν
3496 1057 3626 1110 Υἱὸν
3649 1055 3764 1126 πρὸ

2182 1152 2339 1224 ⁴ἡμῶν
2360 1155 2640 1222 γεγονότα,
2670 1154 2768 1225 τῆς
2802 1154 2969 1222 αὐτῆς
3009 1153 3192 1215 οὐσίας
3218 1153 3348 1222 ἡμῖν
3385 1151 3670 1220 ὑπάρχειν,
3707 1147 3762 1199 εί

2186 1243 2353 1314 μηδὲν
2386 1243 2531 1297 ἔστιν
2575 1245 2759 1314 ἕτερον
2801 1245 2860 1296 τὸ
2895 1243 3098 1314 μεταξὺ
3132 1241 3289 1312 ἡμῶν
3322 1258 3380 1294 τε
3427 1239 3520 1293 καὶ
3551 1236 3759 1302 absoni;

2183 1335 2293 1388 Kal
2329 1337 2377 1388 εί
2407 1334 2565 1389 τοῦτο
2590 1336 2709 1388 καθ’
2746 1336 2890 1406 ὑμᾶς
2915 1338 3062 1388 ἐστιν
3087 1332 3303 1404 ἀληθὲς,
3339 1331 3458 1384 ὅτου
3487 1331 3551 1401 δὴ
3593 1330 3762 1400 χάριν

2182 1427 2344 1490 αὐτὸς
2395 1428 2554 1497 μόνος
2605 1427 2850 1481 καλεῖται
2885 1423 3142 1496 Ποιητής,
3186 1424 3344 1496 ἡμῶν
3385 1424 3484 1476 οὒκ
3523 1421 3763 1492 ἑχόντων

2181 1519 2370 1584 retire;
2405 1519 2514 1573 Καὶ
2543 1521 2703 1590 ἡμεῖς
2737 1520 2834 1589 μὲν
2855 1519 2919 1572 δι’
2950 1517 3113 1573 αὑτοῦ
3140 1515 3464 1586 γεγόναμεν,
3507 1513 3668 1578 αὐτὸς
3698 1512 3766 1568 δδ

2181 1609 2278 1679 τὴν
2299 1609 2391 1663 τοῦ
2427 1609 2768 1681 Δημιουργοῦ
2799 1609 2954 1673 δόξαν
2986 1609 3158 1679 φέρει.
3208 1601 3316 1658 Ἦν
3345 1604 3401 1658 δὲ
3434 1604 3601 1668 ὄντως
3625 1604 3766 1657 ἀκό-

2179 1699 2365 1754 λουθον
2394 1702 2441 1754 εἰ
2469 1702 2664 1755 ταυτόν
2693 1703 2857 1772 ἐσμεν
2884 1699 3027 1755 κατὰ
3060 1698 3220 1767 ᾳύσιν
3255 1695 3424 1768 αὐτῷ,
3459 1697 3557 1768 τὴν
3583 1696 3762 1766 αὐτὴν

2180 1790 2373 1860 ἐκείνῳ
2398 1789 2579 1860 χώραν
2611 1788 2830 1860 ἐπέχειν
2857 1788 3008 1860 παρὰ
3034 1787 3112 1858 τῷ
3142 1787 3316 1858 Ila-cpi.
3343 1787 3434 1840 καὶ
3467 1787 3637 1856 ἡμᾶς,
3658 1784 3762 1839 καὶ

517 1892 957 1947 unumquemque
1005 1885 1247 1932 nostrum
1286 1877 1449 1931 etiam
1490 1875 1671 1931 vocari
1712 1873 2073 1946 Unigenitum,

2181 1881 2410 1936 ἕκαστον
2455 1881 2610 1954 ἡμῶν
2659 1881 2937 1936 καλεῖσθαι
2966 1881 3060 1936 καὶ
3088 1879 3389 1949 Μονογενῆ,
3417 1879 3510 1933 καὶ
3550 1878 3753 1946 Λόγον.

516 1980 576 2023 ει
610 1970 868 2033 Verbum,
898 1976 953 2022 et
979 1968 1298 2038 sapientiam
1324 1965 1519 2023 Patris.
1553 1971 1788 2034 Quorum
1811 1969 1953 2023 enim
1980 1983 2076 2022 na-

519 2067 639 2114 tura
671 2075 773 2113 una
805 2068 965 2128 atque
991 2059 1177 2113 eadem
1209 2069 1315 2122 est,
1355 2057 1429 2136 iis
1445 2071 1727 2112 commune
1753 2057 1912 2112 etiam
1939 2058 2079 2113 inter

517 2165 579 2216 se
609 2165 802 2204 nomen
839 2161 922 2204 est
949 2167 963 2203 :
995 2157 1050 2204 et
1077 2147 1220 2218 quod
1244 2148 1332 2202 uni
1368 2149 1859 2214 naturaliteriuest,
1894 2150 1946 2204 id
1975 2163 2079 2204 cae-

517 2247 649 2300 teris
677 2259 888 2314 quoque
913 2244 1004 2314 qui
1031 2242 1270 2312 ejusdem
1307 2249 1513 2296 natura:
1551 2249 1680 2295 sunt
1711 2240 1872 2296 inest.
1903 2240 1972 2293 At
1995 2254 2080 2294 ve-

516 2350 581 2390 ro
610 2336 655 2390 si
681 2337 783 2391 hoc
821 2335 1110 2390 absurdum
1140 2342 1242 2400 est,
1271 2344 1326 2388 et
1362 2346 1548 2403 neque
1583 2341 1858 2388 creatores
1891 2347 2078 2388 sumus

516 2437 612 2480 aut
663 2441 940 2492 vocamur,
998 2439 1170 2494 neque
1220 2424 1510 2494 sapientia,
1557 2432 1651 2478 aut
1697 2421 1955 2490 Verbum,
1987 2430 2078 2477 aut

515 2515 788 2586 splendor,
820 2515 967 2569 solus
1007 2523 1184 2568 autem
1231 2513 1349 2569 haec
1383 2523 1468 2570 est
1518 2512 1722 2579 Filius;
1771 2528 1876 2568 non
1913 2513 2077 2584 igitur

516 2606 831 2661 naturaliter
863 2605 1001 2659 idem
1044 2603 1326 2659 nobiscum
1351 2606 1476 2670 (est,
1511 2604 1602 2658 sed
1645 2603 1972 2673 peculiarem
2014 2618 2078 2658 ac

513 2695 784 2763 prepriam
831 2708 897 2748 ex
932 2692 1092 2747 Patre
1122 2694 1524 2762 generationem
1572 2693 1754 2758 habet,
1799 2703 1962 2762 atque
2003 2692 2076 2748 ita

512 2793 595 2838 est
625 2799 788 2838 unum
823 2797 942 2837 cum
987 2796 1084 2837 suo
1107 2783 1286 2849 Patre,
1322 2797 1430 2837 non
1466 2781 1606 2836 sicut
1634 2797 1732 2836 nos
1761 2783 1849 2851 qui
1891 2785 1956 2838 ad
1991 2784 2076 2853 ip-

510 2891 629 2929 sum
674 2875 854 2942 relati,
891 2890 984 2942 per
1010 2873 1477 2944 participationem
1502 2873 2075 2928 communicationem-

483 2978 619 3032 que
669 2965 933 3017 unitatem
995 2962 1275 3016 consecuti
1333 2977 1556 3017 sumus:
1622 2962 2072 3032 quemadmodum

512 3056 715 3106 terram
756 3052 865 3121 igni
895 3051 1195 3117 admotum,
1225 3051 1296 3106 ab
1323 3065 1389 3106 eo
1423 3050 1619 3108 caleﬁt.

2179 1972 2272 2026 καὶ
2303 1973 2496 2042 σοφίαν
2539 1972 2632 2027 τοῦ
2673 1974 2903 2046 Πατρός.
2943 1968 3044 2025 Ὧν
3075 1972 3183 2041 γὰρ
3214 1973 3247 2040 ἡ
3277 1970 3435 2039 φύσις
3479 1969 3600 2040 μία,
3629 1966 3762 2022 τού-

2178 2082 2290 2129 τοις
2326 2065 2478 2118 ἔσται
2508 2065 2601 2120 καὶ
2642 2066 2702 2118 τὸ
2744 2065 2912 2136 ὄνομα
2939 2063 3114 2117 κοινόν
3135 2079 3148 2092 ·
3193 2064 3285 2116 καὶ
3313 2065 3446 2132 ὅπερ
3481 2063 3562 2114 ἑνὶ
3613 2056 3762 2114 κατᾶ

2180 2162 2341 2232 φύσιν
2385 2163 2640 2233 ὑπάρχει,
2683 2160 2841 2215 τοῦτο
2889 2159 3104 2223 πάντως
3143 2160 3452 2226 ἐγκείσεται
3497 2158 3593 2211 καὶ
3638 2159 3759 2219 τοῖς

2178 2253 2278 2323 τῆς
2312 2252 2480 2322 αὐτῆς
2530 2251 2846 2322 μετέχουσιν
2883 2249 3093 2314 οὐσίας.
3135 2251 3196 2303 Εἰ
3229 2250 3285 2302 δὲ
3331 2248 3488 2301 τοῦτο
3529 2246 3756 2307 ἄτοπον,

2179 2345 2274 2399 καὶ
2315 2343 2439 2397 οὔτε
2467 2343 2789 2414 δημιουργοί
2831 2341 3057 2413 ὲσμενῆ
3109 2338 3442 2412 κεκλήμεθα,
3481 2335 3602 2390 οὔτε
3642 2335 3759 2406 μὴν

2180 2433 2359 2503 σοφία,
2394 2432 2426 2503 ἢ
2453 2431 2696 2502 Λόγος,ἢ
2728 2431 3068 2502 ἀπαύγασμα
3090 2449 3104 2462 ·
3134 2431 3296 2501 μόνος
3321 2429 3377 2482 δὲ
3406 2427 3578 2481 ταῦτα
3603 2428 3762 2481 ἐστιν

2177 2527 2204 2579 6
2227 2524 2375 2590 Υἱὸς,
2401 2525 2500 2579 οὐκ
2524 2525 2632 2595 ἄρα
2663 2523 2804 2578 κατὰ
2826 2524 2985 2594 φύσιν
3003 2524 3150 2578 ἔσται
3184 2523 3318 2593 πρὸς
3341 2524 3485 2593 ἡμᾶς
3510 2524 3538 2576 6
3565 2521 3757 2586 αὐτὸς,

2179 2616 2292 2671 ἀλλ’
2340 2616 2644 2681 ἰδιάζουσαν
2693 2618 2756 2670 ἐκ
2801 2599 2894 2669 rei";
2941 2615 3151 2684 Πατρὸς
3197 2613 3308 2683 ἔχει
3345 2611 3442 2682 τὴν
3474 2611 3756 2681 γέννησιν,

2179 2707 2272 2760 καὶ
2299 2706 2471 2770 οὕτως
2503 2706 2650 2760 ἐστὶν
2685 2705 2744 2759 ἓν
2775 2705 2911 2777 πρὸς
2940 2706 3030 2758 τὸν
3059 2703 3252 2757 ἑαυτοῦ
3282 2702 3523 2773 Πατέρα,
3561 2701 3622 2754 ού
3651 2719 3761 2755 κα-

2179 2798 2354 2868 θὰπερ
2381 2800 2541 2868 ἡμεῖς
2569 2801 2636 2870 τῇ
2670 2798 2804 2868 πρὸς
2827 2797 2987 2852 αὐτὸν
3015 2796 3192 2866 σχέσει
3230 2795 3330 2866 τὴν
3365 2795 3590 2866 ἑνότητα
3619 2811 3758 2864 κερ-

2175 2889 2448 2953 δαίνοντες
2476 2889 2779 2960 μετοχικῶς
2819 2906 2878 2942 τε
2927 2889 3018 2942 καὶ
3070 2887 3506 2958 μεταληπικῶς,
3559 2886 3757 2958 ὥσπερ

2175 2980 2241 3034 ἂν
2291 2983 2338 3034 εί
2392 2983 2486 3035 καὶ
2533 2981 2748 3051 σίδηρος
2796 2981 2928 3051 πυρὶ
2964 2978 3226 3050 ὁμιλήσας
3274 2979 3760 3050 περιθερμαίνοιτο

2178 3073 2308 3142 παρ’
2338 3070 2524 3125 αὑτοῦ.

507 3207 741 3272 ALIUD,
767 3225 910 3292 sunt.
938 3209 1168 3292 euidenti
1200 3210 1654 3292 demonstratione
1683 3211 1894 3292 docens,
1932 3213 2071 3282 quod

2181 3206 2376 3292 AAAO,
2413 3205 2564 3292 perit
2592 3205 2805 3292 γυμνῆς
2840 3204 3202 3292 ἀπορείξεως
3232 3203 3523 3292 ﬁnitimam:
3551 3205 3638 3292 ὅτε
3677 3208 3759 3292 τὰ

577 3296 696 3350 qua:
724 3279 986 3344 aliquibus
1011 3281 1203 3333 similia
1226 3290 1346 3350 sunt
1377 3297 1478 3333 non
1505 3282 1740 3350 12051:
1768 3279 2066 3336 universum

581 3349 630 3402 et
658 3354 977 3401 naturaliter
1007 3350 1184 3402 insunt
1219 3349 1286 3402 iis
1318 3350 1503 3416 quibus
1549 3349 1746 3404 similia
1788 3363 1942 3416 sunt;
1981 3353 2068 3404 sed

581 3435 642 3472 ea
669 3435 783 3486 quat
824 3419 1142 3491 naturaliter
1167 3420 1425 3491 aliquibus
1451 3419 1649 3481 insunt,
1685 3420 1844 3491 ueluti
1883 3422 2073 3491 integi-

574 3504 664 3543 nes
688 3489 926 3557 quadam
948 3487 1079 3555 ﬁunt
1102 3489 1389 3540 motionum
1415 3498 1606 3541 nostra:
1623 3489 1926 3544 voluntatis.

581 3613 857 3686 Scriptura
895 3626 1050 3668 sacra
1077 3612 1151 3666 ita
1181 3610 1249 3667 ad
1271 3609 1556 3666 nonnullos
1585 3609 1826 3680 loquitur
1853 3628 1866 3665 :
1905 3629 1924 3664 ι
1963 3610 2071 3665 Νο-

505 3708 601 3762 lite
637 3707 750 3760 lieri
786 3704 926 3759 sicut
946 3719 1127 3773 .equus
1165 3712 1222 3758 et
1265 3701 1464 3767 mulus,
1512 3703 1563 3757 in
1601 3704 1799 3773 quibus
1836 3719 1938 3758 non
1987 3713 2070 3757 est

509 3798 811 3852 intellectus
839 3797 913 3862 υς
952 3813 972 3847 ι
1010 3804 1063 3849 et
1110 3809 1320 3848 rursum
1353 3794 1419 3848 de
1462 3793 1581 3848 aliis
1606 3811 1618 3824 ·
1653 3812 1672 3845 ι
1725 3792 1895 3848 ιιοιῐιο
1947 3809 2067 3848 ειιιιι

510 3889 563 3942 in
598 3888 801 3942 honore
833 3894 977 3941 esset
1006 3901 1112 3940 non
1141 3884 1426 3948 intellexit,
1452 3894 1800 3950 comparatus
1826 3896 1910 3938 cst
1944 3885 2073 3939 bru-

509 3982 577 4036 tis
614 3981 1011 4051 insipientibus,
1067 3988 1120 4032 et
1167 3978 1360 4033 similis
1404 3977 1576 4032 factus
1614 3984 1698 4030 est
1752 3975 1830 4029 eis
1855 3976 1917 4028 ι’.
1953 3993 1971 4026 ι
2007 3974 2072 4028 Et

509 4073 702 4127 iterum
732 4091 746 4126 :
775 4090 795 4123 ι
841 4072 975 4140 Equi
1025 4069 1268 4125 furentes
1314 4070 1366 4123 in
1408 4083 1576 4138 equas
1625 4067 1750 4122 lacti
1802 4066 2010 4122 sunt".
2043 4083 2063 4118 ι

508 4163 763 4217 Set'vator
806 4171 984 4216 autem
1014 4161 1080 4215 ad
1126 4160 1420 4230 discipulos
1450 4175 1577 4215 suos
1608 4157 1949 4214 manifestius
1984 4157 2066 4210 di-

505 4255 617 4309 cit:
667 4271 685 4306 ι
723 4254 903 4308 Εειοιε
934 4254 1228 4322 prudentes
1257 4252 1397 4306 sicut
1442 4260 1743 4321 serpentes,
1768 4261 1824 4305 et
1867 4248 2070 4319 simpli-

507 4358 594 4397 ces
626 4345 766 4398 sicut
799 4343 1062 4398 columba:
1095 4343 1160 4395 “.
1203 4361 1221 4394 ι
1251 4343 1319 4397 Ει
1346 4359 1596 4398 rursum:
1638 4359 1656 4393 t
1686 4340 1872 4395 Estote
1907 4340 2070 4392 mise-

2240 3275 2668 3346 ἐξομοιούμενά
2696 3291 2875 3346 τισιν,
2904 3277 2975 3329 οὐ
3000 3275 3237 3346 πάντως
3263 3277 3358 3328 καὶ
3382 3275 3528 3328 κατὰ
3558 3277 3758 3344 φύσιν

2239 3342 2467 3401 ἔνεισιν
2514 3342 2608 3411 οἷς
2659 3345 3095 3413 ἐξομοιοῦνται,
3151 3345 3288 3398 ἀλλ’
3324 3345 3526 3413 ὥσπερ
3560 3342 3760 3409 τινὲς

2240 3417 2468 3482 εἰκόνες
2493 3416 2565 3468 τὰ
2595 3416 2774 3483 φύσει
2825 3414 3130 3482 προσόντα
3173 3414 3296 3468 τισὶ
3329 3417 3595 3483 γίνονται
3633 3413 3759 3469 τῶν

2240 3486 2390 3539 κατὰ
2431 3482 2780 3553 προαίρεσιν
2807 3483 2975 3553 ἡμῶν
3006 3482 3368 3552 κινημάτων.

2241 3607 2402 3675 Λέγει
2437 3610 2572 3676 πρός
2604 3625 2754 3671 τινας
2788 3608 2821 3678 ἡ
2854 3607 2972 3661 θεία
2999 3607 3186 3681 Γραφή
3208 3625 3222 3639 ·
3259 3629 3275 3660 ι
3313 3610 3404 3681 Μὴ
3427 3608 3646 3678 γίνεσθε
3670 3611 3752 3676 ὡς

2172 3700 2335 3761 ἵππος
2356 3699 2449 3751 καὶ
2478 3699 2722 3769 ἡμίονος,
2748 3694 2826 3763 οἷς
2856 3701 2957 3752 ούκ
2984 3700 3098 3752 ἔστι
3126 3699 3358 3764 σύνεσις.
3391 3719 3413 3750 s
3444 3702 3552 3754 Καὶ
3581 3702 3751 3758 πάλιν

2170 3788 2297 3857 περὶ
2331 3787 2559 3857 ἑτέρων·
2620 3807 2638 3840 ι
2697 3787 3013 3859 Ἀνθρωπος
3051 3790 3108 3843 ὲν
3148 3793 3278 3861 τιμῇ
3312 3789 3385 3843 ὢν
3415 3793 3474 3844 ού
3521 3792 3746 3861 συνῆκε,

2172 3879 2625 3950 παρασυνεόλήθη
2694 3883 2805 3944 τοῖς
2871 3883 3092 3952 κτήνεσι
3147 3885 3260 3944 τοίς
3307 3882 3585 3952 ἀνοήτοις,
3648 3884 3751 3938 καὶ

2171 3967 2426 4038 ὡμοιώθη
2455 3969 2658 4032 αὐτοῖς.
2707 3990 2725 4021 ι
2768 3971 2879 4024 Καὶ
2907 3971 3102 4024 πάλιν·
3146 3993 3162 4023 ι
3198 3972 3384 4026 "Im-cet
3416 3972 3754 4043 θηλυμανεῖς

2170 4061 2521 4132 ἐγενήθησαν.
2558 4080 2577 4113 ι
2626 4063 2684 4116 Ὅ
2707 4063 2762 4115 δέ
2789 4080 2852 4132 γε
2879 4064 3067 4136 Σωτὴρ
3094 4065 3228 4134 πρὸς
3258 4065 3383 4128 τοὺς
3415 4064 3611 4119 ἑαυτοῦ
3643 4084 3749 4136 μαο

2170 4152 2338 4224 οητὰς
2369 4155 2694 4224 τρανότερον
2726 4155 2873 4222 λέγει
2900 4171 2914 4186 ο
2961 4173 2979 4207 ι
3029 4155 3245 4208 Γίνεσθε
3280 4157 3532 4227 φρόνιμοι
3575 4156 3652 4219 ὡς
3693 4158 3750 4211 oi.

2169 4244 2337 4312 ὄφεις,
2375 4246 2469 4299 καὶ
2502 4245 2752 4318 ἀκέραιοι
2783 4246 2858 4310 ὼς
2886 4249 2939 4300 αἱ
2975 4247 3316 4317 περιστεραί.
3356 4266 3374 4298 ι
3409 4246 3518 4301 Καὶ
3546 4247 3709 4301 πάλιν
3731 4269 3748 4283 ο

2178 4353 2198 4388 ι
2231 4335 2446 4389 Γίνεσθε
2477 4337 2817 4409 οἰκτίρμονες
2847 4336 3027 4401 καθὼς
3056 4339 3085 4390 6
3117 4337 3305 4408 Πατὴρ
3336 4337 3491 4406 ὑμῶν
3517 4339 3544 4390 ὁ
3573 4338 3744 4409 οὐρά-

509 4435 746 4489 ricordes
774 4435 915 4488 sicut
956 4444 1012 4488 et
1050 4434 1214 4488 Pater
1258 4444 1440 4488 vester
1475 4434 1717 4488 ccelestis
1761 4430 2068 4486 misericors

2181 4444 2277 4490 νιος
2314 4427 2612 4499 οἰκτίρμων
2656 4429 2822 4483 ἐστίν.
2881 4449 2898 4480 ι
2935 4431 2997 4483 Εἰ
3033 4431 3132 4500 μὲν
3160 4424 3252 4483 οὖν
3288 4428 3350 4482 τὺ
3384 4431 3498 4493 τοῖς
3525 4428 3748 4498 ἀλόγοις

505 4514 594 4579 εει
626 4525 690 4578 ¹⁸.
721 4544 741 4579 s
785 4526 843 4580 Si
889 4540 1018 4595 ergo
1076 4524 1246 4578 brutis
1279 4524 1644 4578 animantibus
1684 4523 1890 4578 similes
1937 4520 2062 4575 lacti

2181 4516 2324 4583 ζώοις
2371 4518 2744 4589 ὲξομοιοῦσθαί
2791 4538 2963 4584 τινας,
3017 4522 3097 4574 ὅτι
3143 4521 3242 4590 τὴν
3289 4519 3459 4590 αὐτὴν
3512 4519 3742 4585 ἐκείνοις

506 4624 628 4670 ευηι
654 4616 913 4682 nonnulli,
944 4617 1086 4685 quod
1114 4616 1301 4670 eadem
1338 4630 1459 4670 eum
1499 4615 1604 4669 illis
1655 4615 1852 4669 mentis
1888 4613 2060 4681 inopia

2181 4609 2430 4680 ἐνόσησαν
2459 4610 2735 4671 ἀδουλίαν,
2765 4611 2857 4662 καὶ
2889 4610 3026 4663 κατὰ
3061 4611 3220 4678 φύσιν
3253 4605 3391 4663 εἶναι
3420 4607 3577 4662 τοῦτο
3600 4613 3750 4678 τιῃωὶ

506 4707 824 4772 laborarint,
859 4709 1094 4776 facitque
1128 4707 1229 4761 hoc
1261 4715 1320 4762 ut
1351 4706 1674 4762 naturaliter
1697 4707 1806 4762 sint
1845 4706 1895 4760 id
1923 4705 2062 4774 quod

2181 4703 2302 4772 imp
2337 4701 2484 4754 ἐστὶν
2514 4701 2731 4755 ἐκεῖνα·
2769 4701 2862 4754 καὶ
2896 4700 3076 4764 πάλιν,
3118 4701 3165 4754 εί
3193 4700 3253 4754 τδ
3292 4700 3578 4771 μιμεῖσθαι
3617 4703 3746 4766 τοὺς

505 4796 626 4861 illa;
659 4805 712 4850 et
756 4811 960 4861 rursus,
1008 4797 1052 4850 si
1096 4796 1344 4866 discipuli
1397 4796 1672 4852 imitantes
1717 4797 2056 4867 prudentiam

2181 4793 2414 4866 sanra;
2456 4793 2516 4846 τὸ
2544 4793 2638 4846 τοῦ
2677 4793 2853 4862 ὄφεως
2897 4792 3176 4862 φρόνιμον,
3231 4791 3323 4845 καὶ
3352 4792 3412 4845 τὸ
3443 4795 3541 4863 τῆς
3582 4811 3745 4865 περι-

502 4897 837 4957 serpentum,
875 4897 928 4942 et
952 4887 1352 4957 simplicitatem
1374 4887 1772 4952 columbarum,
1801 4898 1850 4943 et
1884 4887 2064 4943 Patris

502 4979 738 5035 cmlestis
750 4980 814 5033 att
842 4979 1270 5036 misericordiam
1289 4979 1706 5050 propensionem
1728 4981 2060 5045 stimulantes,

502 5079 778 5138 serpentes
807 5081 859 5124 et
888 5070 1149 5126 coluntbtn
1175 5071 1332 5138 liunt,
1358 5080 1522 5140 atque
1544 5071 1677 5126 adeo
1706 5071 1805 5140 ipsi
1837 5071 1942 5127 Deo
1965 5089 2052 5126 na-

505 5161 748 5216 turaliter
790 5162 996 5218 similes
1042 5164 1278 5219 evadunt
1303 5204 1317 5230 ,
1357 5163 1491 5218 nihil
1535 5162 1805 5218 obstiterit
1847 5166 2058 5234 quomi-

504 5266 626 5315 nus,
645 5251 857 5320 quando
879 5252 1108 5308 dicimur
1136 5269 1297 5308 unum
1327 5254 1443 5310 lleri
1474 5269 1595 5308 cum
1619 5253 1866 5321 Domino,
1895 5270 2056 5308 unum

502 5355 623 5394 cum
657 5339 765 5396 Deo
804 5343 1008 5398 ratione
1053 5347 1301 5400 essentia:
1347 5345 1566 5412 ﬁamus,
1607 5346 2063 5416 quemadmodum

502 5429 672 5487 Filius
699 5447 818 5485 cum
861 5431 1040 5488 Patre.
1082 5433 1137 5489 Si
1173 5449 1302 5491 vero
1327 5435 1440 5491 sola
1465 5436 1829 5507 cogitationis,
1862 5436 1946 5492 vel
1979 5452 2065 5492 ac-

506 5524 666 5578 tionis
691 5524 1040 5580 situititudine
1080 5542 1142 5582 ea
1188 5527 1383 5596 quibus
1414 5542 1796 5598 comparamur
1825 5529 1939 5583 lieri
1974 5529 2058 5583 di-

503 5615 696 5679 cintur,
728 5631 830 5670 non
867 5615 1058 5673 sumus
1081 5618 1241 5689 igitur
1269 5619 1566 5674 secundum
1598 5619 1891 5675 essentiam
1919 5620 2058 5674 idem

583 5789 621 5820 "
650 5787 793 5846 Psal.
825 5808 968 5864 χχιι,
1008 5793 1059 5850 9.

2168 4888 2363 4956 στερᾶς
2393 4885 2666 4956 ἀκέραιον,
2704 4884 2798 4938 καὶ
2831 4884 2891 4937 τὸ
2928 4883 3020 4937 τοῦ
3049 4883 3259 4955 Harpe;
3289 4883 3382 4936 τοῦ
3425 4886 3482 4938 ἐν
3510 4886 3620 4947 τοῖς
3644 4885 3734 4936 ού.

2173 4980 2351 5045 ρανοῖς
2374 4977 2662 5048 πρόχειρον
2694 4977 2819 5048 περὶ
2841 4975 2900 5030 τὸ
2930 4974 3132 5039 πάντας
3157 4975 3318 5039 ἑλεῖν,
3343 4975 3435 5028 καὶ
3461 4975 3610 5043 ὄφεις
3643 4976 3743 5028 αύ-

2168 5069 2295 5132 τοὺς
2317 5067 2408 5122 καὶ
2432 5067 2761 5141 περιστερὰς
2782 5067 2875 5122 καὶ
2901 5066 3042 5122 κατὰ
3071 5066 3230 5135 φύσιν
3252 5066 3467 5137 ὁμοίους
3493 5065 3740 5135 γίνεσθαι

2165 5161 2571 5232 παρασκευάζει
2592 5160 2669 5231 τῷ
2696 5160 2813 5230 Θεῷ
2834 5175 2846 5187 '
2874 5161 3000 5214 ὅταν
3027 5158 3310 5228 λεγώμεθα
3335 5158 3580 5227 γίνεσθαι
3602 5159 3741 5230 πρὸς

2166 5253 2368 5324 Κύριον
2398 5253 2476 5315 ἓν,
2511 5252 2662 5306 οὐδὲν
2692 5251 2886 5306 κωλύει
2912 5253 3111 5321 λέγειν,
3147 5252 3227 5306 ὃτι
3261 5251 3324 5324 δὴ
3359 5251 3496 5305 κατὰ
3531 5250 3622 5304 τὸν
3638 5253 3741 5322 τῆς

2163 5344 2351 5406 οὐσίας
2372 5342 2528 5412 λόγον
2552 5343 2608 5395 ἓν
2629 5342 2930 5412 γεγόναμεν
2959 5341 3096 5412 πρὸς
3123 5340 3213 5395 τὸν
3239 5341 3392 5406 Θεὸν,
3412 5340 3598 5411 ὥσπερ
3620 5341 3741 5396 ἐστὶ

2164 5433 2258 5486 καὶ
2280 5432 2308 5485 6
2341 5433 2465 5496 Υίὺς
2499 5432 2633 5504 πρὸς
2657 5432 2748 5486 τὸν
2771 5430 2964 5486 ἑαυτοῦ
2996 5431 3234 5503 Πατέρα.
3270 5431 3332 5484 Εἰ
3362 5430 3419 5483 δὲ
3453 5429 3614 5501 μέχρι
3650 5431 3748 5500 μό-

2164 5542 2259 5594 νης
2305 5525 2516 5584 ἑννοίας
2552 5524 2583 5592 ἢ
2626 5523 2876 5596 πράξεως
2919 5525 2952 5593 ἡ
3000 5523 3251 5594 ὁμοιότης
3291 5523 3419 5592 ἡμῖν
3477 5522 3612 5593 πρδς
3667 5523 3740 5576 τὰ

2163 5614 2742 5688 ἀντιπαραϐαλλόμενα
2771 5617 2980 5685 πέφυκε
3012 5613 3278 5682 γενεσθαι,
3304 5613 3405 5668 οὐκ
3437 5613 3601 5682 ἐσμὲν
3630 5614 3736 5686 ἄρα

1138 5795 1179 5826 ²¹
1214 5793 1353 5851 Psal.
1384 5810 1570 5863 sunt,
1608 5795 1692 5850 ιδ.
1771 5795 1810 5827 ¹³
1840 5795 2037 5852 lerem.
2072 5823 2073 5832 ι

2186 5836 2198 5851 .
2278 5793 2318 5826 ⁸⁸
2350 5793 2539 5849 Matth.
2573 5809 2623 5863 ι,
2653 5793 2734 5849 l6.
2819 5795 2858 5825 ³⁵
2890 5793 3018 5851 an.
3059 5811 3126 5864 ιι,
3160 5796 3249 5852 56.
