3968 6468
496 473 601 529 σοι

1007 586 1212 643 Salutio
1245 585 1574 654 objectionis.

570 710 625 765 Si
670 706 871 762 nullum
905 715 1048 760 esset
1092 704 1388 758 discrimen
1426 702 1568 753 inter
1605 696 1768 751 Deum
1806 678 2069 749 et‘homi-

497 817 615 864 nes,
646 801 893 865 exigatur
926 812 981 849 ιιι
1012 796 1197 864 gignat
1234 794 1305 846 ita
1330 802 1386 843 ιιι
1419 791 1600 844 homo.
1630 790 1683 843 Si
1717 803 1845 842 vero
1874 786 2068 839 eximia

498 901 583 944 est
625 890 719 943 llei
752 898 968 950 natura,
1007 888 1111 940 erit
1144 886 1303 937 etiam
1350 882 1417 935 ab
1459 882 1709 934 humanis
1756 879 1959 948 legibus
2000 876 2069 928 li-

508 984 657 1035 bera.
688 979 870 1047 Neque
901 977 1042 1029 enim
1078 984 1135 1026 ut
1170 974 1328 1025 homo
1356 972 1539 1040 genuit
1571 970 1732 1029 Deus,
1758 982 1810 1020 ιιι
1836 968 1995 1021 etiam
2030 966 2073 1019 is

502 1075 590 1143 qui
650 1072 859 1141 genitus
920 1076 1022 1125 est,
1070 1074 1277 1117 natura:
1335 1072 1531 1115 nostrae
1582 1060 1943 1114 conditionem
1990 1075 2075 1110 sc-

502 1179 694 1231 quens,
722 1166 923 1228 gignat,
965 1157 1058 1209 sed
1106 1155 1289 1207 divino
1333 1163 1492 1221 atque
1535 1150 1788 1204 ineffabili
1821 1151 1977 1204 modo
2007 1164 2069 1202 ex

504 1252 661 1305 Patre
698 1249 909 1321 genitus
935 1254 1041 1298 est.
1087 1241 1143 1297 Si
1206 1252 1383 1295 autem
1419 1256 1638 1295 necesse
1677 1250 1757 1293 est
1797 1250 1851 1292 ut
1894 1240 1937 1292 is
1980 1238 2070 1307 qui

503 1343 683 1412 genuit
712 1342 917 1410 gignat,
946 1347 1166 1405 propter
1194 1334 1494 1388 naturalem
1530 1344 1768 1386 nostram
1794 1340 2077 1383 consuetu-

503 1436 709 1495 dinem,
762 1439 813 1483 et
852 1445 912 1481 ea
970 1443 1086 1494 qua:
1130 1426 1346 1479 deitatis
1377 1425 1592 1494 prepria
1638 1434 1782 1484 sunt,
1827 1420 2075 1474 humanis

506 1524 711 1591 legibus
761 1522 1000 1587 subjecta
1065 1526 1225 1579 sunt,
1284 1516 1408 1583 quid
1460 1514 1728 1569 obstiterit
1785 1513 2075 1581 quominus

512 1613 653 1667 Patri
686 1612 849 1665 etiam
886 1620 1091 1678 patrem
1124 1607 1561 1661 constituamus?
1598 1606 1670 1658 lta
1704 1606 1844 1659 enim
1892 1614 2072 1658 nostra

503 1704 834 1759 consuetudo
860 1701 982 1754 ἴοι-ι.
1013 1701 1079 1753 At
1119 1714 1245 1752 vero
1272 1699 1315 1751 si
1345 1698 1506 1752 Pater
1528 1713 1591 1751 ex
1640 1698 1783 1751 nullo
1813 1698 2076 1767 principio

510 1808 615 1859 cst,
660 1806 977 1858 nostrasque
1028 1792 1172 1860 leges
1219 1800 1271 1841 et
1305 1803 1508 1842 morem
1558 1789 1712 1856 longe
1742 1794 1983 1856 superat,
2020 1796 2075 1839 ut

505 1889 663 1953 Deus,
708 1884 849 1936 nulla
910 1882 1047 1934 ratio
1075 1890 1227 1949 coget
1264 1878 1457 1933 Filium
1506 1880 1745 1948 gignere.
1782 1877 1897 1930 Erit
1927 1878 2069 1931 enim

504 1979 607 2031 hoc
636 1983 790 2045 pacto
814 1972 958 2026 Patri
986 1971 1200 2034 similis,
1230 1980 1287 2022 ιιι
1312 1969 1456 2023 omni
1478 1969 1797 2022 necessitate
1828 1967 2071 2034 superior

500 2070 787 2131 exsistens,
832 2074 887 2118 ut
931 2063 1089 2116 Deus.

1171 2174 1400 2230 ALIUD.

572 2295 742 2350 Nemo
782 2293 975 2346 mentis
1021 2305 1240 2359 compos
1292 2289 1530 2352 dixerit,
1566 2288 1879 2345 dissimilem
1925 2288 2071 2344 Patri

504 2390 698 2443 Filium
740 2386 932 2450 videri,
961 2400 1080 2437 eam
1106 2388 1173 2437 ob
1196 2398 1440 2444 causam,
1470 2383 1612 2451 quod
1643 2382 1753 2451 ipsc
1776 2383 1937 2437 etiam
1966 2398 2071 2435 non

503 2480 710 2549 genuit,
754 2492 927 2544 neque
981 2474 1071 2527 lilii
1119 2484 1273 2542 pater
1311 2473 1486 2529 factus
1524 2474 1613 2527 sit.
1662 2474 1775 2528 lmo
1820 2489 1944 2529 vero
1980 2488 2075 2543 per

507 2578 605 2625 hoc
634 2570 811 2639 potius
836 2565 1204 2621 admirabilem
1234 2566 1523 2632 quamdam
1550 2574 1601 2619 ct
1626 2564 2070 2633 perfectissimam

505 2670 690 2714 cernet
750 2657 926 2710 Patris
976 2658 1028 2710 in
1080 2656 1212 2709 Filio
1255 2656 1565 2723 imaginem.
1614 2655 2072 2722 Quemadmodum

505 2754 647 2806 enim
674 2751 837 2803 Pater
868 2747 1184 2800 mutationis
1225 2746 1668 2813 alterationisqne
1704 2759 1896 2812 expers
1930 2760 2074 2798 scm-

507 2848 811 2911 permanet
856 2836 1036 2899 Pater,
1070 2851 1244 2904 neque
1288 2837 1339 2887 in
1385 2834 1577 2888 Filium
1636 2842 2071 2889 transmittatur:

507 2936 577 2986 ita
632 2932 862 2985 Verbum
910 2942 973 2981 ex
1029 2928 1145 2993 ipso
1192 2924 1361 2978 Filius
1406 2929 1721 2994 procedens,
1783 2935 1963 2977 manet
2021 2924 2073 2977 id

506 3028 649 3093 quod
680 3032 783 3082 est,
819 3019 994 3072 Patris
1033 3018 1525 3072 immutabilitatem
1554 3018 1716 3069 etiam
1756 3031 1847 3083 per
1889 3016 1989 3069 hoc
2021 3016 2073 3069 in

507 3132 628 3172 sese
676 3113 987 3170 ostendens.
1050 3108 1257 3164 Similis
1317 3108 1480 3177 igitur
1522 3107 1673 3175 juxta
1728 3108 1827 3160 hoc
1863 3121 2078 3176 quoque

508 3224 588 3269 cst
616 3213 780 3268 Patri.

516 3347 669 3418 125
710 3342 1061 3411 Interrogatio
1100 3340 1572 3418 Ariquerugt_,uper
1592 3351 1804 3418 “quam,
1865 3346 1918 3388 ut
1979 3336 2075 3418 ipsi

578 3405 782 3484 Eiidem
810 3405 1019 3483 putant,
1052 3412 1323 3463 ostendunt
1354 3405 1557 3460 Filium
1583 3405 1738 3461 Patri
1769 3408 2080 3474 ina-qualem

572 3502 702 3541 0888.

582 3622 771 3685 Filius,
806 3618 1075 3687 inquiunt,
1124 3624 1218 3669 aut
1267 3621 1349 3669 est
1394 3611 1546 3666 liberi
1579 3610 1807 3675 arbitrii,
1843 3619 1935 3665 aut
1973 3627 2079 3666 non

510 3725 613 3771 est.
629 3714 687 3770 Si
706 3722 807 3778 est,
837 3720 984 3767 certe
1006 3709 1270 3763 electione
1294 3704 1585 3759 voluntatis
1604 3705 1774 3757 bonus
1789 3712 1892 3757 est.
1926 3703 2077 3769 Quod

512 3821 639 3861 vero
668 3804 931 3859 electione
964 3811 1015 3855 et
1054 3812 1159 3852 non
1195 3805 1384 3851 natura
1432 3796 1575 3850 circa
1610 3795 1813 3864 aliquid
1838 3804 2074 3859 tenetur,

512 3906 684 3967 potest
714 3896 873 3950 etiam
907 3892 957 3945 in
988 3892 1090 3944 alia
1130 3889 1406 3943 immutari
1440 3906 1453 3942 :
1486 3898 1539 3941 et
1589 3890 1639 3942 in
1667 3904 1827 3957 quam
1875 3896 2079 3957 partem

514 3989 795 4043 electionis
828 3987 1057 4052 impetus
1093 3982 1318 4045 feratur,
1350 3980 1702 4035 illic:omnino
1734 3982 1837 4033 erit
1865 3982 1912 4033 id
1938 3982 2081 4049 quod

511 4080 775 4137 electione
808 4076 1238 4130 administratur.
1281 4071 1334 4125 Id
1364 4082 1540 4126 autem
1569 4072 1796 4124 mutatio
1827 4081 1881 4125 et
1906 4071 2084 4139 passio

513 4182 614 4227 est.
647 4169 747 4236 Qui
788 4182 916 4221 vero
968 4164 1247 4220 mutationi
1293 4174 1345 4217 et
1388 4164 1625 4231 passionl
1670 4164 1931 4217 obnoxius
1976 4172 2079 4228 est,

512 4276 747 4331 quonam
778 4268 937 4327 pacto
969 4256 1039 4310 sit
1070 4255 1185 4322 ejus
1208 4255 1297 4323 qui
1318 4254 1669 4309 immutabilis
1693 4264 1745 4307 et
1771 4255 2082 4324 impatibilis

514 4362 595 4407 est
628 4354 800 4421 imago
822 4361 868 4404 et
905 4346 1238 4403 similitudo?
1268 4345 1361 4399 Sin
1390 4357 1567 4399 autem
1601 4345 1951 4401 immutabilis
1974 4355 2078 4409 est,

517 4460 687 4511 neque
722 4445 771 4495 in
805 4440 945 4493 aliud
972 4438 1097 4492 l‘erri
1136 4446 1333 4504 potest,
1367 4438 1457 4491 sed
1486 4437 1540 4491 id
1574 4438 1713 4505 quod
1745 4447 1826 4491 est
1872 4453 2083 4507 semper

519 4542 721 4593 manet,
755 4540 904 4585 certe
937 4538 994 4582 ut
1027 4527 1159 4593 lapis
1190 4526 1270 4578 vel
1324 4526 1525 4594 lignum
1560 4540 1769 4593 semper
1813 4527 1865 4579 in
1907 4527 2082 4595 seipso

1483 463 1541 518 S.
1580 458 1855 517 CYRILLI
1895 456 2364 515 ALEXANDRINI
2407 456 2724 513 ARCIIIEP.

3646 453 3758 511 108

2664 578 2814 646 Πρὸς
2850 576 3022 630 τοῦτο
3060 578 3260 641 λύσις.

2245 696 2305 747 Εἰ
2335 695 2393 748 τὸ
2443 692 2813 763 παραλλάττον
2856 691 3004 744 οὐδὲν
3044 692 3099 742 ὲν
3147 689 3266 759 Θεῷ
3302 690 3393 742 καὶ
3424 687 3757 757 ἀνθρώποις,

2172 784 2508 839 ἀπαιτείσθω
2540 785 2597 837 τὸ
2622 785 2815 853 γεννᾷν
2846 784 2935 835 καὶ
2958 781 3129 845 οὕτως
3166 782 3240 844 ὡς
3269 780 3575 852 ἄνθρωπος.
3611 780 3672 833 El
3699 781 3759 833 δὲ

2174 878 2445 943 ἐξαίρετος
2470 880 2501 946 ὴ
2530 874 2664 928 Θεοῦ
2714 874 2895 943 φύσις,
2929 875 3077 926 ἔσται
3121 874 3336 935 πάντως
3369 873 3461 925 καὶ
3488 873 3586 939 τῆς
3631 872 3757 924 καθ’

2174 973 2318 1039 ἡμᾶς
2344 970 2586 1039 ἀνάγκης
2618 968 2895 1037 ἐλευθέρα.
2933 970 3008 1020 Οὐ
3039 968 3146 1038 γὰρ
3182 967 3256 1029 ὡς
3286 966 3571 1036 ἄνθρωπος
3597 967 3761 1033 ἐγέν-

2175 1079 2303 1131 νησε
2352 1062 2502 1123 Θεὸς,
2540 1061 2627 1113 ἵνα
2676 1059 2770 1113 καὶ
2804 1059 2832 1111 6
2876 1060 3083 1127 τεχθεὶς
3123 1062 3241 1121 ταῖς
3287 1061 3544 1126 φυσικαῖς
3598 1057 3760 1126 ἡμῶν

2181 1154 2444 1222 ἑπόμενος
2474 1151 2813 1215 ἁκολουθίαις
2843 1151 2997 1224 τέκῃ,
3037 1150 3170 1202 ἀλλά
3202 1150 3353 1203 θείαν
3378 1150 3500 1202 τινὰ
3531 1148 3624 1201 καὶ
3656 1148 3761 1216 ἄῤ-

2177 1248 2338 1315 ρητον
2385 1248 2449 1299 ἐκ
2497 1246 2709 1316 Πασιρὸς
2746 1246 2858 1314 ἔχει
2887 1246 2984 1314 τὴν
3012 1244 3283 1312 γέννησιν.
3334 1242 3395 1293 Εἰ
3426 1241 3491 1292 δὲ
3537 1241 3758 1309 ἀνάγκη

2175 1338 2264 1389 τὸν
2304 1337 2635 1408 γεννηθέντα
2676 1338 2872 1406 γεννᾷν
2909 1336 2996 1388 διὰ
3036 1336 3135 1404 τὴν
3178 1335 3308 1402 παρ’
3341 1333 3470 1400 ἡμῖν
3519 1331 3760 1400 φυσικὴν

2178 1426 2486 1496 συνήθειαν,
2517 1426 2613 1479 καὶ¹
2651 1428 2760 1488 τοῖς
2804 1426 2901 1493 τῆς
2946 1424 3367 1495 ἀνθρωπότητοςν
3399 1422 3583 1489 νόμοις
3624 1422 3762 1474 ὑπο-

2176 1518 2361 1569 πίπτει
2390 1518 2460 1570 τὰ
2488 1518 2587 1585 τῆς
2634 1516 2882 1585 θεότητος
2929 1515 3063 1566 ἴδια·
3113 1515 3166 1566 τί
3198 1514 3259 1565 τὸ
3299 1512 3505 1565 κωλύον
3535 1513 3779 1580 πατέρα.

2174 1608 2356 1661 δοῦναι
2406 1609 2482 1678 τῷ
2536 1608 2743 1678 Πατρί;
2786 1608 2941 1660 Οὕτω
2984 1608 3091 1678 γὰρ
3125 1609 3173 1659 οἱ
3222 1608 3349 1677 παρ’
3388 1608 3536 1677 ἡμῖν.
3587 1606 3648 1658 El
3694 1604 3757 1656 δὲ

2175 1700 2321 1752 ἐστιν
2366 1701 2465 1751 οὐκ
2516 1699 2579 1751 ἐκ
2624 1716 2767 1761 τινος
2818 1698 2991 1769 ἀρχῆς
3030 1700 3058 1751 6
3104 1698 3317 1768 Πατὴρ,
3356 1696 3448 1749 καὶ
3493 1696 3591 1763 τὴν
3631 1693 3755 1746 καθ’

2174 1793 2322 1861 ἡμᾶς
2353 1791 2632 1844 ἁναῆαίνει
2666 1790 2950 1860 συνήθειαν
2982 1790 3056 1853 ὼς
3084 1790 3233 1853 Θεὸς,
3256 1789 3427 1851 οὐδεὶς
3455 1786 3755 1853 ἀναγκάσει

2178 1883 2332 1951 λόγος
2362 1884 2564 1937 τίκτειν
2592 1883 2682 1936 τὸν
2710 1884 2853 1937 Υἰόν.
2895 1884 3087 1935 Ἔσται
3113 1882 3223 1951 γὰρ
3256 1881 3349 1935 καὶ
3381 1879 3524 1933 οὕτω
3555 1878 3756 1947 μᾶλλον

2179 1976 2254 2044 τῷ
2284 1976 2459 2045 Πατρὶ
2498 1976 2894 2045 παραπλήσιος,
2930 1974 3041 2028 ἄνω
3079 1976 3260 2042 πάσης
3287 1974 3533 2041 ἀνάγκης
3576 1968 3753 2040 ὑπάρ-

2176 2085 2303 2135 χων,
2341 2066 2415 2129 ὡς
2450 2067 2599 2130 Θεὸς.

2859 2182 3061 2234 AAAO.

2248 2295 2357 2345 Οὐκ
2408 2293 2472 2345 ἄν
2508 2308 2587 2355 τις
2618 2292 2762 2344 εἴποι
2792 2292 2917 2345 νοῦν
2957 2292 3117 2362 ἔχων,
3152 2292 3415 2361 ἀνόμοιον
3463 2288 3751 2357 φαίνεσθαι

2174 2385 2249 2455 τῷ
2308 2386 2481 2457 ﬂat-pl.
2514 2386 2603 2437 τὸν
2641 2384 2785 2446 Υἱὸν,
2840 2384 2963 2435 ἐπεὶ
3010 2383 3083 2452 μὴ
3137 2384 3231 2436 καὶ
3278 2383 3439 2444 αὐτὸς
3471 2382 3752 2449 ἐγέννησε,

2178 2478 2309 2547 μηδὲ
2344 2477 2457 2529 υἱοῦ
2480 2477 2669 2544 γέγονε
2695 2476 2895 2545 πατήρ.
2942 2474 3103 2526 Ἀλλὰ
3136 2474 3337 2543 μᾶλλον
3364 2474 3459 2529 καὶ
3482 2471 3571 2524 διὰ
3598 2471 3757 2524 τοῦτο

2176 2570 2495 2638 θαυμαστήν
2522 2584 2643 2619 τινα
2663 2568 2754 2619 καὶ
2777 2565 3180 2637 ἀκριϐεστάτην
3204 2565 3393 2632 ὄψεται
3419 2563 3510 2616 τοῦ
3542 2562 3756 2632 Πατρὸς

2176 2664 2231 2713 ὲν
2260 2660 2373 2728 Υἱῷ
2403 2659 2498 2729 τὴν
2525 2659 2729 2711 εἰκόνα.
2759 2659 2967 2728 Ὥσπερ
2992 2657 3098 2725 γὰρ
3126 2658 3153 2709 6
3183 2656 3372 2725 Πατὴρ
3398 2654 3667 2721 ἄτρεπτος
3694 2670 3757 2704 τε

2179 2756 2269 2806 καὶ
2311 2752 2664 2813 ἀναλλοίωτος
2694 2751 2792 2815 ὣν,
2829 2750 2915 2803 ἀεὶ
2953 2750 3101 2819 μένει
3135 2748 3342 2818 Πατὴρ,
3388 2748 3482 2799 και
3514 2748 3593 2808 είς
3626 2746 3757 2797 Υιὸν

2176 2846 2234 2897 οὐ
2268 2843 2682 2913 μεταϐάλλεται,
2721 2840 2894 2904 οὕτως
2918 2844 2946 2893 ὁ
2981 2840 3039 2905 ἐξ
3065 2840 3231 2893 αὑτοῦ
3262 2840 3432 2906 Λόγος
3468 2837 3595 2899 Υἱὸς
3626 2854 3758 2907 προσ

2178 2935 2366 2999 ελθὼν,
2410 2936 2559 3004 μένει
2590 2934 2736 2985 τοῦθ’
2771 2934 2906 3002 ὅπερ
2949 2933 3089 2995 ἐστὶ,
3121 2932 3217 2985 τοῦ
3260 2930 3475 3001 [ἰατρὸς
3503 2928 3563 2980 τὸ
3596 2927 3761 2981 ἀναλ-

2178 3032 2395 3083 λοίωτον
2428 3031 2521 3082 καὶ
2553 3029 2641 3081 διὰ
2670 3030 2863 3082 τούτου
2908 3028 3167 3081 δεικνύων
3200 3028 3257 3080 ὲν
3295 3025 3496 3095 ἐαυτῷ.
3535 3026 3762 3093 Ὀμοισς

2177 3119 2270 3177 οὖν
2304 3125 2395 3175 καλ⁸
2429 3124 2567 3176 κατὰ
2602 3123 2759 3175 τοῦτο
2792 3120 2987 3190 “arpi.

2197 3345 2507 3413 Ἐρώτησις
2536 3346 2863 3411 Ἂρειανῶν,
2887 3346 2962 3397 δι’
2983 3340 3073 3412 ἧς,
3091 3346 3170 3409 ὡς
3185 3345 3430 3405 οῖονται,
3457 3342 3764 3396 δεικνύου-

2441 3430 2545 3467 σιν
2573 3416 2854 3483 ἀνόμοιον
2885 3414 2963 3479 τῷ
2991 3414 3169 3483 Harp!
3198 3414 3305 3467 τὸν
3348 3416 3501 3467 Υιόι·.

2255 3618 2603 3685 Αὑτεξούσιος
2624 3660 2637 3681 ,
2672 3619 2854 3687 φασιν,
2889 3615 3035 3669 ἐστὶν
3066 3617 3093 3669 6
3122 3615 3270 3679 Υἱὸς,
3312 3616 3343 3685 ἢ
3369 3615 3467 3667 οὐκ
3500 3616 3590 3669 ἐστ
3618 3634 3664 3667 ν.
3699 3616 3765 3669 Εἰ

2186 3713 2283 3783 μὲν
2307 3710 2399 3765 οὖν
2429 3710 2771 3775 αὑτεξούσιός
2803 3711 2938 3775 ἐστι,
2969 3708 3287 3779 προαιρέσει
3321 3708 3549 3776 φαίνοιτ’
3590 3709 3654 3760 ἂν
3685 3711 3766 3761 εἰ-

2183 3805 2354 3867 κότως
2396 3802 2577 3867 καλός,
2612 3802 2683 3854 Τὸ
2703 3802 2757 3855 δὲ
2784 3800 3101 3871 προαιρέσει
3137 3799 3227 3852 καὶ
3258 3800 3315 3851 οὑ
3348 3798 3505 3867 φύσει
3540 3798 3667 3869 περί
3709 3817 3763 3852 τι

2184 3898 2585 3967 κρατούμενον,
2621 3894 2824 3948 δύναιτ’
2860 3894 2924 3947 ἂν
2956 3895 3040 3963 ἐφ’
3085 3894 3247 3964 ἕτερα
3300 3891 3759 3963 μεταδάλλεσθαι,

2184 3988 2278 4040 καὶ
2310 3988 2393 4055 ἐφ’
2428 3988 2565 4056 ὅπερ
2604 3986 2667 4038 ἂν
2709 3989 2740 4057 ὴ
2784 3988 2880 4055 τῆς
2932 3986 3304 4057 προαιρέσεως
3336 3986 3545 4052 γένοιτο
3580 3983 3759 4054 ῥοπὴ,

2184 4079 2299 4133 ἐκεῖ
2327 4079 2542 4142 πάντως
2562 4078 2717 4131 ἔσται
2739 4078 2798 4131 τὸ
2824 4078 3141 4149 προαιρέσει
3170 4077 3762 4147 διοικούμενον.Τροπὴ

2182 4172 2236 4223 δὲ
2283 4170 2439 4224 τοῦτο
2478 4171 2577 4224 καὶ
2629 4170 2817 4233 πάθος.
2882 4171 2938 4223 Ὀ
2985 4169 3040 4222 δὲ
3080 4169 3285 4240 τροπὴν
3331 4168 3615 4237 ὑπομένων
3669 4171 3765 4222 καὶ

2184 4262 2377 4327 πάθος,
2412 4263 2530 4326 πῶς
2561 4262 2626 4316 ἂν
2652 4265 2733 4331 εἴη
2765 4261 2857 4314 τοῦ
2887 4262 3158 4331 άτρέπτου
3197 4259 3289 4313 καὶ
3324 4259 3569 4321 ἀπαθοῦς
3598 4259 3763 4313 εἰκὼν

2186 4357 2277 4407 καὶ
2298 4355 2588 4425 ὁμοιότης;
2620 4356 2681 4407 Et
2709 4354 2765 4405 δὲ
2795 4352 3064 4423 ἄτρεπτός
3088 4354 3256 4413 ἐστιν,
3290 4353 3370 4413 εἰς
3398 4351 3550 4403 οὐδὲν
3574 4352 3763 4422 ἕτερον

2185 4445 2587 4515 παρενεχθῆναι
2627 4444 2945 4513 δυνάμενος,
2983 4442 3096 4495 ἀλλ’
3130 4443 3267 4511 ὅπερ
3292 4441 3409 4492 ἐστὶ
3446 4440 3622 4508 μένων
3654 4443 3762 4499 ἀεὶ,

2182 4536 2258 4599 ὡς
2283 4536 2427 4599 λίθος
2456 4538 2563 4607 ἄρα
2596 4537 2629 4605 ἢ
2654 4536 2811 4602 ξύλον
2837 4536 3069 4605 ἕστηκεν
3098 4536 3183 4603 ἐφ’
3210 4534 3389 4601 ἑαυτῷ
3422 4532 3638 4602 φυσικῷ
3658 4551 3764 4588 τινι

516 4624 779 4685 subsistit,
828 4623 1054 4674 naturali
1094 4618 1326 4685 quodam
1378 4624 1433 4669 et
1477 4616 1825 4671 intlissolubili
1868 4618 2075 4671 vinculo

2187 4627 2277 4679 καὶ
2312 4629 2571 4697 ἀρρήκτῳ
2615 4626 2797 4697 δεσμῷ
2818 4667 2831 4689 ,
2864 4628 2943 4688 εἰς
2971 4623 3115 4677 τοῦθ’
3144 4623 3281 4693 ὅπερ
3308 4624 3424 4675 ἐστὶ
3457 4624 3765 4693 κρατούμε-

514 4716 578 4770 ad
604 4716 652 4769 id
680 4713 819 4783 quod
847 4719 928 4764 est
954 4708 1256 4766 devinctus,
1292 4707 1702 4774 libertatemque
1734 4707 1941 4761 arbitrii
1975 4724 2079 4762 non

514 4803 693 4861 habet.

1014 4910 1220 4967 Salutio
1264 4910 1585 4975 objectionis.

584 5032 807 5101 Oportet
838 5044 968 5083 sane
1004 5027 1143 5099 adeo
1175 5024 1371 5091 ineptis
1411 5024 1923 5095 interrogationibus
1948 5043 2082 5097 quas

514 5131 815 5195 proponunt
864 5121 917 5173 in
968 5120 1277 5172 universum
1325 5131 1429 5169 non
1468 5119 1807 5185 respondere.
1855 5118 2083 5185 Quando

515 5215 657 5271 enim
711 5211 987 5280 responsio
1034 5208 1387 5279 undequaque
1419 5226 1538 5264 cum
1582 5208 1911 5276 blasphemia
1950 5227 2079 5265 con-

507 5308 695 5373 juncta
733 5318 835 5366 est,
888 5302 1155 5355 silentium
1205 5312 1458 5365 praestare
1486 5300 1657 5353 satius
1692 5311 1792 5355 est.
1846 5300 1902 5355 Si
1937 5306 2079 5357 enim

514 5397 765 5450 libertate
784 5391 990 5445 arbitrii
1016 5389 1292 5460 praeditum
1310 5406 1427 5446 esse
1456 5390 1648 5445 Filium
1675 5391 1871 5457 dicam,
1902 5396 2079 5448 statim

514 5490 675 5541 etiam
709 5485 931 5539 mutatio
983 5483 1133 5536 liberi
1183 5482 1390 5536 arbitrii
1430 5484 1590 5537 simul
1640 5484 1927 5541 inducitur.
1974 5488 2083 5541 An-

514 5593 707 5631 nexum
735 5586 815 5631 est
838 5576 977 5629 cnim
1011 5574 1243 5627 libertati
1275 5576 1481 5629 arbitrii
1515 5578 1862 5632 mutationem
1902 5580 2077 5635 susd-

514 5684 661 5733 nere.
723 5669 929 5719 tametsi
1002 5683 1117 5719 eam
1184 5669 1482 5735 passionem
1548 5668 1789 5722 voluntas
1844 5672 2078 5725 nondum

514 5756 757 5811 subit-rit.
794 5756 887 5809 Siti
923 5774 1047 5810 vero
1086 5760 1183 5811 hoc
1212 5759 1574 5825 prmtermisso
1611 5760 1834 5814 alterum
1866 5764 2077 5827 dixero,

512 5850 765 5903 nimirum
817 5849 1202 5906 illlttltllttitilcm
1248 5864 1367 5905 esse
1413 5849 1630 5915 Filium,
1687 5855 1866 5908 statim
1926 5857 2077 5913 nobis

2187 4736 2294 4782 νος,
2324 4720 2417 4770 καὶ
2447 4718 2507 4771 τὸ
2537 4717 2880 4781 αὐτεξούσιον
2912 4717 3008 4767 οὐκ
3035 4716 3189 4783 ἔχων.

2680 4914 2832 4981 Πρὸς
2864 4915 3047 4968 ταῦτα
3077 4917 3278 4980 λύσις.

2260 5031 2403 5083 Ἔδει
2438 5030 2533 5099 μὲν
2566 5030 2681 5092 ταῖς
2714 5028 2885 5092 οὕτως
2918 5029 3260 5090 ἀπαιδεύτως
3292 5030 3763 5097 προσφερομένας

2186 5124 2488 5195 ἐρωτήσεσι
2518 5122 2758 5191 μηδόλως
2789 5121 3199 5191 ἀποκρίνεσθαι.
3227 5122 3394 5172 Ἔνθα
3428 5122 3535 5189 γὰρ
3563 5124 3595 5191 ἡ
3625 5124 3762 5173 ἀπεξ-

2188 5234 2365 5289 κρισις
2409 5214 2684 5283 πανταχοῦ
2720 5214 2780 5267 τὸ
2813 5214 3093 5282 δύσφημον
3120 5213 3255 5282 ἔχει,
3294 5216 3411 5265 ἐκεῖ
3438 5214 3704 5283 κρείττων
3730 5218 3766 5285 ή

2189 5306 2500 5387 σιωπῄ.”Αν
2542 5304 2639 5373 μὲν
2674 5303 2781 5374 γὰρ
2809 5302 3158 5367 αὐτεξούσιον
3186 5302 3327 5355 εἴπω
3358 5304 3446 5355 τὸν
3475 5302 3624 5366 Υἱὸν,
3669 5306 3767 5358 εὑ-

2186 5400 2280 5460 θὺς
2322 5400 2352 5467 ἡ
2401 5398 2499 5465 τῆς
2535 5396 3013 5465 αὑτεξουσιότητος
3047 5397 3427 5465 συνεισάγεται
3466 5400 3762 5469 μεταϐολή.

2199 5487 2509 5543 Ἀκολουθεῖ
2539 5490 2646 5560 γὰρ
2676 5488 2751 5558 τῷ
2776 5487 3185 5558 αὑτεξουσίῳτὸ
3214 5490 3562 5559 ἐπιδέχεσθαι
3596 5509 3762 5559 μετα·

2186 5582 2369 5652 ϐολὴν,
2416 5582 2464 5632 εί
2505 5579 2599 5632 καὶ
2644 5581 2809 5650 μήπω
2849 5578 3111 5641 πεπονθὸς
3157 5579 3242 5647 εἴη
3282 5579 3438 5631 τοῦτο
3466 5580 3553 5632 διὰ
3590 5581 3650 5634 τὸ
3690 5582 3765 5651 μὴ

2185 5674 2441 5744 ἐθελῆσαι
2469 5671 2679 5725 παθεῖν.
2727 5673 2851 5724 Ἐὰν
2875 5671 2930 5724 δὲ
2965 5671 3122 5724 τοῦτο
3164 5672 3342 5740 ἀφεὶς,
3378 5673 3438 5723 τὸ
3464 5673 3651 5743 ἕτερον
3686 5674 3764 5725 εἶ-

2187 5785 2292 5830 πω,
2319 5765 2617 5825 τουτέστιν,
2644 5766 2943 5833 ’Ἃτρεπτος
2977 5767 3003 5816 6
3033 5765 3203 5831 Λόγος
3237 5763 3408 5827 ἐστὶν,
3439 5765 3598 5827 εὐθὺς
3634 5767 3766 5835 ἡμῖν

2188 5858 2280 5911 τοῦ
2314 5857 2467 5922 ξύλου
2519 5856 2616 5927 τὴν
2648 5857 2935 5927 ἀκινησίαν
2982 5857 3379 5927 προτείνοντες,
3429 5858 3528 5909 οὐκ
3576 5858 3767 5912 αἰσθάο
