3968 6472
175 421 253 476 se
1574 424 1949 488 TBESAURU
1961 431 2020 489 S.

3324 427 3434 481 ειο

177 558 319 596 mat
342 540 649 612 τολμῶντες
677 542 905 613 λέγειν,
932 545 964 600 ἄ
995 546 1081 600 καὶ
1106 545 1267 616 μόνον
1288 542 1355 618 ἦν
1381 545 1738 613 ἐνθυμεῖσθαι

1855 546 2282 602 mutabilitatem
2319 545 2447 616 ligni
2474 540 2817 614 olijlcicntcs,
2854 557 2957 597 non
2988 542 3233 596 sentiunt
3266 554 3325 595 se
3352 541 3435 596 di-

178 635 379 689 κινδύνου
426 635 625 703 μεστά.
675 636 749 689 Τί
798 630 917 708 γὰρ
951 636 1016 690 ἄν
1056 636 1258 690 εἴποιεν
1290 638 1340 691 oi
1390 637 1569 692 πάντα
1616 637 1736 691 τολο

178 725 351 793 μιῖιντες
387 724 613 792 ῥᾳδίως,
643 725 700 778 εἰ
733 743 829 789 τις
860 727 1041 791 αὐτοῖς
1069 728 1195 799 περὶ
1226 728 1319 781 τοῦ
1353 727 1568 799 Πατρὸς
1599 728 1733 781 πεῦ-

175 833 241 867 σιν
262 816 511 884 προσάγοι
545 818 653 887 τὴν
685 816 900 888 αύτήνς
930 812 1072 890 *Αρα
1116 819 1205 872 τὸν
1238 819 1352 873 ἴσον
1386 822 1539 891 ήμίν-
1564 822 1734 891 φοϐη-

174 909 389 977 θήσονται
439 909 648 978 φόϐον,
699 911 805 963 καί
847 911 945 982 τὴν
990 911 1082 963 ὲπὶ
1122 911 1335 976 τούτοις
1385 915 1735 970 ἐπαινέσουσι

177 1004 375 1071 σιωπήν;
418 998 489 1057 Ἥ
515 1003 570 1055 τί
611 1020 755 1056 ποτε
793 1006 899 1075 ἄρα
934 1005 1069 1075 πρὸς
1101 1004 1273 1058 ταῦτα
1302 1008 1553 1076 ἐροῦσινς
1594 1009 1737 1062 Ἐγὼ

180 1094 254 1159 μιν
274 1094 362 1145 οὐκ
398 1094 507 1164 ἔχω
539 1092 761 1162 λέγειν,
793 1096 957 1148 καλὸν
986 1097 1041 1149 δὲ
1072 1097 1166 1149 καὶ
1197 1100 1469 1168 χρήσιμον
1501 1102 1551 1152 εἰ
1600 1101 1735 1171 μηδὲ

177 1184 421 1253 ὲνινόησαν
466 1175 645 1237 οὗτοι.
692 1185 823 1238 Ὅτι
867 1184 923 1238 δὲ
963 1185 1235 1256 ἄτρεπτος
1278 1187 1353 1241 ὣν
1396 1191 1425 1243 6
1463 1191 1557 1244 τοῦ
1598 1192 1735 1245 Θεοῦ

176 1272 305 1334 Λόγος
344 1272 535 1341 ὥσπερ
577 1276 608 1326 6
656 1275 935 1344 γεννήσας
964 1273 1149 1338 αὐτὸν,
1197 1276 1383 1346 ὅμοιός
1434 1280 1549 1331 ἔστι
1594 1282 1737 1333 κατὰ

178 1366 315 1414 πάντα
360 1364 436 1433 τῷ
480 1364 694 1436 Πατρὶ,
729 1366 929 1433 γένοιτ’
962 1366 1028 1420 ἂν
1073 1366 1161 1420 διὰ
1191 1368 1383 1421 τούτου
1436 1371 1628 1438 σαφές.
1673 1373 1736 1426 El

177 1454 562 1522 ἀπαράλλακτός
585 1459 751 1509 εστιν
778 1455 941 1509 εἰκὼν
968 1457 1062 1511 τοῦ
1088 1458 1322 1531 Πατρός,
1344 1461 1438 1513 καὶ
1458 1462 1735 1533 ἀληθεύει,

175 1546 327 1612 λὲγων·
363 1566 381 1598 ι
406 1548 463 1601 '0
496 1547 781 1619 ἑωρακὼς
812 1548 909 1618 ἐμὲ
958 1549 1172 1619 ιὼρακε
1207 1552 1299 1604 τὸν
1329 1553 1605 1625 Πατέρα.»
1642 1556 1737 1610 καὶ⁵

176 1637 320 1689 πάλιν·
339 1658 356 1690 ι
375 1638 525 1707 Ἐγὼ
555 1640 662 1692 κα)⁸
700 1640 733 1692 6
760 1640 950 1711 Πατὴρ
980 1638 1038 1693 tv
1067 1642 1258 1711 ἐσμεν,
1282 1662 1300 1693 ι
1330 1642 1485 1698 ἕσται
1518 1645 1737 1709 πάντως

176 1728 398 1798 bruma;
425 1731 525 1784 καὶ
551 1731 927 1794 ἀναλλοίωτος
950 1730 1026 1795 ὡς
1053 1733 1082 1784 6
1110 1733 1323 1804 Πατήρ.
1343 1734 1499 1788 Ἐπεὶ
1527 1736 1645 1800 πῶς
1671 1734 1737 1791 ἂν

175 1820 344 1880 γένοιτο
370 1818 543 1872 εικὼν
567 1819 670 1873 τοῦ
706 1820 793 1873 ἀεὶ
832 1821 925 1873 καὶ
960 1820 1223 1885 ὡσαύτως
1262 1822 1497 1894 ἔχοντος,
1528 1826 1588 1878 τὸ
1612 1843 1736 1899 τρο-

1844 654 1968 695 cere
1994 652 2055 694 ea
2116 654 2233 710 qua:
2266 637 2348 693 vel
2377 638 2515 692 nuda
2545 637 2875 706 cogitatione
2904 634 3190 705 concipere
3221 635 3435 703 pericu-

1846 732 2173 785 losissimum
2229 738 2332 783 est.
2390 730 2457 781 At
2500 728 2628 796 quid
2683 728 2867 779 dicant
2922 726 3032 792 isti,
3070 726 3163 796 qtti
3216 724 3434 794 quidvis

1844 823 2062 883 audent,
2090 827 2133 874 si
2165 822 2286 889 quis
2309 820 2387 874 eis
2409 827 2651 874 eamdem
2682 818 2747 872 de
2765 816 2928 874 Patre
2954 818 3434 885 interrogationem

1846 913 2160 983 proponat?
2191 928 2330 965 anne
2365 917 2555 963 eodem
2589 926 2695 977 quo
2743 924 2839 963 nos
2869 921 3012 962 metu
3042 906 3431 979 percelleutur,

1843 1013 1897 1058 et
1926 1004 2203 1058 silentium
2242 1004 2342 1055 liae
2372 1004 2424 1055 in
2461 1018 2517 1055 re
2562 999 2900 1055 laudabunt?
2928 1010 3019 1052 aut
3050 999 3179 1067 quid
3216 1000 3433 1053 tandem

1845 1098 1910 1149 ad
1943 1096 2045 1149 hoc
2076 1093 2519 1163 respondebunt?
2551 1092 2815 1161 Equidem
2847 1105 2952 1145 non
2981 1090 3155 1145 habeo
3186 1089 3315 1159 quid
3350 1090 3435 1142 di-

1843 1203 1986 1249 cam,
2032 1186 2423 1256 pulchrumque
2461 1193 2609 1238 certe
2656 1192 2706 1237 et
2750 1183 2884 1235 utile
2949 1191 3097 1236 esset
3156 1180 3200 1235 si
3247 1189 3301 1235 et
3344 1179 3435 1235 isti

1844 1294 1963 1331 eam
1996 1276 2378 1347 cogitatiOnem
2423 1276 2779 1343 deponerent.
2811 1272 2963 1338 Quod
2997 1287 3128 1326 vero
3177 1271 3436 1323 immuta-

1846 1372 1951 1424 bile
1980 1371 2249 1424 eXsisteus
2294 1364 2528 1420 Verbum
2579 1366 2693 1430 Dei,
2741 1362 3196 1435 quemadmodum
3249 1361 3296 1415 is
3342 1360 3435 1432 qui

1846 1462 1972 1515 illud
2004 1460 2209 1529 genuit,
2243 1457 2420 1513 simile
2452 1473 2547 1528 per
2575 1455 2756 1511 omnia
2781 1456 2852 1510 sit
2878 1454 3051 1518 Patri,
3080 1469 3146 1508 ex
3171 1454 3273 1507 hoc
3305 1466 3438 1506 con-

1845 1562 1991 1605 stare
2036 1561 2230 1620 potest.
2268 1547 2323 1601 Si
2360 1557 2441 1602 est
2470 1546 2777 1600 omnimodo
2815 1554 2868 1598 et
2907 1542 3217 1598 indilierens
3255 1543 3438 1612 imago

1848 1642 2042 1701 Patris,
2079 1655 2310 1709 vereque
2337 1638 2469 1692 dicit
2502 1656 2513 1691 :
2554 1656 2572 1688 r
2608 1638 2707 1703 Qui
2751 1636 2885 1690 vidit
2934 1654 3035 1691 Ill-‘.
3065 1635 3193 1689 vidit
3239 1643 3293 1689 et
3328 1632 3437 1689 Pa-

1848 1747 1983 1787 trem
2005 1732 2072 1797 ",
2094 1751 2110 1783 ι
2131 1741 2183 1785 et
2201 1746 2418 1785 rursum
2450 1748 2462 1783 :
2484 1749 2501 1781 ι
2524 1728 2636 1799 Ego
2655 1738 2709 1783 et
2741 1727 2903 1782 Pater
2930 1742 3092 1780 unum
3118 1726 3388 1782 sumus".
3412 1747 3432 1779 ι

1847 1825 1949 1877 ierit
1989 1825 2211 1880 omnino
2252 1820 2572 1877 mutationis
2593 1819 3044 1889 alti-rationisque
3080 1832 3275 1889 expers
3298 1817 3439 1871 sicut

174 1910 257 1978 τὴν
282 1911 678 1982 ἐπιδεχόμενον
701 1929 716 1978 ;
748 1913 820 1965 Ἦ
844 1912 962 1975 πῶς
990 1912 1058 1966 ἂν
1090 1914 1429 1982 εἷποιεν,”ἓν
1460 1921 1648 1988 ἐσμεν,
1671 1920 1739 1973 τὰ

1855 1926 1894 1971 et
1917 1914 2099 1979 Pater.
2133 1913 2417 1982 Quomodo
2438 1914 2581 1968 enim
2613 1914 2683 1967 sit
2712 1913 2891 1981 imago
2922 1912 3042 1980 ejus
3096 1910 3188 1979 qui
3221 1923 3439 1976 semper

173 2002 389 2055 τοσοῦτον
409 2004 676 2073 ἀλλήλων
703 2004 1028 2075 διεστηκότα
1053 2044 1067 2065 ,
1095 2006 1189 2059 καὶ
1223 2007 1444 2078 μακρὰν
1474 2009 1617 2062 οὕτω
1646 2011 1740 2079 ιρέ-

177 2108 305 2159 ροντα
345 2092 439 2165 τὴν
482 2095 899 2164 ἄνομοιότητα;
942 2096 1159 2169 Ἐπειδὴ
1198 2097 1255 2150 δὲ
1285 2099 1570 2169 ἀμήχανον
1611 2102 1743 2171 ψεύ-

172 2182 324 2234 δεσθαι
354 2185 450 2254 τὴν
478 2185 780 2255 ἀλήθειαν,
820 2186 1066 2249 τουτέστι
1118 2189 1211 2241 τὸν
1236 2189 1386 2256 Υἱδν,
1420 2192 1607 2261 ὅμοιον
1646 2195 1742 2247 αὐ·

173 2270 244 2321 τὸν
278 2268 407 2326 εἶναι
446 2276 691 2343 λέγοντα
740 2277 836 2331 τοῦ
868 2279 1099 2349 Πατρός,
1147 2280 1363 2353 ἀνάγκη
1413 2283 1565 2336 πᾶσα
1596 2283 1744 2340 τοῦθ’

173 2360 285 2431 ὅπερ
314 2366 457 2417 ἐστὶν
491 2369 521 2419 6
555 2369 763 2439 Πατὴρ
789 2364 927 2422 εἶναι
956 2370 1236 2424 πιστεύειν
1265 2372 1409 2426 κατὰ
1449 2374 1609 2443 φύσιν
1650 2377 1743 2430 καὶ⁵

173 2452 246 2502 τὸν
275 2453 742 2528 Υίόν.Ἀτρεπτος
768 2457 882 2527 οὖν,
908 2462 985 2524 ὡς
1006 2463 1241 2529 ἐκεῖνος,
1267 2466 1361 2518 καὶ
1398 2466 1541 2520 κατὰ
1564 2466 1742 2522 πάντα

176 2550 296 2613 σᾰτῷ
327 2550 697 2618 προσεοικώς.

688 2839 917 2904 Ἄλλως
944 2838 1011 2892 τὸ
1042 2842 1214 2896 αὑτό.

234 2942 284 2995 El
308 2951 545 3019 τρεπτῆς
580 2949 660 3002 ὣν
700 2950 915 3018 φύσεως
944 2954 973 3005 6
1006 2952 1163 3016 Υίδς,
1194 2954 1655 3028 αύτοπροαίρετός
1681 2973 1743 3011 τε

178 3034 635 3104 ιιὶαύτεξούσιος,
670 3043 792 3094 κατ’
832 3043 1097 3107 ἐκείνους,
1128 3044 1414 3116 ὑπάρχων,
1460 3047 1646 3115 ἐφέσει
1674 3050 1742 3117 τῇ

179 3130 282 3197 περὶ
308 3132 363 3183 τὸ
398 3133 615 3200 ἀγαθὸν
663 3136 745 3197 εἰς
779 3134 935 3188 τοῦτο
980 3137 1170 3205 γέγονε
1212 3140 1638 3203 καταστάσεως,
1670 3140 1747 3203 ὼς

1846 2018 2009 2071 atque
2050 2008 2240 2065 eodem
2291 2006 2450 2060 modo
2493 2020 2552 2059 se
2584 2004 2767 2069 habet,
2808 2005 2857 2058 id
2888 2003 3033 2074 quod
3080 2002 3435 2056 mutationem

1848 2100 2119 2169 suscipit?
2154 2100 2259 2153 Aut
2302 2098 2577 2168 quomodo
2622 2098 2825 2160 dicant,
2849 2083 3029 2151 Unum
3065 2111 3276 2158 sumus,
3318 2112 3438 2162 quae

1850 2200 2129 2261 tantOpere
2156 2193 2297 2246 inter
2313 2206 2372 2245 se
2390 2190 2677 2251 dissident,
2702 2199 2959 2257 tantaque
2992 2179 3441 2242 dissimilitudine

1849 2285 2272 2355 disiunguntur?
2309 2284 2443 2339 Cum
2483 2299 2613 2339 vero
2669 2283 2784 2337 ileri
2828 2281 2974 2337 nulla
3020 2282 3233 2336 ratione
3267 2281 3440 2351 possit

1848 2385 1908 2430 ut
1936 2378 2153 2442 veritas,
2179 2378 2278 2433 lioc
2308 2386 2390 2431 est
2423 2375 2612 2441 Filius,
2648 2376 2962 2436 mentiatur,
2989 2375 3078 2442 qui
3118 2388 3177 2427 se
3203 2372 3437 2426 similem

1848 2465 1993 2521 Patri
2038 2481 2159 2522 esse
2199 2467 2352 2531 dicit,
2394 2466 2763 2521 necessarium
2824 2462 2988 2535 126
3040 2463 3199 2534 plane
3249 2474 3332 2515 est
3380 2472 3440 2516 ut

1848 2556 2137 2611 oredarnus
2184 2554 2378 2609 Filium
2428 2554 2568 2610 idem
2626 2570 2853 2626 prorsus
2904 2563 3096 2609 natura
3136 2566 3256 2608 esse
3291 2552 3437 2622 quod

1847 2646 2031 2702 Pater.
2059 2647 2417 2704 immutabilis
2440 2650 2605 2719 igitur
2620 2656 2723 2716 est,
2753 2648 2893 2703 sicut
2922 2646 3033 2711 ille,
3066 2654 3121 2702 et
3145 2660 3240 2714 per
3255 2645 3437 2700 omnia

1849 2740 1901 2798 ei
1926 2739 2154 2795 similis.‘

2284 2857 2443 2911 idem.
2468 2857 2626 2911 aliter
2669 2858 3010 2928 explicatum.

1923 2972 1985 3029 Si
2014 2972 2202 3036 Filius,
2234 2971 2513 3026 mutabilis
2546 2981 2753 3025 natura!
2797 2970 3089 3032 exsistens,
3127 2965 3299 3021 libero
3343 2980 3444 3019 suo

1852 3062 2079 3117 arbitrio
2120 3071 2175 3116 et
2220 3062 2501 3115 voluntate
2548 3060 2742 3126 fertur,
2775 3060 3073 3115 secundum
3116 3049 3259 3120 illos,
3293 3056 3439 3111 desi-

1852 3155 2004 3210 derio
2036 3162 2244 3209 tantum
2277 3154 2409 3206 boui
2436 3166 2502 3206 eo
2524 3159 2827 3220 provectus
2854 3160 2955 3209 est.
2991 3165 3047 3203 ut
3074 3165 3101 3203 a
3142 3148 3301 3204 Patre
3334 3162 3443 3203 non

181 3218 417 3319 ρηδξρίαν
462 3223 616 3293 ἔχειν
667 3224 807 3294 πρὸς
850 3225 941 3278 τὸν
990 3226 1213 3300 Πατέρα
1264 3228 1553 3301 διαφορὰν,
1605 3229 1743 3284 ἀλλὰ

1855 3246 2117 3312 differret,
2147 3246 2241 3301 sed
2267 3246 2523 3315 deinceps
2538 3218 2729 3297 dicere
2758 3252 2966 3312 posset.
2996 3261 3013 3294 ι
3035 3240 3136 3308 Qui
3174 3241 3308 3295 vidit
3334 3256 3444 3305 me,

177 3306 331 3362 λοιπὸν
361 3312 631 3366 δύνασθαι
666 3314 847 3381 λέγειν
869 3331 881 3343 ·
918 3334 935 3366 ι
980 3317 1038 3369 Ὀ
1068 3318 1333 3388 ἑωρακὼς
1366 3321 1491 3388 ἐμὲ,
1530 3319 1746 3388 ἑώρακε

177 3396 249 3451 τὸν
282 3401 517 3473 Πατέρα,
558 3426 581 3457 ι
611 3404 769 3457 οὐδὲν
803 3408 860 3459 ὲν
895 3406 1014 3477 Θεῷ
1046 3408 1189 3479 μέγα
1210 3447 1224 3472 ,
1258 3412 1305 3463 εί
1351 3411 1444 3463 καὶ
1486 3414 1597 3475 τοῖς
1623 3429 1749 3482 τρε-

179 3489 292 3561 πτὴν
333 3494 514 3564 ιχουσι
579 3499 679 3567 τὴν
743 3497 905 3566 φύσιν
959 3498 1138 3565 ἔξεστι
1196 3502 1540 3572 βουλομένοις
1607 3500 1748 3558 εἶναι

176 3584 309 3637 τοῦτο
344 3590 485 3643 κατὰ
518 3589 695 3659 φύσσν
719 3630 734 3654 ,
765 3592 904 3654 ὅπερ
934 3594 1141 3657 tuM;
1172 3596 1340 3647 ἐστιν.
1387 3596 1449 3649 El
1479 3596 1536 3649 δὲ
1569 3597 1748 3651 ἄϐατα

181 3680 427 3744 ’καλῶς
471 3684 632 3734 εστιν
680 3683 847 3754 ἑτέρα
872 3683 1032 3752 φύσει
1072 3686 1141 3739 τὰ
1184 3686 1286 3755 τῆς
1324 3686 1578 3759 θεότητος
1617 3688 1745 3755 ἴδια,

179 3767 328 3823 πάντα
370 3772 427 3824 δὲ
470 3772 659 3826 ταῦτα
698 3775 945 3842 φυσικῶς
991 3778 1049 3827 ὲν
1092 3774 1207 3847 Υίῷ
1255 3778 1528 3844 φαίνεται,
1561 3779 1749 3849 ὅμοιος

179 3858 267 3927 ἄρα
298 3864 408 3915 εστὶ
437 3866 589 3917 κατὰ
614 3865 794 3917 πᾶντα
817 3866 911 3919 τοῦ
947 3868 1183 3939 Πατρός·
1213 3870 1313 3922 ούκ
1340 3870 1403 3924 ἐκ
1435 3887 1583 3933 τινος
1614 3889 1748 3944 προ-

181 3950 326 4019 κοπῆς
374 3952 406 4023 ἢ
453 3954 807 4018 ἀλλοιώσεως
835 3956 935 4026 τῆς
974 3958 1055 4020 είς
1089 3958 1151 4011 τὸ
1184 3960 1403 4027 ἀγαθὸν.
1434 3963 1497 4015 ἐκ
1531 3962 1623 4016 τοῦ
1672 3966 1745 4036 μὴ

180 4043 391 4097 τοιούτου
433 4047 584 4117 ὅπερ
617 4047 766 4100 εστὶν
807 4048 1087 4120 ὑπάρχων,
1142 4051 1279 4105 ἀλλὰ
1316 4053 1521 4118 τέλειος
1565 4056 1631 4108 hc
1660 4072 1749 4109 τε·

180 4129 318 4196 λείου,
363 4139 456 4190 καὶ
492 4138 771 4208 ἄτρεπτος
798 4139 859 4204 ἐξ
886 4140 1160 4211 άτρέπτου
1204 4143 1418 4213 Πατρός
1443 4144 1743 4215 προελθών.

183 4221 284 4288 Πῶς
305 4228 408 4298 γάρ
432 4232 497 4283 οὐ
526 4230 739 4297 τέλειος
782 4234 811 4286 6
841 4233 939 4303 οὐχ
974 4234 1271 4305 ἁρπαγμὸν
1301 4236 1657 4308 ἡγησάμενος
1685 4240 1749 4293 τὸ

181 4308 297 4369 εἶναι
333 4321 417 4373 ἴσα
464 4320 625 4392 Θεῷς
677 4322 804 4387 Πῶς
848 4323 905 4376 δὲ
946 4325 1047 4377 οὐκ
1091 4325 1360 4397 ἄτρεπτος
1398 4329 1427 4381 6
1478 4329 1619 4399 μετὰ
1653 4329 1747 4383 τοῦ

184 4406 366 4482 Harpe;
392 4412 450 4466 ἓν
474 4413 583 4481 ὢν,
612 4413 760 4470 καθά
788 4432 955 4488 φησιν
983 4417 1176 4483 αὐτόςς

835 4530 1042 4584 ΔΛΛΟ.

239 4635 294 4691 El.
320 4642 380 4693 ἐκ
412 4641 517 4695 τοῦ
546 4641 764 4713 καρτοοῦ
799 4642 861 4696 τὸ
908 4643 1123 4715 δένδρον
1153 4646 1506 4715 γινώσκεται,
1536 4654 1749 4724 καρπὸς

182 4727 225 4781 δὲ
254 4732 341 4801 τῆς
372 4735 474 4789 τοῦ
504 4736 719 4806 Πατρός
747 4736 936 4800 οὐσίας
979 4739 1008 4791 6
1037 4738 1096 4803 ἐξ
1131 4739 1298 4793 αὐτοῦ
1336 4742 1615 4814 προελθὼν
1646 4746 1750 4800 Δό-

184 4837 279 4886 τος,
309 4828 590 4882 τουτέστιν
623 4831 653 4882 6
689 4828 816 4894 Υἱός
837 4844 853 4859 ⁸
883 4828 916 4901 ἢ
959 4830 1287 4886 ποιείτωσαν
1320 4836 1414 4887 καὶ
1444 4835 1504 4888 τὸ
1528 4836 1747 4909 δένδρον

186 4918 366 4988 σαπρὸν
385 4961 402 4986 ,
427 4920 678 4993 τρεπτῆς
716 4921 848 4977 αὐτὸ
876 4921 1092 4990 φύσεως
1123 4918 1263 4978 εἶναι
1301 4925 1550 4992 λέγοντες
1582 4927 1747 5001 (οὕτω

185 5010 275 5081 γὰρ
300 5012 583 5079 βούλονται
619 5012 714 5066 τὸν
747 5012 1007 5085 καρπὸν),
1059 5016 1093 5086 ἢ
1129 5019 1176 5069 εἰ
1228 5016 1392 5071 καλὸν
1428 5019 1643 5077 ποιοῦσι
1682 5022 1743 5076 τὸ

184 5098 388 5174 δένδρον,
417 5102 665 5157 τοιοῦτον
711 5101 853 5157 εἶναι
886 5106 1293 5160 πιστευέτωσαν
1327 5110 1420 5169 καὶ
1448 5110 1539 5163 τὸν
1567 5112 1625 5179 ἐξ
1650 5114 1747 5167 αύ-

184 5193 262 5247 τοῦ
291 5196 618 5268 προελθόντα
646 5198 859 5269 καρπὸν
878 5239 892 5263 ,
923 5200 984 5251 οὐ
1018 5200 1116 5269 τῆς
1147 5199 1539 5275 ἀλλοιουμένης
1565 5244 1579 5269 ,
1610 5206 1749 5261 ἄλλα

187 5286 265 5355 τῆς
284 5290 552 5360 ἀτρέπτου
576 5287 795 5358 φύσεως
831 5286 969 5346 εἶναι
999 5291 1363 5363 λογιζόμενοι,
1398 5296 1538 5354 καθὰ
1566 5299 1659 5352 καὶ
1688 5301 1749 5354 τὸ

186 5376 392 5452 δένδρον,

842 5482 1045 5535 AAAO.

256 5588 542 5661 Ἐροντῶντι
581 5592 840 5659 ⁴ἰδιλίππῳ
887 5594 981 5645 καὶ
1028 5592 1271 5662 λέγοντι*
1331 5614 1347 5646 ι
1391 5596 1575 5662 Δεῖξον
1620 5598 1750 5669 ἡμῖν

187 5672 262 5728 τὴν
305 5680 557 5753 Πατέρα,
611 5700 629 5731 ι
681 5683 921 5751 Χριστὸς
977 5684 1365 5756 ἀποκρίνεται⁸
1432 5704 1451 5739 ι
1496 5686 1752 5758 Τοσούτῳ

246 5836 285 5868 ’⁸
304 5836 447 5895 Joan.
486 5859 565 5897 tit
585 5884 598 5908 ,
636 5843 687 5897 9.

774 5839 973 5896 "Joan.
1010 5860 1062 5906 ι,
1098 5844 1185 5899 30.
1267 5848 1309 5878 ³⁷
1364 5844 1597 5917 Philipp.
1628 5862 1687 5915 tt,
1717 5846 1769 5901 6.

1852 3340 1989 3395 vidit
2019 3347 2075 3394 et
2110 3339 2327 3392 Patrem
2369 3378 2384 3403 ,
2421 3354 2440 3387 ι
2472 3334 2606 3390 nihil
2650 3335 2701 3389 in
2736 3350 2802 3389 eo
2833 3336 3013 3403 magni
3068 3348 3135 3389 ac
3197 3332 3441 3403 praeclari

1850 3442 1958 3496 est,
1986 3432 2032 3487 si
2057 3432 2221 3487 etiam
2259 3430 2326 3484 iis
2360 3430 2453 3499 qui
2488 3426 2763 3481 mutabilis
2791 3436 2999 3480 natura:
3021 3434 3149 3480 sunt
3176 3425 3446 3492 integrum

1851 3530 1959 3593 est,
1988 3535 2113 3577 cum
2146 3520 2334 3584 velint,
2367 3519 2510 3575 idem
2543 3527 2738 3571 natura
2779 3516 2895 3571 ﬂori
2938 3516 3082 3586 quod
3114 3516 3201 3570 ille
3229 3525 3333 3569 est.
3375 3515 3447 3567 At
3534 3522 3544 3527 '

1852 3626 1983 3667 vero
2004 3612 2055 3667 si
2072 3627 2193 3682 quas
2218 3610 2405 3668 deitati
2434 3618 2559 3665 sunt
2584 3611 2825 3679 propria,
2855 3607 3009 3663 alteri
3037 3608 3213 3662 cuivis
3238 3617 3447 3661 naturae

1853 3703 2130 3760 inaccessa
2168 3716 2395 3776 prorsus
2427 3692 2553 3757 sunt
2585 3717 2600 3757 :
2629 3700 2812 3754 omnia
2852 3711 3032 3754 autem
3074 3700 3191 3755 hzec
3224 3709 3449 3752 natura-

1854 3797 1977 3853 liter
2009 3798 2062 3871 in
2096 3794 2233 3851 Filio
2267 3805 2566 3865 apparent;
2600 3793 2796 3848 similis
2824 3792 3003 3861 itaque
3032 3804 3114 3847 est
3143 3800 3236 3862 p‘er
3262 3792 3443 3847 omnia

1852 3890 1999 3949 Patri
2034 3907 2048 3944 :
2088 3903 2192 3945 non
2221 3904 2288 3943 ex
2319 3889 2497 3957 aliqua
2532 3884 2915 3957 progressione
2963 3885 3077 3939 sive
3097 3883 3446 3954 promotione

1853 3982 2280 4050 alterationeque
2313 3982 2364 4033 in
2398 3964 2600 4034 bonum
2637 3993 2703 4032 ex
2750 3992 2814 4032 eo
2850 3979 2993 4049 quod
3039 3991 3147 4036 non
3178 3982 3317 4041 erat,
3350 3978 3445 4029 sed

1852 4073 2123 4145 perfectus
2149 4087 2215 4128 ex
2239 4072 2501 4142 perfecto,
2539 4081 2595 4125 et
2630 4070 2988 4133 immutabilis
3022 4083 3087 4123 ex
3118 4067 3447 4122 immutabili

1849 4164 2016 4223 Patre
2038 4164 2359 4236 procedens.
2398 4164 2678 4230 Quomodo
2710 4162 2857 4218 enim
2888 4176 2995 4216 non
3047 4162 3119 4218 sit
3145 4160 3447 4233 perlectus.

1852 4256 1944 4326 qui
1982 4271 2089 4310 non
2124 4256 2369 4326 rapinam
2423 4254 2724 4315 arbitratus
2770 4263 2853 4309 est
2902 4268 3023 4308 esse
3071 4269 3130 4309 se
3179 4253 3448 4323 aequalem

1856 4349 1965 4403 Deo
1992 4347 2078 4401 "’?
2104 4347 2212 4401 Aut
2242 4346 2514 4416 quomodo
2547 4361 2651 4400 non
2674 4346 2746 4401 sit
2779 4345 3160 4411 immutabilis,
3191 4345 3281 4415 qui
3316 4358 3441 4399 cum

1854 4440 2015 4501 Patre
2040 4454 2204 4502 unum
2238 4448 2345 4499 est.
2378 4448 2438 4493 ut
2468 4439 2581 4506 ipse
2606 4438 2783 4512 dicit?

2542 4550 2772 4608 ALIUD.

1930 4662 1989 4719 Si
2022 4677 2089 4718 ex
2123 4664 2299 4720 fructu
2330 4666 2495 4720 arbor
2528 4666 2877 4736 cognoscitur
2902 4666 2972 4731 ",
3010 4666 3221 4723 fructus
3262 4676 3448 4723 autem

1853 4757 2110 4811 essentia:
2139 4755 2317 4810 Patris
2344 4765 2425 4810 est
2456 4756 2763 4826 procedens
2785 4772 2849 4812 ex
2887 4758 3004 4827 ipso
3040 4759 3299 4823 Verbum,
3346 4760 3453 4816 hoc

1852 4855 1957 4909 est,
1984 4845 2155 4900 Filius
2183 4864 2196 4901 :
2226 4856 2318 4902 aut
2341 4848 2593 4903 arborem
2631 4858 2845 4919 putrem
2881 4866 3003 4905 esse
3027 4861 3293 4913 statuant,
3331 4867 3451 4906 mu-

1854 4934 2035 4991 tabilis
2070 4935 2215 4992 illam
2250 4946 2455 4993 natura;
2484 4952 2605 4992 esse
2656 4940 2899 4994 dicentes
2944 4940 3060 5010 (ita
3094 4941 3236 4996 enim
3262 4941 3453 4996 volunt

1852 5025 2086 5083 fructum
2124 5042 2245 5084 esse
2267 5028 2310 5099 ),
2347 5038 2439 5082 aut
2464 5030 2510 5083 si
2544 5030 2741 5085 bonam
2773 5033 3026 5087 arborem
3052 5044 3175 5087 esse
3200 5043 3450 5102 censent,

1859 5121 2019 5174 talem
2050 5122 2212 5177 etiam
2244 5138 2363 5177 esse
2396 5123 2619 5177 credant
2648 5124 2880 5179 fructum
2916 5126 3007 5194 qui
3039 5141 3101 5181 ex
3137 5140 3199 5179 ea
3232 5124 3452 5194 profer-

1859 5223 1990 5269 tur:
2038 5230 2144 5271 non
2193 5217 2509 5280 immutatae,
2542 5219 2637 5272 sed
2686 5218 3041 5275 immutabilis
3080 5230 3291 5277 natura:
3332 5235 3458 5279 esse

1859 5315 2166 5370 censentes,
2194 5307 2333 5362 sicut
2360 5307 2613 5365 arborem
2640 5310 2837 5381 ipsam.

2547 5484 2775 5543 ALIUD.

1934 5596 2289 5669 interroganti
2343 5598 2588 5669 Philippo
2620 5610 2675 5654 et
2706 5600 2927 5668 dicenti,
2965 5618 2984 5653 ι
3012 5601 3249 5658 Ostende
3297 5602 3454 5658 nobis

1862 5689 2111 5757 Patrem,
2154 5711 2171 5744 ι
2217 5691 2465 5749 Christus
2515 5696 2800 5764 respondet
2848 5713 2861 5748 :
2914 5714 2933 5748 ι
2988 5696 3163 5751 Tanto
3210 5706 3455 5768 tempore

1852 5848 1896 5879 "
1924 5846 2053 5907 Luc.
2083 5868 2152 5916 vt,
2198 5852 2275 5907 ii.
