3968 6472
232 439 314 494 ΞΠ
1671 422 2114 482 TIIESAL'RL'S.

3411 393 3516 448 218

234 558 501 628 ﬁnitiva.
536 557 744 627 μισθὸν
777 558 890 628 τὴν
925 554 1167 623 υίότητα,
1201 552 1294 605 καὶ¹
1322 550 1382 603 :6
1424 545 1564 602 εἶναι
1599 549 1816 616 σοφίαν,

1927 541 2327 599 culosissimum
2379 535 2573 589 Filium
2607 526 2923 585 mutationis
2949 534 3204 592 estpacem
3237 530 3390 580 esse,
3423 522 3517 568 aut

2338 627 2342 628 ν
2509 624 2518 628 -
2602 604 2614 611 ’
2935 617 2946 628 ι
3121 610 3342 628 ,Αληε-ΑΑ
3377 607 3513 628 ἠ’-Δ

232 652 312 702 καὶ
329 650 515 718 Λόγον,
544 651 644 703 καὶ
667 648 841 704 Θεόν.
874 650 1174 717 ’Δτρεπτος
1204 643 1314 715 γὰρ
1343 642 1437 694 καὶ
1461 640 1823 700 ἀναλλοίωτος

232 738 313 802 ὢν,
338 741 516 812 δμοιός
545 743 671 794 ἐστι
705 738 863 794 κατά
895 738 1074 792 πάντα
1104 733 1179 806 τῷ
1213 732 1588 803 γεγεννηκότι.

239 1049 417 1109 ΑΛΛΟ,
459 1046 554 1100 δτι
605 1049 731 1100 οὐκ
767 1044 839 1110 ἐξ
871 1041 1247 1106 ἀλλοιώσεως
1271 1039 1376 1106 τῆς
1410 1037 1530 1094 ἀπὸ
1558 1037 1663 1110 τοῦ
1703 1038 1823 1110 xei:

285 1105 458 1185 ρονος
505 1117 605 1170 ἐπὶ
645 1117 719 1168 τὸ
762 1105 1035 1185 dits-mor,
1063 1105 1264 1182 ὅμοιός
1303 1105 1476 1164 ἐστιν
1502 1111 1534 1164 ὀ
1574 1105 1711 1172 mi:
1741 1105 1823 1172 τῷ

293 1187 490 1254 llarpi,
523 1184 705 1240 ἀλλὰ
745 1184 1042 1254 φυσικῶς.

295 1317 349 1368 ει
371 1319 425 1367 ὲν
453 1320 645 1388 μορφῇ
676 1316 823 1370 Θεοῦ
849 1315 1108 1386 ὑπάρχων
1132 1314 1322 1367 ἑαυτὸν
1341 1312 1577 1366 ὲκένωσε
1606 1311 1822 1383 μορφὴν

230 1409 399 1461 δούλου
438 1408 664 1472 λαϐὼν,
717 1406 974 1462 τοσοῦτον
1015 1406 1079 1460 ἂν
1121 1406 1291 1473 δόξειε
1327 1408 1426 1476 τῆς
1471 1404 1612 1458 κατὰ
1660 1402 1822 1472 φύσιν

231 1503 371 1566 ἀξίας
404 1501 846 1571 ὐπϐεόηκὲναι,
879 1503 1018 1572 ὅπερ
1042 1503 1107 1553 ἂν
1133 1499 1327 1569 ὀφθείη
1360 1499 1576 1552 κεῖσθαι
1616 1497 1820 1568 μεταξὺ

230 1595 348 1647 θεοῦ
376 1597 468 1648 καὶ
493 1593 826 1665 ἀνθρώπου.
854 1595 930 1647 οὐ
951 1594 1061 1663 γὰρ
1089 1588 1158 1662 ἦν
1191 1592 1290 1662 μὲν
1320 1591 1586 1662 πρότερον
1618 1587 1824 1658 ἄνθρωσ

232 1702 336 1749 πος,
370 1687 565 1753 γέγονε
606 1685 671 1739 δὲ
715 1685 945 1753 ὕστερον
971 1686 1000 1738 ό
1035 1683 1189 1746 Θεὸς,
1232 1682 1367 1735 ἀλλὰ
1391 1681 1522 1745 Θεὸς
1550 1679 1625 1734 ὣν
1662 1680 1823 1750 γέγοο

230 1795 306 1830 νεν
343 1778 674 1848 ἄνθρωπος·
715 1778 828 1848 ἔχει
873 1777 1051 1830 τοίνυν
1098 1776 1252 1830 οὐδὲν
1302 1778 1382 1839 είς
1425 1775 1704 1846 βελτίωσιν
1759 1774 1822 1826 ἑκ

1926 649 2045 688 eam
2080 631 2235 684 boote
2263 624 2553 681 voluntatis
2593 607 2704 676 sure
2737 617 3038 674 mercedem
3073 610 3346 679 accepisse
3372 607 3516 674 quod

1927 724 2000 777 sit
2034 721 2221 786 Filius,
2250 727 2304 772 et
2336 715 2628 786 sapientia,
2664 725 2718 765 et
2750 707 2986 764 Verbum
3020 715 3072 759 et
3121 703 3284 756 Deus.
3326 696 3519 752 Oittnis

1925 816 2067 869 enim
2099 811 2418 866 mutationis
2451 805 2904 872 alterationisque
2932 813 3152 868 expers,
3183 793 3382 863 similis
3421 803 3520 859 per

1923 905 2105 960 Ottiuia
2131 912 2214 957 est
2243 915 2344 958 suo
2372 898 2638 954 Geuitori.

1927 1035 2162 1099 ALIUD,
2193 1033 2334 1103 quod
2371 1047 2476 1086 non
2503 1045 2594 1103 per
2629 1018 3345 1103 alteratignerngldeteriori
3374 1025 3517 1103 statu

1997 1087 2718 1173 in'prit's'tantiorem'similis
2735 1098 2799 1150 sit
2829 1094 2978 1148 Patri
2997 1090 3199 1152 Filius,
3230 1087 3321 1144 sed
3351 1094 3514 1140 natu-

1995 1179 2201 1231 raliter.

1997 1310 2053 1363 Si
2086 1311 2136 1363 in
2164 1309 2335 1361 forma
2371 1303 2465 1358 Dei
2499 1301 2770 1357 exsistens
2801 1296 3036 1362 seipsum
3076 1285 3373 1344 exiuanivit
3411 1286 3520 1338 lor-

1927 1418 2069 1456 mam
2111 1398 2255 1454 servi
2277 1396 2573 1464 accipiens,
2594 1397 2803 1445 tantum
2834 1383 3003 1440 videri
3026 1381 3201 1451 possit
3223 1395 3252 1432 a
3282 1375 3515 1440 naturali

1925 1488 2188 1559 dignitate
2219 1483 2537 1544 recessisse,
2567 1489 2833 1550 quantum
2869 1470 3212 1528 discriminis
3253 1476 3339 1522 est
3373 1467 3519 1518 inter

1929 1582 2092 1635 Deum
2124 1587 2180 1634 et
2226 1576 2522 1632 hominem.
2578 1571 2763 1638 Neque
2798 1567 2943 1620 enim
2986 1576 3104 1616 erat
3142 1561 3293 1630 prius
3335 1560 3516 1620 homo,

1924 1681 2221 1742 posteaque
2253 1666 2427 1721 factus
2452 1675 2537 1718 est
2569 1661 2749 1725 Deus;
2781 1658 2873 1713 sed
2923 1655 3063 1708 Dens
3091 1668 3212 1707 cum
3241 1659 3407 1712 esset,
3440 1647 3520 1700 la-

1924 1778 2044 1819 ctus
2067 1773 2150 1817 est
2183 1761 2345 1815 homo
2378 1776 2392 1812 :
2436 1755 2570 1811 nihil
2602 1755 2789 1822 itaque
2827 1748 3056 1817 majoris
3092 1743 3419 1815 pra-stantum
3452 1755 3518 1794 ex

230 1871 416 1924 τούτων
445 1831 476 1925 3
503 1831 796 1924 4.0.55.3:
830 1869 1024 1938 Λόγος.
1057 1870 1119 1922 ει
1159 1869 1215 1922 δὲ
1258 1831 1526 1937 meo...
1578 1867 1816 1935 λέγεται,

1929 1857 2028 1910 hac
2061 1870 2117 1908 re
2156 1852 2334 1907 Verbo
2365 1847 2617 1904 accessit.
2655 1845 2712 1899 Si
2748 1857 2875 1896 vero
2921 1839 3194 1894 exaltatus
3228 1849 3351 1887 esse
3381 1831 3520 1886 diei-

230 1963 312 2014 ral
333 1963 388 2016 ὲν
406 1963 562 2028 τάξει
589 1962 942 2033 χαρίσματος
965 1962 1026 2014 τὸ
1047 1960 1190 2032 ὑπὲρ
1215 1961 1322 2013 πᾶν
1345 1959 1518 2030 ὄνομα
1541 1957 1816 2028 δέχεσθαι,

231 2055 299 2116 τις
326 2056 501 2107 ἐκεῖνο
522 2053 780 2124 δηλονότι
814 2052 953 2123 μετὰ
973 2052 1175 2123 σαρκὸς
1201 2052 1562 2120 ἐπανάγεται,
1578 2053 1658 2115 είς
1683 2051 1822 2121 ὅπερ

229 2140 288 2214 ἦν
307 2146 397 2198 καὶ
422 2144 552 2217 δίχα
584 2144 818 2216 σαρκός.
838 2144 951 2198 Καὶ
980 2143 1144 2207 αὐτὸς
1169 2143 1229 2197 δέ
1254 2142 1357 2197 πού
1381 2159 1515 2213 φησι
1539 2162 1548 2171 ·
1580 2142 1818 2212 «Πάτερ,

229 2235 434 2299 δόξασόν
466 2254 538 2306 με
567 2240 640 2307 τῇ
672 2236 801 2308 δόξῃ
824 2231 1021 2308 ᾖεῖχον
1054 2235 1163 2308 πρὸ
1191 2235 1284 2288 τοῦ
1316 2233 1408 2287 τὸν
1439 2235 1646 2304 κόσμον
1676 2229 1816 2287 εἶναι

233 2328 367 2398 παρὰ
403 2328 508 2384 σοί.
548 2347 570 2379 ι
607 2327 752 2384 Ποία
784 2327 841 2381 δὲ
874 2323 941 2397 ἢν
973 2329 1006 2398 η
1050 2327 1157 2397 1:96
1189 2325 1284 2380 τοῦ
1321 2327 1530 2396 κόσμου
1564 2324 1691 2390 δόξα
1724 2323 1819 2378 τοῦ

233 2418 379 2484 Tim};
411 2420 486 2472 T6
510 2423 572 2473 ὲν
611 2422 797 2491 μορφῇ
823 2419 927 2474 τοῦ.
949 2419 1163 2490 Πατρὺς
1194 2419 1482 2489 ὑπάρχειν.
1516 2417 1684 2472 Οὐδὲν
1711 2419 1820 2489 ἄρα

232 2511 338 2565 ἐστὶ
362 2513 422 2564 τὸ
449 2510 510 2574 ἐξ
541 2511 894 2574 ἀλλοιώσεως
917 2511 1012 2565 καὶ
1039 2510 1249 2580 τροπῆς
1275 2509 1375 2579 τῆς
1399 2510 1491 2562 ἐπὶ
1514 2510 1575 2563 τὸ
1597 2510 1819 2578 ἄμεινον

234 2603 516 2672 προστεθὲν
551 2603 636 2674 τῷ
677 2603 792 2672 Υίῷ
817 2646 832 2668 ,
860 2602 973 2656 ἀλλ’
1004 2605 1036 2672 ὴ
1076 2604 1134 2653 ὲν
1163 2601 1504 2672 χαρίσματος
1541 2601 1692 2666 τάξει
1723 2599 1818 2653 νῦν

233 2694 368 2764 αὖῷ
388 2696 651 2765 διδομένη
687 2694 815 2761 δόξα
841 2693 935 2747 καὶ
955 2691 1182 2763 ὖψωσις,
1211 2691 1362 2755 λύσις
1396 2693 1513 2745 ἐστὶ
1540 2692 1642 2760 τῆς
1679 2692 1818 2761 μετᾶ

234 2786 419 2857 σαρκὸς
452 2787 704 2852 ἀδοξίας,
725 2785 824 2854 τὴν
853 2784 963 2838 ἀπὸ
986 2785 1084 2853 τῆς
1113 2783 1209 2836 τοῦ
1238 2783 1423 2836 δούλου
1457 2783 1670 2854 μορφῆς
1702 2783 1817 2834 ἀτι-

237 2879 351 2947 μίαν
385 2879 814 2948 ιξαφανίζουσα.
839 2877 1073 2945 Λέγεται
1106 2874 1164 2929 δὲ
1192 2873 1428 2928 δίδοσθαι
1463 2873 1635 2927 ταῦτα
1667 2873 1819 2944 παρὰ

235 2970 449 3042 Πατρός.
482 2969 610 3040 Θεῷ
636 2971 745 3040 γὰρ
779 2968 958 3022 πάντα
985 2967 1053 3020 τὰ
1083 2968 1222 3038 ὑπὲρ
1260 2966 1657 3038 ἀνθρωπὸτητα
1683 2967 1816 3020 διοι-

234 3064 335 3114 κεῖν
381 3062 756 3132 οίκειότερον,
802 3060 902 3111 οὐκ
949 3057 1052 3124 ἔξω
1099 3059 1197 3128 τῆς
1245 3056 1452 3110 τούτων
1505 3056 1817 3126 οίκονομίας

235 3152 561 3222 ὖπάρχοντος
593 3151 686 3205 τοῦ
718 3150 848 3203 Υἱοῦ
877 3149 1019 3202 κατὰ
1041 3151 1138 3218 τὴν
1163 3152 1260 3220 τῆς
1282 3148 1537 3217 θεότητος
1565 3147 1812 3220 ἑνότητα,

236 3243 275 3294 tl
299 3246 389 3296 καὶ
415 3243 738 3308 ἰδιαζόντως
770 3241 901 3306 Υἱός
925 3242 1070 3294 ἐστιν
1099 3240 1174 3305 ὡς
1209 3239 1345 3312 πρὸς
1381 3239 1619 3310 Πατέρα.

690 3448 895 3512 ΑΛΛΟ,
938 3449 1024 3508 εις
1064 3447 1130 3500 τὸ
1167 3447 1336 3502 αὐτό.

299 3564 355 3616 Ei
425 3564 552 3617 καθ’
607 3566 774 3633 ὑμᾶς,
821 3564 909 3616 ὅτε
961 3561 1324 3614 ἐταπείνωσεν
1371 3560 1584 3625 ἑαυτὸν,
1649 3560 1816 3630 ὑπερ-

237 3652 431 3722 υοᾷὡθη,
485 3654 582 3707 διὰ
610 3653 770 3707 τοῦτο
804 3653 901 3707 καὶ
943 3650 1206 3724 ἐχαρίσθη
1243 3649 1392 3721 αὐτῷ
1437 3651 1498 3704 τὸ
1544 3650 1714 3721 ὄνομα
1757 3650 1818 3703 τὸ

239 3744 363 3814 ὑπὲρ
397 3749 503 3799 πᾶν
545 3746 738 3815 δνομα,
785 3745 1052 3806 τουτέστι,
1089 3743 1353 3811 κέκληται
1407 3742 1558 3816 Θεδς,
1598 3743 1690 3796 καὶ
1729 3743 1817 3795 διὰ

236 3836 379 3892 τοξτο
421 3840 658 3910 ὲχρίσθη
701 3838 799 3892 καὶ
839 3838 968 3900 Υἱὸς
997 3835 1313 3906 ὠνομάσθη.
1348 3835 1454 3905 1:96
1485 3835 1587 3903 τῆς
1617 3852 1816 3888 ταπει-

238 3929 440 3995 νώσεως
474 3932 691 4001 ἀνάγκη
722 3930 903 3999 λέγειν
931 3930 1030 3982 οὐκ
1059 3923 1199 3981 εῖναι
1233 3927 1409 3981 ταῦτα
1438 3927 1531 3979 τὸν
1558 3927 1652 3979 τοῦ
1679 3926 1814 3979 Θεοῦ

238 4023 426 4089 ,λόγον’
470 4024 597 4077 οὐδὲ
639 4027 751 4092 γὰρ
784 4023 850 4076 ἂν
877 4022 1087 4088 δέξαιτό
1129 4038 1212 4084 τις
1248 4021 1386 4090 ὅπερ
1433 4020 1545 4089 ἔχει
1595 4018 1690 4073 καὶ
1741 4019 1815 4089 μὴ

240 4114 420 4172 λαϐὼν.
484 4116 600 4168 Kal.
634 4118 683 4167 εἰ
731 4115 838 4186 1:96
893 4113 1001 4167 τῶν
1034 4115 1133 4184 τῆς
1175 4112 1562 4173 ταπεινώσεως
1605 4110 1816 4182 χρόνων

240 4207 539 4274 εὑρίσκεται
588 4206 766 4274 λέγων
817 4207 954 4276 πρός
996 4223 1145 4270 τινας
1191 4206 1357 4269 Θεός·
1399 4224 1416 4256 ι
1457 4204 1601 4272 Ἐγὼ
1646 4200 1812 4256 εἶπα·

239 4294 347 4350 Θεοί
394 4299 538 4361 ὲστε,
598 4297 692 4351 καὶ
729 4298 835 4350 υίο)⁸
886 4297 1162 4366 Ὑψίστου,
1197 4324 1215 4347 ι
1266 4295 1451 4348 πολλοὶ
1497 4294 1604 4364 πρὸ
1650 4294 1814 4348 αὐτοῦ

241 4387 508 4452 φαίνονται
543 4388 829 4456 γεγονότες
877 4389 982 4440 υἱοὶ
1017 4387 1112 4440 καὶ
1153 4386 1284 4440 θεοί.
1323 4386 1449 4448 Πῶς
1490 4382 1584 4439 οὖν
1614 4384 1814 4454 ἀληθὲς

239 4480 309 4532 ὅτι
339 4483 515 4535 πάντα
540 4480 607 4532 δι’
639 4479 806 4534 αὑτοῦ
831 4479 1046 4547 ἐγένετο
1071 4497 1084 4544 ;
1128 4482 1251 4541 uti);
1275 4478 1329 4530 δὲ
1367 4478 1530 4539 αὑτός
1570 4479 1684 4529 ἔστι
1709 4477 1815 4547 πρὸ

240 4573 443 4626 πάντων
494 4572 724 4634 πολλοὺς
755 4571 891 4640 ἔχων
923 4572 1028 4639 πρὸ
1058 4567 1262 4633 αὐτοῦς
1299 4568 1419 4631 Πῶς
1451 4567 1507 4620 δὲ
1544 4567 1639 4619 καὶ
1672 4584 1816 4637 πρω-

1925 1961 2033 2011 tur,
2083 1955 2141 2000 et
2182 1945 2355 1998 instar
2389 1940 2516 1994 doni
2554 1951 2749 1992 nomen
2800 1949 2964 2003 super
3000 1942 3162 1984 omne
3196 1940 3390 1980 nomen
3423 1939 3519 1976 ac-

1921 2039 2154 2109 cepisse,
2202 2035 2258 2090 in
2295 2033 2424 2087 illud
2461 2030 2650 2100 procul
2691 2027 2858 2081 dubio
2903 2024 3156 2079 evehitur
3199 2033 3321 2072 cum
3354 2029 3521 2072 carne

1923 2107 2066 2200 quod
2089 2135 2208 2184 erat
2225 2121 2793 2195 ahsquecarnealpse
2820 2132 2952 2171 vero
2968 2115 3130 2168 etiam
3157 2109 3281 2165 alibi
3311 2107 3517 2176 inquit:

1928 2199 1953 2277 «ί
1981 2223 2164 2285 Pater,
2210 2216 2451 2290 gloriﬁca
2501 2229 2585 2268 me
2627 2211 2795 2282 gloria
2828 2207 2913 2262 illa
2955 2220 3118 2276 quam
3166 2201 3327 2258 habui
3379 2199 3521 2266 apud

1924 2325 1977 2371 te
2010 2327 2308 2382 antequam
2332 2308 2566 2362 mundus
2595 2314 2744 2360 esset
2767 2302 2836 2358 δ’.
2862 2320 2882 2354 1
2913 2300 3173 2366 Qntenam
3201 2305 3378 2348 autem
3402 2301 3522 2346 erat

1921 2407 2094 2479 gloria
2127 2394 2254 2460 Filii
2285 2412 2411 2457 ante
2438 2399 2773 2456 creationem
2824 2391 3056 2447 mundi?
3107 2387 3361 2444 Profecto
3395 2401 3520 2441 esse

1923 2478 1975 2556 in
2010 2501 2182 2555 forma
2210 2496 2410 2552 Patris.
2448 2491 2593 2547 Nihil
2625 2489 2796 2560 igitur
2820 2496 2902 2541 est
2929 2484 3073 2552 quod
3117 2496 3183 2535 ex
3218 2478 3519 2532 mutatione

1922 2594 1976 2647 in
2011 2593 2202 2647 melius
2233 2589 2373 2643 Filio
2404 2584 2634 2639 accessit
2662 2601 2674 2637 :
2703 2581 2797 2635 sed
2828 2577 3000 2648 gloria
3037 2586 3089 2629 et
3118 2573 3373 2627 exaltatio
3400 2586 3521 2641 qua:

1922 2685 1996 2739 illi
2032 2684 2202 2737 instar
2238 2679 2364 2734 doni
2399 2690 2543 2729 nunc
2585 2671 2782 2726 collata
2832 2678 2938 2734 est,
2977 2663 3200 2718 vilitatis
3234 2677 3353 2731 qua:
3395 2677 3519 2717 car-

1920 2791 2042 2832 nem
2110 2774 2472 2829 comitabatur
2533 2765 2758 2821 abolitio
2821 2772 2943 2824 est,
3008 2766 3382 2826 contemptum
3451 2756 3522 2807 ob

1920 2866 2060 2922 servi
2098 2864 2328 2918 formam
2373 2869 2711 2928 assumptam
2760 2855 2969 2909 delens.
3032 2851 3295 2907 Dicuntur
3338 2859 3519 2902 autem

1919 2963 2037 3014 hzec
2064 2959 2186 3012 data
2219 2971 2248 3009 a
2291 2955 2479 3016 Patre,
2512 2952 2637 3021 quia
2668 2949 3084 3004 conveniendus
3109 2953 3194 3002 cst
3240 2944 3522 3013 magisque

1919 3049 2198 3119 proprium
2245 3061 2308 3100 ca
2352 3059 2475 3114 qua:
2517 3058 2681 3111 supra
2730 3041 3122 3094 humanitatem
3168 3046 3296 3092 sunt
3335 3051 3363 3089 a
3409 3032 3522 3087 Deo

1919 3138 2321 3201 administrari,
2349 3153 2453 3190 non
2480 3136 2702 3189 excluso
2730 3143 2908 3188 tamen
2929 3131 3226 3188 secundum
3258 3128 3520 3182 unitatem

1842 3234 1887 3294 C
1920 3233 2135 3288 deitatis
2163 3233 2231 3284 ab
2275 3231 2376 3284 hac
2412 3227 2890 3283 administratione
2928 3225 3065 3279 Filio
3091 3265 3106 3288 ,
3170 3219 3384 3276 tametsi
3426 3230 3526 3289 pe-

1923 3323 2204 3380 culiariter
2239 3322 2470 3377 exsistat
2501 3319 2672 3374 Filius
2702 3319 2766 3372 ad
2798 3318 3014 3371 Patrem
3047 3316 3274 3370 relatus.

2231 3433 2469 3501 ALIUD,
2518 3436 2573 3487 in
2605 3437 2840 3488 eamdem
2874 3433 3204 3486 sententiam.

1995 3551 2074 3614 Si,
2109 3550 2264 3619 juxta
2309 3557 2545 3602 vestram
2607 3547 2945 3615 Opinionem,
2999 3546 3219 3614 quando
3281 3541 3521 3612 seipsutn

1925 3639 2231 3694 humiliavit
2273 3636 2707 3705 supet'exaltatus
2772 3649 2875 3700 est,
2930 3644 2984 3690 el.
3020 3644 3300 3705 propterea
3350 3634 3520 3688 dona-

1923 3737 2032 3781 tum
2057 3730 2207 3780 eiest
2241 3741 2433 3780 nomen
2464 3741 2630 3794 super
2664 3741 2824 3778 omne
2857 3741 3078 3790 nomen,
3117 3726 3215 3777 hoc
3243 3734 3347 3784 est.
3383 3724 3523 3779 Deus

1925 3830 2156 3875 voratus
2186 3829 2290 3882 est,
2317 3829 2372 3874 et
2399 3827 2684 3889 prapterea
2707 3817 2870 3872 etiam
2898 3827 3094 3871 unctus
3123 3826 3205 3871 est
3234 3817 3522 3885 dictusque

1923 3911 2126 3978 Filius;
2168 3902 2536 3965 necessarium
2575 3910 2733 3980 plane
2769 3920 2852 3962 est
2908 3918 2966 3962 ut
3007 3909 3252 3962 dicamus
3289 3907 3520 3962 Verbum

1921 4003 2015 4057 Dei
2047 4014 2172 4056 ante
2205 4002 2618 4056 humilationem
2651 4002 2753 4054 hoc
2784 4017 2890 4054 non
2923 4000 3125 4054 fuisse:
3163 4015 3339 4068 neque
3373 4000 3518 4051 enim

1919 4093 2191 4162 acceperit
2221 4093 2344 4164 quis
2374 4093 2424 4145 id
2458 4093 2600 4161 quod
2651 4092 2814 4145 habet
2849 4092 3014 4144 etiam
3057 4105 3180 4143 cum
3226 4108 3330 4144 non
3365 4105 3520 4143 acce-

1922 4186 2083 4254 perit.
2119 4183 2184 4237 Et
2238 4184 2283 4238 si
2334 4196 2462 4237 ante
2510 4182 2902 4237 humiliationis
2957 4191 3201 4249 tempora
3255 4182 3520 4249 reperitur

1923 4274 2061 4327 Deus
2112 4274 2238 4328 alibi
2289 4273 2363 4327 ita
2415 4273 2655 4327 dicens:
2709 4291 2727 4323 ι
2759 4272 2870 4342 Ego
2920 4271 3030 4325 dixi
3080 4286 3093 4324 :
3135 4272 3212 4324 Dii
3260 4272 3414 4336 estis,
3471 4284 3519 4325 et

1920 4367 2012 4420 lilii
2051 4364 2261 4420 Excelsi
2293 4381 2480 4419 omnes
2501 4363 2579 4429 “,
2617 4384 2634 4416 ι
2671 4365 2820 4417 multi
2861 4377 3009 4419 certe
3050 4374 3175 4418 ante
3208 4366 3382 4434 ipsum
3424 4382 3519 4433 ap-

1918 4469 2108 4529 parent
2147 4457 2276 4512 facti
2311 4472 2431 4512 esse
2460 4455 2554 4511 lilii
2588 4466 2644 4512 et
2677 4457 2771 4512 dii.
2809 4457 3093 4523 Quomodo
3124 4459 3289 4527 igitur
3322 4473 3516 4511 verum

1922 4558 2025 4614 est,
2057 4549 2240 4602 omnia
2272 4564 2367 4618 per
2385 4547 2560 4618 ipsum
2599 4547 2743 4601 facta
2778 4547 2942 4602 esse?
2967 4546 3077 4602 Aut
3100 4548 3372 4615 quomodo
3409 4547 3520 4616 ipse

238 4663 440 4728 τότοκος
491 4666 676 4734 πάσης
705 4630 937 4724 κτίσεως
957 4630 980 4725 ς’
1022 4661 1133 4714 Καὶ
1170 4663 1219 4713 εί
1252 4630 1405 4731 1:96;
1441 4659 1672 4729 μίμησιν
1715 4630 1811 4710 τοῦ

1927 4640 1990 4695 sit
2014 4651 2140 4694 ante
2165 4641 2369 4704 omnia,
2402 4655 2524 4694 cum
2557 4638 2706 4691 nmlti
2740 4639 2832 4690 illo
2857 4641 3072 4707 priores
3094 4639 3242 4692 sint?
3261 4646 3368 4692 Aut
3387 4655 3521 4708 quo-

239 4757 366 4810 κατὰ
400 4757 566 4826 φύσιν
601 4755 732 4809 Υίοῦ
763 4755 1004 4808 τίθενται
1052 4753 1147 4805 καὶ
1196 4754 1248 4805 οἱ
1296 4754 1438 4804 κατὰ
1484 4753 1665 4822 χάριν,
1696 4750 1816 4813 πῶς

238 4842 368 4901 οὗτοι
398 4848 505 4919 πρὸ
531 4845 628 4899 τοῦ
655 4845 795 4898 κατὰ
825 4843 1019 4912 φύσινς
1050 4842 1160 4896 Καὶ
1191 4843 1238 4894 εί
1264 4840 1358 4893 τοῦ
1393 4840 1522 4893 Tia-3
1557 4840 1814 4910 μετέχον-

238 4955 318 5003 τες
347 4937 744 5009 υίοποιούμεθα
768 4936 836 4988 δι’
864 4935 1053 5000 αὐτοῦ,
1086 4934 1203 4995 πῶς
1232 4933 1294 4986 τὸ
1331 4932 1555 5002 μετέχον
1592 4932 1808 5002 πρῶτον

239 5031 374 5083 ἔσται
400 5030 495 5084 τοῦ
523 5027 886 5100 μετεχομένου
925 5026 1020 5079 καὶ
1043 5025 1110 5077 δι’
1141 5019 1201 5078 οὗ
1238 5023 1481 5092 γίνεται;
1509 5023 1635 5086 Πῶς
1664 5023 1721 5075 δὲ
1751 5023 1813 5076 οὐ

241 5125 488 5192 κρείττων
514 5125 542 5176 ό
575 5121 792 5192 πρῶτος
837 5118 1034 5172 τούτου
1064 5117 1242 5188 τυχὼν
1271 5115 1366 5169 τοῦ
1394 5116 1619 5181 πολλαῖς
1651 5116 1809 5169 ὔστε-

244 5230 322 5283 ρον
351 5216 601 5283 γενεαῐς;
646 5210 809 5264 Ἀλλὰ
837 5208 1040 5278 πολλὴν
1069 5208 1184 5277 ἔχει
1215 5207 1387 5260 ταῦτα
1415 5207 1514 5278 τὴν
1553 5205 1805 5259 ἀτοπίαν.

240 5303 433 5358 Οὖκῡῦν
455 5301 722 5374 depart-:6;
747 5316 806 5353 τε
839 5297 934 5351 καὶ
965 5295 1318 5359 ἀναλλοίωτος
1345 5297 1374 5346 ό
1400 5293 1548 5356 Υίὸς,
1579 5292 1640 5346 οὐ
1669 5289 1814 5344 κατὰ

241 5396 407 5464 χάριν,
433 5395 553 5448 οὐδὲ
581 5395 646 5447 ὲκ
671 5389 992 5462 προσθήκης
1019 5386 1157 5458 ἔχων
1182 5386 1279 5456 τὴν
1311 5384 1446 5458 πρὸς
1467 5385 1558 5438 τὸν
1592 5384 1813 5441 Πατέρα

240 5487 543 5558 ὁμοιότητα,
578 5485 692 5539 ἀλλ’
724 5479 1006 5543 οῠσιωδῶς
1041 5495 1099 5532 τε
1132 5477 1226 5532 καὶ
1257 5476 1525 5546 φυσικῶς.

1915 4732 2076 4788 modo
2109 4733 2214 4786 erit
2263 4731 2658 4801 primogenitus
2709 4730 2864 4800 131
2903 4733 3082 4785 omnis
3118 4743 3386 4786 creatur-1e
3427 4732 3520 4783 "1'

1921 4824 2196 4880 Praeterea
2229 4826 2272 4879 si
2307 4828 2374 4878 ad
2423 4824 2780 4878 imitationem
2831 4823 2942 4876 veri
2999 4834 3047 4877 εἰ
3095 4823 3357 4876 naturalis
3399 4822 3520 4876 Filii

1922 4929 2234 4974 statuuntur
2262 4919 2428 4972 etiam
2475 4917 2509 4970 ii
2540 4917 2630 4985 qni
2672 4931 2767 4986 per
2798 4916 3030 4984 gratiam
3059 4925 3206 4978 sunt,
3249 4916 3521 4983 quomodo

1921 5020 2083 5065 erunt
2115 5009 2167 5064 hi
2206 5010 2414 5078 priores
2443 5026 2509 5063 eo
2535 5010 2627 5080 qui
2666 5008 2988 5063 naturaliter
3014 5018 3098 5062 est
3128 5008 3338 5062 Filius?
3367 5010 3521 5076 Item,

1922 5104 1966 5157 si
1987 5102 2404 5173 participatione
2429 5101 2549 5155 Filii
2573 5118 2668 5171 per
2687 5102 2864 5170 ipsum
2885 5102 3230 5170 adoptamur,
3248 5102 3526 5169 quomodo

1920 5196 1970 5249 id
2003 5197 2147 5265 quod
2183 5197 2456 5265 particeps
2487 5193 2549 5248 lit
2578 5195 2728 5262 prius
2758 5194 2863 5247 erit
2893 5207 2958 5246 eo
3008 5194 3151 5260 quod
3200 5193 3519 5260 participem

1921 5288 2094 5342 facit?
2128 5288 2411 5354 Quomodo
2458 5297 2639 5341 autem
2692 5301 2798 5340 non
2842 5286 2914 5339 sit
2942 5284 3286 5354 praestantior
3338 5285 3383 5339 is
3430 5288 3522 5353 qui

1922 5383 2127 5450 primus
2163 5381 2214 5434 id
2245 5388 2575 5434 consecutus
2603 5388 2708 5442 est,
2737 5395 2898 5448 quam
2929 5378 3112 5432 multa:
3138 5377 3522 5447 generationes

1922 5472 2571 5529 subsecutte‘2Cmterum
2633 5473 2748 5527 hmo
2794 5472 3138 5526 absurditate
3197 5471 3516 5540 plenissima

242 5590 378 5632 sunt.
417 5577 775 5632 lnnnutahilis
830 5574 1014 5640 itaque
1047 5580 1130 5625 cst
1178 5569 1368 5632 Filius,
1415 5585 1520 5622 non
1557 5584 1651 5637 per
1696 5568 1951 5637 gratiam,
1993 5581 2167 5634 neque
2203 5580 2269 5618 ex
2342 5565 2620 5619 additione
2685 5565 2799 5619 sive
2866 5561 3185 5619 accessione
3231 5558 3410 5632 aliqua
3441 5562 3520 5616 si-

245 5668 578 5722 militudinem
608 5683 734 5723 cum
787 5665 950 5720 Patre
985 5672 1196 5727 nactus,
1226 5663 1319 5718 sed
1363 5661 1729 5716 essentialiter
1759 5671 1810 5713 et
1855 5658 2195 5714 naturaliter.

309 5843 355 5878 “
375 5844 523 5901 Jonu.
558 5865 685 5915 xui,
718 5849 771 5903 5.
855 5845 1066 5901 “‘l'sal.
1113 5861 1299 5910 Luat,
1336 5844 1388 5898 (ἶ.

1461 5846 1503 5874 ⁸⁷
1532 5843 1739 5898 Coloss.
1780 5859 1817 5908 ι,
1858 5843 1935 5896 13.
