3968 6466
217 507 307 564 ἳδό
1623 487 1784 547 ΤΗΕΕ

1911 485 2069 542 RUS.

3380 478 3485 532 εει

218 613 439 680 ἐξουσίαν
468 632 528 666 τε
564 619 664 667 καὶ
693 615 953 685 δύναμιν,
986 614 1099 675 πῶς
1129 611 1226 665 οὑκ
1264 608 1525 678 ἀληθινὴν
1561 605 1673 676 ἔχει
1698 604 1784 674 sip

1903 602 1993 656 bet
2027 598 2402 655 sanctiﬁcandi
2430 604 2786 668 potestatem,
2817 609 2920 663 quo
2955 601 3111 662 pacto
3161 606 3266 645 non
3304 605 3487 646 veram

217 708 335 773 πρὸς
357 705 515 759 αὑτὸν
542 706 882 774 ὁμοιότητας

673 912 1044 999 ΛΟΓΟΣ
1119 900 1243 995 ΙΔ¹
1271 975 1288 992 .

219 1093 326 1144 Ἔτι
349 1092 477 1159 περὶ
502 1092 881 1161 ὁμοιότητος,
907 1088 1294 1161 προκείμενον
1309 1083 1790 1161 ρηζοῦηηὭσπερ

281 1161 376 1229 γὰρ
417 1153 456 1213 Β
506 1153 722 1228 Πατὴρ
744 1153 751 1156 ”
773 1153 925 1224 ζωὴν
947 1153 1080 1228 ἔχει
1107 1153 1121 1156 ’
1141 1159 1210 1210 ἐν
1242 1153 1666 1229 ἑαλιλτῴκοῦτω-
1691 1153 1790 1229 κρζ.

270 1222 354 1294 id;
377 1231 488 1295 Υἰῷ
533 1222 767 1283 δέδῶκε
815 1222 967 1294 ζωὴν
991 1222 1183 1294 ’ἔχειν
1208 1229 1277 1278 ἐν
1303 1225 1514 1289 ἐαυτῷ.
1554 1244 1574 1295 ι
1608 1222 1790 1295 Τὸῂδὲ

269 1289 691 1369 σὺναγὸμετόγ
738 1302 806 1353 ἐκ
856 1289 975 1351 τῶν
1025 1289 1633 1369 σίυῖῖλοτισμὼγπιῇι
1676 1289 1787 1369 ζωὴ

269 1370 408 1422 κατὰ
429 1362 639 1438 ’φῦσιν
673 1371 847 1423 ἐστὶν
876 1373 906 1422 ό
941 1368 1093 1432 Υἱὸς,
1117 1362 1320 1434 ῶσπερ
1348 1362 1449 1417 καὶ
1491 1367 1521 1417 ό
1545 1362 1749 1430 Πατὴρ
1772 1401 1785 1425 ,

269 1441 356 1493 καὶ
385 1441 482 1493 διὰ
512 1441 700 1494 τοῦτο
725 1441 947 1507 ὅμοιος.

439 1553 747 1619 Πρότασις
784 1553 864 1616 ὡς
911 1551 979 1604 ἐκ
1020 1549 1138 1602 τῶν
1195 1546 1519 1617 Ἀρειανῶν.

269 1661 370 1714 Καὶ
406 1660 525 1718 πῶς
567 1661 640 1714 ἂν
679 1661 914 1725 δύναιτο,
971 1661 1124 1728 φασὶ,
1171 1659 1290 1712 κατ’
1353 1657 1542 1710 οὐσίαν
1602 1657 1789 1726 ὅμοιος

211 1749 332 1810 εἶναι
362 1754 439 1823 τῷ
471 1755 656 1822 Πατρὶ
692 1756 720 1804 ὁ
756 1754 877 1812 Υἱός
901 1771 914 1817 ;
942 1753 1010 1804 Ἢ
1036 1751 1154 1814 πῶς
1182 1752 1283 1805 οὑκ
1329 1750 1481 1802 ἔσται
1531 1749 1647 1819 μετ’
1686 1749 1786 1801 αὑ-

209 1846 288 1896 τὸν
311 1847 336 1896 ὁ
359 1845 416 1909 ἐξ
452 1845 626 1897 αὑτοῦ
653 1844 940 1912 δεχόμενος
969 1861 1041 1906 τι,
1063 1842 1205 1896 καθὰ
1232 1859 1396 1911 φησιν
1422 1840 1604 1903 αὐτός’
1628 1840 1789 1891 (Ὥσ-

1895 710 2015 752 cum
2043 696 2158 765 ipso
2185 694 2599 749 similitudinem
2630 692 2830 746 habere
2853 688 3205 744 censebitur?

2214 910 2798 1003 ASSERTIO
2881 910 3150 997 XIV.

1893 1088 1972 1142 De
2001 1087 2345 1142 similitudine
2363 1085 2538 1138 Patris
2568 1092 2617 1136 et
2645 1080 2802 1143 Filii,
2823 1081 3092 1148 proposito
3115 1079 3254 1131 dicto
3279 1096 3294 1130 :
3323 1074 3490 1148 «__Sie—

1963 1169 2018 1212 ut
2058 1159 2197 1211 enim
2245 1154 2407 1209 Pater
2435 1156 2597 1208 vitam
2634 1153 2785 1206 habet
2813 1153 2867 1205 in
2901 1145 3094 1218 seipse,
3132 1152 3207 1202 ila
3249 1156 3297 1200 et
3340 1145 3488 1198 Filio

1963 1229 2106 1281 dedit
2139 1230 2296 1280 vitam
2320 1227 2508 1278 habere
2532 1225 2586 1278 in
2625 1225 2794 1289 διείρεο
2832 1223 2897 1274 (⁵³.
2938 1241 2954 1272 ι
3024 1221 3264 1288 Inlertur
3308 1228 3489 1270 autem

1963 1314 2027 1351 ea:
2050 1297 2392 1366 syllogismis,
2425 1296 2563 1366 quod
2597 1296 2701 1346 vita
2759 1293 3060 1366 secundum,
3099 1302 3349 1366 naturam
3413 1294 3489 1338 est

1966 1361 2144 1420 Filius
2189 1361 2348 1420 vsicut
2378 1361 2636 1426 et’Patcr,
2665 1373 2820 1429 atque
2845 1362 2905 1414 ob
2937 1361 2990 1411 id
3019 1362 3229 1413 similis.

2431 1540 2662 1609 Objectio
2681 1538 3019 1590 Arianorum.

1965 1660 2035 1712 At
2057 1656 2348 1725 quomodo,
2379 1654 2650 1722 inquiunt,
2678 1652 2851 1720 possit
2884 1650 3052 1703 Filius
3112 1650 3305 1703 similis
3365 1660 3487 1703 esse

1897 1751 2042 1804 Patri
2077 1750 2377 1804 secundum
2409 1744 2744 1803 essentiam?
2771 1746 2874 1796 Aut
2900 1745 3170 1812 quomodo
3225 1757 3328 1794 non
3381 1741 3489 1795 erit

1896 1841 2164 1911 posterior
2201 1840 2292 1894 illo
2333 1841 2377 1894 is
2401 1839 2492 1908 qui
2526 1851 2592 1892 ex
2630 1838 2746 1905 ipso
2784 1834 2989 1902 aliquid
3019 1834 3252 1902 accepit,
3291 1847 3486 1900 quem-

211 1954 300 2005 περ
323 1938 427 2008 γὰρ
457 1941 484 1990 ὁ
525 1938 720 2009 Πατὴρ
758 1937 870 2005 ἔχει
904 1935 1050 2006 ζωὴν
1081 1937 1138 1988 ὲν
1166 1935 1365 2004 ἑαυτῷ,
1396 1933 1541 1988 οὕτω
1579 1935 1672 1987 καὶ
1713 1932 1784 2001 τῷ

1903 1932 2184 1986 admodum
2236 1931 2350 2001 ipse
2403 1929 2631 1999 inquit:
2679 1928 2878 1981 «Sicut
2929 1927 3073 1980 enim
3122 1924 3284 1978 Pater
3326 1923 3488 1977 habet

211 2027 308 2097 Υἱῷ
331 2029 531 2082 δέδωκε
562 2029 713 2098 ζωὴν
740 2027 880 2097 ἔχειν
902 2030 958 2080 ἐν
980 2029 1153 2094 ἐαυτῷ
1185 2045 1198 2093 ;
1229 2040 1252 2076 ”›

697 2227 851 2295 Πρὸς
884 2225 1058 2279 τοῦτο
1093 2227 1293 2291 λύσις.

269 2340 446 2406 Οὐδὲν,
481 2335 528 2394 ὦ
572 2339 863 2408 βέλτιστοι,
904 2343 1001 2411 τὴν
1053 2340 1240 2392 οὐσίαν
1269 2339 1517 2409 ἀδικήσει
1551 2338 1643 2392 τοῦ
1687 2339 1790 2392 Λό-

209 2444 311 2492 γον,
342 2431 400 2482 τὸ
420 2429 682 2499 δέχεσθαί
710 2448 761 2482 τι
793 2429 945 2498 παρὰ
969 2430 1065 2482 τοῦ
1107 2428 1343 2502 Πατρός.
1372 2431 1447 2484 Οὐ
1485 2431 1596 2501 γὰρ
1623 2431 1680 2484 ὲν
1707 2429 1787 2500 τῷ

209 2519 444 2591 δέχεσθαι
471 2523 534 2574 τὸ
556 2517 700 2574 εἶναι
728 2523 864 2591 ἔχει,
899 2522 1034 2574 ἀλλὰ
1068 2521 1143 2575 ὢν
1174 2522 1268 2576 καὶ
1299 2523 1561 2594 ὑπάρχων
1598 2523 1787 2594 πρότεο
1814 2547 1819 2559 ·

212 2614 308 2679 pov’,
342 2613 564 2680 δέχεταί
599 2631 673 2665 τι.
726 2615 838 2666 Καὶ
872 2612 1005 2666 καθὸ
1046 2615 1110 2667 ὲκ
1161 2614 1657 2684 Πατρὸςηφυσικῶς
1693 2633 1786 2684 γε-

210 2703 546 2772 γεννημένος,
603 2704 870 2772 ἐπάγεται
901 2691 1099 2758 ’πάντα
1154 2705 1223 2758 τὰ
1273 2706 1379 2759 ἴδια
1425 2706 1518 2760 τοῦ
1552 2709 1782 2777 Πατρός.

211 2792 406 2864 Ὠσπερ
436 2795 504 2847 ἂν
536 2797 586 2848 εἰ
611 2795 704 2848 καὶ
735 2795 796 2848 τὸ
831 2795 944 2865 φῶς
968 2797 1027 2861 ἐξ
1055 2797 1203 2865 ἡλίου
1232 2797 1513 2868 προελθὸν,
1540 2798 1787 2867 δέχεσθαί

209 2899 253 2935 τι
279 2885 486 2953 λέγοιτο
550 2889 680 2958 παρ’
715 2888 906 2955 αὑτοῦ,
945 2889 1245 2959 ἐπειδήπερ
1281 2891 1387 2942 πᾶν
1441 2890 1579 2958 ὅπερ
1641 2891 1787 2942 ἐστὶν

210 2977 260 3027 ἐν
284 2979 449 3050 αὑτῷ,
487 2979 654 3032 τοῦτο
687 2979 936 3046 φαίνεται
979 2980 1073 3032 τοῦ
1105 2981 1358 3044 τεκόντος
1394 2980 1572 3050 ἡλίου,
1603 2982 1695 3034 καὶ
1725 2981 1786 3032 οὑ

209 3068 262 3138 δή
286 3088 384 3122 που
413 3072 506 3124 τὸν
541 3073 690 3141 ἥλιον
727 3072 832 3142 πρὸ
871 3071 964 3124 τοῦ
1006 3073 1442 3142 ἀπαυγάσματος
1478 3068 1616 3127 εἶναι
1657 3090 1786 3125 κατι

210 3166 522 3232 αναγκὰσει,
542 3164 601 3217 τὸ
633 3167 732 3235 τὴν
752 3164 810 3228 ἐξ
836 3165 999 3218 αὑτοῦ
1034 3164 1329 3234 προϊοῦσαν
1362 3165 1632 3235 ἔκλαμψιν
1648 3166 1784 3234 ἀμε-

1895 2027 2058 2079 vitam
2084 2025 2133 2076 in
2161 2024 2360 2092 seipso,
2397 2022 2467 2076 ita
2510 2031 2562 2075 et
2596 2020 2733 2073 Filio
2765 2019 2914 2072 dedit
2963 2019 3164 2072 habere
3215 2015 3383 2069 vitam
3429 2014 3484 2068 in

1893 2117 2102 2186 seipse?
2132 2137 2148 2164 ι

2421 2227 2629 2283 Salutio
2651 2225 2980 2294 objectionis.

1964 2345 2130 2413 Nihil,
2160 2362 2191 2399 0
2214 2343 2340 2399 boni
2377 2343 2500 2405 viri,
2521 2340 2667 2395 lmdit
2688 2341 2985 2395 essentiam
3011 2337 3194 2401 Verbi,
3218 2337 3423 2405 aliquid
3453 2353 3485 2393 a

1894 2438 2055 2492 Patre
2086 2433 2543 2506 accipere.Neque
2571 2433 2713 2486 enim
2748 2431 2800 2485 in
2833 2431 3155 2501 accipiendo
3180 2445 3300 2485 esse
3325 2446 3482 2485 suum

1893 2529 2079 2592 habet,
2113 2526 2204 2580 sed
2234 2540 2356 2579 cum
2391 2525 2541 2594 prius
2564 2531 2709 2577 esset
2750 2532 2912 2592 atque
2943 2520 3484 2586 subsisteret,susci-

1892 2624 1970 2694 pit
1998 2620 2223 2688 aliquid.
2259 2619 2434 2686 Atque
2458 2631 2520 2671 ea
2553 2616 2666 2684 ipsa
2706 2615 2917 2669 ratione
2950 2628 3054 2681 qua
3087 2628 3152 2667 ex
3198 2610 3362 2667 Patre
3387 2627 3484 2666 na-

1896 2713 2145 2767 turaliter
2177 2710 2392 2780 genitus
2424 2718 2528 2774 est,
2556 2706 2716 2761 simul
2757 2706 2919 2761 etiam
2951 2705 3118 2760 habet
3138 2705 3326 2759 omnia
3359 2720 3483 2775 qua:

1891 2805 2037 2860 Patri
2081 2802 2294 2873 propria
2329 2809 2474 2855 sunt.
2514 2798 2983 2866 Quemadmodum
3044 2797 3260 2852 tametsi
3301 2796 3482 2851 lumen

1890 2914 1957 2952 ex
1988 2897 2098 2952 sole
2145 2894 2446 2965 procedens
2480 2892 2687 2961 aliquid
2726 2889 2793 2944 ab
2819 2891 2937 2959 ipso
2969 2890 3220 2959 accipere
3246 2889 3479 2952 dicatur,

1892 2989 2156 3058 siquidem
2187 2984 2450 3055 quidquid
2479 2984 2531 3037 in
2569 2983 2685 3051 ipso
2713 2991 2818 3046 est,
2847 2981 3080 3050 idipsum
3111 2987 3338 3050 apparet
3362 2993 3484 3034 esse

1891 3081 2162 3151 gignentia
2198 3079 2350 3143 solis,
2384 3091 2565 3146 neque
2591 3085 2746 3144 coget
2777 3085 2834 3129 ut
2861 3074 2938 3129 sol
2962 3083 3091 3128 ante
3138 3074 3483 3142 splendorem

1888 3173 2284 3240 exsistat,~quia
2321 3172 2580 3240 splendor
2603 3171 2693 3239 qui
2727 3185 2791 3224 ex
2816 3171 2932 3239 ipso
2966 3168 3236 3238 procedit,
3267 3168 3486 3237 insepa-

213 3257 395 3325 ρίστως
429 3260 624 3328 ὧσπερ
653 3260 711 3324 ἐξ
733 3258 896 3310 αὑτοῦ
930 3255 1323 3328 προελθοῦσαν,
1350 3258 1418 3310 τὰ
1447 3258 1592 3328 αὑτῷ
1617 3276 1782 3327 προσ-

1903 3267 2130 3320 'ahiliter
2174 3264 2333 3335 140
2355 3279 2418 3317 ex
2450 3264 2568 3331 ipso
2596 3261 2918 3330 procedens,
2953 3275 3014 3312 ea
3033 3274 3152 3326 qua:
3174 3258 3274 3312 soli
3300 3257 3487 3311 insunt

209 3345 326 3400 όντα
357 3352 548 3418 φορεῖν
583 3347 854 3417 φυσικῶς.
883 3347 1093 3400 Οὐκοῦν
1120 3349 1180 3400 οὐ
1210 3349 1270 3400 τὸ
1297 3348 1506 3401 ςλαϐεῖν
1558 3366 1608 3402 τι
1635 3349 1786 3419 παρὰ

210 3435 292 3487 τοῦ
324 3438 538 3507 [ἰατρὸς
587 3437 890 3505 ἀναγκάσει
951 3437 1170 3498 πάντως
1227 3436 1479 3507 δεύτερον
1531 3433 1667 3491 εἶναι
1713 3437 1792 3508 τῷ

211 3530 371 3599 χρόνῳ
402 3531 495 3583 τὸν
519 3531 668 3585 Υξόν.
706 3530 796 3600 Τῷ
829 3531 935 3601 γὰρ
959 3531 1073 3584 δντι
1104 3533 1196 3586 καὶ
1219 3531 1492 3600 ὑφεστῶτε
1519 3533 1680 3586 δώσει
1713 3550 1786 3596 τι,

209 3618 263 3670 οὑ
291 3621 362 3689 τῷ
404 3623 480 3692 μὴ
501 3608 614 3675 ὄντι
656 3623 750 3675 καὶ
785 3626 859 3692 μή
891 3642 976 3676 πω
1007 3625 1302 3694 γενομένῳ.

879 3820 1080 3872 ᾹΛΛο.

272 3929 331 3982 ΕΞ
360 3935 415 3982 ἐν
443 3930 522 3999 τῷ
551 3929 803 4000 δέχεσθαί
827 3949 880 3983 τι
904 3932 963 3984 τὸ
993 3927 1132 3985 εἶναι
1159 3936 1270 3994 τοῖς
1295 3927 1444 3986 οὖσιν
1467 3933 1783 4004 ὁριούμεθα,

211 4020 295 4072 καὶ
312 4021 470 4090 ἀρκεῖ
497 4021 658 4076 τοῦτο
683 4024 820 4093 πρὸς
844 4023 1077 4094 δήλωσιν
1100 4025 1287 4087 οὐσίας
1312 4025 1454 4077 κατὰ
1479 4043 1624 4088 τινος
1651 4043 1774 4078 κατ-

213 4113 598 4181 ηγοροὺμενον,
625 4115 676 4165 τί
725 4113 923 4166 κωλύει
963 4115 1056 4167 καὶ
1106 4116 1528 4188 δυσφημοῦντας
1578 4119 1784 4182 εἰπεῖν,

208 4200 317 4254 τότε
341 4205 434 4256 τοῦ
465 4201 606 4259 εἶναι
638 4207 738 4276 τὴν
771 4207 946 4278 ἀρχὴν
995 4208 1140 4278 ἔχειν
1167 4210 1258 4263 τὸν
1316 4211 1552 4282 Πατέρα,
1584 4211 1672 4264 ὅτε
1704 4211 1786 4263 δέ·

211 4295 386 4362 χεοθαί
412 4315 465 4350 τι
491 4298 708 4365 λέγεται
745 4300 876 4370 παρ’
898 4302 1088 4371 iuxtim;
1123 4302 1340 4367 Ἔξεστι
1365 4304 1472 4374 γὰρ
1507 4306 1783 4376 ἐπακροᾶ-

213 4385 322 4439 σθαι
351 4389 444 4441 τοῦ
482 4390 790 4460 Ψαλμῳδοῦ
819 4391 1089 4461 λέγοντος·
1117 4411 1134 4443 ι
1159 4395 1286 4446 Δότε
1311 4394 1466 4460 δόξαν
1493 4395 1570 4464 τῷ
1593 4395 1731 4465 Θεῷ.
1761 4415 1777 4446 ι

211 4475 266 4530 Ei
292 4482 465 4534 τοίνυν
518 4481 618 4533 οὐκ
673 4485 732 4534 ὲν
760 4483 837 4551 τῷ
878 4483 1127 4554 δέχεσθαι
1159 4486 1287 4555 παρ’
1322 4488 1469 4556 ἡμᾶς
1496 4487 1594 4556 τὴν
1625 4488 1782 4551 δόξαν

1896 3354 2222 3410 naturaliter
2250 3354 2433 3406 habet.
2477 3349 2590 3404 Non
2617 3347 2784 3416 igitur
2817 3346 2944 3415 quia
2983 3344 3152 3399 Filius
3201 3343 3408 3412 aliquid
3455 3359 3482 3395 a

1896 3447 2058 3500 Patre
2097 3445 2314 3514 accipit,
2337 3441 2712 3497 necessarium
2752 3437 2978 3493 omnino
3012 3445 3097 3491 est
3126 3437 3484 3506 posteriorem

1897 3540 2044 3592 illum
2080 3547 2322 3606 tempore
2351 3549 2493 3589 esse.
2528 3532 2630 3586 Dat
2665 3530 2811 3586 enim
2848 3527 3056 3597 aliquid
3079 3527 3129 3581 ei
3173 3528 3263 3597 qui
3297 3535 3484 3580 estat-

1895 3645 1998 3699 que
2029 3628 2299 3690 subsistit,
2338 3641 2445 3681 non
2471 3625 2518 3679 ei
2553 3623 2644 3695 qui
2692 3637 2798 3677 non
2830 3621 3070 3686 exsistit,
3103 3634 3277 3689 neque
3303 3619 3485 3674 adhuc

1895 3716 2065 3775 factus
2096 3731 2198 3775 est.

2572 3826 2803 3882 ALIUD.

1959 3947 2012 3999 Si
2046 3963 2106 4000 ea
2149 3960 2269 4014 quae
2315 3943 2604 4005 exsistunt,
2657 3940 2780 3995 inde
2839 3939 3126 3994 definimus
3185 3941 3328 4009 quod
3379 3942 3450 3994 ali

1893 4039 2018 4108 quid
2052 4037 2347 4105 accipiant,
2381 4032 2690 4102 sullicitque
2740 4031 2807 4085 ad
2859 4030 3320 4102 significationem
3354 4033 3477 4087 sub-

1892 4130 2105 4184 stantia:
2136 4128 2179 4181 si
2211 4128 2259 4180 id
2297 4126 2361 4179 de
2413 4124 2598 4192 aliquo
2629 4121 2987 4191 przedicetur:
3017 4122 3145 4192 quid
3209 4122 3481 4178 obstiterit

1889 4219 2182 4291 quominus
2235 4217 2482 4271 dicamus
2519 4215 2737 4268 Patrem
2797 4223 2908 4268 tum
2956 4215 3289 4269 exsistentiaa
3361 4230 3476 4270 sua:

1890 4312 2210 4382 principium
2243 4308 2527 4368 habuisse,
2563 4309 2784 4376 quando
2809 4306 3012 4375 aliquid
3040 4321 3067 4359 a
3103 4307 3259 4361 nobis
3304 4307 3480 4362 susci-

1888 4419 2014 4474 pere
2044 4402 2277 4456 dicitur?
2310 4401 2457 4454 Licet
2485 4398 2629 4453 enim
2667 4400 2858 4452 audire
2904 4396 3249 4453 Psalmistam
3292 4398 3479 4452 dicen-

1888 4508 1994 4551 tem
2028 4515 2038 4548 :
2073 4513 2090 4547 ι
2137 4495 2271 4549 Date
2309 4492 2536 4560 gloriam
2571 4489 2680 4543 Deo
2704 4490 2771 4544 ".
2812 4509 2830 4542 ι
2873 4488 2928 4542 Si
2967 4489 3128 4559 igitur
3158 4487 3321 4543 Pater
3354 4504 3479 4544 esse

211 4569 396 4638 ἔκειτο
428 4569 572 4627 εἷναι
621 4575 650 4626 ὁ
705 4574 897 4645 Πατὴρ
937 4575 1048 4644 (ὢν
1101 4577 1209 4643 γὰρ
1266 4578 1360 4629 καὶ
1410 4577 1667 4647 ὑπάρχων
1707 4578 1779 4638 ὡς

1903 4587 2082 4640 iicitur
2115 4587 2260 4654 (nam
2284 4584 2335 4637 in
2371 4597 2465 4636 sua
2525 4577 2760 4635 essentia
2800 4581 3103 4635 subsistens
3135 4589 3388 4648 tanquam
3445 4596 3474 4635 a

211 4663 330 4733 παρ’
362 4665 592 4718 οἰκετῶν
621 4663 720 4735 τὴν
761 4664 1067 4734 δοξολογίαν
1109 4667 1461 4739 κομίζεται),
1497 4670 1595 4721 οὑκ
1629 4669 1782 4721 ἔσται

209 4753 355 4808 τοῦτο
379 4756 478 4809 τοῦ
508 4757 640 4809 Υἰοῦ
680 4757 740 4808 τὸ
769 4754 928 4820 εἶναι,
977 4760 1033 4812 ἐν
1064 4759 1140 4826 τῷ
1186 4759 1371 4812 λαϐεῖν
1407 4778 1457 4812 τι
1507 4761 1658 4830 παρὰ
1690 4759 1783 4812 τοῦ

211 4844 430 4914 Πατρός.
471 4849 569 4900 Ὃν
605 4848 714 4920 γὰρ
744 4851 837 4902 καὶ
869 4849 1130 4920 ὑπάρχων
1177 4853 1430 4924 ἀνάρχως
1470 4854 1564 4905 καὶ
1596 4853 1780 4916 ἀϊδίως

211 4933 261 4998 ἐξ
282 4940 444 4991 αὑτοῦ
485 4940 783 5009 προελθὼν,
814 4940 1110 5010 λαμϐάνειν
1150 4944 1365 5011 λέγεται
1398 4945 1466 4997 τᾶ
1515 4946 1783 5016 προσόντα

210 5029 344 5100 αὑτῴ
369 5033 640 5100 φυσικῶςο
670 5031 860 5102 ὥσπερ
880 5034 945 5086 ἂν
977 5035 1026 5086 εἰ
1053 5035 1146 5087 καὶ
1175 5035 1234 5101 ἐξ
1263 5036 1549 5106 ἀνθρώπου
1579 5038 1776 5107 προελ-

211 5118 304 5172 θὼν
330 5124 466 5186 υἱὸς,
495 5124 675 5177 πάντα
699 5123 938 5192 φαίνοιτο
959 5126 1140 5195 φορῶν
1170 5126 1239 5178 τὰ
1259 5126 1350 5180 τοῦ
1370 5130 1778 5198 γεγεννηκότος,

213 5214 339 5278 μετὰ
371 5215 592 5266 πάντων
617 5214 724 5266 τῶν
758 5215 942 5277 αὑτοῦ,
965 5216 1023 5280 ἐξ
1053 5216 1214 5269 αὑτοῦ
1247 5219 1339 5272 καὶ
1358 5219 1419 5271 τὸ
1448 5215 1585 5272 εἶναι
1616 5220 1772 5290 ἔχων.

221 5299 582 5374 Ὕπερκείσθω
608 5305 663 5357 δὲ
697 5305 854 5358 πάλιν
895 5308 927 5377 ἡ
963 5306 1080 5398 θεία
1119 5310 1210 5360 καὶ
1231 5308 1468 5382 ἄρῤητος
1502 5312 1772 5384 γέννησις,

209 5392 403 5464 τὴντοῦ
433 5395 821 5460 παροισθέντος
880 5392 1012 5467 ἡμῖν
1059 5399 1453 5470 ὑποδείγματος
1509 5403 1773 5474 δύναμιν,

210 5486 290 5538 καὶ
319 5487 544 5540 νοείσθω
576 5488 638 5540 τὸ
665 5489 896 5558 πρᾶγμα
919 5490 1257 5561 θεοπρεπῶς.

418 5601 738 5666 Ἀντίθεσις
764 5601 844 5667 ὠς
870 5602 938 5655 ἐκ
968 5603 1088 5657 τῶν
1120 5605 1557 5676 χριστομάχων.

271 5711 390 5767 Ὀτι
425 5713 542 5783 μὲν,
573 5713 729 5782 φασὶ,
761 5716 874 5778 τοῖς
903 5710 1052 5768 οὖσιν
1091 5717 1193 5788 ἤδη
1225 5720 1316 5772 καὶ
1365 5721 1731 5794 ὑφεστηκότιν
1757 5761 1773 5788 ,

272 5889 482 5949 "Joan.
510 5909 563 5960 ν,
603 5894 693 5948 26.
773 5893 985 5948 “Psal.
1022 5911 1190 5962 uvu,
1233 5899 1319 5954 55.

435 5985 706 6048 ΡΑτιιοι.
761 5985 878 6046 Gtt.
921 5987 1151 6049 LXXV.

1889 4680 2065 4739 servis
2088 4678 2312 4747 gloriam
2347 4674 2592 4743 accipit),
2645 4683 2796 4729 certe
2855 4671 2974 4728 Filii
3011 4672 3245 4728 essentia
3297 4674 3351 4727 in
3410 4689 3479 4729 eo

1889 4789 1994 4828 non
2036 4770 2320 4831 consistet,
2348 4767 2490 4836 quod
2527 4767 2733 4836 aliquid
2769 4783 2798 4821 a
2829 4765 2989 4821 Patre
3028 4767 3283 4835 accipiat.
3339 4765 3476 4820 Cum

1889 4865 2034 4920 enim
2079 4862 2150 4914 sit
2176 4871 2339 4928 atque
2367 4858 2631 4914 subsistat
2650 4862 2852 4928 absque
2879 4859 3164 4928 principio,
3191 4862 3257 4913 ab
3273 4869 3478 4915 :eterno

1891 4970 1958 5011 ex
1984 4956 2100 5024 ipso
2121 4952 2424 5021 procedens
2454 4950 2657 5003 dicitur
2688 4952 2937 5017 accipere
2978 4965 3096 5018 quae
3150 4949 3478 5004 naturaliter

1887 5044 1937 5100 ei
1978 5044 2194 5107 insunt;
2225 5039 2681 5109 quemadmodum
2723 5047 2774 5093 et
2815 5054 2882 5093 ex
2920 5041 3139 5094 homine
3171 5042 3476 5109 procedens

1887 5135 2030 5190 ﬁlius
2082 5132 2263 5187 omnia
2293 5131 2494 5186 habere
2517 5130 2731 5185 videtur
2753 5146 2872 5199 qua:
2897 5131 3066 5199 patris
3085 5131 3165 5186 sui
3202 5141 3347 5195 sunt,
3366 5147 3474 5185 una

1886 5241 2008 5282 cum
2034 5223 2310 5287 omnibus,
2343 5239 2467 5292 qua:
2511 5223 2653 5277 illius
2687 5232 2834 5287 sunt,
2887 5223 3050 5277 etiam
3095 5237 3212 5279 esse
3241 5239 3304 5279 ex
3354 5225 3474 5294 ipso

1885 5319 2111 5372 habens.
2139 5316 2407 5370 Caeterum
2441 5316 2620 5367 divina
2658 5325 2822 5384 atque
2876 5315 3161 5370 inell‘abilis
3194 5318 3475 5386 generatio

1884 5409 2113 5479 exempli
2138 5427 2164 5462 a
2195 5409 2352 5463 nobis
2377 5407 2523 5462 allati
2555 5407 2820 5463 rationem
2853 5409 3012 5480 longe
3042 5411 3288 5478 excedat,
3314 5419 3474 5465 etres

1889 5501 2072 5556 divino
2114 5501 2276 5557 modo
2304 5501 2658 5571 intelligatur.

2325 5613 2561 5684 Objectio
2605 5613 2993 5667 Itwreticorttm.

1956 5725 2132 5794 Quod,
2168 5727 2444 5799 inquiunt,
2476 5727 2542 5780 iis
2575 5726 2830 5796 quaejam
2888 5736 3016 5783 sunt
3079 5737 3237 5795 atque
3290 5724 3470 5782 subsi-

3033 5995 3068 6054 8
