3968 6468
511 496 620 553 255

1530 482 1587 538 S.
1628 478 1899 538 CYIlILLl
1936 474 2402 533 ALEXANDMNI
2442 473 2758 530 ARCIIIEP.

3635 471 3748 530 238

510 623 683 679 stunt,
711 626 813 669 non
851 617 1028 664 autem
1079 606 1148 661 iis
1198 617 1323 673 qua:
1382 616 1488 657 non
1574 601 1839 656 exsistunt
1906 598 2073 667 magis

2179 597 2232 648 ού
2262 597 2371 658 τοῖς
2405 596 2477 665 μὴ
2510 590 2627 648 οὖσι
2656 592 2903 663 δέχεσϐαι
2957 610 3007 645 τι
3045 590 3509 663 πρεπωδέστερον,
3546 589 3752 661 συνθη·

508 691 796 759 εοηνεήῑειι
821 699 1021 770 aliquid
1049 696 1320 766 accipere,
1345 707 1443 749 nos
1483 693 1646 748 etiam
1699 691 2062 747 concedimus.

509 790 927 850 Caeterum-illud
953 802 1095 843 nunc
1112 799 1335 842 necesse
1354 792 1440 839 est
1458 783 1657 848 dicere,
1682 781 1824 851 quod
1852 781 1904 835 id
1930 782 2070 849 quod

509 884 713 953 accipib
730 882 931 952 aliquid
975 880 1042 935 ab
1065 878 1193 944 alio,
1246 886 1500 947 tanquam
1529 890 1635 930 non
1668 872 1894 938 habens,
1924 873 2070 927 acci-

509 979 606 1048 pit.
630 976 688 1033 Si
714 990 841 1044 ergo
860 975 1023 1031 Pater
1059 971 1278 1041 quidem
1336 970 1499 1025 habet
1550 969 1675 1032 hoc,
1723 974 1781 1021 ut
1851 965 1923 1021 sit
1963 966 2072 1020 vita

507 1066 799 1123 secundum
851 1063 1168 1127 essentiam,
1207 1060 1303 1116 dat
1351 1073 1482 1115 vero
1520 1058 1570 1113 id
1602 1057 1760 1119 Filio,
1818 1057 2073 1112 nimirum

507 1169 567 1215 ut
600 1173 704 1212 non
726 1154 942 1210 habenti
971 1170 986 1206 :
1019 1167 1126 1224 quo
1157 1150 1495 1221 pactoigitur
1514 1151 1627 1205 erit
1660 1149 1868 1205 ratione
1892 1163 2074 1205 essen-

508 1250 597 1304 tize
621 1245 818 1303 similis
839 1245 912 1311 ei,
939 1245 1007 1301 ab
1033 1258 1097 1302 eo
1124 1241 1394 1313 accipiens
1422 1240 1563 1311 quod
1588 1241 1814 1310 ipsemet
1843 1254 1949 1297 non
1974 1241 2071 1295 ha-

509 1337 633 1393 bet?

1018 1443 1225 1499 Salutio
1251 1441 1579 1512 objectionis.

569 1557 888 1628 lnquirenda
910 1564 994 1613 est
1017 1564 1271 1612 accurate
1301 1553 1434 1610 dicti
1474 1554 1646 1623 ipsius
1674 1552 1741 1609 de
1801 1566 1909 1621 quo
1961 1551 2074 1619 agi-

508 1668 646 1717 mus,
677 1666 709 1707 o
743 1650 889 1717 boni,
916 1650 1206 1712 sententia,
1234 1662 1297 1703 ac
1332 1656 1443 1701 tum
1470 1645 1701 1701 rationis
1723 1644 1831 1698 vim
1869 1642 2076 1699 videbi—

507 1759 647 1799 mus.
690 1744 726 1796 Α
750 1742 905 1797 nobis
933 1740 1079 1795 enim
1110 1747 1300 1795 contra
1325 1736 1577 1792 audietis.
1611 1735 1669 1791 Si
1693 1735 1772 1791 sic
1801 1735 1965 1789 habet
1997 1736 2076 1787 vi-

510 1844 615 1887 tam
651 1830 817 1885 Filius
865 1828 1313 1899 quemadmodum
1358 1836 1411 1880 et
1479 1825 1659 1890 Pater,
1728 1824 1829 1880 hoc
1858 1834 1961 1888 est,
2022 1823 2075 1877 in

510 1926 707 1995 seipso,
740 1939 835 1994 per
867 1925 1009 1993 quod
1042 1921 1381 1994 signiﬁcatur
1409 1920 1791 1984 essentialiter,
1832 1920 1958 1988 quid
1985 1922 2077 1974 ob-

510 2018 676 2072 stabit
704 2016 990 2086 quominus
1021 2027 1140 2082 qure
1167 2012 1418 2067 similiter
1456 2026 1516 2067 se
1562 2013 1782 2073 habent,
1835 2010 2071 2079 eiusdem

514 2123 728 2177 quoque
757 2108 865 2162 sint
891 2104 1243 2161 substantiae?
1271 2104 1328 2159 Si
1356 2104 1501 2159 enim
1524 2104 1686 2159 Pater
1720 2104 1882 2157 habet
1909 2103 2071 2156 vitam

508 2200 561 2253 in
609 2199 805 2269 seipso,
833 2208 886 2252 et
907 2195 1075 2251 Filius
1107 2195 1342 2250 vicissim
1374 2195 1539 2248 vitam
1576 2194 1629 2247 in
1664 2194 1843 2264 seipso
1893 2193 2073 2260 habet,

509 2305 614 2343 non
646 2304 742 2358 per
774 2288 1150 2357 adiectionem,
1185 2296 1242 2339 ut
1272 2301 1367 2340 vos
1398 2284 1716 2351 opinamini,
1786 2284 1889 2339 erit
1910 2284 2073 2337 etiam

506 2379 654 2434 Patri
684 2380 979 2434 secundum
1005 2377 1299 2431 essentiam
1336 2374 1582 2443 aequalis,
1617 2376 1710 2441 qui
1735 2375 1920 2429 eodem
1955 2388 2073 2429 mo—

510 2474 577 2527 do
617 2471 783 2527 vitam
810 2471 971 2524 habet
994 2478 1155 2539 atque
1191 2468 1299 2533 ille,
1330 2478 1508 2521 etnon
1540 2464 1719 2519 aliter.

1208 2600 1440 2657 ALIUD.

578 2717 633 2771 Si
663 2714 828 2769 Filius
866 2729 967 2769 non
990 2721 1071 2768 est
1109 2713 1216 2767 vita
1255 2710 1549 2767 secundum
1601 2718 1873 2775 naturam,
1916 2707 2069 2780 151

510 2824 617 2878 quo
649 2815 806 2875 pacto
839 2819 965 2858 vere
993 2804 1123 2858 dicit
1158 2821 1172 2856 :
1205 2821 1225 2855 ι
1262 2802 1555 2869 Quicredit
1608 2801 1659 2854 in
1686 2814 1790 2864 me,
1817 2799 1977 2855 habet
1999 2800 2077 2851 vi-

510 2913 616 2955 tam
642 2910 894 2955 aeternam
923 2897 1006 2949 ‘7?
1060 2915 1078 2945 ι
1140 2894 1205 2947 Et
1233 2906 1452 2947 rursus:
1505 2910 1523 2942 ι
1562 2889 1701 2945 Oves
1741 2903 2073 2944 nteaavocem

510 3006 683 3046 meam
721 2990 942 3045 audiunt
971 2986 1045 3052 ἐς
1082 3004 1098 3037 ι
1136 2995 1191 3041 et
1224 3003 1238 3039 :
1279 3002 1297 3036 ι
1325 2982 1433 3054 Ego
1460 2984 1526 3038 do
1558 2982 1687 3051 ipsis
1730 2980 1891 3035 vitam
1920 2989 2075 3034 aeter-

511 3096 665 3147 nam;
702 3097 720 3130 ι
755 3089 807 3133 et
840 3090 1025 3132 rursus
1072 3096 1085 3129 :
1127 3093 1145 3125 ι
1188 3074 1287 3141 Qui
1321 3073 1492 3127 credit
1526 3072 1578 3126 in
1610 3085 1717 3135 me,
1754 3085 1858 3125 non
1892 3077 2075 3139 gusta-

513 3174 592 3227 bit
623 3150 850 3225 mortem
884 3169 934 3221 in
966 3176 1227 3220 aeternum
1252 3165 1319 3215 ".
1359 3181 1377 3213 ι
1406 3161 1702 3231 Oportebat
1738 3160 1880 3213 enim
1933 3160 2079 3213 dice-

2174 687 2379 757 σόμεθα
2406 688 2498 740 καὶ
2524 686 2693 740 αὐτοί.
2744 686 2882 739 Ἀλλ’
2913 686 3089 737 ἐκεῖνο
3105 684 3199 739 νῦν
3230 685 3522 753 ἀναγκαῖον
3551 684 3752 744 εἰπεῖν,

2172 778 2254 830 ὅτι
2283 778 2343 831 τὸ
2364 777 2648 847 δεχόμενόν
2669 794 2721 830 τι
2747 777 2898 846 παρά
2923 794 3087 841 τινος,
3144 776 3219 839 ὼς
3248 779 3348 830 οὐκ
3378 776 3499 845 ἔχον
3528 773 3754 845 λαμϐἁ·

2173 888 2272 923 νει.
2302 871 2362 922 El
2394 870 2574 921 τοίνυν
2603 869 2715 939 ἔχει
2746 869 2843 939 μὲν
2881 871 2908 922 6
2939 869 3127 939 Πατὴρ
3165 868 3224 922 τδ
3283 864 3424 922 εἶναι
3476 868 3590 937 ζωὴ
3628 866 3756 920 κατ’

2173 961 2380 1023 οὐσίαν,
2410 960 2591 1014 δίδωσι
2621 961 2676 1013 δὲ
2710 959 2868 1013 τοῦτο
2893 959 2970 1030 τῷ
2999 960 3114 1031 req,
3147 961 3223 1024 ὼς
3254 961 3354 1014 οὐκ
3380 960 3557 1032 ἔχοντι
3589 960 3759 1030 δηλα-

2173 1051 2257 1123 δὴ,
2286 1052 2403 1115 πῶς
2431 1050 2522 1105 οὖν
2551 1052 2703 1105 ἔσται
2732 1053 2850 1104 κατ’
2879 1052 3063 1105 οὐσίαν
3094 1053 3275 1123 ὅμοιος
3307 1050 3454 1124 αὑτῷ
3492 1052 3625 1121 παρ’
3658 1052 3757 1106 αὒ-

2175 1140 2267 1195 τοῦ
2307 1142 2596 1214 δεχόμενος
2626 1144 2763 1215 ὅπερ
2787 1144 2951 1209 αὐτὸς
2976 1145 3075 1199 οὐκ
3107 1145 3254 1215 ἔχει;

2672 1425 2827 1493 Πρὸς
2852 1425 3026 1480 τοῦτο
3053 1428 3250 1494 λύσις.

2259 1536 2602 1603 Ἐξεταστὲον
2636 1536 2896 1608 ἀκριϐῶς,
2948 1531 2993 1590 ὦ
3030 1536 3313 1607 βέλτιστοι,
3338 1539 3432 1592 τοῦ
3461 1538 3760 1611 προτεθέν-

2175 1645 2265 1689 τος
2303 1629 2465 1699 ῥητοῦ
2489 1631 2588 1701 τὴν
2611 1630 2870 1691 διάνοιαν,
2899 1630 2993 1681 καὶ
3023 1629 3143 1683 τότε
3169 1628 3264 1684 τοῦ
3295 1620 3453 1699 λόγου
3472 1632 3572 1702 τὴν
3596 1632 3761 1685 δύνα-

2180 1736 2273 1786 μιν
2295 1718 2557 1790 ὀψόμεθα.
2597 1719 3019 1773 Ἀντακούσεσθε
3065 1719 3172 1790 γὰρ
3214 1720 3343 1791 παρ’
3380 1720 3557 1791 ἡμῶν,
3587 1724 3635 1774 cl
3660 1720 3759 1773 οὔ·

2177 1826 2284 1873 τως
2315 1810 2427 1881 ἔχει
2461 1811 2559 1880 τὴν
2580 1810 2723 1880 ζωὴν
2754 1812 2781 1863 6
2806 1812 2930 1873 Υἱὸς
2960 1809 3148 1881 ὥσπερ
3172 1812 3267 1865 καὶ
3297 1813 3325 1864 6
3374 1811 3583 1881 Πατὴρ,
3623 1828 3757 1864 του-

2179 1900 2378 1963 τέστιν,
2412 1903 2468 1954 ὲν
2491 1900 2687 1970 ἑαυτῷ,
2722 1900 2789 1953 δι’
2825 1894 2885 1952 οὗ
2915 1900 2975 1952 τὸ
3003 1901 3275 1965 οὑσιωδῶς
3312 1904 3636 1972 σημαίνεται
3656 1946 3672 1968 ,
3701 1903 3759 1955 τί

2176 1990 2409 2043 κωλύσει
2440 1990 2507 2044 τὰ
2538 1990 2739 2061 ὁμοίως
2772 1991 2983 2061 ἔχοντα,
3010 1990 3111 2059 τῆς
3142 1992 3311 2062 αὐτῆς
3332 1988 3623 2047 εἶναιἾιαὶ
3661 1994 3758 2047 οὑ-

2178 2081 2330 2147 σίαςς
2369 2081 2431 2133 El
2486 2082 2594 2152 γὰρ
2650 2083 2678 2134 6
2734 2083 2923 2153 Πατὴρ
2957 2082 3067 2152 ἔχει
3109 2083 3207 2153 τὴν
3263 2082 3407 2155 ζωὴν
3441 2087 3498 2137 ἐν
3550 2083 3756 2155 ἑαυτῷ,

2175 2170 2288 2240 ἔχει
2319 2172 2374 2224 δὲ
2408 2172 2569 2225 πάλιν
2601 2173 2767 2243 αὐτὴν
2793 2176 2822 2227 ό
2854 2174 2984 2238 Υἱὸς
3012 2176 3069 2229 ἐν
3100 2175 3295 2245 ἐαυτῷ,
3336 2175 3437 2229 οὐκ
3473 2176 3531 2229 ἓν
3578 2192 3757 2247 προσ-

2176 2262 2351 2333 θήκης
2382 2263 2558 2334 μέρει,
2587 2262 2838 2335 καθάπερ
2866 2266 3021 2335 ὑμεῖς
3053 2283 3208 2335 φατε,
3243 2266 3394 2319 ἔσται
3424 2266 3517 2319 καὶ
3536 2266 3614 2338 τῷ
3637 2268 3759 2321 Πα-

2173 2352 2262 2421 τρὶ
2318 2352 2439 2406 κατ’
2493 2353 2680 2407 οὐσίαν
2735 2356 2877 2418 ῐσος,
2923 2357 2951 2408 6
2997 2355 3258 2419 ὡσαύτως
3304 2356 3442 2428 ἔχων
3471 2359 3570 2429 τὴν
3608 2355 3759 2429 ζωὴν

2174 2442 2365 2513 ἐκείνῳ
2388 2484 2402 2509 ,
2436 2444 2531 2497 καὶ
2568 2446 2664 2516 οὐχ
2697 2446 2916 2518 ἑτέρως.

2861 2578 3059 2634 ΑΛΛΟ.

2246 2688 2307 2741 El
2341 2706 2413 2759 μη
2445 2688 2556 2758 ζωὴ
2588 2692 2725 2740 κατὰ
2773 2689 2933 2757 φύσιν
2974 2690 3119 2743 ὲστῖν
3149 2692 3176 2743 6
3203 2690 3348 2756 Υἱὸς,
3408 2690 3525 2754 πῶς
3547 2692 3759 2762 ἐπαλη-

2176 2778 2354 2831 Θεύσει
2383 2779 2577 2845 λέγων·
2618 2799 2635 2830 ι
2675 2780 2730 2833 '0
2761 2780 3032 2834 πιστεύων
3070 2784 3149 2844 εἰς
3173 2784 3291 2852 ἐμὲ,
3314 2780 3425 2851 ἔχει
3450 2782 3594 2853 ζωὴν
3616 2782 3756 2837 αἰώ-

2175 2886 2319 2933 νιον;
2348 2888 2364 2918 ι
2400 2869 2509 2921 Kal.
2535 2868 2713 2923 πάλινο
2749 2888 2767 2921 ι
2810 2870 2891 2923 Τὰ
2923 2871 3169 2942 πρόϐατα
3218 2873 3286 2926 τὰ
3330 2873 3438 2943 ἐμὰ
3485 2873 3585 2943 τῆς
3614 2875 3756 2944 ἐμῆς

2173 2955 2358 3008 ἀκούει
2372 2957 2573 3026 φωνῆς.
2590 2975 2709 3008 ›-ι
2724 2957 2892 3025 Κάγὼ
2907 2959 3098 3030 δίδωμι
3115 2961 3293 3026 αὺτοῖς
3316 2962 3459 3032 ζωὴν
3476 2962 3713 3016 αἰώνιον.
3730 2982 3749 3013 ι

2175 3047 2283 3099 Καὶ
2313 3048 2496 3101 πάλιν·
2531 3068 2548 3100 ι
2601 3051 2659 3101 '0
2689 3049 2957 3102 πιστεύων
2990 3051 3070 3113 εἰς
3103 3052 3204 3120 ἐμὲ
3273 3053 3332 3103 οὐ
3376 3054 3450 3124 μὴ
3488 3056 3756 3125 γεύσηται

2177 3136 2408 3191 θανάτου
2430 3141 2507 3201 εἰς
2540 3139 2631 3191 τὸν
2664 3140 2855 3193 αἰῶνα.
2893 3159 2911 3190 ι
2956 3140 3101 3193 Ἔδει
3159 3142 3266 3213 γὰρ
3311 3144 3524 3212 λέγειν·
3570 3147 3629 3199 '0
3662 3163 3754 3199 πι-

514 3278 605 3318 re:
634 3261 733 3328 Qui
771 3258 941 3313 credit
965 3256 1016 3310 in
1047 3269 1154 3317 me.
1189 3253 1419 3322 accipiet
1455 3228 1667 3316 vvitam,
1718 3263 1877 3318 quam
1932 3248 2073 3302 dedit

2179 3228 2380 3283 στεύων
2410 3232 2489 3292 εὶς
2541 3231 2639 3299 ἐμὲ
2675 3230 2900 3300 λήψεται
2930 3233 3058 3301 παρ’
3092 3234 3232 3315 ⁴ἐμοῦ
3265 3234 3427 3305 ζωὴν,
3454 3236 3520 3305 ῆν
3548 3237 3752 3291 δέδωκέ

513 3355 642 3409 mihi
677 3352 853 3404 Pater.
888 3350 1053 3401 ltem:
1081 3345 1215 3399 Eum
1246 3344 1337 3412 qui
1384 3340 1676 3396 crediderit
1706 3340 1756 3393 in
1806 3354 1911 3403 me,
1966 3352 2070 3394 non

2181 3337 2269 3390 μοι
2302 3322 2330 3373 6
2357 3322 2566 3391 Πατήρ.
2601 3322 2707 3374 Καὶ
2758 3322 2939 3376 πάλιν
3004 3312 3108 3377 Τὸν
3168 3325 3251 3388 εις
3293 3325 3403 3395 cpt.
3430 3328 3755 3382 πιστεύοντα

513 3444 654 3499 sinet
688 3442 846 3495 Pater
878 3446 1093 3508 gustare
1128 3444 1375 3489 mortem.
1411 3432 1467 3486 Si
1499 3446 1626 3487 vero
1658 3432 1710 3486 id
1742 3446 1849 3486 non
1880 3431 2076 3485 dixisse

511 3535 771 3595 cernitur,
806 3532 897 3585 sed
931 3527 1194 3599 promittit
1257 3540 1317 3580 se
1381 3525 1634 3578 daturum
1697 3523 1763 3577 iis
1809 3524 1897 3591 qui
1952 3536 2075 3576 cre-

511 3627 640 3680 dunt
670 3625 720 3677 in
742 3624 911 3691 ipsum
949 3621 1114 3672 vitam
1146 3631 1267 3685 qua:
1296 3614 1615 3670 naturaliter
1639 3621 1694 3667 et
1712 3611 2077 3666 essentialiter

512 3718 614 3771 sibi
658 3714 757 3783 ipsi
793 3715 954 3775 inest,
1019 3708 1289 3778 quomodo
1319 3705 1541 3774 intelligi
1577 3713 1750 3773 potest
1778 3701 1970 3756 Filium
2000 3701 2077 3755 vi-

512 3818 620 3862 tam
676 3820 779 3860 non
839 3804 1123 3857 habentem
1176 3814 1292 3854 eam
1341 3813 1369 3851 a
1415 3797 1573 3852 Patre
1605 3794 1912 3865 accepisse?
1967 3792 2078 3849 Hoc

510 3900 653 3953 enim
693 3898 882 3967 quavis
906 3891 1232 3962 blasphemia
1262 3890 1477 3960 gravius
1511 3897 1612 3943 est.
1649 3887 1778 3951 Sed,
1828 3895 1884 3939 ut
1919 3885 2077 3939 modo

509 3992 708 4046 dictum
734 3986 1142 4055 est,procedens
1163 3997 1227 4037 ex
1251 3982 1433 4045 Patre,
1451 3979 1627 4034 omnia
1654 3992 1770 4047 qua:
1798 3976 1938 4030 illius
1956 3984 2081 4029 sunt

511 4082 667 4139 simul
690 4080 980 4136 secundum
1010 4085 1258 4130 naturam
1282 4087 1463 4128 secum
1488 4072 1675 4134 affert,
1710 4078 1763 4123 ct
1782 4083 1844 4122 ea
1874 4067 2079 4121 ratione

510 4188 613 4242 qua
690 4170 918 4239 accepit,
980 4166 1177 4220 dicitur
1236 4158 1490 4233 splendor
1546 4170 1599 4216 et
1660 4160 1835 4228 imago
1889 4158 2073 4227 ipsius.

515 4260 688 4317 Unum
723 4268 901 4314 autem
962 4270 1147 4312 eorum
1199 4268 1321 4323 qua:
1380 4252 1529 4306 Patri
1585 4254 1768 4306 insunt
1794 4250 1953 4305 etiam
1994 4258 2078 4305 est

509 4354 641 4408 vita.

1187 4543 1414 4597 ALIUD.

2176 3411 2235 3463 ού
2263 3412 2608 3480 συγχωρήσει
2637 3410 2664 3461 6
2699 3410 2886 3481 Πατὴρ
2939 3409 3238 3478 γεύσασθαι
3291 3412 3544 3467 θανάτου.
3602 3415 3665 3467 El
3696 3415 3754 3467 δὲ

2178 3506 2336 3560 τοῦτο
2372 3508 2470 3576 μὲν
2500 3506 2733 3578 εἰρηκὼς
2756 3508 2815 3560 ού
2849 3508 3117 3575 φαίνεται,
3152 3509 3227 3571 ὡς
3259 3508 3313 3561 δὲ
3346 3509 3502 3577 φύσει
3525 3509 3755 3580 προσοῦ·

2181 3616 2278 3652 σαν
2302 3598 2480 3669 ἐαυτῷ
2523 3599 2621 3670 τὴν
2651 3599 2815 3670 ζωὴν,
2864 3600 2957 3654 καὶ
2990 3599 3066 3664 ὡς
3104 3601 3375 3666 οὺσιωδῶς
3400 3601 3754 3672 ὑπάρχουσαν

2179 3691 2236 3741 ὲν
2261 3688 2456 3759 ἐαυτῷ,
2489 3689 2680 3742 δώσειν
2728 3692 2838 3753 τοῖς
2887 3691 2966 3753 εις
2995 3691 3159 3744 αὑτὸν
3212 3692 3556 3745 πιστεύουσιν
3579 3694 3753 3759 ἐπαγ-

2179 3780 2444 3848 γέλλεται,
2478 3780 2594 3843 πῶς
2629 3781 2900 3849 ἐνδέχεται
2949 3784 3089 3835 νοεῖν
3138 3783 3237 3837 οὐκ
3283 3782 3473 3852 ἔχοντα
3497 3786 3584 3839 τὸν
3620 3786 3750 3839 Υἱὺν

2181 3876 2457 3944 εἰληφέναι
2486 3875 2688 3944 ταύτην
2705 3876 2854 3945 παρὰ
2878 3874 2971 3929 τοῦ
3004 3877 3250 3945 Πατρός;
3286 3877 3395 3930 Καὶ
3436 3877 3541 3950 γὰρ
3575 3878 3641 3932 ἂν
3662 3880 3749 3948 εἴη

2181 3967 2358 4035 πάσης
2388 3966 2641 4019 ἐπέκεινα
2670 3966 2979 4037 δυσφημίας
3028 3967 3186 4021 τοῦτό
3242 3985 3325 4037 γε.
3370 3969 3533 4033 Ἀλλ’,
3562 3970 3751 4041 ὥσπερ

2179 4058 2278 4129 ήδη
2321 4059 2656 4130 προείρηται,
2681 4060 2955 4130 προελθὼν
2986 4063 3049 4114 ὲκ
3092 4063 3322 4133 Πατρὸς,
3359 4064 3533 4117 πάντα
3553 4063 3620 4117 τὰ
3648 4064 3751 4118 αὐ-

2178 4149 2271 4202 τοῦ
2306 4150 2628 4219 κατὰφύσιν
2688 4151 2973 4229 ἐπάγεται,
3029 4153 3124 4207 καὶ
3173 4153 3248 4216 ὡς
3288 4154 3545 4225 εἰληφὼς,
3608 4156 3751 4209 κατὰ

2177 4240 2334 4294 τοῦτο
2367 4243 2586 4307 νοεῖται,
2638 4243 2729 4294 καὶ
2786 4241 3123 4313 ἀπαύγασμα
3157 4244 3249 4297 καὶ
3289 4244 3452 4298 εἰκὼν
3490 4246 3749 4319 ὑπάρχων

2178 4333 2363 4388 αὑτοῦ.
2430 4336 2525 4388 Ἕν
2577 4334 2632 4387 δὲ
2684 4334 2792 4388 τῶν
2845 4336 3153 4404 προσόντων
3208 4337 3286 4392 τῶ
3333 4339 3505 4406 Πατρὶ
3568 4341 3662 4394 καὶ
3714 4341 3747 4407 ή

2174 4427 2313 4498 ζωή.

2863 4545 3065 4598 ΑΛΛΟ.

586 4657 641 4713 Si
678 4656 843 4711 Filius
872 4656 965 4711 Dei
991 4672 1095 4712 non
1131 4664 1215 4710 est
1242 4653 1559 4709 naturaliter
1579 4655 1707 4721 vita,
1753 4657 1845 4713 sed
1874 4666 2073 4715 tantum

2245 4655 2307 4707 El
2343 4655 2416 4725 μὴ
2445 4654 2556 4727 ζωὴ
2577 4655 2715 4708 κατά
2748 4655 2907 4724 φύσιν
2934 4656 3081 4709 ἐστὶν
3108 4658 3135 4709 6
3161 4656 3291 4720 Υἱὸς
3309 4655 3401 4709 τοῦ
3430 4655 3588 4722 Θεοῦ,
3614 4656 3748 4711 ἀλλὰ

508 4749 633 4802 vita:
663 4746 950 4817 particeps,
978 4743 1432 4815 quemadmodum
1480 4747 1669 4801 hostes
1719 4746 1919 4803 Christi
1959 4750 2073 4819 opi-

510 4850 742 4903 nantur,
774 4837 916 4892 aliud
974 4836 1247 4906 quidpiam
1301 4846 1385 4889 est
1436 4837 1730 4891 secundum
1782 4840 2072 4895 essentiam

507 4945 667 5001 quam
698 4929 826 4984 illud
858 4927 1001 4999 quod
1026 4928 1176 4981 abeo
1203 4926 1577 4997 participatur.
1657 4927 1936 4995 Quomodo
1975 4931 2072 5001 igi-

509 5023 725 5091 turipse
771 5022 823 5075 in
886 5021 1117 5076 medium
1181 5019 1386 5087 prodit,
1440 5018 1593 5074 nobis
1626 5020 1858 5077 dicens:
1898 5039 1917 5073 ι
1963 5022 2071 5093 Ego

507 5126 624 5166 sum
655 5110 807 5180 panis
842 5110 932 5179 qui
966 5110 1031 5164 de
1059 5109 1196 5163 caelo
1218 5108 1493 5163 descendi.
1524 5106 1581 5161 Si
1631 5110 1754 5177 quis
1777 5112 2072 5166 comederit

507 5218 571 5257 ex
598 5203 700 5257 hoc
727 5215 883 5269 pane,
914 5200 1058 5254 vivet
1088 5200 1140 5252 in
1172 5208 1430 5252 internum
1464 5198 1545 5251 "°?
1567 5216 1585 5247 ι
1622 5198 2070 5266 Oportebatenim

506 5294 585 5349 sic
616 5292 791 5362 potius
818 5292 1015 5355 dicere,
1050 5289 1094 5345 si
1133 5288 1289 5343 modo
1309 5289 1422 5358 ipsc
1455 5303 1562 5343 non
1606 5298 1725 5343 erat
1775 5292 2068 5345 secundum

506 5395 755 5437 naturam
792 5382 898 5436 vita
929 5382 1044 5450 ipsa
1070 5396 1085 5435 :
1111 5380 1168 5435 lu
1196 5395 1281 5435 me
1306 5390 1387 5435 est
1427 5380 1583 5449 panis
1611 5378 1703 5447 qui
1732 5380 1799 5435 de
1824 5380 1959 5435 coelo
1982 5381 2076 5436 de-

507 5472 750 5537 scendit;
779 5479 853 5535 et,
883 5469 938 5524 Si
967 5473 1091 5539 quis
1114 5471 1405 5525 comederit
1455 5486 1521 5527 ex
1552 5485 1692 5539 pane
1747 5472 1837 5541 qui
1885 5473 1935 5527 in
1990 5489 2073 5529 me

507 5572 609 5627 est,
641 5563 782 5616 vivet
818 5562 871 5615 iu
901 5570 1179 5615 teternum.
1211 5562 1279 5613 At
1307 5576 1432 5615 vero
1452 5578 1574 5616 cum
1604 5561 1754 5627 dicit,
1804 5563 1912 5633 Ego
1931 5580 2071 5629 sum,

507 5656 739 5721 seipsum
764 5653 1025 5722 designat,
1064 5668 1164 5707 non
1226 5661 1405 5707 autem
1460 5654 1662 5723 aliquid
1712 5669 1898 5710 eorum
1952 5672 2072 5727 qua:

581 5828 793 5883 "’Juan.
832 5845 901 5891 γι,
931 5830 1013 5883 47.
1090 5830 1305 5884 “luant.
1347 5848 1397 5895 Χ,
1433 5832 1516 5883 27.

2178 4746 2321 4816 ζωῆς
2358 4745 2599 4816 μέτοχος,
2630 4746 2879 4817 καθάπερ
2906 4748 2955 4800 οἱ
2994 4748 3349 4818 χριστομάχοι
3396 4749 3577 4817 φασὶν,
3630 4749 3749 4803 ἓτε-

2181 4838 2269 4906 ρόν
2299 4836 2352 4889 τι
2378 4839 2491 4890 ἐστι
2514 4836 2633 4890 κατ’
2662 4837 2848 4891 οὐσίαν
2900 4837 3062 4901 αὐτὸς
3112 4840 3260 4909 παρὰ
3298 4839 3360 4892 τὸ
3391 4839 3747 4910 μετεχόμενον

2180 4929 2269 4981 ὑπ’
2306 4927 2489 4982 αὑτοῦ.
2521 4928 2644 4991 Πῶς
2683 4924 2775 4982 οὖν
2815 4931 2947 4999 ἡμῖν
2999 4931 3160 4993 αὐτος
3213 4933 3293 4994 εἰς
3331 4932 3493 5002 μέσον
3532 4933 3748 5003 ἔρχεται

2178 5018 2380 5085 λέγων·
2422 5036 2440 5069 ι
2486 5017 2627 5086 Ἐγώ
2659 5020 2771 5087 εἰμι
2796 5019 2824 5071 6
2860 5019 3023 5087 ἄρτος
3069 5020 3097 5071 ό
3148 5021 3211 5072 ὲκ
3243 5018 3336 5073 τοῦ
3377 5020 3602 5090 οὐρανοῦ
3648 5039 3749 5075 χα-

2175 5110 2367 5173 ταὸάς.
2404 5111 2526 5163 Ἐάν
2557 5128 2639 5173 τις
2665 5110 2811 5182 φάγῃ
2866 5114 2929 5165 ὲκ
2956 5111 3146 5165 τούτου
3186 5110 3279 5163 τοῦ
3309 5112 3494 5182 ἄρτου,
3526 5112 3747 5183 ζήσεται

2177 5202 2256 5262 εἰς
2286 5200 2375 5252 τὸν
2412 5198 2612 5264 αἰῶνα;
2648 5219 2664 5251 ι
2708 5200 2854 5254 Ἔδει
2885 5200 2992 5272 γὰρ
3025 5199 3196 5263 οὓτως
3242 5203 3433 5263 εἰπεῖν,
3468 5202 3624 5270 εἰπερ
3652 5202 3749 5254 οὐκ

2175 5286 2243 5361 ἦν
2279 5291 2419 5344 κατὰ
2453 5292 2613 5359 φύσιν
2638 5290 2797 5353 αὐτὸς
2854 5293 2887 5361 ὴ
2929 5291 3062 5362 ζωή·
3100 5292 3187 5343 Ἐν
3215 5292 3337 5361 ἐμοὶ
3365 5292 3393 5342 6
3432 5291 3593 5361 ἄρτος
3630 5293 3658 5343 6
3687 5293 3747 5344 ὲκ

2172 5381 2266 5434 τοῦ
2288 5368 2517 5452 ούρανοῦ
2544 5381 2803 5446 καταϐάς.
2832 5384 2963 5447 Καὶ,
3008 5382 3131 5435 Ἐάν
3168 5400 3250 5446 τις
3274 5382 3425 5455 φάγῃ
3448 5384 3510 5436 ὲκ
3538 5384 3629 5435 τοῦ
3654 5385 3747 5453 ἆρ-

2172 5491 2265 5527 του
2292 5473 2387 5526 τοῦ
2413 5475 2469 5525 ὲν
2497 5475 2640 5543 ἐμοὶ,
2679 5475 2901 5545 ζήσεται
2933 5477 3013 5538 εἰς
3058 5474 3148 5527 τὸν
3176 5474 3368 5529 αἰῶνα.
3416 5474 3553 5527 Νυνὶ
3581 5475 3637 5527 δὲ
3662 5474 3745 5527 λέ-

2173 5583 2283 5634 γων
2314 5567 2395 5632 τὸ,
2440 5567 2577 5634 Ἐγώ
2609 5570 2742 5638 ειμι,
2780 5567 2969 5620 ἑαυτὸν
2994 5566 3189 5638 ὁρίζει,
3213 5568 3305 5619 καὶ
3329 5565 3427 5635 οὐχ
3460 5567 3517 5618 ’ἐν
3558 5584 3611 5618 τι
3643 5568 3748 5619 τῶν

2176 5659 2617 5727 προσγεγονότων
2649 5660 2766 5728 ἦτοι
2800 5659 3108 5729 προσόντων
3149 5657 3316 5729 αύτῷ.
3354 5658 3417 5713 Εἰ
3447 5657 3623 5712 τοίνυν
3657 5658 3733 5711 αὑ

1598 5832 1815 5886 "Joan.
1847 5849 1957 5900 vm,
1996 5836 2082 5888 52.
2161 5836 2205 5867 ⁷ο
2234 5835 2389 5891 Joau.
2432 5852 2505 5901 νι,
2540 5837 2625 5890 5|.
