3968 6472
174 510 258 564 εει
528 504 531 507 ’
1586 507 1779 564 ΤΗΕᾶ

1877 506 2027 561 RUS.

172 625 243 686 τός
264 624 400 678 ἐστιν
429 624 459 679 6
498 624 675 695 ἄρτος
712 625 743 677 6
790 624 917 687 τοὺς
962 624 1285 694 μετέχοντας
1322 620 1751 687 ἀπαθανατίζειν

1879 618 1931 672 lli
1961 617 2166 687 adjecta
2199 628 2346 684 sunt,
2375 619 2458 674 vel
2486 619 2690 675 insunt.
2730 620 2787 675 Si
2826 634 2956 689 ergo
2990 620 3104 691 ipse
3150 632 3232 678 cst
3268 638 3445 693 pants,

172 717 450 785 δυνάμενος,
484 721 592 769 οὐκ
623 717 835 782 ἔξωθεν
886 717 1004 771 οὐδὲ
1030 716 1479 787 ἐπίκτητονςηέχει
1509 717 1570 771 τὸ
1617 716 1750 781 ζωο-

1877 711 1947 780 ιιιὶ
1977 710 2097 779 ejus
2131 710 2425 781 participes
2449 726 2478 766 a
2509 722 2685 768 morte
2727 712 3035 767 vindicandi
3089 714 3199 769 vim
3262 714 3445 780 habet,

172 811 332 873 ποιεῖν,
370 809 485 863 ἀλλ’
537 808 620 863 ὣν
668 811 817 864 κατὰ
872 809 1033 880 φύσιν
1061 808 1197 881 ζωὴ,
1246 810 1375 873 τοὺς
1422 808 1752 879 μετέχοντας

1877 820 1962 861 ton
1995 802 2358 871 extrinsecus,
2388 815 2480 860 aut
2509 796 2927 861 ascititiam'vel
2967 806 3292 876 acquisitam
3352 807 3449 861 ba-

172 901 308 953 αὺτοῦ
336 902 716 971 ζωοποιήσειν
737 902 957 974 ἀληθῶς
992 902 1409 972 ιπαγγέλλεται.

1877 895 2267 952 tetvivitlcandi
2287 906 2609 966 potestatem
2641 914 2655 949 :
2689 898 2782 953 sed
2814 897 2923 952 vita
2956 897 3253 953 secundum
3286 906 3449 952 natu-

3338 512 3445 567 πε
3543 581 3548 587 ,

852 1193 1057 1247 ΛΛΔΟ.

226 1305 280 1358 El
306 1306 377 1377 μὴ
405 1306 556 1361 κατὰ
585 1306 761 1376 φύσιν
790 1307 904 1378 ἔχει
955 1307 1016 1361 τὸ
1068 1302 1207 1362 εἶναι
1255 1308 1369 1381 ζωὴ
1420 1311 1448 1363 6
1498 1309 1591 1364 τοῦ
1617 1308 1753 1363 Θεοῦ

169 1396 333 1463 Λόγος,
370 1396 718 1451 ἐπείσακτον
745 1398 825 1462 δὲ,
880 1398 958 1461 ὼς
1005 1399 1165 1468 ὑμεῖς
1214 1417 1371 1470 φατε,
1418 1402 1756 1473 κεκτημένος

169 1487 297 1548 αὐτὸ,
326 1488 625 1550 ζωοποιεῖν
649 1487 901 1553 δύναται,
938 1489 992 1542 τί
1025 1489 1261 1544 κωλύσει
1310 1491 1493 1561 λέγειν
1525 1494 1621 1547 καὶ
1659 1494 1753 1563 ἁγο

168 1578 333 1643 τέλους
359 1580 487 1643 τοὺς
515 1579 754 1650 ἀληθῶς
785 1580 1049 1651 μετόχους
1095 1580 1392 1651 γεγονότας
1438 1582 1585 1655 ζωῆς
1606 1582 1759 1638 δύνα-

170 1669 274 1722 σθαι
294 1669 587 1733 ζωοποιεῖν
613 1689 632 1739 ;
680 1672 845 1725 ’Δλλὰ
869 1672 1029 1725 τοῦτο
1067 1672 1169 1744 μὲν
1208 1674 1311 1728 οὐκ
1337 1674 1632 1747 ἐνδέχεται·
1664 1678 1759 1748 μό-

168 1779 241 1825 νος
272 1762 376 1835 γὰρ
420 1765 450 1817 6
488 1763 630 1826 Υἱὸς
674 1764 963 1828 ζωοποιεῖν
1000 1764 1243 1833 δύναται,
1306 1766 1556 1840 καθάπερ
1608 1770 1703 1822 καὶ
1732 1770 1760 1823 6

170 1856 356 1926 Πατήρ.
392 1856 618 1910 Οὐκοῦν
654 1858 761 1910 οὐκ
809 1858 1135 1923 ἐπείσακτος
1164 1860 1223 1913 ἐν
1260 1860 1379 1931 Υἱῷ
1417 1862 1451 1931 ἡ
1495 1862 1759 1926 ζωοποιὸς

1858 1002 1975 1043 ram
2009 988 2301 1053 exsistens,
2327 988 2623 1060 participes
2650 990 2816 1059 ipsius
2842 1000 2971 1044 vere
3027 1003 3088 1044 se
3142 988 3449 1043 vivificatu-

1858 1097 1978 1137 rum
2016 1080 2323 1151 pollicetur.

2546 1192 2772 1251 ALIUD.

1931 1303 1988 1358 Si
2019 1304 2257 1361 Verbum
2305 1304 2398 1361 Dei
2436 1318 2505 1361 ex
2556 1318 2658 1361 sua
2724 1313 2923 1361 natura
2964 1320 3071 1363 non
3113 1305 3279 1363 habet
3306 1308 3454 1379 quod

1860 1393 1933 1450 sit
1959 1395 2090 1461 vita,
2127 1396 2224 1451 sed
2242 1396 2611 1464 extrinsecus,
2644 1406 2706 1451 ut
2739 1410 2838 1453 vos
2873 1396 3201 1467 opinamini,
3244 1396 3350 1453 hoc
3378 1398 3455 1454 illi

1860 1488 2117 1555 accessit,
2150 1498 2209 1542 ut
2242 1488 2523 1544 viviﬁcare
2552 1490 2767 1561 possit:
2800 1490 2929 1560 quid
2953 1489 3195 1545 obstabit
3238 1491 3457 1560 quomi-

1863 1595 1965 1638 nus
1990 1581 2239 1638 dicamus
2268 1582 2435 1637 etiam
2460 1582 2708 1653 angelos,
2727 1583 2822 1653 qui
2856 1596 2984 1639 vere
3001 1583 3298 1654 participes
3326 1583 3455 1639 facti

1861 1672 2160 1738 suntvitze,
2200 1671 2479 1728 viviﬁcare
2512 1672 2845 1743 posse?Sed
2904 1674 3007 1730 hoc
3062 1675 3277 1745 quidem
3337 1675 3454 1731 ﬁeri

1862 1762 2011 1818 nullo
2044 1762 2205 1819 modo
2230 1773 2413 1834 potest
2440 1780 2453 1817 :
2498 1764 2647 1820 solus
2674 1765 2819 1820 enim
2849 1764 3022 1821 Filius
3057 1767 3336 1823 viviﬁcare
3363 1783 3459 1838 po-

1864 1864 1992 1922 test,
2017 1856 2161 1911 sicut
2186 1866 2240 1913 et
2270 1855 2457 1915 Pater.
2486 1857 2601 1915 Non
2636 1868 2720 1917 est
2747 1859 2914 1930 igitur
2939 1862 3247 1916 accessoria
3277 1863 3328 1915 in
3364 1860 3456 1916 Fi-

168 1947 393 2019 δύναμις,
448 1949 599 2003 ἀλλὰ
652 1950 800 2003 κατὰ
832 1949 995 2019 φύσιν
1043 1950 1191 2021 αύτῷ
1231 1950 1509 2023 προσοῦσα
1535 1954 1630 2007 καὶ
1664 1954 1754 2007 ού-

1877 1948 1939 2003 lio
1962 1948 2272 2005 viviﬁcandi
2298 1949 2549 2016 facultas,
2574 1954 2671 2008 sed
2701 1953 3025 2010 naturaliter
3038 1954 3219 2024 ‘atque
3265 1968 3459 2009 essen-

171 2039 353 2103 σιωδῶς
385 2039 588 2111 ὥσπερ
621 2042 723 2095 καὶ
742 2041 821 2095 τῶ
855 2042 1050 2113 Πατρί.

841 2156 1049 2209 ΔΛΛΟ.

227 2266 404 2334 Αέγων
444 2268 474 2319 6
509 2269 652 2331 Υἱὸς
712 2268 797 2333 τὸ,
856 2288 874 2320 ι
916 2269 1128 2341 Ὠσπερ
1163 2272 1272 2342 γὰρ
1321 2273 1349 2325 ό
1408 2272 1597 2345 Πατὴρ
1647 2273 1759 2343 ἔχει

172 2353 296 2425 ζωὴν
325 2359 380 2410 ὲν
402 2359 618 2429 ἑαυτῷ.
642 2357 788 2412 οὕτω
822 2360 916 2413 καὶ
937 2361 1015 2431 τῷ
1045 2360 1159 2431 Υἰῷ
1191 2362 1422 2418 δέδωκεν
1450 2364 1593 2435 ἔχειν
1615 2366 1760 2438 ζωὴν

174 2449 220 2500 ἐν
252 2450 443 2519 ἑαυτῷ,
478 2470 498 2502 ι
554 2452 662 2521 τὴν
720 2452 1143 2523 ἀπαράλλακτον
1190 2456 1484 2526 ὁμοιότητα
1526 2457 1760 2511 δεικνύει

176 2540 359 2605 σαφῶς,
398 2543 469 2613 ἡν
531 2542 653 2613 ἔχει
696 2542 830 2613 πρὸς
883 2544 975 2595 τὸν
1033 2546 1392 2614 γεννήσαντα.
1448 2548 1600 2617 Ἔχει
1652 2549 1761 2618 γὰρ

173 2632 297 2685 οὕτω
325 2633 424 2703 τὴν
458 2634 641 2703 ζωὴν,
666 2634 856 2706 ὥσπερ
886 2636 977 2688 καὶ
1003 2638 1031 2688 6
1062 2637 1252 2709 Πατὴρ
1277 2680 1292 2704 ,
1320 2640 1557 2711 φυσικὴν
1579 2640 1763 2711 δηλον-

174 2726 241 2776 ότι
268 2727 358 2779 καὶ
408 2726 686 2797 οὐσιώδη.
722 2728 795 2781 Τὸ
827 2729 904 2791 δὲ,
941 2729 1187 2792 δέδωκε,
1252 2732 1533 2803 προσθεὶς,
1567 2734 1665 2803 τὴν
1704 2735 1763 2800 ἐξ

175 2819 319 2871 αὑτοῦ
357 2822 609 2891 φυσικήν
631 2837 690 2873 τε
724 2822 819 2875 καὶ
851 2821 1086 2889 ούσιώδη
1116 2824 1373 2893 σημαίνει
1410 2826 1659 2896 πρόοδον.
1686 2830 1761 2881 Οὐ

177 2911 268 2981 γὰρ
293 2912 353 2983 δή
386 2930 493 2965 που
527 2912 770 2965 δέδωκεν
803 2915 831 2966 6
882 2914 1094 2986 Πατὴρ,
1137 2916 1327 2987 ὥσπερ
1376 2934 1428 2970 τι
1460 2917 1570 2970 τῶν
1616 2918 1765 2989 αὑτῴ

182 3006 470 3072 τμσόντων
507 3005 869 3076 ἀφελόμενος,
926 3009 1021 3061 καὶ
1072 3008 1172 3061 ούκ
1216 3008 1393 3078 ἔχοντι
1446 3012 1765 3081 προστεθει-

180 3096 271 3161 xi»;
309 3099 388 3170 τῷ
418 3099 579 3169 Υἱῷ,
640 3098 782 3152 κατὰ
844 3099 1165 3171 σωματικὴν
1223 3102 1507 3174 ἀποτομὴν
1566 3104 1598 3173 ἢ
1654 3102 1766 3157 διά-

182 3208 347 3245 στασιν
393 3195 496 3265 τὴν
534 3193 600 3247 ἐκ
651 3211 795 3257 τινος
844 3194 1032 3264 ἐτέρου
1080 3194 1217 3265 πρὸς
1245 3195 1765 3267 ἔτερον,ἧτοπικῶς

1866 2041 2068 2096 tiatiter
2104 2042 2205 2111 ipsi
2254 2042 2396 2099 inest
2433 2052 2493 2099 ιιι
2512 2044 2685 2101 Patri.

2534 2153 2768 2212 ALIUD.

1935 2268 2069 2323 Cum
2099 2268 2270 2324 Filius
2293 2269 2442 2334 dicit,
2490 2266 2509 2320 ἀ
2551 2268 2705 2325 Sicut
2754 2284 2899 2324 entm
2936 2268 3102 2325 Pater
3162 2271 3327 2328 habet
3373 2276 3458 2330 vi-

1866 2368 1975 2414 tam
2009 2360 2060 2414 in
2096 2360 2299 2430 seipso,
2335 2360 2409 2414 ita
2474 2359 2637 2415 etiam
2684 2357 2825 2414 Filio
2867 2358 3017 2415 dedit
3053 2360 3255 2417 habere
3299 2361 3457 2435 ιω

1864 2454 2031 2505 vitam
2061 2453 2111 2506 in
2146 2454 2325 2521 seipso
2357 2452 2399 2483 ⁷³
2422 2493 2437 2518 ,
2478 2470 2495 2503 ι
2525 2461 2714 2521 aperte
2743 2452 3115 2507 omnimodam
3146 2452 3461 2511 similitudi-

1866 2558 1989 2598 nem
2023 2544 2281 2609 ostendit,
2314 2558 2474 2612 quam
2494 2543 2658 2598 habet
2688 2558 2813 2597 cum
2874 2541 3057 2601 Patre.
3095 2543 3270 2601 Habet
3313 2548 3459 2602 enim

1867 2637 1940 2691 ita
1968 2636 2158 2700 vitam,
2186 2635 2330 2690 sicut
2365 2645 2417 2689 et
2450 2634 2631 2697 Pater,
2659 2633 2971 2690 naturalem
2998 2635 3257 2691 nimirum
3292 2646 3346 2692 et
3374 2653 3463 2693 es~

1868 2729 2173 2784 sentialem.
2196 2728 2329 2784 Cum
2366 2736 2549 2782 autem
2579 2728 2896 2796 additillud,
2957 2729 3125 2793 dedit,
3162 2730 3461 2785 naturalem

1870 2834 2035 2892 atque
2062 2822 2407 2876 essentialem
2442 2834 2793 2890 progressum
2832 2820 3129 2889 signiﬁcat.
3162 2820 3283 2877 Non
3311 2823 3461 2878 enim

1868 2915 2015 2969 dedit
2040 2915 2219 2980 Pater,
2255 2925 2511 2983 tanquam
2546 2911 2751 2981 aliquid
2781 2928 2849 2968 ex
2883 2915 2947 2968 iis
2972 2930 3093 2981 quae
3122 2912 3225 2970 sibi
3252 2916 3460 2981 insunt,

1869 3007 2137 3070 adimens,
2166 3016 2219 3060 et
2251 3021 2357 3059 non
2392 3004 2614 3059 babenti
2674 3003 2813 3058 Filio
2871 3005 3158 3074 adjiciens,
3197 3010 3460 3077 quemad-

1871 3096 2088 3150 modum
2133 3098 2183 3149 in
2212 3095 2543 3152 sectionibus
2577 3108 2640 3150 ac
2658 3094 2930 3151 distantiis
2951 3097 3227 3167 corporeis
3283 3097 3377 3163 ﬁt,
3412 3110 3467 3151 et

1870 3189 2117 3241 IOCaIiler
2144 3187 2377 3241 divisum
2402 3185 2608 3255 aliquid
2633 3186 2701 3241 ab
2720 3187 2827 3241 alio
2849 3187 2901 3241 in
2926 3185 3072 3245 aliud
3098 3189 3460 3246 transfertur:

178 3280 584 3355 ἧόιαιρετικῶς
640 3285 960 3355 νοουμένην.
1032 3285 1171 3337 Ἀλλ’
1227 3285 1415 3357 ὥσπερ
1478 3287 1659 3339 δίδωσι
1706 3288 1768 3340 τὸ

1877 3278 1965 3333 5rd
1990 3279 2130 3331 sicut
2157 3278 2340 3345 planta
2380 3278 2431 3330 in
2468 3277 2733 3341 fructum,
2765 3277 2858 3345 qui
2888 3292 3032 3333 exse
3065 3278 3333 3348 procedit,
3370 3296 3467 3333 na-

181 3376 326 3438 φυτὸν
349 3375 426 3447 τῷ
463 3376 528 3441 ἐξ
552 3376 721 3429 αὐτοῦ
756 3376 1071 3447 προελθόντι
1092 3376 1290 3447 καρπῷ
1320 3378 1417 3448 τὴν
1443 3378 1590 3449 αὐτῷ
1622 3380 1764 3433 κατὰ

182 3466 322 3532 φύσιν
372 3470 697 3540 προσοῦσαν
749 3469 1009 3540 ποιότητα
1064 3472 1276 3540 φορεῖν,
1333 3471 1510 3533 οὕτως
1564 3474 1592 3524 6
1639 3471 1766 3533 Υἱὸς

180 3560 449 3629 εἰληφέναι
476 3562 635 3633 παρὰ
658 3560 875 3631 Πατρὸς
918 3559 989 3613 τὰ
1039 3561 1188 3630 αύτῴ
1225 3562 1495 3631 προσόντα
1530 3565 1763 3626 νοεῖται,

183 3652 340 3705 πάντα
376 3653 454 3707 ὣν
501 3655 604 3707 ὅσα
647 3656 743 3707 καὶ
788 3654 818 3704 6
864 3651 1054 3723 Πατὴρ
1081 3691 1095 3714 ,
1154 3651 1274 3722 δίχα
1310 3653 1474 3721 μόνου
1503 3651 1598 3705 τοῦ
1629 3648 1767 3705 εἶναι

182 3748 374 3820 Πατήρ.

876 3865 1081 3917 ΑΛΛΟ.

395 3979 722 4044 Άντίϐεσις
751 3978 829 4043 ὡς
849 3978 917 4031 ἐκ
948 3976 1065 4031 τῶν
1110 3976 1549 4046 χριστομάχων.

247 4092 305 4146 Εἰ
330 4094 465 4165 ζωὴ,
500 4093 659 4161 φασὶ,
699 4093 842 4146 κατὰ
872 4091 1033 4158 φύσιν
1078 4092 1225 4144 ἐστὶν
1252 4091 1281 4141 6
1320 4089 1470 4155 Υἱὸς,
1510 4088 1583 4152 ὡς
1609 4089 1767 4158 ὑμεῖς

190 4185 611 4257 φιλονεικότερον
667 4188 1010 4256 ἐνιστάμενοι
1066 4185 1281 4252 λέγετε,
1325 4182 1443 4245 πῶς
1473 4180 1789 4252 ἀληθεύσει.

188 4278 345 4347 λέγων
374 4284 402 4335 6
434 4280 650 4343 Παῦλος
689 4279 817 4349 περὶ
848 4278 942 4331 τοῦ
993 4276 1223 4348 Πατρός·
1266 4295 1283 4327 ι
1330 4275 1388 4327 '0
1426 4276 1586 4345 μόνος
1628 4273 1765 4344 ἔχων

192 4369 509 4439 ἀθαννασεανς
538 4392 556 4423 ι
620 4371 685 4425 El
717 4372 825 4442 γὰρ
853 4370 963 4441 ἔχει
1001 4369 1143 4423 καὶὸ
1175 4368 1324 4433 Υἱὸς,
1352 4369 1414 4421 ού
1463 4368 1621 4437 μόνος
1653 4367 1766 4436 ἔχει

190 4476 214 4512 ο
244 4464 460 4537 Πατήρ·
515 4467 563 4517 εἰ
601 4464 658 4517 δὲ
705 4464 862 4527 μόνος
897 4464 1039 4534 ἔχει,
1093 4463 1191 4532 οὐχ
1217 4460 1329 4526 ἔξει
1363 4460 1562 4533 δηλαδὴ
1610 4461 1704 4513 καὶ
1739 4462 1767 4511 6

194 4556 323 4621 Υἱός.

671 4738 836 4824 Πρὸς
860 4755 1035 4809 τοῦτο
1062 4758 1262 4823 λύσις.

256 4872 428 4925 Πολλὰ
471 4874 758 4942 προσεῖναι
796 4871 1014 4938 λέγεται
1062 4872 1207 4944 μόνῳ
1227 4871 1305 4943 τῷ
1354 4874 1551 4941 Πατρὶ,
1589 4876 1684 4926 καὶ
1715 4875 1761 4926 εἰ

194 4965 380 5019 τούτων
409 4967 561 5018 ἔσται
594 4966 812 5019 πάντων
867 4966 968 5018 ούκ
1024 4966 1232 5036 ἔρημος
1282 4968 1309 5019 6
1354 4966 1501 5028 Υἱός.
1545 4966 1761 5035 Ἐπειδὴ

196 5056 513 5128 γέγραπται,
550 5058 729 5121 Μόνος
759 5057 1012 5128 ἀληθινὸς
1039 5057 1172 5121 Θεὸς
1204 5058 1233 5110 6
1263 5057 1473 5129 Πατὴρ,
1508 5057 1647 5110 ἔστω
1688 5056 1763 5127 μὴ

196 5149 431 5220 ἀληθινὸς
461 5153 489 5203 6
516 5149 666 5213 Υἱὸς,
694 5149 844 5213 νόθος
874 5150 931 5203 δὲ
956 5149 1145 5222 ὥσπερ
1171 5168 1257 5214 τις
1296 5152 1389 5204 καὶ
1416 5151 1766 5221 ψευδώνυμος

197 5237 473 5310 ἐπίκτητον
511 5239 650 5309 ἔχων
690 5237 751 5290 τὸ
803 5233 943 5290 εἶναι
993 5236 1144 5301 Θεός.
1196 5238 1307 5290 Καὶ
1348 5237 1465 5301 πῶς
1494 5236 1570 5300 ὼς
1613 5236 1767 5291 τοῦτο

198 5333 323 5385 κατὰ
352 5332 517 5400 φύσιν
544 5329 619 5383 ὣν
652 5331 1041 5400 προσκυνεῖται
1075 5328 1229 5399 παρὰ
1260 5345 1319 5380 τε
1347 5326 1505 5398 ὴμῶν
1534 5327 1628 5379 καὶ
1662 5327 1766 5393 ἀγ-

199 5422 375 5489 γέλων,
407 5423 501 5478 τοῦ
526 5423 672 5476 θείου
700 5422 863 5491 νόμου
886 5420 1181 5490 διαρρήδην
1210 5419 1477 5487 λέγοντος·
1519 5437 1536 5470 ι
1563 5417 1765 5488 Κύριον

199 5516 275 5568 τὸν
298 5517 428 5570 Θεόν
465 5534 561 5570 σου
588 5516 1009 5587 προσκυνήσεις,
1040 5512 1135 5564 καὶ
1176 5508 1329 5580 αὑτῷ
1362 5509 1507 5579 μόνῳ
1538 5507 1765 5578 λατρεύ-

199 5625 335 5677 σεις;
366 5630 385 5663 ι
430 5610 553 5673 Πῶς
594 5610 652 5662 δὲ
688 5606 995 5676 φυλάξομεν
1042 5605 1123 5669 τὸ,
1181 5623 1197 5655 ι
1227 5603 1339 5655 Ούκ
1370 5604 1523 5655 ἔσται
1576 5602 1633 5654 ὲν
1684 5600 1766 5653 σοὶ

198 5702 312 5769 Θεὸς
342 5705 653 5777 πρόσφατος
683 5720 697 5768 ;
735 5720 753 5755 ι
792 5701 854 5753 Εἰ
888 5699 994 5771 γὰρ
1024 5699 1181 5769 μόνος
1212 5697 1351 5751 κατὰ
1382 5695 1543 5765 φύσιν
1570 5694 1702 5757 Θεὸς
1740 5697 1767 5747 6

199 5795 389 5869 Πατὴρ,
423 5799 513 5851 καὶ
541 5795 631 5849 διὰ
687 5794 751 5847 τὸ
787 5793 929 5845 οὓτω
987 5789 1239 5859 λέγεσθαι
1280 5788 1373 5841 τοῦ
1422 5784 1559 5840 εἶναι
1610 5787 1767 5855 φύσει

257 5975 297 6003 ’⁸
327 5974 476 6029 Joan.
514 5990 563 6037 v,
601 5973 695 6026 ‘26.

780 5972 822 6000 τ’
852 5970 869 6025 ι
897 5968 1132 6025 Tintoth.
1170 5984 1244 6033 \‘t,
1288 5967 1367 6020 iii.
1448 5966 1491 6005 ⁷³
1521 5965 1673 6019 Deut.
1702 5980 1773 6028 vt,
1816 5964 1913 6030 l');
1956 5962 2142 6015 Matth.
2184 5976 2256 6023 tv,
2298 5961 2376 6012 lti.

1878 3370 2105 3425 turalcm
2146 3384 2299 3423 suam
2346 3368 2662 3437 qualitatem
2697 3378 2981 3440 propagat,
3014 3371 3093 3424 ita
3116 3382 3171 3425 et
3217 3371 3389 3428 Filius
3436 3391 3466 3427 a

1879 3463 2044 3516 Patre
2080 3461 2356 3530 accepisse
2388 3475 2508 3530 qua:
2532 3460 2633 3530 ipsi
2667 3460 2856 3515 insunt
2909 3462 3250 3533 intelligitur,
3281 3466 3467 3519 omnia

1870 3555 2142 3609 exsistens
2178 3569 2297 3624 quae
2332 3565 2386 3608 et
2418 3554 2600 3621 Pater,
2655 3564 2852 3621 praeter
2882 3555 2934 3609 id
2979 3556 3154 3611 solum
3188 3558 3331 3628 quod
3393 3560 3469 3614 sit

1872 3643 2049 3697 Pater.

2571 3850 2798 3905 ALIUD.

2310 3963 2550 4029 Obiectio
2580 3966 2807 4019 hostium
2827 3962 3048 4019 Christi.

1944 4076 2000 4133 Si
2042 4076 2233 4141 Filius,
2269 4078 2541 4147 inquiunt,
2568 4089 2651 4133 est
2689 4077 3007 4132 naturaliter
3042 4078 3177 4147 vita,
3201 4087 3463 4150 quemad-

1874 4173 2089 4226 modum
2119 4186 2214 4227 vos
2247 4172 2647 4226 contentiosius
2689 4182 2945 4241 urgentes
2986 4172 3191 4238 dicitis,
3223 4190 3331 4245 quo
3369 4192 3466 4247 pa-

1870 4271 1958 4317 cto
1981 4277 2169 4316 verum
2201 4262 2307 4316 erit
2340 4265 2484 4330 quod
2526 4260 2727 4315 Paulus
2764 4262 2829 4315 de
2860 4262 3022 4317 Patre
3060 4263 3230 4319 dicit:
3293 4284 3312 4317 ο
3362 4268 3462 4334 Qui

1870 4354 2017 4409 solus
2045 4354 2209 4408 habet
2240 4353 2699 4407 immortalitatem
2718 4353 2801 4405 "‘3
2834 4372 2852 4405 ι
2878 4351 2932 4407 Si
2950 4355 3094 4410 enim
3116 4357 3277 4412 etiam
3293 4357 3465 4414 Filius

1873 4446 2055 4510 habet,
2128 4460 2236 4501 non
2303 4446 2486 4513 itaque
2547 4445 2698 4501 solus
2757 4446 2918 4501 Pater
2990 4462 3111 4503 eam
3173 4435 3368 4518 habet;
3416 4455 3463 4509 si

1871 4553 2001 4594 vero
2056 4537 2219 4593 Pater
2274 4538 2420 4592 solus
2485 4537 2666 4603 habet,
2726 4548 2875 4592 certe
2915 4553 3022 4595 non
3078 4542 3298 4598 babcbit
3343 4560 3463 4599 cam

1871 4630 2058 4684 Filius.

2390 4743 2597 4798 Salutio
2627 4743 2956 4813 objectionis.

1946 4859 2111 4914 Multa
2142 4858 2398 4913 dicuntur
2440 4858 2623 4913 inesse
2650 4856 2751 4912 soli
2800 4855 2975 4923 Patri,
3047 4858 3263 4914 tametsi
3295 4858 3467 4918 Filius

1874 4952 1942 5007 iis
1968 4951 2221 5008 omnibus
2245 4966 2351 5005 non
2378 4958 2579 5005 careat.
2612 4948 2897 5018 Siquidem
2929 4950 3193 5020 scriptum
3226 4962 3330 5017 est,
3361 4952 3466 5009 So-

1872 5045 1958 5101 lus
2008 5060 2173 5101 verax
2227 5043 2365 5097 Deus
2400 5041 2611 5097 Pater:
2672 5044 2839 5113 igitur
2884 5050 2991 5099 non
3052 5059 3215 5099 verax
3259 5044 3464 5114 Filius,

1872 5136 2117 5207 spurium
2143 5147 2272 5189 vero
2314 5148 2379 5187 ac
2424 5131 2617 5187 falsum
2651 5147 2847 5188 nomen
2872 5146 3092 5203 gerens,
3142 5136 3467 5192 ascititium-

1873 5242 1980 5297 que
2008 5227 2102 5281 Dei
2127 5224 2364 5280 titulum.
2388 5224 2671 5291 Quomodo
2703 5235 2881 5279 autem
2927 5232 3185 5293 tanquam
3242 5238 3467 5281 natura-

1876 5319 2001 5373 liter
2034 5319 2083 5372 id
2116 5318 2388 5372 exsistens
2431 5314 2692 5369 aduratur
2739 5329 2767 5367 a
2812 5315 2969 5371 nobis
3022 5324 3188 5385 atque
3236 5316 3464 5387 angelis,

1876 5411 2056 5464 divina
2082 5410 2201 5479 lege
2226 5416 2415 5476 aperte
2438 5406 2653 5461 dicente
2684 5423 2699 5459 :
2738 5424 2756 5458 ι
2796 5407 3084 5461 Dominum
3121 5408 3287 5461 Deum
3315 5417 3463 5461 tuum

1876 5503 2154 5567 adorabis,
2178 5511 2231 5557 et
2262 5502 2334 5557 illi
2404 5499 2503 5555 soli
2556 5500 2765 5555 servies
2791 5498 2877 5552 7’?
2919 5518 2938 5551 ι
2970 5498 3251 5565 Quomodo
3300 5501 3463 5553 etiam

1876 5598 2284 5654 observabimus
2320 5594 2497 5649 illud:
2543 5610 2561 5644 ι
2596 5592 2712 5647 Non
2774 5596 2879 5647 erit
2931 5593 2985 5647 in
3050 5601 3100 5646 te
3163 5591 3305 5646 Deus
3378 5607 3467 5645 rev

1877 5706 2007 5746 cens
2035 5690 2126 5742 7‘?
2159 5708 2177 5741 ι
2216 5689 2271 5742 Si
2299 5688 2443 5741 enim
2473 5686 2619 5741 solus
2647 5685 2810 5739 Pater
2841 5683 3259 5739 estnaturalitcr
3302 5684 3469 5750 Deus,

1899 5795 2059 5853 atque
2090 5782 2284 5852 caipsa
2318 5782 2525 5834 ratione
2559 5776 2757 5830 Filium
2818 5776 2944 5832 inde
2996 5776 3237 5832 excludit
3282 5786 3338 5830 ut
3400 5776 3471 5829 sit

2459 5961 2500 5987 ⁷⁸
2531 5956 2673 6012 Psal.
2708 5974 2875 6017 Lux,
2909 5960 2961 6010 9.
