3968 6472
557 460 661 517 239

1550 466 1602 515 S.
1648 464 1914 517 (I\'li|l.l.l
1953 464 2417 520 ΛιεχΑΝυιιιΝι
2458 466 2755 521 ABCIIIEP

3695 464 3798 521 (ἔω

559 582 875 638 naturaliter
911 583 1067 642 Deus,
1094 595 1221 648 ergo
1257 595 1442 635 recens
1470 596 1530 633 ac
1571 599 1738 636 ιιυνυε
1756 585 1949 652 aliquis
1983 600 2095 651 quo

2216 584 2344 637 Θεὸν
2380 585 2629 638 ἐκϐάλλει
2659 585 2746 636 τὸν
2780 585 2918 645 Υίὸν,
2967 583 3273 651 πρόσφατος
3302 583 3410 651 ἀρα
3451 580 3542 633 καὶ
3564 582 3680 643 νέος
3716 598 3796 643 τις

556 672 840 724 datnmodo
868 680 1059 737 praeter
1090 684 1211 721 eum
1241 670 1330 737 qui
1374 671 1438 722 ab
1476 671 1630 724 initio
1682 684 1729 725 et
1796 675 2117 728 naturaliter

552 773 689 822 erat,
718 761 1014 813 inducetur.
1052 762 1207 828 Atqui
1245 761 1342 814 hoc
1375 762 1663 815 abSttrdunt
1699 774 1797 817 est.
1857 765 1969 819 Non
2017 766 2115 834 igi-

555 863 639 905 tur
663 854 879 915 idcirco,
910 854 1033 920 quia
1070 851 1227 905 Pater
1272 853 1471 906 dicitur
1505 855 1706 910 habere
1730 857 2112 912 immortalita-

552 955 679 1009 tem,
710 942 872 997 Filius
910 945 1303 996 contrariorum
1355 959 1522 1012 capax
1585 946 1717 1010 erit,
1770 950 1885 1012 sed,
1948 949 2112 1003 veluti

550 1036 972 1089 concurrentein
1009 1033 1199 1087 Filium
1238 1035 1553 1089 naturaliter
1582 1047 1801 1105 paterna
1868 1041 2110 1108 proprie-

548 1136 678 1187 tale,
712 1127 760 1178 id
796 1127 962 1195 ipsmn
992 1126 1353 1180 essentialiter
1378 1141 1497 1182 esse
1519 1129 1829 1184 censebitur
1861 1131 2000 1200 quod
2030 1140 2111 1186 est

546 1220 590 1270 is
606 1219 693 1285 qui
725 1220 890 1286 ipsum
917 1220 1116 1283 genuit.

1235 1326 1458 1381 ALIUD.

618 1442 778 1495 Multa
821 1442 1067 1496 dicuntur
1120 1444 1294 1496 inesse
1346 1441 1487 1495 Patri
1526 1443 1775 1509 prmclara
1830 1460 1893 1497 ac
1946 1446 2105 1499 veluti

542 1516 853 1600 peculiaria.
902 1534 968 1583 At
1006 1547 1130 1585 vero
1157 1535 1198 1585 si
1225 1532 1389 1585 Filius
1420 1532 1482 1585 iis
1530 1548 1716 1586 carere
1769 1534 1995 1599 dicatur,
2054 1547 2108 1589 et

542 1623 739 1677 Paulus
786 1623 977 1675 alicubi
1052 1624 1222 1678 dicit:
1262 1623 1627 1687 tlmniortali,
1677 1624 1951 1690 invisibili,
2006 1628 2103 1682 soli

543 1717 769 1785 sapienti
802 1716 904 1770 Deo
935 1718 1014 1779 7l’;
1056 1735 1069 1765 ι
1106 1714 1273 1769 Filius
1329 1730 1455 1782 ergo
1487 1729 1656 1782 neque
1691 1717 1792 1769 erit
1823 1718 2102 1772 immorta-

544 1810 627 1871 lis,
658 1823 823 1875 neque
852 1809 1157 1871 invisibilis,
1199 1822 1371 1875 neque
1398 1806 1807 1874 sapiens,juxta
1866 1820 2100 1863 vestram

2218 676 2405 745 ὥσπερ
2436 676 2889 747 ὲπεισαχθήσεται
2944 675 3091 743 παρὰ
3133 674 3222 726 τὸν
3252 675 3379 725 ὄντα
3412 673 3469 737 ἐξ
3495 672 3669 741 ἀρχῆς
3703 672 3797 724 καὶ

2217 770 2356 821 κατά
2380 768 2559 836 φύσιν.
2612 768 2768 820 Ἀλλὰ
2813 767 2967 819 τοῦτο
3011 768 3225 820 ἄτοπον.
3284 764 3490 817 Οὐκοῦν
3527 764 3585 816 οὑ
3618 765 3708 815 διὰ
3738 763 3798 813 τὸ

2216 861 2466 929 λέγεσθαι
2508 860 2665 931 μόνον
2719 860 3016 913 ἀθανασίαν
3044 859 3187 928 ἔχειν
3244 858 3336 910 (τὸν
3391 858 3627 927 Πατέρα,
3685 855 3797 907 τῶν

2215 950 2479 1004 ἐναντίων
2509 950 2658 1003 ἔσται
2684 950 2926 1012 δεκτικὸς
2974 952 3000 1001 6
3038 950 3183 1012 Υίὸς,
3240 948 3352 1001 ἀλλ’
3383 949 3457 1010 ὡς
3492 946 3794 1017 τρεχούσης

2214 1044 2293 1104 εἰς
2325 1042 2385 1094 τὸ
2430 1043 2673 1112 γέννημα
2730 1042 2975 1110 φυσικῶς
3018 1042 3116 1109 τῆς
3174 1040 3444 1108 πατρικῆς
3494 1040 3791 1107 ἰδιότητος,

2212 1136 2367 1189 τοῦτο
2406 1138 2499 1190 καὶ
2532 1137 2690 1198 αὐτὸς
2740 1138 2997 1206 ὑπάρχων
3047 1138 3165 1188 κατ’
3192 1135 3380 1186 οὐσίαν
3429 1134 3789 1203 νοηθήσεται.

2212 1231 2345 1300 ὅπερ
2367 1230 2431 1283 ἂν
2456 1232 2537 1301 εἴη
2568 1231 2660 1283 καὶ
2686 1232 2713 1282 6
2739 1232 3003 1300 γεννήσας
3027 1230 3205 1282 αὐτόν.

2906 1344 3105 1395 AAAO.

2281 1453 2455 1508 Πολλά
2479 1456 2757 1524 προσεῖναι
2784 1453 2997 1521 λέγεται
3024 1454 3100 1523 τῷ
3120 1455 3291 1523 Πατρὶ
3315 1452 3790 1522 πλεονεκτήματα.

2223 1546 2358 1599 Ἀλλ’
2391 1548 2438 1600 εί
2469 1546 2671 1598 τούτων
2705 1545 2853 1597 ἔσται
2910 1546 3111 1614 γυμνὸς
3153 1547 3180 1596 6
3212 1545 3357 1606 Υἱὸς,
3414 1544 3557 1610 λέγει
3588 1544 3643 1595 δέ
3688 1560 3789 1595 που

2211 1637 2442 1704 Παῦλος,
2487 1657 2505 1689 t
2553 1637 2862 1707 Ἀφθάρτῳ,
2910 1637 3145 1706 ἀοράτῳ,
3187 1636 3332 1705 μόνῳ
3367 1635 3513 1703 σοφῷ
3562 1634 3719 1703 Θεῷ,
3766 1652 3783 1683 ι

2208 1731 2316 1784 οὔτ’
2341 1730 2638 1801 ἄφθαρτος,
2674 1730 2796 1783 οὔτε
2820 1730 3067 1799 ἀόρατος,
3100 1729 3220 1781 οὔτε
3258 1728 3419 1795 σοφὸς
3447 1728 3621 1791 ἔσται,
3660 1725 3788 1778 καθ’

2209 1824 2371 1893 ὑμᾶς.
2420 1823 2556 1875 Ἀλλ’
2594 1822 2703 1892 ἔχει
2727 1824 2825 1891 τὴν
2858 1822 3112 1875 ἀσέϐειαν
3139 1822 3376 1891 ἄμετρόν
3400 1837 3520 1873 τινα
3547 1819 3607 1871 τὸ
3642 1818 3790 1871 οὕτω

540 1900 864 1966 opinionem.
903 1900 1060 1964 Atqui
1099 1901 1199 1951 hoc
1244 1898 1323 1950 \‘el
1375 1898 1695 1966 cogitatione
1738 1900 1845 1952 sola
1884 1900 2095 1968 impium

2214 1917 2365 1966 νοεῖν.
2392 1915 2514 1977 Πῶς
2540 1915 2645 1984 γὰρ
2672 1914 2821 1966 ἔσται
2852 1914 3087 1983 φθαρτὸς
3110 1917 3135 1965 6
3160 1914 3260 1981 τῆς
3289 1912 3596 1982 ἀφθαρσίας
3620 1927 3789 1980 χορη-

539 1991 692 2044 valde
728 2000 828 2043 est.
857 1990 1134 2053 Quomodo
1170 1990 1323 2061 143
1356 1991 1496 2044 enim
1547 1992 1650 2045 erit
1712 1992 2096 2060 corruptibilis,

540 2091 727 2133 auctor
763 2082 873 2148 ipse
900 2090 951 2133 et
978 2081 1195 2148 largitor
1230 2082 1675 2149 incorruptionis?
1702 2084 1805 2135 Aut
1832 2085 2099 2151 quomodo

541 2184 728 2225 natura
758 2172 845 2224 Dei
882 2173 1051 2225 oculis
1087 2173 1231 2224 cerni
1275 2173 1475 2239 possit?
1500 2173 1603 2224 Aut
1641 2188 1746 2241 quo
1775 2183 1931 2240 pacto
1970 2172 2098 2225 insi-

540 2262 769 2331 pientem
804 2262 1138 2315 censebimus
1187 2261 1401 2325 Filium,
1465 2264 1527 2315 de
1554 2278 1659 2331 quo
1701 2264 1961 2331 scriptum
1992 2275 2094 2326 est,

537 2348 678 2418 q’uod
707 2353 772 2406 sit
802 2371 817 2403 ι
850 2354 1153 2419 pntentiaet
1185 2354 1443 2422 sapientia
1476 2354 1563 2409 Dei
1596 2353 1713 2405 τοῖ’»
1752 2353 2096 2408 Restatcnim

541 2446 740 2507 dicere,
775 2444 1091 2511 sapientiam
1138 2446 1226 2498 Dei
1272 2445 1606 2512 insipientem
1654 2446 1767 2499 sive
1820 2446 2097 2513 sapientia:

537 2547 809 2603 expertem
840 2550 978 2589 esse.
1017 2535 1184 2590 Filius
1225 2537 1402 2605 itaque
1427 2537 1775 2591 nihilominus
1804 2539 1905 2592 erit
1941 2546 2093 2591 natu-

540 2629 720 2679 raliter
748 2628 933 2680 eadem
964 2644 1079 2695 qua:
1112 2628 1291 2688 Pater.
1326 2630 1533 2682 tametsi
1559 2630 1811 2682 nonnulla
1837 2631 1899 2684 de
1918 2646 1982 2684 eo
2011 2646 2095 2683 so-

540 2720 645 2769 lum
673 2720 1041 2785 pitedicentnr.
1070 2719 1259 2773 Omnia
1280 2720 1419 2773 enim
1455 2734 1571 2788 qua:
1598 2720 1740 2773 Patri
1769 2722 1971 2783 insunt,
1999 2737 2095 2773 na-

539 2807 781 2859 turaliter
807 2824 869 2861 ac
896 2812 1199 2864 necessario
1228 2812 1277 2863 itt
1307 2810 1714 2880 Verbum,quod
1745 2826 1807 2865 ex
1830 2812 1943 2880 ipso
1977 2828 2099 2880 pro-

536 2896 696 2959 cedit,
726 2903 1024 2948 transeunt.

1203 2986 1429 3044 ALIUD.

600 3097 653 3151 Si
686 3096 845 3151 Pater
873 3107 955 3151 est
988 3099 1305 3155 naturaliter
1337 3100 1466 3164 vita,
1501 3103 1947 3169 quemadmodum
2010 3120 2093 3157 re-

534 3201 657 3239 vera
689 3196 787 3251 est,
817 3188 975 3240 habet
1008 3190 1229 3243 omnino
1250 3190 1348 3244 hoc
1372 3192 1532 3245 etiam
1565 3190 1749 3247 Filius.
1780 3193 1914 3250 Vere
1945 3197 2086 3249 enim

2206 2008 2297 2075 γός
2325 2025 2335 2070 ;
2365 2009 2433 2058 Ἢ
2473 2008 2587 2069 πῶς
2606 2008 2929 2076 ὁραθήσεται
2960 2006 3093 2057 Θεοῦ
3119 2004 3276 2073 φύσις
3302 2021 3314 2067 ;
3346 2005 3412 2055 “ll
3439 2004 3553 2065 πῶς
3581 2002 3787 2068 ἄσοφον

2206 2095 2344 2151 εἶναι
2374 2098 2663 2168 νομιοῦμεν
2684 2099 2773 2151 τὸν
2808 2099 2954 2164 Υίὸν,
2990 2098 3117 2167 περ)⁵
3151 2094 3211 2150 οῦ
3262 2097 3571 2165 γέγραπται
3600 2096 3682 2147 ὅτι
3723 2092 3787 2161 δὴ

2214 2209 2231 2240 ι
2269 2190 2400 2243 Θεοῦ
2424 2191 2652 2259 δύναμις
2698 2191 2791 2243 καὶ
2843 2190 2977 2243 Θεοῦ
3035 2191 3193 2257 σοφία
3229 2189 3403 2253 ἐστίν;
3447 2207 3463 2238 ι
3502 2188 3644 2255 Ὦρα
3675 2184 3791 2255 γὰρ»

2205 2282 2379 2348 λέγειν
2402 2284 2599 2350 ἄσοφον
2627 2280 2763 2335 εἶναι
2788 2284 2883 2351 τὴν
2913 2282 3102 2350 σοφίαν
3128 2282 3221 2334 τοῦ
3256 2280 3411 2333 Θεοῦ.
3444 2279 3652 2331 Οὐκοῦν
3683 2278 3786 2329 οὐκ

2204 2374 2565 2444 ἀποστερήσει
2596 2373 2685 2426 τὸν
2715 2375 2841 2425 Υἱὸν
2873 2375 2932 2426 τὸ
2960 2371 3099 2426 εἶναι
3133 2372 3304 2425 ταῦτα
3341 2368 3605 2439 φυσικῶς,
3636 2368 3785 2436 ἅπερ

2207 2463 2270 2515 ἂν
2300 2463 2509 2530 λέγοιτο
2530 2465 2621 2517 καὶ
2652 2466 2679 2516 6
2702 2464 2906 2533 Πατὴρ,
2934 2465 2981 2515 εἰ
3014 2463 3104 2514 καὶ
3154 2462 3241 2512 ἐπ’
3263 2460 3427 2513 αὑτοῦ
3464 2459 3621 2528 μόνον
3656 2458 3785 2509 τάτ-

2202 2572 2364 2609 τοιτο.
2389 2556 2585 2609 Φθάσει
2617 2558 2724 2627 γὰρ
2756 2556 2915 2610 πάλιν
2938 2556 3028 2607 ἐπὶ
3067 2554 3155 2606 τὸν
3178 2554 3236 2617 ἐξ
3263 2552 3427 2607 αὐτοῦ
3453 2550 3786 2622 προελθόντα

2204 2649 2391 2716 Λόγον,
2419 2650 2593 2701 πάντα
2633 2649 2697 2701 τὰ
2748 2648 2898 2717 αύτῷ
2958 2648 3223 2717 προσόντα
3285 2644 3527 2714 φυσικῶς
3583 2660 3641 2697 τε
3686 2644 3785 2695 καὶ

2204 2741 2537 2806 ἀναγκαίως.

2882 3003 3081 3053 AAAO.

2272 3120 2332 3170 Εἰ
2357 3117 2468 3186 ζωὴ
2503 3117 2639 3168 κατά
2669 3115 2829 3184 φύσιν
2858 3116 3003 3166 ἐστὶν
3032 3116 3059 3165 6
3089 3114 3296 3184 Πατὴρ,
3328 3113 3520 3184 ὥσπερ
3555 3109 3648 3167 οὖν
3683 3119 3778 3168 καὶ

2204 3213 2366 3273 ἔστιν,
2397 3211 2507 3279 ἔχει
2542 3210 2755 3269 πάντως
2786 3205 2940 3258 τοῦτο
2979 3205 3069 3257 καὶ
3114 3206 3142 3255 6
3174 3204 3317 3267 Υἱός.
3359 3204 3634 3273 Ἀληθεύει
3668 3204 3781 3276 γὰρ

534 3280 661 3333 dicit
713 3293 830 3333 cum
892 3279 1060 3333 aitzt
1121 3280 1313 3335 Omnia
1368 3298 1480 3351 quae
1534 3284 1693 3339 habet
1758 3284 1939 3351 Pater,
1978 3302 2092 3341 mea

2214 3306 2368 3371 ιέγων
2394 3322 2405 3331 ·
2427 3272 2470 3352 ’.ι
2502 3302 2682 3354 Πάντα
2711 3302 2807 3353 ὅσα
2835 3298 2945 3367 ἔχει
2980 3300 3007 3349 6
3030 3297 3235 3367 Πατὴρ,
3274 3297 3384 3366 ἐμά
3409 3298 3575 3351 ἐστιν.
3614 3318 3631 3349 ι

533 3380 658 3424 sunt
678 3372 742 3423 ⁷⁷.
782 3389 800 3421 ι

897 3462 1123 3527 ALlUD,
1157 3463 1288 3516 idem
1320 3482 1384 3519 ex
1413 3472 1696 3526 contrario.

596 3579 653 3632 Si
689 3576 847 3630 Pater
875 3587 954 3631 est
984 3579 1087 3631 vita
1121 3579 1640 3645 naturaliter,Filius
1657 3600 1785 3641 vero
1816 3602 1921 3641 non
1945 3588 2092 3653 item,

538 3685 643 3739 quo
676 3678 830 3738 pacto
856 3684 980 3723 vere
1004 3670 1166 3722 dicit:
1193 3688 1208 3720 ι
1236 3668 1424 3724 Omnia
1460 3689 1576 3741 qua:
1603 3676 1762 3731 habet
1795 3678 1950 3734 Pater
1978 3697 2091 3734 mea

536 3760 701 3815 sunt?
741 3779 757 3810 ι
792 3760 949 3828 Atqui
980 3774 1083 3814 non
1120 3761 1375 3814 mentitur
1404 3765 1620 3820 veritas.
1662 3767 1756 3822 Est
1819 3770 1980 3841 igitur
2012 3789 2095 3828 re-

533 3866 655 3904 vera
692 3850 1009 3904 naturaliter
1042 3850 1147 3904 vita
1181 3849 1369 3920 Filius,
1416 3857 1869 3924 quemadmodum
1911 3873 1965 3917 et
1987 3863 2091 3917 Pa-

532 3954 629 3995 ter.

1163 4056 1312 4110 Idem
1335 4058 1505 4113 aliter.

606 4169 660 4221 Si
698 4168 858 4220 Pater
890 4177 970 4221 est
1003 4169 1323 4223 naturaliter
1341 4173 1469 4237 vita,
1519 4172 1686 4228 Filius
1732 4188 1907 4231 autem
1986 4196 2088 4233 non

532 4260 681 4325 item,
717 4261 810 4313 sed
872 4260 1229 4315 accesseriam
1273 4271 1434 4331 atque
1472 4264 1758 4319 ascititiam
1801 4269 1961 4323 vitam
1995 4273 2090 4324 ha-

530 4352 640 4415 bet,
670 4366 772 4419 quo
802 4360 955 4420 pacto
990 4366 1112 4407 vere
1165 4353 1229 4405 ad
1253 4344 1463 4407 Patrem
1491 4356 1618 4410 dicit
1646 4376 1657 4409 :
1700 4376 1716 4404 ι
1763 4356 1951 4414 Omnia
1976 4378 2090 4417 mea

500 4455 619 4497 -tua
652 4454 795 4509 sunt,
827 4453 878 4497 et
899 4454 983 4497 tua
1004 4459 1120 4499 mea
1145 4445 1229 4497 "?
1265 4464 1281 4497 ι
1311 4448 1414 4500 Aut
1437 4448 1579 4501 enim
1619 4448 1779 4502 habet
1836 4454 2093 4506 naturali-

535 4548 615 4591 ter
638 4536 775 4604 quod
798 4536 865 4587 sit
898 4536 1005 4588 vita
1058 4536 1220 4589 etiam
1278 4538 1391 4603 ipse
1431 4558 1443 4591 :
1483 4540 1623 4606 quod
1660 4540 1872 4608 quidem
1915 4545 2089 4601 Patris

2465 3463 2667 3523 AAAO,
2704 3458 2767 3512 τὸ
2801 3458 2945 3511 αὐτὸ
2971 3457 3037 3509 ἐκ
3067 3457 3171 3510 τοῦ
3210 3457 3509 3511 ἐναντίου.

2268 3579 2329 3629 Et
2358 3577 2469 3645 ζωὴ
2506 3575 2645 3627 κατά
2680 3544 2840 3641 φύσιν
2885 3572 3031 3625 ἐστὶν
3060 3575 3086 3624 6
3123 3572 3333 3641 Πατὴρ,
3368 3570 3475 3623 est
3509 3570 3633 3633 Υἱὸς
3680 3571 3777 3639 οὐχ

2196 3670 2387 3731 οὕτως,
2420 3668 2534 3729 πῶς
2582 3666 2871 3734 ἀληθεύσει
2920 3665 3126 3732 λέγων·
3166 3683 3183 3715 t
3217 3664 3401 3717 Πάντα
3450 3664 3549 3715 ὅσα
3596 3662 3708 3733 ἔχει
3752 3666 3780 3715 6

2200 3760 2411 3829 Πατὴρ,
2454 3757 2565 3828 ἐμά
2594 3759 2781 3821 bat-tv;
2819 3776 2835 3806 ι
2882 3756 3020 3808 Ἀλλ’
3047 3757 3146 3807 οὑκ
3185 3753 3251 3807 ἂν
3289 3754 3549 3822 ψεύσαιτο
3580 3755 3612 3823 ἠ
3643 3754 3778 3823 ἀλή-

2196 3851 2334 3915 θεια,
2373 3850 2525 3901 ἔσται
2560 3848 2797 3918 δηλονότι
2833 3846 2946 3917 ζωὴ
2980 3846 3119 3899 κατὰ
3146 3846 3307 3915 φύσιν
3348 3848 3375 3899 6
3404 3846 3551 3909 Υἱὸς,
3588 3845 3778 3916 ὥσπερ

2198 3943 2287 3993 καὶ
2313 3942 2340 3992 6
2363 3941 2571 4009 Πατήρ.

2716 4054 2949 4118 ’Ἄλλως
2988 4053 3055 4105 τὸ
3082 4052 3250 4107 αὐτό.

2266 4165 2325 4216 Et
2354 4162 2465 4234 ζωὴ
2496 4164 2635 4217 κατὰ
2677 4164 2835 4233 φύσιν
2875 4167 3022 4218 ἐστὶν
3050 4166 3077 4217 6
3111 4165 3321 4234 Πατὴρ,
3350 4167 3378 4219 6
3408 4166 3463 4219 δὲ
3507 4164 3631 4228 Υίὸς
3674 4166 3772 4234 οὐχ

2192 4256 2384 4321 οὕτως,
2438 4259 2552 4310 ἀλλ’
2606 4262 2931 4313 ἐπείσακτον
2978 4260 3087 4331 ἔχει
3144 4261 3203 4313 τὸ
3237 4257 3374 4312 εἶναι
3430 4258 3605 4324 τοῦτο,
3654 4259 3773 4321 πῶς

2192 4350 2480 4420 ἀληθεύσει
2514 4352 2685 4420 λέγων
2728 4354 2863 4422 πρὸς
2902 4353 2993 4406 τὸν
3037 4354 3274 4423 Πατέρα,
3317 4354 3398 4405 ὅτι
3434 4371 3452 4400 ι
3490 4352 3672 4404 Πάντα
3704 4352 3771 4404 τὰ

2194 4445 2302 4515 ἐμὰ
2330 4446 2397 4498 σά
2430 4446 2565 4511 ἐστι,
2602 4447 2693 4499 καὶ
2716 4447 2783 4499 τὰ
2807 4448 2873 4499 σά
2908 4446 3051 4515 ἐμά;
3091 4466 3109 4497 ι
3142 4447 3210 4498 Ἦ
3240 4444 3348 4515 γὰρ
3378 4443 3486 4509 ἕξει
3516 4444 3657 4495 κατὰ
3682 4442 3774 4511 φύς

2195 4554 2277 4588 σιν
2313 4536 2373 4589 τὸ
2396 4532 2534 4591 εἶναι
2565 4538 2677 4608 ζωὴ
2716 4540 2808 4591 καὶ
2839 4538 3020 4601 αὐτὸς,
3070 4539 3207 4608 ὅπερ
3236 4540 3351 4589 ἐστι
3394 4534 3486 4587 τοῦ
3535 4536 3767 4605 Πατρός.

530 4638 645 4692 est;
680 4635 769 4678 aut
801 4626 843 4679 si
879 4640 981 4679 non
1010 4626 1131 4691 hoc,
1173 4627 1265 4681 sed
1310 4642 1427 4695 qua.I
1454 4644 1551 4681 sua
1584 4639 1709 4684 sunt
1736 4629 1909 4688 Patris
1941 4646 2084 4699 sunt,

2217 4628 2262 4679 Η
2294 4629 2341 4680 εί
2372 4627 2446 4697 μὴ
2474 4628 2647 4692 τοῦτο,
2686 4628 2780 4680 τοῦ
2832 4628 2887 4681 δὲ
2926 4629 3138 4698 Πατρός
3178 4630 3293 4680 ἐστι
3322 4642 3387 4680 τα
3432 4626 3621 4689 αὑτοῦ,
3647 4630 3769 4680 ἐπεὶ

530 4734 649 4770 cum
678 4732 781 4769 non
813 4717 881 4769 sit
909 4715 1225 4771 naturaliter
1244 4717 1349 4769 vita
1377 4715 1567 4783 Filius,
1604 4733 1669 4775 ne
1692 4719 1845 4776 Pater
1869 4726 2085 4793 quidem

530 4808 844 4861 naturaliter
876 4808 979 4860 vita
1050 4807 1193 4861 erit:
1229 4807 1371 4876 quod
1438 4820 1519 4865 est
1568 4812 1881 4869 absurdum.
1932 4816 2089 4872 Pater

528 4900 667 4952 enim
701 4898 1017 4953 naturaliter
1058 4907 1141 4951 est
1189 4900 1339 4954 vita:
1387 4904 1489 4954 erit
1543 4915 1718 4958 autem
1771 4906 1871 4961 huc
1914 4909 2086 4977 ipsum

527 4992 715 5055 Filius,
750 5008 813 5046 ne
837 5007 864 5044 a
888 4992 1233 5046 similitudine
1266 5004 1384 5046 eum
1413 4989 1569 5052 Patre
1605 4998 1834 5051 recedat.

1196 5106 1421 5163 ALIUD.

589 5216 656 5272 Si
707 5217 870 5271 Filius
929 5227 1011 5271 est
1056 5219 1392 5274 omnitnodus
1439 5221 1696 5290 planeque
1773 5227 2083 5284 indifferens

526 5302 808 5362 character
850 5307 1199 5376 hypostaseos
1228 5306 1423 5370 Patris,
1445 5310 1764 5363 naturaliter
1790 5314 1953 5365 etiam
1984 5316 2083 5369 hoc

527 5400 918 5467 habebit,un
942 5400 1009 5452 sit
1043 5400 1171 5466 vita,
1208 5413 1273 5452 ne
1300 5399 1617 5454 obliteretur
1662 5417 1722 5456 ac
1758 5404 2082 5472 depravetur

525 5490 805 5543 character
831 5489 1025 5545 Patris.

1197 5603 1423 5659 ALIUD.

591 5689 838 5747 Christus
864 5695 1059 5750 alicubi
1087 5696 1152 5749 ad
1193 5698 1481 5767 discipulos
1510 5714 1636 5754 suos
1672 5700 1742 5753 ita
1778 5702 1850 5755 ait
1880 5723 1890 5755 :
1924 5720 1941 5751 ι
1978 5700 2079 5766 Qui

590 5847 934 5901 "lTitnoth.
971 5865 1005 5914 ι,
1038 5851 1120 5907 17.
1218 5851 1300 5905 ⁷⁸1
1338 5853 1457 5907 Cor.
1501 5870 1533 5917 I,
1562 5854 1648 5907 Ἠ.

1728 5857 1771 5887 ⁷τ
1798 5856 1951 5914 Joan.
1993 5876 2103 5924 im,
2148 5860 2229 5916 15.

2196 4718 2270 4787 μὴ
2299 4718 2439 4771 κατὰ
2470 4718 2630 4787 φύσιν
2663 4720 2778 4771 ἐστὶ
2812 4719 2922 4788 ζωὴ
2945 4722 2973 4771 6
3004 4720 3150 4784 Υίὸς,
3186 4721 3285 4773 οὐκ
3314 4719 3463 4774 ἔσται
3489 4720 3648 4773 τοῦτο
3676 4720 3766 4773 καὶ

2191 4811 2219 4861 6
2246 4810 2455 4880 Πατήρ.
2512 4810 2671 4862 Ἀλλά
2715 4809 2874 4862 τοῦτο
2922 4811 3139 4864 ἄτοπον.
3174 4812 3334 4863 Φύσει
3370 4812 3477 4882 γὰρ
3508 4814 3536 4863 6
3577 4812 3766 4883 Πατὴρ

2194 4900 2327 4970 ζωὴ,
2376 4900 2527 4977 ἔσται
2565 4901 2720 4953 τοῦτο
2766 4903 2857 4955 καὶ
2887 4902 2914 4953 6
2954 4902 3098 4966 Υίὸς,
3132 4904 3217 4957 ἵνα
3258 4903 3330 4973 μὴ
3364 4902 3627 4971 ψεύδηται
3674 4906 3770 4974 τὴν

2195 4996 2469 5064 ὁμοίωσιν.
2530 5050 2539 5059 η,

2882 5108 3079 5162 ΑΛΛΟ.

2264 5222 2327 5275 Εἰ
2371 5220 2657 5292 χαρακτὴρ
2688 5221 3100 5291 ἀπαράλλακτος
3150 5221 3243 5290 τῆς
3272 5218 3366 5273 τοῦ
3399 5218 3611 5288 Πατρὸς
3635 5220 3766 5271 ὑπο-

2193 5314 2435 5377 στάσεώς
2461 5316 2609 5365 ἐστιν
2634 5316 2660 5366 6
2694 5313 2837 5379 Υἱὸς,
2867 5314 3084 5383 φορέσει
3127 5314 3371 5381 φυσικῶς
3408 5313 3497 5363 καὶ
3526 5311 3583 5362 τὸ
3631 5307 3765 5362 εἶναι

2192 5394 2469 5475 ζωὴ,’ῖνα
2530 5407 2604 5475 μὴ
2661 5406 3145 5476 παραχαράττηται
3191 5403 3285 5457 τοῦ
3339 5405 3551 5474 Πατρὸς
3596 5406 3624 5455 ὀ
3671 5421 3765 5472 χα-

2193 5500 2397 5567 ρπκτήρ

2875 5614 3080 5665 ΑΛΛΟ.

2259 5704 2393 5773 Φησί
2414 5721 2513 5756 που
2543 5702 2774 5774 Χριστὸς
2796 5704 2931 5774 πρὸς
2947 5706 3074 5768 τοὺς
3101 5702 3294 5757 ἑαυτοῦ
3326 5700 3575 5779 μαθφητάς
3600 5721 3616 5735 ο
3650 5721 3669 5755 ι
3708 5700 3763 5755 Ὀ

2312 5862 2355 5894 ⁷⁸
2380 5859 2535 5917 Joatt.
2573 5876 2705 5927 xm,
2746 5862 2829 5917 10.
