3968 6480
201 452 282 507 ΞΗ
1607 436 2046 493 TllESAURUS.

3363 427 3469 483 242

200 569 425 642 ἑωρακὼς
448 571 571 638 ἐμὲ,
595 570 829 640 ἑώρακε
856 566 946 621 τὸν
978 566 1215 636 Πατέρα.
1254 582 1274 616 ι
1303 563 1366 618 Εἰ
1394 562 1572 615 τοίνυν
1607 563 1633 613 6
1663 561 1774 612 Πα-

1907 559 2015 614 'idit
2052 573 2155 620 me,
2202 557 2333 612 vidit
2371 566 2424 608 et
2456 555 2668 607 Patrem
2695 554 2759 605 ν’.
2813 572 2829 600 ι
2875 551 2929 604 Si
2977 550 3137 620 igitur
3201 548 3359 602 Pater
3415 551 3465 603 in

197 663 282 732 τηρ
298 665 349 714 ἐν
374 662 483 732 Υἱῷ
504 660 776 729 φαίνεται
809 659 924 728 ζωὴ
947 659 1086 712 κατὰ
1118 655 1278 725 φύσιν
1311 654 1594 723 ὑπάρχων,
1620 650 1774 703 ἔσται

200 755 329 808 τοῦτο
357 759 447 808 καὶ
475 756 504 808 6
539 755 702 819 Υἱὸς,
740 755 829 808 ἵνα
864 756 938 823 μὴ
969 753 1232 822 ψεύδηται
1264 751 1362 820 τὴν
1385 747 1663 819 ὁμοίωσιν.

201 872 382 934 ΔΔΑΟ,
423 870 492 923 ἐκ
557 866 686 922 τῶν
744 867 948 922 αὐτῶν
991 866 1087 947 6ιρ
1131 864 1241 932 τῆς
1285 865 1372 928 εὶς
1401 863 1628 915 (hortor
1667 858 1775 911 ἀπ-

865 955 1122 1006 αγωγηςο

253 1054 373 1124 Φησί
395 1072 496 1107 που
525 1053 777 1124 Χριστός
802 1067 816 1080 ⁸
855 1071 872 1103 ι
913 1052 971 1104 '0
1005 1051 1267 1121 ἑωρακὼς
1291 1050 1412 1120 ἐμὲ,
1449 1047 1663 1119 ἑώρακε
1686 1046 1777 1099 τὸν

200 1149 407 1220 Πατέρα.
456 1168 474 1200 ι
511 1150 577 1201 Ei
619 1149 812 1201 τοίνυν
859 1149 1180 1201 ἐπείσακτον
1205 1147 1322 1217 ἦτοι
1349 1145 1493 1200 κατὰ
1521 1143 1778 1215 μετοχὴν,

203 1242 280 1294 καὶ
299 1243 390 1294 οὐκ
425 1240 700 1302 οὐσιῶδες
742 1237 856 1309 ἔχει
882 1238 940 1290 τὸ
977 1235 1117 1291 εἶναι
1140 1236 1280 1307 ζωὴ,
1312 1236 1465 1289 ἔσται
1493 1234 1653 1288 τοῦτο
1686 1233 1780 1286 καὶ

202 1334 224 1386 ὀ
249 1334 439 1404 Πατήρ.
467 1331 675 1400 Φυγὼν
703 1330 761 1384 δὲ
791 1329 885 1384 τοῦ
915 1331 1075 1398 λόγου
1095 1329 1194 1400 τὴν
1229 1327 1483 1392 ἀτοπίαν,
1523 1325 1582 1392 ἐξ
1614 1324 1781 1392 ἀνάγ-

202 1441 286 1493 κης
326 1425 692 1495 ὁμολογήσεις
748 1422 809 1476 τὸ
853 1421 1073 1492 ἕτερον·
1109 1420 1222 1492 ζωὴ
1267 1418 1375 1490 γὰρ
1431 1417 1574 1472 κατὰ
1618 1415 1780 1486 φύσιν

200 1517 222 1567 6
248 1516 375 1579 Υἱός.

877 1627 1080 1682 AAAO.

255 1746 310 1800 ΕΞ
338 1747 430 1800 τοῦ
475 1746 701 1816 [ἰατρὸς
745 1745 844 1816 τὴν
880 1743 1070 1798 οὐσίαν
1112 1743 1140 1795 6
1174 1741 1301 1804 Υἱὸς
1346 1739 1784 1812 ἀπαραλλάκτως

199 1839 608 1908 χαρακτηρίζειν
651 1835 898 1903 λέγεται,
933 1832 1050 1887 ἐστι
1085 1832 1141 1886 δὲ
1179 1833 1239 1886 οὐ
1275 1832 1418 1886 κατὰ
1452 1831 1617 1901 φύσιν
1647 1828 1783 1900 ζωὴ,

1876 650 2015 705 Filio
2034 657 2259 718 apparet
2277 647 2381 700 vita
2412 643 2732 699 naturaliter
2748 642 3155 704 exsisteus,erit
3181 642 3279 696 hoc
3302 641 3465 695 etiam

1883 741 2072 807 Filius,
2111 755 2177 794 ne
2203 739 2337 794 falsa
2366 739 2437 795 sit
2460 736 2776 793 similitudo.

1951 856 2182 920 ALIUD,
2209 871 2272 909 ex
2297 855 2483 909 iisdem
2514 870 2630 907 cum
2671 853 2970 907 reductione
2992 853 3058 903 ad
3084 852 3394 902 absurdum.

1950 1037 2202 1093 Christus
2231 1035 2428 1092 alicubi
2462 1033 2672 1104 inquit:
2718 1052 2736 1084 ι
2771 1031 2872 1098 Qui
2925 1032 3057 1085 vidit
3089 1046 3194 1096 me,
3231 1031 3362 1084 vidit
3417 1039 3473 1085 et

1880 1128 2118 1184 Patrem.
2150 1144 2170 1181 ι
2208 1125 2266 1181 Si
2317 1139 2449 1195 ergo
2479 1122 2844 1178 aceessorium
2881 1119 2982 1173 hoc
3045 1118 3121 1171 illi
3187 1127 3287 1180 est,
3355 1116 3472 1171 sive

1882 1236 1978 1291 per
2001 1218 2495 1290 participationem,
2549 1222 2604 1269 et
2661 1227 2766 1267 non
2808 1209 3119 1273 essentiale,
3175 1210 3318 1291 quod
3403 1209 3474 1263 sit

1883 1315 2013 1379 vita,
2059 1313 2164 1367 erit
2191 1285 2295 1368 hoc
2323 1309 2486 1365 etiam
2519 1307 2699 1363 Pater.
2736 1303 2902 1372 Cujus
2928 1285 3468 1358 dictiabsurditatem

1883 1406 2118 1478 fugiens,
2150 1403 2459 1459 necessario
2497 1397 2753 1456 fateberis
2782 1396 3113 1452 contrariqu
3141 1412 3154 1449 :
3181 1395 3290 1447 vita
3325 1393 3471 1447 enim

1884 1507 1967 1554 est
1994 1496 2315 1553 naturaliter
2345 1494 2541 1550 Filius.

2563 1602 2793 1659 ALIUD.

1958 1727 2017 1781 Si
2045 1723 2215 1779 Filius
2242 1723 2419 1778 Patris
2449 1717 2738 1774 essentiam
2767 1711 3078 1770 omnimoda
3113 1706 3274 1780 lu
3321 1705 3475 1761 simi-

1887 1819 2112 1876 litudine
2147 1815 2454 1887 exprimere
2494 1811 2710 1877 dicitur,
2737 1817 2930 1876 estque
2961 1806 3073 1875 ipse
3105 1817 3211 1856 non
3249 1809 3472 1855 natura-

321 1929 376 1980 ἐν
770 1893 926 1996 μέρει.
976 1925 1135 1978 τοῦτο
1165 1893 1476 1995 λαμϐάνειί
1498 1893 1667 1976 τοῦτο

1908 1913 2014 1968 iter
2039 1910 2172 1974 vita,
2199 1907 2292 1963 sed
2324 1920 2421 1978 per
2451 1901 2810 1974 adiectionem
2847 1897 2976 1952 illud
3032 1893 3250 1964 accipit,
3311 1893 3476 1946 Pater

199 2022 222 2071 6
258 2021 436 2090 Πατὴρ
468 2020 835 2090 νοηῦήσεται.
872 2019 946 2071 Τὸ
973 2017 1032 2070 δὲ
1063 2020 1122 2071 ἐν
1149 2017 1358 2081 τούτοις
1385 2017 1608 2080 ἄτοπον,
1641 2032 1784 2085 παρ-

201 2114 398 2168 εισοίσει
425 2112 487 2166 τὺ
516 2110 794 2174 ἐναντίον,
820 2110 958 2180 ὅπερ
987 2108 1104 2162 ἐστὶ
1127 2110 1223 2162 καὶ
1261 2107 1482 2178 ἀληθές.

865 2223 1070 2275 ΑΛΛΟ.

257 2335 333 2390 Τὰ
357 2335 660 2408 ἑτερογενῆ
688 2353 749 2388 τε
776 2337 870 2389 καὶ
898 2335 1163 2406 ἑτεροφυῆ
1185 2335 1282 2406 τὴν
1317 2335 1488 2405 αὐτὴν
1507 2335 1788 2407 ἐνέργειαν

202 2428 346 2496 ἔχειν,
373 2429 472 2482 οὐκ
500 2428 574 2482 ἄν
608 2445 697 2490 τις
731 2427 844 2497 δῴη
881 2426 1192 2497 σωφρονῶν.
1225 2426 1361 2480 Οὑδέ
1387 2427 1498 2499 γὰρ
1537 2427 1605 2482 ἂν
1634 2426 1790 2480 ὕδατι

203 2517 297 2589 πῦρ
317 2520 373 2574 ἓν
421 2538 476 2574 τι
518 2521 620 2575 καὶ
661 2519 858 2573 ταυτὸν
902 2519 1274 2589 ἐνεργήσειεν,
1306 2517 1424 2572 ἀλλ’
1461 2518 1653 2589 ὥσπερ
1685 2519 1792 2572 ἀπ-

204 2613 602 2685 εσχοινισμένον
661 2606 848 2683 έχουσι
873 2614 971 2682 τῆς
998 2611 1189 2674 οὐσίας
1230 2611 1352 2682 ἦτοι
1381 2611 1483 2681 τῆς
1501 2612 1791 2682 ποιότητος

204 2703 280 2759 τὸν
306 2705 481 2775 λόγον,
520 2707 675 2760 οὕτω
710 2707 806 2760 καὶ
833 2703 1094 2776 διάφορον
1123 2704 1467 2758 ἀποδώσουσι
1495 2705 1596 2776 τὴν
1639 2704 1791 2775 ἐνέρ-

205 2812 359 2863 γειαν.
388 2797 453 2850 Et
488 2797 680 2850 τοίνυν
720 2795 868 2862 ζωῆς
901 2795 1054 2857 ὖντος
1075 2793 1218 2848 κατὰ
1247 2794 1410 2864 φύσιν
1427 2793 1522 2847 τοῦ
1552 2794 1788 2863 Πατρδς,

206 2887 290 2941 οὐκ
318 2888 431 2942 ἐστι
479 2879 650 2941 τοῦτο
685 2887 806 2940 κατ’
832 2887 1022 2940 οὐσίαν
1051 2886 1080 2938 6
1112 2886 1262 2949 Υἱὸς,
1295 2885 1484 2956 ὥσπερ
1523 2887 1636 2947 τοῖς
1667 2901 1793 2955 χρι-

210 2979 480 3048 nodeth
507 2979 685 3041 δοκεῖ,
710 2978 828 3040 πῶς
846 2975 944 3046 τὴν
971 2974 1140 3045 αὐτὴν
1164 2976 1444 3045 ἐνέργειαν
1471 2974 1691 3045 φορὲσει
1715 2973 1794 3044 τῷ

210 3067 364 3139 Πατρί
388 3087 402 3135 ;
430 3071 574 3141 Φησὶ
598 3070 708 3138 γάρ
744 3086 848 3121 που
883 3067 1138 3139 Χριστὸς,
1188 3067 1269 3120 ὅτι
1301 3067 1514 3138 Ὥσπερ
1548 3069 1576 3120 6
1603 3065 1793 3142 Πατὴρ

207 3160 288 3225 οὒς
319 3162 461 3216 θέλει
501 3163 783 3228 ζωοποιεῖ,
815 3159 960 3213 οὕτω
998 3158 1088 3212 καὶ
1115 3161 1144 3212 6
1178 3158 1306 3223 Υἱὸς
1349 3159 1443 3222 οὒς
1469 3158 1612 3212 ϐέλει
1653 3158 1792 3216 ζωο-

1889 2018 2108 2078 quoque
2138 2002 2241 2058 boc
2264 2013 2389 2056 esse
2421 1995 2756 2053 censebitur.
2808 1990 2923 2046 Hoc
2973 2003 3103 2043 vero
3157 1986 3475 2049 absurdum,

1888 2091 2202 2153 necessario
2225 2089 2389 2146 infert
2420 2085 2755 2144 contrarium
2778 2122 2792 2148 ,
2826 2080 2968 2152 quod
2997 2087 3052 2135 et
3074 2092 3262 2133 ver-um
3302 2083 3408 2131 est.

2594 2196 2828 2253 ALIUD.

1961 2322 2094 2391 Quae
2124 2317 2324 2376 diversi
2354 2324 2480 2374 sunt
2512 2313 2730 2388 generis
2754 2319 2810 2366 et
2849 2317 3080 2373 naturae,
3140 2319 3300 2361 nemo
3329 2318 3482 2360 com-

1891 2433 1988 2489 pos
2019 2413 2218 2472 mentis
2241 2410 2488 2467 eamdem
2505 2407 2881 2479 operationem
2933 2401 3136 2457 habere
3171 2399 3348 2463 dicet;
3390 2411 3485 2452 ne-

1892 2525 1998 2582 que
2017 2509 2162 2565 enim
2220 2505 2361 2576 ignis
2401 2511 2457 2558 et
2495 2516 2633 2573 aqua
2661 2498 2801 2555 idem
2866 2495 3134 2552 ellicient:
3167 2493 3262 2549 sed
3293 2506 3487 2560 quem-

1892 2579 2183 2658 admodum
2237 2597 2509 2650 diversam
2564 2591 2765 2646 habent
2800 2588 3054 2643 essentia:
3077 2586 3192 2640 sive
3245 2579 3482 2651 qualita-

1894 2693 1964 2749 tis
1994 2691 2285 2755 rationem,
2315 2688 2389 2741 ita
2407 2685 2572 2740 etiam
2606 2682 2876 2738 diversam
2905 2675 3282 2747 operationem
3300 2672 3486 2729 edent.

1896 2781 1954 2838 Si
1975 2795 2106 2852 ergo
2126 2793 2249 2837 cum
2283 2776 2446 2832 Pater
2467 2775 2541 2832 sit
2564 2770 2888 2828 naturaliter
2918 2769 3054 2832 vita,
3096 2765 3269 2822 Filius
3305 2763 3357 2818 id
3394 2776 3491 2816 na-

1895 2872 2150 2930 turaliter
2192 2884 2299 2926 non
2353 2875 2457 2936 est,
2528 2861 2985 2936 quemadmodum
3045 2860 3231 2914 hostes
3285 2854 3490 2912 Christi

1894 2965 2207 3037 opinantur,
2228 2975 2334 3031 quo
2349 2968 2509 3030 pacto
2523 2958 2768 3012 eamdem
2793 2969 2914 3010 cum
2938 2952 3102 3007 Patre
3119 2949 3489 3020 Operationem

1896 3035 2157 3115 habebit?
2199 3053 2380 3125 lnquit
2423 3049 2568 3107 enim
2617 3048 2817 3103 alicubi
2859 3044 3115 3100 Christus
3155 3041 3300 3111 quod
3330 3035 3490 3092 «Sic-

1899 3160 1958 3209 ut
2008 3151 2331 3218 Paterquos
2361 3145 2472 3199 vult
2498 3142 2756 3205 viviﬁcat,
2783 3139 2857 3193 ita
2893 3146 2947 3192 et
2974 3136 3142 3191 Filius
3184 3147 3320 3203 quos
3377 3130 3494 3184 vult

211 3255 352 3307 ποιεῖ.
376 3255 454 3307 Οὐ
505 3254 621 3324 γάρ
639 3253 702 3322 δή
730 3269 832 3306 που
855 3249 1236 3316 ξωοποιεῖσθαι
1260 3250 1359 3320 μὲν
1381 3251 1585 3321 ἑτέρως
1606 3250 1793 3321 ἐροῦσι

1907 3243 2137 3299 vivificat
2159 3241 2227 3295 ὀι
2256 3257 2274 3292 ι
2298 3238 2483 3306 Neque
2501 3235 2646 3290 enim
2666 3229 2932 3286 vivificari
2954 3228 3211 3282 dicuntur
3227 3233 3496 3296 quotquot

209 3346 317 3408 τοὺς
347 3348 462 3400 ὅσοι
504 3347 662 3417 παρὰ
689 3346 784 3398 τοῦ
828 3344 1040 3414 Πατρὸς
1069 3342 1230 3397 τοῦτο
1257 3344 1619 3414 λαμϐάνουσι,
1657 3343 1796 3406 ζωο-

213 3440 465 3493 τιοιεῖσθαι
506 3439 569 3492 δὲ
640 3438 804 3492 πάλιν
846 3438 966 3492 καθ’
1001 3439 1188 3510 ἕτερον
1226 3438 1428 3508 τρόπον
1458 3437 1586 3500 τοὺς
1644 3435 1797 3507 παρὰ

212 3529 291 3584 τοῦ
325 3531 452 3585 Υἱοῦ
505 3531 669 3585 τοῦτο
708 3530 1053 3601 δεχομένους.
1105 3528 1262 3583 Οὕτω
1311 3529 1422 3599 γὰρ
1448 3527 1619 3600 ἔφησε
1665 3529 1799 3593 ζωο-

213 3626 366 3675 ποιεῖν
390 3623 486 3676 τ’δν
526 3622 770 3692 Πατέρα,
803 3621 879 3684 ὡς
914 3622 977 3675 ἂν
1005 3621 1396 3691 ζωοποιήσειεν
1419 3622 1447 3673 6
1473 3621 1623 3684 Υἱὸς,
1655 3637 1798 3672 παν-

212 3713 363 3783 ταχοῦ
394 3715 497 3786 τὴν
552 3715 723 3786 αὐτὴν
755 3713 1038 3784 ἐνέργειαν
1062 3711 1253 3782 ἔχοντα
1280 3711 1359 3782 τῷ
1401 3712 1577 3782 Πατρὶ
1606 3709 1799 3765 ἑαυτὸν

211 3807 540 3877 ὁριζόμενος.
581 3804 792 3859 Οὐκοῦν
825 3805 924 3857 οὐκ
955 3804 1205 3873 ἀνόμοιος
1238 3802 1389 3856 ἔσται
1423 3804 1560 3874 πρὸς
1596 3805 1687 3856 τὸν
1708 3819 1800 3871 γε-

214 3896 528 3965 γεννηκόταο
576 3894 693 3947 ἀλλ’
735 3893 926 3964 ὥσπερ
966 3894 1172 3955 ἐκεῖνος
1214 3892 1374 3960 φύσει
1424 3891 1538 3963 ζωὴ
1580 3891 1799 3961 λέγεται

216 3987 299 4039 καὶ
329 3987 504 4052 ἐστιν,
535 3985 678 4038 οὕτω
710 3983 806 4037 καὶ
834 3985 862 4036 ὁ
893 3984 1041 4047 Υἱός.

902 4097 1108 4151 ΔΛΛΟ.

279 4208 340 4263 Et
367 4211 466 4281 τὴν
497 4209 761 4281 ἀλήθειαν
790 4209 911 4272 ταῖς
962 4207 1210 4262 Ἰωάννου
1242 4209 1446 4277 φωναῖς
1475 4205 1803 4276 ὲπιψηφιούο

223 4300 371 4370 paea,
401 4303 582 4355 πάντα
631 4299 876 4368 δώσομεν
911 4296 1239 4370 ἐργάζεσθαι
1284 4299 1351 4350 δι’
1397 4295 1525 4350 Υίοῦ
1564 4297 1659 4349 τὸν
1694 4297 1804 4349 Πα-

221 4393 359 4462 τέρα.
398 4393 462 4446 Εἰ
498 4392 556 4444 δέ
583 4391 765 4454 τοῦτο,
801 4389 859 4442 ἐν
893 4389 948 4442 δέ
979 4389 1085 4441 τῶν
1118 4389 1293 4460 ἔργων
1333 4388 1425 4440 τοῦ
1460 4388 1672 4457 Πατρος
1710 4387 1804 4440 καὶ

224 4480 276 4534 τὸ
300 4481 584 4544 ζωοποιεῖν
613 4496 788 4542 τινας,
819 4477 972 4530 ἔσται
1003 4479 1114 4548 ζωὴ
1154 4477 1294 4530 κατὰ
1322 4476 1482 4547 φύσιν
1510 4477 1536 4530 ὁ
1567 4477 1714 4544 Υίὸς,
1737 4477 1802 4528 δι’

223 4569 276 4628 οὗ
307 4576 374 4628 τὰ
406 4574 591 4627 πάντα
645 4570 920 4634 ζωοποιεῖ,
955 4571 1042 4624 ἵνα
1083 4569 1158 4639 μὴ
1187 4570 1339 4632 νόθος
1397 4569 1621 4639 μεσίτης
1660 4586 1802 4640 παρ-

226 4667 589 4737 εισαγόμενος,
635 4661 906 4733 ἀμέτοχον
926 4660 1071 4731 δείξῃ
1109 4659 1246 4714 Θεοῦ
1290 4661 1351 4714 τὸ
1384 4663 1449 4731 τῇ
1477 4661 1614 4732 πρὸς
1639 4660 1802 4716 αὑτὸν

229 4760 398 4828 σχέσει
425 4756 695 4822 ζωοποιού
703 4773 888 4827 μενον.

912 4872 1114 4924 ΑΛΛΟ.

289 4988 352 5043 Εί
382 4989 610 5058 μεσίτης
643 4984 780 5039 Θεοῦ
812 4986 907 5038 καί⁵
950 4984 1253 5054 ἀνθρώπων
1283 4986 1431 5038 ἐστὶν
1465 4987 1493 5038 6
1527 4985 1671 5048 Υἱὸς,
1698 4984 1806 5038 ὥσ-

229 5097 326 5150 περ
357 5083 436 5142 είς
482 5079 710 5149 ἑνότητα
747 5077 983 5147 φυσικὴν
1029 5078 1317 5130 συνάπτων
1337 5077 1404 5128 τὰ
1440 5076 1602 5146 ἄκρα·
1635 5078 1806 5145 ἀναγ-

230 5175 374 5223 καῖον
419 5171 592 5222 εἰπεῖν
628 5171 731 5233 ὅτι,
789 5167 981 5240 ὥσπερ
1011 5167 1321 5239 ἀνθρώποις
1363 5167 1609 5238 συνὴφθη
1645 5185 1803 5236 φυσι-

232 5263 330 5326 κῶς
371 5263 655 5333 ἄνθρωπος
691 5262 952 5329 γεγονὼς,
985 5259 1125 5312 οὕτω
1156 5261 1248 5314 καὶ
1289 5261 1385 5329 τῆς
1411 5260 1563 5324 θείας
1591 5260 1806 5329 φύσεως

231 5357 452 5425 ἧρτηται
473 5355 603 5417 Θεὸς
629 5355 770 5406 κατὰ
807 5352 968 5420 φύσιν
994 5353 1275 5424 ὑπάρχων.
1308 5353 1367 5403 ΕΞ
1397 5353 1453 5404 δὲ
1480 5352 1656 5412 τοῦτο,
1685 5353 1806 5405 ἐπεὶ

233 5451 338 5500 κατ’
374 5447 556 5500 οὐσίαν
591 5448 685 5499 καὶ
722 5447 824 5497 οὐκ
854 5443 1048 5507 ἔξωθεν
1082 5445 1194 5513 ἔχει
1227 5445 1285 5494 τὸ
1320 5440 1458 5494 εἶναι
1495 5444 1608 5515 ζωὴ
1638 5445 1664 5496 6
1695 5446 1806 5496 Πα-

233 5545 345 5613 τὴρ,
373 5544 521 5596 ἔσται
550 5540 793 5602 τοιοῦτος
824 5539 916 5592 καὶ
954 5542 980 5592 ὁ
1015 5539 1287 5610 προσεχὴς
1312 5537 1458 5608 αὐτῷ
1498 5538 1592 5590 καὶ
1618 5539 1672 5602 ἐξ
1709 5537 1807 5588 αὑ-

235 5635 317 5688 τοῦ
348 5638 480 5688 κατὰ
506 5635 666 5702 φύσιν
696 5632 845 5694 Υἱὸς.

302 5879 507 5934 "lum.
549 5897 652 5940 MV.
691 5882 743 5931 ΣΙ,
828 5874 1044 5933 ““Juuu.
1088 5891 1137 5940 ν,
1173 5875 1258 5928 2!.
1341 5875 1377 5902 ‘”
1412 5872 1564 5926 Juuu.
1607 5886 1685 5934 ιιι,
1720 5871 1803 5923 δ’).

1898 3349 1928 3388 a
1949 3332 2060 3388 Deo
2089 3331 2192 3386 hoc
2215 3329 2492 3397 accipiunt
2522 3343 2537 3379 :
2581 3322 2740 3376 aliter
2763 3333 2895 3374 vero
2918 3317 3011 3388 qui
3044 3331 3073 3370 a
3108 3315 3246 3370 Filio
3277 3314 3381 3369 hoc
3405 3329 3496 3368 ac-

1898 3425 2128 3496 cipiunt.
2157 3421 2291 3476 Nam
2314 3420 2504 3475 eadem
2543 3417 2755 3473 ratione
2784 3415 2925 3470 dixit
2957 3403 3176 3468 Patrem
3207 3408 3494 3465 viviticare

1899 3532 2005 3589 qua
2037 3515 2276 3571 vivificat
2324 3510 2518 3574 Filius,
2556 3508 2845 3564 declarans
2891 3520 2951 3562 se
2991 3504 3137 3560 omni
3221 3518 3285 3557 ex
3343 3510 3500 3572 parte

1901 3610 2148 3666 eamdem
2183 3621 2308 3662 cum
2332 3604 2494 3660 Patre
2516 3601 2890 3672 operationem
2949 3598 3175 3656 habere.
3224 3594 3496 3664 Quocirca

1902 3718 2008 3758 non
2031 3698 2314 3757 dissimilis
2332 3705 2466 3753 esta
2507 3695 2704 3758 Patre;
2747 3692 2843 3748 sed
2868 3690 3120 3749 sicutille
3170 3687 3498 3744 naturaliter

1902 3797 2013 3852 vita
2038 3794 2235 3850 dicitur
2260 3799 2314 3848 et
2335 3798 2438 3856 est,
2475 3789 2552 3844 ita
2574 3798 2628 3844 et
2661 3786 2852 3844 Filius.

2555 4078 2783 4136 ALIUD.

1980 4200 2036 4255 Si
2074 4197 2299 4253 Joannis
2331 4194 2512 4250 verbis
2553 4191 2714 4247 ﬁdem
2755 4189 3102 4256 adhibemus,
3136 4186 3501 4243 concedemus

1907 4296 2124 4349 Patrem
2154 4291 2332 4347 omnia
2368 4288 2586 4358 operari
2614 4302 2709 4356 per
2744 4285 2943 4340 Filium
2974 4284 3041 4338 ⁸¹.
3081 4281 3236 4347 Quod
3280 4281 3498 4349 quidem

1907 4387 1952 4442 si
1993 4399 2183 4440 verum
2215 4390 2336 4447 est,
2379 4393 2546 4432 unum
2594 4392 2721 4432 vero
2761 4392 2830 4432 ex
2883 4374 3139 4444 operibus
3177 4371 3356 4426 Patris
3420 4383 3504 4427 est

1909 4475 2197 4534 nonnullos
2221 4472 2525 4537 viviIiCare,
2568 4479 2714 4524 certe
2743 4468 3070 4522 naturaliter
3105 4468 3212 4520 vita
3256 4467 3361 4520 erit
3413 4464 3502 4520 Fi-

1839 4604 1882 4659 D
1911 4570 2034 4634 lius,
2067 4581 2164 4636 per
2187 4579 2349 4633 quem
2375 4563 2559 4616 omnia
2584 4561 2846 4624 vivificat,
2883 4572 2951 4613 ne
2988 4558 3208 4626 spurius
3225 4559 3501 4614 mediator

1911 4660 2257 4716 introductus
2295 4670 2492 4726 expers
2519 4651 2964 4723 participationis
3025 4651 3115 4704 Dei
3141 4651 3392 4705 ostendat
3451 4650 3502 4704 id

1914 4754 2056 4823 quod
2081 4760 2329 4821 respectu
2356 4747 2525 4817 ipsius
2557 4743 2889 4800 viviﬁcatum
2930 4751 3034 4797 est.

2590 4860 2824 4917 ALIUD.

1988 4983 2043 5036 Si
2077 4980 2247 5036 Filius
2282 4979 2548 5034 mediator
2597 4985 2679 5032 est
2722 4975 2817 5031 Dei
2876 4982 2930 5029 et
2988 4973 3361 5040 hominum“,
3412 4976 3504 5043 qui

1916 5085 2160 5129 extrema
2192 5072 2354 5125 veluti
2389 5071 2440 5125 in
2475 5071 2736 5124 unitatem
2772 5067 3045 5138 copulavit
3078 5086 3088 5120 :
3125 5069 3494 5122 necessarium

1914 5177 1997 5223 est
2031 5179 2108 5231 ut,
2139 5164 2593 5235 quemadmodum
2623 5162 2935 5217 hominibus
2979 5160 3302 5214 naturaliter
3330 5174 3508 5227 copu-.

1913 5260 2053 5314 latus
2080 5268 2334 5321 est,cum
2371 5257 2544 5311 factus
2594 5264 2677 5309 est
2722 5255 2904 5320 homo,
2966 5254 3038 5308 ita
3092 5255 3259 5308 etiam
3310 5255 3507 5309 divina:

1917 5359 2126 5404 naturae
2157 5350 2339 5403 unitus
2361 5349 2451 5415 sit,
2485 5349 2628 5403 Deus
2663 5363 2790 5403 vere
2853 5347 3147 5401 exsistens.
3208 5347 3263 5400 Si
3323 5357 3504 5400 autem

1915 5443 2015 5496 hoc
2049 5457 2234 5496 verum
2267 5451 2370 5504 est,
2401 5455 2526 5496 cum
2596 5440 2967 5496 essentialiter
2995 5451 3048 5494 et
3103 5455 3207 5494 non
3233 5440 3505 5494 extrinse-

1914 5550 2009 5587 eus
2043 5536 2091 5585 id
2123 5535 2318 5587 habent
2351 5533 2514 5588 Pater
2545 5536 2686 5603 quod
2715 5533 2785 5589 sit
2814 5534 2922 5587 vita
2960 5550 2974 5584 :
3025 5534 3130 5587 erit
3159 5532 3322 5586 etiam
3387 5546 3508 5584 0m-

1917 5623 2042 5676 nino
2072 5623 2194 5676 talis
2220 5625 2311 5692 qui
2359 5624 2408 5678 ei
2449 5624 2772 5692 eoujuuctus
2812 5634 2915 5690 est,
2947 5635 2999 5679 et
3049 5622 3369 5678 naturaliter
3440 5636 3502 5676 ex

1918 5717 2032 5786 ipso
2067 5727 2148 5770 est
2179 5714 2368 5772 Filius.

1888 5872 1929 5901 ⁹²
1955 5871 1974 5924 l
2005 5871 2248 5927 Tituotlt.
2297 5890 2354 5937 ιι,
2395 5874 2446 5928 ὃ.
