3968 6468
1537 402 1618 465 ’5.
1657 406 1933 464 ςγιιιω
1967 401 2437 462 ALEXANDRINI
2470 398 2787 458 ARCHIEP.
3672 396 3784 452 ΞΜ

1200 520 1433 577 ALIUD.

2881 532 3085 588 ΔΛΛΟ.

609 638 904 710 Scriptura
930 639 1131 712 passim
1161 638 1356 694 Filium
1410 645 1607 694 vocant
1658 636 1975 702 Veritatem,
2046 647 2088 691 ει

2274 654 2553 727 Πανταχοῦ
2582 654 2674 708 τὸν
2705 652 2831 707 Υίὺν
2860 650 2916 706 ai
2946 648 3086 704 θεῖαι
3106 645 3323 719 Γραφαὶ
3338 642 3597 701 καλοῦσιν
3628 641 3791 713 ’Δὶή-

542 738 656 800 ipse
684 731 880 787 alicubi
910 734 975 789 de
1003 732 1181 801 seipso
1214 730 1322 786 ait:
1359 748 1379 783 ι
1412 730 1524 798 Ego
1580 744 1698 787 sum
1759 728 2038 784 veritas“.
2071 745 2088 780 ι

2203 746 2374 812 θειαν,
2397 746 2491 800 καὶ
2523 744 2685 806 αὐτὸς
2711 740 2768 796 δὲ
2796 740 2924 813 περὶ
2946 736 3139 794 ἑαυτοῦ
3161 735 3327 790 τοῦτό
3346 752 3510 807 φησιν
3528 750 3543 765 ⁸
3569 753 3589 786 ι
3636 732 3785 802 Ἐγώ

547 410 651 469 943

544 819 601 874 Si
627 835 756 891 ergo
788 821 971 877 ﬁctilia
1012 822 1205 892 inipso
1223 823 1332 876 vita
1353 830 1454 885 est,
1490 835 1597 877 non
1625 829 1809 876 autem
1834 820 2098 876 essentia-

542 912 668 966 liter
694 926 760 967 ac
791 928 936 979 vere,
963 927 1069 982 quo
1097 920 1256 982 pacto
1284 927 1390 967 non
1421 912 1712 968 mentietur
1737 911 1928 967 dicens
1956 911 2101 979 seip—

539 1013 660 1054 sum
688 1013 808 1055 esse
839 1001 1117 1055 veritatem
1139 1000 1167 1053 ἳ
1190 1000 1353 1071 Διιιυί
1415 1016 1521 1057 non
1549 1000 1845 1056 mentitur:
1875 1000 2098 1069 impium

537 1089 679 1144 enim
698 1089 799 1146 hoc
826 1091 913 1147 vel
938 1092 1054 1147 sola
1082 1092 1415 1164 cogitatione
1446 1091 1610 1148 fuerit
1644 1109 1659 1145 :
1691 1091 1892 1147 veritas
1916 1099 2098 1147 autem

537 1189 638 1237 est.
659 1178 801 1239 Vere
834 1181 996 1253 igitur
1020 1182 1131 1239 vita
1160 1191 1264 1239 est.

1106 1382 1263 1457 145
1297 1382 1527 1440 ALIUD.

602 1492 657 1548 Si
690 1492 878 1550 notitia
915 1492 1094 1552 Patris
1119 1496 1355 1553 viviﬁcat
1408 1512 1503 1553 eos
1539 1498 1631 1567 qui
1667 1497 1811 1553 illam
1864 1498 2085 1565 habent,

532 1586 767 1643 viviﬁcat
795 1601 921 1643 vero
950 1586 1197 1643 similiter
1221 1586 1383 1643 etiam
1414 1586 1602 1643 notitia
1662 1586 1782 1642 Filii
1818 1606 1831 1642 :
1866 1603 1974 1658 quo
2000 1606 2095 1660 pa-

532 1686 621 1732 cto
644 1692 751 1734 non
780 1676 944 1734 luerit
967 1676 1288 1734 naturaliter
1310 1678 1472 1745 idem,
1491 1678 1583 1748 qui
1637 1677 1815 1736 Patris
1846 1681 2093 1752 proprie-

534 1776 668 1823 tates
692 1766 827 1825 adeo
854 1766 1180 1824 excellentes
1208 1765 1369 1824 habet
1395 1768 1448 1824 iu
1472 1782 1530 1825 se
1598 1780 1760 1841 atque
1808 1772 1923 1841 ipse
1987 1771 2092 1827 Pa-

532 1865 611 1914 ter
626 1859 653 1914 ΐ
1020 1884 1022 1887 ·

700 1972 931 2040 ALIUD,
968 1990 1061 2045 per
1092 1975 1447 2033 adactionem
1507 1977 1577 2033 ad
1604 1979 1913 2038 absurdum.

605 2104 626 2139 ι
655 2084 1114 2154 Quemadmodum
1144 2085 1342 2155 Pater,
1375 2088 1550 2159 inquit
1596 2090 1897 2161 Scriptura,
1931 2093 2097 2151 habet

531 2176 694 2233 vitam
730 2177 783 2232 in
811 2177 1012 2248 seipso,
1047 2178 1122 2234 ita
1150 2184 1207 2234 et
1242 2173 1380 2235 Filio
1416 2181 1564 2235 dedit
1597 2180 1796 2259 habere
1850 2183 2014 2250 vitam
2040 2187 2094 2240 in

535 2265 734 2335 seipso.
774 2284 796 2319 ι
831 2264 932 2321 Hic
972 2266 1063 2336 qui
1112 2274 1260 2323 recte
1302 2266 1505 2325 sentire
1552 2268 1779 2337 nolunt,
1820 2285 2092 2327 summum

532 2354 881 2427 blasphemia:
909 2354 1205 2428 periculum
1244 2356 1544 2414 incurrunt.
1573 2358 1704 2415 Nam
1736 2360 1782 2417 si
1810 2359 1971 2416 Pater
2011 2362 2095 2419 di-

534 2449 675 2505 citur
707 2450 908 2505 habere
945 2448 1001 2504 in
1034 2448 1213 2519 seipso
1235 2448 1422 2517 vitam,
1456 2436 1726 2508 diversum
1791 2453 1918 2523 quid
1945 2462 2031 2509 est
2061 2468 2090 2507 a

527 2542 640 2598 vita
669 2557 787 2612 qua:
828 2541 883 2597 in
930 2556 991 2599 se
1041 2549 1146 2600 est.
1216 2541 1272 2597 Si
1326 2552 1505 2599 autem
1567 2544 1670 2602 hoc
1723 2546 2092 2616 duplicitatem

533 2635 815 2704 quamdam
850 2644 906 2690 et
935 2634 1376 2703 compositionem
1428 2636 1634 2691 inferre
1679 2638 1931 2705 videtur,
1985 2654 2093 2711 quo

529 2734 683 2796 pacto
704 2726 868 2795 igitur
916 2726 1144 2795 simplex
1170 2736 1226 2783 et
1276 2742 1383 2783 non
1435 2730 1766 2798 compositus
1796 2730 2090 2785 secundum

527 2816 820 2872 essentiam
849 2824 932 2872 est
958 2815 1138 2873 Deus?
1168 2819 1272 2875 Sed
1329 2819 1431 2875 hoc
1487 2820 1784 2877 absurdum
1818 2831 1926 2875 est.
1962 2820 2088 2876 Vita

528 2907 693 2976 igitur
712 2923 873 2977 quam
913 2907 1079 2963 habet
1111 2907 1272 2963 Pater
1305 2909 1363 2963 in
1388 2909 1586 2980 seipso,
1619 2925 1726 2965 non
1786 2919 1868 2967 est
1900 2909 2005 2965 alia
2037 2920 2093 2966 et

526 2998 738 3051 diversa
766 2996 1007 3065 quaedam
1031 3012 1063 3051 a
1094 2995 1266 3053 Filio:
1294 3008 1349 3053 et
1390 2999 1653 3066 vicissim,
1702 3001 1810 3054 vita
1859 2986 2087 3071 quaa'in

527 3087 663 3144 Filio
712 3096 796 3144 est
824 3102 928 3143 non
964 3098 1070 3155 est,
1120 3089 1333 3146 diversa
1379 3105 1409 3145 a
1445 3090 1627 3157 Patre,
1659 3102 1715 3147 et
1755 3106 1882 3149 vere
1916 3094 2087 3149 dicit:

529 3193 551 3230 ι
589 3176 704 3248 Ego
734 3177 789 3233 ia
812 3174 994 3246 Patre,
1012 3186 1067 3235 et
1102 3175 1262 3233 Pater
1289 3178 1344 3234 in
1369 3193 1456 3236 me
1477 3179 1543 3236 “.
1579 3197 1599 3232 ι

1208 3289 1437 3349 ALIUD.

568 3400 726 3477 ,ραι
750 3401 864 3459 Deo
888 3415 950 3457 ac
972 3400 1121 3459 Patri
1138 3402 1344 3473 insunt,
1366 3407 1644 3465 naturales
1688 3417 1744 3465 et
1774 3412 2089 3470 essentiales

524 3492 879 3564 proprietates
914 3508 1113 3550 vocans
1145 3492 1365 3562 Paulus,
1400 3496 1599 3553 alicubi
1645 3498 1720 3556 ita
1750 3501 1829 3556 ait
1859 3519 1873 3556 :
1911 3519 1932 3555 ι
1985 3502 2088 3570 Qui

522 3584 670 3642 solus
706 3584 867 3643 habet
898 3586 1359 3646 immortalitatem
1392 3590 1461 3646 ⁸³.
1488 3610 1509 3645 ι
1536 3590 1594 3647 Si
1650 3608 1780 3650 vero
1812 3595 2085 3665 quispiam

522 3677 707 3734 dicens
732 3677 1215 3750 immortalitatem,
1240 3682 1373 3738 nihil
1411 3683 1551 3739 aliud
1572 3698 1671 3756 per
1712 3684 1766 3742 id
1823 3686 2089 3759 intelligat

520 3784 680 3840 quam
718 3770 904 3838 vitam,
924 3772 1031 3827 vita
1062 3781 1239 3828 autem
1259 3782 1343 3829 est
1367 3772 1539 3832 Filius
1570 3777 1755 3833 dicens
1778 3782 1801 3830 ἰ
1831 3778 1942 3850 Ego
1967 3796 2086 3836 sum

521 3862 731 3931 vita“;
760 3876 891 3933 ergo
905 3863 1245 3920 Paterhabet
1276 3866 1330 3920 in
1358 3866 1535 3935 seipse
1583 3868 1774 3933 vitam,
1828 3871 2085 3927 nimirum

520 3951 716 4010 Filium
743 3972 759 4010 :
791 3968 966 4025 neque
998 3955 1267 4011 diversum
1298 3959 1427 4029 quid
1458 3974 1488 4013 a
1526 3973 1606 4015 se.
1638 3959 1759 4029 Ipse
1809 3961 1970 4016 etiam
2015 3963 2089 4018 si-

520 4044 717 4102 militer
746 4045 1013 4101 exsistens
1034 4046 1165 4115 vita,
1194 4046 1341 4104 dedit
1368 4050 1606 4120 seipsum
1633 4049 1802 4117 Filio;
1833 4068 1940 4108 non
1959 4062 2083 4108 tan-

520 4150 682 4206 quam
723 4150 923 4207 corpus
955 4138 1169 4207 corpori
1196 4142 1559 4210 committens,
1600 4157 1776 4213 neque
1829 4153 2084 4214 tanquam

518 4227 717 4283 cedens
742 4226 879 4284 Filio
898 4243 1049 4285 suam
1076 4231 1487 4302 hypostasim,et
1507 4235 1903 4306 deincepsesse
1924 4253 2084 4293 suum

519 4320 573 4374 iu
596 4318 734 4375 Filio
759 4320 1002 4387 habens;
1042 4322 1135 4377 sed
1175 4324 1445 4380 exsistens
1489 4325 1541 4379 id
1569 4326 1711 4395 quod
1738 4340 1955 4396 semper
2004 4338 2088 4383 est

2201 837 2335 907 ειμι,
2363 835 2556 905 λέγων,
2594 835 2627 904 ὴ
2653 831 2899 904 ἀλήθεια.
2943 849 2962 882 ι
2999 830 3066 884 Ei.
3102 826 3282 881 τοίνυν
3309 825 3702 897 διεψευσμένον
3722 824 3786 877 ὲν

2199 927 2348 999 αὐτῷ
2378 927 2440 979 τὸ
2472 927 2573 997 τῆς
2619 922 3045 995 ζωῆςιπρᾶγμα,
3084 922 3180 975 καὶ
3207 920 3308 973 οὐκ
3348 918 3627 983 οὐσιῶδες,
3654 916 3783 971 οὐδὲ

2198 1017 2473 1088 ἀληθινὸν,
2509 1018 2625 1080 πῶς
2655 1017 2715 1069 οὐ
2750 1014 3013 1086 ψεύσεται
3055 1012 3231 1082 λέγων
3273 1010 3468 1065 ἑαυτὸν
3511 1006 3657 1063 εἶναι
3678 1010 3784 1080 τὴν

2199 1108 2487 1180 ἀλήθειαν;
2534 1107 2694 1168 Ἀλλὰ
2716 1089 2840 1179 ’μὴν
2867 1105 2928 1167 οὐ
2970 1103 3224 1174 ψεύδεται
3249 1120 3261 1132 ³
3294 1101 3455 1155 τοῦτο
3502 1101 3612 1172 γὰρ
3648 1100 3785 1153 ἀσε-

2200 1198 2291 1264 ϐὲς
2335 1198 2430 1253 καὶ
2470 1198 2629 1270 μόνον
2681 1198 2913 1252 ἐννοεῖν
2945 1192 3174 1263 ἀλήθεια
3217 1191 3275 1244 δέ
3320 1193 3489 1248 ἐστιν.
3522 1190 3640 1243 Οὐκ
3669 1188 3784 1260 ἄρα

2197 1288 2580 1362 διεψευσμένον
2618 1288 2727 1360 ἔχει
2757 1288 2818 1341 τὸ
2858 1282 2998 1341 εἶναι
3028 1284 3166 1356 ζωή.

2876 1397 3079 1450 ΑΛΛΟ.

2265 1512 2328 1567 El
2359 1512 2612 1578 ζωοποιεῖ
2636 1509 2730 1563 τοῦ
2759 1508 2969 1579 [ἰατρὸς
2996 1509 3030 1578 ἡ
3052 1506 3251 1575 γνῶσις
3271 1506 3398 1568 τοὺς
3426 1502 3653 1574 ἔχοντας
3682 1500 3784 1555 αὐ·-

2193 1604 2312 1677 τὴν,
2360 1604 2615 1670 ζωοποιεῖ
2654 1604 2711 1657 δὲ
2748 1601 2950 1674 ὁμοίως
2984 1600 3081 1654 καὶ
3118 1601 3152 1671 ἠ
3197 1597 3293 1652 τοῦ
3330 1595 3484 1662 Υἱοῦ,
3526 1594 3647 1659 πῶς
3676 1593 3785 1648 οὐκ

2193 1694 2344 1748 ἔσται
2381 1693 2501 1747 κατ’
2527 1692 2716 1746 οὐσίαν
2738 1693 2766 1744 6
2788 1690 2971 1773 αὐτὸς,
2999 1690 3028 1741 6
3062 1689 3180 1751 ταῑς
3206 1686 3301 1741 τοῦ
3330 1685 3542 1757 Πατρδς
3580 1684 3783 1753 ίδιότη-

2195 1802 2277 1840 σιν
2309 1784 2451 1839 οὕτω
2487 1780 2825 1852 διαπρέπων,
2854 1778 2929 1842 ὡς
2962 1778 3029 1832 ἂν
3070 1777 3119 1829 εί
3153 1776 3248 1829 καὶ
3292 1774 3454 1838 αὐτὸς
3484 1776 3513 1828 6
3544 1774 3781 1845 Πατήρ;

2372 1986 2575 2051 AAAO,
2609 1983 2708 2037 διὰ
2734 1980 2843 2050 τῆς
2869 1982 2955 2047 είς
2993 1978 3222 2033 ἄτοπον
3248 1974 3592 2047 ἀπαγωγῆς.

2269 2121 2289 2155 ι
2312 2102 2526 2170 Ὥσπερ
2546 2100 2575 2151 6
2595 2098 2807 2168 ῌατὴρ,
2830 2095 3014 2165 φησὶν,
3036 2092 3147 2164 ἔχει
3169 2089 3314 2161 ζωὴν
3330 2090 3389 2142 ὲν
3409 2087 3609 2159 ἐαυτῷ,
3631 2087 3784 2141 οὕτω

2195 2193 2289 2246 καὶ
2324 2190 2402 2261 τῷ
2430 2188 2544 2259 Υἱῷ
2558 2188 2754 2242 δέδωκε
2782 2186 2926 2257 ζωὴν
2953 2184 3094 2254 ἔχειν
3120 2186 3177 2236 ὲν
3207 2180 3412 2251 ἑαυτῷ·
3451 2200 3487 2235 ι,
3506 2179 3781 2234 Ἐνταῦθα
3882 2184 3893 2195 ’

2191 2284 2302 2345 τοῖς
2335 2280 2437 2334 οὐκ
2488 2277 2732 2332 ἐθέλουσι
2778 2278 2918 2331 νοεῖν
2948 2273 3143 2343 ὀρθῶς,
3182 2274 3262 2337 είς
3316 2270 3517 2343 πολλὴν
3546 2273 3575 2325 6
3616 2271 3781 2341 λόγος

2193 2356 2525 2426 κινδυνεύσει
2560 2366 2875 2439 δυσφημίαν
2929 2366 3200 2419 ἐκπεσεῖν.
3257 2363 3321 2416 El
3360 2362 3472 2434 γὰρ
3516 2361 3665 2433 ἔχειν
3721 2365 3783 2415 ὲν

2193 2463 2372 2533 ἑαυτῷ
2408 2462 2625 2530 λέγεται
2654 2458 2800 2531 ζωὴν
2825 2460 2854 2511 6
2884 2457 3096 2527 Πατὴρ,
3130 2455 3316 2525 ἕτερόν
3346 2454 3398 2507 τί
3430 2454 3580 2507 ἐστιν
3609 2453 3780 2517 αὐτὸς

2193 2554 2349 2626 παρὰ
2398 2554 2495 2625 τὴν
2525 2554 2583 2606 ὲν
2627 2551 2778 2620 αύτῷ
2814 2549 2980 2621 ζωήν.
3037 2548 3101 2603 El.
3129 2547 3185 2601 δὲ
3236 2546 3396 2623 τούτο
3447 2545 3642 2617 διπλόη
3694 2564 3780 2609 τις

2193 2632 2380 2717 ὥσπερ
2401 2645 2495 2699 καὶ
2522 2643 2769 2707 σύνθεσις
2809 2643 2937 2712 περὶ
2963 2639 3125 2695 αὑτὸν
3151 2638 3501 2715 νοηθήσεται,
3538 2639 3659 2702 πῶς
3681 2632 3778 2691 οὖν

2194 2737 2395 2801 ἁπλοῦς
2415 2738 2509 2792 καὶ
2534 2735 2785 2798 σύνθετος
2806 2734 2923 2787 κατ’
2952 2732 3139 2786 οὐσίαν
3165 2733 3194 2784 6
3221 2731 3388 2794 Θεός;
3429 2730 3587 2784 Ἀλλὰ
3612 2728 3778 2784 τοῦτο

2190 2830 2411 2885 ἄτοπον.
2454 2830 2519 2883 Ἦ
2540 2825 2651 2898 ζωὴ
2695 2827 2801 2899 ἄρα
2824 2827 2890 2897 ἢν
2931 2823 3044 2895 ἔχει
3076 2826 3104 2877 6
3134 2822 3325 2894 Πατὴρ
3354 2826 3411 2876 ἐν
3440 2824 3639 2895 ἑαυτῷ,
3676 2822 3776 2891 οὐχ

2191 2920 2353 2991 ἑτέρα
2374 2919 2458 2982 τίς
2487 2919 2605 2973 ἐστι
2655 2916 2808 2988 παρὰ
2834 2916 2926 2969 τὸν
2966 2915 3127 2969 Υίόν’
3162 2916 3259 2969 καὶ
3291 2915 3456 2969 πάλιν
3486 2916 3520 2986 ἡ
3569 2916 3628 2968 εν
3656 2912 3778 2984 Υίῷ

2191 3008 2326 3080 ζωὴ,
2360 3009 2458 3079 οὐχ
2484 3007 2647 3078 ἑτέρα
2679 3006 2762 3068 τίς
2789 3006 2905 3057 ἐστι
2935 3002 3087 3074 παρὰ
3117 3000 3207 3055 τὸν
3238 3001 3481 3073 Πατέρα,
3515 3000 3611 3054 καὶ
3638 2998 3789 3083 6111--

2191 3099 2338 3154 θεύει
2363 3098 2570 3169 λέγων·
2605 3117 2624 3150 ‹
2667 3094 2810 3164 Ἐγὼ
2854 3094 2913 3150 ιν
2957 3093 3033 3165 τῷ
3062 3092 3237 3163 nam
3267 3091 3364 3147 και
3405 3091 3436 3144 ὁ
3476 3090 3668 3164 Πατὴρ
3716 3092 3778 3145 ιν

2111 3194 2157 3257 C
2188 3190 2329 3262 ἔμοι.
2369 3207 2387 3240 ι

2874 3297 3076 3351 ΔΛΛΟ.

2259 3411 2341 3465 Τὰ
2372 3410 2642 3482 προσόντα
2665 3408 2743 3479 τῷ
2768 3407 2886 3480 Θεῷ
2912 3409 3005 3462 καὶ
3028 3409 3201 3479 Πατρὶ
3222 3410 3430 3477 φυσικά
3463 3427 3522 3464 τε
3555 3412 3652 3465 καὶ
3678 3409 3768 3465 οὐ·

2190 3504 2351 3575 σιὼδη
2378 3502 2550 3572 λέγων
2601 3500 2887 3571 ἰδιώματα,
2928 3501 3062 3571 φησί
3096 3517 3198 3553 που
3232 3500 3477 3565 Παῦλος·
3512 3522 3531 3554 ι
3581 3504 3640 3557 Ὀ
3672 3501 3768 3573 μό-

2189 3613 2277 3661 νος
2306 3595 2445 3667 ἔχων
2500 3592 2816 3649 ἀθανασίαν.
2865 3610 2885 3644 ι
2930 3591 2994 3645 Ei
3040 3591 3219 3645 τοίνυν
3250 3591 3403 3646 οὐδὲν
3454 3592 3644 3665 ἔτερόν
3684 3608 3769 3656 τις

2186 3687 2410 3758 ὁριεῖται
2441 3683 2616 3752 λέγων
2648 3683 2747 3753 τὴν
2773 3681 3073 3736 ἀθανασίαν
3107 3681 3260 3753 παρὰ
3286 3681 3386 3755 τὴν
3426 3683 3591 3755 ζωὴν,
3625 3682 3768 3755 αὕτη

2186 3778 2243 3831 δέ
2273 3778 2423 3830 ἐστιν
2464 3778 2491 3830 6
2530 3776 2658 3840 Υἱὸς
2692 3777 2721 3829 6
2753 3774 2959 3841 λέγων·
3026 3774 3168 3843 Ἐγώ
3189 3777 3304 3845 εἰμι
3340 3777 3374 3845 ὴ
3402 3774 3539 3846 ζωὴ,
3588 3775 3619 3827 ό
3652 3776 3763 3829 Πα-

2188 3869 2291 3941 τὴρ
2320 3868 2434 3939 ἔχει
2466 3866 2609 3939 ζωὴν
2633 3869 2690 3920 ὲν
2732 3864 2928 3936 ἑαυτῷ,
2955 3865 3047 3919 τὸν
3084 3865 3211 3920 Υίὸν
3243 3866 3511 3937 δηλονότι,
3545 3868 3641 3921 καὶ
3669 3866 3765 3939 οὐχ

2188 3959 2372 4030 ἕτερόν
2396 3976 2449 4012 τι
2469 3958 2599 4030 παρ’
2625 3956 2811 4013 αὐτόν.
2842 3957 3012 4021 Αὐτός
3035 3974 3095 4010 τε
3115 3957 3317 4029 ὁμοίως
3338 3959 3599 4031 ὑπάρχων
3629 3957 3765 4030 ζωὴ,

2187 4047 2417 4101 δέδωκεν
2446 4046 2637 4118 ἑαυτὸν
2668 4046 2745 4116 τῷ
2778 4044 2929 4115 Υίῷο
2972 4047 3070 4116 οὐχ
3099 4046 3174 4111 ὡς
3204 4046 3367 4117 σῶμα
3409 4050 3670 4120 χωρήσας
3709 4048 3763 4101 ἐι

2190 4137 2422 4208 σώματι,
2444 4137 2551 4192 οὐδ’
2571 4137 2647 4201 ὡς
2672 4138 2753 4209 τῷ
2776 4138 2890 4208 Υίῳ
2914 4139 3329 4210 παραχωρήσας
3349 4139 3449 4212 τὴν
3477 4140 3614 4195 ἰδίαν
3642 4140 3761 4195 ὑπό

2190 4248 2399 4297 στασιν,
2427 4230 2521 4284 καὶ
2546 4232 2604 4284 ὲν
2626 4229 2776 4300 αύτῷ
2794 4230 2978 4284 λοιπὸν
2994 4228 3055 4282 τὸ
3076 4227 3217 4285 εἶναι
3240 4230 3380 4303 ἔχων
3403 4246 3417 4264 ⁸
3449 4234 3563 4289 ἀλλ’
3589 4234 3760 4304 ὑπάρ-

2188 4340 2298 4394 χων
2327 4323 2426 4392 μὲν
2462 4322 2608 4377 τοῦθ’
2639 4324 2776 4395 ὅπερ
2807 4324 2957 4377 ἐστὶν
2999 4325 3089 4379 ἀεὶ
3133 4325 3325 4398 Πατὴρ
3371 4327 3465 4381 καὶ
3495 4326 3648 4392 Θεὸς.
3686 4327 3760 4397 Τῇ

518 4409 680 4467 Pater
710 4427 775 4467 ac
814 4411 975 4468 Deus.
1001 4413 1259 4469 Essentiae
1285 4431 1414 4472 vero
1448 4417 1754 4485 identitate,
1798 4428 1853 4475 et
1877 4430 2085 4477 natura:

2197 4414 2242 4467 se
2270 4414 2370 4485 τῆς
2401 4414 2589 4479 οὐσίας
2615 4416 2904 4486 ταυτότητι
2937 4416 3030 4469 καὶ
3076 4419 3139 4487 τῇ
3176 4418 3273 4487 τῆς
3304 4418 3522 4487 φύσεως
3553 4420 3759 4488 ἐνότητι

519 4504 726 4559 unitate
747 4502 1090 4562 ineﬂabiliter
1119 4520 1243 4563 cum
1271 4508 1446 4565 Verbo
1468 4512 1613 4580 quod
1636 4527 1704 4567 ex
1731 4525 1790 4569 se
1819 4514 2086 4582 processit

520 4593 819 4664 copulatus.

1180 4707 1416 4767 ALIUD.

586 4818 930 4890 Quaecunque
958 4821 1279 4879 naturaliter
1298 4840 1362 4880 ac
1389 4826 1754 4884 essentialiler
1796 4827 1946 4885 Patri
2002 4830 2080 4885 in-

516 4924 636 4967 esse
664 4911 940 4978 dicuntur,
969 4912 1059 4967 illa
1080 4915 1259 4969 omnia
1291 4923 1376 4971 est
1392 4915 1578 4974 Filius.
1616 4918 1777 4976 Solus
1801 4919 1962 4975 Pater
1992 4936 2082 4977 ve-

518 5020 610 5059 rus
657 5004 797 5061 Deus
825 5012 928 5070 est,
982 5007 1107 5075 quia
1127 5007 1274 5063 solus
1311 5009 1474 5066 habet
1514 5010 1708 5067 Filium
1758 5013 2027 5068 dicentem
2064 5033 2077 5068 :

516 5096 627 5165 Ego
656 5111 771 5150 sum
803 5096 1006 5152 veritas
1034 5098 1101 5150 ⁸⁷.
1153 5098 1382 5168 Sapiens
1440 5116 1503 5155 ac
1549 5113 1742 5171 potens
1785 5102 2036 5158 similiter
2063 5143 2077 5170 ,

514 5188 640 5254 quia
664 5186 909 5241 Christus
942 5188 1033 5242 Dei
1066 5191 1329 5257 potentia,
1358 5201 1413 5245 et
1462 5191 1555 5247 Dei
1594 5193 1880 5261 sapientia.
1920 5193 2079 5249 Solus

516 5279 711 5334 dicitur
737 5280 1037 5336 inhabitare
1081 5280 1253 5336 lucem
1310 5284 1735 5340 inaccessibilem
1795 5286 1878 5339 8':
1921 5287 2082 5342 habet

513 5373 660 5425 enim
689 5370 742 5424 in
772 5370 951 5440 seipso
978 5371 1287 5428 dicentem:
1324 5373 1435 5445 Ego
1475 5390 1591 5429 sum
1638 5376 1747 5429 lux.
1791 5377 1948 5433 Solus
1984 5380 2082 5433 im-

517 5460 902 5517 mortalitatem
924 5462 1125 5518 babere
1154 5464 1371 5532 dicitur,
1400 5466 1523 5535 quia
1550 5468 1709 5522 habet
1728 5468 1779 5521 in
1799 5484 1858 5523 se
1883 5468 2079 5523 Filium

517 5551 785 5606 dicentem
817 5571 830 5607 :
864 5552 976 5625 Ego
1004 5569 1121 5610 sum
1147 5556 1278 5611 vita.
1334 5556 1389 5611 Si
1448 5573 1573 5629 ergo
1617 5560 1876 5630 quidquid
1932 5559 2081 5615 Patri

518 5644 793 5715 proprium
824 5656 930 5715 est,
960 5649 1062 5706 hoc
1101 5649 1275 5721 ipsum
1325 5660 1408 5705 cst
1434 5648 1634 5707 Filius:
1660 5667 1781 5707 cum
1811 5651 1972 5707 Pater
2002 5653 2082 5707 di-

586 5820 812 5881 “Joan.
843 5840 955 5895 xxv,
984 5830 1037 5883 6.
1111 5826 1160 5862 ⁸⁸
1208 5828 1335 5884 ibid.
1377 5830 1458 5883 l0.
1553 5828 1894 5885 "l'l‘imoth.
1932 5847 2003 5898 vr,
2051 5831 2088 5884 ll

2231 5832 2274 5863 ⁸⁵
2300 5829 2453 5887 Joan.
2491 5847 2599 5898 xw,
2637 5831 2686 5885 6.
2767 5830 2809 5864 ⁸⁷
2841 5829 2967 5886 Ibid.

2188 4506 2323 4578 πρὸς
2356 4506 2445 4560 τὸν
2466 4506 2523 4573 ἐξ
2547 4506 2711 4561 αὐτοῦ
2735 4509 3064 4580 προελθόντα
3081 4509 3254 4578 Λόγον
3282 4510 3610 4582 ἀπορρήτως
3639 4527 3756 4565 συν-

2185 4598 2273 4652 δού
2282 4618 2461 4671 μενος.

2879 4718 3080 4770 ΑΛΛΟ.

2255 4829 2395 4881 Ὅσα
2438 4832 2717 4901 προσεῖναι
2747 4830 2959 4897 λέγεται
2988 4830 3065 4899 τῷ
3136 4830 3263 4900 ατρὶ
3292 4829 3542 4899 φυσικῶς
3578 4847 3640 4884 τε
3672 4831 3757 4908 καὶ

2186 4920 2478 4985 οὐσιωδῶς,
2506 4922 2678 4974 ταῦτα
2704 4923 2881 4975 πάντα
2909 4924 3053 4975 ἐστὶν
3079 4924 3106 4974 ό
3134 4922 3280 4985 Υἱός.
3307 4923 3485 4987 Μόνος
3513 4921 3756 4995 ἀληθινὸς

2187 5014 2401 5082 λέγεται
2434 5011 2565 5077 Θεὸς
2607 5016 2635 5067 6
2670 5014 2880 5085 Πατὴρ,
2929 5013 3115 5085 ἐπειδὴ
3164 5013 3322 5082 μόνος
3357 5014 3471 5083 ἔχει
3514 5015 3607 5069 τὸν
3637 5013 3764 5070 Υίὸν

2187 5107 2278 5161 τὸν
2336 5106 2594 5173 λέγοντα·
2673 5106 2814 5174 Ἐγώ
2862 5108 2979 5177 εἰμι
3023 5107 3055 5175 ἡ
3130 5103 3380 5175 ἀλήθεια.
3443 5106 3618 5175 Σοφδς
3670 5104 3755 5159 καῖ

2185 5196 2409 5259 δυνατὸς
2424 5196 2641 5266 ὁμοίως.
2658 5197 2781 5249 ἐπεὶ
2806 5196 3036 5265 Χριστὸς
3063 5194 3199 5247 Θεοῦ
3226 5193 3480 5264 δύναμις,
3509 5195 3605 5248 καὶ
3630 5191 3759 5249 Θεοῦ

2185 5288 2363 5357 σοφία.
2400 5288 2574 5350 Μόνος
2621 5288 2838 5356 λέγεται
2878 5291 2994 5355 φῶς
3044 5288 3211 5339 οἰκεῖν
3268 5284 3599 5355 ἀπρόσιτονο
3654 5284 3757 5355 ἔχει

2183 5379 2289 5450 γὰρ
2312 5380 2368 5433 ἐν
2408 5378 2583 5449 ἐαυτῷ
2608 5379 2699 5432 τὸν
2728 5378 2985 5447 λέγοντα·
3022 5376 3161 5444 Ἐγώ
3189 5377 3303 5445 εἰμι
3337 5374 3398 5428 τὸ
3432 5375 3568 5445 φῶς.
3592 5377 3759 5430 Μόνος

2184 5470 2326 5540 ἔχειν
2360 5471 2655 5524 ἀθανασίαν
2701 5469 2939 5537 λέγεται·
2964 5470 3073 5539 ἔχει
3114 5468 3221 5538 γὰρ
3257 5468 3315 5519 ὲν
3347 5466 3527 5537 ἑαυτῷ
3550 5466 3647 5520 τόν
3678 5463 3763 5517 λέ-

2186 5544 2349 5629 λίοντα
2381 5563 2505 5614 Υἱόν
2527 5578 2538 5591 ·
2590 5561 2729 5631 Ἐγώ
2751 5564 2865 5631 είμι
2900 5564 2931 5630 ἡ
2962 5561 3095 5631 ζωή.
3130 5561 3189 5611 El
3234 5560 3413 5613 τοίνυν
3452 5558 3679 5628 σύμπαν
3705 5551 3759 5609 τὺ

2185 5655 2277 5708 τοῦ
2308 5655 2517 5726 ιΙατρὺς
2548 5655 2699 5717 ἴδιον,
2736 5654 2893 5707 τοῦτό
2936 5655 3082 5705 ἐστιν
3116 5654 3143 5705 6
3174 5652 3323 5715 Υἱὸς,
3365 5653 3492 5706 ὅταν
3538 5651 3757 5720 λέγηται

3052 5830 3094 5861 ⁸⁸
3125 5830 3141 5881 l
3182 5818 3420 5883 Timotli.
3454 5843 3537 5893 Vt,
3569 5828 3655 5885 16.
