3968 6472
228 804 370 872 φύσιν
395 802 491 871 ὧν,
524 800 781 856 δέδωκεν
813 798 1006 855 ἑαυτὸν
1027 794 1193 866 αὐτῷ.

920 999 1120 1053 ΔΔΛΟ.

288 1117 403 1190 Ζωὴ
432 1115 583 1171 κατὰ
615 1114 792 1184 φύσιν
842 1112 1105 1185 ὑπάρχων
1137 1114 1167 1166 ὁ
1196 1111 1346 1176 Υἱὸς,
1381 1106 1634 1179 δέχεσθαι
1665 1102 1820 1175 παρὰ

229 1208 312 1263 τοῦ
357 1207 581 1281 Πατρδς
636 1207 856 1280 ταύτην
905 1205 1091 1278 φησὶν,
1129 1205 1231 1275 οὐχ
1279 1197 1315 1280 ᾖ
1367 1200 1541 1269 Λόγος
1585 1198 1735 1252 ἐστὶν
1783 1196 1816 1267 ἢ

229 1301 559 1369 ἀπαύγασμα
590 1299 852 1368 φυσικῶς
890 1299 1005 1370 ἔχει
1031 1298 1100 1353 τὰ
1140 1296 1235 1351 τοῦ
1271 1295 1485 1367 Πατρδς
1510 1292 1641 1356 ῐδια,
1683 1288 1823 1345 ἀλλὰ

233 1390 362 1445 καθὸ
383 1390 617 1460 γέγονεν
665 1389 981 1459 ἄνθρωπος,
1012 1383 1057 1459 ᾧ
1101 1388 1281 1443 πάντα
1323 1386 1602 1440 θεόσδοτα.
1635 1385 1823 1438 Κατα-

234 1476 405 1553 ὅτήσει
440 1483 502 1539 δι
536 1483 713 1537 τοῦτο
741 1484 916 1553 σαφὲς
952 1484 1010 1537 ἐν
1050 1484 1165 1547 τοῖς
1198 1479 1419 1551 ἐφεξῆς,
1451 1477 1548 1532 τοῦ
1576 1475 1822 1531 δεδόσθαι

232 1572 319 1645 τὴν
344 1574 526 1628 αἰτίαν
559 1573 963 1645 ἐξηγούμενος.
1010 1571 1293 1638 Ἐξουσίαν
1318 1569 1449 1643 γὰρ,
1478 1567 1665 1638 φησὶν,
1688 1566 1824 1619 ἐδω-

232 1682 316 1719 κεν
348 1666 500 1736 αὑτῷ
527 1666 727 1737 κρίσιν
748 1668 947 1729 ποιεῖν,
970 1666 1052 1719 δτι
1082 1665 1211 1729 Υίὸς
1236 1662 1527 1734 ἀνθρώπου
1554 1658 1721 1714 ἐστίν.
1760 1658 1823 1711 Et

229 1756 279 1811 δι
318 1756 629 1830 ἐπειδήπερ
664 1757 791 1820 Υἱὸς
825 1755 1116 1829 ἀνθρώπου
1162 1756 1303 1820 ἐστὶ,
1336 1753 1435 1825 τὴν
1463 1753 1555 1806 ἐπὶ
1595 1750 1676 1822 τῷ
1705 1749 1829 1820 κρί··

231 1867 330 1903 νειν
367 1850 628 1916 ἐξουσίαν
673 1850 956 1922 εἰληφέναι
999 1850 1240 1920 λέγεται,
1286 1848 1377 1901 τὸν
1416 1845 1580 1900 αὐτὸν
1627 1845 1829 1899 ἀνακυ-

234 1938 535 2006 κλώσαντες
582 1942 751 2011 λόγον
791 1940 1058 2014 ἐροῦμεν·
1098 1939 1316 2010 Ἐπειδὴ
1368 1937 1498 2002 Υίδς
1537 1936 1827 2010 ἀνθρώπου

233 2030 431 2099 γέγονε,
461 2032 568 2104 τὴν
601 2033 904 2104 ὁμοιότητα
927 2032 1164 2103 φορέσας
1200 2030 1307 2085 τῶν
1332 2029 1485 2101 παρὰ
1516 2028 1655 2082 Θεοῦ
1682 2026 1833 2099 δέχε-

237 2121 349 2177 σθαι
380 2122 450 2177 τὰ
486 2125 679 2179 πάντα
723 2126 1070 2195 πεφυκότων,
1117 2125 1211 2177 καὶ
1252 2122 1398 2195 ζωὴν
1431 2121 1713 2193 εἰληφέναι
1738 2120 1830 2173 λέ-

236 2228 397 2280 ἵεται,
440 2216 588 2286 μόνῃ
625 2214 722 2267 καὶ
748 2217 934 2285 γυμνῇ
968 2215 1035 2285 τῇ
1072 2212 1194 2284 θείᾳ
1224 2211 1383 2280 φύσει
1409 2210 1615 2283 τηρῶν,
1648 2208 1743 2262 καὶ
1773 2206 1834 2260 τὸ

239 2305 461 2376 μετοχῆς
491 2322 650 2369 τινος
676 2306 1029 2360 ἀνεπίδεκτον
1062 2306 1157 2359 καὶ
1182 2303 1242 2357 τὸ
1260 2301 1522 2357 δύνασθαι
1555 2304 1669 2364 τοῖς
1698 2300 1833 2353 πᾶσι

238 2395 300 2449 τὰ
327 2398 504 2452 πάντα
535 2400 804 2470 χορηγεῖν

734 2542 1102 2630 ΛΟΓΟΣ
1175 2544 1281 2628 ΙΕ
1303 2595 1323 2615 ο

239 2696 336 2762 εἰς
378 2696 447 2750 τὸ
472 2699 551 2751 ἐν
600 2699 735 2763 ταῖς
779 2700 1149 2767 Παροιμίαις,
1190 2716 1209 2749 ι
1252 2698 1470 2765 Κύριος
1506 2691 1721 2767 Αὲχτισέ
1764 2707 1841 2767 με

302 2760 504 2837 ἀρχὴν
557 2760 725 2824 ὀδῶνέ
778 2760 1283 2838 αὐὶοῖῖείς-’ἐργα
1336 2760 1551 2838 αὐτοῦ.
1589 2764 1720 2838 Ὅτι
1748 2760 1837 2824 τὸ,

306 2830 543 2905 ἔκτισεν,
584 2841 662 2892 οὐ
693 2840 847 2893 κατὰ
874 2836 985 2906 τῆς
1013 2830 1232 2902 auctae
1262 2837 1369 2893 τοῦ
1398 2837 1594 2905 Λόγου
1619 2830 1838 2887 κεῖταιο

304 2906 447 2962 οὐδὲ
483 2910 721 2980 κτίσμα
758 2908 793 2977 ἢ
826 2908 1053 2980 ποίημα
1092 2912 1124 2963 d
1168 2909 1320 2973 Υἱός.

309 3081 375 3137 Oi
403 3084 509 3154 τῆς
555 3084 772 3156 ’Δρείου
802 3084 999 3155 μανίας
1028 3084 1332 3156 προστάται
1362 3082 1460 3155 τὴν
1490 3081 1703 3137 ἑαυτῶν
1726 3080 1846 3134 ἀσέ-

1646 373 2090 441 THESAUBUS.

1917 861 1996 917 Illi
2017 859 2277 930 seipsum.

2518 962 2681 1036 us
2704 957 2935 1017 suun.

1989 1084 2163 1140 Filius
2197 1083 2306 1138 vita
2346 1080 2670 1137 naturaliter
2698 1078 2996 1139 exsistens,
3028 1086 3150 1127 eam
3184 1083 3243 1125 se
3279 1084 3307 1124 a
3356 1069 3526 1124 Patre

1924 1178 2173 1247 accipere
2202 1174 2355 1242 dicit,
2384 1188 2491 1228 non
2521 1178 2791 1241 quatenus
2826 1165 3070 1222 Verbum
3100 1170 3307 1229 est,aut
3333 1159 3518 1230 splen-

1923 1271 2024 1325 dor
2054 1265 2381 1323 naturaliter
2411 1264 2621 1320 habens
2669 1275 2790 1331 quae
2836 1258 3017 1313 Patris
3076 1255 3298 1326 propria
3352 1262 3526 1319 sunt,

1925 1361 2021 1418 sed
2049 1367 2319 1430 quatenus
2345 1358 2519 1412 factus
2553 1363 2637 1411 est
2668 1355 2853 1417 homo,
2880 1350 2967 1405 cui
2990 1348 3175 1404 omnia
3204 1362 3233 1400 a
3260 1347 3372 1401 Deo
3400 1344 3528 1399 data

1926 1465 2071 1512 sunt.
2106 1451 2263 1522 Quod
2293 1450 2470 1521 ipsum
2503 1448 2558 1504 in
2615 1443 2976 1517 sequentibus
3026 1448 3217 1512 aperte
3259 1437 3528 1503 declarat,

1928 1562 2150 1605 causam
2203 1561 2305 1602 cur
2341 1543 2465 1599 data
2520 1541 2592 1596 sit
2619 1538 2926 1610 explicans.
2959 1533 3299 1589 Potestatem
3354 1528 3528 1596 enim,

1927 1640 2123 1711 inquit,
2154 1636 2304 1693 dedit
2324 1636 2376 1690 ei
2404 1634 2670 1702 judicium
2697 1630 2903 1694 facere,
2932 1627 3061 1699 quia
3094 1624 3267 1680 Filius
3290 1622 3534 1677 hominis

1927 1740 2012 1788 est
2034 1732 2099 1785 ³⁸.
2132 1728 2192 1785 Si
2223 1742 2355 1783 vero
2386 1725 2515 1798 quia
2563 1722 2738 1777 Filius
2780 1718 3021 1776 hominis
3051 1725 3155 1780 est.
3208 1722 3535 1785 potestatem

1860 1853 1903 1908 Β
1926 1819 2203 1892 iudicandi
2224 1814 2503 1887 acCepisse
2529 1816 2751 1878 dicitur,
2792 1813 2985 1869 eodem
3026 1809 3192 1865 modo
3228 1816 3539 1878 repetentes

1934 1912 2242 1968 dicemus:
2279 1908 2419 1975 Quia
2441 1906 2616 1962 Filius
2638 1903 2876 1961 hominis
2928 1902 3106 1958 factus
3125 1909 3229 1965 est,
3272 1898 3537 1955 similitu-

1935 2004 2114 2061 dinem
2136 2016 2332 2074 gerens
2350 2015 2544 2057 eorum
2581 1998 2675 2071 qui
2716 1995 2983 2069 quidquid
3013 1993 3239 2058 habent,
3265 2007 3295 2046 a
3317 1992 3428 2047 Deo
3448 2007 3539 2046 ac-

1933 2096 2180 2166 cipiunt,
2212 2095 2385 2149 vitam
2420 2105 2647 2163 quoque
2704 2087 2993 2158 accepisse
3040 2084 3277 2151 dicitur;
3326 2084 3429 2140 soli
3476 2098 3543 2141 ac

1935 2189 2095 2244 nuda:
2118 2187 2316 2244 divina:
2334 2191 2547 2240 naturae
2581 2182 2634 2238 id
2657 2194 2968 2246 reservans,
2991 2178 3138 2250 quod
3164 2176 3367 2231 nullius
3411 2192 3542 2245 par-

1938 2278 2267 2348 ticipationis
2288 2290 2459 2346 capax
2495 2275 2589 2343 sit,
2615 2274 2871 2347 quodque
2906 2271 3091 2330 omnia
3143 2270 3401 2327 omnibus
3431 2269 3544 2326 lar-

1937 2372 2116 2441 giatur
2150 2378 2313 2439 atque
2332 2367 2664 2440 suppeditet.

2306 2519 2891 2613 ASSERTIO
2970 2524 3175 2615 XV.

1944 2678 2010 2733 Ῑιι
2034 2679 2167 2732 illud
2201 2677 2343 2747 quod
2379 2678 2434 2728 in
2457 2675 2593 2729 libro
2650 2672 3061 2747 Prot'erbiorum
3112 2674 3333 2735 dicitur,
3383 2692 3401 2722 ι
3442 2671 3545 2747 Do-

2013 2752 2186 2803 minus
2213 2743 2406 2802 creavit
2441 2761 2523 2800 me
2578 2744 2902 2813 principium
2956 2745 3165 2797 viarum
3231 2758 3453 2796 suarum
3489 2743 3549 2797 in

2014 2835 2172 2885 opera
2201 2835 2301 2871 sua
2321 2818 2389 2870 ’°.
2425 2835 2444 2868 ι
2478 2813 2631 2881 Quod
2699 2815 2913 2869 verbum
2957 2813 3091 2866 illud
3114 2855 3128 2880 ,
3156 2815 3405 2885 _creavit,
3443 2828 3549 2885 non

2018 2883 2083 2942 de
2105 2888 2328 2943 essentia
2376 2885 2534 2940 Verbi
2584 2887 2832 2950 dicatur;
2868 2886 3111 2955 quodque
3147 2883 3315 2937 Filius
3344 2900 3451 2937 non
3481 2884 3548 2937 sit

2018 2967 2265 3013 creatura
2300 2958 2378 3012 vel
2417 2971 2568 3025 opus.

2017 3072 2403 3143 Quiinsaniam
2432 3071 2550 3127 Arii
2575 3079 2853 3127 sectantur
2889 3083 2955 3122 ae
2986 3077 3231 3132 tuentur,
3269 3066 3551 3122 verisimili

250 3174 395 3229 δειαν
436 3176 715 3241 πιθανοῖς,
751 3176 827 3241 ὡς
866 3176 1090 3239 οἴονται,
1126 3175 1564 3241 καλλωπίζοντες
1610 3176 1838 3246 ῥήμασι,

1959 3169 2004 3223 in
2039 3166 2274 3237 speciem
2309 3164 2560 3220 oratione
2586 3161 2927 3231 impietatem
2953 3175 3108 3215 suam
3138 3161 3416 3225 fucantes,
3475 3160 3554 3233 ita

249 3265 494 3334 λέγουσι’
541 3266 771 3337 κτίσμα
801 3267 949 3321 ἐστὶν
980 3270 1009 3321 ὁ
1042 3267 1189 3332 Υἱὸς,
1227 3267 1343 3322 ἀλλ’
1389 3266 1488 3337 οὐχ
1518 3265 1595 3330 ὡς
1632 3265 1691 3319 ἓν
1736 3265 1838 3320 τῶν

1959 3260 2138 3316 dicunt
2170 3255 2381 3313 :Filius
2409 3266 2496 3311 est
2522 3263 2807 3317 creatura.
2867 3254 2965 3309 sed
3016 3269 3121 3309 non
3158 3262 3416 3323 tanquam
3448 3265 3558 3306 una

247 3358 567 3429 κτισμάτων
588 3375 604 3388 ·
640 3358 857 3431 ποίημά
886 3359 1054 3423 ἑστιν,
1087 3359 1203 3412 ἀλλ’
1231 3361 1329 3429 οὐχ
1357 3360 1435 3423 ὡς
1459 3358 1518 3412 ἓν
1554 3358 1661 3412 τῶν
1692 3374 1847 3427 ποιηο

256 3447 465 3519 μάτων
510 3449 769 3520 γέννημα
809 3450 978 3517 ἐστιν,
1018 3449 1135 3505 ἀλλ’
1177 3450 1277 3522 οὐχ
1306 3450 1382 3515 ὡς
1421 3451 1481 3504 ἓν
1506 3449 1617 3505 τῶν
1658 3465 1851 3519 γεννη-

256 3541 462 3611 μάτων.

439 3656 605 3726 Πρὸς
645 3655 835 3711 ταῦτα
862 3657 1078 3724 λύσεις
1109 3654 1333 3729 ἐφεξῆς
1361 3658 1655 3729 διάφοροι.

319 3768 385 3821 Εἰ
427 3766 650 3838 ποίημά
676 3767 830 3822 ἐστιν
862 3767 1071 3843 δρΥἱὸς,
1107 3769 1225 3833 πῶς
1254 3769 1352 3841 οὐχ
1380 3769 1439 3824 ἓν
1471 3770 1582 3825 τῶν
1613 3772 1856 3844 ποιημά-

254 3877 397 3922 τωνς
419 3860 523 3915 καὶ
561 3859 611 3913 εί
652 3859 793 3924 ὅλως
825 3859 1055 3931 κτίσμα,
1100 3860 1217 3924 πῶς
1250 3862 1349 3932 οὐχ
1382 3860 1442 3915 ἓν
1465 3860 1575 3915 τῶν
1620 3866 1857 3936 κτισμά-

257 3969 402 4021 τωνς
438 3952 604 4007 Ἐστι
652 3952 761 4023 γὰρ
788 3950 949 4005 τοῦτο
992 3953 1212 4023 φρονεῖν
1250 3951 1613 4019 γελοιότατον.
1645 3956 1707 4008 Ei
1748 3955 1856 4027 γὰρ

259 4044 392 4109 δλως
430 4044 732 4116 κτίσμασιν
759 4044 794 4114 ἢ
829 4044 1135 4114 ποιήμασιν
1173 4044 1274 4096 οὐκ
1302 4044 1451 4099 ἐστιν
1479 4045 1797 4117 ἐναρίθμιος
1829 4050 1857 4101 ὁ

260 4135 411 4202 Υιδς,
434 4136 565 4191 οὕτε
600 4137 806 4208 κτίσμα
838 4136 906 4190 ἂν
926 4138 1010 4208 εῐη
1041 4134 1167 4188 οὔτε
1196 4136 1516 4207 ποίημα.Εί
1543 4138 1601 4190 δὲ
1634 4140 1858 4210 ἐκτίσθη

261 4229 380 4281 καθ’
411 4230 563 4299 ὑμᾶς
591 4229 683 4281 καὶ
717 4227 1036 4299 πεποίηται,
1067 4225 1186 4291 πῶς
1213 4227 1315 4280 οὐκ
1342 4228 1660 4297 ἀναγκαίως
1695 4228 1771 4293 ὼς
1800 4229 1859 4283 ἐν

262 4320 413 4376 ἔσται
445 4319 561 4375 τῶν
596 4320 949 4391 γενομένων]

962 4609 1170 4662 AAAO.

334 4728 505 4783 Φασὶν
533 4727 615 4782 δτι
644 4724 864 4795 ποίημά
884 4724 1031 4776 ἔστιν
1054 4724 1091 4803 ὁ.
1115 4722 1264 4788 Υἱὸς,
1293 4722 1408 4776 ἀλλ’
1437 4723 1536 4795 οὐχ
1561 4724 1637 4788 ὡς
1670 4726 1727 4778 ἒν
1753 4725 1861 4780 τῶν

1951 3361 2376 3415 creaturarum;
2428 3362 2565 3418 opus
2608 3356 2715 3415 est,
2773 3347 2869 3402 sed
2908 3361 3017 3402 non
3061 3344 3231 3399 veluti
3276 3359 3443 3397 unum
3485 3357 3556 3398 ex

1951 3444 2239 3514 operibus;
2266 3456 2492 3514 germen
2527 3447 2639 3506 est,
2700 3439 2795 3495 sed
2819 3453 2930 3495 non
2958 3436 3120 3509 quasi
3140 3452 3308 3491 unum
3336 3450 3404 3490 ει
3430 3449 3558 3507 δετ-

1957 3534 2217 3593 minibus.

2180 3645 2359 3702 Variae
2385 3646 2545 3716 Ιηυιη
2570 3652 2896 3715 operationis
2930 3641 3343 3712 confutationes.

2025 3760 2082 3815 Si
2108 3758 2279 3814 Filius
2308 3768 2393 3815 est
2422 3772 2582 3828 opus,
2630 3771 2741 3828 quo
2790 3764 2950 3825 pacto
2997 3770 3106 3811 non
3154 3755 3260 3810 erit
3292 3768 3459 3809 unum
3487 3769 3560 3810 ex

1956 3851 2249 3922 cperibus?
2271 3859 2325 3907 et
2347 3850 2393 3906 si
2439 3848 2663 3905 omnino
2684 3856 2938 3903 creatura
2968 3854 3073 3914 est,
3132 3844 3406 3915 quomodo
3451 3857 3561 3900 non

1957 3946 2062 4001 erit
2091 3957 2199 3999 una
2232 3958 2302 3999 ex
2335 3940 2653 3998 creaturis?
2700 3937 2802 3995 Est
2847 3939 2995 3995 enim
3042 3938 3147 3994 hoc
3198 3938 3565 3992 vehementer

1962 4035 2246 4091 ridiculum
2271 4033 2535 4105 cogitatu.
2571 4029 2709 4085 Nam
2740 4031 2787 4086 si
2817 4031 2870 4085 in
2915 4028 3233 4086 universum
3293 4028 3565 4084 creaturis

1959 4139 2052 4184 aut
2076 4128 2333 4199 operibus
2364 4141 2469 4181 non
2510 4131 2930 4188 annumeretur,
2964 4133 3114 4180 certe
3175 4137 3357 4192 neque
3410 4136 3565 4177 crea-

1962 4231 2103 4284 tura,
2137 4233 2315 4289 neque
2347 4232 2485 4289 opus
2515 4217 2701 4271 fuerit.
2730 4214 2791 4272 Si
2822 4231 2953 4271 vero
2980 4216 3139 4286 juxta
3180 4224 3418 4270 vestram
3449 4214 3567 4283 opi-

1962 4314 2180 4368 nionem
2214 4319 2438 4366 creatus
2476 4317 2533 4364 et
2582 4307 2762 4364 factus
2810 4317 2919 4375 est,
2947 4306 3223 4378 quomodo
3255 4320 3362 4360 non
3405 4304 3571 4361 fuerit

1962 4406 2274 4463 necessario
2303 4414 2561 4473 tanquam
2594 4408 2763 4457 un‘um
2785 4402 2992 4474 aliquid
3025 4416 3092 4458 ex
3118 4416 3344 4458 numero
3377 4416 3568 4456 eorum

1970 4513 2085 4569 quae
2110 4496 2254 4554 facta
2279 4504 2335 4551 et
2358 4504 2546 4552 creata
2583 4493 2751 4550 sunt?

2638 4604 2871 4661 ALIUD.

2039 4722 2234 4777 Filium
2268 4736 2407 4794 opus
2428 4736 2552 4777 esse
2584 4721 2760 4785 aiunt,
2790 4719 2892 4774 sed
2922 4733 3031 4775 non
3081 4728 3343 4790 tanquam
3399 4735 3566 4776 unum

270 4821 612 4901 ποιημάτων.
663 4819 776 4872 Καὶ
816 4814 1098 4885 νομίζουσι
1144 4814 1263 4885 μὲν,
1301 4815 1577 4887 ἐξαίρετόν
1626 4835 1748 4872 τινα
1776 4818 1838 4872 δκ

1970 4831 2033 4871 cx
2066 4816 2347 4886 operibus.
2380 4813 2450 4869 Et
2486 4814 2708 4885 quidem
2736 4812 3059 4869 existimant
3108 4825 3169 4867 se
3202 4812 3306 4867 hac
3358 4813 3574 4869 ratione

269 4912 459 4968 τούτου
491 4911 793 4983 προσάγειν
820 4906 969 4977 αὐτῷ
992 4909 1092 4980 τὴν
1112 4909 1299 4979 τιμὴν,
1326 4909 1628 4982 ἐπειδήπερ
1654 4910 1838 4982 ποίημ<

1972 4909 2234 4964 eximium
2282 4908 2577 4979 quemdam
2661 4906 2930 4964 honorem
3002 4903 3077 4960 illi
3126 4903 3364 4970 deferre,
3428 4906 3574 4975 quod

274 5006 371 5072 μὲν
398 5002 558 5067 εἶναι,
586 5004 647 5058 οὐ
672 5002 783 5075 μὴν
816 5002 892 5065 ὡς
920 5000 981 5055 ἓν
1006 5017 1059 5054 τι
1083 5000 1193 5055 τῶν
1226 5002 1552 5074 ποιημάτων
1582 5003 1838 5072 ὁμολογοῦ

1975 5011 2286 5057 creaturam
2312 5001 2532 5072 quidem
2556 4999 2709 5055 illum
2728 5012 2852 5053 esse
2882 4997 3085 5061 dicant,
3115 5012 3222 5052 non
3255 5006 3436 5053 tamen
3457 4998 3569 5053 vel-

275 5113 357 5147 σιν
388 5095 573 5149 αὐτόν.
624 5092 762 5148 Ἀλλ’
786 5093 937 5148 οὐδὲν
962 5093 1021 5146 ιν
1048 5091 1226 5164 τούτῳ
1247 5093 1307 5147 τὸ
1330 5093 1606 5165 ἐξαίρετον
1631 5112 1643 5124 ·
1670 5093 1836 5149 ἀλλὀἓ

1978 5094 2054 5146 ιιιί
2111 5108 2277 5148 unam
2315 5108 2347 5147 e
2399 5108 2629 5147 numero
2652 5100 3052 5145 creaturarum.
3111 5089 3385 5145 Caeterum
3438 5090 3576 5147 nihil

272 5205 323 5242 τι
354 5190 453 5244 καὶ
485 5184 657 5251 αὐτὸς
688 5186 800 5240 τῶν
843 5186 1021 5240 ἄλλων
1054 5188 1327 5257 φανεῖται.
1362 5186 1508 5249 Ἕως
1537 5186 1643 5259 γάρ
1680 5186 1745 5239 ἂν
1779 5188 1838 5239 ἐπ

1978 5187 2031 5238 in
2057 5186 2160 5240 hoc
2186 5194 2273 5241 est
2300 5186 2598 5251 eximium;
2636 5182 2797 5256 147
2834 5184 2929 5239 sed
2963 5199 3131 5239 unum
3174 5182 3380 5253 aliquid
3432 5184 3577 5240 inter

276 5280 441 5335 αὑτοῦ
480 5281 542 5334 τὸ
593 5278 928 5348 πεποιῆσθαι
960 5281 1161 5351 κρατῇ,
1211 5278 1305 5331 καὶ
1348 5274 1489 5330 εἶναι
1538 5278 1745 5347 κτίσμα
1779 5296 1838 5331 πι

1977 5279 2081 5332 alia
2104 5288 2289 5333 creata
2312 5278 2614 5347 apparebit.
2648 5276 2906 5343 Quandiu
2934 5277 3078 5332 enim
3106 5280 3173 5331 de
3208 5290 3274 5331 eo
3331 5275 3438 5331 dici
3474 5292 3574 5346 po-

281 5372 556 5443 στεύηται,
583 5371 737 5425 οὐδέν
758 5388 811 5424 τι
835 5369 946 5424 τῶν
975 5370 1152 5425 ἄλλων
1178 5368 1322 5423 κατὰ
1350 5367 1508 5422 τοῦτο
1528 5368 1737 5433 διοίσει,
1761 5369 1835 5423 xi

1973 5372 2099 5425 terit
2122 5370 2324 5425 factum
2350 5387 2493 5436 esse,
2524 5381 2577 5426 et
2608 5380 2864 5425 creatura
2899 5384 3024 5425 esse
3082 5370 3340 5425 credetur
3370 5382 3384 5421 :
3440 5368 3576 5422 nihil

278 5468 568 5543 διαλλάττῃ
599 5466 741 5522 κατὰ
771 5467 872 5539 τὴν
912 5467 1094 5536 φύσιν,
1124 5465 1157 5536 ἢ
1189 5464 1335 5518 κατά
1372 5481 1493 5517 τινα
1523 5464 1724 5535 τρόπον
1756 5465 1838 5518 ἓτε

1975 5464 2043 5516 ab
2074 5463 2139 5516 iis
2172 5463 2272 5517 hac
2303 5463 2355 5516 in
2386 5473 2537 5532 parte
2569 5462 2809 5526 tliﬂ'eret,
2830 5461 3049 5517 tametsi
3108 5462 3321 5517 ratione
3346 5471 3575 5525 natum,

285 5576 393 5630 ρον.
422 5557 579 5620 Οὕτω
608 5558 717 5628 γάρ
764 5558 830 5612 ἄν
861 5573 947 5619 τις
982 5554 1175 5626 ἔχοντα
1210 5553 1397 5623 βλέποι
1425 5552 1495 5606 τὰ
1528 5555 1834 5626 πεποιημέν

1978 5565 2068 5609 aut
2099 5555 2204 5610 alio
2239 5556 2420 5626 aliquo
2448 5556 2608 5612 modo
2644 5556 2715 5609 sit
2751 5554 3119 5624 prwstantior.
3145 5555 3220 5608 Ita
3247 5553 3392 5609 enim
3430 5551 3581 5606 vide-

284 5651 433 5722 παρὰ
472 5648 611 5704 Θεοῦ
658 5650 966 5722 συγκρίνων
1013 5648 1151 5719 πρὸς
1186 5646 1410 5717 ἄλληλα.
1472 5646 1710 5720 Εὑρήσει
1764 5646 1835 5716 γά

1984 5664 2039 5705 re
2069 5659 2147 5705 est
2178 5650 2380 5707 habere
2422 5665 2479 5705 se
2504 5666 2621 5720 quae
2649 5665 2678 5703 a
2714 5648 2823 5706 Deo
2851 5657 3034 5704 creata
3075 5654 3224 5717 sunt,
3264 5646 3310 5703 si
3353 5645 3475 5717 quis
3509 5659 3573 5700 ea

358 5831 405 5864 ⁸⁹
430 5828 583 5887 luan.
620 5846 669 5896 ν,
707 5828 798 5883 2‘3.
877 5828 921 5859 ὀ
947 5828 1105 5881 Ρτυν.
1143 5843 1256 5893 \‘tll,
1291 5825 1378 5879 22.
