3968 6482
421 369 523 425 2H

1405 372 1462 426 S.
1505 372 1774 428 CYRILL-l
1815 371 2279 426 ALEXANDRiN;
2323 371 2640 428 ARCIIIEP.

3555 380 3665 437 948

426 495 573 548 inter
623 505 682 547 se
731 488 995 545 conferat.
1040 484 1280 542 Inveniet
1337 485 1480 538 enim
1540 485 1627 539 illa
1669 484 1982 539 excellentia

2102 486 2228 538 ιὺτὰ
2257 489 2347 540 καί
2369 489 2490 554 ταῖς
2519 487 2810 558 ὑπεροχαῖς
2831 487 3063 541 νικῶντα
3097 487 3352 552 πολλάκις
3380 491 3449 542 τὰ
3472 491 3661 561 ἕτερα,

425 579 657 651 quadam
673 590 1044 647 saepenumero
1069 574 1190 630 aliis
1205 582 1487 644 praestare,
1517 585 1600 628 et.
1627 575 1833 631 naturis
1883 575 1982 630 dif-

345 739 348 742 _
427 671 574 725 ferre
596 709 612 734 ,
641 671 714 723 ita
740 677 802 723 ut
852 667 1119 738 quispiam
1147 666 1326 722 dicere
1351 668 1523 736 possit
1546 667 1610 721 de
1629 667 1857 736 singulis
1881 681 1976 722 eo-

427 777 545 816 rum
578 775 592 814 :
622 760 884 817 Creatura
911 769 1016 824 est,
1050 758 1143 814 sed
1188 773 1291 812 non
1323 766 1575 825 tanquam
1600 773 1703 812 una
1737 772 1800 812 ex
1833 773 1984 812 crea-

430 858 584 906 turis.
617 849 861 920 Exempli
893 849 1086 919 gratia,
1109 847 1190 904 sol
1214 861 1348 916 opus
1374 855 1588 912 est,non
1612 856 1790 902 tamen
1821 863 1983 902 unum

425 955 493 998 ex
524 940 776 1010 operibus
810 957 822 992 :
854 953 1027 1008 neque
1049 939 1192 993 enim
1221 946 1304 994 est
1338 938 1477 993 alius
1521 939 1622 993 sol.
1679 936 1852 994 Simili
1902 953 1986 992 ra-

426 1023 573 1090 tione
604 1033 765 1088 etiam
798 1031 1178 1098 luna,cmlum,
1213 1030 1400 1093 stellae,
1431 1039 1609 1084 terra:
1641 1030 1819 1083 omnia
1843 1028 1984 1083 enim

428 1125 545 1195 lucc
570 1137 734 1192 opera
762 1133 910 1189 sunt,
965 1131 1021 1178 et
1072 1123 1281 1193 singula
1314 1137 1524 1186 eorum,
1550 1136 1655 1176 non
1697 1130 1756 1175 ut
1819 1135 1985 1174 unum

425 1229 491 1271 ex
507 1215 780 1283 operibus.
795 1213 1068 1269 Creatum
1090 1214 1232 1268 enim
1251 1214 1354 1269 hoc
1382 1213 1554 1270 solum
1577 1223 1863 1268 commune
1893 1212 1987 1266 ha-

426 1304 574 1371 bent,
611 1305 754 1375 quod
800 1305 959 1360 facta:
985 1307 1113 1361 sint.
1147 1305 1395 1362 Formam
1427 1321 1591 1369 vero.
1620 1307 1878 1375 speciem,
1907 1318 1988 1360 at-

427 1410 533 1465 que
569 1407 816 1451 naturam
848 1396 1072 1467 singula:
1100 1397 1428 1467 peculiarem
1466 1408 1635 1452 nactae
1673 1405 1816 1452 sunt.
1842 1395 1988 1452 Nihil

423 1485 591 1556 igitur
627 1486 859 1556 amplius
899 1497 982 1542 est
1020 1487 1074 1540 in
1111 1486 1269 1554 Filio,
1293 1488 1338 1543 si
1373 1487 1550 1542 factus
1579 1500 1702 1542 esse
1739 1485 1985 1555 dicatur;

425 1578 642 1635 etiamsi
677 1579 822 1635 aliud
856 1579 1058 1649 aliquid
1081 1593 1334 1650 magnum
1363 1588 1526 1651 atque
1578 1580 1835 1635 eximium
1882 1593 1990 1650 pra:

427 1672 655 1742 reliquis
681 1671 944 1728 creaturis
973 1672 1202 1729 exsistat
1228 1688 1241 1726 :
1275 1685 1450 1741 neque
1483 1671 1627 1726 enim
1657 1670 1735 1726 sol
1764 1671 1832 1726 ob
1853 1684 1990 1740 pre-

425 1761 680 1816 atantiam
708 1773 860 1820 suam
887 1774 996 1830 qua
1029 1761 1237 1830 reliqua
1261 1770 1409 1816 astra
1430 1760 1587 1832 longe
1610 1769 1989 1830 superat,0pus

424 1867 544 1909 esse
567 1853 794 1910 desinet.
835 1854 1032 1909 Eadem
1097 1867 1227 1909 vero
1262 1855 1399 1910 ratio
1435 1831 1541 1918 est,
1598 1853 1760 1915 etiam
1797 1866 1983 1907 earum
2020 1831 2061 1886 Β

424 1959 545 2014 qua
575 1945 628 2000 in
662 1946 800 2002 cmlo
854 1954 979 2002 sunt
1035 1945 1380 2002 rationalium
1415 1954 1762 2014 potestatum,
1787 1943 1985 2015 quibus

425 2040 638 2108 quidem
669 2041 920 2097 omnibus
972 2054 1261 2096 commune
1302 2048 1386 2096 est
1415 2037 1584 2094 factas
1636 2053 1778 2095 esse.
1830 2037 1991 2093 Ratio

429 2141 609 2191 autem
635 2147 739 2202 qua
780 2133 912 2203 quid
933 2147 1161 2204 quaque
1190 2147 1376 2188 earum
1412 2133 1506 2198 sit,
1539 2130 1749 2188 diversa
1781 2139 1884 2189 est.

1087 2239 1314 2298 ALIUD.

493 2355 550 2412 Si
578 2354 766 2424 Filius,
794 2357 946 2426 juxta
973 2367 1205 2412 vestram
1254 2357 1586 2426 opinionem,
1605 2362 1692 2410 est
1717 2361 1987 2417 creatura,

427 2458 608 2517 atque.
652 2449 704 2502 id
729 2463 848 2503 cum
877 2449 968 2512 sit,
1014 2457 1336 2519 potestatem
1389 2431 1553 2502 habet
1585 2445 1829 2510 creandi,
1864 2445 1991 2514 quia

426 2556 531 2596 non
563 2551 646 2595 est
679 2551 739 2594 ut
772 2555 875 2594 una
898 2539 1222 2609 reliquarum
1283 2549 1654 2594 creaturarum
1691 2553 1705 2589 :
1734 2550 1830 2590 cur
1887 2549 1990 2590 ca:-

429 2640 560 2684 tera:
586 2645 799 2700 quoque
832 2640 1094 2685 creatum
1129 2630 1346 2685 creandi
1377 2627 1688 2683 facultatem
1744 2641 1851 2681 non
1885 2626 1988 2680 ba-

427 2722 609 2784 beant,
642 2721 771 2789 quia
806 2721 951 2774 varia
970 2729 1052 2775 est
1078 2735 1140 2775 ac
1169 2721 1383 2775 diversa
1436 2721 1490 2774 in
1551 2719 1631 2774 eis
1682 2727 1897 2783 natura,
1939 2725 1992 2771 et

428 2826 764 2882 unaquaeque
785 2827 968 2866 earum
1004 2820 1250 2867 creatura
1275 2820 1379 2878 est,
1445 2825 1550 2865 non
1605 2820 1782 2864 tamen
1824 2806 1990 2862 veluti

428 2918 596 2962 tntum
641 2903 842 2973 aliquid
870 2903 1236 2972 reliquorum?
1271 2902 1446 2958 Unum
1482 2901 1624 2956 enim
1660 2908 1746 2954 est
1767 2898 1990 2962 cmlum,

431 2991 687 3057 unussol,
725 3008 832 3044 una
865 2993 1218 3055 luna,natura
1244 2993 1520 3047 stellarum
1570 3005 1697 3057 una,
1746 2999 1801 3044 et
1849 2997 1994 3042 terra

430 3096 558 3145 una,
584 3096 723 3136 unus
753 3081 914 3137 homo
953 3093 1214 3152 quantum
1251 3084 1317 3137 ad
1365 3083 1720 3137 substantiam
1749 3082 1942 3135 attinet
1979 3095 1989 3127 :

427 3181 599 3242 atque
631 3175 716 3229 his
743 3175 961 3244 quidem
993 3175 1125 3228 nihil
1192 3176 1335 3229 inter
1369 3189 1428 3230 se
1513 3175 1721 3228 ratione
1791 3182 1997 3228 natura:

427 3278 718 3319 commune
739 3272 842 3329 est,
879 3265 1089 3319 tametsi
1121 3267 1370 3321 omnibus
1432 3267 1483 3320 id
1552 3281 1837 3320 commune
1907 3265 1994 3331 sit,

430 3353 576 3422 quod
601 3353 746 3409 facta
781 3355 909 3410 sint.
939 3355 1081 3410 Nihil
1111 3365 1289 3411 tamen
1320 3358 1582 3412 creatoris
1631 3358 1685 3410 in
1733 3356 1999 3411 creaturis

432 3444 702 3511 cernitur,
721 3445 815 3499 sed
843 3445 1020 3515 pctius
1039 3455 1338 3501 creatorem
1371 3446 1605 3501 Verbum
1639 3448 1730 3501 Dei
1750 3447 1994 3510 adorant,

431 3545 486 3590 ct
516 3533 738 3590 factoris
760 3536 984 3604 gloriam
1013 3536 1297 3590 extollunt.
1345 3554 1362 3588 ι
1394 3536 1530 3592 lei
1562 3538 1704 3590 enim
1737 3547 1996 3591 enarrant

431 3627 655 3696 gloriam
677 3626 792 3689 Dei.
809 3638 863 3683 et
886 3628 1282 3683 ﬁrmamentum
1300 3629 1723 3696 enuntiatopera
1743 3642 1998 3680 manuum

431 3718 639 3784 ejus”.
683 3737 702 3770 ι
746 3717 811 3772 Et
858 3719 1306 3788 quemadmodum
1352 3717 1556 3772 Esdras
1590 3718 1710 3771 ait:
1757 3735 1775 3769 ι
1808 3716 1998 3771 Omnis

431 3820 576 3863 terra
610 3809 889 3865 veritatem
920 3817 1096 3873 v'ocat,
1121 3819 1175 3864 et
1204 3810 1398 3865 caelum
1430 3810 1602 3877 ipsum
1661 3808 1873 3871 adorat,
1946 3817 2001 3861 et

432 3916 618 3957 omnes
640 3909 904 3955 creaturae
938 3901 1108 3968 ipsam
1143 3900 1460 3970 tremiscunt
1483 3898 1546 3951 θ’.
1568 3912 1604 3949 Ἰ
1633 3896 1802 3952 Filius
1822 3909 1999 3952 autem

434 3995 502 4048 de
543 3995 717 4061 scipso
753 3995 827 4047 ait
860 4010 872 4044 :
920 4011 937 4043 ι
977 3991 1087 4062 Ego
1118 4006 1238 4047 sum
1286 3991 1488 4046 veritas
1519 3992 1585 4045 ".
1625 4010 1642 4042 ι
1690 3988 1805 4045 Non
1872 4005 1999 4058 ergo

435 4099 569 4151 opus
590 4092 691 4149 est,
730 4097 906 4153 neque
925 4093 1174 4137 creatura
1223 4079 1292 4135 ob
1335 4081 1385 4134 id
1435 4079 1654 4136 creandi
1692 4078 1997 4134 facultatem

434 4177 664 4243 habens,
693 4176 816 4244 quia
843 4175 1136 4230 nonveluti
1169 4189 1276 4230 uua
1322 4181 1696 4228 creaturarum
1727 4181 1808 4227 est
1835 4189 1850 4225 :
1906 4173 1999 4225 sed

434 4269 559 4337 quia
597 4282 718 4322 cum
754 4268 826 4321 sit
851 4263 1132 4336 prOprium
1161 4280 1381 4336 germen
1417 4266 1666 4320 essentia
1689 4263 1889 4330 Patris,
1914 4271 1998 4318 to-

2089 579 2183 630 ni.
2207 582 2326 642 ταῖς
2353 579 2579 648 φύσεσιν
2610 580 3007 650 ἐξηλλαγμένα,
3041 579 3115 643 ὡς
3143 580 3398 634 δύνασθαί
3432 598 3552 634 τινα
3573 581 3666 635 λέ-

2087 685 2205 732 γειν
2240 669 2324 738 ἐφ’
2359 670 2591 723 ἑκάστου
2613 687 2670 723 τε
2701 671 2944 733 ἐκείνων,
2977 671 3186 742 ποίημά
3217 673 3385 736 ἔστιν,
3419 671 3531 726 ἀλλ’
3558 672 3662 742 οὐχ

2085 755 2159 819 ὡς
2192 755 2250 809 ἓν
2281 757 2386 809 τῶν
2430 759 2768 827 ποιημάτων.
2810 761 2866 814 '0
2897 760 3046 830 ἥλιος
3080 760 3240 831 τυχὸν
3278 762 3484 835 ποίημα
3529 761 3662 833 μὲν,

2087 846 2183 914 οὑχ
2213 845 2288 908 ὡς
2333 845 2389 898 ἓν
2424 846 2480 899 δὲ
2516 846 2624 899 τῶν
2659 848 3008 919 ποιημάτων·
3061 850 3118 902 οὑ
3155 851 3263 922 γὰρ
3297 852 3440 905 ἐστιν
3473 853 3662 922 ιτερος

2085 937 2252 1007 ἥλιος.
2299 939 2360 992 Ἦ
2408 938 2602 1010 σελήνη
2645 941 2864 1010 ὁμοίως,
2899 943 2926 995 6
2967 943 3212 1013 οὐρανὸς,
3247 945 3296 996 oi
3342 945 3590 1015 ἀστέρες,
3621 944 3663 1014 ἡ

2087 1028 2178 1096 γῆ·
2203 1027 2378 1081 πάντα
2409 1028 2519 1099 γὰρ
2540 1028 2712 1082 ταῦτα
2738 1031 3036 1100 ποιήματα,
3069 1032 3161 1084 καὶ
3192 1031 3419 1085 ἓκαστον
3453 1033 3660 1097 αὑτῶν,

2086 1119 2184 1188 οὑχ
2213 1119 2286 1182 ὡς
2317 1117 2376 1174 ἓν
2417 1119 2526 1173 τῶν
2553 1121 2891 1190 ποιημάτων.
2923 1120 3097 1175 Μόνον
3147 1122 3257 1194 γὰρ
3293 1123 3354 1176 τὸ
3405 1122 3664 1191 γενέσθαι

2089 1209 2265 1263 κοινὸν
2286 1209 2397 1281 ἔχει
2421 1212 2490 1266 τὰ
2519 1210 2816 1282 κτίσματα’
2847 1212 2907 1266 τὸ
2930 1212 2986 1266 δὲ
3019 1213 3203 1284 σχῆμα
3225 1215 3319 1268 καὶ
3342 1214 3439 1285 τὴν
3475 1215 3658 1283 φύσιν,

2089 1299 2315 1354 ἕκαστον
2347 1302 2670 1368 ἰδιάζουσαν.
2704 1303 2868 1358 Οὐδὲν
2899 1299 2992 1358 οῦν
3027 1305 3086 1358 τδ
3110 1305 3274 1358 πλέον
3313 1309 3370 1360 ὲν
3408 1305 3521 1376 Υίῷ
3561 1321 3665 1359 πε-

2092 1392 2349 1464 ποιῆσθαι
2374 1394 2671 1467 λεγομένῳ,
2705 1395 2806 1450 κᾶν
2833 1397 3019 1468 ἓτερόν
3051 1414 3105 1450 τι
3146 1398 3287 1467 μέγα
3325 1398 3418 1450 καὶ
3449 1395 3664 1468 ἐξαίρε-

2090 1501 2181 1538 τον
2210 1485 2429 1558 ὑπάρχῃ
2457 1487 2607 1557 παρὰ
2630 1487 2697 1542 τὰ
2728 1487 2862 1547 ἄλλα
2894 1489 3190 1560 ποιήματα.
3217 1489 3282 1543 Τί
3312 1489 3423 1559 γὰρ
3451 1488 3670 1558 ὠφελή-

2094 1593 2176 1630 σει
2211 1577 2300 1630 τὸν
2331 1569 2483 1649 ῆλῖον
2523 1581 2604 1644 εἰς
2634 1579 2696 1633 τὸ
2727 1579 2801 1652 μὴ
2829 1576 2970 1635 εῖναι
3019 1582 3251 1653 ποίημα,
3285 1580 3350 1635 τὺ
3394 1581 3528 1634 πολὺ
3552 1579 3673 1634 τῶν

2092 1667 2336 1737 ἀστέρων
2367 1669 2656 1741 ὑπερέχειν
2681 1689 2696 1738 ;
2737 1671 2793 1725 ὐ
2817 1672 2874 1727 δὲ
2897 1673 3060 1737 αὐτὸς
3096 1667 3251 1737 οὗτος
3284 1673 3544 1746 κρατήσει
3575 1669 3669 1724 λό-

2093 1776 2190 1828 γος
2224 1761 2318 1814 καὶ
2363 1762 2455 1815 ἐπὶ
2496 1762 2602 1817 τῶν
2636 1765 2693 1816 ὲν
2721 1763 2934 1835 οὐρανῷ
2981 1763 3212 1834 λογικῶν
3230 1764 3543 1836 δυνάμεων,
3575 1758 3670 1829 αἷς

2091 1849 2253 1905 πάλιν
2279 1850 2340 1904 τὸ
2380 1853 2478 1923 μὲν
2509 1853 2840 1922 πεποιῆσθαι
2868 1854 3048 1908 κοινόν
3087 1855 3254 1910 tam.
3299 1854 3360 1909 '0
3392 1856 3448 1909 δὲ
3489 1854 3586 1908 τοῦ
3613 1853 3671 1910 τί

2091 1942 2322 1996 ἕκαστον
2355 1942 2440 2014 εἴη
2470 1943 2645 2012 λόγος,
2678 1944 3097 2016 ἑξηλλαγμένος.

2766 2229 2970 2282 ΑΛΛΟ.

2160 2345 2225 2398 El
2257 2343 2468 2414 ποιημά
2496 2343 2632 2404 ἐστι,
2679 2338 2798 2392 καθ’
2841 2339 3004 2410 ὑμᾶς,
3038 2343 3066 2395 ὁ
3094 2341 3240 2405 Υἱὸς,
3278 2343 3370 2394 καὶ
3407 2341 3566 2394 τοῦτο
3595 2341 3675 2394 ὢν

2091 2438 2208 2509 ἔχει
2240 2436 2302 2489 τὺ
2334 2434 2592 2489 δύνασθαι
2621 2432 2847 2498 κτίζειν,
2871 2433 2977 2486 διὰ¹
3005 2433 3066 2486 τὸ
3101 2433 3177 2504 μὴ
3215 2434 3289 2496 ὡς
3315 2433 3374 2485 ἓν
3403 2434 3676 2504 ὑπάρχειν

2093 2529 2201 2585 τῶν
2234 2529 2408 2582 ἄλλων
2454 2528 2792 2598 ποιημάτων,
2820 2525 2959 2578 ἔστω
2996 2525 3258 2594 ποιητικὰ
3299 2527 3391 2578 καὶ
3423 2525 3490 2578 τὰ
3511 2525 3680 2596 ἔτερα

2098 2623 2392 2692 κτίσματα,
2420 2619 2507 2673 διὰ
2537 2619 2597 2673 τὸ
2621 2618 2870 2690 ποικίλην
2896 2619 2954 2672 ὲν
2980 2613 3326 2681 αὑτοῖςέῐναι
3358 2618 3456 2687 τὴν
3487 2617 3675 2684 φύσιν⁹

2099 2715 2194 2767 καὶ
2229 2715 2455 2767 ἕκαστον
2495 2711 2676 2764 αὐτῶν
2709 2706 2845 2764 εἶναι
2880 2709 3088 2780 ποίημα
3129 2710 3251 2780 μὲν,
3278 2709 3376 2779 οὑχ
3407 2709 3481 2772 ὡς
3528 2707 3584 2763 ἓν
3616 2707 3678 2761 δὲ

2098 2805 2208 2858 τῶν
2241 2804 2435 2858 ἄλλων.
2471 2798 2568 2866 Εἷς
2603 2801 2709 2873 γὰρ
2738 2804 2765 2855 ὁ
2813 2801 3060 2872 οὐρανὸς,
3105 2800 3254 2871 ἥλιος
3288 2795 3389 2864 εἷς,
3439 2803 3538 2871 μία
3581 2814 3679 2853 σε-

2100 2899 2258 2968 λήνη,
2299 2897 2460 2965 φύσις
2488 2896 2730 2967 ἀστέρων
2768 2895 2886 2964 μία,
2924 2893 3021 2964 μία
3050 2911 3108 2946 τε
3142 2895 3234 2964 γῆ,
3267 2889 3347 2956 εἷς
3390 2893 3682 2963 ἄνθρωπος

2102 2991 2224 3044 ὅσον
2261 2992 2339 3052 είς
2370 2989 2587 3042 οὐσίανο
2623 2987 2946 3040 καὶτούτων
2985 2986 3134 3039 οὐδὲν
3176 2985 3424 3055 ἀλλήλοις
3469 2989 3683 3040 ἐπικοι-

2100 3083 2259 3136 νωνεῖ
2290 3079 2432 3134 κατὰ
2448 3079 2539 3132 τὸν
2567 3079 2668 3149 τῆς
2694 3077 2907 3148 φύσεως
2934 3077 3112 3145 λόγον,
3137 3079 3185 3130 εί
3213 3079 3308 3131 καὶ
3332 3079 3465 3130 πᾶσι
3499 3077 3559 3130 τὸ
3585 3094 3684 3130 πε-

2097 3171 2353 3242 ποιῆσθαι
2379 3170 2576 3224 κοινόν.
2626 3168 2764 3222 Ἀλλ’
2788 3168 2942 3223 οὑδὲν
2964 3170 3022 3221 ὲν
3053 3170 3168 3231 τοῖς
3192 3168 3455 3239 κτίσμασι
3489 3168 3684 3238 φαίνε-

2094 3279 2185 3316 ται
2215 3259 2569 3331 δημιουργοῦ,
2598 3258 2733 3311 ἀλλὰ
2761 3258 2959 3328 μᾶλλον
2984 3261 3282 3328 προσκυνεῖ
3311 3258 3399 3312 τὸν
3421 3258 3686 3329 δημιουρ-

2098 3355 2193 3423 γὸν
2218 3353 2310 3405 τοῦ
2334 3351 2469 3405 Θεοῦ
2504 3352 2696 3419 Λόγον,
2728 3351 2821 3404 καὶ
2846 3348 2940 3403 τοῦ
2968 3347 3194 3420 ποιητοῦ
3229 3349 3325 3420 τὴν
3355 3347 3507 3414 δόξαν
3539 3350 3682 3402 ἀνα-

2100 3444 2219 3515 ϐοᾷ·
2255 3464 2271 3494 ι
2307 3445 2369 3496 Οἱ
2396 3441 2616 3511 οὑρανοὶ
2637 3441 2947 3512 διηγοῦνται
2976 3441 3132 3505 δόξαν
3150 3440 3308 3505 Θεοῦ,
3339 3442 3432 3494 καὶ
3459 3441 3684 3511 ποίησιν

2099 3535 2294 3607 χειρῶν
2327 3534 2488 3587 αὑτοῦ
2515 3533 2909 3603 ἀναγγέλλειτὸ
2928 3534 3266 3604 στερέωμα.»
3292 3534 3400 3585 Καὶ
3429 3533 3686 3603 καθάπερ

2099 3629 2397 3700 ὀ,”Εσδρας
2441 3627 2605 3705 φῃσί·
2649 3646 2667 3679 ι
2705 3627 2860 3680 Πᾶσα
2899 3628 2930 3696 ἡ
2965 3629 3035 3696 γῆ
3084 3628 3183 3696 τὴν
3212 3624 3466 3696 ἀλήθειαν
3503 3623 3684 3688 καλεῖ,

2102 3721 2194 3774 καὶ
2219 3721 2246 3772 ὁ
2273 3719 2499 3792 οὐρανὸς
2537 3720 2708 3789 αὑτὴν
2744 3719 3058 3789 προσκυνεῖ,
3099 3718 3193 3770 καὶ
3222 3717 3400 3769 πάντα
3429 3716 3494 3768 τὰ
3540 3715 3689 3785 ἔργα

2102 3814 2270 3883 αὑτὴν
2307 3813 2507 3870 σείεται
2547 3811 2640 3865 καὶ
2682 3812 2891 3881 τρέμει.
2933 3827 2951 3860 ι
2998 3810 3056 3863 '0
3081 3809 3135 3862 δὲ
3158 3809 3286 3872 Υἱὸς
3317 3809 3446 3878 περὶ
3484 3808 3688 3861 ἑαυτοῦ

2103 3921 2299 3977 φησιν’
2335 3924 2352 3956 ι
2407 3904 2547 3972 Ἐγώ
2577 3905 2690 3974 εἰμι
2732 3905 2764 3972 ἡ
2806 3902 3056 3971 ἀλήθεια.
3105 3921 3124 3954 ›
3162 3903 3274 3954 Οὑκ
3311 3903 3418 3972 ἄρα
3469 3901 3689 3970 ποίημά

2102 3998 2273 4061 ἐστιν,
2297 3995 2416 4048 οὑδὲ
2467 3995 2670 4064 κτίσμα
2700 3994 2789 4047 διὰ
2815 3994 2971 4047 τοῦτο
3009 3993 3214 4057 κτίζειν
3251 3993 3563 4063 δυνάμενος,
3597 3993 3688 4044 ὅτι

2104 4089 2181 4160 μὴ
2211 4089 2286 4152 ὡς
2318 4089 2376 4141 ἓν
2405 4089 2520 4140 ἐστι
2551 4086 2657 4140 τῶν
2691 4087 3028 4156 ποιημάτων,
3057 4085 3171 4137 ἀλλ’
3196 4085 3277 4138 ὅτι
3315 4083 3415 4154 τῆς
3443 4082 3532 4136 τοῦ
3566 4085 3686 4136 Πα-

2101 4183 2228 4252 τρὸς
2258 4181 2444 4244 οὑσίας
2470 4181 2598 4234 ῐδιον
2623 4181 2879 4250 ὑπάρχων
2899 4179 3163 4249 γέννημα,
3194 4178 3313 4232 ὅλον
3340 4195 3400 4230 τε
3425 4180 3483 4231 ὲν
3505 4177 3690 4248 ἑαυτῷ

2104 4274 2365 4328 δεικνύων
2405 4275 2585 4339 αὑτὸν,
2618 4274 2731 4343 ἔχει
2774 4274 2868 4326 καὶ
2912 4273 2973 4326 τὸ
3006 4271 3261 4326 δύνασθαι
3313 4270 3516 4339 κτίζειν
3553 4270 3629 4332 ὠς
3657 4271 3689 4322 ὁ

438 4370 548 4417 tum
577 4359 726 4412 illum
745 4359 797 4412 in
827 4359 1003 4426 seipso
1031 4358 1345 4428 ostendens,
1370 4357 1532 4412 habet
1547 4371 1760 4426 quoque
1782 4355 1998 4410 creandi
2029 4378 2080 4438 ι)
2105 4366 2313 4437 Πατήρ,

437 4451 760 4520 potestatem
789 4457 847 4502 ut
870 4447 1050 4510 Pater.

1021 4560 1182 4634 ιω
1208 4559 1439 4616 suun.

509 4679 564 4732 Si
594 4677 760 4732 Filius
786 4687 864 4733 est
894 4685 1166 4740 creatura,
1185 4685 1241 4730 et
1264 4676 1520 4730 aduratur
1551 4688 1580 4727 a
1609 4673 1833 4743 reliquis
1849 4685 2004 4726 crea-

440 4771 596 4838 turis,
627 4770 748 4839 quia
779 4769 1050 4824 diversum
1074 4769 1200 4837 quid
1236 4768 1304 4822 ab
1339 4767 1406 4822 iis
1438 4765 1675 4830 exsistit,
1714 4778 1889 4835 neque
1921 4771 2006 4817 est

439 4862 589 4918 velut
618 4876 724 4918 uua
757 4870 1152 4922 creaturarum,
1190 4860 1473 4928 oportebat
1507 4857 1672 4912 etiam
1701 4855 1821 4909 illas
1886 4870 1916 4909 a
1943 4869 2004 4909 se

440 4956 669 5009 invicem
703 4953 941 5017 adorari,
975 4951 1098 5020 quia
1129 4952 1340 5006 diversa
1371 4951 1512 5004 inter
1543 4965 1602 5004 se
1649 4959 1844 5004 natura
1863 4963 1998 5018 pra:-

442 5046 567 5099 ditae
596 5051 739 5096 sunt.
773 5041 960 5112 Magna
987 5043 1132 5095 enim
1163 5050 1246 5095 est
1275 5041 1327 5094 in
1371 5041 1631 5095 creaturis
1664 5039 2002 5095 differentia:

441 5143 495 5188 et
531 5148 862 5201 unaquaque
903 5131 1223 5201 peculiarem
1259 5145 1413 5186 suam
1445 5139 1689 5184 naturam
1736 5129 1850 5183 sive
1874 5145 2007 5198 qua-

442 5224 648 5278 litatem
678 5223 1041 5292 habet,neqne
1073 5223 1122 5276 id
1164 5223 1337 5291 ipsum
1370 5231 1454 5275 est
1476 5222 1696 5275 omnino
1713 5221 1852 5290 quod
1880 5221 2004 5275 alia.

443 5315 599 5368 Nulla
629 5325 803 5369 tamen
839 5331 905 5368 ex
972 5315 1038 5367 iis
1079 5315 1352 5378 adoratur,
1407 5314 1535 5382 quin
1589 5313 1763 5380 potius
1819 5327 2007 5367 omnes

446 5416 742 5461 creatorem
777 5405 1006 5461 Verbum
1037 5405 1128 5460 Dei
1167 5408 1411 5460 adorant.
1446 5404 1561 5460 Non
1592 5405 1756 5475 igitur
1787 5421 1921 5459 unus
1938 5420 2004 5459 ex

446 5497 710 5550 creaturis
742 5509 822 5551 est
852 5496 1041 5559 Filius,
1092 5512 1264 5566 neque
1300 5507 1570 5559 creatura,
1607 5506 1662 5550 ut
1701 5512 1792 5549 vos
1813 5497 2002 5563 opina-

450 5587 597 5642 mini.
633 5589 748 5654 Quo
777 5602 932 5658 pacto
959 5598 1097 5643 enim
1139 5591 1182 5642 is
1215 5589 1301 5658 qui
1348 5591 1625 5653 aduratur,
1678 5590 1728 5641 in
1786 5602 2008 5642 numero

519 5767 559 5797 “
591 5766 731 5820 l‘sal.
770 5783 917 5826 tum,
952 5766 1003 5819 2.
1046 5768 1089 5796 θ’
1117 5766 1177 5818 Ill
1207 5766 1357 5819 listli'.
1390 5781 1460 5830 tv,
1493 5765 1579 5818 56.

2809 4569 3014 4622 ΑΛΛΟ.

2187 4683 2248 4734 Et
2274 4682 2478 4751 κτίσμα
2514 4682 2661 4734 ἐστὶν
2682 4683 2710 4735 ὁ
2737 4681 2883 4747 Υἱὸς,
2916 4683 3298 4750 προσκυνεῖται
3329 4681 3385 4734 δὲ
3407 4681 3554 4750 παρὰ
3576 4682 3691 4736 τῶν

2114 4768 2288 4822 ἄλλων
2336 4770 2670 4839 κτισμάτων,
2716 4769 2804 4824 διὰ
2841 4771 2900 4822 τδ
2921 4771 3106 4840 ἕτερόν
3151 4788 3201 4825 τι
3236 4771 3502 4844 ὑπάρχειν
3550 4777 3689 4843 παρ’

2109 4857 2270 4922 αὑτὰ,
2318 4859 2410 4910 καὶ
2449 4855 2584 4911 εἷναι
2631 4857 2704 4928 μὴ
2736 4857 2810 4922 ὡς
2850 4858 2908 4913 ἒν
2931 4857 3040 4912 τῶν
3073 4860 3408 4929 κτισμάτων,
3445 4861 3548 4913 ἔδει
3580 4865 3688 4915 κὰρ

2114 4951 2267 5001 κεῖνα
2301 4945 2719 5019 προσκυνεῖσθαῖ
2749 4949 2878 5019 παρ’
2909 4950 3178 5017 ἀλλήλων,
3209 4951 3298 5004 διὰ
3335 4953 3395 5004 τὸ
3456 4952 3688 5021 ἐξηλλα-

2114 5042 2322 5113 γμένην
2356 5041 2497 5112 ἔχειν
2527 5041 2624 5112 τὴν
2650 5041 2808 5109 φύσιν
2844 5042 2977 5112 πρὸς
3003 5042 3224 5112 ἄλληλα.
3257 5043 3429 5116 Πολλὴ
3479 5045 3585 5113 γὰρ
3624 5047 3687 5100 ἐν

2115 5136 2224 5196 τοῖς
2253 5136 2601 5204 ποιήμασινή
2630 5134 2861 5205 διαφορά
2881 5153 2892 5164 ’
2919 5136 3009 5187 καὶ
3037 5135 3180 5187 ἔστιν
3206 5137 3432 5190 ἕκαστον
3475 5138 3599 5190 ἰδεῖν
3625 5141 3689 5192 ἐν

2119 5222 2391 5293 ίδιαζούσῃ
2448 5224 2604 5292 φύσει
2650 5226 2768 5292 ἦτοι
2820 5226 3083 5295 ποιότητι,
3126 5229 3217 5279 καὶ
3253 5229 3349 5298 οὐχ
3400 5231 3534 5298 ὅπερ
3566 5231 3689 5285 ἐστὶ

2115 5307 2329 5379 πάνὲως
2359 5315 2420 5368 τὸ
2463 5316 2664 5385 ἕτερον,
2705 5317 2840 5368 Ἀλλ’
2870 5317 3016 5369 οὐδὲν
3056 5321 3112 5370 ὲν
3146 5320 3324 5382 αὑτοῖς
3362 5326 3688 5391 προσκυνεῖ-

2115 5425 2220 5467 ται,
2255 5408 2428 5458 πάντα
2465 5407 2518 5458 δὲ
2549 5407 2636 5458 τὸν
2663 5407 2990 5478 δημιουργὸν
3018 5409 3106 5462 τοῦ
3151 5411 3285 5462 Θεοῦ
3311 5412 3480 5478 Λόγον
3515 5431 3687 5481 προσ-

2116 5501 2282 5551 κυνεῖ.
2329 5502 2440 5550 Οὑκ
2472 5499 2575 5566 ἄρα
2622 5498 2677 5550 ἓν
2711 5499 2767 5563 ἐξ
2816 5500 2994 5552 αὐτῶν
3043 5504 3070 5553 ὁ
3115 5504 3258 5566 Υἱὸς,
3288 5503 3412 5555 οὐδὲ
3457 5506 3684 5574 κτίσμα,

2118 5590 2235 5642 καῦ*
2291 5593 2445 5660 ὑμᾶς.
2500 5591 2686 5644 Ἔσται
2739 5591 2846 5659 γὰρ
2899 5594 3036 5645 κατὰ
3080 5593 3196 5644 τίνα
3249 5595 3446 5663 τρόπον
3483 5595 3540 5646 ὲν
3574 5597 3693 5662 τοῐί

1662 5765 1703 5794 ³³
1728 5764 1879 5818 Juutt.
1915 5781 2020 5832 xw,
2055 5767 2104 5817 U.
