3968 6482
202 474 287 533 εις)
1614 452 2057 512 THESAURUS.
3367 432 3475 488 250

206 590 579 662 προσκυνοῦσιν
617 585 649 637 6
699 583 1195 656 προσκυνούμενος,
1228 582 1285 634 ὲν
1316 581 1426 642 τοῖς
1469 573 1776 642 δοξολογοῦ-

1906 578 2321 635 :nrum'ponatur
2346 561 2438 631 qui
2468 560 2721 619 adorant,
2747 564 2840 608 aut
2891 551 2981 621 qui
3036 547 3375 621 glorificatur
3406 549 3479 603 sit

2002 660 2009 662 ξ
2155 657 2163 662 .
2233 657 2242 662 .
2318 655 2364 662 ..ι
2484 651 2532 662 ,Α
2566 648 2606 662 ιι
2692 650 2699 657 -
2902 644 2913 662 9
2943 659 2968 662 __
3036 643 3181 662 2-....—
3235 640 3332 662 l.._-
3396 647 3474 662 --ι

206 640 649 745 σιΓντδδοξολογού
661 640 859 744 μενος
888 640 1029 728 [lolii
1059 640 1253 743 γὰρ-ὲν
1284 640 1456 741 τούτω
1483 640 1553 720 τὸῗ
1568 640 1772 731 μεταξὺ

1906 677 1948 713 :x
1980 660 2046 712 iis
2078 657 2167 727 qui
2196 651 2532 725 glorilicant?
2564 648 2792 701 Maxima
2828 644 2974 699 enim
3036 643 3181 694 itfter
3235 640 3336 693 hos
3392 647 3479 692 est

204 732 283 825 iul
338 732 932 837 διάιρορον,“καὶητδ
1005 732 1219 833 ἑκάστῳ
1279 732 1490 831 πρέπον
1545 758 1776 829 διορίζον

1906 750 2208 811 lilferentia,
2233 743 2517 800 manifeste
2545 742 2597 795 id
2632 737 2774 808 quod
2810 737 3005 806 cuique
3043 733 3301 787 convenit
3356 732 3475 786 dis-

216 862 396 923 σαφῶς.

887 945 1089 1000 ΔΔΔΟ.

266 1062 321 1115 Εἰ
347 1063 553 1134 κτίσμα
573 1060 731 1115 ἐστὶν
756 1060 785 1113 6
812 1060 960 1125 Υἱὸς,
986 1058 1164 1112 πάντα
1198 1057 1253 1111 δὲ
1284 1058 1313 1110 6
1340 1053 1528 1127 Πατὴρ
1554 1053 1779 1128 ἔργάζε-

207 1169 279 1205 ται
311 1153 371 1204 δι’
416 1149 614 1213 αὑτοῦ,
664 1149 831 1213 αὐτὸς
876 1138 1068 1201 ἑαυτὸν
1108 1147 1217 1218 ἄρα
1249 1148 1391 1199 ποιεί
1431 1146 1526 1198 καὶ
1572 1144 1774 1210 κτίζει·

206 1243 300 1295 ἀλλ’
331 1243 441 1294 ἔστι
471 1240 638 1295 τοῦτο
670 1241 814 1293 νοεῖν
840 1239 949 1292 τῶν
991 1238 1377 1303 ἀτοπωτάτων.
1420 1237 1544 1300 Πῶς
1576 1236 1687 1308 γὰρ
1718 1236 1779 1289 τὸ

207 1333 372 1401 μήπω,
420 1331 550 1385 καθ’
603 1332 783 1400 ὑμᾶς,
831 1328 911 1394 6v,
948 1329 1110 1382 ἑαυτὸ
1148 1322 1402 1398 ποιήσεις
1456 1325 1665 1381 Οὐκοῦν
1706 1327 1777 1380 οὐ

205 1419 387 1489 κτίσμα
415 1417 589 1485 ἐστὶν,
616 1418 747 1471 οὐδὲ
777 1418 1009 1488 ποίημα,
1034 1416 1170 1470 ἀλλὰ
1197 1417 1396 1487 μᾶλλον
1424 1415 1524 1487 τῆς
1553 1416 1647 1469 τοῦ
1670 1418 1781 1471 Πα-

204 1509 312 1579 τρὸς
339 1510 522 1573 οὐσίας
559 1510 808 1580 καρπὸς,
846 1509 984 1581 ἔχων
1008 1509 1083 1573 ὡς
1112 1508 1246 1572 Θεὸς
1274 1508 1335 1561 τὸ
1363 1507 1624 1562 δύνασθαι
1660 1507 1777 1560 κτί-

206 1599 302 1668 ζειν
328 1605 419 1657 καὶ
445 1606 649 1659 ποιεῖν.

887 1716 1089 1770 ΛΛΔο.

263 1824 321 1877 Et
356 1826 574 1895 κτίσμα
604 1824 761 1879 ἐστὶν
793 1828 821 1880 6
854 1825 1000 1892 Υἱὸς,
1029 1825 1145 1890 πῶς
1167 1828 1232 1879 ὲν
1265 1825 1413 1896 αὐτῷ
1457 1826 1698 1880 κείσεται
1722 1828 1782 1879 τὸ

1887 843 2158 913 tinguens.

2563 942 2794 1000 ALIUD.

1958 1067 2015 1121 Si
2038 1064 2206 1120 Filius
2234 1071 2316 1117 est
2343 1070 2621 1122 creatura,
2653 1068 2707 1112 et
2731 1056 2894 1111 Pater
2934 1052 3118 1109 omnia
3169 1066 3265 1121 per
3298 1046 3475 1119 ipsum

1886 1166 2160 1227 operatur,
2192 1169 2321 1225 ergo
2343 1153 2424 1208 sui
2462 1151 2635 1221 ipsius
2658 1159 2741 1204 est
2775 1148 2949 1202 factor
2970 1154 3026 1200 et
3054 1152 3275 1199 creator
3305 1156 3318 1192 :
3378 1138 3476 1193 sed

1888 1252 1991 1304 hoc
2020 1247 2101 1302 vel
2151 1245 2264 1301 sola
2331 1242 2663 1313 cogitatione
2694 1236 3149 1293 absurdissimum
3194 1240 3299 1287 est.
3332 1229 3479 1298 Quo-

1889 1342 2044 1397 modo
2062 1337 2287 1395 enimid
2315 1334 2458 1406 quod
2490 1335 2753 1396 nondum,
2774 1328 2929 1400 juxta
2950 1325 3309 1392 vos,exsistit,
3328 1320 3477 1390 seip-

1888 1448 2007 1489 sum
2036 1445 2225 1488 creare
2257 1427 2472 1497 possit?
2503 1423 2773 1491 Quocirca
2827 1436 2933 1476 non
2961 1429 3235 1479 creatura,
3292 1426 3482 1482 ineque

1887 1540 2022 1595 Optts
2047 1532 2150 1589 est,
2192 1520 2487 1589 sedetius
2509 1515 2724 1570 fructus
2776 1511 3028 1568 essentia:
3086 1506 3266 1563 Patris
3305 1547 3321 1573 ,
3380 1504 3479 1558 ha-

1890 1618 2042 1680 bens,
2078 1621 2135 1667 ut
2167 1611 2331 1675 Deus,
2359 1609 2670 1665 facultatem
2693 1603 2914 1661 creandi
2943 1611 2998 1658 et
3012 1598 3267 1657 faciendi.

2597 1715 2836 1774 ALIUD.

1969 1837 2030 1896 Si
2058 1836 2323 1892 Filiusest
2350 1844 2887 1903 creatura,quonam
2912 1839 3071 1901 pacto
3124 1823 3344 1880 creandi
3403 1820 3484 1875 fa-

206 1914 443 1970 δύνασθαι
488 1916 730 1982 κτίζειν,
762 1917 860 1971 καὶ
894 1919 975 1981 είς
1003 1917 1063 1971 τὺ
1105 1914 1245 1971 εἶναι
1285 1919 1557 1988 παράγειν
1590 1918 1648 1985 ἐξ
1677 1919 1778 1971 οὐκ

1906 1933 2082 1988 :ultate
2134 1928 2397 1999 praeditus
2454 1926 2578 1991 erit,
2613 1935 2709 1979 aut
2754 1933 3039 1979 creaturas
3090 1934 3157 1972 ex
3214 1915 3384 1970 nihilo
3414 1912 3485 1966 ad

207 2004 356 2061 ὄντων
399 2008 468 2061 τὰ
510 2009 834 2095 umquam;
866 2008 931 2061 El
963 2008 1073 2080 γὰρ
1113 2008 1249 2073 ὅλως
1292 2008 1564 2079 ἐνδέχεται
1622 2009 1787 2078 φύσιν

209 2095 419 2167 γενητὴν
441 2098 509 2151 ὲκ
535 2097 637 2151 τοῦ
674 2099 752 2169 μὴ
775 2098 926 2162 ὄντος
951 2099 1031 2163 είς
1054 2098 1115 2152 τὸ
1138 2095 1276 2152 εἶναι
1305 2099 1596 2169 παράγειν,
1636 2099 1788 2155 ἐσται

208 2187 412 2257 δυνάμει
458 2189 784 2261 δημιουργὲ
820 2190 1022 2245 καὶτὰ
1062 2190 1198 2245 ἄλλα
1247 2192 1550 2263 ποιήματα,
1604 2192 1699 2245 καὶ
1741 2194 1789 2245 εί

212 2280 358 2349 μήπω
384 2280 549 2335 τοῦτο
588 2282 680 2337 διὰ
714 2283 810 2353 τῆς
836 2282 1119 2355 ἐνεργείας
1162 2284 1355 2354 δρᾶται
1380 2301 1393 2313 ·
1428 2282 1617 2354 ὥσπερ
1650 2282 1789 2353 ἀμέ-

210 2372 277 2425 hi
304 2373 392 2426 καὶ
421 2374 449 2425 6
487 2376 628 2437 παῖς
654 2376 684 2427 6
724 2374 982 2446 βραχεῖαν
1009 2373 1158 2443 ἄγων
1194 2374 1275 2427 ἔτι
1306 2374 1405 2445 τὴν
1432 2374 1673 2445 ἡλικίαν,
1702 2374 1791 2428 δυ-

210 2465 350 2533 νάμει
379 2467 477 2535 μὲν
511 2466 954 2537 σπερματιστὴς,
978 2466 1113 2520 καθὸ
1145 2467 1239 2519 καὶ
1263 2466 1403 2536 ἁνήρ
1444 2467 1613 2529 ἐστιν,
1639 2467 1791 2520 οὔπω

211 2554 257 2607 δὲ
296 2559 356 2627 τῇ
392 2557 676 2629 ἐνεργείᾳ.
710 2558 782 2610 Τὸ
825 2557 883 2610 δὲ
920 2557 1043 2628 ἔχον
1071 2574 1123 2611 τι
1166 2558 1430 2628 πεφυκὸς,
1463 2560 1564 2613 οὐκ
1593 2561 1659 2614 ἂν
1702 2562 1791 2613 λέ-

214 2664 344 2713 γοιτο
375 2649 449 2719 μὴ
481 2648 657 2719 ἐχειν,
691 2650 740 2701 εί
764 2651 860 2703 καὶ
889 2650 1056 2724 μήπω
1097 2649 1256 2703 τοῦτο
1280 2651 1528 2720 φαίνεται
1557 2670 1792 2725 κρινιιτο⁹

216 2740 363 2811 μένης
392 2743 473 2794 ἔτι
507 2742 617 2811 τῆς
642 2741 879 2811 φυσικῆς
902 2741 1203 2814 ἐνεργείας,
1234 2743 1323 2797 διά
1345 2760 1465 2797 τινα
1491 2744 1789 2815 πρόφασιν,

213 2830 346 2899 ἤδιὰ
384 2832 478 2886 τὸν
528 2832 749 2902 χρόνον.
800 2830 1008 2885 Οὐκοῦν
1042 2830 1196 2887 ἔσται
1232 2830 1543 2905 δημιουργὰ
1590 2837 1685 2888 καὶ
1724 2837 1795 2890 τὰ

216 2922 332 2977 ἄλλα
354 2926 668 2996 ποιήματα,
700 2925 793 2977 καὶ
822 2924 883 2977 τὸ
902 2926 1154 2996 περιττὸν
1183 2926 1336 2981 οὐδὲν
1362 2928 1419 2981 ὲν
1454 2927 1593 2998 Θεῷ.
1635 2928 1795 2981 Ἀλλὰ

216 3016 355 3069 τοῦτο
378 3019 608 3072 ἄτοπον.
636 3017 804 3070 Οὐδὲν
835 3018 942 3089 γὰρ
967 3017 1075 3071 τῶν
1106 3020 1427 3090 ποιημάτων
1448 3022 1790 3093 δημιουργεῖ.

216 3109 313 3162 Οὐκ
349 3111 458 3181 ἄρα
497 3112 713 3180 κτίσμα
755 3112 903 3165 ἐστὶν
925 3115 954 3165 6
983 3112 1131 3178 Υἱὸς,
1160 3114 1226 3166 δι’
1265 3109 1326 3169 οὗ
1366 3113 1435 3167 τὰ
1462 3116 1641 3170 πάντα
1670 3115 1794 3183 ὲγέ-

216 3218 340 3267 vna,
366 3205 453 3257 ἶνα
504 3205 586 3275 μὴ
619 3203 680 3258 τὺ
720 3204 852 3258 αὐτὸ
896 3205 1154 3275 φαίνηται
1188 3205 1374 3259 ποιοῦν
1406 3208 1502 3260 καὶ
1542 3208 1799 3278 ποιούμε-

1888 2039 2009 2081 esse
2049 2024 2334 2079 traducere
2361 2020 2599 2092 poterit?
2634 2018 2692 2074 Si
2724 2019 2870 2072 enim
2908 2016 3132 2069 omnino
3156 2008 3270 2065 fieri
3304 2012 3486 2077 patest

1890 2128 1947 2173 ut
1982 2127 2173 2172 natura
2202 2123 2385 2170 creata
2410 2128 2475 2168 et
2534 2110 2706 2166 nihilo
2746 2108 2814 2163 ad
2867 2120 2994 2163 esse
3024 2102 3295 2163 traducat,
3318 2101 3487 2151 erunt

1888 2211 2053 2263 etiam
2082 2205 2307 2274 reliquae
2338 2212 2606 2259 creatura:
2632 2186 2882 2269 potentia
2909 2192 3233 2254 creatriees,
3268 2184 3484 2242 tametsi

1892 2301 1942 2356 id
1973 2299 2209 2356 nondum
2241 2306 2362 2352 actu
2386 2310 2507 2352 esse
2578 2292 2951 2364 conspiciatur
2981 2307 2995 2345 :
3029 2280 3483 2357 quemadmodum

1894 2392 2006 2446 fere
2040 2405 2175 2460 puer
2204 2391 2256 2443 in
2277 2398 2463 2444 tenera
2493 2386 2670 2441 adhuc
2718 2392 2905 2449 aetate,
2968 2375 3213 2451 potentia
3263 2372 3487 2444 quidem

1891 2486 2197 2541 seminosus
2221 2490 2327 2547 est,
2367 2487 2553 2550 utpote
2573 2476 2665 2547 qui
2703 2490 2823 2531 mas
2849 2481 2952 2537 est,
2985 2480 3108 2525 actu
3164 2481 3291 2520 vero
3349 2473 3490 2515 non-

1890 2575 2041 2630 dum.
2076 2573 2230 2641 Quod
2263 2580 2445 2626 autem
2468 2568 2677 2639 aliquid
2714 2564 2939 2620 insitum
2972 2560 3071 2615 sibi
3128 2556 3311 2619 habet,
3379 2565 3489 2604 non

1894 2667 2092 2723 dicitur
2142 2682 2247 2719 non
2295 2665 2521 2729 habere,
2588 2657 2805 2714 tametsi
2856 2655 2909 2710 id
2942 2652 3178 2709 nonduin
3206 2653 3488 2718 appareat,

1895 2758 2095 2813 latente
2129 2756 2306 2811 adhuc
2327 2752 2563 2808 naturali
2627 2748 2948 2820 operatione
2994 2751 3214 2814 propter
3249 2737 3489 2806 aliquam

1894 2849 2259 2915 occasionem,
2284 2846 2368 2901 vel
2395 2854 2617 2915 propter
2642 2850 2876 2909 tempus.
2906 2836 3081 2891 Erunt
3114 2834 3281 2904 igitur
3337 2843 3494 2881 crea-

1899 2946 2059 3001 trices
2082 2945 2246 2999 etiam
2291 2943 2517 3011 reliqua:
2562 2946 2852 3001 creatura},
2919 2930 3165 3000 nihilque
3219 2924 3494 2980 excellens

1896 3048 1982 3094 est
2018 3039 2070 3091 in
2104 3037 2233 3091 Deo.
2263 3035 2537 3089 Cteterum
2570 3028 2871 3086 absurdum
2902 3026 3007 3079 hoc
3038 3032 3140 3077 est.
3179 3017 3328 3073 N'ulla
3349 3016 3494 3069 enim

1898 3140 2272 3186 creaturarum
2309 3125 2531 3181 creandi
2565 3121 2883 3178 facultatem
2915 3118 3101 3173 liabet.
3147 3112 3320 3168 Filius
3364 3122 3499 3180 ergo

1899 3228 2152 3275 creatura
2176 3232 2283 3271 non
2313 3224 2418 3280 est,
2463 3229 2557 3285 per
2609 3226 2769 3281 quem
2829 3209 3011 3265 omnia
3067 3205 3213 3261 facta
3236 3211 3384 3266 sunt,
3426 3212 3496 3253 ne

216 3308 310 3356 νον,
356 3295 545 3361 κτίζον
594 3296 692 3349 καὶ
733 3298 1080 3367 κτιξὸμενον·
1112 3297 1243 3361 Θεὸς
1276 3298 1334 3351 δὲ
1363 3298 1566 3369 μᾶλλον
1629 3301 1704 3364 ὡς
1736 3301 1795 3354 ὲκ

1906 3312 2042 3367 idem
2072 3324 2193 3364 esse
2240 3282 2511 3371 videatur,
2561 3304 2770 3359 faciens
2823 3309 2879 3357 et
2928 3298 3152 3360 factum,
3208 3306 3403 3349 creans
3439 3299 3498 3347 et

217 3385 336 3442 Θεοῦ
366 3391 460 3442 καὶ
489 3388 735 3460 Πατρός.

264 3589 459 3656 AAAO,
484 3592 643 3661 μετὰ
673 3590 1037 3660 ὃυμπλοκῆς
1064 3590 1272 3661 ἐτέρου
1304 3592 1749 3663 συλλογισμοῦ.

282 3703 341 3757 Εἰ
370 3705 582 3774 κτίσμα
633 3705 783 3758 ἐστὶν
811 3706 839 3758 6
870 3704 1019 3770 Υἱὸς,
1043 3705 1162 3769 πῶς
1196 3706 1357 3769 αὐτὸς
1388 3707 1548 3776 μόνος
1589 3708 1802 3761 ἀποκα-

222 3794 396 3849 λύπτει
434 3799 531 3851 τὸν
565 3796 807 3868 Πατέρα,
842 3796 951 3853 τῶν
979 3797 1158 3851 ἄλλων
1183 3798 1502 3867 κτισμάτων
1529 3800 1628 3852 οὐκ
1651 3800 1803 3869 ὲχόν-

225 3904 319 3941 των
351 3890 508 3943 τοῦτο
545 3891 751 3953 ποιεῖν;
782 3890 907 3953 Πῶς
934 3889 994 3945 δὲ
1021 3891 1177 3961 μόνος
1206 3894 1235 3943 6
1264 3890 1394 3953 Υἱὸς
1428 3890 1686 3959 γινώσκει
1710 3891 1803 3945 τὸν

228 3978 451 4050 Πατέρα,
497 3979 612 4032 τῶν
660 3978 836 4033 ἄλλων
884 3981 1204 4051 ποιημάτων
1248 3981 1349 4033 οὐκ
1398 3980 1614 4033 εἰδότων
1666 3982 1803 4051 ὅπερ

227 4070 389 4137 ἑστίνς
430 4090 449 4123 ι
492 4070 687 4133 Οὐδεὶς
716 4070 851 4141 γὰρ,
878 4071 1032 4141 φησι,
1063 4071 1321 4139 γινώσκει
1352 4070 1435 4134 τίς
1471 4073 1663 4125 ὲστινό
1701 4072 1805 4123 Πα-

226 4160 319 4231 τὴρ
368 4166 418 4216 εἰ
473 4164 550 4234 μὴ
578 4164 609 4215 6
643 4163 788 4229 Υἱὸς,
821 4164 916 4216 καὶ
970 4160 1014 4232 ᾧ
1041 4163 1108 4218 ἂν
1151 4166 1178 4217 6
1209 4164 1338 4229 Υἱὸς
1394 4164 1742 4238 ἀποκαλύψῃ.
1780 4184 1798 4216 ι

232 4254 342 4318 [Ιῶς
369 4256 425 4309 δὲ
454 4257 592 4311 Θεὸν
622 4256 849 4326 μηδενὸς
871 4257 1175 4325 ἑωρακότος
1200 4255 1441 4321 πώποτε,
1468 4256 1613 4309 καθά
1642 4274 1803 4327 φησιν

228 4347 256 4397 6
304 4349 716 4420 εὖαγγελιστὴς,
754 4348 941 4419 βλέπει
992 4348 1152 4417 μόνος
1188 4350 1217 4400 6
1273 4348 1432 4413 Υίός;
1489 4348 1803 4418 Γέγραπται

231 4438 327 4509 γὰρ
362 4442 460 4510 οὐχ
499 4442 583 4492 ὅτι
638 4440 728 4491 τὸν
771 4438 989 4509 Πατέρα
1018 4456 1101 4502 τις
1153 4438 1415 4509 ἑώρακεν,
1444 4440 1491 4489 εί
1538 4440 1613 4508 μὴ
1649 4439 1677 4489 6
1727 4438 1803 4491 ὢν

233 4534 369 4601 παρὰ
400 4532 499 4585 τοῦ
532 4531 781 4602 Πατρός;
811 4532 1019 4584 Οὐκοῦν
1048 4532 1099 4582 εί
1149 4531 1309 4601 μόνος
1342 4533 1369 4583 6
1410 4531 1535 4594 Υἱὸς
1577 4532 1679 4601 ὁρᾷ
1710 4535 1802 4583 καὶ

1902 3409 2145 3459 creatum
2182 3418 2194 3454 :
2230 3408 2287 3454 at
2335 3398 2517 3470 potius
2574 3394 2739 3463 Deus,
2788 3400 2975 3463 utpote
3022 3404 3086 3444 ex
3141 3387 3249 3441 Deo
3291 3393 3348 3439 et
3394 3382 3499 3437 Pa-

1906 3500 2008 3546 tre.

2010 3601 2244 3669 ALIUD,
2282 3616 2403 3655 cum
2434 3598 2760 3655 connexion
2794 3596 3016 3650 alterius
3071 3591 3384 3664 syllogismi.

1974 3717 2031 3772 Si
2059 3716 2231 3770 Filius
2262 3724 2345 3770 est
2377 3722 2655 3785 creatura,
2696 3711 2970 3781 quomodo
3000 3709 3113 3778 ipse
3151 3706 3301 3761 solus
3340 3718 3495 3759 reve-

1905 3808 1978 3861 lat
2003 3808 2242 3869 Patrem,
2274 3807 2419 3876 quod
2451 3814 2659 3861 eceterae
2678 3812 2944 3859 creatum
2970 3800 3156 3854 facere
3180 3795 3499 3867 nequeunt?

1903 3898 2010 3951 Aut
2038 3898 2310 3966 quomodo
2339 3896 2487 3950 solus
2519 3895 2690 3950 Filius
2738 3892 3019 3961 cognoscit
3082 3889 3322 3954 Patrem,
3377 3902 3500 3940 eum

1907 3990 2129 4056 reliqua:
2156 3997 2421 4041 creatum
2453 3986 2701 4041 nesciant
2732 3986 2856 4055 quis
2904 3983 3011 4039 sit?
3051 4002 3069 4034 ι
3110 3981 3279 4035 Nemo
3332 3979 3501 4042 enim,

1910 4077 2069 4150 149
2123 4078 2318 4146 inquit,
2341 4076 2491 4131 novit
2518 4075 2733 4129 Patrem
2766 4076 2869 4129 nisi
2906 4072 3101 4135 Filius,
3153 4080 3206 4124 et
3269 4070 3353 4123 cui
3423 4068 3506 4121 Fi-

1906 4168 2008 4222 lius
2034 4167 2355 4221 revelaverit
2383 4166 2451 4221 “.
2489 4186 2510 4221 ι
2550 4166 2669 4233 Quo
2691 4174 2849 4236 pacto
2869 4179 3024 4228 vero,
3051 4178 3172 4216 cum
3203 4160 3371 4213 Deum
3404 4173 3501 4213 ne-

1908 4273 1995 4313 mo
2032 4259 2227 4313 viderit
2262 4274 2519 4328 unquam,
2562 4258 2706 4314 sicut
2769 4257 2848 4310 ait
2877 4254 3215 4323 evangelista
3249 4253 3316 4314 ’⁸,
3357 4252 3506 4306 solus

1906 4351 2077 4407 Filius
2095 4351 2277 4407 videt?
2302 4349 2493 4405 Nonne
2523 4351 2668 4404 enim
2722 4349 2986 4418 scriptum
3012 4356 3097 4401 est
3123 4346 3195 4412 ³⁸,
3227 4362 3244 4395 ι
3287 4344 3505 4398 Patrem

1907 4458 2067 4499 nemo
2094 4444 2230 4499 vidit
2252 4441 2637 4511 unquatn,nisi-
2651 4440 2743 4509 qui
2769 4450 2942 4494 estex
2964 4438 3166 4492 Patre?
3192 4456 3210 4488 ι
3238 4436 3507 4503 Quocirca

1908 4535 1953 4588 si
1988 4533 2138 4588 solus
2173 4532 2358 4586 Filius
2390 4530 2533 4585 videt
2562 4538 2617 4585 et
2645 4530 2925 4601 cognoscit
2952 4528 3194 4592 Patrem,
3221 4529 3508 4597 ipsumque

236 4623 484 4689 γινώσκει
504 4624 598 4675 τὸν
619 4622 863 4692 Πατέρα,
880 4623 971 4675 καὶ
986 4621 1361 4675 ἀποκαλύπτει
1381 4623 1563 4686 αὑτὸν,
1583 4622 1681 4675 οὐκ
1697 4624 1795 4693 ἄρα

1910 4626 2115 4681 revelat
2154 4641 2167 4677 :
2202 4640 2310 4678 non
2337 4624 2500 4691 igitur
2519 4632 2768 4677 creatura
2803 4630 2912 4684 est,
2959 4620 3053 4674 sed
3113 4619 3395 4687 preprium
3432 4620 3509 4685 ip-

236 4712 423 4782 κτίσμα
462 4713 636 4775 ἐστὶν,
673 4712 787 4765 ἀλλ’
815 4713 941 4776 ἴδιος
967 4712 1131 4766 αὑτοῦ
1154 4714 1347 4781 Λόγος,
1386 4713 1522 4783 ὅπερ
1550 4716 1697 4767 ἐστὶν
1720 4716 1807 4768 αὐ.

234 4802 313 4866 τδς
334 4806 474 4857 κατά
516 4803 708 4872 φύσιν
742 4803 902 4857 τοῦτο
943 4806 1209 4875 ὑπάρχειν
1247 4804 1399 4868 εἰδὼς
1441 4806 1535 4858 καὶ
1570 4806 1661 4858 τὸν
1686 4806 1807 4860 ὅθεν

236 4892 551 4963 ἐϐλάστησε,
594 4896 832 4964 Πατέρα,
876 4896 971 4948 καὶ
1003 4896 1059 4947 ὲν
1100 4894 1277 4965 ἑαυτῷ
1312 4895 1574 4949 δεικνύων
1625 4896 1808 4961 αὐτὸν,

1914 4718 2028 4773 sius
2077 4717 2337 4782 Verbum,
2380 4716 2522 4785 quod
2552 4713 2770 4783 quidem
2829 4722 2915 4767 est
2958 4712 3073 4781 ipse
3131 4711 3505 4764 naturaliter:

1918 4810 2019 4861 hoc
2046 4808 2209 4861 etiam
2236 4807 2502 4861 exsistere
2524 4805 2707 4859 sciens
2741 4817 2867 4856 eum
2894 4817 2921 4854 a
2974 4816 3082 4870 quo
3132 4800 3379 4869 procedit
3409 4798 3510 4851 Pa-

1912 4906 2073 4960 trem,
2111 4905 2163 4950 et
2198 4898 2249 4949 in
2282 4897 2461 4965 seipso
2493 4910 2614 4948 eum
2646 4895 3093 4957 ostendenspum
3120 4900 3328 4945 uetera:
3351 4904 3510 4942 erea-

237 4985 396 5039 καίτοι
434 4986 550 5039 τῶν
603 4986 777 5040 ἄλλων
822 4987 1138 5057 κτισμάτων
1186 4987 1247 5039 οὐ
1302 4988 1615 5055 δυναμένων
1654 4986 1795 5038 τοῦτ(

1909 4999 2043 5043 tum
2075 4988 2124 5042 id
2166 4998 2425 5057 prtestare
2459 5003 2565 5042 non
2593 4988 2828 5056 possint.
2862 4985 3051 5053 Neque
3100 4985 3245 5037 enim
3278 4984 3506 5035 increa-

238 5081 411 5132 ποιεῖν.
453 5078 531 5131 Οὐ
572 5078 680 5149 γὰρ
708 5081 764 5130 ἐν
811 5080 924 5141 τοῖς
969 5080 1270 5149 ποιήμασιν
1314 5082 1345 5148 ἡ
1399 5080 1491 5132 τοῦ
1528 5080 1806 5143 ποιοῦντος

234 5166 480 5238 ὁμοιότης
511 5168 762 5231 σώζεται,
793 5168 914 5221 οὐδὲ
942 5170 1000 5221 ἐν
1020 5172 1129 5233 τοῖς
1156 5173 1402 5239 γενητοῖς
1435 5172 1461 5223 ὁ
1492 5171 1803 5241 ἀγέννητος,

240 5259 343 5312 056‘:
376 5263 433 5313 ὲν
464 5264 573 5324 τοῖς
604 5262 666 5313 ὲκ
707 5260 800 5313 τοῦ
832 5261 904 5331 μὴ
948 5262 1098 5325 ὄντος
1137 5265 1215 5325 εἰς
1244 5263 1302 5316 τὸ
1342 5260 1478 5316 εἶναι
1523 5266 1809 5335 παρηγμέ-

241 5367 337 5412 νοις
366 5356 391 5405 ὁ
425 5354 514 5405 ἀεὶ
555 5354 647 5405 καὶ
686 5353 947 5415 ὡσαύτως
974 5354 1047 5405 ὣν
1086 5355 1436 5425 όραθήσεται.
1469 5357 1718 5408 Φαίνεται
1752 5357 1808 5409 δὲ

243 5442 290 5491 ὲν
317 5443 422 5513 ΥΞῴ
442 5463 453 5474 ·
486 5445 599 5497 ἔστι
623 5444 731 5514 γὰρ
747 5443 911 5497 εἰκὼν
938 5445 1354 5513 ἀπαράλλακτος
1380 5448 1561 5500 αὑτοῦ.
1587 5448 1810 5515 "Opem;

242 5528 323 5585 οὖν
369 5536 489 5588 κατ’
532 5537 721 5589 οὐσίαν
783 5538 897 5589 ἐστὶ
938 5536 1027 5589 τοῦ
1081 5535 1310 5606 Πατρὸς,
1347 5540 1405 5591 οὐ
1456 5539 1658 5607 κτίσμα
1717 5545 1811 5593 καὶ

246 5623 459 5692 ποίημα.
504 5627 723 5696 Ἐπειδὴ
758 5627 959 5679 τούτων
992 5626 1143 5678 οὐδέν
1179 5628 1325 5678 ἐστιν
1364 5630 1390 5678 ό
1424 5628 1629 5699 Πατὴρ,
1678 5630 1811 5700 πρὸς

246 5710 296 5763 ὃν
328 5716 418 5766 καὶ
458 5718 814 5786 μεμόρῆςωται
826 5758 837 5770 .

314 5887 354 5921 ⁸⁸
376 5892 559 5951 Matth.
600 5910 671 5959 χι,
714 5895 805 5947 27.

881 5895 1096 5953 “’.Ιυ.ιιι.
1143 5913 1176 5962 I,
1216 5895 1296 5949 l8.
1377 5896 1415 5926 δν
1443 5894 1593 5949 Junii.
1625 5912 1691 5960 ιι,
1720 5895 1807 5951 ὀί).

1916 5082 2052 5135 turis
2077 5080 2345 5135 creatoris
2382 5079 2683 5134 similitudo
2718 5087 2992 5140 servatur,
3056 5091 3231 5143 neque
3284 5074 3509 5129 factoris

1914 5173 1967 5228 iu
1998 5174 2063 5228 iis
2096 5188 2214 5242 qua)
2243 5171 2385 5226 facta
2423 5181 2583 5226 sunt:
2622 5171 2868 5241 uequein
2900 5169 2966 5223 iis
2990 5185 3109 5237 quin
3143 5183 3205 5220 ex
3239 5168 3406 5219 nihilo
3442 5169 3506 5218 ad

1915 5280 2037 5320 esse
2067 5265 2310 5319 traducta
2344 5265 2559 5329 suut,is
2608 5265 2698 5333 qui
2760 5278 2977 5333 semper
3026 5263 3325 5329 eodemque
3351 5259 3510 5313 modo

1918 5356 2157 5419 exsistit,
2198 5353 2740 5408 cernitur.Cernitttr
2772 5353 3022 5407 autemin
3042 5349 3177 5405 Filio
3213 5366 3225 5400 :
3256 5358 3338 5401 est
3362 5346 3507 5399 enitn

1917 5449 2223 5502 omnimoda
2256 5448 2426 5517 ipsius
2470 5450 2667 5516 imago.
2720 5446 2926 5499 Similis
2972 5448 3155 5515 itaque
3210 5442 3508 5496 secundum

1922 5541 2215 5593 essentiam
2243 5550 2323 5593 est
2386 5540 2553 5603 Patri,
2611 5556 2713 5593 non
2770 5554 2905 5606 opus
2952 5550 3045 5590 ant
3103 5546 3369 5591 creatura.
3423 5534 3509 5585 Si»

1919 5634 2133 5701 quidem
2166 5634 2300 5688 nihil
2329 5635 2520 5690 horum
2550 5643 2634 5689 est
2660 5633 2841 5687 Pater.
2878 5631 3029 5699 cujus
3078 5630 3363 5697 imaginem
3426 5644 3509 5681 re-

1921 5726 2043 5780 fert.
