3968 6476
1670 424 2118 483 THESAURUS.

3431 411 3540 467 251

267 573 369 619 ως,
404 555 586 607 πᾶσαν
614 549 885 605 δύνασθαι
929 551 1027 621 τὴν
1058 549 1235 604 κτίσιν
1256 568 1271 580 ’
1303 549 1334 620 ἦ
1382 550 1481 621 τῆς
1526 549 1693 618 ἄλλης
1725 549 1847 600 ἀτοο

1958 544 2113 600 tura?
2137 540 2513 599 Necessarium
2536 537 2681 596 enim
2700 545 2808 602 est,
2834 542 2892 591 ut
2920 547 3045 590 cum
3063 531 3181 603 ipse
3200 527 3541 621 illiuscapas

270 646 450 716 νούσης
486 642 752 703 κτίσεως,
787 641 1137 694 συνασθενεῖν
1180 641 1275 695 καὶ
1322 641 1487 694 αὐτὸν
1514 640 1590 707 ὡς
1622 638 1849 706 κτιστῆς

267 736 385 789 avra
419 736 666 803 φύσεως.
702 734 768 785 Ei
814 733 871 786 δὲ
917 732 1194 802 ἐχώρησεν
1227 735 1258 783 6
1290 732 1415 795 Υίὸς
1461 731 1691 799 κτίσμα,
1725 726 1848 782 καθ’

269 827 419 898 ὑμᾶς.
448 825 719 895 ὑπάρχων
740 825 843 894 τὴν
867 822 958 877 τοῦ
989 823 1199 894 Πατρὸς
1224 820 1849 893 αὐτουργίαν,’χωρήσει

269 917 353 969 καὶ
386 914 555 969 τᾶλλα
582 915 892 984 κτίσματα,
920 912 1014 965 καὶ
1041 912 1268 982 περιττὴ
1296 915 1547 980 φανεῖται
1589 910 1777 964 λοιπὸν
1813 911 1849 980 ἡ

266 1004 349 1059 τοῦ
378 1003 505 1058 Υίοῦ
552 1003 779 1071 γένεσις
818 1003 936 1072 ἦτοι
978 1001 1219 1071 ποίησις,
1247 1001 1333 1053 ἵνα
1372 1000 1440 1054 τὰ
1469 1000 1603 1055 ἄλλα
1632 998 1847 1070 κτισθῇ,

267 1096 503 1167 ἀτονῆσει
539 1095 600 1149 δὲ
629 1094 730 1148 καὶ
761 1094 824 1147 τὸ
859 1093 1080 1164 ὑϐρίζον
1111 1091 1355 1162 σόφισμα
1392 1092 1456 1144 τὸ
1501 1093 1751 1162 κρεῖττον
1791 1091 1850 1144 ὲν

270 1188 554 1258 ποιήμασιν
584 1184 869 1255 ἀπονέμον
895 1183 975 1254 τῷ
1002 1182 1149 1254 Υίῷ·
1186 1183 1280 1238 καὶ
1332 1183 1400 1236 δι’
1437 1176 1514 1237 ὧν
1564 1180 1849 1237 ὑπονοοῦσι

268 1280 433 1350 τιμᾷν,
460 1276 730 1347 ὐδρισταὶ
782 1274 983 1347 μᾶλλον
1027 1270 1347 1329 ἁλώσονται.
1383 1275 1455 1328 Τὸ
1484 1274 1594 1346 γὰρ
1625 1274 1762 1337 ὅλως
1791 1276 1850 1327 ὲν

268 1370 521 1440 ποιήμασι
551 1365 1095 1439 καταριθμούμενον,
1131 1366 1369 1436 γενητῆς
1398 1366 1465 1420 ἂν
1494 1366 1579 1435 εῐη
1608 1362 1847 1434 φύσεως,

268 1459 358 1514 κᾶν
383 1461 649 1531 ἀμέτροις
688 1459 985 1529 ὑπεροχαῖς
1018 1456 1129 1511 τῶν
1154 1457 1330 1513 ἄλλων
1376 1456 1633 1527 φαίνηται
1666 1458 1851 1528 κρεῖτ-

267 1569 366 1607 τον.
392 1554 454 1606 Ei
474 1552 535 1605 δὲ
563 1552 777 1607 ἄτοπον
806 1544 946 1604 εἳναί
976 1567 1107 1619 φασι
1129 1550 1191 1602 τὸ
1227 1549 1388 1621 μέχρι
1416 1548 1525 1603 τῶν
1551 1538 1850 1619 ἐλαχίστων

268 1642 459 1711 φθάσαι
479 1642 583 1715 τὴν
611 1640 940 1711 ἄφατον⁹τοῦ
964 1638 1097 1695 Θεοῦ
1119 1640 1371 1712 δύναμιν,
1391 1639 1851 1694 δυσωπείσθωσαν

268 1735 545 1800 ἀκούοντες
572 1734 833 1803 λέγοντος
854 1733 951 1788 τοῦ
970 1734 1229 1807 Χριστοῦ·
1263 1753 1282 1787 ι
1309 1736 1444 1808 Οὐχὶ
1467 1735 1561 1789 δύο
1592 1734 1851 1807 στρουθία

266 1828 516 1898 ἀσσαρίου
556 1826 850 1892 πωλεῖται,
885 1826 980 1880 καὶ
1012 1826 1071 1879 ἓν
1105 1824 1166 1890 ἐξ
1191 1825 1373 1879 αὐτῶν
1400 1827 1462 1879 οὐ
1487 1828 1737 1880 πεσεῖται
1756 1825 1851 1879 ἐπὶ

1950 640 2041 703 sit,
2074 650 2304 706 capaces
2349 634 2511 690 etiam
2559 630 2671 687 sint
2718 626 2941 697 reliquie
2973 632 3241 680 creaturae
3281 637 3295 676 :
3346 628 3441 675 aut
3493 620 3543 675 si

1951 728 2273 785 imbecillior
2301 726 2379 783 sit
2426 732 2806 781 creaturarum
2851 726 3074 783 natura,
3103 727 3266 785 quam
3314 720 3376 767 ut
3422 711 3546 782 eius

1950 836 2123 891 capax
2153 832 2274 876 esse
2318 817 2511 889 possit,
2539 815 2729 871 eadem
2754 809 3130 867 imbecillitate
3158 806 3322 863 etiam
3359 806 3543 875 ipsum

1950 890 2221 974 liborare,
2251 909 2451 979 quippe
2478 906 2572 977 qui
2603 909 2801 960 creata
2828 902 2901 957 sit
2930 908 3157 955 naturae.
3189 896 3250 954 Si
3280 910 3411 952 vero
3444 893 3543 950 Fi-

1949 1003 2055 1059 lius
2082 1016 2207 1057 cum
2248 1001 2321 1055 sit
2350 1006 2627 1063 creatura,
2663 1004 2722 1050 ut
2754 1008 2848 1049 vos
2888 989 3209 1062 opinamini,
3241 1003 3411 1058 capax
3439 987 3545 1043 fuit

1950 1105 2194 1165 paterna
2213 1091 2432 1147 virtutis
2450 1107 2467 1147 ι
2492 1100 2723 1158 capaces
2745 1091 2909 1140 erunt
2930 1090 2983 1137 et
3006 1089 3218 1137 cetera:
3239 1087 3541 1145 creatura;

1950 1193 2114 1253 atque
2143 1182 2217 1237 ita
2250 1191 2655 1250 supervacanea
2692 1175 2859 1231 fuerit
2911 1174 3037 1231 Filii
3081 1174 3385 1247 generatio,
3426 1174 3548 1231 sive

1950 1274 2210 1330 formatio
2252 1271 2322 1326 ad
2374 1269 2483 1325 alia
2518 1266 2817 1325 creandum
2849 1283 2863 1321 :
2893 1274 2948 1321 et
2998 1264 3329 1321 imbecillum
3382 1252 3546 1334 plane
3610 1308 3615 1312 .

1950 1377 2114 1438 atque
2153 1365 2317 1421 inane
2344 1363 2449 1418 erit
2479 1356 2937 1419 contumeliosum
2982 1358 3114 1413 illud
3154 1358 3433 1439 inventum
3478 1370 3550 1411 ac

1951 1456 2229 1524 cavillum,
2276 1453 2421 1524 quod
2464 1453 2835 1523 praestantiam
2885 1452 3031 1506 inter
3072 1456 3355 1504 creaturas
3402 1446 3544 1503 Filio

1953 1550 2142 1605 tribuit
2174 1570 2187 1604 ;
2219 1554 2274 1603 et
2305 1559 2371 1602 eo
2404 1546 2527 1615 ipso
2565 1558 2675 1614 quo
2721 1542 2873 1599 illum
2926 1542 3137 1598 honore
3180 1539 3394 1595 allicere
3422 1551 3546 1593 sese

1951 1638 2299 1701 existimant,
2358 1634 2741 1691 contumeliosi
2805 1634 2987 1706 potius
3042 1646 3167 1689 esse
3225 1638 3539 1715 cernentur.

1951 1731 2106 1798 Quod
2155 1729 2301 1787 enim
2350 1727 2575 1783 omnino
2619 1726 2892 1782 creaturis
2941 1733 3336 1779 annumeratur
3385 1720 3549 1777 facta:

1955 1832 2162 1879 natura!
2188 1820 2261 1877 sit
2286 1828 2524 1890 oportet,
2557 1819 2768 1875 tametsi
2798 1819 3070 1873 immenso
3101 1813 3387 1870 intervallo
3421 1810 3547 1868 reii-

265 1896 468 1991 τὴν-γῆν
493 1920 628 1975 ἄνευ
658 1918 755 1973 τοῦ
772 1918 989 1990 Πατρὸς
1010 1918 1164 1989 ὑμῶν
1182 1918 1277 1972 τοῦ
1300 1920 1359 1971 ὲν
1382 1921 1496 1983 τοῖς
1513 1920 1764 1991 οὐρανοῖς
1783 1936 1799 1984 ;
1826 1936 1844 1970 ι

1958 1915 2077 1986 quis
2107 1912 2458 1986 praestantius
2480 1911 2572 1965 sit.
2601 1909 2659 1965 Si
2687 1924 2818 1965 vero
2847 1907 3145 1965 absurdum
3176 1920 3295 1963 esse
3320 1912 3547 1960 censent

265 2011 365 2064 Καὶ
396 2010 555 2064 πάλιν
574 2028 588 2044 ·
616 2029 637 2062 ι
660 2008 991 2080 Ἐκϐλέψατε
1019 2011 1099 2073 είς
1129 2010 1200 2063 τὰ
1222 2010 1442 2063 πετεινὰ
1471 2010 1563 2063 τοῦ
1594 2008 1846 2081 ούρανοῦ,

265 2102 336 2154 ὅτι
369 2103 429 2155 ού
462 2103 810 2173 σπείρουσιν,
834 2102 959 2156 οὐδὲ
982 2102 1277 2173 θερίζουσι,
1306 2104 1401 2156 καὶ
1429 2104 1457 2155 6
1479 2102 1669 2175 Πατὴρ
1694 2102 1852 2174 ὑμῶν

265 2192 290 2243 6
317 2193 562 2263 οὐράνιος
610 2192 807 2264 τρέφει
856 2193 1019 2249 αὑτά.
1050 2210 1069 2244 ι
1104 2194 1216 2247 Καὶ
1266 2194 1429 2247 πάλιν
1453 2211 1466 2224 ·
1520 2212 1538 2246 ι
1566 2194 1630 2248 Ei
1663 2194 1719 2247 δὲ
1755 2193 1849 2248 τὸν

266 2284 443 2353 χόρτον
476 2284 577 2339 τοῦ
611 2284 790 2357 ἀγροῦ
826 2285 1068 2357 σήμερον
1096 2284 1225 2339 ὄντα
1270 2290 1366 2339 καὶ⁸
1394 2286 1582 2358 αὔριον
1617 2288 1695 2349 είς
1724 2286 1848 2339 κλί-

266 2372 415 2428 ϐανον
463 2374 824 2446 βαλλόμενον,
870 2376 898 2430 6
953 2375 1087 2441 Θεὸς
1132 2376 1305 2441 οὕτως
1351 2377 1698 2449 ἀμφιέννυσι,
1729 2377 1848 2442 πῶς

264 2466 371 2536 ούχὶ
397 2467 601 2536 μᾶλλον
627 2467 914 2537 (apag;th
929 2467 973 2521 δ’
996 2466 1061 2521 ἂν
1082 2467 1293 2536 γένοιτο
1314 2469 1509 2540 χόρτου
1535 2470 1629 2523 καὶ
1654 2487 1847 2543 στρου-

268 2554 385 2608 θίων
411 2556 824 2627 εὐτελέστερον,
841 2549 915 2609 ὧν
946 2555 1005 2624 ἐξ
1029 2558 1369 2632 ἀγαθότητος
1388 2560 1415 2611 6
1438 2557 1571 2623 Θεὸς
1594 2563 1845 2631 προνοεῖ;

265 2642 387 2699 εἷτα
418 2646 539 2709 πῶς
566 2648 631 2701 τὸ
661 2641 801 2701 εἶναι
836 2646 1068 2719 ποιητὴς
1102 2648 1201 2701 οὐκ
1230 2647 1311 2702 ἂν
1335 2647 1642 2715 ἀξιώσειεν,
1681 2645 1757 2705 ὧν
1784 2652 1845 2705 οὐ

267 2740 611 2808 παραιτεῖται
659 2738 761 2809 τὴν
812 2738 1106 2807 πρόνοιανς
1169 2738 1308 2810 Ἀλλ’
1336 2731 1481 2794 οὗτοι
1531 2741 1701 2810 τύφον
1746 2743 1849 2796 οὑκ

267 2828 454 2892 ειδάτες
503 2830 889 2900 προσάπτουσι
936 2829 1013 2899 τῷ
1054 2828 1195 2900 Θεῷ,
1242 2829 1489 2897 λέγοντες
1538 2831 1701 2886 αὑτὸν
1748 2833 1849 2887 οὐκ

266 2916 436 2982 ἀξιοῦν
461 2918 581 2973 τῶν
607 2918 906 2988 ἐλαχίστων
947 2912 1089 2972 εἶναι
1123 2920 1375 2990 ποιητήν.
1404 2920 1466 2972 Εί
1498 2919 1677 2976 τοίνυν
1706 2921 1847 2975 πάν-

266 3028 362 3064 των
386 3012 505 3064 ἐστὶ
530 3011 790 3082 ποιητὴς,
814 3008 1007 3078 φθάνει
1028 3009 1086 3062 δὲ
1112 3009 1207 3062 καὶ
1238 3007 1398 3080 μέχρι
1418 3009 1527 3063 τῶν
1548 3011 1848 3082 ἐλαχίστων

263 3100 343 3155 διὰ
382 3101 802 3173 φιλανθρωπίαν
849 3101 963 3164 τοῖς
1007 3099 1140 3152 πᾶσι
1191 3097 1574 3170 χωρούμενος,
1618 3099 1849 3172 περιττὴ

264 3192 362 3244 τῶν
388 3192 687 3263 aperiatth
711 3194 745 3263 ἡ
775 3191 1048 3262 πρόφασις
1074 3189 1161 3242 διὰ
1182 3197 1251 3242 τὰ
1283 3190 1454 3263 μικρὰ
1480 3190 1589 3244 τῶν
1612 3192 1849 3262 κτισμά-

263 3298 361 3335 των
386 3281 797 3355 προϐεϐλῆσθαι
836 3279 1107 3351 λεγόντων
1139 3279 1231 3333 τὸν
1258 3279 1407 3334 Υίὸν.
1492 3308 1495 3310 -

1952 2006 2017 2063 ad
2047 2006 2328 2061 minimam
2359 2003 2525 2059 etiam
2555 2002 2650 2058 Dei
2676 2000 2975 2073 potentiam
3006 2014 3071 2055 ac
3093 1999 3347 2053 virtutem
3381 2009 3545 2067 pene-

1951 2106 2121 2165 trare,
2162 2096 2513 2161 erubescant,
2563 2109 2686 2150 cum
2728 2093 3008 2149 Christum
3050 2091 3226 2161 ipsum
3274 2088 3547 2144 dicentem

1949 2191 2173 2247 audiant
2202 2207 2215 2244 :
2254 2207 2274 2242 ι
2305 2188 2503 2244 Nonne
2530 2188 2637 2244 duo
2668 2185 2967 2258 passerculi
3018 2197 3144 2239 asse
3188 2189 3462 2246 vsmeunt,
3490 2193 3548 2236 et

1950 2298 2090 2340 unus
2131 2296 2199 2338 ex
2247 2284 2328 2337 cis
2377 2297 2483 2336 non
2538 2281 2700 2355 cadet
2748 2280 2803 2333 in
2860 2287 3065 2333 terram
3126 2277 3333 2345 absque
3383 2272 3550 2328 Putre

1950 2386 2131 2431 vestro
2160 2375 2251 2444 qui
2283 2374 2336 2429 in
2385 2372 2540 2429 caelis
2568 2381 2653 2428 est
2679 2371 2720 2425 '.
2761 2389 2781 2425 ι
2834 2369 2902 2425 Et
2934 2383 3128 2425 rursus
3162 2381 3180 2421 :
3218 2383 3237 2418 ι
3270 2365 3549 2437 Respicite

1950 2464 2191 2519 volatilia
2232 2463 2379 2529 caeli,
2416 2464 2559 2533 quod
2612 2477 2719 2518 non
2768 2469 2962 2517 serunt
2996 2473 3171 2528 neque
3220 2466 3456 2525 metunt,
3491 2462 3548 2511 et

1951 2556 2111 2613 Pater
2136 2565 2321 2625 vester
2342 2555 2580 2610 caelestis
2604 2555 2777 2610 nutrit
2800 2553 2889 2608 illa
2920 2552 2961 2607 ⁸.
2994 2570 3012 2603 ›
3039 2552 3110 2606 Ει
3138 2564 3359 2605 rursum
3389 2566 3403 2604 :
3440 2566 3460 2601 ι
3484 2545 3547 2604 Si

1950 2647 2136 2703 fenum
2164 2646 2279 2716 agri
2312 2646 2465 2714 quod
2496 2644 2657 2701 hodie
2680 2652 2765 2700 est
2794 2652 2847 2698 et
2874 2656 3000 2699 cras
3025 2642 3080 2697 in
3104 2642 3380 2697 clibanum
3417 2640 3547 2694 mit-

1954 2735 2106 2801 titur,
2139 2734 2283 2790 Deus
2312 2735 2392 2791 sic
2424 2734 2608 2800 vestit,
2658 2743 2865 2804 quanto
2899 2732 3073 2803 magis
3109 2747 3207 2788 vos
3252 2731 3311 2786 ⁷2
3346 2749 3367 2783 ι
3407 2730 3549 2798 Quid

1951 2833 2133 2880 autem
2165 2824 2290 2881 leno
2329 2834 2385 2881 et
2428 2826 2756 2897 passerculis
2797 2825 2953 2897 151
2995 2824 3156 2880 vilius
3202 2833 3306 2891 est,
3350 2825 3551 2895 quibus

1951 2917 2096 2974 Deus
2125 2933 2223 2987 pro
2248 2932 2345 2974 sua
2382 2918 2627 2975 bonitate
2663 2918 2954 2989 providet?
2992 2918 3102 2973 Aut
3133 2916 3411 2987 quomodo
3443 2930 3550 2969 nou

1952 3008 2208 3079 dignetur
2226 3023 2349 3065 esse
2378 3018 2598 3065 creator
2624 3023 2838 3075 eorum,
2878 3023 3107 3079 quorum
3146 3008 3548 3078 providentiam

1952 3110 2060 3152 non
2104 3094 2405 3152 detrectat?
2450 3096 2522 3151 At
2569 3095 2661 3153 isti
2712 3096 3029 3167 ignorantes
3072 3094 3388 3165 superbiam
3438 3092 3550 3148 Deo

1952 3188 2295 3260 impingunt,
2342 3188 2589 3245 dicentes
2648 3203 2776 3245 eum
2840 3187 3127 3257 dedignari
3190 3187 3546 3241 miuimorum

1867 3268 1912 3327 (ἶ
1944 3290 2251 3337 creatorem
2281 3294 2427 3335 esse.
2458 3278 2525 3335 Si
2546 3293 2689 3351 ergo
2716 3279 2961 3335 omnium
2988 3289 3073 3333 est
3100 3284 3344 3343 creator,
3372 3285 3429 3331 et
3451 3290 3553 3345 pro

265 3390 353 3431 sua
386 3375 731 3448 benignitate
800 3374 967 3429 etiam
998 3373 1066 3427 ad
1141 3373 1366 3427 minima
1408 3384 1675 3444 permeat,
1712 3390 2011 3447 omnesque
2045 3376 2130 3431 sui
2196 3389 2426 3446 capaces
2466 3374 2617 3444 facit,
2657 3374 2837 3431 inanis
2868 3384 2953 3431 est
2993 3374 3382 3430 haereticorum
3418 3386 3550 3438 pro-

266 3469 452 3538 positio
484 3467 812 3532 dicentium,
836 3473 1062 3536 propter
1087 3465 1336 3553 .minores
1362 3471 1644 3524 creaturas
1666 3471 1986 3539 productum
2013 3483 2138 3525 esse
2160 3467 2382 3527 Filium.

268 3585 385 3641 Ἔτι
408 3587 497 3652 εις
528 3584 599 3638 τὸ
656 3557 920 3648 (Κύριος
943 3579 1152 3655 ἐκτινοξέ
1184 3597 1263 3651 με
1286 3597 1301 3612 ο
1332 3600 1354 3635 ι
1396 3581 1487 3637 ὅτι
1520 3585 1595 3638 οὐ
1622 3585 1871 3655 κτίσμα.

940 3654 974 3705 ό
1013 3654 1168 3718 Υἱός.

326 3766 387 3819 El
416 3765 542 3820 καθ’
574 3765 742 3834 ὑμᾶς,
771 3758 817 3818 ὦ
846 3764 1127 3835 θεομάχοι,
1149 3764 1238 3819 διὰ
1265 3764 1327 3818 τὸ
1362 3765 1438 3837 μὴ
1463 3764 1721 3822 δύνασθαι
1744 3766 1845 3840 τὴν

262 3855 364 3908 τῶν
386 3855 634 3925 γενητῶν
665 3855 827 3921 φύσιν
855 3853 1106 3925 χωρῆσαι
1124 3853 1224 3925 τὴν
1245 3856 1484 3925 ἄκρατον
1512 3857 1845 3927 αὐτουργίαν

263 3943 349 3997 τοῦ
382 3944 519 3997 Θεοῦ
552 3943 650 3995 καὶ
678 3943 914 4013 Πατρος,
949 3942 1173 4015 μεσίτου
1203 3945 1363 4015 χρεία
1391 3945 1604 4014 γέγονε,
1637 3948 1733 4001 καὶ
1756 3948 1846 4002 οῦ·-

262 4053 362 4100 τως
382 4036 570 4090 ἔκτισε
597 4035 689 4089 τὸν
712 4036 844 4089 Υἱὸν
864 4036 893 4089 6
922 4034 1132 4107 Πατὴρ,
1153 4035 1271 4100 πῶς
1300 4038 1327 4090 6
1346 4036 1473 4096 Υἱὸς
1498 4038 1725 4110 γενητὸς
1743 4038 1844 4108 ὢν,

266 4128 379 4180 καθ’
409 4129 581 4199 ὑμᾶς,
622 4126 872 4198 ἐχώρησε
904 4124 1001 4180 τοῦ
1046 4126 1263 4199 nam;
1289 4126 1389 4199 τὴν
1422 4127 1689 4200 δύναμιν;
1725 4132 1846 4185 Ἀν-

265 4218 400 4288 άγκη
443 4218 557 4289 γὰρ
597 4216 694 4270 καὶ
739 4214 890 4287 αὑτῷ
935 4213 1120 4270 δοῦναι
1151 4216 1244 4269 τὸν
1285 4216 1671 4287 μεσιτεύοντα’
1707 4219 1845 4276 ἀλλὰ

264 4310 529 4373 κάκεῖνος,
561 4307 612 4360 εί
660 4306 895 4378 ὑπάρχοι
924 4306 1174 4379 γενητὸς,
1208 4307 1381 4363 δεῖται
1412 4309 1576 4362 πάλιν
1608 4309 1703 4363 τοῦ
1744 4328 1839 4381 με·

266 4398 584 4462 σιτεύοντος,
615 4398 714 4451 καὶ
759 4396 933 4461 οὓτως
961 4399 1042 4461 είς
1071 4399 1300 4470 ἄπειρον
1343 4403 1584 4471 μεσιτῶν
1626 4403 1782 4474 δχλον
1815 4403 1844 4456 6

264 4489 761 4561 λόγοςὲκδήσεται.
788 4488 1008 4545 Είκαϊον
1031 4486 1124 4546 οῦν
1153 4493 1262 4565 ἄρα
1287 4493 1349 4547 τὸ
1381 4496 1512 4567 περὶ
1535 4497 1727 4551 τούτου
1756 4498 1845 4551 σό-

1954 3581 2025 3639 Ιιι
2051 3583 2211 3653 illud,
2245 3601 2268 3637 ι
2295 3583 2437 3640 Deus
2464 3582 2716 3655 {armauit
2761 3582 2886 3636 me'
2932 3600 2948 3638 :
2982 3598 3002 3635 ι
3036 3580 3179 3653 quod
3229 3578 3405 3636 Filius
3445 3595 3553 3637 non

2572 3656 2644 3709 sit
2672 3661 2939 3708 creatura.

2027 3766 2085 3825 Si
2116 3768 2271 3838 juxta
2302 3774 2567 3833 vestram,
2606 3765 2703 3821 Dei
2745 3766 2955 3834 hostes,
2992 3764 3307 3835 opinionem
3342 3763 3552 3821 idcirco

1950 3877 2089 3935 opus
2115 3862 2218 3917 fuit
2248 3860 2575 3927 mediatore,
2616 3858 2745 3930 quia
2788 3868 3165 3915 creaturarum
3204 3866 3402 3913 natura
3444 3858 3552 3913 im-

1950 3966 2193 4010 mensam
2216 3950 2311 4006 Dei
2344 3950 2599 4005 virtutem
2619 3962 2817 4018 capere
2840 3948 2895 4004 in
2917 3963 2978 4004 se
3000 3962 3108 4002 non
3130 3956 3368 4017 poterat,
3402 3948 3553 4003 ideo-

1951 4058 2059 4114 que
2078 4042 2243 4098 Pater
2271 4040 2471 4098 Filium
2511 4040 2719 4097 creavit
2750 4059 2766 4096 :
2804 4054 2912 4111 quo
2940 4050 3103 4111 pacto
3136 4038 3328 4106 Filius,
3365 4039 3459 4110 qui
3493 4046 3554 4095 ut

1950 4148 2048 4191 vos
2078 4133 2281 4202 dicitis,
2313 4141 2532 4188 creatus
2562 4139 2672 4199 est,
2698 4131 2791 4187 Dei
2822 4134 3083 4189 virtutem
3110 4146 3309 4201 capere
3339 4130 3553 4202 p0tuit?

1949 4223 2188 4281 Necesse
2220 4225 2365 4280 enim
2400 4224 2567 4280 fuerit
2591 4225 2758 4280 etiam
2789 4224 2865 4281 illi
2910 4226 3271 4281 mediatorem
3308 4225 3550 4296 aliquem

1949 4317 2083 4373 dare
2117 4335 2132 4373 :
2188 4325 2449 4372 caeterum
2502 4317 2672 4372 etiam
2714 4316 2825 4382 ille,
2876 4317 2920 4373 si
2956 4329 3176 4372 creatus
3205 4326 3311 4385 est,
3344 4317 3552 4387 indiget

1950 4408 2284 4473 mediatore;
2314 4416 2483 4478 atque
2509 4408 2583 4463 ita
2612 4406 2771 4463 turba
2797 4408 3161 4464 mediatorum
3186 4408 3240 4463 in
3276 4407 3551 4473 inﬁnitum

1952 4508 2183 4556 crescet.
2234 4497 2513 4554 Frivolum
2544 4501 2730 4569 itaque
2755 4510 2843 4555 est
2880 4498 3124 4555 vestrum
3151 4512 3549 4571 commentum,

264 4600 452 4657 φισμα,
489 4586 672 4638 πᾶσαν
698 4581 835 4653 ὁμοῦ
859 4582 959 4653 τὴν
988 4582 1354 4655 δημιουργίαν
1379 4587 1705 4659 ἁνατρέπον.
1734 4591 1846 4661 Οὐχ

1958 4591 2260 4647 universam
2301 4591 2465 4646 simul
2507 4593 2841 4648 creationem
2883 4592 3233 4649 subvertens.
3265 4593 3400 4648 Nam
3441 4609 3549 4650 non

266 4677 647 4748 εὑρισκομένου
678 4678 809 4749 γὰρ,
855 4675 1056 4747 μᾶλλον
1099 4677 1157 4731 δὲ
1203 4677 1277 4749 μὴ
1322 4676 1655 4752 ζητουμένου
1688 4700 1840 4754 μεσι-

267 4767 526 4832 τεύοντος,
553 4768 656 4821 οὐκ
680 4767 747 4822 ἂν
772 4767 982 4841 ὑπέστη
1017 4767 1087 4823 τὰ
1115 4772 1335 4843 γενητὰ.

508 4878 632 4955 Τῷν
658 4879 1016 4955 ηόρθοὸόξων
1038 4875 1383 4955 λεγόντοιν·
1430 4888 1499 4939 Et
1543 4886 1771 4955 κτίσμα
1809 4890 1842 4942 ό

327 4949 480 5025 ζιρς,
496 4948 774 5025 πῶς-*ἕχει
798 4950 949 5025 κρατὰ
970 4948 1160 5025 φύσιῂ
1178 4951 1245 5005 τὸ
1273 4950 1425 5025 εἶναι
1447 4948 1805 5025 δημιουργός
1824 4974 1843 5021 ;

332 5021 412 5094 ῼὺ
440 5022 553 5089 γὰρ
592 5018 747 5094 lator
777 5018 896 5094 nim
932 5018 1272 5094 κτισμᾴτῳν
1300 5024 1480 5078 τοῦτό
1612 5018 1843 5094 dij-Ivi;

327 5088 695 5165 quisq-araret
743 5090 1026 5165 αἰρεζιέιοὶ
1065 5088 1138 5145 τὰ
1166 5088 1636 5165 ὑποτεταγμέγα,
1659 5090 1748 5151 ὧν
1783 5100 1843 5152 ai

329 5160 543 5225 λύσεις
570 5158 732 5212 εισίν
754 5158 1001 5229 ἐφεξῆς.

476 5275 887 5345 Ἀνθυποφορὰ
922 5276 1005 5342 ὡς
1039 5276 1108 5331 ἐκ
1146 5276 1264 5332 τῶν
1300 5279 1630 5347 αίρετικῶν.

331 5386 572 5455 Κτῐσμα,
599 5387 782 5456 φασὶν,
816 5388 965 5442 ἔστιν
994 5390 1022 5442 6
1051 5389 1201 5456 Υἱὸς,
1228 5395 1323 5444 καὶ
1352 5392 1460 5445 τῶν
1488 5395 1731 5465 γενητῶν
1764 5390 1844 5461 εἷς

272 5478 527 5551 ὑπάρχει·
567 5481 630 5534 τὸ
660 5481 717 5535 δὲ
748 5482 955 5547 κτίζειν
988 5483 1062 5547 ὡς
1090 5483 1244 5554 παρὰ
1285 5483 1604 5539 διδασκάλου
1656 5487 1843 5557 μαθὼν

273 5567 301 5637 ἢ
331 5570 590 5639 τεχνίτου,
622 5573 937 5644 ὑπηρέτησε
968 5575 1104 5645 πρὸς
1137 5575 1236 5647 τὴν
1270 5576 1377 5630 τῶν
1428 5576 1602 5646 ἔργων
1654 5581 1842 5649 χρείαν

272 5659 345 5731 τῷ
367 5661 637 5729 διδάξαντι
668 5665 808 5737 Θεῷ.

331 5840 555 5899 'Multlt.
597 5862 645 5911 Χ,
679 5845 770 5901 ἓξ).
853 5844 1077 5899 “Matth.
1118 5860 1165 5899 Vl
1232 5844 1316 5900 26.
1399 5844 1573 5903 τιὺίά.
1607 5847 1692 5904 3U.

1950 4685 2174 4740 invento
2203 4692 2297 4738 aut
2335 4685 2517 4755 potius
2553 4699 2660 4740 non
2706 4684 2934 4755 quaesito
2986 4686 3309 4753 mediatore,
3363 4696 3551 4741 creata

1951 4790 2056 4831 non
2083 4777 2465 4832 substiterunt.

1952 4888 2183 4945 ALIUD.
2204 4890 2336 4946 Cum
2356 4889 2637 4945 orthodoxi
2656 4892 2872 4946 dicunt:
2897 4890 2957 4947 Si
2978 4890 3153 4960 Filius
3182 4902 3258 4946 est
3281 4898 3550 4959 creatura,

2022 4978 2123 5031 quo
2150 4972 2306 5030 pacto
2329 4961 2425 5015 hoc
2454 4962 2501 5015 ei
2528 4962 2775 5017 naturale
2793 4974 2893 5026 est,
2928 4970 2986 5016 ut
3011 4965 3078 5017 sit
3106 4964 3360 5018 creator?
3382 4978 3549 5031 neque

2025 5033 2165 5101 enim
2200 5041 2569 5086 creaturarum
2609 5035 2884 5101 praprium
2921 5043 2995 5087 est
3022 5050 3042 5099 ;
3086 5035 3328 5088 Itwretici
3361 5042 3550 5087 contra

2018 5100 2275 5174 objiciunt
2305 5118 2423 5171 qua:
2455 5100 2772 5173 sequuntur,
2812 5119 3039 5174 quorum
3071 5105 3365 5160 solutiones
3392 5105 3549 5160 etiam

2027 5174 2095 5223 ad
2089 5171 2369 5241 jicierttur.

2414 5282 2655 5354 Objectio
2692 5284 3085 5340 haereticorum.

2020 5398 2211 5464 Filius,
2247 5398 2522 5467 inquiunt,
2549 5408 2799 5455 creatura
2840 5415 3087 5469 unusque
3121 5411 3202 5456 est
3227 5416 3294 5456 ex
3331 5402 3400 5457 iis
3427 5418 3549 5473 quze

1946 5488 2088 5541 facta
2119 5500 2246 5543 sunt
2281 5508 2293 5543 :
2328 5491 2548 5545 creandi
2588 5506 2715 5547 vero
2752 5492 3066 5547 facultatem
3092 5508 3121 5546 a
3153 5494 3416 5563 magistro
3452 5506 3549 5551 aut

1944 5582 2159 5637 artilice
2182 5582 2394 5651 didicit,
2421 5594 2476 5638 et
2509 5584 2616 5639 Deo
2643 5585 2733 5655 qui
2762 5585 2939 5655 ipsum
2970 5586 3175 5653 docuit,
3211 5586 3263 5643 in
3288 5586 3545 5657 operibus

1944 5674 2060 5726 suis
2095 5674 2448 5730 ministravit.

1776 5850 1792 5876 ‘
1820 5848 1976 5907 Prov.
2014 5868 2131 5918 vm,
2168 5853 2257 5908 22..
