3968 6490
410 407 513 464 255

865 525 1165 585 Solutioua
1191 529 1514 599 objectiom‘s.

483 634 539 690 Si
576 638 834 709 quidquid
881 656 985 696 non
1033 640 1350 696 naturaliter
1396 640 1552 695 alicui
1606 641 1824 694 insitum
1871 648 1975 704 est,

409 728 504 781 sed
542 737 748 783 tantum
778 732 1146 787 accidentarie
1177 731 1338 795 inest,
1377 740 1432 786 et
1461 730 1858 801 quodammodo
1884 743 1976 782 ac-

410 815 667 883 quisitum
700 830 803 884 est,
836 820 951 877 ﬁeri
982 831 1157 892 potest
1186 832 1248 877 ut
1287 821 1579 893 aliquando
1621 837 1725 876 non
1768 821 1979 875 accidat

411 905 508 976 (ea
543 910 686 963 enim
731 922 812 966 est
871 913 1229 968 accidentium
1277 913 1504 983 natura)
1548 914 1797 968 accidens
1849 911 1976 965 illud

409 1009 507 1061 per
531 999 670 1064 quod
699 997 866 1054 Filius
896 1009 1108 1055 creator
1143 1009 1248 1066 est,
1277 1001 1561 1070 aliquando
1595 1002 1646 1055 in
1678 1016 1744 1056 eo
1781 1013 1980 1056 evane-

408 1099 563 1141 scere
607 1088 824 1156 poterit.
875 1091 1052 1162 Atque
1093 1093 1162 1147 ita
1207 1092 1465 1163 dignitate
1511 1107 1605 1146 sua
1655 1091 1974 1161 privabitur,

407 1177 662 1234 amittens
707 1181 756 1234 id
803 1183 946 1252 quod
982 1181 1264 1236 didicerat.
1316 1180 1444 1235 Nam
1478 1182 1523 1237 is
1562 1183 1652 1250 qui
1687 1181 1977 1250 aliquando

406 1267 549 1332 quod
584 1269 864 1324 nesciebat
896 1269 1106 1338 didicit,
1144 1279 1318 1340 potest
1351 1271 1514 1326 etiam
1549 1271 1784 1343 ejusdem
1835 1271 1974 1327 obli-

403 1354 558 1410 visci.

1071 1474 1300 1533 ALIUD.

473 1581 763 1639 Crealuras
789 1600 816 1639 a
844 1583 1010 1644 nihilo
1033 1588 1100 1643 ad
1121 1603 1242 1646 esse
1268 1589 1567 1653 traducere,
1597 1604 1700 1643 non
1734 1598 1818 1645 est
1841 1605 1975 1659 Opus

405 1674 558 1740 artis,
608 1677 702 1732 sed
759 1677 1035 1736 facultatis
1085 1682 1200 1738 sive
1243 1683 1497 1751 potentiae
1549 1683 1817 1738 creativze.
1869 1687 1974 1739 Ars

405 1765 551 1819 enim
586 1782 645 1821 ea
688 1783 806 1836 quae
842 1772 1112 1826 exsistunt
1155 1773 1207 1826 in
1247 1773 1389 1828 aliud
1417 1774 1545 1843 quid
1579 1785 1750 1829 mutat
1779 1793 1792 1828 :
1822 1791 1974 1830 crea-

1409 412 1466 469 S.
1510 408 1778 468 CYBILLI
1816 408 2284 466 ALEXANDRINI
2323 413 2645 471 ARCHIEP.

3556 424 3662 480 256

2628 533 2818 598 Λύσις
2853 531 3095 603 ἐφεξῆς.

2153 643 2212 694 Et
2245 645 2352 696 πᾶν
2381 643 2516 714 ὅπερ
2545 647 2608 699 ἄν
2635 663 2740 698 τινι
2773 646 3017 713 φαίνοιτο
3034 645 3408 717 συμϐεϐηκὸς.
3435 644 3527 699 καὶ
3554 646 3660 700 οὐκ

2077 733 2134 785 ἐν
2180 735 2248 804 τῇ
2294 733 2452 803 φύσει
2500 735 2772 803 κείμενον,
2811 737 3102 808 ἐπικτηθὲν
3126 736 3183 789 δέ
3210 755 3326 800 πως
3359 736 3503 789 κατὰ
3532 753 3657 791 τινα

2077 823 2294 891 τρόπον,
2322 827 2480 879 τοῦτο
2509 827 2603 878 καὶ
2634 827 3021 899 ἀποσυμὸἦναι
3068 827 3288 880 δύναταί
3325 846 3475 892 ποτε,
3511 828 3657 881 οὕτω

2078 914 2292 983 φύσεως
2325 915 2537 986 ἔχοντος
2563 919 2653 972 ἀεὶ
2680 918 2774 971 τοῦ
2809 920 3233 990 συμϐεϐηκότος,
3265 919 3656 991 ἀποσυμὸήσε-

2076 1006 2165 1058 ταί
2191 1022 2320 1060 ποτε
2347 1006 2439 1061 τοῦ
2457 1008 2584 1062 Υίοῧ
2616 1009 2674 1062 τὸ
2701 1008 2840 1062 εἶναι
2865 1009 3214 1081 δημιουργόν.
3243 1011 3348 1064 Καὶ
3376 1011 3527 1063 ἔσται
3556 1012 3657 1064 τοῦ

2077 1092 2385 1164 ἀξιώματος
2432 1091 2654 1169 ἕρημος,
2686 1098 2974 1151 ἀποϐαλὼν
3026 1101 3161 1171 ὅπερ
3208 1100 3508 1170 ἔμαθεν.ὐ
3543 1102 3658 1173 γὰρ

2076 1182 2212 1246 ὅλως
2237 1184 2299 1235 ὲκ
2323 1185 2417 1237 τοῦ
2459 1186 2535 1257 μὴ
2561 1186 2757 1239 ειδέναι
2777 1203 2830 1238 τι
2865 1187 2999 1258 πρὸς
3029 1189 3088 1240 τὺ
3117 1189 3314 1242 ειδέναι
3361 1189 3657 1262 κεκλημέ-

2076 1289 2184 1337 νος,
2217 1271 2428 1337 δέξεταί
2453 1292 2582 1329 ποτε
2620 1277 2713 1329 καὶ
2743 1277 2842 1347 τῆς
2873 1276 3040 1348 λήθης
3079 1277 3140 1330 τὸ
3174 1278 3364 1342 πάθος.

2756 1477 2940 1531 ΔΛΛΟ
2961 1523 2976 1536 .

2147 1582 2221 1636 Τὸ
2245 1583 2310 1638 ἐκ
2338 1584 2433 1637 τοῦ
2463 1585 2540 1656 μὴ
2568 1583 2717 1650 ὄντος
2748 1587 2833 1651 είς
2860 1588 2920 1641 τὸ
2955 1582 3095 1644 εἶναι
3130 1590 3398 1662 παράγειν
3428 1592 3498 1644 τὰ
3532 1593 3657 1646 κτί-

2076 1689 2276 1743 σματα,
2307 1677 2367 1729 ού
2413 1677 2609 1748 τέχνης
2655 1678 2815 1762 ἔργον
2860 1681 3027 1747 ἐστὶν,
3057 1681 3193 1736 ἁλλὰ
3241 1681 3522 1754 δυνάμεως
3555 1684 3658 1755 δη-

2079 1767 2426 1838 μιουργικῆς.
2457 1768 2630 1840 Τέχνη
2663 1771 2762 1840 μὲν
2794 1771 2904 1842 γὰρ
2943 1771 3013 1827 τὰ
3045 1773 3173 1826 ὄντα
3204 1773 3338 1844 πρὸς
3382 1775 3568 1846 ἕτερόν
3600 1791 3657 1829 τι

405 1852 509 1907 trix
546 1863 725 1910 autem
764 1856 1012 1924 facultas,
1043 1873 1105 1913 ea
1151 1875 1271 1929 quae
1313 1876 1417 1916 nou
1446 1864 1717 1919 exsistunt
1760 1865 1885 1919 facit
1915 1875 1967 1920 ut

2078 1860 2504 1926 μετασκευάζει·
2532 1861 2893 1934 δημιουργικὴ
2921 1863 2978 1918 δὲ
3021 1863 3251 1935 δύναμις
3278 1865 3348 1919 τὰ
3397 1867 3470 1938 μὴ
3521 1867 3658 1922 ὄντα

403 1945 692 2001 exsistant.
725 1946 781 2002 Si
812 1963 941 2020 ergo
975 1952 1043 2005 ab
1071 1961 1189 2006 arte
1219 1951 1375 2023 152
1408 1962 1499 2008 aut
1529 1954 1771 2010 doctrina
1802 1967 1977 2026 potest

403 2048 523 2088 esse
545 2047 758 2092 creator
782 2038 969 2107 Filius,
1001 2041 1221 2097 videant
1253 2044 1383 2112 quid
1429 2043 1496 2099 de
1533 2044 1693 2102 Patre
1733 2057 1976 2103 statuere

403 2126 588 2190 velint,
624 2127 668 2182 si
714 2129 837 2200 quis
874 2130 1037 2185 etiam
1071 2131 1138 2187 de
1189 2132 1280 2188 illo
1313 2135 1427 2188 haec
1476 2135 1643 2190 dicat.
1694 2138 1764 2192 At
1809 2139 1973 2207 dices,

403 2211 615 2270 Patrem
648 2220 863 2287 quidem
891 2230 1083 2275 natura
1119 2236 1259 2288 esse,
1289 2221 1484 2277 Filium
1521 2239 1647 2279 vero
1680 2227 1972 2282 edoctum:

402 2303 516 2359 fieri
552 2307 733 2376 itaque
758 2319 933 2378 potest
969 2320 1028 2366 ut
1056 2312 1178 2382 quis
1195 2309 1569 2383 consequatur
1605 2316 1846 2371 doctrina
1877 2333 1977 2372 na-

401 2397 627 2452 turalem
700 2403 1064 2471 operationem
1133 2405 1248 2470 Dei,
1286 2415 1450 2473 utque
1501 2408 1724 2463 edoctus
1765 2424 1971 2479 creare,

400 2481 539 2538 idem
570 2488 888 2544 naturaliter
922 2490 1158 2561 sitquod
1190 2493 1324 2562 ipse.
1349 2492 1561 2548 Nullum
1597 2496 1757 2567 igitur
1782 2499 1974 2554 discri.

400 2589 520 2629 tuen
568 2579 670 2632 erit
722 2580 862 2634 inter
919 2581 1082 2636 Deum
1124 2592 1179 2640 et
1236 2596 1565 2652 creaturam,
1619 2598 1972 2659 praeterquam

400 2665 984 2740 scientice,disparitas
1032 2691 1044 2726 :
1097 2685 1291 2729 natura
1348 2687 1524 2733 autem
1579 2681 1645 2734 ab
1701 2681 1816 2752 ipso
1868 2698 1972 2738 non

400 2753 729 2822 differemus,
761 2762 853 2813 sed
887 2761 1008 2817 sola
1033 2765 1258 2818 scientia
1289 2765 1573 2822 inferiores
1605 2769 1694 2822 illo
1724 2772 1970 2827 erimus:

399 2859 520 2913 qua:
547 2850 633 2902 ubi
667 2850 872 2919 adjecta
909 2855 1062 2910 nobis
1102 2856 1285 2923 fuerit,
1317 2861 1522 2914 erimus
1558 2876 1748 2916 omnes
1781 2873 1971 2919 natura

399 2939 494 2993 dii.
533 2940 812 3007 Quomodo
848 2946 1013 3015 igitur
1046 2964 1184 3002 unus
1226 2959 1310 3003 est
1352 2949 1514 3013 Deus,
1557 2953 1604 3004 si
1659 2968 1753 3022 per
1800 2955 1969 3008 solam

399 3030 700 3088 doctrinam
725 3050 883 3103 quam
921 3039 1328 3106 consequimur,
1359 3039 1436 3092 dii
1485 3039 1786 3096 ellicimur?
1831 3047 1897 3098 At
1925 3049 1971 3102 si

398 3119 516 3191 Ipsa
560 3137 620 3177 se
662 3125 850 3179 barum
903 3128 1378 3182 ratiocinationum
1428 3131 1738 3189 absu-rditas
1774 3138 1966 3204 prodit,

395 3214 718 3270 naturaliter
750 3217 932 3286 itaque
969 3228 1183 3274 creator
1220 3230 1304 3276 est
1350 3219 1550 3286 Filius,
1603 3237 1708 3278 non
1741 3240 1839 3295 per
1865 3228 1963 3284 do-

397 3305 652 3373 ctrinam,
681 3317 737 3364 ut
767 3325 863 3366 vos
895 3313 1216 3381 opinamini.

1072 3445 1298 3507 ALIUD.

465 3547 623 3604 Aliud
658 3553 931 3622 quidpiam
960 3567 1043 3612 est
1071 3560 1358 3630 sapientia,
1400 3565 1543 3620 aliud
1584 3569 1801 3637 sapiens
1833 3590 1846 3626 :
1882 3585 1970 3626 aa-

395 3641 596 3711 pientia
628 3646 769 3698 enim
802 3658 885 3702 est
909 3664 995 3704 res
1029 3666 1148 3721 quae
1177 3669 1366 3724 sapere
1391 3657 1546 3724 facit;
1600 3663 1815 3731 sapiens
1843 3680 1969 3720 vero

395 3736 486 3803 qui
526 3750 640 3790 rem
669 3753 788 3806 qua:
825 3755 1016 3810 sapere
1048 3741 1200 3812 facit,
1246 3747 1488 3816 suscipit.
1535 3749 1592 3806 Si
1633 3767 1762 3823 ergo
1798 3754 1968 3810 Filius

394 3826 631 3896 seipsum
690 3833 1012 3896 sapientiam
1064 3850 1187 3891 esse
1236 3837 1388 3902 dicit,
1443 3844 1708 3909 quomodo
1754 3847 1968 3916 sapiens

393 3916 618 3975 effectus
660 3923 780 3976 est?
838 3923 972 3979 Nam
1023 3927 1068 3980 si
1115 3929 1336 3983 omnino
1354 3931 1626 3986 :doctrina
1669 3935 1967 4005 indigebat,

396 4023 501 4064 non
527 4019 644 4063 erat
672 4012 956 4080 sapientia.
989 4015 1054 4069 Et
1077 4017 1121 4071 si
1147 4019 1407 4087 sapientia
1438 4023 1788 4080 accidentalis
1816 4026 1868 4081 in
1901 4044 1966 4083 eo

393 4111 494 4166 est,
532 4105 730 4171 poterit
773 4105 1060 4175 aliquando
1093 4110 1217 4166 talis
1254 4127 1357 4166 non
1391 4128 1535 4178 esse,
1578 4130 1701 4170 cum
1740 4117 1790 4172 id
1823 4121 1961 4188 quod

391 4193 586 4247 accidit
625 4196 796 4263 possit
845 4197 1006 4252 etiam
1048 4215 1152 4255 non
1182 4204 1444 4260 accidere.
1482 4205 1744 4271 Quidnam
1800 4210 1965 4281 igitur

390 4294 508 4336 erat
532 4294 656 4338 ante
679 4287 819 4341 hoc?
847 4290 1107 4358 sapientia
1135 4294 1277 4347 enim
1308 4311 1410 4349 non
1439 4307 1576 4361 erat,
1606 4314 1725 4353 eum
1750 4304 1962 4371 sapien-

393 4373 467 4426 tia
495 4373 776 4445 indigeret.
812 4379 878 4432 At
917 4394 1130 4450 semper
1160 4382 1258 4438 fuit
1301 4387 1562 4455 sapientia
1604 4390 1794 4445 Filius.
1848 4393 1960 4448 lloc

388 4465 532 4518 enim
577 4481 728 4519 sacra
767 4467 1046 4538 Scriptura
1073 4473 1138 4526 de
1171 4475 1286 4542 ipso
1312 4479 1585 4543 praedicat.
1619 4481 1825 4535 Vanum
1861 4485 1961 4536 ita-

389 4571 496 4626 que
529 4565 582 4611 et
609 4558 897 4614 absurdum
934 4572 1018 4617 est
1054 4564 1253 4632 dicere,
1300 4565 1438 4623 Filio
1470 4570 1673 4641 aliquid
1708 4573 1954 4630 doctrina

388 4649 668 4706 accidisse.

1060 4770 1278 4828 ALIUD.

459 4874 518 4929 Si
545 4875 768 4932 facultas
795 4880 1014 4934 creandi
1049 4882 1184 4939 Filio
1226 4900 1323 4953 per
1351 4886 1650 4947 doctrinam
1698 4895 1947 4958 accessit,

385 4975 547 5035 atque
595 4968 665 5021 ita
700 4968 869 5023 factus
891 4981 1200 5030 estcreator
1226 4977 1414 5043 Filius,
1445 4982 1652 5039 invidiae
1684 4986 1812 5040 vitio
1848 4986 1950 5039 Pa-

2079 1949 2214 2019 πρὸς
2245 1951 2306 2003 τὸ
2340 1947 2478 2005 εἶναι
2510 1953 2681 2012 καλεῖ.
2719 1954 2783 2009 Et
2821 1954 3003 2010 τοίνυν
3033 1956 3141 2009 ἀπὸ
3167 1956 3360 2028 τέχνης
3405 1960 3497 2011 καὶ
3544 1976 3655 2028 μα-

2077 2040 2284 2114 θήσεως
2326 2039 2464 2100 εἶναι
2498 2045 2721 2100 δύναται
2767 2046 3094 2118 δημιουργὸς
3127 2050 3154 2102 ὁ
3184 2049 3328 2114 Υἱὸς,
3364 2050 3655 2118 όράτωσαν

2076 2130 2128 2182 τί
2157 2148 2287 2184 ποτε
2315 2132 2420 2204 ἄρα
2452 2136 2546 2187 καὶ
2579 2135 2706 2205 περὶ
2738 2136 2831 2190 τοῦ
2862 2137 3075 2208 Πατρός
3101 2135 3340 2207 ἐροῦσιν,
3375 2136 3533 2201 εἴτις
3556 2140 3657 2194 καὶ

2077 2224 2161 2275 ἐπ’
2189 2224 2352 2276 αὐτοῦ
2391 2225 2563 2279 ταῦτα
2592 2226 2769 2295 λέγοι·
2823 2227 2960 2282 Ἀλλ’
2986 2230 3149 2300 ἐρεῖς,
3177 2231 3258 2283 δτι
3299 2229 3456 2298 φύσει
3489 2230 3588 2300 μὲν
3627 2233 3659 2286 ό

2076 2312 2284 2383 Πατὴρ,
2311 2314 2555 2380 διδακτός
2599 2315 2656 2368 δὲ
2705 2315 2908 2381 ὁΥῐός.
2956 2318 3204 2384 Ἔξεστιν
3252 2313 3344 2372 οὖν
3388 2317 3660 2383 διδακτῶς

2076 2403 2377 2474 κτήσασθαί
2410 2421 2530 2458 τινα
2559 2405 2655 2476 τὴν
2680 2407 2916 2477 φυσικὴν
2946 2407 3228 2478 ἐνέργειαν
3250 2407 3343 2461 τοῦ
3371 2407 3526 2471 Θεοῦ,
3556 2409 3659 2463 καὶ

2077 2494 2316 2564 μαθόντα
2338 2495 2542 2558 κτίζειν
2567 2497 2818 2564 γενέσθαι
2843 2497 3002 2552 τοῦτο
3023 2501 3160 2570 ὅπερ
3186 2501 3302 2552 ἐστὶ
3326 2499 3467 2553 κατὰ
3488 2500 3658 2569 φύσιν

2074 2587 2253 2650 αὐτός.
2279 2586 2448 2641 Οὐδὲν
2469 2584 2560 2642 οὖν
2585 2589 2694 2661 ἄρα
2719 2591 2778 2643 τὸ
2802 2592 3003 2661 μεταξὺ
3033 2591 3167 2645 Θεοῦ
3192 2593 3283 2646 καὶ
3312 2592 3654 2661 κτισμάτων,

2075 2678 2122 2728 εί
2153 2677 2230 2748 μὴ
2261 2678 2458 2747 γνῶσις
2496 2681 2743 2752 περιττὴ,
2779 2683 2874 2736 καὶ
2908 2683 3067 2752 φύσει
3099 2684 3197 2752 μὲν
3233 2683 3366 2754 πρὸς
3394 2683 3556 2737 αὐτὸν
3586 2685 3654 2736 οὐ

2072 2767 2399 2840 διῃρήμεθα,
2439 2771 2574 2844 μόνῃ
2602 2771 2658 2825 δὲ
2690 2774 2756 2842 τῇ
2792 2772 2992 2841 γνώσει
3022 2774 3319 2845 λειπόμεθα
3338 2793 3351 2806 ο
3381 2770 3449 2846 ἦς
3481 2792 3657 2846 προσ-

2071 2860 2340 2930 τεθείσης,
2378 2862 2615 2933 ἐσόμεθα
2645 2864 2845 2929 πάντες
2889 2864 3030 2919 κατὰ
3060 2865 3219 2935 φύσιν
3247 2865 3377 2920 θεοί.
3403 2866 3525 2929 Πῶς
3554 2865 3655 2920 οὖν

2071 2946 2151 3016 εἷς
2183 2952 2334 3018 Θεὸς,
2369 2955 2417 3006 εί
2466 2956 2524 3006 ὲν
2573 2955 2719 3026 μόνῳ
2757 2957 2836 3027 τῷ
2885 2958 3077 3028 μαθεῖν
3108 2962 3285 3012 κεῖται
3307 2959 3367 3012 τὸ
3393 2960 3654 3027 γενέσθαι

2073 3043 2260 3110 θεούς;
2291 3047 2353 3098 Εἰ
2381 3046 2437 3098 δὲ
2467 3048 2633 3119 πολλή
2665 3047 2748 3112 τίς
2790 3051 2937 3105 ἐστιν
2978 3053 3036 3105 ὲν
3067 3051 3272 3116 τούτοις
3300 3055 3332 3124 ὴ
3363 3051 3469 3105 τῶν
3499 3052 3652 3119 λογι-

2075 3135 2225 3206 σμῶν
2272 3137 2486 3202 ἀτοπία,
2516 3140 2761 3208 φυσικῶς
2811 3142 2919 3214 ἄρα
2967 3143 3297 3216 δημιουργὸς
3340 3147 3368 3199 ὁ
3407 3145 3550 3209 Υἱὸς,
3582 3141 3652 3199 οὐ

2070 3226 2353 3294 διδακτῶς,
2387 3230 2505 3284 καθ’
2541 3232 2705 3302 ὑμᾶς.

2755 3456 2959 3510 ΑΛΛΟ.

2140 3566 2362 3636 Ἐτερόν
2391 3568 2445 3620 τε
2471 3568 2585 3622 ἐστι
2618 3568 2799 3636 σοφία,
2828 3569 2921 3622 καὶ
2948 3567 3134 3640 ἕτερον
3171 3570 3200 3622 ό
3245 3570 3404 3638 σοφός
3429 3583 3442 3599 ·
3478 3570 3510 3642 ἡ
3547 3571 3652 3641 μὲν

2067 3657 2180 3727 γὰρ
2214 3658 2376 3726 σοφία
2419 3658 2548 3726 adeo
2595 3658 2656 3711 τὸ
2706 3661 2938 3730 πρᾶγμα
2989 3659 3049 3714 τὸ
3097 3661 3295 3730 σοφοῦν
3328 3664 3496 3724 ἐστιν,
3531 3665 3558 3716 ό
3586 3663 3654 3716 δὲ

2069 3749 2231 3817 σοφὸς
2281 3752 2310 3802 ό
2359 3750 2453 3803 τοῦ
2491 3751 2780 3819 σοφοῦντος
2812 3752 3080 3816 δεκτικός.
3111 3754 3173 3806 El
3223 3754 3403 3807 τοίνυν
3450 3755 3651 3822 σοφίαν

2067 3841 2256 3893 ἑαυτὸν
2282 3837 2418 3895 εἷναί
2439 3859 2600 3912 φησιν
2623 3844 2651 3893 ὁ
2669 3842 2816 3908 Υἱὸς,
2836 3844 2950 3906 πῶς
2977 3843 3268 3912 ὲσοφοῦτος
3295 3847 3355 3898 El
3380 3845 3488 3917 γὰρ
3509 3846 3652 3910 ὅλως

2066 3931 2234 3984 ἐδεῖτο
2275 3933 2580 4003 μαθήσεως,
2609 3935 2708 3987 ούκ
2737 3931 2804 4005 ἦν
2835 3937 3016 4003 σοφία.
3051 3937 3160 3988 Καὶ
3201 3937 3249 3989 εἰ
3300 3937 3651 4008 συμϐέϐηκεν

2066 4022 2212 4092 αύτῷ
2239 4023 2298 4075 τὸ
2327 4025 2506 4094 σοφὸν,
2533 4025 2684 4078 ἔσται
2719 4026 2848 4079 ποτὲ
2879 4028 2971 4080 καὶ
2995 4027 3056 4079 ού
3085 4026 3344 4095 τοιοῦτος,
3375 4028 3471 4082 τοῦ
3499 4045 3646 4100 συμ-

2065 4113 2355 4184 ϐεϐηκότος
2411 4117 2502 4168 καὶ
2553 4118 2938 4189 ἀποσυμϐἦναι
2981 4119 3298 4188 δυναμένου.
3333 4119 3398 4173 Τί
3441 4117 3532 4174 οὖν
3572 4119 3648 4194 ἦν

2064 4205 2169 4274 ἄρα
2225 4207 2330 4277 πρὸ
2376 4206 2602 4273 τούτου;
2659 4209 2819 4277 σοφία
2867 4209 2973 4280 γὰρ
3023 4210 3123 4262 οὐκ
3180 4205 3270 4280 ἦν,
3319 4210 3645 4282 λειπόμενος

2065 4299 2551 4367 φρονήσεως.Ἀλλ’
2597 4295 2663 4370 ἦν
2714 4300 2801 4352 ἀεὶ
2848 4302 3008 4370 σοφία
3058 4303 3085 4355 ὁ
3128 4302 3278 4367 Υἱός.
3311 4303 3479 4358 Τοῦτο
3532 4308 3648 4378 γὰρ

2063 4387 2420 4456 κηρύττουσιν
2447 4392 2501 4443 al
2533 4390 2670 4444 θεῖαι
2704 4392 2940 4463 Γραφαί.
2977 4393 3376 4464 Διεψευσμένον
3403 4395 3512 4466 ἄρα
3540 4400 3645 4452 καὶ

2062 4476 2272 4546 ἀμαθὲς
2320 4481 2380 4534 τὸ
2423 4482 2486 4536 ἐκ
2537 4481 2827 4555 μαθήσεώς
2879 4503 2928 4538 τι
2979 4488 3404 4555 προσγεγονέναι
3459 4490 3645 4558 λέγειν

2062 4587 2226 4641 αυτῳ.

2747 4779 2948 4832 ΑΛΛΟ.

2131 4887 2192 4939 Εἰ
2216 4886 2459 4940 διδακτόν
2484 4889 2595 4941 ἐστι
2624 4891 2684 4942 τὸ
2707 4890 2962 4944 δύνασθαι
2984 4893 3355 4963 δημιουργεῖν,
3375 4898 3467 4952 καὶ
3490 4899 3642 4959 οὕτω

2055 4975 2243 5044 γέγονε
2285 4976 2613 5047 δημιουργὸς
2659 4983 2688 5033 ό
2715 4981 2858 5046 Υἱὸς,
2889 4984 3083 5050 φθόνου
3139 4986 3309 5049 πάθος
3350 4991 3639 5060 εἰσάγουσι

385 5063 522 5108 trem
555 5066 807 5121 onerant,
853 5060 896 5113 si
938 5077 1060 5116 cum
1095 5066 1292 5122 multos
1319 5069 1513 5126 docere
1546 5085 1748 5143 posset,
1785 5092 1948 5130 unum

2076 5068 2272 5136 ἐγονὸς
2303 5071 2436 5139 πρὸς
2465 5072 2555 5122 τὸν
2585 5073 2822 5143 Πατέρα,
2852 5077 2903 5127 εἴ
2923 5094 2985 5144 γε
3022 5077 3247 5140 πολλοὺς
3289 5082 3494 5147 διδάξαι
3537 5086 3634 5140 δυ·-

383 5155 591 5199 tantum
631 5148 835 5204 docuit.
878 5151 1014 5218 Quid
1058 5157 1199 5211 enim
1241 5162 1532 5225 nocuisset,
1573 5166 1763 5221 multos
1803 5171 1947 5224 circa

2081 5160 2298 5229 άμενος,
2329 5162 2423 5213 ἕνα
2455 5162 2616 5231 μόνον
2649 5166 2876 5230 ἐδίδαξε.
2911 5168 2975 5219 Τί
3024 5169 3131 5238 γάρ
3179 5170 3366 5223 ἐλύπει
3404 5176 3636 5241 πολλοὺς

385 5235 557 5301 ipsum
585 5250 858 5296 creatores
889 5244 1115 5311 versari,
1149 5249 1599 5315 quemadmodum
1633 5256 1827 5311 mullos
1856 5273 1946 5312 ar-

2076 5255 2180 5324 τερὶ
2209 5254 2370 5306 αὑτὸν
2395 5249 2532 5307 εἶναι
2555 5258 2937 5329 δημιουργοὺς,
2959 5261 3146 5332 ὥσπερ
3174 5259 3264 5315 οὖν
3289 5267 3379 5320 καὶ
3402 5269 3637 5336 πολλοὺς

384 5330 673 5396 cliaugelos
716 5345 876 5402 atque
906 5337 1121 5406 angelos
1176 5340 1374 5394 habet?
1428 5343 1580 5400 Nunc
1636 5361 1762 5401 vero
1806 5350 1951 5405 solus

2076 5326 2422 5415 ιρχαγγέλους
2453 5351 2543 5400 καὶ
2573 5352 2836 5417 ἀγγέλους
2866 5355 3006 5422 ἔχει;
3041 5354 3153 5406 Νῦν
3180 5357 3234 5408 δὲ
3270 5359 3428 5426 μόνος
3451 5362 3477 5411 ὁ
3502 5362 3635 5427 Υἱὸς

382 5419 550 5476 Filius
581 5437 838 5493 operatur
885 5443 1001 5496 qua:
1052 5429 1231 5485 Pater.
1287 5432 1618 5490 Naturalitcr
1667 5440 1847 5507 itaque
1900 5444 1945 5494 ei

383 5513 566 5578 insita,
600 5531 703 5570 non
742 5521 980 5573 doctrina
1023 5525 1283 5592 acquisita
1321 5539 1402 5581 est
1432 5529 1649 5582 creandi
1695 5531 1944 5598 facultas,

385 5620 452 5659 ne
483 5605 640 5659 Pater
674 5609 871 5663 invidia
928 5612 1203 5670 laborasse
1243 5631 1532 5674 censeatur
1565 5641 1576 5674 :
1618 5625 1814 5692 quippe
1854 5625 1943 5693 qui

384 5712 488 5751 non
522 5700 723 5765 docuit,
764 5703 855 5755 sed
891 5718 954 5755 ex
993 5721 1050 5757 se
1093 5709 1273 5775 genuit
1306 5727 1467 5765 unum
1501 5724 1819 5780 creatorem,
1852 5732 1948 5785 per

383 5804 538 5858 quem
569 5796 743 5846 omnia
775 5807 1044 5864 oneratur.

2050 5441 2119 5492 τὰ
2162 5440 2254 5491 τοῦ
2305 5442 2512 5511 [ἰατρὸς
2560 5447 2874 5514 ἐργάζεται.
2905 5449 3133 5501 Φυσικὸν
3167 5449 3258 5503 οὖν
3291 5451 3399 5520 ἄρα
3444 5455 3538 5505 καὶ
3567 5457 3634 5510 οὐ

2050 5532 2293 5584 διδακτὸν
2340 5536 2395 5584 ἐν
2445 5535 2591 5603 αὖτῷ
2635 5540 2692 5589 τὸ
2743 5539 3114 5608 δημιουργεῖν,
3144 5543 3228 5594 ἵνα
3281 5545 3372 5596 καὶ
3431 5546 3633 5612 φθόνου

2053 5625 2308 5692 φαίνηται
2337 5626 2592 5693 κρείττων
2619 5631 2643 5680 ὁ
2680 5633 2886 5701 Πατὴρ,
2911 5635 2968 5685 οὐ
2999 5635 3213 5698 διδάξας
3247 5637 3461 5704 μᾶλλον,
3491 5639 3631 5694 ἀλλὰ

2054 5720 2316 5787 γεννήσας
2363 5721 2417 5783 ἐξ
2454 5722 2644 5777 ἑαυτοί
2695 5726 2782 5776 τὸν
2832 5729 2922 5781 ἕνα
2967 5729 3313 5800 δημιουργὸν,
3345 5732 3412 5783 δι’
3446 5727 3505 5783 οὗ
3567 5736 3630 5792 τὰ

2058 5812 2231 5862 τέιντα
2262 5814 2567 5879 ἐργάζεται.
