  <div class='ocr_page' id='page_1' title='image "/cluster/home/n/w/nwhite01/storage/ocr_20150623/75/uva.x030486936/140.png"; bbox 0 0 3968 6468; ppageno 0'>
   <div class='ocr_carea' id='block_1_1' title="bbox 261 487 357 546">
    <p class='ocr_par' dir='ltr' id='par_1_1' title="bbox 261 487 357 546">
     <span class='ocr_line' id='line_1_1' title="bbox 261 487 357 546; baseline -0.042 0"><span class='ocrx_word' id='word_1_1' title='bbox 261 487 357 546; x_wconf 69' lang='lat'><strong>9.57</strong></span> 
     </span>
    </p>
   </div>
   <div class='ocr_carea' id='block_1_2' title="bbox 514 596 1615 667">
    <p class='ocr_par' dir='ltr' id='par_1_2' title="bbox 514 596 1615 667">
     <span class='ocr_line' id='line_1_2' title="bbox 514 596 1615 667; baseline -0.005 -11"><span class='ocrx_word' id='word_1_2' title='bbox 514 605 735 667; x_wconf 71' lang='lat' dir='ltr'><strong>AAAO,</strong></span> <span class='ocrx_word' id='word_1_3' title='bbox 785 601 1058 657; x_wconf 73' lang='grc' dir='ltr'>πιθανὸν</span> <span class='ocrx_word' id='word_1_4' title='bbox 1095 598 1238 666; x_wconf 63' lang='grc' dir='ltr'><strong>ἔχοι*</strong></span> <span class='ocrx_word' id='word_1_5' title='bbox 1278 596 1343 649; x_wconf 78' lang='grc' dir='ltr'><strong>τὸ</strong></span> <span class='ocrx_word' id='word_1_6' title='bbox 1383 596 1615 666; x_wconf 82' lang='grc' dir='ltr'>σχῆμα.</span> 
     </span>
    </p>
   </div>
   <div class='ocr_carea' id='block_1_3' title="bbox 339 712 1883 788">
    <p class='ocr_par' dir='ltr' id='par_1_3' title="bbox 339 712 1883 788">
     <span class='ocr_line' id='line_1_3' title="bbox 339 712 1883 788; baseline -0.005 -14"><span class='ocrx_word' id='word_1_7' title='bbox 339 721 402 774; x_wconf 75' lang='grc' dir='ltr'><strong>Εἰ</strong></span> <span class='ocrx_word' id='word_1_8' title='bbox 428 721 517 775; x_wconf 70' lang='grc' dir='ltr'><strong>διὰ</strong></span> <span class='ocrx_word' id='word_1_9' title='bbox 542 721 734 784; x_wconf 80' lang='lat'>10610,</span> <span class='ocrx_word' id='word_1_10' title='bbox 757 720 893 774; x_wconf 78' lang='grc' dir='ltr'>καθ’</span> <span class='ocrx_word' id='word_1_11' title='bbox 919 720 1085 788; x_wconf 74' lang='grc' dir='ltr'>ὑμᾶς,</span> <span class='ocrx_word' id='word_1_12' title='bbox 1111 715 1201 779; x_wconf 82' lang='grc' dir='ltr'><strong>τὸν</strong></span> <span class='ocrx_word' id='word_1_13' title='bbox 1219 715 1347 768; x_wconf 83' lang='grc' dir='ltr'>Υἱὸν</span> <span class='ocrx_word' id='word_1_14' title='bbox 1377 715 1589 769; x_wconf 78' lang='grc' dir='ltr'><strong>ἔκτισεν</strong></span> <span class='ocrx_word' id='word_1_15' title='bbox 1617 717 1644 767; x_wconf 99' lang='lat'><strong>6</strong></span> <span class='ocrx_word' id='word_1_16' title='bbox 1671 712 1883 784; x_wconf 86' lang='grc' dir='ltr'>Πατὴρ,</span> 
     </span>
    </p>
   </div>
   <div class='ocr_carea' id='block_1_4' title="bbox 284 807 1890 885">
    <p class='ocr_par' dir='ltr' id='par_1_4' title="bbox 284 807 1890 885">
     <span class='ocr_line' id='line_1_4' title="bbox 284 807 1890 885; baseline 0.002 -16"><span class='ocrx_word' id='word_1_17' title='bbox 284 819 362 869; x_wconf 72' lang='grc' dir='ltr'>ἵνα</span> <span class='ocrx_word' id='word_1_18' title='bbox 387 817 482 885; x_wconf 71' lang='grc' dir='ltr'>τῆς</span> <span class='ocrx_word' id='word_1_19' title='bbox 513 815 764 884; x_wconf 72' lang='grc' dir='ltr'>γενητῆς</span> <span class='ocrx_word' id='word_1_20' title='bbox 817 814 1039 882; x_wconf 69' lang='grc' dir='ltr'>φύσεως</span> <span class='ocrx_word' id='word_1_21' title='bbox 1067 811 1262 881; x_wconf 79' lang='grc' dir='ltr'>εὑρεθῇ</span> <span class='ocrx_word' id='word_1_22' title='bbox 1297 809 1547 880; x_wconf 68' lang='grc' dir='ltr'>ποιητὴς,</span> <span class='ocrx_word' id='word_1_23' title='bbox 1590 807 1759 878; x_wconf 79' lang='grc' dir='ltr'>ἐχρῆν</span> <span class='ocrx_word' id='word_1_24' title='bbox 1791 807 1890 858; x_wconf 70' lang='grc' dir='ltr'><strong>αὖ*</strong></span> 
     </span>
    </p>
   </div>
   <div class='ocr_carea' id='block_1_5' title="bbox 290 895 1887 976">
    <p class='ocr_par' dir='ltr' id='par_1_5' title="bbox 290 895 1887 976">
     <span class='ocr_line' id='line_1_5' title="bbox 290 895 1887 976; baseline -0.008 -16"><span class='ocrx_word' id='word_1_25' title='bbox 290 909 371 960; x_wconf 73' lang='grc' dir='ltr'><strong>τὸν</strong></span> <span class='ocrx_word' id='word_1_26' title='bbox 405 908 642 976; x_wconf 72' lang='grc' dir='ltr'>ἀργῆσαι</span> <span class='ocrx_word' id='word_1_27' title='bbox 679 906 880 959; x_wconf 69' lang='grc' dir='ltr'>λοιπὸν</span> <span class='ocrx_word' id='word_1_28' title='bbox 914 903 1059 967; x_wconf 75' lang='grc' dir='ltr'>ἅπαξ</span> <span class='ocrx_word' id='word_1_29' title='bbox 1105 895 1201 954; x_wconf 85' lang='lat'><strong>106</strong></span> <span class='ocrx_word' id='word_1_30' title='bbox 1235 901 1364 958; x_wconf 87' lang='grc' dir='ltr'><strong>Υἱοῦ</strong></span> <span class='ocrx_word' id='word_1_31' title='bbox 1397 899 1715 970; x_wconf 75' lang='grc' dir='ltr'>γενομένου.</span> <span class='ocrx_word' id='word_1_32' title='bbox 1762 896 1887 960; x_wconf 81' lang='grc' dir='ltr'><strong>Πῶς</strong></span> 
     </span>
    </p>
   </div>
   <div class='ocr_carea' id='block_1_6' title="bbox 295 991 1888 1069">
    <p class='ocr_par' dir='ltr' id='par_1_6' title="bbox 295 991 1888 1069">
     <span class='ocr_line' id='line_1_6' title="bbox 295 991 1888 1069; baseline -0.008 -16"><span class='ocrx_word' id='word_1_33' title='bbox 295 997 379 1053; x_wconf 68' lang='grc' dir='ltr'><strong>οὖν</strong></span> <span class='ocrx_word' id='word_1_34' title='bbox 414 1000 708 1069; x_wconf 67' lang='grc' dir='ltr'>ἐργάζεται</span> <span class='ocrx_word' id='word_1_35' title='bbox 743 999 840 1051; x_wconf 75' lang='grc' dir='ltr'>καὶ</span> <span class='ocrx_word' id='word_1_36' title='bbox 885 997 1024 1066; x_wconf 70' lang='grc' dir='ltr'>μετὰ</span> <span class='ocrx_word' id='word_1_37' title='bbox 1068 996 1158 1048; x_wconf 88' lang='grc' dir='ltr'><strong>τὸν</strong></span> <span class='ocrx_word' id='word_1_38' title='bbox 1190 994 1353 1059; x_wconf 78' lang='grc' dir='ltr'>Υἱόνς</span> <span class='ocrx_word' id='word_1_39' title='bbox 1403 993 1575 1055; x_wconf 83' lang='grc' dir='ltr'>Αὐτὸς</span> <span class='ocrx_word' id='word_1_40' title='bbox 1622 991 1732 1063; x_wconf 82' lang='grc' dir='ltr'>γάρ</span> <span class='ocrx_word' id='word_1_41' title='bbox 1784 1007 1888 1042; x_wconf 82' lang='grc' dir='ltr'>που</span> 
     </span>
    </p>
   </div>
   <div class='ocr_carea' id='block_1_7' title="bbox 294 1083 1889 1162">
    <p class='ocr_par' dir='ltr' id='par_1_7' title="bbox 294 1083 1889 1162">
     <span class='ocr_line' id='line_1_7' title="bbox 294 1083 1889 1162; baseline -0.006 -19"><span class='ocrx_word' id='word_1_42' title='bbox 294 1092 444 1144; x_wconf 77' lang='lat'>10616</span> <span class='ocrx_word' id='word_1_43' title='bbox 477 1109 644 1162; x_wconf 78' lang='grc' dir='ltr'>φησιν</span> <span class='ocrx_word' id='word_1_44' title='bbox 675 1093 702 1142; x_wconf 90' lang='lat'><strong>6</strong></span> <span class='ocrx_word' id='word_1_45' title='bbox 729 1090 930 1157; x_wconf 80' lang='grc' dir='ltr'>Σωτήρ</span> <span class='ocrx_word' id='word_1_46' title='bbox 958 1107 968 1117; x_wconf 92' lang='grc'><strong>·</strong></span> <span class='ocrx_word' id='word_1_47' title='bbox 1011 1108 1028 1140; x_wconf 85' lang='grc' dir='ltr'>ι</span> <span class='ocrx_word' id='word_1_48' title='bbox 1051 1090 1107 1140; x_wconf 87' lang='lat'><strong>&#39;0</strong></span> <span class='ocrx_word' id='word_1_49' title='bbox 1137 1087 1328 1157; x_wconf 81' lang='grc' dir='ltr'>Πατήρ</span> <span class='ocrx_word' id='word_1_50' title='bbox 1372 1104 1474 1156; x_wconf 83' lang='grc' dir='ltr'>μου</span> <span class='ocrx_word' id='word_1_51' title='bbox 1508 1085 1613 1146; x_wconf 78' lang='grc' dir='ltr'>ἓως</span> <span class='ocrx_word' id='word_1_52' title='bbox 1642 1083 1768 1154; x_wconf 79' lang='grc' dir='ltr'>ἄρτι</span> <span class='ocrx_word' id='word_1_53' title='bbox 1797 1084 1889 1152; x_wconf 84' lang='grc' dir='ltr'><strong>ὲρ-</strong></span> 
     </span>
    </p>
   </div>
   <div class='ocr_carea' id='block_1_8' title="bbox 294 1173 1890 1254">
    <p class='ocr_par' dir='ltr' id='par_1_8' title="bbox 294 1173 1890 1254">
     <span class='ocr_line' id='line_1_8' title="bbox 294 1173 1890 1254; baseline -0.008 -15"><span class='ocrx_word' id='word_1_54' title='bbox 294 1184 536 1252; x_wconf 76' lang='grc' dir='ltr'>γάζεται.</span> <span class='ocrx_word' id='word_1_55' title='bbox 570 1183 730 1250; x_wconf 80' lang='grc' dir='ltr'>κάγὼ</span> <span class='ocrx_word' id='word_1_56' title='bbox 757 1180 1085 1254; x_wconf 78' lang='grc' dir='ltr'>ἐργάζομαι.</span> <span class='ocrx_word' id='word_1_57' title='bbox 1115 1199 1132 1230; x_wconf 81' lang='grc' dir='ltr'><strong>ι</strong></span> <span class='ocrx_word' id='word_1_58' title='bbox 1162 1180 1224 1232; x_wconf 72' lang='lat' dir='ltr'><strong>Ei</strong></span> <span class='ocrx_word' id='word_1_59' title='bbox 1255 1179 1440 1239; x_wconf 65' lang='grc' dir='ltr'>τοίνυν</span> <span class='ocrx_word' id='word_1_60' title='bbox 1463 1176 1756 1246; x_wconf 74' lang='grc' dir='ltr'><strong>ἐργάζεται</strong></span> <span class='ocrx_word' id='word_1_61' title='bbox 1794 1173 1890 1227; x_wconf 78' lang='grc' dir='ltr'>καὶ</span> 
     </span>
    </p>
   </div>
   <div class='ocr_carea' id='block_1_9' title="bbox 297 1263 1888 1345">
    <p class='ocr_par' dir='ltr' id='par_1_9' title="bbox 297 1263 1888 1345">
     <span class='ocr_line' id='line_1_9' title="bbox 297 1263 1888 1345; baseline -0.008 -18"><span class='ocrx_word' id='word_1_62' title='bbox 297 1275 433 1345; x_wconf 84' lang='grc' dir='ltr'><strong>μετὰ</strong></span> <span class='ocrx_word' id='word_1_63' title='bbox 482 1274 573 1328; x_wconf 85' lang='grc' dir='ltr'><strong>τὸν</strong></span> <span class='ocrx_word' id='word_1_64' title='bbox 607 1273 757 1337; x_wconf 87' lang='grc' dir='ltr'>Υἱὸν,</span> <span class='ocrx_word' id='word_1_65' title='bbox 789 1269 1042 1342; x_wconf 81' lang='grc' dir='ltr'>περιττὸς</span> <span class='ocrx_word' id='word_1_66' title='bbox 1091 1269 1156 1322; x_wconf 83' lang='grc' dir='ltr'><strong>ἂν</strong></span> <span class='ocrx_word' id='word_1_67' title='bbox 1211 1267 1297 1338; x_wconf 78' lang='grc' dir='ltr'>εἴη</span> <span class='ocrx_word' id='word_1_68' title='bbox 1345 1267 1467 1321; x_wconf 83' lang='grc' dir='ltr'>καθ’</span> <span class='ocrx_word' id='word_1_69' title='bbox 1497 1267 1640 1335; x_wconf 79' lang='grc' dir='ltr'>ὑμᾶς</span> <span class='ocrx_word' id='word_1_70' title='bbox 1681 1266 1709 1318; x_wconf 91' lang='lat'><strong>6</strong></span> <span class='ocrx_word' id='word_1_71' title='bbox 1739 1263 1888 1327; x_wconf 82' lang='grc' dir='ltr'>Υἱός.</span> 
     </span>
    </p>
   </div>
   <div class='ocr_carea' id='block_1_10' title="bbox 304 1356 1887 1433">
    <p class='ocr_par' dir='ltr' id='par_1_10' title="bbox 304 1356 1887 1433">
     <span class='ocr_line' id='line_1_10' title="bbox 304 1356 1887 1433; baseline -0.007 -14"><span class='ocrx_word' id='word_1_72' title='bbox 304 1367 462 1419; x_wconf 69' lang='grc' dir='ltr'>Ἀλλὰ</span> <span class='ocrx_word' id='word_1_73' title='bbox 490 1365 650 1418; x_wconf 79' lang='grc' dir='ltr'>τοῦτο</span> <span class='ocrx_word' id='word_1_74' title='bbox 685 1366 888 1418; x_wconf 84' lang='grc' dir='ltr'>ἄτοπον</span> <span class='ocrx_word' id='word_1_75' title='bbox 922 1365 1139 1433; x_wconf 77' lang='grc' dir='ltr'>φρονεῖν</span> <span class='ocrx_word' id='word_1_76' title='bbox 1177 1380 1237 1414; x_wconf 89' lang='grc' dir='ltr'><strong>τε</strong></span> <span class='ocrx_word' id='word_1_77' title='bbox 1267 1360 1363 1413; x_wconf 73' lang='grc' dir='ltr'><strong>καὶ</strong></span> <span class='ocrx_word' id='word_1_78' title='bbox 1396 1359 1598 1426; x_wconf 82' lang='grc' dir='ltr'>λέγειν.</span> <span class='ocrx_word' id='word_1_79' title='bbox 1631 1359 1746 1409; x_wconf 83' lang='grc' dir='ltr'>Οὐκ</span> <span class='ocrx_word' id='word_1_80' title='bbox 1778 1356 1887 1427; x_wconf 78' lang='grc' dir='ltr'>ἄρα</span> 
     </span>
    </p>
   </div>
   <div class='ocr_carea' id='block_1_11' title="bbox 292 1449 1887 1529">
    <p class='ocr_par' dir='ltr' id='par_1_11' title="bbox 292 1449 1887 1529">
     <span class='ocr_line' id='line_1_11' title="bbox 292 1449 1887 1529; baseline -0.008 -17"><span class='ocrx_word' id='word_1_81' title='bbox 292 1457 554 1529; x_wconf 76' lang='grc' dir='ltr'>παρήχθη</span> <span class='ocrx_word' id='word_1_82' title='bbox 588 1458 724 1528; x_wconf 80' lang='grc' dir='ltr'>πρὸς</span> <span class='ocrx_word' id='word_1_83' title='bbox 741 1458 802 1509; x_wconf 88' lang='lat'><strong>16</strong></span> <span class='ocrx_word' id='word_1_84' title='bbox 829 1452 967 1510; x_wconf 71' lang='grc' dir='ltr'>εἶναι</span> <span class='ocrx_word' id='word_1_85' title='bbox 993 1456 1222 1527; x_wconf 78' lang='grc' dir='ltr'>γενητὸς</span> <span class='ocrx_word' id='word_1_86' title='bbox 1249 1453 1439 1515; x_wconf 79' lang='grc' dir='ltr'>ὀΥἱὸς,</span> <span class='ocrx_word' id='word_1_87' title='bbox 1460 1452 1548 1505; x_wconf 82' lang='grc' dir='ltr'><strong>ἵνα</strong></span> <span class='ocrx_word' id='word_1_88' title='bbox 1575 1450 1683 1503; x_wconf 84' lang='grc' dir='ltr'><strong>τῶν</strong></span> <span class='ocrx_word' id='word_1_89' title='bbox 1713 1449 1887 1503; x_wconf 79' lang='grc' dir='ltr'>ἄλλων</span> 
     </span>
    </p>
   </div>
   <div class='ocr_carea' id='block_1_12' title="bbox 291 1541 1887 1620">
    <p class='ocr_par' dir='ltr' id='par_1_12' title="bbox 291 1541 1887 1620">
     <span class='ocr_line' id='line_1_12' title="bbox 291 1541 1887 1620; baseline -0.006 -18"><span class='ocrx_word' id='word_1_90' title='bbox 291 1552 521 1620; x_wconf 79' lang='grc' dir='ltr'>γένηται</span> <span class='ocrx_word' id='word_1_91' title='bbox 576 1549 828 1620; x_wconf 77' lang='grc' dir='ltr'>ποιητὴς,</span> <span class='ocrx_word' id='word_1_92' title='bbox 859 1549 972 1602; x_wconf 85' lang='grc' dir='ltr'><strong>ἀλλ’</strong></span> <span class='ocrx_word' id='word_1_93' title='bbox 1001 1549 1064 1600; x_wconf 85' lang='grc' dir='ltr'>ὲκ</span> <span class='ocrx_word' id='word_1_94' title='bbox 1113 1550 1214 1618; x_wconf 87' lang='grc' dir='ltr'><strong>τῆς</strong></span> <span class='ocrx_word' id='word_1_95' title='bbox 1261 1546 1501 1616; x_wconf 74' lang='grc' dir='ltr'>ἀρρήτου</span> <span class='ocrx_word' id='word_1_96' title='bbox 1547 1543 1642 1595; x_wconf 83' lang='grc' dir='ltr'>τοῦ</span> <span class='ocrx_word' id='word_1_97' title='bbox 1675 1541 1887 1612; x_wconf 85' lang='grc' dir='ltr'>Πατρὸς</span> 
     </span>
    </p>
   </div>
   <div class='ocr_carea' id='block_1_13' title="bbox 288 1634 1889 1712">
    <p class='ocr_par' dir='ltr' id='par_1_13' title="bbox 288 1634 1889 1712">
     <span class='ocr_line' id='line_1_13' title="bbox 288 1634 1889 1712; baseline -0.006 -17"><span class='ocrx_word' id='word_1_98' title='bbox 288 1645 481 1706; x_wconf 71' lang='grc' dir='ltr'>οὐσίας</span> <span class='ocrx_word' id='word_1_99' title='bbox 539 1641 838 1712; x_wconf 80' lang='grc' dir='ltr'>προελθὼν,</span> <span class='ocrx_word' id='word_1_100' title='bbox 894 1641 970 1704; x_wconf 79' lang='grc' dir='ltr'>ὡς</span> <span class='ocrx_word' id='word_1_101' title='bbox 995 1640 1141 1703; x_wconf 75' lang='grc' dir='ltr'>Υἱὸς,</span> <span class='ocrx_word' id='word_1_102' title='bbox 1179 1638 1356 1691; x_wconf 77' lang='grc' dir='ltr'>πάντα</span> <span class='ocrx_word' id='word_1_103' title='bbox 1407 1637 1472 1689; x_wconf 77' lang='grc' dir='ltr'>τὰ</span> <span class='ocrx_word' id='word_1_104' title='bbox 1527 1634 1621 1688; x_wconf 80' lang='grc' dir='ltr'>τοῦ</span> <span class='ocrx_word' id='word_1_105' title='bbox 1675 1634 1889 1703; x_wconf 80' lang='grc' dir='ltr'>[ἰατρὸς</span> 
     </span>
    </p>
   </div>
   <div class='ocr_carea' id='block_1_14' title="bbox 293 1725 1887 1808">
    <p class='ocr_par' dir='ltr' id='par_1_14' title="bbox 293 1725 1887 1808">
     <span class='ocr_line' id='line_1_14' title="bbox 293 1725 1887 1808; baseline -0.008 -19"><span class='ocrx_word' id='word_1_106' title='bbox 293 1737 434 1808; x_wconf 76' lang='grc' dir='ltr'>μετὰ</span> <span class='ocrx_word' id='word_1_107' title='bbox 465 1735 560 1787; x_wconf 85' lang='lat'><strong>106</strong></span> <span class='ocrx_word' id='word_1_108' title='bbox 587 1735 799 1804; x_wconf 84' lang='grc' dir='ltr'>Πατρὸς</span> <span class='ocrx_word' id='word_1_109' title='bbox 823 1733 1139 1804; x_wconf 75' lang='grc' dir='ltr'>ἐργάζεται,</span> <span class='ocrx_word' id='word_1_110' title='bbox 1169 1729 1414 1798; x_wconf 80' lang='grc' dir='ltr'><strong>φυσικῶς</strong></span> <span class='ocrx_word' id='word_1_111' title='bbox 1439 1727 1702 1798; x_wconf 83' lang='grc' dir='ltr'><strong>ὑπάρχων</strong></span> <span class='ocrx_word' id='word_1_112' title='bbox 1729 1725 1857 1778; x_wconf 83' lang='lat'>1060</span> <span class='ocrx_word' id='word_1_113' title='bbox 1875 1726 1887 1744; x_wconf 84' lang='lat'><strong>&#39;</strong></span> 
     </span>
    </p>
   </div>
   <div class='ocr_carea' id='block_1_15' title="bbox 289 1818 1888 1900">
    <p class='ocr_par' dir='ltr' id='par_1_15' title="bbox 289 1818 1888 1900">
     <span class='ocr_line' id='line_1_15' title="bbox 289 1818 1888 1900; baseline -0.009 -16"><span class='ocrx_word' id='word_1_114' title='bbox 289 1833 430 1900; x_wconf 78' lang='grc' dir='ltr'>ὅπερ</span> <span class='ocrx_word' id='word_1_115' title='bbox 484 1827 624 1894; x_wconf 76' lang='grc' dir='ltr'>ἐστὶ,</span> <span class='ocrx_word' id='word_1_116' title='bbox 660 1827 791 1889; x_wconf 84' lang='grc' dir='ltr'>Θεὸς</span> <span class='ocrx_word' id='word_1_117' title='bbox 840 1825 1102 1895; x_wconf 83' lang='grc' dir='ltr'>δηλονότι,</span> <span class='ocrx_word' id='word_1_118' title='bbox 1143 1822 1239 1876; x_wconf 73' lang='grc' dir='ltr'>καὶ</span> <span class='ocrx_word' id='word_1_119' title='bbox 1290 1821 1380 1875; x_wconf 67' lang='grc' dir='ltr'><strong>διὰ</strong></span> <span class='ocrx_word' id='word_1_120' title='bbox 1427 1820 1584 1874; x_wconf 82' lang='grc' dir='ltr'>τοῦτο</span> <span class='ocrx_word' id='word_1_121' title='bbox 1625 1818 1888 1889; x_wconf 83' lang='grc' dir='ltr'>δημιουρ--</span> 
     </span>
    </p>
   </div>
   <div class='ocr_carea' id='block_1_16' title="bbox 291 1925 404 1991">
    <p class='ocr_par' dir='ltr' id='par_1_16' title="bbox 291 1925 404 1991">
     <span class='ocr_line' id='line_1_16' title="bbox 291 1925 404 1991; baseline -0.009 -16"><span class='ocrx_word' id='word_1_122' title='bbox 291 1925 404 1991; x_wconf 81' lang='grc' dir='ltr'>γός.</span> 
     </span>
    </p>
   </div>
   <div class='ocr_carea' id='block_1_17' title="bbox 987 2031 1192 2085">
    <p class='ocr_par' dir='ltr' id='par_1_17' title="bbox 987 2031 1192 2085">
     <span class='ocr_line' id='line_1_17' title="bbox 987 2031 1192 2085; baseline -0.02 0"><span class='ocrx_word' id='word_1_123' title='bbox 987 2031 1192 2085; x_wconf 73' lang='lat' dir='ltr'><strong>AAAO.</strong></span> 
     </span>
    </p>
   </div>
   <div class='ocr_carea' id='block_1_18' title="bbox 368 2138 1887 2221">
    <p class='ocr_par' dir='ltr' id='par_1_18' title="bbox 368 2138 1887 2221">
     <span class='ocr_line' id='line_1_18' title="bbox 368 2138 1887 2221; baseline -0.01 -16"><span class='ocrx_word' id='word_1_124' title='bbox 368 2153 432 2205; x_wconf 80' lang='grc' dir='ltr'><strong>Εἰ</strong></span> <span class='ocrx_word' id='word_1_125' title='bbox 484 2151 564 2221; x_wconf 81' lang='grc' dir='ltr'>τῷ</span> <span class='ocrx_word' id='word_1_126' title='bbox 612 2150 741 2220; x_wconf 79' lang='grc' dir='ltr'>θείῳ</span> <span class='ocrx_word' id='word_1_127' title='bbox 792 2147 1116 2217; x_wconf 80' lang='grc' dir='ltr'><strong>βουλήματι,</strong></span> <span class='ocrx_word' id='word_1_128' title='bbox 1155 2145 1296 2198; x_wconf 85' lang='grc' dir='ltr'><strong>κατὰ</strong></span> <span class='ocrx_word' id='word_1_129' title='bbox 1328 2145 1426 2216; x_wconf 77' lang='grc' dir='ltr'>τὴν</span> <span class='ocrx_word' id='word_1_130' title='bbox 1462 2143 1611 2195; x_wconf 85' lang='grc' dir='ltr'>Θείαν</span> <span class='ocrx_word' id='word_1_131' title='bbox 1641 2138 1887 2210; x_wconf 80' lang='grc' dir='ltr'>Γραφὴν,</span> 
     </span>
    </p>
   </div>
   <div class='ocr_carea' id='block_1_19' title="bbox 292 2233 1890 2312">
    <p class='ocr_par' dir='ltr' id='par_1_19' title="bbox 292 2233 1890 2312">
     <span class='ocr_line' id='line_1_19' title="bbox 292 2233 1890 2312; baseline -0.009 -15"><span class='ocrx_word' id='word_1_132' title='bbox 292 2244 635 2312; x_wconf 71' lang='grc' dir='ltr'>ἀνθέστηκεν</span> <span class='ocrx_word' id='word_1_133' title='bbox 687 2239 884 2302; x_wconf 73' lang='grc' dir='ltr'>οὐδεὶς,</span> <span class='ocrx_word' id='word_1_134' title='bbox 917 2239 1026 2291; x_wconf 75' lang='grc' dir='ltr'>ἀλλ’</span> <span class='ocrx_word' id='word_1_135' title='bbox 1065 2236 1288 2306; x_wconf 81' lang='grc' dir='ltr'>ἐξαρκεῖ</span> <span class='ocrx_word' id='word_1_136' title='bbox 1339 2234 1496 2288; x_wconf 78' lang='grc' dir='ltr'>τοῦτο</span> <span class='ocrx_word' id='word_1_137' title='bbox 1551 2233 1646 2286; x_wconf 73' lang='grc' dir='ltr'>καὶ</span> <span class='ocrx_word' id='word_1_138' title='bbox 1706 2233 1890 2303; x_wconf 81' lang='grc' dir='ltr'>μόνον,</span> 
     </span>
    </p>
   </div>
   <div class='ocr_carea' id='block_1_20' title="bbox 292 2325 1887 2406">
    <p class='ocr_par' dir='ltr' id='par_1_20' title="bbox 292 2325 1887 2406">
     <span class='ocr_line' id='line_1_20' title="bbox 292 2325 1887 2406; baseline -0.008 -19"><span class='ocrx_word' id='word_1_139' title='bbox 292 2338 432 2406; x_wconf 79' lang='grc' dir='ltr'>πρὸς</span> <span class='ocrx_word' id='word_1_140' title='bbox 459 2336 558 2406; x_wconf 84' lang='grc' dir='ltr'><strong>τὴν</strong></span> <span class='ocrx_word' id='word_1_141' title='bbox 586 2333 693 2386; x_wconf 77' lang='grc' dir='ltr'>τῶν</span> <span class='ocrx_word' id='word_1_142' title='bbox 737 2331 873 2388; x_wconf 79' lang='grc' dir='ltr'>ὅλων</span> <span class='ocrx_word' id='word_1_143' title='bbox 910 2330 1198 2384; x_wconf 79' lang='grc' dir='ltr'>σύστασινο</span> <span class='ocrx_word' id='word_1_144' title='bbox 1239 2329 1357 2399; x_wconf 78' lang='grc' dir='ltr'>ἃμα</span> <span class='ocrx_word' id='word_1_145' title='bbox 1403 2327 1524 2406; x_wconf 43' lang='grc' dir='ltr'>γὰρ.</span> <span class='ocrx_word' id='word_1_146' title='bbox 1550 2325 1781 2395; x_wconf 74' lang='grc' dir='ltr'>ἠθέλησέ</span> <span class='ocrx_word' id='word_1_147' title='bbox 1813 2341 1887 2389; x_wconf 84' lang='grc' dir='ltr'><strong>τι,</strong></span> 
     </span>
    </p>
   </div>
   <div class='ocr_carea' id='block_1_21' title="bbox 294 2394 1886 2497">
    <p class='ocr_par' dir='ltr' id='par_1_21' title="bbox 294 2394 1886 2497">
     <span class='ocr_line' id='line_1_21' title="bbox 294 2394 1886 2497; baseline -0.008 -17"><span class='ocrx_word' id='word_1_148' title='bbox 294 2394 644 2497; x_wconf 53' lang='grc' dir='ltr'>παραχρῆμα</span> <span class='ocrx_word' id='word_1_149' title='bbox 678 2425 915 2492; x_wconf 86' lang='grc' dir='ltr'>γίνεται,</span> <span class='ocrx_word' id='word_1_150' title='bbox 951 2421 1094 2474; x_wconf 83' lang='grc' dir='ltr'>κατὰ</span> <span class='ocrx_word' id='word_1_151' title='bbox 1140 2420 1232 2472; x_wconf 88' lang='grc' dir='ltr'><strong>τὸν</strong></span> <span class='ocrx_word' id='word_1_152' title='bbox 1281 2394 1850 2487; x_wconf 46' lang='grc' dir='ltr'>λέγονταὶῖιάλμιχιδόν</span> <span class='ocrx_word' id='word_1_153' title='bbox 1874 2431 1886 2443; x_wconf 77' lang='grc'><strong>⁸</strong></span> 
     </span>
    </p>
   </div>
   <div class='ocr_carea' id='block_1_22' title="bbox 298 2505 1888 2585">
    <p class='ocr_par' dir='ltr' id='par_1_22' title="bbox 298 2505 1888 2585">
     <span class='ocr_line' id='line_1_22' title="bbox 298 2505 1888 2585; baseline -0.006 -17"><span class='ocrx_word' id='word_1_154' title='bbox 298 2537 316 2568; x_wconf 74' lang='grc' dir='ltr'><strong>ι</strong></span> <span class='ocrx_word' id='word_1_155' title='bbox 358 2519 550 2570; x_wconf 79' lang='grc' dir='ltr'>Πάντα</span> <span class='ocrx_word' id='word_1_156' title='bbox 572 2518 674 2569; x_wconf 82' lang='grc' dir='ltr'>ὃσα</span> <span class='ocrx_word' id='word_1_157' title='bbox 709 2514 976 2585; x_wconf 67' lang='grc' dir='ltr'>ἠθέλησεν</span> <span class='ocrx_word' id='word_1_158' title='bbox 1002 2512 1248 2583; x_wconf 76' lang='grc' dir='ltr'>ἐποίησε,</span> <span class='ocrx_word' id='word_1_159' title='bbox 1287 2530 1304 2563; x_wconf 82' lang='grc' dir='ltr'><strong>ι</strong></span> <span class='ocrx_word' id='word_1_160' title='bbox 1342 2511 1427 2573; x_wconf 92' lang='grc' dir='ltr'><strong>τίς</strong></span> <span class='ocrx_word' id='word_1_161' title='bbox 1451 2505 1519 2582; x_wconf 78' lang='grc' dir='ltr'>ἦν</span> <span class='ocrx_word' id='word_1_162' title='bbox 1547 2512 1577 2579; x_wconf 81' lang='grc' dir='ltr'>ἡ</span> <span class='ocrx_word' id='word_1_163' title='bbox 1609 2508 1702 2561; x_wconf 79' lang='lat'><strong>106</strong></span> <span class='ocrx_word' id='word_1_164' title='bbox 1733 2524 1888 2577; x_wconf 87' lang='grc' dir='ltr'>μεσι-</span> 
     </span>
    </p>
   </div>
   <div class='ocr_carea' id='block_1_23' title="bbox 292 2600 1891 2678">
    <p class='ocr_par' dir='ltr' id='par_1_23' title="bbox 292 2600 1891 2678">
     <span class='ocr_line' id='line_1_23' title="bbox 292 2600 1891 2678; baseline -0.006 -17"><span class='ocrx_word' id='word_1_165' title='bbox 292 2609 544 2670; x_wconf 75' lang='grc' dir='ltr'>τεύοντος</span> <span class='ocrx_word' id='word_1_166' title='bbox 576 2607 774 2678; x_wconf 81' lang='grc' dir='ltr'>χρεία;</span> <span class='ocrx_word' id='word_1_167' title='bbox 810 2605 1090 2675; x_wconf 83' lang='grc' dir='ltr'>Περιττῶς</span> <span class='ocrx_word' id='word_1_168' title='bbox 1118 2605 1227 2674; x_wconf 81' lang='grc' dir='ltr'>ἄρα</span> <span class='ocrx_word' id='word_1_169' title='bbox 1254 2605 1476 2672; x_wconf 80' lang='grc' dir='ltr'>γέγονεν</span> <span class='ocrx_word' id='word_1_170' title='bbox 1515 2604 1543 2655; x_wconf 87' lang='lat'><strong>6</strong></span> <span class='ocrx_word' id='word_1_171' title='bbox 1570 2601 1710 2664; x_wconf 73' lang='grc' dir='ltr'>Υἱός.</span> <span class='ocrx_word' id='word_1_172' title='bbox 1733 2600 1891 2652; x_wconf 75' lang='grc' dir='ltr'>Ἀλλὰ</span> 
     </span>
    </p>
   </div>
   <div class='ocr_carea' id='block_1_24' title="bbox 292 2693 1891 2769">
    <p class='ocr_par' dir='ltr' id='par_1_24' title="bbox 292 2693 1891 2769">
     <span class='ocr_line' id='line_1_24' title="bbox 292 2693 1891 2769; baseline -0.008 -14"><span class='ocrx_word' id='word_1_173' title='bbox 292 2701 454 2755; x_wconf 79' lang='grc' dir='ltr'>τοῦτο</span> <span class='ocrx_word' id='word_1_174' title='bbox 500 2701 680 2769; x_wconf 76' lang='grc' dir='ltr'>λέγειν</span> <span class='ocrx_word' id='word_1_175' title='bbox 725 2699 833 2753; x_wconf 84' lang='grc' dir='ltr'>τῶν</span> <span class='ocrx_word' id='word_1_176' title='bbox 874 2697 1264 2751; x_wconf 77' lang='grc' dir='ltr'><strong>ἀτοπωτάτων.</strong></span> <span class='ocrx_word' id='word_1_177' title='bbox 1300 2696 1473 2759; x_wconf 75' lang='grc' dir='ltr'>Αὐτὸς</span> <span class='ocrx_word' id='word_1_178' title='bbox 1521 2696 1629 2764; x_wconf 83' lang='grc' dir='ltr'>ἄρα</span> <span class='ocrx_word' id='word_1_179' title='bbox 1673 2694 1819 2745; x_wconf 75' lang='grc' dir='ltr'>ἐστὶν</span> <span class='ocrx_word' id='word_1_180' title='bbox 1859 2693 1891 2762; x_wconf 79' lang='grc' dir='ltr'>ἡ</span> 
     </span>
    </p>
   </div>
   <div class='ocr_carea' id='block_1_25' title="bbox 294 2779 1890 2859">
    <p class='ocr_par' dir='ltr' id='par_1_25' title="bbox 294 2779 1890 2859">
     <span class='ocr_line' id='line_1_25' title="bbox 294 2779 1890 2859; baseline -0.007 -13"><span class='ocrx_word' id='word_1_181' title='bbox 294 2795 544 2856; x_wconf 61' lang='lat' dir='ltr'><strong>tvo-53:0;</strong></span> <span class='ocrx_word' id='word_1_182' title='bbox 588 2793 685 2847; x_wconf 73' lang='grc' dir='ltr'><strong>καὶ</strong></span> <span class='ocrx_word' id='word_1_183' title='bbox 723 2790 874 2854; x_wconf 80' lang='grc' dir='ltr'>ζῶσα</span> <span class='ocrx_word' id='word_1_184' title='bbox 916 2789 1009 2843; x_wconf 80' lang='grc' dir='ltr'>τοῦ</span> <span class='ocrx_word' id='word_1_185' title='bbox 1056 2788 1268 2859; x_wconf 85' lang='grc' dir='ltr'>Πατρὸς</span> <span class='ocrx_word' id='word_1_186' title='bbox 1318 2787 1590 2858; x_wconf 76' lang='grc' dir='ltr'>βούλησις,</span> <span class='ocrx_word' id='word_1_187' title='bbox 1618 2785 1684 2838; x_wconf 75' lang='grc' dir='ltr'><strong>δι’</strong></span> <span class='ocrx_word' id='word_1_188' title='bbox 1720 2779 1786 2854; x_wconf 80' lang='grc' dir='ltr'>ἦς</span> <span class='ocrx_word' id='word_1_189' title='bbox 1826 2783 1890 2836; x_wconf 79' lang='grc' dir='ltr'><strong>τὰ</strong></span> 
     </span>
    </p>
   </div>
   <div class='ocr_carea' id='block_1_26' title="bbox 295 2876 1891 2954">
    <p class='ocr_par' dir='ltr' id='par_1_26' title="bbox 295 2876 1891 2954">
     <span class='ocr_line' id='line_1_26' title="bbox 295 2876 1891 2954; baseline -0.006 -18"><span class='ocrx_word' id='word_1_190' title='bbox 295 2887 479 2936; x_wconf 79' lang='grc' dir='ltr'>πάντα</span> <span class='ocrx_word' id='word_1_191' title='bbox 510 2882 648 2954; x_wconf 79' lang='grc' dir='ltr'>πρὸς</span> <span class='ocrx_word' id='word_1_192' title='bbox 677 2882 738 2934; x_wconf 87' lang='grc' dir='ltr'><strong>τὸ</strong></span> <span class='ocrx_word' id='word_1_193' title='bbox 771 2876 912 2934; x_wconf 67' lang='grc' dir='ltr'>εἶναι</span> <span class='ocrx_word' id='word_1_194' title='bbox 940 2880 1113 2934; x_wconf 75' lang='grc' dir='ltr'>καλεῖ.</span> <span class='ocrx_word' id='word_1_195' title='bbox 1145 2876 1277 2933; x_wconf 69' lang='grc' dir='ltr'>Εἶτα</span> <span class='ocrx_word' id='word_1_196' title='bbox 1328 2879 1443 2941; x_wconf 80' lang='grc' dir='ltr'><strong>πῶς</strong></span> <span class='ocrx_word' id='word_1_197' title='bbox 1489 2877 1626 2949; x_wconf 74' lang='grc' dir='ltr'>αὕτη</span> <span class='ocrx_word' id='word_1_198' title='bbox 1665 2876 1891 2946; x_wconf 77' lang='grc' dir='ltr'>πεποίη-</span> 
     </span>
    </p>
   </div>
   <div class='ocr_carea' id='block_1_27' title="bbox 295 2966 1570 3040">
    <p class='ocr_par' dir='ltr' id='par_1_27' title="bbox 295 2966 1570 3040">
     <span class='ocr_line' id='line_1_27' title="bbox 295 2966 1570 3040; baseline -0.003 -14"><span class='ocrx_word' id='word_1_199' title='bbox 295 2991 420 3038; x_wconf 85' lang='grc' dir='ltr'>ται;</span> <span class='ocrx_word' id='word_1_200' title='bbox 464 2973 590 3036; x_wconf 81' lang='grc' dir='ltr'><strong>Πῶς</strong></span> <span class='ocrx_word' id='word_1_201' title='bbox 615 2973 672 3025; x_wconf 83' lang='grc' dir='ltr'>δὲ</span> <span class='ocrx_word' id='word_1_202' title='bbox 696 2972 833 3034; x_wconf 83' lang='grc' dir='ltr'>ὅλως</span> <span class='ocrx_word' id='word_1_203' title='bbox 869 2971 969 3024; x_wconf 83' lang='grc' dir='ltr'><strong>οὐκ</strong></span> <span class='ocrx_word' id='word_1_204' title='bbox 998 2966 1065 3040; x_wconf 80' lang='grc' dir='ltr'>ἦν</span> <span class='ocrx_word' id='word_1_205' title='bbox 1099 2970 1325 3024; x_wconf 75' lang='grc' dir='ltr'>ἐκείνων</span> <span class='ocrx_word' id='word_1_206' title='bbox 1357 2970 1570 3034; x_wconf 79' lang='grc' dir='ltr'>εὶπεῖν;</span> 
     </span>
    </p>
   </div>
   <div class='ocr_carea' id='block_1_28' title="bbox 805 3167 1383 3236">
    <p class='ocr_par' dir='ltr' id='par_1_28' title="bbox 805 3167 1383 3236">
     <span class='ocr_line' id='line_1_28' title="bbox 805 3167 1383 3236; baseline 0.002 -15"><span class='ocrx_word' id='word_1_207' title='bbox 805 3169 1009 3234; x_wconf 83' lang='grc' dir='ltr'><strong>ΑΛΛΟ,</strong></span> <span class='ocrx_word' id='word_1_208' title='bbox 1051 3167 1150 3222; x_wconf 77' lang='grc' dir='ltr'>καὶ</span> <span class='ocrx_word' id='word_1_209' title='bbox 1186 3167 1383 3236; x_wconf 79' lang='grc' dir='ltr'>δριμύ.</span> 
     </span>
    </p>
   </div>
   <div class='ocr_carea' id='block_1_29' title="bbox 1691 435 2138 530">
    <p class='ocr_par' dir='ltr' id='par_1_29' title="bbox 1691 435 2138 530">
     <span class='ocr_line' id='line_1_29' title="bbox 1691 435 2138 530; baseline -0.009 0"><span class='ocrx_word' id='word_1_210' title='bbox 1691 435 2138 530; x_wconf 64' lang='grc' dir='ltr'>τηεειυκιε.</span> 
     </span>
    </p>
   </div>
   <div class='ocr_carea' id='block_1_30' title="bbox 3481 467 3589 524">
    <p class='ocr_par' dir='ltr' id='par_1_30' title="bbox 3481 467 3589 524">
     <span class='ocr_line' id='line_1_30' title="bbox 3481 467 3589 524; baseline 0.019 -2"><span class='ocrx_word' id='word_1_211' title='bbox 3481 467 3589 524; x_wconf 71' lang='lat'><strong>958</strong></span> 
     </span>
    </p>
   </div>
   <div class='ocr_carea' id='block_1_31' title="bbox 2348 584 3232 653">
    <p class='ocr_par' dir='ltr' id='par_1_31' title="bbox 2348 584 3232 653">
     <span class='ocr_line' id='line_1_31' title="bbox 2348 584 3232 653; baseline -0.007 -9"><span class='ocrx_word' id='word_1_212' title='bbox 2348 587 2576 649; x_wconf 71' lang='lat' dir='ltr'><strong>ALIUD,</strong></span> <span class='ocrx_word' id='word_1_213' title='bbox 2615 597 2670 639; x_wconf 81' lang='lat' dir='ltr'><strong>ut</strong></span> <span class='ocrx_word' id='word_1_214' title='bbox 2702 586 2908 639; x_wconf 63' lang='lat' dir='ltr'><strong>ridetur</strong></span> <span class='ocrx_word' id='word_1_215' title='bbox 2941 584 3232 653; x_wconf 79' lang='lat' dir='ltr'><strong>probabile.</strong></span> 
     </span>
    </p>
   </div>
   <div class='ocr_carea' id='block_1_32' title="bbox 2066 699 3591 770">
    <p class='ocr_par' dir='ltr' id='par_1_32' title="bbox 2066 699 3591 770">
     <span class='ocr_line' id='line_1_32' title="bbox 2066 699 3591 770; baseline -0.003 -15"><span class='ocrx_word' id='word_1_216' title='bbox 2066 704 2121 756; x_wconf 88' lang='lat' dir='ltr'><strong>Si</strong></span> <span class='ocrx_word' id='word_1_217' title='bbox 2180 708 2488 770; x_wconf 74' lang='lat' dir='ltr'><strong>propterea,</strong></span> <span class='ocrx_word' id='word_1_218' title='bbox 2527 713 2583 753; x_wconf 91' lang='grc' dir='ltr'><strong>ιιι</strong></span> <span class='ocrx_word' id='word_1_219' title='bbox 2621 717 2715 756; x_wconf 88' lang='lat' dir='ltr'><strong>vos</strong></span> <span class='ocrx_word' id='word_1_220' title='bbox 2761 700 3083 769; x_wconf 83' lang='lat' dir='ltr'><strong>opinamini,</strong></span> <span class='ocrx_word' id='word_1_221' title='bbox 3131 699 3329 753; x_wconf 89' lang='lat' dir='ltr'><strong>Filium</strong></span> <span class='ocrx_word' id='word_1_222' title='bbox 3381 699 3591 753; x_wconf 75' lang='lat' dir='ltr'><strong>creavit</strong></span> 
     </span>
    </p>
   </div>
   <div class='ocr_carea' id='block_1_33' title="bbox 1993 791 3588 857">
    <p class='ocr_par' dir='ltr' id='par_1_33' title="bbox 1993 791 3588 857">
     <span class='ocr_line' id='line_1_33' title="bbox 1993 791 3588 857; baseline -0.003 -10"><span class='ocrx_word' id='word_1_223' title='bbox 1993 795 2174 857; x_wconf 84' lang='lat' dir='ltr'><strong>Pater,</strong></span> <span class='ocrx_word' id='word_1_224' title='bbox 2227 804 2285 846; x_wconf 91' lang='grc' dir='ltr'><strong>ιιι</strong></span> <span class='ocrx_word' id='word_1_225' title='bbox 2333 802 2534 847; x_wconf 74' lang='lat' dir='ltr'><strong>creatae</strong></span> <span class='ocrx_word' id='word_1_226' title='bbox 2595 801 2807 844; x_wconf 60' lang='lat' dir='ltr'><strong>natura:</strong></span> <span class='ocrx_word' id='word_1_227' title='bbox 2856 791 3030 844; x_wconf 80' lang='lat' dir='ltr'><strong>factor</strong></span> <span class='ocrx_word' id='word_1_228' title='bbox 3063 803 3187 844; x_wconf 88' lang='lat' dir='ltr'><strong>esse</strong></span> <span class='ocrx_word' id='word_1_229' title='bbox 3237 796 3588 855; x_wconf 89' lang='lat' dir='ltr'><strong>cerneretur,</strong></span> 
     </span>
    </p>
   </div>
   <div class='ocr_carea' id='block_1_34' title="bbox 1993 880 3586 943">
    <p class='ocr_par' dir='ltr' id='par_1_34' title="bbox 1993 880 3586 943">
     <span class='ocr_line' id='line_1_34' title="bbox 1993 880 3586 943; baseline -0.006 -1"><span class='ocrx_word' id='word_1_230' title='bbox 1993 887 2362 943; x_wconf 85' lang='lat' dir='ltr'><strong>necessarium</strong></span> <span class='ocrx_word' id='word_1_231' title='bbox 2395 885 2622 939; x_wconf 87' lang='lat' dir='ltr'><strong>omnino</strong></span> <span class='ocrx_word' id='word_1_232' title='bbox 2660 893 2745 938; x_wconf 89' lang='lat' dir='ltr'><strong>est</strong></span> <span class='ocrx_word' id='word_1_233' title='bbox 2786 893 2843 938; x_wconf 87' lang='grc' dir='ltr'><strong>ιιι</strong></span> <span class='ocrx_word' id='word_1_234' title='bbox 2879 892 3065 938; x_wconf 91' lang='lat' dir='ltr'><strong>creato</strong></span> <span class='ocrx_word' id='word_1_235' title='bbox 3099 880 3237 935; x_wconf 86' lang='lat' dir='ltr'><strong>Filio</strong></span> <span class='ocrx_word' id='word_1_236' title='bbox 3273 881 3586 936; x_wconf 78' lang='lat' dir='ltr'><strong>cessaverit.</strong></span> 
     </span>
    </p>
   </div>
   <div class='ocr_carea' id='block_1_35' title="bbox 1993 973 3590 1048">
    <p class='ocr_par' dir='ltr' id='par_1_35' title="bbox 1993 973 3590 1048">
     <span class='ocr_line' id='line_1_35' title="bbox 1993 973 3590 1048; baseline -0.005 -15"><span class='ocrx_word' id='word_1_237' title='bbox 1993 979 2276 1046; x_wconf 85' lang='lat' dir='ltr'><strong>Quomodo</strong></span> <span class='ocrx_word' id='word_1_238' title='bbox 2318 978 2483 1048; x_wconf 81' lang='lat' dir='ltr'><strong>igitur</strong></span> <span class='ocrx_word' id='word_1_239' title='bbox 2524 987 2782 1046; x_wconf 76' lang='lat' dir='ltr'><strong>operatur</strong></span> <span class='ocrx_word' id='word_1_240' title='bbox 2825 986 2949 1045; x_wconf 87' lang='lat' dir='ltr'><strong>post</strong></span> <span class='ocrx_word' id='word_1_241' title='bbox 2997 973 3235 1029; x_wconf 83' lang='lat' dir='ltr'><strong>Filium?</strong></span> <span class='ocrx_word' id='word_1_242' title='bbox 3281 973 3399 1043; x_wconf 87' lang='lat' dir='ltr'><strong>Ipse</strong></span> <span class='ocrx_word' id='word_1_243' title='bbox 3445 973 3590 1027; x_wconf 89' lang='lat' dir='ltr'><strong>enim</strong></span> 
     </span>
    </p>
   </div>
   <div class='ocr_carea' id='block_1_36' title="bbox 1993 1067 3591 1136">
    <p class='ocr_par' dir='ltr' id='par_1_36' title="bbox 1993 1067 3591 1136">
     <span class='ocr_line' id='line_1_36' title="bbox 1993 1067 3591 1136; baseline -0.004 -11"><span class='ocrx_word' id='word_1_244' title='bbox 1993 1071 2258 1127; x_wconf 85' lang='lat' dir='ltr'><strong>Servator</strong></span> <span class='ocrx_word' id='word_1_245' title='bbox 2281 1069 2388 1124; x_wconf 87' lang='lat' dir='ltr'><strong>hoc</strong></span> <span class='ocrx_word' id='word_1_246' title='bbox 2426 1071 2501 1122; x_wconf 88' lang='lat' dir='ltr'><strong>ait</strong></span> <span class='ocrx_word' id='word_1_247' title='bbox 2532 1086 2546 1123; x_wconf 87' lang='lat'><strong>:</strong></span> <span class='ocrx_word' id='word_1_248' title='bbox 2589 1088 2605 1119; x_wconf 81' lang='grc' dir='ltr'><strong>ι</strong></span> <span class='ocrx_word' id='word_1_249' title='bbox 2637 1067 2801 1122; x_wconf 89' lang='lat' dir='ltr'><strong>Pater</strong></span> <span class='ocrx_word' id='word_1_250' title='bbox 2837 1082 2990 1122; x_wconf 90' lang='lat' dir='ltr'><strong>meus</strong></span> <span class='ocrx_word' id='word_1_251' title='bbox 3021 1081 3192 1136; x_wconf 90' lang='lat' dir='ltr'><strong>usque</strong></span> <span class='ocrx_word' id='word_1_252' title='bbox 3229 1080 3372 1120; x_wconf 91' lang='lat' dir='ltr'><strong>nunc</strong></span> <span class='ocrx_word' id='word_1_253' title='bbox 3397 1081 3591 1136; x_wconf 82' lang='lat' dir='ltr'><strong>opera-</strong></span> 
     </span>
    </p>
   </div>
   <div class='ocr_carea' id='block_1_37' title="bbox 1993 1159 3593 1236">
    <p class='ocr_par' dir='ltr' id='par_1_37' title="bbox 1993 1159 3593 1236">
     <span class='ocr_line' id='line_1_37' title="bbox 1993 1159 3593 1236; baseline -0.002 -20"><span class='ocrx_word' id='word_1_254' title='bbox 1993 1170 2100 1227; x_wconf 89' lang='lat' dir='ltr'><strong>tur,</strong></span> <span class='ocrx_word' id='word_1_255' title='bbox 2147 1171 2202 1216; x_wconf 90' lang='lat' dir='ltr'><strong>et</strong></span> <span class='ocrx_word' id='word_1_256' title='bbox 2233 1176 2335 1236; x_wconf 75' lang='lat' dir='ltr'><strong>ego</strong></span> <span class='ocrx_word' id='word_1_257' title='bbox 2365 1175 2563 1230; x_wconf 84' lang='lat' dir='ltr'><strong>operor</strong></span> <span class='ocrx_word' id='word_1_258' title='bbox 2585 1163 2627 1214; x_wconf 79' lang='lat'><strong>’.</strong></span> <span class='ocrx_word' id='word_1_259' title='bbox 2659 1179 2676 1212; x_wconf 80' lang='grc' dir='ltr'><strong>ι</strong></span> <span class='ocrx_word' id='word_1_260' title='bbox 2719 1160 2774 1216; x_wconf 88' lang='lat' dir='ltr'><strong>Si</strong></span> <span class='ocrx_word' id='word_1_261' title='bbox 2810 1174 2938 1230; x_wconf 78' lang='lat' dir='ltr'><strong>ergo</strong></span> <span class='ocrx_word' id='word_1_262' title='bbox 2965 1167 3222 1230; x_wconf 83' lang='lat' dir='ltr'><strong>operatur</strong></span> <span class='ocrx_word' id='word_1_263' title='bbox 3266 1159 3429 1213; x_wconf 87' lang='lat' dir='ltr'><strong>etiam</strong></span> <span class='ocrx_word' id='word_1_264' title='bbox 3469 1167 3593 1228; x_wconf 85' lang='lat' dir='ltr'><strong>post</strong></span> 
     </span>
    </p>
   </div>
   <div class='ocr_carea' id='block_1_38' title="bbox 1992 1250 3589 1322">
    <p class='ocr_par' dir='ltr' id='par_1_38' title="bbox 1992 1250 3589 1322">
     <span class='ocr_line' id='line_1_38' title="bbox 1992 1250 3589 1322; baseline -0.002 -14"><span class='ocrx_word' id='word_1_265' title='bbox 1992 1253 2207 1314; x_wconf 86' lang='lat' dir='ltr'><strong>Filium,</strong></span> <span class='ocrx_word' id='word_1_266' title='bbox 2243 1267 2684 1322; x_wconf 85' lang='lat' dir='ltr'><strong>supervacaneus</strong></span> <span class='ocrx_word' id='word_1_267' title='bbox 2721 1253 2887 1321; x_wconf 81' lang='lat' dir='ltr'><strong>igitur</strong></span> <span class='ocrx_word' id='word_1_268' title='bbox 2920 1250 3109 1315; x_wconf 85' lang='lat' dir='ltr'><strong>fuerit,</strong></span> <span class='ocrx_word' id='word_1_269' title='bbox 3143 1250 3442 1305; x_wconf 90' lang='lat' dir='ltr'><strong>secundum</strong></span> <span class='ocrx_word' id='word_1_270' title='bbox 3474 1263 3589 1312; x_wconf 79' lang='lat' dir='ltr'><strong>vos.</strong></span> 
     </span>
    </p>
   </div>
   <div class='ocr_carea' id='block_1_39' title="bbox 1990 1339 3590 1409">
    <p class='ocr_par' dir='ltr' id='par_1_39' title="bbox 1990 1339 3590 1409">
     <span class='ocr_line' id='line_1_39' title="bbox 1990 1339 3590 1409; baseline -0.004 -10"><span class='ocrx_word' id='word_1_271' title='bbox 1990 1344 2179 1401; x_wconf 84' lang='lat' dir='ltr'><strong>Filius.</strong></span> <span class='ocrx_word' id='word_1_272' title='bbox 2216 1344 2486 1400; x_wconf 66' lang='lat' dir='ltr'><strong>Caeterum</strong></span> <span class='ocrx_word' id='word_1_273' title='bbox 2519 1344 2621 1397; x_wconf 91' lang='lat' dir='ltr'><strong>hoc</strong></span> <span class='ocrx_word' id='word_1_274' title='bbox 2649 1352 2704 1398; x_wconf 91' lang='lat' dir='ltr'><strong>et</strong></span> <span class='ocrx_word' id='word_1_275' title='bbox 2748 1343 2897 1397; x_wconf 87' lang='lat' dir='ltr'><strong>dictu</strong></span> <span class='ocrx_word' id='word_1_276' title='bbox 2938 1353 2991 1396; x_wconf 94' lang='lat' dir='ltr'><strong>et</strong></span> <span class='ocrx_word' id='word_1_277' title='bbox 3030 1340 3268 1409; x_wconf 75' lang='lat' dir='ltr'><strong>cogitatu</strong></span> <span class='ocrx_word' id='word_1_278' title='bbox 3299 1339 3590 1394; x_wconf 88' lang='lat' dir='ltr'><strong>absurdum</strong></span> 
     </span>
    </p>
   </div>
   <div class='ocr_carea' id='block_1_40' title="bbox 1990 1434 3589 1508">
    <p class='ocr_par' dir='ltr' id='par_1_40' title="bbox 1990 1434 3589 1508">
     <span class='ocr_line' id='line_1_40' title="bbox 1990 1434 3589 1508; baseline -0.002 -17"><span class='ocrx_word' id='word_1_279' title='bbox 1990 1449 2094 1496; x_wconf 84' lang='lat' dir='ltr'><strong>est.</strong></span> <span class='ocrx_word' id='word_1_280' title='bbox 2124 1438 2240 1493; x_wconf 84' lang='lat' dir='ltr'><strong>Non</strong></span> <span class='ocrx_word' id='word_1_281' title='bbox 2272 1447 2354 1494; x_wconf 89' lang='lat' dir='ltr'><strong>est</strong></span> <span class='ocrx_word' id='word_1_282' title='bbox 2380 1451 2509 1508; x_wconf 77' lang='lat' dir='ltr'><strong>ergo</strong></span> <span class='ocrx_word' id='word_1_283' title='bbox 2541 1439 2761 1492; x_wconf 77' lang='lat' dir='ltr'><strong>creatus</strong></span> <span class='ocrx_word' id='word_1_284' title='bbox 2794 1436 2986 1501; x_wconf 87' lang='lat' dir='ltr'><strong>Filius,</strong></span> <span class='ocrx_word' id='word_1_285' title='bbox 3024 1447 3082 1490; x_wconf 88' lang='lat' dir='ltr'><strong>ut</strong></span> <span class='ocrx_word' id='word_1_286' title='bbox 3114 1436 3228 1504; x_wconf 86' lang='lat' dir='ltr'><strong>ipse</strong></span> <span class='ocrx_word' id='word_1_287' title='bbox 3255 1434 3589 1503; x_wconf 90' lang='lat' dir='ltr'><strong>reliquorum</strong></span> 
     </span>
    </p>
   </div>
   <div class='ocr_carea' id='block_1_41' title="bbox 1995 1524 3593 1604">
    <p class='ocr_par' dir='ltr' id='par_1_41' title="bbox 1995 1524 3593 1604">
     <span class='ocr_line' id='line_1_41' title="bbox 1995 1524 3593 1604; baseline -0.006 -18"><span class='ocrx_word' id='word_1_288' title='bbox 1995 1532 2153 1604; x_wconf 79' lang='lat'><strong>153</strong></span> <span class='ocrx_word' id='word_1_289' title='bbox 2178 1537 2394 1585; x_wconf 78' lang='lat' dir='ltr'><strong>creator</strong></span> <span class='ocrx_word' id='word_1_290' title='bbox 2419 1529 2575 1582; x_wconf 84' lang='lat' dir='ltr'><strong>ﬁeret</strong></span> <span class='ocrx_word' id='word_1_291' title='bbox 2605 1546 2618 1580; x_wconf 90' lang='lat'><strong>:</strong></span> <span class='ocrx_word' id='word_1_292' title='bbox 2646 1528 2738 1583; x_wconf 87' lang='lat' dir='ltr'><strong>sed</strong></span> <span class='ocrx_word' id='word_1_293' title='bbox 2765 1542 2830 1581; x_wconf 81' lang='lat' dir='ltr'><strong>ex</strong></span> <span class='ocrx_word' id='word_1_294' title='bbox 2862 1527 3120 1581; x_wconf 85' lang='lat' dir='ltr'><strong>ineﬂabili</strong></span> <span class='ocrx_word' id='word_1_295' title='bbox 3151 1525 3328 1581; x_wconf 81' lang='lat' dir='ltr'><strong>Patris</strong></span> <span class='ocrx_word' id='word_1_296' title='bbox 3356 1524 3593 1579; x_wconf 80' lang='lat' dir='ltr'><strong>essentia</strong></span> 
     </span>
    </p>
   </div>
   <div class='ocr_carea' id='block_1_42' title="bbox 1989 1617 3593 1691">
    <p class='ocr_par' dir='ltr' id='par_1_42' title="bbox 1989 1617 3593 1691">
     <span class='ocr_line' id='line_1_42' title="bbox 1989 1617 3593 1691; baseline -0.004 -15"><span class='ocrx_word' id='word_1_297' title='bbox 1989 1621 2310 1691; x_wconf 88' lang='lat' dir='ltr'><strong>procedens,</strong></span> <span class='ocrx_word' id='word_1_298' title='bbox 2347 1628 2405 1673; x_wconf 91' lang='lat' dir='ltr'><strong>ut</strong></span> <span class='ocrx_word' id='word_1_299' title='bbox 2456 1618 2650 1681; x_wconf 87' lang='lat' dir='ltr'><strong>Filius,</strong></span> <span class='ocrx_word' id='word_1_300' title='bbox 2703 1618 2885 1671; x_wconf 87' lang='lat' dir='ltr'><strong>omnia</strong></span> <span class='ocrx_word' id='word_1_301' title='bbox 2937 1633 3056 1687; x_wconf 71' lang='lat' dir='ltr'><strong>qua:</strong></span> <span class='ocrx_word' id='word_1_302' title='bbox 3099 1617 3279 1672; x_wconf 84' lang='lat' dir='ltr'><strong>Patris</strong></span> <span class='ocrx_word' id='word_1_303' title='bbox 3309 1627 3593 1671; x_wconf 79' lang='lat' dir='ltr'><strong>suntcum</strong></span> 
     </span>
    </p>
   </div>
   <div class='ocr_carea' id='block_1_43' title="bbox 1988 1708 3592 1782">
    <p class='ocr_par' dir='ltr' id='par_1_43' title="bbox 1988 1708 3592 1782">
     <span class='ocr_line' id='line_1_43' title="bbox 1988 1708 3592 1782; baseline -0.006 -14"><span class='ocrx_word' id='word_1_304' title='bbox 1988 1712 2150 1768; x_wconf 85' lang='lat' dir='ltr'><strong>Patre</strong></span> <span class='ocrx_word' id='word_1_305' title='bbox 2193 1719 2476 1782; x_wconf 81' lang='lat' dir='ltr'><strong>Operatur,</strong></span> <span class='ocrx_word' id='word_1_306' title='bbox 2526 1708 2850 1764; x_wconf 84' lang='lat' dir='ltr'><strong>naturaliter</strong></span> <span class='ocrx_word' id='word_1_307' title='bbox 2885 1709 2936 1763; x_wconf 89' lang='lat' dir='ltr'><strong>id</strong></span> <span class='ocrx_word' id='word_1_308' title='bbox 2981 1709 3252 1764; x_wconf 84' lang='lat' dir='ltr'><strong>exsistens</strong></span> <span class='ocrx_word' id='word_1_309' title='bbox 3301 1710 3444 1777; x_wconf 90' lang='lat' dir='ltr'><strong>quod</strong></span> <span class='ocrx_word' id='word_1_310' title='bbox 3486 1715 3592 1767; x_wconf 85' lang='lat' dir='ltr'><strong>est,</strong></span> 
     </span>
    </p>
   </div>
   <div class='ocr_carea' id='block_1_44' title="bbox 1990 1803 3126 1872">
    <p class='ocr_par' dir='ltr' id='par_1_44' title="bbox 1990 1803 3126 1872">
     <span class='ocr_line' id='line_1_44' title="bbox 1990 1803 3126 1872; baseline -0.004 -11"><span class='ocrx_word' id='word_1_311' title='bbox 1990 1805 2247 1861; x_wconf 89' lang='lat' dir='ltr'><strong>nimirum</strong></span> <span class='ocrx_word' id='word_1_312' title='bbox 2273 1803 2434 1867; x_wconf 86' lang='lat' dir='ltr'><strong>Deus,</strong></span> <span class='ocrx_word' id='word_1_313' title='bbox 2469 1818 2533 1858; x_wconf 88' lang='lat' dir='ltr'><strong>ac</strong></span> <span class='ocrx_word' id='word_1_314' title='bbox 2561 1810 2852 1872; x_wconf 86' lang='lat' dir='ltr'><strong>propterea</strong></span> <span class='ocrx_word' id='word_1_315' title='bbox 2888 1811 3126 1856; x_wconf 83' lang='lat' dir='ltr'><strong>creator.</strong></span> 
     </span>
    </p>
   </div>
   <div class='ocr_carea' id='block_1_45' title="bbox 2685 1999 2916 2057">
    <p class='ocr_par' dir='ltr' id='par_1_45' title="bbox 2685 1999 2916 2057">
     <span class='ocr_line' id='line_1_45' title="bbox 2685 1999 2916 2057; baseline -0.009 0"><span class='ocrx_word' id='word_1_316' title='bbox 2685 1999 2916 2057; x_wconf 86' lang='lat' dir='ltr'><strong>ALIUD.</strong></span> 
     </span>
    </p>
   </div>
   <div class='ocr_carea' id='block_1_46' title="bbox 2065 2119 3592 2187">
    <p class='ocr_par' dir='ltr' id='par_1_46' title="bbox 2065 2119 3592 2187">
     <span class='ocr_line' id='line_1_46' title="bbox 2065 2119 3592 2187; baseline -0.01 -10"><span class='ocrx_word' id='word_1_317' title='bbox 2065 2122 2124 2177; x_wconf 89' lang='lat' dir='ltr'><strong>Si</strong></span> <span class='ocrx_word' id='word_1_318' title='bbox 2156 2121 2417 2177; x_wconf 83' lang='lat' dir='ltr'><strong>voluntati</strong></span> <span class='ocrx_word' id='word_1_319' title='bbox 2452 2120 2683 2184; x_wconf 62' lang='lat' dir='ltr'><strong>divinae,</strong></span> <span class='ocrx_word' id='word_1_320' title='bbox 2720 2130 2778 2174; x_wconf 90' lang='lat' dir='ltr'><strong>ut</strong></span> <span class='ocrx_word' id='word_1_321' title='bbox 2821 2119 3103 2187; x_wconf 85' lang='lat' dir='ltr'><strong>Scriptura</strong></span> <span class='ocrx_word' id='word_1_322' title='bbox 3152 2129 3304 2168; x_wconf 84' lang='lat' dir='ltr'><strong>sacra</strong></span> <span class='ocrx_word' id='word_1_323' title='bbox 3340 2120 3592 2172; x_wconf 77' lang='lat' dir='ltr'><strong>testatur,</strong></span> 
     </span>
    </p>
   </div>
   <div class='ocr_carea' id='block_1_47' title="bbox 1996 2206 3593 2280">
    <p class='ocr_par' dir='ltr' id='par_1_47' title="bbox 1996 2206 3593 2280">
     <span class='ocr_line' id='line_1_47' title="bbox 1996 2206 3593 2280; baseline -0.007 -11"><span class='ocrx_word' id='word_1_324' title='bbox 1996 2229 2157 2270; x_wconf 88' lang='lat' dir='ltr'><strong>nemo</strong></span> <span class='ocrx_word' id='word_1_325' title='bbox 2186 2214 2410 2279; x_wconf 89' lang='lat' dir='ltr'><strong>restitit,</strong></span> <span class='ocrx_word' id='word_1_326' title='bbox 2470 2215 2565 2269; x_wconf 89' lang='lat' dir='ltr'><strong>sed</strong></span> <span class='ocrx_word' id='word_1_327' title='bbox 2600 2214 2705 2267; x_wconf 89' lang='lat' dir='ltr'><strong>hoe</strong></span> <span class='ocrx_word' id='word_1_328' title='bbox 2733 2223 2786 2268; x_wconf 92' lang='lat' dir='ltr'><strong>et</strong></span> <span class='ocrx_word' id='word_1_329' title='bbox 2817 2212 3036 2280; x_wconf 67' lang='lat' dir='ltr'><strong>quidem</strong></span> <span class='ocrx_word' id='word_1_330' title='bbox 3069 2209 3244 2262; x_wconf 86' lang='lat' dir='ltr'><strong>solum</strong></span> <span class='ocrx_word' id='word_1_331' title='bbox 3277 2206 3477 2263; x_wconf 82' lang='lat' dir='ltr'><strong>snmcit</strong></span> <span class='ocrx_word' id='word_1_332' title='bbox 3527 2206 3593 2258; x_wconf 87' lang='lat' dir='ltr'><strong>ad</strong></span> 
     </span>
    </p>
   </div>
   <div class='ocr_carea' id='block_1_48' title="bbox 1996 2302 3592 2369">
    <p class='ocr_par' dir='ltr' id='par_1_48' title="bbox 1996 2302 3592 2369">
     <span class='ocr_line' id='line_1_48' title="bbox 1996 2302 3592 2369; baseline -0.007 -10"><span class='ocrx_word' id='word_1_333' title='bbox 1996 2307 2378 2362; x_wconf 84' lang='lat' dir='ltr'><strong>universorum</strong></span> <span class='ocrx_word' id='word_1_334' title='bbox 2423 2306 2893 2364; x_wconf 87' lang='lat' dir='ltr'><strong>constitutionem,</strong></span> <span class='ocrx_word' id='word_1_335' title='bbox 2928 2303 3085 2357; x_wconf 89' lang='lat' dir='ltr'><strong>simul</strong></span> <span class='ocrx_word' id='word_1_336' title='bbox 3125 2302 3268 2354; x_wconf 89' lang='lat' dir='ltr'><strong>enim</strong></span> <span class='ocrx_word' id='word_1_337' title='bbox 3302 2310 3464 2369; x_wconf 83' lang='lat' dir='ltr'><strong>atque</strong></span> <span class='ocrx_word' id='word_1_338' title='bbox 3497 2314 3592 2349; x_wconf 85' lang='lat' dir='ltr'><strong>vn-</strong></span> 
     </span>
    </p>
   </div>
   <div class='ocr_carea' id='block_1_49' title="bbox 1999 2395 3593 2466">
    <p class='ocr_par' dir='ltr' id='par_1_49' title="bbox 1999 2395 3593 2466">
     <span class='ocr_line' id='line_1_49' title="bbox 1999 2395 3593 2466; baseline -0.004 -13"><span class='ocrx_word' id='word_1_339' title='bbox 1999 2400 2427 2464; x_wconf 73' lang='lat' dir='ltr'><strong>luit,&#39;conlestim</strong></span> <span class='ocrx_word' id='word_1_340' title='bbox 2465 2400 2604 2454; x_wconf 76' lang='lat' dir='ltr'><strong>facta</strong></span> <span class='ocrx_word' id='word_1_341' title='bbox 2639 2409 2786 2461; x_wconf 88' lang='lat' dir='ltr'><strong>sunt,</strong></span> <span class='ocrx_word' id='word_1_342' title='bbox 2830 2400 2981 2466; x_wconf 80' lang='lat' dir='ltr'><strong>juxta</strong></span> <span class='ocrx_word' id='word_1_343' title='bbox 3022 2395 3328 2450; x_wconf 67' lang='lat' dir='ltr'><strong>Psaltnistaa</strong></span> <span class='ocrx_word' id='word_1_344' title='bbox 3359 2409 3547 2447; x_wconf 82' lang='lat' dir='ltr'><strong>vocem</strong></span> <span class='ocrx_word' id='word_1_345' title='bbox 3581 2410 3593 2446; x_wconf 79' lang='grc' dir='ltr'><strong><em>τ</em></strong></span> 
     </span>
    </p>
   </div>
   <div class='ocr_carea' id='block_1_50' title="bbox 2002 2488 3598 2565">
    <p class='ocr_par' dir='ltr' id='par_1_50' title="bbox 2002 2488 3598 2565">
     <span class='ocr_line' id='line_1_50' title="bbox 2002 2488 3598 2565; baseline -0.005 -17"><span class='ocrx_word' id='word_1_346' title='bbox 2002 2516 2018 2548; x_wconf 82' lang='grc' dir='ltr'><strong>ι</strong></span> <span class='ocrx_word' id='word_1_347' title='bbox 2055 2495 2249 2550; x_wconf 85' lang='lat' dir='ltr'><strong>Omnia</strong></span> <span class='ocrx_word' id='word_1_348' title='bbox 2278 2509 2618 2565; x_wconf 70' lang='lat' dir='ltr'><strong>quaecunque</strong></span> <span class='ocrx_word' id='word_1_349' title='bbox 2636 2492 2825 2553; x_wconf 75' lang='lat' dir='ltr'><strong>voluit,</strong></span> <span class='ocrx_word' id='word_1_350' title='bbox 2855 2491 2979 2545; x_wconf 81' lang='lat' dir='ltr'><strong>fecit</strong></span> <span class='ocrx_word' id='word_1_351' title='bbox 3007 2491 3078 2554; x_wconf 72' lang='lat'><strong>‘°;</strong></span> <span class='ocrx_word' id='word_1_352' title='bbox 3111 2489 3270 2559; x_wconf 74' lang='lat' dir='ltr'><strong>IQUIS</strong></span> <span class='ocrx_word' id='word_1_353' title='bbox 3298 2488 3462 2556; x_wconf 78' lang='lat' dir='ltr'><strong>igitur</strong></span> <span class='ocrx_word' id='word_1_354' title='bbox 3478 2494 3598 2540; x_wconf 87' lang='lat' dir='ltr'><strong>erat</strong></span> 
     </span>
    </p>
   </div>
   <div class='ocr_carea' id='block_1_51' title="bbox 1997 2579 3598 2653">
    <p class='ocr_par' dir='ltr' id='par_1_51' title="bbox 1997 2579 3598 2653">
     <span class='ocr_line' id='line_1_51' title="bbox 1997 2579 3598 2653; baseline -0.009 -9"><span class='ocrx_word' id='word_1_355' title='bbox 1997 2605 2128 2645; x_wconf 88' lang='lat' dir='ltr'><strong>usus</strong></span> <span class='ocrx_word' id='word_1_356' title='bbox 2163 2587 2522 2642; x_wconf 85' lang='lat' dir='ltr'><strong>mediatoris?</strong></span> <span class='ocrx_word' id='word_1_357' title='bbox 2555 2585 2779 2640; x_wconf 87' lang='lat' dir='ltr'><strong>Frustra</strong></span> <span class='ocrx_word' id='word_1_358' title='bbox 2809 2601 2940 2653; x_wconf 78' lang='lat' dir='ltr'><strong>ergo</strong></span> <span class='ocrx_word' id='word_1_359' title='bbox 2974 2583 3148 2638; x_wconf 79' lang='lat' dir='ltr'><strong>factus</strong></span> <span class='ocrx_word' id='word_1_360' title='bbox 3176 2590 3259 2636; x_wconf 90' lang='lat' dir='ltr'><strong>est</strong></span> <span class='ocrx_word' id='word_1_361' title='bbox 3288 2579 3457 2633; x_wconf 88' lang='lat' dir='ltr'><strong>Filius</strong></span> <span class='ocrx_word' id='word_1_362' title='bbox 3491 2596 3505 2632; x_wconf 90' lang='lat'><strong>:</strong></span> <span class='ocrx_word' id='word_1_363' title='bbox 3542 2591 3598 2631; x_wconf 88' lang='lat' dir='ltr'><strong>at</strong></span> 
     </span>
    </p>
   </div>
   <div class='ocr_carea' id='block_1_52' title="bbox 1997 2669 3598 2743">
    <p class='ocr_par' dir='ltr' id='par_1_52' title="bbox 1997 2669 3598 2743">
     <span class='ocr_line' id='line_1_52' title="bbox 1997 2669 3598 2743; baseline -0.008 -9"><span class='ocrx_word' id='word_1_364' title='bbox 1997 2680 2100 2734; x_wconf 86' lang='lat' dir='ltr'><strong>hoc</strong></span> <span class='ocrx_word' id='word_1_365' title='bbox 2134 2677 2586 2732; x_wconf 87' lang='lat' dir='ltr'><strong>absurdissimum</strong></span> <span class='ocrx_word' id='word_1_366' title='bbox 2613 2675 2756 2729; x_wconf 90' lang='lat' dir='ltr'><strong>dictu</strong></span> <span class='ocrx_word' id='word_1_367' title='bbox 2784 2685 2889 2727; x_wconf 90' lang='lat' dir='ltr'><strong>est.</strong></span> <span class='ocrx_word' id='word_1_368' title='bbox 2927 2673 3045 2742; x_wconf 88' lang='lat' dir='ltr'><strong>Ipse</strong></span> <span class='ocrx_word' id='word_1_369' title='bbox 3077 2672 3242 2743; x_wconf 80' lang='lat' dir='ltr'><strong>igitur</strong></span> <span class='ocrx_word' id='word_1_370' title='bbox 3280 2681 3360 2725; x_wconf 88' lang='lat' dir='ltr'><strong>est</strong></span> <span class='ocrx_word' id='word_1_371' title='bbox 3392 2669 3598 2723; x_wconf 79' lang='lat' dir='ltr'><strong>inexsi-</strong></span> 
     </span>
    </p>
   </div>
   <div class='ocr_carea' id='block_1_53' title="bbox 1996 2751 3597 2831">
    <p class='ocr_par' dir='ltr' id='par_1_53' title="bbox 1996 2751 3597 2831">
     <span class='ocr_line' id='line_1_53' title="bbox 1996 2751 3597 2831; baseline -0.009 -7"><span class='ocrx_word' id='word_1_372' title='bbox 1996 2780 2146 2824; x_wconf 90' lang='lat' dir='ltr'><strong>stens</strong></span> <span class='ocrx_word' id='word_1_373' title='bbox 2177 2785 2238 2822; x_wconf 89' lang='lat' dir='ltr'><strong>ac</strong></span> <span class='ocrx_word' id='word_1_374' title='bbox 2279 2769 2403 2822; x_wconf 74' lang='lat' dir='ltr'><strong>viva</strong></span> <span class='ocrx_word' id='word_1_375' title='bbox 2453 2766 2633 2820; x_wconf 86' lang='lat' dir='ltr'><strong>Patris</strong></span> <span class='ocrx_word' id='word_1_376' title='bbox 2662 2751 3072 2830; x_wconf 34' lang='lat' dir='ltr'><strong>volnntas{pcr</strong></span> <span class='ocrx_word' id='word_1_377' title='bbox 3101 2777 3264 2831; x_wconf 82' lang='lat' dir='ltr'><strong>quam</strong></span> <span class='ocrx_word' id='word_1_378' title='bbox 3294 2759 3478 2815; x_wconf 84' lang='lat' dir='ltr'><strong>omnia</strong></span> <span class='ocrx_word' id='word_1_379' title='bbox 3529 2758 3597 2810; x_wconf 86' lang='lat' dir='ltr'><strong>ad</strong></span> 
     </span>
    </p>
   </div>
   <div class='ocr_carea' id='block_1_54' title="bbox 1997 2850 3601 2929">
    <p class='ocr_par' dir='ltr' id='par_1_54' title="bbox 1997 2850 3601 2929">
     <span class='ocr_line' id='line_1_54' title="bbox 1997 2850 3601 2929; baseline -0.011 -12"><span class='ocrx_word' id='word_1_380' title='bbox 1997 2878 2116 2917; x_wconf 90' lang='lat' dir='ltr'><strong>esse</strong></span> <span class='ocrx_word' id='word_1_381' title='bbox 2149 2860 2410 2917; x_wconf 86' lang='lat' dir='ltr'><strong>traducit.</strong></span> <span class='ocrx_word' id='word_1_382' title='bbox 2445 2858 2732 2925; x_wconf 86' lang='lat' dir='ltr'><strong>Quomodo</strong></span> <span class='ocrx_word' id='word_1_383' title='bbox 2766 2859 2948 2929; x_wconf 85' lang='lat' dir='ltr'><strong>itaque</strong></span> <span class='ocrx_word' id='word_1_384' title='bbox 2993 2856 3105 2909; x_wconf 76' lang='lat' dir='ltr'><strong>lucc</strong></span> <span class='ocrx_word' id='word_1_385' title='bbox 3135 2854 3250 2924; x_wconf 87' lang='lat' dir='ltr'><strong>ipsa</strong></span> <span class='ocrx_word' id='word_1_386' title='bbox 3300 2853 3440 2906; x_wconf 82' lang='lat' dir='ltr'><strong>facta</strong></span> <span class='ocrx_word' id='word_1_387' title='bbox 3474 2861 3554 2904; x_wconf 89' lang='lat' dir='ltr'><strong>est</strong></span> <span class='ocrx_word' id='word_1_388' title='bbox 3576 2850 3601 2900; x_wconf 86' lang='lat'><strong>?</strong></span> 
     </span>
    </p>
   </div>
   <div class='ocr_carea' id='block_1_55' title="bbox 1997 2941 3601 3023">
    <p class='ocr_par' dir='ltr' id='par_1_55' title="bbox 1997 2941 3601 3023">
     <span class='ocr_line' id='line_1_55' title="bbox 1997 2941 3601 3023; baseline -0.007 -17"><span class='ocrx_word' id='word_1_389' title='bbox 1997 2956 2104 3006; x_wconf 82' lang='lat' dir='ltr'><strong>Ant</strong></span> <span class='ocrx_word' id='word_1_390' title='bbox 2151 2953 2424 3023; x_wconf 82' lang='lat' dir='ltr'><strong>quomodo</strong></span> <span class='ocrx_word' id='word_1_391' title='bbox 2471 2955 2522 3005; x_wconf 91' lang='lat' dir='ltr'><strong>in</strong></span> <span class='ocrx_word' id='word_1_392' title='bbox 2570 2951 2888 3005; x_wconf 86' lang='lat' dir='ltr'><strong>universum</strong></span> <span class='ocrx_word' id='word_1_393' title='bbox 2941 2963 3046 3002; x_wconf 91' lang='lat' dir='ltr'><strong>non</strong></span> <span class='ocrx_word' id='word_1_394' title='bbox 3093 2954 3232 3008; x_wconf 84' lang='lat' dir='ltr'><strong>erat,</strong></span> <span class='ocrx_word' id='word_1_395' title='bbox 3280 2952 3336 2996; x_wconf 89' lang='lat' dir='ltr'><strong>nt</strong></span> <span class='ocrx_word' id='word_1_396' title='bbox 3381 2941 3468 2997; x_wconf 84' lang='lat' dir='ltr'><strong>isti</strong></span> <span class='ocrx_word' id='word_1_397' title='bbox 3503 2957 3601 2994; x_wconf 76' lang='lat' dir='ltr'><strong>vo-</strong></span> 
     </span>
    </p>
   </div>
   <div class='ocr_carea' id='block_1_56' title="bbox 1998 3046 2155 3100">
    <p class='ocr_par' dir='ltr' id='par_1_56' title="bbox 1998 3046 2155 3100">
     <span class='ocr_line' id='line_1_56' title="bbox 1998 3046 2155 3100; baseline 0.006 -1"><span class='ocrx_word' id='word_1_398' title='bbox 1998 3046 2155 3100; x_wconf 83' lang='lat' dir='ltr'><strong>Iunt?</strong></span> 
     </span>
    </p>
   </div>
   <div class='ocr_carea' id='block_1_57' title="bbox 2452 3156 3140 3224">
    <p class='ocr_par' dir='ltr' id='par_1_57' title="bbox 2452 3156 3140 3224">
     <span class='ocr_line' id='line_1_57' title="bbox 2452 3156 3140 3224; baseline -0.001 -14"><span class='ocrx_word' id='word_1_399' title='bbox 2452 3156 2688 3224; x_wconf 81' lang='lat' dir='ltr'><strong>ALIUD,</strong></span> <span class='ocrx_word' id='word_1_400' title='bbox 2721 3156 2876 3224; x_wconf 80' lang='lat' dir='ltr'><strong>idque</strong></span> <span class='ocrx_word' id='word_1_401' title='bbox 2903 3165 3140 3209; x_wconf 84' lang='lat' dir='ltr'><strong>acutum.</strong></span> 
     </span>
    </p>
   </div>
   <div class='ocr_carea' id='block_1_58' title="bbox 371 3265 1893 3358">
    <p class='ocr_par' dir='ltr' id='par_1_58' title="bbox 371 3277 1893 3352">
     <span class='ocr_line' id='line_1_58' title="bbox 371 3277 1893 3352; baseline -0.001 -16"><span class='ocrx_word' id='word_1_402' title='bbox 371 3284 435 3336; x_wconf 74' lang='lat' dir='ltr'><strong>Ei</strong></span> <span class='ocrx_word' id='word_1_403' title='bbox 482 3281 572 3335; x_wconf 79' lang='grc' dir='ltr'><strong>διὰ</strong></span> <span class='ocrx_word' id='word_1_404' title='bbox 620 3280 781 3333; x_wconf 78' lang='grc' dir='ltr'>τοῦτό</span> <span class='ocrx_word' id='word_1_405' title='bbox 831 3295 995 3348; x_wconf 75' lang='grc' dir='ltr'>φασιν</span> <span class='ocrx_word' id='word_1_406' title='bbox 1045 3278 1291 3332; x_wconf 76' lang='grc' dir='ltr'><strong>ἐκτίσθαι</strong></span> <span class='ocrx_word' id='word_1_407' title='bbox 1337 3277 1428 3331; x_wconf 87' lang='grc' dir='ltr'><strong>τὸν</strong></span> <span class='ocrx_word' id='word_1_408' title='bbox 1461 3277 1611 3342; x_wconf 84' lang='grc' dir='ltr'>Υἱὸν,</span> <span class='ocrx_word' id='word_1_409' title='bbox 1648 3280 1714 3333; x_wconf 82' lang='grc' dir='ltr'>ἵν’</span> <span class='ocrx_word' id='word_1_410' title='bbox 1745 3282 1893 3352; x_wconf 77' lang='grc' dir='ltr'>ἡμᾶς</span> 
     </span>
    </p>
   </div>
   <div class='ocr_carea' id='block_1_59' title="bbox 2006 3265 3604 3358">
    <p class='ocr_par' dir='ltr' id='par_1_59' title="bbox 2072 3265 3604 3342">
     <span class='ocr_line' id='line_1_59' title="bbox 2072 3265 3604 3342; baseline -0.002 -17"><span class='ocrx_word' id='word_1_411' title='bbox 2072 3272 2126 3325; x_wconf 87' lang='lat' dir='ltr'><strong>Si</strong></span> <span class='ocrx_word' id='word_1_412' title='bbox 2164 3280 2449 3342; x_wconf 86' lang='lat' dir='ltr'><strong>propterea</strong></span> <span class='ocrx_word' id='word_1_413' title='bbox 2489 3281 2730 3325; x_wconf 87' lang='lat' dir='ltr'><strong>creatum</strong></span> <span class='ocrx_word' id='word_1_414' title='bbox 2781 3284 2900 3324; x_wconf 86' lang='lat' dir='ltr'><strong>esse</strong></span> <span class='ocrx_word' id='word_1_415' title='bbox 2939 3268 3139 3322; x_wconf 78' lang='lat' dir='ltr'><strong>Filium</strong></span> <span class='ocrx_word' id='word_1_416' title='bbox 3176 3265 3382 3331; x_wconf 76' lang='lat' dir='ltr'><strong>dicunt,</strong></span> <span class='ocrx_word' id='word_1_417' title='bbox 3413 3275 3468 3320; x_wconf 89' lang='lat' dir='ltr'><strong>ut</strong></span> <span class='ocrx_word' id='word_1_418' title='bbox 3503 3282 3604 3322; x_wconf 83' lang='lat' dir='ltr'><strong>nos</strong></span> 
     </span>
    </p>
   </div>
   <div class='ocr_carea' id='block_1_60' title="bbox 297 3370 1898 3450">
    <p class='ocr_par' dir='ltr' id='par_1_60' title="bbox 297 3370 1898 3450">
     <span class='ocr_line' id='line_1_60' title="bbox 297 3370 1898 3450; baseline -0.002 -20"><span class='ocrx_word' id='word_1_419' title='bbox 297 3377 359 3445; x_wconf 78' lang='grc' dir='ltr'>δη</span> <span class='ocrx_word' id='word_1_420' title='bbox 371 3375 680 3446; x_wconf 78' lang='grc' dir='ltr'>μιουργήσῃ</span> <span class='ocrx_word' id='word_1_421' title='bbox 718 3372 851 3434; x_wconf 85' lang='grc' dir='ltr'>Θεὸς</span> <span class='ocrx_word' id='word_1_422' title='bbox 877 3371 944 3424; x_wconf 85' lang='grc' dir='ltr'><strong>δι’</strong></span> <span class='ocrx_word' id='word_1_423' title='bbox 973 3370 1476 3442; x_wconf 39' lang='grc' dir='ltr'>αὑτοῦηὸράτωσαν</span> <span class='ocrx_word' id='word_1_424' title='bbox 1509 3373 1588 3434; x_wconf 84' lang='grc' dir='ltr'><strong>είς</strong></span> <span class='ocrx_word' id='word_1_425' title='bbox 1615 3373 1898 3450; x_wconf 29' lang='grc' dir='ltr'>ὅσηνὶὰσέ-</span> 
     </span>
    </p>
   </div>
   <div class='ocr_carea' id='block_1_61' title="bbox 299 3461 1897 3536">
    <p class='ocr_par' dir='ltr' id='par_1_61' title="bbox 299 3461 1897 3536">
     <span class='ocr_line' id='line_1_61' title="bbox 299 3461 1897 3536; baseline -0.001 -18"><span class='ocrx_word' id='word_1_426' title='bbox 299 3465 456 3518; x_wconf 71' lang='grc' dir='ltr'>εειαν</span> <span class='ocrx_word' id='word_1_427' title='bbox 487 3464 674 3525; x_wconf 84' lang='grc' dir='ltr'>αὐτοῖς</span> <span class='ocrx_word' id='word_1_428' title='bbox 704 3464 732 3515; x_wconf 87' lang='lat'><strong>6</strong></span> <span class='ocrx_word' id='word_1_429' title='bbox 764 3461 920 3530; x_wconf 83' lang='grc' dir='ltr'>λόγος</span> <span class='ocrx_word' id='word_1_430' title='bbox 952 3461 1270 3532; x_wconf 73' lang='grc' dir='ltr'>ἐκϐήσεται.</span> <span class='ocrx_word' id='word_1_431' title='bbox 1306 3463 1557 3515; x_wconf 76' lang='grc' dir='ltr'>Φαίνεται</span> <span class='ocrx_word' id='word_1_432' title='bbox 1592 3464 1702 3536; x_wconf 79' lang='grc' dir='ltr'>γὰρ</span> <span class='ocrx_word' id='word_1_433' title='bbox 1735 3465 1897 3528; x_wconf 75' lang='grc' dir='ltr'>αὐτὸς</span> 
     </span>
    </p>
   </div>
   <div class='ocr_carea' id='block_1_62' title="bbox 299 3554 1898 3627">
    <p class='ocr_par' dir='ltr' id='par_1_62' title="bbox 299 3554 1898 3627">
     <span class='ocr_line' id='line_1_62' title="bbox 299 3554 1898 3627; baseline -0.001 -17"><span class='ocrx_word' id='word_1_434' title='bbox 299 3559 364 3610; x_wconf 79' lang='grc' dir='ltr'><strong>δι’</strong></span> <span class='ocrx_word' id='word_1_435' title='bbox 390 3560 543 3627; x_wconf 72' lang='grc' dir='ltr'>ἡμᾶς</span> <span class='ocrx_word' id='word_1_436' title='bbox 572 3554 837 3624; x_wconf 86' lang='grc' dir='ltr'>γεγονὼς,</span> <span class='ocrx_word' id='word_1_437' title='bbox 861 3554 960 3606; x_wconf 80' lang='grc' dir='ltr'><strong>καὶ</strong></span> <span class='ocrx_word' id='word_1_438' title='bbox 983 3555 1080 3623; x_wconf 78' lang='grc' dir='ltr'>οὐχ</span> <span class='ocrx_word' id='word_1_439' title='bbox 1113 3555 1275 3624; x_wconf 72' lang='grc' dir='ltr'>ἡμεῖς</span> <span class='ocrx_word' id='word_1_440' title='bbox 1307 3554 1374 3606; x_wconf 83' lang='grc' dir='ltr'><strong>δι’</strong></span> <span class='ocrx_word' id='word_1_441' title='bbox 1397 3555 1578 3608; x_wconf 80' lang='grc' dir='ltr'>αὐτόν.</span> <span class='ocrx_word' id='word_1_442' title='bbox 1607 3556 1714 3607; x_wconf 78' lang='grc' dir='ltr'>Καὶ</span> <span class='ocrx_word' id='word_1_443' title='bbox 1737 3557 1898 3625; x_wconf 73' lang='grc' dir='ltr'>ἡμεῖς</span> 
     </span>
    </p>
   </div>
   <div class='ocr_carea' id='block_1_63' title="bbox 303 3646 1899 3719">
    <p class='ocr_par' dir='ltr' id='par_1_63' title="bbox 303 3646 1899 3719">
     <span class='ocr_line' id='line_1_63' title="bbox 303 3646 1899 3719; baseline 0.001 -20"><span class='ocrx_word' id='word_1_444' title='bbox 303 3648 403 3719; x_wconf 81' lang='grc' dir='ltr'>μὲν</span> <span class='ocrx_word' id='word_1_445' title='bbox 448 3649 682 3717; x_wconf 81' lang='grc' dir='ltr'>ποίημα,</span> <span class='ocrx_word' id='word_1_446' title='bbox 735 3647 899 3710; x_wconf 77' lang='grc' dir='ltr'>αὐτὸς</span> <span class='ocrx_word' id='word_1_447' title='bbox 951 3646 1007 3698; x_wconf 84' lang='grc' dir='ltr'><strong>δὲ</strong></span> <span class='ocrx_word' id='word_1_448' title='bbox 1057 3648 1326 3716; x_wconf 84' lang='grc' dir='ltr'>ποιήσεως</span> <span class='ocrx_word' id='word_1_449' title='bbox 1381 3647 1631 3718; x_wconf 75' lang='grc' dir='ltr'>ὄργανον.</span> <span class='ocrx_word' id='word_1_450' title='bbox 1687 3649 1899 3701; x_wconf 77' lang='grc' dir='ltr'>Οὐκοῦν</span> 
     </span>
    </p>
   </div>
   <div class='ocr_carea' id='block_1_64' title="bbox 300 3737 1899 3812">
    <p class='ocr_par' dir='ltr' id='par_1_64' title="bbox 300 3737 1899 3812">
     <span class='ocr_line' id='line_1_64' title="bbox 300 3737 1899 3812; baseline -0.001 -18"><span class='ocrx_word' id='word_1_451' title='bbox 300 3741 641 3810; x_wconf 78' lang='grc' dir='ltr'>ὁμολογείτω</span> <span class='ocrx_word' id='word_1_452' title='bbox 691 3739 790 3810; x_wconf 85' lang='grc' dir='ltr'><strong>μὲν</strong></span> <span class='ocrx_word' id='word_1_453' title='bbox 841 3737 1006 3800; x_wconf 84' lang='grc' dir='ltr'>αὐτὸς</span> <span class='ocrx_word' id='word_1_454' title='bbox 1041 3740 1135 3793; x_wconf 66' lang='grc' dir='ltr'><strong>καὶ</strong></span> <span class='ocrx_word' id='word_1_455' title='bbox 1176 3739 1336 3808; x_wconf 78' lang='grc' dir='ltr'>χάριν</span> <span class='ocrx_word' id='word_1_456' title='bbox 1367 3741 1520 3810; x_wconf 76' lang='grc' dir='ltr'>ἡμῖν·</span> <span class='ocrx_word' id='word_1_457' title='bbox 1551 3740 1756 3811; x_wconf 82' lang='grc' dir='ltr'>ὑπέστη</span> <span class='ocrx_word' id='word_1_458' title='bbox 1790 3741 1899 3812; x_wconf 68' lang='grc' dir='ltr'><strong>γὰρ</strong></span> 
     </span>
    </p>
   </div>
   <div class='ocr_carea' id='block_1_65' title="bbox 300 3829 1897 3904">
    <p class='ocr_par' dir='ltr' id='par_1_65' title="bbox 300 3829 1897 3904">
     <span class='ocr_line' id='line_1_65' title="bbox 300 3829 1897 3904; baseline 0.001 -21"><span class='ocrx_word' id='word_1_459' title='bbox 300 3831 366 3883; x_wconf 79' lang='grc' dir='ltr'>δι’</span> <span class='ocrx_word' id='word_1_460' title='bbox 394 3831 772 3900; x_wconf 79' lang='grc' dir='ltr'>ήμᾶς.Ἕσται</span> <span class='ocrx_word' id='word_1_461' title='bbox 799 3830 856 3884; x_wconf 82' lang='grc' dir='ltr'>δὲ</span> <span class='ocrx_word' id='word_1_462' title='bbox 879 3829 1038 3901; x_wconf 75' lang='grc' dir='ltr'>ἡμῶν</span> <span class='ocrx_word' id='word_1_463' title='bbox 1072 3830 1168 3884; x_wconf 75' lang='grc' dir='ltr'><strong>καὶ</strong></span> <span class='ocrx_word' id='word_1_464' title='bbox 1194 3830 1339 3895; x_wconf 79' lang='grc' dir='ltr'>δόξα,</span> <span class='ocrx_word' id='word_1_465' title='bbox 1371 3829 1562 3903; x_wconf 76' lang='grc' dir='ltr'>ὥσπερ</span> <span class='ocrx_word' id='word_1_466' title='bbox 1583 3834 1676 3884; x_wconf 72' lang='grc' dir='ltr'><strong>καὶ</strong></span> <span class='ocrx_word' id='word_1_467' title='bbox 1703 3835 1733 3903; x_wconf 83' lang='grc' dir='ltr'>ἡ</span> <span class='ocrx_word' id='word_1_468' title='bbox 1761 3833 1897 3904; x_wconf 78' lang='grc' dir='ltr'>γυνὴ</span> 
     </span>
    </p>
   </div>
   <div class='ocr_carea' id='block_1_66' title="bbox 301 3923 1894 3994">
    <p class='ocr_par' dir='ltr' id='par_1_66' title="bbox 301 3923 1894 3994">
     <span class='ocr_line' id='line_1_66' title="bbox 301 3923 1894 3994; baseline -0.001 -17"><span class='ocrx_word' id='word_1_469' title='bbox 301 3923 396 3977; x_wconf 82' lang='lat'><strong>106</strong></span> <span class='ocrx_word' id='word_1_470' title='bbox 435 3923 651 3993; x_wconf 82' lang='grc' dir='ltr'>ἀνδρός·</span> <span class='ocrx_word' id='word_1_471' title='bbox 692 3943 710 3974; x_wconf 79' lang='grc' dir='ltr'><strong>ι</strong></span> <span class='ocrx_word' id='word_1_472' title='bbox 735 3923 798 3976; x_wconf 83' lang='grc' dir='ltr'><strong>Ἡ</strong></span> <span class='ocrx_word' id='word_1_473' title='bbox 824 3923 932 3993; x_wconf 83' lang='grc' dir='ltr'>γὰρ</span> <span class='ocrx_word' id='word_1_474' title='bbox 957 3923 1120 3993; x_wconf 78' lang='grc' dir='ltr'>γυνὴ,</span> <span class='ocrx_word' id='word_1_475' title='bbox 1153 3925 1305 3994; x_wconf 66' lang='grc' dir='ltr'>φησι,</span> <span class='ocrx_word' id='word_1_476' title='bbox 1330 3923 1454 3988; x_wconf 79' lang='grc' dir='ltr'>δόξα</span> <span class='ocrx_word' id='word_1_477' title='bbox 1483 3924 1677 3994; x_wconf 82' lang='grc' dir='ltr'>ἀνδρός</span> <span class='ocrx_word' id='word_1_478' title='bbox 1713 3927 1849 3977; x_wconf 78' lang='grc' dir='ltr'>ἐστι’</span> <span class='ocrx_word' id='word_1_479' title='bbox 1877 3944 1894 3976; x_wconf 77' lang='grc' dir='ltr'><strong>ι</strong></span> 
     </span>
    </p>
   </div>
   <div class='ocr_carea' id='block_1_67' title="bbox 302 4014 1897 4086">
    <p class='ocr_par' dir='ltr' id='par_1_67' title="bbox 302 4014 1897 4086">
     <span class='ocr_line' id='line_1_67' title="bbox 302 4014 1897 4086; baseline 0.001 -18"><span class='ocrx_word' id='word_1_480' title='bbox 302 4016 399 4068; x_wconf 73' lang='grc' dir='ltr'><strong>καὶ</strong></span> <span class='ocrx_word' id='word_1_481' title='bbox 433 4015 653 4082; x_wconf 79' lang='grc' dir='ltr'>γείτονα</span> <span class='ocrx_word' id='word_1_482' title='bbox 678 4014 861 4084; x_wconf 82' lang='grc' dir='ltr'>τίθησι</span> <span class='ocrx_word' id='word_1_483' title='bbox 893 4015 991 4085; x_wconf 78' lang='grc' dir='ltr'>τὴν</span> <span class='ocrx_word' id='word_1_484' title='bbox 1021 4015 1222 4080; x_wconf 78' lang='grc' dir='ltr'>αἰτίαν,</span> <span class='ocrx_word' id='word_1_485' title='bbox 1250 4015 1442 4084; x_wconf 79' lang='grc' dir='ltr'>λέγων’</span> <span class='ocrx_word' id='word_1_486' title='bbox 1475 4035 1493 4067; x_wconf 77' lang='grc' dir='ltr'>ι</span> <span class='ocrx_word' id='word_1_487' title='bbox 1524 4017 1597 4069; x_wconf 84' lang='grc' dir='ltr'><strong>Οὐ</strong></span> <span class='ocrx_word' id='word_1_488' title='bbox 1621 4017 1897 4086; x_wconf 82' lang='grc' dir='ltr'>γὰρὲκτί-</span> 
     </span>
    </p>
   </div>
   <div class='ocr_carea' id='block_1_68' title="bbox 304 4105 1899 4178">
    <p class='ocr_par' dir='ltr' id='par_1_68' title="bbox 304 4105 1899 4178">
     <span class='ocr_line' id='line_1_68' title="bbox 304 4105 1899 4178; baseline 0.001 -18"><span class='ocrx_word' id='word_1_489' title='bbox 304 4107 410 4176; x_wconf 78' lang='grc' dir='ltr'>σθη</span> <span class='ocrx_word' id='word_1_490' title='bbox 443 4107 586 4176; x_wconf 74' lang='grc' dir='ltr'>ἀνὴρ</span> <span class='ocrx_word' id='word_1_491' title='bbox 617 4105 706 4159; x_wconf 82' lang='grc' dir='ltr'><strong>διὰ</strong></span> <span class='ocrx_word' id='word_1_492' title='bbox 750 4105 850 4177; x_wconf 78' lang='grc' dir='ltr'><strong>τὴν</strong></span> <span class='ocrx_word' id='word_1_493' title='bbox 896 4110 1149 4175; x_wconf 82' lang='grc' dir='ltr'>γυναῖκα,</span> <span class='ocrx_word' id='word_1_494' title='bbox 1198 4107 1332 4162; x_wconf 75' lang='grc' dir='ltr'><strong>ἀλλὰ</strong></span> <span class='ocrx_word' id='word_1_495' title='bbox 1373 4109 1512 4178; x_wconf 66' lang='grc' dir='ltr'>γυνὴ</span> <span class='ocrx_word' id='word_1_496' title='bbox 1556 4109 1644 4162; x_wconf 85' lang='grc' dir='ltr'><strong>διὰ</strong></span> <span class='ocrx_word' id='word_1_497' title='bbox 1677 4111 1770 4162; x_wconf 89' lang='grc' dir='ltr'><strong>τὸν</strong></span> <span class='ocrx_word' id='word_1_498' title='bbox 1804 4111 1899 4164; x_wconf 79' lang='grc' dir='ltr'><strong>ἄν·</strong></span> 
     </span>
    </p>
   </div>
   <div class='ocr_carea' id='block_1_69' title="bbox 302 4197 1900 4270">
    <p class='ocr_par' dir='ltr' id='par_1_69' title="bbox 302 4197 1900 4270">
     <span class='ocr_line' id='line_1_69' title="bbox 302 4197 1900 4270; baseline 0.002 -20"><span class='ocrx_word' id='word_1_499' title='bbox 302 4198 428 4269; x_wconf 81' lang='grc' dir='ltr'>δρα.</span> <span class='ocrx_word' id='word_1_500' title='bbox 465 4217 482 4248; x_wconf 79' lang='grc' dir='ltr'><strong>ι</strong></span> <span class='ocrx_word' id='word_1_501' title='bbox 537 4199 598 4250; x_wconf 82' lang='grc' dir='ltr'><strong>Εἰ</strong></span> <span class='ocrx_word' id='word_1_502' title='bbox 646 4197 828 4250; x_wconf 79' lang='grc' dir='ltr'>τοίνυν</span> <span class='ocrx_word' id='word_1_503' title='bbox 879 4198 946 4251; x_wconf 85' lang='grc' dir='ltr'><strong>δι’</strong></span> <span class='ocrx_word' id='word_1_504' title='bbox 982 4198 1132 4268; x_wconf 75' lang='grc' dir='ltr'>ἡμᾶς</span> <span class='ocrx_word' id='word_1_505' title='bbox 1163 4198 1385 4267; x_wconf 84' lang='grc' dir='ltr'>γέγονεν</span> <span class='ocrx_word' id='word_1_506' title='bbox 1421 4202 1448 4253; x_wconf 90' lang='grc' dir='ltr'>ὁ</span> <span class='ocrx_word' id='word_1_507' title='bbox 1478 4200 1622 4265; x_wconf 74' lang='grc' dir='ltr'>Υἱὸς,</span> <span class='ocrx_word' id='word_1_508' title='bbox 1655 4202 1751 4255; x_wconf 74' lang='grc' dir='ltr'><strong>καὶ</strong></span> <span class='ocrx_word' id='word_1_509' title='bbox 1802 4202 1900 4270; x_wconf 78' lang='grc' dir='ltr'>οὐχ</span> 
     </span>
    </p>
   </div>
   <div class='ocr_carea' id='block_1_70' title="bbox 305 4289 1896 4364">
    <p class='ocr_par' dir='ltr' id='par_1_70' title="bbox 305 4289 1896 4364">
     <span class='ocr_line' id='line_1_70' title="bbox 305 4289 1896 4364; baseline 0.003 -23"><span class='ocrx_word' id='word_1_510' title='bbox 305 4292 468 4360; x_wconf 74' lang='grc' dir='ltr'>ἡμεῖς</span> <span class='ocrx_word' id='word_1_511' title='bbox 498 4289 565 4342; x_wconf 77' lang='grc' dir='ltr'><strong>δι’</strong></span> <span class='ocrx_word' id='word_1_512' title='bbox 604 4289 790 4353; x_wconf 76' lang='grc' dir='ltr'>αὑτὸν,</span> <span class='ocrx_word' id='word_1_513' title='bbox 819 4289 1059 4360; x_wconf 75' lang='grc' dir='ltr'>ἐσόμεθα</span> <span class='ocrx_word' id='word_1_514' title='bbox 1089 4291 1309 4355; x_wconf 83' lang='grc' dir='ltr'>πάντως</span> <span class='ocrx_word' id='word_1_515' title='bbox 1353 4291 1518 4344; x_wconf 75' lang='grc' dir='ltr'>αὑτοῦ</span> <span class='ocrx_word' id='word_1_516' title='bbox 1548 4292 1896 4364; x_wconf 83' lang='grc' dir='ltr'>τελειότεροι,</span> 
     </span>
    </p>
   </div>
   <div class='ocr_carea' id='block_1_71' title="bbox 304 4377 1900 4455">
    <p class='ocr_par' dir='ltr' id='par_1_71' title="bbox 304 4377 1900 4455">
     <span class='ocr_line' id='line_1_71' title="bbox 304 4377 1900 4455; baseline 0.003 -22"><span class='ocrx_word' id='word_1_517' title='bbox 304 4382 500 4453; x_wconf 78' lang='grc' dir='ltr'>ὥσπερ</span> <span class='ocrx_word' id='word_1_518' title='bbox 551 4377 645 4434; x_wconf 80' lang='lat' dir='ltr'>06v</span> <span class='ocrx_word' id='word_1_519' title='bbox 697 4381 792 4435; x_wconf 73' lang='grc' dir='ltr'><strong>καὶ</strong></span> <span class='ocrx_word' id='word_1_520' title='bbox 838 4381 1009 4452; x_wconf 77' lang='grc' dir='ltr'><strong>Ἀδὰμ</strong></span> <span class='ocrx_word' id='word_1_521' title='bbox 1041 4383 1141 4454; x_wconf 83' lang='grc' dir='ltr'>τῆς</span> <span class='ocrx_word' id='word_1_522' title='bbox 1180 4386 1439 4451; x_wconf 83' lang='grc' dir='ltr'>γυναικὸς</span> <span class='ocrx_word' id='word_1_523' title='bbox 1492 4384 1586 4455; x_wconf 77' lang='grc' dir='ltr'>τῆς</span> <span class='ocrx_word' id='word_1_524' title='bbox 1636 4385 1705 4437; x_wconf 86' lang='grc' dir='ltr'><strong>δι’</strong></span> <span class='ocrx_word' id='word_1_525' title='bbox 1739 4386 1900 4439; x_wconf 79' lang='grc' dir='ltr'>αὐτὸν</span> 
     </span>
    </p>
   </div>
   <div class='ocr_carea' id='block_1_72' title="bbox 305 4473 1900 4548">
    <p class='ocr_par' dir='ltr' id='par_1_72' title="bbox 305 4473 1900 4548">
     <span class='ocr_line' id='line_1_72' title="bbox 305 4473 1900 4548; baseline 0.003 -21"><span class='ocrx_word' id='word_1_526' title='bbox 305 4473 634 4544; x_wconf 76' lang='grc' dir='ltr'>γενομένης.</span> <span class='ocrx_word' id='word_1_527' title='bbox 652 4473 814 4525; x_wconf 80' lang='grc' dir='ltr'><strong>Ἀλλὰ</strong></span> <span class='ocrx_word' id='word_1_528' title='bbox 836 4473 994 4527; x_wconf 84' lang='grc' dir='ltr'>τοῦτο</span> <span class='ocrx_word' id='word_1_529' title='bbox 1014 4474 1217 4528; x_wconf 76' lang='grc' dir='ltr'>ἄτοπον</span> <span class='ocrx_word' id='word_1_530' title='bbox 1234 4493 1248 4507; x_wconf 89' lang='grc'><strong>·</strong></span> <span class='ocrx_word' id='word_1_531' title='bbox 1271 4476 1374 4529; x_wconf 85' lang='grc' dir='ltr'>οὐκ</span> <span class='ocrx_word' id='word_1_532' title='bbox 1392 4477 1500 4548; x_wconf 80' lang='grc' dir='ltr'>ἄρα</span> <span class='ocrx_word' id='word_1_533' title='bbox 1522 4476 1729 4548; x_wconf 87' lang='grc' dir='ltr'>κτίσμα</span> <span class='ocrx_word' id='word_1_534' title='bbox 1753 4478 1900 4532; x_wconf 78' lang='grc' dir='ltr'>ἐστὶν</span> 
     </span>
    </p>
   </div>
   <div class='ocr_carea' id='block_1_73' title="bbox 304 4564 1898 4638">
    <p class='ocr_par' dir='ltr' id='par_1_73' title="bbox 304 4564 1898 4638">
     <span class='ocr_line' id='line_1_73' title="bbox 304 4564 1898 4638; baseline 0.003 -19"><span class='ocrx_word' id='word_1_535' title='bbox 304 4568 334 4619; x_wconf 87' lang='lat'><strong>6</strong></span> <span class='ocrx_word' id='word_1_536' title='bbox 367 4566 518 4629; x_wconf 77' lang='grc' dir='ltr'>Υἱὸς,</span> <span class='ocrx_word' id='word_1_537' title='bbox 551 4564 674 4618; x_wconf 82' lang='grc' dir='ltr'>οὐδὲ</span> <span class='ocrx_word' id='word_1_538' title='bbox 710 4565 902 4634; x_wconf 80' lang='grc' dir='ltr'>γέγονε</span> <span class='ocrx_word' id='word_1_539' title='bbox 947 4565 1014 4619; x_wconf 88' lang='grc' dir='ltr'><strong>δι’</strong></span> <span class='ocrx_word' id='word_1_540' title='bbox 1051 4567 1234 4638; x_wconf 75' lang='grc' dir='ltr'>ἡμᾶς’</span> <span class='ocrx_word' id='word_1_541' title='bbox 1272 4567 1408 4622; x_wconf 79' lang='grc' dir='ltr'><strong>ἀλλὰ</strong></span> <span class='ocrx_word' id='word_1_542' title='bbox 1441 4570 1600 4638; x_wconf 84' lang='grc' dir='ltr'>φύσει</span> <span class='ocrx_word' id='word_1_543' title='bbox 1629 4569 1761 4635; x_wconf 86' lang='grc' dir='ltr'>Θεὸς</span> <span class='ocrx_word' id='word_1_544' title='bbox 1794 4572 1898 4624; x_wconf 79' lang='grc' dir='ltr'><strong>ὑπ-</strong></span> 
     </span>
    </p>
   </div>
   <div class='ocr_carea' id='block_1_74' title="bbox 2002 3359 3604 3432">
    <p class='ocr_par' dir='ltr' id='par_1_74' title="bbox 2002 3359 3604 3432">
     <span class='ocr_line' id='line_1_74' title="bbox 2002 3359 3604 3432; baseline -0.002 -16"><span class='ocrx_word' id='word_1_545' title='bbox 2002 3363 2145 3418; x_wconf 89' lang='lat' dir='ltr'><strong>Deus</strong></span> <span class='ocrx_word' id='word_1_546' title='bbox 2170 3378 2266 3432; x_wconf 74' lang='lat' dir='ltr'><strong>per</strong></span> <span class='ocrx_word' id='word_1_547' title='bbox 2294 3363 2467 3431; x_wconf 88' lang='lat' dir='ltr'><strong>ipsum</strong></span> <span class='ocrx_word' id='word_1_548' title='bbox 2503 3369 2738 3424; x_wconf 88' lang='lat' dir='ltr'><strong>crearet,</strong></span> <span class='ocrx_word' id='word_1_549' title='bbox 2775 3361 2997 3413; x_wconf 67' lang='lat' dir='ltr'><strong>videant</strong></span> <span class='ocrx_word' id='word_1_550' title='bbox 3027 3361 3080 3414; x_wconf 90' lang='lat' dir='ltr'><strong>in</strong></span> <span class='ocrx_word' id='word_1_551' title='bbox 3117 3369 3374 3429; x_wconf 89' lang='lat' dir='ltr'><strong>quantam</strong></span> <span class='ocrx_word' id='word_1_552' title='bbox 3411 3359 3604 3428; x_wconf 85' lang='lat' dir='ltr'><strong>impie-</strong></span> 
     </span>
    </p>
   </div>
   <div class='ocr_carea' id='block_1_75' title="bbox 2001 3449 3603 3522">
    <p class='ocr_par' dir='ltr' id='par_1_75' title="bbox 2001 3449 3603 3522">
     <span class='ocr_line' id='line_1_75' title="bbox 2001 3449 3603 3522; baseline -0.001 -14"><span class='ocrx_word' id='word_1_553' title='bbox 2001 3466 2164 3510; x_wconf 89' lang='lat' dir='ltr'><strong>tatem</strong></span> <span class='ocrx_word' id='word_1_554' title='bbox 2217 3454 2492 3507; x_wconf 84' lang='lat' dir='ltr'><strong>labantur.</strong></span> <span class='ocrx_word' id='word_1_555' title='bbox 2527 3450 2754 3508; x_wconf 72' lang='lat' dir='ltr'><strong>Videtur</strong></span> <span class='ocrx_word' id='word_1_556' title='bbox 2797 3451 2942 3506; x_wconf 89' lang='lat' dir='ltr'><strong>enim</strong></span> <span class='ocrx_word' id='word_1_557' title='bbox 2976 3453 3079 3508; x_wconf 91' lang='lat' dir='ltr'><strong>hoc</strong></span> <span class='ocrx_word' id='word_1_558' title='bbox 3123 3461 3285 3522; x_wconf 84' lang='lat' dir='ltr'><strong>pacto</strong></span> <span class='ocrx_word' id='word_1_559' title='bbox 3331 3449 3446 3519; x_wconf 85' lang='lat' dir='ltr'><strong>ipse</strong></span> <span class='ocrx_word' id='word_1_560' title='bbox 3478 3467 3603 3522; x_wconf 83' lang='lat' dir='ltr'><strong>pro-</strong></span> 
     </span>
    </p>
   </div>
   <div class='ocr_carea' id='block_1_76' title="bbox 2000 3544 3605 3618">
    <p class='ocr_par' dir='ltr' id='par_1_76' title="bbox 2000 3544 3605 3618">
     <span class='ocr_line' id='line_1_76' title="bbox 2000 3544 3605 3618; baseline -0.001 -17"><span class='ocrx_word' id='word_1_561' title='bbox 2000 3556 2121 3618; x_wconf 84' lang='lat' dir='ltr'><strong>pter</strong></span> <span class='ocrx_word' id='word_1_562' title='bbox 2147 3563 2265 3609; x_wconf 90' lang='lat' dir='ltr'><strong>nos,</strong></span> <span class='ocrx_word' id='word_1_563' title='bbox 2307 3561 2411 3600; x_wconf 91' lang='lat' dir='ltr'><strong>non</strong></span> <span class='ocrx_word' id='word_1_564' title='bbox 2446 3559 2576 3599; x_wconf 76' lang='lat' dir='ltr'><strong>vero</strong></span> <span class='ocrx_word' id='word_1_565' title='bbox 2605 3559 2703 3600; x_wconf 91' lang='lat' dir='ltr'><strong>nos</strong></span> <span class='ocrx_word' id='word_1_566' title='bbox 2734 3554 2958 3614; x_wconf 86' lang='lat' dir='ltr'><strong>propter</strong></span> <span class='ocrx_word' id='word_1_567' title='bbox 2995 3546 3172 3616; x_wconf 89' lang='lat' dir='ltr'><strong>ipsum</strong></span> <span class='ocrx_word' id='word_1_568' title='bbox 3206 3544 3334 3599; x_wconf 82' lang='lat' dir='ltr'><strong>facti</strong></span> <span class='ocrx_word' id='word_1_569' title='bbox 3365 3560 3506 3601; x_wconf 89' lang='lat' dir='ltr'><strong>esse.</strong></span> <span class='ocrx_word' id='word_1_570' title='bbox 3540 3546 3605 3599; x_wconf 83' lang='lat' dir='ltr'><strong>Et</strong></span> 
     </span>
    </p>
   </div>
   <div class='ocr_carea' id='block_1_77' title="bbox 2003 3637 3599 3707">
    <p class='ocr_par' dir='ltr' id='par_1_77' title="bbox 2003 3637 3599 3707">
     <span class='ocr_line' id='line_1_77' title="bbox 2003 3637 3599 3707; baseline 0.001 -14"><span class='ocrx_word' id='word_1_571' title='bbox 2003 3656 2100 3695; x_wconf 88' lang='lat' dir='ltr'><strong>nos</strong></span> <span class='ocrx_word' id='word_1_572' title='bbox 2143 3640 2360 3707; x_wconf 88' lang='lat' dir='ltr'><strong>quidem</strong></span> <span class='ocrx_word' id='word_1_573' title='bbox 2411 3653 2568 3704; x_wconf 89' lang='lat' dir='ltr'><strong>opus,</strong></span> <span class='ocrx_word' id='word_1_574' title='bbox 2604 3638 2719 3706; x_wconf 86' lang='lat' dir='ltr'><strong>ipse</strong></span> <span class='ocrx_word' id='word_1_575' title='bbox 2763 3651 2892 3690; x_wconf 79' lang='lat' dir='ltr'><strong>vero</strong></span> <span class='ocrx_word' id='word_1_576' title='bbox 2922 3637 3105 3706; x_wconf 90' lang='lat' dir='ltr'><strong>operis</strong></span> <span class='ocrx_word' id='word_1_577' title='bbox 3151 3638 3599 3694; x_wconf 86' lang='lat' dir='ltr'><strong>instrumentum.</strong></span> 
     </span>
    </p>
   </div>
   <div class='ocr_carea' id='block_1_78' title="bbox 2001 3726 3605 3796">
    <p class='ocr_par' dir='ltr' id='par_1_78' title="bbox 2001 3726 3605 3796">
     <span class='ocr_line' id='line_1_78' title="bbox 2001 3726 3605 3796; baseline 0.001 -13"><span class='ocrx_word' id='word_1_578' title='bbox 2001 3729 2114 3784; x_wconf 85' lang='lat' dir='ltr'><strong>lloc</strong></span> <span class='ocrx_word' id='word_1_579' title='bbox 2141 3731 2308 3795; x_wconf 75' lang='lat' dir='ltr'><strong>igitur</strong></span> <span class='ocrx_word' id='word_1_580' title='bbox 2331 3727 2487 3790; x_wconf 82' lang='lat' dir='ltr'><strong>nobis</strong></span> <span class='ocrx_word' id='word_1_581' title='bbox 2513 3733 2798 3795; x_wconf 88' lang='lat' dir='ltr'><strong>acceptum</strong></span> <span class='ocrx_word' id='word_1_582' title='bbox 2825 3726 2982 3788; x_wconf 84' lang='lat' dir='ltr'><strong>ferat,</strong></span> <span class='ocrx_word' id='word_1_583' title='bbox 3010 3727 3154 3796; x_wconf 90' lang='lat' dir='ltr'><strong>quod</strong></span> <span class='ocrx_word' id='word_1_584' title='bbox 3181 3727 3250 3781; x_wconf 90' lang='lat' dir='ltr'><strong>sit</strong></span> <span class='ocrx_word' id='word_1_585' title='bbox 3275 3728 3605 3784; x_wconf 84' lang='lat' dir='ltr'><strong>constitutus</strong></span> 
     </span>
    </p>
   </div>
   <div class='ocr_carea' id='block_1_79' title="bbox 2004 3818 3603 3892">
    <p class='ocr_par' dir='ltr' id='par_1_79' title="bbox 2004 3818 3603 3892">
     <span class='ocr_line' id='line_1_79' title="bbox 2004 3818 3603 3892; baseline 0.002 -20"><span class='ocrx_word' id='word_1_586' title='bbox 2004 3831 2229 3892; x_wconf 87' lang='lat' dir='ltr'><strong>propter</strong></span> <span class='ocrx_word' id='word_1_587' title='bbox 2265 3835 2383 3874; x_wconf 89' lang='lat' dir='ltr'><strong>nos.</strong></span> <span class='ocrx_word' id='word_1_588' title='bbox 2434 3818 2663 3887; x_wconf 88' lang='lat' dir='ltr'><strong>Eritqne</strong></span> <span class='ocrx_word' id='word_1_589' title='bbox 2710 3819 2826 3888; x_wconf 89' lang='lat' dir='ltr'><strong>ipse</strong></span> <span class='ocrx_word' id='word_1_590' title='bbox 2865 3819 3035 3888; x_wconf 80' lang='lat' dir='ltr'><strong>gloria</strong></span> <span class='ocrx_word' id='word_1_591' title='bbox 3080 3829 3290 3886; x_wconf 86' lang='lat' dir='ltr'><strong>nostra,</strong></span> <span class='ocrx_word' id='word_1_592' title='bbox 3337 3820 3603 3889; x_wconf 86' lang='lat' dir='ltr'><strong>quemad-</strong></span> 
     </span>
    </p>
   </div>
   <div class='ocr_carea' id='block_1_80' title="bbox 2004 3909 3604 3977">
    <p class='ocr_par' dir='ltr' id='par_1_80' title="bbox 2004 3909 3604 3977">
     <span class='ocr_line' id='line_1_80' title="bbox 2004 3909 3604 3977; baseline -0.001 -9"><span class='ocrx_word' id='word_1_593' title='bbox 2004 3915 2220 3968; x_wconf 89' lang='lat' dir='ltr'><strong>modum</strong></span> <span class='ocrx_word' id='word_1_594' title='bbox 2253 3913 2449 3967; x_wconf 88' lang='lat' dir='ltr'><strong>mulier</strong></span> <span class='ocrx_word' id='word_1_595' title='bbox 2476 3922 2558 3968; x_wconf 90' lang='lat' dir='ltr'><strong>est</strong></span> <span class='ocrx_word' id='word_1_596' title='bbox 2588 3913 2713 3966; x_wconf 81' lang='lat' dir='ltr'><strong>viri.</strong></span> <span class='ocrx_word' id='word_1_597' title='bbox 2747 3931 2764 3964; x_wconf 85' lang='grc' dir='ltr'><strong>ι</strong></span> <span class='ocrx_word' id='word_1_598' title='bbox 2797 3911 2990 3967; x_wconf 78' lang='lat' dir='ltr'><strong>Mulier</strong></span> <span class='ocrx_word' id='word_1_599' title='bbox 3021 3913 3191 3977; x_wconf 89' lang='lat' dir='ltr'><strong>enim,</strong></span> <span class='ocrx_word' id='word_1_600' title='bbox 3237 3921 3296 3967; x_wconf 90' lang='lat' dir='ltr'><strong>ut</strong></span> <span class='ocrx_word' id='word_1_601' title='bbox 3343 3913 3420 3967; x_wconf 85' lang='lat' dir='ltr'><strong>ait</strong></span> <span class='ocrx_word' id='word_1_602' title='bbox 3455 3909 3604 3969; x_wconf 87' lang='lat' dir='ltr'><strong>Scri-</strong></span> 
     </span>
    </p>
   </div>
   <div class='ocr_carea' id='block_1_81' title="bbox 2003 4003 3601 4076">
    <p class='ocr_par' dir='ltr' id='par_1_81' title="bbox 2003 4003 3601 4076">
     <span class='ocr_line' id='line_1_81' title="bbox 2003 4003 3601 4076; baseline 0.001 -19"><span class='ocrx_word' id='word_1_603' title='bbox 2003 4017 2181 4076; x_wconf 84' lang='lat' dir='ltr'><strong>ptura,</strong></span> <span class='ocrx_word' id='word_1_604' title='bbox 2215 4004 2383 4073; x_wconf 81' lang='lat' dir='ltr'><strong>gloria</strong></span> <span class='ocrx_word' id='word_1_605' title='bbox 2420 4003 2520 4056; x_wconf 85' lang='lat' dir='ltr'><strong>viri</strong></span> <span class='ocrx_word' id='word_1_606' title='bbox 2553 4011 2635 4057; x_wconf 76' lang='lat' dir='ltr'><strong>est</strong></span> <span class='ocrx_word' id='word_1_607' title='bbox 2664 4003 2730 4068; x_wconf 83' lang='lat'><strong>“,</strong></span> <span class='ocrx_word' id='word_1_608' title='bbox 2764 4019 2783 4054; x_wconf 82' lang='grc' dir='ltr'><strong>ι</strong></span> <span class='ocrx_word' id='word_1_609' title='bbox 2821 4016 3157 4071; x_wconf 77' lang='lat' dir='ltr'><strong>causamque</strong></span> <span class='ocrx_word' id='word_1_610' title='bbox 3198 4003 3348 4057; x_wconf 87' lang='lat' dir='ltr'><strong>addit</strong></span> <span class='ocrx_word' id='word_1_611' title='bbox 3375 4004 3601 4058; x_wconf 84' lang='lat' dir='ltr'><strong>dicens:</strong></span> 
     </span>
    </p>
   </div>
   <div class='ocr_carea' id='block_1_82' title="bbox 2009 4093 3604 4163">
    <p class='ocr_par' dir='ltr' id='par_1_82' title="bbox 2009 4093 3604 4163">
     <span class='ocr_line' id='line_1_82' title="bbox 2009 4093 3604 4163; baseline 0.003 -15"><span class='ocrx_word' id='word_1_612' title='bbox 2009 4116 2026 4148; x_wconf 81' lang='grc' dir='ltr'><strong>ι</strong></span> <span class='ocrx_word' id='word_1_613' title='bbox 2060 4097 2176 4151; x_wconf 88' lang='lat' dir='ltr'><strong>Non</strong></span> <span class='ocrx_word' id='word_1_614' title='bbox 2225 4097 2368 4150; x_wconf 88' lang='lat' dir='ltr'><strong>enim</strong></span> <span class='ocrx_word' id='word_1_615' title='bbox 2403 4095 2484 4148; x_wconf 79' lang='lat' dir='ltr'><strong>vir</strong></span> <span class='ocrx_word' id='word_1_616' title='bbox 2515 4102 2733 4150; x_wconf 87' lang='lat' dir='ltr'><strong>creatus</strong></span> <span class='ocrx_word' id='word_1_617' title='bbox 2765 4099 2849 4148; x_wconf 61' lang='grc' dir='ltr'>εει</span> <span class='ocrx_word' id='word_1_618' title='bbox 2895 4107 3119 4163; x_wconf 88' lang='lat' dir='ltr'><strong>propter</strong></span> <span class='ocrx_word' id='word_1_619' title='bbox 3154 4093 3459 4162; x_wconf 88' lang='lat' dir='ltr'><strong>mulierem,</strong></span> <span class='ocrx_word' id='word_1_620' title='bbox 3509 4102 3604 4154; x_wconf 91' lang='lat' dir='ltr'><strong>sed</strong></span> 
     </span>
    </p>
   </div>
   <div class='ocr_carea' id='block_1_83' title="bbox 2004 4185 3604 4258">
    <p class='ocr_par' dir='ltr' id='par_1_83' title="bbox 2004 4185 3604 4258">
     <span class='ocr_line' id='line_1_83' title="bbox 2004 4185 3604 4258; baseline -0.001 -15"><span class='ocrx_word' id='word_1_621' title='bbox 2004 4188 2198 4243; x_wconf 90' lang='lat' dir='ltr'><strong>mulier</strong></span> <span class='ocrx_word' id='word_1_622' title='bbox 2223 4197 2442 4256; x_wconf 89' lang='lat' dir='ltr'><strong>propter</strong></span> <span class='ocrx_word' id='word_1_623' title='bbox 2473 4189 2649 4241; x_wconf 84' lang='lat' dir='ltr'><strong>virum</strong></span> <span class='ocrx_word' id='word_1_624' title='bbox 2677 4188 2740 4240; x_wconf 78' lang='lat'><strong>“.</strong></span> <span class='ocrx_word' id='word_1_625' title='bbox 2769 4205 2788 4238; x_wconf 78' lang='grc' dir='ltr'><strong>ι</strong></span> <span class='ocrx_word' id='word_1_626' title='bbox 2829 4185 2883 4240; x_wconf 89' lang='lat' dir='ltr'><strong>Si</strong></span> <span class='ocrx_word' id='word_1_627' title='bbox 2917 4202 3047 4257; x_wconf 74' lang='lat' dir='ltr'><strong>ergo</strong></span> <span class='ocrx_word' id='word_1_628' title='bbox 3071 4197 3287 4258; x_wconf 88' lang='lat' dir='ltr'><strong>propter</strong></span> <span class='ocrx_word' id='word_1_629' title='bbox 3316 4203 3414 4242; x_wconf 89' lang='lat' dir='ltr'><strong>nos</strong></span> <span class='ocrx_word' id='word_1_630' title='bbox 3444 4204 3604 4244; x_wconf 76' lang='lat' dir='ltr'><strong>orca--</strong></span> 
     </span>
    </p>
   </div>
   <div class='ocr_carea' id='block_1_84' title="bbox 2004 4279 3607 4351">
    <p class='ocr_par' dir='ltr' id='par_1_84' title="bbox 2004 4279 3607 4351">
     <span class='ocr_line' id='line_1_84' title="bbox 2004 4279 3607 4351; baseline 0.003 -18"><span class='ocrx_word' id='word_1_631' title='bbox 2004 4291 2090 4334; x_wconf 91' lang='lat' dir='ltr'><strong>tus</strong></span> <span class='ocrx_word' id='word_1_632' title='bbox 2112 4291 2195 4349; x_wconf 79' lang='lat' dir='ltr'><strong>est</strong></span> <span class='ocrx_word' id='word_1_633' title='bbox 2215 4279 2406 4343; x_wconf 88' lang='lat' dir='ltr'><strong>Filius,</strong></span> <span class='ocrx_word' id='word_1_634' title='bbox 2434 4295 2539 4334; x_wconf 91' lang='lat' dir='ltr'><strong>non</strong></span> <span class='ocrx_word' id='word_1_635' title='bbox 2569 4289 2748 4334; x_wconf 87' lang='lat' dir='ltr'><strong>autem</strong></span> <span class='ocrx_word' id='word_1_636' title='bbox 2775 4294 2874 4334; x_wconf 91' lang='lat' dir='ltr'><strong>nos</strong></span> <span class='ocrx_word' id='word_1_637' title='bbox 2895 4289 3120 4348; x_wconf 87' lang='lat' dir='ltr'><strong>propter</strong></span> <span class='ocrx_word' id='word_1_638' title='bbox 3151 4280 3368 4351; x_wconf 62' lang='lat' dir='ltr'><strong>ipsum;</strong></span> <span class='ocrx_word' id='word_1_639' title='bbox 3399 4282 3607 4338; x_wconf 85' lang='lat' dir='ltr'><strong>erimus</strong></span> 
     </span>
    </p>
   </div>
   <div class='ocr_carea' id='block_1_85' title="bbox 2003 4370 3604 4440">
    <p class='ocr_par' dir='ltr' id='par_1_85' title="bbox 2003 4370 3604 4440">
     <span class='ocr_line' id='line_1_85' title="bbox 2003 4370 3604 4440; baseline 0.001 -16"><span class='ocrx_word' id='word_1_640' title='bbox 2003 4371 2246 4440; x_wconf 80' lang='lat' dir='ltr'><strong>profecto</strong></span> <span class='ocrx_word' id='word_1_641' title='bbox 2309 4386 2407 4425; x_wconf 92' lang='lat' dir='ltr'><strong>nos</strong></span> <span class='ocrx_word' id='word_1_642' title='bbox 2479 4370 2568 4423; x_wconf 88' lang='lat' dir='ltr'><strong>illo</strong></span> <span class='ocrx_word' id='word_1_643' title='bbox 2628 4371 3085 4438; x_wconf 68' lang='lat' dir='ltr'><strong>praestantiores,</strong></span> <span class='ocrx_word' id='word_1_644' title='bbox 3146 4372 3604 4438; x_wconf 84' lang='lat' dir='ltr'><strong>quemadmodum</strong></span> 
     </span>
    </p>
   </div>
   <div class='ocr_carea' id='block_1_86' title="bbox 2002 4460 3604 4532">
    <p class='ocr_par' dir='ltr' id='par_1_86' title="bbox 2002 4460 3604 4532">
     <span class='ocr_line' id='line_1_86' title="bbox 2002 4460 3604 4532; baseline -0.001 -16"><span class='ocrx_word' id='word_1_645' title='bbox 2002 4464 2173 4517; x_wconf 83' lang='lat' dir='ltr'><strong>Adam</strong></span> <span class='ocrx_word' id='word_1_646' title='bbox 2207 4463 2433 4516; x_wconf 87' lang='lat' dir='ltr'><strong>muliere</strong></span> <span class='ocrx_word' id='word_1_647' title='bbox 2464 4471 2686 4532; x_wconf 88' lang='lat' dir='ltr'><strong>propter</strong></span> <span class='ocrx_word' id='word_1_648' title='bbox 2712 4463 2887 4532; x_wconf 88' lang='lat' dir='ltr'><strong>ipsum</strong></span> <span class='ocrx_word' id='word_1_649' title='bbox 2928 4461 3088 4516; x_wconf 79' lang='lat' dir='ltr'><strong>facta.</strong></span> <span class='ocrx_word' id='word_1_650' title='bbox 3125 4460 3232 4516; x_wconf 89' lang='lat' dir='ltr'><strong>Sed</strong></span> <span class='ocrx_word' id='word_1_651' title='bbox 3266 4461 3367 4516; x_wconf 85' lang='lat' dir='ltr'><strong>hoc</strong></span> <span class='ocrx_word' id='word_1_652' title='bbox 3409 4461 3604 4516; x_wconf 82' lang='lat' dir='ltr'><strong>absur-</strong></span> 
     </span>
    </p>
   </div>
   <div class='ocr_carea' id='block_1_87' title="bbox 2003 4553 3603 4624">
    <p class='ocr_par' dir='ltr' id='par_1_87' title="bbox 2003 4553 3603 4624">
     <span class='ocr_line' id='line_1_87' title="bbox 2003 4553 3603 4624; baseline 0.002 -17"><span class='ocrx_word' id='word_1_653' title='bbox 2003 4557 2131 4608; x_wconf 89' lang='lat' dir='ltr'><strong>dum</strong></span> <span class='ocrx_word' id='word_1_654' title='bbox 2160 4565 2264 4609; x_wconf 92' lang='lat' dir='ltr'><strong>est.</strong></span> <span class='ocrx_word' id='word_1_655' title='bbox 2295 4553 2462 4609; x_wconf 77' lang='lat' dir='ltr'><strong>Filius</strong></span> <span class='ocrx_word' id='word_1_656' title='bbox 2498 4555 2678 4623; x_wconf 88' lang='lat' dir='ltr'><strong>itaque</strong></span> <span class='ocrx_word' id='word_1_657' title='bbox 2703 4565 2958 4608; x_wconf 87' lang='lat' dir='ltr'><strong>creatura</strong></span> <span class='ocrx_word' id='word_1_658' title='bbox 2987 4568 3091 4606; x_wconf 87' lang='lat' dir='ltr'><strong>non</strong></span> <span class='ocrx_word' id='word_1_659' title='bbox 3125 4561 3227 4618; x_wconf 92' lang='lat' dir='ltr'><strong>est,</strong></span> <span class='ocrx_word' id='word_1_660' title='bbox 3263 4568 3439 4624; x_wconf 90' lang='lat' dir='ltr'><strong>neque</strong></span> <span class='ocrx_word' id='word_1_661' title='bbox 3475 4570 3603 4622; x_wconf 88' lang='lat' dir='ltr'><strong>pro-</strong></span> 
     </span>
    </p>
   </div>
   <div class='ocr_carea' id='block_1_88' title="bbox 307 4645 1893 4733">
    <p class='ocr_par' dir='ltr' id='par_1_88' title="bbox 307 4656 1893 4733">
     <span class='ocr_line' id='line_1_88' title="bbox 307 4656 1893 4733; baseline 0.003 -21"><span class='ocrx_word' id='word_1_662' title='bbox 307 4659 516 4730; x_wconf 82' lang='grc' dir='ltr'>ἀρχων,</span> <span class='ocrx_word' id='word_1_663' title='bbox 553 4657 631 4720; x_wconf 83' lang='grc' dir='ltr'>ὡς</span> <span class='ocrx_word' id='word_1_664' title='bbox 662 4657 690 4708; x_wconf 88' lang='lat'><strong>6</strong></span> <span class='ocrx_word' id='word_1_665' title='bbox 721 4656 932 4729; x_wconf 81' lang='grc' dir='ltr'>Πατὴρ,</span> <span class='ocrx_word' id='word_1_666' title='bbox 962 4660 1029 4730; x_wconf 81' lang='grc' dir='ltr'>τῇ</span> <span class='ocrx_word' id='word_1_667' title='bbox 1063 4659 1242 4730; x_wconf 77' lang='grc' dir='ltr'>οἰκείᾳ</span> <span class='ocrx_word' id='word_1_668' title='bbox 1264 4658 1490 4730; x_wconf 82' lang='grc' dir='ltr'>δυνάμει</span> <span class='ocrx_word' id='word_1_669' title='bbox 1525 4660 1619 4715; x_wconf 77' lang='grc' dir='ltr'>καὶ</span> <span class='ocrx_word' id='word_1_670' title='bbox 1645 4663 1794 4733; x_wconf 80' lang='grc' dir='ltr'>ἡμᾶς</span> <span class='ocrx_word' id='word_1_671' title='bbox 1822 4663 1893 4727; x_wconf 76' lang='grc' dir='ltr'><strong>εἰς</strong></span> 
     </span>
    </p>
   </div>
   <div class='ocr_carea' id='block_1_89' title="bbox 2006 4645 3600 4733">
    <p class='ocr_par' dir='ltr' id='par_1_89' title="bbox 2006 4645 3600 4716">
     <span class='ocr_line' id='line_1_89' title="bbox 2006 4645 3600 4716; baseline -0.001 -17"><span class='ocrx_word' id='word_1_672' title='bbox 2006 4656 2125 4716; x_wconf 88' lang='lat' dir='ltr'><strong>pter</strong></span> <span class='ocrx_word' id='word_1_673' title='bbox 2158 4661 2257 4701; x_wconf 90' lang='lat' dir='ltr'><strong>nos</strong></span> <span class='ocrx_word' id='word_1_674' title='bbox 2293 4647 2466 4702; x_wconf 82' lang='lat' dir='ltr'><strong>factus</strong></span> <span class='ocrx_word' id='word_1_675' title='bbox 2507 4654 2588 4700; x_wconf 89' lang='lat' dir='ltr'><strong>est</strong></span> <span class='ocrx_word' id='word_1_676' title='bbox 2634 4664 2647 4701; x_wconf 90' lang='lat'><strong>:</strong></span> <span class='ocrx_word' id='word_1_677' title='bbox 2691 4647 2784 4700; x_wconf 90' lang='lat' dir='ltr'><strong>sed</strong></span> <span class='ocrx_word' id='word_1_678' title='bbox 2831 4661 2954 4699; x_wconf 91' lang='lat' dir='ltr'><strong>cum</strong></span> <span class='ocrx_word' id='word_1_679' title='bbox 2987 4645 3056 4700; x_wconf 89' lang='lat' dir='ltr'><strong>sit</strong></span> <span class='ocrx_word' id='word_1_680' title='bbox 3088 4646 3413 4700; x_wconf 87' lang='lat' dir='ltr'><strong>naturaliter</strong></span> <span class='ocrx_word' id='word_1_681' title='bbox 3442 4646 3600 4713; x_wconf 84' lang='lat' dir='ltr'><strong>Deus,</strong></span> 
     </span>
    </p>
   </div>
   <div class='ocr_carea' id='block_1_90' title="bbox 305 4746 931 4819">
    <p class='ocr_par' dir='ltr' id='par_1_90' title="bbox 305 4746 931 4819">
     <span class='ocr_line' id='line_1_90' title="bbox 305 4746 931 4819; baseline -0.005 -16"><span class='ocrx_word' id='word_1_682' title='bbox 305 4751 368 4803; x_wconf 83' lang='lat'><strong>16</strong></span> <span class='ocrx_word' id='word_1_683' title='bbox 409 4746 548 4803; x_wconf 78' lang='grc' dir='ltr'>εἶναι</span> <span class='ocrx_word' id='word_1_684' title='bbox 581 4748 931 4819; x_wconf 78' lang='grc' dir='ltr'>παρήγαγεν.</span> 
     </span>
    </p>
   </div>
   <div class='ocr_carea' id='block_1_91' title="bbox 812 4948 1401 5020">
    <p class='ocr_par' dir='ltr' id='par_1_91' title="bbox 812 4948 1401 5020">
     <span class='ocr_line' id='line_1_91' title="bbox 812 4948 1401 5020; baseline 0.007 -19"><span class='ocrx_word' id='word_1_685' title='bbox 812 4948 1024 5014; x_wconf 76' lang='grc' dir='ltr'><strong>ΑΛΔΟ,</strong></span> <span class='ocrx_word' id='word_1_686' title='bbox 1064 4952 1165 5004; x_wconf 83' lang='grc' dir='ltr'>και</span> <span class='ocrx_word' id='word_1_687' title='bbox 1204 4949 1401 5020; x_wconf 79' lang='grc' dir='ltr'>δριμύ.</span> 
     </span>
    </p>
   </div>
   <div class='ocr_carea' id='block_1_92' title="bbox 384 5059 1899 5133">
    <p class='ocr_par' dir='ltr' id='par_1_92' title="bbox 384 5059 1899 5133">
     <span class='ocr_line' id='line_1_92' title="bbox 384 5059 1899 5133; baseline 0.004 -20"><span class='ocrx_word' id='word_1_688' title='bbox 384 5061 448 5114; x_wconf 84' lang='lat' dir='ltr'><strong>El</strong></span> <span class='ocrx_word' id='word_1_689' title='bbox 470 5061 697 5129; x_wconf 81' lang='grc' dir='ltr'>γέγονεν</span> <span class='ocrx_word' id='word_1_690' title='bbox 718 5059 746 5111; x_wconf 88' lang='lat'><strong>6</strong></span> <span class='ocrx_word' id='word_1_691' title='bbox 773 5059 902 5124; x_wconf 81' lang='grc' dir='ltr'>Υἱὸς</span> <span class='ocrx_word' id='word_1_692' title='bbox 919 5061 986 5114; x_wconf 82' lang='grc' dir='ltr'><strong>δι’</strong></span> <span class='ocrx_word' id='word_1_693' title='bbox 1009 5063 1176 5132; x_wconf 76' lang='grc' dir='ltr'>ἡμᾶς,</span> <span class='ocrx_word' id='word_1_694' title='bbox 1208 5062 1462 5133; x_wconf 84' lang='grc' dir='ltr'>καθάπερ</span> <span class='ocrx_word' id='word_1_695' title='bbox 1490 5063 1688 5116; x_wconf 80' lang='grc' dir='ltr'>ἐκεῖνοί</span> <span class='ocrx_word' id='word_1_696' title='bbox 1712 5082 1899 5133; x_wconf 86' lang='grc' dir='ltr'>φασιν,</span> 
     </span>
    </p>
   </div>
   <div class='ocr_carea' id='block_1_93' title="bbox 310 5151 1901 5228">
    <p class='ocr_par' dir='ltr' id='par_1_93' title="bbox 310 5151 1901 5228">
     <span class='ocr_line' id='line_1_93' title="bbox 310 5151 1901 5228; baseline 0.003 -22"><span class='ocrx_word' id='word_1_697' title='bbox 310 5153 415 5207; x_wconf 79' lang='grc' dir='ltr'><strong>οὐκ</strong></span> <span class='ocrx_word' id='word_1_698' title='bbox 464 5153 613 5206; x_wconf 76' lang='grc' dir='ltr'>ἔστιν</span> <span class='ocrx_word' id='word_1_699' title='bbox 661 5151 784 5205; x_wconf 78' lang='grc' dir='ltr'>οὐδὲ</span> <span class='ocrx_word' id='word_1_700' title='bbox 834 5152 1053 5223; x_wconf 82' lang='grc' dir='ltr'>πρῶτος</span> <span class='ocrx_word' id='word_1_701' title='bbox 1100 5153 1256 5224; x_wconf 84' lang='grc' dir='ltr'>ὴμῶν</span> <span class='ocrx_word' id='word_1_702' title='bbox 1306 5155 1458 5226; x_wconf 81' lang='grc' dir='ltr'>παρὰ</span> <span class='ocrx_word' id='word_1_703' title='bbox 1509 5155 1661 5225; x_wconf 74' lang='grc' dir='ltr'>Θεῷο</span> <span class='ocrx_word' id='word_1_704' title='bbox 1702 5158 1763 5210; x_wconf 84' lang='grc' dir='ltr'><strong>οὐ</strong></span> <span class='ocrx_word' id='word_1_705' title='bbox 1792 5157 1901 5228; x_wconf 84' lang='grc' dir='ltr'>γὰρ</span> 
     </span>
    </p>
   </div>
   <div class='ocr_carea' id='block_1_94' title="bbox 312 5242 1906 5318">
    <p class='ocr_par' dir='ltr' id='par_1_94' title="bbox 312 5242 1906 5318">
     <span class='ocr_line' id='line_1_94' title="bbox 312 5242 1906 5318; baseline 0.004 -22"><span class='ocrx_word' id='word_1_706' title='bbox 312 5244 522 5296; x_wconf 64' lang='grc' dir='ltr'>ἐκεῖνον</span> <span class='ocrx_word' id='word_1_707' title='bbox 567 5242 708 5312; x_wconf 73' lang='grc' dir='ltr'>ἔχων</span> <span class='ocrx_word' id='word_1_708' title='bbox 747 5245 826 5306; x_wconf 81' lang='grc' dir='ltr'><strong>είς</strong></span> <span class='ocrx_word' id='word_1_709' title='bbox 857 5243 1003 5306; x_wconf 84' lang='grc' dir='ltr'>νοῦν,</span> <span class='ocrx_word' id='word_1_710' title='bbox 1039 5246 1186 5316; x_wconf 75' lang='grc' dir='ltr'>ἡμᾶς</span> <span class='ocrx_word' id='word_1_711' title='bbox 1221 5244 1446 5317; x_wconf 79' lang='grc' dir='ltr'>ὕστερον</span> <span class='ocrx_word' id='word_1_712' title='bbox 1499 5248 1789 5318; x_wconf 74' lang='grc' dir='ltr'>ἐργάζεται</span> <span class='ocrx_word' id='word_1_713' title='bbox 1826 5250 1906 5303; x_wconf 85' lang='grc' dir='ltr'><strong>δι’</strong></span> 
     </span>
    </p>
   </div>
   <div class='ocr_carea' id='block_1_95' title="bbox 312 5334 1902 5412">
    <p class='ocr_par' dir='ltr' id='par_1_95' title="bbox 312 5334 1902 5412">
     <span class='ocr_line' id='line_1_95' title="bbox 312 5334 1902 5412; baseline 0.006 -25"><span class='ocrx_word' id='word_1_714' title='bbox 312 5335 502 5396; x_wconf 72' lang='grc' dir='ltr'>αὑτὸν,</span> <span class='ocrx_word' id='word_1_715' title='bbox 537 5334 676 5388; x_wconf 82' lang='grc' dir='ltr'><strong>ἀλλά</strong></span> <span class='ocrx_word' id='word_1_716' title='bbox 716 5335 786 5387; x_wconf 70' lang='grc' dir='ltr'>τὰ</span> <span class='ocrx_word' id='word_1_717' title='bbox 834 5339 964 5407; x_wconf 74' lang='grc' dir='ltr'>περὶ</span> <span class='ocrx_word' id='word_1_718' title='bbox 993 5338 1150 5407; x_wconf 81' lang='grc' dir='ltr'>ήμῶν</span> <span class='ocrx_word' id='word_1_719' title='bbox 1181 5339 1462 5409; x_wconf 72' lang='grc' dir='ltr'>ἐννοήσας,</span> <span class='ocrx_word' id='word_1_720' title='bbox 1496 5341 1701 5394; x_wconf 83' lang='grc' dir='ltr'>ἐκεῖνον</span> <span class='ocrx_word' id='word_1_721' title='bbox 1733 5343 1902 5412; x_wconf 79' lang='grc' dir='ltr'>ἐργά-</span> 
     </span>
    </p>
   </div>
   <div class='ocr_carea' id='block_1_96' title="bbox 314 5425 763 5496">
    <p class='ocr_par' dir='ltr' id='par_1_96' title="bbox 314 5425 763 5496">
     <span class='ocr_line' id='line_1_96' title="bbox 314 5425 763 5496; baseline 0.007 -20"><span class='ocrx_word' id='word_1_722' title='bbox 314 5425 469 5488; x_wconf 77' lang='grc' dir='ltr'>ζεται</span> <span class='ocrx_word' id='word_1_723' title='bbox 499 5426 566 5478; x_wconf 78' lang='grc' dir='ltr'><strong>δι’</strong></span> <span class='ocrx_word' id='word_1_724' title='bbox 593 5427 763 5496; x_wconf 79' lang='grc' dir='ltr'>ἡμᾶς.</span> 
     </span>
    </p>
   </div>
   <div class='ocr_carea' id='block_1_97' title="bbox 1008 5541 1217 5598">
    <p class='ocr_par' dir='ltr' id='par_1_97' title="bbox 1008 5541 1217 5598">
     <span class='ocr_line' id='line_1_97' title="bbox 1008 5541 1217 5598; baseline 0.019 -4"><span class='ocrx_word' id='word_1_725' title='bbox 1008 5541 1217 5598; x_wconf 78' lang='grc' dir='ltr'><strong>ΑΛΛΟ.</strong></span> 
     </span>
    </p>
   </div>
   <div class='ocr_carea' id='block_1_98' title="bbox 392 5649 1906 5731">
    <p class='ocr_par' dir='ltr' id='par_1_98' title="bbox 392 5649 1906 5731">
     <span class='ocr_line' id='line_1_98' title="bbox 392 5649 1906 5731; baseline 0.01 -28"><span class='ocrx_word' id='word_1_726' title='bbox 392 5649 455 5704; x_wconf 76' lang='grc' dir='ltr'><strong>ΕΞ</strong></span> <span class='ocrx_word' id='word_1_727' title='bbox 505 5651 569 5704; x_wconf 82' lang='grc' dir='ltr'><strong>δι’</strong></span> <span class='ocrx_word' id='word_1_728' title='bbox 601 5654 753 5723; x_wconf 79' lang='grc' dir='ltr'>ἡμᾶς</span> <span class='ocrx_word' id='word_1_729' title='bbox 803 5653 985 5708; x_wconf 75' lang='grc' dir='ltr'>ἔκτισε</span> <span class='ocrx_word' id='word_1_730' title='bbox 1022 5655 1115 5710; x_wconf 83' lang='grc' dir='ltr'><strong>τὸν</strong></span> <span class='ocrx_word' id='word_1_731' title='bbox 1142 5657 1266 5711; x_wconf 84' lang='grc' dir='ltr'>Υίὸν</span> <span class='ocrx_word' id='word_1_732' title='bbox 1290 5659 1320 5712; x_wconf 88' lang='lat'><strong>6</strong></span> <span class='ocrx_word' id='word_1_733' title='bbox 1349 5659 1561 5731; x_wconf 74' lang='grc' dir='ltr'>Πατὴρ,</span> <span class='ocrx_word' id='word_1_734' title='bbox 1593 5660 1654 5714; x_wconf 83' lang='grc' dir='ltr'><strong>οὑ</strong></span> <span class='ocrx_word' id='word_1_735' title='bbox 1688 5661 1906 5728; x_wconf 87' lang='grc' dir='ltr'>πάντως</span> 
     </span>
    </p>
   </div>
   <div class='ocr_carea' id='block_1_99' title="bbox 312 5743 1908 5826">
    <p class='ocr_par' dir='ltr' id='par_1_99' title="bbox 312 5743 1908 5826">
     <span class='ocr_line' id='line_1_99' title="bbox 312 5743 1908 5826; baseline 0.009 -30"><span class='ocrx_word' id='word_1_736' title='bbox 312 5743 381 5796; x_wconf 69' lang='lat' dir='ltr'><strong>lx</strong></span> <span class='ocrx_word' id='word_1_737' title='bbox 412 5747 784 5818; x_wconf 77' lang='grc' dir='ltr'>προαιρέσεως</span> <span class='ocrx_word' id='word_1_738' title='bbox 818 5748 976 5802; x_wconf 78' lang='grc' dir='ltr'>τοῦτο</span> <span class='ocrx_word' id='word_1_739' title='bbox 1021 5753 1182 5816; x_wconf 79' lang='grc' dir='ltr'>ποιεῖ,</span> <span class='ocrx_word' id='word_1_740' title='bbox 1212 5751 1328 5806; x_wconf 83' lang='grc' dir='ltr'><strong>ἀλλ’</strong></span> <span class='ocrx_word' id='word_1_741' title='bbox 1357 5751 1432 5817; x_wconf 83' lang='grc' dir='ltr'><strong>ὡς</strong></span> <span class='ocrx_word' id='word_1_742' title='bbox 1465 5754 1524 5819; x_wconf 77' lang='grc' dir='ltr'>ἐξ</span> <span class='ocrx_word' id='word_1_743' title='bbox 1554 5755 1799 5826; x_wconf 78' lang='grc' dir='ltr'>ἀνάγκης</span> <span class='ocrx_word' id='word_1_744' title='bbox 1828 5757 1908 5810; x_wconf 87' lang='grc' dir='ltr'><strong>δι’</strong></span> 
     </span>
    </p>
   </div>
   <div class='ocr_carea' id='block_1_100' title="bbox 389 5922 1892 6005">
    <p class='ocr_par' dir='ltr' id='par_1_100' title="bbox 389 5922 1892 6005">
     <span class='ocr_line' id='line_1_100' title="bbox 389 5922 1892 6005; baseline 0.013 -28"><span class='ocrx_word' id='word_1_745' title='bbox 389 5922 412 5952; x_wconf 84' lang='grc'><strong>⁹</strong></span> <span class='ocrx_word' id='word_1_746' title='bbox 435 5922 586 5982; x_wconf 81' lang='lat' dir='ltr'><strong>Joan.</strong></span> <span class='ocrx_word' id='word_1_747' title='bbox 625 5942 674 5995; x_wconf 70' lang='grc' dir='ltr'><strong>ν,</strong></span> <span class='ocrx_word' id='word_1_748' title='bbox 715 5927 808 5983; x_wconf 78' lang='grc'><strong>17.</strong></span> <span class='ocrx_word' id='word_1_749' title='bbox 891 5930 934 5961; x_wconf 79' lang='grc'><strong><em>³⁸</em></strong></span> <span class='ocrx_word' id='word_1_750' title='bbox 964 5930 1107 5987; x_wconf 84' lang='lat' dir='ltr'><strong>Psal.</strong></span> <span class='ocrx_word' id='word_1_751' title='bbox 1140 5947 1294 5998; x_wconf 75' lang='lat' dir='ltr'><strong>cxm,</strong></span> <span class='ocrx_word' id='word_1_752' title='bbox 1322 5934 1373 5988; x_wconf 78' lang='grc'>5.</span> <span class='ocrx_word' id='word_1_753' title='bbox 1455 5937 1496 5967; x_wconf 84' lang='grc'>¹¹</span> <span class='ocrx_word' id='word_1_754' title='bbox 1527 5937 1540 5990; x_wconf 94' lang='lat' dir='ltr'><strong>l</strong></span> <span class='ocrx_word' id='word_1_755' title='bbox 1567 5937 1692 5994; x_wconf 87' lang='lat' dir='ltr'><strong>Cor.</strong></span> <span class='ocrx_word' id='word_1_756' title='bbox 1731 5956 1806 6005; x_wconf 73' lang='grc' dir='ltr'><strong>χι,</strong></span> <span class='ocrx_word' id='word_1_757' title='bbox 1840 5943 1892 5997; x_wconf 86' lang='lat'><strong>7.</strong></span> 
     </span>
    </p>
   </div>
   <div class='ocr_carea' id='block_1_101' title="bbox 2006 4737 3606 4810">
    <p class='ocr_par' dir='ltr' id='par_1_101' title="bbox 2006 4737 3606 4810">
     <span class='ocr_line' id='line_1_101' title="bbox 2006 4737 3606 4810; baseline 0.001 -17"><span class='ocrx_word' id='word_1_758' title='bbox 2006 4739 2148 4794; x_wconf 88' lang='lat' dir='ltr'><strong>sicut</strong></span> <span class='ocrx_word' id='word_1_759' title='bbox 2182 4737 2368 4804; x_wconf 87' lang='lat' dir='ltr'><strong>Pater,</strong></span> <span class='ocrx_word' id='word_1_760' title='bbox 2400 4739 2622 4810; x_wconf 88' lang='lat' dir='ltr'><strong>propria</strong></span> <span class='ocrx_word' id='word_1_761' title='bbox 2676 4753 2773 4793; x_wconf 86' lang='lat' dir='ltr'><strong>sua</strong></span> <span class='ocrx_word' id='word_1_762' title='bbox 2813 4739 3018 4794; x_wconf 69' lang='lat' dir='ltr'><strong>virtute</strong></span> <span class='ocrx_word' id='word_1_763' title='bbox 3051 4738 3214 4794; x_wconf 89' lang='lat' dir='ltr'><strong>etiam</strong></span> <span class='ocrx_word' id='word_1_764' title='bbox 3253 4755 3350 4794; x_wconf 91' lang='lat' dir='ltr'><strong>nos</strong></span> <span class='ocrx_word' id='word_1_765' title='bbox 3380 4739 3445 4794; x_wconf 87' lang='lat' dir='ltr'><strong>ad</strong></span> <span class='ocrx_word' id='word_1_766' title='bbox 3485 4756 3606 4795; x_wconf 82' lang='lat' dir='ltr'><strong>esse</strong></span> 
     </span>
    </p>
   </div>
   <div class='ocr_carea' id='block_1_102' title="bbox 2004 4829 2264 4884">
    <p class='ocr_par' dir='ltr' id='par_1_102' title="bbox 2004 4829 2264 4884">
     <span class='ocr_line' id='line_1_102' title="bbox 2004 4829 2264 4884; baseline 0.008 -2"><span class='ocrx_word' id='word_1_767' title='bbox 2004 4829 2264 4884; x_wconf 78' lang='lat' dir='ltr'><strong>traduxit.</strong></span> 
     </span>
    </p>
   </div>
   <div class='ocr_carea' id='block_1_103' title="bbox 2453 4969 3141 5034">
    <p class='ocr_par' dir='ltr' id='par_1_103' title="bbox 2453 4969 3141 5034">
     <span class='ocr_line' id='line_1_103' title="bbox 2453 4969 3141 5034; baseline 0.004 -10"><span class='ocrx_word' id='word_1_768' title='bbox 2453 4969 2686 5034; x_wconf 83' lang='lat' dir='ltr'><strong>ALIUD,</strong></span> <span class='ocrx_word' id='word_1_769' title='bbox 2715 4972 2875 5025; x_wconf 85' lang='lat' dir='ltr'><strong>etiam</strong></span> <span class='ocrx_word' id='word_1_770' title='bbox 2904 4983 3141 5028; x_wconf 84' lang='lat' dir='ltr'><strong>acutum.</strong></span> 
     </span>
    </p>
   </div>
   <div class='ocr_carea' id='block_1_104' title="bbox 2082 5079 3603 5154">
    <p class='ocr_par' dir='ltr' id='par_1_104' title="bbox 2082 5079 3603 5154">
     <span class='ocr_line' id='line_1_104' title="bbox 2082 5079 3603 5154; baseline 0.007 -19"><span class='ocrx_word' id='word_1_771' title='bbox 2082 5080 2138 5135; x_wconf 93' lang='lat' dir='ltr'><strong>Si</strong></span> <span class='ocrx_word' id='word_1_772' title='bbox 2166 5079 2338 5136; x_wconf 85' lang='lat' dir='ltr'><strong>Filius</strong></span> <span class='ocrx_word' id='word_1_773' title='bbox 2361 5092 2586 5150; x_wconf 82' lang='lat' dir='ltr'><strong>propter</strong></span> <span class='ocrx_word' id='word_1_774' title='bbox 2616 5098 2714 5137; x_wconf 90' lang='lat' dir='ltr'><strong>nos</strong></span> <span class='ocrx_word' id='word_1_775' title='bbox 2746 5082 2923 5140; x_wconf 81' lang='lat' dir='ltr'><strong>factus</strong></span> <span class='ocrx_word' id='word_1_776' title='bbox 2951 5095 3056 5146; x_wconf 90' lang='lat' dir='ltr'><strong>est,</strong></span> <span class='ocrx_word' id='word_1_777' title='bbox 3080 5095 3138 5141; x_wconf 91' lang='lat' dir='ltr'><strong>ut</strong></span> <span class='ocrx_word' id='word_1_778' title='bbox 3166 5086 3239 5140; x_wconf 92' lang='lat' dir='ltr'><strong>illi</strong></span> <span class='ocrx_word' id='word_1_779' title='bbox 3265 5089 3471 5154; x_wconf 85' lang='lat' dir='ltr'><strong>dicunt,</strong></span> <span class='ocrx_word' id='word_1_780' title='bbox 3499 5107 3603 5146; x_wconf 87' lang='lat' dir='ltr'><strong>non</strong></span> 
     </span>
    </p>
   </div>
   <div class='ocr_carea' id='block_1_105' title="bbox 2010 5171 3603 5249">
    <p class='ocr_par' dir='ltr' id='par_1_105' title="bbox 2010 5171 3603 5249">
     <span class='ocr_line' id='line_1_105' title="bbox 2010 5171 3603 5249; baseline 0.006 -21"><span class='ocrx_word' id='word_1_781' title='bbox 2010 5173 2114 5228; x_wconf 89' lang='lat' dir='ltr'><strong>erit</strong></span> <span class='ocrx_word' id='word_1_782' title='bbox 2145 5171 2234 5227; x_wconf 91' lang='lat' dir='ltr'><strong>ille</strong></span> <span class='ocrx_word' id='word_1_783' title='bbox 2263 5173 2471 5240; x_wconf 86' lang='lat' dir='ltr'><strong>primus</strong></span> <span class='ocrx_word' id='word_1_784' title='bbox 2517 5184 2762 5230; x_wconf 87' lang='lat' dir='ltr'><strong>nostrum</strong></span> <span class='ocrx_word' id='word_1_785' title='bbox 2801 5175 2942 5242; x_wconf 86' lang='lat' dir='ltr'><strong>apud</strong></span> <span class='ocrx_word' id='word_1_786' title='bbox 2979 5176 3147 5232; x_wconf 87' lang='lat' dir='ltr'><strong>Deum</strong></span> <span class='ocrx_word' id='word_1_787' title='bbox 3193 5196 3206 5232; x_wconf 89' lang='lat'><strong>:</strong></span> <span class='ocrx_word' id='word_1_788' title='bbox 3257 5195 3430 5249; x_wconf 89' lang='lat' dir='ltr'><strong>neque</strong></span> <span class='ocrx_word' id='word_1_789' title='bbox 3457 5182 3603 5237; x_wconf 91' lang='lat' dir='ltr'><strong>enim</strong></span> 
     </span>
    </p>
   </div>
   <div class='ocr_carea' id='block_1_106' title="bbox 2010 5263 3603 5349">
    <p class='ocr_par' dir='ltr' id='par_1_106' title="bbox 2010 5263 3603 5349">
     <span class='ocr_line' id='line_1_106' title="bbox 2010 5263 3603 5349; baseline 0.004 -31"><span class='ocrx_word' id='word_1_790' title='bbox 2010 5263 2162 5318; x_wconf 91' lang='lat' dir='ltr'><strong>illum</strong></span> <span class='ocrx_word' id='word_1_791' title='bbox 2202 5274 2385 5318; x_wconf 88' lang='lat' dir='ltr'><strong>mente</strong></span> <span class='ocrx_word' id='word_1_792' title='bbox 2413 5264 2748 5333; x_wconf 86' lang='lat' dir='ltr'><strong>concipiens,</strong></span> <span class='ocrx_word' id='word_1_793' title='bbox 2803 5279 2901 5319; x_wconf 90' lang='lat' dir='ltr'><strong>nos</strong></span> <span class='ocrx_word' id='word_1_794' title='bbox 2931 5274 3118 5334; x_wconf 90' lang='lat' dir='ltr'><strong>postea</strong></span> <span class='ocrx_word' id='word_1_795' title='bbox 3165 5280 3387 5349; x_wconf 89' lang='lat' dir='ltr'><strong>pr0pter</strong></span> <span class='ocrx_word' id='word_1_796' title='bbox 3429 5271 3603 5339; x_wconf 87' lang='lat' dir='ltr'><strong>ipsum</strong></span> 
     </span>
    </p>
   </div>
   <div class='ocr_carea' id='block_1_107' title="bbox 2010 5355 3605 5431">
    <p class='ocr_par' dir='ltr' id='par_1_107' title="bbox 2010 5355 3605 5431">
     <span class='ocr_line' id='line_1_107' title="bbox 2010 5355 3605 5431; baseline 0.006 -23"><span class='ocrx_word' id='word_1_797' title='bbox 2010 5355 2237 5421; x_wconf 83' lang='lat' dir='ltr'><strong>creavit,</strong></span> <span class='ocrx_word' id='word_1_798' title='bbox 2290 5355 2385 5410; x_wconf 90' lang='lat' dir='ltr'><strong>sed</strong></span> <span class='ocrx_word' id='word_1_799' title='bbox 2437 5356 2503 5410; x_wconf 88' lang='lat' dir='ltr'><strong>de</strong></span> <span class='ocrx_word' id='word_1_800' title='bbox 2552 5366 2740 5412; x_wconf 85' lang='lat' dir='ltr'><strong>nostra</strong></span> <span class='ocrx_word' id='word_1_801' title='bbox 2801 5359 3080 5416; x_wconf 61' lang='lat' dir='ltr'><strong>creetione</strong></span> <span class='ocrx_word' id='word_1_802' title='bbox 3131 5361 3402 5431; x_wconf 80' lang='lat' dir='ltr'><strong>cogitans,</strong></span> <span class='ocrx_word' id='word_1_803' title='bbox 3458 5363 3605 5418; x_wconf 88' lang='lat' dir='ltr'><strong>illum</strong></span> 
     </span>
    </p>
   </div>
   <div class='ocr_carea' id='block_1_108' title="bbox 2001 5450 2607 5516">
    <p class='ocr_par' dir='ltr' id='par_1_108' title="bbox 2001 5450 2607 5516">
     <span class='ocr_line' id='line_1_108' title="bbox 2001 5450 2607 5516; baseline 0.005 -16"><span class='ocrx_word' id='word_1_804' title='bbox 2001 5455 2224 5516; x_wconf 89' lang='lat' dir='ltr'><strong>propter</strong></span> <span class='ocrx_word' id='word_1_805' title='bbox 2253 5462 2355 5503; x_wconf 90' lang='lat' dir='ltr'><strong>nos</strong></span> <span class='ocrx_word' id='word_1_806' title='bbox 2379 5450 2607 5504; x_wconf 84' lang='lat' dir='ltr'><strong>creavit.</strong></span> 
     </span>
    </p>
   </div>
   <div class='ocr_carea' id='block_1_109' title="bbox 2692 5563 2921 5622">
    <p class='ocr_par' dir='ltr' id='par_1_109' title="bbox 2692 5563 2921 5622">
     <span class='ocr_line' id='line_1_109' title="bbox 2692 5563 2921 5622; baseline 0.017 -4"><span class='ocrx_word' id='word_1_807' title='bbox 2692 5563 2921 5622; x_wconf 85' lang='lat' dir='ltr'><strong>ALIUD.</strong></span> 
     </span>
    </p>
   </div>
   <div class='ocr_carea' id='block_1_110' title="bbox 2079 5671 3606 5748">
    <p class='ocr_par' dir='ltr' id='par_1_110' title="bbox 2079 5671 3606 5748">
     <span class='ocr_line' id='line_1_110' title="bbox 2079 5671 3606 5748; baseline 0.01 -21"><span class='ocrx_word' id='word_1_808' title='bbox 2079 5671 2138 5728; x_wconf 91' lang='lat' dir='ltr'><strong>Si</strong></span> <span class='ocrx_word' id='word_1_809' title='bbox 2175 5673 2333 5731; x_wconf 85' lang='lat' dir='ltr'><strong>Pater</strong></span> <span class='ocrx_word' id='word_1_810' title='bbox 2354 5674 2550 5734; x_wconf 87' lang='lat' dir='ltr'><strong>Filium</strong></span> <span class='ocrx_word' id='word_1_811' title='bbox 2577 5687 2762 5735; x_wconf 87' lang='lat' dir='ltr'><strong>nostra</strong></span> <span class='ocrx_word' id='word_1_812' title='bbox 2794 5695 2956 5736; x_wconf 85' lang='lat' dir='ltr'><strong>causa</strong></span> <span class='ocrx_word' id='word_1_813' title='bbox 2983 5681 3211 5748; x_wconf 82' lang='lat' dir='ltr'><strong>creavit,</strong></span> <span class='ocrx_word' id='word_1_814' title='bbox 3242 5698 3348 5738; x_wconf 89' lang='lat' dir='ltr'><strong>non</strong></span> <span class='ocrx_word' id='word_1_815' title='bbox 3379 5686 3606 5743; x_wconf 90' lang='lat' dir='ltr'><strong>omnino</strong></span> 
     </span>
    </p>
   </div>
   <div class='ocr_carea' id='block_1_111' title="bbox 2007 5768 3607 5849">
    <p class='ocr_par' dir='ltr' id='par_1_111' title="bbox 2007 5768 3607 5849">
     <span class='ocr_line' id='line_1_111' title="bbox 2007 5768 3607 5849; baseline 0.008 -27"><span class='ocrx_word' id='word_1_816' title='bbox 2007 5780 2072 5822; x_wconf 80' lang='lat' dir='ltr'><strong>ex</strong></span> <span class='ocrx_word' id='word_1_817' title='bbox 2108 5768 2385 5825; x_wconf 84' lang='lat' dir='ltr'><strong>voluntate</strong></span> <span class='ocrx_word' id='word_1_818' title='bbox 2435 5771 2539 5828; x_wconf 89' lang='lat' dir='ltr'><strong>hoc</strong></span> <span class='ocrx_word' id='word_1_819' title='bbox 2579 5771 2710 5828; x_wconf 81' lang='lat' dir='ltr'><strong>fecit</strong></span> <span class='ocrx_word' id='word_1_820' title='bbox 2779 5775 2873 5830; x_wconf 92' lang='lat' dir='ltr'><strong>sed</strong></span> <span class='ocrx_word' id='word_1_821' title='bbox 2904 5789 2969 5829; x_wconf 81' lang='lat' dir='ltr'><strong>ex</strong></span> <span class='ocrx_word' id='word_1_822' title='bbox 3017 5777 3351 5832; x_wconf 86' lang='lat' dir='ltr'><strong>necessitate</strong></span> <span class='ocrx_word' id='word_1_823' title='bbox 3383 5787 3607 5849; x_wconf 88' lang='lat' dir='ltr'><strong>propter</strong></span> 
     </span>
    </p>
   </div>
   <div class='ocr_carea' id='block_1_112' title="bbox 1979 5941 2273 6001">
    <p class='ocr_par' dir='ltr' id='par_1_112' title="bbox 1979 5941 2273 6001">
     <span class='ocr_line' id='line_1_112' title="bbox 1979 5941 2273 6001; baseline 0.01 -3"><span class='ocrx_word' id='word_1_824' title='bbox 1979 5943 2019 5976; x_wconf 78' lang='lat'>&quot;</span> <span class='ocrx_word' id='word_1_825' title='bbox 2050 5941 2183 6000; x_wconf 82' lang='lat' dir='ltr'><strong>Ibid.</strong></span> <span class='ocrx_word' id='word_1_826' title='bbox 2220 5947 2273 6001; x_wconf 90' lang='lat'><strong>9.</strong></span> 
     </span>
    </p>
   </div>
  </div>
