3968 6480
408 475 585 531 259-

1392 466 1447 521 S.
1491 464 1763 520 CYliILLI
1806 460 2266 518 ALEXANDI’JNI
2309 462 2623 519 ARCIIIEP.

3538 461 3652 518 ειςο

412 605 533 668 nos.
582 588 694 643 Non
737 587 899 657 igitur
933 583 1153 639 omnino
1198 583 1370 639 factus
1411 585 1601 641 fuisset
1648 586 1836 651 r'ilius,
1879 585 1960 638 nis

2084 586 2251 656 ἡμᾶς.
2280 587 2391 640 Οὐκ
2420 588 2485 640 ἂν
2515 582 2607 639 οὖν
2642 585 2729 639 ὃλο
2752 600 2775 648 ς
2798 588 2826 637 6
2849 584 2973 648 Υἱὸς
2999 584 3202 673 {mimi
3227 583 3325 656 τῆς
3360 584 3481 640 καθ’
3502 587 3652 657 ἡμᾶς

412 682 584 739 nostri
613 694 812 743 causa;
849 679 943 732 sed
974 691 1145 745 neque
1173 676 1341 743 voluit
1365 677 1579 745 quidem
1607 676 1761 731 Pater
1785 690 1975 730 creare

414 772 630 837 Filium,
655 771 747 825 sed
774 769 1072 823 necessitas
1106 769 1218 837 ipsa
1251 768 1421 833 illum,
1449 776 1505 820 ut
1539 768 1717 833 vellet,
1753 768 1928 837 coegit
1959 784 1971 819 :

413 874 579 933 atque
610 864 684 917 ita
716 877 781 917 ex
819 860 1039 916 illorum
1076 858 1537 938 15A‘0pinione,
1568 859 1708 914 Deus
1740 859 1852 927 ipse
1883 872 1979 913 ne-

413 954 656 1011 cessitati
709 951 986 1021 subjectus
1036 949 1155 1003 fuit.
1198 949 1455 1019 Apagesis
1487 950 1645 1004 istam
1689 949 1976 1005 ratiocina-

416 1045 577 1103 tionis
604 1041 1021 1099 absurditateml

1074 1147 1301 1205 ALIUD.

484 1244 543 1301 Si
574 1253 795 1315 propter
824 1258 924 1299 nos
969 1241 1161 1298 Filium
1211 1242 1417 1298 creavit
1458 1241 1649 1307 Pater,
1695 1255 1818 1297 cum
1865 1240 1976 1313 jam

412 1338 610 1392 factum
641 1338 709 1391 sit
732 1345 893 1405 atque
919 1334 1226 1390 absolutum
1248 1350 1382 1404 opus
1405 1334 1559 1402 cujus
1584 1348 1745 1389 causa
1766 1342 1979 1389 creatus

412 1438 516 1489 est,
555 1440 985 1495 supervacaneus
1022 1425 1276 1494 deinceps
1314 1434 1399 1481 est
1427 1424 1617 1490 Filius,
1668 1434 1851 1493 utpote
1874 1423 1977 1479 'in-

413 1526 770 1573 strumentum
809 1517 953 1570 illius
988 1516 1169 1585 operis
1196 1516 1309 1586 jam
1342 1516 1594 1582 absoluti,
1630 1514 1784 1583 cujus
1816 1528 1977 1570 causa

412 1608 587 1664 {actus
613 1615 748 1662 erat.

799 1697 913 1751 Alia
943 1698 1231 1768 probabilia
1262 1697 1609 1751 theoremata.

485 1788 541 1842 Si
594 1788 752 1843 Pater
799 1798 1019 1857 propter
1071 1803 1170 1843 nos
1205 1787 1400 1843 Filium
1448 1788 1670 1851 creavit,
1708 1788 1773 1842 de
1820 1788 1977 1842 nobis

410 1880 599 1947 primis
631 1877 967 1932 deliberavit.
1004 1877 1059 1931 Si
1094 1892 1223 1932 vero
1242 1878 1357 1945 ejus
1379 1879 1697 1933 deliberatio
1716 1880 1857 1932 circa
1881 1892 1975 1931 nos

413 1965 614 2035 primos
640 1975 849 2019 versata
880 1974 985 2030 est,
1020 1967 1370 2034 quamobrem
1425 1966 1511 2019 ille
1542 1978 1666 2020 ante
1706 1982 1801 2020 nos
1830 1980 1975 2019 crea-

414 2066 518 2122 tur,
554 2057 644 2125 qui
677 2057 728 2110 in
775 2055 1004 2110 consilio
1044 2064 1099 2109 et
1145 2054 1533 2111 dellberatione
1566 2068 1684 2110 erat
1714 2054 1979 2110 ultimus?

410 2146 517 2200 Aut
545 2160 663 2211 cur,
700 2160 820 2200 cum
849 2146 999 2200 illum
1029 2146 1260 2215 primum
1286 2149 1508 2211 creavit,
1540 2161 1644 2200 non
1678 2147 1840 2201 etiam
1869 2146 1979 2215 pri-

411 2253 500 2292 mo
527 2238 592 2293 de
629 2238 721 2293 illo
757 2236 1113 2292 deliberavit?
1144 2253 1314 2307 quare
1343 2240 1506 2293 etiam
1552 2254 1674 2293 cum
1725 2238 1790 2293 de
1824 2237 1979 2294 nobis

410 2328 639 2395 primum
667 2328 940 2397 cogitarit,
969 2326 1117 2381 illum
1146 2328 1360 2397 quidem
1395 2326 1588 2385 Filium
1615 2338 1667 2381 et
1710 2329 1975 2382 baeredem

408 2427 587 2483 vocat,
622 2432 719 2471 nos
752 2424 929 2472 autem
971 2431 1179 2479 servos.
1221 2426 1276 2471 et
1308 2419 1671 2473 hazreditatem
1720 2418 1862 2471 illius
1885 2419 1975 2487 qui

408 2517 627 2577 propter
657 2523 755 2562 nos
788 2507 962 2563 iactus
988 2508 1113 2564 est?
1134 2508 1427 2576 Oportebat
1449 2509 1591 2563 enim
1624 2525 1653 2564 e
1678 2511 1970 2576 contrario,

406 2613 506 2653 nos
530 2599 741 2668 quidem
798 2598 935 2654 illius
982 2609 1036 2655 et
1081 2601 1326 2656 hteredes
1368 2615 1511 2666 esse,
1564 2601 1974 2654 instrumentum

409 2702 538 2741 vero
580 2700 777 2745 nostra
810 2689 1052 2753 factum,
1089 2692 1230 2759 quod
1266 2706 1477 2760 quoque
1506 2701 1724 2759 propter
1755 2707 1852 2747 nos
1898 2693 1977 2747 l'a-

406 2788 549 2832 ctum
569 2789 673 2842 est,
694 2795 903 2833 servum
930 2795 1049 2834 esse
1079 2781 1339 2849 nobisque
1367 2782 1699 2837 inferiorem.
1725 2781 1978 2838 Facessat

403 2868 636 2922 absurda
664 2867 920 2937 ejusmodi
964 2870 1136 2927 ratio!

682 2976 955 3048 Expositio
987 2992 1136 3037 recte
1165 2984 1437 3037 sententia:
1461 2994 1509 3037 et
1545 2983 1692 3053 fidei.

476 3089 649 3145 Filius
684 3106 1023 3160 nequaquam
1060 3104 1280 3162 propter
1309 3110 1405 3149 nos
1439 3095 1613 3149 lactus
1651 3104 1751 3163 est,
1785 3097 1875 3150 sed
1909 3113 1974 3151 ne

2078 677 2323 747 ἀπούσης
2356 680 2552 740 αἰτίας,
2590 677 2683 730 καὶ
2735 677 2873 747 τάχα
2923 676 3040 729 οὐδὲ
3101 677 3307 741 κτίζειν
3354 675 3512 745 ἧθελε
3556 679 3655 731 τὸν

2078 767 2205 822 Υἱδν
2226 770 2254 822 6
2277 770 2483 840 Πατὴρ,
2512 767 2644 822 ἀλλὰ
2669 769 2823 838 μόλις
2846 766 3009 821 αὑτὸν
3035 767 3113 829 εἰς
3144 766 3204 819 τὸ
3233 766 3489 837 ἐθελῆσαι
3512 782 3656 837 προσ

2077 862 2284 932 ήγαγεν
2318 861 2351 931 ὴ
2380 860 2560 931 χρεία,
2604 859 2701 912 καὶ
2733 859 2945 927 γέγονε,
2972 856 3094 911 κατ’
3127 856 3390 924 ἐκείνους,
3422 858 3513 912 καὶ
3545 856 3651 910 ὐπὲ

2077 951 2320 1022 ἀνάγκην
2346 950 2493 1015 Θεός.
2528 948 2700 1019 Φεῦγε
2728 949 2822 1003 τοῦ
2847 949 3005 1019 λόγου
3034 947 3133 1019 τὴν
3162 946 3410 1000 ἀτοπίαν.

2758 1147 2963 1203 ΑΛΛΟ.

2148 1241 2211 1293 Et
2243 1239 2310 1294 δι’
2335 1241 2479 1312 ἡμᾶς
2516 1239 2697 1293 ἔκτισε
2715 1240 2805 1293 τὸν
2824 1239 2951 1295 Υῐδν
2975 1239 3002 1292 6
3027 1238 3239 1310 Πατὴρ,
3261 1237 3453 1307 γέγονε
3477 1236 3535 1289 δὲ
3564 1253 3664 1289 και

2079 1331 2435 1403 πεπλήρωται
2461 1332 2521 1385 τδ
2545 1331 2705 1404 ἔργον
2726 1332 2794 1386 δι’
2823 1330 2852 1386 ὃ
2877 1331 2971 1386 καὶ
3002 1330 3246 1399 ἐκτίσθη,
3271 1328 3522 1399 περιττὸς
3548 1326 3667 1378 λοε-

2079 1426 2178 1477 πὸν
2211 1427 2239 1478 6
2266 1425 2501 1489 Υἱὸς,ὡς
2532 1424 2763 1497 ὄργανον
2782 1425 2882 1495 τῆς
2900 1424 2969 1479 δι’
2989 1424 3057 1495 ἢν
3082 1423 3444 1495 προϐέϐληται
3465 1420 3659 1491 χρείας

2079 1514 2553 1587 ἀποτελεσθείσης.

2443 1696 2572 1749 Ἀλ.
2588 1712 2636 1747 a
2673 1695 2893 1750 πιθανὰ
2928 1692 3291 1763 θεωρήματα.

2151 1788 2213 1839 Εἰ
2258 1788 2326 1841 δι’
2361 1789 2507 1858 ἡμᾶς
2553 1787 2734 1841 ἔκτισε
2766 1786 2856 1840 τὸν
2889 1786 3017 1839 Υἱὺν
3049 1787 3077 1838 6
3102 1784 3311 1855 Πατὴρ,
3342 1783 3469 1854 περὶ
3498 1782 3655 1853 πρώ-

2077 1896 2185 1932 των
2216 1880 2371 1949 mith
2404 1878 2768 1947 βεὸούλευται.
2818 1880 2880 1932 Ei
2923 1879 2981 1932 δὲ
3010 1878 3136 1949 περὶ
3166 1875 3396 1948 πρώτων
3428 1875 3587 1947 ἡμῶν
3618 1876 3658 1945 ἡ

2083 1966 2273 2036 σκέψις
2298 1964 2554 2035 ἐγγέγονε
2586 1966 2663 2037 τῷ
2695 1966 2888 2037 Πατρὶ,
2919 1966 3064 2021 διατι
3106 1966 3214 2038 πρὸ
3251 1965 3411 2037 ἡμῶν
3446 1966 3659 2028 ἐκεῖνος

2080 2058 2321 2122 κτίζεται
2357 2059 2386 2110 6
2423 2059 2478 2110 έν
2510 2052 2739 2134 ’βουλαῖς
2783 2058 3129 2124 τελευταῖος;
3167 2057 3319 2111 Διατι
3351 2056 3407 2110 δὲ
3438 2058 3659 2128 πρῶτον

2078 2148 2237 2201 αὑτὸν
2272 2149 2482 2214 κτίσας,
2517 2140 2575 2202 οὗ
2609 2150 2737 2221 περὶ
2766 2148 2982 2225 πρώτου
3014 2151 3107 2203 καὶ
3136 2148 3482 2215 ἐϐουλεύετος
3510 2148 3659 2202 διατι

2075 2238 2133 2290 δὲ
2170 2238 2330 2291 πάλιν
2360 2237 2609 2309 πρώτους
2634 2240 2779 2309 ἡμᾶς
2819 2237 2958 2308 ἔχων
2987 2241 3045 2292 ἐν
3074 2238 3284 2307 σκέψει,
3317 2239 3522 2291 ἐκεῖνον
3552 2235 3657 2306 μὲν

2078 2328 2204 2380 Υἱὸν
2232 2329 2326 2381 καὶ
2352 2327 2693 2399 κληρονόμον
2727 2326 3011 2391 ἀποκαλεῖ,
3047 2328 3195 2399 ἡμᾶς
3216 2326 3273 2381 δὲ
3309 2326 3529 2389 δούλους
3557 2324 3656 2379 καὶ

2076 2418 2273 2489 κλῆρον
2300 2419 2393 2472 τοῦ
2439 2420 2505 2471 δι’
2536 2420 2684 2489 ἡμᾶς
2724 2419 3056 2489 γενομένου;
3088 2419 3235 2472 Ἔδει
3282 2418 3388 2489 γὰρ
3424 2419 3496 2471 ὲκ
3541 2418 3657 2471 τῶν

2073 2510 2351 2573 ἐναντίων,
2388 2511 2535 2580 ἡμᾶς
2570 2510 2667 2580 μὲν
2696 2510 2859 2573 Υἱοὺς
2908 2511 3001 2564 καὶ
3050 2509 3417 2581 κληρονόμους
3468 2508 3655 2580 ὑπάρ-

2073 2617 2217 2670 χειν
2252 2602 2311 2652 τὸ
2334 2600 2387 2653 δὲ
2417 2605 2515 2670 τῆς
2542 2602 2811 2668 ποιήσεως
2837 2603 2992 2672 ἡμῶν
3016 2601 3266 2672 ὄργανον,
3287 2600 3314 2653 ὃ
3342 2600 3435 2653 καὶ
3458 2600 3654 2669 γέγονε

2071 2694 2138 2746 δι’
2164 2695 2330 2764 ἡμᾶς,
2364 2694 2549 2747 δοῦλον
2599 2690 2736 2749 εῖναι
2780 2696 2872 2749 καὶ
2920 2695 3294 2751 ὑποκείμενον.
3324 2692 3498 2761 Φεῦγε
3552 2692 3652 2746 τοῦ

2074 2784 2230 2854 λόγου
2258 2785 2356 2857 τὴν
2386 2787 2634 2841 ἀτοπίαν.

2240 2982 2553 3054 Ἐξήγησις
2595 2986 2813 3039 λοιπὸν
2848 2984 2960 3053 τῆς
2996 2985 3177 3056 ὀρθῆς
3215 2989 3491 3053 πίστεως.

2142 3098 2216 3151 Οὐ
2269 3097 2333 3149 δι’
2363 3098 2509 3168 ἡμᾶς
2559 3098 2780 3166 γέγονεν
2827 3099 2855 3151 6
2909 3099 3068 3164 Υἱὸς,
3109 3100 3225 3153 ἀλλ’
3255 3101 3374 3154 οὐδὲ
3423 3101 3653 3171 γέγονεν

404 3184 576 3237 factus
609 3181 823 3251 quidem
863 3183 1086 3238 omnino
1134 3193 1239 3238 est.
1284 3184 1421 3238 Nam
1447 3186 1663 3243 etiamsi
1694 3194 1965 3242 creaturas

2082 3189 2224 3253 ὅλως.
2252 3189 2362 3245 Ka‘t
2392 3191 2503 3260 γὰρ
2534 3192 2626 3243 καὶ
2656 3190 2704 3242 εἰ
2736 3192 2811 3261 μὴ
2840 3190 2998 3255 δόξαν
3024 3189 3091 3263 ἦν
3118 3192 3195 3263 τῷ
3221 3194 3392 3263 Πατρὶ
3423 3198 3655 3264 ποιῆσαι

400 3275 698 3346 producere
721 3272 880 3328 Pater
913 3273 1176 3329 noluisset
1201 3315 1217 3341 ,
1258 3293 1276 3326 ι
1310 3285 1429 3331 erat
1471 3273 1705 3332 Verbum
1748 3277 1801 3331 in
1833 3277 1964 3346 ipso,

2082 3280 2139 3333 τὰ
2186 3280 2405 3352 γενητὰ,
2614 3283 2642 3334 6
2687 3259 2856 3351 Λόγος
2904 3283 2962 3336 ὲν
3007 3259 3177 3355 αδτῷ,
3206 3284 3299 3337 καὶ
3342 3259 3479 3351 -Θεὸς
3517 3259 3585 3357 ἦν
3623 3290 3656 3343 ὁ

400 3372 456 3419 οι
499 3361 639 3420 Deus
677 3373 795 3416 erat
827 3362 1056 3417 Verbum
1084 3403 1099 3429 ,
1139 3382 1157 3415 ι
1206 3364 1656 3433 quemadmodum
1710 3367 1965 3435 scriptum

2082 3373 2261 3440 Λόγος,
2296 3392 2314 3424 ι
2354 3372 2427 3435 ὡς
2458 3372 2769 3441 γέγραπται
2824 3373 2905 3426 Τὰ
2938 3374 3036 3443 μέν
3068 3392 3149 3427 τοι
3184 3376 3476 3447 κτιζόμενα
3507 3378 3653 3431 πάν-

400 3463 484 3509 est
509 3454 663 3508 ".Ea
686 3463 994 3524 tamenqua:
1019 3465 1203 3510 creata
1237 3466 1383 3520 sunt,
1418 3458 1639 3511 omnino
1675 3472 1768 3525 per
1798 3459 1968 3527 ipsum

402 3544 517 3600 ﬂeri
546 3545 849 3613 oportebat.
885 3542 1021 3598 Nam
1050 3545 1191 3600 sicut
1231 3546 1411 3600 lumen
1462 3547 1619 3601 aliter
1667 3548 1972 3603 illuminare

400 3647 506 3691 Iron
557 3645 752 3705 potest,
788 3637 885 3690 nisi
928 3651 1020 3706 per
1049 3652 1203 3692 suum
1254 3637 1597 3707 splendorem
1650 3658 1663 3693 :
1713 3638 1784 3693 ita
1837 3639 1968 3694 nihil

396 3736 581 3782 mrum
626 3742 745 3797 quae
818 3738 941 3783 sunt
988 3741 1239 3799 operatur
1280 3727 1462 3796 Pater,
1516 3731 1617 3785 nisi
1670 3744 1764 3799 per
1811 3746 1964 3785 suum

402 3819 657 3873 Verbum.
687 3837 706 3871 ι
731 3820 920 3875 Omnia
945 3821 1111 3885 enim,
1140 3820 1310 3888 inquit
1339 3820 1635 3890 Scriptura,
1668 3836 1761 3890 per
1786 3822 1965 3890 ipsum

398 3910 535 3964 facta
571 3920 714 3973 sunt,
737 3920 788 3964 et
816 3911 932 3965 sine
960 3910 1075 3980 ipso
1104 3910 1301 3965 factum
1328 3923 1411 3965 est
1440 3912 1568 3965 nihil
1597 3913 1658 3965 ἰ.
1690 3931 1707 3963 ι
1741 3912 1965 3978 Idcirco,

395 4013 449 4057 et
479 4002 722 4067 dextera,
757 4012 809 4055 et
840 4002 1126 4055 brachium
1164 4002 1259 4056 Dei
1303 4011 1543 4056 vocatur.
1592 4001 1782 4057 Omnia
1824 4007 1965 4057 enim

393 4106 488 4159 per
519 4092 712 4158 ipsum,
743 4090 903 4143 veluti
938 4104 1031 4159 per
1068 4105 1303 4156 manum,
1340 4101 1612 4159 operatur.

395 4203 698 4260 Observatio
732 4204 973 4273 quadam
1021 4202 1512 4323 εαετφϊδετὶρηιηε
1553 4204 1771 4270 pulchra
1812 4217 1965 4277 atque

1095 4283 1170 4323 ιιιι
1198 4289 1260 4323 ll.

1095 4283 1260 4326 ιιιιιισ.

458 4383 967 4452 DixitDeus,inquit
986 4384 1262 4452 Scriptura
1277 4382 1339 4415 “'
1367 4398 1381 4436 :
1407 4383 1650 4449 Fiatlux,
1674 4387 1764 4440 fiat
1783 4388 1962 4443 firma-

391 4487 653 4539 mentum,
692 4474 821 4528 ﬁant
854 4474 1139 4528 luminaria
1168 4492 1180 4527 :
1218 4483 1271 4528 et
1298 4474 1491 4529 factum
1526 4486 1609 4530 est
1643 4477 1737 4530 ita.
1774 4479 1957 4534 Dixit:

2070 3482 2177 3526 τως
2209 3464 2315 3516 ἔδει
2358 3463 2608 3531 γενέσθαι
2649 3463 2717 3516 δι’
2745 3464 3147 3536 αὑτοῦ.⁹υνπερ
3178 3466 3286 3536 γὰρ
3320 3467 3520 3537 τρόπον
3546 3468 3653 3523 οὐκ

2073 3554 2138 3606 ἂν
2173 3554 2374 3623 ἑτέρως
2403 3553 2633 3621 φωτίσαι
2658 3554 2719 3607 τὸ
2746 3555 2880 3623 φῶς,
2908 3557 2957 3608 εἰ
2982 3555 3058 3626 μὴ
3076 3556 3163 3609 διὰ
3190 3556 3284 3609 τοῦ
3314 3558 3444 3610 ἰδίου
3471 3559 3657 3611 ἀπαυ-
3703 3624 3706 3625 ν

2071 3645 2372 3714 γάσματοςο
2396 3644 2569 3707 οὕτως
2587 3645 2686 3697 οὐκ
2715 3645 2779 3699 ἄν
2806 3663 2860 3699 τι
2884 3646 2992 3699 τῶν
3016 3646 3185 3703 ὄντων
3211 3648 3501 3719 ἐργάσαιτο
3526 3650 3648 3703 Πα-

2068 3736 2193 3807 τὴρ,
2252 3738 2299 3788 εἰ
2350 3735 2551 3806 μὴ,διὰ
2580 3736 2675 3789 τοῦ
2719 3737 2920 3790 οἰκείου
2951 3739 3146 3807 Λόγου.
3202 3757 3220 3789 ι
3278 3738 3462 3794 Πάντα
3508 3742 3648 3814 γὰρ,

2070 3828 2222 3897 φησὶ,
2282 3826 2347 3878 δι’
2374 3872 2379 3875 .
2406 3826 2569 3877 αὑτοῦ
2623 3827 2860 3893 ἐγένετο,
2894 3829 2986 3881 καὶ
3019 3830 3187 3899 χωρὶς
3214 3830 3378 3884 αὐτοῦ
3423 3832 3649 3899 ἐγένετο

2067 3917 2186 3969 οὐδὲ
2212 3915 2288 3968 ἓν.
2317 3935 2335 3964 ι
2369 3916 2465 3967 Διὰ
2493 3914 2649 3969 τοῦτο
2675 3917 2768 3969 καὶ
2801 3938 2819 3968 ι
2843 3916 2992 3982 δεξιὰ
3018 3920 3112 3972 καὶ
3145 3919 3385 3991 βραχίων
3404 3939 3421 3971 ι
3448 3922 3648 3992 ὀνομά-

2068 4010 2219 4072 ζεται
2260 4006 2415 4059 Θεοῦ.
2445 4008 2626 4060 Πάντα
2650 4007 2756 4079 γὰρ
2780 4008 2847 4060 δι’
2872 4008 3060 4075 αὑτοῦ,
3093 4009 3169 4073 ὡς
3195 4011 3281 4063 διὰ
3311 4010 3510 4081 χειρὸς,
3543 4013 3645 4082 sp-

2066 4098 2304 4167 γάζεται.
2832 4153 2839 4161 ,

2115 4209 2490 4277 Ἐπιτήρησις
2522 4210 2639 4265 ἀπὸ
2672 4208 2779 4281 τῆς
2809 4211 2969 4281 θείας
3002 4210 3267 4280 Γραφῆς,
3300 4212 3458 4281 καλὴ
3499 4212 3598 4266 καὶ

2684 4280 2919 4349 ἐπωφελ
2928 4279 3019 4348 ής.

2136 4390 2289 4457 Εἷπε,
2342 4394 2524 4463 φησὶν,
2568 4396 2595 4445 6
2646 4392 2796 4456 Θεός’
2849 4394 3137 4465 Γενηθήτω
3185 4395 3321 4462 φῶς,
3346 4395 3641 4466 γενηθήτω

2068 4486 2381 4557 στερέωμα,
2435 4483 2817 4554 γενηθήτωσαν
2890 4486 3215 4555 φωστῆρες·
3268 4488 3362 4540 καὶ
3417 4488 3643 4556 ἐγένετο

388 4567 670 4623 Faciamus
698 4567 967 4621 hominem
1004 4584 1017 4620 :
1055 4579 1107 4621 et
1148 4566 1273 4620 fecit
1306 4567 1444 4622 Deus
1467 4569 1759 4625 hominem.
1807 4571 1875 4625 At
1904 4572 1957 4627 in

2082 4580 2253 4641 ιῦτως.
2301 4573 2457 4629 Εῐπεο
2492 4579 2815 4647 Ποιήσωμεν
2842 4576 3161 4647 ἄνθρωπονσ
3193 4578 3285 4630 καὶ
3313 4579 3567 4647 ἐποίησεν
3604 4582 3641 4630 ὁ

390 4659 474 4713 his
499 4657 751 4712 omnibus
779 4672 1043 4726 nusquam
1071 4665 1154 4712 est
1187 4657 1371 4713 videre
1401 4657 1595 4713 Filium
1624 4661 1819 4732 alloqui
1850 4662 1943 4717 Pa-

390 4761 546 4813 trem,
579 4749 731 4819 quasi
763 4748 1030 4805 volentem
1060 4749 1268 4804 discere
1310 4749 1612 4817 qualisnam
1642 4766 1762 4808 esse
1790 4769 1949 4822 opor-

388 4852 463 4899 tet
491 4858 609 4912 quae
642 4844 875 4897 creanda
907 4851 1085 4906 erant,
1130 4842 1223 4896 sed
1260 4856 1361 4897 vox
1417 4846 1530 4912 ipsa
1584 4859 1717 4913 opus
1745 4856 1827 4900 est
1857 4865 1871 4901 :
1903 4848 1946 4902 si

386 4946 562 4987 autem
595 4932 771 4988 Verbo
800 4947 963 5002 opera
1000 4931 1132 4985 liunt
1177 4932 1331 4999 juxta
1369 4934 1692 4990 voluntatem
1746 4936 1945 5003 Patris,

390 5023 619 5080 Verbum
655 5024 838 5092 itaque
867 5032 952 5079 est
993 5023 1241 5078 voluntas
1273 5023 1448 5078 Patris
1486 5030 1668 5082 vivens
1712 5037 1871 5097 atque
1901 5031 1951 5084 ei

388 5118 730 5181 iuexsistens,
755 5131 872 5187 quae
897 5115 1055 5171 simul
1087 5116 1139 5168 in
1167 5116 1281 5185 ipso
1309 5125 1411 5180 est,
1432 5127 1482 5171 et
1510 5118 1744 5173 vicissim
1776 5121 1947 5187 ipsum

383 5208 435 5260 in
474 5222 530 5260 se
562 5208 741 5260 habet.

386 5320 542 5391 155
573 5319 689 5371 Alia
740 5318 1049 5379 observatio,
1095 5333 1158 5370 ex
1206 5333 1309 5391 qua
1364 5317 1610 5391 discimus
1659 5316 1864 5391 angelis
1899 5327 1947 5369 et

450 5386 645 5444 Lami.
681 5390 939 5454 prophetis
977 5389 1397 5440 consuetudinem
1428 5403 1536 5439 esse
1558 5388 1726 5454 jussis
1767 5404 1798 5437 a
1840 5386 1946 5439 Deo

453 5462 612 5513 etiam
636 5459 1068 5525 interrogationes
1103 5457 1358 5525 proferre,
1390 5457 1754 5521 ignorantibus
1785 5457 1945 5508 inter-

446 5531 569 5581 dum
611 5530 661 5579 id
692 5530 827 5597 quod
863 5528 1071 5594 jussum
1114 5537 1211 5581 est.
1257 5524 1477 5579 Verbum
1520 5535 1689 5579 autem
1734 5543 1833 5579 non
1868 5528 1944 5579 ita

451 5599 621 5667 facere
654 5601 926 5666 reperitur.

449 5711 589 5765 Deus
602 5712 847 5780 promisit
868 5710 1095 5765 Abraba:
1118 5708 1313 5778 lilium,
1336 5719 1389 5765 et
1408 5710 1519 5781 ipse
1538 5711 1804 5779 interroga
1828 5708 1903 5765 vit
1927 5727 1940 5761 :

456 5869 495 5899 ⁸³
522 5866 672 5921 Juan.
708 5882 750 5933 I,
787 5870 834 5921 Ι.
914 5866 1108 5923 “Ibid.
1182 5870 1243 5898 ’δ’
1269 5867 1404 5923 Gen.
1446 5885 1485 5921 ι.

2056 4668 2185 4731 Θεὸς
2222 4668 2311 4720 τὸν
2341 4666 2645 4737 ἄνθρωπον.
2665 4665 2801 4717 Ἀλλ’
2836 4666 2893 4717 ὲν
2918 4665 3129 4727 τούτοις
3164 4664 3367 4719 ἅπασιν
3392 4667 3637 4737 οὐδαμοῦ

2056 4760 2304 4828 φαίνεται
2336 4758 2493 4825 λόγος
2522 4756 2597 4820 ὡς
2627 4756 2684 4822 ἐξ
2714 4756 2843 4809 Υἱοῦ
2882 4757 3019 4827 πρὸς
3048 4755 3138 4811 τὸν
3168 4756 3388 4829 Πατέρα
3422 4760 3635 4829 μανθά-

2052 4865 2162 4901 νειν
2191 4847 2467 4909 ἐθέλοντος
2493 4844 2653 4899 ὁποῖά
2672 4864 2794 4901 τινα
2814 4846 2920 4917 χρὴ
2943 4846 3195 4916 γενέσθαι
3221 4847 3288 4901 τὰ
3310 4848 3625 4920 κτιζόμενα·

2052 4939 2166 4992 ἀλλ’
2194 4940 2225 5007 ἡ
2257 4937 2407 5008 φωνὴ
2454 4937 2516 4989 τὸ
2560 4936 2717 5008 ἔργον
2745 4938 2975 5005 γίνεται.
3006 4938 3070 4991 Εἰ
3110 4938 3167 4991 δὲ
3212 4938 3356 5009 λόγῳ
3388 4939 3453 4992 τὰ
3486 4938 3628 5011 ἔργα

2048 5031 2255 5097 γίνεται
2289 5028 2429 5083 κατὰ
2474 5027 2573 5098 τὴν
2622 5028 2815 5099 βουλὴν
2860 5028 2956 5081 τοῦ
2996 5029 3227 5100 Πατρὸς,
3257 5029 3285 5079 6
3314 5029 3481 5097 Λόγος
3514 5029 3624 5101 ἄρα

2048 5120 2193 5171 ἐστὶν
2225 5123 2257 5190 ἡ
2292 5119 2572 5190 βουλὴιτοῦ
2601 5120 2812 5190 Πατρὺς
2840 5122 2871 5190 ἡ
2901 5120 3049 5185 ζῶσα
3078 5123 3169 5173 καὶ
3194 5121 3455 5184 ὲνούσιος,
3479 5121 3619 5192 αὐτή

2046 5225 2104 5259 τε
2135 5205 2269 5263 οὖσα
2302 5211 2360 5262 ὲν
2394 5210 2588 5281 Πατρὶ,
2619 5210 2713 5263 καὶ
2746 5210 2944 5280 ἔχουσα
2978 5211 3138 5263 αὑτὸν
3166 5212 3223 5262 έν
3248 5210 3383 5281 αὐτῇ

2059 5317 2435 5387 Ἐπιτήρησις
2476 5322 2708 5390 ὁμοίως,
2737 5321 2806 5386 ἐξ
2851 5318 2926 5391 ἧς
2968 5322 3355 5391 μανθάνομεν
3386 5322 3472 5378 ὅτι
3520 5326 3620 5379 καὶ

2116 5391 2391 5457 ἀγγέλοις
2420 5391 2517 5443 καὶ
2554 5392 2745 5459 ἁγίοις
2768 5393 3099 5460 προφήταις
3132 5392 3268 5458 ἔθος
3296 5394 3466 5449 ἐστὶν
3492 5395 3625 5447 ἐπι-

2121 5460 2520 5532 ταττομένοις,
2540 5462 2699 5532 π-(ιρὰ
2719 5461 2886 5525 Θεοῦ,
2914 5462 3008 5515 καὶ
3030 5463 3350 5529 ἐρωτήσεις
3366 5465 3623 5532 ἀγνοοῦ-

2117 5545 2220 5581 σιν
2255 5528 2380 5581 ἔσθ’
2411 5528 2507 5581 ὅτε
2533 5529 2595 5581 τὸ
2624 5528 3104 5598 ἐπιταττόμενον.
3146 5534 3207 5585 '0
3235 5532 3303 5585 δὲ
3340 5528 3445 5588 τοῦ
3471 5536 3621 5589 Θεοῦ

2116 5600 2303 5665 Λόγος
2337 5600 2447 5667 οὐχ
2480 5599 2665 5664 οὕτως
2710 5599 2947 5668 ἐδείχθη
2986 5600 3191 5655 ποιῶν.

2114 5710 2203 5779 Τῷ
2251 5711 2497 5784 Ἀϐραὰμ
2528 5714 2639 5768 υἱὸν
2668 5718 3033 5787 ἐπηγγέλλετο
3068 5722 3095 5773 6
3133 5720 3285 5785 Θεὸς,
3335 5719 3427 5773 καὶ
3458 5718 3622 5786 αὐτὸς
