3968 6482
211 481 290 534 Elii
1607 497 1833 552 TlllﬂSA
1849 494 2056 551 DRUS.

3393 485 3504 543 262

215 611 414 679 {usus
461 632 479 666 ι
508 617 674 671 Κατά
708 618 765 671 τί
793 618 1086 689 γνώσομαι
1125 617 1320 682 τοῦτο;
1357 636 1372 665 ι
1429 615 1813 668 Ἀπεστέλλετη

1930 642 1948 674 ι
1975 619 2092 685 Quo
2118 619 2274 684 signo
2304 624 2629 683 cognoscam
2668 609 2773 665 hoc
2798 607 2878 662 "‘3
2904 626 2922 659 ι
2959 603 3276 660 Mittebatur
3299 601 3498 669 Moses,

214 701 393 773 Μωσῆς
444 708 539 760 καί
587 724 774 778 φησιν
800 724 814 738 ·
849 728 867 760 ι
907 708 1034 761 Ἐὰν
1061 707 1376 778 ἐρωτήσωσι
1426 724 1516 777 με,
1550 707 1614 758 Τί
1639 707 1810 775 ὄνομα

214 792 375 866 uim};
412 799 466 851 τί
487 797 604 871 ἐρῶ
639 798 794 869 πρὸς
821 798 1060 861 αὐτούς;
1089 818 1106 850 ι
1139 799 1248 852 Kal.
1291 801 1318 852 6
1346 797 1579 866 ἄγγελος
1611 797 1667 852 δὲ
1695 798 1722 849 6
1754 799 1811 848 ὲν

220 887 543 961 τῷΖαχαρίᾳ
571 888 834 962 διηρώτα
880 888 1038 952 Θεὸν,
1073 889 1281 957 λέγων·
1329 909 1346 940 ι
1395 888 1571 957 Κύριε
1615 903 1810 940 παντο-

220 977 438 1048 κράτωρ,
461 977 570 1041 ἕως
598 979 762 1042 τίνος
785 979 848 1032 οὐ
875 979 952 1050 μή
974 980 1203 1052 ἐλεήσῃς
1226 978 1327 1050 τὴν
1364 977 1754 1048 Ἰερουσαλήμ;
1787 996 1804 1027 ι

221 1068 312 1120 Καὶ
343 1068 500 1122 πάλιν
523 1069 824 1139 ἐκδέχεται
857 1069 1020 1141 ἄχρις
1054 1069 1119 1123 ἂν
1149 1068 1358 1140 ἀκούσῃ
1393 1067 1585 1136 λόγους
1611 1067 1812 1130 καλοὺς

220 1161 299 1214 καὶ
345 1160 834 1232 παρακλητικούς.
887 1162 997 1214 Καὶ
1049 1162 1078 1214 6
1144 1160 1460 1232 Ἀὁόακοὺμ
1501 1159 1556 1212 δέ
1609 1176 1806 1228 φησιν·

227 1272 241 1303 ι
287 1253 400 1306 Ἐπὶ
428 1253 530 1322 τῆς
575 1251 849 1322 φυλακῆς
879 1269 984 1323 μου
1027 1253 1318 1324 στήσομαι,
1356 1253 1450 1305 καὶ
1477 1250 1809 1321 ἐπιϐήσομαι

222 1342 299 1396 ἐπὶ
326 1343 552 1413 πέτραν,
587 1343 692 1394 κα)⁵
729 1342 1139 1395 ἀποσκοπεύσω
1179 1340 1275 1394 τοῦ
1310 1340 1440 1394 ίδείν
1487 1341 1540 1391 τί
1586 1338 1811 1408 λαλήσει

222 1436 268 1485 tv
287 1433 402 1501 ἐμοὶ
428 1434 458 1485 6
482 1432 645 1496 Θεὸς.
693 1451 714 1485 s
756 1432 946 1486 Ταῦτα
969 1432 1077 1502 γὰρ
1099 1432 1176 1495 ὡς
1203 1431 1365 1485 δοῦλα
1386 1431 1481 1484 καὶ
1504 1432 1809 1502 ποιήματα,

223 1523 301 1577 καὶ
339 1526 435 1595 τῆς
484 1521 584 1577 τοῦ
639 1524 817 1592 λόγου
866 1523 1142 1594 μεσιτείας
1184 1523 1438 1593 δεόμενα,
1483 1522 1634 1593 ἠξίου
1679 1521 1810 1594 παρ’

222 1615 364 1668 αὐτοῦ
411 1615 786 1669 διδάσκεσθαι
833 1617 934 1686 τὴν
985 1615 1184 1685 βουλὴν
1221 1615 1316 1668 τοῦ
1360 1615 1593 1685 Πατρός.
1645 1615 1702 1668 '0
1753 1614 1811 1668 δὲ

223 1707 330 1772 Υἱὸς
359 1707 663 1778 μανθάνειν
694 1707 804 1760 οὐκ
837 1706 1087 1776 ἐπιζητεῖ
1132 1705 1304 1774 Λόγος
1346 1705 1422 1758 ῶν
1465 1704 1561 1758 τοῦ
1598 1705 1811 1777 Πατρδς

223 1801 300 1852 καὶ
336 1799 580 1862 ινούσιος
623 1797 916 1869 βούλησις.
949 1799 1063 1851 Οὐκ
1105 1798 1214 1868 ἄρα
1241 1799 1306 1850 ἐκ
1357 1797 1654 1868 μαθήσεως
1698 1797 1810 1866 ἔχει

227 1892 271 1945 t6
295 1883 427 1946 εἶναι
460 1891 841 1962 δημιουργὸς,
875 1889 990 1944 ἀλλ’
1024 1889 1298 1953 οὑσιωδῶς
1327 1906 1386 1943 τε
1417 1889 1512 1943 καὶ
1539 1890 1806 1959 φυσικῶς.

225 2005 330 2057 Ἔτι
359 2008 442 2070 εις
474 2005 566 2067 τὸ,
603 2023 624 2054 ι
663 2003 889 2072 Κύριος
936 2001 1140 2057 ἔκτισέ
1166 2019 1242 2071 με
1275 2000 1473 2072 ἀρχὴν
1506 2000 1665 2072 ὁδῶν
1702 2003 1806 2072 αὐτ
1841 1962 1885 2018 Β

279 2074 398 2128 τοῦ.
439 2093 457 2126 ι
495 2076 634 2128 Ὅτι
687 2070 769 2128 οὔ
809 2074 1097 2141 κτίσμα’ό
1129 2070 1281 2138 Υἱὸς,
1328 2070 1489 2128 ἀλλὰ
1518 2070 1599 2135 τῷ
1629 2070 1810 2140 Πατρί

279 2145 610 2210 συναΐδιος.
670 2145 879 2208 Ὅπως
909 2142 979 2212 δὲ
1023 2142 1139 2212 χρὴ
1180 2141 1346 2212 νοεῖν
1382 2143 1469 2206 τὸ,
1497 2161 1543 2212 Α(
1593 2141 1810 2212 Κύριος

283 2215 476 2268 ἐκτισέ
497 2209 577 2282 με
605 2213 820 2282 ἀρχὴν
845 2210 1006 2266 ὁδῶν
1025 2209 1248 2275 αὑτοῦ,
1293 2232 1310 2264 ι
1357 2212 1426 2266 ἐκ
1449 2209 1811 2280 τῶνέφεξῆς

287 2283 569 2352 κειμένων
599 2285 914 2352 εἰσόμεθα.

284 2397 498 2466 Πρῶτον
529 2399 637 2469 μὲν
669 2399 852 2450 ἐκεῖνο
885 2396 990 2467 χρὴ
1023 2396 1226 2465 λέγειν,
1273 2397 1353 2449 ὅτι
1383 2397 1451 2449 τὰ
1498 2413 1811 2466 παροιμιῶ-

227 2487 312 2552 δὼς
365 2489 648 2560 λεγόμενα
713 2487 860 2542 δοκεῖ
921 2487 1021 2558 μέν
1082 2505 1134 2540 τι
1185 2487 1470 2558 σημαίνειν
1530 2487 1670 2541 κατὰ
1721 2487 1812 2540 τὸν

230 2579 497 2649 πρόχειρον
527 2578 686 2646 νοῦν,
723 2578 832 2649 ἔχει
861 2577 916 2630 δὲ
952 2577 1050 2648 οὐχ
1082 2576 1253 2642 οὕτως
1294 2579 1370 2642 ὡς
1414 2579 1654 2648 λέγεται,
1697 2580 1809 2633 ἀλλ’

227 2666 400 2737 ιτέραν
441 2670 632 2722 ὠδίνει
682 2670 945 2723 διάνοιαν.
982 2670 1090 2722 Καὶ
1123 2670 1253 2737 γοῦν
1299 2671 1536 2739 ἔφασκεν
1562 2674 1590 2723 6
1624 2671 1812 2742 Σωτὴρ

229 2759 346 2827 πρὸς
373 2763 499 2824 τοὺς
544 2759 755 2815 ἑαυτοῦ
789 2759 1037 2831 μαθητάς
1062 2775 1076 2790 '
1110 2779 1126 2810 ι
1164 2759 1347 2815 Ταῦτα
1389 2763 1446 2814 ἐν
1491 2763 1811 2833 παροιμίαις

227 2852 482 2923 λελάληκα
509 2855 650 2924 ὑμῖν
673 2870 686 2882 ο
719 2853 936 2924 ἔρχεται
969 2853 1024 2906 δὲ
1053 2851 1170 2923 ῶρα
1196 2853 1284 2906 ὅτε
1327 2853 1510 2907 οὐκέτι
1535 2855 1592 2905 ὲν
1619 2871 1812 2924 παροι-

230 2944 364 3011 μίαις
392 2944 629 3014 λαλήσω
659 2945 807 3014 ὑμῖν,
838 2943 976 2997 ἀλλὰ
1006 2930 1310 3015 παρρησία,
1341 2964 1358 2995 ι
1391 2945 1466 3007 ὡς
1492 2946 1590 3013 τῆς
1621 2963 1810 3014 napo:—

231 3034 344 3102 μίας
374 3037 473 3089 οὐκ
506 3035 749 3106 ἐχούσης
773 3035 872 3106 τὴν
901 3035 1233 3108 παρρησίαν.
1270 3035 1343 3088 Τὸ
1372 3037 1548 3088 τοίνυν
1579 3056 1596 3086 ι
1630 3036 1811 3089 ἔκτισέ

230 3142 307 3192 με,
340 3145 358 3177 ι
410 3127 445 3197 ή
499 3125 672 3195 σοφία
727 3126 1062 3196 γυμνότερον
1105 3125 1363 3194 λέγουσα,
1415 3126 1594 3196 τίθησι
1650 3127 1811 3179 πάλιν

231 3217 467 3288 τοιαύτην
494 3219 628 3271 τινὰ
660 3219 847 3287 φωνήν
867 3234 880 3247 ·
910 3236 927 3269 ι
971 3217 1036 3270 Ἠ
1071 3217 1232 3286 σοφία
1261 3216 1612 3288 ᾠκοδόμησεν
1643 3220 1808 3288 ἑαυτῇ

1914 721 1968 769 ct
1984 710 2125 767 dixit
2147 707 2222 759 "’z
2251 725 2268 756 ι
2299 705 2356 759 Si
2378 704 2716 771 interrogant
2741 714 2828 756 me
2853 716 2866 753 :
2888 696 3045 764 Quod
3067 704 3149 751 est
3168 708 3366 750 nomen
3383 693 3504 766 eius

1913 805 2004 874 qui
2056 812 2107 856 te
2174 795 2363 854 misit?
2419 795 2548 865 quid
2595 793 2772 848 dicam
2826 791 2940 846 eis?
2985 806 3005 841 ι
3055 786 3294 858 Angelus
3334 784 3501 841 etiam

1912 895 2052 965 apud
2105 888 2426 945 Zachariam
2477 901 2507 940 a
2547 884 2662 941 Deo
2716 884 3019 955 quaarebat,
3069 881 3302 936 dicens:
3340 896 3360 931 ι
3393 876 3503 934 Do-

1914 989 2063 1043 mine
2107 982 2475 1052 omnipotens,
2513 989 2796 1048 usquequo
2841 989 2945 1030 non
2973 971 3324 1030 misereberis
3347 968 3504 1025 Jeru-

1913 1081 2083 1135 salem
2119 1073 2204 1127 "l
2235 1090 2255 1123 ι
2291 1071 2359 1126 Et
2390 1068 2744 1139 exspectabat
2769 1078 3052 1138 quousque
3081 1064 3246 1118 verba
3279 1064 3419 1118 bona
3448 1068 3504 1114 et

1913 1165 2280 1227 consolatorie
2331 1162 2585 1218 audiret.
2646 1158 2715 1213 Et
2776 1156 3034 1214 Habacuc
3091 1155 3269 1225 inquit
3318 1171 3335 1212 :
3392 1171 3411 1206 ι
3445 1152 3503 1208 ln

1913 1276 2031 1317 mea
2066 1257 2316 1315 custodia
2352 1254 2534 1320 stabo,
2565 1261 2621 1308 et
2640 1249 2933 1307 ascendam
2953 1249 3005 1303 in
3032 1257 3266 1320 petram,
3290 1255 3345 1302 et
3372 1259 3505 1320 eon-

1911 1351 2164 1408 siderabo
2205 1347 2336 1419 quid
2385 1346 2642 1417 loquatur
2691 1343 2744 1398 in
2795 1355 2882 1396 me
2929 1339 3160 1396 Deus".
3192 1357 3212 1392 ι
3259 1337 3322 1393 Hi
3356 1337 3503 1392 enim

1911 1457 2102 1501 omnes
2131 1451 2191 1495 ut
2224 1439 2367 1495 servi
2412 1449 2466 1495 et
2499 1445 2790 1500 creaturae,
2829 1431 2982 1489 verbi
3029 1429 3382 1486 meditatione
3424 1428 3505 1484 in:

1916 1537 2192 1607 digentes,
2223 1531 2560 1587 voluntatem
2615 1536 2668 1582 et
2731 1525 3017 1581 consilium
3078 1522 3258 1576 Patris
3311 1521 3381 1574 ab
3438 1533 3506 1574 eo

1914 1628 2129 1683 discere
2163 1623 2477 1694 cupiebant.
2511 1619 2680 1674 Filius
2712 1632 2840 1674 vero
2875 1632 2997 1672 cum
3033 1615 3104 1669 sit
3135 1611 3366 1667 Verbum
3395 1609 3504 1666 Pa-

1915 1718 2035 1782 tris,
2054 1726 2108 1772 et
2133 1713 2392 1770 voluntas
2410 1710 2509 1781 ipsi
2535 1710 2887 1773 inexsistens,
2922 1720 3026 1760 non
3050 1704 3245 1774 qumrit
3271 1702 3504 1758 discere.

1913 1808 2030 1865 Non
2059 1809 2223 1879 igitur
2257 1820 2355 1876 per
2381 1803 2685 1859 doctrinam
2724 1801 2824 1854 hoc
2859 1805 3183 1852 consecutus
3218 1805 3303 1851 est
3337 1805 3389 1849 ut
3434 1794 3507 1850 sit

1915 1910 2152 1968 creator,
2198 1899 2294 1955 sed
2327 1894 2695 1953 essentialiter
2729 1900 2784 1947 et
2829 1889 3150 1945 naturaliter
3181 1889 3284 1942 hoc
3320 1887 3506 1942 habet.

1920 2016 2107 2071 Adhuc
2140 2015 2196 2068 in
2241 2012 2399 2075 illud,
2436 2030 2453 2061 ι
2490 2005 2981 2075 Dominusicreavil
3027 2019 3107 2056 me
3147 2002 3358 2075 initium
3397 2001 3508 2054 uia—

1988 2103 2106 2139 rum
2143 2097 2364 2138 suarum
2389 2074 2451 2132 υ.
2488 2098 2504 2129 ι
2547 2078 2700 2142 Quod
2746 2074 2921 2129 Filius
2967 2090 3071 2128 non
3119 2074 3186 2126 sit
3239 2084 3506 2135 creatura,

1988 2159 2079 2210 sed
2115 2153 2418 2208 coéternus
2462 2149 2639 2203 Patri.
2687 2146 2962 2211 Quomodo
3003 2155 3180 2197 autem
3219 2142 3510 2211 intelligere

1991 2234 2227 2294 oporteat
2262 2220 2424 2284 illud,
2460 2237 2478 2271 ι
2511 2210 2774 2270 Dominus
2802 2216 2995 2294 crearit
3032 2229 3113 2292 nte
3150 2214 3358 2294 initium
3396 2210 3508 2265 via-

1987 2284 2108 2348 rum
2129 2307 2378 2356 suarum,
2411 2310 2428 2342 ι
2476 2305 2541 2343 ea:
2570 2285 3012 2354 consequentibus
3048 2284 3396 2352 intelligetur.

1990 2405 2233 2461 Primum
2265 2402 2396 2458 illud
2428 2399 2718 2456 dicendum
2751 2407 2853 2461 est,
2890 2399 3109 2468 quando
3129 2412 3249 2466 qua:
3281 2410 3506 2466 prover—

1921 2496 2137 2552 bialiter
2176 2495 2451 2556 dicuntur,
2501 2491 2753 2546 videntur
2797 2487 3109 2556 signiﬁcare
3155 2485 3358 2554 aliquid
3413 2499 3504 2539 se-

1920 2588 2154 2644 cundum
2183 2585 2402 2640 obvium
2434 2597 2651 2638 sensum
2681 2601 2694 2634 :
2723 2585 2830 2634 non
2862 2586 3041 2634 tamen
3068 2578 3140 2632 ita
3169 2589 3230 2631 ut
3257 2577 3513 2631 dicuntur

1919 2693 2040 2734 sese
2069 2678 2292 2742 habent,
2330 2676 2608 2743 aliumque
2643 2673 2982 2729 reconditum
3019 2686 3238 2726 sensum
3283 2671 3506 2725 habent.

1919 2764 2126 2820 Idcirco
2161 2764 2422 2819 Servator
2449 2762 2515 2817 ad
2552 2762 2846 2832 discipulos
2878 2776 3005 2816 suos
3035 2761 3172 2815 dixit
3204 2781 3215 2815 :
3251 2781 3268 2813 ι
3304 2761 3427 2816 ἰιιιεο
3455 2762 3506 2814 in

1919 2856 2191 2928 parabolis
2213 2856 2433 2910 locutus
2462 2869 2580 2908 sum
2615 2854 2792 2917 vobis,
2815 2853 2905 2908 sed
2931 2854 3108 2908 veniet
3141 2853 3269 2907 hora
3294 2854 3513 2921 quando

1920 2964 2026 3004 non
2082 2948 2135 3001 in
2179 2943 2485 3015 proverbiis
2537 2942 2729 3012 loquar
2774 2941 2965 3006 vobis,
3015 2942 3109 2997 sed
3172 2941 3349 3012 palam
3375 2939 3452 3008 ¹⁰;
3487 2961 3504 2994 ι

1919 3042 2120 3111 quippe
2158 3037 2305 3108 quod
2338 3037 2390 3090 in
2416 3035 2730 3106 proverbiis
2758 3049 2845 3089 res
2871 3034 2985 3103 ipsa
3016 3050 3120 3088 non
3153 3034 3325 3103 palam
3355 3050 3512 3104 aper-

1922 3143 2084 3202 teque
2127 3130 2451 3201 eatplicetur.
2505 3127 2641 3183 Cum
2680 3127 2866 3197 itaque
2915 3129 3114 3182 nudius
3154 3129 3380 3182 dixisset
3412 3128 3512 3184 Sa-

1921 3225 2144 3295 pientia,
2189 3241 2206 3274 ι
2238 3223 2446 3277 creavit
2483 3237 2588 3285 me,
2623 3239 2641 3272 ι
2681 3220 2944 3288 ejusmodi
2985 3221 3260 3290 quidpiam
3309 3222 3459 3278 addit
3493 3243 3506 3279 :

230 3301 380 3364 οἷκον.
434 3328 452 3361 ι
504 3308 574 3362 Ei
607 3309 789 3361 τοίνυν
843 3310 876 3378 ή
922 3308 1084 3376 σοφία
1139 3309 1238 3378 μὲν
1287 3308 1433 3361 ἔστιν
1466 3312 1494 3363 6
1533 3309 1626 3363 τοῦ
1677 3310 1810 3362 Θεοῦ

1930 3338 1940 3370 ι
1974 3316 2249 3386 Sapientia
2277 3314 2565 3369 aediﬁcavit
2611 3312 2714 3368 sibi
2747 3313 2966 3367 domum
2991 3314 3056 3368 “.
3091 3333 3109 3365 ι
3143 3315 3198 3368 Si
3246 3330 3376 3388 ergo
3407 3316 3511 3372 Sa-

231 3401 406 3468 Λόγος,
435 3401 615 3470 ἑαυτῇ
649 3399 705 3453 δὲ
735 3399 827 3453 τὸν
856 3395 1003 3453 οἶκον
1043 3401 1336 3471 οἰκοδομεῖ,
1364 3400 1465 3454 ποῦ
1493 3401 1553 3453 τὸ
1585 3420 1601 3451 ι
1633 3401 1816 3454 ἕκτισέ

233 3507 290 3559 με
337 3511 354 3543 ι
399 3493 674 3563 χωρήσει,
724 3490 970 3556 πιθανῶς
1013 3491 1293 3564 ζητητέον.
1356 3492 1514 3546 Ἐστι
1567 3494 1749 3546 τοίνυν
1789 3495 1816 3547 6

233 3581 373 3636 τοῦτο
396 3583 582 3652 λέγων
617 3583 874 3654 Χριστὸς,
907 3584 982 3648 ὼς
1008 3584 1106 3655 ήδη
1144 3584 1358 3656 τεχθεὶς
1397 3586 1492 3639 καὶ
1525 3586 1816 3656 γενόμενος

232 3672 540 3746 ἄνθρωπος’
582 3675 669 3742 ἐφ’
698 3669 759 3728 οὗ
807 3676 888 3740 τὸ,
936 3693 955 3727 ι
995 3675 1175 3729 ἔκτισέ
1225 3694 1314 3746 με,
1358 3696 1376 3729 ι
1415 3677 1817 3748 ὰδυσφημήτως

232 3767 480 3829 κείσεται,
515 3765 659 3820 καθὸ
687 3766 994 3837 ἄνθρωπος.
1021 3767 1218 3836 Γέγονε
1242 3769 1297 3821 δὲ
1324 3770 1421 3838 τῆς
1453 3770 1645 3839 σοφίας
1670 3766 1817 3835 οἶκος

234 3857 312 3909 ὑπ’
371 3859 550 3930 αὐτῆς
627 3862 1136 3930 κατεσκευασμένος
1196 3863 1256 3914 τὺ
1324 3863 1482 3933 σῶμα
1538 3863 1697 3917 τοῦτο
1758 3865 1818 3918 τὸ

233 3947 397 4000 κοινὸν
443 3949 510 4001 τὸ
542 3949 611 4000 ὲκ
653 3949 752 4018 τῆς
788 3949 950 4017 ἁγίας
983 3951 1262 4021 Παρθένου
1302 3954 1512 4024 τεχθὲν,
1555 3957 1613 4008 ἐν
1638 3948 1681 4022 ᾧ
1725 3956 1815 4008 εὑ·-

232 4037 415 4110 δόκησε
457 4042 794 4110 κατοικῆσαι
842 4043 952 4095 πᾶν
1006 4042 1064 4095 τὸ
1118 4043 1394 4115 πλήρωμα
1432 4048 1529 4117 τῆς
1566 4047 1820 4118 θεότητος

234 4129 588 4198 σωματικῶς,
624 4127 766 4181 κατὰ
810 4128 910 4199 τὴν
953 4130 1049 4184 τοῦ
1100 4132 1315 4184 Παύλου
1370 4135 1575 4202 φωνήν.
1608 4134 1818 4186 Οὐκοῦν

234 4218 529 4292 ἐπειδήπερ
560 4222 589 4274 6
620 4219 794 4287 Λόγος
827 4220 966 4292 σὰρξ
1001 4221 1239 4289 ἐγένετο,
1279 4222 1462 4294 τίθησι
1497 4224 1625 4294 περὶ
1653 4223 1817 4277 αὐτοῦ

236 4313 305 4375 τι,
341 4335 359 4367 ι
388 4315 578 4369 ἔκτισέ
614 4331 704 4384 με,
746 4334 764 4367 ι
805 4316 837 4386 ή
865 4315 984 4370 θεία
1013 4318 1229 4391 Γραφὴ,
1264 4320 1400 4374 καθὸ
1429 4320 1620 4390 γέγονε
1649 4321 1815 4384 σάοξο

236 4406 322 4458 καὶ
353 4406 536 4470 οὓτως
569 4408 807 4462 νοεῖσθαι
839 4407 947 4480 χρὴ
978 4409 1040 4463 τὸ
1071 4410 1380 4483 λεγόμενον.

241 4559 437 4640 ΛΛΛΟ,
473 4561 617 4640 ςὈτι
654 4561 742 4640 t6.
790 4580 809 4614 ι
855 4565 1058 4640 saeuos
1090 4582 1188 4633 με,
1213 4638 1221 4640 Α
1244 4585 1261 4616 s
1303 4569 1494 4636 μόνον
1522 4572 1814 4640 κεᾴιείνον,

1920 3406 2122 3477 pientia
2168 3414 2250 3458 est
2281 3402 2518 3457 Verbum
2560 3402 2677 3468 Dei,
2720 3403 3059 3474 aadilicatque
3106 3405 3206 3461 sibi
3262 3406 3361 3477 ipsi
3409 3409 3510 3464 do-

1920 3513 2090 3560 mum,
2122 3511 2356 3565 qnonam
2397 3495 2549 3558 illud,
2587 3513 2604 3546 ι
2637 3496 2844 3550 creavit
2877 3512 2982 3562 me,
3024 3515 3040 3548 ι
3078 3500 3363 3567 pertineat,
3397 3517 3512 3557 me-

1921 3592 2026 3646 rito
2049 3589 2220 3660 quaeri
2248 3596 2446 3658 potest.
2473 3587 2726 3643 Christus
2762 3589 2948 3659 itaque
2984 3600 3067 3644 est
3099 3592 3189 3660 qui
3229 3593 3330 3648 hoc
3355 3595 3511 3662 dicit,

1921 3691 2106 3750 utpote
2127 3681 2237 3750 jam
2265 3691 2424 3736 natus
2455 3689 2509 3734 et
2539 3680 2700 3735 homo
2731 3679 2908 3735 factus
2936 3699 2948 3735 :
2981 3683 3048 3736 de
3080 3697 3185 3752 quo
3212 3693 3269 3738 ut
3295 3685 3515 3741 homine

1921 3774 2074 3840 illud,
2105 3793 2123 3824 ι
2156 3774 2363 3829 creavit
2396 3788 2502 3839 me,
2533 3792 2553 3825 ›
2587 3773 2722 3827 citra
2759 3773 3149 3843 blasphemiam
3182 3777 3285 3830 dici
3313 3787 3513 3847 potest.

1921 3868 2085 3922 Facta
2127 3877 2212 3922 est
2254 3876 2436 3921 autem
2466 3866 2662 3920 domus
2697 3865 2979 3934 sapientiae
3021 3881 3049 3918 a
3096 3880 3156 3920 se
3201 3879 3514 3924 constructa

1921 3974 2208 4015 commune
2249 3958 2351 4013 hoc
2382 3972 2581 4028 corpus
2623 3972 2687 4010 ex
2726 3966 2912 4010 sancta
2947 3956 3169 4027 Virgine
3207 3969 3412 4024 natum,
3459 3959 3512 4013 in

1921 4067 2028 4120 quo
2058 4051 2278 4121 dignata
2313 4059 2401 4106 est
2432 4049 2683 4104 habitare
2717 4049 2877 4120 156
2900 4048 3177 4118 plenitudo
3213 4051 3514 4108 divinitatis

1921 4144 2302 4213 corporaliter,
2341 4141 2494 4210 juxta
2536 4140 2683 4196 Pauli
2712 4155 2896 4196 vocem
2921 4140 3009 4195 ²¹⁶.
3031 4141 3164 4197 Cum
3192 4143 3358 4211 igitur
3380 4142 3514 4197 Ver-

1922 4236 2047 4287 bum
2089 4247 2217 4287 caro
2254 4233 2456 4286 factum
2497 4234 2588 4296 sit,
2626 4232 2692 4286 de
2728 4233 2844 4299 ipso
2877 4231 3008 4286 dicit
3035 4245 3190 4286 sacra
3231 4232 3512 4302 Scriptura

1923 4325 2072 4378 illud.
2122 4344 2139 4375 ι
2185 4325 2391 4378 creavit
2437 4338 2544 4385 me.
2581 4343 2598 4374 ι
2647 4331 2917 4391 quatenus
2977 4323 3153 4378 factus
3204 4335 3286 4379 est
3335 4341 3464 4381 caro
3494 4367 3512 4382 .

1923 4417 2106 4485 itaque
2135 4415 2235 4468 hoc
2271 4414 2472 4469 dictum
2519 4413 2744 4483 intelligi
2776 4412 2958 4468 debet.

1922 4575 2156 4636 ALIUD,
2193 4575 2347 4641 Quod
2393 4575 2489 4627 hoc
2544 4573 2713 4627 solum
2756 4574 3007 4640 positum,
3055 4591 3073 4623 ι
3113 4576 3306 4627 crearit
3353 4592 3455 4640 me,
3489 4596 3508 4630 ι

301 4633 370 4684 οὐ
401 4631 645 4718 adv:th
665 4632 780 4697 τὴν
808 4635 1005 4713 αἰτίας
1029 4631 1332 4718 enarra/imi,
1366 4639 1526 4692 ἀλλὰ
1556 4631 1670 4707 tin-
1696 4631 1813 4700 ἀπό

1994 4663 2096 4700 non
2128 4631 2178 4699 ἦ),
2200 4631 2510 4718 ἶιηξιιεηιιηι
2539 4631 2766 4696 εαιιδαηί
2789 4631 3074 4718 signiﬁcat,
3103 4647 3202 4718 sed
3235 4661 3300 4718 ex
3334 4631 3515 4718 aliqua

300 4717 463 4766 τινος
489 4701 619 4778 ἤτοι
649 4703 1091 4778 κατασκευῆςλῆ
1114 4701 1465 4775 ’πράγματος
1494 4715 1581 4776 εἰς
1613 4701 1727 4778 Ere;
1747 4717 1817 4768 ἐν

302 4787 354 4822 τι
384 4771 1110 4846 μετάστασινῘΕστωᾲδέ,
1139 4778 1191 4828 εἰ
1215 4771 1455 4845 βούλει,
1481 4771 1571 4846 τὸ,
1606 4800 1622 4832 ι
1665 4771 1818 4838 Eiari-

305 4855 438 4904 σεν,
474 4861 494 4893 s
531 4840 882 4910 ἀδιορίστως
922 4842 1022 4896 ἐπὶ
1052 4840 1331 4912 Χριστοῦ.

313 4971 333 5004 ι
376 4954 583 5025 Κύριος
620 4955 804 5008 ἐκτισέ
841 4973 907 5026 με
946 4957 1121 5028 ἀρχὴν
1159 4959 1294 5013 ὁδῶν
1338 4962 1502 5017 αὑτοῦ
1528 4979 1541 4994 ⁸
1583 4984 1600 5016 ι
1649 4969 1702 5021 εἷ
1734 4987 1817 5033 τις

246 5046 484 5118 ἀκριϐῶς
523 5046 702 5102 ἐθέλοι
745 5050 808 5102 τὸ
845 5051 1230 5121 γεγραμμένον
1269 5058 1431 5121 νοεῖν,
1477 5059 1696 5131 εὑρήσει
1735 5063 1816 5127 τὸ,

252 5153 268 5186 ι
304 5136 537 5201 ἔκτισεν,
581 5157 600 5189 s
639 5136 831 5192 ἐνθάδε
855 5141 914 5192 οὐ
946 5140 1040 5193 τοῦ
1067 5143 1241 5210 Λόγου
1281 5146 1379 5215 τὴν
1407 5149 1594 5202 οὐσίαν
1626 5157 1822 5223 σημαί-

247 5242 328 5277 νον
370 5227 447 5289 ὡς
486 5228 885 5299 πεποιημένην,
915 5227 1030 5282 ἀλλ’
1064 5231 1257 5302 ἑτέραν
1288 5235 1412 5290 τινὰ
1457 5238 1694 5294 διάνοιαν
1733 5243 1823 5313 ὀρ-

252 5318 356 5381 θήν.
401 5318 635 5387 Λέγεται
689 5319 799 5392 γὰρ
847 5319 1129 5384 κτίζεσθαι
1179 5326 1276 5378 καὶ
1311 5327 1380 5379 τὰ
1432 5328 1559 5382 ὄντα
1597 5349 1654 5383 τε
1699 5334 1820 5404 ήδη,

247 5411 332 5461 καὶ
376 5411 445 5463 τὰ
501 5411 668 5482 μήπω
717 5413 1008 5484 γενόμενα.
1048 5413 1122 5465 Τὸ
1158 5414 1213 5467 δὲ
1255 5417 1500 5490 ὑπάρχον
1545 5421 1669 5492 ήδη,
1706 5425 1823 5490 πῶς

247 5498 306 5551 ἂν
342 5500 553 5568 λέγοιτο
587 5502 888 5567 κτίζεσθαι,
921 5504 1016 5557 καὶ
1051 5505 1227 5576 ἀρχὴν
1270 5508 1463 5580 ἑτέραν
1496 5512 1812 5582 λαμϐάνειν,

248 5591 530 5646 ἀκόλουθον
559 5595 706 5648 ἰδεῖν.
763 5593 887 5647 Ἐπὶ
924 5595 1023 5664 μὲν
1061 5598 1172 5668 γὰρ
1199 5598 1307 5651 τῶν
1335 5599 1487 5656 οὓπω
1516 5606 1816 5673 γεγονότων

249 5685 290 5736 εἰ
318 5684 496 5756 τεθείη
537 5688 619 5749 τὸ,
672 5705 689 5740 ι
743 5686 978 5754 ἔκτισεν,
1042 5708 1062 5741 ι
1101 5691 1336 5761 εὐλόγως
1377 5694 1442 5748 ἂν
1480 5697 1577 5768 τὴν
1624 5701 1687 5752 ὲκ
1721 5699 1814 5753 τοῦ

322 5864 363 5894 ⁸³
388 5862 516 5918 Gen.
553 5881 638 5930 xv,
680 5867 733 5922 8.

253 5930 328 5982 ΞΕ.
408 5935 447 5966 ⁸¹
475 5936 631 5992 l'rov.
668 5952 744 6006 tv,
785 5939 831 5993 1.
903 5939 968 5969 ¹¹⁴
1004 5930 1220 6000 Coloss.
1245 5957 1303 6008 tt,
1334 5945 1380 5998 9.

840 5867 1196 5944 "ﬁvotlrm,
1240 5872 1324 5926 15.
1400 5868 1438 5898 ⁸⁷
1472 5875 1695 5933 Zacltar.
1733 5894 1772 5944 t,
1819 5878 1898 5932 12.

2000 4718 2375 4770 constitutione
2428 4714 2505 4768 rel
2557 4729 2611 4764 re
2647 4712 3050 4765 translationem
3095 4715 3147 4767 in
3193 4716 3379 4769 aliam.
3421 4712 3517 4772 ’8η

1997 4802 2140 4857 uero,
2174 4788 2218 4838 si
2251 4786 2410 4849 voles,
2455 4782 2614 4847 illud,
2650 4799 2669 4833 ι
2700 4783 2895 4836 crearit
2920 4799 3020 4848 me,
3059 4802 3078 4835 ›
3132 4787 3407 4857 indeﬁnite
3450 4791 3516 4844 de

1997 4856 2215 4910 Christo
2245 4857 2464 4909 dictant.

2002 4987 2021 5019 ι
2055 4967 2314 5022 Dominus
2344 4966 2554 5022 creavit
2598 4981 2684 5021 tne
2711 4965 2926 5020 initium
2960 4967 3171 5023 viarum
3203 4983 3456 5038 suarum,
3491 4990 3512 5024 ι

1925 5059 1969 5115 si
1993 5059 2116 5129 quis
2136 5066 2331 5114 exacte
2357 5057 2663 5127 intelligere
2692 5057 2842 5125 velit,
2877 5058 3142 5126 inveniet,
3179 5079 3197 5112 ι
3229 5064 3456 5129 creavit,
3491 5082 3510 5116 ι

1924 5150 2013 5204 hic
2041 5164 2148 5204 non
2176 5147 2339 5204 Verbi
2368 5151 2661 5204 eSSentiam
2697 5148 3029 5219 significare,
3065 5161 3122 5206 ut
3157 5151 3378 5222 factam,
3421 5158 3516 5212 scd

1921 5241 2088 5294 alium
2143 5239 2433 5311 quemdam
2483 5250 2694 5295 rectum
2747 5255 2994 5296 sensum.
3052 5243 3316 5300 Dicuntur
3367 5249 3512 5303 enim

1921 5333 2122 5396 creari,
2157 5341 2210 5387 ct
2241 5348 2361 5404 qua‘
2387 5332 2499 5400 jam
2529 5333 2823 5396 exsistunt,
2864 5343 2918 5388 et
2946 5351 3065 5405 qua
3097 5338 3335 5392 nondum
3373 5339 3514 5395 facta

1921 5432 2070 5480 sunt.
2121 5422 2178 5478 Id
2209 5438 2340 5477 vero
2365 5423 2506 5493 quod
2549 5423 2665 5493 jam
2711 5423 2948 5489 exsistit,
2994 5428 3266 5495 quomodo
3305 5429 3518 5484 dicatur

1921 5515 2122 5583 creari,
2179 5516 2433 5584 aliudque
2483 5514 2699 5570 initium
2756 5515 3021 5581 nancisci,
3062 5518 3357 5573 videndum
3408 5535 3512 5576 est.

1923 5606 2057 5661 Nam
2108 5607 2153 5662 si
2202 5607 2268 5660 de
2317 5608 2385 5662 iis
2431 5621 2554 5676 qua:
2611 5607 2850 5661 nondum
2903 5606 3044 5664 facta
3097 5620 3225 5665 sunt
3276 5612 3512 5676 dicatur,

1931 5719 1948 5753 ι
1976 5701 2205 5767 creavit,
2240 5720 2258 5752 ι
2300 5715 2361 5755 ea
2407 5714 2528 5754 cum
2574 5710 2737 5754 antea
2773 5715 2877 5755 non
2908 5709 3115 5768 essent,
3145 5702 3256 5771 jam
3295 5706 3360 5759 ad
3392 5721 3517 5761 esse

2542 5879 2582 5909 ¹⁵
2614 5876 2770 5929 Prov.
2805 5893 2922 5942 vttt,
2960 5876 3049 5929 20.

1995 5880 2034 5909 “‘
2063 5878 2262 5933 llabac.
2297 5894 2354 5942 ιι,
2391 5879 2440 5932 l.
2542 5879 2582 5909 ¹⁵
2614 5876 2770 5929 Prov.
2805 5893 2922 5942 vtn,
2960 5876 3049 5929 20.
3131 5879 3175 5908 ¹⁰
3203 5875 3360 5933 Joan.
3398 5893 3512 5947 Wt,
