3968 6476
442 478 548 532 263

1458 465 1511 516 Si.
1558 458 1826 514 (τι-ιιιιλΑ
1871 453 2340 509 ΜΕΧΑΣΧΟΙΗΧΙ
2385 452 2694 506 Αῐζίῖίίιῐίίδ.

3593 449 3701 504 εστι

445 593 685 649 traducta
735 590 1109 658 signiﬁcantur
1145 605 1156 639 :
1187 587 1254 639 de
1289 587 1355 638 iis
1397 598 1521 636 vero
1552 596 1671 648 qua:
1713 579 1821 645 jam
1859 579 2004 629 exsi-

2114 577 2187 646 μὴ
2222 577 2372 636 δντος
2415 578 2491 635 εἰς
2531 575 2590 624 τὸ
2625 571 2764 624 εἶναι
2805 577 3057 640 σημαίνοι
3101 572 3474 639 παραγωγὴν·
3512 572 3606 620 ἐπι
3643 572 3700 623 δὲ

441 695 608 745 stunt,
651 697 821 750 neque
861 680 1155 744 creatione,
1201 686 1258 730 nt
1299 677 1425 740 sint,
1457 674 1722 742 indigem,
1759 687 1861 723 non
1900 670 2007 738 jam

439 788 625 831 creare
663 772 950 827 essentiam
991 769 1281 840 signiﬁcat,
1313 768 1406 821 sed
1449 779 1514 818 ex
1557 764 1661 817 alio
1693 766 1924 832 quodam
1958 762 2008 813 in

440 867 584 921 aliud
619 864 1046 919 translationem.
1086 862 1154 914 Ut
1197 875 1315 914 cum
1351 858 1514 911 David
1548 855 1719 910 dicit:
1760 873 1776 902 ι
1817 853 1877 906 Et
1919 866 2011 921 po-

437 960 594 1027 pulus
620 958 710 1027 qui
749 956 1020 1010 creabitur
1059 951 1302 1006 laudabit
1333 949 1615 1004 Dominum
1640 948 1706 999 “.
1744 967 1763 997 ι
1798 943 1862 998 Et
1890 959 2009 997 rur-

438 1065 528 1104 sus
557 1068 570 1104 :
608 1067 626 1099 ι
657 1049 759 1101 Cor
791 1046 1043 1098 mundum
1071 1057 1192 1098 crea
1221 1043 1274 1096 in
1314 1056 1426 1104 me,
1460 1040 1604 1093 Deus
1627 1037 1693 1090 ".
1735 1057 1750 1088 ι
1785 1033 1847 1089 Et
1873 1034 2010 1088 Pau-

441 1143 520 1194 lus
563 1139 756 1193 alicubi
793 1140 857 1192 de
907 1137 1124 1191 Christo
1170 1135 1246 1187 ait
1279 1151 1292 1187 :
1329 1152 1347 1183 ι
1381 1131 1578 1200 Legem
1633 1129 2008 1183 mandatorum

438 1232 667 1286 decretis
716 1243 1005 1291 evacuans,
1051 1235 1112 1280 ut
1160 1228 1294 1279 duos
1338 1233 1488 1278 creet
1541 1223 1591 1275 in
1631 1221 1811 1287 seipso
1847 1233 2008 1271 unum

437 1337 630 1374 novum
676 1322 944 1373 hominem
967 1318 1034 1370 “.
1067 1335 1084 1367 ι
1123 1315 1186 1370 Et
1219 1329 1434 1368 rursum
1471 1331 1484 1366 :
1520 1331 1536 1363 ι
1576 1308 1874 1365 lnduamiui
1908 1322 2008 1361 no-

435 1428 558 1465 vum
587 1413 859 1465 hominem
890 1418 1130 1462 creatum
1161 1405 1457 1461 secundum
1493 1403 1657 1456 Denin
1720 1402 1771 1455 in
1803 1399 2008 1469 justitia

433 1511 488 1556 et
528 1502 815 1556 sanctitate
853 1501 1096 1554 veritatis
1118 1500 1183 1552 ”.
1219 1516 1237 1548 ι
1276 1497 1436 1551 Certe
1482 1495 1648 1547 David
1701 1510 1804 1548 non
1839 1505 2010 1560 popu-

435 1593 542 1646 lnm
571 1591 856 1659 quemdam
890 1589 1182 1644 secundum
1205 1585 1498 1642 essentiam
1529 1584 1820 1638 creandum
1849 1581 2012 1651 signi-

435 1684 632 1742 ﬁcavit,
674 1682 765 1736 sed
804 1697 868 1736 ex
898 1695 1082 1734 errore
1116 1678 1182 1733 ad
1227 1676 1584 1748 cognitionem
1635 1675 1725 1728 Dei
1771 1673 2008 1728 transla-

436 1784 566 1826 tum.
598 1764 779 1840 Neque
815 1771 976 1825 etiam
1021 1768 1166 1824 aliud
1205 1777 1400 1837 praeter
1441 1768 1490 1820 id
1520 1767 1662 1831 quod
1698 1765 1882 1826 habet,
1915 1778 2010 1818 cor

431 1862 602 1915 creari
648 1864 698 1914 in
743 1876 803 1913 se
833 1860 986 1928 petit,
1017 1857 1111 1912 sed
1168 1858 1234 1911 ad
1284 1857 1574 1926 puritatem
1617 1845 1804 1909 cordis.
1831 1865 2005 1908 trans-

435 1954 556 2006 ferri
591 1953 757 2020 cupit.
792 1950 1238 2018 Sapientissimus
1277 1957 1454 2002 autem
1487 1947 1707 2009 Paulus,
1741 1961 1844 2000 non
1870 1945 2005 2001 duos

435 2043 678 2094 homines
709 2042 758 2094 in
787 2042 1050 2095 unitatem
1081 2038 1380 2093 naturalem
1408 2053 1502 2107 per
1527 2037 1804 2092 Christum
1830 2038 2005 2091 creari

434 2133 581 2194 dicit,
623 2133 694 2185 ita
730 2142 786 2186 ut
827 2132 1123 2186 exsistendi
1166 2129 1491 2201 principium
1535 2131 1869 2199 acciperent,
1914 2130 2007 2184 sed

433 2223 685 2292 populum
720 2223 1069 2278 Israeliticum
1110 2234 1162 2276 et
1206 2231 1393 2292 gentes
1438 2223 1490 2274 in
1524 2222 1816 2274 novitatem
1860 2236 2008 2274 men-

435 2316 502 2368 tis
561 2315 834 2368 traductos
891 2313 1042 2377 dicit,
1101 2323 1263 2382 atque
1312 2312 1430 2367 illos
1486 2312 1704 2381 quidem
1768 2325 1796 2364 a
1853 2311 2004 2381 legali

431 2406 602 2469 cultu,
663 2405 760 2459 hos
795 2419 920 2458 vero
951 2406 1019 2458 ab
1048 2404 1247 2458 usitato
1283 2412 1339 2458 et
1372 2401 1626 2456 familiari
1662 2403 1792 2472 ipsis
1819 2416 2007 2457 errore

431 2499 710 2551 abductos.
764 2496 827 2549 Et
876 2510 1069 2550 rursus
1113 2509 1303 2550 omnes
1359 2494 1504 2550 indui
1533 2494 1687 2564 jubet
1735 2495 2005 2549 hominem

433 2604 646 2654 novum,
673 2589 761 2658 qui
795 2588 1086 2642 secundum
1114 2586 1284 2642 Deum
1311 2596 1528 2642 creatus
1556 2598 1660 2641 est.
1697 2587 1860 2656 Atqui
1893 2601 2007 2640 ma-

433 2680 685 2734 nifestum
739 2689 840 2740 est,
876 2679 1024 2732 illum
1061 2693 1168 2733 non
1217 2679 1490 2734 hominem
1540 2679 1776 2748 aliquem
1811 2694 2005 2734 secun-

433 2773 555 2826 dum
603 2773 894 2826 essentiam
949 2772 1147 2827 factum
1203 2771 1532 2839 signiﬁcare,
1581 2786 1738 2840 quem
1787 2771 2007 2826 induere

431 2871 701 2926 oporteat,
752 2863 844 2914 sed
897 2864 1062 2915 vitam
1094 2860 1244 2928 juxta
1290 2861 1503 2916 virtutis
1553 2875 1798 2916 normam
1854 2861 2007 2915 insti-

433 2954 532 3019 tui,
580 2962 633 3006 et
689 2952 1020 3006 voluntatem
1072 2951 1363 3006 instaurari
1415 2961 1576 3020 atque
1625 2953 1891 3006 innovari.
1947 2951 2001 3005 Si

431 3058 562 3112 ergo
593 3045 767 3097 creari
805 3045 906 3095 non
939 3057 1149 3109 semper
1181 3041 1334 3111 157
1380 3044 1668 3096 essentiam
1705 3042 2001 3111 signiﬁcat,

433 3150 593 3201 quam
629 3133 889 3186 rationem
937 3133 1116 3198 habet,
1160 3142 1252 3185 aut
1320 3133 1591 3200 quomodo
1635 3149 1739 3187 non
1785 3132 2001 3189 stultum

432 3221 627 3283 fuerit,
683 3223 747 3276 de
809 3223 872 3276 iis
909 3223 1123 3290 quidem
1183 3224 1274 3293 qui
1329 3239 1515 3279 revera
1570 3235 1831 3279 creatura:
1877 3235 2001 3280 sunt

435 3324 578 3367 recte
609 3312 656 3365 id
694 3315 836 3380 quod
868 3316 1126 3382 scriptum
1162 3324 1247 3368 est
1271 3317 1538 3384 accipere,
1582 3316 1648 3370 de
1683 3315 1861 3371 Verbo
1893 3332 2003 3370 au-

436 3413 538 3455 tem
581 3403 698 3470 Dei,
733 3405 784 3456 in
816 3417 921 3470 quo
953 3402 1221 3472 praacipue
1262 3404 1313 3458 id
1342 3403 1616 3458 observari
1662 3413 1895 3473 oportet,
1930 3407 2006 3461 si-

435 3500 601 3552 nistre
656 3500 754 3553 hoc
786 3497 1171 3565 interpretari?
1207 3516 1226 3549 ι
1269 3499 1524 3552 Dominus
1573 3500 1753 3564 enim,
1795 3500 2004 3568 inquit,

431 3593 638 3644 creavit
674 3607 776 3657 me,
808 3610 825 3641 ι
866 3606 1039 3660 neque
1071 3589 1121 3644 in
1154 3591 1257 3645 hoc
1291 3591 1478 3656 verbo,
1505 3610 1522 3641 ι
1557 3593 1781 3657 creavit,
1824 3611 1842 3644 ι
1877 3593 2005 3648 dicti

436 3683 543 3735 vim
574 3682 739 3745 sistit,
775 3683 867 3736 sed
915 3682 1082 3746 addit,
1142 3700 1161 3733 ι
1193 3682 1402 3736 initium
1437 3683 1643 3736 viarum
1686 3697 1903 3736 suarum
1951 3683 2003 3736 in

432 3786 592 3839 Opera
622 3773 736 3839 ejus
769 3789 786 3822 ι
830 3773 1056 3834 creavit,
1090 3782 1145 3826 et
1178 3785 1282 3825 non
1309 3772 1377 3826 ad
1411 3786 1530 3826 esse
1564 3772 1872 3837 traducens,
1909 3774 2005 3828 sed

433 3863 641 3916 creavit
671 3863 879 3917 initium
906 3863 1110 3916 viarum
1140 3878 1357 3917 suarum
1394 3863 1446 3916 in
1474 3879 1634 3933 Opera
1667 3862 1813 3932 ejus;
1861 3866 2005 3936 quod

436 3953 508 4005 ita
563 3953 830 4022 intelliges
865 3969 878 4005 :
909 3954 1028 4007 Vim
1085 3953 1274 4023 legalis
1329 3969 1356 4006 a
1385 3953 1583 4014 Iudaeis
1631 3956 1926 4021 colebatur,
1974 3969 2003 4009 a

435 4042 684 4111 gentibus
715 4057 841 4097 vero
883 4043 990 4096 vita
1037 4044 1329 4097 secundum
1365 4043 1631 4111 justitiam
1667 4046 1815 4100 nullo
1850 4049 2006 4100 modo

435 4131 881 4199 cognoscebatnr.
919 4131 1149 4186 Verbum
1192 4133 1373 4203 itaque
1399 4134 1490 4187 Dei
1530 4134 1730 4189 factum
1757 4146 1859 4201 est,
1892 4137 2006 4192 sive
2054 4126 2056 4128 ’

437 4237 673 4277 creatum
720 4230 821 4287 est,
870 4238 1018 4287 caro,
1057 4225 1157 4279 hoc
1202 4236 1284 4279 εει
1326 4227 1507 4290 homo,
1545 4237 1602 4282 ut
1648 4228 1855 4282 initium
1889 4244 2003 4282 via-

438 4329 554 4366 rum
587 4315 791 4367 Domini
830 4324 883 4368 et
919 4330 1139 4384 operum
1169 4317 1287 4386 ejus
1312 4320 1563 4373 omnibus
1592 4321 1913 4373 inveniatur.
1946 4319 2000 4373 ln

439 4405 613 4472 primo
660 4405 802 4459 enim
850 4405 1068 4460 Christo
1109 4410 1416 4477 evangelica
1462 4412 1568 4464 vita
1615 4411 1829 4466 effulsit.
1878 4411 2004 4466 Vies

438 4504 614 4548 autem
667 4505 718 4548 et
755 4513 914 4564 opera
957 4498 1188 4564 Domini,
1235 4502 1361 4568 quid
1412 4502 1554 4555 aliud
1607 4518 1726 4558 esse
1780 4518 2003 4557 censea-

2111 667 2217 717 τῶν
2250 666 2416 717 όντων
2448 665 2544 732 ἤδη
2587 664 2678 715 καὶ
2713 660 2818 712 τῶν
2851 660 3124 723 κτίξεσθαι
3168 661 3308 712 κατὰ⁵
3334 657 3392 710 τὸ
3438 653 3579 709 εἶναι
3625 674 3701 726 μη

2111 757 2398 825 δεομένων,
2437 754 2621 806 οὐκέτι
2655 753 2754 823 τὴν
2793 752 2979 804 οὐσίαν
3014 751 3289 821 σημαίνει,
3329 749 3463 804 ἀλλὰ
3501 751 3601 819 τὴν
3638 752 3703 803 ἐκ

2112 866 2254 910 τινος
2295 847 2481 916 ἐτέρου
2527 846 2659 916 πρὸς
2695 845 2882 915 ἕτερόν
2927 862 2979 896 τι
3036 843 3388 914 μετάστασιν.
3437 843 3525 905 Ὠς
3569 845 3704 896 ὅταν

2111 941 2244 1010 λέγῃ
2287 940 2485 993 Δαϐίδ·
2528 958 2545 989 ι
2593 939 2698 991 Καὶ
2745 937 2871 1001 λαὸς
2901 938 2928 988 ό
2964 937 3304 1006 κτιζόμενος,
3361 935 3564 988 αἰνέσει
3610 937 3704 987 τὸν

2112 1033 2336 1104 Κύριον.
2383 1053 2398 1084 ι
2440 1033 2549 1085 Καὶ
2590 1031 2787 1084 πάλιν·
2846 1049 2862 1078 ι
2919 1029 3164 1099 Καρδίαν
3214 1027 3461 1098 καθαρὰν
3511 1028 3702 1079 κτίσον

2111 1127 2168 1177 ἐν
2203 1125 2348 1195 ἐμοὶ,
2379 1127 2406 1177 ὁ
2440 1124 2592 1186 Θεός.
2622 1142 2639 1174 ι
2676 1122 2732 1174 ’0
2763 1121 2817 1174 δὲ
2859 1121 3067 1183 Παῦλός
3097 1121 3227 1191 φησί
3267 1137 3364 1172 που
3399 1120 3528 1188 περὶ
3570 1120 3708 1189 Χρι-

2114 1217 2237 1270 στοῦ
2260 1235 2274 1247 ·
2307 1235 2324 1266 ι
2365 1216 2468 1268 Τὸν
2494 1215 2653 1284 νόμον
2674 1213 2779 1267 τῶν
2810 1213 3035 1265 ἐντολῶν
3064 1214 3121 1263 ὲν
3150 1211 3384 1280 δόγμασι
3413 1214 3704 1279 καταργή-

2113 1325 2230 1372 σας,
2267 1308 2352 1360 ἴνα
2401 1309 2531 1370 τοῦς
2583 1306 2676 1358 δυο
2716 1305 2874 1374 κτίσῃ
2925 1305 2982 1356 ὲν
3029 1301 3205 1372 ἑαυτῷ
3251 1305 3329 1365 είς
3377 1301 3703 1354 ἓνακαινὶιν

2110 1400 2415 1469 ἄνθρωπον.
2481 1418 2496 1449 ι
2555 1399 2666 1450 Καὶ
2716 1397 2910 1450 πάλιν·
2971 1415 2986 1446 ι
3062 1393 3385 1446 Ἐνδύσασθε
3435 1393 3525 1444 τὸν
3573 1393 3701 1444 νέον

2109 1491 2397 1562 ἄνθρωπον
2446 1491 2535 1542 τὸν
2593 1489 2732 1541 κατὰ
2771 1488 2903 1540 Θεὸν
2951 1487 3240 1539 κτισθέντα
3274 1488 3329 1536 ὲν
3376 1483 3696 1553 δικαιοσύνῃ

2110 1586 2203 1638 καὶ
2240 1585 2477 1653 ὁσιότητι
2533 1583 2633 1650 τῆς
2685 1581 2960 1650 ἀληθείας.
3003 1598 3020 1629 ι
3062 1577 3170 1631 Καὶ
3207 1579 3266 1630 οὐ
3309 1578 3370 1645 δή
3427 1595 3526 1628 που
3562 1576 3697 1627 λαὸν

2113 1675 2210 1744 μέν
2236 1691 2357 1726 τινα
2387 1673 2505 1724 κατ’
2533 1672 2718 1725 οὐσίαν
2747 1669 3061 1740 κτιζόμενον
3098 1669 3392 1737 ἐσήμαινεν
3426 1669 3452 1718 ό
3491 1665 3657 1717 Δαὸίδ
3678 1680 3691 1696 °

2110 1767 2243 1819 ἀλλὰ
2295 1766 2383 1818 τὸν
2434 1767 2496 1817 ἐκ
2547 1763 2753 1831 πλάνης
2786 1763 2864 1823 εἰς
2899 1761 3193 1826 ἐπίγνωσιν
3226 1758 3360 1810 Θεοῦ
3400 1755 3696 1826 μετατιθέ-

2115 1875 2273 1928 μενον
2308 1858 2476 1926 λέγει.
2526 1855 2613 1907 Ἐν
2649 1853 2826 1922 ἑαυτῷ
2873 1854 2929 1905 δὲ
2983 1851 3262 1916 κτίζεσθαι
3310 1851 3534 1920 καρδίαν
3590 1850 3694 1917 οὐχ

2108 1949 2303 2018 ἑτέραν
2360 1947 2488 2016 παρ’
2527 1947 2591 2014 ἣν
2639 1939 2782 2013 εἶχεν
2833 1941 3004 2011 ἠξίου,
3047 1941 3162 1992 ἀλλ’
3212 1942 3290 2001 είς
3339 1939 3695 2007 καθαρότητα

2109 2041 2277 2110 αὐτὴν
2314 2035 2725 2108 μεταποιεῖσθαι
2773 2035 3092 2104 παρεκάλει.
3147 2032 3206 2083 Ὀ
3253 2031 3308 2083 δέ
3347 2047 3408 2097 γε
3445 2029 3694 2096 σοφώτα-

2109 2150 2199 2194 τος
2249 2130 2480 2192 Παῦλος,
2533 2129 2591 2179 οὐ
2635 2126 2727 2178 δύο
2764 2126 2911 2186 τινας
2951 2124 3268 2192 ἀνθρώπους
3333 2124 3410 2184 είς
3457 2121 3691 2189 ἑνότητα

2111 2224 2343 2293 φυσικὴν
2377 2218 2758 2283 ἀνακτίζεσθαι
2805 2217 2952 2287 λέγει
2986 2216 3070 2268 διὰ
3106 2215 3364 2286 Χριστοῦ,
3403 2214 3476 2276 ὡς
3510 2213 3692 2282 ἀρχὴν

2108 2315 2200 2368 τοῦ
2238 2309 2376 2366 εἶναι
2404 2311 2775 2381 λαμϐάνοντας
2801 2324 2812 2334 ·
2845 2307 2979 2361 ἀλλὰ
3005 2305 3131 2370 τούς
3161 2323 3217 2358 τε
3249 2308 3306 2370 ἐξ
3345 2303 3561 2374 Ἰσραὴλ
3591 2305 3692 2355 καὶ

2107 2405 2232 2468 τοὺς
2263 2402 2322 2468 ἐξ
2349 2402 2516 2455 ἐθνῶν
2551 2401 2630 2461 είς
2661 2398 2956 2467 καινότητα
2985 2396 3211 2465 γνώμης
3249 2392 3689 2465 μεταποιηθήσε-

2113 2495 2234 2548 σθαι
2267 2493 2446 2562 λέγει·
2490 2493 2614 2556 τοὺς
2649 2493 2746 2561 μὲν
2785 2492 2925 2544 κατὰ
2959 2489 3120 2558 νόμον
3154 2488 3427 2557 λατρείας,
3471 2491 3598 2551 τοὺς
3632 2489 3690 2542 δὲ

2108 2588 2207 2656 τῆς
2256 2585 2552 2654 συντρόφου
2596 2583 2806 2652 πλάνης
2851 2579 3295 2649 ἐπιλαθομένους.
3356 2579 3465 2632 Καὶ
3523 2580 3690 2632 πάλιν

2110 2677 2433 2732 ἐνδύσασθαι
2470 2678 2633 2730 πᾶσιν
2663 2677 2796 2745 ἡμῖν
2825 2673 3100 2725 ἐπιτάττει
3129 2672 3221 2747 τὸν
3264 2672 3445 2724 καινὸν
3476 2672 3690 2743 ἄνθρω-

2111 2787 2211 2822 πον
2242 2771 2333 2821 τὸν
2370 2767 2510 2820 κατὰ
2540 2767 2671 2818 Θεὸν
2711 2764 3017 2818 κτισθέντα.
3058 2764 3163 2816 Καὶ
3211 2762 3366 2833 δῆλόν
3415 2764 3563 2814 ἔστιν
3611 2763 3690 2827 ὡς

2107 2863 2206 2914 οὐκ
2254 2860 2537 2932 ἄνθρωπόν
2580 2876 2700 2912 τινα
2738 2858 2855 2910 κατ’
2889 2853 3075 2908 οὐσίαν
3110 2855 3370 2922 γεγονότα
3405 2855 3688 2924 σημαίνει,

2105 2953 2166 3004 ὃν
2202 2951 2523 3006 ἐνδύσασθαι
2557 2951 2682 3021 χρὴ,
2722 2949 2856 3002 ἀλλὰ
2904 2948 2992 3000 τὸν
3025 2948 3144 3000 κατ’
3183 2946 3382 3016 ἀρετὴν
3428 2946 3541 3014 βίον
3591 2946 3693 2998 καὶ

2105 3045 2196 3098 τὸν
2249 3044 2348 3112 τῆς
2405 3042 2777 3114 προαιρέσεως
2815 3039 3226 3109 ἀνακαινισμδν.
3282 3039 3342 3090 El
3400 3039 3576 3090 τοίνυν
3630 3036 3691 3090 τὸ

2108 3133 2388 3198 κτίζεσθαι
2423 3133 2481 3184 οὺ
2517 3131 2733 3193 πάντως
2765 3129 2860 3197 τὴν
2889 3130 3076 3182 οὐσίαν
3102 3128 3270 3198 δηλοῖ,
3298 3131 3447 3180 ποῖον
3482 3128 3547 3180 ἂν
3574 3127 3692 3198 ἔχοι

2110 3227 2287 3292 λόγον,
2321 3224 2352 3294 ἢ
2393 3224 2510 3285 πῶς
2551 3223 2649 3274 οὐκ
2694 3222 2918 3289 ἀνόητον
2961 3223 3052 3273 ἐπὶ
3094 3222 3190 3290 μὲν
3223 3221 3331 3273 τῶν
3361 3222 3527 3282 ὅντως
3569 3238 3693 3274 κτιο

2117 3317 2341 3386 σμάτων
2374 3315 2550 3386 ὀρθῶς
2588 3315 2647 3366 τὸ
2680 3313 3064 3384 γεγραμμένον
3109 3312 3446 3383 ἐκδέχεσθαι,
3484 3312 3576 3364 ἐπὶ
3631 3313 3690 3366 δὲ

2105 3408 2198 3461 τοῦ
2241 3406 2375 3460 Θεοῦ
2408 3407 2601 3474 Λόγου,
2649 3405 2734 3474 ἐφ’
2767 3400 2809 3472 ᾧ
2840 3405 2902 3475 δὴ
2940 3406 3173 3474 μάλιστα
3212 3405 3369 3457 τοῦτο
3415 3406 3689 3473 φυλάττε-

2109 3501 2228 3555 σθαι
2251 3500 2376 3571 χρὴ,
2399 3490 2574 3568 σαθρᾶ
2600 3497 2853 3559 νοοῦντας
2879 3497 3247 3568 εὑρίσκεσθαις
3271 3515 3287 3545 ι
3317 3495 3517 3565 Κύριος
3553 3495 3690 3565 γὰρ,

2108 3593 2292 3663 φησὶν,
2320 3592 2500 3644 ἕκτισέ
2533 3608 2600 3660 με
2623 3606 2634 3618 ·
2666 3610 2682 3642 ι
2721 3589 2812 3641 καὶ
2833 3589 2896 3640 οὐ
2926 3589 3086 3658 μέχρι
3111 3586 3225 3649 τοῦ,
3258 3605 3276 3636 ι
3317 3587 3498 3640 ἔκτισέ
3533 3603 3624 3656 με,
3667 3606 3686 3640 ι

2107 3684 2198 3737 τοῦ
2230 3684 2387 3751 λόγου
2435 3682 2534 3752 τὴν
2567 3681 2798 3750 δύναμιν
2844 3680 3075 3749 ἵστησιν,
3121 3677 3258 3731 ἀλλὰ
3305 3677 3691 3748 προστίθησιν,

2105 3778 2186 3830 ὅτι
2227 3794 2244 3826 ι
2281 3775 2456 3846 ἀρχὴν
2487 3763 2622 3827 δδῶν
2643 3771 2808 3827 αὐτοῦ
2843 3791 2860 3823 ι
2896 3774 2975 3834 εἰς
3002 3771 3138 3840 ἔργα
3165 3771 3328 3823 αὑτοῦ
3358 3772 3559 3835 ἔκτισε,
3590 3773 3690 3823 καὶ

2105 3868 2205 3921 οῦκ
2247 3869 2326 3930 είς
2369 3868 2430 3920 τὸ
2485 3864 2622 3920 εἶναι
2675 3863 3034 3936 παραγαγὼν,
3084 3862 3197 3916 ἀλλ’
3246 3862 3455 3914 ἔκτισεν
3509 3864 3692 3932 ἀρχὴν

2106 3959 2239 4013 ὁδῶν
2277 3957 2439 4010 αὑτοῦ
2471 3959 2548 4020 είς
2577 3956 2714 4026 ἔργα
2759 3953 2922 4009 αὑτοῦ
2945 3969 2958 3984 ο
2998 3955 3133 4024 ὅπερ
3167 3953 3310 4006 οῦτω
3340 3955 3571 4024 νοήσεις.
3623 3954 3690 4006 'H

2109 4051 2250 4104 κατὰ
2288 4049 2449 4118 νόμον
2484 4048 2725 4100 πολιτεία
2764 4047 3050 4116 ἐτετίμητο
3077 4046 3174 4115 μὲν
3205 4046 3356 4115 παρὰ
3393 4049 3502 4108 τοῖς
3555 4043 3689 4096 Ἰου-

2107 4142 2294 4206 δαίοις,
2327 4141 2478 4211 παρὰ
2514 4140 2571 4193 δὲ
2608 4142 2718 4202 τοῖς
2769 4139 2974 4191 ἔθνεσιν
3018 4138 3127 4190 οὐδ’
3161 4138 3294 4200 ὅλως
3343 4141 3370 4190 ὁ
3420 4139 3558 4190 κατὰ
3605 4139 3694 4192 δι-

2107 4233 2402 4304 καιοσύνην
2430 4232 2542 4302 βίος
2568 4229 2916 4299 ἐγινώσκετο.
2946 4229 3137 4296 Γέγονε
3171 4230 3368 4290 τοίνυν,
3402 4229 3518 4298 ἦτοι
3541 4230 3694 4282 ἐκτί-

2114 4326 2234 4396 σθη,
2273 4325 2410 4396 σὰρξ
2449 4325 2478 4376 ὸ
2511 4323 2602 4376 τοῦ
2643 4322 2776 4375 Θεοῦ
2823 4321 3012 4388 Λόγος,
3051 4320 3327 4372 τουτέστιν
3374 4319 3688 4388 ἄνθρωπος,

2109 4417 2196 4467 ἵνα
2227 4417 2320 4469 καὶ
2345 4414 2485 4485 ἁρχὴ
2518 4413 2625 4465 τῶν
2660 4413 2794 4466 ὁδῶν
2828 4412 2918 4464 τοῦ
2962 4411 3166 4480 Κυρίου
3218 4412 3308 4462 καὶ
3354 4410 3460 4463 τῶν
3507 4411 3693 4480 ἔργων

2111 4507 2274 4562 αὐτοῦ
2335 4507 2498 4558 πᾶσιν
2551 4505 2771 4574 εὑρεθῇ.
2827 4504 2914 4557 Ἑν
2973 4504 3081 4572 γὰρ
3140 4502 3338 4572 πρώτῳ
3386 4502 3609 4574 Χριστῷ
3663 4507 3694 4556 ὁ

439 4601 578 4648 mus,
625 4601 784 4655 quam
831 4598 1095 4658 prtecepta
1141 4591 1288 4657 ejus?
1317 4607 1438 4660 qua:
1485 4603 1802 4662 praestantes
1842 4605 2004 4664 atque

2115 4598 2464 4668 εὐαγγελικὺς
2491 4597 2767 4666 ἀνέλαμψε
2800 4596 2930 4666 βίος.
2984 4596 3170 4657 Ὁδοὺς
3193 4595 3249 4646 δὲ
3286 4596 3378 4647 καὶ
3416 4595 3550 4667 ἔργα
3577 4597 3691 4648 Κυ-

437 4686 793 4743 exsequentes
832 4678 993 4731 veluti
1042 4680 1226 4735 multis
1265 4696 1328 4735 ac
1354 4683 1522 4738 variis
1571 4685 1672 4738 viis
1718 4685 1783 4736 ad
1831 4685 2002 4752 ipsum

438 4767 796 4834 procedimus.
840 4769 992 4833 Quod
1037 4783 1165 4824 vero
1199 4786 1366 4840 opera
1405 4773 1662 4826 eximiam
1710 4785 1763 4828 et
1800 4785 2002 4830 rectam

436 4855 600 4910 vitam
630 4858 958 4925 signiﬁcent,
985 4871 1037 4912 et
1063 4872 1338 4930 pracepta
1373 4863 1487 4925 Dei,
1526 4866 1646 4917 audi
1684 4867 1811 4933 quid
1850 4881 2003 4921 sacra

438 4948 714 5017 Scriptura
753 4950 896 5005 dicat
928 4969 941 5004 :
976 4969 995 5003 ι
1032 4951 1120 5005 Va:
1157 4955 1245 5021 qui
1285 4954 1487 5008 faciunt
1513 4971 1674 5024 Opera
1708 4957 1796 5011 Dei
1831 4959 2001 5028 negli-

439 5052 623 5110 genter
646 5043 734 5098 η’.
775 5061 793 5096 ι
837 5044 1033 5099 Beatus
1073 5055 1249 5098 autem
1283 5045 1446 5100 David
1483 5059 1744 5118 praecepta
1788 5049 1881 5104 Dei
1912 5067 2005 5118 ap-

440 5132 641 5202 pellans
688 5136 823 5202 vias,
875 5138 948 5191 ita
994 5139 1302 5193 exclamat:
1341 5158 1358 5190 ι
1395 5139 1520 5194 Vias
1569 5151 1708 5204 tuas,
1761 5145 2002 5209 Domine,

441 5238 595 5282 notas
636 5230 718 5284 l'ac
750 5232 900 5296 mihi,
937 5243 990 5286 et
1021 5233 1246 5288 semitas
1271 5241 1390 5289 tuas
1417 5235 1548 5289 doce
1581 5239 1746 5291 me“.
1785 5257 1801 5288 ι

2115 4693 2252 4766 ρίου,
2287 4691 2338 4743 τί
2368 4689 2473 4759 χρὴ
2499 4690 2638 4740 νοεῖν
2664 4689 2869 4756 ἕτερον,
2901 4688 2933 4756 ἢ
2966 4687 3181 4748 πάντως
3211 4684 3312 4748 τὰς
3342 4685 3560 4749 ἐντολὰς
3589 4687 3685 4738 αὖ·

2113 4784 2245 4848 τοῦ;
2299 4783 2476 4852 ἇσπερ
2528 4780 2896 4842 ἐπιτελοῦντες
2941 4781 3033 4832 καὶ
3079 4777 3455 4849 ἐργαζόμενοι,
3494 4776 3693 4850 ὥσπερ

2111 4877 2198 4930 διὰ
2229 4873 2436 4928 πολλῶν
2463 4874 2555 4926 καὶ
2577 4873 2824 4943 ποικίλης
2853 4870 2972 4924 ὁδοῦ
3002 4870 3286 4940 βαδίζομεν
3326 4869 3461 4939 πρὸς
3493 4869 3689 4925 αὐτόν.

2116 4969 2236 5020 ’Ότι
2284 4966 2340 5019 δὲ
2387 4965 2456 5019 τὰ
2486 4965 2621 5034 ἔργα
2660 4963 2750 5017 τὸν
2795 4961 3072 5030 ἐξαίρετον
3112 4961 3360 5030 σημαίνει
3403 4959 3537 5030 βίον,
3591 4964 3693 5015 καὶ

2111 5060 2179 5113 τὰ
2213 5058 2609 5129 προστάγματα
2649 5055 2741 5109 τοῦ
2791 5053 2948 5118 Θεοῦ,
2998 5053 3160 5106 ἄκουε
3208 5052 3259 5104 τί
3294 5053 3520 5121 φησινή
3566 5052 3692 5107 θεία

2113 5154 2333 5223 Γραφή·
2376 5169 2393 5200 ι
2444 5149 2577 5202 Οὐαὶ
2605 5149 2654 5202 οἱ
2701 5146 2981 5208 ποιοῦντες
3028 5144 3095 5196 τὰ
3133 5142 3266 5214 ἔργα
3304 5143 3507 5211 Κυρίου
3545 5143 3690 5211 ἁμε-

2111 5246 2239 5309 λῶς.
2280 5264 2297 5294 ι
2345 5243 2404 5296 ὐ
2438 5242 2492 5295 δὲ
2529 5241 2795 5312 μακάριος
2823 5238 3005 5302 suam,
3046 5236 3195 5299 ὁδοὺς
3227 5230 3363 5287 είναι
3391 5235 3562 5302 λέγων
3586 5235 3690 5298 τὰς

437 5318 671 5385 ἐντολὰς»
713 5323 1139 5395 ἀναφθέγγεταιο
1191 5345 1208 5380 ⁸
1271 5328 1380 5390 Τὰς
1427 5327 1577 5392 ὁδούς
1633 5347 1746 5392 σου,
1802 5334 1999 5404 Κυριε,
2035 5338 2297 5410 γνώρισόν
2365 5353 2474 5406 μοι,
2526 5335 2616 5388 καὶ
2659 5334 2756 5396 τὰς
2796 5331 3017 5399 τρίϐους
3046 5347 3136 5382 σου
3171 5328 3377 5393 δίδαξὸν
3422 5346 3508 5399 με.
3553 5348 3570 5377 ι

1034 5459 1182 5515 Idem
1225 5462 1399 5515 aliter.

515 5612 534 5646 ι
566 5596 824 5653 Dominus
850 5601 1052 5655 creavit
1089 5615 1172 5655 me
1201 5600 1407 5654 initium
1443 5601 1652 5654 viarum
1690 5615 1912 5655 suarum
1942 5602 1996 5656 in

439 5702 601 5759 opera
651 5690 836 5761 ipsius.
868 5710 886 5744 ι
939 5691 1170 5748 Verbum
1210 5692 1330 5760 hoc,
1376 5712 1394 5744 ι
1427 5694 1655 5761 creavit,
1692 5713 1710 5746 ›
1764 5710 1867 5750 non
1916 5711 2002 5751 es-

507 5849 552 5880 ”
575 5847 710 5975 Dial.
739 5863 816 5916 (ιι,
849 5849 932 5904 19.
1005 5847 1208 5905 "Psal.
1232 5864 1283 5916 1.,
1310 5848 1393 5902 12.
1465 5847 1722 5920 “Ephes.
1754 5864 1812 5912 ιι,
1840 5849 1925 5901 15.

507 5937 589 5975 .iv.
652 5962 663 5975 .

440 5937 589 5984 Χιιν,
613 5937 663 5976 4.

2075 5848 2120 5881 ’⁵
2166 5849 2362 5920 Ephes.
2414 5866 2486 5916 Iv,
2541 5851 2631 5905 24.

2621 5471 2853 5532 ’Ἄλλως
2892 5468 2953 5518 τὸ
2988 5466 3150 5520 αὐτό.

2190 5627 2208 5659 ι
2258 5604 2459 5676 Κύριος
2503 5604 2684 5660 ἕκτισέ
2739 5621 2804 5674 με
2843 5604 3015 5674 ἀρχὴν
3059 5601 3190 5654 ὁδῶν
3229 5600 3392 5653 αὐτοῦ
3433 5601 3510 5660 εἰς
3550 5598 3687 5670 ἔργα

2112 5696 2298 5750 αὐτοῦ.
2349 5715 2366 5748 ι
2406 5696 2500 5758 Τὸ,
2551 5715 2567 5744 ι
2621 5695 2852 5759 ἔκτισεν,
2897 5715 2915 5745 >
2959 5695 3016 5746 οὑ
3065 5691 3205 5747 κατὰ
3237 5692 3333 5762 τῆς
3374 5691 3562 5754 οὐσίας
3593 5692 3690 5744 τοῦ

2739 5851 2806 5883 ’⁵⁸
2844 5849 3042 5906 Jerem.
3081 5863 3265 5916 mni,
3302 5849 3384 5904 10.
3462 5849 3508 5880 ’⁸
3536 5848 3686 5906 Psal.
