3968 6534
272 498 379 556 273

1678 494 2127 554 THESAURUS.

3450 484 3559 543 274

272 616 362 670 διὰ
386 616 479 685 τῆς
502 615 730 686 σαρκός,
779 614 812 667 6
852 612 985 677 Θεὸς
1025 612 1117 665 τὸν
1155 610 1353 665 ἑαυτοῦ
1403 610 1534 665 Υἰὸν
1559 592 1784 681 πέμψας
1812 610 1870 663 ὲν

2005 610 2172 665 lilium
2217 623 2374 665 suum
2413 608 2635 665 mittens
2671 608 2723 662 in
2760 603 3177 664 similitudinem
3216 601 3401 658 carnis
3442 618 3572 673 pec—

274 705 576 775 όμοιιίιματι
600 702 809 774 σαρκὸς
835 702 1133 774 ἁμαρτίας,
1151 703 1247 754 καὶ
1279 701 1407 772 περὶ
1437 700 1713 771 ἁμαρτίας
1742 706 1875 754 κατ-

276 798 455 867 έκρινε
500 795 601 866 τὴν
631 794 921 865 ἁμαρτίαν
966 796 1024 847 ὲν
1063 796 1130 864 τῇ
1168 793 1351 863 σαρκὶ,
1391 790 1481 844 ίνα
1511 792 1572 845 τὸ
1596 789 1874 860 δικαίωμα

276 888 365 940 τοῦ
404 888 575 957 νόμου
625 886 897 959 πληρωθῇ
956 888 1014 939 ὲν
1061 886 1219 955 ἡμῖν,
1251 886 1364 947 τοῖς
1410 882 1486 954 μὴ
1512 881 1654 935 κατὰ
1693 882 1875 953 σάρκα

278 978 697 1049 περιπατοῦσιν,
752 977 893 1032 ἀλλὰ
958 975 1102 1029 κατὰ
1158 974 1442 1046 πνεῦμα.»
1514 974 1625 1028 Καὶ
1674 973 1872 1027 πάλιν·

286 1089 301 1119 ι
336 1069 412 1122 Οὐ
467 1069 582 1139 γὰρ
625 1067 948 1123 ἀπέστειλεν
986 1069 1015 1121 ό
1058 1066 1189 1132 Θεὸς
1222 1066 1314 1120 τὸν
1352 1066 1481 1119 Υἰὸν
1512 1066 1593 1128 εἰς
1641 1062 1735 1117 τὸν
1785 1063 1879 1118 κό-

282 1175 437 1228 σμον,
473 1159 563 1213 ἴνα
587 1160 751 1230 κρίνῃ
776 1160 871 1212 τὸν
913 1157 1143 1228 κόσμον,
1170 1157 1285 1212 ἀλλ’
1316 1157 1407 1231 ἵνα⁴
1439 1156 1586 1228 σωθῇ
1612 1156 1640 1209 6
1668 1155 1876 1226 κόσμος

280 1251 344 1305 δι’
378 1250 573 1306 αὐτοῦ.
612 1269 633 1303 ι
679 1251 791 1306 Καὶ
823 1251 987 1306 πάλιν
1021 1253 1051 1305 ό
1081 1250 1272 1323 Σωτὴρ
1306 1248 1435 1320 περί
1461 1248 1691 1302 ἑαυτοῦ
1720 1266 1747 1299 ηι
1786 1248 1880 1311 Εἰς

285 1346 468 1415 κρίσιν
487 1342 604 1407 ἐγὼ
628 1344 708 1407 εἰς
726 1342 817 1396 τδν
839 1343 1044 1413 κόσμον
1066 1341 1259 1396 τοῦτον
1275 1338 1460 1412 ἦλθον,
1492 1341 1578 1393 ἵνα
1596 1341 1645 1393 oi
1670 1339 1746 1412 μὴ
1767 1338 1881 1409 βλέ-

284 1453 479 1500 ποντες
513 1436 780 1506 βλέπωσι,
812 1436 910 1488 καὶ
935 1436 986 1489 οἰ
1015 1434 1305 1505 βλέποντες
1335 1432 1524 1503 τυφλοὶ
1550 1432 1874 1499 γένωνται.)

286 1526 413 1579 Ὅτε
451 1526 638 1579 τοίνυν
676 1526 902 1596 γέγονεν
942 1525 1231 1597 ἄνθρωπος
1277 1525 1366 1578 ἴνα
1413 1523 1589 1577 ταῦτα
1614 1522 1881 1595 πληρώσῃ

282 1618 348 1671 τι
394 1618 560 1688 ἔργα,
589 1619 687 1671 κα)⁵
725 1618 870 1691 ἁρχὴ
901 1617 1129 1688 γένηται
1161 1616 1271 1669 τῶν
1298 1614 1558 1669 τοιούτων
1600 1614 1739 1669 ὁδῶν
1760 1655 1775 1677 ,
1806 1615 1887 1666 εἰ-

287 1710 459 1772 κότως
516 1708 584 1762 ἂν
628 1708 779 1777 λέγοι
837 1708 966 1780 περὶ
1009 1706 1207 1762 ἑαυτοῦ
1233 1723 1247 1738 ο
1284 1725 1303 1758 ι
1343 1706 1551 1778 Κύριος
1596 1704 1780 1759 ἐκτισέ
1816 1721 1884 1775 με

286 1800 461 1871 ἀρχὴν
510 1798 651 1853 ὁδῶν
689 1800 857 1854 αὐτοῦ
892 1800 973 1864 εἰς
1008 1799 1149 1871 ἔργα
1193 1796 1380 1854 αὐτοῦ.
1416 1818 1434 1851 ι
1490 1799 1603 1851 Οὐκ
1657 1796 1884 1869 ἐκτίσθη

288 1892 395 1957 γὰρ
428 1888 515 1952 είς
550 1889 616 1942 τὸ
660 1884 804 1942 εἶναι
838 1887 1218 1960 παρενεχθεὶς,
1274 1886 1389 1941 ἀλλ’
1424 1886 1500 1941 ὢν
1531 1886 1621 1941 ἀεὶ
1655 1885 1751 1940 καὶ
1777 1885 1883 1938 ὑπ-

288 1981 494 2051 άρχων,
526 1979 755 2051 ἐκτίσθη
780 1979 919 2050 σὰρξ
947 1980 1035 2035 δια
1057 1977 1157 2043 τας
1177 1979 1548 2051 προκειμένας
1582 1980 1787 2043 αἰτίας.

293 2095 416 2148 Ἔτι
441 2096 534 2162 εις
567 2092 658 2157 τό,
700 2112 718 2144 ι
751 2092 1208 2220 Κύριοςόέθῧέρνέ
1227 2110 1305 2164 με
1325 2137 1339 2161 ,
1371 2114 1391 2147 ι
1424 2092 1515 2148 ὅτι
1546 2094 1618 2149 οὐ
1661 2096 1887 2164 κτίσμα

1156 2185 1209 2220 c.

1156 2185 1209 2231 ς.

358 2272 499 2341 οησί
523 2288 630 2325 που
650 2271 865 2336 Παῦλος
893 2273 1021 2344 περὶ
1043 2273 1138 2327 τοῦ
1163 2273 1417 2345 Σωτῆρος
1446 2272 1603 2344 ήμῶν
1622 2271 1884 2345 Χριστοῦ·

298 2384 317 2413 ι
338 2364 510 2427 Αὐτὸς
540 2363 654 2435 γάρ
685 2366 838 2417 ἐστιν
884 2364 918 2435 ή
952 2365 1145 2435 εἰρήνη
1193 2364 1371 2436 ήμῶν,
1418 2366 1448 2418 6
1473 2364 1533 2418 τὸ
1574 2364 1888 2435 μεσότοιχον

292 2454 389 2507 τοῦ
414 2454 676 2527 φραγμοῦ
706 2454 899 2522 λύσας,
924 2456 1024 2527 τήν
1051 2454 1254 2528 ἔχθραν
1286 2457 1345 2509 ὲν
1385 2458 1449 2527 τῇ
1493 2457 1658 2529 σαρκὶ
1697 2455 1887 2523 αὑτοῦ,

294 2547 385 2599 τὸν
415 2548 581 2617 νόμον
612 2545 721 2601 τῶν
754 2546 987 2601 ἱντολὼν
1017 2549 1076 2601 ἐν
1107 2547 1343 2617 δόγμασι
1382 2549 1765 2620 καταργήσας,
1802 2548 1891 2603 ἵνα

295 2639 421 2701 τοὺς
448 2638 546 2691 δύο
584 2640 751 2710 κτίσῃ
775 2641 833 2693 ὲν
860 2640 1040 2712 ἑαυτῷ
1072 2641 1152 2705 εἰς
1192 2641 1289 2694 ἕνα
1326 2640 1513 2694 καινὸν
1542 2639 1887 2712 ἄνθρωπον.ι

300 2730 361 2783 Ei
401 2732 585 2785 τοίνυν
634 2730 696 2784 τὸ
742 2732 835 2785 καὶ
876 2730 973 2786 δύο
1001 2730 1179 2796 κτίζει
1206 2731 1442 2804 Χριστὸς
1487 2732 1545 2784 ὲν
1568 2730 1768 2802 ἑαυτῷ,
1797 2730 1894 2784 καὶ

298 2822 379 2882 εἰς
409 2820 508 2874 ἕνα
536 2820 726 2874 καινὸν
754 2820 1044 2891 ἄνθρωπον
1070 2822 1417 2893 ἁναμορφοί,
1466 2822 1771 2889 τουτέστιν,
1813 2823 1893 2887 εἰς

301 2910 394 2963 τὸν
422 2911 565 2965 κατὰ
620 2911 822 2985 ἀρετήν
855 2911 970 2984 βίον
991 2930 1005 2943 ·
1046 2915 1210 2985 ἡμεῖς
1232 2912 1352 2986 γὰρ
1382 2908 1525 2986 ἦμεν
1564 2914 1615 2967 οἰ
1657 2914 1717 2967 ὲν
1747 2913 1896 2985 αὑτῷ

228 3008 237 3017 ‘
302 3004 646 3074 κτιζόμενοι,
674 3004 813 3058 καθὸ
839 3004 939 3075 τῆς
967 3005 1103 3078 πρὸς
1150 3007 1294 3077 ήμᾶς
1347 3005 1660 3077 ὁμοιώσεως
1694 3007 1894 3060 ἑπελὰο

302 3096 450 3163 ϐετο,
481 3096 579 3150 καὶ
606 3097 665 3149 εν
692 3096 842 3167 αὑτῷ
876 3096 1078 3168 πρώτῳ
1099 3098 1198 3169 τῆς
1228 3097 1577 3170 ἀρεσκούσης
1598 3100 1719 3171 Θεῷ
1748 3099 1899 3156 πολι-

302 3189 455 3253 τείας
478 3190 799 3261 ἐσχήκαμεν
826 3188 925 3252 τὰς
945 3188 1121 3261 ἀρχὰς
1141 3191 1219 3253 εἰς
1247 3189 1504 3259 ἀμείνονα
1532 3190 1646 3260 βίον
1674 3193 1898 3245 ἀνακτι-

1976 702 2107 764 cati,
2150 701 2217 756 de
2263 708 2487 769 peccato
2534 698 2812 754 damnavit
2854 705 3140 769 peccatum
3189 694 3243 749 iu
3287 708 3474 760 carne,
3516 704 3576 750 ut

1971 792 2292 864 justiticatio
2322 792 2453 862 legis
2482 790 2800 861 impleretur
2825 790 2880 844 in
2910 788 3086 852 nobis,
3111 787 3202 857 qui
3233 800 3339 842 non
3369 799 3572 841 secun-

1976 886 2104 941 dum
2128 899 2348 939 carnem
2374 882 2735 945 ambulamus,
2755 881 2851 937 sed
2870 880 3166 936 secundum
3189 876 3439 948 spiritum
3453 874 3522 929 δ’.
3550 894 3569 927 ι

1980 976 2046 1030 Et
2069 974 2273 1030 alicubi
2311 993 2324 1028 :
2365 993 2383 1027 ι
2423 972 2544 1029 Non
2572 972 2717 1027 enim
2749 970 2895 1027 misit
2928 970 3071 1025 Deus
3101 967 3299 1025 Filium
3331 970 3384 1022 in
3418 983 3575 1021 mun-

1979 1066 2138 1132 dum,
2176 1075 2235 1121 ut
2264 1065 2474 1136 iudicet
2513 1063 2806 1129 mundum,
2843 1061 2938 1117 sed
2975 1069 3034 1115 ut
3072 1058 3305 1115 mundus
3334 1057 3575 1113 salvetur

1981 1173 2077 1229 per
2114 1158 2327 1214 eum“.
2378 1176 2398 1210 ι
2441 1154 2683 1213 Rursum
2725 1154 2986 1211 Servator
3046 1153 3115 1208 de
3167 1150 3351 1223 seipse
3389 1152 3405 1204 ε
3451 1166 3471 1201 ι
3514 1147 3579 1203 tn

1977 1251 2243 1322 judicium
2279 1265 2381 1322 ego
2412 1251 2466 1324 in
2500 1250 2647 1305 hunc
2677 1248 2941 1305 mundum
2965 1246 3111 1311 veni,
3141 1254 3201 1299 ut
3231 1243 3322 1312 qui
3357 1257 3464 1297 non
3490 1242 3577 1295 vl-

1982 1343 2133 1407 dent,
2160 1341 2397 1405 videant,
2424 1348 2479 1395 et
2504 1339 2596 1410 qui
2625 1338 2833 1404 vident,
2864 1337 2992 1394 caeci
3027 1335 3159 1391 tlaut
3181 1335 3281 1388 ι’.»
3312 1332 3448 1387 Cum
3475 1330 3579 1401 igi-

1970 1442 2075 1486 .tur
2102 1431 2279 1487 factus
2307 1441 2389 1487 est
2424 1431 2608 1495 homo,
2639 1438 2700 1483 ut
2730 1430 2845 1485 haec
2874 1443 3037 1499 Opera
3071 1426 3311 1497 impleat,
3341 1431 3397 1481 et
3425 1422 3577 1492 prin-

1985 1523 2187 1594 cipium
2226 1522 2321 1578 tlat
2354 1520 2665 1591 huiusmodi
2701 1521 2944 1584 viarum,
2978 1519 3175 1573 merito
3205 1518 3272 1572 dc
3304 1530 3378 1571 sev
3398 1512 3529 1570 dicit
3560 1530 3575 1567 :

1992 1634 2012 1666 ι
2068 1615 2328 1670 Dominus
2367 1613 2575 1669 creavit
2614 1627 2699 1668 me
2740 1610 3071 1681 principium
3104 1609 3314 1661 viarum
3355 1620 3578 1659 suarum

1989 1708 2041 1762 iu
2083 1722 2251 1777 opera
2296 1708 2489 1778 ipsius.
2534 1726 2553 1758 ι
2593 1704 2781 1774 Neque
2816 1703 2962 1760 enim
3005 1702 3080 1757 ita
3119 1710 3339 1756 creatus
3366 1706 3485 1761 est,
3524 1707 3582 1751 ut

1988 1798 2056 1852 ad
2081 1811 2203 1852 esse
2229 1796 2515 1851 traductus
2539 1795 2633 1860 sit,
2660 1794 2753 1849 sed
2779 1808 2901 1848 cum
2930 1805 3148 1861 semper
3168 1789 3237 1845 sit
3262 1797 3428 1858 atque
3452 1786 3587 1843 sub-

1990 1889 2171 1954 sistat,
2205 1898 2426 1945 creatus
2458 1898 2544 1944 est
2575 1899 2703 1941 raro
2732 1886 2801 1940 olt
2833 1899 3029 1939 causas
3052 1883 3164 1951 jam
3196 1880 3395 1936 dictas.

1989 2092 2148 2148 Aliud
2178 2092 2231 2147 in
2262 2093 2423 2156 idem,
2461 2110 2479 2144 ι
2519 2090 2777 2171 Dentium
2809 2089 3001 2143 crearit
3033 2104 3145 2153 me;
3187 2107 3206 2139 ι
3238 2084 3378 2157 quod
3407 2081 3583 2140 Filias

2540 2178 2644 2217 non
2677 2170 2743 2215 ut
2774 2171 3040 2214 creatura.

2064 2278 2263 2333 Paulus
2304 2277 2503 2333 alicubi
2556 2278 2623 2333 de
2677 2276 2971 2331 Servatore
3018 2282 3205 2330 nostro
3246 2272 3465 2329 Christo
3510 2272 3583 2327 ita
3664 2334 3665 2337 η

1993 2368 2071 2423 ait
2102 2386 2116 2422 :
2156 2386 2174 2418 ι
2215 2366 2333 2437 Ipse
2361 2368 2508 2424 enim
2541 2376 2623 2423 est
2657 2382 2760 2433 pax
2795 2376 3012 2430 nostra,
3050 2362 3286 2420 medium
3320 2361 3586 2435 parietem

1993 2461 2246 2515 maceria:
2288 2460 2537 2525 solvens,
2578 2458 2897 2514 inimicitias
2942 2457 2995 2513 in
3040 2472 3212 2514 curuo
3248 2472 3376 2523 sua,
3412 2456 3586 2527 legem

1996 2551 2378 2608 mandatorum
2413 2554 2465 2608 in
2500 2552 2739 2607 decretis
2768 2565 3066 2613 evacuatus,
3100 2560 3157 2604 ut
3189 2550 3325 2604 duos
3352 2557 3502 2603 creet
3534 2547 3585 2601 iu

1994 2646 2177 2715 seipse
2210 2645 2263 2700 in
2298 2661 2464 2700 unum
2501 2659 2700 2700 novum
2736 2642 3011 2699 hominem
3039 2641 3108 2695 ".
3148 2661 3166 2692 ι
3199 2640 3257 2695 Si
3290 2654 3422 2709 ergo
3450 2638 3589 2694 duos

1996 2744 2148 2792 creat
2177 2734 2426 2791 Christus
2462 2734 2514 2790 iu
2549 2734 2763 2805 seipso,
2798 2744 2852 2790 et
2886 2733 2938 2790 in
2977 2749 3140 2787 unum
3182 2746 3380 2787 novum
3417 2730 3591 2786 homi-

1998 2842 2118 2885 nem
2147 2826 2527 2893 transformat,
2558 2828 2661 2883 hoc
2686 2838 2791 2894 est,
2821 2826 2873 2883 iu
2903 2826 3066 2880 vitam
3096 2825 3394 2881 secundum
3420 2823 3593 2879 virtu-

2000 2933 2105 2977 tem
2140 2941 2154 2977 :
2189 2937 2290 2978 nos
2325 2922 2468 2981 enim
2508 2937 2700 2978 sumus
2736 2922 2789 2977 in
2826 2921 2943 2990 ipso
2979 2918 3184 2982 creati,
3218 2927 3485 2987 quatenus
3518 2914 3594 2970 si-

2001 3013 2362 3069 militudinem
2408 3024 2651 3069 nostram
2698 3013 3014 3083 assumpsit,
3057 3022 3111 3068 et
3156 3012 3214 3066 in
3259 3012 3374 3078 ipso
3417 3008 3593 3078 primo

1999 3107 2279 3163 consecuti
2306 3122 2495 3161 sumus
2520 3107 2671 3162 initia
2698 3106 3133 3162 conversationis
3156 3120 3278 3175 qua:
3306 3105 3413 3158 Deo
3438 3116 3597 3158 accc.-

2002 3209 2092 3268 pta
2120 3199 2211 3265 sit,
2242 3198 2295 3253 in
2325 3198 2601 3255 meliorem
2632 3198 2798 3253 vitam
2832 3196 3111 3253 reformati
3142 3216 3156 3253 :
3189 3197 3380 3252 merito
3408 3196 3593 3250 dicere

306 3284 546 3352 ζόμενοιο
581 3282 811 3345 εἰκότως
849 3281 916 3335 ἂν
936 3282 1088 3351 λέγοι
1120 3284 1213 3336 καὶ
1234 3282 1329 3335 νῦν
1361 3283 1439 3345 ὡς
1458 3283 1599 3355 ὑπὲρ
1628 3284 1790 3356 ήμῶν
1820 3286 1894 3348 είς

2005 3299 2202 3359 potest,
2227 3303 2352 3345 cum
2380 3304 2478 3360 pro
2501 3288 2736 3345 nobisin
2766 3303 2931 3343 unum
2961 3288 3235 3345 hominem
3259 3296 3477 3344 creatus
3499 3286 3591 3353 sit,

305 3377 398 3429 τὸν
420 3376 516 3430 ἕνα
556 3374 880 3445 κτιζόμενος
903 3374 1221 3445 ἄνθρωπον
1260 3393 1277 3425 ι
1302 3374 1508 3447 Κύριος
1539 3374 1723 3430 ἐκτισὲ
1759 3393 1851 3448 με.
1878 3398 1896 3430 ι

1005 3491 1215 3545 ΔΔΔΟ.

385 3604 702 3677 Γέγραπταί
727 3620 829 3657 που
854 3605 985 3677 περὶ
1004 3602 1099 3658 τοῦ
1137 3603 1391 3675 Σωτῆρος
1422 3606 1582 3677 ήμῶν
1628 3606 1867 3679 Χριστοῦ

316 3717 336 3749 ι
378 3698 617 3769 ὐτιπιρ
649 3696 813 3761 αὐτὸς
855 3696 957 3760 τας
1006 3697 1295 3763 ἀσθενείας
1329 3698 1489 3769 ἡμῶν
1531 3700 1698 3768 αἴρει.
1738 3721 1759 3753 ι
1797 3702 1908 3755 Καὶ

312 3791 517 3845 πάλιν·
565 3809 586 3842 ι
623 3787 853 3858 Γέγονεν
890 3788 1030 3862 ὑπὲρ
1062 3789 1219 3861 ήμῶν
1250 3791 1484 3862 κατάρα.
1512 3811 1530 3843 ι
1568 3794 1680 3847 Καὶ
1718 3796 1905 3849 πάλιν’

322 3904 341 3933 ι
378 3882 486 3937 Τὸν
520 3883 597 3952 μὴ
646 3882 856 3951 γνόντα.
901 3882 1181 3954 ἁμαρτίαν
1240 3885 1383 3957 ὑπὲρ
1426 3886 1585 3956 ήμῶν
1634 3887 1909 3958 ἁμαρτίαν

313 3973 599 4044 ἐποίησεν.
642 3974 886 4043 »Ὠσπερ
918 3968 1014 4028 οὖν
1053 3972 1417 4045 ήσθενηκὲναι
1456 3975 1697 4045 λέγεται,
1730 3981 1910 4035 καίτοι

318 4067 399 4138 μὴ
426 4064 995 4137 ἀσθενήσαςοπιὶιποτι
1029 4064 1278 4136 (δύναμις
1307 4068 1416 4138 γὰρ
1444 4068 1580 4122 Θεοῦ
1613 4072 1805 4141 ἐστιν),
1828 4074 1909 4127 ὅτι

312 4160 419 4223 τὰς
453 4157 611 4230 ήμῶν
637 4158 927 4223 ἀσθενείας
957 4158 1249 4213 ἐϐάστασε·
1294 4150 1627 4232 γεγενῆσθαί
1656 4181 1717 4216 τε
1749 4164 1911 4218 αὑτὸν

315 4252 569 4321 κατάραν
591 4254 625 4323 ή
654 4251 774 4307 θεία
810 4255 948 4328 φησί
973 4256 1185 4329 Γραφὴ,
1222 4262 1324 4314 οὐκ
1357 4262 1489 4319 αὐτὸ
1524 4263 1586 4333 δὴ
1625 4264 1785 4317 τοῦτο
1830 4266 1911 4328 είς

316 4344 571 4413 κατάραν
618 4349 1093 4420 μεταπεποιῆσθαι
1135 4354 1477 4423 σημαίνουσα
1498 4394 1513 4417 ,
1548 4355 1662 4408 ἀλλ’
1697 4358 1781 4409 ὅτι
1814 4357 1911 4427 τὴν

318 4435 463 4507 ὑπὲρ
492 4437 654 4507 ήμῶν
692 4438 939 4510 κατάραν
975 4441 1281 4513 ὑπήνεγκεν
1325 4445 1421 4497 καὶ
1464 4446 1624 4500 πάλιν
1668 4448 1913 4519 ἁμαρτία

317 4530 657 4601 γεγενῆσθαι
682 4531 925 4601 λέγεται,
955 4535 1016 4588 οὐ
1050 4535 1150 4606 τῆς
1173 4538 1379 4600 οἰκείας
1414 4539 1631 4608 φύσεως
1662 4540 1915 4612 ἐπιλελη-

2012 3400 2032 3435 ι
2056 3383 2329 3438 Dominus
2361 3382 2566 3439 creavit
2599 3394 2704 3436 me.
2745 3398 2765 3433 ι

2679 3492 2911 3589 Αιιιιυ.

2082 3608 2356 3679 Scriptum
2381 3619 2464 3666 est
2487 3608 2687 3665 alicubi
2716 3609 2782 3664 de
2805 3607 3100 3665 Servatorc
3126 3618 3315 3665 nostro
3336 3608 3552 3665 Christo
3578 3628 3592 3665 :

2016 3720 2033 3753 ι
2075 3701 2210 3770 Quia
2248 3700 2362 3770 ipse
2399 3701 2748 3758 inﬁrmitates
2781 3711 3001 3758 nostras
3034 3701 3265 3757 tollit”.
3308 3720 3326 3753 ι
3367 3702 3434 3756 Et
3470 3718 3595 3756 rur—

2010 3811 2104 3850 sus
2136 3813 2149 3849 :
2188 3812 2207 3847 ι
2248 3793 2447 3849 Factus
2478 3801 2563 3850 est
2597 3809 2695 3864 pro
2729 3794 2886 3850 nobis
2920 3792 3229 3849 maledictio
3250 3792 3317 3849 “.
3358 3811 3390 3846 ι-
3414 3793 3543 3849 Item
3578 3812 3593 3849 :

2018 3907 2035 3939 ι
2072 3887 2206 3943 Eum
2236 3888 2325 3957 qui
2356 3903 2459 3942 nou
2491 3890 2642 3943 novit
2670 3896 2973 3957 peceatum,
3003 3902 3100 3957 pro
3129 3888 3284 3943 nobis
3312 3895 3597 3958 peccatum
3714 3926 3717 3929 -

2013 3978 2141 4035 fecit
2166 3978 2232 4033 ⁵⁸.
2290 3999 2309 4030 ι
2365 3977 2835 4045 Quemadmodum
2890 3977 3055 4048 igitur
3100 3976 3447 4032 inﬁrmitates
3500 3975 3603 4031 ha-

2015 4072 2197 4126 buisse
2219 4070 2437 4133 dicitur,
2458 4069 2552 4140 qui
2575 4070 2716 4125 nulla
2738 4083 2973 4139 unquam
2997 4068 3314 4124 inﬁrmitate
3334 4068 3603 4124 laboravit

2014 4164 2210 4233 (virtus
2241 4163 2387 4218 enim
2423 4177 2490 4218 ac
2522 4162 2763 4234 potentia
2802 4162 2893 4217 Dei
2931 4162 3059 4230 est),
3092 4161 3218 4231 quia
3256 4161 3605 4217 inﬁrmitates

2014 4267 2234 4312 nostras
2283 4257 2406 4311 tulit
2433 4275 2457 4311 εί
2490 4255 2695 4312 factum
2744 4257 2908 4311 etiam
2962 4254 3399 4309 maledictiouem
3445 4260 3601 4309 sacra

2017 4348 2301 4418 Scriptura
2339 4350 2468 4405 dicit
2504 4367 2519 4404 :
2556 4364 2662 4403 non
2699 4340 2842 4418 quod
2886 4346 3033 4401 illum
3069 4347 3125 4401 in
3164 4345 3601 4402 maledictiouem

2017 4450 2290 4495 mutatum
2342 4440 2643 4511 signiticet,
2688 4439 2783 4493 sed
2827 4438 2969 4508 quod
3019 4437 3457 4492 maledictiouem
3504 4450 3609 4506 pro

2019 4533 2173 4588 nobis
2209 4532 2427 4594 tulerit;
2466 4542 2520 4586 et
2557 4545 2746 4586 rursus
2786 4539 3068 4600 peccatum
3104 4527 3277 4585 lactus
3311 4542 3435 4585 esse
3469 4528 3605 4584 dici-

321 4623 547 4693 σμένος,
577 4624 704 4677 οὐδὲ
734 4626 816 4689 είς
832 4626 1125 4698 Χἁμαρτίαν
1147 4629 1513 4699 μετενεχθεὶς,
1538 4631 1793 4704 όιταύτην
1813 4633 1894 4685 οὑι

2018 4638 2128 4693 tur,
2164 4646 2269 4685 non
2306 4630 2447 4700 quod
2483 4643 2578 4684 sua
2614 4639 2805 4683 natura
2837 4638 3037 4685 exutus
3073 4626 3125 4681 in
3164 4636 3445 4695 peccatum
3483 4641 3607 4681 ntu-

321 4714 505 4780 εἰδὼς,
540 4714 661 4768 ἀλλ’
698 4717 782 4769 ὅτι
815 4716 916 4781 τὰς
954 4718 1233 4791 ἁμαρτίας
1263 4720 1423 4791 ήμῶν
1446 4722 1737 4793 ἀνήνεγκε,
1770 4722 1916 4777 καθα

320 4806 661 4878 γέγραπται,
685 4810 744 4861 ὲν
770 4808 846 4877 τῷ
864 4807 1076 4878 σώματι
1101 4810 1267 4865 αὐτοῦ
1295 4813 1389 4866 ἐπὶ
1410 4812 1503 4866 τοῦ
1532 4812 1717 4878 ξύλου·
1744 4813 1915 4878 οὓτως

321 4902 454 4954 ὅταν
480 4901 645 4970 ἡμεῖς
672 4901 731 4952 ἐν
751 4899 902 4971 αὐτῷ
923 4902 1238 4973 κτιζὼμεθα
1266 4907 1347 4967 εἰς
1370 4906 1465 4957 ἕνα
1487 4906 1674 4959 καινὸν
1707 4905 1916 4977 ἄνθρω-

325 5008 449 5058 πον,
480 4991 557 5057 ὡς
588 4992 685 5046 καὶ
708 4991 875 5058 αὐτὸς
903 4994 1221 5066 κτιζόμενος
1255 4996 1491 5064 λέγεται.
1512 4998 1621 5050 Καὶ
1644 4996 1732 5050 διὰ
1760 4997 1917 5053 τοῦτό

327 5096 495 5151 φησν
533 5098 553 5132 ι
596 5081 800 5153 Κύριος
846 5082 1029 5139 ἔκτισὲ
1077 5102 1168 5157 με,
1215 5106 1234 5137 ι
1265 5086 1470 5156 κτίσμα
1501 5087 1599 5158 μὲν
1629 5087 1789 5153 αὐτὺς
1818 5089 1918 5143 οὐκ

325 5175 425 5240 ὢν,
447 5173 546 5244 τῆς
571 5173 631 5228 δὲ
654 5174 753 5228 τοῦ
793 5176 1007 5248 Πατρδς
1039 5177 1230 5242 οὐσίας
1256 5178 1387 5233 ἴδιον
1412 5180 1680 5252 γέννημα.

1025 5376 1235 5433 ΑΛΛΟ.

405 5486 488 5550 Εἰ,
522 5484 644 5539 καθ’
674 5486 839 5554 ὑμᾶς,
864 5490 1025 5555 αὐτὸς
1057 5491 1178 5546 καθ’
1206 5493 1397 5546 ἑαυτὸν
1425 5492 1563 5547 ότοῦ
1590 5495 1726 5549 Θεοῦ
1750 5496 1923 5565 Λόγος

334 5578 558 5647 κτιστῆς
579 5577 771 5641 οὐσίας
800 5581 935 5645 ἐστὶ,
958 5582 1054 5637 καὶ
1076 5584 1208 5654 περὶ
1235 5583 1430 5638 ἑαυτοῦ
1461 5602 1595 5657 φησι
1616 5602 1629 5616 ο
1664 5603 1684 5637 ι
1718 5586 1923 5657 Κύριος

332 5667 515 5722 {attat
546 5686 619 5727 με,
690 5689 708 5721 ι
746 5671 807 5724 οὐ
845 5672 1069 5741 γέγονεν
1099 5676 1208 5735 ἄρα
1256 5676 1325 5730 δι’
1377 5678 1529 5747 ἡμᾶς
1574 5677 1861 5751 ἄνθρωπος
1895 5682 1923 5735 ό

2020 4729 2161 4774 tatus
2194 4720 2298 4784 sit,
2329 4720 2421 4790 qui
2458 4729 2738 4789 peccatum
2769 4734 2877 4774 non
2911 4719 3077 4784 novit,
3132 4716 3292 4789 163
3336 4716 3431 4772 sed
3461 4718 3606 4787 quod

2019 4823 2243 4881 peccata
2285 4822 2467 4867 nostra
2504 4812 2647 4876 tulit,
2682 4821 2742 4867 ut
2772 4810 3037 4882 scriptum
3075 4819 3159 4865 est
3185 4810 3253 4873 ”,
3295 4808 3346 4861 in
3378 4822 3608 4878 corpore

2019 4918 2141 4970 suo,
2175 4904 2323 4973 ligno
2352 4904 2531 4959 crucis
2558 4904 2751 4959 allixus
2782 4925 2795 4959 ;
2828 4901 2902 4957 ita
2937 4916 3060 4956 cum
3091 4915 3189 4956 nos
3221 4900 3273 4954 in
3307 4900 3427 4971 ipso
3457 4912 3609 4954 crea-

2021 5011 2142 5048 mur
2174 4994 2224 5047 iu
2262 5011 2425 5049 unum
2461 5009 2655 5049 novum
2691 4995 3009 5060 hominem,
3044 4994 3209 5048 etiam
3246 4995 3359 5064 ipse
3395 5000 3611 5047 creatus

2020 5087 2236 5141 dicitur.
2290 5085 2469 5157 Atque
2496 5087 2615 5143 ideo
2643 5087 2798 5153 dicit,
2830 5104 2849 5139 ι
2888 5084 3390 5142 Deminus-creavit
3408 5098 3503 5138 me
3532 5120 3549 5147 ,
3584 5101 3604 5136 ι

2025 5192 2149 5231 cum
2192 5179 2309 5246 ipse
2344 5194 2681 5247 nequaquam
2720 5180 2791 5236 sit
2827 5188 3115 5241 creatura,
3152 5178 3248 5233 sed
3283 5174 3504 5248 proprie
3532 5188 3608 5229 ex

2025 5272 2260 5324 essentia
2296 5269 2473 5326 Patris
2502 5272 2736 5342 genitus.

2694 5384 2927 5441 ALIUD.

2096 5492 2188 5556 Si,
2226 5504 2282 5547 ut
2321 5508 2415 5550 vos
2452 5494 2787 5564 opinamini,
2821 5494 3057 5551 Verbum
3100 5496 3190 5551 Dei
3230 5494 3284 5549 in
3321 5507 3381 5548 se
3415 5499 3613 5548 creata:

2022 5596 2227 5640 naturae
2258 5596 2375 5651 est,
2437 5598 2491 5641 et
2523 5588 2589 5641 de
2618 5589 2799 5656 seipse
2832 5588 2965 5642 dicit
2998 5606 3011 5642 :
3052 5605 3071 5639 ι
3110 5586 3377 5641 Dominus
3405 5583 3616 5639 creavit

2023 5692 2138 5746 me;
2194 5697 2212 5730 ι
2259 5694 2366 5735 non
2407 5688 2488 5734 cst
2528 5679 2690 5750 igitur
2726 5696 2824 5752 pro
2872 5679 3029 5737 nobis
3069 5678 3248 5736 factus
3290 5678 3476 5744 homo,
3520 5677 3614 5749 qui

412 5847 887 5930 "_l_iom_._v_n_u,_5,
928 5851 980 5907 4.
1040 5854 1102 5930 ff
1136 5852 1409 5930 Joan._m,
1444 5854 1531 5910 l7.
1577 5856 1648 5930 __"
1675 5854 1831 5930 lugu.
1870 5872 1883 5910 ι

2005 5856 2064 5930 ἷξιῄ
2134 5859 2176 5891 ⁵³
2212 5856 2413 5930 Ephcs.
2452 5872 2511 5925 tt,
2550 5858 2637 5926 li,
2676 5857 2759 5914 l5.
2839 5858 2885 5890 "
2926 5857 3033 5914 In.
3066 5874 3184 5923 LIII,
3230 5861 3277 5914 4.
3359 5860 3403 5890 ³³
3430 5855 3609 5910 ιὶιιιιι.

333 5930 430 5976 ιιι.
470 5920 550 5976 l3.
626 5920 672 5953 "
711 5918 756 5975 ll
783 5921 915 5977 Cor.
959 5936 1009 5985 ν.
1038 5923 1127 5980 21.
1204 5926 1251 5959 ⁸⁸
1292 5918 1544 5986 Ιειιζιιιι.
1577 5926 1648 5989 5;
1684 5925 1876 5985 li’ctr.
1913 5918 1974 5993 tt,
2002 5928 2093 5988 24.
