3968 6468
423 446 534 503 175

1404 437 1463 493 S.
1503 435 1780 493 CYRILLI
1818 432 2285 491 ALEXANDRINI
2324 433 2637 488 ARCHIEI’.

3556 421 3661 502 276

419 562 576 629 longe
610 569 734 614 ante
770 571 866 611 nos
906 556 1022 610 fuit.
1059 553 1210 622 Quod
1248 552 1293 608 si
1331 566 1458 606 vero
1493 554 1616 622 quis
1657 553 1758 606 hoc
1792 566 1989 606 conce-

2097 552 2229 606 πολὺ
2261 551 2366 621 πρὸ
2393 550 2566 619 ἡμῶν.
2595 550 2655 602 Εἰ
2688 548 2744 602 δέ
2777 565 2858 610 τις
2893 544 3051 599 τοῦτο
3087 543 3203 612 δοίη
3259 542 3498 613 κρατεῖν,
3537 537 3662 591 οὔτε

417 654 503 705 dat
529 692 545 716 ,
590 665 763 716 neque
802 665 900 701 nos
939 647 1105 700 creati
1146 659 1331 698 sumus
1370 644 1422 696 in
1463 644 1609 712 ipso,
1654 657 1827 710 neque
1869 644 1980 706 ipse

419 755 512 793 vos
550 739 602 790 in
647 752 706 789 se
745 735 951 798 halmit,
988 733 1259 802 quomodo
1294 733 1454 801 igitur
1489 733 1540 784 in
1581 747 1743 784 unum
1785 745 1991 792 novum

418 830 686 882 hmninem
721 829 770 878 in
796 825 1019 880 Christo
1043 823 1329 879 creamur?
1355 822 1515 892 Atqui
1545 822 1800 889 pudorem
1830 821 1981 874 vobis

414 920 581 969 etiam
621 917 923 969 nolentibus
961 913 1185 968 incutiet
1221 912 1436 976 Paulus,
1472 912 1657 966 dicens
1695 929 1708 964 :
1750 929 1767 961 ι
1811 912 1982 979 Ipsius

415 1009 560 1060 enim
591 1018 834 1060 creatura
865 1019 1072 1067 smnus,
1100 1004 1269 1057 creati
1302 1004 1353 1056 in
1384 1003 1600 1057 Christo
1625 1001 1836 1056 Jesu".
1874 1021 1891 1053 ι
1925 1001 1980 1054 Si

418 1112 597 1152 autem
633 1097 795 1151 creati
831 1113 1018 1152 sumus
1056 1097 1107 1149 in
1145 1095 1390 1158 Christo,
1424 1095 1655 1149 Verbum
1696 1094 1859 1162 igitur
1888 1094 1980 1147 Dei

416 1200 616 1242 creatae
665 1189 915 1242 essentite
963 1202 1067 1239 non
1118 1196 1220 1242 est.
1269 1184 1374 1240 Sed
1419 1184 1636 1255 quando
1683 1184 1858 1238 faetus
1901 1193 1985 1238 est

423 1282 612 1340 hmno.
650 1279 698 1330 in
739 1280 854 1346 ipso
889 1293 1160 1341 creamur,
1194 1287 1247 1331 et
1281 1277 1393 1346 ipse
1425 1276 1820 1342 quodaminodo
1856 1291 1980 1344 pro-

422 1378 543 1436 pter
575 1384 672 1422 nos
696 1369 828 1423 dicit
860 1387 874 1421 :
916 1386 934 1419 ι
973 1369 1230 1422 Dominus
1266 1370 1471 1422 creavit
1496 1382 1598 1422 me.
1626 1387 1644 1419 ι
1679 1367 1808 1420 Nam
1845 1383 1980 1436 qua-

420 1471 575 1513 tenus
603 1471 684 1514 est
706 1459 961 1523 Verbum,
994 1461 1106 1514 lucc
1129 1451 1228 1513 vox
1263 1475 1597 1528 nequaquam
1627 1461 1676 1512 ei
1708 1461 1977 1523 convenit,

419 1553 512 1603 sed
544 1561 759 1620 propter
785 1561 1025 1604 nostram
1058 1551 1307 1613 salutem,
1339 1565 1460 1603 cum
1493 1550 1692 1618 alioqui
1725 1553 1797 1604 sit
1825 1567 1980 1605 crea-

422 1652 525 1703 tor,
566 1642 872 1694 incarnatus
912 1653 1026 1705 est,
1065 1648 1122 1693 ut
1159 1656 1254 1693 nos
1317 1641 1366 1692 iu
1407 1641 1586 1709 seipso
1628 1650 1842 1695 creatos
1883 1641 1982 1694 ha-

421 1730 573 1790 bens.
597 1729 766 1782 dicat:
800 1746 816 1778 σ
857 1728 1113 1782 Dominus
1137 1730 1339 1783 creavit
1369 1744 1472 1781 me.
1507 1747 1526 1778 ι
1556 1731 1633 1782 Ac
1657 1729 1796 1783 sicut
1819 1740 1980 1784 teter-

422 1833 541 1871 nam
579 1833 730 1871 suam
767 1833 884 1872 cum
924 1817 1080 1871 Patre
1117 1817 1489 1872 exsistentiam
1531 1818 1812 1872 declarans
1849 1820 1925 1873 ait
1966 1838 1979 1874 :

2089 646 2250 712 ἡμεῖς
2284 641 2609 711 ἐκτίσοημεν
2643 641 2701 692 ὲν
2727 638 2895 708 αὐτῷ,
2928 637 3050 690 οὔτε
3076 635 3233 696 αὐτὸς
3260 631 3402 702 εἶχεν
3435 632 3582 700 ἡμᾶς
3606 630 3664 680 ἐν

2090 733 2284 803 ἐαυτῷ,
2321 733 2434 794 πῶς
2464 728 2557 784 οὖν
2580 733 2656 793 εἰς
2687 730 2785 782 ’ἕνα
2815 729 2999 782 καινὸν
3031 726 3316 796 ἄνθρωπον
3351 726 3406 775 έν
3440 718 3664 790 Χριστῷ

2089 825 2416 894 κτιξόμεθας
2446 821 2764 891 Δυσωπήσει
2785 819 2892 890 γὰρ
2923 821 3088 889 ὑμᾶς.
3121 817 3224 870 κᾶν
3266 815 3340 885 μὴ
3375 811 3660 883 βούλησθε,

2088 918 2261 985 λέγων
2285 920 2314 970 ό
2362 915 2603 976 Παῦλος·
2637 931 2654 962 ι
2690 913 2861 965 Αὑτοῦ
2908 913 3016 981 γάρ
3059 913 3225 979 ἐσμεν
3256 910 3487 976 ποίημα.
3540 920 3663 956 κτιο

2091 1009 2308 1072 σθέντες
2367 1011 2421 1061 έν
2473 1005 2692 1076 Χριστῷ
2756 1003 2992 1074 Ἰησοῦ.»
3037 1002 3096 1054 Εἰ
3135 1003 3193 1055 δὲ
3234 999 3560 1069 έκτῐσθημεν
3603 997 3665 1048 ὲν

2089 1100 2328 1170 Χριστῷ,
2377 1100 2478 1151 οὐκ
2512 1097 2621 1168 ἄρα
2657 1097 2880 1164 κτιστῆς
2911 1093 3096 1156 οὐσίας
3147 1091 3296 1145 ἐστὶν
3340 1093 3366 1144 ό
3403 1089 3495 1143 τοῦ
3522 1087 3664 1141 θεοῦ

2088 1193 2280 1258 Λόγος.
2331 1190 2468 1242 Ἀλλ’
2485 1191 2574 1242 ὅτε
2603 1187 2826 1255 γέγονεν
2850 1186 3158 1257 ἄνθρωπος.
3199 1185 3258 1235 ὲν
3303 1180 3452 1249 αὐτῷ
3477 1179 3665 1242 κτιζό-

2092 1284 2250 1353 μεΘα.
2281 1283 2377 1336 καὶ
2410 1281 2572 1344 αὐτός
2604 1282 2716 1334 ἐστι
2746 1279 2948 1350 τρόπον
2974 1276 3096 1330 τινὰ
3123 1275 3193 1330 δι’
3218 1274 3376 1344 ἡμῶν
3402 1276 3428 1326 ό
3453 1273 3628 1340 λέγων
3646 1285 3662 1299 ·

2097 1396 2115 1426 ι
2149 1375 2350 1444 Κύριος
2385 1372 2568 1426 ἔκτισέ
2616 1389 2702 1442 με.
2736 1389 2754 1422 ι
2785 1371 2859 1423 Οὐ
2890 1369 2999 1439 γὰρ
3094 1367 3264 1434 Λόγος
3284 1366 3451 1425 ἐστὶν.
3486 1363 3667 1432 ἁρμό-

2090 1480 2172 1516 σει
2207 1463 2384 1529 λέγειν
2412 1461 2560 1530 αὑτῷ
2591 1461 2690 1531 τὴν
2723 1458 2975 1528 τοιαύτην
3012 1457 3214 1525 φωνὴν,
3255 1453 3390 1507 ἀλλὰ
3428 1452 3516 1504 διὰ
3564 1450 3668 1520 τὴν

2090 1555 2363 1627 ἡμετέραν
2399 1553 2692 1623 σωτηρίαν,
2725 1551 2899 1604 καίτοι
2935 1549 3156 1617 κτίστης
3200 1544 3296 1608 ὢν,
3334 1544 3556 1612 γέγονεν
3606 1543 3668 1594 ἐν

2092 1649 2284 1720 σαρκὶ,
2323 1649 2410 1699 ἵνα
2439 1649 2583 1716 ἡμᾶς
2615 1647 2674 1697 έν
2725 1642 2901 1713 ἐαυτῷ
2933 1641 3280 1711 κτιζομένους
3306 1639 3445 1708 ἔχων
3491 1636 3627 1708 εἴπῃ
3650 1650 3664 1664 ·

2096 1762 2114 1791 ι
2153 1742 2355 1812 Κύριος
2387 1739 2566 1791 ἔκτισέ
2603 1754 2692 1808 με.
2730 1756 2748 1788 ι
2783 1738 2892 1790 Καὶ
2929 1735 3116 1803 ὥσπερ
3142 1732 3242 1802 τὴν
3281 1731 3452 1784 ἀΐδιον
3496 1727 3668 1780 αὑτοῦ

2091 1832 2187 1884 καὶ
2219 1831 2355 1900 μετὰ
2377 1828 2586 1899 Πατρός
2614 1826 2974 1899 ἐξηγούμενος
3003 1824 3235 1892 ὓπαρξιν
3261 1822 3408 1890 λέγει
3428 1840 3439 1850 ·
3482 1839 3501 1871 ι
3527 1817 3671 1888 Ἐγὼ

428 1927 446 1956 ι
488 1909 596 1975 Ego
632 1924 776 1962 eram
818 1925 923 1974 qua
965 1912 1266 1977 gaudebat,
1303 1920 1356 1964 et
1395 1909 1639 1979 quotidie
1680 1910 1901 1963 lietahar
1935 1913 1985 1964 in

2097 1917 2294 1994 ἥμηνῇ
2326 1921 2678 1991 προσέχαιρε,
2710 1918 2834 1972 καθ’
2861 1917 3076 1988 ἡμέραν
3103 1915 3158 1967 δὲ
3207 1914 3577 1984 εὐφραινόμην
3609 1914 3673 1964 ὲν

421 2003 560 2054 tacie
615 2002 783 2069 ipsius
805 2003 885 2067 ³⁸;
918 2020 936 2054 ι
979 2012 1032 2056 et
1080 2018 1264 2057 rursus
1299 2022 1312 2055 :
1359 2022 1377 2054 ι
1421 2002 1558 2055 Ante
1599 2017 1787 2056 omnes
1827 2005 1988 2058 colles

421 2096 606 2160 genuit
631 2109 714 2147 me
729 2094 805 2147 "z
833 2111 851 2144 ι
882 2095 952 2146 ita
981 2096 1197 2163 quando
1225 2105 1445 2163 propter
1467 2093 1708 2145 omniurn
1741 2103 1987 2148 nostrum

420 2180 645 2236 salutem
683 2184 969 2236 humanam
1033 2182 1263 2237 fortnam
1307 2182 1504 2241 induit.
1541 2191 1689 2236 recte
1730 2194 1783 2237 ut
1829 2196 1988 2239 homo

423 2273 551 2327 dicit
584 2313 598 2329 .
637 2291 655 2325 ι
695 2274 950 2330 Dominus
980 2275 1187 2330 creavit
1221 2290 1324 2329 me.
1365 2295 1384 2326 ι

1090 2406 1322 2463 ALIUD.

483 2535 549 2599 Si
580 2536 829 2592 Christus
860 2551 985 2592 vere
1018 2538 1178 2592 homo
1209 2538 1384 2596 factus
1413 2556 1532 2598 esse
1563 2544 1824 2609 creditur,
1856 2557 1989 2613 quo-

423 2627 581 2682 modo
609 2643 713 2681 non
744 2629 1106 2682 necessarium
1151 2629 1316 2685 fuerit
1342 2641 1400 2685 ut
1431 2634 1636 2687 homini
1671 2636 1835 2690 etiam
1862 2649 1993 2689 con-

423 2718 693 2773 venientia
719 2718 1004 2786 loquatur?
1033 2718 1327 2789 Oportebat
1358 2725 1502 2776 cnim
1534 2725 1712 2779 dicere
1746 2742 1761 2778 :
1796 2724 1910 2780 Non
1936 2725 1988 2778 in

425 2809 686 2879 principio
710 2824 857 2864 eram
887 2810 1066 2877 homo,
1096 2813 1236 2881 quod
1265 2814 1365 2867 soli
1397 2814 1591 2870 divina:
1625 2825 1831 2870 natura:
1860 2831 1988 2868 con-

425 2901 599 2964 venit,
633 2900 725 2955 sed
759 2902 902 2970 quod
937 2912 1134 2956 creata
1169 2906 1488 2960 substantias
1521 2908 1770 2977 congruit
1806 2909 1991 2962 obser-

425 3005 573 3045 vare.
618 2991 844 3047 Creatus
881 3003 1060 3047 autem
1105 3005 1184 3049 est
1233 2997 1392 3050 homo
1435 3015 1448 3051 :
1499 2998 1698 3053 idcirco
1755 2998 1927 3068 inquit
1973 3016 1987 3054 :

434 3100 454 3131 ι
494 3081 750 3136 Dominus
779 3083 984 3136 creavit
1017 3099 1102 3138 me
1138 3104 1152 3140 :
1192 3104 1210 3136 ι
1246 3087 1370 3153 quia
1404 3086 1578 3143 factus
1607 3099 1689 3143 est
1721 3091 1902 3156 homo,
1934 3101 1992 3144 ut

425 3190 636 3245 seraper
668 3185 721 3230 et
755 3178 956 3246 absque
993 3179 1256 3250 principio
1290 3181 1555 3238 exsistere
1591 3183 1693 3242 soli
1735 3180 1844 3240 Deo
1877 3199 1992 3240 ser-

425 3274 601 3320 vetur.
996 3247 1004 3248 ί
1170 3247 1183 3250 ἡ
2017 3247 2061 3304 C

1094 3405 1324 3464 ALIUD.

497 3563 518 3597 ι
568 3542 824 3599 Dominus
864 3544 1070 3599 creavit
1113 3557 1198 3596 tne
1241 3541 1565 3610 principium
1608 3543 1817 3595 viarum
1861 3559 1989 3597 sua-

425 3651 565 3689 rum.
610 3654 629 3687 ι
676 3632 732 3688 Si
773 3633 975 3688 idcirco
1007 3643 1244 3688 creatam
1287 3633 1506 3686 omnino
1542 3631 1662 3686 Filii
1701 3635 1989 3686 essentiam

424 3726 769 3790 existimatis,
797 3741 918 3780 cum
948 3725 1205 3793 deinceps
1236 3724 1364 3777 illud
1419 3726 1683 3778 dicentem
1711 3726 1944 3778 audiatis
1975 3745 1987 3779 :

430 3818 596 3871 «Ante
621 3833 808 3871 omnes
833 3817 999 3871 colles
1024 3817 1206 3885 genuit
1234 3831 1371 3881 me,»
1401 3817 1552 3869 irrita
1583 3830 1647 3868 ac
1673 3831 1806 3868 vana
1838 3831 1992 3884 pror-

425 3926 517 3963 sus
541 3909 701 3963 fuerit
719 3920 891 3963 vestra
916 3909 1213 3969 accusatio.
1236 3923 1337 3976 qua
1360 3915 1603 3961 creatum
1623 3906 1771 3959 illum
1791 3907 1988 3972 dicitis,

426 4017 544 4054 cum
576 4002 660 4053 ille
688 4002 922 4070 genitum
952 4016 1010 4056 se
1035 4014 1158 4054 esse
1185 4000 1348 4053 dicat.
1373 3999 1532 4052 Aliud
1559 3998 1701 4053 enim
1730 4008 1810 4052 est
1839 4013 1991 4052 crea-

428 4101 571 4154 tura,
607 4093 747 4144 aliud
785 4091 1051 4160 genimeu.
1110 4089 1222 4143 Iloc
1259 4091 1401 4144 enim
1438 4104 1504 4143 ex
1542 4089 1840 4144 substantia
1875 4089 1992 4154 ejus

425 4184 516 4250 qui
560 4184 726 4250 gignit
769 4181 1082 4236 naturaliter
1121 4180 1279 4253 165
1321 4183 1564 4251 procedit
1610 4199 1625 4234 :
1670 4181 1795 4233 illud
1838 4188 1989 4234 extra

423 4278 654 4342 positum
704 4287 815 4340 est,
861 4286 1113 4346 tanquam
1161 4277 1417 4330 alienum.
1464 4277 1596 4331 Cum
1646 4277 1809 4343 igitur
1854 4274 1992 4328 Deus

423 4367 695 4420 exsislens
718 4367 984 4427 Verbum.
1023 4367 1188 4420 homo
1230 4367 1428 4420 factum
1467 4379 1580 4431 est,
1618 4376 1906 4421 censeatur
1936 4375 1993 4417 ut

427 4457 585 4510 homo
620 4457 796 4511 dicere
832 4476 844 4511 :
886 4475 904 4506 ι
949 4458 1206 4512 Dominus
1245 4459 1452 4512 creavit
1493 4475 1598 4511 me.
1643 4476 1661 4509 ι
1695 4457 1826 4512 Cmu
1861 4473 1992 4512 vero

424 4547 688 4600 exclamat
725 4565 770 4600 τι
791 4548 929 4602 Ante
961 4563 1149 4602 omnes
1183 4547 1344 4602 colles
1360 4551 1668 4617 genuitme,
1694 4567 1712 4598 ι
1734 4558 1987 4602 mternam
2023 4580 2036 4600 τ

424 4651 572 4689 suam
601 4647 724 4693 ante
739 4639 917 4692 omnia
947 4639 1140 4694 sarcula
1169 4639 1542 4695 exsiswntiam
1573 4640 1876 4709 signiﬁcare
1907 4641 1987 4694 in-
2021 4619 2066 4676 ί)

426 4729 648 4783 dicetur.

845 4863 1081 4934 Objectio
1117 4864 1561 4920 adversariorum.

497 4996 680 5062 Atqui,
706 4995 972 5065 inquiunt,
997 4998 1217 5052 verbum
1247 4999 1365 5061 hoc,
1399 5017 1418 5048 ι
1450 4998 1650 5066 genuit.
1685 5017 1701 5048 ι
1738 5013 1840 5051 non
1870 5014 1986 5050 om-

429 5087 553 5142 nino
586 5085 776 5140 Filiqu
810 5103 870 5140 ex
907 5090 1137 5144 essentia
1175 5089 1348 5142 Patris
1382 5105 1502 5144 esse
1535 5091 1790 5144 ostendit.
1827 5089 1988 5144 ludif-

429 5177 660 5230 fercuter
683 5177 823 5230 enim
855 5179 1024 5231 utitur
1053 5180 1230 5234 verbis
1261 5195 1411 5234 sacra
1443 5180 1741 5248 Scriptura.
1777 5179 1905 5233 Nam
1935 5189 1990 5235 et

428 5270 493 5319 de
523 5268 785 5321 creaturis
820 5268 884 5322 de
917 5269 1110 5334 quibus
1144 5269 1284 5322 nulla
1321 5273 1684 5324 controversia
1721 5281 1820 5335 est,
1857 5288 1988 5326 voco

431 5374 451 5406 ι
485 5355 683 5412 Cenuit
715 5375 733 5407 ι
767 5359 953 5421 tttitnr,
978 5371 1034 5410 ut
1059 5374 1178 5412 cum
1207 5361 1373 5414 dicit:
1404 5379 1422 5410 ι
1455 5359 1618 5415 Filios
1642 5363 1796 5428 genui
1825 5373 1990 5430 atque

427 5447 653 5500 exaltavi
681 5447 748 5500 ὀ.
787 5467 805 5499 ι
844 5447 908 5500 Ει
943 5465 1130 5504 rursus
1164 5467 1177 5503 :
1217 5469 1234 5500 ι
1273 5452 1438 5505 Demu
1471 5453 1560 5520 qui
1597 5463 1648 5506 te
1677 5455 1858 5518 genuit
1890 5455 1989 5510 de-

432 5538 693 5606 reliquisti
718 5539 784 5592 “.
826 5557 843 5590 ι
884 5539 1009 5594 Item
1049 5559 1060 5595 :
1103 5560 1120 5592 ι
1161 5541 1292 5608 Quis
1325 5551 1407 5598 est
1448 5544 1538 5612 qui
1578 5546 1763 5614 genuit
1805 5545 1989 5614 glebas

428 5627 568 5682 roris
587 5627 674 5680 "1'
709 5647 729 5680 ι
766 5628 947 5700 Neque
973 5634 1116 5687 cnim
1150 5647 1245 5703 per
1273 5634 1376 5690 hoc
1413 5636 1575 5690 Deum
1611 5637 1747 5690 roris
1778 5647 1985 5705 patrem

496 5823 540 5854 ‘7
575 5825 770 5896 Epltcs.
801 5843 858 5892 It,
896 5829 977 5886 l0.
1057 5829 1100 5860 ⁸⁸
1125 5827 1284 5886 Prov.
1318 5847 1432 5896 vm,
1458 5831 1545 5886 51.
1622 5832 1666 5862 ⁸³
1707 5830 1836 5884 Ibid.
1864 5829 1952 5881 25.

2033 5828 2076 5859 ω
2105 5827 2206 5882 ιη,
2246 5845 2279 5882 ,η
2308 5829 2360 5883 ελ,
2441 5831 2476 5858 ιι
2521 5826 2651 5883 una.
2688 5828 2737 5880 ι.

2092 2017 2368 2086 προσώπῳ
2393 2013 2579 2067 αὐτοῦ’
2610 2032 2628 2063 ο
2661 2012 2759 2065 καὶ
2781 2010 2943 2063 πάλιν
2962 2026 2975 2039 ·
3013 2028 3028 2058 ι
3063 2009 3104 2059 Π
3115 2007 3172 2075 ρο
3202 2007 3258 2062 δὲ
3289 2007 3508 2058 πάντισιν
3543 2002 3672 2071 βου-

2089 2107 2195 2157 νῶν
2224 2106 2388 2176 γεννᾷ
2431 2121 2529 2174 με’
2571 2123 2590 2156 ι
2626 2102 2800 2166 οὕτως
2837 2102 2926 2155 ὅτε
2962 2098 3048 2152 διὰ
3087 2097 3186 2167 τὴν
3220 2095 3475 2149 ἁπάντων
3509 2089 3672 2161 ἡμῶν

2091 2195 2367 2266 σωτηρίαν
2394 2197 2494 2267 τήν
2526 2193 2814 2264 ἀνθρώπου
2857 2188 3068 2262 μορφὴν
3095 2185 3401 2245 ἐνεδύσατο,
3441 2182 3671 2244 εἰκότως

2088 2290 2163 2353 ὡς
2196 2289 2482 2361 ἄνθρωπος
2515 2287 2698 2353 λέγει·
2735 2303 2754 2334 ι
2791 2283 2994 2353 Κύριος
3027 2279 3209 2333 έκτισέ
3247 2294 3335 2348 με.
3373 2295 3391 2328 ι

2775 2417 2980 2470 ΑΛΛΟ.

2162 2561 2224 2613 Εἰ
2272 2557 2558 2628 ἄνθρωπος
2593 2553 2762 2616 ὅντως
2807 2546 3134 2621 γεγενῆσθαι
3175 2541 3490 2598 πιστεύεται
3529 2539 3669 2608 Χρι-

2093 2653 2236 2716 στὸς,
2273 2651 2388 2709 πῶς
2421 2649 2522 2702 οὑκ
2547 2647 2842 2714 ἀναγκαῖον
2869 2642 2937 2696 τὰ
2964 2638 3235 2711 ἀνθρώπῳ
3268 2635 3548 2706 πρέποντα
3575 2632 3670 2685 λαο

2099 2743 2210 2795 λεῖν
2235 2760 2249 2806 ;
2283 2740 2430 2794 Ἔδει
2448 2739 2555 2809 γὰρ
2581 2739 2776 2791 εἰπεῖν·
2804 2735 2917 2789 Οὐκ
2937 2736 2996 2787 ἐν
3016 2733 3157 2802 ἀρχῇ
3182 2731 3329 2800 ήμην
3357 2725 3670 2796 ἄνθρωπος,

2091 2831 2119 2883 ὃ
2159 2831 2294 2901 μόνῃ
2333 2829 2535 2899 πρέπει
2564 2829 2631 2897 τῇ
2665 2824 2787 2894 Osi;
2813 2821 2996 2891 φύσει,
3026 2819 3162 2872 ἀλλὰ
3197 2815 3437 2884 τηρῆσαι
3473 2811 3534 2862 τὺ
3566 2810 3671 2880 ἁρ-

2096 2922 2257 2993 μόζον
2276 2924 2341 2998 τῇ
2369 2918 2478 2972 τῶν
2499 2915 2742 2986 γενητῶν
2765 2914 2945 2983 οὐσίᾳ.
2964 2908 3198 2981 Γενητὸς
3225 2908 3282 2961 δὲ
3307 2903 3668 2998 όῃᾰνθριιιποςο

2091 2992 2178 3065 διὰ
2206 2992 2367 3064 τοῦτό
2394 3023 2556 3079 φησι’
2609 3025 2628 3058 ι
2674 3005 2878 3075 Κύριος
2915 3000 3097 3081 ἔκτιρέ
3134 3015 3224 3068 με,
3281 3016 3298 3048 ι
3333 2995 3415 3047 ὃτι
3445 2992 3674 3060 γέγονεν

2093 3104 2397 3173 ἄνθρωπος,
2441 3101 2530 3154 ἵνα
2557 3099 2616 3152 τὺ
2643 3098 2732 3150 ἀεὶ
2763 3095 3015 3165 ἀνάρχως
3045 3087 3184 3145 εἶναι
3232 3089 3379 3159 μόνῳ
3427 3083 3675 3154 σώζηται

2093 3197 2229 3268 Θεῷ.

2779 3409 2980 3462 ΑΛΛΟ.

2168 3573 2184 3603 ι
2226 3550 2427 3620 Κύριος
2470 3544 2650 3598 ἕκτισέ
2687 3559 2753 3612 με
2791 3540 2967 3612 ἀρχὴν
3000 3535 3133 3590 ὁδῶν
3185 3531 3371 3587 αὐτοῦ.
3415 3552 3432 3581 ι
3477 3531 3536 3583 Ei
3582 3529 3676 3585 διὰ

2092 3645 2295 3711 ταύτην
2319 3639 2496 3694 οἴεσθε
2526 3636 2621 3708 τὴν
2658 3633 2862 3704 φωνὴν,
2898 3630 3119 3697 κτιστὴν
3153 3623 3292 3678 εἶναι
3333 3625 3551 3685 πάντως
3578 3621 3675 3675 τοῦ

2097 3733 2225 3785 Υἰοῦ
2247 3732 2343 3802 τὴν
2365 3728 2579 3790 οὐσίαν,
2596 3728 2724 3779 ὅταν
2751 3721 2947 3790 ἑφεξῆς
2982 3717 3241 3788 φαίνηται
3271 3716 3474 3782 λέγων·
3517 3732 3534 3763 ι
3559 3711 3678 3782 Πρὸ

2091 3826 2147 3878 δὲ
2169 3825 2383 3877 πάντων
2409 3819 2611 3890 βουνῶν
2638 3817 2803 3886 γεννᾷ
2835 3832 2924 3885 με,
2957 3833 2974 3864 ι
2999 3810 3336 3879 διαφευγέτω
3367 3806 3461 3860 τοῦ
3489 3806 3676 3858 κεκτί-

2095 3916 2217 3969 σθαι
2239 3914 2301 3966 τὸ
2336 3911 2608 3980 ἔγκλημα,
2636 3903 2994 3976 γεγεννῆσθαι
3025 3902 3249 3971 φάσκων
3281 3898 3492 3951 ἑαυτόν.
3513 3897 3672 3949 Ἕτε-

2096 4024 2186 4076 ρον
2211 4005 2320 4074 γάρ
2347 4003 2399 4056 τί
2431 4004 2546 4054 ἐστι
2579 4000 2729 4070 παρὰ
2759 3996 2818 4050 τὸ
2853 3997 3058 4066 κτίσμα
3089 3994 3148 4046 τὸ
3174 3993 3442 4061 γέννημα.
3466 3989 3539 4042 Τὸ
3573 3988 3674 4058 μὲν

2091 4099 2198 4167 γὰρ
2237 4099 2301 4149 ἐκ
2333 4095 2430 4164 τῆς
2455 4092 2642 4154 οὐσίας
2683 4091 2777 4143 τοῦ
2801 4088 3099 4158 γεννῶντος
3138 4085 3356 4154 πρόεισι
3388 4080 3635 4151 φυσικῶς
3657 4096 3669 4108 ·

2091 4187 2150 4239 τὺ
2182 4188 2236 4238 δὲ
2269 4184 2468 4249 ἔξωθέν
2497 4185 2664 4245 ἐστιν,
2693 4180 2769 4242 ὡς
2808 4179 3108 4247 ἀλλότριον.
3143 4175 3205 4228 El
3231 4172 3408 4225 τοίνυν
3434 4171 3566 4234 Θεὸς
3593 4167 3676 4223 ὢν

2091 4283 2119 4333 ό
2148 4279 2314 4346 Λόγος
2336 4277 2556 4345 γέγονεν
2584 4274 2892 4344 ἄνθρωπος,
2920 4270 3125 4338 λεγέτω
3146 4268 3242 4338 μὲν
3263 4266 3338 4329 ὡς
3361 4265 3670 4330 ἄνθρωπος’

2099 4391 2116 4421 ι
2156 4370 2356 4440 Κύριος
2413 4367 2595 4419 ἔκτισέ
2632 4384 2721 4436 με.
2762 4383 2780 4415 ι
2825 4363 2936 4434 Τὴν
2982 4363 3039 4414 δὲ
3075 4359 3401 4429 προαιώνιον
3436 4355 3676 4426 ὓπαρξιν

2091 4462 2254 4514 αὑτοῦ
2294 4459 2641 4530 σημαινέτω,
2676 4457 2844 4527 βοῶν⁸
2892 4475 2910 4507 ι
2947 4454 3060 4526 Πρὸ
3090 4452 3146 4506 δὲ
3197 4451 3418 4505 πάντων
3467 4448 3676 4519 βουνῶν

2091 4569 2253 4623 γεννᾳ
2278 4569 2363 4620 με.
2395 4572 2414 4602 ι

2315 4859 2643 4924 Ἀντίθεσις
2684 4858 2763 4924 ὡς
2795 4858 2862 4910 ἐκ
2891 4857 3009 4912 τῶν
3042 4857 3116 4910 δι’
3153 4857 3456 4921 ἐναντίας.

2165 4994 2237 5044 Οὐ
2263 4992 2499 5054 πάντως,
2537 4993 2688 5061 φασὶ,
2715 4990 2775 5043 τὸ
2813 5009 2832 5040 ι
2863 4990 3154 5058 ἐγέννησεν
3199 5007 3216 5038 ι
3263 4988 3327 5038 ἐκ
3359 4985 3458 5053 τῆς
3483 4984 3673 5046 οὐσίας

2097 5084 2188 5135 τοῦ
2217 5084 2426 5152 Πατρός
2462 5084 2588 5135 ὄντα
2618 5082 2853 5136 δεικνύει
2889 5082 2982 5134 τὸν
3028 5081 3176 5133 Υἱόν.
3225 5079 3535 5146 ’Λδιαφορεῖ
3561 5077 3674 5146 γὰρ

2099 5177 2226 5245 περὶ
2248 5176 2342 5237 τὰς
2371 5173 2542 5240 λέξεις
2577 5177 2609 5244 ἡ
2642 5174 2761 5226 θεία
2784 5173 2996 5244 Γραφή.
3030 5171 3140 5224 Καὶ
3180 5170 3290 5240 γὰρ
3320 5168 3413 5220 καὶ
3442 5169 3535 5220 ἐπὶ
3564 5167 3674 5220 τῶν

2095 5272 2263 5333 ὅντως
2321 5273 2636 5339 κτισμάτων
2679 5268 2772 5321 καὶ
2801 5265 3110 5333 ἀντιλογίαν
3155 5264 3255 5316 οὐκ
3313 5263 3549 5331 ἐχόντων
3591 5263 3675 5325 εἰς

2093 5363 2252 5416 τοῦτο
2280 5362 2458 5432 τίθησι
2481 5363 2563 5422 τὸ.
2594 5381 2612 5413 ι
2653 5361 2961 5428 ἐγέννησεν,
2988 5380 3004 5408 ο
3024 5356 3097 5419 ὼς
3127 5356 3256 5407 ὅταν
3283 5354 3414 5425 λέγῃ
3433 5369 3447 5383 σ
3478 5352 3675 5417 ιΥἱοὺς

2095 5454 2358 5522 ἐγέννησα
2381 5454 2471 5504 καὶ
2498 5451 2706 5520 ὕψωσεν..
2741 5470 2758 5500 ι
2796 5451 2905 5502 Καὶ
2935 5449 3123 5500 πάλιν·
3159 5465 3176 5498 ι
3199 5446 3333 5500 Θεὸν
3362 5445 3454 5498 τὸν
3482 5446 3676 5515 γεννή·

2096 5547 2264 5601 σαντά
2296 5563 2353 5597 σε
2382 5543 2757 5611 ἐγκατέλιπες.
2803 5562 2820 5594 ι
2867 5543 2994 5603 Καὶ,
3034 5561 3050 5592 ι
3089 5541 3185 5602 Τίς
3215 5539 3408 5592 ἐστινό
3435 5536 3674 5601 τετοκὼς
3720 5573 3722 5576 -

2099 5637 2297 5700 Βώλους
2336 5636 2526 5707 δρόσου
2552 5652 2597 5699 ;›
2629 5636 2702 5687 Οὐ
2724 5635 2830 5704 γὰρ
2857 5635 2918 5702 δή
2951 5649 3047 5686 που
3075 5632 3167 5683 καὶ
3197 5629 3387 5704 δρόσου
3417 5629 3676 5697 γενέσθαι

2819 5829 2860 5859 "'
2897 5825 2994 5882 Job
3025 5839 3254 5891 xxxvtlt,
3289 5823 3377 5881 38.
