3968 6516
282 469 377 525 277

1708 480 2153 540 THESAURUS.

3495 487 3602 547 278

278 588 479 658 πατέρα
530 591 802 657 φυσικῶς
870 593 1113 666 ἐροῦμεν
1161 598 1248 649 τὸν
1296 598 1430 650 Θεὸν
1463 598 1551 651 διὰ
1585 598 1763 654 τοῦτο.
1804 602 1891 653 “Et

2010 602 2332 656 naturaliter
2378 619 2498 659 esse
2542 604 2798 661 dicimus.
2842 604 2989 660 Idem
3040 605 3220 673 itaque
3262 604 3346 659 est
3389 620 3601 672 genuit,

280 682 555 749 τοιγαροῦν
590 682 761 737 ἔσται
800 687 909 739 καὶ
929 687 990 740 τὸ
1015 690 1141 741 αὐτὸ
1170 690 1247 758 τῷ
1271 690 1476 743 ἔκτισε
1504 690 1565 743 τὸ
1584 691 1899 761 ἐγέννησε,

388 777 471 841 ἐφ’
522 774 660 826 Υίοῦ
698 780 1077 849 ταττόμενον.

868 895 1058 960 Λύσις
1093 895 1316 962 ἐφεξῆς

338 980 446 1052 Τὴν
483 981 591 1051 μὲν
625 983 799 1037 θείαν
829 987 1061 1057 Γραφὴν
1092 988 1492 1059 ἀδιαφοροῦσαν
1527 991 1652 1063 περὶ
1682 992 1779 1053 τὰς
1812 992 1899 1043 λέ·-

280 1072 378 1135 Est;
414 1074 692 1139 πολλάκις
730 1078 1079 1148 εὑρήσομεν,
1103 1080 1162 1130 οὐ
1190 1081 1296 1149 μὴν
1324 1082 1626 1148 ἀγνοοῦσαν
1652 1084 1751 1153 τὴν
1773 1084 1900 1135 ἑκά-

278 1181 399 1231 στης
425 1165 697 1236 δύναμιν,
755 1171 1223 1239 καταχρηστικῶς
1248 1172 1303 1225 δὲ
1336 1173 1448 1226 ἐσθ’
1478 1175 1565 1227 ὅτε
1598 1175 1897 1246 δεχομένην

278 1257 458 1321 αὑτάς.
530 1258 665 1312 Ἐπὶ
731 1261 849 1330 μὲν
882 1262 989 1332 γὰρ
1022 1261 1131 1315 τῶν
1170 1266 1493 1333 ποιημάτων
1545 1266 1633 1318 ὅτε
1671 1269 1896 1337 κτιστῆς

275 1348 451 1413 οὐσίας
491 1351 643 1403 αὐτὰ
678 1352 967 1405 δεικνύειν
1014 1353 1300 1422 βούλεται,
1348 1356 1527 1424 λέγει’
1559 1376 1577 1408 ε
1630 1356 1718 1410 Ἑν
1753 1360 1893 1429 ἀρχῇ

276 1438 528 1507 ἐποίησεν
578 1442 609 1492 6
655 1440 814 1505 Θεὸς
855 1442 945 1494 τὸν
995 1444 1221 1513 οὐρανὸν
1255 1446 1347 1497 καὶ
1378 1444 1477 1517 τὴν
1502 1446 1630 1516 γῆν.
1677 1478 1749 1487 —
1788 1450 1897 1501 Kal

272 1528 533 1598 ἐποίησεν
559 1531 591 1583 6
620 1532 773 1597 Θεὸς
800 1533 890 1586 τὸν
914 1534 1224 1607 ἄνθρωπον.
1250 1555 1265 1587 1
1296 1538 1411 1590 Οὐκ
1442 1539 1759 1611 ἐγέννησεν,
1780 1542 1896 1594 ἀλλ’

274 1621 515 1699 ἐποίησε.
554 1623 681 1695 Τὴν
737 1626 801 1680 δὲ
832 1626 927 1679 τοῦ
955 1627 1155 1681 οἰκείου
1186 1629 1361 1698 Λόγου
1404 1630 1661 1701 γέννησιν
1695 1635 1723 1686 6
1763 1633 1896 1697 Θεὸς

270 1714 692 1787 ἐξηγούμενος·
752 1741 774 1773 ι
821 1720 1210 1793 Ἐξηρεύξατο,
1251 1728 1447 1795 φησὶν,
1484 1729 1517 1797 ἡ
1556 1728 1754 1799 καρδία
1792 1747 1894 1799 μου

270 1808 439 1873 Λόγον
476 1810 733 1877 ἀγαθόν.
760 1832 778 1863 1
810 1814 922 1868 Kal.
948 1817 1061 1879 τοῖς
1094 1816 1193 1885 μὲν
1211 1817 1503 1887 κτίσμασιν
1526 1819 1782 1890 ὁρίζουσα
1800 1820 1895 1874 τοῦ

270 1896 403 1953 εἶναι
443 1903 553 1972 τὴν
587 1906 806 1976 ἀρχὴν,
854 1906 1002 1974 λέγει
1048 1908 1210 1961 πάλιν
1250 1910 1282 1980 ἡ
1324 1908 1442 1964 θεία
1477 1910 1700 1984 Γραφή·
1742 1932 1760 1964 ι
1807 1914 1894 1966 Ἐν

268 1990 405 2061 ἀρχῇ
444 1994 767 2064 ἐποίησεν
810 2017 827 2047 1
865 1998 959 2049 ἐπὶ
988 1997 1045 2051 δὲ
1072 1999 1165 2052 τοῦ
1197 1999 1331 2053 Θεοῦ
1369 2000 1574 2070 Λόγου·
1610 2005 1891 2075 «Ἑνάρχῇ

266 2078 332 2153 ἦν
364 2088 393 2137 6
424 2086 614 2153 Λόγος
666 2109 686 2139 1
716 2090 843 2152 Τοῖς
876 2092 974 2161 μὲν
1008 2088 1103 2145 οὖν
1134 2092 1430 2161 κτίσμασιν
1460 2096 1488 2147 6
1512 2096 1705 2167 χρόνος
1746 2098 1894 2149 ἐστὶν

267 2176 298 2240 ἠ
330 2174 501 2247 ἁρχὴ,
545 2177 578 2230 6
620 2176 687 2230 δὲ
741 2179 847 2249 πρὸ
900 2180 1011 2233 τῶν
1048 2180 1260 2234 αἰώνων
1318 2182 1581 2254 ὑπάρχων
1608 2185 1702 2238 τοῦ
1754 2185 1892 2239 Θεοῦ

270 2266 461 2335 Λόγος,
501 2270 705 2342 ἀρχὴν
740 2271 852 2341 ἔχει
877 2272 1039 2341 μόνον
1067 2272 1158 2325 τὸν
1179 2273 1417 2344 ἄναρχον
1440 2275 1681 2348 Πατέρα.
1706 2276 1893 2340 ἁῖδίως

270 2356 344 2412 ὣν
382 2362 443 2414 ὲν
476 2362 668 2433 αὐτῷ.
712 2361 927 2435 Ὥσπερ
967 2360 1062 2418 οῦν
1090 2365 1184 2417 ἐπὶ
1217 2366 1324 2419 τῶν
1359 2367 1528 2429 ὅντως
1572 2370 1894 2438 κτισμάτων

272 2451 359 2504 ὅτε
394 2454 459 2507 τὸ
495 2453 812 2524 ἐγέννησε
840 2459 1041 2519 κεῖται.
1067 2459 1529 2529 καταχρηστικῶς
1571 2462 1665 2515 καὶ
1698 2461 1759 2513 οὐ
1794 2479 1890 2532 φυ-

276 2546 445 2609 σικῶς
466 2549 733 2619 νοητέον.
754 2548 931 2611 οὕτως
949 2550 1077 2605 ὅταν
1106 2552 1201 2604 ἐπὶ
1224 2552 1318 2605 τοῦ
1356 2552 1526 2617 ὅντως
1551 2555 1894 2625 γεννήματος

273 2637 352 2701 τὸ,
398 2639 759 2710 ἐκτισεν,ἢ
812 2640 1068 2707 ἐποίησε
1120 2644 1383 2713 φέρεται,
1434 2647 1893 2718 καταχρηστικῶς

276 2730 525 2799 νοητὲον,
566 2731 897 2803 σωζομένης
925 2732 1074 2804 αὖτῷ
1103 2734 1203 2804 τῆς
1236 2734 1485 2802 φυσικῶς
1511 2735 1886 2807 γνησιότητος.

274 2822 402 2886 Τοῖς
430 2826 543 2895 μὲν
566 2825 681 2897 γὰρ
710 2825 1007 2896 κτίσμασιν
1056 2828 1091 2897 ἡ
1129 2827 1291 2897 χάρις
1320 2826 1381 2879 τό
1414 2827 1713 2897 ἐγέννησε
1752 2846 1890 2901 ’προ⁶

278 2914 439 2981 ξενεῖο
475 2920 563 2991 τῷ
596 2920 654 2975 δὲ
677 2922 959 2993 ἀγεννήτῳ
974 2922 1068 2976 καὶ
1091 2922 1333 2994 ἀκτίστῳ
1361 2922 1522 2993 Λόγῳ
1543 2923 1635 2976 τοῦ
1655 2924 1889 2995 Πατρὸς,

281 3012 313 3077 ἡ
342 3010 445 3081 τῆς
475 3013 915 3085 ἁνθρωπότητος
946 3015 1107 3085 χρεία
1136 3014 1199 3071 τὸ
1215 3014 1393 3084 λέγειν
1427 3016 1620 3069 ἑαυτὸν
1643 3016 1891 3070 ἐκτίσθαι

280 3098 491 3158 δίδωσι.
528 3105 647 3158 Kal.
667 3104 737 3158 τὰ
770 3106 867 3176 μὲν
893 3106 1171 3178 κτίσματα
1190 3107 1335 3179 λόγῳ
1362 3109 1458 3163 καὶ
1487 3107 1740 3181 βουλήσει
1756 3108 1889 3163 Θεοῦ

285 3191 543 3248 καλεῖται
598 3195 735 3267 πρὸς
771 3197 1065 3254 υἱοθεσίαν.
1114 3217 1132 3249 ι
1182 3199 1325 3267 Ἐγὼ
1355 3202 1466 3269 γὰρ
1505 3197 1654 3269 εῐπα,
1700 3204 1887 3273 φησὶν,

2008 697 2148 763 quod
2178 700 2389 759 creavit,
2425 714 2549 751 cum
2583 699 2647 754 de
2679 698 2817 753 Filio
2850 700 3068 752 dicitur.

2513 901 2719 957 Salutio
2754 901 3083 970 objectionis.

2076 993 2465 1061 Smpenumero
2499 994 2713 1061 quidem
2756 1007 2970 1047 sacram
3017 990 3355 1059 Scripturam
3398 989 3599 1057 promi-

2004 1100 2136 1138 scue
2158 1094 2319 1152 atque
2339 1083 2714 1138 indifferenter
2744 1084 2970 1137 vocibus
3002 1082 3078 1136 uti
3113 1082 3471 1150 reperiemus,
3490 1094 3596 1132 non

2004 1177 2145 1245 quod
2188 1177 2294 1230 vim
2335 1178 2674 1246 singularum
2716 1184 3055 1247 perspectam
3094 1189 3198 1229 non
3238 1173 3457 1236 habeat,
3501 1170 3596 1225 sed

2003 1272 2149 1339 quod
2190 1269 2411 1324 abusive
2456 1283 2852 1337 nonnunquam
2902 1282 2996 1322 eas
3046 1266 3301 1333 accipiat.
3351 1262 3486 1317 Nam
3529 1261 3597 1315 de

2001 1363 2283 1429 operibus,
2329 1376 2451 1415 cum
2502 1361 2588 1415 illa
2639 1368 2839 1416 creata:
2887 1368 3095 1411 naturae
3140 1371 3260 1411 esse
3307 1353 3597 1410 ostendere

2002 1457 2139 1518 vult,
2167 1458 2237 1509 ita
2268 1455 2342 1508 ait
2370 1472 2381 1507 :
2418 1474 2437 1505 ι
2469 1454 2523 1507 In
2554 1452 2822 1522 principio
2851 1451 2976 1505 fecit
3010 1452 3150 1504 Deus
3178 1447 3376 1503 cmlnm
3405 1454 3459 1501 et
3489 1454 3597 1500 ter-

2003 1562 2137 1600 ram.
2169 1576 2239 1586 ——
2279 1544 2345 1599 Et
2382 1543 2511 1598 fecit
2548 1544 2689 1598 Deus
2723 1541 3022 1596 hominem.
3049 1559 3068 1591 1
3102 1537 3215 1593 Non
3252 1535 3463 1605 genuit,
3500 1533 3594 1589 sed

2000 1640 2147 1693 fecit.
2200 1637 2341 1692 Deus
2392 1648 2573 1692 autem
2607 1634 2767 1690 Verbi
2807 1632 3218 1702 generationem
3256 1628 3543 1682 declarans
3576 1642 3592 1679 :

2006 1745 2024 1778 ι
2066 1726 2369 1791 Eructavit,
2405 1725 2604 1794 inquit,
2638 1740 2735 1779 cor
2760 1738 2937 1777 memn
2969 1719 3201 1774 Verhum
3236 1720 3436 1773 bonum
3463 1716 3529 1768 ⁸³.
3570 1734 3588 1767 1

2002 1818 2210 1873 Rursus
2257 1831 2411 1873 sacra
2462 1814 2922 1884 Scriptura,cum
2974 1809 3245 1865 creaturis
3292 1805 3592 1861 exsistendi

2001 1906 2321 1976 principium
2351 1906 2560 1971 deﬁnit,
2580 1907 2655 1959 ita
2684 1902 2956 1972 loquitur:
2982 1920 2999 1951 ι
3026 1900 3080 1953 lu
3105 1897 3369 1970 principio
3392 1896 3541 1959 fecit,
3569 1914 3587 1945 1

1997 2008 2051 2052 at
2089 2000 2154 2054 de
2191 1999 2284 2053 Dei
2327 1996 2508 2052 Verbo
2545 1998 2815 2066 loquens:
2856 2012 2874 2047 ι
2910 1993 2964 2047 In
3006 1991 3275 2063 principio
3311 1998 3432 2046 erat
3461 1988 3594 2042 Ver-

1998 2092 2143 2144 hum.
2181 2110 2199 2144 1
2230 2090 2511 2147 Creatnris
2539 2091 2722 2160 itaque
2750 2098 2963 2158 tempus
2990 2095 3070 2143 est
3104 2083 3461 2156 principium;
3495 2081 3591 2135 sed

2000 2184 2090 2238 Dei
2132 2167 2369 2238 Verbum
2416 2192 2544 2237 ante
2587 2180 2784 2236 stet-uia
2831 2179 3107 2234 exsistens
3151 2175 3327 2230 solum
3373 2172 3591 2227 Patrem

1998 2276 2250 2345 principii
2287 2283 2566 2346 expertem
2604 2272 2929 2343 principium
2969 2271 3156 2333 habet,
3192 2269 3260 2322 ab
3293 2273 3502 2321 aeterno
3537 2262 3590 2315 in

1998 2369 2113 2437 ipso
2169 2367 2460 2423 exsistens.
2508 2364 2976 2434 Quemadmodum
3027 2363 3191 2434 igitur
3233 2375 3355 2416 cum
3405 2359 3472 2414 de
3525 2357 3593 2412 iis

1996 2472 2115 2527 qnze
2160 2472 2290 2513 vere
2335 2466 2601 2513 creatura:
2643 2463 2790 2522 sunt,
2835 2455 3053 2521 dicitur,
3096 2452 3298 2523 genuit,
3343 2449 3590 2513 abusive,

2000 2565 2107 2603 non
2150 2549 2477 2605 naturaliter
2511 2547 2920 2620 intelligendum
2960 2554 3044 2602 est
3077 2563 3091 2600 :
3123 2545 3196 2598 ita
3239 2540 3593 2612 quandocun-

1996 2654 2099 2711 que
2130 2641 2197 2696 de
2226 2656 2291 2695 eo
2321 2640 2412 2711 qui
2440 2655 2568 2696 vere
2598 2640 2848 2708 genimen
2881 2647 2988 2703 est,
3017 2635 3474 2701 dicitur,creavit,
3503 2632 3587 2715 vel

1996 2731 2142 2802 fecit,
2179 2732 2404 2787 abusive
2444 2732 2771 2787 sumendum
2810 2738 2919 2796 est,
2955 2739 3171 2784 servata
3211 2727 3313 2797 ipsi
3355 2724 3589 2780 naturali

1994 2839 2091 2880 sua
2122 2825 2475 2894 proprietate.
2507 2823 2695 2880 Gratia
2726 2823 2873 2880 enim
2904 2823 3009 2878 hoc
3035 2821 3307 2877 creaturis
3335 2819 3590 2890 largitur,

1994 2927 2053 2971 ut
2072 2916 2139 2972 de
2162 2918 2228 2972 iis
2245 2917 2476 2982 dicatur,
2502 2919 2698 2987 genuit.
2720 2914 2969 2971 lncreato
2990 2922 3173 2969 autem
3199 2922 3365 2983 atque
3385 2921 3591 2967 aeterno

1996 3007 2089 3063 Dei
2131 3009 2337 3073 Verbo,
2376 3009 2771 3064 incarnationis
2822 3011 3035 3063 ratione
3088 3008 3192 3062 hoc
3232 3006 3492 3060 tribuitur
3531 3015 3593 3059 ut

1992 3107 2239 3152 creatum
2276 3099 2508 3153 dicatur.
2542 3098 2611 3153 Et
2645 3110 2909 3153 creatum
2939 3100 3161 3167 quidem
3205 3097 3373 3151 verbo
3403 3111 3467 3151 ac
3496 3109 3593 3149 v0-

1995 3192 2204 3245 luntate
2238 3188 2331 3245 Dei
2363 3202 2627 3244 vocantur
2659 3191 2710 3244 in
2746 3190 3093 3259 adoptionem
3134 3189 3389 3246 filiorum.
3426 3207 3444 3240 t
3480 3186 3593 3259 Ego

284 3283 401 3337 Οὐκ
431 3286 732 3358 ἐγέννησα.
773 3306 792 3340 1
842 3289 900 3343 '0
928 3289 983 3342 δὲ
1016 3290 1146 3353 Υἱὸς
1178 3291 1278 3361 τὴν
1307 3290 1546 3365 ἆῤῥητον
1572 3294 1768 3347 ἑαυτοῦ
1806 3296 1891 3348 καῖ

2003 3281 2146 3335 enim
2178 3282 2311 3347 dixi,
2340 3282 2549 3352 inquit:
2581 3281 2694 3337 Non
2725 3284 2884 3352 genui
2904 3283 3006 3337 “.1
3040 3283 3210 3338 Filius
3236 3299 3367 3338 vero
3398 3281 3592 3338 ineffa-

288 3373 535 3443 φυσικὴν
588 3374 655 3427 ἐκ
699 3375 914 3447 Πατρὸς
956 3378 1212 3449 γέννησιν
1265 3380 1633 3451 καταμηνύων
1664 3382 1852 3451 ἔλεγεν
1877 3401 1889 3413 ·

293 3478 313 3509 ι
337 3462 487 3531 Ἐγὼ
526 3466 596 3517 ἐκ
618 3466 715 3520 τοῦ
743 3468 955 3539 Πατρὸς
983 3470 1209 3540 ἐξῆλθον
1234 3472 1327 3527 καὶ
1354 3473 1494 3544 ἥκω.
1537 3494 1555 3526 1
1589 3475 1701 3528 Καὶ
1732 3474 1895 3529 πάλιν

290 3551 379 3607 ha
390 3573 485 3623 ρον
521 3557 729 3613 ἑαυτὸν.
750 3560 901 3630 παρὰ
924 3559 1023 3632 τὴν
1052 3560 1161 3615 τῶν
1186 3564 1432 3634 γενητῶν
1450 3564 1612 3633 φύσιν
1640 3566 1767 3621 δντσ
1792 3567 1895 3621 δει-

292 3648 508 3713 κνόων,
550 3651 747 3721 φησιν’
784 3670 803 3703 ἰ
852 3652 1042 3724 Ὑμεῖς
1065 3656 1129 3707 ἐκ
1157 3654 1268 3708 τῶν
1292 3656 1444 3710 κάτω
1487 3658 1640 3724 ἐστὲ,
1686 3657 1798 3727 ἐγὼ
1830 3662 1894 3713 ὲκ

294 3738 404 3791 τῶν
430 3741 548 3795 ἄνω
581 3737 721 3811 είμίξ
762 3762 781 3795 1
814 3745 890 3798 Οὐ
920 3745 1031 3817 γὰρ
1057 3748 1121 3817 δή
1154 3765 1239 3811 τις
1273 3749 1390 3818 ἐρεῖ
1415 3750 1713 3821 σωφρονῶν
1736 3768 1891 3805 τοπι-

297 3834 415 3895 κοῖς
456 3835 552 3886 καὶ
581 3835 1038 3906 διαστηματικοῖς
1081 3839 1372 3911 ὑψώμασιν
1413 3843 1893 3914 ἀποσεμνύνεσθαι

298 3921 387 3973 τὸν
420 3923 517 3977 τοῦ
556 3924 693 3978 Θεοῦ
725 3927 929 3995 Λόγον’
954 3929 1091 3983 ἀλλὰ
1135 3932 1196 3983 τὸ
1230 3932 1328 4002 μὲν
1354 3934 1609 3988 ταπεινὸν
1637 3936 1737 4005 τῆς
1772 3954 1892 3990 κτι-

301 4014 434 4083 στῆς
467 4015 659 4081 οὐσίας
709 4017 797 4073 διὰ
831 4019 926 4073 τοῦ
962 4020 1120 4076 κάτω
1151 4024 1517 4094 σημαίνεται,
1552 4028 1615 4081 τὸ
1659 4028 1717 4083 δὲ
1757 4028 1892 4101 ὕψος

300 4106 398 4175 τῆς
423 4107 579 4172 θείας
619 4110 715 4164 καὶ
744 4111 923 4166 πάντα
970 4114 1379 4186 ὑπεραιρούσης
1418 4118 1635 4187 φύσεως
1670 4120 1759 4175 διὰ
1798 4122 1892 4175 τοῦ

302 4199 415 4252 ἄνω
448 4205 671 4255 νοεῖται.
716 4203 999 4276 Τοσαύτης
1037 4208 1329 4280 τοιγαροῦν
1369 4210 1575 4279 μεταξὺ
1630 4214 1894 4287 κειμένης

301 4290 570 4362 διαῳορᾶς
602 4295 925 4365 κτιζομένου
962 4296 1057 4351 καὶ
1090 4300 1468 4370 γεννήματος,
1498 4303 1889 4377 ἀδιαφορείτω-

305 4400 404 4437 σαν
437 4387 495 4439 ai
514 4386 711 4452 λέξεις,
732 4388 822 4441 ὅτε
850 4388 1049 4458 βλάϐος
1073 4390 1227 4445 οὐδὲν
1248 4392 1391 4447 κατὰ
1418 4395 1528 4449 τῶν
1552 4399 1889 4469 σημαινομέ-

304 4494 410 4531 νων
440 4479 675 4546 γίνεται.

302 4590 992 4690 ΑΛλΛὶοὶδριἿζηματιξιῶς)
1022 4596 1111 4661 είς
1141 4596 1234 4690 τὸἶ
1269 4615 1306 4690 t1
1323 4599 1538 4690 Κύριος
1584 4600 1789 4690 enim?
1812 4620 1890 4690 es
1928 4638 1966 4690 ῃ

374 4662 575 4739 ἀρχὴν
601 4661 760 4739 όόῷν
802 4665 989 4739 αὐτοῦ
1016 4707 1030 4730 ,
1072 4685 1116 4739 1‘
1137 4668 1237 4721 καὶ
1278 4661 1531 4737 ἐφεξῆςῖ
1591 4689 1609 4722 ι
1650 4674 1771 4739 Πρὸ
1812 4661 1891 4727 '65"

373 4731 619 4785 πάντων
651 4733 898 4797 βουνῶν
932 4733 1116 4804 γεννᾷ
1133 4754 1231 4807 με.
1266 4756 1284 4788 1

373 4846 435 4899 Εἰ
465 4845 573 4917 πρὸ
608 4847 826 4901 πάντων
855 4849 1045 4903 ἑαυτὸν
1077 4852 1442 4923 γεγεννῆσθαί
1479 4871 1664 4925 φησιν,
1688 4858 1793 4910 οὐκ
1821 4858 1888 4911 ἂν

307 4939 386 5008 εἴη
409 4938 517 4993 τῶν
547 4938 763 4994 πάντων
789 4936 887 5004 είς,
930 4941 1045 4995 ἀλλ’
1098 4944 1285 5015 ἕτερος
1313 4948 1446 5017 παρ’
1480 4948 1639 5001 αὐτὰ,
1671 4949 1753 5001 Τὰ
1789 4952 1889 5019 μὲν

306 5030 408 5100 γὰρ
454 5030 635 5083 πάντα
669 5031 727 5083 ὲν
776 5031 991 5094 ἑαυτοῖς
1020 5031 1134 5102 ἔχει
1163 5034 1259 5086 καὶ
1281 5035 1379 5105 τὴν
1422 5036 1633 5089 οἰκείαν
1672 5038 1847 5108 ἀρχήν
1872 5057 1884 5069 ’

305 5123 398 5174 οὐκ
430 5123 497 5176 ἂν
528 5122 639 5193 γὰρ
666 5122 752 5194 εἰη
782 5122 958 5177 πάντα
987 5122 1039 5177 εἴ
1068 5142 1122 5177 τι
1151 5125 1260 5179 τῶν
1291 5127 1347 5180 ὲν
1372 5127 1554 5191 αὐτοῖς
1581 5128 1687 5195 ἔξω
1724 5130 1886 5200 μένον

307 5214 629 5284 εὑρίσκοιτο.
669 5216 733 5269 Ei
762 5211 856 5269 οὖν
883 5218 989 5287 πρὸ
1020 5218 1237 5272 πάντων
1267 5221 1294 5271 6
1335 5220 1462 5282 Υἱὸς
1507 5221 1793 5295 ἐγεννήθη,
1829 5227 1886 5277 ὲν

310 5300 418 5372 ἰδίῳ
459 5305 558 5374 μὲν
594 5304 817 5377 ἀριθμῷ
856 5307 922 5359 τὰ
955 5308 1131 5361 πάντα
1158 5308 1430 5363 κείσεταιο
1465 5310 1569 5375 ἔξω
1613 5312 1669 5365 δὲ
1709 5314 1889 5368 αὐτῶν

306 5394 337 5462 ἡ
370 5395 462 5449 τοῦ
489 5396 621 5450 Υῐοῦ
650 5398 973 5468 νοηθήσεται
999 5400 1273 5471 γέννησις,
1323 5404 1379 5455 Ὀ
1411 5402 1467 5455 δὲ
1492 5406 1604 5467 τοῖς
1637 5409 1887 5476 γενητοῖς

308 5486 658 5552 ἀσύντακτος,
683 5490 877 5561 ἐτέρας
906 5490 971 5544 ἂν
995 5492 1080 5562 εἴη
1117 5493 1332 5561 φύσεως
1361 5496 1489 5565 παρ’
1520 5496 1884 5566 αὐτά.Ἐγεν-

311 5576 436 5649 νήθη
472 5582 787 5649 τοιγαροῦν,
824 5582 959 5643 καθὸ
987 5586 1156 5654 Λόγος
1178 5586 1345 5649 ἐστὶν,
1370 5588 1432 5639 ἐκ
1461 5588 1676 5659 Πατρός
1695 5606 1706 5617 ·
1742 5592 1890 5644 ἐκτί⁹

313 5667 403 5738 σθη
431 5670 509 5735 δὲ,
574 5674 711 5726 καθὸ
762 5674 1048 5744 ἄνθρωπος
1076 5716 1090 5741 ,
1150 5680 1243 5731 καὶ
1281 5680 1503 5747 γέγονεν
1542 5682 1684 5752 ἀρχὴ
1727 5681 1885 5737 ὁδῶν.

313 5760 509 5833 Ὥσπερ
541 5759 635 5817 οὖν
677 5766 861 5835 ἡμεῖς,
886 5766 973 5818 ὅτε
998 5767 1087 5820 τὸν
1119 5768 1210 5820 τοῦ
1239 5769 1371 5822 Θεοῦ
1399 5771 1568 5838 Λόγον
1595 5773 1652 5822 ἐν
1678 5774 1889 5835 ἑαυτοῖς

1996 3370 2159 3425 bilem
2207 3386 2360 3427 suam
2408 3382 2464 3425 et
2511 3372 2815 3426 naturalem
2857 3387 2925 3427 ex
2974 3373 3134 3427 Patre
3178 3372 3590 3442 generationem

1997 3462 2303 3531 declarans,
2331 3464 2503 3534 inquit
2531 3483 2545 3518 :
2577 3483 2595 3517 ι
2632 3464 2743 3535 Ego
2767 3480 2834 3520 ex
2863 3464 3022 3520 Patre
3045 3466 3187 3521 exivi
3212 3476 3267 3521 et
3290 3466 3449 3521 venio
3464 3465 3534 3519 “.
3566 3484 3587 3517 1

2002 3555 2064 3608 Et
2101 3571 2289 3611 rursus
2321 3557 2484 3609 alium
2516 3572 2637 3613 esse
2669 3572 2731 3611 se
2760 3572 2787 3610 a
2818 3558 3090 3613 creaturis
3120 3559 3435 3622 ostendens,
3465 3557 3541 3612 ait
3574 3576 3587 3611 :

2001 3646 2158 3717 165
2214 3666 2233 3697 ι
2292 3649 2396 3703 Vos
2444 3649 2508 3703 de
2555 3651 2808 3705 deorsum
2860 3651 3027 3717 estis,
3076 3666 3177 3721 ego
3224 3664 3291 3705 ex
3338 3651 3593 3720 supernis

1998 3724 2116 3791 sum
2145 3738 2210 3794 ".
2252 3757 2272 3791 1
2308 3738 2493 3809 Neque
2523 3741 2666 3795 enim
2701 3741 2990 3810 quisquam
3022 3757 3171 3796 sana:
3204 3744 3403 3797 mentis
3436 3744 3590 3799 dixe-

2000 3829 2089 3896 rit,
2122 3829 2300 3896 locali,
2330 3845 2558 3902 queque
2586 3832 2886 3903 spatiorum
2918 3833 3217 3888 intervallis
3246 3844 3479 3895 constet,
3512 3835 3593 3889 al-

1999 3927 2228 3982 titudine
2253 3927 2343 3981 Dei
2364 3925 2597 3982 Verbum
2621 3927 2867 3999 gloriari,
2889 3931 2982 3983 sed
3007 3928 3368 3983 humilitatem
3392 3938 3589 3983 creata:

1997 4020 2315 4075 substantiae
2368 4034 2465 4090 per
2509 4020 2754 4075 deorsum
2805 4021 3101 4089 signiﬁcari
3150 4039 3163 4075 :
3209 4022 3587 4076 celsitudinem

1997 4126 2126 4167 vero
2170 4112 2368 4166 divina:
2414 4111 2707 4181 omniaque
2758 4111 3195 4166 transcendentis
3239 4121 3448 4167 natura:
3496 4127 3592 4181 per

1994 4220 2249 4275 superna.
2300 4204 2434 4261 Cum
2492 4206 2658 4276 igitur
2706 4212 2916 4258 tantum
2975 4205 3047 4258 sit
3101 4205 3397 4260 discrimen
3449 4206 3593 4265 inter

1995 4308 2238 4355 creatum
2274 4308 2340 4374 et_
2365 4297 2632 4365 genitum,
2672 4296 2833 4350 verba
2872 4295 3247 4351 indiﬂerenter
3282 4298 3590 4366 capiantur,

1996 4392 2211 4461 quando
2252 4390 2455 4443 nullum
2503 4388 2569 4444 iis
2614 4404 2735 4459 quae
2780 4389 3161 4447 sianiﬁcantur
3201 4388 3455 4444 damnum
3500 4389 3587 4443 inv

1997 4482 2191 4535 fertur.

2000 4594 2209 4649 ALIUD
2241 4594 2577 4662 explicatius,
2615 4595 2668 4646 in
2702 4594 2799 4645 hoc
2832 4594 3043 4662 ipsum;
3073 4612 3089 4643 ι
3118 4592 3374 4647 Dominus
3398 4596 3592 4647 crearit

2072 4683 2151 4719 me
2197 4660 2407 4718 initium
2444 4667 2654 4717 uiarum
2683 4680 2923 4716 suarum.
2960 4684 2978 4715 1
3012 4660 3077 4717 Et
3130 4664 3321 4717 deinde
3351 4679 3369 4717 :
3405 4682 3422 4715 ι
3460 4666 3595 4719 Ante

2072 4752 2250 4790 omnes
2284 4736 2443 4789 colles
2475 4736 2651 4806 genuit
2686 4750 2785 4787 me.
2827 4752 2844 4784 1

2074 4852 2131 4906 Si
2162 4860 2289 4905 ante
2312 4849 2495 4905 omnia
2529 4864 2588 4904 se
2618 4849 2863 4919 genitum
2896 4863 3015 4903 esse
3069 4848 3262 4920 inquit,
3299 4860 3447 4903 certe
3480 4862 3588 4903 non

2000 4945 2102 4997 erit
2138 4959 2279 4999 unus
2308 4958 2373 4997 es
2401 4941 2681 5007 omnibus,
2719 4942 2814 4996 sed
2835 4940 3086 4997 diversus
3116 4944 3185 4996 ab
3205 4942 3344 4996 aliis.
3381 4941 3589 4998 Caetera

2000 5039 2143 5090 enim
2180 5036 2363 5090 omnia
2416 5034 2468 5090 in
2506 5035 2701 5105 seipsis
2760 5035 2964 5088 habent
3017 5050 3171 5088 suum
3229 5035 3593 5103 principium;

2002 5143 2174 5199 neque
2208 5129 2352 5184 enim
2380 5128 2793 5191 essentomnia,
2851 5128 2895 5181 si
2944 5127 3071 5196 quid
3132 5127 3185 5180 in
3259 5127 3392 5194 ipsis
3438 5136 3593 5182 extra

2000 5236 2227 5276 manens
2280 5222 2636 5291 reperiretur.
2689 5221 2745 5275 Si
2784 5236 2916 5289 ergo
2964 5231 3091 5274 ante
3143 5220 3328 5273 omnia
3375 5221 3592 5287 genitus

1998 5326 2080 5370 est
2112 5314 2305 5377 Filius,
2335 5315 2556 5384 proprio
2589 5328 2688 5368 suo
2732 5329 2957 5368 numero
2990 5315 3173 5369 omnia
3224 5315 3591 5387 comprehen-

1998 5407 2203 5459 duntur
2240 5423 2252 5458 :
2289 5418 2442 5461 extra
2481 5421 2609 5461 vero
2636 5406 2723 5459 illa
2755 5404 2879 5459 Filii
2925 5406 3210 5475 generatio
3246 5405 3592 5475 intelligitur.

1998 5500 2100 5566 Qui
2136 5510 2316 5553 autem
2355 5500 2631 5570 generatis
2666 5500 3017 5553 amnunerari
3073 5514 3180 5553 non
3237 5509 3415 5567 potest
3448 5539 3464 5565 ,
3506 5502 3593 5554 di-

1999 5608 2174 5646 versae
2204 5592 2272 5645 ab
2308 5591 2440 5659 ipsis
2481 5602 2687 5645 natura:
2720 5590 2789 5644 sit
2827 5601 3063 5660 oportet.
3118 5590 3349 5649 Genitus
3408 5594 3592 5663 itaque

1998 5693 2083 5736 est
2120 5680 2396 5753 quaienus
2438 5691 2521 5737 est
2548 5681 2780 5737 Verbum
2806 5697 2868 5735 ex
2911 5681 3104 5748 Patre;
3144 5692 3362 5739 creatus
3402 5700 3537 5740 vero
3572 5725 3588 5747 ,

2002 5785 2269 5842 quatenus
2297 5777 2479 5839 homo,
2520 5786 2574 5829 et
2605 5775 2781 5828 factus
2824 5786 2907 5829 est
2958 5757 3289 5845 principium
3351 5778 3587 5831 viarum.

368 5922 411 5954 “
441 5920 587 5979 Psal.
622 5936 771 5988 suv,
806 5921 859 5977 2.
937 5922 1116 5980 "Jsa.
1162 5941 1314 5993 χχιιι,
1356 5928 1411 5983 4.
1488 5928 1706 5985 “Joan.
1745 5938 1891 5998 tm,‘

2062 5933 2106 5963 “
2146 5930 2302 5986 Joan.
2341 5949 2456 5998 t'ttt,
2491 5934 2577 5987 ‘25.
