3968 6500
469 424 576 478 2‘33

476 628 631 681 Verbi
656 665 670 687 .
708 628 797 679 sed
845 629 1020 694 potius
1053 640 1261 697 tempus
1297 631 1681 684 incarnationis
1718 647 1861 695 ειυς,
1897 647 2035 700 qua-

475 730 627 770 tenus
654 732 778 769 caro
807 716 1002 777 factus,
1038 729 1254 770 creatus
1281 718 1494 769 dicitur.
1540 716 1691 770 Tunc
1723 719 1867 770 enim
1904 732 2030 784 per-

474 810 627 862 fectis
654 811 908 877 operibus
943 809 1149 868 Patris.
1206 810 1549 877 humanaque
1592 820 1787 863 natura
1827 812 1879 863 in
1926 812 2036 876 pri-

473 903 673 954 stinum
714 911 911 954 statqu
976 903 1242 963 restituta,
1283 901 1527 967 adjunxit
1585 903 1685 955 sibi
1742 903 2034 956 Ecclesiam

474 992 649 1045 omnis
679 992 897 1044 macnlze
934 1002 986 1044 et
1025 1007 1167 1060 rugae
1197 1005 1499 1059 expertem,
1520 1004 1764 1047 sanctam
1796 1005 1849 1047 et
1885 1009 2041 1047 mun-

474 1082 593 1132 dam
628 1081 708 1142 ⁷⁸,
760 1091 812 1133 et
850 1081 973 1135 iacti
1018 1098 1204 1135 sumus
1237 1082 1286 1133 in
1332 1084 1449 1149 ipso
1492 1098 1629 1136 nova
1664 1093 1913 1137 creatura
1947 1084 1992 1113 "
2022 1125 2036 1147 ,

478 1186 579 1221 non
616 1169 842 1237 amplius
883 1170 1283 1237 itnperlectiono
1330 1171 1439 1235 illa,
1468 1186 1627 1239 quam
1670 1188 1762 1239 per
1787 1172 2041 1239 pra-vari-

477 1263 743 1316 cationcm
783 1271 1224 1316 contraxeramus
1287 1264 1557 1328 laborans,
1604 1279 1781 1331 neque
1821 1274 2041 1333 peccato

480 1366 689 1406 mortua
715 1395 727 1417 ,
773 1356 863 1407 sed
895 1354 1278 1423 perfectionem
1317 1366 1602 1408 consecuta
1644 1368 1739 1422 per
1784 1354 2041 1408 obedien-

481 1448 606 1497 tiam
660 1444 860 1497 Christi
926 1445 1155 1512 ejusque
1214 1446 1667 1513 resurrectionem
1717 1461 1745 1498 a
1788 1446 2038 1500 mortuis.

481 1536 587 1589 llas
628 1536 790 1605 igitur
813 1538 879 1588 ob
930 1552 1121 1590 causas
1168 1532 1329 1608 163
1386 1538 1545 1590 homo
1596 1537 1811 1602 iactus,
1854 1538 2044 1591 merito

479 1626 676 1681 dixerit
719 1646 732 1681 :
783 1647 800 1678 ι
842 1628 1096 1680 Dominus
1123 1631 1329 1682 creavit
1358 1644 1442 1682 me
1479 1630 1803 1699 principium
1831 1631 2041 1684 viarum

480 1734 694 1772 suarum
721 1719 770 1772 in
797 1734 955 1787 Opera
991 1720 1175 1785 ipsius.
1216 1736 1237 1767 ι

480 1849 706 1941 Αιένρρ.
754 1851 820 1941 ἔξ.
859 1850 1021 1933 illud,
1140 1849 1401 1941 Dominus,
1435 1852 1627 1941 creaail
1688 1868 1805 1941 πιὲ
1829 1870 1871 1934 ι.
1904 1854 2042 1941 quod
2076 1888 2114 1941 Β

553 1918 725 1972 Filius
777 1919 867 1972 Dei
900 1937 1000 1972 non
1030 1921 1092 1971 ςὶι
1126 1936 1275 1986 opus,
1326 1922 1401 1973 vel
1438 1932 1703 1975 ereaturu.
1736 1919 1805 1974 Et
1854 1924 1907 1975 in
1958 1925 2035 1983 id,

554 2007 571 2038 ι
615 1989 744 2042 Ante
780 1991 975 2049 swcula
1003 1990 1244 2058 [undavit
1287 2007 1385 2045 me.
1427 2009 1445 2041 ι

555 2100 610 2153 Si
650 2097 881 2153 Verbum
923 2100 1011 2153 Dei
1045 2110 1128 2154 est
1158 2111 1443 2166 creatura,
1491 2113 1547 2155 ιιι
1580 2117 1674 2155 νος
1710 2102 2039 2171 cpinamini,

482 2190 657 2244 Omnis
714 2190 1006 2258 impietatis
1062 2191 1393 2257 inventores,
1440 2194 1711 2259 quomodo
1752 2191 1861 2245 Deo
1914 2208 2043 2244 cou-

482 2281 732 2349 glnlinati
760 2290 813 2335 et
858 2281 926 2333 tlii
963 2278 1137 2334 επιεικιί
1161 2297 1367 2347 sumus,
1404 2282 1536 2334 uniti
1570 2282 1671 2349 ipsi
1699 2281 1721 2334 ?
1746 2280 1863 2348 Quo
1891 2293 2044 2347 pacto

483 2386 612 2423 vero
645 2372 891 2425 Christus
918 2372 1179 2425 mediator
1208 2372 1298 2426 Dei
1324 2374 1386 2425 et'
1414 2373 1693 2426 hominum
1727 2372 1817 2425 3°?
1849 2371 2045 2427 Unitnr

482 2463 625 2516 enim
660 2463 834 2525 nobis,
865 2472 1132 2531 quatenus
1171 2461 1344 2516 factus
1392 2472 1476 2517 est
1525 2466 1705 2519 homo.
1765 2464 1818 2517 Si
1867 2473 2043 2517 autem

484 2563 729 2605 creatura
760 2561 863 2613 est,
908 2561 957 2606 et
1011 2568 1114 2606 non
1154 2551 1315 2616 Deus,
1348 2554 1615 2620 quomodo
1666 2553 1855 2607 unitur
1904 2554 2051 2615 Deo?

484 2644 591 2695 Aut
638 2642 759 2709 quis
807 2642 994 2694 modus
1042 2656 1105 2696 ac
1155 2643 1292 2695 ratio
1345 2644 1514 2711 ipsmn
1552 2644 1623 2695 illi
1674 2644 1878 2697 uniet?
1920 2644 2048 2709 Qua:

485 2730 625 2782 enim
674 2729 954 2783 dissimilia
1016 2740 1142 2784 sunt
1192 2732 1486 2785 secundum
1541 2733 1883 2796 essentiam,
1936 2747 2040 2784 no.1

488 2818 669 2883 utique
696 2819 1011 2870 naturaliter
1046 2820 1272 2875 invicem
1318 2824 1591 2874 uniantnr.
1625 2826 1728 2874 Aut
1756 2816 2045 2889 quomodo,

488 2907 532 2959 si
578 2917 826 2961 creatura
880 2918 983 2973 est,
1043 2924 1138 2980 per
1184 2911 1355 2979 ipsum
1411 2913 1599 2967 saIVati
1650 2928 1873 2977 smnus,
1926 2929 2047 2967 cum

489 2998 764 3065 Scriptura
806 3001 944 3054 dicat
980 3018 993 3053 :
1029 3020 1047 3052 ι
1098 3000 1213 3055 Non
1249 3004 1475 3071 legatus,
1521 3022 1623 3057 non
1650 3005 1897 3074 angelus,
1955 3006 2047 3060 sed

490 3092 601 3152 ipse
634 3093 884 3148 Dominus
905 3097 1127 3150 salvarit
1152 3112 1243 3151 eos
1268 3097 1351 3150 ll‘?
1379 3118 1396 3149 ι
1425 3097 1703 3162 Quomodo
1725 3107 1901 3152 autem
1940 3113 2052 3153 crev

1490 423 1546 477 S.
1588 423 1860 479 CYlilLLl
1902 424 2367 481 ALEXANDRINI
2405 424 2719 497 ARCHIEP.

471 544 695 591 verbum
729 534 879 598 illud,
910 554 927 585 ι
952 536 1174 598 creavit,
1204 557 1223 586 ι
1252 554 1353 590 non
1390 538 1695 603 signiﬁcare
1735 541 2021 592 essentiam

2184 540 2363 592 ἔκτισε
2389 558 2399 567 ·

3610 422 3713 475 εει

2444 559 2459 590 ι
2494 540 2655 609 δηλοῖ
2679 536 2735 589 δὲ
2767 537 2973 606 μᾶλλον
3008 537 3098 588 τὸν
3133 538 3235 604 τῆς¹
3256 534 3552 605 ἐπιδημίας
3582 551 3709 586 και-

2142 631 2254 699 ρὸν,
2283 631 2418 683 καθὸ
2450 631 2584 699 σὰρξ
2613 628 2873 696 γεγονὼς,
2901 627 3152 679 ἐκτίσθαι
3184 627 3419 693 λέγεται.
3445 626 3577 677 Τότε
3606 624 3721 696 γὰρ

2141 725 2233 773 καὶ
2288 722 2559 791 ὁλόκληρα
2616 722 2851 787 ποιήσας
2906 719 2971 770 τα
3023 718 3157 786 ἔργα
3202 718 3291 767 τοῦ
3339 716 3571 785 Πατρὸς,
3621 716 3724 766 καὶ

2139 813 2599 879 ἀποκαταστήσας
2627 811 2706 871 είς
2735 810 2794 861 τὸ
2826 810 3049 877 ἀρχαῖον
3082 808 3179 877 τὴν
3212 806 3500 875 ἀνθρώπου
3526 805 3719 873 φύσιν,

2142 901 2483 970 παρέστησεν
2530 898 2706 969 ἐαυτῷ
2733 900 2830 967 τὴν
2869 897 3195 965 Ἐκκλησίαν
3235 897 3309 965 μὴ
3340 898 3567 964 ἔχουσαν
3597 897 3724 946 σπῖ-

2140 995 2228 1043 λον
2271 990 2301 1060 ἢ
2352 992 2559 1060 ῥυτίδα,
2610 992 2643 1060 ἦ
2693 1008 2741 1042 τι
2786 989 2893 1041 τῶν
2931 990 3223 1050 τοιούτων,
3276 988 3390 1040 ἀλλ’
3425 987 3585 1051 ἁγίαν
3621 986 3725 1037 καὶ

2141 1082 2369 1149 ἄμωμον
2386 1097 2397 1108 ’
2420 1081 2509 1132 καὶ
2535 1081 2837 1149 γεγόναμεν
2861 1082 2917 1131 ὲν
2943 1079 3091 1148 αὐτῷ
3121 1079 3279 1148 καινὴ
3310 1079 3503 1140 κτίσις,
3530 1077 3727 1129 οὐκέτι

2142 1171 2379 1239 φοροῦσα
2410 1172 2466 1223 τὸ
2494 1172 2684 1233 ἀτελὲς
2708 1171 2795 1224 διὰ
2821 1170 2919 1240 τὴν
2954 1170 3259 1241 παρὰὁασιν
3286 1170 3381 1220 καὶ¹
3408 1170 3507 1238 τὴν
3528 1169 3592 1218 ὲκ
3615 1166 3725 1234 τῆς

2141 1265 2412 1334 ἁμαρτίας
2444 1265 2732 1333 νέκρωσιν,
2768 1262 2905 1315 ἀλλὰ
2944 1262 3133 1315 λοιπὸν
3168 1258 3515 1313 ἀπολαϐοῦσα
3541 1256 3603 1309 τὸ
3635 1256 3729 1308 τέ-

2142 1356 2281 1409 λειον
2308 1356 2395 1409 διὰ
2428 1358 2526 1426 τὴν
2583 1355 2826 1424 ὑπακοὴν
2870 1354 2964 1407 τοῦ
3007 1352 3243 1425 Χριστοῦ
3274 1352 3367 1404 καὶ
3399 1353 3494 1419 τὴν
3525 1352 3589 1402 ὲκ
3629 1366 3725 1400 νε-

2144 1448 2289 1515 κρῶν
2334 1449 2649 1500 ἀνάστασιν.
2689 1444 2897 1499 Οὐκοῦν
2929 1445 3209 1516 ἄνθρωπος
3240 1444 3328 1496 διὰ
3356 1444 3527 1495 ταῦτα
3565 1442 3729 1510 γενόο

2148 1555 2325 1607 μενος,
2363 1540 2589 1601 εἰκότως
2624 1536 2690 1589 ἂν
2719 1536 2865 1603 λέγοι
2896 1538 2977 1601 τὸ,
3017 1556 3034 1585 ι
3074 1535 3277 1606 Κύριος
3310 1534 3491 1587 ἔκτισέ
3524 1549 3591 1602 με
3618 1532 3730 1603 ἁρ-

2145 1632 2241 1700 χῆν
2266 1630 2395 1681 ὁδῶν
2427 1630 2592 1681 αὑτοῦ
2626 1633 2705 1692 είς
2736 1630 2871 1700 ἔργα
2895 1628 3077 1682 αὐτοῦ.
3118 1646 3136 1679 ι

2149 1851 2349 1913 ΑΛΛΟ,
2380 1852 2465 1915 εἰς
2502 1849 2591 1914 τὸ,
2630 1868 2646 1900 ι
2682 1850 2897 1916 Κύριος
2926 1847 3130 1901 ext/ae
3168 1864 3264 1915 με,
3306 1865 3323 1896 ι
3358 1844 3446 1899 ὅτι
3478 1844 3557 1899 οἶν
3592 1848 3726 1916 κτί-

2213 1936 2356 1989 σμα,
2400 1920 2542 1973 οὐδὲ
2578 1915 2799 1997 argivum
2832 1922 2863 1972 ό
2904 1919 3034 1982 Υἱὸς
3062 1918 3165 1969 τοῦ
3190 1916 3357 1970 Θεοῦ.
3386 1917 3490 1969 Καὶ
3517 1918 3605 1981 είς
3629 1915 3733 1973 τό.

2219 2009 2235 2040 ι
2262 1991 2377 2057 Πρὸ
2410 1989 2516 2043 τοῦ
2537 1992 2750 2052 alterae
2779 1988 3135 2056 ἐθεμελίωσέ
3164 2004 3258 2055 με.
3292 2006 3310 2037 ι

2219 2009 2235 2040 ι
2262 2004 2377 2056 ιιρι)
2410 2005 2516 2043 του
2537 2004 2750 2052 utan-oc
2779 2004 3135 2056 euspumae
3164 2004 3258 2055 με.
3292 2006 3310 2037 ι

2211 2099 2273 2153 Εἰ
2306 2099 2509 2169 κτίσμα
2536 2098 2672 2161 ἐστὶ,
2721 2098 2839 2150 καθ’
2884 2098 3047 2167 ὑμᾶς,
3076 2098 3105 2149 ό
3141 2097 3233 2149 τοῦ
3273 2096 3411 2150 Θεοῦ
3439 2098 3636 2164 Λόγος,
3681 2089 3735 2148 ὦ

2147 2194 2325 2261 πάσης
2360 2190 2613 2254 ἀσεϐείας
2657 2190 3067 2260 εὑρεταὶ,οπῶς
3102 2189 3223 2259 Θεῷ
3270 2188 3593 2259 κολλώμεθα
3630 2190 3733 2241 καὶ

2145 2280 2537 2351 θεοποιούμεθα
2581 2264 2945 2348 συναφθέίντες
2993 2277 3178 2349 αὺτῷ;
3228 2279 3352 2341 Πῶς
3394 2278 3450 2331 δὲ
3495 2276 3734 2347 μεσίτης

2147 2373 2262 2426 ἐστὶ
2304 2372 2440 2425 Θεοῦ
2494 2373 2590 2425 καὶ
2619 2372 2920 2443 ἀνθρώπων
2948 2374 2975 2425 ό
3008 2370 3276 2441 Χριστός;
3320 2371 3585 2423 Ἀπτεται
3625 2370 3736 2439 μὲν

2145 2466 2253 2535 γὰρ
2290 2463 2469 2533 ἡμῶν,
2527 2463 2664 2516 καθὸ
2706 2462 2929 2530 γέγονεν
2964 2462 3271 2532 ἄνθρωπος.
3325 2461 3389 2514 Ei
3428 2460 3483 2513 δὲ
3520 2459 3736 2528 κτίσμα

2148 2555 2263 2608 ἐστὶ
2311 2554 2406 2609 καὶ
2441 2554 2502 2607 οὐ
2530 2554 2685 2618 Θεὸς,
2732 2553 2850 2616 πῶς
2881 2552 3079 2621 ἅψεται
3129 2551 3299 2617 Θεοῦ;
3351 2553 3508 2613 Πυίος
3562 2551 3737 2604 αὑτὸν

2148 2647 2338 2716 ἐκείνῳ
2364 2645 2588 2715 συνάψει
2620 2645 2819 2714 τρόπος
2839 2662 2853 2711 ;
2883 2644 2963 2697 Τὰ
2981 2645 3086 2714 γὰρ
3103 2645 3329 2713 ἀνόμοια
3346 2644 3487 2697 κατὰ
3504 2643 3604 2713 τὴν
3633 2643 3737 2695 οὖν

2150 2739 2269 2790 σίαν
2312 2737 2412 2789 οὐκ
2450 2736 2515 2789 ἂν
2546 2736 2794 2806 ἀλλήλοις
2825 2734 3069 2803 φυσικῶς
3095 2734 3390 2803 συναφθείη
3426 2734 3578 2787 ποτέ.
3603 2734 3738 2797 Πῶς

2146 2829 2224 2889 δὲ,
2256 2830 2303 2880 εί
2344 2827 2547 2897 κτίσμα
2582 2828 2697 2880 ἐστὶ
2718 2867 2732 2890 ,
2765 2826 2833 2879 δι’
2858 2825 3024 2879 αὑτοῦ
3056 2822 3396 2895 σεσώσμεθα,
3443 2825 3541 2894 τῆς
3575 2822 3736 2888 θείας

2148 2919 2412 2988 λεγούσης
2441 2918 2662 2988 Γραφῆς
2682 2934 2695 2948 ·
2735 2935 2753 2967 ι
2783 2915 2860 2970 Ού
2887 2916 3132 2987 πρέσϐυς
3157 2956 3171 2979 ,
3197 2917 3295 2969 οὐκ
3322 2916 3579 2983 ἄγγελος,
3611 2914 3737 2968 ἀλλ’

2150 3012 2311 3073 αὐτὸς
2353 3012 2381 3062 ὁ
2423 3010 2625 3079 Κύριος
2659 3008 2859 3061 ἔσωσεν
2900 3007 3129 3071 αύτούς;
3170 3026 3185 3058 ι
3228 3008 3350 3069 Πῶς
3377 3008 3431 3059 δὲ
3466 3008 3544 3068 είς
3567 3005 3739 3059 αὑτὸν

2152 3100 2497 3162 πιστεύοντες
2518 3097 2895 3167 δικαιούμεθα,
2921 3099 3077 3167 εἴπερ
3104 3098 3307 3166 κτίσμα
3341 3098 3455 3149 ἐστί
3477 3115 3491 3160 ;
3526 3097 3648 3159 Πῶς
3673 3098 3741 3151 δὲ

488 3184 671 3238 tientcs
691 3185 738 3237 in
764 3200 882 3239 emn
902 3186 1281 3252 justilicarnur,
1300 3189 1345 3241 si
1362 3200 1442 3242 est
1465 3190 1746 3243 creatura?
1772 3180 2051 3255 Quomodo

2158 3192 2235 3247 τὸ,
2270 3210 2286 3241 ι
2310 3192 2385 3259 Γῆ
2417 3186 2487 3254 εἴ,
2510 3190 2604 3243 καὶ
2628 3191 2707 3252 είς
2726 3188 2830 3256 γῆν
2852 3187 3146 3259 ἀπελεύσῃ,
3175 3206 3192 3239 ι
3227 3187 3410 3239 λύεται
3436 3186 3502 3239 δι’
3530 3184 3737 3251 αὐτοῦς

490 3288 617 3327 vero
649 3275 799 3337 illud,
850 3295 868 3327 ι
906 3266 1069 3330 Terra
1097 3294 1175 3343 es,
1202 3289 1254 3331 et
1286 3280 1338 3332 in
1378 3292 1573 3333 terram
1609 3281 1897 3336 reverteris
1917 3282 1985 3344 ⁸¹,
2030 3299 2048 3332 ι

490 3380 584 3432 per
610 3366 777 3433 ipsmn
801 3368 1058 3420 solvitur?
1078 3368 1259 3436 Neque.
1286 3371 1429 3422 enim
1456 3380 1537 3424 est
1570 3386 1704 3439 Opus
1732 3372 1871 3439 quod
1904 3385 2058 3425 crea-

494 3465 625 3506 tura!
655 3458 935 3510 conveniat
970 3460 1291 3512 Sententiaut
1318 3475 1345 3511 a
1380 3460 1485 3515 Deo
1512 3462 1689 3514 tlatant
1721 3464 2056 3517 subvenere.

491 3540 771 3605 Quomodo
820 3545 979 3597 etiam
1033 3546 1075 3599 si
1107 3557 1351 3615 creatura
1388 3560 1499 3614 est,
1557 3560 1832 3619 peccatum
1880 3552 2059 3606 delere

498 3642 695 3699 potest,
732 3652 848 3687 cum
898 3640 1157 3707 propheta
1194 3642 1257 3692 de
1282 3642 1396 3709 ipso
1435 3643 1620 3697 dicat:
1668 3661 1688 3694 ι
1738 3644 1870 3709 Quis
1918 3644 2058 3698 Deus

497 3726 633 3777 sicut
681 3736 756 3789 tu,
806 3728 999 3782 tollens
1058 3728 1370 3798 iniquitates
1400 3744 1453 3785 et
1486 3734 1797 3801 prarteriens
1848 3734 2059 3802 injusti-

506 3814 607 3865 tias
634 3813 681 3842 ’"
711 3815 871 3879 ‘lQno
904 3828 1059 3883 pacto
1083 3833 1231 3882 vero,
1270 3821 1313 3873 si
1347 3832 1592 3873 creatura
1635 3833 1738 3887 est,
1777 3824 1951 3889 potuit
1980 3826 2059 3877 di-

493 3917 651 3957 cere:
688 3904 827 3959 «Nisi
851 3907 1017 3961 Filius
1043 3924 1135 3965 vos
1172 3910 1414 3963 liberarit
1444 3912 1524 3964 ⁸⁸2
1557 3932 1572 3962 ι
1603 3913 1848 3967 liberavit
1880 3923 2056 3967 autem

496 4008 550 4048 ut
609 3997 781 4049 Patris
817 4000 1006 4063 hzrrt-s,
1059 4016 1163 4055 non
1217 4013 1395 4055 autem
1443 4016 1733 4068 creatura,
1790 4013 1845 4059 ut
1886 4005 2057 4061 insani

497 4088 731 4141 ha-rotici
761 4088 1072 4157 opinantur.

575 4288 632 4342 Si
682 4289 745 4342 ad
803 4291 1159 4345 imitationem
1222 4294 1483 4349 naturalis
1528 4296 1669 4361 Filii,
1723 4298 1886 4351 etiam
1934 4300 2059 4353 ado-

496 4382 631 4446 ptitii
695 4392 951 4434 voeantur
1018 4382 1146 4446 lilii,
1208 4387 1569 4438 necessarium
1640 4388 1794 4453 plane
1857 4399 1938 4442 est
2005 4399 2062 4443 ut

498 4470 753 4523 naturalis
790 4470 958 4525 Filius
993 4473 1131 4526 alius
1160 4474 1227 4526 sit
1255 4476 1321 4527 ab
1356 4476 1421 4528 iis
1448 4517 1462 4535 ,
1520 4487 1574 4528 et
1610 4478 1846 4531 essentia
1880 4481 2061 4535 diver-

2157 3284 2230 3337 Οὐ
2263 3283 2371 3353 γὰρ
2404 3278 2472 3352 ἦν
2503 3280 2663 3351 ἔργον
2697 3279 2956 3349 κτίσματι
2985 3278 3215 3350 πρέπον,
3262 3276 3592 3353 ἀνατρέπειν
3632 3278 3741 3349 τὴν

2159 3377 2307 3447 παρὰ
2355 3373 2488 3427 Θεοῦ
2536 3372 2780 3425 δοθεῖσαν
2822 3371 3117 3439 ἀπόφασιν.
3172 3371 3293 3433 Πῶς
3342 3370 3397 3422 δὲ
3444 3369 3627 3432 πάλιν,
3684 3369 3741 3422 εί

2159 3469 2363 3533 κτίσμα
2408 3463 2576 3523 ἐστὶν,
2628 3463 2843 3533 ἀναιρεί
2891 3462 2989 3532 τὴν
3024 3454 3317 3531 ἁμαρτίαν,
3349 3460 3601 3529 λέγοντος
3637 3461 3739 3514 τοῦ

2159 3557 2437 3625 προφήτου
2465 3555 2591 3626 περὶ
2610 3555 2774 3607 αὑτοῦ
2792 3571 2805 3583 ’
2840 3574 2857 3604 ι
2877 3554 2972 3617 Τίς
3000 3553 3133 3616 Θεὸς
3162 3552 3349 3622 ῶσπερ
3382 3554 3468 3614 σὺ,
3502 3552 3741 3624 ἐξαίρων

2157 3647 2381 3717 ἀνομίας
2408 3646 2499 3699 καὶ
2527 3644 2866 3716 ύπερὸαίνων
2888 3645 3097 3708 ἀδικίας
3120 3663 3133 3710 ;
3163 3663 3178 3695 ι
3221 3646 3341 3707 Πῶς
3368 3645 3442 3705 δὲ,
3461 3646 3508 3697 εί
3526 3644 3743 3714 κτίσμα

2158 3739 2323 3801 ἐστὶν,
2352 3736 2583 3806 ἠδύνατο
2618 3737 2845 3803 λέγειν·ι
2873 3737 2999 3789 Ἐὰν
3024 3737 3097 3806 μὴ
3132 3738 3160 3789 ό
3192 3735 3315 3797 Υίὸς
3346 3737 3488 3805 ὑμᾶς
3518 3735 3743 3788 ἐλευθε-

2163 3830 2309 3900 ρώσῃ
2330 3848 2341 3889 ;
2366 3849 2383 3879 ι
2422 3831 2512 3882 καὶ
2530 3828 2659 3897 γοῦν
2680 3830 3054 3899 ἠλευθέρωσεν
3081 3830 3156 3894 ὡς
3185 3828 3278 3882 τοῦ
3302 3829 3511 3899 Πατρὸς
3534 3828 3741 3899 κληρος-

2160 3919 2348 3985 νόμος,
2380 3918 2473 3970 καὶ
2502 3920 2562 3969 οὐ
2597 3919 2803 3988 ποίημα
2839 3918 3122 3989 ὑπάρχων,
3164 3918 3305 3973 κατὰ
3336 3918 3434 3986 τὴν
3473 3916 3582 3968 τῶν
3614 3916 3741 3970 θεο-

2163 4010 2350 4079 μαχων
2379 4011 2593 4079 μανίαν.

2830 4195 3034 4249 ΛΛΛΟ.

2830 4196 2918 4247 ΔΛ
2973 4196 3034 4249 0.

2233 4280 2293 4332 El
2334 4280 2475 4333 κατὰ
2505 4280 2737 4351 μίμησιν
2769 4283 2863 4335 τοῦ
2895 4196 3036 4336 xtra
3066 4282 3226 4351 φύσιν
3247 4281 3377 4335 Υίοῦ
3409 4284 3500 4335 καὶ
3524 4286 3571 4335 οἱ
3594 4284 3740 4338 κατὰ

2163 4371 2308 4425 θέσιν
2344 4374 2449 4425 υἱοὶ
2480 4374 2788 4444 καλοῦνται,
2821 4376 3033 4445 ἀνάγκη
3086 4378 3232 4429 πᾶσα
3270 4378 3361 4429 τὸν
3394 4376 3533 4429 κατὰ
3573 4377 3740 4443 φύσιν

2161 4463 2345 4534 ἕτερον
2390 4461 2525 4517 εἶναι
2560 4466 2689 4535 παρ’
2736 4466 2933 4529 αὐτοὺς
2982 4468 3075 4519 καὶ
3122 4467 3260 4520 κατά
3292 4468 3389 4535 τὴν
3433 4468 3620 4520 ούσίαν
3655 4469 3744 4535 ἐξ-

499 4575 607 4610 sus.
638 4559 692 4611 Si
730 4576 857 4627 ergo
887 4560 976 4613 lilii
1001 4562 1249 4629 adoptitii
1286 4572 1410 4616 sunt
1436 4574 1723 4632 creatum,
1793 4571 2051 4627 naturalis

2162 4554 2517 4623 ηλλαγμένον.
2558 4556 2617 4607 Ei
2646 4556 2824 4608 τοίνυν
2856 4559 2903 4607 οἱ
2945 4559 3085 4610 κατὰ
3124 4558 3273 4609 θέσιν
3302 4560 3404 4609 υίοὶ
3436 4559 3741 4628 κτίσματα,

498 4663 649 4702 certe
704 4662 953 4704 creatura
993 4663 1088 4706 aut
1134 4668 1267 4721 opus
1316 4670 1421 4708 non
1472 4656 1576 4709 crit

498 4742 635 4795 idem
672 4743 775 4795 erit
802 4759 921 4797 cutn
959 4743 1253 4812 adoptitiis.

1158 4834 1390 4889 ALIUD.

566 4926 621 4979 Si
654 4924 807 4994 juxta
838 4940 955 4990 vos,
980 4940 1011 4979 ο
1040 4927 1245 4990 Ariani,
1283 4927 1452 4984 Filius
1499 4930 1590 4984 Dei
1640 4942 1722 4985 est
1759 4945 2005 4988 creatura
2039 4979 2053 5001 ,

498 5018 550 5070 in
600 5031 705 5085 qua
761 5017 924 5086 igitur
964 5018 1227 5087 sapientia
1280 5018 1453 5073 factus
1502 5022 1631 5075 est?
1664 5034 1756 5078 aut
1810 5042 2055 5095 quamam

498 5120 687 5159 manus
718 5104 887 5173 ipsum
921 5114 1047 5172 post
1080 5106 1181 5160 alia
1208 5107 1449 5159 creavit“!
1481 5108 1751 5176 Scriptum
1771 5123 1853 5164 est
1874 5113 2052 5166 enim:

502 5216 518 5246 ι
555 5196 747 5251 Omnia
815 5196 866 5251 in
909 5187 1170 5265 sapientia
1228 5196 1400 5252 fecisti
1434 5199 1478 5230 ⁸⁸
1505 5239 1517 5252 .
1566 5218 1584 5251 ι
1652 5200 1714 5253 Ει
1759 5201 1899 5255 Deus
1940 5204 2056 5269 ipse

499 5287 691 5342 alicubi
725 5288 801 5343 ait
842 5304 854 5339 :
897 5306 915 5337 ι
964 5287 1151 5343 Manus
1208 5304 1322 5343 mea
1379 5289 1499 5344 fecit
1548 5291 1725 5345 omnia
1774 5293 1885 5348 lucc
1926 5294 1993 5349 “.
2036 5315 2052 5346 ι

500 5377 679 5445 Atqui,
702 5378 744 5430 si
774 5379 952 5431 omnia
983 5378 1033 5429 in
1060 5378 1321 5444 sapientia
1348 5390 1400 5432 et
1432 5396 1590 5433 manu
1622 5372 1715 5435 Dei
1742 5382 1880 5436 ficta
1905 5394 2053 5445 sunt,

499 5476 551 5521 ct
586 5482 736 5521 sacra
774 5467 1051 5536 Scriptura
1085 5470 1150 5522 tle
1182 5469 1271 5523 Dei
1306 5468 1480 5523 Verbo
1536 5474 1731 5537 passim
1780 5476 2055 5541 pra‘dicat,

500 5557 640 5622 quod
674 5574 694 5605 ι
744 5557 931 5611 Omnia
970 5573 1063 5625 per
1107 5558 1278 5629 ipsum
1338 5562 1474 5615 facta
1514 5572 1639 5614 sunt
1665 5605 1679 5623 .
1717 5574 1765 5617 et
1798 5567 1914 5618 sine
1945 5566 2058 5634 ipso

1627 4676 1641 4712 :
1697 4674 1817 4714 nam
1864 4661 2059 4733 alioqui

570 5733 615 5762 "
646 5732 833 5800 Ephes.
870 5752 919 5795 ι’,
948 5734 1036 5787 27.
1110 5737 1155 5766 ”
1188 5737 1225 5789 ll
1252 5738 1368 5787 (lor.
1405 5753 1453 5799 ν,
1497 5739 1577 5790 I7.
1655 5740 1739 5791 "l
1775 5741 1914 5796 Tim.
1950 5760 2004 5801 ιι,
2033 5744 2086 5794 fi.

502 5801 547 5833 "
585 5800 738 5856 Joan.
763 5818 878 5865 vut.
912 5805 996 5857 36.
1078 5806 1120 5836 "
1158 5806 1291 5861 Psal.
1328 5823 1439 5870 Clll,
1477 5809 1563 5862 2i.
1640 5812 1685 5842 "
1718 5812 1817 5866 lsa.
1863 5829 2003 5879 un,
2040 5813 2091 5865 Ξ.

2164 4646 2193 4697 ὁ
2220 4646 2363 4698 κατὰ
2393 4645 2555 4713 φύσιν
2588 4648 2685 4698 οὐκ
2715 4648 2867 4699 ἔσται
2897 4649 3100 4717 κτίσμα
3133 4648 3164 4719 ἢ
3207 4650 3437 4719 ποίημα,
3476 4651 3561 4703 ἵνα
3600 4652 3677 4722 μὴ
3711 4654 3743 4705 ὁ

2164 4739 2324 4802 αὐτὸς
2357 4740 2575 4813 ὑπάρχῃ
2604 4743 2716 4801 τοῖς
2746 4742 2885 4794 κατά
2920 4741 3090 4795 θέσιν.

2828 4834 3030 4887 ΑΛΛΟ.

2235 4924 2317 4987 Ei,
2348 4922 2469 4977 καθ’
2502 4924 2665 4993 ὑμᾶς,
2714 4918 2759 4977 ὧ
2797 4924 3084 4995 Ἀρειανοὶ,
3138 4926 3341 4996 κτίσμα
3374 4926 3524 4981 ἐστὶν
3554 4930 3581 4982 ὁ
3610 4930 3742 4994 Υίὸς

2164 5014 2256 5067 τοῦ
2288 5015 2423 5067 Θεοῦ
2445 5054 2459 5076 ,
2495 5018 2553 5067 ὲν
2586 5017 2715 5087 ποίᾳ
2743 5016 2965 5085 γέγονεν
2998 5018 3106 5089 ἄρα
3142 5021 3303 5089 σοφία
3329 5037 3353 5082 ;-
3378 5021 3508 5073 ποία
3530 5020 3585 5072 δὲ
3617 5023 3745 5091 χεὶρ

2164 5110 2197 5177 ἡ
2234 5110 2327 5160 καὶ
2361 5105 2521 5161 αὑτὸν
2572 5108 2709 5178 μετᾶ
2760 5109 2866 5161 τῶν
2898 5110 3074 5163 ἄλλων
3119 5110 3605 5183 δημιουργήσασα;
3647 5114 3746 5166 Γέ-

2165 5216 2406 5267 γραπται
2432 5200 2562 5269 γὰρ,
2600 5202 2681 5253 ὅτι
2719 5221 2735 5251 ι
2759 5200 2941 5255 Πάντα
2973 5204 3030 5254 ὲν
3058 5202 3218 5272 σοφίᾳ
3253 5203 3534 5272 ὲποῗησας.
3573 5223 3589 5254 ι
3628 5205 3743 5257 Καὶ

2168 5294 2328 5353 αὐτὸς
2354 5291 2410 5343 δέ
2446 5292 2545 5344 πού
2576 5311 2739 5362 φησιν
2781 5296 2809 5347 ὁ
2837 5294 2969 5355 Θεός
2992 5311 3005 5324 ·
3050 5314 3067 5342 ι
3112 5295 3173 5346 Ἡ
3214 5294 3335 5363 χείρ
3367 5312 3467 5364 μου
3516 5296 3740 5364 ἐποίησε

2165 5382 2335 5436 ταῦτα
2366 5384 2561 5437 πάντα.
2605 5405 2621 5436 ι
2662 5385 2770 5437 Καὶ
2801 5389 2847 5438 εἰ
2880 5387 3058 5438 πάντα
3084 5387 3140 5437 ὲν
3171 5386 3329 5455 σοφίᾳ
3364 5386 3457 5438 καὶ
3481 5386 3625 5455 χειρῖ
3650 5387 3743 5451 γέ-

2165 5494 2285 5543 γονε
2320 5476 2476 5538 Θεοῦ,
2526 5480 2578 5530 αί
2615 5479 2671 5531 δὲ
2698 5477 3085 5545 θεῖαιΤραφαὶ
3117 5477 3247 5545 περὶ
3274 5477 3367 5528 τοῦ
3398 5476 3531 5529 Θεοῦ
3566 5478 3744 5545 Λόγου

2168 5568 2381 5637 βοῶσιν,
2410 5570 2489 5621 ὅτι
2533 5592 2548 5619 ι
2576 5571 2758 5625 Πάντα
2787 5570 2853 5621 δι’
2882 5569 3047 5622 αὑτοῦ
3074 5568 3310 5636 ἐγένετο,
3339 5569 3431 5621 καὶ
3456 5567 3622 5638 χωρὶς
3647 5570 3741 5622 αὖ·

2166 5745 2205 5775 ¹¹¹
2249 5744 2346 5798 lsa.
2392 5760 2540 5807 Ltnt,
2574 5743 2627 5797 9.

2706 5746 2750 5775 ⁵²²
2792 5744 2924 5799 Gen,
2964 5760 3043 5805 ιιι,
3082 5744 3160 5797 ιο.
3242 5746 3284 5776 ’³
3324 5744 3480 5796 Mittit.
3514 5758 3609 5807 \‘ll,
3660 5744 3741 5798 t8.
