3968 6480
197 446 289 498 933

1587 443 2028 501 ΤΗΕΒΑυΒΗΞ.

3371 426 3474 481 ἳ86

199 563 275 617 τοῦ
305 564 512 630 ἐγένετο
543 563 674 617 οὐδὲ
704 564 770 616 ἓν
795 582 807 591 ·
842 566 940 618 οὐκ
965 567 1028 619 ἂν
1055 566 1140 636 εἴη
1173 567 1271 636 τῆς
1301 567 1395 620 τοῦ
1427 568 1563 619 Θεοῦ
1597 569 1790 634 σοφίας

1914 565 2097 617 iit-nun
2134 573 2212 614 est
2251 560 2381 614 nihil
2408 559 2489 610 ’τε
2531 575 2548 606 ι
2587 563 2734 608 certe
2770 552 2937 606 Filius
2963 564 3066 604 non
3086 549 3187 602 erit
3221 562 3356 617 opus
3384 562 3474 601 sa-

200 655 336 722 ἔργον
368 655 394 704 6
431 654 561 715 Υἱός
583 669 598 682 ·
636 654 790 707 άλλά
823 655 1020 726 μᾶλλον
1053 657 1213 718 αὐτός
1245 659 1390 709 ἐστιν
1422 659 1452 724 ἡ
1492 659 1655 725 σοφία
1686 658 1781 707 καὶ

200 745 226 812 η
255 744 384 813 χεὶρ,
410 744 478 796 δι’
508 740 578 814 ἧς
607 748 682 799 τὰ
727 745 913 798 πάντα
943 745 1070 810 Θεὸς
1110 749 1418 817 ἐργάζεται.
1473 747 1684 800 Οὐκοῦν
1721 748 1781 799 οὐ

202 841 402 906 κτίσμα,
431 840 552 893 οὐδὲ
589 840 821 910 ποίημά
843 843 1012 894 ἐστιν.

213 950 773 1027 Ἐπςτηρήσειςάπὸ
807 949 1106 1027 εῆλςρείας
1131 950 1414 1027 ραφῇς,
1438 950 1525 1002 ὅτι
1556 951 1670 1018 οὐχ
1698 946 1784 1027 εἷς

259 1019 366 1070 τῶν
405 1019 770 1085 κτισμάτων
799 1024 832 1072 ὁ
877 1021 1026 1084 Υἱὸς,
1069 1022 1228 1074 ἀλλὰ
1249 1019 1496 1088 μᾶλλον
1526 1019 1785 1086 ποιητὴς

261 1088 449 1141 αὐτῶν
475 1089 733 1156 λέγεται
755 1091 855 1143 καὶ
878 1090 1070 1143 ἐστιν.

263 1203 320 1252 υί
346 1204 400 1253 ἐν
430 1201 732 1254 Βαϐυλῶνι
760 1202 970 1254 νεανίαι
994 1203 1196 1267 πᾶσαν,
1215 1202 1290 1264 ὡς
1320 1202 1451 1265 ἔπος
1478 1201 1782 1272 εἰπεῖν,τὴν

205 1295 360 1346 κτίσιν
391 1294 901 1364 ἐξαριθμούμενοι.
937 1294 1006 1346 τά
1039 1312 1099 1347 τε
1145 1297 1201 1347 ὲν
1240 1297 1353 1358 τοῖς
1398 1296 1648 1365 οὐρανοῖς
1691 1295 1787 1345 καὶ

207 1383 260 1435 τὰ
292 1385 379 1436 ἐπὶ
421 1388 522 1455 τῆς
580 1386 695 1455 γῆς
742 1386 1168 1449 καταλέγοντες,
1219 1387 1314 1438 καὶ
1364 1386 1512 1455 παρὰ
1568 1387 1787 1438 πάντων

207 1475 472 1542 ὑμνεῖσθαι
497 1476 614 1528 δεῖν
643 1478 952 1544 φάσκοντες
980 1478 1069 1529 τὸν
1094 1478 1247 1541 Θεὸν,
1281 1476 1517 1547 οὐδαμοῦ
1545 1477 1637 1528 τὸν
1662 1475 1790 1527 Υίὸν

206 1568 252 1618 ὲν
275 1569 379 1630 τοῖς
409 1567 668 1634 εὐλογεῖν
701 1569 977 1635 ὀφείλουσι
1007 1569 1465 1633 κατατάττουσιν,
1491 1569 1611 1620 οὐδὲ
1640 1568 1789 1637 εἰρή-

207 1675 344 1710 κασιν
365 1675 379 1688 ο
415 1660 741 1727 Εὐλογείτω
780 1661 809 1711 6
849 1661 1021 1728 Λόγος
1047 1661 1079 1731 ἢ
1109 1663 1141 1730 ἡ
1178 1663 1340 1729 σοφία
1375 1659 1473 1713 τοῦ
1515 1659 1652 1713 Θεοῦ
1701 1658 1791 1711 τὸν

207 1751 412 1818 Κύριον.
449 1752 598 1804 Ἀλλ’
653 1753 858 1814 εἰδότες
905 1753 987 1806 ὅτι
1037 1755 1203 1822 μετὰ.
1231 1753 1443 1822 Πατρὸς
1490 1753 1591 1823 τὴν
1623 1769 1792 1824 προσ-

207 1840 416 1910 κύνησιν
445 1842 587 1911 ἔχει,
622 1844 848 1896 πάντων
887 1842 1025 1911 ὁμοῦ
1076 1844 1186 1896 τῶν
1211 1845 1530 1914 κτισμάτων
1558 1846 1790 1914 ποιησά-

210 1950 343 1999 μενοι
367 1934 622 2003 μνήμηνς
663 1932 944 1986 σιωπῶσιν
979 1934 1142 1986 αὐτὸν
1180 1933 1254 1996 ὡς
1289 1935 1570 2002 Δεσπότην
1596 1937 1691 1988 καὶ
1714 1937 1789 2000 ὡς

210 2025 557 2094 ὑμνούμενον.
596 2026 772 2078 Οὐδὲν
803 2024 858 2076 δὲ
888 2019 1051 2096 ἦττον
1092 2025 1187 2076 καὶ
1218 2026 1247 2077 6
1278 2026 1547 2095 μακάριος
1587 2026 1787 2096 Ψαλμ-

208 2113 331 2183 ῳδὸς
355 2116 625 2179 πολλάκις
659 2116 947 2186 ὑμνεῖσθαι
992 2115 1232 2168 κελεύων
1257 2117 1346 2167 τὸν
1379 2117 1530 2178 Θεὸν,
1560 2117 1659 2170 καὶ
1679 2119 1787 2170 πᾶ-

214 2220 299 2256 σαν
319 2205 615 2274 ὀνομάζων
651 2207 749 2274 τὴν
780 2205 994 2271 κτίσιν,
1021 2205 1369 2276 λειτουργούς
1399 2223 1458 2259 τε
1496 2207 1589 2260 καὶ
1623 2207 1792 2276 ἀγγέ-

207 2296 339 2360 λους,
357 2299 450 2349 καὶ
465 2298 860 2367 δυνάμεις,κα”ι
877 2297 937 2350 οὐ
944 2298 1143 2368 ρανούς
1164 2297 1431 2370 οὐρανῶν,
1445 2299 1542 2353 καὶ
1564 2301 1792 2370 σελήνην

212 2389 296 2439 καὶ
318 2389 489 2458 ἣλιον,
517 2389 599 2451 ὡς
626 2387 788 2440 δοῦλα
814 2390 878 2457 τῇ
908 2386 1001 2439 τοῦ
1031 2386 1166 2439 Θεοῦ
1200 2388 1568 2458 προσκυνήσει
1595 2389 1793 2459 χρῆναι

211 2477 309 2530 δεῖν
336 2479 672 2532 ὑποκεῖσθαι
698 2479 893 2547 λέγων,
911 2477 1149 2548 οὐδαμοῦ
1180 2479 1280 2548 μὲν
1304 2481 1360 2531 ἐν
1391 2479 1602 2543 τούτοις
1626 2497 1795 2534 κατα-

215 2571 381 2622 τάττει
427 2572 526 2623 τὸν
575 2570 733 2633 Υῖὸν,
780 2568 892 2621 ἀλλ’
938 2569 1004 2622 ὲκ
1032 2567 1140 2620 τῶν
1190 2570 1450 2622 ἐναντίων
1493 2570 1586 2623 καὶ
1623 2588 1795 2642 προσ-

213 2663 478 2714 κυνεῖσθαι
529 2661 748 2716 κελεύει
806 2659 984 2730 βοῶν’
1038 2679 1056 2710 ι
1088 2661 1202 2714 Καὶ
1256 2661 1798 2730 προσκυνησάτωσαν

214 2752 348 2823 αὐτῷ
392 2754 604 2817 πάντες
647 2752 868 2821 ἄγγελοι
917 2751 1074 2807 Θεοῦ.
1119 2771 1138 2804 ι
1185 2753 1247 2804 Εἰ
1279 2752 1335 2804 δὲ
1369 2754 1520 2805 πᾶσα
1557 2755 1587 2822 ἡ
1624 2753 1799 2816 κτίσις

217 2846 522 2913 προσκυνεῖ,
564 2845 957 2914 προσκυνεῖται
985 2843 1041 2896 δὲ
1067 2844 1094 2896 6
1121 2842 1268 2904 Υἱὸς,
1320 2841 1420 2894 οὐκ
1454 2841 1564 2911 ἄρα
1593 2841 1800 2910 κτίσμα

218 2932 370 2992 ἐστὶν,
413 2931 560 2985 ἀλλὰ
611 2931 742 2996 Υἱὸς
772 2931 1026 2997 ἀληθινὸς
1065 2930 1204 3002 μετὰ
1244 2929 1339 2983 τοῦ
1386 2931 1598 3002 Πατρὸς
1631 2949 1800 3002 προσ-

218 3025 366 3075 κυνού
373 3039 565 3092 μενος.

218 3136 555 3193 ΔΛΛΟ.“Ὀτι
585 3139 792 3205 ἕτερός
823 3141 951 3208 ἐσζι
981 3139 1141 3205 παρὰ
1164 3139 1236 3191 τὰ
1263 3139 1565 3208 πείσματα
1587 3140 1619 3192 ὀ
1648 3137 1800 3205 Υἱὸς,

606 3211 700 3262 καὶ
728 3213 840 3277 οὐχ
863 3205 950 3274 εἷς
977 3209 1095 3262 τῶν
1122 3209 1390 3262 πάντων.

282 3323 469 3378 Πάντα
497 3323 592 3377 διὰ
622 3323 715 3376 τοῦ
734 3322 870 3375 Θεοῦ
900 3323 1074 3390 Λόγου
1101 3321 1436 3390 πεποιῆσθαι
1461 3321 1805 3391 σημαίνουσα

222 3416 308 3466 καὶ
351 3418 385 3485 ἡ
419 3417 549 3468 οεία
596 3414 790 3484 Γραφὴ
815 3456 830 3479 ,
878 3414 1022 3468 οὕτω
1057 3414 1223 3483 φησί’
1263 3437 1279 3463 α
1323 3414 1508 3465 Πάντα
1539 3412 1604 3464 δι’
1639 3410 1804 3465 αὐτοῦ

223 3505 448 3571 ἐγένετο.
486 3527 502 3558 ι
543 3507 652 3559 Καὶ
680 3507 842 3559 πάλιν
863 3523 875 3536 ο
913 3526 928 3556 ι
967 3501 1057 3569 Εἷς
1080 3507 1282 3576 Κύριος
1317 3504 1522 3575 Ἰησοῦς
1549 3503 1802 3573 Χριστὸς,

223 3594 282 3648 δι’
313 3591 372 3649 οῦ
409 3599 480 3651 τά
517 3598 719 3652 πάντα,
763 3615 782 3648 ι
826 3598 882 3652 'O
910 3597 967 3650 δέ
1008 3613 1072 3665 γε
1105 3597 1316 3658 Παῦλος
1355 3596 1661 3680 τρανότατα
1699 3593 1807 3645 τῶν

226 3689 435 3743 πάντων
467 3689 634 3742 αὐτὸν
663 3689 1008 3753 διαστέλλων,
1043 3689 1223 3757 λέγει’
1257 3706 1275 3740 ι
1309 3689 1425 3740 Ζῶν
1453 3687 1561 3757 γὰρ
1581 3689 1610 3738 6
1638 3686 1808 3752 Λόγος

224 3781 309 3833 τοῦ
331 3780 471 3834 Θεοῦ
505 3780 600 3833 καὶ
632 3780 886 3852 ἐνεργὴς,
905 3780 999 3834 καὶ
1019 3779 1329 3850 τομώτερος
1347 3780 1486 3850 ὑπὲρ
1505 3781 1684 3831 πᾶσαν
1703 3777 1802 3847 μά-

226 3888 418 3942 χαιραν
442 3873 726 3942 δίστομον,
752 3873 845 3924 καὶ
872 3872 973 3924 οὐκ
998 3871 1110 3924 ἐστι
1141 3871 1314 3933 κτίσις
1333 3870 1544 3940 ἀφανὴς
1577 3870 1809 3921 ἐνώπιον

228 3963 387 4017 αὐτοῦ
410 3982 425 3995 ·
476 3963 658 4016 πάντα
707 3963 766 4016 δὲ
806 3962 988 4031 γυμνὰ
1034 3961 1130 4015 καὶ
1179 3961 1649 4032 τετραχηλισμένα
1698 3962 1810 4024 τοῖς

227 4051 527 4124 ὀφθαλμοῖς
563 4053 753 4105 αὐτοῦ.
799 4070 817 4102 ι
856 4053 918 4128 Ei
945 4051 1126 4105 τοίνυν
1160 4050 1379 4102 πάντων
1401 4052 1522 4102 ἐστὶ
1558 4048 1808 4121 ποιητὴς,

229 4147 314 4195 καὶ
343 4148 526 4199 πάντα
551 4142 780 4196 ἐνώπιον
808 4143 971 4196 αὐτοῦ
999 4143 1423 4212 τετραχήλισται
1449 4182 1464 4207 ,
1497 4143 1598 4194 οὐκ
1629 4142 1695 4195 ἂν
1723 4145 1809 4213 εἴη

228 4236 330 4289 τῶν
364 4239 590 4290 πάντων
621 4230 699 4299 εἷς
735 4238 763 4288 6
804 4235 1009 4288 τούτων
1040 4237 1289 4306 ποιητής.
1323 4235 1433 4288 Καὶ
1465 4228 1508 4302 ᾧ
1537 4235 1604 4286 τὰ
1633 4235 1812 4288 πάντα

232 4330 408 4399 γυμνὰ
455 4330 551 4382 καὶ
588 4327 1058 4400 τετραχηλισμένα
1105 4327 1275 4390 ἐστὶν,
1306 4327 1408 4379 οὐκ
1456 4327 1521 4379 ἂν
1573 4327 1811 4394 εὐλόγως

231 4421 498 4492 ὑπάρχειν
545 4424 717 4474 νοοῖτο
751 4420 859 4473 τῶν
890 4419 1422 4491 τετραχηλισμένων.
1472 4419 1559 4472 Ἐν
1590 4419 1667 4490 τῷ
1702 4421 1810 4488 γὰρ

233 4512 404 4582 λέγειν
440 4515 517 4569 τὰ
553 4512 786 4576 πάντα,
830 4512 982 4565 οὐδὲν
1023 4513 1234 4582 ἀφῆκεν
1284 4512 1440 4574 ἐκτός
1463 4528 1475 4541 ·
1511 4512 1605 4563 καὶ
1654 4513 1702 4564 εἰ
1756 4512 1814 4562 ὲν

1888 661 2100 729 ρὶριιῑίςε
2129 658 2217 711 Dei
2243 697 2257 721 ,
2283 656 2374 708 sed
2406 655 2518 721 ipse
2546 654 2725 717 potius
2755 659 2837 701 est
2873 645 3164 713 sapientia,
3193 653 3246 694 et
3283 656 3473 693 manus

1885 767 1984 822 per
2015 767 2173 820 quam
2213 750 2352 802 Deus
2371 747 2558 800 omnia
2593 754 2875 813 operatur.
2907 738 3020 793 Non
3065 745 3149 791 est
3176 749 3306 804 ergo
3322 747 3476 788 (ιι-σιμ

1893 855 2010 896 tura
2041 888 2055 907 ,
2097 846 2176 896 vel
2203 857 2357 907 opus.

1892 960 2050 1029 169
2087 958 2481 1026 Obserrationu
2513 970 2578 1006 ea:
2616 968 2768 1029 sacra
2799 949 3095 1029 Scriptura,
3121 940 3475 1029 quadrua“

1961 1015 2065 1081 ἦδι
2110 1031 2174 1078 sit
2218 1021 2352 1080 unus
2384 1041 2447 1077 ex
2474 1023 2756 1081 creaturis.
2781 1024 2869 1074 sed
2903 1021 3077 1086 potius
3113 1021 3220 1078 ipse
3265 1015 3475 1063 illarum

1959 1113 2164 1151 creator
2207 1098 2400 1149 dicitur
2433 1104 2482 1146 ct
2522 1103 2617 1147 est.

1963 1210 2346 1263 Adulescentes
2403 1204 2476 1256 illi
2531 1199 2863 1264 Baltylonici,
2909 1213 3028 1250 cum
3094 1208 3285 1248 omnes
3347 1204 3476 1258 pro-

1892 1302 2174 1370 petuodtuu
2237 1307 2514 1350 creaturas
2579 1300 2953 1354 recenserem,
3013 1289 3193 1340 omnia
3252 1300 3374 1354 qua)
3426 1284 3477 1337 in

1891 1395 2045 1448 emtis
2090 1401 2144 1444 et
2187 1391 2238 1442 in
2282 1398 2426 1441 terra
2464 1396 2590 1441 sunt
2628 1391 3034 1444 enuinerantes,
3085 1380 3360 1447 Deumque
3409 1375 3481 1430 ab

1891 1484 2143 1538 omnibus
2173 1482 2436 1534 celebrari
2470 1487 2726 1546 oportere
2764 1476 3026 1532 dicentes,
3077 1484 3345 1538 nusquam
3385 1465 3479 1520 Fi-

1895 1578 2023 1629 lium
2048 1575 2187 1625 inter
2209 1587 2268 1623 ea
2295 1570 2564 1623 collocant
2584 1581 2703 1634 quae
2724 1566 2888 1618 Deum
2911 1562 3232 1615 benedicere
3251 1559 3480 1611 debent:

1895 1680 2068 1734 neque
2116 1664 2370 1716 dixerunt
2408 1678 2421 1714 :
2469 1659 2758 1711 Beuedicat
2793 1655 3027 1707 Verbum
3079 1662 3172 1704 aut
3217 1647 3481 1716 sapientia

1899 1755 1988 1808 Dei
2039 1751 2351 1807 Dominum.
2392 1748 2497 1802 Sed
2549 1762 2672 1800 cum
2719 1744 2926 1799 scirent
2971 1742 3112 1810 qnml
3154 1754 3276 1792 cum
3325 1736 3486 1789 Patre

1897 1847 2174 1907 adoretur,
2205 1842 2443 1897 omnium
2478 1837 2636 1893 simul
2674 1845 3052 1890 creaturarum
3091 1833 3370 1885 mentione
3402 1829 3485 1882 la-

1894 1947 2000 1998 cta,
2043 1934 2218 2004 ipsum
2258 1933 2477 1987 silentio
2528 1937 2882 1999 przetereunt,
2940 1935 2998 1980 ut
3053 1926 3341 1978 Dominum
3399 1922 3485 1974 t'lll

1895 2028 2197 2082 benedictio
2241 2035 2295 2081 et
2343 2025 2460 2078 laus
2515 2023 2796 2077 debeatur.
2853 2020 3032 2075 Nihilo
3073 2031 3250 2072 autem
3309 2017 3490 2070 secius

1895 2125 2086 2176 beatus
2116 2120 2399 2173 Psalmista
2429 2130 2807 2187 sa'pennmero
2836 2113 3042 2165 laudari
3074 2111 3243 2163 Deum
3267 2109 3490 2178 jnbens,

1894 2228 2085 2266 onines
2118 2223 2403 2265 creaturas
2436 2223 2663 2271 vocans,
2716 2206 3016 2269 ministros,
3063 2215 3116 2258 et
3151 2202 3393 2272 angelos,
3425 2216 3490 2255 ae

1897 2315 2213 2374 potestates.
2245 2312 2299 2357 et
2332 2302 2502 2356 cmlos
2545 2300 2834 2362 cartorum,
2870 2305 2925 2351 et
2975 2300 3157 2350 lunam
3193 2311 3253 2348 ac
3294 2295 3491 2353 solem.

1896 2396 2083 2450 dicens
2113 2395 2310 2447 debere
2355 2401 2412 2444 ut
2456 2404 2644 2444 servos
2683 2388 3056 2442 adorationem
3108 2385 3216 2440 Deo
3251 2384 3489 2446 deferre,

1898 2486 2104 2540 nullum
2135 2485 2278 2537 inter
2321 2490 2501 2536 creata
2541 2479 2714 2534 locum
2749 2479 2938 2532 statuit
2971 2477 3128 2541 Filio,
3180 2477 3273 2530 sed
3304 2490 3334 2529 e
3367 2490 3483 2528 con.

1900 2577 2068 2630 trario
2115 2574 2329 2628 adorari
2373 2573 2536 2625 etiam
2579 2570 2735 2636 jubet
2776 2569 3021 2622 clamans
3054 2589 3065 2622 :
3098 2586 3117 2618 ι
3154 2566 3219 2620 Et
3263 2566 3499 2619 adorent

1899 2682 2021 2721 eum
2053 2679 2242 2718 omnes
2275 2661 2449 2730 angeli
2490 2661 2582 2715 Dei
2610 2660 2677 2714 ⁸⁸.
2715 2678 2734 2712 ι
2768 2658 2826 2714 Si
2863 2673 2994 2713 vero
3027 2657 3207 2712 omnis
3245 2665 3496 2711 creatura

1902 2759 2113 2820 adorat,
2149 2754 2319 2809 Filius
2353 2764 2532 2808 autem
2567 2754 2859 2815 adoratur,
2902 2766 3008 2804 non
3044 2750 3212 2819 igitur
3241 2757 3496 2802 creatura

1902 2859 2009 2912 εει,
2045 2849 2140 2900 sed
2170 2858 2331 2898 verus
2362 2842 2533 2896 Filius
2556 2842 2716 2896 simul
2750 2857 2874 2896 cum
2905 2840 3065 2895 Patre
3095 2840 3376 2893 adoratus.

1910 3130 2140 3190 ALIUD.
2177 3134 2331 3199 Quod
2363 3132 2599 3184 diversus
2631 3132 2697 3181 ait
2741 3127 3056 3208 acreamris
3093 3125 3285 3191 Filius,
3321 3135 3367 3179 et
3397 3139 3499 3181 non

2485 3217 2622 3253 unus
2660 3213 2916 3252 cumtum.

1984 3317 2172 3373 Divina
2221 3316 2386 3370 etiam
2418 3315 2700 3382 Scriptura
2746 3328 2868 3368 cum
2912 3312 3090 3366 omnia
3135 3325 3230 3381 per
3265 3309 3500 3365 Verbum

1916 3412 2008 3466 Dei
2045 3411 2184 3464 facta
2214 3424 2336 3463 esse
2364 3408 2657 3473 signiﬁcat,
2682 3407 2751 3459 ita
2784 3407 2859 3459 ait
2887 3425 2900 3457 :
2934 3423 2951 3456 ι
2977 3406 3168 3460 Omnia
3200 3419 3295 3471 per
3327 3404 3504 3472 ipsum

1915 3505 2055 3557 facta
2087 3512 2211 3557 sunt
2242 3501 2307 3552 ⁸⁸.
2344 3519 2362 3552 ι
2409 3499 2472 3553 Et
2519 3513 2752 3552 rursus:
2795 3515 2812 3547 ι
2850 3495 3002 3551 Unus
3055 3495 3316 3548 Dotuinns
3344 3492 3506 3549 Jesus

1915 3594 2186 3655 Christus,
2219 3606 2314 3659 per
2340 3605 2498 3658 quem
2531 3587 2712 3641 omnia
2735 3587 2800 3640 '°.
2839 3607 2857 3638 ι
2897 3586 3095 3639 Paulus
3134 3596 3312 3640 autem
3345 3601 3506 3653 aper-

1916 3685 2124 3739 tissime
2152 3683 2302 3737 illum
2333 3683 2402 3736 ab
2433 3679 2689 3734 omnibus
2721 3693 3002 3746 separatis,
3034 3679 3165 3731 dicit
3200 3695 3214 3731 :
3258 3697 3275 3728 ι
3313 3677 3503 3730 Vivom

1917 3778 2060 3833 enim
2095 3785 2198 3837 est.
2230 3784 2392 3844 atque
2413 3772 2601 3826 elﬁcax
2630 3771 2854 3824 verbum
2892 3771 3009 3834 Dei,
3033 3781 3084 3826 et
3114 3771 3509 3840 penetrabilins

1916 3868 2058 3923 omni
2087 3866 2265 3937 gladio
2296 3865 2519 3934 ancipiti
2553 3881 2569 3918 :
2603 3872 2658 3918 et
2687 3879 2794 3917 non
2825 3873 2906 3916 est
2931 3863 3035 3917 ulla
3077 3873 3327 3918 creatura
3365 3861 3506 3916 invi-

1918 3961 2091 4016 sibilis
2117 3960 2167 4012 in
2191 3965 2481 4024 conspectu
2507 3955 2644 4023 ejus,
2666 3957 2847 4010 omnia
2868 3965 3047 4008 autem
3076 3958 3215 4009 nuda
3241 3966 3293 4010 et
3319 3965 3504 4023 aperta

1917 4062 2044 4106 sunt
2080 4051 2251 4104 oculis
2280 4056 2397 4116 ejus
2437 4049 2504 4102 ".
2543 4068 2560 4100 ι
2613 4048 2668 4102 Si
2707 4063 2834 4118 ergo
2870 4049 3112 4102 omnium
3149 4059 3365 4100 creator
3398 4059 3505 4110 est,

1919 4159 1973 4201 et
2003 4146 2184 4199 omnia
2236 4154 2359 4198 sunt
2396 4146 2536 4197 unda
2587 4143 2638 4196 iu
2675 4143 2848 4196 oculis
2893 4141 3029 4208 ejus,
3066 4150 3214 4194 certe
3252 4157 3356 4193 non
3403 4140 3511 4193 erit

1921 4254 2059 4292 unus
2086 4238 2352 4296 omnium,
2379 4237 2468 4305 qui
2503 4236 2746 4290 omnium
2793 4245 3009 4288 creator
3042 4245 3146 4287 eSt.
3178 4231 3241 4285 Et
3273 4235 3359 4286 cui
3387 4247 3508 4283 omn

1922 4330 2007 4382 nia
2045 4328 2182 4381 nuda
2219 4337 2382 4396 atque
2413 4337 2599 4393 aperta
2629 4335 2775 4390 sunt,
2809 4341 2915 4379 non
2946 4327 3049 4380 erit
3081 4340 3221 4378 unus
3253 4324 3320 4376 de
3351 4323 3511 4376 nudis

1921 4433 2081 4491 atque
2121 4420 2343 4490 apertis.
2391 4418 2523 4472 Nam
2572 4434 2694 4472 cum
2743 4417 2876 4470 dicit
2918 4418 3120 4475 omnia,
3173 4415 3305 4468 nihil
3352 4425 3509 4468 extra

1920 4516 2107 4567 omisit
2153 4529 2168 4565 :
2229 4512 2376 4579 atqui
2430 4511 2475 4565 si
2533 4511 2978 4565 solm-creaturae
3024 4507 3264 4562 clﬁcinnt
3305 4507 3510 4568 omnia,

237 4607 412 4674 μόνοις
430 4609 553 4668 τοῖς
586 4604 844 4674 κτίσμασι
869 4604 1172 4675 πληροῦται
1199 4605 1269 4658 τὰ
1299 4604 1495 4666 πάντα,
1529 4604 1716 4673 ἕτερος
1747 4604 1800 4657 ἂι.

1918 4617 2062 4660 verte
2094 4607 2340 4658 diversus
2375 4604 2480 4657 erit
2510 4604 2578 4656 ab
2607 4604 2671 4657 iis
2701 4601 2899 4670 quibus
2945 4616 3048 4654 non
3097 4609 3509 4654 annumeratur.

237 4700 314 4767 εἰη
348 4701 481 4769 παρ’
512 4697 681 4762 αὐτὰ,
717 4697 745 4749 6
776 4696 851 4767 μὴ
880 4699 937 4748 ὲν
975 4699 1158 4760 αὐτοῖς
1189 4696 1611 4766 ἀριθμούμενος.
1659 4695 1817 4749 υῦτω

241 4792 328 4842 καὶ
359 4794 386 4843 6
413 4791 686 4860 μακάριος
731 4789 937 4851 Παῦλος
961 4789 1057 4841 τοῦ
1083 4789 1277 4842 πάντα
1309 4793 1417 4841 νοεῖ
1445 4790 1542 4858 τὴν
1567 4789 1813 4858 δύναμιν.

251 4882 599 4951 Ἐρμηνεύων
651 4881 760 4950 γάρ
803 4881 884 4942 τδ,
944 4881 1177 4933 illia/ta
1224 4881 1493 4946 ὑπέταξας
1539 4881 1643 4932 ὐπδ
1689 4880 1815 4944 τούς

240 4975 400 5036 πόδας
427 4973 616 5030 αὐτοῦ.
650 4993 667 5022 ι
702 4972 956 5042 ,ἐπιφέρει
988 4971 1172 5038 σαφῶς
1195 4991 1205 5001 ·
1225 4973 1313 5024 Ἐν
1339 4973 1394 5025 δὲ
1427 4972 1500 5042 τῷ
1533 4972 1710 5039 λέγειν
1746 4974 1816 5025 τὰ

241 5065 432 5118 πάντα
457 5107 468 5126 ,
505 5064 659 5116 οὐδὲν
697 5063 907 5131 ἁξςῆκεν
938 5063 1086 5132 αὐτῴ
1115 5064 1507 5116 ἀνυπότακτον.
1543 5063 1604 5116 El
1634 5065 1814 5116 τοίνυν

243 5157 296 5208 τὸ
334 5156 528 5209 πάντα
560 5154 671 5207 τῶν
701 5154 838 5206 ὅλων
885 5153 1003 5205 ἐστὶ
1053 5155 1416 5223 περιεκτικὸν,
1463 5155 1638 5207 πάντα
1680 5156 1733 5208 δὲ
1789 5158 1815 5207 6

247 5245 365 5310 Υἱὸς
409 5250 586 5312 ποιεῖ,
648 5247 741 5298 καὶ
793 5245 860 5298 τά
916 5247 1095 5297 πάντα
1142 5245 1290 5316 αὐτῷ
1354 5249 1816 5318 τετραχηλισται,

245 5337 338 5388 οὐκ
365 5336 428 5389 ἂν
455 5337 540 5406 εἴη
574 5335 682 5388 τῶν
719 5334 936 5386 πάντων
967 5329 1045 5396 εἷς
1067 5375 1080 5396 ,
1113 5335 1228 5387 ἀλλ’
1262 5336 1447 5406 ἕτερος
1483 5340 1610 5408 παρ’
1656 5339 1813 5392 αὐτὰ.

911 5426 1114 5479 AAAO.

312 5540 649 5608 Γέγραπται,
683 5536 766 5588 ὃτι
808 5554 824 5585 ι
858 5537 944 5589 Ἐν
975 5537 1051 5607 τῷ
1082 5539 1308 5607 ὀνόματι
1352 5539 1526 5607 Ἰησοῦ
1562 5542 1668 5593 πᾶν
1691 5542 1817 5607 γόνυ

249 5631 444 5700 κάμψει
474 5629 837 5701 ἐπουρανίων,
867 5631 961 5681 καὶ
979 5631 1256 5700 ἐπιγείων,
1283 5633 1376 5685 καὶ
1392 5633 1781 5703 καταχθονίων.
1798 5653 1814 5684 ι

313 5772 353 5801 ³⁷
401 5770 542 5826 lum.
587 5788 627 5836 ι,
663 5769 716 5821 3.
800 5765 846 5795 "
881 5766 1017 5822 Psal.
1054 5787 1196 5837 seu,
1228 5771 1277 5823 7.

250 5843 331 5898 ili.
364 5843 450 5897 Ἦ.
525 5843 570 5875 ’³
612 5838 846 5905 l'.lti|i|ip.
878 5854 935 5902 tt,
967 5841 1049 5894 10.

1356 5773 1398 5803 ⁸⁵³
1435 5771 1585 5826 Joan.
1626 5790 1661 5831 t.
1692 5774 1742 5825 ὖ.

1848 5775 1890 5803 ’³ο
1935 5775 1946 5824 Ι
1983 5775 2106 5826 (Zur.
2144 5787 2259 5834 vut,
2303 5769 2355 5824 6.

1928 4698 2000 4750 Ita
2035 4707 2090 4750 et
2119 4696 2316 4750 beatus
2349 4695 2547 4750 Paulus
2595 4694 2700 4747 vim
2739 4693 2886 4746 vocis
2931 4692 3107 4744 omnia
3149 4692 3367 4759 accipit.
3402 4691 3512 4744 Ex-

1927 4791 2136 4858 plicaus
2168 4791 2310 4843 enim
2344 4787 2472 4839 illud
2505 4804 2516 4839 :
2564 4805 2582 4836 ι
2613 4784 2805 4839 Omnia
2835 4783 3109 4850 subjecisti
3152 4782 3254 4836 sub
3288 4782 3514 4850 pedibus

1925 4885 2093 4946 illius,
2135 4902 2152 4934 ι
2187 4879 2464 4950 subiungit
2505 4897 2518 4933 :
2559 4896 2576 4929 ι
2615 4878 2750 4932 Cum
2785 4891 2915 4930 vero
2942 4875 3098 4937 dicit,
3132 4875 3329 4937 omnia,
3375 4873 3510 4925 nihil

1923 4976 2106 5028 omisit
2138 4975 2279 5043 quod
2311 4973 2359 5026 ei
2396 4971 2702 5037 subjectum
2747 4987 2850 5022 non
2880 4969 2951 5022 sit
2979 4969 3045 5018 ".
3089 4987 3105 5016 ο
3149 4966 3204 5018 Si
3241 4980 3370 5035 ergo
3401 4965 3514 5017 lucc

1927 5086 2049 5134 vox,
2109 5069 2305 5129 omnia,
2360 5063 2777 5133 comprehendit
2831 5063 3106 5122 universn,
3157 5057 3326 5112 Filius
3386 5072 3514 5108 vero

1925 5162 2105 5213 omnia
2146 5159 2272 5222 facit
2304 5158 2596 5223 omniaque
2627 5156 2672 5208 ei
2705 5164 2830 5207 sunt
2853 5164 3059 5220 aperta,
3091 5167 3194 5204 non
3229 5151 3388 5221 170
3411 5150 3516 5204 erit

1930 5257 2110 5323 itaque
2141 5270 2276 5305 unus
2311 5251 2576 5313 omnium,
2611 5248 2702 5302 scd
2737 5248 2803 5300 ab
2842 5248 2906 5299 iis
2942 5247 3208 5299 diversus.

2606 5421 2837 5477 ALIUD.

2003 5542 2273 5607 Scriptum
2306 5549 2388 5592 est
2418 5537 2559 5607 quod
2598 5556 2615 5586 ι
2644 5536 2694 5588 in
2739 5534 2957 5587 nomine
2998 5533 3123 5586 Jesu
3168 5545 3328 5584 omne
3378 5545 3517 5598 genu

1930 5633 2195 5692 ﬂectetur,
2221 5629 2543 5692 t'drlcstium,
2569 5626 2908 5681 terrestrium
2952 5635 3006 5676 et
3043 5623 3374 5676 inl'cruorutu
3398 5622 3464 5676 ³³.
3494 5639 3512 5674 δ

2435 5771 2474 5806 ²²¹
2509 5768 2672 5822 Hebr.
2713 5781 2784 5826 tv.
2824 5766 2906 5826 l2,
2956 5766 3040 5818 15,
3132 5765 3176 5793 ’³³
3217 5763 3388 5818 lCor.
3426 5777 3513 5820 xv.
