3968 6478
415 440 509 497 29'
1403 435 1461 490 S.
1504 435 1779 491 CYRlLLl
1817 433 2282 489 ALEXANDRINI
2324 432 2642 491 ARCHIEP.

3562 430 3667 484 292

414 562 597 616 natos,
627 562 789 621 atque
823 562 1136 621 compactos
1162 569 1256 622 per
1285 555 1661 623 cognationem
1691 554 1982 606 carnalem.

2104 554 2188 623 ἐμὲ
2221 553 2310 606 διὰ
2356 554 2455 623 τῆς
2491 555 2755 616 πίστεως·
2804 555 2897 606 καὶ
2939 552 3222 621 σύσσωμος
3279 551 3487 623 τούτοις
3531 547 3666 600 ἀναα

414 642 666 712 δειχθεὶς,
697 620 959 711 δὲξωμαιν
1004 620 1611 716 συναρμολογόυμένους
1653 645 1896 714 φυσικῶς
1933 644 2028 696 καὶ
2066 620 2563 715 συνδεσμουμένους
2624 644 2759 713 πρὸς
2789 644 2887 713 ἐμὲ
2912 642 2998 695 διὰ
3026 620 3296 712 τὴνκατὰ
3322 620 3502 709 σάρκα
3536 652 3667 703 συγ-

413 749 440 802 γ
451 733 646 787 ένειαν.

1094 852 1328 908 ALIUD.

802 961 884 1017 Ea:
910 963 1200 1033 objectioue
1231 967 1618 1023 Iiwreticorum.

488 1098 558 1151 At
597 1111 703 1166 quo
747 1108 926 1165 pacto,
964 1098 1236 1166 inquiunt,
1287 1102 1456 1168 possit
1497 1102 1651 1167 illud,
1693 1124 1712 1157 ι
1752 1104 1997 1160 fundavit

418 1204 521 1253 me,
547 1206 565 1240 ι
598 1189 662 1243 de
685 1189 1060 1243 in'caruatione
1085 1189 1247 1246 Verbi
1274 1193 1518 1262 intelligi,
1543 1210 1664 1249 cum
1696 1197 1811 1264 ipse
1852 1198 1996 1250 dicat

414 1295 473 1334 se
504 1278 856 1334 antesazcula
885 1280 1190 1344 fundatum,
1216 1294 1504 1352 antequam
1533 1296 1676 1340 terra
1701 1290 1851 1341 fieret
1875 1287 1915 1351 ³,
1944 1297 1999 1341 et

415 1382 699 1440 antequam
724 1386 936 1429 montes
960 1374 1362 1429 stabilirentur?
1377 1375 1716 1432 Manifestum
1735 1379 1877 1432 enim
1893 1384 1994 1442 est,

417 1463 600 1518 multis
624 1475 814 1532 postea
862 1467 1221 1533 temporibus,
1266 1482 1428 1536 quam
1480 1479 1650 1523 totum
1685 1471 1995 1524 universum

415 1571 471 1615 et
510 1559 770 1629 quidquid
808 1560 861 1613 in
900 1574 967 1615 eo
997 1570 1100 1625 est,
1139 1561 1316 1627 iteret,
1366 1562 1794 1617 incarnationem
1834 1562 1995 1619 Verbi

418 1650 611 1704 factam
642 1666 778 1705 esse.

923 1765 1131 1842 Salutio
1159 1788 1488 1857 objectionis.

486 1894 839 1967 Nequaquam
867 1897 1081 1954 dimi-ile
1106 1908 1188 1953 est
1220 1899 1286 1953 ad
1318 1899 1586 1968 ejusmodi
1623 1898 1997 1955 hmreu'corntn

419 1988 753 2057 objecliones
787 1990 1155 2058 respondere;
1188 1991 1495 2046 necessaria
1531 1999 1709 2046 tamen
1738 2000 1822 2046 est
1845 1990 1997 2044 audi-

2764 846 2977 901 ΔΛΛΟ.

2305 962 2401 1025 Ὠς
2429 959 2498 1023 ἐξ
2537 958 2893 1025 ἀντιθέσεως
2924 958 3043 1012 τῶν
3077 959 3404 1027 αἱρετικῶν.

2175 1092 2284 1144 Καὶ
2311 1090 2428 1153 πῶς
2459 1092 2524 1143 ἂν
2542 1090 2791 1156 δύναιτο,
2820 1091 2988 1160 φασὶ,
3024 1091 3087 1143 τὸ
3123 1108 3142 1141 ι
3175 1090 3504 1161 ἐθεμελίωσέ
3540 1107 3609 1161 με
3647 1109 3671 1142 ι

2097 1189 2179 1250 είς
2206 1186 2306 1256 τὴν
2334 1184 2476 1257 μετά
2499 1185 2700 1255 σαρκὸς
2727 1185 3167 1255 ἐκλαμϐάνεσθαι
3198 1184 3291 1239 τοῦ
3333 1185 3507 1249 Λόγου
3533 1202 3673 1255 παρ-

2097 1281 2307 1345 ουσίαν,
2338 1279 2473 1331 ὄπου
2500 1264 2663 1347 φησιν
2692 1278 2855 1341 αὐτὸς
2893 1277 3000 1347 πρὸ
3027 1276 3123 1330 τοῦ
3154 1277 3358 1351 αἰῶνος
3382 1275 3679 1348 ήδρᾶσθαι,

2099 1372 2206 1441 πρὸ
2236 1369 2333 1424 τοῦ
2366 1370 2466 1441 τὴν
2499 1368 2606 1439 γῆν
2632 1372 2880 1439 ποιῆσαι,
2914 1368 3020 1441 πρὸ
3045 1368 3139 1422 τοῦ
3169 1368 3271 1440 δρη
3303 1353 3679 1439 ἑδρασθῆναι;

2101 1462 2334 1533 Εύδηλον
2362 1464 2471 1533 γὰρ
2499 1462 2574 1527 ὼς
2594 1460 2808 1526 πολλοῖς
2832 1460 3061 1531 ὕστερον
3088 1461 3299 1531 χρόνοις
3324 1460 3462 1531 μετά
3488 1460 3551 1513 τὸ
3579 1478 3667 1528 γει

2099 1555 2283 1609 νὲσθαι
2301 1555 2421 1608 τόδε
2444 1554 2503 1608 τὺ
2529 1554 2749 1621 σύμπαν
2773 1554 2867 1607 καὶ
2895 1553 2965 1607 τὰ
2985 1555 3044 1606 ἐν
3073 1553 3247 1624 αὐτῷ,
3275 1554 3497 1622 γέγονεν
3525 1555 3559 1625 ἡ
3590 1554 3680 1606 ἔνο

2103 1660 2301 1717 σαρκος
2333 1646 2614 1717 οἰκονομία
2645 1645 2740 1701 τοῦ
2775 1646 2977 1715 Λόγου.

2584 1781 2741 1851 Πρός
2771 1781 2950 1837 τοῦτο
2979 1780 3183 1849 λύσις.
3334 1843 3343 1846 ,

2170 1893 2314 1965 Πρὸς
2345 1893 2410 1964 δὴ
2449 1891 2519 1947 τὰ
2557 1890 2780 1946 τοιαῦτα
2810 1892 2919 1965 τῶν
2951 1892 3242 1964 αἰρετικῶν
3285 1891 3681 1964 προϐλήματα,

2098 1983 2360 2054 δυσχερὲς
2390 1982 2493 2053 μὲν
2527 1982 2683 2037 οὐδὲν
2720 1984 3056 2052 ἀντιλέγειν·
3092 1985 3254 2055 χρεία
3293 1984 3352 2038 δὲ
3389 1986 3538 2055 ὅμως
3574 1986 3682 2056 τῆς

421 2090 596 2133 torum
642 2080 925 2148 prudentia
973 2092 1027 2134 et
1061 2082 1257 2150 pietas.
1302 2081 1457 2149 Quod
1502 2080 1649 2136 enim
1680 2083 1780 2137 sul)
1834 2082 1995 2135 ﬁnem

2104 2074 2206 2126 τῶν
2236 2073 2601 2144 ἀκροωμένων
2638 2072 2944 2138 εὐλαϐείας.
2970 2074 3091 2127 Ὀτι
3122 2074 3223 2145 μὲν
3265 2074 3373 2145 γὰρ
3410 2076 3503 2129 ἐπὶ
3532 2076 3683 2130 τέλει

422 2174 703 2240 praesentis
725 2175 905 2228 seculi
938 2175 1138 2229 Christi
1165 2177 1426 2231 adventus
1449 2190 1545 2245 per
1567 2190 1787 2230 carnem
1822 2175 1999 2229 factus

423 2266 518 2332 sit,
547 2280 723 2328 nemo,
756 2276 812 2319 ut
838 2268 1092 2327 arbitror,
1126 2281 1313 2321 eorum
1348 2266 1439 2335 qui
1466 2277 1613 2320 recte
1635 2267 1872 2320 sentiunt
1904 2283 1998 2317 ue-

420 2357 586 2426 gabit.
638 2356 920 2414 Manifesta
968 2358 1116 2411 enim
1170 2368 1299 2412 sunt
1348 2372 1468 2426 qua:
1511 2371 1668 2437 sacra
1716 2356 1996 2425 Scriptura

420 2450 735 2519 proclamat.
779 2451 848 2502 At
888 2448 1030 2503 Deus
1075 2449 1164 2518 qui
1218 2447 1396 2502 futura
1446 2449 1628 2504 omnia
1674 2448 1843 2512 novit,
1893 2462 1997 2500 neu

420 2542 635 2610 quando
658 2554 744 2595 res
768 2540 897 2609 ipsa:
916 2541 1190 2601 eveniunt,
1214 2541 1376 2594 etiam
1405 2550 1533 2593 ante
1553 2540 1994 2595 constitutionem

422 2631 601 2686 mundi
662 2633 842 2692 novit.
902 2646 1024 2699 qua:
1079 2632 1281 2685 ultimis
1340 2632 1678 2699 temporibus
1732 2640 1996 2686 eventura

420 2734 621 2780 essent.
672 2726 877 2779 idcirco
923 2741 1037 2793 qua:
1084 2728 1253 2794 ipsum
1305 2725 1532 2789 decent,
1591 2725 1795 2779 faciens
1825 2767 1840 2788 ,
1893 2740 1996 2777 non

420 2817 635 2885 quando
669 2832 769 2871 nos
799 2814 928 2871 facti
957 2830 1165 2880 sumus,
1203 2827 1328 2869 tunc
1362 2817 1593 2885 primum
1625 2815 1692 2870 de
1717 2816 1871 2870 nobis
1903 2818 1997 2870 de-

421 2905 633 2970 liberat,
664 2920 849 2959 verutu
877 2904 1038 2959 etiam
1066 2914 1359 2973 antequam
1387 2905 1540 2961 ﬁeret
1594 2917 1759 2974 terra,
1788 2918 1843 2962 et
1874 2917 2001 2963 ante

421 2980 623 3049 smeula
652 3009 829 3049 rerum
858 3006 1170 3049 nostrarum
1199 3012 1488 3051 successus
1518 3007 1571 3052 et
1592 3011 1824 3053 eventus
1860 3015 1996 3069 pra:-

423 3087 575 3141 uovit
602 3105 614 3140 :
646 3094 701 3139 et
738 3094 863 3140 ante
889 3085 1083 3140 szecula
1115 3086 1359 3139 fundavit
1384 3084 1579 3139 Filium
1618 3102 1797 3154 suum,
1827 3103 1998 3156 quaa-

422 3186 534 3228 tum
581 3175 647 3228 ad
700 3188 852 3229 suam
902 3175 1285 3243 praenotionem
1336 3176 1549 3240 attinet,
1596 3186 1652 3230 ut
1689 3194 1788 3233 uos
1836 3195 2002 3248 super

428 3280 550 3319 eum
575 3266 851 3328 aediﬁcati,
891 3281 1235 3336 resurgamus
1262 3266 1314 3319 iu
1344 3266 1798 3338 incorruptionem
1825 3270 1867 3333 ⁸,
1908 3273 1998 3341 qui

422 3357 658 3426 alioquin
696 3371 791 3424 per
822 3356 980 3426 173
1006 3357 1501 3424 praevaricationem
1536 3343 1592 3413 in
1628 3359 1905 3415 interitum
1944 3374 1997 3417 et

2098 2166 2193 2220 τοῦ
2219 2168 2483 2238 παρόντος
2505 2167 2699 2231 αίῶνος
2723 2168 2755 2238 ἡ
2784 2167 2925 2238 μετά
2957 2168 3159 2241 σαρκὸς
3177 2167 3272 2222 τοῦ
3290 2169 3463 2237 Λόγου
3484 2168 3683 2237 γέγονε

2101 2262 2397 2332 παρουσία,
2423 2262 2524 2315 οὐκ
2553 2262 2640 2327 ἂν,
2665 2259 2838 2332 οἶμαι,
2870 2264 2954 2327 τὶς
2978 2263 3085 2320 τῶν
3120 2258 3181 2317 εὖ
3208 2264 3548 2335 φρονούντων
3575 2266 3684 2337 ἀρ-

2098 2354 2341 2423 νήσαιτο.
2385 2352 2599 2422 Φανερά
2648 2352 2759 2423 γὰρ
2806 2353 2875 2407 τὰ
2930 2353 2989 2406 ὲν
3035 2356 3156 2418 ταῖς
3206 2354 3379 2419 θείαις
3427 2354 3686 2426 βοώμενα

2100 2445 2367 2518 Γραφαῐς.
2415 2446 2553 2499 Ἀλλ’
2582 2449 2612 2500 6
2637 2446 2921 2515 γινώσκων
2944 2447 3015 2501 τά
3039 2448 3275 2519 ἐσόμενα
3303 2448 3434 2513 Θεὸς
3462 2450 3556 2502 καὶ
3578 2449 3687 2521 οὐχ

2098 2537 2188 2590 ὅτε
2232 2537 2441 2605 γίνεται
2465 2538 2536 2591 τὰ
2563 2538 2867 2610 πράγματα
2886 2579 2901 2603 ,
2933 2540 3029 2593 καὶ
3058 2538 3165 2611 πρὸ
3194 2539 3295 2610 τῆς
3327 2539 3420 2593 τοῦ
3468 2540 3685 2611 κόσμου

2099 2628 2408 2699 καταϐολῆς
2433 2628 2550 2700 ᾔδει
2574 2630 2645 2683 τὰ
2664 2631 2724 2684 ὲν
2748 2632 2996 2701 ἐσχάτοις
3027 2630 3420 2701 συμὸησόμενα
3442 2635 3683 2701 καιροῖς.

2101 2720 2190 2773 Διὸ
2220 2719 2286 2790 δὴ
2309 2720 2377 2773 τὰ
2406 2719 2586 2791 ἐαυτῷ
2608 2720 2887 2791 πρέποντα
2906 2722 3185 2792 πράττων,
3215 2724 3315 2795 οὐχ
3339 2724 3428 2777 ὅτε
3455 2722 3684 2792 γεγόνα-

2105 2828 2226 2881 μεν,
2253 2812 2374 2865 τότε
2408 2812 2624 2882 πρῶτον
2654 2813 2783 2883 περὶ
2825 2812 2981 2884 ἡμῶν
3028 2812 3368 2883 βουλεύεται,
3402 2815 3543 2872 ἀλλά
3581 2817 3687 2869 καὶ

2100 2902 2229 2969 πρὶν
2278 2900 2527 2969 γενέσθαι
2560 2899 2659 2973 τὴν
2699 2903 2803 2973 γῆν
2844 2903 2939 2956 καὶ
2975 2908 3103 2968 τοὺς
3145 2903 3347 2968 αἰῶνας
3372 2946 3386 2970 ,
3423 2905 3580 2977 ἔσχεν
3618 2910 3688 2961 ἐν

2103 2982 2282 3061 ἑαυτῷ
2312 2991 2422 3045 τῶν
2470 2991 2593 3045 καθ’
2631 2994 2780 3063 ἡμᾶς
2823 2994 2923 3067 τὴν
2964 2990 3199 3063 γνῶσινκ
3238 2999 3334 3051 καὶ
3377 2998 3689 3069 προεθεμε-

2104 3082 2269 3134 λίωσε
2312 3082 2403 3134 τὸν
2450 3082 2646 3137 ἑαυτοῦ
2693 3085 2822 3138 Υίδν
2870 3086 2993 3139 ὅσον
3039 3088 3120 3151 είς
3158 3088 3255 3154 τὴν
3298 3091 3506 3144 οίκείαν
3542 3094 3688 3162 πρό-

2102 3187 2339 3237 γνωσιν,
2390 3171 2475 3224 ἴνα
2523 3176 2686 3243 ἡμεῖς
2730 3174 3250 3247 ἐποικοδομηθέντες
3296 3179 3465 3250 αύτῷ,
3514 3181 3687 3235 πάλιν

2101 3262 2424 3332 ἀναστῶμεν
2452 3265 2533 3328 εἰς
2555 3265 2865 3336 ἀφθαρσίαν
2892 3270 2942 3321 οί
2974 3269 3230 3334 πεσόντες
3259 3272 3341 3333 είς
3363 3273 3571 3345 φθορὰν
3590 3274 3686 3330 διὰ

2100 3356 2200 3424 τὴν
2228 3355 2562 3426 παράϐασιν.
2598 3358 2753 3427 ’ῌδει
2798 3360 2906 3431 γὰρ
2944 3360 3027 3414 ὅτι
3070 3364 3255 3434 νεκροὶ
3299 3364 3401 3435 μὲν
3440 3365 3689 3435 ἐσόμεθα

422 3447 826 3517 corruptionem
880 3448 1267 3503 incideramus.
1314 3447 1535 3504 Sciebat
1579 3451 1725 3505 enim
1775 3468 1996 3523 uesper

2104 3446 2189 3500 διὰ
2231 3446 2329 3519 τὴν
2374 3449 2681 3522 ἁμαρτίαν·
2730 3430 3032 3523 κεισόμεθα
3076 3453 3134 3507 δὲ
3168 3430 3245 3508 ⁷ὲν
3292 3430 3400 3525 γῆς
3442 3430 3686 3529 χώματι,

424 3547 704 3607 peccatum
750 3537 1063 3599 morituros,
1112 3547 1169 3592 et
1213 3548 1432 3607 propter
1476 3539 1897 3595 inobedieutizuu
1944 3546 1995 3596 in

423 3628 670 3697 sepulcro
711 3636 889 3693 terrae,
927 3638 985 3681 ut
1024 3627 1287 3697 scriptum
1331 3638 1439 3693 est,
1482 3632 1781 3697 cubituros,
1833 3646 1997 3702 atque

422 3719 701 3773 audituros
725 3735 739 3773 :
766 3736 784 3769 ι
812 3718 977 3773 Terra
999 3731 1077 3782 es,
1098 3728 1151 3772 et
1173 3720 1225 3771 in
1250 3730 1449 3773 terram
1476 3722 1787 3776 reverteris.
1820 3740 1838 3773 ι
1863 3723 1995 3777 Cum

426 3818 603 3863 autem
636 3823 755 3875 qum
801 3823 867 3863 ex
917 3822 974 3861 re
1009 3820 1196 3861 nostra
1243 3820 1420 3874 erant,
1463 3810 1629 3864 etiam
1677 3811 1747 3865 ab
1796 3822 1997 3868 aeterno

426 3898 789 3968 praecogitarit
826 3897 1066 3953 omnium
1100 3909 1346 3952 nostrum
1392 3902 1640 3956 conditor
1679 3913 1734 3956 et
1762 3914 1996 3966 creator,

426 3988 672 4055 praevidit
702 3997 863 4055 atque
893 3988 1179 4055 prmlluivit
1216 3991 1484 4058 eumzqui
1535 4002 1756 4061 propter
1804 4008 1903 4047 nos
1946 4004 2000 4047 et

425 4093 521 4146 pro
570 4078 724 4132 nobis
767 4078 927 4132 hamo
973 4077 1186 4131 futurus
1237 4091 1404 4144 esset,
1458 4083 1559 4137 hoc
1609 4094 1711 4148 est,
1768 4082 1998 4137 Verbum

425 4183 601 4231 suum,
633 4176 692 4221 ut
719 4169 928 4222 initium
953 4169 1161 4223 viarum
1185 4179 1239 4223 et
1265 4169 1672 4227 fundamentum
1697 4175 2001 4241 reperiatur

425 4261 736 4312 instauratae
777 4257 831 4312 in
880 4259 994 4328 ipso
1023 4258 1272 4315 humanas
1306 4272 1509 4317 natura!
1539 4263 1606 4318 ad
1642 4263 2001 4333 incorruptio-

427 4366 570 4415 nem,
604 4336 769 4418 utque
801 4360 1023 4404 vocetur
1064 4353 1455 4423 primogenitus
1506 4355 1558 4407 in
1587 4356 1771 4409 multis
1807 4356 1995 4409 fratri-

424 4446 523 4496 bus
544 4442 587 4505 ',
625 4453 679 4495 et
709 4452 953 4510 resurgat
989 4445 1225 4511 primitia
1250 4460 1436 4497 eorum
1473 4446 1564 4513 qui
1597 4445 1996 4501 dormierunt“.

423 4534 575 4599 Quod
622 4534 764 4588 enim
818 4536 1255 4603 sapientissimus
1305 4536 1560 4590 Salomon
1600 4538 1650 4590 iu
1692 4536 2002 4592 Proverbiis

428 4627 599 4694 inquit
630 4644 643 4678 :
684 4644 699 4674 σ
734 4626 869 4679 Ante
901 4626 1095 4680 smcula
1144 4627 1386 4680 fundavit
1420 4643 1525 4689 me,
1557 4646 1576 4678 ι
1611 4640 1667 4683 et
1691 4646 1810 4697 qua:
1841 4631 1993 4683 dein-

423 4732 547 4785 ceps
581 4728 912 4785 sequuntur,
964 4718 1062 4771 hoc
1111 4719 1285 4787 ipsum
1320 4718 1553 4786 explicat
1581 4718 1778 4773 Paulus
1810 4722 1875 4773 ad
1907 4721 1997 4774 Ti-

2101 3539 2247 3595 καθά
2278 3541 2609 3613 γέγραπται,
2640 3543 2728 3596 διὰ
2755 3544 2853 3615 τὴν
2886 3546 3096 3600 ἑαυτῶν
3126 3546 3430 3612 ἀπείθειαν,
3454 3551 3687 3604 ἀκούον-

2098 3647 2223 3693 τες*
2268 3650 2287 3683 ι
2325 3632 2399 3701 Γῆ
2436 3628 2523 3696 εί,
2558 3633 2653 3686 καὶ
2685 3636 2766 3698 είς
2799 3636 2906 3705 γῆν
2959 3637 3255 3711 ἀπελεύσῃ.
3297 3658 3316 3691 ι
3366 3641 3585 3713 Ἐπειδὴ
3621 3643 3688 3697 δὲ

2100 3720 2317 3791 χρηστά
2356 3722 2485 3792 περὶ
2513 3722 2671 3793 ἡμῶν
2700 3725 2796 3777 καὶ⁹
2824 3725 2993 3780 πάλαι
3022 3728 3454 3799 προεὸουλεύετο
3480 3734 3509 3785 6
3536 3734 3681 3787 πάν-

2099 3822 2205 3858 των
2233 3806 2392 3876 ἡμῶν
2438 3812 2669 3880 ποιητής
2712 3828 2773 3864 τε
2810 3814 2906 3866 καὶ
2941 3813 3297 3887 δημιουργὸς»
3344 3821 3689 3893 προεθιώρει

2102 3896 2196 3948 καὶ
2235 3898 2508 3969 προώριζε
2539 3901 2633 3953 τὸν
2659 3903 2727 3955 δι’
2760 3904 2909 3973 ἡμᾶς
2938 3905 3034 3958 καὶ
3065 3907 3204 3979 ὑπὲρ
3236 3910 3393 3979 ἡμῶν
3422 3913 3691 3983 ἐσόμενον

2102 3985 2406 4058 ἄνθρωπον,
2432 3992 2703 4057 τουτέστι,
2730 3994 2821 4047 τὸν
2844 3996 3043 4050 ἑαυτοῦ
3074 3999 3268 4067 Λόγον,
3296 4002 3381 4054 ἵνα
3410 4005 3503 4057 καὶ
3534 4006 3689 4079 ἀρχὴ

2101 4078 2238 4130 ὁδῶν
2290 4079 2385 4131 καὶ
2444 4079 2693 4151 θεμέλιος
2748 4085 2979 4157 εὑρεθῇ,
3048 4089 3540 4165 ἀνακαινιζομένης
3599 4078 3689 4163 είς

2102 4167 2409 4240 ἀφθαρσίαν
2437 4173 2536 4242 τῆς
2560 4174 2848 4246 ἀνθρώπου
2874 4178 3091 4246 φύσεως
3120 4183 3180 4235 ὲν
3211 4184 3383 4257 αύτῷ,
3420 4188 3514 4241 καὶ
3550 4207 3690 4260 χρη-

2105 4262 2307 4335 ματίσῃ
2329 4266 2672 4335 πρωτότοκος
2704 4269 2761 4321 ὲν
2781 4267 2995 4334 πολλοῖς
3030 4272 3311 4341 ἀδελφοῖς,
3344 4281 3437 4331 καὶ
3467 4278 3683 4352 ἀναστῇ

2101 4353 2207 4405 τῶν
2245 4356 2663 4427 κεκοιμημένων
2694 4361 2938 4431 ἀπαρχή.
2970 4362 3148 4433 Ὅπερ
3178 4365 3288 4436 γὰρ
3330 4368 3359 4420 6
3403 4371 3686 4441 πάνσοφος

2103 4445 2353 4516 Σολομῶν
2380 4451 2435 4501 ὲν
2455 4451 2574 4513 ταῖς
2606 4450 2940 4522 Παροιμίαις
2968 4456 3136 4524 φησί’
3172 4476 3190 4508 ι
3216 4458 3329 4529 Πρὸ
3354 4461 3451 4513 τοῦ
3481 4463 3682 4528 αἰῶνος
3784 4526 3791 4537 ,

2103 4536 2433 4606 ἐθεμελίωσέ
2476 4558 2566 4609 με,
2602 4560 2620 4592 ι
2654 4544 2748 4595 καὶ
2784 4543 2853 4597 τὰ
2882 4546 3093 4609 τούτοις
3125 4549 3323 4619 ἐφεξῆς
3347 4566 3360 4579 ⁶
3394 4552 3550 4604 τοῦτο
3583 4558 3686 4609 καὶ

2100 4628 2128 4678 6
2168 4626 2378 4690 Παῦλος
2418 4630 2703 4700 σαφηνίζει
2739 4632 2875 4701 πρὸς
2914 4634 3180 4703 Τιμόθεον
3216 4638 3308 4692 τὸν
3339 4641 3536 4695 ἑαυτοῦ
3573 4660 3675 4712 μαι

2103 4717 2294 4789 θητὴνξ
2320 4720 2653 4773 ἐπιστέλλων
2682 4715 2785 4777 ὧδε
2806 4738 2820 4753 ·
2859 4742 2876 4773 ι
2912 4724 3411 4799 Συγκακοπάθησον
3454 4733 3533 4802 τῷ
3574 4735 3685 4787 E6-

423 4806 692 4859 uwtheum
731 4808 1052 4875 discipulum
1107 4822 1261 4863 suum
1308 4811 1553 4865 scribens
1599 4830 1611 4865 :
1659 4830 1676 4862 ι
1711 4810 1992 4866 Collabora

2104 4815 2338 4886 αγγελίῳ
2364 4816 2505 4869 κατά
2531 4817 2757 4889 δύναμιν
2782 4820 2916 4874 Θεοῦ
2945 4822 3039 4876 τοῦ
3081 4824 3352 4892 σώσαντος
3384 4832 3551 4900 ἡμᾶς,
3582 4836 3682 4887 καὶ

422 4899 474 4949 itt
506 4895 797 4966 Evangelio
828 4901 1120 4953 secundum
1153 4902 1403 4955 virtutem
1437 4904 1553 4967 Dei,
1609 4904 1697 4972 qui
1729 4920 1827 4957 nos
1862 4904 1992 4958 libe-

422 4989 579 5051 ravit,
607 4998 663 5042 et
687 4990 901 5043 vocavit
940 4992 1223 5045 vocatione
1260 5008 1353 5046 sua
1394 5004 1600 5059 sancta,
1649 5012 1751 5049 non
1797 5011 1993 5051 secun-

2100 4906 2426 4973 καλέσαντος
2481 4909 2669 4979 κλήσει
2712 4913 2864 4984 ἁγία,
2906 4916 2967 4967 ού
3017 4920 3159 4972 κατὰ
3201 4920 3267 4973 τὰ
3312 4921 3449 4992 ἔργα
3493 4926 3675 4995 ἡμῶν,

2098 4998 2235 5051 ἀλλὰ
2276 5000 2418 5052 κατὰ
2467 5001 2603 5054 ίδίαν
2650 5003 2907 5074 πρόθεσιν
2952 5010 3047 5063 xa‘t
3079 5014 3237 5083 χάριν
3278 5015 3376 5086 τὴν
3429 5012 3679 5074 δοθεῖσαν

423 5081 547 5132 dum
586 5094 747 5147 opera
785 5092 990 5148 nostra,
1025 5082 1117 5135 scd
1149 5085 1445 5137 secundum
1469 5087 1799 5155 pr0positum
1832 5103 1987 5141 suum

2104 5093 2229 5160 ἡμῖν
2273 5094 2330 5143 ὲν
2373 5092 2593 5163 Χριστῷ
2634 5094 2807 5166 Ἰησοῦ
2838 5099 2945 5169 πρὸ
2975 5081 3180 5172 χρόνων
3209 5081 3466 5171 αἰωνίων,
3503 5129 3674 5178 φανε-

418 5179 471 5221 et
502 5170 727 5239 gratiam
762 5186 879 5239 qua:
908 5173 1029 5225 data
1063 5184 1147 5227 est
1180 5176 1332 5230 nobis
1371 5176 1422 5229 itt
1452 5176 1670 5231 Christo
1704 5178 1827 5232 Jesu
1862 5190 1989 5232 ante

2104 5180 2366 5252 ρωθείσὰν
2416 5200 2473 5235 τε
2520 5184 2614 5239 νῦν
2657 5188 2745 5241 διὰ
2790 5191 2887 5261 τῆς
2936 5170 3257 5261 ἐπιφανείας
3287 5198 3381 5251 τοῦ
3423 5170 3679 5271 Σωτῆρος

420 5272 659 5329 tempora
686 5265 985 5327 saecularia,
1026 5264 1367 5320 manifestata
1397 5278 1479 5321 est
1511 5281 1687 5339 autem
1723 5286 1861 5325 nunc
1895 5286 1990 5340 per

2104 5272 2255 5341 ἡμῶν
2295 5273 2469 5344 Ἰησοῦ
2496 5278 2756 5347 Χριστοῦ,
2790 5293 3256 5355 καταργήσαντοςΔ
3268 5290 3368 5359 μὲν
3400 5291 3490 5342 τὸν
3517 5264 3677 5347 Oti-va;

418 5354 859 5409 illutniuatimiem
907 5355 1203 5413 Salvatoris
1253 5360 1421 5411 nostri
1464 5358 1590 5413 Jesu
1637 5362 1859 5428 Christi,
1894 5366 1985 5432 qui

2104 5368 2566 5434 τον,.φωτίσαντος
2588 5372 2644 5424 δὲ
2672 5373 2816 5444 ζωὴν
2843 5379 2935 5427 καὶ
2978 5354 3308 5448 ἀφθαρσίαν.
3348 5400 3368 5433 ι
3402 5382 3463 5434 Εἰ
3492 5383 3677 5439 τοίνυν

417 5444 683 5497 destruxit
708 5447 927 5514 quidem
956 5458 1205 5514 mortem,
1246 5450 1781 5507 illuminavit.antem
1822 5456 1983 5508 vitam

2104 5458 2187 5509 mi.
2218 5462 2327 5530 πρὸ
2360 5460 2454 5513 τοῦ
2486 5463 2702 5527 αἰῶνος,
2732 5465 2886 5519 οΰπω
2912 5444 3194 5536 γεγονότες
3225 5471 3447 5543 δηλαδὴ,
3479 5473 3676 5545 κλήσει

415 5544 466 5588 et
488 5537 996 5605 incorruptionem".
1026 5560 1042 5589 ι
1072 5541 1126 5593 Si
1158 5556 1286 5609 ergo
1317 5553 1443 5598 ante
1473 5544 1687 5609 szecula,
1726 5547 1983 5601 nimirun:

2104 5548 2222 5618 ὶγίᾳ
2257 5549 2571 5620 κεκλήμεθα
2607 5559 2744 5607 κατὰ
2773 5556 2933 5626 χάριν
2962 5560 3054 5610 καὶ
3084 5537 3341 5629 πρόθεσιν
3373 5537 3467 5615 τοῦ
3495 5537 3674 5619 πάντα

417 5643 538 5683 cum
568 5630 802 5683 nonduut
839 5631 963 5685 facti
987 5647 1251 5700 essemus,
1293 5637 1569 5690 vocatione
1600 5649 1784 5692 saneta
1814 5652 1986 5693 vocati

2104 5640 2397 5709 προειδότος
2444 5642 2601 5708 Θεοῦ,
2654 5648 2969 5719 κεκλήμεθα
3010 5650 3066 5702 δὲ
3102 5653 3159 5705 ὲν
3205 5654 3423 5725 Χριστῷ
3472 5657 3675 5725 Ἰησοῦ,

487 5805 508 5837 ³
541 5808 696 5862 l'rov.
729 5822 840 5875 vui,
872 5808 1055 5864 23—25.
1140 5812 1159 5843 ⁵
1189 5810 1207 5865 l
1238 5812 1360 5869 Cor.
1398 5830 1484 5881 xv,
1528 5815 1615 5871 55.
1692 5820 1711 5849 ⁸
1749 5818 1904 5873 fiom.
1938 5835 1985 5873 vt

2104 5820 2185 5877 Ξῖ).
2263 5824 2281 5854 ⁸
2312 5824 2480 5881 ιευτ.
2513 5842 2599 5893 xv,
2630 5827 2718 5883 20.
2797 5831 2813 5859 ⁷
2852 5830 2892 5883 ll
2922 5828 3057 5883 Tim.
3092 5847 3127 5895 ι,
3164 5831 3313 5886 8-10.
