3968 6482
224 472 321 529 297

1632 477 1907 535 TiiESAU
1918 475 2007 532 ΒΗ
2018 477 2075 535 8.

3407 482 3513 538 298

225 592 359 655 σίαις
386 590 456 646 τὰ
484 590 550 657 ἐξ
577 592 779 646 αὐτῶν
798 593 1113 664 τικτόμενα.
1146 595 1303 650 υύτω
1333 612 1424 668 μοι
1448 596 1556 650 νόει
1583 596 1670 650 τὸν
1702 597 1820 649 Υίδι

1934 600 2101 651 etiam
2138 605 2350 676 statuas
2393 595 2590 651 Filium
2623 610 2691 650 ex
2724 595 2961 651 essentia
3001 595 3178 650 Patris
3217 597 3513 664 proceden-

226 685 285 736 ἐκ
321 688 419 753 τῆς
451 684 550 736 τοῦ
594 684 827 756 Πατρός
859 686 1044 751 οὐσίας
1082 688 1507 760 προερχόμενον,
1539 687 1726 750 ἁῖδίως
1766 704 1823 740 τε

224 774 345 830 ὄντα
386 776 447 828 ἐν
492 774 675 844 αὐτῷ,
715 777 817 830 καὶ
851 778 911 829 ὲν
941 776 1045 849 ίδίᾳ
1071 778 1359 849 νοούμενον
1390 779 1707 842 ὑποστάσει,
1734 778 1826 830 καὶ

228 867 337 918 κατ’
369 865 567 919 οὐδένα
613 867 833 937 τρόπον
882 858 1207 924 ἑλαττοῦντα
1239 870 1339 941 τὴν
1373 869 1468 922 τοῦ
1501 870 1710 939 Πατρὸς
1738 869 1827 921 οὐ-

227 955 359 1023 σίαν,
391 956 423 1026 ἢ
454 956 632 1009 αὐτὸν
672 958 887 1028 ταύτης
914 959 1381 1032 ἀπομεριζόμενον
1400 980 1415 996 ο
1449 960 1564 1014 ἀλλ’
1592 954 1732 1014 εἷναί
1766 976 1825 1013 τε

226 1046 377 1100 αὑτὸν
417 1049 479 1100 ὲν
510 1049 733 1121 Πατρὶ,
762 1050 857 1104 καὶ
891 1049 1033 1120 ἔχειν
1062 1053 1118 1105 ιν
1146 1052 1325 1121 ἑαυτῷ
1357 1052 1449 1105 16v
1483 1052 1722 1123 Πατέρα,
1752 1051 1827 1114 ὼς

226 1136 311 1191 καὶ
341 1136 646 1209 ἀληθεύειν
694 1140 955 1208 λέγοντα·
994 1160 1013 1193 ι
1036 1141 1199 1211 Ἐγὼ·
1221 1145 1279 1197 έν
1324 1143 1405 1215 τῷ
1448 1144 1644 1214 Πατρὶ,
1680 1144 1825 1197 καὶὸ

226 1228 407 1298 Πατὴρ
436 1232 496 1281 ὲν
528 1230 665 1299 ἐμοί
687 1246 702 1259 ·
738 1250 755 1281 ι
798 1232 891 1284 καὶ
918 1232 1005 1285 διὰ
1035 1232 1095 1285 16
1138 1236 1238 1304 τῆς
1275 1235 1467 1299 οὐσίας
1508 1234 1825 1306 ἀπαράλλα-

225 1335 362 1380 κτον,
394 1320 567 1373 αὐτόν
600 1337 667 1373 τε
716 1322 775 1375 ἐν
819 1322 898 1393 τῷ
925 1325 1120 1394 Πατρὶ,
1152 1326 1245 1378 καὶ
1276 1326 1332 1378 ὲν
1362 1324 1513 1397 αὐτῷ
1538 1326 1825 1395 φαίνεσθαι

223 1409 306 1462 τὸν
338 1410 589 1480 Πατέρα,
617 1411 772 1465 οὕτω
817 1430 876 1466 τε
919 1413 1178 1468 δύνασθαι
1216 1415 1425 1484 λέγειν·
1463 1436 1481 1469 r
1505 1416 1645 1485 Ἐγὼ
1672 1418 1826 1471 καὶὸ

224 1500 403 1571 Πατὴρ
432 1502 494 1553 ἓν
525 1503 711 1573 ἐσμεν
732 1518 755 1547 ἰ
791 1504 848 1555 '0
881 1499 1142 1575 ἑωρακὼς
1172 1507 1291 1577 ἐμὲ,
1324 1506 1536 1577 ἑώρακε
1578 1509 1669 1560 τὸν
1722 1510 1829 1561 Πα-

220 1592 365 1663 τέρα.
398 1613 417 1645 ι

926 1710 1131 1765 ΔΛΛΟ.

287 1819 348 1870 Ol
398 1818 669 1887 λέγοντες
710 1821 1087 1886 ἀποκεκόφθαι
1118 1822 1217 1891 τῆς
1249 1821 1343 1875 τοῦ
1373 1821 1585 1892 Πατρὸς
1634 1822 1821 1891 οὐσίας

1932 696 2063 750 tem,
2095 684 2163 739 ab
2184 694 2387 741 aeterno
2413 686 2465 739 in
2498 684 2617 754 ipso
2640 684 2929 751 exsistere,
2966 684 3182 739 tametsi
3217 684 3269 739 in
3298 686 3515 754 propria

1929 774 2207 845 hypostasi
2256 774 2537 839 subsistat,
2570 774 2827 844 nullaque
2858 774 3066 830 ratione
3102 773 3279 829 Patris
3326 788 3516 829 essen-

1931 869 2059 921 tiam
2109 867 2467 932 imminuere,
2527 876 2621 922 aut
2670 868 2738 921 ab
2788 867 2877 921 illa
2922 867 3212 937 separari:
3246 866 3341 921 sed
3396 881 3519 922 esse

1930 959 2103 1029 ipsum
2148 959 2201 1014 in
2234 959 2412 1025 Patre,
2449 968 2504 1013 et
2531 958 2774 1015 vicissim
2825 958 3037 1017 Patrem
3072 960 3123 1013 in
3175 972 3233 1013 se
3276 958 3515 1018 habere;

1929 1048 2066 1104 adeo
2114 1059 2173 1103 ut
2220 1063 2345 1105 vere
2391 1049 2583 1104 dicat:
2622 1068 2641 1101 ι
2671 1049 2784 1118 Ego
2814 1049 2866 1104 in
2916 1048 3100 1114 Patre,
3152 1056 3207 1104 et
3249 1048 3412 1103 Pater
3462 1048 3516 1101 in

1930 1154 2017 1195 me
2045 1140 2087 1171 “
2122 1156 2135 1193 :
2165 1159 2184 1191 ι
2215 1148 2270 1195 et
2311 1148 2534 1209 propter
2568 1140 2936 1195 omnimodam
2972 1140 3230 1196 essentia
3262 1137 3517 1194 similitu-

1928 1231 2110 1286 dinem
2149 1232 2323 1301 ipsum
2357 1232 2413 1285 in
2440 1230 2623 1298 Patre,
2656 1238 2711 1286 et
2732 1232 2948 1287 Patrem
2982 1231 3036 1287 in
3072 1230 3193 1301 ipso
3227 1233 3402 1297 cerni,
3429 1239 3514 1285 at-

1928 1339 2033 1394 que
2082 1324 2156 1379 ita
2206 1340 2365 1394 posse
2414 1325 2635 1381 dicere:
2670 1342 2689 1377 ι
2725 1324 2835 1395 Ego
2888 1332 2944 1380 et
2990 1323 3155 1379 Pater
3204 1340 3371 1380 unum
3421 1339 3516 1380 su-

1930 1431 2050 1470 mus
2074 1415 2117 1447 "
2144 1434 2157 1469 :
2188 1414 2287 1483 Qui
2322 1416 2455 1471 vidit
2492 1430 2598 1481 tne,
2634 1416 2769 1470 vidit
2793 1426 2847 1470 et
2874 1415 3092 1470 Patrem
3119 1416 3182 1469 “.
3218 1435 3236 1467 ι

2609 1696 2839 1755 ALIUD.

2000 1814 2100 1881 Qui
2139 1814 2328 1869 dicunt
2384 1822 2656 1869 resectum
2686 1824 2849 1885 atque
2880 1815 3113 1870 dirisum
3163 1831 3284 1871 esse
3331 1818 3396 1872 ah
3426 1833 3517 1873 es-

222 1908 302 1961 τὺν
334 1910 491 1973 Υίὸν,
521 1912 620 1964 διὰ
649 1912 711 1964 τὸ
739 1912 799 1975 ἐξ
824 1911 994 1979 αὐτῆς
1028 1912 1335 1982 προελθεῖν,
1364 1915 1459 1967 καὶ
1485 1909 1621 1967 εἶναι
1658 1916 1820 1985 μέρος

1932 1906 2101 1961 sentia
2132 1904 2311 1959 Patris
2347 1902 2564 1969 Filium,
2594 1905 2721 1973 quia
2766 1918 2831 1959 ex
2880 1904 2998 1975 ipso
3033 1907 3298 1972 procedit,
3349 1918 3517 1976 atque

220 1998 397 2054 λοιπὸν
451 2004 560 2072 οὐχ
615 2003 933 2074 ὁλόκληρον,
965 2002 1272 2070 λεγέτωσαν
1317 2004 1693 2075 ἀποκεκόφθαι
1723 2008 1818 2063 καὶ⁵

219 2090 306 2145 τοῦ
334 2093 519 2161 φωτὸς
545 2094 614 2146 16
644 2092 1009 2161 ἀπαύγασμα,
1047 2093 1141 2145 καὶ
1172 2092 1267 2146 τοῦ
1300 2095 1471 2165 πυρὸς
1500 2094 1599 2166 τὴν
1630 2095 1690 2159 ἐξ
1718 2096 1818 2148 αὐο

222 2182 307 2237 τοῦ
338 2184 651 2254 προϊοῦσαν
678 2184 1006 2254 θερμασίαν,
1034 2183 1129 2236 καὶ
1155 2183 1250 2237 τοῦ
1274 2185 1366 2239 νοῦ
1395 2186 1485 2239 τὸν
1511 2186 1667 2254 λόγον
1687 2202 1699 2215 ³
1726 2189 1819 2241 καὶ

219 2274 593 2331 ὔιικνύτωσαν
651 2278 733 2329 ὅτι
771 2276 911 2347 μέρη
954 2274 1129 2329 ταῦτα
1179 2275 1523 2347 διῃρημένως
1561 2279 1678 2331 ἐστὶ
1711 2278 1818 2331 τῶν

219 2367 435 2430 οὐσιῶν,
467 2367 531 2431 ἐξ
591 2360 671 2419 ὧν
722 2368 814 2419 καὶ¹
863 2365 1245 2436 προέρχονται,
1289 2365 1322 2435 ἢ
1367 2368 1448 2419 ὅτι
1500 2368 1668 2438 χωρὶς
1720 2368 1818 2438 μὲν

222 2458 664 2526 ὰπαυγάσματος
695 2452 763 2527 ἦν
793 2474 923 2510 ποτε
968 2459 1027 2511 τδ
1072 2458 1208 2526 φῶς,
1242 2457 1408 2529 χωρὶς
1432 2457 1489 2511 δὲ
1518 2458 1819 2529 θερμασίας

222 2547 281 2601 τὺ
312 2548 443 2619 πῦρ,
482 2548 689 2616 ἄλογος
726 2548 806 2601 δὲ’
826 2550 855 2601 6
892 2549 1033 2612 νοῦς.
1066 2550 1177 2602 Kal
1202 2549 1323 2602 τότε
1357 2547 1819 2620 φανταξέσθωσαν

224 2639 444 2693 τοιαῦτά
469 2658 605 2694 τινα
632 2640 726 2691 καὶ
747 2656 813 2692 πε
823 2639 875 2710 pl
901 2639 989 2692 τὸν
1007 2640 1101 2692 τοῦ
1123 2640 1257 2693 Θεοῦ
1274 2641 1465 2708 Λόγον.
1483 2641 1547 2693 El
1566 2641 1623 2694 δὲ
1647 2640 1819 2697 ταῦτα

228 2727 439 2784 σύνεστι
467 2732 574 2801 μὲν
595 2732 685 2785 ἀεὶ
704 2734 824 2795 ταῖς
845 2731 1074 2797 οὐσίαις,
1098 2732 1189 2800 ἀφ’
1209 2726 1283 2786 ὧν
1313 2733 1407 2785 xal
1433 2734 1815 2805 προέρχονται,

224 2820 541 2893 ἁμερίστως
570 2822 630 2875 δὲ
654 2822 813 2875 τοῦτο
830 2822 1061 2888 ποιοῦσι,
1087 2821 1181 2876 καὶ
1206 2824 1267 2876 οὐ
1294 2826 1713 2894 κεχωρισμένως
1736 2827 1817 2895 (οὐ

228 2912 327 2983 γὰρ
362 2914 517 2985 πάθη
552 2917 653 2968 καὶ
679 2914 964 2978 ἀποκοπὰς
988 2912 1310 2985 ἐμποιοῦσιν
1342 2915 1578 2984 αὐταῖς),
1611 2916 1728 2979 πῶς
1756 2917 1816 2969 οὐ

229 3002 403 3075 πάσης
442 3006 591 3059 είσὶν
621 3006 876 3070 ἁσεὸείας
911 3006 1166 3059 ἐπέκεινα
1193 3006 1365 3059 ταῦτα
1396 3009 1461 3077 τῇ
1495 3006 1615 3077 θείᾳ
1659 3006 1815 3075 φύσει

230 3097 665 3164 προσάπτοντες,
694 3096 730 3151 ἃ
772 3097 906 3169 μηδὲ
949 3098 1077 3169 περὶ
1114 3098 1213 3168 τὴν
1244 3097 1354 3151 τῶν
1384 3097 1628 3167 γενητῶν
1656 3099 1817 3167 φύσιν

230 3186 479 3251 γενέσθαι
528 3188 649 3259 δοίη
691 3206 775 3251 τις
809 3189 896 3251 ἂν,
945 3190 997 3244 εῐ
1026 3206 1088 3257 γε
1124 3189 1250 3243 νοῦν
1285 3189 1396 3259 ἔχοι
1450 3190 1545 3243 καὶ
1592 3188 1815 3261 φρονοίη

231 3275 439 3345 aliis;

918 3392 1122 3447 AAAO.

465 3506 568 3568 Ὠς
603 3504 673 3567 ἐξ
710 3502 1067 3570 ἀντιθέσεως
1105 3503 1223 3557 τῶν
1259 3502 1591 3573 αΙρετικῶν.

299 3636 409 3689 Καὶ
452 3635 597 3697 πῶς,
631 3635 784 3702 φασὶ,
819 3633 1039 3687 δύναται
1068 3637 1095 3687 6
1123 3635 1249 3699 Υἱὸς
1294 3635 1459 3696 ἀΐδιος
1509 3631 1648 3687 εἷναι
1683 3633 1822 3704 μετὰ

237 3724 485 3798 Πατρόςς
536 3726 646 3779 Kal
678 3726 785 3793 γὰρ
828 3726 878 3779 οἱ
920 3726 1029 3778 τῶν
1060 3725 1363 3796 ἀνθρώπων
1414 3726 1519 3779 uiol
1543 3728 1818 3783 τίκτονται

241 3818 374 3885 μετά
422 3818 557 3879 τοὺς
602 3814 868 3886 πατέρας,
920 3816 1015 3867 καὶ
1060 3816 1271 3887 χρόνοις
1320 3814 1545 3885 ὕστερον
1582 3814 1819 3882 γίνονται

238 3906 471 3973 πολλοῖς,
504 3908 603 3958 οὐκ
630 3906 779 3967 ὄντες
808 3905 939 3974 πρὶν
979 3904 1327 3976 γεννηθῆναι.
1361 3905 1485 3966 Πῶς
1516 3904 1572 3957 δὲ
1602 3904 1761 3957 πάλιν
1794 3906 1821 3957 6

240 3993 361 4061 ne;
386 3998 567 4063 Λόγος
594 3991 731 4049 εἶναι
750 3994 994 4059 δύναται,
1020 3993 1054 4065 ἢ
1078 3995 1240 4047 εἰκὼν
1262 3994 1354 4047 τοῦ
1380 3993 1515 4046 Θεοῦ
1539 4010 1551 4057 ;
1578 3995 1685 4047 Kal
1711 3993 1821 4064 γὰρ

237 4086 266 4137 6
295 4089 401 4140 τῶν
437 4087 540 4139 ἀνθ
552 4086 747 4157 ρώπων
774 4085 931 4153 λόγος
959 4084 1081 4139 οὐτε
1112 4086 1474 4155 ὲνυπόστατός
1506 4089 1676 4150 ἐστιν,
1697 4087 1820 4140 οὐτε

243 4181 376 4248 μετὰ
409 4181 475 4233 16
511 4179 744 4250 ῥηθῆναι
791 4177 1022 4241 σώζεται
1047 4196 1063 4209 ο
1109 4180 1223 4233 ἀλλ’
1254 4180 1415 4244 εὐθὺς
1461 4183 1539 4243 είς
1568 4181 1629 4233 16
1662 4180 1737 4251 μὴ
1762 4182 1821 4233 ὂν

240 4270 551 4334 ἀναλύεται,
582 4271 830 4341 σημήνας
879 4270 940 4322 16
992 4271 1133 4323 κατὰ
1177 4271 1419 4325 διάνοιαν
1461 4272 1541 4341 τῷ
1574 4272 1821 4325 λαλοῦντι

241 4363 511 4434 κείμενον,
550 4363 643 4415 καὶ
690 4362 758 4414 τὰ
790 4363 847 4413 ὲν
877 4361 955 4431 τῷ
986 4362 1139 4432 βάθει
1172 4363 1271 4432 τῆς
1316 4364 1544 4434 καρδίας
1593 4380 1823 4435 φανερο-

240 4457 473 4527 ποιήσας
500 4454 767 4523 νοήματα.

725 4561 883 4629 Πρὸς
920 4562 1095 4616 τοῦτο
1133 4563 1333 4629 λύσις.

308 4676 372 4729 El
420 4675 522 4743 μὲν
568 4673 641 4738 ὡς
689 4672 976 4745 ἄνθρωπος
1012 4674 1183 4739 οὕτως
1235 4678 1351 4729 ἐστὶ
1400 4680 1493 4730 καὶ
1541 4677 1692 4742 Θεὸς.
1726 4680 1821 4733 καὶ

244 4766 401 4820 πλέον
431 4765 543 4819 τῶν
569 4767 627 4817 ὲν
659 4768 792 4836 ἡμῖν
822 4765 974 4819 οὐδὲν
1006 4769 1063 4819 ἐν
1098 4768 1263 4837 αὐτῷ,
1296 4771 1567 4840 κρατείτω
1600 4772 1693 4825 καὶ
1722 4772 1815 4825 ἐπ’

245 4856 408 4913 αὐτοῦ
466 4856 535 4908 τὰ
584 4856 932 4927 ἀνθρώπινα·
982 4857 1076 4910 xal
1124 4862 1526 4931 προύπαρχέτω
1558 4861 1652 4914 τοῦ
1690 4862 1820 4916 ἰδίου

247 4949 583 5018 γιννήματος
609 4946 793 5016 ὥσπερ
838 4948 931 4999 καὶ
962 4949 1123 5019 ἡμεῖς
1142 4966 1154 4977 ·
1191 4951 1285 5003 καὶ
1316 4952 1379 5003 ὲκ
1406 4950 1498 5004 τοῦ
1552 4952 1626 5022 μὴ
1670 4952 1823 5016 ὄντος

245 5038 382 5092 ιστω
412 5036 475 5089 16
519 5034 581 5100 ἐξ
607 5036 772 5089 αὐτοῦ
802 5037 1083 5107 προελθὸν.
1116 5040 1178 5091 El
1210 5040 1265 5092 δὲ
1296 5040 1431 5095 πολύ
1475 5041 1583 5095 τῶν
1626 5045 1823 5114 ἡμετέ-

248 5145 351 5200 ρων
378 5130 441 5183 16
458 5128 615 5182 Θεϊον
640 5128 971 5199 ἀπῴκισται,
998 5130 1093 5182 xal
1120 5130 1272 5184 οὐδὲν
1300 5132 1444 5203 αὐτῷ
1478 5138 1653 5187 κοινὸν
1686 5137 1822 5209 πρὸς

245 5222 408 5292 ἡμᾶς,
436 5222 563 5275 ὅσον
591 5224 671 5284 είς
703 5221 795 5275 τὸν
841 5220 941 5290 τῆς
970 5220 1156 5285 οὐσίας
1182 5220 1362 5289 λόγον,
1400 5223 1517 5287 πῶς
1544 5225 1675 5279 αὐτὸ
1706 5230 1820 5292 τοῖς

247 5310 605 5381 ἀνθρωπίνοις
639 5309 1041 5381 καταδεσμοῦσι
1088 5314 1295 5376 κακοῖς,
1326 5314 1420 5365 καὶ
1466 5314 1587 5377 ταῖς
1624 5318 1821 5387 ἡμετέ-

251 5416 367 5470 ραις
399 5402 666 5471 ἀνάγκαις
713 5401 1061 5465 ὐποτιθέντες
1107 5403 1208 5455 οὐκ
1254 5403 1633 5473 αἰσχύνονται;
1670 5408 1819 5479 Ὅσῳ

247 5492 353 5564 γὰρ
395 5493 463 5547 ἂν
507 5492 608 5565 τὴν
660 5493 949 5563 ἀνθρώπου
1001 5491 1162 5561 φύσιν
1207 5492 1518 5565 ὲξὰλληται,
1548 5495 1819 5557 τοσοῦτον.

248 5579 416 5654 οἶμαι,
444 5585 538 5639 καὶ
562 5584 673 5638 τῶν
694 5583 825 5653 παρ’
849 5587 982 5653 ἡμῖν
998 5583 1137 5637 ὲθῶν
1162 5600 1220 5636 τε
1251 5585 1343 5637 καὶ
1369 5586 1548 5657 νόμων
1578 5587 1823 5657 φυσικῶν

251 5672 395 5729 ισται
422 5676 514 5730 καὶ
538 5674 800 5746 ἀμείνων.
816 5674 1023 5727 Οὐκοῦν
1042 5674 1270 5745 φθαρτοὶ
1296 5676 1390 5747 μὲν
1416 5679 1595 5747 ἡμεῖς,
1615 5677 1823 5749 ἄφθαρ-

320 5848 361 5881 ¹¹
386 5846 535 5907 Joan.
567 5864 682 5917 xiv,
718 5847 809 5903 lt.
888 5849 929 5879 "
957 5847 1111 5904 Joan.
1153 5864 1207 5911 ι.
1235 5850 1325 5905 30.

632 5948 913 6011 Panos.
959 5946 1073 6007 Gn.
1120 5947 1347 6010 LXXV.

1407 5854 1449 5884 ¹³
1481 5851 1637 5909 Joan.
1675 5870 1785 5920 xiv,
1811 5856 1863 5913 9.

1929 1995 2049 2049 ideo
2079 2004 2287 2064 partem
2320 2009 2461 2058 esse,
2495 2009 2601 2049 non
2636 2008 2764 2049 vero
2794 1995 3062 2064 integrum
3097 2012 3111 2050 :
3146 1997 3330 2051 dicant
3351 1999 3511 2053 etiam

1926 2084 2267 2153 splendorem
2301 2093 2610 2154 separatum
2654 2098 2776 2139 esse
2827 2100 2856 2138 a
2896 2085 3119 2151 lumine,
3170 2096 3227 2141 et
3256 2088 3511 2143 calidita-

1930 2186 2035 2231 tem
2080 2178 2148 2231 ab
2180 2177 2323 2246 igne,
2372 2192 2402 2232 e
2428 2192 2536 2247 quo
2568 2177 2835 2246 procedit,
2868 2186 2921 2232 et
2948 2179 3175 2233 verbum
3226 2195 3253 2233 a
3288 2191 3467 2235 mente
3498 2199 3512 2233 :

1926 2268 2325 2338 ostendantque
2373 2267 2488 2323 haec
2536 2282 2661 2323 esse
2698 2268 2989 2335 separatim
3029 2278 3213 2338 partes
3259 2270 3517 2325 substan-

1929 2364 2152 2427 tiarum,
2205 2378 2236 2418 e
2291 2362 2489 2432 quibus
2546 2361 3003 2432 procedunt;aut
3051 2362 3285 2431 probent
3332 2364 3515 2419 lumen

1926 2456 2221 2523 aliquando
2248 2455 2417 2511 fuisse
2447 2455 2653 2525 absque
2684 2456 2998 2527 splendore,
3043 2466 3137 2511 aut
3164 2457 3346 2529 ignem
3382 2458 3514 2513 abs-

1927 2556 2033 2610 que
2078 2541 2379 2608 caliditate,
2417 2552 2473 2597 et
2519 2552 2759 2598 mentem
2804 2543 3011 2613 absque
3047 2546 3235 2601 verbo.
3271 2546 3349 2602 Ac
3399 2556 3514 2602 tum

1925 2634 2145 2687 demum
2178 2649 2299 2687 cum
2339 2634 2444 2689 hoc
2477 2635 2783 2706 probarint,
2817 2636 3184 2706 imaginentur
3212 2637 3374 2693 etiam
3410 2639 3516 2693 tale

1927 2724 2207 2794 quidpiam
2240 2725 2306 2781 de
2328 2723 2510 2781 Verbo
2537 2727 2650 2781 Dei.
2682 2726 2740 2781 Si
2775 2742 2905 2783 vero
2941 2728 3055 2783 haec
3084 2729 3271 2784 insunt
3299 2744 3516 2802 semper

1925 2814 2250 2871 substantiis
2285 2830 2316 2870 e
2349 2816 2546 2884 quibus
2575 2817 2901 2886 procedunt,
2936 2819 3182 2888 citraque
3224 2820 3385 2875 ullam
3421 2837 3514 2877 se-

1924 2907 2263 2977 parationem
2313 2907 2417 2963 hoc
2456 2916 2717 2975 praestant
2745 2907 2945 2979 (neque
2986 2912 3131 2965 enim
3185 2911 3346 2965 ullam
3378 2927 3514 2983 pas-

1924 2998 2133 3053 sionem
2157 3008 2252 3053 aut
2278 2999 2579 3053 sectionem
2611 2999 2665 3053 in
2694 2998 2775 3055 eis
2793 2994 3077 3071 efficiunt),
3102 3004 3376 3071 quomodo
3405 3020 3512 3059 non

1926 3089 2035 3144 sint
2068 3090 2325 3144 censendi
2358 3091 2711 3145 vehementer
2748 3091 2925 3161 impii,
2958 3092 3049 3161 qui
3079 3094 3276 3150 divina:
3306 3107 3514 3151 natura:

1926 3180 2015 3235 illa
2048 3179 2317 3246 tribuunt,
2344 3194 2464 3249 quae
2507 3195 2667 3235 nemo
2694 3196 2843 3236 sana:
2876 3185 3075 3240 mentis
3120 3200 3187 3240 ne
3228 3196 3513 3242 creaturaa

1846 3294 1888 3351 ρ
1927 3286 2045 3324 rum
2074 3272 2293 3341 quidem
2333 3280 2538 3355 natum
2564 3272 2818 3327 accidere
2850 3287 3010 3343 posse
3039 3275 3314 3331 fateatur?

2603 3386 2836 3445 ALIUD.

2303 3496 2387 3551 Ex
2414 3500 2705 3569 objectione
2728 3502 3122 3557 hareticorum.

2003 3633 2108 3687 Sed
2163 3633 2457 3701 quomodo,
2506 3634 2777 3702 inquiunt,
2824 3644 3003 3704 potest
3051 3634 3225 3694 Filius
3271 3650 3513 3699 aeternus

1922 3740 2043 3781 esse
2065 3740 2185 3779 cum
2212 3724 2404 3779 Patre?
2428 3725 2563 3779 Nam
2595 3724 2688 3780 filii
2717 3728 2997 3781 hominum
3049 3742 3352 3785 nascuntur
3391 3745 3516 3802 post

1927 3830 2054 3871 suos
2098 3827 2370 3885 parentes,
2422 3817 2704 3887 multoque
2749 3828 2869 3887 post
2905 3829 3147 3889 tempore
3197 3822 3352 3889 fiunt,
3404 3839 3511 3880 non

1924 3908 2252 3962 cxsistentes
2284 3907 2597 3977 priusquam
2640 3908 2794 3963 ﬁant.
2836 3910 2945 3964 Aut
2991 3926 3099 3980 quo
3149 3923 3309 3981 pacto
3340 3912 3513 3970 Filius

1925 3998 2096 4067 possit
2133 4012 2254 4054 esse
2284 3998 2540 4065 Verbum,
2574 4007 2669 4053 aut
2722 4000 2899 4070 imago
2932 4002 3069 4055 Dei?
3103 4001 3236 4057 Nam
3284 4006 3511 4059 verbum

1924 4089 2069 4158 quod
2118 4088 2187 4142 ab
2226 4089 2540 4144 hominibus
2572 4089 2868 4159 profertur,
2912 4106 3088 4162 neque
3118 4108 3213 4160 per
3247 4109 3307 4149 se
3335 4096 3515 4150 subsi-

1925 4180 2038 4244 stit,
2078 4191 2255 4247 neque
2288 4187 2574 4247 postquam
2614 4177 2888 4246 prolatum
2919 4191 3004 4234 est
3035 4192 3237 4247 manet,
3269 4184 3362 4237 sed
3393 4195 3508 4239 sta-

1928 4268 2021 4321 tim
2067 4267 2121 4321 in
2159 4265 2385 4321 nihilum
2419 4270 2719 4335 etranescit,
2765 4282 2888 4323 cum
2932 4272 3223 4340 explicarit
3253 4276 3398 4343 quod
3428 4275 3511 4331 ιον

1925 4375 2097 4430 quens
2124 4369 2304 4415 mente
2326 4371 2671 4431 conceperat,
2698 4376 2933 4432 cumque
2961 4365 3321 4434 cogitationes
3343 4369 3510 4425 animi

1925 4450 2263 4522 patefecerit.

2431 4564 2638 4621 Salutio
2678 4567 3009 4637 objectiom's.

2000 4679 2059 4736 Si
2088 4678 2230 4734 Deus
2269 4679 2492 4749 perinde
2525 4689 2606 4735 est
2642 4689 2807 4751 atque
2855 4683 3046 4749 homo,
3083 4685 3242 4759 177
3272 4688 3515 4759 nihilque

1927 4770 2163 4841 amplius
2212 4769 2263 4823 in
2297 4782 2361 4823 eo
2412 4779 2495 4824 est
2524 4786 2685 4839 quam
2727 4772 2779 4826 in
2828 4775 2982 4828 nobis
3016 4794 3028 4829 :
3076 4775 3309 4832 humana
3344 4782 3512 4835 etiam

1927 4862 1980 4917 in
2005 4862 2122 4931 ipso
2158 4860 2337 4916 locum
2376 4860 2633 4929 habeant,
2683 4871 2736 4918 et
2768 4863 2883 4932 ipse
2928 4881 3143 4935 quoque
3182 4870 3333 4936 prior
3362 4876 3503 4927 exsi»

1926 4963 2037 5009 stat
2065 4951 2203 5007 Filio
2235 4967 2357 5017 suo,
2391 4965 2448 5007 ut
2478 4969 2601 5019 nos,
2626 4965 2681 5009 et
2704 4969 2771 5009 ex
2802 4957 2973 5010 nihilo
3003 4958 3094 5023 sit,
3130 4961 3273 5028 quod
3304 4977 3370 5016 ex
3397 4963 3514 5032 ipso

1930 5042 2190 5113 procedit.
2222 5043 2293 5096 At
2324 5058 2455 5099 vero
2477 5045 2522 5098 si
2544 5044 2728 5102 Deitas
2746 5047 2903 5117 longe
2921 5062 2949 5101 a
2974 5054 3158 5103 nostra
3191 5062 3383 5107 natura
3405 5056 3511 5108 dit-

1928 5132 2056 5198 fert,
2094 5134 2336 5203 nihilque
2378 5135 2427 5190 ei
2462 5136 2743 5193 nobiscum
2780 5155 3070 5196 commune
3112 5151 3216 5209 est,
3250 5154 3511 5214 quantum

1930 5224 1995 5278 ad
2027 5224 2293 5280 rationem
2323 5226 2642 5284 substantia:
2672 5232 2864 5287 attinet
2897 5249 2910 5285 :
2937 5249 3045 5302 quo
3075 5246 3235 5302 pacto
3260 5251 3380 5291 eam
3412 5242 3512 5293 ltu-

1929 5316 2105 5372 manis
2156 5317 2517 5375 incommodis
2554 5331 2610 5376 et
2654 5322 2814 5379 malis
2844 5326 3176 5395 astringunt,
3218 5336 3273 5382 et
3310 5339 3515 5383 nostra:

1928 5408 2241 5465 necessitati
2274 5411 2541 5479 subjicere
2579 5429 2685 5469 non
2724 5416 3023 5471 verentur?
3060 5415 3332 5484 Quantum
3365 5423 3512 5476 enim

1928 5498 2223 5554 humanam
2276 5511 2525 5557 naturam
2577 5505 2815 5571 excellit,
2870 5515 3075 5562 tantum
3112 5509 3277 5564 etiam
3325 5519 3511 5565 nostra

1928 5593 2318 5649 consuetudine
2362 5604 2417 5650 et
2470 5597 2809 5653 naturalibus
2859 5599 3068 5670 legibus
3109 5613 3193 5657 est
3238 5604 3509 5672 superior.

1932 5680 2042 5739 Nos
2072 5683 2255 5754 itaque
2284 5687 2663 5755 corruptibiles
2698 5706 2710 5743 :
2745 5686 2888 5745 Deus
2914 5700 3095 5745 autem
3122 5691 3513 5763 incorruptibi-

3080 5954 3147 6016 10
