3968 6472
474 465 580 521 299

1444 457 1503 513 S.
1538 452 1807 512 CYRILLI
1848 449 2314 508 ALEXANDRINI
2354 448 2673 505 ARCHIEP.

3588 439 3696 497 ωδ

454 570 562 636 lis.
609 579 721 636 Nos
765 595 827 634 ex
874 568 1043 633 nihilo
1086 577 1151 639 ad
1187 590 1304 631 esse
1354 573 1583 628 traducti
1625 585 1852 625 sumus:
1883 570 2023 623 Deus

2139 587 2211 633 ιος
2237 568 2293 623 δὲ
2314 568 2343 621 6
2363 566 2518 627 Θεός.
2534 564 2628 617 Ἐκ
2650 561 2744 615 τοῦ
2778 560 2851 631 μὴ
2879 560 3027 621 ὄντος
3060 558 3139 621 είς
3161 556 3222 609 τὸ
3244 552 3382 609 εἶναι
3409 553 3697 626 παρήχθη-

480 686 615 725 vero
650 685 862 739 semper
894 678 944 725 et
972 676 1109 734 erat,
1136 676 1193 722 et
1215 665 1340 721 erit.
1373 663 1555 745 Qualis
1582 677 1711 716 vero
1742 671 1825 716 est
1864 661 1909 714 is
1930 658 2021 730 qui

474 760 665 830 gignit,
704 755 864 814 talem
898 757 1062 813 etiam
1108 769 1229 811 esse
1273 762 1482 823 oportet
1513 752 1601 821 qui
1643 765 1707 804 ex
1754 763 1822 804 eo
1852 747 2022 818 gigni-

475 859 579 909 tur.
612 848 869 905 Eternus
920 860 1096 902 autem
1138 856 1221 902 est
1264 844 1403 899 Deus
1452 858 1515 898 ac
1544 843 1723 907 Pater,
1765 852 2023 895 aeternum

479 937 655 1005 itaque
723 937 882 991 etiam
948 937 1087 1004 quod
1146 948 1211 987 ex
1277 932 1393 1001 ipso
1445 930 1687 999 procedit
1732 928 1937 992 lumen,
1974 936 2029 980 et

476 1038 615 1093 erat,
645 1039 697 1083 ct
716 1037 819 1083 est.
848 1028 1045 1081 Aderat
1072 1026 1234 1095 igitur
1255 1023 1442 1078 lumini
1471 1021 1739 1091 splendor.
1764 1020 2027 1075 Praeterea

477 1118 698 1174 verbum
741 1118 879 1185 quod
906 1131 972 1171 ex
1005 1115 1221 1171 homine
1248 1113 1513 1185 procedit,
1555 1112 1605 1167 in
1642 1109 1864 1165 nihilum
1899 1122 2023 1164 eva-

478 1208 673 1274 nescit,
701 1218 757 1263 ει
783 1222 956 1276 neque
989 1207 1167 1261 vivum
1195 1214 1302 1268 est,
1338 1217 1513 1272 neque
1541 1199 1748 1256 emt-ax.
1777 1198 1908 1254 Nam
1937 1198 2027 1267 qui

474 1298 603 1353 illud
628 1297 794 1368 gignit
834 1297 996 1351 homo
1033 1313 1095 1351 es
1130 1296 1296 1350 nihilo
1328 1304 1431 1358 est,
1472 1302 1527 1348 et
1564 1289 1894 1359 corruptioni
1929 1289 2023 1343 ob-

473 1386 963 1453 noxius.'Verbum
998 1398 1176 1441 autem
1209 1387 1301 1442 Dei
1350 1387 1530 1439 vivum
1568 1393 1671 1443 est.
1709 1391 1761 1436 et
1795 1395 1861 1436 ex
1908 1380 2030 1435 vivo

472 1479 792 1549 procedens,
838 1488 957 1534 erat
1003 1488 1057 1533 et
1098 1486 1181 1533 est
1216 1491 1448 1547 semper.
1493 1473 1675 1543 Neque
1715 1472 1855 1527 enim
1892 1470 2029 1525 Deus

471 1585 705 1640 unquam
755 1579 847 1625 aut
878 1578 1013 1635 erat,
1063 1578 1157 1623 aut
1208 1568 1553 1637 eritabsque
1584 1563 1779 1618 Verbo.
1827 1560 2029 1616 Idcirco

473 1661 671 1715 Paulus
700 1662 767 1716 de
801 1661 917 1731 ipso
948 1660 1154 1729 inquit:
1181 1679 1198 1710 ι
1233 1658 1425 1715 Vivum
1455 1668 1537 1713 est
1572 1655 1805 1712 Verbum
1838 1654 1928 1708 Dei
1956 1662 2031 1705 at-

471 1764 579 1820 que
620 1749 806 1806 ellicax
831 1749 895 1804 “.
930 1769 948 1802 ι
986 1749 1210 1804 Creator
1250 1749 1433 1818 itaque
1473 1756 1578 1811 est,
1624 1754 1679 1801 ct
1722 1746 1901 1800 omnia
1934 1758 2031 1813 per

2126 672 2225 728 μεν
2244 675 2256 688 θ
2288 643 2376 711 ἀεὶ
2401 655 2458 708 δὲ
2478 648 2547 724 ἦν
2570 651 2662 704 καὶ
2690 649 2843 702 ἔσται
2872 647 3024 711 Θεός.
3042 646 3250 707 Ὀποίος
3277 644 3321 697 δ’
3350 644 3418 697 ἂν
3444 644 3473 696 6
3500 642 3699 696 τίκτων

2124 748 2366 819 ὑπᾶρχῃ,
2395 744 2631 799 ⁴τοιοῦτον
2664 736 2802 795 εἶναι
2832 738 2938 811 χρὴ
2967 736 3063 791 καὶ
3096 738 3187 792 τὸν
3218 736 3279 800 ἐξ
3322 734 3489 789 αὐτοῦ
3518 732 3699 786 τικτό-

2129 857 2305 912 μενον.
2325 839 2517 900 ’Δῖδιος
2556 834 2613 888 δὲ
2641 835 2669 887 6
2698 833 2829 897 Θεὸς
2876 832 2967 885 καὶ
2996 829 3207 901 Πατὴρ,
3245 829 3414 882 ἀΐδιον
3456 827 3565 899 ἄρα
3605 826 3704 878 καὶ

2125 930 2185 983 τὸ
2210 930 2270 994 ἐξ
2298 926 2464 983 αὐτοῦ
2494 926 2610 997 φῶς
2640 921 2707 995 ἦν
2734 925 2826 978 καὶ
2850 922 2985 976 ἐστι.
3017 922 3187 991 Συνῆν
3213 920 3322 991 ἄρα
3357 916 3435 988 τῷ
3468 916 3607 985 φωτὶ
3638 916 3705 968 τὸ

2126 1019 2482 1088 ἀπαύγασμα.
2514 1017 2624 1070 Kal
2670 1017 2699 1069 6
2750 1015 2847 1084 μὲν
2890 1015 2948 1079 ἐξ
2993 1010 3276 1083 ἀνθρώπου
3302 1007 3704 1079 προερχόμενος

2128 1111 2303 1179 λόγος,
2334 1111 2413 1172 είς
2436 1108 2498 1161 τὸ
2535 1106 2607 1178 μὴ
2654 1105 2713 1158 ὃν
2736 1103 3067 1164 ,ἀναλύεται.
3102 1101 3195 1154 καὶ
3222 1097 3343 1152 οὔτε
3376 1097 3495 1174 ζῶν
3525 1099 3697 1160 ἔστιν,

2127 1198 2251 1252 οὔτε
2280 1198 2529 1268 ἐνεργής.
2552 1196 2660 1247 Kal
2688 1192 2797 1263 γὰρ
2822 1192 2917 1243 καὶ¹
2942 1190 2970 1241 6
2992 1187 3178 1240 τοῦτον
3205 1185 3469 1254 γεννήσας
3491 1182 3697 1252 ἅνθρω-

2130 1308 2249 1353 πος,
2280 1291 2343 1342 ὲκ
2369 1288 2459 1342 τοῦ
2491 1287 2566 1358 μὴ
2589 1286 2739 1347 ὄντος
2770 1284 2884 1336 ἐστὶ
2907 1281 3001 1334 καὶ
3034 1277 3316 1331 ὑπόκειται
3348 1274 3543 1346 φθορᾷ.
3559 1274 3620 1326 '0
3644 1274 3705 1326 δὶ

2127 1381 2221 1435 τοῦ
2246 1378 2382 1433 Θεοῦ
2412 1380 2582 1446 Λόγος
2619 1375 2725 1440 ζῶν
2762 1376 2876 1427 ἐστι
2898 1388 2910 1402 ·
2944 1371 3036 1424 καὶ
3067 1372 3131 1423 ὲκ
3160 1367 3359 1432 ζῶντος
3398 1363 3704 1436 προελθὼν,

2128 1468 2195 1542 ἦν
2234 1471 2320 1525 ἀεὶ
2346 1471 2440 1523 καὶ
2467 1468 2639 1521 ἐστιν.
2664 1462 2736 1518 Οὐ
2766 1463 2872 1532 γὰρ
2897 1457 2987 1531 ἦν,
3019 1460 3139 1513 οὐδὲ
3170 1458 3320 1511 ἔσται
3351 1456 3502 1521 ποτὶ,
3530 1457 3706 1526 χωρὶς

2130 1564 2302 1630 Λόγου
2319 1561 2468 1624 Θεός.
2500 1558 2610 1614 Kal
2639 1557 2766 1625 γοῦν
2790 1557 2818 1607 6
2846 1552 3058 1614 Παῦλός
3087 1566 3219 1621 φησι
3250 1549 3377 1619 περὶ
3398 1547 3591 1616 αὑτοῦ,
3618 1547 3705 1600 δτι

2137 1674 2154 1706 ι
2183 1654 2297 1707 Ζῶν
2332 1653 2360 1705 6
2392 1651 2563 1719 Λόγος
2590 1647 2681 1701 τοῦ
2710 1643 2845 1699 Θεοῦ
2897 1642 3275 1710 καὶιὲνεργήςε
3312 1657 3330 1690 t
3365 1637 3709 1709 Δημιουργδς

2129 1738 2261 1807 γοῦν
2287 1739 2423 1799 ἐστι.
2452 1736 2546 1793 καὶ
2575 1735 2749 1788 πάντα
2777 1720 2967 1801 γέγονε
2993 1730 3060 1783 δι’
3084 1726 3269 1793 αὐτοῦ,
3301 1727 3393 1780 καὶ
3414 1725 3584 1798 χωρὶς
3608 1725 3712 1780 αὑ-

476 1842 646 1912 ipsum
675 1841 815 1898 facta
856 1850 999 1905 sunt,
1028 1850 1088 1913 et
1114 1841 1229 1895 sine
1263 1840 1378 1909 ipso
1410 1838 1607 1894 factum
1638 1846 1721 1893 est
1753 1836 1883 1890 nihil
1909 1836 1971 1888 “.
2004 1854 2023 1886 ι

2139 1829 2221 1882 τοῦ
2252 1828 2467 1895 ἐγένετο
2494 1824 2615 1879 οὐδὲ
2639 1825 2717 1877 ἓν.

1132 1951 1363 2008 ALIUD.

844 2066 926 2120 Ex.
965 2066 1245 2135 objections
1271 2065 1657 2120 hereticorum.

546 2197 661 2251 Non
686 2206 790 2259 est,
830 2196 1103 2265 inquiunt,
1144 2194 1396 2251 Christus
1438 2195 1617 2249 innata
1645 2203 1805 2265 atque
1837 2193 2033 2250 tnexsi-

474 2294 624 2341 stens
646 2286 750 2340 Deo
778 2286 1012 2355 potentia
1041 2300 1102 2340 ac
1126 2286 1411 2353 sapientia,
1444 2288 1537 2340 sed
1567 2284 1781 2340 diversa
1812 2286 2030 2355 quidem

476 2383 559 2432 est
602 2375 714 2441 illa,
754 2377 819 2431 de
865 2390 967 2444 qua
1017 2374 1217 2430 Paulus
1247 2375 1421 2443 inquit
1444 2375 1506 2441 “,
1539 2375 1761 2431 Eterna
1788 2381 1906 2445 ejus
1934 2392 2031 2445 po-

475 2466 643 2523 tentia
685 2474 739 2521 et
783 2466 958 2520 deitas
991 2486 1003 2521 :
1036 2466 1177 2522 alius
1220 2480 1351 2521 vero
1383 2465 1451 2519 ab
1485 2466 1586 2520 hac
1633 2474 1717 2520 est
1761 2464 2030 2533 Christus,

474 2558 699 2626 aliaeque
748 2556 928 2612 multa:
972 2571 1093 2611 cum
1148 2557 1267 2626 ipso
1317 2564 1609 2625 potestates
1655 2565 1709 2611 et
1757 2556 2035 2625 sapientiae

478 2647 780 2718 appellatae.
814 2646 973 2715 Atqui
1026 2646 1207 2702 innata
1252 2662 1327 2703 ac
1354 2663 1481 2703 vera
1528 2648 1621 2703 Dei
1675 2650 1911 2717 potentia
1950 2660 2033 2705 est

477 2738 712 2792 creatrix
745 2739 1120 2793 universorum
1142 2756 1173 2804 ς,
1193 2740 1272 2793 hae
1303 2755 1431 2795 vero
1466 2742 1533 2795 ab
1561 2742 1670 2811 ipsa
1701 2742 1859 2797 factae
1884 2753 2030 2807 sunt,

479 2827 689 2887 tametsi
740 2828 937 2881 eximia
990 2828 1237 2895 quaedam
1282 2829 1374 2884 Dei
1420 2832 1657 2898 potentia
1707 2847 1867 2902 supra
1905 2834 2034 2889 reli-

483 2933 616 2986 quas
646 2919 716 2973 sit
752 2918 1023 2984 Christus,
1059 2919 1261 2974 idcirco
1292 2918 1431 2974 facta
1460 2928 1517 2974 ut
1544 2921 1797 2975 virtutem
1841 2937 1905 2977 ac
1938 2939 2035 2994 po-

475 3006 698 3061 tentiam
733 3007 931 3061 tribuat
958 3008 1025 3062 iis
1054 3008 1142 3077 qui
1174 3023 1235 3062 ea
1265 3018 1426 3079 egent
1460 3027 1473 3063 :
1505 3018 1559 3065 et
1587 3012 1905 3080 sapientiam
1940 3016 2031 3071 det

475 3112 540 3151 ea
583 3098 880 3168 egentibus,
924 3108 1090 3167 utque
1129 3098 1273 3167 justa
1323 3100 1517 3154 elliciat
1551 3116 1667 3169 quae
1695 3101 1901 3169 iustitia
1942 3120 2034 3161 ca-

479 3195 621 3241 rent.
659 3185 751 3240 Est
788 3187 989 3256 itaque,
1021 3186 1193 3251 aiunt,
1226 3189 1407 3243 innata
1443 3190 1535 3245 Dei
1562 3193 1797 3260 potentia
1830 3194 2032 3262 princi-

2822 1936 3022 1989 AAAO.

2368 2050 2465 2115 Ὠς
2503 2047 2572 2113 ἐξ
2609 2046 2965 2112 ἀντιθέσεως
3003 2044 3120 2099 τῶν
3152 2044 3478 2116 ᾳὶρετικῶν.

2206 2182 2320 2234 Οὐκ
2350 2179 2485 2245 ἔστι,
2517 2179 2703 2247 φασὶν,
2730 2180 2759 2231 6
2784 2177 3018 2248 Χριστὸς
3055 2178 3089 2247 ἡ
3142 2176 3381 2247 ἔμφυτος
3413 2175 3509 2229 καὶ⁸
3537 2175 3711 2228 ἔνυπ-

2139 2273 2378 2343 ᾲρχουσα
2410 2270 2489 2339 τῷ
2513 2268 2632 2339 Θεῷ
2655 2268 2885 2338 δύναμις
2930 2267 3023 2319 καὶ
3063 2264 3241 2333 σοφία,
3273 2265 3389 2319 ἀλλ’
3410 2264 3575 2334 ἑτέρα
3611 2264 3714 2335 μὲν

2138 2362 2319 2432 ἐκείνη
2351 2361 2478 2430 περὶ
2500 2354 2569 2432 ἦς
2596 2360 2689 2411 καὶ
2712 2358 2740 2410 6
2756 2355 2971 2420 Παῦλός
3000 2371 3185 2425 φησιν,
3205 2355 3239 2425 ἦ
3262 2371 3323 2408 τε
3353 2353 3521 2419 ἀΐδιος
3541 2351 3712 2409 αὐτοῦ

2138 2453 2367 2523 δύναμις
2399 2451 2494 2505 καὶ
2521 2448 2713 2521 θεότης
2732 2465 2746 2480 °
2786 2448 2973 2519 ἕτερος
3009 2448 3066 2501 δὲ
3113 2449 3244 2518 παρ’
3273 2445 3490 2518 ικείνην
3516 2448 3546 2499 6
3570 2448 3713 2517 Χρι-

2140 2542 2290 2605 στὸς,
2328 2542 2423 2594 καὶ⁵
2466 2540 2649 2610 ἕτεραι
2686 2539 2877 2594 πολλαὶ
2913 2539 3011 2591 σὺν
3055 2536 3204 2608 αὐτῷ
3232 2537 3491 2607 δυνάμεις
3519 2554 3579 2590 τε
3613 2536 3715 2591 καὶ

2142 2634 2322 2702 σοφίαι
2365 2631 2712 2701 καλούμεναι.
2760 2631 2870 2683 Kal
2913 2631 2946 2697 ἡ
2986 2628 3083 2698 μὲν
3130 2628 3367 2697 ἔμφυτος
3407 2628 3574 2691 δντως
3614 2628 3715 2681 καὶ

2141 2723 2344 2794 ἀληθὴς
2368 2720 2459 2775 τοῦ
2489 2720 2624 2775 Θεοῦ
2657 2720 2909 2790 δύναμις,
2937 2718 3194 2789 ποιητικὴ
3226 2719 3334 2772 τῶν
3366 2718 3501 2771 ὅλων
3530 2718 3679 2772 ἐστίν
3697 2737 3713 2751 ο

2142 2814 2199 2867 αἱ
2237 2812 2292 2865 δὲ
2334 2810 2590 2879 γεγόνασι
2619 2810 2753 2881 παρ’
2777 2810 2967 2879 αὐτῆς,
2995 2810 3041 2862 εί
3074 2808 3165 2860 καί
3193 2824 3278 2870 τις
3314 2806 3589 2878 ἐξαίρετος
3616 2807 3713 2862 τοῦ

2141 2902 2273 2956 Θεοῦ
2300 2902 2527 2971 δύναμις
2556 2901 2706 2969 παρὰ
2754 2901 2851 2964 τὰς
2893 2900 3054 2965 ἄλλας
3083 2899 3315 2971 ὑπάρχει
3352 2898 3603 2970 Χριστὸς,
3630 2899 3715 2962 είς

2141 2992 2297 3046 τοῦτο
2312 2992 2598 3061 γενομένη,
2621 2992 2706 3045 ἵνα
2726 2990 3015 3061 δυναμὼσῃ
3036 2992 3105 3045 τὰ
3119 2991 3398 3061 δυνάμεως
3416 2989 3713 3060 χρῄζοντα*

2141 3084 2227 3137 ἵνα
2274 3082 2491 3153 σοφώσῃ
2526 3083 2595 3136 τὰ
2618 3083 2847 3153 δεόμενα
2898 3081 3187 3153 σοφισμοῦι
3216 3083 3303 3136 ἵνα
3344 3083 3608 3155 δικαιώσῃ
3644 3083 3718 3137 τὰ

2142 3173 2483 3243 δικαιοσύνην
2522 3174 2620 3227 οὐκ
2673 3172 2883 3244 ἔχοντα.
2907 3174 3093 3227 Ἔστιν
3133 3168 3246 3238 οὖν,
3297 3174 3482 3243 φησὶν,
3527 3176 3561 3245 ἡ
3614 3176 3717 3244 μὲν

477 3276 564 3345 pio
587 3289 777 3332 carens
809 3285 863 3331 et
890 3292 992 3332 non
1026 3277 1189 3343 facta,
1217 3279 1284 3333 ab
1307 3289 1509 3335 aeterno
1545 3238 1596 3336 in
1623 3280 1806 3338 Patre.
1830 3238 2032 3343 Ili'actus

2139 3262 2379 3333 ἔμφυτος
2404 3238 2498 3316 τοῦ
2529 3262 2664 3315 Θεοῦ
2696 3238 2923 3332 δῦναμις
2952 3262 3184 3336 ᾶναρχός
3206 3279 3265 3315 τε
3296 3238 3390 3315 καὶ
3422 3238 3713 3332 ἁγένηέος,

475 3376 559 3421 est
593 3375 767 3421 autem
800 3367 1051 3423 Christus
1095 3369 1252 3425 dictis
1284 3371 1349 3425 de
1392 3373 1588 3427 causis.
1636 3373 1694 3428 Si
1732 3388 1862 3429 vero
1894 3389 2034 3429 non-

480 3456 611 3510 nulli
644 3456 959 3515 existimant
991 3455 1265 3511 Christum
1298 3458 1471 3526 ipsum
1502 3476 1627 3517 esse
1665 3463 1911 3518 innatam
1940 3464 2034 3519 Dei

478 3547 797 3613 potentiam,
828 3547 953 3616 quia
979 3546 1176 3602 Paulus
1200 3550 1393 3605 scribit
1422 3564 1437 3605 :
1471 3569 1492 3603 ι
1522 3550 1769 3609 Christus
1795 3556 2034 3624 potentia

480 3633 597 3699 Dei,
639 3644 693 3689 et
745 3635 1009 3705 sapientia
1050 3636 1144 3691 Dei
1170 3636 1211 3669 ιτ
1244 3654 1260 3691 :
1295 3656 1314 3690 ι
1347 3638 1474 3707 quid
1530 3640 1710 3695 dicent
1755 3643 2038 3698 audientes

481 3721 644 3777 Deum
699 3723 962 3779 dicentem
1014 3726 1083 3780 de
1128 3740 1289 3781 eruca
1332 3745 1345 3782 :
1387 3745 1405 3780 ι
1436 3727 1679 3785 Potentia
1718 3732 1881 3802 178
1920 3747 2035 3787 mea

478 3825 667 3883 magna
695 3812 779 3866 "‘l
808 3832 827 3865 ι
860 3814 967 3868 Αυι
996 3815 1125 3884 quid
1155 3815 1376 3883 facient,
1419 3833 1540 3873 cum
1570 3820 1853 3875 Psalmista
1902 3822 2037 3877 mul-

478 3908 565 3958 tas
599 3901 697 3959 Dei
732 3904 957 3961 virtutes
990 3920 1053 3961 ac
1079 3908 1346 3974 potentias
1375 3919 1598 3975 statuat,
1628 3912 1814 3966 dicens
1842 3927 1854 3964 :
1891 3931 1908 3965 ‹
1941 3912 2037 3967 Be-

479 3992 710 4049 nedicite
741 3994 928 4060 Deum,
967 4010 1156 4050 omnes
1188 3998 1445 4065 potentiae
1474 3997 1587 4066 ejus
1611 4000 1653 4030 "
1679 3999 1701 4049 ?
1732 4016 1749 4048 ι

981 4193 1185 4250 Salutio
1209 4195 1529 4264 objectiont's.

548 4308 607 4366 Si
650 4308 852 4365 idcirco
896 4307 1075 4363 factus
1121 4316 1205 4363 est
1236 4306 1505 4374 Christus,
1539 4316 1597 4361 ut
1622 4307 1913 4377 justitiam,
1952 4324 2039 4364 sa-

479 4400 758 4470 pientiam,
796 4400 1049 4454 virtutem
1088 4400 1203 4454 sive
1232 4399 1525 4469 potentiam
1560 4398 1822 4469 largiatur
1852 4399 1918 4454 iis
1944 4400 2037 4469 qui

479 4490 758 4562 indigent:
791 4505 887 4545 nos
921 4504 1050 4561 ergo
1111 4505 1275 4545 causa
1347 4504 1536 4545 sumus
1578 4504 1674 4543 cur
1719 4489 1833 4555 ipse
1865 4488 2041 4544 factus

2137 3352 2318 3414 ἁῖδίως
2345 3353 2405 3405 ὲν
2434 3352 2628 3423 Πατρί.
2664 3351 2858 3419 Γέγονε
2886 3350 2942 3405 δὲ
2972 3352 3000 3404 6
3034 3350 3267 3424 Χριστὸς
3294 3352 3386 3404 ἐπὶ
3414 3354 3532 3415 ταῖς
3558 3353 3716 3423 εἰρη-

2141 3440 2329 3510 μέναις
2354 3440 2577 3502 αἰτίαις.
2605 3440 2669 3492 El
2696 3439 2753 3493 δὲ
2777 3437 3057 3507 νομίζουσί
3093 3454 3237 3501 τινες
3264 3438 3427 3493 αὑτὸν
3453 3433 3594 3493 εἶναι
3623 3440 3719 3494 τὸν

2137 3528 2371 3599 Χριστὸν
2400 3529 2498 3599 τὴν
2530 3527 2768 3599 ἔμφυτον
2816 3527 2909 3580 τοῦ
2958 3527 3091 3580 Θεοῦ
3126 3527 3356 3597 δύναμιν
3393 3528 3482 3582 διὰ
3512 3530 3574 3582 τὺ
3617 3546 3715 3599 γε·

2137 3621 2380 3691 γράφθαι
2416 3619 2569 3691 παρὰ
2599 3619 2831 3690 Παύλῳ·
2867 3638 2886 3670 ί
2914 3619 3148 3690 Χριστὸς
3188 3619 3323 3673 Θεοῦ
3364 3621 3595 3692 δύναμις
3617 3624 3717 3676 καὶ

2138 3708 2271 3762 Θεοῦ
2314 3710 2493 3778 σοφία,
2526 3728 2543 3760 ι
2590 3709 2642 3761 τί
2692 3708 2799 3779 ἄρα
2839 3708 3058 3778 ἐροῦσιν
3104 3707 3393 3773 ἀκούοντες
3434 3709 3526 3763 τοῦ
3576 3711 3715 3766 Θεοῦ

2138 3800 2389 3869 λέγοντος
2424 3800 2553 3871 περὶ
2583 3800 2681 3871 τῆς
2718 3800 2946 3870 κάμπης
2972 3817 2983 3829 ·
3027 3802 3131 3853 (Ἡ
3167 3786 3394 3869 δύναμίς
3430 3819 3531 3872 μου
3557 3804 3591 3873 ἠ
3620 3820 3716 3872 με·

2138 3888 2313 3961 γάληξ
2346 3911 2363 3943 ι
2399 3892 2465 3944 Τί
2509 3891 2565 3944 δὲ
2606 3892 2888 3962 ποιήσουσι
2924 3892 3125 3956 πολλὰς
3152 3892 3285 3947 Θεοῦ
3318 3893 3574 3964 δυνάμεις
3615 3912 3715 3965 ση-

2143 3982 2423 4052 μαίνοντος
2452 3981 2546 4034 τοῦ
2584 3981 2911 4052 Ψαλμῳδοῦ,
2951 3983 3016 4035 δι’
3042 3976 3118 4037 ὧν
3147 4000 3311 4054 φησιν
3330 3999 3345 4015 ’
3379 4003 3397 4036 ι
3428 3985 3711 4053 Εὑλογεῖτε

2138 4073 2228 4127 τὸν
2257 4073 2481 4146 Κύριον,
2508 4076 2676 4129 πᾶσαι
2708 4076 2761 4143 ai
2787 4074 3044 4144 δυνάμεις
3072 4075 3267 4143 αὑτοῦ;
3300 4096 3318 4127 ›

2628 4187 2774 4255 Πρὸς
2815 4187 2999 4241 ταῦτα
3036 4189 3238 4255 λύσις.

2209 4300 2271 4353 Ei
2311 4299 2399 4353 διὰ
2444 4297 2603 4351 τοῦτο
2644 4298 2868 4366 γέγονεν
2899 4299 2927 4351 6
2952 4298 3205 4369 Χριστὸς,
3238 4298 3325 4353 ἵνα
3353 4300 3615 4373 δικαιώσῃ
3643 4304 3713 4355 τὰ

2139 4389 2484 4461 δικαιοσύνης
2526 4390 2774 4461 δεόμενα,
2803 4390 2890 4443 ἴνα
2927 4389 3148 4463 σοφώσῃ
3180 4390 3247 4445 τὰ
3290 4392 3518 4462 δεόμενα
3560 4411 3736 4467 σοφιτ

2142 4481 2301 4550 σμοῦ,
2339 4482 2427 4536 ἵνα
2470 4478 2762 4551 δυναμώσῃ
2803 4478 2871 4534 τὰ
2911 4479 3191 4550 δυνάμεως
3235 4479 3523 4553 χρῄζοντα,
3549 4485 3714 4553 ἡμεῖς

476 4580 583 4646 sit;
629 4595 803 4649 neque
835 4578 1012 4635 factus
1046 4579 1238 4640 luisset
1293 4579 1459 4633 nostri
1505 4578 1718 4643 similis,
1758 4576 1858 4632 nisi
1897 4576 2032 4633 Deus

2140 4574 2247 4645 ἄρα
2296 4572 2445 4642 αὐτῷ
2489 4573 2793 4641 γεγόναμεν
2832 4571 2926 4624 τοῦ
2964 4567 3103 4624 εἴναι
3148 4572 3331 4635 αἴτιοι,
3374 4573 3467 4626 καὶ
3508 4574 3618 4627 οὐδ’
3646 4574 3713 4629 ἂν

482 4670 714 4738 primum
742 4667 810 4722 de
847 4666 1207 4737 producendis
1238 4666 1504 4722 creaturis
1537 4666 1846 4735 c0gitasset.
1882 4663 1947 4719 Et
1992 4667 2036 4719 si

482 4762 593 4816 hac
618 4760 729 4830 ipsa
770 4768 855 4814 est
886 4757 1055 4813 nostri
1080 4772 1209 4813 usus
1230 4772 1421 4824 causa,
1454 4771 1581 4828 ergo
1620 4757 2037 4811 instrumentum

476 4861 562 4905 est
590 4858 786 4909 nostra:
814 4848 1128 4913 creatiottis,
1154 4863 1261 4905 non
1294 4864 1360 4903 ex
1390 4848 1571 4918 seipso
1597 4847 1718 4902 talis
1747 4849 2036 4914 exsiStens,

477 4940 572 4996 sed
617 4941 685 4994 ita
715 4939 888 4995 lactus
928 4947 1149 5010 propter
1195 4955 1316 4997 nos.
1370 4938 1837 5006 Quemadmodum
1882 4938 2043 5006 igitur

476 5040 700 5085 vocatur
723 5030 985 5099 potentia,
1018 5038 1238 5100 propter
1273 5045 1335 5084 ea
1361 5030 1559 5099 quibus
1585 5030 1824 5095 potentia
1855 5029 2033 5099 datur,

477 5129 535 5176 et
579 5120 863 5190 sapientia,
910 5130 1132 5189 propter
1177 5132 1239 5174 ea
1279 5120 1473 5189 quibus
1506 5118 1771 5188 sapientia
1822 5118 2038 5175 confer-

482 5222 567 5267 tur
610 5229 625 5268 :
665 5211 740 5267 ita
790 5212 947 5265 etiam
1000 5211 1141 5267 illius
1188 5212 1499 5277 vocabitur,
1540 5220 1756 5282 propter
1796 5224 1891 5266 eos
1945 5212 2037 5281 qui

476 5302 614 5359 ﬁunt
641 5302 733 5357 ﬁlii
763 5322 776 5358 :
822 5302 1062 5371 nihilque
1093 5304 1198 5359 erit
1243 5305 1460 5374 proprie
1490 5318 1587 5375 per
1618 5319 1697 5373 se,
1734 5305 1828 5359 sed
1856 5304 2036 5359 omnia

478 5394 593 5449 haec
632 5402 847 5464 propter
880 5408 999 5449 nos.
1044 5392 1350 5464 Quopacto
1385 5396 1548 5466 igitur
1595 5394 1863 5450 constabit
1906 5393 2035 5449 illud

475 5485 619 5555 quod
660 5486 713 5539 in
755 5485 983 5541 Psalmis
1028 5485 1258 5553 canitur,
1304 5505 1322 5541 ι
1354 5487 1471 5558 Ipse
1515 5487 1643 5543 fecit
1676 5501 1794 5552 nos,
1839 5496 1894 5542 et
1928 5501 2034 5540 non

476 5576 579 5645 ipsi
621 5591 719 5633 nos
737 5576 784 5609 ’θ
840 5594 860 5630 ι
900 5576 947 5632 si
992 5590 1089 5634 nos
1130 5576 1204 5631 illi
1252 5592 1438 5634 sumus
1491 5588 1739 5633 auctores
1780 5584 1833 5633 et
1870 5590 2033 5633 causa

548 5748 772 5823 “Hebr.
803 5769 876 5823 tv,
908 5754 997 5811 η.
1080 5753 1124 5787 ¹⁸
1151 5752 1304 5811 Joan.
1339 5770 1375 5822 ι,
1406 5754 1460 5809 5.
1539 5753 1581 5785 ³⁸
1616 5752 1631 5807 Ι
1661 5752 1783 5809 Cor.
1816 5767 1853 5821 ι,
1882 5751 1972 5807 26.
2062 5748 2104 5782 "
2132 5748 2264 5805 Ibid.

474 5832 621 5885 sets,
653 5819 705 5873 3.

2140 4664 2353 4733 ἐγένετο
2379 4663 2497 4715 καθ’
2522 4664 2689 4733 ἡμᾶς,
2719 4664 2769 4714 εξ
2807 4660 2881 4733 μὴ
2909 4661 3041 4725 Θεὸς
3062 4661 3418 4716 ἐϐουλεύσατο
3451 4663 3712 4735 δημιουρα

2136 4756 2300 4824 γῆσαι
2351 4752 2421 4826 τὰ
2468 4752 2690 4822 γενητά.
2722 4752 2828 4804 Kal
2879 4753 2927 4804 εί
2961 4753 3060 4821 τῆς
3113 4753 3269 4823 ἡμῶν
3311 4753 3471 4807 ἕνεκα
3522 4757 3715 4826 χρείας

2136 4845 2310 4899 ταῦτὰ
2358 4846 2541 4907 ἔστιν,
2585 4843 2815 4914 δργανον
2856 4844 2962 4915 ἄρα
3000 4845 3099 4915 τῆς
3146 4845 3303 4915 ἡμῶν
3347 4847 3715 4919 δημιουργίας

2138 4937 2304 5001 ἐστὶν,
2339 4934 2439 4988 οὐκ
2485 4932 2545 4997 ἐξ
2582 4932 2774 4987 ἑαυτοῦ
2818 4934 3056 4997 τοιοῦτος
3101 4935 3382 5006 ὑπάρχων,
3424 4936 3540 4991 ἀλλ’
3568 4937 3714 5007 οὕτω

2142 5024 2380 5095 γεγονὼς
2428 5024 2497 5077 δι’
2524 5019 2821 5095 ήμᾶς.*Λρ⁴
2851 5020 2942 5077 οῦν
2985 5024 3173 5094 ὥσπερ
3202 5025 3444 5080 καλεῖται
3481 5026 3713 5099 δύναμις

2141 5118 2231 5172 διὰ
2273 5118 2340 5171 τὰ
2369 5115 2767 5187 δυναμούμενα,
2794 5117 2889 5171 καὶ
2936 5116 3096 5184 σοφία
3139 5116 3228 5170 διὰ
3265 5118 3332 5170 τὰ
3376 5119 3710 5189 σοφούμενα,

2140 5209 2281 5263 οὕτω
2310 5210 2405 5262 καὶ
2441 5209 2469 5261 6
2503 5208 2624 5270 Υἱὸς
2650 5207 2737 5261 διὰ
2764 5206 2832 5260 τὰ
2858 5206 3261 5278 υίοποιούμενα,
3290 5209 3382 5262 καὶ
3406 5210 3560 5263 οὐδέν
3593 5213 3711 5265 ἐστι

2140 5302 2343 5373 κυρίως
2371 5300 2439 5353 δι’
2469 5299 2677 5361 ἑαυτὸν,
2706 5298 2881 5353 πάντα
2908 5299 2962 5353 δὲ
2988 5300 3158 5353 ταῦτα
3184 5300 3248 5355 δι’
3272 5304 3437 5371 ἡμᾶς.
3471 5303 3595 5368 Πῶς
3618 5301 3712 5358 οὖν

2142 5393 2449 5463 σωθήσεται
2474 5392 2533 5445 τὸ
2573 5394 2630 5445 ὲν
2653 5388 2905 5461 Ψαλμοῖς
2927 5392 3185 5463 ᾀδόμενον
3204 5409 3217 5423 ο
3248 5412 3267 5443 ι
3294 5393 3467 5458 Αὐτὸς
3486 5396 3712 5466 ἐποίησε

2138 5484 2308 5553 ἡμᾶς,
2342 5482 2434 5534 καὶ
2458 5480 2555 5549 οὐχ
2582 5483 2759 5555 ἡμεῖς,
2790 5500 2808 5533 ι
2839 5481 2996 5552 εἴπερ
3033 5485 3196 5551 ἡμεῖς
3228 5474 3376 5553 αὐτῷ
3398 5482 3712 5555 δεδώκαμεν

2139 5571 2231 5625 τοῦ
2266 5569 2406 5626 εἶναι
2436 5570 2533 5634 τὰς
2564 5570 2772 5637 αίτίας;
2798 5572 2858 5624 Ei
2893 5572 3000 5643 γὰρ
3028 5574 3120 5626 καὶ
3151 5574 3313 5638 αὐτὸς
3347 5575 3589 5644 φαίνοιτο
3615 5577 3713 5647 τῆς

2368 5745 2411 5778 ⁸⁸
2438 5744 2551 5802 Joel
2576 5761 2636 5814 ll,
2662 5744 2752 5803 25.
2837 5747 2879 5778 "
2910 5744 3054 5801 Psal.
3079 5762 3300 5817 CXLVIII,
3346 5749 3401 5802 2.
3488 5748 3534 5782 ⁸⁸
3563 5748 3707 5806 Psal.
