3968 6524
256 510 339 568 301
1624 495 2063 554 TllESAURUS.

3409 490 3516 548 502

258 629 510 700 ποιήσεως
546 627 701 697 ἡμῶν
738 626 1067 699 αὐτουργὸς,
1095 626 1208 681 ἀλλ’
1233 627 1392 697 ἡμεῖς
1427 623 1576 695 αὐτῷ
1606 623 1835 690 γεγόνα-

1977 619 2278 676 xsistendi?
2318 618 2429 672 Etsi
2487 616 2630 671 enim
2672 615 2918 672 videatur
2975 614 3270 670 crcationis
3314 624 3519 670 nostra:

258 734 353 789 μεν
399 715 489 769 τοῦ
532 710 775 768 εἶναιτὰ
806 712 1126 785 σπέρματα,
1158 715 1253 767 καὶ
1290 712 1378 765 διὰ
1420 711 1519 781 τὴν
1561 708 1835 780 ἡμετέραν

257 807 437 879 χρείαν
480 804 727 876 ἐκτίσθη,
758 805 887 858 καθ’
921 805 1302 875 ὑμᾶς.’¹Ωσπερ
1328 803 1519 874 ἀμέλει
1549 801 1643 854 καὶ
1684 800 1712 852 6
1750 799 1838 851 οὐ·

259 899 431 969 ρανὸς,
464 899 550 951 ῐνα
585 895 837 967 καλύπτῃ
888 896 1015 959 τοὺς
1064 896 1157 947 ἐπὶ
1208 896 1332 965 γῆς,
1366 894 1459 947 καὶ
1496 896 1524 945 6
1556 892 1706 963 ἥλιος
1752 890 1838 942 ἵνα

257 988 417 1058 φαίνῃ
445 988 559 1048 τοῖς
585 986 766 1055 φωτὸς
794 984 1069 1047 δεομένοις
1092 1000 1105 1013 ·
1142 985 1233 1037 καὶ
1267 985 1300 1053 ἡ
1332 983 1402 1052 γῆ
1431 982 1486 1035 δὲ
1514 981 1716 1051 ὁμοίως
1751 980 1839 1031 ἴνα

256 1078 422 1147 τρέφῃ
451 1077 524 1129 τὰ
546 1077 757 1149 τροφῆς
784 1076 1037 1147 δεόμενα.
1066 1076 1176 1129 Καὶ
1218 1076 1279 1127 τὸ
1325 1073 1575 1144 περιττὸν
1599 1072 1753 1126 οὐδὲν
1781 1075 1839 1125 ἐν

262 1167 367 1238 fit?)
397 1168 493 1221 καὶ
524 1169 843 1239 κτίσμασιν,
871 1169 925 1221 εῐ
954 1185 1017 1237 γε
1056 1169 1152 1221 καὶ
1176 1169 1339 1232 αὐτὸς
1366 1167 1442 1231 ὼς
1474 1168 1661 1221 ἐκεῖνα
1685 1165 1838 1229 τάξιν

258 1257 364 1331 εχει
401 1261 501 1331 τὴν
529 1260 874 1332 ὑπουργικήν
893 1277 908 1294 ο
942 1258 1111 1329 φεῦγε
1142 1259 1236 1313 τοῦ
1264 1258 1423 1329 λόγου
1452 1258 1552 1331 τὴν
1582 1257 1836 1313 ἀτοπίαν.

695 1554 903 1618 ΔΛΔΟ,
941 1554 1010 1607 ἐκ
1048 1553 1166 1608 τῶν
1201 1552 1418 1610 αὐτῶν.
1766 1500 1805 1521 Ι

337 1663 654 1734 ὐμολογεῖς
708 1665 805 1717 καὶ
850 1665 1019 1729 ἄκων,
1051 1666 1317 1736 αίρετικὲ,
1348 1665 1447 1737 τὴν
1478 1665 1716 1736 ἔμφυτον
1746 1667 1840 1719 τοῦ

262 1755 389 1808 Θεοῦ
417 1756 615 1824 σοφίαν
654 1755 753 1807 καὶ
792 1755 1042 1827 δύναμιν,
1076 1757 1356 1829 ἀγενήτως
1388 1759 1718 1828 ἐνυπάρχειν
1751 1759 1846 1811 αὐ-

262 1849 360 1919 τῷ·
393 1850 525 1902 ὅταν
566 1844 661 1901 οὖν
712 1847 951 1918 ἀκούσῃς
978 1847 1241 1919 ἀγένητον
1266 1848 1358 1901 τὸν
1394 1848 1539 1911 Υίὸν,
1573 1848 1647 1919 μὴ
1682 1849 1844 1902 πάλιν

1938 727 2061 768 esse
2104 711 2307 782 opifex,
2344 723 2444 763 nos
2477 717 2657 767 tamen
2706 722 2892 763 sumus
2933 720 3093 761 causa
3139 715 3195 760 et
3221 706 3379 775 quasi
3428 718 3520 759 se-

1939 804 2087 859 mina
2120 802 2290 873 ipsius
2321 798 2676 864 cxsistentiae,
2715 809 2770 852 et
2800 798 2854 851 in
2891 804 3136 852 nostrum
3172 811 3329 851 usum
3364 810 3519 850 crea-

1942 906 2026 951 tus
2060 904 2166 959 est,
2206 904 2266 949 ut
2294 908 2391 948 vos
2418 892 2605 947 vultis.
2638 890 3110 957 Quemadmodum
3140 889 3372 943 fortasse
3410 900 3525 942 coe-

1942 986 2051 1041 lnm
2082 994 2142 1041 ut
2168 994 2313 1056 tegat
2349 1000 2443 1041 eos
2467 983 2561 1053 qui
2594 982 2647 1036 in
2680 983 2843 1038 terris
2868 989 3016 1047 sunt,
3048 990 3101 1036 et
3141 979 3218 1035 sol
3260 989 3319 1033 ut
3343 978 3523 1032 luceat

1943 1078 2011 1133 iis
2045 1077 2135 1153 qui
2180 1068 2385 1131 lumine
2432 1084 2616 1157 egeat,
2664 1084 2718 1130 et
2754 1082 2899 1128 terra
2943 1084 3001 1127 ut
3049 1072 3252 1126 nutriat
3293 1086 3355 1125 ea
3403 1086 3525 1140 qua-

1946 1169 2278 1225 nutrimento
2310 1169 2577 1238 indigent.
2614 1169 2792 1237 Atque
2826 1167 2901 1222 ita
2927 1165 3061 1219 nihil
3092 1164 3323 1233 amplius
3350 1163 3403 1219 in
3437 1162 3525 1217 Fi-

1944 1258 2036 1325 lio,
2080 1274 2244 1329 quam
2290 1258 2345 1312 in
2386 1257 2692 1323 creaturis;
2740 1256 3008 1326 siquidem
3053 1265 3109 1310 et
3139 1254 3256 1324 ipse
3301 1254 3526 1323 perinde

1944 1360 2106 1419 atque
2148 1349 2254 1405 illa:
2300 1349 2646 1404 ministrandi
2684 1362 2883 1403 munus
2925 1347 3087 1401 habet
3117 1365 3130 1401 :
3156 1348 3297 1417 quod
3333 1346 3385 1400 in
3419 1346 3534 1416 pri—

1946 1445 2050 1500 mis
2075 1443 2369 1499 absurdum
2402 1451 2504 1498 est.
3546 1436 3563 1448 ’

2452 1553 2684 1622 ALIUD,
2714 1573 2778 1611 ea:
2805 1558 3012 1611 iisdem.

2021 1676 2235 1731 Fateris
2265 1674 2425 1730 etiam
2455 1673 2679 1741 invitus,
2709 1673 2989 1738 haeretice,
3032 1672 3274 1725 innatam
3312 1670 3405 1725 Dei
3438 1686 3526 1725 sa-

1949 1768 2212 1838 pientiam
2242 1781 2307 1822 ac
2332 1765 2630 1836 potentiam
2665 1764 2962 1818 increatam
2998 1762 3049 1816 in
3080 1764 3194 1830 ipso
3217 1760 3485 1816 exsistere
3515 1781 3527 1813 :

1950 1874 2073 1914 cum
2124 1858 2293 1929 igitur
2328 1856 2522 1911 audies
2562 1854 2859 1925 ingenitum
2899 1868 3023 1909 esse
3050 1852 3271 1917 Filium,
3300 1868 3369 1905 ne
3412 1865 3529 1905 rur-

264 1940 380 2009 λιγε
399 1958 412 1971 σ
444 1939 550 1993 Δύο
576 1936 675 1994 οὖν
702 1938 958 2010 ἀγένητα.
992 1940 1168 2011 Αὐτὴν
1193 1940 1250 1993 δὲ
1280 1940 1486 2009 ταύτην
1507 1940 1604 2012 τὴν
1629 1942 1687 1993 ὲν
1728 1940 1846 2012 Θεῷ

1972 1966 2069 2005 lum
2127 1949 2315 2003 dicas:
2353 1947 2466 2002 Duo
2512 1946 2676 2017 igitur
2713 1955 2841 2000 sunt
2873 1943 3133 2015 ingenita.
3176 1941 3331 1997 Hanc
3386 1942 3531 1996 enim

268 2032 451 2101 σοφίαν
478 2033 575 2085 καὶ
602 2030 836 2099 δύναμιν
869 2032 1147 2102 ἀγενήτως
1172 2050 1231 2085 τε
1264 2034 1358 2086 καὶ
1396 2034 1637 2103 ἀχρόνως
1668 2032 1845 2105 ὑπάρ-

265 2138 461 2193 χουσαν
492 2122 827 2193 πιστεύομεν
852 2118 992 2175 εἶναι
1012 2123 1105 2177 τὸν
1127 2123 1277 2187 Υίὸν,
1298 2124 1356 2186 ὃς
1378 2124 1471 2176 καὶ
1498 2124 1675 2178 πάντα
1703 2124 1849 2195 δεδη-

268 2214 593 2286 μιούργηκε,
611 2214 706 2269 καί
726 2214 791 2266 δι’
819 2216 965 2285 ἡμᾶς
990 2214 1183 2283 γέγονε
1213 2214 1369 2285 σὰρξ,
1393 2215 1535 2269 κατὰ
1554 2218 1655 2286 τὴν
1672 2215 1849 2269 Ἰωάν-

266 2324 352 2362 νου
382 2309 597 2378 φωνήν.

269 2422 468 2485 ΑΑΔΟ,
512 2420 595 2486 ὡς
631 2420 702 2473 ὲν
735 2419 1081 2491 ἐρωτήσεως
1120 2422 1405 2491 σχήματι,
1426 2422 1853 2490 ἀποδεικτικὴν

830 2491 978 2560 ἕχον
1013 2490 1295 2564 δύναμιν.

333 2602 488 2656 Διατί
530 2600 599 2655 τὰ
649 2602 830 2656 πάντα
866 2605 895 2656 6
938 2605 1130 2675 Πατὴρ
1180 2605 1475 2675 ἐργάζεται
1522 2605 1592 2660 δι’
1620 2606 1850 2675 Υἱοῦςῆ

268 2696 404 2749 διατί
453 2694 620 2747 πάλιν
652 2695 709 2746 ὲν
754 2694 834 2765 τῷ
875 2694 1017 2766 ἁγίῳ
1049 2696 1384 2768 βαπτίσματι
1411 2698 1506 2752 καὶ
1545 2701 1573 2751 6
1607 2697 1735 2760 Υἱὸς
1778 2696 1855 2766 τῷ

270 2786 441 2857 Πατρὶ
493 2784 1037 2855 συγκατονομάξεται
1065 2802 1080 2852 ;
1116 2788 1283 2841 ·Διατί
1310 2788 1370 2841 δὲ
1407 2789 1642 2858 γενητῆς
1675 2786 1854 2857 ὑπάρ-

271 2895 374 2947 χων
396 2878 637 2946 φύσεως,
671 2877 795 2931 καθ’
828 2878 995 2947 ὑμᾶς,
1023 2878 1444 2949 συναριθμεῖται
1469 2878 1548 2949 τῷ
1572 2878 1854 2943 κτίσαντι;

272 2969 362 3032 Τίς
404 2970 463 3023 δὲ
513 2968 673 3040 χρεία
712 2968 806 3022 τοῦ
836 2970 1210 3039 πεποιημένου
1254 2973 1334 3033 είς
1371 2970 1473 3041 τὴν
1500 2970 1607 3024 τῶν
1642 2970 1857 3024 πάντων

271 3060 551 3112 τελείωσιν
584 3059 678 3112 καὶ
715 3059 1021 3129 ἁγιασμόν;
1075 3060 1199 3123 Πῶς
1224 3060 1280 3113 δὲ
1317 3060 1511 3130 βοηθὸν
1544 3061 1707 3114 αὑτὸν
1740 3062 1859 3113 ἐπι·

274 3149 622 3220 καλούμεθας
658 3150 855 3203 Καίτοι
904 3149 1074 3203 πολλὰ
1122 3151 1219 3221 μὲν
1252 3152 1347 3204 καὶ
1388 3152 1551 3221 ἔτερα
1584 3151 1859 3221 κτίσματα

274 3240 535 3307 γεγονότα
574 3238 846 3307 φαίνεται,
879 3238 1012 3293 ἀλλὰ
1045 3240 1251 3294 τούτων
1282 3237 1435 3295 οὐδὲν
1481 3244 1562 3305 είς
1603 3242 1702 3312 τὴν
1751 3242 1860 3295 τῶν

275 3300 802 3401 εἰρημένων-χρείαν
830 3300 1320 3400 παραλαμϐάνεται
1341 3346 1355 3360 ·
1400 3300 1562 3400 μόνος
1592 3300 1706 3385 δὲἰδ
1736 3332 1860 3395 Υίὸς
1888 3300 1935 3360 c

276 3422 358 3478 ἀεὶ
390 3421 759 3491 συνυπάρχων
792 3422 873 3492 τῷ
902 3420 1093 3493 Πατρί.
1132 3423 1290 3474 Ποῖον
1330 3421 1439 3493 γὰρ
1466 3422 1577 3493 ἔχει
1608 3422 1784 3491 λόγον,
1816 3425 1863 3476 εί

280 3513 349 3585 μὴ
382 3514 518 3575 Θεὸς
543 3512 780 3584 ὑπάρχοι
812 3513 906 3565 καὶ
940 3513 1124 3577 αὐτὸς,
1161 3514 1239 3577 είς
1272 3514 1495 3582 κτίστην
1523 3514 1618 3567 καὶ
1662 3512 1863 3583 κτίσμα

276 3608 370 3677 τὴν
422 3607 609 3659 πίστιν
654 3605 1061 3674 κυρήττεσθαι;
1104 3605 1257 3657 Διατί
1304 3605 1360 3658 δὲ
1412 3606 1506 3660 καὶ
1535 3594 1866 3676 δημιουργὸς

276 3698 625 3769 ὀνομάζεται,
658 3697 705 3749 εί
745 3696 820 3765 μὴ
848 3695 1005 3749 τοῦτό
1030 3698 1145 3748 ἐστι
1180 3695 1322 3748 κατὰ
1355 3695 1516 3765 φύσιν
1546 3697 1683 3767 ὅπερ
1717 3697 1812 3749 καὶ
1840 3699 1867 3750 6

279 3790 501 3857 Πατήρ;
532 3788 643 3841 Καὶ
676 3787 784 3858 μὴν
822 3787 983 3851 αὐτὸς
1022 3786 1225 3857 ἔφησεν
1258 3789 1286 3839 6
1315 3788 1469 3850 Υἱός·
1515 3808 1533 3839 ι
1564 3789 1747 3842 Πάντα
1768 3789 1868 3842 ὅσα

281 3882 388 3951 ἔχει
417 3882 445 3932 6
482 3879 696 3949 Πατὴρ,
731 3877 842 3949 ἐμά
872 3880 1011 3930 ὲστι.
1050 3880 1234 3948 »Ἔχει
1259 3878 1315 3930 δὲ
1344 3882 1371 3931 6
1397 3880 1586 3949 Πατὴρ
1614 3879 1673 3931 τὸ
1706 3880 1867 3933 δυνασ-

282 3970 403 4025 σθαι
426 3972 804 4040 δημιουργεῖν,
831 3970 990 4023 τοῦτο
1021 3972 1114 4024 καὶ
1143 3972 1201 4023 ὲν
1226 3970 1339 4041 Υἱῴ
1366 3970 1616 4033 σώζεται.
1636 3972 1867 4042 Ὁμοίως

281 4064 341 4117 τὸ
368 4063 644 4131 ἀγιάζειν,
684 4062 745 4115 τὸ
773 4062 989 4127 σώζειν,
1022 4063 1117 4116 καὶ
1156 4063 1257 4117 ὅσα
1289 4064 1487 4135 πρέπει
1526 4064 1664 4134 Θεῷ,
1690 4066 1867 4120 πάντα

282 4154 347 4207 δι’
377 4156 531 4208 Υἱοῢ.
562 4154 795 4207 Σύνεστι
828 4153 938 4223 γὰρ
972 4154 1059 4207 ἀεὶ
1094 4153 1173 4224 τῷ
1208 4157 1403 4225 Πατρὶ,
1438 4155 1514 4218 ὡς
1544 4155 1621 4226 τῷ
1648 4158 1786 4224 φωτὶ
1810 4156 1870 4208 τὸ

283 4244 647 4316 ἀπαύγασμα.
694 4244 829 4308 Θεὸς
860 4247 967 4316 ἄρα
1005 4238 1154 4309 Υἱὸς,
1184 4246 1245 4298 οὐ
1286 4248 1671 4318 πεποιημένος,
1697 4250 1868 4302 καθά-

285 4352 388 4408 περ
443 4339 645 4390 ἐκεῖνοι
700 4337 1023 4406 ψευδόμενοι
1066 4336 1338 4403 λέγουσιν,
1377 4338 1492 4390 ἀλλ’
1522 4340 1587 4391 ὲκ
1629 4341 1726 4411 τῆς
1776 4339 1868 4393 τοῦ

286 4429 496 4499 Πατρὸς
528 4428 718 4491 οὐσίας
748 4428 1028 4500 προελθὼν
1057 4430 1279 4500 γνήσιον
1306 4428 1569 4500 γέννημα.

798 4551 1156 4635 ΛΟΓΟΣ
1231 4550 1378 4635 ΙΖ’.

289 4704 417 4759 Ὀτι
453 4707 573 4759 τῶν
603 4707 957 4778 προσόντων
1005 4707 1085 4771 τῷ
1146 4707 1275 4773 Υἰῷ,
1319 4709 1499 4763 οὐδὲν
1552 4712 1627 4778 τῇ
1671 4710 1865 4766 κτίσει

356 4778 651 4850 πρόσεστι
706 4775 996 4850 φυσικῶς
1058 4777 1257 4850 πάντα
1298 4778 1367 4850 δὲ
1412 4781 1481 4833 ἐκ
1522 4775 1786 4850 μετοχῆς
1826 4783 1861 4849 ἢ

356 4846 482 4917 θέσθ’
513 4846 803 4917 ᾀμοίωσιν
844 4846 959 4912 τὴν
1014 4848 1165 4914 πρὸς
1198 4848 1306 4900 τὸν
1336 4846 1580 4902 διδόντα
1608 4846 1796 4917 saepe?
1834 4846 1865 4904 ὁ

355 4913 422 4987 se
451 4915 584 4987 nec
612 4920 722 4987 οὐχ
754 4917 962 4980 οὕτως.
1006 4913 1217 4985 Διόπερ
1255 4917 1457 4985 ἕτερος
1489 4913 1624 4987 napi
1648 4913 1861 4987 α’ῠτήν.

358 4985 424 5037 Et
454 4985 523 5037 δὲ
545 4985 743 5049 τοῦτο,
765 4986 875 5037 οὐκ
901 4986 1013 5053 ἄρα
1034 4988 1257 5054 κτίσμα
1282 4988 1475 5042 ἐστίν.

735 5114 1055 5183 Ἀπολογία
1090 5118 1167 5168 αὐ
1177 5118 1424 5181 τολεξεί.

361 5224 421 5275 Ei
448 5224 662 5293 πᾶσαὴ
716 5224 892 5287 κτίσις
922 5225 979 5276 ἐν
1032 5226 1225 5297 ἀγνοίᾳ
1268 5228 1572 5299 καθέστηκε
1626 5234 1693 5300 τῇ
1740 5233 1866 5302 περὶ

293 5311 381 5365 τὸν
418 5312 672 5383 Πατέρα,
720 5313 897 5376 οὐδεὶς
936 5314 1043 5383 γὰρ
1090 5311 1197 5369 οἵδε
1248 5316 1331 5379 τίς
1374 5318 1522 5371 ἐστιν
1571 5320 1597 5372 6
1634 5320 1861 5392 Πατὴρ,

298 5394 396 5455 οἶδε
419 5404 474 5456 δὲ
505 5406 665 5476 μόνος
699 5406 728 5455 6
752 5405 900 5468 Υἱὸς,
930 5407 1026 5458 οὐκ
1052 5406 1159 5477 ἄρα
1194 5408 1399 5480 κτίσμα
1420 5413 1701 5481 τυγχάνει.

973 5520 1174 5573 ΛΛΛΟ.

366 5622 421 5675 Εί
453 5626 617 5695 μηδὲν
647 5626 760 5680 τῶν
798 5629 1096 5696 γεγονότων
1144 5632 1260 5686 ἐστὶ
1296 5633 1451 5703 φύσει
1491 5636 1644 5701 Θεὸς,
1702 5639 1867 5708 φύσει

299 5708 347 5764 5}
369 5713 491 5780 Θεὸς
527 5720 553 5771 6
585 5718 733 5784 Υἱὸς,
766 5719 870 5772 οὐκ
902 5719 1006 5791 ἄρα
1063 5721 1169 5774 τῶν
1223 5728 1517 5794 γεγονότων
1564 5730 1731 5787 ἐστίν.
1759 5728 1867 5787 Ἶίν

355 5894 390 5924 "
422 5892 577 5961 Joan.
610 5912 649 5967 I,
682 5896 767 5952 ιι.
851 5898 897 5929 ’⁸
927 5896 1079 5954 Juan.
1119 5915 1227 5966 ττι,
1264 5903 1344 5957 lii.

1954 2043 2123 2114 ipsam
2162 2040 2214 2095 in
2258 2040 2365 2095 Deo
2406 2037 2728 2110 sapientiam
2778 2045 2833 2093 et
2861 2036 3159 2107 potentiam
3207 2034 3534 2096 increatam,

1952 2144 2117 2204 atque
2167 2133 2237 2188 ab
2281 2141 2495 2187 aeterno
2546 2130 2647 2200 ipsi
2703 2129 3110 2185 ineasistentem
3158 2126 3358 2183 Filium
3414 2142 3536 2181 csse

1954 2224 2245 2289 credimus,
2277 2223 2367 2292 qui
2398 2222 2580 2277 omnia
2623 2218 2851 2287 creavit,
2891 2228 2946 2275 et
2974 2227 3195 2290 propter
3230 2232 3353 2283 nos,
3381 2215 3534 2289 juxta

1953 2314 2178 2372 Joannis
2198 2327 2387 2370 vocem
2411 2314 2479 2379 ",
2511 2314 2686 2369 factus
2721 2322 2807 2369 est
2830 2328 2975 2369 caro.

1954 2426 2188 2492 ALIUD,
2236 2441 2329 2495 per
2369 2423 2856 2495 interrogationem,
2904 2420 3380 2476 demonstrationis
3432 2422 3537 2474 vim

2645 2493 2861 2547 habens.

2028 2610 2389 2676 Quamobrem
2436 2611 2595 2662 Pater
2639 2606 2819 2660 omnia
2868 2619 2964 2675 per
3009 2603 3203 2658 Filium
3250 2605 3540 2673 operatur?

1957 2710 2052 2755 aut
2089 2715 2258 2770 quare
2300 2700 2354 2754 in
2402 2708 2611 2755 sancto.
2636 2697 2963 2767 baptismate
3000 2699 3162 2751 etiam
3211 2696 3382 2751 Filius
3418 2710 3541 2750 cum

1960 2789 2122 2847 Patre
2172 2790 2523 2845 nominatur?
2570 2788 2687 2857 Qua
2738 2791 2805 2845 de
2850 2790 3017 2843 causa
3062 2787 3250 2849 etiam,
3299 2802 3423 2841 cum
3474 2787 3541 2841 sit

1959 2889 2159 2936 creatae
2206 2890 2445 2944 naturae,
2489 2890 2550 2934 ut
2596 2894 2693 2934 vos
2747 2880 3070 2948 opinamini,
3122 2886 3549 2932 connumeratur

1962 2971 2240 3029 creatori?
2284 2971 2415 3038 Quae
2468 2986 2597 3027 vero
2649 2972 2947 3027 necessitas
2999 2978 3119 3025 erat
3164 2979 3430 3025 creaturae
3482 2970 3550 3024 ad

1961 3064 2204 3118 omnium
2236 3060 2621 3132 perfectionem
2664 3072 2718 3118 et
2749 3062 3280 3119 sanctiﬁcationem?
3316 3063 3424 3118 Aut
3453 3078 3551 3117 cur

1963 3154 2344 3210 auxiliatorem
2416 3165 2663 3209 nostrum
2730 3155 3086 3211 invocamus?
3142 3156 3307 3223 Atqui
3369 3154 3553 3209 multa:

1965 3246 2128 3300 etiam
2157 3246 2275 3301 aliae
2305 3255 2573 3301 creaturae
2600 3246 2757 3302 facta:
2783 3257 3082 3317 apparent:
3106 3247 3270 3318 179
3290 3247 3384 3303 sed
3408 3246 3549 3301 nulla

1968 3338 2158 3392 harum
2190 3339 2256 3393 ad
2288 3339 2574 3406 praedictos
2605 3354 2738 3394 usus
2772 3341 3243 3405 accommodatur,
3284 3340 3376 3394 sed
3404 3339 3550 3395 solus

1967 3425 2139 3480 Filius
2168 3440 2381 3495 semper
2401 3428 2741 3481 coexsistens
2767 3426 2938 3481 Patri.
2975 3426 3236 3493 Quaenam
3266 3428 3418 3495 igitur
3462 3442 3551 3480 ra-

1971 3515 2045 3570 tio
2078 3523 2181 3581 est,
2208 3516 2255 3569 si
2291 3516 2404 3584 ipse
2437 3530 2544 3569 non
2577 3514 2648 3569 sit
2681 3515 2844 3580 Deus,
2885 3515 2939 3570 in
2973 3526 3278 3570 creatorem
3309 3524 3364 3568 et
3392 3528 3547 3568 crea-

1970 3617 2144 3660 turam
2181 3603 2437 3659 credere?
2470 3605 2578 3658 Aut
2616 3620 2784 3674 quare
2822 3616 3040 3661 creator
3078 3616 3327 3672 vocatur,
3361 3612 3405 3660 si
3436 3621 3545 3661 non

1969 3708 2053 3754 est
2074 3706 2265 3751 natura
2295 3698 2344 3750 id
2375 3696 2517 3765 quod
2543 3695 2736 3751 Pater?
2762 3697 2826 3751 At
2860 3711 2988 3752 vero
3020 3696 3187 3751 Filius
3220 3698 3296 3751 ait
3323 3717 3336 3752 :
3367 3716 3384 3749 ι
3420 3697 3551 3753 Οιη-

1972 3789 2059 3843 nia
2104 3803 2223 3857 qua:
2270 3788 2435 3843 habet
2481 3788 2640 3842 Pater
2691 3804 2810 3843 mea
2866 3789 3075 3842 sunt“.
3109 3806 3128 3839 ι
3171 3786 3331 3841 Pater
3373 3800 3554 3843 autem

1973 3879 2135 3933 habet
2169 3879 2481 3933 facultatem
2516 3878 2759 3942 creandi,
2794 3879 2956 3932 habet
2988 3892 3117 3948 ergo
3147 3887 3202 3930 et
3237 3876 3425 3932 Filius.
3466 3878 3554 3931 Si-

1972 3970 2177 4023 militer
2199 3981 2252 4022 et
2275 3968 2637 4031 sanctiﬁcare,
2662 3978 2717 4023 et
2745 3983 2986 4033 servare,
3012 3980 3064 4022 et
3089 3984 3423 4038 quacunque
3448 3970 3557 4023 Deo

1974 4063 2328 4124 conveniunt,
2372 4061 2551 4115 omnia
2586 4076 2684 4131 per
2721 4059 2944 4114 Filium.
3002 4060 3230 4128 Semper
3270 4062 3416 4114 enim
3449 4078 3554 4114 una

1974 4171 2094 4209 cum
2147 4155 2305 4209 Patre
2353 4154 2586 4221 exsistit,
2634 4152 3088 4222 quemadmodum
3139 4152 3398 4221 splendor
3434 4168 3555 4207 cum

1975 4247 2201 4300 lumine.
2252 4246 2394 4300 Deus
2442 4247 2625 4313 itaque
2659 4253 2743 4299 est
2787 4244 2978 4307 Filius,
3030 4257 3134 4297 non
3176 4243 3377 4308 factus,
3418 4245 3557 4299 sicut

1976 4339 2049 4392 illi
2083 4338 2408 4392 mentientes
2438 4345 2710 4400 asserunt,
2743 4336 2836 4390 sed
2880 4335 3199 4389 naturaliter
3228 4350 3294 4389 ex
3323 4338 3558 4391 essentia

1978 4430 2152 4484 Patris
2188 4428 2438 4497 genimcn
2474 4428 2795 4497 procedens.

2273 4557 2849 4649 ASSERTIO
2921 4563 3241 4654 XVII.

1978 4710 2131 4776 Quod
2173 4725 2352 4763 eorum
2399 4725 2514 4778 qua:
2551 4706 2694 4763 Filio
2739 4710 2938 4774 insunt,
2988 4712 3117 4764 nihil
3152 4713 3417 4765 creaturis
3460 4730 3561 4765 na-

2048 4780 2297 4832 turaliter
2325 4780 2477 4837 insit.
2522 4780 2613 4831 sed
2659 4795 2719 4831 ea
2748 4797 2839 4847 per
2866 4782 3324 4847 participationem
3354 4782 3431 4834 vel
3482 4801 3552 4835 εει

2048 4851 2278 4902 calidum
2320 4850 2724 4902 similitudinem
2754 4855 2870 4917 ejus
2901 4851 2991 4917 qui
3036 4853 3125 4902 dat
3164 4854 3390 4903 habeant
3419 4868 3436 4905 :
3469 4852 3561 4904 Fi-

2047 4920 2150 4971 lius
2181 4930 2357 4971 autem
2396 4934 2497 4971 non
2532 4920 2627 4987 ita.
2667 4919 2834 4987 Atque
2857 4922 3059 4973 idcirco
3091 4923 3154 4972 ab
3192 4925 3255 4975 iis
3296 4926 3557 4975 diversus.

2049 4986 2201 5051 Quod
2234 5004 2351 5040 cum
2378 4990 2454 5040 ita
2486 4989 2577 5051 sit,
2608 4986 2812 5041 Filiam
2850 5000 3152 5044 creaturam
3186 5009 3290 5045 non
3317 5009 3449 5045 esse.

2193 5120 2441 5187 Defensio
2470 5121 2692 5187 simplex
2729 5138 2794 5175 ex
2815 5126 2963 5190 puris
2997 5124 3340 5193 syllogismis.

2050 5234 2107 5287 Si
2141 5234 2319 5288 omnis
2367 5244 2615 5288 creatura
2651 5237 2944 5289 constituta
2996 5248 3073 5290 cst
3127 5240 3179 5291 in
3219 5239 3562 5309 ignoratione

1972 5326 2173 5391 Patris,
2212 5342 2373 5382 nemo
2413 5330 2554 5381 enim
2594 5330 2740 5382 novit
2777 5329 2901 5397 quis
2940 5333 3009 5385 sil
3058 5331 3237 5394 Pater,
3287 5335 3435 5389 novit
3468 5350 3562 5388 an-

1980 5429 2085 5473 tem
2124 5419 2272 5474 solus
2301 5419 2468 5475 Filius
2495 5440 2505 5473 :
2538 5437 2642 5475 non
2681 5433 2764 5476 est
2797 5438 2927 5491 ergo
2958 5433 3235 5479 creatura.

2651 5534 2881 5590 ALIUD.

2053 5643 2111 5698 Si
2142 5644 2274 5699 nihil
2305 5659 2495 5700 eorum
2525 5662 2645 5716 qua:
2683 5645 2828 5700 facta
2854 5658 2999 5715 sunt,
3037 5659 3120 5704 est
3168 5659 3359 5703 natura
3398 5651 3558 5716 Deus,

1981 5732 2149 5791 Filius
2181 5746 2362 5793 autem
2392 5748 2476 5794 est
2502 5747 2693 5794 natura
2730 5739 2871 5795 Deus
2901 5758 2912 5792 :
2947 5756 3055 5797 non
3088 5751 3169 5797 cst
3203 5744 3363 5811 igitur
3394 5759 3457 5796 cx
3495 5748 3561 5799 iis
