3968 6478
430 464 534 525 503

1404 442 1461 497 S.
1500 435 1772 496 CYRILLI
1811 432 2278 491 ALEXANDRINI
2316 430 2637 487 ARCIIIEP.

3554 410 3662 471 ωδ

433 589 552 646 quae
580 572 719 627 facta
754 574 898 622 sunt.
928 558 1088 629 Atqui
1129 557 1172 612 si
1229 555 1451 613 ridicula
1494 554 1589 608 fuit
1630 554 1775 623 prior
1801 560 1981 606 nostra

2116 551 2129 569 '
2151 549 2306 622 ἡμῶν
2335 547 2734 615 καταγέλαστος
2765 544 2793 595 6
2845 540 3106 612 πρότερος
3148 534 3281 606 βίος,
3322 533 3404 585 ὅτι
3436 530 3513 603 μὴ
3540 524 3662 584 οὖσι

434 638 565 727 τίω,
613 658 753 729 quod
799 653 901 708 diis
937 649 1026 719 qui
1066 654 1259 701 natura
1312 659 1416 698 nou
1462 650 1696 708 exstant,
1739 638 1990 695 servieri-

434 767 584 817 mus;
634 757 780 802 certe
817 756 957 798 nunc
984 738 1154 794 multo
1192 735 1497 789 miseriores
1531 730 1744 786 censeri
1767 730 1990 785 debere-

436 857 571 906 mus,
603 839 742 909 quod
768 848 891 890 eum
917 831 1010 901 qui
1054 837 1240 884 natura
1286 825 1419 880 deus
1441 838 1545 878 non
1573 823 1662 887 sit,
1700 821 1941 877 colamus
1971 838 1983 873 τ

432 931 574 1003 quod
607 926 896 984 absurdum
923 930 1021 976 est.

1092 1031 1316 1087 ALIUD.

504 1160 559 1213 Si
588 1154 725 1221 quod
754 1152 949 1205 factum
986 1158 1089 1208 est.
1126 1145 1396 1199 diversum
1428 1152 1512 1198 est
1541 1139 1762 1195 omnino
1795 1146 1988 1192 natura

432 1252 499 1305 ab
534 1262 599 1303 eo
626 1245 766 1315 quod
811 1240 1010 1295 factum
1059 1251 1163 1290 non
1208 1246 1309 1299 est,
1359 1249 1462 1288 non
1493 1241 1669 1303 potest
1712 1228 1992 1299 aequaliter

434 1340 575 1395 illius
597 1334 778 1405 gloriae
817 1329 1088 1399 particeps
1117 1341 1256 1380 esse.
1297 1345 1313 1375 ι
1345 1323 1583 1378 Gloriam
1620 1321 1759 1375 enim
1793 1334 1987 1385 meam,

434 1400 627 1498 inquit:
658 1422 810 1478 alteri
854 1434 957 1474 non
999 1418 1136 1472 dabo
1158 1416 1223 1468 ".
1258 1434 1277 1466 ι
1315 1415 1369 1468 Si
1401 1428 1524 1468 vero
1567 1411 1840 1481 mqualiter
1870 1400 1992 1479 par-

435 1520 605 1587 ticeps
637 1524 719 1569 est
747 1510 914 1566 Filius
946 1507 1167 1563 veniens
1194 1506 1249 1560 in
1282 1505 1452 1574 gloria
1500 1502 1676 1557 Patris
1707 1520 1720 1556 :
1754 1515 1859 1555 non
1909 1507 1994 1555 est

435 1610 590 1679 igitur
616 1614 884 1666 creatura,
910 1602 1001 1671 qui
1034 1598 1256 1654 iucreati
1291 1596 1516 1665 gloriam
1549 1594 1765 1649 indutus
1803 1600 1903 1647 est.

880 1713 899 1735 α
998 1710 1160 1780 ιεο
1198 1705 1426 1763 ALIUD.

506 1829 685 1884 Sacrae
739 1824 1034 1894 Scriptura!
1068 1820 1259 1875 Filium
1309 1832 1490 1871 verum
1539 1815 1703 1869 Deum
1752 1823 1989 1868 vocant:

2090 643 2251 712 φύσει
2290 643 2431 705 Θεοῖς
2460 635 2872 705 ἑδουλεύσαμεν,
2901 630 3082 699 πολλῷ
3137 626 3334 699 μᾶλλον
3368 622 3664 712 νῦνᾼὲσξιεν

2090 710 2427 802 ἀθλιώτεροι,
2455 726 2533 796 τῷ
2564 726 2637 796 μὴ
2662 722 2821 792 φύσει
2870 720 2977 790 θεῷ
3027 716 3390 790 προσάγοντες
3436 710 3536 781 τὴν
3570 710 3665 761 λα-

2090 824 2295 897 τρείαν·
2334 821 2497 892 φεῦγε
2529 819 2587 873 τὸ
2614 819 2831 872 ἄτοπον.

2768 1020 2969 1073 ΑΛΔΟ.

2162 1144 2223 1195 Εἰ
2248 1142 2353 1194 πᾶν
2381 1140 2441 1193 τὸ
2461 1138 2685 1208 γενητὸν
2714 1135 2900 1205 ἕτερόν
2930 1134 3044 1183 ἐστι
3076 1130 3254 1197 πάντη
3274 1125 3367 1180 τοῦ
3394 1124 3667 1193 ἀγενήτου

2091 1234 2231 1289 κατά
2254 1234 2352 1303 τὴν
2386 1231 2567 1301 φύσιν,
2596 1231 2657 1282 ού
2678 1228 2900 1281 δύναται
2924 1223 3021 1294 τῆς
3054 1221 3266 1275 ἐκείνου
3291 1218 3447 1286 δόξης
3478 1216 3667 1285 [copi-

2090 1342 2234 1397 τρως
2266 1326 2561 1377 κοινωνεῖν.
2596 1340 2613 1370 ι
2642 1320 2751 1390 Τὴν
2778 1318 2884 1387 γὰρ
2914 1314 3069 1378 δόξαν
3115 1330 3238 1383 μου,
3277 1309 3438 1379 φησὶν
3467 1306 3666 1370 όΘεὸς,

2092 1415 2262 1485 ἑτέρῳ
2289 1413 2351 1466 οὐ
2380 1410 2555 1465 δώσω.
2588 1430 2605 1462 ι
2652 1411 2713 1461 El
2743 1409 2797 1461 δὲ
2851 1406 3097 1459 κοινωνεῖ
3125 1405 3153 1455 6
3187 1402 3316 1463 Υἱὸς
3372 1398 3670 1469 ἐρχόμενος

2093 1505 2150 1556 ὲν
2179 1505 2244 1574 τῇ
2283 1501 2408 1571 δόξῃ
2435 1499 2529 1552 τοῦ
2563 1497 2791 1569 Πατρὸς,
2827 1495 2927 1547 οὐκ
2956 1494 3063 1563 ἄρα
3096 1491 3302 1560 κτίσμα
3346 1490 3493 1542 ἐστὶν
3516 1489 3544 1540 6
3570 1485 3671 1554 τὴν

2093 1594 2184 1648 τοῦ
2215 1594 2470 1648 ἀκτίστου
2492 1590 2649 1654 δόξαν
2672 1584 3065 1658 ἠμφιεσμένος.

2781 1699 2984 1752 ΔΔΛΟ.

2164 1818 2295 1871 Θεὸν
2316 1814 2568 1887 ἀληθινὸν
2612 1809 2980 1867 ἀποκαλοῦσιν
3029 1808 3084 1862 αἱ
3135 1806 3273 1860 θεῖαι
3326 1798 3539 1873 Γραφαὶ
3577 1799 3673 1851 τὸν

440 1932 601 1992 atque
648 1919 721 1972 ita
768 1891 1059 1971 credimus.
1106 1910 1160 1965 Si
1196 1925 1321 1964 vero
1350 1907 1607 1979 quidquid
1650 1906 1845 1960 factum
1888 1915 1990 1972 est,

2115 1909 2246 1973 Γίδν,
2274 1909 2365 1961 καὶ
2394 1906 2535 1960 οὓτω
2569 1903 2917 1972 πιστεύομεν.
2944 1901 3005 1952 Εἰ
3036 1899 3093 1952 δὲ
3124 1898 3230 1951 πᾶν
3274 1894 3337 1947 τὸ
3374 1891 3672 1960 γενόμενον

436 2026 622 2068 recens
646 2017 726 2065 est
756 2014 1002 2077 respectu
1027 2002 1285 2064 increati;
1316 2014 1489 2067 neque
1514 2014 1610 2068 par
1636 2008 1718 2052 est
1748 2009 1805 2050 ut
1830 1998 1993 2050 Deum

436 2110 711 2159 recentem
760 2114 823 2155 ac
880 2110 1075 2152 novum
1112 2091 1393 2146 colamus:
1426 2104 1530 2144 uon
1583 2097 1667 2143 est
1708 2088 1869 2155 igitur
1908 2086 1997 2139 Fi-

436 2195 541 2250 lius
573 2193 712 2246 Deus
742 2202 949 2254 recens,
998 2184 1199 2255 quippe
1232 2181 1323 2251 qui
1367 2188 1448 2236 est
1490 2179 1540 2235 id
1582 2179 1721 2249 quod
1755 2186 1995 2234 creatum

438 2301 543 2342 που
575 2293 677 2341 εει.

1104 2384 1331 2441 ALIUD.

508 2508 567 2564 Si
596 2505 738 2578 quod
774 2512 1013 2560 creatum
1057 2508 1163 2564 est,
1196 2498 1466 2554 diversum
1495 2494 1651 2565 plane
1696 2505 1779 2550 est
1809 2496 1876 2550 ab
1917 2496 1997 2549 in-

434 2604 638 2659 creato,
682 2592 895 2649 adorari
953 2604 1060 2645 non
1107 2588 1287 2644 debet.
1338 2585 1528 2647 Divino
1562 2585 1704 2639 enim
1732 2594 1997 2655 praecepto

439 2691 540 2743 huc
567 2686 791 2740 vetitum
838 2692 940 2737 est.
988 2680 1045 2735 Si
1087 2692 1213 2735 vero
1240 2676 1434 2731 Filium
1460 2675 1709 2745 iubemur
1746 2677 1993 2741 adorare,

440 2791 545 2831 non
578 2784 754 2829 autem
790 2772 952 2827 alium
992 2772 1169 2833 deum,
1202 2768 1294 2837 qui
1326 2767 1395 2822 sit
1425 2776 1639 2822 creatus
1675 2785 1687 2821 :
1724 2767 1996 2823 increatus

439 2867 601 2939 igitur
627 2876 708 2922 est
732 2864 918 2920 Filius.

1098 2969 1329 3027 ALIUD.

510 3087 566 3143 Si
596 3085 852 3156 quidquid
882 3082 1082 3138 factum
1127 3088 1228 3146 est,
1281 3095 1493 3136 servum
1540 3090 1622 3136 est
1655 3081 1791 3150 ejus,
1824 3096 1850 3133 a
1895 3094 1999 3151 quo

439 3178 642 3234 factum
675 3185 758 3233 est
786 3192 801 3232 :
828 3172 1160 3243 impossibile
1191 3172 1353 3242 igitur
1387 3172 1461 3226 illi
1488 3181 1569 3227 est
1594 3173 1894 3226 libertatem
1921 3171 1997 3225 al—

443 3270 540 3326 teri
570 3265 817 3324 conferre
846 3278 1005 3335 quam
1041 3277 1146 3318 non
1187 3261 1367 3317 habet.
1402 3261 1459 3317 Si
1494 3273 1670 3317 autem
1709 3277 1825 3317 eam
1866 3277 1995 3318 con-

446 3362 546 3416 fert
569 3359 759 3419 Filius,
786 3368 971 3411 servus
998 3354 1180 3421 itaque
1215 3367 1321 3407 non
1355 3361 1457 3419 est,
1492 3353 1585 3406 sed
1613 3352 1787 3421 potius
1819 3352 2000 3407 Domi-

447 3466 547 3506 nus
571 3462 622 3505 et
652 3451 808 3502 Deus.

1104 3556 1327 3613 ALIUD.

513 3673 569 3728 Si
601 3671 775 3726 omnis
807 3677 1053 3726 creatura
1104 3668 1205 3722 sub
1244 3675 1433 3721 natura
1461 3666 1763 3721 consistens
1797 3673 2000 3720 natura

442 3762 540 3830 illi,
570 3763 670 3817 sub
697 3776 800 3830 qua
835 3773 918 3815 est
964 3769 1019 3813 et
1051 3758 1189 3813 facta
1227 3765 1334 3824 est,
1368 3758 1556 3822 servit,
1608 3758 1780 3811 deitas
1820 3767 1997 3813 autem

444 3854 608 3909 libera
648 3859 749 3917 est,
787 3850 1043 3919 omnique
1073 3848 1304 3903 naturali
1352 3848 1677 3903 necessitate
1712 3848 1996 3917 superior:

445 3942 786 3997 manifestum
839 3950 923 3994 est
973 3940 1140 3994 Deum
1179 3954 1283 3993 non
1331 3938 1534 3994 seryire
1589 3948 1812 3995 natura.
1866 3938 1999 3993 Cum

443 4044 568 4088 vero
599 4031 764 4088 Filius
810 4032 881 4086 sit
925 4032 1087 4095 Deus,
1140 4041 1284 4084 certe
1333 4037 1537 4082 natura:
1576 4028 1847 4098 subjectus
1894 4044 2001 4085 non

439 4120 563 4187 erit,
604 4120 745 4191 quod
792 4119 1060 4174 creaturis
1102 4117 1375 4186 proprium
1420 4125 1521 4171 est.
1568 4119 1635 4171 At
1668 4118 1759 4185 qui
1804 4132 2000 4189 cogna-

440 4210 586 4266 tione
614 4209 842 4264 naturali
888 4223 917 4262 ο
953 4214 1204 4263 creatura
1248 4202 1445 4270 diﬂ‘ert,
1476 4218 1580 4273 quo
1612 4213 1765 4273 pacto
1795 4220 1900 4260 non
1930 4205 2002 4260 sit

442 4298 667 4355 diversae
699 4297 764 4351 ab
800 4310 863 4350 ea
896 4295 1138 4350 naturae?

1100 4422 1326 4481 ALIUD.

2098 1999 2408 2073 πρόσφατόν
2440 2000 2587 2051 ἐστιν
2614 1995 2687 2059 ὡς
2708 1994 2845 2065 πρὸς
2902 1992 2961 2046 τὸ
2990 1992 3273 2060 ἀγένητονο
3308 1986 3404 2055 οὐχ
3434 1985 3578 2036 ὅσιον
3610 1979 3673 2032 δι

2096 2070 2233 2145 εἶναι
2266 2090 2400 2144 Θεὸν
2420 2090 2733 2160 πρόσφατον
2762 2089 2819 2139 ὲν
2844 2085 2996 2155 ἡμῖν,
3041 2082 3142 2134 οὐκ
3186 2079 3340 2135 ἕσται
3379 2076 3487 2145 ἀρα
3534 2070 3672 2133 Θεὸς

2096 2183 2403 2255 πρόσφατος
2435 2181 2465 2232 6
2486 2178 2631 2245 Υἱὸς,
2660 2178 2798 2245 ὅπερ
2826 2174 2941 2227 ἐστὶ
2978 2171 3038 2225 τὸ
3079 2168 3359 2239 ἀγένητον.

2777 2379 2981 2435 ΑΛΛΟ.

2167 2498 2229 2551 Ei
2252 2497 2312 2551 τὸ
2349 2494 2572 2565 γενητὸν
2608 2491 2834 2547 καθόλου
2868 2487 3055 2558 ἕτερόν
3083 2485 3197 2537 ἐστι
3246 2479 3339 2535 τοῦ
3364 2481 3627 2549 ἀγινήτου
3654 2517 3673 2541 ,

2095 2589 2157 2643 οὐ
2194 2589 2275 2642 δεῖ
2300 2586 2449 2657 αὐτῷ
2478 2584 2824 2658 προσκυνεῖν.
2872 2578 3242 2649 Ἀπηγόρευσε
3281 2572 3391 2643 γὰρ
3429 2569 3587 2624 τοῦτο
3612 2570 3677 2621 τὸ

2096 2681 2238 2735 θεῖον
2271 2678 2470 2747 λόγιον.
2516 2679 2577 2730 El
2610 2676 2666 2730 δὲ
2718 2674 2796 2743 τῷ
2842 2671 2957 2741 Υἱῷ
3010 2664 3465 2740 προστασσόμεθα
3505 2677 3675 2730 προσ.

2098 2771 2299 2834 κυνεῖν,
2328 2768 2427 2819 οὐκ
2455 2765 2535 2818 ἔτι
2561 2764 2616 2817 δὲ
2647 2763 2742 2816 καί
2774 2762 2945 2831 ἑτέρῳ
2976 2757 3112 2828 Θεῷ,
3169 2758 3307 2825 ὅπερ
3338 2754 3455 2806 ἐστὶ
3491 2751 3551 2805 τὸ
3578 2766 3676 2818 γε-

2096 2858 2272 2930 νητόν·
2297 2859 2355 2911 οὐ
2385 2855 2607 2927 γενητὸς
2631 2854 2739 2925 ἄρα
2767 2856 2794 2907 6
2820 2852 2966 2914 Υἱός.

2782 2965 2985 3018 ΑΛΛΟ.

2168 3090 2231 3143 Ei
2262 3088 2370 3141 πᾶν
2394 3086 2453 3139 τὸ
2475 3084 2765 3153 γενόμενον
2790 3078 2975 3134 δοῦλόν
3006 3079 3119 3129 ἐστι
3155 3073 3249 3127 τοῦ
3281 3071 3642 3141 πεποιηκότος
3661 3107 3678 3134 ,

2022 3228 2065 3281 C
2102 3182 2375 3241 ἀδυνάτως
2403 3178 2508 3249 ἄρα
2551 3174 2661 3244 ἔχει
2701 3172 2870 3241 ἑτέρῳ
2921 3169 3021 3239 τὴν
3074 3164 3385 3237 ἐλευθερίαν
3427 3162 3678 3233 ὀρέγειν,

2100 3265 2167 3339 ἧς
2195 3270 2328 3321 αὐτὸ
2365 3268 2462 3320 οὐκ
2492 3265 2698 3334 ἔτυχεν.
2758 3264 2821 3315 Ei
2845 3261 2901 3314 δὲ
2955 3259 3185 3330 παρέχει
3212 3260 3240 3310 6
3272 3257 3419 3322 Υἱὸς,
3443 3255 3545 3327 οὐχ
3601 3253 3678 3317 ὡς

2100 3361 2281 3423 δοῦλος
2308 3358 2567 3429 δηλονότι,
2590 3356 2794 3426 Κύριος
2815 3353 2871 3405 δὲ
2897 3351 3095 3423 μᾶλλον
3128 3350 3221 3404 καὶ
3252 3348 3403 3411 Θεός.

2801 3548 3003 3602 AAAO.

2170 3669 2233 3723 Εί
2256 3670 2408 3723 πᾶσα
2436 3669 2469 3737 ἡ
2505 3664 2680 3727 κτίσις
2734 3662 2838 3716 ὑπὸ
2891 3663 3052 3732 φύσιν
3079 3654 3215 3715 οὖσα
3252 3664 3318 3732 τῇ
3354 3660 3515 3729 φύσει
3553 3662 3678 3716 δου-

2098 3761 2245 3816 λεύει
2283 3759 2371 3828 ὑφ’
2407 3759 2474 3829 ἢν
2496 3757 2590 3810 καὶ
2618 3754 2928 3825 πεποίηται,
2989 3752 3275 3823 ἐλεύθερον
3312 3753 3369 3806 δὲ
3399 3753 3579 3823 πάντη
3617 3754 3680 3807 τὸ

2100 3851 2241 3905 Θεῖον
2271 3849 2365 3901 καὶ
2398 3847 2639 3917 κρεῖττον
2666 3842 2912 3911 ἀνάγκης
2964 3843 3221 3910 φυσικῆς,
3283 3839 3439 3909 δῆλον
3491 3840 3566 3906 ὡς
3615 3842 3679 3894 οὐ

2100 3938 2418 3992 δεδούλωται
2452 3934 2606 4004 φύσει
2644 3932 2795 3993 Θεός.
2839 3930 2991 3983 Ἐπεὶ
3042 3930 3098 3983 δὲ
3149 3929 3283 3992 Θεὸς
3325 3930 3353 3982 ό
3395 3929 3542 3996 Υἱὸς,
3578 3932 3681 3985 οὐκ

2104 4028 2258 4082 ἔσται
2282 4026 2389 4097 ἀρα
2408 4025 2512 4078 ὑπὸ
2540 4024 2725 4093 φύσιν,
2755 4023 2891 4092 ὅπερ
2917 4021 3029 4073 τῶν
3072 4021 3373 4089 γεγονότων
3408 4020 3556 4073 ἐστὶν
3600 4023 3680 4075 oi-

2101 4120 2270 4174 κεῖον.
2314 4118 2372 4171 Ὀ
2400 4117 2457 4171 δὲ
2477 4119 2573 4187 τῆς
2594 4115 2729 4186 πρὸς
2751 4114 2849 4184 τὴν
2886 4114 3060 4166 κτίσιν
3090 4113 3407 4184 όμογενείας
3433 4112 3676 4183 φυσικῶς

2101 4206 2506 4279 ἀπῳκισμένος,
2552 4204 2669 4268 πῶς
2702 4204 2803 4258 οὐκ
2849 4202 2917 4255 ἂν
2980 4202 3068 4273 είη
3103 4202 3233 4274 παρ’
3262 4202 3433 4274 αὐτὴν
3487 4204 3678 4273 ἑτερο-ι

2102 4300 2243 4369 φυής
2264 4316 2324 4352 τε
2349 4299 2442 4353 καὶ⁵
2472 4295 2617 4363 ξένος
2640 4314 2655 4363 ;

2786 4431 2992 4485 AAAO.

516 4541 573 4596 Si
606 4540 747 4595 nulla
782 4545 1031 4594 creatura
1072 4536 1390 4592 naturaliter
1420 4534 1771 4606 perfecteque
1797 4534 1908 4590 Deo
1938 4548 1995 4589 ac

2146 4544 2239 4628 ‘Ei
2262 4544 2428 4615 μηδὲν
2454 4542 2563 4598 τῶν
2594 4544 2653 4598 ἑν
2689 4544 2755 4616 τῇ
2788 4500 2964 4596 κτίσει
3004 4540 3249 4611 φυσικῶς
3288 4543 3672 4614 ἀπηκρίϐωται

443 4632 590 4688 Patri
626 4629 817 4684 similis
844 4639 949 4691 est,
984 4628 1177 4684 similis
1208 4637 1387 4683 autem
1418 4635 1503 4683 est
1531 4626 1721 4693 Filius,
1768 4629 1902 4682 adeo
1944 4636 1995 4687 ut

2115 4621 2242 4709 πρὸς
2274 4637 2371 4710 τὴν
2394 4636 2484 4692 τοῦ
2510 4636 2645 4691 Θεοῦ
2678 4637 2772 4691 καὶ
2794 4635 3010 4706 Πατρὺς
3046 4634 3364 4704 ὁμοιότητα,
3410 4637 3592 4705 ὅμοιος
3618 4636 3678 4689 δὲ

443 4722 535 4789 qui
589 4735 709 4774 eum
758 4718 958 4782 videat,
1012 4716 1226 4771 Patrem
1283 4718 1510 4772 videat:
1553 4730 1660 4770 non
1704 4727 1788 4771 est
1843 4717 2006 4787 igitur

443 4818 711 4873 creatura,
747 4809 837 4877 qui
880 4808 1173 4876 perfectam
1207 4807 1615 4876 absolutamque
1647 4806 1821 4862 Patris
1852 4807 2003 4862 simi-

447 4898 720 4955 litudinem
749 4906 942 4969 gestat.

1105 5008 1334 5066 ALIUD.

513 5130 573 5189 Si
620 5143 805 5186 omnes
846 5134 1107 5181 creatura:
1168 5123 1277 5178 Deo
1327 5122 1603 5188 serviunt,
1658 5138 1764 5181 non
1818 5134 1998 5179 autem

442 5232 572 5281 sunt
607 5221 833 5279 dominre
875 5218 1077 5290 gloriae,
1126 5215 1293 5272 Filius
1323 5230 1448 5273 vero
1470 5230 1575 5271 non
1614 5216 1708 5282 ita,
1748 5218 1843 5274 sed
1892 5217 1996 5271 Do-

441 5316 619 5371 minus
644 5312 827 5384 gloriae
848 5311 928 5365 ’δι
961 5326 1068 5365 uon
1103 5318 1186 5365 est
1224 5310 1384 5380 igitur
1420 5317 1688 5365 creatura.

1100 5418 1258 5477 ALIU
1269 5419 1328 5475 D.

506 5535 567 5595 Si
586 5535 846 5610 quidquid
870 5549 938 5591 ex
964 5533 1133 5589 nihilo
1163 5533 1230 5587 ad
1261 5545 1381 5589 esse
1415 5534 1720 5589 traductum
1751 5543 1851 5603 est,
1881 5537 1995 5591 lieri

2104 4733 2132 4784 6
2163 4730 2311 4795 Υἱὸς,
2340 4729 2416 4793 ὡς
2444 4729 2534 4783 τὸν
2566 4729 2776 4799 ὁρῶντα
2805 4725 2988 4792 αὐτὸν,
3016 4724 3107 4778 τὸν
3148 4725 3365 4796 Πατέρα
3393 4728 3545 4797 ὁρᾷν,
3576 4729 3677 4781 οὐκ

2104 4822 2210 4892 ἄρα
2240 4821 2447 4891 κτίσμα
2488 4821 2516 4872 6
2568 4820 2665 4891 τὴν
2712 4817 2918 4871 ἐκείνου
2982 4816 3461 4887 ἀπηκριϐωμένως
3494 4818 3677 4891 φέρων

2102 4911 2409 4984 ὁμοιότητα.

2789 5021 2991 5075 ΑΛΛΟ.

2173 5134 2237 5189 EI
2267 5135 2442 5190 πάντα
2469 5132 2536 5187 τὰ
2556 5132 2828 5203 κτίσματα
2853 5131 3013 5185 δοῦλα
3033 5127 3128 5184 τοῦ
3158 5131 3317 5196 Θεοῦ,
3354 5131 3468 5186 ἀλλ’
3486 5133 3544 5186 οὐ
3575 5133 3677 5187 κύ·

2108 5246 2195 5299 ρια
2224 5228 2322 5299 τῆς
2346 5227 2520 5298 δόξης,
2553 5227 2732 5280 οὐκέτι
2761 5225 2817 5279 δὲ
2843 5227 2870 5279 6
2903 5225 3048 5287 Υίόςο
3085 5227 3184 5297 τῆς
3221 5226 3330 5296 γὰρ
3361 5225 3519 5298 δόξης
3562 5226 3676 5282 Κύ.

2104 5333 2235 5387 ριος·
2270 5317 2371 5371 οὐκ
2401 5316 2509 5387 ἄρα
2539 5316 2737 5387 κτίσμα
2767 5313 3045 5385 τυγχάνει.

2779 5427 2982 5479 AAAO.

2174 5542 2236 5595 Ei
2269 5541 2377 5594 πᾶν
2403 5539 2463 5592 τὸ
2484 5540 2546 5593 ὲκ
2566 5538 2657 5593 τοῦ
2683 5540 2759 5611 μὴ
2786 5539 2938 5603 ὄντος
2963 5540 3042 5603 είς
3060 5538 3123 5593 τὸ
3151 5532 3289 5594 εἶναι
3320 5541 3675 5614 παρενεχθὶν,

440 5634 615 5701 potest
644 5637 704 5682 ut
732 5628 924 5683 iterum
958 5627 1014 5682 in
1042 5625 1266 5683 nihilum
1300 5624 1595 5697 redigatur,
1649 5627 1757 5685 hoc
1784 5640 1914 5687 vero
1943 5630 1995 5688 in

2115 5626 2256 5697 ιῦθις
2279 5630 2547 5702 ἐνδέχεται
2584 5634 2676 5688 καὶ
2703 5632 2782 5696 εἰς
2803 5631 2864 5686 τὸ
2892 5630 2966 5704 μὴ
3014 5629 3074 5686 ὃν
3102 5632 3370 5704 χωρῆσαι,
3418 5632 3519 5688 οὐκ
3560 5634 3677 5690 ἔστι

510 5806 555 5841 ³³
584 5804 688 5863 In.
715 5819 844 5873 xut,
879 5805 930 5863 Β.
1005 5806 1053 5841 ⁸⁵
1094 5804 1259 5862 lCur.
1287 5818 1349 5871 tt,
1375 5803 1431 5859 8.
