3968 6494
241 492 336 550 305

1620 502 2062 560 THESAURUS.

3394 497 3499 555 306

236 610 285 664 δὲ
310 610 457 667 τοῦτο
484 612 850 683 ἐνδεχόμενον
908 612 1000 667 ἐπὶ
1042 612 1137 668 τοῦ
1200 612 1352 675 Υἱοῦ,
1395 613 1555 685 εἴπερ
1610 614 1816 683 ἀληθῶς

1938 613 2124 669 Filium
2159 613 2355 667 cadere
2390 626 2495 667 non
2526 618 2724 681 potest,
2759 610 3025 681 siquidem
3056 622 3187 664 vere
3215 615 3297 663 est
3319 606 3496 665 Deus:

238 701 340 754 im
373 703 524 769 Θεὸς,
556 704 663 757 οὐκ
692 704 809 775 ἄρα
837 707 901 757 ὲκ
940 704 1034 757 τοῦ
1066 704 1139 775 μὴ
1165 703 1315 767 ὄντος
1364 707 1393 759 6
1435 706 1582 771 Υἱὸς,
1618 705 1730 759 ἀλλ’
1753 708 1816 759 ὲκ

236 792 319 847 τοῦ
353 793 519 857 ὄντως
542 795 773 865 Πατρὸς
796 796 1038 867 γενητός.

917 906 1120 959 ΔΛΛΟ.

299 1014 357 1070 El
388 1019 714 1089 κτισμάτων
740 1019 871 1074 ἴδιον
902 1020 964 1073 τὸ
991 1019 1251 1075 δύνασθαι
1307 1020 1665 1091 ἁμαρτάνειν,
1719 1020 1818 1072 οὐκ

237 1106 306 1159 ἔτι
333 1105 384 1159 δὲ
410 1111 503 1163 καὶ
529 1109 629 1163 τοῦ
664 1109 831 1194 Υίοῦ,
858 1111 957 1164 οὐκ
987 1111 1096 1182 ἄρα
1125 1112 1333 1182 κτίσμα
1361 1111 1640 1181 τυγχάνει.

921 1222 1127 1277 ΔΛΛΟ.

297 1327 354 1380 Ei
377 1329 543 1398 μηδὲν
603 1333 721 1385 τῶν
768 1334 1069 1402 γεγονότων
1128 1335 1409 1408 ἀνεδείχθη
1454 1338 1585 1391 ποτὲ
1642 1341 1705 1392 ὲκ
1745 1337 1817 1409 μὴ

234 1416 386 1470 ὄντων
418 1419 614 1473 ποιοῦν
642 1422 863 1486 οὐσίας,
899 1427 1044 1478 ποιεῖ
1086 1424 1143 1479 δὲ
1182 1427 1211 1479 6
1247 1426 1392 1491 Υἱὸς,
1426 1426 1544 1491 πῶς
1571 1427 1680 1481 τῶν
1727 1444 1819 1496 γε·

236 1509 452 1574 γονάτων
486 1512 645 1565 ἐστίν
666 1529 681 1577 ;

939 1628 1143 1684 AAAO.

292 1731 356 1834 ξι
388 1735 500 1787 πᾶν
531 1736 597 1790 τὸ
620 1739 854 1809 γενητὸν
878 1740 1062 1811 ὅμοιον
1087 1741 1166 1804 ὡς
1198 1741 1336 1811 πρὸς
1371 1742 1531 1796 ἑαυτὸ
1560 1742 1702 1796 κατά
1726 1742 1818 1797 τὸν

234 1827 318 1876 τοῦ
356 1827 698 1897 πεποιῆσθαι
732 1829 909 1899 λόγον,
962 1832 1058 1885 καὶ
1112 1832 1266 1885 οὐδὲν
1308 1833 1523 1897 οὐδενὸς
1569 1834 1817 1905 διαφέρει

235 1914 359 1967 καθὸ
388 1917 618 1987 γέγονεν
646 1920 902 1977 ἰκαστονο
936 1923 1050 1977 ἔστι
1087 1923 1144 1978 δὲ
1192 1925 1418 1997 γενητὸς
1447 1926 1542 1980 καὶ
1581 1927 1610 1980 6
1652 1927 1813 1991 Υίὸς,

1926 718 2033 757 ιιοιι
2066 702 2231 773 igitur
2266 716 2332 758 ex
2366 701 2534 758 nihilo
2562 702 2741 758 factus
2788 713 2874 755 est
2922 697 3111 762 Filius,
3142 696 3237 751 sed
3268 710 3337 751 ex
3369 710 3501 751 vero

1922 796 2083 851 Patre
2112 794 2347 866 genitus.

2590 906 2819 964 ALIUD.

1992 1018 2049 1073 Si
2089 1019 2367 1088 proprium
2414 1017 2680 1072 creaturis
2731 1025 2814 1072 est
2854 1029 3104 1087 peccare,
3148 1012 3270 1069 Filii
3318 1021 3499 1069 autem

1922 1125 2268 1182 nequaquam
2289 1110 2336 1142 "
2362 1126 2378 1164 :
2423 1124 2530 1165 non
2555 1110 2717 1180 igitur
2736 1118 2817 1164 est
2845 1116 3117 1163 creatura.

2598 1221 2827 1278 ALIUD.

1995 1316 2053 1373 Si
2087 1316 2222 1372 nihil
2251 1330 2316 1371 ex
2348 1315 2415 1371 iis
2443 1329 2565 1385 qua:
2591 1221 2912 1379 3:11:13“
2951 1311 3109 1383 181
3139 1307 3501 1366 substantiam

1920 1424 1985 1465 ex
2030 1408 2200 1464 nihilo
2250 1422 2440 1463 creare
2475 1407 2665 1476 possit,
2714 1413 2895 1476 potest
2936 1413 3116 1459 autem
3146 1402 3361 1456 Filius:
3394 1415 3503 1471 quo

1923 1508 2083 1569 pacto
2113 1513 2178 1553 ει
2207 1512 2395 1553 eorum
2432 1509 2659 1552 numero
2692 1496 2821 1561 erit,
2848 1509 2971 1566 quae
3002 1493 3141 1549 facta
3166 1492 3335 1549 sunt?

2597 1604 2828 1661 ALIUD.

1994 1724 2051 1780 Si
2093 1724 2275 1781 omnia
2330 1730 2516 1778 creata
2572 1721 2770 1776 similia
2826 1718 2930 1775 sibi
2979 1725 3107 1772 sunt
3158 1715 3211 1770 in
3270 1728 3335 1771 eo
3358 1712 3503 1782 quod

1921 1825 2103 1871 creata
2137 1822 2287 1878 sunt,
2312 1812 2566 1882 nullaque
2596 1817 2845 1866 creatura
2878 1807 2948 1863 ab
2976 1805 3082 1861 alia
3114 1801 3296 1861 dilfert
3315 1816 3380 1857 ea
3410 1815 3502 1856 ra-

1930 1907 2079 1962 tione
2097 1919 2201 1975 qua
2230 1904 2384 1960 facta
2414 1912 2560 1969 sunt,
2604 1902 2779 1957 factus
2830 1907 3012 1955 autem
3069 1906 3156 1953 est
3184 1904 3239 1951 et
3280 1892 3501 1949 Filius:

596 2011 752 2067 ἔσται

1940 2016 1971 2054 ιι
2001 1998 2143 2054 nulla
2176 1997 2357 2067 itaque
2395 2010 2453 2050 re
2483 1995 2716 2059 diITeret,
2750 1993 2875 2063 quia
2908 1999 2963 2048 et
2986 1991 3102 2059 ipse
3128 1988 3307 2044 {actus
3322 1995 3427 2041 est.
3442 1983 3503 2039 Si

233 2098 285 2150 δὲ
319 2099 541 2155 πάντων
563 2104 681 2157 τῶν
714 2105 962 2177 γενητῶν
990 2108 1134 2161 κατά
1165 2109 1341 2163 πάντα
1369 2108 1637 2181 διαφέρει,
1658 2110 1817 2179 δῆλον

234 2188 304 2243 ὅτι
327 2190 420 2245 καὶ
451 2194 604 2247 κατὰ
632 2194 723 2247 τὸν
748 2195 849 2265 τῆς
873 2198 1143 2265 γενέσεως
1168 2199 1370 2270 τρόπον
1388 2240 1402 2264 ,
1432 2200 1568 2269 ὅπερ
1605 2199 1721 2252 ἐστὶ
1757 2200 1818 2252 τὸ

236 2278 605 2377 μηγενέσραι.
630 2285 791 2377 ρῦτω
823 2285 932 2356 γὰρ
959 2286 1150 2342 διοίσει
1171 2288 1278 2342 τῶν
1316 2290 1633 2359 γεγονότων.
1671 2291 1732 2344 Εἰ
1759 2289 1816 2343 δὲ

233 2372 396 2436 τοῦτο,
426 2372 550 2436 πῶς
589 2375 651 2427 οὐ
684 2374 817 2439 Θεός
843 2392 859 2442 ;

922 2470 1129 2525 ΔΔΛΟ.

297 2568 358 2623 El
388 2574 541 2628 πᾶσα
570 2575 606 2644 ἡ
631 2577 811 2641 κτίσις
836 2579 894 2633 ὲν
913 2578 1241 2652 διαστήματι
1289 2583 1407 2655 ἦτοι
1458 2585 1633 2655 χρόνῳ
1659 2585 1816 2653 γέγο⁸

234 2675 333 2723 νιν,
360 2663 513 2719 οὐδὲν
542 2665 604 2722 δὲ
635 2668 842 2722 τούτων
874 2672 1249 2742 προλαμϐάνει
1274 2675 1375 2745 τὴν
1388 2675 1517 2728 Υἱοῦ
1538 2676 1813 2747 γέννησιν,

234 2752 322 2807 οὐκ
348 2757 454 2827 ἄρα
482 2759 711 2827 γέγονεν
733 2761 919 2826 αὐτός.
942 2764 1007 2817 El
1031 2765 1089 2819 δὲ
1130 2767 1574 2837 προλαμϐάνεται
1591 2769 1813 2836 διαστή-

237 2862 355 2913 ματι
387 2850 631 2921 χρονικῷ
658 2870 717 2906 τε
759 2856 855 2907 καὶ
886 2857 1119 2929 γενητῷ,
1150 2858 1270 2924 πῶς
1320 2863 1538 2915 πάντων
1573 2863 1687 2915 ἐστὶ
1718 2864 1815 2934 δη-

237 2941 508 3010 μιουργὸς,
539 2942 875 3015 διαστήματι
922 2948 1440 3023 προλαμϐανόμενος
1480 2954 1725 3022 γενητῷς
1752 2955 1814 3007 Εἰ

234 3024 273 3078 6'
300 3030 568 3101 ἀγένητον
593 3035 677 3105 εῐη
707 3035 867 3091 τοῦτο
895 3039 956 3092 τὸ
986 3039 1281 3112 διάστημα,
1312 3042 1638 3114 συνάμιλλον
1660 3046 1816 3116 εὑρή-

236 3132 311 3171 σει
346 3121 481 3210 Θεὸς
509 3124 612 3194 τῆς
639 3127 834 3182 ἑαυτοῦ
855 3131 1151 3202 ἀγενησὶας
1204 3134 1269 3187 τὸ
1324 3136 1619 3207 διάστημα.
1661 3138 1725 3189 Ei
1756 3137 1813 3190 δὲ

238 3210 364 3280 μήτε
401 3215 572 3285 ῥοπὴ,
630 3218 768 3289 μήτε
796 3220 1090 3294 διάστημα,
1142 3224 1280 3295 μήτε
1318 3224 1448 3279 ἄλλο
1469 3226 1523 3280 τί
1556 3228 1672 3280 ἐστι
1708 3229 1813 3299 πρὸ

1920 2105 2048 2146 vero
2067 2090 2135 2145 ab
2150 2089 2401 2145 omnibus
2421 2086 2618 2142 creatis
2633 2100 2728 2154 per
2743 2083 2923 2139 omnia
2941 2081 3119 2138 diﬂ‘ert
3136 2097 3150 2135 :
3167 2086 3316 2136 certe
3334 2076 3497 2133 etiam

1916 2180 2283 2250 generationis
2308 2178 2486 2242 modo,
2517 2178 2773 2231 nimirum
2807 2175 2951 2245 quod
3013 2171 3188 2227 factus
3252 2184 3358 2225 non
3406 2166 3500 2221 sit.

1916 2274 1997 2327 Ita
2030 2272 2173 2326 enim
2197 2268 2404 2325 differet
2426 2283 2455 2322 a
2478 2268 2697 2325 creatis.
2721 2266 2874 2333 Quod
2902 2265 2948 2322 si
2974 2265 3046 2320 ita
3070 2272 3153 2319 est
3182 2280 3195 2315 :
3224 2256 3499 2331 quomodo

1916 2380 2025 2420 non
2052 2363 2126 2419 sit
2150 2362 2332 2420 Deus?

2592 2452 2824 2511 ALIUD.

1990 2572 2047 2629 Si
2095 2573 2276 2629 omnis
2309 2582 2561 2627 creatura
2591 2571 2643 2623 in
2700 2568 2878 2638 spatio
2914 2565 3031 2622 sive
3058 2571 3301 2633 tempore
3357 2557 3502 2613 facta

1917 2674 2020 2731 est,
2060 2664 2195 2719 nihil
2221 2677 2348 2718 vero
2367 2663 2559 2717 horum
2590 2660 2712 2715 Filii
2742 2655 3151 2730 generationem
3186 2648 3500 2722 praecessit:

1918 2756 2093 2812 factus
2126 2757 2307 2824 itaque
2355 2769 2459 2809 non
2515 2760 2621 2808 est.
2687 2751 2744 2806 Si
2783 2763 2912 2805 vero
2961 2746 3113 2801 illum
3145 2742 3378 2815 spatium
3405 2738 3506 2794 ali-

1916 2850 2059 2919 quod
2086 2846 2471 2915 temporarium
2496 2843 2579 2897 vel
2629 2843 2831 2897 factum
2889 2836 3191 2909 praecessit,
3231 2830 3506 2903 quomodo

1916 2944 2001 2991 est
2025 2935 2266 2990 omnium
2289 2942 2523 2997 creator,
2547 2947 2706 3001 quem
2738 2930 2972 2999 spatium
2996 2937 3237 2983 creatum
3267 2934 3505 2993 praeces-

1916 3026 2117 3082 sit?At
2146 3026 2189 3080 si
2217 3027 2453 3095 spatium
2516 3024 2642 3078 illud
2703 3022 2818 3079 sive
2871 3020 3355 3077 duratioincreata
3408 3012 3503 3078 sit,

1915 3119 2018 3175 erit
2040 3118 2255 3188 aliquod
2294 3116 2530 3187 Spatium
2561 3116 2676 3171 sive
2694 3114 2910 3170 durstio
2962 3112 3158 3167 divinae
3211 3106 3502 3163 aeternitati

1916 3227 2033 3283 par.
2072 3212 2127 3266 Si
2161 3227 2290 3266 vero
2322 3211 2526 3265 nullum
2560 3218 2894 3265 momentum
2948 3205 3035 3261 vel
3071 3203 3308 3273 spatium
3364 3209 3505 3256 tem-

235 3300 320 3353 τοῦ
348 3302 504 3369 Υίοῦ,
540 3306 706 3362 πόθεν
739 3291 1116 3385 προῦπάρχειν
1144 3291 1369 3385 *λέγουσι
1426 3317 1519 3371 τὸν
1555 3291 1774 3390 Πατέρα
1795 3360 1810 3385 ,

1938 3305 2087 3371 iuris,
2133 3319 2307 3373 neque
2355 3302 2501 3357 aliud
2585 3302 2881 3371 quidquam
2952 3296 3147 3352 Filium
3206 3291 3507 3363 praecessit,

236 3394 381 3450 τοῦτο
418 3402 802 3473 προῦπάρχειν
850 3406 1212 3478 σημαίνοντος
1259 3410 1357 3481 οὐχ
1384 3410 1811 3483 εὑρισκομένου;

912 3672 1116 3730 AAAO.

301 3772 363 3827 ΕΙ
398 3775 567 3848 μηδὲν
619 3779 732 3832 τῶν
773 3784 1084 3854 γενομένων
1138 3786 1386 3842 λέλεκταί
1423 3807 1482 3843 τε
1545 3792 1638 3845 καὶ
1663 3792 1813 3848 ἐστιν

240 3861 329 3917 ιπι
357 3866 573 3922 πάντων
603 3869 757 3935 Θεὸς,
792 3871 909 3927 εστι
932 3874 988 3927 δὲ
1015 3877 1109 3930 ἐπὶ
1165 3878 1383 3933 πάντων
1426 3880 1557 3946 Θεὸς
1582 3884 1611 3935 ό
1649 3884 1777 3948 Υἱὸς
1797 3926 1812 3951 ,

240 3952 333 4007 οὐκ
361 3956 468 4028 ἄρα
495 3959 608 4013 τῶν
633 3965 944 4034 γενομένων
969 3968 1137 4023 ἐστίν.
1190 3970 1254 4023 Εἰ
1277 3971 1335 4024 δὲ
1372 3971 1506 4037 Θεὸς
1538 3974 1632 4028 ἐπὶ
1681 3976 1817 4031 πάν-

239 4060 341 4101 των
372 4050 634 4122 ὑπάρχων
657 4054 687 4106 ό
716 4055 863 4121 Υἱὸς,
896 4060 989 4112 καὶ
1022 4061 1250 4132 γενητός
1298 4065 1468 4129 ἐστιν,
1509 4066 1626 4120 ἔστι
1649 4068 1707 4121 δὲ
1729 4070 1820 4123 ἐπὶ

243 4132 449 4189 πάντων
480 4137 613 4202 Θεὸς
640 4140 736 4194 καὶ
788 4144 819 4195 6
867 4146 1077 4218 Πατὴρ,
1101 4152 1327 4221 γενητὸς
1367 4151 1519 4207 ἔσται
1565 4157 1684 4210 κατ’
1724 4159 1821 4211 αὺ-

241 4222 377 4294 τοὺς.
402 4229 541 4299 ὅπερ
571 4231 765 4296 ἀσεϐὲς
788 4235 1007 4291 ἐννοεῖν.

934 4440 1137 4498 MAG.

311 4538 369 4594 Εί
403 4542 573 4615 μηδὲν
595 4546 707 4600 τῶν
730 4550 1042 4621 γενομένων
1090 4555 1159 4610 τά
1200 4556 1338 4610 αὐτὰ
1386 4558 1613 4616 δύναται
1646 4566 1821 4619 ποιεῖν

1918 3393 2189 3465 quomodo
2275 3393 2428 3448 aiunt
2489 3392 2710 3447 Patrem
2790 3389 2945 3461 prius
3012 3385 3312 3450 exstitisse,
3378 3396 3505 3438 cum

1922 3482 1976 3537 id
2050 3480 2194 3550 quod
2268 3481 2418 3550 prius
2499 3488 2717 3536 exstare
2797 3477 3067 3548 signiﬁcet
3102 3515 3117 3541 ,
3186 3489 3297 3530 non
3357 3472 3508 3528 inve—

1925 3572 2106 3629 niani?

2598 3661 2813 3720 ALIUD

2002 3778 2058 3834 Si
2087 3776 2221 3837 nihil
2270 3790 2458 3833 eorum
2493 3790 2615 3846 qua
2655 3775 2798 3830 facta
2854 3782 3004 3839 sunt,
3044 3771 3247 3826 dicitur
3276 3777 3370 3824 aut
3422 3776 3510 3823 est

1926 3869 2300 3926 universorum
2332 3865 2494 3931 Deus,
2551 3864 2720 3921 Filius
2754 3873 2936 3921 autem
2965 3860 3303 3920 estomnium
3329 3858 3505 3915 Deus:

1925 3977 2033 4017 non
2095 3969 2181 4017 est
2242 3959 2406 4031 igitur
2461 3972 2529 4014 ex
2579 3959 2647 4013 iis
2704 3970 2826 4028 qua
2890 3956 3029 4011 facta
3088 3962 3233 4010 sunt.
3264 3951 3321 4007 Si
3372 3964 3503 4006 vero

1923 4051 2094 4107 Filius
2158 4066 2280 4107 cum
2331 4052 2403 4107 sit
2453 4049 2697 4105 omnium
2755 4047 2922 4114 Deus,
2974 4046 3149 4103 tactus
3187 4044 3350 4098 etiam
3396 4050 3501 4108 est,

1924 4140 2089 4197 Pater
2164 4150 2345 4197 autem
2420 4141 2585 4197 etiam
2650 4138 2893 4194 omnium
2960 4136 3102 4191 Deus
3155 4144 3235 4190 est
3294 4150 3308 4188 :
3358 4140 3509 4188 certe

1924 4232 2028 4289 erit
2057 4232 2252 4299 factus,
2273 4231 2569 4288 secundum
2600 4229 2745 4291 illos,
2787 4230 2934 4298 quod
2984 4227 3209 4297 impium
3268 4224 3510 4296 cogitatu

1923 4334 2026 4381 εει.

2602 4436 2762 4493 ALIU
2774 4436 2833 4491 D.

2000 4557 2057 4613 Si
2088 4555 2217 4611 nihil
2251 4569 2437 4609 eorum
2469 4566 2589 4621 quae
2621 4551 2761 4606 facta
2793 4558 2917 4606 sunt
2943 4551 3132 4607 eadem
3167 4557 3346 4619 potest
3371 4562 3511 4619 pra-

248 4626 319 4725 τιῑ)
341 4630 477 4725 Θεῷ,
493 4634 671 4725 πάντα
694 4637 750 4691 δὲ
773 4639 811 4693 ἀ
831 4643 981 4696 ποιεῖ
998 4646 1027 4698 6
1046 4645 1259 4720 Πατὴρ,
1276 4652 1476 4722 ὁμοίως
1500 4654 1590 4707 καὶ
1618 4657 1646 4709 6
1669 4656 1816 4725 Υἱὸς,

1938 4658 2073 4705 stare
2103 4661 2222 4717 quae
2249 4646 2407 4711 Deus,
2458 4647 2639 4700 omnia
2704 4658 2835 4698 vero
2902 4658 3020 4711 qua:
3077 4649 3297 4712 praestat
3321 4639 3505 4709 Pater,

250 4717 339 4773 οὐκ
366 4723 473 4793 ἄρα
490 4724 603 4777 τῶν
630 4728 939 4799 γενομένων
960 4734 1130 4790 ἐστίν.

925 4842 1129 4900 ΛΛΛο.

311 4944 372 4999 ιιι
397 4947 575 5001 πάντα
604 4950 673 5003 τὰ
701 4954 907 5022 γενητὰ
951 4955 1009 5022 ἐξ
1037 4956 1225 5028 ἑτέρου
1258 4961 1318 5013 τὸ
1346 4957 1484 5016 εἶναι
1526 4964 1658 5035 ἔχει,
1692 4967 1815 5019 πολ-

250 5031 317 5130 ξιῷ
343 5039 548 5107 μᾶλλον
571 5043 633 5130 τὸ
666 5043 922 5111 λέγεσθαι
973 5049 1169 5115 αὐτοὺς
1208 5052 1383 5117 θεούς.
1434 5057 1496 5109 Ei
1526 5031 1587 5109 δέ
1619 5060 1819 5130 μετοχῇ

249 5125 418 5221 ἔχουσι
450 5131 512 5185 τὸ
541 5128 679 5187 εἶναι
712 5135 825 5188 θεοὶ
856 5136 950 5208 (οὐ
988 5139 1145 5209 φύσει
1175 5144 1415 5215 δηλονότι
1436 5146 1544 5200 Θεοὶ
1572 5125 1639 5201 τά
1664 5125 1825 5221 γενηιιζ

248 5216 379 5281 τὰ),
432 5223 545 5284 τοῖς
590 5222 632 5275 δ’
672 5225 733 5277 οὐ
778 5226 935 5294 φύσει
971 5228 1114 5292 Θεοῖς
1152 5236 1478 5301 προσκυνεῖν
1510 5216 1821 5307 ἀπαγορεν-

250 5308 377 5362 τέον.
417 5312 479 5364 Εἰ
508 5314 566 5367 δὲ
597 5315 809 5381 τούτοις
841 5318 940 5390 μὲν
964 5320 1391 5391 ἀπαγορευτέον,
1418 5326 1599 5380 οὐκέτι
1629 5329 1684 5382 δὲ
1726 5330 1818 5381 καὶ

250 5398 321 5465 τῷ
345 5401 490 5471 Υίῷ,
532 5407 629 5477 οὐχ
661 5406 736 5471 ὡς
782 5410 856 5480 μὴ
913 5410 1071 5479 φύσει
1114 5414 1220 5486 ἄρα
1271 5415 1389 5486 Θεῷ
1437 5415 1724 5489 ὅπερ’ὲστὶ
1750 5420 1817 5473 τά

254 5498 490 5564 γεννητά.

926 5620 1127 5674 AAAO.

320 5716 375 5769 Εί
404 5718 494 5773 τὸν
527 5722 591 5774 ἐκ
619 5722 695 5793 μὴ
724 5724 891 5780 ὄντων
947 5731 1255 5801 ὑφιστῶντα
1311 5734 1495 5801 οὐσίας
1547 5738 1818 5810 ἐνεδέχετο

314 5874 361 5905 ’⁸
387 5876 406 5931 ι
433 5877 575 5937 Pctr.
622 5895 684 5951 tt,
712 5882 801 5937 22.

1926 4751 2152 4814 praestat
2174 4750 2227 4795 et
2259 4739 2428 4794 Filius
2457 4752 2471 4792 :
2506 4753 2611 4793 non
2641 4747 2727 4791 est
2751 4736 2915 4805 igitur
2941 4734 3135 4790 Iactus.

2600 4846 2836 4904 ALIUD.

2002 4967 2055 5019 Si
2084 4978 2419 5035 quacunque
2448 4962 2590 5019 facta
2636 4972 2760 5019 sunt
2812 4963 2880 5017 ab
2932 4960 3040 5015 alio
3068 4975 3189 5015 esse
3216 4974 3373 5015 suum
3411 4959 3507 5012 ha-

1927 5060 2075 5124 licuit,
2116 5056 2283 5110 multo
2318 5056 2488 5125 magis
2537 5056 2759 5110 deorum
2806 5054 3243 5124 appellationem.
3271 5052 3327 5106 Si
3376 5065 3507 5106 vero

1924 5165 2020 5219 per
2052 5149 2523 5219 participationem
2546 5156 2671 5202 sunt
2698 5145 2991 5215 dii(neque
3048 5146 3193 5199 enim
3241 5152 3507 5199 creatura:

1924 5250 2115 5296 natura
2185 5251 2309 5295 sunt
2343 5240 2459 5309 dii),
2497 5248 2551 5294 et
2588 5241 2678 5309 qui
2729 5248 2920 5293 natura
2962 5238 3032 5291 dii
3070 5252 3173 5292 non
3216 5244 3363 5303 sunt,
3408 5237 3505 5290 ad-

1921 5332 2065 5387 orari
2094 5332 2479 5402 prohibentur,
2501 5330 2666 5385 Filius
2699 5342 2879 5384 autem
2904 5329 3120 5383 adorari
3147 5327 3390 5396 jubetur,
3422 5336 3511 5380 ut-

1925 5433 2049 5493 pote
2074 5434 2267 5479 natura
2295 5431 2455 5490 Deus,
2483 5426 2623 5494 quod
2662 5433 2930 5479 creaturae
2989 5438 3095 5478 non
3130 5428 3257 5479 sunt
3288 5441 3303 5480 :
3361 5419 3507 5476 aliud

1924 5514 2091 5585 igitur
2121 5523 2200 5570 est
2224 5529 2383 5584 quam
2411 5522 2680 5571 creatura.

2596 5624 2830 5683 ALIUD.

2001 5740 2057 5796 Si
2091 5740 2343 5812 possibile
2366 5750 2530 5811 esset,
2566 5751 2625 5799 ut
2663 5743 2709 5799 is
2744 5742 2833 5814 qui
2861 5758 2929 5801 ex
2962 5740 3132 5799 nihilo
3178 5739 3512 5797 substantias
