3968 6464
449 438 554 496 507

1448 434 1505 488 S.
1546 431 1821 488 CYRILLI
1860 431 2323 488 ALEXANDIIINI
2364 434 2681 493 ARCIIIEP.

3561 440 3665 499 308

448 552 693 627 producit
711 558 869 622 atque
881 549 1332 617 constituit,lieret
1349 551 1461 606 sive
1484 562 1759 605 crearetur
1789 550 1856 604 ab
1880 549 2001 613 alio,

2120 554 2199 623 ὕφ’
2230 554 2417 629 ἑτέρου
2444 554 2711 625 γενέσθαι,
2738 557 2880 609 ποιεῖ
2903 556 2957 609 δὲ
2984 557 3047 608 ὲκ
3074 556 3150 625 μὴ
3188 556 3356 608 όντων
3380 556 3410 608 6
3444 555 3661 627 Πατὴρ,

450 645 608 701 Pater
633 658 758 699 vero
784 658 847 698 ex
874 642 1042 697 nihilo
1063 652 1242 697 creat:
1273 642 1387 697 lleri
1410 643 1586 710 itaque
1602 650 1802 712 potest,
1823 657 1888 695 ex
1928 642 1995 695 il-

449 737 619 789 Iorum
658 734 943 800 sententia,
967 736 1031 787 ut
1058 744 1111 788 et
1137 734 1294 791 Pater
1329 750 1394 789 ex
1418 734 1581 788 nihilo
1604 734 1715 788 ﬂat.
1745 734 1813 787 At
1832 734 1876 789 si
1898 733 1998 788 hoc

452 828 851 893 inconveniens,
892 837 1051 897 atque
1075 830 1208 883 adeo
1266 828 1595 898 impossibile
1638 838 1741 893 est,
1797 838 1855 882 ut
1907 827 1997 898 qui

449 920 585 974 alias
613 928 834 973 naturas
871 929 1039 984 creat,
1074 920 1232 989 182
1274 920 1341 973 ab
1400 907 1505 973 alia
1538 930 1728 973 natura
1787 928 1997 974 creatus

449 1011 518 1063 sit
554 1025 569 1063 :
604 1010 757 1080 longe
793 1009 1032 1077 profecto
1069 1010 1355 1065 absurdius
1398 1019 1501 1075 est,
1543 1011 1804 1066 universae
1844 1018 1999 1064 natu-

450 1113 522 1151 ra:
544 1098 785 1164 epilleem
827 1100 892 1153 ab
917 1100 1019 1153 alia
1052 1109 1242 1154 natura
1270 1108 1506 1155 creatum
1523 1115 1641 1155 esse
1664 1101 1996 1155 existimare.

448 1186 583 1239 Nam
612 1187 751 1255 quod
789 1197 936 1242 creat
954 1199 1191 1245 creatum
1209 1199 1372 1253 esset,
1409 1199 1461 1243 et
1487 1188 1630 1259 quod
1658 1198 1896 1243 creatum
1917 1199 2000 1243 est

446 1290 677 1345 crearet,
722 1281 766 1335 si
800 1280 963 1335 Filius
993 1296 1115 1336 cum
1142 1282 1210 1335 sit
1238 1281 1434 1346 factus,
1457 1290 1513 1335 ut
1553 1282 1652 1350 ipsi
1682 1281 1994 1349 opinantur,

446 1366 681 1432 faceret,
732 1371 871 1437 quod
926 1379 1008 1424 est
1062 1371 1548 1425 absurdissimum:
1584 1370 1848 1441 siquidem
1895 1371 1995 1426 soli

444 1466 650 1512 natura
683 1459 873 1514 divina
915 1460 1196 1515 tribuenda
1224 1470 1279 1515 et
1313 1460 1659 1529 relinquenda
1682 1468 1827 1525 sunt,
1879 1474 1997 1528 quae

444 1544 613 1617 ipsius
642 1554 769 1604 sunt
794 1546 1003 1620 propria
1031 1557 1084 1603 et
1119 1547 1427 1617 peculiaria,
1483 1562 1709 1617 quorum
1746 1563 1907 1603 unum
1935 1562 1997 1602 ac

446 1636 771 1703 pracipuum
798 1646 901 1704 est.
933 1652 1000 1693 ex
1032 1639 1200 1695 nihilo
1226 1654 1412 1695 creare
1442 1654 1618 1709 posse.

710 1762 1274 1855 ASSERTIO
1345 1767 1713 1857 XVIII.

2105 645 2384 716 ἐνδέχεται
2408 646 2516 716 ἄρα
2537 647 2717 712 αὑτὸν,
2745 647 2863 699 κατ’
2891 646 3107 709 αὐτοὺς,
3127 649 3191 699 ὲκ
3215 646 3289 717 μὴ
3312 646 3480 699 ὄντων
3506 663 3661 714 γεγοο

2104 732 2270 788 νέναι.
2304 734 2365 786 EI
2397 733 2453 787 δὲ
2502 734 2742 802 ἀπρεπὲς
2786 736 2881 787 καὶ⁸
2919 733 3178 787 ἀδύνατον
3217 736 3420 805 ἑτέρων
3449 734 3665 802 φύσεων

2104 824 2431 894 δημιουργὸν
2479 826 2675 877 ἐννοεῖν
2730 824 2821 893 ὑφ’
2865 824 3057 895 έτέρας
3116 826 3362 878 ἐκτίσθαι
3424 824 3663 893 φύσεως.

2106 913 2446 985 ἀτοπώτερον
2471 914 2595 984 ἄρα,
2630 914 2721 967 τδν
2755 914 2970 985 ἁπάσης
3007 915 3221 983 φύσεως
3250 915 3547 984 αὐτουργὸν
3575 914 3666 987 inp"

2104 1006 2291 1076 ἑτέρας
2340 1005 2783 1076 δημιουργεϊσθαι
2831 1006 3045 1075 φύσεως
3105 1006 3526 1076 ὑπολαμωνειν.
3555 1007 3668 1059 Καὶ

2104 1095 2210 1166 γὰρ
2236 1097 2302 1150 ἂν
2322 1096 2382 1148 τὺ
2414 1094 2598 1149 ποιοῦν
2630 1096 2835 1164 ἐγίνετο
2894 1097 2989 1150 καὶ
3046 1097 3108 1150 τὸ
3135 1096 3416 1167 γινόμενον
3453 1096 3623 1149 ἐποίει
3645 1135 3663 1161 ,

2104 1185 2260 1255 εἰπερ
2290 1186 2318 1237 6
2343 1185 2469 1248 Υἱὸς
2518 1186 2797 1255 γινόμενος
2838 1188 3029 1253 ἐποίει,
3065 1186 3185 1239 κατ’
3228 1187 3490 1248 ἐκείνους,
3528 1187 3667 1258 ὅπερ

2107 1275 2253 1329 ἐστὶν
2280 1274 2758 1330 ἀτοπώτατονπεί
2784 1294 2848 1344 γε
2892 1277 3027 1347 μόνῃ
3078 1278 3342 1347 προσήκει
3381 1276 3666 1347 τηρεῖσθαι

2105 1369 2171 1436 τῇ
2207 1364 2325 1436 θείᾳ
2362 1365 2520 1432 φύσει
2554 1365 2623 1419 τὰ
2652 1367 2820 1436 αὐτῆς
2848 1367 3120 1436 ἐξαίρετα,
3149 1359 3224 1420 ὧν
3273 1366 3331 1419 ἓν
3376 1366 3470 1420 κα)⁵
3516 1365 3669 1436 πρῶ-

2105 1474 2194 1510 τον
2223 1458 2454 1529 ὑπάρχει
2486 1458 2545 1511 τὺ
2580 1459 2642 1511 έκ
2685 1457 2759 1530 μὴ
2781 1459 2947 1514 ὄντων
2979 1458 3237 1513 δύνασθαι
3289 1460 3667 1530 δημιουργεῖν.

2570 1756 2930 1841 ΛΟΓΟΣ
3003 1746 3141 1838 IH'
3157 1820 3175 1837 .

448 1904 599 1971 Quod
631 1922 731 1958 non
760 1900 986 1985 sit_idem
1016 1920 1255 1985 creatura
1286 1922 1334 1965 et
1365 1912 1506 1985 filius
1538 1930 1557 1985 ς
1591 1930 1749 1985 neque
1769 1916 1823 1985 in
1872 1914 1975 1968 Deo

2120 1913 2232 1965 Ὀτι
2259 1909 2346 1985 μὴ
2397 1908 2617 1985 ταρτὸν
2662 1911 2881 1985 κτίσμα
2918 1907 3359 1985 καίῌγέννςημᾳ,
3393 1904 3547 1985 unde
3587 1902 3671 1985 ζῶ

516 1990 693 2027 creare
715 1986 769 2053 _et
792 1977 1002 2053 gignere
1029 1994 1048 2032 :
1075 1979 1289 2053 _a_liaque
1314 1977 1693 2053 conclusionem
1721 1984 1997 2053 inferentia

398 2098 403 2102 ,
514 2060 605 2105 per
636 2045 982 2099 reductionem
1016 2048 1084 2099 ad
1114 2045 1447 2113 impossibile.

655 2199 893 2267 Defensio
925 2200 1142 2270 simplex
1168 2217 1230 2254 ea:
1264 2201 1416 2254 nudis
1451 2207 1782 2272 argumentis.

518 2308 572 2361 Si
606 2310 823 2379 gignere
853 2318 907 2363 et
931 2323 1116 2365 creare
1131 2310 1269 2365 idem
1300 2320 1443 2365 esset
1475 2312 1525 2364 in
1547 2311 1672 2378 Deo,
1727 2328 1831 2367 non
1862 2313 1996 2368 luis-

445 2407 530 2454 set
551 2398 655 2452 lata
679 2399 731 2454 in
759 2398 1099 2468 Unigenitum
1128 2413 1226 2453 vox
1258 2400 1367 2465 illa,
1386 2419 1403 2452 t
1431 2399 1527 2455 ilic
1556 2412 1639 2457 est
1663 2400 1828 2458 Filius
1847 2420 1995 2460 meus

446 2492 670 2545 dilectus
699 2491 745 2522 "
773 2510 785 2545 :
819 2509 837 2542 ι
872 2505 993 2545 cum
1016 2490 1176 2545 etiam
1204 2505 1265 2545 ea
1297 2505 1416 2559 qua:
1466 2501 1654 2545 natura
1695 2493 1991 2548 inanimata

445 2592 591 2646 sunt,
623 2582 715 2637 lilii
743 2581 834 2637 Dei
888 2580 1017 2646 sint,
1072 2580 1119 2635 si
1152 2581 1288 2637 idem
1338 2590 1421 2635 est
1466 2592 1714 2637 creatura
1762 2592 1815 2638 et
1848 2585 1997 2654 geni-

447 2686 593 2725 ιιιειι.

1110 2782 1337 2839 ALIUD.

516 2894 594 2959 Si,
633 2894 1079 2964 quemadmodum
1124 2905 1367 2951 creatura
1432 2899 1645 2967 proprie
1687 2898 1884 2953 dicitur
1934 2901 2000 2953 de

446 2988 619 3051 nobis,
652 2988 722 3041 ita
752 2987 914 3041 etiam
938 2987 1213 3058 genimen,‘
1233 3003 1295 3043 ac
1324 2989 1545 3059 perinde
1576 2993 1640 3044 de
1669 2990 1800 3046 Filio
1825 3010 1839 3045 :
1870 2992 2001 3046 nihil

448 3077 675 3144 amplius
704 3092 862 3145 quam
886 3092 982 3133 uos
1008 3078 1240 3143 habebit,
1269 3093 1391 3134 cum
1422 3081 1492 3135 sit
1511 3081 1724 3150 preprie
1752 3090 1995 3137 creatura

444 3174 498 3218 et
536 3164 799 3233 genimen.

1112 3275 1334 3331 ALIUD.

522 3388 577 3441 Si
601 3388 849 3461 genimeu
878 3398 928 3443 et
950 3397 1192 3444 creatura
1222 3399 1349 3446 sunt
1375 3391 1533 3457 idem,
1567 3403 1648 3448 est
1684 3407 1808 3450 vero
1835 3396 1999 3450 etiam

451 3478 683 3547 Spiritus
726 3487 956 3544 sanctus,
986 3487 1044 3531 ut
1073 3479 1161 3534 isti
1208 3479 1411 3544 volunt,
1437 3490 1717 3536 creatura:
1752 3494 1898 3538 certe
1947 3493 2003 3540 et

450 3572 717 3641 genimen.
740 3570 796 3625 Si
822 3582 996 3627 autem
1016 3580 1070 3628 et
1096 3571 1328 3643 Spiritus
1351 3579 1570 3631 sanctus
1601 3585 1685 3632 est
1726 3578 1997 3645 genimen,

452 3672 501 3717 et
532 3661 696 3717 Filius
723 3662 816 3716 Dei
865 3670 947 3717 est
976 3662 1239 3733 genimen,
1298 3669 1587 3736 omniaque
1643 3676 1775 3721 sunt
1850 3669 2002 3739 geni-

452 3753 634 3805 mina:
680 3753 945 3821 quomodo
978 3754 1286 3825 unigenitus
1320 3756 1520 3813 dicitur
1544 3758 1715 3814 Filius
1736 3760 1788 3813 in
1822 3758 2002 3813 multis

450 3843 707 3898 fratribus
736 3844 780 3875 "
799 3844 821 3896 ἲ

1110 3956 1340 4013 ALIUD.

482 4048 577 4103 .Si
611 4049 864 4119 quidquid
913 4058 1161 4103 creatura
1214 4048 1305 4102 Dei
1353 4058 1458 4115 est,
1496 4049 1741 4119 genimcn
1793 4066 2004 4121 quoque

450 4148 574 4192 est:
612 4138 740 4192 nihil
770 4154 952 4193 eorum
971 4154 1087 4208 qua:
1118 4138 1256 4191 facta
1313 4149 1456 4204 sunt,
1513 4142 1579 4194 ab
1615 4141 1897 4209 adoptione
1950 4143 2002 4195 in

450 4227 587 4282 ﬁlios
617 4236 701 4283 est
741 4228 993 4283 alienum.
1048 4228 1197 4295 Quod
1224 4230 1266 4283 si
1298 4244 1481 4283 verum
1501 4238 1603 4295 est,
1646 4232 1843 4284 frustra
1902 4247 2000 4285 no-

450 4319 532 4371 bis
567 4318 903 4387 adoptionem
937 4319 1216 4372 annuutiat
1262 4318 1421 4385 Deus,
1472 4335 1589 4373 cum
1636 4322 2005 4375 ctinanimata

452 4408 771 4462 naturaliter
847 4423 965 4461 eam
1043 4411 1772 4480 consequanturzsiquidem
1854 4413 2007 4479 quid-

450 4495 580 4564 quid
634 4504 755 4561 est,
830 4497 1075 4565 genimen
1145 4512 1355 4567 quoque
1420 4500 1531 4553 sive
1595 4500 1731 4554 ﬁlius
1791 4503 2077 4572 propriep

446 4595 547 4641 εει.

1112 4679 1337 4735 ALIUD.

520 4791 574 4845 Si
610 4792 850 4863 genimen
875 4803 927 4847 et
960 4802 1209 4847 creatura
1242 4793 1379 4847 idem
1406 4803 1549 4858 sunt,
1577 4796 1716 4864 quod
1757 4811 1885 4851 vero
1915 4812 2005 4866 ge-

449 4886 619 4939 nitum
665 4898 694 4937 a
751 4885 859 4938 Deo
912 4894 1013 4949 est,
1070 4894 1317 4939 creatura
1366 4885 1684 4941 naturaliter
1708 4897 1791 4941 est
1829 4905 1843 4940 :
1875 4903 2002 4958 ergo

449 4984 694 5030 creatura
723 4974 814 5030 Dei
847 4984 900 5030 et
921 4976 1165 5029 naturale
1192 4976 1435 5045 genimen
1470 4976 1559 5031 Dei
1608 4977 1744 5031 idem
1777 4987 1917 5032 sunt.
1947 4978 2001 5031 Si

450 5081 574 5121 vero
599 5067 650 5121 id
675 5068 814 5135 quod
840 5078 1053 5133 natura,
1082 5082 1184 5121 non
1216 5076 1395 5122 autem
1426 5069 1564 5136 quod
1588 5070 1873 5138 adeptione
1910 5085 2003 5139 ge-

452 5158 617 5210 nitum
664 5165 762 5222 est,
823 5157 1274 5213 consubstantiale
1344 5158 1452 5212 Deo
1503 5168 1629 5213 est:
1666 5175 1826 5214 omne
1863 5161 2003 5228 quod

455 5247 611 5318 183
641 5246 838 5303 factum
875 5261 978 5314 est,
1013 5260 1200 5305 natura
1237 5249 1339 5305 tale
1365 5250 1663 5305 invenietur
1694 5264 1709 5303 :
1742 5250 2002 5319 siquidem

452 5348 694 5393 creatura
721 5341 966 5409 genimen
990 5356 1202 5411 quoque
1228 5352 1414 5397 natura
1448 5350 1546 5408 est,
1572 5352 1624 5397 et
1654 5358 1756 5397 non
1795 5342 2007 5411 partici-

452 5431 680 5497 patione.

1114 5518 1341 5573 ALIUD.

522 5628 578 5680 Si
642 5638 882 5682 creatura
928 5630 1088 5684 ctiam
1154 5633 1399 5700 gcnintcn
1458 5632 1671 5698 proprie
1733 5639 2006 5698 cst,ccrtc

523 5786 567 5817 "
596 5784 779 5840 Matth.
815 5802 891 5853 ιιι,
930 5787 1024 5855 l7;
1058 5803 1187 5853 xvu,
1223 5788 1273 5842 5.
1353 5792 1393 5819 ³⁷
1426 5787 1579 5844 Rom.
1615 5804 1728 5859 vm,
1764 5787 1851 5844 ‘2‘).

2174 1972 2384 2039 κτίῖἒίν
2419 1980 2483 2032 τὸ
2526 1979 2746 2048 τεννᾷν
2778 1972 3078 2048 ἐπὶᾼΘεοῦί
3112 1972 3405 2048 acditi/1.11an
3428 1975 3525 2027 διὰ
3559 1972 3670 2048 τῆς

2168 2053 2255 2115 είς
2330 2042 2555 2102 ᾶτοποῶι
2629 2042 2946 2118 ἀπαγωγῆς
3013 2050 3229 2116 ἔχοντα
3304 2046 3371 2099 τὸ
3439 2042 3672 2113 συμπέ-

2160 2134 2383 2187 ρασμαο
3261 2190 3273 2196 -

2549 2213 2858 2289 Ἀπολογία
2894 2208 3226 2272 adtulest

2170 2334 2230 2385 El
2259 2334 2320 2386 τὸ
2356 2332 2598 2403 γέννημα
2619 2330 2697 2401 τῷ
2722 2330 2975 2399 κτίσματι
3023 2322 3215 2378 ταυτὸν
3243 2318 3310 2391 ἦν
3349 2318 3499 2388 παρὰ
3522 2316 3667 2386 Θεῷ⁹

2100 2425 2199 2477 οὐκ
2230 2423 2295 2477 ἂν
2315 2423 2408 2477 ἐπὶ
2428 2422 2519 2475 τὸν
2538 2420 2817 2489 Μονογενῆ
2839 2420 3060 2489 ἐφέρετο
3081 2415 3256 2483 φωνήο
3289 2432 3306 2462 ι
3332 2403 3498 2472 Οὗτός
3518 2410 3671 2462 ἐστιν

2101 2516 2128 2566 6
2156 2514 2280 2576 Υἱός
2319 2530 2417 2580 μου
2454 2512 2483 2564 6
2532 2511 2831 2581 ἀγαπητός·
2871 2527 2889 2559 ι
2934 2507 3029 2561 ἃτε
3080 2506 3145 2575 δὴ
3193 2502 3414 2559 καὶτῶν
3442 2500 3671 2568 ἀψύχων

2102 2602 2240 2657 κατά
2269 2603 2430 2671 φύσιν
2456 2600 2586 2655 υίῶν
2613 2600 2781 2652 όντων
2813 2596 2968 2662 Θεοῦ,
3003 2597 3158 2665 εῐπερ
3199 2594 3261 2646 τὸ
3307 2591 3509 2659 κτίσμα
3537 2604 3671 2642 ταυ-

2102 2693 2188 2745 τὸν
2215 2690 2289 2760 τῷ
2312 2692 2604 2761 γεννήματι
2638 2689 2910 2757 τυγχάνει.

2781 2801 2983 2852 ΑΛΛΟ.

2173 2914 2448 2983 Είῶσπερ
2470 2914 2530 2966 τὸ
2582 2913 2784 2982 κτίσμα
2831 2911 3032 2982 κυρίως
3085 2909 3300 2977 λέγεται
3355 2907 3440 2976 ἐφ’
3476 2905 3669 2975 ἡμῶν,

2103 3009 2273 3070 οὕτως
2296 3008 2385 3060 καὶ
2406 3006 2465 3059 τὸ
2496 3006 2761 3075 γέννημα,
2785 3002 3045 3065 ὡσαύτως
3071 3002 3128 3055 δὲ
3160 3002 3253 3055 καὶ
3282 3001 3372 3053 ἐπὶ
3394 2999 3488 3052 τοῦ
3516 2997 3669 3060 Υίοῦ,

2102 3096 2250 3149 οὐδὲν
2277 3094 2432 3164 ἡμῶν
2480 3094 2593 3158 ἔξει
2636 3092 2799 3146 πλέον
2858 3093 2937 3155 είς
2993 3088 3266 3160 ὑπεροχὴν
3339 3086 3542 3156 κτίσμα
3575 3084 3673 3137 καὶ

2027 3190 2070 3249 c
2103 3189 2344 3256 γέννημα
2387 3186 2590 3257 κυρίως
2635 3185 2729 3239 ὢν.

2769 3300 2973 3353 ΔΛΛΟ.

2173 3415 2234 3466 Εἰ
2260 3413 2321 3466 τὸ
2345 3414 2589 3483 γέννημα
2622 3413 2717 3466 καὶ
2764 3412 2825 3464 τὸ
2877 3410 3079 3480 κτίσμα
3122 3406 3318 3462 ταυτὸν
3380 3404 3669 3476 τυγχάνει,

2103 3504 2291 3558 ἔστιδὲ
2329 3504 2529 3574 κτίσμα
2551 3505 2645 3558 καὶ
2682 3502 2743 3556 τὸ
2774 3502 2996 3571 Πνεῦμα
3021 3500 3083 3553 τὸ
3104 3499 3279 3568 ἅγιον,
3310 3497 3429 3551 κατ’
3450 3498 3668 3562 αὐτοὺς,

2102 3597 2259 3667 δῆλον
2288 3590 2368 3650 ὅτι
2397 3596 2490 3648 καὶ
2515 3595 2781 3664 γέννημα.
2829 3594 2891 3645 Εἰ
2929 3591 2986 3644 δὲ
3034 3591 3126 3643 καὶ⁵
3161 3589 3222 3642 τὸ
3278 3587 3502 3657 Πνεῦμα
3544 3586 3668 3655 γέν-

2103 3704 2274 3756 νημα,
2296 3686 2387 3739 καὶ
2409 3688 2436 3738 6
2471 3684 2597 3748 Υἱὸς
2625 3683 2718 3737 τοῦ
2748 3680 2881 3736 Θεοῦ
2906 3681 3172 3751 γέννημα,
3231 3678 3327 3731 καὶ
3368 3676 3435 3730 τὰ
3493 3677 3671 3730 πάντα

2104 3779 2413 3849 γεννήματα
2436 3816 2451 3841 ,
2502 3778 2613 3839 πῶς
2668 3773 2957 3845 μονογενὴς
2990 3774 3018 3825 6
3042 3771 3181 3834 Υίὸς
3205 3771 3234 3823 6
3286 3768 3423 3839 μετὰ
3459 3766 3672 3821 πολλῶν

2104 3870 2346 3939 ἀδελφῶν
2377 3868 2725 3937 εἰσαγόμενος
2747 3883 2761 3929 ;

2780 3980 2982 4033 AAAO.

2174 4077 2256 4140 Εί,
2286 4074 2418 4128 εἴτι
2450 4074 2651 4145 κτίσμα
2673 4072 2830 4131 Θεοῦ.
2883 4069 3040 4122 τοῦτο
3086 4064 3179 4120 καὶ
3215 4064 3473 4133 γέννημα,
3519 4056 3672 4117 οὐδὲν

2103 4168 2208 4220 τῶν
2236 4166 2534 4234 γεγονότων
2562 4164 2805 4217 λείπεται
2838 4161 2938 4231 τῆς
2985 4157 3274 4220 υἱοθεσίας.
3313 4154 3376 4209 EI
3397 4154 3453 4207 δὲ
3476 4152 3633 4207 τοῦτο
3652 4193 3668 4219 ,

2108 4261 2285 4329 μάτην
2319 4260 2448 4327 ἡμῖν
2477 4256 2742 4309 υἱοθεσίαν
2791 4251 3152 4323 ἐπηγγείλατο
3179 4250 3207 4301 6
3261 4246 3411 4311 Θεὸς,
3455 4245 3551 4299 ἅτε
3607 4244 3672 4315 δὴ

2106 4350 2199 4402 καὶ
2226 4348 2330 4401 τῶν
2364 4346 2584 4415 ἀψύχως
2628 4346 2858 4415 ἑχόντων
2889 4341 3045 4394 τοῦτο
3090 4337 3229 4392 κατὰ
3280 4337 3460 4406 φύσιν,
3491 4336 3668 4404 ειπερ,

2107 4440 2157 4491 εἶ
2181 4456 2229 4491 τι
2255 4436 2476 4507 κτίσμα,
2508 4434 2664 4488 τοῦτο
2694 4434 2787 4486 καὶ
2814 4431 3055 4501 γέννημα
3087 4426 3289 4496 κυρίως
3314 4423 3481 4478 ἐστίν.

2797 4694 2996 4747 ΑΛΛΟ.

2178 4816 2236 4866 Ei
2268 4814 2326 4867 τὺ
2361 4812 2605 4882 γέννημα
2628 4809 2721 4863 καὶ
2748 4809 2809 4862 τὸ
2829 4806 3031 4875 κτίσμα
3049 4804 3246 4858 ταυτόν
3273 4804 3437 4864 ἐστιν,
3479 4799 3593 4853 ἔστι
3615 4799 3673 4853 δὲ

2104 4907 2164 4957 τὸ
2194 4904 2479 4975 γενόμενον
2508 4902 2638 4956 Θεοῦ
2670 4901 2870 4971 κτίσμα
2888 4898 3065 4967 φύσει,
3098 4894 3299 4963 κτίσμα
3326 4890 3457 4945 Θεοῦ
3487 4890 3673 4960 δηλον-

2109 4998 2189 5049 ότι
2239 4996 2331 5048 καὶ
2375 4993 2532 5062 φύσει
2568 4992 2809 5063 γέννημα
2847 4989 2977 5043 Θεοῦ
3014 4987 3075 5040 τὸ
3102 4985 3253 5039 αὑτό.
3292 4984 3352 5036 Εἰ
3380 4981 3436 5035 δὲ
3469 4981 3530 5034 τὸ
3570 4979 3673 5063 triti-

2112 5106 2211 5149 σει,
2229 5086 2339 5139 ἀλλ’
2366 5086 2425 5137 οὐ
2455 5084 2599 5137 θέσει
2621 5083 2976 5153 γεννώμενον,
2999 5077 3278 5149 ὁμοούσιον
3307 5074 3381 5144 τῷ
3404 5071 3541 5142 Θεῷ,
3566 5073 3673 5125 πᾶν

2110 5179 2168 5231 τὸ
2195 5179 2478 5245 γενόμενον
2531 5177 2880 5247 εὑρεθήσεται
2922 5172 3096 5241 φύσει,
3152 5169 3308 5238 εἴπερ
3364 5165 3425 5218 τὸ
3466 5164 3673 5234 κτίσμα

2112 5268 2265 5337 φύσει
2297 5268 2387 5322 καὶ⁵
2407 5266 2647 5337 γέννημα
2668 5264 2939 5334 τυγχάνει,
2966 5263 3057 5315 καὶ
3082 5261 3142 5315 οὐ
3174 5260 3390 5329 μετοχῇ.

2792 5519 2993 5571 AAAO.

2179 5632 2239 5685 Εἰ
2266 5631 2324 5683 τὸ
2353 5630 2550 5702 κτίσμα
2571 5631 2725 5685 τοῦτο
2760 5632 2849 5684 καὶ
2878 5630 3124 5699 γέννημα
3154 5625 3355 5697 κυρίως
3376 5620 3461 5692 ἦν,
3499 5618 3673 5691 πολλῷ
