3968 6500
274 473 368 527 δυο

1660 455 2105 515 THESAURUS.

3443 450 3551 506 5N)

272 586 459 655 μᾶλλον
490 585 636 655 ὑπὲρ
655 584 731 638 τὰ
776 582 923 639 ἄλλα
950 579 1087 655 ἦσαν
1128 584 1176 636 οἱ
1225 581 1445 650 ἄγγελοι
1496 577 1699 651 κυρίως
1733 576 1859 630 υἱοί.

1996 572 2135 628 multo
2166 572 2336 643 magis
2362 569 2577 642 proprie
2622 583 2733 641 pra
2766 566 2989 639 reliquis
3024 566 3203 637 angeli
3244 574 3403 622 erunt
3433 566 3553 621 lilii.

272 680 328 731 El
354 677 409 731 ἃ
434 679 500 731 τὰ
525 676 723 748 πολλῷ
783 676 1074 746 κρείττονα
1120 672 1302 744 μέτρῳ
1338 669 1541 742 κυρίως
1590 668 1691 722 οὐκ
1728 666 1865 719 είσὶν

272 768 369 821 υἱοὶ
401 767 419 839 (
444 768 625 821 οὐδενὶ
654 768 795 843 γάρ,Δ
816 784 950 821 ποτε
989 765 1097 819 τῶν
1120 763 1370 833 ἀγγέλων
1398 757 1575 814 εἶπεν
1610 757 1739 820 rw;
1764 772 1863 827 μου

271 853 316 909 εἷ
338 859 399 909 σὺ
422 856 476 925 ),
506 856 614 911 οὐκ
640 856 813 910 ἔσται
840 857 949 927 ἄρα
972 854 1033 907 τδ
1074 851 1278 923 κτίσμα
1309 850 1469 905 τοῦτο
1496 848 1591 903 καὶ
1618 846 1865 918 γέννημα

271 944 482 1016 κυρίως.

975 1051 1182 1108 ΔΔΛΟ.

332 1170 393 1225 El
445 1168 664 1241 κτίσμα
734 1169 832 1223 καὶ
886 1169 1135 1238 γέννημα
1168 1164 1361 1219 ταυτόν
1398 1163 1569 1226 ἐστιν,
1606 1162 1637 1216 6
1668 1159 1868 1225 κτίζων

269 1262 410 1315 ἔσται
444 1261 541 1315 καὶ
579 1262 811 1330 Πατήρ.
844 1259 985 1313 Είδὲ
1019 1257 1191 1323 κτίζει
1231 1258 1261 1311 6
1292 1258 1443 1321 Υίδς,
1480 1255 1631 1308 ἔσται
1654 1255 1684 1307 6
1708 1252 1868 1315 αὐτὸς

269 1350 357 1403 καὶ
387 1351 605 1419 Πατήρ.
668 1352 743 1405 El
805 1351 866 1405 δὲ
924 1350 1100 1415 τοῦτο,
1147 1349 1300 1403 ἔσται
1356 1347 1566 1419 Πατρὸς
1617 1344 1807 1414 Πατὴρ
1839 1344 1868 1397 6

265 1440 545 1510 ἀγένητος,
571 1441 743 1494 οὐδὲν
766 1442 928 1495 πλέον
954 1441 1092 1513 ἔχων
1126 1440 1223 1509 τῆς
1252 1438 1374 1497 καθ’
1406 1438 1554 1508 ἡμᾶς
1603 1452 1867 1507 πραγμα-

266 1533 409 1597 τείας
439 1534 499 1585 ὲν
529 1536 603 1603 τῇ
632 1534 840 1589 ἑαυτοῦ
865 1534 1134 1605 θεογονίφι
1162 1534 1322 1604 είπερ
1348 1531 1409 1586 τὸ
1439 1530 1687 1600 γέννημα
1710 1526 1869 1582 τοῦτο

264 1623 291 1675 6
314 1625 406 1678 καὶ
446 1624 670 1696 κτίσμα
700 1624 983 1695 τυγχάνει.

970 1739 1176 1792 ΔΛΛΟ.

329 1852 393 1907 ει
415 1853 479 1907 τὸ
502 1853 726 1924 κτίσμα
752 1854 901 1906 ἐστὶν
928 1852 1145 1923 ἀληθῶς
1173 1851 1268 1906 καὶ
1301 1851 1567 1923 γέννημα,
1616 1850 1869 1922 καθάπερ

264 1944 291 1995 6
319 1905 471 2009 ms;
496 1905 666 1997 ea:
686 1905 801 1997 es;
823 1905 1052 1996 tam;
1070 1905 1355 2010 ἀέελφδςί
1373 1905 1522 2004 τιέξ,
1538 1905 1600 1994 6ο
1630 1940 1737 2011 μὴν
1758 1905 1872 1993 κό-
1905 1905 1949 1965 Β

267 2052 377 2106 ριος
407 2037 437 2088 6
474 2036 644 2100 Θεός.
705 2036 769 2089 ει
794 2036 851 2089 δὲ
893 2035 1006 2088 ἔστι
1065 2033 1271 2105 Κύριος
1310 2034 1406 2087 καὶ
1438 2032 1592 2096 Θεὸς,
1634 2032 1735 2085 οὐκ
1764 2032 1873 2103 ἄρα

267 2125 516 2196 ἀδελφός.
576 2128 652 2182 El
699 2128 880 2181 τοίνυν
934 2125 1012 2198 τῷ
1071 2125 1187 2197 Υίῷ
1235 2125 1349 2179 δντι
1398 2127 1675 2196 μονογενεῖ
1718 2124 1872 2178 οὐδὲν

270 2214 371 2268 τῶν
400 2216 581 2271 ὄντων
635 2218 784 2270 ἐστὶν
834 2215 1085 2284 ἀδελφὺν,
1142 2214 1262 2268 οὐδὲ
1312 2215 1633 2285 γεννήματα
1666 2214 1872 2283 κυρίως

270 2305 374 2357 εξσὶ
405 2305 694 2369 atoma,
729 2307 836 2359 είσὶ
882 2306 939 2358 δὲ
983 2304 1257 2375 κτίσματα
1311 2305 1550 2377 κυρίωςο
1584 2304 1702 2369 πῶς
1761 2305 1872 2375 ἄρα

272 2394 463 2450 ταυτὸν
495 2396 713 2468 κτίσμα
740 2398 835 2450 καὶ
858 2397 1104 2467 γέννημα
1129 2413 1145 2461 ἱ

976 2574 1182 2656 anno.

345 2715 409 2770 Ei
426 2718 493 2772 τὺ
514 2718 735 2789 ποίημα
753 2716 905 2770 ἔσται
938 2714 1033 2768 καὶ
1057 2714 1327 2784 γέννημα,
1348 2714 1377 2767 6
1411 2713 1583 2767 ποιῶν
1607 2712 1761 2768 ἔσται
1779 2713 1875 2766 καὶ

281 2810 585 2881 γεννήτωρ.
624 2808 736 2862 Καὶ
787 2806 1047 2879 προάγων
1093 2806 1191 2877 μὲν
1226 2805 1291 2858 τὸ
1340 2806 1449 2858 πᾶν
1492 2805 1552 2869 ἑξ
1573 2804 1767 2858 ἑαυτοῦ
1797 2804 1874 2867 ὡς

282 2902 585 2971 γεννήτωρ,
610 2899 811 2968 ἔξωθεν
831 2898 889 2951 δὲ
916 2898 977 2952 τὸ
1032 2896 1163 2951 αὐτὸ
1199 2897 1367 2952 ποιῶν
1412 2896 1489 2961 ὡς
1519 2896 1871 2967 δημιουργός.

284 2988 343 3041 El
362 2988 420 3043 δὲ
445 2988 651 3055 ἔξωθεν
690 2988 848 3042 τοῦτο
877 2990 1021 3041 ποιεί
1056 2987 1085 3041 6
1112 2986 1207 3040 καὶ
1239 2987 1443 3041 τίκτειν
1474 2985 1534 3051 ιξ
1557 2985 1753 3040 ἑαυτοῦ
1784 2986 1876 3039 δύο

284 3095 459 3145 ναται,
490 3081 612 3143 ἑνὸς
640 3079 793 3142 ὄντος
842 3077 943 3149 ήδη
971 3073 1068 3129 τοῦ
1103 3074 1191 3128 ἐπ’
1227 3075 1428 3145 ἀμφοῖν
1477 3075 1702 3145 τρόπου,
1758 3075 1877 3139 πῶς

286 3169 344 3221 τὸ
365 3171 421 3223 ἰν
449 3172 535 3225 ἑνὶ
591 3170 879 3241 πράγματι
930 3162 1218 3236 συναχὌὲν,
1279 3164 1374 3219 δύο
1429 3166 1774 3237 πραγμάτων
1809 3165 1875 3219 ἂν

1969 661 2029 718 Si
2047 678 2175 718 vero
2225 678 2344 733 quae
2372 660 2751 732 praestantiora
2786 659 2955 715 multo
2975 665 3121 721 sunt,
3152 672 3255 710 non
3272 665 3400 710 sunt
3453 655 3552 711 [illi

1970 755 2193 827 (nemini
2218 756 2362 810 enim
2394 768 2632 825 unquam
2682 751 2996 821 angelorum
3053 748 3193 804 dixit
3230 746 3373 803 Deus
3409 766 3424 802 :
3460 746 3553 804 Fi-

1939 845 2072 901 —lius
2096 860 2249 901 meus
2276 860 2338 901 es
2399 847 2478 917 tu)
2505 861 2517 898 :
2547 860 2653 901 non
2683 844 2792 901 erit
2820 842 3007 912 itaque
3050 849 3301 896 creatura
3331 840 3553 911 proprie

1968 938 2239 1008 genimen.
2891 980 2897 985 .

2642 1048 2873 1105 ALIUD.

2044 1164 2102 1220 Si
2131 1174 2381 1221 creatura
2406 1174 2460 1220 et
2492 1164 2742 1234 genimen
2790 1172 2921 1220 sunt
2936 1163 3108 1227 idem,
3137 1163 3229 1233 qui
3258 1166 3415 1217 creat
3452 1159 3560 1216 erit

1970 1256 2148 1311 Pater.
2184 1257 2239 1310 Si
2273 1240 2453 1312 autem
2485 1267 2634 1311 creat
2668 1254 2858 1319 Filius,
2890 1256 2998 1312 erit
3026 1256 3141 1325 ipse
3182 1254 3351 1311 etiam
3370 1253 3557 1309 Pater.

1970 1349 2121 1416 Quod
2148 1349 2193 1404 si
2230 1364 2415 1403 verum
2436 1358 2539 1413 est,
2571 1349 2677 1403 erit
2702 1345 2882 1403 Patris
2904 1346 3066 1402 Pater
3103 1345 3400 1415 ingenitus,
3424 1344 3561 1399 nihil

1972 1442 2202 1510 amplius
2235 1441 2439 1496 habens
2470 1456 2631 1509 quam
2672 1455 2771 1495 nos
2806 1440 2858 1495 in
2888 1455 2985 1495 sua
3030 1439 3213 1494 divina
3246 1436 3560 1508 generatio-

1973 1548 2065 1599 ne,
2092 1532 2361 1603 siquidem
2391 1532 2726 1603 genimenet
2754 1541 3006 1587 creatura
3039 1532 3179 1587 idem
3204 1538 3310 1585 est.

2648 1728 2809 1787 ALIU
2821 1729 2885 1785 Ι).

2050 1843 2107 1899 Si
2139 1852 2388 1899 creatura
2420 1856 2545 1898 vere
2592 1842 2760 1897 etiam
2823 1850 2909 1897 est
2960 1840 3235 1910 genimen,
3289 1838 3431 1894 sicut
3466 1838 3563 1893 Fi-

1980 1934 2082 1989 lius
2116 1950 2130 1992 :
2196 1933 2303 1988 erit
2335 1943 2485 1989 certe
2505 1930 2678 1986 Filius
2700 1931 2944 1985 omnium
2997 1930 3189 1995 frater,
3230 1928 3341 1984 non
3380 1938 3563 1983 autem

1982 2026 2239 2080 Dominus
2275 2024 2434 2078 Deus.
2467 2023 2521 2078 Si
2556 2039 2687 2079 vero
2718 2032 2801 2078 est
2847 2021 3105 2078 Dominus
3140 2032 3194 2076 et
3230 2021 3392 2085 Deus,
3457 2035 3565 2075 non

1981 2116 2143 2186 igitur
2170 2115 2355 2169 frater.
2394 2114 2450 2169 Si
2475 2131 2606 2185 ergo
2647 2114 2809 2177 Filio,
2840 2129 2962 2169 eum
3016 2114 3089 2169 sit
3124 2110 3567 2183 unigenit‘us,ni-

1981 2208 2054 2262 hil
2081 2222 2145 2261 ex
2188 2206 2254 2261 iis
2289 2221 2410 2276 qua:
2446 2206 2719 2262 exsistunt
2760 2204 2933 2275 possit
2990 2202 3099 2258 dici
3149 2202 3339 2265 frater,
3379 2199 3565 2271 profe-

1980 2313 2069 2357 cto
2100 2302 2323 2372 reliqua
2345 2303 2614 2371 genimina
2642 2302 2859 2373 pr0prie
2878 2314 2986 2355 non
3011 2307 3193 2359 erunt.
3217 2298 3314 2354 sed
3344 2296 3567 2367 proprie

1980 2400 2263 2447 creaturae.
2298 2390 2582 2458 Quomodo
2606 2405 2738 2461 ergo
2770 2390 2911 2446 idem
2951 2389 3062 2445 sint
3107 2396 3358 2444 creatura
3389 2394 3444 2441 et
3474 2398 3569 2455 ge-

1982 2483 2197 2538 nimen?
2296 2524 2301 2531 .

2644 2588 2877 2647 ALIUD.

2052 2710 2109 2765 Si
2148 2725 2283 2779 opus
2313 2716 2367 2763 et
2392 2709 2645 2780 genimen
2702 2714 2831 2762 sunt
2873 2705 3040 2768 idem,
3098 2701 3281 2772 opifex
3324 2702 3488 2757 etiam
3518 2708 3575 2755 et

1981 2805 2195 2875 genitor
2227 2803 2368 2857 idem
2396 2808 2578 2856 erunt.
2609 2799 2676 2854 Et
2705 2799 3015 2868 producens
3045 2796 3267 2866 quidem
3294 2794 3478 2851 omnia
3503 2807 3571 2849 ex

1981 2910 2041 2950 se
2078 2901 2136 2948 ut
2170 2894 2419 2964 genitor,
2454 2891 2793 2946 extrinsecus
2819 2898 2949 2944 vero
2978 2887 3080 2943 hoc
3102 2885 3310 2941 faciens
3342 2894 3574 2941 uteren-

1984 2995 2087 3040 tor.
2114 2986 2172 3040 Si
2205 2991 2331 3040 vero
2366 2983 2707 3039 extrinsecus
2734 2981 2876 3035 idem
2907 2978 3059 3043 facit,
3098 2981 3240 3049 quod
3268 2986 3323 3032 et
3350 2978 3574 3048 gignere

1982 3091 2049 3133 ex
2078 3092 2136 3132 se
2153 3085 2350 3147 potest,
2377 3090 2500 3130 cum
2537 3089 2641 3128 una
2677 3073 2977 3141 eademque
3004 3072 3076 3125 sit
3102 3071 3156 3125 in
3214 3079 3447 3138 utroque
3493 3084 3575 3123 ra-

1985 3168 2082 3233 tio,
2113 3168 2385 3238 quomodo
2414 3166 2558 3236 quod
2592 3166 2645 3219 in
2677 3178 2841 3219 unam
2871 3178 2985 3217 rem
3010 3149 3269 3217 collatum
3304 3169 3408 3225 est,
3445 3162 3574 3214 dua-

290 3260 399 3329 ιχοι
428 3260 825 3332 προσηγορίας,
861 3259 910 3312 εί
962 3258 1037 3330 μὴ
1062 3258 1173 3330 ἄρα
1205 3257 1410 3326 Θατέρα
1460 3256 1643 3312 αὐτῶν
1666 3257 1753 3328 εἴη
1795 3256 1876 3309 δι-

1996 3274 2103 3314 rum
2133 3274 2313 3315 rerum
2344 3257 2762 3328 appellationem
2821 3255 3040 3322 habeat,
3077 3253 3182 3308 nisi
3244 3252 3574 3309 alterutrum

292 3348 599 3423 ιψευσμένη
622 3368 636 3415 ς

986 3463 1191 3516 ΔΛΛΟ.

363 3575 511 3629 Eis?)
555 3575 762 3644 κτίσμα
807 3572 965 3627 τοῦτο
1016 3574 1109 3627 καὶ
1145 3572 1412 3645 γέννημα.
1456 3574 1664 3647 κτίσμα
1688 3576 1764 3638 δὲ,
1805 3575 1882 3639 ὥς

299 3682 451 3735 φασι,
492 3666 555 3720 τὸ
606 3665 850 3735 Πνεῦμα,
875 3664 1030 3736 δῆλον
1059 3666 1142 3718 ὅτι
1204 3668 1299 3719 καὶ
1350 3666 1623 3737 γέννημα.
1665 3667 1802 3720 Ἀλλ’
1835 3669 1885 3721 ει

304 3754 399 3821 μὲν
448 3754 663 3827 [ἰατρὸς
684 3794 699 3814 .
757 3753 941 3807 οὐκέτι
975 3754 1270 3826 μονογενὴς
1307 3756 1336 3809 6
1366 3755 1513 3819 Υἱός.
1538 3756 1601 3810 Εί
1621 3755 1678 3809 δὲ
1709 3756 1842 3810 Υίοῢ
1866 3796 1883 3821 ,

302 3839 449 3895 ἔσται
490 3841 620 3906 Υἱὸς
642 3841 797 3907 Υίοῦ,
828 3843 983 3913 εἴπερ
1003 3843 1064 3896 τὸ
1095 3843 1297 3915 κτίσμα
1346 3844 1504 3899 τοῦτο
1525 3845 1619 3899 καὶ
1641 3845 1889 3916 γέννημα

303 3934 572 4005 τυγχάνει.

318 4156 431 4211 ὀτι
452 4154 541 4227 μὴ
574 4154 654 4218 τῷ
692 4154 909 4214 κτίζειν
941 4154 1277 4281 τόΘγεζνᾷν
1315 4158 1536 4212 ταυτόν
1574 4159 1747 4212 ἐστιν
1776 4156 1879 4211 ἐπὶ

1057 4243 1183 4281 εου.

1057 4243 1183 4281 εου.

374 4339 435 4393 El
460 4340 519 4393 τὸ
544 4341 739 4411 γεννᾷν
768 4340 861 4393 καὶ
880 4339 939 4393 τὸ
968 4342 1140 4392 ποιεῖν
1180 4341 1376 4394 ταυτόν
1396 4341 1511 4395 ἐστι
1554 4342 1705 4413 παρὰ
1736 4341 1882 4411 Θεῷ,

310 4432 467 4503 γεννᾷ
489 4430 547 4485 δὲ
580 4431 669 4483 τὸν
697 4430 823 4484 Υἱδν
853 4430 1242 4501 ἀμεσιτεύτως,
1284 4431 1445 4501 δῆλον
1470 4432 1551 4483 ὅτι
1580 4432 1672 4485 καὶ
1703 4432 1883 4486 πάντα

309 4523 469 4593 γεννᾷ
500 4521 533 4589 ἦ
561 4523 706 4573 ποιεῖ
729 4520 1117 4586 ἁμεσιτεύτως.
1158 4520 1218 4574 Εἰ
1239 4521 1295 4573 δὲ
1344 4524 1508 4592 γεννᾷ
1549 4522 1647 4591 μὲν
1683 4523 1746 4575 οὗ
1795 4523 1885 4576 διά

1992 3366 2177 3407 eorum
2203 3352 2276 3407 sit
2313 3350 2541 3406 falsum?

2657 3460 2819 3518 ALIU
2832 3462 2894 3515 Ι).

2062 3580 2119 3634 Si
2150 3587 2399 3635 creatura
2424 3586 2479 3632 et
2505 3576 2758 3649 genimen
2790 3575 2933 3629 idem
2966 3581 3116 3640 sunt,
3166 3580 3420 3629 creatura
3473 3586 3575 3637 su—

1990 3682 2096 3727 tem
2132 3679 2238 3736 est,
2262 3681 2323 3727 ut
2352 3670 2504 3725 aiunt
2530 3670 2629 3735 illi,
2666 3666 2907 3737 Spiritus
2933 3674 3181 3732 sanctus,
3215 3674 3367 3721 certe
3395 3674 3451 3721 et
3477 3679 3577 3735 ge.

1987 3764 2171 3819 nimen
2205 3764 2334 3818 erit.
2363 3763 2524 3832 Atqui
2569 3760 2613 3815 si
2641 3761 2822 3817 Patris
2856 3760 3109 3829 genimen
3160 3764 3265 3824 est,
3296 3756 3406 3824 iam
3469 3772 3577 3813 non

1986 3853 2092 3909 erit
2151 3853 2456 3923 unigenitus
2525 3850 2695 3907 Filius
2754 3867 2769 3903 :
2815 3851 2863 3905 si
2911 3864 3041 3907 vero
3089 3848 3254 3914 Filii,
3309 3848 3417 3903 erit
3493 3844 3581 3901 Fi-

1987 3944 2093 4000 lius
2165 3944 2311 4010 Filii,
2367 3944 2638 4016 siquidem
2689 3952 2941 3999 creatura
2997 3950 3053 3999 et
3132 3941 3384 4012 genimen
3433 3938 3575 3996 idem

1988 4044 2135 4090 sunt.

2096 4169 2250 4236 Quod
2274 4184 2451 4223 creare
2471 4180 2519 4224 et
2542 4170 2751 4240 gignere
2769 4186 2875 4224 non
2909 4178 3033 4224 sunt
3056 4168 3200 4225 idem
3248 4169 3305 4223 in
3329 4167 3467 4224 Deo.

2060 4345 2116 4400 Si
2149 4346 2371 4415 gignere
2394 4354 2450 4399 et
2484 4360 2669 4399 creare
2692 4346 2833 4400 idem
2865 4354 2944 4400 est
2974 4345 3028 4400 in
3058 4344 3190 4412 Deo,
3219 4353 3451 4417 generat
3477 4360 3578 4409 an-

1992 4445 2096 4490 tem
2126 4435 2320 4490 Filium
2370 4436 2684 4501 imntediate
2736 4451 2834 4505 per
2863 4452 2923 4492 se
2950 4453 2965 4492 :
2997 4446 3147 4492 certe
3177 4437 3341 4492 etiam
3394 4438 3579 4493 omnia

1992 4526 2306 4580 immediate
2325 4540 2421 4595 per
2448 4539 2505 4579 se
2536 4534 2761 4596 generat
2788 4525 2870 4579 vel
2903 4524 3053 4579 facit.
3104 4524 3161 4580 Si
3196 4536 3377 4581 autem
3411 4541 3577 4597 gene-

308 4628 467 4675 τινος,
516 4612 699 4665 οὐκέτι
753 4612 809 4664 δὲ
848 4612 943 4664 καὶ
982 4612 1051 4666 τὰ
1105 4612 1281 4666 πάντα
1319 4616 1462 4665 ποιεῖ
1484 4612 1876 4682 ἁμεσιτεύτως,

1997 4625 2079 4669 rat
2110 4632 2213 4669 non
2247 4615 2626 4685 peraliquem,
2662 4625 2715 4669 at
2746 4631 2854 4670 non
2878 4616 3061 4677 omnia
3088 4610 3222 4671 facit
3267 4616 3581 4672 immediate

311 4702 418 4765 πῶς
446 4703 508 4757 τὸ
532 4704 727 4772 γεννᾷν
760 4702 954 4755 ταυτὸν
1013 4704 1128 4757 ἐστι
1180 4702 1259 4773 τῷ
1301 4704 1473 4756 ποιεῖν
1524 4704 1675 4775 παρὰ
1728 4704 1883 4774 Θεῷ;

310 4794 455 4847 Ποιεῖ
474 4793 531 4847 δὲ
560 4794 800 4863 σεισμὸν,
849 4793 1055 4864 λοιμὸν.
1088 4794 1492 4865 κατακλυσμὸν,
1528 4796 1701 4850 ταῦτα
1732 4797 1885 4851 ἔσται

311 4885 510 4951 γεννῶν
536 4884 573 4939 ἃ
596 4889 756 4949 ποιεῖ,
791 4886 947 4956 είπερ
998 4886 1077 4956 τῷ
1108 4888 1280 4940 ποιεῖν
1322 4886 1381 4940 τὺ
1436 4888 1632 4959 γεννᾷν
1682 4891 1882 4942 ταυτόν

306 4975 417 5028 ἐστι
445 4975 578 5047 παρ’
606 4975 775 5045 αὐτῷ.

997 5087 1197 5140 ΔΛΛΟ.

375 5202 436 5255 El
470 5201 593 5255 ὅθεν
632 5202 796 5272 γεννᾷ
846 5200 1014 5264 Θεὸς,
1071 5201 1281 5255 ἐκεῖθεν
1334 5203 1425 5256 καὶ
1469 5204 1676 5269 κτίζει,
1731 5206 1885 5260 οὐδὲν

310 5291 540 5362 ἀράχνου
561 5292 771 5357 διοίσει,
803 5294 923 5347 κατ’
949 5293 1164 5357 αὐτοῦς,
1191 5294 1284 5348 τοῦ
1312 5296 1372 5348 τὸ
1401 5295 1606 5359 κτίζειν
1646 5300 1796 5369 παρὰ
1826 5301 1885 5353 τὸ

315 5385 497 5455 γεννᾷν
527 5385 627 5439 οὐκ
653 5384 828 5449 ἄλλως
853 5385 1086 5455 ἔχοντος.
1122 5386 1261 5438 Ἀλλ’
1286 5379 1439 5450 οὗτος
1482 5389 1582 5457 μὲν
1605 5388 1755 5462 νόμῳ
1786 5391 1887 5460 φύ-

313 5490 440 5538 σεως
468 5475 757 5545 ἀγόμενος,
787 5475 911 5529 ὅθεν
938 5478 1119 5546 γεννᾷ.
1152 5478 1359 5531 ἐκεῖθεν
1401 5481 1493 5534 καὶ
1528 5480 1722 5544 κτίζει.
1749 5482 1886 5546 Θεὸς

306 5561 380 5628 δὲ,
396 5565 492 5617 οὐκ
509 5562 585 5617 ὣν
610 5565 715 5617 ὑπὸ
740 5565 920 5632 φύσιν,
945 5564 1021 5629 ὡς
1050 5566 1263 5638 ἀνάγκη
1283 5568 1497 5636 φύσεως
1526 5571 1885 5641 ὑποκείμενος

317 5657 433 5725 παρ’
456 5655 637 5711 αὐτῶν
668 5655 1016 5726 ἀτιμάζεται.

990 5770 1195 5825 AAAO.

371 5879 434 5935 ει
460 5882 581 5936 ἐπεὶ
610 5880 909 5938 ἀσύνθετον
941 5884 997 5936 τὸ
1026 5884 1198 5951 Θεῖον,
1228 5886 1483 5953 ὠπαύτως
1518 5886 1629 5953 ἔχει
1659 5888 1735 5953 τῷ
1760 5904 1883 5953 γεν-

1991 4722 2085 4777 per
2120 4721 2200 4769 se,
2258 4708 2529 4774 quomodo
2571 4707 2711 4761 idem
2749 4708 2852 4760 erit
2890 4722 3153 4774 generare
3192 4717 3249 4762 et
3300 4707 3483 4762 facere
3525 4709 3579 4762 in

1994 4798 2144 4853 Deo?
2169 4797 2325 4851 Facit
2353 4811 2484 4852 vero
2519 4805 2679 4852 terrae
2732 4806 2961 4861 motum,
2996 4806 3228 4867 pestem.
3260 4796 3526 4852 diluvium
3561 4816 3576 4853 :

1992 4903 2122 4957 ergo
2150 4900 2204 4943 et
2235 4896 2463 4959 generat
2497 4902 2615 4957 qua:
2639 4887 2788 4955 facit,
2821 4890 2867 4943 si
2906 4890 3065 4945 modo
3088 4905 3352 4961 generare
3408 4898 3465 4944 et
3496 4888 3577 4944 fa-

1992 4995 2116 5035 cere
2148 4979 2290 5036 idem
2322 4982 2375 5034 in
2404 4979 2522 5051 ipso
2542 4988 2645 5036 est.

2556 5092 2718 5165 134
2773 5091 3005 5149 ALlUD.

2061 5207 2115 5261 Si
2146 5207 2289 5261 unde
2304 5216 2533 5276 generat
2577 5209 2742 5272 Deus,
2776 5207 2900 5262 inde
2926 5208 3089 5262 etiam
3111 5215 3286 5273 creat,
3323 5208 3457 5262 nihil
3512 5209 3582 5264 ab

1995 5310 2192 5350 araneo
2219 5295 2452 5363 differet,
2477 5297 2635 5366 juxta
2668 5297 2807 5362 illos,
2840 5297 2929 5365 qui
2968 5312 3072 5352 non
3098 5296 3203 5350 alia
3238 5299 3452 5351 ratione
3482 5312 3581 5366 ge-

1994 5396 2170 5453 nerat,
2193 5403 2352 5457 quam
2383 5387 2529 5443 facit.
2565 5388 2668 5442 Sed
2698 5387 2786 5442 hic
2819 5388 3036 5457 quidem
3066 5388 3181 5457 lege
3206 5399 3411 5443 natum
3473 5391 3578 5443 dn-

1994 5487 2135 5542 ctus,
2161 5478 2303 5532 unde
2333 5486 2578 5547 generat,
2604 5478 2730 5532 inde
2756 5487 2809 5532 et
2829 5488 2996 5533 creat.
3055 5477 3198 5533 Deus
3247 5490 3429 5533 autem
3458 5493 3582 5532 eum

1997 5584 2102 5625 non
2135 5570 2205 5625 sit
2241 5580 2452 5622 naturae
2483 5569 2779 5637 subjectus,
2823 5579 3079 5640 tanquam
3132 5578 3338 5624 natura
3373 5568 3585 5639 legibus

1991 5660 2236 5716 subditus
2266 5658 2335 5714 ab
2362 5660 2491 5732 ipsis
2519 5661 2904 5716 contemnitur.

2672 5772 2832 5830 ALIU
2845 5774 2905 5827 ι).

2073 5884 2128 5939 Si
2159 5886 2414 5975 quoniam
2460 5887 2726 5947 Divinitas
2770 5888 3071 5955 composita
3116 5903 3225 5946 non
3256 5897 3361 5953 est.
3390 5891 3581 5947 eadem
