3968 6498
1335 421 1395 480 3.
1436 419 1713 480 CYRILLI
1748 413 2214 476 ALEXANDle
2250 416 2564 474 ARCHIEP.

3434 408 3547 468 3ιί

324 531 533 588 ratione
560 539 798 604 generat,
826 531 958 603 "qua
1013 541 1204 591 creat:
1231 536 1420 592 eadem
1458 536 1623 593 etiam
1669 535 1876 591 ratione

1999 527 2074 604 »ᾷν
2094 533 2155 587 τὸ
2191 534 2363 613 ποιεῖν
2386 571 2401 594 ,
2447 529 2704 593 ὡσαύτως
2760 528 2870 595 ἕξει
2915 529 3006 583 καὶ
3043 527 3104 582 τὸ
3141 524 3548 598 προγινώσκειν

321 633 754 694 ριέηοεεει,ιιυι
785 622 974 692 (sciet,
1000 633 1058 680 ut
1079 626 1330 682 nimirum
1352 626 1513 683 etiam
1537 626 1639 682 hac
1665 624 1874 680 ratione

1999 622 2054 694 re}
2086 625 2391 705 noulv,_tva
2415 622 2703 696 καὶταύτῃ
2729 618 2763 694 ᾗ
2805 620 3112 675 ἀσύνθετον.
3156 620 3218 673 El
3264 619 3322 671 δὲ
3347 617 3540 682 τούτο,

319 712 515 767 sitnon
545 712 863 783 composita.
889 712 1040 782 Quod
1055 715 1102 770 si
1126 715 1200 770 ita
1227 722 1328 782 est,
1354 717 1690 772 erito'mnino
1710 713 1874 770 etiam

1999 714 2129 767 ἱσται
2157 713 2321 768 ποιῶν
2338 712 2374 767 ἃ
2409 711 2765 784 προγινώσκει
2787 710 2954 773 κακὰ,
2975 712 3133 781 εῐπερ
3155 708 3347 763 ταυτὸν
3363 706 3548 760 ταῦτα

324 800 528 857 faciens
585 803 725 858 mala
774 818 895 872 qua
947 805 1254 874 pranoscit,
1281 805 1326 860 si
1369 807 1527 862 modo
1556 805 1696 861 idem
1748 813 1877 860 sunt

1999 807 2107 876 παρ’
2140 804 2306 876 αὐτῷ,
2337 806 2416 860 ὅτι
2444 805 2508 876 δὴ
2534 806 2628 860 καὶ
2653 803 2960 860 ἀσύνθετον.

323 889 438 946 hac
485 891 540 946 in
577 892 714 960 ipso,
763 893 902 962 quod
940 893 1152 962 quidem
1194 901 1277 948 est
1305 908 1408 949 non
1446 907 1566 950 esse
1612 892 1876 965 composi-

325 991 460 1036 tum.

981 1090 1214 1150 ALIUD.

393 1196 454 1254 Si
479 1197 619 1256 Deus
641 1201 826 1257 eadem
854 1203 1061 1260 ratione
1075 1211 1297 1275 generat
1315 1214 1370 1260 et
1398 1213 1566 1272 creat,
1595 1204 1718 1274 quia
1737 1216 1879 1259 com-

324 1286 531 1357 positus
559 1302 666 1344 non
697 1299 779 1346 est
805 1309 822 1346 :
873 1291 1057 1348 videre
1080 1301 1134 1349 et
1158 1307 1414 1363 generare
1441 1293 1581 1350 idem
1627 1292 1789 1349 etiam
1823 1291 1880 1348 in

327 1380 444 1449 ipso
473 1379 656 1450 fuerit,
689 1391 749 1437 ut
775 1383 829 1438 in
847 1384 1154 1442 universum
1184 1401 1290 1441 non
1313 1386 1384 1442 sit
1433 1386 1785 1456 compositus.
1821 1383 1878 1440 Si

325 1483 455 1526 vero
517 1472 633 1528 hac
696 1487 801 1530 non
851 1483 977 1531 sunt
1029 1477 1085 1533 in
1132 1491 1198 1534 eo
1243 1475 1597 1533 indiﬂerentia
1627 1517 1645 1541 ,
1721 1486 1883 1546 atque

325 1560 514 1615 eadem
560 1561 756 1633 (neque
791 1564 934 1620 enim
996 1568 1138 1636 quod
1171 1566 1365 1633 ‘videt,
1407 1567 1512 1623 hoc
1560 1575 1616 1622 et
1639 1565 1881 1637 generat)

327 1648 644 1719 simplicitas
689 1650 804 1721 ejus
862 1668 967 1710 non
1021 1654 1233 1710 laditur
1267 1671 1280 1709 :
1317 1670 1385 1712 ne
1412 1655 1464 1712 id
1497 1654 1709 1726 quidem
1741 1656 1882 1725 quod

330 1739 485 1795 aliter
533 1752 774 1812 generet,
821 1744 977 1801 aliter
1029 1754 1194 1813 creet,
1246 1745 1439 1802 eiliciet
1493 1756 1550 1802 ut
1606 1747 1676 1802 sit
1725 1760 1878 1804 com-

325 1830 552 1900 positus.
1544 1831 1556 1845 ‘

986 1945 1216 2006 ALIUD.

398 2055 456 2112 Si
481 2057 534 2112 in
556 2059 751 2129 quibus
779 2075 1040 2131 generare
1067 2073 1121 2118 et
1167 2076 1355 2118 crearo
1411 2061 1623 2118 diversa
1647 2072 1795 2129 sunt,
1846 2063 1886 2118 ii

325 2159 587 2218 generant
611 2165 678 2206 ex
709 2152 922 2223 seipsis,
972 2163 1159 2220 creant
1211 2169 1339 2211 vero
1386 2156 1764 2212 extrinsecus:
1831 2156 1885 2212 in

321 2238 521 2308 quibus
544 2254 668 2296 vero
691 2255 950 2312 generare
975 2249 1031 2299 et
1049 2257 1239 2300 creare
1267 2241 1409 2299 idem
1430 2253 1534 2309 est,
1557 2245 1610 2300 in
1635 2245 1701 2300 iis
1729 2260 1855 2302 crea
1871 2274 1886 2288 -

326 2345 386 2387 re
415 2331 750 2387 extrinsecus
782 2346 887 2388 non
933 2334 1166 2401 exsistit,
1209 2335 1659 2404 quemadmodum
1713 2340 1920 2405 neqne‘

322 2433 393 2474 ex
427 2434 548 2476 sese
579 2435 859 2490 generare.
891 2423 950 2479 Si
1010 2439 1140 2482 vero
1197 2425 1532 2482 extrinsecus
1566 2434 1771 2481 tantum
1808 2426 1882 2480 illi

321 2510 646 2578 concedunt,
669 2513 810 2582 quod
841 2513 1057 2583 quidem
1089 2524 1173 2571 est
1192 2514 1392 2580 facere,
1438 2528 1702 2586 generare
1759 2529 1887 2570 vero

324 2610 430 2651 non
459 2596 586 2653 item
620 2616 634 2652 :
662 2599 944 2670 adoptione
976 2602 1079 2656 erit
1107 2610 1280 2671 pater,
1311 2603 1404 2671 qui
1436 2603 1703 2660 naturalis
1725 2617 1882 2659 crea-

325 2695 412 2743 10l'
436 2697 539 2746 εει.

986 2803 1216 2861 ALIUD.

396 2910 454 2965 Si
487 2925 745 2981 generare
799 2921 854 2967 et
903 2926 1090 2970 creare
1134 2915 1188 2970 in
1243 2915 1375 2980 Deo,
1403 2915 1531 2986 quia
1556 2916 1887 2987 compositus

325 3013 434 3053 non
459 3010 562 3064 est,
600 3000 742 3055 idem
770 3011 918 3067 sunt,
944 3017 1050 3058 non
1080 3012 1258 3060 autem
1280 3004 1442 3060 etiam
1470 3005 1526 3060 in
1558 3006 1736 3074 nobis,
1760 3006 1889 3076 quia

328 3090 461 3146 tales
487 3106 591 3147 non
615 3106 800 3148 sumus
833 3109 847 3145 :
883 3094 1023 3150 idem
1040 3096 1145 3151 erit
1172 3095 1226 3150 in
1245 3093 1336 3149 illo
1353 3109 1690 3165 praenoscere
1716 3107 1771 3153 et
1795 3109 1887 3166 ge-

2654 1086 2858 1140 ΔΑΜ).

2050 1197 2113 1252 El
2144 1197 2204 1252 τὸ
2234 1199 2425 1269 γεννᾷν
2461 1195 2559 1254 καὶ
2599 1198 2666 1252 τὸ
2692 1196 2894 1262 κτίζειν
2936 1195 3200 1258 ὡσαύτως
3232 1193 3346 1265 ἔχει
3370 1192 3505 1257 Θεὸς
3526 1231 3547 1256 ,

1981 1289 2165 1360 ἐπειδὴ
2190 1288 2498 1352 ἀσύνθετος,
2525 1289 2700 1342 καὶτὸ
2718 1290 2851 1360 ὸρᾷν
2905 1286 2984 1358 τῷ
3014 1288 3209 1359 γεννᾷν
3239 1286 3434 1341 ταυτὸν
3475 1285 3547 1340 ἂν

1980 1380 2064 1452 εῐη
2092 1383 2221 1454 παρ’
2249 1381 2421 1452 αὐτῷ,
2470 1381 2556 1434 ῖνα
2605 1380 2781 1452 πάντη
2805 1381 2863 1434 ὲν
2899 1378 3046 1451 αὐτῷ
3065 1380 3130 1434 τὺ
3156 1377 3447 1433 ἀσύνθετον

1981 1474 2045 1528 Ei
2078 1474 2135 1528 ιι
2160 1473 2235 1546 μὴ
2260 1473 2388 1528 ὄντα
2416 1475 2543 1544 παρ’
2575 1472 2724 1544 αὐτῷ
2787 1472 2958 1527 ταῦτα
3002 1471 3273 1543 ἀδιάφορα
3311 1468 3392 1540 (οὐ
3433 1469 3550 1541 γὰρ

1981 1566 2117 1637 ὅπερ
2143 1567 2264 1638 ὁρᾷ,
2293 1567 2452 1619 τοῦτο
2479 1566 2694 1629 πάντως
2718 1565 2814 1618 καὶ
2841 1561 3060 1635 τίκτει),
3077 1563 3139 1618 τὸ
3165 1561 3365 1618 ἁπλοῦν
3383 1559 3549 1616 αὐτοῦ

1981 1656 2042 1710 ού
2081 1655 2419 1728 λυμαίνεται.
2436 1657 2556 1711 οὐδὲ
2581 1657 2640 1712 τὺ
2658 1657 2853 1728 γεννᾷν
2881 1654 3121 1726 δηλονότι
3155 1653 3316 1708 αὐτὸν
3345 1653 3553 1723 ἑτέρως

1982 1750 2077 1803 καὶ
2126 1750 2328 1815 κτίζειν
2380 1747 2573 1816 ἄλλως,
2630 1747 2883 1820 στέρησιν
2928 1745 3074 1816 αὐτῷ
3110 1743 3206 1799 τοῦ
3255 1742 3553 1817 ᾁσυνθιτου

1908 1857 1958 1918 Β
1984 1839 2292 1912 ἐργάζεται.

2663 1948 2870 2001 ΛΛΔΟ.

2056 2065 2118 2117 Ei
2151 2063 2278 2135 παρ’
2311 2057 2394 2126 οἷς
2443 2061 2539 2115 τοῦ
2589 2060 2780 2130 γεννᾷν
2818 2059 2880 2112 τὸ
2938 2056 3141 2120 κτίζειν
3170 2055 3375 2124 ἓτερον,
3403 2052 3559 2122 παρὰ

1984 2155 2192 2217 τούτοις
2214 2153 2277 2207 τὺ
2301 2151 2361 2217 ἐξ
2390 2149 2597 2205 ἑαυτῶν
2615 2150 2832 2221 γεννᾷν,
2857 2146 3056 2213 ιξωθεν
3074 2145 3132 2199 δε
3161 2143 3364 2209 κτίζειν
3384 2141 3559 2213 ύπάρ-

1985 2261 2091 2316 χει,
2117 2243 2244 2315 παρ’
2275 2235 2320 2311 ᾧ
2347 2242 2404 2295 δὲ
2433 2240 2494 2294 τὺ
2511 2241 2705 2311 γεννᾷν
2724 2239 2804 2309 τῷ
2836 2237 3039 2302 κτίζειν
3078 2235 3293 2300 ταυτὸν,
3322 2234 3383 2288 τδ
3422 2233 3559 2300 ιξω-

1987 2333 2078 2388 θεν
2109 2332 2311 2397 κτίζειν
2331 2332 2430 2401 οὐχ
2452 2330 2706 2401 ὑπάρχει,
2759 2326 2834 2392 ὥς
2861 2326 2982 2382 οὐδὲ
3010 2326 3073 2380 τὸ
3093 2323 3303 2378 οἴκοθεν
3336 2323 3557 2393 γεννᾷν.

1986 2425 2049 2478 Ei
2077 2425 2134 2477 δὲ
2159 2424 2220 2478 τὸ
2252 2422 2451 2487 ἔξωθεν
2473 2422 2630 2491 μόνον
2662 2420 2811 2490 αὐτῷ
2838 2416 3230 2490 συγχωροῦσιν,
3258 2417 3287 2470 ὅ
3316 2416 3429 2468 ἐστι
3455 2412 3562 2486 μὲν

1987 2517 2180 2581 ποιεῖν,
2214 2515 2408 2585 γεννᾷν
2439 2513 2496 2566 δὲ
2526 2513 2585 2566 οὐ
2611 2511 2848 2577 θέλουσι,
2907 2510 3054 2563 θέσει
3097 2509 3250 2562 ισται
3298 2505 3482 2577 πατὴρ
3526 2504 3563 2558 ὁ

1989 2605 2130 2661 κατὰ
2152 2605 2310 2674 φύσιν
2340 2603 2688 2674 δημιουργός.

2650 2796 2852 2850 ΑΛΔΟ.

2057 2915 2121 2967 Ei
2173 2899 2238 2966 τό
2272 2910 2465 2980 γεννᾷν
2515 2908 2610 2962 καὶ
2642 2906 2706 2959 τὸ
2749 2902 2955 2968 κτίζειν
2995 2901 3147 2973 παρὰ
3178 2899 3318 2971 Θεῷ,
3371 2896 3563 2969 ιπειδὴ

1991 3003 2302 3070 ἀσύνθετος,
2324 3000 2517 3055 ταυτόν
2547 2999 2714 3060 ἐστιν,
2745 2996 2928 3071 οὐκέτι
2980 2994 3037 3048 δὲ
3088 2993 3183 3048 καὶ
3215 2992 3344 3062 παρ’
3389 2991 3561 3060 ἡμῖν,

1989 3097 2112 3153 ἐπεὶ
2147 3095 2221 3167 μὴ
2245 3091 2497 3157 τοιοῦτοι,
2519 3090 2671 3144 ἔσται
2689 3087 2884 3142 ταυτὸν
2917 3087 3045 3156 παρ’
3063 3084 3211 3155 αὑτῷ
3227 3084 3288 3137 τὸ
3314 3082 3566 3153 προνοεῖν

328 3195 540 3237 nerare.
557 3181 674 3238 Non
695 3182 840 3238 enim
865 3182 968 3239 hoc
1003 3184 1056 3239 in
1081 3184 1235 3240 nobis
1259 3183 1400 3240 idem
1431 3195 1534 3253 est,
1568 3187 1693 3256 quia
1732 3199 1885 3248 com:

1999 3189 2065 3260 τῷ
2093 3185 2400 3258 γεννᾷν..ού
2425 3183 2533 3255 γὰρ
2549 3181 2717 3237 ταυτδ
2745 3178 2903 3233 τοῦτο
2927 3178 3056 3249 παρ’
3077 3178 3229 3249 ἡμῖν,
3260 3176 3343 3229 δτι
3373 3171 3567 3227 σύνθε-

329 3268 488 3338 positi
510 3283 717 3324 sumus.
741 3268 799 3324 Si
833 3285 961 3325 vero
981 3272 1208 3339 simplex
1237 3273 1382 3327 illius
1409 3281 1601 3328 natura
1639 3280 1692 3326 et
1737 3285 1885 3326 com-

330 3358 611 3425 positionis
636 3373 847 3429 expers,
905 3373 1026 3414 eam
1077 3375 1197 3430 quae
1223 3362 1276 3416 in
1302 3362 1456 3416 nobis
1489 3369 1592 3427 est,
1630 3359 1886 3420 differen-

331 3449 482 3516 tiam,
517 3464 622 3504 non
655 3438 924 3504 diversam
956 3450 1023 3505 ab
1054 3464 1121 3506 eo
1166 3465 1285 3506 esse
1307 3452 1522 3520 coegit:
1550 3465 1616 3506 ne
1644 3450 1744 3505 hoc
1776 3450 1889 3520 qui-

330 3537 452 3593 dem
477 3537 620 3608 quod
646 3539 805 3594 aliter
832 3546 1073 3607 generet,
1111 3539 1272 3597 aliter
1295 3551 1464 3608 creet,
1502 3539 1695 3596 elficiet
1726 3548 1784 3594 ut
1815 3538 1889 3595 sit

330 3631 679 3701 compositus.

999 3741 1220 3801 ALIUD.

402 3853 458 3909 Si
503 3868 758 3923 generare
794 3856 933 3911 idem
965 3866 1048 3911 est
1071 3857 1215 3926 quod
1239 3869 1448 3923 creare,
1495 3870 1762 3926 generans
1786 3859 1889 3914 erit

331 3958 519 3999 creatis
545 3943 596 3999 id
653 3945 793 4015 quod
849 3955 1166 4016 generatum
1229 3955 1332 4018 est,
1396 3956 1451 4001 et
1508 3956 1775 4016 generans
1836 3948 1888 4003 id

331 4035 472 4105 quod
493 4045 732 4091 creatum
762 4045 862 4092 est.
887 4037 957 4091 At
988 4051 1115 4091 vero
1171 4025 1349 4092 facere
1402 4037 1514 4091 sive
1556 4051 1744 4094 creare
1800 4049 1886 4096 est

333 4126 679 4194 operationis,
736 4139 998 4197 generare
1025 4142 1151 4183 vero
1179 4135 1401 4183 natum.
1434 4127 1637 4183 Natura
1707 4139 1884 4187 autem

329 4226 388 4270 et
414 4218 651 4287 operatio
671 4233 774 4273 non
798 4227 920 4275 sunt
949 4217 1088 4274 idem
1113 4233 1129 4274 :
1154 4233 1412 4289 generare
1435 4219 1598 4290 igitur
1617 4229 1670 4276 et
1702 4235 1888 4278 creare

333 4321 435 4362 non
465 4316 587 4364 sunt
620 4308 781 4364 idem.

989 4414 1217 4478 ALIUD.

1992 3298 2092 3336 τοι⁸
2115 3282 2163 3334 εί
2195 3281 2252 3333 δὲ
2274 3279 2336 3332 τὸ
2367 3275 2571 3330 ἁπλοῦν
2613 3271 2778 3327 αὑτοῦ
2821 3271 2914 3324 καὶ
2951 3269 3242 3323 ἀσύνθετον
3294 3267 3393 3338 τὴν
3428 3261 3568 3335 παρ’

1995 3373 2124 3442 ἡμῖν
2143 3367 2405 3439 διαφορὰν
2427 3367 2526 3420 οὐκ
2560 3365 2780 3419 ἀλλοίαν
2812 3356 2949 3415 εἶναι
2987 3361 3119 3430 παρ’
3153 3355 3304 3427 αὐτῷ
3347 3354 3566 3424 eishi-

1997 3480 2146 3526 aaro;
2160 3462 2279 3515 οὐδὲ
2305 3461 2368 3514 τὸ
2389 3459 2584 3529 γεννᾷν
2607 3456 2768 3511 αὐτὸν
2787 3453 2980 3517 ἄλλως,
2998 3453 3093 3506 καὶ
3112 3449 3315 3515 κτίζειν
3337 3447 3564 3520 ἑτέρως,

1996 3551 2247 3622 στέρησιν
2277 3547 2422 3620 αὐτῷ
2453 3546 2546 3601 τοῦ
2578 3542 2869 3599 ἀσύνθετον
2899 3538 3211 3611 ἐργάζεται.

2679 3742 2882 3797 ΛΛΔΟ.

2067 3861 2129 3916 El
2151 3861 2227 3932 τῷ
2245 3860 2436 3929 γεννᾷν
2464 3856 2657 3911 ταυτόν
2690 3856 2805 3908 ἔστι
2830 3852 2890 3906 τὸ
2914 3851 3106 3913 ποιεῖν,
3128 3852 3156 3903 ὁ
3177 3845 3380 3916 γεννῶν
3407 3844 3565 3901 ἔσται

1995 3953 2163 4007 ποιῶν
2209 3952 2268 4005 τὺ
2316 3947 2678 4020 γεννώμενον,
2729 3943 2823 3998 καὶ
2864 3941 3066 4011 γεννῶν
3105 3940 3165 3994 τὺ
3215 3937 3564 4008 ποιούμενον.

2008 4043 2164 4099 Ἀλλὰ
2195 4043 2257 4096 τὸ
2280 4042 2380 4109 μὲν
2407 4043 2601 4103 ποιεῖν,
2636 4036 2915 4108 ἐνεργείας
2966 4034 3103 4099 ἐστὶ,
3157 4032 3370 4102 φύσεως
3418 4029 3473 4082 δι
3499 4027 3571 4081 τὸ·

1994 4137 2207 4206 γεννᾷν.
2239 4133 2404 4195 ⁶Ιιύσις
2428 4131 2486 4186 δὲ
2527 4130 2620 4183 καὶ
2682 4126 2931 4198 ἐνέργεια
2973 4126 3034 4178 ού
3085 4123 3298 4177 ταυτόν·
3329 4121 3428 4175 οὐκ
3450 4119 3562 4190 ἄρα

1992 4225 2070 4280 τῶ
2101 4226 2291 4296 γεννᾷν
2333 4223 2395 4276 τὸ
2433 4223 2606 4275 ποιεῖν
2636 4217 2828 4273 ταυτὸν
2857 4216 3029 4270 ἔσται.

2679 4421 2882 4474 ΔΛΛΟ.

404 4529 459 4584 Si
510 4530 598 4599 qui
624 4529 823 4599 aliquid
857 4531 987 4585 facit
1020 4530 1198 4598 opifex
1227 4543 1329 4596 est,
1363 4533 1452 4601 qui
1506 4547 1630 4587 vero
1672 4544 1885 4603 generat

2060 4538 2122 4590 Ei
2144 4536 2220 4606 τῷ
2249 4538 2419 4588 ποιεῖν
2448 4533 2775 4603 δημιουργός
2797 4532 2879 4594 τίς
2901 4532 3036 4594 ἐστι,
3059 4527 3137 4598 τῷ
3154 4528 3212 4581 δὲ
3239 4527 3427 4596 γεννᾷν
3457 4540 3560 4578 πα-

331 4627 503 4686 pater,
528 4627 670 4674 certe
698 4633 801 4674 non
825 4629 949 4673 sunt
972 4620 1110 4675 idem
1168 4620 1345 4677 facere
1387 4633 1441 4677 et
1471 4637 1665 4692 genera
1681 4637 1738 4679 re
1765 4642 1781 4678 :
1810 4627 1883 4677 si-

331 4708 544 4778 quidem
584 4707 726 4763 aliud
765 4709 922 4784 185
968 4711 1182 4779 quidem
1224 4721 1307 4768 est
1345 4727 1515 4784 pater,
1556 4723 1612 4771 et
1652 4715 1887 4771 vicissim

331 4798 507 4869 opifex
536 4799 701 4856 aliud.
725 4799 781 4854 Si
814 4816 938 4856 vero
961 4801 1136 4858 facere
1155 4805 1293 4859 idem
1325 4814 1408 4861 est
1437 4806 1578 4876 quod
1598 4821 1880 4877 generare.

330 4890 503 4961 npifex
553 4892 654 4947 erit
717 4902 771 4948 et
838 4903 1011 4963 pater.
1058 4895 1114 4950 Si
1169 4905 1345 4952 autem
1399 4899 1537 4954 filius
1582 4909 1666 4956 est
1715 4899 1887 4955 factor

330 4997 433 5037 una
483 4998 603 5038 cum
665 4995 835 5051 patro,
897 4987 984 5054 qui
1030 5002 1160 5043 vero
1213 4988 1386 5044 iactor
1445 5003 1547 5056 cst,
1581 5001 1663 5046 est
1723 4992 1883 5045 etiam

331 5081 482 5139 pater
515 5087 528 5124 :
563 5070 702 5126 [ilius
750 5075 908 5128 etiam
947 5074 1061 5145 ipse
1103 5077 1209 5131 erit
1235 5083 1562 5150 pater,qnod
1592 5075 1882 5136 absurdum

331 5170 436 5215 est.

993 5275 1222 5335 AlllUD.

403 5403 459 5457 Si
487 5405 626 5461 idem
656 5419 780 5462 sunt
800 5418 954 5478 pater
974 5419 1028 5464 et
1060 5421 1292 5478 creator,
1327 5413 1589 5482 siquidem
1625 5429 1884 5486 generare

331 5505 386 5547 et
408 5493 583 5550 facere
608 5497 748 5552 idem
767 5507 911 5564 sunt,
934 5508 989 5554 et
1015 5510 1226 5555 creator
1254 5513 1338 5557 est
1374 5518 1568 5559 nomen
1617 5507 1881 5573 operatio-

331 5583 458 5638 nis:
496 5594 646 5651 pater
669 5602 881 5655 quoque
905 5590 1094 5644 merito
1114 5593 1465 5660 operationis,
1516 5609 1620 5649 non
1671 5595 1883 5650 relatio-

332 5674 418 5732 nis
444 5689 635 5730 nomen
668 5675 846 5733 fuerit.
882 5677 936 5734 Si
975 5694 1098 5735 vero
1124 5690 1177 5736 ct
1228 5683 1328 5737 hoc
1360 5694 1413 5737 ct
1445 5684 1569 5738 illud
1616 5687 1884 5755 operatio-

330 5767 417 5825 nis
439 5780 627 5823 nomen
674 5781 797 5825 est:
843 5781 986 5828 ccrtc
1038 5789 1142 5828 uno
1186 5783 1342 5841 atque
1401 5776 1588 5831 εοιιοιιι
1645 5787 1881 5846 tempore

1992 4633 2116 4700 τὴρ,
2165 4629 2264 4682 οὐκ
2307 4627 2372 4680 ἂν
2404 4627 2486 4696 εῖη
2519 4623 2711 4677 ταυτὸν
2738 4622 2798 4676 τὸ
2825 4623 2998 4674 ποιεῖν
3048 4620 3123 4691 τῷ
3156 4621 3369 4689 γεννᾷν,
3402 4616 3564 4686 εῖπερ

1992 4721 2173 4790 ἕτερον
2203 4719 2298 4788 μὲν
2329 4717 2443 4770 ἔστι
2473 4717 2674 4786 πατὴρ,
2697 4711 3022 4784 δημιουργὸς
3049 4711 3103 4764 δὲ
3132 4711 3331 4779 ὁμοίως
3353 4709 3560 4778 ἕτερον.

1993 4811 2054 4864 Εἰ
2085 4811 2139 4862 δὲ
2159 4809 2238 4879 τῷ
2260 4809 2429 4860 ποιεῖν
2467 4807 2660 4859 ταυτόν
2689 4806 2802 4857 ἔστι
2839 4803 2898 4856 τὸ
2921 4804 3134 4872 γεννᾷν,
3160 4803 3188 4853 ὁ
3215 4800 3383 4853 ποιῶν
3407 4798 3561 4850 ἔσται

1993 4903 2086 4957 καὶ
2115 4903 2315 4970 πατὴρ.
2345 4900 2406 4953 Εἰ
2451 4899 2508 4950 δὲ
2560 4889 2673 4951 ἔστι
2706 4894 2932 4966 ποιητὴς
2970 4895 2999 4946 ὁ
3031 4892 3146 4954 υἱὸς
3190 4891 3308 4959 ἅμα
3341 4889 3416 4958 τῷ
3454 4904 3564 4941 πα-

1991 4995 2098 5069 τρὶ,
2133 4997 2159 5046 ὁ
2195 4993 2251 5045 δὲ
2315 4990 2482 5044 ποιῶν
2530 4988 2643 5041 ἔστι
2676 4987 2771 5040 καὶ⁸
2826 4984 3026 5054 πατὴρ,
3071 4981 3222 5035 ἔσται
3254 4981 3346 5034 καὶ
3398 4977 3560 5042 αὐτὸς

1992 5085 2192 5157 πατὴρ,
2221 5077 2354 5151 ὅπερ
2385 5082 2598 5135 ἄτοπον.

2669 5274 2868 5327 ΔΛΛΟ.

2061 5416 2125 5469 Εἰ
2145 5413 2338 5466 ταυτόν
2367 5413 2480 5463 ἐστι
2515 5410 2696 5480 πατὴρ
2721 5410 2813 5462 καὶ
2841 5406 3192 5477 δημιουργὸς,
3212 5406 3333 5458 ἐπεὶ
3363 5406 3456 5458 καὶ
3475 5405 3559 5475 τῷ

1990 5507 2184 5576 γεννᾷν
2212 5505 2271 5556 τὸ
2304 5504 2472 5554 ποιεῖν
2509 5501 2700 5553 ταυτὸν
2727 5539 2740 5561 ,
2776 5499 2889 5551 ἔστι
2924 5499 2980 5552 δὲ
3025 5498 3300 5568 ἐνεργείας
3329 5497 3498 5567 ὄνομα
3527 5499 3560 5551 ὁ

1989 5594 2337 5666 δημιουργὸς,
2373 5592 2466 5643 καὶ
2494 5591 2550 5642 τὸ
2580 5589 2757 5660 πατὴρ
2784 5591 3002 5653 εἰκότως
3034 5591 3328 5660 ἐνεργείας,
3358 5590 3470 5641 ἀλλ’
3492 5589 3555 5641 οὐ

1995 5687 2231 5756 σχέσεως
2271 5684 2335 5736 ἂν
2363 5682 2445 5751 εἴη
2471 5698 2482 5710 ⁸
2514 5683 2562 5733 εί
2600 5681 2654 5733 δὲ
2685 5683 2776 5735 καὶ
2823 5685 2978 5736 τοῦτο
3022 5683 3239 5734 κάκεῖνο
3273 5681 3554 5751 ἐνεργεέας

1993 5777 2126 5841 ἐστὶ,
2163 5775 2301 5830 κατᾶ
2331 5774 2418 5827 rev
2448 5772 2605 5826 αὐτὸν
2633 5775 2820 5842 γρόνον
2849 5774 2997 5828 ἔσται
3028 5774 3226 5842 γεννῶν
3260 5773 3351 5827 καὶ
3382 5769 3557 5826 ποιῶν
