3968 6520
18 4 855 31 -ΕῌἼπ-ἠγ,κ-.,,,-“““-

306 482 415 543 313
1692 486 1865 543 THES

1978 488 2137 547 RUS.
3468 485 3581 543 3M

306 604 339 655 ὸ
361 602 515 667 Θεὸς,
560 602 659 673 τῆς
694 602 980 674 ὲνιργείας
1016 604 1110 659 καὶ⁵
1136 604 1192 659 ἐν
1222 603 1298 674 τῷ
1338 606 1538 684 γεννᾷν
1584 606 1678 659 καὶ
1711 608 1770 660 ἐν
1811 607 1865 676 τι]

1991 607 2252 664 eritDeus
2304 616 2359 664 et
2391 620 2680 680 generatis.
2710 614 2766 663 et
2793 617 3168 672 creans;cum
3226 602 3467 674 operatio
3521 614 3581 660 et

306 694 515 758 κτίζειν
528 696 631 749 οὐκ
655 694 832 760 ἄλλως
857 695 1111 770 ἐχούσης.

1997 698 2048 751 in
2065 698 2320 767 creando,
2344 706 2397 754 et
2433 698 2485 752 in
2540 698 2849 767 generando
2872 696 3065 752 eodem
3103 696 3264 751 modo
3299 707 3421 749 sese
3461 694 3575 749 'ba-

765 896 1133 987 ΛΟΓΟΣ
1206 898 1373 990 Ie.
1994 788 2141 844 Μ’

302 1050 464 1118 Πρὸς
498 1053 643 1121 τοὺς
671 1053 984 1124 λέγοντας,
1015 1055 1104 1109 ὅτι
1124 1056 1160 1110 ό
1185 1055 1317 1121 rm
1346 1056 1457 1109 οὐκ
1484 1056 1657 1110 ἔστιν
1677 1057 1889 1123 ἀληθι-

377 1123 485 1203 νρς
508 1126 711 1203 Mm
737 1124 845 1203 τοῦ
882 1125 1131 1203 "areis:
1161 1126 1303 1203 (ιιλῖ
1340 1126 1544 1203 ἐξερός
1574 1127 1714 1203 se“
1749 1128 1887 1195 παρ’

376 1194 567 1246 αὑτὸν
584 1193 661 1262 τῇ
676 1194 861 1263 φύσει
890 1196 989 1249 καί
1009 1194 1206 1261 ξένος,
1241 1193 1309 1247 τὸ
1339 1194 1408 1248 δὲ
1427 1195 1711 1251 ἐντεῦθεν
1741 1193 1890 1252 συκ-

376 1263 693 1334 ατόμενον,
721 1263 809 1318 ὅτι
838 1264 936 1319 καί
965 1266 1287 1334 όμοούσιος
1307 1263 1387 1330 τῷ
1415 1266 1619 1334 Πατρί,
1643 1267 1742 1321 καί
1776 1270 1890 1323 οὐκ

372 1333 618 1398 ἔξωθεν,
650 1334 791 1389 ἀλλ’
816 1334 886 1388 ἐκ
924 1333 1035 1404 τῆς
1064 1334 1285 1401 οὐσίας
1315 1335 1499 1410 ἐστίν.
1526 1333 1743 1391 αὐτοῦ.

560 1443 883 1510 Ἀντίθεσις
921 1445 1003 1511 ὡς
1041 1445 1110 1527 ἐκ
1151 1445 1271 1502 τῶν
1298 1448 1628 1518 Εὐνομίου.

2323 916 2897 1008 ASSER'I‘IO
2977 915 3245 1006 XIX.

1994 1064 2255 1134 Aduersus
2278 1064 2532 1129 dicentes,
2563 1064 2704 1134 quod
2728 1062 2899 1117 Filius
2926 1080 3029 1118 non
3054 1065 3121 1119 sit
3148 1080 3321 1119 verum
3354 1062 3575 1118 Verbum

2068 1132 2250 1188 Patris
2280 1151 2298 1189 :
2336 1136 2427 1188 sed
2452 1132 2685 1189 diversus
2716 1134 2780 1187 ab
2828 1135 2963 1199 ipso,
2997 1145 3043 1188 et
3065 1145 3391 1204 extraneus_:
3417 1144 3573 1204 atque

2066 1206 2187 1258 hinc
2215 1204 2566 1275 concluditur,
2598 1204 2737 1272 quod
2760 1204 3226 1275 consubstantialis
3240 1204 3306 1258 sit
3334 1201 3507 1269 Patri,
3526 1211 3576 1257 et

2068 1289 2171 1328 non
2202 1274 2547 1337 extrinsecus,
2577 1275 2666 1327 sed
2684 1274 2929 1342 exipsius
2962 1275 3210 1328 essentia.

2532 1446 2775 1517 O‘bjectio
2832 1443 3107 1503 Eunomii.

369 1555 433 1608 El
456 1556 650 1624 Λόγος,
685 1558 870 1626 φησὶν,
898 1558 927 1609 6
956 1558 1085 1622 Υίός
1113 1560 1281 1627 ἔστιν,
1325 1560 1612 1631 ὁμοούτιον
1638 1562 1695 1616 δὲ
1744 1558 1861 1616 sive

2060 1562 2116 1619 Si
2156 1562 2355 1625 Filius,
2411 1562 2607 1630 inquit,
2660 1568 2745 1615 est
2800 1558 3062 1623 Verbum,
3114 1556 3579 1614 consubstantiale

293 1660 434 1713 φατε
454 1644 534 1715 τῷ
561 1645 760 1716 Πατρὶ,
799 1645 873 1715 μὴ
921 1647 1284 1703 διαλλαττὲτω
1334 1652 1476 1706 κατά
1524 1670 1575 1705 τι
1627 1653 1759 1723 γοῦν
1810 1654 1865 1705 ὼε

1989 1670 2117 1709 vero
2150 1655 2201 1709 id
2234 1668 2355 1709 esse
2387 1653 2565 1707 dicitis
2593 1650 2741 1705 Patri
2774 1665 2788 1701 :
2824 1650 2973 1705 nulla
3015 1649 3182 1720 igitur
3207 1649 3260 1703 in
3318 1662 3473 1718 parte
3506 1649 3578 1706 ab

291 1735 434 1806 πρὸς
467 1736 632 1789 αὐτόν
658 1752 674 1768 ο
724 1735 867 1788 οὕτω
909 1737 1018 1809 γὰρ
1046 1738 1113 1792 ἂν
1135 1738 1221 1811 εἴη
1252 1740 1347 1793 καὶ
1381 1739 1686 1811 ὀμουύσιος.
1733 1742 1798 1795 El
1828 1741 1865 1794 δί

1986 1762 2051 1803 eo
2084 1744 2325 1802 diil‘erat:
2360 1746 2433 1800 ita
2458 1743 2603 1798 enim
2664 1740 3146 1797 consubstantialis
3195 1739 3376 1795 fuerit.
3421 1740 3577 1808 Quod

288 1825 475 1888 τοῦτο,
507 1826 778 1880 καλείσθω
806 1827 898 1881 καὶ
929 1826 1070 1882 ἔστω
1107 1829 1281 1897 Λόγος
1309 1831 1405 1885 κα)⁸
1434 1831 1462 1883 6
1502 1832 1715 1903 Πατήρ.
1737 1830 1883 1885 Ἀλλ’

1986 1842 2030 1894 si
2064 1841 2134 1894 ita
2165 1846 2271 1902 est,
2306 1845 2533 1891 vocetur
2560 1844 2615 1888 et
2663 1834 2735 1889 sit
2762 1834 2998 1889 Verbum
3029 1832 3192 1888 etiam
3234 1830 3415 1886 Pater.
3465 1830 3577 1887 Sed

286 1917 352 1970 οὐ
387 1918 749 1989 παραδέξεται
792 1919 950 2004 τοῦτο
987 1920 1088 1992 τῆς
1132 1920 1286 1985 θείας
1316 1923 1542 1994 Γραφῆς
1588 1925 1617 1976 6
1650 1924 1865 1990 σκοπὸς1

1984 1928 2176 1987 divinae
2212 1929 2509 1999 Scriptura:
2547 1940 2765 1996 scapus,
2809 1934 2863 1979 et
2915 1934 3229 1980 sanctorum
3286 1922 3575 1994 apostolo-

285 2008 511 2063 καὶτῶν
545 2010 714 2077 ἁγίων
740 1994 1056 2065 ἀποστόλων
1084 2012 1145 2065 τὸ
1180 2013 1463 2085 κήρυγμα.
1518 2014 1744 2086 Πατέρα
1768 2016 1877 2087 γὰρ

282 2096 394 2154 οἶδε
422 2101 517 2155 τὸν
562 2102 784 2173 Πατέρα
813 2101 909 2155 καὶ
940 2102 1038 2173 οὐχ
1061 2103 1219 2158 Υίόν’
1246 2105 1341 2158 καὶ
1371 2105 1531 2159 πάλιν
1557 2105 1646 2160 τὸν
1670 2106 1797 2161 Υίὸν
1820 2109 1877 2163 ἐν

285 2193 426 2266 μόνῃ
459 2196 526 2265 τῇ
551 2192 643 2247 τοῦ
680 2193 811 2247 Υἱοῦ
841 2195 1185 2267 προσηγορίᾳ
1216 2200 1409 2266 τηρεῖ,
1454 2199 1555 2252 οὐκ
1593 2198 1741 2253 ὲῶσα
1770 2217 1875 2254 κα-

280 2284 497 2360 λεῖσθαι
524 2284 645 2338 οὐδὲ
676 2281 816 2337 εἶναι
846 2283 1070 2355 Πατέρα
1091 2301 1104 2315 ·
1137 2286 1325 2357 ἔτερος
1375 2288 1485 2359 ἄρα
1532 2289 1663 2359 παρ’
1713 2290 1877 2345 αὐτόν

281 2377 402 2429 ἐστι
431 2376 527 2428 καὶ
567 2375 868 2446 διεστηκὼς
916 2375 1060 2430 κατὰ
1088 2377 1189 2448 τὴν
1221 2378 1433 2434 οὐσίαν.
1487 2380 1700 2433 Οὐκοῦν
1754 2380 1877 2435 οὐδὲ

280 2468 459 2535 Λόγος
479 2467 754 2538 ἀληθινὸς,
786 2467 907 2521 οὐδὲ
939 2467 999 2533 ἐξ
1018 2468 1182 2522 αὐτοῦ
1215 2469 1494 2540 προελθὼν
1522 2472 1550 2524 6
1583 2470 1745 2540 φύσει
1778 2488 1878 2542 με-

283 2562 639 2632 μιρισμένος.

784 2673 940 2743 Πρὸς
971 2674 1147 2729 τοῦτο
1171 2675 1375 2741 λύσις.

351 2786 462 2839 Καὶ
496 2785 599 2839 ποῦ
627 2785 719 2839 τὸν
761 2784 1036 2857 Ἰωάννην,
1071 2779 1117 2839 ὦ
1150 2786 1413 2857 βέλτιστε,
1458 2786 1666 2857 θήσεις,
1697 2787 1874 2856 Λόγον

274 2876 657 2939 ἀποκαλοῦντα
689 2877 782 2929 τὸν
804 2877 954 2943 Υἱδν,
986 2879 1080 2931 καὶ
1100 2877 1307 2948 ταύτην
1335 2877 1484 2948 αὑτῷ
1528 2878 1874 2949 κυριωτάτην

273 2969 601 3025 ἀνατιθέντα
626 2968 727 3039 τὴν
748 2970 1067 3038 ἐπωνυμίαν
1093 2971 1187 3023 καὶ
1214 2969 1316 3039 τῆς
1337 2970 1528 3033 οὐσίας
1567 2969 1735 3023 αὐτοῦ
1764 2972 1871 3040 μά-

274 3059 438 3113 λιστα
501 3061 883 3131 σημαντικήνς
925 3061 1128 3114 Φάσκει
1187 3062 1330 3131 γάρ·
1368 3081 1387 3113 ι
1434 3063 1522 3114 Ἐν
1556 3063 1699 3131 ἀρχῇ
1748 3057 1869 3131 ἦνό

272 3149 475 3217 Λόγος,
508 3151 604 3203 καὶ
631 3153 660 3204 6
687 3151 861 3219 Λόγος
889 3147 957 3221 ἦν
987 3152 1127 3221 πρὸς
1152 3149 1243 3204 τὸν
1266 3150 1421 3217 Θεὸν,
1460 3151 1554 3204 καὶ
1582 3151 1717 3215 Θεὸς
1746 3148 1813 3223 ἦν
1842 3154 1870 3204 6

271 3240 471 3308 Δόγος.
504 3258 521 3291 ι
550 3240 715 3311 Ὁρᾷς
752 3241 904 3304 ὅπως
925 3242 1027 3311 τῆς
1054 3242 1245 3305 οὐσίας
1276 3241 1371 3294 τοῦ
1409 3243 1540 3295 Υίοῦ
1581 3260 1865 3313 παραστα-

272 3330 428 3384 τικόν
470 3332 587 3384 ἐστι
617 3330 896 3401 τοῦνομα,
939 3333 1035 3385 καὶ
1072 3332 1132 3386 τὸ
1163 3332 1447 3387 καλεῖσθαι
1485 3334 1681 3402 Λόγον,
1726 3334 1864 3406 ὅπερ

272 3420 395 3475 ιστὶ
428 3421 570 3474 κατὰ
592 3421 754 3491 φύσιν
790 3422 1066 3494 σημαίνει.
1096 3424 1230 3487 Θεὸς
1263 3423 1374 3496 γὰρ
1397 3420 1465 3495 ἦν
1490 3426 1518 3477 6
1544 3425 1738 3492 Λόγος,
1763 3441 1867 3495 φη-

273 3509 382 3564 σίν.
415 3512 483 3565 Εῑ
516 3512 573 3564 δὲ
611 3512 686 3582 μὴ
727 3512 944 3580 φύσεως
975 3515 1059 3584 εἴη
1096 3514 1191 3567 καὶ
1214 3514 1314 3585 τῆς
1338 3515 1526 3579 οὐσίας
1566 3515 1864 3587 δηλωτικὸν

276 3600 370 3657 ἰπὶ
402 3599 499 3654 τοῦ
532 3600 666 3653 Υίοῦ
705 3601 766 3654 τὸ
795 3601 988 3670 Λόγος
1017 3602 1207 3673 ὄνομα,
1256 3603 1511 3673 σημαίνει
1542 3621 1595 3656 τι
1645 3606 1862 3671 πάντως

268 3690 482 3761 ἕτερον.
508 3692 619 3745 Καὶ
651 3692 760 3762 γὰρ
790 3690 976 3762 ζητεῖν
996 3694 1315 3762 ἀναγκαῖον,
1339 3694 1392 3747 τί
1422 3696 1565 3749 κατὰ
1596 3696 1759 3765 φύσιν
1788 3697 1863 3752 ὢν

271 3782 303 3836 6
334 3782 483 3845 Υἱὸς,
509 3782 713 3854 ἐκλήθη
735 3783 929 3851 Λόγος,
953 3785 1000 3837 εί
1031 3784 1107 3855 μὴ
1133 3784 1233 3855 τὴν
1253 3784 1444 3839 οὐσίαν
1470 3786 1634 3840 αὑτοῦ
1664 3790 1864 3859 σημαι-

272 3872 633 3942 νειτοῦνομα.
669 3869 794 3927 υἷον
832 3874 1062 3929 τέκτονὰ
1097 3893 1182 3940 τις
1211 3876 1418 3941 εἰπὼν,
1454 3878 1487 3948 ἢ
1517 3877 1759 3942 λιθοξόον
1780 3919 1794 3943 ,
1826 3880 1859 3951 ἢ

270 3964 647 4033 ταχυγραφον,
672 3964 732 4017 οὐ
755 3965 807 4017 τί
828 3966 944 4019 ἐστι
965 3965 1108 4020 κατὰ
1135 3967 1297 4037 φύσιν
1319 3969 1717 4040 σημαινόμενον
1744 3970 1861 4041 69i-

272 4052 448 4116 ζεται,
479 4050 595 4105 ἀλλ’
626 4046 738 4105 οἷον
767 4051 881 4123 ἔχει
911 4053 971 4106 τὸ
999 4055 1338 4125 ἐπιτήδευμα
1359 4054 1573 4125 μηνύει.
1592 4055 1654 4109 Εἰ
1680 4054 1860 4109 τοίνυν

270 4143 334 4195 οὐ
362 4145 461 4213 τὴν
490 4141 681 4196 οὐσίαν
708 4142 802 4196 τοῦ
836 4143 968 4196 Υίοῦ
995 4145 1248 4214 σημαίνει
1274 4144 1534 4216 τοῦνομα,
1562 4146 1655 4199 καὶ
1670 4146 1730 4199 τὸ
1756 4164 1858 4199 κα-

268 4231 485 4285 λεῖσθαι
522 4231 717 4299 Λόγον,
748 4232 810 4284 ού
840 4232 890 4285 τί
936 4233 1084 4285 ἐστιν
1129 4234 1271 4287 κατὰ
1328 4233 1489 4301 φύσιν
1529 4236 1859 4305 παρίστησιν

269 4323 458 4387 αὑτὸν,
480 4323 620 4376 ἀλλὰ
654 4322 787 4393 φέρε
821 4324 996 4377 εἰπεῖν
1028 4319 1142 4378 οἷον
1161 4324 1275 4396 ἔχει
1308 4327 1367 4379 τὸ
1406 4325 1764 4397 ἐπιτήδευμα,
1806 4327 1859 4380 τί

272 4415 455 4484 μάτην
483 4413 577 4465 τὸν
605 4414 999 4485 εὐαγγελιστὴν
1021 4414 1408 4487 θαυμάζομεν;
1442 4416 1567 4478 Πῶς
1594 4416 1651 4468 δὲ
1682 4418 1710 4469 ὁ
1745 4416 1860 4480 υίὸς

268 4506 476 4577 ἐκλήθη
506 4505 737 4577 βροντῆς
765 4506 841 4569 ὼς
870 4506 1012 4575 μέγα
1036 4524 1089 4559 τι
1115 4506 1358 4578 λαλήσας
1388 4507 1485 4560 καὶ
1516 4507 1855 4579 ὑπέρογκον;

1982 2037 2098 2077 rum
2128 2019 2441 2091 praedicatio
2476 2017 2529 2072 id
2558 2030 2662 2070 non
2689 2014 2896 2069 ierunt.
2935 2012 3151 2067 Patrem
3209 2012 3355 2066 enim
3395 2012 3577 2068 sciunt

1979 2124 2098 2166 esse
2122 2110 2335 2164 Patrem
2368 2117 2423 2163 et
2449 2122 2557 2168 non
2584 2105 2779 2160 Filium
2811 2121 2825 2159 :
2858 2114 2914 2159 et
2938 2103 3176 2159 vicissim
3218 2101 3379 2163 .Filio
3403 2103 3573 2158 solam

1978 2203 2100 2259 Filii
2135 2200 2548 2272 appellationem
2579 2199 2843 2261 tribuunt,
2879 2213 2983 2252 non
3048 2186 3225 2250 autem
3252 2196 3575 2266 permittunt

1978 2302 2038 2347 ut
2066 2302 2292 2347 vocetur
2327 2298 2420 2343 aut
2443 2288 2512 2342 sit
2539 2286 2743 2341 Pater:
2777 2285 2917 2340 alius
2964 2285 3147 2354 itaque
3183 2286 3252 2339 ab
3314 2286 3430 2354 ipso
3459 2296 3567 2352 est,

1976 2394 2031 2440 et
2054 2382 2377 2439 substantia:
2398 2378 2608 2435 ratione
2636 2377 2905 2431 diversus.
2936 2374 3202 2442 Quocirca
3234 2388 3409 2443 neque
3436 2373 3572 2429 Ver-

1976 2475 2101 2531 bum
2128 2487 2277 2538 vere,
2312 2480 2490 2542 neque
2514 2485 2582 2526 ex
2613 2471 2732 2540 ipso
2765 2466 3032 2539 procedit,
3093 2482 3216 2521 eum
3270 2466 3340 2523 sit
3376 2473 3569 2523 natura

1977 2564 2072 2633 disj
2083 2574 2295 2619 unctus.

2514 2671 2722 2730 Salutio
2753 2671 3087 2741 objectiouis.

2044 2790 2115 2843 At
2137 2789 2287 2860 quid,
2332 2790 2582 2853 obsecro,
2613 2787 2681 2842 de
2711 2784 2920 2866 Joanne
2977 2792 3210 2853 statues,
3243 2784 3335 2855 qui
3364 2782 3564 2839 Filium

1974 2891 2131 2935 vocat
2163 2879 2427 2945 Verbum,
2462 2889 2624 2949 atque
2648 2880 2789 2934 hanc
2820 2878 3056 2932 maxime
3083 2877 3357 2947 propriam
3389 2875 3568 2945 appel-

1975 2966 2229 3021 lationem
2259 2969 2307 3019 ei
2358 2966 2563 3028 tribuit,
2581 2977 2808 3034 qureque
2836 2964 3132 3018 essentiam
3188 2963 3357 3030 ipsius
3389 2962 3565 3031 signi-

1976 3057 2289 3111 iicatissime
2311 3055 2625 3123 exprimat?
2651 3057 2741 3109 Ait
2772 3057 2913 3111 enim
2946 3073 2961 3110 :
3005 3074 3025 3107 ι
3062 3056 3118 3109 In
3146 3054 3412 3125 principio
3442 3062 3567 3108 erat

1975 3149 2233 3214 Verbum,
2259 3156 2314 3202 et
2343 3146 2575 3201 Verbum
2609 3157 2728 3201 erat
2768 3148 2912 3216 apud
2955 3148 3145 3211 Deum,
3170 3156 3222 3200 et
3277 3147 3418 3201 Deus
3444 3154 3566 3200 erat

1977 3239 2207 3295 Verbum
2241 3239 2309 3292 “.
2346 3256 2365 3289 ι
2402 3238 2564 3293 Vides
2592 3238 2867 3308 quomodo
2898 3238 3069 3306 ipsam
3101 3236 3221 3291 Filii
3256 3238 3561 3291 essentiam

1969 3330 2083 3384 haec
2106 3341 2207 3381 vox
2236 3326 2560 3396 explicet,et
2584 3341 2704 3380 cum
2733 3333 2956 3380 vocetur
2973 3323 3409 3401 Verbumdss
3435 3324 3568 3394 qttid

1969 3419 2381 3474 naturalitersit
2404 3418 2711 3488 significet?
2756 3419 2896 3473 Deus
2956 3418 3127 3482 enim,
3191 3417 3386 3486 inquit,
3435 3425 3557 3472 erat.

1969 3509 2225 3566 Verbum.
2260 3508 2316 3564 Si
2348 3524 2475 3564 vero
2497 3524 2600 3563 vox
2645 3508 2782 3570 haec,
2822 3507 3071 3574 Verbum,
3110 3523 3217 3563 non
3260 3507 3566 3576 explicaret

1967 3601 2138 3670 ipsam
2174 3611 2424 3655 naturam
2476 3608 2641 3671 atque
2667 3600 2962 3654 essentiam
2988 3599 3147 3665 Filii,
3184 3598 3329 3653 aliud
3356 3596 3564 3670 aliquid

1966 3690 2210 3762 profecto
2254 3689 2551 3759 signiﬁcat.
2608 3689 2971 3756 Quaerendum
3032 3702 3198 3759 porro
3232 3690 3392 3744 nobis
3442 3695 3553 3753 est,

1966 3783 2225 3851 quidnam
2257 3792 2448 3835 natura
2479 3779 2933 3837 exsistensFilius
2991 3790 3223 3837 vocatus
3288 3782 3360 3836 sit
3426 3778 3566 3836 Ver-

1965 3874 2117 3938 bum,
2138 3872 2239 3927 nisi
2255 3888 2354 3927 vox
2378 3873 2492 3927 haec
2509 3872 2800 3929 essentiam
2830 3871 3000 3941 ipsius
3022 3872 3317 3941 signiﬁcat.
3352 3874 3561 3939 Quem-

1965 3964 2252 4020 admodum
2291 3964 2334 4018 si
2368 3964 2490 4033 quis
2536 3962 2746 4017 iabrum
2784 3972 2878 4017 aut
2913 3963 3233 4018 statuarium
3260 4006 3275 4028 ,
3327 3974 3420 4019 aut
3456 3980 3560 4020 no-

1965 4055 2160 4110 tarium
2192 4054 2360 4119 dicat,
2394 4070 2503 4109 non
2548 4054 2675 4123 quid
2743 4054 3073 4111 naturaliter
3143 4055 3237 4119 sit,
3268 4055 3364 4110 sed
3391 4056 3555 4125 quale

1964 4150 2088 4201 vita:
2117 4146 2421 4201 institutum
2457 4155 2718 4212 sectetur,
2747 4145 3004 4213 explicat.
3045 4145 3102 4200 Si
3130 4161 3261 4217 ergo
3297 4162 3397 4202 vox
3420 4150 3558 4216 haec,
3630 4184 3631 4187 η

1974 4237 2223 4305 Verbum,
2255 4238 2543 4293 essentiam
2577 4237 2704 4291 Filii
2738 4254 2841 4292 non
2858 4238 3150 4307 signiticet,
3188 4254 3363 4310 neque
3388 4241 3560 4309 ipsius

1961 4341 2208 4385 naturam
2238 4328 2500 4393 declarat,
2536 4330 2631 4383 sed
2666 4329 2793 4383 vitae
2833 4329 3003 4398 ipsius
3048 4330 3385 4397 institutum,
3456 4347 3558 4389 cur

1961 4419 2165 4475 frustra
2209 4419 2596 4488 evangelistam
2634 4419 3011 4474 admirantur?
3056 4418 3164 4474 Aut
3203 4435 3302 4476 cur
3326 4437 3448 4477 eum
3492 4424 3562 4479 ii-

1961 4508 2090 4562 lium
2130 4509 2354 4562 tonitrui
2389 4523 2666 4575 vocamus,
2722 4510 2877 4579 quasi
2931 4525 3188 4579 magnum
3249 4512 3452 4583 aliquid
3501 4522 3562 4571 et.

268 4597 468 4650 Καίτοι
523 4598 740 4661 πολλοῖς
784 4598 995 4669 ἑτέροις
1032 4598 1293 4669 ὀνόμασιν
1335 4599 1720 4670 ἀποκαλούσης
1766 4601 1858 4653 τὸν

1977 4599 2194 4654 sublime
2224 4600 2453 4654 dixerit?
2486 4600 2647 4669 Atqui
2679 4616 2803 4654 eum
2843 4600 3027 4656 multis
3074 4603 3195 4657 aliis
3238 4606 3559 4661 nominibus

269 4688 398 4741 Υἱὸν
421 4688 519 4758 τῆς
553 4687 704 4752 θείας
736 4689 975 4760 Γραφῆς,
1006 4690 1141 4744 ἀλλὰ
1165 4690 1338 4760 Λόγον
1368 4691 1606 4763 εἰρηκὼς
1629 4731 1643 4756 ,
1674 4693 1853 4765 ἰταρά⁸

266 4777 422 4843 δοξόν
450 4797 499 4831 τι
529 4780 621 4831 καὶ
649 4780 925 4850 ὑπερφυὲς
964 4781 1302 4849 ὲφθέγξατο’
1344 4783 1441 4835 καὶ
1488 4784 1640 4836 οὐδὲν
1670 4785 1856 4856 ἕτερον

267 4869 359 4920 ἐπ’
386 4869 537 4937 αύτῷ
566 4870 970 4939 προστέθεικεν,
988 4864 1099 4925 οἷον
1121 4873 1212 4925 ἐπὶ
1230 4873 1322 4927 τοῦ
1345 4873 1556 4927 Παύλου
1581 4876 1851 4942 φαίνεται,

265 4960 353 5022 τὸ,
384 4979 401 5010 ι
434 4960 644 5023 Παῦλος
679 4962 1000 5027 ἀπόστολος.
1040 4983 1058 5014 ι
1104 4964 1381 5035 Ἦρκέσθη
1435 4965 1492 5018 δὲ
1538 4967 1614 5035 τῷ
1655 4968 1852 5032 εἰπεῖν,

267 5051 467 5120 Λόγον,
500 5055 579 5117 εἰς
608 5053 670 5105 τὸ
700 5055 1050 5125 παραστῆσαι
1080 5055 1168 5109 τοῦ
1206 5056 1336 5115 Υίοῦ
1368 5058 1464 5128 τὴν
1505 5058 1713 5113 οὐσίαν.
1745 5062 1855 5113 Λύ-

267 5145 360 5207 τὸς
394 5146 499 5215 ἄρα
535 5145 687 5198 ἐστὶν
716 5148 743 5198 6
769 5146 1019 5216 ἀληθινὸς
1047 5149 1218 5217 Λόγος
1255 5148 1349 5201 τοῦ
1383 5148 1617 5219 Πατρὸς,
1647 5152 1741 5204 καλ⁵
1757 5153 1853 5221 οὐχ

266 5236 455 5307 ἕτερός
482 5255 565 5301 τις
600 5240 734 5309 παρ’
764 5239 990 5293 ἐκεῖνον.

961 5353 1163 5407 ΛΛΛΟ.

341 5467 401 5518 εἰ
422 5465 732 5534 διὰταύτην
757 5465 1087 5537 ὑπειλήφασι
1131 5469 1228 5538 τὴν
1260 5470 1437 5523 αἰτίαν
1470 5473 1516 5524 οἱ
1558 5473 1852 5541 χριστομά-

268 5576 353 5629 χοι
385 5561 455 5629 μὴ
485 5556 625 5613 εἶναι
657 5559 753 5611 τὸν
774 5559 902 5611 Υἱὸν
931 5561 1216 5628 ὀμοούσιον
1239 5560 1316 5631 τῷ
1350 5564 1541 5631 Πατρὶ,
1564 5564 1684 5615 ἐπεὶ
1715 5566 1851 5635 μήτε

265 5652 299 5703 ὸ
324 5652 502 5724 Πατὴρ
532 5651 711 5720 Λόγος
746 5649 887 5709 ἐστὶ,
924 5653 1059 5718 μήτε
1094 5653 1122 5702 6
1157 5650 1328 5718 Λόγος
1362 5653 1550 5722 Πατὴρ
1572 5694 1587 5719 ,
1626 5654 1721 5705 καὶ
1754 5655 1852 5725 τὴν

268 5744 484 5816 ἑνότητα
507 5746 610 5815 τῆς
643 5742 868 5812 φύσεως
898 5740 973 5813 τῷ
1007 5742 1249 5815 διαφόρῳ
1283 5744 1387 5795 τῶν
1431 5747 1708 5817 ὀνομάτων
1739 5748 1850 5802 δια-

324 5906 367 5940 ³⁸
394 5905 551 5965 Joan.
592 5925 630 5971 l,
667 5906 712 5956 l.
802 5903 847 5934 ²⁹
881 5900 921 5955 ll
954 5901 1077 5959 Cor.
1115 5915 1156 5968 1,
1199 5903 1220 5956 l
1257 5912 1308 5959 et
1346 5902 1488 5957 :tlihi.

1964 4705 2119 4746 sacra
2145 4690 2425 4759 Scriptura
2452 4689 2643 4744 Filium
2677 4690 2929 4759 appellet,
2968 4707 3089 4745 cum
3156 4691 3391 4747 Verbum
3453 4709 3557 4751 vo-

1964 4792 2073 4845 cat,
2101 4781 2474 4835 admirandum
2512 4781 2897 4851 aliquidatque
2944 4784 3205 4837 eximium
3277 4784 3447 4853 dixit;
3480 4786 3557 4841 tti-

1964 4873 2149 4943 hilqne
2170 4873 2315 4927 aliud
2343 4873 2407 4925 ad
2440 4875 2576 4926 hanc
2612 4887 2801 4927 vocem
2829 4872 3047 4940 adjecit,
3075 4882 3132 4927 ut
3174 4874 3227 4927 in
3274 4874 3441 4930 Paulo
3474 4877 3559 4931 vi-

1964 4966 2120 5019 detur
2145 4965 2292 5030 illud,
2322 4984 2340 5015 ι
2378 4965 2572 5019 Paulus
2610 4965 2886 5033 aposmlus
2912 4966 2978 5018 ".
3013 4983 3031 5017 ι
3069 4964 3295 5020 Sutl‘ecit
3321 4966 3466 5021 enim
3502 4969 3555 5023 ei

1959 5059 2180 5123 dixisse,
2214 5055 2474 5121 Verbum,
2508 5058 2576 5111 ad
2601 5040 2895 5112 essentiam
2966 5056 3087 5111 Filii
3141 5057 3550 5115 declarandam.

1959 5151 2073 5220 Ipse
2102 5151 2281 5217 itaque
2310 5160 2391 5204 est
2418 5164 2609 5203 verum
2668 5147 2907 5205 Verbum
2964 5150 3161 5214 Patris,
3203 5164 3308 5204 non
3369 5157 3551 5206 autem

1957 5241 2153 5309 aliquis
2187 5240 2322 5293 alius
2351 5247 2543 5308 pra:tcr
2571 5240 2767 5308 ipsum.

2637 5349 2868 5405 ALIUD.

2028 5464 2081 5519 Si
2111 5480 2227 5519 eam
2260 5463 2328 5519 ob
2354 5478 2570 5518 causam
2604 5462 2923 5518 existimant
2971 5462 3160 5517 hostes
3220 5459 3421 5515 Christi
3470 5457 3552 5515 Fi-

1956 5556 2085 5611 lium
2120 5572 2224 5610 non
2251 5569 2370 5609 esse
2405 5554 2926 5608 consubstantialem
2986 5549 3159 5614 Patri,
3194 5552 3319 5619 quia
3376 5560 3553 5617 neque

1958 5648 2117 5703 Pater
2146 5658 2229 5703 est
2260 5646 2517 5709 Verbum,
2552 5660 2726 5715 neque
2756 5644 2992 5698 Verbum
3025 5642 3205 5705 Pater,
3258 5649 3313 5694 et
3369 5640 3545 5692 unita-

1958 5754 2061 5799 tem
2096 5752 2303 5798 natura:
2331 5743 2397 5799 ob
2427 5739 2783 5799 dill'erentiam
2815 5739 3091 5795 nominum
3128 5734 3356 5792 convelli
3391 5750 3551 5803 posse
