3968 6478
494 442 598 499 315

1503 438 1562 493 S.
1602 418 1879 494 CYRILLI
1914 422 2380 483 ALEXANDle
2416 423 2734 482 ARCHIEP.

3611 421 3726 480 336

444 630 445 633 η
484 558 837 614 crediderunt
872 574 886 613 :
914 557 1099 615 dicant
1127 558 1280 615 nobis
1312 558 1581 629 quomodo
1618 558 1829 629 prima
1856 561 2049 623 parant

2155 546 2370 618 τέμνειν
2388 545 2647 601 δύνασθαι
2676 541 3094 633 πεπιστεύκασι,
3115 539 3415 633 λεγέτωσαν

491 645 1144 705 Adam‘consubstautialis
1170 648 1275 703 erit
1303 647 1377 701 illi
1412 646 1502 716 qui
1523 661 1590 701 ex
1622 659 1681 700 se
1706 642 1919 713 genitus
1942 650 2049 707 est,

491 751 611 790 cum
645 752 818 807 neque
840 739 954 807 ipse
987 740 1156 809 possit
1184 753 1305 795 esse
1341 738 1495 803 Abel,
1532 750 1705 807 neque
1766 733 1899 789 Abel
1953 748 2053 787 un-

490 840 652 895 quam
681 826 895 884 futurus
921 828 1222 884 sitAdam?
1246 829 1405 899 Atqui
1436 828 1715 884 nominum
1747 825 2049 881 diﬂerentia

492 919 809 973 substantia:
834 919 1166 974 identita'tem
1189 934 1294 975 non
1320 918 1474 974 tollit.
1506 920 1684 989 Atque
1703 918 1807 973 hoc
1832 917 2049 985 quidem

494 1004 548 1057 in
570 1004 706 1061 facta
745 1017 798 1063 et
825 1018 1004 1063 creata
1031 1016 1240 1062 natura.
1273 1008 1552 1074 Quomodo
1596 1008 1760 1077 igitur
1808 1022 1912 1061 non
1947 1006 2054 1061 fue-

494 1095 566 1149 rit
587 1095 804 1166 impium
841 1097 891 1151 in
923 1107 1113 1152 natura
1135 1099 1393 1161 increata,
1424 1112 1544 1167 qum
1571 1099 1827 1153 omnibus
1848 1098 2049 1154 creatis

493 1185 647 1255 longe
670 1187 1103 1254 antecellit,illud
1131 1188 1406 1244 statuere?
1456 1187 1915 1256 Quemadmodum
1949 1186 2050 1256 igi-

493 1283 580 1328 tur
604 1274 649 1330 si
676 1285 819 1345 esset
846 1276 1071 1333 diversae
1089 1278 1358 1343 essentia,
1391 1293 1497 1334 non
1529 1288 1673 1333 esset
1696 1292 1880 1332 verum
1910 1277 2047 1332 Ver-

2150 638 2179 689 6
2205 638 2505 709 προπάτωρ
2543 635 2713 706 ’Λδὰμ
2741 633 3025 705 ὀμοούσιος
3053 631 3207 686 ῐσται
3240 632 3378 704 πρὸς
3408 630 3500 685 τὸν
3524 627 3583 696 ἑξ
3613 628 3726 682 αὐ-

2150 727 2245 781 τοῦ
2268 728 2545 797 γεγονότα,
2578 724 2702 779 οὕτε
2727 725 2892 789 αὐτὸς
2911 724 3078 779 ’Δσελ
3104 718 3241 776 εῖναι
3260 721 3574 793 δυνάμενος,
3590 716 3727 772 οὕτε
3750 720 3757 729 ⁸

2156 819 2262 889 μὴν
2282 817 2377 871 τοῦ
2415 816 2579 870 ’Δδελ
2615 814 2872 886 ἐσομένου
2898 813 3031 869 ποτὶ
3070 813 3259 884 Ἀδάμ.
3323 812 3463 866 Ἀλλ’
3489 810 3589 865 οὐκ
3626 810 3727 863 ὲκ-

2152 908 2338 963 6άλλει
2384 909 2480 980 τῆς
2531 907 2718 972 οὐσίας
2743 906 2844 977 τὴν
2872 907 3195 977 ταυτότητα,
3228 908 3262 976 ἡ
3302 903 3412 959 τῶν
3437 904 3727 975 ὀνομάτων

2150 1000 2399 1072 διαφορά.
2432 999 2543 1054 Καὶ
2568 982 2724 1053 τοῖῐτο
2754 999 2847 1051 ἐπὶ
2867 998 3103 1069 γενητῆς
3126 998 3219 1052 καὶ
3247 996 3475 1067 κτιστῆς
3505 995 3726 1057 οὐσίας.

2152 1092 2274 1155 Πῶς
2292 1084 2384 1144 οὖν
2406 1091 2505 1144 οὐκ
2532 1088 2723 1154 ἀσεϐὲς
2742 1088 2835 1142 ἰπὶ
2863 1088 2962 1159 τῆς
3001 1087 3266 1158 ἁγενήτου
3301 1084 3515 1155 φύσεως
3542 1084 3728 1136 ἐκεῖνο

2150 1183 2413 1248 δοξάζειν,
2443 1181 2622 1236 πάντα
2665 1178 3068 1250 ὑπερκειμένης
3089 1177 3169 1248 ,τὰ
3207 1176 3445 1247 γενητὰς
3505 1175 3593 1238 Ὦς
3624 1167 3728 1228 οὖν

2150 1274 2311 1343 εἴπερ
2327 1268 2395 1343 ἦν
2416 1270 2771 1343 ἑτεροούσιος,
2804 1270 2905 1324 οὐκ
2932 1270 2999 1347 ἂν
3027 1265 3096 1341 ἦν
3124 1268 3297 1337 Λόγος
3323 1266 3598 1337 ἀληθινὸς,
3625 1264 3729 1318 οὖ-

493 1365 728 1430 bum,lta
762 1380 881 1422 cum
912 1366 982 1423 sit
1002 1367 1493 1436 consubstantialis,
1510 1382 1696 1423 verum
1729 1368 1892 1423 etiam
1917 1367 2049 1423 Ver-

2153 1380 2259 1427 τως
2289 1363 2584 1435 ἐπειδήπερ
2614 1361 2916 1434 ὀμοούσιος,
2945 1360 3198 1431 ἀληθινὸς
3234 1359 3302 1415 ἂν
3332 1357 3422 1430 εἴη
3450 1357 3647 1425 Λόγος.

491 1456 615 1509 lium
636 1463 739 1511 est.

1150 1547 1378 1605 ALIUD.

560 1636 786 1694 Nomina
812 1655 932 1709 qua
961 1641 1317 1697 substantiam
1350 1656 1530 1697 rerum
1548 1642 1824 1699 declarant
1875 1643 2051 1713 prima

494 1729 833 1799 maximeque
856 1732 1069 1802 prapria
1096 1744 1223 1787 sunt
1258 1751 1273 1788 :
1303 1734 1527 1788 multam
1562 1743 1742 1789 tamen
1772 1734 1825 1788 in
1854 1733 1922 1789 iis
1944 1731 2048 1789 dil-

493 1818 770 1875 ferentiam
808 1821 989 1878 videre
1012 1821 1161 1878 licet.
1182 1825 1301 1879 Alia
1336 1826 1477 1879 enim
1541 1824 1901 1901 universalius
1963 1840 2050 1881 res

493 1910 637 1979 ipsas
661 1912 992 1982 signiﬁcant,
1018 1924 1070 1969 et
1096 1916 1421 1986 generaliter
1448 1915 1748 1985 explicant;
1793 1915 1898 1971 alia
1923 1931 2053 1973 vero

492 1999 813 2057 universalia
854 2002 907 2057 in
925 2004 1220 2074 singularia
1257 2014 1465 2069 secant,
1494 2006 1796 2075 multasque
1833 2020 1921 2063 res
1964 2022 2053 2077 ap-

484 2086 679 2155 parere
696 2089 921 2149 faciunt.
946 2092 1191 2164 Exempli
1221 2095 1412 2165 gratia,
1446 2096 1678 2152 hominis
1704 2110 1895 2151 nomen
1919 2096 2052 2152 sim-

491 2177 701 2249 pliciter
728 2189 889 2249 atque
911 2182 1156 2239 absolute
1182 2185 1403 2250 dictum,
1431 2188 1742 2243 universum
1764 2203 1933 2259 genus
1955 2188 2051 2242 bo-

492 2265 694 2323 minum
724 2269 1010 2339 signiﬁcat,
1056 2282 1147 2324 aut
1193 2273 1545 2329 substantiam
1598 2276 1767 2346 ipsam
1802 2294 1816 2331 :
1852 2276 2047 2332 Paulus

490 2370 618 2413 vero
647 2358 965 2427 autPetrus,
1003 2361 1161 2432 187
1189 2372 1280 2418 aut
1307 2362 1559 2439 Iacobus,
1598 2376 1690 2421 aut
1711 2368 1928 2437 Ceplnas
1955 2369 2051 2423 liu-

488 2448 799 2503 manitatem
830 2448 883 2505 in
913 2450 1201 2522 singularia
1236 2456 1488 2524 partitur,
1521 2457 1824 2529 multosque
1880 2460 2050 2515 homi-

486 2551 584 2592 nes
609 2539 904 2595 constituit.
933 2540 1217 2599 Nominum
1245 2544 1428 2616 itaque
1449 2546 1749 2604 dilferentia
1780 2550 2050 2619 accipitur

486 2625 702 2694 quidem
732 2627 784 2682 ln
821 2627 886 2685 iis
916 2630 1007 2701 qui
1026 2629 1265 2699 eiusdem
1310 2637 1633 2691 substantia:
1688 2647 1835 2700 sunt,
1874 2653 2051 2708 neque

485 2713 626 2769 tollit
672 2730 856 2771 eorum
890 2733 1008 2788 qua:
1041 2720 1277 2790 ejusdem
1325 2725 1521 2793 speciei
1567 2735 1711 2785 sunt.
1743 2726 2046 2799 naturalem

486 2803 625 2859 inter
652 2820 709 2861 se
731 2806 1159 2865 similitudinem.
1194 2811 1325 2867 Cum
1396 2813 1557 2884 igitur
1646 2814 1806 2870 Pater
1841 2816 2050 2872 dicatur

486 2892 668 2961 Pater,
694 2897 865 2954 Filius
888 2915 1015 2957 vero
1046 2901 1299 2971 Verbum,
1326 2919 1432 2962 non
1460 2907 1566 2963 erit
1604 2908 1689 2964 vel
1716 2909 1806 2966 hic
1844 2909 1942 2976 illi,
1967 2911 2051 2967 vel

488 2986 578 3041 ille
601 2987 725 3043 huic
753 2991 1028 3049 dissimilis
1062 3007 1274 3062 natura,
1305 3012 1426 3053 cum
1450 2998 1579 3054 solis
1604 3000 1912 3058 nominibus
1934 3002 2049 3058 ὀὴ-
2074 2994 2079 2999 ’

486 3078 819 3147 tinguantur.
871 3082 1158 3140 Ostensum
1214 3095 1394 3143 autem
1436 3098 1543 3154 est,
1590 3090 1869 3147 nominum
1902 3091 2051 3147 ὀίσα-

487 3169 712 3249 rentlam
732 3173 1030 3229 naturalem
1053 3176 1194 3232 inter
1213 3191 1271 3233 se
1297 3176 1698 3236 similitudinem
1718 3194 1906 3237 eorum
1928 3197 2048 3253 qua:
2074 3213 2118 3273 α

487 3261 962 3318 ronsubstantialia
992 3274 1121 3321 sunt
1160 3281 1499 3338 nequaquam
1524 3270 1859 3327 subvertere.
1902 3272 2049 3328 Nihil

488 3349 669 3419 itaque
692 3352 868 3406 obstat
897 3356 1185 3423 quominus
1221 3357 1389 3414 Filius
1455 3363 1933 3419 consubstantialis
1977 3364 2050 3420 sit

486 3438 654 3505 Patri,
681 3443 890 3499 tametsi
913 3454 1131 3501 vocetur
1159 3446 1349 3514 Filius,
1375 3458 1430 3505 et
1451 3466 1555 3506 non
1616 3452 1685 3507 sit
1738 3453 1899 3508 Pater
1928 3456 2044 3524 ipse

484 3542 671 3583 verum
706 3532 871 3600 ipsius
912 3533 1168 3592 Verbum.
1189 3538 1322 3592 Cum
1345 3539 1499 3594 ‘enlm
1521 3540 1591 3596 sit
1612 3542 1841 3611 simplex
1869 3541 2048 3599 Patris

485 3622 737 3687 essentia,
762 3624 963 3679 nullum
986 3627 1127 3682 aliud
1152 3629 1530 3687 intermedium
1561 3635 1792 3705 excipiet
1825 3649 2046 3707 genera.

485 3713 683 3767 tionem
720 3714 875 3771 Verbi
910 3720 1225 3776 naturaliter
1245 3736 1313 3778 ex
1342 3723 1458 3795 ipso
1484 3726 1845 3796 procedentis.
1864 3727 2047 3795 Quod-

486 3819 591 3872 que
629 3822 789 3860 unum
818 3822 1006 3865 revera
1046 3827 1167 3867 cum
1192 3813 1308 3882 ipso
1333 3825 1436 3880 est,
1474 3828 1741 3886 quatenus
1785 3820 2047 3876 naturall-

485 3905 569 3950 ter
596 3899 754 3953 etiam
782 3900 896 3970 ipse
926 3911 1011 3957 est
1046 3903 1207 3971 Deus,
1250 3916 1301 3962 et
1335 3909 1521 3965 vivens
1548 3925 1579 3965 e
1613 3912 1733 3967 vivo
1773 3911 1929 3969 Patre
1970 3913 2048 3969 el-

486 3984 652 4044 lulsit.
1440 3991 1449 3997 ’

893 4103 982 4161 Ea:
1020 4107 1311 4178 objections
1345 4110 1619 4169 Eunamii.

556 4191 615 4244 ln
662 4190 985 4263 Evangeliis,
1028 4199 1123 4261 ait,
1157 4198 1327 4256 Filius
1371 4204 1437 4257 ad
1483 4204 1699 4262 Patrem
1745 4208 1816 4264 ita
1865 4211 2042 4267 dicit:

486 4299 507 4332 ε
537 4280 714 4348 Pater,
752 4284 990 4353 glorillca
1018 4287 1210 4344 Filium
1244 4300 1425 4360 tuum;
1460 4312 1478 4347 ι
1522 4296 1690 4352 Filius
1719 4310 1910 4354 contra
1946 4318 2044 4355 au-

483 4374 603 4430 dit:
645 4394 665 4427 ι
716 4377 780 4431 Et
823 4378 1142 4447 gloriﬁcavi,
1191 4380 1246 4437 et
1310 4401 1498 4442 rursus
1544 4390 1859 4457 glorillcabo
1898 4394 1966 4448 ⁸⁸.
2022 4414 2040 4447 ι

480 4463 548 4517 At
576 4479 680 4532 quo
703 4478 859 4535 pacto
886 4470 1056 4538 possit
1081 4472 1252 4527 Filius
1274 4489 1401 4529 vcre
1430 4491 1550 4531 esse
1581 4478 1811 4535 Verbum
1841 4482 2039 4550 Patris,

2221 1610 2539 1702 Σημαντικά
2588 1630 2688 1701 μὲν
2728 1629 2797 1683 τὰ
3111 1628 3224 1684 τῶν
3257 1629 3456 1683 οὐσιῶν
3486 1630 3626 1693 ἐστι,
3657 1627 3730 1681 τά

2151 1723 2338 1795 πρῶτα
2374 1722 2436 1795 δὴ
2478 1716 2713 1794 μάλιστα
2753 1724 2849 1777 καὶ
2877 1723 2948 1777 τὰ
2976 1722 3288 1795 κυριώτατα
3311 1740 3328 1755 ο
3356 1721 3494 1776 ἀλλὰ
3522 1718 3733 1790 πολλὴν

2152 1813 2218 1868 ἄν
2242 1831 2325 1877 τις
2349 1816 2407 1867 ιν
2437 1816 2651 1879 τούτοις
2672 1814 2769 1868 ῐδοι
2790 1813 2889 1885 τὴν
2916 1814 3201 1887 διαφοράν.
3233 1814 3315 1867 Τὰ
3355 1813 3455 1882 μὲν
3482 1812 3593 1883 γὰρ
3625 1828 3733 1865 καο

2083 1883 2128 1939 Β
2155 1905 2510 1979 θολικὼτερον
2531 1907 2599 1960 τὰ
2620 1907 2748 1960 δντα
2792 1883 3197 1978 squamatum!
3241 1905 3462 1976 γενικὴν
3490 1906 3731 1958 ποιεῖται

2152 1997 2251 2069 τὴν
2278 1998 2509 2069 δήλωσιν
2529 2014 2543 2028 ο
2569 1997 2637 2051 τά
2662 1997 2718 2051 δὲ
2743 1998 2823 2061 εις
2848 1996 2911 2051 τδ
2940 1996 3064 2051 καθ’
3086 1996 3143 2050 ἓν
3170 1995 3242 2050 τὰ
3270 1994 3498 2050 καθόλου
3526 2011 3732 2067 σημαιο

2153 2090 2353 2160 νόμενα
2378 2089 2754 2161 διατέμνοντα,
2781 2087 2954 2143 πολλά
2988 2088 3058 2143 τὰ
3089 2088 3217 2142 δντα
3244 2084 3527 2157 φαίνεσθαι
3556 2088 3735 2167 ποιεῖ.¹

2153 2174 2277 2245 Οἷον
2312 2182 2444 2250 φέρε
2474 2181 2666 2245 εἰπεῖν,
2701 2177 2763 2232 τὸ
2799 2178 3087 2257 ἄνθρωπος
3123 2177 3298 2249 ὄνομα
3332 2177 3518 2241 ἀτελῶς
3545 2194 3605 2229 τε
3630 2169 3732 2230 καὶ

2152 2269 2382 2322 ἀπολελυ
2392 2268 2568 2339 μένως
2588 2268 2897 2339 λεγόμενον,
2918 2267 3139 2340 σύμπαν
3162 2268 3419 2339 σημαίνει
3439 2267 3498 2321 τὸ
3514 2266 3732 2338 ἀνθρὼ-

2153 2376 2303 2412 πειον
2335 2360 2512 2427 γένος,
2562 2360 2596 2431 ἢ
2622 2359 2719 2429 τὴν
2760 2359 2948 2413 οὐσίαν
2975 2360 3178 2431 αύτήνυ
3213 2360 3273 2413 τὺ
3310 2359 3366 2413 δὲ
3398 2357 3609 2422 Παῦλος
3633 2374 3732 2410 τυ-

2151 2452 2243 2523 χὸν
2269 2453 2302 2525 ἢ
2352 2453 2586 2523 Πέτρος,
2634 2452 2888 2516 Ἰάκωὸος
2918 2452 2950 2523 ἢ
2992 2453 3190 2524 Κηφᾶς
3213 2492 3228 2517 ,
3269 2452 3351 2515 εἰς
3380 2450 3443 2503 τὸ
3478 2448 3601 2503 καθ’
3629 2449 3731 2502 ενα

2154 2544 2335 2617 σχίζον
2356 2545 2455 2615 τὴν
2485 2544 2902 2616 ἀνθρωπότητα,
2930 2544 3158 2608 πολλοὺς
3186 2540 3325 2599 εἶναι
3353 2544 3479 2607 τοὺς
3506 2540 3725 2612 ἀνθρὼ-

2154 2653 2287 2699 πους
2313 2638 2473 2689 ποιεῖ.
2499 2633 2706 2690 υύκοῦν
2730 2637 2763 2706 ἡ
2788 2634 2896 2687 τῶν
2930 2633 3212 2705 ὀνομάτων
3242 2632 3472 2703 διαφορὰ
3512 2630 3727 2701 λαμϐά-

2154 2742 2303 2780 νεται
2333 2728 2429 2795 μὲν
2454 2726 2547 2779 ἐπὶ
2578 2724 2687 2779 τῶν
2730 2725 3064 2795 ὀμοουσιων,
3093 2723 3154 2776 οὐ
3200 2723 3307 2794 μὴν
3348 2721 3599 2776 ἐκϐάλλει
3623 2721 3729 2792 τῆς

2154 2818 2288 2889 πρὸς
2310 2816 2515 2888 ἄλληλα
2540 2817 2776 2888 φυσικῆς
2797 2816 3094 2888 ἑμφερείας
3129 2816 3201 2869 τὰ
3224 2817 3337 2879 τοῖς
3376 2816 3561 2877 αὐτοῖς
3586 2813 3729 2867 εῖδε-

2155 2927 2239 2963 σιν
2267 2909 2660 2963 ὑποπίπτοντα.
2711 2910 2881 2962 Ὅταν
2911 2902 3005 2961 οὖν
3048 2909 3078 2961 6
3125 2907 3225 2978 μὲν
3265 2907 3454 2975 Πατὴρ
3493 2904 3729 2974 λέγηται

2154 3002 2362 3073 Πατὴρ,
2398 3003 2426 3054 6
2448 3002 2504 3054 δὲ
2524 3000 2651 3064 Υἱὸς
2678 3000 2870 3068 Λόγος,
2902 3000 3002 3053 οὐκ
3025 2998 3178 3073 ἔσται
3196 2999 3294 3069 τὴν
3320 2996 3481 3068 φύσιν
3513 2990 3725 3066 ἢοῦτος

2155 3090 2289 3161 πρὸς
2314 3092 2538 3153 ἐκεῖνον,
2570 3090 2602 3160 ἡ
2634 3093 2841 3154 ἐκεῖνος
2860 3090 2936 3153 ὡς
2964 3091 3103 3160 πρὸς
3126 3084 3321 3145 τοῦτον
3357 3089 3629 3171 ἀνόμοιος,
3661 3088 3725 3141 ιν

2154 3181 2336 3251 μόνοις
2348 3180 2603 3251 ὀνόμασιν
2627 3180 2843 3264 ἔχοντες
2864 3180 2961 3252 τὴν
2983 3180 3285 3252 διαστολὴν.
3307 3180 3586 3234 Δέδεικται
3610 3178 3724 3251 γάρ

2152 3272 2227 3337 ὡς
2270 3274 2367 3327 οὐκ
2410 3272 2704 3344 ἀνατρέψει
2746 3273 2855 3326 τῶν
2902 3273 3157 3343 ὁμοφυῶν
3202 3274 3301 3343 τὴν
3334 3272 3469 3344 πρὸς
3516 3271 3726 3342 ἄλληλα

2155 3365 2389 3435 φυσικὴν
2425 3365 2717 3435 ὁμοιότητα
2743 3362 2852 3416 τῶν
2878 3364 3157 3435 ὀνομάτων
3199 3366 3231 3435 ἡ
3260 3363 3509 3434 διαφορά.
3555 3363 3725 3417 Οὐδὲν

2151 3454 2260 3527 ἄρα
2289 3456 2486 3509 κωλύει
2511 3456 2604 3510 τὸν
2636 3456 2768 3510 Υἱδν
2798 3455 3083 3525 ὀμοούσιον
3114 3452 3253 3509 εἶναι
3279 3455 3358 3525 τῷ
3388 3457 3583 3525 Πατρὶ,
3616 3456 3723 3510 κᾶν

2151 3546 2277 3610 Υἱὸς
2305 3547 2548 3600 καλεῖται
2575 3548 2669 3600 καὶ
2700 3546 2775 3618 μὴ
2802 3546 2991 3619 Πατὴρ
3020 3546 3183 3610 αὑτός
3227 3547 3375 3599 ἔστιν
3414 3547 3443 3598 6
3470 3544 3723 3615 ἀληθινὸς

2150 3637 2312 3692 αὑτοῦ
2346 3639 2539 3707 Λόγος.
2574 3638 2747 3708 ’Λπλῆ
2772 3637 2883 3709 γὰρ
2910 3634 3044 3691 οὖσα
3064 3639 3098 3707 ἡ
3148 3636 3243 3689 τοῦ
3280 3635 3494 3707 Πατρδς
3538 3634 3719 3699 οὐσία,

2148 3728 2300 3783 οὑδὶν
2325 3729 2511 3800 ἕτερον
2537 3729 2841 3797 amatam
2870 3726 3204 3799 μεσολασοῢν
3225 3727 3325 3799 τὴν
3344 3728 3597 3796 γέννησιν
3624 3724 3722 3779 τοῦ

2152 3821 2211 3885 ἐξ
2237 3820 2402 3875 αὐτοῦ
2431 3820 2678 3891 φυσικῶς
2700 3820 3058 3891 προελθόντος
3087 3820 3284 3887 Λόγου,
3318 3820 3411 3873 καὶ
3441 3819 3516 3882 ὡς
3543 3818 3600 3870 ἓν
3631 3819 3718 3871 δν-

2150 3928 2258 3973 τως
2289 3911 2422 3982 πρὸς
2445 3911 2629 3977 αὐτὸν,
2659 3911 2794 3964 καθὸ
2826 3912 2983 3979 φύσει
3006 3911 3103 3965 καὶ
3136 3910 3299 3975 αὐτὸς
3326 3908 3457 3970 Θεὸς
3488 3910 3580 3962 καὶ
3610 3908 3721 3973 ζῶν

2150 4001 2215 4054 ὲκ
2233 4000 2434 4065 ζῶντος
2466 4001 2779 4074 ὲξελὰμφθη
2801 4002 3034 4071 Πατρός.

2429 4114 2760 4180 ’Δντίθεσις
2781 4113 2862 4180 ὡς
2885 4114 2953 4168 ἐκ
2983 4112 3102 4168 τῶν
3121 4114 3445 4183 Εὐνομίαν.

2231 4206 2322 4260 Ἐν
2348 4209 2459 4269 τοϊς
2484 4206 2858 4275 Εὑαγγελίοις,
2890 4207 3079 4277 φησιν,
3126 4205 3454 4277 εὑρίσκομεν
3488 4206 3713 4274 λέγοντα

2148 4296 2238 4350 τὸν
2268 4297 2394 4350 Υεὸν
2416 4297 2491 4360 ὡς
2517 4296 2652 4369 πρὸς
2670 4296 2761 4349 τὸν
2792 4297 3011 4367 Πατέρα
3032 4314 3046 4327 ·
3080 4316 3098 4348 ι
3140 4298 3342 4369 Πάτερ,
3366 4297 3585 4362 δόξασόν
3618 4314 3715 4351 σου

2146 4386 2237 4440 τὸν
2266 4387 2412 4450 Υῐὸν,
2447 4407 2464 4438 ι
2505 4387 2872 4442 ἀντακούοντα
2898 4387 2955 4440 δὲ
2995 4390 3127 4458 παρ’
3157 4388 3323 4443 αὐτοῦ
3345 4405 3359 4419 ·
3394 4408 3413 4440 ι
3452 4388 3562 4442 Καὶ
3592 4386 3715 4443 ὲδόο

2151 4478 2308 4543 ξασα,
2344 4480 2437 4532 καὶ
2462 4479 2621 4532 πάλιν
2640 4478 2869 4545 δοξάσω.
2915 4497 2933 4529 ι
2968 4479 3079 4531 Καὶ
3103 4480 3219 4543 πῶς
3243 4478 3309 4533 ἂν
3330 4476 3467 4533 εἶναι
3494 4479 3716 4533 δύναιτο

481 4568 602 4609 cum
644 4555 799 4611 Pater
839 4560 1009 4627 ipsum
1046 4564 1397 4634 alloquatur?
1427 4569 1679 4625 allocutio
1709 4582 1890 4628 autem
1915 4546 2040 4631 abs;

2153 4571 2318 4639 Λόγος
2346 4570 2440 4624 τοῦ
2472 4572 2682 4641 Πατρὸς
2706 4570 2849 4624 κατὰ
2879 4569 3133 4640 ἀλήθειαν
3166 4572 3195 4624 ὀ
3228 4571 3377 4635 Υἱὸς,
3403 4572 3535 4624 ὅπου
3579 4571 3712 4640 φαι-

480 4657 584 4712 que
618 4648 782 4702 verbo
836 4648 950 4705 lieri
986 4667 1090 4706 nou
1124 4665 1321 4721 potest.
1352 4657 1459 4710 Aut
1499 4660 1663 4728 igitur
1694 4664 1923 4733 ipsemet
1950 4680 2039 4722 se—

2153 4680 2290 4717 νεται
2321 4664 2455 4733 πρὸς
2484 4663 2644 4716 αὐτὸν
2663 4661 3044 4730 διαλεγόμενος
3071 4663 3100 4714 6
3140 4662 3364 4732 Πατήρ;
3395 4661 3631 4729 διάλεξις
3656 4660 3715 4717 όὲ

480 4749 600 4791 cum
634 4738 889 4808 loquitur.
923 4754 1015 4799 aut
1047 4747 1090 4801 si
1118 4745 1280 4802 Pater
1335 4766 1523 4807 revera
1567 4752 1761 4807 Filium
1808 4756 2039 4827 alloqui—

2153 4756 2299 4823 λόγου
2324 4755 2491 4825 χωρὶς
2519 4754 2619 4808 οὐκ
2649 4754 2716 4807 ἂν
2765 4753 2971 4821 γένοιτό
3017 4769 3168 4808 ποτε.
3222 4754 3292 4806 Ἦ
3328 4754 3508 4807 τοίνυν
3548 4754 3713 4818 αὐτὸς

480 4836 587 4888 tur,
619 4827 755 4884 alius
780 4832 1021 4899 profecto
1048 4836 1153 4890 erit
1184 4853 1212 4890 a
1243 4838 1419 4896 Verbo
1436 4844 1575 4911 quod
1611 4845 1832 4899 insitum
1869 4858 2034 4917 atque

2153 4846 2319 4917 ἑαυτῷ
2374 4846 2524 4899 ἔσται
2576 4844 2977 4914 διαλεγόμενος,
3008 4845 3039 4915 ἢ
3070 4845 3228 4913 εἴπερ
3259 4842 3429 4906 ὅντως
3466 4842 3615 4908 λέγει
3660 4860 3711 4895 τι

478 4917 802 4977 inexsistens
838 4923 943 4979 Deo
965 4930 1257 4983 secundum
1289 4940 1535 4988 naturam
1559 4946 1659 5003 est,
1687 4939 1831 5008 quod
1861 4940 2032 5011 ipsum

2153 4941 2278 5011 πρὸς
2316 4938 2477 4993 αὑτὸν
2502 4940 2529 4991 6
2564 4938 2770 5007 Πατὴρ,
2802 4938 2988 5008 ἕτερός
3021 4939 3136 4990 ἐστι
3167 4935 3317 5006 παρὰ
3354 4935 3445 4987 τὸν
3472 4935 3710 4988 ἐνδιάθεο

478 5005 788 5079 alloquitur,
811 5012 964 5081 juxta
992 5018 1318 5075 voluntatem
1355 5022 1553 5081 Patris.
1703 5005 1721 5008 -
1880 5005 1896 5011 ν

2153 5005 2229 5082 ιον
2260 5029 2354 5081 καὶ
2396 5005 2765 5098 ἐνυπάρχοντα
2802 5005 3035 5096 τῷ-Θεῷ
3070 5025 3209 5079 κατὰ
3244 5005 3405 5093 φύσιν
3425 5026 3616 5093 Λόγον,
3652 5025 3711 5090 ὃς

2138 5120 2289 5173 λαλεῖ
2327 5119 2461 5189 πρὸς
2491 5118 2669 5179 αὐτὸν,
2704 5117 2845 5171 κατὰ
2876 5118 3126 5189 βούλησιν
3142 5116 3232 5171 τοῦ
3265 5117 3496 5188 Πατρός.

2621 5210 2776 5277 Πρὸς
2806 5210 2991 5264 ταῦτα
3016 5210 3216 5275 λύσις.

2210 5306 2283 5358 Οὐ
2308 5303 2492 5376 παύσῃ
2518 5303 2867 5371 συκοφαντῶν
2885 5302 2979 5374 τὴν
3001 5303 3292 5374 ἀσώματον
3317 5302 3524 5366 οὐσίαν,
3550 5300 3707 5370 λόγον

2140 5398 2197 5463 ἐξ
2222 5397 2390 5467 αὐτῆς
2425 5394 2804 5449 ἀποτελεῖσθαι
2832 5394 3101 5447 πιστεύων
3146 5392 3406 5457 τοιοῦτον,
3437 5395 3619 5457 ὁποῖος
3642 5393 3707 5448 ἂν

2140 5489 2222 5556 εἴη
2251 5489 2343 5541 καὶ
2367 5489 2396 5540 6
2424 5486 2780 5556 ἀνθρώπινος,
2804 5485 2893 5538 διὰ
2917 5483 3141 5555 χειλέων
3172 5485 3265 5537 καὶ
3292 5482 3539 5554 γλώττης
3569 5485 3706 5538 ἁπο-

2139 5577 2345 5629 κτυτεού
2355 5594 2513 5645 μενος
2533 5593 2550 5610 ·
2570 5577 2661 5629 καὶ
2679 5576 2781 5644 τὴν
2797 5575 2888 5627 τού
2910 5575 3079 5639 πέλας
3100 5575 3496 5646 προσαράσσων
3511 5574 3703 5645 ἀκοὴν,

2141 5669 2227 5724 ἵνα
2251 5668 2314 5740 δὴ
2338 5670 2430 5724 καὶ
2459 5668 2669 5737 γένοιτο
2692 5668 2870 5737 σαφὴς
2912 5667 3006 5721 τοῦ
3046 5666 3331 5731 λαλοῦντος
3361 5669 3393 5737 ἡ
3429 5664 3701 5736 βούλησις.

964 5194 1174 5251 Salutio
1206 5202 1538 5270 objectionis.

546 5275 660 5331 Non
693 5281 901 5336 desinet
935 5285 1033 5340 iste
1083 5288 1455 5361 incorporeum
1492 5302 1786 5355 essentiam
1827 5307 2031 5361 calum-

475 5368 636 5428 niari.
670 5374 998 5437 persuadens
1025 5378 1124 5432 sibi
1159 5396 1459 5440 sermonem
1501 5404 1563 5443 ex
1600 5406 1659 5444 ea
1693 5394 1922 5461 proferri
1952 5407 2019 5451 ta-

476 5459 599 5519 lem.
630 5461 805 5527 qualis
842 5475 927 5518 est
977 5468 1262 5539 butnanus,
1292 5477 1382 5545 qui
1431 5459 1704 5538 labiorumv
1739 5495 1794 5540 et
1838 5487 2032 5557 linguae

476 5550 800 5606 adminiculo
828 5563 1225 5629 pronuntietur,
1258 5575 1420 5636 atque
1452 5569 1539 5624 illa
1572 5550 2030 5633 adstantium'au-

476 5638 646 5692 (litum
675 5638 847 5707 feriat,
885 5656 943 5699 ut
978 5649 1049 5703 ita
1088 5651 1354 5721 loquentis
1389 5660 1627 5717 voluntas
1655 5663 1877 5737 intelligi
1911 5685 2030 5738 pos-

545 5792 589 5824 “
616 5791 767 5849 Joan.
802 5813 896 5867 xu,
935 5800 1023 5859 28,
