3968 6468
401 456 506 512 διο
958 434 961 437 Δ
1420 448 1477 505 5.
1520 418 1787 506 CYRILLI
1825 439 2291 499 ALEXANDRINI
2330 430 2649 502 ARC'lllEP.
3541 443 3654 500 520

408 583 506 630 test
546 571 677 628 solvi
725 568 1042 637 Scriptura;
1091 585 1250 643 quem
1301 570 1443 627 Deus
1490 567 1872 632 sanctiﬁcavit,
1908 573 1961 621 et

2084 580 2181 618 νετο
2206 606 2219 629 ,
2272 566 2364 620 καὶ
2395 567 2455 620 οὐ
2484 566 2711 621 δύναται
2752 564 2976 636 λυθῆναι
3016 566 3049 637 ή
3091 559 3308 635 Γραφὴ.
3353 564 3412 617 ὃν
3440 565 3469 616 6
3512 564 3651 628 Θεὸς

402 663 549 718 misit
595 663 647 718 in
693 664 971 729 mundum,
1026 678 1123 719 vos
1168 663 1348 725 dicitis
1412 663 1536 733 quia
1594 661 1962 730 Blasphemas,

2081 653 2259 723 ήγίασε
2295 656 2387 708 καὶ
2414 654 2731 709 ἀπέστειλεν
2766 656 2845 717 είς
2868 653 2960 707 τὸν
2990 654 3195 721 κόσμον
3215 693 3230 719 ,
3267 654 3429 724 ὑμεῖς
3452 652 3648 721 λέγετε

401 753 524 821 quia
568 752 675 807 disi
706 774 718 807 :
757 750 926 809 Filius
960 754 1050 808 Dei
1083 768 1201 809 sum
1230 753 1297 808 “.
1334 772 1353 805 ι
1388 752 1444 807 Si
1479 752 1625 807 enim
1658 750 1960 806 naturalem

2080 744 2145 796 in
2176 744 2544 814 Βλασφημεῖς,
2577 746 2659 798 ὅτι
2685 740 2837 799 εἷπον
2857 760 2871 776 ⁸
2901 743 3028 807 Υἱὸς
3050 743 3141 797 τοῦ
3172 742 3307 797 Θεοῦ
3330 744 3499 813 είμι.»
3525 741 3647 796 Καὶ

399 854 519 892 cum
564 842 842 911 prophetis
875 841 1279 896 similitudinem
1306 840 1603 906 habuisset,
1640 855 1746 895 non
1778 840 1964 909 utique

2079 836 2170 907 τάρ
2203 839 2249 889 εί
2279 836 2377 908 τὴν
2409 836 2545 908 πρὸς
2573 838 2698 900 τοὺς
2731 836 3015 908 προφήτας
3050 829 3196 905 εἶχεν
3232 834 3453 905 ἰσότητα
3477 849 3646 901 φυσι-

397 930 561 984 veluti
599 945 628 984 a
663 930 822 1001 189
848 929 1144 986 minoribus
1187 944 1246 984 se
1289 929 1746 998 comparationem
1797 927 1962 983 fecis-

2080 925 2186 996 ιήν,
2229 927 2329 980 οὐκ
2378 926 2443 981 ἀν
2498 926 2574 991 ὡς
2622 928 2688 980 έκ
2712 925 2806 979 τοῦ
2833 926 3113 987 ἐλάττονος
3156 924 3264 976 τῶν
3289 924 3413 979 καθ’
3448 922 3647 977 ἑαυτὸν

398 1028 501 1074 set.
543 1019 673 1073 Nam
709 1034 826 1074 cum
858 1021 1015 1085 dixit,
1050 1039 1068 1073 ι
1103 1019 1159 1075 Si
1192 1020 1312 1075 illos
1342 1022 1482 1076 dixit
1517 1022 1667 1087 deos,
1710 1022 1775 1076 ad
1824 1036 1963 1091 quos

2079 1018 2298 1069 ιποιεττο
2345 1017 2444 1086 τὴν
2498 1015 2805 1086 σύγκρισιν,
2844 1013 2915 1067 τὰ
2957 1013 3184 1067 ἐκείνων
3225 1010 3517 1082 λαμϐάνων
3558 1012 3646 1073 είς

399 1124 577 1165 sermo
611 1108 703 1165 Dei
755 1108 930 1165 factus
962 1122 1065 1177 est,
1095 1111 1383 1167 manifeste
1414 1112 1651 1167 ostendit
1697 1112 1791 1167 Dei
1842 1126 1960 1167 ser-

2075 1106 2497 1177 παραδείγματος
2531 1106 2783 1176 δύναμιν.
2830 1106 3022 1173 Λέγων
3069 1104 3198 1176 γὰρ,
3240 1124 3259 1157 ι
3293 1105 3357 1157 Ei
3392 1103 3642 1166 ἐκείνους

399 1211 607 1253 monem
640 1198 705 1253 ad
740 1214 798 1254 se
846 1198 1045 1254 factum
1081 1213 1186 1253 non
1212 1213 1357 1264 esse,
1393 1200 1538 1254 sicut
1574 1200 1641 1253 ad
1674 1199 1829 1253 illos:
1864 1198 1957 1254 sed

2074 1193 2180 1250 εἶπε
2206 1197 2383 1262 θεοὺς,
2408 1196 2543 1268 πρὸς
2568 1195 2662 1261 οὓς
2692 1196 2721 1249 6
2739 1196 2895 1264 λόγος
2915 1195 3011 1249 τοῦ
3042 1195 3177 1249 Θεοῦ
3217 1195 3455 1263 ἐγένετο,
3484 1212 3503 1245 ι
3535 1210 3641 1248 σα·-

396 1286 535 1353 quod
574 1285 695 1357 ipse
735 1290 811 1344 sit
860 1304 1041 1346 sermo
1089 1289 1263 1347 Patris
1316 1292 1382 1347 ad
1432 1279 1722 1362 prophetas
1756 1292 1951 1346 dictus.

2077 1285 2175 1354 ρῶς
2203 1284 2583 1338 ἀποδείκνυσιν
2605 1284 2665 1337 οὐ
2692 1282 2848 1352 λόγον
2870 1281 3202 1353 γεγενῆσθαι
3221 1281 3355 1335 Θεοῦ
3384 1281 3519 1352 πρὸς
3536 1280 3644 1333 αὐ-

397 1374 675 1441 Quomodo
726 1377 889 1447 igitur
928 1379 995 1443 is,
1024 1380 1114 1451 qui
1155 1388 1306 1436 tanto
1354 1381 1637 1437 intervallo
1666 1381 1958 1451 prophetas

2071 1377 2168 1441 ιδν,
2194 1375 2384 1448 ὥσπερ
2414 1378 2509 1431 καὶ
2534 1375 2670 1447 πρὸς
2702 1374 2965 1437 ἐκείνους,
3002 1373 3118 1427 ἀλλ’
3135 1373 3327 1444 ὅτιπερ
3360 1371 3523 1435 αὐτὸς
3546 1372 3638 1441 εῐη

394 1478 632 1536 superat,
660 1468 795 1525 nihil
821 1469 981 1526 habet
1004 1471 1234 1541 amplius
1266 1486 1427 1542 quam
1458 1473 1753 1543 prophetae,
1788 1482 1843 1528 ut
1875 1480 1953 1541 tu,

2074 1465 2149 1521 ιοῦ
2177 1466 2386 1537 Πατρδς
2404 1469 2433 1519 6
2454 1467 2625 1534 λόγος,
2643 1467 2671 1517 6
2700 1464 2837 1535 πρὸς
2864 1464 2991 1528 τοὺς
3014 1463 3299 1533 προφήτας
3324 1460 3641 1530 λεγόμενος.

394 1555 719 1628 blaspheme,
746 1560 1211 1632 impudentissime
1229 1551 1468 1627 passeris?

2072 1550 2180 1615 Πῶς
2207 1547 2299 1605 οὖν
2329 1553 2357 1605 6
2386 1551 2641 1606 τοσοῦτον
2673 1550 2783 1604 τῶν
2826 1551 3122 1621 προφητῶν
3146 1548 3639 1620 ἀπεσχοινισμένος

2056 1641 2152 1693 καὶ
2181 1638 2293 1694 ἀνω
2324 1657 2426 1693 που
2456 1640 2730 1711 κείμενος,
2776 1639 2931 1693 οὐδὲν
2957 1639 3067 1707 list
3094 1638 3256 1693 πλέον
3282 1637 3462 1693 αὐτῶν
3492 1639 3641 1693 κατά

2054 1727 2153 1799 τήν
2176 1731 2296 1801 σὴν,
2320 1724 2365 1785 ὦ
2399 1727 2711 1801 βλάσφημε,
2736 1731 2980 1802 τόλμαν;

1049 1842 1278 1900 ALIUD.

2738 1842 2941 1896 ΛΛΛΟ.

458 1952 514 2008 Si
543 1952 766 2010 nescivit
802 1952 974 2009 Filius
1016 1955 1342 2013 voluntatem
1382 1955 1582 2025 Patris,
1610 1957 1726 2023 sed,
1755 1974 1945 2028 quein-
1980 1908 2024 1964 Β

2126 1954 2189 2006 Ei
2218 1953 2317 2007 οὐκ
2336 1951 2476 2009 οἶδεν
2498 1954 2528 2007 6
2556 1954 2681 2018 Υἱὸς
2696 1953 2792 2027 τὴν
2812 1954 2904 2009 τοῦ
2933 1950 3148 2027 Πατρός
3179 1956 3452 2029 βούλησιν,
3478 1957 3639 2011 ικδέ-

386 2048 671 2102 admodum
730 2047 914 2103 hostes
971 2046 1175 2109 Christi
1229 2056 1504 2112 asserunt,
1535 2063 1838 2104 sermonem
1880 2049 1949 2105 ab

2069 2060 2206 2113 (εται
2232 2044 2309 2109 δὲ,
2333 2044 2582 2115 καθάπερ
2599 2045 2649 2099 oi
2672 2032 3030 2116 χ’ριστομάχοι
3055 2046 3357 2116 νομίζωσι,
3382 2047 3473 2100 τὸν
3496 2049 3636 2118 παρ’

387 2135 505 2204 ipso
522 2137 772 2208 suscipit,
796 2149 852 2193 ut
871 2138 941 2193 ita
960 2137 1152 2202 discat,
1173 2147 1227 2193 et
1244 2139 1465 2208 perinde
1481 2154 1545 2194 ac
1567 2122 1945 2209 prophetarum

2070 2133 2220 2186 ιὺτοῦ
2241 2133 2416 2203 λόγον,
2452 2134 2539 2187 ἴνα
2568 2133 2631 2205 δή
2654 2150 2785 2187 ποτε
2816 2134 2914 2188 καὶ⁵
2942 2134 3127 2205 μάθοι,
3161 2137 3255 2189 καὶ
3273 2136 3463 2206 ῶσπερ
3493 2135 3637 2205 πρός

384 2226 619 2297 aliquem
645 2227 807 2283 Pater
826 2229 997 2298 ipsum
1030 2228 1324 2299 alloquitur
1353 2246 1368 2283 :
1408 2218 1637 2298 aequalis
1670 2230 1833 2299 igitur
1861 2239 1949 2286 est

2064 2241 2171 2278 τινα
2204 2224 2311 2278 τῶν
2347 2225 2642 2297 προφητῶν
2668 2226 2697 2279 ό
2726 2226 2916 2297 Πατὴρ
2945 2226 3250 2295 διαλέγεται
3274 2226 3410 2297 πρὸς
3441 2226 3631 2290 αὑτὸν,

382 2316 677 2386 prophetis.
714 2317 853 2385 Quid
889 2317 1057 2388 igitur
1089 2332 1301 2373 rursum
1332 2324 1571 2374 statuent
1610 2321 1675 2374 de
1711 2318 1943 2375 Psalmi-

2067 2314 2166 2378 ἴσος
2199 2315 2307 2386 ἀρα
2336 2316 2638 2387 προφήταις
2668 2315 2806 2369 ἐστι.
2842 2316 2944 2369 Ποῖ
2990 2315 3056 2387 δὴ
3100 2312 3193 2370 οῦν
3225 2316 3333 2386 ἄρα
3384 2316 3634 2387 χωρήσει

380 2414 487 2467 sta,
520 2406 571 2459 in
610 2404 814 2476 Spiritu
841 2407 1053 2462 dicente
1084 2426 1099 2461 :
1136 2426 1155 2458 ι
1187 2405 1319 2473 Quis
1348 2408 1401 2463 in
1434 2410 1666 2464 nubibus
1696 2423 1943 2479 exaequa-

2065 2404 2216 2471 πάλιν
2261 2406 2393 2475 ἡμῖν
2437 2407 2465 2457 6
2516 2406 2671 2473 άγιος
2698 2405 3000 2476 Ψαλμῳδδς
3030 2408 3089 2458 έν
3119 2406 3397 2476 Πνεῦματι
3429 2406 3632 2474 λέγων,

376 2493 526 2548 bitur
560 2496 827 2552 Domino?
868 2507 923 2553 et
955 2499 1078 2568 quis
1107 2499 1301 2555 similis
1337 2501 1442 2555 erit
1474 2501 1699 2558 Domino
1728 2502 1781 2557 in
1819 2501 1943 2558 ﬁliis

2067 2496 2133 2548 in
2169 2514 2187 2545 ι
2229 2495 2324 2558 Τίς
2377 2496 2435 2547 ἐν
2467 2495 2717 2563 νεφέλαις
2756 2496 3083 2567 ίσωθήσεται
3124 2496 3204 2567 τῷ
3248 2497 3479 2567 κυρίως
3531 2497 3634 2550 καὶ

381 2583 653 2639 hominum
678 2586 804 2640 ιιι»
844 2587 1029 2643 Viden’
1074 2604 1180 2658 quo
1214 2600 1373 2659 pacto
1430 2600 1617 2659 aperte
1672 2592 1941 2646 neminem

2065 2586 2133 2649 ιίς
2178 2585 2579 2656 ὁμοιωθήσεται
2615 2586 2695 2655 τῷ
2733 2586 2924 2658 Κυρίῳ
2956 2589 3013 2641 έν
3043 2589 3179 2651 υἱοῖς
3209 2587 3378 2649 Θεοῦ;
3418 2606 3439 2639 s
3495 2587 3632 2642 ’1δοῦ

381 2675 555 2741 inquit
573 2676 625 2729 in
647 2678 948 2746 prophetis,
969 2694 1103 2746 quos
1129 2680 1356 2751 ﬁgurate
1378 2682 1547 2736 nubes
1571 2691 1747 2747 vocat,
1769 2696 1944 2752 neque

2062 2676 2157 2747 γὰρ
2182 2676 2370 2729 ἐνθάδε
2395 2677 2582 2745 σαφῶς
2612 2677 2802 2732 οὐδένα
2837 2679 2999 2747 φησὶν
3026 2677 3150 2731 οὗτε
3195 2680 3253 2731 έν
3289 2679 3629 2749 προφήταις,

378 2764 430 2818 ἱη
468 2765 555 2831 iis,
585 2769 673 2838 qui
719 2784 815 2837 per
856 2771 1087 2839 gratiam
1141 2772 1191 2825 in
1224 2770 1363 2827 ﬁlios
1392 2771 1485 2826 Dei
1522 2772 1761 2840 sdoptati
1792 2779 1940 2838 sunt,

2062 2767 2141 2831 >ὒς
2174 2767 2265 2819 καὶ
2294 2766 2525 2834 νεφέλας
2550 2766 2956 2840 τροπικώτερον
2990 2767 3175 2837 λέγει,
3225 2766 3349 2821 οὔτε
3380 2768 3485 2840 μὴν
3510 2769 3629 2833 τοὶς

375 2856 634 2923 aequalem
682 2858 796 2913 fore
832 2859 967 2914 Filio
994 2860 1267 2915 naturali?
1293 2862 1567 2927 Quomodo
1606 2862 1766 2931 igitur
1799 2877 1941 2918 cen-

2062 2857 2124 2919 ιίς
2160 2856 2380 2927 υίότητα
2410 2855 2544 2909 Θεοῦ
2590 2859 3085 2927 καταταττομένοις
3114 2858 3204 2912 διὰ
3235 2859 3334 2929 τῆς
3377 2860 3629 2929 χάριτος,

376 2948 576 3002 scndus
601 2958 681 3001 est
713 2964 837 3003 vere
866 2950 1008 3019 loqui
1036 2949 1230 3017 David,
1264 2953 1353 3021 qui
1388 2952 1513 3006 talia
1541 2954 1591 3007 in
1620 2953 1827 3023 Spiritu
1854 2956 1937 3009 di-

2064 2948 2161 2999 ’σον
2180 2947 2397 3001 ἔσεσθαι
2427 2947 2504 3019 τῷ
2532 2950 2675 3005 κατά
2701 2951 2862 3021 φύσιν
2884 2952 3019 3023 Υἱῷ.
3056 2954 3189 3015 ’Πῶς
3212 2948 3306 3007 οῦν
3332 2952 3631 3023 ἀληθεύσει

377 3037 468 3101 cit,
502 3039 547 3092 si
594 3053 771 3094 sermo
805 3039 978 3097 Patris
1020 3043 1183 3097 etiam
1231 3044 1297 3097 ad
1343 3044 1517 3113 ipsum
1564 3046 1641 3108 lit,
1688 3046 1829 3101 sicut
1872 3046 1939 3101 ad

2063 3036 2167 3090 ὶασ
2164 3037 2207 3090 ιδ
2224 3039 2252 3089 6
2274 3039 2331 3091 έν
2347 3037 2623 3109 Πνεῦματι
2639 3040 2710 3093 τά
2731 3040 2955 3095 τοιαῦτα
2974 3040 3166 3110 λέγων,
3180 3042 3338 3112 είπερ
3355 3042 3449 3095 καὶ
3464 3040 3630 3110 λόγος

375 3136 611 3192 sanctos,
640 3140 691 3183 ct
715 3146 819 3184 non
859 3132 1008 3186 novit
1034 3133 1360 3188 voluntatem
1387 3133 1564 3189 Patris
1602 3136 1823 3205 perinde
1852 3146 1937 3192 at-

2063 3128 2136 3181 ιοῦ
2170 3130 2378 3201 Πατρὸς
2407 3130 2541 3201 πρὸς
2574 3131 2737 3184 αὐτὸν
2766 3132 3006 3199 γίνεται,
3040 3134 3290 3204 καθάπερ
3331 3132 3469 3203 πρὸς
3494 3134 3630 3197 τοὺς

373 3234 480 3288 que
507 3220 601 3280 illi.
621 3230 675 3274 et
701 3237 795 3291 per
818 3222 1059 3277 auditum
1086 3224 1490 3280 revelationem.
1507 3224 1651 3280 illius
1668 3228 1935 3297 suscipit?

2060 3219 2251 3288 ὶγίους,
2284 3220 2379 3272 κα)⁵
2406 3222 2507 3273 οὐκ
2534 3215 2641 3275 οἶδε
2676 3222 2776 3293 τήν
2804 3222 2898 3275 τοῦ
2923 3222 3136 3293 [ἰατρὸς
3161 3220 3418 3292 βούλησιν
3446 3220 3627 3275 καθά-

376 3309 446 3361 Αι
480 3309 524 3362 si
562 3308 935 3379 hlasphcmum
968 3314 1273 3379 estdicere,
1303 3312 1569 3383 Spiritum
1604 3319 1845 3382 mentiri,
1881 3328 1938 3373 ut

2063 3325 2147 3378 ιερ
2182 3310 2398 3372 ἐκεῖνοι,
2455 3308 2571 3361 ἀλλ’
2611 3310 2895 3380 ἐκδέχεται
2942 3311 3041 3381 τήν
3073 3310 3414 3381 ἀποκάλυψιν
3452 3310 3630 3381 αὐτῆς

372 3396 595 3451 omnino
620 3408 703 3452 est
724 3397 1115 3468 hlasphemum,
1140 3415 1313 3470 neque
1342 3402 1503 3458 aliter
1531 3418 1589 3460 se
1621 3420 1710 3460 res
1741 3406 1937 3463 habet:

2061 3398 2125 3451 ῖιά
2155 3398 2253 3469 τῆς
2304 3399 2659 3470 ἀκροάσεως;
2697 3401 2760 3454 El
2791 3401 2847 3455 δὲ
2895 3401 3180 3473 δύσφημον
3220 3401 3283 3455 τδ
3328 3400 3628 3472 ψεύδεσθαι

378 3494 524 3539 certe
565 3485 707 3541 Deus
740 3487 1145 3558 incomparabili
1178 3491 1495 3547 excellentia
1531 3496 1811 3565 prophetis
1841 3512 1933 3553 su-

2061 3488 2099 3541 :6
2128 3488 2353 3559 Πνεῦμα
2399 3490 2581 3559 λέγειν
2603 3530 2620 3555 ,
2656 3491 2940 3563 δύσφημον
2972 3493 3028 3546 δὲ
3065 3493 3323 3558 πάντως,
3381 3491 3473 3543 καὶ
3519 3490 3628 3562 οὐχ

376 3570 558 3639 perior
580 3574 703 3638 erit,
731 3574 928 3646 quippe
954 3576 1047 3645 qui
1079 3591 1238 3635 verus
1269 3594 1473 3647 sermo,
1509 3591 1565 3637 et
1601 3583 1847 3641 voluntas
1873 3599 1937 3639 ac

2055 3577 2240 3647 ἑτέρως
2268 3578 2410 3648 ἔχον,
2434 3579 2691 3650 ὑπερέξει
2722 3582 3015 3653 προφητῶν
3038 3584 3067 3635 6
3105 3582 3309 3652 Κύριος
3348 3581 3622 3652 ἀσυγκρί-

374 3660 637 3729 sapientia
661 3662 857 3719 Patris.

2056 3684 2150 3731 τοις
2176 3668 2493 3739 ὑπεροχαῖς,
2524 3670 2685 3734 αὐτὸς
2709 3670 2785 3724 ῶν
2816 3673 2846 3724 6
2876 3672 3127 3743 ἀληθινὸς
3163 3672 3320 3740 λόγος
3348 3673 3439 3726 καὶ
3466 3673 3499 3741 ή
3520 3672 3623 3726 τοῦ

2039 3756 2251 3828 Πατρός
2274 3757 2530 3829 βούλησις
2565 3759 2660 3811 καὶ
2688 3759 2869 3828 σοφία.

1038 3863 1269 3920 ALIUD.

2720 3871 2922 3924 ΛΛΛΟ.

443 3967 500 4023 Si
528 3968 761 4026 Verbum
782 3971 930 4026 Patri
956 3977 1270 4033 naturaliter
1322 3979 1649 4037 inexsistens
1676 3984 1823 4041 aliud
1850 3996 1937 4042 est

2107 3982 2169 4035 Ei
2191 3983 2376 4054 ῑτερός
2402 3986 2549 4038 ἐστιν
2576 3986 2607 4037 6
2630 3984 2951 4057 ἐνυπάρχων
2980 3982 3059 4053 τῷ
3090 3983 3267 4053 [lupi
3288 3982 3430 4037 κατά
3452 3982 3622 4052 φύσιν

369 4056 439 4110 ah
472 4070 537 4111 eo
563 4057 704 4126 quod
740 4074 909 4114 sacra
951 4061 1247 4131 Scriptum
1289 4067 1449 4122 nobis
1489 4082 1814 4139 proponunt,
1877 4082 1936 4129 ut

2057 4070 2170 4134 ὶεὸς
2203 4072 2376 4142 Λόγος
2406 4074 2559 4145 παρά
2581 4074 2671 4128 τδν
2698 4076 2756 4127 ἐν
2799 4056 2917 4137 ταῖς
2943 4075 3115 4137 Θείαις
3145 4074 3391 4145 Γραφαῐς
3421 4090 3624 4144 σημαιο

373 4147 444 4202 sit
467 4149 734 4217 quoddam
764 4151 1039 4207 occultum
1064 4164 1119 4210 et
1149 4155 1321 4212 lateas
1344 4159 1397 4213 iu
1427 4159 1607 4228 Patre,
1664 4163 1807 4219 aliud
1842 4176 1936 4219 ve-

2055 4164 2274 4232 ιόμενον,
2293 4166 2386 4218 καὶ
2399 4170 2573 4220 κεῖται
2603 4168 2701 4234 μέν
2722 4184 2805 4229 τις
2832 4168 2889 4219 ὲν
2914 4168 3088 4236 [lupi
3117 4166 3501 4237 κεκρυμμένος
3519 4167 3622 4221 καὶ

372 4250 435 4331 ro
484 4241 625 4307 quod
681 4240 927 4297 enuntiat
973 4258 1093 4313 quae
1144 4245 1305 4302 Pater
1354 4249 1615 4319 loquitur,
1671 4268 1834 4323 quem
1879 4266 1935 4310 et

2052 4257 2353 4323 ινδιάθετος·
2381 4259 2566 4331 ἕτερος
2582 4259 2640 4312 δέ
2664 4259 2746 4322 τίς
2767 4260 2913 4312 ἐστιν
2947 4258 3331 4327 έξαγγελτικδς
3350 4257 3458 4311 τῶν
3481 4258 3619 4328 παρ’

370 4325 604 4385 Joannes
639 4329 803 4385 Deum
842 4346 965 4389 esse
990 4335 1155 4393 dicit:
1194 4341 1463 4403 quomodo
1504 4342 1669 4411 igitur
1705 4344 1934 4413 simplex

2054 4348 2200 4401 ιύτοῦ
2222 4325 2588 4420 λαλουμένων,
2619 4350 2678 4402 ὃν
2710 4350 2803 4404 καὶ
2843 4325 3249 4418 Ἰωάννης-Θεὸν
3272 4348 3442 4416 Λόγον
3473 4325 3621 4403 sive!

374 4426 430 4473 et
462 4421 866 4512 compositionis
902 4438 1098 4493 expers
1126 4442 1245 4482 esse
1274 4432 1621 4487 censebitur?
1656 4432 1931 4504 Siquidem

2053 4456 2201 4508 p'th,
2260 4439 2376 4503 πῶς
2417 4440 2495 4493 έτι
2540 4440 2619 4512 τῷ
2657 4440 2775 4511 Θεῷ
2814 4440 2910 4495 καὶ
2953 4440 3126 4511 [lupi
3160 4440 3223 4493 τὸ
3262 4439 3467 4494 ἁπλοῦν
3515 4440 3620 4494 καὶ

382 4510 687 4626 ηεοεειεαιιὶο
717 4511 807 4579 qui
860 4512 1062 4581 aliquid
1098 4516 1371 4572 occultum
1407 4530 1459 4574 et
1502 4521 1709 4591 aliquid
1764 4539 1927 4593 appa-

382 4610 502 4626 MM
572 4599 684 4626 ,.,,,.
736 4614 839 4626 η..
876 4601 1096 4626 φη.--
1162 4606 1252 4626 --.ι
1290 4607 1414 4626 _-.2-
1443 4624 1457 4626 _
1497 4623 1511 4626 -
1714 4612 1746 4626 ο-
1916 4624 1921 4626 Α

2056 4527 2329 4580 ἱσύνθετον
2360 4510 2689 4598 σωθήσεται;
2727 4510 2900 4599 Εἴπερ
2948 4510 3259 4595 ἀναγκαίως
3306 4528 3334 4579 6
3367 4545 3623 4599 κεκρυμ-

382 4610 504 4651 reus
532 4596 708 4661 habet,
736 4614 840 4653 non
874 4601 1119 4670 simplex,
1159 4606 1252 4659 sed
1289 4607 1464 4675 potius
1487 4612 1819 4679 compositus
1847 4624 1931 4669 est

2052 4618 2199 4685 μένον
2230 4634 2282 4669 τι
2310 4617 2402 4671 καὶ
2432 4596 2673 4686 ἐμφανὲς
2694 4596 3091 4687 ἔχωνξὰπλοῦς
3118 4618 3221 4670 οὐκ
3254 4616 3320 4671 ἂν
3349 4620 3455 4688 εἴη,
3473 4596 3619 4671 *σύνν-

373 4695 428 4739 et
456 4699 521 4739 ex
550 4686 758 4742 duobus
800 4701 1076 4746 constans.
1108 4695 1265 4764 Atqui
1309 4698 1448 4753 Deus
1483 4710 1565 4754 est
1602 4713 1794 4757 natura
1832 4719 1930 4759 sua

2051 4694 2187 4767 isto;
2215 4704 2273 4757 δὲ
2328 4705 2529 4774 μᾶλλον
2562 4705 2655 4757 καὶ
2700 4706 2761 4755 ἐκ
2812 4704 2903 4756 δύο
2938 4704 3311 4774 συγκείμενος.
3353 4686 3509 4757 Ἔστι
3555 4706 3618 4760 δὲ

373 4776 620 4845 simplex,
656 4780 895 4850 nihilque
942 4784 993 4836 in
1037 4799 1095 4838 se
1146 4786 1307 4841 habet
1353 4792 1734 4859 compositum.
1783 4795 1932 4851 Unus

2049 4795 2235 4865 ὶπλοῦς
2268 4796 2405 4847 κατά
2440 4796 2599 4863 φύσιν
2627 4799 2654 4847 6
2684 4794 2816 4857 Θεὸς
2842 4836 2856 4859 ,
2908 4796 3002 4849 καὶ
3034 4794 3185 4848 οὐδὲν
3214 4796 3271 4847 ὲν
3296 4795 3443 4864 αὐτῷ
3482 4795 3616 4850 σύν-

373 4866 552 4937 itaque
580 4870 632 4922 in
658 4869 772 4938 ipso
802 4881 883 4926 est
912 4875 1173 4931 naturalis
1196 4886 1249 4931 ct
1277 4878 1469 4935 insitus
1494 4882 1681 4939 Filius.

2048 4886 2205 4938 ὶετον.
2240 4880 2335 4946 Εἷς
2366 4886 2471 4955 ἄρα
2505 4885 2675 4953 Λόγος
2712 4886 2769 4937 ἐν
2801 4884 2948 4954 αὐτῷ
2972 4886 3201 4953 φυσικός
3225 4901 3285 4937 τε
3311 4885 3405 4940 καὶ
3434 4886 3615 4940 ἐνδιά-

2036 4975 2184 5038 Θετος
2218 4978 2245 5028 6
2274 4975 2419 5037 Υἱός.

1044 5073 1270 5131 ALIUD.

2720 5090 2921 5143 ΛΛΛΟ.

444 5180 997 5275 Si,~quemadmodum
1043 5186 1225 5244 hostes
1264 5191 1462 5247 Christi
1518 5196 1675 5267 190
1730 5202 1930 5255 audent

2107 5197 2451 5267 Εξ,καοόιπερ
2476 5199 2525 5248 οἱ
2548 5201 2901 5267 χριστομάχοι
2923 5199 3162 5268 τολμῶσι
3188 5201 3387 5268 λέγειν,
3420 5204 3611 5275 ἕτερος

371 5271 569 5333 dicere.
598 5271 832 5329 Verbum
867 5278 1011 5345 quod
1070 5278 1122 5332 in
1160 5280 1451 5351 Evangelio
1481 5288 1632 5341 nobis
1666 5292 1924 5357 prmdica-

2041 5290 2107 5342 ὢν
2142 5290 2286 5360 παρὰ
2326 5288 2413 5340 τὸν
2446 5290 2820 5359 ἐνυπάρχοντα
2870 5288 3029 5357 φύσει
3071 5290 3202 5343 Θεὸν
3258 5293 3427 5358 Λόγος
3457 5297 3485 5346 6
3515 5271 3608 5350 διὰ

373 5372 479 5427 tur,
512 5364 779 5418 diversum
823 5377 905 5421 est
949 5369 1015 5423 ah
1056 5385 1121 5424 eo
1153 5374 1291 5438 quod
1321 5373 1465 5429 Patri
1512 5387 1699 5433 natura
1732 5381 1927 5436 inexsi-

2043 5382 2139 5433 τῶν
2171 5379 2521 5447 Εὑαγγε).ίων
2549 5382 2678 5450 ἡμῖν
2711 5382 3132 5451 κηρυττόμενος,
3166 5384 3263 5436 οὐκ
3284 5380 3389 5436 οἶδε
3420 5385 3486 5436 τὰ
3515 5403 3610 5438 κε-

371 5454 485 5515 stit,
521 5468 691 5521 neque
729 5456 874 5509 novit
914 5473 1108 5513 arcana
1145 5460 1339 5529 Patris,
1377 5467 1471 5519 sed
1513 5467 1671 5521 discit
1712 5456 1925 5537 quando

2042 5472 2320 5541 κρυμμένα
2355 5470 2445 5523 τοῦ
2490 5472 2717 5541 Πατρδς,
2760 5473 3016 5541 μανθάνει
3057 5473 3111 5524 δὲ
3140 5474 3227 5526 ὅτε
3262 5475 3397 5543 πρὸς
3443 5478 3609 5531 αὑτὸν

371 5555 492 5593 cum
527 5540 813 5610 alloquitur
854 5563 866 5598 ε
909 5562 1038 5617 ergo
1068 5564 1130 5602 ex
1178 5551 1479 5618 ignorantia
1530 5556 1594 5607 ad
1648 5559 1923 5615 scientiam

2039 5566 2370 5631 Ξιαλέγεται’
2410 5565 2466 5629 ἐξ
2518 5564 2787 5629 ἀγνωσίας
2827 5566 2932 5635 ἄρα
2976 5567 3054 5628 εἰς
3106 5566 3304 5630 γνῶσιν
3360 5566 3606 5635 ἔρχεται,

377 5629 697 5686 traducitur.
741 5634 899 5702 Atqui
946 5650 1048 5705 quo
1089 5651 1245 5707 pacto
1286 5657 1410 5698 vere
1460 5646 1623 5701 dicit:
1662 5667 1677 5699 ι
1724 5650 1831 5720 Ego
1872 5665 1925 5708 ct

2035 5655 2125 5705 mi
2156 5655 2211 5719 ἐξ
2245 5654 2425 5715 ἀνοίας
2456 5655 2530 5716 εἰς
2558 5654 2759 5721 νόησιν.
2796 5655 2903 5706 Καὶ
2943 5655 3054 5718 πῶς
3094 5655 3602 5726 ἀληθεύσειὶέγων·

447 5778 487 5811 ³³
522 5780 673 5837 Joan.
704 5801 757 5853 ς,
790 5787 879 5853 35,
909 5790 993 5845 30.
1076 5792 1117 5823 ³⁸
1149 5792 1287 5848 Psal.
1326 5812 1585 5869 uuvm,
1617 5804 1665 5855 7.

1716 6440 1885 6443 φ
3409 6250 3951 6468 ,ηί
