3968 6478
276 474 378 532 εει

1658 452 2103 512 TIIESAURUS.

3442 437 3548 495 321

288 612 310 645 ε
346 589 481 657 Ἐγὼ
502 586 589 639 καὶ
620 587 645 638 6
675 584 891 653 Πατὴρ
922 581 975 636 ἓν
1007 581 1194 652 ἐσμεν.
1230 596 1247 630 ι
1281 576 1405 640 Πῶς
1446 574 1503 629 δὲ
1548 573 1865 645 ἀπαράλλα-

1980 572 2130 627 Pater
2166 584 2329 624 unum
2376 581 2565 623 sumus
2596 564 2678 622 ³⁸2
2727 564 2834 617 Aut
2876 576 2983 632 quo
3020 566 3178 631 pacto
3215 558 3319 613 crit
3366 559 3543 613 omni-

281 697 412 743 κτος
443 677 599 732 είκιὼν
626 676 784 728 ἔσται
816 672 917 726 τοῦ
952 670 1364 741 γεγεννηκότος,
1390 668 1442 727 ,εί
1486 665 1737 735 καθάπερ
1765 663 1858 717 άν-

283 771 496 842 Θρωπος
516 766 706 835 ἀγνοίᾳ
734 766 1024 836 κρατεῖται
1046 780 1061 827 ;
1081 761 1201 832 Χρὴ
1230 759 1338 830 γὰρ
1360 758 1576 819 πάντως
1600 757 1633 825 ἢ
1658 756 1752 809 καὶ
1772 754 1862 806 τὸν

282 860 501 930 Πατέρα
531 858 706 925 λέγειν
730 873 787 909 τι
827 856 938 909 τῶν
980 852 1253 922 ἐσομένων
1286 848 1578 920 άγνοεῖν,ἢ
1608 850 1655 900 εἰ
1686 847 1862 900 πάντα

280 951 563 1019 γινώσκει,
582 950 675 1003 καὶ
702 948 890 1002 εἰκόνα
920 946 1018 1016 τῆς
1044 945 1180 1008 ίδίας
1206 944 1505 1014 ἀῖδιότητος
1524 941 1599 1010 (1)
1636 940 1748 1009 ἔχει
1772 937 1861 990 τὸν

281 1044 430 1107 Υίδν,
462 1041 726 1097 ἀδύνατον
763 1042 839 1112 μὴ
863 1038 1118 1109 τοιαύτην
1146 1038 1291 1108 ἔχειν
1318 1036 1481 1091 αὑτὸν
1516 1034 1615 1105 τὴν
1640 1031 1859 1102 γνῶσιν,

276 1133 473 1186 ὁποίαν
498 1133 595 1187 καὶ
620 1133 650 1185 6
676 1131 886 1203 Πατὴρ,
922 1122 985 1183 οὗ
1017 1130 1109 1184 καὶ
1133 1130 1248 1183 ἐστι
1273 1126 1557 1202 χαρακτὴρ
1582 1124 1675 1180 καὶ
1699 1122 1863 1177 εἰκὼν

275 1222 721 1295 ἀπαράλλακτος.

565 1333 899 1398 Ἀντίθεσις
926 1332 1009 1399 ὠς
1038 1332 1105 1386 ἐκ
1131 1333 1239 1387 τοῦ
1257 1334 1578 1402 Εὐνομίαν.

347 1444 461 1498 Καὶ
485 1441 767 1507 τίςήοῦτω,
803 1442 993 1513 φησὶν,
1018 1442 1236 1516 ἀμαθὴς
1278 1444 1353 1509 ὡς
1390 1444 1661 1516 τολμῆσαι
1686 1446 1866 1515 λέγειν

274 1532 347 1587 τὰ
396 1533 643 1603 ὀνόματα
681 1531 822 1586 κατὰ
868 1533 1212 1604 πραγμάτων
1269 1533 1523 1605 κείμενα,
1585 1535 1660 1607 μὴ
1699 1536 1862 1609 ἔτερα

275 1620 422 1680 εἶναι
463 1626 599 1698 παρ’
636 1626 804 1690 αὑτάς
848 1626 979 1680 Ἰδοὺ
1022 1625 1129 1697 γὰρ
1154 1668 1169 1691 ,
1204 1628 1233 1679 6
1265 1626 1365 1696 μὲν
1419 1627 1666 1698 οὐρανὸς,
1702 1628 1862 1700 ἔργον

275 1716 424 1772 οὕτω
455 1718 602 1786 μέγα
628 1718 723 1770 καὶ
756 1717 1035 1788 ιξαίρετον
1061 1716 1199 1770 Θεοῦ
1225 1734 1239 1748 ο
1272 1717 1335 1770 τὸ
1380 1718 1437 1771 δὲ
1466 1718 1637 1789 ὄνομα
1658 1759 1673 1784 ,
1703 1718 1771 1771 δι’
1803 1712 1865 1773 οὗ

282 1806 637 1877 σημαίνεται,
664 1807 849 1876 ἕτερόν
889 1808 1007 1860 ἐστι
1036 1809 1169 1878 παρ’
1195 1807 1387 1860 αὐτόν·
1422 1808 1517 1860 καὶ
1545 1807 1868 1878 γνωσόμεθα

278 1898 440 1951 τοῦτο
470 1895 744 1952 ἐντεῦθεν.
781 1897 839 1951 '0
884 1898 981 1968 μὲν
1014 1896 1123 1968 γὰρ
1156 1896 1386 1968 οὐρανὸς
1440 1896 1674 1968 πρᾶγμά
1721 1900 1867 1951 ἐστιν
1903 1930 1945 1985 Β

275 1987 500 2059 ὁρατὸν,
526 1988 587 2040 τὸ
608 1986 665 2040 δὲ
695 1990 782 2041 ἐπ’
812 1988 962 2057 αὑτῷ
985 1988 1236 2058 κείμενον
1266 1988 1437 2059 ὄνομα
1455 1989 1516 2039 οὺ
1539 1990 1661 2051 ταῖς
1681 1988 1869 2057 ὄψεσιν

282 2080 607 2145 ὑποπίπτει,
636 2079 753 2132 ἀλλ’
790 2078 907 2132 ἐστι
934 2080 1093 2149 μόνον
1122 2078 1410 2133 ἁκουστόν.
1446 2080 1559 2132 Οὐκ
1585 2075 1677 2133 οὖν
1699 2080 1785 2132 διὰ
1810 2080 1870 2133 τὸ

279 2169 539 2239 λέγεσθαι
575 2171 749 2238 Λόγος
774 2172 803 2223 6
829 2169 982 2237 Υίὸς,
1021 2171 1239 2235 πάντως
1279 2170 1399 2223 ἐστὶ
1446 2169 1606 2223 τοῦτο
1641 2168 1669 2222 6
1690 2170 1871 2223 νοοῦσι

279 2277 462 2328 τινες,
498 2260 635 2313 ἀλλὰ
668 2262 915 2315 καλεῖται
963 2259 1064 2333 μὲν
1094 2262 1291 2331 Λόγος.
1325 2261 1444 2316 ἐστι
1490 2260 1546 2314 δὲ
1601 2260 1788 2331 ἕτερόν
1817 2278 1871 2315 τι

291 2353 431 2407 κατὰ
449 2352 631 2422 φύσιν.

767 2461 924 2532 Πρὸς
963 2460 1152 2516 ταῦτα
1180 2462 1386 2527 λύσις.

353 2579 580 2649 Σιωπᾷν
614 2577 744 2641 ἔδει,
790 2577 886 2630 καὶ
942 2575 1109 2646 μηδὲν
1155 2573 1549 2645 ἀποκρίνεσθαι
1594 2573 1727 2645 πρὸς
1773 2572 1873 2644 τὴν

280 2671 459 2732 οὕτως
485 2669 713 2739 ἀνόητον
740 2666 834 2720 τοῦ
864 2667 1025 2735 λόγου
1057 2668 1426 2737 κατασκευήν.
1466 2666 1655 2736 Ὅμως
1687 2666 1733 2719 δ’
1779 2662 1872 2719 οὖν

285 2760 592 2831 ὲρωτητέον
622 2759 750 2821 τοὺς
777 2758 892 2811 ὅσοι
917 2757 986 2811 τὰ
1006 2756 1234 2811 τοιαῦτά
1264 2774 1451 2826 φασιν,
1480 2758 1526 2809 εί
1560 2756 1634 2827 μὴ
1663 2755 1731 2809 τὰ
1758 2757 1874 2810 ὀνό-

289 2863 440 2917 ματα
468 2846 675 2916 κυρίως
703 2845 846 2898 κατὰ
884 2845 1225 2916 πραγμάτων
1269 2846 1528 2916 κείμενα,
1559 2846 1657 2910 τὰς
1685 2847 1873 2912 οὐσίας

288 2937 471 2994 αὐτῶν
504 2939 787 3007 σημαίνει,
805 2936 910 2989 κᾶν
931 2936 1094 3009 ἕτερα
1119 2937 1271 3008 παρὰ
1292 2938 1466 2991 ταῦτα
1479 2939 1744 3009 τυγχάνῃ.
1766 2940 1874 2992 Καὶ

286 3030 422 3099 γοῦν
445 3030 507 3082 τὸ
535 3028 819 3097 ἄνθρωπος
842 3028 1032 3097 ὄνομα,
1054 3030 1309 3099 σημαίνει
1342 3030 1441 3097 μὲν
1467 3028 1561 3082 τοῦ
1587 3031 1872 3101 ἀνθρώπου

285 3120 390 3190 τὴν
416 3118 599 3187 φύσιν,
631 3118 821 3187 ἕτερον
847 3116 904 3173 δέ
929 3118 979 3169 τί
1007 3118 1125 3169 ἐστι
1153 3118 1284 3188 παρ’
1319 3118 1507 3172 αὐτόν.
1559 3119 1618 3171 Ὀ
1644 3119 1741 3188 μὲν
1767 3120 1874 3189 γὰρ

288 3209 576 3281 ἄνθρωπος
604 3209 841 3280 πρᾶγμα
865 3208 1082 3277 ὁρατὸν,
1106 3208 1165 3261 τὺ
1197 3209 1255 3261 δὲ
1283 3208 1372 3261 ἐπ’
1398 3208 1547 3279 αὐτῷ
1577 3209 1745 3280 ὄνομα
1776 3210 1875 3280 μό-

292 3318 381 3355 νον
426 3300 713 3354 ἀκουστόν.
767 3298 978 3352 Οὐκοῦν
1035 3299 1090 3351 εί
1115 3316 1199 3362 τις
1250 3299 1539 3370 ἄνθρωπον
1575 3301 1872 3370 ὀνομάσαι,

289 3391 482 3462 ἐπειδὴ
535 3391 610 3462 μὴ
654 3391 813 3445 τοῦτό
866 3391 981 3443 ἐστι
1012 3391 1230 3454 πάντως
1269 3391 1298 3443 ὃ
1332 3392 1586 3462 σημαίνει
1616 3391 1873 3463 τοῦνομα,

292 3484 435 3537 κατὰ
454 3483 547 3535 τὸν
580 3483 806 3536 ἐκείνων
839 3481 1221 3551 συλλογισμὸν,
1253 3482 1440 3553 ἕτερόν
1459 3500 1511 3536 τι
1538 3483 1747 3549 νοείτω,
1782 3486 1877 3539 καὶ

296 3574 373 3645 μὴ
396 3576 614 3637 πάντως
646 3573 809 3627 τοῦτο
845 3574 874 3626 ὃ
905 3572 1160 3643 σημαίνει
1181 3571 1441 3643 τοῦνομα.
1485 3574 1547 3626 Ei
1589 3574 1647 3627 δὲ
1679 3576 1877 3644 μανίας

293 3664 601 3734 ἀνάμεστον
627 3663 785 3718 τοῦτό
810 3680 896 3733 γε,
925 3664 1025 3717 οὐχ
1050 3663 1385 3734 ἁποὸλητέον
1421 3665 1521 3728 τὰς
1548 3665 1656 3719 τῶν
1680 3668 1878 3737 ὀνομά-

292 3769 402 3808 των
431 3755 798 3825 κυριολογίας,
820 3753 942 3807 οὐδὲ
963 3754 1152 3825 ἕτερόν
1185 3772 1238 3808 τι
1267 3754 1417 3828 παρὰ
1444 3756 1506 3809 τὸ
1542 3758 1878 3827 σημαινόμε-

295 3861 384 3900 νον
422 3845 489 3898 δι*
520 3845 701 3898 αὐτῶν
720 3844 969 3916 νοητίον-
1004 3845 1236 3916 ἀργήσει
1263 3846 1373 3918 γὰρ
1400 3845 1543 3900 οὕτω
1582 3847 1689 3903 τῶν
1727 3848 1879 3917 alpe-

293 3935 463 3989 τικῶν
486 3938 519 4006 ή
548 3935 738 4006 μανία.
777 3935 1050 3990 Δεικνύτω
1090 3935 1148 3989 δὲ
1176 3938 1309 4007 ήμῖν
1340 3939 1368 3990 6
1414 3937 1584 4000 δεινὸς
1619 3940 1699 4001 είς
1732 3939 1878 4007 λογι-

298 4028 467 4097 σμοὺς
489 4027 571 4079 ὅτι
604 4025 679 4095 μὴ
704 4025 896 4097 κύριον
923 4026 1097 4097 ὄνομα
1124 4026 1202 4097 τῷ
1230 4026 1347 4098 Υίῷ
1380 4027 1471 4081 τοῦ
1520 4027 1654 4083 Θεοῦ
1687 4028 1747 4081 τὸ
1776 4028 1878 4081 Λό-

296 4136 410 4187 γος,
440 4120 537 4171 καὶ
565 4117 969 4172 ὰντιταττέσθω
1007 4121 1125 4182 ταῖς
1159 4117 1334 4182 θείαις
1366 4119 1644 4189 Γραφαῖς,
1676 4116 1774 4172 καὶ
1801 4118 1878 4187 τῷ

298 4211 554 4282 μακαρίῳ
587 4210 947 4281 εὐαγγελιστῇ
988 4210 1210 4280 Ἰωάννῃ
1230 4250 1244 4273 ,
1287 4210 1754 4281 πρεπωδεστάτην
1782 4212 1879 4264 καὶ

297 4302 657 4371 κυριαιτάτην
705 4300 865 4354 εἰδότι
918 4299 1012 4354 τοῦ
1040 4299 1170 4353 Υἱοῦ
1222 4301 1321 4371 τὴν
1374 4300 1746 4373 προσηγορίαν
1790 4300 1878 4358 διὰ

296 4390 391 4443 τοῦ
419 4389 705 4444 καλεῖσθαι
729 4390 900 4459 Λόγον
921 4405 935 4421 ·
979 4409 999 4439 σ
1053 4390 1142 4445 Ἐν
1172 4392 1315 4463 ἀρχῇ
1347 4392 1456 4464 γὰρ
1482 4432 1496 4456 ,
1530 4393 1714 4463 φησὶν,
1744 4387 1813 4464 ἦν
1850 4393 1879 4446 6

297 4483 492 4551 Λόγος.
533 4501 553 4533 ι

575 4613 906 4677 Ἀντίθεσις
934 4612 1015 4680 ὠς
1041 4612 1110 4667 ἐκ
1135 4610 1255 4667 τῶν
1278 4613 1603 4683 Εὐνομίου.

371 4728 482 4779 Καὶ
510 4726 628 4789 πῶς
657 4726 723 4779 ἂν
754 4725 992 4787 δύναιτο.
1018 4727 1173 4796 φησὶ,
1196 4726 1354 4793 λόγος
1378 4722 1517 4779 εἶναι
1548 4725 1640 4780 τοῦ
1668 4727 1882 4801 Πατρὸς

300 4819 398 4873 καὶ
422 4820 584 4885 σοφία
611 4822 640 4871 6
666 4818 813 4883 Υἱὸς,
843 4820 1000 4891 εἴπερ
1031 4820 1063 4891 ή
1097 4820 1199 4890 μὲν
1226 4820 1387 4889 σοφία
1406 4821 1683 4891 ἐπιστήμη
1710 4821 1880 4888 ἐστὶν,

301 4906 331 4959 6
372 4907 431 4960 δὲ
464 4907 624 4972 λόγος
676 4908 917 4977 ῥήματος
946 4907 1091 4979 ἀργὴ
1139 4910 1428 4981 προφοράς
1468 4910 1775 4981 Ἐπιστήμη
1823 4910 1882 4964 δὲ

302 4998 405 5049 οὐκ
427 4997 791 5050 ὲνυπόστατόν
817 4997 871 5050 τί
902 5000 1071 5063 ἐστιν,
1102 5000 1218 5053 ἀλλ’
1248 5000 1371 5053 οὐδὲ
1399 4999 1537 5064 ζῶον
1596 5001 1692 5054 καὶ
1725 5001 1883 5069 λόγος

304 5085 524 5156 ὁμοίως.
568 5086 627 5139 Ὀ
653 5086 709 5138 δὲ
743 5086 869 5149 Υἱὸς
898 5087 1036 5151 ζῶόν
1065 5091 1247 5142 ἐστιν’
1283 5092 1384 5143 οὐκ
1426 5090 1535 5161 ἄρα
1577 5092 1879 5163 ἐπιστήμη,

304 5176 426 5229 οὐδὶ
466 5176 629 5244 σοφία
652 5218 669 5239 ,
700 5175 822 5232 οὐδὲ
867 5177 1043 5245 λόγος.
1074 5174 1208 5232 Εἶτα
1252 5180 1387 5251 πρὸς
1419 5164 1595 5253 τούτῳ
1621 5222 1635 5245 ,
1674 5184 1791 5248 πῶς
1818 5183 1885 5238 ἂν

306 5267 517 5336 γένοιτο
545 5267 703 5336 λόγος
736 5269 796 5322 ὲν
836 5269 1002 5340 λόγῳ,
1036 5271 1294 5326 ἀδυνάτου
1343 5274 1698 5331 παντάπασιν
1731 5278 1886 5343 ὄντος

305 5356 402 5412 τοῦ
429 5358 490 5413 τὸ
519 5359 706 5430 ὅμοιον
726 5360 786 5414 ὲν
810 5361 979 5433 ὁμοίῳ
999 5362 1268 5431 γίνεσθαι;
1294 5366 1414 5419 οὐδὲ
1442 5368 1549 5440 γάρ
1578 5369 1643 5422 ἂν
1676 5370 1887 5438 γένοιτο

304 5449 506 5524 χρῶμα
531 5452 591 5505 ἰν
627 5451 897 5524 χρώματι.
926 5454 1097 5527 Εἴπερ
1127 5450 1220 5510 οὖν
1263 5452 1333 5528 ἦν
1380 5459 1410 5511 6
1457 5457 1611 5527 λόγος
1654 5461 1825 5527 ὅντως
1856 5465 1885 5517 6

376 5605 422 5638 ³⁸
454 5608 611 5667 Joan.
641 5628 700 5681 ι,
729 5612 819 5669 30.
895 5612 939 5647 "
967 5612 1130 5669 Hebr.
1157 5630 1194 5682 ι,
1224 5616 1278 5672 3.
1352 5614 1396 5651 ³⁸
1427 5615 1580 5671 Joan.
1608 5634 1648 5686 ι,
1687 5619 1739 5677 1.

1904 4603 1952 4660 ι)

1971 662 2129 716 moda
2164 657 2463 714 similitudo
2478 654 2678 720 Patris,
2708 653 2751 708 si
2775 652 2998 723 perinde
3015 660 3175 727 atque
3201 654 3366 703 homo
3393 650 3547 718 igno-

1970 752 2142 808 rantia
2176 749 2427 805 laborat?
2457 745 2835 802 Necessarium
2880 743 3026 800 enim
3068 750 3171 806 est,
3219 750 3279 794 ut
3309 750 3401 794 aut
3442 738 3548 793 Pa-

1972 856 2105 901 trem
2155 843 2359 913 aliquid
2408 841 2711 896 futurorum
2759 837 3012 907 ignorare
3045 833 3329 889 dicamus:
3364 840 3458 885 aut
3499 830 3543 885 si

1966 939 2150 994 omnia
2203 936 2373 1001 novit,
2418 940 2475 988 et
2527 930 2818 1009 imaginem
2852 924 3178 982 aeternitatis
3227 936 3337 978 suae
3383 920 3549 976 habet

1965 1029 2191 1093 Filium,
2248 1026 2363 1081 ﬁeri
2409 1038 2515 1079 non
2548 1031 2750 1094 potest,
2782 1018 2912 1089 quin
2952 1016 3140 1072 eadem
3180 1012 3441 1085 praeditus
3476 1010 3547 1066 sit

1967 1120 2157 1176 notitia
2190 1132 2298 1188 qua
2324 1115 2510 1183 Pater,
2548 1112 2704 1183 cujus
2735 1112 3025 1169 character
3055 1116 3162 1174 est,
3190 1112 3252 1162 et
3278 1104 3547 1163 omnimo-

1966 1212 2033 1269 da
2066 1209 2365 1269 similitudo
2388 1209 2456 1265 ³⁷.

2477 1316 2719 1389 Objectio
2753 1315 3029 1409 Eunomii‘.

2038 1436 2206 1506 Atqui
2241 1435 2493 1506 quisnam
2528 1434 2666 1489 adeo
2692 1431 2979 1501 imperitus
3011 1429 3198 1497 fuerit,
3225 1428 3325 1493 ait,
3353 1436 3413 1482 ut
3446 1438 3547 1481 au.

1969 1529 2096 1585 deat
2128 1528 2335 1593 dicere,
2372 1526 2591 1582 nomina
2620 1540 2742 1596 qua:
2772 1524 2939 1595 rebus
2971 1522 3218 1591 imposita
3249 1527 3393 1586 sunt,
3440 1533 3547 1574 non

1968 1635 2088 1678 esse
2124 1621 2339 1676 diversa
2374 1602 2408 1673 δ
2438 1620 2600 1674 rebus
2631 1618 2801 1688 ipsis?
2842 1614 2980 1671 Nam
3027 1615 3249 1679 calum,
3295 1625 3549 1681 magnum

1969 1713 2099 1769 illud
2131 1723 2293 1782 atque
2322 1712 2580 1767 eximium
2615 1710 2709 1765 Dei
2739 1724 2902 1780 opus,
2932 1707 3079 1763 aliud
3127 1717 3211 1762 est
3253 1721 3284 1759 a
3333 1703 3551 1758 nomine

1969 1817 2074 1872 quo
2110 1802 2467 1871 signiﬁcatur,
2506 1802 2650 1872 quod
2692 1800 2911 1870 quidem
2966 1798 3091 1853 inde
3132 1806 3547 1866 cognoscemus.

1970 1892 2104 1946 Nam
2152 1892 2349 1945 coelum
2398 1905 2483 1945 res
2513 1901 2597 1945 est
2627 1889 2882 1955 visibilis,
2915 1902 3111 1942 nomen
3146 1899 3277 1941 vero
3307 1882 3381 1938 illi
3415 1880 3553 1936 indi-

1975 1991 2084 2036 tum
2119 1981 2174 2035 in
2202 1988 2485 2051 aspectum
2518 1994 2627 2034 non
2656 1979 2822 2043 cadit,
2842 1978 2936 2033 sed
2972 1984 3179 2030 tantum
3210 1972 3396 2027 auditu
3426 1985 3553 2041 per-

1969 2073 2074 2141 cipi
2106 2081 2301 2141 potest.
2335 2072 2505 2126 Filius
2532 2071 2736 2141 itaque,
2776 2084 2885 2125 non
2922 2069 3127 2125 idcirco
3153 2068 3281 2137 quia
3316 2073 3550 2120 vocatur

1973 2164 2231 2229 Verbum,
2258 2174 2343 2219 est
2378 2164 2430 2218 in
2464 2164 2780 2218 univeasum
2828 2161 2881 2216 id
2914 2160 3058 2230 quod
3105 2160 3328 2231 quidam
3360 2154 3553 2212 existi-

1971 2266 2142 2319 mant,
2186 2259 2279 2311 sed
2309 2264 2532 2310 vocatur
2570 2255 2791 2325 quidem
2822 2252 3084 2321 Verbum,
3121 2261 3206 2308 est
3245 2264 3379 2306 vero
3404 2248 3557 2306 aliud

1971 2344 2101 2415 quid
2128 2345 2425 2401 secundum
2452 2356 2728 2399 naturam.

2469 2456 2674 2513 Salutio
2713 2457 3043 2528 objectiom's.

2046 2566 2357 2624 Tacendum
2415 2576 2520 2635 est,
2564 2569 2811 2639 nihilque
2859 2574 2926 2623 ad
2974 2567 3279 2639 huiusmodi
3324 2568 3556 2639 ineptias

1974 2660 2432 2730 respondendum.
2470 2660 2713 2731 Rogandi
2755 2668 2937 2715 tamen
2984 2670 3133 2725 sunt,
3166 2662 3257 2729 qui
3286 2660 3554 2728 ejusmodi

1973 2752 2245 2818 eﬁ‘utiunt,
2281 2767 2461 2807 annon
2496 2753 2712 2807 nomina
2733 2766 2853 2822 qua:
2876 2752 3094 2822 proprie
3117 2752 3280 2810 rebus
3308 2752 3556 2822 imposita

1973 2852 2121 2907 sunt,
2143 2844 2509 2898 substantiam
2534 2852 2724 2899 earnm
2744 2843 3074 2911 significent,
3097 2844 3312 2899 tametsi
3341 2845 3555 2900 diversa

1973 2937 2138 2991 abiis
2184 2937 2315 2991 sint.
2360 2935 2565 2991 Nomen
2608 2937 2774 3003 enim,
2804 2936 2988 3001 homo,
3021 2935 3557 3007 signiﬁcatltominis

1975 3037 2221 3083 naturam
2254 3048 2267 3083 :
2305 3038 2389 3083 est
2431 3037 2612 3083 tamen
2649 3030 2922 3084 diversum
2967 3030 3095 3099 quid
3140 3030 3209 3087 ab
3253 3032 3390 3100 ipso.
3420 3029 3556 3088 Nam

1975 3120 2138 3175 homo
2164 3128 2250 3175 est
2286 3135 2372 3174 res
2419 3121 2677 3186 visibilis,
2732 3136 2929 3176 nomen
2973 3136 3105 3177 vero
3144 3121 3193 3176 ei
3243 3123 3558 3192 impositum

1978 3214 2163 3269 auditu
2197 3223 2403 3268 tantum
2445 3216 2649 3283 percipi
2682 3225 2880 3284 potest.
2924 3216 3194 3283 Quocirca
3228 3219 3275 3272 si
3306 3219 3429 3286 quis
3458 3219 3559 3274 ho-

1980 3306 2181 3360 minem
2214 3307 2478 3371 nominet,
2508 3307 2947 3375 quandoquidem
2992 3323 3098 3363 non
3143 3307 3375 3377 idipsum
3412 3309 3565 3379 quod

1977 3406 2060 3453 est
2095 3412 2289 3451 nomen
2318 3398 2554 3451 hominis
2576 3397 2864 3467 signiﬁcat,
2892 3407 2952 3453 ut
2982 3397 3056 3454 illi
3084 3410 3557 3470 argumentantur,

1979 3488 2123 3542 aliud
2160 3488 2324 3556 igitur
2347 3487 2547 3555 aliquid
2584 3502 2707 3542 esse
2735 3500 3051 3553 censeatur,
3088 3496 3143 3546 et
3176 3504 3282 3543 non
3315 3488 3474 3558 plane
3505 3489 3561 3544 id

1977 3579 2119 3645 quod
2158 3591 2357 3631 nomen
2390 3577 2683 3646 signiﬁcat.
2726 3576 2796 3632 At
2833 3578 2879 3633 si
2924 3578 3028 3633 hoc
3075 3579 3299 3634 insaniae
3338 3579 3560 3649 plenum

1977 3678 2231 3724 estznon
2264 3678 2391 3724 sunt
2418 3670 2583 3739 igitur
2625 3668 2941 3739 reﬁciendae
2994 3671 3226 3739 propria
3279 3671 3564 3727 nominum

1977 3759 2431 3829 signiﬁcationes,
2496 3773 2676 3829 neque
2721 3759 2865 3814 aliud
2917 3760 3209 3829 quidquam
3259 3769 3457 3831 praeter
3508 3759 3562 3819 id

1979 3850 2119 3918 quod
2146 3849 2484 3921 signiﬁcatur
2524 3866 2621 3920 per
2650 3851 2766 3920 ipsa
2794 3850 3207 3920 intelligendum
3235 3861 3355 3917 est;
3398 3860 3565 3921 atque

1980 3939 2055 3995 ita
2083 3940 2469 3994 haereticorum
2510 3940 2723 3995 insania
2751 3940 3102 4009 reprimetur.
3134 3939 3400 3995 Oslendat
3436 3954 3567 3995 vero

1981 4030 2139 4085 nobis
2165 4030 2344 4101 gravis
2372 4031 2475 4087 iste
2499 4032 2827 4101 disputator,
2859 4030 3098 4087 Verbum
3143 4047 3247 4087 non
3280 4047 3403 4088 esse
3434 4048 3566 4103 pro-

1979 4124 2156 4193 prium
2203 4121 2325 4177 Filii
2359 4122 2455 4177 Dei
2504 4139 2741 4178 nomen:
2795 4133 3168 4194 repugnetque
3206 4124 3380 4185 sacris
3414 4123 3565 4185 Scri-

1979 4202 2155 4281 pturis
2171 4227 2235 4267 ac
2258 4213 2417 4267 beato
2439 4211 2633 4269 Joanni
2652 4214 3017 4284 evangelista,
3037 4215 3129 4283 qui
3162 4213 3567 4273 convenientis-

1980 4306 2174 4357 simam
2243 4304 2593 4371 maximeque
2643 4305 2918 4373 propriam
2973 4302 3098 4360 Filii
3147 4305 3565 4375 appellationem

1982 4396 2153 4461 novit,
2179 4411 2302 4451 cum
2332 4403 2489 4450 vocet
2524 4395 2759 4449 Verbum
2786 4413 2799 4450 :
2840 4413 2859 4447 ι
2899 4394 2954 4450 In
2997 4396 3266 4468 principio
3286 4399 3453 4463 enim,
3484 4399 3567 4454 in-

1980 4490 2117 4558 quit,
2149 4499 2268 4543 erat
2297 4484 2531 4542 Verbum
2557 4486 2624 4539 ⁸⁸.
2667 4503 2686 4537 ι

2323 4621 2477 4690 191
2517 4620 2640 4675 Alia
2687 4618 2908 4689 obiectio
2967 4616 3232 4673 Eunomli.

2054 4734 2123 4788 At
2156 4749 2261 4803 quo
2293 4742 2473 4803 pacto,
2511 4733 2708 4801 inquit,
2747 4734 2922 4801 possit
2948 4733 3124 4789 Filius
3153 4749 3275 4790 esse
3305 4748 3488 4793 sermo
3516 4746 3571 4791 et

1984 4825 2252 4896 sapientia
2282 4825 2483 4893 Patris,
2514 4841 2636 4881 cum
2674 4826 2943 4895 sapientia
2976 4827 3049 4881 sit
3099 4825 3348 4892 scientia,
3388 4842 3571 4882 sermo

1985 4927 2164 4973 autem
2216 4917 2358 4972 nuda
2407 4918 2557 4972 verbi
2596 4917 2871 4987 prolatio?
2898 4914 3141 4973 Scientia
3173 4932 3305 4972 vero
3339 4932 3446 4977 non
3486 4929 3567 4976 est

1986 5010 2186 5079 aliquid
2222 5010 2563 5080 hypostatice
2598 5011 2951 5078 inexsistens,
2981 5011 3075 5065 sed
3109 5025 3177 5065 ne
3207 5011 3408 5065 animal
3442 5012 3571 5082 qui-

1989 5102 2151 5168 dem;
2182 5104 2371 5157 eadem
2407 5118 2531 5159 vero
2568 5105 2707 5159 ratio
2730 5116 2816 5159 est
2851 5115 2907 5160 et
2939 5107 3231 5161 sermonis.
3266 5105 3437 5163 Filius
3475 5121 3574 5162 au-

1983 5200 2094 5248 tem
2125 5204 2209 5248 est
2240 5193 2443 5248 animal
2471 5214 2483 5250 :
2519 5212 2622 5251 non
2658 5196 2826 5267 igitur
2855 5197 3111 5263 scientia,
3138 5212 3316 5266 neque
3348 5198 3573 5269 sapien~

1984 5285 2080 5351 tia,
2124 5300 2299 5355 neque
2344 5300 2547 5341 sermo.
2598 5288 2803 5344 Deinde
2867 5288 3141 5359 quomodo
3187 5291 3261 5346 sit
3300 5304 3481 5347 sermo
3519 5290 3573 5349 in

1983 5388 2258 5443 sermone,
2298 5385 2420 5430 cum
2458 5376 2795 5445 impossibile
2825 5393 3054 5448 prorsus
3084 5380 3155 5435 sit
3194 5389 3253 5436 ut
3292 5379 3471 5437 simile
3502 5382 3574 5437 sit

1983 5464 2036 5519 in
2065 5466 2269 5522 simili?
2302 5484 2477 5539 neque
2502 5469 2649 5525 enim
2693 5469 2862 5526 fuerit
2883 5471 3037 5535 color
3066 5472 3120 5526 in
3156 5471 3362 5529 colore.
3390 5470 3447 5529 Si
3478 5486 3572 5529 er-

330 5860 343 5872 .
374 5789 452 5876 (ε)
475 5788 936 5876 malimus:
968 5799 1230 5876 ειηῖςῑιεν
1252 5794 1529 5876 imgine."
1566 5811 1863 5876 διαπρίει·

1980 5798 2041 5876 τῇ
2071 5798 2185 5876 ἰδία
2200 5798 2533 5876 βιότητα-σι
2561 5800 2879 5876 tlialogoyl
2908 5808 2992 5876 de”
3018 5805 3305 5869 Trinitate.
3336 5823 3392 5876 p.
3437 5807 3541 5863 6M

303 5856 449 5915 tiaris
468 5856 820 5932 proprietatis
841 5860 990 5917 habet
1030 5856 1252 5921 Filium.
1287 5856 1381 5921 Sic
1400 5865 1561 5932 inira,
1601 5883 1659 5937 ιι..
1686 5856 1777 5935 60,
1804 5870 1862 5923 ὲν

1980 5856 2110 5934 ἰδίας
2140 5856 2738 5941 ίδιότητὸς.’ϐοτιιυηιῖν
2761 5856 3046 5932 Βξὲιῖᾱνῖ
3336 5856 3400 5947 τ1.,
