3968 6488
476 467 583 522 ἴ)εὸ

1454 458 1513 513 S.
1560 455 1831 513 CYRlLLl
1870 452 2331 510 ALEXANDRlNl
2371 452 2683 508 ARCHIEP.

3610 447 3728 502 εει

478 600 548 656 ge
582 583 673 653 qui
707 581 871 636 Filius
926 578 1019 632 Dei
1071 586 1263 632 natura
1308 587 1411 644 est,
1448 588 1564 633 erat
1604 592 1788 633 revera
1837 591 2035 639 sermo,

2156 577 2299 645 ρύσει
2329 576 2422 630 τοῦ
2458 574 2666 647 [ἰατρὸς
2700 573 2845 639 Υἱὸς,
2885 572 2998 637 πῶς
3031 572 3096 626 ἂν
3130 571 3264 642 πρὸς
3298 570 3460 624 αὐτὸν
3488 569 3733 637 ἐγένετο

479 675 743 743 quomodo
787 671 960 724 factus
1004 677 1086 723 est
1137 669 1202 722 ad
1257 668 1405 721 illum
1448 682 1659 732 sermo,
1710 682 1832 721 cum
1903 668 2036 721 dixit

2156 666 2327 735 λόγος,
2375 668 2507 739 φέρε
2556 667 2758 730 εἰπεῖν,
2809 666 2868 718 ἐν
2906 662 3020 733 τῷ,
3072 680 3090 713 ι
3136 664 3457 733 Ποιήσωμεν
3488 660 3730 731 ἅνθρω-

481 765 640 829 Dcite,
674 779 693 812 ι
723 761 1007 815 Faciamus
1037 759 1310 815 hominem
1340 752 1423 810 ὀἳ
1453 776 1471 809 ι

967 890 1175 945 Salutio
1227 891 1552 961 objectionis.

553 1006 762 1059 Rursus
805 1004 1051 1072 impingis
1078 1043 1092 1067 ,
1145 1018 1247 1057 non
1284 1002 1533 1057 attollens
1569 1010 1623 1057 te
1660 1002 1801 1056 ultra
1853 1000 2043 1053 buma-

484 1111 585 1152 nas
616 1095 995 1166 cogitationes,
1038 1109 1102 1148 ac
1132 1093 1299 1149 veluti
1342 1092 1543 1147 oblitus
1583 1092 1722 1161 quod
1766 1091 1832 1145 de
1865 1091 2040 1145 divina

482 1186 713 1242 essentia
760 1196 1067 1238 sermonem
1114 1182 1333 1250 habeas,
1372 1197 1439 1235 ex
1487 1182 1554 1236 iis
1583 1194 1703 1249 quae
1739 1180 1896 1235 nobis
1923 1194 2045 1249 pro-

485 1279 599 1348 pria
650 1284 813 1341 sunt,
859 1276 1006 1329 illam
1051 1274 1281 1329 metiris.
1321 1275 1399 1327 An
1441 1274 1658 1344 ignoras
1698 1272 2042 1326 Divinitatem

486 1367 796 1423 nominibus
856 1368 1011 1423 nobis
1068 1367 1283 1422 usitatis
1345 1366 1637 1437 appellari,
1691 1366 1871 1420 omnia
1918 1378 2045 1418 vero

484 1458 639 1525 longe
664 1457 819 1511 aliter
838 1471 998 1526 quam
1025 1466 1205 1510 nostra
1237 1469 1295 1511 se
1334 1455 1568 1511 habere?
1601 1452 1716 1508 Non
1752 1454 1893 1508 enim
1921 1453 2043 1522 quia

484 1547 704 1606 vcrbum
735 1546 850 1600 sive
891 1560 1071 1600 sermo
1106 1546 1341 1604 hominis
1373 1546 1705 1616 bypostatiee
1729 1558 1831 1597 non
1872 1544 2045 1598 subsi-

483 1639 601 1705 stit,
629 1647 682 1692 et
721 1636 931 1691 sonitus
953 1637 1167 1705 quidam
1216 1636 1407 1707 lingua:
1452 1646 1535 1691 est
1569 1636 1620 1689 in
1667 1649 1843 1689 aerem
1885 1634 2048 1688 emis-

485 1742 610 1783 sus:
652 1727 772 1781 ideo
806 1727 1018 1781 divinus
1052 1727 1217 1781 etiam
1258 1740 1436 1780 sermo
1482 1726 1552 1779 ita
1614 1739 1673 1779 se
1714 1725 1910 1791 habet;
1955 1723 2047 1777 sed

485 1818 669 1871 vivens
700 1832 763 1871 ex
791 1817 935 1881 vivo,
969 1826 1131 1885 atque
1160 1816 1497 1886 hypostatice
1544 1814 1809 1869 exsistens
1856 1822 1921 1867 ex
1952 1812 2049 1881 hy-

2140 773 2277 822 πον;
2325 776 2345 809 ι

2625 889 2781 959 Πρὸς
2811 888 2987 943 τοῦτο
3016 889 3220 952 λύσις.

2212 1001 2546 1075 Σκανδαλίξῃ
2575 1001 2737 1055 πάλιν
2769 1002 2868 1055 οὐκ
2896 1000 3200 1055 ἀναϐαίνων
3229 999 3300 1052 τά
3347 997 3685 1070 ἀνθρώπινα
3710 1009 3727 1027 ’

2144 1093 2256 1147 ἀλλ’
2288 1093 2476 1165 ὥσπερ
2502 1094 2924 1164 ἐπιλελησμένος
2942 1094 3024 1146 ὃτι
3051 1110 3132 1145 σοι
3154 1092 3283 1162 περὶ
3309 1089 3410 1159 τῆς
3439 1090 3601 1152 θείας
3624 1091 3732 1141 οὺ-

2146 1184 2266 1247 σίας
2295 1185 2323 1236 6
2352 1185 2507 1251 λόγος
2533 1184 2701 1247 ἐστὶν,
2720 1186 2783 1237 ἐκ
2808 1182 2914 1235 τῶν
2944 1182 3064 1235 καθ’
3088 1183 3231 1252 ἡμᾶς
3250 1180 3406 1252 ὁρίζῃ
3436 1180 3504 1233 τὰ
3524 1180 3732 1249 ἐκείνῃ

2146 1274 2433 1345 προσόντα.
2471 1275 2541 1327 Ἦ
2574 1274 2675 1327 οὐκ
2706 1269 2859 1326 οἶσθα
2887 1273 2967 1326 ὅτι
2999 1275 3109 1334 τοῖς
3144 1272 3263 1325 καθ’
3302 1272 3449 1342 ἡμᾶς
3476 1270 3735 1339 ὀνόμασι

2144 1365 2204 1417 τδ
2224 1364 2377 1418 Θεῖον
2403 1366 2779 1427 ἀποκαλεῖται,
2806 1365 2981 1419 πάντα
3003 1364 3059 1416 δὲ
3086 1364 3287 1433 ἑτέρως
3312 1362 3457 1415 ἐστὶν
3485 1362 3517 1432 ἦ
3548 1361 3736 1415 καθά-

2148 1473 2252 1525 περ
2284 1457 2475 1526 ἠμεῖςς
2503 1456 2577 1508 Οὐ
2601 1456 2709 1525 γὰρ
2739 1456 3037 1525 ἐπειδήπερ
3063 1456 3091 1508 6
3116 1454 3214 1524 μὲν
3235 1453 3520 1523 ἀνθρώπου
3557 1453 3735 1519 λόγος

2147 1547 2512 1609 ἀνυπόστατος
2528 1545 2622 1599 καὶ
2639 1544 2885 1617 γλώττης
2911 1545 3076 1615 ἐξήχη
3088 1560 3165 1615 μα
3184 1544 3320 1615 πρὸς
3342 1544 3480 1614 ἀέρα
3498 1561 3568 1596 πε
3580 1542 3737 1612 μπό-

2151 1656 2329 1709 μενον,
2375 1637 2464 1690 διὰ
2510 1636 2667 1690 τοῦτο
2698 1637 2794 1690 καὶ
2825 1639 2853 1689 6
2882 1637 3023 1695 θεῖος
3072 1635 3331 1700 ὡσαύτως
3373 1635 3483 1701 ἐξει
3531 1635 3731 1702 λόγος,

2149 1727 2281 1781 ἀλλὰ
2309 1727 2416 1789 ζῶν
2441 1729 2504 1780 ἐκ
2530 1726 2749 1791 ζῶντος,
2780 1726 2875 1779 καὶ
2901 1723 3223 1795 ὑφεστηκὼς
3251 1723 3311 1787 ἐξ
3343 1722 3735 1793 ὑφεπηκότος

2149 1818 2283 1870 ἐστί.
2323 1819 2430 1871 Καὶ
2455 1818 2636 1881 πάλιν,
2671 1819 2769 1871 οὐκ
2796 1817 3093 1888 ἐπειδήπερ
3119 1818 3151 1886 ή
3177 1818 3235 1869 ἐν
3263 1817 3393 1885 ἡμῖν
3424 1818 3587 1884 σοφία
3629 1814 3735 1867 καὶ

490 1909 758 1977 postatice
786 1909 1082 1979 exsistente
1105 1908 1363 1978 procedit.
1402 1906 1631 1971 Rursus,
1662 1920 1767 1960 non
1809 1905 1932 1974 quia
1963 1919 2048 1959 sa-

2156 1910 2426 1980 ἐπιστήμη
2463 1911 2563 1962 οὐκ
2601 1910 2657 1962 ἐν
2686 1909 2978 1962 ὑποστάσει
3009 1911 3183 1961 κεῖται
3225 1906 3346 1959 καθ’
3371 1905 3597 1974 ἑαυτὴν,
3638 1904 3735 1956 διὰ

482 1998 682 2067 pientia
711 2005 765 2052 et
805 1998 1034 2052 scientia
1067 2012 1188 2065 quae
1235 1996 1287 2051 in
1331 1996 1483 2051 nobis
1512 2005 1617 2061 est,
1656 1995 2046 2067 bypostaticam

486 2102 583 2157 per
616 2103 676 2143 se
721 2088 1093 2143 exsistentiam
1152 2103 1257 2142 non
1296 2087 1501 2141 habet:
1542 2087 1742 2140 idcirco
1784 2085 2046 2154 sapientia

487 2194 607 2250 qua:
640 2181 691 2233 in
726 2178 837 2233 Deo
862 2186 946 2232 est
979 2193 1081 2233 non
1115 2178 1220 2232 erit
1246 2177 1598 2253 hypostatica.
1630 2176 1697 2229 At
1728 2190 1859 2230 vero
1892 2176 1935 2229 si
1971 2174 2051 2228 fa-

489 2269 618 2325 teris
647 2269 811 2322 Deum
849 2282 953 2321 non
985 2280 1107 2322 esse
1146 2265 1300 2320 nobis
1323 2264 1579 2327 similem,
1609 2263 1864 2319 fateberis
1887 2266 2047 2317 etiam

488 2356 675 2411 omnia
713 2356 880 2424 ipsius
904 2371 1008 2411 non
1032 2370 1154 2411 esse
1180 2363 1383 2418 nostra,
1424 2355 1516 2408 sed
1545 2363 1695 2408 tanto
1722 2369 1841 2409 esse
1872 2354 2050 2409 excel-

485 2446 714 2503 lentiora
746 2448 969 2510 nostris,
998 2454 1202 2517 quanto
1235 2446 1349 2515 ipse
1374 2445 1537 2500 etiam
1561 2445 1810 2501 essentia:
1838 2448 2047 2502 ratione

482 2545 567 2593 est
597 2538 954 2609 prastantior.

1011 2645 1237 2713 ALlUD,
1275 2646 1329 2701 in
1365 2645 1524 2702 idem.

554 2782 669 2838 Non
694 2777 1384 2849 animadvertitprzeclarus
1407 2778 1507 2832 iste
1530 2785 1963 2847 argumentator,
1988 2777 2044 2832 in

483 2888 643 2944 quam
672 2871 950 2941 ingentem
982 2868 1371 2940 blasphemiam
1401 2878 1559 2923 ruat:
1590 2868 1873 2922 Dominum
1906 2869 2047 2923 enim

483 2961 716 3031 appellat
759 2959 978 3024 animal,
1018 2972 1125 3011 non
1170 2957 1472 3024 intelligens
1504 2956 1650 3009 aliud
1693 2971 1813 3009 esse
1849 2956 2049 3009 animal

486 3067 646 3122 quam
680 3051 863 3113 vitam,
887 3047 1333 3118 quemadmodum
1363 3046 1589 3099 scientia
1619 3045 1760 3098 aliud
1784 3055 1868 3099 est
1890 3060 2047 3114 quam

487 3141 685 3197 sciens.
708 3138 840 3193 Nam
868 3141 910 3194 si
936 3138 1058 3208 quis
1086 3139 1228 3192 dicat
1254 3138 1439 3201 vitam,
1468 3136 1739 3205 signiﬁcat
1765 3151 1875 3189 rem
1904 3136 2047 3190 illam

486 3246 605 3301 qua:
636 3232 680 3285 si
710 3230 869 3285 alicui
906 3229 1051 3293 insit,
1082 3229 1259 3282 vivum
1293 3236 1349 3280 ut
1371 3226 1621 3281 siteﬂicit
1647 3245 1659 3279 :
1690 3226 1889 3279 animal
1915 3240 2046 3279 vero
2074 3256 2119 3315 ϐ

486 3333 569 3378 est
614 3321 666 3376 id
711 3320 852 3390 quod
880 3320 998 3389 ejus
1039 3320 1115 3373 rei
1159 3332 1280 3387 quae
1322 3317 1583 3380 vivilieat,
1627 3316 1897 3385 particeps
1944 3329 2043 3370 est.

488 3413 652 3481 Atqui
690 3411 949 3466 Dominus
989 3424 1094 3463 non
1140 3410 1212 3461 ita
1258 3407 1493 3476 seipsum
1526 3417 1699 3471 vocat,
1731 3409 1825 3461 sed
1872 3407 2051 3475 potius

487 3504 673 3559 vitam.
695 3502 749 3557 Si
774 3516 923 3567 vero,
945 3515 1065 3555 cum
1099 3499 1168 3553 sit
1197 3499 1327 3562 vita,
1358 3507 1439 3551 est
1468 3497 1631 3551 etiam
1664 3496 2049 3564 animal,juxta

489 3594 628 3649 illius
673 3593 933 3648 insaniam
959 3630 973 3655 ,
1016 3591 1226 3645 dicatur
1261 3589 1426 3642 etiam
1474 3587 1631 3641 Pater
1668 3602 1787 3641 esse
1833 3588 2050 3651 animal,

487 3698 608 3738 cum
636 3682 748 3751 ipse
776 3683 841 3737 de
865 3697 923 3737 se
943 3682 1125 3735 dicat:
1158 3698 1175 3732 ι
1208 3680 1343 3734 Vivo
1364 3694 1482 3749 ego,
1514 3680 1639 3733 dicit
1666 3677 1999 3733 Dominus“.
2026 3697 2044 3730 ι

490 3773 595 3828 Sed
630 3772 807 3826 valere
831 3772 997 3840 jussis
1029 3771 1224 3840 perditi
1253 3770 1492 3823 hominis
1531 3770 1708 3837 nugis,
1745 3777 1799 3823 et
1837 3779 2051 3838 aposto-

491 3864 650 3919 licum
698 3863 831 3917 illud
860 3865 907 3917 ei
937 3863 1178 3917 dicentes
1208 3881 1221 3916 :
1262 3879 1279 3911 ‹
1318 3860 1682 3927 Cogitationes
1714 3861 1822 3913 sint
1869 3860 1965 3913 tibi
1996 3862 2049 3914 in

491 3956 843 4023 perditionem
877 3954 942 4018 δ’,
982 3972 999 4006 ι
1044 3956 1107 4007 ad
1146 3952 1304 4021 192
1341 3951 1619 4005 veritatem
1661 3952 1916 4005 doctrina:
1958 3965 2053 4003 nos

491 4044 855 4107 conferamus,
894 4052 948 4096 et
978 4042 1266 4096 Dominum
1320 4032 1681 4105 non‘animal,
1726 4051 1781 4094 ut
1826 4041 1922 4104 illi,
1958 4041 2052 4093 sed

494 4133 657 4187 vitam
689 4133 857 4201 ipsam
901 4146 1021 4186 esse
1052 4132 1315 4194 dicamus,
1353 4147 1470 4199 qnte
1511 4135 1686 4187 omnia
1723 4133 1958 4187 viviﬁcat
1982 4134 2048 4197 ",

491 4222 687 4293 quippe
708 4237 826 4291 qua:
859 4222 910 4275 in
937 4222 1071 4291 ipso,
1100 4220 1249 4288 juxta
1280 4220 1432 4276 Pauli
1461 4223 1801 4289 sententiam,
1850 4231 1903 4277 et
1934 4236 2049 4276 mo-

491 4321 739 4379 veantur,
767 4323 821 4370 et
861 4314 969 4369 sint
1004 4314 1073 4367 ".

801 4444 1028 4513 ALIUD,
1062 4447 1118 4500 in
1142 4450 1374 4502 eamdem
1406 4450 1737 4516 sententiam.

2149 1997 2306 2051 τοῦτο
2343 1999 2437 2052 καὶ
2481 2000 2514 2067 ἡ
2544 1999 2925 2069 ἐνυπάρχουσα
2966 1997 3042 2068 τῷ
3084 1996 3202 2067 Θεῷ
3231 1996 3393 2065 σοφία
3422 1995 3482 2047 τὸ
3520 1993 3735 2047 ἐνυπό-

2150 2105 2341 2151 στατος
2369 2084 2505 2142 εἶναι
2534 2088 2655 2141 καθ’
2682 2088 2879 2157 ἑαυτὴν
2912 2086 3342 2158 ζημιωθήσεται.
3384 2084 3525 2137 Ἀλλ’
3555 2083 3733 2153 εἴπερ

2148 2182 2427 2250 ὁμολογεῖς
2457 2180 2534 2251 μὴ
2559 2180 2679 2233 καθ’
2722 2182 2870 2250 ἡμᾶς
2914 2175 3051 2233 εἶναι
3101 2178 3191 2231 τὸν
3234 2177 3386 2241 Θεὸν,
3434 2175 3736 2245 ὁμολογεῖς

2149 2272 2387 2341 δηλονότι
2420 2272 2513 2325 καί
2546 2289 2662 2335 πως
2692 2271 2762 2323 τά
2786 2271 2953 2325 αὑτοῦ
2982 2270 3056 2341 μὴ
3089 2264 3224 2322 εἶναι
3250 2267 3360 2320 τῶν
3388 2265 3511 2321 καθ’
3540 2266 3727 2335 ἡμᾶς,

2148 2363 2263 2417 ἀλλ’
2301 2365 2439 2434 ὑπὲρ
2469 2366 2617 2434 ἡμᾶς
2642 2364 2915 2429 τοσοῦτον,
2938 2364 3062 2417 ὅσον
3091 2362 3184 2416 καὶ
3212 2360 3353 2415 κατὰ
3379 2359 3470 2413 τὸν
3496 2357 3602 2428 τῆς
3632 2355 3730 2410 ού-

2150 2453 2272 2517 σίας
2302 2455 2454 2523 λόγον
2482 2454 2781 2526 διέστηκεν.

2601 2648 2801 2715 ᾹΛΛΟ,
2829 2649 2975 2717 πρὸς
3009 2648 3074 2702 τὸ
3107 2650 3273 2704 αὐτό.

2234 2779 2525 2848 Ἡγνόησεν
2544 2778 2573 2829 6
2595 2778 2775 2846 σοφὸς,
2801 2780 2876 2841 ὡς
2904 2778 3094 2843 οἴεται,
3117 2779 3212 2831 καὶ
3242 2777 3367 2843 ὀξὺς
3396 2780 3477 2841 είς
3497 2779 3556 2831 τὸ
3575 2781 3729 2831 νοεῖν

2150 2866 2373 2937 ἀμέτρῳ
2407 2864 2719 2934 περιπεσὼν
2762 2866 3073 2937 δυσφημίαι
3126 2866 3264 2930 ζῶον
3307 2868 3414 2937 γὰρ
3459 2870 3729 2938 ὀνομάζει

2150 2957 2239 3010 τὸν
2267 2955 2487 3026 Κύριον,
2514 2958 2613 3009 οὐκ
2646 2954 2798 3019 εἰδὼς
2827 2957 2909 3009 ὅτι
2938 2956 2999 3009 τὸ
3026 2956 3162 3021 ζῶον
3194 2958 3378 3026 ἐτερὸν
3415 2962 3531 3011 ἐστι
3565 2959 3726 3029 παρὰ

2150 3046 2248 3117 τὴν
2278 3047 2443 3117 ζωὴν,
2474 3044 2661 3114 ὥσπερ
2689 3045 2721 3115 ή
2752 3046 3023 3115 ἐπιστήμη
3056 3044 3205 3113 παρὰ
3238 3044 3327 3097 τὸν
3356 3046 3722 3113 ἐπιστήμονα.

2155 3137 2307 3207 Ζωὴν
2337 3141 2435 3206 μὲν
2465 3135 2572 3206 γὰρ
2594 3136 2646 3187 εί
2672 3151 2754 3198 τις
2776 3132 2942 3201 λέγοι,
2960 3134 3093 3188 αὐτὸ
3122 3136 3377 3205 σημαίνει
3402 3136 3464 3188 τὸ
3486 3137 3726 3207 πρᾶγμα

2152 3227 2213 3279 τὸ
2246 3226 2301 3279 ἐν
2328 3244 2437 3279 τισι
2477 3230 2758 3296 γινόμενον
2801 3227 2895 3280 καὶ
2940 3227 3235 3290 ζωοποιοῦν
3265 3227 3435 3281 αὑτά·
3481 3227 3619 3291 ζῶον
3666 3227 3726 3279 δὲ

2156 3316 2347 3385 λέγων,
2376 3317 2435 3369 τὸ
2460 3318 2682 3387 μετέχον
2702 3318 2795 3370 τοῦ
2824 3318 3210 3381 ζωοποιοῦντος
3239 3336 3423 3389 φησιν.
3462 3319 3602 3371 Ἀλλ’
3622 3318 3727 3388 οὐχ

2156 3404 2324 3467 οὕτως
2353 3408 2540 3458 ἐαυτὸν
2567 3410 2595 3459 6
2627 3408 2827 3478 Κύριος
2860 3408 3140 3477 ὀνομάζων
3168 3410 3436 3478 φαίνεται,
3486 3408 3631 3481 ζωὴν
3666 3408 3724 3461 δὲ

2162 3494 2359 3563 μᾶλλον
2392 3495 2673 3551 ἀποκαλεῖ.
2712 3498 2775 3549 Et
2810 3496 2865 3549 δέ
2897 3496 3008 3567 ζωὴ
3036 3498 3293 3567 ὑπάρχων
3318 3501 3412 3551 καὶ
3443 3499 3580 3562 ζῶον
3604 3502 3725 3551 ἐστι

2158 3584 2299 3637 κατὰ
2330 3586 2427 3656 τὴν
2458 3588 2663 3640 ἐκείνου
2698 3587 3138 3657 φρενοϐλάϐειαν,
3162 3588 3406 3655 λεγέσθω
3434 3591 3526 3641 καὶ
3552 3592 3581 3642 6
3608 3591 3726 3642 Παο

2156 3675 2257 3745 τὴρ
2289 3675 2447 3741 ζῶον,
2479 3678 2776 3748 ἐπειδήπερ
2806 3678 3055 3746 φαίνεται
3083 3679 3275 3746 λέγων·
3314 3699 3329 3731 ι
3357 3681 3441 3733 Ζῶ
3468 3680 3599 3747 ἐγὼ,
3631 3680 3725 3732 λέ-

2155 3783 2240 3833 γει
2263 3766 2485 3836 Κύριος.
2514 3787 2532 3819 ι
2554 3768 2716 3821 Ἀλλὰ
2744 3770 2863 3831 ταῖς
2892 3768 3098 3821 ἐκείνου
3135 3770 3425 3839 φλυαρίαις
3448 3771 3725 3839 ἐρρῶσθαι

2157 3858 2462 3928 φράσαντες
2485 3897 2499 3920 ,
2530 3860 2625 3911 καὶ
2660 3859 2722 3912 τὸ
2755 3860 3107 3912 ἀποστολικὺν
3140 3861 3316 3913 ἐκεῖνο
3358 3861 3721 3932 προσθέντες’

2165 3966 2182 3997 ι
2217 3949 2295 3999 Τὰ
2325 3950 2570 4019 νοήματά
2603 3967 2695 4003 σου
2729 3952 2825 4003 σὺν
2870 3952 2951 4003 σοὶ
2995 3954 3081 4021 εῐη
3116 3954 3195 4014 εἰς
3228 3952 3533 4019 ἀπώλειαν,
3569 3972 3588 4005 ι
3628 3953 3725 4005 ἐπὶ

2157 4039 2250 4108 τὴν
2268 4040 2530 4111 ὀρθότητα
2556 4041 2663 4093 τῶν
2687 4043 2969 4112 δογμάτων
2984 4043 3360 4113 δραμούμεθα,
3382 4046 3475 4098 καὶ
3498 4045 3555 4097 οὐ
3580 4045 3724 4108 ζῶον

2158 4132 2275 4182 κατ’
2311 4132 2575 4195 ἐκείνους,
2601 4132 2735 4185 ἀλλὰ
2770 4133 2915 4204 ζωὴν
2949 4135 3179 4205 ἐροῦμεν
3208 4137 3297 4188 τὸν
3330 4136 3552 4207 Κύριον,
3586 4135 3723 4200 ζωο-

2155 4217 2417 4286 γονοῦσαν
2444 4220 2512 4273 τά
2546 4221 2722 4275 πάντα
2764 4223 2840 4285 ὡς
2876 4224 2933 4275 ὲν
2966 4222 3111 4293 αὐτῷ
3140 4226 3402 4278 κινεῖσθαι
3433 4226 3524 4279 καὶ
3552 4223 3720 4292 εἶναι,

2158 4310 2299 4363 κατὰ
2321 4311 2419 4381 τὴν
2443 4310 2657 4365 Παύλου
2686 4315 2886 4384 φωνήν.

2650 4448 2851 4513 ΑΛΛΟ,
2877 4450 2962 4514 εἰς
2986 4449 3049 4502 τὸ
3073 4449 3237 4503 αὐτό.

561 4574 781 4631 Sacram
838 4579 1171 4648 Scripturam
1217 4580 1410 4635 Filium
1459 4597 1652 4636 vocare
1702 4580 1935 4636 Verbum
1974 4582 2053 4655 “,

2232 4578 2399 4645 Λόγον
2427 4578 2460 4648 ὴ
2497 4578 2617 4631 θεία
2635 4580 2823 4649 Γραφὴ
2852 4581 2944 4633 τὸν
2979 4582 3104 4635 Υίὸν
3138 4583 3445 4653 ὀνομάζειν,
3468 4586 3559 4637 καὶ
3593 4603 3722 4659 προ-

491 4664 593 4722 ltoc
635 4676 741 4734 est,
797 4669 1155 4737 prolationem
1219 4672 1483 4740 ejusmodi
1550 4674 1833 4725 verborum
1880 4672 2057 4741 qualia

491 4766 620 4811 sunt
644 4758 895 4824 humana,
940 4764 1264 4828 temerarius
1307 4763 1408 4816 iSte
1442 4777 1504 4816 ac
1530 4764 1819 4833 prmelarus
1853 4764 2060 4819 scilicet

492 4863 808 4903 arcanorum
856 4848 949 4904 Dei
996 4852 1268 4922 interpres
1316 4853 1673 4924 imaginatur:
1718 4855 2061 4908 norrintelli-

491 4953 622 5007 gens
661 4940 802 5009 quod
834 4956 1000 4996 sacra:
1024 4942 1243 4997 Littera:
1268 4944 1415 4997 illum
1461 4946 1529 4999 ita
1577 4962 1642 4999 ex
1686 4955 1869 5000 nostro
1907 4960 2056 5000 more

492 5031 777 5099 appellent.
815 5031 1075 5100 Loquitur
1102 5036 1246 5088 enim
1278 5035 1441 5089 Pater
1473 5052 1666 5091 arcane
1712 5047 1873 5105 atque
1918 5036 2053 5089 inef-

492 5118 720 5173 l‘abiliter
746 5121 811 5174 ad
857 5121 1077 5188 Filium,
1125 5125 1209 5178 cui
1261 5127 1576 5179 naturaliter
1603 5128 1856 5180 voluntas
1884 5125 2058 5179 l’atris

491 5209 699 5276 cognita
728 5218 831 5273 est,
860 5224 1034 5278 neque
1061 5222 1336 5280 exspectat
1384 5229 1711 5279 sermonem,
1740 5215 1831 5283 qui
1880 5213 2055 5267 occul-

490 5306 597 5351 tam
653 5298 792 5354 illius
839 5300 1165 5356 voluntatem
1213 5304 1464 5373 explicet.
1500 5304 1722 5371 Quando
1768 5306 1934 5373 igitur
1982 5307 2050 5357 de

490 5388 599 5442 Deo
624 5390 820 5446 dicitur
845 5393 962 5448 sive
998 5396 1320 5462 przedicatur
1347 5396 1544 5465 aliquid
1575 5397 1915 5466 eorum'qute
1957 5397 2052 5450 lto-

490 5472 721 5529 minibus
751 5478 929 5544 potius
963 5483 1309 5545 conveniunt,
1348 5484 1558 5538 auditor
1584 5484 1720 5537 ultra
1753 5486 2053 5542 humanum

490 5576 692 5616 morem
737 5567 1111 5634 cogitationem
1158 5586 1309 5626 suam
1355 5576 1547 5642 erigat,
1588 5585 1641 5630 et
1689 5576 1753 5631 ad
1795 5578 2048 5646 spiritua-

559 5737 602 5823 ’ξ
625 5735 757 5792 Gen.
788 5742 937 5806 t,26.
1016 5748 1059 5779 ⁸ο
1096 5747 1289 5805 Ezeeh.
1328 5739 1520 5818 χχχιιι,
1562 5754 1643 5809 ll.
1724 5756 1763 5787 “
1800 5758 1918 5811 Act.
1959 5771 2073 5823 VIII.
2105 5754 2193 5810 90-

515 5822 549 5871 l,
586 5808 605 5859 l
638 5823 786 5878 seqq.

2159 4668 2329 4739 φοράν
2364 4671 2621 4739 ῥημάτων
2657 4670 2909 4724 τοιούτων
2946 4674 3105 4724 ὁποῖά
3134 4674 3248 4725 ἐστι
3277 4674 3343 4727 τὰ
3380 4675 3718 4747 ἀνθρώπινα,

2158 4756 2487 4824 φαντάζεται
2514 4759 2675 4812 πάλιν
2697 4762 2725 4812 6
2746 4760 2945 4829 γοργὸς
2970 4763 3049 4823 εἰς
3070 4760 3325 4815 ἀϐουλίαν
3357 4765 3448 4817 καὶ
3473 4768 3719 4830 νεανικὸς

2157 4852 2237 4911 εἰς
2267 4851 2327 4903 τὸ
2369 4850 2444 4919 μὴ
2472 4854 2610 4903 νοεῖν
2654 4851 2826 4920 ὀρθῶς
2852 4851 3067 4905 τὰ’θεία
3099 4855 3370 4925 μυστήρια
3390 4873 3401 4886 ’
3436 4857 3535 4910 οὐκ
3560 4859 3717 4922 εἰδὼς

2159 4942 2240 4992 ὅτι
2274 4940 2413 4992 κατὰ
2446 4941 2545 5009 μὲν
2574 4942 2671 5012 τὴν
2700 4943 2976 5012 ἡμετέραν
3021 4945 3306 5016 συνήθειαν
3348 4947 3519 5011 οὕτως
3552 4950 3717 5005 αὐτὸν

2155 5031 2211 5082 αἱ
2251 5030 2390 5084 θεῖαι
2427 5032 2749 5101 κηρύττουσι
2779 5033 3009 5102 Γραφαί.
3040 5036 3349 5104 Διαλέγεται
3378 5039 3435 5091 δὲ
3460 5041 3719 5111 άῤῥήτως

2159 5122 2345 5192 Πατὴρ
2373 5122 2507 5193 πρὸς
2532 5122 2675 5188 Υἱὺν,
2705 5124 2917 5194 ἔχοντος
2941 5126 3101 5178 αὐτοῦ
3129 5129 3372 5194 φυσικῶς
3397 5132 3491 5183 τοῦ
3516 5133 3715 5187 ειδέναι

2156 5213 2247 5265 τοῦ
2278 5213 2527 5277 τεκόντος
2554 5216 2653 5283 τὴν
2683 5215 2956 5285 βούλησιν,
2988 5217 3047 5270 οὐ
3076 5216 3231 5285 λόγον
3252 5219 3527 5288 ἐκφαίνειν
3552 5221 3714 5276 δυνά-

2159 5322 2320 5374 μενον
2351 5305 2419 5359 τὰ
2458 5307 2814 5377 κεκρυμμένα
2840 5309 3221 5379 περιμένοντος
3246 5352 3257 5375 ,
3290 5311 3410 5363 ἐπεὶ
3438 5312 3527 5365 καὶ
3553 5314 3715 5379 αὑτάς

2158 5400 2364 5452 ἐστιν·ὁ
2396 5400 2584 5467 Λόγος.
2616 5401 2740 5453 Ὅτε
2776 5401 2950 5455 τοίνυν
2995 5404 3087 5455 ἐπὶ
3122 5405 3256 5457 Θεοῦ
3283 5422 3334 5459 τι
3360 5405 3575 5475 λέγεται
3606 5409 3717 5461 τῶν

2154 5492 2253 5543 ὅσα
2302 5492 2503 5561 μᾶλλον
2530 5490 2835 5561 ἀνθρώποις
2865 5492 2982 5545 ἐστὶ
3020 5495 3457 5565 πρεπωδέστερα,
3487 5494 3714 5549 ἀναδαι-

2154 5583 2288 5634 νέτω
2340 5582 2406 5634 τὰ
2450 5581 2570 5633 καθ’
2630 5570 2775 5651 ἡμᾶς
2819 5586 2847 5635 6
2896 5585 3277 5656 ἀκροώμενος,
3333 5590 3421 5640 καὶ
3480 5589 3572 5641 ἐπὶ
3614 5590 3713 5658 τὴν

2309 5759 2349 5790 ³¹
2384 5758 2400 5812 1
2431 5757 2569 5812 Tim.
2602 5774 2674 5824 γι,
2716 5760 2798 5814 15.
2876 5762 2920 5795 ⁸³
2960 5766 3077 5821 Act.
3106 5780 3235 5835 xvn,
3275 5766 3365 5842 28..
3443 5767 3488 5801 “
3515 5764 3672 5823 Joan.
