3968 6504
277 500 388 558 325

1666 484 2109 543 THESAURUS.

3454 482 3559 539 526

284 613 660 689 πνευματικὴν
712 612 811 667 καὶ
858 611 957 684 τὴν
1002 611 1060 665 ἐν
1111 608 1293 684 νοήσει
1339 611 1407 681 τῇ
1459 607 1581 679 θείᾳ
1630 607 1871 679 τρεχέτω

1988 610 2106 671 lem,
2138 604 2339 676 quique
2383 604 2435 659 in
2476 603 2661 658 divino
2700 603 2974 660 intellectu
3018 578 3288 672 consistit,
3336 618 3558 661 sensum

282 705 610 778 κατάληψιν.

562 817 887 882 ἏντΙθεσις
912 814 994 883 ὡς
1030 815 1099 870 ἐκ
1132 813 1251 869 τῶν
1272 812 1595 884 Εὑνομίου.

368 952 509 1007 Ἀλλ’
552 952 656 1005 οὐκ
701 951 945 1025 ἐξαρκεῖ,
994 950 1180 1021 φησὶν,
1227 952 1308 1013 είς
1357 950 1489 1004 Υίοῢ
1531 951 1762 1023 δήλωσιν
1811 952 1874 1006 τὸ

282 1045 457 1114 Λόγος
483 1043 678 1114 ὄνομα,
724 1042 837 1097 οὐδ’
868 1041 936 1096 ἂν
965 1040 1179 1111 γένοιτο
1227 1040 1406 1113 σαφὴς
1440 1043 1474 1113 ὴ
1503 1043 1660 1107 οὐσία
1704 1042 1871 1097 αὐτοῦ

281 1138 370 1190 διὰ
421 1136 523 1209 τῆς
565 1135 786 1190 τοιᾶσδε
841 1132 1252 1205 προσηγορίας·
1311 1131 1538 1205 φέρεται
1604 1132 1712 1205 γὰρ
1775 1135 1873 1190 καὶ

281 1227 433 1283 κατὰ
460 1226 679 1282 πολλῶν
700 1224 906 1296 ἐτέρων
935 1224 1200 1297 ῥημάτων
1237 1224 1425 1296 ἀργῶν
1449 1242 1509 1279 τε
1539 1227 1635 1280 καὶ
1668 1227 1873 1281 ἀνυπο-

282 1318 518 1374 στάτων.

772 1428 929 1500 Πρὸς
953 1428 1141 1485 ταῦτα
1165 1428 1374 1496 λύσις.

353 1565 567 1621 Οὐκοῦν
613 1564 870 1635 άτονήσει
926 1562 1065 1637 πρὸς
1101 1564 1162 1618 τὸ
1205 1562 1561 1636 παραστῆσαι
1605 1562 1700 1617 τοῦ
1736 1563 1872 1619 Θεοῦ

280 1659 385 1731 τὴν
416 1658 605 1711 οὐσίαν
654 1655 716 1709 τὸ
760 1654 893 1719 Θεὸς
920 1654 1112 1725 ὄνομα.
1163 1642 1544 1726 Φέρεταιγὰρ
1591 1656 1684 1707 καὶ
1732 1652 1877 1707 κατὰ

282 1749 395 1803 τῶν
428 1750 505 1821 μὴ
529 1748 689 1818 φύσει
710 1746 870 1811 θεῶν,
894 1747 1036 1801 κατὰ
1059 1745 1142 1810 τὸ,
1164 1764 1183 1797 ι
1207 1744 1350 1814 Ἐγὼ
1375 1741 1522 1799 εἶπα·
1541 1744 1665 1798 Θεοί
1690 1747 1834 1799 ἐστε.
1850 1764 1868 1796 ι

284 1842 329 1893 τ
335 1841 352 1893 ί
388 1841 447 1894 δὲ
476 1838 714 1893 κωλύσει
744 1839 968 1892 κάκεῖνο
994 1836 1197 1906 λέγειν,
1220 1836 1296 1899 ὡς
1322 1835 1555 1907 ἐπείπερ
1580 1835 1644 1888 τὸ
1668 1835 1877 1899 δίκαιος

281 1934 479 2002 όνομα,
518 1930 613 1985 καὶ
643 1930 705 1983 τὺ
735 1929 961 1998 ἀγαθὸς,
992 1928 1087 1983 κώ
1112 1927 1175 1981 τὸ
1208 1927 1382 1997 an“,
1412 1926 1508 1980 καὶ
1548 1928 1633 1980 ἐπ’
1666 1924 1878 1997 ἀνθρώ-

1978 697 2335 756 conscendat.

2400 807 2487 863 Ex
2524 808 2817 879 objections
2860 805 3132 862 Eunomii.

1980 1006 1985 1011 ,
2027 945 2210 1030 ’Atqui
2248 959 2357 1000 non
2393 942 2611 1011 suﬁlcit,
2640 946 2838 1016 inquit,
2871 946 3031 1001 Verbi
3068 960 3261 1001 nomen
3292 944 3360 999 ad
3390 945 3563 1015 signi-

1979 1022 2293 1094 ﬁcationem
2351 1038 2497 1105 Filii,
2541 1053 2717 1107 neque
2748 1053 2813 1094 ex
2846 1037 3151 1105 bujusmodi
3205 1036 3565 1109 appellatione

1974 1131 2214 1187 essentia
2270 1130 2391 1200 ejus
2428 1131 2783 1201 explicatur:
2820 1128 3057 1185 refertur
3086 1130 3231 1185 enim
3284 1130 3446 1185 etiam
3494 1122 3563 1184 ad

1974 1222 2080 1278 alia
2110 1222 2279 1278 multa
2308 1221 2472 1278 verba
2497 1238 2619 1294 qua:
2654 1221 3001 1293 bypostatice
3023 1236 3131 1277 non
3161 1220 3455 1277 exsistunt.

2466 1420 2677 1477 Salutio
2711 1418 3048 1491 objectionis.

2047 1538 2194 1626 Ergo
2222 1569 2291 1611 ne
2312 1554 2409 1611 Dei
2434 1555 2652 1626 quidem
2703 1568 2900 1610 nomen
2939 1552 3137 1609 sullicit
3172 1552 3239 1607 ad
3268 1550 3564 1608 essentiam

1987 1643 2082 1700 Dei
2132 1645 2539 1715 explicandam.
2572 1630 2833 1699 Refertur
2866 1646 3011 1699 enim
3050 1645 3214 1699 etiam
3253 1641 3443 1697 ad‘eos
3473 1643 3565 1712 qui

1979 1746 2172 1791 natura
2206 1734 2307 1801 dii,
2336 1748 2441 1790 non
2478 1732 2815 1806 sunt,‘ljuxta
2854 1734 2986 1789 illud
3020 1752 3033 1788 :
3077 1754 3096 1786 ι
3143 1734 3256 1803 Ego
3292 1734 3447 1789 dixi:
3481 1733 3566 1787 Dii

1978 1826 2112 1881 estis
2143 1824 2212 1878 ⁸³.
2248 1842 2268 1876 ι
2302 1823 2443 1894 Quid
2477 1838 2611 1879 vero
2646 1823 2925 1896 obstiterit
2952 1823 3245 1893 quominus
3288 1824 3453 1878 etiam
3502 1822 3571 1877 il-

1980 1917 2071 1972 lud
2106 1916 2389 1971 dicamus:
2427 1931 2550 1971 cum
2579 1928 2779 1970 nomen
2801 1906 3009 1983 justus,
3045 1922 3099 1968 et
3126 1916 3319 1979 bonus,
3357 1921 3411 1968 et
3440 1927 3571 1968 san-

284 2041 408 2080 mv
452 2022 707 2076 τάττεται
756 2019 985 2094 (πολλοὶ
1029 2018 1140 2091 γὰρ
1170 2018 1403 2073 τοιοῦτοι
1452 2018 1594 2071 κατὰ
1639 2018 1874 2091 μετοχὴν

1988 2021 2104 2065 ctus
2137 2009 2303 2065 etiam
2348 2009 2417 2063 de
2452 2006 2770 2063 hominibus
2798 2006 3013 2061 dicatur
3038 2005 3213 2078 (multi
3259 2006 3403 2060 enim
3438 2015 3571 2059 sunt

280 2115 380 2170 τοῦ
428 2114 552 2170 κατ’
583 2113 846 2186 ἀλήθειαν
889 2114 986 2167 καὶ
1024 2112 1195 2175 ὅντως
1241 2106 1449 2180 ἀγαθοῦ
1521 2110 1618 2163 καὶ⁸
1660 2110 1874 2163 δικαίου

280 2207 708 2279 τυγχάνοντος),
758 2205 821 2259 οὐ
862 2203 1069 2276 κυρίως
1105 2203 1203 2257 ἐπὶ
1251 2200 1391 2255 Θεοῦ
1431 2199 1717 2265 τετάξεται
1764 2188 1876 2253 τῶν

282 2297 599 2373 εἰρημένων
626 2297 882 2373 luctati;
917 2296 979 2349 Et
998 2294 1057 2349 δέ
1088 2293 1246 2349 κοινὰ
1274 2293 1374 2365 μὲν
1398 2294 1531 2363 ἡμῖν
1557 2291 1695 2364 πρὸς
1714 2290 1875 2345 αὐτὸν

280 2367 354 2443 τά
376 2367 645 2459 όνόματα,
679 2370 831 2459 αὐτῷ
869 2386 928 2440 δέ
970 2386 1118 2458 μόνῳ
1160 2385 1304 2441 κατὰ
1337 2384 1499 2454 φύσιν
1543 2384 1605 2438 τὸ
1640 2385 1876 2455 πρᾶγμα

281 2479 709 2552 ἐπαληθεύεται,
746 2477 901 2532 οὐδὲν
928 2475 1166 2532 κωλύσει
1198 2476 1295 2531 καὶ
1324 2477 1502 2561 Λόγον.
1532 2474 1740 2548 κυρίως
1777 2491 1873 2528 κε-

280 2567 525 2638 κλῆσθαι
548 2567 641 2621 τόν
663 2568 814 2634 Υίδν,
845 2565 1264 2638 παραστατικήν
1281 2582 1342 2618 τε
1368 2564 1470 2634 τῆς
1495 2564 1683 2627 οὐσίας
1708 2561 1874 2616 αὑτοῦ

280 2659 493 2729 ταύτην
522 2660 668 2730 ἔχειν
706 2658 808 2729 τὴν
850 2657 1206 2729 ἐπωνυμίαν,
1259 2658 1310 2709 εί
1361 2655 1457 2709 καὶ
1500 2654 1679 2726 ἕτεροι
1724 2653 1874 2722 λόγοι

283 2752 472 2807 πολλοί
516 2768 662 2815 τινες
692 2746 802 2804 εῐεν
832 2749 1289 2821 καταχρηστικῶς
1321 2748 1417 2801 καὶ
1454 2746 1593 2819 πρὸς
1638 2745 1872 2818 μίμησιν

281 2844 381 2897 τοῦ
413 2843 535 2896 κατ’
582 2840 843 2913 ἀλήθειαν
877 2839 1241 2912 κεκλημένου.
1274 2838 1376 2892 Διὰ
1403 2838 1513 2911 γάρ
1538 2839 1743 2910 ταύτην
1774 2839 1873 2906 τὴν

282 2935 468 2989 αἰτίαν
495 2934 625 3004 περὶ
645 2932 840 2988 ἐαυτοῦ
869 2948 1037 3004 φησιν
1062 2934 1091 2985 ό
1131 2932 1260 2995 Υἱός
1278 2947 1291 2962 ·
1319 2950 1338 2983 ι
1362 2930 1508 2999 Ἑγὼ
1538 2932 1655 3001 είμι
1683 2932 1715 3002 ὴ
1742 2930 1873 3003 ἁλή-

284 3025 428 3079 θεια.
457 3024 653 3076 »Ὥστε
682 3024 820 3093 ὅπερ
839 3022 909 3076 ἄν
925 3038 1010 3086 τις
1037 3021 1183 3074 εἴποι
1210 3020 1339 3092 περὶ
1362 3018 1530 3073 αὐτοῦ
1562 3018 1873 3091 θεοπρεπές

282 3135 348 3171 τε
379 3118 477 3171 καὶ
502 3116 651 3180 ἄξιον
673 3115 771 3186 τῆς
800 3113 952 3177 Θείας
976 3112 1304 3183 γεννήσεως,
1325 3112 1443 3182 ἐρεῖ
1474 3110 1572 3182 μὲν
1598 3110 1685 3162 ἐπ’
1705 3107 1872 3162 αὑτοῦ

284 3205 517 3278 κυρίως,
538 3204 632 3257 ἐπὶ
651 3202 709 3256 δέ
734 3201 843 3255 τῶν
874 3201 1079 3272 ἐτέρων
1098 3199 1304 3260 οὐκέτι.
1333 3196 1793 3270 καταχρηστικῶς
1815 3196 1872 3250 δὲ

286 3295 515 3371 μᾶλλον,
552 3293 807 3364 καθάπερ
832 3292 1068 3363 εἴρηται.

571 3430 894 3517 artiﬁcum
916 3428 997 3494 ὡς
1024 3426 1096 3481 ἐκ
1131 3426 1251 3481 τῶν
1273 3426 1597 3497 Εὐνομίου.

356 3566 535 3636 Λόγος
564 3566 783 3637 εἴρηται
804 3605 819 3631 ,
854 3563 991 3635 φησὶ
1010 3601 1025 3628 ,
1057 3561 1210 3633 παρὰ
1239 3565 1362 3626 ταῖς
1395 3561 1569 3623 θείαις
1598 3559 1873 3631 Γραφαῖς,

285 3661 388 3737 οἷα
416 3660 491 3724 ὡς
518 3659 583 3711 ἐκ
619 3658 836 3729 Πατρός
867 3657 1012 3712 κατὰ
1041 3657 1206 3727 φύσιν
1234 3657 1518 3727 ὑπάρχων,
1551 3654 1585 3724 ἢ
1610 3653 1772 3715 αὐτὸς
1801 3652 1878 3706 ὣν

284 3757 315 3809 ό
364 3751 673 3815 ἐνδιάθετος
720 3751 879 3821 λόγος
903 3789 920 3815 ,
979 3749 1093 3804 ἀλλ’
1167 3750 1249 3803 ὅτι
1307 3749 1400 3804 τὸν
1452 3748 1669 3818 Πατρδς
1722 3746 1879 3821 λόγον

287 3843 532 3909 ἀκούσας
590 3846 687 3897 καὶ
753 3845 884 3914 ἡμῖν
960 3840 1311 3911 ἐξαγγέλλει-
1375 3838 1565 3910 ὥσπερ
1627 3832 1719 3891 οὖν
1785 3837 1879 3889 καὶ

288 3937 565 4008 ἁγιασμὸς
593 3937 813 4009 είρηται
835 3976 852 3999 ,
881 3935 964 3989 ὅτι
989 3933 1208 4002 ἁγιάζει
1228 3974 1244 3998 ,
1280 3932 1374 3986 καὶ
1407 3928 1721 4001 δικαιοσύνη
1742 3969 1756 3995 ,
1796 3928 1878 3983 ὅτι

284 4028 513 4082 δικαιοί.

805 4137 964 4206 Πρὸς
994 4137 1173 4191 τοῦτο
1197 4137 1400 4204 λύσις.

361 4278 428 4332 El
460 4276 634 4345 Λόγος
660 4272 862 4345 ἐκλήθη
890 4313 904 4338 ,
933 4272 1077 4327 κατὰ
1108 4272 1209 4343 τὴν
1238 4270 1354 4343 σὴν,
1382 4265 1428 4325 ὧ
1456 4270 1722 4341 βέλτιστε,
1753 4269 1878 4323 δυσ-

1985 2100 2123 2157 tales
2168 2114 2275 2172 per,
2319 2099 2797 2171 participationem
2842 2096 2957 2168 ejus
2983 2098 3079 2169 qui
3112 2110 3241 2153 vere
3274 2106 3441 2167 atque
3473 2110 3569 2151 re-

1984 2191 2099 2264 ipsa
2122 2191 2299 2247 bonus
2336 2190 2591 2260 etjustus
2616 2190 2742 2261 est).
2781 2205 2889 2246 non
2930 2190 3151 2261 proprie
3194 2189 3408 2261 singula
3451 2189 3572 2246 haec

1981 2299 2104 2354 quae
2150 2284 2390 2339 diximus
2431 2283 2500 2339 de
2549 2281 2661 2339 Deo
2704 2280 3030 2353 praedicari?
3057 2284 3129 2338 At
3170 2283 3219 2338 si
3260 2283 3569 2339 communia

1981 2370 2201 2441 quidem
2255 2368 2414 2426 nobis
2458 2378 2739 2429 suntcum
2789 2370 2883 2427 illo
2909 2371 3152 2438 nomina,
3200 2372 3295 2428 sed
3338 2374 3406 2429 de
3452 2371 3575 2444 ipso

1985 2470 2193 2518 tantum
2229 2475 2359 2522 vere
2385 2463 2683 2517 secundum
2711 2470 2963 2517 naturam
2998 2463 3273 2529 dicuntur,
3305 2462 3441 2518 nihil
3467 2463 3571 2519 im-

1982 2550 2134 2620 pedit
2160 2550 2457 2620 quominus
2492 2549 2663 2608 Filius
2695 2552 2916 2621 proprie
2939 2552 3158 2607 dicatur
3186 2552 3449 2618 Verbum,
3477 2566 3573 2607 ea-

1984 2657 2091 2711 que
2114 2642 2404 2713 appellatio
2435 2644 2733 2699 essentiam
2774 2644 2895 2715 ejus
2925 2644 3181 2714 explicet,
3213 2645 3437 2701 tametsi
3463 2646 3569 2701 alia

1981 2749 2197 2805 quoque
2226 2734 2394 2789 multa
2417 2736 2526 2792 sint
2556 2735 2719 2792 verba
2748 2736 2976 2793 abusive
3028 2748 3083 2794 et
3113 2738 3181 2811 ad
3208 2738 3571 2796 imitationem

1982 2827 2129 2882 illius
2162 2828 2309 2897 quod
2344 2843 2472 2884 vere
2508 2828 2582 2883 ita
2618 2838 2867 2885 vocatur.
2894 2828 3028 2885 Eam
3058 2831 3203 2886 enim
3246 2832 3316 2887 ob
3344 2847 3570 2889 causam

1979 2917 2154 2975 Filius
2171 2919 2237 2974 de
2254 2920 2437 2990 seipse
2470 2920 2647 2989 inquit
2672 2939 2684 2975 :
2712 2938 2730 2972 ι
2758 2920 2869 2992 Ego
2897 2936 3019 2977 sum
3045 2923 3249 2979 veritas
3280 2924 3350 2978 “.
3387 2944 3406 2978 ι
3428 2926 3575 2993 Quo-

1979 3010 2126 3066 circa
2162 3012 2424 3082 quidquid
2472 3014 2540 3069 de
2596 3029 2663 3071 eo
2695 3014 2903 3069 dixeris
2948 3014 3219 3071 divinitati
3264 3017 3572 3090 divinaeque

1979 3100 2099 3171 ejus
2130 3101 2470 3173 generationi
2506 3104 2840 3161 conveniens
2864 3113 2921 3160 et
2946 3119 3067 3175 par,
3095 3106 3317 3177 proprie
3348 3107 3571 3178 quidem

1979 3193 2046 3249 de
2078 3195 2198 3263 ipso
2230 3196 2413 3260 dices;
2452 3196 2517 3250 de
2557 3196 2680 3251 aliis
2710 3211 2840 3252 vero
2899 3212 3007 3252 non
3048 3197 3205 3269 item,
3249 3200 3346 3256 sed
3392 3201 3573 3270 potius

1981 3284 2227 3352 abusive,
2264 3297 2326 3342 ut
2350 3290 2556 3343 dictum
2587 3297 2692 3344 est.

2377 3418 2535 3493 193
2572 3420 2815 3491 Objectio
2868 3420 3146 3482 Eunomii.

2052 3554 2321 3615 Verbum.
2338 3554 2533 3624 inquit,
2555 3554 2761 3610 dictum
2778 3563 2861 3611 est
2884 3556 2936 3611 in
2959 3571 3113 3614 sacra
3139 3555 3444 3630 Scriptura,
3461 3575 3575 3617 non

1982 3647 2109 3718 quia
2144 3662 2209 3703 ex
2244 3646 2407 3702 Patre
2437 3648 2735 3722 secundum
2760 3658 3008 3703 naturam
3030 3651 3281 3716 exsistat,
3311 3662 3405 3706 aut
3432 3653 3575 3722 quod

1980 3742 2051 3797 sit
2083 3741 2438 3796 intrinsecum
2472 3741 2586 3796 sive
2618 3741 2840 3796 insitum
2865 3741 3013 3796 Patri
3048 3745 3294 3812 verbum,
3321 3746 3414 3800 sed
3445 3745 3577 3814 quia

1980 3833 2157 3888 Patris
2185 3833 2410 3887 verbum
2451 3824 2700 3899 audiens,
2733 3834 2784 3888 id
2816 3834 2971 3889 nobis
3003 3837 3286 3892 annuntiat
3314 3855 3327 3891 :
3354 3839 3495 3892 sicut
3521 3848 3578 3893 et

1982 3923 2345 3979 sanctiﬁcatio
2374 3906 2553 3979 dictus
2586 3932 2692 3990 est,
2719 3924 2845 3994 quia
2892 3926 3222 3993 sanctiﬁcat,
3258 3935 3314 3981 et
3340 3926 3575 3996 iustitia,

1979 4016 2105 4089 quia
2123 4016 2412 4085 justiﬁest.

2501 4130 2708 4187 Salutio
2740 4132 3068 4203 objectionis.

2054 4264 2309 4337 Si,juxta
2348 4274 2495 4321 tuam
2527 4266 2945 4337 blasphemiam,
2968 4267 3205 4323 Verbum
3238 4266 3441 4323 dictum
3468 4277 3577 4333 est,

292 4366 529 4439 φημίαν,
552 4344 659 4434 οὐχ
684 4363 767 4416 ὅτι
812 4344 955 4416 κατὰ
993 4360 1154 4431 φύσιν
1189 4360 1349 4414 τοῦτό
1380 4344 1539 4414 ’ἐστιν
1570 4362 1635 4413 ἐκ
1667 4359 1874 4429 Πατρὸς

1988 4373 2088 4414 non
2121 4359 2264 4429 quod
2297 4359 2624 4414 naturaliter
2654 4360 2759 4415 hoc
2782 4352 2854 4415 Sit
2881 4375 2946 4415 ex
2983 4359 3145 4413 Patre
3174 4360 3495 4429 procedens,
3521 4368 3578 4415 et

292 4455 577 4530 προελθὼν
601 4494 616 4519 ,
643 4455 740 4508 καὶ
769 4454 870 4524 τῆς
895 4451 991 4506 τοῦ
1030 4452 1283 4516 τεκόντος
1315 4452 1503 4515 οὐσίας
1532 4450 1874 4520 ἐκφαντικὸς,

1988 4450 2251 4518 genitoris
2278 4451 2360 4504 sui
2396 4451 2696 4506 essentiam
2724 4450 3035 4516 declarans,
3072 4452 3167 4507 sed
3200 4454 3345 4521 quod
3392 4452 3576 4508 Patris

292 4545 411 4599 ἀλλ’
436 4544 518 4598 ὅτι
545 4542 638 4598 τὸν
658 4542 807 4614 παρὰ
835 4541 1049 4613 Πατρὸς
1073 4541 1312 4605 ἀκούσας
1359 4542 1537 4609 λόγον,
1566 4539 1874 4610 ἐξαγγέλλει

1988 4541 2207 4595 verbum
2240 4542 2491 4607 audiens,
2528 4542 2686 4598 nobis
2718 4542 2768 4597 id
2802 4544 3110 4609 annuntiet,
3141 4545 3369 4600 observa
3412 4545 3575 4599 etiam

295 4634 489 4688 τοῦτον
522 4634 602 4697 είς
639 4633 785 4703 ἡμᾶς
805 4646 819 4659 °
853 4632 1014 4701 τήρει
1054 4631 1149 4685 καὶ
1182 4632 1241 4683 ἐν
1269 4633 1384 4695 τοῖς
1422 4631 1602 4694 ἄλλοις
1630 4631 1729 4702 τὴν
1758 4632 1874 4700 ίσην

1988 4633 2040 4688 in
2072 4633 2194 4689 aliis
2227 4634 2473 4690 eamdem
2511 4636 2773 4690 rationem
2798 4643 2852 4690 et
2869 4637 3337 4706 consequentiam,
3364 4646 3422 4690 ut
3453 4652 3577 4706 gra-

295 4721 643 4785 ἀκολουοίαν,
685 4722 773 4775 ίνα
798 4720 893 4774 καὶ⁵
928 4721 1191 4791 μειζόνως
1225 4722 1633 4792 ἀσχημονήσῃς.
1669 4722 1732 4774 El
1770 4722 1874 4792 γὰρ

1988 4724 2107 4778 vius
2168 4728 2516 4795 apertiusque
2560 4726 2866 4795 delinquas.
2914 4722 3051 4779 Nam
3105 4727 3151 4781 si
3206 4726 3441 4782 Verbum
3491 4734 3579 4782 est

295 4816 474 4885 Λόγος
507 4815 653 4867 ἐστὶν
673 4854 691 4879 ,
737 4813 820 4866 ὅτι
865 4812 1024 4882 λόγον
1074 4812 1331 4883 ἀκήκοεν,
1382 4816 1676 4883 ἀναγκαῖον
1715 4815 1874 4867 elusit

1991 4818 2117 4889 quia
2150 4818 2376 4872 verbum
2419 4817 2645 4882 audivit,
2687 4818 3055 4873 necessarium
3092 4828 3173 4873 est
3197 4819 3361 4874 etiam
3402 4820 3578 4890 ipsum

296 4907 383 4962 ὅτι
416 4907 511 4960 καὶ
537 4900 850 4975 δικαωσῦνη
895 4904 991 4957 καὶ
1027 4903 1303 4975 ἁγιασμός
1345 4907 1515 4969 ἐστιν,
1565 4904 1641 4969 ὡς
1674 4905 1874 4959 δικαιο-

1989 4926 2113 4967 esse
2150 4911 2418 4979 justitiam
2461 4919 2513 4967 et
2570 4909 3061 4965 sanctiﬁcatiuncm
3098 4910 3224 4981 quia
3258 4912 3483 4981 iustitiae
3521 4922 3580 4968 et

298 4996 473 5068 σύνης
518 4996 613 5050 καὶ
660 4994 936 5065 ἁγιασμοῦ
986 4995 1237 5066 μέτοχος,
1287 4997 1382 5051 καὶ
1423 4998 1485 5051 οὐ
1534 4996 1677 5051 κατὰ
1722 4997 1874 5067 quieti

1988 5001 2440 5058 sanctiﬁcationis
2464 5009 2548 5056 est
2579 5002 2877 5072 particeps,
2907 5017 3013 5055 non
3041 5012 3222 5057 autem
3259 5002 3581 5061 naturaliter

296 5086 473 5143 ταῦτα
500 5085 778 5157 ὑπάρχων.
808 5085 891 5138 Τὰ
932 5086 989 5139 δὲ
1018 5086 1095 5157 μὴ
1128 5087 1271 5140 κατὰ
1310 5086 1472 5156 φύσιν
1507 5087 1783 5158 προσόντα
1812 5105 1874 5141 τι·

1988 5095 2038 5149 id
2067 5109 2210 5150 esse.
2247 5093 2379 5160 Quae
2404 5107 2534 5148 vero
2565 5107 2671 5147 non
2704 5094 3025 5148 naturaliter
3050 5093 3211 5148 alicui
3248 5094 3454 5158 insunt,
3483 5094 3578 5148 sed

298 5183 411 5248 alv,
441 5180 557 5235 ἀλλ’
588 5178 787 5247 ἔξωθεν
825 5181 1179 5249 ἐπιγεγονότα
1199 5223 1213 5246 ,
1269 5182 1465 5254 ῥαδίως
1496 5182 1874 5253 άποσυμδήσε·

1988 5185 2321 5239 extrinsecus
2346 5184 2628 5249 accidunt,
2654 5182 2815 5239 facile
2840 5186 3002 5239 etiam
3032 5195 3257 5253 possunt
3292 5200 3400 5239 non
3432 5186 3579 5239 acci-

297 5291 415 5329 ται.
455 5272 563 5327 Καί
610 5289 743 5326 ποτε
787 5272 1137 5343 δικαιοσύνης
1175 5274 1270 5327 καὶ
1329 5274 1605 5342 ἁγιασμοῦ
1647 5276 1874 5347 ἔρημος1

1988 5275 2130 5330 dere.
2156 5274 2422 5345 Atqueita
2457 5275 2770 5345 aliquando,
2792 5274 2951 5345 juxta
2977 5286 3214 5331 vestram
3238 5277 3577 5347 Opinionem,

297 5362 426 5419 καθ’
459 5364 626 5433 ὑμᾶς,
649 5365 680 5418 ό
708 5361 806 5416 τοῦ
832 5362 969 5416 Θεοῦ
1002 5363 1176 5431 Λόγος
1212 5367 1482 5431 φανεῖται,
1513 5366 1542 5418 ό
1569 5364 1763 5433 λέγων·
1785 5384 1802 5416 ι
1826 5365 1874 5418 '0

1988 5366 2190 5437 iustitia
2213 5376 2269 5421 et
2292 5365 2723 5422 sanctiﬁcatione
2772 5378 3007 5421 vacuum
3042 5368 3149 5422 erit
3176 5367 3269 5421 Dei
3303 5366 3571 5433 Verbum,

298 5452 563 5526 ἑωρακὼς
607 5452 749 5524 ἐμὲ,
794 5452 1010 5525 ἑώρακε
1069 5453 1163 5507 τὸν
1215 5454 1457 5526 Πατέρα.
1496 5474 1514 5507 ι
1564 5456 1874 5524 Φθανούσης

1988 5459 2129 5527 quod
2155 5458 2221 5513 de
2245 5473 2304 5514 se
2325 5458 2487 5513 dicit:
2514 5477 2533 5511 ι
2562 5458 2664 5524 Qui
2691 5452 2830 5513 vidit'
2851 5473 2958 5524 me,
2983 5459 3187 5514 viditet
3215 5458 3433 5515 Patrem
3459 5459 3523 5514 δ’.
3554 5479 3576 5512 ι

298 5544 591 5617 τοιγαροῦν
656 5547 755 5600 καὶ
809 5548 889 5610 είς
945 5545 1109 5599 αὐτὸν
1172 5546 1271 5618 ἠδη
1329 5547 1423 5601 τὸν
1493 5548 1715 5619 Πατέρα
1782 5552 1874 5619 τῆς

1988 5547 2121 5603 Cum
2159 5549 2322 5619 igitur
2347 5548 2415 5603 ad
2444 5547 2664 5606 Patrem
2695 5550 2873 5621 ipsum
2899 5550 3014 5606 haec
3043 5550 3377 5619 blasphemia
3406 5552 3583 5621 perti-

299 5638 647 5710 δυσφημίας,
685 5638 1053 5709 παραιτητέον
1090 5635 1199 5691 τῶν
1241 5639 1630 5711 χριστομάχων
1658 5640 1758 5710 τὴν
1784 5659 1874 5695 κα-

1988 5650 2133 5705 neat,
2167 5640 2482 5695 detestanda
2525 5642 2720 5700 merito
2750 5650 2835 5711 est
2880 5642 2997 5700 haec
3051 5642 3307 5697 immanis
3342 5642 3581 5699 hostium

302 5728 534 5785 ποόνοιαν.

1988 5732 2184 5788 Christi
2208 5735 2555 5804 perversitas.

338 5907 385 5940 "
414 5908 550 5967 Psal.
592 5922 786 5975 Lxxst,
820 5906 884 5975 6;
914 5905 1069 5962 Joan.
1106 5923 1157 5976 ι,
1190 5908 1277 5962 54.
1356 5910 1401 5941 ⁸⁸
1431 5908 1587 5966 Joan.
1621 5927 1727 5978 XIV,
1760 5911 1813 5968 6.
1893 5912 1934 5943 ⁸⁷
1965 5910 2118 5967 Joan.
2154 5927 2261 5976 xw,
2294 5913 2348 5969 9.
