3968 6478
502 447 602 506 327
1508 439 1571 492 S.
1615 433 1890 492 CYRILLI
1926 428 2389 487 ALEXANDRINI
2430 429 2744 485 ARCillEP.
3613 429 3726 486 διε

1162 555 1388 613 ALIUD.
2089 558 2133 611 Λ

2089 558 2133 611 Λ
2833 546 3033 600 ΑΛΛΟ.

562 676 642 731 Ne
669 674 842 730 sacris
878 671 1173 743 Scripturis
1227 670 1395 741 legem
1425 669 1709 738 imponas,
1747 666 1999 721 haeretica
2041 683 2052 717 :

2229 664 2340 718 Οὐκ
2368 662 2865 733 ἐπινομοθετήσεις,
2913 652 2958 713 ὦ
3005 657 3358 729 χριστομάχι,
3394 659 3508 722 ταῖς
3546 655 3726 721 θείαις

494 782 649 821 nemo
682 756 810 820 vero
843 765 912 818 ita
961 771 1151 818 emota:
1184 762 1378 816 mentis
1415 758 1540 824 erit,
1574 767 1634 811 ut
1669 772 1790 812 cum
1828 754 2059 825 Spiritus

2162 757 2404 828 Γραφατς
2424 770 2438 786 ο
2487 753 2594 808 οὐδ’
2624 754 2690 807 ἂν
2716 750 2927 822 γένοιτό
2964 768 3048 813 τις
3078 749 3296 821 ἔκφρων
3334 747 3605 811 τοσοῦτον,
3643 748 3728 811 ὡς

492 865 715 913 sanctus
765 855 866 911 alia
914 852 1167 925 pradicet
1210 849 1277 905 de
1324 846 1494 913 Filio,
1548 846 1658 901 tuis
1710 845 2059 899 cavillatoriis

2160 848 2321 920 ἕτερα
2353 847 2603 916 λέγοντος
2629 844 2722 899 τοῦ
2754 844 2900 899 θείου
2936 842 3249 913 Πνεῦματος
3280 837 3406 911 περὶ
3437 838 3531 895 τοῦ
3563 838 3727 901 Υἱοῦ,

489 926 918 1017 expositionibus
939 941 1115 1012 potius
1144 952 1302 1008 quam
1334 936 1408 991 illi
1440 936 1597 990 iidem
1626 933 1892 989 adhibeat.
1930 932 2055 1001 Spi-

2161 941 2268 1002 τοῖς
2301 940 2409 1002 σοτς
2453 935 2733 991 πείθεσθαι
2760 935 2931 999 νόθοις
2957 934 3253 1004 σοφίσμασι
3280 931 3497 1002 μᾶλλον,
3517 931 3613 984 καὶ
3644 929 3728 1001 μὴ

490 1038 629 1092 ritus
678 1037 842 1106 igitur
883 1040 1102 1087 sanctus
1138 1027 1367 1099 appellat
1414 1027 1610 1083 Filium
1662 1023 1889 1079 Verbum
1938 1042 1951 1076 :
2000 1032 2052 1076 tu

2160 1029 2347 1100 ἐκείνῳ
2393 1028 2705 1100 προσέχειν.
2769 1027 2940 1095 Λόγον
2985 1022 3273 1096 τοιγαροῦν
3325 1023 3575 1092 ὀνομάζει
3626 1021 3727 1074 τδν

488 1140 620 1183 vero
654 1141 756 1180 non
800 1124 1051 1187 Verbum,
1084 1122 1177 1175 sed
1204 1118 1364 1173 Verbi
1396 1116 1709 1187 participem
1742 1128 1863 1170 eum
1896 1113 2051 1169 facis.

2157 1118 2284 1172 Υίδν
2316 1118 2377 1171 τδ
2406 1118 2629 1188 Πνεῦμα
2652 1117 2714 1171 τδ
2737 1116 2891 1185 ἅγιον
2910 1130 2924 1145 ·
2968 1113 3128 1178 αὐτὸς
3159 1114 3215 1167 δέ
3248 1113 3305 1166 οὐ
3332 1113 3499 1180 Λόγον
3529 1111 3724 1181 εἰσφέ-

486 1215 620 1271 Nam
668 1218 712 1271 si
757 1215 957 1270 idcirco
986 1213 1157 1285 ipsum
1192 1209 1325 1265 dicis
1356 1218 1603 1263 vocatum
1640 1204 1896 1271 Verbum,
1926 1204 2050 1273 quia

2162 1226 2291 1279 PE‘C.
2319 1208 2456 1262 ἀλλά
2494 1209 2668 1275 Λόγου
2703 1207 2947 1277 μέτοχον.
2976 1206 3040 1259 El
3070 1204 3179 1274 γὰρ
3208 1204 3297 1258 διὰ
3320 1202 3477 1257 τοῦτο
3520 1202 3729 1272 κεκλῆ-

487 1309 539 1364 id
572 1309 712 1378 quod
767 1307 914 1361 audit
954 1320 981 1358 a
1029 1303 1208 1368 Patre,
1253 1300 1406 1355 nobis
1451 1298 1755 1362 annuntiat,
1786 1296 2052 1365 quomodo

2159 1298 2277 1352 σθαι
2326 1298 2429 1368 φὴς
2478 1299 2639 1351 αὑτὸν
2688 1298 2880 1366 Λόγον,
2935 1297 3232 1367 ἐπειδήπερ
3280 1295 3436 1361 λόγον
3477 1292 3726 1355 ἀκούσας

486 1414 591 1454 non
615 1400 847 1453 delirare
875 1392 1187 1452 censearis?
1212 1392 1310 1457 Qui
1343 1390 1486 1444 enim
1515 1389 1635 1443 talis
1667 1396 1767 1453 est,
1803 1402 1905 1443 non
1933 1401 2050 1439 am-

2157 1385 2303 1457 παρὰ
2333 1385 2427 1440 τοῦ
2458 1387 2689 1458 Πατρὸς,
2725 1387 2911 1440 τοῦτον
2954 1388 3032 1450 εἰς
3061 1388 3209 1457 ἡμᾶς
3250 1385 3551 1457 ἐξήγγειλε,
3597 1382 3724 1446 πιῖις

482 1489 623 1559 plius
654 1486 909 1552 Verbum,
939 1486 1032 1540 sed
1071 1483 1226 1538 Verbi
1251 1482 1517 1552 particeps
1552 1490 1633 1534 est
1660 1498 1671 1532 :
1714 1493 1883 1547 neque
1904 1478 2049 1532 enim

2157 1479 2250 1548 οὐχ
2275 1477 2550 1549 εὑρεθήσῃ
2580 1478 2760 1547 ληρῶν
2781 1478 2874 1545 ;'0
2892 1478 3001 1549 γὰρ
3032 1477 3273 1540 τοιοῦτος
3319 1476 3501 1531 οὐκέτι
3542 1473 3724 1542 Λόγος

487 1580 627 1633 idem
656 1593 751 1648 per
779 1592 838 1631 se
863 1576 1022 1636 fuerit
1048 1575 1315 1644 particeps
1342 1580 1394 1628 ct
1425 1570 1822 1639 participatum.
1858 1569 2051 1622 Exemo

2157 1572 2319 1633 ἐστὶν,
2368 1570 2507 1623 ἀλλὰ
2547 1570 2720 1638 Λόγου
2770 1569 3022 1640 μέτοχος*
3064 1568 3124 1620 οὐ
3166 1566 3274 1638 γὰρ
3306 1567 3371 1622 ἂν
3404 1566 3489 1637 εῐη
3519 1561 3724 1635 ταυτὸν

482 1670 555 1739 pIi
606 1670 800 1739 gratia,
858 1669 1001 1722 aliud
1051 1677 1134 1721 est
1176 1664 1459 1733 sapientia,
1512 1662 1654 1716 aliud
1698 1662 1913 1729 sapiens
1958 1661 2048 1728 qui

2150 1660 2226 1725 ὡς
2256 1662 2391 1733 πρὸς
2425 1662 2581 1715 ἐαυτδ
2612 1662 2674 1714 τὸ
2727 1662 2950 1732 μέτοχόν
2995 1676 3140 1723 τινος
3191 1660 3284 1715 καὶ
3337 1658 3717 1730 μετεχόμενον.

481 1760 759 1832 sapientia:
806 1760 1073 1830 particeps
1121 1766 1233 1821 est;
1289 1755 1436 1810 aliud
1489 1747 1865 1824 grammatica,
1904 1751 2047 1807 aliud

2155 1752 2275 1809 Οἷον
2322 1757 2455 1827 φέρε
2486 1758 2681 1820 εἰπεῖν,
2729 1755 2761 1825 ὴ
2798 1753 2961 1823 σοφία
2997 1753 3132 1823 πρὸς
3160 1752 3249 1804 τὸν
3280 1751 3440 1819 σοφὸν
3466 1749 3557 1802 τὸν
3588 1765 3722 1819 μετ-

481 1851 867 1919 grammaticus
898 1863 913 1901 :
962 1848 1190 1904 alterum
1226 1850 1368 1901 enim
1400 1856 1485 1900 est
1518 1860 1603 1900 res
1639 1846 1775 1912 ipsa,
1819 1844 2046 1899 alterum

2151 1846 2341 1916 έχοντα
2384 1845 2551 1915 αὐτῆς
2576 1886 2589 1909 ,
2625 1844 2745 1897 οὐδὲ
2773 1846 2806 1913 ἡ
2845 1842 3205 1915 γραμματικὴ
3239 1840 3376 1911 πρὸς
3412 1838 3501 1893 τὸν
3530 1854 3718 1908 γραμ-

478 1940 570 2010 qui
610 1939 686 1994 rei
729 1938 867 1994 illius
900 1939 1174 2009 particeps
1208 1946 1313 1992 est.
1346 1935 1720 1991 Necessarium
1755 1934 1917 2004 igitur
1944 1942 2045 1999 est,

2157 1936 2381 2016 ματικδν
2412 1936 2502 2004 τὸν
2527 1935 2824 2006 μετέχοντα
2847 1933 3271 2004 αὑτῆς.Ἔτερον
3286 1931 3392 2001 γάρ
3416 1948 3468 1983 τι
3487 1932 3724 1999 πρᾶγμα

477 2040 573 2085 aut
597 2029 831 2085 Verbum
878 2042 1005 2083 esse
1050 2029 1231 2091 fateri,
1263 2038 1318 2082 ct
1363 2042 1467 2081 non
1506 2026 1663 2081 Verbi
1691 2026 2003 2094 participem
2035 2044 2044 2079 :

2155 2028 2243 2080 καὶ
2273 2027 2458 2097 ἕτερόν
2488 2028 2654 2079 ἐστιν.
2697 2025 2933 2095 ’Δνάγκη
2961 2024 3139 2082 τοίνυν
3167 2022 3200 2095 ἢ
3232 2022 3402 2089 Λόγον
3435 2019 3722 2089 ὁμολογεῖν

478 2130 575 2174 aut
600 2122 646 2175 si
674 2120 944 2189 particeps
969 2130 1051 2175 ost
1086 2120 1269 2183 Verbi.
1301 2134 1404 2175 non
1436 2119 1539 2186 iam
1576 2116 1807 2174 Verbum
1836 2130 2045 2171 vocare.

2154 2117 2245 2171 καὶ
2273 2118 2333 2169 οὺ
2361 2117 2533 2185 Λόγου
2575 2116 2831 2188 μέτοχον·
2867 2114 2899 2187 ἢ
2935 2116 2982 2169 εί
3022 2114 3237 2186 μετέχει
3271 2112 3442 2181 Λόγου
3463 2152 3478 2177 ,
3518 2110 3721 2181 μηκέτι

478 2209 611 2264 Nam
642 2220 929 2278 utrumque
972 2209 1133 2264 simul
1175 2218 1416 2277 respectu
1460 2208 1544 2263 sui
1590 2208 1761 2276 ipsius
1788 2220 1907 2261 esse
1944 2221 2045 2260 non

2157 2210 2321 2276 Λόγον
2364 2208 2670 2277 ὀνομάζειν.
2728 2208 2965 2277 ’Δναιριτ
3004 2205 3113 2277 γὰρ
3157 2204 3314 2257 τοῦτο
3358 2204 3550 2255 ἐκεῖνο.
3607 2200 3724 2253 Καὶ

476 2309 672 2371 potest.
732 2300 999 2369 Planeque
1054 2313 1272 2353 necesse
1332 2309 1434 2360 est,
1492 2308 1549 2352 ut
1595 2298 1761 2352 Filius
1819 2298 2043 2351 alterum

2156 2298 2337 2365 ἐκείνῳ
2367 2297 2525 2350 τοῦτο
2560 2297 2812 2368 μάχεται,
2866 2298 2956 2352 καὶ
2982 2295 3062 2348 δεῖ
3089 2294 3305 2356 πάντως
3337 2292 3394 2345 ἐν
3418 2309 3470 2343 τι
3500 2290 3611 2343 τῶν
3644 2291 3723 2341 εἱ-

476 2393 667 2447 borum
700 2392 771 2446 sit
817 2408 832 2445 :
861 2396 1151 2459 utrumque
1182 2403 1309 2444 vero
1350 2402 1708 2457 nequaquam.
1752 2386 1889 2442 Cum
1921 2400 2043 2441 vero

2153 2389 2402 2459 ρημὲνων
2446 2389 2713 2459 ὑπάρχειν
2739 2388 2830 2441 τὸν
2860 2386 2986 2445 Υἱόν
3009 2403 3021 2416 ’
3050 2384 3334 2456 ἀμφότερα
3361 2383 3416 2436 δὲ
3441 2381 3718 2452 οὐδαμῶς.

473 2482 657 2536 divina
700 2480 979 2548 Scriptura
1018 2480 1187 2550 ipsum
1239 2478 1469 2550 appellet
1515 2478 1785 2545 Verbum,
1830 2466 2040 2532 valeant

2153 2480 2321 2547 Λόγον
2350 2478 2405 2531 δὲ
2437 2475 2599 2531 αὐτὸν
2626 2476 3000 2550 όνομαζούσης
3029 2478 3126 2545 τῆς
3160 2475 3310 2538 θείας
3343 2474 3589 2545 Γραφῆς,
3621 2474 3720 2543 ἐρ-

478 2571 561 2625 illi
602 2573 692 2640 qui
730 2572 901 2641 ipsum
945 2585 1051 2625 non
1092 2569 1353 2633 Verbum,
1384 2569 1477 2623 sed
1528 2569 1684 2623 Verbi
1731 2570 2043 2637 participem

2152 2566 2353 2636 ρὦθαι
2378 2567 2677 2638 φράσωμεν
2701 2567 2923 2631 εἰκότως
2950 2569 3062 2629 τοῖς
3090 2567 3433 2636 εἰσφέρουσιν
3467 2563 3632 2618 αὑτὸν
3656 2563 3719 2615 οὐ

472 2676 599 2718 esse
634 2663 840 2718 volunt.

2145 2660 2339 2730 Λόγον,
2372 2660 2509 2714 ἀλλὰ
2533 2660 2704 2730 Λόγου
2735 2660 2979 2731 μέτοχον.

827 2786 1403 2887 ASSEBTIO
1475 2789 1687 2875 XX.

1642 2847 1687 2873 ..
2650 2781 3015 2868 ΛΟΓΟΣ
3089 2779 3209 2865 Κ’.

478 2935 636 3008 194
678 2935 770 3009 ιιι-
788 2934 927 3009 illud
952 2950 977 3009 :_
1010 2952 1029 2987 ι
1055 2933 1316 3009 Sustinuit
1349 2948 1556 3009 crucem
1583 2932 1875 3009 igrtominia
1918 2948 2042 3009 ςοιι-

2148 2934 2246 2998 Εις
2274 2935 2365 3009 τὸ,
2396 2954 2415 2987 ι
2458 2936 2753 3009 Ὗζπέμεινε
2783 2939 3047 3009 σταυρὸν
3082 2940 3381 3009 αἰσχύνης
3420 2950 3715 3009 καταφροτ

543 3002 731 3074 Tempta
760 3004 829 3068 “,
876 3005 1069 3075 idcirco
1093 3014 1142 3057 et
1167 3003 1307 3060 Deus
1332 3002 1576 3061 exultavit
1610 3002 1779 3075 illum,
1821 3012 1866 3055 et
1897 3003 2041 3056 dedit

2212 3004 2442 3075 νήσας,
2484 3002 2713 3061 διὸ’καὶ
2750 3011 2782 3063 ό
2815 3002 2955 3075 Geor}
2983 3009 3168 3063 αὑτὸν
3191 3002 3579 3075 {impoti-ws,
3613 3004 3716 3056 καὶ

544 3075 593 3128 ei
624 3068 830 3136 nomen,
861 3072 999 3148 quod
1026 3082 1101 3126 est
1123 3088 1279 3140 super
1306 3087 1454 3126 omne
1476 3086 1659 3125 nomen
1686 3068 1752 3122 “.
1788 3088 1805 3121 ι

2214 3068 2532 3143 ἐχαρίσατο
2553 3078 2712 3143 αὐτῷ
2737 3078 2805 3131 τὸ
2832 3068 3017 3148 ὄνομα
3046 3079 3110 3133 τὸ
3138 3078 3290 3145 ὑπὲρ
3309 3068 3446 3131 ’πᾶν
3466 3074 3673 3143 ὄνομα.
3690 3092 3707 3124 ι

927 3182 1157 3253 Objectio
1201 3182 1581 3237 hereticorum.
2065 3213 2106 3270 ο
2384 3187 2494 3245 Ἆγι

2065 3213 2106 3270 C
2384 3187 2700 3255 Ἄντίθεσις
2728 3191 2808 3256 ὡς
2826 3191 2894 3245 ἐκ
2926 3189 3043 3245 τῶν
3067 3191 3141 3245 δι’
3176 3188 3473 3256 ἐναντίας.

542 3293 817 3365 Scriptum
850 3302 952 3360 est,
987 3293 1242 3363 inquiunt
1271 3310 1284 3345 :
1324 3292 1345 3344 ι
1372 3292 1613 3361 Cogitate
1639 3292 1743 3348 hoc
1769 3292 1959 3363 singuli
1986 3293 2036 3347 in

2218 3292 2566 3367 Γέγραπται,
2602 3299 2793 3367 φασίνο
2832 3321 2851 3351 ι
2873 3300 3131 3354 Ἕκαστοι
3163 3299 3322 3353 τοῦτο
3369 3296 3611 3368 φρονεῖτε
3650 3294 3712 3347 ἐν

474 3382 645 3447 vobis,
678 3381 890 3448 fratres,
909 3382 1047 3450 quod
1064 3389 1118 3435 et
1148 3380 1200 3435 in
1230 3378 1448 3436 Christo
1468 3379 1611 3446 Jesu,
1634 3381 1723 3450 qui
1748 3396 1867 3435 cum
1897 3392 2039 3438 esset

2148 3386 2294 3455 ὑμῖν,
2336 3388 2365 3440 ὃ
2400 3391 2491 3442 καὶ
2534 3393 2590 3444 ἐν
2622 3391 2842 3464 Χριστῷ
2900 3391 3106 3462 Ἰησοῦ,
3152 3391 3210 3455 ὃς
3250 3393 3308 3443 ἐν
3361 3391 3540 3459 μορφῇ
3570 3385 3711 3439 Θεοῦ

476 3472 530 3527 in
565 3471 734 3525 forma
773 3468 886 3533 Dei,
925 3485 1027 3523 non
1070 3471 1309 3539 rapinam
1357 3471 1654 3526 arbitratus
1698 3480 1782 3526 est
1816 3487 1876 3526 se
1917 3488 2040 3528 esse

2146 3478 2428 3549 ὑπάρχων,
2456 3482 2551 3551 οὐχ
2580 3483 2871 3553 ἁρπαγμὸν
2904 3484 3148 3554 ἡγήσατο
3167 3482 3227 3534 τὸ
3254 3479 3393 3533 εἶναι
3421 3481 3509 3532 ῐσα
3531 3477 3705 3546 Θεῷ-ι

474 3561 730 3631 aqualem
760 3560 903 3623 Deo;
941 3579 958 3611 ι
991 3574 1160 3627 usque
1190 3575 1253 3615 eo
1280 3576 1295 3613 :
1331 3579 1349 3611 ι
1378 3559 1501 3615 ideo
1526 3570 1583 3615 et
1618 3562 1755 3618 Deus
1784 3562 2041 3619 exultavit

2145 3568 2248 3632 ἕως
2300 3570 2416 3635 τοῦ,
2472 3588 2493 3623 ι
2521 3574 2611 3627 Διὸ
2644 3575 2739 3627 καὶ¹
2781 3576 2810 3626 ό
2850 3573 2980 3637 Θεὸς
3011 3573 3175 3627 αὐτὸν
3210 3569 3568 3641 ὑπερύψωσε,
3612 3570 3712 3620 καὶ

472 3652 644 3715 illum,
673 3662 727 3705 et
754 3651 899 3705 dedit
939 3652 987 3705 ei
1033 3652 1227 3706 nomen
1267 3650 1409 3719 quod
1440 3661 1523 3706 est
1558 3666 1717 3721 super
1753 3668 1912 3713 omne
1942 3668 2039 3707 no-

2143 3658 2433 3730 ὲχαρίσατο
2487 3662 2635 3733 αὑτῷ
2685 3664 2855 3734 ὄνομα
2905 3663 2967 3717 τὸ
3012 3664 3152 3735 ὺπέρ
3204 3665 3309 3717 πᾶν
3352 3662 3541 3732 ὄνομα.
3578 3678 3596 3711 ι
3638 3660 3710 3711 Εἰ

472 3760 594 3800 men
613 3745 681 3797 '°.
704 3761 721 3796 ι
748 3744 803 3798 Si
832 3758 959 3813 ergo
981 3744 1247 3799 exaltatus
1270 3751 1354 3797 est
1382 3759 1412 3797 a
1445 3742 1577 3809 Deo,
1605 3751 1659 3799 et
1683 3743 2035 3814 gloriﬁcatus,

2146 3753 2320 3807 τοίνυν
2347 3753 2534 3825 ὑψώθη
2568 3755 2717 3826 παρὰ
2737 3755 2831 3811 τοῦ
2858 3755 3015 3819 Θεοῦ,
3048 3758 3143 3810 καὶ
3174 3752 3432 3822 ἐδοξάσθη
3455 3793 3470 3818 ,
3504 3750 3597 3805 καὶ
3633 3750 3713 3814 ὡς

471 3849 537 3889 ac
564 3833 723 3887 veluti
779 3849 873 3903 per
915 3835 1142 3903 gratiam
1190 3834 1393 3901 accepit
1426 3848 1616 3888 nomen
1668 3848 1829 3902 super
1872 3848 2036 3890 omne

2145 3843 2202 3896 ἐν
2252 3844 2591 3915 χαρίσματος
2629 3846 2783 3917 μέρει
2829 3847 2955 3917 ἔσχε
3004 3846 3065 3899 τὸ
3110 3846 3277 3916 δνομα
3313 3843 3374 3897 τὸ
3415 3841 3555 3913 ὺπέρ
3596 3841 3712 3893 πᾶν

472 3938 692 3987 nomen,
721 3923 846 3992 quia
892 3923 1191 3977 humiliavit
1217 3925 1450 3992 seipsum
1473 3938 1641 3991 usque
1677 3923 1743 3977 ad
1777 3933 2033 3978 mortem:

2145 3932 2331 4004 δνομα,
2380 3936 2461 3987 ὅτι
2506 3936 2866 3990 ἐταπείνωσεν
2898 3937 3091 3991 ἑαυτὸν
3127 3937 3285 4007 μέχρι
3314 3933 3544 3987 θανάτου
3566 3970 3580 3993 ,
3618 3949 3712 4000 μι-

470 4026 600 4081 ergo
630 4014 888 4065 honorem
916 4012 1055 4066 hunc
1074 4023 1129 4068 et
1151 4028 1341 4067 nomen
1360 4026 1519 4081 super
1534 4013 1713 4067 omnia
1738 4014 2035 4067 mercedem

2143 4023 2267 4077 σθὸν
2292 4024 2405 4095 ἔχει
2438 4025 2537 4095 τῆς
2562 4026 2941 4090 ταπεινώσεως
2980 4026 3080 4093 τὴν
3116 4024 3278 4095 τιμὴν
3316 4023 3410 4076 καὶ
3447 4023 3506 4074 τὸ
3535 4021 3709 4090 ὄνομα

473 4117 586 4157 suae
615 4102 937 4157 humilitatis
962 4104 1189 4171 accepit,
1226 4119 1329 4157 non
1365 4114 1557 4158 natura
1602 4105 1870 4157 exsistens
1898 4103 2037 4159 Deus

2141 4112 2199 4165 τδ
2245 4115 2386 4185 ὑπὲρ
2427 4118 2636 4171 πάνταο
2677 4117 2737 4170 οὑ
2767 4116 2927 4183 φύσει
2974 4116 3105 4179 Θεδς
3133 4114 3208 4168 ὣν
3245 4115 3277 4185 ἢ
3320 4114 3467 4177 Υἱὸς,
3496 4111 3609 4165 ἀλλ’
3639 4113 3708 4163 ἐκ

471 4199 565 4244 aut
594 4189 781 4255 Filius,
827 4191 919 4245 sed
966 4192 1275 4247 accessione
1306 4194 1538 4263 quadam
1587 4194 1640 4247 id
1684 4191 1924 4249 effectus.
1981 4194 2035 4248 ld

2139 4203 2458 4275 προσθήκης
2486 4204 2658 4258 ταῦτα
2690 4206 3002 4277 γενόμενος.
3049 4205 3121 4258 Tb
3154 4206 3209 4258 δέ
3245 4204 3559 4276 προσθήκης
3584 4202 3704 4255 δεό-

469 4295 601 4337 vero
627 4282 769 4350 quod
798 4282 1096 4351 adiectione
1126 4284 1303 4354 aliqua
1336 4294 1475 4353 eget,
1519 4281 1894 4353 imperfectum
1931 4293 2033 4349 est,

2143 4308 2321 4361 μενον,
2356 4294 2542 4357 ἀτελὲς
2572 4294 2638 4347 ἂν
2671 4294 2756 4365 είη
2804 4298 2898 4349 καὶ
2940 4290 3156 4358 ἐλλιπὲς
3202 4295 3325 4349 ὅσον
3363 4296 3443 4357 είς
3490 4296 3592 4363 τὴν
3618 4294 3705 4347 ol-

471 4384 647 4440 neque
677 4372 730 4424 in
764 4386 861 4424 sua
890 4382 1080 4427 natura
1114 4368 1411 4431 abSolutum
1443 4385 1607 4445 atque
1644 4376 1951 4444 integrum;
1982 4387 2037 4432 et

2139 4384 2293 4439 κείαν
2316 4384 2492 4453 φύσιν.
2518 4388 2629 4439 Καὶ
2648 4388 2708 4441 sb
2738 4387 3038 4459 ὑψούμενόν
3069 4404 3192 4453 που,
3214 4387 3458 4442 κάτωθεν
3484 4386 3706 4457 ἀνάγκη

473 4460 614 4529 quod
643 4469 937 4514 exaltatum
973 4463 1260 4530 aliquando
1295 4465 1411 4531 fuit,
1442 4480 1662 4520 necesse
1687 4477 1771 4521 est
1798 4481 1862 4521 cx
1894 4469 2033 4522 infe-

2141 4473 2275 4543 πρὸς
2308 4473 2462 4526 τοῦτο
2496 4475 2818 4545 ἐπαίρεσθαι
2840 4492 2852 4504 °
2886 4477 3062 4532 καὶτὸ
3091 4478 3250 4548 χάριν
3278 4476 3561 4546 δεχόμενον
3592 4474 3708 4530 δεῖ·

472 4550 616 4603 riore
642 4560 783 4604 statu
815 4565 879 4604 eo
904 4552 1172 4607 sublatum
1200 4569 1316 4608 esse
1349 4573 1363 4608 :
1395 4565 1449 4610 et
1474 4556 1614 4624 quod
1638 4558 1864 4624 gratiam
1893 4560 2038 4614 acci-

2146 4562 2263 4616 σθαι
2291 4561 2395 4634 χρὴ
2426 4563 2644 4629 πάντως
2675 4560 2736 4619 οὗ
2775 4568 3020 4637 δέχεται·
3070 4568 3165 4621 καὶ
3214 4568 3275 4619 τὸ
3314 4564 3574 4635 τιμᾶσθαι
3603 4564 3707 4636 ζη-

470 4640 572 4712 pit,
616 4654 677 4693 ea
732 4642 949 4694 omnino
998 4643 1235 4713 indigeat
1282 4661 1297 4698 :
1343 4656 1396 4698 et
1429 4647 1518 4713 qui
1569 4648 1821 4701 honorari
1871 4651 2037 4719 cupit,

2140 4654 2280 4719 τοῦν,
2306 4656 2404 4729 οὐκ
2431 4652 2571 4712 εἶναι
2608 4656 2847 4711 τοιοῦτον
2876 4659 3087 4729 ἀνάγκη
3116 4658 3311 4726 λέγειν,
3338 4658 3472 4727 ὅπερ
3499 4656 3562 4726 δὴ
3604 4657 3706 4709 καὶ

468 4738 681 4797 Oportet
717 4740 777 4784 ut
822 4732 943 4785 talis
987 4748 1093 4786 non
1129 4734 1309 4799 luerit,
1356 4736 1527 4804 qualis
1555 4752 1672 4791 esse
1697 4740 1935 4807 optabat.
1981 4740 2035 4794 Si

2138 4744 2385 4809 γενέσθαι
2434 4746 2699 4816 βούλεται.
2740 4746 2801 4798 Et
2828 4742 2919 4799 οὖν
2953 4746 3213 4817 ἐχαρίσθη
3243 4746 3390 4815 αὐτῷ
3432 4746 3492 4797 τὸ
3529 4744 3704 4813 ὄνομα

471 4833 602 4887 ergo
632 4821 811 4874 datum
848 4831 929 4875 est
958 4822 1032 4877 illi
1061 4839 1253 4878 nomen
1284 4840 1443 4894 super
1464 4841 1623 4881 omne
1650 4842 1861 4894 nomen,
1890 4839 2037 4884 certe

2140 4833 2199 4885 τὸ
2225 4834 2364 4905 ὑπὲρ
2393 4838 2501 4889 πᾶν
2529 4837 2723 4907 ὄνομα,
2763 4836 2921 4906 φύσει
2951 4837 3049 4907 μὲν
3076 4836 3234 4891 τοῦτο
3258 4836 3356 4888 οὐκ
3384 4831 3471 4906 ἦν,
3503 4835 3704 4903 γέγονε

470 4925 535 4965 cx
570 4919 757 4967 natura
784 4926 878 4963 sua
910 4912 1010 4966 hoc
1045 4929 1147 4967 non
1173 4924 1310 4979 erat,
1356 4918 1447 4970 sed
1478 4918 1758 4986 postmodo
1785 4934 1880 4987 per
1911 4935 2034 4988 gra-

2138 4923 2193 4976 δὲ
2228 4925 2454 4996 ὕστερον
2484 4927 2623 4981 κατὰ
2673 4928 2833 4998 χάριν
2858 4943 2872 4958 ⁸
2906 4926 2967 4980 τὸ
3008 4928 3065 4980 δὲ
3102 4927 3274 4991 οὕτως
3304 4926 3447 4996 ἔχον,
3487 4926 3585 4979 οὐκ
3628 4925 3704 4981 ἂν

473 5001 600 5058 tiam
629 5000 733 5055 boe
766 5001 939 5057 {actus
971 5013 1071 5057 est.
1116 5005 1267 5070 Quod
1310 5022 1434 5060 vero
1469 5008 1540 5061 ita
1583 5022 1641 5063 se
1676 5008 1854 5075 habet,
1889 5008 2029 5065 Deus

1343 5022 1434 5060 ero
1469 5008 1540 5061 ita
1583 5022 1641 5063 se
1676 5008 1854 5075 habet,
1889 5008 2029 5065 Deus
2136 5014 2221 5086 εἴη
2249 5015 2410 5079 Θεὸς,
2439 5016 2749 5086 πρόσφατον
2782 5018 2908 5088 γάρ.

469 5105 592 5146 esse
626 5107 728 5145 non
769 5102 979 5161 potest:
1015 5109 1203 5149 recens
1229 5096 1370 5149 enim
1401 5106 1505 5152 est.

776 5200 952 5257 Brevis
981 5203 1135 5272 hujus
1174 5204 1479 5273 objectionis
1511 5208 1720 5262 solutio.
2242 5219 2343 5285 Πρι

2242 5216 2397 5285 Πρὸς
2438 5217 2619 5271 ταῦτα
2648 5219 2829 5284 λύσις
2864 5214 3087 5287 ἐφεξῆς
3116 5216 3195 5282 ὡς
3221 5217 3290 5270 ἐν
3320 5213 3588 5285 ἐπιτομῇ.

537 5310 850 5376 Qualisnam
892 5328 1016 5368 vero
1049 5316 1287 5371 accessio
1327 5317 1547 5374 honoris
1586 5319 1638 5374 in
1669 5334 1734 5375 eo
1774 5321 1913 5378 facta
1946 5334 2029 5380 est

2204 5329 2315 5392 Καὶ
2346 5328 2471 5382 ποία
2496 5329 2684 5399 γέγονε
2711 5331 2996 5401 προσθήκη
3022 5330 3185 5400 τιμῆς
3217 5328 3293 5399 τῷ
3316 5329 3372 5379 ἐν
3394 5330 3573 5399 μορφῇ
3600 5328 3705 5399 μὲν

468 5404 560 5473 qui
591 5418 709 5457 cum
734 5414 876 5458 esset
909 5406 960 5457 in
994 5404 1163 5459 forma
1207 5408 1317 5471 Dei,
1361 5410 1500 5463 servi
1538 5410 1764 5466 formam
1815 5414 2027 5470 induit?

2139 5417 2431 5488 ὑπάρχοντι
2456 5418 2612 5483 Θεοῦ,
2641 5419 2985 5489 ἐνδυσαμένῳ
3009 5419 3066 5472 δὲ
3099 5419 3197 5489 τὴν
3223 5417 3316 5470 τοῦ
3350 5416 3537 5470 δούλου
3565 5433 3706 5488 μορ-

469 5496 538 5549 Λι
565 5498 835 5564 quomodo
864 5511 968 5551 non
988 5498 1166 5565 potius
1188 5497 1488 5556 imminutio
1515 5503 1737 5558 dicenda
1765 5514 1867 5570 est,
1903 5521 2024 5561 cum

2139 5507 2271 5576 φήν;
2302 5508 2424 5573 Πῶς
2451 5510 2508 5563 δέ
2534 5510 2732 5580 μᾶλλον
2761 5511 2859 5564 οὐκ
2881 5508 3221 5580 ήλαττῶσθαι
3250 5507 3447 5574 δόξειεν
3471 5507 3557 5569 ἂν,
3578 5507 3607 5559 ό
3636 5508 3706 5561 τὸ

471 5582 655 5638 relicto
709 5584 929 5653 majore,
985 5584 1035 5639 id
1089 5588 1229 5655 quod
1278 5589 1454 5645 minus
1507 5602 1591 5647 est
1636 5596 2026 5665 assumpserit?

2138 5598 2315 5665 μεῖξον
2365 5601 2524 5668 ἀφεὶς
2559 5601 2653 5655 καὶ
2700 5600 2761 5654 rb
2812 5602 3029 5655 ἔλαττον
3063 5598 3374 5665 ἁναλαὸὠν;
3414 5596 3545 5660 Θεὸς
3594 5597 3705 5651 ὑπσ-

539 5755 584 5787 “
614 5755 775 5812 Hebr.
808 5773 902 5829 xu,
928 5759 982 5815 2.
1058 5761 1102 5794 δ’
1136 5761 1363 5833 Philipp.
1396 5780 1453 5827 tt,
1494 5764 1546 5819 9.
1623 5766 1667 5797 ³⁰
1692 5766 1820 5822 Ibid.
1854 5769 1968 5825 5-9.
