3968 6494
265 445 372 501 εει)

1650 442 1693 496 Τ
1697 441 2091 501 HESAURUS.

3435 439 3542 495 350

268 564 448 634 άρχων
472 560 691 629 γέγονεν
718 558 1039 629 ἄνθρωπος,
1070 558 1157 612 ἴνα
1179 560 1327 612 ποῖον
1357 558 1498 632 εὕρῃ
1523 558 1751 629 pte-06v;
1778 560 1842 612 Ἦ

1957 560 2096 613 Deus
2116 560 2384 614 cssistens
2412 558 2590 613 factus
2608 566 2691 614 est
2718 558 2900 623 homo,
2920 556 3207 626 qualetune
3237 556 3543 613 mercedem

264 651 381 717 πῶς
403 649 660 719 ἐδοξάσθη
683 650 713 703 ὁ
746 650 859 703 ἀπὸ
875 650 1033 721 δόξης
1058 651 1138 713 είς
1163 649 1391 719 ἀτιμίαν
1415 649 1845 720 καταϐεϐηκώςς

262 742 389 806 Πῶς
420 742 478 795 δὲ
508 742 730 809 γέγονεν
778 739 984 811 ὑψηλὸς
1035 742 1063 792 ό
1105 739 1207 809 τῆς
1247 738 1505 809 Θεότητος
1534 740 1596 793 τὸ
1630 738 1845 810 ἀξίωμα

264 831 564 904 ὑπεριδὼν,
597 831 691 884 καὶ
728 831 813 894 εἰς
845 830 1246 901 ἀνθρωπότητα
1286 831 1599 897 κατελθών;
1648 832 1773 897 Πῶς
1819 834 1849 887 ό

262 922 561 988 κατελθὼν,
592 922 819 991 γέγονεν
863 921 1009 986 aut»;
1057 922 1226 976 Ποίαν
1257 923 1369 993 ἔχει
1412 922 1695 993 βελτίωσιν
1728 925 1757 977 ό
1789 924 1847 975 ὲν

260 1014 512 1068 ὶλάττοσι
544 1013 788 1083 γεγονὼς
814 1011 873 1077 ἐξ
901 1011 1235 1082 ἀμεινόνων;
1269 1013 1334 1066 Ei
1358 1012 1491 1076 Θεὸς
1517 1013 1593 1067 ὣν
1624 1013 1847 1085 ὕψιστος

260 1105 352 1159 καὶ
382 1106 441 1159 ἰν
479 1104 708 1175 ὑψηλοῖς
754 1103 1028 1156 κατοικῶν
1079 1101 1347 1173 ὑψοῦσθαι
1387 1104 1629 1174 λέγεται,
1664 1107 1757 1158 ποτ
1791 1104 1847 1159 δὲ

256 1196 338 1252 In
371 1195 517 1267 μετὰ
544 1193 642 1265 τὴν
671 1192 766 1247 τοῦ
791 1192 928 1247 Θεοῦ
953 1192 1118 1263 φύσιν
1153 1193 1488 1263 ἀναϐήσεται
1513 1195 1576 1249 τὸ
1607 1193 1848 1265 64:069.:-

422 1287 551 1351 Πῶς
576 1286 635 1340 δὲ
661 1282 730 1362 ἦν
758 1287 1019 1351 ταπεινὸς
1043 1286 1072 1340 ό
1095 1287 1154 1341 ὲν
1182 1286 1405 1352 κόλποις
1424 1286 1500 1341 ὢν
1522 1286 1620 1342 τοῦ
1648 1286 1848 1359 ὑψηλο-

256 1382 421 1436 τάτου
454 1378 708 1450 Πατρός;
736 1377 902 1442 Ποίας
928 1378 1252 1450 προσθήκης
1270 1378 1441 1433 ἐδεῖτο
1470 1379 1634 1445 Θεός;
1667 1380 1733 1437 El
1757 1378 1845 1434 διὰ

255 1469 419 1525 τοῦτο
443 1468 847 1540 καταϐέϐηκεν,
867 1470 954 1523 ῐνα
974 1468 1071 1523 καὶ
1087 1470 1298 1542 ὁψωθῇ,
1316 1471 1401 1535 τίς
1422 1466 1491 1543 ἦν
1516 1472 1549 1542 ἡ
1570 1470 1731 1543 χρεία
1744 1471 1844 1542 τῆς

257 1561 652 1627 καταϐάσεωςς
689 1560 753 1613 Ei
781 1560 874 1613 διὰ
906 1560 1070 1616 τοῦτο
1098 1561 1468 1616 ἰταπείνωσεν
1500 1561 1716 1628 ἑαυτὸν,
1757 1562 1845 1616 ἵνα

258 1654 351 1707 καὶ
381 1651 644 1724 δοξασθῇ,
677 1651 761 1715 τίς
788 1648 859 1725 ἦν
885 1655 918 1724 ἡ
950 1652 1110 1724 χρεία
1136 1652 1237 1723 τῆς
1268 1652 1685 1722 ταπεινώσεωςς
1717 1653 1845 1720 Πῶς

254 1747 322 1801 δν
340 1746 442 1801 οὐκ
468 1746 673 1816 ἄσοφος
700 1746 729 1800 ό
761 1745 902 1816 μετὰ
927 1746 1091 1800 πόνου
1118 1746 1319 1818 ζητῶν,
1348 1747 1378 1800 ὃ
1402 1748 1496 1802 καὶ
1510 1747 1637 1818 δίχα
1666 1748 1844 1802 πόνων

254 1836 402 1909 ιχειν
435 1834 696 1901 ἐδύνατο;
739 1834 866 1899 Πῶς
909 1834 1071 1889 ἔλαϐε
1121 1834 1184 1889 τὸ
1230 1835 1402 1908 ὄνομα
1444 1839 1508 1891 τὸ
1550 1837 1691 1911 ὑπὲρ
1729 1838 1844 1892 πᾶν

253 1928 427 1999 saepe
454 1928 485 1979 ὁ
515 1926 810 1991 διαπαντὸς
841 1928 898 1980 ὲν
922 1927 1073 1999 αὐτῷ
1102 1928 1613 2000 προσκυνούμενοςς

1958 650 2319 719 accepturus?
2368 650 2475 702 Aut
2526 650 2798 719 quomodo
2845 648 3179 719 gloriﬁcatus
3223 659 3309 703 est
3370 650 3462 718 qui
3514 666 3547 705 ιι

1957 742 2127 812 gloria
2170 741 2237 793 ad
2292 741 2757 810 contemptibilem
2810 749 3010 795 statum
3069 739 3393 794 descendit?
3438 741 3549 797 Ant

1954 831 2228 909 quomodo
2267 830 2565 895 esaitatus,
2619 831 2711 900 qui
2771 845 2801 884 e
2867 831 3167 886 divinitatis
3217 829 3433 901 fastigio
3480 834 3547 887 ad

1958 922 2351 977 humanitatem
2397 938 2456 977 se
2499 922 2755 977 demisit?
2784 920 3066 989 Quomodo
3095 932 3275 977 autem
3303 923 3402 992 qui
3446 922 3545 977 de-

1954 1014 2184 1076 scendit,
2233 1024 2451 1068 evectus
2499 1014 2624 1069 est?
2670 1017 2930 1083 Autquo
2962 1026 3126 1085 pacto
3179 1015 3371 1070 melior
3404 1014 3547 1069 illius

1954 1105 2193 1159 conditio
2221 1114 2307 1159 est
2330 1102 2541 1168 eilecta,
2578 1104 2670 1175 qui
2706 1104 2873 1159 veluti
2909 1119 2942 1161 ο,
2976 1103 3273 1173 majoribus
3306 1114 3362 1160 et
3413 1120 3544 1174 pne~

1953 1194 2314 1251 stantiaribus
2356 1196 2423 1250 ad
2458 1195 2670 1251 minora
2708 1195 2975 1251 devenit?
3008 1193 3064 1250 Si
3119 1194 3263 1251 Deus
3297 1211 3420 1251 cum
3477 1198 3544 1250 sit

1953 1284 2273 1353 altissimus,
2304 1293 2361 1341 et
2386 1283 2439 1340 in
2486 1283 2719 1341 excelsis
2746 1283 3022 1350 habitans,
3064 1284 3295 1340 exaltari
3325 1283 3545 1344 dicitur.

1952 1388 2187 1443 quonam
2225 1376 2363 1429 ultra
2400 1373 2495 1430 Dei
2538 1380 2787 1430 naturam
2837 1374 2890 1430 id
2923 1376 3066 1445 quod
3105 1376 3379 1429 exaltatur
3410 1387 3547 1429 con-

1952 1469 2218 1525 scendet?
2243 1469 2351 1524 Aut
2378 1469 2648 1541 quomodo
2679 1468 2897 1524 humilis
2929 1478 3070 1533 erat,
3114 1469 3169 1524 in
3202 1469 3325 1526 sinu
3366 1466 3547 1524 excel-

1951 1560 2154 1618 sissimi
2188 1560 2369 1616 Patris
2412 1561 2728 1617 exsistens?
2757 1562 2865 1615 Aut
2911 1576 3018 1632 qua
3067 1560 3385 1617 accessione
3429 1562 3547 1615 sive

1954 1652 2293 1708 incremento
2326 1653 2605 1723 indigebat
2633 1653 2818 1708 Deus?
2851 1652 2909 1708 Si
2941 1652 3147 1708 idcirco
3176 1650 3461 1708 descendit
3487 1662 3548 1707 ut

1951 1745 2306 1809 exaltaretur,
2345 1746 2474 1816 quid
2502 1755 2621 1802 erat
2666 1761 2802 1814 opus
2838 1745 3148 1801 descensu?
3200 1743 3256 1799 Si
3296 1745 3417 1799 ideo
3455 1756 3547 1799 se-

1950 1836 2130 1906 ipsum
2177 1836 2503 1902 humiliavit,
2540 1846 2600 1892 ut
2631 1836 3051 1906 gloriﬁcaretur,
3084 1835 3243 1907 195
3264 1835 3393 1906 quid
3427 1845 3549 1891 erat

1870 1928 1911 1983 Β
1940 1942 2075 1998 opus
2106 1928 2523 1984 bumiiiatione?
2548 1939 2640 1984 aut
2672 1931 2949 1998 quomodo
2985 1945 3090 1984 non
3139 1930 3212 1984 sit
3240 1926 3548 1983 censendus

256 2022 522 2096 insipiens
550 2024 641 2094 qui
684 2024 739 2078 id
768 2039 962 2092 magno
996 2039 1121 2080 cum
1164 2024 1352 2081 labore
1383 2026 1599 2095 quarit,
1637 2025 1780 2096 quod
1820 2027 1954 2080 citra
1995 2024 2231 2080 laborem
2273 2026 2475 2081 habere
2535 2025 2755 2096 potest?
2789 2026 2860 2081 At
2890 2027 3160 2096 quomodo
3200 2026 3408 2095 accepit
3444 2039 3544 2078 no-

254 2134 381 2175 men
420 2122 565 2189 quod
600 2129 684 2174 est
715 2131 879 2188 super
912 2132 1076 2173 omne
1098 2133 1318 2185 nomen,
1354 2120 1446 2188 qui
1475 2134 1691 2190 semper
1717 2120 1771 2175 in
1797 2121 1912 2190 ipso
1938 2129 2022 2174 est
2059 2119 2355 2176 adoratus?

678 2232 877 2302 Ῥητὰ,
907 2232 999 2287 ὅτι
1029 2234 1174 2301 Θεὸς
1202 2237 1237 2289 ό
1281 2234 1437 2303 Υιός.

332 2362 352 2396 ι
388 2344 451 2398 '0
479 2342 614 2407 Θεὸς
639 2345 697 2397 ὲν
717 2342 798 2414 τῷ
818 2340 1046 2413 ὀνόματί
1068 2346 1348 2402 σουσῶσόν
1366 2361 1488 2418 με’»
1515 2344 1628 2409 καὶ,
1647 2344 1844 2415 «Προσο

254 2436 656 2508 κυνησάτωσαν
696 2434 776 2506 τῷ
806 2435 1031 2506 ὀνόματί
1063 2451 1180 2501 σου,
1218 2436 1425 2508 Κύριε,
1472 2435 1551 2507 τῷ
1597 2437 1839 2509 μεγάλῳ.

254 2527 371 2596 Πρὸ
402 2524 495 2578 τοῦ
528 2524 685 2595 ἡλίου
714 2524 961 2595 διαμένει
998 2524 1062 2577 τὸ
1089 2524 1263 2597 ὄνομα
1300 2524 1489 2578 αὐτοῦ.
1521 2526 1651 2577 Δότε
1682 2526 1842 2592 δόξαν

253 2617 485 2687 ὀνόματι
517 2615 707 2670 αὐτοῦ.
731 2610 891 2670 Οὗτοι
919 2617 978 2668 ὲν
1010 2616 1221 2685 ἅρμασι
1252 2616 1344 2668 καὶ
1365 2611 1512 2671 οὗτοι
1544 2618 1603 2670 ἑν
1629 2617 1839 2682 ἵπποις,

255 2711 418 2779 ἡμεῖς
474 2708 532 2762 δὲ
586 2709 645 2761 ὲν
710 2708 939 2778 ὀνόματι
995 2706 1205 2777 Κυρίου
1266 2705 1402 2761 Θεοῦ
1457 2708 1622 2778 ἡμῶν
1666 2725 1841 2781 μεγα-

252 2798 663 2871 λυνθησόμεθα.
699 2818 717 2851 ι
784 2797 911 2863 Πῶς
963 2793 1057 2853 οῦν
1101 2796 1327 2863 ἐλαϐεν,
1376 2799 1515 2869 ὅπερ
1562 2798 1702 2871 ἔχων
1754 2800 1842 2856 ἀεὶ

254 2894 514 2963 φαίνεται
533 2910 551 2960 ;

839 3008 1027 3075 Λύσις
1062 3007 1255 3077 ἑτέρα.

330 3148 397 3201 Ei
427 3165 445 3197 ι
475 3148 532 3199 ὲν
565 3144 707 3216 ἀρχῇ
734 3138 803 3215 ἦν
830 3144 861 3196 ό
882 3144 1074 3212 Λόγος,
1108 3145 1203 3197 καί
1228 3143 1359 3207 Θεὸς
1384 3138 1454 3215 ἦν
1478 3146 1505 3197 ό
1534 3144 1728 3213 Λόγος,
1747 3146 1842 3200 καὶ

252 3234 324 3310 ἦν
372 3240 432 3290 ἐν
479 3236 621 3307 ἀρχῇ
659 3234 796 3304 πρὸς
834 3234 925 3287 τὸν
959 3233 1116 3297 Θεὸν,
1151 3252 1171 3285 ›
1226 3232 1455 3304 ὕστερον
1502 3232 1559 3285 δὲ
1601 3232 1692 3287 διὰ
1741 3233 1842 3304 τὴν

255 3328 535 3400 ἡμετέραν
557 3326 835 3397 σωτηρίαν
854 3324 1220 3377 ἰταπείνωσεν
1248 3324 1462 3386 ἑαυτὸν,
1485 3324 1575 3377 διά
1602 3342 1661 3377 τε
1682 3324 1841 3377 τοῦτο

256 3416 532 3488 ὑψοῦσθαι
562 3416 783 3483 λέγεται
807 3455 822 3479 ,
856 3415 972 3478 πῶς
1015 3416 1117 3468 οὐκ
1148 3413 1301 3468 ἔσται
1333 3415 1495 3467 παντί
1524 3432 1601 3484 τῳ
1644 3415 1837 3483 σαφὲς,

2224 2237 2583 2292 Auctoritates
2617 2240 2756 2309 quod
2796 2235 2845 2291 F
2850 2237 2974 2293 ilius
3010 2237 3078 2293 sit
3116 2238 3280 2295 Deus.

2029 2364 2048 2397 ι
2075 2344 2235 2412 Deus,
2257 2345 2311 2402 in
2336 2347 2553 2403 nomine
2574 2357 2668 2404 tuo
2682 2348 2891 2404 salvum
2912 2363 2997 2405 me
3012 2348 3096 2405 fac
3114 2352 3191 2417 ⁶¹;
3216 2371 3235 2403 r
3256 2360 3333 2415 et,
3356 2352 3541 2408 ultio-

1954 2447 2076 2491 rent
2116 2452 2312 2492 nomen
2332 2447 2505 2503 tuum,
2532 2439 2785 2505 Domine,
2816 2455 3076 2512 magnum
3101 2443 3171 2499 ⁵³.
3193 2443 3339 2500 Ante
3369 2444 3543 2500 solens

1950 2539 2230 2598 permanet
2249 2543 2445 2585 nomen
2464 2531 2585 2600 ejus
2606 2531 2675 2586 ⁸³.
2705 2531 2837 2587 Date
2851 2532 3077 2604 gloriam
3097 2536 3301 2590 nomini
3330 2534 3451 2605 ejus
3472 2535 3541 2591 “.

1952 2617 2013 2674 Hi
2052 2620 2106 2673 in
2133 2622 2387 2678 curribus
2416 2632 2474 2678 et
2502 2623 2556 2679 hi
2588 2625 2642 2678 in
2668 2624 2847 2694 equis,
2888 2639 2991 2681 nos
3021 2626 3201 2681 autem
3241 2627 3293 2682 in
3324 2629 3547 2686 nomine

1951 2709 2163 2767 Domini
2199 2712 2293 2769 Dei
2345 2715 2514 2769 nostri
2570 2717 3041 2785 magniﬁcabimur
3070 2719 3139 2774 ".
3186 2740 3205 2771 ι
3255 2721 3545 2789 Quomodo

1950 2801 2116 2873 igitur
2142 2805 2352 2876 accepit
2387 2807 2531 2878 quod
2562 2823 2783 2880 semper
2823 2809 3079 2869 habuisse
3114 2814 3401 2871 cernitur?

2552 3007 2676 3063 Alia
2719 3010 2936 3067 solutio.

2021 3142 2078 3198 Si
2102 3160 2121 3195 ι
2146 3143 2380 3200 Verbum
2403 3146 2588 3202 eratin
2609 3147 2901 3219 principio,
2916 3158 2971 3206 et
2985 3149 3126 3207 Deus
3146 3164 3265 3209 erat
3283 3154 3543 3228 Verbum.

1948 3245 2003 3290 et
2030 3246 2144 3290 erat
2198 3237 2251 3291 in
2301 3239 2569 3309 principio
2615 3243 2757 3310 apud
2800 3242 2969 3297 Deum
2994 3245 3101 3306 ",i
3158 3248 3365 3306 ultimis
3412 3267 3547 3310 vero

1952 3328 2284 3398 temporibus
2310 3341 2534 3399 prepter
2564 3341 2806 3386 nostram
2838 3335 3067 3390 salutem
3098 3336 3409 3395 humiliavit
3450 3358 3543 3399 se-

1950 3419 2125 3489 ipsum
2152 3419 2224 3486 ",
2250 3431 2412 3488 atque
2434 3421 2642 3477 idcirco
2662 3423 2984 3483 humiliatus
3014 3441 3134 3484 esse
3155 3429 3354 3486 dicitur
3386 3454 3402 3488 :
3432 3449 3546 3505 quo

256 3512 453 3578 ὅτιπερ
490 3508 552 3561 οὑ
590 3507 721 3577 περὶ
752 3506 851 3577 τὴν
882 3505 975 3559 τοῦ
1002 3506 1178 3573 Λόγου
1208 3505 1371 3574 φύσιν
1401 3503 1560 3557 τοῦτο
1592 3504 1837 3573 γίνεσθαι

1954 3521 2103 3582 pacto
2138 3527 2245 3570 non
2275 3511 2632 3572 fueritcuivis
2662 3516 3036 3585 manifestum,
3070 3538 3177 3577 non
3200 3524 3344 3579 circa
3380 3498 3544 3584 Verbi

260 3622 326 3657 συ
337 3602 576 3673 μϐαίνει,
602 3602 719 3655 ἀλλ’
754 3603 833 3665 εἰς
861 3600 923 3654 τὸ
952 3604 1054 3672 τῆς
1072 3599 1491 3672 ἁνθρωπότητος
1521 3601 1839 3670 μυστήριον;

258 3691 331 3768 ’ῼ
354 3695 463 3766 γὰρ
486 3693 718 3765 ἁρμόσει
747 3692 811 3745 τὸ
845 3693 1126 3757 ταπεινὸν,
1162 3692 1337 3763 τούτῳ
1370 3691 1465 3746 καὶ
1484 3690 1543 3745 τὸ
1578 3689 1843 3762 ὑψοῦσθαι

258 3786 493 3859 πρέπειν
532 3782 838 3837 ἀκολουθεῖ.
876 3782 1144 3836 Ταπεινὸν
1171 3781 1227 3836 δὲ
1255 3784 1445 3854 χρῆμα
1489 3783 1523 3851 ἡ
1561 3781 1843 3852 ἀνθρωπό-

256 3896 357 3947 της
380 3916 394 3939 ,
428 3876 557 3947 περὶ
588 3874 761 3945 αὐτὴν
810 3873 919 3944 ἄρα
952 3873 1047 3928 καὶ
1092 3874 1153 3928 τὸ
1185 3872 1453 3944 ὑψοῦσθαι
1496 3872 1840 3944 νοηθήσεται.

259 3971 334 4024 Οὐ
369 3968 637 4037 πρότερον
667 3965 725 4018 δὲ
757 3967 885 4036 περὶ
916 3964 1009 4020 τοῦ
1036 3965 1171 4019 Θεοῦ
1199 3966 1375 4035 Λόγου
1405 3964 1647 4019 τοιοῦτόν
1675 3982 1728 4017 τι
1757 3965 1845 4018 λέ-

256 4077 462 4129 γουσαν
480 4059 788 4129 εὑρήσομεν
806 4059 904 4130 τὴν
931 4057 1179 4129 Γραφὴν,
1201 4060 1251 4112 εί
1284 4058 1381 4129 μὴ,
1411 4077 1430 4109 ι
1452 4058 1597 4130 Σὰρξ
1626 4058 1842 4126 γέγονε,

259 4156 356 4207 καὶ
394 4154 710 4223 ἐσκήνωσεν
748 4154 805 4205 ὲν
840 4152 992 4222 ἡμῖν.
1038 4169 1056 4201 ι
1086 4152 1148 4204 Ei
1177 4147 1360 4205 τὸίνυν
1392 4153 1520 4222 περὶ
1544 4151 1642 4223 τὴν
1669 4152 1841 4222 πρόσ-

258 4244 421 4313 ληψιν
444 4242 548 4310 τῆς
578 4240 778 4312 σαρκὸς
804 4242 837 4311 ἡ
875 4240 1204 4304 ταπείνωσις
1230 4240 1559 4311 γεγενῆσθαι
1587 4241 1804 4309 λέγεται
1826 4278 1841 4306 ,

257 4333 322 4385 δι’
352 4332 523 4401 αὐτὴν
562 4330 716 4382 ἔσται
751 4331 847 4382 καὶ
884 4329 1012 4401 περὶ
1034 4330 1260 4401 αὐτὴνή
1294 4329 1519 4399 ὕψωσις.

757 4462 964 4523 ΑΛΔΟ,
1001 4464 1089 4528 εἰς
1120 4462 1188 4516 τὸ
1215 4465 1380 4518 αὐτό.

344 4596 405 4649 Ὀ
420 4596 632 4659 Παῦλος
658 4597 986 4651 ἐπιστέλλων
1005 4600 1192 4669 φησὶν,
1216 4602 1296 4652 ὃτι
1318 4618 1335 4650 ι
1362 4600 1676 4671 Πρόδρομος
1704 4601 1843 4671 ὑπὲρ

258 4692 291 4760 ἡ
302 4688 420 4761 μῶν
446 4687 699 4758 εἰσῆλθεν
740 4689 1090 4759 Ἰησοῦ;,-οὺκ
1116 4692 1196 4753 εἰς
1220 4692 1488 4745 ἀντίτυπα
1521 4691 1631 4744 τῶν
1656 4691 1843 4762 ἀληθι-

270 4782 371 4833 ιῶν
390 4823 404 4844 ,
446 4779 564 4831 ἀλλ’
596 4780 674 4843 εἰς
714 4779 875 4832 αὐτὸν
902 4781 992 4833 τὸν
1021 4780 1283 4851 οὐρανὸν,
1314 4782 1408 4835 νῦν
1442 4782 1843 4853 ἐμφανισθῆναι

260 4873 338 4942 τῷ
371 4871 649 4942 προσώπῳ
682 4870 777 4923 τοῦ
806 4870 941 4923 Θεοῦ
976 4871 1114 4941 ὑπὲρ
1146 4871 1323 4942 ἡμῶν.
1362 4891 1379 4922 ι
1409 4872 1620 4945 ’Ὠσπερ
1662 4868 1755 4925 οῦν
1785 4875 1841 4927 ὲν
1874 4859 1919 4914 Ῐ)

260 4968 372 5024 τοῖς
407 4964 661 5033 οὐρανοῖς
691 4963 786 5015 καὶ
824 4965 880 5015 ὲν
910 4962 1189 5034 προσώπῳ
1214 4963 1309 5017 τοῦ
1341 4964 1552 5035 Πατρὸς
1579 4965 1841 5036 ὑπάρχων

260 5056 370 5116 ἀεὶ,
394 5053 488 5107 νῦν
526 5054 670 5123 ὑπὲρ
699 5052 858 5123 ἡμῶν
889 5054 1196 5124 εἰσέρχεται
1228 5055 1329 5124 μὲν
1361 5058 1444 5119 είς
1469 5056 1559 5109 τὸν
1587 5056 1838 5128 οὐρανὸν,

261 5145 623 5215 ἐμφανίζεται
653 5145 709 5197 δὲ
735 5144 812 5214 τῷ
842 5144 1036 5217 Πατρί·
1066 5146 1207 5199 οὕτω
1242 5147 1404 5203 πάλιν
1444 5150 1538 5201 καὶ
1566 5149 1661 5203 νῦν
1701 5150 1841 5220 ὑπὲρ

263 5236 421 5304 ἡμῶν
437 5234 669 5303 ὑψοῦται
692 5236 787 5288 καὶ
804 5235 1110 5305 δοξάζεται,
1135 5240 1228 5291 καὶ
1242 5239 1511 5311 λαμϐάνει
1538 5259 1555 5293 ι
1587 5242 1647 5295 τὸ
1667 5242 1839 5313 ὄνομα

258 5325 321 5375 τὸ
351 5324 491 5394 ὑπὲρ
529 5326 637 5378 πᾶν
677 5325 867 5397 ὄνομα·
895 5345 914 5379 ι
950 5328 1016 5379 ἶν’
1045 5328 1319 5401 ὦσπερίὲν
1349 5324 1497 5403 αὐτῷ
1523 5333 1616 5387 καὶ
1640 5335 1721 5397 είς
1748 5335 1837 5389 τὸν

259 5414 491 5485 οὐρανὸν
541 5416 900 5487 εἰσερχόμεθα
947 5421 1042 5474 καὶ
1080 5423 1491 5495 ἐμφανιζόμεθα
1520 5426 1597 5496 τῷ
1642 5428 1839 5500 Πατρὶ,

255 5505 403 5560 οὕτω
430 5506 593 5560 πάλιν
612 5512 671 5562 ὲν
700 5509 850 5581 αὐτῷ
872 5510 1240 5586 δοξαζόμενοι,
1272 5518 1368 5570 καὶ
1398 5517 1716 5589 ὐψούμενοι,
1744 5525 1839 5575 καὶ

255 5599 377 5653 uici:
405 5598 541 5654 Θεοῦ
570 5618 674 5673 χρη
682 5604 1021 5674 ματίςωμεν.

1947 3614 2221 3673 naturam,
2246 3607 2340 3663 sed
2376 3609 2521 3665 circa
2548 3609 2906 3667 humanitatis
2944 3616 3273 3689 mysterium
3312 3618 3414 3672 hoc
3445 3635 3541 3674 ac-

1945 3698 2181 3754 cidisse?
2249 3700 2385 3755 Nam
2446 3703 2533 3757 cui
2602 3704 2881 3761 humilitas
2932 3707 3204 3777 congruit,
3262 3709 3312 3764 ei
3373 3712 3540 3766 etiam

1943 3789 2173 3847 exaltari
2220 3794 2509 3849 conveniet
2558 3813 2573 3850 :
2620 3798 2772 3867 atqui
2824 3799 3137 3856 humanitas
3183 3801 3404 3858 humilis
3452 3820 3541 3860 res

1944 3892 2064 3938 est:
2086 3884 2213 3939 huic
2238 3885 2401 3955 igitur
2427 3887 2687 3944 exaltatio
2717 3889 3007 3946 tribuenda
3035 3899 3139 3948 est.
3173 3890 3360 3963 Neque
3392 3895 3539 3950 enim

1944 3986 2159 4027 sacram
2202 3972 2541 4044 Scripturam
2587 3979 2740 4048 prius
2789 3980 2897 4036 tale
2931 3982 3209 4051 quidpiam
3254 3987 3321 4039 de
3364 3986 3543 4044 Verbo

1944 4064 2147 4120 dixisse
2164 4067 2658 4137 comperies,quam
2677 4080 2970 4140 quatenus,
2991 4091 3010 4125 ι
3033 4073 3173 4129 Caro
3197 4073 3402 4131 factum
3428 4089 3538 4143 est.

1943 4164 1996 4211 et
2027 4155 2295 4211 habitavit
2329 4158 2379 4211 in
2413 4159 2568 4214 nobis
2589 4160 2656 4214 ⁸⁸.
2689 4181 2708 4213 ι
2730 4162 2789 4216 Si
2825 4178 2953 4233 ergo
2986 4167 3284 4221 secundum
3319 4184 3537 4225 assum-

1945 4250 2181 4318 ptiouem
2197 4251 2383 4305 carnis
2409 4252 2717 4309 humiliatio
2742 4252 2885 4310 facta
2910 4271 3032 4312 esse
3058 4258 3282 4325 dicitur,
3313 4275 3540 4332 propter

1946 4344 2083 4401 hanc
2108 4356 2163 4400 et
2184 4346 2328 4401 circa
2365 4348 2506 4403 hanc
2535 4350 2702 4403 etiam
2734 4350 2995 4405 exaltatio
3018 4352 3159 4407 facta
3196 4355 3380 4411 fuerit.

2476 4482 2711 4550 ALIUD,
2753 4486 2807 4538 in
2844 4487 3001 4543 idem.

2016 4614 2211 4671 Paulus
2242 4618 2308 4671 ad
2339 4617 2595 4673 Hebraeos
2622 4620 2889 4685 scribens,
2916 4622 2989 4675 ita
3025 4625 3101 4678 ait
3130 4643 3143 4678 τ
3180 4644 3198 4676 ι
3229 4626 3539 4687 Prtecursnr

1944 4722 2039 4776 pro
2065 4710 2224 4765 nobis
2252 4711 2497 4765 introivit
2552 4711 2732 4778 Jesus,
2770 4728 2873 4766 non
2924 4715 2973 4767 in
3018 4718 3347 4787 exemplaria
3385 4737 3540 4776 vern-

1949 4817 2091 4865 rum,
2118 4804 2212 4858 sed
2245 4804 2296 4857 in
2329 4805 2503 4872 ipsum
2542 4806 2764 4869 omium,
2802 4815 2857 4858 ut
2895 4821 3155 4876 appareat
3187 4828 3329 4867 nunc
3366 4815 3537 4868 vultui

1952 4890 2041 4943 Dei
2074 4906 2170 4958 pro
2205 4893 2361 4946 nobis
2392 4894 2457 4945 ⁵⁹.
2500 4914 2518 4945 ι
2553 4894 3015 4960 Quemadmodum
3045 4902 3201 4969 iglltlt'
3235 4918 3451 4973 semper
3486 4909 3538 4960 in

1945 4985 2119 5048 caelis,
2166 4998 2220 5040 et
2263 5003 2445 5042 coram
2494 4989 2631 5044 facie
2679 4991 2857 5047 Patris
2902 4998 3195 5061 exsistens,
3247 5016 3390 5053 nunc
3441 5017 3540 5069 pm

1947 5077 2101 5131 nobis
2139 5080 2456 5147 ingreditur,
2509 5093 2565 5134 et
2616 5094 2839 5151 apparet
2873 5101 3057 5138 coram
3100 5086 3261 5146 Patre
3302 5108 3316 5143 :
3351 5092 3421 5145 ita
3462 5094 3539 5145 \‘i-

1946 5168 2127 5222 cissim
2163 5186 2303 5224 nunc
2329 5172 2599 5226 exaltatur
2627 5189 2723 5242 pro
2752 5175 2905 5229 nobis
2929 5187 2981 5229 et
3004 5178 3359 5247 gloriﬁcatur,
3391 5183 3538 5237 aet-i-

1949 5261 2131 5329 pitque
2166 5281 2184 5313 ι
2213 5274 2405 5316 nomen
2435 5266 2577 5333 quod
2609 5275 2692 5320 est
2713 5278 2876 5335 super
2897 5283 3056 5324 onme
3090 5286 3283 5326 nmneu
3310 5274 3389 5328 ‘°:
3427 5294 3445 5325 ι
3480 5286 3537 5329 ut

1943 5356 2400 5421 quemadmodum
2434 5357 2487 5411 in
2519 5358 2637 5428 ipso
2659 5363 2823 5415 etiam
2860 5362 2910 5415 in
2947 5363 3141 5417 (uelum
3182 5367 3536 5435 ingredimur,

1944 5454 1998 5498 et
2022 5461 2344 5514 apparemus
2367 5463 2546 5503 coram
2574 5450 2759 5515 Patre,
2797 5453 2868 5507 ita
2902 5455 3065 5508 etiam
3099 5456 3149 5509 in
3185 5459 3299 5525 ipso
3328 5459 3536 5529 gioriti-

1944 5539 2049 5592 cati
2078 5550 2132 5594 et
2160 5540 2403 5604 exaltati,
2438 5541 2530 5597 lilii
2565 5544 2658 5598 Dei
2698 5561 2915 5615 quoque
2949 5564 3099 5604 vocet
3146 5566 3207 5603 ur
3232 5552 3296 5601 ⁸⁸.

327 5780 546 5870 ⁸⁸³9⁸³]-
581 5805 718 5870 Erit,
738 5791 792 5847 5.
868 5793 914 5825 ⁸⁸
934 5790 1110 5870 _Psal:_
1136 5806 1329 5870 eum,
1358 5790 1472 5870 21_._
1525 5792 1745 5870 "_Ps_al.
1776 5815 1841 5853 ως

1954 5798 1987 5852 2.
2069 5800 2113 5831 δε
2156 5800 2293 5857 Psai.
2334 5819 2482 5868 Lm,
2516 5804 2603 5857 l7.
2683 5806 2728 5839 ⁸⁸
2765 5807 2907 5863 Psai.
2937 5827 3050 5870 χιι.
3087 5812 3141 5867 8.
3222 5814 3266 5845 ⁸⁸
3300 5811 3377 5867 Jn:
3402 5833 3455 5869 ιι.
3490 5832 3507 5870 t

283 5854 339 5917 1,
368 5852 417 5912 ξ.
500 5860 546 5891 ⁸⁷
577 5859 817 5932 Philipp.
842 5878 903 5925 tt,
934 5861 986 5916 7.
1066 5861 1112 5893 ⁵⁸
1150 5852 1381 5929 Joatnt,
1420 5865 1499 5918 ll.
1579 5866 1622 5897 ’θ
1665 5852 1829 5924 Hebr.

1970 5871 2059 5923 at.
2138 5852 2627 5943 eri.‘s;i,’;.‘.‘."..','9.
2706 5852 3206 5944 σιἰ”’ξ1’ὁυῖι’.’ἶιῖξ’ί.
3300 5852 3532 5881 ”

536 5954 815 6016 Panos.
848 5954 962 6014 Gn.
1000 5956 1098 6016 LX
1114 5957 1165 6018 Χ
1182 5953 1247 6016 i'.

3106 5979 3167 6039 λι
