  <div class='ocr_page' id='page_1' title='image "/cluster/home/n/w/nwhite01/storage/ocr_20150623/75/uva.x030486936/177.png"; bbox 0 0 3968 6468; ppageno 0'>
   <div class='ocr_carea' id='block_1_1' title="bbox 454 432 553 492">
    <p class='ocr_par' dir='ltr' id='par_1_1' title="bbox 454 432 553 492">
     <span class='ocr_line' id='line_1_1' title="bbox 454 432 553 492; baseline -0.03 0"><span class='ocrx_word' id='word_1_1' title='bbox 454 432 553 492; x_wconf 72' lang='grc'><strong>331</strong></span> 
     </span>
    </p>
   </div>
   <div class='ocr_carea' id='block_1_2' title="bbox 1124 534 1357 593">
    <p class='ocr_par' dir='ltr' id='par_1_2' title="bbox 1124 534 1357 593">
     <span class='ocr_line' id='line_1_2' title="bbox 1124 534 1357 593; baseline -0.004 0"><span class='ocrx_word' id='word_1_2' title='bbox 1124 534 1357 593; x_wconf 83' lang='lat' dir='ltr'><strong>ALIUD.</strong></span> 
     </span>
    </p>
   </div>
   <div class='ocr_carea' id='block_1_3' title="bbox 526 638 2038 717">
    <p class='ocr_par' dir='ltr' id='par_1_3' title="bbox 526 638 2038 717">
     <span class='ocr_line' id='line_1_3' title="bbox 526 638 2038 717; baseline -0.019 1"><span class='ocrx_word' id='word_1_3' title='bbox 526 656 838 717; x_wconf 82' lang='lat' dir='ltr'><strong>Servatoris</strong></span> <span class='ocrx_word' id='word_1_4' title='bbox 879 652 1047 710; x_wconf 90' lang='lat' dir='ltr'><strong>nostri</strong></span> <span class='ocrx_word' id='word_1_5' title='bbox 1085 651 1137 706; x_wconf 94' lang='lat' dir='ltr'><strong>in</strong></span> <span class='ocrx_word' id='word_1_6' title='bbox 1172 650 1370 707; x_wconf 74' lang='lat' dir='ltr'><strong>cmlum</strong></span> <span class='ocrx_word' id='word_1_7' title='bbox 1419 642 1840 713; x_wconf 90' lang='lat' dir='ltr'><strong>assumptionem</strong></span> <span class='ocrx_word' id='word_1_8' title='bbox 1887 638 2038 695; x_wconf 85' lang='lat' dir='ltr'><strong>Psal-</strong></span> 
     </span>
    </p>
   </div>
   <div class='ocr_carea' id='block_1_4' title="bbox 456 729 2037 814">
    <p class='ocr_par' dir='ltr' id='par_1_4' title="bbox 456 729 2037 814">
     <span class='ocr_line' id='line_1_4' title="bbox 456 729 2037 814; baseline -0.017 -7"><span class='ocrx_word' id='word_1_9' title='bbox 456 751 613 806; x_wconf 86' lang='lat' dir='ltr'><strong>mista</strong></span> <span class='ocrx_word' id='word_1_10' title='bbox 643 746 929 805; x_wconf 87' lang='lat' dir='ltr'><strong>declarans</strong></span> <span class='ocrx_word' id='word_1_11' title='bbox 946 756 1043 814; x_wconf 88' lang='lat' dir='ltr'><strong>per</strong></span> <span class='ocrx_word' id='word_1_12' title='bbox 1066 739 1351 811; x_wconf 75' lang='lat' dir='ltr'><strong>Spiritum,</strong></span> <span class='ocrx_word' id='word_1_13' title='bbox 1388 736 1459 791; x_wconf 88' lang='lat' dir='ltr'><strong>ita</strong></span> <span class='ocrx_word' id='word_1_14' title='bbox 1487 735 1563 789; x_wconf 91' lang='lat' dir='ltr'><strong>ait</strong></span> <span class='ocrx_word' id='word_1_15' title='bbox 1590 749 1608 790; x_wconf 86' lang='lat'><strong>:</strong></span> <span class='ocrx_word' id='word_1_16' title='bbox 1643 752 1661 785; x_wconf 84' lang='grc' dir='ltr'>ι</span> <span class='ocrx_word' id='word_1_17' title='bbox 1692 729 1887 786; x_wconf 88' lang='lat' dir='ltr'><strong>Tollite</strong></span> <span class='ocrx_word' id='word_1_18' title='bbox 1920 740 2037 798; x_wconf 90' lang='lat' dir='ltr'><strong>por-</strong></span> 
     </span>
    </p>
   </div>
   <div class='ocr_carea' id='block_1_5' title="bbox 458 820 2033 910">
    <p class='ocr_par' dir='ltr' id='par_1_5' title="bbox 458 820 2033 910">
     <span class='ocr_line' id='line_1_5' title="bbox 458 820 2033 910; baseline -0.017 -14"><span class='ocrx_word' id='word_1_19' title='bbox 458 836 561 907; x_wconf 64' lang='lat' dir='ltr'><strong>tas,</strong></span> <span class='ocrx_word' id='word_1_20' title='bbox 574 837 871 910; x_wconf 90' lang='lat' dir='ltr'><strong>principes,</strong></span> <span class='ocrx_word' id='word_1_21' title='bbox 889 841 1119 896; x_wconf 79' lang='lat' dir='ltr'><strong>vestras,</strong></span> <span class='ocrx_word' id='word_1_22' title='bbox 1139 836 1195 886; x_wconf 87' lang='lat' dir='ltr'><strong>et</strong></span> <span class='ocrx_word' id='word_1_23' title='bbox 1212 825 1517 889; x_wconf 80' lang='lat' dir='ltr'><strong>elevamini,</strong></span> <span class='ocrx_word' id='word_1_24' title='bbox 1543 832 1713 894; x_wconf 72' lang='lat' dir='ltr'><strong>portae</strong></span> <span class='ocrx_word' id='word_1_25' title='bbox 1730 820 2033 885; x_wconf 67' lang='lat' dir='ltr'><strong>mternales,</strong></span> 
     </span>
    </p>
   </div>
   <div class='ocr_carea' id='block_1_6' title="bbox 455 910 2035 995">
    <p class='ocr_par' dir='ltr' id='par_1_6' title="bbox 455 910 2035 995">
     <span class='ocr_line' id='line_1_6' title="bbox 455 910 2035 995; baseline -0.014 -8"><span class='ocrx_word' id='word_1_26' title='bbox 455 941 511 987; x_wconf 88' lang='lat' dir='ltr'><strong>et</strong></span> <span class='ocrx_word' id='word_1_27' title='bbox 536 929 784 987; x_wconf 84' lang='lat' dir='ltr'><strong>introibit</strong></span> <span class='ocrx_word' id='word_1_28' title='bbox 809 942 905 982; x_wconf 80' lang='lat' dir='ltr'><strong>rex</strong></span> <span class='ocrx_word' id='word_1_29' title='bbox 945 923 1131 995; x_wconf 69' lang='lat' dir='ltr'><strong>gloriae</strong></span> <span class='ocrx_word' id='word_1_30' title='bbox 1156 921 1221 974; x_wconf 79' lang='lat'><strong>“.</strong></span> <span class='ocrx_word' id='word_1_31' title='bbox 1257 936 1275 970; x_wconf 78' lang='grc' dir='ltr'>ι</span> <span class='ocrx_word' id='word_1_32' title='bbox 1319 916 1421 972; x_wconf 77' lang='lat' dir='ltr'><strong>ilic</strong></span> <span class='ocrx_word' id='word_1_33' title='bbox 1450 916 1595 971; x_wconf 90' lang='lat' dir='ltr'><strong>enim</strong></span> <span class='ocrx_word' id='word_1_34' title='bbox 1632 913 1836 969; x_wconf 76' lang='lat' dir='ltr'><strong>sanctis</strong></span> <span class='ocrx_word' id='word_1_35' title='bbox 1867 910 2035 967; x_wconf 69' lang='lat' dir='ltr'><strong>ecclo-</strong></span> 
     </span>
    </p>
   </div>
   <div class='ocr_carea' id='block_1_7' title="bbox 458 999 2035 1084">
    <p class='ocr_par' dir='ltr' id='par_1_7' title="bbox 458 999 2035 1084">
     <span class='ocr_line' id='line_1_7' title="bbox 458 999 2035 1084; baseline -0.015 -8"><span class='ocrx_word' id='word_1_36' title='bbox 458 1037 578 1075; x_wconf 87' lang='lat' dir='ltr'><strong>rum</strong></span> <span class='ocrx_word' id='word_1_37' title='bbox 629 1018 919 1073; x_wconf 84' lang='lat' dir='ltr'><strong>virtutibus</strong></span> <span class='ocrx_word' id='word_1_38' title='bbox 973 1012 1209 1084; x_wconf 74' lang='lat' dir='ltr'><strong>Spiritus</strong></span> <span class='ocrx_word' id='word_1_39' title='bbox 1270 1009 1539 1076; x_wconf 87' lang='lat' dir='ltr'><strong>imperat,</strong></span> <span class='ocrx_word' id='word_1_40' title='bbox 1592 1013 1653 1059; x_wconf 88' lang='lat' dir='ltr'><strong>ut</strong></span> <span class='ocrx_word' id='word_1_41' title='bbox 1715 999 2035 1073; x_wconf 73' lang='lat' dir='ltr'><strong>ingredienti</strong></span> 
     </span>
    </p>
   </div>
   <div class='ocr_carea' id='block_1_8' title="bbox 456 1096 2035 1178">
    <p class='ocr_par' dir='ltr' id='par_1_8' title="bbox 456 1096 2035 1178">
     <span class='ocr_line' id='line_1_8' title="bbox 456 1096 2035 1178; baseline -0.015 -10"><span class='ocrx_word' id='word_1_42' title='bbox 456 1113 669 1168; x_wconf 79' lang='lat' dir='ltr'><strong>Christo</strong></span> <span class='ocrx_word' id='word_1_43' title='bbox 704 1117 887 1178; x_wconf 85' lang='lat' dir='ltr'><strong>portas</strong></span> <span class='ocrx_word' id='word_1_44' title='bbox 920 1104 1186 1175; x_wconf 86' lang='lat' dir='ltr'><strong>aperiant.</strong></span> <span class='ocrx_word' id='word_1_45' title='bbox 1231 1098 1393 1168; x_wconf 82' lang='lat' dir='ltr'><strong>Atqui</strong></span> <span class='ocrx_word' id='word_1_46' title='bbox 1423 1097 1539 1152; x_wconf 79' lang='lat' dir='ltr'><strong>erat</strong></span> <span class='ocrx_word' id='word_1_47' title='bbox 1568 1096 1730 1151; x_wconf 91' lang='lat' dir='ltr'><strong>etiam</strong></span> <span class='ocrx_word' id='word_1_48' title='bbox 1776 1103 1901 1147; x_wconf 85' lang='lat' dir='ltr'><strong>ante</strong></span> <span class='ocrx_word' id='word_1_49' title='bbox 1946 1107 2035 1147; x_wconf 87' lang='lat' dir='ltr'><strong>as-</strong></span> 
     </span>
    </p>
   </div>
   <div class='ocr_carea' id='block_1_9' title="bbox 458 1184 2035 1277">
    <p class='ocr_par' dir='ltr' id='par_1_9' title="bbox 458 1184 2035 1277">
     <span class='ocr_line' id='line_1_9' title="bbox 458 1184 2035 1277; baseline -0.011 -20"><span class='ocrx_word' id='word_1_50' title='bbox 458 1200 823 1269; x_wconf 79' lang='lat' dir='ltr'><strong>sumptionem</strong></span> <span class='ocrx_word' id='word_1_51' title='bbox 886 1196 1029 1277; x_wconf 70' lang='lat' dir='ltr'><strong>intra</strong></span> <span class='ocrx_word' id='word_1_52' title='bbox 1082 1203 1291 1265; x_wconf 89' lang='lat' dir='ltr'><strong>portas,</strong></span> <span class='ocrx_word' id='word_1_53' title='bbox 1346 1198 1400 1246; x_wconf 89' lang='lat' dir='ltr'><strong>et</strong></span> <span class='ocrx_word' id='word_1_54' title='bbox 1443 1188 1497 1243; x_wconf 91' lang='lat' dir='ltr'><strong>in</strong></span> <span class='ocrx_word' id='word_1_55' title='bbox 1546 1186 1735 1252; x_wconf 70' lang='lat' dir='ltr'><strong>ctelis,</strong></span> <span class='ocrx_word' id='word_1_56' title='bbox 1783 1194 1842 1241; x_wconf 94' lang='lat' dir='ltr'><strong>ut</strong></span> <span class='ocrx_word' id='word_1_57' title='bbox 1870 1184 2035 1240; x_wconf 88' lang='lat' dir='ltr'><strong>Dens.</strong></span> 
     </span>
    </p>
   </div>
   <div class='ocr_carea' id='block_1_10' title="bbox 464 1273 2036 1365">
    <p class='ocr_par' dir='ltr' id='par_1_10' title="bbox 464 1273 2036 1365">
     <span class='ocr_line' id='line_1_10' title="bbox 464 1273 2036 1365; baseline -0.017 -11"><span class='ocrx_word' id='word_1_58' title='bbox 464 1293 627 1365; x_wconf 76' lang='lat'><strong>196</strong></span> <span class='ocrx_word' id='word_1_59' title='bbox 657 1291 795 1360; x_wconf 86' lang='lat' dir='ltr'><strong>Quid</strong></span> <span class='ocrx_word' id='word_1_60' title='bbox 826 1273 993 1360; x_wconf 83' lang='lat' dir='ltr'><strong>igitur</strong></span> <span class='ocrx_word' id='word_1_61' title='bbox 1011 1300 1149 1357; x_wconf 90' lang='lat' dir='ltr'><strong>opus</strong></span> <span class='ocrx_word' id='word_1_62' title='bbox 1181 1284 1279 1339; x_wconf 78' lang='lat' dir='ltr'><strong>init</strong></span> <span class='ocrx_word' id='word_1_63' title='bbox 1307 1280 1573 1353; x_wconf 72' lang='lat' dir='ltr'><strong>ejusmodi</strong></span> <span class='ocrx_word' id='word_1_64' title='bbox 1622 1277 1875 1334; x_wconf 87' lang='lat' dir='ltr'><strong>mandato</strong></span> <span class='ocrx_word' id='word_1_65' title='bbox 1912 1273 2036 1365; x_wconf 40' lang='lat' dir='ltr'><strong>Spit</strong></span> 
     </span>
    </p>
   </div>
   <div class='ocr_carea' id='block_1_11' title="bbox 462 1363 2039 1452">
    <p class='ocr_par' dir='ltr' id='par_1_11' title="bbox 462 1363 2039 1452">
     <span class='ocr_line' id='line_1_11' title="bbox 462 1363 2039 1452; baseline -0.013 -15"><span class='ocrx_word' id='word_1_66' title='bbox 462 1363 640 1439; x_wconf 67' lang='lat' dir='ltr'><strong>ritus?</strong></span> <span class='ocrx_word' id='word_1_67' title='bbox 667 1379 1065 1452; x_wconf 84' lang='lat' dir='ltr'><strong>Autqunmodo</strong></span> <span class='ocrx_word' id='word_1_68' title='bbox 1095 1376 1188 1448; x_wconf 86' lang='lat' dir='ltr'><strong>qui</strong></span> <span class='ocrx_word' id='word_1_69' title='bbox 1226 1376 1372 1430; x_wconf 91' lang='lat' dir='ltr'><strong>intus</strong></span> <span class='ocrx_word' id='word_1_70' title='bbox 1416 1382 1519 1437; x_wconf 82' lang='lat' dir='ltr'><strong>est,</strong></span> <span class='ocrx_word' id='word_1_71' title='bbox 1556 1368 1777 1425; x_wconf 87' lang='lat' dir='ltr'><strong>introire</strong></span> <span class='ocrx_word' id='word_1_72' title='bbox 1801 1363 2039 1422; x_wconf 71' lang='lat' dir='ltr'><strong>dicitur?</strong></span> 
     </span>
    </p>
   </div>
   <div class='ocr_carea' id='block_1_12' title="bbox 462 1455 2036 1541">
    <p class='ocr_par' dir='ltr' id='par_1_12' title="bbox 462 1455 2036 1541">
     <span class='ocr_line' id='line_1_12' title="bbox 462 1455 2036 1541; baseline -0.012 -13"><span class='ocrx_word' id='word_1_73' title='bbox 462 1471 926 1541; x_wconf 81' lang='lat' dir='ltr'><strong>Quemadmodum</strong></span> <span class='ocrx_word' id='word_1_74' title='bbox 981 1468 1149 1540; x_wconf 88' lang='lat' dir='ltr'><strong>igitur</strong></span> <span class='ocrx_word' id='word_1_75' title='bbox 1189 1480 1293 1521; x_wconf 92' lang='lat' dir='ltr'><strong>non</strong></span> <span class='ocrx_word' id='word_1_76' title='bbox 1328 1471 1593 1534; x_wconf 80' lang='lat' dir='ltr'><strong>quatenus</strong></span> <span class='ocrx_word' id='word_1_77' title='bbox 1620 1467 1701 1514; x_wconf 87' lang='lat' dir='ltr'><strong>est</strong></span> <span class='ocrx_word' id='word_1_78' title='bbox 1743 1457 1903 1521; x_wconf 86' lang='lat' dir='ltr'><strong>Deus,</strong></span> <span class='ocrx_word' id='word_1_79' title='bbox 1940 1455 2036 1511; x_wconf 81' lang='lat' dir='ltr'><strong>sed</strong></span> 
     </span>
    </p>
   </div>
   <div class='ocr_carea' id='block_1_13' title="bbox 458 1548 2039 1630">
    <p class='ocr_par' dir='ltr' id='par_1_13' title="bbox 458 1548 2039 1630">
     <span class='ocr_line' id='line_1_13' title="bbox 458 1548 2039 1630; baseline -0.007 -18"><span class='ocrx_word' id='word_1_80' title='bbox 458 1573 726 1630; x_wconf 82' lang='lat' dir='ltr'><strong>quatenus</strong></span> <span class='ocrx_word' id='word_1_81' title='bbox 760 1562 943 1624; x_wconf 93' lang='lat' dir='ltr'><strong>homo,</strong></span> <span class='ocrx_word' id='word_1_82' title='bbox 996 1565 1217 1626; x_wconf 82' lang='lat' dir='ltr'><strong>prapter</strong></span> <span class='ocrx_word' id='word_1_83' title='bbox 1257 1567 1355 1607; x_wconf 88' lang='lat' dir='ltr'><strong>nos</strong></span> <span class='ocrx_word' id='word_1_84' title='bbox 1403 1562 1458 1607; x_wconf 90' lang='lat' dir='ltr'><strong>et</strong></span> <span class='ocrx_word' id='word_1_85' title='bbox 1506 1564 1605 1620; x_wconf 88' lang='lat' dir='ltr'><strong>pro</strong></span> <span class='ocrx_word' id='word_1_86' title='bbox 1650 1548 1807 1604; x_wconf 90' lang='lat' dir='ltr'><strong>nobis</strong></span> <span class='ocrx_word' id='word_1_87' title='bbox 1849 1556 2039 1617; x_wconf 86' lang='lat' dir='ltr'><strong>portas</strong></span> 
     </span>
    </p>
   </div>
   <div class='ocr_carea' id='block_1_14' title="bbox 459 1638 2034 1719">
    <p class='ocr_par' dir='ltr' id='par_1_14' title="bbox 459 1638 2034 1719">
     <span class='ocr_line' id='line_1_14' title="bbox 459 1638 2034 1719; baseline -0.01 -14"><span class='ocrx_word' id='word_1_88' title='bbox 459 1651 717 1707; x_wconf 75' lang='lat' dir='ltr'><strong>cmlorum</strong></span> <span class='ocrx_word' id='word_1_89' title='bbox 752 1648 1071 1719; x_wconf 84' lang='lat' dir='ltr'><strong>ingreditur,</strong></span> <span class='ocrx_word' id='word_1_90' title='bbox 1105 1660 1202 1699; x_wconf 84' lang='lat' dir='ltr'><strong>nos</strong></span> <span class='ocrx_word' id='word_1_91' title='bbox 1238 1643 1291 1697; x_wconf 92' lang='lat' dir='ltr'><strong>ln</strong></span> <span class='ocrx_word' id='word_1_92' title='bbox 1319 1656 1412 1698; x_wconf 91' lang='lat' dir='ltr'><strong>eas</strong></span> <span class='ocrx_word' id='word_1_93' title='bbox 1446 1654 1541 1712; x_wconf 87' lang='lat' dir='ltr'><strong>per</strong></span> <span class='ocrx_word' id='word_1_94' title='bbox 1570 1655 1627 1696; x_wconf 91' lang='lat' dir='ltr'><strong>se</strong></span> <span class='ocrx_word' id='word_1_95' title='bbox 1665 1638 2034 1701; x_wconf 89' lang='lat' dir='ltr'><strong>introducens,</strong></span> 
     </span>
    </p>
   </div>
   <div class='ocr_carea' id='block_1_15' title="bbox 457 1729 2035 1811">
    <p class='ocr_par' dir='ltr' id='par_1_15' title="bbox 457 1729 2035 1811">
     <span class='ocr_line' id='line_1_15' title="bbox 457 1729 2035 1811; baseline -0.009 -14"><span class='ocrx_word' id='word_1_96' title='bbox 457 1755 687 1811; x_wconf 81' lang='lat' dir='ltr'><strong>eamque</strong></span> <span class='ocrx_word' id='word_1_97' title='bbox 730 1746 948 1810; x_wconf 81' lang='lat' dir='ltr'><strong>propter</strong></span> <span class='ocrx_word' id='word_1_98' title='bbox 994 1752 1091 1791; x_wconf 89' lang='lat' dir='ltr'><strong>nos</strong></span> <span class='ocrx_word' id='word_1_99' title='bbox 1136 1736 1277 1790; x_wconf 84' lang='lat' dir='ltr'><strong>viam</strong></span> <span class='ocrx_word' id='word_1_100' title='bbox 1326 1732 1650 1789; x_wconf 78' lang='lat' dir='ltr'><strong>instauravit</strong></span> <span class='ocrx_word' id='word_1_101' title='bbox 1699 1751 1711 1785; x_wconf 91' lang='lat'><strong>:</strong></span> <span class='ocrx_word' id='word_1_102' title='bbox 1750 1731 1822 1785; x_wconf 89' lang='lat' dir='ltr'><strong>ita</strong></span> <span class='ocrx_word' id='word_1_103' title='bbox 1870 1729 2035 1785; x_wconf 84' lang='lat' dir='ltr'><strong>etiam</strong></span> 
     </span>
    </p>
   </div>
   <div class='ocr_carea' id='block_1_16' title="bbox 1436 406 2683 473">
    <p class='ocr_par' dir='ltr' id='par_1_16' title="bbox 1436 406 2683 473">
     <span class='ocr_line' id='line_1_16' title="bbox 1436 406 2683 473; baseline -0.01 1"><span class='ocrx_word' id='word_1_104' title='bbox 1436 416 1496 473; x_wconf 85' lang='lat' dir='ltr'><strong>S.</strong></span> <span class='ocrx_word' id='word_1_105' title='bbox 1537 412 1815 472; x_wconf 76' lang='lat' dir='ltr'><strong>CYRILLI</strong></span> <span class='ocrx_word' id='word_1_106' title='bbox 1856 406 2323 465; x_wconf 78' lang='lat' dir='ltr'><strong>ALEXANDRINI</strong></span> <span class='ocrx_word' id='word_1_107' title='bbox 2363 407 2683 465; x_wconf 75' lang='lat' dir='ltr'><strong>ARCIilEP.</strong></span> 
     </span>
    </p>
   </div>
   <div class='ocr_carea' id='block_1_17' title="bbox 3606 396 3712 449">
    <p class='ocr_par' dir='ltr' id='par_1_17' title="bbox 3606 396 3712 449">
     <span class='ocr_line' id='line_1_17' title="bbox 3606 396 3712 449; baseline -0.009 -1"><span class='ocrx_word' id='word_1_108' title='bbox 3606 396 3712 449; x_wconf 61' lang='grc' dir='ltr'><strong>ὅδὲ</strong></span> 
     </span>
    </p>
   </div>
   <div class='ocr_carea' id='block_1_18' title="bbox 2816 521 3025 575">
    <p class='ocr_par' dir='ltr' id='par_1_18' title="bbox 2816 521 3025 575">
     <span class='ocr_line' id='line_1_18' title="bbox 2816 521 3025 575; baseline -0.038 0"><span class='ocrx_word' id='word_1_109' title='bbox 2816 521 3025 575; x_wconf 76' lang='lat' dir='ltr'><strong>AAAO.</strong></span> 
     </span>
    </p>
   </div>
   <div class='ocr_carea' id='block_1_19' title="bbox 2208 626 3716 706">
    <p class='ocr_par' dir='ltr' id='par_1_19' title="bbox 2208 626 3716 706">
     <span class='ocr_line' id='line_1_19' title="bbox 2208 626 3716 706; baseline -0.005 -17"><span class='ocrx_word' id='word_1_110' title='bbox 2208 635 2315 689; x_wconf 88' lang='grc' dir='ltr'>Τοῦ</span> <span class='ocrx_word' id='word_1_111' title='bbox 2353 635 2601 706; x_wconf 81' lang='grc' dir='ltr'><strong>Σωτῆρος</strong></span> <span class='ocrx_word' id='word_1_112' title='bbox 2647 631 2803 705; x_wconf 76' lang='grc' dir='ltr'>ἡμῶν</span> <span class='ocrx_word' id='word_1_113' title='bbox 2834 630 2933 702; x_wconf 73' lang='grc' dir='ltr'>τὴν</span> <span class='ocrx_word' id='word_1_114' title='bbox 2972 631 3052 695; x_wconf 83' lang='grc' dir='ltr'><strong>είς</strong></span> <span class='ocrx_word' id='word_1_115' title='bbox 3094 630 3354 701; x_wconf 82' lang='grc' dir='ltr'>οὐρανοὺς</span> <span class='ocrx_word' id='word_1_116' title='bbox 3382 626 3651 700; x_wconf 74' lang='grc' dir='ltr'>ἀνάληψιν</span> <span class='ocrx_word' id='word_1_117' title='bbox 3683 627 3716 682; x_wconf 80' lang='grc' dir='ltr'><strong>ό</strong></span> 
     </span>
    </p>
   </div>
   <div class='ocr_carea' id='block_1_20' title="bbox 2137 719 3712 799">
    <p class='ocr_par' dir='ltr' id='par_1_20' title="bbox 2137 719 3712 799">
     <span class='ocr_line' id='line_1_20' title="bbox 2137 719 3712 799; baseline -0.007 -17"><span class='ocrx_word' id='word_1_118' title='bbox 2137 727 2442 799; x_wconf 68' lang='grc' dir='ltr'>Ψαλμῳδὸς</span> <span class='ocrx_word' id='word_1_119' title='bbox 2486 725 2849 797; x_wconf 67' lang='grc' dir='ltr'><strong>ἐξηγούμενος</strong></span> <span class='ocrx_word' id='word_1_120' title='bbox 2891 722 2980 777; x_wconf 79' lang='grc' dir='ltr'><strong>διὰ</strong></span> <span class='ocrx_word' id='word_1_121' title='bbox 3021 720 3117 775; x_wconf 89' lang='grc' dir='ltr'><strong>τοῦ</strong></span> <span class='ocrx_word' id='word_1_122' title='bbox 3165 720 3482 791; x_wconf 86' lang='grc' dir='ltr'>Πνεύματος</span> <span class='ocrx_word' id='word_1_123' title='bbox 3526 719 3712 788; x_wconf 74' lang='grc' dir='ltr'>λέγει’</span> 
     </span>
    </p>
   </div>
   <div class='ocr_carea' id='block_1_21' title="bbox 2145 810 3713 893">
    <p class='ocr_par' dir='ltr' id='par_1_21' title="bbox 2145 810 3713 893">
     <span class='ocr_line' id='line_1_21' title="bbox 2145 810 3713 893; baseline -0.008 -18"><span class='ocrx_word' id='word_1_124' title='bbox 2145 842 2163 875; x_wconf 86' lang='grc' dir='ltr'>ι</span> <span class='ocrx_word' id='word_1_125' title='bbox 2190 824 2393 893; x_wconf 82' lang='grc' dir='ltr'>Ἀρατε</span> <span class='ocrx_word' id='word_1_126' title='bbox 2428 820 2624 885; x_wconf 80' lang='grc' dir='ltr'><strong>πύλας,</strong></span> <span class='ocrx_word' id='word_1_127' title='bbox 2658 822 2706 873; x_wconf 81' lang='lat' dir='ltr'><strong>oi</strong></span> <span class='ocrx_word' id='word_1_128' title='bbox 2737 820 2994 890; x_wconf 72' lang='grc' dir='ltr'>αρχοντες</span> <span class='ocrx_word' id='word_1_129' title='bbox 3014 856 3029 880; x_wconf 88' lang='grc'><strong>,</strong></span> <span class='ocrx_word' id='word_1_130' title='bbox 3060 815 3234 887; x_wconf 83' lang='grc' dir='ltr'>ὐμῶν,</span> <span class='ocrx_word' id='word_1_131' title='bbox 3270 814 3365 869; x_wconf 74' lang='grc' dir='ltr'>καὶ</span> <span class='ocrx_word' id='word_1_132' title='bbox 3402 810 3713 882; x_wconf 74' lang='grc' dir='ltr'>ὸπάρθητε,</span> 
     </span>
    </p>
   </div>
   <div class='ocr_carea' id='block_1_22' title="bbox 2138 902 3710 978">
    <p class='ocr_par' dir='ltr' id='par_1_22' title="bbox 2138 902 3710 978">
     <span class='ocr_line' id='line_1_22' title="bbox 2138 902 3710 978; baseline -0.01 -10"><span class='ocrx_word' id='word_1_133' title='bbox 2138 914 2305 969; x_wconf 82' lang='grc' dir='ltr'>πύλαι</span> <span class='ocrx_word' id='word_1_134' title='bbox 2322 913 2527 968; x_wconf 82' lang='grc' dir='ltr'>αίώνιοι</span> <span class='ocrx_word' id='word_1_135' title='bbox 2537 954 2550 978; x_wconf 91' lang='grc'><strong>,</strong></span> <span class='ocrx_word' id='word_1_136' title='bbox 2566 911 2659 966; x_wconf 80' lang='grc' dir='ltr'>καὶ</span> <span class='ocrx_word' id='word_1_137' title='bbox 2680 909 3045 965; x_wconf 77' lang='grc' dir='ltr'><strong>εἰσελεύσεται</strong></span> <span class='ocrx_word' id='word_1_138' title='bbox 3060 910 3088 962; x_wconf 91' lang='grc' dir='ltr'><strong>ό</strong></span> <span class='ocrx_word' id='word_1_139' title='bbox 3104 905 3367 969; x_wconf 77' lang='grc' dir='ltr'>Βασιλεὺς</span> <span class='ocrx_word' id='word_1_140' title='bbox 3380 903 3482 975; x_wconf 84' lang='grc' dir='ltr'>τῆς</span> <span class='ocrx_word' id='word_1_141' title='bbox 3494 902 3673 970; x_wconf 81' lang='grc' dir='ltr'><strong>δόξης.</strong></span> <span class='ocrx_word' id='word_1_142' title='bbox 3691 919 3710 953; x_wconf 79' lang='grc' dir='ltr'>ι</span> 
     </span>
    </p>
   </div>
   <div class='ocr_carea' id='block_1_23' title="bbox 2151 991 3719 1075">
    <p class='ocr_par' dir='ltr' id='par_1_23' title="bbox 2151 991 3719 1075">
     <span class='ocr_line' id='line_1_23' title="bbox 2151 991 3719 1075; baseline -0.013 -14"><span class='ocrx_word' id='word_1_143' title='bbox 2151 1006 2417 1061; x_wconf 81' lang='grc' dir='ltr'><strong>Ἐνταῦθα</strong></span> <span class='ocrx_word' id='word_1_144' title='bbox 2444 1005 2553 1075; x_wconf 84' lang='grc' dir='ltr'>γὰρ</span> <span class='ocrx_word' id='word_1_145' title='bbox 2582 1006 2699 1067; x_wconf 86' lang='grc' dir='ltr'>ταῖς</span> <span class='ocrx_word' id='word_1_146' title='bbox 2712 994 2784 1056; x_wconf 73' lang='grc' dir='ltr'><strong>’ὲν</strong></span> <span class='ocrx_word' id='word_1_147' title='bbox 2812 1003 2924 1065; x_wconf 89' lang='grc' dir='ltr'>τοῖς</span> <span class='ocrx_word' id='word_1_148' title='bbox 2946 1000 3194 1070; x_wconf 79' lang='grc' dir='ltr'>οὐρανοῖς</span> <span class='ocrx_word' id='word_1_149' title='bbox 3216 995 3400 1065; x_wconf 79' lang='grc' dir='ltr'><strong>ἁγίαις</strong></span> <span class='ocrx_word' id='word_1_150' title='bbox 3419 991 3719 1063; x_wconf 84' lang='grc' dir='ltr'>δυνάμεσιν</span> 
     </span>
    </p>
   </div>
   <div class='ocr_carea' id='block_1_24' title="bbox 2136 1084 3720 1164">
    <p class='ocr_par' dir='ltr' id='par_1_24' title="bbox 2136 1084 3720 1164">
     <span class='ocr_line' id='line_1_24' title="bbox 2136 1084 3720 1164; baseline -0.008 -14"><span class='ocrx_word' id='word_1_151' title='bbox 2136 1097 2417 1151; x_wconf 65' lang='grc' dir='ltr'>ἐπιτάττει</span> <span class='ocrx_word' id='word_1_152' title='bbox 2440 1094 2500 1149; x_wconf 90' lang='grc' dir='ltr'><strong>τὸ</strong></span> <span class='ocrx_word' id='word_1_153' title='bbox 2515 1095 2736 1164; x_wconf 82' lang='grc' dir='ltr'><strong>Πνεῦμα</strong></span> <span class='ocrx_word' id='word_1_154' title='bbox 2763 1091 2861 1156; x_wconf 82' lang='grc' dir='ltr'>τὰς</span> <span class='ocrx_word' id='word_1_155' title='bbox 2877 1090 3051 1154; x_wconf 81' lang='grc' dir='ltr'>πύλας</span> <span class='ocrx_word' id='word_1_156' title='bbox 3079 1088 3317 1157; x_wconf 78' lang='grc' dir='ltr'>ἀνοίγειν</span> <span class='ocrx_word' id='word_1_157' title='bbox 3345 1084 3720 1155; x_wconf 69' lang='grc' dir='ltr'>εἰσερχομινῳ</span> 
     </span>
    </p>
   </div>
   <div class='ocr_carea' id='block_1_25' title="bbox 2136 1176 3719 1262">
    <p class='ocr_par' dir='ltr' id='par_1_25' title="bbox 2136 1176 3719 1262">
     <span class='ocr_line' id='line_1_25' title="bbox 2136 1176 3719 1262; baseline -0.011 -18"><span class='ocrx_word' id='word_1_158' title='bbox 2136 1188 2379 1262; x_wconf 83' lang='grc' dir='ltr'>Χριστῷ.</span> <span class='ocrx_word' id='word_1_159' title='bbox 2397 1188 2536 1243; x_wconf 81' lang='grc' dir='ltr'>Ἀλλ’</span> <span class='ocrx_word' id='word_1_160' title='bbox 2552 1183 2619 1261; x_wconf 76' lang='grc' dir='ltr'>ἦν</span> <span class='ocrx_word' id='word_1_161' title='bbox 2642 1187 2736 1241; x_wconf 85' lang='grc' dir='ltr'>καὶ</span> <span class='ocrx_word' id='word_1_162' title='bbox 2764 1186 2869 1259; x_wconf 88' lang='grc' dir='ltr'><strong>πρὸ</strong></span> <span class='ocrx_word' id='word_1_163' title='bbox 2888 1184 2987 1256; x_wconf 86' lang='grc' dir='ltr'>τῆς</span> <span class='ocrx_word' id='word_1_164' title='bbox 3014 1180 3335 1253; x_wconf 77' lang='grc' dir='ltr'><strong>ἀναλήψεως</strong></span> <span class='ocrx_word' id='word_1_165' title='bbox 3362 1179 3492 1232; x_wconf 75' lang='grc' dir='ltr'>εἴσω</span> <span class='ocrx_word' id='word_1_166' title='bbox 3514 1193 3573 1230; x_wconf 86' lang='grc' dir='ltr'><strong>τε</strong></span> <span class='ocrx_word' id='word_1_167' title='bbox 3603 1176 3719 1229; x_wconf 87' lang='grc' dir='ltr'><strong>τῶν</strong></span> 
     </span>
    </p>
   </div>
   <div class='ocr_carea' id='block_1_26' title="bbox 2138 1266 3721 1350">
    <p class='ocr_par' dir='ltr' id='par_1_26' title="bbox 2138 1266 3721 1350">
     <span class='ocr_line' id='line_1_26' title="bbox 2138 1266 3721 1350; baseline -0.009 -15"><span class='ocrx_word' id='word_1_168' title='bbox 2138 1282 2320 1337; x_wconf 83' lang='grc' dir='ltr'>πυλῶν</span> <span class='ocrx_word' id='word_1_169' title='bbox 2342 1282 2441 1335; x_wconf 81' lang='grc' dir='ltr'>καὶ</span> <span class='ocrx_word' id='word_1_170' title='bbox 2463 1281 2519 1333; x_wconf 74' lang='grc' dir='ltr'>ιν</span> <span class='ocrx_word' id='word_1_171' title='bbox 2552 1282 2663 1342; x_wconf 81' lang='grc' dir='ltr'>τοῖς</span> <span class='ocrx_word' id='word_1_172' title='bbox 2692 1279 2943 1350; x_wconf 82' lang='grc' dir='ltr'>οὐρανοῖς</span> <span class='ocrx_word' id='word_1_173' title='bbox 2969 1276 3046 1340; x_wconf 82' lang='grc' dir='ltr'><strong>ὡς</strong></span> <span class='ocrx_word' id='word_1_174' title='bbox 3069 1274 3220 1338; x_wconf 83' lang='grc' dir='ltr'>Θεός.</span> <span class='ocrx_word' id='word_1_175' title='bbox 3251 1271 3317 1326; x_wconf 83' lang='grc' dir='ltr'>Τί</span> <span class='ocrx_word' id='word_1_176' title='bbox 3342 1266 3435 1324; x_wconf 84' lang='grc' dir='ltr'>οὖν</span> <span class='ocrx_word' id='word_1_177' title='bbox 3467 1270 3574 1323; x_wconf 76' lang='grc' dir='ltr'>εδει</span> <span class='ocrx_word' id='word_1_178' title='bbox 3603 1267 3721 1322; x_wconf 81' lang='grc' dir='ltr'><strong>τῶν</strong></span> 
     </span>
    </p>
   </div>
   <div class='ocr_carea' id='block_1_27' title="bbox 2135 1360 3722 1443">
    <p class='ocr_par' dir='ltr' id='par_1_27' title="bbox 2135 1360 3722 1443">
     <span class='ocr_line' id='line_1_27' title="bbox 2135 1360 3722 1443; baseline -0.01 -14"><span class='ocrx_word' id='word_1_179' title='bbox 2135 1374 2392 1429; x_wconf 82' lang='grc' dir='ltr'>τοιούτων</span> <span class='ocrx_word' id='word_1_180' title='bbox 2420 1368 2513 1425; x_wconf 84' lang='grc' dir='ltr'><strong>τοῦ</strong></span> <span class='ocrx_word' id='word_1_181' title='bbox 2564 1369 2885 1443; x_wconf 85' lang='grc' dir='ltr'>Πνεύματος</span> <span class='ocrx_word' id='word_1_182' title='bbox 2931 1364 3401 1439; x_wconf 85' lang='grc' dir='ltr'>προσταγμάτων;</span> <span class='ocrx_word' id='word_1_183' title='bbox 3431 1362 3503 1416; x_wconf 84' lang='grc' dir='ltr'><strong>Ἦ</strong></span> <span class='ocrx_word' id='word_1_184' title='bbox 3531 1361 3649 1426; x_wconf 83' lang='grc' dir='ltr'><strong>πῶς</strong></span> <span class='ocrx_word' id='word_1_185' title='bbox 3687 1360 3722 1413; x_wconf 81' lang='grc'>6</span> 
     </span>
    </p>
   </div>
   <div class='ocr_carea' id='block_1_28' title="bbox 2138 1447 3723 1533">
    <p class='ocr_par' dir='ltr' id='par_1_28' title="bbox 2138 1447 3723 1533">
     <span class='ocr_line' id='line_1_28' title="bbox 2138 1447 3723 1533; baseline -0.009 -14"><span class='ocrx_word' id='word_1_186' title='bbox 2138 1465 2283 1520; x_wconf 73' lang='grc' dir='ltr'>ἔνδον</span> <span class='ocrx_word' id='word_1_187' title='bbox 2312 1462 2387 1517; x_wconf 84' lang='grc' dir='ltr'>ὣν</span> <span class='ocrx_word' id='word_1_188' title='bbox 2434 1460 2780 1533; x_wconf 76' lang='grc' dir='ltr'>είσέρχεσθαι</span> <span class='ocrx_word' id='word_1_189' title='bbox 2823 1459 3070 1527; x_wconf 73' lang='grc' dir='ltr'>λέγεταις</span> <span class='ocrx_word' id='word_1_190' title='bbox 3108 1447 3316 1526; x_wconf 80' lang='grc' dir='ltr'>Ὠσπερ</span> <span class='ocrx_word' id='word_1_191' title='bbox 3348 1449 3442 1509; x_wconf 81' lang='grc' dir='ltr'>οὖν</span> <span class='ocrx_word' id='word_1_192' title='bbox 3479 1453 3539 1507; x_wconf 92' lang='grc' dir='ltr'><strong>οὐ</strong></span> <span class='ocrx_word' id='word_1_193' title='bbox 3578 1451 3723 1507; x_wconf 86' lang='grc' dir='ltr'>καθὸ</span> 
     </span>
    </p>
   </div>
   <div class='ocr_carea' id='block_1_29' title="bbox 2137 1544 3722 1631">
    <p class='ocr_par' dir='ltr' id='par_1_29' title="bbox 2137 1544 3722 1631">
     <span class='ocr_line' id='line_1_29' title="bbox 2137 1544 3722 1631; baseline -0.009 -20"><span class='ocrx_word' id='word_1_194' title='bbox 2137 1556 2269 1620; x_wconf 86' lang='grc' dir='ltr'>Θεός</span> <span class='ocrx_word' id='word_1_195' title='bbox 2298 1557 2465 1621; x_wconf 77' lang='grc' dir='ltr'>ἐστιν,</span> <span class='ocrx_word' id='word_1_196' title='bbox 2502 1553 2640 1608; x_wconf 79' lang='grc' dir='ltr'>ἀλλὰ</span> <span class='ocrx_word' id='word_1_197' title='bbox 2674 1552 2809 1607; x_wconf 90' lang='grc' dir='ltr'>καθὸ</span> <span class='ocrx_word' id='word_1_198' title='bbox 2838 1550 3142 1631; x_wconf 71' lang='grc' dir='ltr'>ἄνθρωπος,</span> <span class='ocrx_word' id='word_1_199' title='bbox 3178 1547 3244 1601; x_wconf 83' lang='grc' dir='ltr'>δι’</span> <span class='ocrx_word' id='word_1_200' title='bbox 3276 1548 3426 1618; x_wconf 74' lang='grc' dir='ltr'>ἡμᾶς</span> <span class='ocrx_word' id='word_1_201' title='bbox 3454 1545 3550 1599; x_wconf 73' lang='grc' dir='ltr'>καὶ</span> <span class='ocrx_word' id='word_1_202' title='bbox 3572 1544 3722 1631; x_wconf 67' lang='grc' dir='ltr'>ύπλρ</span> 
     </span>
    </p>
   </div>
   <div class='ocr_carea' id='block_1_30' title="bbox 2134 1630 3721 1717">
    <p class='ocr_par' dir='ltr' id='par_1_30' title="bbox 2134 1630 3721 1717">
     <span class='ocr_line' id='line_1_30' title="bbox 2134 1630 3721 1717; baseline -0.013 -16"><span class='ocrx_word' id='word_1_203' title='bbox 2134 1636 2294 1717; x_wconf 76' lang='grc' dir='ltr'>ἡμῶν</span> <span class='ocrx_word' id='word_1_204' title='bbox 2329 1645 2428 1707; x_wconf 74' lang='grc' dir='ltr'><strong>τὰς</strong></span> <span class='ocrx_word' id='word_1_205' title='bbox 2467 1640 2851 1713; x_wconf 73' lang='grc' dir='ltr'>τῶνὋύρανῶν</span> <span class='ocrx_word' id='word_1_206' title='bbox 2877 1630 3192 1708; x_wconf 68' lang='grc' dir='ltr'>ῐῖσέρχεται</span> <span class='ocrx_word' id='word_1_207' title='bbox 3222 1632 3398 1696; x_wconf 85' lang='grc' dir='ltr'>πύλας</span> <span class='ocrx_word' id='word_1_208' title='bbox 3418 1673 3433 1699; x_wconf 92' lang='grc'><strong>,</strong></span> <span class='ocrx_word' id='word_1_209' title='bbox 3473 1631 3622 1701; x_wconf 77' lang='grc' dir='ltr'>ἡμᾶς</span> <span class='ocrx_word' id='word_1_210' title='bbox 3656 1630 3721 1682; x_wconf 73' lang='grc' dir='ltr'><strong>εν</strong></span> 
     </span>
    </p>
   </div>
   <div class='ocr_carea' id='block_1_31' title="bbox 2136 1720 3724 1803">
    <p class='ocr_par' dir='ltr' id='par_1_31' title="bbox 2136 1720 3724 1803">
     <span class='ocr_line' id='line_1_31' title="bbox 2136 1720 3724 1803; baseline -0.013 -12"><span class='ocrx_word' id='word_1_211' title='bbox 2136 1738 2329 1801; x_wconf 90' lang='grc' dir='ltr'>αὐταῖς</span> <span class='ocrx_word' id='word_1_212' title='bbox 2375 1735 2613 1803; x_wconf 76' lang='grc' dir='ltr'><strong>εἰσάγων</strong></span> <span class='ocrx_word' id='word_1_213' title='bbox 2664 1731 2733 1785; x_wconf 85' lang='grc' dir='ltr'><strong>δι’</strong></span> <span class='ocrx_word' id='word_1_214' title='bbox 2779 1728 2995 1793; x_wconf 71' lang='grc' dir='ltr'>ἑαυτοῦ,</span> <span class='ocrx_word' id='word_1_215' title='bbox 3056 1727 3149 1780; x_wconf 69' lang='grc' dir='ltr'>καὶ</span> <span class='ocrx_word' id='word_1_216' title='bbox 3197 1724 3404 1794; x_wconf 85' lang='grc' dir='ltr'>ταύτην</span> <span class='ocrx_word' id='word_1_217' title='bbox 3453 1720 3520 1776; x_wconf 87' lang='grc' dir='ltr'><strong>δι’</strong></span> <span class='ocrx_word' id='word_1_218' title='bbox 3567 1720 3724 1791; x_wconf 76' lang='grc' dir='ltr'>ἡμᾶς</span> 
     </span>
    </p>
   </div>
   <div class='ocr_carea' id='block_1_32' title="bbox 460 1810 2035 1921">
    <p class='ocr_par' dir='ltr' id='par_1_32' title="bbox 460 1810 2034 1896">
     <span class='ocr_line' id='line_1_32' title="bbox 460 1810 2034 1896; baseline -0.008 -10"><span class='ocrx_word' id='word_1_219' title='bbox 460 1847 579 1886; x_wconf 92' lang='lat' dir='ltr'><strong>cum</strong></span> <span class='ocrx_word' id='word_1_220' title='bbox 606 1810 684 1887; x_wconf 84' lang='lat' dir='ltr'><strong>sit</strong></span> <span class='ocrx_word' id='word_1_221' title='bbox 716 1830 1033 1892; x_wconf 88' lang='lat' dir='ltr'><strong>altissimus,</strong></span> <span class='ocrx_word' id='word_1_222' title='bbox 1067 1828 1338 1882; x_wconf 82' lang='lat' dir='ltr'><strong>exaltatur</strong></span> <span class='ocrx_word' id='word_1_223' title='bbox 1360 1833 1583 1896; x_wconf 90' lang='lat' dir='ltr'><strong>propter</strong></span> <span class='ocrx_word' id='word_1_224' title='bbox 1610 1837 1731 1888; x_wconf 86' lang='lat' dir='ltr'><strong>nos,</strong></span> <span class='ocrx_word' id='word_1_225' title='bbox 1765 1830 1822 1875; x_wconf 91' lang='lat' dir='ltr'><strong>ut</strong></span> <span class='ocrx_word' id='word_1_226' title='bbox 1853 1822 2034 1886; x_wconf 91' lang='lat' dir='ltr'><strong>homo,</strong></span> 
     </span>
    </p>
   </div>
   <div class='ocr_carea' id='block_1_33' title="bbox 2149 1810 3721 1921">
    <p class='ocr_par' dir='ltr' id='par_1_33' title="bbox 2149 1810 3721 1897">
     <span class='ocr_line' id='line_1_33' title="bbox 2149 1810 3721 1897; baseline -0.014 -15"><span class='ocrx_word' id='word_1_227' title='bbox 2149 1827 2442 1882; x_wconf 66' lang='grc' dir='ltr'>ὲνεκαίνισε</span> <span class='ocrx_word' id='word_1_228' title='bbox 2481 1825 2581 1897; x_wconf 79' lang='grc' dir='ltr'>τὴν</span> <span class='ocrx_word' id='word_1_229' title='bbox 2615 1823 2767 1878; x_wconf 82' lang='grc' dir='ltr'>όδόν’</span> <span class='ocrx_word' id='word_1_230' title='bbox 2801 1820 2946 1875; x_wconf 72' lang='grc' dir='ltr'>οὕτω</span> <span class='ocrx_word' id='word_1_231' title='bbox 2994 1818 3087 1873; x_wconf 75' lang='grc' dir='ltr'>καὶ</span> <span class='ocrx_word' id='word_1_232' title='bbox 3141 1814 3366 1883; x_wconf 74' lang='grc' dir='ltr'>ὕψιστος</span> <span class='ocrx_word' id='word_1_233' title='bbox 3408 1810 3721 1882; x_wconf 79' lang='grc' dir='ltr'><strong>τυγχάνων,</strong></span> 
     </span>
    </p>
   </div>
   <div class='ocr_carea' id='block_1_34' title="bbox 459 1901 2035 1991">
    <p class='ocr_par' dir='ltr' id='par_1_34' title="bbox 459 1912 2035 1991">
     <span class='ocr_line' id='line_1_34' title="bbox 459 1912 2035 1991; baseline -0.008 -14"><span class='ocrx_word' id='word_1_234' title='bbox 459 1932 519 1979; x_wconf 88' lang='grc' dir='ltr'>ιιι</span> <span class='ocrx_word' id='word_1_235' title='bbox 566 1937 665 1978; x_wconf 89' lang='lat' dir='ltr'><strong>nos</strong></span> <span class='ocrx_word' id='word_1_236' title='bbox 708 1922 1009 1987; x_wconf 13' lang='lat' dir='ltr'><strong>exaltem‘ur</strong></span> <span class='ocrx_word' id='word_1_237' title='bbox 1062 1920 1115 1974; x_wconf 93' lang='lat' dir='ltr'><strong>in</strong></span> <span class='ocrx_word' id='word_1_238' title='bbox 1162 1919 1278 1991; x_wconf 88' lang='lat' dir='ltr'><strong>ipso</strong></span> <span class='ocrx_word' id='word_1_239' title='bbox 1333 1923 1577 1989; x_wconf 81' lang='lat' dir='ltr'><strong>gestante</strong></span> <span class='ocrx_word' id='word_1_240' title='bbox 1625 1912 2035 1969; x_wconf 90' lang='lat' dir='ltr'><strong>similitudinem</strong></span> 
     </span>
    </p>
   </div>
   <div class='ocr_carea' id='block_1_35' title="bbox 2149 1901 3724 1991">
    <p class='ocr_par' dir='ltr' id='par_1_35' title="bbox 2149 1901 3724 1990">
     <span class='ocr_line' id='line_1_35' title="bbox 2149 1901 3724 1990; baseline -0.013 -16"><span class='ocrx_word' id='word_1_241' title='bbox 2149 1919 2372 1990; x_wconf 74' lang='grc' dir='ltr'>ὑψοῦται</span> <span class='ocrx_word' id='word_1_242' title='bbox 2397 1919 2468 1972; x_wconf 76' lang='grc' dir='ltr'>δι’</span> <span class='ocrx_word' id='word_1_243' title='bbox 2495 1917 2662 1988; x_wconf 75' lang='grc' dir='ltr'>ἡμᾶς,</span> <span class='ocrx_word' id='word_1_244' title='bbox 2679 1914 2757 1980; x_wconf 83' lang='grc' dir='ltr'><strong>ὡς</strong></span> <span class='ocrx_word' id='word_1_245' title='bbox 2780 1912 3094 1984; x_wconf 67' lang='grc' dir='ltr'>ἄνθρωπος,</span> <span class='ocrx_word' id='word_1_246' title='bbox 3124 1910 3191 1963; x_wconf 74' lang='grc' dir='ltr'><strong>ἶν’</strong></span> <span class='ocrx_word' id='word_1_247' title='bbox 3222 1908 3387 1979; x_wconf 77' lang='grc' dir='ltr'>ἡμεῖς</span> <span class='ocrx_word' id='word_1_248' title='bbox 3410 1901 3724 1975; x_wconf 83' lang='grc' dir='ltr'>ύψωθῶμεν</span> 
     </span>
    </p>
   </div>
   <div class='ocr_carea' id='block_1_36' title="bbox 461 2002 2038 2084">
    <p class='ocr_par' dir='ltr' id='par_1_36' title="bbox 461 2002 2038 2084">
     <span class='ocr_line' id='line_1_36' title="bbox 461 2002 2038 2084; baseline -0.007 -15"><span class='ocrx_word' id='word_1_249' title='bbox 461 2015 661 2083; x_wconf 87' lang='lat' dir='ltr'><strong>nostri,</strong></span> <span class='ocrx_word' id='word_1_250' title='bbox 698 2023 862 2084; x_wconf 85' lang='lat' dir='ltr'><strong>utque</strong></span> <span class='ocrx_word' id='word_1_251' title='bbox 914 2014 989 2069; x_wconf 87' lang='lat' dir='ltr'><strong>ita</strong></span> <span class='ocrx_word' id='word_1_252' title='bbox 1050 2011 1368 2069; x_wconf 74' lang='lat' dir='ltr'><strong>reformat-et</strong></span> <span class='ocrx_word' id='word_1_253' title='bbox 1426 2022 1526 2063; x_wconf 87' lang='lat' dir='ltr'><strong>nos</strong></span> <span class='ocrx_word' id='word_1_254' title='bbox 1572 2006 1626 2062; x_wconf 91' lang='lat' dir='ltr'><strong>in</strong></span> <span class='ocrx_word' id='word_1_255' title='bbox 1676 2006 1914 2076; x_wconf 82' lang='lat' dir='ltr'><strong>seipsum</strong></span> <span class='ocrx_word' id='word_1_256' title='bbox 1965 2002 2038 2058; x_wconf 90' lang='lat' dir='ltr'><strong>ad</strong></span> 
     </span>
    </p>
   </div>
   <div class='ocr_carea' id='block_1_37' title="bbox 459 2097 2041 2180">
    <p class='ocr_par' dir='ltr' id='par_1_37' title="bbox 459 2097 2041 2180">
     <span class='ocr_line' id='line_1_37' title="bbox 459 2097 2041 2180; baseline -0.008 -18"><span class='ocrx_word' id='word_1_257' title='bbox 459 2104 751 2180; x_wconf 79' lang='lat' dir='ltr'><strong>imaginem</strong></span> <span class='ocrx_word' id='word_1_258' title='bbox 768 2104 1065 2173; x_wconf 81' lang='lat' dir='ltr'><strong>Creatoris,</strong></span> <span class='ocrx_word' id='word_1_259' title='bbox 1087 2104 1392 2160; x_wconf 79' lang='lat' dir='ltr'><strong>instaurans</strong></span> <span class='ocrx_word' id='word_1_260' title='bbox 1408 2097 2041 2168; x_wconf 40' lang='lat' dir='ltr'><strong>naturamfpristinoque</strong></span> 
     </span>
    </p>
   </div>
   <div class='ocr_carea' id='block_1_38' title="bbox 458 2198 968 2254">
    <p class='ocr_par' dir='ltr' id='par_1_38' title="bbox 458 2198 968 2254">
     <span class='ocr_line' id='line_1_38' title="bbox 458 2198 968 2254; baseline -0.004 0"><span class='ocrx_word' id='word_1_261' title='bbox 458 2200 620 2254; x_wconf 76' lang='lat' dir='ltr'><strong>statui</strong></span> <span class='ocrx_word' id='word_1_262' title='bbox 653 2198 968 2254; x_wconf 86' lang='lat' dir='ltr'><strong>restituens.</strong></span> 
     </span>
    </p>
   </div>
   <div class='ocr_carea' id='block_1_39' title="bbox 459 2389 2040 2465">
    <p class='ocr_par' dir='ltr' id='par_1_39' title="bbox 459 2389 2040 2465">
     <span class='ocr_line' id='line_1_39' title="bbox 459 2389 2040 2465; baseline -0.006 -13"><span class='ocrx_word' id='word_1_263' title='bbox 459 2398 840 2454; x_wconf 72' lang='lat' dir='ltr'><strong>Annototioncs</strong></span> <span class='ocrx_word' id='word_1_264' title='bbox 874 2396 1071 2465; x_wconf 76' lang='lat' dir='ltr'><strong>aliquot</strong></span> <span class='ocrx_word' id='word_1_265' title='bbox 1116 2394 1183 2465; x_wconf 59' lang='lat' dir='ltr'><strong>de</strong></span> <span class='ocrx_word' id='word_1_266' title='bbox 1228 2394 1602 2465; x_wconf 71' lang='lat' dir='ltr'><strong>incarnatione</strong></span> <span class='ocrx_word' id='word_1_267' title='bbox 1647 2390 1830 2445; x_wconf 70' lang='lat' dir='ltr'><strong>eodem</strong></span> <span class='ocrx_word' id='word_1_268' title='bbox 1850 2389 2040 2465; x_wconf 50' lang='lat' dir='ltr'><strong>ferti-</strong></span> 
     </span>
    </p>
   </div>
   <div class='ocr_carea' id='block_1_40' title="bbox 529 2463 2038 2533">
    <p class='ocr_par' dir='ltr' id='par_1_40' title="bbox 529 2463 2038 2533">
     <span class='ocr_line' id='line_1_40' title="bbox 529 2463 2038 2533; baseline -0.009 -11"><span class='ocrx_word' id='word_1_269' title='bbox 529 2479 727 2523; x_wconf 76' lang='lat' dir='ltr'><strong>nentes.</strong></span> <span class='ocrx_word' id='word_1_270' title='bbox 773 2465 837 2520; x_wconf 84' lang='grc' dir='ltr'>ιιι</span> <span class='ocrx_word' id='word_1_271' title='bbox 878 2463 1035 2533; x_wconf 77' lang='lat' dir='ltr'><strong>illud,</strong></span> <span class='ocrx_word' id='word_1_272' title='bbox 1069 2482 1089 2517; x_wconf 81' lang='grc' dir='ltr'>ι</span> <span class='ocrx_word' id='word_1_273' title='bbox 1122 2463 1278 2518; x_wconf 81' lang='lat' dir='ltr'><strong>Dedit</strong></span> <span class='ocrx_word' id='word_1_274' title='bbox 1316 2463 1419 2533; x_wconf 76' lang='lat' dir='ltr'><strong>illi,</strong></span> <span class='ocrx_word' id='word_1_275' title='bbox 1456 2482 1477 2516; x_wconf 80' lang='grc' dir='ltr'>ι</span> <span class='ocrx_word' id='word_1_276' title='bbox 1514 2472 1646 2533; x_wconf 88' lang='lat' dir='ltr'><strong>etc.,</strong></span> <span class='ocrx_word' id='word_1_277' title='bbox 1686 2470 1733 2514; x_wconf 81' lang='lat' dir='ltr'><strong>et</strong></span> <span class='ocrx_word' id='word_1_278' title='bbox 1767 2476 1809 2533; x_wconf 75' lang='lat' dir='ltr'><strong>_i</strong></span> <span class='ocrx_word' id='word_1_279' title='bbox 1838 2463 2038 2533; x_wconf 48' lang='lat' dir='ltr'><strong>Super,-</strong></span> 
     </span>
    </p>
   </div>
   <div class='ocr_carea' id='block_1_41' title="bbox 526 2526 2039 2604">
    <p class='ocr_par' dir='ltr' id='par_1_41' title="bbox 526 2526 2039 2604">
     <span class='ocr_line' id='line_1_41' title="bbox 526 2526 2039 2604; baseline -0.008 -12"><span class='ocrx_word' id='word_1_280' title='bbox 526 2538 773 2592; x_wconf 77' lang='lat' dir='ltr'><strong>mltauit</strong></span> <span class='ocrx_word' id='word_1_281' title='bbox 798 2537 991 2600; x_wconf 74' lang='lat' dir='ltr'><strong>ipsum,</strong></span> <span class='ocrx_word' id='word_1_282' title='bbox 1020 2526 1046 2588; x_wconf 63' lang='grc' dir='ltr'><strong>ἰ</strong></span> <span class='ocrx_word' id='word_1_283' title='bbox 1080 2533 1288 2604; x_wconf 72' lang='lat' dir='ltr'><strong>aliaquo</strong></span> <span class='ocrx_word' id='word_1_284' title='bbox 1314 2526 1573 2604; x_wconf 77' lang='lat' dir='ltr'><strong>ejusmodi</strong></span> <span class='ocrx_word' id='word_1_285' title='bbox 1598 2546 1713 2602; x_wconf 70' lang='lat' dir='ltr'><strong>quae</strong></span> <span class='ocrx_word' id='word_1_286' title='bbox 1742 2529 1805 2584; x_wconf 79' lang='lat' dir='ltr'><strong>de</strong></span> <span class='ocrx_word' id='word_1_287' title='bbox 1828 2526 2039 2583; x_wconf 78' lang='lat' dir='ltr'><strong>Christo</strong></span> 
     </span>
    </p>
   </div>
   <div class='ocr_carea' id='block_1_42' title="bbox 530 2605 875 2661">
    <p class='ocr_par' dir='ltr' id='par_1_42' title="bbox 530 2605 875 2661">
     <span class='ocr_line' id='line_1_42' title="bbox 530 2605 875 2661; baseline -0.006 0"><span class='ocrx_word' id='word_1_288' title='bbox 530 2608 777 2661; x_wconf 75' lang='lat' dir='ltr'><strong>dicuntur</strong></span> <span class='ocrx_word' id='word_1_289' title='bbox 807 2605 875 2660; x_wconf 82' lang='grc'><strong>⁸³.</strong></span> 
     </span>
    </p>
   </div>
   <div class='ocr_carea' id='block_1_43' title="bbox 544 2710 2041 2801">
    <p class='ocr_par' dir='ltr' id='par_1_43' title="bbox 544 2710 2041 2801">
     <span class='ocr_line' id='line_1_43' title="bbox 544 2710 2041 2801; baseline -0.005 -28"><span class='ocrx_word' id='word_1_290' title='bbox 544 2716 901 2773; x_wconf 72' lang='lat' dir='ltr'><strong>VerbumDei</strong></span> <span class='ocrx_word' id='word_1_291' title='bbox 920 2724 1234 2787; x_wconf 77' lang='lat' dir='ltr'><strong>semperest</strong></span> <span class='ocrx_word' id='word_1_292' title='bbox 1258 2713 1580 2770; x_wconf 87' lang='lat' dir='ltr'><strong>altissimum</strong></span> <span class='ocrx_word' id='word_1_293' title='bbox 1610 2722 1667 2768; x_wconf 91' lang='lat' dir='ltr'><strong>ut</strong></span> <span class='ocrx_word' id='word_1_294' title='bbox 1700 2711 1863 2780; x_wconf 86' lang='lat' dir='ltr'><strong>Deus;</strong></span> <span class='ocrx_word' id='word_1_295' title='bbox 1889 2710 2041 2801; x_wconf 66' lang='lat' dir='ltr'><strong>exal-</strong></span> 
     </span>
    </p>
   </div>
   <div class='ocr_carea' id='block_1_44' title="bbox 461 2800 2038 2875">
    <p class='ocr_par' dir='ltr' id='par_1_44' title="bbox 461 2800 2038 2875">
     <span class='ocr_line' id='line_1_44' title="bbox 461 2800 2038 2875; baseline -0.008 -11"><span class='ocrx_word' id='word_1_296' title='bbox 461 2818 607 2865; x_wconf 88' lang='lat' dir='ltr'><strong>tatur</strong></span> <span class='ocrx_word' id='word_1_297' title='bbox 642 2818 820 2863; x_wconf 89' lang='lat' dir='ltr'><strong>autem</strong></span> <span class='ocrx_word' id='word_1_298' title='bbox 852 2816 911 2861; x_wconf 93' lang='lat' dir='ltr'><strong>ut</strong></span> <span class='ocrx_word' id='word_1_299' title='bbox 942 2807 1103 2862; x_wconf 86' lang='lat' dir='ltr'><strong>homo</strong></span> <span class='ocrx_word' id='word_1_300' title='bbox 1132 2824 1149 2860; x_wconf 88' lang='lat'><strong>:</strong></span> <span class='ocrx_word' id='word_1_301' title='bbox 1186 2818 1417 2875; x_wconf 90' lang='lat' dir='ltr'><strong>cumque</strong></span> <span class='ocrx_word' id='word_1_302' title='bbox 1450 2803 1521 2859; x_wconf 91' lang='lat' dir='ltr'><strong>sit</strong></span> <span class='ocrx_word' id='word_1_303' title='bbox 1568 2801 1767 2857; x_wconf 89' lang='lat' dir='ltr'><strong>nullius</strong></span> <span class='ocrx_word' id='word_1_304' title='bbox 1803 2800 2038 2869; x_wconf 84' lang='lat' dir='ltr'><strong>indigus,</strong></span> 
     </span>
    </p>
   </div>
   <div class='ocr_carea' id='block_1_45' title="bbox 461 2892 2039 2968">
    <p class='ocr_par' dir='ltr' id='par_1_45' title="bbox 461 2892 2039 2968">
     <span class='ocr_line' id='line_1_45' title="bbox 461 2892 2039 2968; baseline -0.007 -13"><span class='ocrx_word' id='word_1_305' title='bbox 461 2914 521 2955; x_wconf 90' lang='lat' dir='ltr'><strong>ut</strong></span> <span class='ocrx_word' id='word_1_306' title='bbox 562 2900 725 2968; x_wconf 85' lang='lat' dir='ltr'><strong>Deus,</strong></span> <span class='ocrx_word' id='word_1_307' title='bbox 782 2898 982 2955; x_wconf 89' lang='lat' dir='ltr'><strong>dicitur</strong></span> <span class='ocrx_word' id='word_1_308' title='bbox 1031 2896 1302 2967; x_wconf 88' lang='lat' dir='ltr'><strong>accipere,</strong></span> <span class='ocrx_word' id='word_1_309' title='bbox 1353 2905 1412 2949; x_wconf 91' lang='lat' dir='ltr'><strong>ut</strong></span> <span class='ocrx_word' id='word_1_310' title='bbox 1465 2897 1662 2960; x_wconf 88' lang='lat' dir='ltr'><strong>homo;</strong></span> <span class='ocrx_word' id='word_1_311' title='bbox 1714 2892 2039 2947; x_wconf 86' lang='lat' dir='ltr'><strong>adorabatur</strong></span> 
     </span>
    </p>
   </div>
   <div class='ocr_carea' id='block_1_46' title="bbox 460 2982 2039 3061">
    <p class='ocr_par' dir='ltr' id='par_1_46' title="bbox 460 2982 2039 3061">
     <span class='ocr_line' id='line_1_46' title="bbox 460 2982 2039 3061; baseline -0.009 -12"><span class='ocrx_word' id='word_1_312' title='bbox 460 3005 697 3061; x_wconf 83' lang='lat' dir='ltr'><strong>semper,</strong></span> <span class='ocrx_word' id='word_1_313' title='bbox 730 2999 787 3045; x_wconf 93' lang='lat' dir='ltr'><strong>ut</strong></span> <span class='ocrx_word' id='word_1_314' title='bbox 828 2987 974 3045; x_wconf 83' lang='lat' dir='ltr'><strong>Deus</strong></span> <span class='ocrx_word' id='word_1_315' title='bbox 1022 3006 1038 3043; x_wconf 88' lang='lat'><strong>:</strong></span> <span class='ocrx_word' id='word_1_316' title='bbox 1086 3000 1231 3049; x_wconf 76' lang='lat' dir='ltr'><strong>nunc</strong></span> <span class='ocrx_word' id='word_1_317' title='bbox 1279 2986 1651 3041; x_wconf 82' lang='lat' dir='ltr'><strong>adorationem</strong></span> <span class='ocrx_word' id='word_1_318' title='bbox 1700 2982 1943 3051; x_wconf 86' lang='lat' dir='ltr'><strong>suscipit,</strong></span> <span class='ocrx_word' id='word_1_319' title='bbox 1978 2989 2039 3034; x_wconf 91' lang='lat' dir='ltr'><strong>ut</strong></span> 
     </span>
    </p>
   </div>
   <div class='ocr_carea' id='block_1_47' title="bbox 464 3069 2038 3147">
    <p class='ocr_par' dir='ltr' id='par_1_47' title="bbox 464 3069 2038 3147">
     <span class='ocr_line' id='line_1_47' title="bbox 464 3069 2038 3147; baseline -0.009 -10"><span class='ocrx_word' id='word_1_320' title='bbox 464 3085 644 3147; x_wconf 84' lang='lat' dir='ltr'><strong>homo.</strong></span> <span class='ocrx_word' id='word_1_321' title='bbox 688 3079 747 3135; x_wconf 84' lang='lat' dir='ltr'><strong>Si</strong></span> <span class='ocrx_word' id='word_1_322' title='bbox 788 3088 846 3134; x_wconf 93' lang='lat' dir='ltr'><strong>ut</strong></span> <span class='ocrx_word' id='word_1_323' title='bbox 888 3079 1051 3134; x_wconf 91' lang='lat' dir='ltr'><strong>homo</strong></span> <span class='ocrx_word' id='word_1_324' title='bbox 1082 3085 1329 3132; x_wconf 88' lang='lat' dir='ltr'><strong>mortuus</strong></span> <span class='ocrx_word' id='word_1_325' title='bbox 1366 3083 1471 3140; x_wconf 86' lang='lat' dir='ltr'><strong>est,</strong></span> <span class='ocrx_word' id='word_1_326' title='bbox 1532 3073 1635 3127; x_wconf 91' lang='lat' dir='ltr'><strong>hoc</strong></span> <span class='ocrx_word' id='word_1_327' title='bbox 1687 3082 1864 3126; x_wconf 73' lang='lat' dir='ltr'><strong>tanien</strong></span> <span class='ocrx_word' id='word_1_328' title='bbox 1905 3069 2038 3125; x_wconf 80' lang='lat' dir='ltr'><strong>nihil</strong></span> 
     </span>
    </p>
   </div>
   <div class='ocr_carea' id='block_1_48' title="bbox 2140 1994 3727 2082">
    <p class='ocr_par' dir='ltr' id='par_1_48' title="bbox 2140 1994 3727 2082">
     <span class='ocr_line' id='line_1_48' title="bbox 2140 1994 3727 2082; baseline -0.011 -18"><span class='ocrx_word' id='word_1_329' title='bbox 2140 2012 2199 2064; x_wconf 72' lang='grc' dir='ltr'>ὲν</span> <span class='ocrx_word' id='word_1_330' title='bbox 2248 2010 2399 2082; x_wconf 87' lang='grc' dir='ltr'><strong>αὐτῷ</strong></span> <span class='ocrx_word' id='word_1_331' title='bbox 2447 2008 2701 2081; x_wconf 77' lang='grc' dir='ltr'><strong>φοροῦντι</strong></span> <span class='ocrx_word' id='word_1_332' title='bbox 2752 2006 2855 2078; x_wconf 77' lang='grc' dir='ltr'>τὴν</span> <span class='ocrx_word' id='word_1_333' title='bbox 2906 2003 3042 2077; x_wconf 88' lang='grc' dir='ltr'>πρὸς</span> <span class='ocrx_word' id='word_1_334' title='bbox 3085 2002 3236 2073; x_wconf 78' lang='grc' dir='ltr'>ἡμᾶς</span> <span class='ocrx_word' id='word_1_335' title='bbox 3275 1998 3556 2069; x_wconf 75' lang='grc' dir='ltr'>ὁμοίωσιν,</span> <span class='ocrx_word' id='word_1_336' title='bbox 3623 1994 3727 2048; x_wconf 75' lang='grc' dir='ltr'>καὶ</span> 
     </span>
    </p>
   </div>
   <div class='ocr_carea' id='block_1_49' title="bbox 2138 2084 3728 2170">
    <p class='ocr_par' dir='ltr' id='par_1_49' title="bbox 2138 2084 3728 2170">
     <span class='ocr_line' id='line_1_49' title="bbox 2138 2084 3728 2170; baseline -0.011 -15"><span class='ocrx_word' id='word_1_337' title='bbox 2138 2100 2310 2165; x_wconf 76' lang='grc' dir='ltr'>οὕτως</span> <span class='ocrx_word' id='word_1_338' title='bbox 2339 2096 2714 2170; x_wconf 71' lang='grc' dir='ltr'>άναμορφώσῃ</span> <span class='ocrx_word' id='word_1_339' title='bbox 2760 2094 2898 2168; x_wconf 84' lang='grc' dir='ltr'>πρὸς</span> <span class='ocrx_word' id='word_1_340' title='bbox 2936 2092 3137 2146; x_wconf 64' lang='grc' dir='ltr'>ἑαυτὸν</span> <span class='ocrx_word' id='word_1_341' title='bbox 3172 2090 3253 2154; x_wconf 85' lang='grc' dir='ltr'><strong>είς</strong></span> <span class='ocrx_word' id='word_1_342' title='bbox 3283 2088 3343 2143; x_wconf 87' lang='grc' dir='ltr'><strong>τὸ</strong></span> <span class='ocrx_word' id='word_1_343' title='bbox 3383 2086 3502 2141; x_wconf 85' lang='grc' dir='ltr'>κατ’</span> <span class='ocrx_word' id='word_1_344' title='bbox 3531 2084 3728 2139; x_wconf 73' lang='grc' dir='ltr'>εικόνι</span> 
     </span>
    </p>
   </div>
   <div class='ocr_carea' id='block_1_50' title="bbox 2128 2173 3725 2257">
    <p class='ocr_par' dir='ltr' id='par_1_50' title="bbox 2128 2173 3725 2257">
     <span class='ocr_line' id='line_1_50' title="bbox 2128 2173 3725 2257; baseline -0.011 -9"><span class='ocrx_word' id='word_1_345' title='bbox 2128 2193 2234 2248; x_wconf 61' lang='grc' dir='ltr'>τεοῦ</span> <span class='ocrx_word' id='word_1_346' title='bbox 2276 2191 2596 2257; x_wconf 78' lang='grc' dir='ltr'>κτίσαντος,</span> <span class='ocrx_word' id='word_1_347' title='bbox 2625 2186 3001 2252; x_wconf 73' lang='grc' dir='ltr'>ἁνακαινίξων</span> <span class='ocrx_word' id='word_1_348' title='bbox 3025 2185 3126 2255; x_wconf 83' lang='grc' dir='ltr'><strong>τὴν</strong></span> <span class='ocrx_word' id='word_1_349' title='bbox 3156 2182 3320 2253; x_wconf 82' lang='grc' dir='ltr'>φύσιν</span> <span class='ocrx_word' id='word_1_350' title='bbox 3347 2180 3538 2251; x_wconf 83' lang='grc' dir='ltr'>ὥσπερ</span> <span class='ocrx_word' id='word_1_351' title='bbox 3557 2173 3626 2249; x_wconf 74' lang='grc' dir='ltr'>ἦν</span> <span class='ocrx_word' id='word_1_352' title='bbox 3659 2177 3725 2243; x_wconf 78' lang='grc' dir='ltr'><strong>ιε</strong></span> 
     </span>
    </p>
   </div>
   <div class='ocr_carea' id='block_1_51' title="bbox 2130 2288 2336 2359">
    <p class='ocr_par' dir='ltr' id='par_1_51' title="bbox 2130 2288 2336 2359">
     <span class='ocr_line' id='line_1_51' title="bbox 2130 2288 2336 2359; baseline -0.044 0"><span class='ocrx_word' id='word_1_353' title='bbox 2130 2288 2336 2359; x_wconf 49' lang='lat' dir='ltr'><strong>3919i;-</strong></span> 
     </span>
    </p>
   </div>
   <div class='ocr_carea' id='block_1_52' title="bbox 2139 2364 3722 2468">
    <p class='ocr_par' dir='ltr' id='par_1_52' title="bbox 2139 2364 3722 2468">
     <span class='ocr_line' id='line_1_52' title="bbox 2139 2364 3722 2468; baseline -0.011 -16"><span class='ocrx_word' id='word_1_354' title='bbox 2139 2364 2539 2468; x_wconf 55' lang='lat' dir='ltr'><strong>£zdsica,_xeoi</strong></span> <span class='ocrx_word' id='word_1_355' title='bbox 2558 2391 2929 2468; x_wconf 62' lang='lat' dir='ltr'><strong>-q_apmh0‘swc</strong></span> <span class='ocrx_word' id='word_1_356' title='bbox 2956 2390 3061 2468; x_wconf 55' lang='grc' dir='ltr'>τὸν</span> <span class='ocrx_word' id='word_1_357' title='bbox 3080 2387 3268 2468; x_wconf 59' lang='grc' dir='ltr'>αὐτόν</span> <span class='ocrx_word' id='word_1_358' title='bbox 3292 2385 3521 2468; x_wconf 54' lang='grc' dir='ltr'>ἔχοντα</span> <span class='ocrx_word' id='word_1_359' title='bbox 3534 2380 3722 2468; x_wconf 56' lang='grc' dir='ltr'>ζαῆν.</span> 
     </span>
    </p>
   </div>
   <div class='ocr_carea' id='block_1_53' title="bbox 2209 2453 3727 2533">
    <p class='ocr_par' dir='ltr' id='par_1_53' title="bbox 2209 2453 3727 2533">
     <span class='ocr_line' id='line_1_53' title="bbox 2209 2453 3727 2533; baseline -0.014 -11"><span class='ocrx_word' id='word_1_360' title='bbox 2209 2453 2312 2533; x_wconf 66' lang='grc' dir='ltr'><strong>Ὲις</strong></span> <span class='ocrx_word' id='word_1_361' title='bbox 2340 2453 2406 2520; x_wconf 72' lang='grc' dir='ltr'><strong>τό</strong></span> <span class='ocrx_word' id='word_1_362' title='bbox 2433 2505 2448 2530; x_wconf 92' lang='grc'><strong>,</strong></span> <span class='ocrx_word' id='word_1_363' title='bbox 2478 2453 2524 2516; x_wconf 34' lang='grc' dir='ltr'>θ(</span> <span class='ocrx_word' id='word_1_364' title='bbox 2577 2453 2940 2533; x_wconf 53' lang='lat' dir='ltr'><strong>‘Eiupla&#39;ato</strong></span> <span class='ocrx_word' id='word_1_365' title='bbox 2975 2458 3215 2533; x_wconf 56' lang='grc' dir='ltr'>αὐτῷψ</span> <span class='ocrx_word' id='word_1_366' title='bbox 3270 2453 3390 2533; x_wconf 58' lang='grc' dir='ltr'>καὶ,</span> <span class='ocrx_word' id='word_1_367' title='bbox 3444 2472 3461 2503; x_wconf 89' lang='grc' dir='ltr'>ι</span> <span class='ocrx_word' id='word_1_368' title='bbox 3498 2453 3727 2533; x_wconf 47' lang='grc' dir='ltr'>[Υπερ-</span> 
     </span>
    </p>
   </div>
   <div class='ocr_carea' id='block_1_54' title="bbox 2207 2522 3723 2606">
    <p class='ocr_par' dir='ltr' id='par_1_54' title="bbox 2207 2522 3723 2606">
     <span class='ocr_line' id='line_1_54' title="bbox 2207 2522 3723 2606; baseline -0.013 -13"><span class='ocrx_word' id='word_1_369' title='bbox 2207 2522 2457 2606; x_wconf 40' lang='lat' dir='ltr'><strong>dar-wet;-</strong></span> <span class='ocrx_word' id='word_1_370' title='bbox 2511 2522 2731 2606; x_wconf 60' lang='grc' dir='ltr'><strong>αὐςῶ-ζ</strong></span> <span class='ocrx_word' id='word_1_371' title='bbox 2774 2550 2796 2583; x_wconf 74' lang='lat' dir='ltr'><strong>s</strong></span> <span class='ocrx_word' id='word_1_372' title='bbox 2846 2529 2947 2583; x_wconf 70' lang='lat' dir='ltr'><strong>xui</strong></span> <span class='ocrx_word' id='word_1_373' title='bbox 3006 2522 3127 2584; x_wconf 80' lang='grc' dir='ltr'>ὅσα</span> <span class='ocrx_word' id='word_1_374' title='bbox 3173 2522 3430 2582; x_wconf 79' lang='grc' dir='ltr'>’τοιαῦτα</span> <span class='ocrx_word' id='word_1_375' title='bbox 3480 2522 3723 2591; x_wconf 70' lang='grc' dir='ltr'>λέγεται</span> 
     </span>
    </p>
   </div>
   <div class='ocr_carea' id='block_1_55' title="bbox 2210 2602 2654 2675">
    <p class='ocr_par' dir='ltr' id='par_1_55' title="bbox 2210 2602 2654 2675">
     <span class='ocr_line' id='line_1_55' title="bbox 2210 2602 2654 2675; baseline -0.014 -13"><span class='ocrx_word' id='word_1_376' title='bbox 2210 2602 2343 2675; x_wconf 67' lang='grc' dir='ltr'>περὶ</span> <span class='ocrx_word' id='word_1_377' title='bbox 2373 2602 2654 2675; x_wconf 79' lang='grc' dir='ltr'>Χριστοῦ.</span> 
     </span>
    </p>
   </div>
   <div class='ocr_carea' id='block_1_56' title="bbox 2214 2706 3727 2791">
    <p class='ocr_par' dir='ltr' id='par_1_56' title="bbox 2214 2706 3727 2791">
     <span class='ocr_line' id='line_1_56' title="bbox 2214 2706 3727 2791; baseline -0.009 -18"><span class='ocrx_word' id='word_1_378' title='bbox 2214 2720 2475 2791; x_wconf 83' lang='grc' dir='ltr'>Ὕψιστος</span> <span class='ocrx_word' id='word_1_379' title='bbox 2502 2720 2530 2771; x_wconf 89' lang='grc' dir='ltr'><strong>ό</strong></span> <span class='ocrx_word' id='word_1_380' title='bbox 2558 2716 2651 2771; x_wconf 91' lang='grc' dir='ltr'><strong>τοῦ</strong></span> <span class='ocrx_word' id='word_1_381' title='bbox 2679 2715 2815 2770; x_wconf 83' lang='grc' dir='ltr'>Θεοῦ</span> <span class='ocrx_word' id='word_1_382' title='bbox 2844 2714 3018 2784; x_wconf 82' lang='grc' dir='ltr'>Λόγος</span> <span class='ocrx_word' id='word_1_383' title='bbox 3042 2713 3150 2776; x_wconf 78' lang='grc' dir='ltr'>ἀεὶ,</span> <span class='ocrx_word' id='word_1_384' title='bbox 3186 2710 3323 2766; x_wconf 87' lang='grc' dir='ltr'>καθὸ</span> <span class='ocrx_word' id='word_1_385' title='bbox 3351 2709 3512 2773; x_wconf 75' lang='grc' dir='ltr'>Θεόςο</span> <span class='ocrx_word' id='word_1_386' title='bbox 3552 2706 3727 2776; x_wconf 80' lang='grc' dir='ltr'>ὑψοῦ-</span> 
     </span>
    </p>
   </div>
   <div class='ocr_carea' id='block_1_57' title="bbox 2138 2800 3716 2885">
    <p class='ocr_par' dir='ltr' id='par_1_57' title="bbox 2138 2800 3716 2885">
     <span class='ocr_line' id='line_1_57' title="bbox 2138 2800 3716 2885; baseline -0.01 -17"><span class='ocrx_word' id='word_1_387' title='bbox 2138 2831 2229 2869; x_wconf 86' lang='grc' dir='ltr'><strong>ται</strong></span> <span class='ocrx_word' id='word_1_388' title='bbox 2259 2813 2314 2866; x_wconf 78' lang='grc' dir='ltr'>δὲ</span> <span class='ocrx_word' id='word_1_389' title='bbox 2358 2812 2434 2875; x_wconf 84' lang='grc' dir='ltr'><strong>ὡς</strong></span> <span class='ocrx_word' id='word_1_390' title='bbox 2460 2812 2744 2881; x_wconf 72' lang='grc' dir='ltr'>ἄνθρωπος</span> <span class='ocrx_word' id='word_1_391' title='bbox 2763 2824 2777 2838; x_wconf 72' lang='grc' dir='ltr'><strong>ο</strong></span> <span class='ocrx_word' id='word_1_392' title='bbox 2807 2807 3065 2878; x_wconf 72' lang='grc' dir='ltr'>ἀνενδεὴς</span> <span class='ocrx_word' id='word_1_393' title='bbox 3095 2804 3170 2858; x_wconf 80' lang='grc' dir='ltr'>ὢν</span> <span class='ocrx_word' id='word_1_394' title='bbox 3199 2804 3275 2868; x_wconf 85' lang='grc' dir='ltr'>ὼς</span> <span class='ocrx_word' id='word_1_395' title='bbox 3302 2803 3452 2867; x_wconf 83' lang='grc' dir='ltr'>Θεὸς,</span> <span class='ocrx_word' id='word_1_396' title='bbox 3501 2800 3716 2885; x_wconf 70' lang='grc' dir='ltr'>λαμϐά-</span> 
     </span>
    </p>
   </div>
   <div class='ocr_carea' id='block_1_58' title="bbox 2140 2892 3728 2972">
    <p class='ocr_par' dir='ltr' id='par_1_58' title="bbox 2140 2892 3728 2972">
     <span class='ocr_line' id='line_1_58' title="bbox 2140 2892 3728 2972; baseline -0.008 -16"><span class='ocrx_word' id='word_1_397' title='bbox 2140 2920 2250 2957; x_wconf 90' lang='grc' dir='ltr'>νειν</span> <span class='ocrx_word' id='word_1_398' title='bbox 2285 2902 2362 2965; x_wconf 83' lang='grc' dir='ltr'>ὡς</span> <span class='ocrx_word' id='word_1_399' title='bbox 2395 2899 2680 2972; x_wconf 75' lang='grc' dir='ltr'>ἄνθρωπος</span> <span class='ocrx_word' id='word_1_400' title='bbox 2700 2898 2948 2965; x_wconf 73' lang='grc' dir='ltr'>λέγεταιο</span> <span class='ocrx_word' id='word_1_401' title='bbox 2981 2897 3373 2967; x_wconf 83' lang='grc' dir='ltr'>προσεκυνεῖτο</span> <span class='ocrx_word' id='word_1_402' title='bbox 3401 2892 3553 2965; x_wconf 84' lang='grc' dir='ltr'>παρά</span> <span class='ocrx_word' id='word_1_403' title='bbox 3580 2892 3728 2945; x_wconf 81' lang='grc' dir='ltr'>πάν-</span> 
     </span>
    </p>
   </div>
   <div class='ocr_carea' id='block_1_59' title="bbox 2140 2983 3727 3060">
    <p class='ocr_par' dir='ltr' id='par_1_59' title="bbox 2140 2983 3727 3060">
     <span class='ocr_line' id='line_1_59' title="bbox 2140 2983 3727 3060; baseline -0.006 -15"><span class='ocrx_word' id='word_1_404' title='bbox 2140 3010 2247 3046; x_wconf 86' lang='grc' dir='ltr'>των</span> <span class='ocrx_word' id='word_1_405' title='bbox 2296 2992 2372 3053; x_wconf 84' lang='grc' dir='ltr'>ὡς</span> <span class='ocrx_word' id='word_1_406' title='bbox 2413 2989 2546 3053; x_wconf 86' lang='grc' dir='ltr'>Θεὸς</span> <span class='ocrx_word' id='word_1_407' title='bbox 2568 3029 2582 3054; x_wconf 97' lang='grc'><strong>,</strong></span> <span class='ocrx_word' id='word_1_408' title='bbox 2614 2989 2827 3060; x_wconf 71' lang='grc' dir='ltr'>δέχεται</span> <span class='ocrx_word' id='word_1_409' title='bbox 2857 2987 2953 3042; x_wconf 90' lang='grc' dir='ltr'><strong>νῦν</strong></span> <span class='ocrx_word' id='word_1_410' title='bbox 2980 2986 3078 3059; x_wconf 82' lang='grc' dir='ltr'>τὴν</span> <span class='ocrx_word' id='word_1_411' title='bbox 3108 2984 3481 3058; x_wconf 82' lang='grc' dir='ltr'>προσκύνησιν</span> <span class='ocrx_word' id='word_1_412' title='bbox 3524 2983 3601 3047; x_wconf 84' lang='grc' dir='ltr'>ὡς</span> <span class='ocrx_word' id='word_1_413' title='bbox 3626 2983 3727 3037; x_wconf 71' lang='grc' dir='ltr'><strong>ἄν·-</strong></span> 
     </span>
    </p>
   </div>
   <div class='ocr_carea' id='block_1_60' title="bbox 2140 3075 3725 3157">
    <p class='ocr_par' dir='ltr' id='par_1_60' title="bbox 2140 3075 3725 3157">
     <span class='ocr_line' id='line_1_60' title="bbox 2140 3075 3725 3157; baseline -0.006 -20"><span class='ocrx_word' id='word_1_414' title='bbox 2140 3084 2377 3157; x_wconf 83' lang='grc' dir='ltr'>θρωπος.</span> <span class='ocrx_word' id='word_1_415' title='bbox 2409 3080 2472 3136; x_wconf 82' lang='lat' dir='ltr'><strong>El</strong></span> <span class='ocrx_word' id='word_1_416' title='bbox 2506 3082 2584 3145; x_wconf 87' lang='grc' dir='ltr'>ὠς</span> <span class='ocrx_word' id='word_1_417' title='bbox 2604 3080 2891 3153; x_wconf 75' lang='grc' dir='ltr'>ἄνθρωπος</span> <span class='ocrx_word' id='word_1_418' title='bbox 2914 3079 3176 3147; x_wconf 70' lang='grc' dir='ltr'>ἀπέθανε,</span> <span class='ocrx_word' id='word_1_419' title='bbox 3210 3079 3305 3132; x_wconf 75' lang='grc' dir='ltr'>καὶ</span> <span class='ocrx_word' id='word_1_420' title='bbox 3325 3077 3495 3147; x_wconf 87' lang='grc' dir='ltr'>ψόγον</span> <span class='ocrx_word' id='word_1_421' title='bbox 3528 3075 3725 3130; x_wconf 78' lang='grc' dir='ltr'>οὐδένα</span> 
     </span>
    </p>
   </div>
   <div class='ocr_carea' id='block_1_61' title="bbox 460 3163 2035 3260">
    <p class='ocr_par' dir='ltr' id='par_1_61' title="bbox 460 3163 2035 3245">
     <span class='ocr_line' id='line_1_61' title="bbox 460 3163 2035 3245; baseline -0.008 -16"><span class='ocrx_word' id='word_1_422' title='bbox 460 3173 709 3245; x_wconf 79' lang='lat' dir='ltr'><strong>dignitati</strong></span> <span class='ocrx_word' id='word_1_423' title='bbox 755 3172 849 3230; x_wconf 84' lang='lat' dir='ltr'><strong>Dei</strong></span> <span class='ocrx_word' id='word_1_424' title='bbox 884 3170 1045 3226; x_wconf 69' lang='lat' dir='ltr'><strong>Verbi</strong></span> <span class='ocrx_word' id='word_1_425' title='bbox 1099 3168 1376 3235; x_wconf 88' lang='lat' dir='ltr'><strong>detrahit;</strong></span> <span class='ocrx_word' id='word_1_426' title='bbox 1422 3168 1493 3221; x_wconf 89' lang='lat' dir='ltr'><strong>ita</strong></span> <span class='ocrx_word' id='word_1_427' title='bbox 1543 3165 1708 3219; x_wconf 90' lang='lat' dir='ltr'><strong>etiam</strong></span> <span class='ocrx_word' id='word_1_428' title='bbox 1763 3163 1906 3218; x_wconf 89' lang='lat' dir='ltr'><strong>nulla</strong></span> <span class='ocrx_word' id='word_1_429' title='bbox 1954 3172 2035 3217; x_wconf 90' lang='lat' dir='ltr'><strong>est</strong></span> 
     </span>
    </p>
   </div>
   <div class='ocr_carea' id='block_1_62' title="bbox 2149 3163 3722 3260">
    <p class='ocr_par' dir='ltr' id='par_1_62' title="bbox 2149 3169 3722 3247">
     <span class='ocr_line' id='line_1_62' title="bbox 2149 3169 3722 3247; baseline -0.005 -18"><span class='ocrx_word' id='word_1_430' title='bbox 2149 3175 2217 3247; x_wconf 78' lang='grc' dir='ltr'><strong>τῷ</strong></span> <span class='ocrx_word' id='word_1_431' title='bbox 2260 3173 2382 3245; x_wconf 87' lang='grc' dir='ltr'>Θεῷ</span> <span class='ocrx_word' id='word_1_432' title='bbox 2410 3172 2569 3244; x_wconf 88' lang='grc' dir='ltr'>Λόγῳ</span> <span class='ocrx_word' id='word_1_433' title='bbox 2600 3171 2760 3225; x_wconf 89' lang='grc' dir='ltr'>τοῦτο</span> <span class='ocrx_word' id='word_1_434' title='bbox 2803 3170 3215 3243; x_wconf 83' lang='grc' dir='ltr'>προστρίόεται,</span> <span class='ocrx_word' id='word_1_435' title='bbox 3269 3170 3421 3223; x_wconf 72' lang='grc' dir='ltr'>οὐδὲν</span> <span class='ocrx_word' id='word_1_436' title='bbox 3465 3169 3722 3239; x_wconf 77' lang='grc' dir='ltr'>ἀδικήσει</span> 
     </span>
    </p>
   </div>
   <div class='ocr_carea' id='block_1_63' title="bbox 459 3254 2035 3329">
    <p class='ocr_par' dir='ltr' id='par_1_63' title="bbox 459 3254 2035 3329">
     <span class='ocr_line' id='line_1_63' title="bbox 459 3254 2035 3329; baseline -0.008 -8"><span class='ocrx_word' id='word_1_437' title='bbox 459 3263 810 3327; x_wconf 90' lang='lat' dir='ltr'><strong>contumelia,</strong></span> <span class='ocrx_word' id='word_1_438' title='bbox 842 3264 888 3317; x_wconf 77' lang='lat' dir='ltr'><strong>si</strong></span> <span class='ocrx_word' id='word_1_439' title='bbox 922 3262 1135 3318; x_wconf 78' lang='lat' dir='ltr'><strong>dicatur</strong></span> <span class='ocrx_word' id='word_1_440' title='bbox 1164 3259 1438 3329; x_wconf 71' lang='lat' dir='ltr'><strong>accepisse</strong></span> <span class='ocrx_word' id='word_1_441' title='bbox 1480 3256 1679 3327; x_wconf 83' lang='lat' dir='ltr'><strong>aliquid</strong></span> <span class='ocrx_word' id='word_1_442' title='bbox 1721 3275 1735 3311; x_wconf 87' lang='lat'><strong>:</strong></span> <span class='ocrx_word' id='word_1_443' title='bbox 1776 3254 2035 3325; x_wconf 84' lang='lat' dir='ltr'><strong>quemad-</strong></span> 
     </span>
    </p>
   </div>
   <div class='ocr_carea' id='block_1_64' title="bbox 462 3346 2037 3410">
    <p class='ocr_par' dir='ltr' id='par_1_64' title="bbox 462 3346 2037 3410">
     <span class='ocr_line' id='line_1_64' title="bbox 462 3346 2037 3410; baseline -0.008 -1"><span class='ocrx_word' id='word_1_444' title='bbox 462 3355 680 3409; x_wconf 84' lang='lat' dir='ltr'><strong>modum</strong></span> <span class='ocrx_word' id='word_1_445' title='bbox 729 3352 872 3409; x_wconf 90' lang='lat' dir='ltr'><strong>enim</strong></span> <span class='ocrx_word' id='word_1_446' title='bbox 919 3350 1050 3408; x_wconf 84' lang='lat' dir='ltr'><strong>illud</strong></span> <span class='ocrx_word' id='word_1_447' title='bbox 1100 3350 1421 3406; x_wconf 82' lang='lat' dir='ltr'><strong>humanitati</strong></span> <span class='ocrx_word' id='word_1_448' title='bbox 1472 3347 1693 3410; x_wconf 89' lang='lat' dir='ltr'><strong>accidit,</strong></span> <span class='ocrx_word' id='word_1_449' title='bbox 1751 3346 1822 3399; x_wconf 87' lang='lat' dir='ltr'><strong>ita</strong></span> <span class='ocrx_word' id='word_1_450' title='bbox 1873 3346 2037 3399; x_wconf 87' lang='lat' dir='ltr'><strong>etiam</strong></span> 
     </span>
    </p>
   </div>
   <div class='ocr_carea' id='block_1_65' title="bbox 462 3437 2039 3505">
    <p class='ocr_par' dir='ltr' id='par_1_65' title="bbox 462 3437 2039 3505">
     <span class='ocr_line' id='line_1_65' title="bbox 462 3437 2039 3505; baseline -0.008 -6"><span class='ocrx_word' id='word_1_451' title='bbox 462 3448 597 3499; x_wconf 63' lang='lat' dir='ltr'><strong>hac.</strong></span> <span class='ocrx_word' id='word_1_452' title='bbox 637 3439 695 3499; x_wconf 88' lang='lat' dir='ltr'><strong>Si</strong></span> <span class='ocrx_word' id='word_1_453' title='bbox 729 3456 851 3497; x_wconf 92' lang='lat' dir='ltr'><strong>cum</strong></span> <span class='ocrx_word' id='word_1_454' title='bbox 881 3440 1199 3496; x_wconf 86' lang='lat' dir='ltr'><strong>immortalis</strong></span> <span class='ocrx_word' id='word_1_455' title='bbox 1225 3438 1317 3505; x_wconf 87' lang='lat' dir='ltr'><strong>sit,</strong></span> <span class='ocrx_word' id='word_1_456' title='bbox 1354 3449 1415 3493; x_wconf 91' lang='lat' dir='ltr'><strong>ut</strong></span> <span class='ocrx_word' id='word_1_457' title='bbox 1444 3437 1607 3499; x_wconf 87' lang='lat' dir='ltr'><strong>Deus.</strong></span> <span class='ocrx_word' id='word_1_458' title='bbox 1651 3443 1895 3489; x_wconf 89' lang='lat' dir='ltr'><strong>mortuus</strong></span> <span class='ocrx_word' id='word_1_459' title='bbox 1917 3446 2039 3487; x_wconf 88' lang='lat' dir='ltr'><strong>esse</strong></span> 
     </span>
    </p>
   </div>
   <div class='ocr_carea' id='block_1_66' title="bbox 465 3522 2034 3600">
    <p class='ocr_par' dir='ltr' id='par_1_66' title="bbox 465 3522 2034 3600">
     <span class='ocr_line' id='line_1_66' title="bbox 465 3522 2034 3600; baseline -0.01 -8"><span class='ocrx_word' id='word_1_460' title='bbox 465 3536 663 3592; x_wconf 89' lang='lat' dir='ltr'><strong>dicitur</strong></span> <span class='ocrx_word' id='word_1_461' title='bbox 691 3543 749 3589; x_wconf 91' lang='lat' dir='ltr'><strong>ut</strong></span> <span class='ocrx_word' id='word_1_462' title='bbox 778 3534 971 3600; x_wconf 91' lang='lat' dir='ltr'><strong>homo,</strong></span> <span class='ocrx_word' id='word_1_463' title='bbox 1001 3532 1295 3587; x_wconf 86' lang='lat' dir='ltr'><strong>altissimus</strong></span> <span class='ocrx_word' id='word_1_464' title='bbox 1319 3545 1441 3586; x_wconf 89' lang='lat' dir='ltr'><strong>cum</strong></span> <span class='ocrx_word' id='word_1_465' title='bbox 1468 3530 1569 3593; x_wconf 92' lang='lat' dir='ltr'><strong>sit,</strong></span> <span class='ocrx_word' id='word_1_466' title='bbox 1597 3538 1657 3582; x_wconf 93' lang='lat' dir='ltr'><strong>ut</strong></span> <span class='ocrx_word' id='word_1_467' title='bbox 1678 3524 1827 3583; x_wconf 86' lang='lat' dir='ltr'><strong>Deus</strong></span> <span class='ocrx_word' id='word_1_468' title='bbox 1847 3564 1862 3591; x_wconf 89' lang='lat'><strong>,</strong></span> <span class='ocrx_word' id='word_1_469' title='bbox 1889 3522 2034 3581; x_wconf 81' lang='lat' dir='ltr'><strong>exal-</strong></span> 
     </span>
    </p>
   </div>
   <div class='ocr_carea' id='block_1_67' title="bbox 470 3626 1155 3694">
    <p class='ocr_par' dir='ltr' id='par_1_67' title="bbox 470 3626 1155 3694">
     <span class='ocr_line' id='line_1_67' title="bbox 470 3626 1155 3694; baseline -0.006 -10"><span class='ocrx_word' id='word_1_470' title='bbox 470 3637 615 3684; x_wconf 86' lang='lat' dir='ltr'><strong>tatus</strong></span> <span class='ocrx_word' id='word_1_471' title='bbox 639 3626 859 3694; x_wconf 78' lang='lat' dir='ltr'><strong>dicitur,</strong></span> <span class='ocrx_word' id='word_1_472' title='bbox 888 3634 947 3681; x_wconf 86' lang='lat' dir='ltr'><strong>ut</strong></span> <span class='ocrx_word' id='word_1_473' title='bbox 978 3626 1155 3682; x_wconf 89' lang='lat' dir='ltr'><strong>homo.</strong></span> 
     </span>
    </p>
   </div>
   <div class='ocr_carea' id='block_1_68' title="bbox 577 3720 1927 3806">
    <p class='ocr_par' dir='ltr' id='par_1_68' title="bbox 577 3720 1927 3806">
     <span class='ocr_line' id='line_1_68' title="bbox 577 3720 1927 3806; baseline -0.007 -12"><span class='ocrx_word' id='word_1_474' title='bbox 577 3739 853 3806; x_wconf 78' lang='lat' dir='ltr'><strong>Quomodo</strong></span> <span class='ocrx_word' id='word_1_475' title='bbox 882 3737 1313 3795; x_wconf 50' lang='lat' dir='ltr'><strong>Iesus‘Chriuas</strong></span> <span class='ocrx_word' id='word_1_476' title='bbox 1337 3736 1403 3791; x_wconf 83' lang='lat' dir='ltr'><strong>sit</strong></span> <span class='ocrx_word' id='word_1_477' title='bbox 1436 3736 1492 3790; x_wconf 75' lang='lat' dir='ltr'><strong>in</strong></span> <span class='ocrx_word' id='word_1_478' title='bbox 1520 3733 1692 3806; x_wconf 75' lang='lat' dir='ltr'><strong>pluria</strong></span> <span class='ocrx_word' id='word_1_479' title='bbox 1724 3720 1927 3787; x_wconf 73' lang='lat' dir='ltr'><strong>Patris.</strong></span> 
     </span>
    </p>
   </div>
   <div class='ocr_carea' id='block_1_69' title="bbox 534 3842 2039 3923">
    <p class='ocr_par' dir='ltr' id='par_1_69' title="bbox 534 3842 2039 3923">
     <span class='ocr_line' id='line_1_69' title="bbox 534 3842 2039 3923; baseline -0.009 -14"><span class='ocrx_word' id='word_1_480' title='bbox 534 3853 669 3922; x_wconf 82' lang='lat' dir='ltr'><strong>Quia</strong></span> <span class='ocrx_word' id='word_1_481' title='bbox 698 3867 795 3923; x_wconf 87' lang='lat' dir='ltr'><strong>per</strong></span> <span class='ocrx_word' id='word_1_482' title='bbox 824 3852 1179 3909; x_wconf 79' lang='lat' dir='ltr'><strong>humanitatis</strong></span> <span class='ocrx_word' id='word_1_483' title='bbox 1222 3849 1646 3920; x_wconf 84' lang='lat' dir='ltr'><strong>assumptionem</strong></span> <span class='ocrx_word' id='word_1_484' title='bbox 1678 3847 1820 3916; x_wconf 79' lang='lat' dir='ltr'><strong>quod</strong></span> <span class='ocrx_word' id='word_1_485' title='bbox 1856 3842 2039 3916; x_wconf 85' lang='lat' dir='ltr'><strong>perdi-</strong></span> 
     </span>
    </p>
   </div>
   <div class='ocr_carea' id='block_1_70' title="bbox 466 3937 2037 4013">
    <p class='ocr_par' dir='ltr' id='par_1_70' title="bbox 466 3937 2037 4013">
     <span class='ocr_line' id='line_1_70' title="bbox 466 3937 2037 4013; baseline -0.007 -14"><span class='ocrx_word' id='word_1_486' title='bbox 466 3954 578 3999; x_wconf 89' lang='lat' dir='ltr'><strong>tum</strong></span> <span class='ocrx_word' id='word_1_487' title='bbox 609 3953 726 4000; x_wconf 86' lang='lat' dir='ltr'><strong>erat</strong></span> <span class='ocrx_word' id='word_1_488' title='bbox 770 3954 1145 4013; x_wconf 84' lang='lat' dir='ltr'><strong>recuperatum</strong></span> <span class='ocrx_word' id='word_1_489' title='bbox 1176 3951 1290 4007; x_wconf 86' lang='lat' dir='ltr'><strong>est,</strong></span> <span class='ocrx_word' id='word_1_490' title='bbox 1322 3942 1463 4013; x_wconf 79' lang='lat' dir='ltr'><strong>quod</strong></span> <span class='ocrx_word' id='word_1_491' title='bbox 1503 3939 1795 3997; x_wconf 81' lang='lat' dir='ltr'><strong>contritum</strong></span> <span class='ocrx_word' id='word_1_492' title='bbox 1831 3937 2037 3999; x_wconf 85' lang='lat' dir='ltr'><strong>instau-</strong></span> 
     </span>
    </p>
   </div>
   <div class='ocr_carea' id='block_1_71' title="bbox 468 4021 2033 4105">
    <p class='ocr_par' dir='ltr' id='par_1_71' title="bbox 468 4021 2033 4105">
     <span class='ocr_line' id='line_1_71' title="bbox 468 4021 2033 4105; baseline -0.006 -15"><span class='ocrx_word' id='word_1_493' title='bbox 468 4044 644 4090; x_wconf 80' lang='lat' dir='ltr'><strong>ratum</strong></span> <span class='ocrx_word' id='word_1_494' title='bbox 672 4043 774 4098; x_wconf 87' lang='lat' dir='ltr'><strong>est.</strong></span> <span class='ocrx_word' id='word_1_495' title='bbox 804 4034 947 4105; x_wconf 85' lang='lat' dir='ltr'><strong>quod</strong></span> <span class='ocrx_word' id='word_1_496' title='bbox 988 4034 1207 4089; x_wconf 86' lang='lat' dir='ltr'><strong>errabat</strong></span> <span class='ocrx_word' id='word_1_497' title='bbox 1248 4021 1569 4088; x_wconf 65' lang='lat' dir='ltr'><strong>conversum</strong></span> <span class='ocrx_word' id='word_1_498' title='bbox 1601 4044 1664 4084; x_wconf 89' lang='lat' dir='ltr'><strong>ac</strong></span> <span class='ocrx_word' id='word_1_499' title='bbox 1703 4028 1981 4084; x_wconf 84' lang='lat' dir='ltr'><strong>reductum</strong></span> <span class='ocrx_word' id='word_1_500' title='bbox 2020 4044 2033 4080; x_wconf 90' lang='lat'><strong>:</strong></span> 
     </span>
    </p>
   </div>
   <div class='ocr_carea' id='block_1_72' title="bbox 464 4118 1855 4195">
    <p class='ocr_par' dir='ltr' id='par_1_72' title="bbox 464 4118 1855 4195">
     <span class='ocr_line' id='line_1_72' title="bbox 464 4118 1855 4195; baseline -0.005 -15"><span class='ocrx_word' id='word_1_501' title='bbox 464 4139 588 4195; x_wconf 68' lang='lat' dir='ltr'><strong>qua</strong></span> <span class='ocrx_word' id='word_1_502' title='bbox 606 4125 788 4182; x_wconf 90' lang='lat' dir='ltr'><strong>omnia</strong></span> <span class='ocrx_word' id='word_1_503' title='bbox 820 4132 1068 4195; x_wconf 85' lang='lat' dir='ltr'><strong>spectant</strong></span> <span class='ocrx_word' id='word_1_504' title='bbox 1095 4127 1161 4177; x_wconf 88' lang='lat' dir='ltr'><strong>ad</strong></span> <span class='ocrx_word' id='word_1_505' title='bbox 1188 4122 1414 4194; x_wconf 85' lang='lat' dir='ltr'><strong>gloriam</strong></span> <span class='ocrx_word' id='word_1_506' title='bbox 1452 4120 1547 4177; x_wconf 88' lang='lat' dir='ltr'><strong>Dei</strong></span> <span class='ocrx_word' id='word_1_507' title='bbox 1575 4133 1639 4176; x_wconf 92' lang='lat' dir='ltr'><strong>ac</strong></span> <span class='ocrx_word' id='word_1_508' title='bbox 1658 4118 1855 4175; x_wconf 81' lang='lat' dir='ltr'><strong>Patris.</strong></span> 
     </span>
    </p>
   </div>
   <div class='ocr_carea' id='block_1_73' title="bbox 1131 4233 1363 4291">
    <p class='ocr_par' dir='ltr' id='par_1_73' title="bbox 1131 4233 1363 4291">
     <span class='ocr_line' id='line_1_73' title="bbox 1131 4233 1363 4291; baseline 0 -2"><span class='ocrx_word' id='word_1_509' title='bbox 1131 4233 1363 4291; x_wconf 83' lang='lat' dir='ltr'><strong>ALIUD.</strong></span> 
     </span>
    </p>
   </div>
   <div class='ocr_carea' id='block_1_74' title="bbox 538 4346 2040 4416">
    <p class='ocr_par' dir='ltr' id='par_1_74' title="bbox 538 4346 2040 4416">
     <span class='ocr_line' id='line_1_74' title="bbox 538 4346 2040 4416; baseline -0.001 -13"><span class='ocrx_word' id='word_1_510' title='bbox 538 4347 618 4415; x_wconf 87' lang='lat' dir='ltr'><strong>Si,</strong></span> <span class='ocrx_word' id='word_1_511' title='bbox 644 4348 789 4405; x_wconf 87' lang='lat' dir='ltr'><strong>Deus</strong></span> <span class='ocrx_word' id='word_1_512' title='bbox 813 4361 935 4403; x_wconf 87' lang='lat' dir='ltr'><strong>cum</strong></span> <span class='ocrx_word' id='word_1_513' title='bbox 966 4357 1134 4411; x_wconf 82' lang='lat' dir='ltr'><strong>esset,</strong></span> <span class='ocrx_word' id='word_1_514' title='bbox 1160 4348 1319 4402; x_wconf 86' lang='lat' dir='ltr'><strong>homo</strong></span> <span class='ocrx_word' id='word_1_515' title='bbox 1344 4346 1519 4403; x_wconf 80' lang='lat' dir='ltr'><strong>lactus</strong></span> <span class='ocrx_word' id='word_1_516' title='bbox 1544 4358 1649 4411; x_wconf 87' lang='lat' dir='ltr'><strong>est,</strong></span> <span class='ocrx_word' id='word_1_517' title='bbox 1672 4356 1833 4416; x_wconf 90' lang='lat' dir='ltr'><strong>atque</strong></span> <span class='ocrx_word' id='word_1_518' title='bbox 1860 4347 1963 4403; x_wconf 87' lang='lat' dir='ltr'><strong>hoc</strong></span> <span class='ocrx_word' id='word_1_519' title='bbox 1981 4360 2040 4402; x_wconf 83' lang='lat' dir='ltr'><strong>re</strong></span> 
     </span>
    </p>
   </div>
   <div class='ocr_carea' id='block_1_75' title="bbox 465 4436 2039 4510">
    <p class='ocr_par' dir='ltr' id='par_1_75' title="bbox 465 4436 2039 4510">
     <span class='ocr_line' id='line_1_75' title="bbox 465 4436 2039 4510; baseline -0.003 -15"><span class='ocrx_word' id='word_1_520' title='bbox 465 4438 582 4510; x_wconf 87' lang='lat' dir='ltr'><strong>ipsa</strong></span> <span class='ocrx_word' id='word_1_521' title='bbox 618 4440 804 4495; x_wconf 87' lang='lat' dir='ltr'><strong>subire</strong></span> <span class='ocrx_word' id='word_1_522' title='bbox 831 4438 1021 4503; x_wconf 79' lang='lat' dir='ltr'><strong>voluit,</strong></span> <span class='ocrx_word' id='word_1_523' title='bbox 1048 4453 1205 4492; x_wconf 88' lang='lat' dir='ltr'><strong>nemo</strong></span> <span class='ocrx_word' id='word_1_524' title='bbox 1241 4439 1545 4493; x_wconf 71' lang='lat' dir='ltr'><strong>offendatur</strong></span> <span class='ocrx_word' id='word_1_525' title='bbox 1578 4438 1622 4492; x_wconf 88' lang='lat' dir='ltr'><strong>si</strong></span> <span class='ocrx_word' id='word_1_526' title='bbox 1648 4452 1769 4507; x_wconf 68' lang='lat' dir='ltr'><strong>qua:</strong></span> <span class='ocrx_word' id='word_1_527' title='bbox 1790 4436 2039 4492; x_wconf 83' lang='lat' dir='ltr'><strong>humani-</strong></span> 
     </span>
    </p>
   </div>
   <div class='ocr_carea' id='block_1_76' title="bbox 2140 3258 3722 3334">
    <p class='ocr_par' dir='ltr' id='par_1_76' title="bbox 2140 3258 3722 3334">
     <span class='ocr_line' id='line_1_76' title="bbox 2140 3258 3722 3334; baseline -0.008 -12"><span class='ocrx_word' id='word_1_528' title='bbox 2140 3267 2235 3322; x_wconf 77' lang='grc' dir='ltr'>καὶ</span> <span class='ocrx_word' id='word_1_529' title='bbox 2260 3266 2321 3320; x_wconf 89' lang='grc' dir='ltr'><strong>τὸ</strong></span> <span class='ocrx_word' id='word_1_530' title='bbox 2352 3264 2610 3334; x_wconf 85' lang='grc' dir='ltr'>λέγεσθαι</span> <span class='ocrx_word' id='word_1_531' title='bbox 2633 3262 2850 3316; x_wconf 71' lang='grc' dir='ltr'>λαϐεῖν’</span> <span class='ocrx_word' id='word_1_532' title='bbox 2885 3261 3077 3333; x_wconf 84' lang='grc' dir='ltr'>ὥσπερ</span> <span class='ocrx_word' id='word_1_533' title='bbox 3106 3260 3216 3333; x_wconf 83' lang='grc' dir='ltr'><strong>γὰρ</strong></span> <span class='ocrx_word' id='word_1_534' title='bbox 3247 3260 3426 3314; x_wconf 67' lang='grc' dir='ltr'>ἐκεῖνο</span> <span class='ocrx_word' id='word_1_535' title='bbox 3456 3259 3585 3330; x_wconf 84' lang='grc' dir='ltr'>περὶ</span> <span class='ocrx_word' id='word_1_536' title='bbox 3617 3258 3722 3328; x_wconf 76' lang='grc' dir='ltr'>τὴν</span> 
     </span>
    </p>
   </div>
   <div class='ocr_carea' id='block_1_77' title="bbox 2139 3350 3723 3430">
    <p class='ocr_par' dir='ltr' id='par_1_77' title="bbox 2139 3350 3723 3430">
     <span class='ocr_line' id='line_1_77' title="bbox 2139 3350 3723 3430; baseline -0.006 -18"><span class='ocrx_word' id='word_1_537' title='bbox 2139 3357 2537 3430; x_wconf 82' lang='grc' dir='ltr'>ἀνθρωπότητα</span> <span class='ocrx_word' id='word_1_538' title='bbox 2599 3354 2842 3423; x_wconf 83' lang='grc' dir='ltr'>γέγονεν,</span> <span class='ocrx_word' id='word_1_539' title='bbox 2889 3352 3032 3408; x_wconf 79' lang='grc' dir='ltr'>οὕτω</span> <span class='ocrx_word' id='word_1_540' title='bbox 3060 3353 3156 3406; x_wconf 72' lang='grc' dir='ltr'>καὶ</span> <span class='ocrx_word' id='word_1_541' title='bbox 3193 3350 3363 3405; x_wconf 88' lang='grc' dir='ltr'>ταῦτα</span> <span class='ocrx_word' id='word_1_542' title='bbox 3394 3351 3619 3421; x_wconf 81' lang='grc' dir='ltr'>ὁμοίως.</span> <span class='ocrx_word' id='word_1_543' title='bbox 3653 3350 3723 3404; x_wconf 70' lang='lat' dir='ltr'><strong>Et</strong></span> 
     </span>
    </p>
   </div>
   <div class='ocr_carea' id='block_1_78' title="bbox 2138 3438 3719 3513">
    <p class='ocr_par' dir='ltr' id='par_1_78' title="bbox 2138 3438 3719 3513">
     <span class='ocr_line' id='line_1_78' title="bbox 2138 3438 3719 3513; baseline -0.007 -9"><span class='ocrx_word' id='word_1_544' title='bbox 2138 3449 2407 3512; x_wconf 79' lang='grc' dir='ltr'>ἀθάνατος</span> <span class='ocrx_word' id='word_1_545' title='bbox 2449 3447 2525 3501; x_wconf 81' lang='grc' dir='ltr'>ὢν</span> <span class='ocrx_word' id='word_1_546' title='bbox 2571 3444 2727 3510; x_wconf 71' lang='grc' dir='ltr'>Θεὸς,</span> <span class='ocrx_word' id='word_1_547' title='bbox 2761 3445 2976 3513; x_wconf 72' lang='grc' dir='ltr'>λέγεται</span> <span class='ocrx_word' id='word_1_548' title='bbox 3017 3443 3270 3497; x_wconf 69' lang='grc' dir='ltr'>τεθνάναι</span> <span class='ocrx_word' id='word_1_549' title='bbox 3298 3442 3374 3503; x_wconf 84' lang='grc' dir='ltr'>ὼς</span> <span class='ocrx_word' id='word_1_550' title='bbox 3406 3438 3719 3511; x_wconf 73' lang='grc' dir='ltr'>ἄνθρωπος,</span> 
     </span>
    </p>
   </div>
   <div class='ocr_carea' id='block_1_79' title="bbox 2141 3527 3708 3609">
    <p class='ocr_par' dir='ltr' id='par_1_79' title="bbox 2141 3527 3708 3609">
     <span class='ocr_line' id='line_1_79' title="bbox 2141 3527 3708 3609; baseline -0.009 -16"><span class='ocrx_word' id='word_1_551' title='bbox 2141 3539 2402 3609; x_wconf 86' lang='grc' dir='ltr'>’Υψιστος</span> <span class='ocrx_word' id='word_1_552' title='bbox 2450 3536 2526 3590; x_wconf 79' lang='grc' dir='ltr'>ὢν</span> <span class='ocrx_word' id='word_1_553' title='bbox 2576 3537 2653 3601; x_wconf 83' lang='grc' dir='ltr'>ὡς</span> <span class='ocrx_word' id='word_1_554' title='bbox 2702 3534 2855 3599; x_wconf 83' lang='grc' dir='ltr'>Θεὸς,</span> <span class='ocrx_word' id='word_1_555' title='bbox 2898 3532 3161 3603; x_wconf 75' lang='grc' dir='ltr'>ὐψοῦσθαι</span> <span class='ocrx_word' id='word_1_556' title='bbox 3209 3530 3445 3597; x_wconf 84' lang='grc' dir='ltr'>λέγεται,</span> <span class='ocrx_word' id='word_1_557' title='bbox 3497 3529 3574 3592; x_wconf 81' lang='grc' dir='ltr'>ὡς</span> <span class='ocrx_word' id='word_1_558' title='bbox 3624 3527 3708 3581; x_wconf 72' lang='grc' dir='ltr'><strong>ἄν·</strong></span> 
     </span>
    </p>
   </div>
   <div class='ocr_carea' id='block_1_80' title="bbox 2130 3630 2373 3702">
    <p class='ocr_par' dir='ltr' id='par_1_80' title="bbox 2130 3630 2373 3702">
     <span class='ocr_line' id='line_1_80' title="bbox 2130 3630 2373 3702; baseline -0.012 -17"><span class='ocrx_word' id='word_1_559' title='bbox 2130 3630 2373 3702; x_wconf 78' lang='grc' dir='ltr'>θρωπος.</span> 
     </span>
    </p>
   </div>
   <div class='ocr_carea' id='block_1_81' title="bbox 2176 3734 3682 3812">
    <p class='ocr_par' dir='ltr' id='par_1_81' title="bbox 2176 3734 3682 3812">
     <span class='ocr_line' id='line_1_81' title="bbox 2176 3734 3682 3812; baseline -0.009 -11"><span class='ocrx_word' id='word_1_560' title='bbox 2176 3744 2309 3812; x_wconf 83' lang='grc' dir='ltr'><strong>Πῶς</strong></span> <span class='ocrx_word' id='word_1_561' title='bbox 2342 3741 2585 3811; x_wconf 78' lang='grc' dir='ltr'>Ἰησοῦς</span> <span class='ocrx_word' id='word_1_562' title='bbox 2612 3739 2869 3811; x_wconf 74' lang='grc' dir='ltr'>Χριστὸς</span> <span class='ocrx_word' id='word_1_563' title='bbox 2898 3740 2988 3806; x_wconf 80' lang='grc' dir='ltr'>εις</span> <span class='ocrx_word' id='word_1_564' title='bbox 3018 3737 3208 3804; x_wconf 78' lang='grc' dir='ltr'>δόξαν</span> <span class='ocrx_word' id='word_1_565' title='bbox 3242 3734 3391 3791; x_wconf 78' lang='grc' dir='ltr'>Θεοῦ</span> <span class='ocrx_word' id='word_1_566' title='bbox 3426 3734 3682 3805; x_wconf 82' lang='grc' dir='ltr'>Πατρός.</span> 
     </span>
    </p>
   </div>
   <div class='ocr_carea' id='block_1_82' title="bbox 2211 3848 3717 3926">
    <p class='ocr_par' dir='ltr' id='par_1_82' title="bbox 2211 3848 3717 3926">
     <span class='ocr_line' id='line_1_82' title="bbox 2211 3848 3717 3926; baseline -0.006 -15"><span class='ocrx_word' id='word_1_567' title='bbox 2211 3859 2331 3911; x_wconf 83' lang='grc' dir='ltr'><strong>Ὀτι</strong></span> <span class='ocrx_word' id='word_1_568' title='bbox 2373 3856 2463 3910; x_wconf 85' lang='grc' dir='ltr'><strong>διὰ</strong></span> <span class='ocrx_word' id='word_1_569' title='bbox 2512 3855 2614 3926; x_wconf 84' lang='grc' dir='ltr'><strong>τῆς</strong></span> <span class='ocrx_word' id='word_1_570' title='bbox 2657 3853 3121 3925; x_wconf 69' lang='grc' dir='ltr'>ινανθρωπήσεως</span> <span class='ocrx_word' id='word_1_571' title='bbox 3172 3850 3233 3903; x_wconf 90' lang='grc' dir='ltr'><strong>τὸ</strong></span> <span class='ocrx_word' id='word_1_572' title='bbox 3290 3848 3568 3913; x_wconf 84' lang='grc' dir='ltr'>ἀπολωλὸς</span> <span class='ocrx_word' id='word_1_573' title='bbox 3616 3850 3717 3903; x_wconf 78' lang='grc' dir='ltr'><strong>ἁν-</strong></span> 
     </span>
    </p>
   </div>
   <div class='ocr_carea' id='block_1_83' title="bbox 2135 3940 3724 4021">
    <p class='ocr_par' dir='ltr' id='par_1_83' title="bbox 2135 3940 3724 4021">
     <span class='ocr_line' id='line_1_83' title="bbox 2135 3940 3724 4021; baseline -0.006 -16"><span class='ocrx_word' id='word_1_574' title='bbox 2135 3949 2316 4021; x_wconf 84' lang='grc' dir='ltr'>εσώθη</span> <span class='ocrx_word' id='word_1_575' title='bbox 2339 3966 2351 3979; x_wconf 89' lang='grc'><strong>·</strong></span> <span class='ocrx_word' id='word_1_576' title='bbox 2383 3948 2445 4001; x_wconf 90' lang='grc' dir='ltr'><strong>τὸ</strong></span> <span class='ocrx_word' id='word_1_577' title='bbox 2475 3946 2931 4021; x_wconf 69' lang='grc' dir='ltr'>συντετριμμένον</span> <span class='ocrx_word' id='word_1_578' title='bbox 2952 3940 3379 4014; x_wconf 82' lang='grc' dir='ltr'>κατεδεσμεύθη,</span> <span class='ocrx_word' id='word_1_579' title='bbox 3410 3942 3472 3995; x_wconf 87' lang='grc' dir='ltr'><strong>τὸ</strong></span> <span class='ocrx_word' id='word_1_580' title='bbox 3500 3942 3724 3996; x_wconf 79' lang='grc' dir='ltr'>πλανώ-</span> 
     </span>
    </p>
   </div>
   <div class='ocr_carea' id='block_1_84' title="bbox 2140 4032 3719 4114">
    <p class='ocr_par' dir='ltr' id='par_1_84' title="bbox 2140 4032 3719 4114">
     <span class='ocr_line' id='line_1_84' title="bbox 2140 4032 3719 4114; baseline -0.004 -19"><span class='ocrx_word' id='word_1_581' title='bbox 2140 4058 2301 4114; x_wconf 84' lang='grc' dir='ltr'>μενον</span> <span class='ocrx_word' id='word_1_582' title='bbox 2352 4038 2701 4110; x_wconf 73' lang='grc' dir='ltr'>ἑπεστράφη·</span> <span class='ocrx_word' id='word_1_583' title='bbox 2743 4037 3007 4091; x_wconf 79' lang='grc' dir='ltr'>συντείνει</span> <span class='ocrx_word' id='word_1_584' title='bbox 3043 4035 3099 4087; x_wconf 75' lang='grc' dir='ltr'>δὲ</span> <span class='ocrx_word' id='word_1_585' title='bbox 3123 4034 3293 4089; x_wconf 81' lang='grc' dir='ltr'>ταῦτα</span> <span class='ocrx_word' id='word_1_586' title='bbox 3327 4035 3406 4098; x_wconf 87' lang='grc' dir='ltr'><strong>είς</strong></span> <span class='ocrx_word' id='word_1_587' title='bbox 3434 4032 3593 4099; x_wconf 78' lang='grc' dir='ltr'>δόξαν</span> <span class='ocrx_word' id='word_1_588' title='bbox 3619 4035 3719 4088; x_wconf 80' lang='grc' dir='ltr'><strong>τοῦ</strong></span> 
     </span>
    </p>
   </div>
   <div class='ocr_carea' id='block_1_85' title="bbox 2132 4128 2653 4200">
    <p class='ocr_par' dir='ltr' id='par_1_85' title="bbox 2132 4128 2653 4200">
     <span class='ocr_line' id='line_1_85' title="bbox 2132 4128 2653 4200; baseline -0.008 -12"><span class='ocrx_word' id='word_1_589' title='bbox 2132 4132 2271 4188; x_wconf 86' lang='grc' dir='ltr'>Θεοῦ</span> <span class='ocrx_word' id='word_1_590' title='bbox 2308 4132 2399 4187; x_wconf 74' lang='grc' dir='ltr'>καὶ</span> <span class='ocrx_word' id='word_1_591' title='bbox 2417 4128 2653 4200; x_wconf 82' lang='grc' dir='ltr'>Πατρός.</span> 
     </span>
    </p>
   </div>
   <div class='ocr_carea' id='block_1_86' title="bbox 2816 4242 3017 4295">
    <p class='ocr_par' dir='ltr' id='par_1_86' title="bbox 2816 4242 3017 4295">
     <span class='ocr_line' id='line_1_86' title="bbox 2816 4242 3017 4295; baseline -0.005 -1"><span class='ocrx_word' id='word_1_592' title='bbox 2816 4242 2949 4294; x_wconf 83' lang='grc' dir='ltr'><strong>ΑΔΛ</strong></span> <span class='ocrx_word' id='word_1_593' title='bbox 2957 4243 3017 4295; x_wconf 83' lang='grc' dir='ltr'>Ο.</span> 
     </span>
    </p>
   </div>
   <div class='ocr_carea' id='block_1_87' title="bbox 2202 4354 3717 4426">
    <p class='ocr_par' dir='ltr' id='par_1_87' title="bbox 2202 4354 3717 4426">
     <span class='ocr_line' id='line_1_87' title="bbox 2202 4354 3717 4426; baseline -0.006 -15"><span class='ocrx_word' id='word_1_594' title='bbox 2202 4358 2268 4411; x_wconf 82' lang='lat' dir='ltr'><strong>Et</strong></span> <span class='ocrx_word' id='word_1_595' title='bbox 2297 4356 2430 4420; x_wconf 90' lang='grc' dir='ltr'>Θεὸς</span> <span class='ocrx_word' id='word_1_596' title='bbox 2452 4354 2529 4409; x_wconf 85' lang='grc' dir='ltr'>ὢν</span> <span class='ocrx_word' id='word_1_597' title='bbox 2554 4356 2776 4425; x_wconf 81' lang='grc' dir='ltr'>γέγονεν</span> <span class='ocrx_word' id='word_1_598' title='bbox 2797 4356 3103 4426; x_wconf 78' lang='grc' dir='ltr'>ἄνθρωπος,</span> <span class='ocrx_word' id='word_1_599' title='bbox 3130 4356 3224 4408; x_wconf 78' lang='grc' dir='ltr'>καὶ</span> <span class='ocrx_word' id='word_1_600' title='bbox 3248 4355 3394 4426; x_wconf 76' lang='grc' dir='ltr'>ἔργῳ</span> <span class='ocrx_word' id='word_1_601' title='bbox 3422 4356 3582 4409; x_wconf 88' lang='grc' dir='ltr'>τοῦτο</span> <span class='ocrx_word' id='word_1_602' title='bbox 3609 4376 3717 4412; x_wconf 82' lang='grc' dir='ltr'>πα.</span> 
     </span>
    </p>
   </div>
   <div class='ocr_carea' id='block_1_88' title="bbox 2138 4444 3726 4519">
    <p class='ocr_par' dir='ltr' id='par_1_88' title="bbox 2138 4444 3726 4519">
     <span class='ocr_line' id='line_1_88' title="bbox 2138 4444 3726 4519; baseline 0.003 -19"><span class='ocrx_word' id='word_1_603' title='bbox 2138 4445 2251 4500; x_wconf 86' lang='grc' dir='ltr'>θεῖν</span> <span class='ocrx_word' id='word_1_604' title='bbox 2282 4446 2544 4517; x_wconf 83' lang='grc' dir='ltr'>ὑπέμεινε</span> <span class='ocrx_word' id='word_1_605' title='bbox 2568 4487 2583 4512; x_wconf 91' lang='grc'><strong>,</strong></span> <span class='ocrx_word' id='word_1_606' title='bbox 2617 4444 3054 4509; x_wconf 74' lang='grc' dir='ltr'>σκανδαλιζέσθω</span> <span class='ocrx_word' id='word_1_607' title='bbox 3085 4445 3273 4517; x_wconf 82' lang='grc' dir='ltr'>μηδεὶς</span> <span class='ocrx_word' id='word_1_608' title='bbox 3294 4484 3310 4511; x_wconf 94' lang='grc'><strong>,</strong></span> <span class='ocrx_word' id='word_1_609' title='bbox 3340 4447 3389 4499; x_wconf 91' lang='grc' dir='ltr'><strong>εί</strong></span> <span class='ocrx_word' id='word_1_610' title='bbox 3434 4446 3502 4501; x_wconf 79' lang='grc' dir='ltr'><strong>τά</strong></span> <span class='ocrx_word' id='word_1_611' title='bbox 3524 4450 3591 4519; x_wconf 75' lang='grc' dir='ltr'>τῇ</span> <span class='ocrx_word' id='word_1_612' title='bbox 3623 4450 3726 4504; x_wconf 83' lang='grc' dir='ltr'><strong>ἀν-</strong></span> 
     </span>
    </p>
   </div>
   <div class='ocr_carea' id='block_1_89' title="bbox 468 4526 2035 4613">
    <p class='ocr_par' dir='ltr' id='par_1_89' title="bbox 468 4530 2035 4597">
     <span class='ocr_line' id='line_1_89' title="bbox 468 4530 2035 4597; baseline -0.001 -10"><span class='ocrx_word' id='word_1_613' title='bbox 468 4532 566 4587; x_wconf 89' lang='lat' dir='ltr'><strong>tati</strong></span> <span class='ocrx_word' id='word_1_614' title='bbox 611 4541 667 4587; x_wconf 89' lang='lat' dir='ltr'><strong>et</strong></span> <span class='ocrx_word' id='word_1_615' title='bbox 702 4531 885 4587; x_wconf 76' lang='lat' dir='ltr'><strong>servili</strong></span> <span class='ocrx_word' id='word_1_616' title='bbox 936 4530 1233 4586; x_wconf 82' lang='lat' dir='ltr'><strong>conditioni</strong></span> <span class='ocrx_word' id='word_1_617' title='bbox 1273 4532 1617 4597; x_wconf 85' lang='lat' dir='ltr'><strong>conveniunt,</strong></span> <span class='ocrx_word' id='word_1_618' title='bbox 1668 4530 1829 4585; x_wconf 88' lang='lat' dir='ltr'><strong>etiam</strong></span> <span class='ocrx_word' id='word_1_619' title='bbox 1882 4530 1935 4586; x_wconf 91' lang='lat' dir='ltr'><strong>in</strong></span> <span class='ocrx_word' id='word_1_620' title='bbox 1977 4544 2035 4586; x_wconf 87' lang='lat' dir='ltr'><strong>se</strong></span> 
     </span>
    </p>
   </div>
   <div class='ocr_carea' id='block_1_90' title="bbox 2149 4526 3717 4613">
    <p class='ocr_par' dir='ltr' id='par_1_90' title="bbox 2149 4526 3717 4613">
     <span class='ocr_line' id='line_1_90' title="bbox 2149 4526 3717 4613; baseline 0.001 -20"><span class='ocrx_word' id='word_1_621' title='bbox 2149 4537 2451 4613; x_wconf 79' lang='grc' dir='ltr'>θρωπότητι</span> <span class='ocrx_word' id='word_1_622' title='bbox 2494 4526 2773 4609; x_wconf 75' lang='grc' dir='ltr'>πρέποντα</span> <span class='ocrx_word' id='word_1_623' title='bbox 2824 4538 2919 4591; x_wconf 76' lang='grc' dir='ltr'>καὶ</span> <span class='ocrx_word' id='word_1_624' title='bbox 2958 4535 3036 4607; x_wconf 79' lang='grc' dir='ltr'><strong>τῷ</strong></span> <span class='ocrx_word' id='word_1_625' title='bbox 3074 4538 3313 4607; x_wconf 84' lang='grc' dir='ltr'>σχήματι</span> <span class='ocrx_word' id='word_1_626' title='bbox 3352 4535 3430 4608; x_wconf 81' lang='grc' dir='ltr'>τῷ</span> <span class='ocrx_word' id='word_1_627' title='bbox 3458 4539 3717 4609; x_wconf 76' lang='grc' dir='ltr'>οῖκετικῷ</span> 
     </span>
    </p>
   </div>
   <div class='ocr_carea' id='block_1_91' title="bbox 464 4621 2034 4695">
    <p class='ocr_par' dir='ltr' id='par_1_91' title="bbox 464 4621 2034 4695">
     <span class='ocr_line' id='line_1_91' title="bbox 464 4621 2034 4695; baseline -0.003 -14"><span class='ocrx_word' id='word_1_628' title='bbox 464 4624 733 4695; x_wconf 76' lang='lat' dir='ltr'><strong>gestavit;</strong></span> <span class='ocrx_word' id='word_1_629' title='bbox 776 4640 922 4691; x_wconf 87' lang='lat' dir='ltr'><strong>nam,</strong></span> <span class='ocrx_word' id='word_1_630' title='bbox 955 4632 1014 4679; x_wconf 89' lang='lat' dir='ltr'><strong>ut</strong></span> <span class='ocrx_word' id='word_1_631' title='bbox 1050 4624 1234 4688; x_wconf 90' lang='lat' dir='ltr'><strong>homo,</strong></span> <span class='ocrx_word' id='word_1_632' title='bbox 1264 4632 1317 4677; x_wconf 91' lang='lat' dir='ltr'><strong>et</strong></span> <span class='ocrx_word' id='word_1_633' title='bbox 1343 4622 1589 4692; x_wconf 89' lang='lat' dir='ltr'><strong>accipere</strong></span> <span class='ocrx_word' id='word_1_634' title='bbox 1617 4630 1670 4677; x_wconf 90' lang='lat' dir='ltr'><strong>et</strong></span> <span class='ocrx_word' id='word_1_635' title='bbox 1700 4622 1926 4677; x_wconf 79' lang='lat' dir='ltr'><strong>exaltari</strong></span> <span class='ocrx_word' id='word_1_636' title='bbox 1951 4621 2034 4677; x_wconf 84' lang='lat' dir='ltr'><strong>di-</strong></span> 
     </span>
    </p>
   </div>
   <div class='ocr_carea' id='block_1_92' title="bbox 464 4713 2035 4783">
    <p class='ocr_par' dir='ltr' id='par_1_92' title="bbox 464 4713 2035 4783">
     <span class='ocr_line' id='line_1_92' title="bbox 464 4713 2035 4783; baseline 0 -12"><span class='ocrx_word' id='word_1_637' title='bbox 464 4719 622 4772; x_wconf 83' lang='lat' dir='ltr'><strong>citur.</strong></span> <span class='ocrx_word' id='word_1_638' title='bbox 656 4716 757 4783; x_wconf 90' lang='lat' dir='ltr'><strong>Qui</strong></span> <span class='ocrx_word' id='word_1_639' title='bbox 807 4730 935 4771; x_wconf 82' lang='lat' dir='ltr'><strong>vero</strong></span> <span class='ocrx_word' id='word_1_640' title='bbox 977 4716 1363 4770; x_wconf 88' lang='lat' dir='ltr'><strong>humanitatem</strong></span> <span class='ocrx_word' id='word_1_641' title='bbox 1416 4714 1583 4781; x_wconf 83' lang='lat' dir='ltr'><strong>ipsam</strong></span> <span class='ocrx_word' id='word_1_642' title='bbox 1646 4713 1829 4777; x_wconf 89' lang='lat' dir='ltr'><strong>subiit,</strong></span> <span class='ocrx_word' id='word_1_643' title='bbox 1886 4722 2035 4771; x_wconf 78' lang='lat' dir='ltr'><strong>certe</strong></span> 
     </span>
    </p>
   </div>
   <div class='ocr_carea' id='block_1_93' title="bbox 468 4806 2030 4878">
    <p class='ocr_par' dir='ltr' id='par_1_93' title="bbox 468 4806 2030 4878">
     <span class='ocr_line' id='line_1_93' title="bbox 468 4806 2030 4878; baseline 0.001 -17"><span class='ocrx_word' id='word_1_644' title='bbox 468 4808 787 4878; x_wconf 81' lang='lat' dir='ltr'><strong>reprehendi</strong></span> <span class='ocrx_word' id='word_1_645' title='bbox 816 4823 923 4863; x_wconf 89' lang='lat' dir='ltr'><strong>non</strong></span> <span class='ocrx_word' id='word_1_646' title='bbox 957 4808 1147 4877; x_wconf 85' lang='lat' dir='ltr'><strong>possit,</strong></span> <span class='ocrx_word' id='word_1_647' title='bbox 1184 4807 1229 4861; x_wconf 92' lang='lat' dir='ltr'><strong>si</strong></span> <span class='ocrx_word' id='word_1_648' title='bbox 1269 4807 1431 4861; x_wconf 90' lang='lat' dir='ltr'><strong>etiam</strong></span> <span class='ocrx_word' id='word_1_649' title='bbox 1463 4820 1526 4862; x_wconf 88' lang='lat' dir='ltr'><strong>ea</strong></span> <span class='ocrx_word' id='word_1_650' title='bbox 1558 4819 1679 4875; x_wconf 59' lang='lat' dir='ltr'><strong>quae</strong></span> <span class='ocrx_word' id='word_1_651' title='bbox 1708 4806 2030 4862; x_wconf 90' lang='lat' dir='ltr'><strong>humanitati</strong></span> 
     </span>
    </p>
   </div>
   <div class='ocr_carea' id='block_1_94' title="bbox 466 4898 2029 4970">
    <p class='ocr_par' dir='ltr' id='par_1_94' title="bbox 466 4898 2029 4970">
     <span class='ocr_line' id='line_1_94' title="bbox 466 4898 2029 4970; baseline -0.002 -16"><span class='ocrx_word' id='word_1_652' title='bbox 466 4900 679 4970; x_wconf 82' lang='lat' dir='ltr'><strong>propria</strong></span> <span class='ocrx_word' id='word_1_653' title='bbox 718 4907 844 4954; x_wconf 87' lang='lat' dir='ltr'><strong>sunt</strong></span> <span class='ocrx_word' id='word_1_654' title='bbox 875 4900 1061 4954; x_wconf 83' lang='lat' dir='ltr'><strong>subire</strong></span> <span class='ocrx_word' id='word_1_655' title='bbox 1090 4913 1195 4951; x_wconf 91' lang='lat' dir='ltr'><strong>non</strong></span> <span class='ocrx_word' id='word_1_656' title='bbox 1233 4906 1442 4953; x_wconf 90' lang='lat' dir='ltr'><strong>recuset</strong></span> <span class='ocrx_word' id='word_1_657' title='bbox 1476 4915 1493 4953; x_wconf 88' lang='lat'><strong>:</strong></span> <span class='ocrx_word' id='word_1_658' title='bbox 1539 4898 1811 4967; x_wconf 90' lang='lat' dir='ltr'><strong>proprium</strong></span> <span class='ocrx_word' id='word_1_659' title='bbox 1851 4907 2029 4952; x_wconf 89' lang='lat' dir='ltr'><strong>autem</strong></span> 
     </span>
    </p>
   </div>
   <div class='ocr_carea' id='block_1_95' title="bbox 468 4988 2030 5060">
    <p class='ocr_par' dir='ltr' id='par_1_95' title="bbox 468 4988 2030 5060">
     <span class='ocr_line' id='line_1_95' title="bbox 468 4988 2030 5060; baseline -0.002 -14"><span class='ocrx_word' id='word_1_660' title='bbox 468 4993 712 5047; x_wconf 77' lang='lat' dir='ltr'><strong>humana:</strong></span> <span class='ocrx_word' id='word_1_661' title='bbox 750 5000 959 5046; x_wconf 74' lang='lat' dir='ltr'><strong>natura:</strong></span> <span class='ocrx_word' id='word_1_662' title='bbox 996 5000 1079 5045; x_wconf 90' lang='lat' dir='ltr'><strong>est</strong></span> <span class='ocrx_word' id='word_1_663' title='bbox 1115 5005 1143 5044; x_wconf 90' lang='lat' dir='ltr'><strong>a</strong></span> <span class='ocrx_word' id='word_1_664' title='bbox 1173 4988 1283 5045; x_wconf 90' lang='lat' dir='ltr'><strong>Deo</strong></span> <span class='ocrx_word' id='word_1_665' title='bbox 1308 4990 1572 5058; x_wconf 88' lang='lat' dir='ltr'><strong>accipere,</strong></span> <span class='ocrx_word' id='word_1_666' title='bbox 1600 4988 1751 5060; x_wconf 81' lang='lat' dir='ltr'><strong>juxta</strong></span> <span class='ocrx_word' id='word_1_667' title='bbox 1790 4988 1918 5044; x_wconf 92' lang='lat' dir='ltr'><strong>illud</strong></span> <span class='ocrx_word' id='word_1_668' title='bbox 1949 4989 2030 5043; x_wconf 90' lang='lat' dir='ltr'><strong>di-</strong></span> 
     </span>
    </p>
   </div>
   <div class='ocr_carea' id='block_1_96' title="bbox 466 5081 2027 5152">
    <p class='ocr_par' dir='ltr' id='par_1_96' title="bbox 466 5081 2027 5152">
     <span class='ocr_line' id='line_1_96' title="bbox 466 5081 2027 5152; baseline -0.003 -13"><span class='ocrx_word' id='word_1_669' title='bbox 466 5093 610 5139; x_wconf 89' lang='lat' dir='ltr'><strong>ctum</strong></span> <span class='ocrx_word' id='word_1_670' title='bbox 644 5101 656 5137; x_wconf 89' lang='lat'><strong>:</strong></span> <span class='ocrx_word' id='word_1_671' title='bbox 700 5101 720 5135; x_wconf 87' lang='grc' dir='ltr'>ι</span> <span class='ocrx_word' id='word_1_672' title='bbox 748 5083 887 5151; x_wconf 81' lang='lat' dir='ltr'><strong>Quid</strong></span> <span class='ocrx_word' id='word_1_673' title='bbox 927 5085 1070 5138; x_wconf 89' lang='lat' dir='ltr'><strong>enim</strong></span> <span class='ocrx_word' id='word_1_674' title='bbox 1106 5082 1270 5137; x_wconf 89' lang='lat' dir='ltr'><strong>habes</strong></span> <span class='ocrx_word' id='word_1_675' title='bbox 1297 5083 1439 5151; x_wconf 87' lang='lat' dir='ltr'><strong>quod</strong></span> <span class='ocrx_word' id='word_1_676' title='bbox 1471 5096 1575 5136; x_wconf 92' lang='lat' dir='ltr'><strong>non</strong></span> <span class='ocrx_word' id='word_1_677' title='bbox 1613 5083 1863 5152; x_wconf 85' lang='lat' dir='ltr'><strong>accepisti</strong></span> <span class='ocrx_word' id='word_1_678' title='bbox 1900 5081 1947 5113; x_wconf 80' lang='lat'><strong>“</strong></span> <span class='ocrx_word' id='word_1_679' title='bbox 1962 5082 2027 5152; x_wconf 64' lang='grc'><strong>2,»</strong></span> 
     </span>
    </p>
   </div>
   <div class='ocr_carea' id='block_1_97' title="bbox 465 5173 2031 5246">
    <p class='ocr_par' dir='ltr' id='par_1_97' title="bbox 465 5173 2031 5246">
     <span class='ocr_line' id='line_1_97' title="bbox 465 5173 2031 5246; baseline -0.001 -15"><span class='ocrx_word' id='word_1_680' title='bbox 465 5176 688 5246; x_wconf 77' lang='lat' dir='ltr'><strong>Accepit</strong></span> <span class='ocrx_word' id='word_1_681' title='bbox 723 5176 888 5245; x_wconf 83' lang='lat' dir='ltr'><strong>igitur</strong></span> <span class='ocrx_word' id='word_1_682' title='bbox 918 5184 977 5229; x_wconf 91' lang='lat' dir='ltr'><strong>ut</strong></span> <span class='ocrx_word' id='word_1_683' title='bbox 1014 5174 1173 5230; x_wconf 87' lang='lat' dir='ltr'><strong>homo</strong></span> <span class='ocrx_word' id='word_1_684' title='bbox 1219 5188 1313 5243; x_wconf 82' lang='lat' dir='ltr'><strong>per</strong></span> <span class='ocrx_word' id='word_1_685' title='bbox 1346 5173 1596 5241; x_wconf 84' lang='lat' dir='ltr'><strong>gratiam,</strong></span> <span class='ocrx_word' id='word_1_686' title='bbox 1633 5188 1752 5243; x_wconf 72' lang='lat' dir='ltr'><strong>qua:</strong></span> <span class='ocrx_word' id='word_1_687' title='bbox 1792 5183 1850 5230; x_wconf 93' lang='lat' dir='ltr'><strong>ut</strong></span> <span class='ocrx_word' id='word_1_688' title='bbox 1892 5175 2031 5231; x_wconf 80' lang='lat' dir='ltr'><strong>Deus</strong></span> 
     </span>
    </p>
   </div>
   <div class='ocr_carea' id='block_1_98' title="bbox 467 5267 1014 5325">
    <p class='ocr_par' dir='ltr' id='par_1_98' title="bbox 467 5267 1014 5325">
     <span class='ocr_line' id='line_1_98' title="bbox 467 5267 1014 5325; baseline -0.004 -1"><span class='ocrx_word' id='word_1_689' title='bbox 467 5267 655 5325; x_wconf 85' lang='lat' dir='ltr'><strong>habuit</strong></span> <span class='ocrx_word' id='word_1_690' title='bbox 673 5267 1014 5325; x_wconf 83' lang='lat' dir='ltr'><strong>naturaliter.</strong></span> 
     </span>
    </p>
   </div>
   <div class='ocr_carea' id='block_1_99' title="bbox 1138 5377 1361 5435">
    <p class='ocr_par' dir='ltr' id='par_1_99' title="bbox 1138 5377 1361 5435">
     <span class='ocr_line' id='line_1_99' title="bbox 1138 5377 1361 5435; baseline -0.004 -2"><span class='ocrx_word' id='word_1_691' title='bbox 1138 5377 1361 5435; x_wconf 82' lang='lat' dir='ltr'><strong>ALIUD.</strong></span> 
     </span>
    </p>
   </div>
   <div class='ocr_carea' id='block_1_100' title="bbox 534 5489 2030 5564">
    <p class='ocr_par' dir='ltr' id='par_1_100' title="bbox 534 5489 2030 5564">
     <span class='ocr_line' id='line_1_100' title="bbox 534 5489 2030 5564; baseline -0.003 -14"><span class='ocrx_word' id='word_1_692' title='bbox 534 5493 594 5550; x_wconf 90' lang='lat' dir='ltr'><strong>Si</strong></span> <span class='ocrx_word' id='word_1_693' title='bbox 621 5491 783 5549; x_wconf 83' lang='lat' dir='ltr'><strong>Pater</strong></span> <span class='ocrx_word' id='word_1_694' title='bbox 810 5493 989 5550; x_wconf 89' lang='lat' dir='ltr'><strong>omnia</strong></span> <span class='ocrx_word' id='word_1_695' title='bbox 1015 5503 1270 5562; x_wconf 88' lang='lat' dir='ltr'><strong>operatur</strong></span> <span class='ocrx_word' id='word_1_696' title='bbox 1287 5506 1382 5561; x_wconf 90' lang='lat' dir='ltr'><strong>per</strong></span> <span class='ocrx_word' id='word_1_697' title='bbox 1416 5490 1609 5546; x_wconf 81' lang='lat' dir='ltr'><strong>Filium</strong></span> <span class='ocrx_word' id='word_1_698' title='bbox 1627 5489 1717 5558; x_wconf 60' lang='grc' dir='ltr'>ω,</span> <span class='ocrx_word' id='word_1_699' title='bbox 1748 5500 1803 5547; x_wconf 90' lang='lat' dir='ltr'><strong>ct</strong></span> <span class='ocrx_word' id='word_1_700' title='bbox 1828 5491 2030 5564; x_wconf 84' lang='lat' dir='ltr'><strong>absque</strong></span> 
     </span>
    </p>
   </div>
   <div class='ocr_carea' id='block_1_101' title="bbox 468 5584 2029 5663">
    <p class='ocr_par' dir='ltr' id='par_1_101' title="bbox 468 5584 2029 5663">
     <span class='ocr_line' id='line_1_101' title="bbox 468 5584 2029 5663; baseline -0.005 -16"><span class='ocrx_word' id='word_1_701' title='bbox 468 5592 584 5663; x_wconf 91' lang='lat' dir='ltr'><strong>ipso</strong></span> <span class='ocrx_word' id='word_1_702' title='bbox 615 5590 809 5644; x_wconf 79' lang='lat' dir='ltr'><strong>factum</strong></span> <span class='ocrx_word' id='word_1_703' title='bbox 856 5598 940 5645; x_wconf 87' lang='lat' dir='ltr'><strong>est</strong></span> <span class='ocrx_word' id='word_1_704' title='bbox 976 5588 1111 5643; x_wconf 88' lang='lat' dir='ltr'><strong>nihil</strong></span> <span class='ocrx_word' id='word_1_705' title='bbox 1155 5586 1225 5651; x_wconf 83' lang='lat'><strong>&quot;,</strong></span> <span class='ocrx_word' id='word_1_706' title='bbox 1260 5586 1567 5641; x_wconf 87' lang='lat' dir='ltr'><strong>necessario</strong></span> <span class='ocrx_word' id='word_1_707' title='bbox 1614 5584 1899 5641; x_wconf 89' lang='lat' dir='ltr'><strong>dicendum</strong></span> <span class='ocrx_word' id='word_1_708' title='bbox 1944 5593 2029 5644; x_wconf 84' lang='lat' dir='ltr'><strong>est</strong></span> 
     </span>
    </p>
   </div>
   <div class='ocr_carea' id='block_1_102' title="bbox 468 5678 2027 5756">
    <p class='ocr_par' dir='ltr' id='par_1_102' title="bbox 468 5678 2027 5756">
     <span class='ocr_line' id='line_1_102' title="bbox 468 5678 2027 5756; baseline -0.003 -17"><span class='ocrx_word' id='word_1_709' title='bbox 468 5685 640 5756; x_wconf 89' lang='lat' dir='ltr'><strong>ipsum</strong></span> <span class='ocrx_word' id='word_1_710' title='bbox 663 5682 763 5739; x_wconf 90' lang='lat' dir='ltr'><strong>sibi</strong></span> <span class='ocrx_word' id='word_1_711' title='bbox 795 5682 897 5752; x_wconf 88' lang='lat' dir='ltr'><strong>ipsi</strong></span> <span class='ocrx_word' id='word_1_712' title='bbox 922 5680 1303 5737; x_wconf 83' lang='lat' dir='ltr'><strong>exaltationem</strong></span> <span class='ocrx_word' id='word_1_713' title='bbox 1338 5678 1572 5747; x_wconf 88' lang='lat' dir='ltr'><strong>dedisse,</strong></span> <span class='ocrx_word' id='word_1_714' title='bbox 1607 5679 1947 5750; x_wconf 85' lang='lat' dir='ltr'><strong>gratiamque</strong></span> <span class='ocrx_word' id='word_1_715' title='bbox 1997 5696 2027 5734; x_wconf 92' lang='lat' dir='ltr'><strong>a</strong></span> 
     </span>
    </p>
   </div>
   <div class='ocr_carea' id='block_1_103' title="bbox 2140 4628 3717 4702">
    <p class='ocr_par' dir='ltr' id='par_1_103' title="bbox 2140 4628 3717 4702">
     <span class='ocr_line' id='line_1_103' title="bbox 2140 4628 3717 4702; baseline 0.001 -18"><span class='ocrx_word' id='word_1_716' title='bbox 2140 4632 2364 4702; x_wconf 72' lang='grc' dir='ltr'>φέρεται</span> <span class='ocrx_word' id='word_1_717' title='bbox 2397 4631 2491 4685; x_wconf 75' lang='grc' dir='ltr'>καὶ</span> <span class='ocrx_word' id='word_1_718' title='bbox 2521 4630 2607 4683; x_wconf 65' lang='grc' dir='ltr'><strong>ἔπ’</strong></span> <span class='ocrx_word' id='word_1_719' title='bbox 2635 4629 2798 4683; x_wconf 88' lang='grc' dir='ltr'>αὐτοῦ</span> <span class='ocrx_word' id='word_1_720' title='bbox 2820 4647 2833 4659; x_wconf 90' lang='grc'><strong>·</strong></span> <span class='ocrx_word' id='word_1_721' title='bbox 2869 4628 3087 4699; x_wconf 83' lang='grc' dir='ltr'>ὼς-γὰρ</span> <span class='ocrx_word' id='word_1_722' title='bbox 3120 4628 3407 4699; x_wconf 78' lang='grc' dir='ltr'>ἄνθρωπος</span> <span class='ocrx_word' id='word_1_723' title='bbox 3449 4629 3545 4683; x_wconf 77' lang='grc' dir='ltr'>καὶ</span> <span class='ocrx_word' id='word_1_724' title='bbox 3574 4630 3717 4702; x_wconf 87' lang='grc' dir='ltr'>λαμ-</span> 
     </span>
    </p>
   </div>
   <div class='ocr_carea' id='block_1_104' title="bbox 2140 4718 3719 4792">
    <p class='ocr_par' dir='ltr' id='par_1_104' title="bbox 2140 4718 3719 4792">
     <span class='ocr_line' id='line_1_104' title="bbox 2140 4718 3719 4792; baseline -0.001 -15"><span class='ocrx_word' id='word_1_725' title='bbox 2140 4722 2325 4777; x_wconf 74' lang='grc' dir='ltr'>ϐάνειν</span> <span class='ocrx_word' id='word_1_726' title='bbox 2353 4720 2447 4775; x_wconf 76' lang='grc' dir='ltr'>καὶ</span> <span class='ocrx_word' id='word_1_727' title='bbox 2468 4719 2738 4789; x_wconf 79' lang='grc' dir='ltr'>ύψοῦσθαι</span> <span class='ocrx_word' id='word_1_728' title='bbox 2765 4720 3003 4788; x_wconf 73' lang='grc' dir='ltr'>λέγεται.</span> <span class='ocrx_word' id='word_1_729' title='bbox 3020 4720 3077 4773; x_wconf 88' lang='lat'><strong>&#39;0</strong></span> <span class='ocrx_word' id='word_1_730' title='bbox 3103 4720 3287 4791; x_wconf 68' lang='grc' dir='ltr'>δὲοτὴν</span> <span class='ocrx_word' id='word_1_731' title='bbox 3319 4718 3719 4792; x_wconf 79' lang='grc' dir='ltr'>άνθρωπότητα</span> 
     </span>
    </p>
   </div>
   <div class='ocr_carea' id='block_1_105' title="bbox 2139 4810 3720 4884">
    <p class='ocr_par' dir='ltr' id='par_1_105' title="bbox 2139 4810 3720 4884">
     <span class='ocr_line' id='line_1_105' title="bbox 2139 4810 3720 4884; baseline 0.001 -17"><span class='ocrx_word' id='word_1_732' title='bbox 2139 4815 2308 4884; x_wconf 82' lang='grc' dir='ltr'>αὐτὴν</span> <span class='ocrx_word' id='word_1_733' title='bbox 2342 4813 2642 4883; x_wconf 83' lang='grc' dir='ltr'>ὑπομείνας</span> <span class='ocrx_word' id='word_1_734' title='bbox 2666 4850 2681 4875; x_wconf 94' lang='grc'><strong>,</strong></span> <span class='ocrx_word' id='word_1_735' title='bbox 2712 4811 2811 4865; x_wconf 89' lang='grc' dir='ltr'><strong>οὐκ</strong></span> <span class='ocrx_word' id='word_1_736' title='bbox 2854 4811 2921 4864; x_wconf 76' lang='grc' dir='ltr'>ἂν</span> <span class='ocrx_word' id='word_1_737' title='bbox 2961 4811 3199 4879; x_wconf 79' lang='grc' dir='ltr'>εὐλόγως</span> <span class='ocrx_word' id='word_1_738' title='bbox 3223 4810 3466 4881; x_wconf 83' lang='grc' dir='ltr'>ψέγοιτο,</span> <span class='ocrx_word' id='word_1_739' title='bbox 3512 4812 3608 4867; x_wconf 83' lang='grc' dir='ltr'>καὶ</span> <span class='ocrx_word' id='word_1_740' title='bbox 3644 4814 3720 4869; x_wconf 77' lang='grc' dir='ltr'>τὰ</span> 
     </span>
    </p>
   </div>
   <div class='ocr_carea' id='block_1_106' title="bbox 2138 4900 3715 4973">
    <p class='ocr_par' dir='ltr' id='par_1_106' title="bbox 2138 4900 3715 4973">
     <span class='ocr_line' id='line_1_106' title="bbox 2138 4900 3715 4973; baseline 0.004 -19"><span class='ocrx_word' id='word_1_741' title='bbox 2138 4900 2238 4972; x_wconf 82' lang='grc' dir='ltr'>τῆς</span> <span class='ocrx_word' id='word_1_742' title='bbox 2262 4901 2682 4972; x_wconf 81' lang='grc' dir='ltr'>άνθρωπότητος</span> <span class='ocrx_word' id='word_1_743' title='bbox 2718 4900 2827 4954; x_wconf 81' lang='grc' dir='ltr'>ῖδια</span> <span class='ocrx_word' id='word_1_744' title='bbox 2873 4901 3101 4972; x_wconf 78' lang='grc' dir='ltr'>φορέσαι</span> <span class='ocrx_word' id='word_1_745' title='bbox 3146 4900 3222 4972; x_wconf 82' lang='grc' dir='ltr'>μὴ</span> <span class='ocrx_word' id='word_1_746' title='bbox 3252 4902 3715 4973; x_wconf 74' lang='grc' dir='ltr'>παραιτούμενος.</span> 
     </span>
    </p>
   </div>
   <div class='ocr_carea' id='block_1_107' title="bbox 2145 4981 3716 5065">
    <p class='ocr_par' dir='ltr' id='par_1_107' title="bbox 2145 4981 3716 5065">
     <span class='ocr_line' id='line_1_107' title="bbox 2145 4981 3716 5065; baseline 0.002 -18"><span class='ocrx_word' id='word_1_747' title='bbox 2145 4994 2302 5047; x_wconf 83' lang='grc' dir='ltr'>Ἶδιον</span> <span class='ocrx_word' id='word_1_748' title='bbox 2328 4992 2384 5046; x_wconf 66' lang='grc' dir='ltr'>δι</span> <span class='ocrx_word' id='word_1_749' title='bbox 2412 4991 2700 5063; x_wconf 82' lang='grc' dir='ltr'>ἀνθρώπου</span> <span class='ocrx_word' id='word_1_750' title='bbox 2732 4992 2951 5062; x_wconf 83' lang='grc' dir='ltr'>φύσεως</span> <span class='ocrx_word' id='word_1_751' title='bbox 2970 4992 3031 5046; x_wconf 78' lang='grc' dir='ltr'>τδ</span> <span class='ocrx_word' id='word_1_752' title='bbox 3054 4992 3353 5063; x_wconf 77' lang='grc' dir='ltr'>λαμϐάνειν</span> <span class='ocrx_word' id='word_1_753' title='bbox 3379 4993 3530 5065; x_wconf 85' lang='grc' dir='ltr'>παρά</span> <span class='ocrx_word' id='word_1_754' title='bbox 3549 4981 3716 5061; x_wconf 82' lang='grc' dir='ltr'>Θεοῦ,</span> 
     </span>
    </p>
   </div>
   <div class='ocr_carea' id='block_1_108' title="bbox 2092 5072 3720 5155">
    <p class='ocr_par' dir='ltr' id='par_1_108' title="bbox 2092 5072 3720 5155">
     <span class='ocr_line' id='line_1_108' title="bbox 2092 5072 3720 5155; baseline 0.001 -17"><span class='ocrx_word' id='word_1_755' title='bbox 2092 5072 2097 5077; x_wconf 41' lang='grc'><em>“</em></span> <span class='ocrx_word' id='word_1_756' title='bbox 2134 5084 2279 5138; x_wconf 83' lang='grc' dir='ltr'>κατὰ</span> <span class='ocrx_word' id='word_1_757' title='bbox 2312 5084 2370 5138; x_wconf 88' lang='grc' dir='ltr'><strong>τὸ</strong></span> <span class='ocrx_word' id='word_1_758' title='bbox 2400 5082 2561 5154; x_wconf 79' lang='grc' dir='ltr'>ῥητὸν</span> <span class='ocrx_word' id='word_1_759' title='bbox 2589 5083 2650 5136; x_wconf 89' lang='grc' dir='ltr'><strong>τὸ</strong></span> <span class='ocrx_word' id='word_1_760' title='bbox 2678 5082 2851 5150; x_wconf 75' lang='grc' dir='ltr'>λέγοψ</span> <span class='ocrx_word' id='word_1_761' title='bbox 2887 5082 3010 5136; x_wconf 63' lang='lat' dir='ltr'><strong>(Ti</strong></span> <span class='ocrx_word' id='word_1_762' title='bbox 3050 5083 3158 5154; x_wconf 79' lang='grc' dir='ltr'>γὰρ</span> <span class='ocrx_word' id='word_1_763' title='bbox 3200 5082 3344 5155; x_wconf 67' lang='grc' dir='ltr'>ἔχεις</span> <span class='ocrx_word' id='word_1_764' title='bbox 3386 5084 3414 5137; x_wconf 87' lang='grc' dir='ltr'><strong>δ</strong></span> <span class='ocrx_word' id='word_1_765' title='bbox 3445 5084 3545 5137; x_wconf 89' lang='grc' dir='ltr'><strong>οὐκ</strong></span> <span class='ocrx_word' id='word_1_766' title='bbox 3590 5085 3720 5139; x_wconf 72' lang='grc' dir='ltr'>ελα-</span> 
     </span>
    </p>
   </div>
   <div class='ocr_carea' id='block_1_109' title="bbox 2135 5175 3717 5250">
    <p class='ocr_par' dir='ltr' id='par_1_109' title="bbox 2135 5175 3717 5250">
     <span class='ocr_line' id='line_1_109' title="bbox 2135 5175 3717 5250; baseline 0 -19"><span class='ocrx_word' id='word_1_767' title='bbox 2135 5177 2261 5243; x_wconf 66' lang='lat' dir='ltr'><strong>dcc;</strong></span> <span class='ocrx_word' id='word_1_768' title='bbox 2299 5196 2317 5229; x_wconf 76' lang='grc' dir='ltr'>ι</span> <span class='ocrx_word' id='word_1_769' title='bbox 2356 5176 2593 5246; x_wconf 80' lang='grc' dir='ltr'>Εἰληφεν</span> <span class='ocrx_word' id='word_1_770' title='bbox 2631 5175 2738 5247; x_wconf 75' lang='grc' dir='ltr'>ἄρα</span> <span class='ocrx_word' id='word_1_771' title='bbox 2765 5176 2841 5240; x_wconf 82' lang='grc' dir='ltr'><strong>ὡς</strong></span> <span class='ocrx_word' id='word_1_772' title='bbox 2864 5175 3150 5246; x_wconf 76' lang='grc' dir='ltr'>ἄνθρωπος</span> <span class='ocrx_word' id='word_1_773' title='bbox 3176 5175 3317 5231; x_wconf 81' lang='grc' dir='ltr'>κατὰ</span> <span class='ocrx_word' id='word_1_774' title='bbox 3340 5177 3502 5248; x_wconf 82' lang='grc' dir='ltr'>χάριν</span> <span class='ocrx_word' id='word_1_775' title='bbox 3521 5218 3536 5245; x_wconf 90' lang='grc'><strong>,</strong></span> <span class='ocrx_word' id='word_1_776' title='bbox 3567 5178 3717 5250; x_wconf 77' lang='grc' dir='ltr'>ἅπερ</span> 
     </span>
    </p>
   </div>
   <div class='ocr_carea' id='block_1_110' title="bbox 2136 5264 2826 5341">
    <p class='ocr_par' dir='ltr' id='par_1_110' title="bbox 2136 5264 2826 5341">
     <span class='ocr_line' id='line_1_110' title="bbox 2136 5264 2826 5341; baseline 0 -19"><span class='ocrx_word' id='word_1_777' title='bbox 2136 5264 2281 5341; x_wconf 75' lang='grc' dir='ltr'>εῖχεν</span> <span class='ocrx_word' id='word_1_778' title='bbox 2303 5270 2378 5332; x_wconf 85' lang='grc' dir='ltr'>ὡς</span> <span class='ocrx_word' id='word_1_779' title='bbox 2403 5267 2535 5331; x_wconf 87' lang='grc' dir='ltr'>Θεὸς</span> <span class='ocrx_word' id='word_1_780' title='bbox 2561 5268 2826 5337; x_wconf 85' lang='grc' dir='ltr'>φυσικῶς.</span> 
     </span>
    </p>
   </div>
   <div class='ocr_carea' id='block_1_111' title="bbox 2812 5382 3017 5436">
    <p class='ocr_par' dir='ltr' id='par_1_111' title="bbox 2812 5382 3017 5436">
     <span class='ocr_line' id='line_1_111' title="bbox 2812 5382 3017 5436; baseline 0.005 -1"><span class='ocrx_word' id='word_1_781' title='bbox 2812 5382 3017 5436; x_wconf 78' lang='lat' dir='ltr'><strong>AAAO.</strong></span> 
     </span>
    </p>
   </div>
   <div class='ocr_carea' id='block_1_112' title="bbox 2206 5491 3715 5566">
    <p class='ocr_par' dir='ltr' id='par_1_112' title="bbox 2206 5491 3715 5566">
     <span class='ocr_line' id='line_1_112' title="bbox 2206 5491 3715 5566; baseline 0.002 -18"><span class='ocrx_word' id='word_1_782' title='bbox 2206 5495 2269 5548; x_wconf 85' lang='lat' dir='ltr'><strong>El</strong></span> <span class='ocrx_word' id='word_1_783' title='bbox 2314 5494 2490 5548; x_wconf 83' lang='grc' dir='ltr'>πάντα</span> <span class='ocrx_word' id='word_1_784' title='bbox 2536 5493 2602 5547; x_wconf 79' lang='grc' dir='ltr'>δι’</span> <span class='ocrx_word' id='word_1_785' title='bbox 2633 5492 2763 5545; x_wconf 86' lang='grc' dir='ltr'>Υίοῦ</span> <span class='ocrx_word' id='word_1_786' title='bbox 2806 5493 2835 5545; x_wconf 91' lang='grc' dir='ltr'><strong>ό</strong></span> <span class='ocrx_word' id='word_1_787' title='bbox 2873 5491 3062 5563; x_wconf 79' lang='grc' dir='ltr'>Πατὴρ</span> <span class='ocrx_word' id='word_1_788' title='bbox 3090 5491 3385 5564; x_wconf 74' lang='grc' dir='ltr'>ἐργάζεται</span> <span class='ocrx_word' id='word_1_789' title='bbox 3408 5534 3423 5561; x_wconf 94' lang='grc'><strong>,</strong></span> <span class='ocrx_word' id='word_1_790' title='bbox 3454 5496 3624 5566; x_wconf 83' lang='grc' dir='ltr'>χωρίς</span> <span class='ocrx_word' id='word_1_791' title='bbox 3642 5498 3715 5555; x_wconf 57' lang='grc' dir='ltr'><strong>τε</strong></span> 
     </span>
    </p>
   </div>
   <div class='ocr_carea' id='block_1_113' title="bbox 2135 5584 3716 5659">
    <p class='ocr_par' dir='ltr' id='par_1_113' title="bbox 2135 5584 3716 5659">
     <span class='ocr_line' id='line_1_113' title="bbox 2135 5584 3716 5659; baseline 0 -18"><span class='ocrx_word' id='word_1_792' title='bbox 2135 5585 2301 5641; x_wconf 90' lang='grc' dir='ltr'>αὐτοῦ</span> <span class='ocrx_word' id='word_1_793' title='bbox 2332 5584 2558 5654; x_wconf 88' lang='grc' dir='ltr'>γέγονεν</span> <span class='ocrx_word' id='word_1_794' title='bbox 2583 5584 2755 5646; x_wconf 82' lang='grc' dir='ltr'>οὐδὲν,</span> <span class='ocrx_word' id='word_1_795' title='bbox 2783 5584 3079 5652; x_wconf 84' lang='grc' dir='ltr'>ἀναγκαῖον</span> <span class='ocrx_word' id='word_1_796' title='bbox 3111 5586 3304 5653; x_wconf 73' lang='grc' dir='ltr'>εἰπεῖν,</span> <span class='ocrx_word' id='word_1_797' title='bbox 3334 5586 3524 5659; x_wconf 79' lang='grc' dir='ltr'>ὅτιπερ</span> <span class='ocrx_word' id='word_1_798' title='bbox 3547 5588 3716 5656; x_wconf 85' lang='grc' dir='ltr'>αὐτὸς</span> 
     </span>
    </p>
   </div>
   <div class='ocr_carea' id='block_1_114' title="bbox 2134 5674 3717 5753">
    <p class='ocr_par' dir='ltr' id='par_1_114' title="bbox 2134 5674 3717 5753">
     <span class='ocr_line' id='line_1_114' title="bbox 2134 5674 3717 5753; baseline 0.003 -22"><span class='ocrx_word' id='word_1_799' title='bbox 2134 5674 2203 5752; x_wconf 76' lang='grc' dir='ltr'>ἦν</span> <span class='ocrx_word' id='word_1_800' title='bbox 2250 5676 2425 5747; x_wconf 68' lang='grc' dir='ltr'>ἑαυτῷ</span> <span class='ocrx_word' id='word_1_801' title='bbox 2474 5676 2564 5730; x_wconf 74' lang='grc' dir='ltr'>καὶ</span> <span class='ocrx_word' id='word_1_802' title='bbox 2606 5677 2666 5729; x_wconf 91' lang='grc' dir='ltr'><strong>τὸ</strong></span> <span class='ocrx_word' id='word_1_803' title='bbox 2712 5674 2976 5745; x_wconf 86' lang='grc' dir='ltr'>ύψοῦσθαι</span> <span class='ocrx_word' id='word_1_804' title='bbox 3024 5676 3218 5745; x_wconf 84' lang='grc' dir='ltr'>διδοὺς,</span> <span class='ocrx_word' id='word_1_805' title='bbox 3274 5678 3370 5733; x_wconf 78' lang='grc' dir='ltr'>καὶ</span> <span class='ocrx_word' id='word_1_806' title='bbox 3412 5678 3512 5753; x_wconf 74' lang='grc' dir='ltr'>τὴν</span> <span class='ocrx_word' id='word_1_807' title='bbox 3560 5680 3717 5753; x_wconf 70' lang='grc' dir='ltr'>παρὰ</span> 
     </span>
    </p>
   </div>
   <div class='ocr_carea' id='block_1_115' title="bbox 535 5831 2035 5904">
    <p class='ocr_par' dir='ltr' id='par_1_115' title="bbox 535 5832 2031 5904">
     <span class='ocr_line' id='line_1_115' title="bbox 535 5832 2031 5904; baseline -0.005 -11"><span class='ocrx_word' id='word_1_808' title='bbox 535 5840 579 5872; x_wconf 83' lang='lat'><strong>&quot;</strong></span> <span class='ocrx_word' id='word_1_809' title='bbox 606 5835 749 5895; x_wconf 75' lang='lat' dir='ltr'><strong>Psal.</strong></span> <span class='ocrx_word' id='word_1_810' title='bbox 774 5853 931 5902; x_wconf 82' lang='lat' dir='ltr'><strong>mn,</strong></span> <span class='ocrx_word' id='word_1_811' title='bbox 960 5836 1009 5890; x_wconf 86' lang='grc'>7.</span> <span class='ocrx_word' id='word_1_812' title='bbox 1088 5837 1133 5868; x_wconf 83' lang='grc'><strong>⁸⁸</strong></span> <span class='ocrx_word' id='word_1_813' title='bbox 1157 5832 1387 5904; x_wconf 89' lang='lat' dir='ltr'><strong>Philipp.</strong></span> <span class='ocrx_word' id='word_1_814' title='bbox 1426 5849 1484 5901; x_wconf 85' lang='grc' dir='ltr'>ιι,</span> <span class='ocrx_word' id='word_1_815' title='bbox 1516 5834 1568 5891; x_wconf 89' lang='grc'><strong>9.</strong></span> <span class='ocrx_word' id='word_1_816' title='bbox 1646 5833 1690 5867; x_wconf 77' lang='grc'><strong>⁸⁸</strong></span> <span class='ocrx_word' id='word_1_817' title='bbox 1731 5833 1748 5889; x_wconf 91' lang='lat' dir='ltr'><strong>l</strong></span> <span class='ocrx_word' id='word_1_818' title='bbox 1787 5834 1915 5892; x_wconf 88' lang='lat' dir='ltr'><strong>Cor.</strong></span> <span class='ocrx_word' id='word_1_819' title='bbox 1956 5850 2031 5901; x_wconf 80' lang='lat' dir='ltr'><strong>tv,</strong></span> 
     </span>
    </p>
   </div>
   <div class='ocr_carea' id='block_1_116' title="bbox 2149 5831 3146 5904">
    <p class='ocr_par' dir='ltr' id='par_1_116' title="bbox 2184 5831 3146 5899">
     <span class='ocr_line' id='line_1_116' title="bbox 2184 5831 3146 5899; baseline 0 -9"><span class='ocrx_word' id='word_1_820' title='bbox 2184 5832 2251 5867; x_wconf 61' lang='grc' dir='ltr'><strong>’δ’</strong></span> <span class='ocrx_word' id='word_1_821' title='bbox 2290 5833 2448 5889; x_wconf 79' lang='lat' dir='ltr'><strong>Joan.</strong></span> <span class='ocrx_word' id='word_1_822' title='bbox 2487 5848 2538 5897; x_wconf 78' lang='grc' dir='ltr'><strong>ν,</strong></span> <span class='ocrx_word' id='word_1_823' title='bbox 2575 5833 2659 5886; x_wconf 82' lang='lat' dir='ltr'><strong>l7.</strong></span> <span class='ocrx_word' id='word_1_824' title='bbox 2740 5834 2784 5865; x_wconf 86' lang='lat'>“</span> <span class='ocrx_word' id='word_1_825' title='bbox 2821 5831 2979 5889; x_wconf 79' lang='lat' dir='ltr'><strong>Joan.</strong></span> <span class='ocrx_word' id='word_1_826' title='bbox 3010 5849 3051 5899; x_wconf 90' lang='grc' dir='ltr'>ι,</span> <span class='ocrx_word' id='word_1_827' title='bbox 3091 5835 3146 5890; x_wconf 86' lang='lat'><strong>&#39;5.</strong></span> 
     </span>
    </p>
   </div>
  </div>
