3968 6482
271 469 375 523 335

1662 460 2036 516 TIIESAUIL'
2052 461 2110 513 δ.

3460 461 3565 517 351

274 588 486 660 Πατρδς
513 589 677 660 χάριν
706 586 1152 659 διακονούμενος.
1199 586 1445 656 Ἐδέχετο
1480 585 1580 657 μὲν
1614 585 1720 657 γάρ
1754 585 1861 637 θεο·

1974 582 2136 636 Patre
2166 580 2563 650 suppeditasse.
2598 575 2851 645 Suscepit
2886 575 3032 630 enim
3076 576 3327 632 deitiean
3369 579 3565 644 templo

275 677 601 751 ποιουμένου
641 678 744 733 τοῦ
801 678 1206 750 ἀναληφθέντος
1247 679 1399 745 ναοῦ,
1452 680 1546 732 καὶ
1591 672 1659 747 ἦν
1706 676 1866 746 φύσει

270 769 407 834 Θεὸς
446 772 623 840 Λόγος
655 769 736 828 ὢν
780 771 882 826 τοῦ
928 772 1169 843 Πατρόςο
1218 771 1420 841 ῦψοῦτο
1451 771 1507 825 δὲ
1537 771 1699 825 πάλιν
1731 769 1867 824 καθὸ

272 863 368 916 καὶ
394 861 687 934 ἄνθρωπος
712 862 982 934 γεγονὼς,
1010 865 1106 917 καὶ
1138 865 1195 917 ὲν
1224 867 1290 935 τῇ
1330 864 1425 916 τοῦ
1453 862 1642 917 δούλου
1681 864 1863 933 μορφῇ

271 954 603 1025 φαινόμενος
658 959 1081 1028 προσεκυνεϊτο,
1129 958 1223 1011 καὶ
1276 956 1445 1010 πάλαι
1504 955 1663 1008 τοῦτο
1725 954 1867 1024 ἔχων

272 1046 413 1114 μετά
438 1048 674 1119 Πατρός.
713 1049 910 1102 Ἔσται
950 1050 1128 1102 τοίνυν
1172 1050 1300 1120 περὶ
1338 1048 1440 1119 τὴν
1468 1046 1865 1118 ἀνθρωπότητα

270 1138 494 1208 ἡχάρις
536 1139 633 1192 καὶ
668 1141 701 1210 ἡ
737 1139 967 1209 ὕψωσις,
1003 1141 1083 1204 εἰς
1127 1141 1320 1194 ἑαυτὸν
1350 1138 1729 1209 οἰκειουμένου
1766 1135 1862 1189 τοῦ

268 1227 407 1280 θεοῦ
454 1230 632 1297 Λόγου
676 1228 749 1282 τά
784 1232 913 1302 περὶ
956 1232 1049 1285 τὸν
1082 1230 1213 1285 ἴδιον
1257 1230 1424 1285 αὐτοῦ
1472 1233 1598 1283 ναὸν
1628 1226 1865 1297 συμϐαί-

269 1334 452 1373 νοντα.
474 1319 551 1372 Οὐ
582 1319 693 1392 γάρ
720 1321 913 1393 ἐτέρου
940 1322 1106 1387 τινὸς,
1144 1322 1263 1377 ἀλλ’
1289 1322 1457 1376 αὑτοῦ
1484 1321 1545 1375 τὸ
1573 1320 1752 1389 σῶμα,
1783 1318 1863 1371 διὸ

267 1410 363 1463 καὶ
399 1410 478 1473 ὡς
510 1410 676 1475 αὐτὸς
717 1411 1044 1482 λελόγισται.
1081 1411 1177 1479 Ei;
1203 1414 1313 1486 γάρ
1348 1417 1377 1468 6
1423 1416 1661 1488 Χριστὸς
1708 1417 1771 1471 ἐκ
1802 1434 1862 1470 τε

266 1500 696 1574 ἁνθρωπότητος
745 1507 840 1558 καὶ
884 1505 1022 1559 Θεοῦ
1068 1507 1244 1575 Λόγου
1276 1508 1713 1580 κεκερασμένος,
1761 1511 1863 1564 οὐκ

264 1596 333 1647 ἐκ
374 1594 474 1650 τοῦ
522 1596 827 1668 τετράφθαι
872 1600 1009 1671 πρὸς
1054 1601 1193 1671 ὅπερ
1238 1601 1337 1655 οὐκ
1378 1597 1465 1672 ἦν,
1515 1602 1630 1655 ἀλλ’
1663 1605 1727 1656 ἐκ
1768 1603 1860 1656 τοῦ

264 1687 605 1758 προσλαϐεῖν
630 1689 723 1743 τὸν
751 1692 816 1744 ὲκ
846 1690 1129 1763 Παρθένου
1166 1693 1317 1747 ναόν.

964 1828 1167 1883 ΛΔΛΟ.

1972 674 2118 744 quod
2143 670 2461 739 assumpsit,
2491 678 2719 738 eratque
2750 678 2945 721 natura
2980 668 3123 722 Deus
3156 668 3392 723 Verbum
3419 670 3568 723 exsi-

1972 775 2123 821 stens
2152 763 2327 818 Patris
2359 777 2373 816 :
2411 762 2682 816 exaltatus
2726 771 2907 814 autem
2956 768 3061 822 est,
3095 768 3363 829 quatenus
3390 759 3569 814 factus

1972 857 2157 921 homo,
2202 864 2257 910 et
2302 855 2354 909 iit
2397 854 2571 908 forma
2621 852 2763 907 servi
2814 850 2973 923 197
3001 866 3267 921 apparens
3305 854 3565 907 adoratus

1970 958 2076 1010 est,
2103 948 2171 1001 ab
2203 956 2407 1000 artemo
2438 946 2539 999 hoc
2565 944 2773 999 habens
2797 957 2919 998 eum
2947 942 3130 998 Patre.
3164 939 3354 997 Gratia
3386 943 3568 1011 itaque

1969 1049 2025 1093 et
2053 1037 2312 1092 exaltatio
2344 1036 2488 1091 circa
2526 1036 2799 1091 hominem
2837 1035 2977 1088 facta
3023 1044 3128 1099 est,
3161 1034 3456 1103 adoptante
3496 1034 3564 1087 ad

1970 1132 2210 1200 seipsum
2250 1129 2391 1185 Filio
2425 1127 2606 1183 Verbo
2645 1142 2708 1181 ea
2755 1142 2875 1197 qua:
2911 1127 3111 1195 templo
3147 1141 3265 1192 suo,
3298 1126 3442 1196 quod
3474 1142 3567 1182 as-

1968 1233 2295 1294 sumpserat,
2337 1222 2710 1277 accedebant:
2745 1235 2921 1291 neque
2962 1221 3105 1273 enim
3130 1218 3355 1274 alterius
3383 1220 3568 1291 cujus.

1968 1317 2147 1385 piam,
2200 1315 2295 1369 sed
2357 1329 2516 1368 suum
2584 1327 2782 1382 corpus
2834 1322 2984 1377 erat;
3043 1312 3275 1381 ideoque
3330 1322 3391 1365 ut
3453 1311 3569 1380 ipse

1966 1416 2241 1462 censetur.
2276 1405 2426 1461 Unus
2456 1406 2601 1461 enim
2637 1403 2893 1461 Christus
2912 1419 2980 1459 ex
3006 1404 3345 1458 humanitate
3374 1412 3428 1456 et
3449 1402 3562 1457 Deo

1970 1498 2144 1553 Verbo
2173 1498 2367 1554 mistua
2404 1506 2509 1563 est,
2555 1511 2661 1552 non
2709 1512 2806 1565 per
2840 1496 3196 1551 mutationem
3235 1495 3288 1549 in
3332 1495 3383 1549 id
3424 1496 3569 1564 quod

1968 1608 2073 1647 non
2102 1602 2246 1658 erat,
2277 1592 2372 1648 sed
2405 1608 2500 1663 per
2529 1591 2955 1661 assumptionem
2991 1589 3172 1658 templi
3209 1604 3273 1644 ex
3322 1587 3567 1657 Virgine.

2660 1810 2889 1870 ALIUD.

335 1957 547 2013 Ψάλλει
585 1977 687 2013 που
712 1960 897 2014 Δαϐίᾶ
923 1980 939 2012 ι
964 1962 1021 2016 '0
1052 1960 1239 2032 θρόνος
1270 1978 1385 2026 σου,
1420 1964 1449 2016 6
1480 1963 1632 2026 Θεὸς,
1664 1964 1744 2027 είς
1772 1962 1861 2018 τὸν

2041 1953 2209 2009 David
2251 1950 2451 2006 alicubi
2508 1950 2579 2003 ita
2636 1949 2785 2003 canit
2832 1967 2844 2002 :
2900 1967 2918 2001 ι
2947 1947 3116 2004 Sedes
3158 1958 3272 2012 tua,
3318 1947 3478 2013 Deus,
3514 1949 3567 2002 in

262 2053 444 2106 αἰῶνα
466 2051 562 2106 τοῦ
602 2052 815 2116 αἰῶνος.
850 2073 869 2106 ι
908 2050 1045 2108 Εἶτά
1090 2070 1224 2126 φησι
1256 2072 1271 2086 ο
1306 2073 1326 2107 t
1356 2054 1456 2109 Διὰ
1486 2055 1647 2111 τοῦτο
1675 2056 1861 2129 ἐχρισέ

262 2161 326 2197 σε
358 2145 390 2197 6
417 2142 570 2208 Θεὸς,
596 2146 625 2199 ό
662 2144 798 2209 Θεός
853 2162 970 2212 σου,
1014 2144 1197 2200 ἔλαιον
1245 2146 1642 2215 ἀγαλλιάσεως.
1680 2166 1699 2199 ι
1752 2149 1863 2202 Καὶ

259 2230 390 2305 ἧνό
424 2234 598 2303 Λόγος
641 2235 739 2290 καὶ
785 2236 893 2307 πρὸ
953 2236 1056 2307 τῆς
1112 2236 1351 2309 χρίσεως
1390 2237 1694 2308 βασιλεύων
1725 2239 1864 2310 μετὰ

262 2324 503 2398 Πατρός.
529 2326 656 2390 Πῶς
692 2320 786 2380 οὖν
812 2328 891 2391 είς
917 2325 1143 2396 βασιλέα
1168 2328 1380 2400 χρίεται
1410 2328 1504 2382 καὶ
1527 2328 1812 2398 ἁγιάζεται
1834 2331 1865 2383 6

263 2417 356 2471 ἀεὶ
425 2416 725 2487 βασιλεύων
776 2418 870 2471 καὶ
922 2418 1078 2487 ἀγιος
1109 2418 1221 2487 div;
1280 2420 1493 2493 Ὠσπερ
1551 2423 1733 2476 τοίνυν
1776 2423 1863 2477 ἀεὶ

259 2506 428 2562 τοῦτο
446 2506 543 2574 ὢν,
566 2512 626 2563 ὲν
649 2510 900 2580 ἐσχάτοις
922 2512 1133 2581 καιροῖς
1156 2510 1599 2581 βεϐασιλευκέναι
1620 2514 1860 2583 λέγεταιο

262 2595 414 2650 οὕτω
473 2599 567 2651 καὶ
595 2596 823 2668 ῦψιστος
886 2598 984 2662 ὢν,
1043 2598 1313 2669 ὑψοῦσθαι
1368 2601 1587 2671 λέγεται
1635 2602 1723 2657 διὰ
1764 2604 1863 2675 τὴν

264 2690 536 2761 ῑνσαρκον
573 2691 909 2762 οἰκονομίαν.
978 2692 1237 2763 ’Υψοῦται
1282 2694 1477 2749 bima!
1529 2696 1741 2767 χρίεται
1766 2697 1865 2751 καὶ

265 2782 557 2850 ἁγιάζεται
606 2784 677 2838 δι’
700 2784 874 2855 ἡμᾶς,
918 2785 1005 2839 ἵνα
1054 2785 1121 2840 δι’
1156 2786 1325 2840 αὑτοῦ
1362 2788 1530 2860 τρέχῃ
1568 2789 1755 2843 λοιπὸν
1783 2793 1863 2856 είς

263 2872 478 2935 πάντας
496 2873 531 2944 ἡ
558 2873 741 2944 χάρις,
766 2874 842 2938 ὡς
860 2875 963 2946 ἤδη
993 2874 1210 2929 δοθεῖσα
1243 2880 1310 2949 τῇ
1342 2877 1523 2947 φύσει,
1551 2881 1645 2933 καὶ
1674 2880 1861 2935 λοιπον

262 2963 376 3035 ὅλῳ
404 2962 691 3035 σωζομένη
726 2964 806 3035 τῷ
838 2965 1006 3035 γένει.
1044 2966 1200 3021 Οῦτω
1227 2969 1322 3021 καὶ
1359 2969 1388 3020 6
1441 2971 1636 3042 Σωτὴρ
1675 2970 1860 3040 ἔλεγεν

259 3054 323 3108 ιν
354 3053 437 3125 τῷ
460 3057 603 3109 κατὰ
644 3057 899 3128 Ἰωάννην
925 3058 1267 3131 Εὐαγγελίῳο
1305 3079 1323 3111 ι
1345 3061 1519 3133 ’Υπὲρ
1547 3062 1729 3117 αὐτῶν
1748 3062 1860 3131 ἐγὼ

261 3146 481 3213 ἁγιάζω
515 3147 772 3217 ἐμαυτὸν,
817 3150 904 3201 ἵνα
940 3142 1044 3203 ὦσι
1091 3151 1186 3204 καὶ
1236 3152 1391 3206 αὐτοὶ
1451 3153 1795 3225 ἡγιασμένοι.
1835 3172 1853 3205 ι

263 3238 415 3292 Ὅσα
435 3240 545 3309 γὰρ
573 3241 631 3292 έν
649 3241 898 3312 Χριστῷ,
918 3242 1091 3296 ταῦτα
1121 3244 1216 3297 καὶ
1244 3246 1324 3308 εἰς
1353 3246 1521 3315 ἡμᾶς.
1542 3246 1654 3315 Οὐχ
1680 3244 1860 3317 ἑαυτῷ

260 3334 553 3407 δεχομένου
583 3337 676 3390 τὸν
717 3339 1028 3411 ἀγιασμὸν(
1059 3341 1222 3406 αὐτος
1248 3342 1357 3414 γὰρ
1384 3336 1454 3415 ἦν
1486 3344 1514 3396 6
1541 3341 1854 3412 ἁγιάζων),

260 3428 382 3482 ἀλλ’
416 3429 504 3484 ἵνα
522 3430 713 3484 τοῦτον
755 3435 820 3501 τῇ
878 3431 1037 3500 φύσει
1074 3432 1144 3486 δι’
1166 3434 1364 3490 ἑαυτοῦ
1397 3435 1709 3509 προξενωῃ,
1742 3436 1857 3501 ὁδὸς

259 3519 456 3592 ὥσπερ
476 3521 572 3574 καὶ
595 3521 739 3592 ἁρχὴ
768 3522 875 3575 τῶν
894 3524 974 3587 είς
992 3525 1143 3595 ἡμᾶς
1179 3526 1401 3595 ἀγαθῶν
1432 3528 1740 3599 γινόμενος.
1768 3528 1860 3581 Διὸ

261 3611 326 3683 δὴ
353 3612 447 3665 καί
486 3630 706 3682 φησιν’(
732 3614 874 3682 Ἐγώ
897 3617 1010 3686 εἶμι
1041 3618 1073 3687 ἡ
1098 3616 1237 3682 656"
1271 3638 1289 3670 ’
1314 3618 1381 3672 δι’
1410 3614 1479 3691 ἧς
1504 3618 1695 3689 ὥσπερ
1721 3620 1858 3691 πρὸς

262 3702 414 3769 ἡμᾶς
469 3703 503 3771 ἡ
536 3702 656 3757 θεὶα
690 3703 1038 3775 καταϐέϐηκε
1100 3707 1293 3779 χάρις,
1339 3709 1548 3779 ὑψοῦσα
1578 3708 1675 3763 καὶ
1700 3710 1859 3779 ἁγιά-

262 3792 437 3857 ζουσα
464 3798 557 3847 καὶ
587 3796 906 3862 δοξάζουσα,
961 3800 1054 3853 καὶ
1109 3800 1431 3856 θεοποιοῦσα
1473 3804 1572 3875 τὴν
1606 3802 1769 3873 φύσιν
1801 3804 1858 3856 ὲν

264 3885 469 3956 πρώτῳ
502 3888 743 3959 Χριστῷ.

950 4110 1153 4163 AAAO.

336 4220 403 4272 Ei
439 4220 577 4283 Θεὸς
609 4218 685 4271 ὢν
722 4220 1009 4291 ἄνθρωπος
1037 4223 1254 4292 γέγονε,
1292 4227 1382 4280 καὶ
1417 4228 1521 4282 οὐκ
1572 4228 1860 4300 ἄνθρωπος

262 4310 339 4363 ὢν
396 4311 585 4377 γέγονε
643 4310 809 4376 Θεὸς,
874 4313 1085 4385 χρίεται
1142 4318 1199 4371 δὲ
1256 4318 1331 4381 ὡς
1386 4320 1714 4391 ἄνθρωπος,
1772 4323 1860 4377 ἴνα

262 4404 536 4474 δοξασθῇ,
609 4403 767 4474 δῆλον
834 4407 916 4458 ὅτι
978 4408 1107 4479 περὶ
1183 4409 1284 4480 τὴν
1356 4410 1756 4483 άνθρωπότητα
1826 4418 1858 4485 ἡ

264 4499 333 4567 χά
341 4513 444 4567 ρις.

966 4612 1168 4667 ΑΛΛΟ.

336 4718 401 4773 ΕΞ
432 4722 597 4785 αὐτὸς
625 4720 700 4774 ὣν
718 4721 812 4775 τοῦ
842 4722 1157 4793 Πνεῦματος
1187 4727 1440 4797 χορηγὸς,
1470 4729 1611 4781 κατὰ
1648 4730 1708 4783 τὸ
1734 4733 1861 4801 περὶ

263 4812 432 4864 αὐτοῦ
460 4813 777 4883 λεγόμενον
823 4835 838 4865 ι
865 4815 1071 4868 Λάϐετε
1099 4816 1324 4888 Πνεῦμα
1359 4818 1531 4887 ἅγιον·
1550 4840 1566 4870 ι
1606 4822 1665 4874 τὸ
1685 4823 1860 4875 Πνεῦ-

268 4922 345 4972 μα
372 4903 671 4974 λαμϐάνειν
692 4905 909 4973 λέγεται
939 4909 1066 4979 περὶ
1106 4910 1206 4981 τὴν
1237 4909 1652 4982 ἀνθρωπότητα,
1698 4916 1791 4969 καὶ
1826 4918 1860 4986 ἡ

265 4995 414 5059 δόσις
447 4998 543 5049 καὶ
577 4996 637 5049 τὸ
656 4995 957 5067 λαμϐάνειν
981 5000 1204 5069 ὁμοίως.

960 5128 1162 5186 AAAO.

336 5260 475 5332 Φησὶ
530 5261 898 5333 που-Χριστὸς
930 5262 1007 5326 ὡς
1057 5262 1197 5333 πρὸς
1230 5265 1321 5317 τὸν
1366 5266 1584 5338 Πατέρα
1616 5270 1861 5339 διαλεγόο

268 5370 450 5425 μενος
489 5373 507 5405 ι
551 5354 727 5427 ’Υπὲρ
761 5353 940 5408 αὐτῶν
972 5354 1083 5422 ἐγὼ
1112 5354 1325 5423 ἁγιάζω
1356 5359 1609 5428 ἐμαυτόν.
1651 5381 1670 5413 ι
1716 5364 1775 5415 Ὀ
1805 5364 1861 5417 δὲ

266 5438 457 5501 ἑαυτὸν
484 5448 711 5516 ἁγιάσαι
743 5447 1063 5516 δυνάμενος,
1092 5449 1183 5501 καί
1213 5449 1286 5519 μὴ
1328 5453 1459 5521 παρ’
1485 5453 1673 5524 ἐτέρου
1707 5456 1864 5511 τοῦτο

265 5539 466 5612 ζητῶν,
512 5539 704 5611 κύριος
730 5539 823 5592 τοῦ
859 5539 1104 5607 ἁγιὰζειν
1134 5541 1301 5594 ἐστίν.
1353 5542 1417 5595 Εἰ
1448 5542 1503 5595 δὲ
1561 5546 1663 5599 οῦκ
1712 5548 1860 5602 ἐστιν

262 5636 323 5685 ἐν
349 5633 530 5703 χρείᾳ,
576 5634 707 5704 περὶ
768 5632 829 5684 τὸ
862 5632 1063 5702 χρῇζον
1109 5633 1136 5683 ὁ
1186 5634 1456 5704 ἁγιασμὸς
1491 5637 1855 5695 ἀποτελεῖται.

276 5724 583 5794 Ἀγιάζεται
612 5726 670 5780 δὲ
702 5728 736 5797 ἡ
772 5723 1062 5795 ἀνθρώπου
1093 5726 1272 5796 φύσις.
1322 5730 1428 5781 Καὶ
1462 5730 1621 5784 τοῦτο
1652 5728 1719 5804 ἦν
1753 5733 1861 5805 ἄρα

1965 2046 2226 2103 sarculum
2272 2042 2476 2098 saeculi.
2511 2062 2530 2093 ι
2559 2042 2765 2097 Deinde
2795 2042 2873 2097 ait
2902 2060 2913 2096 :
2950 2059 2969 2093 ι
2999 2041 3294 2112 Propterea
3328 2044 3479 2096 unxit
3514 2051 3567 2094 te

1968 2138 2133 2199 Deus,
2161 2132 2304 2190 Deus
2334 2143 2479 2197 tuus,
2506 2132 2627 2187 oleo
2652 2131 3039 2188 exsultationis
3064 2145 3175 2201 pra:
3204 2130 3567 2201 participibus

1968 2230 2076 2285 tuis
2100 2227 2167 2283 “.
2201 2246 2222 2281 ι
2250 2226 2415 2297 Atqui
2457 2235 2579 2280 erat
2616 2224 2853 2281 Verbum
2882 2225 3048 2280 etiam
3083 2234 3211 2279 ante
3250 2225 3565 2280 unctionem

1965 2337 2203 2393 regnans
2228 2336 2351 2374 cum
2385 2319 2566 2374 Patre.
2593 2318 2877 2385 Quomodo
2908 2318 3077 2387 igitur
3104 2315 3157 2371 in
3184 2332 3370 2388 regem
3410 2317 3567 2387 ungi-

1966 2424 2055 2469 tur
2088 2424 2144 2468 et
2170 2411 2565 2472 sanetiticatur,
2615 2410 2708 2479 qui
2750 2424 2968 2479 semper
3009 2417 3202 2479 regnat
3233 2418 3566 2478 sanctusque

1965 2504 2227 2561 exsistit?
2255 2502 2725 2570 Quemadmodum
2761 2501 2925 2572 igitur
2962 2516 3087 2555 cum
3127 2514 3343 2571 semper
3382 2501 3432 2556 id
3471 2502 3565 2569 sit,

1966 2594 2171 2650 ultimis
2227 2605 2404 2647 tamen
2454 2591 2792 2662 temporibus
2847 2604 3106 2661 regnasse
3160 2592 3362 2646 dicitur
3414 2608 3427 2645 :
3485 2591 3558 2645 ita

1964 2703 2088 2741 cum
2126 2686 2206 2740 sit'
2230 2684 2550 2745 altissimus,
2584 2682 2857 2738 exaltatus
2899 2697 3021 2738 esse
3064 2684 3285 2748 dicitur,
3338 2692 3561 2753 propter

1964 2779 2420 2835 incarnationem.
2452 2776 2739 2832 Exaltatur
2756 2787 2963 2841 autem,
2986 2784 3041 2830 et
3068 2766 3314 2846 u'ngitur,
3345 2786 3402 2830 et
3427 2791 3558 2831 san-

1965 2871 2235 2925 c‘titicatur
2265 2880 2489 2941 propter
2519 2885 2641 2933 nos,
2669 2878 2725 2923 ut
2756 2883 2855 2939 per
2881 2869 3056 2937 ipsum
3080 2868 3253 2939 gratia
3287 2870 3340 2923 in
3374 2882 3565 2923 omnes

1962 2965 2267 3028 derivetur,
2333 2973 2391 3018 ut
2438 2966 2550 3034 jam
2607 2972 2814 3016 natura:
2870 2960 3066 3016 collata
3124 2962 3331 3030 totique
3377 2962 3563 3030 generi

1961 3057 2175 3126 largita.
2207 3056 2301 3111 Sic
2333 3055 2476 3110 enim
2499 3053 2895 3123 Servatoripse
2928 3052 2982 3108 in
3015 3052 3309 3125 Evangelia
3338 3051 3566 3109 Joannis

1962 3144 2039 3201 ait
2071 3164 2085 3200 :
2123 3165 2141 3198 ι
2174 3145 2281 3202 Pru
2311 3147 2443 3217 ipsis
2489 3159 2588 3216 ego
2623 3144 2912 3200 sanctitieo
2942 3145 3234 3215 meipsum,
3266 3154 3325 3200 ut
3358 3146 3470 3202 sint
3511 3158 3564 3202 et

1962 3239 2064 3309 ipsi
2089 3236 2410 3293 sanetiticati
2440 3238 2506 3291 °".
2528 3254 2547 3287 ι
2574 3235 2923 3308 Quaecunque
2952 3237 3095 3292 enim
3117 3235 3333 3294 Christo
3358 3238 3563 3303 insunt,

1962 3332 2152 3386 eadem
2177 3331 2228 3385 in
2250 3346 2348 3385 nos
2367 3330 2707 3386 derivantur.
2727 3328 2937 3400 Quippe
2956 3329 3047 3400 qui
3074 3331 3564 3385 sanetiticationem

1962 3437 2069 3476 non
2130 3418 2341 3489 sihiipsi
2377 3418 2596 3489 accepit
2628 3418 2768 3488 (ipse
2810 3418 2956 3473 enim
2991 3429 3110 3475 erat
3146 3419 3563 3491 sanetiﬁrans),

1961 3510 2055 3565 sed
2084 3519 2144 3564 ut
2172 3524 2269 3580 per
2296 3523 2356 3565 se
2385 3524 2506 3564 eam
2538 3508 2788 3564 humanm
2823 3520 3029 3564 naturae
3052 3510 3380 3565 conciliaret
3419 3529 3430 3565 :
3478 3515 3562 3565 via

1960 3601 2363 3669 quodammodo
2396 3609 2452 3655 et
2499 3600 2830 3672 principium
2878 3602 3142 3657 bonorum
3186 3618 3310 3672 qua:
3350 3604 3403 3657 in
3459 3619 3559 3657 nos

1959 3692 2492 3750 ﬂuxerunteﬂ'eetus.
2508 3692 2717 3749 Idcirco
2740 3696 2907 3750 etiam
2924 3695 3028 3751 ait:
3051 3714 3070 3747 ι
3092 3697 3205 3766 Ego
3219 3711 3338 3751 sum
3358 3698 3439 3750 via
3456 3697 3521 3760 ⁸⁸,
3537 3718 3556 3750 ι

1961 3800 2057 3854 per
2085 3800 2248 3855 quam
2281 3785 2463 3839 divina
2493 3785 2667 3855 gratia
2697 3788 3100 3856 quodammodo
3122 3786 3176 3841 in
3204 3802 3301 3841 nos
3327 3788 3556 3842 descen-

1961 3878 2063 3941 dit,
2110 3878 2358 3934 exaltans
2396 3887 2450 3933 et
2502 3878 2853 3935 sanctiﬁcans
2902 3891 2959 3935 et
3005 3878 3339 3950 gloriticans,
3396 3893 3562 3949 atque

1963 3970 2098 4023 adeo
2131 3970 2391 4025 deiﬁcans
2420 3980 2671 4025 naturam
2704 3971 3000 4027 humanam
3030 3972 3082 4027 in
3116 3972 3291 4041 primo
3315 3974 3560 4028 Christo.

2652 4111 2881 4168 ALIUD.

2041 4222 2122 4289 Si,
2160 4223 2303 4279 Deus
2331 4240 2455 4279 eum
2487 4233 2653 4291 esset,
2689 4224 2865 4281 iactus
2896 4235 2980 4281 est
3012 4228 3198 4295 homo,
3231 4244 3338 4285 non
3378 4241 3560 4285 autem

1965 4317 2125 4370 homo
2140 4318 2415 4371 exsistens
2433 4316 2612 4371 factus
2650 4327 2734 4373 est
2762 4317 2937 4384 Deus;
2967 4320 3187 4392 ungitur
3213 4332 3394 4376 autem
3422 4325 3564 4377 sicut

1967 4412 2145 4475 homo,
2180 4420 2238 4463 ut
2272 4402 2601 4479 gloriﬁcatur
2631 4429 2644 4465 :
2680 4411 3028 4481 perspicuum
3063 4423 3148 4470 est
3183 4414 3237 4468 in
3286 4414 3561 4471 hominem

1964 4502 2190 4570 gratiam
2220 4502 2478 4557 conferri.

2652 4619 2884 4680 ALIUD.

2045 4727 2125 4792 Si,
2171 4745 2294 4784 cum
2362 4731 2475 4799 ipse
2514 4730 2585 4784 sit
2644 4733 2868 4803 largitor
2923 4736 3181 4804 Spiritus,
3220 4736 3375 4807 juxta
3430 4741 3560 4796 illud

1970 4822 2035 4877 de
2070 4822 2186 4891 ipso
2213 4821 2419 4876 dictum
2450 4838 2465 4876 :
2502 4842 2521 4874 ι
2551 4826 2794 4896 Accipite
2827 4825 3089 4899 Spiritum
3123 4840 3369 4887 sanctum
3408 4835 3451 4863 "
3481 4855 3492 4889 :
3540 4857 3556 4885 ι

1968 4922 2116 4968 certe
2142 4914 2210 4968 de
2242 4913 2579 4972 humanitate
2600 4918 2798 4974 dicitur
2822 4931 2878 4977 et
2903 4922 3033 4977 dare
3065 4932 3120 4979 et
3157 4925 3407 4995 accipere
3440 4929 3564 4998 Spi-

1970 5005 2151 5059 ritum.

2646 5147 2878 5205 ALIUD.

2041 5278 2295 5335 Christus
2317 5280 2515 5338 alicuhi
2542 5284 2610 5339 ad
2632 5282 2850 5341 Patrem
2878 5286 3127 5358 loquens,
3150 5290 3223 5345 ita
3255 5292 3331 5346 ait
3365 5316 3379 5348 :
3408 5313 3426 5345 ι
3457 5294 3565 5351 Pro

1971 5370 2108 5441 ipsis
2143 5386 2245 5442 ego
2296 5375 2580 5431 sanctitico
2622 5378 2907 5450 meipsum.
2946 5400 2965 5433 ι
3000 5381 3103 5450 Qui
3139 5400 3270 5440 vero
3317 5389 3562 5458 seipsum

1970 5464 2314 5521 sanetiilcare
2369 5478 2566 5537 potest,
2600 5486 2777 5542 neque
2834 5473 2886 5530 id
2935 5474 3155 5533 aliunde
3206 5481 3362 5549 petit,
3414 5497 3564 5540 certe

1970 5556 2425 5614 sanctiﬁcationis
2456 5561 2627 5631 ipsius
2651 5564 2905 5621 dominus
2933 5578 3034 5623 est.
3075 5570 3145 5623 At
3175 5570 3220 5625 si
3252 5572 3416 5646 198
3446 5576 3565 5645 ipse

1969 5646 2406 5705 sanctiﬁcatione
2436 5668 2542 5706 non
2579 5665 2720 5725 eget,
2755 5658 3013 5729 indigenti
3048 5660 3232 5732 itaque
3263 5667 3563 5723 confertur.

1971 5733 2357 5795 Sanctiﬁcatur
2388 5752 2565 5798 autem
2602 5748 2835 5803 humana
2864 5758 3079 5811 natura.
3113 5753 3291 5826 Atque
3322 5760 3423 5814 hoc
3449 5772 3568 5817 erat

336 5906 378 5935 “
412 5905 549 5961 Psal.
588 5919 744 5968 κων,
776 5902 829 5966 7,
876 5902 928 5957 8.
1010 5903 1052 5935 ⁸⁷
1091 5902 1248 5959 Ioan.
1279 5921 1413 5972 xvu,
1457 5907 1540 5963 I9.
1623 5909 1666 5941 ⁸³
1707 5908 1861 5965 Joan.

1971 5929 2005 5979 μ’,
2036 5914 2088 5969 6.
2170 5915 2393 5975 “Joau.
2441 5937 2531 5986 xx,
2562 5924 2650 5977 9.2.
