3968 6464
448 430 553 487 855

1435 419 1496 477 5.
1534 413 1809 475 ιιιιυιιι
1845 408 2320 470 ALEXANDRINI
2356 399 2677 471 ARCHIEP.

3598 389 3708 456 εδδ

445 550 589 624 quod
611 553 831 619 promer
861 555 959 598 nos
992 539 1045 596 in
1072 536 1288 595 Christo
1319 535 1593 609 impletur,
1618 543 1805 593 ut-nos
1828 532 1883 591 in
1908 532 2020 604 ipso

2127 529 2191 585 δι’
2222 532 2375 603 ἡμᾶς
2397 531 2456 585 ὲν
2473 527 2696 601 Χριστῷ
2718 524 3117 598 πληρούμενον,
3139 522 3229 579 ινα
3248 518 3409 595 ημεῐς
3430 516 3710 587 ἀγιασθῶο

444 643 866 701 sanotibcemur.

1112 745 1340 806 ALIUD.

827 887 908 943 Ex
934 884 1219 956 objections
1246 878 1631 935 haereticorum.

518 1026 788 1096 Scriptum
823 1031 927 1089 est,
956 1019 1264 1091 inquiunt;
1297 1034 1317 1069 ι
1351 1010 1595 1069 Dilexisti
1634 1008 1928 1080 justitiam,
1964 1017 2022 1065 et

451 1119 610 1176 odiSti
658 1116 1029 1186 iniquitatem,
1079 1109 1285 1165 idcirco
1326 1103 1493 1177 unxit
1540 1112 1593 1158 te
1646 1100 1828 1167 Deus,
1880 1098 2020 1155 Deus

450 1222 571 1267 tuus
599 1209 712 1281 ⁷⁸.)
747 1206 860 1263 Non
891 1206 1055 1275 igitur
1087 1204 1141 1257 in
1165 1200 1479 1256 universum
1506 1202 1729 1250 unctum
1752 1205 1877 1248 esse
1906 1190 2020 1246 Do-

447 1303 650 1357 minum
675 1298 945 1361 dabimus,
978 1294 1081 1351 nisi
1112 1291 1386 1349 dilexisset
1428 1286 1695 1360 justitiam
1736 1293 1793 1340 et
1818 1282 2020 1339 odisset

443 1391 805 1461 iniquitatem.
844 1387 959 1443 Vox
993 1388 1139 1444 enim
1196 1382 1576 1449 hac,idcirco,
1633 1391 1754 1449 quae
1798 1388 2018 1430 causam

441 1486 728 1555 signillcat,
780 1483 1010 1550 adjecta,
1056 1476 1361 1536 unctionem
1408 1482 1663 1541 tanquam
1717 1468 2018 1524 mercedem

438 1576 655 1633 virtutis
685 1590 807 1631 esse
831 1572 1089 1637 ostendit.
1120 1568 1177 1625 Si
1206 1582 1333 1623 vero
1363 1565 1569 1621 idcirco
1608 1561 1847 1633 ungitur,
1889 1559 2017 1630 quia

437 1668 703 1738 justitiam
736 1664 922 1721 dilexit
949 1671 1006 1717 et
1045 1659 1161 1715 odit
1202 1655 1569 1728 iniquitatem,
1606 1666 1737 1720 ergo
1774 1648 2019 1706 sanctiﬁ-

441 1760 709 1816 cationem
742 1757 883 1812 dono
926 1751 1145 1822 accipit.
1176 1746 1277 1816 Qui
1315 1760 1446 1803 vero
1495 1742 1801 1815 adjectione
1839 1740 2019 1817 aliqua

440 1859 581 1921 eget,
618 1844 967 1919 imperfectus
1001 1843 1073 1900 sit
1098 1847 1335 1911 oportet,
1373 1851 1549 1908 neque
1592 1835 1739 1891 Patri
1773 1832 2017 1906 perfecto

439 1944 655 2000 similis.

949 2068 1157 2126 Salutio
1184 2064 1510 2135 objectionis.

517 2211 711 2280 Surge,
736 2206 827 2275 qui
853 2205 1079 2267 dormis,
1100 2211 1151 2257 et
1176 2200 1443 2256 suscitare
1473 2212 1505 2254 e
1526 2194 1755 2252 mortuis
1776 2195 2022 2265 ",atque

438 2304 564 2361 audi
605 2300 868 2364 vicissim,
905 2296 1177 2352 hmretice.
1211 2294 1346 2361 Quia
1392 2291 1597 2361 inquit,
1651 2307 1671 2341 ι
1701 2287 1874 2345 Odisti
1917 2288 2022 2344 ini-

438 2398 723 2469 quitatem,
777 2402 832 2447 et
882 2388 1116 2445 dilexisti
1161 2387 1455 2458 justitiam,
1507 2385 1711 2439 idcirco
1761 2382 1915 2438 unxit
1968 2390 2021 2438 te

437 2491 618 2545 Deus:
656 2504 675 2537 ι
710 2499 815 2539 non
847 2492 904 2538 ut
926 2481 1191 2551 quispiam
1234 2477 1379 2533 illam
1411 2477 1719 2531 unctionem
1747 2474 2018 2530 mercedis

437 2582 555 2635 loco
591 2574 864 2645 accepisse
888 2572 1212 2641 suspicetur,
1251 2568 1344 2624 sed
1388 2576 1451 2622 ut
1488 2566 1593 2622 hoc
1629 2575 1792 2636 pacto
1813 2565 2018 2619 dictum

438 2667 822 2736 intelligamus.
850 2662 1065 2717 Primus
1088 2668 1271 2713 noster
1303 2671 1499 2736 parens
1529 2655 1697 2710 Adam
1739 2652 2019 2709 mutabilis

437 2761 539 2817 fuit
568 2732 793 2820 natura,
817 2756 1016 2824 quique
1039 2751 1309 2806 interdum
1334 2732 1547 2819 qtiidem
1569 2748 1838 2819 justitiam
1873 2759 2021 2799 ama-

438 2862 540 2916 ret,
586 2862 640 2905 et
671 2848 1009 2917 iniquitatem
1046 2844 1249 2898 odisset
1282 2859 1295 2896 :
1337 2838 1611 2896 interdum
1639 2854 1768 2893 vero
1802 2838 1854 2892 in
1884 2852 2018 2893 con-

438 2943 665 2999 trarium
691 2939 933 2994 habitum
959 2934 1275 2990 transiliret.
1294 2931 1430 2989 Cum
1456 2932 1598 2986 enim
1622 2930 1723 2985 hoc
1740 2929 2019 2999 proprium

439 3036 509 3092 sit
544 3041 750 3086 natura
783 3026 1061 3091 mutabili,
1103 3025 1358 3079 seductus
1398 3021 1501 3076 luit
1537 3035 1566 3076 a
1609 3018 1839 3075 diabolo.
1884 3017 2017 3073 Cum

438 3138 570 3180 vero
592 3121 657 3176 ad
684 3119 981 3174 curandum
1016 3117 1159 3170 hunc
1190 3114 1436 3170 morbum
1471 3113 1836 3169 necessarium
1874 3119 2021 3165 esset

432 3218 501 3272 ut
544 3210 879 3271 immutabile
929 3210 1020 3265 Dei
1059 3209 1290 3265 Verbum
1319 3207 1556 3277 seipsum
1591 3218 1689 3274 pro
1720 3203 1875 3257 nobis
1903 3200 2019 3255 dia-

439 3305 563 3362 bolo
590 3310 908 3373 opponeret,
940 3308 1018 3365 ut,
1047 3297 1499 3370 quemadmodum
1531 3310 1627 3367 per
1655 3294 1799 3351 illius
1836 3303 2015 3349 muta-

441 3388 701 3452 bilitatem
754 3393 879 3448 victi
933 3405 1181 3456 eramus,
1248 3390 1319 3443 ita
1370 3403 1467 3457 per
1530 3384 2019 3443 immutabilitatem

443 3483 603 3541 Verbi
642 3485 945 3565 gincamus.
985 3481 1190 3535 Idcirco
1225 3480 1464 3548 ungitur,
1499 3487 1682 3549 utpote
1726 3480 1939 3547 semper
1967 3486 2023 3533 et

443 3576 850 3633 immutabiliter
915 3572 1183 3644 justitiam
1247 3570 1505 3639 diligens,
1571 3580 1628 3625 et
1681 3570 2019 3640 iniquitatem

442 3683 658 3725 exosam
690 3666 916 3729 habens,
962 3664 1163 3735 quique
1191 3662 1384 3717 mutari
1414 3670 1666 3731 nequeat.
1695 3659 1829 3715 Cum
1860 3661 2022 3730 igitur

443 3761 574 3818 dicit
618 3777 631 3813 :
682 3778 699 3811 ι
736 3757 976 3812 Dilexisti
1028 3755 1293 3825 justitiam
1342 3761 1396 3807 et
1441 3753 1600 3807 odisti
1654 3751 2019 3822 iniquitatem,

445 3852 646 3908 idcirco
679 3852 833 3905 unxit
857 3860 907 3904 te
941 3849 1099 3915 Deus,
1140 3865 1159 3897 ι
1197 3847 1271 3901 ita
1311 3844 1586 3915 intellige:
1626 3842 1759 3899 Cum
1801 3858 1866 3898 ex
1905 3857 2023 3897 om-

447 3944 607 4000 nibus
646 3943 845 3998 creatis
881 3939 1194 3995 mutabilem
1241 3946 1486 3991 naturam
1531 3934 1855 3990 habentibus
1892 3933 2023 3989 nihil

447 4035 661 4091 diabolo
713 4034 977 4088 obsistere
1036 4037 1249 4098 posset;
1303 4036 1357 4081 tu
1406 4040 1535 4082 vero
1581 4039 1646 4080 ex
1698 4023 2023 4079 immutabili

450 4127 607 4182 Patre
638 4122 986 4180 immutabilis
1011 4121 1307 4183 exsisteus,
1342 4123 1480 4172 Deus
1519 4116 1772 4182 Verbum,
1796 4129 2023 4187 semper

444 4217 707 4289 justitiam
753 4214 950 4283 diligis,
1001 4222 1054 4266 et
1102 4210 1441 4279 iniquitatem
1508 4206 1714 4273 odisti,
1771 4208 1922 4262 unxit
1972 4216 2023 4264 le

453 4312 615 4372 Deus,
647 4307 775 4361 utin
804 4316 874 4368 te,
902 4303 1191 4373 etquidem
1215 4301 1411 4369 primo,
1440 4299 1679 4354 hominis
1712 4308 1898 4352 natura
1928 4298 2023 4352 ad-

451 4414 638 4456 versus
659 4415 779 4461 eum
808 4397 993 4452 victrix
1022 4395 1293 4449 evaderet.

663 4609 889 4675 ALIUD,
940 4624 1003 4662 ex
1032 4607 1208 4661 eodem
1246 4606 1548 4677 syllogismo
1578 4606 1803 4659 illatum.

524 4743 691 4801 Multa
712 4738 1075 4812 hujuscemodi
1097 4738 1146 4790 in
1164 4752 1312 4791 sacra
1332 4736 1610 4805 Scriptura
1634 4735 1699 4790 de
1721 4736 1830 4791 Deo
1847 4751 1907 4789 ac
1921 4736 2023 4788 Pa-

463 4835 829 4897 tredicuntur,
848 4829 989 4901 quod
1017 4828 1176 4899 199
1198 4846 1217 4880 ι
1235 4827 1418 4883 Justus
1442 4830 1696 4883 Dominus
1714 4838 1767 4883 et
1785 4829 2025 4896 justitias

461 4928 652 4986 dilexit
690 4927 755 4979 τ’.
790 4945 808 4977 ι
843 4924 907 4977 Et
950 4936 1141 4976 rursus
1185 4938 1199 4974 :
1245 4939 1263 4971 ι
1297 4920 1467 4975 Odisti
1506 4935 1695 4976 omnes
1739 4930 2025 4991 operantes

456 5017 789 5089 iniquitatem
816 5014 883 5069 ⁷³.
910 5030 928 5065 ι
961 5011 1092 5066 ltem
1121 5028 1133 5063 :
1168 5029 1186 5062 ι
1215 5009 1605 5079 Εεοσῡοιῐιίηυε
1625 5011 1714 5080 qui
1746 5010 1909 5079 diligo
1934 5011 2025 5079 ju-

454 5109 679 5171 stitiam,
710 5112 763 5158 et
807 5102 895 5157 odi
941 5100 1161 5171 rapinas
1186 5113 1253 5154 ex
1298 5098 1583 5169 iniquitate
1614 5099 1681 5151 ⁷⁸.
1715 5118 1733 5151 ι
1767 5102 1929 5170 Atqui
1976 5103 2021 5155 si

454 5201 577 5270 quis
610 5200 752 5253 dicat
785 5213 798 5249 :
830 5194 1051 5264 Magnus
1080 5192 1337 5250 Dominus
1373 5200 1574 5255 noster,
1604 5191 1729 5261 quia
1756 5190 2021 5262 justitiam

466 5292 639 5362 diligit
683 5298 735 5345 et
760 5289 871 5343 odit
899 5286 1234 5355 iniquitatem
1262 5304 1276 5341 :
1309 5301 1375 5339 an
1417 5285 1605 5341 titulus
1638 5287 1744 5351 hic,
1776 5302 2018 5357 magnus,

464 5386 570 5441 crit
598 5382 709 5436 Dco
736 5395 797 5434 ac
826 5379 968 5433 Patri
1002 5389 1209 5431 merces
1236 5377 1470 5444 virtutis,
1502 5378 1646 5447 quod
1672 5380 1783 5432 haec
1809 5379 2025 5448 quidem

458 5484 622 5538 amet,
642 5473 727 5525 illa
753 5486 877 5526 vero
891 5469 1065 5525 oderit
1082 5465 1277 5523 ?Certe
1298 5471 1705 5539 nemoﬁuuquam
1726 5470 1859 5523 adeo
1878 5469 2025 5525 insa-

460 5568 639 5621 nierit.
689 5562 1148 5629 Quemadmodum
1191 5560 1353 5629 igitur
1405 5560 1709 5630 hujusmodi
1767 5571 1913 5617 recte
1960 5576 2024 5617 ac

460 5660 543 5728 pie
569 5659 635 5711 de
667 5654 823 5710 Patre
853 5654 1103 5711 dicuntur
1140 5671 1153 5708 :
1193 5652 1267 5708 ita
1302 5655 1465 5709 etlam
1498 5661 1643 5709 recte
1664 5653 1729 5709 de
1773 5653 1909 5709 Filio
1941 5655 2026 5709 in-

529 5833 578 5870 "
603 5833 748 5892 Psal.
776 5849 914 5904 ων,
946 5835 996 5889 8.
1076 5834 1114 5866 εί
1152 5833 1347 5905 Ephes.
1373 5849 1424 5902 v,
1458 5834 1542 5889 ll.
1621 5835 1665 5868 "
1694 5833 1836 5890 Psal.
1879 5850 1927 5888 ι.
1964 5834 2018 5887 8.

2124 637 2225 692 μεν
2257 625 2314 675 ἐν
2344 620 2511 692 αὐτῷ.

2222 726 2231 737 ³
2751 723 2757 729 ’
2820 733 3024 787 ΑΛΛΟ.

2452 867 2546 934 Ὠς
2565 865 2635 931 ἐξ
2670 857 3029 932 ἀντιθέσεως
3059 861 3391 932 αιρετικῶν.

2191 1002 2528 1074 Γέγραπται,
2565 999 2750 1069 φασίν·
2784 1016 2804 1050 ι
2858 996 3184 1067 Ἦγάπησας
3221 991 3593 1063 δικαιοσύνην,
3617 992 3721 1046 καὶ

2121 1093 2391 1165 ιμίσησας
2411 1091 2672 1163 ἀνομίαν,
2695 1090 2784 1145 διά
2803 1089 2963 1144 τοῦτο
2986 1086 3172 1160 Εχρισέ
3205 1104 3266 1142 σε
3291 1089 3319 1141 6
3347 1085 3501 1149 Θεὸς,
3530 1087 3559 1137 6
3576 1084 3718 1145 Θεός

2124 1201 2239 1239 σου.
2274 1201 2293 1235 ι
2327 1183 2441 1237 Οὐκ
2463 1182 2531 1236 ἀν
2557 1168 2650 1236 οὖν
2677 1181 2815 1245 ὅλως
2837 1178 3126 1252 κεκρίσθαι
3168 1177 3262 1233 τὸν
3313 1176 3518 1249 Κύριον
3540 1173 3714 1227 δώσο-

2125 1293 2246 1347 μεν,
2272 1274 2323 1327 εί
2352 1273 2426 1346 μὴ
2454 1271 2804 1344 δικαιοσύνην
2827 1272 3108 1343 ἠγάπησε,
3148 1269 3247 1324 κα).
3286 1268 3551 1340 ἐμίσησεν
3595 1265 3714 1319 ἀοι·

2122 1363 2266 1419 κίαν.
2285 1364 2343 1419 ’0
2370 1364 2481 1436 γὰρ
2508 1362 2807 1433 σύνδεσμος
2834 1363 2863 1417 6
2888 1360 3277 1430 αίτιολογικὸς,
3309 1358 3583 1423 τουτέστι,
3607 1356 3718 1411 διὰ

2122 1455 2318 1521 τοῦτο,
2344 1454 2550 1526 μεταξὺ
2611 1453 2883 1525 κείμενος,
2927 1450 3121 1523 μισθὸν
3174 1449 3369 1523 ὥσπερ
3416 1448 3621 1520 ἀρετῆς
3648 1448 3717 1503 τὸ

2117 1547 2333 1620 ,χρίσμα
2380 1545 2635 1600 δεικνύει.
2688 1546 2752 1598 Ei
2781 1545 2840 1600 δὲ
2889 1544 2981 1607 διά
3022 1543 3183 1597 τοῦτο
3225 1543 3466 1617 χρίεται,
3510 1543 3594 1596 ὅτι
3632 1541 3706 1595 δι·

2122 1637 2416 1711 καιοσύνην
2439 1638 2652 1709 ἀγαπᾷ,
2687 1637 2783 1691 καὶ
2814 1636 3031 1691 ἀδικίαν
3067 1637 3238 1707 μισεῖ,
3275 1634 3448 1707 δῶρον
3477 1632 3591 1705 εχει
3617 1632 3717 1686 τὸν

2122 1728 2414 1800 ἁγιασμόν.
2454 1728 2513 1782 '0
2540 1728 2597 1782 δὲ
2632 1726 2953 1800 προσθήκης
2976 1726 3122 1790 τινὸς
3143 1726 3383 1798 δεηθεὶς,
3418 1725 3618 1798 ἀτελὴς
3645 1724 3717 1781 ὃν

2123 1821 2232 1892 εἴη,
2267 1820 2360 1876 καὶ
2386 1821 2484 1891 οὐχ
2518 1821 2701 1891 ὅμοιος
2740 1818 2816 1891 τῷ
2856 1818 3046 1890 τελείῳ
3080 1818 3280 1891 Πατρί.

2612 2040 2771 2109 Πρὸς
2794 2038 2973 2094 τοῦτο
3008 2003 3211 2106 λύσις.

2190 2164 2444 2250 Ἐγειραι
2476 2179 2505 2231 6
2539 2174 2845 2240 καθεύδων,
2873 2175 2968 2228 καὶ
3003 2172 3212 2227 ἀνάστα
3237 2173 3304 2226 ὲκ
3336 2170 3447 2226 τῶν
3474 2172 3718 2245 νεκρῶν,

2119 2273 2214 2327 καί
2249 2269 2457 2343 ἀκούσῃ
2480 2268 2662 2335 πάλιν,
2690 2266 2963 2339 αίρετικέ.
3010 2264 3251 2337 Ἐπειδὴ,
3306 2264 3495 2337 φησὶν,
3530 2283 3548 2317 ι
3588 2266 3719 2336 ἑμί-

2121 2381 2292 2437 σ-ησας
2317 2361 2555 2430 ἀδικίαν,
2585 2360 2683 2415 καὶ
2700 2358 2997 2431 ἠγάπησας
3015 2357 3391 2429 δικαιοσύνην,
3426 2358 3517 2412 διὰ
3544 2357 3712 2412 τοῦτο

2118 2456 2305 2530 ἔχρισε
2332 2471 2399 2507 σε
2418 2457 2447 2509 6
2470 2454 2604 2517 Θεὸς
2620 2492 2637 2521 ,
2678 2471 2697 2505 ι
2725 2452 2827 2523 οὐχ
2849 2453 2940 2507 ἵνα
2961 2448 3155 2522 μισθὸν
3176 2450 3381 2523 ἀρετῆς
3412 2449 3475 2504 τὸ
3496 2451 3713 2523 χρίσμα

2116 2542 2364 2603 δεδόσθαι
2384 2562 2466 2610 τις
2485 2542 2750 2614 ύπολάδῃ,
2785 2542 2897 2597 ἀλλ’
2938 2541 3027 2596 ἵνα
3057 2539 3286 2594 τοιῶσδε
3325 2542 3608 2612 νοήσωμεν
3650 2543 3716 2596 τὸ

2118 2642 2429 2712 λεγόμενον.
2480 2639 2735 2711 Τρεπτῆς
2784 2638 3046 2708 ὑπάρχων
3077 2635 3298 2706 φύσεως
3336 2637 3374 2689 6
3401 2635 3715 2707 προπάτωρ

2132 2734 2321 2806 Ἀδὰμ,
2353 2733 2445 2786 καὶ
2473 2729 2734 2807 πεφυκὼς
2756 2728 2869 2784 ἐσθ’
2884 2730 2974 2784 ὅτε
3004 2728 3137 2782 ποτὲ
3167 2727 3269 2799 μὲν
3302 2727 3402 2798 τὴν
3431 2727 3714 2782 δικαιοσύο

2118 2842 2217 2896 νην
2249 2826 2472 2897 ἀγαπᾷν
2506 2825 2601 2878 καὶ
2632 2826 2813 2895 μισεῖν
2858 2822 2959 2894 τὴν
3014 2822 3253 2885 ἀδικίαν,
3304 2822 3437 2874 ποτὲ
3463 2821 3521 2875 δὲ
3544 2821 3716 2877 πάλιν

2118 2917 2324 2990 είςτην
2340 2917 2589 2972 ἒναντίαν
2615 2916 2728 2983 ἕξιν
2752 2914 3087 2988 μεταπηδᾷν,
3119 2915 3216 2969 καὶ
3244 2917 3465 2986 ἀγαπᾷν
3490 2915 3590 2985 μιν
3612 2914 3715 2986 τὴν

2119 3002 2357 3074 ἀδικίαν,
2410 3010 2591 3080 μισεῖν
2625 3008 2683 3062 δὲ
2700 3005 3193 3080 τὴν-δικαιοσύνην
3236 3006 3431 3076 (τοῦτο
3461 3007 3572 3079 γάρ
3602 3007 3716 3063 τῶν

2118 3099 2466 3172 τρεπομένην
2528 3098 2763 3170 ἑχόντων
2801 3098 2902 3171 τὴν
2953 3097 3116 3167 φύσιν
3160 3096 3351 3167 ἴδιον),
3385 3096 3715 3171 παρηνέχθη

2123 3190 2273 3263 παρά
2298 3188 2393 3245 τοῦ
2415 3189 2687 3245 διαϐόλου.
2731 3189 2949 3261 Ἐπειδὴ
2974 3190 3032 3243 δὲ
3055 3189 3199 3261 πρὸς
3218 3190 3321 3259 τὴν
3348 3188 3443 3243 τοῦ
3465 3188 3715 3245 τοιούτω

2119 3285 2424 3355 νοσήματος
2457 3283 2609 3337 λύσιν
2636 3282 2743 3337 ἔδει
2779 3283 2870 3337 τὸν
2915 3283 3185 3355 ἄτρεπτον
3234 3282 3330 3336 τοῦ
3354 3280 3494 3336 Θεοῦ
3539 3283 3717 3351 Λόγον

2121 3377 2313 3431 ἑαυτὸν
2354 3375 2674 3448 ὑπὲρὴμῶν
2707 3375 3004 3430 ἀντιθεῖναι
3032 3374 3111 3446 τῷ
3145 3375 3389 3447 πονηρῷ,
3432 3375 3499 3429 ἵν’
3519 3366 3715 3448 ὥσπερ

2120 3469 2208 3523 διά
2225 3469 2326 3540 τῆς
2355 3467 2566 3521 ἐκείνου
2627 3470 2837 3539 τροπῆς
2868 3466 3243 3539 ὲνικήθημεν,
3302 3466 3447 3521 οὕτω
3492 3468 3584 3523 διὰ
3613 3470 3717 3541 τῆς

2120 3558 2383 3631 ἀτρεψίας
2419 3557 2515 3611 τοῦ
2547 3557 2723 3627 Λόγου
2754 3561 3152 3630 κρατήσωμεν·
3188 3558 3278 3612 διὰ
3308 3558 3469 3613 τοῦτο
3495 3560 3717 3631 χρίεται

2120 3648 2197 3713 ὡς
2223 3648 2313 3703 ἀεὶ
2337 3648 2434 3702 καὶ
2451 3646 2937 3721 [ἀ]παραλλάκτως
2978 3648 3328 3721 δικαιοσύνην
3346 3650 3601 3719 ἀγαπῶν,
3618 3654 3717 3706 καὶ

2125 3740 2298 3811 μισῶν
2330 3739 2567 3805 ἀδικίαν,
2615 3741 2709 3793 καὶ
2758 3740 3035 3812 τραπῆναι
3078 3740 3152 3811 μὴ
3190 3740 3511 3813 δυνάμενος.
3542 3743 3715 3796 Ὀταν

2122 3828 2215 3888 οὖν
2245 3831 2403 3903 λέγῃ,
2443 3833 2809 3903 «Ἥγάπησας
2856 3832 3238 3904 δικαιοσύνην,
3292 3833 3390 3887 καὶ
3442 3834 3718 3905 ἐμίσησας

2123 3923 2356 3987 ἀδικίαν,
2381 3924 2467 3977 διά
2493 3924 2651 3977 τοῦτο
2681 3923 2865 3995 ἔχρισέ
2895 3942 2954 3978 σε
2978 3926 3007 3979 6
3047 3924 3210 3988 Θεὸς,
3250 3942 3269 3976 ι
3299 3923 3556 3997 τοιαύτην
3590 3927 3715 3983 τινά

2123 4015 2280 4087 δέχου
2312 4014 2549 4069 διάνοιαν
2567 4034 2579 4046 ·
2616 4015 2837 4087 Ἐπειδὴ
2858 4016 3079 4071 πάντων
3102 4017 3212 4070 τῶν
3241 4018 3487 4089 γενητῶν
3509 4035 3717 4089 {psm-

2127 4109 2294 4180 μένην
2320 4108 2554 4179 ἑχόντων
2580 4108 2679 4181 τὴν
2705 4107 2866 4179 φύσιν
2898 4107 3049 4161 οὐδὲν
3077 4108 3308 4179 ἠδύνατο
3331 4110 3606 4181 μάχεσθαι
3633 4107 3719 4183 τῷ

2122 4199 2373 4269 διαϐόλῳ,
2424 4201 2487 4254 σὺ
2513 4199 2571 4253 δὲ
2630 4200 2690 4267 ἐξ
2720 4199 2990 4271 ἀτρέπτου
3045 4199 3260 4270 ύατρὸς
3307 4200 3580 4272 ἄτρεπτος
3611 4202 3711 4268 ὢν,

2123 4290 2255 4355 Θεὸς
2279 4291 2469 4361 Λόγος,
2500 4292 2589 4345 ἀεὶ
2616 4292 2960 4363 δικαιοσύνην
2989 4292 3237 4364 ἀγαπᾷς,
3273 4298 3371 4365 τήν
3414 4311 3474 4347 τε
3495 4296 3716 4353 ἀδικίαν

2129 4384 2323 4454 μισεῖς,
2348 4383 2533 4453 ἔχρισέ
2559 4400 2617 4436 σε
2648 4385 2676 4436 6
2703 4384 2857 4447 Θεὸς,
2908 4385 2994 4438 ἵνα
3024 4386 3082 4438 ὲν
3111 4386 3196 4440 σοὶ
3247 4386 3339 4440 καὶ
3376 4386 3580 4459 πρώτῳ
3611 4390 3717 4462 τὴν

2123 4473 2413 4547 ἀνθρώπου
2451 4474 2613 4544 φύσιν
2642 4477 2772 4547 παρ’
2802 4476 2941 4530 αύτά
2974 4477 3214 4532 νικῶσαν
3246 4478 3530 4552 θεάσηται.

2058 4616 2100 4667 D
2198 4610 2405 4671 ΑΛΛΟ.
2423 4610 2490 4664 ἐκ
2518 4610 2623 4664 τοῦ
2640 4611 2829 4667 αὐτοῦ
2858 4613 3169 4682 συναχθὲν
3191 4617 3639 4687 συλλογισμοῦ.

2195 4745 2525 4818 Εὑρίσκεται
2548 4745 2697 4816 παρὰ
2724 4748 2790 4816 τῇ
2817 4745 2936 4817 θείᾳ
2958 4747 3148 4819 Γραφῇ
3181 4749 3309 4821 περὶ
3332 4748 3423 4803 τοῦ
3456 4750 3592 4805 Θεοῦ
3616 4755 3717 4808 καὶ

2124 4836 2338 4906 Πατρὸς
2376 4836 2605 4905 κείμενα
2650 4835 2875 4890 τοιαῦτα
2918 4836 3110 4902 πολλὰ,
3144 4838 3227 4891 ὅτι
3263 4858 3280 4889 ι
3332 4839 3551 4903 Δίκαιος
3600 4840 3719 4895 Κύ-

2129 4945 2242 4999 ριος
2277 4927 2369 4981 καὶ
2398 4926 2745 4990 δικαιοσύνας
2764 4928 3039 4999 ἠγάπησε.
3070 4948 3088 4981 ι
3126 4929 3237 4983 Καὶ
3262 4930 3444 4984 πάλιν⁶
3484 4947 3503 4981 ι
3551 4928 3715 5002 Ἐμί-

2129 5036 2301 5091 σησας
2334 5018 2542 5081 πάντας
2566 5021 2693 5082 τοὺς
2730 5022 3129 5093 ἐργαζομένους
3159 5022 3258 5094 τὴν
3284 5022 3531 5094 ἀνομίαν.
3561 5044 3580 5076 ι
3603 5027 3720 5082 Καὶ

2131 5111 2312 5165 πάλιν·
2349 5130 2368 5161 ι
2408 5112 2683 5183 Ἐγώείμι
2732 5113 2935 5186 Κύριος
2988 5116 3017 5167 6
3064 5115 3297 5185 ἀγαπῶν
3328 5115 3718 5189 δικαιοσύνην,

2133 5208 2228 5255 καὶ
2253 5203 2425 5273 μισῶν
2458 5206 2797 5276 ἁρπάγματα
2842 5206 2901 5272 ἐξ
2942 5206 3179 5271 ἀδικίας.
3224 5226 3244 5259 ι
3287 5202 3398 5279 Ἀρ
3431 5203 3523 5261 οὖν
3544 5208 3598 5262 ετ
3630 5226 3722 5275 τις

2133 5296 2229 5347 καὶ
2251 5294 2339 5347 διὰ
2364 5294 2537 5348 ταῦτα
2565 5294 2731 5366 λέγοιο
2761 5297 2950 5366 Μέγας
2980 5298 3008 5349 ό
3060 5296 3265 5369 Κύριος
3304 5298 3482 5370 ἡμῶν,
3514 5300 3595 5353 ὅτι
3616 5303 3722 5372 τὴν

2134 5385 2481 5458 δικαιοσύνην
2524 5388 2731 5460 ἀγαπᾷ,
2786 5393 2934 5460 μισεῖ
2985 5390 3042 5442 δὲ
3095 5391 3198 5461 τὴν
3241 5391 3473 5456 ἀδικίαν,
3525 5393 3723 5462 μισθὸς

2130 5476 2282 5531 ἔσται
2303 5477 2383 5548 τῷ
2413 5477 2532 5549 Θεῷ
2572 5480 2663 5532 καὶ
2690 5481 2865 5551 Πατρὶ
2893 5481 2953 5535 τὸ
2982 5481 3172 5551 μέγας
3198 5485 3293 5536 καὶ
3348 5484 3551 5554 ἀρετῆς
3587 5486 3722 5559 ἀντ-

2132 5568 2423 5635 ἀπόδοσις,
2473 5570 2553 5623 ὅτι
2611 5571 2735 5625 τάδε
2798 5573 2899 5643 μὲν
2930 5574 3153 5645 ἀγαπᾷ,
3188 5578 3337 5646 μισεῖ
3383 5576 3440 5629 δὲ
3489 5579 3719 5646 excitus;

2147 5656 2284 5709 Ἀλλ’
2313 5658 2413 5711 οὐκ
2452 5659 2518 5713 ἀν
2547 5676 2630 5722 τις
2661 5660 2802 5717 οὕτω
2847 5664 3040 5734 μανείη
3070 5666 3223 5719 ποτέ.
3258 5666 3470 5729 Ὥσπερ
3499 5664 3593 5723 οὖν
3622 5672 3723 5736 ext,

2094 5835 2138 5867 ⁷³
2167 5835 2306 5892 Psal.
2340 5852 2392 5904 v,
2429 5837 2478 5891 7.
2563 5838 2609 5870 ⁷⁸
2637 5838 2740 5897 lsa.
2778 5857 2891 5896 th.
2925 5843 2977 5899 8.
