3968 6502
254 495 351 552 337

1672 492 1948 555 'l‘llESA‘U
1960 492 2121 551 ΕΗΒ.

3462 488 3567 545 338

256 605 345 661 τοῦ
372 603 582 677 [ἰατρὸς
611 604 875 670 εὐσεϐῶς
918 606 1125 661 νοεῖται
1156 604 1228 660 τά
1283 603 1507 659 ωιῶσδε
1557 604 1829 676 λεγόμενα
1850 643 1865 669 ,

1981 605 2142 675 telligi
2185 614 2433 675 possunt.
2469 604 2609 661 Nam
2652 604 2835 677 imago
2862 606 3244 677 archetypum,
3276 609 3332 657 et
3369 600 3566 657 arche-

258 695 512 761 οῦτωςάν
530 695 788 766 εὐλόγως
814 698 1118 771 ἐκληφθείη
1149 697 1247 753 καὶ
1287 695 1375 767 ἐφ’
1403 696 1556 751 Υίοῦ.
1584 697 1729 769 Πρὸς
1759 695 1869 769 γὰρ

260 789 322 845 τὸ
342 788 651 860 ἀρχέτυπον
678 791 724 861 τι)
760 790 955 859 εἰκὼν,
978 789 1076 845 καὶ
1102 788 1238 861 πρὸς
1265 788 1366 860 τὴν
1400 788 1590 847 εἰκόνα
1622 787 1684 843 τδ
1712 787 1871 860 ἀρχέ-

260 899 442 939 τυπον.

265 998 369 1068 εις
406 1000 471 1054 τὸ
491 1002 691 1072 ῥητὸν
719 999 830 1072 τοῦ
864 998 1234 1072 ᾉποστδλου
1266 998 1333 1072 τὸ

334 1086 468 1125 war
492 1068 574 1125 ’ἐκ
602 1070 779 1138 δεξιᾶ
814 1069 931 1139 τῆς
982 1071 1424 1140 iterumne
1467 1070 1538 1123 ἐν
1567 1068 1868 1140 ὑψηλοῖς»

332 1143 609 1208 τοσούτῳ
636 1138 925 1210 κρείττων
948 1138 1270 1210 γενόμενος
1292 1139 1413 1194 τῶν
1439 1138 1732 1210 ἀγγέλων.
1775 1158 1795 1191 ι

335 1255 402 1307 Ui
433 1255 535 1325 τῆς
553 1255 747 1318 οὐσίας
770 1254 866 1308 τοῦ
888 1253 1027 1309 Θεοῦ
1053 1253 1229 1323 Λόγου
1280 1252 1593 1325 τολμῶντες
1636 1269 1873 1323 κατηγο-

266 1345 405 1415 ρεῖν.
437 1348 532 1399 καὶ
564 1345 660 1399 τὸν
694 1345 827 1401 mv
859 1347 973 1410 τοῖς
1005 1348 1257 1417 γενητοῖς
1289 1345 1605 1400 συντάττειν
1639 1344 1872 1400 σπουδά-

266 1436 456 1501 ζοντες
482 1455 640 1507 φασι.
683 1438 1034 1510 σοφιζόμενοι
1056 1437 1157 1510 τὴν
1186 1435 1472 1510 ἀλήθειανο
1510 1438 1575 1491 Ei
1604 1437 1872 1510 κρείττων

263 1528 461 1596 γέγονε
492 1530 604 1584 τῶν
629 1528 881 1599 ἀγγέλων
928 1531 957 1584 6
1015 1529 1160 1593 Υἱὸς,
1192 1528 1304 1583 ἀπὸ
1361 1528 1574 1601 τροπῆς
1621 1528 1731 1599 ἇιρα
1758 1529 1872 1599 ἔχει

1360 998 1545 1068 λόγον
1564 1015 1579 1029 ο
1622 1018 1641 1051 ι
1664 997 1871 1054 Ἐκάθ-

260 1615 428 1671 τοῦτο
454 1621 555 1691 τῆς
590 1619 684 1674 ἐπὶ
716 1620 779 1673 τὸ
804 1618 1051 1691 ἄμεινον’
1080 1617 1110 1672 6
1149 1616 1260 1689 γὰρ
1296 1618 1398 1674 οὐκ
1429 1613 1498 1690 ἦν
1523 1617 1766 1689 ἐγένετο.
1799 1616 1881 1675 Τὸ.

263 1709 406 1773 ὅλως
439 1710 865 1779 μεταποιεῖσθαι
897 1710 1217 1782 δυνάμενον,
1281 1710 1377 1765 καὶ
1433 1711 1542 1766 ἀπό
1592 1728 1739 1775 τινος
1792 1712 1873 1774 είς

263 1800 456 1872 ἐτερόν
506 1819 563 1856 τι
613 1802 1058 1876 παραφέρεσθαι,
1103 1802 1348 1875 τρεπτῆς
1388 1796 1458 1863 ἀν
1508 1805 1595 1875 εἴη
1633 1804 1870 1874 φύσεως.

264 1892 330 1946 El
358 1893 710 1968 δὲτρεπτῆς,
738 1895 903 1969 δῆλον
955 1896 1040 1952 ὅτι
1091 1896 1186 1951 καὶ
1214 1897 1450 1968 γενητῆς
1476 1939 1491 1964 ,
1548 1892 1619 1973 ἧς
1660 1897 1792 1955 ἴδιον
1835 1900 1867 1970 ὴ

262 1986 468 2057 τροπή»

757 2102 915 2170 Πρὸς
961 2102 1141 2158 τοῦτο
1179 2103 1386 2171 λύσις.

337 2212 569 2282 Πρῶτον
602 2213 702 2284 μὲν
729 2207 826 2268 οῦν
852 2215 1122 2286 προσήκει
1177 2215 1269 2269 τὸν
1325 2218 1407 2281 εἰς
1465 2216 1697 2290 ἔρευναν
1761 2216 1870 2274 τῶν

266 2305 430 2360 θείων
477 2304 828 2360 εἰσϐαίνοντα
878 2305 1136 2378 Γραφῶν,
1185 2306 1278 2361 τὸν
1335 2309 1530 2381 καιρὸν
1584 2311 1871 2383 ἐπιτηρεῖν

265 2397 391 2450 καθ’
416 2396 475 2450 ὃν
504 2396 727 2465 λέγεται
771 2396 835 2450 τὺ
861 2397 1219 2470 δηλούμενον,
1283 2400 1379 2455 καὶ
1415 2401 1711 2471 πρόσωπον
1736 2404 1870 2475 παρ’

263 2483 347 2553 οὗ,
378 2488 413 2558 ἢ
447 2488 515 2541 δι’
552 2481 639 2550 οὗ,
674 2487 708 2559 ἢ
738 2489 869 2559 περὶ
907 2483 970 2545 οὗ
1012 2490 1251 2556 λέγεταιο
1281 2491 1425 2545 οὕτω
1456 2493 1567 2564 γάρ
1597 2492 1664 2547 ἂν
1693 2493 1871 2548 ἀπλα-

264 2579 363 2651 νὴς
399 2582 429 2648 ἡ
462 2579 676 2634 διάνοια
702 2579 1003 2652 φυλαχθείη
1039 2585 1152 2646 τοῖς
1182 2582 1361 2655 ὀρθῶς
1399 2583 1648 2638 ἐθέλουσι
1700 2587 1866 2641 νοεῖν.

265 2669 601 2741 Γνωσόμεθα
632 2671 736 2743 μὲν
766 2666 861 2725 οὖν
902 2671 964 2726 τὸ
1002 2672 1111 2727 ἀπὸ
1156 2672 1252 2728 τοῦ
1305 2674 1503 2746 καιροῦ
1551 2678 1827 2750 χρήσιμον
1851 2717 1869 2745 ,

263 2763 376 2816 τῶν
403 2764 576 2831 ἁγίων
597 2764 918 2819 ἀποστόλων
965 2764 1260 2831 ἀκούοντες
1302 2766 1574 2836 λεγόντων
1605 2770 1831 2842 Χριστῷ
1852 2788 1868 2803 ·

270 2872 291 2906 ι
327 2854 468 2908 Πότε
491 2854 667 2909 ταῦτα
696 2854 871 2920 ἔσται,
903 2857 1001 2910 καὶ
1028 2855 1083 2910 τί
1100 2856 1173 2911 τὸ
1193 2860 1421 2930 σημεῖον
1459 2861 1559 2931 τῆς
1584 2860 1684 2931 σῆς
1722 2878 1871 2935 παρ-

262 2946 489 3013 ουσίαςς
529 2968 549 3000 ι
595 2948 692 3001 Ἐκ
714 2947 772 3001 δὲ
801 2947 908 3002 τοῦ
918 2947 996 3020 μὴ
1017 2948 1217 3003 είδέναι
1238 2950 1453 3021 καιρὸν,
1477 2950 1871 3025 ἐζημιώθησαν

263 3039 317 3093 οί
349 3042 489 3111 περὶ
517 3039 809 3110 Ὑμέναιον
842 3042 938 3095 καὶ
990 3040 1358 3114 Ἀλέξανδρον,
1385 3043 1707 3109 νομίσαντες
1735 3045 1870 3100 ἀνά-

267 3142 464 3182 στασιν
493 3129 594 3200 ῆδη
634 3129 943 3199 γεγονέναι,
991 3133 1085 3187 καὶ
1132 3131 1292 3187 τοῦτο
1334 3132 1588 3204 λέγοντες
1662 3135 1783 3190 Ὀτι
1812 3136 1872 3192 δὲ

266 3219 381 3272 τῶν
405 3220 717 3291 προσώπων
772 3223 1049 3291 ἀναγκαία
1090 3224 1185 3279 καὶ
1236 3224 1527 3297 ἐπωφελὴς
1554 3227 1589 3297 ἡ
1628 3227 1868 3295 γνῶσις,

1973 709 2132 772 typus
2166 700 2456 774 imaginem
2498 700 2690 759 refert.

1977 988 2055 1044 In
2080 990 2283 1044 dictum
2318 988 2454 1043 illud
2498 985 2656 1043 Pauli
2683 1005 2701 1043 :
2732 1007 2749 1040 ι
2780 985 2934 1044 Sedet
2970 986 3024 1041 in
3054 986 3271 1041 dextera
3302 982 3567 1049 magnitu-

2062 1060 2205 1115 dinis
2229 1060 2286 1114 in
2309 1059 2555 1126 excelsis,
2582 1068 2734 1113 tanto
2755 1058 2943 1113 melior
2964 1057 3138 1126 [actus
3155 1054 3376 1126 _angelis
3399 1053 3469 1111 ⁷⁸.
3502 1072 3522 1105 ε

2045 1236 2149 1306 Qui
2174 1238 2473 1295 essentiam
2508 1235 2672 1295 Verbi
2723 1236 2824 1294 Dei
2874 1234 3203 1292 calumniari
3255 1233 3484 1297 audent,
3513 1241 3573 1287 et

1972 1327 2170 1383 Filium
2203 1330 2348 1384 inter
2369 1337 2656 1385 creaturas
2679 1328 2929 1399 redigere
2952 1336 3248 1394 conantur,
3280 1324 3571 1378 veritatem

1974 1419 2346 1478 adulterantes
2377 1421 2453 1477 ita
2486 1422 2684 1478 aiunt:
2717 1421 2772 1477 Si
2810 1420 2984 1477 Filius
3024 1419 3206 1475 factus
3249 1425 3338 1474 est
3379 1416 3573 1471 melior

1974 1512 2184 1584 angelis
2208 1530 2226 1581 ;
2250 1529 2385 1588 ergo
2418 1526 2487 1570 ex
2523 1514 2829 1570 mutatione
2862 1514 2917 1569 in
2947 1511 3143 1568 melius
3198 1511 3250 1565 id
3301 1522 3571 1565 consecu-

1976 1613 2063 1661 tus
2091 1614 2177 1660 est
2206 1620 2222 1659 :
2254 1604 2429 1662 factus
2454 1606 2602 1661 enim
2633 1614 2738 1674 est,
2771 1604 2919 1677 quod
2947 1620 3054 1660 non
3084 1612 3225 1659 erat.
3260 1600 3414 1668 Quod
3442 1614 3573 1655 vero

1976 1695 2031 1751 in
2075 1695 2395 1753 universum
2440 1697 2637 1752 mutari
2691 1705 2874 1766 potest
2927 1702 2982 1750 et
3039 1708 3106 1749 ex
3157 1707 3266 1747 uno
3324 1691 3377 1746 in
3422 1689 3575 1744 aliud

1976 1784 2285 1852 transferri,
2320 1788 2597 1844 mutabilis
2622 1797 2829 1849 natura:
2855 1786 2948 1851 sit,
2986 1799 3210 1842 necesse
3240 1794 3347 1837 est.
3383 1780 3440 1837 Si
3475 1794 3571 1836 ve-

1975 1894 2038 1935 ro
2090 1879 2366 1940 mutabilis
2409 1891 2618 1937 natura:
2673 1889 2779 1945 est,
2828 1878 2936 1937 erit
2993 1882 3157 1935 etiam
3204 1885 3425 1942 creatae,
3482 1874 3571 1930 cui

1900 1983 1949 2038 Β
1973 1971 2191 2041 propria
2226 1980 2314 2033 est
2341 1975 2595 2029 mutatio.

2495 2081 2705 2141 Salutio
2730 2082 3064 2153 objectionir.

2044 2208 2287 2265 Primum
2314 2202 2535 2276 quidem
2574 2207 2793 2271 oportet
2843 2214 2968 2255 eum
3021 2197 3111 2269 qui
3166 2197 3233 2252 ad
3274 2193 3573 2266 investiga-

1976 2301 2175 2360 tionem
2207 2310 2487 2355 sacrarum
2540 2293 2953 2364 Scripturarum
2998 2288 3237 2355 accedit,
3271 2288 3574 2344 observare

1976 2403 2189 2464 tempus
2239 2403 2347 2460 quo
2375 2387 2581 2459 aliquid
2637 2386 2863 2451 dicitur,
2919 2393 2975 2440 et
3025 2397 3317 2455 personam
3348 2397 3377 2435 a
3414 2396 3522 2452 qua
3552 2421 3570 2448 ,

1973 2498 2195 2561 propter
2226 2486 2378 2559 quid,
2412 2491 2469 2541 et
2500 2484 2569 2539 de
2598 2497 2707 2553 quo
2743 2482 2986 2537 dicitur:
3012 2480 3086 2535 ita
3120 2479 3267 2533 enim
3298 2476 3391 2547 qui
3422 2483 3572 2529 recte

1974 2580 2183 2636 sentire
2233 2578 2437 2646 velint,
2481 2578 2623 2633 citra
2676 2571 2841 2629 ullum
2900 2586 3144 2629 errorem
3194 2586 3315 2642 quae
3366 2566 3571 2635 scripta

1973 2681 2102 2728 sunt
2135 2671 2464 2741 intelligent.
2502 2668 2791 2740 Temporis
2822 2667 3009 2737 itaque
3043 2665 3335 2720 utilitatem
3371 2675 3573 2730 cogno-

1973 2778 2214 2827 scemus,
2243 2777 2368 2817 cum
2410 2762 2696 2818 audiemus
2741 2770 2967 2817 sanctos
3013 2756 3289 2830 apostolos
3316 2754 3383 2809 ad
3410 2752 3575 2808 Chri-

1972 2862 2117 2909 stum
2166 2851 2409 2907 dicentes
2451 2867 2467 2903 :
2502 2869 2522 2903 ι
2571 2850 2800 2918 Quando
2833 2849 2950 2905 haec
3002 2857 3185 2913 erunt,
3232 2855 3288 2901 et
3319 2844 3463 2916 quod
3498 2842 3576 2898 si-

1973 2959 2140 3015 gnum
2166 2954 2253 3000 est
2300 2944 2378 2999 tui
2418 2945 2690 3000 adventus
2730 2942 2824 2997 7'?
2864 2961 2883 2996 ι
2941 2940 3268 3014 Hymenaeus
3318 2938 3483 2992 etiam
3519 2945 3576 2991 et

1972 3037 2283 3094 Alexander
2315 3046 2537 3108 propter
2580 3034 2955 3105 ignorantiam
2992 3032 3256 3103 temporis
3293 3038 3574 3094 errarunt,

1973 3141 2285 3189 asserentes
2310 3132 2773 3186 resurrectionem
2799 3130 2913 3199 jam
2945 3128 3149 3185 factam
3186 3143 3311 3183 esse
3330 3128 3398 3183 ⁷⁷.
3419 3124 3574 3194 Quod

1973 3242 2107 3283 vero
2167 3240 2529 3298 personarum
2567 3226 2757 3282 notitia
2801 3225 3113 3281 necessaria
3168 3222 3433 3291 utilisque
3478 3221 3574 3283 sit,

266 3308 534 3381 είσόμεθα
553 3313 739 3377 πάλιν,
757 3314 888 3369 ὅταν
907 3314 936 3367 6
949 3314 1218 3387 Εὐνοῦχος
1241 3316 1377 3389 λέγῃ
1395 3317 1535 3391 πρὸς
1561 3318 1828 3374 Φίλιππον
1848 3336 1862 3350 ο

1981 3335 2035 3376 εκ
2086 3334 2156 3375 eo
2199 3319 2590 3389 intelligemus,
2650 3331 2773 3373 cum
2810 3317 3097 3372 eunuchus
3143 3315 3211 3369 ad
3260 3314 3573 3383 Philippum

273 3420 311 3454 ει
330 3402 536 3474 Δέομαί
566 3421 683 3468 σου,
710 3406 842 3486 περὶ
862 3407 1003 3472 τινος
1025 3409 1055 3459 ὁ
1075 3410 1360 3481 προφήτης
1389 3409 1561 3481 λέγει,
1586 3411 1714 3483 περὶ
1738 3412 1867 3466 ἐαυ-

266 3494 427 3567 τοῦῆ
479 3496 611 3569 περὶ
648 3496 838 3570 ἐτέρου
884 3500 1068 3566 τινός;
1112 3520 1131 3553 ι
1168 3500 1307 3573 ἢὼς
1358 3503 1489 3557 ὅταν
1534 3504 1564 3558 6
1597 3506 1871 3578 μακάριος

138 3588 165 3600 “
268 3586 509 3652 Παῦλος,
534 3588 631 3642 τοῦ
659 3590 913 3662 Σωτῆρος
936 3591 998 3645 τὸ
1028 3592 1321 3663 πρόσωπον
1358 3595 1709 3668 εἰσφέρεσθαι
1744 3597 1871 3669 βου-

268 3678 519 3747 )όμενος,
553 3680 715 3753 λέγῃον
750 3702 769 3735 ι
816 3681 936 3753 Ἐφ’
962 3684 1023 3737 δν
1048 3684 1155 3759 γὰρ
1205 3685 1423 3755 λέγεται.
1466 3687 1661 3753 ταῦτα,
1697 3689 1871 3762 φυλῆς

271 3770 473 3842 ἐτέρας
497 3773 826 3843 μετέσχηκε.
870 3775 1145 3848 Πρόδηλον
1172 3776 1302 3849 γάρ,
1331 3779 1413 3833 ὅτι
1438 3778 1498 3845 ἐξ
1540 3780 1711 3835 Ἰούδα
1734 3782 1871 3835 ἀνα-

269 3860 537 3915 τέταλκεν
571 3865 602 3915 6
632 3864 857 3936 Κύριος.
892 3885 912 3917 ι
972 3867 1095 3920 Ὅτι
1140 3867 1199 3921 δὲ
1240 3870 1335 3923 καὶ
1389 3869 1452 3924 τὸ
1499 3872 1734 3943 πρᾶγμα
1794 3872 1869 3943 μὴ

268 3956 494 4025 ἀγνοεῖν
530 3958 853 4025 ἀναγκαῖον,
874 3958 1126 4012 ἐντεῦθεν
1153 3959 1307 4015 ἐσται
1338 3963 1671 4032 καταφανές.
1700 3964 1871 4020 Ὅταν

271 4046 388 4117 γὰρ
420 4047 471 4100 0i
499 4048 777 4119 προφῆται
797 4049 1010 4121 τάπερὶ
1031 4049 1124 4104 τοῦ
1146 4051 1401 4124 Σωτῆρος
1426 4072 1603 4127 προκη
1613 4055 1869 4126 ρύττωσι,

274 4140 373 4191 καὶ
406 4139 435 4191 ὁ
466 4138 565 4209 μὲν
592 4139 749 4211 λέγῃ·
777 4158 796 4192 ι
841 4141 973 4195 Ἰδοὺ
1007 4142 1042 4214 ἡ
1085 4142 1359 4214 παρθένος
1385 4147 1444 4200 ἐν
1468 4148 1671 4220 γαστρὶ
1694 4147 1864 4213 ἐξειέ»

274 4229 509 4299 ἐτέρωθι
528 4230 587 4283 δὲ
625 4231 807 4295 πάλιν,
848 4249 867 4283 ι
889 4231 976 4296 Ὠς
1001 4233 1273 4304 πρόϐατον
1296 4236 1389 4289 ἐπὶ
1421 4237 1637 4309 σφαγὴν
1667 4238 1865 4309 ἠχθηοι

276 4322 375 4375 καὶ
408 4320 484 4392 μὴ
510 4323 717 4392 κυρίως
738 4323 811 4377 τά
838 4324 1064 4380 τοιαῦτα
1091 4327 1279 4398 νοῆται
1307 4330 1437 4400 περὶ
1468 4330 1708 4401 Χριστοῦ
1725 4372 1740 4398 ,
1773 4348 1874 4404 μαρ

276 4412 420 4483 κράν
459 4429 563 4465 που
618 4414 721 4485 τῆς
755 4414 1015 4487 ἀληθείας
1051 4417 1080 4470 6
1129 4417 1255 4483 νοῦς
1282 4420 1587 4491 οἰχήσεται,
1629 4422 1724 4476 καὶ
1762 4424 1871 4478 τῶν

275 4502 521 4556 εὐσεϐῶν
546 4505 1338 4580 ἐκπετασθήσεταινοημάτων.
1372 4509 1673 4580 Ἀναγκαία
1694 4512 1872 4567 τοίνυν

275 4592 386 4645 τῶν
414 4593 722 4665 είρημένων
746 4594 781 4665 ή
806 4596 1157 4669 ἐπιτήρησις.
1199 4598 1673 4672 Ἐπιτηρηθέντων
1693 4602 1873 4657 τοίνυν

1976 3411 2092 3465 ait:
2128 3427 2147 3462 ι
2172 3408 2284 3466 Oro
2318 3418 2392 3475 te,
2426 3408 2495 3463 de
2520 3420 2630 3479 quo
2660 3407 2907 3479 loquitur
2936 3408 3205 3478 propheta
3236 3406 3260 3460 ?
3292 3407 3359 3459 de
3392 3405 3575 3475 seipso

1977 3511 2073 3557 aut
2103 3502 2170 3559 de
2190 3501 2299 3558 alio
2326 3501 2510 3573 aliquo
2537 3501 2628 3557 πί
2667 3518 2687 3554 ι
2717 3501 2825 3556 Aut
2856 3502 3080 3571 quando
3121 3499 3325 3555 Paulus
3371 3499 3576 3553 Serva-

1980 3594 2113 3650 toris
2128 3608 2418 3663 personam
2444 3592 2670 3665 intelligi
2703 3592 3105 3658 volens,dicit:
3138 3611 3158 3644 ι
3196 3590 3270 3646 De
3294 3606 3402 3661 quo
3426 3592 3574 3645 enim

1978 3685 2096 3741 haec
2139 3686 2424 3751 dicuntur,
2472 3684 2520 3739 is
2554 3685 2622 3741 de
2663 3684 2769 3739 alia
2814 3685 2957 3739 tribu
2992 3692 3093 3739 est.
3124 3683 3468 3738 Manifestum
3493 3694 3579 3739 est

1978 3779 2121 3849 quod
2162 3794 2227 3833 ex
2258 3778 2394 3834 Juda
2425 3786 2584 3834 ortus
2618 3787 2700 3834 est
2740 3777 3003 3834 Dominus
3034 3778 3104 3833 ".
3144 3797 3162 3830 ι
3199 3776 3353 3844 Quod
3391 3787 3577 3831 autem

1978 3884 2201 3925 necesse
2240 3870 2313 3926 sit
2346 3886 2460 3925 rem
2495 3871 2668 3941 ipsam
2695 3886 2801 3927 non
2837 3871 3114 3942 ignorare,
3166 3870 3294 3925 inde
3334 3877 3575 3925 constat.

1979 3961 2208 4029 Quando
2243 3962 2389 4017 enim
2445 3963 2726 4033 propheta:
2754 4001 2771 4029 ,
2807 3977 2929 4031 quae
2964 3961 3031 4016 ad
3069 3961 3350 4016 Christum
3406 3961 3579 4030 perti-

1981 4062 2132 4119 nent,
2194 4054 2520 4124 pradicunt,
2562 4064 2730 4127 atque
2767 4054 2857 4110 hic
2897 4054 3117 4125 quidem
3160 4054 3297 4109 dicit
3336 4069 3349 4105 :
3385 4071 3403 4105 ι
3437 4052 3580 4108 Ecce

1982 4146 2148 4217 200
2193 4146 2349 4216 virgo
2396 4145 2451 4201 in
2498 4155 2657 4201 utero
2709 4145 2987 4215 concipiet
3028 4144 3110 4211 ⁸⁰;
3166 4162 3185 4196 ι
3215 4143 3343 4199 alibi
3385 4158 3514 4198 vero
3562 4162 3578 4199 :

1985 4255 2005 4288 ι
2037 4236 2193 4295 Sicut
2215 4235 2335 4291 ovis
2385 4234 2580 4290 ductus
2620 4235 2685 4290 ad
2713 4235 3051 4291 occisionem
3083 4234 3151 4300 ⁸⁸,
3178 4252 3196 4286 ι
3229 4232 3332 4288 nisi
3360 4234 3583 4303 proprie

1980 4327 2098 4383 haec
2134 4326 2201 4383 de
2228 4326 2452 4383 Christo
2486 4326 2885 4397 intelligantur,
2942 4340 3142 4381 sensus
3200 4324 3359 4395 longe
3407 4339 3437 4377 a
3481 4338 3580 4379 ves

1982 4420 2145 4475 ritate
2165 4420 2469 4487 aherrabit,
2520 4430 2575 4474 et
2613 4432 2643 4473 a
2678 4418 2781 4489 piis
2828 4416 3269 4489 cogitationibus
3302 4414 3580 4472 deﬂectet.

1980 4512 2301 4571 Necessaria
2331 4513 2499 4583 igitur
2526 4518 2823 4567 esteorum
2866 4524 2987 4581 quae
3027 4508 3289 4565 dicuntur
3327 4507 3581 4565 conside«

1982 4607 2143 4663 ratio.
2179 4605 2236 4661 Si
2261 4607 2385 4676 quis
2418 4619 2550 4676 ergo
2587 4616 2839 4660 accurate
2883 4603 3289 4660 animadvertat
3337 4612 3575 4672 tempus,

276 4685 528 4757 ἀκριϐῶς
557 4686 776 4759 καιροῦ,
836 4689 933 4743 καὶ
974 4690 1271 4762 προσώπου
1297 4734 1311 4757 ,
1364 4693 1461 4749 καὶ
1512 4695 1871 4766 πράγματος,

1981 4712 2294 4769 personam,
2325 4706 2381 4751 et
2411 4710 2549 4763 rem,
2607 4696 2710 4751 hoc
2738 4711 2769 4749 a
2805 4695 2976 4752 Paulo
3021 4695 3232 4750 dictum
3268 4710 3396 4751 esse
3422 4711 3577 4752 com-

275 4777 636 4849 εὑρεθήσεται
683 4778 854 4833 ταῦτα
896 4780 1073 4850 λέγων
1117 4784 1146 4837 6
1198 4784 1428 4850 Παῦλος,
1474 4786 1555 4839 ὅτι
1617 4786 1684 4840 δι’
1725 4790 1874 4859 ἡμᾶς

276 4870 705 4942 ἐνηνθρώπησεν
727 4872 757 4923 6
782 4872 877 4928 τοῦ
906 4873 1042 4928 Θεοῦ
1087 4876 1279 4945 Λόγος,
1312 4878 1401 4932 ὅτε
1441 4878 1550 4932 τῶν
1586 4883 1874 4954 ἁμαρτιῶν

277 4958 437 5030 ἡμῶν
467 4958 811 5032 καθαρισμὸν
832 4962 1197 5034 ποιησάμενος
1229 4966 1484 5021 ἐκάθισεν
1509 4970 1567 5022 ἐν
1594 4970 1742 5043 δεξιᾷ
1772 4974 1873 5043 τῆς

280 5052 679 5124 μεγαλωσύνης
703 5055 773 5107 ἐν
821 5053 1066 5127 ὑψηλοῖς,
1097 5059 1216 5111 τότε
1241 5060 1506 5129 κρείττων
1534 5063 1728 5131 γέγονε
1763 5066 1872 5118 τῶν

276 5144 551 5212 ἀγγέλων·
578 5145 641 5198 οὗ
668 5146 767 5216 τὴν
793 5146 956 5217 φύσιν
988 5149 1070 5213 είς
1120 5150 1308 5224 ἕτερόν
1346 5171 1398 5207 τι
1452 5156 1799 5227 μεταϐαλὼν,
1836 5159 1870 5231 ἢ

276 5235 423 5307 ὅπερ
442 5237 543 5290 οὑκ
564 5236 639 5291 ὢν
665 5239 916 5307 φαίνεται
949 5242 1236 5315 πρότερον,
1266 5244 1493 5319 ὕστερον
1527 5249 1790 5318 γεγονώς·
1810 5252 1871 5305 οὑ

277 5325 393 5395 γὰρ
416 5328 669 5400 περὶτῆς
698 5329 919 5399 φύσεως
936 5333 1033 5387 τοῦ
1068 5335 1200 5389 Υίοῦ
1234 5337 1329 5391 νῦν
1345 5340 1384 5393 '6
1425 5339 1583 5409 λόγος
1625 5344 1744 5397 ἐστὶ
1794 5344 1874 5415 τῷ

280 5418 503 5489 Παύλῳ,
534 5420 672 5475 ἀλλά
705 5425 836 5495 περὶ
879 5426 1208 5498 πράγματος
1241 5434 1537 5504 γενομένου
1590 5420 1647 5489 ἐν
1693 5437 1875 5510 καιρῷ

281 5511 383 5582 τῆς
414 5512 903 5586 ἐνανθρωπήσεως.
946 5519 1158 5573 Οὐκοῦν
1197 5521 1257 5575 οὐ
1315 5528 1380 5596 τῇ
1426 5526 1587 5595 φύσει
1639 5530 1751 5582 τῶν
1779 5531 1877 5600 ἀγ-

280 5602 459 5671 γέλων
482 5605 581 5677 τὴν
598 5606 694 5659 τοῦ
721 5606 855 5660 Υίοῦ
894 5608 1050 5678 φύσιν
1071 5613 1456 5684 συγκρίνεσθαι
1481 5618 1671 5687 θέλων,
1694 5621 1877 5693 κρείτ-

280 5711 411 5749 τονι
456 5694 564 5750 τῶν
616 5696 875 5766 ἀγγέλων
931 5700 1094 5755 αὑτὸν
1127 5704 1456 5775 γεγενῆσθαί
1489 5726 1679 5781 φησιν,
1740 5712 1876 5769 ἀλλά

373 5855 414 5940 ιι
443 5856 603 5913 "cur,
633 5858 769 5940 3&5,
887 5925 904 5940 '
941 5858 989 5889 ⁷⁸
1018 5858 1208 5940 Matth:
1238 5880 1385 5940 xxiv,
1417 5868 1469 5927 3.

284 5931 330 5961 "
358 5924 460 5984 lsa.
492 5942 591 5998 νιι,
626 5929 719 5986 Η.
802 5927 847 5960 ⁸⁸
884 5925 988 5985 ita.
1019 5946 1139 6000 LIII,
1174 5932 1225 5989 7.

1561 5873 1604 5902 77
1632 5870 1673 5925 ΙΙ
1706 5872 1846 5929 Tim.
1880 5888 1945 5942 ll,
1990 5874 2075 5941 17,
2115 5876 2198 5932 18.

1980 4792 2176 4863 periet,
2203 4789 2442 4847 Verbum
2497 4789 2593 4846 Dei
2628 4799 2851 4861 propter
2906 4806 3005 4846 nos
3044 4790 3392 4845 incarnatum
3430 4805 3577 4855 esse,

1984 4883 2203 4953 quando
2247 4883 2490 4953 purgatis
2532 4882 2772 4953 peccatis
2818 4883 3023 4938 nostris
3073 4882 3216 4938 sedit
3258 4883 3311 4935 in
3352 4883 3579 4937 dextera

1982 4973 2286 5045 maiestatis
2318 4975 2371 5030 in
2398 4975 2672 5043 excelsis;
2725 4984 2855 5031 tunc
2897 4975 3091 5030 melior
3141 4975 3350 5046 angelis
3394 4976 3574 5031 factus

1980 5076 2111 5124 est:
2150 5083 2259 5123 non
2301 5078 2496 5124 natura
2539 5069 2711 5139 ipsius
2740 5068 2794 5125 in
2834 5070 2980 5124 aliud
3008 5068 3292 5138 quidpiam
3342 5079 3587 5138 mutata,

1982 5171 2077 5221 aut
2103 5161 2249 5231 quod
2290 5171 2453 5217 antea
2490 5176 2598 5217 non
2629 5171 2788 5229 erat,
2834 5172 3024 5232 postea
3070 5162 3341 5229 effectus;
3393 5177 3573 5233 neque

1980 5255 2125 5309 enim
2150 5253 2352 5311 Paulus
2389 5270 2533 5311 nunc
2566 5256 2631 5310 de
2656 5264 2851 5309 natura
2890 5253 3015 5309 Filii
3062 5255 3328 5327 loquitur,
3385 5255 3483 5311 sed
3521 5260 3589 5314 de

1984 5362 2041 5403 re
2071 5361 2192 5417 qua:
2220 5347 2362 5402 facta
2391 5356 2476 5403 est
2509 5356 2758 5419 tempore
2804 5347 3224 5403 incarnationis.
3252 5347 3370 5403 Non
3411 5348 3579 5419 igitur

1984 5448 2235 5493 naturam
2266 5438 2391 5494 Filii
2452 5454 2573 5495 cum
2634 5449 2829 5495 natura
2877 5438 3195 5511 angelorum
3255 5454 3583 5510 comparare

1988 5529 2193 5596 volens,
2221 5532 2661 5602 praestantiorem
2704 5534 2878 5604 ipsum
2901 5534 3113 5603 angelis
3160 5533 3417 5588 elfectum
3463 5548 3586 5589 esse

1986 5623 2083 5689 ait,
2117 5625 2212 5679 sed
2245 5638 2333 5679 res
2364 5635 2526 5696 atque
2578 5625 2826 5681 actiones
2877 5625 3020 5679 inter
3050 5639 3111 5680 se
3144 5634 3449 5693 comparat,
3493 5636 3582 5681 at-

1983 5731 2089 5785 que
2121 5717 2222 5772 hac
2254 5718 2463 5773 ratione
2495 5717 2933 5786 praestantiorem
2973 5716 3176 5772 factum
3207 5732 3331 5773 esse
3384 5716 3581 5773 Filium

2302 5877 2495 5934 "Act.
2536 5892 2651 5942 νιιι,
2685 5876 2774 5933 δι.
2863 5876 2909 5907 "
2949 5874 3113 5934 llebr.
3165 5892 3259 5945 vn,
3315 5878 3374 5935 l5
3500 5878 3583 5939 li.
