3968 6464
400 452 501 509 559

1419 445 1478 500 S.
1517 444 1792 501 CYRILLI
1834 445 2306 503 ALEXANDRINI
2348 441 2649 501 ARCHIEP

3542 442 3650 501 340

398 569 650 626 ostendit.
688 566 780 622 Est
812 580 939 621 vero
970 565 1059 620 hic
1113 562 1243 618 dicti
1292 576 1484 618 sensus
1544 581 1557 618 :
1606 561 1800 617 Paulus
1839 576 1959 616 cum

2068 560 2412 631 πραγμάτων
2476 561 2709 615 ποιεῖται
2769 560 3097 632 σύγκρισιν·
3146 562 3245 615 καὶ
3293 561 3437 616 κατά
3486 560 3649 615 τοῦτο

399 658 635 714 Hebraeis
655 659 944 721 disserens,
966 669 1270 725 magnaque
1301 652 1554 707 libertate
1580 654 1959 705 demonstrare

396 749 583 803 volens
639 747 997 801 ministerium
1044 744 1245 799 Christi
1290 740 1638 811 prtestautius
1672 740 1855 797 J‘uisse
1907 747 1961 793 et

396 840 778 909 prophetarum
810 837 1066 891 missione
1110 843 1164 889 et
1189 831 1660 888 administratione
1702 830 1834 901 legis
1864 846 1961 899 per

395 933 615 1003 angelos
663 932 824 994 tacta,
864 944 927 984 ex
969 927 1226 997 dignitate
1271 938 1632 994 personarum
1672 936 1958 993 compara-

396 1025 596 1080 tionem
628 1022 777 1086 l‘acit,
806 1030 859 1075 et
888 1019 1098 1090 inquit:
1138 1036 1156 1068 ι
1192 1016 1330 1073 Olim
1365 1015 1506 1070 Deus
1532 1016 1759 1084 loquens
1793 1014 1956 1084 patri-

395 1114 497 1170 bus
538 1115 591 1169 in
648 1112 948 1183 pr0pltetis,
994 1110 1306 1165 novissimis
1354 1109 1473 1163 istis
1521 1107 1710 1162 diebus
1751 1106 1962 1160 locutus

396 1216 479 1264 est
508 1206 661 1263 nobis
691 1207 742 1261 in
793 1205 948 1268 Filio,
976 1218 1133 1274 quem
1182 1201 1464 1258 constituit
1518 1198 1787 1255 heredem
1837 1198 1960 1251 uni—

396 1310 695 1364 versorum,
734 1313 829 1368 per
862 1313 1021 1367 quem
1060 1295 1188 1351 fecit
1213 1305 1268 1350 et
1310 1294 1531 1350 saecula.
1589 1292 1690 1358 Qui
1731 1306 1854 1345 cum
1887 1292 1960 1345 sit

396 1391 647 1461 splendor
697 1390 922 1459 glorias,
978 1398 1035 1443 et
1078 1388 1364 1441 character
1420 1382 1744 1439 substantiae
1793 1380 1955 1451 ejus,

394 1493 723 1554 portatusque
753 1481 934 1535 omnia
962 1478 1140 1535 Verbo
1172 1478 1386 1532 virtutis
1409 1490 1540 1540 sum,
1574 1474 1953 1544 purgationem

395 1582 736 1644 peccatorum
774 1559 997 1636 faciens,
1025 1569 1177 1625 sedet
1219 1569 1287 1623 ad
1322 1567 1603 1633 dexteram
1655 1563 1959 1635 majestatis

396 1668 450 1719 in
478 1665 705 1720 excelsis
734 1664 803 1719 ⁸’.
859 1681 878 1715 ι
926 1662 1061 1719 Cum
1110 1662 1272 1731 igitur
1316 1669 1517 1715 tantam
1558 1657 1782 1727 gloriam
1822 1656 1961 1711 Filio

395 1755 652 1821 ascribit,
684 1764 738 1808 et
784 1768 903 1823 qum
940 1761 1150 1807 naturae
1202 1750 1379 1806 Patris
1417 1749 1633 1819 propria
1686 1757 1813 1802 sunt
1859 1747 1958 1816 ipsi

395 1844 766 1899 accommodat
808 1859 823 1895 :
859 1854 985 1897 tunc
1018 1841 1168 1896 illum
1200 1848 1351 1894 tanto
1383 1839 1819 1909 praestantiorem
1861 1854 1960 1891 an-

2062 651 2346 721 κρείττονα
2386 649 2479 704 τὸν
2527 648 2655 703 Υίὸν
2710 649 2961 718 γενέσθαι
3019 648 3203 718 φησίν.
3236 649 3429 703 Ἔσται
3463 647 3519 701 δὲ
3549 646 3647 700 τοῦ

2061 742 2351 813 λεγομένου
2376 742 2614 805 τοιοῦτος
2641 743 2671 795 ὁ
2702 743 2843 806 νοῦς·
2880 743 2939 796 Ὀ
2970 741 3180 805 Παῦλος
3220 740 3492 812 Ἑϐραίοις
3529 740 3649 794 δια-

2060 834 2351 904 λεγόμενος
2396 835 2489 888 καὶ
2543 833 2680 902 μετά
2730 832 2934 904 πολλῆς
2986 832 3307 907 παρῤησίας
3360 830 3648 897 ἀποδεῖξαι

2063 924 2367 996 βουληθεὶς,
2416 926 2498 978 ὃτι
2549 924 2814 995 κρείττων
2833 924 2983 978 ἐστὶν
3040 927 3074 995 ή
3127 922 3366 996 Χριστοῦ
3398 922 3649 977 διακονία

2062 1015 2156 1069 καὶ
2187 1015 2285 1086 τῆς
2318 1014 2429 1069 τῶν
2450 1014 2750 1086 προφητῶν
2799 1015 3106 1085 ἀποστολῆς
3134 1015 3229 1069 καὶ
3262 1014 3355 1069 τοῦ
3388 1014 3649 1084 διακονη-

2062 1105 2245 1166 θέντος
2264 1106 2333 1160 δι’
2357 1105 2604 1174 ἀγγέλων
2664 1106 2854 1177 νόμου,
2908 1107 3018 1162 ἀπὸ
3058 1107 3156 1177 τῆς
3194 1106 3305 1161 τῶν
3332 1101 3648 1177 προσώταὸν

2061 1198 2213 1264 ἀξίας
2244 1199 2477 1252 ποιεῖται
2505 1197 2605 1269 τὴν
2632 1197 2941 1270 σύγκρισιν,
2974 1198 3068 1252 καί
3100 1215 3255 1270 φησι·
3291 1216 3309 1247 ι
3338 1198 3516 1252 Πάλαι
3544 1196 3647 1252 λα-

2062 1288 2230 1360 λήσας
2269 1288 2297 1340 ὁ
2343 1287 2475 1352 Θεὸς
2523 1290 2638 1351 τοῖς
2674 1288 2948 1360 πατράσιν
2987 1288 3146 1360 ἡμῶν
3194 1289 3258 1341 ἐν
3292 1290 3402 1352 τοῖς
3426 1290 3645 1359 προφή-

2061 1396 2199 1443 ταις,
2250 1378 2337 1432 ἐπ’
2392 1378 2623 1449 ἐσχάτου
2676 1378 2784 1432 τῶν
2850 1378 3073 1451 ἡμερῶν
3139 1381 3346 1435 τούτων
3378 1378 3647 1449 ἐλάλησεν

2062 1474 2191 1545 ημῖν
2221 1473 2278 1525 ὲν
2310 1470 2443 1542 Υίῷ.
2474 1472 2534 1526 δν
2590 1472 2754 1543 ἔθηκε
2805 1467 3142 1545 κληρονόμον
3196 1458 3434 1538 πάντων,
3486 1472 3554 1526 δι’
3580 1465 3647 1526 οὗ

2061 1563 2154 1617 καὶ
2193 1565 2416 1633 ἐποίησε
2449 1562 2576 1627 τοὺς
2631 1562 2853 1627 αἰῶνας.
2903 1564 3000 1626 ’ος
3039 1562 3114 1616 ὢν
3166 1561 3508 1633 ἀπαύγασμα
3542 1563 3649 1633 τῆς

2059 1653 2217 1727 δόξης
2244 1656 2338 1709 καὶ
2358 1656 2646 1727 χαρακτὴρ
2671 1656 2771 1727 τῆς
2790 1654 3140 1719 ὑποστάσεως
3162 1655 3351 1722 αὐτοῦ,
3378 1658 3557 1727 φέρων
3582 1673 3650 1709 τε

2060 1747 2129 1801 τὰ
2156 1746 2332 1800 πάντα
2375 1744 2453 1816 τῷ
2512 1747 2715 1818 ῥήματι
2759 1747 2860 1817 τῆς
2914 1747 3201 1818 δυνάμεως
3249 1746 3436 1811 αὑτοῦ,
3470 1746 3648 1800 καθα-

2066 1838 2256 1908 ρισμὸν
2276 1836 2384 1891 τῶν
2411 1836 2698 1909 ἁμαρτιῶν
2719 1838 3107 1910 ποιησάμενος,
3126 1838 3380 1892 ἐκάθισεν
3412 1838 3469 1893 ὲν
3494 1838 3654 1910 δεξιᾷ

394 1935 526 2005 gelis
554 1934 753 1989 factum
778 1949 894 1989 esse
921 1937 1017 1999 ait,
1037 1943 1238 2003 quanto
1260 1933 1423 1988 etiam
1461 1931 1808 2000 prestantius
1838 1945 1948 2001 prae

2067 1928 2149 1981 τοῦ
2176 1928 2366 2000 Θρόνου
2396 1928 2498 1999 τῆς
2529 1927 2919 2000 μεγαλωσύνης
2940 1930 2998 1982 ὲν
3032 1929 3278 2000 ὑψηλοῖς.
3306 1949 3331 1982 ι
3359 1928 3651 2000 Τοσαύτην

395 2028 506 2084 illis
535 2043 728 2085 nomen
760 2035 842 2082 est
870 2028 1115 2097 adeptus,
1150 2033 1343 2094 utpote
1370 2022 1562 2088 Filius,
1598 2030 1653 2077 et
1677 2023 1870 2088 haeres,
1903 2032 1959 2077 et

393 2119 665 2189 splendor,
695 2127 751 2173 et
783 2118 1089 2181 character,
1129 2125 1185 2172 et
1208 2116 1406 2188 imago,
1431 2124 1487 2171 et
1513 2115 1565 2169 iu
1595 2115 1789 2169 eodem
1816 2112 1954 2169 solio

393 2214 607 2275 sedens,
639 2220 693 2265 ct
730 2220 963 2266 creator.
996 2208 1159 2280 Atqui
1182 2208 1225 2263 si
1258 2220 1357 2277 per
1401 2206 1518 2261 htec
1562 2204 1732 2259 multo
1778 2202 1958 2259 excel-

393 2300 591 2353 lentior
613 2300 816 2368 angelis
864 2308 1138 2366 censetur,
1184 2294 1536 2352 excellentior
1584 2296 1749 2349 etiam
1789 2293 1958 2363 ipsius

394 2393 499 2445 erit
534 2391 927 2447 administratio
960 2404 1119 2460 quam
1145 2389 1377 2444 illorum.
1424 2385 1559 2443 Cum
1592 2400 1720 2442 vero
1757 2385 1954 2440 dicitur

396 2480 568 2535 factus
595 2495 736 2543 esse,
764 2496 869 2535 non
904 2481 1046 2551 quod
1080 2494 1145 2535 ex
1190 2478 1359 2533 nihilo
1405 2476 1470 2531 ad
1512 2490 1631 2531 esse
1676 2475 1959 2529 traductus

394 2571 467 2625 sit
504 2570 840 2641 signiﬁcatur
867 2572 1023 2642 (erat
1050 2578 1195 2625 enim
1233 2565 1465 2622 Verbum
1489 2566 1541 2620 in
1566 2564 1831 2633 principio
1864 2563 1959 2633 ⁸⁸),

396 2676 571 2731 neque
621 2663 762 2730 quod
798 2662 828 2715 a
869 2662 1075 2715 minore
1106 2661 1159 2715 in
1204 2661 1379 2730 majus
1412 2664 1651 2714 mutatus
1690 2658 1761 2711 sit
1814 2654 1961 2726 (per-

395 2754 571 2807 fectus
626 2754 770 2808 enim
805 2762 886 2807 est
937 2752 1108 2807 Filius
1149 2766 1215 2805 ex
1258 2751 1501 2821 perfecto
1572 2745 1822 2817 Patre),
1864 2745 1959 2800 sed

396 2842 536 2908 quod
562 2842 725 2896 veluti
749 2857 813 2897 ex
834 2838 1236 2910 comparatione
1259 2839 1443 2909 gloria
1472 2847 1526 2894 et
1543 2834 1826 2907 dignitatis
1848 2848 1961 2887 ma-

390 2934 479 2999 ius
501 2946 551 2988 ei
570 2934 728 3010 201
758 2935 933 2990 minus
955 2942 1230 3004 appareat.
1275 2930 1741 2999 Quemadmodum
1770 2928 1815 2982 si
1837 2926 1961 2997 quis

396 3024 667 3081 hominem
705 3040 846 3096 equo
878 3026 1141 3091 conferat,
1164 3025 1324 3085 dicat
1353 3022 1512 3078 abeo
1558 3022 1648 3090 qui
1676 3019 1961 3074 aestimarit

395 3116 666 3172 hominem
696 3118 1127 3187 praestantiorem
1168 3116 1391 3178 factum,
1446 3113 1573 3183 quia
1622 3114 1692 3166 sit
1732 3110 1961 3165 rationis

393 3213 681 3281 particeps.
731 3209 865 3269 Nam
898 3208 1040 3279 quod
1071 3208 1172 3262 hoc
1199 3205 1420 3260 verbum
1447 3205 1563 3271 fieri
1615 3217 1717 3257 non
1747 3215 1961 3268 semper

398 3315 608 3358 natura:
654 3303 1005 3357 mutationem
1063 3297 1355 3367 signiﬁcet,
1400 3294 1746 3350 manifestum
1800 3291 1959 3345 fuerit
1987 3270 2028 3328 ο

396 3413 461 3451 ex
498 3397 697 3450 Davide
727 3395 939 3448 dicente
969 3392 1034 3448 ad
1069 3391 1235 3447 Deum
1268 3408 1281 3446 :
1312 3407 1331 3439 ι
1364 3387 1488 3443 Fias
1518 3387 1645 3440 mihi
1699 3386 1750 3439 in
1799 3384 1961 3437 Deum

395 3498 761 3558 protectorem
790 3486 873 3553 “;
905 3504 922 3537 ι
948 3494 1001 3539 et
1043 3498 1256 3538 rursum
1281 3496 1296 3535 :
1336 3500 1354 3534 ι
1379 3480 1673 3535 Factuscst
1702 3478 1830 3531 mihi
1855 3477 1961 3531 Do-

396 3580 573 3632 minus
599 3579 649 3632 iu
674 3577 902 3633 salutem
928 3576 1009 3640 3";
1047 3594 1065 3627 ι
1096 3584 1149 3628 et
1180 3567 1251 3628 τ’(
1278 3572 1475 3627 Factus
1500 3580 1583 3626 est
1614 3570 1741 3625 mihi
1777 3568 1959 3623 Domi-

395 3686 495 3724 nus
530 3671 582 3723 iu
636 3669 899 3737 refugium
942 3668 1010 3720 ⁸⁸.
1062 3687 1078 3720 ι
1134 3662 1639 3721 Administrationis
1684 3663 1849 3733 igitur
1900 3671 1956 3716 et

395 3759 599 3829 gloriae,
637 3774 740 3813 non
767 3768 975 3816 natura
1015 3760 1067 3814 in
1111 3757 1247 3813 Filio
1302 3757 1366 3813 ad
1410 3754 1634 3827 angelos
1676 3767 1957 3825 compara-

394 3852 468 3905 tio
495 3852 571 3904 lit.

397 4052 650 4121 Excutpla
684 4053 870 4121 quibus
901 4051 1201 4104 declaratur
1236 4065 1407 4121 vocem
1435 4049 1591 4109 hanc,
1630 4044 1886 4121 emetiar,
1935 4062 1953 4095 ι

465 4126 520 4177 in
553 4114 707 4176 sacra
739 4119 1012 4189 Scriptura
1042 4121 1202 4174 etiam
1234 4121 1296 4173 de
1326 4120 1389 4172 iis
1421 4133 1539 4188 qua
1562 4115 1785 4189 multum
1823 4114 1959 4166 inter

466 4209 519 4246 se
550 4193 767 4254 distant,
804 4185 893 4243 aut
918 4192 1119 4243 ratione
1154 4200 1378 4251 natura,
1408 4185 1500 4239 aut
1535 4185 1835 4254 dignitatis,
1866 4195 1955 4236 aut

464 4268 743 4316 secundum
780 4277 1078 4314 ntettsuram
1103 4260 1289 4329 gratia
1331 4256 1597 4326 usurpari.

463 4378 731 4444 Quantum
768 4377 833 4431 ad
866 4374 1092 4446 gratiam
1132 4390 1145 4425 :
1190 4390 1207 4424 ι
1246 4371 1433 4426 Melior
1475 4378 1557 4423 est
1601 4368 1715 4421 dies
1770 4382 1871 4418 una
1905 4367 1955 4417 in

394 4470 550 4523 atriis
577 4469 685 4522 tuis
708 4482 870 4537 super
898 4465 1045 4521 mille
1067 4464 1146 4529 '7;
1172 4483 1190 4516 ι
1232 4464 1363 4533 quid
1389 4462 1531 4516 enim
1569 4458 1775 4528 aequale
1806 4458 1959 4512 atriis

393 4561 704 4618 cmlestibus
740 4561 967 4615 inveniri
997 4557 1220 4628 potest?
1250 4556 1519 4629 Quantum
1571 4552 1634 4606 ad
1681 4552 1959 4606 dissimili—

393 4655 629 4709 tudinem
663 4661 913 4707 naturai:
952 4670 969 4703 ι
1007 4650 1250 4719 Accipite
1282 4646 1581 4703 doctrinam
1607 4684 1620 4709 ,
1650 4654 1703 4699 et
1727 4659 1830 4697 non
1868 4658 1957 4697 ar-

390 4756 641 4817 gemunt;
675 4743 866 4797 melior
915 4743 1057 4798 enim
1110 4750 1193 4795 est
1237 4738 1497 4809 sapientia
1547 4751 1708 4807 quam
1753 4735 1957 4803 lapides

389 4835 541 4889 electi
574 4834 639 4886 ⁸⁸.
688 4852 707 4885 ι
747 4831 916 4886 Isaias
967 4831 1031 4885 de
1079 4829 1343 4885 eunuchis
1369 4828 1533 4885 Deum
1574 4830 1840 4882 dicentem
1878 4826 1958 4879 in-

389 4927 580 4993 ducit;
615 4946 635 4979 ι
674 4924 819 4980 Dabo
856 4926 937 4978 eis
972 4938 1167 4977 nomen
1210 4931 1493 4988 aeternum,
1528 4924 1670 4992 quod
1713 4928 1795 4975 est
1850 4933 1961 4971 nte-

391 5019 493 5071 lius
522 5033 683 5086 quam
717 5016 810 5071 lilii
855 5026 909 5071 et
954 5016 1077 5070 lilia:
1112 5014 1180 5069 ⁸³.
1215 5033 1234 5067 ι
1272 5012 1461 5069 Melius
1496 5014 1697 5082 itaque,
1749 5027 1855 5065 non
1892 5010 1957 5063 de

389 5108 579 5177 quavis
610 5107 933 5172 dill‘erentia,
968 5107 1063 5162 sed
1106 5107 1172 5163 de
1209 5121 1403 5177 magna
1441 5114 1497 5161 et
1546 5088 1953 5173 incomparabili

390 5212 759 5270 D-‘cpenumero
793 5200 1107 5256 excellentia
1139 5200 1357 5256 dicitur.

694 5315 927 5383 ALIUD,
954 5316 1011 5372 in
1042 5318 1279 5371 eamdem
1302 5317 1637 5371 sententiam.

460 5429 657 5485 Beatus
710 5430 911 5485 Paulus
959 5445 1115 5485 suum
1177 5430 1345 5499 ipsius
1397 5430 1599 5486 dictum
1656 5429 1951 5501 explicans,

389 5521 931 5591 manifestissimeque
952 5523 1243 5593 ostendens
1268 5522 1521 5590 quidnam
1540 5522 1760 5587 sithoc,
1792 5543 1809 5574 ι
1844 5522 1955 5577 Me-

388 5613 492 5666 lior
528 5613 703 5667 factus
755 5613 957 5683 angelis
984 5614 1068 5679 ⁸ο,
1124 5632 1139 5662 ι
1182 5613 1247 5667 ad
1291 5627 1351 5667 ea
1404 5627 1523 5681 quze
1567 5613 1707 5668 dixit
1740 5613 1903 5668 infert
1940 5635 1949 5667 :

459 5791 503 5819 "‘
528 5789 687 5843 llcbr.
720 5807 756 5854 I,
788 5790 897 5842 l-5.
976 5790 1018 5819 ⁸³
1047 5788 1200 5842 Juau.
1226 5806 1259 5843 t.
1300 5794 1345 5841 l.
1426 5789 1469 5817 ""
1492 5787 1634 5844 Psal.
1668 5806 1792 5847 xxx.
1831 5792 1882 5845 5.

390 5860 476 5918 Η.
551 5860 593 5889 ’³³
627 5859 782 5918 Prov.
812 5874 927 5925 VIII,
962 5860 1043 5924 l0,
1088 5860 1165 5915 ll.
1244 5861 1286 5890 ⁸³
1324 5862 1424 5915 lsa.
1457 5875 1559 5927 ινι,
1595 5861 1646 5911 εί.

1960 5794 2002 5824 ⁸³
2034 5792 2171 5845 i’sztl.
2203 5810 2367 5853 ::\\'Il.
2396 5797 2486 5851 εδ.

1726 5864 1769 5891 ²⁸⁰
1806 5861 1962 5915 Hebr.
1996 5881 2031 5927 ι,
2078 5866 2117 5916 i.

2058 2020 2238 2074 τοίνυν
2258 2021 2501 2092 περιθείς
2623 2021 2737 2091 Υίῷ
2758 2020 2856 2092 τὴν
2874 2021 3057 2087 δόξαν,
3088 2023 3185 2076 καὶ
3215 2022 3285 2077 τὰ
3310 2023 3410 2093 τῆς
3428 2022 3651 2091 φύσεως

2059 2110 2152 2164 τοῦ
2186 2112 2399 2183 Πατρὸς
2432 2112 2542 2165 ἴδια
2577 2110 2864 2183 προσάψας
2900 2110 3073 2183 αὐτῷ,
3119 2113 3241 2167 τότε
3287 2114 3420 2184 φησι
3460 2112 3651 2183 κρείτ-

2059 2218 2187 2258 τονα
2206 2201 2458 2270 γενέσθαι
2480 2202 2588 2256 τῶν
2616 2202 2887 2273 ἀγγέλων,
2908 2204 3019 2275 ὅσῳ
3041 2204 3135 2257 καὶ
3163 2203 3349 2275 μεῖζον
3374 2205 3483 2274 ἔχει
3510 2205 3651 2275 παρ’

2060 2294 2304 2359 ἐκείνους
2352 2295 2414 2351 τδ
2463 2296 2657 2366 ὄνομα,
2718 2296 2793 2361 ὼς
2842 2296 2973 2360 Υἱὸς
3012 2296 3103 2349 καὶ⁸
3161 2297 3516 2368 κληρονόμος,
3548 2295 3652 2350 καὶ

2060 2388 2424 2459 ἀπαύγασμα,
2446 2390 2539 2443 καὶ
2560 2389 2867 2461 χαρακτὴρ,
2892 2390 2989 2443 καὶ
3008 2388 3191 2455 εἰκὼν,
3214 2390 3307 2443 καὶ
3326 2390 3647 2459 ὀμόθρονος,

2060 2482 2153 2535 καὶ
2186 2483 2435 2553 ποιητής.
2466 2483 2530 2535 El
2560 2482 2616 2535 δὲ
2646 2481 2780 2535 πολὺ
2811 2481 3079 2552 κρείττων
3119 2482 3215 2534 καὶ
3241 2479 3650 2552 διαφορώτερος

2060 2571 2169 2625 τῶν
2195 2571 2445 2641 ἀγγέλων
2474 2571 2562 2626 διὰ
2580 2571 2753 2627 ταῦτα
2798 2575 3021 2638 νοεῖται,
3054 2572 3322 2643 κρείττων
3346 2572 3454 2641 ἄρα
3483 2572 3576 2625 καὶ
3608 2572 3649 2642 ἡ

2060 2663 2224 2717 αὐτοῦ
2257 2664 2355 2734 τῆς
2385 2664 2609 2719 ἐκείνων
2637 2665 2935 2729 διακονίας.
2968 2665 3235 2736 Σημαίνοι
3262 2665 3306 2718 δ’
3334 2664 3399 2719 ἂν
3420 2665 3652 2728 εἰκότως

2061 2755 2249 2809 ἐνθάδε
2275 2756 2337 2810 τὸ
2369 2775 2389 2808 ι
2415 2756 2657 2826 γέγονεν,
2686 2776 2704 2810 ι
2733 2758 2795 2812 ού
2822 2759 2921 2829 τὴν
2958 2761 3023 2811 ὲκ
3056 2757 3148 2812 τοῦ
3178 2756 3252 2828 μὴ
3276 2757 3428 2821 ὄντος
3468 2759 3547 2821 είς
3584 2755 3653 2811 τδ

2061 2841 2202 2901 εἶναι
2234 2849 2575 2921 παραγωγὴν
2603 2846 2703 2922 (ἦν
2727 2850 2836 2920 γάρ
2866 2850 2895 2903 ὁ
2924 2849 3098 2919 Λόγος
3153 2852 3210 2904 ὲν
3254 2849 3430 2921 ἀρχῇ)
3455 2888 3470 2912 ,
3522 2847 3650 2901 οὐδὲ

2058 2938 2159 3009 τὴν
2181 2937 2241 3003 ἐξ
2261 2939 2541 3005 ἐλάττονος
2565 2940 2643 3005 εῐς
2667 2960 2720 2995 τι
2748 2942 2930 3013 μεῖζον
2950 2941 3251 3015 μεταϐολὴν
3278 2947 3294 3007 (
3312 2940 3512 3003 τέλειος
3533 2939 3651 3010 γὰρ

2062 3031 2127 3084 ὲκ
2156 3031 2363 3085 τελείου
2393 3034 2606 3104 Πατρὺς
2637 3033 2883 3105 ὑπῆρχεν
2908 3036 2937 3089 ὁ
2967 3034 3118 3106 Υἱὸς)
3145 3076 3159 3098 ,
3216 3032 3332 3088 ἀλλ’
3365 3031 3554 3101 ῶσπερ
3585 3032 3650 3083 ὲν

2064 3119 2345 3194 συγκρίσει
2370 3124 2529 3195 δόξης
2557 3126 2651 3179 καὶ
2699 3126 3011 3197 ἀξιώματος
3030 3127 3091 3180 τὸ
3129 3124 3313 3198 μεῖζον
3337 3125 3432 3178 καὶ
3464 3125 3651 3194 κρεῖτ-

2060 3232 2151 3267 τον
2184 3214 2369 3284 ὀφθίν.
2394 3215 2601 3287 ’Ὠσπερ
2629 3216 2696 3271 ἂν
2718 3217 2771 3270 εἴ
2796 3236 2880 3281 τις
2912 3218 3196 3291 ἄνθρωπος
3224 3217 3378 3287 ἵππῳ
3417 3214 3650 3285 συγκρί-

2064 3320 2226 3367 νοιτο,
2261 3305 2353 3357 καὶ
2379 3303 2590 3373 λέγοιτο
2638 3306 2901 3377 κρείττων
2944 3307 3110 3361 αὐτοῦ
3130 3305 3459 3376 γεγενῆσθαι
3493 3303 3651 3373 παρά

2063 3398 2177 3461 τοῖς
2198 3396 2551 3467 δοκιμάζουσι
2605 3396 2693 3451 διά
2718 3398 2778 3452 τὸ
2828 3396 2967 3452 εἶναι
3016 3398 3256 3467 λογικόν.
3284 3399 3407 3452 Ὀτι
3432 3396 3545 3467 γὰρ
3584 3396 3650 3450 τὸ

2062 3490 2343 3558 γενέσθαι
2373 3490 2435 3542 οὐ
2458 3492 2675 3555 πάντως
2723 3492 2941 3559 φύσεως
2993 3490 3250 3562 σημαίνει
3307 3488 3645 3560 μεταίτολὴν,

2064 3578 2332 3649 πρόδηλον
2360 3579 2513 3633 ἔσται
2541 3579 2629 3633 διὰ
2649 3579 2743 3633 τοῦ
2772 3579 3019 3650 λέγοντος
3049 3581 3187 3650 πρὸς
3225 3579 3380 3643 Θεὸν,
3426 3598 3444 3629 ι
3479 3578 3646 3631 Γενοῦ

2065 3687 2153 3740 μοι
2183 3672 2262 3731 εἰς
2288 3670 2421 3724 Θεὸν
2446 3671 2883 3742 ύπερασπιστήν·
2915 3690 2934 3723 ι
2967 3671 3064 3725 καὶ
3106 3670 3291 3727 πάλινο
3328 3689 3346 3722 ι
3397 3667 3650 3736 Ἐγένετό

2065 3776 2155 3830 μοι
2184 3759 2387 3830 Κύριος
2449 3763 2529 3825 εἰς
2565 3761 2910 3832 καταφυγήν⁸
2945 3780 2963 3813 ι
3024 3757 3139 3826 καὶ,
3190 3780 3209 3814 t
3256 3758 3503 3828 Ἐγένετό
3552 3775 3648 3829 μοι

2063 3849 2265 3921 Κύριος
2294 3852 2372 3905 είς
2423 3853 2716 3924 σωτηρίαν.
2754 3872 2773 3906 ι
2826 3854 3113 3917 Διακονίας
3158 3854 3266 3925 ἄρα
3308 3855 3404 3908 καὶ
3445 3851 3645 3923 δόξης,

2064 3941 2156 3994 καὶ
2183 3942 2244 3994 ού
2268 3942 2499 4012 φύσεως,
2528 3944 2605 4016 τῷ
2636 3944 2749 4015 Υίῷ
2776 3944 2911 4016 πρὸς
2949 3945 3214 4014 ἀγγέλους
3246 3948 3279 4016 ἡ
3308 3946 3619 4014 σύγκρισις.

2061 4053 2396 4126 Παράθεσις
2409 4053 2611 4122 ῥητῶν
2629 4056 3019 4125 σημαίνουσα
3048 4056 3135 4111 ὅτι
3160 4056 3279 4117 τὸ,‹
3300 4058 3605 4126 κρείττων,
3621 4075 3640 4109 ι

2130 4125 2168 4190 ’ἠ
2205 4125 2333 4179 θεία
2367 4126 2578 4195 Γραφὴ
2617 4128 2717 4180 καὶ
2744 4126 2984 4180 ἐπὶτῶν
3013 4128 3171 4180 πολὺ
3198 4125 3641 4194 διεστηκότων,

2132 4195 2349 4265 ἤκατά
2388 4195 2495 4248 τὸν
2530 4195 2642 4261 τῆς
2698 4199 2941 4264 φύσεως
2999 4200 3205 4265 λόγον,
3262 4198 3473 4261 ἣκατίι
3526 4197 3642 4265 τὴν

2135 4264 2315 4327 ἀξίαν
2337 4266 2599 4333 τίθησιν,
2627 4266 2663 4335 ἢ
2697 4270 2847 4320 κατὰ
2878 4268 2943 4321 τὸ
2981 4264 3202 4337 μέτρον
3229 4266 3339 4335 τῆς
3376 4264 3641 4337 χάριτος.

2136 4380 2297 4433 Ὅσον
2356 4382 2435 4443 εἰς
2463 4381 2561 4454 τὴν
2607 4382 2794 4455 χάριν·
2831 4402 2849 4435 ι
2889 4385 3176 4455 Κρείσσων
3211 4386 3396 4457 ἡμέρα
3448 4385 3545 4456 μία
3582 4389 3644 4439 ὲν

2061 4472 2181 4534 ταῖς
2212 4472 2402 4535 αὐλαῖς
2427 4490 2519 4525 σου
2561 4474 2700 4543 ὑπὲρ
2731 4474 2996 4544 χιλιάδας·
3025 4496 3042 4528 ι
3097 4476 3150 4528 τί
3186 4478 3296 4548 γάρ
3351 4477 3463 4531 ἴσον
3492 4477 3646 4531 ἔσται

2062 4562 2169 4615 τῶν
2197 4562 2373 4616 αὐλῶν
2401 4565 2509 4618 τῶν
2539 4564 2715 4618 οὐσῶν
2738 4567 2795 4618 ὲν
2817 4570 2930 4630 τοῖς
2952 4568 3230 4637 ούρανοῖς;
3260 4568 3353 4631 Εἰς
3392 4568 3649 4636 ἀνομοιόο

2063 4671 2201 4723 τητα
2231 4653 2464 4722 φύσεωςο
2506 4674 2523 4705 ι
2562 4656 2767 4709 Λάϐετε
2803 4658 3041 4722 παιδίαν,
3070 4658 3163 4709 καὶ
3217 4657 3291 4728 μὴ
3343 4659 3605 4729 ἀργύριον
3630 4676 3644 4688 ο

2062 4746 2331 4816 κρείσσων
2353 4747 2461 4817 γὰρ
2490 4747 2650 4815 σοφία
2672 4747 2838 4801 λίθων
2870 4748 3162 4803 ἐκλεκτῶν.
3208 4770 3225 4801 ι
3263 4751 3492 4814 Ἡσαΐας
3515 4752 3648 4822 περὶ

2060 4837 2167 4890 τῶν
2224 4837 2494 4908 εὐνούχων
2556 4840 2799 4911 εἰσφέρει
2838 4840 3065 4909 λέγοντα
3129 4842 3281 4895 Θεόν·
3320 4862 3337 4894 ι
3372 4843 3647 4913 Κρεῖσσον

2062 4928 2193 4981 υἱῶν
2217 4932 2309 4983 καὶ
2358 4930 2673 5001 Θυγατέρων
2721 4932 2891 5003 ὄνομα
2935 4933 3156 4987 αἰώνιον
3197 4933 3355 4988 δώσω
3382 4937 3584 4999 αὐτοῖς.
3620 4955 3640 4989 ι

2063 5022 2271 5076 Οὐκοῦν
2306 5023 2365 5075 τὸ
2405 5026 2678 5094 κρεῖσσον,
2728 5026 2826 5079 οὐκ
2867 5028 2959 5079 ἐπὶ
3011 5029 3108 5099 τῆς
3150 5027 3419 5098 τυχούσης
3457 5031 3646 5099 διαφο-

2067 5114 2185 5181 ρᾶς,
2218 5114 2353 5167 ἀλλὰ
2375 5115 2469 5167 καὶ
2498 5116 2591 5169 ἐπὶ
2617 5118 2859 5189 μεγάλης
2894 5119 2986 5171 καὶ
3023 5121 3356 5190 ἀσυγκρίτου
3384 5122 3646 5189 πολλάκις

2067 5205 2335 5276 ὑπεροχῆς
2364 5208 2632 5261 τάττεται.

2546 5322 2749 5385 ΑΛΛΟ,
2773 5325 2852 5389 εἱς
2883 5324 2950 5379 τὸ
2977 5328 3144 5379 αὐτό.

2162 5430 2609 5501 Επεξηγούμενος
2664 5434 2760 5506 τὴν
2823 5436 3032 5491 οἰκείαν
3072 5440 3254 5513 φωνὴν
3303 5445 3329 5495 ὀ
3371 5444 3645 5515 μακάριος

2059 5521 2289 5585 Παῦλος,
2310 5524 2401 5575 καὶ
2434 5526 2743 5593 σαφέστατα
2766 5527 3116 5597 δεικνύων,τί
3138 5532 3257 5585 ἐστι
3278 5534 3357 5598 τὸ,
3395 5555 3414 5587 ι
3446 5538 3645 5606 Κρείτ-

2059 5631 2165 5667 των
2199 5614 2489 5681 γενόμενος
2517 5616 2624 5670 τῶν
2661 5619 2929 5687 ἀγγέλων,
2966 5641 2981 5671 ι
3035 5624 3287 5696 ἐπιφέρει
3350 5631 3463 5691 τοῖς
3495 5630 3646 5702 εἰρη-

2566 5797 2608 5828 “⁶
2632 5796 2773 5853 I‘sal.
2804 5816 2958 5867 scut,
2980 5802 3066 5857 2'2.
3145 5805 3187 5837 ⁸⁷
3224 5805 3368 5861 Psal.
3399 5822 3642 5879 Lxxxttt,
