3968 6486
304 482 399 534 διι

1727 480 2165 540 THESAURUS.

3483 474 3590 528 διε

305 597 552 664 μένοις(
591 593 705 648 Τίνι
740 596 856 667 γὰρ
900 593 1024 650 εῐπὲ
1064 616 1194 652 ποτε
1221 599 1330 652 τῶν
1379 599 1647 668 ἀγγέλων
1700 598 1887 653 Κάθου

2011 615 2015 646 ι
2057 595 2157 650 Cui
2196 593 2339 648 enim
2387 606 2624 660 unquam
2649 589 3137 663 angelorumdixit
3174 607 3188 642 :
3221 585 3362 642 Sede
3391 600 3420 640 a
3455 588 3590 641 dex-

301 691 369 742 ἆκ
399 685 587 750 δεξιῶν
617 705 753 758 μους
797 707 818 741 ι
857 693 954 744 καὶ
986 692 1067 745 ὅτι
1115 691 1356 762 περὶτοῦ
1393 690 1524 745 Υίοῦ
1553 690 1889 762 γέγραπταιο

307 797 324 826 ι
355 778 465 830 Καὶ
492 780 1031 851 προσκυνησάτωσαν
1058 781 1205 852 αὐτῷ
1232 782 1430 846 πάντες
1449 782 1670 852 ἄγγελοι
1695 783 1854 838 Θεοῦ.
1871 803 1888 836 ι

302 867 361 920 El
405 868 462 921 δὲ
486 870 639 939 ὁτῆς
677 872 1025 943 συγκρίσεως
1054 873 1246 941 λόγος,
1287 874 1348 927 τὸ
1403 875 1502 946 μὲν
1540 876 1616 939 ὡς
1661 875 1895 944 συγκαθ-

301 959 562 1030 εζόμενον
580 960 658 1032 τῷ
671 963 848 1034 Πατρὶ
872 965 965 1016 καὶ
986 965 1458 1036 προσκυνούμενον
1479 966 1746 1038 εἰσφέρει,
1767 969 1895 1030 τοὺς

296 1049 354 1102 δὲ
385 1049 462 1114 ὡς
492 1054 915 1124 παρεστηκότας
959 1071 1017 1107 τε
1049 1056 1142 1108 καὶ
1176 1060 1499 1128 προσκυνεῖν
1529 1058 1894 1130 ἐπιτεταγμέ-

298 1142 574 1210 von-gain
599 1145 692 1196 ἐπὶ
719 1146 816 1215 τῆς
844 1145 1033 1200 οὐσίας
1081 1146 1233 1201 ἔσται
1275 1149 1491 1212 πάντως
1534 1149 1617 1210 τὸ,
1659 1169 1676 1200 ι
1712 1149 1894 1220 κρείτ-

297 1250 433 1286 των
472 1253 493 1286 ι
536 1235 652 1287 ἀλλ’
698 1237 755 1286 ὲν
782 1239 894 1298 τοῖς
933 1239 1062 1308 περὶ
1100 1237 1197 1310 τὴν
1238 1240 1428 1292 οὐσίαν
1470 1239 1749 1310 ἀξιώμασι
1797 1241 1894 1294 καὶ

298 1326 426 1387 ταῖς
451 1325 652 1390 ἔξωθεν
703 1327 804 1395 τῆς
840 1327 1056 1396 φύσεως
1089 1332 1297 1399 τιμαῖς.
1350 1329 1560 1384 Οὐκοῦν
1604 1331 1703 1400 οὐχ
1750 1329 1809 1382 ἓν
1840 1348 1893 1383 τι

297 1417 414 1469 τῶν
432 1418 680 1486 γενητῶν
704 1421 732 1471 ὁ
766 1419 917 1484 Υἱὸς,
951 1421 1066 1473 ἀλλ’
1094 1421 1283 1493 ἕτερόν
1306 1441 1356 1476 τι
1384 1424 1534 1493 παρά
1554 1424 1748 1486 ταῦτα,
1770 1441 1895 1477 του-

299 1507 475 1572 τέστι,
509 1509 679 1576 Λόγος
717 1508 846 1573 ἴδιος
876 1510 972 1563 τοῦ
1001 1512 1236 1583 Πατρός.

804 1623 1010 1687 ΑΛΛΟ,
1030 1624 1117 1689 εἰς
1144 1623 1206 1676 τὸ
1231 1624 1394 1677 αὐτό.

376 1732 452 1788 Τὸ
490 1753 509 1786 ι
551 1737 796 1806 γέγονεν,
818 1758 835 1789 ι
881 1739 970 1792 ὅτε
999 1740 1158 1808 μόνον
1186 1741 1279 1793 καὶ⁵
1309 1741 1430 1794 καθ’
1465 1742 1627 1795 ἑαυτὸ
1653 1742 1894 1811 λέγεται,

299 1825 564 1898 σημαίνει
595 1829 779 1884 πολλάο
810 1831 905 1884 καὶ
936 1833 999 1884 ού
1030 1833 1250 1896 πάντως
1280 1833 1636 1898 ύποστάσεὼς
1659 1836 1776 1887 ἐστι
1804 1834 1897 1905 δη-

2004 687 2105 741 tris
2143 687 2276 740 meis
2300 685 2388 740 "'3
2420 705 2438 737 ι
2473 694 2527 739 ει
2557 685 2702 754 quod
2734 686 2800 738 de
2845 682 2984 737 Filio
3023 681 3285 750 scriptum
3325 689 3410 734 est
3437 696 3452 731 :
3484 695 3503 729 ι
3524 677 3592 732 Ει

2003 780 2230 834 adorent
2258 793 2380 832 eum
2415 791 2605 832 omnes
2635 775 2814 844 angeli
2848 776 2940 830 Dei
2963 774 3034 827 ".
3087 792 3106 825 ι
3157 771 3216 827 Si
3260 784 3390 825 vero
3435 783 3589 824 com-

2002 871 2305 942 parationis
2332 870 2473 924 ratio
2514 870 2630 924 btec
2655 876 2761 933 est,
2785 876 2846 921 ut
2885 867 3032 921 hunc
3074 864 3294 934 qttidem
3343 859 3590 915 assiden-

2004 975 2110 1020 tem
2142 963 2290 1018 Patri
2314 972 2368 1018 et
2403 963 2692 1017 adoratum
2719 960 2965 1024 inducat,
3005 957 3129 1013 illos
3173 969 3304 1011 vero
3351 956 3591 1009 circum-

2002 1067 2208 1113 stantes
2233 1065 2287 1112 et
2315 1056 2549 1110 adorare
2578 1054 2767 1122 iussos
2795 1069 2810 1107 :
2837 1059 2986 1107 certe
3016 1049 3171 1113 illud,
3228 1065 3248 1099 ι
3285 1045 3480 1101 melior
3505 1086 3521 1110 ,
3568 1062 3587 1096 ι

2002 1163 2111 1202 non
2153 1147 2218 1201 de
2244 1144 2489 1201 essentia
2520 1144 2735 1198 dicetur
2762 1181 2778 1206 ,
2830 1138 2924 1197 sed
2969 1139 3034 1194 de
3081 1137 3436 1205 dignitatibus
3472 1149 3594 1204 quae

2002 1239 2321 1295 substantiae
2357 1237 2633 1300 accidunt,
2685 1237 2858 1305 deque
2892 1231 3222 1288 extrinsecis
3256 1239 3464 1283 naturae
3489 1228 3590 1284 bo-

2003 1331 2248 1387 noribus.
2283 1328 2404 1385 Non
2429 1338 2512 1383 est
2541 1328 2708 1398 igitur
2757 1340 2900 1380 unus
2935 1338 3005 1380 ex
3030 1323 3235 1378 creatis
3261 1320 3457 1387 Filius,
3498 1322 3593 1375 sed

2003 1421 2278 1476 diversum
2300 1418 2580 1490 quidpiam
2603 1417 2671 1475 ab
2694 1416 2781 1482 iis,
2812 1416 2917 1475 hoc
2935 1413 3328 1484 est,pr0prium
3357 1410 3592 1466 Verbum

2002 1512 2202 1568 Patris.

2535 1623 2770 1690 ALIUD,
2801 1623 2860 1678 in
2886 1623 3050 1677 idem.

2080 1757 2098 1789 ‹
2123 1737 2324 1792 Factus
2356 1745 2444 1791 est
2469 1780 2483 1802 ,
2531 1753 2552 1788 ι
2581 1737 2800 1806 quando
2822 1735 3020 1800 solum,
3045 1747 3112 1787 ac
3145 1747 3242 1802 per
3273 1746 3334 1786 se
3364 1728 3591 1794 dicitur,

2005 1834 2173 1888 multa
2219 1832 2531 1902 signiﬁcat;
2579 1846 2760 1901 neque
2797 1830 2850 1884 in
2899 1829 3221 1883 universum
3257 1823 3595 1896 bypostasim

297 1919 552 1985 λωτικὸν,
612 1921 726 1975 ἀλλ’
754 1924 882 1977 ὅταν
911 1922 1060 1994 αύτῷ
1097 1939 1157 1976 τι
1191 1923 1552 1995 συνάπτηται,
1598 1923 1719 1978 τότε
1758 1943 1897 1994 γνω-

2011 1927 2230 1981 denotat
2284 1925 2426 1980 :sed
2474 1940 2598 1986 cum
2646 1923 2722 1978 illi
2769 1921 2978 1992 aliquid
3024 1919 3422 1997 coniungitur,
3479 1925 3595 1970 tum

303 2011 416 2078 ριεῖ
441 2011 542 2082 τὴν
569 2011 690 2066 καθ’
710 2007 771 2067 οὗ
796 2017 1184 2085 κατηγορεῖται
1212 2014 1464 2085 δύναμιν·
1495 2009 1630 2083 οἷον,
1652 2016 1786 2087 φέρε
1810 2017 1892 2070 εί-

300 2102 452 2165 πείν,
489 2101 682 2170 γέγονὲ
716 2121 800 2168 τις
826 2103 1034 2169 τέκτων
1067 2105 1099 2176 ἢ
1141 2105 1400 2170 λιθοξόος,
1446 2106 1506 2159 οὐ
1554 2108 1772 2172 πάντως
1802 2109 1895 2163 ἄν·

298 2194 532 2264 θρωπος
567 2195 654 2250 ἵνα
695 2196 788 2248 καὶ
823 2196 1050 2251 τέκτων·
1088 2196 1206 2251 ἀλλ’
1242 2197 1542 2270 ἐπειδήπερ
1582 2199 1891 2270 ἄνθρωπος,

301 2285 500 2352 γέγονε
530 2285 765 2348 τέκτων,
820 2291 921 2360 τῆς
964 2289 1159 2360 τέχνης
1179 2289 1256 2344 ῶν
1285 2290 1554 2357 δεκτικὸς,
1609 2296 1702 2347 καὶ
1752 2295 1895 2350 κατὰ

303 2374 476 2446 μόνης
498 2376 688 2430 ἐνθάδε
713 2379 813 2448 τῆς
842 2381 1153 2451 ἐπιστήμης
1186 2383 1427 2453 χωρήσει
1455 2383 1517 2436 τὸ
1553 2402 1572 2435 ι
1611 2385 1890 2453 γέγονεν,»

300 2467 365 2518 οὐ
403 2467 623 2531 πάντως
651 2469 794 2522 κατά
818 2471 918 2540 τῆς
948 2471 1297 2535 ὑποστάσεως
1332 2472 1365 2543 ἦ
1421 2474 1522 2544 τῆς
1546 2476 1625 2539 είς
1658 2476 1719 2528 τὸ
1758 2474 1895 2530 εῖναι

302 2561 670 2631 παραγωγῆς.
723 2561 934 2615 Οὐκοῦν
981 2565 1029 2616 εί
1065 2563 1278 2632 λέγοιτο
1337 2566 1574 2636 Χριστὸς
1634 2568 1898 2639 κρείττων

299 2649 636 2719 γεγενῆσθαι
689 2651 798 2704 τῶν
837 2653 1106 2721 ἀγγέλων,
1149 2655 1211 2708 οὐ
1265 2657 1395 2724 περὶ
1423 2656 1514 2709 τὸν
1551 2657 1650 2728 τῆς
1682 2657 1896 2727 φύσεως

298 2737 465 2804 λόγον
524 2739 638 2809 ἔχει
687 2741 786 2812 τήν
841 2742 1164 2816 σύγκρισιν,
1213 2744 1350 2799 ἀλλὰ
1404 2751 1533 2818 περὶ
1602 2749 1770 2820 τιμὴν
1804 2751 1899 2804 καὶ

299 2828 545 2900 ἀξίωμα.

770 2927 976 2990 ΑΛΛΟ,
1025 2929 1112 2994 εἰς
1157 2931 1223 2982 τὸ
1270 2931 1435 2985 αὐτό.

385 3055 404 3086 ι
434 3035 691 3109 Τοσούτῳ
712 3039 978 3109 κρείττων
999 3041 1290 3110 γενόμενος
1312 3043 1422 3094 τῶν
1450 3043 1718 3111 ἀγγέλων.
1762 3063 1780 3096 ι
1827 3045 1902 3098 Τὸ

306 3145 329 3178 ι
365 3127 591 3196 γέγονεν
628 3150 646 3182 ι
695 3133 744 3184 εἰ
789 3133 883 3184 καὶ
930 3133 1071 3186 κατὰ
1130 3133 1231 3203 τῆς
1288 3136 1474 3198 οὐσίας
1519 3135 1764 3189 τάττοιτο
1806 3136 1900 3190 τοῦ

303 3217 463 3281 Υἱοῦ,
496 3220 653 3274 οὐδὲν
679 3220 849 3292 αὐτὴν
873 3222 1121 3293 ἀδικήσει
1161 3224 1259 3294 τῆς
1314 3225 1512 3290 λέξεως
1552 3228 1585 3297 ἡ
1633 3226 1861 3298 δύναμις
1886 3270 1900 3294 ,

1997 2021 2115 2090 ejus
2138 2021 2206 2075 de
2235 2035 2343 2090 quo
2383 2019 2714 2089 przedicatur
2743 2019 2850 2072 vim
2883 2026 3053 2087 atque
3104 2015 3368 2086 virtutem
3412 2009 3595 2067 declao

1997 2123 2081 2168 rat
2112 2132 2126 2168 :
2159 2123 2236 2179 ut,
2267 2111 2499 2181 exempli
2536 2111 2735 2182 gratia,
2759 2110 2934 2164 factus
2966 2116 3050 2164 est
3077 2105 3274 2174 aliquis
3301 2104 3473 2168 faber,
3510 2101 3595 2156 vel

1996 2207 2326 2260 statuarius:
2359 2218 2464 2258 non
2501 2203 2553 2258 in
2581 2202 2892 2258 universum
2922 2201 3084 2255 homo
3121 2208 3181 2254 ut
3203 2205 3257 2252 et
3288 2195 3474 2262 faber;
3500 2196 3594 2252 sed

1996 2298 2213 2366 quando
2235 2300 2394 2351 homo
2425 2295 2599 2350 factus
2624 2303 2708 2350 est
2731 2293 2906 2360 faber,
2929 2294 3063 2347 artis
3089 2305 3260 2361 capax
3292 2290 3591 2354 exsistens,

1998 2391 2067 2445 de
2109 2389 2221 2445 sola
2262 2389 2490 2445 scientia
2533 2387 2734 2442 dicitur
2777 2386 2930 2451 illud,
2961 2385 3124 2455 202
3164 2401 3182 2435 ι
3210 2382 3385 2437 factus
3425 2390 3529 2447 est,
3571 2400 3590 2432 ι

2000 2495 2105 2535 ιιοη
2152 2489 2332 2536 autem
2369 2479 2437 2534 de
2482 2479 2649 2550 ipsius
2696 2477 3003 2548 bypostasi,
3027 2485 3122 2530 aut
3155 2475 3221 2530 de
3254 2473 3596 2530 traductione

1999 2571 2066 2624 ad
2108 2586 2250 2628 esse.
2296 2569 2561 2639 Quocirca
2601 2568 2646 2623 si
2697 2568 2909 2623 dicatur
2955 2566 3208 2620 Christus
3251 2562 3428 2618 factus
3475 2576 3597 2617 esse

2002 2661 2192 2715 melior
2220 2659 2445 2731 angelis,
2469 2657 2804 2728 comparatio
2835 2657 2950 2712 bac
2988 2655 3054 2710 ad
3087 2653 3353 2712 rationem
3387 2661 3596 2707 natura:

2004 2752 2284 2808 referenda
2310 2767 2416 2807 non
2441 2760 2549 2819 est,
2576 2752 2670 2807 sed
2702 2751 2769 2806 ad
2805 2750 3070 2807 honorem
3097 2758 3152 2803 et
3179 2746 3518 2818 dignitatem.

2534 2907 2768 2974 ALIUD,
2789 2910 2847 2964 in
2870 2907 3030 2961 idem.

2079 3047 2098 3079 ι
2131 3025 2307 3081 Tanto
2339 3025 2514 3081 factus
2547 3034 2629 3081 est
2667 3024 2860 3080 melior
2888 3022 3122 3093 angelis.
3168 3042 3186 3076 ι
3218 3021 3274 3076 ln
3309 3020 3414 3076 hoc
3443 3019 3597 3075 dicto

2004 3119 2050 3174 si
2085 3133 2189 3172 vox
2227 3118 2346 3173 haee
2377 3137 2396 3170 ‹
2436 3117 2613 3172 factus
2647 3125 2772 3182 est,
2837 3133 2855 3166 ο
2897 3115 2964 3168 ad
3012 3113 3305 3169 essentiam
3341 3111 3464 3167 Filii
3511 3126 3599 3166 re-

2008 3208 2216 3264 feratur
2242 3250 2257 3274 ,
2293 3208 2428 3263 nihil
2461 3207 2537 3262 illi
2573 3205 2773 3262 oﬂieiet
2810 3204 2973 3276 hujus
3015 3204 3166 3260 vocis
3194 3205 3298 3270 vis,
3357 3218 3479 3272 qua:
3516 3203 3602 3257 in-

303 3309 621 3381 ἁδιαφόρως
648 3307 914 3382 κειμένης
945 3313 1204 3378 πολλάκις
1234 3319 1374 3369 κατὰ
1397 3317 1502 3368 τῶν
1524 3294 1899 3388 γεννωμένων.

2011 3303 2327 3359 diﬂerenter
2367 3315 2746 3370 saepenumero
2780 3302 2845 3355 de
2897 3299 3099 3369 genitis
3142 3299 3382 3368 ponitur.
3433 3297 3598 3365 Atqui

318 3401 451 3455 Ἐπὶ
468 3404 567 3472 μὲν
595 3400 690 3457 οὖν
716 3404 825 3457 τῶν
852 3405 1023 3470 ὄντως
1052 3407 1354 3476 γινομένων
1401 3411 1495 3461 καὶ
1527 3411 1867 3480 ποιουμένων
1888 3455 1902 3477 ,

303 3498 416 3550 οὐκ
442 3496 507 3550 ἄν
531 3514 613 3560 τις
640 3497 908 3561 ἐπιδείξαι
952 3499 1013 3552 τὸ
1069 3498 1364 3568 γεννᾶσθαι
1411 3501 1664 3571 κείμενον
1697 3503 1904 3574 κυρίως

307 3589 407 3642 καὶ
444 3589 586 3641 κατὰ
608 3588 791 3658 φύσιψ
819 3590 901 3643 ὅτι
933 3590 1038 3643 κᾶν
1082 3591 1420 3662 γεννώμενον
1459 3593 1739 3664 φαίνηται,
1791 3596 1906 3666 ἔχει

308 3679 420 3749 πρὸ
455 3681 648 3734 ἑαυτοῦ
673 3681 732 3734 τὸ
759 3682 1092 3753 πεποιῆσθαι
1137 3683 1291 3754 παρὰ
1317 3683 1411 3737 τοῦ
1439 3687 1751 3750 κτίσαντος.
1780 3683 1906 3742 Οἷον

305 3771 601 3841 ἄνθρωπος
637 3775 894 3842 γεννᾶται
935 3775 1068 3844 μὲν,
1126 3776 1419 3845 πεποίηται
1464 3777 1544 3840 δὲ,
1587 3778 1680 3831 καὶ
1715 3778 1906 3850 κύριον

307 3863 484 3919 αὑτοῦ
512 3864 669 3918 τοῦτο
701 3865 900 3934 μᾶλλον
927 3866 960 3936 ἢ
985 3865 1047 3918 τὺ
1066 3865 1338 3936 δεύτερον.
1370 3868 1433 3920 Εἰ
1466 3869 1522 3921 δὲ
1551 3870 1643 3921 καὶ
1665 3869 1907 3938 λέγοιντό

308 3975 458 4021 τινες
492 3957 579 4010 διὰ
607 3957 699 4010 τοῦ
726 3956 1042 4028 Πνεύματος
1070 3958 1450 4028 γεγεννῆσθαι,
1481 3959 1619 4014 ἀλλὰ
1642 3963 1736 4014 καὶ
1759 3954 1905 4018 οὗτοι

311 4047 457 4120 πρὸς
495 4049 726 4118 μίμησιν
776 4047 867 4100 τοῦ
911 4047 1127 4118 ἀληθῶς
1179 4050 1533 4120 γεννηθέντος
1581 4052 1645 4104 ὲκ
1690 4054 1906 4125 Πατρὸς

305 4139 453 4196 θεοῦ
485 4141 681 4207 Λόγου,
710 4141 806 4192 καὶ
832 4140 930 4192 οὐκ
964 4139 1071 4204 ἔξω
1118 4140 1213 4193 τοῦ
1241 4141 1572 4210 πεποιῆσθαι
1604 4146 1906 4214 τυγχάνου-

310 4250 421 4288 σινο
448 4231 589 4285 ὥστε
630 4232 691 4284 τὸ
740 4232 839 4302 τῆς
892 4233 1196 4302 γεννήσεως
1242 4232 1414 4302 ὄνομα
1449 4236 1908 4307 καταχρηστικῶς

308 4328 382 4379 ἂν
411 4325 501 4394 εἴη
558 4323 820 4396 μᾶλλονῆ
857 4324 1100 4392 φυσικῶς
1153 4326 1210 4377 ὲν
1259 4327 1370 4388 τοῖς
1424 4328 1692 4397 γενητοῖς.
1748 4327 1821 4381 Τὸ
1848 4329 1905 4382 δὲ

311 4417 600 4488 γεννηθὲν,
640 4417 745 4470 κᾶν
775 4416 1028 4484 γενέσθαι
1068 4417 1318 4488 λέγηται,
1359 4417 1514 4470 οὐδὲν
1557 4419 1817 4488 ὑπομένει
1846 4421 1906 4474 τὸ

314 4511 538 4584 βλάϐος,
573 4511 974 4582 ἀδιαφορούσης
1013 4513 1140 4583 περὶ
1167 4510 1324 4564 τοῦτο
1353 4512 1450 4580 τῆς
1489 4511 1636 4576 θείας
1661 4514 1902 4584 Γραφῆς.

2008 3396 2074 3450 de
2108 3395 2173 3448 iis
2198 3409 2320 3462 qua:
2347 3409 2406 3448 re
2437 3408 2562 3447 vera
2607 3391 2748 3446 facta
2797 3399 2948 3451 sunt,
2985 3403 3148 3444 neruo
3190 3396 3339 3443 certe
3380 3385 3602 3458 proprie

2008 3504 2074 3544 ac
2123 3486 2445 3543 naturaliter
2485 3485 2588 3540 dici
2641 3484 2891 3540 OSIendet
2931 3482 3222 3554 generari;
3280 3481 3406 3552 quia
3465 3489 3603 3535 tam-

2005 3582 2106 3636 etsi
2142 3587 2456 3651 generatum
2481 3584 2763 3645 appareat,
2796 3575 2959 3630 habet
2990 3583 3171 3630 tamen
3204 3561 3328 3628 ante
3358 3585 3418 3627 se
3450 3577 3597 3641 quod

2008 3671 2210 3727 factum
2247 3673 2316 3726 sit
2351 3686 2378 3724 a
2411 3669 2693 3724 Creatore.
2729 3665 3206 3735 Quemadmodum
3241 3665 3405 3719 homo
3429 3678 3599 3733 genec

2010 3775 2160 3819 ratur
2188 3764 2426 3830 quidem,
2467 3763 2640 3816 factus
2672 3769 2850 3814 tamen
2879 3765 2964 3813 est
2997 3774 3010 3810 :
3046 3763 3211 3825 atque
3242 3754 3348 3811 ltoc
3377 3755 3598 3825 quidem

2008 3855 2088 3909 illi
2127 3853 2300 3921 magis
2350 3850 2633 3921 proprium
2665 3858 2794 3913 est,
2847 3861 3013 3917 quam
3072 3845 3224 3900 illud.
3274 3844 3333 3899 Si
3357 3859 3486 3899 vero
3520 3845 3601 3898 di-

2008 3942 2204 3999 cantur
2255 3941 2499 3996 nonnulli
2545 3955 2645 4010 per
2696 3939 2960 4010 Spiritum
3015 3937 3186 4009 geniti
3212 3951 3334 3992 esse
3373 3937 3514 3991 :sed
3545 3946 3603 3993 et

2009 4036 2064 4090 bi
2098 4036 2164 4090 ad
2197 4035 2556 4090 imitationem
2595 4033 2782 4097 Verbi,
2825 4030 2968 4100 quod
3019 4044 3145 4085 vero
3187 4044 3254 4084 ex
3301 4028 3463 4083 Patre
3508 4042 3602 4098 ge-

2008 4129 2182 4185 nitum
2211 4135 2319 4194 est,
2363 4127 2438 4180 ita
2470 4135 2740 4181 vocantur
2773 4142 2787 4178 :
2821 4121 2948 4179 facti
2987 4132 3168 4176 tamen
3209 4135 3331 4176 esse
3361 4135 3466 4174 non
3508 4121 3603 4176 de-

2008 4220 2234 4285 sinunt;
2277 4219 2533 4288 quocirca
2575 4216 2943 4289 generationis
2979 4227 3175 4268 nomen
3226 4213 3452 4268 abusive
3500 4227 3602 4277 po-

2011 4315 2118 4369 tius
2146 4327 2307 4382 quam
2336 4310 2556 4381 proprie
2583 4311 2652 4364 de
2679 4309 2746 4364 iis
2773 4325 2893 4380 qua:
2913 4307 3055 4362 facta
3098 4313 3250 4370 sunt,
3277 4314 3599 4374 usurpatur.

2008 4405 2258 4462 Genitum
2292 4419 2442 4468 vero,
2491 4403 2708 4458 tametsi
2762 4402 2975 4458 dicatur
3011 4399 3214 4454 factum
3260 4413 3416 4464 esse,
3468 4398 3603 4454 nihil

2011 4500 2195 4554 damni
2236 4499 2362 4552 inde
2413 4496 2669 4568 percipit,
2705 4510 2830 4550 cum
2884 4509 3041 4548 sacra
3098 4493 3385 4561 Scriptura
3435 4490 3601 4546 indif-
3669 4525 3672 4528 -

311 4583 482 4671 Λέγει
512 4598 622 4671 γὰρ
645 4603 726 4655 ὃτι
758 4601 1008 4670 ἐγένοντο
1043 4599 1122 4671 τῷ
1167 4597 1286 4653 Ἰὼϐ
1311 4601 1420 4653 uio‘t
1440 4600 1578 4653 ἑπτὰ
1619 4583 1714 4656 καὶ
1743 4583 1899 4670 Θυγα-

2011 4590 2252 4646 ferenter
2291 4606 2356 4646 eo
2403 4599 2612 4644 utatur.
2650 4588 2792 4642 Dicit
2837 4586 2982 4656 quod
3037 4584 3164 4641 facti
3197 4585 3306 4639 sint
3346 4583 3451 4639 Job
3505 4583 3602 4638 filii

309 4695 478 4762 τέρες
503 4695 672 4764 τρεῖς,
700 4694 809 4747 Καὶ
833 4692 1010 4747 πάλινο
1054 4711 1072 4743 ι
1096 4689 1203 4745 Ἦν
1247 4692 1501 4764 Ἀϐραὰμ
1543 4695 1737 4747 ἑκατὸν
1764 4696 1899 4749 ἐτῶν

2012 4695 2242 4752 septem,
2275 4693 2329 4738 et
2359 4682 2484 4736 filiae
2518 4691 2628 4736 tres
2665 4680 2730 4734 ”.
2760 4679 2891 4733 ltem
2925 4694 2940 4732 :
2979 4696 2998 4730 ι
3036 4677 3462 4732 EratAbraham
3512 4690 3605 4730 an-

309 4788 404 4840 ὅτε
434 4784 653 4850 ἐγένετο
699 4782 847 4851 αύτῴ
907 4781 1090 4836 Ἰσαὰκ
1137 4784 1165 4835 ὁ
1205 4782 1320 4843 υίὸς
1367 4782 1551 4838 αὐτοῦ.
1596 4803 1615 4836 ι
1655 4784 1797 4838 Bias
1841 4787 1902 4839 τὸ

309 4872 657 4944 γεννώμενον
716 4872 970 4940 γενέσθαι
1033 4873 1250 4940 λέγεται
1299 4875 1390 4942 καὶ
1441 4875 1527 4926 ἐπ’
1572 4874 1899 4947 ἀνθρώπων,

312 4965 681 5035 ἁδιαφορείτω
709 4982 791 5027 τις
819 4963 978 5017 τοῦτο
1029 4964 1244 5018 ἀκούων
1296 4966 1390 5018 καὶ
1431 4967 1561 5036 περὶ
1599 4967 1694 5019 τοῦ
1743 4967 1899 5022 Tini}.

333 5059 460 5112 Ἐπὶ
482 5058 538 5110 δὲ
572 5058 682 5110 τῶν
705 5056 950 5126 γενητῶν
977 5057 1076 5109 οὐκ
1136 5056 1488 5127 ἀδιαφορήσει
1525 5057 1614 5112 διὰ
1641 5059 1732 5112 τὸν
1763 5077 1899 5130 προ-

315 5148 706 5219 αποδιδομένον
719 5147 897 5216 λόγον.

1002 5350 1208 5403 AAAO.

523 5470 624 5534 Εἷς
653 5468 718 5521 τὸ
739 5465 922 5536 ξαὺτὸ,
947 5466 1027 5530 ὡς
1051 5465 1120 5518 ἐκ
1159 5460 1278 5518 τῶν
1301 5463 1375 5518 δι’
1399 5465 1696 5522 ἐναντίας.

391 5579 720 5650 Γέγραπται,
749 5580 906 5650 φησὶ,
927 5581 1054 5650 περὶ
1078 5578 1234 5643 Υἱοῦ,
1272 5578 1353 5633 ὅτι
1397 5598 1415 5630 ‹
1451 5579 1703 5650 Τοσούτῳ
1727 5580 1907 5652 κρείτ-

317 5692 429 5728 των
458 5675 741 5745 γενόμενος
762 5673 872 5727 τῶν
901 5673 1174 5742 ἀγγέλων.
1216 5692 1232 5724 ι
1282 5672 1505 5744 Ἐπειδὴ
1552 5673 1611 5727 δὲ
1656 5672 1906 5742 φιλοῦσιν

320 5764 380 5817 αἱ
409 5767 729 5838 συγκρίσεις
758 5765 846 5820 ἀεὶ
869 5763 1113 5833 γίνεσθαι
1144 5764 1274 5834 περὶ
1305 5764 1374 5816 τὰ
1398 5763 1618 5834 ὁμοειδῆ
1639 5761 1780 5832 (οὐδὲ
1801 5764 1911 5834 γὰρ

385 5925 425 5954 θ·
457 5925 609 5986 llebr.
646 5945 682 5994 ι,
870 5922 913 5950 θ’
943 5922 1072 5978 una.
1117 5926 1167 5977 6.

2015 4790 2208 4827 norunt
2259 4783 2476 4829 centum
2520 4771 2740 4842 quando
2794 4768 2972 4823 factus
3025 4777 3110 4822 est
3152 4769 3198 4823 ei
3265 4767 3416 4823 lsaac
3461 4764 3604 4822 filius

2013 4867 2132 4936 ejus
2161 4868 2229 4922 ".
2275 4886 2293 4918 ι
2335 4868 2389 4923 Si
2423 4881 2550 4920 vero
2581 4866 2722 4935 quod
2759 4855 3077 4934 generatum
3115 4873 3219 4926 est,
3249 4859 3453 4914 factum
3481 4873 3603 4914 esse

2011 4961 2208 5015 dicitur
2232 4962 2394 5014 etiam
2433 4959 2486 5014 in
2519 4958 2855 5021 hominibus,
2891 4955 3268 5010 indiﬂerenter
3303 4956 3406 5008 hoc
3429 4951 3598 5007 etiam

2010 5054 2266 5122 accipiat,
2311 5054 2356 5107 si
2396 5052 2519 5122 quis
2566 5055 2633 5108 de
2681 5051 2819 5106 Filio
2871 5051 2921 5105 id
2955 5049 3061 5104 dici
3107 5049 3368 5103 audierit.
3421 5048 3495 5102 De
3539 5049 3604 5104 iis

2018 5151 2196 5199 autem
2229 5161 2350 5215 qua:
2391 5145 2529 5198 facta
2585 5153 2733 5209 sunt,
2772 5158 2876 5196 non
2921 5142 3048 5197 item
3092 5139 3468 5196 iudiﬂ‘ercnter
3513 5155 3606 5197 ac-

2013 5239 2198 5309 cipiet,
2241 5239 2309 5293 ob
2341 5240 2606 5292 rationem
2633 5238 2746 5306 jam
2781 5236 3005 5292 dictam.

2685 5349 2919 5406 ALIUD.

2206 5464 2272 5519 In
2302 5466 2478 5531 idem,
2535 5480 2597 5520 ea:
2655 5464 2949 5534 objectione
3000 5461 3393 5516 Itwreticorum.

2083 5579 2355 5648 Scriptum
2380 5586 2487 5643 est,
2539 5576 2814 5647 inquiunt,
2853 5576 2922 5631 de
2955 5573 3113 5638 Filio,
3164 5574 3332 5644 quod,
3378 5588 3396 5621 ι
3447 5578 3600 5624 tanto

2013 5670 2207 5726 melior
2233 5669 2413 5726 factus
2449 5670 2518 5726 sit
2548 5669 2776 5740 angelis.
2815 5687 2833 5719 ι
2881 5667 3016 5723 Cum
3068 5680 3201 5721 vero
3233 5661 3604 5733 comparatio-

2022 5779 2118 5820 nes
2167 5779 2382 5833 semper
2451 5763 2567 5820 fieri
2621 5761 2832 5818 soleant
2893 5763 3036 5816 inter
3082 5773 3145 5814 ea
3195 5773 3315 5828 quae
3358 5752 3603 5825 ejusdem

1251 5924 1295 5953 -”
1334 5922 1434 5978 Job
1467 5939 1503 5988 ι,
1541 5923 1594 5975 *2.
1670 5924 1714 5955 οδ
1754 5923 1888 5979 Gen.
1929 5938 2044 5991 ut,
2077 5925 2131 5978 ϐ.
