3968 6464
481 433 585 493 343

1476 442 1535 500 s.
1575 443 1846 500 cvntLLt
1887 424 2343 500 Atexa'lvumm
2387 446 2703 502 AltCllllﬂP.

3615 449 3727 506 ΒΑΗ

481 565 607 612 sunt
640 557 834 626 speciei
868 557 1064 626 (neque
1094 556 1239 612 cnim
1272 559 1537 629 quispiam
1590 572 1738 616 recte
1768 561 2023 616 hominen

2146 561 2212 615 ἂν
2240 579 2324 625 τις
2346 562 2581 632 εὐλόγως
2611 566 2762 637 ἵππῳ
2790 566 3079 634 συγκρῖναι
3112 565 3203 619 τὸν
3225 566 3510 637 ἄνθρωπον
3534 566 3567 635 ἢ
3600 565 3727 618 κυνὶ

482 662 623 717 equo
651 647 961 707 contulerit.
998 658 1091 702 aut
1121 664 1274 703 ovem
1301 652 1443 718 cani,
1501 652 1593 706 sed
1627 652 1899 707 hominem
1938 652 2037 705 hn-

482 737 719 791 ntiuihus
746 777 761 800 ,
800 746 855 791 ει
902 753 1055 792 ovem
1091 741 1177 794 ονί
1206 739 1247 810 ).
1300 744 1671 797 necessarium
1702 742 1926 798 omnino
1957 752 2042 795 est

482 842 541 881 ιιι
572 829 770 884 factum
801 845 919 883 esse
956 830 1147 884 Filium
1196 831 1485 897 fateamur,
1530 849 1655 889 cum
1684 844 2035 906 comparetur

479 918 706 988 angelis,
731 935 957 988 quorum
992 931 1179 973 natura
1218 920 1355 976 facta
1384 932 1487 977 cst.

968 1028 1181 1084 Salutio
1211 1030 1533 1099 objectiont’s.

547 1142 733 1198 Solent
789 1144 1005 1211 quidem
1058 1146 1495 1212 comparationes
1538 1146 1679 1201 inter
1729 1162 1815 1203 res
1856 1150 2037 1216 specie

473 1232 856 1286 convenientes
882 1231 1017 1286 ﬁeri.
1051 1230 1156 1287 Sed
1186 1247 1308 1286 cum
1337 1231 1601 1301 ejusmodi
1632 1236 1774 1290 inter
1801 1250 1857 1289 se
1889 1252 2035 1290 cont-

474 1334 773 1391 parantur,
836 1337 1019 1377 vocem
1070 1322 1234 1388 illam,
1278 1342 1297 1374 t
1352 1322 1543 1379 melior
1589 1345 1607 1376 ι
1652 1340 1759 1379 non
1807 1324 2039 1381 libenter

474 1429 647 1482 neque
682 1414 899 1482 proprie
927 1413 1255 1478 admittunt;
1291 1413 1383 1468 sed
1414 1416 1585 1483 magis
1631 1426 1686 1469 et
1726 1417 1903 1470 minus
1936 1432 2034 1485 po-

473 1507 578 1561 tius
611 1507 690 1560 eis
721 1505 995 1572 convenit,
1030 1515 1122 1559 aut
1149 1521 1259 1574 pra:
1294 1507 1565 1561 interdum
1592 1507 1756 1561 etiam
1794 1509 1916 1577 plus
1966 1508 2034 1563 de

466 1599 549 1653 eis
590 1597 694 1652 dici
731 1614 745 1649 :
801 1597 999 1666 quippe
1033 1612 1151 1667 qua:
1203 1599 1376 1666 magis
1420 1598 1694 1667 propriam
1745 1613 2033 1669 compara-

472 1692 666 1745 tionem
718 1692 951 1746 ostendit
996 1708 1009 1742 :
1059 1692 1128 1745 ita
1160 1688 1369 1760 {Ioseph
1416 1691 1687 1748 formosus
1718 1693 1837 1764 plus
1871 1711 2031 1764 quam

468 1784 664 1836 fratres
696 1785 776 1836 sui
809 1782 1004 1837 dicitur
1031 1784 1096 1834 ".
1129 1781 1293 1837 Stella
1324 1798 1455 1838 vero
1498 1799 1608 1839 non
1644 1785 1804 1859 203
1838 1786 2034 1842 dicitur

2143 654 2203 707 τὸ
2231 656 2517 727 πρόϐατον,
2579 656 2693 710 ἀλλ’
2744 656 3028 729 ἄνθρωπον
3075 656 3175 727 μὲν
3222 656 3629 728 ἀνθρώποις.τδ
3660 654 3723 709 δὲ

2143 743 2411 814 πρόϐατον
2439 744 2519 816 τῷ
2556 745 2859 817 προϐάτῳ),
2889 746 3104 816 ἀνάγκη
3126 747 3275 800 πᾶσα
3316 746 3542 816 γενητὸν
3576 739 3722 798 εἶναι

2144 834 2518 904 συνομολογεῖν
2539 836 2632 889 τὸν
2661 836 2808 902 Υἱδν,
2849 837 2907 900 ὃς
2944 836 3194 906 ἀγγέλοις
3239 835 3585 905 συγκρίνεται
3606 834 3722 896 τοῖς

2138 925 2370 996 γενητὴν
2393 925 2573 997 ἔχουσι
2600 924 2698 997 τὴν
2727 927 2907 995 φύσιν.

2635 1040 2789 1110 Πρὸς
2819 1042 2997 1096 τοῦτο
3017 1042 3216 1107 λύσις.

2206 1153 2422 1208 ⁴ινιλούσι
2444 1154 2541 1225 μὲν
2561 1150 3011 1223 ὁμολογουμένως
3060 1153 3118 1205 ὲν
3166 1153 3278 1211 τοῖς
3326 1147 3629 1220 ὁμοειδέσιν
3658 1146 3723 1199 αἱ

2140 1247 2455 1317 συγκρίσεις
2510 1244 2773 1314 γίνεσθαι.
2825 1245 2962 1298 Ἀλλ’
2998 1245 3129 1297 ὅταν
3183 1243 3249 1296 τὰ
3300 1241 3526 1296 τοιαῦτα
3577 1239 3721 1309 πρὸς

2137 1338 2341 1411 ἄλληλα
2374 1340 2645 1410 κρίνηται,
2680 1338 2740 1391 τὸ
2790 1356 2809 1389 ι
2848 1338 3115 1408 κρείττων
3154 1354 3169 1385 ι
3229 1334 3484 1402 λέγεσθαι
3526 1334 3718 1402 μισεῖ.

2138 1434 2233 1486 καὶ
2260 1432 2358 1486 ούκ
2390 1433 2606 1495 οίκείως
2665 1430 2967 1494 ὲπιδέξεται
3024 1429 3123 1500 τὴν
3150 1428 3353 1498 φωνήν·
3398 1423 3633 1495 ἀρμὸσει
3657 1423 3721 1476 δὲ

2136 1524 2223 1579 ἐπ’
2251 1524 2430 1578 αὐτῶν
2467 1524 2527 1577 τὸ
2562 1523 2763 1593 μᾶλλον
2785 1524 2881 1576 καὶ
2910 1521 2970 1575 τὸ
2996 1516 3178 1593 ἦττον,
3211 1520 3305 1573 κα)⁸
3340 1519 3401 1571 τὸ
3428 1516 3719 1587 διαφερὸνο

2134 1631 2241 1677 τως
2271 1613 2546 1681 λέγεσθαι,
2576 1614 2667 1666 καὶ
2720 1612 2783 1666 τὸ
2827 1611 2989 1665 πλέον
3043 1610 3153 1663 ἔσθ’
3181 1612 3288 1663 ὅτε·
3318 1608 3353 1663 ἃ
3377 1606 3442 1679 δὴ
3492 1608 3585 1659 καὶ
3616 1623 3720 1660 κυ-

2137 1706 2399 1778 ριωτέραν
2458 1706 2692 1760 δεικνύει
2754 1705 2850 1777 τὴν
2900 1704 3221 1776 σύγκρισιν·
3273 1703 3450 1767 οὕτως
3510 1702 3718 1772 Ἰωσὴφ

2134 1799 2332 1869 ὡραῖος
2366 1797 2515 1869 παρά
2543 1797 2666 1860 τοὺς
2696 1795 2977 1867 ἀδελφούς.
3045 1796 3244 1866 Ἀστὴρ
3268 1794 3326 1848 δὲ
3364 1792 3524 1847 πάλιν
3553 1792 3720 1845 aut-

464 1874 656 1928 melior
689 1888 848 1941 quam
880 1873 986 1927 alia
1022 1873 1200 1937 stella,
1228 1875 1322 1929 sed
1381 1874 1662 1931 excellere
1709 1878 1907 1947 gloria.
1949 1877 2023 1932 lta

2134 1902 2227 1953 po;
2264 1886 2325 1938 ού
2359 1884 2645 1954 κρείττων,
2679 1884 2814 1937 ἀλλὰ
2867 1883 3114 1955 διαφέρει
3148 1886 3205 1937 ὲν
3254 1884 3381 1954 δόξῃ
3408 1898 3424 1914 ⁸
3466 1880 3643 1944 οὕτως
3684 1882 3719 1933 ὁ

464 1967 965 2035 δειναιοτηιιαιιάο
1004 1967 1311 2023 hominibus
1358 1976 1417 2021 ut
1461 1968 1624 2025 homo
1653 1981 2024 2038 comparatur,

461 2071 569 2111 non
605 2056 803 2111 dicitur
856 2056 1050 2112 melior
1098 2056 1540 2126 pulchritudine,
1594 2059 1693 2115 sed
1757 2060 2029 2118 formosus

460 2161 572 2216 pra:
601 2146 726 2202 iiliis
753 2146 1031 2203 hominum
1057 2148 1125 2202 “.
1179 2148 1312 2205 Cum
1340 2163 1469 2205 vero
1497 2165 1617 2221 quae
1647 2150 1876 2207 diversa:
1904 2168 2031 2224 spe-

458 2238 720 2294 cieisuut
761 2240 903 2294 inter
925 2254 986 2296 se
1017 2248 1427 2310 comparantur,
1461 2248 1575 2297 tum
1610 2244 1780 2315 magis
1804 2244 2028 2314 proprie

457 2331 679 2393 dicitur.
716 2330 929 2389 melius.
988 2332 1161 2402 Atque
1188 2332 1260 2388 ita
1300 2333 1567 2405 scriptum
1615 2344 1699 2389 est
1742 2351 1756 2388 :
1788 2354 1807 2388 ι
1837 2335 2028 2393 Melior

458 2431 539 2476 est
569 2422 712 2476 enim
745 2423 1011 2490 sapientia
1038 2439 1198 2493 quam
1227 2424 1435 2496 lapides
1450 2427 1677 2497 pretiosi
1698 2428 1765 2485 ".
1802 2448 1822 2482 ι
1857 2430 2020 2498 Qua:-

457 2528 581 2567 nam
612 2513 755 2593 enim
788 2523 872 2570 est
904 2516 1134 2570 societas
1174 2523 1381 2573 natura:
1411 2518 1689 2587 sapientiae
1713 2535 1835 2576 cum
1883 2522 2018 2591 lapi-

459 2605 660 2660 dibus?
695 2604 750 2658 Si
797 2620 932 2675 ergo
980 2608 1317 2676 comparatio
1376 2622 1560 2664 rerum
1611 2613 1793 2681 specie
1828 2628 2026 2668 conve-

458 2695 726 2752 nientium
762 2695 922 2750 aliam
954 2698 1223 2752 rationem
1271 2698 1455 2764 habet,
1509 2699 1577 2765 de
1617 2702 1685 2757 iis
1734 2720 1862 2759 vero
1905 2722 2024 2775 qua:

456 2787 747 2842 secundum
810 2797 1055 2842 naturam
1116 2804 1267 2844 suam
1322 2790 1553 2848 diversa:
1603 2805 1727 2853 sunt
1781 2798 2022 2864 speciei,

455 2878 647 2934 melius
669 2880 867 2934 dicitur
893 2896 909 2934 :
944 2892 1092 2936 certe
1133 2881 1301 2937 Filius
1323 2885 1531 2953 angelis
1544 2885 1740 2942 similis
1764 2902 1871 2943 non
1895 2892 2018 2954 erit,

458 2984 633 3039 neque
667 2970 841 3025 lactus
868 2979 926 3025 ut
959 2971 1057 3038 illi,
1090 2973 1183 3028 sed
1217 2974 1565 3045 hyperbolica
1611 2981 2020 3047 comparatione

458 3064 560 3116 hoc
613 3062 721 3116 ﬁet.
756 3064 934 3132 Atque
951 3077 1014 3118 ea
1059 3064 1174 3135 ipsa
1207 3068 1418 3126 ratione
1439 3084 1548 3139 qua
1581 3071 1779 3127 dicitur
1805 3073 2017 3140 melior,

453 3151 681 3209 diverse
709 3153 885 3223 potius
913 3168 1074 3224 quam
1102 3154 1342 3225 ejusdem
1378 3154 1577 3230 speciei
1606 3178 1729 3219 cum
1782 3164 1863 3219 eis
1889 3167 2013 3223 erit.

976 3265 1208 3332 ALIUD,
1246 3269 1301 3323 in
1336 3270 1491 3327 idem.

525 3374 605 3440 Si,
634 3374 759 3441 quia
784 3388 945 3429 sacra
971 3374 1251 3446 Scriptura
1286 3380 1415 3435 dicit
1446 3400 1458 3437 :
1486 3401 1505 3433 t
1530 3382 1702 3441 Tanto
1730 3388 1917 3444 melior
1944 3388 2022 3444 fa-

453 3473 574 3519 ctus
605 3465 838 3535 angelis,
869 3486 889 3519 ι
929 3467 1167 3537 ejusdem
1199 3472 1396 3538 speciei
1431 3487 1553 3527 cum
1588 3478 1793 3549 angelis
1820 3490 1899 3535 est
1927 3480 2018 3535 Fi-

454 3556 576 3621 lius,
616 3567 801 3626 utp0te
836 3560 921 3614 eis
962 3571 1335 3628 comparatus,
1367 3563 1578 3619 videant
1611 3582 1773 3637 quam
1810 3571 2021 3638 pericu-

453 3648 563 3704 losa
598 3648 719 3705 inde
750 3660 1005 3720 sequatur
1049 3656 1459 3724 consequentia.
1498 3657 1636 3725 Quid
1669 3661 1813 3716 enim
1843 3664 2022 3721 oberit

449 3741 737 3807 quominus
794 3742 903 3797 Deo
948 3743 1191 3800 assidere
1236 3746 1478 3817 angelos,
1525 3764 1741 3820 unaque
1785 3766 1907 3807 cum
1952 3769 2019 3810 eo

452 3844 678 3901 regnare
731 3832 1010 3897 dicamus,
1066 3835 1312 3903 nihilque
1371 3835 1719 3897 excellentius
1770 3843 1823 3897 in
1880 3844 2018 3900 Filio

446 3938 607 3991 quam
641 3924 693 3978 in
746 3925 956 3995 angelis
1000 3927 1162 3982 esse?
1191 3926 1324 3982 Nam
1368 3944 1488 3998 quae
1528 3933 1769 4002 ejusdem
1818 3937 2015 4006 speciei

448 4024 595 4076 sunt,
630 4015 844 4069 tametsi
886 4016 1175 4084 quamdam
1231 4018 1370 4073 inter
1415 4036 1472 4075 se
1513 4020 1875 4080 diﬂ'erentiam
1920 4030 2015 4082 ha-

450 4106 638 4170 beant,
669 4104 907 4172 ejusdem
944 4115 1121 4163 tamen
1156 4120 1282 4164 sunt
1334 4122 1560 4168 naturae.
1600 4114 1710 4170 liae
1742 4117 1884 4171 enim
1932 4134 2017 4173 ra-

451 4195 598 4249 tione
636 4198 797 4250 etiam
827 4196 1067 4267 ejusdem
1099 4201 1295 4270 speciei
1326 4202 1452 4260 sint.
1485 4204 1749 4271 Quocirca
1787 4223 1908 4263 cum
1949 4210 2015 4266 de

448 4283 653 4353 angelis
679 4285 923 4339 dicatur:
948 4304 965 4336 t
997 4285 1224 4344 Faciens
1246 4291 1466 4361 angelos
1487 4308 1612 4349 suos
1640 4297 1863 4365 spiritus
1881 4299 1926 4331 "'
1948 4316 1963 4365 ;
1989 4318 2011 4353 ι

446 4376 511 4427 de
541 4373 674 4428 Filio
702 4385 878 4430 autem
912 4394 925 4429 :
960 4395 977 4428 t
1007 4375 1174 4433 Sedes
1204 4390 1315 4446 tua,
1349 4380 1509 4448 Deus,
1545 4387 1597 4440 in
1622 4387 1877 4443 saxulum
1910 4406 2010 4445 sa:-

445 4465 548 4520 culi
575 4466 651 4533 ";
685 4484 703 4517 ι
742 4476 795 4521 ει
822 4469 1019 4537 angeli,
1045 4469 1200 4539 juxta
1233 4471 1446 4527 illorum
1492 4477 1823 4544 opinionem,
1864 4481 2010 4551 ejus-

442 4556 563 4609 dem
592 4556 705 4610 sint
725 4558 920 4623 speciei
950 4573 1069 4612 cum
1098 4560 1256 4627 Filio,
1285 4564 1409 4632 quia
1442 4566 1693 4621 nimirum
1722 4570 1841 4625 ideo
1866 4574 2008 4641 quod

441 4646 641 4702 dicitur
672 4648 883 4716 melior,
920 4664 1041 4705 cum
1076 4651 1160 4709 eis
1200 4668 1589 4725 comparatur:
1622 4662 1756 4716 nihil
1785 4665 2010 4720 obstite-

445 4738 515 4791 rit
560 4738 853 4807 quominus
895 4741 1055 4796 etiam
1107 4745 1283 4815 angeli
1327 4748 1536 4816 possint
1589 4753 1829 4811 assidere
1868 4756 2009 4822 Deo;

441 4832 657 4885 tametsi
705 4845 863 4886 nemo
888 4847 1076 4889 eorum
1127 4849 1245 4889 eam
1283 4838 1595 4908 dignitatem
1634 4843 1705 4898 sit
1747 4847 2006 4916 adeptus;

440 4920 774 4992 frustraque,
819 4935 875 4977 ιιι
915 4927 1207 4982 verisimile
1252 4938 1359 4993 est,
1407 4930 1602 4989 Paulus
1639 4936 1816 4992 dicit:
1856 4960 1875 4991 ι
1908 4939 2005 4997 Cui

439 5012 583 5065 enim
646 5028 879 5081 unquam
930 5017 1243 5087 angelorum
1302 5021 1487 5078 dixit:
1532 5022 1668 5082 Sede
1715 5046 1745 5084 a
1803 5033 2006 5089 dextris

438 5105 712 5159 meis‘?»
754 5108 860 5161 Aut
924 5112 1191 5177 quomodo
1261 5114 1386 5169 illttd
1444 5126 1692 5185 tanquam
1744 5125 2001 5182 eximium

441 5194 665 5263 largitur
694 5194 849 5262 Filio,
892 5199 933 5252 si
979 5201 1291 5270 angelorum
1336 5221 1549 5276 quoque
1596 5222 1785 5266 natura
1818 5216 1870 5269 id
1901 5218 2001 5274 sibi

2131 1976 2344 2047 Σωτὴρ,
2382 1978 2471 2031 ὅτε
2492 1979 2604 2040 τοῖς
2624 1975 2930 2047 ἀνθρώποις
2983 1976 3059 2040 ὼς
3083 1976 3368 2047 ἄνθρωπος
3418 1974 3713 2044 συγκρίνει

2129 2084 2240 2133 ται,
2275 2065 2336 2120 οὐ
2369 2066 2633 2138 κρείττων
2673 2066 2858 2120 κάλλει
2891 2066 3132 2135 λέγεται.
3156 2067 3272 2120 ἀλλ’
3302 2066 3503 2135 ὡραῖος
3552 2063 3717 2134 παρά

2126 2160 2255 2223 τοὺς
2289 2158 2439 2223 υἱοὺς
2460 2159 2570 2213 τῶν
2594 2156 2916 2230 ἀνθρώπων.
2944 2159 3073 2211 Ὅτε
3095 2157 3153 2212 δὲ
3180 2158 3246 2212 τὰ
3268 2155 3539 2227 ἑτεροειδῆ
3569 2155 3717 2226 πρὸς

2127 2249 2335 2320 ἄλληλα
2379 2250 2479 2322 τὴν
2518 2249 2804 2322 σύγκρισιν
2832 2248 2966 2320 ἔχει,
3022 2248 3144 2303 τότε
3182 2248 3403 2319 λέγεται
3427 2247 3489 2301 τὸ
3525 2249 3719 2319 κρεῖτο

2126 2356 2219 2394 τον
2244 2339 2767 2413 οίκειότερον.,οὖτω
2790 2340 2885 2395 καὶ
2901 2339 3233 2411 γέγραπται*
3256 2338 3576 2410 ιΚρείσσων
3595 2336 3717 2407 γάρ

2130 2433 2290 2503 σοφία
2319 2434 2482 2489 λίθων
2514 2432 2841 2487 πολυτελῶν.
2878 2452 2897 2485 ι
2937 2432 3073 2486 Ποία
3103 2430 3159 2485 δὲ
3202 2429 3468 2494 κοινωνίαξ
3491 2427 3717 2499 φύσεως

2129 2527 2290 2597 σοφίᾳ
2331 2527 2423 2580 καὶ
2475 2525 2679 2593 λίθοιςς
2711 2526 2775 2580 Et
2831 2525 3010 2579 τοίνυν
3040 2525 3230 2595 ἕτερον
3262 2523 3363 2594 μὲν
3402 2522 3515 2593 ἔχει
3535 2520 3716 2575 τύπον

2127 2620 2185 2671 ἐν
2213 2619 2325 2681 τοῖς
2353 2617 2653 2688 ὁμοειδέσιν
2678 2619 2713 2686 ἡ
2742 2615 3054 2688 σύγκρισις,
3081 2616 3176 2670 ἐπὶ
3207 2615 3264 2670 δὲ
3294 2614 3404 2669 τῶν
3436 2614 3716 2685 ἀνομοίων

2126 2708 2269 2762 κατὰ
2287 2710 2386 2781 τὴν
2407 2708 2570 2777 φύσιν
2597 2708 2657 2761 τὸ
2680 2709 2927 2779 κρεῖττον
2951 2706 3226 2771 τάττεται,
3267 2706 3368 2759 οὐκ
3390 2704 3544 2758 ἔσται
3594 2706 3715 2768 τοῖς

2125 2799 2376 2869 ἀγγέλοις
2401 2802 2585 2870 ὅμοιος
2614 2801 2644 2853 6
2676 2799 2823 2864 Υἱὸς,
2856 2799 2977 2853 οὐδὲ
3013 2798 3239 2871 γενητὸς
3261 2797 3453 2869 ὥσπερ
3482 2799 3709 2862 ἐκεῖνοι,

2124 2892 2238 2947 ἀλλ’
2266 2892 2629 2965 ύπερὸολικὴν
2685 2891 2800 2963 ἔχει
2843 2892 2943 2963 τὴν
2987 2891 3298 2962 σύγκρισιν.
3349 2891 3455 2943 Καὶ
3492 2890 3580 2944 διά
3606 2888 3710 2943 τοῦ

2121 2983 2375 3053 λέγεσθαι
2442 2984 2707 3056 κρείττων
2745 3023 2762 3050 ,
2827 2982 3129 3055 ἑτεροειδῆς
3182 2982 3333 3036 ἔσται
3406 2980 3603 3053 μᾶλλον
3672 2980 3708 3052 ἢ

2120 3077 2389 3149 ὁμοειδής.

2592 3274 2798 3342 AAAO,
2837 3275 2923 3342 εις
2961 3275 3026 3329 τὸ
3064 3256 3235 3330 am.

2197 3391 2259 3445 El
2289 3388 2377 3445 διὰ
2402 3390 2463 3443 τὸ
2486 3388 2666 3457 λέγειν
2689 3389 2791 3460 τὴν
2820 3388 3044 3461 Γραφὴν
3065 3427 3080 3453 ,
3113 3407 3131 3441 t
3156 3388 3408 3460 Τοσούτῳ
3437 3389 3707 3461 κρείττων

2122 3480 2412 3551 γενόμενος
2440 3481 2550 3535 τῶν
2584 3481 2849 3551 ἀγγέλων,
2884 3499 2902 3532 ι
2937 3480 3188 3553 ὁμοειδὴς
3215 3483 3368 3537 ἔσται
3390 3486 3503 3547 τοῖς
3535 3484 3706 3554 ἀγγὲο

2119 3572 2232 3636 λοις
2278 3575 2308 3627 ὁ
2356 3574 2482 3637 Υίδς
2520 3573 2593 3636 ὡς
2628 3573 2765 3644 πρὸς
2805 3573 3003 3637 αὐτοὺς
3048 3572 3186 3644 ἔχων
3237 3573 3337 3646 τὴν
3387 3575 3703 3647 σύγκρισιν,

2118 3663 2403 3736 ὁράτωσαν
2436 3667 2528 3719 ποῖ
2558 3682 2690 3719 ποτε
2723 3667 2753 3719 6
2782 3665 2939 3734 λόγος
2970 3666 3155 3731 αὐτοῖς
3193 3667 3705 3740 κινδυνεύσει.”Ωρα

2117 3755 2228 3827 γάρ
2258 3755 2539 3828 ὁμολογεῖν
2568 3758 2663 3811 καὶ
2694 3756 3132 3829 συγκαθεσθῆναι
3180 3757 3439 3813 δύνασθαι
3468 3759 3567 3830 τῷ-
3579 3759 3705 3833 Θεῷ

2114 3848 2241 3910 τοὺς
2268 3846 2533 3917 ἀγγέλους
2572 3849 2666 3903 καὶ
2713 3847 3131 3919 συμϐασιλεύειν
3167 3849 3315 3921 αὐτῷ
3337 3868 3351 3881 ”
3385 3850 3480 3906 καλ⁵
3505 3850 3569 3905 τὸ
3596 3868 3701 3905 πε-

2120 3938 2298 4011 ριττὸν
2326 3939 2476 3993 οὐδὲν
2514 3940 2573 3993 ιν
2611 3940 2726 4011 Υίῷ
2751 3942 2882 4013 παρ’
2916 3942 3179 4007 ὲκείνους.
3200 3943 3281 3998 Τά
3309 3942 3420 4015 γὰρ
3442 3944 3701 4015 ἀλλήλοις

2114 4029 2360 4099 ὁμοειδῆ,
2398 4029 2499 4083 κᾶν
2537 4030 2637 4102 ἔχῃ
2683 4030 2807 4084 τινά
2853 4032 2990 4103 πρὸς
3038 4033 3243 4105 ἄλληλα
3280 4036 3379 4105 τὴν
3407 4035 3697 4108 διαφορὰν,

2114 4119 2251 4174 ἀλλά
2273 4120 2373 4192 τῆς
2405 4122 2575 4193 αὐτῆς
2603 4124 2785 4195 ἔχεται
2812 4124 3046 4194 φύσεως.
3064 4125 3221 4180 Οὕτω
3249 4126 3357 4197 γάρ
3385 4127 3451 4179 ἂν
3487 4128 3572 4198 είη
3598 4129 3701 4183 καὶ

2111 4214 2351 4286 ὁμοειδῆ.
2382 4214 2588 4271 Οὐκοῦν
2629 4216 2930 4288 ἐπειδήπερ
2960 4218 3090 4288 περὶ
3127 4223 3229 4288 μὲν
3261 4218 3507 4288 ἀγγέλων
3542 4219 3701 4287 λίγε-

2109 4321 2234 4359 ταν
2293 4305 2391 4359 «Ὀ
2436 4307 2607 4361 ποιῶν
2650 4324 2775 4373 τους
2822 4309 3090 4378 ἀγγέλους
3127 4308 3291 4364 αὑτοῦ
3328 4308 3634 4381 πνεύματα,
3672 4332 3691 4363 ι

2111 4392 2241 4464 περὶ
2288 4392 2346 4446 δὲ
2376 4393 2471 4448 τοῦ
2501 4394 2664 4449 Υίοΰθ
2699 4414 2718 4448 ι
2740 4395 2801 4451 ⁸0
2835 4396 3024 4469 θρόνος
3066 4416 3184 4464 σου,
3220 4401 3249 4453 6
3294 4400 3450 4465 Θεὸς,
3486 4404 3569 4464 είς
3601 4402 3698 4456 τὸν

2109 4482 2284 4540 αἰῶνα
2309 4485 2401 4538 τοῦ
2436 4487 2654 4555 αἰῶνος,
2687 4506 2706 4539 ι
2751 4489 3015 4559 ὁμοειδεῖς
3039 4491 3095 4545 δὲ
3119 4490 3339 4561 ἄγγελοι
3370 4492 3465 4545 καὶ
3502 4496 3530 4546 6
3562 4494 3694 4559 Υίὺς

2044 4576 2232 4661 υκατ’
2265 4576 2525 4643 ἐκείνους,
2555 4578 2644 4637 διὰ
2690 4580 2753 4634 τὸ
2799 4580 2936 4651 πρὸς
2979 4582 3179 4648 αὐτοὺς
3223 4586 3281 4639 ὲν
3323 4584 3402 4657 τῷ
3432 4586 3693 4655 λέγεσθαι

2113 4664 2375 4735 κρείττων
2410 4667 2555 4737 ἔχειν
2601 4668 2703 4740 τὴν
2749 4669 3060 4738 σύγκρισιν
3096 4671 3250 4726 οὐδὲν
3300 4673 3408 4745 ἄρα
3452 4675 3693 4730 κωλύσει

2111 4757 2204 4813 καὶ
2246 4758 2515 4827 ἀγγέλους
2557 4759 2817 4815 δύνασθαι
2871 4762 3303 4836 συγκαθεσθῆναι
3349 4765 3426 4837 τῷ
3466 4766 3607 4839 Θεῷ,
3640 4771 3693 4822 εἰ

2111 4847 2206 4905 καὶ
2227 4852 2301 4920 μή
2329 4869 2412 4914 τις
2434 4852 2614 4905 αὐτῶν
2636 4852 2841 4926 ἠξιώθη
2867 4854 2962 4911 τοῦ
2987 4855 3331 4928 πράγματος.
3349 4859 3462 4913 Καὶ
3484 4859 3689 4932 μάτην,

2110 4940 2186 5004 ὼς
2211 4942 2379 5009 είκὸς,
2408 4944 2438 4995 6
2465 4943 2677 5008 Παῦλος
2705 4944 2854 5013 λέγει
2878 4964 2891 4977 ο
2926 4965 2946 5000 t
2972 4946 3090 5001 Τίνι
3127 4949 3235 5020 γὰρ
3265 4945 3384 5003 εἶπέ
3416 4968 3544 5006 ποτε
3578 4953 3691 5009 τῶν

2108 5032 2355 5102 ἀγγέλων
2374 5052 2385 5062 ·
2410 5034 2595 5088 Κάθου
2618 5040 2681 5090 ὲκ
2703 5036 2891 5101 δεξιῶν
2922 5056 3055 5109 μους
3084 5041 3185 5094 ιἮ
3212 5040 3330 5105 πῶς
3352 5041 3508 5096 τοῦτο
3531 5045 3690 5100 δίδω-

2114 5141 2196 5178 σιν
2222 5125 2297 5188 ὡς
2318 5126 2595 5199 ἐξαίρετον
2617 5129 2695 5200 τῷ
2719 5130 2852 5201 Υίῷ,
2881 5131 3145 5204 ἑλκούσης
3169 5132 3301 5187 αὐτὸ
3328 5135 3464 5205 πρὸς
3484 5137 3689 5209 ἑαυτὴν

2111 5216 2204 5269 καὶ
2236 5217 2334 5288 τῆς
2367 5218 2474 5271 τῶν
2512 5221 2761 5289 ἀγγέλων
2795 5222 3032 5292 φύσεως,
3066 5226 3224 5298 εἴπερ
3255 5225 3393 5280 είσὶν
3421 5229 3690 5298 ὁμοειδεῖς

437 5287 695 5353 vindicat,
742 5289 1007 5357 siquidem
1044 5292 1281 5359 ejusdem
1323 5307 1447 5350 sunt
1491 5314 1613 5353 cum
1651 5316 1715 5355 eo
1764 5306 2003 5371 speciei?

2127 5308 2240 5379 πρὸς
2272 5287 2466 5375 αύτὸν;
2500 5287 2670 5365 Κοινά
2711 5287 2819 5386 γὶρ
2862 5287 3032 5370 ἅπασι
3080 5287 3203 5381 τοῖς.
3233 5287 3502 5391 ὁμοειδέσι
3528 5322 3596 5377 τὰ
3626 5287 3689 5379 ὲν

435 5375 625 5431 Omnia
667 5379 809 5432 cuitu
848 5382 1005 5436 unius
1036 5394 1235 5439 natura:
1265 5389 1545 5453 attributa,
1596 5406 1715 5445 cum
1749 5395 1998 5453 omnibus

438 5464 661 5487 ,-:-,-J,_o
701 5471 839 5487 ,ραις
879 5472 889 5482 ο
1029 5484 1038 5487 -
1325 5481 1336 5487 -
1419 5480 1453 5487 _
1698 5484 1708 5487 _

2204 5401 2339 5472 αὐτῇ
2376 5402 2535 5471 φύσει
2568 5375 2903 5475 κείμενα.Τά
2925 5409 2982 5462 δὲ
3007 5411 3070 5463 ὲκ
3100 5375 3419 5484 προσθήκης
3447 5375 3686 5487 ὲπισυμζ

433 5464 667 5532 ejusdem
696 5471 892 5537 speciei
920 5484 1044 5526 sunt
1068 5481 1393 5534 communia.
1419 5480 1794 5552 Praerogativa:
1817 5497 1995 5543 autem

2143 5464 2167 5471 ..
2313 5464 2339 5472 ..
2387 5464 2399 5471 _
2659 5464 2671 5475 .
3144 5464 3155 5483 ,
3298 5464 3414 5484 ,ην
3452 5464 3655 5487 nn--."

2127 5490 2358 5545 ἰαίνοντά
2377 5511 2487 5546 τισι
2516 5496 2985 5571 πλεονεκτήματα,
3012 5502 3112 5571 τῆς
3138 5504 3326 5568 οὐσίας
3372 5507 3470 5576 οὐχ
3509 5506 3679 5561 ἄπτε-

434 5571 553 5625 quzc
598 5558 900 5627 adiectione
947 5564 1123 5634 aliqua
1154 5568 1383 5636 cuipiam
1438 5574 1708 5639 accidunt,
1762 5578 1827 5631 ad
1864 5580 1993 5633 sult-

2127 5600 2208 5635 αι.
2244 5578 2369 5637 Οἷον
2404 5587 2503 5656 μία
2539 5590 2635 5659 μὲν
2662 5558 3037 5664 ἁνθρίθποιςΙή
3069 5558 3251 5663 iptio“,
3284 5558 3579 5652 πλουτοῦσι
3605 5558 3679 5653 δὲ

430 5650 677 5704 stantiam
723 5668 826 5708 non
872 5656 1159 5724 pertinent.
1212 5658 1453 5732 Exempli
1482 5667 1673 5737 gratia,
1726 5685 1830 5723 una
1874 5672 1992 5741 qtti-

2132 5675 2159 5726 ύ
2194 5675 2414 5741 πάντες,
2442 5678 2568 5733 οὕτε
2610 5682 2719 5753 μὴν
2745 5683 3121 5752 βασιλεύουσι·
3154 5686 3393 5741 δεκτικοὶ
3434 5689 3489 5741 δὲ
3526 5690 3679 5761 ὅμως

502 5829 694 5885 "Gen.
722 5847 909 5898 xxxix,
947 5834 997 5888 6.
1075 5835 1288 5892 "l'sal.
1325 5843 1543 5904 xt.tv,5.
1623 5850 1663 5880 ⁵⁷
1706 5848 1861 5905 l’ruv.
1904 5867 2018 5917 vui,
2055 5854 2133 5908 l9.

2218 5857 2260 5883 '”
2294 5855 2452 5913 llcltr.
2494 5877 2529 5921 t,
2562 5861 2607 5912 7.

2692 5866 2732 5891 "‘
2778 5862 2919 5919 l‘sal.
2949 5882 3093 5933 utv,
3136 5868 3187 5920 7.
3271 5870 3476 5926 ἰιι-Μ-
3512 5890 3547 5929 t.
3592 5875 3679 5933 l5-
