3968 6480
328 478 429 530 545

1726 472 2158 531 l'IIESAUIlUS.

3500 478 3603 534 3‘6

330 594 422 643 καὶ
451 590 650 644 τούτων
673 588 834 641 εἰσίν.
852 585 1005 640 Ἀλλ’
1023 586 1192 652 οὐδεὶς
1216 586 1501 657 ἐπιτρέπει
1525 588 1634 652 τοῖς
1661 588 1898 691 ἀγγέλοις

2021 588 2143 644 dem
2171 599 2255 645 est
2290 590 2567 645 hominum
2612 600 2826 659 natura,
2867 600 2921 647 at
2953 607 3058 648 non
3089 605 3282 648 omnes
3312 601 3439 647 sunt
3465 610 3605 663 optt-

326 683 426 751 τὴν
461 680 589 734 Υίοῦ
621 680 773 744 δόξαν
806 682 1004 750 φορεῖν
1024 697 1037 710 ·
1089 682 1117 733 6
1165 678 1262 746 μὲν
1302 680 1411 751 γάρ
1442 678 1737 751 Δεσπότης,
1765 680 1832 734 τὰ
1858 679 1898 733 δί

2021 678 2174 744 lenti,
2222 688 2319 734 aut
2351 695 2529 751 reges,
2561 682 2811 751 quamvis
2864 691 3045 737 tamen
3078 682 3244 737 etiam
3288 683 3603 737 earumdem

324 772 491 827 δοῦλα
532 773 811 840 τυγχάνει.
861 772 977 841 Ούχ
1024 771 1289 842 ὁμογενὴς
1335 771 1446 843 ἄρα
1498 775 1614 837 τοῖς
1662 773 1898 841 ἀγγέλοις

2019 784 2203 824 rerum
2252 770 2361 826 sint
2384 787 2637 841 capaces.
2670 774 2737 826 At
2776 788 2937 827 nemo
2970 772 3181 842 angelis
3211 772 3334 827 Filii
3371 772 3603 843 gloriam

325 868 497 930 εστὶν,
526 868 555 919 6
596 864 675 934 τῷ
716 864 898 935 Πατρὶ
952 860 1365 935 συμϐασιλεύων
1414 864 1509 918 καὶ
1562 864 1916 935 συγκαθήμε-

326 974 436 1021 νος.

321 1159 530 1212 ΛΛΛΟ.
565 1159 696 1212 ’Ὁτι
730 1159 847 1227 οὐχ
885 1156 1159 1227 όμοφυὴς
1181 1199 1187 1205 .
1208 1156 1333 1223 τοῖς
1368 1156 1644 1226 ἀγγέλοις
1686 1158 1720 1209 ό
1758 1154 1909 1221 Υίός.

392 1338 616 1406 Ποίημα
662 1337 757 1389 καὶ
804 1337 1032 1410 ποιητὴς
1060 1336 1160 1391 οὐκ
1192 1338 1258 1392 ἄν
1294 1354 1424 1391 ποτε
1451 1338 1553 1408 τῆς
1584 1328 1758 1407 αὐτῆς
1801 1332 1914 1391 εἶεν

2016 863 2225 918 deferet
2254 882 2268 917 :
2295 880 2420 919 nam
2449 866 2537 921 hic
2570 866 2855 929 Dominus,
2885 866 2957 918 illi
2988 879 3115 920 vero
3139 866 3279 920 servi
3310 878 3455 919 sunt.
3490 864 3604 922 Non

2015 962 2101 1008 est
2131 953 2293 1024 igitur
2334 955 2576 1023 ejusdem
2609 956 2825 1027 generis
2859 971 2985 1012 cum
3029 957 3237 1027 angelis
3284 955 3479 1023 Filius,
3511 958 3602 1028 qui

2016 1060 2122 1100 uua
2150 1060 2273 1101 cum
2304 1044 2466 1102 Patre
2504 1056 2694 1116 regnat
2727 1048 2886 1117 eique
2927 1049 3161 1106 assidet.

2016 1159 2184 1233 2M
2212 1160 2444 1217 ALIUD.
2480 1160 2636 1227 Quod
2679 1178 2782 1233 non
2828 1162 2897 1233 s_i_t
2938 1161 3177 1231 ejusdem
3231 1174 3440 1216 natura:
3487 1179 3605 1217 cum

2594 1232 2798 1302 angelis
2833 1229 3032 1287 Filius.

2086 1345 2311 1401 Creator
2361 1354 2417 1400 et
2462 1356 2715 1401 creatura
2765 1360 3040 1415 nunquam
3100 1345 3345 1416 ejusdem
3400 1353 3611 1401 natura:

321 1426 561 1495 φύσεως.
588 1427 818 1497 Ἕτερον
864 1426 975 1497 γάρ
1025 1443 1079 1479 τι
1124 1426 1186 1479 τὸ
1230 1428 1440 1491 ποιοῦν,
1476 1429 1571 1480 καὶ
1616 1426 1805 1499 ἕτερον
1855 1425 1898 1479 τί

2014 1438 2237 1494 fuerint.
2275 1438 2441 1493 Aliud
2488 1438 2631 1493 enim
2664 1447 2748 1493 est
2783 1439 2835 1493 id
2882 1438 3025 1507 quod
3059 1447 3232 1505 creat,
3277 1438 3423 1492 aliud
3463 1441 3609 1508 quod

319 1518 654 1588 ποωύμενὸν
682 1522 849 1572 ἐστιν.
899 1520 963 1573 Ei
991 1518 1101 1591 γὰρ
1138 1520 1212 1591 μὴ
1242 1519 1414 1583 οὕτως
1444 1519 1579 1590 ἔχει,
1610 1520 1664 1572 τί
1689 1519 1749 1571 τὸ
1778 1517 1915 1571 διαι-

2015 1542 2253 1586 creatur.
2298 1529 2432 1584 Nam
2469 1530 2513 1583 si
2566 1544 2653 1585 res
2705 1530 2775 1583 ita
2817 1545 2876 1584 se
2906 1545 3011 1583 non
3060 1529 3311 1596 haberet,
3346 1526 3606 1597 quidnam

320 1607 454 1679 ροῦν
478 1608 622 1662 κατὰ
646 1608 808 1675 φύσιν
838 1608 947 1662 τῶν
982 1607 1227 1680 γενητῶν
1256 1607 1347 1661 τὸν
1369 1606 1532 1673 Θεόν;
1568 1607 1699 1659 ’Ὅτε
1732 1605 1898 1659 τοίνυι

2018 1623 2378 1691 distingueret
2429 1620 2597 1674 Deum
2646 1621 2943 1677 secundum
2996 1629 3247 1675 naturam
3297 1635 3325 1673 a
3374 1618 3610 1674 creatis?

317 1701 501 1754 πάντα
538 1701 609 1755 δι’
641 1701 773 1755 Υἱοῦ
802 1705 830 1755 6
848 1702 981 1766 Θεὸς
1013 1702 1109 1755 καὶ
1140 1700 1330 1771 Πατὴρ
1351 1698 1665 1771 ἐργάζεται,
1694 1697 1753 1751 ἓν
1780 1698 1837 1751 δέ
1860 1715 1898 1750 si

2016 1713 2149 1769 Cum
2188 1714 2352 1781 igitur
2375 1713 2515 1767 Deus
2538 1726 2602 1766 ac
2631 1710 2794 1767 Pater
2830 1712 3013 1766 omnia
3056 1727 3154 1782 per
3183 1710 3379 1766 Filium
3411 1723 3606 1779 opere-

313 1790 431 1844 τῶν
462 1792 682 1845 πάντων
718 1792 837 1845 ἐστὶ
863 1791 959 1845 καὶ
984 1794 1017 1862 ἠ
1052 1792 1159 1845 τῶν
1187 1791 1437 1861 ἀγγέλων
1472 1791 1655 1861 φύσις,
1689 1790 1898 1860 γέγονει

2018 1814 2105 1860 tur
2136 1824 2149 1860 :
2183 1821 2348 1859 unum
2384 1821 2514 1860 vero
2560 1820 2629 1859 ex
2674 1805 2929 1860 omnibus
2961 1812 3046 1859 est
3093 1804 3257 1858 etiam
3292 1802 3606 1874 angelorum

316 1884 432 1953 ἄρα
461 1883 526 1937 δι’
557 1883 690 1937 Υίοῦ
724 1885 819 1937 καὶ
854 1884 1170 1956 πεποίηται.
1205 1886 1319 1956 Οὐχ
1355 1886 1639 1957 ὁμογενὴς,
1670 1880 1762 1937 οὖν
1799 1884 1911 1945 τοῖς

2018 1909 2212 1953 natura
2242 1916 2255 1951 :
2284 1898 2425 1952 facta
2466 1898 2649 1967 itaque
2696 1908 2781 1952 est
2811 1906 2865 1952 et
2893 1907 3076 1952 creata
3109 1912 3206 1965 per
3241 1895 3459 1950 Filium.
3494 1893 3609 1948 liae

315 1941 384 2029 δέ·
422 1975 589 2029 αὐτοῦ
617 1977 933 2047 γενομένοις
960 1941 1055 2032 καί
1081 1977 1169 2031 διὰ
1194 1941 1403 2031 τούτου.
1420 1941 1669 2046 φανεῖται
1687 1994 1700 2007 ’
1748 1975 1863 2030 ἀλλ’

2019 1941 2212 1953 ........-
2243 1941 2255 1951 .
2284 1941 2425 1952 ........
2466 1941 2649 1967 ..-γη
2697 1941 2781 1952 ν-.
2814 1941 2865 1952 -.
2894 1941 3076 1952 νη---
3110 1941 3195 1965 ,....
3242 1941 3261 1950 -
3494 1941 3608 1948 ----

2017 1989 2130 2059 ipsa
2160 1989 2323 2061 igitur
2353 1988 2561 2043 ratione
2598 2002 2702 2042 non
2729 1996 2815 2041 est
2852 1986 3099 2056 ejusdem
3138 1984 3354 2063 generis
3382 1998 3505 2039 cum
3540 1981 3609 2034 iis

318 2065 427 2135 μὲν
466 2068 691 2137 φορέσει
741 2067 836 2121 τοῦ
871 2067 1222 2139 Δημιουργοῦ
1254 2068 1350 2139 τὴν
1382 2068 1562 2134 ἀξίαν,
1606 2068 1674 2121 τὰ
1720 2067 1778 2122 δὲ
1814 2066 1898 2139 τὴι

2015 2095 2136 2149 qme
2164 2095 2259 2150 per
2287 2080 2459 2151 ipsum
2494 2078 2635 2133 facta
2664 2086 2814 2145 sunt;
2837 2077 2935 2133 sed
2964 2076 3053 2133 hic
3082 2075 3302 2147 quidem
3327 2071 3607 2129 Creatoris

314 2157 465 2211 κατὰ
507 2158 571 2211 τὸ
608 2158 944 2230 πεποιῆσθαι
994 2159 1261 2213 δουλείαν.
1297 2178 1316 2211 t
1345 2160 1428 2213 Τὰ
1452 2160 1561 2232 γὰρ
1592 2158 1908 2230 σύμπαντα,

313 2251 473 2321 φησὶ.
501 2248 667 2305 δοῦλα
695 2267 813 2318 σου,
844 2270 863 2303 s
895 2252 929 2323 ἡ
959 2250 1082 2306 θεία
1106 2251 1319 2323 Γραφή.

348 2451 717 2524 Αμυξοτι
741 2452 855 2521 οὐχ
888 2453 1187 2524 ὁμογενὴς
1216 2451 1341 2520 τοῖς
1361 2453 1708 2524 ργτέλοιςνό
1730 2454 1868 2520 Υἱὸς

384 2521 487 2575 διὰ
520 2521 588 2575 τὸ
619 2522 908 2592 λέγεσθαι
923 2521 1212 2593 κρείττων
1230 2521 1433 2579 αὐτῶν
1450 2521 1833 2596 γεγενῆσθαι.

384 2631 502 2685 Πᾶν
524 2632 665 2703 ὅπερ
691 2633 759 2687 ἂν
787 2633 1048 2706 φαίνηται
1081 2635 1306 2704 γεγονὸς
1337 2634 1460 2690 κατ’
1480 2636 1689 2701 οὐσίαν,
1716 2637 1810 2691 καί
1830 2638 1911 2701 είς

306 2725 373 2776 τὸ
411 2725 486 2797 μὴ
516 2720 660 2779 εἶναι
687 2725 980 2796 καταλήξει
1013 2727 1145 2780 ποτὲ
1165 2726 1495 2798 θελήσαντος
1526 2726 1621 2781 τοῦ
1640 2730 1909 2800 Δημιουρ-

307 2816 449 2885 γοῦ’
497 2819 595 2871 καὶ
642 2818 782 2889 ὅπερ
813 2817 879 2872 ἂν
918 2818 1031 2889 ἔχοι
1057 2818 1223 2888 φύσιν
1262 2818 1359 2873 τοῦ
1407 2818 1601 2873 παθεῖν
1629 2820 1905 2891 δεκτικὴν,

308 2908 499 2975 πάθοι,
523 2910 593 2963 ἂν
625 2910 673 2961 εί
709 2909 805 2963 καὶ
837 2910 914 2981 μή
962 2928 1049 2966 πω
1089 2910 1351 2966 πέπονθε.
1385 2911 1459 2965 Τδ
1490 2912 1546 2965 δὲ
1580 2912 1811 2983 πάσχειν
1842 2914 1905 2967 οὐ

306 3004 576 3072 πεφυκὸς,
612 3004 712 3056 οὐκ
742 3002 811 3056 ἄν
836 3020 884 3055 τι
928 3003 1091 3057 πάθοι
1126 3004 1281 3067 ποτὲ,
1315 3004 1411 3056 καὶ
1451 3004 1640 3075 ἔτερόν
1682 3021 1737 3057 τι
1764 3005 1907 3076 παρ’

305 3096 494 3151 ιπεῖνό
526 3098 664 3149 ἐστι·
694 3096 789 3151 καὶ
833 3096 896 3149 τδ
936 3097 1024 3150 ἀεὶ
1066 3096 1329 3161 ὡσαύτως
1372 3097 1451 3162 ὃν,
1486 3096 1609 3151 οὔτε
1638 3096 1734 3151 τοῦ
1766 3093 1904 3151 εἶναι

306 3185 539 3256 ἧρξατο,
565 3184 689 3239 οὗτε
723 3186 831 3256 μὴν
872 3180 983 3240 οἶδε
1026 3188 1119 3240 τὸν
1152 3189 1245 3241 ἐπὶ
1287 3188 1431 3241 τέλει
1464 3187 1684 3260 δρόμον,
1713 3187 1903 3260 ὥσπερ

2013 2172 2329 2243 dignitatem
2372 2171 2661 2233 obtinebit,
2687 2172 2768 2226 ita:
2794 2185 2923 2227 vero
2961 2184 3024 2223 ea
3078 2168 3289 2222 ratione
3326 2182 3433 2235 qua
3466 2164 3605 2219 facta

2012 2272 2161 2328 sunt,
2192 2264 2446 2319 servilem
2495 2263 2888 2318 conditionem.
2927 2279 2947 2313 ι
2980 2260 3249 2315 Universa
3292 2259 3438 2315 enim
3486 2271 3607 2311 ser-

2012 2358 2167 2413 viunt
2206 2357 2323 2423 tibi,
2362 2376 2381 2410 s
2420 2358 2598 2427 inquit
2629 2372 2785 2413 sacra
2832 2354 3114 2426 Scriptura
3140 2356 3182 2407 '.

2012 2470 2245 2543 ALIUD.
2295 2471 2452 2538 Quod
2486 2489 2590 2527 non
2624 2473 2706 2543 sit
2734 2470 2973 2543 ejusdem
2996 2468 3205 2543 generis
3246 2464 3606 2543 cuntmtgelis

2075 2540 2255 2596 Filius
2298 2544 2418 2596 ideo
2445 2544 2573 2613 quia
2606 2538 2792 2596 mulio}
2816 2540 2950 2607 ipsis
2978 2538 3157 2602 [actus
3194 2554 3305 2592 esse
3335 2538 3559 2590 dicitur.

2082 2654 2358 2726 Quidquid
2417 2654 2715 2711 secundum
2773 2653 3133 2711 substantiam
3189 2664 3344 2705 suam
3398 2647 3604 2704 factum

2009 2756 2112 2811 est,
2133 2758 2307 2817 potest
2331 2747 2496 2802 etiam
2524 2745 2739 2802 volente
2761 2745 3024 2802 Creatore
3051 2744 3103 2798 in
3130 2741 3360 2798 nihilum
3394 2740 3602 2810 redigi;

2009 2849 2065 2896 et
2092 2840 2357 2911 quidquid
2385 2840 2552 2897 habet
2581 2849 2833 2896 naturam
2865 2837 3137 2909 passionis
3171 2849 3451 2905 capacem,
3485 2833 3602 2887 lleri

2008 2942 2187 3001 potest
2242 2943 2300 2988 ut
2349 2933 2613 3003 patiatur,
2667 2932 2885 2987 tametsi
2943 2930 3182 2985 nondum
3242 2942 3459 2999 passum
3506 2925 3599 2981 sit.

2008 3016 2281 3093 Quidquid
2327 3034 2524 3080 natura
2566 3026 2645 3079 ita
2685 3034 3065 3094 comparatum
3096 3029 3204 3087 est,
3242 3030 3299 3074 ut
3331 3019 3444 3091 pati
3497 3032 3603 3071 nou

2006 3116 2201 3185 possit,
2233 3125 2385 3172 certe
2409 3131 2688 3187 nunquam
2716 3114 2978 3187 patietur,
3010 3122 3066 3170 et
3104 3114 3386 3169 diversum
3413 3118 3499 3165 est
3534 3107 3603 3162 ab

2010 3206 2143 3263 illo:
2172 3218 2228 3263 et
2266 3207 2410 3278 quod
2457 3222 2674 3279 semper
2701 3209 2894 3263 eodem
2946 3208 3107 3261 modo
3146 3204 3384 3267 exsistit,
3426 3213 3607 3270 neque

305 3278 383 3331 τὰ
413 3277 508 3331 τοῦ
550 3274 691 3331 εἶναι
724 3277 1190 3348 άρξάμενα.ᾌλλ’
1224 3278 1323 3331 ούκ
1371 3277 1438 3332 ἄν
1481 3295 1567 3342 τις
1608 3278 1751 3331 είποι
1781 3278 1898 3331 νοῦν

2012 3274 2308 3353 ειείειοιιόῖ
2358 3274 2819 3363 ἱιιίιιυιηἸιεὺιιίι,
2850 3312 3027 3367 neque
3074 3297 3142 3351 ad
3198 3294 3474 3351 interitum
3510 3300 3607 3348 aut

304 3369 474 3439 ιχων,
506 3369 575 3421 τὰ
600 3368 872 3439 τοσαύτην
900 3368 1095 3439 ἔχοντα
1124 3369 1261 3439 πρὸς
1293 3368 1498 3439 ἄλληλα
1539 3368 1639 3440 τὴν
1670 3369 1903 3422 ἐναντιό-

304 3478 473 3533 τητα,
513 3462 607 3515 καὶ
651 3460 797 3515 οὕτω
840 3460 982 3515 κατὰ
1011 3460 1175 3530 φύσιν
1216 3459 1560 3531 διεστηκότα,
1587 3459 1803 3531 ὁμοφυῆ
1841 3477 1902 3513 τε

305 3552 450 3610 εἶναι
489 3556 587 3610 καὶ
613 3554 716 3623 τῆς
742 3552 913 3624 αὐτῆς
945 3554 1214 3624 ὑπάρχειν
1259 3552 1467 3616 οὐσίας.
1502 3550 1566 3605 EI
1598 3552 1778 3605 τοίνυν
1808 3553 1902 3605 ἐπὶ

311 3645 416 3717 μιν
446 3644 557 3699 τῶν
586 3644 908 3715 ποιημάτων
932 3642 1009 3707 ὡς
1032 3642 1410 3713 ὑποκειμένων
1439 3642 1533 3695 καὶ⁵
1550 3642 1725 3713 φθορᾷ
1748 3642 1903 3711 λέγε-

302 3757 437 3796 ται.
483 3756 502 3790 ι
535 3737 701 3792 Αὐτοὶ⁸
746 3735 1098 3790 άπολοῦνταν
1132 3755 1151 3788 ι
1204 3735 1299 3789 επὶ
1325 3735 1383 3790 δὲ
1410 3734 1505 3789 τοῦ
1540 3734 1708 3803 Υίοῦ,
1742 3736 1815 3789 Σὺ
1842 3735 1901 3789 δὲ

299 3833 604 3903 διαμένεις·
635 3830 867 3883 κάκεῖνα
905 3828 1006 3901 μὶν
1051 3826 1522 3897 παλαιωθήσεται,
1551 3827 1628 3892 ὡς
1664 3826 1901 3900 γενητὴν

303 3925 504 3994 ἔχοντα
549 3922 649 3993 τὴν
696 3920 890 3991 φύσιν·
923 3918 1017 3974 τοῦ
1052 3918 1110 3974 δὲ
1137 3918 1267 3973 Υίοῦ
1303 3937 1323 3972 ‹
1350 3918 1422 3973 τὰ
1466 3918 1560 3990 ἐτη
1595 3919 1695 3973 οὐκ
1720 3919 1899 3973 ἐκλεί-

300 4020 489 4089 ψουσιο
519 4037 540 4070 s
585 4015 704 4080 πῶς
750 4013 996 4087 ὀμοφυὴς
1041 4013 1196 4068 ἔσται
1248 4014 1361 4078 τοῖς
1406 4012 1661 4084 ἀγγέλοις
1691 4014 1721 4067 ὁ
1746 4013 1896 4080 Υίὺς,

301 4111 422 4173 τοῖς
466 4106 857 4179 πεποιημένοις
898 4106 929 4159 6
980 4103 1232 4177 ποιητὴς,
1265 4106 1382 4169 τοῖς
1430 4103 1822 4175 γεγενημένοις
1869 4106 1899 4158 6

300 4202 592 4271 ἀγένητος,
637 4201 753 4261 τοῖς
796 4196 1091 4269 παρελθεῖν
1136 4195 1459 4268 δυναμένοις
1486 4198 1515 4250 6
1544 4194 1801 4261 αίώνιος;
1832 4196 1897 4249 Ei

300 4294 417 4365 γὰρ
450 4292 544 4346 καὶ
578 4289 846 4345 ἀθάνατόν
873 4306 925 4342 τι
966 4288 1155 4360 χρῆμα
1182 4290 1212 4342 6
1238 4287 1471 4357 ἄγγελός
1521 4291 1637 4342 ἐστι
1682 4288 1770 4343 διὰ
1796 4289 1897 4358 τὴν

299 4384 450 4439 οὕτω
483 4382 745 4453 κειμένην
773 4381 859 4433 ἐπ’
882 4379 1030 4450 αὐτῷ
1062 4378 1155 4433 τοῦ
1193 4380 1521 4451 ποιήσαντος
1550 4379 1804 4451 βούλησίν
1834 4397 1894 4433 τε

304 4476 403 4534 sui.
434 4475 614 4545 χάριν,
640 4472 752 4526 ἀλλ’
780 4473 1011 4543 ἐπείπερ
1031 4470 1206 4543 ἀρχὴν
1231 4470 1325 4525 τοῦ
1355 4468 1495 4525 εἶναι
1527 4472 1658 4543 ἔχει,
1681 4472 1896 4526 δύναιτ’

301 4570 376 4623 ἂν
407 4568 504 4621 καὶ
559 4566 639 4629 είς
680 4564 833 4626 τέλος
882 4562 1078 4617 ἐλθεῖν.
1103 4562 1323 4627 1ὶύσεως
1355 4564 1413 4617 δὲ
1446 4564 1893 4636 πλεονεκτήματα

300 4661 421 4722 τοῖς
463 4655 677 4729 εχουςίν
716 4656 865 4709 ἐστιν
900 4656 1120 4727 ἰσχυρὰ,
1142 4655 1238 4709 καὶ
1268 4656 1390 4728 οὐχ).
1438 4656 1516 4726 τῷ
1562 4657 1891 4727 πεποιηκότι

300 4749 665 4820 Θεῷ.”οσπερ
703 4742 795 4802 οὖν
824 4750 920 4802 καὶ
959 4748 1022 4802 τὸ
1071 4747 1184 4820 πῦρ
1230 4749 1523 4803 καυστικδν
1571 4750 1670 4820 μέν
1721 4751 1891 4815 ἐστιν,

298 4840 423 4898 ἀλλ’
455 4841 517 4895 οὐ
551 4840 631 4912 τῷ
658 4840 807 4909 Θεῷ·
841 4840 985 4895 οὕτω
1032 4841 1128 4894 καὶ
1168 4840 1400 4910 ἄγγελος
1450 4842 1716 4907 ἀθάνατος
1767 4844 1891 4914 μὲν,

300 4928 422 4984 ἀλλ’
448 4929 509 4983 οὺ
538 4928 617 5001 τῷ
640 4929 778 5000 Θεῷ.
810 4930 987 4995 Μόνος
1011 4931 1121 5003 γὰρ
1148 4931 1311 4995 αὐτὸς
1356 4931 1561 5001 κυρίως
1598 4922 1889 4999 ἀθάνατος,

301 5021 555 5093 φυσικῶς
603 5021 764 5093 ἔχων,
817 5022 919 5075 οὐκ
960 5022 1070 5077 ἀπὸ
1114 5023 1359 5096 χάριτος,
1407 5024 1507 5095 τὴν
1564 5024 1890 5094 ἀσφάλειαν,

300 5114 495 5185 ὥσπερ
522 5112 590 5167 τὰ
616 5112 821 5185 γενητά
1414 5096 1424 5105 ’

298 5402 508 5467 ΛΛΛΟ,
534 5400 687 5471 μετὰ
706 5400 1092 5469 ἀποδείξεως,
1116 5401 1213 5473 ,ὅτι
1237 5402 1480 5472 ἄγγελοι
1501 5402 1619 5473 μὲν
1644 5402 1881 5473 δοῦλοι,

746 5473 1061 5541 Δεσπότης
1097 5472 1168 5527 δὲ
1208 5476 1241 5529 ὁ
1286 5475 1441 5541 Υἱός.

373 5586 432 5639 EI
459 5587 633 5651 οὐδεὶς
666 5587 891 5641 δύναται
917 5589 1135 5656 ἀφεῖναι
1164 5588 1459 5660 ἁμαρτίας,
1482 5591 1529 5643 εί
1561 5592 1636 5662 μὴ
1668 5591 1828 5663 μόνος
1854 5594 1883 5645 6

294 5675 448 5742 Θεὸς,
481 5677 676 5750 ἀφίησι
704 5678 763 5731 δὲ
789 5680 817 5731 6
840 5678 988 5742 Υἱὸς,
1020 5678 1151 5742 Θεὸς
1178 5680 1309 5749 ἄρα,
1340 5680 1433 5733 καὶ
1462 5681 1522 5733 οὐ
1562 5684 1675 5746 τοῖς
1726 5684 1883 5754 ποιήσ-

300 5785 459 5835 μασιν
507 5770 1129 5843 ιναρίθμιος.”Λγγελοι
1183 5772 1282 5842 μὲν
1328 5774 1436 5843 γὰρ
1489 5776 1876 5847 προσεύχονται

367 5912 383 5942 ⁸
422 5910 559 5968 l'sal.
585 5926 779 5980 cum,
818 5911 905 5969 9|.
987 5914 1053 5945 ³·⁸
1088 5913 1227 5971 Psal.
1267 5933 1339 5980 ει,
1366 5918 1455 5983 ‘27,
1485 5919 1576 5974 ‘28.

2008 3387 2169 3441 ﬁnem
2210 3402 2435 3457 vergere
2460 3397 2659 3457 potest,
2693 3386 3153 3458 quemadmodum
3191 3385 3281 3439 illa
3307 3399 3429 3455 qute
3458 3385 3603 3439 exsi-

2005 3479 2181 3534 stendi
2211 3478 2423 3533 initium
2457 3479 2783 3534 habuerunt.
2834 3480 2999 3550 Atqui
3033 3494 3192 3533 nemo
3221 3492 3369 3533 same
3400 3477 3604 3533 mentis

2004 3568 2205 3624 dixerit
2241 3582 2306 3623 ea
2338 3584 2459 3639 quae
2509 3569 2646 3625 adeo
2671 3570 2945 3625 contraria
2973 3569 3117 3624 inter
3144 3584 3204 3624 se
3235 3580 3383 3631 sunt,
3408 3576 3464 3623 ct
3488 3583 3604 3624 tan-

2004 3670 2190 3732 tepere
2220 3670 2419 3717 natura
2446 3662 2732 3730 dissident,
2764 3662 3010 3733 ejusdem
3048 3672 3259 3718 natura:
3281 3670 3447 3733 atque
3474 3660 3604 3717 sub-

2002 3754 2219 3809 stantia:
2247 3768 2394 3810 esse.
2444 3754 2505 3810 Si
2550 3770 2684 3827 ergo
2731 3755 2799 3812 de
2838 3756 3130 3821 creaturis,
3176 3764 3363 3826 utpote
3402 3768 3603 3810 corru-

2000 3844 2173 3917 ptioni
2200 3846 2473 3916 obnoxiis,
2499 3846 2704 3903 dicitur
2733 3866 2749 3903 :
2789 3868 2808 3901 t
2835 3847 2956 3921 Ipsa
2982 3850 3275 3919 peribunt;
3310 3867 3329 3901 ι
3362 3848 3427 3905 de
3460 3846 3601 3903 Filio

2002 3947 2183 3995 autem
2230 3957 2244 3996 :
2296 3959 2315 3992 ‹
2368 3938 2451 3995 Tu
2479 3956 2615 3997 vero
2650 3956 2985 4014 permanes,
3025 3961 3045 3995 ι
3089 3952 3149 3999 et
3182 3961 3201 3994 ι
3227 3940 3350 4014 Ipsa
3384 3953 3599 3997 vetera-

2000 4041 2197 4098 seent,
2231 4049 2252 4085 s
2311 4040 2506 4103 utpote
2549 4045 2793 4091 creatam
2835 4034 3094 4091 habentia
3141 4043 3436 4102 naturam;
3473 4032 3595 4089 Filii

1999 4137 2130 4179 vero
2155 4141 2175 4176 t
2205 4124 2338 4180 anni
2375 4139 2485 4181 non
2519 4125 2773 4183 deﬁcient
2796 4126 2907 4182 M:
2941 4146 2960 4181 ι
2999 4126 3271 4197 quomodo
3304 4126 3411 4181 erit
3457 4124 3600 4193 ejus-

1999 4212 2121 4269 dem
2160 4223 2370 4269 uatura:
2410 4228 2534 4270 cum
2572 4216 2783 4288 angelis
2821 4216 3013 4284 Filius,
3039 4233 3161 4273 cum
3199 4216 3435 4272 conditis
3466 4229 3597 4269 con-

1998 4301 2162 4367 ditor,
2202 4318 2325 4357 cum
2373 4304 2576 4360 creatis
2614 4316 2853 4371 creator,
2907 4322 3034 4362 cum
3066 4305 3401 4361 transitoriis
3436 4313 3599 4360 aeter-

1997 4394 2138 4450 nus?
2165 4394 2298 4450 Nam
2326 4396 2430 4453 etsi
2474 4398 2699 4469 angelus
2745 4399 3059 4456 immortale
3084 4398 3343 4470 quiddam
3378 4398 3469 4461 sit,
3515 4394 3595 4450 id-

1997 4500 2103 4555 que
2136 4502 2202 4541 ει
2237 4487 2515 4544 voluntate
2542 4486 2598 4544 et
2627 4490 2894 4546 beneﬁcio
2924 4488 3225 4556 Creatoris,
3256 4506 3379 4545 cum
3410 4501 3593 4544 tamen

1999 4580 2294 4636 exsistendi
2338 4582 2664 4653 principium
2714 4583 2933 4649 habeat,
2982 4593 3163 4655 potest
3212 4584 3377 4639 etiam
3430 4579 3592 4636 ﬁnem

1996 4671 2205 4727 sortiri.
2231 4670 2522 4729 Naturales
2550 4673 2699 4729 enim
2729 4674 3131 4745 prarogativm,
3160 4689 3281 4739 quae
3314 4672 3593 4729 nonnullis

1995 4764 2265 4818 creaturis
2296 4763 2503 4829 insunt,
2536 4765 2729 4820 valida:
2760 4774 2888 4820 sunt
2919 4782 2933 4821 :
2963 4764 3106 4835 apud
3138 4763 3307 4820 Deum
3335 4779 3468 4819 vero
3499 4763 3593 4833 qui

1994 4871 2089 4911 eas
2119 4858 2346 4925 creavit,
2390 4858 2525 4913 nihil
2556 4869 2705 4915 sunt.
2748 4857 3215 4927 Quemadmodum
3254 4859 3418 4930 igitur
3448 4857 3592 4927 ignis

1996 4948 2185 5002 urendi
2222 4947 2331 5002 vim
2362 4948 2547 5015 habet,
2584 4950 2681 5005 sed
2712 4965 2818 5006 non
2861 4950 3011 5017 Deo;
3050 4951 3126 5005 ita
3158 4959 3213 5005 et
3238 4949 3461 5020 angelus
3491 4949 3594 5003 im-

1994 5037 2244 5095 mortalis
2274 5041 2493 5111 quidem
2533 5051 2645 5110 est,
2678 5044 2771 5099 sed
2814 5056 2919 5098 non
2959 5042 3089 5097 Deo.
3124 5040 3241 5113 Ipse
3268 5042 3411 5096 enim
3442 5041 3592 5097 solus

1996 5129 2215 5197 proprie
2255 5139 2341 5185 est
2387 5131 2734 5199 immortalis,
2785 5132 3127 5199 naturaliter,
3184 5149 3288 5189 non
3320 5148 3417 5204 per
3463 5148 3589 5203 gra-

2000 5219 2129 5274 tiam
2161 5233 2221 5277 ut
2242 5234 2521 5290 creatura,
2549 5225 2859 5283 ﬁrmitatem
2899 5227 3045 5282 illam
3079 5236 3134 5283 et
3168 5226 3585 5298 perpetuitatem

1996 5308 2048 5363 in
2086 5324 2145 5365 se
2185 5314 2410 5370 habens.

1994 5419 2229 5491 ALIUD,
2257 5428 2881 5501 cum_deutonstratioue,
2913 5432 3052 5501 quod
3083 5430 3258 5501 angeli
3286 5432 3390 5485 sint
3422 5431 3586 5497 servi,

2350 5494 2525 5553 Filius
2557 5516 2699 5565 vero,
2732 5494 3011 5556 Domitius.

2063 5602 2121 5658 Si
2158 5621 2316 5662 nemo
2347 5618 2525 5678 potest
2562 5613 2845 5667 remittere
2878 5623 3128 5683 peccata,
3165 5612 3328 5684 205
3358 5614 3459 5669 nisi
3491 5630 3581 5668 so-

1989 5692 2074 5747 lus
2116 5694 2277 5761 Deus,
2332 5700 2563 5755 remittit
2611 5716 2742 5758 vero
2795 5702 2966 5759 Filius
3000 5722 3014 5758 :
3046 5703 3193 5760 Deus
3241 5706 3422 5777 itaque
3476 5718 3581 5770 est,

1990 5799 2164 5856 neque
2194 5790 2466 5849 creaturis
2498 5794 2965 5853 anuumerandus.
3000 5799 3192 5869 Augeli
3220 5800 3364 5855 enim
3398 5812 3581 5867 orant,
