3968 6464
469 439 572 493 547

1469 434 1526 489 S.
1570 433 1844 490 CYBILIJ
1887 430 2351 488 ALEXANDRINI
2388 434 2702 490 ARCHIEP.

3590 435 3695 490 568

466 552 705 605 dicentes
748 566 760 601 :
803 569 819 600 ι
870 531 1092 607 Domine
1147 552 1523 621 omnipotens,
1584 568 1862 622 usquequo
1911 566 2006 606 non

2120 548 2365 617 λέγοντες
2390 571 2403 583 ο
2464 572 2480 603 ι
2517 551 2687 622 Κύριε
2724 553 3137 625 παντοκράτωρ,
3170 552 3273 617 ἕως
3327 552 3467 616 τίνος
3507 552 3567 604 οὐ
3617 553 3694 622 μὴ

463 639 736 693 misereris
774 638 1098 705 Jerusalem,
1154 650 1208 695 et
1259 644 1469 697 urbium
1523 641 1795 697 Juda'?»
1852 644 2006 700 Filiut

2122 639 2348 712 ἐλεήσῃς
2382 642 2478 711 τὴν
2517 642 2870 713 Ἰερουσαλὴμ
2915 645 3009 696 καὶ
3050 645 3149 708 τὰς
3203 644 3385 707 πόλεις
3430 642 3631 706 Ἰούδα;
3667 659 3688 693 ι

462 744 592 784 vero
623 744 741 784 cum
776 739 1043 800 potestate
1075 733 1203 788 dicit
1231 754 1243 789 :
1280 753 1298 785 ι
1334 733 1520 800 liomo,
1554 734 1893 789 dimittuntur
1926 735 2017 790 tibi

460 830 678 887 peccata
714 830 799 875 tua
823 821 865 878 ⁸.
896 842 915 875 ι
953 822 1068 878 Non
1096 834 1176 878 est
1208 824 1366 895 igitur
1396 823 1632 891 ejusdem
1657 826 1871 897 generis
1897 841 2016 882 cum

460 910 676 965 domino
699 926 905 978 servus,
951 928 1122 983 neque
1147 916 1193 970 ei
1220 915 1308 983 qui
1351 914 1573 985 largitur
1604 916 1647 972 is
1692 918 1782 987 qui
1805 918 1937 987 petit
1962 926 2019 972 ut

459 1003 708 1070 accipiat.

457 1091 666 1149 ALIUD
692 1094 811 1148 huic
844 1097 1030 1158 simile,
1065 1098 1201 1217 qduod
1226 1096 1399 1180 Filia:
1426 1116 1527 1153 non
1556 1099 1623 1153 sit
1652 1116 2011 1156 annumeran-

1118 1183 1177 1217 us
1205 1183 1382 1217 88m".

1118 1183 1177 1219 ιιε
1205 1183 1382 1221 serata.

526 1271 668 1327 Deus
710 1275 998 1344 prophetas
1046 1275 1225 1339 mittit,
1259 1278 1345 1345 qui
1386 1277 1603 1346 exigant
1653 1276 1885 1333 fructum
1935 1280 2013 1331 vi-

451 1379 590 1429 nem,
632 1366 746 1433 qui,
782 1379 1136 1436 praeterquam
1173 1368 1312 1437 quod
1356 1368 1486 1421 nihil
1537 1381 1877 1439 acceperunt,
1932 1373 2014 1425 in-

453 1454 663 1509 terfecti
704 1468 846 1511 sunt.
900 1457 1176 1525 Servator,
1205 1471 1260 1513 ut
1292 1460 1571 1525 Dominus,
1602 1460 1778 1514 debita
1823 1463 2009 1517 remit-

450 1544 535 1607 tit,
570 1554 623 1597 et
656 1546 706 1598 in
738 1546 872 1601 alios
906 1548 1127 1605 colonos
1149 1551 1406 1605 transfert
1440 1552 1648 1606 vineam
1674 1552 1715 1617 ⁷,
1752 1565 1809 1607 ιιι
1849 1554 2012 1609 herus

450 1642 503 1687 et
536 1634 830 1702 Dominus;
891 1638 982 1693 sed
1041 1648 1097 1694 et
1147 1641 1321 1712 angeli
1374 1642 1824 1697 administrationi
1879 1643 2011 1714 legis

456 1723 769 1781 inserviisse
801 1732 1222 1799 comperiuntur,
1256 1744 1301 1787 et
1344 1734 1474 1788 nihil
1508 1748 1692 1789 eorum
1736 1752 1854 1806 qua:
1887 1737 2012 1792 fecit

454 1813 638 1880 Filius,
668 1815 883 1873 fecisse.
924 1819 1035 1874 Non
1074 1832 1155 1876 est
1180 1824 1341 1893 igitur
1372 1826 1611 1896 ejusdem
1643 1828 1854 1897 generis
1882 1844 2004 1884 cum

452 1906 653 1975 angelis
697 1906 899 1976 Filius,
945 1910 1038 1966 sed
1074 1911 1329 1983 Magister
1357 1926 1411 1970 et
1447 1916 1725 1973 Dominus.

448 2078 686 2156 ALIUD,
717 2082 1044 2156 explicatius,
1076 2088 1213 2155 quod
1251 2089 1404 2149 illud,
1446 2109 1465 2142 ι
1501 2091 1690 2146 Melior
1727 2097 1895 2156 factus
1931 2109 2007 2155 est

518 2152 714 2224 angelis
737 2154 779 2215 ⁸,
822 2172 839 2203 ι
875 2156 942 2206 (ιά
974 2152 1326 2224 diﬁ'érentiam
1365 2152 1890 2221 administrationum
1926 2152 2010 2223 re;

518 2223 788 2285 ferendum
825 2224 913 2277 sil.

521 2326 717 2384 Paulus
737 2333 801 2384 de
838 2332 975 2388 Filio
1006 2335 1177 2405 inquit
1204 2352 1220 2391 :
1258 2357 1276 2389 ι
1308 2339 1481 2395 Tanto
1505 2342 1691 2397 melior
1717 2343 1890 2402 factus
1921 2365 2011 2404 an-

450 2420 624 2486 gelis:
661 2440 679 2472 »
718 2438 821 2477 non
876 2426 1017 2493 quod
1067 2426 1158 2481 Dei
1198 2428 1358 2485 Verbi
1399 2441 1646 2488 naturam
1694 2438 2007 2507 angelorum

452 2522 660 2567 naturae
688 2529 1002 2584 comparare
1041 2519 1184 2585 velit,
1223 2538 1395 2593 neque
1439 2526 1723 2583 dissimiles
1755 2533 2007 2587 substan-

448 2601 550 2655 tias
587 2604 773 2658 eodem
818 2608 978 2662 modo
1024 2624 1088 2663 ac
1140 2614 1348 2668 ratione
1392 2617 1661 2673 examinet
1692 2620 1823 2688 (Deo
1866 2625 2007 2678 enim

448 2695 579 2748 nihil
620 2700 943 2766 comparari,
982 2711 1072 2755 aut
1100 2702 1336 2758 conferri
1376 2709 1598 2778 potest),
1642 2712 1734 2765 sed
1777 2713 2009 2767 admini-

446 2789 765 2843 strationum
793 2790 1127 2847 differentias
1158 2799 1427 2865 proponit,
1472 2809 1529 2852 ut
1559 2815 1624 2853 ex
1658 2803 2006 2858 administra-

448 2877 591 2931 tione
619 2893 739 2947 qua:
786 2881 977 2949 cuique
1016 2888 1301 2939 commissa
1356 2899 1461 2953 est,
1502 2892 1629 2959 quid
1674 2893 1900 2962 quisque
1937 2896 2008 2949 sit

445 2977 817 3035 cognoscatur.
854 2971 1003 3037 Quod
1052 2990 1179 3029 vero
1212 2994 1229 3026 ι
1265 2976 1453 3032 melior
1485 2998 1503 3031 ι
1555 2982 1619 3034 ad
1652 2985 2008 3051 comparatio-

448 3071 567 3109 nem
614 3058 1093 3117 administrationis
1159 3066 1471 3133 angelorum
1536 3070 1850 3129 referendus
1896 3077 2005 3141 sit,

447 3144 565 3198 inde
622 3148 903 3204 manifeste
957 3163 1209 3207 constat:
1254 3159 1590 3225 propositum
1639 3173 1754 3216 erat
1803 3163 2001 3231 Paulo,

444 3239 725 3293 ostendere
754 3255 870 3308 qua:
910 3258 1005 3311 per
1038 3244 1314 3300 Christum
1359 3251 1791 3317 przedicabantur
1822 3254 2005 3326 legali-

449 3329 545 3382 bus
571 3333 851 3401 prmceptis
879 3335 1031 3404 longe
1066 3342 1440 3405 praestantiora
1481 3358 1621 3398 esse.
1657 3344 1809 3400 Unde
1846 3348 2006 3416 igitur

447 3420 549 3474 hoc
576 3422 951 3479 demonstrat?
984 3429 1062 3480 Ad
1091 3429 1557 3488 administratores
1598 3450 1657 3489 se
1695 3440 1962 3492 convertit
1990 3460 2003 3495 :

442 3522 495 3565 et
541 3526 603 3565 ex
648 3528 832 3567 eorum
866 3515 1163 3571 differentia
1209 3534 1269 3573 ea
1311 3537 1429 3589 qua:
1461 3537 1557 3592 per
1607 3526 1750 3595 ipsos
1781 3530 2007 3585 admini-

440 3611 605 3655 strata
656 3614 780 3657 sunt
831 3608 1081 3664 mstimat.
1118 3611 1310 3680 Angeli
1360 3628 1490 3683 ergo
1519 3616 1899 3674 adminiStraut
1934 3622 2006 3676 le-

440 3707 578 3761 gem,
615 3702 667 3747 et
705 3710 798 3762 per
824 3710 914 3749 eos
949 3702 1290 3767 pronuntiata
1319 3713 1439 3771 est;
1472 3704 1640 3762 Filius
1690 3725 1819 3764 vero
1851 3714 1999 3767 noti-

439 3785 569 3835 tiam
600 3798 786 3837 eorum
820 3802 937 3855 quae
962 3804 1057 3855 per
1076 3788 1428 3863 Evangelium
1453 3800 1843 3854 annuntiantur
1866 3819 2007 3873 prte-

440 3877 601 3931 dical.
636 3879 799 3949 Atqui
839 3880 1044 3947 melior,
1078 3884 1269 3953 inquit,
1305 3888 1576 3945 estFilius
1606 3908 1764 3961 quam
1798 3902 1999 3967 angeli;

439 3982 703 4039 quatenus
747 3975 1093 4030 excellentior
1143 3980 1543 4037 administratio
1596 3986 1669 4039 illi
1717 3991 2003 4046 commissa

441 4072 544 4126 est,
573 4079 634 4117 ea
671 4066 877 4119 ratione
906 4068 1097 4121 melior
1127 4082 1227 4124 est.
1256 4072 1716 4132 Administrantur
1745 4084 1884 4135 enim
1919 4099 2003 4140 res

444 4171 651 4226 magna:
690 4172 716 4209 a
756 4160 983 4226 magnis,
1032 4171 1081 4213 et
1116 4176 1293 4229 parva:
1334 4180 1360 4216 a
1398 4169 1596 4233 parvis.
1643 4172 1870 4239 Magnus
1909 4192 2003 4229 au-

439 4255 543 4301 tem
594 4258 675 4302 est
710 4248 894 4314 Filius,
942 4261 1203 4321 quatenus
1256 4265 1339 4309 est
1402 4258 1654 4327 splendor
1706 4273 1758 4317 et
1808 4266 2003 4321 chara-

438 4342 627 4405 cter',
674 4351 727 4393 et
778 4353 1045 4410 quatenus
1086 4346 1134 4398 ci
1182 4348 1378 4401 dicitur
1421 4368 1433 4401 :
1481 4370 1498 4403 ι
1532 4352 1671 4407 Sede
1719 4369 1747 4408 a
1797 4356 2005 4414 dextris

439 4432 571 4484 meis
596 4432 670 4496 ";
712 4452 729 4483 ι
774 4444 1041 4501 quatenus
1076 4438 1480 4508 priutogenitus,
1524 4454 1577 4496 et
1616 4446 1681 4499 ab
1728 4447 1857 4513 ipsis
1902 4466 1999 4504 an-

438 4521 571 4589 gelis
603 4523 881 4577 adoratur.
913 4526 1099 4593 Angeli
1129 4544 1255 4581 vero
1279 4531 1409 4583 nihil
1440 4547 1626 4587 eorum
1661 4536 1874 4601 habent,
1908 4543 1999 4596 sed
2032 4549 2079 4608 ι)

438 4623 497 4664 ιιι
554 4614 779 4667 ministri
835 4616 1219 4683 circumstant,
1255 4632 1309 4674 ut
1354 4625 1492 4677 servi
1544 4626 1708 4697 206
1753 4632 1999 4699 adorant,

439 4706 906 4775 ministeriumque
948 4724 1099 4762 suum
1130 4724 1384 4779 prmstant
1426 4727 1643 4783 propter
1676 4736 1769 4774 eos
1800 4726 1888 4791 qui
1919 4741 2004 4778 sa-

439 4796 601 4849 lutem
638 4808 761 4849 sunt
802 4802 1137 4855 consecuturi
1185 4804 1244 4856 “.
1290 4804 1464 4859 Tanto
1511 4808 1690 4875 itaque
1742 4825 2002 4878 prtestan-

438 4886 541 4939 tior
569 4897 649 4940 est
682 4889 1075 4944 administratio
1115 4892 1419 4949 Servatoris
1472 4912 1631 4966 quam
1669 4905 1999 4972 angelorum,

436 4985 633 5042 quanto
671 4993 804 5032 unus
843 4980 1056 5046 quidem
1096 4981 1149 5035 in
1206 4984 1331 5046 illis,
1384 4986 1533 5041 alteri
1582 5002 1756 5045 autem
1811 4995 1861 5048 in
1915 4999 1998 5052 his

438 5078 741 5121 versantur.
791 5069 934 5125 lianc
990 5072 1150 5142 igitur
1190 5076 1258 5129 ob
1308 5092 1523 5132 causam
1568 5081 1762 5139 Paulus
1817 5089 1998 5144 volens

436 5174 750 5227 comparare
784 5162 924 5215 inter
954 5179 1013 5218 se
1045 5164 1206 5221 hasce
1235 5168 1750 5240 administrationes,
1781 5179 1951 5248 inquit
1982 5202 1994 5234 :

442 5266 459 5297 ι
497 5248 683 5305 Melior
707 5252 879 5307 factus
913 5255 1133 5323 angelis.
1166 5274 1184 5307 ι
1229 5257 1362 5312 Cum
1396 5275 1522 5315 vero
1558 5265 1623 5316 ad
1666 5269 1997 5324 substantia-

439 5357 553 5394 rum
590 5346 1047 5411 comparationem
1086 5352 1251 5416 venit,
1302 5351 1517 5420 inquit:
1556 5374 1574 5406 ι
1608 5356 1817 5422 Quanto
1848 5363 1999 5419 dilic-

441 5434 647 5488 rentius
675 5434 919 5493 Christus
955 5440 1059 5495 illis
1106 5458 1302 5497 nomen
1341 5445 1562 5501 sortitus
1592 5450 1755 5503 est".
1800 5472 1817 5501 ι
1870 5454 1982 5509 Non

432 5528 539 5594 jam
574 5527 648 5581 ait
689 5529 891 5596 melius,
924 5534 1017 5587 sed
1052 5535 1375 5605 di/ferentius
1400 5555 1417 5592 :
1448 5542 1590 5609 quod
1624 5544 1837 5611 quidem
1881 5566 1996 5603 ma-

439 5634 596 5688 gnam
628 5620 991 5678 diversitatem
1022 5627 1306 5698 significat.

528 5756 785 5845 “lacti”,
812 5765 898 5845 1?.
977 5767 1195 5825 “Matth.
1223 5773 1365 5839 11,2.
1448 5773 1468 5805 ⁷
1497 5772 1677 5831 Matth.
1706 5794 1817 5845 χχι,
1840 5782 2028 5842 ἰδ-Η.

448 5829 533 5882 Η.
616 5832 654 5860 ¹¹
681 5834 804 5888 ibid.
833 5834 884 5889 4.

2132 728 2190 781 '0
2236 728 2290 781 δὲ
2326 729 2449 792 Υίὸς
2496 729 2950 795 ὲξουσιαστικῶς’
3011 752 3027 783 ι
3061 732 3370 805 Ἄνθρωπε,
3417 729 3693 799 ἀφέωνταί

2122 835 2203 871 σοι
2234 819 2290 871 αἱ
2314 820 2598 891 ἁμαρτίαι.
2630 840 2646 872 ι
2682 823 2794 891 Οὐχ
2819 823 3077 893 ὁμογενὲς
3102 819 3195 877 οὖν
3227 824 3335 895 ἄρα
3356 822 3432 891 τῷ
3452 822 3696 892 δεσπότῃ

2118 903 2175 957 τὸ
2209 904 2423 967 δοῦλον,
2453 906 2573 960 οὔτε
2604 907 2685 978 τῷ
2715 909 3058 982 χαριζομένῳ
3087 912 3147 963 τὸ
3196 912 3381 965 αίτοῦν
3408 913 3494 965 ἵνα
3525 909 3694 979 λάδῃ.

2191 1085 2373 1140 ΔΛΛΟ
2404 1086 2589 1149 τούτῳ
2616 1085 2837 1210 ὅμοιος,
2983 1092 3094 1143 οὐκ
3120 1090 3191 1143 ἐν
3219 1090 3341 1155 τοῖς
3369 1090 3619 1156 δούλοις

2910 1178 3015 1211 (CC.

2910 1178 3015 1212 (00.

2790 1180 2821 1210 ο
2872 1180 3015 1224 ιιος.

2197 1248 2538 1301 Ἀποστέλλει
2570 1250 2693 1314 τοὺς
2728 1254 3011 1322 προφήτας
3038 1254 3065 1305 6
3092 1252 3225 1315 Θεὸς
3256 1253 3559 1321 ἀπαιτῆσαι
3589 1252 3689 1305 τοῦ

2112 1338 2431 1408 ἀμπελῶνος
2457 1342 2580 1403 τοὺς
2613 1345 2878 1413 καρποὺς,
2911 1344 2961 1397 οἳ
2991 1344 3128 1413 πρὸς
3158 1343 3234 1412 τῷ
3264 1344 3397 1414 μηδὲ
3425 1344 3690 1398 δύνασθαι

2111 1427 2312 1494 λαόεῖν,
2350 1432 2444 1482 καὶ
2465 1432 2753 1487 ἀπέθανον.
2773 1433 2831 1485 Ὀ
2855 1434 3044 1504 Σωτὴρ
3076 1435 3150 1496 ὡς
3176 1434 3453 1503 Δεσπότης
3475 1436 3568 1487 καὶ
3589 1436 3689 1499 τὰς

2108 1519 2329 1587 όφειλάς
2353 1522 2564 1591 ἀφίησι,
2582 1524 2675 1577 καὶ
2704 1525 2783 1587 είς
2810 1524 3029 1595 ἐτέρους
3054 1526 3332 1595 γεωργοὺς
3360 1526 3687 1596 μετατίθησι

2111 1607 2199 1661 τὸν
2224 1609 2521 1679 ἀμπελῶνα
2551 1610 2627 1675 ὡς
2672 1613 2935 1683 δεσπότης
2985 1615 3078 1668 καὶ
3121 1615 3360 1685 Κύριος’
3402 1616 3691 1684 φαίνονται

2108 1699 2166 1753 δὲ
2206 1702 2301 1754 καὶ
2333 1704 2400 1773 τῇ
2434 1702 2527 1755 τοῦ
2567 1704 2727 1774 νόμου
2763 1705 3008 1778 διακονίᾳ
3052 1709 3494 1779 ὑπηρετήσαντες
3526 1710 3701 1777 ἀγγεο

2110 1792 2210 1857 λοι,
2248 1795 2340 1847 καὶ
2371 1796 2697 1866 ποιήσαντες
2734 1800 2887 1851 οὐδὲν
2910 1792 2985 1853 ὧν
3021 1802 3277 1871 ἐποίησεν
3303 1802 3331 1853 ό
3368 1802 3515 1865 Υἱός.
3550 1803 3697 1855 Οὐκ-

2040 1888 2081 1944 Β
2110 1882 2205 1936 οῦν
2233 1886 2329 1954 οὐχ
2360 1886 2628 1959 ὁμογενὴς
2653 1889 2906 1958 ἀγγέλοις
2931 1894 3098 1959 ἐστὶν,
3126 1894 3263 1947 ἀλλά
3289 1894 3569 1961 Δεσπότης
3598 1892 3698 1946 καὶ

2111 1976 2333 2048 Κύριος.

2110 2070 2292 2124 AAAU
2313 2110 2327 2132 ,
2356 2071 2795 2145 διηγηματικῶς
2825 2074 2912 2127 ὅτι
2956 2075 3024 2129 τὸ
3061 2094 3080 2127 ι
3111 2076 3401 2145 Κρείττων
3450 2076 3730 2145 γενόμεοῂ

2180 2152 2287 2206 νος
2309 2139 2427 2195 τῶν
2464 2139 2754 2214 ἀγγέλων,
2786 2166 2802 2195 ο
2848 2146 2959 2198 οὐκ
3001 2139 3225 2199 οὐσιῶν
3248 2139 3510 2214 εἰσφέρει
3544 2139 3698 2214 0337'-

2180 2226 2401 2278 κρισιν,
2436 2212 2598 2266 ἀλλὰ
2625 2213 2867 2281 μᾶλλον
2900 2215 3235 2269 διακονιῶν.

2186 2340 2206 2373 ι
2236 2322 2486 2395 Τοσούτῳ
2533 2324 2798 2394 κρείττων
2845 2328 3134 2397 γενόμενος
3181 2329 3290 2382 τῶν
3347 2329 3635 2396 ἀγγέλων,
3671 2350 3691 2381 ι

2109 2412 2203 2466 ἐπὶ
2230 2414 2326 2467 τοῦ
2359 2414 2488 2467 Υίοῦ
2524 2434 2688 2486 φησιν
2728 2419 2756 2471 ὁ
2796 2410 3028 2480 Παῦλος,
3064 2420 3124 2471 οὐ
3157 2423 3223 2490 τῇ
3256 2419 3416 2488 φύσει
3447 2421 3557 2473 τῶν
3588 2422 3694 2489 ἀγ-

2108 2502 2282 2571 γέλων
2314 2505 2412 2575 τὴν
2442 2505 2536 2558 τοῦ
2567 2506 2701 2559 Θεοῦ
2719 2508 2895 2574 Λογου
2927 2507 3313 2578 συγκρίνεσθαι
3349 2508 3540 2573 θέλων,
3564 2510 3696 2564 οὐδὲ

2108 2594 2214 2650 τῶν
2238 2598 2506 2667 ἀνομοίων
2536 2599 2735 2651 οὐσιῶν
2762 2600 2938 2664 έξίσου
2973 2600 3294 2671 ποιούμενος
3320 2602 3417 2672 τὴν
3442 2602 3695 2667 ἐξέτασιν

2110 2687 2458 2759 (ἀσύγκριτον
2475 2690 2583 2759 γὰρ
2610 2692 2840 2761 πρᾶγμα
2867 2692 3116 2763 θεότητος
3140 2695 3234 2745 καὶ
3251 2694 3692 2764 ἁπαράόλητον),

2107 2778 2243 2832 ἀλλά
2274 2780 2373 2849 τὴν
2414 2782 2505 2832 ἐπὶ
2532 2784 2648 2843 ταῖς
2676 2781 2973 2845 διακονίαις
3002 2783 3267 2855 εἰσφέρων
3294 2784 3579 2856 διαφορὰν,
3617 2787 3694 2839 ἵν’

2108 2868 2200 2936 ἀφ’
2234 2861 2309 2921 ὧν
2340 2870 2566 2933 ἕκαστος
2596 2871 2889 2939 ἐπιστεύθη
2917 2873 3011 2925 καὶ
3055 2872 3425 2945 ᾠκονόμησεν,
3461 2878 3524 2929 ὲκ
3562 2878 3691 2931 τούς

2106 2977 2214 3012 των
2239 2963 2385 3023 ὅστις
2418 2962 2504 3031 είη
2547 2962 3034 3032 γινώσκηται.Ὂτι
3060 2964 3118 3017 δὲ
3140 2966 3199 3018 τὸ
3231 2984 3249 3017 ι
3279 2968 3540 3037 κρείττων
3565 2989 3583 3019 ι
3610 2970 3692 3034 ὡς

2110 3053 2245 3122 πρὸς
2279 3052 2375 3124 τὴν
2398 3053 2506 3105 τῶν
2534 3054 2781 3122 ἀγγέλων
2805 3054 3081 3107 διακονίαν
3109 3055 3221 3126 ἔχει
3249 3056 3347 3127 τὴν
3372 3058 3689 3129 σύγκρισιν,

2109 3144 2305 3210 γένοιτ’
2336 3144 2404 3199 ἂν
2449 3145 2658 3198 ἐνθένδε
2690 3148 3014 3215 καταφανές
3054 3149 3257 3212 Σκοπὸς
3284 3146 3353 3221 ἦν
3379 3152 3456 3221 τῷ
3487 3152 3690 3223 Παύλῳ

2034 3219 2076 3278 C
2109 3234 2395 3307 κρείττονα
2421 3234 2528 3289 τῶν
2554 3236 2791 3305 νομικῶν
2819 3237 3167 3307 ὲνταλμάτων
3196 3219 3458 3306 ἐπιδεῖξαι
3499 3242 3568 3295 τὰ
3596 3219 3692 3297 διά

2108 3326 2344 3396 Χριστοῦ
2393 3328 2791 3397 κηρυττόμενα.
2825 3327 2997 3381 Πόθεν
3028 3326 3121 3382 οὖν
3149 3334 3381 3384 ποιεῖται
3417 3334 3515 3397 τὰς
3545 3336 3690 3389 ἀπο-

2108 3419 2332 3485 δείξεις;
2377 3420 2499 3471 Ἐπὶ
2525 3420 2650 3482 τοὺς
2678 3420 3059 3485 διακονοῦντας
3086 3426 3272 3493 χωρεῖ,
3290 3427 3382 3477 καὶ
3415 3430 3533 3488 ταῖς
3556 3430 3688 3480 τού-

2107 3524 2213 3560 των
2242 3508 2526 3578 διαφοραῖς
2551 3508 2829 3577 ἀναλόγως
2860 3509 3029 3580 ὁρίξει
3060 3512 3127 3565 τὰ
3160 3514 3251 3565 ὐπ’
3273 3515 3450 3567 αὐτῶν
3496 3516 3685 3569 διακο⁶

2109 3598 2363 3669 νούμενα.
2386 3600 2641 3669 Ἀγγελοι
2677 3602 2773 3672 μὲν
2802 3597 2893 3655 οῦν
2917 3601 3222 3655 διακονοῦσι
3251 3604 3343 3656 τὸν
3372 3606 3558 3674 νόμον,
3588 3609 3689 3661 καὶ

2107 3691 2348 3745 λαλεῖται
2400 3692 2465 3745 δι’
2502 3694 2682 3747 αὐτῶν
2704 3711 2715 3724 ·
2741 3695 2769 3746 ὁ
2800 3696 2855 3748 δὲ
2880 3696 3025 3761 Υἱὸς,
3056 3698 3153 3767 τὴν
3181 3697 3268 3751 διὰ
3296 3698 3403 3751 τῶν
3442 3699 3691 3770 Εὐαγγεο

2108 3783 2238 3836 λίων
2270 3783 2527 3854 κηρύττει
2557 3786 2776 3854 γνῶσιν.
2796 3787 2956 3840 Ἀλλὰ
2987 3789 3269 3858 κρείττων,
3302 3793 3483 3860 φησὶν,
3510 3794 3538 3844 ὀ
3562 3795 3691 3859 Υἱὸς

2107 3874 2215 3927 τῶν
2263 3876 2529 3943 ἀγγέλων*
2580 3878 2714 3931 καθὸ
2757 3880 2865 3932 τῶν
2911 3882 3210 3950 ἀμεινόνων
3245 3885 3480 3955 κατέστη
3504 3887 3691 3941 διάκο-

2108 3982 2217 4027 νος,
2248 3966 2387 4019 κατά
2415 3966 2572 4020 τοῦτο
2600 3970 2883 4039 κρείττων.
2921 3976 3254 4025 Διακονείται
3295 3974 3348 4026 δὲ
3374 3978 3440 4027 τὰ
3474 3978 3690 4046 μεγαλα

2106 4058 2193 4112 διὰ
2224 4060 2492 4129 μεγάλων,
2522 4062 2614 4113 καὶ
2647 4061 2715 4113 τά
2749 4063 2920 4133 μικρὰ
2953 4063 3039 4117 διὰ
3080 4065 3188 4117 τῶν
3222 4068 3451 4136 μικρῶν.
3496 4071 3689 4138 Μέγας

2105 4147 2161 4200 δὲ
2214 4151 2241 4201 ὁ
2290 4148 2606 4213 Υίὸς,καθὸ
2658 4150 2998 4223 ἀπαύγασμα
3046 4156 3140 4207 καὶ
3190 4157 3497 4227 χαρακτὴρ,
3552 4160 3693 4214 καθὸ

2107 4239 2327 4293 ἀκούει·
2362 4260 2379 4291 ι
2414 4241 2597 4295 Κάθου
2630 4243 2693 4296 ἐκ
2723 4242 2909 4307 δεξιῶν
2950 4263 3073 4313 μου*
3108 4266 3126 4298 ι
3173 4248 3305 4301 καθὸ
3342 4252 3688 4321 πρωτότοκος

2109 4335 2203 4384 καὶ
2249 4333 2338 4385 ὐπ’
2370 4334 2549 4386 αὐτῶν
2581 4334 2827 4402 ἀγγέλων
2856 4338 3350 4409 προσκυνούμενος.
3390 4344 3453 4394 Ol
3495 4344 3549 4396 δὲ
3588 4347 3690 4414 ἄγ-

2108 4424 2279 4492 γελοι,
2303 4425 2505 4479 τούτων
2535 4426 2707 4490 οὐδὲν,
2744 4428 2859 4480 ἀλλ’
2888 4429 2935 4480 οἱ
2972 4430 3069 4499 μὲν
3097 4430 3174 4493 ὡς
3204 4431 3509 4504 λειτουργοὶ
3545 4452 3689 4505 παρ-

2107 4517 2423 4588 εστήκασιν,
2472 4518 2547 4580 ὡς
2592 4517 2767 4570 δοῦλοι
2818 4520 3238 4588 προσκυνοῦσιν,
3289 4520 3363 4585 ὡς
3413 4524 3689 4595 ὑπηρέται

2107 4608 2355 4679 τρέχουσι
2389 4609 2475 4662 διὰ
2500 4611 2623 4673 τοὺς
2658 4610 2950 4680 μέλλοντας
2994 4610 3350 4683 κληρονομεῖν
3383 4619 3683 4687 σωτηρίαν.

2108 4701 2385 4771 Κρείττων
2416 4702 2522 4773 ἀρα
2549 4702 2639 4754 τοῦ
2678 4703 2926 4771 Σωτῆρος
2952 4704 2984 4773 ή
3010 4702 3250 4757 διακονία
3278 4705 3379 4777 τῆς
3418 4706 3483 4759 δι’
3515 4709 3675 4778 ἀγγέ-

2106 4792 2231 4857 λων,
2263 4794 2479 4863 ὅσῳπερ
2512 4796 2538 4845 ὁ
2570 4794 2666 4863 μὲν
2696 4796 2751 4846 έν
2780 4794 3009 4857 τούτοις,
3036 4796 3085 4847 οἱ
3118 4797 3171 4848 δὲ
3208 4799 3265 4849 ἐν
3308 4800 3551 4861 ἐκείνοις.
3582 4803 3683 4857 Διά

2106 4885 2307 4955 ταύτην
2341 4884 2627 4954 τοιγαροῦν
2660 4886 2755 4956 τὴν
2783 4886 2961 4939 αἰτίαν
2989 4889 3017 4940 ὁ
3047 4888 3255 4953 Παῦλος
3282 4892 3379 4953 τὰς
3405 4890 3707 4959 διακονίαςν

2110 4979 2387 5048 συγκρῖναι
2412 4977 2655 5046 θελήσας,
2688 4978 2831 5046 λέγει
2851 4994 2863 5006 ·
2901 4999 2919 5030 ι
2951 4980 3230 5051 Κρείττων
3258 4982 3545 5052 γενόμενος
3568 4987 3681 5040 τῶν

2105 5068 2364 5136 ἀγγέλων.
2399 5071 2556 5122 »Ὅτε
2585 5070 2639 5121 δὲ
2675 5070 2767 5122 ἐπὶ
2806 5071 2904 5141 τὴν
2931 5072 3039 5124 τῶν
3067 5072 3263 5125 οὐσιῶν
3292 5072 3515 5143 ἔρχεται
3544 5077 3678 5146 σύγ-

2105 5181 2302 5233 κρισιν,
2338 5165 2518 5232 λέγει·
2557 5166 2737 5234 «Ὂσῳ
2770 5166 3167 5236 διαφορώτερον
3197 5167 3326 5235 παρ’
3356 5166 3557 5232 αὐτοὺς
3584 5189 3677 5224 κε-

2107 5258 2515 5329 κληρονόμηκεν
2546 5257 2733 5327 ὄνομα.
2760 5276 2777 5307 ι
2800 5258 3017 5321 Οὐκέτι,
3043 5259 3313 5326 κρεῖττον
3330 5303 3344 5325 ,
3370 5264 3525 5323 ἀλλά,
3547 5262 3676 5316 δια-

2106 5350 2458 5418 φορώτερον,
2490 5348 2519 5400 ὃ
2564 5348 2626 5405 δὴ
2675 5348 2768 5403 καὶ
2808 5349 3007 5419 πολλὴν
3040 5351 3280 5423 εἰσφέρει
3312 5354 3410 5426 τὴν
3446 5354 3676 5420 ἐξαλλα-

2106 5444 2265 5513 γήκκ

2107 5790 2125 5817 ⁸
2150 5787 2309 5845 Hebr.
2341 5781 2451 5851 τ,ι.
2540 5777 2559 5809 ⁸
2586 5776 2715 5831 ibid.
2744 5777 2795 5830 5.
2880 5778 2923 5807 ¹⁹
2946 5776 3082 5832 Psal.
3107 5791 3218 5843 cu,
3246 5776 3291 5829 l.
3373 5775 3411 5805 “
3434 5774 3595 5832 Hebr.
3628 5793 3668 5844 ι.
