3968 6486
287 494 384 552 349

286 617 608 689 Παρὰθεσις
647 613 893 689 ,ῥητῶςζ
911 609 1044 689 περὶ
1087 609 1284 689 cia-Opto

347 675 440 743 οἷαί
479 675 666 752 λύᾰνιξ
706 675 932 753 ἐφεξῆς
977 675 1063 753 εἰς
1101 675 1248 743 τὸζι
1278 676 1553 739 Τοσούτῳ
1581 675 1869 743 κρείττων

346 751 668 828 γενόμενος
705 751 828 808 τῶν
861 751 1151 822 ἀγγέλων.
1183 767 1202 800 ι

348 873 467 926 Ὀτι
498 871 561 923 τὸ
596 887 613 920 ι
642 866 908 938 κρείττων
939 883 959 915 ι
1008 860 1198 924 ἐνθάδε
1247 857 1553 928 τιθέμενον,
1589 854 1700 908 τῶν
1752 853 1869 906 δια-

281 961 508 1018 κονικῶν
540 958 788 1029 εἰσφέρει
820 955 920 1027 τὴν
939 951 1248 1023 σύγκρισιν,
1280 946 1628 1018 γνωσόμεθα,
1651 941 1868 997 Παύλου

280 1055 526 1121 λέγοντος
548 1067 563 1082 ο
601 1069 621 1102 ι
653 1049 716 1102 Εἰ
768 1047 878 1117 γὰρ
927 1044 957 1097 6
999 1043 1068 1097 δι’
1100 1040 1349 1110 ἀγγέλων
1392 1036 1644 1108 λαληθεὶς
1689 1034 1867 1102 λόγος,

279 1146 497 1214 ἐγένετο
530 1140 771 1212 βέϐαιος,
807 1139 901 1192 καί⁵
946 1138 1100 1190 πᾶσα
1138 1130 1454 1204 παράϐασις
1487 1127 1583 1182 καὶ
1613 1123 1868 1196 παρακοὴ

277 1239 468 1296 ἔλαϐεν
489 1235 700 1289 ἔνδικον
717 1226 1162 1304 μισθαποδοσίαν,
1183 1224 1299 1288 πῶς
1317 1224 1479 1294 ἡμεῖς
1493 1217 1871 1289 ἐκφευξόμεθα

276 1330 533 1398 τοιαύτης
558 1324 936 1397 ἀμελήσαντες
956 1319 1233 1390 σωτηρίας
1247 1356 1264 1381 ,
1291 1316 1413 1386 ἥτις
1433 1312 1611 1384 ἀρχὴν
1630 1309 1871 1364 λαϐοῦσα

276 1420 557 1477 λαλεῖσθαι
607 1417 698 1472 διά
735 1414 833 1469 τοῦ
867 1411 1098 1484 Κυρίου,
1123 1409 1231 1463 ὑπὸ
1256 1408 1366 1462 τῶν
1397 1403 1750 1460 ἀκουσάντων
1789 1403 1871 1465 είς

277 1515 422 1584 ἡμᾶς
449 1507 780 1576 ἐϐεϐαιώθη;
813 1525 832 1559 ι
872 1504 983 1560 Καὶ
1003 1502 1168 1557 πάλιν
1187 1517 1202 1532 ο
1239 1519 1258 1552 ι
1279 1497 1576 1566 Ἀθετήσας
1597 1512 1682 1558 τις
1707 1487 1871 1565 νόμον

277 1605 544 1668 Μωσέως,
561 1601 730 1672 χωρὶς
755 1594 1058 1670 οἰκτιρμῶν
1075 1593 1167 1648 ἐπὶ
1190 1591 1343 1647 δυσὶν
1372 1589 1573 1660 ἢτρισὶ
1602 1587 1870 1657 μάρτυσιν

279 1700 643 1771 ἀποθνήσκει.
674 1695 835 1765 Πόσῳ
874 1694 1082 1747 δοκεῖτε
1111 1688 1355 1761 χείρονος
1388 1684 1753 1756 ἀξιωθήσεται
1784 1699 1869 1735 τι-

282 1793 494 1864 μωρίας
524 1794 553 1843 6
579 1789 673 1844 τδν
701 1786 828 1841 Υίδν
856 1783 951 1838 τοῦ
984 1782 1119 1836 Θεοῦ
1152 1779 1546 1848 καταπατήσας
1571 1793 1585 1840 ;
1619 1795 1637 1828 ι
1673 1774 1871 1828 Καίτοι

279 1884 327 1938 εί
374 1882 465 1936 διά
517 1881 580 1934 τὸ
630 1878 918 1949 κρείττονα
947 1872 1201 1943 λέγεσθαι
1244 1867 1353 1923 τῶν
1390 1868 1639 1937 ἀγγέλων
1682 1865 1867 1928 αὑτὸν,

1695 475 2149 536 TBESAURUS.

1285 605 1546 671 πότητος
1583 600 1867 671 Χριστοῦ,

1996 597 2255 669 ιρρεηάὶα
2302 595 2566 671 dictorum
2625 591 3078 671 deuitamanitatc
3133 588 3373 671 Christi;

3471 475 3575 530 350

2050 605 2255 665 ipendt'x
2302 605 2566 650 dictorum
2625 605 2691 647 de
2747 605 3078 646 Iwmamtatc
3133 605 3373 654 anu;
3435 605 3582 657 pra-

2050 679 2222 788 tenor
2247 666 2437 722 solutio
2492 665 2605 734 ejus
2666 663 2847 717 dicti:
2885 679 2904 714 ι
2941 659 3111 715 Tanta
3160 654 3350 715 melibr
3399 658 3579 729 factus

2050 753 2180 788 unae
2206 754 2271 788 η.
2307 756 2325 788 Ι

2048 753 2271 807 angens.
2307 756 2325 790 ι

2047 846 2205 915 Quod
2249 862 2353 903 vox
2397 864 2416 898 ι
2456 843 2671 909 melior,
2712 861 2731 895 ι
2758 856 2825 896 eo
2856 841 2976 896 loco
3002 841 3199 910 posita,
3231 839 3588 895 adtninistrav

1968 907 2186 997 ‘tltonum
2240 938 2703 1008 comparationem
2752 935 3042 1003 significet,
3088 932 3465 1000 intelligemus
3510 945 3578 986 ex

1978 1034 2148 1089 Paulo
2186 1032 2444 1087 dicente:
2486 1046 2507 1082 ι
2546 1027 2602 1083 Si
2638 1029 2784 1084 enim
2832 1028 2926 1096 qui
2978 1041 3074 1094 per
3121 1022 3346 1091 angelos
3396 1021 3580 1078 dictus

1977 1131 2065 1178 est
2093 1136 2301 1184 sermo,
2345 1119 2523 1174 factus
2564 1125 2652 1173 est
2683 1114 2894 1181 ﬁrmus,
2926 1127 2980 1171 et
3025 1115 3073 1172 si
3102 1114 3281 1170 omnis
3314 1114 3578 1181 prmvari-

1980 1217 2123 1270 catio
2149 1227 2216 1272 et.
2244 1212 2616 1270 inobedientia
2660 1211 2873 1280 accepit
2903 1210 3113 1280 justam
3150 1205 3575 1262 retributionem

1981 1306 2270 1372 mercedis,
2306 1304 2585 1375 quomodo
2624 1317 2725 1359 nos
2767 1298 3114 1371 eﬂ‘ugiemus,
3149 1298 3194 1353 si
3231 1303 3441 1352 tantam
3480 1310 3580 1351 ne-

1980 1398 2309 1468 glexerimus
2354 1395 2586 1451 salutem
2654 1409 2796 1465 qua,
2840 1408 2963 1449 cum
3018 1391 3234 1446 initium
3283 1387 3586 1458 accepisset

1979 1488 2222 1544 enarrari
2270 1501 2367 1556 per
2419 1485 2731 1553 Dominum,
2786 1485 2856 1540 ab
2901 1485 2982 1540 eis
3023 1483 3117 1554 qui
3167 1480 3483 1546 audierunt,
3527 1477 3582 1533 in

1981 1594 2080 1634 nos
2125 1579 2446 1632 conﬁrmata
2479 1584 2565 1631 est
2588 1575 2677 1630 "‘3
2710 1594 2728 1626 ι
2775 1575 2842 1629 Ει
2875 1588 3110 1629 rursus:
3145 1589 3165 1624 ι
3199 1570 3414 1626 lrritam
3459 1566 3587 1636 quis

1982 1669 2190 1724 faciens
2229 1668 2401 1737 legem
2438 1664 2599 1733 Mosi,
2654 1667 2774 1720 sine
2825 1664 2931 1719 ulla
2969 1662 3326 1718 miseratione
3359 1660 3412 1714 in
3444 1658 3584 1714 duo-

1981 1763 2082 1818 bus
2127 1771 2221 1816 aut
2253 1761 2427 1816 tribus
2468 1758 2700 1816 testibus
2733 1756 2988 1812 moritur.
3017 1755 3235 1822 Quanto
3277 1750 3454 1821 magis
3487 1763 3588 1819 pu—

1984 1857 2112 1910 tatis
2157 1869 2282 1908 eum
2335 1852 2586 1924 graviora
2640 1850 2839 1906 mereri
2890 1847 3186 1918 supplicia,
3243 1843 3337 1914 qui
3383 1840 3584 1897 Filium

279 1931 774 2031 6sivirdvrw;
818 1966 1002 2028 αὐτοῖς
1021 1931 1124 2018 ’καὶ
1151 1959 1368 2032 ὁμοφυῆ
1401 1931 1614 2030 (αίγάρ
1644 1955 1874 2027 συγκρί-

1996 1947 2075 2002 Dei
2111 1941 2622 2000 conculcaverit"?
2653 1960 2673 1995 ι
2729 1939 2892 2008 Atqui
2943 1938 3012 2003 si,
3048 1936 3177 2006 quia
3222 1934 3341 2004 ipse
3387 1931 3589 1986 dicitur

283 2083 394 2130 σεις
411 2065 506 2117 ἐπὶ
521 2063 632 2116 τῶν
658 2059 909 2130 ἀλλήλοις
926 2052 1327 2130 προσεοικότων
1344 2050 1560 2120 φιλοῦσι
1576 2048 1874 2119 γίνεσθαι),

279 2158 330 2210 τί
360 2155 568 2226 μᾶλλον
599 2151 708 2206 εδει
742 2149 989 2221 χείρονος
1026 2141 1311 2210 ἀξιοῦσθαι
1345 2141 1618 2212 τιμωρίας
1651 2138 1742 2193 τὸν
1778 2155 1879 2192 κα-

281 2245 628 2302 ταπατοῦντα
679 2243 773 2296 τὸν
816 2241 966 2301 Υίὺν,
999 2238 1060 2291 ού
1109 2235 1368 2305 τοιαύτης
1421 2233 1744 2305 μετέχοντος
1783 2229 1878 2284 τοῦ

282 2335 730 2398 καταπατοῦντος
776 2333 902 2397 τοὺς
947 2328 1216 2398 ἀγγέλους
1254 2326 1344 2380 διά
1382 2325 1482 2394 τῆς
1511 2322 1880 2395 παραϐάσεως

280 2429 370 2482 τοῦ
398 2426 729 2496 λαληθέντος
754 2420 1008 2493 νόμουζδι’
1027 2416 1242 2484 αὐτῶν;
1270 2415 1329 2468 '0
1349 2413 1457 2485 γάρ
1479 2414 1559 2477 είς
1579 2413 1703 2476 τοὺς
1729 2413 1882 2474 ῐσους

284 2523 374 2575 καὶ
407 2518 680 2590 ὁμοειδεῖς
714 2511 1036 2584 ἐξυϐρίζων,
1063 2513 1163 2581 τῆς
1200 2508 1372 2579 αὐτῆς
1405 2507 1473 2561 ἂν
1498 2506 1726 2568 είκότως
1754 2521 1884 2575 μετ·

286 2613 397 2681 ἑχοι
426 2606 725 2678 τιμωρίας,
757 2604 853 2658 καὶ
883 2597 945 2658 οὗ
973 2601 1084 2655 τῶν
1113 2597 1486 2670 ἀδικουμένων
1510 2596 1610 2650 οὐκ
1636 2595 1753 2649 ἐστι
1773 2595 1882 2648 διας
1907 2667 1912 2671 _

285 2701 444 2771 φορὰ,
459 2699 556 2752 καὶ
583 2697 693 2750 τῶν
723 2695 1001 2750 κολάσεων
1029 2690 1285 2762 ὁμοιότης
1301 2689 1537 2757 εὐλόγως
1554 2687 1620 2741 ἂν
1642 2687 1879 2755 γένοιτο.

285 2793 418 2846 Νυνὶ
460 2790 520 2842 δὲ
562 2789 592 2841 6
629 2787 728 2858 μὲν
769 2787 849 2849 είς
897 2784 987 2838 τὸν
1021 2781 1148 2834 Υίδν
1190 2778 1605 2850 ἐξαμαρτάνων,
1639 2776 1885 2847 χείρονος

288 2881 655 2952 ἀξιωθήσεται
685 2877 959 2949 τιμωρίας
979 2891 992 2904 °
1023 2875 1052 2926 6
1079 2873 1134 2927 δὲ
1163 2875 1243 2936 εἰς
1265 2871 1355 2924 τὸν
1387 2871 1479 2924 ὑπ’
1505 2870 1756 2937 ἀγγέλων
1787 2868 1886 2921 λα-

288 2971 523 3043 ληθέντα
582 2971 765 3038 νόμον,
798 2966 1098 3025 ἐλάττονος.
1131 2961 1245 3030 Ούχ
1295 2958 1563 3030 ὁμογενὴς
1614 2958 1724 3029 ἀρα
1773 2959 1886 3018 τοῖς

289 3063 540 3132 ἀγγέλοις
572 3063 805 3125 ἐκεῖνος,
831 3060 910 3122 εις
947 3057 1007 3110 ὃν
1039 3054 1135 3109 καὶ
1171 3048 1355 3123 μεῖζόν
1385 3053 1500 3104 ἐστι
1543 3050 1605 3104 τὸ
1636 3048 1888 3121 ἁμαρτά-

287 3172 394 3208 νειν
413 3171 427 3185 °
456 3155 552 3208 καὶ
580 3153 644 3206 τὸ
675 3148 948 3222 τιμωρίας
988 3146 1206 3217 μέτρον,
1243 3140 1521 3210 ἀναλόγως
1550 3143 1616 3212 τῇ
1645 3141 1886 3212 ὑπεροχῇ

288 3246 376 3302 τοῦ
413 3244 757 3318 πατηθέντος
782 3241 1080 3296 ὲκτίνεται.

1983 2037 2177 2093 melior
2217 2034 2446 2106 angelis,
2491 2032 2868 2089 necessarium
2915 2029 3075 2099 plane
3103 2036 3190 2082 est
3227 2026 3394 2080 etiam
3439 2021 3589 2093 ejus-

1980 2130 2102 2184 dem
2153 2141 2279 2182 cum
2328 2125 2463 2196 ipsis
2509 2134 2719 2180 naturae
2775 2136 2900 2178 esse
2931 2118 3396 2192 (comparationes
3440 2113 3587 2170 enim

1982 2222 2126 2276 inter
2156 2234 2243 2274 res
2282 2217 2524 2286 sibiipsis
2567 2215 2777 2272 similes
2805 2214 2921 2270 ﬂeri
2950 2212 3177 2283 solent),
3215 2226 3316 2266 cur
3337 2208 3592 2278 graviore

1982 2314 2250 2383 supplicio
2281 2309 2422 2366 allici
2471 2310 2717 2382 oportuit
2763 2322 2885 2363 eum
2921 2309 3012 2377 qui
3047 2305 3248 2360 Filium
3295 2300 3588 2358 conculca—

1984 2408 2144 2470 verit,
2176 2421 2298 2483 cum
2329 2403 2504 2459 levius
2536 2401 2862 2473 supplicium
2897 2406 3216 2454 mereantur
3239 2395 3329 2465 qui
3362 2389 3591 2464 angelos

1984 2496 2456 2561 conculcaverint,
2504 2493 2946 2565 transgressione
2976 2490 3113 2557 legis
3145 2505 3244 2560 per
3277 2488 3429 2559 ipsos
3459 2500 3590 2557 pro-

1987 2587 2296 2644 nuntiatae?
2318 2586 2452 2640 Nam
2478 2585 2568 2655 qui
2592 2584 2831 2653 aequales
2847 2583 3208 2653 ejusdemque
3232 2577 3436 2650 speciei
3463 2591 3593 2632 con-

1990 2679 2212 2736 tumelia
2260 2675 2451 2742 allicit,
2499 2677 2699 2732 merito
2730 2676 2983 2731 eamdem
3018 2686 3237 2745 pinnam
3275 2679 3592 2726 mereatur:

1986 2784 2224 2838 cumque
2277 2783 2468 2822 eorum
2534 2767 2626 2836 qui
2675 2766 2872 2838 injuria
2915 2763 3095 2821 allecti
3133 2774 3266 2820 sunt
3321 2761 3465 2817 nulla
3527 2759 3597 2815 sit

1989 2860 2322 2926 differentia,
2364 2858 2632 2928 supplicia
2667 2874 2888 2929 quoque
2916 2856 3147 2929 mqualla
3193 2869 3315 2910 esse
3350 2861 3595 2923 oportet.

1987 2951 2258 3008 Caeterum
2296 2951 2386 3021 qui
2419 2951 2472 3006 in
2515 2951 2716 3005 Filium
2765 2950 3058 3020 delinquit,
3094 2947 3351 3021 graviore
3382 2944 3597 3015 suppli-

1989 3043 2074 3099 cio
2101 3041 2371 3110 aﬂicitur;
2403 3041 2495 3113 qui
2542 3055 2673 3097 vero
2711 3040 2762 3095 in
2800 3040 2974 3112 legem
3012 3039 3082 3095 ab
3112 3038 3323 3109 angelis
3355 3051 3601 3108 pronun-

1992 3136 2201 3198 tiatam,
2251 3133 2474 3188 leviore.
2521 3131 2638 3187 Non
2685 3142 2769 3187 est
2808 3133 2972 3201 igitur
3002 3131 3174 3185 Filius
3223 3129 3466 3200 ejusdem
3501 3143 3602 3198 ge~

1995 3227 2143 3282 neris
2185 3240 2308 3280 cum
2346 3224 2574 3295 angelis,
2622 3224 2998 3294 cttngravius
3035 3223 3105 3278 sit
3151 3221 3411 3277 delictum
3454 3221 3601 3290 quod

1909 3319 1953 3379 C
1988 3315 2041 3369 in
2077 3315 2226 3368 illum
2277 3315 2641 3369 committitur
2672 3328 2834 3382 quam
2869 3313 3014 3383 quod
3055 3312 3107 3366 in
3142 3311 3267 3376 hos,
3298 3319 3352 3364 et
3390 3308 3600 3380 suppli-

985 3530 1190 3585 ΔΛΔΟ.

573 3648 673 3712 Ὠς
710 3646 782 3710 ἐξ
817 3643 1182 3710 ἀντιθέσεως
1218 3643 1307 3708 εις
1344 3639 1414 3694 τὸ
1450 3639 1618 3694 αὐτό.

359 3761 641 3832 Χείρονος,
673 3759 860 3826 φασιν,
890 3723 1145 3820 ’ἀξιοῦται
1195 3754 1468 3823 τιμωρίας
1511 3753 1539 3802 6
1585 3747 1892 3819 ἐξαμαρτά-

294 3870 395 3906 νων
425 3853 507 3914 εἰς
533 3849 628 3902 τὸν
657 3848 807 3911 Υἱὺν,
835 3847 910 3909 ὡς
940 3847 1020 3909 είς
1058 3845 1282 3915 μείζονα
1303 3843 1412 3896 τῶν
1439 3837 1893 3909 άγγέλων.Τοῦτο

293 3943 346 3995 δὲ
369 3941 533 3995 αὐτὸν
552 3940 617 3994 οὐ
640 3939 859 4001 πάντως
880 3936 985 4000 ἔξω
1005 3937 1106 4022 τῆς
1129 3937 1266 4006 πρὸς
1287 3933 1554 4002 ἀγγέλους
1575 3929 1894 4002 ὁμογενείας

295 4033 547 4101 γενέσθαι
577 4033 745 4091 ςτοιεῖ.
764 4027 1072 4096 Ἀναλόγως
1110 4026 1220 4098 γάρ
1246 4028 1314 4097 τῇ
1346 4025 1561 4095 ἑκάστῳ
1585 4041 1894 4096 χρεωστου-

301 4126 436 4196 μένῃ
467 4125 604 4193 τιμῇ
627 4120 722 4175 καὶ
747 4122 780 4190 ἡ
807 4121 886 4183 είς
908 4120 1070 4172 αὑτὸν
1095 4117 1254 4188 ὕϐρις
1278 4117 1649 4186 ὲκμετρεῖται.
1669 4113 1893 4186 Ἐπειδὴ

296 4217 473 4270 τοίνυν
525 4214 794 4284 κρείττων
843 4213 1038 4282 γέγονε
1092 4210 1205 4263 τῶν
1252 4209 1501 4278 ἀγγέλων
1530 4211 1558 4262 6
1595 4209 1744 4273 Υίὺς,
1780 4207 1893 4278 ἔχει

301 4309 613 4382 βαρυτέρως
637 4307 737 4378 τὴν
767 4305 1042 4377 τιμωρίαν
1070 4307 1098 4358 6
1127 4306 1208 4367 si;
1242 4303 1404 4356 αὐτὸν
1437 4301 1857 4372 ἐξαμαρτάνων.

537 4421 696 4488 Πρὸς
737 4418 926 4475 ταῦτα
963 4419 1145 4483 λύσις
1184 4417 1252 4471 ἐκ
1293 4415 1400 4471 τοῦ
1443 4415 1652 4469 αὑτοῦ.

380 4535 580 4605 Ἐχρῆν
611 4528 705 4588 οὖν
734 4531 828 4585 ἐπὶ
867 4534 933 4602 τῇ
984 4529 1296 4600 παραϐάσει
1341 4529 1449 4581 τῶν
1473 4528 1712 4600 νομικῶν
1745 4527 1894 4581 ὲντο-

1992 3408 2139 3463 cium
2176 3407 2650 3477 pr0portionatum
2687 3403 2944 3474 gravitati
2979 3402 3162 3459 delicti
3195 3403 3492 3472 irrogetur.

2671 3535 2911 3592 ALIUD.

2233 3647 2319 3706 Ea:
2349 3649 2645 3720 objections
2675 3650 3050 3704 hwreticorum
3093 3649 3150 3704 in
3180 3650 3344 3704 idem.

2060 3763 2315 3829 Gravius,
2367 3765 2648 3834 inquiunt,
2698 3766 2923 3836 punitur
2963 3765 3055 3831 qui
3103 3765 3375 3835 delinquit
3411 3764 3464 3818 in
3510 3761 3602 3817 Fi-

1995 3857 2150 3922 lium,
2180 3859 2562 3918 ut,maximum
2594 3861 2936 3929 angelorum.
2962 3859 3233 3914 Caeterum
3260 3874 3365 3912 non
3397 3857 3606 3913 idcirco

1994 3949 2196 4004 desinit
2227 3964 2353 4006 esse
2397 3950 2644 4020 ejusdem
2677 3953 2895 4021 generis
2931 3969 3053 4008 cum
3089 3951 3319 4020 angelis.
3355 3950 3490 4006 Nam
3535 3966 3604 4005 ex

1995 4039 2207 4094 honore
2262 4039 2355 4109 qui
2393 4041 2626 4110 singulis
2669 4043 2918 4107 debetur,
2969 4043 3301 4095 contumelia
3339 4043 3503 4096 etiam
3549 4042 3598 4095 ei

1997 4131 2159 4184 allata
2189 4133 2515 4187 aestimatur.
2544 4135 2679 4190 Cum
2710 4137 2878 4204 igitur
2913 4135 3091 4191 factus
3117 4137 3188 4190 sit
3209 4135 3382 4190 Filius
3408 4133 3603 4190 melior

1996 4225 2224 4293 angelis,
2257 4226 2421 4297 207
2450 4230 2672 4296 gravius
2716 4243 2932 4298 quoque
2987 4229 3314 4299 supplicium
3363 4231 3602 4285 sumitur

1999 4315 2066 4371 de
2089 4331 2156 4372 eo
2188 4320 2277 4386 qui
2308 4319 2360 4372 in
2395 4320 2570 4388 ipsum
2601 4331 2816 4389 peccat.

2346 4428 2558 4485 Salutio
2601 4431 2912 4502 objectionis
2940 4448 3004 4487 ea:
3039 4434 3245 4487 eodem.

2068 4541 2318 4611 Oportuit
2366 4542 2551 4613 itaque
2588 4543 2639 4597 in
2695 4545 3133 4615 transgressione
3164 4545 3420 4614 legalium
3460 4561 3601 4614 pra:-

298 4624 424 4689 λῶν,
467 4624 544 4696 μὴ
569 4623 851 4691 ἀναλόγως
881 4623 994 4682 τοῖς
1024 4621 1460 4691 πλημμελήμασι
1488 4619 1586 4683 τὰς
1623 4619 1884 4690 τιμωρίας

2000 4643 2284 4702 ceptorum
2337 4651 2441 4690 non
2481 4636 2715 4705 irrogari
2758 4651 2952 4704 pmnas
3000 4638 3216 4694 delictis
3251 4637 3605 4709 proportione

298 4716 598 4789 ὁρίζεσθαι,
633 4714 769 4784 μηδὲ
805 4712 1023 4776 πάντως
1066 4711 1143 4780 τῷ
1200 4711 1422 4782 μεγέθει
1474 4711 1574 4781 τῆς
1621 4711 1897 4782 ἁμαρτίας

303 4807 737 4882 συμμετρεῖσθαι
777 4807 877 4878 τὴν
925 4805 1169 4866 κόλασιν,
1201 4803 1336 4859 ἀλλὰ
1379 4803 1581 4874 μᾶλλον
1621 4803 1898 4873 ὁρίζεσθαι

301 4903 436 4975 πρὸς
461 4904 562 4974 τὴν
591 4901 750 4967 ἀξίαν
771 4898 867 4953 τοῦ
895 4899 1319 4970 διακονήσαντος
1354 4896 1526 4966 αὐτὴν
1549 4896 1805 4964 ἀγγέλου.
1833 4897 1896 4950 Εί

296 4995 354 5049 δὲ
376 4995 536 5049 τοῦτο
573 4993 673 5063 μὲν
706 4993 804 5062 οὐχ
842 4991 1062 5062 ὁρῶμεν
1089 4991 1404 5060 γενόμενον,
1443 4983 1522 5053 εἷς
1563 4989 1620 5042 δὲ
1652 4992 1681 5043 6
1710 4989 1896 5060 νόμος,

301 5088 511 5143 πολλῶν
544 5087 715 5140 ὄντων
739 5085 1013 5154 ἀγγέλων,
1041 5084 1137 5136 καὶ
1161 5082 1249 5134 διὰ
1277 5081 1386 5134 τῶν
1414 5081 1594 5135 αὐτῶν
1618 5079 1898 5152 τιμωριῶν

299 5181 480 5252 τρέχει
506 5179 576 5232 τὰ
599 5179 975 5250 ἁμαρτήματα
991 5193 1004 5207 ’
1029 5176 1129 5230 οὐκ
1150 5175 1259 5248 ἄρα
1280 5174 1481 5244 ἀληθὲς
1501 5175 1560 5227 τὸ
1583 5175 1895 5245 λεγόμενον,

301 5271 380 5324 ὅτι
423 5272 671 5344 χείρονος
719 5269 1084 5342 ἀξιωθήσεται
1135 5268 1410 5342 τιμωρίας
1460 5271 1488 5322 6
1533 5270 1613 5332 εἰς
1645 5270 1736 5323 τὸν
1773 5268 1898 5322 Υἱὸν

306 5365 715 5434 ἐξαμαρτάνων,
749 5364 824 5428 ῶς
873 5365 952 5426 εἰς
1001 5362 1291 5433 κρείττονα
1319 5361 1429 5416 τῶν
1457 5360 1728 5430 ἀγγέλων,
1769 5361 1898 5416 ἀλλ’

305 5455 377 5518 ὡς
422 5457 504 5519 είς
550 5456 823 5527 ἑτεροφυᾶ
870 5456 963 5508 καὶ
1005 5455 1140 5509 πολὺ
1178 5453 1651 5526 παρηλλαγμένον.
1685 5454 1748 5506 Oi
1798 5454 1897 5524 μὲν

308 5548 411 5620 γὰρ
432 5549 670 5619 γενητοὶ,
693 5549 722 5600 6
749 5549 805 5602 δὲ
834 5547 966 5612 Θεὸς
995 5546 1273 5616 ἀληθινὸς,
1307 5547 1366 5600 οὗ
1395 5546 1503 5600 τῶν
1529 5546 1772 5616 γενητῶν
1793 5540 1894 5611 εἷς,

312 5639 424 5694 οὐδὲ
447 5641 585 5713 πρὸς
617 5642 759 5717 αύτά
785 5641 886 5713 τὴν
920 5641 1209 5713 σύγκρισιν
1242 5641 1409 5712 ἔχων·
1442 5638 1556 5694 ἀλλ’
1583 5641 1804 5712 ὅσῳπερ
1832 5639 1898 5694 ἂν

316 5733 467 5799 αὐτὸς
500 5735 927 5806 ἀξιολογώτερος
960 5735 1228 5805 φαίνεται,
1263 5735 1504 5805 τοσούτῳ
1553 5735 1760 5804 μείζονι
1806 5737 1898 5789 καὶ

380 5912 419 5946 ¹³
443 5914 604 5973 Hebr.
643 5933 705 5977 tt,
739 5918 796 5978 ‘2.
839 5917 892 5972 ὅ.
972 5918 1014 5949 ί*
1046 5916 1207 5974 Ilebr.
1251 5934 1303 5981 κ,
1332 5917 1423 5979 9.8.
1451 5917 1536 5970 29.

2003 4728 2438 4797 respondentes;
2489 4743 2667 4798 neque
2717 4729 2943 4784 omnino
2993 4731 3318 4800 supplicium
3379 4740 3607 4801 peccata

2001 4820 2464 4884 commensurari,
2499 4820 2594 4875 sed
2639 4820 2818 4891 potius
2866 4837 2965 4890 pro
2993 4821 3258 4890 dignitate
3302 4821 3477 4892 angeli
3531 4821 3608 4876 le-

2001 4927 2120 4982 gem
2155 4912 2592 4967 administrantis
2629 4915 2734 4968 hoc
2759 4912 3013 4969 deﬁnire.
3049 4913 3117 4968 At
3144 4929 3275 4968 vero
3307 4914 3351 4968 si
3387 4930 3491 4968 non
3534 4915 3608 4968 ita

1999 5004 2205 5059 factum
2233 5020 2354 5060 esse
2383 5007 2662 5062 cernimus
2691 5024 2704 5060 ε
2739 5021 2843 5060 una
2879 5015 3061 5066 autem
3094 5015 3180 5064 est
3211 5007 3320 5073 lex,
3352 5022 3475 5061 cum
3506 5023 3607 5061 an-

2001 5098 2102 5168 geli
2136 5098 2244 5154 sint
2281 5098 2458 5162 multi,
2490 5109 2654 5167 atque
2681 5099 2871 5155 iisdem
2900 5102 3078 5168 poenis
3109 5110 3333 5171 peccata
3371 5101 3608 5170 puniun~

2008 5201 2138 5247 tur:
2176 5207 2281 5246 non
2336 5202 2418 5248 est
2473 5193 2639 5266 igitur
2675 5210 2859 5249 verum
2910 5196 3039 5249 illud
3087 5197 3316 5256 dictum.
3356 5196 3608 5263 graviore

2006 5285 2272 5355 supplicio
2302 5284 2528 5354 dignum
2577 5302 2697 5342 esse
2741 5288 2829 5356 qui
2865 5289 2918 5341 iu
2954 5289 3152 5342 Filium
3193 5288 3608 5370 deliquerit,'

2008 5375 2060 5428 in
2108 5375 2404 5429 maximum
2439 5377 2780 5448 angelorum,
2819 5379 2913 5432 sed
2948 5389 3005 5432 ut
3041 5378 3094 5432 in
3143 5394 3209 5434 eo
3241 5381 3331 5448 qui
3379 5379 3608 5436 alterius

2007 5473 2212 5519 natura:
2262 5466 2333 5521 sit
2365 5482 2528 5537 quam
2577 5468 2779 5539 angeli,
2840 5471 3179 5541 multumque
3226 5471 3293 5525 ab
3321 5472 3400 5524 cis
3449 5469 3603 5525 diffe-

2006 5566 2113 5612 rat.
2168 5557 2305 5613 Nam
2354 5560 2533 5630 angeli
2588 5563 2759 5618 creati
2809 5573 2976 5625 sunt,
3008 5562 3182 5618 Filius
3211 5572 3395 5617 autem
3441 5577 3606 5616 verus

2009 5649 2170 5716 Deus,
2204 5667 2311 5706 non
2344 5668 2485 5709 unus
2517 5668 2586 5709 ex
2614 5655 2838 5722 creatis,
2880 5670 3058 5726 neque
3091 5655 3384 5731 quidquam
3423 5654 3603 5710 simile

2008 5754 2130 5794 cum
2164 5739 2244 5796 eis
2272 5741 2518 5812 habens;
2552 5742 2648 5800 scd
2685 5755 2891 5815 quanto
2921 5745 3036 5815 ipsc
3069 5754 3152 5802 est
3179 5744 3394 5815 dignior
3433 5755 3602 5815 atque
