3968 6480
384 450 483 508 5⁷51

1375 455 1435 511 s.
1476 430 1753 513 cinltu
1796 455 2270 514 usususus!
2309 458 2631 517 ABClliEP.

3531 461 3652 518 εσσε

387 569 771 638 excellentior,
827 580 981 629 tanto
1035 573 1225 645 majori
1284 574 1633 645 graviorique
1679 575 1951 647 supplicio

2072 576 2411 649 (αλεπωτέρᾳ
2430 566 2671 650 τιμωρίᾳ
2696 577 2997 634 ὑπεύθυνον
3015 577 3149 635 ὄντα
3172 576 3434 633 δεικνύων
3456 576 3550 633 τὸν
3568 577 3641 631 si

384 661 676 717 obnoxium
704 678 824 721 esse
844 666 1127 724 declarans
1147 683 1269 723 eum
1300 668 1390 738 qui
1418 668 1669 723 mandata
1704 682 1806 724 sua
1833 667 1953 724 fue-

388 754 455 806 Iit
496 764 887 824 transgressus.

382 887 613 964 ALIUD.
656 907 739 964 ex,
761 893 966 957 iisdem,
1000 894 1137 961 quod
1170 894 1306 948 bona
1342 895 1407 949 sit
1444 894 1832 964 ulilissimnque
1857 896 1955 951 ad-

456 961 902 1032 ministrationum
942 966 1289 1029 comparatio,
1325 964 1630 1032 anqelorum
1676 961 1877 1021 scilicet
1905 978 1952 1022 et

457 1027 610 1104 Filii,
659 1032 757 1104 sint
803 1031 940 1085 vocis
978 1027 1211 1104 επιείὶον
1238 1027 1605 1102 εέτρίαηαηε.
1646 1034 1763 1101 Quo
1802 1046 1953 1104 pacto

452 1103 588 1152 enim
632 1099 815 1153 melior
848 1103 1048 1171 angelis
1088 1103 1176 1166 sit,
1206 1113 1254 1156 et
1289 1099 1508 1173 quanto,
1544 1121 1610 1160 es:
1655 1099 1726 1160 iis
1754 1099 1955 1161 intelli-

455 1184 652 1237 gemas.

452 1298 827 1373 Angeliiegem
846 1303 1165 1371 eduxerunt;
1192 1307 1287 1363 sed
1322 1306 1404 1364 lex
1456 1308 1590 1363 nihil
1626 1308 1853 1379 perfecit
1880 1309 1950 1366 ".

378 1386 551 1449 Filius
594 1404 773 1449 autem
821 1397 1046 1467 perfecit
1087 1412 1224 1468 Opus
1257 1398 1456 1455 Patris.
1492 1400 1769 1458 Perfectus
1808 1401 1951 1458 enim

379 1494 463 1537 est
499 1484 549 1537 in
592 1483 789 1552 pietate
811 1485 901 1555 qui
933 1486 1105 1555 ipsius
1145 1489 1352 1560 legibus
1387 1491 1686 1547 instructus
1716 1500 1819 1546 est.
1844 1490 1953 1547 Re-

379 1575 565 1644 gnavit
581 1590 725 1632 mors
741 1578 904 1633 etiam
924 1578 1055 1650 legis
1078 1590 1346 1652 tempore:
1370 1582 1624 1638 nimirum
1644 1584 1740 1639 «ab
1759 1584 1951 1651 Adam,

383 1666 589 1735 inquit,
620 1682 792 1740 usque
822 1668 889 1725 ad
909 1669 1092 1726 Mosen
1126 1671 1191 1726 “.
1222 1690 1243 1724 ι
1264 1673 1477 1729 Abolita
1502 1684 1680 1729 autem
1701 1685 1785 1730 est
1807 1690 1953 1730 mors

385 1772 491 1831 pet
550 1758 865 1827 Christum;
935 1778 1109 1832 neque
1157 1766 1302 1819 enim
1358 1767 1591 1836 amplius
1664 1767 1717 1821 in
1779 1767 1949 1822 Adam

386 1854 650 1907 morimur
683 1894 698 1918 ,
750 1840 855 1911 sed
894 1856 944 1909 in
993 1859 1213 1912 Christo
1267 1858 1612 1913 vivilicamur
1640 1860 1706 1914 ι’.
1746 1861 1792 1914 A
1839 1860 1950 1915 Dan

2056 669 2221 723 αὑτοῦ
2256 669 2685 741 παραϐαίνοντα.

2052 893 2261 963 MAG,
2283 893 2352 948 ἐκ
2373 891 2491 947 τῶν
2517 892 2747 963 αὺτὼνῖ,
2775 892 2864 948 ὅτι
2898 892 3057 961 καλή
3082 892 3182 963 καί
3213 887 3637 963 χρησιμωτάτῃ

2127 962 2243 1044 ζῶν
2277 956 3178 1044 διακονιῶχ-τὶοέύηιρισιςζεῆς
3203 956 3267 1017 ἐξ

2122 1037 2251 1088 λων·
2269 1035 2377 1111 ⁵καί
2406 1033 2511 1111 tm?
2550 1022 2706 1095 Υίοῧ,
2737 1022 2868 1111 gold:
2888 1052 2906 1085 ε
2934 1022 3228 1111 λκρὲίτξὶυν
3254 1051 3273 1083 s
3310 1030 3428 1111 τὴν

2118 1120 2227 1181 μιν
2254 1103 2687 1181 ἑρμηνεύουσᾳ.
2728 1096 2995 1181 Πῶςχὰῤ
3017 1103 3298 1181 κρείττων
3323 1096 3446 1181 τῶδε
3458 1096 3642 1171 ἀττέ-

2122 1172 2250 1228 λων
2280 1174 2411 1228 ἐστὶ
2439 1174 2537 1228 καὶ
2563 1174 2779 1236 πόσον,
2812 1172 2881 1237 ἐξ
2912 1172 3113 1227 αὐτῶν
3136 1172 3510 1241 γνωσόμεθα.

2128 1306 2385 1377 Ἀγγελοι
2416 1307 2506 1362 τὸν
2541 1306 2704 1378 νόμον
2740 1307 3031 1380 ἐλάλησαν,
3058 1305 3173 1361 ἀλλ’
3206 1304 3359 1359 οὐδὲν
3398 1302 3640 1360 ἐτελείω-

2058 1413 2145 1451 σεν
2162 1400 2189 1445 6
2203 1398 2385 1468 νόμος.
2402 1397 2459 1451 Ὀ
2481 1397 2677 1461 sine;
2703 1397 2984 1452 ἐτελείωσε
3006 1397 3068 1451 τὸ
3090 1396 3253 1465 ἔργον
3280 1395 3375 1451 τοῦ
3400 1396 3636 1468 Πατρός.

2053 1487 2271 1553 Τέλειος
2302 1490 2411 1559 γὰρ
2443 1490 2522 1553 είς
2551 1489 2830 1543 εὐσέϐειαν
2863 1489 2893 1542 6
2918 1490 3030 1552 τοῖς
3057 1487 3222 1549 αὑτοῦ
3247 1488 3436 1557 νόμοις
3472 1486 3639 1540 παιδο

2053 1580 2854 1652 αγωγούμενος.⁹Εδασίλευσεν
2895 1583 2925 1635 6
2958 1580 3189 1645 θάνατος
3236 1579 3332 1634 καὶ
3376 1578 3519 1633 κατά
3547 1580 3645 1632 τὸν

2052 1672 2339 1744 τοῦ,νόμον
2361 1674 2570 1746 καιρόν·
2595 1692 2615 1726 ε
2639 1674 2773 1728 Ἀπὸ
2788 1674 2899 1747 γὰρ
2940 1672 3133 1743 Ἀδὰμ,
3168 1672 3325 1743 φησὶ,
3355 1672 3453 1726 καὶ
3474 1671 3641 1743 μέχρι

2054 1766 2316 1832 Μωσέως.
2346 1786 2364 1818 s
2398 1767 2631 1822 Λέλυται
2659 1768 2716 1820 δὲ
2755 1767 2982 1831 θάνατος
3016 1766 3105 1820 διὰ
3146 1763 3384 1837 Χριστοῦ
3407 1781 3422 1795 ·
3454 1761 3642 1816 οὐκέτι.

2054 1858 2164 1929 γὰρ
2213 1860 2271 1913 ὲν
2315 1858 2483 1929 Ἀδὰμ
2519 1857 2959 1931 ἀποθνήσκομεν,
2997 1856 3111 1911 ἀλλ’
3137 1856 3196 1909 ὲν
3228 1853 3453 1927 Χριστῷ
3500 1852 3643 1917 ζωοφ

383 1944 451 1998 ad
493 1943 756 2002 Bersabee
805 1946 997 2015 legalis
1066 1958 1333 2021 praecepta
1388 1950 1703 2006 denuntiata
1776 1961 1949 2017 sunt,

2072 1946 2526 2020 ποιούμεθα.“Δπὸ
2566 1947 2674 2001 Δάν
2725 1948 2820 2001 καὶ
2864 1947 2969 2010 ἕως
3007 1946 3293 2018 Βηρσασεὲ
3326 1945 3395 2000 τά
3439 1944 3651 2015 νομικὸ

382 2044 605 2104 eratque
628 2036 685 2090 in
709 2035 1031 2095 sola'Judaza
1058 2050 1216 2095 notus
1263 2040 1401 2095 Deus
1428 2040 1493 2071 "'
1519 2059 1532 2094 :
1565 2055 1708 2096 nunc
1734 2042 1948 2129 vero'in

381 2142 596 2184 omnem
628 2138 828 2185 terram
867 2131 1036 2187 exivit
1064 2146 1227 2188 sonus
1257 2132 1374 2202 ejus
1398 2132 1463 2200 ⁸⁸,
1497 2146 1795 2204 omnesque
1824 2132 1953 2188 edo-

382 2220 456 2275 cti
483 2231 610 2275 sunt
655 2236 683 2274 a
712 2220 846 2287 Deo,
879 2237 986 2278 non
1030 2222 1099 2278 ab
1137 2222 1364 2293 angelis,
1401 2225 1496 2280 seu
1528 2238 1558 2277 a
1585 2222 1696 2280 Deo
1731 2222 1819 2277 η’.
1859 2226 1949 2281 Dei

381 2310 526 2365 enim
555 2310 717 2365 etiam
738 2310 821 2367 lex
834 2320 935 2377 est,
958 2313 1055 2368 sed
1082 2312 1414 2383 perangelos
1441 2314 1651 2384 prolata
1680 2316 1723 2348 ¹⁹
1744 2331 1761 2381 ;
1784 2313 1952 2372 Filius

384 2409 561 2456 autem
595 2400 768 2471 inquit
794 2417 808 2455 :
845 2420 865 2454 ε
909 2402 1019 2473 Ego
1039 2402 1154 2473 ipse
1186 2396 1410 2475 loquens
1433 2403 1623 2461 adsum
1649 2404 1735 2459 "‘.
1766 2424 1785 2458 s
1808 2405 1954 2475 Quo-

380 2488 548 2553 circa,
575 2487 729 2558 juxta
753 2487 903 2545 Pauli
930 2494 1280 2559 sententiam,
1308 2492 1951 2564 quantodlﬂ'erentiorem

382 2589 576 2636 nactus
600 2591 683 2637 est
704 2582 1250 2651 administrationem,
1281 2594 1339 2641 et
1369 2597 1575 2655 quanto
1603 2587 1846 2645 melioris
1872 2598 1954 2644 te-

382 2672 636 2729 stamenti
678 2688 908 2745 sponsor
944 2674 1121 2732 factus
1149 2686 1233 2733 est
1256 2678 1326 2745 “,
1365 2687 1515 2736 tanto
1553 2679 1719 2736 etiam
1766 2682 1951 2738 excel-

383 2763 583 2821 lentior
604 2767 710 2822 erit
732 2767 942 2839 angelis
970 2786 985 2823 :
1016 2784 1125 2825 non
1157 2770 1367 2826 ratione
1384 2780 1595 2827 natura:
1621 2772 1702 2829 eis
1730 2788 1952 2844 compa-

382 2866 555 2925 ratus,
583 2859 679 2915 sed
713 2867 869 2916 tanto
894 2862 1143 2931 superior
1170 2872 1374 2933 quanto
1397 2863 1542 2920 Deus
1568 2865 1819 2922 essentia;
1859 2882 1950 2924 ra-

387 2951 530 3006 tione
546 2961 726 3006 creata
754 2952 1049 3009 antecellit.
1075 2952 1252 3011 Dictio
1281 2950 1464 3026 ilaque
1484 2956 1620 3023 haec,
1642 2976 1661 3010 ε
1686 2957 1948 3024 melior,»

386 3046 455 3100 ad
501 3045 1025 3102 administrationem
1076 3047 1267 3114 relata,
1322 3057 1523 3120 quanto
1570 3062 1691 3105 eam
1739 3048 1955 3107 illorum

384 3137 851 3194 administratione
900 3139 1332 3209 pmtantiorem
1383 3140 1788 3213 dignioremque
1832 3157 1956 3199 esse

382 3229 649 3293 ostendit,
686 3238 836 3285 tanto
867 3230 1037 3302 magis
1072 3229 1266 3287 Filium
1305 3246 1467 3302 supra
1509 3242 1749 3289 creatam
1795 3242 1956 3289 natu-

382 3334 503 3380 ram
534 3322 764 3377 extollit.
800 3320 868 3376 Et
910 3296 1116 3392 angelis
1144 3296 1557 3395 quidem—308
1580 3334 1639 3379 ut
1671 3325 1849 3382 servis
1878 3326 1959 3382 iu-
1984 3296 2028 3357 ο

387 3411 643 3469 ieriorem
709 3412 1237 3470 administrationem
1300 3412 1536 3481 tribuit,
1576 3414 1715 3473 Filio
1778 3426 1962 3473 autem

385 3519 506 3561 eam
541 3519 661 3576 qua
685 3504 825 3563 Filio
852 3513 909 3561 et
938 3506 1165 3561 Domino
1197 3516 1482 3578 congruat.
1512 3505 1649 3564 Nam
1686 3508 1742 3564 in
1772 3508 1964 3568 melio-

385 3598 554 3663 ribus,
598 3606 656 3653 ut
690 3597 863 3669 inquit
889 3595 1192 3671 Scriptura,
1225 3598 1741 3670 repromissionibus
1782 3601 1963 3660 sanci-

389 3698 476 3745 tus
510 3700 593 3746 est
616 3690 682 3744 “.

388 3823 633 3889 ALIUD,
677 3826 817 3896 quod
865 3826 1053 3881 melior
1092 3829 1158 3882 sit
1216 3826 1312 3882 Dei
1358 3824 1516 3883 Verbi
1568 3829 1961 3886 administratio

456 3912 612 3967 quem
659 3896 997 3967 angelorum,
1042 3898 1200 3951 etiam
1256 3898 1379 3951 aliis
1423 3898 1595 3953 modis
1624 3913 1642 3952 :
1669 3910 1718 3952 et
1764 3911 1963 3967 quanto

457 3965 742 4020 meliorest
773 3966 1187 4032 administratio,
1216 3972 1373 4022 tanttr
1392 3977 1439 4021 et
1474 3965 1964 4025 odmim’strdtorem

464 4036 733 4090 meliorem
761 4051 892 4091 esse.

462 4168 660 4226 Paulus
707 4170 784 4225 ait
831 4188 846 4227 :
898 4170 1210 4238 «Quoniam
1254 4170 1398 4242 quod
1452 4171 1788 4243 impossibile
1844 4183 1963 4230 erat

392 4262 518 4335 legi,
548 4262 602 4317 in
636 4276 743 4332 quo
777 4262 1154 4318 intirmabatur
1196 4278 1293 4335 per
1313 4264 1567 4331 ’carnem,
1602 4264 1744 4321 Deus
1766 4262 1963 4321 Filium

391 4370 549 4410 suum
579 4356 798 4410 mittens
827 4354 878 4409 in
904 4354 1315 4411 similitudinem
1338 4355 1521 4411 carnis
1550 4356 1779 4427 peccati,
1814 4366 1871 4412 et
1897 4357 1967 4412 de

394 4456 617 4517 peccatu
642 4446 921 4501 damnavit
952 4456 1229 4517 peccatum
1266 4447 1322 4503 in
1362 4461 1549 4513 carne,
1583 4455 1643 4502 ut
1686 4446 1963 4518 signiﬁca-

398 4542 472 4595 tio
511 4539 645 4610 legis
696 4540 1014 4609 impleretur
1047 4540 1101 4596 in
1151 4541 1329 4606 nobis,
1378 4540 1470 4610 qui
1516 4554 1621 4595 non
1668 4541 1964 4595 secundum

2057 2040 2457 2112 προστάγματα
2483 2039 2850 2112 διηγγέλλετο,
2883 2041 2979 2094 καὶ
3018 2034 3087 2111 ἦν
3136 2040 3194 2093 ὲν
3243 2037 3379 2111 μόνῃ
3404 2038 3471 2108 τῇ
3510 2036 3644 2089 Ἰου-

2056 2134 2184 2206 δαίᾳ
2209 2134 2447 2203 γνωστὸς
2469 2136 2499 2188 6
2531 2134 2666 2196 Θεός
2687 2149 2701 2163 ⁸
2734 2135 2850 2187 νυνὶ
2878 2132 2935 2186 δὲ
2966 2134 3046 2197 είς
3075 2133 3256 2185 πᾶσαν
3290 2129 3392 2201 τὴν
3428 2130 3532 2199 γῆν
3564 2126 3649 2194 ἐξ·

2055 2226 2222 2297 ἦλθεν
2244 2228 2272 2278 6
2301 2225 2539 2296 φθόγγος
2571 2224 2758 2290 αὑτοῦ,
2776 2226 2871 2280 καὶ
2901 2224 3159 2294 γεγόνασι
3186 2223 3387 2286 πάντες
3403 2220 3645 2276 διδακτοὶ

2056 2316 2214 2384 Θεοῦ,
2252 2318 2354 2372 οὐκ
2384 2317 2651 2387 ἀγγέλων,
2680 2318 2814 2373 ἀλλά
2844 2317 3000 2371 Θεοῦ.
3032 2314 3167 2369 Θεοῦ
3216 2314 3318 2387 μὲν
3359 2314 3468 2384 γάρ
3495 2314 3593 2366 καὶ
3616 2314 3647 2367 6

2057 2409 2241 2481 νόμος,
2278 2409 2414 2465 ἀλλὰ
2446 2411 2514 2465 δι’
2544 2410 2793 2481 ἀγγέλων
2812 2430 2826 2443 ·
2863 2412 2892 2466 6
2919 2412 2975 2469 δὲ
3009 2411 3135 2474 Υίός
3185 2425 3353 2480 φησιν
3374 2425 3387 2440 ·
3422 2427 3440 2460 ι
3473 2406 3649 2471 Αὐτὸς

2056 2499 2086 2554 6
2113 2499 2290 2555 λαλῶν
2319 2500 2569 2573 πάρειμι.
2604 2520 2623 2554 s
2681 2500 2891 2557 Οὐκοῦν
2943 2499 3086 2556 κατά
3130 2499 3231 2571 τὴν
3282 2500 3379 2553 τοῦ
3428 2499 3649 2553 Παύλου

2059 2591 2268 2662 φωνὴν,
2299 2591 2409 2663 ὅσῳ
2432 2590 2844 2663 διαφορωτέρας
2864 2588 3131 2661 τετύχηκε
3150 2586 3515 2660 λειτουργίας,
3552 2585 3652 2640 καὶ

2059 2679 2169 2751 ὅσῳ
2212 2681 2520 2752 κρείττονος
2562 2680 2828 2752 διαθήκης
2867 2678 3092 2748 γέγονεν
3140 2676 3358 2747 ῑγγυος,
3392 2674 3651 2730 τοσοῦτον

2060 2772 2315 2845 ὑπερέξει
2343 2785 2469 2837 τοὺς
2496 2772 2781 2843 ἀγγέλους,
2808 2771 2909 2844 οὑχ
2932 2770 3009 2835 ὡς
3037 2771 3176 2843 πρὸς
3200 2772 3401 2835 αὐτοὺς
3423 2785 3653 2841 συγκρι-

2059 2864 2281 2935 νόμενος
2298 2864 2440 2919 κατὰ
2452 2863 2550 2936 τὴν
2570 2863 2751 2935 φύσιν,
2770 2862 2909 2918 ἀλλά
2920 2858 3176 2917 τοσοῦτον
3190 2862 3648 2935 ὑπεραιρόμενος,

2059 2956 2183 3011 ὅσον
2213 2955 2521 3027 ἀπῴκισται
2570 2955 2680 3011 τῶν
2724 2955 2970 3026 γενητῶν
3001 2955 3032 3009 6
3061 2954 3199 3031 Θεὸς
3222 2970 3365 3009 κατα
3412 2952 3506 3009 τὶν
3548 2952 3653 3024 τῆς

2060 3049 2251 3114 οὐσίας
2281 3048 2457 3119 λόγον.
2487 3049 2562 3104 Τὸ
2588 3049 2698 3122 ἀρα
2737 3068 2756 3102 ε
2785 3050 3048 3122 κρείττων
3072 3066 3091 3100 s
3119 3048 3212 3103 επὶ
3239 3048 3339 3119 τῆς
3371 3044 3652 3109 διακονίας

2062 3140 2384 3214 φερόμενον,
2411 3142 2535 3195 ὅσον
2574 3140 2745 3213 αὐτὴν
2774 3140 2875 3211 τῆς
2902 3138 3128 3194 ἐκείνων
3156 3138 3393 3194 δεικνύει
3425 3136 3653 3209 μείζονα

2060 3232 2158 3288 καὶ
2204 3232 2562 3305 ὑψηλοτέραν,
2590 3232 2845 3288 τοσοῦτον
2888 3231 3097 3303 έεαίρει
3128 3231 3229 3303 τῆς
3264 3230 3375 3284 τῶν
3402 3227 3650 3300 γενητῶν

2061 3323 2280 3396 φύσεως
2322 3323 2417 3378 τὸν
2440 3323 2585 3378 Υίόν.
2614 3323 2726 3378 Καὶ
2769 3325 2884 3386 τοῖς
2919 3321 3019 3393 μὶν
3059 3322 3313 3391 ἀγγέλοις
3338 3320 3416 3384 ὡς
3442 3319 3653 3384 δούλοις

2060 3417 2325 3488 ἀπονέμει
2372 3416 2650 3471 διακονίαν
2698 3414 2800 3487 τὴν
2841 3412 3136 3469 έλάειετονα⁸
3177 3412 3261 3485 τῷ
3301 3411 3359 3466 δὲ
3383 3410 3521 3483 Υίῷ.
3553 3411 3653 3480 τὴν

2060 3508 2178 3580 Υίῷ
2225 3507 2545 3578 πρέπουσαν
2591 3506 2688 3562 καὶ
2740 3503 3146 3577 Δεσπόςη.Ὲπὶ
3189 3504 3299 3576 γὰρ
3349 3505 3649 3575 κρείττοσι,

2062 3599 2250 3672 φησὶν,
2286 3598 2642 3669 ἐπαγγελίαις
2673 3597 3117 3670 νενομοθέτηται.

2061 3824 2265 3893 AAAO,
2296 3823 2384 3877 ὅτι
2423 3823 2705 3893 κρείττων
2730 3824 2769 3893 ἡ
2815 3823 2921 3879 τοῦ
2960 3821 3108 3893 Θεοῦ
3138 3822 3335 3893 itde
3373 3818 3651 3874 διακονία

2136 3892 2246 3979 ξῆς
2290 3893 2409 3979 ξῷν
2455 3891 2880 3979 ἆγγέλωνίκαί
2911 3894 3040 3979 καθξ
3067 3891 3322 3979 έτέρους
3350 3893 3621 3979 τρόπους
3634 3905 3649 3920 ·

2134 3960 2261 4030 ὅσῳ
2291 3962 2360 4016 δέ
2390 3960 2673 4031 κρείττων
2699 3963 2874 4032 αὕτη,
2919 3962 3190 4029 τοσούτῳ
3225 3962 3326 4015 καὶ
3376 3965 3408 4016 ό
3454 3960 3655 4013 διακο-

2133 4032 2336 4099 νήσας
2362 4035 2569 4088 αὐτόν.
3212 4052 3232 4063 ι

2144 4166 2207 4224 '0
2237 4167 2452 4235 Παῦλός
2480 4183 2646 4240 φησιν
2664 4184 2677 4198 ο
2721 4168 2877 4222 «Ὅτι
2901 4168 2963 4223 τὸ
2989 4168 3253 4223 ἀδύνατον
3281 4165 3377 4220 τοῦ
3409 4165 3576 4237 νόμου
3598 4166 3656 4218 έν

2061 4253 2107 4329 ᾧ
2134 4260 2353 4332 ἠσθένει
2397 4259 2487 4315 διὰ
2526 4260 2627 4333 τῆς
2662 4263 2888 4335 σαρκὸς,
2931 4264 2962 4317 6
3011 4261 3144 4325 Θεδς
3185 4260 3276 4315 τὸν
3309 4258 3501 4313 ἑαυτοῦ
3528 4259 3658 4316 Υίὸν

2065 4353 2290 4423 πέμψας
2332 4355 2393 4408 έν
2434 4352 2740 4426 ὁμοιώματι
2791 4353 2994 4427 σαρκδς
3042 4352 3338 4426 ἁμαρτίας,
3379 4352 3474 4406 καὶ
3528 4353 3659 4424 περὶ

2066 4444 2343 4516 ἁμαρτίας
2370 4443 2666 4517 κατέκρινε
2700 4444 2805 4515 τὴν
2834 4445 3111 4517 ἁμαρτίαν
3141 4446 3198 4498 ὲν
3227 4447 3293 4515 τῇ
3322 4442 3506 4511 σαρκί.
3539 4462 3559 4495 s
3594 4442 3658 4499 El

2063 4534 2121 4589 δὲ
2142 4533 2440 4607 ἠσθένησεν
2465 4538 2494 4590 6
2517 4537 2682 4608 νόμος
2712 4539 3043 4609 κατακρῖναι
3072 4537 3170 4609 τὴν
3196 4536 3473 4608 ἁμαρτίαν
3499 4536 3559 4589 ὲν
3587 4538 3657 4607 τῇ

393 4647 613 4688 carnem
660 4631 1018 4696 ambulamus,
1076 4630 1173 4687 sed
1214 4633 1511 4688 secundum
1549 4629 1815 4701 Spiritum
1840 4632 1907 4686 ".
1939 4648 1959 4684 s

2072 4626 2258 4698 σαρκὶ,
2294 4628 2584 4699 κατέκρινε
2612 4629 2670 4683 δὲ
2699 4632 2727 4682 ὁ
2759 4629 3017 4700 Χριστὸς,
3037 4628 3299 4699 δεκτικὴν
3324 4628 3496 4699 αὐτὴν
3523 4626 3659 4681 ἀπο-

392 4726 545 4795 Quod
575 4728 618 4782 si
652 4726 739 4782 lex
778 4741 880 4782 non
912 4726 1086 4795 potuit
1111 4736 1389 4795 peccatum
1420 4725 1473 4779 in
1504 4740 1669 4779 carne
1700 4724 1963 4780 condem-

395 4832 545 4885 nare,
595 4816 980 4872 condemnavit
1046 4826 1228 4870 autem
1292 4813 1577 4881 Christus;
1631 4818 1830 4885 quippe
1872 4815 1964 4884 qui

393 4926 613 4968 carnem
654 4907 890 4981 Spiritus
927 4909 1100 4964 sancti
1128 4920 1382 4976 capacem
1408 4904 1608 4972 ell’ecit,
1651 4905 1723 4959 ita
1754 4916 1812 4960 ut
1841 4919 1965 4975 pos-

394 5006 564 5060 simus
603 5002 828 5057 dicere:
857 4998 977 5054 iam
1028 5013 1134 5053 non
1179 5011 1369 5052 sumus
1416 4998 1469 5050 in
1518 5011 1715 5061 carne,
1770 4996 1863 5051 sed
1909 4995 1963 5051 in

397 5094 600 5165 Spiritu
622 5094 667 5126 ⁸⁸
695 5112 709 5149 :
745 5092 917 5147 iactus
952 5090 1116 5161 igitur
1147 5097 1232 5144 est
1262 5089 1425 5143 etiam
1466 5088 1567 5143 hac
1606 5090 1818 5144 ratione
1849 5103 1965 5144 me-

395 5189 495 5242 lior
519 5185 726 5256 angelis
752 5199 848 5254 per
872 5198 1006 5254 quos
1035 5182 1119 5237 lex
1148 5180 1294 5236 edita
1326 5188 1410 5236 est
1438 5196 1452 5234 :
1479 5188 1534 5235 et
1561 5194 1773 5234 rursum
1802 5194 1963 5233 mun-

390 5281 496 5341 dus
536 5276 636 5334 sub
662 5276 778 5349 lege
825 5276 1221 5331 condemnatus
1269 5281 1353 5329 est
1396 5280 1619 5343 propter
1654 5280 1963 5342 peccatum.

395 5366 630 5422 Advenit
679 5370 860 5419 autem
897 5361 1069 5418 Filius
1105 5378 1214 5417 non
1261 5370 1318 5417 ut
1367 5355 1655 5418 damnaret
1685 5362 1964 5429 mundum,

398 5459 495 5516 sed
522 5466 581 5512 ut
606 5456 841 5513 salvaret
867 5455 1126 5511 mundum
1148 5452 1218 5521 “,
1247 5466 1421 5522 neque
1442 5452 1761 5523 supplicium
1791 5462 1969 5507 sumat

399 5553 464 5607 de
496 5560 742 5622 peccato,
787 5550 882 5605 sed
916 5558 974 5603 ut
1006 5555 1353 5620 peccatorum
1387 5545 1761 5602 remissionem
1790 5545 1970 5600 omni-

404 5646 503 5701 bus
528 5643 813 5715 largiatur.
850 5641 1039 5697 Ilelior
1070 5642 1238 5712 igitur
1264 5638 1466 5709 estqui
1492 5637 1773 5708 iustiﬁcat,
1807 5653 1969 5708 quam

477 5759 520 5792 "
544 5758 709 5814 llebr.
740 5772 837 5817 Vit.
875 5755 961 5811 l9.
1032 5756 1075 5786 “
1106 5755 1261 5809 Rom.
1300 5770 1352 5818 ν,
1383 5754 1469 5809 Η.

411 5828 640 5885 "'Joan
689 5844 783 5890 νι,
821 5826 908 5881 45.
993 5826 1034 5857 ⁸⁸
1074 5824 1313 5889 Gal.m,
1361 5825 1447 5880 l9.
1527 5825 1592 5857 ¹⁹⁴
1630 5826 1736 5881 lsa.
1783 5838 1874 5887 ιιι,
1917 5824 1967 5877 li.

410 5904 465 5967 5,
494 5901 546 5957 ί.
620 5898 666 5931 ’³
691 5899 818 5954 ibid.
846 5896 900 5953 9.
977 5896 1021 5927 “
1054 5893 1207 5951 Joan.
1238 5909 1319 5964 ill,
1344 5894 1430 5951 i7.

1540 5753 1584 5786 ’⁷
1615 5754 1635 5810 1
1675 5752 1800 5810 Cor.
1838 5751 1925 5815 15,
1959 5752 2047 5807 2‘2.

2069 4719 2249 4787 δείξας
2300 4720 2395 4774 τοῦ
2445 4720 2602 4790 ἁγίου
2656 4722 2995 4793 Πνεύματος,
3044 4723 3121 4786 ὡς
3171 4721 3429 4777 δύνασθαι
3478 4721 3661 4791 λέγειν

2070 4812 2219 4883 ἡμᾶς
2238 4828 2252 4843 ·
2271 4813 2384 4867 Οὐκ
2408 4813 2575 4884 ἐσμὲν
2601 4814 2660 4867 έν
2688 4816 2874 4887 σαρκὶ,
2895 4814 3012 4868 ἀλλ’
3029 4816 3089 4868 ὲν
3116 4814 3417 4885 Πνεύματιο
3435 4815 3662 4884 γέγονεν

2070 4903 2179 4974 ἀρα
2205 4905 2299 4958 καὶ
2323 4904 2465 4958 κατά
2492 4903 2652 4959 τοῦτο
2682 4905 2947 4976 κρείττων
2969 4906 3240 4976 ἀγγέλων,
3266 4906 3333 4959 δι’
3349 4898 3424 4960 ὧν
3450 4907 3478 4959 6
3497 4906 3663 4975 νόμος

2070 4994 2378 5067 λελάληται·
2411 4997 2505 5050 καὶ
2543 4996 2703 5052 πάλιν
2740 4998 2769 5051 6
2800 4998 3005 5067 κόσμος
3051 4997 3159 5051 ὑπὸ
3207 4996 3307 5069 μὲν
3353 4996 3446 5049 τοῦ
3492 4997 3661 5065 νόμον

2069 5103 2422 5161 κατεκρινετο
2452 5087 2540 5143 διά
2564 5090 2664 5161 τὴν
2684 5088 2981 5160 ἁμαρτίαν.
3001 5088 3195 5161 Ἑπεδή
3206 5104 3346 5160 μησε
3379 5088 3435 5140 δὲ
3456 5089 3486 5141 6
3508 5087 3659 5154 Υἱὸς,

2067 5179 2167 5249 οὑχ
2197 5179 2285 5232 ἵνα
2316 5180 2477 5253 κρίνῃ
2507 5181 2601 5234 τὸν
2632 5181 2857 5251 κόσμον,
2880 5180 2994 5236 ἀλλ’
3019 5181 3107 5235 ἴνα
3136 5179 3286 5252 σώσῃ
3314 5178 3403 5233 τδν
3430 5178 3663 5249 κόσμον,

2066 5269 2189 5324 οὐδὲ
2235 5271 2555 5343 ἀπαιτήσων
2593 5272 2716 5326 τινὰ
2744 5274 3038 5345 τιμωρίαν,
3072 5271 3188 5326 ἀλλ’
3217 5271 3306 5326 ίνα
3332 5272 3469 5325 πᾶσι
3499 5272 3629 5341 χαρί

2070 5378 2253 5433 σηται.
2289 5364 2569 5435 Κρείττων
2604 5361 2696 5417 οὖν
2744 5368 2773 5420 6
2814 5365 3042 5421 δικαιῶν
3085 5364 3180 5421 τοῦ
3212 5363 3657 5437 κατακρίνοντας,

2072 5456 2338 5527 κρείττων
2372 5456 2468 5511 τοῦ
2500 5458 2855 5524 ἀπαιτοῦντος
2901 5462 2930 5513 ὁ
2974 5458 3354 5531 χαριζόμενος,
3394 5460 3660 5529 κρείττων

2069 5546 2164 5601 τοῦ
2203 5549 2279 5619 μὴ
2317 5548 2635 5620 ἰσχύσαντος
2664 5554 2990 5624 κατακρίναι
3038 5550 3139 5622 τὴν
3187 5551 3461 5623 ἁμαρτίαν
3501 5551 3561 5604 έν
3591 5553 3658 5622 τῇ

2074 5640 2260 5709 σαρκὶ,
2306 5642 2334 5693 6
2379 5642 2472 5695 καὶ
2518 5641 2678 5695 τοῦτο
2724 5642 3016 5715 πληρώσας
3046 5641 3192 5706 Υἱός.
3221 5642 3502 5714 Κρείττων
3550 5642 3660 5712 ἄρα

2129 5754 2195 5784 ⁸⁷·
2231 5752 2375 5808 Psal.
2411 5771 2575 5815 Lxxv.
2604 5756 2661 5811 2.
2743 5757 2786 5789 "
2822 5756 2965 5812 Psal.
2992 5772 3151 5818 xvlll.
3183 5754 3255 5817 ὃς
3286 5755 3442 5809 πίνω·
3486 5757 3654 5821 L18-

2045 5823 2090 5855 "
2124 5822 2283 5880 ιιι-υτ.
2330 5841 2440 5887 vn.
2483 5826 2571 5881 ἐξ.
2650 5828 2693 5859 ⁸³
2730 5826 2893 5883 Hebr.
2945 5842 3075 5885 vm.
3116 5828 3168 5880 ti.
3240 5828 3286 5861 "
3328 5824 3486 5882 Rom.
3523 5842 3655 5896 vni,
