3992 6492
270 449 374 507 357

1689 448 2066 508 THESAUBU
2076 448 2137 506 S.

3456 443 3565 497 δῦθι

273 566 419 636 λέγει
442 583 454 597 ·
496 583 515 618 ι
557 564 622 619 '0
659 567 927 639 ἑωρακὼς
959 569 1079 639 ἐμὲ,
1110 566 1324 640 ἑώρακε
1348 570 1441 624 τὸν
1477 568 1720 641 Πατέρα,
1760 588 1779 622 ι
1815 568 1868 621 τι

1986 581 2034 621 ra
2074 580 2198 621 cum
2228 564 2320 630 sit,
2370 564 2501 622 dicit
2533 582 2548 620 :
2576 583 2595 617 ι
2630 563 2732 633 Qui
2769 564 2901 620 vidit
2935 578 3040 629 me,
3086 563 3219 619 vidit
3260 561 3502 627 Patrem,
3539 580 3559 614 ι

274 656 504 711 κωλύσει
535 658 630 711 καὶ
657 659 812 729 ἡμᾶς
842 663 908 731 τῇ
946 659 1083 731 αὐτῇ
1124 660 1431 731 κεχρῆσθαι
1471 664 1647 733 φωνῇ,
1683 662 1732 714 si
1769 678 1871 732 μη-

273 748 357 801 δὲν
386 750 572 819 ἕτερον
601 749 737 820 παρ’
765 751 914 821 ἡμᾶς
940 752 968 804 6
996 750 1145 815 Υἱὸς,
1184 751 1321 805 καθὸ
1354 751 1568 825 ποίημα
1588 752 1684 807 καὶ
1710 750 1872 813 αὐτὸς

274 836 465 908 ὥσπερ
496 838 692 908 ἡμεῖς
729 837 894 905 Ἀλλὰ
922 830 1083 893 τοῦτο
1119 840 1319 894 ἄτοπον
1340 857 1352 870 ·
1390 841 1453 895 οὐ
1490 840 1600 911 γὰρ
1632 841 1691 895 ἰν
1715 840 1873 911 ποιή-

276 932 411 994 ματι
435 924 531 979 τοῦ
558 927 634 999 μὴ
667 927 988 999 ποιηθέντος
1010 931 1044 1000 ἡ
1074 930 1356 1003 ὁμοιότης.
1380 932 1495 985 Οὐκ
1527 931 1637 1003 ἄρα
1660 930 1871 1002 ποεημα

271 1017 299 1069 6
328 1017 460 1082 Υἱὸς
498 1020 532 1089 ἡ
567 1018 664 1073 τοῦ
695 1021 909 1092 [ἰατρὸς
940 1021 1363 1093 ἀπαράλλακτος
1398 1022 1585 1078 εἰκών.

962 1305 1171 1362 AAAO.

341 1412 411 1467 Et
446 1412 662 1485 ποίημά
708 1417 859 1471 ἔστιν
892 1418 921 1473 6
949 1416 1101 1487 Υἱὸς,
1147 1420 1299 1491 λέγει
1339 1422 1396 1478 δὲ
1442 1424 1748 1498 ἀληθεύων,
1786 1430 1870 1486 ὅτι

275 1523 299 1555 ‹
338 1504 528 1559 Πάντα
561 1507 661 1561 ὅσα
687 1508 801 1580 ἔχει
832 1512 861 1565 6
888 1511 1103 1588 Πατὴρ,
1147 1515 1259 1586 ἐμά
1300 1516 1472 1572 ἐστιν·
1510 1538 1530 1572 ι
1578 1521 1730 1577 οὐδὲν
1760 1524 1870 1595 ἄρα

276 1597 536 1667 περιττὸν
564 1600 623 1652 ὲν
647 1598 768 1672 Θεῷ
796 1602 893 1655 καὶ
921 1604 1241 1676 κτίσμασιν,
1273 1608 1324 1660 εἰ
1354 1609 1535 1665 πάντα
1576 1612 1869 1684 πρόσεστιν

265 1686 459 1752 αὐτοῖς
479 1690 583 1742 ὅσα
622 1691 715 1744 καὶ
742 1691 823 1763 τῷ
862 1695 1058 1766 Πατρι.
1102 1697 1167 1749 Et
1205 1697 1262 1751 δὲ
1298 1700 1457 1755 τοῦτο
1478 1704 1680 1758 ἄτοπον
1711 1705 1868 1774 (πολὺ

274 1781 384 1852 γὰρ
413 1782 476 1835 τὺ
509 1782 663 1838 Θεϊον
704 1785 816 1839 τῶν
841 1790 1165 1860 ποιημάτων
1212 1792 1570 1867 ἀπῴκισται),
1613 1798 1713 1852 οὐκ
1760 1799 1870 1870 ἄρα

1975 657 2104 728 quid
2124 656 2306 713 obstat
2337 659 2629 728 quominus
2660 659 2825 713 etiam
2877 671 2976 712 nos
3026 654 3217 712 eadem
3259 663 3401 710 Voce
3439 663 3566 709 uta-

1975 763 2118 813 mur,
2144 748 2190 805 si
2227 748 2446 818 quidem
2487 750 2623 804 nihil
2648 749 2925 805 diversum
2953 756 3038 803 est
3082 762 3113 803 a
3166 746 3324 804 nobis
3369 755 3565 817 quate—

1974 856 2076 897 nus
2098 850 2151 897 et
2182 841 2298 912 ipse
2320 851 2569 897 creatura
2599 852 2682 898 est
2711 850 2770 896 ut
2800 840 2943 897 nos?
2978 838 3084 896 Sed
3125 840 3229 896 hoc
3264 838 3562 895 absurdum

1973 943 2098 988 est:
2136 948 2313 1004 neque
2343 934 2491 989 enim
2515 933 2571 988 in
2606 947 2672 990 eo
2717 932 2861 1003 quod
2892 940 3139 989 creatum
3196 941 3301 997 est,
3318 931 3439 1002 ejus
3472 930 3566 999 qui

1974 1033 2195 1078 creatus
2249 1039 2354 1079 non
2417 1033 2501 1079 est
2556 1022 2850 1079 similitudo
2907 1023 3177 1080 consistit.
3209 1020 3327 1077 Non
3355 1030 3442 1076 est
3466 1020 3568 1091 igi-

1975 1124 2063 1169 tur
2126 1124 2377 1170 creatura
2444 1115 2635 1183 Filius,
2708 1096 2800 1186 qui
2862 1125 2947 1172 est
3000 1114 3316 1172 omnimoda
3384 1112 3568 1169 Patris

1974 1202 2174 1274 imago.

2644 1314 2879 1372 ALIUD.

2046 1424 2102 1481 Si
2128 1426 2305 1483 Filius
2331 1437 2415 1483 est
2441 1439 2783 1493 creatura,et
2813 1444 2940 1484 vere
2963 1428 3095 1485 dicit
3119 1428 3197 1483 εἷ
3227 1426 3420 1485 Omnia
3446 1444 3570 1500 quae

1975 1517 2141 1573 habet
2171 1518 2333 1573 Pater
2376 1535 2495 1576 mea
2532 1531 2662 1576 sunt
2695 1522 2787 1574 ":
2837 1540 2857 1573 ι
2898 1519 3034 1576 nihil
3092 1520 3257 1591 igitur
3278 1534 3372 1577 est
3426 1537 3569 1593 pra:-

1972 1609 2206 1665 stantius
2238 1609 2290 1675 in
2312 1611 2420 1667 Deo
2444 1626 2607 1682 quam
2638 1614 2690 1667 in
2713 1612 3001 1679 creaturis,
3052 1611 3100 1666 si
3130 1612 3313 1667 omnia
3345 1612 3453 1668 illis
3485 1612 3571 1667 in-

1971 1710 2099 1756 sunt
2136 1716 2260 1772 quae
2292 1702 2462 1759 Patri.
2482 1703 2554 1758 At
2578 1704 2623 1760 si
2643 1705 2746 1760 hoc
2780 1705 3079 1759 absurdum
3103 1712 3191 1759 est
3219 1702 3387 1774 (Deus
3417 1710 3567 1761 enim

1973 1790 2239 1847 immensa
2271 1791 2577 1849 diﬂ'erentia
2612 1810 2642 1849 a
2671 1794 2938 1851 creaturis
2968 1794 3179 1867 distat),
3212 1810 3319 1849 non
3350 1804 3436 1851 est
3465 1795 3570 1865 igi-

276 1870 493 1941 ποίημὰ
519 1873 664 1927 ἐστιν
690 1876 719 1928 6
746 1875 893 1941 Υἱὸς,
916 1871 962 1946 ᾧ
1003 1881 1181 1935 πάντα
1213 1883 1474 1951 πρόσεστι
1513 1887 1763 1957 φυσικῶς
1790 1891 1869 1946 1:6

1986 1892 2062 1938 Lnr
2084 1894 2334 1941 creatura
2359 1885 2532 1943 Filius
2557 1888 2644 1943 cui
2682 1888 2865 1943 omnia
2896 1887 3083 1943 insunt
3102 1886 3425 1945 naturaliter
3448 1902 3571 1960 quas

266 1961 370 2017 toﬁ
404 1964 618 2036 Πατρὸς
650 1965 758 2021 ἴδια
792 1968 889 2022 καὶ
917 1970 1187 2043 ἐξαίρετα.

965 2087 1174 2142 AAAO.

343 2191 409 2246 El
435 2192 651 2265 ποίημά
673 2195 824 2251 ἐστιν
848 2199 877 2251 6
902 2197 1054 2266 Υἱὸς,
1085 2200 1161 2274 μὴ
1191 2203 1463 2261 καλείσθω
1490 2207 1679 2281 Πατὴρ
1698 2210 1865 2267 αὐτοῦ

264 2284 305 2337 ~6
332 2285 483 2350 Θεὸς,
534 2286 673 2341 ἀλλὰ
719 2288 922 2361 μᾶλλον
969 2294 1205 2366 ποιητὴς
1253 2295 1286 2365 ἢ
1336 2297 1694 2371 δημιουργός.
1738 2301 1867 2369 Υἱὸς

278 2372 390 2444 ¹γὰρ
418 2373 656 2430 δεικνύει
689 2379 923 2452 πατέρα,
947 2384 1044 2437 καὶ
1075 2385 1288 2457 ποίημα
1306 2386 1398 2441 τὸν
1422 2386 1776 2462 δημιουργόν.
1803 2392 1867 2445 El

276 2465 332 2519 δὲ
366 2467 558 2540 Πατὴρ
586 2468 833 2526 καλεῖται
855 2474 952 2528 καὶ
973 2472 1091 2529 ἐστι
1124 2476 1279 2542 Θεὸς,
1322 2479 1424 2533 οὐκ
1447 2480 1557 2552 ἄρα
1588 2482 1803 2554 ποίημα
1838 2484 1869 2537 6

278 2556 426 2622 Υἱὸς,
455 2559 596 2614 ἀλλὰ
634 2561 908 2635 γέννημα,
935 2564 1033 2637 οὐχ
1078 2567 1155 2633 ὡς
1182 2570 1414 2643 ποιητὴν
1444 2572 1537 2626 τὸν
1564 2572 1719 2641 Θεδν,
1750 2574 1867 2630 ἀλλ’

262 2648 353 2710 4b;
381 2650 605 2723 Πατέρα
626 2650 847 2725 δηλοῦν.

963 2772 1176 2829 ΔΛΛΟ.

348 2880 414 2934 El
452 2880 665 2955 ποίημά
697 2885 849 2940 ἐστιν
878 2887 909 2940 6
940 2885 1088 2954 Υἱὸς,
1132 2888 1211 2963 μὴ
1248 2891 1522 2948 καλείσθω
1564 2896 1761 2967 Λόγος,
1791 2898 1868 2972 μὴ

272 2972 466 3041 σοφία,
501 2972 578 3045 μὴ
610 2974 865 3047 δύναμις,
917 2979 994 3049 μὴ
1024 2980 1393 3055 ἀπαύγασμα,
1424 2988 1459 3058 ἢ
1489 2986 1666 3044 ταῦτα
1712 2992 1871 3048 κοινὰ

270 3062 372 3116 καὶ
395 3065 509 3128 τοῖς
537 3062 719 3129 ἄλλοις
746 3066 901 3121 ἔσται
926 3072 1248 3142 ποιήμασιν,
1273 3075 1433 3149 εἴπερ
1462 3076 1601 3141 ὅλως
1620 3080 1872 3155 κεχώρη-

268 3172 371 3209 κεν
398 3154 543 3210 αὐτὰ
580 3160 769 3230 φορεῖν
810 3159 1025 3232 ποίημα
1054 3160 1133 3215 ὢν
1170 3163 1294 3218 καθ’
1334 3166 1480 3237 ὑμᾶς
1512 3170 1540 3222 6
1568 3168 1715 3235 Υἱός.
1748 3154 1871 3226 Κᾶν

1968 1976 2116 2033 Patri
2140 1979 2362 2049 propria
2389 1980 2701 2052 eximiaque
2730 1980 2942 2037 insunt.

2631 2093 2872 2153 ALIUD.

2043 2198 2102 2256 Si
2124 2200 2295 2258 Filius
2316 2210 2401 2258 est
2429 2212 2704 2272 creatura,
2720 2219 2791 2260 ne
2807 2213 3031 2262 vocetur
3057 2206 3220 2264 Pater
3240 2208 3359 2277 ejus
3386 2208 3557 2276 Deus,

1969 2293 2064 2349 sed
2104 2294 2288 2365 potius
2310 2303 2532 2355 creator
2559 2304 2653 2351 aut
2673 2296 2879 2368 opifex.
2911 2296 3082 2355 Filius
3138 2299 3283 2355 enim
3333 2301 3572 2357 ostendit

1972 2393 2207 2456 patrem,
2238 2395 2292 2441 et
2318 2396 2573 2443 creatura
2613 2396 2939 2445 creatorem.
2980 2388 3076 2445 Sin
3126 2399 3309 2446 autem
3343 2399 3573 2447 vocatur

1970 2484 2027 2530 et
2053 2486 2139 2533 est
2168 2475 2333 2543 Deus,
2363 2492 2472 2534 non
2500 2478 2689 2550 utique
2716 2491 2971 2537 creatura
3004 2491 3089 2539 est
3118 2481 3315 2549 Filius,
3347 2484 3441 2540 sed
3469 2498 3570 2558 εε-

1972 2567 2175 2634 nimen,
2201 2568 2373 2626 Deum
2409 2583 2520 2627 non
2541 2580 2603 2627 ut
2626 2571 2917 2640 factorem,
2947 2575 3045 2631 sed
3098 2584 3157 2631 ut
3206 2574 3425 2632 Patrem
3476 2574 3573 2633 de-

1970 2669 2303 2718 monstrans.

2663 2777 2899 2839 ALIUD.

2046 2891 2108 2949 Si
2140 2890 2311 2948 Filius
2330 2900 2418 2949 est
2442 2902 2720 2961 creatura,
2753 2911 2822 2952 ne
2851 2905 3075 2953 vocetur
3097 2895 3361 2964 Verbum,
3394 2913 3461 2955 ne
3481 2914 3573 2956 sa-

1974 2986 2207 3058 pientia,
2239 3002 2307 3042 ne
2338 2989 2581 3059 potentia
2619 2990 2688 3057 “,
2715 3006 2786 3047 tte
2848 2992 3105 3063 splendor
3136 2992 3221 3049 ’δε
3274 3003 3373 3050 aut
3420 3006 3575 3053 certe

1974 3079 2283 3134 communia
2311 3078 2428 3135 hanc
2450 3088 2615 3136 erunt
2643 3082 2809 3137 etiam
2874 3099 2996 3139 cum
3030 3084 3152 3141 aliis
3198 3088 3500 3152 creaturis;
3528 3091 3575 3145 si

1974 3167 2195 3238 quidem
2227 3170 2421 3226 horum
2454 3172 2697 3227 omnium
2725 3188 2983 3244 capacem
3015 3190 3141 3232 esse
3158 3177 3339 3234 dicitis
3368 3178 3571 3236 Filium

277 3246 389 3319 γάρ
408 3262 463 3300 τι
488 3245 656 3301 πλέον
682 3247 795 3302 τῶν
823 3248 1000 3305 ἄλλων
1039 3253 1204 3308 αὑτὸν
1228 3253 1373 3326 ἔχειν
1408 3258 1606 3331 λέγητε
1633 3263 1869 3334 ποιημά-

1986 3260 2068 3329 qui
2104 3268 2312 3326 tamen,
2340 3275 2409 3316 ex
2432 3272 2615 3318 vestra
2642 3266 2936 3333 sententia,
2972 3275 3057 3323 est
3117 3279 3389 3325 creatura.
3435 3270 3570 3327 Nam

266 3352 407 3402 πων,
435 3336 553 3390 ἀλλ’
584 3336 737 3392 ισται
764 3338 932 3394 πάλιν
963 3342 1118 3396 οὐδὲν
1139 3339 1304 3415 ἦττον
1327 3347 1561 3421 ποίημα.
1599 3350 1665 3406 EI
1694 3352 1752 3407 δὲ
1778 3354 1873 3408 ἐπὶ

282 3428 379 3497 μὲν
412 3427 525 3481 τῶν
553 3428 732 3483 ἄλλων
760 3430 974 3497 οὐδενὸς
1003 3433 1075 3487 16
1101 3435 1333 3492 τοιαῦτα
1359 3438 1597 3511 λέγεται,
1630 3444 1779 3518 μόνῳ
1814 3445 1872 3500 δὲ

281 3520 513 3591 πρέπειν
554 3522 634 3594 τῷ
687 3522 804 3593 Υιῷ
858 3525 1280 3597 ὶπαληθεύεται,
1338 3533 1440 3588 οὐκ
1496 3535 1609 3608 ἄρα
1658 3536 1871 3595 ἓν-τῶν

283 3614 603 3684 ποιημάτων
640 3615 816 3683 ἐστὶν,
848 3616 987 3673 ἀλλὰ
1026 3622 1240 3693 καρπὸς
1268 3623 1369 3697 τῆς
1416 3626 1608 3695 οὓσίας
1630 3622 1726 3686 τοῦ
1754 3633 1871 3689 Πα-

276 3703 425 3775 τρός.

970 3920 1180 3975 AAAO.

347 4021 411 4078 Et
434 4023 615 4078 πάντα
640 4025 709 4079 δι’
738 4026 869 4082 Υἱοῦ
899 4032 1229 4102 γεγενῆσθαι
1264 4041 1485 4111 φησινή
1513 4040 1635 4099 Gaia
1655 4046 1870 4122 Γραφὴ,

278 4114 491 4186 ποίημα
512 4115 573 4170 δέ
602 4134 687 4180 τις
707 4119 802 4173 καὶ
830 4121 929 4193 οὐχ
954 4122 1082 4178 Υιδν
1111 4126 1369 4198 ὁμολογεῖ
1400 4130 1491 4186 τὸν
1519 4114 1713 4206 Λόγον,

278 4207 377 4259 οὐκ
403 4206 517 4278 εχει
547 4206 701 4273 Θεός.
738 4209 803 4265 Et
839 4210 896 4266 δὲ
923 4213 1087 4307 τοῦτο
1112 4218 1332 4295 ἀληθὲς,
1372 4222 1491 4289 πῶς
1537 4225 1691 4284 ἔσται
1714 4248 1874 4307 ποιη-

280 4298 398 4367 τὴς,
447 4297 552 4352 οὐκ
602 4299 742 4371 ἔχων
780 4302 851 4356 δι’
900 4296 962 4358 οὗ
1007 4306 1078 4360 τὰ
1122 4310 1301 4365 πάντα
1346 4313 1679 4387 ἐργάζεταις
1735 4296 1872 4380 Ἀλλ’

215 4441 220 4445 ,
282 4388 577 4488 ὶργάζεται
604 4391 701 4445 καὶ
728 4392 1055 4488 δημιουργεῖ
1086 4400 1154 4455 16
1181 4402 1362 4458 πάντα
1386 4405 1521 4471 Θεός
1546 4426 1559 4440 ·
1592 4410 1740 4467 ἐστιν
1763 4416 1873 4488 ἄρα

280 4480 371 4533 καὶ
407 4484 437 4536 6
472 4480 604 4547 Υἱὸς
633 4484 703 4539 δι’
731 4479 793 4538 οὗ
817 4486 888 4543 τὰ
913 4490 1111 4559 πάντα,
1144 4493 1205 4547 16
1239 4491 1381 4550 εἶναι
1414 4499 1628 4573 ποίημα
1651 4479 1874 4578 διαφεύ-

282 4588 393 4639 γιον
413 4574 492 4637 ὡς
505 4573 672 4640 Θιός.

966 4777 1172 4835 ΔΛΛΟ.

466 4882 569 4951 Ὠς
600 4884 669 4950 ἐξ
708 4886 1068 4958 ἀντιθέσεως
1120 4895 1242 4951 τῶν
1272 4898 1348 4955 δῖ’
1384 4902 1684 4976 ἐναντίας.

348 5018 633 5117 Βουλήσει,
680 5026 870 5117 φασιν,
915 5028 945 5079 6
982 5028 1175 5104 Πατὴρ
1215 5032 1306 5089 16v
1356 5036 1482 5093 Υίὸν
1531 5041 1865 5117 ὑποστήσας,

278 5106 452 5175 οὕτως
502 5112 663 5167 αὑτὸν
707 5114 930 5188 εποίησε
962 5120 1059 5174 καὶ
1102 5121 1166 5193 δη
1174 5126 1457 5211 μιονργόν.
1507 5131 1643 5188 Ἀπὸ
1670 5106 1737 5189 δὲ’
1759 5106 1862 5211 τῆς

1975 3353 2192 3408 tametsi
2219 3368 2343 3408 eum
2366 3354 2572 3426 aliquid
2602 3357 2837 3428 amplius
2865 3375 3029 3430 quam
3086 3360 3327 3431 reliquas
3357 3373 3578 3419 creatu-

1974 3458 2066 3499 ras
2097 3445 2302 3501 habere
2365 3448 2659 3515 censeatis,
2707 3448 3064 3507 nihilominus
3134 3462 3319 3510 tamen
3407 3458 3572 3512 etiam

1972 3544 2226 3592 creatura
2252 3546 2357 3594 est.
2384 3536 2452 3592 At
2485 3539 2531 3594 si
2567 3540 2633 3596 de
2664 3541 2815 3597 nulla
2857 3543 2963 3597 alia
3004 3554 3259 3601 creatura
3295 3545 3573 3616 ejusmodi

1974 3624 2253 3696 dicuntur,
2284 3628 2380 3685 sed
2411 3630 2514 3686 soli
2552 3631 2689 3689 Filio
2732 3648 2860 3691 vere
2896 3637 3265 3693 conveniunt:
3322 3640 3431 3695 non
3488 3650 3576 3698 est

1974 3716 2140 3787 igitur
2172 3719 2341 3780 Filius
2365 3738 2507 3780 unus
2536 3738 2603 3779 ex
2630 3727 2922 3793 creaturis,
2953 3729 3048 3784 sed
3084 3729 3292 3787 fructus
3320 3734 3575 3789 essentia;

1973 3808 2175 3868 Patris.

2652 3929 2888 3988 ALIUD.

2048 4037 2106 4094 Si
2136 4038 2416 4111 Scriptura
2441 4058 2596 4100 sacra
2632 4048 2817 4103 omnia
2871 4064 2969 4119 per
3010 4050 3207 4107 Filium
3256 4051 3401 4109 facta
3446 4068 3572 4112 esse

1978 4127 2234 4197 afﬁrmat,
2277 4142 2334 4187 at
2362 4148 2458 4189 vos
2480 4126 2725 4191 Verbtim
2760 4148 3067 4194 creaturam
3119 4156 3241 4199 esse
3280 4145 3566 4201 contendi-

1978 4224 2066 4286 tis,
2089 4236 2195 4278 non
2232 4222 2432 4280 Filium
2458 4242 2473 4281 :
2503 4226 2644 4283 Deus
2673 4242 2804 4300 ergo
2825 4230 3022 4286 Filium
3056 4247 3162 4287 non
3199 4234 3383 4292 habet.
3413 4236 3569 4305 Quod

1975 4311 2021 4366 si
2041 4326 2227 4367 verum
2271 4324 2379 4383 est,
2423 4318 2697 4388 quomodo
2724 4320 3098 4382 eritcreator.
3144 4337 3270 4377 cum
3328 4341 3437 4380 non
3475 4326 3573 4381 ha-

1976 4403 2102 4459 heat
2155 4420 2252 4474 per
2278 4422 2439 4476 quem
2509 4412 2693 4465 omnia
2752 4412 2945 4467 creat?
2999 4414 3164 4483 Atqui
3220 4426 3481 4486 operatur
3515 4430 3573 4477 et

1975 4504 2128 4551 creat
2168 4499 2352 4552 omnia
2378 4499 2565 4556 Deus:
2627 4513 2711 4557 est
2744 4517 2876 4573 ergo
2926 4512 2979 4558 et
3020 4504 3208 4570 Filius,
3257 4521 3353 4577 per
3405 4523 3568 4578 quem

1899 4622 1949 4681 Β
1975 4584 2183 4653 omnia,
2210 4585 2424 4644 alienus
2446 4590 2516 4647 ah
2538 4605 2604 4648 eo
2633 4600 2692 4647 ut
2712 4592 2783 4647 sit
2806 4602 3082 4660 creatura,
3106 4598 3568 4666 quemadmodum

1976 4675 2137 4732 Deus.

2648 4799 2882 4857 ALIUD.

2346 4907 2436 4963 Ea:
2465 4910 2757 4980 oojectione
2783 4913 3175 4969 haereticorum.

2044 5040 2227 5110 Pater,
2256 5024 2546 5116 inquiunt,
2576 5047 2855 5105 voluntate
2884 5048 3084 5106 Filium
3120 5048 3567 5119 sithstituens,ita

1971 5148 2189 5204 quoque
2212 5144 2267 5190 et
2295 5137 2472 5206 ipsum
2501 5150 2804 5196 creatorem
2834 5140 3038 5199 eﬂ‘ecit.
3068 5142 3146 5197 Ex
3169 5146 3405 5200 essentia
3433 5160 3568 5202 vero

280 5201 464 5267 οὐσίας
485 5202 580 5261 τοῦ
609 5204 821 5277 [ἰατρὸς
848 5208 910 5262 οὗ
937 5229 1118 5283 φαμεν
1158 5205 1425 5290 ὑπάρχειν
1454 5224 1639 5291 αὐτὸν,
1674 5228 1761 5284 ἵνα
1781 5201 1859 5303 μη

1986 5224 2150 5283 Patris
2198 5243 2323 5283 eum
2378 5233 2645 5290 exsistere
2700 5248 2982 5305 negamus,
3058 5250 3129 5291 ne
3188 5238 3359 5293 sectio
3413 5253 3564 5308 quae-

280 5296 416 5393 1ottt‘)
457 5314 543 5362 τις
571 5300 667 5393 καὶ
700 5302 977 5375 ἁπόῤῥοια
1029 5308 1214 5381 νοῆται
1259 5315 1389 5384 περὶ
1430 5316 1529 5388 τὴν
1580 5296 1860 5393 ἄφραστον

1986 5316 2095 5372 iam
2130 5329 2225 5375 aut
2274 5321 2472 5379 divisio
2530 5326 2582 5380 in
2634 5325 2723 5382 illa
2772 5296 3037 5383 ineffabili
3071 5330 3311 5385 essentia
3348 5340 3565 5386 statua-

285 5382 495 5458 ιχείνην
524 5389 735 5447 οὐσίαν.

762 5508 919 5576 Πρὸς
956 5511 1133 5567 τοῦτο
1170 5516 1373 5583 λύσις.

361 5615 499 5670 Ἀλλ’
521 5617 637 5714 εστι
664 5618 839 5675 ταῦτα
859 5620 1027 5714 λῆρος
1045 5627 1148 5714 ,καὶ
1173 5628 1409 5702 ιρλυαρία
1438 5634 1629 5708 πολλή.
1667 5638 1866 5714 ’λπόρ-

1970 5415 2075 5465 tut.

2370 5528 2535 5602 212
2581 5530 2791 5589 Salutio
2822 5535 3155 5605 objectiauis.

2040 5637 2200 5696 δίει-ω
2222 5657 2398 5715 nugae,
2431 5662 2691 5719 meraque
2717 5650 3072 5709 deliramenta
3108 5654 3222 5709 lucc
3249 5662 3396 5709 sunt.
3457 5653 3561 5711 Se-

288 5703 401 5773 ῥοια
415 5708 514 5777 μὲν
534 5707 645 5779 γὰρ
661 5710 756 5763 καὶ
776 5710 938 5783 τομὴ,
970 5713 1064 5767 καὶ
1075 5715 1176 5769 ὅσα
1194 5717 1419 5773 τοιαῦτα
1442 5703 1612 5794 πάθη,
1635 5703 1863 5783 vocis-lim

1986 5732 2075 5790 :tio
2105 5736 2249 5793 enim
2272 5746 2328 5795 et
2358 5738 2576 5810 ‘divisio,
2602 5703 2856 5816 Ialiwque
2911 5745 2964 5802 id
3005 5746 3175 5819 genus
3241 5744 3561 5805 affectiones

346 5882 389 5915 "
418 5882 574 5956 Joan,
603 5900 714 5958 xw,
744 5888 833 5945 15.
912 5891 955 5923 ⁸³
988 5892 1155 5951 lCor.
1188 5911 1227 5963 t,
1261 5896 1352 5955 ει.
1432 5898 1477 5931 ⁸⁸
1502 5899 1665 5957 Hebr.
1703 5917 1742 5967 I,
1768 5905 1821 5962 5.
