3992 6470
1457 402 1517 461 3.
1556 401 1835 459 CYRILLI
1874 398 2347 458 ALEXANDRINI
2384 397 2703 454 ABCHIEP.

3585 392 3689 447 360

448 521 768 595 corporibus
803 521 1128 584 tribuantur,
1158 516 1353 590 quibus
1378 528 1431 575 et
1457 519 1670 578 aﬂ'ectio
1699 521 1812 576 sive
1834 518 2016 591 passio

2121 518 2249 589 περὶ
2280 518 2351 571 τὰ
2376 517 2622 597 σώματα,
2654 511 2736 579 οἷς
2760 514 2855 568 καὶ
2883 513 2944 567 rb
2970 514 3202 584 πάσχειν
3230 510 3457 564 οίκείονο
3487 505 3604 597 6183
3628 504 3691 558 rb

450 614 662 683 propria
695 620 819 678 est;
869 611 962 683 qui
1007 626 1135 669 vero
1192 626 1489 683 corporeus
1538 625 1644 666 non
1705 618 1808 676 est,
1841 609 1909 664 ab
1949 624 2015 664 eo

450 702 612 757 etiam
643 717 919 772 corporea
966 702 1285 760 an‘ectiones
1313 702 1502 758 aliene
1540 715 1685 756 sunt.
1703 699 1886 772 Gignit
1913 700 2015 755 ita-

448 807 553 863 que
582 791 717 847 citra
743 792 903 847 ullam
926 794 1217 849 sectionem
1242 801 1335 847 aut
1371 791 1676 863 passionem
1703 790 1750 847 is
1796 791 1890 861 qui
1943 791 2017 846 in-

448 899 740 955 corporeus
765 873 867 939 est.
903 882 1159 951 Quaenam
1190 884 1336 938 enim
1377 884 1560 952 passio
1611 883 1715 939 soli
1767 883 2017 938 accidere

449 974 716 1038 cernitur,
744 988 868 1027 cum
899 987 966 1027 ex
992 986 1051 1027 se
1078 973 1252 1042 gignit
1272 972 1501 1028 lumen?
1538 972 1795 1041 Quanam
1822 972 2017 1031 divisio

451 1067 647 1123 accidit
672 1067 806 1134 igni,
826 1065 1043 1136 quando
1090 1064 1537 1121 illuminationem
1576 1080 1644 1121 ex
1677 1079 1738 1122 se
1775 1065 2017 1122 emittit?

449 1157 519 1210 At
547 1156 592 1211 si
627 1156 737 1210 haec
761 1156 984 1226 gignunt
1011 1155 1144 1210 citra
1201 1154 1366 1208 ullam
1424 1155 1846 1223 separationem,
1885 1169 2015 1226 pro-

448 1248 760 1315 ducuntque
782 1260 844 1300 ea
873 1259 995 1315 quae
1012 1245 1065 1300 in
1084 1244 1215 1315 ipsis
1234 1256 1362 1300 sunt
1385 1244 1588 1325 absque
1604 1245 1715 1301 ulla
1743 1246 2011 1316 passione,

450 1332 721 1406 quomodo
747 1349 852 1389 non
883 1334 1049 1390 multo
1073 1336 1241 1405 magis
1257 1336 1449 1391 horum
1471 1346 1683 1390 creator
1702 1350 1767 1390 es
1793 1350 1887 1390 sua
1917 1350 2016 1389 na-

456 1439 574 1481 tura
614 1427 825 1482 entittet
845 1427 1233 1497 splendorem?
1262 1428 1367 1481 Aut
1413 1427 1681 1497 quomodo
1735 1426 2017 1481 character

451 1520 519 1573 ab
547 1518 779 1587 imagine
792 1516 1118 1586 separetur?
1154 1516 1381 1587 Semper
1406 1519 1550 1573 enim
1583 1518 1696 1572 hac
1729 1515 2014 1585 conjuncta

451 1622 575 1667 sunt
604 1611 871 1680 simulque
914 1609 1198 1665 exsistunt.
1263 1607 1357 1663 Sin
1417 1623 1546 1663 vero
1596 1594 1753 1677 juxta
1796 1608 2012 1663 illorum

451 1703 777 1773 opinionem,
809 1700 959 1755 arida
992 1714 1058 1757 ac
1113 1700 1315 1755 sterilis
1337 1708 1423 1755 est
1447 1698 1544 1754 Dei
1571 1710 1762 1753 natura
1799 1715 1814 1752 :
1867 1714 2017 1769 qua-

2116 603 2255 661 εῐναι
2284 606 2441 678 σῶμα
2472 595 2775 675 διαφυγὼν,
2819 604 2914 657 καὶ
2954 602 3024 656 τὰ
3053 601 3323 671 σωμάτων
3343 595 3693 666 διαφεύξεται

2117 698 2287 769 πάθη.
2336 699 2522 751 Τίκτει
2568 695 2853 766 τοιγαροῦν
2902 694 3214 765 ἀμερίστως
3262 691 3354 745 καὶ
3394 687 3625 751 ἀπαθῶς
3664 689 3694 739 ὁ

2114 788 2427 859 ἀσώματος.
2469 789 2625 842 Ποῖον
2666 787 2775 860 γὰρ
2818 786 2989 850 πάθος
3036 785 3162 855 περὶ
3194 783 3284 837 τὸν
3319 781 3693 853 ἦλιονὸρᾶται

2114 882 2416 950 γινόμενον,
2443 882 2530 934 ὅτε
2564 879 2739 941 τίκτει
2767 879 2827 933 rb
2864 878 3007 947 φῶς;
3042 878 3201 938 Ποῖος
3242 872 3528 943 συμϐαίνει
3560 871 3689 941 περὶ

2115 971 2177 1025 rb
2205 972 2315 1042 πῦρ
2347 970 2632 1042 μερισμὸς,
2663 973 2792 1025 ὅταν
2830 970 3095 1041 ὲκπὲμπῃ
3124 968 3213 1022 τδν
3252 968 3311 1034 ἐξ
3340 963 3535 1020 ἑαυτοῦ
3575 980 3685 1032 φω-

2115 1066 2341 1132 τισμόν;
2372 1061 2523 1117 Είδὲ
2548 1060 2719 1115 ταῦτα
2742 1061 2906 1131 γεννᾷ
2932 1059 3031 1129 μιν
3052 1060 3387 1129 ἀμερίστως,
3411 1055 3687 1125 ἐκπέμπει

2116 1155 2171 1208 δὲ
2197 1156 2265 1208 τὰ
2308 1155 2368 1221 ἐξ
2416 1154 2623 1207 ἑαυτῶν
2666 1152 2912 1216 ἀπαθῶς,
2948 1152 3067 1214 πῶς
3104 1151 3166 1203 ob
3208 1148 3389 1222 πολλῷ
3432 1146 3635 1220 μᾶλλον
3660 1148 3691 1200 ὁ

2114 1245 2318 1300 τούτων
2375 1244 2604 1316 ποιητὴς
2652 1244 2751 1314 τῆς
2796 1243 2989 1298 ἑαυτοῦ
3046 1240 3261 1312 φύσεως
3315 1238 3586 1311 ἐκπέμψαι
3627 1237 3692 1292 rb

2114 1336 2486 1406 ἀπαύγασμα;
2516 1336 2651 1390 Πότε
2673 1336 2958 1407 χαρακτὴρ
2983 1335 3191 1397 είκόνος
3214 1333 3545 1404 χωρίζεται;
3578 1329 3695 1383 ’Διὶ

2114 1427 2221 1497 γὰρ
2254 1427 2389 1496 αὐτῇ
2436 1426 2760 1497 συμπέφυκε
2797 1442 2855 1477 τε
2890 1424 2983 1477 καὶ
3014 1423 3334 1494 ἐνυπάρχει.
3369 1422 3433 1475 Ei
3476 1418 3535 1473 δὲ
3568 1416 3693 1473 κατ’

2113 1518 2354 1580 ἐκείνους
2379 1516 2517 1588 ξηρὰ
2547 1518 2641 1570 καὶ
2678 1515 2921 1585 ἄκαρπός
2952 1518 3100 1569 ἐστιν
3127 1517 3160 1585 ἡ
3192 1513 3286 1567 τοῦ
3325 1510 3479 1583 Θεοῦ]
3502 1510 3691 1587 φύσις,

2113 1608 2247 1678 τίςη
2293 1605 2354 1672 ἐξ
2380 1606 2545 1660 αὐτοῦ
2583 1605 2919 1678 προελθοῦσα
2952 1604 3207 1675 βούλησις
3240 1602 3491 1675 ἐνεργὴς,
3528 1601 3565 1673 ἢ
3599 1601 3694 1656 καὶ

2111 1700 2202 1753 τὸν
2233 1698 2359 1753 Υίὺν
2408 1700 2528 1752 κατ’
2559 1698 2799 1762 ἐκείνους
2849 1697 3149 1767 ὑπέστησε,
3186 1695 3554 1767 δημιουργική
3604 1709 3693 1757 τις

453 1786 577 1849 nam
602 1806 668 1847 ex
712 1794 828 1861 ipso
882 1793 1179 1862 procedens
1222 1792 1474 1848 voluntas
1520 1792 1706 1847 eﬂicax
1744 1801 1848 1857 est,
1894 1804 2013 1862 quae

2121 1787 2249 1845 οὖσα
2276 1792 2371 1845 καὶ
2407 1792 2516 1845 τῶν
2556 1792 2657 1845 οὐκ
2700 1791 2866 1844 ὅντων
2913 1789 3211 1861 ποιητικῆς
3249 1788 3553 1856 Φεύγοντες
3582 1784 3694 1858 γὰρ

452 1883 681 1949 Filium,
716 1892 776 1937 ut
818 1882 893 1937 illi
922 1882 1125 1949 volunt,
1154 1883 1451 1949 substituit,
1498 1882 1734 1937 creatrix
1776 1882 2016 1951 quadam

2121 1885 2179 1938 rb
2209 1886 2273 1937 ὲκ
2303 1883 2405 1953 τῆς
2428 1883 2617 1947 οὐσίας
2635 1881 2729 1937 τοῦ
2754 1882 2967 1955 [ἰατρὸς
3004 1880 3364 1951 γεγεννῆσθαι
3392 1880 3576 1947 λέγειν
3600 1878 3694 1932 rbv

443 1976 741 2039 cxsistens,
759 1982 816 2027 et
829 1987 1014 2028 eorum
1031 1980 1152 2044 qtm
1165 1988 1272 2030 non
1292 1975 1561 2029 exsistunt
1580 1972 1860 2029 eﬂ‘ectrixl
1884 1970 2019 2027 Cum

454 2064 597 2119 enim
615 2060 1121 2130 detrectantl'ateri,
1147 2078 1215 2118 ex
1256 2063 1492 2119 essentia
1555 2061 1734 2118 Patris
1777 2062 2020 2133 genitum

454 2170 573 2222 esse
592 2169 784 2213 creatis
816 2155 984 2226 ipsius
1011 2153 1267 2217 Verbum.
1298 2169 1329 2208 a
1361 2155 1589 2210 veritate
1618 2154 1669 2207 in
1698 2154 1838 2208 hunc
1860 2167 2017 2209 erro-

455 2262 570 2302 rem
601 2246 873 2301 labuntur.
912 2245 1007 2301 Est
1034 2243 1176 2300 enim
1207 2243 1375 2300 Filius
1405 2245 1524 2299 viva
1554 2254 1718 2313 atque
1764 2245 2022 2299 essentia-

454 2338 575 2395 liter
604 2336 927 2393 inexsistens
952 2336 1130 2392 Patris
1158 2335 1425 2397 voluntas.
1458 2345 1515 2393 et
1568 2335 1800 2391 Verbum
1828 2334 2018 2406 ipsius,

455 2444 549 2500 per
576 2431 716 2500 quod
742 2429 920 2485 omnia
955 2437 1223 2499 operatur.

455 2557 756 2616 Observatio
786 2578 851 2616 ea:
870 2577 1022 2633 sacra
1063 2561 1357 2631 Scriptura,
1380 2562 1517 2631 quod
1543 2561 1701 2617 etiam
1724 2563 1790 2617 de
1831 2563 1898 2616 iis
1930 2564 2023 2633 qui

517 2632 831 2685 naturaliter
851 2632 954 2702 ﬁlii
982 2642 1170 2702 sunt”
1196 2634 1422 2698 genitam
1464 2648 1593 2699 esse,
1626 2650 1645 2684 ι
1694 2642 1743 2686 et
1771 2651 1789 2684 ι
1821 2632 2023 2702 factum

510 2716 640 2766 esse,
678 2719 694 2750 ι
738 2701 1102 2770 indi/ferent"
1129 2701 1362 2755 dicatur.

525 2833 753 2889 Nomina
780 2832 914 2887 nihil
942 2830 1205 2894 officiunt.
1249 2846 1371 2886 cum
1426 2846 1515 2887 res
1566 2832 1697 2902 ipsa:
1760 2832 1917 2889 aliter
1962 2848 2021 2889 se

458 2924 679 2979 habent.
715 2922 949 2978 Tametsi
986 2925 1127 2978 enim
1172 2923 1240 2977 iis
1282 2922 1372 2992 qui
1405 2930 1600 2980 natura
1624 2924 1718 2980 lilii
1742 2934 1889 2990 sunt,
1916 2939 2024 2980 ser-

456 3016 643 3070 vitutis
678 3030 866 3070 nomen
914 3022 1347 3070 accommouetur
1372 3056 1388 3081 ,
1426 3016 1688 3071 naturalis
1732 3017 2023 3072 nobilitatis

458 3108 702 3178 dignitati
730 3106 865 3161 nihil
898 3106 1144 3177 derogat.
1180 3108 1357 3175 Atque
1385 3106 1456 3161 ita
1500 3108 1661 3162 etiam
1690 3108 1737 3162 si
1761 3110 1848 3177 qui
1874 3108 2024 3179 geni-

2119 1974 2451 2047 δημιουργὺν
2492 1974 2659 2029 αὑτοῦ
2696 1974 2889 2043 Λόγον,
2930 1975 2995 2026 εκ
3030 1972 3129 2044 τῆς
3159 1970 3418 2045 ἀληθείας
3450 1970 3529 2033 είς
3558 1968 3697 2024 αὐτὶ

2121 2065 2552 2121 συνελαύνονται.
2586 2065 2742 2119 Ἐστι
2786 2065 2895 2137 γὰρ
2924 2064 3051 2128 Υίδς
3078 2064 3113 2135 ἡ
3146 2062 3298 2128 ζῶσα
3332 2063 3426 2117 καὶ
3454 2060 3697 2124 ινούσιος

2118 2157 2213 2211 τοῦ
2244 2158 2457 2231 [ἰατρὸς
2495 2156 2771 2229 βούλησις,
2814 2158 2908 2213 καὶ
2934 2159 2963 2212 ὁ
2998 2157 3170 2228 Λόγος
3209 2155 3398 2222 αὐτοῦ,
3436 2154 3504 2210 δι’
3527 2146 3592 2209 οῦ
3623 2153 3701 2210 τὰ

2122 2251 2300 2306 πάντα
2330 2249 2649 2322 ἐργάζεται.

2134 2566 2513 2635 Ἐπιτήρησις
2544 2564 2661 2635 dm}
2693 2562 2803 2631 τῆς
2845 2562 3007 2635 θείας
3040 2560 3308 2635 Γραφῆς,
3337 2559 3424 2635 ὅτι
3467 2558 3566 2635 καὶ
3593 2556 3698 2635 ἀεὶ

2192 2626 2519 2704 τῶνξρῦσέι
2557 2633 2720 2697 υΙῶν,
2844 2652 2862 2683 ι
2890 2626 3212 2704 ἐγένοὴοί
3240 2626 3411 2698 ﬁrmi
3444 2648 3462 2681 t
3498 2626 3699 2697 ἐποιή-

2193 2702 2393 2773 θησαν
2441 2724 2459 2756 r
2501 2704 2684 2758 κεῖται
2712 2702 3062 2770 ἀδιαφόρως.

2192 2837 2356 2901 Οὐδὲν
2404 2838 2458 2889 αἱ
2492 2836 2661 2900 λέξεις
2710 2834 3009 2899 ἀδικοῦσιν,
3060 2834 3189 2888 ὅταν
3233 2833 3434 2902 ἑτέρως
3483 2831 3585 2903 [xu
3626 2832 3700 2885 τὰ

2123 2928 2264 2999 πρὰγ
2280 2944 2441 2998 ματα.
2461 2927 2581 2978 Ἐπὶ
2611 2925 2718 2995 γὰρ
2740 2924 2849 2977 τῶν
2871 2920 3205 2993 φύσειευὶὦν,
3234 2920 3338 2975 κᾶν
3358 2919 3418 2973 rb
3449 2918 3550 2989 τῆς
3570 2917 3699 2973 δου-

2122 3022 2273 3084 λείας
2310 3018 2479 3088 ὅνομα
2519 3016 2799 3086 τάττηται,
2834 3015 2895 3068 οὐ
2944 3014 3291 3084 παραιτεῖται
3321 3012 3420 3082 τῆς
3458 3010 3697 3081 φυσικῆς

2124 3108 2401 3177 εὐγενείας
2435 3106 2497 3158 τὸ
2542 3103 2779 3174 ἀξίωμα.
2817 3103 2939 3157 Κᾶν
2985 3106 3014 3156 ὁ
3058 3102 3338 3172 γεννηθεὶς
3367 3099 3696 3172 πεποιῆσθαι

460 3206 545 3252 tns
567 3207 667 3263 est,
699 3197 871 3251 factus
902 3211 1022 3252 esse
1070 3198 1303 3263 dicatur,
1341 3199 1577 3267 quandiu
1642 3214 1823 3253 veram
1864 3214 2014 3253 suam

2121 3200 2364 3270 λέγηται,
2398 3197 2503 3259 ἕως
2539 3195 2605 3249 ἂν
2637 3194 2784 3265 αὑτῷ
2816 3192 3187 3265 περισώζηται
3216 3192 3276 3245 rb
3307 3190 3694 3263 ἀληθέστερον,

458 3288 716 3358 originem
750 3289 971 3354 retinet,
997 3304 1189 3344 nomen
1220 3290 1395 3358 ipsum
1420 3289 1470 3342 ei
1518 3290 1714 3344 danmo
1758 3305 1880 3345 esse
1917 3306 2022 3346 non

460 3379 937 3448 potest.Naturam
968 3380 1112 3433 enim
1169 3396 1275 3434 non
1340 3380 1557 3435 nomina
1604 3382 1657 3434 in
1714 3383 2023 3437 universum

464 3470 805 3539 inquirimus.
834 3468 966 3524 Cum
993 3471 1155 3540 igitur
1182 3472 1247 3525 de
1272 3470 1572 3541 genitoDei
1604 3469 1781 3527 Verbo
1806 3473 2019 3541 dicitur,

459 3563 599 3629 quod
622 3560 693 3615 sit
711 3560 881 3615 ﬁdelis
902 3559 950 3615 ei
975 3561 1063 3630 qni
1095 3560 1218 3616 fecit
1241 3562 1511 3630 ipsum‘",
1541 3577 1606 3617 ne
1628 3563 1751 3632 quis
1775 3564 2021 3633 proprie-

461 3660 620 3706 tatem
648 3652 976 3705 exsistentia:
994 3652 1163 3722 ipsius
1185 3653 1563 3719 calumnietur,
1600 3656 1693 3709 sed
1712 3663 1805 3709 aut
1825 3656 2023 3711 intelli-

460 3754 544 3812 gat
570 3745 774 3798 ratione
814 3744 1207 3799 incarnationis
1233 3745 1460 3809 dictum,
1496 3755 1589 3799 aut
1638 3746 1775 3799 nihil
1824 3745 2015 3801 alliciat

458 3836 667 3889 veritati
706 3850 897 3890 nomen
942 3836 1085 3904 quod
1116 3834 1479 3891 indifferenter
1514 3837 1795 3906 accipitur.
1836 3837 2022 3892 Betsa-

458 3924 555 3979 hee
610 3925 949 3981 Salomonetn
1014 3942 1227 3981 servum
1286 3927 1449 3982 David
1497 3930 1729 3993 vocavit,
1792 3930 2017 3985 dicens:

464 4033 482 4065 ι
514 4012 737 4067 Servum
772 4025 919 4067 tuum
949 4014 1287 4069 Salmnonem
1316 4016 1383 4069 ”.
1430 4035 1447 4067 ι
1468 4016 1657 4071 Patres
1675 4032 1887 4086 quoque
1916 4032 2019 4072 sa:-

458 4121 753 4173 pennmero
794 4122 888 4161 eus
908 4107 998 4175 qui
1027 4121 1090 4160 ex
1121 4109 1249 4176 ipsis
1285 4109 1447 4176 geniti
1479 4120 1602 4163 sunt
1629 4124 1813 4165 servos
1828 4118 2021 4165 vocant

457 4208 511 4251 et
536 4212 740 4265 servos,
779 4199 934 4254 ﬁlios.
956 4198 1217 4253 Caeterum
1256 4203 1468 4253 nomina
1499 4210 1746 4256 naturam
1774 4218 1880 4258 non
1918 4204 2019 4258 im-

459 4298 684 4351 mutant,
711 4291 802 4342 sed
830 4291 1003 4356 potius
1038 4300 1360 4356 p0testatem
1394 4292 1604 4345 illorum
1633 4294 1723 4360 qui
1776 4294 1853 4348 ita
1900 4294 2019 4350 illos

458 4377 733 4447 appellare
758 4380 1074 4446 voluerunt,
1114 4385 1435 4453 signiﬁcant.
1464 4384 1615 4449 Quod
1648 4395 1825 4439 autem
1853 4389 2016 4442 etiam

457 4468 493 4521 ii
522 4470 611 4537 qui
642 4471 807 4537 geniti
838 4480 980 4534 sunt,
1020 4489 1038 4522 ι
1080 4471 1203 4526 lacti
1244 4492 1262 4524 ι
1314 4476 1585 4539 dicantur,
1631 4476 1755 4531 inde
1791 4479 2018 4533 manife-

2123 3291 2273 3343 οὐδὲν
2300 3289 2406 3342 ἀπὸ
2425 3290 2524 3358 τῆς
2546 3286 2749 3351 λέξεως
2776 3286 3035 3356 ὑπομένει
3080 3285 3142 3339 rb
3176 3284 3439 3354 ἀδίκημα.
3481 3283 3548 3338 Ἦ
3585 3282 3696 3354 γὰρ

2123 3380 2306 3449 φύσις,
2335 3380 2395 3431 οὒ
2436 3378 2652 3440 πάντως
2686 3378 2720 3447 ὴ
2764 3375 2911 3442 λέξις
2940 3373 3272 3441 ὲξετάζεται.
3304 3375 3475 3429 Ὅταν
3515 3374 3697 3429 τοίνυν

2122 3471 2215 3525 ἐπὶ
2244 3471 2336 3525 τοῦ
2370 3469 2718 3542 γεννηθέντος
2748 3466 2882 3521 Θεοῦ
2913 3468 3086 3537 Λόγου
3117 3468 3351 3538 φέρηται
3378 3467 3460 3532 rb,
3495 3465 3696 3521 Πιστδν

2121 3563 2249 3617 ὄντα
2273 3562 2348 3633 τῷ
2385 3564 2670 3632 ποιήσαντι
2709 3559 2863 3624 αὐτὸ,
2890 3558 2964 3631 μὴ
2986 3557 3432 3628 συκοφαντείσθω
3458 3557 3520 3611 rb
3558 3557 3695 3629 γνή-

2123 3671 2236 3707 σιον
2256 3654 2354 3725 τῆς
2392 3652 2679 3724 ὑπάρξεως
2712 3648 2900 3713 αυτοῦ,
2933 3649 3047 3703 ἀλλ’
3093 3649 3126 3721 ἢ
3173 3648 3398 3704 νοείσθω
3434 3650 3564 3721 περὶ
3600 3649 3695 3704 rbv

2118 3745 2217 3815 τῆς
2274 3744 2734 3816 ὲνανθρωπήσεως
2776 3741 2952 3810 λόγον,
2999 3741 3033 3812 ἢ
3078 3740 3245 3812 μηδὲν
3299 3741 3552 3796 ὰδικείτω
3592 3741 3693 3813 τὴν

2121 3838 2382 3908 ἀλήθειαν
2404 3839 2463 3891 rb
2496 3837 2595 3906 τῆς
2621 3834 2821 3900 λέξεως
2850 3832 3161 3907 ἀδιάφορον.
3180 3833 3459 3905 Βηρσασεὶ
3485 3834 3576 3887 τὸν
3595 3834 3684 3887 Σοα

2120 3929 2335 3999 λομῶνα
2363 3927 2543 3982 δοῦλον
2569 3928 2750 3980 ἐκάλει
2777 3926 2870 3980 τοῦ
2898 3926 3078 3989 Δαὸὶδ,
3102 3926 3336 3993 λέγουσα
3354 3942 3369 3956 ·
3407 3945 3427 3978 ι
3457 3925 3561 3981 Τὸν
3581 3924 3693 3979 δοῦ⁴

2119 4019 2207 4072 λόν
2238 4036 2330 4071 σου
2366 4017 2674 4087 Σολομῶνα.
2720 4036 2737 4066 ι
2774 4017 2881 4068 Καὶ⁵
2922 4017 3157 4086 πατέρες
3193 4015 3451 4079 πολλάκις
3476 4016 3603 4078 τοὺς
3631 4011 3693 4080 ἐξ

2120 4110 2326 4164 ἑαυτῶν
2371 4109 2727 4178 γεννηθέντας
2775 4106 2990 4170 δούλους
3036 4105 3391 4170 ἀποκαλοῦσι,
3430 4106 3524 4162 καὶ
3563 4106 3692 4170 τοὺς

2118 4201 2331 4265 οἰκέτας
2365 4201 2534 4264 υίούς.
2577 4202 2717 4253 Ἀλλ’
2752 4202 2850 4271 οὐχ
2878 4203 2934 4254 αί
2962 4200 3136 4266 λέξεις
3164 4199 3262 4270 τὴν
3306 4199 3470 4267 φύσιν
3492 4198 3691 4257 an“-

2118 4312 2292 4357 τουσι,
2325 4292 2522 4363 μᾶλλον
2542 4291 2599 4344 δὲ
2631 4292 2727 4359 τὴν
2754 4291 3000 4354 ἐξουσίαν
3039 4292 3147 4343 τῶν
3172 4290 3313 4343 οὕτω
3352 4286 3689 4359 βουλομένων

2120 4385 2412 4438 ἀποκαλεῖν
2430 4382 2876 4435 ἐπιδεικνύουσιν.
2905 4382 3025 4434 Ὀτι
3044 4382 3099 4435 δὲ
3121 4382 3213 4434 καὶ
3234 4381 3326 4433 ἐπὶ
3352 4380 3463 4434 τῶν
3492 4397 3691 4447 rem-

2124 4477 2296 4547 μένων
2326 4476 2637 4544 εὑρίσκεται
2665 4475 2726 4526 rb
2759 4493 2775 4523 t
2816 4474 3057 4544 ἐποίησε.
3092 4491 3110 4523 t
3132 4473 3288 4542 δῆλον
3318 4472 3584 4527 ἐντεῦθεν.
3627 4473 3688 4526 '0

455 4569 595 4611 stum
620 4568 720 4611 est.
750 4558 909 4627 213
938 4559 1194 4614 Ezechias
1223 4563 1363 4615 enim
1397 4563 1466 4615 ita
1504 4564 1678 4632 inquit
1710 4584 1723 4619 :
1764 4584 1781 4615 ι
1815 4566 1894 4620 Ab
1926 4567 2016 4621 ho-

2124 4568 2217 4637 μὲν
2260 4567 2366 4634 γὰρ
2408 4565 2650 4633 Ἐζεκίας
2698 4564 2888 4633 φησίν·
2925 4581 2941 4613 ι
2992 4562 3123 4617 Ἀπὸ
3166 4562 3276 4631 γὰρ
3320 4561 3417 4629 τῆς
3450 4561 3688 4630 σήμερον

454 4650 639 4703 dierno
662 4649 747 4703 die
778 4650 914 4703 ﬁlios
944 4651 1133 4705 faciam
1168 4653 1233 4706 “.
1276 4673 1295 4705 ι
1354 4653 1421 4707 Ει
1476 4656 1541 4710 de
1590 4654 1689 4711 Job
1754 4659 2012 4726 scriptum

452 4750 535 4795 est
570 4757 583 4791 :
649 4759 666 4791 ι
698 4741 845 4796 Facti
882 4753 1007 4797 sunt
1038 4746 1084 4797 ei
1118 4745 1210 4798 ﬁlii
1239 4755 1462 4814 septem,
1488 4756 1541 4800 et
1568 4747 1688 4803 ﬁlia;
1745 4758 1853 4804 tres
1884 4750 1950 4803 ".
1993 4769 2011 4801 ι

454 4830 510 4885 Si
538 4847 663 4903 ergo
707 4835 759 4887 in
787 4833 1114 4903 hominibus,
1170 4852 1275 4891 non
1332 4837 1571 4893 absolute
1623 4842 1860 4906 nomina,
1921 4844 2014 4896 sed

453 4938 541 4977 res
575 4924 718 4993 ipsas
754 4925 1043 4992 intuentes,
1093 4942 1211 4995 quae
1262 4928 1510 4983 dicuntur
1552 4931 2007 5001 interpretamur:

452 5014 715 5079 quomodo
743 5030 845 5070 non
905 5016 1113 5070 utiliter
1153 5018 1302 5091 idem
1364 5019 1416 5072 in
1479 5018 1613 5075 lt‘ilio
1654 5019 1748 5075 Dei
1799 5031 2007 5078 statue-

450 5103 598 5157 unus?

1150 5308 1374 5363 ALIUD.

511 5416 731 5481 Nomen,
761 5418 927 5485 ﬁlius,
960 5431 1359 5487 generationem
1385 5437 1449 5476 ex
1501 5434 1651 5492 patre
1719 5424 2008 5495 signiﬁcat,

452 5518 695 5560 creatura
726 5522 875 5572 vero,
906 5511 1049 5578 quod
1112 5513 1349 5567 exterius
1416 5516 1764 5571 constitutum
1821 5529 1924 5577 est.
1953 5518 2007 5575 Si

448 5609 575 5665 ergo
597 5594 766 5653 Filius
794 5608 899 5666 est,
934 5616 1001 5655 ne
1034 5613 1249 5658 vocetur
1292 5615 1539 5661 creatura
1576 5624 1593 5663 :
1650 5611 1693 5664 si
1760 5624 2009 5665 creatura

524 5773 590 5808 ιδ’
615 5773 781 5831 liebr.
821 5792 903 5841 tu,
932 5778 985 5831 2.
1058 5780 1102 5810 ⁸⁸
1134 5780 1195 5836 Ill
1229 5782 1357 5852 Reg.
1388 5799 1427 5851 ι,
1462 5784 1547 5839 19.

1627 5788 1670 5816 ⁸⁸
1700 5784 1762 5839 ιν
1796 5785 1926 5854 Reg.
1957 5803 2068 5851 τις,
2094 5788 2145 5842 '5.

2119 4655 2305 4707 παιδία
2340 4653 2570 4721 ποιήσω.
2605 4671 2623 4703 r
2662 4653 2795 4722 Περὶ
2830 4652 2885 4704 δὲ
2920 4650 3015 4703 τοῦ
3059 4649 3175 4702 ’1ὼὸ
3228 4650 3555 4721 γέγραπται,
3603 4650 3687 4703 ὅτι

2124 4764 2140 4796 ι
2184 4745 2458 4812 Ἐγένοντο
2481 4742 2627 4811 αὑτῷ
2669 4742 2773 4793 υἱοὶ
2801 4740 2938 4793 ἑπτὰ
2967 4741 3061 4793 καὶ
3103 4739 3402 4810 θυγατέρες
3444 4743 3615 4811 τρεῖς.
3660 4759 3680 4793 s

2116 4837 2177 4888 Εἰ
2208 4836 2385 4887 τοίνυν
2421 4836 2506 4886 ἐπ’
2537 4831 2632 4886 ἀνθ
2646 4832 2841 4902 ρώπων
2873 4832 2932 4884 οὐ
2973 4835 3091 4895 ταῖς
3124 4831 3432 4903 ἀκριϐείαις
3454 4830 3564 4885 τῶν
3598 4831 3680 4885 λι.

2112 4927 2268 4992 ξεων,
2295 4924 2431 4978 ἀλλὰ
2468 4927 2531 4993 τῇ
2567 4923 2725 4990 φύσει
2756 4923 2862 4975 τῶν
2898 4922 3237 4994 πραγμάτων
3268 4923 3562 4994 ινοριῖιντις
3587 4924 3680 4977 ὲκ-

2109 5018 2377 5087 δεχὸμεθα
2427 5016 2487 5068 τὸ
2530 5014 2881 5084 λαλούμενονο
2924 5015 3041 5078 πῶς
3092 5018 3191 5070 οὑκ
3237 5014 3549 5083 ἀναγκαίως
3590 5014 3679 5068 τὸν

2116 5110 2277 5163 αὐτὸν
2327 5105 2710 5176 διακεισόμεθα
2764 5107 2964 5175 τρόπον
3011 5109 3103 5161 ἐπὶ
3153 5105 3248 5160 τοῦ
3295 5105 3440 5160 Θείου
3486 5108 3679 5176 γεννή-

2118 5213 2283 5267 ματος
2301 5212 2315 5260 ;
3438 5228 3439 5231 η

2790 5313 2997 5366 ΑΛΛΟ.

2180 5427 2253 5480 Tb
2280 5428 2409 5492 υἱὸς
2441 5425 2608 5498 ὄνομα
2638 5426 2735 5497 τὴν
2765 5427 2829 5479 ὲκ
2864 5424 3069 5494 πατρὸς
3107 5424 3360 5495 σημαίνει
3386 5423 3673 5495 γέννησιν·

2105 5521 2166 5573 τὸ
2198 5521 2253 5573 δὲ
2282 5521 2531 5588 ποίημα,
2560 5512 2627 5573 rb
2673 5519 2871 5586 ἔξωθεν
2929 5517 3338 5586 συνιστάμενον.
3381 5514 3443 5569 Ei
3494 5516 3680 5573 τοίνυν

2108 5612 2233 5674 Tib;
2263 5615 2399 5673 ἐστι,
2426 5610 2500 5681 μὴ
2534 5610 2805 5665 καλείσθω
2827 5609 3036 5681 ποίημα
3056 5625 3070 5641 ·
3110 5608 3161 5662 εί
3189 5605 3403 5678 ποίημὰ
3422 5605 3567 5673 lori,
3600 5606 3678 5679 μὴ

2224 5788 2266 5819 ⁸⁷
2294 5786 2391 5842 Job
2426 5802 2463 5851 ι,
2498 5788 2550 5841 9..
