3992 6496
250 480 343 536 361

1684 469 2131 529 TliESAURUS.

3444 481 3552 536 36‘2

255 593 500 649 καλείσθω
527 591 918 662 ψευδώνυμος
948 591 1094 657 Υίός.
1142 592 1282 648 Ἀλλ’
1313 592 1442 657 Υἱὸς
1481 592 1728 647 καλεῖται
1758 593 1853 647 καὶ

1970 598 2062 655 est,
2122 604 2191 647 ne
2251 590 2389 648 falso
2450 596 2672 653 nomine
2736 604 2959 652 vocetur
3021 595 3211 652 Filius.
3273 595 3549 652 Caeterum

253 690 421 741 ἔστιν·
450 685 649 740 οὐκοῦν
687 686 754 739 οὐ
789 685 1020 757 ποίημα.

256 801 454 866 ΑΛΛΟ,
500 802 697 871 λόγος
736 800 990 867 πιθανὸς
1027 799 1341 871 δεικνύων,
1369 799 1461 854 ὅτι
1507 800 1581 855 οὐ
1625 799 1855 871 ποίημά

852 871 1023 925 ἐστιν
1060 873 1093 925 ό
1136 870 1291 936 Υἱός.

327 982 527 1052 Εἴρηκέ
578 1000 686 1036 που
719 983 977 1054 Σολομῶν
1001 984 1031 1037 6
1060 982 1377 1053 σοφώτατος
1401 1025 1416 1050 ,
1448 984 1532 1038 ὅτι
1568 1002 1587 1037 t
1619 986 1853 1056 Σύμπαν

250 1076 306 1128 τὸ
345 1078 560 1147 ποίημα
588 1074 711 1140 ἄξει
736 1078 766 1129 6
800 1076 933 1139 Θεὸς
961 1078 1041 1141 είς
1070 1076 1273 1148 κρίσιν.
1305 1096 1325 1131 ι
1369 1078 1432 1131 Ei
1454 1077 1636 1132 τοίνυν
1663 1077 1722 1131 ἓν
1744 1077 1853 1132 τῶν

259 1171 582 1240 ποιημάτων
631 1170 783 1223 ἐστὶν
828 1170 857 1222 6
894 1169 1044 1234 Υἱὸς,
1091 1168 1393 1241 ἀχθήσεται
1430 1170 1527 1223 καὶ
1569 1171 1734 1235 αὐτὸς
1772 1173 1854 1235 εἰς

259 1264 459 1334 κρίσιν.
495 1264 608 1316 Καὶ
652 1261 772 1325 πῶς
799 1262 1086 1333 ἀληθεύσει
1132 1262 1306 1331 λέγων
1345 1264 1476 1333 περὶ
1514 1263 1735 1330 ἐαυτοῦ,
1769 1264 1850 1317 ὅτι

264 1374 282 1407 ι
329 1358 385 1409 '0
418 1355 616 1426 Πατὴρ
664 1354 843 1427 κρίνει
891 1354 1103 1421 οὐδένα,
1136 1354 1275 1408 ἀλλά
1319 1357 1499 1409 πᾶσαν
1537 1354 1634 1428 τὴν
1670 1356 1851 1428 κρίσιν

258 1446 457 1499 δέδωκε
492 1447 573 1516 τῷ
613 1444 761 1516 Υίῷ;
802 1464 821 1498 ι
858 1446 929 1498 Ἢ
965 1444 1085 1508 πῶς
1111 1446 1140 1497 6
1164 1445 1363 1517 Δανιὴλ
1392 1446 1452 1499 οὑ
1478 1446 1741 1517 ψεύσεται
1765 1447 1853 1501 λέ-

258 1556 366 1606 γων
404 1541 493 1592 ὅτι
523 1539 676 1610 αὐτῷ
714 1538 933 1610 ἐδόθηή
973 1538 1191 1609 κρίσις;
1229 1538 1507 1611 ’Λληθεύει
1559 1541 1644 1593 δέ’
1690 1542 1853 1607 αὐτὸς

258 1635 363 1705 γάρ
390 1634 542 1686 ἐστιν
574 1633 603 1685 6
634 1632 926 1704 ἐρχόμενος
962 1634 1144 1702 κρῖναι
1200 1632 1411 1697 ζῶντας
1446 1634 1543 1687 καὶ
1596 1635 1848 1707 νεκρούς.

260 1726 469 1780 Οὐκοῦν
495 1726 555 1777 ού
582 1725 816 1795 ποίημα,
853 1725 973 1777 ούδέ
996 1725 1106 1778 τῶν
1133 1725 1351 1780 πάντων
1382 1726 1461 1789 ἓν,
1492 1727 1580 1781 ἵνα
1614 1728 1688 1799 μὴ
1718 1729 1855 1800 ἄγη-

259 1835 348 1871 ται
380 1820 476 1872 καὶ
505 1816 668 1879 αὐτὸς
690 1816 769 1879 είς
804 1817 1007 1886 κρίσιν.

261 2024 469 2083 ΔΛΛΟ,
505 2023 946 2094 διηγηματικῶς
973 2026 1060 2091 εις
1097 2025 1210 2094 τὸ,
1235 2044 1254 2077 ι
1291 2025 1720 2092 Κατανοήσατε
1748 2026 1857 2080 τὸν

328 2093 687 2175 ἀπόστολον
719 2094 1123 2175 καὶρἀχιερέα
1151 2093 1261 2162 τῆς
1301 2098 1625 2175 όμολογίας
1660 2095 1854 2175 ᾑμῷῖ,

329 2166 557 2236 πιστόν
587 2165 731 2217 ὄντα
750 2164 857 2236 ,τῷ
886 2165 1210 2236 ποιήσαντι
1253 2166 1473 2218 αὐτόν·
1499 2164 1540 2218 “›
1576 2166 1675 2220 καὶ
1706 2164 1857 2236 ἑξῆς

331 2236 371 2303 ἡ
404 2234 641 2287 διάνοια
668 2234 776 2289 τοῦ
793 2234 1009 2303 ῥητοῦ.

332 2351 412 2405 Ού
429 2351 530 2422 τὴν
549 2349 645 2404 τοῦ
671 2350 849 2419 Λόγου
877 2349 1039 2419 φύσιν
1060 2348 1426 2421 ἐξηγούμενος
1446 2352 1475 2404 6
1511 2351 1855 2420 Ἀπόστολος,

261 2442 492 2500 τοιαῦτα
538 2460 726 2514 φησιν,
765 2444 902 2497 ἀλλὰ
947 2443 1046 2513 τὴν
1081 2442 1220 2515 μετὰ
1275 2444 1479 2515 σαρκὸς
1520 2445 1855 2516 οἰκονομίαν.

264 2535 402 2587 Πότε
434 2535 541 2604 γὰρ
587 2533 813 2601 γέγονεν
851 2534 1144 2604 ἀρχιερεὺς
1192 2533 1291 2605 τῆς
1340 2534 1632 2605 ὁμολογίας
1665 2534 1858 2606 ήμῶν;

266 2627 402 2679 Πότε
446 2625 505 2678 δὲ
558 2624 887 2691 ἁπόστολος;
922 2625 1057 2678 Πότε
1105 2625 1163 2679 δὲ
1209 2626 1400 2690 πιστὸς
1443 2627 1523 2698 τῷ
1571 2628 1860 2697 ποιήσαντι

265 2718 460 2782 αὐτόνς
491 2713 569 2770 Ἦ
606 2718 701 2769 ὅτε
738 2717 805 2769 δι’
833 2719 982 2788 ἡμᾶς
1010 2717 1103 2770 καὶ
1136 2718 1277 2789 ὑπὲρ
1308 2718 1463 2789 ἡμῶν
1493 2719 1718 2788 γέγονεν
1761 2719 1859 2773 ἄν-

268 2805 509 2877 θρωπος,
554 2807 652 2859 καὶ
684 2809 826 2860 κατὰ
856 2807 954 2878 τὴν
1001 2807 1249 2861 Ἰωάννου
1283 2808 1488 2880 φωνὴν,
1528 2828 1545 2860 ι
1593 2810 1651 2863 '0
1688 2811 1863 2880 Λόγος

268 2903 404 2975 σὰρξ
450 2904 688 2972 ἐγένετο.
734 2922 753 2955 ι
795 2903 928 2957 Τότε
978 2902 1058 2973 τῷ
1099 2904 1385 2973 ποιήσαντι
1422 2901 1609 2967 αὑτὸν,
1658 2903 1733 2969 ὼς
1766 2904 1861 2957 ἄν·

269 2992 509 3064 θρωπος,
541 2998 637 3050 καὶ
666 2995 856 3060 πιστὸς
888 2996 1105 3064 ἐγένετο
1130 2995 1354 3067 πληρῶν
1394 2994 1559 3048 αὑτοῦ
1589 2998 1649 3049 τδ
1678 2995 1859 3067 ἔργον,

269 3086 521 3157 καθάπερ
546 3086 889 3154 αὐτὸςὲλεγε
912 3103 925 3117 ο
955 3086 1077 3139 τότε
1124 3086 1348 3156 γέγονεν
1386 3086 1684 3149 ἀπόστολος
1718 3086 1862 3157 ὑπὲρ

269 3177 422 3247 ήμῶν
444 3180 540 3230 καὶ
556 3178 620 3230 δι’
637 3180 783 3249 ἡμᾶς
804 3179 1150 3243 ἀποσταλείς⁹
1172 3180 1294 3233 τότε
1323 3180 1517 3248 γέγονε
1542 3180 1641 3250 τῆς
1667 3180 1861 3252 ὁμολο-

1955 679 2126 739 Filius
2148 694 2202 739 et
2234 694 2479 754 vocatur,
2508 694 2564 743 et
2597 698 2683 743 est
2714 705 2727 743 :
2768 704 2872 745 nou
2935 696 3019 744 est
3050 688 3214 758 igitur
3265 699 3551 743 creatura.

1954 794 2189 864 ALIUD,
2209 798 2508 853 verisimilis
2533 799 2873 880 ratiocinatio
2899 799 3177 855 ostendens
3203 798 3343 869 quod
3367 798 3480 857 Fili
3490 819 3552 855 tu

2498 885 2602 924 non
2626 880 2694 925 ut
2727 882 2990 929 creatura.

2025 978 2472 1050 Sapientissimus
2499 982 2590 1037 ille
2652 982 2909 1042 Salomon
2965 986 3166 1044 alicubi
3216 988 3290 1043 ita
3319 987 3545 1058 inquit:

1962 1090 1980 1124 ι
2015 1070 2243 1128 Omnem
2302 1082 2604 1130 creaturam
2637 1075 2799 1132 ducet
2828 1076 2970 1134 Deus
3030 1078 3096 1133 ad
3142 1078 3407 1148 judicium
3440 1077 3542 1131 ⁸⁸.»

1957 1162 2164 1235 Siergo
2192 1163 2365 1220 Filius
2388 1176 2473 1221 est
2499 1182 2663 1222 unum
2698 1167 2904 1238 aliquid
2940 1183 3004 1225 ex
3054 1170 3286 1235 “creatis,
3316 1170 3550 1225 ducetur

1954 1254 2119 1309 etiam
2150 1255 2266 1324 ipse
2297 1255 2350 1309 in
2375 1254 2663 1324 judicium.
2698 1257 2863 1329 Atqui
2887 1259 3157 1327 quomodo
3213 1273 3340 1315 vere
3403 1259 3552 1313 dicet

1956 1342 2022 1397 de
2055 1343 2269 1411 seipso:
2298 1362 2317 1394 ι
2348 1343 2511 1399 Pater
2530 1360 2640 1400 non
2676 1345 2884 1416 judicat
2917 1363 3277 1419 quemquam,
3305 1350 3402 1405 sed
3436 1364 3551 1405 om-

1956 1447 2025 1488 ne
2049 1433 2313 1504 judicium
2338 1435 2486 1492 dedit
2508 1436 2647 1493 Filio
2675 1440 2755 1494 "?
2786 1440 2932 1495 sAut
2956 1442 3229 1511 quomodo
3257 1456 3363 1496 non
3396 1457 3552 1497 men-

1957 1525 2123 1582 tietur
2177 1528 2370 1586 Daniel
2426 1532 2635 1600 dicens,
2687 1534 2835 1603 quod
2895 1534 2997 1604 ipsi
3034 1534 3220 1590 datum
3269 1542 3356 1589 est
3398 1533 3550 1602 judi-

1957 1617 2100 1672 cium
2128 1620 2221 1674 '°?
2255 1620 2362 1677 Sed
2394 1636 2522 1678 vere
2566 1625 2698 1679 dicit
2744 1641 2757 1676 :
2799 1626 2915 1693 ipse
2968 1625 3115 1681 enim
3170 1634 3430 1680 venturus
3468 1635 3554 1680 est

1957 1713 2023 1766 ad
2044 1712 2400 1782 judicandum
2432 1718 2581 1772 vivos
2606 1728 2663 1772 et
2701 1729 2944 1773 mortuos
2978 1717 3065 1772 δ”.
3093 1716 3213 1775 Νοο
3274 1728 3357 1774 est
3388 1720 3557 1791 igitur

1956 1816 2229 1873 creatura,
2251 1822 2425 1876 neque
2456 1824 2597 1864 unus
2627 1825 2693 1863 ex
2718 1810 2990 1877 omnibus,
3014 1825 3080 1866 ne
3106 1810 3361 1865 nimirum
3384 1810 3552 1866 etiam

1958 1896 2073 1965 ipse
2102 1898 2155 1952 in
2182 1898 2447 1967 judicium
2482 1901 2737 1956 ducatur.

1960 2011 2191 2079 ALIUD,
2210 2015 2525 2084 explicatius
2560 2017 2613 2070 in
2634 2016 2791 2081 illud,
2829 2035 2847 2069 ι
2884 2016 3227 2072 Considerate
3255 2020 3555 2087 apostolum

2029 2094 2076 2136 et
2110 2086 2411 2158 pontificem
2438 2087 2785 2154 confessionis
2821 2096 3020 2141 nostra:
3041 2088 3225 2143 Iesum
3257 2086 3553 2158 Christum,

2029 2158 2116 2221 qui
2134 2154 2404 2229 ﬁdelisest
2443 2158 2593 2229 eiqui
2618 2158 2941 2229 fecitipsttm
2978 2174 2998 2214 :
3028 2177 3045 2210 ι
3086 2170 3133 2214 et
3161 2159 3405 2229 deinceps
3433 2154 3557 2217 veru

2020 2226 2277 2278 sententia
2304 2225 2464 2296 hujus
2492 2225 2644 2283 dicti.
2790 2225 2799 2229 ⁷
3310 2234 3313 2237 ¹

2034 2336 2152 2393 Non
2179 2348 2428 2394 naturam
2469 2339 2629 2397 Verbi
2661 2342 2946 2399 declarans
2980 2342 3180 2401 Paulus
3237 2345 3354 2401 haec
3392 2346 3553 2414 dixit,

1963 2428 2058 2484 sed
2080 2428 2224 2487 illius
2257 2432 2715 2490 incarnationem.
2779 2436 3007 2502 Quando
3033 2438 3182 2492 enim
3240 2438 3422 2493 factus
3468 2450 3559 2493 est

1962 2524 2207 2592 pontifex
2258 2525 2626 2583 conlessionis
2669 2528 2910 2584 nostrae?
2962 2532 3182 2600 quando
3244 2531 3557 2601 apostolus?

1964 2614 2183 2685 quando
2218 2617 2393 2673 ﬁdelis
2433 2620 2482 2674 ei
2532 2621 2625 2689 qui
2680 2622 2857 2691 ipsum
2900 2614 3069 2678 fecit?
3109 2621 3302 2679 Nonne
3337 2627 3558 2694 quando

1963 2714 2190 2775 propter
2249 2721 2351 2762 nos
2410 2717 2465 2763 et
2522 2723 2621 2779 pro
2670 2711 2827 2767 nobis
2878 2712 3053 2768 factus
3092 2724 3177 2769 est
3206 2715 3394 2781 homo,
3418 2724 3473 2769 et
3500 2727 3561 2769 ut

1963 2795 2202 2853 Joannes
2256 2800 2467 2868 scribit,
2509 2819 2529 2854 ι
2584 2802 2820 2859 Verbum
2872 2820 3001 2860 caro
3039 2805 3240 2861 factum
3296 2806 3491 2861 est”?
3535 2826 3553 2857 ι

1965 2888 2118 2945 Tunc
2146 2890 2341 2948 factori
2366 2909 2486 2963 suo,
2523 2905 2581 2951 ut
2610 2898 2797 2965 homo,
2828 2898 3002 2954 ﬁdelis
3026 2899 3201 2954 factus
3231 2908 3337 2965 est,
3391 2899 3559 2970 perﬁ-

1965 2982 2277 3053 ciens‘opus
2302 2985 2467 3056 illius,
2508 2989 2653 3043 sicut
2680 2991 2797 3060 ipse
2838 3000 3069 3047 testatur
3090 2991 3157 3023 "'
3186 3008 3200 3045 :
3229 3000 3359 3047 tunc
3391 2991 3559 3046 etiam

1964 3077 2239 3145 apostolus
2260 3079 2556 3147 factuscst,
2586 3097 2685 3153 pro
2709 3085 2865 3140 nobis
2891 3093 2945 3139 et
2966 3094 3188 3156 prapter
3212 3102 3310 3143 nos
3330 3088 3555 3142 missus:

1967 3175 2094 3223 tunc
2116 3167 2291 3226 factus
2325 3182 2407 3227 est
2432 3174 2675 3242 pontifex
2698 3176 3060 3235 confessionis
3080 3189 3304 3244 nostrae,
3321 3180 3559 3235 offerens

269 3272 394 3340 γίας
416 3273 577 3343 ὴμῶν
602 3274 913 3345 ἀρχιερεὺς,
943 3275 1271 3346 προσφέρων
1304 3275 1405 3343 τῆς
1430 3274 1669 3337 πίστεως
1700 3274 1858 3344 ήμῶν

1970 3262 2366 3320 confessionem
2408 3267 2528 3322 ﬁdei
2576 3277 2779 3325 nostra:
2812 3269 2984 3338 Patri,
3030 3282 3087 3327 et
3130 3289 3328 3343 corpus
3373 3289 3557 3339 suum,

270 3365 364 3438 τὴν
402 3367 698 3437 ὁμολογίαν
728 3367 805 3437 τῷ
847 3368 1047 3437 Πατρὶ,
1076 3367 1171 3419 καὶ
1199 3366 1258 3419 τὸ
1288 3366 1417 3420 ἴδιον
1465 3366 1645 3437 σῶμα,
1684 3367 1859 3420 καθά-

270 3476 375 3529 περ
405 3477 456 3511 τι
489 3458 635 3529 θῦμα
686 3459 979 3529 προσάγων
1033 3458 1286 3530 ἄμωμον,
1328 3461 1414 3513 ἵνα
1455 3459 1665 3523 πάντας
1714 3462 1863 3531 ἡμᾶς

269 3550 334 3602 δι’
382 3550 548 3603 αὐτοῦ
589 3550 883 3623 καθαρίσῃ.
916 3554 1014 3605 Ἂν
1060 3552 1243 3606 τοίνυν
1291 3552 1516 3624 λέγηται
1549 3554 1678 3623 περὶ
1730 3554 1860 3608 Υίοῦ

269 3642 349 3693 ὅτι
386 3643 576 3711 γέγονε
627 3643 840 3708 πιστὸς,
879 3645 959 3697 ὄτι
990 3644 1214 3713 γέγονεν
1266 3646 1586 3711 ἀπόστολος,
1640 3647 1862 3716 γέγονεν

272 3734 586 3803 ἀρχιερεὺς,
625 3736 700 3806 μὴ
736 3738 877 3790 κατὰ
924 3736 1024 3808 τῆς
1068 3740 1256 3803 οὐσίας
1289 3740 1454 3793 αὐτοῦ
1506 3742 1757 3812 φερέσθω
1802 3742 1864 3796 τὺ

273 3827 441 3898 ῥῆμα,
494 3827 631 3881 ἀλλὰ
677 3830 817 3883 κατὰ
863 3833 975 3903 τῆς·
1006 3831 1115 3885 τῶν
1168 3834 1510 3907 πραγμάτων
1555 3838 1859 3908 ποιότητος.

286 3918 505 3989 Ἐπειδὴ
527 3920 621 3971 καὶ
635 3920 863 3987 Παῦλος,
903 3921 1193 3994 ἄνθρωπος
1222 3925 1297 3979 ὢν
1320 3928 1414 3979 καὶ
1444 3927 1707 3999 ὑπάρχων
1734 3929 1859 4000 ήδη,

270 4010 498 4078 γέγονεν
531 4012 849 4079 ἀπόστολος,
887 4013 983 4069 κα)⁸
1021 4016 1230 4087 Μωσῆς
1256 4018 1516 4084 ὡσαύτως
1546 4022 1739 4090 γέγονε
1770 4039 1861 4074 πι-

273 4102 396 4163 στὸς
426 4104 485 4157 ἐν
535 4102 643 4173 δλῳ
680 4105 758 4175 τῷ
809 4105 943 4177 οἴκῳ
974 4107 1164 4173 αὐτοῦ,
1210 4111 1304 4166 καὶ
1343 4110 1555 4183 Ἀαρὼν
1597 4112 1863 4177 ὡσαύτως

269 4191 495 4260 γέγονεν
529 4196 823 4267 ἀρχιερεὺς
868 4200 926 4252 ἐν
958 4200 1137 4272 ἐαυτῷ
1166 4203 1261 4256 καὶ
1300 4202 1469 4259 πάλαι
1496 4204 1588 4259 τὸν
1630 4206 1863 4279 Σωτῆρα

276 4287 519 4358 μορφῶν.
552 4287 764 4360 ὐνπερ
797 4292 906 4362 γὰρ
934 4293 1134 4364 τρόπον
1163 4296 1192 4347 6
1228 4295 1438 4368 Ἀαρὼν
1467 4298 1566 4350 οὐκ
1596 4299 1860 4371 ἐγεννήθη

278 4375 377 4445 μὲν
403 4378 718 4449 ἀρχιερεὺς,
754 4382 970 4446 πολλοῖς
995 4384 1053 4437 δὲ
1088 4384 1316 4457 ὕστερον
1346 4388 1558 4459 χρόνοις
1581 4389 1741 4444 τοῦτο
1772 4391 1864 4460 γέ-

273 4482 417 4533 γονε,
448 4468 541 4521 τὸν
573 4471 783 4544 ποδήρη
833 4475 1283 4548 περιϐαλόμενος,
1323 4480 1418 4533 καὶ
1450 4479 1549 4554 τὴν
1589 4483 1859 4553 ἐπωμίδα,

276 4561 367 4646 καὶ
396 4560 467 4613 τὰ
495 4560 630 4615 ἄλλα
660 4562 762 4633 τῆς
811 4566 1094 4637 ἱερατικῆς
1134 4569 1361 4641 ἐσθῆτος
1396 4573 1673 4643 σχήματα,
1716 4574 1862 4646 ἅπερ

273 4644 341 4719 ἦν
368 4651 510 4724 ἔργα
560 4658 872 4723 γυναικῶνο
925 4660 1015 4714 τὸν
1044 4662 1212 4717 αὑτὸν
1244 4664 1308 4736 δὴ
1364 4667 1567 4737 τρόπον
1615 4667 1709 4719 καὶ
1768 4644 1862 4720 ἐπὶ

275 4743 531 4816 Χριστοῦ.
566 4743 675 4802 Ἦν
720 4750 818 4821 μὲν
857 4751 966 4824 γὰρ
990 4752 1019 4805 6
1056 4755 1228 4823 Λόγος
1261 4758 1319 4811 ἐν
1368 4759 1533 4831 ἀρχῇ,
1576 4758 1757 4831 πολλῷ
1803 4760 1859 4813 δὲ

276 4833 501 4907 ὕστερον
530 4840 707 4912 χρόνῳ
739 4843 962 4912 γέγονεν
984 4846 1126 4917 ὑπὲρ
1153 4850 1311 4921 ήμῶν
1337 4851 1649 4923 ἀρχιερεὺς,
1674 4852 1863 4926 ὥσπερ

273 4928 395 4980 τινὰ
444 4930 658 5002 ποδήρη
694 4933 783 4987 τὸν
827 4938 892 4989 ἐκ
933 4941 1191 5007 γυναικὸς
1237 4942 1523 5014 ἄνθρωπον
1570 4946 1689 5016 ἦτοι
1739 4948 1865 5002 ναὸν

277 5022 564 5077 ἀναλαϐών
590 5041 603 5054 ·
640 5026 729 5081 ἵνα
772 5027 848 5099 τῷ
883 5030 998 5101 ἰδίῳ
1034 5033 1227 5103 αἵματι
1278 5036 1552 5110 καθαρίσῃ
1590 5039 1683 5092 τὸν
1712 5041 1860 5107 λαὸν,

274 5114 469 5168 ἑαυτὸν
518 5121 902 5188 προσενεγκὼν
953 5123 1029 5186 ὡς
1083 5125 1253 5195 ἀμνὸν
1306 5128 1537 5200 ἄμωμον
1582 5131 1659 5202 τῷ
1707 5134 1861 5204 Θεῷ*

278 5224 297 5257 t
336 5208 411 5261 Οὐ
446 5209 557 5279 γὰρ
600 5213 853 5284 ἐποίησεν
887 5217 1182 5287 ἁμαρτίαν,
1221 5221 1342 5275 οὐδὲ
1385 5224 1583 5297 εὑρέθη
1621 5226 1771 5291 δόλος
1806 5230 1864 5282 ἐν

271 5296 347 5367 τῷ
390 5300 622 5370 στόματι
654 5304 841 5360 αὑτοῦ.
885 5328 904 5361 ι

275 5418 401 5467 Ὀτι
433 5416 620 5498 οὐδέν
641 5419 847 5498 ἕτερον
876 5427 1202 5498 σημαίνειν
1234 5431 1523 5493 ,βούλεται
1546 5434 1611 5487 τὸ
1652 5438 1861 5498 πιστὸς,

556 5489 592 5555 ἦ
637 5490 725 5543 ὅτι
762 5489 1014 5565 ωηθινὸς
1053 5500 1153 5552 καὶ
1196 5489 1575 5567 ἀναλλοίωτος.

343 5602 546 5666 Πιστὸς
577 5606 605 5657 6
638 5606 829 5679 Σωτὴρ
864 5610 1104 5666 καλεῖται
1127 5614 1372 5683 δικαίως,
1402 5619 1532 5689 μίαν
1560 5620 1700 5693 ὑπὲρ
1724 5625 1859 5675 παν-

270 5708 379 5749 των
430 5694 627 5750 θυσίαν
676 5701 1075 5771 προσενεγκὼν,
1121 5706 1221 5776 τὴν
1277 5709 1447 5781 αὐτὴν
1498 5711 1585 5764 ἀεὶ
1625 5713 1718 5766 καὶ
1766 5715 1866 5768 οὐκ

1964 3355 2130 3410 veluti
2166 3359 2565 3415 immaculatam
2614 3364 2907 3432 quamdam
2984 3368 3216 3419 hostiam
3262 3368 3558 3433 adducens,

1966 3457 2023 3499 ut
2055 3463 2246 3503 omnes
2281 3466 2380 3505 nos
2411 3465 2507 3519 per
2540 3454 2718 3523 ipsum
2755 3458 3059 3511 mundaret.
3089 3455 3146 3512 Si
3177 3472 3307 3524 ergo
3368 3461 3434 3513 dc
3471 3459 3563 3513 Fi-

1966 3536 2037 3592 lio
2064 3539 2286 3605 dicitur,
2316 3543 2461 3612 quod
2498 3540 2675 3599 factus
2720 3544 2793 3598 sit
2840 3546 3040 3613 ﬁdelis,
3069 3548 3210 3616 quod
3246 3546 3426 3604 iactus
3487 3550 3563 3603 sit

1965 3631 2263 3697 apostolus,
2297 3633 2471 3689 factus
2491 3636 2732 3705 pontifex
2758 3655 2772 3705 ;
2802 3653 2909 3693 non
2937 3640 3003 3694 ad
3046 3642 3341 3696 essentiam
3389 3644 3562 3712 ipsius

1966 3726 2167 3780 dictum
2197 3726 2540 3785 referendum
2566 3742 2669 3797 est,
2707 3735 2801 3789 sed
2829 3737 2897 3790 ad
2928 3736 3245 3806 qualitatem
3278 3742 3445 3816 214
3470 3757 3560 3795 re-

1967 3831 2109 3870 rum.
2186 3816 2470 3890 Siquidem
2503 3831 2559 3876 et
2582 3822 2780 3879 Paulus
2810 3826 2974 3881 homo
2999 3842 3121 3882 cum
3153 3841 3318 3897 esset,
3358 3844 3412 3884 et
3446 3832 3559 3898 jam

1965 3912 2275 3977 exsisteret,
2310 3913 2483 3969 factus
2511 3923 2593 3971 est
2615 3919 2889 3986 apostolus
2919 3939 2933 3973 :
2964 3930 3019 3974 et
3040 3921 3219 3977 Moses
3244 3924 3431 3977 eadem
3469 3940 3560 3977 rn-

1968 4006 2113 4060 tione
2144 4005 2326 4062 factus
2356 4017 2439 4062 est
2472 4009 2666 4075 fidelis,
2706 4012 2757 4065 in
2792 4022 2904 4068 tota
2942 4012 3107 4068 domo
3129 4017 3248 4085 ejus
3284 4016 3354 4068 δ’.
3383 4014 3561 4072 Simili

1966 4099 2128 4156 modo
2158 4102 2322 4156 ctiam
2350 4103 2530 4158 Aaron
2578 4102 2755 4161 factus
2806 4115 2892 4161 est
2944 4105 3211 4177 pontifex,
3258 4108 3561 4165 Salvatoris

1968 4202 2152 4263 typum
2184 4193 2297 4264 jam
2347 4196 2478 4249 olim
2533 4196 2585 4250 in
2655 4211 2716 4253 se
2760 4198 3028 4255 referens.
3086 4199 3559 4267 Quemadmodum

1966 4285 2109 4339 enim
2145 4286 2327 4340 Aaron
2360 4302 2466 4342 non
2498 4296 2575 4341 est
2610 4297 2770 4343 natus
2798 4288 3165 4359 pontifex,sed
3205 4292 3389 4347 multis
3404 4304 3560 4363 post-

1966 4391 2030 4431 ea
2084 4379 2417 4446 temporibus
2466 4378 2519 4434 id
2550 4379 2724 4436 faetus
2752 4393 2859 4449 est,
2900 4382 3124 4438 talarem
3152 4396 3360 4439 vestem
3402 4387 3560 4441 indu-

1969 4480 2078 4540 tus,
2106 4482 2157 4528 et
2184 4475 2653 4544 superliumerale,
2686 4475 3003 4546 reliquaque
3048 4478 3378 4547 pontiﬁcalis
3401 4480 3559 4536 habi-

1968 4571 2055 4619 tus
2087 4577 2408 4621 ornamenta
2440 4582 2470 4621 a
2495 4567 2813 4623 mulieribus
2838 4564 3085 4625 confecta
3117 4591 3132 4627 :
3196 4573 3338 4628 idem
3401 4576 3563 4645 plane

1967 4658 2035 4713 de
2054 4657 2274 4713 Christo
2304 4660 2469 4713 etiam
2498 4663 2827 4716 censendum
2852 4671 2954 4718 est.
2996 4664 3122 4719 Erat
3146 4668 3289 4720 enim
3323 4668 3561 4725 Verbum

1967 4756 2020 4809 in
2050 4756 2321 4826 principio
2356 4772 2375 4815 ε
2426 4755 2611 4811 multis
2637 4769 2769 4809 vero
2793 4766 2982 4825 postea
3005 4759 3340 4827 temporibus
3388 4762 3563 4817 factus

1965 4859 2048 4905 est
2080 4863 2179 4917 pro
2205 4847 2361 4903 nobis
2389 4846 2653 4918 pontifex,
2679 4848 2953 4903 hominem
2986 4864 3052 4903 ex
3111 4852 3339 4908 muliere
3396 4856 3559 4910 veluti

1970 4944 2193 4999 talarem
2224 4953 2429 4998 vestem
2461 4942 2575 4998 sive
2615 4942 2872 5012 templum
2907 4958 3215 5011 assumens,
3252 4959 3307 5000 ut
3339 4951 3563 5017 proprio

1966 5052 2065 5093 suo
2095 5037 2358 5104 sanguine
2388 5035 2641 5104 populum
2675 5036 2988 5100 mundaret,
3018 5047 3075 5092 ut
3097 5039 3335 5107 seipsum
3394 5044 3564 5096 \elttti

1966 5146 2163 5203 agnum
2212 5130 2620 5185 immaculatum
2687 5128 2798 5184 Deo
2837 5128 3103 5187 offerret:
3142 5151 3161 5183 ι
3200 5130 3390 5202 Neque
3414 5136 3559 5189 cnim

1969 5224 2097 5279 fecit
2150 5236 2455 5293 peccatum,
2512 5238 2687 5292 neque
2734 5222 2989 5279 inventus
3049 5234 3131 5280 est
3158 5226 3313 5281 dolus
3351 5228 3403 5281 in
3468 5246 3570 5283 Ol‘t'

1967 5318 2081 5385 ejus
2110 5318 2175 5373 ³³.
2222 5336 2240 5370 ι

1968 5433 2122 5499 Quod
2154 5432 2327 5489 fidelis
2358 5431 2491 5486 nihil
2516 5432 2665 5507 aliud
2693 5434 2947 5503 signiﬁcet
2979 5450 3141 5503 quant
3197 5451 3356 5491 verus
3410 5448 3567 5507 atque

2574 5504 2947 5560 immutabilis.

2040 5619 2299 5676 Servator
2330 5629 2515 5676 noster
2551 5622 2748 5675 merito
2772 5633 2998 5678 VOCilllll‘
3030 5624 3225 5689 lidelis,
3249 5624 3449 5695 quippe
3470 5627 3564 5695 qui

1967 5728 2130 5769 unam
2163 5726 2259 5782 pro
2282 5713 2539 5769 omnibus
2572 5712 2807 5769 hostiam
2832 5714 3047 5779 obtulit,
3074 5731 3196 5786 qua
3228 5730 3445 5785 semper
3471 5730 3567 5771 ea-

346 5859 601 5946 ἥξομεν.
632 5877 732 5925 xtl.
762 5866 849 5946 Ηζ
928 5866 1241 5946 δξᾼίορηλ,
1276 5875 1363 5928 :22.
1446 5877 1491 5907 ’θ
1523 5876 1654 5933 Dan.
1678 5894 1768 5937 vn.
1808 5879 2001 5945 I5,H.
2083 5876 2215 5934 "'ll
2240 5877 2380 5933 Tim.
2413 5878 2557 5946 tv,l.
2636 5878 2676 5908 "
2716 5875 2870 5935 Joan.
2901 5894 2938 5943 t,
2974 5877 3059 5931 li.
3136 5879 3205 5909 ἰ’
3231 5876 3391 5933 Joan.
3424 5891 3563 5943 xm,

272 5930 324 5985 ὅ.
400 5931 447 5965 ⁸³
478 5933 639 5991 Num.
685 5952 781 5996 xu.
818 5938 875 5994 7.
951 5930 1308 6007 ³³1Ρριι·ἰι,
1340 5946 1435 6005 22.

592 6030 873 6096 I’naoc.
922 6033 1041 6099 Gn.
1096 6037 1349 6102 LXXV.

3168 6037 3237 6099 12

3201 6081 3236 6101 ﬂ
