3992 6470
523 469 622 523 567

1496 466 1553 521 8.
1596 463 1868 521 (ςιῐιιιιι
1908 456 2382 518 ΑιΕΧΑΝῡιιιΝι
2420 455 2742 512 ARCIIIEP.

3658 459 3773 514 368

524 602 702 652 tuum,
752 599 970 658 regnum
1016 583 1253 640 omnium
1300 583 1613 639 saeculorum
1643 584 1711 637 ".
1769 600 1787 635 ι
1838 581 1893 636 Si
1947 594 2074 650 ergo

2200 575 2457 640 ιασιλεεας
2487 592 2601 658 σου.
2631 592 2651 625 ι
2685 571 2797 627 Καὶ
2822 570 2987 626 πάλιν
3009 586 3021 599 ·
3058 589 3077 622 t
3121 570 3186 625 'H
3220 572 3465 643 βασιλεία
3502 591 3619 642 σου4
3661 576 3775 645 βαι

522 678 680 731 etiam
722 688 845 731 ante
885 675 1311 730 incarnationem
1343 673 1574 729 Verbum
1616 673 1705 726 Dei
1743 681 1861 727 erat
1896 686 1989 726 rex
2025 679 2080 725 et

521 765 809 829 Dominus,
848 764 1117 834 quomodo
1158 778 1262 818 non
1306 764 1351 817 is
1395 761 1740 830 blasphemus
1779 759 2081 816 censendus

520 859 588 910 sit
627 857 717 926 qui
753 855 951 911 factum
981 870 1103 913 esse
1141 854 1208 910 de
1263 854 1496 910 essentia
1530 852 1947 923 interpretetur?
1975 851 2076 907 Fa-

521 961 637 1004 ctus
661 953 804 1004 enim
834 958 917 1004 est
941 958 1123 1004 noster
1146 947 1432 1011 Dominus,
1464 961 1587 1001 cum
1618 945 1764 1000 illum
1796 945 1958 1000 talem
1986 960 2079 1001 co-

520 1044 824 1111 gnovimus,
844 1041 1080 1108 quando,
1113 1038 1362 1095 omnibus
1391 1038 1548 1093 nobis
1575 1038 1834 1109 sanguine
1862 1052 1960 1093 suo
1990 1051 2078 1092 re-

520 1132 770 1201 demptis,
798 1132 1102 1189 dcclaratus
1130 1139 1213 1187 est
1240 1130 1489 1186 Christus
1515 1138 1569 1185 et
1600 1127 1876 1185 Dominus.

642 1330 803 1401 217
838 1328 984 1385 Idem
1012 1330 1190 1398 aliter,
1218 1330 1451 1401 exemplo
1483 1350 1517 1385 a
1546 1333 1693 1387 nobis
1720 1342 1945 1402 sumpto.

588 1506 645 1563 Si
688 1507 755 1561 de
798 1506 1012 1564 homine
1051 1506 1230 1576 aliquo
1270 1508 1537 1562 diceretur
1576 1506 1816 1562 :Factus
1855 1516 1939 1563 est
1979 1509 2080 1566 iste

520 1596 681 1666 huius
700 1598 1055 1668 possessionis
1088 1596 1337 1651 dominus
1372 1614 1386 1651 :
1420 1597 1543 1666 quis
1572 1597 1707 1652 adeo
1728 1597 1931 1654 delirus
1959 1598 2078 1654 fue~

519 1690 611 1755 rit,
638 1698 695 1742 nt
723 1698 832 1743 tum
860 1687 1217 1743 substantiam
1246 1687 1389 1743 illius
1414 1686 1610 1743 factam
1637 1702 1759 1744 esse
1786 1689 2078 1755 existimet,

520 1780 734 1851 quando
764 1779 1067 1834 declaratus
1095 1787 1177 1833 est
1205 1778 1433 1848 alicujus
1462 1780 1539 1833 rei
1569 1780 1853 1835 dominus?
1882 1779 2080 1836 Factus

2182 666 2356 720 σιλεία
2385 655 2738 719 πάντων-τῶν
2766 660 2996 717 αἰώνων.
3021 682 3039 715 ι
3081 664 3142 716 El
3188 665 3367 717 τοίνυν
3406 665 3499 721 καὶ
3528 666 3632 736 πρὸ
3662 668 3775 737 τῆς

2183 757 2513 830 σαρκώσεως
2557 753 2810 826 βασιλεύς
2853 770 2913 807 τε
2957 754 3051 807 καὶ
3088 753 3292 825 Κύριος
3322 753 3390 827 ἦν
3425 757 3453 809 6
3491 752 3587 811 τοῦ
3622 756 3773 810 Θεοῦ

2180 852 2382 922 Λόγος,
2421 849 2540 914 πῶς
2568 847 2668 901 οὐκ
2697 847 2762 902 ἀν
2802 864 2886 911 τις
2923 846 3106 918 ἔνοχος
3144 848 3228 919 εἴη
3270 850 3381 912 τοῖς
3420 851 3518 921 τῆς
3555 848 3774 919 δυσφη-

2184 945 2310 1014 μίας
2339 943 2677 1015 ἐγκλήμασι,
2713 940 2856 995 κατά
2893 939 2992 1012 τῆς
3034 939 3223 1004 οὐσίας
3266 940 3429 994 αὐτοῦ
3472 942 3649 1011 φέρων
3703 941 3775 993 τὸ

2181 1034 2508 1105 πεποιῆσθαι
2533 1048 2547 1098 ;
2576 1031 2771 1101 Γέγονε
2807 1029 2916 1099 γὰρ
2959 1030 3118 1101 ἡμῶν
3145 1029 3347 1101 Κύριος
3385 1030 3491 1085 τῶν
3519 1032 3774 1098 ἐπεγνω-

2181 1127 2354 1180 κότων
2397 1125 2490 1179 τὸν
2524 1123 2731 1177 ἑαυτῶν
2762 1122 3063 1193 Δεσπότην,
3098 1123 3187 1176 ὅτε
3230 1121 3310 1193 τῷ
3348 1121 3533 1192 οἰκείῳ
3567 1121 3772 1192 αἵματι

2182 1219 2389 1281 πάντας
2420 1216 2715 1288 ἀγοράσας,
2738 1214 3019 1286 ἀνεδείχθη
3051 1214 3288 1285 Χριστὸς
3314 1216 3409 1268 καὶ
3443 1214 3661 1287 Κύριος.

2185 1327 2418 1392 Ἄλλως
2466 1325 2545 1379 ’τὸ
2590 1324 2767 1390 αὐτὸ,
2815 1325 2884 1379 ἐκ
2914 1324 3047 1396 τῶν
3103 1326 3230 1381 καθ’
3287 1323 3447 1395 ἡμᾶς
3500 1327 3646 1396 ἕχον
3699 1326 3775 1381 τὸ

2797 1395 3150 1465 ὑπόδειγμα.

2263 1506 2327 1560 El
2377 1506 2464 1560 ἐπ’
2510 1505 2801 1579 ἀνθρώπου
2858 1505 3072 1575 λέγοιτο
3133 1508 3333 1578 τυχόνο
3384 1510 3612 1579 Γέγονεν
3671 1511 3770 1565 ὁδε

2179 1597 2336 1653 τοῦδε
2370 1599 2465 1653 τοῦ
2516 1601 2795 1670 κτήματος
2840 1599 3061 1669 κύριος,
3106 1598 3188 1663 τίς
3226 1600 3400 1665 οὕτως
3436 1601 3502 1655 ἀν
3541 1604 3626 1672 εἴη
3662 1612 3773 1675 λης

2186 1688 2313 1760 ρῶν,
2343 1690 2419 1752 ὼς
2444 1689 2565 1744 τότε
2596 1688 2692 1759 τὴν
2718 1689 2906 1743 οὐσίαν
2934 1689 3098 1743 αὐτοῦ
3134 1691 3470 1763 πεποιῆσθαι
3499 1692 3776 1765 νομίζειν.

2181 1780 2271 1834 ὅτε
2303 1781 2396 1834 καὶ
2424 1780 2611 1852 κύριος
2642 1782 2856 1853 ἐδείχθη
2888 1782 3069 1848 τινός;
3114 1782 3312 1851 Γέγονε
3341 1784 3449 1856 γὰρ
3477 1786 3575 1838 οὐκ
3604 1787 3773 1851 αὐτὸς

519 1872 660 1928 enim
696 1880 779 1928 est
816 1886 920 1925 non
959 1872 1100 1939 quod
1145 1878 1257 1925 tum
1303 1870 1595 1925 exsistendi
1638 1870 1849 1925 initium
1891 1880 2082 1925 nactus

2200 1872 2264 1934 εἰς
2291 1872 2549 1926 σύστασιν
2572 1871 2665 1926 τοῦ
2692 1869 2833 1927 εἶναι
2857 1873 2976 1926 τότε
3008 1874 3306 1944 προελθὼν,
3339 1876 3452 1929 ἀλλ’
3480 1876 3564 1944 ὑφ’
3586 1876 3778 1949 ἑαυτῷ

519 1966 608 2030 sit,
638 1964 729 2019 sed
756 1962 901 2032 quod
932 1961 1132 2031 aliquid
1164 1961 1224 2015 in
1248 1974 1399 2015 suam
1432 1970 1753 2031 potestatem
1786 1962 2079 2017 reduxerit.

519 2055 595 2110 Ita
632 2056 794 2111 etiam
835 2054 901 2108 de
936 2052 1151 2108 Christo
1187 2053 1527 2123 cogitandum
1567 2062 1668 2109 est.
1708 2052 2084 2110 Serviebamus

518 2147 646 2201 olim
684 2144 831 2200 falsis
865 2144 989 2208 diis,
1024 2153 1080 2200 et
1113 2144 1447 2211 corruptioni
1483 2144 1702 2198 obnoxii
1739 2158 1992 2209 eramus;
2030 2153 2085 2197 at

518 2235 612 2290 Dei
631 2233 863 2289 Verbum
892 2247 957 2288 ex
985 2232 1319 2302 beneplacito
1345 2231 1521 2287 Patris
1550 2231 1748 2287 factum
1779 2243 1861 2287 est
1889 2234 2080 2300 homo,

519 2336 576 2382 ut
615 2325 767 2381 nobis
799 2324 865 2379 ab
897 2336 1083 2378 errore
1118 2321 1363 2377 abductis
1398 2321 1494 2377 ﬂat
1527 2322 1766 2377 omnium
1801 2322 2080 2379 Dominus.

518 2416 684 2473 Unxit
714 2429 839 2471 vero
870 2414 1041 2485 ipsum
1075 2412 1255 2478 Pater,
1287 2421 1342 2468 ut
1375 2429 1470 2483 per
1498 2414 1675 2483 ipsum
1706 2414 1783 2469 vis
1818 2429 1881 2470 ac
1912 2417 2085 2470 virtus

516 2507 769 2578 ungentis
812 2507 973 2561 etiam
1019 2506 1072 2559 in
1118 2518 1217 2560 nos
1259 2506 1586 2574 perveniret.
1630 2503 1765 2560 Nam
1810 2507 1866 2561 in
1910 2507 2086 2576 primo

517 2601 729 2655 Christo
762 2608 966 2652 natura:
997 2606 1196 2652 nostra:
1225 2596 1363 2652 bona
1397 2598 1695 2652 instaurata
1723 2606 1868 2665 sunt,
1900 2597 2084 2654 factae-

518 2707 623 2761 que
649 2699 772 2746 sunt
796 2690 949 2745 nobis
978 2688 1229 2759 primitiae
1258 2688 1562 2743 divinorum
1593 2690 1858 2743 donorum
1889 2689 1943 2743 in
1972 2689 2087 2760 ipso

518 2796 573 2841 et
608 2800 703 2855 per
734 2784 937 2854 ipsum,
969 2792 1030 2838 ut
1067 2783 1118 2838 in
1161 2782 1379 2839 homine
1405 2792 1461 2839 et
1497 2796 1526 2837 a
1568 2782 1676 2838 Deo
1707 2798 1721 2837 :
1757 2783 1898 2839 Deus
1943 2783 2087 2839 enim

519 2888 638 2934 erat
664 2878 717 2933 in
748 2890 933 2933 carne.

1120 2985 1270 3041 Idem
1303 2985 1476 3041 aliter.

587 3105 783 3160 Beatus
818 3100 984 3157 David
1020 3100 1214 3156 alicubi
1257 3102 1329 3155 ita
1370 3099 1548 3170 psallit
1589 3117 1620 3169 δ
1646 3118 1663 3153 ι
1704 3099 1832 3156 Fias
1867 3101 1997 3157 mihi
2036 3101 2088 3156 in

519 3198 685 3253 Deum
720 3202 1073 3267 protectorem
1099 3194 1219 3257 τις»
1246 3201 1301 3246 et
1336 3206 1547 3247 rursum
1585 3210 1599 3247 :
1639 3210 1659 3244 ι
1696 3193 1765 3247 Ει
1802 3194 1981 3249 factus
2006 3203 2090 3249 est

2183 1979 2236 2015 τι
2280 1963 2665 2033 ποιησάμενος.
2717 1962 2874 2016 Οὕτω
2921 1981 3012 2034 μοι
3061 1964 3171 2017 νόει
3222 1965 3319 2019 xal
3363 1966 3469 2033 snt
3504 1968 3771 2038 Χριστοῦ.

2198 2049 2577 2120 Ἐδουλεύομεν
2608 2050 2775 2104 πάλαι
2808 2054 2920 2116 τοῖς
2958 2054 3033 2123 μὴ
3063 2049 3181 2106 οὖσι
3221 2053 3394 2118 θεοῖς’
3428 2056 3775 2128 ὑπεκειμεθα

2184 2144 2250 2211 τῇ
2291 2142 2499 2212 φθορᾷυ
2533 2141 2671 2195 ἀλλά
2713 2141 2939 2211 γέγονεν
2980 2144 3267 2215 ἄνθρωπος
3296 2146 3324 2199 6
3358 2147 3451 2200 τοῦ
3492 2147 3630 2201 Θεοῦ
3662 2150 3776 2203 Λό-

2184 2250 2279 2301 γος
2311 2233 2701 2303 εὐδοκήσαντος
2727 2234 2820 2288 τοῦ
2855 2236 3087 2306 Πατρὸς,
3126 2238 3213 2292 ἵνα
3248 2239 3347 2310 τῆς
3380 2240 3586 2310 πλάνης
3619 2244 3777 2313 ἡμᾶς

2185 2322 2504 2388 ἀπαλλάξας
2543 2324 2771 2394 γένηται
2813 2326 3030 2381 πάντων
3065 2327 3288 2398 Κύριος.
3317 2330 3539 2402 Ἐχρισε
3565 2332 3622 2385 δὲ
3664 2335 3775 2387 αὑ-

2185 2410 2276 2466 τὸν
2306 2415 2335 2467 6
2366 2414 2579 2485 Πατὴρ,
2624 2414 2713 2468 ἴνα
2758 2414 2827 2468 δι’
2862 2414 3026 2470 αὐτοῦ
3069 2416 3249 2489 φθάσῃ
3292 2418 3386 2471 καὶ
3430 2420 3511 2480 εις
3549 2422 3695 2492 ἡμᾶς
3740 2424 3779 2494 ἡ

2186 2503 2279 2558 τοῦ
2311 2504 2597 2575 χρίσαντος
2620 2505 2867 2576 δύναμις.
2891 2507 3088 2575 Γέγονε
3111 2508 3217 2580 γὰρ
3238 2509 3297 2564 ὲν
3322 2510 3523 2584 πρώτῳ
3548 2513 3783 2585 Χριστῷ

2186 2595 2256 2649 τὰ
2301 2596 2399 2667 τῆς
2444 2596 2659 2665 φύσεως
2684 2596 2838 2667 ἡμῶν
2869 2597 3071 2666 ἀγαθὰ,
3103 2598 3198 2653 καὶ
3224 2600 3450 2672 ἀπαρχὴ
3476 2602 3585 2655 τῶν
3610 2603 3781 2658 θείων

2189 2688 2319 2757 ἡμῖν
2342 2688 2698 2758 χαρισμάτων
2722 2689 2779 2741 ὲν
2808 2687 2955 2758 αὐτῷ
2990 2690 3080 2743 καὶ
3106 2689 3173 2742 δι’
3204 2691 3369 2745 αὑτοῦ
3396 2692 3472 2758 ώς
3499 2692 3782 2769 ἀνθρώπῳ

2190 2780 2286 2833 καὶ⁸
2322 2779 2471 2850 παρά
2502 2779 2638 2833 Θεοῦ
2657 2795 2672 2811 ο
2703 2779 2837 2844 Θεὸς
2868 2782 2976 2855 γὰρ
3006 2777 3071 2853 ἦν
3100 2784 3158 2837 ὲν
3193 2786 3381 2855 σαρκί.

2716 2982 2943 3047 Ἄλλως
2983 2984 3047 3036 τὸ
3085 2983 3253 3038 αὑτό.

2263 3090 2469 3146 manu
2508 3106 2609 3145 που
2649 3091 2741 3145 καί
2772 3109 2950 3163 φησιν
2992 3095 3020 3147 6
3072 3095 3344 3165 μακάριος
3387 3097 3585 3153 Δαϐίδο
3627 3101 3719 3154 «Γ
3722 3120 3788 3156 ε-

2193 3183 2285 3237 νοῦ
2329 3200 2419 3255 μοι
2451 3184 2533 3247 εἰς
2557 3182 2688 3239 Θεὸν
2717 3184 3131 3257 ὖπερασπιστήν
3157 3203 3169 3215 ”
3199 3204 3220 3239 a
3254 3189 3348 3241 καὶ
3384 3190 3544 3245 πάλιν
3565 3208 3580 3224 ⁸
3616 3212 3634 3244 ι
3667 3195 3793 3249 Καὶ

519 3265 779 3348 Dominus
823 3286 1083 3358 refugium
1127 3286 1350 3357 pauperi
1373 3285 1442 3339 ".
1487 3303 1506 3338 ι
1557 3284 1821 3341 Caeterum
1869 3287 1922 3340 in
1966 3285 2084 3353 his,

2200 3276 2407 3347 ἐγένετο
2433 3275 2639 3348 Κύριος
2668 3280 2956 3349 καταφυγὴ
2987 3279 3065 3350 τῷ
3097 3279 3308 3352 πένητι.
3339 3300 3359 3336 ι
3392 3284 3540 3345 ,Ἀλλ’
3573 3288 3632 3340 ὲν
3662 3288 3794 3342 τού-

522 3396 679 3441 nemo
695 3388 839 3437 certe
851 3378 1047 3435 dixerit
1058 3378 1225 3436 Deum
1242 3386 1353 3431 tum
1367 3377 1595 3446 coepisse
1605 3378 1868 3433 exsistere
1878 3377 2093 3446 quando

522 3472 695 3528 factus
731 3481 813 3527 est
846 3470 1113 3541 refugium
1152 3468 1395 3539 pauperi.
1438 3468 1661 3538 Semper
1693 3468 1836 3525 enim
1876 3470 1978 3524 hoc
2013 3469 2095 3539 ip-

524 3580 641 3621 sum
669 3564 958 3627 exsistens,
985 3575 1305 3631 semperque
1331 3574 1559 3616 servans
1584 3574 1888 3630 oppressos,
1916 3560 2094 3617 factus

522 3665 609 3711 est
640 3654 827 3710 Davidi
863 3654 915 3708 in
960 3652 1123 3708 Deum
1162 3660 1522 3721 protectorem
1545 3690 1561 3717 ,
1598 3660 1652 3707 et
1687 3652 1908 3721 pauperi
1943 3652 2091 3708 refu-

524 3748 694 3817 gium.
729 3744 1187 3811 Quemadmodum
1225 3744 1389 3815 igitur
1422 3744 1475 3799 id
1512 3744 1656 3813 quod
1690 3757 1905 3813 semper
1938 3753 2091 3810 erat,

526 3839 629 3893 hoc
659 3837 832 3906 ipsum
861 3850 1047 3891 rursus
1077 3835 1135 3890 ﬁt
1167 3836 1391 3905 petenti,
1420 3844 1475 3889 et
1501 3834 1681 3890 oranti
1713 3852 1727 3888 :
1758 3835 1831 3888 ita
1858 3842 1911 3889 et
1938 3833 2095 3890 Chri-

526 3941 643 3986 stus
677 3944 797 3985 cum
832 3943 1047 3997 semper
1078 3928 1152 3985 sit
1186 3928 1442 3984 Dominus
1474 3936 1529 3983 et
1564 3942 1684 3993 rex,
1718 3934 1907 3997 utpote
1933 3926 2092 3994 Deus,

528 4021 701 4075 factus
740 4028 823 4075 est
864 4021 1023 4075 etiam
1067 4020 1137 4074 in
1164 4020 1320 4075 nobis
1366 4020 1649 4087 deinus,
1685 4020 1900 4089 quando
1944 4022 2095 4075 delc-

530 4120 734 4166 stantes
761 4110 1095 4181 tyrannidem
1124 4110 1320 4166 diaboli
1348 4126 1454 4181 qua
1482 4126 1581 4168 nos
1604 4111 1960 4182 opprimebat,
1987 4113 2096 4167 cla-

528 4205 791 4260 mavimus
819 4206 884 4258 ad
914 4203 1128 4259 Patrem
1161 4220 1175 4257 :
1210 4222 1227 4255 ι
1262 4203 1462 4259 Emitte
1491 4204 1669 4262 lumen
1700 4216 1850 4262 tuum
1871 4215 1932 4262 et
1954 4207 2096 4263 veri-

529 4306 696 4354 tatem
739 4306 881 4352 tuam
907 4296 974 4349 ".
1024 4314 1043 4347 ι
1088 4295 1196 4349 Deo
1233 4303 1410 4351 autem
1450 4310 1604 4352 sacra
1646 4296 1926 4367 Scriptura
1960 4312 2097 4368 opus

529 4390 793 4442 attribuit.
829 4384 1020 4442 Omnia
1053 4386 1196 4441 enim
1233 4401 1353 4457 quae
1388 4386 1679 4443 humanam
1713 4400 1958 4445 naturam
1998 4405 2095 4446 ex-

527 4479 750 4544 cedunt,
782 4492 941 4549 opera
977 4478 1070 4533 Dei
1102 4478 1295 4533 merito
1320 4487 1601 4533 vocantur.

819 4603 1394 4696 ASSEBTIO
1463 4608 1791 4695 XXII.

531 4751 599 4808 ιιι
628 4753 783 4831 illud,
813 4769 832 4805 ι
863 4752 939 4806 De
966 4748 1051 4806 die
1079 4762 1127 4806 et
1145 4752 1290 4831 liora
1317 4752 1418 4831 illa_
1438 4757 1776 4831 nemonaeit,
1804 4773 1896 4831 nec
1923 4761 2099 4831 ωισαὶ

645 4824 913 4887 calorum,
946 4839 1105 4891 neque
1134 4820 1337 4888 Filius,
1366 4824 1466 4877 nisi
1497 4823 1660 4879 Pater
1682 4826 1826 4881 solus
1849 4827 1917 4882 ".
1955 4848 1974 4881 ι

989 4996 1224 5067 Objectio
1256 4997 1641 5055 hereticorum.

601 5114 670 5168 At
710 5111 1009 5181 quomodo,
1046 5112 1334 5181 inquiunt,
1372 5113 1477 5168 erit
1516 5113 1709 5170 similis
1747 5115 1918 5174 Filius
1954 5117 2101 5175 Patri

2193 3385 2326 3431 τοις,
2367 3367 2465 3421 οὐκ
2507 3368 2571 3422 ἄν
2609 3385 2695 3431 τις
2743 3368 2888 3422 εἴποι
2929 3369 3053 3423 τότε
3100 3372 3235 3443 πρὸς
3266 3374 3453 3428 οὐσίαν
3481 3376 3793 3449 κεκλῆσθαι

2193 3459 2284 3512 τὸν
2320 3457 2473 3523 Θεὸν,
2505 3458 2592 3511 ὅτε
2625 3457 2702 3529 τῷ
2733 3458 2923 3531 πένητι
2956 3461 3490 3538 γέγονεικαταφυγή.
3527 3467 3639 3521 ’Δεὶ
3670 3469 3795 3543 γὰρ

2194 3550 2270 3603 ὢν
2304 3550 2462 3603 τοῦτο
2496 3550 2591 3604 καὶ
2622 3549 2811 3615 σώζων
2858 3553 2985 3616 τοὺς
3019 3553 3429 3627 ἀδικουμένους,
3474 3560 3666 3628 γέγονε
3701 3564 3793 3634 τῷ

2197 3640 2297 3712 μὲν
2324 3640 2489 3695 Δασὶδ
2517 3642 2601 3704 εἰς
2635 3639 2769 3694 Θεὸν
2804 3642 3241 3717 ὐπερασπιστὴν,
3267 3646 3346 3717 τῷ
3376 3647 3429 3701 δὲ
3467 3648 3655 3721 πένητι
3688 3669 3795 3707 κα.

2192 3735 2434 3805 ταφυγή.
2460 3733 2674 3804 Ὠσπερ
2698 3728 2791 3788 οὖν
2818 3734 2957 3805 ὅπερ
2979 3732 3048 3807 ἦν
3071 3736 3179 3802 ἀεὶ,
3206 3738 3363 3793 τοῦτο
3387 3738 3593 3809 γίνεται
3620 3744 3795 3802 πάλιν

2194 3825 2270 3897 τῷ
2312 3825 2554 3880 αἰτοῦντι
2603 3826 2698 3880 καὶ
2749 3828 3210 3900 προσευχομένφο
3253 3829 3397 3886 οὕτω
3437 3833 3532 3887 καὶ
3565 3836 3594 3889 6
3639 3837 3791 3908 Χριο

2198 3916 2350 3981 στὸς,
2396 3916 2600 3988 Κύριος
2640 3917 2712 3972 ὢν
2741 3918 2830 3972 ἀεὶ
2874 3920 2968 3973 καὶ
2999 3918 3253 3990 βασιλεὺς
3288 3922 3370 3987 ὡς
3402 3923 3556 3990 Θεὸς,
3589 3926 3793 3996 γέγονε

2197 4012 2292 4064 καὶ
2334 4012 2390 4065 ὲν
2425 4013 2556 4082 ἡμῖν
2602 4011 2837 4083 Κύριος,
2881 4014 2969 4068 ὅτε
3006 4015 3100 4069 τοῦ
3137 4017 3451 4088 συνέχοντος
3488 4022 3634 4093 ἡμᾶς
3663 4023 3793 4078 δια-

2197 4102 2355 4156 σάλου
2398 4104 2498 4173 τὴν
2536 4105 2829 4175 τυραννίδα
2878 4107 3242 4179 μισήσαντες,
3283 4108 3592 4183 ἔσοήσαμεν
3639 4118 3792 4187 πρὸς

2196 4195 2286 4249 τὸν
2334 4194 2554 4267 Πατέρα
2577 4213 2590 4227 ·
2629 4216 2649 4250 ι
2695 4197 3108 4263 Ἐξαπόστειλον
3158 4201 3221 4255 τὸ
3254 4201 3371 4272 φῶς
3416 4220 3512 4258 σου
3555 4207 3652 4261 καὶ
3682 4210 3791 4282 τὴν

2196 4285 2456 4358 ἀλήθειάν
2489 4304 2605 4343 σου.
2638 4308 2657 4340 ι
2692 4289 2811 4361 Θεῷ
2836 4290 2894 4344 δὲ
2923 4290 2985 4342 τὸ
3029 4290 3190 4360 ἔργον
3236 4293 3555 4367 ἀνατίθησιν
3577 4299 3619 4368 -ή
3662 4299 3793 4355 Θεία,

2197 4380 2410 4450 Γραφή.
2457 4379 2643 4434 Πάντα
2676 4380 2785 4452 γὰρ
2822 4383 2923 4437 ὅσα
2955 4382 3055 4452 τὴν
3090 4382 3377 4453 ἀνθρώπου
3424 4385 3587 4455 φύσιν
3620 4389 3789 4454 ﬁci).-
3831 4402 3843 4410 ‘

2199 4469 2368 4537 λεται,
2395 4471 2566 4526 ταῦτα
2594 4471 2821 4537 δικαίως
2852 4472 3000 4545 ἔργα,
3020 4474 3265 4530 καλεῖται
3295 4475 3451 4531 Θεοῦ.

2683 4596 3049 4684 ΛΟΓΟΣ
3122 4596 3314 4683 KB’.
3412 4650 3415 4651 κ

2208 4756 2429 4836 Etcf},
2471 4774 2491 4809 ι
2531 4755 2672 4836 ζιςρὶ
2725 4755 3120 4836 τῆςμήιξέρας
3172 4754 3411 4836 ἐκείνης
3458 4757 3555 4836 καὲ
3595 4756 3789 4836 ὦρρςο

2269 4824 2469 4899 οὑᾷξῑς
2511 4821 2695 4899 ρῖἂὲνν
2740 4821 3259 4899 ρῦδέξὸὲξάητλοξ
3313 4821 3433 4879 τῶν
3490 4821 3789 4899 οὺραὲῶὶνέ

2269 4894 2411 4951 οὐδὲ
2438 4898 2471 4950 ό
2516 4895 2671 4961 Υἱὸς,
2699 4897 2751 4949 el
2773 4894 2862 4963 μὴ
2883 4897 2917 4948 ό
2950 4893 3152 4963 Πατὴρ
3176 4894 3428 4965 μόνος.·›

2476 5005 2796 5073 amcam
2820 5006 2890 5060 ἐκ
2918 5005 3038 5061 τῶν
3067 5007 3518 5079 Χριστομάχων.

2274 5116 2383 5173 Καὶ
2416 5116 2555 5183 πῶς,
2594 5120 2779 5188 φασιν,
2819 5119 2968 5174 ἔσται
3017 5122 3136 5176 κατ’
3163 5122 3354 5177 οὐσίαν
3385 5124 3568 5194 ὅμοιος
3598 5126 3627 5178 ό
3661 5126 3796 5192 Υἱὸς

531 5204 825 5259 secundum
871 5204 1187 5269 essentiam,
1226 5219 1349 5259 cum
1396 5206 1540 5260 dicat
1582 5207 1749 5277 218
1790 5223 1849 5264 se
1892 5212 2088 5266 nescirt

2201 5208 2278 5281 τῷ
2311 5210 2508 5281 Πατρὶ,
2538 5209 2712 5278 λέγων
2743 5211 2818 5281 μὴ
2847 5211 3045 5266 εἰδέναι
3080 5213 3176 5284 τὴν
3211 5214 3429 5287 ἡμέραν
3463 5215 3563 5284 τῆς
3603 5230 3801 5271 συντε-

531 5295 670 5347 diem
708 5293 1193 5348 consummationis
1230 5293 1411 5348 saeculi
1447 5308 1461 5347 :
1500 5309 1661 5363 quem
1704 5296 1902 5367 alioqui
1945 5299 2088 5355 Patet

2200 5302 2348 5365 λείας
2393 5301 2489 5354 τοῦ
2539 5301 2765 5366 αἰῶνος·
2810 5302 2988 5356 καίτοι
3030 5302 3124 5357 τοῦ
3170 5304 3383 5375 Πατρὸς
3433 5304 3665 5371 εἰδότος,
3717 5306 3799 5372 ὣς

532 5387 701 5449 novit,
730 5397 785 5439 ut
816 5386 930 5456 ipse
960 5385 1191 5442 fatetur?
1220 5384 1407 5455 Magna
1436 5388 1582 5442 enim
1614 5388 1669 5442 in
1697 5388 1800 5444 hoc
1827 5391 2104 5447 dissimili-

535 5478 660 5533 tudo
687 5477 949 5543 cernitur,
980 5488 1034 5534 et
1064 5479 1324 5534 naturalis
1356 5481 1601 5549 quaedam
1631 5482 2017 5553 discrepantia.

1024 5588 1231 5644 Salutio
1269 5590 1601 5661 objectionis.

605 5698 662 5754 Si
693 5700 805 5770 ipse
827 5709 915 5757 est
930 5704 1187 5759 conditor
1208 5706 1553 5772 seculorum,
1580 5717 1635 5762 ct
1663 5716 1989 5778 temporum,
2018 5720 2103 5765 at-

608 5858 652 5890 "
687 5855 824 5912 Psal.
853 5872 1032 5929 οιιιν,
1077 5862 1158 5918 13.
1234 5866 1279 5896 ⁷³
1308 5863 1453 5920 Psal.
1493 5879 1623 5932 xm,
1664 5864 1747 5921 l9.
1826 5863 2041 5921 "Psal.
2075 5878 2148 5933 Ix,
2189 5865 2269 5923 l0.
2356 5875 2396 5905 "
2432 5874 2577 5929 Psal.
2615 5889 2747 5943 xui,
2787 5876 2839 5931 ’5.

2203 5410 2368 5463 φησιν
2411 5392 2608 5460 αὑτός;
2640 5393 2782 5447 Πολὺ
2819 5394 2928 5466 γὰρ
2966 5397 3025 5449 ἐν
3068 5394 3241 5466 τούτῳ
3280 5395 3343 5449 τὸ
3381 5396 3635 5467 ἀνόμοιον
3667 5400 3800 5468 φαί-

2204 5500 2376 5550 νεται,
2403 5484 2497 5537 καὶ
2528 5486 2732 5557 φυσική
2765 5502 2849 5548 τις
2882 5486 3184 5549 διάστασις.

2698 5600 2855 5668 Πρὸς
2884 5600 3059 5655 τοῦτο
3090 5600 3290 5664 λύσις.

2282 5713 2342 5765 Εἰ
2371 5712 2529 5774 αὐτός
2551 5712 2666 5767 ἐστι
2688 5715 2916 5786 ποιητὴς
2935 5713 3165 5782 αἰώνων,
3183 5713 3279 5766 καὶ
3303 5712 3528 5786 χρόνων,
3556 5715 3651 5770 καὶ
3680 5732 3800 5773 και-

2921 5878 2965 5911 ⁷⁷
3002 5874 3189 5936 Malth.
3218 5896 3367 5950 xxtv,
3400 5882 3488 5941 56.
