3992 6482
222 431 327 495 369

1678 430 2121 511 russsunus.

3458 442 3563 499 3'70

238 556 365 629 ρῶν,
392 556 513 611 ἐστι
551 557 612 612 δὶ
654 558 857 625 οὕτως,
889 562 1007 626 πῶς
1044 563 1121 627 ὡς
1152 564 1283 634 μίαν
1315 565 1530 638 ἡμέραν
1569 570 1665 622 καὶ
1702 568 1852 640 ὤραν

1968 585 2065 639 que
2102 570 2206 625 hoc
2243 581 2369 623 vere
2408 566 2481 621 ita
2522 573 2606 621 est
2645 582 2659 619 :
2697 563 2970 635 quomodo
3014 576 3179 616 unum
3221 560 3361 614 diem
3402 570 3564 627 atque

240 649 513 720 ἀγνοήσας
556 650 696 720 παρ’
733 651 864 721 ὑμῖν
898 654 1179 725 κρίνεται;
1227 655 1351 719 Πῶς
1396 655 1452 711 δὲ
1493 656 1637 728 ἅπερ
1684 658 1847 722 αὑτός

241 742 487 812 εποίησε,
533 743 620 812 μη
652 742 859 799 εἰδέναι
899 744 1160 812 δύναται’;
1195 746 1351 800 Ἐστι
1378 747 1560 801 τοίνυν
1595 749 1847 814 ἐξετάσαι

244 832 329 886 τὰ
362 833 631 906 εἰρημένα
682 836 813 906 παρ’
855 836 1024 891 αὑτοῦ
1079 838 1216 907 πρὸς
1262 838 1389 902 τοῦς
1424 839 1691 910 μαθητάς.
1740 840 1849 894 καὶ

252 922 436 992 σαφῶς
464 923 613 976 εστιν
643 925 895 980 ἐντεῦθεν
926 926 1073 993 ίδεῖν,
1095 928 1288 999 ὅτιπερ
1312 924 1456 982 οἶδεν
1480 932 1574 983 καὶ
1592 929 1690 999 τὴν
1718 928 1851 1001 ἠμέ-

251 1031 353 1084 ραν
398 1014 493 1067 καὶ
540 1015 641 1085 τὴν
687 1014 840 1087 ὥραν
879 1017 957 1082 ὡς
994 1018 1165 1083 Θεὸς,
1213 1019 1318 1075 κᾶν
1366 1021 1748 1076 ἀποδεικνύων
1793 1024 1852 1076 ὲν

248 1105 432 1176 ἑαυτῷ
468 1107 532 1160 τὸ
572 1106 937 1179 ἀνθρώπινον,
986 1111 1073 1183 μὴν
1105 1111 1306 1166 εἰδέναι
1351 1113 1507 1186 λέγῃ.
1546 1114 1609 1167 Ei
1640 1114 1750 1185 γάρ
1783 1113 1854 1167 τὰ

248 1197 487 1267 ισόμενα
507 1199 695 1253 -πάντα
727 1201 836 1272 πρὸ
860 1202 961 1274 τῆς
990 1203 1207 1273 ἡμέρας
1251 1204 1348 1257 καὶ
1380 1204 1668 1277 τῆς-ὧρας
1711 1207 1854 1260 ὲκεί-

249 1306 351 1361 νης
390 1291 659 1359 διηγεῖται
704 1293 915 1363 σαφῶς,
955 1295 1048 1349 καί
1087 1313 1290 1369 φησιν·
1330 1297 1525 1352 Ἔσται
1566 1299 1666 1369 μὲν
1697 1299 1853 1365 τόδε,

250 1385 597 1457 συμϐήσεται
633 1386 692 1440 δὲ
730 1389 929 1453 έκεῖνο,
970 1385 1091 1443 εἶτα
1134 1389 1196 1443 τὸ
1236 1390 1388 1453 τέλος
1412 1406 1427 1422 ο
1470 1389 1633 1460 δῆλον
1661 1391 1743 1444 ὅτι
1786 1391 1856 1445 τά

249 1478 357 1547 πρὸ
384 1478 558 1548 αὐτῆς
589 1477 782 1545 εἰδὼς,
830 1480 925 1534 καί
972 1480 1145 1552 αὐτὴν
1196 1481 1511 1535 ἐπίσταται.
1548 1482 1706 1536 Μετά
1745 1480 1857 1552 γὰρ

246 1571 319 1621 τὰ
339 1569 610 1640 εἰρημένα
638 1574 770 1642 παρ’
791 1572 979 1637 αὐτοῦ,
1008 1572 1245 1642 τίθησιν,
1267 1574 1348 1626 ὅτι
1372 1594 1388 1625 ι
1403 1572 1478 1627 Τὸ
1497 1573 1649 1637 τέλος
1673 1574 1809 1628 ἐστί.
1831 1595 1850 1626 ι

248 1657 416 1722 Τέλος
443 1659 502 1711 δὲ
534 1658 590 1712 τί
625 1658 691 1713 ἂν
723 1660 911 1732 ἕτερον
937 1662 1022 1733 εἴη
1050 1660 1083 1732 ἢ
1117 1661 1335 1724 πάντως
1361 1662 1620 1731 ὴὲσχάτη
1648 1660 1854 1733 ἡμέρα,

218 1752 317 1819 δίη-ν
344 1751 565 1819 ἀγνοεῖν
596 1750 809 1823 ἔφησεν
844 1754 1227 1826 οἰκονομικῶς,
1260 1753 1565 1819 ἀποσώζων
1596 1755 1761 1811 πάλιν
1788 1759 1855 1828 τῇ

245 1845 643 1918 ἀνθρωπότητι
664 1846 774 1919 τὴν
800 1849 939 1920 αὐτῇ
972 1847 1297 1920 πρέπουσαν
1358 1848 1860 1922 τάξινςἋνθρωπόο

245 1954 409 2008 uiroc
437 1939 550 2011 γάρ
582 1938 713 1995 ἴδιον
741 1940 807 1995 τὸ
840 1941 915 2015 μη
950 1941 1155 1996 είδέναι
1184 1940 1254 1996 τὰ
1284 1940 1571 2013 μέλλοντα.

702 2163 913 2230 ΔΛΛΟ,
944 2161 1403 2235 διηγηματικῶς.

329 2273 420 2327 Ἐν
446 2276 572 2339 ταῖς
599 2274 695 2329 τοῦ
730 2276 990 2349 Σωτῆρος
1033 2280 1242 2347 φωναῖς
1276 2277 1493 2350 ἀνάγκη
1525 2277 1618 2332 τὸν
1665 2278 1859 2349 χρόνον

243 2363 625 2432 δξετάζεσθαι,
658 2367 782 2421 καθ’
822 2368 882 2423 όν
912 2371 1131 2441 εἴρηται
1168 2370 1300 2440 παρ’
1330 2368 1497 2424 αὐτοῦ
1522 2386 1536 2402 ο
1574 2370 1717 2424 οὕτω
1750 2370 1860 2442 γὰρ

244 2454 308 2507 τὸ
336 2455 647 2510 πλανᾶσθαι
674 2457 1099 2530 διαφευεόμεθα.
1141 2457 1205 2513 El
1238 2460 1339 2532 μὲν
1379 2456 1474 2515 οὖν
1507 2462 1615 2535 πρὸ
1642 2463 1742 2535 τῆς
1770 2465 1857 2517 ὲν-

244 2546 664 2621 ανθρωπησεως
691 2548 721 2602 ό
746 2548 843 2603 τοῦ
873 2549 1011 2604 Θεοῦ
1044 2551 1219 2621 Λόγος
1262 2553 1578 2625 εὑρίσκεταί
1617 2571 1722 2609 που
1761 2572 1859 2610 ταο

244 2640 432 2695 ¹ιιτεινόν
453 2660 508 2695 τι
535 2644 665 2715 περὶ
688 2644 885 2699 ἑαυτοῦ
908 2646 1172 2718 λαλήσας,
1200 2648 1457 2703 ἁπτέσθω
1480 2651 1579 2722 τῆς
1603 2650 1857 2724 θεότητος

244 2730 436 2796 αὑτοῦ,
465 2734 563 2787 καὶ
595 2734 850 2807 φερέσθω
890 2738 1015 2791 κατ’
1044 2738 1264 2810 ἐκείνης
1294 2738 1366 2793 τά
1406 2741 1648 2813 ῥήματα.
1694 2740 1759 2796 El
1800 2742 1859 2798 δὲ

242 2822 335 2876 ὅτε
366 2822 565 2892 γέγονε
601 2824 762 2897 σὰρξ,
796 2827 1169 2900 ἀνθρωπίναις
1204 2831 1481 2903 ἐχρήσατο
1520 2836 1754 2903 φωναῖς,
1787 2834 1856 2888 ἵν’

243 2914 415 2981 ὅντως
461 2918 657 2972 ἑαυτὸν
702 2921 796 2973 καὶ
846 2919 1138 2994 ἄνθρωπον
1185 2924 1317 2979 ὄντα
1362 2924 1546 2999 δείξῃ,
1592 2926 1713 2993 πῶς
1757 2928 1858 2983 οὐκ

246 3006 548 3062 ἀκόλουθον
576 3010 661 3073 εις
701 3010 803 3082 τὴν
834 3011 1237 3085 ἀνθρωπότητα
1269 3014 1459 3088 φέρειν
1490 3017 1859 3092 τά.ἀνθρωπί-

242 3115 353 3164 νως
375 3102 655 3173 εἰρημένα
683 3120 699 3169 ;
728 3102 903 3158 Τοῦτο
928 3105 1037 3179 γάρ
1081 3107 1231 3163 ἐστιν
1257 3108 1620 3180 ἀποδέχεσθαι
1649 3111 1748 3184 τῆς
1775 3113 1857 3167 οι-

245 3193 512 3263 κονομίας
535 3194 628 3249 τὸν
656 3196 881 3266 τρόπον.
917 3196 981 3252 El
1014 3198 1114 3270 μὶν
1143 3199 1255 3273 γὰρ
1295 3201 1357 3255 οὐ
1388 3202 1614 3271 γέγονεν
1646 3201 1857 3275 ἀνθρω-

1958 662 2147 717 horam
2195 662 2452 732 ignorare
2485 657 2639 713 vobis
2679 655 2971 712 censetur?
3010 654 3294 721 Quomodo
3335 651 3460 705 item
3501 665 3565 703 ea

1955 768 2077 823 qua:
2114 752 2275 815 fecit,
2313 751 2531 806 nescire
2566 748 2782 818 poteSt?
2816 745 3197 814 investiganda
3237 742 3401 813 igitur
3434 755 3564 795 sunt

1952 860 2074 914 qua:
2113 846 2181 899 ah
2219 844 2335 914 ipso
2375 840 2661 910 discipulis
2702 840 2849 893 dicta
2889 844 3036 892 sunt.
3079 835 3121 889 E
3162 834 3360 904 quibus
3408 832 3567 885 facile

1953 936 2229 993 constabit
2254 937 2428 1005 ipsum
2454 942 2509 988 et
2532 932 2675 987 diem
2701 939 2756 986 et
2786 931 2979 985 horam
3005 926 3247 992 novisse,
3271 933 3327 978 ut
3357 925 3560 989 Deum;

1956 1029 2200 1093 tametsi,
2244 1025 2638 1083 humanitatem
2674 1037 2828 1080 suam
2864 1021 3181 1085 ostendens,
3214 1018 3468 1087 ignorare
3507 1032 3567 1069 se

1956 1123 2123 1177 dicat.
2199 1119 2259 1175 Si
2299 1120 2446 1175 enim
2511 1117 2692 1173 omnia
2760 1128 2882 1185 qua:
2948 1122 3077 1167 ante
3115 1110 3261 1166 diem
3302 1108 3452 1171 illum
3511 1119 3564 1161 et

1959 1216 2149 1269 horam
2178 1221 2441 1269 eventura
2467 1220 2673 1276 essent,
2702 1206 2991 1265 manifeste
3021 1204 3281 1276 explicat,
3309 1212 3363 1258 et
3388 1201 3523 1256 dicit
3549 1217 3563 1253 :

1959 1306 2075 1363 Hoc
2110 1305 2327 1377 quidem
2358 1304 2485 1370 erit,
2518 1302 2648 1358 illud
2679 1297 3086 1363 veroaccidet,
3126 1304 3190 1351 et
3219 1303 3331 1348 tum
3365 1292 3467 1347 erit
3504 1290 3566 1337 ﬂ-

1960 1398 2073 1463 nis,
2097 1394 2457 1451 manifestum
2489 1402 2575 1449 est
2611 1394 2774 1464 quod,
2814 1392 2859 1447 si
2893 1403 3014 1461 quae
3049 1389 3190 1444 diem
3224 1385 3376 1440 illum
3410 1392 3568 1437 ante-

1961 1501 2181 1544 cessura
2221 1495 2408 1553 erant,
2450 1493 2667 1551 nosset,
2710 1484 2884 1553 ipsum
2930 1481 3097 1536 etiam
3141 1478 3282 1534 diem
3324 1472 3564 1530 noverit.

1960 1576 2097 1632 Nam
2128 1584 2250 1646 post
2280 1575 2368 1630 illa
2398 1588 2521 1645 quae
2550 1574 2619 1629 ab
2646 1574 2766 1642 ipso
2794 1570 3053 1642 praedicta
3080 1577 3227 1634 sunt,
3256 1563 3565 1635 subiungit,

1968 1687 1987 1721 ε
2029 1667 2183 1723 Tunc
2216 1666 2322 1723 erit
2356 1664 2548 1721 linis"
2587 1682 2602 1719 :
2648 1683 2667 1716 ι
2706 1664 2834 1719 linis
2868 1670 3086 1726 autem,
3121 1659 3379 1731 quidnam
3417 1656 3565 1711 aliud

1963 1761 2037 1817 sit
2071 1775 2233 1832 quam
2277 1759 2393 1830 ipse
2432 1756 2654 1814 ultimus
2692 1755 2841 1822 dies,
2883 1768 3044 1825 quem
3088 1752 3343 1823 ignorare
3382 1762 3441 1803 se
3479 1761 3565 1802 re-

1966 1862 2154 1924 spectu
2183 1851 2575 1909 incarnationis
2606 1849 2778 1915 dixit,
2810 1848 3059 1905 ordinem
3089 1852 3147 1901 et
3173 1843 3432 1900 decorum
3463 1840 3565 1894 hu-

1889 1939 2211 2001 Bmanitati
2261 1944 2593 2000 conveniens
2653 1939 2919 1998 servans?
2987 1934 3356 1994 Humanitatis
3416 1932 3564 1988 enim

1960 2037 2244 2109 preprium
2271 2045 2354 2094 est
2380 2035 2565 2092 futura
2592 2034 2870 2097 ignorare.

2483 2168 2716 2237 AL‘IUD,
2756 2167 3044 2225 narratioe.

2032 2286 2090 2341 ln
2122 2286 2189 2343 iis
2222 2300 2339 2356 qua?
2372 2300 2403 2341 a
2434 2284 2730 2341 Servatore
2764 2292 2957 2339 nostro
2991 2279 3134 2335 dicta
3166 2283 3317 2343 sunt,
3349 2280 3567 2344 oportet

1963 2378 2253 2447 diligenter
2276 2378 2709 2434 animadvertere
2734 2391 2842 2447 quo
2872 2371 3111 2446 quidque
3139 2379 3385 2439 tempore
3411 2365 3566 2421 dixe-

1962 2473 2065 2537 rit;
2091 2471 2162 2526 ita
2189 2470 2334 2526 enim
2364 2468 2526 2525 facile
2548 2482 2792 2523 errorem
2819 2464 3168 2520 evitabimus.
3194 2460 3253 2515 Si
3279 2472 3412 2527 ergo
3438 2464 3567 2513 ante

1962 2561 2392 2618 incarnationem
2439 2557 2676 2616 Verbum
2727 2557 2821 2613 Dei
2873 2554 3079 2610 humile
3129 2548 3335 2620 aliquid
3386 2549 3454 2603 de
3505 2561 3567 2602 se

1962 2654 2169 2710 dixisse
2221 2654 2516 2723 reperitur,
2569 2649 2911 2708 divinitatem
2961 2646 3083 2717 ejus
3132 2642 3455 2713 obiurgem,
3509 2648 3567 2696 ct

1961 2756 2153 2803 contra
2182 2759 2302 2801 eam
2356 2745 2562 2800 dictum
2619 2742 3075 2811 interpretentur.
3131 2735 3231 2792 Sin
3259 2748 3391 2789 vero
3439 2744 3566 2786 cum

1963 2837 2137 2894 factus
2163 2846 2248 2893 est
2275 2851 2423 2899 cura,
2452 2836 2691 2890 humano
2717 2845 2871 2888 more
2897 2829 3113 2885 locutus
3140 2835 3246 2892 est,
3270 2832 3332 2879 ut
3353 2835 3480 2877 vere

1962 2928 2238 2985 hominem
2277 2940 2400 2982 esse
2438 2924 2726 2987 ostendat,
2757 2935 2868 2993 quo
2902 2928 3071 2991 pacto
3092 2932 3202 2973 non
3233 2910 3607 2971 sit-conseia?"

1963 3029 2185 3076 taneum
2213 3019 2280 3074 ad
2312 3017 2707 3074 humanitatem
2763 3012 2979 3070 referre
3000 3025 3123 3082 qua:
3148 3010 3389 3065 humano
3414 3020 3567 3061 more

1962 3110 2117 3167 dixit.
2155 3110 2269 3166 Hoc
2299 3110 2445 3165 enim
2479 3118 2566 3165 est
2596 3121 2718 3163 sese
2749 3100 3214 3162 administrationi
3248 3113 3413 3170 quam
3446 3112 3568 3154 sus-

1961 3202 2147 3272 cepit,
2197 3202 2314 3257 sive
2373 3197 2780 3262 incarnationi,
2833 3192 3271 3251 accommodare.
3324 3187 3462 3243 Nam
3518 3188 3565 3242 si

246 3299 372 3351 ⁴ιος,
411 3284 646 3342 λαλείτω
676 3287 859 3345 πάντα
894 3289 973 3354 ὡς
1004 3289 1169 3355 Θεός⁸
1206 3292 1257 3346 εί
1284 3293 1341 3348 δὲ
1381 3293 1608 3363 γέγονεν
1647 3293 1855 3366 ἀνθρω-

1968 3301 2133 3355 homo
2169 3295 2347 3351 factus
2382 3309 2489 3350 non
2531 3305 2647 3357 est,
2686 3290 2941 3359 loquatur
2976 3284 3161 3342 omnia
3201 3292 3263 3338 ut
3304 3281 3481 3347 Deus;
3519 3277 3567 3333 si

247 3392 371 3441 πος.
398 3378 793 3449 συγχωρείσθω
831 3379 1014 3451 λαλεῖν
1042 3380 1226 3447 καθὼς
1250 3381 1560 3453 ἄνθρωπος,
1583 3386 1737 3440 οὐδὲν
1762 3386 1860 3440 αὖ·

250 3465 341 3522 τὸν
379 3466 677 3539 ἀδικούσης
718 3470 799 3534 είς
829 3469 925 3525 τόν
972 3471 1073 3542 τῆς
1104 3469 1362 3543 θεότητος
1391 3474 1551 3544 λόγον
1587 3475 1690 3548 τῆς
1735 3474 1858 3530 καθ’

253 3556 400 3627 ἡμᾶς
425 3559 762 3630 οἰκονομίας.
790 3560 963 3616 Τοῦτο
991 3563 1106 3635 γὰρ
1130 3561 1284 3618 ἔσται
1315 3566 1378 3620 τὸ
1408 3566 1560 3638 παρά
1585 3566 1681 3621 τοῦ
1712 3566 1861 3622 Παύ-

252 3648 345 3703 λου
375 3650 702 3723 είρημένονο
733 3670 752 3705 ι
768 3653 1296 3733 ξΔίχμαλωτίζοντες
1321 3658 1430 3711 πᾶν
1458 3658 1640 3729 νόημα
1664 3660 1747 3722 είς
1764 3657 1860 3730 τὴν

253 3741 504 3814 ὑπακοὴν
548 3742 645 3797 τοῦ
693 3744 957 3816 Χριστοῦ.
983 3762 1007 3799 ι
1040 3746 1205 3801 ἰδιον
1241 3748 1343 3819 μὲν
1389 3742 1485 3804 οὖν
1516 3749 1613 3804 τοῦ
1658 3751 1857 3821 Λόγου,

253 3833 391 3889 καθὸ
430 3834 607 3904 Λόγος
630 3834 770 3902 εστὶ,
800 3836 865 3890 τδ
891 3836 1095 3892 ειδέναι
1122 3838 1235 3893 τῶν
1268 3841 1398 3912 παρ’
1424 3840 1593 3895 αὐτοῦ
1622 3859 1861 3914 πεποιη-

257 3926 437 3995 μένων
464 3928 568 3999 την
597 3927 774 4001 ἀρχὴν
803 3930 898 3989 καὶ
929 3930 998 3986 τά
1028 3930 1157 4002 τέλη
1174 3947 1189 3962 ·
1220 3931 1281 3985 ἓν
1312 3932 1370 3986 δὲ
1399 3934 1509 3990 τῶν
1538 3936 1863 4006 ποιημάτων

250 4018 285 4071 ό
311 4018 525 4089 χρόνος,
557 4020 653 4074 καὶ
679 4022 709 4073 ό
741 4023 975 4092 ποιήσας
1006 4021 1174 4075 αὐτὸν
1220 4017 1331 4077 οῐδέ
1369 4042 1471 4079 που
1511 4026 1730 4092 πάντως
1767 4028 1863 4082 καὶ

257 4111 421 4183 μέχρι
448 4112 598 4177 τίνος
624 4113 773 4186 αὐτῷ
802 4113 864 4168 τὺ
892 4114 1217 4171 συνεστάναι
1245 4116 1570 4189 δεδώρηται.

970 4249 1177 4305 AAAO.

324 4362 489 4433 Λέγει
528 4379 635 4416 που
667 4362 804 4434 πρὸς
832 4361 922 4417 τὸν
949 4362 1149 4417 ἑαυτοῦ
1181 4363 1403 4436 Πατέρα
1440 4363 1824 4436 διαλεγόμενος

261 4472 288 4511 ε
314 4458 521 4529 Πάτερ,
562 4455 820 4525 ἐλήλυθεν
854 4457 888 4527 η
920 4456 1073 4527 ὥρα,
1119 4455 1343 4523 δόξασόν
1386 4474 1482 4511 σου
1532 4457 1626 4510 τὸν
1660 4458 1809 4512 Υίόν.
1837 4477 1856 4511 ι

256 4548 320 4605 El
363 4549 546 4602 τοίνυν
590 4544 731 4600 οἶδεν
776 4546 1023 4618 ἀκριϐῶς
1070 4547 1171 4619 τὴν
1208 4546 1381 4620 ὥραν,
1426 4548 1495 4621 ἣν
1538 4548 1861 4621 ἐληλυθέναι

1968 3404 2101 3446 vero
2130 3391 2308 3446 factus
2333 3396 2419 3445 est
2448 3388 2643 3452 homo,
2672 3382 3011 3439 concedatur
3048 3378 3213 3436 etiam
3242 3374 3292 3430 ei
3336 3382 3397 3428 ut
3426 3372 3571 3427 sicut

1970 3484 2134 3540 homo
2161 3482 2436 3552 loquatur,
2461 3494 2586 3536 cum
2614 3474 2916 3533 incarnatio
2945 3486 3052 3542 qua
3081 3469 3237 3525 nobis
3264 3466 3461 3524 similis
3487 3464 3570 3519 fa-

1970 3584 2091 3634 ctus
2121 3584 2235 3641 est,
2272 3572 2407 3629 nihil
2440 3571 2559 3643 ejus
2594 3566 2864 3625 divinitati
2897 3563 3122 3621 olliciat.
3157 3560 3272 3616 lloc
3305 3558 3452 3615 enim
3483 3565 3570 3613 est

1970 3671 2115 3740 quod
2148 3683 2179 3724 a
2208 3667 2376 3724 Paulo
2404 3666 2609 3721 dictum
2638 3670 2765 3718 est:
2804 3677 2823 3712 ι
2862 3657 3213 3727 Captivantes
3237 3665 3456 3709 omnem
3487 3649 3571 3706 in-

1971 3761 2243 3818 tellectum
2276 3760 2332 3815 in
2360 3755 2727 3815 obedientiam
2758 3749 3046 3808 Christi".
3087 3766 3106 3801 ›
3143 3744 3433 3816 Proprium
3467 3742 3569 3796 ita-

1968 3870 2079 3927 que
2109 3862 2193 3910 est
2219 3852 2419 3918 Verbo,
2460 3857 2729 3920 quatenus
2754 3843 2993 3902 Verbum
3031 3848 3135 3914 est,
3178 3851 3345 3894 nosse
3379 3849 3568 3890 eorum

1970 3962 2091 4018 qum
2126 3946 2197 4002 ab
2230 3946 2350 4016 ipso
2380 3941 2599 3999 condita
2634 3946 2763 3996 sunt
2799 3934 3065 4009 principia
3102 3941 3159 3988 et
3197 3931 3363 3996 lines;
3398 3941 3568 3983 unum

1970 4053 2105 4094 vero
2143 4052 2332 4094 eorum
2374 4050 2496 4106 quae
2537 4031 2756 4090 condita
2793 4037 2923 4085 sunt
2961 4036 3046 4083 est
3096 4034 3339 4095 tempus,
3381 4030 3437 4076 et
3474 4019 3568 4091 qui

1969 4136 2186 4199 tempus
2214 4125 2490 4193 condidit,
2516 4122 2667 4182 novit
2697 4120 2938 4194 quandiu
2969 4118 3099 4174 illud
3127 4118 3197 4173 sit
3221 4116 3566 4171 duraturum.

2652 4255 2877 4313 ALIUD.

2045 4373 2304 4430 Servator
2335 4372 2533 4429 alicubi
2569 4372 2636 4427 ad
2672 4371 2889 4427 Patrem
2927 4383 3083 4425 suum
3122 4367 3195 4420 ita
3232 4365 3308 4420 ait
3348 4384 3359 4419 :
3398 4363 3572 4436 219

1978 4485 1996 4519 ι
2031 4466 2212 4534 Pater,
2238 4467 2387 4522 venit
2412 4466 2565 4532 hora,
2590 4464 2833 4535 gloriﬁca
2860 4463 3055 4517 Filium
3086 4458 3307 4513 tuum”.
3325 4458 3409 4514 »δε
3436 4474 3569 4529 ergo

1971 4568 2161 4615 exacte
2188 4558 2338 4614 novit
2366 4559 2579 4624 horam,
2609 4571 2771 4627 quam
2800 4554 3015 4611 venisse
3043 4554 3197 4620 dicit,
3223 4552 3352 4622 quid
3382 4552 3568 4607 obstat

255 4641 427 4711 λέγει,
454 4639 507 4695 τί
537 4639 602 4694 τδ
629 4638 840 4694 κωλύον
861 4639 1059 4695 είδέναι
1086 4640 1369 4712 κάκείνην,
1394 4640 1463 4712 ἢν
1478 4640 1555 4705 ὼς
1570 4640 1855 4713 ἄνθρωπος

1968 4651 2256 4723 quominus
2278 4658 2335 4706 et
2360 4650 2507 4705 illam
2533 4649 2702 4715 norit,
2728 4656 2989 4719 quam,ut
3014 4647 3198 4710 homo,
3227 4646 3478 4715 ignorare
3504 4658 3563 4698 se

255 4734 473 4803 ἀγνοεῖν
518 4732 621 4804 μέν
655 4748 791 4803 φησι
838 4730 928 4785 διά
972 4731 1035 4785 τὸ
1074 4734 1142 4804 τῇ
1189 4731 1574 4804 ἀνθρωπότητι
1621 4732 1854 4805 πρέπον,

256 4820 364 4880 οῐδε
393 4824 454 4879 δὲ
488 4824 709 4889 πάντως
742 4824 819 4888 ὡς
851 4823 1023 4889 Θεός;
1058 4824 1179 4896 Χρὴ
1224 4824 1281 4879 δὲ
1307 4823 1370 4877 οὐ
1405 4824 1494 4878 διὰ
1525 4823 1626 4896 τὴν
1668 4826 1856 4879 τοιαύ-

257 4934 360 4989 την
392 4917 583 4990 φωνὴν
612 4918 941 4987 κατηγορεῖν
971 4914 1065 4969 τοῦ
1094 4914 1231 4970 Θεοῦ
1259 4916 1460 4985 Λόγου,
1493 4916 1587 4970 καὶ
1618 4916 1859 4987 ῥιψοκινο

258 5010 435 5073 δύνως
478 5009 702 5078 ἄγνοιαν
729 5006 881 5078 αὐτῷ
914 5006 1255 5078 προσάπτειν
1298 5008 1453 5061 τινά·
1480 5006 1619 5062 ἀλλά
1656 5008 1857 5079 μᾶλλον

260 5101 567 5173 θαυμάζειν
602 5099 770 5156 αὐτοῦ
798 5099 899 5171 τὴν
942 5099 1374 5170 φιλανθρωπίαν,
1403 5100 1465 5154 οὐ
1509 5118 1857 5173 παραιτησα-

263 5194 428 5267 μένου
459 5193 549 5248 διὰ
589 5193 690 5266 τὴν
717 5194 797 5256 εἰς
828 5193 977 5263 ἡμᾶς
1009 5191 1291 5263 ἀγάπησιν
1323 5193 1401 5256 είς
1428 5192 1699 5264 τοσαύτην
1730 5194 1858 5246 ἑαυ-

256 5286 352 5341 τὸν
391 5285 723 5340 ταπείνωσιν
769 5285 1122 5353 καταγαγεῖν,
1161 5284 1239 5347 ὼς
1284 5283 1464 5339 πάντα
1513 5283 1743 5355 φορέσαι
1788 5284 1857 5341 τὰ

255 5378 443 5450 ἡμῶν,
471 5371 547 5433 ὧν
574 5376 633 5431 ἓν
666 5375 905 5449 ὑπάρχει
934 5376 1029 5429 καὶ
1055 5376 1089 5446 η
1117 5375 1333 5443 ἀγνοια.

960 5491 1161 5545 ΔΛΛΟ.

346 5610 678 5683 Ἕρωτητέον
711 5608 841 5672 τοὺς
880 5605 1281 5678 χριστομάχους
1302 5645 1317 5669 ,
1363 5605 1486 5658 ὃτου
1520 5604 1585 5676 δὴ
1637 5604 1797 5675 χάριν
1827 5607 1855 5658 ό

261 5704 455 5777 Σωτὴρ
491 5704 763 5776 ἀγγέλους
809 5700 905 5755 καὶ
950 5699 1078 5753 Υίὸν
1128 5700 1431 5769 ὀνομάσας,
1480 5696 1721 5769 οὐδαμοῦ
1757 5697 1851 5751 τοῦ

1965 4742 2167 4813 inquit,
2205 4742 2348 4812 quod
2388 4742 2442 4796 id
2478 4741 2802 4797 humanitati
2841 4738 3158 4805 conveniat,
3198 4737 3343 4791 norit
3382 4746 3561 4792 autem

1966 4834 2191 4891 omnino
2232 4842 2293 4887 ut
2339 4833 2525 4889 Deus?
2552 4833 2623 4889 At
2666 4847 2773 4889 non
2820 4839 3037 4903 oportet
3075 4830 3145 4884 ob
3189 4829 3330 4884 hanc
3371 4844 3562 4884 vocem

1968 4926 2206 4981 Verbum
2234 4925 2329 4980 Dei
2358 4925 2634 4991 incusare,
2663 4934 2717 4981 et
2740 4923 3108 4997 ignorantiam
3134 4930 3338 4978 temere
3366 4921 3440 4976 illi
3466 4921 3566 4977 oh-

1958 5015 2167 5084 jicere;
2202 5017 2297 5071 sed
2338 5019 2520 5087 potius
2556 5017 2750 5073 mirari
2787 5032 3030 5073 amorem
3065 5030 3173 5085 quo
3205 5030 3333 5085 erga
3371 5015 3565 5069 huma'

1966 5123 2096 5162 num
2126 5122 2296 5179 genus
2324 5106 2599 5178 ﬂagravit,
2626 5123 2735 5179 quo
2762 5108 3028 5179 impulsus
3055 5122 3163 5163 non
3198 5106 3470 5161 recusavit
3496 5109 3563 5161 ad

1967 5208 2173 5254 tantam
2203 5199 2561 5255 humilitatem
2590 5214 2712 5256 sese
2742 5200 3050 5264 demittere,
3077 5208 3136 5253 ut
3162 5200 3345 5255 omnia
3375 5208 3562 5255 nostra

1964 5292 2287 5361 susciperet,
2318 5307 2553 5363 quorum
2586 5292 2751 5349 etiam
2783 5308 2953 5349 unum
2985 5301 3071 5348 est
3101 5291 3428 5362 ignorantia.

2643 5497 2874 5555 ALIUD.

2036 5604 2407 5678 interrogandi
2461 5619 2588 5665 sunt
2646 5610 2831 5666 hostes
2887 5610 3133 5674 Christi,
3195 5612 3553 5681 quamobrem

1966 5699 2223 5757 Servatur
2254 5714 2379 5759 cum
2410 5702 2629 5774 angelos
2660 5711 2713 5759 et
2746 5703 2941 5760 Filium
2974 5704 3291 5771 nominarit,
3320 5700 3557 5774 Spiritus

336 5880 589 5943 "Matth.
621 5895 775 5949 μιν,
813 5878 899 5936 ιι.
974 5879 1020 5911 "
1052 5877 1092 5936 ll
1122 5876 1247 5935 Cor.
1286 5893 1342 5946 ι,
1383 5876 1434 5934 5.
1512 5877 1555 5909 '°
1589 5875 1744 5935 Joen.
1783 5893 1917 5947 xm,
1954 5879 2002 5935 l.
