3992 6484
492 451 590 507 371

1486 437 1544 492 S.
1584 434 1861 494 CYRILLI
1896 433 2361 492 ALEXANDBINI
2397 431 2718 490 ARCHIEP.

3615 429 3739 485 372

487 565 812 621 mentionem
857 575 1123 631 nusquam
1191 557 1425 634 iecerit?
1481 557 1596 611 Non
1661 557 1805 612 enim
1857 555 2037 610 dixit:

2155 553 2459 624 [ινεύματος
2485 552 2777 622 ιποιήαατο
2807 549 3060 620 μνήμην;
3089 546 3165 602 υΰ
3192 545 3302 619 γὰρ
3324 548 3543 618 εἴρηκεν
3563 563 3577 576 '
3607 549 3740 599 Οὐκ

485 653 600 709 Non
664 654 814 709 novit
869 651 1124 722 Spiritus,
1146 652 1264 718 sed,
1294 669 1312 703 ι
1351 648 1465 705 Non
1494 657 1691 704 norunt
1715 647 1913 719 angeli,
1946 659 2042 703 ne-

485 741 593 814 que
635 745 785 800 novit
817 744 1017 812 Filius;
1055 753 1260 814 satque
1300 743 1402 798 hoc
1439 739 1654 810 quidem
1687 738 2040 809 simpliciter:

485 848 591 888 non
622 836 765 889 enim
790 834 1006 906 adjecit,
1041 835 1156 890 Dei;
1193 833 1531 890 Manifestum
1575 835 1738 903 igitur
1765 840 1849 886 est
1899 829 2040 898 quod

481 921 703 991 angelos
734 922 1012 993 ignorasse
1038 922 1255 987 dixerit,
1293 930 1350 976 ut
1392 931 1694 977 creaturas.
1725 919 1862 975 Cum
1913 930 2042 972 vero

483 1013 764 1083 discipulis
795 1014 848 1067 id
869 1013 1050 1068 dicere
1090 1013 1277 1080 nollet,
1305 1011 1375 1066 ob
1401 1011 1723 1067 ineﬂ’abiletn
1755 1009 2039 1078 quamdam

485 1102 678 1158 divime
699 1103 1181 1159 administrationis
1207 1113 1260 1156 et
1291 1102 1503 1157 consilii
1535 1101 1835 1155 rationem:
1860 1117 1878 1150 ι
1909 1095 2044 1165 Quis

485 1195 626 1248 enim
672 1193 820 1246 novit
867 1204 1099 1248 mentem
1144 1191 1378 1257 Domini,
1413 1201 1505 1248 aut
1536 1191 1658 1262 quis
1702 1188 2044 1246 consiliarius

482 1283 600 1350 ejus
641 1283 742 1338 fuit
768 1283 860 1338 "1
895 1301 914 1336 ι
965 1299 1032 1338 ne
1079 1286 1349 1341 videretur
1392 1283 1511 1362 illos
1545 1283 1645 1338 hoc
1673 1282 1869 1354 [celare
1905 1279 2042 1335 velle

481 1386 654 1442 eoque
679 1374 893 1430 nomine
921 1374 1038 1431 illos
1056 1390 1288 1431 mtrrore
1311 1375 1543 1441 adicere,
1577 1373 1734 1438 dixit,
1757 1387 1824 1428 ne
1846 1371 2038 1426 Filium

482 1464 697 1533 quidem
731 1465 834 1521 hoc
864 1479 1064 1532 nosse;
1093 1465 1329 1523 humano
1363 1479 1512 1520 more
1539 1465 1605 1520 de
1631 1479 1690 1520 se
1714 1463 1958 1532 loquens,
1984 1467 2040 1515 ut

481 1557 680 1610 homo:
707 1563 762 1610 et
784 1556 1024 1610 omnium
1055 1555 1272 1613 interim
1302 1553 1548 1608 notitiam
1577 1552 1680 1607 sibi
1709 1565 1954 1616 servans,
1984 1559 2043 1605 ut

486 1644 643 1700 Deus.
673 1645 880 1701 idcirco
925 1647 1069 1700 enim
1112 1660 1217 1700 non
1264 1645 1429 1709 dixit,
1469 1644 1730 1714 Spiritum
1766 1643 2036 1713 ignorare.

2143 639 2248 698 οἶδε
2277 644 2339 698 τὸ
2373 643 2620 714 Πνεῦμα,
2661 640 2776 696 ἀλλ’
2808 661 2826 693 ι
2853 641 2967 695 Οὐκ
3015 640 3194 692 ἰσασιν
3223 639 3274 692 oi
3317 637 3571 707 ἄγγελοι,
3610 637 3738 691 οὐδ’

2143 730 2280 788 οἶδεν
2324 735 2353 788 6
2402 733 2561 798 Υἰόςο
2596 753 2616 785 ι
2669 731 2764 786 καὶ
2809 731 2965 786 τοῦτο
3009 729 3427 801 άπολελυμὲνως
3452 746 3467 762 ·
3505 730 3566 782 οὐ
3613 730 3737 800 γὰρ

2144 823 2517 896 προστέθεικε,
2546 824 2640 878 τοῦ
2671 822 2828 877 Θεοῦ.
2859 822 3029 890 Δῆλον
3057 818 3151 874 οὖν
3183 821 3570 890 ὃτι-ἀγγέλους
3614 820 3729 890 μιν

2142 915 2342 986 ἔφησεν
2385 917 2598 984 ἀγνοεῖν
2625 915 2702 979 ὡς
2729 913 3022 984 κτίσματα.
3069 913 3259 966 Εξπεῐν
3292 913 3350 966 δὲ
3394 916 3507 977 τοῖς
3541 912 3735 984 μαθη-

2140 1011 2260 1071 ταῖς
2285 1008 2346 1061 οὐ
2375 1007 2626 1077 θελήσας,
2653 1006 2743 1061 διά
2771 1023 2896 1060 τινα
2938 1005 3096 1074 λόγον
3122 1006 3438 1076 οἰκονομίας
3479 1005 3738 1075 ἀπόρρη-

2141 1116 2253 1151 τον·
2292 1117 2312 1151 ι
2339 1097 2436 1162 Τίς
2455 1098 2562 1170 γὰρ
2600 1098 2740 1167 ἔγνω
2771 1096 2916 1160 νοῦν,
2939 1096 3168 1167 Κυρίου,
3211 1097 3244 1166 ἢ
3290 1097 3377 1159 τίς
3422 1096 3738 1166 σύμὸουλος

2143 1187 2306 1243 αὐτοῦ
2350 1189 2598 1258 ἐγένετο,
2631 1208 2650 1242 ι
2682 1190 2772 1243 ἶνα
2805 1189 2882 1261 μὴ
2917 1189 3178 1260 φαίνηται
3207 1186 3466 1258 κρύπτων
3494 1187 3734 1251 αὐτοὺς,

2143 1283 2236 1336 καὶ
2265 1281 2353 1336 διὰ
2381 1281 2540 1336 τοῦτο
2565 1281 2807 1353 λυπήσῃ,
2848 1280 2943 1335 καὶ
2984 1280 3075 1335 τὸν
3112 1279 3241 1333 Υἱὸν
3297 1280 3466 1348 ἔφησε
3527 1280 3602 1350 μὴ
3649 1281 3737 1333 εἱ-

2141 1373 2306 1434 δὲναι,
2324 1372 2804 1444 ἀνθρωπινώτερον
2830 1373 2926 1442 μὲν
2951 1370 3296 1442 περὶ.ὲαυτοῦ
3319 1372 3516 1440 λέγων,
3537 1372 3733 1441 ὥσπερ

2142 1463 2272 1534 περὶ
2297 1463 2582 1532 ἀνθρώπου
2601 1481 2616 1495 ο
2650 1464 2932 1532 φυλάττων
2958 1463 3013 1516 δὲ
3039 1462 3219 1533 ἐαυτῷ
3245 1463 3305 1516 τὸ
3332 1464 3532 1518 εἰδέναι
3563 1464 3737 1518 πάλιν,

2143 1555 2320 1609 πάντα
2341 1554 2416 1617 ὼς
2441 1553 2594 1618 Θεός.
2618 1554 2716 1608 Διά
2743 1555 2850 1625 γάρ
2875 1553 3031 1612 τοῦτο
3059 1553 3179 1608 οὐδὲ
3203 1554 3267 1607 τὸ
3285 1555 3509 1627 Πνεῦμα
3527 1555 3734 1626 ἔφησεν

2142 1647 2381 1714 ἀγνοεῖν.
2415 1647 2480 1700 Εἰ
2514 1647 2622 1718 γάρ
2651 1647 2714 1700 τδ
2765 1645 2991 1716 Πνεῦμα
3034 1646 3212 1702 πάντα
3249 1647 3474 1717 ἐρευνᾷ,
3519 1648 3611 1701 καὶ
3660 1647 3736 1701 τὰ

482 1736 616 1791 Nam
643 1737 687 1791 si
715 1738 935 1807 spiritus
965 1738 1144 1792 omnia
1169 1747 1464 1801 scrutatur,
1486 1735 1650 1790 etiam
1681 1735 1892 1790 occulta
1923 1734 2042 1804 Dei,

2155 1737 2282 1809 βάθη
2313 1739 2408 1792 τοῦ
2436 1738 2592 1803 Θεοῦ,
2622 1739 2766 1793 καθά
2801 1738 3129 1809 γέγραπται,
3150 1734 3258 1792 οἶδε
3285 1737 3524 1808 δηλονότι
3547 1737 3736 1792 πάντα
3763 1752 3774 1775 έ

481 1838 539 1883 ut
567 1828 824 1897 scripturn
855 1837 938 1882 est
963 1828 1051 1892 “',
1083 1830 1229 1883 novit
1260 1826 1499 1897 proiecto
1517 1827 1697 1882 omnia
1712 1841 1832 1896 qua:
1851 1826 1902 1880 in
1926 1826 2043 1897 ipso

2155 1830 2211 1884 τά
2255 1831 2312 1882 ὲν
2339 1829 2505 1898 αὐτῷ.
2549 1830 2660 1885 Καὶ
2689 1832 2738 1884 εἰ
2760 1830 2821 1883 τὸ
2849 1830 3073 1900 Πνεῦμα
3107 1828 3170 1883 τὸ
3212 1830 3389 1884 πάντα
3422 1829 3585 1893 εἱδὸς,
3631 1831 3737 1884 καὶ

479 1930 621 1975 sunt.
665 1918 814 1987 Quod
859 1918 905 1975 si
942 1917 1174 1989 Spiritus
1210 1919 1298 1990 qui
1357 1919 1538 1974 omnia
1581 1917 1706 1983 scit,
1752 1918 2041 1989 omniaque

2155 1921 2212 1975 τὰ
2243 1923 2420 1976 πάντα
2447 1919 2909 1992 περιεργάζεσθαι
2939 1919 3259 1989 δυνάμενον,
3289 1919 3443 1988 παρὰ
3474 1918 3566 1972 τοῦ
3595 1918 3736 1972 Υἰοῦ

481 2010 754 2080 inquirere
797 2017 1001 2080 potest,
1031 2025 1060 2063 a
1097 2009 1232 2064 Filio
1263 2011 1462 2080 accipit
1495 2025 1510 2062 :
1555 2026 1574 2061 ι
1611 2009 1706 2064 Ille
1749 2009 1916 2073 enim,
1953 2009 2041 2062 in-

2155 2010 2429 2082 λαμϐάνειι
2471 2028 2492 2064 ι
2527 2011 2736 2064 Ἐκεῖνο
2775 2009 2905 2082 γάρ,
2946 2010 3130 2080 φησὶν,
3160 2008 3218 2074 ἐξ
3249 2009 3385 2077 ἐμοῦ
3416 2008 3638 2079 λήψεται
3663 2026 3678 2038 ·
3707 2029 3730 2061 ι

481 2099 616 2168 quit,
631 2097 698 2153 de
723 2113 844 2153 meo
865 2098 1171 2168 accipiet“,
1201 2118 1220 2152 ι
1241 2099 1513 2168 quomodo
1539 2097 1707 2154 Filius
1733 2099 2044 2154 censebitur

2155 2102 2264 2172 πῶς
2298 2103 2326 2154 6
2357 2101 2529 2170 Λόγος
2554 2102 2758 2171 ἀγνοεῖ,
2785 2101 2812 2154 6
2839 2100 2932 2156 τοῦ
2965 2100 3141 2155 πάντα
3172 2099 3371 2163 εἰδότος
3411 2100 3737 2170 Πνεῦματος

482 2189 751 2259 ignorare,
774 2190 866 2260 qui
895 2189 1120 2261 Spiritui
1153 2193 1334 2246 omnia
1365 2189 1558 2248 scienti
1585 2192 1938 2262 suppeditat?
2149 2193 2414 2270 χορηγός;

1141 2303 1370 2361 ALIUD.
2836 2308 3038 2362 AAAO.

550 2415 608 2472 Si
658 2414 818 2474 Pater
860 2417 1042 2470 omnia
1081 2424 1339 2486 operatur
1378 2430 1474 2486 per
1511 2415 1731 2483 Filium,
1759 2427 1818 2471 ut
1873 2418 2045 2487 inquit

2219 2422 2280 2474 Εἰ
2315 2422 2488 2476 πάντα
2519 2420 2584 2475 δι’
2611 2420 2742 2475 Υἰοῦ
2772 2421 2802 2474 6
2832 2420 3021 2490 Πατὴρ
3048 2420 3362 2489 ἐργάζεται,
3395 2418 3537 2472 καθά
3565 2433 3737 2487 φησιν

481 2509 786 2578 Scriptura,
817 2517 870 2564 et
904 2508 1020 2564 sine
1049 2509 1167 2578 ipso
1197 2505 1394 2563 factum
1425 2517 1508 2562 est
1535 2507 1700 2574 nihil;
1726 2523 1886 2561 unum
1918 2523 2045 2564 vero

2155 2514 2181 2582 η
2211 2511 2424 2585 Γραφήο
2451 2512 2619 2583 χωρὶς
2647 2511 2756 2584 γάρ
2781 2510 2947 2567 αὐτοῦ
2977 2510 3194 2582 ἐγένετο
3216 2508 3336 2567 οὐδὲ
3359 2506 3438 2566 ἓν*
3464 2508 3520 2564 ἓν
3541 2510 3601 2565 δὲ
3620 2510 3741 2567 τῶν

479 2601 717 2658 omnium
746 2600 907 2657 etiam
938 2613 1020 2656 est
1050 2599 1336 2670 praelinitio
1361 2599 1467 2655 diei
1495 2609 1551 2654 et
1580 2599 1729 2654 hora:
1757 2613 1864 2669 quo
1890 2613 2045 2656 mun-

2155 2606 2364 2660 πάντων
2390 2604 2508 2658 ἐστὶ
2553 2600 2650 2659 καὶ
2690 2604 2752 2659 τὸ
2781 2604 3070 2676 ὁρισθῆναι
3102 2607 3202 2678 τὴν
3249 2606 3462 2676 ἡμέραν
3493 2603 3584 2658 καὶ
3630 2604 3742 2670 τὴν

480 2694 582 2748 dus
611 2693 835 2748 ﬁniatur
862 2712 877 2749 :
909 2703 1058 2748 certe
1089 2693 1252 2747 etiam
1283 2693 1384 2747 hoc
1414 2692 1732 2762 praeﬁnitum
1755 2700 1841 2747 est
1863 2699 1918 2745 et
1939 2706 2033 2746 ex-

2155 2694 2283 2765 ὒραν
2309 2693 2427 2748 καθ’
2448 2695 2558 2767 ἢνὸ
2583 2695 2785 2764 κόσμος
2807 2694 2917 2761 ἔξει
2953 2693 3014 2746 τὸ
3051 2695 3222 2758 τέλος·
3258 2694 3490 2766 ὥρισται
3525 2693 3738 2763 δηλον-

482 2798 725 2854 pressum
773 2799 870 2848 per
897 2783 1114 2839 Filium.
1148 2784 1300 2850 Quod
1331 2797 1458 2838 vero
1487 2782 1810 2852 praeﬁnitum
1840 2790 1926 2839 est
1951 2796 2045 2850 per

2155 2790 2230 2843 ὁτι
2277 2789 2368 2843 καί
2407 2788 2714 2843 τετύπωται
2739 2786 3016 2841 καὶτοῦτο
3045 2786 3112 2840 δι’
3139 2785 3294 2840 Υἱοῦ.
3327 2786 3401 2839 Τδ
3426 2785 3482 2838 δὲ
3513 2783 3739 2855 ὁρισθὲν

483 2875 651 2937 illum,
686 2875 953 2944 quomodo
981 2875 1230 2946 ignorare
1257 2875 1458 2947 queat?
1489 2873 1648 2929 Novit
1702 2875 1886 2944 itaque
1927 2873 2037 2927 hoc

2155 2882 2213 2935 δι’
2258 2881 2447 2945 αὐτοῦ,
2495 2881 2614 2945 πῶς
2648 2881 2860 2950 ἀγνοεῖν
2906 2878 3164 2945 δύναταις
3211 2878 3421 2936 Οὐκοῦν
3469 2872 3608 2930 οἶδεν
3653 2876 3738 2940 ὼς

483 2974 538 3015 ut
569 2961 727 3028 Deus,
763 2966 976 3020 tametsi
1020 2967 1230 3021 nescire
1265 2981 1325 3023 se
1364 2967 1510 3022 dicat
1545 2975 1815 3036 quatenus
1863 2965 2045 3020 factus

2155 2973 2309 3036 Θεὸς,
2351 2973 2454 3026 κᾶν
2481 2975 2692 3042 ἀγνοεῖν
2720 2972 2890 3044 λέγῃ,
2935 2971 3071 3026 καθὸ
3117 2970 3307 3040 γέγονε
3338 2969 3494 3042 σὰρξ,
3525 2968 3620 3023 καὶ
3659 2967 3740 3033 τὲ

480 3065 564 3110 est
595 3068 752 3120 caro,
782 3063 836 3108 et
862 3069 984 3123 qua:
1010 3056 1219 3111 homini
1251 3055 1581 3111 conveniunt
1609 3055 1832 3112 sentiat.

1145 3191 1375 3248 ALIUD.

551 3302 610 3356 Si
649 3317 831 3358 onnna
872 3319 994 3374 qua:
1036 3305 1199 3359 habet
1247 3303 1427 3370 Pater,
1467 3315 1594 3360 sunt
1646 3304 1788 3370 Filii,
1824 3313 1881 3359 ut
1932 3306 2048 3375 ipse

484 3402 764 3448 testatur:
811 3404 866 3447 at
895 3395 1054 3449 Pater
1097 3395 1341 3450 ultimum
1375 3396 1523 3449 illum
1569 3395 1710 3450 diem
1753 3405 1810 3450 et
1855 3397 2045 3451 horam

483 3486 631 3544 novit
654 3499 669 3541 :
691 3495 839 3542 certe
869 3485 1032 3541 ctiam
1066 3485 1236 3542 Filius
1264 3486 1426 3543 norit.
1455 3487 1532 3542 ita
1563 3487 1707 3544 enim
1735 3502 1863 3544 vere
1891 3488 2045 3544 dixe-

482 3578 590 3632 rit:
624 3596 645 3631 ι
679 3577 871 3635 Omnia
898 3593 1018 3649 qua:
1057 3578 1219 3634 habet
1243 3577 1427 3644 Pater,
1463 3594 1582 3635 mea
1613 3587 1742 3641 sunt
1779 3581 1846 3637 ⁸³.
1883 3600 1901 3633 ι

1046 3782 1211 3853 220
1242 3783 1470 3840 suun.

549 3891 606 3947 Si
631 3907 758 3948 vere
786 3893 956 3949 dicit:
986 3912 1006 3946 ι
1037 3893 1147 3962 Ego
1177 3893 1229 3947 in
1263 3893 1447 3961 Patre,
1472 3907 1526 3950 et
1548 3895 1705 3952 Pater
1729 3898 1781 3951 in
1815 3914 1898 3952 me
1921 3899 2000 3964 εις
2024 3915 2042 3950 ι

480 3997 532 4039 ει
562 3984 717 4039 Pater
744 3983 994 4038 ultimum
1029 3984 1178 4039 illum
1213 3985 1354 4040 diem
1379 3977 1640 4042 ethoram
1677 3989 1864 4044 novit:
1902 3990 2052 4046 novit

484 4074 729 4141 proiecto
760 4083 814 4129 et
836 4075 1030 4141 Filius,
1070 4077 1161 4146 qui
1193 4077 1250 4132 in
1293 4077 1454 4134 Patre
1488 4079 1723 4145 exsistit,
1759 4080 2052 4152 omniaque

484 4170 539 4221 in
591 4168 706 4236 ipso
752 4167 921 4232 novit,
953 4176 1008 4222 et
1056 4167 1270 4225 Patrem
1318 4170 1410 4240 qui
1449 4173 1632 4227 omnia
1685 4174 1834 4229 novit
1877 4175 1932 4231 in
1991 4189 2051 4232 se

481 4257 662 4314 haben

1130 4375 1290 4433 ALIU
1301 4376 1361 4432 D.

2151 3065 2421 3136 ἀνθρώπῳ
2449 3065 2724 3136 πρέποντα
2754 3067 2946 3137 φρονῇ.

2824 3198 3027 3253 AAAO.

2217 3313 2281 3366 Εἰ
2311 3312 2489 3366 πάντα
2515 3311 2613 3365 ὅσα
2645 3311 2758 3380 ἔχει
2801 3313 2829 3364 6
2863 3310 3054 3382 Πατὴρ
3094 3309 3188 3364 τοῦ
3221 3307 3354 3363 Υἰοῦ
3394 3307 3544 3372 ἐστι,
3587 3303 3737 3359 καθά

2149 3421 2311 3474 φησιν
2335 3404 2520 3468 αὐτὸς,
2546 3402 2659 3474 ἔχει
2687 3403 2743 3457 δὲ
2767 3406 2795 3458 6
2823 3404 3016 3475 Πατὴρ
3041 3403 3139 3474 τὴν
3167 3400 3372 3472 γνῶσιν
3394 3399 3494 3470 τῆς
3518 3397 3738 3468 ἡμέρας

2149 3497 2242 3552 καὶ
2281 3497 2379 3569 τῆς
2423 3495 2575 3568 ὥρας
2614 3497 2861 3568 ἐκείνης,
2901 3495 3015 3567 ἔχει
3054 3494 3296 3566 δηλονότι
3328 3492 3536 3560 ταύτην
3582 3489 3677 3542 καὶ
3703 3490 3736 3542 6

2149 3591 2297 3655 Υἰός.
2337 3589 2492 3645 Οὕτω
2531 3589 2641 3662 γὰρ
2669 3588 2956 3661 ἀληθεύσει
2989 3587 3190 3656 λέγων·
3227 3605 3245 3639 ι
3272 3585 3457 3640 Πάντα
3489 3584 3591 3638 ὅσα
3616 3582 3734 3653 ἔχει

2147 3682 2176 3734 6
2203 3679 2413 3752 Πατὴρ,
2448 3679 2558 3751 ἐμά
2583 3681 2748 3733 ἐστιν.
2775 3698 2794 3731 ι
3207 3693 3242 3726 ο

2849 3791 3054 3846 ΔΔΔΟ.

2218 3906 2282 3960 Εἰ
2315 3906 2571 3978 ἀληθεύει
2610 3906 2807 3974 λέγων’
2845 3924 2866 3959 ι
2907 3905 3050 3974 Ἐγὼ
3098 3905 3157 3958 ἐν
3195 3903 3275 3976 τῷ
3321 3904 3530 3976 Πατρὶ,
3575 3902 3670 3956 καὶ
3703 3904 3736 3957 6

2151 3998 2338 4070 Πατὴρ
2362 4000 2420 4051 ὲν
2447 3998 2592 4069 ἐμοὶ,
2625 4017 2644 4050 ι
2675 3995 2784 4052 οἶδε
2815 3998 2870 4051 δὲ
2897 3999 2996 4069 τὴν
3025 3996 3241 4070 ἡμέραν
3270 3996 3487 4066 ὲκείνην
3511 3996 3603 4048 καί⁸
3633 3995 3734 4067 τὴν

2150 4091 2299 4159 ὥραν
2327 4091 2356 4142 6
2394 4089 2604 4161 Πατὴρ,
2636 4085 2744 4142 οἶδε
2782 4088 3021 4160 δηλονότι
3063 4088 3157 4142 καὶ
3198 4090 3228 4142 6
3259 4087 3420 4153 Υἱὸς,
3455 4087 3514 4139 ἐν
3555 4086 3735 4157 Πατρί

2149 4198 2208 4234 τε
2238 4179 2313 4233 ὢν
2343 4180 2439 4233 καὶ
2471 4181 2649 4234 πάντα
2682 4179 2966 4248 γινώσκων
2989 4179 3057 4233 τὰ
3081 4181 3138 4233 ὲν
3165 4177 3335 4249 αὐτῷ,
3365 4177 3461 4232 καὶ
3497 4177 3636 4248 ἔχων
3673 4177 3734 4232 ὲν

2152 4270 2330 4342 ἑαυτῷ
2353 4271 2446 4326 τὸν
2477 4271 2656 4326 εἰδότα
2688 4273 2931 4343 Πατέρα.

2834 4389 3036 4442 ΑΛΛΟ.

552 4488 720 4545 Filius
751 4489 946 4544 dicitur
982 4499 1037 4545 et
1071 4497 1154 4547 est
1194 4491 1505 4546 omnimoda
1551 4492 1727 4547 Patris
1768 4493 1945 4566 imago
1979 4495 2045 4552 ⁸³.

2223 4501 2398 4556 Εἰκὼν
2445 4502 2862 4574 ἀπαράλλακτος
2898 4502 2992 4556 τοῦ
3037 4501 3250 4573 Πατρὸς
3291 4503 3320 4554 6
3347 4499 3475 4563 Υἱὸς
3513 4497 3732 4566 λέγεται

486 4583 542 4636 Si
576 4598 703 4637 vero
738 4583 894 4636 Pater
928 4583 1075 4636 novit
1108 4583 1247 4636 diem
1291 4583 1442 4638 illum
1484 4591 1540 4639 et
1580 4585 1765 4638 horam
1793 4601 1806 4647 ;
1837 4587 2052 4654 ignorat

485 4683 663 4724 autem
720 4672 889 4726 Filius
931 4689 946 4727 :
992 4672 1262 4741 quomodo
1313 4673 1366 4728 id
1404 4673 1546 4742 quod
1595 4657 1807 4744 ignorat
1854 4674 2054 4730 referet

482 4766 843 4818 t-ltaracterem
872 4763 986 4832 ejus
1004 4765 1095 4834 qui
1127 4766 1322 4820 novit?
1355 4767 1514 4836 Atqui
1547 4774 1631 4821 est
1663 4768 1886 4821 omnino
1912 4767 2050 4821 ima-

481 4872 547 4922 go
582 4854 779 4921 Patris,
827 4855 954 4909 licet
986 4857 1222 4910 maxime
1266 4858 1448 4912 hostes
1479 4856 1679 4912 Cbristi
1735 4858 1924 4913 nolint.
1958 4857 2048 4913 Si-

485 4946 627 4999 milis
660 4946 840 5013 itaque
863 4954 943 5000 est
966 4947 1131 5000 etiam
1171 4947 1269 4999 hac
1310 4946 1361 5002 in
1395 4957 1549 5015 parte
1593 4946 1737 5001 Patri
1765 4964 1778 5010 ;
1806 4957 1861 5001 et
1905 4947 2047 5003 sicut

485 5036 633 5090 novit
670 5035 778 5101 ille,
809 5035 956 5090 novit
990 5045 1043 5092 ct
1067 5035 1201 5105 ipse.

1139 5171 1364 5229 ALIUD.

555 5285 654 5352 Qui
679 5286 807 5340 dicit
840 5286 1060 5350 Filium,
1096 5298 1362 5356 quatenus
1390 5296 1473 5344 est
1507 5287 1762 5354 Verbum,
1799 5291 2049 5361 ignorare

481 5381 624 5432 diem
652 5377 801 5432 illum
832 5390 888 5433 et
916 5379 1125 5443 horam,
1161 5378 1549 5448 blasphemiam
1577 5381 1779 5435 evitare
1815 5397 1920 5436 non
1953 5398 2051 5452 pot

485 5481 609 5525 test.
639 5471 693 5525 Si
723 5471 864 5526 enim
897 5472 1046 5526 novit
1077 5471 1316 5540 Patrem,
1350 5473 1488 5527 sicut
1523 5474 1752 5541 ipsemet
1775 5485 2042 5529 testatur:

484 5563 609 5631 quid
635 5565 812 5618 obstat
845 5563 1133 5633 quominus
1156 5565 1318 5620 etiam
1349 5571 1507 5621 linem
1545 5567 1836 5622 crcationis
1864 5567 2049 5621 norit?

485 5655 542 5709 Si
587 5669 714 5710 vero
753 5655 986 5711 dixerint
1039 5658 1268 5727 amplius
1302 5672 1425 5713 esse
1462 5657 1621 5713 tinem
1668 5668 2043 5716 creaturarum

2154 4596 2247 4648 καὶ
2276 4595 2442 4652 ἐστιν.
2480 4595 2541 4648 Εἰ
2567 4594 2625 4647 δὲ
2656 4591 2795 4648 οἶδεν
2829 4596 2858 4647 6
2896 4594 3087 4665 Πατὴρ
3114 4593 3211 4662 τὴν
3250 4591 3462 4662 ἡμέραν
3499 4591 3591 4644 καὶ
3628 4590 3732 4660 τὴν

2155 4685 2322 4757 ὥραν,
2361 4688 2546 4755 ἀγνοεῖ
2570 4686 2624 4740 δὲ
2653 4688 2680 4739 6
2713 4687 2863 4752 Υἱὸς,
2901 4686 3018 4750 πῶς
3039 4686 3099 4739 τὸ
3125 4683 3356 4754 ἀγνοοῦν
3397 4682 3596 4746 εἰδότος
3629 4699 3732 4752 φοι

2159 4779 2300 4849 ρέσει
2337 4778 2430 4832 τὸν
2479 4779 2840 4851 χαρακτῆρα;
2893 4779 3032 4833 Ἀλλ’
3078 4779 3225 4832 ἔστιν
3273 4777 3438 4831 εἰκὼν
3476 4775 3570 4830 τοῦ
3616 4777 3734 4829 Πα-

2153 4869 2301 4940 τρός,
2328 4869 2430 4923 κᾶν
2455 4872 2504 4923 οἰ
2534 4873 2887 4943 χριστομάχοι
2920 4871 2993 4942 μὴ
3025 4870 3341 4941 βούλωνται.
3375 4869 3588 4922 Ἔοικεν
3619 4861 3732 4937 ἄρα

2155 4963 2247 5017 καὶ
2278 4963 2414 5017 κατά
2445 4962 2601 5018 τοῦτο
2635 4964 2712 5036 τῷ
2745 4965 2936 5036 Πατρὶ,
2969 4965 3062 5018 καὶ
3093 4964 3278 5037 ὥσπερ
3322 4956 3462 5015 οἶδεν
3493 4955 3732 5026 ἐκεῖνος,

2153 5056 2294 5110 οὕτω
2327 5056 2420 5109 καὶ
2455 5057 2635 5120 αὑτός.
2793 5041 2800 5046 ’

2835 5192 3038 5249 ΑΑΑο.

2236 5305 2293 5358 'U
2332 5305 2405 5376 μὴ
2446 5306 2642 5360 εἰδέναι
2684 5307 2856 5375 λέγων
2887 5308 2978 5362 τὸν
3022 5308 3168 5372 Υἱδν,
3207 5306 3342 5361 καθὸ
3374 5304 3543 5372 Λόγος
3574 5301 3694 5355 ἐστὶ
3718 5341 3736 5366 ,

2157 5397 2252 5468 τὴν
2282 5398 2493 5470 ἡμέραν
2533 5399 2627 5453 καὶ
2655 5401 2756 5471 τὴν
2787 5402 2936 5474 ὤραν
2968 5401 3204 5472 ἐκείνην,
3229 5401 3328 5454 οὐκ
3356 5398 3460 5464 ἔξω
3485 5395 3594 5450 τῶν
3621 5396 3738 5450 ἀπὸ

2155 5489 2253 5556 τῆς
2294 5490 2644 5562 βλασφημίας
2693 5494 3056 5566 ἐγκλημάτων
3100 5493 3474 5564 εὑρεθήσεται.
3506 5489 3570 5542 Εἰ
3620 5488 3738 5559 γὰρ

2152 5577 2258 5634 οἵδε
2298 5582 2388 5636 τὸν
2420 5584 2658 5656 Πατέρα,
2695 5587 2838 5641 καθά
2883 5601 3047 5658 φησιν
3090 5585 3275 5651 αὐτὸς,
3318 5583 3370 5638 τί
3405 5581 3604 5636 κωλύει
3633 5581 3736 5634 καὶ

2151 5672 2212 5726 τὸ
2257 5676 2408 5739 τέλος
2459 5678 2652 5733 εἰδέναι
2697 5680 2800 5750 τῆς
2855 5681 3117 5746 κτίσεωςς
3165 5682 3227 5734 ΕΞ
3271 5679 3368 5752 μὲν
3411 5672 3504 5732 οὖν
3542 5674 3734 5746 μεῖζον

561 5767 602 5858 ς)
635 5766 735 5858 lsa.
768 5767 1168 5858 XL.‘1};ROIII.
1205 5785 1282 5832 xt,
1311 5769 1397 5826 δι.
1477 5772 1539 5804 ⁴¹⁶
1573 5771 1590 5826 i
1630 5774 1755 5830 Cor.
1793 5789 1854 5842 tt,
1906 5776 1986 5831 l0.

2155 5781 2308 5840 Joan.
2340 5802 2451 5848 xt't,
2507 5787 2587 5844 Η.
2667 5790 2710 5822 *⁸
2740 5789 2893 5846 Joan.
2941 5806 3041 5858 rm,
3083 5792 3160 5846 l5.
3213 5791 3257 5821 ""
3293 5790 3448 5846 Joan.
3483 5807 3594 5858 xw,
3637 5791 3724 5847 ii.

490 5846 532 5878 ω
558 5836 765 5893 Coloss.
800 5855 834 5898 ι,
873 5839 955 5895 l5.
