3992 6488
415 436 522 492 375

1425 427 1482 481 S.
1523 423 1792 482 CYRILLI
1830 417 2296 477 ALEXANDle
2339 418 2656 483 ARCHIEP.

3537 410 3650 470 578

413 544 659 602 eamdem
720 541 861 597 enim
914 539 1187 596 nobiscum
1237 550 1455 594 carnem
1515 535 1762 607 gestavit.
1808 534 1968 588 Novit

2082 535 2190 603 μετ’
2219 533 2522 604 ἀνθρώπων
2554 530 2789 601 ἀγνοεῖν,
2833 530 2914 583 δτι
2937 527 3035 599 τὴν
3066 526 3232 599 αὐτὴν
3263 526 3391 596 ἡμῖν
3417 523 3650 595 ὶφόρεσι

414 635 558 689 enim
597 640 653 687 ut
701 631 964 702 sapientia
1010 637 1062 685 et
1093 626 1327 685 Verbum
1362 627 1413 681 in
1460 625 1621 681 Patre
1663 624 1962 687 exsistens;

416 725 665 792 ignorare
694 735 823 777 vero
869 735 928 777 se
956 720 1087 775 dicit
1118 726 1335 791 propter
1369 730 1465 771 nos
1490 727 1543 770 et
1587 714 1885 779 nobiscum,
1911 720 1971 767 ut

412 814 592 869 homo.

409 923 641 990 ALIUD,
689 940 790 993 quo
835 924 1129 978 ostenditur
1174 918 1444 993 manifeste
1505 919 1834 993 Servatorgm
1870 934 1967 972 no—

480 989 916 1065 visseqqitcdans,
960 993 1049 1065 sed
1088 992 1291 1043 ratione
1336 989 1723 1043 incarnationis
1753 989 1966 1057 ignora-

482 1061 679 1116 tionem
699 1076 808 1131 prta
832 1076 887 1116 sc
913 1061 1112 1113 tulisse.

481 1169 733 1225 Servator
762 1169 961 1225 alicubi
1001 1170 1069 1224 ad
1096 1167 1389 1235 discipulos
1436 1183 1561 1223 suos
1587 1168 1661 1223 ait
1695 1187 1708 1223 :
1740 1186 1760 1220 ι
1796 1168 1968 1243 ιπηέ

411 1268 504 1315 rus
534 1261 738 1315 amicus
773 1272 956 1315 noster
996 1259 1287 1316 obdormiit
1313 1260 1382 1325 ",
1427 1279 1445 1313 ι
1484 1275 1603 1315 cum
1638 1260 1837 1329 alioqui
1875 1273 1968 1313 ne-

413 1367 500 1406 mo
529 1352 627 1407 boc
660 1352 711 1407 ei
744 1352 1071 1417 nuntiasset,
1110 1350 1204 1406 sed
1248 1358 1305 1405 ut
1342 1350 1482 1405 Deus
1529 1352 1619 1419 qui
1661 1351 1840 1406 omnia
1872 1364 1965 1405 co-

410 1444 559 1511 gnita
602 1440 780 1496 habet.
822 1441 1025 1497 Deinde
1067 1441 1228 1513 longo
1274 1442 1466 1497 itinere
1518 1456 1637 1495 cum
1691 1440 1967 1510 discipulis

411 1533 703 1601 profectus,
736 1534 883 1589 venit
914 1533 980 1589 ad
1029 1547 1247 1590 sorores
1277 1533 1466 1589 Lnaari
1518 1534 1624 1602 iam
1669 1534 1883 1603 sepulti,
1912 1542 1968 1590 et

410 1623 619 1691 rogavit
648 1640 663 1676 ε
696 1640 717 1674 ι
753 1621 858 1680 Ubi
883 1622 1138 1693 posuistis
1164 1636 1289 1676 eum
1315 1621 1403 1674 "2
1438 1640 1455 1673 ι
1486 1622 1654 1688 Quem
1697 1630 1965 1675 mortuum

412 1728 531 1768 esse
553 1714 777 1778 sciebat,
806 1716 1077 1784 quomodo
1106 1712 1388 1785 ignorabat
1418 1712 1589 1768 locum
1621 1713 1675 1767 in
1699 1728 1805 1781 quo
1835 1727 1965 1767 con-

413 1805 561 1858 ditus
589 1802 745 1858 erat?
766 1803 859 1859 sed
880 1813 1037 1858 norat
1068 1805 1330 1873 proiecto.
1362 1803 1666 1861 Verisimile
1694 1805 1834 1856 enim
1861 1818 1964 1858 non

2072 624 2268 697 σάρκα.
2293 623 2413 677 Οἵδε
2448 626 2546 694 μὲν
2582 624 2688 692 γὰρ
2713 622 2788 684 ὡς
2813 620 2973 687 σοφία
3002 620 3095 671 καὶ
3129 618 3299 685 Λόγος
3335 615 3409 669 ὣν
3441 616 3498 667 ὲν
3528 615 3649 667 Πα-

2068 716 2177 785 τρί·
2218 716 2292 785 μὴ
2315 714 2510 768 εἰδέναι
2535 711 2591 767 δέ
2643 727 2775 782 φησι
2810 710 2875 762 δι’
2910 710 3057 779 ἡμᾶς
3101 709 3195 761 καλ⁸
3225 705 3340 777 μεθ’
3363 704 3517 775 ἡμῶν
3565 701 3648 765 ὡς

2072 802 2168 858 ἀνθ
2178 819 2373 874 ρωπος.

2070 922 2273 983 ΔΛΛΟ,
2320 920 2393 972 δι’
2442 911 2859 990 addatur-urat
2898 912 3127 990 gae-{bc
3159 914 3193 966 ὁ
3236 909 3441 990 Σωτὴρ
3469 907 3646 990 είιξὼς

2136 979 2270 1057 μέν’
2296 1006 2447 1057 τινα.
2491 986 2829 1053 οἰκονομίας
2886 983 2954 1036 δὲ
2997 979 3172 1053 χάριν
3217 979 3457 1049 ἀγνοεῖν
3487 979 3647 1033 αὐτὰ

2143 1056 2664 1128 σχηματιζόμενος.

2137 1167 2300 1235 Λέγει
2346 1184 2447 1219 που
2481 1166 2617 1237 πρὸς
2674 1163 2798 1227 τοὺς
2856 1161 3049 1216 ἑαυτοῦ
3087 1160 3335 1232 μαθητὰς
3362 1160 3391 1213 6
3426 1158 3644 1228 Σωτήρ⁶

2073 1276 2093 1311 ι
2123 1258 2367 1328 Λάζαρος
2387 1259 2415 1310 6
2456 1256 2607 1325 φίλος
2635 1255 2793 1327 ἡμῶν
2826 1253 3169 1324 κεκοίμηται,
3208 1270 3227 1303 s
3272 1251 3448 1304 καίτοι
3480 1248 3648 1319 μηδε-

2068 1347 2154 1407 νὸς
2179 1343 2605 1413 ἀπαγγείλαντος
2632 1342 2779 1413 αὐτῷ
2832 1343 2960 1413 περὶ
3005 1340 3221 1402 τούτου,
3269 1338 3383 1393 ἀλλ’
3406 1338 3479 1401 ὼς
3507 1336 3647 1399 Θεὸς

2067 1435 2138 1488 τὰ
2171 1436 2346 1489 πάντα
2379 1433 2680 1503 γινώσκων.
2716 1427 2847 1487 Εἶτα
2900 1429 3121 1501 μακρὰν
3151 1429 3349 1492 ἐλάσας
3381 1427 3498 1481 ὁδδν
3526 1426 3648 1496 ἅμα

2066 1526 2179 1586 τοῖς
2212 1522 2501 1593 μαθηταῖς,
2529 1521 2747 1591 ἔρχεται
2776 1519 2911 1591 πρὸς
2934 1517 3033 1580 τὰς
3058 1516 3152 1569 τοῦ
3184 1511 3648 1585 μνημονευθέντος

2068 1614 2319 1683 ἀδελφὰς,
2350 1613 2445 1667 καὶ
2478 1611 2699 1683 ἠρώτα·
2755 1630 2774 1663 t
2809 1609 2919 1663 Ποῦ
2972 1607 3257 1661 τεθείκατε
3308 1603 3489 1664 αὑτόν;
3524 1620 3541 1652 ι
3581 1601 3650 1654 '0

2068 1706 2222 1770 εἰδὼς
2254 1706 2336 1759 ὅτι
2358 1704 2704 1774 κεκοίμηται,
2737 1701 2854 1765 πῶς
2881 1701 2981 1754 οὐκ
3012 1694 3124 1752 οἶδε
3173 1697 3264 1751 τὸν
3310 1694 3475 1749 τόπον
3506 1693 3651 1744 ὅπου

2070 1798 2244 1851 ἔκειτο
2273 1796 2333 1850 τὸ
2360 1796 2516 1865 σῶμα
2540 1811 2555 1859 ;
2588 1794 2701 1847 ἀλλ’
2734 1789 2895 1847 οἶδεν.
2940 1789 3228 1844 Ἀπίθανον
3257 1783 3445 1857 γὰρτὸ
3468 1784 3653 1837 tacetve

409 1903 516 1957 est,
552 1893 722 1961 ipsum
753 1892 882 1948 illud
928 1865 1171 1960 scivisse,
1202 1895 1303 1949 hoc
1347 1894 1663 1950 nescivisse.
1696 1893 1966 1960 Quemad-

2082 1888 2171 1958 μὲν
2200 1886 2413 1949 εἰδέναι,
2442 1884 2600 1939 τοῦτο
2628 1883 2684 1937 δὲ
2716 1884 2951 1951 ἀγνοεῖν.
2984 1880 3193 1951 Ὠσπερ
3222 1872 3314 1930 οὖν
3334 1870 3653 1943 οἰκονομίας

411 1982 634 2037 modum
673 1983 835 2054 igitur
879 1975 1143 2053 singulari
1184 1984 1415 2053 quodam
1461 1984 1687 2039 consilio
1725 1984 1862 2038 dixit
1907 1998 1966 2039 se

413 2072 622 2126 nescire
649 2071 738 2126 ubi
758 2072 966 2143 iaceret
990 2070 1227 2128 hilarus
1251 2091 1266 2139 ;
1301 2074 1373 2129 ita
1404 2074 1568 2129 etiam
1589 2075 1655 2128 de
1677 2074 1763 2128 die
1790 2086 1845 2127 et
1874 2074 1968 2128 bo-

412 2177 494 2225 ra,
532 2162 751 2218 tametsi
779 2162 924 2217 dicat
964 2176 1023 2217 se
1052 2164 1319 2232 ignorare,
1351 2166 1599 2221 utilitatis
1628 2175 1685 2221 et
1715 2166 1838 2221 boni
1868 2165 1967 2220 ali-

410 2252 745 2324 cniuscausa
775 2252 832 2307 id
854 2251 985 2308 iacit
1012 2271 1028 2308 :
1060 2254 1223 2324 ἐς
1258 2257 1403 2309 novit
1431 2256 1573 2310 enim
1608 2265 1665 2310 ut
1701 2254 1860 2311 Deus.

575 2358 808 2427 ALIUD,
842 2361 917 2415 ad
942 2362 1179 2417 candent
1207 2366 1513 2417 sententious
1538 2368 1822 2435 pertinens.

480 2472 613 2530 Cum
644 2475 696 2529 in
727 2474 969 2545 partibus
988 2474 1247 2530 ϐαιτερ
1268 2475 1496 2547 Philippi
1520 2488 1663 2532 esset
1688 2476 1964 2541 Servator,

410 2567 761 2637 interrogavit
794 2565 1083 2636 discipulos
1108 2585 1125 2620 :
1162 2586 1179 2619 t
1221 2567 1389 2633 Quem
1443 2569 1626 2622 dicunt
1676 2583 1762 2624 me
1796 2568 1970 2625 homi-

408 2669 507 2710 nes
531 2669 653 2710 esse
692 2655 888 2710 Filium
938 2655 1171 2711 hominis
1198 2656 1287 2709 ’ίτ
1311 2674 1330 2707 r
1367 2653 1611 2727 Cumque
1648 2656 1842 2713 Petrus
1884 2672 1969 2712 re-

410 2743 715 2813 spondisset
738 2752 791 2797 et
814 2744 1080 2798 dixisset:
1112 2761 1132 2795 ι
1166 2742 1245 2799 τυ
1271 2758 1329 2798 es
1360 2742 1630 2809 Christus,
1670 2744 1838 2799 Filius
1872 2744 1967 2801 Dei

410 2834 681 2898 viventis;
710 2852 730 2886 ι
764 2832 946 2888 statim
982 2833 1095 2902 ipse
1138 2832 1336 2899 intulit,
1374 2850 1394 2885 t
1432 2832 1638 2887 Beatus
1676 2846 1756 2898 es,
1780 2833 1969 2887 Simon

411 2924 672 2992 Barjona,
715 2923 841 2993 quia
886 2922 1051 2977 Pater
1102 2922 1362 2977 reveiavit
1414 2922 1534 2985 tibi,
1574 2924 1665 2993 qni
1712 2922 1764 2976 in
1818 2922 1971 2979 calis

412 3025 496 3069 est
522 3016 589 3069 ".
620 3033 639 3067 ι
672 3012 843 3068 Nemo
870 3013 1013 3069 enim
1052 3012 1206 3068 novit
1232 3012 1429 3067 Filium
1464 3012 1565 3068 nisi
1612 3012 1792 3076 Pater.
1817 3012 1969 3082 iuxta

414 3104 585 3174 ipsius
615 3103 920 3160 Servatoris
944 3116 1127 3159 vocem
1158 3103 1221 3156 ”.
1255 3103 1325 3157 At
1368 3104 1411 3158 si
1440 3103 1601 3158 Pater
1644 3119 1743 3172 per
1772 3104 1967 3159 Filium

2067 1980 2209 2042 τινὸς
2233 1978 2416 2031 ἕνεκεν
2441 1977 2501 2030 τὸ
2532 1975 2605 2046 μὴ
2634 1974 2828 2028 εἰδέναι
2850 1971 2952 2025 ποῦ
2988 1973 3165 2024 κεῖται
3212 1965 3459 2037 Λάζαρος
3507 1963 3655 2031 [9a.-

2070 2087 2216 2133 σκεν,
2245 2068 2386 2121 οὕτω
2423 2068 2516 2121 καὶ
2547 2068 2674 2138 περὶ
2710 2067 2806 2136 τῆς
2830 2064 3041 2136 ἡμέρας
3065 2062 3159 2115 καὶ
3200 2059 3299 2130 τῆς
3326 2057 3505 2127 ὥρας,
3539 2052 3667 2116 κάν,

2067 2162 2199 2235 λέγῃ
2235 2161 2308 2232 μὴ
2332 2160 2549 2221 ειδέναι,
2588 2156 2857 2229 χρήσιμόν
2879 2172 2933 2207 τι
2956 2154 3048 2219 κα)
3074 2152 3276 2221 ἀγαθὸν
3308 2144 3604 2217 οἰκονομῶν
3631 2184 3653 2211 ,

2065 2250 2224 2305 τοῦτο
2247 2252 2407 2303 ποιεῖ’
2432 2244 2540 2302 οἶδε
2570 2248 2679 2318 γὰρ
2711 2247 2786 2308 ὡς
2812 2244 2966 2308 Θεός.

2320 2364 2523 2430 ΑΛΛΟ,
2554 2362 2667 2431 τὴν
2686 2360 2883 2429 αὐτὴν
2929 2361 3074 2429 ἕχον
3100 2356 3390 2412 διάνοιαν.

2138 2475 2272 2544 Περὶ
2301 2471 2370 2525 τὰ
2405 2472 2545 2542 μέρη
2579 2468 2915 2538 Καισαρείας
2972 2467 3074 2537 τῆς
3098 2464 3365 2519 Φιλίππου
3406 2458 3658 2532 γεγονὼς

2068 2566 2097 2617 6
2126 2563 2335 2634 Σωτὴρ,
2370 2560 2556 2632 ἠρώτα
2605 2561 2731 2623 τοὺς
2780 2556 2977 2612 ἑαυτοῦ
3037 2555 3305 2627 μαθητάς·
3367 2572 3386 2606 ι
3413 2553 3546 2607 Τίνα
3577 2568 3658 2623 μα

2067 2654 2314 2722 λέγουσιν
2362 2654 2411 2706 oi
2466 2651 2741 2723 ἄνθρωποι
2804 2650 2897 2704 τὸν
2928 2649 3057 2702 Υίδν
3106 2646 3199 2701 τοῦ
3246 2644 3576 2717 ἀνθρώπουζ
3624 2661 3650 2695 a

2081 2744 2545 2816 Ἀποκριναμένου
2594 2744 2648 2796 δὲ
2678 2743 2886 2813 Πέτρου
2917 2743 3011 2797 καὶ
3037 2740 3341 2813 είρηκότος,
3382 2756 3401 2790 t
3434 2738 3505 2791 Σὺ
3536 2728 3588 2788 si
3614 2738 3654 2790 6

2069 2836 2302 2909 Χριστὸς
2329 2839 2358 2891 6
2390 2835 2519 2899 Υἱὸς
2543 2834 2636 2888 τοῦ
2660 2832 2795 2888 Θεοῦ
2825 2833 2918 2887 τοῦ
2948 2832 3169 2897 ζῶντος,
3204 2850 3225 2884 s
3250 2832 3530 2903 ἐπήγαγεν
3561 2830 3624 2882 αὗ
3643 2858 3658 2869 ο

2071 2928 2190 2993 οὓς,
2208 2929 2288 2981 ὅτι
2330 2945 2349 2978 ι
2378 2925 2666 2997 Μακάριος
2698 2919 2769 2989 εῐ,
2804 2924 2987 2994 Σίμων
3013 2923 3129 2995 Βάρ
3169 2923 3343 2984 Ἰωνᾶ,
3376 2922 3455 2975 ὅτι
3481 2920 3511 2973 6
3536 2919 3661 2973 Πα-

2069 3020 2173 3091 τὴρ
2205 3017 2523 3086 ἀπεκάλυψέ
2558 3034 2639 3070 σοι
2664 3019 2692 3070 6
2717 3018 2774 3070 ὲν
2801 3019 2916 3080 τοῖς
2935 3016 3203 3087 οὐρανοῖς.
3245 3033 3263 3066 r
3308 3013 3495 3075 Οὐδεὶς
3536 3010 3657 3081 γάρ

2071 3105 2178 3162 οἶδε
2201 3108 2293 3161 τὸν
2316 3108 2441 3161 Υίὸν
2464 3108 2512 3160 εί
2540 3106 2614 3177 μὴ
2641 3108 2670 3160 6
2697 3106 2909 3176 Πατὴρ,
2939 3105 3081 3160 κατά
3095 3106 3194 3176 τὴν
3218 3103 3381 3159 αὐτοῦ
3416 3101 3510 3156 τοῦ
3536 3102 3660 3155 Σω-

413 3195 592 3250 omnia
627 3201 901 3264 operatur,
943 3207 1105 3248 unum
1144 3207 1269 3248 vero
1300 3207 1363 3247 ex
1409 3193 1663 3262 operibus
1704 3204 1787 3251 est
1815 3210 1969 3251 reve-

2082 3197 2237 3268 τῆρος
2265 3197 2469 3266 φωνήν.
2508 3197 2573 3249 Ei
2603 3195 2659 3249 δὲ
2685 3195 2755 3250 δι’
2792 3193 2925 3249 Υίοῦ
2971 3196 3150 3250 πάντα
3196 3194 3385 3266 Πατὴρ
3414 3192 3653 3265 ἐργάζε-

416 3288 567 3351 Iasio,
590 3285 771 3355 ipsum
792 3283 1025 3341 Verbum
1048 3282 1209 3339 Petro
1241 3282 1443 3339 revelat
1464 3298 1582 3355 qua:
1605 3284 1785 3341 Patris
1812 3294 1971 3353 sunt;

416 3379 683 3446 quomodo
716 3385 895 3432 autem
927 3378 973 3432 is
1015 3376 1103 3446 qui
1148 3376 1376 3441 revelat,
1424 3387 1679 3445 tanquam
1722 3380 1975 3447 ignorans

420 3475 741 3539 interrogat,
759 3481 1046 3539 quemnam
1092 3468 1267 3538 ipsum
1298 3468 1545 3524 homines
1595 3483 1719 3525 esse
1746 3470 1979 3525 dicant?

418 3559 580 3613 Certo
606 3559 769 3628 igitur
791 3572 855 3613 ac
893 3557 1153 3628 singulari
1190 3557 1417 3613 consilio
1447 3559 1718 3617 interdum
1759 3561 1977 3630 ignora-

421 3650 627 3703 tionem
648 3648 891 3705 simulat.
917 3647 1107 3705 Sciens
1140 3650 1293 3706 euim
1311 3650 1439 3721 quid
1470 3649 1719 3721 discipuli
1749 3668 1975 3722 respon-

418 3738 530 3792 suri
560 3747 767 3804 essent,
792 3738 1087 3812 interrogat
1116 3749 1222 3826 "ut
1259 3749 1481 3812 accepta
1525 3757 1711 3798 eorum
1752 3758 1976 3815 respon-

418 3827 569 3883 sione
600 3827 760 3884 iidem
786 3828 1042 3886 stabiliat.

908 4004 1147 4071 ALlUD,
1174 3997 1485 4063 enarratius.

491 4118 677 4184 Filius,
707 4125 972 4188 quatenus
1022 4126 1108 4174 est
1156 4116 1389 4175 Verbum
1430 4128 1488 4176 et
1537 4121 1821 4192 sapientia,
1872 4139 1977 4180 non

2074 3308 2184 3355 ται,
2209 3290 2266 3343 ἓν
2298 3290 2355 3344 δὲ
2375 3288 2482 3343 τῶν
2512 3288 2691 3360 ἔργων
2711 3290 2803 3342 καὶ
2838 3290 2872 3360 ἡ
2908 3288 3273 3359 ἀποκάλυψις,
3296 3288 3457 3351 αὐτὸς
3486 3288 3515 3340 6
3540 3287 3655 3341 A6-

2076 3395 2171 3446 γος
2199 3376 2549 3445 ἀποκαλύψας
2609 3374 2689 3446 τῷ
2735 3376 2930 3449 Πέτρε)
2956 3368 3206 3445 φαίνεται
3235 3376 3305 3429 τά
3350 3375 3502 3447 παρὰ
3552 3374 3659 3429 τοῦ

2077 3468 2310 3539 Πατρός·
2340 3466 2457 3531 πῶς
2512 3462 2605 3521 οὖν
2632 3469 2661 3521 6
2697 3467 3053 3536 ἀποκαλύψας
3081 3466 3157 3531 ὡς
3189 3468 3397 3536 ἀγνοῶν
3439 3467 3619 3537 ιρωτᾷ
3637 3507 3657 3532 ,

2076 3559 2196 3611 τίνα
2224 3559 2473 3627 λέγουσιν
2502 3560 2549 3612 oi
2576 3557 2882 3630 ἄνθρωποι;
2905 3557 3115 3612 Οὐκοῦν
3140 3560 3412 3629 οἰκονομεῖ
3433 3576 3487 3612 τι
3521 3558 3661 3611 πολε

2076 3649 2234 3711 λάκις
2275 3650 2376 3719 τῆς
2399 3650 2623 3718 ἀγνοίας
2658 3649 2719 3703 τὸ
2756 3651 2959 3721 σχῆμα.
2992 3649 3163 3713 Εἰδὼς
3189 3650 3298 3721 γάρ
3325 3652 3461 3720 ὅπερ
3492 3649 3664 3719 ἔμελ-

2076 3742 2168 3794 λον
2198 3742 2342 3812 ἐρεῖν
2372 3742 2421 3794 o!
2454 3741 2711 3811 μαθηταὶ,
2739 3742 3006 3812 προσάγει
3041 3740 3142 3811 τὴν
3178 3739 3389 3805 πεῦσιν,
3423 3740 3489 3793 ἵν’
3513 3740 3662 3793 ἀπο-

2077 3830 2366 3899 δεξάμενος
2424 3828 2603 3883 αύτῶν
2654 3830 2752 3901 τὴν
2819 3828 3149 3899 ἀπόκρισιν,
3220 3827 3494 3901 βεϐαιώσῃ
3551 3828 3662 3898 τὴν

2081 3918 2281 3971 πίστιν.

2496 4008 2680 4061 ΔΛΛΟ
2703 4047 2715 4070 ,
2764 4008 3220 4078 διηγηματικῶς.

2149 4122 2261 4176 Οὐκ
2284 4122 2468 4189 ἀγνοεῖ
2496 4121 2593 4192 τὴν
2626 4122 2841 4191 ἡμέραν
2873 4123 2967 4176 καὶ
2999 4122 3097 4193 τὴν
3136 4122 3285 4194 ὥραν
3331 4123 3425 4194 τῆς
3457 4123 3661 4178 ἑαυτοῦ

420 4209 631 4281 ignorat
664 4208 808 4262 diem
831 4215 884 4261 et
920 4206 1108 4262 horam
1142 4208 1226 4264 sui
1258 4212 1521 4267 adrentus
1550 4229 1563 4267 :
1603 4214 1697 4268 sed
1730 4228 1797 4269 ne
1843 4230 1972 4271 mce-

2082 4215 2379 4285 παρουσίας
2416 4214 2444 4265 6
2470 4214 2616 4279 Υίὸς,
2717 4213 2889 4281 Λόγος
2922 4213 3039 4267 ἐστὶ
3068 4214 3162 4268 καὶ
3197 4212 3356 4283 σοφία
3382 4254 3396 4275 ,
3424 4214 3539 4266 ἀλλ’
3567 4214 3661 4267 ῐνα

420 4312 605 4354 xorem
636 4298 913 4368 discipulis
946 4299 1191 4365 incutiat,
1230 4300 1417 4356 nolens
1447 4316 1635 4357 eorum
1680 4302 1972 4375 interroga-

2084 4308 2157 4377 μὴ
2212 4305 2388 4375 λύπην
2425 4304 2623 4377 ἐντέκῃ
2681 4307 2796 4367 τοῖς
2829 4303 3117 4375 μαθηταῖς,
3185 4306 3261 4367 ὡς
3311 4305 3371 4357 ού
3419 4303 3662 4374 θελήσας

423 4390 553 4445 tioni
584 4391 927 4459 respondere,
956 4392 1093 4447 dixit
1122 4406 1181 4447 se
1208 4394 1437 4462 nescire,
1468 4404 1529 4450 ut
1555 4396 1715 4452 homo
1738 4438 1752 4461 ,
1784 4398 1972 4468 quippe

2082 4395 2468 4467 ἀποκρίνεσθαι
2500 4398 2565 4465 τῇ
2604 4397 2731 4466 παρ’
2756 4395 2935 4448 αὐτῶν
2976 4394 3403 4484 προσενεχθείσῃ
3439 4396 3658 4459 πεύσει,

421 4480 515 4549 qui
554 4480 605 4535 id
659 4480 838 4535 dicere
882 4482 1060 4550 potuit
1095 4496 1363 4553 quatenus
1400 4500 1527 4540 caro
1566 4486 1737 4541 factus
1773 4497 1874 4551 est,
1921 4495 1972 4541 ut

2083 4488 2164 4552 τδ,
2198 4488 2311 4539 Οὐκ
2340 4482 2474 4551 οἶδα,
2501 4486 2666 4557 φησιν
2698 4487 2773 4549 ὡς
2788 4480 3089 4553 ἄνθρωπὸς,
3108 4486 3356 4551 ἐξουσίαν
3390 4486 3526 4556 ἔχων
3558 4489 3662 4541 καὶ

422 4572 677 4639 scriptum
712 4582 795 4625 est
823 4572 891 4637 “,
922 4573 1211 4641 carnisque
1238 4574 1582 4630 inﬁrmitates
1612 4578 1855 4646 proprias
1877 4578 1972 4633 sibi

2086 4576 2204 4641 τοῦ,
2241 4578 2415 4629 εἰπεῖν
2444 4576 2551 4640 διὰ,
2584 4578 2643 4629 τὸ
2670 4574 2918 4645 γενέσθαι
2960 4575 3115 4647 σὰρξ,
3148 4577 3282 4630 καθὸ
3321 4579 3657 4649 γέγραπται,

427 4659 568 4714 iecit.
595 4660 752 4726 Quod
769 4661 913 4715 enim
944 4663 1047 4717 hac
1083 4662 1151 4718 de
1175 4678 1332 4720 causa
1372 4679 1430 4720 se
1466 4668 1676 4722 nescire
1711 4668 1867 4735 dixit,
1897 4670 1980 4723 in-

424 4750 490 4804 de
516 4753 763 4821 cog-nosci
796 4761 989 4822 potest.
1021 4752 1152 4808 Nam
1181 4765 1461 4827 postquam
1490 4772 1520 4813 e
1544 4760 1770 4814 mortuis
1799 4773 1979 4814 resur-

424 4843 583 4909 rexit,
610 4858 731 4897 cum
765 4843 874 4912 iam
904 4846 956 4899 in
996 4846 1161 4901 caelos
1188 4861 1514 4903 ascensurus
1542 4859 1706 4913 esset,
1750 4852 1984 4905 interro-

426 4935 675 5006 gantibus
702 4951 826 4990 eum
856 4937 1151 5005 discipulis,
1186 4939 1399 5007 quando
1429 4940 1552 4994 nnis
1576 4937 1807 5002 futurus,
1834 4942 1983 5011 ipse-

424 5041 529 5096 que
558 5026 750 5082 iterum
783 5036 1040 5082 venturus
1077 5037 1237 5095 esset,
1270 5028 1517 5084 acerbius
1566 5029 1643 5084 eis
1680 5033 1981 5101 respondit,

426 5118 650 5172 dicens:
684 5134 702 5168 ι
732 5117 849 5173 Non
872 5127 953 5173 est
986 5128 1225 5173 vestrum
1262 5134 1485 5175 noscere
1517 5128 1753 5191 tempora
1783 5132 1838 5177 et
1866 5140 1984 5179 mo-

427 5218 629 5272 menta,
658 5222 775 5275 quae
804 5207 964 5263 Pater
1003 5208 1183 5279 posuit
1223 5209 1276 5262 in
1319 5224 1413 5263 sua
1450 5219 1714 5279 potestate
1739 5212 1807 5267 ".
1853 5231 1870 5264 ι
1912 5215 1981 5267 At

428 5297 471 5350 si
504 5296 632 5350 illud
680 5298 894 5366 penitus
930 5298 1256 5367 ignorasset,
1286 5300 1571 5368 oportebat
1614 5300 1789 5355 dicere
1820 5320 1831 5356 :
1865 5302 1981 5357 Dixi

429 5386 579 5440 vobis
610 5402 701 5441 me
723 5389 956 5453 nescire,
989 5397 1044 5443 et
1067 5390 1268 5444 nescio.
1301 5389 1369 5444 At
1398 5404 1522 5444 vero
1561 5392 1713 5459 quasi
1743 5408 1844 5446 non
1893 5409 1983 5448 re-

427 5486 514 5531 rte
552 5478 949 5551 interrogantes
985 5482 1347 5552 reprehendit,
1394 5492 1447 5537 et
1479 5492 1732 5551 tanquam
1779 5485 1982 5553 majora

426 5585 586 5638 quam
616 5585 714 5640 par
737 5572 807 5627 sit
835 5574 1174 5643 inquirentes
1207 5574 1399 5645 rejicit.
1428 5574 1771 5631 Manifestum
1803 5576 1983 5647 itaque

496 5727 541 5761 "
568 5726 722 5785 Joan.
754 5746 833 5799 xt,
868 5732 952 5791 ii.
1028 5735 1077 5767 ”
1114 5735 1243 5791 ibid.
1267 5736 1355 5791 3i.
1434 5736 1473 5768 "
1512 5734 1699 5791 hiauit.
1740 5751 1850 5800 ιιι,
1885 5735 1967 5790 15.

432 5796 479 5829 ⁸³
516 5799 633 5855 Act.
672 5816 710 5867 ι,
747 5801 799 5855 ’1.

2086 4670 2178 4722 καὶ
2197 4667 2294 4731 τὰς
2322 4666 2422 4736 τῆς
2468 4666 2666 4737 σαρκὸς
2714 4664 2996 4728 ἀσθενείας
3045 4665 3497 4735 ίὸιοποιήσασθαι.
3532 4668 3661 4720 Ὅτι

2089 4757 2195 4834 γρρ
2223 4756 2424 4826 ταύτης
2443 4756 2604 4808 ἕνεκα
2630 4756 2729 4823 τῆς
2756 4754 2931 4817 αίτίας
2957 4754 3017 4806 τὸ
3043 4754 3115 4824 μὴ
3145 4755 3340 4809 ειδέναι
3366 4757 3547 4825 φησιν,
3571 4758 3664 4809 ὲν-

2088 4848 2275 4901 τεῦθεν
2300 4846 2578 4917 εἰσόμεθα.
2608 4847 2759 4899 Μετά
2789 4845 2896 4915 γὰρ
2927 4844 2987 4898 τὸ
3024 4847 3086 4898 ὲκ
3108 4844 3313 4916 νεκρῶν
3338 4847 3660 4916 ἀναστῆναι,

2095 4938 2301 5009 μέλλων
2334 4954 2391 4991 τε
2429 4938 2527 5007 ἤδη
2564 4934 2749 4988 λοιπὸν
2773 4934 3081 4989 ἀναϐαίνειν
3104 4934 3183 4997 είς
3219 4934 3500 5004 οὐρανοὺς,
3527 4935 3665 5005 ἔρω-

2090 5031 2369 5098 τησάντων
2392 5028 2552 5079 αὐτὸν
2581 5026 2687 5079 τῶν
2730 5026 3004 5096 μαθητῶν,
3052 5026 3181 5079 πότε
3206 5026 3268 5079 τὸ
3295 5026 3447 5089 τέλος
3471 5026 3625 5080 ἔσται
3642 5068 3662 5093 ,

2090 5122 2183 5173 καὶ
2214 5120 2343 5173 πότε
2385 5119 2545 5171 πάλιν
2572 5120 3029 5189 παραγενήσεται,
3069 5116 3397 5188 δριμύτερον
3428 5118 3665 5188 ἀπεκρί-

2087 5228 2215 5264 νατο
2240 5211 2432 5279 λέγων·
2471 5227 2489 5259 t
2522 5208 2632 5277 Οὐχ
2662 5207 2813 5277 ὑμῶν
2841 5209 2956 5260 ὲστι
2978 5207 3178 5276 γνῶναι
3222 5208 3449 5279 χρόνους
3476 5208 3508 5277 ἢ
3540 5224 3667 5261 και-

2090 5305 2235 5375 ροὺς,
2267 5303 2358 5367 οὒς
2378 5305 2405 5357 6
2437 5302 2623 5372 Πατὴρ
2652 5300 2804 5352 ἔθετο
2833 5300 2891 5352 ὲν
2921 5302 2986 5370 τῇ
3025 5300 3129 5371 ίδία
3179 5299 3418 5369 ἐξουσία.
3453 5319 3471 5352 s
3516 5301 3666 5355 'an'

2086 5395 2243 5466 είπερ
2266 5395 2469 5463 ἠγνόει,
2504 5392 2687 5461 σαφῶς
2704 5392 2863 5446 αὑτὸν
2890 5393 3056 5463 ἐχρῆν
3085 5391 3285 5461 λέγειν·
3310 5387 3477 5446 Εἶπον
3502 5394 3661 5461 ὑμῖν,

2085 5488 2185 5540 οὐκ
2208 5483 2342 5540 οἶδα.
2378 5486 2515 5539 Νυνὶ
2536 5485 2591 5539 δὲ
2623 5484 2697 5549 ὡς
2731 5487 2830 5539 οὐκ
2866 5486 3100 5553 εὐλόγως
3147 5485 3467 5555 ἐρωτῶντας
3515 5486 3667 5555 ἑλέγο

2087 5595 2204 5648 χει,
2262 5578 2355 5631 καὶ
2396 5578 2469 5640 ὼς
2506 5576 2725 5647 μείζονα
2776 5576 2809 5645 ἢ
2863 5575 2985 5629 καθ’
3033 5576 3257 5638 ἑαυτοὺς
3305 5575 3664 5641 δξετάζοντας

2082 5736 2127 5768 "
2153 5735 2282 5793 ibid.
2318 5733 2518 5804 16,17.
2633 5734 2681 5768 ³⁸
2711 5733 2902 5790 Matth.
2935 5749 3011 5803 ιι,
3034 5733 3127 5789 27.
3224 5734 3272 5768 ”
3297 5731 3456 5790 Ioan.
3495 5748 3534 5796 ι,
3572 5733 3662 5790 Η.
