3992 6496
266 472 369 527 ΥΠ

1718 452 2168 512 τιιεειιυιιυε.

3484 448 3592 509 διε

292 594 609 667 ἀποτράπει.
632 592 811 665 Δῆλον
840 586 935 644 οὖν
965 591 1112 643 ἐστιν
1128 588 1209 641 ὅτι
1234 584 1329 639 καὶ
1350 584 1494 647 τότε,
1516 581 1695 643 καίτοι
1716 580 1893 640 πάντα

2010 589 2082 633 est
2129 576 2294 633 etiam
2348 584 2479 631 tunc
2533 576 2735 645 ipsum,
2798 573 3014 630 tametsi
3070 572 3255 628 omnia
3296 584 3479 628 nosset
3533 583 3594 628 ut

299 684 449 748 εἰδὼς
476 686 555 750 ὡς
585 684 748 749 Θεὸς,
774 683 866 737 διὰ
914 682 976 734 τὸ
1026 674 1166 733 εἶναι
1215 678 1315 748 τὴν
1348 675 1552 743 γνῶσιν
1594 672 1737 744 ὑπὲρ
1763 672 1889 734 τοὺς

1994 670 2159 736 Deus,
2204 671 2441 723 humano
2473 676 2652 720 tamen
2685 680 2836 721 more
2866 666 3069 720 dixisse
3094 654 3239 734 quod
3262 662 3406 718 diem
3440 662 3587 717 illum

306 776 567 847 μαθητὰς,
593 774 961 845 ἀνθρωπίνως
983 772 1188 841 ἔφασκε
1222 768 1296 840 μὴ
1316 766 1514 821 εἰδέναι
1545 765 1643 836 τὴν
1670 764 1890 835 ἡμέραν

2010 773 2049 817 2t
2074 764 2266 816 horam
2288 760 2593 831 ignoraret,
2630 760 2758 829 quia
2801 756 3195 835 discipulorum
3232 766 3450 825 captum
3476 755 3593 825 ejus

307 867 445 937 μηδι
474 867 569 936 τὴν
589 866 742 936 ὥραν
775 864 1014 935 ἐκείνην.

989 976 1197 1030 ΑΛΛΟ.

380 1088 553 1144 Ὅταν
582 1090 904 1162 εὑρίσκηται
935 1087 963 1139 6
1015 1084 1149 1149 Θεὸς
1204 1085 1263 1138 ὲν
1308 1085 1408 1155 μὲν
1452 1083 1528 1154 τῷ
1578 1079 1893 1154 παραδείσῳ

309 1178 485 1247 λέγων
510 1179 748 1249 πρὺςτὺν
786 1177 978 1247 ’Δδάμ⁹
1008 1194 1026 1228 ι
1053 1174 1162 1229 Ποῦ
1185 1170 1266 1240 εἷς
1307 1193 1326 1226 ι
1361 1174 1499 1245 πρὸς
1520 1173 1579 1227 δὲ
1608 1172 1699 1225 τὸν
1730 1172 1889 1225 Κάῖνο

314 1287 334 1321 s
362 1270 479 1325 Ποῦ
507 1269 721 1323 Ἀσελό
746 1268 976 1337 ἀδελφός
1019 1284 1150 1333 σου;
1188 1285 1207 1319 ι
1247 1265 1301 1319 τί
1347 1266 1456 1337 ἀρα
1485 1265 1580 1318 καὶ
1612 1263 1741 1333 περὶ¹
1766 1262 1894 1315 τού-

306 1378 402 1415 του
436 1362 607 1430 φατές
638 1362 733 1414 ’Δν
759 1360 860 1431 μὲν
881 1359 990 1431 γάρ
1018 1358 1321 1428 ἀγνοοῦντα
1343 1355 1615 1411 ποιεῖσθαι
1641 1357 1739 1428 τὴν
1767 1352 1897 1427 Epdi-

304 1468 464 1522 τησιν
519 1451 739 1523 λέγητε,
780 1450 1035 1523 φανερῶς
1085 1448 1499 1521 δυσφημοῦντες
1549 1446 1894 1519 εὑρίσκεσθε.

306 1541 369 1594 Et
397 1540 457 1594 δὲ
483 1541 689 1613 τρόπον
714 1541 1034 1612 οίκονομίας
1073 1538 1391 1608 είσάγεσθαί
1435 1555 1557 1591 τινα
1597 1536 1687 1591 διά
1738 1535 1897 1590 τοῦτο

303 1630 529 1698 adiecta,
566 1633 644 1703 μὴ
672 1632 970 1699 ξενίζεσθε,
1017 1631 1122 1686 κᾶν
1167 1634 1196 1686 6
1226 1631 1320 1686 τοῦ
1352 1630 1490 1684 Θεοῦ
1513 1630 1706 1699 Λόγος,
1742 1629 1810 1682 δι’
1833 1623 1896 1683 οὗ

305 1722 401 1775 καὶ
418 1720 545 1774 τότε
582 1720 682 1793 τὴν
708 1720 978 1793 ἐρώτησιν
1031 1721 1169 1791 πρός
1199 1737 1258 1774 τε
1303 1720 1477 1790 ’Δδάμ
1498 1720 1591 1773 καὶ
1640 1720 1735 1774 τὸν
1755 1719 1897 1773 Κάῖν

304 1814 543 1866 δποιεῖτο
585 1812 739 1879 Θεὸς,
794 1811 1094 1882 οἰκονομῶν
1137 1829 1191 1864 τι
1247 1812 1520 1885 χρήσιμον
1585 1810 1661 1883 μὴ
1694 1809 1893 1864 ειδέναι

1996 854 2073 909 rei
2103 852 2296 908 notitia
2333 849 2648 920 superabat.

2672 958 2906 1017 ALIUD.

2063 1076 2197 1134 Cum
2253 1077 2564 1132 inveniatur
2630 1074 2774 1130 Deus
2852 1074 2906 1128 in
2976 1069 3232 1142 paradiso
3279 1070 3467 1125 dicens
3522 1070 3591 1127 ad

1994 1168 2307 1225 Adamum:
2344 1186 2362 1220 ι
2398 1164 2503 1227 Ubi
2531 1183 2593 1223 es
2618 1167 2707 1221 "l’
2736 1186 2753 1219 ι
2784 1176 2839 1221 et
2866 1166 2934 1220 ad
2966 1164 3101 1219 Cain
3130 1180 3145 1218 :
3180 1182 3202 1215 ι
3249 1161 3477 1218 Ubinam
3509 1172 3594 1216 est

1995 1262 2132 1317 Abel
2160 1260 2326 1316 frater
2352 1268 2477 1315 tuus
2494 1261 2582 1315 '7?
2613 1280 2632 1313 ι
2661 1258 2793 1328 quid
2831 1257 2934 1312 hac
2964 1255 3032 1310 de
3064 1268 3121 1309 re
3147 1254 3386 1309 statuitis
3409 1252 3435 1307 ἲ
3458 1252 3590 1307 Nam

1997 1353 2043 1409 si
2080 1354 2244 1407 Deum
2272 1352 2616 1422 ignorantem
2638 1352 2743 1405 hoc
2766 1350 3140 1417 interrogasse
3166 1346 3383 1411 dicatis,
3417 1344 3594 1400 inani-

1998 1445 2192 1500 festam
2222 1444 2617 1513 blasphemiam
2644 1441 2817 1513 223
2838 1441 3149 1496 incurretis.
3197 1436 3252 1494 Si
3273 1448 3453 1494 autem
3477 1438 3594 1493 sin-

1997 1538 2170 1610 gulari
2203 1539 2435 1594 consilio
2474 1538 2578 1595 hoc
2624 1538 2699 1592 ita
2730 1535 3180 1610 administratum
3211 1532 3456 1588 fatemini
3484 1551 3497 1587 :
3524 1547 3594 1588 ne

1998 1609 2151 1684 vobis
2193 1628 2438 1684 insolens
2461 1644 2527 1684 ac
2566 1628 2765 1682 mirum
2802 1609 3091 1689 videa'tur,
3117 1625 3162 1679 si
3205 1622 3444 1680 Verbum
3470 1622 3591 1689 Dei,

1999 1735 2095 1790 per
2120 1735 2280 1791 quem
2323 1720 2489 1776 etiam
2520 1729 2654 1775 tunc
2693 1716 3057 1784 interrogatio
3090 1716 3181 1770 Dei
3226 1714 3293 1769 ad
3323 1715 3592 1770 Adamutn

1999 1820 2051 1866 et
2080 1809 2211 1867 Cain
2249 1809 2397 1865 facta
2430 1819 2538 1874 est,
2570 1811 2718 1865 bono
2754 1807 2986 1877 utilique
3032 1806 3266 1863 consilio
3295 1805 3500 1861 dixerit
3532 1820 3596 1862 se

302 1905 435 1977 λέγῃ
464 1905 568 1976 τὴν
600 1904 817 1977 ἡμέραν
840 1906 918 1969 ὡς
956 1903 1264 1976 ἄνθρωπος,
1315 1904 1493 1958 καίτοι
1528 1904 1706 1958 πάντα
1742 1901 1897 1969 εἰδὼς

2010 1903 2217 1958 nescire
2278 1902 2430 1956 illum
2489 1902 2632 1957 diem
2676 1910 2736 1956 ut
2770 1900 2959 1967 homo,
2982 1898 3197 1954 tametsi
3232 1899 3419 1955 omnia
3448 1898 3596 1955 norit

300 1997 379 2062 ὡς
408 1996 572 2067 σοφία
596 1997 691 2051 τοῦ
722 1997 957 2069 Πατρός.

302 2111 509 2181 ΔΛᾼΟ,
538 2109 616 2181 δι’
752 2108 1062 2165 δείκνυται
1105 2110 1318 2181 σαφῶς
1355 2108 1743 2181 οίκονομικῶς
1771 2109 1902 2166 ἔσθ’

389 2179 489 2233 ὅτε
511 2179 627 2248 τὴν
648 2178 901 2251 ἄγνοιαν
942 2178 1455 2250 σχηματιζόμενος
1504 2178 1807 2249 όὟΣωτήρ.

373 2294 506 2347 Ὅτε
533 2293 678 2348 κατά
701 2299 801 2365 τὴν
831 2293 1038 2366 ἔρημον
1066 2298 1094 2348 6
1144 2295 1333 2366 Σωτὴρ
1386 2295 1720 2367 ἀποτρέφειν
1749 2292 1904 2347 E606-

296 2385 423 2439 λετο
444 2386 573 2449 τοὺς
600 2385 1075 2457 ἀκολουθήσαντας
1098 2387 1267 2459 αὐτῷ,
1284 2386 1435 2455 λέγει
1455 2387 1592 2459 πρὸς
1612 2386 1897 2439 Φίλιππονο

303 2477 548 2541 «Πόσους
561 2477 765 2548 ἀρτους
782 2476 937 2548 ἔχετε
962 2496 1008 2545 ς»
1038 2480 1133 2533 καὶ
1153 2479 1271 2533 εστι
1303 2480 1402 2549 μὲν
1420 2479 1498 2542 ὡς
1518 2477 1840 2547 ἀγνοοῦντος
1862 2479 1894 2547 ἡ

298 2568 599 2640 ἐρώτησις.
657 2568 1110 2641 Διαμαρτύρεται
1161 2568 1220 2623 δὲ
1272 2568 1621 2640 παραχρῆμα
1674 2568 1899 2637 λέ-γωνὸ

298 2660 697 2730 εὑαγγελιστής
721 2676 736 2691 ι
767 2679 787 2712 ι
820 2660 992 2714 Τοῦτο
1009 2661 1067 2714 δὲ
1089 2662 1246 2729 ἔλεγε
1277 2660 1559 2730 πειράζων
1592 2660 1683 2714 τὸν
1712 2660 1898 2713 Φίλιπ-

456 2750 621 2815 αὐτὸς
651 2750 761 2823 γὰρ
802 2751 922 2824 ᾔδει
969 2759 1023 2805 τι
1075 2751 1272 2824 ἔμελλε
1318 2753 1512 2805 ποιεῖν.
1558 2769 1577 2802 ι
1625 2752 1687 2805 ΕΞ
1716 2752 1897 2806 τοίνυν

295 2846 437 2915 ἔπερ
468 2843 662 2915 ἔμελλε
698 2847 872 2900 ποιεῖν
898 2845 1282 2915 ἐπιστάμενος,
1331 2844 1407 2907 ὡς
1451 2843 1665 2912 ἀγνοῶν
1686 2845 1893 2916 ἐρωτᾷ,

295 2935 351 2989 τί
380 2935 581 2990 κωλύει
609 2937 705 2990 καὶ
727 2936 823 2991 νῦν
842 2937 1115 3009 χρησίμου
1175 2936 1320 3000 τινὸς
1375 2934 1542 2990 ἕνεκα
1588 2938 1895 3007 συγχωρεῖν

298 3028 468 3101 αὐτῷ,
498 3028 575 3099 μὴ
613 3028 811 3084 ειδέναι
841 3028 1022 3097 λέγειν
1053 3028 1153 3099 τὴν
1176 3029 1390 3099 ἡμέραν
1444 3029 1540 3081 καὶ
1576 3028 1674 3100 τὴν
1704 3027 1891 3099 ὥρανς

297 3120 412 3174 Καὶ
441 3121 503 3174 οὗ
534 3119 865 3189 ψευδόμενος
901 3118 1058 3172 τοῦτό
1108 3136 1294 3191 φησιν’
1343 3120 1500 3183 εἰδὼς
1525 3120 1633 3190 γὰρ
1661 3118 1734 3183 ὡς
1763 3118 1895 3182 Θεὸς

298 3212 497 3280 Λόγος,
551 3210 776 3268 δυναται
828 3210 906 3275 ὠς
962 3210 1249 3283 ἄνθρωπος
1306 3214 1521 3281 ἀγνοεῖν
1543 3252 1557 3278 ,
1616 3212 1701 3265 ἵνα
1753 3211 1896 3265 κατά

297 3275 617 3369 πάντατοῖς
646 3305 896 3375 ἀδελφοῖς
923 3275 1189 3379 ὁμοιωθῇ,
1232 3275 1384 3361 ⁷καιτά
1424 3306 1522 3379 τὴν
1544 3275 1647 3360 τοῦ
1680 3305 1897 3360 Παύλου
1924 3275 1968 3335 c

299 3397 508 3465 φωνήν.

302 3508 544 3580 ἐἵιείς
573 3506 661 3571 τὸν
700 3506 993 3580 9-1189153
1032 3506 1143 3577 τῆς
1191 3508 1418 3579 ἡμέρας
1454 3510 1551 3565 καὶ
1595 3511 1707 3580 τῆς
1743 3509 1901 3580 ὧρας

374 3575 615 3650 ἐκείῖης
649 3573 852 3650 οὐδείςῖ
875 3648 884 3650 Α
904 3573 1100 3650 οἵδεν,
1116 3573 1281 3650 ὀὔὶε
1300 3573 1361 3633 οι
1386 3573 1629 3650 ἄγγελοι
1654 3573 1898 3636 τῶνόῠὲ

362 3645 593 3714 paritr,
620 3645 759 3700 οὔτε
788 3650 821 3701 ό
846 3648 995 3715 nec,
1021 3648 1179 3719 σιμὴ
1212 3651 1245 3703 ό
1270 3645 1483 3719 Πατὴρ
1506 3652 1717 3719 μόνος.
1764 3670 1781 3703 ι

586 3763 886 3831 Πρότασις
909 3762 990 3831 ὡς
1014 3762 1083 3817 ἐκ
1124 3762 1245 3818 τῶν
1276 3764 1611 3834 αίρετικῶν.

372 3874 583 3940 Πάντα,
612 3876 799 3944 φασὶν,
830 3871 972 3930 οἶδεν
1002 3878 1031 3930 6
1054 3876 1270 3950 Πατὴρ,
1295 3878 1357 3932 οὐ
1392 3880 1570 3933 πάντα
1590 3879 1647 3932 δὲ
1667 3879 1696 3932 6
1731 3880 1861 3946 Υίὺς
1883 3923 1899 3950 ,

304 3968 446 4019 κατὰ
476 3965 578 4036 τὴν
612 3966 779 4019 αὑτοῦ
837 3968 1046 4037 φωνήνο
1107 3968 1280 4043 ταύτῃ
1323 3969 1434 4042 γὰρ
1495 3970 1733 4040 μάλιστα
1764 3972 1901 4043 πρὸς

303 4056 583 4121 ἀπόδειξιν
605 4056 842 4129 χρῆσθαι
871 4056 1057 4113 καλόν.
1111 4060 1174 4113 Εί
1208 4061 1387 4114 τοίνυν
1440 4057 1549 4115 οἵδε
1586 4061 1686 4133 μὲν
1725 4062 1754 4113 6
1789 4063 1901 4114 Πα-

304 4145 411 4218 τὴρ
433 4146 536 4216 τὴν
601 4145 749 4217 ὥραν
795 4145 1031 4219 ἐκείνην,
1063 4148 1331 4217 ἀγνοείδὲ
1372 4151 1401 4203 6
1435 4150 1582 4215 Υἱὸς,
1637 4150 1756 4215 πῶς
1801 4151 1902 4221 τῆς

304 4240 478 4311 αὐτῆς
536 4240 691 4293 ἔσται
735 4240 948 4311 φύσεως
996 4242 1075 4313 τῷ
1137 4243 1315 4297 πάντα
1371 4244 1535 4298 εἰδότι
1567 4246 1596 4298 6
1645 4243 1721 4315 μὴ
1779 4261 1899 4298 τοι·

304 4332 490 4397 οὐτοςς

799 4445 956 4514 Πρὸς
990 4447 1169 4502 τοῦτο
1211 4450 1413 4517 λύσις.

380 4558 444 4613 El
474 4559 551 4631 μὴ
589 4559 767 4613 πάντα
790 4555 931 4614 οἶδεν
970 4564 998 4616 6
1036 4562 1185 4628 Υἱὸς,
1238 4564 1360 4617 καθ’
1401 4564 1567 4633 ὑμᾶς,
1600 4559 1645 4618 ὦ
1678 4583 1899 4636 χριστο-

2008 2004 2066 2049 ut
2090 1994 2352 2065 sapientia
2384 1994 2595 2051 Patris.

2008 2107 2234 2175 ALIUD,
2264 2126 2365 2178 quo
2418 2109 2714 2164 ostenditur
2766 2107 3020 2164 Servator
3051 2107 3317 2179 singulari
3368 2107 3594 2162 consilio

2252 2182 2517 2233 interdum
2542 2180 2901 2249 ignorantiam
2927 2195 3036 2248 pra
3056 2195 3111 2234 se
3136 2178 3342 2233 tulisse.

2076 2288 2213 2345 Cum
2265 2288 2525 2345 Servator
2578 2291 2629 2344 in
2665 2290 2887 2345 deserto
2920 2290 3108 2345 turbas
3143 2290 3320 2359 ipsum
3374 2298 3598 2344 secutas

2004 2396 2227 2452 pascere
2242 2381 2428 2445 vellet,
2451 2391 2605 2453 rogat
2632 2381 2945 2452 Philippum
2979 2398 2993 2435 :
3023 2399 3042 2433 ι
3064 2380 3209 2448 Quot
3235 2394 3405 2450 panes
3426 2378 3597 2436 habe-

2004 2469 2119 2526 tis?
2152 2489 2172 2524 ι
2196 2486 2319 2541 qua
2358 2471 2580 2542 quidem
2622 2483 2707 2527 est
2752 2472 3116 2541 interrogatio
3166 2470 3492 2541 ignorantis.
3529 2470 3599 2529 At

1997 2563 2332 2633 evangelista
2399 2565 2584 2619 statim
2633 2563 2870 2633 adjicit:
2928 2582 2949 2616 ι
2996 2563 3112 2619 Hoc
3154 2562 3331 2629 dixit,
3380 2570 3597 2620 tentans

2002 2650 2344 2722 Philippum;
2366 2652 2577 2709 sciebat
2600 2654 2742 2708 enim
2769 2655 2885 2724 ipse
2900 2654 3028 2725 quid
3055 2653 3301 2708 facturus
3325 2661 3471 2710 esset
3488 2652 3592 2709 η.»

2003 2741 2061 2799 Si
2110 2758 2239 2816 ergo
2279 2745 2463 2801 sciens
2508 2746 2639 2817 quid
2688 2745 2933 2801 facturus
2976 2754 3144 2812 esset,
3190 2744 3494 2814 interrogat
3537 2754 3600 2803 ut

2000 2837 2263 2907 ignorans
2289 2856 2302 2892 :
2327 2838 2457 2907 quid
2495 2838 2724 2906 impedit
2760 2839 3055 2909 quominus
3095 2839 3263 2894 etiam
3305 2853 3450 2895 nunc
3484 2839 3598 2895 uti-

2000 2928 2170 2985 litatis
2199 2928 2430 2999 alicujus
2461 2946 2625 2986 causa
2658 2946 2772 3001 pra:
2803 2946 2862 2985 se
2892 2931 3031 2987 ferat
3049 2945 3107 2985 se
3135 2932 3348 2985 nescire
3374 2931 3515 2987 diem
3542 2940 3600 2988 et

2002 3020 2213 3077 horam.
2264 3021 2452 3094 Neque
2512 3023 2657 3079 enim
2707 3022 2843 3078 false
2871 3023 2973 3079 hoc
3011 3022 3405 3078 dicitz‘sciens
3426 3024 3596 3090 enim,

2000 3119 2059 3165 ut
2103 3110 2248 3169 Deus
2276 3112 2540 3180 Verbum,
2576 3124 2756 3185 potest
2798 3126 2857 3171 ut
2898 3116 3062 3171 homo
3095 3115 3377 3192 ignorare,
3407 3124 3467 3170 ut
3499 3128 3599 3184 per

2000 3204 2183 3260 omnia
2220 3204 2486 3263 fratribus
2519 3208 2614 3263 llat
2644 3208 2861 3275 similis,
2897 3218 2955 3263 ut
2984 3208 3188 3266 Paulus
3219 3207 3460 3281 loquitur
3488 3208 3556 3263 ”.

2000 3506 2186 3561 Adhuc
2222 3505 2277 3560 in
2308 3506 2444 3560 idem
2470 3522 2489 3561 :
2526 3527 2546 3560 ι
2582 3506 2658 3562 De
2688 3508 2773 3562 die
2818 3506 2914 3562 illa
2965 3516 3015 3561 et
3050 3507 3182 3560 hora
3230 3520 3380 3560 nemo
3413 3505 3598 3571 novit;

2073 3592 2236 3700 rltjeq‘u
2300 3577 2475 3647 angeli
2524 3582 2796 3643 ets-torum,
2846 3593 3010 3647 neque
3060 3575 3263 3645 Filius,
3312 3576 3403 3631 sed
3453 3576 3599 3632 solus

2127 3663 2157 3699 η
2183 3662 2264 3700 er.
2300 3664 2320 3698 ι

2127 3662 2264 3701 ater.
2300 3664 2320 3698 ι

2464 3743 2704 3831 Objectio
2733 3729 3127 3815 haereticorum.

2075 3870 2293 3940 Omnia,
2348 3872 2621 3944 inquiunt,
2679 3876 2830 3931 novit
2872 3875 3057 3943 Pater,
3111 3875 3208 3931 sed
3261 3888 3368 3929 non
3411 3874 3598 3931 omnia

2004 3963 2194 4028 Filius,
2250 3975 2310 4020 ut
2368 3966 2601 4036 ipsemet
2650 3970 2762 4023 ait:
2825 3982 2949 4022 nam
3000 3968 3171 4039 ipsius
3224 3966 3599 4023 testimonium

2002 4056 2267 4126 optimum
2299 4057 2479 4111 estad
2527 4058 2631 4113 hoc
2675 4058 3181 4114 demonstrandum.
3215 4056 3273 4112 Si
3308 4072 3440 4127 ergo
3490 4055 3599 4111 Pa-

2004 4156 2089 4202 ter
2116 4149 2270 4203 novit
2316 4148 2464 4203 illam
2493 4150 2709 4216 horam,
2743 4150 2962 4221 ignorat
2996 4159 3179 4205 autem
3220 4148 3414 4217 Filius,
3448 4163 3594 4221 quo-

2011 4239 2173 4295 modo
2199 4241 2306 4294 erit
2339 4242 2581 4308 ejusdem
2619 4251 2832 4296 natura:
2862 4257 2985 4297 cum
3022 4256 3091 4298 eo
3120 4242 3219 4313 qui
3263 4241 3448 4298 omnia
3494 4256 3594 4299 uo-

2003 4330 2101 4401 vit,
2132 4332 2178 4387 is
2208 4334 2299 4402 qui
2330 4333 2536 4405 aliquid
2568 4332 2821 4403 ignorat?

2507 4443 2718 4499 Salutio
2761 4443 3095 4513 obiectionis.

2080 4559 2161 4622 Si,
2208 4559 2363 4629 juxta
2418 4567 2683 4622 vestram,
2744 4558 2929 4613 hostes
2975 4556 3205 4625 Christi,
3256 4558 3598 4632 Opinionem,

310 4653 501 4731 μάχοι,
529 4650 823 4721 ψεύδεσθαι
852 4652 1032 4717 λέγειν
1090 4654 1305 4727 ἀνάγκη
1354 4656 1452 4720 τὰς
1479 4656 1631 4721 θείας
1656 4659 1897 4729 Γραφὰς,

2010 4650 2179 4705 Filius
2222 4667 2327 4704 non
2380 4649 2564 4704 omnia
2616 4649 2806 4717 novit,
2848 4665 3075 4705 necesse
3132 4660 3215 4706 est
3270 4661 3330 4706 ut
3382 4667 3601 4711 sacram

304 4743 405 4800 ut
422 4742 533 4796 τῶν
556 4744 728 4812 ἁγίων
784 4744 1293 4817 καταθρασύνεσθαι
1351 4749 1619 4817 λεγόντων
1650 4752 1779 4823 περὶ
1808 4753 1905 4806 αὺ-

306 4831 425 4886 τοῦ’
464 4852 482 4883 ι
530 4833 590 4885 '0
634 4833 792 4898 εἰδὼς
814 4836 879 4889 τά
904 4836 1086 4892 πάντα
1138 4839 1268 4909 πρὶν
1321 4841 1589 4907 γενέσεως
1642 4843 1843 4896 αὐτῶν.
1876 4863 1894 4896 ι

307 4926 423 4979 Καὶ
448 4926 560 4997 γάρ
588 4928 645 4978 ὲν
695 4930 809 4990 τοῖς
866 4928 1055 4984 πᾶσιν
1078 4931 1194 4983 ἐστὶ
1226 4932 1319 4984 καὶ
1348 4933 1381 5002 ἡ
1440 4934 1538 5003 τῆς
1586 4934 1900 4999 συντελείας

305 5019 513 5089 ἡμέραν
548 5018 700 5071 οὐδὲν
724 5018 832 5090 γὰρ
870 5020 975 5085 ἔξω
1015 5022 1231 5076 κεῖσθαι
1265 5023 1327 5075 τὸ
1353 5025 1553 5077 πάντα
1598 5030 1896 5097 συγχωρεῖ.

306 5109 375 5163 Ei
394 5109 450 5161 δὲ
477 5107 684 5179 ταύτην
712 5106 898 5177 ἀγνοεῖ
918 5114 946 5165 6
968 5112 1115 5176 Υίὸς,
1137 5113 1253 5177 πῶς
1274 5110 1381 5167 οἶδε
1403 5117 1472 5169 τὰ
1493 5111 1670 5171 τέἀντα
1693 5136 1706 5183 ;
1740 5119 1899 5172 Ἀλλά

308 5198 395 5252 δεῖ
414 5200 631 5264 πάντως
650 5201 748 5264 τὰς
781 5202 889 5255 τῶν
920 5204 1093 5271 ἁγίων
1131 5205 1352 5275 ἀληθεῖς
1385 5201 1525 5261 εἶναι
1549 5208 1753 5278 φωνάς.
1790 5211 1902 5263 Καὶ

307 5284 417 5342 οἶδε
449 5290 519 5342 τά
549 5291 725 5343 πάντα
753 5293 780 5345 6
813 5292 957 5356 Υἱός.
994 5295 1057 5347 Et
1077 5295 1121 5347 δ’
1149 5298 1207 5348 ὲν
1232 5300 1345 5361 τοῖς
1369 5299 1533 5351 πᾶσιν
1564 5300 1775 5370 ἀνάγκη
1803 5304 1901 5356 καὶ

309 5381 373 5433 τὸ
417 5382 571 5445 τέλος
608 5387 771 5447 νοεῖν,
815 5385 1042 5453 μάταιον
1092 5388 1249 5458 ἡμῶν
1293 5391 1668 5460 ἀναπέφανται
1720 5395 1781 5447 τὸ
1813 5395 1902 5448 σό-

310 5488 512 5543 φισμα.
552 5476 840 5545 Οἰκονομεί
860 5478 965 5548 γάρ
998 5495 1077 5531 τοι
1112 5480 1369 5550 Χριστὸς,
1400 5484 1474 5554 μὴ
1504 5484 1705 5539 ειδέναι
1727 5485 1901 5555 λέγων

309 5562 411 5634 τὴν
441 5562 590 5635 ὥραν
619 5567 859 5636 ἐκείνην,
887 5569 979 5621 καὶ
1010 5571 1110 5623 οὐκ
1138 5572 1353 5643 ἀληθῶς
1379 5575 1579 5642 ἀγνοεῖ.

2010 4742 2352 4812 Scripturam
2390 4741 2609 4797 mentiri
2651 4741 2897 4797 dicamus
2923 4782 2940 4809 ,
2997 4744 3316 4815 sanctisque
3354 4744 3603 4818 refrage-

2008 4851 2133 4890 mur
2170 4835 2516 4891 dicentibus:
2555 4854 2574 4886 ‹
2614 4834 2714 4901 Qui
2764 4835 2915 4889 novit
2963 4837 3149 4891 omnia
3203 4848 3331 4894 ante
3366 4853 3601 4909 genera-

2004 4928 2208 4981 tionem
2256 4926 2500 4995 ipsorum
2544 4926 2583 4980 ¹.
2624 4945 2643 4978 ι
2681 4925 2913 4981 Nomine
2960 4928 3105 4982 enim
3141 4930 3401 4995 omnium,
3428 4931 3597 4988 etiam

2005 5018 2121 5073 dies
2154 5018 2641 5073 consummationis
2687 5020 3044 5073 continetur:
3095 5034 3223 5075 nam
3273 5036 3397 5075 cum
3452 5021 3596 5077 dici-

2009 5124 2127 5164 mus
2162 5112 2376 5173 omnia,
2414 5110 2547 5164 nihil
2586 5110 2950 5167 excludimus.
3003 5111 3059 5165 Si
3100 5127 3231 5167 vero
3270 5114 3413 5168 diem
3459 5115 3601 5172 hanc

2006 5200 2223 5271 ignorat
2282 5202 2475 5267 Filius,
2526 5203 2798 5272 quomodo
2846 5204 2999 5259 novit
3048 5206 3284 5260 omnia?
3322 5207 3599 5270 Caeterum

2008 5308 2229 5349 necesse
2253 5295 2474 5351 omnino
2509 5306 2569 5350 ut
2597 5296 2774 5351 sancti
2822 5312 2953 5352 vera
2989 5298 3360 5367 pradicarint.
3399 5298 3469 5354 Et
3505 5300 3600 5353 Fi-

2005 5385 2110 5441 lius
2141 5386 2324 5442 omnia
2376 5389 2546 5442 novit.
2598 5387 2653 5442 Si
2688 5402 2820 5442 vero
2851 5388 2904 5442 in
2942 5390 3202 5444 omnibus
3243 5404 3469 5445 necesse
3516 5402 3601 5447 est

2005 5478 2171 5532 etiam
2198 5479 2358 5533 linem
2392 5480 2777 5547 comprehendi
2803 5497 2817 5535 :
2846 5496 3043 5535 vanum
3076 5490 3223 5537 certe
3245 5491 3329 5537 est
3354 5491 3600 5539 vestrum

2006 5580 2393 5625 commentum.
2449 5571 2701 5626 Christus
2730 5571 2874 5625 enim
2911 5573 3176 5641 singulari
3230 5575 3463 5632 consilio
3496 5573 3599 5630 hoc

2005 5661 2155 5727 facit,
2188 5664 2332 5732 quod
2362 5677 2420 5718 se
2464 5664 2653 5717 horam
2688 5664 2835 5718 illam
2882 5668 3094 5721 nescire
3128 5667 3285 5733 dicit,
3351 5682 3481 5723 vere
3518 5676 3598 5721 ta-

2003 5769 2125 5808 men
2159 5770 2262 5809 non
2299 5756 2533 5826 ignorat.

384 5894 426 5925 "
464 5894 601 5952 Gen.
636 5911 721 5954 Ill.
749 5894 801 5949 9.
883 5894 926 5925 ⁸⁷
950 5896 1082 5951 Gen.
1126 5912 1195 5965 ιγ,
1240 5899 1290 5954 9.
1372 5901 1415 5933 ’⁸
1449 5900 1619 5960 Marc.
1654 5918 1729 5973 νι,
1764 5904 1897 5973 58;«1

2010 5948 2033 5967 ι.
2072 5921 2147 5976 vn,
2183 5907 2238 5977 5,
2269 5907 2320 5964 6.
2401 5908 2446 5941 ⁹²
2473 5907 2636 5965 llcbr.
2673 5924 2735 5979 ιι,
2768 5911 2854 5968 l7.
2938 5913 2952 5946 ι
2986 5912 3125 5971 Dan.
3164 5927 3286 5983 xm,
3320 5911 3412 5969 42.
