3992 6474
447 432 553 492 3‘79

992 536 1155 609 an
1194 536 1423 593 ALIUD.

521 652 577 707 Si
610 648 809 706 Paulus
855 636 982 706 vere
1009 650 1078 706 de
1108 648 1245 704 Filio
1269 647 1400 703 dicit
1426 650 1468 711 ',
1502 647 1643 716 quod
1667 647 1848 702 omnia
1902 648 2009 700 sint

446 748 588 801 nuda
639 754 805 813 atque
852 756 1037 813 aperta
1086 744 1137 797 in
1167 750 1452 809 conspectu
1486 738 1620 806 eius,
1671 754 1835 793 unum
1880 754 2009 792 vero

446 834 693 890 omnium
721 844 808 889 est
830 835 998 888 etiam‘
1024 834 1153 887 hora
1181 830 1290 896 illa,
1315 828 1584 900 quomodo
1617 830 1760 883 illam
1798 828 2008 898 ignorat

445 925 493 979 is
545 925 599 979 in
656 924 807 994 cujus
853 930 1143 993 conspectu
1200 930 1332 976 sunt
1387 918 1568 976 omnia
1639 918 1777 973 nuda
1844 928 2007 987 atque

446 1024 658 1086 aperta.

1103 1122 1331 1179 ALIUD.

516 1236 578 1293 Si
601 1237 737 1291 citra
766 1235 1157 1304 blasphemiam
1204 1233 1529 1289 existimatis
1572 1233 1676 1288 dici
1726 1247 1882 1303 posse
1910 1234 2002 1288 Fi-

444 1327 573 1382 lium
606 1327 807 1395 aliquid
840 1341 1025 1381 eorum
1076 1340 1195 1392 qua:
1228 1325 1803 1393 easisluntignorare;
1837 1326 1907 1379 ita
1943 1340 2002 1381 se

444 1431 551 1483 res,
574 1418 867 1472 secundum
899 1430 1013 1480 vos,
1047 1416 1240 1471 habeat
1268 1434 1282 1473 :
1312 1416 1405 1470 sed
1432 1416 1705 1470 videamus
1728 1430 1795 1468 an
1820 1427 2000 1470 vestra

441 1522 538 1562 vos
574 1506 721 1561 fallat
766 1506 979 1574 opinio,
1020 1516 1185 1576 atque
1226 1520 1290 1559 ex
1336 1506 1447 1574 ipsa
1498 1520 1555 1559 re
1596 1505 2000 1562 consideremus

441 1614 602 1669 quam
629 1600 993 1654 imbecillibus
1029 1598 1349 1661 rationibus,
1380 1596 1547 1651 veluti
1583 1595 1997 1651 arundineoba-

441 1692 586 1757 culo,
632 1692 960 1746 innitamini.
1020 1691 1202 1747 Solam
1253 1691 1399 1745 illam
1453 1690 1591 1746 diem
1647 1691 1896 1759 ignorare
1938 1708 1999 1749 se

441 1783 579 1838 dixit
611 1781 781 1838 Filius
810 1800 824 1835 :
857 1797 984 1852 ergo
1030 1782 1076 1835 si
1128 1781 1296 1836 solam
1344 1784 1480 1836 hanc
1522 1782 1809 1853 ignoravit,
1850 1783 1999 1837 novit

1432 426 1490 482 S.
1530 422 1799 479 CYRILLI
1835 372 2308 477 ALEXA/NDRINI'
2337 412 2656 471 ARCHIEP.

2036 538 2086 593 Α

3578 400 3686 459 380

2801 522 3002 576 ᾹΛΔΟ.

2181 643 2243 696 El
2262 640 2516 711 ἀληθεύει
2545 636 2720 704 λέγων
2737 636 2767 688 6
2792 632 3025 695 Παῦλος,
3052 630 3137 683 ὅτι
3164 629 3341 684 πάντα
3373 629 3552 700 γυμνὰ
3584 626 3678 680 καὶ

2107 730 2573 804 τετραχηλισμένα
2626 724 2857 781 ἐνώπιον
2914 721 3079 777 αὑτοῦ
3136 722 3275 784 ἔστι,
3309 721 3437 790 περὶ
3482 717 3537 772 δὲ
3581 715 3678 770 τοῦ

2106 822 2235 877 Υἱοῦ
2253 822 2492 891 δηλονότι
2522 818 2702 890 φησὶν,
2728 816 2785 870 ἓν
2830 816 2887 869 δὲ
2922 813 3030 869 τῶν
3079 812 3296 867 πάντων
3335 812 3427 867 καὶ
3476 812 3510 881 ἡ
3557 807 3679 879 ὥρα

2105 912 2309 981 ἐκείνη,
2338 909 2455 973 πῶς
2484 909 2670 977 ἀγνοεῖ
2687 905 2901 975 ταύτην
2919 905 2954 958 6
2995 906 3053 958 έν
3108 902 3403 973 ὀφθαλμοῖς
3422 900 3560 971 ἔχων
3609 896 3681 954 τὲ

2104 999 2280 1055 πάντα
2299 994 2765 1069 τετραχηλισμένα
2786 1011 2800 1060 ;

2797 1103 2998 1157 ΔΛΛΟι

2171 1220 2235 1272 Et
2264 1218 2339 1290 μὴ
2360 1218 2640 1288 δύσφημον
2665 1211 2803 1268 εἶναι
2832 1210 3117 1267 πιστεύετε
3154 1212 3224 1265 τὸ
3260 1211 3437 1280 λέγειν
3480 1211 3683 1278 ἠγνοη-

2104 1309 2255 1364 κέναι
2287 1326 2339 1362 τι
2360 1308 2466 1361 τῶν
2493 1308 2659 1361 ὄντων
2687 1305 2777 1358 τὸν
2804 1304 2951 1365 Υιδν,
2987 1303 3177 1372 ἐχέτω,
3218 1302 3340 1355 καθ’
3372 1301 3546 1370 ὑμᾶς,
3584 1298 3683 1351 καὶ

2102 1399 2294 1463 οὕτως.
2337 1398 2475 1451 Ἀλλ’
2505 1396 2735 1466 εἰδῶμεν
2791 1395 2839 1445 sl
2881 1394 2956 1462 μὴ
2998 1389 3299 1460 σφάλλεσθε
3339 1388 3405 1442 τὰ
3450 1385 3687 1439 τοιαῦτα

2103 1490 2424 1563 φρονοῦντες
2478 1490 2607 1559 περὶ
2659 1485 2841 1539 αὐτοῦ’
2879 1484 2936 1551 ἐξ
2984 1482 3147 1536 αὑτοῦ
3205 1481 3555 1551 θεωρήσομεν
3582 1476 3681 1529 τοῦ

2104 1583 2446 1654 πράγματος,
2477 1582 2524 1632 εἱ
2556 1580 2630 1649 μὴ
2658 1577 3014 1648 σαθροτάταις
3044 1573 3267 1635 ὲννοίαις
3303 1566 3675 1642 ἑπερείδεσοε,

2103 1672 2407 1741 καλαμίνην
2435 1670 2622 1739 ὥσπερ
2651 1669 2862 1730 ἑαυτοῖς
2904 1664 3197 1726 ὑποθέντες
3229 1662 3328 1732 τὴν
3354 1658 3678 1730 βακτηρίαν.

2101 1764 2285 1835 Μόνην
2306 1761 2474 1833 ἔφησε
2525 1760 2622 1831 τὴν
2657 1760 2874 1830 ἡμέραν
2923 1756 3137 1824 εκείνην
3188 1748 3403 1821 ἀγνοεὶῗ)
3453 1751 3482 1802 6
3526 1747 3678 1811 Υἱός*

440 1883 589 1929 certe
620 1874 793 1939 alias;
835 1840 983 1941 atqui
1018 1874 1070 1926 in
1100 1872 1181 1927 his
1207 1873 1371 1927 etiam
1396 1873 1501 1926 erit
1526 1840 1644 1942 quae
1686 1872 1829 1927 illam
1860 1890 1998 1945 pm-

2113 1854 2291 1909 ιύκοῢν
2315 1856 2363 1907 ei
2394 1854 2559 1925 μόνην
2593 1850 2805 1919 εκείνην
2848 1850 3049 1917 ἀγνοεῖ,
3084 1840 3194 1899 οἵδε
3253 1843 3349 1905 τὰς
3381 1841 3566 1903 ἄλλας·
3620 1840 3684 1892 έν

440 1965 623 2021 cessit.
671 1965 739 2017 At
784 1965 828 2017 si
869 1978 987 2017 eam
1020 1977 1139 2029 quae
1166 1962 1461 2031 'przecessit
1513 1964 1679 2028 novit,
1726 1963 1997 2033 quomodo

438 2070 547 2110 non
592 2054 797 2109 noverit
836 2054 982 2124 quod
1027 2054 1171 2107 illam
1201 2069 1360 2125 quam
1396 2055 1568 2119 novit,
1598 2054 1685 2108 illa
1712 2070 1897 2125 quam,
1939 2063 2003 2109 ut

438 2161 538 2202 vos
570 2146 774 2209 dicitis,
810 2160 917 2199 non
961 2146 1133 2208 novit.
1168 2155 1444 2214 sequatur.
1472 2145 1700 2199 Perinde
1726 2148 1866 2201 enim
1898 2148 1997 2202 hoc

440 2244 524 2290 est
550 2250 613 2288 ac
643 2234 688 2288 si
714 2234 835 2302 quis
861 2232 1027 2299 dicat,
1048 2234 1277 2301 aliquem
1303 2233 1552 2301 ignorare
1568 2234 1778 2303 qualem
1802 2233 1995 2289 deﬂui-

440 2327 643 2379 tionem
680 2325 875 2379 habeat
900 2339 1160 2380 numerus
1189 2325 1464 2390 denarius,
1491 2325 1583 2393 qui
1610 2325 1752 2381 norit
1781 2340 1993 2383 novem.

437 2415 778 2472 Manifestum
805 2415 946 2470 enim
981 2425 1065 2469 est
1098 2416 1280 2470 statim
1316 2425 1437 2485 post
1476 2430 1663 2470 novem
1709 2418 1860 2486 sequi
1902 2417 1995 2470 de-

436 2522 573 2563 cem.
605 2506 660 2561 Si
688 2522 818 2577 ergo
849 2507 987 2561 diem
1028 2507 1178 2561 novit
1200 2522 1318 2575 qua:
1342 2507 1687 2562 novissimam
1719 2508 1992 2575 praecedit,

436 2611 541 2667 quo
570 2604 726 2665 pacto
756 2598 922 2665 ipsam
956 2595 1120 2648 etiam
1152 2596 1502 2649 novissimam
1536 2610 1641 2649 non
1670 2595 1855 2650 norit?
1886 2597 1996 2651 Aut

435 2686 727 2758 quomodo,
760 2688 849 2755 qui
893 2694 1039 2739 tanta
1084 2687 1236 2755 signa
1267 2684 1428 2740 ﬁnem
1465 2701 1798 2756 praecessura
1836 2687 1996 2751 dixit,

434 2776 640 2831 nesciat
667 2785 781 2846 post
814 2776 904 2831 illa
932 2776 1086 2844 signa
1118 2778 1267 2831 edita
1299 2778 1457 2830 tinem
1491 2775 1773 2831 futurum?
1807 2777 1997 2834 Unde-

434 2882 647 2937 quaque
683 2868 847 2937 igitur
876 2877 1061 2922 vestra
1099 2868 1311 2923 inscitia
1339 2883 1398 2922 se
1428 2867 1628 2936 prodit,
1653 2868 1743 2938 qui
1779 2868 1995 2923 veritati

436 2972 737 3028 repugnare
763 2973 868 3013 non
894 2959 1177 3015 veremini.
1204 2958 1403 3014 Omnia
1438 2958 1583 3013 enim
1630 2958 1779 3012 novit
1805 2957 1994 3026 Filius,

437 3048 652 3104 tametsi
684 3048 944 3119 singulari
974 3048 1201 3104 consilio
1234 3049 1488 3118 ignorare
1512 3062 1573 3105 se
1615 3048 1779 3105 dicat.

640 3227 643 3231 -
709 3176 1277 3269 ASSERTIO
1348 3179 1727 3266 XXIII.

437 3330 505 3390 In
534 3329 691 3389 illud,
724 3345 743 3379 ι
780 3324 946 3381 Pater
991 3333 1129 3378 amat
1186 3323 1408 3388 Filium,
1454 3336 1502 3378 et
1545 3328 1722 3379 omnia
1756 3325 1899 3379 dedit
1942 3326 2008 3380 iis

511 3415 669 3453 manu
696 3396 809 3453 eius
837 3395 878 3449 ⁸.
916 3413 934 3446 ι
960 3395 1025 3448 Et
1055 3396 1111 3447 in
1144 3394 1317 3448 illud:
1352 3414 1369 3445 ι
1402 3392 1595 3449 Omnia
1639 3396 1767 3449 mihi
1799 3397 2003 3449 tradita

509 3478 631 3523 sunt
658 3483 688 3519 α
718 3461 877 3518 Pam
901 3464 939 3517 ⁸.
965 3483 983 3517 ι
1017 3463 1083 3517 Et
1124 3465 1179 3516 in
1219 3463 1391 3518 illud:
1428 3480 1446 3512 ι
1485 3461 1607 3516 Non
1634 3480 1846 3531 possum
1868 3481 1899 3518 α
1918 3479 2002 3518 uss

509 3536 691 3619 facere
711 3535 994 3616 quidquam
1016 3548 1037 3615 ί
1060 3534 1149 3615 sed
1176 3534 1309 3587 sicut
1338 3532 1521 3601 audio,
1530 3533 1721 3601 judico
1741 3534 1801 3601 ';
1826 3550 1845 3586 ι
1876 3546 1922 3589 et
1945 3534 2002 3588 in

509 3608 615 3662 alia
636 3604 780 3660 dicta
818 3606 898 3659 Im
920 3605 1136 3658 simula.

505 3625 615 3662 (tua
636 3625 780 3660 αισια
818 3625 898 3659 Ml
920 3625 1136 3658 simula.

891 3780 1127 3849 Objectio
1156 3778 1543 3835 hereticorum.

508 3916 619 3973 Sed
649 3913 941 3985 quomodo,
975 3913 1244 3981 inquiunt,
1284 3913 1456 3980 possit
1493 3912 1665 3969 Filius
1702 3912 2003 3969 secundum

435 4005 730 4063 essentiam
761 4002 953 4057 similis
979 4016 1100 4057 esse
1128 4000 1301 4067 Patri,
1330 4000 1425 4070 qui
1461 4001 1596 4057 dicit
1630 4016 1691 4057 se
1719 4002 2002 4071 accepisse

435 4095 624 4153 omnia
654 4110 683 4149 a
715 4094 922 4149 Patre?
949 4090 1082 4146 Nam
1109 4092 1201 4162 qui
1229 4092 1412 4160 habet,
1446 4106 1551 4147 non
1584 4094 1799 4161 accipit.
1839 4093 2001 4165 225

438 4187 573 4244 Cum
596 4199 726 4242 vero
748 4194 1004 4255 appareat
1028 4197 1150 4239 cum
1173 4183 1469 4253 accepisse,
1493 4192 1552 4238 ut
1579 4184 1811 4252 ipsemet
1831 4196 1999 4240 testa-

438 4284 532 4332 tur
562 4316 580 4346 ,
632 4275 977 4331 manifestum
1032 4282 1114 4329 est
1159 4288 1283 4329 eum
1367 4273 1502 4329 nihil
1548 4273 1749 4331 habere
1800 4292 1865 4332 ex
1914 4289 2005 4332 se-

438 4367 582 4438 ipso.

926 4471 1135 4529 Salutio
1167 4471 1498 4543 objectionis.

2023 3209 2072 3273 Β

2103 1948 2160 2001 δὲ
2186 1946 2408 2008 ταύταις
2437 1945 2530 1998 καὶ
2553 1945 2589 2013 ἡ
2614 1942 2718 2014 πρὸ
2746 1942 2913 2010 αὐτῆς
2935 1938 3197 1991 κείσεται.
3255 1933 3366 1986 Kal.
3396 1931 3512 1995 πῶς
3540 1932 3571 1985 6
3600 1930 3689 1983 ei-

2102 2037 2205 2101 δὼς
2229 2037 2328 2106 τὴν
2357 2036 2463 2107 πρὸ
2488 2034 2680 2104 αὐτῆς,
2723 2032 2823 2085 οὐκ
2865 2024 3005 2082 οἶδεν
3029 2029 3111 2081 ὅτι
3170 2022 3289 2097 μεθ’
3318 2022 3385 2094 ἢν
3413 2017 3552 2075 οἶδεν
3586 2020 3683 2073 s6-

2103 2125 2199 2189 θὺς
2224 2127 2256 2196 ἡ
2281 2123 2615 2193 ἀγνοουμένη
2644 2120 2763 2174 καθ’
2789 2120 2932 2189 ὑμᾶς
2962 2114 3256 2178 εἰσδαίνει;
3296 2113 3527 2182 Ὅμοιον
3564 2110 3701 2180 γὰρ.

2102 2217 2291 2288 ὥσπερ
2318 2216 2372 2269 si
2415 2232 2502 2277 τις
2539 2213 2685 2281 λέγοι
2738 2212 2812 2283 μὴ
2859 2209 3057 2263 ειδέναι
3092 2206 3185 2259 τὸν
3234 2206 3365 2258 δέκα
3411 2201 3681 2272 ἀριθμὸν,

2102 2310 2259 2363 ποίαν
2291 2308 2403 2377 ἔχει
2432 2306 2527 2376 τὴν
2554 2304 2723 2367 θέσιν,
2752 2302 2880 2364 τοὺς
2914 2298 3120 2361 εἰδότας
3140 2297 3231 2349 τὸν
3256 2294 3437 2349 ἐννέα.
3475 2291 3685 2363 Πρόδη-

2101 2398 2190 2452 λον
2212 2398 2318 2469 γὰρ
2344 2397 2424 2449 ὃτι
2460 2393 2598 2465 μετὰ
2624 2393 2713 2446 τὸν
2747 2391 2905 2445 ἐννέα
2952 2391 2980 2441 6
3005 2388 3135 2441 δέκα
3170 2386 3409 2439 κείσεται
3439 2382 3680 2445 πάντως.

2101 2491 2163 2543 Ei
2191 2490 2367 2543 τοίνυν
2385 2482 2491 2540 οἶδε
2517 2487 2614 2556 τὴν
2650 2484 2756 2555 πρὸ
2808 2481 2998 2550 αὐτῆς,
3034 2477 3151 2542 πῶς
3196 2476 3298 2530 οὐκ
3330 2474 3536 2529 εἴσεται
3585 2474 3683 2527 καὶ

2100 2582 2301 2652 αὐτήν;
2325 2578 2448 2642 Πῶς
2472 2579 2500 2631 6
2517 2576 2752 2629 τοσαῦτα
2774 2576 2973 2643 σημεῖα
3008 2570 3114 2640 πρὸ
3134 2567 3227 2622 τοῦ
3249 2567 3436 2627 τέλους
3461 2563 3684 2619 ἔσεσθαι

2100 2672 2291 2741 λέγων,
2320 2671 2420 2723 οῦκ
2442 2666 2582 2723 οἶδεν
2608 2669 2689 2722 ὅτι
2714 2666 2852 2736 μετὰ
2892 2663 2959 2717 τὰ
2990 2663 3191 2732 σημεῖα
3222 2659 3284 2712 τὸ
3308 2658 3463 2720 τέλος
3487 2674 3503 2723 ς
3529 2657 3682 2710 Παν-

2101 2762 2324 2833 ταχόθεν
2350 2758 2639 2829 τοιγαροῦν
2669 2757 2883 2825 ἀνόητοι
2908 2749 3279 2823 δειχθήσεσθε,
3303 2748 3400 2819 τῆς
3423 2746 3686 2818 ἀληθείας

2099 2851 2402 2923 τολμῶντες
2423 2846 2874 2919 καταψεύδεσθαι.
2898 2839 3020 2899 Οἵδε
3044 2842 3155 2915 γὰρ
3178 2842 3255 2897 τὰ
3286 2840 3506 2897 πάνταό
3526 2838 3682 2905 Υῑδς,

2101 2941 2202 2997 κᾶν
2228 2938 2583 3011 οἰκονομικῶς
2602 2938 2815 3006 ἀγνοεῖν
2842 2952 2895 2989 τι
2921 2933 3077 3006 λέγῃι

2570 3141 2936 3231 ΛΟΓΟΣ
3009 3129 3203 3226 ΚΓ.

2097 3306 2199 3373 Eu;
2229 3304 2318 3371 τὸ,
2355 3322 2375 3356 ι
2423 3305 2480 3356 ὀ
2518 3301 2717 3368 Πατὴρ
2739 3297 2942 3369 ἀγαπᾷ
2978 3296 3087 3352 τὸν
3127 3294 3289 3358 Υιύκ,
3340 3292 3440 3348 καὶ
3483 3289 3714 3349 πάντας

2169 3374 2429 3429 δέδωκεν
2490 3373 2559 3426 ἐν
2612 3370 2687 3429 τῆ
2747 3370 2893 3429 χειρὶ
2949 3364 3155 3421 αὑτοῦ.
3206 3383 3225 3416 s
3290 3363 3399 3417 Kal
3447 3366 3536 3429 εις
3572 3362 3685 3427 τὸ,

2178 3374 2429 3438 essum:
2490 3373 2559 3426 ἐν
2612 3373 2687 3438 τῇ
2743 3373 2893 3440 χειρὶ
2949 3373 3155 3421 αὑτοῦ.
3206 3383 3225 3416 ι
3290 3373 3399 3417 Καὶ
3447 3373 3536 3431 εις
3572 3373 3685 3427 re,

2178 3464 2196 3497 ι
2226 3443 2427 3499 Πάντα
2458 3458 2559 3511 μοι
2596 3437 2892 3511 παρεδόθη
2938 3436 3057 3511 ἷζπρ
3084 3432 3191 3511 τοῦ
3219 3433 3465 3511 ματρός
3484 3448 3701 3511 μονα,

2170 3512 2281 3568 Kal
2309 3514 2398 3578 εις
2428 3499 2515 3575 ὦ,
2546 3530 2565 3562 ι
2595 3499 3074 3578 Οὑᾊύγαιὶᾳιὲγὼ
3089 3501 3468 3578 ἀπ’ἀμαυτοῦ
3490 3499 3691 3578 stoicis!-

2171 3569 2390 3637 οὐδέν’
2426 3569 2589 3634 ἀλλὰ
2640 3569 3096 3642 καθὼς’ἀκοῦω,
3150 3569 3351 3641 κρίνω·
3385 3590 3405 3635 ρ
3438 3569 3537 3625 καὶ
3564 3569 3715 3623 ὅσα--

2166 3652 2399 3718 τούτοις
2430 3647 2602 3719 ὅμοιά
2624 3648 2753 3701 ἐστι
2779 3643 2959 3715 ῥητά.

2424 3760 2743 3825 Ἀκτιθεσις
2767 3756 2837 3811 ἐκ
2871 3752 2993 3810 τῶν
3032 3749 3365 3823 σιρεενκῶν.

2172 3895 2283 3951 Καὶ
2314 3892 2432 3959 πῶς
2450 3894 2517 3949 ἂν
2540 3892 2778 3957 δύναιτο,
2810 3887 2974 3958 φασὶ,
3015 3885 3136 3941 κατ’
3161 3882 3350 3938 οὐσίαν
3375 3882 3560 3953 ὅμοιος
3596 3873 3681 3932 ιῖ-

2100 4004 2188 4042 ναι
2213 3984 2293 4057 τῷ
2333 3985 2509 4057 Πατρὶ
2536 3986 2563 4037 6
2583 3982 2734 4046 Υιδς,
2760 3983 2787 4034 6
2813 3979 2986 4047 λέγων
3021 3975 3300 4048 εἰληφέναι
3334 3973 3513 4027 πάντα
3530 3969 3689 4043 παρὰ

2098 4076 2194 4132 τοῦ
2230 4077 2442 4148 Πατρός
2465 4116 2482 4139 ,
2519 4075 2699 4144 Ἔχων
2739 4069 2870 4142 γὰρ,
2897 4070 3003 4123 οὐκ
3056 4068 3124 4122 ἂν
3179 4064 3419 4130 ἐδέξατο.
3462 4059 3685 4133 Ἐπειδὴ

2100 4170 2158 4223 δὲ
2186 4168 2437 4241 φαίνεται
2460 4164 2669 4231 λαϐὼν,
2688 4163 2765 4228 ὡς
2790 4161 2953 4225 αὐτός
2982 4175 3138 4231 φησι,
3172 4155 3331 4230 δῆλός
3355 4155 3504 4209 ἑστιν
3529 4151 3687 4206 οὐδὲν

2103 4258 2241 4332 ἔχων
2268 4256 2329 4323 te
2352 4253 2571 4311 ἑαυτοῦ.

2593 4468 2752 4538 Πρὸς
2788 4466 2965 4522 τοῦτο
2994 4465 3193 4532 λύσις.

515 4589 649 4646 Cum
696 4588 861 4658 igitur
905 4586 1090 4641 audies
1142 4586 1408 4639 dicentem
1463 4582 1661 4639 Filium
1692 4583 1714 4615 '
1748 4599 1763 4639 :
1798 4600 1818 4635 ι
1873 4582 2000 4639 0m-

2174 4588 2343 4642 ὀταν
2389 4578 2482 4639 οὖν
2533 4582 2772 4653 ἀκούσῃς
2821 4578 3072 4647 λέγοντος
3113 4575 3209 4631 τοῦ
3241 4573 3397 4640 Υῑοῦ,
3429 4592 3449 4627 ι
3486 4573 3675 4627 Πάντα

442 4680 534 4736 nia
562 4694 679 4749 quce
708 4678 869 4733 habet
900 4676 1061 4731 Pater
1093 4690 1212 4730 mea
1250 4686 1394 4738 sunt,
1427 4685 1482 4731 et
1525 4675 1705 4730 omnia
1740 4689 1854 4728 mea
1878 4682 2003 4729 sunt

443 4771 643 4835 Patris,
671 4789 687 4822 ι
719 4769 845 4837 quid
886 4769 1055 4831 dices.
1092 4767 1391 4823 haeretice?
1438 4766 1494 4820 Si
1545 4766 1689 4821 enim
1729 4780 1797 4819 ex
1828 4772 2008 4819 vestra

442 4864 704 4935 opinione
737 4860 905 4915 Filius
945 4860 1081 4914 nihil
1112 4860 1272 4914 habet
1298 4875 1360 4914 ex
1407 4860 1617 4927 seipso,
1668 4856 1801 4911 nihil
1835 4857 2001 4911 etiam

442 4972 512 5012 ex
546 4954 721 5023 seipse
757 4940 980 5008 habebit
1004 4952 1196 5018 Pater;
1222 4961 1276 5004 et
1303 4952 1347 5004 si
1376 4950 1534 5003 Pater
1561 4950 1742 5004 omnia
1774 4958 1999 5001 natura-

446 5047 574 5102 liter
625 5045 806 5109 habet,
860 5044 1079 5100 habebit
1130 5044 1231 5097 hoc
1285 5050 1339 5097 et
1385 5040 1575 5095 Filius.
1624 5039 2000 5094 Necessarium

447 5139 617 5211 igitur
639 5150 858 5207 prorsus
879 5145 982 5202 est,
1010 5146 1067 5189 ut
1098 5134 1189 5204 qui
1218 5133 1405 5188 dicunt
1430 5130 1625 5185 Filium
1656 5129 1787 5185 nihil
1818 5144 2000 5199 posse,

447 5232 591 5289 idem
627 5244 840 5300 quoque
890 5227 1034 5283 Patri
1090 5228 1347 5293 tribuant,
1402 5226 1659 5280 nimirum
1700 5233 1759 5277 ut
1809 5224 2005 5278 habeat

448 5339 567 5394 quae
589 5322 801 5389 Filius;
851 5331 943 5376 aut
980 5321 1024 5376 si
1077 5323 1175 5375 hoc
1208 5318 1585 5374 detestandum
1621 5324 1724 5382 est,
1785 5328 2006 5370 necesse

450 5422 535 5470 est
566 5412 721 5467 fateri
757 5411 950 5466 Filium
996 5410 1271 5481 possidere
1299 5408 1478 5465 omnia
1498 5421 1616 5476 qua:
1663 5406 1845 5460 Pater.
1872 5403 2004 5459 Om-

455 5504 544 5559 nia
594 5503 738 5558 enim
792 5518 889 5557 sua
921 5502 1097 5558 Patris
1123 5514 1243 5555 esse
1295 5500 1452 5569 dixit,
1499 5508 1553 5555 ct
1597 5499 1713 5568 ipse
1762 5499 2003 5554 vicissim

457 5595 657 5652 habere
684 5596 860 5650 omnia
891 5609 1009 5665 quae
1041 5594 1216 5649 Patris
1244 5602 1392 5648 sunt.

526 5772 546 5803 ¹
586 5767 745 5825 Hebr.
778 5784 847 5838 iv,
886 5770 964 5826 15.
1046 5770 1063 5803 ³
1088 5767 1239 5826 Joan.
1269 5785 1349 5833 ill,
1382 5767 1451 5822 '55

2102 4681 2200 4734 6aa
2230 4678 2343 4749 ἔχει
2368 4678 2396 4730 6
2424 4674 2635 4746 Πατὴρ,
2661 4673 2769 4743 ἐμά
2803 4674 2939 4735 ἐστι,
2962 4689 2980 4723 s
3013 4669 3111 4723 καὶ
3141 4667 3211 4721 τὰ
3252 4666 3362 4738 spe
3384 4665 3559 4719 πάντα
3584 4665 3685 4720 τοῦ

2103 4770 2315 4840 Πατρός
2347 4769 2485 4830 εστι,
2514 4765 2567 4818 τί
2595 4764 2702 4835 ἄρα
2727 4762 2997 4831 ποιήσεις,
3049 4757 3332 4829 αἱρετικέ;
3358 4757 3423 4813 El
3454 4756 3561 4828 γὰρ
3592 4756 3686 4809 οῦ-

2104 4861 2191 4915 δὲν
2220 4860 2352 4931 ἔχει,
2374 4857 2496 4913 καθ’
2520 4857 2682 4927 ὑμᾶς,
2710 4855 2738 4906 6
2772 4853 2898 4916 Υἱὸς
2926 4852 2986 4919 se
3009 4850 3224 4914 ἑαυτοῦ,
3258 4849 3373 4920 ἔχει
3404 4847 3561 4901 τοῦτο
3585 4848 3686 4901 καὶ

2102 4953 2131 5005 6
2171 4953 2381 5021 Πατήρ⁹
2425 4948 2519 5001 καὶ
2540 4949 2590 5001 el
2622 4946 2799 4999 πάντα
2828 4944 2940 5015 ἔχει
2996 4940 3238 5012 φυσικῶς
3262 4942 3292 4993 6
3325 4937 3534 5008 Πατὴρ,
3570 4936 3683 5006 ἔχει

2104 5044 2263 5097 τοῦτο
2288 5042 2381 5096 καὶ
2414 5043 2442 5094 6
2464 5038 2610 5102 Υἱός.
2665 5037 2904 5105 ’Δνάγκη
2930 5034 3128 5097 τοίνυν,
3171 5031 3203 5101 ἢ
3239 5030 3300 5084 τὸ
3340 5030 3505 5100 μηδὲν
3536 5028 3683 5098 ἔχειν

2107 5133 2365 5190 δύνασθαι
2388 5131 2651 5199 λέγοντας
2691 5128 2783 5181 τὸν
2812 5126 2959 5189 Υἱὸν,
3026 5121 3330 5194 περιθεῖναι
3379 5118 3537 5173 τοῦτο
3585 5120 3684 5172 καὶ

2106 5226 2184 5296 τῷ
2212 5226 2409 5297 Haupt,
2439 5224 2506 5275 ἵν’
2539 5221 2674 5293 ἔχων
2700 5218 2955 5289 φαίνηται
2988 5214 3060 5269 τὰ
3076 5212 3170 5267 τοῦ
3201 5211 3353 5267 Υῑοῦο
3388 5209 3422 5280 ἢ
3452 5211 3502 5263 εἰ
3521 5208 3684 5263 τοῦτο

2108 5317 2391 5388 φευκτέον,
2418 5314 2628 5384 ἀνάγκη
2661 5308 3042 5380 συνομολογεῖν
3094 5302 3390 5375 κεκτῆσθαι
3420 5300 3511 5354 τὸν
3553 5299 3681 5388 ξιον

2110 5383 2209 5464 fisa
2255 5407 2349 5462 καὶ
2398 5408 2427 5459 6
2459 5383 2667 5473 Πατήρ.
2718 5400 2824 5454 Τοῦ
2867 5396 3079 5468 Πατρὸς
3127 5395 3235 5466 γὰρ
3293 5392 3490 5464 ἔφησεν
3539 5383 3683 5444 εἷναι

2112 5499 2288 5552 πάντα
2334 5497 2402 5550 τὰ
2453 5492 2643 5548 ἑαυτοῦ
2674 5531 2689 5559 ,
2756 5490 2849 5544 καὶ
2914 5487 3075 5552 αὐτὸς
3134 5486 3280 5557 ἔχειν
3352 5481 3531 5539 amna
3585 5477 3682 5535 τοῦ

2112 5586 2343 5657 Πατρός.

1548 5765 1564 5796 ⁸
1590 5764 1715 5821 Luc.
1749 5782 1799 5831 κ,
1825 5764 1909 5817 22.
1990 5764 2008 5796 '
2042 5761 2192 5819 Joan.
2237 5777 2287 5827 ν,
2311 5760 2398 5817 50.
2476 5762 2495 5793 ⁶
2526 5757 2677 5814 Joan.
2720 5772 2827 5825 xvi,
2855 5754 2937 5811 IS.
