3992 6486
284 455 380 513 38!

719 572 926 637 ΔΛΛΟ,
978 564 1434 639 διηγηματικῶς.

355 688 428 741 Ob
456 686 551 740 διὰ
596 684 661 739 τὸ
702 685 783 756 μὴ
834 683 977 753 ἔχειν
1035 683 1065 735 6
1121 679 1270 744 Υἱὸς,
1328 677 1613 748 εἰληφέναι
1661 676 1881 744 λέγεται

287 776 436 848 παρὰ
459 776 555 830 τοῦ
579 776 823 846 Πατρός.
855 771 1010 844 Ἔχει
1036 772 1145 841 γὰρ
1171 770 1437 839 φυσικῶς,
1468 769 1599 831 ἴδιος
1621 766 1697 820 ὣν
1718 765 1883 848 αὑτοῦ

286 836 451 937 Λόγος
486 868 585 922 καὶ
614 836 987 937 ἀπαύγασμα,
1226 863 1296 916 τὰ
1328 861 1520 926 αὐτοῦ,
1563 860 1687 929 δίχα
1720 836 1883 928 μόνου

286 962 375 1015 τοῦ
402 958 544 1014 εἶναι
578 963 682 1015 καὶ
735 958 986 1029 λέγεσθαι
1035 958 1247 1027 Πατήρ.
1276 955 1441 1023 Λέγει
1487 954 1545 1007 δὲ
1601 951 1885 1021 εἰληφέναι

288 1054 433 1124 παρὰ
451 1052 552 1106 τοῦ
594 1052 838 1123 Πατρὸς,
876 1048 1224 1121 προαναιρῶν
1267 1046 1342 1109 ὡς
1367 1045 1501 1106 Θεὸς
1532 1042 1634 1105 τὰς
1664 1042 1774 1095 τῶν
1800 1041 1886 1093 αἰ-

292 1149 515 1219 ρετικῶν
548 1146 829 1208 ὑπονοίας.
861 1142 975 1196 Ἵνα
1002 1141 1112 1213 γὰρ
1154 1141 1227 1211 μή
1266 1156 1350 1202 τις
1386 1138 1477 1191 τὸν
1502 1136 1632 1188 Υἱὸν
1665 1132 1885 1204 θεωρῶν

290 1244 459 1295 πάντα
502 1242 575 1295 τὰ
627 1240 729 1293 τοῦ
780 1236 993 1307 Πατρδς
1026 1235 1220 1304 ἔχοντα
1262 1233 1328 1284 ὲκ
1370 1230 1469 1299 τῆς
1516 1228 1719 1296 πολλῆς
1763 1225 1886 1279 λίαν

287 1334 604 1404 ὁμοιότητος
633 1332 731 1384 καὶ
764 1328 1191 1399 ἁπαραλλάκτου
1221 1322 1551 1392 ταυτότητος
1572 1318 1772 1389 νομίσῃ
1793 1316 1884 1370 τὸν

287 1424 444 1476 αὑτὸν
472 1419 620 1475 εἶναι
659 1422 878 1490 Πατέρα
908 1419 1003 1472 καὶ
1031 1415 1181 1481 Υἰὺν,
1233 1413 1329 1469 καὶ
1352 1414 1434 1477 εἰς
1461 1413 1559 1483 τὴν
1594 1408 1884 1464 Σαϐελλίου

290 1514 495 1581 πλάνην
535 1514 775 1587 ἐκπέσῃ,
835 1510 1155 1579 ἀναγκαίως
1212 1507 1493 1579 εἰληφέναι
1545 1504 1682 1575 φησί
1734 1501 1887 1575 παρά

286 1605 521 1674 Πατρδς,
558 1603 813 1672 φυσικῶς
872 1600 1029 1655 τοῦτο
1054 1595 1219 1671 ἔχων·
1254 1599 1319 1653 ἵν’
1344 1600 1372 1651 6
1412 1597 1573 1664 λόγος
1612 1595 1886 1666 εἰσφέρων

286 1698 379 1751 ἕνα
408 1699 506 1767 μὲν
550 1698 649 1751 τὸν
698 1696 928 1758 διδόντα,
972 1692 1223 1763 δεύτερον
1255 1691 1311 1743 δὲ
1351 1690 1442 1744 τὸν
1466 1688 1773 1759 δεχόμενον,
1828 1688 1887 1741 ἐν

290 1788 621 1852 ἰδιαζούσαις
656 1787 986 1840 ὑποστάσεσι
1009 1784 1175 1838 δυάδα
1200 1782 1420 1853 δεικνύῃ
1458 1781 1518 1833 οὐ
1557 1781 1738 1851 μόνοις
1765 1778 1885 1832 όνό-

288 1898 418 1950 μασι
448 1878 933 1948 διαστελλομένην.
961 1876 1119 1939 Ἷδιος
1166 1876 1223 1930 δὲ
1254 1873 1331 1927 ῶν
1366 1872 1463 1926 τοῦ
1497 1871 1710 1940 Πατρδς
1733 1873 1761 1924 6
1784 1869 1887 1923 Λόο

285 1986 395 2038 γος,
431 1970 527 2023 καὶ
562 1972 631 2022 ὲκ
665 1969 763 2037 τῆς
798 1966 985 2030 οὐσίας
1024 1963 1190 2019 αὑτοῦ
1224 1958 1527 2034 προελθὼν,
1571 1960 1751 2013 πάντα
1787 1958 1885 2026 μὲν

285 2060 349 2111 τὰ
378 2061 471 2113 τοῦ
502 2059 723 2129 [ἰατρὸς
758 2057 938 2119 ἀῑδίως
966 2055 1101 2126 ἔχει.
1138 2056 1277 2125 Παρ*
1305 2051 1472 2106 αὐτοῦ
1507 2050 1578 2120 δέ,
1602 2067 1769 2120 φησιν
1803 2051 1883 2103 εἰ·

286 2148 516 2219 ληφὲναι
550 2151 644 2204 διὰ
673 2151 735 2202 τὸ
763 2148 821 2213 ἐξ
857 2146 1022 2201 αὑτοῦ
1052 2144 1359 2218 προελθεῖν,
1383 2140 1632 2212 φυσικῶς
1652 2140 1793 2213 ἔχων
1817 2139 1887 2196 τὰ

288 2242 459 2296 πάντα
494 2242 775 2313 προσόντα
803 2238 971 2309 αὐτῷ.

984 2438 1187 2492 ΑΛΔΟ.

357 2551 526 2604 Οὖδέν
556 2552 638 2611 εἰς
668 2550 758 2601 τὸν
790 2548 1046 2618 Θεότητος
1075 2546 1234 2613 λόγον
1260 2546 1353 2599 τὸν
1384 2544 1514 2598 Υἰδν
1545 2542 1796 2613 ἀδικήσει
1823 2540 1886 2595 τὸ

287 2642 494 2709 λέγειν·
571 2661 589 2691 ι
630 2642 816 2693 Πάντα
858 2658 948 2710 μοι
1006 2638 1280 2709 παρεδόθη
1332 2636 1485 2707 παρὰ
1522 2634 1615 2689 τοῦ
1673 2634 1886 2706 Πατρός

293 2752 411 2803 μου·
447 2754 464 2785 ι
507 2734 647 2786 ἀλλὰ
686 2732 885 2802 μᾶλλον
912 2728 1256 2784 ἀποδεικνύει
1300 2727 1487 2795 σαφῶς
1529 2726 1671 2779 κατὰ
1723 2725 1885 2795 φύσιν

289 2826 414 2878 ὄντα
447 2826 600 2879 Ῥὶόν.
650 2827 715 2877 Εἰ
751 2825 861 2894 γὰρ
894 2825 1071 2878 πάντα
1100 2821 1251 2891 αὐτῷ
1288 2819 1587 2890 παρεδόθη,
1628 2820 1686 2871 ἓν
1720 2818 1777 2872 δὲ
1805 2817 1885 2887 τῷ

291 2918 483 2972 πάντα
532 2920 716 2970 εἰπεῖν
771 2916 925 2969 οὐδὲν
957 2915 1173 2984 ἀφῆκεν
1196 2914 1371 2975 ἐκτός·
1399 2911 1500 2963 οὐκ
1526 2910 1633 2981 ἄρα
1657 2904 1737 2973 εἷς
1766 2910 1885 2962 ἐστι

291 3007 393 3059 τῶν
421 3008 666 3069 πάντων,
706 3007 847 3077 ἆπερ
884 3005 981 3059 καὶ
1034 3002 1317 3074 εἰληφέναι
1354 3002 1542 3073 φησὶν,
1596 3000 1713 3054 ἀλλ’
1747 3000 1884 3054 ιδιά-

290 3097 487 3163 ζουσαν
527 3101 596 3151 ἐκ
628 3097 842 3169 Πατρδς
864 3096 962 3168 τὴν
980 3096 1235 3166 γέννησιν
1257 3092 1389 3163 ἔχει.
1417 3092 1547 3156 Υἰδς
1574 3091 1632 3145 δὲ
1654 3090 1729 3145 ὣν
1746 3091 1888 3146 κατὰ

291 3190 469 3257 φύσιν,
504 3191 626 3260 ἔχει
674 3190 893 3253 πάντως
924 3188 994 3243 τὰ
1028 3185 1123 3241 τοῦ
1159 3186 1524 3255 γεννήσαντος
1561 3185 1689 3238 ἴδια.
1723 3184 1887 3237 Ἶδιον

289 3280 341 3334 δὲ
372 3283 465 3336 τοῦ
508 3282 879 3353 γεννήσαντος
907 3280 969 3334 τὸ
1002 3280 1181 3349 πάντα
1214 3278 1382 3349 ἔχειν’
1422 3276 1524 3330 οὐκ
1564 3276 1673 3348 ἄρα
1700 3274 1888 3346 ἐνδεής

290 3392 429 3440 τινος
458 3379 487 3430 6
518 3375 673 3438 Υἰός.

1001 3490 1207 3545 ΔΛΛΟ.

360 3630 423 3683 Εἰ
459 3630 645 3682 πάντα
668 3626 819 3697 αὐτῷ
846 3625 1145 3697 παρεδόθη,
1177 3623 1320 3679 καθά
1354 3639 1521 3694 φησιν
1574 3620 1762 3687 αὐτὸς,
1792 3619 1893 3675 καὶ

293 3721 497 3775 δέδοται
558 3723 617 3773 ιν
666 3721 732 3789 τῇ
782 3718 927 3788 χειρὶ
962 3716 1151 3780 αὑτοῦ,
1191 3714 1315 3770 οὔτε
1367 3716 1475 3769 τῶν
1532 3714 1754 3768 πάντων
1808 3709 1890 3776 εἶς

295 3814 466 3878 ἔσται,
490 3812 631 3867 ἀλλὰ
653 3813 748 3865 καὶ
783 3812 943 3881 μόνος
966 3812 1217 3880 φανεῖται
1258 3806 1619 3877 κληρονόμος,
1640 3804 1716 3868 ὡς
1737 3803 1885 3868 Υἰός.

295 3905 353 3959 Εἰ
382 3907 494 3976 γὰρ
524 3899 603 3966 εἷς
638 3903 712 3956 ὢν
746 3903 837 3955 καὶ
870 3902 1033 3964 αὐτὸς
1060 3900 1170 3953 τῶν
1200 3900 1417 3953 πάντων
1448 3896 1733 3967 ἐτύγχανε,
1758 3912 1890 3949 κατ·

295 3998 585 4067 ηριθμεῖτο
615 3995 680 4049 ἂν
709 3998 765 4047 ὲν
786 3997 898 4056 τοῖς
921 3996 1079 4057 πᾶσι,
1106 3993 1200 4047 καὶ
1220 3992 1319 4045 οὐκ
1339 3992 1405 4045 ἂν
1428 3985 1496 4060 ἦν
1530 3987 1884 4060 κληρονόμος.

307 4086 531 4154 Ἐπειδὴ
561 4085 617 4139 δὲ
653 4084 907 4153 φαίνεται
962 4082 1144 4137 πάντα
1197 4080 1381 4135 λαϐὼν
1430 4077 1677 4148 φυσικῶς
1702 4093 1762 4130 τε
1792 4075 1888 4130 καὶ

294 4178 603 4240 οὖσιωδῶς,
632 4176 876 4247 δηλονότι
910 4172 1301 4245 διατρεχούσης
1328 4174 1407 4235 εἰς
1441 4170 1607 4225 αὑτὸν
1656 4168 1756 4239 τῆς
1791 4167 1886 4222 τοῦ

294 4272 661 4341 γεννήσαντος
712 4268 887 4338 ἀρχῆς
920 4285 978 4321 τε
1037 4268 1133 4322 καὶ
1170 4266 1513 4336 κυριότητος,
1577 4261 1736 4325 ἄλλος
1771 4261 1888 4314 ἐστὶ

294 4361 401 4413 τῶν
437 4359 658 4412 πάντων
706 4360 765 4425 ἐξ
814 4359 1096 4431 ἀνάγκης,
1154 4359 1246 4412 καὶ
1285 4357 1446 4429 μόνος
1479 4355 1611 4419 ἴδιος
1637 4352 1735 4407 τοῦ
1770 4355 1886 4407 lla.-

293 4452 422 4525 ’πρὸς
448 4452 597 4515 Υἱός.

741 4565 946 4629 ΔΛΛΟ,
989 4563 1448 4633 διηγηματικῶς.

363 4677 699 4747 Εὖρὲσκεταί
738 4694 841 4729 που
875 4678 1047 4743 λέγων
1073 4679 1101 4731 6
1146 4678 1359 4747 Σωτήρ·
1408 4697 1423 4728 ι
1463 4677 1675 4745 Ὥσπερ
1706 4678 1735 4730 6
1770 4678 1884 4729 Παο

296 4770 401 4836 τςλρ
436 4768 550 4837 ἔχει
588 4766 732 4836 ζωὴν
768 4768 825 4818 ὲν
873 4765 1069 4836 ἑαυτῷ,
1123 4766 1267 4819 οὓτω
1306 4766 1402 4819 καὶ
1433 4766 1511 4836 τῷ
1544 4766 1659 4836 Υἰῷ
1686 4767 1885 4819 δέδωκε

299 4860 444 4929 ζωὴν
469 4859 615 4926 ἔχειν
655 4862 711 4911 ὲν
764 4859 959 4928 ἑαυτῷ·
988 4879 1007 4911 ι
1039 4860 1175 4929 ὅπερ
1209 4858 1503 4911 ἀκόλουθον
1553 4858 1696 4912 οὕτω
1721 4864 1883 4913 νοεῖν.

300 4950 398 5002 Διὰ
426 4951 524 5019 μὲν
554 4951 663 5020 γὰρ
690 4948 781 5003 τοῦ
834 4950 1037 5017 λέγειν,
1079 4969 1097 5000 ι
1132 4950 1365 5015 Δέδωκε,
1396 4969 1413 5001 ι
1448 4951 1509 5003 τὸ
1551 4952 1616 5003 ὲκ
1668 4950 1885 5022 Πατρὸς

300 5039 444 5107 ἔχειν
474 5037 721 5107 φυσικῶς
759 5039 1032 5107 σημαίνει,
1075 5040 1169 5091 καὶ
1204 5038 1323 5091 καθ’
1365 5040 1662 5094 ὑπόστασιν
1700 5040 1888 5110 ἕτερον

221 5172 237 5191 ,
299 5130 498 5182 ἑαυτὸν
534 5129 669 5201 πρὸς
696 5130 785 5181 τὸν
836 5129 1107 5181 δεδωκότα
1146 5128 1400 5183 δεικνύει·
1442 5131 1627 5197 ἕτερον
1659 5130 1717 5182 δὲ
1740 5130 1890 5199 λέγω

302 5223 468 5292 μόνον
494 5220 572 5292 τῷ
595 5221 831 5293 ἀριθμῷ.
864 5222 960 5275 Διά
979 5222 1036 5275 δὲ
1066 5220 1160 5274 τοῦ
1183 5221 1383 5290 λέγειν,
1421 5240 1440 5273 ι
1467 5224 1680 5293 ’Ὠσπερ
1714 5222 1827 5293 ἔχει
1858 5225 1887 5277 ό

302 5314 515 5383 Πατὴρ,
551 5314 725 5375 οὕτως
754 5312 863 5383 ἔχει
893 5314 986 5367 καὶ
1014 5314 1044 5366 6
1074 5314 1219 5380 Υἱὸς,
1271 5336 1288 5367 ι
1324 5315 1485 5384 δῆλός
1522 5316 1667 5367 ἐστιν
1710 5316 1887 5367 ἐκεῖνο

305 5402 590 5470 διδάσκων,
621 5405 703 5457 ὅτι
726 5404 913 5475 ὥσπερ
944 5405 1128 5469 ἀῖδὶως
1153 5406 1264 5477 ἔχει
1316 5408 1344 5460 ὁ
1378 5406 1565 5475 Πατὴρ
1611 5409 1667 5459 ὲν
1709 5405 1887 5476 ἑαυτῷ

302 5498 403 5568 τὴν
436 5498 602 5566 ζωὴν,
639 5497 780 5550 οὕτω
808 5498 900 5550 καὶ
922 5499 949 5550 ὀ
982 5497 1107 5560 Υἱὸς
1135 5500 1316 5562 ἁῖδίως
1349 5498 1461 5568 ἔχει
1488 5498 1630 5569 ζωὴν
1666 5501 1723 5550 ὲν
1754 5500 1881 5554 €19-

309 5590 404 5659 τῷ.
435 5592 494 5645 Εἰ
534 5591 635 5661 μὲν
688 5586 979 5663 οὗντο).μᾷ
1026 5610 1107 5655 τις
1153 5592 1330 5661 λέγειν
1389 5588 1527 5645 εἶναι
1566 5592 1756 5662 χρόνον
1808 5593 1895 5644 ὅτε

311 5681 454 5752 ζωὴν
490 5683 591 5735 οὐκ
621 5678 767 5752 εἶχεν
804 5684 831 5736 ό
862 5683 1049 5755 Πατὴρ
1084 5686 1139 5737 ἐν
1198 5682 1395 5752 ἐαυτῷ,
1432 5685 1652 5753 κρατεῖν
1683 5683 1896 5753 ἀνάγκη

385 5866 399 5889 ⁹
430 5864 585 5921 Joan.
625 5884 675 5926 ν.
707 5864 776 5918 εδ

1713 438 2157 498 THESAUBUS.

3470 430 3582 490 τιΒῖ

2510 557 2746 623 ALIUD,
2781 554 3070 610 narrative.

2072 673 2186 729 Non
2229 673 2354 729 ideo
2386 672 2588 726 dicitur
2612 669 2785 725 Filius
2818 682 2846 720 ιι
2888 666 3051 720 Patre
3098 658 3404 732 accepisse,
3428 655 3576 729 quod

1986 776 2146 821 antea
2170 780 2278 820 non
2305 762 2580 817 habuerit.
2603 760 2779 815 Habet
2804 758 2949 813 enim
2980 753 3325 817 naturaliter,
3350 764 3473 804 cum
3506 748 3578 802 sit

1986 857 2262 929 proprium
2293 854 2410 921 ejus
2446 851 2678 907 Verbum
2706 860 2763 904 et
2788 845 3077 917 splendor,
3106 843 3289 899 omnia
3315 852 3435 929 quae
3468 834 3576 892 Pa-

1988 928 2087 1002 tris
2111 966 2123 1000 :
2152 952 2382 1014 excepto
2399 956 2467 997 eo
2485 941 2626 1009 quod
2643 953 2820 1008 neque
2838 937 2934 1003 sit,
2954 948 3134 1002 neque
3152 933 3370 986 dicatur
3388 928 3575 983 Pater.

1985 1038 2129 1092 llicit
2160 1045 2340 1090 autem
2365 1049 2424 1087 se
2448 1033 2730 1100 accepisse
2762 1045 2793 1083 a
2841 1027 3029 1091 Patre,
3076 1034 3473 1094 praeoccupans
3518 1026 3577 1074 et

1988 1127 2200 1191 tollens,
2228 1134 2289 1179 ut
2314 1125 2476 1188 Deus,
2506 1122 2886 1177 haereticorum
2919 1116 3311 1183 suspicionem.
3342 1109 3478 1165 Nam
3506 1122 3578 1165 ne

1987 1220 2290 1290 quispiam,
2326 1216 2527 1271 Filium
2556 1213 2932 1281 contemplans
2947 1209 3234 1264 habentem
3248 1202 3428 1257 omnia
3455 1214 3578 1269 qua:

1985 1312 2168 1374 Pater,
2196 1310 2475 1364 existimet
2503 1308 2574 1362 ob
2604 1319 2873 1362 summam
2902 1304 3041 1358 banc
3077 1295 3496 1354 similitudinem
3521 1298 3580 1346 et

1986 1400 2356 1458 omnimodam
2389 1400 2735 1455 identitatem
2769 1398 2947 1466 ipsum
2991 1407 3115 1448 esse
3156 1389 3373 1444 Patrem
3408 1382 3578 1440 simul

1985 1504 2039 1549 et
2072 1492 2289 1557 Filium,
2339 1499 2394 1544 et
2440 1490 2493 1543 in
2543 1486 2765 1542 Sabellii
2802 1497 3047 1540 errorem
3096 1478 3327 1539 incidat,
3366 1474 3577 1528 utiliter

1986 1585 2274 1640 admodum
2302 1597 2361 1635 se
2392 1597 2420 1636 a
2448 1580 2608 1636 Patre
2636 1576 2916 1645 accepisse
2960 1572 3136 1635 dicit,
3186 1583 3309 1623 cum
3348 1574 3578 1620 natura-

1987 1677 2112 1731 liter
2148 1675 2198 1729 id
2236 1675 2449 1738 habeat,
2478 1680 2538 1727 ut
2572 1670 2712 1726 ratio
2735 1670 2851 1739 ipsa
2886 1664 3131 1721 inferens
3159 1675 3329 1716 unum
3351 1656 3573 1729 quidem

1984 1780 2107 1822 esse
2139 1764 2231 1835 qui
2254 1764 2371 1827 dat,
2396 1762 2630 1817 alterum
2667 1760 2758 1829 qui
2799 1756 3050 1826 suscipit,
3088 1749 3412 1808 dualitatem
3446 1760 3577 1817 per-

1987 1871 2247 1912 sonarum
2281 1853 2573 1909 manifeste
2620 1850 2879 1906 ostendat
2931 1862 3042 1903 non
3090 1844 3225 1901 solis
3260 1838 3579 1897 nominibus

1989 1951 2322 2005 distinctam.
2364 1946 2501 2002 Cum
2524 1960 2655 1999 vero
2681 1943 2751 1997 sit
2776 1942 3056 2011 proprium
3089 1936 3272 1993 Patris
3299 1931 3575 1996 Verbum,

1988 2052 2042 2098 et
2066 2057 2132 2096 ex
2175 2040 2415 2097 essentia
2467 2037 2639 2107 ipsius
2676 2035 2975 2105 procedat,
3019 2039 3170 2087 certe
3218 2024 3403 2083 omnia
3453 2034 3580 2093 qua

1987 2133 2167 2188 Patris
2198 2140 2349 2195 sunt,
2374 2131 2444 2185 ab
2492 2139 2697 2184 aeterno
2738 2128 2926 2182 habet.
2972 2124 3115 2181 Dicit
3166 2129 3349 2177 autem
3398 2131 3457 2171 se
3506 2114 3579 2170 ab

1986 2224 2080 2279 illo
2101 2221 2401 2289 accepisse,
2438 2219 2565 2287 quia
2601 2232 2667 2272 ex
2706 2217 2823 2284 ipso
2862 2211 3148 2285 procedit;
3195 2222 3321 2264 cura
3369 2198 3582 2273 alioqui

1986 2312 2311 2367 naturaliter
2337 2310 2535 2363 habeat
2565 2306 2747 2362 omnia
2779 2317 2901 2373 qua:
2920 2300 3071 2357 Patri
3098 2300 3306 2354 insunt.

2661 2416 2896 2473 ALlUD.

2056 2562 2201 2617 Nihil
2231 2562 2388 2629 plane
2416 2557 2685 2615 divinitati
2717 2554 2839 2611 Filii
2872 2552 3086 2609 edicere
3108 2558 3311 2622 potest,
3348 2546 3534 2602 dicere
3556 2560 3577 2601 ι

1993 2677 2011 2710 ι
2054 2658 2246 2711 Omnia
2271 2654 2399 2709 mihi
2430 2653 2627 2708 tradita
2664 2658 2787 2704 sunt
2815 2665 2843 2703 a
2872 2648 3037 2702 Patre
3066 2658 3187 2698 meo
3226 2660 3239 2696 :
3284 2660 3302 2693 ι
3358 2638 3451 2694 sed
3482 2652 3582 2707 po-

1991 2750 2095 2803 tius
2120 2747 2364 2802 declarat
2400 2746 2575 2814 ipsum
2596 2741 2925 2796 naturaliter
2953 2736 3153 2792 Filium
3184 2749 3325 2789 esse.
3348 2731 3407 2787 Si
3432 2732 3581 2787 enim

1987 2838 2168 2893 omnia
2201 2838 2277 2891 illi
2308 2837 2506 2890 tradita
2542 2842 2691 2897 sunt.
2753 2842 2805 2889 et
2857 2847 2982 2887 cum
3035 2829 3272 2884 dicimus
3301 2865 3318 2890 ,
3373 2824 3580 2888 omnia,

1986 2930 2120 2985 nihil
2156 2930 2500 2984 excludimus
2526 2946 2540 2994 ;
2592 2936 2741 2981 certe
2774 2941 2880 2981 non
2915 2924 3021 2978 erit
3050 2924 3166 2991 ipse
3195 2934 3338 2973 unus
3369 2932 3437 2971 ex
3468 2930 3585 2972 om-

1988 3019 2150 3074 nibus
2173 3034 2294 3087 qua:
2328 3033 2387 3073 se
2421 3017 2701 3083 accepisse
2731 3016 2884 3076 dicit,
2918 3012 3013 3068 sed
3048 3008 3365 3065 distinctam
3402 3020 3433 3061 a
3470 3003 3580 3060 Pa-

1991 3119 2072 3165 tre
2096 3110 2505 3179 generationem
2541 3108 2724 3162 habet.
2756 3105 2929 3161 Filius
2954 3117 3087 3156 vero
3110 3096 3435 3154 naturaliter
3454 3110 3585 3152 cum

1990 3201 2081 3265 sit,
2118 3200 2279 3254 habet
2305 3199 2487 3253 omnia
2525 3212 2647 3266 qua!
2690 3195 2973 3252 Genitoris
2998 3190 3392 3262 suntpropria.
3440 3187 3587 3243 Pro-

1992 3291 2169 3360 prium
2195 3298 2376 3344 autem
2408 3289 2686 3343 Genitoris
2710 3294 2795 3341 est
2836 3284 3019 3340 omnia
3060 3284 3265 3339 habere
3305 3301 3319 3337 :
3364 3294 3472 3335 non
3498 3286 3589 3335 est

1994 3380 2157 3451 igitur
2185 3379 2357 3435 Filius
2384 3378 2618 3449 alicujus
2642 3377 2719 3431 rei
2748 3376 2985 3445 indigus.

2677 3489 2836 3545 ALlU
2850 3491 2909 3545 D.

2064 3630 2123 3687 Si
2149 3629 2331 3686 omnia
2359 3627 2408 3684 ei
2437 3627 2635 3682 tradita
2682 3633 2831 3693 sunt,
2884 3624 3027 3681 sicut
3065 3624 3180 3693 ipse
3214 3629 3465 3687 testatur,
3500 3619 3595 3675 εἰς

1992 3724 2173 3796 quein
2198 3738 2390 3777 manus
2420 3720 2566 3786 data,
2618 3734 2725 3774 non
2779 3728 2863 3774 est
2912 3732 3052 3771 unus
3089 3716 3256 3787 226
3301 3713 3585 3777 omnium;

1992 3815 2085 3870 sed
2115 3814 2262 3868 solus
2312 3820 2396 3867 est
2440 3810 2633 3874 hasres,
2671 3820 2728 3862 ut
2764 3807 2956 3863 Filius.
3007 3806 3141 3862 Nam
3186 3805 3231 3860 si
3260 3806 3375 3872 ipse
3427 3816 3575 3857 unus

1990 3908 2233 3964 omnium
2268 3905 2585 3969 exsisteret,
2625 3910 2777 3957 certe
2799 3901 3057 3956 omnibus
3085 3905 3585 3959 annumeraretnr,

1994 4015 2171 4069 neque
2232 4009 2379 4053 esset
2422 3996 2620 4051 haeres.
2692 3994 2825 4050 Cum
2872 4010 3007 4050 vero
3050 3992 3231 4048 omnia
3287 3988 3587 4057 acceperit,

1994 4091 2329 4147 naturaliter
2362 4101 2525 4159 atque
2547 4086 2940 4151 essentialiter,
2974 4093 3274 4156 propagato
3320 4081 3587 4136 nimirum

1994 4184 2047 4237 in
2069 4183 2242 4252 ipsum
2273 4180 2551 4237 Genitnris
2575 4181 2657 4235 sui
2680 4178 2910 4247 imperio
2941 4188 2997 4234 et
3024 4175 3406 4233 dominatione
3440 4188 3454 4227 :
3488 4187 3587 4229 ne-

1992 4276 2235 4330 cessario
2263 4276 2515 4329 diversus
2540 4282 2623 4329 est
2644 4272 2715 4327 ab
2746 4271 3027 4338 omnibus,
3055 4276 3112 4327 et
3146 4268 3298 4325 solus
3323 4265 3589 4339 proprius

1992 4368 2170 4425 Patris
2198 4368 2392 4424 Filius.

2494 4561 2726 4629 ALIUD,
2764 4561 3057 4618 παι-ναίειν.

2074 4681 2334 4737 Senator
2401 4678 2596 4733 alicubi
2658 4677 2857 4745 inquit,
2922 4693 2941 4727 ι
3018 4674 3171 4729 Sicut
3218 4671 3382 4727 Pater
3423 4671 3591 4727 habet

2000 4777 2163 4828 vitam
2199 4774 2251 4826 in
2296 4772 2497 4839 seipse,
2537 4771 2616 4824 sic
2660 4770 2806 4822 dedit
2832 4780 2886 4822 et
2912 4766 3050 4821 Filio
3091 4765 3295 4821 habere
3337 4765 3502 4819 vitam
3532 4764 3587 4820 in

1994 4862 2208 4930 seipse"
2235 4877 2249 4913 :
2280 4878 2298 4911 ›
2334 4859 2474 4927 quod
2502 4860 2581 4912 sic
2608 4856 2832 4927 intelligi
2866 4872 2965 4926 par
2987 4867 3089 4911 est.
3136 4855 3269 4910 Nam
3290 4870 3409 4910 cum
3433 4855 3588 4921 dicit,

2000 4970 2020 5004 ι
2064 4952 2229 5015 dedit,
2262 4970 2279 5002 ι
2326 4950 2466 5018 quod
2503 4965 2567 5003 ex
2609 4948 2772 5003 Patre
2812 4950 3133 5003 naturaliter
3176 4948 3377 5003 habeat
3420 4947 3590 5019 signi-

1998 5044 2146 5105 ficat,
2180 5055 2232 5097 et
2282 5042 2624 5113 hyposmtice
2679 5043 2747 5095 ab
2787 5056 2852 5097 eo
2898 5043 2990 5111 qui
3029 5040 3175 5095 dedit
3211 5041 3377 5093 alium
3421 5054 3584 5093 esse:

1997 5134 2183 5198 alium,
2240 5134 2482 5201 inquam,
2527 5146 2756 5185 numero
2812 5130 3007 5186 solum.
3062 5130 3194 5185 Cum
3251 5146 3382 5186 vero
3435 5130 3589 5195 dicit,

2001 5244 2017 5275 ι
2044 5224 2196 5279 Sicut
2233 5223 2394 5277 habet
2424 5222 2611 5287 Pater,
2635 5224 2707 5275 ita
2728 5223 2894 5278 habet
2926 5232 2979 5278 et
3002 5223 3171 5277 Filius
3203 5238 3217 5275 :
3247 5241 3264 5274 ι
3300 5220 3592 5276 manifeste

1998 5318 2099 5371 hoc
2134 5316 2426 5386 significat,
2467 5315 2630 5384 quod,
2665 5313 3120 5383 quemadmodum
3150 5315 3311 5369 Pater
3340 5314 3505 5369 habet
3538 5313 3589 5366 in

1990 5422 2059 5462 se
2093 5408 2256 5461 vitam
2293 5407 2359 5461 ab
2388 5416 2613 5472 materno,
2650 5407 2721 5460 ita
2751 5416 2803 5461 et
2833 5406 3004 5460 Filius
3048 5408 3213 5460 vitam
3270 5406 3339 5459 ab
3381 5416 3594 5459 aeterno

1998 5498 2050 5552 in
2084 5513 2142 5554 se
2195 5498 2381 5553 habet.
2419 5497 2474 5552 Si
2531 5499 2653 5567 quis
2690 5500 2855 5568 igitur
2904 5498 3067 5553 audet
3119 5498 3325 5563 dicere,
3378 5507 3591 5565 tempus

1998 5590 2217 5660 aliquod
2246 5588 2415 5644 fuisse
2461 5605 2569 5659 quo
2619 5591 2786 5643 Patcr
2815 5591 2980 5644 vitam
3030 5590 3081 5644 in
3114 5604 3174 5645 se
3219 5606 3328 5646 non
3379 5588 3592 5653 habuit,

1998 5685 2102 5741 hoc
2132 5684 2311 5756 ipsum
2343 5684 2506 5740 etiam
2532 5684 2583 5739 in
2613 5683 2751 5740 Filio
2780 5685 2960 5741 locum
3011 5683 3251 5741 habebit.
3300 5684 3370 5740 At
3410 5684 3455 5740 si
3487 5682 3589 5738 hoc
