3992 6478
397 441 500 497 383

1426 439 1483 496 S.
1524 438 1801 497 CYRILLI
1834 434 2306 497 ALEXANDRINI
2344 433 2667 493 ARCHIEP.

3553 434 3665 491 58$

396 556 623 627 impium
652 565 755 623 est,
788 565 841 613 et
875 556 1107 613 fatemur
1154 556 1375 612 omnino
1412 557 1627 613 Patrem
1666 574 1877 629 semper
1906 559 1957 612 in

2080 555 2223 612 τοῦτο
2281 558 2375 612 καὶ
2424 557 2509 625 ἔφ’
2542 552 2694 608 Υιοῦ.
2754 551 2818 605 Ei
2870 552 2927 605 δὲ
2978 551 3137 604 τοῦτο
3177 550 3390 615 άσεϐὲς,
3425 551 3571 619 ἔχειν
3599 550 3660 607 8k

393 662 454 701 se
484 648 649 700 vitam
676 646 949 712 habuisse,
995 647 1136 701 idem
1180 646 1344 701 etiam
1392 648 1456 702 de
1503 647 1640 703 Filio
1689 647 1961 701 fatendum

392 745 474 790 est
498 754 512 803 ;
544 737 644 792 hoc
669 737 813 791 enim
827 744 910 791 est
938 737 1009 791 ita
1034 751 1093 791 se
1116 736 1317 792 habere
1341 737 1512 806 ipsum
1540 738 1679 792 sicut
1702 748 1755 792 et
1779 736 1959 791 Pater.

394 824 450 880 Si
482 839 614 885 vero
661 826 708 881 is
756 826 851 897 qui
892 842 1107 898 semper
1147 826 1349 891 habet,
1404 826 1652 895 accipere
1692 842 1751 882 se
1789 826 1962 891 dicit,

391 916 659 987 singulari
699 917 881 988 aliquo
908 918 1135 973 consilio
1179 912 1399 986 dicitur,
1449 919 1690 990 nihildue
1739 919 1792 974 id
1826 915 1965 974 Filio

391 1006 541 1075 quod
580 1007 646 1063 ad
672 1020 916 1063 naturam
941 1008 1157 1072 attinet,
1188 1006 1377 1065 oliicit.

1064 1118 1300 1176 ALIUD.

467 1232 525 1287 Si
548 1232 671 1303 quis
689 1231 967 1303 splendori
994 1232 1214 1291 luminis
1239 1249 1547 1292 sermonem
1565 1236 1786 1298 tribuat,
1809 1244 1865 1291 et
1880 1234 1965 1290 di-

396 1332 513 1380 cat:
534 1322 739 1379 Lumen
774 1323 903 1379 mihi
932 1324 1079 1379 dedit
1114 1327 1297 1381 omnia
1328 1342 1449 1397 quae
1482 1328 1641 1384 habet
1668 1345 1683 1382 :
1720 1326 1965 1384 illumino

396 1411 540 1465 enim
562 1411 784 1479 perinde
799 1418 962 1482 atque
986 1412 1115 1467 illud
1140 1431 1156 1476 ;
1179 1428 1322 1469 anne
1344 1422 1493 1469 recte
1513 1415 1783 1485 quispiam
1810 1413 1968 1470 dixe-

398 1504 469 1560 rit
513 1502 852 1572 splendorem
869 1504 1020 1559 illum
1042 1504 1330 1574 aliquando
1358 1519 1463 1560 non
1494 1505 1749 1561 habuisse
1770 1504 1969 1560 illumi-

398 1595 559 1650 nandi
589 1594 951 1650 facultatem?
997 1604 1055 1651 et
1089 1596 1364 1665 quomodo
1397 1595 1655 1666 splendor
1694 1605 1813 1653 erat
1839 1596 1874 1651 τι
1910 1595 1966 1651 Si

398 1699 528 1741 vero
573 1700 694 1740 cum
741 1699 958 1757 semper
994 1685 1332 1743 illuminandi
1383 1686 1701 1743 facultatem
1750 1686 1965 1755 habeat,

401 1775 525 1848 quia
544 1777 724 1833 omnia
752 1792 871 1846 qua:
892 1778 947 1832 in
970 1777 1174 1834 lumine
1205 1788 1354 1847 sunt,
1404 1780 1587 1846 habet,
1643 1787 1699 1836 et
1755 1778 1849 1850 qui
1887 1778 1968 1848 gi-

401 1869 583 1938 gnitur
606 1882 670 1922 ex
703 1867 840 1938 ipso,
876 1868 1152 1939 accepisse
1179 1869 1247 1924 ab
1278 1870 1396 1940 ipso
1426 1870 1624 1926 dicitur
1652 1888 1667 1926 :
1692 1872 1968 1942 quomodo

399 1974 507 2014 non
526 1954 816 2014 absurdum
841 1957 1003 2015 fuerit
1026 1957 1165 2015 nolle
1196 1958 1427 2028 amplius
1455 1959 1659 2032 aliquid
1693 1961 1761 2016 de
1789 1958 1970 2016 Verbo

398 2050 515 2118 Dei,
549 2065 707 2121 quam
740 2051 807 2106 de
838 2051 940 2107 hoc
976 2049 1223 2122 exemplo
1256 2050 1612 2123 intelligere?
1659 2050 1794 2108 Cum
1823 2052 1967 2108 enim

398 2142 575 2197 omnia
611 2141 929 2197 naturaliter
962 2142 1159 2197 habeat
1190 2158 1259 2197 ex
1290 2142 1472 2208 Patre,
1503 2144 1788 2214 accepisse
1813 2159 1873 2200 se
1900 2158 1969 2199 ex

399 2236 517 2304 ipso
542 2233 691 2298 dicit,
722 2234 847 2305 quia
872 2248 940 2289 ex
980 2233 1096 2302 ipso
1134 2232 1351 2304 genitus
1375 2244 1458 2290 est
1485 2273 1502 2299 ,
1554 2249 1678 2292 cum
1720 2234 1972 2292 omnibus

397 2340 517 2396 qua
544 2325 723 2381 habet.

397 2434 626 2497 ALIUD.
648 2437 707 2507 in
728 2436 867 2491 illud
903 2452 973 2507 :_r
999 2435 1139 2491 Dato
1169 2448 1245 2492 est
1266 2438 1393 2492 mihi
1414 2438 1584 2492 omnis
1605 2445 1835 2507 potestas
1863 2437 1906 2507 ἒ,
1942 2454 1961 2488 ι

465 2519 536 2571 et,
575 2525 593 2557 ι
630 2504 885 2575 Cleri/ica
916 2504 1114 2575 Filium
1147 2517 1292 2561 tuum
1327 2508 1387 2563 ἐ
1428 2528 1446 2560 ι
1500 2504 1969 2561 ακιιιηὶυενεαιὶιιε

465 2579 530 2647 d_e
558 2593 633 2647 Αεο
673 2578 811 2645 quod
858 2574 1205 2645 gloriﬁcatur,
1243 2586 1293 2632 et
1359 2594 1428 2632 an
1474 2576 1681 2647 aliquid
1740 2576 1969 2646 accipiat

475 2643 671 2701 Filius.

469 2780 634 2837 Filius
656 2779 1055 2850 Dei,quatenus
1088 2779 1322 2835 Verbum
1346 2787 1449 2845 est,
1480 2794 1588 2833 non
1623 2778 1746 2835 ideo
1767 2778 1903 2849 petit
1938 2792 1967 2833 ο

400 2872 583 2941 Patre,
622 2873 705 2929 vel
732 2873 930 2942 alioqui
974 2873 1222 2942 accipere
1252 2871 1470 2936 dicitur,
1504 2872 1649 2941 quod
1682 2881 1775 2925 aut
1799 2871 1969 2942 gloria

400 2962 495 3019 aut
532 2962 635 3018 alia
663 2964 915 3033 quapiam
961 2977 1020 3017 re
1051 2969 1231 3031 egeat,
1259 2961 1355 3015 sed
1387 2961 1599 3016 ratione
1641 2961 1969 3017 incarnatioo

403 3054 490 3111 nis
510 3053 613 3109 hoc
633 3053 781 3109 facit.
801 3052 1009 3123 Accipit
1028 3052 1170 3107 enim
1196 3062 1443 3119 respectu
1463 3051 1711 3107 humanm
1736 3063 1968 3120 naturze,

402 3147 525 3217 quia
561 3143 715 3201 nobis
742 3143 932 3200 similis
966 3142 1141 3197 factus
1171 3150 1275 3197 est.
1308 3141 1561 3197 Abundat
1593 3143 1755 3213 227
1787 3151 1969 3198 autem

2065 649 2310 719 δώσομεν
2335 649 2421 704 ἀεὶ
2450 648 2542 702 τὸν
2570 643 2964 717 Πατέρανζωὴν
2993 645 3049 696 ὲν
3080 642 3282 714 ἑαυτῷ,
3308 641 3463 695 ἔσται
3498 641 3660 696 τοῦτο

2066 744 2162 797 καὶ
2193 744 2280 813 ἐφ’
2311 740 2461 794 Υἱοῦ’
2488 738 2648 793 τοῦτο
2680 738 2790 809 γάρ
2815 739 2931 790 εστι
2974 735 3035 788 τὸ
3081 734 3257 798 οὕτως
3284 733 3428 804 ἔχειν
3456 734 3621 788 αὑτὸν
3640 773 3657 799 ,

2065 831 2253 903 ῶσπερ
2282 832 2378 886 καὶ
2435 832 2464 883 ό
2492 829 2706 901 Πατήρ.
2747 827 2811 882 Et
2843 827 2900 880 δὲ
2928 825 3014 880 ἀεὶ
3068 824 3229 894 ἔχων,
3258 824 3537 903 εἰληφέναι
3572 825 3660 879 λέ-

2064 937 2170 989 γει,
2201 921 2477 989 οἰκονομεῖ
2508 935 2573 970 -τι
2624 916 2786 986 σοφὸν
2831 917 2863 988 ὴ
2911 914 3086 986 φωνὴ,
3118 914 3213 969 καὶ
3262 913 3417 968 οῠδὶν
3458 914 3539 979 εις
3562 911 3663 969 τδν

2064 1011 2163 1082 τῆς
2202 1011 2418 1081 φύσεως
2446 1008 2607 1079 λόγον
2642 1006 2893 1078 ἀδικήσει
2925 1007 3017 1061 τὸν
3052 1004 3203 1062 Υἱόν.

2749 1118 2963 1172 ΔΛΛΟ,

2137 1231 2207 1287 Εἰ
2232 1230 2417 1303 τιςτῷ
2445 1233 2511 1286 ὲκ
2550 1229 2647 1286 τοῦ
2716 1231 2894 1300 φωτὸς
2945 1229 3345 1301 ἀπαυγάσματι
3400 1229 3671 1303 περιθείη·

2066 1324 2270 1397 φωνὴν,
2309 1320 2430 1378 εἶτα
2462 1322 2626 1378 τοῦτο
2643 1323 2813 1393 λέγοι·
2850 1322 3037 1377 Πάντα
3070 1340 3161 1394 μοι
3214 1322 3414 1377 δέδωκε
3448 1323 3511 1377 τὸ
3541 1321 3662 1391 φῶς

2064 1417 2133 1471 τὰ
2169 1414 2389 1481 ἑαυτοῦ,
2428 1415 2648 1485 φωτίζω
2676 1413 2785 1487 γάρ
2806 1415 2996 1487 ῶσπερ
3052 1416 3246 1469 ἐκεῖνοθ
3297 1409 3388 1484 ἄρ’
3421 1414 3663 1484 εὐλόγως

2065 1504 2134 1561 ἂν
2167 1506 2314 1561 sine:
2358 1506 2434 1579 μὴ
2465 1506 2760 1578 ἐσχηκέναι
2791 1506 2921 1561 ποτὲ
2949 1506 3012 1561 τὸ
3054 1506 3395 1578 ἀπαύγασμα
3411 1505 3508 1560 τοῦ
3541 1523 3662 1576 φω-

2065 1596 2234 1663 τίζειν
2264 1598 2360 1669 τὴν
2396 1597 2656 1669 δύναμιν;
2692 1598 2788 1653 καὶ
2832 1596 2952 1661 πῶς
2995 1596 3337 1669 ἀπαύγασμα
3363 1593 3466 1668 ἧνς
3500 1598 3562 1651 Ei
3603 1597 3664 1653 δι

2067 1691 2164 1745 καὶ
2190 1689 2447 1761 φωτίζειν
2475 1691 2773 1761 δυνάμενον
2801 1690 2897 1747 διὰ
2926 1691 2986 1745 τὸ
3035 1691 3212 1746 πάντα
3250 1690 3321 1744 τά
3354 1688 3450 1744 τοῦ
3484 1690 3665 1758 φωτὸς

2068 1781 2233 1853 ἔχειν,
2261 1782 2357 1837 καὶ
2384 1783 2679 1853 γεννᾶσθαι
2714 1783 2877 1839 πάλιν
2922 1783 2982 1848 ἐξ
3020 1782 3239 1849 ἑαυτοῦ,
3271 1774 3551 1853 εἰληφέναι
3574 1780 3666 1834 λι.

2001 1902 2044 1957 Β
2069 1888 2155 1941 γει
2187 1873 2320 1943 παρ’
2352 1870 2540 1938 αὑτοῦ,
2600 1870 2718 1937 πῶς
2746 1872 2847 1926 οὐκ
2911 1870 3114 1926 ἄτοπον
3151 1869 3226 1941 μὴ
3259 1871 3355 1924 καὶ
3416 1868 3580 1945 πλέον
3610 1885 3666 1923 τι

2057 1960 2169 2016 ’τοῦ
2195 1962 2635 2034 παραδείγματος
2654 1964 2795 2017 νοεῖν
2830 1961 2927 2016 ἐπὶ
2958 1960 3053 2015 τοῦ
3084 1960 3220 2015 Θεοῦ
3243 1960 3417 2030 Λόγου
3438 1979 3453 2029 ;
3475 1961 3664 2017 Πάντα

2076 2054 2185 2127 γὰρ
2212 2054 2355 2127 ἔχων
2407 2055 2650 2126 φυσικῶς
2702 2056 2767 2109 εκ
2801 2052 3041 2126 Πατρδς,
3083 2053 3363 2125 εἰληφέναι
3396 2054 3561 2123 φησὶν
3606 2051 3668 2118 ἐξ

2077 2145 2240 2201 αὐτοῦ
2267 2145 2357 2201 διὰ
2394 2147 2456 2202 τὸ
2510 2146 2571 2213 εξ
2617 2144 2785 2201 αὑτοῦ
2835 2143 3218 2217 γεγεννῆσθαι,
3260 2145 3400 2216 μετὰ
3448 2144 3663 2199 πάντων

2076 2230 2153 2291 ὧν
2190 2237 2327 2309 εχει.

2075 2439 2280 2505 AAAO,
2319 2439 2407 2506 εις
2438 2439 2527 2504 τὸ,
2553 2456 2573 2491 ι
2608 2439 2816 2508 Ἐδόθη
2838 2454 2941 2506 μοι
2962 2439 3130 2493 πᾶσα
3167 2439 3439 2501 ἐξουσιαο
3478 2456 3495 2487 ι
3539 2439 3665 2501 και,

2152 2528 2172 2562 ε
2209 2508 2486 2590 mare
2506 2524 2625 2590 σςυ
2648 2509 2784 2590 50!;
2799 2508 2961 2590 Iwr.
2994 2525 3012 2559 ι
3047 2508 3087 2590 ξι
3126 2508 3224 2590 τεςι
3277 2504 3667 2590 eamme-

2140 2574 2450 2704 111933892
2477 2576 2586 2633 τοῦ
2637 2575 2991 2642 δοξάζεσθαι
3040 2574 3083 2642 ἦ
3126 2574 3412 2646 δέχεσθαι
3452 2591 3508 2629 τι
3559 2576 3668 2630 τόν·

2438 2438 2527 2504 τὸ,
2553 2456 2573 2491 ι
2608 2438 2816 2508 Ἐδόθη
2838 2454 2941 2506 μοι
2962 2435 3130 2493 πᾶσα
3167 2436 3456 2508 ἐξουσιαὴ
3478 2456 3495 2487 ι
3539 2432 3665 2508 και,

2136 2785 2265 2839 «Οὐκ
2293 2785 2354 2838 ὲν
2378 2783 2537 2856 χρεία
2569 2782 2784 2854 δόξηςῆ
2821 2782 3010 2854 ἑτέρου
3062 2781 3207 2845 τινος
3251 2777 3611 2851 καθεστηκὼς
3633 2786 3663 2840 6

2077 2876 2227 2941 Υἱὸς,
2260 2868 2492 2947 ᾗΛόγος
2523 2875 2691 2938 ἐστὶν,
2735 2874 2877 2927 αἰτεῖ
2904 2872 3057 2945 παρὰ
3098 2873 3192 2926 τοῦ
3232 2872 3467 2944 Πατρός,
3512 2872 3547 2943 ἢ
3574 2874 3668 2925 καὶ

2076 2965 2376 3038 λαμϐάνειν
2425 2965 2666 3035 λέγεται,
2694 2963 3058 3034 οἰκονομικῶς
3095 2962 3151 3015 δὲ
3183 2962 3343 3016 τοῦτο
3374 2962 3539 3015 ποιεῖ.
3578 2960 3669 3015 Δι-

2078 3072 2235 3125 χεται
2272 3055 2371 3125 μὲν
2413 3054 2523 3125 γάρ
2549 3053 2909 3123 ἀνθρωπίνως
2954 3051 3041 3106 διά
3065 3052 3124 3105 τὸ
3156 3053 3340 3123 σχῆμα
3384 3051 3482 3122 τῆς
3529 3051 3668 3124 πρὸς

2076 3143 2226 3215 ἡμᾶς
2246 3141 2580 3213 ὁμοιώσεως.
2616 3142 2774 3195 Ἐστι
2801 3140 2859 3194 δὲ
2893 3140 3108 3213 πλήρης
3137 3140 3213 3204 ῶς
3246 3139 3396 3202 Θεός.
3450 3138 3669 3212 Ἐπειδὴ

401 3233 648 3291 omnibus
681 3242 739 3287 ut
765 3230 921 3287 Deus.
939 3230 1071 3286 Cum
1104 3230 1250 3287 enim
1284 3230 1453 3295 solus,
1471 3246 1534 3285 ac
1561 3245 1658 3301 per
1685 3245 1743 3287 se
1782 3232 1966 3297 homo,

2080 3234 2185 3306 γάρ
2220 3233 2383 3304 μόνος
2416 3233 2511 3287 καὶ
2539 3234 2661 3288 καθ’
2687 3231 2879 3286 ἑαυτὸν
2928 3234 2957 3287 ό
3006 3231 3311 3301 ἄνθρωπος,
3349 3229 3451 3285 κάν
3477 3248 3531 3284 τι
3556 3230 3668 3285 τῶν

407 3324 619 3383 tametsi
639 3323 844 3393 aliquid
863 3321 991 3377 boni
1014 3337 1043 3376 a
1064 3322 1176 3376 Deo
1200 3322 1491 3391 acceperit,
1507 3320 1667 3377 facile
1681 3322 1781 3376 hoc
1795 3321 1971 3391 ipsum

405 3416 603 3472 amittit
617 3414 782 3488 (quod
798 3413 1011 3483 quidem
1032 3420 1085 3469 et
1098 3409 1269 3467 Adam
1294 3426 1585 3481 perpessus
1605 3411 1731 3483 est),
1749 3411 1975 3467 destitu-

406 3513 493 3558 tus
516 3516 616 3572 per
647 3500 1074 3557 inobedientiam
1095 3513 1157 3555 ea
1176 3498 1350 3570 gratia
1386 3515 1505 3570 quae
1521 3501 1671 3571 prius
1688 3500 1763 3555 illi
1781 3499 1973 3556 collata

403 3594 607 3650 fuerat:
629 3593 998 3649 necessarium
1016 3591 1237 3648 omnino
1262 3591 1384 3659 fuit,
1401 3608 1469 3648 ne
1497 3607 1687 3649 rursus
1708 3593 1762 3648 in
1785 3592 1973 3647 eadem

403 3683 801 3747 incideremus,
823 3694 885 3741 ut
908 3682 1245 3738 immutabile
1277 3683 1371 3739 Dei
1402 3682 1643 3739 Verbum
1688 3682 1852 3738 homo
1893 3681 1974 3735 fa-

403 3784 548 3832 ctum
562 3783 771 3845 peteret
791 3788 820 3829 a
842 3772 1008 3829 Patre
1029 3773 1168 3830 dona
1194 3788 1316 3843 qua
1333 3776 1401 3830 ab
1424 3773 1514 3830 illo
1530 3773 1970 3845 proﬁciscuntur;

407 3876 465 3923 ut
506 3881 603 3937 per
649 3866 821 3934 ipsum
863 3866 917 3920 in
962 3880 1123 3937 quem
1180 3865 1330 3920 nulla
1376 3866 1606 3921 mutatio
1655 3864 1974 3921 alteratiove

405 3958 565 4021 cadit,
598 3957 650 4011 in
678 3963 863 4012 nostra
897 3957 1059 4010 etiam
1095 3963 1288 4010 natura
1333 3956 1521 4028 eadem
1577 3955 1720 4011 dona
1753 3954 1973 4011 stabili—

408 4056 598 4102 rentur
621 4053 784 4117 atque
823 4043 1296 4101 conﬁrmarentur.
1348 4043 1534 4101 Gratia
1585 4043 1731 4100 enim
1760 4044 1968 4113 princi-

406 4137 552 4205 pium
584 4145 782 4202 nacta,
838 4133 1066 4190 ﬁrmiter
1117 4134 1173 4190 in
1227 4135 1448 4191 Christo
1483 4142 1705 4201 manet;
1750 4133 1974 4205 ipseque

406 4227 810 4289 similitudinem
862 4226 914 4280 in
967 4241 1067 4282 nos
1117 4240 1331 4297 quoque
1376 4225 1699 4281 transmittit
1732 4242 1747 4279 :
1780 4239 1973 4281 omnes

407 4322 553 4377 enim
585 4321 638 4377 in
672 4322 789 4391 ipso
818 4335 1029 4388 sumus,
1074 4331 1343 4390 quatenus
1373 4322 1536 4379 homo
1582 4322 1760 4379 factus
1806 4332 1889 4378 est
1920 4332 1977 4378 et

407 4412 649 4467 eamdem
681 4425 843 4482 quam
886 4427 986 4468 nos
1014 4427 1231 4467 carnem
1263 4413 1514 4482 gestavit.
1562 4411 1697 4467 Nam
1736 4415 1840 4469 bac
1886 4429 1974 4467 ra-

410 4505 557 4560 tione
599 4514 654 4560 et
696 4502 913 4568 fratres,
956 4513 1012 4558 et
1051 4519 1216 4557 unum
1260 4518 1383 4558 cum
1433 4519 1500 4559 eo
1547 4503 1675 4569 facti
1718 4504 1973 4562 dicimur.

2082 3321 2304 3391 ἀγαθῶν
2338 3321 2491 3392 παρὰ
2516 3320 2652 3375 Θεοῦ
2686 3320 2851 3392 λάϐῃ,
2894 3321 3053 3374 τοῦτο
3094 3320 3291 3392 ῥᾳδίως
3314 3319 3578 3380 ἀπολλύει
3610 3320 3669 3390 (ὃ

2081 3416 2145 3486 δὴ
2174 3414 2269 3468 καὶ
2297 3412 2563 3467 πέπονθεν
2607 3412 2805 3483 Ἀδάμ)
2832 3453 2846 3479 ,
2907 3413 3001 3466 καὶ
3039 3412 3245 3482 γυμνὸς
3272 3413 3337 3466 ἑκ
3376 3411 3669 3482 παρακοῆς

2081 3505 2296 3578 ἐδείχθη
2326 3505 2425 3574 τῆς
2477 3502 2833 3576 προτεθείσης
2878 3502 3027 3573 αὺτῷ
3065 3504 3306 3575 χάριτος,
3366 3503 3668 3573 ἀναγκαῖον

2080 3592 2170 3667 ἦν,
2228 3596 2315 3649 ἵνα
2362 3594 2436 3666 μὴ
2493 3594 2654 3648 πάλιν
2711 3596 2824 3658 τοῖς
2878 3595 3060 3658 αὐτοῖς
3117 3594 3528 3667 περιπέσωμεν,
3575 3594 3669 3649 τὸν

2078 3687 2351 3758 ἄτρεπτον
2379 3686 2475 3740 τοῦ
2518 3684 2652 3739 Θεοῦ
2680 3686 2853 3755 Λόγον
2898 3686 3193 3756 γενόμενον
3245 3685 3550 3757 ἄνθρωπον,
3584 3687 3670 3741 αι-

2077 3778 2240 3848 τῆσαι
2265 3776 2419 3849 παρὰ
2437 3776 2532 3830 τοῦ
2559 3762 2780 3848 Πατρὸέ
2817 3776 2887 3831 τὰ
2912 3774 2972 3842 ἐξ
3003 3778 3167 3831 αὑτοῦ
3216 3776 3549 3848 χαρίσματα·
3580 3778 3669 3833 ἵνα

2079 3868 2148 3923 δι’
2185 3868 2350 3922 αὐτοῦ
2413 3867 2606 3938 βέϐαια
2640 3871 2708 3940 τῇ
2768 3869 3019 3941 ἡμετέρᾳ
3070 3868 3229 3938 φύσει
3292 3868 3668 3941 φυλάττηται,

2081 3958 2353 4029 άτρέπτου
2384 3960 2480 4011 καὶ
2506 3957 2867 4013 άναλλοιώτου
2891 3958 3269 4031 τυγχάνοντος.
3313 3958 3514 4030 Ἀρχὴν
3558 3959 3670 4032 γὰρ

2080 4050 2114 4120 ὴ
2148 4048 2309 4120 χάρις
2336 4048 2602 4115 λαθοῦσα,
2661 4050 2813 4120 μένει
2846 4051 2946 4121 μὲν
3001 4050 3259 4120 ἀσφαλῶς
3297 4051 3356 4103 ιν
3406 4049 3667 4122 χριστῷ,

2080 4142 2443 4213 παραπέμπει
2468 4141 2527 4196 δὲ
2550 4141 2713 4206 αὐτὸς
2756 4142 2853 4197 καὶ
2878 4144 2960 4207 εἰς
2987 4143 3135 4215 ἡμᾶς
3154 4143 3254 4215 τὴν
3279 4142 3561 4213 ὁμοίωσιν·
3584 4143 3677 4197 ὅτε

2081 4233 2282 4295 πάντες
2313 4232 2484 4303 ἐσμὲν
2514 4232 2573 4286 ὲν
2601 4232 2772 4304 αὐτῷ,
2809 4233 2946 4287 καθὸ
2996 4232 3285 4306 ἄνθρωπος
3323 4233 3537 4304 γέγονε,
3574 4236 3670 4289 καὶ

2078 4322 2178 4393 τὴν
2210 4323 2381 4395 αὐτὴν
2412 4326 2546 4394 ἡμῖν
2571 4324 2799 4396 ὲφόρεσε
2837 4324 3034 4398 σάρκα.
3061 4324 3221 4380 Οὕτω
3252 4326 3362 4399 γάρ
3390 4326 3486 4381 καὶ
3514 4327 3670 4381 ἀδελ-

2082 4412 2172 4482 φοὶ
2201 4412 2298 4465 καὶ
2327 4412 2387 4467 ἓν
2412 4414 2490 4479 ῶς
2521 4413 2660 4487 πρὸς
2686 4414 2820 4469 Θεὸν
2851 4414 3214 4486 γεγεννῆσθαι
3235 4415 3528 4486 λεγόμεθα.
3569 4417 3670 4471 Αι-

2080 4508 2163 4560 τεῖ
2191 4513 2370 4561 τοίνυν
2405 4507 2499 4561 καὶ
2539 4506 2759 4578 δέχεται
2796 4505 2948 4577 παρὰ
2989 4505 3087 4561 τοῦ
3127 4505 3341 4577 Πατρός
3380 4505 3450 4559 δι’
3481 4507 3666 4576 ἡμᾶς,

413 4595 551 4651 Petit
582 4594 765 4661 itaque
818 4600 876 4647 et
904 4591 1098 4661 accipit
1148 4606 1179 4645 a
1234 4592 1394 4650 Patre
1434 4604 1653 4665 propter
1694 4612 1813 4663 nos,
1857 4612 1973 4669 quae

2080 4596 2222 4669 ἅπερ
2245 4596 2360 4667 ἔχει
2411 4598 2509 4667 μὲν
2547 4596 2817 4666 φυσικῶς,
2881 4596 2957 4660 ὡς
2989 4595 3121 4659 Θεός
3140 4612 3154 4626 ο
3185 4595 3375 4668 ἐπειδὴ
3406 4595 3463 4649 δὲ
3485 4597 3667 4669 σάρκα

412 4685 529 4753 ipse
551 4683 712 4738 habet
735 4680 1080 4747 naturaliter,
1119 4692 1178 4737 ut
1207 4684 1376 4740 Deus.
1420 4684 1555 4741 Cum
1583 4700 1714 4742 vero
1755 4702 1975 4743 carnem

411 4773 722 4844 assumpsit.
764 4788 883 4843 qua:
931 4772 1321 4844 gloriﬁcatione
1363 4777 1600 4845 egebat,
1653 4787 1815 4847 atque
1863 4780 1978 4833 haec

412 4865 625 4938 quidem
653 4880 764 4921 non
790 4866 1013 4921 alterius
1041 4867 1361 4939 cuiuspiam,
1410 4870 1503 4925 sed
1538 4886 1632 4925 sua
1666 4870 1805 4926 facta
1841 4880 1925 4927 est
1958 4888 1973 4926 :

413 4958 609 5014 merito
634 4956 736 5013 sibi
771 4957 1016 5013 vindicat
1067 4966 1228 5026 atque
1251 4958 1531 5028 adiungit,
1560 4975 1679 5028 quae
1736 4961 1787 5015 in
1828 4960 1974 5017 illam

412 5055 469 5103 et
496 5048 642 5103 circa
672 5047 815 5103 illam
844 5048 1000 5114 liunt,
1047 5057 1103 5103 et
1125 5056 1184 5102 ut
1204 5048 1365 5104 homo
1393 5064 1497 5103 non
1523 5051 1745 5114 habens.
1778 5054 1979 5124 accipit

414 5154 447 5195 a
473 5138 636 5195 Patre
664 5152 782 5210 qua
808 5138 1129 5195 naturaliter
1158 5138 1319 5193 habet
1349 5148 1405 5192 ut
1426 5139 1597 5195 Filius
1624 5151 1678 5196 et
1709 5140 1869 5197 Deus.

1028 5260 1031 5263 '
1078 5246 1303 5304 ALIUD.

491 5359 548 5416 Si
578 5356 809 5415 Verbum
840 5356 934 5413 Dei
960 5356 1157 5413 factum
1187 5366 1271 5413 est
1299 5359 1482 5425 homo,
1542 5369 1599 5416 ut
1636 5364 1857 5419 omnino
1896 5364 1977 5419 fa-

419 5460 566 5505 ctum
601 5456 684 5504 est
706 5448 774 5513 “,
805 5462 980 5518 neque
998 5462 1323 5518 quemquam
1355 5464 1551 5521 negare
1569 5452 1825 5517 arbitror,
1852 5453 1980 5523 quid

418 5540 663 5609 estquod
692 5538 975 5594 nonnullos
1004 5549 1200 5607 movet,
1259 5550 1319 5595 ut
1344 5555 1467 5595 eum
1512 5542 1761 5597 humanis
1798 5545 1977 5601 verbis

421 5631 500 5686 uti
528 5643 632 5686 non
660 5629 1008 5701 permittant?
1032 5629 1164 5687 Nam
1188 5632 1278 5703 qui
1308 5646 1420 5687 rem
1451 5632 1623 5703 ipsam
1653 5635 1837 5691 subire
1867 5652 1973 5691 non

2077 4686 2173 4743 τοῦ
2230 4688 2549 4755 δοξάζεσθαι
2598 4687 2904 4760 χρῄζουσαν
2928 4687 3110 4756 ἔλαϐε,
3172 4688 3266 4742 καὶ
3320 4688 3419 4760 οὐχ
3475 4688 3667 4760 ἑτέρου

2078 4780 2244 4843 τινος,
2271 4780 2576 4835 ἀλλ”αὐτοῦ
2602 4782 2824 4851 γέγονεν
2851 4780 2990 4853 αὕτη
3014 4822 3030 4845 ,
3060 4782 3288 4845 εἰκότως
3330 4782 3667 4838 ῑδιοποιεῖται

2077 4870 2145 4923 τὰ
2166 4872 2246 4935 εἰς
2273 4872 2446 4944 αὐτὴν
2475 4873 2509 4946 ἢ
2535 4873 2665 4944 περὶ
2693 4873 2864 4945 αὐτὴν
2887 4873 3170 4943 γινόμενα,
3214 4872 3311 4927 καὶ
3339 4872 3415 4938 ὡς
3448 4872 3665 4946 ἄνθρω-

2079 4980 2179 5026 πος
2213 4964 2287 5035 μὴ
2313 4964 2472 5036 ἔχων,
2506 4965 2723 5036 δέχεται
2779 4966 2931 5037 παρὰ
2977 4963 3073 5020 τοῦ
3126 4963 3342 5035 Πατρός
3377 4964 3520 5039 άπερ
3548 4966 3666 5038 εχει

2082 5054 2350 5123 φυσικῶς,
2381 5055 2457 5119 ὡς
2489 5054 2617 5119 Υἱὸς
2648 5055 2743 5110 καὶ
2765 5054 2917 5120 Θεός.

2761 5250 2967 5307 AAAO.

2148 5368 2214 5421 Ei.
2246 5367 2467 5436 γέγονεν
2513 5364 2800 5437 ἄνθρωπος
2844 5367 2873 5419 ό
2908 5365 3002 5420 τοῦ
3052 5365 3189 5421 Θεοῦ
3228 5367 3421 5437 Λόγος,
3471 5367 3668 5438 γέγονε

2078 5460 2155 5525 δὲ,
2188 5460 2284 5513 καὶ
2313 5459 2560 5530 ἀντερεῖν
2588 5451 2742 5528 οἶμαι
2779 5457 3005 5529 μηδένα,
3054 5458 3111 5512 τί
3146 5460 3209 5514 τὸ
3238 5460 3537 5515 άναπεῐθόν
3581 5481 3667 5517 τι-

2079 5544 2196 5615 νας,
2234 5548 2309 5619 μὴ
2338 5548 2657 5619 ἐπιτρέπειν
2685 5546 2835 5618 αὐτῷ
2866 5549 2988 5612 ταῖς
3035 5547 3325 5620 ἀνθρώπου
3356 5552 3668 5622 κεχρῆσθαι

2082 5644 2319 5713 φωναῖς;
2376 5640 2438 5694 'U
2472 5640 2581 5711 γὰρ
2627 5638 2759 5695 αὐτὸ
2795 5640 2856 5694 τὸ
2901 5641 3135 5713 πρᾶγμα
3176 5640 3252 5714 μὴ
3293 5640 3505 5713 φυγὼν,
3548 5644 3667 5699 ἀλλ’

494 5807 517 5840 ⁸
546 5806 731 5865 Matth.
754 5824 946 5879 xxvm,
980 5809 1065 5866 l8.
1144 5814 1164 5847 ο
1197 5808 1348 5869 Joan.
1393 5826 1527 5881 xvu,
1562 5812 1609 5867 Ι.
1691 5814 1733 5846 ⁸ο
1766 5810 1924 5871 Joan.
1958 5828 1995 5885 ι,
2034 5815 2113 5873 Η.
