3992 6484
306 480 405 540 685

1775 466 2159 526 THESAUBU
2169 465 2230 524 S.

3509 463 3618 519 586

309 601 385 663 είς
412 594 699 667 τοσαύτην
728 595 935 650 ἑαυτὸν
967 594 1298 650 ταπείνωσιν
1331 593 1687 664 καταγαγὼν,
1721 593 1824 647 οὐκ
1855 592 1922 646 ἂν

2032 585 2304 644 recusavit
2328 624 2343 651 ,
2373 584 2469 641 sed
2518 584 2575 640 in
2600 590 2805 639 tantam
2836 580 3198 639 humilitatem
3239 595 3300 639 se
3350 580 3574 638 demisit
3602 627 3617 647 ,

311 690 479 760 ἔφυγε
520 688 586 743 τδ
633 691 698 743 ιν
739 687 931 755 λόγοις
974 686 1171 741 ἑαυτοῦ
1202 685 1488 755 φαίνεσθαι
1532 682 1917 758 μετριώτερος.

316 784 376 837 Εἰ
429 782 526 852 μὲν
577 775 677 834 οὖν
733 780 799 833 οὐ
856 778 1080 849 γέγονεν
1112 777 1421 849 ἄνθρωπος,
1466 776 1920 849 περιαπτὲτωσάν

317 889 460 936 τινες
498 870 579 940 τῷ
628 870 798 939 Λόγῳ
824 871 899 923 τά
936 868 1169 922 ταπεινά
1200 868 1445 940 ῥήματα,
1479 868 1575 922 καὶ
1610 866 1920 934 λεγέτωσαν

321 964 481 1020 αὑτὸν
514 963 617 1018 καὶ
646 962 870 1030 ἀγνοεῖν
900 961 995 1016 καὶ
1032 960 1194 1031 δόξης
1241 960 1486 1031 χρῄζειν,
1532 959 1627 1012 καὶ
1668 955 1920 1028 δέχεσθαί

322 1073 372 1108 τι
422 1052 581 1126 παρά
627 1053 723 1107 τοῦ
767 1052 997 1124 Πατρός.
1054 1052 1119 1107 El
1176 1050 1235 1104 δὲ
1324 1050 1550 1119 γέγονεν
1606 1048 1918 1120 ἄνθρωπος,

324 1145 569 1199 εστωσαν
628 1144 730 1212 τῆς
763 1142 1187 1213 ἀνθρωπότητος
1221 1141 1278 1193 αἱ
1329 1141 1530 1211 φωναὶ,
1579 1140 1677 1193 καὶ
1728 1138 1919 1210 μηδεὶς

319 1235 737 1307 συκοφαντείτω
762 1235 857 1287 τὸν
882 1233 977 1288 τοῦ
1013 1232 1149 1287 Θεοῦ
1172 1232 1365 1302 Λόγον,
1392 1231 1470 1295 ὡς
1500 1232 1601 1285 οὐκ
1638 1231 1830 1302 ἔχοντα
1856 1229 1918 1282 τὸ

325 1329 556 1395 τέλειον,
600 1326 790 1398 ὥσπερ
842 1327 869 1380 6
916 1326 1144 1397 Πατήρ·
1200 1324 1337 1396 μηδὲ
1386 1322 1657 1395 ὐὸριζέτω
1711 1321 1774 1376 τὸ
1822 1320 1918 1375 τοῦ

325 1419 462 1475 Θεοῦ
495 1419 725 1491 γνήσιον
755 1417 1024 1489 γέννημα.

1015 1530 1216 1585 ΑΛΛΟ.

394 1626 509 1697 Οὐχ
535 1626 565 1679 6
585 1622 680 1677 τοῦ
706 1622 842 1678 Θεοῦ
870 1624 1061 1692 Λόγος,
1150 1622 1322 1691 Λόγος
1344 1622 1481 1689 ἐστὶ,
1515 1620 1795 1687 δοξάζεται
1825 1620 1919 1673 καὶ

317 1715 543 1787 δέχεταί
582 1732 635 1768 τι
668 1713 939 1785 παράτοῦ
973 1713 1206 1783 Πατρός,
1248 1713 1281 1783 ἢ
1311 1715 1407 1767 καὶ
1444 1712 1729 1781 ἁγιάζεται
1750 1753 1765 1778 ,
1802 1712 1916 1766 ἀλλ’

332 1808 487 1878 ἡμεῖς
512 1807 573 1861 δν
606 1806 774 1875 αὐτῷ’
812 1806 908 1859 καὶ
928 1805 996 1858 δι’
1028 1806 1175 1875 ἡμᾶς
1204 1807 1325 1868 ταῖς
1349 1804 1626 1868 τοιαύταις
1665 1804 1826 1868 αὑτός
1857 1822 1917 1856 τε

2014 692 2129 733 non
2160 675 2447 732 abhorruit
2481 674 2550 729 ab
2583 672 2895 743 huiusmodi
2930 671 3214 729 moderato
3246 681 3409 743 atque
3437 672 3620 728 humi-

2024 769 2161 825 liore
2190 766 2451 838 loquendi
2485 780 2702 838 genere.
2752 767 2823 821 At
2857 779 2990 821 vero
3024 765 3070 822 si
3102 764 3267 820 homo
3297 765 3473 819 lactus
3514 780 3618 818 non

2023 868 2149 927 est,
2199 861 2440 915 tribuant
2476 858 2721 914 nonnulli
2759 856 2939 913 Verbo
2988 856 3224 911 humiles
3282 856 3417 910 istas
3461 854 3611 909 locu-

2025 955 2222 1015 tiones,
2258 950 2554 1019 dicantque
2581 950 2757 1019 ipsum
2792 956 2847 1002 et
2900 948 3156 1019 ignorare
3180 988 3195 1014 ,
3232 955 3288 1001 et
3334 942 3508 1017 gloria
3538 945 3621 998 in-

2023 1042 2229 1112 digere,
2273 1048 2438 1111 atque
2463 1040 2667 1112 aliquid
2700 1054 2730 1095 a
2764 1040 2930 1095 Patre
2957 1040 3226 1108 accipere.
3274 1037 3385 1093 Sed
3432 1038 3479 1092 si
3532 1034 3619 1089 fa-

2025 1140 2172 1187 ctum
2196 1142 2280 1187 est
2304 1133 2488 1194 homo,
2514 1132 2622 1186 sint
2644 1131 2761 1186 haec
2783 1130 2949 1185 verba
2972 1130 3229 1185 humanas
3247 1137 3459 1183 naturae
3485 1141 3618 1181 cnn-

2022 1222 2294 1277 venientia
2330 1237 2343 1274 :
2374 1228 2431 1276 et
2454 1236 2617 1275 nemo
2650 1219 3021 1276 calumnietur
3062 1216 3304 1273 Verbum
3339 1216 3456 1282 Dei,
3484 1227 3609 1271 tan-

2020 1324 2184 1380 quam
2216 1324 2325 1365 non
2352 1310 2643 1365 habentem
2666 1323 2789 1364 eam
2813 1307 3229 1379 perfectionem,
3256 1321 3421 1377 quam
3450 1303 3617 1361 habet

2021 1400 2183 1457 Pater
2212 1416 2226 1453 :
2262 1416 2441 1472 neque
2465 1416 2597 1458 vero
2630 1401 2727 1457 Dei
2753 1400 2891 1456 Filio
2909 1400 3307 1457 contumeliose
3334 1399 3615 1455 insultent.

2694 1512 2927 1569 ALIUD.

2075 1604 2316 1663 Verbum
2352 1606 2472 1673 Dei,
2530 1614 2803 1677 quatenus
2844 1607 3080 1663 Verbum
3126 1615 3231 1674 est,
3289 1622 3463 1679 neque
3502 1607 3617 1680 glo-

2021 1702 2180 1764 riam,
2206 1712 2381 1770 neque
2410 1698 2555 1753 aliud
2585 1698 2883 1769 quidquam
2916 1713 2946 1752 a
2978 1698 3141 1754 Patre
3173 1699 3395 1769 accipit,
3440 1712 3619 1770 neque

2020 1791 2437 1858 sanctiﬁcatur;
2480 1792 2576 1846 sed
2608 1806 2708 1847 nos
2739 1792 2792 1846 in
2822 1792 2943 1863 ipso
2982 1808 2998 1847 :
3039 1801 3094 1846 et
3120 1801 3344 1861 propter
3387 1806 3512 1858 nos,
3562 1802 3620 1849 et

327 1900 605 1969 ἔχρησατο
631 1900 857 1967 φωναῖς,
886 1898 979 1949 καὶ
1030 1898 1064 1967 ἠ
1117 1896 1236 1948 θεία
1286 1896 1479 1967 Γραφὴ
1524 1895 1749 1950 τοιαῦτά
1797 1914 1917 1949 τινα

2032 1883 2139 1954 ipse
2164 1881 2500 1951 ejuscemodi
2526 1882 2710 1937 verbis
2760 1882 2976 1950 utitur,
3026 1892 3083 1938 et
3128 1897 3286 1939 sacra
3334 1881 3617 1954 Scriptura

326 1990 629 2061 λέγειπερὶ
666 1988 854 2045 αὑτοῦ.
897 1989 959 2042 Εί
1002 1989 1132 2059 γάρ,
1174 1988 1359 2052 καθὼς
1395 1988 1600 2042 οῖονταί
1631 2006 1795 2054 τινες,
1836 1991 1917 2052 είς

2032 1975 2156 2031 talia
2184 1978 2433 2046 quasdam
2478 1974 2547 2029 de
2587 1973 2705 2045 ipso
2737 1974 2890 2030 dicit.
2946 1974 3006 2029 Si
3044 1975 3215 2040 enim,
3271 1986 3332 2030 ut
3373 1976 3621 2032 nonnulli

334 2082 413 2136 ιδν
442 2082 539 2136 τοῦ
570 2080 706 2136 Θεοῦ
731 2082 904 2150 Λόγον
941 2081 1237 2150 ἀναφέρειν
1274 2080 1378 2151 χρὴ
1416 2082 1484 2133 τά
1514 2080 1759 2145 τοιαῦτα,
1788 2081 1917 2149 ὁρά-

325 2189 507 2227 τωσαν
546 2173 621 2244 μὴ
682 2173 777 2225 καὶ
817 2172 909 2225 τὸν
956 2172 1050 2243 τῆς
1096 2172 1391 2243 ἐπιδημίας
1429 2174 1629 2244 τρόπον
1672 2172 1916 2226 ποιοῦσιν

326 2260 515 2329 ἀργὸν,
548 2260 645 2313 κα)⁸
677 2261 773 2331 τῆς
805 2259 957 2331 παρὰ
987 2260 1122 2314 Θεοῦ
1152 2262 1371 2333 χάριτος
1401 2261 1605 2334 ἔρημον
1635 2264 1789 2335 ἡμῶν
1819 2262 1918 2335 τὴν

325 2350 489 2418 φύσιν
524 2350 994 2404 ἀποδεικνύουσιν.
1050 2352 1110 2404 Et
1141 2352 1248 2421 γάρ
1275 2353 1303 2405 6
1337 2352 1510 2421 Λόγος
1540 2354 1687 2406 ἐστὶν
1709 2356 1737 2407 6
1762 2352 1917 2419 δοξα-

328 2439 478 2503 σθεὶς
519 2440 614 2494 καὶ
643 2440 930 2508 ἀγιασθεὶς
955 2440 1097 2494 κατὰ
1125 2441 1224 2511 τὴν
1263 2440 1515 2511 θεότητα,
1555 2442 1685 2495 ποία
1724 2443 1916 2511 γέγονε

325 2531 437 2593 τοῖς
486 2528 801 2601 ἀνθρώποις
852 2532 886 2599 ἡ
934 2530 1141 2600 όνησις,
1194 2534 1259 2583 ὲκ
1306 2529 1403 2583 τοῦ
1456 2530 1708 2598 γενέσθαι
1756 2532 1918 2584 αὑτὸν

318 2619 615 2692 ἄνθρωπον
641 2635 657 2685 ;
698 2620 951 2673 Φαίνεται
977 2619 1085 2690 γὰρ
1124 2620 1288 2682 αὐτὸς
1325 2620 1565 2682 ἀναστὰς
1594 2621 1658 2672 ὲκ
1687 2620 1915 2689 νεκρῶν,

324 2712 422 2783 οὐχ
444 2713 631 2783 ἡμεῖς.
664 2711 729 2765 Τί
768 2712 825 2765 δὲ
854 2712 1019 2767 αὐτὸν
1061 2712 1247 2764 ἔπεισε
1284 2711 1539 2781 γενέσθαι
1570 2714 1661 2766 καὶ
1699 2714 1914 2784 σάρκα;

326 2804 389 2857 Et
444 2804 548 2874 μὲν
604 2803 735 2875 γάρ,
780 2802 867 2857 ἵνα
916 2804 1017 2875 τὴν
1064 2803 1355 2875 ἀνθρώπου
1411 2803 1574 2874 φύσιν
1635 2805 1916 2877 ὠφελήσῃ.

328 2895 497 2967 ἀργὸν
550 2897 674 2948 κατ’
726 2895 971 2959 ἐκείνους
1015 2895 1077 2948 τὸ
1123 2895 1495 2966 ὲπιχείρημα’
1546 2895 1699 2949 οὐδὲν
1738 2896 1847 2969 γὰρ
1885 2898 1918 2967 ὴ

330 2986 466 3059 σάρξ
493 2985 841 3057 ὠφεληθεῖσα
868 2987 1142 3056 φαίνεται,
1180 2986 1320 3041 ἀλλά
1356 2987 1557 3057 μᾶλλον
1597 2988 1781 3051 αὐτός.
1811 2990 1921 3041 Καὶ

328 3080 375 3130 εί
420 3079 510 3131 ὅτε
546 3076 772 3145 γέγονεν
826 3075 1135 3148 ἄνθρωπος,
1170 3076 1292 3129 τότε
1326 3075 1576 3145 φαίνεται
1623 3077 1717 3130 καὶ
1761 3075 1920 3141 δόξαν

326 3168 533 3234 λαϐὼν,
567 3169 663 3222 καὶ
698 3167 992 3239 ἀγιασμὸν,
1026 3169 1120 3221 καὶ
1149 3168 1417 3235 ἐξουσίαν,
1445 3169 1540 3221 καὶ
1567 3168 1663 3222 ὅσα
1694 3168 1920 3222 τοιαῦτα

329 3262 557 3331 φέρεται
612 3261 741 3331 περὶ
788 3258 979 3323 αὑτοῦ,
1033 3259 1298 3331 πρόδηλόν
1346 3262 1493 3312 ἐστιν
1540 3261 1621 3313 δτι
1671 3260 1777 3331 πρὸ
1823 3261 1923 3330 τῆς
1952 3292 1999 3355 c

328 3351 624 3421 ἐπιδημίας
638 3348 846 3402 τούτων
873 3349 1079 3419 ἔρημος
1111 3347 1208 3414 ὢν,
1229 3350 1350 3402 κατ’
1367 3350 1629 3416 ἐκείνους,
1658 3349 1922 3421 λαμϐάνει

327 3443 503 3497 ταῦτα
546 3442 690 3496 κατά
718 3440 807 3495 τὸν
844 3440 945 3512 τῆς
996 3441 1293 3511 ἐπιδημίας
1343 3442 1554 3511 καιρόν.
1608 3442 1783 3512 Χάριν
1831 3436 1923 3495 οὖν

320 3534 663 3607 ’όμολογείτω
701 3536 772 3606 τῇ
813 3534 1000 3600 σαρκὶ,
1045 3532 1269 3603 βελτίων
1308 3532 1665 3603 ἀναδειχθεὶς,
1696 3536 1786 3587 ὅτε
1820 3549 1922 3586 πε-

324 3626 563 3700 φόρεκεν
588 3626 777 3697 αὐτὴν,
808 3625 870 3678 οὐ
902 3622 1198 3694 βελτιώσας
1219 3623 1410 3694 αὑτήν.
1446 3623 1585 3677 Ἀλλ’
1621 3622 1738 3679 ἐστι
1765 3623 1923 3678 τοῦτο

324 3719 424 3772 καὶ
472 3719 695 3788 φρονεῖν
742 3715 837 3769 καὶ
870 3716 1051 3785 λέγειν
1087 3714 1535 3769 δυσσεϐέστατον.
1582 3716 1925 3788 Ἐπεδήμησε

330 3810 440 3881 γὰρ
488 3810 580 3862 ἵνα
625 3808 826 3881 δοξάσῃ
853 3807 945 3861 τὸν
997 3806 1285 3879 ἄνθρωπον
1320 3808 1415 3860 καὶ
1468 3808 1690 3882 ἁγιάσῃ.
1746 3809 1859 3879 Οὐχ
1896 3808 1926 3861 6

328 3901 506 3969 Λόγος
532 3900 641 3971 ἀρα
670 3900 818 3953 εστὶν
846 3901 875 3953 6
902 3898 1191 3969 δεχόμενός
1219 3914 1308 3952 τι·
1340 3899 1545 3963 τέλειος
1575 3900 1704 3971 γάρ,
1736 3898 1925 3972 ὥσπερ

331 3993 425 4047 καὶ
456 3994 487 4045 6
527 3992 800 4063 γεννήσας
828 3990 1011 4045 αὐτόν.
1060 3991 1201 4044 Ἀλλ’
1239 3993 1403 4063 ἡμεῖς
1434 3994 1491 4047 ἐν
1532 3994 1681 4065 αὐτῷ
1708 3994 1923 4065 λαμϐά-

313 4098 520 4153 νομεν,
554 4082 642 4135 ὅτε
692 4080 791 4153 τὴν
828 4082 1105 4155 ἡμετέραν
1164 4083 1389 4154 ἑφόρεσε
1440 4086 1623 4153 σάρκα
1652 4100 1664 4113 ·
1706 4086 1783 4149 ὡς
1823 4086 1932 4159 γάρ

330 4174 667 4239 ἀναστάντος
683 4175 872 4241 αὑτοῦ,
894 4176 1055 4246 ἡμεῖς
1073 4173 1399 4248 ἀνέστημεν,
1422 4179 1510 4231 καὶ
1529 4178 1933 4249 ἀναϐεϐηκότος

332 4267 502 4322 αὑτοῦ
536 4267 724 4331 πάλιν,
774 4269 855 4331 εις
894 4268 1161 4338 οὐρανοὺς
1194 4270 1323 4341 ἡμῖν
1372 4272 1406 4341 ἡ
1436 4269 1621 4334 ἄνοδος
1659 4271 1935 4326 ἀνεκαινί-

336 4358 439 4431 σθη
465 4375 479 4388 ο
524 4357 699 4423 οὕτως
734 4358 829 4413 καὶ
865 4356 1183 4425 δοξάζεσθαι
1228 4361 1324 4415 καὶ
1353 4361 1935 4434 ἀγιάζεσθαιλεγομέ-

337 4466 455 4516 νου,
496 4451 661 4520 ἡμεῖς
690 4451 856 4520 ἰσμεν
885 4450 934 4504 οί
968 4449 1175 4504 τούτων
1208 4450 1594 4517 ἀπολαύοντες.

2025 2068 2341 2137 opinantur,
2369 2064 2443 2120 ad
2468 2063 2707 2120 Verbum
2745 2065 2837 2120 Dei
2867 2064 3203 2134 ejuscemodi
3233 2066 3379 2119 dicta
3420 2063 3619 2121 referri

2026 2157 2247 2219 debent,
2274 2156 2580 2211 videantne
2608 2156 3045 2211 incarnationem
3078 2156 3252 2225 ipsam
3272 2156 3507 2212 otiosam
3532 2157 3618 2213 in-

2028 2246 2460 2317 frugil‘eramque
2497 2244 2723 2311 faciant,
2778 2252 2833 2300 et
2869 2254 3120 2300 naturam
3157 2256 3400 2301 nostram
3445 2228 3621 2317 gratia

2027 2338 2121 2393 Dei
2150 2353 2376 2394 vacuam
2410 2337 2707 2393 declarent.
2759 2334 2897 2391 Nam
2928 2338 2975 2392 si
3026 2336 3265 2393 Verbum
3308 2349 3418 2405 est,
3474 2339 3620 2408 quod

2027 2433 2080 2488 in
2110 2446 2210 2488 sua
2246 2431 2447 2487 deitate
2487 2428 2849 2501 gloriﬁcatum
2900 2438 2959 2485 et
3004 2428 3407 2485 sanctificatum
3452 2430 3623 2503 228

2026 2535 2133 2591 est,
2174 2526 2303 2597 quid
2348 2525 2563 2581 fructus
2609 2533 2701 2580 aut
2750 2522 3103 2579 emolumenti
3148 2524 3463 2580 hominibus
3496 2524 3623 2582 inde

2026 2620 2260 2675 accessit
2287 2619 2435 2688 quod
2464 2617 2640 2671 factus
2662 2614 2736 2669 sit
2763 2614 2973 2669 homo?
3002 2613 3120 2683 lpse
3150 2614 3295 2669 enim
3320 2628 3351 2669 e
3389 2613 3623 2670 mortuis

2028 2711 2399 2767 resurrexisse
2442 2709 2679 2773 videtur,
2731 2721 2840 2762 non
2887 2715 3071 2760 autem
3132 2721 3255 2761 nos.
3303 2706 3445 2773 Quid
3488 2721 3623 2765 vero

2028 2803 2205 2872 ipsum
2238 2802 2409 2857 movit
2436 2809 2495 2854 ut
2526 2799 2681 2855 fieret
2707 2790 2913 2853 homo?
2946 2796 3080 2852 Nam
3114 2799 3185 2863 si,
3230 2807 3288 2853 ut
3320 2798 3618 2855 humanam

2028 2902 2278 2949 naturam
2302 2892 2541 2964 juvaret,
2604 2890 2783 2945 inanis
2809 2899 2914 2955 est,
2962 2891 3119 2957 juxta
3151 2888 3293 2957 illos,
3332 2890 3419 2945 hic
3459 2905 3625 2947 cona-

2030 2993 2161 3039 tus:
2206 2991 2400 3037 natura
2428 2981 2575 3036 enim
2608 2979 2793 3051 adjuta
2821 2995 2929 3035 non
2979 2979 3147 3035 fuisse
3194 2982 3461 3048 cernitur,
3525 2983 3624 3039 sed

2029 3076 2146 3145 ipse
2185 3075 2400 3145 potius;
2451 3081 2506 3127 et
2552 3073 2621 3138 si,
2674 3073 2896 3142 quando
2931 3070 3107 3127 factus
3152 3082 3237 3127 est
3271 3073 3455 3141 homo,
3510 3085 3625 3131 tum

2028 3167 2191 3223 etiam
2223 3166 2453 3237 gloriam
2489 3163 2769 3234 accepisse
2795 3171 2850 3217 et
2880 3164 3396 3231 sanctificationem,
3429 3175 3484 3220 et
3521 3181 3619 3237 po-

2028 3266 2306 3323 testatem,
2357 3265 2413 3313 et
2444 3256 2549 3310 alia
2582 3270 2705 3325 quae
2756 3255 2858 3323 ipsi
2907 3256 3227 3309 tribuuntur
3252 3296 3267 3320 ,
3321 3260 3570 3313 cernitur
3604 3274 3618 3311 :

2031 3350 2385 3405 manifestum
2442 3357 2530 3404 est
2575 3346 2779 3417 ipsum,
2807 3346 2968 3416 juxta
3018 3347 3236 3401 illorum
3288 3350 3625 3420 opinionem,

2030 3450 2157 3497 ante
2184 3440 2619 3497 incarnationem
2652 3439 2719 3494 iis
2749 3454 2981 3493 vacuum
3013 3438 3208 3508 fuisse,
3256 3451 3311 3496 et
3362 3454 3474 3497 tum
3510 3445 3623 3514 pri-

2030 3549 2178 3589 mum
2208 3548 2332 3588 cum
2362 3546 2585 3588 carnem
2639 3531 2959 3600 assumpsit,
3016 3546 3079 3587 ea
3109 3535 3408 3604 accepisse.
3462 3537 3625 3593 Carni

2031 3625 2198 3696 igitur
2218 3634 2503 3693 acceptum
2538 3622 2703 3691 ferat,
2729 3624 2872 3694 quod
2911 3638 3008 3693 per
3039 3625 3157 3696 ejus
3191 3629 3625 3697 assumptionem

2032 3716 2227 3771 melior
2252 3715 2324 3771 sit
2345 3713 2593 3782 eﬂ‘ectus,
2621 3730 2725 3771 non
2762 3731 2891 3772 vero
2920 3716 3093 3787 ipsam
3118 3718 3399 3775 meliorem
3423 3720 3625 3779 eﬂece-

2032 3811 2123 3864 rit.
2152 3807 2319 3877 Atqui
2350 3807 2455 3862 hoc
2474 3817 2531 3861 et
2554 3806 2795 3877 cogitatu
2820 3816 2874 3861 et
2896 3808 3043 3863 dictu
3070 3810 3297 3880 impium
3318 3822 3423 3867 est.
3451 3814 3629 3871 lncar-

2030 3906 2191 3955 natus
2214 3896 2357 3951 enim
2377 3904 2461 3951 est
2484 3903 2541 3950 ut
2564 3897 2839 3953 hominem
2862 3897 3198 3962 gloriﬁcaret
3224 3912 3281 3956 et
3305 3906 3621 3961 sanctiﬁca-

2032 3987 2386 4045 ret.Verbum
2406 3990 2613 4059 itaque,
2652 4000 2923 4059 quatenus
2938 3990 3201 4061 Verbum,
3223 3994 3356 4049 nihil
3378 3999 3625 4066 accepit:

2036 4080 2341 4153 perfectum
2392 4081 2537 4136 enim
2566 4090 2671 4149 est,
2718 4084 3182 4152 quemadmodum
3206 4096 3262 4141 et
3295 4086 3487 4146 Pater.
3519 4088 3628 4148 Sed

2035 4190 2135 4231 nos
2158 4176 2211 4229 in
2247 4174 2367 4245 ipso
2403 4174 2725 4243 accipimus,
2751 4176 2969 4241 quando
3002 4191 3226 4233 carnem
3261 4191 3505 4236 nostram
3529 4200 3626 4253 ge-

2035 4265 2241 4320 Stavit:
2277 4264 2423 4319 sicut
2449 4266 2595 4319 enim
2622 4280 2743 4320 cum
2774 4265 2890 4336 ipse
2940 4269 3263 4335 resurrexit,
3314 4286 3415 4327 nos
3460 4276 3627 4329 etiam

2036 4356 2479 4422 resurreximus;
2542 4370 2777 4426 cumque
2838 4358 2953 4427 ipse
3006 4374 3224 4414 rursum
3273 4366 3525 4419 ascendit
3572 4366 3627 4423 in

2037 4447 2227 4513 cmlos,
2270 4460 2531 4503 ascensus
2570 4447 2727 4505 nobis
2785 4458 2871 4505 est
2930 4449 3267 4510 instauratus
3311 4472 3324 4508 :
3376 4455 3447 4510 ita
3505 4472 3628 4513 cum

341 4543 457 4612 ipse
495 4543 790 4615 gloriﬁcari
847 4554 903 4600 et
963 4544 1299 4602 sanetillcari
1355 4548 1576 4615 dicitur,
1632 4564 1731 4605 nos
1760 4548 2137 4620 signiﬁcantur
2166 4544 2319 4600 hisce
2351 4544 2516 4600 rebus
2536 4542 2666 4599 frui.

337 4724 544 4786 ΔΔΛΟ.
572 4722 671 4799 *δι’
697 4717 789 4799 οὗΔ
819 4722 1127 4799 δεξκηυται
1168 4726 1421 4799 σαφῶς,
1451 4727 1603 4797 ἅπερ
1643 4724 1808 4799 εἶχεν
1855 4730 1923 4795 ὡς

2040 4718 2429 4799 Λιιυί),⁸ᾳιιο
2488 4720 2767 4799 manifeste
2812 4722 3113 4777 attenditur
3163 4740 3284 4799 quia
3336 4727 3520 4784 habuit
3571 4740 3629 4786 ut

555 4793 724 4861 Θεὸς,
757 4792 835 4847 δι’
869 4792 1027 4865 ἡμᾶς
1055 4795 1239 4852 αἰτῶν
1260 4792 1718 4867 ’ὠςίᾶνθρώποςζ

408 4954 576 5022 Λέγει
633 4969 736 5007 που
788 4953 1059 5025 Χριστός·
1117 4974 1136 5007 ι
1180 4956 1385 5029 Πάτερ,
1431 4957 1657 5023 δόξασόν
1698 4976 1793 5013 σου
1840 4958 1933 5014 τὸν

339 5046 493 5102 Υιόν.
541 5065 561 5097 ι
593 5045 703 5099 Καὶ
731 5045 924 5100 πάλιν·
969 5062 989 5097 t
1029 5045 1215 5100 Πάντα
1254 5064 1346 5117 μοι
1377 5050 1649 5121 παρεδόθη
1693 5050 1799 5105 ὑπὸ
1834 5051 1933 5105 τοῦ

340 5138 576 5210 Πατρός.
622 5156 642 5189 ι
678 5136 790 5192 Καὶ
825 5136 965 5208 μετά
1007 5136 1105 5208 τὴν
1150 5138 1480 5193 ἀνάστασιν·
1526 5160 1546 5193 ι
1598 5142 1780 5213 Ἐδόθη
1816 5160 1929 5214 μοι,

342 5230 497 5301 φησι,
528 5228 682 5283 πᾶσα
703 5223 923 5293 ἐξουσία
950 5229 1009 5281 ἂν
1034 5228 1252 5299 οὐρανῷ
1281 5230 1375 5287 καὶ
1408 5231 1504 5284 ἐπὶ
1548 5232 1672 5303 γῆς.
1711 5252 1730 5285 ι
1773 5234 1935 5288 Ἀλλά

340 5320 615 5375 δείκνυται
662 5320 759 5373 καὶ
803 5320 935 5391 πρὶν
989 5320 1140 5391 αὐτῷ
1190 5323 1562 5395 παραδοθῆναι
1609 5327 1681 5379 τά
1733 5328 1933 5394 πάντα,

344 5413 563 5467 πάντων
596 5411 674 5465 ὣν
707 5412 935 5485 Κύριος.
970 5413 1169 5483 Γέγονε
1202 5414 1312 5487 γάρ
1340 5416 1411 5469 τά
1448 5418 1625 5472 πάντα
1652 5420 1720 5473 δι’
1743 5420 1930 5489 αὑτοῦ,

343 5505 436 5558 καὶ
474 5506 504 5557 6
554 5504 863 5577 Ψαλμφδδς
914 5504 973 5558 δὲ
1018 5505 1180 5559 δοῦλα
1228 5506 1324 5560 τοῦ
1366 5511 1727 5582 πεποιηκότος
1780 5512 1935 5575 εἰδὼς

344 5593 482 5647 αὺτά
516 5593 688 5661 λέγει,
730 5594 812 5648 δτι
845 5613 866 5646 ι
897 5594 977 5649 re
1020 5594 1310 5667 σύμπαντα
1355 5598 1517 5653 δοῦλα
1566 5602 1653 5656 σά.
1699 5622 1716 5654 ι
1756 5603 1934 5657 Λίτῶν

343 5684 400 5737 δὲ
418 5685 575 5750 δόξαν
602 5686 876 5756 φαίνεται,
908 5687 1087 5742 καίτοι
1112 5688 1211 5758 τῆς
1239 5689 1396 5762 δόξης
1418 5690 1494 5745 ὢν
1522 5694 1741 5765 Κύριος.
1778 5696 1934 5750 Οὕτω

345 5774 450 5847 γὰρ
481 5779 510 5831 6
541 5775 757 5841 Παῦλος
789 5776 942 5847 ἔλεγε
988 5780 1115 5852 περί
1165 5798 1351 5849 τινων,
1378 5784 1573 5856 ὅτιπερ
1605 5802 1623 5837 ι
1670 5786 1735 5841 Et
1768 5786 1933 5857 ἔγνω-

2264 4790 2429 4857 Deus,
2487 4790 2705 4861 petiisse
2732 4804 2951 4863 propter
2979 4811 3075 4850 nos
3126 4790 3185 4851 ut
3223 4796 3403 4853 homo.

2113 4968 2368 5026 Christus
2391 4968 2595 5025 alicubi
2624 4969 2841 5040 inquit:
2876 4991 2895 5024 ι
2935 4972 3115 5042 Pater,
3157 4974 3398 5042 gloriﬂca
3433 4978 3629 5037 Filium

2039 5068 2189 5113 tuum
2216 5048 2287 5111 ἶί.
2325 5077 2345 5111 ι
2378 5058 2446 5114 Et
2476 5073 2707 5115 rursus:
2745 5078 2765 5113 ι
2802 5060 2996 5117 Omnia
3047 5064 3179 5120 mihi
3210 5070 3409 5123 tradita
3440 5082 3568 5126 sunt
3600 5090 3631 5128 a

2035 5150 2200 5206 Patre
2236 5151 2302 5203 η.
2344 5169 2363 5202 ι
2419 5150 2488 5205 Et
2540 5161 2667 5220 post
2716 5155 3176 5212 resurrectionem
3220 5176 3233 5212 :
3292 5179 3311 5213 ι
3366 5161 3501 5217 Data
3550 5177 3634 5221 est

2035 5244 2168 5298 mihi
2229 5250 2474 5314 potestas
2522 5244 2663 5300 etin
2716 5246 2858 5301 ccelo
2893 5247 3027 5303 etin
3076 5256 3223 5304 terra
3280 5252 3345 5307 ".
3406 5271 3425 5305 ι
3466 5255 3630 5326 Atqui

2033 5336 2197 5391 etiam
2242 5346 2533 5407 antequam
2590 5338 2667 5393 illi
2714 5341 3064 5396 traderentur
3100 5344 3323 5410 omnia,
3382 5351 3630 5405 omnium

2038 5425 2299 5483 Dominus
2328 5439 2465 5484 erat.
2499 5427 2692 5485 Omnia
2720 5431 2865 5487 enim
2890 5446 2990 5502 per
3021 5434 3200 5504 ipsum
3232 5435 3373 5491 facta
3404 5452 3533 5495 sunt
3563 5444 3631 5510 “,

2036 5525 2089 5570 et
2119 5515 2407 5572 Psaltnista
2426 5519 2609 5574 sciens
2631 5520 2814 5575 omnia
2841 5534 2963 5577 esse
2992 5538 3152 5577 serva
3170 5524 3476 5593 Creatoris,
3513 5529 3626 5585 ait:

2044 5626 2062 5661 ι
2101 5608 2295 5663 Omnia
2330 5610 2578 5664 serviunt
2604 5610 2699 5665 tibi
2738 5610 2804 5665 “.
2840 5630 2860 5663 ι
2897 5611 3034 5667 Cum
3064 5628 3196 5671 vero
3220 5616 3451 5687 gloriam
3470 5621 3631 5689 petit,

2036 5700 2219 5769 gloria:
2247 5700 2507 5755 Dominus
2539 5716 2661 5757 esse
2688 5704 2956 5762 cernitur.
3011 5704 3089 5759 lta
3137 5708 3284 5761 enim
3318 5707 3523 5765 Paulus
3564 5713 3633 5766 de

2037 5791 2358 5861 quibusdam
2405 5792 2566 5859 dixit,
2652 5795 2797 5865 quod
2858 5813 2879 5847 ι
2930 5795 2978 5851 si
3033 5798 3440 5869 cognovissent,
3520 5817 3629 5858 nou

413 5932 455 5969 “
484 5931 645 5995 Joan.
680 5948 822 6008 xm,
854 5935 907 5993 1.
986 5937 1029 5973 ⁸³
1057 5936 1248 5999 Matth.
1282 5955 1355 6012 xi,
1384 5940 1475 5998 27.
1558 5943 1600 5977 ³³
1628 5941 1823 6001 Matth.
1853 5960 1923 6003 xx

2032 5986 2047 6017 ,
2084 5947 2169 6006 18.
2252 5948 2294 5981 ’⁵
2334 5946 2492 6010 Joau.
2523 5950 2635 6018 1,3.
2716 5949 2758 5985 "
2786 5952 2931 6013 Psal.
2965 5966 3159 6022 cxvm,
3200 5954 3288 6011 Ol.
