3992 6520
345 484 453 541 587

1337 467 1396 522 S.
1437 462 1713 521 CYRILLI
1749 459 2214 516 ALEXANDRINI
2254 458 2571 514 ARCIIIEP.

3506 448 3610 503 τεο

347 600 533 669 utique
561 593 848 650 Dominum
876 586 1062 659 gloria:
1110 582 1513 639 cruciﬁxissent
1560 582 1631 635 “.
1686 598 1704 631 ι
1762 577 1945 646 Quod,

2052 576 2266 640 ἀν,οὑκ
2329 575 2395 629 ἂν
2439 576 2530 626 τὸν
2575 570 2781 642 Κύριον
2818 569 2919 640 τῆς
2947 569 3121 639 ’δόξης
3161 569 3544 639 ἐσταύρωσαν.
3586 588 3605 621 ι

347 696 530 746 autem
581 696 871 753 antequam
937 679 1165 751 gloriam
1214 689 1242 730 a
1290 675 1451 729 Patre
1503 680 1744 743 peteret,
1802 684 1921 725 eam

346 778 619 842 habuerit,
658 783 719 830 ut
751 774 942 836 Filius,
980 772 1093 839 ipse
1129 766 1415 822 manifeste
1461 766 1638 829 docet,
1685 763 1873 817 dicens
1905 778 1920 814 :

352 889 371 923 ι
406 870 590 933 Pater,
628 864 870 938 gloriﬂca
893 862 1087 918 Filium
1110 869 1254 912 tuum
1281 872 1344 912 ea
1372 855 1541 926 gloria
1564 869 1725 922 quam
1755 853 1925 908 habe—

349 964 470 1017 bam
486 961 626 1029 apud
647 969 697 1012 te
709 966 834 1011 ante
851 949 1286 1009 constitutionem
1309 947 1516 1001 mundi.
1532 943 1617 1000 iSi
1645 959 1771 999 vero
1789 942 1927 996 fate-

352 1060 442 1103 tur
469 1063 528 1103 se
547 1048 745 1102 habere
770 1044 997 1115 gloriam
1026 1050 1152 1094 ante
1173 1039 1527 1093 constitutum
1558 1037 1815 1091 mundum
1839 1076 1854 1099 ,
1874 1041 1929 1089 et

349 1155 495 1196 nunc
514 1154 631 1192 eam
644 1138 859 1207 petitut
889 1149 994 1188 non
1024 1134 1249 1195 habens,
1275 1138 1460 1185 nostra
1489 1143 1651 1184 causa
1684 1128 1735 1181 id
1762 1127 1926 1191 facit;

353 1247 410 1290 et
434 1244 621 1289 nostra
660 1230 713 1282 in
750 1229 866 1298 ipso
925 1224 1065 1280 facta
1087 1232 1173 1279 est
1197 1222 1411 1292 petitio,
1445 1234 1676 1289 poscens
1699 1217 1928 1288 gloriam

351 1321 603 1375 humana:
635 1326 841 1370 naturae
864 1312 1121 1368 conferri.
1177 1310 1315 1365 Cum
1365 1318 1545 1363 autem
1583 1317 1706 1379 post
1749 1320 1931 1362 resur—

352 1414 649 1468 rectionem
680 1408 812 1461 dicit
843 1424 856 1460 :
889 1424 907 1457 r
945 1405 1076 1459 Data
1106 1413 1191 1459 est
1227 1403 1359 1457 mihi
1394 1410 1674 1472 potestas;
1717 1417 1736 1451 ι
1764 1400 1930 1454 etiam

356 1513 483 1559 ante
513 1500 966 1555 resurrectionem
998 1511 1118 1550 eam
1173 1494 1429 1549 habuisse
1483 1492 1750 1564 cernitur.
1798 1488 1931 1544 Nam

354 1595 399 1648 si
432 1609 535 1647 non
561 1591 771 1656 habuit,
796 1604 905 1658 quo
925 1597 1082 1656 pacto
1104 1586 1349 1655 increpat
1370 1582 1670 1649 diabolum,
1699 1583 1889 1637 dicens
1917 1597 1931 1635 :

363 1702 382 1735 ι
424 1682 571 1737 Vade
618 1691 789 1746 retro,
824 1677 1024 1731 Satana
1060 1676 1141 1730 "7
1187 1693 1205 1727 ι
1251 1686 1347 1729 aut
1386 1675 1657 1744 quomodo
1708 1673 1935 1744 largitus

358 1785 443 1830 est
468 1771 745 1842 discipulis
779 1778 1101 1839 potestatem
1132 1768 1183 1821 in
1215 1768 1487 1822 dientones
1514 1766 1785 1836 M229
1803 1781 1937 1834 quo-

358 1865 519 1920 modo
546 1867 709 1918 tiliam
739 1862 1004 1926 Abrahar,
1053 1872 1110 1914 ut
1150 1860 1411 1929 scriptum
1463 1868 1582 1923 est,
1637 1862 1858 1928 ligatam
1904 1872 1934 1912 a

2027 666 2149 719 Ὅτι
2196 666 2253 720 δὲ
2286 666 2381 719 καὶ
2423 664 2550 733 πρὶν
2599 662 2821 732 αἰτῆσαι
2856 661 3006 730 παρὰ
3044 660 3256 730 [ἰατρὸς
3310 659 3412 731 τὴν
3453 660 3611 725 δόξαν

2026 751 2171 827 εἶχεν
2198 756 2272 818 ὡς
2310 754 2457 819 Υἱὸς,
2486 752 2649 814 αὐτὸς
2690 751 2928 804 διδάσκει
2966 750 3155 819 σαφῶς
3188 750 3401 816 λέγων’
3441 767 3459 801 r
3502 750 3613 802 Πά-

2026 865 2146 920 τερ,
2187 846 2412 914 δόξασόν
2463 862 2559 899 σου
2615 845 2706 898 τὸν
2753 843 2879 899 Υἱὸν
2914 846 2980 914 τῇ
3024 843 3152 913 δόξῃ
3277 838 3445 913 εἶχον,
3510 840 3615 910 πρὸ

2027 943 2122 995 τοῦ
2155 942 2246 995 τὸν
2292 944 2494 1011 κόσμον
2537 938 2694 1003 εἶναι,
2731 939 2881 1009 παρὰ
2928 938 3031 992 σοί.
3078 958 3097 991 ι
3144 939 3207 993 Ei
3257 938 3314 992 δὲ
3362 934 3617 1009 ὁμολογεῖ

2032 1036 2130 1106 μὲν
2164 1033 2306 1105 ἔχειν
2337 1034 2431 1087 καὶ
2469 1033 2577 1103 πρὸ
2614 1032 2705 1085 τοῦ
2754 1032 2963 1100 κόσμου
3006 1030 3107 1101 τὴν
3155 1030 3335 1095 δόξαν.
3370 1031 3515 1085 αίτεῑ
3556 1029 3612 1082 δὲ

2028 1125 2125 1180 νῦν
2155 1124 2323 1196 αὐτὴν
2355 1125 2431 1188 ὡς
2459 1126 2559 1178 οὐκ
2608 1123 2768 1193 ἔχων,
2799 1122 2867 1175 δι’
2916 1124 3066 1194 ἡμᾶς
3094 1121 3204 1192 ἄρα
3244 1121 3403 1175 τοῦτο
3435 1124 3609 1176 ποιεῖ·

2030 1217 2127 1271 καὶ
2169 1216 2326 1287 ἡμῶν
2369 1217 2427 1267 ὲν
2456 1214 2605 1284 αὐτῷ
2632 1216 2855 1283 γέγονεν
2896 1214 2929 1283 ἡ
2962 1213 3201 1283 αἴτησις,
3232 1210 3474 1266 καλοῦσα
3516 1210 3615 1280 τὴν

2030 1306 2187 1371 δόξαν
2216 1309 2295 1370 είς
2322 1306 2419 1376 τὴν
2464 1304 2754 1375 ἀνθρώπου
2786 1303 2967 1372 φύσιν.
2999 1303 3191 1373 Λέγων
3236 1304 3293 1357 δὲ
3329 1304 3467 1374 μετά
3516 1303 3616 1370 τὴν

2032 1397 2352 1463 ἀνάστασιν,
2400 1413 2418 1445 ι
2469 1394 2656 1465 Ἐδόθη
2698 1412 2788 1465 μοι
2837 1396 2989 1448 πᾶσα
3019 1392 3272 1460 ἐξουσία,
3323 1413 3341 1446 ι
3380 1394 3472 1447 καὶ⁵
3512 1392 3619 1462 πρὸ

2033 1492 2134 1559 τῆς
2166 1488 2518 1551 ἀναστάσεως
2566 1480 2766 1557 ταύτην
2798 1486 2936 1556 ἔχων
2987 1487 3255 1554 φαίνεται.
3292 1487 3355 1539 Εἰ
3384 1486 3493 1555 γάρ
3542 1485 3619 1557 μὴ

2033 1577 2169 1653 εἶχε,
2210 1580 2327 1645 πῶς
2366 1580 2604 1649 ἐπετίμα
2652 1580 2729 1650 τῷ
2780 1578 3012 1648 διαϐόλῳ
3066 1576 3274 1645 λέγων’
3327 1596 3346 1629 ι
3398 1577 3620 1643 ’Ὕπαγε

2034 1676 2210 1731 όπίσω
2262 1694 2395 1747 μου,
2428 1676 2671 1743 iuvavi;
2712 1694 2728 1727 ι
2764 1673 2882 1739 πῶς
2924 1675 2979 1727 δὲ
3011 1678 3120 1739 τοῖς
3161 1674 3434 1744 μαθηταῖς
3479 1675 3622 1727 κατὰ

2034 1770 2303 1841 δαιμόνων
2358 1769 2638 1840 ἐχαρίζετο
2702 1769 2802 1838 τὴν
2873 1766 3152 1832 ὲξουσίαν;
3222 1766 3340 1829 πῶς
3401 1765 3459 1818 δὲ
3524 1766 3623 1836 τὴν

2052 1860 2303 1931 ’Λϐραὰμ
2336 1859 2635 1928 θυγατέρα,
2670 1856 2814 1911 καθά
2840 1858 3170 1927 γέγραπται,
3201 1855 3490 1925 δεδεμένην
3519 1854 3625 1907 ὑπὸ

360 1952 574 2008 diabolo
623 1962 679 2003 ut
719 1957 994 2020 potestate
1041 1949 1302 2018 prteditus
1368 1948 1533 2003 solvit
1565 1948 1649 2001 "?
1698 1957 1793 2001 aut
1833 1964 1939 2018 quo

2052 1951 2133 2005 τοῦ
2188 1950 2432 2004 διαϐόλου
2480 1950 2555 2011 ὡς
2609 1948 2858 2013 ἐξουσίαν
2920 1948 3059 2017 ἔχων
3116 1946 3304 2000 ἔλυσεν
3350 1946 3548 2011 αὑτός;
3591 1946 3623 2016 ἢ

359 2056 523 2112 pacto
569 2042 873 2112 paralytico
917 2040 1205 2096 sanitatem
1251 2039 1483 2095 Contulit
1518 2040 1609 2093 ὀἳ
1664 2041 1941 2110 quomodo

365 2133 585 2189 mulieri
636 2130 929 2202 peccatrici
976 2139 1199 2199 peccata
1256 2130 1472 2187 remisit
1523 2130 1616 2184 υτ
1672 2132 1941 2200 quomodo

360 2236 610 2281 mortuos
644 2224 988 2279 resuscitavit
1010 2223 1097 2276 “2
1144 2222 1306 2277 caecis
1361 2223 1535 2277 visum
1574 2222 1811 2276 restituit
1855 2221 1943 2275 "1

364 2315 715 2372 laurifestum
754 2315 936 2383 itaque
967 2323 1051 2367 est
1082 2312 1229 2367 illunt
1262 2312 1444 2367 verbis
1468 2311 1545 2366 uti
1580 2327 1703 2380 qua:
1733 2313 1941 2369 homini

362 2407 710 2469 conveniant,
742 2419 848 2459 non
871 2404 1098 2475 quando
1122 2412 1240 2458 erat
1262 2402 1497 2458 Verbum
1516 2410 1670 2456 extra
1700 2417 1940 2470 carnem,

362 2504 458 2557 sed
488 2500 701 2571 quando
738 2498 911 2553 factus
938 2506 1023 2552 est
1070 2496 1229 2551 homo
1264 2494 1442 2548 Patris
1480 2494 1621 2549 dona
1663 2494 1819 2547 nobis
1851 2508 1946 2561 pe-

369 2602 513 2648 tens.
552 2589 627 2645 lta
660 2590 804 2645 enim
844 2587 1077 2643 dicimur
1126 2588 1293 2641 etiam
1332 2585 1528 2640 divinae
1572 2595 1779 2639 naturae
1816 2583 1945 2637 facti

374 2698 497 2739 esse
538 2682 832 2753 participes
864 2680 934 2742 ",
994 2694 1114 2733 cum
1168 2677 1402 2731 Verbum
1454 2685 1695 2729 nostram
1742 2675 1948 2729 humili-

368 2783 535 2830 tatem
558 2773 822 2841 suscepit,
868 2779 926 2824 ut
964 2785 1061 2824 nos
1100 2771 1165 2822 ad
1204 2783 1358 2822 suam
1400 2767 1774 2823 celsitudinem
1826 2780 1949 2820 eve—

369 2864 488 2928 hat,
529 2871 718 2915 nonut
752 2862 865 2930 ipse
909 2859 1048 2912 infra
1103 2868 1337 2923 maneat,
1384 2857 1526 2911 sicut
1580 2873 1700 2911 nos.
1747 2856 1950 2910 Idcirco

370 2956 518 3014 enim
548 2969 671 3007 cum
705 2967 894 3006 sumus
924 2962 1115 3005 natura
1140 2950 1386 3004 homines
1414 2989 1429 3014 ,
1464 2950 1538 3003 dii
1596 2965 1856 3004 vocamur
1878 2948 1947 3012 ",

370 3053 568 3114 qutppe
602 3045 690 3112 qui
733 3044 835 3097 hoc
884 3042 937 3096 in
984 3042 1209 3097 Christo
1250 3042 1465 3094 simus:
1511 3041 1763 3095 Christus
1808 3045 1950 3094 enim

372 3136 516 3191 Deus
551 3143 655 3191 est.

1046 3245 1274 3302 ALIUD.

2042 2040 2160 2103 πῶς
2205 2039 2557 2109 παραλυτικῷ
2607 2038 2707 2110 τὴν
2751 2040 2963 2108 ὑγίειαν
3012 2038 3345 2110 ὲχαρίσατο;
3399 2037 3515 2101 πῶς
3560 2039 3625 2106 τῇ

2042 2133 2263 2203 γυναικὶ
2291 2135 2356 2203 τῇ
2385 2130 2695 2202 ἁμαρτωλῷ
2722 2132 2822 2192 τὰς
2856 2130 3132 2201 ἁμαρτίας
3174 2131 3362 2200 ὴφίει;
3400 2131 3629 2200 νεκροὺς

2040 2223 2099 2278 δὲ
2130 2223 2248 2286 πῶς
2278 2225 2502 2293 ἡγειρες
2532 2222 2748 2290 τυφλῶν
2781 2221 2838 2274 δὲ
2863 2221 2981 2284 πῶς
3016 2221 3253 2291 ἀνέῳξεν
3282 2221 3627 2291 όφθαλμούςς

2043 2314 2213 2385 Δῆλον
2262 2310 2356 2367 οὖν
2392 2312 2642 2367 ἐντεῦθέν
2686 2314 2859 2379 ἐστιν,
2905 2314 2986 2366 ὅτι
3033 2312 3134 2377 τάς
3177 2311 3451 2384 ἀνθρώπῳ
3497 2329 3632 2383 πρε-

2044 2402 2255 2467 πούσας
2299 2403 2448 2472 λέγει
2497 2403 2703 2472 φωνὰς,
2759 2404 2858 2472 οὐχ
2905 2403 2995 2457 ὅτε
3030 2403 3205 2471 Λόγος
3252 2398 3321 2474 ἦν
3377 2403 3484 2473 ’πρὸ
3532 2402 3632 2471 τῆς

2045 2493 2341 2564 ἐπιδημίας
2373 2493 2478 2559 ἔξω
2513 2494 2714 2565 σαρκός
2741 2508 2756 2524 '
2786 2494 2901 2547 ἀλλ’
2934 2494 3022 2547 ὅτε
3056 2496 3278 2563 γέγονεν
3321 2495 3632 2565 ἄνθρωπος,

2047 2586 2126 2647 εἰς
2160 2586 2307 2655 ἡμᾶς
2343 2583 2524 2638 καλῶν
2550 2585 2647 2648 τὰς
2677 2586 2826 2657 παρὰ
2854 2586 2947 2639 τοῦ
2976 2587 3188 2659 Πατρός
3216 2588 3442 2660 δωρεάς.
3476 2587 3634 2641 Οὕτω

2047 2677 2155 2747 γὰρ
2186 2676 2457 2744 λεγόμεθα
2508 2678 2602 2729 κα)⁵
2633 2676 2784 2740 θείας
2829 2678 3043 2747 φύσεως
3077 2680 3329 2748 γενέσθαι
3361 2681 3633 2741 κοινωνοὶ,

2050 2768 2142 2822 τοῦ
2160 2769 2337 2837 Λόγου
2359 2770 2687 2839 φορέσαντος
2712 2771 2809 2840 τὴν
2836 2772 2991 2840 ἡμῶν
3021 2773 3371 2836 ταπείνωσιν,
3398 2771 3465 2823 ἶν’
3488 2774 3638 2841 ἡμᾶς

2052 2859 2305 2929 ἁναγάγῃ
2326 2861 2456 2929 πρὸς
2480 2861 2540 2913 τὸ
2577 2860 2709 2930 ﬁcio;
2736 2862 2795 2913 τὸ
2824 2862 3040 2925 ἑαυτοῦ,
3064 2865 3161 2933 οὐχ
3186 2865 3271 2917 ἵνα
3301 2852 3457 2937 μείνῃ
3485 2865 3639 2916 κάτω

2057 2947 2316 3017 καθάπερ
2362 2952 2547 3018 ἡμεῖς.
2582 2953 2678 3004 Διὰ
2724 2950 2831 3022 γὰρ
2878 2952 3034 3005 τοῦτο
3084 2956 3177 3005 καὶ
3219 2954 3493 3023 ἅνθρωποι
3536 2954 3641 3025 τὴν

2052 3039 2214 3106 φύσιν
2245 3041 2415 3105 ὅντες,
2450 3042 2563 3095 θεοὶ
2592 3044 3030 3116 χρηματίζομεν,
3055 3044 3129 3108 ὡς
3165 3045 3317 3107 ὄντες
3357 3048 3449 3098 καὶ
3479 3046 3639 3099 τοῦτο

2053 3131 2113 3181 ὲν
2153 3132 2399 3201 Χριστιῖγ
2432 3134 2561 3197 Θεὸς
2593 3135 2699 3205 γὰρ
2726 3137 2753 3188 ὁ
2781 3137 3036 3206 Χριστός.

2746 3248 2947 3301 ΑΛΛΟ.

448 3338 506 3394 Si
542 3339 763 3395 humilia
793 3340 1040 3408 quaedam
1084 3341 1247 3393 verba
1277 3352 1395 3407 qua:
1424 3336 1571 3391 carni
1604 3336 1945 3399 conveniunt,

2126 3334 2189 3387 Εἰ
2218 3334 2285 3387 τὰ
2311 3336 2411 3405 τῆς
2446 3337 2644 3406 σαρκὸς
2682 3338 2913 3390 ταπεινᾶ
2954 3339 3177 3409 ῥήματα
3208 3344 3270 3410 τῇ
3301 3338 3513 3410 θεότητι
3542 3339 3638 3394 τοῦ

376 3430 616 3485 nonnulli
672 3430 939 3483 divinitati
980 3429 1139 3484 Verbi
1196 3430 1467 3482 ascribere
1499 3438 1801 3482 conantur:
1834 3444 1953 3482 cum

377 3522 614 3576 viderint
658 3522 935 3576 Christum
984 3535 1084 3589 per
1128 3536 1342 3574 carnem
1381 3521 1637 3574 miracula
1684 3522 1953 3584 edentem,

377 3612 504 3680 quid
544 3611 767 3665 dicent?
813 3612 947 3665 Cum
978 3611 1144 3665 'enim
1194 3626 1260 3664 ex
1296 3611 1459 3663 saliva
1492 3621 1545 3664 et
1592 3621 1733 3664 terra
1782 3612 1952 3664 lutum

377 3703 726 3766 confecisset,
762 3718 961 3755 crecum
1008 3718 1074 3757 eo
1110 3703 1320 3754 curavit
1353 3720 1364 3755 :
1394 3714 1615 3755 extensa
1660 3719 1843 3767 manu,
1880 3704 1955 3757 fe-

378 3804 630 3862 retroque
660 3805 801 3848 tacto
833 3795 1006 3848 viduae
1041 3796 1208 3848 ﬁlium
1258 3796 1595 3865 unigenitum
1636 3797 1952 3862 suscitavit;

378 3896 512 3937 vocc
543 3884 703 3936 etiam
731 3898 826 3952 per
856 3898 1053 3952 corpus
1084 3885 1224 3937 edita
1256 3882 1523 3937 Lazarum
1555 3900 1584 3939 e
1608 3898 1957 3941 monumento

380 3976 646 4028 evocavit.
687 3973 812 4027 Haec
844 3975 986 4028 enim
1020 3976 1257 4042 prmstita
1293 3989 1419 4028 sunt
1451 3992 1546 4043 per
1585 3991 1829 4041 carnem,
1866 3978 1957 4031 sed

381 4081 486 4118 non
539 4074 695 4119 erant
745 4080 908 4135 opera
958 4067 1161 4119 carnis.
1194 4067 1654 4132 Quemadmodum
1708 4069 1871 4136 igitur
1916 4069 1960 4124 si

382 4166 631 4211 naturam
666 4157 741 4210 rei
776 4156 1122 4224 aspiciamus,
1158 4172 1224 4212 ex
1253 4159 1554 4213 divinitatis
1587 4162 1633 4214 vi
1666 4176 1729 4215 ac
1761 4161 1959 4215 virtute

382 4261 603 4313 operum
657 4247 985 4315 ejuscemodi
1040 4257 1291 4302 eventum
1343 4252 1697 4318 aestimamus,
1746 4254 1957 4307 tametsi

383 4354 482 4407 per
516 4354 736 4392 carnem
770 4339 910 4392 facta
943 4340 1089 4394 sint:
1127 4342 1199 4393 ita
1232 4342 1448 4409 quando
1488 4353 1705 4412 propter
1741 4360 1960 4398 carnem

382 4428 678 4483 humanum
709 4431 909 4499 aliquid
954 4430 1105 4495 dicit,
1138 4447 1242 4487 non
1284 4433 1390 4486 Deo
1421 4432 1599 4489 Verbo
1627 4436 1679 4488 id
1719 4438 1961 4490 ascriba-

385 4535 547 4585 mus;
590 4522 681 4573 sed
711 4538 829 4575 cum
862 4521 913 4573 id
945 4536 972 4573 a
1009 4522 1294 4575 divinitate
1330 4524 1564 4579 alienum
1604 4541 1725 4581 csse
1761 4527 1962 4583 videri-

2058 3422 2233 3491 Λόγου
2261 3426 2597 3494 προσάπτειν
2628 3428 2964 3498 ἐπιχειροῦσί
2990 3447 3155 3495 τινες,
3182 3433 3307 3484 ὅταν
3338 3432 3487 3484 fama:
3511 3434 3643 3485 θαυ-

2063 3516 2480 3585 ματοισργοῦντα
2518 3520 2751 3589 Χριστὸν
2793 3521 2879 3574 διὰ
2928 3523 3029 3591 τῆς
3072 3524 3290 3591 σαρκὸς,
3341 3525 3391 3577 τί
3426 3526 3642 3595 ἐροῦσιν

2059 3606 2449 3675 ἄρα;11τύσας
2496 3611 2593 3678 μὲν
2639 3610 2747 3680 γὰρ
2796 3614 2889 3664 καὶ
2939 3616 3171 3684 ποιήσας
3219 3616 3407 3688 πηλὸν,
3452 3619 3644 3689 ἐθερά-

2059 3716 2226 3751 πευσε
2260 3699 2348 3752 τὸν
2374 3702 2572 3769 τυφλόν
2597 3719 2609 3729 ·
2650 3704 2895 3765 ἐκτείνας
2942 3705 2997 3756 δὲ
3042 3709 3142 3777 τὴν
3168 3711 3342 3779 ίχεῖρα
3370 3711 3463 3762 καὶ
3503 3712 3645 3777 άψά-

2064 3808 2220 3859 μενος
2257 3792 2358 3862 τῆς
2386 3792 2567 3863 σοροῦ,
2596 3794 2682 3846 τὸν
2716 3797 2980 3865 μονογενῆ
3014 3797 3112 3867 τῆς
3142 3802 3314 3871 χήρας
3345 3802 3643 3872 ἀνέστησεν

2060 3883 2205 3933 υἱόν·
2257 3884 2439 3954 φωνὴν
2483 3884 2538 3936 δὲ
2592 3887 2750 3954 ἀφεὶς
2804 3888 2891 3941 διὰ
2939 3888 3031 3941 τοῦ
3073 3890 3343 3960 σώματος,
3392 3894 3497 3959 ἔξω
3549 3894 3642 3946 τοῦ

2066 3976 2343 4044 μνήματος
2396 3977 2619 4029 ἐκάλεσε
2669 3980 2759 4031 τὸν
2809 3981 3077 4053 Λάζαρον.
3147 3982 3332 4034 Ταῦτα
3384 3985 3481 4052 μὲν
3534 3986 3645 4055 γὰρ

2062 4063 2294 4117 ἐτελεῖτο
2326 4066 2413 4118 διὰ
2448 4068 2544 4137 τῆς
2580 4070 2801 4138 σαρκὸς,
2847 4072 2959 4124 ἀλλ’
2987 4073 3084 4124 οὐκ
3128 4068 3194 4142 ἦν
3241 4073 3378 4143 ἔργα
3416 4078 3641 4144 σαρκός.

2064 4154 2273 4224 Ὠσπερ
2300 4152 2392 4208 οὖν
2418 4158 2497 4220 εἰς
2524 4159 2622 4228 τὴν
2651 4159 2808 4227 φύσιν
2842 4162 2935 4213 τοῦ
2970 4164 3292 4231 πράγματος
3332 4163 3640 4233 βλέποντες,

2062 4249 2126 4315 τῇ
2142 4247 2367 4317 δυνάμει
2382 4249 2479 4319 τῆς
2499 4250 2750 4322 θεότητος
2774 4250 2871 4324 τὴν
2888 4254 2994 4307 τῶν
3010 4257 3466 4326 ἀποτελεσμάτων
3487 4260 3647 4312 ἔκϐα-

2066 4354 2148 4390 σιν
2176 4338 2521 4410 λογιζόμεθα,
2555 4346 2602 4395 εἰ
2630 4345 2722 4397 καὶ
2750 4346 2837 4397 διὰ
2867 4348 2965 4416 τῆς
2990 4347 3190 4419 σαρκὸς
3214 4350 3447 4416 ἐγένετο·
3474 4351 3647 4414 οὕτως

2064 4424 2191 4478 ὅταν
2207 4426 2293 4479 διὰ
2307 4426 2404 4498 τὴν
2424 4431 2600 4499 σάρκα
2626 4431 2759 4504 λέγῃ
2774 4450 2823 4485 τι
2851 4435 2946 4486 καὶ
2960 4436 3320 4506 ἀνθρώπινον,
3339 4441 3413 4510 μὴ
3431 4441 3505 4511 τῷ
3530 4442 3648 4511 Θεῷ

2064 4516 2220 4588 Λόγῳ
2257 4520 2414 4572 τοῦτο
2456 4525 2879 4594 προσάπτωμεν,
2908 4527 3045 4580 ἀλλὰ
3076 4529 3172 4599 τῆς
3203 4528 3456 4599 θεότητος
3491 4534 3649 4587 ἁλλό-

387 4623 530 4678 mus,
564 4608 631 4661 ad
667 4622 884 4663 carnem
922 4609 1244 4663 referamus.
1272 4611 1347 4665 lta
1381 4616 1521 4667 enim
1556 4614 1766 4684 singula
1798 4617 1945 4684 ipsiua

2067 4628 2215 4681 τριον
2244 4612 2477 4683 ὁρῶντες
2519 4617 2671 4679 αὐτὸ,
2714 4620 2969 4689 φέρωμεν
3001 4622 3091 4675 ἐπὶ
3120 4623 3218 4693 τὴν
3260 4624 3457 4695 σάρκα.
3494 4629 3649 4682 Οὕτω

387 4696 525 4752 facta
562 4699 645 4751 vel
696 4699 837 4752 dicta
888 4700 940 4754 in
991 4714 1146 4753 suum
1188 4700 1366 4755 locum
1410 4704 1726 4771 referentes,
1777 4721 1957 4762 veram

386 4788 715 4857 minimeque
748 4802 1030 4845 erroneam
1062 4790 1371 4849 Servatoris
1399 4797 1565 4852 nostri
1597 4797 1959 4867 cognitionem

385 4892 800 4949 consequemur.

897 5083 1127 5150 ALlUD,
1159 5090 1439 5143 narrative.

458 5173 622 5229 Sacra
706 5174 987 5246 Scriptura
1053 5194 1218 5232 unum
1298 5178 1573 5235 Christum
1648 5184 1956 5251 praedicat:

389 5284 408 5316 ι
441 5264 591 5322 Unus
637 5268 779 5321 enim
831 5270 969 5325 Deus
1014 5268 1193 5335 Pater,
1232 5280 1286 5325 ct
1336 5288 1475 5327 unus
1508 5272 1767 5331 Dominus
1806 5275 1961 5332 Jesus

385 5358 640 5413 Christus
664 5361 731 5414 “.
775 5379 795 5411 ι
857 5361 989 5417 Nam
1057 5377 1122 5418 ex
1199 5363 1451 5431 operibus
1510 5380 1630 5435 qua:
1692 5369 1791 5423 soli
1850 5368 1960 5425 Deo

386 5451 740 5516 conveniunt,
792 5451 932 5508 Deus
970 5454 1337 5523 cognoscitur.
1369 5452 1505 5509 Cum
1552 5456 1694 5510 enim
1725 5455 1962 5514 Verbum

385 5555 514 5595 caro
547 5540 769 5611 factum,
807 5555 863 5599 ut
887 5546 1150 5614 scriptum
1180 5556 1265 5599 est
1285 5546 1353 5611 ’⁷,
1383 5546 1548 5602 homo
1577 5561 1789 5619 quoque
1815 5553 1961 5606 cerni

461 5719 503 5750 “
533 5719 549 5771 l
580 5719 701 5774 Cor.
736 5733 795 5783 ll,
835 5718 888 5772 8.
970 5718 1011 5749 "
1033 5717 1197 5773 Marc.
1236 5735 1355 5787 vm,
1397 5721 1487 5775 55.

388 5860 436 5895 ”
475 5860 513 5915 ll
550 5856 766 5928 [νου-ξι,
795 5859 849 5916 4.
926 5859 971 5891 ’⁸
1009 5856 1217 5917 lJoau.
1258 5856 1339 5928 tn,
1376 5862 1430 5915 l.

1567 5721 1610 5754 “
1650 5722 1838 5781 Matth.
1880 5726 2006 5788 x,8.

394 5790 587 5870 ξιιρΖ
617 5805 765 5870 seqq.
807 5790 887 5870 _“
922 5788 1287 5870 ibid._ll-l7;
1332 5807 1446 5870 vnit,
1481 5791 1680 5870 41-33
1722 5793 1877 5849 Joau.
1911 5811 1985 5857 ιι,
2019 5798 2041 5850 1
2078 5814 2230 5870 seqq.

1509 5863 1553 5894 "
1583 5863 1602 5918 Ι
1641 5867 1767 5919 Cor.
1802 5880 1916 5932 vm,
1950 5872 2003 5922 6.

2068 4704 2177 4771 γὰρ
2220 4703 2448 4757 ἕκαστον
2495 4706 2603 4759 τῶν
2648 4711 3109 4783 γινομένωνηῆτοι
3163 4713 3471 4785 λεγομένων
3520 4719 3648 4788 παρ’

2068 4792 2253 4860 αὐτοῦ,
2304 4793 2492 4865 ὥσπερ
2540 4798 2598 4848 ἐν
2638 4796 2717 4867 τῷ
2766 4799 2880 4869 ἰδίῳ
2933 4801 3081 4871 τόπῳ
3133 4803 3397 4871 τιθέντες,
3437 4806 3647 4878 ἁπλανῆ

2066 4883 2165 4955 τὴν
2215 4885 2469 4955 περὶτοῦ
2520 4882 2771 4959 Σωτῆρος
2817 4891 2973 4961 ἡμῶν
3002 4893 3203 4963 γνῶσιν
3244 4896 3461 4967 ἔχοντες
3502 4899 3650 4970 εὑρι-

2069 4976 2329 5046 σκόμεθα.

2499 5093 2685 5150 ΑΛΛΟ
2700 5137 2715 5160 ,
2761 5096 3218 5168 διηγηματικῶς.

2143 5181 2281 5236 Ἕνα
2310 5184 2543 5253 Χριστὸν
2569 5188 2932 5259 κηρύττουσιν
2958 5192 3013 5242 αἱ
3044 5190 3183 5243 θεῖαι
3224 5192 3437 5261 Γραφαί
3458 5209 3470 5221 θ
3501 5212 3518 5243 ι
3554 5189 3649 5257 Εἷς

2067 5273 2178 5345 γὰρ
2202 5276 2334 5339 Θεὸς
2356 5280 2383 5330 ό
2406 5278 2617 5350 Πατὴρ.
2651 5282 2745 5332 καὶ
2766 5275 2846 5344 εἷς
2868 5281 3071 5351 Κύριος
3106 5282 3311 5353 Ἰησοῦς
3338 5284 3596 5355 Χριστός.
3625 5304 3643 5336 ι

2082 5368 2215 5422 Ἀπὸ
2241 5369 2340 5440 μὲν
2366 5370 2475 5440 γὰρ
2501 5371 2611 5425 τῶν
2647 5372 2823 5441 ἔργων
2851 5373 2982 5438 τῶν,
3019 5374 3118 5427 ὅσα
3144 5375 3343 5445 πρέπει
3391 5376 3538 5446 μόνῳ
3571 5375 3649 5445 τῷ
3738 5364 3743 5369 ’

2066 5462 2206 5531 Θεῷ,
2243 5463 2569 5534 γνωρίζεται
2600 5466 2753 5530 Θεός.
2811 5466 3030 5538 Ἐπειδὴ
3078 5468 3134 5521 δὲ
3179 5468 3359 5539 σάρκα
3388 5469 3649 5536 γεγονότα

2066 5552 2161 5607 τὸν
2187 5554 2379 5623 Λόγον,
2408 5556 2552 5614 καθὰ
2591 5560 2924 5629 γέγραπται,
2960 5558 3040 5612 δεῖ
3075 5560 3169 5612 καὶ
3196 5559 3482 5631 ἄνθρωπον
3523 5560 3648 5629 φαί-

2087 5729 2129 5761 "
2165 5728 2683 5805 Matthaxvﬂﬁ-BS.
2760 5736 2803 5767 ὀ
2831 5733 3022 5789 Matth.
3051 5735 3181 5797 “,2
3215 5750 3367 5805 seqq.
3450 5734 3643 5793 "Luc.

2342 5804 2387 5834 ’³
2422 5806 2612 5879 illatth.
2654 5823 2744 5873 xx,
2785 5809 2855 5863 50
2882 5822 3079 5878 scqq.;
3116 5806 3271 5864 Joan.
3298 5804 3396 5876 ιχ,
3436 5809 3460 5863 1
3491 5823 3643 5879 seqq.

2082 5871 2123 5900 "
2151 5872 2309 5928 Joan.
2353 5889 2392 5940 ι,
2434 5874 2519 5928 14.
