3992 6470
448 430 548 488 3M

1466 425 1528 483 S.
1568 424 1843 483 CYRILLI
1884 421 2358 481 ALEXANDRINI
2396 420 2711 479 ARCHIEP.

3596 428 3707 482 39‘}

448 542 846 607 existimamus,
885 536 1009 593 fleat
1054 545 1110 595 ut
1159 537 1342 604 homo,
1376 537 1670 607 timeatque
1705 548 1758 593 et
1795 544 2018 592 mortem

2124 532 2215 585 λοῦ
2247 532 2343 596 τὰς
2366 530 2617 592 τοιαύτας
2650 530 2899 603 εἰρῆσθαι
2927 532 3256 603 πιστεύομεν
3286 532 3487 602 φωνὰς,
3524 536 3705 591 κλαιέ-

452 640 801 706 expavescat,
837 631 1037 699 (latque
1073 630 1244 686 tristis
1283 639 1338 685 et
1372 630 1640 693 turbetur,
1669 630 1881 698 aliaque
1906 644 2021 682 om-

2124 642 2203 677 τω
2252 626 2349 694 μὲν
2421 625 2497 686 ὡς
2548 623 2870 693 ἄνθρωπος,
2930 625 3022 678 καὶ
3070 626 3342 695 φοϐείσθω
3395 629 3561 683 πάλιν
3612 632 3706 683 καὶ

448 728 537 781 nia
568 725 829 795 patiatur,
864 736 982 792 qua
1006 732 1063 777 et
1099 722 1214 792 ipsa
1245 722 1480 776 humana
1510 731 1700 774 natura
1726 722 1830 789 pati
1868 720 2018 774 solet.

2124 713 2374 787 δειλιάτω
2416 715 2506 768 τὸν
2548 714 2801 779 θάνατον,
2846 716 2940 770 καὶ
2980 717 3213 785 γινέσθω
3250 718 3565 790 περίλυπος,
3611 725 3707 775 καὶ

448 818 506 874 Si
548 830 676 870 vero
704 817 842 871 Deus
866 816 926 875 in
952 829 1116 869 carne
1153 823 1293 879 erat,
1323 824 1374 866 ct
1401 811 1620 881 quidem
1657 821 1796 878 erat,
1828 820 1882 866 et
1918 826 2021 865 non

448 910 627 971 aliter,
648 922 810 978 quem
844 908 1026 961 timeat
1057 904 1235 960 Deus?
1271 904 1328 959 Si
1363 920 1486 959 vere
1513 904 1645 960 dicit
1671 922 1684 958 :
1714 921 1733 954 ι
1763 903 1873 974 Ego
1905 918 2021 957 sum

450 1003 559 1055 vita
586 1002 653 1065 ⁸⁸,
686 1019 705 1052 ι
740 999 1013 1069 quomodo
1047 1006 1275 1052 mortem
1328 997 1480 1051 timet
1522 996 1669 1049 vita?
1717 996 1775 1051 Si
1815 996 1950 1051 alios
1991 1010 2022 1050 a

451 1100 622 1146 morte
660 1089 1022 1152 conservavit,
1075 1089 1342 1157 quomodo
1385 1088 1502 1157 ipse
1546 1088 1722 1140 timuit
1758 1085 2023 1141 mortem?

451 1181 731 1247 Quomodo
778 1181 969 1235 timent
1009 1189 1262 1243 mortem,
1296 1178 1388 1247 qui
1428 1174 1719 1245 discipulos
1767 1178 1832 1229 ad
1864 1174 2022 1231 forti-

453 1272 714 1336 tudinem,
766 1270 1069 1340 mortisque
1126 1278 1491 1337 contemptum
1545 1268 1880 1333 cohortatur,
1937 1268 2019 1321 di-

450 1380 579 1421 cens
619 1384 632 1419 :
670 1383 689 1417 ι
728 1364 905 1419 Nolite
956 1366 1147 1420 timere
1195 1379 1290 1419 eos
1344 1364 1437 1433 qui
1485 1364 1740 1418 occidunt
1784 1375 2018 1430 corpus,

450 1456 689 1511 animam
718 1465 897 1511 autem
928 1470 1031 1510 non
1057 1465 1279 1525 possunt
1310 1454 1562 1510 occidere
1582 1453 1663 1506 "i
1693 1472 1712 1505 ι
1741 1452 2022 1519 Quomodo

450 1549 567 1617 ipse
617 1548 719 1602 hoc
771 1548 998 1612 timeat,
1051 1548 1096 1603 si
1138 1546 1373 1601 Abraha:
1414 1547 1656 1601 animum
1706 1547 1890 1611 addit,
1939 1545 2020 1599 di-

450 1657 579 1699 cens
610 1659 623 1695 :
658 1660 676 1694 ι
712 1640 789 1695 Ne
822 1628 1034 1706 timeas,
1079 1640 1207 1710 quia
1234 1649 1410 1694 tecum
1444 1640 1649 1694 sum".
1686 1657 1704 1690 ι
1739 1638 1796 1692 Si
1838 1636 2018 1692 Mosen

452 1733 711 1789 adversus
742 1730 1086 1793 Pharaonem
1142 1730 1407 1796 incitavit,
1454 1738 1507 1784 et
1553 1729 1619 1783 ad
1663 1727 1828 1783 Josue
1876 1726 2023 1782 Nave

450 1823 620 1878 ﬁlium
652 1824 786 1878 dicit
817 1842 831 1877 :
864 1841 882 1874 ι
917 1821 1239 1877 Confortare
1266 1832 1323 1877 et
1363 1820 1593 1875 viriliter
1621 1835 1720 1890 age
1742 1819 1808 1885 ⁸⁸,
1843 1838 1861 1870 ι
1894 1834 2021 1889 quo-

448 1916 607 1977 modo
636 1916 689 1969 in
723 1915 871 1971 illum
912 1922 1090 1970 metus
1129 1914 1307 1978 cadat,
1344 1924 1565 1984 autquo
1589 1922 1745 1984 pacto
1773 1912 2021 1967 homines

448 2003 647 2069 timuit,
684 2003 774 2073 qui
824 2004 961 2057 alios
993 2004 1059 2057 ad
1108 2002 1471 2072 abjicieudum
1508 2012 1709 2057 metum
1750 2003 2019 2066 hortatur,

446 2091 683 2162 facitque
736 2101 795 2147 ut
833 2091 1072 2148 clament
1106 2110 1118 2144 :
1156 2110 1173 2143 ι
1206 2090 1465 2147 Dominus
1512 2092 1644 2146 mihi
1687 2092 1921 2160 adiutor,
1966 2100 2023 2147 et

447 2198 555 2239 non
602 2183 801 2238 timebo
830 2182 961 2253 quid
993 2181 1156 2236 faciat
1194 2183 1326 2237 mihi
1384 2182 1547 2238 homo
1572 2182 1657 2234 "1'
1685 2202 1704 2234 ι
1741 2182 2021 2249 Quomodo

446 2275 494 2331 is
531 2276 620 2345 qui
656 2276 721 2329 ad
753 2276 856 2331 hoc
896 2276 1063 2339 venit,
1095 2283 1151 2329 ut
1192 2284 1420 2329 mortem
1472 2275 1775 2341 interimat,
1806 2275 1920 2346 ipse
1958 2277 2024 2330 ti-

446 2373 593 2421 meat
655 2365 709 2420 id
758 2373 946 2419 contra
995 2365 1137 2434 quod
1189 2361 1373 2418 venit?
1428 2363 1536 2418 Aut
1596 2366 1865 2435 quomodo
1913 2379 2020 2420 non

442 2466 701 2513 extremae
752 2454 1047 2525 impietatis
1091 2453 1258 2510 fuerit
1304 2458 1506 2523 dicere,
1561 2457 1732 2527 ipsum
1776 2459 2021 2514 timuisse

446 2547 742 2612 infernum,
808 2547 961 2618 cujus
1012 2548 1267 2603 custodes
1324 2550 1390 2602 ad
1444 2547 1618 2617 ipsius
1671 2560 2017 2619 conSpectum

443 2640 787 2710 expaverint,
844 2640 1212 2709 reseratisque
1257 2640 1450 2710 portis,
1510 2640 1734 2710 spiritus
1784 2641 2021 2699 inclusos

443 2732 788 2797 dimiserunt,
818 2730 982 2802 23o
1043 2732 1177 2788 adeo
1207 2741 1265 2786 ut
1308 2731 1459 2787 multi
1494 2744 1804 2788 sanctorum
1840 2736 2021 2789 resur-

445 2824 708 2888 reaerint,
743 2825 1042 2894 urbemque
1088 2823 1339 2895 ingressi,
1384 2834 1440 2879 ut
1476 2825 1735 2894 scriptum
1784 2834 1868 2881 est
1892 2824 1958 2890 ⁸⁸,
1989 2840 2020 2881 a

447 2913 633 2971 multis
666 2915 765 2970 visi
790 2915 939 2969 sint?
970 2916 1250 2982 Quomodo
1285 2916 1462 2971 timuit
1484 2926 1739 2982 mortem,
1766 2918 1857 2986 qui
1894 2919 2019 2972 dum

442 3015 800 3079 quaereretur,
844 3006 981 3061 dixit
1024 3008 1106 3063 eis
1160 3008 1254 3077 qui
1310 3008 1379 3062 ad
1422 3008 1600 3078 ipsum
1663 3010 2019 3079 comprehen-

443 3098 676 3154 dendum
710 3107 1057 3154 accesserant
1086 3116 1099 3153 :
1138 3116 1155 3149 ι
1189 3098 1298 3171 Ego
1329 3114 1446 3154 sum
1470 3099 1556 3153 “1
1587 3118 1607 3153 ι
1643 3100 1918 3168 Quomodo
1954 3103 2020 3157 ti-

2124 809 2495 879 ταραττὲσθω,
2549 809 2643 861 καὶ
2689 810 2789 862 ὅσα
2843 808 3086 877 πέφυκεν
3132 811 3490 881 ἡάνθρὼπου
3541 814 3708 882 φύσις

2126 897 2437 969 ὑπομένειν,
2466 898 2643 953 ταῦτα
2670 899 2763 952 καὶ
2792 900 2972 963 αὑτός.
3003 900 3065 953 El
3089 900 3145 955 δέ
3177 901 3309 966 Θεὸς
3336 899 3403 974 ἦν
3432 906 3489 958 ἐν
3520 907 3704 978 σαρκὶ,

2124 986 2191 1059 ἦν
2221 990 2276 1043 δὲ
2302 990 2479 1055 τοῦτο,
2516 991 2608 1043 καὶ
2638 991 2735 1060 οὐχ
2762 991 2984 1061 ἑτέρως,
3016 992 3137 1046 τίνα
3164 993 3409 1061 φοϐεῖται
3440 995 3605 1060 Θεός;
3644 995 3707 1049 Εἰ

2122 1081 2327 1152 ἀληθὴς
2357 1079 2425 1153 ἦν
2454 1084 2656 1152 λέγων,
2696 1103 2714 1136 ι
2760 1084 2900 1154 Ἐγώ
2939 1087 3054 1156 εἰμι
3095 1088 3128 1157 ἡ
3161 1085 3309 1157 ζωὴ,
3337 1105 3364 1137 ο
3406 1086 3548 1139 κατά
3584 1087 3704 1140 τίνα

2123 1176 2322 1244 τρόπον
2362 1176 2608 1243 φοϐεῖται
2656 1179 2747 1231 τὸν
2780 1177 3010 1232 θάνατον
3051 1180 3082 1249 ὴ
3121 1179 3271 1249 ζωῆς
3323 1181 3383 1232 Εἰ
3417 1180 3609 1244 ἄλλους
3641 1182 3706 1233 ἐκ

2125 1264 2353 1319 θανάτου
2383 1267 2627 1332 διέσωσε,
2652 1268 2766 1331 πῶς
2786 1268 2840 1321 δὲ
2868 1269 3030 1331 αὐτὸς
3062 1269 3307 1338 ἐφοϐεῖτο
3330 1268 3420 1323 τὸν
3448 1270 3701 1334 θάνατον,

2122 1359 2150 1410 6
2181 1359 2306 1420 τοὺς
2345 1359 2592 1428 μαθητὰς
2640 1360 2949 1430 ἐπαλείφων
2998 1363 3078 1424 εἰς
3132 1362 3386 1433 φρόνημα
3430 1364 3701 1427 νεανικὸν,

2122 1446 2216 1499 καὶ
2246 1446 2454 1514 λέγων·
2500 1466 2519 1499 ί
2560 1449 2653 1519 Μὴ
2685 1449 2936 1517 φοϐεῖσθε
2967 1450 3077 1503 ἀπὸ
3119 1451 3228 1503 τῶν
3273 1453 3702 1505 ἀποκτεινόντων

2121 1532 2182 1587 τὸ
2207 1528 2515 1606 σῶμαίτὴν
2543 1536 2599 1590 δὲ
2628 1537 2806 1608 ψυχὴν
2842 1536 2917 1609 μὴ
2945 1538 3260 1608 δυναμένων
3299 1544 3647 1607 ἀποκτεῖναι;
3678 1562 3695 1594 ι

2122 1626 2246 1689 Πῶς
2276 1626 2342 1680 ἂν
2372 1627 2529 1690 αὐτὸς
2552 1628 2799 1698 ἐφοϐεῖτο
2829 1630 2987 1683 τοῦτο
3011 1631 3222 1697 παθεῖν,
3247 1633 3295 1685 εἰ
3314 1633 3405 1686 τὸν
3446 1633 3702 1705 Ἀϐραὰμ

2122 1718 2555 1790 παραθαρσύνει,
2611 1720 2827 1788 λέγων’
2875 1741 2895 1774 ι
2944 1724 3033 1794 Μὴ
3065 1723 3252 1793 φοϐοῦ,
3294 1724 3371 1778 ὅτι
3413 1726 3550 1796 μετά
3603 1726 3700 1780 σοῦ

2122 1812 2275 1882 είμι;
2315 1832 2333 1864 ι
2383 1813 2444 1866 El
2475 1814 2679 1867 Μωσέα
2718 1816 3044 1887 γοργότερον
3074 1817 3247 1871 ἐποίει
3291 1819 3428 1871 κατά
3469 1818 3561 1871 τοῦ
3592 1821 3702 1872 ita-‘-

2052 1878 2095 1936 Β
2128 1878 2267 1973 ραὼ,
2292 1903 2385 1956 καὶ
2414 1904 2548 1974 πρὸς
2589 1878 2905 1974 Ἰησοῦν-τὸν
2930 1878 3023 1960 τοῦ
3058 1907 3209 1976 Ναυῆ
3235 1907 3416 1975 λέγει’
3457 1927 3474 1958 ι
3514 1910 3698 1980 Ἰσχυε

2125 1994 2218 2048 καὶ
2255 1994 2525 2066 ἀνδρίζου,
2569 2014 2587 2047 ι
2624 1996 2737 2060 πῶς
2774 1997 2935 2061 αὐτὸς
2957 1997 3157 2061 δειλίας
3185 2000 3335 2054 ἔσται
3365 2001 3631 2066 δεκτικὸς,
3664 2003 3699 2073 ἢ

2126 2083 2242 2146 πῶς
2272 2082 2592 2152 ἀνθρώπους
2626 2086 2889 2158 ἐφοϐήθη,
2919 2089 2946 2140 6
2986 2088 3165 2153 ἄλλοις
3210 2090 3592 2160 συμϐουλεύων
3620 2096 3699 2158 εἰς

2124 2175 2183 2228 τὸ
2215 2173 2289 2245 μὴ
2327 2174 2632 2245 φοϐεῖσθαι,
2682 2178 2774 2229 καὶ
2816 2177 3018 2232 πείθων
3062 2179 3225 2251 βοᾷν·
3264 2200 3282 2232 ι
3328 2182 3531 2253 Κύριος
3575 2185 3702 2255 ἐμοὶ

2124 2265 2336 2338 βοηθὸς,
2370 2268 2430 2320 ού
2466 2266 2845 2339 φοϐηθήσομαι
2882 2269 2935 2322 τί
2967 2272 3183 2342 ποιήσει
3214 2290 3303 2343 μοι
3327 2274 3643 2345 ἄνθρωπος
3676 2297 3695 2329 ι

2122 2358 2247 2423 Πῶς
2276 2360 2331 2413 δέ
2360 2362 2387 2413 6
2420 2361 2500 2424 εἰς
2528 2360 2687 2414 τοῦτο
2716 2362 3020 2434 παρελθὼν,
3054 2365 3142 2419 ῖνα
3182 2367 3277 2421 τὸν
3314 2367 3544 2423 θάνατον
3567 2370 3705 2424 ἀπο-

2122 2449 2330 2521 κτείνῃ,
2381 2451 2545 2516 αὐτὸς
2592 2452 2843 2522 ἐφοϐεῖτο
2873 2456 2964 2509 τὸν
3013 2458 3134 2511 καθ’
3175 2454 3236 2514 οῦ
3286 2464 3699 2533 παραγέγονεν;

2126 2541 2196 2594 Ἦ
2226 2542 2344 2606 πῶς
2368 2543 2428 2596 οὐ
2457 2544 2639 2615 πάσης
2663 2546 2919 2601 ἐπέκεινα
2946 2548 3266 2615 δυσσεϐείας
3298 2554 3414 2607 ἐστὶ
3433 2554 3494 2607 τὸ
3522 2555 3702 2623 λέγειν

2121 2632 2402 2701 φοϐεῖσθαι
2436 2634 2526 2689 τὸν
2557 2635 2711 2707 ᾅδην,
2741 2637 2801 2690 ὃν
2833 2639 2884 2691 οἰ
2923 2640 3114 2694 τούτου
3142 2643 3383 2715 πυλωροὶ
3418 2648 3509 2701 καὶ
3538 2649 3703 2717 μόνον

2125 2722 2323 2786 ἰδόντες
2354 2724 2723 2796 κατέπτηξαν,
2778 2727 2872 2780 καὶ
2908 2728 3005 2792 τάς
3048 2730 3325 2798 ἀφύκτους
3366 2736 3706 2800 πετάσαντες

2124 2811 2317 2877 πύλας,
2370 2816 2588 2886 ἀφῆκαν
2633 2818 2701 2871 τά
2738 2820 3226 2877 ἐναποκλεισθέντα
3280 2827 3583 2898 πνεύματα.
3624 2829 3704 2893 ὡς

2120 2902 2416 2975 ἀναστῆναι
2446 2906 2556 2959 τῶν
2586 2908 2758 2977 ἁγίων
2792 2911 3038 2978 πολλοὺς,
3073 2915 3167 2968 καὶ
3206 2917 3465 2971 εἰσελθεῖν
3494 2922 3573 2983 εἰς
3601 2921 3703 2991 τὴν

2122 2994 2296 3061 πόλιν,
2325 2996 2469 3050 καθά
2498 3000 2829 3071 γέγραπται,
2858 3005 2950 3057 καὶ
2985 3005 3218 3075 ὀφθῆναί
3246 3026 3388 3075 τισι;
3421 3011 3543 3075 Πῶς
3572 3014 3702 3083 ἐφοο

2123 3084 2274 3140 ϐεῖτο
2313 3088 2403 3143 τὸν
2447 3089 2674 3146 θάνατον
2705 3095 2734 3146 ὁ
2784 3095 2842 3149 ἐν
2892 3096 2967 3167 τῷ
3014 3097 3289 3169 ζητεῖσθαι
3338 3102 3512 3171 λέγων
3562 3104 3704 3175 πρὸς

442 3188 578 3243 muit
631 3188 859 3243 mortem
907 3189 997 3260 qui
1042 3189 1174 3244 dicit
1215 3207 1281 3244 τι
1315 3190 1423 3261 Ego
1465 3198 1789 3261 potestatem
1845 3193 2018 3249 habeo

2122 3177 2247 3271 τοὺς
2305 3183 2748 3252 παραγεγονότας
2793 3186 2955 3241 αὑτὸν
3021 3190 3421 3249 συλλαϐέσθαι*
3470 3217 3489 3249 ι
3559 3198 3703 3266 Ἐγώ

434 3275 753 3333 dimittendi
778 3277 1013 3335 animam
1038 3295 1235 3346 meam,
1266 3290 1321 3334 ct
1350 3296 1541 3335 rursus
1568 3290 1892 3349 potestatem
1920 3284 2015 3338 ha-

442 3368 547 3423 beo
596 3368 894 3438 accipiendi
956 3382 1111 3436 eam;
1152 3388 1171 3421 ι
1221 3380 1278 3424 et
1346 3389 1365 3422 ‹
1424 3373 1605 3427 nullus
1651 3374 1845 3444 eripiet
1895 3390 2017 3432 eam

444 3457 605 3524 mibi,
649 3457 744 3513 sed
790 3472 889 3527 ego
921 3458 1134 3528 depono
1174 3473 1291 3512 eam
1325 3474 1353 3512 a
1388 3461 1596 3529 meipso
1619 3460 1697 3514 "i
1724 3480 1744 3512 ι
1784 3460 2018 3517 Verbum

444 3546 629 3616 itaque
654 3546 745 3603 Dei
778 3545 833 3599 in
875 3561 935 3601 se
973 3556 1201 3603 mortem
1242 3562 1349 3602 non
1390 3548 1604 3615 timuit;
1642 3549 1737 3603 sed
1770 3550 2017 3604 humaui-

444 3646 527 3694 tas
555 3653 674 3709 qua:
706 3654 801 3695 sua
840 3646 1037 3695 natura
1072 3649 1299 3695 mortem
1327 3638 1665 3697 reformidat.

953 3920 1187 3991 ALIUD,
1215 3933 1497 3979 narrante.

518 4009 896 4067 Necessarium
926 4012 1089 4085 plane
1134 4021 1240 4079 est,
1287 4023 1348 4070 ut
1390 4016 1483 4084 qui
1532 4024 1679 4072 recte
1720 4016 2017 4090 intelligere

446 4100 575 4157 velit
594 4117 716 4172 qua:
744 4104 812 4158 de
835 4103 1124 4160 Servatore
1158 4112 1348 4161 nostro
1373 4106 1425 4160 in
1453 4121 1603 4161 sacra
1627 4107 1902 4177 Scriptura
1932 4110 2016 4163 di-

442 4202 663 4260 cuntur,
708 4196 1051 4251 occasionem
1095 4196 1273 4267 ipsam
1319 4205 1534 4269 spectet
1578 4208 1634 4254 et
1677 4208 1917 4271 tempora
1962 4200 2016 4254 in

440 4285 657 4355 quibus,
698 4294 795 4341 aut
824 4287 942 4357 ipse
968 4287 1035 4343 de
1066 4303 1147 4355 se,
1188 4297 1283 4344 aut
1314 4304 1470 4346 sacra
1503 4287 1781 4363 Scriptura
1815 4293 2014 4363 aliquid

444 4381 514 4435 de
559 4394 624 4434 eo
658 4379 815 4435 dixit.
859 4378 916 4435 Si
949 4396 1083 4452 ergo
1120 4380 1360 4439 Verbum
1394 4383 1489 4439 Dei
1535 4395 1825 4455 antequam
1866 4388 2017 4443 lieret

444 4485 594 4535 caro,
642 4486 878 4541 unquam
909 4472 995 4528 vel
1044 4471 1312 4539 ﬂoruisse,
1347 4475 1432 4530 vel
1470 4484 1700 4531 mortem
1752 4476 2013 4543 timuisse,

2120 3268 2274 3336 εἰμι;
2331 3288 2350 3321 ›
2426 3272 2549 3337 Πῶς
2608 3274 2855 3342 ἐφοϐεῖτο
2915 3280 3007 3332 τὸν
3062 3281 3289 3341 θάνατον
3365 3288 3394 3339 6
3459 3287 3633 3357 λέγων
3686 3309 3701 3324 ο

2123 3379 2142 3413 ι
2195 3363 2474 3430 Ἐξουσίαν
2522 3368 2631 3438 ἔχω
2669 3369 2841 3424 θεῖναι
2880 3375 2981 3445 τὴν
3029 3376 3207 3450 ψυχήν
3249 3398 3350 3450 μου
3396 3384 3486 3438 καὶ
3538 3386 3705 3442 πάλιν

2119 3453 2366 3520 ἐξουσίαν
2414 3456 2523 3527 ἔχω
2574 3458 2759 3513 λαϐεῖν
2785 3463 2955 3535 αὐτήν
2978 3482 2993 3495 ·
3038 3486 3057 3519 ι
3093 3469 3188 3522 καὶ
3222 3486 3235 3500 ⁸
3277 3490 3297 3524 ι
3334 3474 3525 3540 Οὐδεὶς
3556 3479 3702 3551 αἴρει

2118 3545 2289 3640 αὐτὴν
2322 3547 2418 3601 ἀπ’
2464 3550 2779 3640 ἐμοῦζάλλ⁹
2818 3555 2929 3625 ἐγὼ
2972 3558 3162 3631 τίθημι
3193 3562 3363 3635 αὐτὴν
3400 3568 3493 3620 ἀπ’
3524 3545 3702 3640 ἐμαυ-

2117 3635 2245 3703 τοῦ;
2289 3656 2308 3690 ι
2346 3640 2460 3693 Οὐκ
2488 3637 2557 3713 ἦν
2582 3638 2676 3697 οῦν
2710 3644 2818 3715 ἄρα
2857 3647 2979 3701 καθ’
3012 3651 3205 3707 ἐαυτὸν
3232 3657 3261 3708 6
3288 3656 3385 3710 τοῦ
3429 3635 3568 3714 Θεοῦ
3594 3662 3701 3715 Λό-

2116 3743 2213 3822 γος
2241 3729 2286 3822 ὁ.
2301 3728 2391 3781 τὸν
2421 3729 2649 3787 θάνατον
2693 3735 3043 3809 ὑποπτήξας·
3074 3741 3191 3796 ἀλλ’
3235 3740 3305 3816 ἦν
3351 3750 3409 3801 ἐν
3453 3750 3602 3822 αύτῷ
3638 3752 3704 3807 τὸ

2117 3813 2457 3887 ἀνθρώπινον
2489 3824 2730 3891 πεφυκὸς
2756 3825 2915 3881 τοῦτο
2941 3831 3170 3901 πάσχειν
3197 3813 3304 3891 ἀεῖ.

2555 3932 2763 4003 ΑΛΛΟ,
2797 3934 3254 4009 διηγηματικῶς.

2201 4016 2437 4090 Ἀνάγκη
2490 4022 2638 4076 πᾶσα
2688 4024 2814 4089 τοὺς
2865 4027 3039 4096 ὀρθῶς
3094 4031 3381 4100 ἐθέλοντας
3444 4042 3582 4093 νοεῖν
3628 4042 3700 4097 τὰ

2117 4108 2271 4202 πειρά
2301 4112 2423 4174 ταῖς
2451 4111 2627 4178 θείαις
2656 4117 2923 4188 εἰρημένα
2944 4120 3188 4192 Γραφαῖς
3229 4128 3360 4199 περὶ
3385 4129 3482 4183 τοῦ
3513 4132 3698 4202 Σωτῆ-

2120 4214 2209 4268 ρος
2251 4201 2408 4271 ἡμῶν
2452 4203 2717 4273 Χριστοῦ,
2752 4208 2843 4263 τὸν
2892 4212 3080 4282 καιρὸν
3124 4215 3394 4282 ἐξετάζειν
3435 4220 3527 4274 καὶ
3567 4201 3698 4287 τοῦς

2116 4291 2341 4361 χρόνους
2390 4293 2511 4348 καθ’
2543 4295 2637 4360 οὓς
2685 4298 2718 4369 ἢ
2768 4300 2930 4365 αὐτὸς
2971 4305 3207 4375 εἰρηκώς
3254 4325 3307 4361 τι
3342 4310 3470 4382 περὶ
3490 4313 3696 4369 ἐαυτοῦ

2118 4382 2386 4475 φαίνεται,
2420 4384 2453 4456 ἢ
2485 4387 2541 4439 αἰ
2566 4387 2707 4443 θεῖαι
2734 4390 2951 4463 Γραφαὶ
2984 4397 3113 4468 περὶ
3157 4399 3341 4455 αὐτοῦ.
3377 4404 3442 4456 Εἰ
3476 4404 3575 4475 μὲν
3599 4401 3699 4462 οὖν

2118 4474 2246 4548 πρὶν
2296 4476 2521 4548 γένηται
2570 4479 2709 4553 σάρξ
2750 4484 2778 4536 6
2816 4482 2909 4538 τοῦ
2951 4486 3086 4541 Θεοῦ
3134 4490 3328 4559 Λόγος,
3368 4494 3401 4564 ἢ
3452 4474 3698 4565 κλαύσας

450 4570 541 4617 aut
573 4561 716 4615 aliud
750 4563 1030 4631 quidpiam
1066 4564 1367 4619 humanum
1403 4580 1622 4635 passum
1662 4566 1828 4623 fuisse
1864 4583 2016 4639 repe-

2122 4565 2309 4637 ὑρᾶται
2331 4567 2571 4636 πώποτε,
2608 4552 2651 4643 ﬂ,
2670 4572 2901 4631 θάνατον
2925 4578 3201 4650 φοϐηθεὶς,
3223 4552 3265 4654 ’ἦ
3287 4552 3480 4657 ⁷ἐτερόν
3509 4552 3697 4644 τι

442 4650 605 4716 ritur,
630 4652 794 4706 etiam
820 4666 967 4707 nunc
995 4651 1084 4707 illa
1121 4652 1240 4723 ipsa
1270 4654 1449 4711 locum
1476 4656 1533 4710 in
1564 4670 1631 4710 eo
1654 4656 1908 4712 habeant.
1947 4658 2017 4712 At

443 4740 749 4810 siquando
801 4741 979 4797 factus
1036 4751 1123 4798 est
1169 4743 1353 4812 homo,
1407 4755 1516 4800 tum
1565 4745 1799 4815 primum
1846 4761 2017 4802 sacra

443 4828 739 4902 Scriptura
768 4829 1034 4900 ejusmodi
1060 4832 1127 4887 de
1156 4847 1223 4888 eo
1250 4835 1505 4891 dixerunt
1534 4850 1668 4890 :cur
1699 4850 1808 4891 non
1832 4834 2015 4905 potius

442 4921 680 4977 humano
717 4937 869 4978 more
920 4922 1011 4977 illa
1041 4922 1185 4978 dicta
1232 4939 1354 4981 esse
1385 4926 1749 4995 censebimus,
1784 4935 1842 4983 ut
1871 4927 2014 4985 blas-

450 5010 695 5082 phemia
723 5013 934 5071 crimen
961 5013 1324 5086 eﬂ'ugiamus?

1104 5216 1333 5275 ALIUD.

821 5304 903 5360 Ea:
940 5306 1227 5376 objections
1257 5310 1642 5369 hereticorum.

512 5392 611 5461 Qui
660 5396 829 5463 ﬂevit,
861 5398 1137 5469 inquiunt,
1176 5409 1233 5456 et
1279 5403 1530 5459 timorem
1581 5418 1642 5459 ac
1693 5404 2006 5461 mcestitiam

441 5488 707 5558 concepit,
756 5492 1028 5561 quomodo
1076 5493 1183 5548 erit
1230 5503 1425 5551 natura
1470 5496 1649 5553 Deus?
1693 5495 1822 5553 Haec
1860 5497 2003 5553 enim

442 5578 719 5634 hominum
754 5590 880 5637 sunt
908 5586 1143 5655 propria.

514 5751 558 5840 ξ’
586 5751 899 5840 gitana-xvi},
934 5757 987 5813 6.
1065 5760 1109 5792 ⁸⁸
1142 5760 1527 5840 Ma_ttb._},_28.
1604 5768 1649 5800 "
1678 5768 1836 5840 gen.
1858 5786 1945 5840 xv,
1978 5774 2001 5830 1

470 5819 559 5889 53,
584 5822 671 5881 53.
746 5826 789 5859 δι
814 5819 978 5885 John.
1008 5845 1158 5899 xvm,
1201 5831 1255 5888 6.
1330 5834 1375 5866 δ’
1396 5819 1550 5892 εἰοιη.
1581 5852 1637 5907 ι,
1669 5819 1871 5910 ιτιξῖεζ

2113 4658 2467 4754 ἀνθρωπίνων
2490 4662 2837 4754 Αὑπρμείνας,
2882 4671 3152 4741 κρατείτω
3180 4676 3274 4727 καὶ
3301 4677 3395 4729 νῦν
3437 4678 3506 4733 τά
3537 4683 3694 4754 εἰρη-

2117 4747 2253 4819 μένα
2281 4750 2410 4822 περὶ
2442 4752 2631 4808 αὐτοῦ.
2668 4754 2732 4807 Εἰ
2757 4755 2813 4809 δὲ
2840 4757 2929 4811 ὅτε
2968 4760 3191 4829 γέγονεν
3221 4764 3525 4838 ἄνθρωπος,

2114 4839 2208 4892 καὶ
2250 4841 2349 4905 τάς
2399 4845 2655 4909 τοιαύτας
2693 4846 2877 4916 φωνάς
2922 4852 3049 4924 περὶ
3098 4854 3262 4909 αὑτοῦ
3307 4860 3594 4931 εἰρήκασιν
3634 4866 3694 4919 αἱ

2115 4931 2253 4986 θεῖαι
2280 4933 2516 5005 Γραφαὶ,
2544 4936 2598 4990 τί
2626 4938 2701 5009 μὴ
2731 4940 2931 5010 μᾶλλον
2964 4944 3321 5016 ἀνθρωπίνως
3348 4951 3600 5022 εἰρῆσθαι
3620 4956 3697 5011 τὰ

2108 5022 2334 5077 τοιαῦτα
2366 5026 2631 5098 φήσομεν,
2662 5029 2747 5085 ἵνα
2780 5033 2843 5086 τὸ
2882 5035 2948 5089 ἐκ
2977 5036 3073 5106 τῆς
3114 5037 3461 5112 βλασφημίας
3495 5043 3691 5115 διαφύ-

2110 5132 2297 5187 γωμεν
2327 5117 2494 5172 κακόν
2514 5136 2529 5180 ς

2802 5240 3005 5296 AAAO.

2297 5325 2395 5392 Ὠς
2421 5325 2493 5392 ἐξ
2529 5329 2889 5401 ἀντιθέσεως
2925 5335 3046 5390 τῶν
3078 5340 3514 5411 χριστομάχων.
3584 5324 3619 5359 \

2196 5414 2254 5469 ’0
2301 5418 2559 5485 κλαύσας,
2604 5425 2758 5494 φασὶ,
2808 5428 2902 5479 καὶ
2951 5428 3227 5499 φοϐηθεὶς,
3256 5432 3349 5485 κα)⁵
3393 5432 3698 5504 περίλυπος

2112 5508 2371 5577 γεγονὼς,
2418 5513 2535 5577 πῶς
2576 5515 2728 5571 ἔσται
2782 5519 2943 5588 φύσει
2980 5520 3147 5589 Bede;
3205 5523 3532 5594 ’Δνθρώπων
3584 5530 3699 5598 γάρ

2116 5600 2224 5653 ἴδια
2250 5601 2320 5655 τά
2345 5605 2585 5661 τοιαῦτα.

2110 5775 2152 5810 ⁸⁸
2180 5775 2342 5837 Josue
2376 5796 2415 5848 t,
2449 5781 2503 5838 6.
2584 5786 2627 5819 “
2659 5785 2805 5844 Psal.
2839 5804 3005 5862 cxvii,
3049 5795 3101 5849 6.
3130 5794 3146 5809 ’
3216 5797 3260 5829 “
3302 5797 3495 5857 Matth.
3537 5812 3692 5872 τινε,
