3992 6488
239 476 334 531 5‘)?

1675 460 2115 517 TIIESAURUS.

3426 462 3533 519 598

235 593 536 655 ἀσθενείαις
594 590 876 661 ἀναμίξας
924 592 1121 660 τρόπον
1165 589 1287 641 τινὰ
1336 585 1426 639 καὶ
1472 582 1836 653 συγκεράσας.

1952 576 2151 630 talibus
2172 574 2551 637 commiscens,
2584 586 2647 627 ac
2674 572 2835 628 veluti
2869 582 3308 643 contemperans,
3345 577 3541 631 Imma-

236 682 446 755 ιὺρώσῃ
493 683 598 752 τήν
649 681 949 752 ἀνθρώπου
983 679 1164 749 φύσιν,
1192 678 1283 730 καὶ
1320 676 1453 747 πρὸς
1500 674 1598 741 τὴν
1645 671 1837 724 ἑαυτοῦ

239 771 580 840 μεταποιήσῃ
626 770 1173 840 στερῤότητα.”οταν
1203 764 1296 820 οὖν
1339 766 1596 834 φαίνηται
1629 760 1842 814 δειλιῶν

236 863 319 915 τὸν
345 862 578 915 θάνατον
604 864 709 914 καὶ
744 862 915 929 λέγων
936 876 949 891 ·
988 879 1005 910 ι
1030 859 1093 913 El
1123 858 1371 919 δυνατὸν,
1396 854 1712 927 παρελθέτω
1737 853 1815 905 άπ

239 952 363 1022 ἐμοῦ
397 952 458 1004 τὸ
505 955 782 1023 ποτήριον
808 952 985 1013 τοῦτο,
1021 969 1039 1000 ι
1070 950 1240 1003 ἐννόει
1272 947 1435 1003 πάλιν
1465 948 1547 999 ὅτι
1590 943 1844 998 δειλιῶαα

238 1044 321 1096 τὸν
350 1044 589 1097 θάνατον
620 1046 655 1114 ή
688 1045 849 1113 σάρξ,
880 1042 1189 1096 ἐδιδάσκετε)
1216 1039 1526 1111 φορουμένη
1560 1036 1710 1107 παρὰ
1748 1034 1841 1087 τοῦ

240 1134 404 1201 Λόγου
465 1136 680 1206 μηκέτι
734 1134 894 1187 τοῦτο
946 1132 1400 1205 πάσχειν.Ἔλεγε
1431 1130 1539 1201 γὰρ
1574 1129 1707 1198 πρὸς
1754 1126 1843 1180 τὸν

239 1227 480 1297 Πατέρα·
512 1247 531 1278 ι
566 1228 691 1297 Οὐχ
718 1228 794 1290 ὡς
824 1226 933 1295 ἐγὼ
966 1227 1123 1288 θέλω,
1167 1226 1280 1278 ἀλλ’
1309 1224 1384 1287 ὡς
1414 1224 1498 1275 σύ.
1532 1242 1549 1273 ι
1585 1222 1697 1275 Οὐκ
1720 1223 1845 1289 ἐφος-

239 1316 376 1371 6:710
410 1316 511 1384 μὲν
542 1317 683 1387 γάρ,
714 1317 849 1371 καθὸ
878 1318 1049 1384 Λόγος
1077 1316 1194 1367 ἐστὶ
1239 1316 1331 1367 καὶ
1375 1314 1528 1375 Θεὸς,
1562 1312 1650 1363 τὸν
1679 1311 1841 1363 θάνα-

238 1428 321 1463 τον
365 1411 553 1475 αὐτὸς,
585 1411 710 1464 ἀλλ’
744 1414 820 1473 είς
872 1411 1021 1474 τέλος
1072 1409 1333 1476 διεξάγειν
1382 1399 1479 1475 sip
1530 1402 1843 1471 οἰκονομίαν

138 1536 143 1539 -
238 1500 512 1567 ἠπείγετο.
533 1500 719 1552 Τοῦτο
744 1499 852 1570 γάρ
884 1496 953 1569 ἦν
989 1499 1048 1552 τὸ
1082 1499 1292 1567 θέλημα
1323 1496 1415 1549 τοῦ
1450 1495 1843 1565 Πατρός.Ἔχει

236 1588 289 1643 δὲ
335 1591 429 1644 καὶ⁵
479 1591 542 1643 τὸ
580 1591 663 1662 μὴ
696 1591 874 1644 θέλειν
909 1591 1218 1652 ἀποθανεῖν,
1245 1590 1331 1642 διὰ
1373 1587 1434 1641 τὸ
1462 1585 1844 1658 παραιτεῖσθαι

238 1683 333 1753 τῆς
380 1685 591 1755 σαρκὸς
640 1685 737 1737 τὸν
778 1684 1005 1739 θάνατον
1045 1684 1309 1752 φυσικῶς.
1344 1682 1622 1735 Διδάσκων
1665 1680 1842 1731 τοίνυν

237 1774 329 1844 τὴν
356 1775 776 1845 ὰνθρωπότητα
814 1776 1011 1845 μηκέτι
1036 1776 1103 1826 τὰ
1132 1775 1268 1842 αὐτῇ
1307 1773 1580 1844 προσόντα
1602 1773 1840 1841 φρονεῖν,

240 1864 368 1917 ἀλλὰ
400 1865 461 1917 τὸ
495 1865 596 1917 τοῦ
630 1866 772 1918 Θεοῦ
804 1866 1020 1935 θέλημα
1051 1866 1235 1934 ζητεῖν
1254 1865 1327 1927 ὼς
1354 1862 1637 1933 ἄνθρωπος
1662 1862 1837 1928 λέγει’

1947 683 2071 721 nam
2126 678 2372 721 naturam
2430 665 2802 731 conlirmaret,
2852 675 3015 736 atque
3060 667 3126 721 ad
3172 682 3328 721 suum
3370 668 3541 739 ipsius

1949 759 2113 813 robur
2140 760 2467 813 traduceret.
2493 756 2625 811 Cum
2660 756 2823 829 igitur
2846 758 3063 813 videtur
3084 769 3310 814 mortem
3348 762 3538 816 formi—

1947 853 2125 915 dasse,
2172 859 2225 903 ot
2268 850 2471 905 dixisse
2515 867 2526 901 :
2580 865 2599 900 ι
2631 848 2687 903 Si
2723 848 2837 903 ﬂeri
2872 860 3069 919 pateSt,
3110 859 3352 907 transeat
3384 872 3411 905 ιδ
3458 871 3543 909 tuo

1946 944 2085 996 calix
2124 943 2226 997 iste
2259 942 2329 1009 ἰ,
2364 960 2382 993 ι
2443 942 2727 997 considera
2769 946 2913 1012 quod
2963 959 3091 999 caro
3138 961 3259 1013 quas
3301 962 3329 1000 a
3366 947 3543 1001 Verbo

1947 1032 2281 1100 gestabatttr,
2312 1050 2417 1087 nou
2449 1034 2586 1088 bene
2614 1036 2679 1086 ad
2721 1036 2823 1090 hoc
2856 1033 3137 1090 ferendum
3176 1035 3368 1091 aﬂ'ecta
3399 1049 3537 1092 erat.

1949 1127 2091 1181 Dixit
2120 1129 2263 1181 enim
2312 1128 2377 1181 ad
2421 1128 2636 1183 l'atrem
2672 1147 2684 1181 :
2731 1147 2749 1180 ‹
2785 1127 2898 1183 Νοιι
2947 1136 3003 1181 ιιι
3032 1143 3132 1198 ego
3166 1129 3307 1194 volo,
3344 1130 3436 1185 sed
3484 1140 3543 1183 ut

1946 1229 1999 1273 tu
2023 1220 2088 1273 ".
2129 1238 2147 1272 ι
2176 1218 2307 1273 Nam
2342 1220 2453 1288 ipse
2480 1234 2584 1274 non
2619 1220 2840 1273 timebat
2872 1232 3123 1281 mortem,
3158 1232 3424 1291 quatenus
3457 1234 3543 1276 est

1951 1310 2182 1366 Verbum
2202 1322 2257 1366 et
2279 1311 2438 1375 Deus,
2461 1312 2552 1365 sed
2573 1312 3097 1366 adminislrationem
3124 1328 3275 1367 suam
3293 1315 3359 1367 ad
3378 1314 3540 1369 linem

1946 1404 2244 1470 perducere
2274 1404 2511 1471 optabat.
2547 1404 2673 1459 η.υο
2718 1406 2861 1457 enim
2891 1412 3011 1458 erat
3060 1404 3308 1459 voluntas
3338 1404 3537 1460 Patris.

1947 1494 2299 1548 Exhorrcscit
2328 1504 2507 1548 autem
2536 1506 2786 1561 mortem,
2815 1497 2941 1565 quia
2972 1511 3098 1550 caro
3126 1498 3447 1551 naturaliter
3473 1499 3542 1550 ab

1947 1599 2009 1637 ea
2038 1584 2316 1639 abhorret.
2352 1585 2559 1641 Docens
2591 1587 2773 1655 itaque
2802 1586 3094 1640 humanam
3143 1598 3390 1641 naturam
3431 1604 3539 1642 non

1947 1693 2068 1747 qua:
2098 1678 2201 1732 sibi
2234 1678 2391 1730 insita
2436 1687 2563 1732 sttnt
2615 1679 2875 1746 cogitare,
2917 1682 3011 1733 sed
3063 1680 3154 1733 Dui
3204 1682 3539 1736 voluntatem

1947 1782 2214 1837 quaerere,
2248 1769 2419 1837 inquit
2452 1780 2504 1821 ut
2542 1772 2701 1822 homo
2729 1787 2741 1821 :
2782 1787 2800 1819 ι
2830 1767 2943 1823 Non
2975 1771 3116 1825 sicut
3146 1787 3245 1841 ego
3276 1774 3416 1835 Volo,
3446 1774 3543 1827 sed

1948 1861 2087 1914 sicut
2116 1870 2190 1914 tu.
2230 1880 2247 1909 ι
2279 1859 2488 1916 Idcirco
2517 1861 2680 1914 etiam
2720 1861 2919 1928 adjecit
2952 1880 2964 1915 :
3005 1882 3021 1912 ι
3058 1861 3295 1931 Spiritus
3318 1864 3540 1934 quidcnt

243 1974 262 2005 ι
288 1955 395 2025 uox
416 1955 495 2019 ὡς
524 1955 644 2024 ἐγὼ
670 1956 833 2020 θέλω,
870 1934 981 2010 ἀλλ’
1009 1956 1080 2019 ὡς
1112 1955 1195 2007 σύ.
1232 1975 1249 2005 ι
1280 1955 1377 2007 Διά
1399 1954 1557 2006 τοῦτο
1583 1955 1689 2023 γὰρ
1711 1953 1836 2020 φαί-

1947 1963 2228 2022 prOmpIus
2258 1964 2356 2019 est,
2390 1968 2517 2007 tat'o
2546 1964 2723 2007 nutent
2753 1956 2965 2009 inlirma
2993 1956 3057 2009 ⁵³.
3100 1976 3117 2008 ι

238 2058 382 2099 νεται
403 2049 499 2100 καὶ
520 2047 791 2117 προσθείς
816 2066 823 2073 ·
857 2067 873 2097 ι
901 2048 971 2100 Τὸ
999 2047 1219 2117 πνεῦμα
1249 2047 1595 2118 πρόθυμον,ἠ
1622 2046 1677 2097 δὲ
1705 2044 1840 2115 σὰρξ

237 2136 485 2207 ἀσθενής.
515 2157 534 2191 ι

940 2234 1148 2285 ΑΛΛΟ.

308 2339 369 2395 Ei
396 2341 643 2397 θανάτου
665 2342 1141 2411 καταφρονοῦντας
1168 2342 1342 2407 οὕτως
1369 2344 1695 2415 εὑρίσκομεν
1717 2348 1841 2409 τοὺς

243 2431 444 2501 ἁγίους,
481 2434 561 2498 ὡς
593 2433 809 2487 οἴεσθαι
843 2434 1044 2503 μᾶλλον
1086 2437 1165 2497 εἰς
1204 2434 1350 2503 ζωὴν
1388 2436 1759 2505 μεταϐαίνειν,
1792 2436 1845 2489 ετ

242 2539 321 2587 τις
348 2526 553 2587 αὐτοὺς
577 2526 723 2595 πρὸς
747 2525 808 2577 τὸ
830 2525 923 2577 τοῦ
955 2525 1148 2577 παθεῖν
1165 2526 1357 2595 καλοίη
1378 2527 1588 2596 καιρὸς,
1608 2527 1841 2597 ἀνδρεῖοί

241 2632 298 2668 τε
330 2617 499 2676 ὅντως
536 2617 675 2681 εἰσὶ,
709 2617 796 2668 διὰ
845 2617 905 2669 τὸ
954 2618 1097 2686 ἔχειν
1131 2619 1191 2671 ἐν
1221 2619 1455 2681 ἐαυτοῖς,
1491 2620 1569 2681 είς
1616 2620 1705 2672 τὸν
1735 2622 1843 2674 ἔσω

243 2705 547 2777 ἄνθρωπον,
576 2708 722 2759 καθά
744 2708 1077 2776 γέγραπται,
1094 2708 1453 2761 κατοικοῦντα
1476 2708 1566 2762 τδν
1585 2711 1840 2780 Χριστὸν,

246 2797 358 2860 πῶς
398 2799 581 2867 δειλιᾷ
613 2797 707 2849 τὸν
743 2798 975 2851 θάνατον
1019 2800 1047 2850 ὁ
1079 2800 1204 2861 τοὺς
1232 2798 1423 2863 ἄλλους
1448 2800 1713 2853 διδάσκων
1740 2802 1840 2853 θα-

246 2889 398 2941 νάτου
449 2892 858 2959 καταφρονεῖν;
910 2889 1035 2953 Πῶς
1080 2890 1136 2943 δὲ
1167 2891 1268 2943 οὐκ
1306 2891 1506 2944 ἄτοπον
1540 2893 1842 2963 θαυμάζειν

250 2981 343 3047 μὲν
382 2983 482 3052 τὴν
532 2981 764 3051 ἀνδρίαν
798 2982 906 3033 τῶν
934 2982 1167 3051 ἐχόντων
1197 2984 1253 3033 ἐν
1284 2985 1493 3046 ἑαυτοῖς
1521 2986 1612 3037 τὸν
1645 2986 1837 3053 Λόγον,

244 3074 399 3127 αὑτὸν
424 3076 482 3127 δὲ
520 3074 743 3127 οἴεσθαι
776 3076 866 3126 τὸν
900 3076 1070 3143 Λόγον
1101 3076 1300 3145 ἀσθενῆ
1336 3079 1429 3131 καὶ
1451 3078 1709 3150 ἄνανδρον
1742 3082 1841 3133 ὐπ-

245 3166 425 3237 άρχειν
471 3168 677 3231 οὕτως,
706 3168 783 3229 ὡς
832 3168 923 3221 καὶ
974 3169 1122 3239 φόϐῳ
1164 3162 1479 3239 κρατεῖσθαι
1512 3172 1602 3223 καὶ
1633 3172 1710 3242 τῷ
1738 3173 1838 3243 τῆς

242 3258 435 3323 δειλῶς
466 3261 744 3328 νοσήματι
765 3276 777 3321 ;

949 3376 1151 3429 ΑΛΛΟ.

311 3486 400 3555 Τῷ
432 3488 629 3555 οἰκείῳ
664 3488 881 3555 θανάτῳ
918 3486 1264 3560 τὸνοθάνατον
1291 3488 1642 3559 κατήργησεν
1667 3490 1694 3541 6
1722 3489 1836 3541 Σω-

245 3578 595 3649 τήρ.Ὠσπερ
642 3574 734 3633 οὖν
780 3581 881 3633 οὐκ
930 3580 998 3633 ἂν
1048 3581 1077 3631 ὀ
1125 3579 1353 3641 θάνατος
1404 3580 1732 3651 κατηργήθη
1763 3580 1838 3652 μὴ

244 3668 613 3733 ἀποθανόντος
633 3669 822 3735 αὑτοῦ,
843 3670 1015 3733 οὕτως
1041 3670 1123 3737 ἐφ’
1142 3670 1373 3723 ἑκάστου
1396 3668 1503 3721 τῶν
1516 3670 1613 3739 τῆς
1637 3670 1839 3740 σαρκὸς

246 3760 453 3817 παθῶν.
483 3762 555 3814 Et
606 3760 681 3831 μὴ
727 3761 837 3832 γάρ
884 3760 1191 3823 ἐδειλίασεν,
1226 3762 1325 3813 οὐκ
1354 3762 1420 3815 ἂν
1450 3760 1708 3831 ἐλευθέρα
1743 3760 1836 3813 τοῦ

246 3850 443 3922 δειλιᾷν
469 3854 510 3922 ἡ
550 3850 713 3919 φύσις
749 3852 986 3918 ἐγένετο,
1015 3853 1063 3904 εἰ
1096 3850 1170 3921 μὴ
1212 3851 1479 3923 ἐλυπήθη,
1504 3851 1602 3903 οὐκ
1639 3850 1705 3904 ἂν
1732 3853 1838 3905 άπ-

248 3940 492 4012 ηλλάχθη
547 3940 642 3994 τοῦ
693 3941 981 3994 λυπεῖσθαί
1024 3958 1178 4005 ποτε,
1216 3945 1263 3995 εἰ
1300 3944 1373 4013 μὴ
1403 3943 1703 4015 ἐταράχθη,
1740 3945 1837 3997 οὐκ

248 4033 310 4085 ἂν
356 4033 464 4097 ἔξω
524 4032 651 4085 ποτέ
704 4033 909 4086 τούτων
940 4033 1177 4102 ἐγένετο.
1212 4036 1320 4090 Καὶ
1366 4034 1448 4103 ἐφ’
1480 4036 1693 4105 ἑκάστῳ
1729 4036 1837 4089 τῶν

246 4124 608 4195 ἀνθρωπίνως
637 4126 940 4193 γεγονότων
977 4126 1069 4178 τὸν
1111 4126 1273 4179 αὑτὸν
1302 4127 1629 4197 ἐφαρμόζων
1656 4126 1834 4194 λόγον,

246 4216 503 4286 εὑρήσεις
536 4217 594 4268 ἐν
614 4216 835 4286 Χριστῷ
862 4216 928 4269 τά
954 4216 1054 4287 τῆς
1077 4218 1278 4287 σαρκὸς
1303 4217 1446 4289 πάθη
1481 4218 1834 4287 κεκινημένα,

244 4306 337 4375 οὐχ
368 4306 457 4358 ἵνα
499 4306 750 4379 κρατήσῃ
796 4308 986 4377 ὥσπερ
1028 4308 1121 4360 καὶ
1152 4308 1211 4359 ἐν
1238 4310 1388 4379 ἡμῖν,
1420 4308 1535 4361 ἀλλ’
1563 4310 1651 4363 ἵνα
1681 4328 1838 4381 κινη-

247 4393 401 4447 θέντα
450 4397 778 4465 καταργηθῇ
818 4398 884 4467 τῇ
935 4396 1165 4467 δυνάμει
1208 4397 1301 4451 τοῦ
1352 4400 1735 4470 ἐνοικήσαντος
1768 4403 1834 4470 τῇ

248 4489 405 4557 σαρκὶ
453 4486 653 4554 Λόγου,
686 4489 821 4558 πρὸς
852 4489 912 4541 τὸ
945 4487 1171 4559 ἄμεινον
1220 4493 1691 4562 μεταποιουμένης
1736 4494 1833 4563 τῆς

247 4578 479 4641 φύτεως.

437 4695 642 4756 ΑΛΛυ,
683 4697 769 4759 εις
810 4695 895 4760 τό,
942 4714 959 4747 t
992 4696 1097 4751 Θεέ
1126 4714 1269 4766 μου,
1308 4697 1413 4751 Θεέ
1444 4716 1582 4768 μου.
1617 4720 1632 4749 ι

319 4804 449 4858 ἐπὶ
480 4805 558 4873 τῷ
588 4808 808 4876 στα·αῴ
836 4808 931 4860 τοῦ
961 4809 1209 4881 Σωτῆρος
1241 4812 1399 4881 ἡμῶν
1425 4813 1661 4881 Χριστοῦ
1691 4832 1825 4867 καυ-

246 4896 485 4967 Λὼμεθα,
514 4896 605 4948 καὶ
646 4898 975 4967 πιστεύομεν
1001 4898 1089 4952 διὰ
1119 4899 1276 4953 τοῦτο
1308 4902 1599 4968 σεσῶσθαι,
1634 4905 1825 4977 ὅτιπερ

245 4989 270 5039 ὁ
300 4988 395 5041 τοῦ
443 4986 579 5040 Θεοῦ
631 4989 802 5055 Λόγος
834 4987 1121 5058 ἄνθρωπος
1164 4992 1403 5059 γεγονὼς
1448 4992 1515 5044 δι’
1541 4995 1691 5063 ἡμᾶς
1740 5001 1834 5052 καὶ

248 5078 386 5150 ὑπὲρ
421 5079 578 5148 ήμῶν
611 5078 954 5151 ἐσταυρώθη,
987 5082 1074 5134 ἵνα
1106 5081 1196 5135 τὸν
1242 5084 1300 5135 ἐν
1338 5085 1470 5153 ἡμῖν
1508 5091 1830 5162 καταργήσῃ

246 5166 497 5233 θάνατον,
529 5172 621 5222 καὶ
658 5170 818 5224 πάλιν
868 5173 1014 5241 ἡμᾶς
1059 5173 1238 5243 ἑαυτῷ
1282 5178 1683 5249 συναναστήσῃ,
1724 5182 1832 5234 ἀπὸ

248 5258 339 5329 τῆς
380 5261 587 5332 φθορᾶς
638 5265 717 5324 εἰς
772 5262 1081 5332 ἀφθαρσίαν
1118 5265 1622 5335 μεταϐαλών.Ἒδει
1650 5272 1832 5327 τοίνυν

245 5355 335 5405 καὶ
363 5357 491 5423 παρ’
522 5356 683 5408 αὐτᾶν
714 5357 805 5409 τὸν
839 5356 931 5409 τοῦ
965 5356 1168 5421 πάθους
1208 5361 1400 5431 καιρὸν
1427 5362 1713 5433 ἄνθρωπον
1743 5366 1830 5417 ὅν-

246 5458 347 5505 τως
377 5444 638 5511 γεγονότα
662 5447 973 5513 φαίνεσθαι,
1001 5448 1095 5501 καὶ
1124 5448 1183 5501 οὒ
1213 5452 1354 5504 κατά
1376 5469 1497 5505 τινα
1524 5456 1827 5523 φαντασίαν

248 5536 583 5589 ὑπονοεῖσθαι
607 5538 681 5600 ὠς
704 5538 1010 5609 ἄνθρωπον.
1033 5542 1140 5594 Καὶ
1167 5542 1255 5595 διά
1280 5548 1483 5614 ταύτην
1505 5552 1603 5617 τήν
1642 5548 1823 5601 αἰτίαν

247 5622 416 5679 ἐλάλει
460 5626 559 5696 μέν
602 5626 671 5679 τὰ
716 5629 988 5700 ἀνθρώπῳ
1026 5633 1330 5701 πρέποντα”
1379 5655 1396 5686 ς
1430 5636 1534 5689 Θεέ
1566 5656 1691 5707 μου,
1727 5640 1827 5693 Θεέ

249 5732 363 5786 μου,
395 5718 476 5772 ἵνα
507 5721 559 5772 τί
590 5736 657 5789 με
685 5721 1074 5790 ἐγκατέλιπεςς
1112 5743 1129 5776 ι
1167 5728 1283 5790 καὶ,
1321 5746 1337 5777 t
1364 5729 1689 5799 Παρελθέτω
1722 5734 1828 5785 ἀπ’

309 5873 345 5903 ⁸⁸
384 5873 568 5931 .Ilatth.
606 5892 760 5942 uti,
799 5877 884 5929 ⁸50.
985 5883 1026 5909 ³⁸
1057 5880 1181 5935 ibid.
1293 5885 1334 5915 ⁵³
1372 5885 1499 5937 ibid.
1542 5885 1627 5938 Η,

1734 5889 1775 5918 ⁸⁸
1810 5887 2001 5956 Ephcs.
2038 5906 2121 5955 ιιι,
2162 5893 2244 5946 Ili.

2636 2221 2861 2277 ALIUD.

2017 2333 2071 2389 Si
2118 2334 2334 2389 sanctos
2379 2334 2449 2388 ita
2496 2344 2724 2389 mortem
2764 2342 3177 2391 contemnentes
3208 2338 3533 2407 reperimuz.

1945 2436 2005 2481 ut
2031 2426 2346 2483 existiment
2373 2441 2433 2481 se
2466 2427 2647 2496 potius
2676 2428 2728 2482 in
2757 2426 2921 2481 vitam
2944 2429 3248 2494 transferri,
3283 2429 3326 2485 si
3354 2425 3535 2499 aliqua

1946 2520 2243 2575 necessitas
2287 2520 2549 2575 moriendi
2587 2520 2668 2576 eis
2711 2518 2991 2588 on‘eratur,
3037 2531 3093 2576 et
3127 2522 3295 2579 fortes
3342 2539 3534 2580 revera

1945 2622 2093 2677 sunt,
2122 2615 2247 2683 quia
2280 2614 2480 2669 habent
2514 2614 2566 2669 in
2601 2628 2743 2677 sese,
2772 2614 2825 2668 in
2858 2613 3117 2671 interiore
3147 2617 3403 2672 nimirum
3434 2620 3534 2674 Ito—

1946 2704 2111 2767 mine,
2161 2715 2220 2759 ut
2265 2706 2527 2776 scriptum
2577 2706 2751 2770 est“,
2802 2706 3138 2763 habitantem
3190 2708 3466 2765 Cnristuut
3518 2730 3532 2763 τ

1945 2798 2217 2866 quomodo
2247 2809 2475 2854 mortem
2518 2800 2730 2865 timeat,
2771 2801 2861 2870 qui
2899 2811 2954 2855 ut
2986 2801 3077 2856 alii
3123 2812 3351 2859 mortem
3397 2819 3531 2859 con-

1948 2898 2189 2943 temuant
2224 2890 2485 2957 praestat?
2525 2892 2629 2945 Aut
2661 2907 2766 2961 quo
2797 2902 2952 2961 pacto
2984 2908 3088 2947 non
3134 2895 3205 2950 sit
3238 2894 3533 2950 absurdum

1946 2982 2134 3035 mirari
2182 2982 2550 3038 fortitudinem
2582 2999 2771 3039 eorum
2821 2986 2911 3055 qui
2954 2984 3193 3041 Verbum
3247 2988 3299 3042 in
3341 2988 3535 3057 seipsis

1947 3072 2199 3127 habitans
2226 3075 2481 3139 habeant,
2515 3077 2611 3144 ipsi
2642 3086 2822 3131 autem
2857 3076 3031 3132 Verbo
3056 3087 3258 3132 tantam
3292 3078 3535 3133 imhecii-

1945 3164 2149 3219 litatem
2175 3174 2228 3219 et
2254 3167 2529 3221 mollitiem
2552 3170 2806 3232 tribuere,
2830 3180 2885 3223 ut
2910 3183 3053 3224 metu
3076 3180 3139 3225 ac
3164 3181 3372 3227 terrore
3391 3191 3534 3228 tnur~

1868 3279 1912 3337 ρ
1948 3257 2014 3312 tis
2038 3254 2254 3328 percrlli
2287 3259 2673 3311 mistivuctnr?

2618 3372 2844 3428 ALIUD.

2012 3480 2269 3535 Servator
2295 3491 2466 3536 ntOtte
2492 3498 2590 3536 sua
2629 3496 2858 3539 mortem
2900 3486 3133 3543 abolevit
3156 3489 3227 3543 ⁸³.
3256 3488 3531 3556 Quemad-

1942 3572 2159 3626 modum
2213 3574 2376 3642 igitur
2423 3589 2571 3630 mors
2630 3576 2829 3631 abolita
2876 3594 2983 3635 non
3021 3578 3231 3647 fuisset,
3267 3580 3369 3637 nisi
3419 3585 3534 3653 ipse

1942 3674 2193 3719 mortuus
2239 3679 2403 3731 esset,
2442 3668 2515 3720 ita
2557 3670 2720 3723 etiam
2764 3670 2831 3725 de
2882 3671 3110 3742 singulis
3152 3675 3533 3732 aﬂ'ectionibus‘

1941 3757 2122 3813 carnis
2147 3759 2489 3815 sentiendum
2517 3770 2621 3815 est.
2660 3760 2773 3817 Nisi
2810 3764 2953 3818 enim
2990 3765 3078 3821 ille
3103 3766 3395 3834 timuisset,
3428 3786 3527 3824 na-

1942 3857 2063 3903 tura
2113 3859 2258 3905 metu
2304 3851 2531 3907 liberata
2563 3868 2669 3907 non
2718 3854 2931 3923 fuisset,
2983 3858 3082 3912 nisi
3129 3856 3409 3925 doluisset,
3463 3878 3530 3917 ne

1941 3952 2126 3998 noster
2149 3942 2365 4013 quidem
2386 3946 2538 4002 dolor
2557 3947 2804 4005 sublatus
2828 3962 2973 4007 esset
3006 3964 3018 4008 ι
3041 3956 3142 4009 nisi
3176 3958 3524 4026 perturbatus

1942 4036 2152 4101 fuisset,
2185 4049 2284 4092 nos
2312 4048 2573 4109 perpetuo
2608 4040 2661 4094 in
2702 4043 3113 4111 perturbatione
3153 4061 3518 4105 versaremur.

1940 4126 2249 4197 Eademque
2290 4130 2499 4185 ratione
2538 4134 2605 4186 de
2640 4132 2864 4203 reliquis
2897 4144 2951 4188 et
2995 4135 3221 4207 singulis
3268 4153 3390 4209 qua:
3428 4141 3529 4195 hu-

1941 4234 2101 4273 mano
2134 4235 2281 4276 more
2310 4222 2463 4288 liunt,
2492 4222 2768 4291 judicans,
2803 4225 3045 4282 invenies
3080 4230 3130 4283 in
3162 4230 3379 4287 Christo
3406 4248 3527 4287 Car-

1940 4311 2024 4364 nis
2047 4309 2363 4367 alTectiones
2394 4321 2568 4368 motas
2598 4332 2611 4368 :
2639 4331 2743 4370 non
2774 4326 2831 4372 ut
2860 4318 2911 4373 in
2942 4333 3004 4373 eo
3034 4316 3258 4388 perinde
3281 4332 3444 4395 atque
3469 4326 3523 4381 in

1940 4405 2096 4461 nobis
2134 4406 2421 4476 imperium
2471 4408 2799 4476 obtinerent,
2839 4414 2931 4466 sed
2969 4423 3026 4467 ut
3067 4426 3334 4485 supc'atze
3378 4420 3525 4475 dele-

1940 4506 2129 4551 rentur
2161 4498 2209 4551 vi
2236 4513 2300 4553 ac
2335 4500 2532 4555 virtute
2560 4500 2915 4560 inhabitantis
2942 4521 3168 4562 carnem
3200 4509 3382 4580 Verbi,
3416 4522 3523 4569 tra-

1863 4617 1907 4670 D
1939 4589 2097 4643 ducta
2128 4590 2179 4644 in
2214 4590 2491 4646 meliorem
2524 4602 2725 4648 statum
2758 4604 2970 4651 natura.

1938 4702 2103 4775 235
2142 4702 2369 4769 ALIUD,
2404 4705 2455 4757 in
2482 4705 2615 4759 illud
2640 4722 2657 4760 :
2686 4724 2703 4758 ι
2730 4707 2865 4763 Deus
2892 4726 3054 4775 metu,
3087 4712 3222 4769 Dcus
3249 4734 3389 4773 meus
3409 4722 3453 4751 "
3498 4741 3517 4773 δ

2010 4817 2063 4868 In
2094 4831 2255 4871 cruce
2285 4817 2591 4873 Servatoris
2626 4820 2795 4875 nostri
2830 4822 3029 4878 Christi
3064 4826 3521 4896 gloriamur,cre-

1934 4907 2219 4975 dimusqne
2248 4923 2345 4962 nos
2384 4924 2477 4976 per
2505 4912 2604 4963 hoc
2637 4912 2816 4968 salvos
2842 4916 3010 4970 factos
3036 4932 3179 4982 esse,
3214 4924 3357 4992 quod
3392 4925 3518 4979 Ver-

1937 4997 2062 5049 btnn
2087 4996 2176 5052 Dei
2204 5000 2275 5051 sit
2308 4997 2506 5054 factum
2534 5002 2692 5057 homo
2721 5014 2941 5074 propter
2964 5023 3085 5075 nos,
3119 5022 3172 5065 et
3205 5018 3521 5075 crucifixum

1937 5102 2035 5155 pro
2063 5090 2216 5142 nobis
2243 5131 2258 5155 ,
2298 5104 2355 5146 ut
2390 5107 2618 5149 mortem
2660 5100 2709 5152 in
2747 5101 2901 5155 nobis
2931 5103 3257 5172 destrueret,
3285 5126 3525 5167 rursum-

1936 5195 2041 5249 que
2068 5198 2167 5236 nos
2196 5186 2361 5239 simul
2388 5201 2511 5240 cum
2553 5190 2664 5259 ipso
2688 5194 2861 5263 erigat
2892 5210 2921 5248 e
2953 5201 3302 5269 corruptione
3336 5207 3401 5257 ad
3443 5206 3524 5260 in-

1935 5280 2343 5347 corruptionem
2377 5282 2675 5338 traductos.
2703 5282 3000 5353 Oportebat
3038 5290 3218 5361 itaque
3258 5297 3425 5349 etiam
3467 5301 3519 5353 in

1935 5367 2051 5435 ipso
2092 5371 2358 5437 passionis
2391 5388 2502 5427 suae
2549 5383 2792 5445 tempore
2841 5394 2967 5434 tere
3010 5383 3281 5441 hominem
3316 5388 3519 5445 factum

1930 5460 2125 5523 videri,
2183 5470 2235 5515 et
2264 5476 2364 5514 noo
2400 5462 2773 5533 imaginariam
2808 5474 3097 5540 quamdam
3141 5478 3372 5534 hominis
3401 5485 3518 5552 opi-

1935 5551 2150 5604 nionem
2185 5556 2250 5605 de
2278 5567 2341 5607 eo
2376 5557 2609 5625 concipi.
2638 5557 2876 5630 Eamque
2901 5564 2970 5618 ob
2994 5581 3235 5636 causam,
3271 5587 3389 5640 qua:
3421 5551 3523 5625 lto-

1936 5644 2064 5695 miui
2103 5646 2432 5700 conveniunt
2456 5646 2667 5703 locutus
2700 5661 2805 5717 est,
2840 5654 3027 5710 dicens
3062 5678 3074 5713 :
3116 5679 3131 5711 ι
3167 5662 3305 5714 Dcus‘
3344 5680 3518 5726 meum

1938 5734 2079 5789 Deus
2108 5752 2279 5803 meus,
2316 5753 2415 5792 cur
2472 5754 2557 5795 me
2592 5742 2975 5813 dereliquisti?
3011 5767 3028 5798 ›
3076 5759 3161 5803 et:
3206 5773 3221 5803 ι
3258 5753 3520 5813 Transeat

2354 5893 2397 5924 "
2427 5893 2465 5947 ll
2492 5894 2629 5949 Tim.
2678 5913 2716 5967 ι,
2762 5898 2846 5951 I0.
2926 5904 2972 5930 "
3006 5903 3193 5962 Matth.
3234 5925 3399 5979 μνη,
3429 5914 3517 5969 ~26.
