3988 6472
293 413 430 469 1173

1631 401 1718 457 DE
1756 400 2155 458 TBINITATE.

3419 400 3557 456 H76

293 528 504 599 ἑώρακε
532 527 619 582 τὸν
643 527 883 597 Πατέρα.
905 547 921 579 ι
952 527 1062 579 Καὶ
1090 525 1204 588 πῶς
1232 525 1294 578 σὺ
1319 524 1518 590 λέγεις,
1543 522 1724 586 Δεῖξον
1745 524 1875 591 ἡμῖν

1991 522 2180 588 inquit,
2227 521 2372 574 novit
2415 531 2468 573 et
2501 519 2736 575 Patrem.
2775 539 2791 571 ι
2825 518 3106 587 Quomodo
3157 532 3286 586 ergo
3341 525 3394 570 tu
3456 520 3560 581 ais,

291 619 382 672 τδν
402 618 622 690 Πατέρα
641 620 886 689 ;Ἕτερός
914 619 1050 688 είμι,
1079 619 1265 688 φησιν,
1296 615 1440 668 κατὰ
1470 614 1529 667 τὸ
1557 613 1869 685 πρόσωπον,

1974 611 2212 665 Ostende
2261 611 2416 666 nobis
2456 611 2711 666 Patrem?
2777 610 2960 673 Alius,
3011 609 3220 677 inquit,
3272 624 3392 664 sum
3443 623 3564 677 per-

293 713 352 765 ού
399 713 541 766 κατὰ
587 711 682 781 τὴν
729 710 922 777 φύσιν
970 711 1088 764 ὅλον
1129 713 1186 762 ὲν
1219 709 1366 779 αὐτῷ
1397 708 1597 778 (1)..τὸν
1654 706 1874 777 Πατέρα

1991 717 2127 768 tona,
2163 715 2268 755 non
2299 710 2514 767 natura,
2550 711 2716 756 totum
2750 702 2803 756 in
2841 701 3049 770 meipso
3083 701 3299 754 Patrem
3323 699 3565 754 circum-

296 803 617 874 πρριφέρωο
685 803 924 871 σφραγὶς
987 801 1095 872 γάρ
1157 803 1272 869 εἰμι
1342 799 1437 853 τοῦ
1512 801 1875 867 γεννήσαντος

1991 795 2113 858 Fero,
2148 808 2269 848 sum
2313 793 2457 847 enim
2504 793 2737 863 sigillum
2777 791 3009 862 genitori
3060 789 3432 854 simillimum,
3466 803 3565 858 pa-

294 891 734 960 ἁπαράλλακτος,
767 891 1055 962 χαρακτήρ
1086 891 1198 958 εἰμι
1221 887 1322 957 τῆς
1364 887 1458 940 τοῦ
1507 886 1718 956 Πατρὸς
1744 886 1875 937 ύπο-

299 982 559 1045 στάσεως,
581 982 744 1035 είκὼν
772 981 975 1052 φυσικὴ
997 981 1073 1051 τῷ
1089 982 1410 1050 γεννήσαντι
1434 979 1872 1046 συνυπάρχουσα’

296 1077 420 1128 ὅταν
454 1075 633 1126 τοίνυν
669 1075 796 1127 ἰδεῖν
827 1072 1087 1145 ἐθελήσῃς
1125 1074 1348 1136 ἐκεῖνον,
1379 1073 1459 1134 si;
1508 1069 1607 1140 ἐμὲ
1649 1064 1878 1121 ἀποϐλέ-

297 1163 425 1232 ψας,
455 1164 717 1234 ἑκάτερον
761 1163 914 1231 ὄψει’
961 1161 1084 1230 ὕψει
1131 1161 1187 1213 δὲ
1237 1161 1298 1213 οὐ
1346 1162 1459 1222 τοῖς
1503 1155 1597 1210 τοῦ
1630 1155 1878 1226 σώματος

295 1258 612 1328 ὀφθαλμοῖς,
647 1257 782 1310 ἀλλὰ
813 1257 924 1319 τοῖς
953 1255 1050 1324 τῆς
1087 1253 1322 1316 πίστεως
1345 1269 1361 1284 ο
1395 1254 1488 1305 καὶ
1518 1253 1629 1313 τοῖς
1657 1250 1755 1320 τῆς
1791 1247 1879 1301 πί-

298 1364 466 1411 στεως
516 1348 571 1400 δὲ
620 1345 894 1410 τοσοῦτον,
925 1346 1049 1398 ὅσον
1088 1345 1291 1411 γνῶναι
1339 1343 1438 1406 τὰς
1480 1341 1781 1413 ἐνεργείας,
1815 1341 1876 1391 ού

295 1441 398 1510 τὴν
433 1439 614 1508 φύσιν,
651 1439 683 1510 ἦ
713 1441 814 1509 τὴν
845 1439 1032 1491 ούσίαν
1059 1454 1068 1465 ·
1101 1438 1276 1490 πάντα
1307 1436 1417 1505 γὰρ
1451 1432 1575 1487 νοῦν
1608 1434 1641 1503 ὴ
1676 1431 1879 1498 ταύτης

299 1532 613 1603 ύπερόαίνει
636 1531 939 1600 κατάληψις
959 1546 972 1560 ⁸
997 1530 1076 1583 διὸ
1098 1529 1377 1598 ἐπήγαγεν
1396 1543 1408 1556 ·
1437 1545 1455 1578 ι
1480 1526 1556 1578 Ού
1579 1522 1878 1583 πιστεύεις,

296 1623 381 1675 ὄτι
409 1622 519 1692 ἐγὼ
553 1624 609 1676 ὲν
637 1621 716 1692 τῷ
740 1623 936 1692 Πατρὶ,
978 1623 1072 1674 καὶ
1099 1623 1127 1674 6
1156 1619 1346 1688 Πατὴρ
1372 1619 1429 1671 ἐν
1464 1615 1586 1687 ἐμοί
1618 1617 1767 1678 seu;
1815 1614 1881 1666 τὰ

299 1717 539 1788 ῥήματα,
568 1716 604 1771 6
636 1716 747 1782 ἐγὼ
781 1715 946 1780 λαλῶ,
991 1715 1084 1768 ἀπ’
1116 1710 1355 1781 ἐμαυτοῦ
1400 1711 1462 1764 ού
1507 1709 1673 1774 λαλῶ,
1705 1708 1821 1762 ἀλλ’
1853 1708 1881 1758 6

299 1807 487 1878 Πατήρ
535 1824 639 1878 μου
684 1808 712 1860 6
758 1807 816 1858 ὲν
844 1807 968 1877 ἐμοὶ
1014 1805 1212 1874 μένων,
1242 1806 1404 1867 αὐτὸς
1436 1806 1582 1858 ποιεῖ
1611 1803 1678 1854 τὰ
1720 1800 1878 1871 ἔργα.

1979 895 2146 940 terna:
2183 887 2355 954 ﬁgura
2401 883 2755 945 substantiae,
2797 881 3057 935 naturalis
3107 883 3285 950 imago
3324 879 3564 948 gignenti

1977 975 2332 1032 coexsistens.
2369 974 2505 1029 Cum
2531 989 2664 1044 ergo
2690 974 2841 1028 ilium
2873 973 3057 1027 videre
3089 972 3325 1026 volueris
3345 1012 3360 1039 ,
3387 972 3440 1025 in
3482 985 3568 1026 me

1981 1068 2214 1135 respice,
2239 1076 2293 1121 et
2315 1066 2534 1136 697m
2563 1078 2854 1135 utrumque
2879 1065 3105 1118 videbis.
3137 1062 3356 1117 Videbis
3385 1071 3566 1117 tamen

1983 1159 2123 1212 baud
2150 1158 2394 1227 corporis
2427 1157 2519 1212 sed
2555 1156 2678 1212 fidei
2716 1156 2928 1211 oculis:
2975 1166 3026 1209 et
3077 1153 3294 1223 quidem
3339 1163 3570 1206 eatenus

1985 1249 2102 1302 tidei
2137 1250 2338 1312 oeulis,
2382 1257 2654 1318 quatenus
2697 1247 3042 1316 operatioues
3083 1258 3413 1312 cognoscas,
3462 1259 3568 1297 non

1983 1346 2233 1390 naturam
2260 1347 2352 1389 aut
2383 1337 2786 1400 substantiam;
2820 1333 3116 1411 quamlibet
3147 1334 3292 1386 enim
3333 1341 3568 1388 mentem

1981 1428 2399 1496 comprehensio
2437 1429 2554 1484 hazc
2591 1428 2825 1482 excedit.
2859 1425 3066 1482 Idcirco
3110 1426 3360 1480 addidit:
3402 1444 3419 1478 ι
3451 1423 3569 1480 Non

1983 1523 2161 1578 credis
2213 1524 2338 1592 quia
2366 1538 2467 1593 ego
2489 1523 2541 1576 in
2572 1521 2752 1585 Patre,
2784 1530 2837 1574 et
2860 1519 3023 1575 Pater
3051 1522 3103 1573 in
3135 1535 3220 1574 me
3245 1519 3370 1575 est?
3395 1517 3568 1574 Verba

1983 1628 2102 1681 qua:
2135 1628 2236 1682 ego
2272 1613 2484 1680 loquor,
2538 1628 2568 1665 a
2609 1612 2815 1679 meipso
2859 1625 2965 1666 non
3006 1611 3220 1680 loquor,
3279 1612 3373 1666 sed
3410 1609 3575 1664 Pater

1986 1723 2140 1762 meus
2172 1707 2262 1776 qui
2301 1709 2353 1760 in
2391 1721 2475 1759 me
2526 1715 2745 1769 manet,
2784 1705 2900 1773 ipse
2946 1708 3112 1774 'opera
3161 1703 3308 1759 facit.
3353 1703 3574 1758 Credite

1985 1800 2128 1867 quod
2164 1813 2263 1867 ego
2320 1799 2372 1852 in
2423 1797 2605 1865 Patre,
2643 1807 2699 1852 et
2747 1798 2907 1852 Pater
2953 1799 3006 1852 in
3061 1811 3148 1852 me
3196 1807 3322 1852 est:
3373 1796 3574 1864 alioqui

304 1897 593 1951 Πιστεύετε
621 1914 710 1967 μοι
737 1898 818 1951 ὅτι
848 1897 960 1966 ἐγὼ
992 1899 1051 1950 ὲν
1079 1895 1156 1967 τῷ
1186 1897 1385 1970 Πατρὶ,
1423 1897 1516 1948 καὶ
1540 1896 1568 1947 6
1607 1892 1798 1963 Πατὴρ
1827 1893 1884 1943 ὲν

1991 1897 2208 1959 propter
2250 1904 2415 1957 opera
2464 1888 2578 1956 ipsa
2634 1888 2863 1942 credite.
2927 1907 2946 1940 ι
3006 1887 3064 1943 Si
3105 1902 3236 1956 ergo
3282 1888 3398 1957 ipse
3442 1887 3576 1942 dicit

297 1985 455 2054 ἔμοι·
489 1989 540 2042 εί
585 1988 643 2042 δὲ
691 1991 788 2060 μὴ,
821 1989 909 2043 διὰ
935 1988 1007 2042 τὰ
1035 1988 1176 2059 ἔργα
1226 1988 1369 2041 αὐτὰ
1411 1984 1720 2040 πιστεύετε.
1756 2004 1774 2034 ι
1817 1984 1882 2037 Εἰ

296 2075 476 2132 τοίνυν
500 2079 571 2133 τά
592 2080 735 2135 αὐτὰ
766 2079 844 2151 τῷ
867 2081 1043 2152 Πατρὶ
1075 2080 1393 2149 φθέγγεται,
1428 2080 1522 2134 καὶ
1549 2080 1577 2131 6
1612 2071 1802 2147 Πατὴρ
1826 2077 1884 2129 ὲν

297 2167 452 2239 αύτῷ
490 2170 639 2241 μένει
685 2173 779 2226 καὶ
817 2173 978 2236 αὐτὸς
1009 2175 1068 2227 ὲν
1099 2172 1178 2244 τῷ
1203 2171 1403 2242 Πατρὶ,
1446 2171 1540 2224 καὶ
1567 2172 1595 2223 6
1621 2167 1885 2239 ἑωρακὼς

299 2264 464 2320 αὐτὸν
507 2267 720 2337 ἑώρακε
769 2267 871 2321 τὸν
906 2267 1150 2339 Πατέρα,
1180 2269 1277 2322 καὶ
1302 2268 1330 2320 6
1358 2264 1649 2336 γινώσκων
1695 2262 1883 2325 αὑτὸν,

294 2355 392 2410 τὸν
440 2356 659 2428 Πατέρα
708 2359 1002 2427 γινώσκει,
1057 2360 1217 2432 δῆλον
1261 2359 1434 2414 ἅπασι
1482 2359 1594 2420 τοῖς
1643 2373 1708 2424 γε
1761 2352 1887 2407 νοῦν

298 2447 484 2518 ἔχουσι
509 2449 584 2513 ὡς
615 2449 715 2520 μία
741 2449 833 2504 τοῦ
861 2453 1073 2524 Πατρὸς
1106 2453 1202 2506 καὶ
1237 2451 1330 2505 τοῦ
1357 2449 1488 2504 Υἱοῦ
1516 2451 1562 2521 ᾖ
1589 2448 1768 2518 φύσις,
1793 2446 1888 2500 καὶ

300 2540 482 2593 πάντα
509 2539 623 2612 εχει
656 2541 722 2595 τὰ
749 2543 844 2596 τοῦ
874 2542 1090 2612 Πατρδς
1113 2545 1144 2597 6
1164 2543 1291 2606 Υἱός
1309 2560 1324 2575 ο
1359 2541 1420 2596 ού
1449 2541 1558 2612 γὰρ
1590 2540 1657 2594 ἂν
1685 2539 1889 2609 ἑτέρως

299 2624 500 2697 ῑδέιξεν
530 2635 589 2687 εν
616 2635 794 2705 ἑαυτῷ
825 2636 917 2690 τὸν
947 2636 1190 2708 Πατέρα,
1224 2639 1274 2690 εί
1301 2637 1376 2708 μὴ
1405 2637 1585 2691 πάντα
1613 2631 1758 2706 εἶχεν
1787 2634 1888 2686 ὅσα

298 2722 328 2774 6
374 2722 581 2794 Πατὴρ,
610 2724 751 2796 πλὴν
795 2726 966 2797 αὐτῆς
1010 2727 1112 2796 τῆς
1155 2728 1529 2798 πατρότητος·
1575 2726 1733 2780 τοῦτο
1779 2724 1890 2794 γὰρ

302 2812 432 2867 ἴδιον
465 2815 560 2868 τοῦ
594 2817 829 2888 Πατρὸς,
859 2818 1051 2890 ὥσπερ
1083 2819 1178 2873 τοῦ
1206 2819 1338 2873 Υἱοῦ
1366 2821 1399 2890 ἡ
1437 2818 1642 2888 υίότης.

340 2926 437 2980 IZ'.
465 2926 666 2996 Ἑτέρα
700 2929 1042 3055 ἀπόδειξιςό
1067 2932 1210 3055 too;-
1245 2929 1402 2986 εἶναι
1440 2932 1550 2986 τὸν
1596 2931 1737 2985 Υίὸν
1775 2928 1855 2996 τῷ

1043 3018 1149 3055 ατο
1182 3042 1196 3055 .

1043 3018 1196 3071 ατρι.

373 3088 588 3160 Ταύτην
636 3090 856 3160 ἰσότητα
898 3091 992 3145 καὶ
1031 3092 1301 3162 ἑτέρωθεν
1339 3093 1456 3151 εστι
1496 3091 1712 3162 μαθεῖν.
1743 3086 1888 3149 Eius

303 3177 434 3271 γὰρ,
462 3178 918 3271 φησὶν,ό⁹ῐησοῦς
939 3197 954 3212 ο
987 3199 1006 3233 ι
1025 3180 1141 3235 Νῦν
1173 3180 1433 3252 ἐδοξάσθη
1463 3184 1492 3236 6
1513 3181 1643 3246 Υίδς
1674 3181 1769 3236 τοῦ
1795 3183 1889 3236 ἀν·
1918 3211 1962 3271 c

303 3269 547 3341 θρώπου,
580 3270 673 3324 καὶ
717 3271 747 3324 6
788 3270 922 3336 Θεὸς
967 3271 1228 3343 ἐδοξάσθη
1273 3275 1333 3326 ὲν
1379 3273 1550 3344 αύτῷ,
1581 3275 1678 3329 καὶ⁸
1704 3277 1734 3328 6
1759 3273 1890 3339 Θεὸς

300 3360 518 3427 δοξάσει
532 3361 696 3414 αὐτὸν
715 3364 774 3416 ὲν
795 3363 996 3433 ἑαυτῷ,
1018 3363 1115 3417 καὶ
1135 3363 1299 3429 εὐθὺς
1317 3365 1534 3431 δοξάσει
1556 3365 1740 3420 αὐτόν.
1754 3366 1894 3419 »Καὶ

306 3451 468 3505 πάλιν
485 3467 500 3483 ο
529 3470 548 3504 ι
573 3454 774 3523 Πάτερ,
801 3456 833 3525 ἡ
859 3453 978 3522 ὥρα
1004 3455 1252 3527 ιλήλυθε,
1270 3457 1492 3523 δόξασόν
1516 3476 1611 3513 σου
1633 3459 1723 3511 τὸν
1741 3457 1890 3524 Υίδν,

304 3540 390 3594 ῐνα
422 3540 517 3595 καὶ
543 3541 573 3594 6
601 3542 728 3607 Υίός
759 3560 852 3597 σου
885 3544 1082 3617 δοξάσῃ
1117 3563 1199 3601 σε.
1232 3548 1326 3600 »Ὦ
1351 3548 1448 3619 τῆς
1479 3549 1893 3621 ὑπερϐαλούσης

303 3634 415 3686 τῶν
462 3633 756 3705 αίρετικῶν
799 3635 1166 3707 ἀϐελτηρίαςί
1198 3636 1437 3705 Μείζων,
1468 3641 1653 3711 φησιν,
1679 3643 1708 3695 6
1738 3641 1896 3706 δοξάο

305 3725 415 3790 ζων
440 3724 536 3779 τοῦ
565 3724 952 3796 δοξαζομένουο
996 3730 1092 3783 καὶ
1122 3729 1334 3798 δοξάζει
1383 3732 1484 3802 μὲν
1509 3733 1538 3785 6
1567 3733 1777 3804 Πατὴρ,
1809 3736 1893 3790 δο-

307 3813 528 3882 ξάζεται
560 3817 617 3871 δὲ
638 3817 667 3869 6
684 3819 842 3882 Υίός·
869 3820 1071 3890 μείζων
1097 3817 1194 3877 οὖν
1219 3823 1329 3894 ἄρα
1349 3822 1445 3877 τοῦ
1469 3824 1600 3878 Υἱοῦ
1626 3826 1655 3878 6
1676 3826 1890 3898 Πατήρ.

306 3908 371 3961 Ei
398 3907 576 3962 τοίνυν
602 3909 631 3962 6
660 3908 790 3973 Υίδς
832 3909 934 3964 ούκ
981 3910 1241 3984 ἐδοξάσθη
1279 3913 1463 3984 μόνον,
1494 3915 1633 3970 6116
1667 3916 1760 3971 καὶ
1799 3918 1892 3972 τὸν

303 3999 602 4068 δοξάσαντα
623 4000 895 4067 ἰδόξασεν,
923 4004 1086 4058 ποίαν
1110 4004 1298 4076 χώραν
1321 4005 1476 4078 σχοίη
1499 4007 1560 4061 τὸ
1584 4009 1768 4078 μεῖζον
1795 4010 1895 4064 καὶ

308 4094 371 4146 τὸ
399 4091 618 4147 ἔλαττον
638 4111 653 4160 ;
677 4095 726 4147 εί
764 4094 839 4166 μὴ
867 4096 975 4166 ἄρα
1001 4097 1145 4151 κατά
1172 4098 1270 4169 τὴν
1296 4098 1406 4152 τῶν
1427 4101 1739 4172 εἰρημένων
1761 4103 1895 4155 6:0-

305 4184 528 4240 λουθίαν
553 4186 706 4257 παρὰ
736 4186 829 4240 τὸν
866 4187 1162 4254 δοξάζοντα
1203 4191 1521 4260 μεταϐαίνει
1558 4191 1620 4246 τὸ
1664 4182 1849 4264 μεῖζον
1873 4235 1889 4258 ,

309 4278 406 4332 καὶ
429 4278 604 4343 οὕτως
627 4279 982 4352 εὑρεθήσεται
1004 4285 1034 4336 6
1063 4283 1214 4348 Υίδς,
1235 4283 1472 4338 ἐλάττων
1503 4285 1602 4356 μὲν
1631 4285 1790 4356 ἡνίκα
1825 4285 1892 4340 ἂν

305 4368 619 4441 δοξάζηται,
658 4369 859 4441 μείζων
900 4371 958 4425 δι
989 4372 1151 4443 ἡνίκα
1184 4371 1252 4427 ἂν
1285 4372 1513 4448 δοξάζῃο
1543 4374 1681 4429 6116
1705 4376 1768 4430 τὸ
1800 4376 1890 4430 λέ-

308 4476 426 4528 γειν
444 4459 639 4526 ταῦτα,
662 4460 1048 4531 παραπληξίας
1069 4464 1167 4517 καὶ
1196 4464 1395 4533 μανίας
1421 4465 1680 4536 ἐσχάτης·
1695 4467 1758 4519 ού
1783 4466 1890 4538 γὰρ

1985 1981 2172 2034 eadem
2198 1993 2317 2046 quae
2342 1979 2541 2046 Pater;
2569 1979 2616 2033 si
2650 1978 2814 2034 Pater
2846 1979 2900 2034 in
2940 1981 3055 2048 ipso
3083 1987 3264 2033 manet
3288 1988 3344 2033 et
3373 1978 3500 2048 ipse
3519 1980 3573 2032 in

1987 2072 2182 2135 Patre;
2212 2079 2268 2125 et
2295 2071 2388 2140 qui
2420 2071 2596 2140 ipsum
2641 2071 2795 2136 vidit,
2837 2070 2971 2125 vidit
3007 2080 3062 2126 et
3103 2070 3352 2135 Patrem;
3389 2078 3449 2126 et
3484 2069 3576 2138 qui

1986 2163 2235 2218 eumdem
2279 2162 2460 2226 novit,
2498 2162 2646 2217 novit
2682 2170 2737 2216 et
2766 2162 3021 2228 Patrem;
3064 2170 3281 2217 constat
3322 2161 3576 2217 omnibus

1987 2257 2081 2326 qui
2115 2265 2296 2310 mente
2345 2256 2561 2324 quidem
2603 2269 2710 2309 non
2756 2265 3000 2321 careant,
3031 2268 3192 2309 unam
3239 2268 3362 2308 esse
3397 2251 3578 2306 Patris

1990 2346 2222 2417 Filiique
2249 2357 2524 2413 naturam,
2547 2356 2605 2402 et
2624 2347 2805 2402 omnia
2828 2347 3031 2402 habere
3075 2362 3198 2418 quae
3221 2355 3349 2402 sunt
3373 2344 3578 2407 Patris,

1991 2439 2212 2496 Filium.
2245 2438 2435 2509 Neque
2456 2439 2603 2494 enim
2643 2439 2801 2496 aliter
2839 2440 3060 2496 Patrem
3091 2438 3145 2494 iu
3173 2439 3352 2506 seipso
3377 2452 3578 2507 reprc-

1989 2540 2255 2596 sentaret,
2287 2532 2389 2587 nisi
2439 2532 2623 2586 omnia
2674 2532 2904 2587 haberet
2949 2545 3071 2601 quae
3120 2529 3306 2595 Pater,
3351 2537 3578 2598 excepta

1989 2626 2358 2695 paternitate;
2390 2634 2474 2680 est
2508 2625 2652 2680 enim
2682 2625 2796 2679 haec
2821 2622 3002 2680 Patris
3023 2622 3266 2696 propria,
3291 2621 3432 2677 sicut
3455 2616 3581 2675 Filii

1991 2716 2208 2771 ﬂlietas.

1990 2915 2154 2974 XVII.
2198 2917 2381 2973 Altera
2422 2919 2805 3043 demonstra?
2853 2920 2994 2988 quod
3040 2919 3265 2990 aqualis
3313 2917 3467 2972 Patri
3511 2919 3581 2973 ait

2780 3005 2884 3043 tua.

2066 3077 2219 3132 lianc
2265 3078 2484 3134 aliunde
2521 3094 2738 3150 quoque
2781 3079 2995 3136 discere
3040 3077 3407 3150 aequalitatem
3455 3092 3584 3147 pos-

1995 3184 2207 3226 sumus.
2237 3169 2386 3224 Dixit
2426 3172 2572 3226 enim
2613 3171 2816 3227 Iesus:
2871 3190 2890 3224 ι
2931 3171 3088 3227 Nunc
3125 3171 3456 3228 clariticatus
3500 3181 3585 3226 est

1994 3260 2168 3317 Filius
2213 3262 2470 3328 hominis,
2519 3270 2576 3317 et
2631 3263 2771 3319 Deus
2824 3263 3156 3320 cIarilicatus
3186 3273 3272 3318 est
3317 3264 3370 3318 in
3405 3278 3494 3328 eo,
3529 3272 3586 3318 et

1996 3353 2139 3409 Deus
2165 3353 2488 3410 cIariﬂcnbit
2522 3355 2668 3410 illum
2706 3356 2759 3410 in
2792 3356 3112 3425 semetipso,
3144 3364 3198 3410 et
3231 3357 3450 3424 quidem
3479 3365 3587 3409 sta-

1996 3446 2093 3501 tim
2148 3445 2560 3503 clariﬁcabit“.
2623 3467 2642 3500 ι
2688 3448 2757 3503 Et
2818 3464 3054 3505 rursus:
3114 3467 3132 3500 ι
3175 3448 3374 3514 Pater,
3437 3446 3588 3502 venit

1997 3538 2154 3604 hora,
2184 3537 2421 3594 clarilica
2451 3537 2648 3593 Filium
2677 3547 2852 3605 tuum,
2886 3547 2944 3592 ut
2969 3548 3025 3593 et
3052 3537 3228 3593 Filius
3261 3547 3384 3592 tuus
3415 3535 3586 3592 clari-

1996 3627 2120 3682 licet
2154 3639 2208 3684 te
2233 3628 2298 3681 ⁸⁸.
2333 3647 2353 3681 ι
2409 3627 2455 3682 Ο
2504 3628 2772 3683 inﬁnitam
2827 3629 3208 3685 hereticorum
3254 3625 3579 3682 stultitiam!

1997 3719 2169 3791 Major
2195 3732 2302 3787 est,
2331 3721 2507 3787 aiunt,
2550 3720 2860 3776 clariﬁcans
2902 3718 3227 3775 clariﬁcato.
3257 3716 3334 3772 En
3377 3715 3585 3772 clarili-

1995 3823 2080 3867 cat
2105 3811 2289 3880 Pater,
2322 3811 2490 3866 Filius
2521 3828 2652 3867 vero
2682 3813 3056 3877 clariﬁcatur;
3085 3811 3257 3880 major
3287 3824 3417 3880 ergo
3448 3807 3586 3862 Filio

1995 3903 2176 3960 Pater.
2201 3905 2364 3974 Atqui
2394 3903 2439 3958 si
2464 3903 2634 3959 Filius
2661 3919 2766 3958 non
2797 3903 2970 3959 solum
2998 3911 3080 3958 est
3109 3900 3463 3963 clarificatus,
3488 3898 3584 3954 sed

1993 3995 2158 4052 etiam
2202 3995 2596 4053 cIarilicantcm
2631 3994 2970 4059 clariﬁcavit,
3003 3992 3228 4063 quinam
3262 3993 3350 4046 hic
3384 3990 3584 4060 majori

1994 4103 2059 4144 ac
2084 4087 2280 4143 minori
2314 4097 2564 4158 superest
2584 4086 2770 4143 locus?
2802 4085 2914 4140 Nisi
2947 4085 3107 4150 forte,
3136 4093 3196 4138 ut
3219 4099 3286 4138 es
3311 4079 3586 4152 praedictis

1994 4186 2443 4248 couseQueretur,
2479 4178 2651 4248 major
2676 4176 2916 4250 dignitas
2965 4175 3164 4231 transit
3217 4174 3284 4230 ad
3327 4189 3450 4230 eum
3491 4173 3584 4243 qui

1994 4268 2298 4336 cIarilicat;
2331 4269 2402 4324 ita
2438 4280 2496 4324 ut
2531 4268 2699 4325 Filius
2726 4269 2906 4324 minor
2933 4267 3134 4324 evadat
3161 4282 3284 4323 cum
3317 4264 3586 4322 clariﬁca-

1995 4374 2120 4429 tur;
2169 4363 2343 4430 major
2375 4377 2499 4418 cum
2530 4362 2799 4418 clariticat
2841 4380 2854 4416 :
2891 4376 3012 4432 quae
3058 4361 3163 4417 dici
3203 4360 3322 4414 sine
3367 4373 3580 4414 summa

1993 4455 2292 4511 stoliditate
2337 4464 2392 4511 et
2441 4455 2678 4510 amentia
2726 4464 3021 4524 nequeunt.
3089 4453 3276 4524 Neque
3319 4451 3466 4508 enim
3515 4465 3582 4505 ex

307 4552 370 4605 τὸ
396 4551 582 4624 μεῖζον
612 4554 706 4607 καὶ
733 4553 796 4606 τὸ
823 4552 1046 4610 ἔλαττον
1079 4555 1353 4620 ἐντεῦθεν,
1375 4557 1438 4611 τὸ
1465 4557 1523 4611 δὲ
1543 4559 1656 4612 ῐσον
1679 4559 1885 4630 Πατρδς

1997 4547 2269 4615 praedictis
2293 4548 2469 4619 majus
2492 4548 2574 4603 vel
2605 4549 2806 4612 minus,
2825 4547 2918 4602 sed
2941 4545 3308 4615 aequalitatem
3321 4543 3498 4599 Patris
3519 4557 3585 4596 ac

307 4643 406 4699 καὶ
433 4641 564 4696 Υίοῦ
585 4643 956 4715 διδασκόμεθα
974 4661 987 4674 ·
1013 4645 1284 4716 ἀκούομεν
1309 4648 1419 4719 γάρ
1444 4649 1522 4712 ὡς
1543 4649 1636 4703 καὶ
1656 4651 1684 4702 6
1707 4648 1893 4720 Πατὴρ

307 4733 521 4801 δοξάζει
556 4734 705 4795 Υίδν,
732 4736 828 4789 καὶ
859 4735 1142 4803 δοξάζεται
1191 4739 1283 4806 ὑφ’
1322 4737 1489 4792 Υίοῦο
1531 4739 1626 4792 καὶ
1652 4738 1780 4807 Υίδς
1806 4739 1892 4793 δο-

311 4824 534 4891 ξάζεται
566 4828 671 4879 ὑπὸ
711 4827 806 4881 τοῦ
842 4829 1076 4900 Πατρδς,
1106 4830 1201 4883 καὶ
1227 4829 1440 4897 δοξάζει
1487 4831 1578 4884 τὸν
1629 4832 1849 4903 Πατέρα
1873 4849 1888 4862 ο

310 4914 394 4969 δτι
423 4915 455 4968 6
483 4915 869 4986 δεδοξασμένος
909 4919 1008 4990 ούχ
1043 4919 1072 4972 6
1122 4920 1197 4991 μὴ
1245 4915 1393 4991 εἶχεν
1440 4922 1684 4994 εἴληφεν,
1721 4923 1837 4976 ἀλλ’
1863 4924 1892 4976 ὃ

311 4999 489 5075 εἶχεν·
521 5007 581 5058 ιν
609 5005 760 5077 αὐτῷ
783 5006 862 5078 τῷ
886 5008 1072 5079 χωρίῳ
1115 5010 1273 5064 τοῦτο
1297 5011 1539 5067 διδάσκει
1562 5030 1574 5046 ο
1607 5033 1624 5064 ι
1657 5015 1890 5079 Δόξασόν

316 5116 382 5168 με
409 5099 538 5170 γὰρ,
563 5100 718 5169 φησὶ,
743 5102 892 5172 παρὰ
915 5102 1117 5173 σαυτῷ.
1149 5105 1236 5170 σὺ,
1267 5105 1469 5176 Πάτερ,
1499 5109 1566 5177 τῇ
1599 5107 1725 5180 δόξῃ
1815 5105 1891 5163 si-

314 5207 429 5260 χον.
462 5189 571 5261 πρὸ
594 5189 689 5243 τοῦ
714 5191 805 5244 τὸν
836 5191 1038 5262 κόσμον
1065 5187 1228 5256 εἶναι,
1261 5195 1408 5266 παρὰ
1433 5196 1538 5254 σοί.
1572 5216 1590 5248 ι
1627 5198 1690 5251 Ei
1716 5198 1773 5252 δὲ
1799 5201 1890 5254 καὶ

315 5281 423 5351 πρὸ
447 5282 541 5337 τοῦ
573 5281 664 5337 τὸν
695 5283 900 5353 κόσμον
921 5283 1195 5353 γενέσθαι,
1222 5285 1424 5358 ταύτην
1447 5288 1558 5360 ἔχοι
1580 5290 1679 5360 τὴν
1708 5290 1887 5356 δόξαν,

314 5373 432 5437 πῶς
469 5376 614 5428 aitet
648 5374 834 5428 λαϐεῖν
869 5375 898 5429 ὃ
935 5371 1079 5448 εἶχεν
1117 5379 1237 5443 άείς

1993 4638 2114 4694 Filii
2157 4641 2435 4696 docemur.
2479 4641 2744 4695 Audimus
2780 4639 2926 4694 enim
2957 4637 3182 4709 898m
3203 4635 3404 4691 Filium
3425 4650 3456 4689 a
3480 4634 3582 4690 Pa-

1993 4741 2074 4787 tre
2093 4732 2406 4798 ciariticari,
2428 4731 2780 4802 vicissimque
2801 4745 2832 4786 a
2863 4729 3000 4785 Filio
3017 4730 3238 4784 Patrem
3264 4745 3278 4784 :
3299 4736 3354 4784 et
3385 4727 3580 4784 Filium

1989 4823 2279 4879 clariﬁcari
2307 4841 2335 4878 a
2369 4823 2554 4888 Patre,
2581 4833 2639 4879 et
2659 4839 2786 4880 eum
2815 4822 2978 4878 simul
3005 4820 3312 4878 clariﬁcare
3339 4821 3581 4876 Patrem.

1989 4915 2126 4970 Nam
2161 4917 2253 4986 qui
2283 4917 2614 4972 clarificatus
2643 4925 2747 4980 est,
2781 4931 2886 4970 non
2918 4915 3062 4986 quod
3099 4929 3205 4970 non
3238 4914 3476 4968 habebat
3499 4930 3588 4968 ac-

1993 5010 2155 5078 cepit,
2195 5009 2289 5064 sed
2329 5008 2474 5080 quod
2527 5023 2717 5075 reapse
2761 5007 2872 5078 jam
2926 5007 3184 5062 habebat.
3242 5004 3417 5072 Quam
3468 5020 3582 5061 rem

1993 5101 2181 5156 eodem
2217 5102 2413 5157 inloco
2444 5116 2543 5155 nos
2580 5101 2739 5156 docet
2769 5119 2783 5154 :
2812 5119 2832 5150 ι
2875 5098 3127 5155 Clariiica
3162 5097 3308 5153 enim
3359 5107 3467 5161 me,
3499 5097 3581 5152 in-

1995 5193 2134 5260 quit,
2181 5193 2320 5260 apud
2359 5193 2704 5262 temetipsum
2757 5202 2839 5253 tu,
2884 5189 3068 5255 Pater,
3113 5189 3369 5245 claritate
3417 5203 3580 5258 quam

1993 5283 2156 5339 habui
2188 5285 2504 5355 priusquam
2535 5284 2768 5339 mundus
2798 5292 2964 5348 esset,
2984 5287 3126 5352 apud
3151 5291 3205 5336 te
3233 5281 3373 5335 “°“.
3400 5302 3420 5335 ι
3461 5281 3583 5336 Jam

1999 5377 2046 5431 si
2083 5387 2212 5432 ante
2250 5392 2411 5446 quam
2439 5377 2672 5432 mundus
2703 5375 2891 5439 ﬂeret,
2918 5376 3058 5431 hanc
3098 5375 3326 5445 gloriam
3369 5373 3582 5437 habuit,

2001 5468 2273 5536 quomodo
2322 5469 2375 5524 id
2421 5468 2664 5540 postulat
2715 5467 2962 5537 accipere
3019 5468 3162 5538 quod
3214 5479 3431 5535 semper
3485 5463 3588 5518 ba-

2001 5558 2152 5613 buit?

389 5679 609 5734 “Joan.
644 5697 762 5746 xm,
802 5684 887 5740 3i.
964 5687 1008 5719 “
1041 5686 1193 5742 Joan.
1245 5705 1372 5756 xrtt,
1411 5691 1458 5745 l.
1534 5689 1820 5746 “'“Joan.
1858 5705 1989 5760 xm,
2012 5692 2064 5746 5.

391 5823 467 5896 (l)
505 5826 580 5882 Ita
607 5826 726 5882 cod.
759 5827 864 5885 Sed
892 5831 1035 5885 malo
1067 5828 1306 5901 ἐμαυτῷ.
