3988 6506
476 452 614 511 H75

1462 451 1522 507 Β.
1562 451 1838 508 CYRILLI
1880 444 2345 507 ALEXANDRINI
2384 446 2707 505 ARCHIEP.

3581 445 3702 502 ηπ

474 563 657 620 XVIII.
712 562 865 630 Quod
899 580 1007 620 una
1055 572 1131 620 ut
1185 564 1360 618 Patris
1406 580 1470 619 ac
1526 562 1657 619 Filii
1710 563 2027 620 dominatio.

2201 562 2309 616 ιη’.
2349 563 2476 616 Ὅτι
2501 563 2613 632 μία
2639 564 2871 631 Πατρὸς
2892 561 2992 617 καὶ
3039 561 3177 616 Υἱοῦ
3222 557 3258 627 ἡ
3294 559 3643 614 δεσποτεία.

544 678 747 733 Deinde
776 692 897 732 eum
930 668 1407 732 demonstravisset
1441 691 1502 731 se
1533 692 1640 732 non
1671 676 1841 732 solum
1869 675 2030 732 clari-

475 767 648 833 llcari,
682 783 863 822 verum
912 767 1076 823 etiam
1123 768 1359 823 vicissim
1401 768 1745 833 clarillcare,
1790 767 2027 823 addidit:

480 879 497 909 ι
535 857 866 911 Mauilestavi
897 873 1091 911 nomen
1125 865 1277 912 tuum
1300 858 1610 913 hominibus
1626 859 1693 912 “.
1732 877 1750 910 ι
1782 858 1846 912 Et
1876 858 2032 925 paulo

473 955 613 1018 post,
679 947 1053 1002 hareticorum
1111 962 1203 1002 ora
1240 948 1521 1018 oppilans:
1587 968 1606 1001 ι
1650 948 1787 1013 Mea,
1837 947 2031 1017 inquit,

472 1040 649 1093 omnia
699 1047 791 1093 tua
836 1048 1003 1103 sunt,
1048 1047 1104 1093 et
1141 1047 1228 1092 tua
1278 1053 1395 1093 mea
1441 1039 1488 1071 “
1527 1040 1639 1108 (l);
1676 1058 1696 1090 ι
1749 1054 1853 1093 non
1901 1053 2033 1093 sane

474 1142 812 1182 communem
846 1128 1092 1182 dividens
1116 1128 1559 1192 dominationem,
1607 1143 1783 1198 neque
1819 1129 1920 1183 alia
1965 1129 2033 1183 ad

474 1233 533 1272 se
565 1226 829 1286 spectare,
863 1218 965 1271 alia
1012 1220 1079 1273 ad
1126 1217 1366 1285 Patrem,
1398 1219 1768 1275 demonstrare
1807 1221 2030 1284 volens;

474 1310 565 1362 sed
596 1308 848 1377 quoniam
882 1309 916 1363 ii
946 1310 1036 1379 qui
1070 1310 1276 1364 nullum
1316 1320 1503 1366 contra
1538 1311 1884 1381 Uuigenitum
1916 1311 2033 1366 bla—

474 1400 731 1467 sphemiae
773 1414 942 1469 genus
989 1402 1265 1463 omittunt,
1313 1401 1487 1471 ipsum
1528 1403 1743 1472 quidem
1793 1403 2039 1471 accipere

475 1491 645 1555 aiunt,
670 1493 760 1546 sed
780 1492 990 1547 Patrem
1021 1495 1172 1559 dare,
1200 1497 1537 1550 demonstrat
1562 1496 1746 1565 utique
1766 1510 1826 1551 se
1850 1510 2035 1567 parem

474 1582 620 1637 Patri
673 1583 872 1638 habere
916 1600 1097 1640 rerum
1138 1587 1377 1641 omnium
1423 1587 1859 1643 dominationem.
1901 1586 2033 1642 Nam

481 1694 498 1725 ι
534 1674 669 1740 Mea,
699 1675 893 1744 inquit,
924 1677 1124 1741 omnia,
1162 1686 1249 1730 tua
1280 1686 1423 1743 sunt,
1454 1686 1509 1731 et
1551 1687 1636 1730 tua
1670 1692 1819 1742 mea;
1859 1695 1877 1728 ι
1913 1692 2036 1746 pro-

475 1762 617 1818 lecto
647 1780 749 1818 non
782 1766 1164 1820 dominationis
1190 1766 1532 1833 divisionem,
1571 1767 1666 1822 sed
1693 1767 2035 1823 communio-

478 1871 595 1909 nem
626 1872 725 1912 nos
749 1859 969 1913 docens.

545 1947 649 2001 Sed
679 1949 819 2002 enim
847 1949 1022 2004 sentio
1052 1964 1137 2004 me
1172 1950 1312 2005 hunc
1352 1951 1419 2005 de
1464 1950 1568 2005 ﬁde
1606 1965 1912 2007 sermonem
1944 1952 2035 2005 diu

473 2037 828 2103 produxisse;
861 2054 983 2093 cum
1022 2050 1200 2095 tamen
1246 2042 1401 2109 quasi
1438 2057 1544 2095 uno
1572 2042 1809 2110 capitulo
1844 2042 2037 2097 delini-

479 2130 679 2183 tionem
730 2129 848 2197 ejus
902 2145 987 2184 me
1030 2132 1543 2202 comprehensurum
1595 2134 1693 2187 sub
1757 2133 1911 2187 initio
1958 2132 2036 2205 ('2)

476 2220 871 2287 promisissem.
925 2220 1060 2275 Nam
1112 2237 1233 2276 cum
1301 2237 1367 2277 ex
1426 2221 1733 2291 evangelica
1792 2221 2037 2277 doctrina

476 2313 950 2369 demonstrandam
996 2317 1356 2382 suscepissem
1386 2312 1661 2384 Unigeniti
1693 2313 2032 2382 dignitatem,

482 2404 774 2473 longiorem
802 2418 963 2473 quam
990 2404 1339 2473 promiseram
1368 2403 1467 2458 ieci
1508 2418 1843 2466 sermonem,
1869 2418 2037 2473 quan-

473 2509 633 2562 quam
676 2495 726 2548 in
766 2495 894 2561 ipsis
928 2504 1169 2550 textuum
1205 2495 1743 2564 interpretationibus
1785 2494 2037 2549 brevitati

475 2586 674 2639 studui.
723 2585 891 2655 Igitur
939 2587 1043 2656 piis
1091 2586 1417 2642 Christianis
1465 2586 1727 2656 ablegatis
1774 2586 1839 2639 ad
1893 2586 2039 2654 ipsos

476 2690 587 2733 tum
618 2679 977 2750 evangelicos,
1006 2687 1115 2733 tum
1143 2678 1486 2749 proplteticos
1518 2678 1703 2743 libros,
1737 2677 1826 2747 qui
1852 2691 2041 2732 omnes

476 2770 740 2840 theologia
770 2770 837 2825 de
868 2769 1003 2823 Filio
1037 2769 1366 2833 redundant,
1399 2783 1495 2839 ego
1524 2769 1740 2838 quidem
1780 2767 2041 2838 propositi

476 2860 543 2913 de
573 2859 837 2914 Triuitate
872 2860 1171 2930 argumenti
1200 2860 1395 2914 seriem
1421 2874 1741 2928 prosequar.

757 2968 922 3040 699
947 2988 995 3023 m
1033 2967 1174 3023 XIX.
1206 2968 1282 3023 De
1312 2967 1516 3038 Spiritu
1547 2977 1750 3023 sancto.

547 3080 828 3137 Credimus
855 3095 1003 3149 ergo,
1023 3090 1079 3133 ut
1101 3080 1213 3150 jam
1244 3079 1376 3146 dixi,
1397 3079 1449 3132 in
1478 3078 1644 3133 Deum
1677 3077 1889 3133 Patrem
1919 3077 2042 3133 abs-

478 3186 582 3237 que
630 3170 930 3239 principio,
989 3178 1039 3225 et
1093 3172 1143 3222 in
1178 3170 1342 3222 Deum
1377 3179 1705 3223 coaeternum
1738 3169 2037 3223 naturalem

481 3260 695 3325 Filium,
737 3274 798 3314 ex
827 3258 989 3313 Patre
1021 3260 1234 3327 quidem
1264 3256 1526 3326 genitum,
1576 3258 1672 3311 sed
1713 3266 1887 3311 tamen
1918 3272 2038 3312 cum

480 3348 644 3404 Patre
673 3364 888 3418 semper
934 3350 1307 3411 exsistentem,
1340 3348 1494 3417 juxta
1550 3348 1917 3418 evangelicum
1956 3348 2042 3402 di-

480 3454 666 3497 ctum:
723 3462 740 3494 ι
797 3443 856 3497 ln
905 3441 1172 3510 principio
1234 3449 1350 3495 erat
1399 3439 1656 3493 Verbum.
1706 3458 1723 3490 ι
1762 3439 2045 3493 Credimus

480 3532 643 3586 etiam
696 3531 748 3586 in
790 3530 1051 3599 Spiritum
1100 3537 1370 3591 sanctum,
1419 3536 1647 3590 rectum,
1686 3528 2043 3598 dirigentem,

482 3622 703 3685 bonum,
747 3620 1162 3685 consolatorem,
1218 3634 1283 3673 ex
1338 3620 1444 3674 Deo
1491 3619 1892 3688 procedentem,
1939 3635 2045 3675 non

483 3714 755 3784 genitum;
793 3726 933 3767 unus
964 3712 1111 3766 enim
1148 3721 1232 3766 est
1276 3710 1637 3780 Unigenitus;
1676 3725 1847 3777 neque
1893 3726 2047 3765 crea-

486 3814 622 3870 tum,
655 3818 918 3873 nusquam
947 3804 1091 3857 enim
1129 3802 1182 3856 in
1219 3802 1397 3857 divina
1435 3801 1713 3870 Scriptura
1749 3817 1869 3855 eum
1896 3817 2047 3855 com-

484 3896 725 3965 perimus
775 3894 850 3948 rei
892 3902 1088 3948 creatae
1135 3901 1566 3955 annumeratum,
1608 3892 1702 3945 sed
1753 3894 1803 3944 in
1857 3893 2044 3946 eodem

484 4001 606 4040 cum
642 3985 801 4040 Patre
829 3999 893 4040 ac
934 3984 1069 4039 Filio
1096 3986 1286 4039 ordine
1330 3986 1589 4052 positum.
1635 3984 1813 4053 Ipsum
1863 3992 2042 4038 autetn

484 4077 551 4132 de
608 4077 767 4131 Patre
825 4077 1210 4145 procedentem
1262 4075 1585 4139 audivimus,
1648 4089 1821 4144 neque
1868 4085 2045 4129 tamen

483 4169 751 4241 quomodo
801 4166 1057 4236 procedat
1094 4170 1305 4222 curiose
1349 4176 1679 4232 scrutamur,
1731 4167 1822 4221 sed
1867 4167 1949 4221 Itis
1982 4166 2047 4221 li-

485 4259 641 4315 nibus
692 4259 927 4313 couteuti
966 4273 1149 4314 sumus
1182 4274 1315 4329 quos
1347 4260 1501 4314 nobis
1535 4259 1763 4329 theologi
1794 4259 2047 4328 beatique

484 4349 584 4403 viri
616 4359 936 4405 statuerunt.

485 4457 604 4515 XX.
656 4459 809 4526 Quod
854 4462 909 4515 in
957 4462 1139 4534 eodem
1190 4462 1371 4534 ordine
1410 4478 1527 4515 cum
1586 4459 1750 4515 Patre
1802 4460 2048 4534 Filioque

976 4532 1213 4600 Spiritus
1238 4532 1548 4585 collocatur.

557 4642 801 4710 Namque
841 4644 908 4697 ab
948 4642 1068 4712 ipso
1112 4640 1399 4697 Serratore
1441 4652 1625 4700 nostro
1662 4645 1789 4702 Jesu
1829 4646 2045 4705 Christo

486 4735 662 4791 edocti
696 4734 895 4789 luimus
923 4734 1377 4803 complementum
1404 4750 1525 4792 esse
1566 4737 1851 4794 Trinitatis
1877 4739 2047 4809 Spiri-

490 4839 600 4879 tum
632 4836 896 4880 sanctum.
928 4842 947 4876 ι
980 4823 1184 4879 Euntes
1218 4824 1383 4889 enim,
1416 4825 1610 4896 inquit,
1644 4830 1833 4886 docete
1859 4847 2046 4887 omnes

486 4924 698 4984 gentes,
731 4914 1071 4985 baptizantes
1099 4928 1192 4967 eos
1223 4914 1276 4967 in
1319 4915 1533 4969 nomine
1552 4916 1730 4972 Patris
1757 4928 1806 4973 et
1844 4920 1963 4976 Filii
1993 4931 2049 4977 et

490 5007 723 5077 Spiritus
754 5006 928 5061 sancti
951 5005 1016 5057 ⁸⁷.
1054 5023 1071 5056 ι
1104 5003 1276 5058 Porro
1298 5020 1454 5075 quem
1474 5022 1593 5061 eum
1622 5006 1780 5065 Patre
1805 5010 2047 5082 Filioque

489 5098 829 5161 conﬁtemur,
862 5097 909 5150 is
938 5096 1082 5150 omni
1116 5097 1193 5150 rei
1228 5106 1427 5151 creatae
1456 5100 1706 5167 superior
1734 5112 1834 5156 est.
1864 5102 2044 5169 Quare

489 5199 543 5241 et
574 5189 761 5241 beatus
793 5186 990 5242 Paulus
1029 5203 1147 5241 cum
1198 5187 1362 5243 Patre
1394 5189 1565 5257 ipsum
1602 5189 1848 5260 Filioque
1873 5195 2047 5249 conti-

490 5290 651 5333 nuata
704 5279 846 5333 serie
889 5279 1184 5347 praedicat:
1226 5298 1243 5329 ι
1283 5279 1464 5334 Gratia
1495 5282 1662 5347 enim,
1698 5282 1893 5351 inquit,
1945 5288 2045 5341 Do-

492 5374 621 5427 tnini
649 5372 817 5427 nostri
843 5370 971 5427 Jesu
1006 5369 1230 5434 Christi,
1260 5380 1313 5424 et
1342 5371 1580 5425 Charitas
1627 5373 1718 5427 Dei
1760 5374 1955 5441 Patris,
1991 5388 2047 5433 et

566 5535 609 5568 "
635 5533 787 5587 Jonn.
815 5546 947 5596 xm,
983 5529 1034 5583 6.

560 5693 633 5758 (Ι)
674 5691 886 5745 Nieetas
925 5692 1306 5755 Aquileiensis,
1339 5707 1365 5743 a
1395 5692 1551 5745 nobis
1574 5693 1770 5753 editus,
1800 5694 1849 5745 iu
1876 5694 2036 5749 simili

490 5770 716 5815 tractatu
746 5762 824 5817 sic
850 5762 1079 5829 explicat
1104 5780 1117 5814 :
1150 5762 1279 5826 ρηω
1302 5762 1399 5814 illa
1430 5764 1645 5815 omnia."
1674 5766 1845 5829 utique
1873 5765 2036 5817 virtu-

492 5841 609 5897 trm,
641 5832 807 5899 utique
829 5831 1128 5899 potentiam,
1160 5831 1452 5895 bonitatem,
1484 5832 1903 5900 im'orruptclam,
1927 5835 2037 5900 glo-

1113 5530 1157 5560 ⁸⁸
1186 5530 1312 5585 ibid.
1347 5530 1430 5585 l0.
1508 5532 1551 5563 ⁸⁷
1581 5532 1766 5587 Matth.
1802 5550 1993 5604 xxvttt,
2030 5539 2111 5594 l9.

2203 670 2339 730 Εἶτα
2361 674 2578 739 δεικνὺς
2609 676 2685 739 ὡς
2707 676 2769 729 οὐ
2803 676 2963 745 μόνον
2987 674 3293 742 δοξάζεται,
3327 673 3467 727 ἀλλὰ
3503 675 3601 727 καὶ
3628 674 3703 725 δο-

2136 766 2315 833 ξάζει,
2341 768 2658 838 ἐπήγαγεν·
2696 786 2715 819 t
2751 764 3102 837 Ἐφανέρωσὰ
3137 781 3232 819 σου
3284 762 3349 817 τὸ
3383 763 3554 832 ὄνομα
3606 763 3710 820 τοῖς

2132 856 2462 927 ἀνθρώποις.
2498 876 2517 908 ι
2545 857 2655 909 Καὶ
2679 854 2793 927 μετ’
2815 855 2971 921 ὀλίγα
2997 853 3104 907 τῶν
3131 852 3425 924 αἱρετικῶν
3462 850 3709 921 Egypt-Ir.-

2131 964 2240 1001 των
2273 949 2345 1002 τὰ
2385 948 2655 1018 στόματαο
2706 948 2827 1000 (Τὰ
2872 947 2996 1017 ἐμὰ,
3030 945 3184 1016 φησι.
3230 946 3411 999 πάντα
3458 942 3523 995 σά
3578 942 3711 999 ἐστι,

2135 1040 2231 1094 καὶ
2254 1038 2321 1093 τὰ
2358 1040 2425 1093 σὰ
2447 1038 2590 1109 ἐμά’
2622 1058 2641 1091 ι
2677 1038 2736 1091 οὐ
2779 1038 2875 1108 τὴν
2903 1037 3088 1107 κοινὴν
3116 1035 3341 1105 διαιρῶν
3367 1032 3715 1087 δεσποτείαν.

2133 1130 2255 1183 οὐδὲ
2276 1128 2440 1199 ἕτερα
2469 1129 2525 1182 δὲ
2556 1127 2624 1180 τὰ
2650 1128 2727 1198 τῷ
2756 1127 2927 1199 Πατρὶ
2958 1126 3282 1197 διαφέροντα
3326 1124 3499 1188 δεῖξαι
3532 1121 3716 1186 ﬂaui!»

2139 1238 2300 1290 μενος
2320 1237 2333 1251 ο
2357 1220 2469 1272 ἀλλ’
2494 1219 2677 1289 ἐπειδὴ
2708 1221 2754 1272 οἱ
2781 1221 2959 1273 πᾶσαν
2984 1218 3301 1286 βλάσφημον
3321 1216 3512 1284 φωνὴν
3533 1213 3712 1281 ἀφιέν-

2135 1328 2225 1375 τες
2252 1311 2391 1365 κατὰ
2419 1310 2511 1364 τοῦ
2529 1309 2886 1377 Μονογενοῦς,
2910 1307 3070 1363 αὐτὸν
3102 1307 3199 1378 μὲν
3228 1307 3536 1376 λαμϐάνειν
3565 1303 3720 1372 φασὶ,

2138 1402 2226 1456 τὸν
2259 1402 2313 1454 δὲ
2340 1402 2557 1471 Πατέρα
2593 1400 2815 1461 διδόναι.
2848 1400 3123 1453 δείκνυσιν
3153 1399 3235 1450 ὅτι
3265 1398 3365 1465 τὴν
3398 1395 3587 1464 αὐτὴν
3617 1392 3721 1461 εχει

2137 1492 2214 1562 τῷ
2244 1492 2417 1563 Πατρὶ
2447 1491 2558 1543 τῶν
2606 1490 2863 1544 ἁπάντων
2893 1487 3207 1542 δεσποτείαν
3228 1503 3241 1516 °
3272 1504 3290 1536 I
3326 1485 3410 1537 τὰ
3434 1484 3551 1555 γὰρ
3599 1481 3725 1551 ἐμὲ,

2140 1584 2293 1655 φησὶ,
2322 1582 2499 1637 πάντα
2528 1582 2599 1636 σά
2628 1583 2765 1647 ἐστι,
2793 1580 2889 1633 καὶ
2911 1579 2978 1631 τὰ
3006 1577 3075 1631 σὰ
3110 1577 3253 1647 ἐμά’
3292 1595 3310 1627 ι
3347 1576 3407 1628 οὐ
3450 1575 3555 1645 τὴν
3594 1572 3724 1628 Gui-

2140 1693 2289 1747 ρεσιν
2317 1676 2415 1745 τῆς
2438 1673 2776 1740 δεσποτείας,
2810 1670 2947 1727 ἀλλὰ
2976 1668 3035 1721 τὸ
3073 1670 3251 1723 κοινὸν
3276 1671 3374 1740 τῆς
3395 1668 3723 1728 δεσποτείας

2140 1767 2429 1821 παιδεύων.

2222 1946 2379 2000 Ἀλλὰ
2407 1946 2515 2017 γὰρ
2540 1946 2633 1999 τὸν
2663 1943 2819 2013 λόγον
2857 1942 2936 2006 είς
2979 1941 3149 2012 μῆκος
3178 1937 3417 2003 ἐξέτεινα
3464 1938 3562 1991 τὸν
3595 1935 3724 2006 περὶ

2141 2039 2394 2102 πίστεως,
2422 2041 2479 2091 ὲν
2507 2035 2787 2107 κεφαλαίῳ
2828 2032 3115 2099 διεξελθεῖν
3155 2032 3281 2102 ὅρον
3300 2032 3359 2083 ὲν
3382 2030 3504 2092 toi;
3537 2044 3723 2097 προοι-

2143 2130 2287 2201 μίοις
2329 2126 2823 2196 ἐπαγγειλάμενος·
2858 2124 3025 2189 δεῖξαι
3054 2120 3161 2191 γὰρ
3195 2118 3485 2189 βουληθεὶς
3524 2121 3580 2171 ἐκ
3621 2116 3721 2184 τῆς

2138 2220 2499 2287 εὐαγγελικῆς
2542 2215 2893 2278 διδασκαλίας
2921 2213 3015 2267 τοῦ
3045 2209 3385 2280 Μονογενοῦς
3415 2210 3521 2280 τὴν
3541 2210 3718 2276 ἀξίαν,

2141 2312 2477 2385 μακρότερον
2506 2309 2603 2378 τῆς
2630 2306 2980 2375 ὑποσχέσεως
3013 2302 3362 2373 εἰργασάμην
3407 2302 3509 2355 τὸν
3530 2300 3684 2369 λόγον
3702 2315 3717 2330 ⁸

2140 2401 2430 2459 καὶταῦτα
2467 2396 2832 2469 βραχυλογίας
2869 2396 2927 2448 ὲν
2976 2396 3094 2457 ταῖς
3128 2391 3454 2463 ἑρμηνείαις
3489 2408 3719 2461 πεφρονο

2137 2492 2324 2554 τικώς.
2353 2492 2447 2554 Εἰς
2475 2487 2644 2551 αὐτὰς
2663 2485 2842 2539 τοίνυν
2872 2483 2974 2547 τὰς
2999 2480 3359 2551 εὐαγγελικὰς
3380 2480 3602 2549 βίϐλους
3629 2479 3717 2533 καὶ

2139 2581 2482 2656 προφητικὰς
2510 2580 2636 2642 τοὺς
2662 2576 2906 2640 εὐσεϐεῖς
2932 2573 3154 2646 πέμψας
3172 2573 3399 2643 (μεσταὶ
3427 2573 3542 2645 γὰρ
3564 2566 3716 2627 αὗται

2138 2675 2234 2743 τῆς
2262 2670 2538 2737 θεολογίας
2558 2666 2654 2720 τοῦ
2687 2666 2869 2737 Υἱοῦ),
2895 2665 2988 2718 ἐπὶ
3032 2664 3129 2736 τὴν
3177 2661 3552 2734 προκειμένην
3591 2664 3714 2715 dm-

2140 2763 2360 2819 λουθιαν
2389 2760 2697 2831 βαδιοῦμαι.

2422 2960 2523 3015 ΙΘ’.
2567 2959 2705 3027 Περὶ
2728 2959 2835 3013 τοῦ
2863 2958 3035 3028 ἁγίου
3068 2960 3437 3028 Πνεύμστος.

2217 3076 2550 3146 Πιστεύομεν
2581 3076 2798 3138 τοίνυν,
2850 3074 2926 3137 ὡς
2976 3074 3133 3144 ἔφην,
3180 3072 3260 3135 εἰς
3316 3070 3450 3124 Θεὸν
3506 3069 3716 3139 Πατέρα

2142 3169 2397 3242 ἄναρχον,
2422 3170 2517 3223 καὶ
2546 3170 2625 3231 εἰς
2655 3168 2785 3221 Θεὸν
2818 3166 3093 3221 συναωιον
3133 3165 3293 3235 φύσει
3322 3164 3473 3229 Υίὸν,
3504 3163 3572 3217 ὲκ
3608 3163 3716 3216 Πα-

2142 3263 2271 3334 τρὸς
2302 3262 2401 3333 μὲν
2430 3260 2780 3331 γεννηθέντα,
2805 3259 2972 3313 ἀεὶδὲ
2988 3259 3065 3329 τῷ
3098 3259 3271 3329 Πατρ“ι
3307 3257 3558 3318 συνόντα,
3583 3255 3715 3309 κατὰ

2143 3354 2239 3423 τὴν
2274 3354 2381 3406 τῶν
2397 3352 2745 3419 Εὐαγγελίων
2779 3352 2963 3420 φωνήν
2989 3364 3003 3377 ·
3037 3369 3055 3402 t
3093 3348 3183 3403 Ἐν
3207 3350 3349 3419 ἀρχῇ
3376 3348 3508 3417 γὰρ.
3534 3347 3714 3416 φησὶν.

2145 3441 2258 3516 ἧνό
2285 3444 2479 3511 Λόγος.
2501 3462 2545 3493 n
2580 3440 2919 3512 Πιστεύομεν
2950 3441 3007 3495 δὲ
3052 3440 3147 3495 καὶ
3188 3441 3269 3502 εἰς
3314 3438 3375 3491 τὸ
3410 3436 3636 3507 Πνεῦμα
3662 3436 3717 3487 τὸ

2130 3535 2327 3603 ἑγιον.
2350 3534 2411 3586 τὸ
2437 3533 2612 3596 εὺθὲς,
2647 3532 2708 3584 τὸ
2739 3531 3087 3601 ἡγεμονικὸν,
3120 3529 3180 3582 τὸ
3209 3527 3433 3597 ἀγαθὸν,
3460 3526 3521 3579 τὸ
3548 3525 3717 3595 παρὰ·

2147 3626 2364 3695 κλητον,
2398 3625 2458 3678 τὸ
2490 3628 2554 3677 ὲκ
2586 3622 2720 3676 Θεοῦ
2750 3621 3034 3695 προελθὸν,
3071 3622 3132 3673 οὐ
3167 3617 3428 3688 γεννηθέν
3449 3634 3462 3646 ·
3501 3611 3585 3680 εἷς
3617 3617 3718 3686 γὰρ

2147 3719 2477 3788 Μονογενής’
2506 3715 2628 3769 οὔτε
2659 3716 2764 3785 μὴν
2799 3713 3037 3767 κτισθέν-
3082 3710 3318 3781 οὐδαμοῦ
3344 3710 3456 3780 γὰρ
3476 3709 3717 3781 εὑρίσκο-

2150 3827 2249 3880 μεν
2280 3810 2336 3861 ὲν
2379 3812 2445 3878 τῇ
2488 3807 2610 3877 θεία
2654 3807 2843 3876 Γραφῇ
2871 3806 2937 3875 τῇ
2990 3804 3166 3857 κτίσει
3197 3801 3716 3872 συναριθμούμενον,

2146 3900 2280 3954 ἀλλὰ
2307 3900 2481 3972 Πατρ)⁸
2508 3899 2604 3951 καὶ
2637 3897 2752 3967 Υἱῷ
2798 3894 3257 3965 συνταττόμενονο
3290 3891 3718 3961 ἐκπορευόμενον

2146 3992 2202 4044 δὲ
2229 3991 2359 4043 αὐτὸ
2388 3992 2452 4042 ὲκ
2480 3989 2572 4041 τοῦ
2613 3988 2827 4059 Πατρὸς
2848 3985 3186 4055 ἠκούσαμεν,
3213 3984 3308 4037 καὶ
3340 3984 3403 4036 οὐ
3446 3982 3717 4053 πολυπρα-

2148 4079 2459 4150 γμονοῦμεν
2504 4078 2619 4139 πῶς
2672 4074 3215 4147 ὲκπορεύεται,ἀλλὰ
3265 4073 3571 4144 στέργομεν
3610 4075 3716 4135 τοῖς

2147 4173 2383 4225 τεθεῖσιν
2414 4172 2545 4244 ἡμῖν
2574 4173 2719 4241 ὅροις
2748 4168 2854 4226 ὑπὸ
2877 4168 2987 4223 τῶν
3014 4166 3277 4237 θεολόγων
3307 4167 3402 4221 καὶ
3436 4165 3717 4237 μακαρίων

2147 4261 2382 4333 ἀνδρῶν.

2183 4458 2266 4512 K'.
2316 4459 2437 4513 Ὅτι
2496 4458 2679 4526 Πατρὶ
2727 4458 2825 4511 καὶ
2863 4458 2973 4523 Υιῷ
3022 4458 3088 4511 τὸ
3130 4457 3371 4527 Πνεῦμα
3424 4456 3679 4511 συντάτ-

2847 4545 3025 4581 σεται.

2235 4643 2621 4714 Ἐδιδάχθημεν
2658 4645 2765 4715 γὰρ
2794 4644 2885 4697 ὑπ’
2926 4641 3090 4695 αὐτοῦ
3141 4641 3235 4695 τοῦ
3282 4642 3536 4713 Σωτῆρος
3566 4640 3710 4712 ἡμῶν

2163 4736 2340 4806 Ἰησοῦ
2386 4737 2660 4805 Χριστοῦ,
2718 4736 2815 4808 τῆς
2871 4736 3101 4807 Τριάδος
3154 4733 3615 4805 συμπληρωτικὸν
3656 4734 3710 4787 τὸ

2152 4831 2377 4901 Πνεῦμα
2413 4831 2473 4883 τὸ
2518 4830 2697 4896 ἅγιον*
2744 4847 2762 4879 t
2801 4827 3164 4895 Πορευθέντες
3195 4825 3325 4895 γὰρ,
3361 4824 3517 4894 φησὶ,
3548 4822 3709 4893 μαθηι

2152 4924 2382 4976 τεύσατε
2426 4922 2600 4975 πάντα
2626 4920 2696 4974 τὰ
2741 4919 2888 4989 έθνη;
2930 4918 3277 4989 βαπτίζοντες
3318 4916 3518 4979 αὐτοὺς
3550 4917 3625 4978 εἰς
3653 4914 3709 4967 τὸ

2150 5016 2321 5085 ὄνομα
2356 5013 2448 5066 τοῦ
2483 5012 2715 5081 Πατρὸς,
2740 5011 2833 5064 καὶ
2861 5009 3011 5075 Υίοῦ,
3044 5009 3139 5063 καὶ
3160 5008 3253 5061 τοῦ
3282 5006 3438 5074 ἁγίου
3471 5005 3707 5075 Πνεύμαο

2152 5123 2270 5170 τος·
2310 5127 2327 5157 ι
2363 5104 2438 5175 τῷ
2466 5104 2523 5157 δὲ
2549 5103 2725 5174 Πατρὶ
2750 5104 2840 5156 καὶ
2865 5101 2982 5172 Υίῷ
3018 5098 3596 5171 συμμαρτυρούμενονι
3621 5098 3707 5167 τῆς

2154 5197 2381 5260 κτίσεώς
2416 5198 2531 5248 ἐστι
2564 5196 2745 5265 πάσης
2775 5193 3093 5263 ὑπέρτερον.
3129 5192 3219 5244 Διὸ
3249 5191 3343 5245 καὶ
3388 5192 3417 5242 ὀ
3453 5190 3706 5260 μακάριος

2153 5290 2363 5353 Παῦλος
2393 5288 2528 5358 μετὰ
2572 5286 2783 5356 Πατρὸς
2813 5284 2945 5339 αὐτὸ
2974 5284 3067 5337 καὶ
3114 5283 3245 5337 Υίοῦ
3292 5280 3577 5352 κηρύττων
3606 5280 3707 5333 δια-

2152 5382 2323 5435 τελεί’
2378 5398 2397 5431 ι
2453 5380 2519 5433 Ἠ
2566 5380 2722 5449 χάρις
2771 5378 2915 5446 γὰρ,
2959 5375 3111 5444 φησὶ,
3161 5373 3255 5427 τοῦ
3305 5371 3514 5443 Κυρίου
3566 5370 3703 5441 ἡμῶν

2145 5699 2278 5752 riam
2318 5706 2363 5751 et
2405 5697 2766 5752 wtcrnitatem.
2808 5694 2940 5745 sicut
2980 5692 3132 5744 habet
3177 5690 3351 5747 Pater.

2215 5769 2291 5838 (‘2)
2331 5766 2527 5823 Recole
2567 5764 2782 5819 tertium
2823 5761 3140 5833 capitulum.
