3988 6458
244 426 407 483 M77

1632 428 1722 485 DE
1762 428 2163 487 TRINITATE.

3418 449 3555 508 1178

258 536 493 607 Ἰησοῦ,
545 536 639 592 καὶ⁵
668 540 701 607 ἡ
734 537 924 608 ἀγάπη
952 537 1046 592 τοῦ
1083 536 1217 591 Θεοῦ
1261 539 1356 591 καὶ
1398 538 1611 610 Πατρδς
1642 540 1741 611 (I),
1777 542 1852 595 κα⁴

1973 544 2393 602 communicatio
2425 547 2600 605 sancti
2646 547 2884 622 Spiritus
2923 552 2997 610 sit
3023 568 3147 612 cum
3178 558 3431 617 omnibus
3464 579 3556 619 vo-

240 630 281 696 ὴ
356 630 639 684 κοινωνία
698 631 792 684 τοῦ
860 630 1011 698 ἁγίου
1073 630 1391 701 Πνεύματος
1458 631 1597 701 μετὰ
1645 633 1864 687 πάντων

241 718 449 788 ὑμῶν.
509 740 530 773 ι

284 833 442 887 KA'.
514 833 838 903 Ἀπόδειξις
889 836 999 906 τῆς
1052 838 1159 925 τοῦ
1208 841 1557 910 Πνεύματος
1605 839 1827 897 δεσπο-

985 924 1167 973 τείας.

327 1014 460 1069 Καὶ
506 1016 705 1069 πάλιν·
746 1037 765 1069 ι
790 1019 1093 1089 Διαιρέσεις
1135 1021 1193 1074 δέ
1235 1022 1594 1092 χαρισμάτων
1628 1024 1757 1088 εἰσὶ,
1801 1024 1863 1077 τὸ

244 1106 311 1159 δὲ
351 1108 506 1161 αὐτὸ
533 1108 788 1180 Πνεῦμα·
814 1112 906 1164 καὶ⁵
934 1112 1229 1183 διαιρέσεις
1253 1114 1539 1168 διακονιῶν
1572 1116 1776 1181 εἰσιν,ό
1804 1116 1863 1169 δέ

246 1200 439 1263 αὐτὸς
496 1201 727 1273 Κύριος·
768 1205 861 1256 καὶ
891 1205 1181 1276 διαιρέσεις
1216 1209 1606 1279 ἐνεργημάτων
1649 1208 1807 1275 εἰσὶν,
1834 1211 1862 1262 ὁ

243 1288 309 1341 δέ
362 1291 543 1354 αὑτός
574 1294 688 1345 ἐστι
718 1294 848 1357 Θεὸς
879 1296 907 1347 6
938 1295 1179 1366 ἐνεργῶν
1208 1296 1276 1350 τά
1319 1298 1497 1352 πάντα
1538 1300 1596 1350 ἐν
1626 1300 1783 1353 πᾶσι.
1835 1316 1855 1351 ι

243 1382 454 1435 Ᾱύτοῦ
487 1382 544 1435 δέ
594 1384 880 1456 κηρύττων
902 1387 1000 1458 τὴν
1042 1386 1291 1452 ἐξουσίαν
1332 1390 1461 1443 ἐϐόα
1482 1407 1495 1420 ·
1540 1410 1559 1443 t
1591 1390 1775 1445 Πάντα
1804 1390 1861 1443 δέ

243 1474 451 1527 ταῦτα
488 1477 699 1545 ἐνεργεῖ
726 1478 786 1531 τὸ
817 1480 948 1532 αὐτὸ
992 1480 1171 1533 καὶτὸ
1215 1481 1273 1534 ἐν
1308 1482 1529 1553 Πνεῦμα
1555 1524 1569 1549 ,
1608 1482 1853 1554 διαιροῦν

250 1564 377 1633 ἰδίᾳ.
414 1568 656 1638 ἑκάστῳ,
693 1568 872 1629 καθὼς
927 1569 1175 1639 βούλεται
1213 1572 1456 1641 διανέμει
1494 1574 1570 1642 (2)
1614 1575 1722 1635 τοϊς
1766 1572 1906 1625 πιο⁷⁴

249 1654 533 1707 στεύουσι
559 1654 625 1709 τὰ
648 1655 815 1728 δῶρα.
838 1675 857 1707 ι
878 1660 958 1709 Δι’
989 1658 1153 1712 αὑτοῦ
1180 1658 1290 1729 γάρ
1310 1658 1421 1712 τῶν
1448 1659 1859 1729 ἁμαρτημάτων

248 1745 547 1816 ἐλάϐομεν
574 1746 673 1818 τὴν
716 1748 1041 1820 ἀπαλλαγήν
1062 1765 1076 1781 ·
1106 1749 1175 1803 δι’
1219 1749 1384 1804 αὑτοῦ
1412 1750 1515 1821 τῆς
1549 1748 1861 1820 ἐλευθερίας

247 1840 621 1909 τυγχάνομεν
644 1858 657 1872 ·
689 1840 758 1894 δι’
781 1842 948 1895 αὐτοῦ
972 1842 1064 1896 τοῦ
1095 1842 1196 1913 τῆς
1222 1843 1495 1906 υἱοθεσίας
1521 1843 1859 1914 χαρίσματος

1971 632 2057 690 bis
2092 634 2155 690 ".
2194 655 2215 689 ε

2045 832 2186 891 XXI.
2238 835 2647 897 Demonstratur
2675 842 2913 914 Spiritus
2952 849 3127 903 sancti
3164 848 3477 907 dominatio.

2046 1007 2257 1066 Rursus
2321 1012 2563 1069 Paulus:
2613 1036 2633 1069 ι
2704 1018 3007 1076 Divisiones
3060 1037 3190 1078 vero
3249 1024 3548 1095 gratiarum

1970 1111 2117 1161 sunt.
2150 1102 2289 1155 idem
2319 1113 2500 1158 autem
2530 1105 2766 1175 Spiritus
2801 1127 2814 1162 :
2850 1117 2901 1163 et
2934 1109 3235 1169 divisiones
3267 1114 3549 1169 ministra-

1972 1190 2174 1244 tionmn
2210 1203 2357 1256 sunt,
2407 1195 2548 1249 idem
2584 1208 2763 1252 autem
2801 1198 2964 1265 Deus,
3009 1202 3099 1269 qui
3147 1214 3406 1274 operatur
3432 1220 3551 1259 om-

1968 1283 2055 1335 nia
2111 1285 2163 1337 in
2232 1287 2484 1342 omnibus
2509 1290 2576 1343 δ’.
2614 1307 2634 1341 ι
2681 1288 2933 1353 Ejusdem
2990 1293 3153 1347 etiam
3219 1305 3548 1363 potestatem

1973 1373 2139 1443 700
2166 1393 2213 1426 m
2250 1377 2551 1445 praedicans
2576 1379 2843 1435 clamabat
2878 1400 2891 1437 :
2934 1402 2953 1435 ι
2990 1382 3115 1438 llmc
3146 1394 3324 1439 autem
3368 1389 3547 1441 omnia

1967 1474 2225 1530 operatur
2258 1482 2397 1521 unus
2431 1478 2595 1537 atque
2627 1471 2767 1524 idem
2814 1471 3075 1542 Spiritus.
3105 1474 3356 1529 dividens
3393 1492 3547 1544 sepa-

1969 1554 2127 1609 ratim
2170 1558 2408 1628 singulis
2438 1581 2451 1612 :
2485 1570 2643 1628 prout
2682 1561 2797 1615 vult
2828 1563 3105 1618 distribuit
3131 1564 3268 1619 dona
3292 1566 3361 1620 ”.
3395 1586 3413 1619 ι
3449 1566 3551 1622 Per

1969 1644 2141 1713 ipsum
2175 1650 2377 1717 quippe
2414 1652 2722 1721 recepimus
2749 1666 3098 1723 peccatorum
3130 1657 3547 1724 remissionem;

1966 1752 2062 1806 per
2084 1739 2258 1809 ipsum
2291 1741 2598 1798 libertatem
2628 1747 3054 1815 consequimur;
3080 1762 3177 1816 per
3211 1749 3387 1817 ipsum
3415 1749 3552 1805 ado-

1968 1832 2167 1901 ptionis
2207 1835 2380 1903 gratia
2414 1836 2666 1891 fruimur.
2710 1856 2729 1889 ‹
2770 1837 2887 1893 Non
2921 1841 3066 1895 enim
3103 1844 3432 1912 accepimus,
3465 1844 3547 1898 in-

250 1905 658 2000 ἀπολαύομεν·
717 1951 735 1983 ι
776 1934 849 1986 Οὐ
883 1933 992 2005 γάρ
1040 1905 1306 2004 ἐλάϐομεν
1346 1905 1609 2003 Πνεῦμα,
1638 1905 1852 2004 φησὶνέ

1967 1922 2083 1989 quit
2118 1921 2340 1986 Paulus,
2368 1922 2636 1993 Spiritutn
2675 1927 2955 1982 servitutis
2984 1928 3181 1984 iterum
3232 1931 3286 1985 in
3334 1932 3549 1997 timore.

251 2020 515 2087 Παῦλος,
549 2021 795 2087 δουλείας
850 2023 1012 2077 πάλιν
1051 2026 1133 2086 είς
1183 2024 1385 2094 φόϐον,
1426 2024 1543 2077 ἀλλ’
1594 2023 1858 2093 ἐλάϐομεν

251 2112 507 2183 Πνεῦμα
533 2113 824 2179 υἱοθεσίας,
847 2108 968 2183 ἐνῷ
999 2114 1293 2187 κράζομεν,
1339 2114 1509 2169 ’Δϐϐᾶ
1528 2118 1555 2169 ό
1585 2117 1797 2185 Πατήρ.
1835 2134 1853 2166 ι

250 2205 379 2258 Καὶ
413 2206 683 2277 ἀλλαχοῦ·
740 2225 759 2258 t
800 2208 859 2262 '0
892 2207 1002 2280 γὰρ
1054 2209 1217 2277 νόμος
1252 2206 1345 2259 τοῦ
1398 2207 1716 2277 Πνεύματος
1760 2207 1860 2275 τῆς

251 2292 423 2365 ζωῆς
464 2296 795 2367 ἐλευθέρωσέ
848 2314 915 2367 με
949 2298 1058 2351 ἀπὸ
1108 2298 1201 2351 τοῦ
1235 2298 1401 2368 νόμου
1449 2298 1549 2368 τῆς
1583 2298 1859 2367 ἁμαρτίας

252 2386 365 2437 καὶ
389 2386 487 2438 τοῦ
512 2386 764 2441 θανάτου.
797 2406 815 2439 ι
848 2389 959 2441 Καὶ
997 2388 1263 2458 ἑτέρωθεν
1288 2404 1302 2417 ·
1327 2405 1345 2439 ι
1387 2388 1446 2440 '0
1475 2389 1531 2441 δέ
1558 2388 1764 2457 Κύριος
1796 2389 1858 2441 τὸ

252 2478 504 2549 Ῑινεῦμά
538 2482 715 2533 ἐστιν·
752 2474 813 2535 οῦ
842 2481 899 2535 δέ
930 2481 990 2534 τὸ
1022 2480 1247 2551 Πνεῦμα
1271 2482 1510 2552 Κυρίου,
1547 2483 1664 2535 ἐκεῖ
1702 2481 1857 2533 ἐλευ-

254 2569 465 2641 θερία·
502 2590 520 2623 ι
561 2573 621 2625 τὸ
643 2571 701 2625 δέ
727 2574 852 2636 τοὺς
884 2574 1077 2637 ἄλλους
1110 2573 1451 2645 ἐλευθεροῦν,
1487 2576 1547 2628 οὐ
1578 2574 1852 2627 δουλεύει·

253 2660 391 2725 πῶς
426 2662 535 2732 γὰρ
566 2660 633 2715 ἂν
659 2666 773 2725 τοῖς
794 2664 1107 2733 ὁμοδούλοις
1134 2666 1387 2737 μεταδοίη
1413 2661 1495 2719 ὧν
1525 2666 1584 2719 οὐ
1619 2666 1853 2735 μετέχει,

252 2748 323 2807 οῦ
343 2756 535 2824 τυχεῖν
556 2755 657 2809 ούκ
692 2755 888 2826 ἰσχύει,
916 2751 977 2811 οὗ
1003 2757 1308 2811 ἀπολαῦσαι
1331 2759 1581 2828 βούλεται
1624 2758 1744 2829 μὶν,
1777 2758 1852 2821 ὼς

255 2844 444 2910 εἰδὼς,
462 2846 521 2898 ού
545 2845 767 2900 δύναται
806 2847 861 2899 δέ
886 2865 899 2913 ;
920 2846 984 2900 Εί
1009 2848 1067 2901 δέ
1092 2849 1416 2919 μεταδίδωσι
1437 2853 1550 2913 τοῖς
1574 2849 1857 2903 πιστεύου-

258 2952 355 2989 σιν
411 2936 759 3008 ἐλευθερίας,
824 2938 920 2991 καὶ
986 2929 1263 3010 ἐλευθεροῖ
1304 2940 1432 3003 τοὺς
1470 2939 1852 3004 δουλεύοντας,

254 3029 326 3080 ού
361 3028 605 3082 δουλεύει
632 3028 899 3099 δηλονότι,
930 3028 1067 3082 ἀλλὰ
1091 3028 1366 3095 δεσπόζει,
1395 3031 1490 3083 καὶ
1519 3030 1856 3094 δεσποτικῶς

256 3120 369 3189 τὴν
410 3120 722 3193 ἐλευθερίαν
754 3116 835 3183 οἷς
871 3120 1047 3173 ἐθέλει
1080 3120 1402 3192 χαρίζεται·
1430 3120 1512 3174 διὸ
1548 3122 1641 3173 καὶ
1685 3122 1715 3174 6
1751 3138 1856 3190 μα-

258 3211 464 3282 κάριος
502 3210 604 3281 ἔφη
638 3210 869 3275 Παῦλος,
902 3212 984 3264 ὅτι
1014 3230 1031 3262 t
1061 3212 1246 3265 Πάντα
1268 3210 1442 3264 ταῦτα
1464 3210 1679 3284 ἐνεργεῖ
1706 3211 1766 3264 τὸ
1795 3210 1853 3263 ἐν
1887 3250 1930 3307 c

261 3304 367 3355 καὶ
410 3302 472 3355 τὸ
522 3302 653 3357 αὐτὸ
704 3304 948 3375 Πνεῦμα,
991 3304 1233 3375 διαιροῦν
1283 3304 1391 3375 ίδίᾳ
1421 3305 1636 3385 ἑκάστῳ
1674 3303 1854 3367 καθὼς

263 3392 544 3461 βούλεται.
583 3413 602 3446 ι
639 3396 729 3448 Διὸ
762 3396 857 3448 καὶ
901 3397 929 3449 ό
978 3398 1265 3467 προφήτης
1308 3397 1366 3449 ἐν
1393 3398 1458 3467 τῇ
1507 3395 1720 3466 Παλαιᾷ
1757 3395 1856 3466 τὴν

261 3488 523 3555 ἐξουσίαν
552 3487 715 3542 αὐτοῦ
764 3488 1047 3559 κηρύττων
1086 3488 1250 3541 ἐϐόα·
1288 3506 1307 3539 t
1332 3487 1537 3558 Κύριος
1569 3487 1857 3542 ἀπέστειλέ

265 3598 365 3652 με,
402 3580 576 3634 καὶτὸ
608 3580 835 3650 Πνεῦμα
867 3579 1053 3633 αὑτοῦ.
1084 3598 1103 3630 ι
1132 3581 1241 3634 Καὶ
1263 3582 1291 3633 6
1316 3580 1450 3644 Θεὸς
1477 3581 1724 3649 ἐγκαλῶν
1744 3582 1857 3643 τοῖς

275 3672 577 3736 Ἰουδαίοις·
592 3690 611 3724 t
634 3672 974 3743 Ἐποιήσατο,
994 3673 1148 3742 φησὶ,
1169 3672 1383 3743 βουλὴν,
1406 3675 1499 3726 καὶ
1522 3674 1583 3726 οὐ
1606 3673 1671 3726 δι’
1694 3671 1851 3743 ἐμοῦ,

262 3766 366 3815 καὶ
402 3760 669 3831 συνθήκας
690 3760 750 3813 οὐ
776 3760 863 3813 διὰ
894 3760 987 3813 τοῦ
1018 3760 1334 3831 Πνεύματός
1367 3779 1469 3831 μου
1489 3780 1501 3791 ·
1536 3780 1555 3813 ι
1598 3763 1853 3816 κοινωνὸν

260 3852 370 3921 τῆς
410 3851 729 3913 δεσποτείας
779 3851 995 3914 δεικνὺς
1037 3850 1099 3904 τὸ
1138 3850 1363 3923 Πνεῦμα
1399 3852 1459 3905 τὸ
1507 3854 1680 3921 ἅγιον.
1735 3854 1848 3907 Καὶ

265 3943 568 4015 ἑτέρωθεν·
608 3963 626 3995 ι
649 3942 761 4005 Διὸ,
799 3943 984 4013 φησὶν,
1012 3944 1125 4012 ἐγὼ
1164 3944 1286 4015 μεθ’
1312 3943 1467 4015 ὑμῶν
1496 3946 1633 4016 εἰμι,
1667 3946 1761 3999 καὶ
1792 3945 1853 4000 τὸ

263 4036 498 4106 Πνεῦμά
530 4053 630 4105 μου
660 4036 961 4106 ἐφέστηκεν
988 4038 1046 4089 ἐν
1080 4036 1230 4106 μέσῳ
1268 4036 1443 4106 ὑμῶν.
1470 4053 1489 4087 ι

466 4145 595 4197 KB'.
628 4144 757 4198 Ὀτι
784 4143 1146 4213 δημιουργὸς
1172 4148 1205 4198 ὁ
1233 4144 1650 4215 Παράκλητος.

339 4255 452 4309 Καὶ
487 4257 514 4310 6
545 4254 664 4308 Ἰὼϐ
698 4254 1027 4327 δημιουργὸν
1062 4256 1191 4311 αὐτὸ
1218 4258 1313 4311 καὶ
1350 4257 1671 4312 δεσποτικὸν
1700 4253 1843 4313 εἶναι

266 4347 578 4410 πιστεύων,
642 4346 756 4399 ἀλλ’
818 4347 915 4418 οὐχ
976 4348 1350 4419 ὑπουργικὸν,
1414 4348 1535 4401 οὐδὲ
1595 4348 1842 4418 ποίημα·

270 4464 290 4495 ε
317 4439 541 4511 Πνεῦμα
569 4440 729 4503 θεῖον,
756 4440 939 4509 φησὶν,
965 4438 1027 4493 τὸ
1062 4439 1291 4510 ποιῆσαν
1318 4456 1406 4509 με,
1440 4438 1575 4510 πνοὴ
1616 4438 1671 4493 δὲ
1706 4457 1844 4492 παν-

1961 2012 2055 2066 sed
2087 2015 2396 2083 accepimus
2420 2018 2667 2083 spiritum
2699 2020 3007 2088 adoptionis
3046 2021 3099 2076 in
3135 2023 3296 2087 ﬁlios,
3349 2023 3402 2077 in
3442 2038 3551 2094 quo

1960 2102 2275 2170 clamamus,
2306 2107 2456 2161 Abba
2486 2107 2650 2164 Pater
2675 2111 2741 2163 ⁸¹.
2775 2130 2793 2162 ι
2835 2111 2899 2165 Et
2920 2113 3025 2167 alio
3061 2113 3214 2167 loco:
3247 2132 3265 2165 ι
3295 2113 3432 2168 Nam
3464 2114 3547 2169 lex

1959 2194 2185 2262 spiritus
2222 2196 2342 2253 vita:
2390 2196 2644 2255 liberavit
2698 2216 2786 2256 me
2828 2216 2856 2255 a
2908 2202 3025 2273 lege
3072 2204 3281 2274 peccati
3311 2213 3366 2258 et
3396 2219 3548 2259 mor-

1963 2285 2031 2339 tis
2052 2287 2117 2339 δ’.
2155 2304 2174 2337 ι
2215 2287 2280 2341 Et
2309 2288 2437 2344 alibi
2481 2308 2496 2345 :
2544 2309 2563 2343 ι
2604 2291 2865 2349 Dominus
2909 2304 3088 2349 autem
3136 2295 3376 2365 Spiritus
3414 2306 3541 2353 est:

1964 2376 2055 2431 ubi
2091 2387 2271 2433 autem
2310 2378 2547 2449 Spiritus
2589 2382 2825 2450 Domini,
2879 2384 2950 2438 ibi
3010 2385 3235 2441 libertas
3276 2386 3343 2440 ⁸³.
3383 2406 3401 2438 ι
3446 2388 3545 2454 Qui

1961 2476 2141 2522 autem
2172 2468 2308 2525 alios
2348 2470 2563 2539 liberat,
2612 2473 2658 2529 is
2697 2490 2802 2530 non
2862 2478 3053 2532 servit.
3096 2478 3200 2544 Qui
3242 2479 3389 2534 enim
3430 2480 3546 2534 lIcri

1959 2572 2142 2627 posset
2173 2569 2232 2615 ut
2267 2564 2547 2621 conservis
2574 2565 2727 2621 daret
2751 2582 2871 2637 quae
2904 2569 3020 2638 ipse
3044 2584 3149 2624 non
3188 2571 3371 2634 habet.
3395 2572 3542 2641 quod

1960 2647 2074 2717 ipse
2129 2652 2386 2722 consequi
2435 2669 2544 2709 non
2590 2657 2758 2722 valet,
2796 2673 2905 2727 quo
2950 2659 3110 2714 vellet
3145 2662 3363 2732 quidem
3418 2662 3546 2726 frui,

1959 2740 2033 2794 uti
2081 2756 2178 2809 par
2207 2753 2312 2807 est,
2348 2760 2527 2815 neque
2565 2756 2745 2802 tamen
2793 2748 3015 2818 posset?
3060 2752 3215 2819 Quod
3265 2754 3310 2808 si
3358 2769 3546 2809 revera

1957 2833 2309 2889 credentibus
2338 2836 2647 2893 libertatem
2679 2842 3069 2907 communicat,
3097 2852 3152 2899 et
3184 2858 3371 2900 servos
3399 2846 3541 2901 libe-

1958 2931 2060 2987 rat,
2094 2939 2201 2979 non
2251 2926 2440 2996 utique
2478 2929 2593 2998 ipse
2644 2933 2835 2998 servit,
2878 2935 2972 2990 sed
3018 2937 3349 3004 dominatur,
3382 2938 3549 2995 liber-

1958 3019 2229 3081 tatemque
2277 3032 2373 3086 pro
2411 3034 2506 3072 sua
2549 3029 2819 3089 potestate
2860 3026 3061 3093 quibus
3114 3028 3229 3081 vult
3275 3028 3526 3100 largitur.

1958 3100 2140 3167 Quare
2173 3111 2228 3156 et
2259 3104 2449 3165 beatus
2478 3105 2675 3162 Paulus
2706 3110 2781 3163 ait
2811 3131 2821 3165 :
2855 3130 2873 3163 ι
2909 3111 3101 3168 Omnia
3126 3130 3385 3185 operatur
3412 3135 3552 3174 unus

1966 3202 2129 3260 atque
2157 3193 2295 3249 idem
2329 3195 2585 3266 Spiritus,
2622 3200 2869 3257 dividens
2895 3204 3124 3275 singulis
3156 3218 3316 3277 prout
3350 3211 3483 3266 vult.
3526 3231 3545 3265 ι

1964 3283 2324 3375 Quamobrem
2368 3299 2423 3342 et
2458 3291 2723 3360 propheta
2753 3294 2806 3348 in
2841 3293 3037 3351 Vetere
3066 3298 3419 3357 Testamento
3450 3320 3549 3375 po-

1960 3372 2188 3427 tentiam
2226 3375 2371 3431 illius
2398 3380 2700 3446 prtetlicans
2736 3382 3007 3440 clamabat
3039 3405 3053 3441 :
3089 3406 3108 3439 ι
3153 3390 3412 3447 Dominus
3446 3372 3548 3450 ini-

1963 3463 2034 3518 sit
2064 3480 2149 3519 me
2179 3476 2235 3520 et
2262 3466 2499 3536 Spiritus
2530 3470 2645 3538 ejus
2672 3473 2740 3527 “.
2780 3492 2800 3527 ι
2834 3475 2903 3530 Ει
2950 3477 3212 3537 Dominus
3250 3486 3547 3554 reprelien-

1969 3554 2106 3611 deus
2139 3554 2391 3613 Judaaos:
2430 3580 2448 3613 ι
2490 3560 2810 3628 Consilium,
2834 3568 3027 3638 inquit,
3058 3572 3199 3635 iniit,
3225 3582 3277 3627 et
3318 3591 3422 3631 non
3449 3593 3545 3644 per

1956 3660 2081 3711 me;
2140 3657 2195 3702 et
2269 3654 2703 3720 conventiones,
2764 3659 2858 3713 sed
2933 3676 3038 3715 non
3109 3678 3206 3731 per
3280 3665 3540 3735 Spiritum

1970 3755 2149 3794 meum
2179 3743 2267 3809 ";
2301 3761 2319 3795 ι
2354 3747 2670 3817 participem
2713 3750 2787 3803 ita
2838 3753 3219 3811 demonstrans
3259 3762 3542 3827 potestatis

1954 3843 2207 3889 sanctum
2248 3834 2535 3906 Spiritum.
2584 3840 2650 3894 Et
2702 3844 2937 3913 denique
2976 3847 3149 3902 alibi:
3198 3869 3215 3901 ε
3276 3851 3417 3917 Ideo,
3456 3855 3540 3906 in-

1953 3926 2091 3993 quit,
2118 3942 2220 3997 ego
2257 3930 2537 3985 vobiscum
2574 3950 2715 3998 sum,
2752 3947 2803 3990 et
2841 3938 3079 4006 Spiritus
3130 3959 3282 4000 meus
3330 3945 3383 4000 in
3426 3962 3538 4001 nte-

1952 4016 2041 4073 dio
2078 4028 2318 4074 vestrum
2353 4024 2507 4077 stetit
2540 4024 2609 4077 ".
2648 4045 2666 4076 ι

2202 4126 2368 4185 XXII.
2405 4131 2561 4196 Quod
2592 4133 2917 4193 Paraclctus
2952 4142 3023 4195 sit
3060 4155 3284 4203 creator.

2017 4240 2186 4297 Jobus
2216 4259 2432 4315 quoque
2455 4256 2761 4303 creatorem
2795 4252 3192 4327 Domintnnque
3217 4262 3389 4329 ipsum
3421 4264 3540 4333 Spi-

1948 4334 2111 4389 ritum
2172 4338 2422 4403 credens,
2470 4356 2577 4396 non
2630 4344 2937 4400 ministrum
2987 4365 3161 4418 neque
3203 4367 3529 4421 creaturam,

1955 4443 1974 4477 ι
2007 4424 2245 4497 Spiritus
2278 4430 2518 4496 divinus,
2569 4434 2766 4504 inquit,
2798 4439 2892 4506 qui
2942 4438 3070 4494 fecit
3123 4459 3229 4505 me.
3267 4455 3321 4499 et
3358 4449 3533 4515 spira-

262 4532 596 4601 τοκράτορος
623 4528 999 4600 ἡδιδάσκουσά
1027 4546 1115 4599 με.
1158 4548 1175 4579 ι
1207 4530 1267 4583 Et
1290 4530 1347 4582 δὲ
1370 4530 1470 4599 τὴν
1496 4529 1843 4601 ἀνθρωπίνην

1967 4534 2071 4573 nen
2104 4520 2499 4591 omnipotentis
2540 4526 2685 4596 quod
2716 4530 2898 4583 ei'udit
2929 4547 3016 4587 me
3043 4534 3111 4590 ⁸⁷.
3151 4554 3170 4588 ι
3211 4536 3328 4591 .lam
3366 4542 3409 4594 si
3436 4542 3533 4595 llll-

265 4592 431 4693 φύσιν
481 4592 898 4692 ἐδημιούργησε,
938 4592 1038 4692 τὴν
1076 4622 1245 4691 αὐτὴν
1279 4592 1468 4674 οὐσίαν
1510 4592 1622 4691 ἔχει
1670 4592 1845 4692 Πατρὶ

1967 4626 2169 4667 uanam
2203 4626 2457 4672 naturam
2488 4620 2718 4685 creavit,
2752 4608 3003 4693 sequitur
3043 4637 3100 4681 ut
3131 4628 3371 4697 ejusdem
3412 4649 3533 4687 cum

266 4713 363 4765 καί
395 4711 510 4781 Υίῷ
533 4726 547 4741 ·
581 4713 640 4763 ἐν
665 4712 771 4782 γὰρ
804 4714 869 4782 τῇ
909 4711 1003 4765 τοῦ
1033 4711 1322 4783 ἀνθρώπου
1370 4714 1587 4783 ποιήσει
1633 4709 1784 4765 εἶπεν
1814 4715 1842 4767 ό

264 4804 400 4867 Θεός
418 4820 433 4835 ο
472 4822 490 4854 ι
522 4803 845 4873 Ποιήσωμεν
868 4803 1152 4875 ἄνθρωπον
1175 4806 1294 4859 κατ’
1328 4806 1513 4859 εἰκόνα
1538 4806 1837 4878 ἡμετέραν,

267 4894 363 4947 καὶ
390 4892 509 4947 καθ’
533 4893 809 4963 ὁμοίωσιν.
848 4889 982 4947 »Ὧν
1004 4895 1059 4948 δέ
1077 4898 1110 4965 η
1145 4894 1308 4949 εἰκὼν
1347 4896 1466 4968 μία,
1492 4897 1694 4951 τούτων
1741 4896 1839 4967 δη-

270 4984 448 5039 λονότι
484 4985 580 5037 καὶ
610 4986 642 5055 ἡ
672 4985 827 5037 ούσία
864 4985 983 5057 μία.

432 5186 561 5240 ΚΓ.
600 5186 729 5239 ’Ὁτι
759 5185 826 5239 ἐκ
862 5186 1009 5240 Θεοῦ
1043 5184 1109 5239 τὸ
1144 5186 1384 5255 Πνεῦμα
1412 5188 1478 5240 τὸ
1509 5188 1696 5256 ἅγιον.

339 5299 461 5352 Ὅτι
493 5298 548 5351 δὲ
585 5298 773 5362 οὐσίας
802 5297 952 5362 θείας
984 5261 1217 5369 suam;
1246 5300 1305 5353 τὸ
1334 5300 1558 5369 Πνεῦμα
1581 5302 1640 5354 τὸ
1662 5302 1838 5371 ἅγιον,

338 5475 383 5507 ⁸⁸
406 5473 446 5529 ll
470 5473 593 5529 Cor.
621 5488 740 5537 xm,
780 5476 863 5529 l3.
967 5474 1011 5505 “
1038 5472 1055 5525 l
1085 5474 1208 5528 Cor.
1254 5492 1350 5535 xu,
1381 5476 1496 5530 6-6.

372 5699 420 5768 Ι)
462 5699 619 5753 Vides
652 5698 791 5769 apud
822 5699 1078 5770 Cyrillum
1119 5708 1264 5754 recte
1303 5700 1543 5770 additum
1580 5704 1672 5754 καὶ
1720 5704 1832 5757 Πα-

372 5700 420 5768 l)
462 5700 619 5753 Vides
652 5700 791 5769 apud
822 5700 1078 5770 Cyrillum
1119 5708 1264 5754 recte
1303 5700 1543 5754 additum
1580 5704 1672 5754 καὶ
1720 5704 1831 5757 Πα-

271 5700 571 5839 argentum
605 5772 767 5824 dictio
818 5770 972 5825 deest
1027 5770 1078 5821 in
1128 5770 1312 5839 multis
1340 5769 1468 5823 Novi
1504 5771 1831 5827 'I'estamcnti

1594 5478 1639 5509 ιο
1669 5478 1737 5509 ἶῑιζ

338 5479 446 5529 “ll
470 5479 593 5529 Cor.
621 5488 740 5537 xm,
780 5479 863 5529 l3.
967 5479 1011 5505 "
1038 5479 1055 5525 l
1085 5479 1208 5528 Cor.
1254 5492 1350 5535 xu,
1381 5479 1496 5530 6-6.
1594 5479 1639 5509 ⁸ο
1669 5479 1795 5532 ibid.
1828 5479 1913 5532 ll.
2015 5481 2055 5511 "
2100 5479 2235 5533 Rom

268 5547 315 5578 "
348 5546 448 5601 lsa.
480 5560 664 5611 mm,
698 5544 781 5599 l6.
852 5546 897 5577 "
922 5544 1023 5600 lsa.
1050 5560 1179 5611 xxx,
1206 5544 1254 5599 l.
1334 5547 1379 5577 "
1404 5549 1537 5617 Agg.
1560 5563 1618 5613 tl,
1650 5549 1701 5603 6.
1776 5551 1819 5582 ⁸⁷
1846 5550 1948 5605 Job
1989 5566 2159 5610 usti.
2191 5550 2245 5605 8.

1951 4701 2114 4759 Patre
2145 4721 2205 4761 ac
2230 4706 2370 4763 Filio
2398 4710 2721 4767 substantiae
2774 4713 2869 4769 sit.
2907 4715 3152 4786 Namque
3197 4721 3249 4774 in
3298 4722 3534 4780 hominis

1951 4800 2237 4856 creatione
2262 4802 2401 4856 dixit
2429 4803 2571 4859 Deus
2598 4822 2611 4859 :
2650 4824 2667 4856 ι
2693 4804 2983 4861 Faciamus
3006 4810 3219 4881 701m
3257 4813 3531 4873 hominem

1947 4890 2015 4944 ad
2042 4892 2329 4963 imaginem
2359 4906 2597 4951 nostram
2618 4912 2683 4953 ac
2707 4899 3116 4955 similitudinem
3148 4904 3216 4958 ⁸⁸.
3246 4924 3262 4956 ι
3299 4906 3537 4974 Quormu

1952 4993 2135 5040 autem
2164 5002 2266 5041 una
2310 4999 2393 5043 est
2424 4990 2625 5059 imago,
2661 5006 2847 5046 eorum
2883 4994 3133 5051 videlicet
3175 5012 3278 5051 una
3327 5014 3542 5071 quoque

1951 5076 2251 5131 substantia
2285 5089 2387 5134 est.

2129 5190 2315 5245 XXIII.
2352 5191 2504 5257 Quod
2543 5208 2608 5247 ex
2650 5193 2755 5248 Deo
2782 5197 2850 5248 sit
2888 5194 3118 5263 Spiritus
3155 5212 3391 5255 sanctus.

2024 5302 2178 5376 Quod
2230 5315 2412 5358 autem
2459 5306 2641 5359 divina
2688 5317 2901 5361 constet
2946 5311 3254 5363 substantia
3291 5310 3535 5381 Spiritus

2015 5481 2055 5511 "
2100 5479 2257 5534 Rom.
2286 5497 2401 5540 vm.
2436 5482 2521 5536 15.
2624 5484 2668 5515 ⁸⁸
2706 5484 2832 5539 ibid.
2865 5486 2918 5543 2.

2015 5566 2159 5610 .xxtt,
2191 5550 2245 5605 8.
2352 5552 2398 5584 ⁵⁸
2424 5552 2558 5607 Gen.
2589 5570 2627 5618 ι,
2667 5555 2756 5609 26.

3020 5489 3065 5520 ⁸³
3091 5488 3131 5544 ll
3162 5490 3285 5546 Cor.
3320 5508 3401 5549 ιιι.
3441 5493 3529 5549 l7.

1944 5704 2155 5775 plenam
2198 5709 2685 5765 enumerationem.

2012 5776 2088 5866 (ἐ)
2130 5775 2411 5866 Ita-codex
2444 5780 2710 5853 διανέμει,
2746 5784 2861 5842 sine
2892 5788 3001 5844 ulla
3030 5796 3189 5847 antea
3223 5794 3305 5850 vel
3346 5806 3531 5866 postea

269 5838 566 5906 cudicibus,
604 5851 658 5897 ct
691 5850 865 5897 tamen
897 5838 1204 5895 necessaria
1232 5842 1315 5895 hic
1349 5851 1427 5896 cst
1454 5842 1518 5896 ad
1555 5841 1834 5900 Trinitatis
1944 5838 2395 5916 interpunctionc.
