  <div class='ocr_page' id='page_1' title='image "/cluster/home/n/w/nwhite01/storage/ocr_20150623/75/uva.x030486936/602.png"; bbox 0 0 3988 6468; ppageno 0'>
   <div class='ocr_carea' id='block_1_1' title="bbox 289 418 418 473">
    <p class='ocr_par' dir='ltr' id='par_1_1' title="bbox 289 418 418 473">
     <span class='ocr_line' id='line_1_1' title="bbox 289 418 418 473; baseline -0.047 0"><span class='ocrx_word' id='word_1_1' title='bbox 289 418 418 473; x_wconf 78' lang='grc' dir='ltr'><strong>ΗΒΙ</strong></span> 
     </span>
    </p>
   </div>
   <div class='ocr_carea' id='block_1_2' title="bbox 1623 396 2143 456">
    <p class='ocr_par' dir='ltr' id='par_1_2' title="bbox 1623 396 2143 456">
     <span class='ocr_line' id='line_1_2' title="bbox 1623 396 2143 456; baseline -0.012 0"><span class='ocrx_word' id='word_1_2' title='bbox 1623 402 1708 456; x_wconf 81' lang='lat' dir='ltr'><strong>DE</strong></span> <span class='ocrx_word' id='word_1_3' title='bbox 1750 396 2143 455; x_wconf 73' lang='grc' dir='ltr'><strong>ΤΠΙΜΤΑΤΕ.</strong></span> 
     </span>
    </p>
   </div>
   <div class='ocr_carea' id='block_1_3' title="bbox 3420 380 3563 437">
    <p class='ocr_par' dir='ltr' id='par_1_3' title="bbox 3420 380 3563 437">
     <span class='ocr_line' id='line_1_3' title="bbox 3420 380 3563 437; baseline 0 -1"><span class='ocrx_word' id='word_1_4' title='bbox 3420 380 3563 437; x_wconf 64' lang='lat' dir='ltr'><strong>H89</strong></span> 
     </span>
    </p>
   </div>
   <div class='ocr_carea' id='block_1_4' title="bbox 288 498 1886 606">
    <p class='ocr_par' dir='ltr' id='par_1_4' title="bbox 288 518 1857 606">
     <span class='ocr_line' id='line_1_4' title="bbox 288 518 1857 606; baseline -0.01 -18"><span class='ocrx_word' id='word_1_5' title='bbox 288 538 519 606; x_wconf 83' lang='grc' dir='ltr'>Κυρίου,</span> <span class='ocrx_word' id='word_1_6' title='bbox 538 533 595 596; x_wconf 73' lang='grc' dir='ltr'>ὃς</span> <span class='ocrx_word' id='word_1_7' title='bbox 622 530 947 601; x_wconf 63' lang='grc' dir='ltr'>σύμσιὸάσει</span> <span class='ocrx_word' id='word_1_8' title='bbox 977 526 1375 596; x_wconf 76' lang='grc' dir='ltr'><strong>αὑτὸν;Ἦμεῖς</strong></span> <span class='ocrx_word' id='word_1_9' title='bbox 1388 524 1443 577; x_wconf 81' lang='grc' dir='ltr'>δὲ</span> <span class='ocrx_word' id='word_1_10' title='bbox 1472 522 1594 575; x_wconf 92' lang='grc' dir='ltr'>νοῦν</span> <span class='ocrx_word' id='word_1_11' title='bbox 1622 518 1857 593; x_wconf 77' lang='grc' dir='ltr'><strong>Χριστοῦ</strong></span> 
     </span>
    </p>
   </div>
   <div class='ocr_carea' id='block_1_5' title="bbox 1994 498 3557 606">
    <p class='ocr_par' dir='ltr' id='par_1_5' title="bbox 1994 498 3557 573">
     <span class='ocr_line' id='line_1_5' title="bbox 1994 498 3557 573; baseline -0.011 -4"><span class='ocrx_word' id='word_1_12' title='bbox 1994 516 2225 571; x_wconf 70' lang='grc' dir='ltr'>ιεϋειιιυε</span> <span class='ocrx_word' id='word_1_13' title='bbox 2266 512 2330 566; x_wconf 82' lang='grc'><strong>⁸⁸.</strong></span> <span class='ocrx_word' id='word_1_14' title='bbox 2386 531 2404 563; x_wconf 73' lang='grc' dir='ltr'><strong>ι</strong></span> <span class='ocrx_word' id='word_1_15' title='bbox 2466 509 2601 563; x_wconf 87' lang='lat' dir='ltr'><strong>Dum</strong></span> <span class='ocrx_word' id='word_1_16' title='bbox 2650 506 2726 561; x_wconf 92' lang='lat' dir='ltr'><strong>ait</strong></span> <span class='ocrx_word' id='word_1_17' title='bbox 2784 506 3010 573; x_wconf 85' lang='lat' dir='ltr'><strong>itaque:</strong></span> <span class='ocrx_word' id='word_1_18' title='bbox 3065 521 3083 552; x_wconf 74' lang='grc' dir='ltr'><strong><em>ο</em></strong></span> <span class='ocrx_word' id='word_1_19' title='bbox 3147 498 3255 555; x_wconf 82' lang='lat' dir='ltr'><strong>Nos</strong></span> <span class='ocrx_word' id='word_1_20' title='bbox 3306 499 3557 568; x_wconf 73' lang='lat' dir='ltr'><strong>spiritum</strong></span> 
     </span>
    </p>
   </div>
   <div class='ocr_carea' id='block_1_6' title="bbox 287 593 1886 694">
    <p class='ocr_par' dir='ltr' id='par_1_6' title="bbox 287 610 1859 694">
     <span class='ocr_line' id='line_1_6' title="bbox 287 610 1859 694; baseline -0.01 -16"><span class='ocrx_word' id='word_1_21' title='bbox 287 628 507 694; x_wconf 71' lang='grc' dir='ltr'>Ιχομεν.</span> <span class='ocrx_word' id='word_1_22' title='bbox 554 644 570 675; x_wconf 70' lang='grc' dir='ltr'><strong>ο</strong></span> <span class='ocrx_word' id='word_1_23' title='bbox 610 620 817 675; x_wconf 82' lang='grc' dir='ltr'>Οὐκοῦν</span> <span class='ocrx_word' id='word_1_24' title='bbox 844 618 918 687; x_wconf 77' lang='grc' dir='ltr'><strong>τῷ</strong></span> <span class='ocrx_word' id='word_1_25' title='bbox 942 620 1113 671; x_wconf 77' lang='grc' dir='ltr'>εἰπεῖν</span> <span class='ocrx_word' id='word_1_26' title='bbox 1147 619 1227 669; x_wconf 83' lang='grc' dir='ltr'>ὅτι</span> <span class='ocrx_word' id='word_1_27' title='bbox 1262 636 1279 668; x_wconf 82' lang='lat' dir='ltr'><strong>t</strong></span> <span class='ocrx_word' id='word_1_28' title='bbox 1314 615 1388 667; x_wconf 72' lang='grc' dir='ltr'><strong>Οὔ</strong></span> <span class='ocrx_word' id='word_1_29' title='bbox 1418 614 1477 666; x_wconf 88' lang='grc' dir='ltr'>τὸ</span> <span class='ocrx_word' id='word_1_30' title='bbox 1518 612 1736 681; x_wconf 83' lang='grc' dir='ltr'>πνεῦμα</span> <span class='ocrx_word' id='word_1_31' title='bbox 1764 610 1859 663; x_wconf 88' lang='grc' dir='ltr'><strong>τοῦ</strong></span> 
     </span>
    </p>
   </div>
   <div class='ocr_carea' id='block_1_7' title="bbox 1994 593 3556 694">
    <p class='ocr_par' dir='ltr' id='par_1_7' title="bbox 1994 593 3556 671">
     <span class='ocr_line' id='line_1_7' title="bbox 1994 593 3556 671; baseline -0.012 -10"><span class='ocrx_word' id='word_1_32' title='bbox 1994 608 2145 661; x_wconf 66' lang='lat' dir='ltr'><strong>mundi</strong></span> <span class='ocrx_word' id='word_1_33' title='bbox 2176 622 2277 660; x_wconf 88' lang='lat' dir='ltr'><strong>non</strong></span> <span class='ocrx_word' id='word_1_34' title='bbox 2302 603 2633 671; x_wconf 82' lang='lat' dir='ltr'><strong>accepimus,</strong></span> <span class='ocrx_word' id='word_1_35' title='bbox 2659 601 2749 655; x_wconf 84' lang='lat' dir='ltr'><strong>sed</strong></span> <span class='ocrx_word' id='word_1_36' title='bbox 2775 600 2865 667; x_wconf 85' lang='lat' dir='ltr'><strong>qui</strong></span> <span class='ocrx_word' id='word_1_37' title='bbox 2894 614 2960 653; x_wconf 81' lang='lat' dir='ltr'><strong>ex</strong></span> <span class='ocrx_word' id='word_1_38' title='bbox 2994 597 3105 652; x_wconf 84' lang='lat' dir='ltr'><strong>Deo</strong></span> <span class='ocrx_word' id='word_1_39' title='bbox 3124 606 3205 651; x_wconf 88' lang='lat' dir='ltr'><strong>est</strong></span> <span class='ocrx_word' id='word_1_40' title='bbox 3223 593 3506 664; x_wconf 87' lang='lat' dir='ltr'><strong>Spiritum,</strong></span> <span class='ocrx_word' id='word_1_41' title='bbox 3537 610 3556 644; x_wconf 72' lang='grc' dir='ltr'><strong>ι</strong></span> 
     </span>
    </p>
   </div>
   <div class='ocr_carea' id='block_1_8' title="bbox 286 706 1855 792">
    <p class='ocr_par' dir='ltr' id='par_1_8' title="bbox 286 706 1855 792">
     <span class='ocr_line' id='line_1_8' title="bbox 286 706 1855 792; baseline -0.012 -16"><span class='ocrx_word' id='word_1_42' title='bbox 286 726 497 792; x_wconf 76' lang='grc' dir='ltr'>κόσμου</span> <span class='ocrx_word' id='word_1_43' title='bbox 532 719 816 787; x_wconf 76' lang='grc' dir='ltr'>ὲλάὸομεν,</span> <span class='ocrx_word' id='word_1_44' title='bbox 842 716 975 770; x_wconf 88' lang='grc' dir='ltr'><strong>ἀλλά</strong></span> <span class='ocrx_word' id='word_1_45' title='bbox 1007 716 1066 767; x_wconf 87' lang='lat'><strong>16</strong></span> <span class='ocrx_word' id='word_1_46' title='bbox 1102 712 1327 781; x_wconf 87' lang='grc' dir='ltr'>Πνεῦμα</span> <span class='ocrx_word' id='word_1_47' title='bbox 1355 710 1415 763; x_wconf 91' lang='lat'><strong>16</strong></span> <span class='ocrx_word' id='word_1_48' title='bbox 1438 710 1500 761; x_wconf 80' lang='grc' dir='ltr'>ὲκ</span> <span class='ocrx_word' id='word_1_49' title='bbox 1522 708 1615 761; x_wconf 90' lang='grc' dir='ltr'><strong>τοῦ</strong></span> <span class='ocrx_word' id='word_1_50' title='bbox 1649 706 1807 769; x_wconf 86' lang='grc' dir='ltr'>Θεοῦ,</span> <span class='ocrx_word' id='word_1_51' title='bbox 1839 726 1855 757; x_wconf 75' lang='grc' dir='ltr'><strong>ι</strong></span> 
     </span>
    </p>
   </div>
   <div class='ocr_carea' id='block_1_9' title="bbox 288 800 1864 880">
    <p class='ocr_par' dir='ltr' id='par_1_9' title="bbox 288 800 1864 880">
     <span class='ocr_line' id='line_1_9' title="bbox 288 800 1864 880; baseline -0.011 -13"><span class='ocrx_word' id='word_1_52' title='bbox 288 815 529 879; x_wconf 78' lang='grc' dir='ltr'>ἐδίδαξεν</span> <span class='ocrx_word' id='word_1_53' title='bbox 573 815 669 880; x_wconf 69' lang='grc' dir='ltr'>οὐχ</span> <span class='ocrx_word' id='word_1_54' title='bbox 700 809 959 879; x_wconf 78' lang='grc' dir='ltr'><strong>ὁμογενὲς</strong></span> <span class='ocrx_word' id='word_1_55' title='bbox 984 809 1057 876; x_wconf 84' lang='lat' dir='ltr'><strong>(i)</strong></span> <span class='ocrx_word' id='word_1_56' title='bbox 1082 806 1156 876; x_wconf 83' lang='grc' dir='ltr'>τῷ</span> <span class='ocrx_word' id='word_1_57' title='bbox 1187 806 1395 873; x_wconf 73' lang='grc' dir='ltr'>κόσμῳ,</span> <span class='ocrx_word' id='word_1_58' title='bbox 1433 802 1566 855; x_wconf 87' lang='grc' dir='ltr'><strong>ἀλλά</strong></span> <span class='ocrx_word' id='word_1_59' title='bbox 1585 801 1684 870; x_wconf 83' lang='grc' dir='ltr'>τῆς</span> <span class='ocrx_word' id='word_1_60' title='bbox 1715 800 1864 861; x_wconf 80' lang='grc' dir='ltr'>θείας</span> 
     </span>
    </p>
   </div>
   <div class='ocr_carea' id='block_1_10' title="bbox 290 892 1863 975">
    <p class='ocr_par' dir='ltr' id='par_1_10' title="bbox 290 892 1863 975">
     <span class='ocr_line' id='line_1_10' title="bbox 290 892 1863 975; baseline -0.01 -16"><span class='ocrx_word' id='word_1_61' title='bbox 290 909 535 975; x_wconf 78' lang='grc' dir='ltr'>ὑπάρχον</span> <span class='ocrx_word' id='word_1_62' title='bbox 599 904 786 965; x_wconf 74' lang='grc' dir='ltr'>οὐσίας</span> <span class='ocrx_word' id='word_1_63' title='bbox 832 901 894 953; x_wconf 84' lang='grc' dir='ltr'>τὸ</span> <span class='ocrx_word' id='word_1_64' title='bbox 944 899 1166 967; x_wconf 80' lang='grc' dir='ltr'><strong>Πνεῦμα</strong></span> <span class='ocrx_word' id='word_1_65' title='bbox 1230 896 1290 948; x_wconf 88' lang='lat'><strong>16</strong></span> <span class='ocrx_word' id='word_1_66' title='bbox 1340 896 1513 963; x_wconf 82' lang='grc' dir='ltr'>ἆγιον.</span> <span class='ocrx_word' id='word_1_67' title='bbox 1567 893 1677 946; x_wconf 70' lang='grc' dir='ltr'><strong>Καὶ</strong></span> <span class='ocrx_word' id='word_1_68' title='bbox 1718 892 1863 960; x_wconf 62' lang='grc' dir='ltr'>ίπρὸς</span> 
     </span>
    </p>
   </div>
   <div class='ocr_carea' id='block_1_11' title="bbox 289 983 1863 1066">
    <p class='ocr_par' dir='ltr' id='par_1_11' title="bbox 289 983 1863 1066">
     <span class='ocr_line' id='line_1_11' title="bbox 289 983 1863 1066; baseline -0.011 -15"><span class='ocrx_word' id='word_1_69' title='bbox 289 999 464 1066; x_wconf 80' lang='grc' dir='ltr'>τούτῳ</span> <span class='ocrx_word' id='word_1_70' title='bbox 512 994 767 1056; x_wconf 73' lang='grc' dir='ltr'>ἐδίδαξεν,</span> <span class='ocrx_word' id='word_1_71' title='bbox 806 993 880 1053; x_wconf 83' lang='grc' dir='ltr'>ὠς</span> <span class='ocrx_word' id='word_1_72' title='bbox 925 992 984 1043; x_wconf 78' lang='grc' dir='ltr'>οὐ</span> <span class='ocrx_word' id='word_1_73' title='bbox 1022 989 1147 1058; x_wconf 79' lang='grc' dir='ltr'>περὶ</span> <span class='ocrx_word' id='word_1_74' title='bbox 1178 988 1273 1039; x_wconf 89' lang='grc' dir='ltr'><strong>τοῦ</strong></span> <span class='ocrx_word' id='word_1_75' title='bbox 1319 985 1455 1039; x_wconf 89' lang='grc' dir='ltr'>Θεοῦ</span> <span class='ocrx_word' id='word_1_76' title='bbox 1504 985 1597 1037; x_wconf 58' lang='grc' dir='ltr'><strong>καὶ¹</strong></span> <span class='ocrx_word' id='word_1_77' title='bbox 1650 983 1863 1052; x_wconf 80' lang='grc' dir='ltr'>Πατρὸς</span> 
     </span>
    </p>
   </div>
   <div class='ocr_carea' id='block_1_12' title="bbox 292 1072 1865 1158">
    <p class='ocr_par' dir='ltr' id='par_1_12' title="bbox 292 1072 1865 1158">
     <span class='ocr_line' id='line_1_12' title="bbox 292 1072 1865 1158; baseline -0.008 -17"><span class='ocrx_word' id='word_1_78' title='bbox 292 1092 404 1158; x_wconf 72' lang='grc' dir='ltr'>ἔχει</span> <span class='ocrx_word' id='word_1_79' title='bbox 439 1088 530 1141; x_wconf 80' lang='grc' dir='ltr'>τὸν</span> <span class='ocrx_word' id='word_1_80' title='bbox 565 1088 754 1153; x_wconf 74' lang='grc' dir='ltr'>Λόγον.</span> <span class='ocrx_word' id='word_1_81' title='bbox 786 1085 920 1140; x_wconf 84' lang='grc' dir='ltr'><strong>ἀλλά</strong></span> <span class='ocrx_word' id='word_1_82' title='bbox 949 1084 1073 1153; x_wconf 80' lang='grc' dir='ltr'>περὶ</span> <span class='ocrx_word' id='word_1_83' title='bbox 1102 1082 1191 1134; x_wconf 93' lang='grc' dir='ltr'><strong>τοῦ</strong></span> <span class='ocrx_word' id='word_1_84' title='bbox 1228 1083 1382 1149; x_wconf 83' lang='grc' dir='ltr'>ἁγίου</span> <span class='ocrx_word' id='word_1_85' title='bbox 1431 1080 1767 1149; x_wconf 85' lang='grc' dir='ltr'>Π-νεύματος,</span> <span class='ocrx_word' id='word_1_86' title='bbox 1808 1072 1865 1130; x_wconf 72' lang='grc' dir='ltr'>οὗ</span> 
     </span>
    </p>
   </div>
   <div class='ocr_carea' id='block_1_13' title="bbox 289 1170 1869 1249">
    <p class='ocr_par' dir='ltr' id='par_1_13' title="bbox 289 1170 1869 1249">
     <span class='ocr_line' id='line_1_13' title="bbox 289 1170 1869 1249; baseline -0.007 -17"><span class='ocrx_word' id='word_1_87' title='bbox 289 1182 391 1247; x_wconf 72' lang='grc' dir='ltr'>τὴν</span> <span class='ocrx_word' id='word_1_88' title='bbox 428 1180 584 1249; x_wconf 84' lang='grc' dir='ltr'>χάριν</span> <span class='ocrx_word' id='word_1_89' title='bbox 615 1178 981 1247; x_wconf 77' lang='grc' dir='ltr'>λαμϐάνουσιν</span> <span class='ocrx_word' id='word_1_90' title='bbox 1004 1176 1051 1227; x_wconf 81' lang='grc' dir='ltr'>οἱ</span> <span class='ocrx_word' id='word_1_91' title='bbox 1083 1174 1447 1235; x_wconf 77' lang='grc' dir='ltr'><strong>πιστεύοντες.</strong></span> <span class='ocrx_word' id='word_1_92' title='bbox 1490 1174 1581 1223; x_wconf 83' lang='grc' dir='ltr'><strong>Διὸ</strong></span> <span class='ocrx_word' id='word_1_93' title='bbox 1611 1172 1670 1223; x_wconf 83' lang='lat'><strong>16</strong></span> <span class='ocrx_word' id='word_1_94' title='bbox 1700 1170 1869 1223; x_wconf 77' lang='grc' dir='ltr'>Πνεῦο</span> 
     </span>
    </p>
   </div>
   <div class='ocr_carea' id='block_1_14' title="bbox 293 1260 1869 1338">
    <p class='ocr_par' dir='ltr' id='par_1_14' title="bbox 293 1260 1869 1338">
     <span class='ocr_line' id='line_1_14' title="bbox 293 1260 1869 1338; baseline -0.007 -16"><span class='ocrx_word' id='word_1_95' title='bbox 293 1287 368 1338; x_wconf 85' lang='grc' dir='ltr'><strong>μα</strong></span> <span class='ocrx_word' id='word_1_96' title='bbox 398 1265 518 1321; x_wconf 83' lang='grc' dir='ltr'>εἶπε</span> <span class='ocrx_word' id='word_1_97' title='bbox 552 1269 609 1321; x_wconf 89' lang='lat'><strong>16</strong></span> <span class='ocrx_word' id='word_1_98' title='bbox 630 1271 693 1321; x_wconf 86' lang='grc' dir='ltr'>ὲκ</span> <span class='ocrx_word' id='word_1_99' title='bbox 716 1267 809 1320; x_wconf 86' lang='grc' dir='ltr'><strong>τοῦ</strong></span> <span class='ocrx_word' id='word_1_100' title='bbox 844 1266 999 1329; x_wconf 86' lang='grc' dir='ltr'>Θεοῦ,</span> <span class='ocrx_word' id='word_1_101' title='bbox 1035 1265 1300 1317; x_wconf 84' lang='grc' dir='ltr'><strong>διδάσκων</strong></span> <span class='ocrx_word' id='word_1_102' title='bbox 1336 1262 1411 1324; x_wconf 82' lang='grc' dir='ltr'><strong>ὡς</strong></span> <span class='ocrx_word' id='word_1_103' title='bbox 1449 1262 1513 1313; x_wconf 77' lang='grc' dir='ltr'>ὲκ</span> <span class='ocrx_word' id='word_1_104' title='bbox 1533 1262 1625 1313; x_wconf 88' lang='grc' dir='ltr'><strong>τοῦ</strong></span> <span class='ocrx_word' id='word_1_105' title='bbox 1658 1260 1869 1330; x_wconf 84' lang='grc' dir='ltr'>Πατρὸς</span> 
     </span>
    </p>
   </div>
   <div class='ocr_carea' id='block_1_15' title="bbox 290 1351 1869 1429">
    <p class='ocr_par' dir='ltr' id='par_1_15' title="bbox 290 1351 1869 1429">
     <span class='ocr_line' id='line_1_15' title="bbox 290 1351 1869 1429; baseline -0.006 -18"><span class='ocrx_word' id='word_1_106' title='bbox 290 1360 404 1428; x_wconf 71' lang='grc' dir='ltr'>ἔχει</span> <span class='ocrx_word' id='word_1_107' title='bbox 443 1358 699 1429; x_wconf 78' lang='grc' dir='ltr'>ὕπαρξιν,</span> <span class='ocrx_word' id='word_1_108' title='bbox 732 1358 989 1426; x_wconf 85' lang='grc' dir='ltr'>κάκείνης</span> <span class='ocrx_word' id='word_1_109' title='bbox 1024 1358 1260 1425; x_wconf 76' lang='grc' dir='ltr'><strong>ὑπάρχει</strong></span> <span class='ocrx_word' id='word_1_110' title='bbox 1303 1356 1402 1422; x_wconf 81' lang='grc' dir='ltr'>τῆς</span> <span class='ocrx_word' id='word_1_111' title='bbox 1437 1352 1675 1420; x_wconf 78' lang='grc' dir='ltr'>φύσεως,</span> <span class='ocrx_word' id='word_1_112' title='bbox 1710 1351 1769 1404; x_wconf 76' lang='grc' dir='ltr'>οὐ</span> <span class='ocrx_word' id='word_1_113' title='bbox 1812 1352 1869 1403; x_wconf 78' lang='grc' dir='ltr'>δὲ</span> 
     </span>
    </p>
   </div>
   <div class='ocr_carea' id='block_1_16' title="bbox 288 1442 1869 1519">
    <p class='ocr_par' dir='ltr' id='par_1_16' title="bbox 288 1442 1869 1519">
     <span class='ocr_line' id='line_1_16' title="bbox 288 1442 1869 1519; baseline -0.004 -18"><span class='ocrx_word' id='word_1_114' title='bbox 288 1450 648 1519; x_wconf 77' lang='grc' dir='ltr'>γεννητικῶς,</span> <span class='ocrx_word' id='word_1_115' title='bbox 683 1450 795 1502; x_wconf 76' lang='grc' dir='ltr'>ἀλλ’</span> <span class='ocrx_word' id='word_1_116' title='bbox 836 1450 911 1511; x_wconf 83' lang='grc' dir='ltr'>ὡς</span> <span class='ocrx_word' id='word_1_117' title='bbox 945 1445 1051 1500; x_wconf 74' lang='grc' dir='ltr'>οἶδε</span> <span class='ocrx_word' id='word_1_118' title='bbox 1097 1448 1255 1515; x_wconf 80' lang='grc' dir='ltr'>μόνος</span> <span class='ocrx_word' id='word_1_119' title='bbox 1295 1446 1323 1496; x_wconf 97' lang='lat'><strong>6</strong></span> <span class='ocrx_word' id='word_1_120' title='bbox 1358 1448 1447 1498; x_wconf 78' lang='grc' dir='ltr'>τὸν</span> <span class='ocrx_word' id='word_1_121' title='bbox 1484 1445 1611 1497; x_wconf 78' lang='grc' dir='ltr'>Υίὸν</span> <span class='ocrx_word' id='word_1_122' title='bbox 1644 1442 1869 1496; x_wconf 71' lang='grc' dir='ltr'>ἐπιστά-</span> 
     </span>
    </p>
   </div>
   <div class='ocr_carea' id='block_1_17' title="bbox 296 1533 1872 1609">
    <p class='ocr_par' dir='ltr' id='par_1_17' title="bbox 296 1533 1872 1609">
     <span class='ocr_line' id='line_1_17' title="bbox 296 1533 1872 1609; baseline -0.003 -19"><span class='ocrx_word' id='word_1_123' title='bbox 296 1558 477 1608; x_wconf 87' lang='grc' dir='ltr'>μενος,</span> <span class='ocrx_word' id='word_1_124' title='bbox 516 1543 608 1592; x_wconf 76' lang='grc' dir='ltr'>καὶ</span> <span class='ocrx_word' id='word_1_125' title='bbox 653 1542 680 1591; x_wconf 89' lang='lat'><strong>6</strong></span> <span class='ocrx_word' id='word_1_126' title='bbox 712 1540 870 1609; x_wconf 81' lang='grc' dir='ltr'>μόνος</span> <span class='ocrx_word' id='word_1_127' title='bbox 915 1538 1003 1590; x_wconf 82' lang='grc' dir='ltr'>τὸν</span> <span class='ocrx_word' id='word_1_128' title='bbox 1050 1537 1266 1607; x_wconf 79' lang='grc' dir='ltr'><strong>Πατέρα</strong></span> <span class='ocrx_word' id='word_1_129' title='bbox 1308 1534 1613 1603; x_wconf 84' lang='grc' dir='ltr'><strong>γινώσκων,</strong></span> <span class='ocrx_word' id='word_1_130' title='bbox 1671 1534 1763 1585; x_wconf 70' lang='grc' dir='ltr'>καὶ</span> <span class='ocrx_word' id='word_1_131' title='bbox 1809 1533 1872 1586; x_wconf 86' lang='grc' dir='ltr'>τὸ</span> 
     </span>
    </p>
   </div>
   <div class='ocr_carea' id='block_1_18' title="bbox 297 1623 1870 1700">
    <p class='ocr_par' dir='ltr' id='par_1_18' title="bbox 297 1623 1870 1700">
     <span class='ocr_line' id='line_1_18' title="bbox 297 1623 1870 1700; baseline -0.005 -17"><span class='ocrx_word' id='word_1_132' title='bbox 297 1632 460 1700; x_wconf 73' lang='grc' dir='ltr'>μόνον</span> <span class='ocrx_word' id='word_1_133' title='bbox 483 1632 701 1700; x_wconf 83' lang='grc' dir='ltr'>Πατέρα</span> <span class='ocrx_word' id='word_1_134' title='bbox 749 1630 825 1699; x_wconf 70' lang='grc' dir='ltr'><strong>(Ξ)</strong></span> <span class='ocrx_word' id='word_1_135' title='bbox 869 1630 959 1682; x_wconf 77' lang='grc' dir='ltr'>καὶ</span> <span class='ocrx_word' id='word_1_136' title='bbox 998 1629 1126 1680; x_wconf 79' lang='grc' dir='ltr'>Υίὸν</span> <span class='ocrx_word' id='word_1_137' title='bbox 1156 1628 1519 1696; x_wconf 77' lang='grc' dir='ltr'>ἐπιστάμενον</span> <span class='ocrx_word' id='word_1_138' title='bbox 1541 1644 1553 1657; x_wconf 81' lang='grc'><em>’</em></span> <span class='ocrx_word' id='word_1_139' title='bbox 1588 1626 1615 1679; x_wconf 78' lang='grc' dir='ltr'><strong>ὃ</strong></span> <span class='ocrx_word' id='word_1_140' title='bbox 1642 1628 1705 1677; x_wconf 83' lang='grc' dir='ltr'>ὲκ</span> <span class='ocrx_word' id='word_1_141' title='bbox 1734 1623 1870 1677; x_wconf 89' lang='grc' dir='ltr'>Θεοῦ</span> 
     </span>
    </p>
   </div>
   <div class='ocr_carea' id='block_1_19' title="bbox 298 1716 1874 1791">
    <p class='ocr_par' dir='ltr' id='par_1_19' title="bbox 298 1716 1874 1791">
     <span class='ocr_line' id='line_1_19' title="bbox 298 1716 1874 1791; baseline -0.003 -18"><span class='ocrx_word' id='word_1_142' title='bbox 298 1723 721 1791; x_wconf 74' lang='grc' dir='ltr'>μεμαθήκαμεν,</span> <span class='ocrx_word' id='word_1_143' title='bbox 756 1720 845 1772; x_wconf 81' lang='lat' dir='ltr'><em>16v</em></span> <span class='ocrx_word' id='word_1_144' title='bbox 882 1720 937 1772; x_wconf 83' lang='grc' dir='ltr'>δὲ</span> <span class='ocrx_word' id='word_1_145' title='bbox 955 1719 1155 1790; x_wconf 84' lang='grc' dir='ltr'><strong>τρόπον</strong></span> <span class='ocrx_word' id='word_1_146' title='bbox 1186 1719 1287 1771; x_wconf 83' lang='grc' dir='ltr'>οὑκ</span> <span class='ocrx_word' id='word_1_147' title='bbox 1327 1717 1708 1786; x_wconf 80' lang='grc' dir='ltr'>ἐδιδάχθημεν.</span> <span class='ocrx_word' id='word_1_148' title='bbox 1749 1716 1874 1786; x_wconf 77' lang='grc' dir='ltr'><strong>Ἀρ⁴</strong></span> 
     </span>
    </p>
   </div>
   <div class='ocr_carea' id='block_1_20' title="bbox 1966 682 3560 758">
    <p class='ocr_par' dir='ltr' id='par_1_20' title="bbox 1966 682 3560 758">
     <span class='ocr_line' id='line_1_20' title="bbox 1966 682 3560 758; baseline -0.011 -4"><span class='ocrx_word' id='word_1_149' title='bbox 1966 696 2356 754; x_wconf 80' lang='lat' dir='ltr'><strong>demonstravit</strong></span> <span class='ocrx_word' id='word_1_150' title='bbox 2386 710 2490 748; x_wconf 92' lang='lat' dir='ltr'><strong>non</strong></span> <span class='ocrx_word' id='word_1_151' title='bbox 2537 707 2658 747; x_wconf 89' lang='lat' dir='ltr'><strong>esse</strong></span> <span class='ocrx_word' id='word_1_152' title='bbox 2690 690 2891 745; x_wconf 87' lang='lat' dir='ltr'><strong>mundo</strong></span> <span class='ocrx_word' id='word_1_153' title='bbox 2941 690 3335 758; x_wconf 75' lang='lat' dir='ltr'><strong>bomogeneum</strong></span> <span class='ocrx_word' id='word_1_154' title='bbox 3384 682 3560 751; x_wconf 89' lang='lat' dir='ltr'><strong>Spiri-</strong></span> 
     </span>
    </p>
   </div>
   <div class='ocr_carea' id='block_1_21' title="bbox 1967 773 3562 848">
    <p class='ocr_par' dir='ltr' id='par_1_21' title="bbox 1967 773 3562 848">
     <span class='ocr_line' id='line_1_21' title="bbox 1967 773 3562 848; baseline -0.013 -5"><span class='ocrx_word' id='word_1_155' title='bbox 1967 800 2075 843; x_wconf 92' lang='lat' dir='ltr'><strong>tum</strong></span> <span class='ocrx_word' id='word_1_156' title='bbox 2121 795 2387 848; x_wconf 90' lang='lat' dir='ltr'><strong>sanctum,</strong></span> <span class='ocrx_word' id='word_1_157' title='bbox 2418 783 2510 838; x_wconf 86' lang='lat' dir='ltr'><strong>sed</strong></span> <span class='ocrx_word' id='word_1_158' title='bbox 2544 783 2725 837; x_wconf 82' lang='lat' dir='ltr'><strong>divina</strong></span> <span class='ocrx_word' id='word_1_159' title='bbox 2756 788 2952 833; x_wconf 89' lang='lat' dir='ltr'><strong>natura</strong></span> <span class='ocrx_word' id='word_1_160' title='bbox 2992 776 3299 846; x_wconf 73' lang='lat' dir='ltr'><strong>praeditum.</strong></span> <span class='ocrx_word' id='word_1_161' title='bbox 3337 773 3562 838; x_wconf 87' lang='lat' dir='ltr'><strong>Insuper</strong></span> 
     </span>
    </p>
   </div>
   <div class='ocr_carea' id='block_1_22' title="bbox 1967 860 3560 945">
    <p class='ocr_par' dir='ltr' id='par_1_22' title="bbox 1967 860 3560 945">
     <span class='ocr_line' id='line_1_22' title="bbox 1967 860 3560 945; baseline -0.014 -9"><span class='ocrx_word' id='word_1_162' title='bbox 1967 879 2363 936; x_wconf 72' lang='lat' dir='ltr'><strong>demonstravit</strong></span> <span class='ocrx_word' id='word_1_163' title='bbox 2407 888 2746 945; x_wconf 83' lang='lat' dir='ltr'><strong>nequaquam</strong></span> <span class='ocrx_word' id='word_1_164' title='bbox 2786 885 2846 926; x_wconf 85' lang='lat' dir='ltr'><strong>se</strong></span> <span class='ocrx_word' id='word_1_165' title='bbox 2901 872 2967 923; x_wconf 88' lang='lat' dir='ltr'><strong>de</strong></span> <span class='ocrx_word' id='word_1_166' title='bbox 3018 871 3126 923; x_wconf 87' lang='lat' dir='ltr'><strong>Deo</strong></span> <span class='ocrx_word' id='word_1_167' title='bbox 3171 866 3333 919; x_wconf 80' lang='lat' dir='ltr'><strong>Patre</strong></span> <span class='ocrx_word' id='word_1_168' title='bbox 3391 860 3560 930; x_wconf 81' lang='lat' dir='ltr'><strong>loqui,</strong></span> 
     </span>
    </p>
   </div>
   <div class='ocr_carea' id='block_1_23' title="bbox 1967 956 3562 1039">
    <p class='ocr_par' dir='ltr' id='par_1_23' title="bbox 1967 956 3562 1039">
     <span class='ocr_line' id='line_1_23' title="bbox 1967 956 3562 1039; baseline -0.014 -10"><span class='ocrx_word' id='word_1_169' title='bbox 1967 976 2060 1029; x_wconf 88' lang='lat' dir='ltr'><strong>sed</strong></span> <span class='ocrx_word' id='word_1_170' title='bbox 2116 975 2180 1026; x_wconf 92' lang='lat' dir='ltr'><strong>de</strong></span> <span class='ocrx_word' id='word_1_171' title='bbox 2231 980 2419 1026; x_wconf 89' lang='lat' dir='ltr'><strong>sancto</strong></span> <span class='ocrx_word' id='word_1_172' title='bbox 2485 968 2727 1039; x_wconf 90' lang='lat' dir='ltr'><strong>Spiritu,</strong></span> <span class='ocrx_word' id='word_1_173' title='bbox 2788 961 2943 1031; x_wconf 89' lang='lat' dir='ltr'><strong>cujus</strong></span> <span class='ocrx_word' id='word_1_174' title='bbox 2991 962 3222 1033; x_wconf 77' lang='lat' dir='ltr'><strong>gratiam</strong></span> <span class='ocrx_word' id='word_1_175' title='bbox 3275 956 3562 1012; x_wconf 80' lang='lat' dir='ltr'><strong>credentes</strong></span> 
     </span>
    </p>
   </div>
   <div class='ocr_carea' id='block_1_24' title="bbox 1970 1050 3562 1133">
    <p class='ocr_par' dir='ltr' id='par_1_24' title="bbox 1970 1050 3562 1133">
     <span class='ocr_line' id='line_1_24' title="bbox 1970 1050 3562 1133; baseline -0.013 -14"><span class='ocrx_word' id='word_1_176' title='bbox 1970 1064 2259 1133; x_wconf 88' lang='lat' dir='ltr'><strong>accipiunt.</strong></span> <span class='ocrx_word' id='word_1_177' title='bbox 2322 1062 2444 1116; x_wconf 86' lang='lat' dir='ltr'><strong>ideo</strong></span> <span class='ocrx_word' id='word_1_178' title='bbox 2478 1070 2533 1114; x_wconf 85' lang='lat' dir='ltr'><strong>et</strong></span> <span class='ocrx_word' id='word_1_179' title='bbox 2578 1058 2711 1113; x_wconf 79' lang='lat' dir='ltr'><strong>dixit</strong></span> <span class='ocrx_word' id='word_1_180' title='bbox 2746 1056 3008 1127; x_wconf 85' lang='lat' dir='ltr'><strong>Spiritum</strong></span> <span class='ocrx_word' id='word_1_181' title='bbox 3047 1053 3139 1123; x_wconf 87' lang='lat' dir='ltr'><strong>qui</strong></span> <span class='ocrx_word' id='word_1_182' title='bbox 3190 1066 3256 1106; x_wconf 84' lang='lat' dir='ltr'><strong>ex</strong></span> <span class='ocrx_word' id='word_1_183' title='bbox 3291 1050 3399 1103; x_wconf 91' lang='lat' dir='ltr'><strong>Deo</strong></span> <span class='ocrx_word' id='word_1_184' title='bbox 3454 1056 3562 1111; x_wconf 89' lang='lat' dir='ltr'><strong>est,</strong></span> 
     </span>
    </p>
   </div>
   <div class='ocr_carea' id='block_1_25' title="bbox 1970 1137 3565 1210">
    <p class='ocr_par' dir='ltr' id='par_1_25' title="bbox 1970 1137 3565 1210">
     <span class='ocr_line' id='line_1_25' title="bbox 1970 1137 3565 1210; baseline -0.009 -2"><span class='ocrx_word' id='word_1_185' title='bbox 1970 1156 2169 1210; x_wconf 89' lang='lat' dir='ltr'><strong>docens</strong></span> <span class='ocrx_word' id='word_1_186' title='bbox 2217 1170 2339 1208; x_wconf 89' lang='lat' dir='ltr'><strong>eum</strong></span> <span class='ocrx_word' id='word_1_187' title='bbox 2370 1169 2399 1206; x_wconf 90' lang='lat' dir='ltr'><strong>a</strong></span> <span class='ocrx_word' id='word_1_188' title='bbox 2430 1151 2588 1205; x_wconf 83' lang='lat' dir='ltr'><strong>Patre</strong></span> <span class='ocrx_word' id='word_1_189' title='bbox 2640 1150 2843 1205; x_wconf 87' lang='lat' dir='ltr'><strong>habere</strong></span> <span class='ocrx_word' id='word_1_190' title='bbox 2888 1144 3297 1207; x_wconf 78' lang='lat' dir='ltr'><strong>exsistentiam,</strong></span> <span class='ocrx_word' id='word_1_191' title='bbox 3326 1149 3379 1195; x_wconf 92' lang='lat' dir='ltr'><strong>et</strong></span> <span class='ocrx_word' id='word_1_192' title='bbox 3421 1137 3565 1194; x_wconf 87' lang='lat' dir='ltr'><strong>illius</strong></span> 
     </span>
    </p>
   </div>
   <div class='ocr_carea' id='block_1_26' title="bbox 1969 1228 3589 1311">
    <p class='ocr_par' dir='ltr' id='par_1_26' title="bbox 1969 1228 3589 1311">
     <span class='ocr_line' id='line_1_26' title="bbox 1969 1228 3589 1311; baseline -0.013 -10"><span class='ocrx_word' id='word_1_193' title='bbox 1969 1260 2090 1300; x_wconf 89' lang='lat' dir='ltr'><strong>esse</strong></span> <span class='ocrx_word' id='word_1_194' title='bbox 2133 1257 2373 1305; x_wconf 58' lang='lat' dir='ltr'><strong>natura,</strong></span> <span class='ocrx_word' id='word_1_195' title='bbox 2412 1259 2516 1296; x_wconf 91' lang='lat' dir='ltr'><strong>non</strong></span> <span class='ocrx_word' id='word_1_196' title='bbox 2574 1240 2818 1311; x_wconf 82' lang='lat' dir='ltr'><strong>profecto</strong></span> <span class='ocrx_word' id='word_1_197' title='bbox 2876 1237 3141 1309; x_wconf 73' lang='lat' dir='ltr'><strong>genitum.</strong></span> <span class='ocrx_word' id='word_1_198' title='bbox 3173 1234 3267 1289; x_wconf 89' lang='lat' dir='ltr'><strong>sed</strong></span> <span class='ocrx_word' id='word_1_199' title='bbox 3307 1246 3371 1285; x_wconf 91' lang='lat' dir='ltr'><strong>eo</strong></span> <span class='ocrx_word' id='word_1_200' title='bbox 3406 1228 3589 1283; x_wconf 85' lang='lat' dir='ltr'><strong>modo</strong></span> 
     </span>
    </p>
   </div>
   <div class='ocr_carea' id='block_1_27' title="bbox 1971 1322 3559 1408">
    <p class='ocr_par' dir='ltr' id='par_1_27' title="bbox 1971 1322 3559 1408">
     <span class='ocr_line' id='line_1_27' title="bbox 1971 1322 3559 1408; baseline -0.013 -16"><span class='ocrx_word' id='word_1_201' title='bbox 1971 1353 2130 1408; x_wconf 87' lang='lat' dir='ltr'><strong>quem</strong></span> <span class='ocrx_word' id='word_1_202' title='bbox 2163 1336 2308 1390; x_wconf 90' lang='lat' dir='ltr'><strong>solus</strong></span> <span class='ocrx_word' id='word_1_203' title='bbox 2339 1334 2427 1389; x_wconf 90' lang='lat' dir='ltr'><strong>ille</strong></span> <span class='ocrx_word' id='word_1_204' title='bbox 2451 1334 2555 1389; x_wconf 88' lang='lat' dir='ltr'><strong>scit</strong></span> <span class='ocrx_word' id='word_1_205' title='bbox 2584 1335 2671 1402; x_wconf 90' lang='lat' dir='ltr'><strong>qui</strong></span> <span class='ocrx_word' id='word_1_206' title='bbox 2705 1332 2900 1386; x_wconf 83' lang='lat' dir='ltr'><strong>Filium</strong></span> <span class='ocrx_word' id='word_1_207' title='bbox 2932 1328 3101 1389; x_wconf 80' lang='lat' dir='ltr'><strong>novit,</strong></span> <span class='ocrx_word' id='word_1_208' title='bbox 3134 1334 3188 1381; x_wconf 87' lang='lat' dir='ltr'><strong>et</strong></span> <span class='ocrx_word' id='word_1_209' title='bbox 3216 1324 3308 1393; x_wconf 87' lang='lat' dir='ltr'><strong>qui</strong></span> <span class='ocrx_word' id='word_1_210' title='bbox 3341 1322 3559 1375; x_wconf 88' lang='lat' dir='ltr'><strong>Patrem</strong></span> 
     </span>
    </p>
   </div>
   <div class='ocr_carea' id='block_1_28' title="bbox 1973 1414 3565 1494">
    <p class='ocr_par' dir='ltr' id='par_1_28' title="bbox 1973 1414 3565 1494">
     <span class='ocr_line' id='line_1_28' title="bbox 1973 1414 3565 1494; baseline -0.013 -10"><span class='ocrx_word' id='word_1_211' title='bbox 1973 1430 2120 1484; x_wconf 78' lang='lat' dir='ltr'><strong>novit</strong></span> <span class='ocrx_word' id='word_1_212' title='bbox 2154 1427 2342 1490; x_wconf 87' lang='lat' dir='ltr'><strong>Filius,</strong></span> <span class='ocrx_word' id='word_1_213' title='bbox 2372 1438 2425 1481; x_wconf 91' lang='lat' dir='ltr'><strong>et</strong></span> <span class='ocrx_word' id='word_1_214' title='bbox 2457 1428 2501 1481; x_wconf 89' lang='lat' dir='ltr'><strong>is</strong></span> <span class='ocrx_word' id='word_1_215' title='bbox 2539 1426 2772 1494; x_wconf 84' lang='lat' dir='ltr'><strong>denique</strong></span> <span class='ocrx_word' id='word_1_216' title='bbox 2797 1424 2888 1494; x_wconf 87' lang='lat' dir='ltr'><strong>qui</strong></span> <span class='ocrx_word' id='word_1_217' title='bbox 2918 1420 3065 1477; x_wconf 87' lang='lat' dir='ltr'><strong>solus</strong></span> <span class='ocrx_word' id='word_1_218' title='bbox 3093 1418 3309 1473; x_wconf 82' lang='lat' dir='ltr'><strong>Patrem</strong></span> <span class='ocrx_word' id='word_1_219' title='bbox 3338 1414 3565 1468; x_wconf 78' lang='lat' dir='ltr'><strong>Filium-</strong></span> 
     </span>
    </p>
   </div>
   <div class='ocr_carea' id='block_1_29' title="bbox 1972 1506 3565 1591">
    <p class='ocr_par' dir='ltr' id='par_1_29' title="bbox 1972 1506 3565 1591">
     <span class='ocr_line' id='line_1_29' title="bbox 1972 1506 3565 1591; baseline -0.013 -16"><span class='ocrx_word' id='word_1_220' title='bbox 1972 1537 2078 1591; x_wconf 88' lang='lat' dir='ltr'><strong>que</strong></span> <span class='ocrx_word' id='word_1_221' title='bbox 2133 1520 2281 1575; x_wconf 82' lang='lat' dir='ltr'><strong>novit</strong></span> <span class='ocrx_word' id='word_1_222' title='bbox 2318 1537 2332 1586; x_wconf 90' lang='lat'><strong>;</strong></span> <span class='ocrx_word' id='word_1_223' title='bbox 2367 1535 2525 1588; x_wconf 91' lang='lat' dir='ltr'><strong>quam</strong></span> <span class='ocrx_word' id='word_1_224' title='bbox 2581 1519 2796 1586; x_wconf 80' lang='lat' dir='ltr'><strong>quidem</strong></span> <span class='ocrx_word' id='word_1_225' title='bbox 2855 1530 2969 1570; x_wconf 89' lang='lat' dir='ltr'><strong>rem</strong></span> <span class='ocrx_word' id='word_1_226' title='bbox 3018 1529 3047 1566; x_wconf 90' lang='lat' dir='ltr'><strong>a</strong></span> <span class='ocrx_word' id='word_1_227' title='bbox 3096 1511 3206 1565; x_wconf 82' lang='lat' dir='ltr'><strong>Deo</strong></span> <span class='ocrx_word' id='word_1_228' title='bbox 3256 1506 3565 1566; x_wconf 86' lang='lat' dir='ltr'><strong>didicimus,</strong></span> 
     </span>
    </p>
   </div>
   <div class='ocr_carea' id='block_1_30' title="bbox 1973 1599 3568 1671">
    <p class='ocr_par' dir='ltr' id='par_1_30' title="bbox 1973 1599 3568 1671">
     <span class='ocr_line' id='line_1_30' title="bbox 1973 1599 3568 1671; baseline -0.013 -1"><span class='ocrx_word' id='word_1_229' title='bbox 1973 1616 2067 1671; x_wconf 88' lang='lat' dir='ltr'><strong>sed</strong></span> <span class='ocrx_word' id='word_1_230' title='bbox 2125 1616 2343 1670; x_wconf 88' lang='lat' dir='ltr'><strong>modum</strong></span> <span class='ocrx_word' id='word_1_231' title='bbox 2405 1614 2580 1667; x_wconf 85' lang='lat' dir='ltr'><strong>edocti</strong></span> <span class='ocrx_word' id='word_1_232' title='bbox 2638 1628 2740 1665; x_wconf 91' lang='lat' dir='ltr'><strong>non</strong></span> <span class='ocrx_word' id='word_1_233' title='bbox 2794 1610 3011 1663; x_wconf 82' lang='lat' dir='ltr'><strong>fuimus.</strong></span> <span class='ocrx_word' id='word_1_234' title='bbox 3074 1601 3326 1659; x_wconf 86' lang='lat' dir='ltr'><strong>Contenti</strong></span> <span class='ocrx_word' id='word_1_235' title='bbox 3382 1599 3568 1667; x_wconf 81' lang='lat' dir='ltr'><strong>itaque</strong></span> 
     </span>
    </p>
   </div>
   <div class='ocr_carea' id='block_1_31' title="bbox 1975 1694 3571 1767">
    <p class='ocr_par' dir='ltr' id='par_1_31' title="bbox 1975 1694 3571 1767">
     <span class='ocr_line' id='line_1_31' title="bbox 1975 1694 3571 1767; baseline -0.011 -6"><span class='ocrx_word' id='word_1_236' title='bbox 1975 1708 2145 1762; x_wconf 88' lang='lat' dir='ltr'><strong>simus</strong></span> <span class='ocrx_word' id='word_1_237' title='bbox 2177 1708 2303 1761; x_wconf 90' lang='lat' dir='ltr'><strong>data</strong></span> <span class='ocrx_word' id='word_1_238' title='bbox 2330 1706 2531 1760; x_wconf 77' lang='lat' dir='ltr'><strong>notitia:</strong></span> <span class='ocrx_word' id='word_1_239' title='bbox 2570 1717 2841 1764; x_wconf 87' lang='lat' dir='ltr'><strong>mensura,</strong></span> <span class='ocrx_word' id='word_1_240' title='bbox 2879 1713 3058 1767; x_wconf 91' lang='lat' dir='ltr'><strong>neque</strong></span> <span class='ocrx_word' id='word_1_241' title='bbox 3094 1694 3341 1766; x_wconf 83' lang='lat' dir='ltr'><strong>imperite</strong></span> <span class='ocrx_word' id='word_1_242' title='bbox 3364 1699 3571 1747; x_wconf 85' lang='lat' dir='ltr'><strong>scrute-</strong></span> 
     </span>
    </p>
   </div>
   <div class='ocr_carea' id='block_1_32' title="bbox 295 1774 1886 1880">
    <p class='ocr_par' dir='ltr' id='par_1_32' title="bbox 295 1774 1872 1880">
     <span class='ocr_line' id='line_1_32' title="bbox 295 1774 1872 1880; baseline -0.001 -17"><span class='ocrx_word' id='word_1_243' title='bbox 295 1774 542 1880; x_wconf 66' lang='grc' dir='ltr'>κούμεθα</span> <span class='ocrx_word' id='word_1_244' title='bbox 573 1774 628 1864; x_wconf 58' lang='lat' dir='ltr'><strong>ei</strong></span> <span class='ocrx_word' id='word_1_245' title='bbox 659 1774 768 1873; x_wconf 74' lang='grc' dir='ltr'>τοῖς</span> <span class='ocrx_word' id='word_1_246' title='bbox 818 1774 1017 1863; x_wconf 42' lang='grc' dir='ltr'>δοθεῖσιι</span> <span class='ocrx_word' id='word_1_247' title='bbox 1065 1809 1282 1878; x_wconf 81' lang='grc' dir='ltr'>μέτροις</span> <span class='ocrx_word' id='word_1_248' title='bbox 1316 1810 1415 1877; x_wconf 80' lang='grc' dir='ltr'>τῆς</span> <span class='ocrx_word' id='word_1_249' title='bbox 1446 1774 1730 1874; x_wconf 57' lang='grc' dir='ltr'>γῦώσεως,</span> <span class='ocrx_word' id='word_1_250' title='bbox 1778 1774 1872 1861; x_wconf 70' lang='grc' dir='ltr'>καὶ</span> 
     </span>
    </p>
   </div>
   <div class='ocr_carea' id='block_1_33' title="bbox 1994 1774 3047 1880">
    <p class='ocr_par' dir='ltr' id='par_1_33' title="bbox 1994 1794 3047 1868">
     <span class='ocr_line' id='line_1_33' title="bbox 1994 1794 3047 1868; baseline -0.007 -16"><span class='ocrx_word' id='word_1_251' title='bbox 1994 1813 2098 1853; x_wconf 87' lang='lat' dir='ltr'><strong>nur</strong></span> <span class='ocrx_word' id='word_1_252' title='bbox 2126 1814 2246 1868; x_wconf 65' lang='lat' dir='ltr'><strong>qua</strong></span> <span class='ocrx_word' id='word_1_253' title='bbox 2276 1794 2658 1865; x_wconf 86' lang='lat' dir='ltr'><strong>comprehendi</strong></span> <span class='ocrx_word' id='word_1_254' title='bbox 2684 1809 2791 1848; x_wconf 89' lang='lat' dir='ltr'><strong>non</strong></span> <span class='ocrx_word' id='word_1_255' title='bbox 2826 1800 3047 1861; x_wconf 92' lang='lat' dir='ltr'><strong>queunt.</strong></span> 
     </span>
    </p>
   </div>
   <div class='ocr_carea' id='block_1_34' title="bbox 290 1900 1670 1973">
    <p class='ocr_par' dir='ltr' id='par_1_34' title="bbox 290 1900 1670 1973">
     <span class='ocr_line' id='line_1_34' title="bbox 290 1900 1670 1973; baseline -0.001 -18"><span class='ocrx_word' id='word_1_256' title='bbox 290 1906 355 1955; x_wconf 84' lang='grc' dir='ltr'><strong>ού</strong></span> <span class='ocrx_word' id='word_1_257' title='bbox 393 1904 959 1973; x_wconf 82' lang='grc' dir='ltr'>πολυπραγμονοῦμεν</span> <span class='ocrx_word' id='word_1_258' title='bbox 980 1904 1257 1969; x_wconf 81' lang='grc' dir='ltr'>ἀγνοήτως</span> <span class='ocrx_word' id='word_1_259' title='bbox 1288 1901 1354 1953; x_wconf 78' lang='grc' dir='ltr'><strong>τὰ</strong></span> <span class='ocrx_word' id='word_1_260' title='bbox 1384 1900 1670 1968; x_wconf 60' lang='grc' dir='ltr'>ἀνέφικτα.</span> 
     </span>
    </p>
   </div>
   <div class='ocr_carea' id='block_1_35' title="bbox 332 2048 1838 2135">
    <p class='ocr_par' dir='ltr' id='par_1_35' title="bbox 332 2048 1838 2135">
     <span class='ocr_line' id='line_1_35' title="bbox 332 2048 1838 2135; baseline -0.004 -26"><span class='ocrx_word' id='word_1_261' title='bbox 332 2058 457 2111; x_wconf 68' lang='lat' dir='ltr'><strong>KA&#39;.</strong></span> <span class='ocrx_word' id='word_1_262' title='bbox 512 2058 635 2109; x_wconf 78' lang='grc' dir='ltr'>Ὀτι</span> <span class='ocrx_word' id='word_1_263' title='bbox 684 2060 715 2110; x_wconf 85' lang='grc' dir='ltr'><strong><em>ό</em></strong></span> <span class='ocrx_word' id='word_1_264' title='bbox 756 2057 946 2135; x_wconf 63' lang='grc' dir='ltr'>μέγας</span> <span class='ocrx_word' id='word_1_265' title='bbox 1008 2056 1367 2135; x_wconf 62' lang='grc' dir='ltr'>Ἁπᾴσςολος</span> <span class='ocrx_word' id='word_1_266' title='bbox 1415 2054 1563 2107; x_wconf 80' lang='grc' dir='ltr'>Θεὸν</span> <span class='ocrx_word' id='word_1_267' title='bbox 1606 2048 1730 2106; x_wconf 77' lang='grc' dir='ltr'>οἶδε</span> <span class='ocrx_word' id='word_1_268' title='bbox 1773 2051 1838 2104; x_wconf 83' lang='grc' dir='ltr'>τὸ</span> 
     </span>
    </p>
   </div>
   <div class='ocr_carea' id='block_1_36' title="bbox 783 2124 1385 2192">
    <p class='ocr_par' dir='ltr' id='par_1_36' title="bbox 783 2124 1385 2192">
     <span class='ocr_line' id='line_1_36' title="bbox 783 2124 1385 2192; baseline -0.007 -14"><span class='ocrx_word' id='word_1_269' title='bbox 783 2126 1027 2192; x_wconf 74' lang='grc' dir='ltr'>Πνεῦμα</span> <span class='ocrx_word' id='word_1_270' title='bbox 1078 2127 1144 2177; x_wconf 84' lang='grc' dir='ltr'>τὸ</span> <span class='ocrx_word' id='word_1_271' title='bbox 1193 2124 1385 2187; x_wconf 75' lang='grc' dir='ltr'>ἅγιον.</span> 
     </span>
    </p>
   </div>
   <div class='ocr_carea' id='block_1_37' title="bbox 369 2234 1880 2307">
    <p class='ocr_par' dir='ltr' id='par_1_37' title="bbox 369 2234 1880 2307">
     <span class='ocr_line' id='line_1_37' title="bbox 369 2234 1880 2307; baseline -0.005 -13"><span class='ocrx_word' id='word_1_272' title='bbox 369 2242 491 2294; x_wconf 76' lang='grc' dir='ltr'><strong>Ὀτι</strong></span> <span class='ocrx_word' id='word_1_273' title='bbox 525 2240 580 2292; x_wconf 82' lang='grc' dir='ltr'>δὲ</span> <span class='ocrx_word' id='word_1_274' title='bbox 633 2239 725 2292; x_wconf 88' lang='grc' dir='ltr'><strong>τοῦ</strong></span> <span class='ocrx_word' id='word_1_275' title='bbox 781 2240 917 2293; x_wconf 83' lang='grc' dir='ltr'>Θεοῦ</span> <span class='ocrx_word' id='word_1_276' title='bbox 946 2240 1007 2291; x_wconf 84' lang='grc' dir='ltr'>τὸ</span> <span class='ocrx_word' id='word_1_277' title='bbox 1068 2237 1292 2307; x_wconf 86' lang='grc' dir='ltr'>Πνεῦμα</span> <span class='ocrx_word' id='word_1_278' title='bbox 1334 2236 1397 2288; x_wconf 83' lang='grc' dir='ltr'>τὸ</span> <span class='ocrx_word' id='word_1_279' title='bbox 1438 2237 1613 2304; x_wconf 72' lang='grc' dir='ltr'>ἅγιον,</span> <span class='ocrx_word' id='word_1_280' title='bbox 1658 2234 1819 2287; x_wconf 81' lang='grc' dir='ltr'>πάλιν</span> <span class='ocrx_word' id='word_1_281' title='bbox 1851 2236 1880 2287; x_wconf 94' lang='lat'><strong>6</strong></span> 
     </span>
    </p>
   </div>
   <div class='ocr_carea' id='block_1_38' title="bbox 298 2328 1881 2404">
    <p class='ocr_par' dir='ltr' id='par_1_38' title="bbox 298 2328 1881 2404">
     <span class='ocr_line' id='line_1_38' title="bbox 298 2328 1881 2404; baseline -0.004 -16"><span class='ocrx_word' id='word_1_282' title='bbox 298 2335 513 2396; x_wconf 81' lang='grc' dir='ltr'>Παῦλος</span> <span class='ocrx_word' id='word_1_283' title='bbox 541 2335 687 2404; x_wconf 78' lang='grc' dir='ltr'>ἡμᾶς</span> <span class='ocrx_word' id='word_1_284' title='bbox 730 2335 999 2387; x_wconf 79' lang='grc' dir='ltr'>διδάσκει·</span> <span class='ocrx_word' id='word_1_285' title='bbox 1033 2352 1050 2383; x_wconf 75' lang='grc' dir='ltr'><strong>ι</strong></span> <span class='ocrx_word' id='word_1_286' title='bbox 1092 2329 1514 2393; x_wconf 82' lang='grc' dir='ltr'>Ἀπελούσασθε,</span> <span class='ocrx_word' id='word_1_287' title='bbox 1554 2328 1749 2397; x_wconf 87' lang='grc' dir='ltr'>λέγων,</span> <span class='ocrx_word' id='word_1_288' title='bbox 1786 2330 1881 2381; x_wconf 72' lang='grc' dir='ltr'>καὶ</span> 
     </span>
    </p>
   </div>
   <div class='ocr_carea' id='block_1_39' title="bbox 297 2418 1879 2496">
    <p class='ocr_par' dir='ltr' id='par_1_39' title="bbox 297 2418 1879 2496">
     <span class='ocr_line' id='line_1_39' title="bbox 297 2418 1879 2496; baseline -0.006 -18"><span class='ocrx_word' id='word_1_289' title='bbox 297 2424 603 2496; x_wconf 71' lang='grc' dir='ltr'>ἡγιάσθητε</span> <span class='ocrx_word' id='word_1_290' title='bbox 639 2425 731 2476; x_wconf 80' lang='grc' dir='ltr'>καὶ</span> <span class='ocrx_word' id='word_1_291' title='bbox 771 2421 1126 2492; x_wconf 77' lang='grc' dir='ltr'>ἐδικαιώθητε</span> <span class='ocrx_word' id='word_1_292' title='bbox 1161 2425 1218 2474; x_wconf 79' lang='grc' dir='ltr'>ὲν</span> <span class='ocrx_word' id='word_1_293' title='bbox 1250 2420 1328 2491; x_wconf 80' lang='grc' dir='ltr'>τῷ</span> <span class='ocrx_word' id='word_1_294' title='bbox 1365 2420 1588 2489; x_wconf 80' lang='grc' dir='ltr'>ὀνόματι</span> <span class='ocrx_word' id='word_1_295' title='bbox 1625 2418 1721 2470; x_wconf 88' lang='grc' dir='ltr'><strong>τοῦ</strong></span> <span class='ocrx_word' id='word_1_296' title='bbox 1767 2419 1879 2470; x_wconf 74' lang='grc' dir='ltr'><strong>Κυι-</strong></span> 
     </span>
    </p>
   </div>
   <div class='ocr_carea' id='block_1_40' title="bbox 304 2509 1879 2591">
    <p class='ocr_par' dir='ltr' id='par_1_40' title="bbox 304 2509 1879 2591">
     <span class='ocr_line' id='line_1_40' title="bbox 304 2509 1879 2591; baseline -0.004 -22"><span class='ocrx_word' id='word_1_297' title='bbox 304 2522 418 2591; x_wconf 77' lang='grc' dir='ltr'>ρίου</span> <span class='ocrx_word' id='word_1_298' title='bbox 454 2518 612 2588; x_wconf 77' lang='grc' dir='ltr'>ἡμῶν</span> <span class='ocrx_word' id='word_1_299' title='bbox 646 2517 818 2585; x_wconf 80' lang='grc' dir='ltr'>Ἰησοῦ</span> <span class='ocrx_word' id='word_1_300' title='bbox 847 2516 1107 2585; x_wconf 80' lang='grc' dir='ltr'>Χριστοῦ,</span> <span class='ocrx_word' id='word_1_301' title='bbox 1144 2515 1236 2568; x_wconf 75' lang='grc' dir='ltr'>καὶ</span> <span class='ocrx_word' id='word_1_302' title='bbox 1282 2516 1340 2566; x_wconf 85' lang='grc' dir='ltr'>ὲν</span> <span class='ocrx_word' id='word_1_303' title='bbox 1368 2514 1445 2583; x_wconf 83' lang='grc' dir='ltr'>τῷ</span> <span class='ocrx_word' id='word_1_304' title='bbox 1474 2511 1751 2581; x_wconf 87' lang='grc' dir='ltr'>Πνεύματι</span> <span class='ocrx_word' id='word_1_305' title='bbox 1786 2509 1879 2563; x_wconf 89' lang='grc' dir='ltr'><strong>τοῦ</strong></span> 
     </span>
    </p>
   </div>
   <div class='ocr_carea' id='block_1_41' title="bbox 299 2602 1885 2677">
    <p class='ocr_par' dir='ltr' id='par_1_41' title="bbox 299 2602 1885 2677">
     <span class='ocr_line' id='line_1_41' title="bbox 299 2602 1885 2677; baseline -0.003 -18"><span class='ocrx_word' id='word_1_306' title='bbox 299 2610 435 2662; x_wconf 71' lang='grc' dir='ltr'>Θεοῦ</span> <span class='ocrx_word' id='word_1_307' title='bbox 468 2608 645 2676; x_wconf 74' lang='grc' dir='ltr'>ἡμῶν.</span> <span class='ocrx_word' id='word_1_308' title='bbox 677 2626 694 2657; x_wconf 71' lang='grc' dir='ltr'><strong>ι</strong></span> <span class='ocrx_word' id='word_1_309' title='bbox 752 2607 910 2669; x_wconf 82' lang='grc' dir='ltr'>Τίνος</span> <span class='ocrx_word' id='word_1_310' title='bbox 940 2606 1049 2677; x_wconf 76' lang='grc' dir='ltr'><strong>γὰρ</strong></span> <span class='ocrx_word' id='word_1_311' title='bbox 1096 2607 1283 2658; x_wconf 69' lang='grc' dir='ltr'>ἕνεκεν</span> <span class='ocrx_word' id='word_1_312' title='bbox 1313 2604 1433 2657; x_wconf 74' lang='grc' dir='ltr'>ναοὶ</span> <span class='ocrx_word' id='word_1_313' title='bbox 1484 2602 1885 2673; x_wconf 83' lang='grc' dir='ltr'>προσαγορευό-</span> 
     </span>
    </p>
   </div>
   <div class='ocr_carea' id='block_1_42' title="bbox 304 2694 1881 2769">
    <p class='ocr_par' dir='ltr' id='par_1_42' title="bbox 304 2694 1881 2769">
     <span class='ocr_line' id='line_1_42' title="bbox 304 2694 1881 2769; baseline -0.004 -18"><span class='ocrx_word' id='word_1_314' title='bbox 304 2698 445 2769; x_wconf 83' lang='grc' dir='ltr'>μεθα</span> <span class='ocrx_word' id='word_1_315' title='bbox 479 2698 611 2751; x_wconf 84' lang='grc' dir='ltr'>Θεοῦ</span> <span class='ocrx_word' id='word_1_316' title='bbox 637 2698 725 2749; x_wconf 68' lang='grc' dir='ltr'><strong>διὰ</strong></span> <span class='ocrx_word' id='word_1_317' title='bbox 768 2697 859 2749; x_wconf 89' lang='grc' dir='ltr'><strong>τοῦ</strong></span> <span class='ocrx_word' id='word_1_318' title='bbox 894 2697 1271 2765; x_wconf 80' lang='grc' dir='ltr'>βαπτίσματος</span> <span class='ocrx_word' id='word_1_319' title='bbox 1302 2696 1402 2765; x_wconf 80' lang='grc' dir='ltr'>τὴν</span> <span class='ocrx_word' id='word_1_320' title='bbox 1434 2696 1529 2746; x_wconf 88' lang='grc' dir='ltr'><strong>τοῦ</strong></span> <span class='ocrx_word' id='word_1_321' title='bbox 1565 2694 1881 2763; x_wconf 84' lang='grc' dir='ltr'>Πνεύματος</span> 
     </span>
    </p>
   </div>
   <div class='ocr_carea' id='block_1_43' title="bbox 298 2780 1884 2857">
    <p class='ocr_par' dir='ltr' id='par_1_43' title="bbox 298 2780 1884 2857">
     <span class='ocr_line' id='line_1_43' title="bbox 298 2780 1884 2857; baseline -0.004 -18"><span class='ocrx_word' id='word_1_322' title='bbox 298 2788 584 2857; x_wconf 87' lang='grc' dir='ltr'>δεχόμενοι</span> <span class='ocrx_word' id='word_1_323' title='bbox 617 2787 799 2857; x_wconf 81' lang='grc' dir='ltr'>χάριν,</span> <span class='ocrx_word' id='word_1_324' title='bbox 833 2786 880 2836; x_wconf 87' lang='grc' dir='ltr'><strong>εί</strong></span> <span class='ocrx_word' id='word_1_325' title='bbox 916 2784 990 2855; x_wconf 80' lang='grc' dir='ltr'>μὴ</span> <span class='ocrx_word' id='word_1_326' title='bbox 1020 2784 1151 2846; x_wconf 78' lang='grc' dir='ltr'>Θεὸς</span> <span class='ocrx_word' id='word_1_327' title='bbox 1192 2783 1427 2853; x_wconf 82' lang='grc' dir='ltr'>ὑπάρχει</span> <span class='ocrx_word' id='word_1_328' title='bbox 1461 2783 1522 2834; x_wconf 89' lang='lat'><strong>16</strong></span> <span class='ocrx_word' id='word_1_329' title='bbox 1567 2780 1789 2851; x_wconf 85' lang='grc' dir='ltr'>Πνεῦμα</span> <span class='ocrx_word' id='word_1_330' title='bbox 1822 2782 1884 2834; x_wconf 87' lang='grc' dir='ltr'>τὸ</span> 
     </span>
    </p>
   </div>
   <div class='ocr_carea' id='block_1_44' title="bbox 302 2872 1885 2944">
    <p class='ocr_par' dir='ltr' id='par_1_44' title="bbox 302 2872 1885 2944">
     <span class='ocr_line' id='line_1_44' title="bbox 302 2872 1885 2944; baseline -0.005 -13"><span class='ocrx_word' id='word_1_331' title='bbox 302 2877 493 2944; x_wconf 72' lang='grc' dir='ltr'>ἃγιονς</span> <span class='ocrx_word' id='word_1_332' title='bbox 539 2878 621 2929; x_wconf 88' lang='grc' dir='ltr'>ὃτι</span> <span class='ocrx_word' id='word_1_333' title='bbox 654 2876 709 2927; x_wconf 84' lang='grc' dir='ltr'>δὲ</span> <span class='ocrx_word' id='word_1_334' title='bbox 742 2876 858 2927; x_wconf 80' lang='grc' dir='ltr'>ναοὶ</span> <span class='ocrx_word' id='word_1_335' title='bbox 891 2872 986 2926; x_wconf 90' lang='grc' dir='ltr'><strong>τοῦ</strong></span> <span class='ocrx_word' id='word_1_336' title='bbox 1032 2874 1347 2942; x_wconf 77' lang='grc' dir='ltr'>Πνεῦματος</span> <span class='ocrx_word' id='word_1_337' title='bbox 1382 2874 1430 2924; x_wconf 90' lang='grc' dir='ltr'><strong>οἱ</strong></span> <span class='ocrx_word' id='word_1_338' title='bbox 1483 2873 1662 2923; x_wconf 79' lang='grc' dir='ltr'>πιστοὶ</span> <span class='ocrx_word' id='word_1_339' title='bbox 1717 2888 1885 2941; x_wconf 81' lang='grc' dir='ltr'>προσ-</span> 
     </span>
    </p>
   </div>
   <div class='ocr_carea' id='block_1_45' title="bbox 302 2958 1884 3038">
    <p class='ocr_par' dir='ltr' id='par_1_45' title="bbox 302 2958 1884 3038">
     <span class='ocr_line' id='line_1_45' title="bbox 302 2958 1884 3038; baseline -0.003 -18"><span class='ocrx_word' id='word_1_340' title='bbox 302 2967 679 3038; x_wconf 85' lang='grc' dir='ltr'>αγορεύονται,</span> <span class='ocrx_word' id='word_1_341' title='bbox 708 2970 736 3019; x_wconf 89' lang='lat'><strong>6</strong></span> <span class='ocrx_word' id='word_1_342' title='bbox 775 2966 935 3028; x_wconf 79' lang='grc' dir='ltr'>αὐτὸς</span> <span class='ocrx_word' id='word_1_343' title='bbox 976 2968 1121 3037; x_wconf 76' lang='grc' dir='ltr'>ἡμᾶς</span> <span class='ocrx_word' id='word_1_344' title='bbox 1171 2966 1488 3025; x_wconf 79' lang='grc' dir='ltr'>’Δπόστολος</span> <span class='ocrx_word' id='word_1_345' title='bbox 1510 2963 1750 3015; x_wconf 86' lang='grc' dir='ltr'>διδάσκει</span> <span class='ocrx_word' id='word_1_346' title='bbox 1795 2958 1884 3015; x_wconf 78' lang='grc' dir='ltr'><strong>λέο</strong></span> 
     </span>
    </p>
   </div>
   <div class='ocr_carea' id='block_1_46' title="bbox 304 3052 1885 3128">
    <p class='ocr_par' dir='ltr' id='par_1_46' title="bbox 304 3052 1885 3128">
     <span class='ocr_line' id='line_1_46' title="bbox 304 3052 1885 3128; baseline -0.004 -17"><span class='ocrx_word' id='word_1_347' title='bbox 304 3077 417 3128; x_wconf 86' lang='grc' dir='ltr'><strong>γων</strong></span> <span class='ocrx_word' id='word_1_348' title='bbox 442 3076 454 3088; x_wconf 91' lang='grc'><strong>·</strong></span> <span class='ocrx_word' id='word_1_349' title='bbox 488 3078 503 3109; x_wconf 79' lang='grc' dir='ltr'><strong>ι</strong></span> <span class='ocrx_word' id='word_1_350' title='bbox 535 3060 650 3111; x_wconf 76' lang='grc' dir='ltr'>Οὐκ</span> <span class='ocrx_word' id='word_1_351' title='bbox 677 3057 853 3109; x_wconf 73' lang='grc' dir='ltr'>οἴδατε</span> <span class='ocrx_word' id='word_1_352' title='bbox 879 3058 959 3109; x_wconf 85' lang='grc' dir='ltr'>ὅτι</span> <span class='ocrx_word' id='word_1_353' title='bbox 988 3055 1056 3107; x_wconf 68' lang='grc' dir='ltr'>τε</span> <span class='ocrx_word' id='word_1_354' title='bbox 1097 3054 1327 3124; x_wconf 81' lang='grc' dir='ltr'>σώματα</span> <span class='ocrx_word' id='word_1_355' title='bbox 1358 3053 1511 3123; x_wconf 80' lang='grc' dir='ltr'>ὑμῶν</span> <span class='ocrx_word' id='word_1_356' title='bbox 1538 3054 1663 3114; x_wconf 81' lang='grc' dir='ltr'>ναὸς</span> <span class='ocrx_word' id='word_1_357' title='bbox 1700 3052 1793 3105; x_wconf 90' lang='grc' dir='ltr'><strong>τοῦ</strong></span> <span class='ocrx_word' id='word_1_358' title='bbox 1828 3055 1885 3105; x_wconf 80' lang='grc' dir='ltr'>ἐν</span> 
     </span>
    </p>
   </div>
   <div class='ocr_carea' id='block_1_47' title="bbox 305 3139 1883 3221">
    <p class='ocr_par' dir='ltr' id='par_1_47' title="bbox 305 3139 1883 3221">
     <span class='ocr_line' id='line_1_47' title="bbox 305 3139 1883 3221; baseline -0.006 -17"><span class='ocrx_word' id='word_1_359' title='bbox 305 3152 434 3221; x_wconf 77' lang='grc' dir='ltr'>ὑμῖν</span> <span class='ocrx_word' id='word_1_360' title='bbox 463 3150 619 3217; x_wconf 80' lang='grc' dir='ltr'>ἁγίου</span> <span class='ocrx_word' id='word_1_361' title='bbox 657 3146 973 3217; x_wconf 80' lang='grc' dir='ltr'>Πνεῦματός</span> <span class='ocrx_word' id='word_1_362' title='bbox 1006 3148 1140 3209; x_wconf 77' lang='grc' dir='ltr'>ἐστι,</span> <span class='ocrx_word' id='word_1_363' title='bbox 1172 3139 1233 3198; x_wconf 78' lang='grc' dir='ltr'><strong>οῦ</strong></span> <span class='ocrx_word' id='word_1_364' title='bbox 1263 3145 1414 3213; x_wconf 77' lang='grc' dir='ltr'>ἔχετε</span> <span class='ocrx_word' id='word_1_365' title='bbox 1439 3144 1548 3197; x_wconf 77' lang='grc' dir='ltr'>ἀπὸ</span> <span class='ocrx_word' id='word_1_366' title='bbox 1600 3142 1693 3195; x_wconf 88' lang='grc' dir='ltr'><strong>τοῦ</strong></span> <span class='ocrx_word' id='word_1_367' title='bbox 1726 3141 1883 3205; x_wconf 82' lang='grc' dir='ltr'>Θεοῦ,</span> 
     </span>
    </p>
   </div>
   <div class='ocr_carea' id='block_1_48' title="bbox 306 3234 1887 3307">
    <p class='ocr_par' dir='ltr' id='par_1_48' title="bbox 306 3234 1887 3307">
     <span class='ocr_line' id='line_1_48' title="bbox 306 3234 1887 3307; baseline -0.005 -13"><span class='ocrx_word' id='word_1_368' title='bbox 306 3244 399 3295; x_wconf 67' lang='grc' dir='ltr'><strong>καὶ</strong></span> <span class='ocrx_word' id='word_1_369' title='bbox 421 3242 522 3294; x_wconf 71' lang='grc' dir='ltr'>οὐκ</span> <span class='ocrx_word' id='word_1_370' title='bbox 548 3240 670 3293; x_wconf 65' lang='grc' dir='ltr'>ἐστὶ</span> <span class='ocrx_word' id='word_1_371' title='bbox 698 3238 941 3304; x_wconf 74' lang='grc' dir='ltr'>ἑαυτῶνς</span> <span class='ocrx_word' id='word_1_372' title='bbox 972 3237 1314 3307; x_wconf 77' lang='grc' dir='ltr'>ἠγοράσθητε</span> <span class='ocrx_word' id='word_1_373' title='bbox 1345 3235 1451 3305; x_wconf 75' lang='grc' dir='ltr'><strong>γάρ</strong></span> <span class='ocrx_word' id='word_1_374' title='bbox 1477 3234 1661 3304; x_wconf 82' lang='grc' dir='ltr'>τιμῆς.</span> <span class='ocrx_word' id='word_1_375' title='bbox 1688 3254 1707 3284; x_wconf 73' lang='grc' dir='ltr'><strong>ι</strong></span> <span class='ocrx_word' id='word_1_376' title='bbox 1741 3234 1799 3285; x_wconf 85' lang='grc'><strong>’0</strong></span> <span class='ocrx_word' id='word_1_377' title='bbox 1831 3234 1887 3287; x_wconf 82' lang='grc' dir='ltr'>δὲ</span> 
     </span>
    </p>
   </div>
   <div class='ocr_carea' id='block_1_49' title="bbox 305 3324 1890 3399">
    <p class='ocr_par' dir='ltr' id='par_1_49' title="bbox 305 3324 1890 3399">
     <span class='ocr_line' id='line_1_49' title="bbox 305 3324 1890 3399; baseline -0.007 -13"><span class='ocrx_word' id='word_1_378' title='bbox 305 3333 434 3395; x_wconf 81' lang='grc' dir='ltr'>ναὸς</span> <span class='ocrx_word' id='word_1_379' title='bbox 462 3332 554 3384; x_wconf 82' lang='grc' dir='ltr'>τὸν</span> <span class='ocrx_word' id='word_1_380' title='bbox 574 3330 887 3384; x_wconf 81' lang='grc' dir='ltr'>ἐνοικοῦντα</span> <span class='ocrx_word' id='word_1_381' title='bbox 916 3328 1176 3399; x_wconf 76' lang='grc' dir='ltr'>κηρύττει</span> <span class='ocrx_word' id='word_1_382' title='bbox 1208 3326 1339 3380; x_wconf 87' lang='grc' dir='ltr'>Θεόν</span> <span class='ocrx_word' id='word_1_383' title='bbox 1360 3344 1372 3355; x_wconf 88' lang='grc'><strong>·</strong></span> <span class='ocrx_word' id='word_1_384' title='bbox 1406 3325 1487 3377; x_wconf 83' lang='grc' dir='ltr'>διὸ</span> <span class='ocrx_word' id='word_1_385' title='bbox 1517 3326 1607 3378; x_wconf 73' lang='grc' dir='ltr'>καὶ</span> <span class='ocrx_word' id='word_1_386' title='bbox 1634 3324 1890 3391; x_wconf 85' lang='grc' dir='ltr'>ἀνωτέρω</span> 
     </span>
    </p>
   </div>
   <div class='ocr_carea' id='block_1_50' title="bbox 308 3415 1893 3492">
    <p class='ocr_par' dir='ltr' id='par_1_50' title="bbox 308 3415 1893 3492">
     <span class='ocr_line' id='line_1_50' title="bbox 308 3415 1893 3492; baseline -0.006 -15"><span class='ocrx_word' id='word_1_387' title='bbox 308 3426 494 3492; x_wconf 77' lang='grc' dir='ltr'>ἔλεγεν</span> <span class='ocrx_word' id='word_1_388' title='bbox 515 3441 527 3452; x_wconf 79' lang='lat'><strong>&#39;</strong></span> <span class='ocrx_word' id='word_1_389' title='bbox 554 3442 571 3473; x_wconf 83' lang='lat' dir='ltr'><strong>t</strong></span> <span class='ocrx_word' id='word_1_390' title='bbox 602 3424 714 3475; x_wconf 81' lang='grc' dir='ltr'><strong>Οὐκ</strong></span> <span class='ocrx_word' id='word_1_391' title='bbox 742 3423 916 3475; x_wconf 83' lang='grc' dir='ltr'>οίδατε</span> <span class='ocrx_word' id='word_1_392' title='bbox 948 3424 1027 3473; x_wconf 84' lang='grc' dir='ltr'>ὃτι</span> <span class='ocrx_word' id='word_1_393' title='bbox 1064 3420 1189 3483; x_wconf 83' lang='grc' dir='ltr'>ναὸς</span> <span class='ocrx_word' id='word_1_394' title='bbox 1217 3418 1310 3471; x_wconf 91' lang='grc' dir='ltr'><strong>τοῦ</strong></span> <span class='ocrx_word' id='word_1_395' title='bbox 1342 3419 1477 3471; x_wconf 87' lang='grc' dir='ltr'>Θεοῦ</span> <span class='ocrx_word' id='word_1_396' title='bbox 1520 3420 1665 3481; x_wconf 78' lang='grc' dir='ltr'>ἐστε,</span> <span class='ocrx_word' id='word_1_397' title='bbox 1706 3417 1799 3470; x_wconf 75' lang='grc' dir='ltr'>καὶ</span> <span class='ocrx_word' id='word_1_398' title='bbox 1832 3415 1893 3468; x_wconf 94' lang='lat'><strong>16</strong></span> 
     </span>
    </p>
   </div>
   <div class='ocr_carea' id='block_1_51' title="bbox 308 3506 1891 3583">
    <p class='ocr_par' dir='ltr' id='par_1_51' title="bbox 308 3506 1891 3583">
     <span class='ocr_line' id='line_1_51' title="bbox 308 3506 1891 3583; baseline -0.007 -13"><span class='ocrx_word' id='word_1_399' title='bbox 308 3516 533 3583; x_wconf 82' lang='grc' dir='ltr'>Πνεῦμα</span> <span class='ocrx_word' id='word_1_400' title='bbox 565 3514 658 3568; x_wconf 93' lang='grc' dir='ltr'><strong>τοῦ</strong></span> <span class='ocrx_word' id='word_1_401' title='bbox 687 3513 821 3566; x_wconf 88' lang='grc' dir='ltr'>Θεοῦ</span> <span class='ocrx_word' id='word_1_402' title='bbox 848 3514 987 3566; x_wconf 77' lang='grc' dir='ltr'>οἰκεῖ</span> <span class='ocrx_word' id='word_1_403' title='bbox 1019 3516 1074 3564; x_wconf 78' lang='grc' dir='ltr'>ὲν</span> <span class='ocrx_word' id='word_1_404' title='bbox 1099 3514 1264 3581; x_wconf 82' lang='grc' dir='ltr'>ὑμίν;</span> <span class='ocrx_word' id='word_1_405' title='bbox 1314 3511 1379 3562; x_wconf 75' lang='grc' dir='ltr'><strong>Εἴ</strong></span> <span class='ocrx_word' id='word_1_406' title='bbox 1400 3527 1483 3569; x_wconf 88' lang='grc' dir='ltr'><strong>τις</strong></span> <span class='ocrx_word' id='word_1_407' title='bbox 1517 3509 1605 3559; x_wconf 83' lang='grc' dir='ltr'>τὸν</span> <span class='ocrx_word' id='word_1_408' title='bbox 1642 3509 1766 3559; x_wconf 79' lang='grc' dir='ltr'>ναὸν</span> <span class='ocrx_word' id='word_1_409' title='bbox 1798 3506 1891 3559; x_wconf 89' lang='grc' dir='ltr'><strong>τοῦ</strong></span> 
     </span>
    </p>
   </div>
   <div class='ocr_carea' id='block_1_52' title="bbox 307 3600 1893 3675">
    <p class='ocr_par' dir='ltr' id='par_1_52' title="bbox 307 3600 1893 3675">
     <span class='ocr_line' id='line_1_52' title="bbox 307 3600 1893 3675; baseline -0.005 -15"><span class='ocrx_word' id='word_1_410' title='bbox 307 3609 445 3660; x_wconf 85' lang='grc' dir='ltr'>Θεοῦ</span> <span class='ocrx_word' id='word_1_411' title='bbox 483 3607 714 3675; x_wconf 82' lang='grc' dir='ltr'>φθείρει,</span> <span class='ocrx_word' id='word_1_412' title='bbox 747 3606 936 3673; x_wconf 85' lang='grc' dir='ltr'>φθερεῖ</span> <span class='ocrx_word' id='word_1_413' title='bbox 969 3603 1159 3655; x_wconf 88' lang='grc' dir='ltr'>τοῦτον</span> <span class='ocrx_word' id='word_1_414' title='bbox 1192 3606 1219 3656; x_wconf 92' lang='lat'><strong>6</strong></span> <span class='ocrx_word' id='word_1_415' title='bbox 1246 3602 1377 3663; x_wconf 85' lang='grc' dir='ltr'>Θεός</span> <span class='ocrx_word' id='word_1_416' title='bbox 1398 3620 1410 3633; x_wconf 79' lang='grc'><em>’</em></span> <span class='ocrx_word' id='word_1_417' title='bbox 1448 3604 1475 3654; x_wconf 92' lang='lat'><strong>6</strong></span> <span class='ocrx_word' id='word_1_418' title='bbox 1503 3602 1609 3673; x_wconf 77' lang='grc' dir='ltr'><strong>γὰρ</strong></span> <span class='ocrx_word' id='word_1_419' title='bbox 1640 3600 1729 3653; x_wconf 88' lang='grc' dir='ltr'><strong>τοῦ</strong></span> <span class='ocrx_word' id='word_1_420' title='bbox 1757 3600 1893 3653; x_wconf 89' lang='grc' dir='ltr'>Θεοῦ</span> 
     </span>
    </p>
   </div>
   <div class='ocr_carea' id='block_1_53' title="bbox 309 3692 1896 3765">
    <p class='ocr_par' dir='ltr' id='par_1_53' title="bbox 309 3692 1896 3765">
     <span class='ocr_line' id='line_1_53' title="bbox 309 3692 1896 3765; baseline -0.006 -12"><span class='ocrx_word' id='word_1_421' title='bbox 309 3702 438 3761; x_wconf 62' lang='grc' dir='ltr'>ναὸς</span> <span class='ocrx_word' id='word_1_422' title='bbox 462 3698 617 3765; x_wconf 72' lang='grc' dir='ltr'>ἅγιός</span> <span class='ocrx_word' id='word_1_423' title='bbox 650 3698 818 3755; x_wconf 69' lang='grc' dir='ltr'>ἐστιν,</span> <span class='ocrx_word' id='word_1_424' title='bbox 846 3696 1042 3756; x_wconf 77' lang='grc' dir='ltr'>οἵτινές</span> <span class='ocrx_word' id='word_1_425' title='bbox 1073 3697 1194 3745; x_wconf 83' lang='grc' dir='ltr'>ὲστε</span> <span class='ocrx_word' id='word_1_426' title='bbox 1232 3695 1409 3761; x_wconf 80' lang='grc' dir='ltr'>ὑμεῖς,</span> <span class='ocrx_word' id='word_1_427' title='bbox 1445 3712 1461 3743; x_wconf 73' lang='grc' dir='ltr'><strong>ι</strong></span> <span class='ocrx_word' id='word_1_428' title='bbox 1491 3694 1553 3745; x_wconf 80' lang='grc' dir='ltr'><strong>Εἰ</strong></span> <span class='ocrx_word' id='word_1_429' title='bbox 1587 3692 1765 3745; x_wconf 79' lang='grc' dir='ltr'>τοίνυν</span> <span class='ocrx_word' id='word_1_430' title='bbox 1798 3693 1896 3761; x_wconf 73' lang='grc' dir='ltr'><strong>τὴν</strong></span> 
     </span>
    </p>
   </div>
   <div class='ocr_carea' id='block_1_54' title="bbox 312 3784 1897 3862">
    <p class='ocr_par' dir='ltr' id='par_1_54' title="bbox 312 3784 1897 3862">
     <span class='ocr_line' id='line_1_54' title="bbox 312 3784 1897 3862; baseline -0.002 -21"><span class='ocrx_word' id='word_1_431' title='bbox 312 3791 472 3862; x_wconf 80' lang='grc' dir='ltr'>χάριν</span> <span class='ocrx_word' id='word_1_432' title='bbox 513 3787 604 3840; x_wconf 87' lang='grc' dir='ltr'><strong>τοῦ</strong></span> <span class='ocrx_word' id='word_1_433' title='bbox 651 3787 969 3857; x_wconf 86' lang='grc' dir='ltr'>Πνεύματος</span> <span class='ocrx_word' id='word_1_434' title='bbox 1003 3786 1091 3838; x_wconf 68' lang='grc' dir='ltr'>διὰ</span> <span class='ocrx_word' id='word_1_435' title='bbox 1119 3786 1213 3837; x_wconf 90' lang='grc' dir='ltr'><strong>τοῦ</strong></span> <span class='ocrx_word' id='word_1_436' title='bbox 1267 3784 1639 3853; x_wconf 82' lang='grc' dir='ltr'>βαπτίσματος</span> <span class='ocrx_word' id='word_1_437' title='bbox 1682 3784 1897 3853; x_wconf 75' lang='grc' dir='ltr'>λαμϐά-</span> 
     </span>
    </p>
   </div>
   <div class='ocr_carea' id='block_1_55' title="bbox 312 3873 1901 3945">
    <p class='ocr_par' dir='ltr' id='par_1_55' title="bbox 312 3873 1901 3945">
     <span class='ocr_line' id='line_1_55' title="bbox 312 3873 1901 3945; baseline -0.003 -14"><span class='ocrx_word' id='word_1_438' title='bbox 312 3897 496 3937; x_wconf 86' lang='grc' dir='ltr'>νουσιν</span> <span class='ocrx_word' id='word_1_439' title='bbox 526 3880 574 3931; x_wconf 91' lang='grc' dir='ltr'><strong>οί</strong></span> <span class='ocrx_word' id='word_1_440' title='bbox 612 3878 979 3941; x_wconf 81' lang='grc' dir='ltr'>πιστεύοντες,</span> <span class='ocrx_word' id='word_1_441' title='bbox 1012 3875 1213 3944; x_wconf 80' lang='grc' dir='ltr'>ταύτης</span> <span class='ocrx_word' id='word_1_442' title='bbox 1257 3875 1313 3927; x_wconf 79' lang='grc' dir='ltr'>δὲ</span> <span class='ocrx_word' id='word_1_443' title='bbox 1350 3878 1453 3945; x_wconf 81' lang='grc' dir='ltr'>τῆς</span> <span class='ocrx_word' id='word_1_444' title='bbox 1480 3876 1687 3945; x_wconf 78' lang='grc' dir='ltr'>δωρεᾶς</span> <span class='ocrx_word' id='word_1_445' title='bbox 1721 3873 1901 3938; x_wconf 79' lang='grc' dir='ltr'>ἀξιού-</span> 
     </span>
    </p>
   </div>
   <div class='ocr_carea' id='block_1_56' title="bbox 320 3964 1900 4040">
    <p class='ocr_par' dir='ltr' id='par_1_56' title="bbox 320 3964 1900 4040">
     <span class='ocr_line' id='line_1_56' title="bbox 320 3964 1900 4040; baseline -0.003 -19"><span class='ocrx_word' id='word_1_446' title='bbox 320 3987 490 4040; x_wconf 83' lang='grc' dir='ltr'>μενοι,</span> <span class='ocrx_word' id='word_1_447' title='bbox 520 3969 645 4030; x_wconf 81' lang='grc' dir='ltr'>ναὸς</span> <span class='ocrx_word' id='word_1_448' title='bbox 669 3968 804 4020; x_wconf 89' lang='grc' dir='ltr'>Θεοῦ</span> <span class='ocrx_word' id='word_1_449' title='bbox 837 3966 1270 4037; x_wconf 75' lang='grc' dir='ltr'>χρηματίζομεν,</span> <span class='ocrx_word' id='word_1_450' title='bbox 1295 3965 1427 4027; x_wconf 68' lang='grc' dir='ltr'>Θεὸς</span> <span class='ocrx_word' id='word_1_451' title='bbox 1459 3966 1565 4036; x_wconf 83' lang='grc' dir='ltr'><strong>ἀρα</strong></span> <span class='ocrx_word' id='word_1_452' title='bbox 1593 3965 1653 4017; x_wconf 91' lang='lat'><strong>16</strong></span> <span class='ocrx_word' id='word_1_453' title='bbox 1678 3964 1900 4034; x_wconf 86' lang='grc' dir='ltr'>Πνεῦμα</span> 
     </span>
    </p>
   </div>
   <div class='ocr_carea' id='block_1_57' title="bbox 316 4056 1895 4129">
    <p class='ocr_par' dir='ltr' id='par_1_57' title="bbox 316 4056 1895 4129">
     <span class='ocr_line' id='line_1_57' title="bbox 316 4056 1895 4129; baseline -0.001 -17"><span class='ocrx_word' id='word_1_454' title='bbox 316 4063 376 4113; x_wconf 82' lang='lat'><strong>16</strong></span> <span class='ocrx_word' id='word_1_455' title='bbox 399 4063 570 4128; x_wconf 77' lang='grc' dir='ltr'>ἆγιον.</span> <span class='ocrx_word' id='word_1_456' title='bbox 594 4060 797 4112; x_wconf 86' lang='grc' dir='ltr'>Τούτου</span> <span class='ocrx_word' id='word_1_457' title='bbox 823 4059 1003 4129; x_wconf 81' lang='grc' dir='ltr'>χάριν,</span> <span class='ocrx_word' id='word_1_458' title='bbox 1024 4059 1072 4110; x_wconf 79' lang='grc' dir='ltr'><strong>εί</strong></span> <span class='ocrx_word' id='word_1_459' title='bbox 1099 4058 1376 4126; x_wconf 84' lang='grc' dir='ltr'>ὲνοίκησις</span> <span class='ocrx_word' id='word_1_460' title='bbox 1400 4058 1493 4109; x_wconf 73' lang='grc' dir='ltr'><strong>καὶ</strong></span> <span class='ocrx_word' id='word_1_461' title='bbox 1514 4057 1640 4120; x_wconf 77' lang='grc' dir='ltr'>ναὸς</span> <span class='ocrx_word' id='word_1_462' title='bbox 1670 4056 1808 4109; x_wconf 88' lang='grc' dir='ltr'>Θεοῦ</span> <span class='ocrx_word' id='word_1_463' title='bbox 1847 4058 1895 4110; x_wconf 82' lang='lat' dir='ltr'><strong>oi</strong></span> 
     </span>
    </p>
   </div>
   <div class='ocr_carea' id='block_1_58' title="bbox 208 4148 1903 4221">
    <p class='ocr_par' dir='ltr' id='par_1_58' title="bbox 208 4148 1903 4221">
     <span class='ocr_line' id='line_1_58' title="bbox 208 4148 1903 4221; baseline -0.004 -15"><span class='ocrx_word' id='word_1_464' title='bbox 208 4202 219 4207; x_wconf 67' lang='lat'><em>,</em></span> <span class='ocrx_word' id='word_1_465' title='bbox 318 4154 416 4221; x_wconf 72' lang='grc' dir='ltr'>τῆς</span> <span class='ocrx_word' id='word_1_466' title='bbox 434 4152 526 4204; x_wconf 90' lang='grc' dir='ltr'><strong>τοῦ</strong></span> <span class='ocrx_word' id='word_1_467' title='bbox 559 4151 879 4221; x_wconf 84' lang='grc' dir='ltr'>Πνεύματος</span> <span class='ocrx_word' id='word_1_468' title='bbox 906 4150 1127 4221; x_wconf 77' lang='grc' dir='ltr'>χάριτος</span> <span class='ocrx_word' id='word_1_469' title='bbox 1156 4148 1521 4211; x_wconf 80' lang='grc' dir='ltr'>ἀπολαύοντες</span> <span class='ocrx_word' id='word_1_470' title='bbox 1544 4149 1649 4201; x_wconf 75' lang='grc' dir='ltr'>εἰσὶ</span> <span class='ocrx_word' id='word_1_471' title='bbox 1683 4150 1772 4201; x_wconf 69' lang='grc' dir='ltr'>καὶ</span> <span class='ocrx_word' id='word_1_472' title='bbox 1803 4165 1903 4200; x_wconf 81' lang='grc' dir='ltr'>κα-</span> 
     </span>
    </p>
   </div>
   <div class='ocr_carea' id='block_1_59' title="bbox 320 4238 1904 4313">
    <p class='ocr_par' dir='ltr' id='par_1_59' title="bbox 320 4238 1904 4313">
     <span class='ocr_line' id='line_1_59' title="bbox 320 4238 1904 4313; baseline -0.002 -17"><span class='ocrx_word' id='word_1_473' title='bbox 320 4244 559 4308; x_wconf 83' lang='grc' dir='ltr'>λοῦνται,</span> <span class='ocrx_word' id='word_1_474' title='bbox 606 4244 706 4313; x_wconf 82' lang='grc' dir='ltr'>τῆς</span> <span class='ocrx_word' id='word_1_475' title='bbox 744 4242 891 4305; x_wconf 84' lang='grc' dir='ltr'>θείας</span> <span class='ocrx_word' id='word_1_476' title='bbox 929 4242 1144 4311; x_wconf 75' lang='grc' dir='ltr'>φύσεως</span> <span class='ocrx_word' id='word_1_477' title='bbox 1175 4240 1332 4310; x_wconf 77' lang='grc' dir='ltr'>δῆλον</span> <span class='ocrx_word' id='word_1_478' title='bbox 1372 4241 1454 4293; x_wconf 86' lang='grc' dir='ltr'>ὅτι</span> <span class='ocrx_word' id='word_1_479' title='bbox 1485 4238 1545 4291; x_wconf 91' lang='lat'><strong>16</strong></span> <span class='ocrx_word' id='word_1_480' title='bbox 1577 4238 1801 4309; x_wconf 87' lang='grc' dir='ltr'>Πνεῦμα</span> <span class='ocrx_word' id='word_1_481' title='bbox 1842 4240 1904 4293; x_wconf 85' lang='lat'><strong>16</strong></span> 
     </span>
    </p>
   </div>
   <div class='ocr_carea' id='block_1_60' title="bbox 322 4332 1901 4404">
    <p class='ocr_par' dir='ltr' id='par_1_60' title="bbox 322 4332 1901 4404">
     <span class='ocr_line' id='line_1_60' title="bbox 322 4332 1901 4404; baseline -0.004 -15"><span class='ocrx_word' id='word_1_482' title='bbox 322 4336 497 4403; x_wconf 73' lang='grc' dir='ltr'>ἅγιον,</span> <span class='ocrx_word' id='word_1_483' title='bbox 530 4334 621 4389; x_wconf 67' lang='grc' dir='ltr'><strong>καὶ</strong></span> <span class='ocrx_word' id='word_1_484' title='bbox 647 4335 824 4404; x_wconf 73' lang='grc' dir='ltr'>Πατρὶ</span> <span class='ocrx_word' id='word_1_485' title='bbox 856 4336 950 4387; x_wconf 80' lang='grc' dir='ltr'>καὶ</span> <span class='ocrx_word' id='word_1_486' title='bbox 986 4332 1100 4403; x_wconf 82' lang='grc' dir='ltr'><strong>Υίῷ</strong></span> <span class='ocrx_word' id='word_1_487' title='bbox 1134 4334 1439 4403; x_wconf 86' lang='grc' dir='ltr'>ὁμοούσιον.</span> <span class='ocrx_word' id='word_1_488' title='bbox 1481 4334 1543 4385; x_wconf 84' lang='grc' dir='ltr'><strong>Εἰ</strong></span> <span class='ocrx_word' id='word_1_489' title='bbox 1577 4332 1633 4384; x_wconf 83' lang='grc' dir='ltr'>δὲ</span> <span class='ocrx_word' id='word_1_490' title='bbox 1670 4333 1901 4402; x_wconf 85' lang='grc' dir='ltr'>κτίσμα,</span> 
     </span>
    </p>
   </div>
   <div class='ocr_carea' id='block_1_61' title="bbox 2052 2049 3499 2131">
    <p class='ocr_par' dir='ltr' id='par_1_61' title="bbox 2052 2049 3499 2131">
     <span class='ocr_line' id='line_1_61' title="bbox 2052 2049 3499 2131; baseline -0.011 -16"><span class='ocrx_word' id='word_1_491' title='bbox 2052 2059 2265 2131; x_wconf 77' lang='lat' dir='ltr'><strong>703m</strong></span> <span class='ocrx_word' id='word_1_492' title='bbox 2286 2057 2479 2114; x_wconf 80' lang='lat' dir='ltr'><strong>XXIV.</strong></span> <span class='ocrx_word' id='word_1_493' title='bbox 2505 2056 2658 2122; x_wconf 81' lang='lat' dir='ltr'><strong>Quod</strong></span> <span class='ocrx_word' id='word_1_494' title='bbox 2687 2070 2908 2131; x_wconf 53' lang='lat' dir='ltr'><strong>magnus</strong></span> <span class='ocrx_word' id='word_1_495' title='bbox 2932 2050 3209 2131; x_wconf 51' lang='lat' dir='ltr'><strong>Apostolus</strong></span> <span class='ocrx_word' id='word_1_496' title='bbox 3236 2049 3499 2119; x_wconf 65' lang='lat' dir='ltr'><strong>Spiritum</strong></span> 
     </span>
    </p>
   </div>
   <div class='ocr_carea' id='block_1_62' title="bbox 2432 2122 3217 2181">
    <p class='ocr_par' dir='ltr' id='par_1_62' title="bbox 2432 2122 3217 2181">
     <span class='ocr_line' id='line_1_62' title="bbox 2432 2122 3217 2181; baseline -0.006 -1"><span class='ocrx_word' id='word_1_497' title='bbox 2432 2138 2675 2181; x_wconf 83' lang='lat' dir='ltr'><strong>sanctum</strong></span> <span class='ocrx_word' id='word_1_498' title='bbox 2706 2124 2870 2178; x_wconf 82' lang='lat' dir='ltr'><strong>Deum</strong></span> <span class='ocrx_word' id='word_1_499' title='bbox 2904 2138 3013 2178; x_wconf 75' lang='lat' dir='ltr'><strong>esse</strong></span> <span class='ocrx_word' id='word_1_500' title='bbox 3043 2122 3217 2177; x_wconf 74' lang='lat' dir='ltr'><strong>scivit.</strong></span> 
     </span>
    </p>
   </div>
   <div class='ocr_carea' id='block_1_63' title="bbox 2052 2230 3577 2310">
    <p class='ocr_par' dir='ltr' id='par_1_63' title="bbox 2052 2230 3577 2310">
     <span class='ocr_line' id='line_1_63' title="bbox 2052 2230 3577 2310; baseline -0.009 -13"><span class='ocrx_word' id='word_1_501' title='bbox 2052 2244 2207 2310; x_wconf 84' lang='lat' dir='ltr'><strong>Quod</strong></span> <span class='ocrx_word' id='word_1_502' title='bbox 2262 2251 2439 2295; x_wconf 90' lang='lat' dir='ltr'><strong>autem</strong></span> <span class='ocrx_word' id='word_1_503' title='bbox 2508 2241 2599 2294; x_wconf 86' lang='lat' dir='ltr'><strong>Dei</strong></span> <span class='ocrx_word' id='word_1_504' title='bbox 2646 2238 2715 2293; x_wconf 89' lang='lat' dir='ltr'><strong>sit</strong></span> <span class='ocrx_word' id='word_1_505' title='bbox 2772 2236 3009 2304; x_wconf 83' lang='lat' dir='ltr'><strong>Spiritus</strong></span> <span class='ocrx_word' id='word_1_506' title='bbox 3064 2242 3324 2295; x_wconf 88' lang='lat' dir='ltr'><strong>sanctus,</strong></span> <span class='ocrx_word' id='word_1_507' title='bbox 3390 2230 3577 2286; x_wconf 79' lang='lat' dir='ltr'><strong>denuo</strong></span> 
     </span>
    </p>
   </div>
   <div class='ocr_carea' id='block_1_64' title="bbox 1982 2320 3567 2393">
    <p class='ocr_par' dir='ltr' id='par_1_64' title="bbox 1982 2320 3567 2393">
     <span class='ocr_line' id='line_1_64' title="bbox 1982 2320 3567 2393; baseline -0.011 -1"><span class='ocrx_word' id='word_1_508' title='bbox 1982 2337 2177 2393; x_wconf 77' lang='lat' dir='ltr'><strong>Paulus</strong></span> <span class='ocrx_word' id='word_1_509' title='bbox 2211 2350 2309 2389; x_wconf 90' lang='lat' dir='ltr'><strong>nos</strong></span> <span class='ocrx_word' id='word_1_510' title='bbox 2338 2333 2494 2387; x_wconf 86' lang='lat' dir='ltr'><strong>docet</strong></span> <span class='ocrx_word' id='word_1_511' title='bbox 2524 2350 2538 2385; x_wconf 90' lang='lat'><strong>:</strong></span> <span class='ocrx_word' id='word_1_512' title='bbox 2572 2349 2589 2381; x_wconf 73' lang='grc' dir='ltr'><strong>ι</strong></span> <span class='ocrx_word' id='word_1_513' title='bbox 2631 2331 2809 2384; x_wconf 80' lang='lat' dir='ltr'><strong>Abluti</strong></span> <span class='ocrx_word' id='word_1_514' title='bbox 2847 2328 3007 2393; x_wconf 80' lang='lat' dir='ltr'><strong>estis,</strong></span> <span class='ocrx_word' id='word_1_515' title='bbox 3037 2326 3249 2389; x_wconf 84' lang='lat' dir='ltr'><strong>dicens,</strong></span> <span class='ocrx_word' id='word_1_516' title='bbox 3282 2330 3338 2379; x_wconf 87' lang='lat' dir='ltr'><strong>et</strong></span> <span class='ocrx_word' id='word_1_517' title='bbox 3360 2320 3567 2377; x_wconf 87' lang='lat' dir='ltr'><strong>sancti-</strong></span> 
     </span>
    </p>
   </div>
   <div class='ocr_carea' id='block_1_65' title="bbox 1985 2411 3577 2493">
    <p class='ocr_par' dir='ltr' id='par_1_65' title="bbox 1985 2411 3577 2493">
     <span class='ocr_line' id='line_1_65' title="bbox 1985 2411 3577 2493; baseline -0.009 -12"><span class='ocrx_word' id='word_1_518' title='bbox 1985 2428 2126 2481; x_wconf 84' lang='lat' dir='ltr'><strong>ﬁcati</strong></span> <span class='ocrx_word' id='word_1_519' title='bbox 2171 2436 2333 2493; x_wconf 88' lang='lat' dir='ltr'><strong>atque</strong></span> <span class='ocrx_word' id='word_1_520' title='bbox 2363 2422 2641 2493; x_wconf 74' lang='lat' dir='ltr'><strong>jnstiiicati</strong></span> <span class='ocrx_word' id='word_1_521' title='bbox 2679 2421 2730 2473; x_wconf 93' lang='lat' dir='ltr'><strong>in</strong></span> <span class='ocrx_word' id='word_1_522' title='bbox 2759 2419 2978 2473; x_wconf 87' lang='lat' dir='ltr'><strong>nomine</strong></span> <span class='ocrx_word' id='word_1_523' title='bbox 3013 2416 3224 2471; x_wconf 86' lang='lat' dir='ltr'><strong>Domini</strong></span> <span class='ocrx_word' id='word_1_524' title='bbox 3255 2414 3423 2469; x_wconf 87' lang='lat' dir='ltr'><strong>nostri</strong></span> <span class='ocrx_word' id='word_1_525' title='bbox 3447 2411 3577 2469; x_wconf 67' lang='lat' dir='ltr'><strong>Iesu</strong></span> 
     </span>
    </p>
   </div>
   <div class='ocr_carea' id='block_1_66' title="bbox 1986 2504 3580 2581">
    <p class='ocr_par' dir='ltr' id='par_1_66' title="bbox 1986 2504 3580 2581">
     <span class='ocr_line' id='line_1_66' title="bbox 1986 2504 3580 2581; baseline -0.008 -10"><span class='ocrx_word' id='word_1_526' title='bbox 1986 2517 2204 2576; x_wconf 88' lang='lat' dir='ltr'><strong>Christi,</strong></span> <span class='ocrx_word' id='word_1_527' title='bbox 2231 2524 2280 2568; x_wconf 90' lang='lat' dir='ltr'><strong>et</strong></span> <span class='ocrx_word' id='word_1_528' title='bbox 2315 2514 2368 2567; x_wconf 91' lang='lat' dir='ltr'><strong>in</strong></span> <span class='ocrx_word' id='word_1_529' title='bbox 2393 2512 2595 2581; x_wconf 83' lang='lat' dir='ltr'><strong>Spiritu</strong></span> <span class='ocrx_word' id='word_1_530' title='bbox 2624 2510 2715 2565; x_wconf 90' lang='lat' dir='ltr'><strong>Dei</strong></span> <span class='ocrx_word' id='word_1_531' title='bbox 2744 2510 2913 2563; x_wconf 87' lang='lat' dir='ltr'><strong>nostri</strong></span> <span class='ocrx_word' id='word_1_532' title='bbox 2928 2508 2995 2562; x_wconf 81' lang='lat'><strong>&quot;.</strong></span> <span class='ocrx_word' id='word_1_533' title='bbox 3020 2526 3039 2559; x_wconf 69' lang='grc' dir='ltr'><strong>ι</strong></span> <span class='ocrx_word' id='word_1_534' title='bbox 3065 2507 3175 2563; x_wconf 87' lang='lat' dir='ltr'><strong>Cur</strong></span> <span class='ocrx_word' id='word_1_535' title='bbox 3202 2508 3349 2561; x_wconf 88' lang='lat' dir='ltr'><strong>enim</strong></span> <span class='ocrx_word' id='word_1_536' title='bbox 3382 2504 3580 2576; x_wconf 88' lang='lat' dir='ltr'><strong>templa</strong></span> 
     </span>
    </p>
   </div>
   <div class='ocr_carea' id='block_1_67' title="bbox 1986 2598 3582 2676">
    <p class='ocr_par' dir='ltr' id='par_1_67' title="bbox 1986 2598 3582 2676">
     <span class='ocr_line' id='line_1_67' title="bbox 1986 2598 3582 2676; baseline -0.008 -13"><span class='ocrx_word' id='word_1_537' title='bbox 1986 2610 2078 2663; x_wconf 86' lang='lat' dir='ltr'><strong>Dei</strong></span> <span class='ocrx_word' id='word_1_538' title='bbox 2109 2608 2459 2676; x_wconf 80' lang='lat' dir='ltr'><strong>appellamur,</strong></span> <span class='ocrx_word' id='word_1_539' title='bbox 2487 2604 2575 2673; x_wconf 84' lang='lat' dir='ltr'><strong>qui</strong></span> <span class='ocrx_word' id='word_1_540' title='bbox 2607 2619 2701 2672; x_wconf 87' lang='lat' dir='ltr'><strong>per</strong></span> <span class='ocrx_word' id='word_1_541' title='bbox 2723 2603 3051 2671; x_wconf 82' lang='lat' dir='ltr'><strong>baptismum</strong></span> <span class='ocrx_word' id='word_1_542' title='bbox 3097 2599 3333 2668; x_wconf 82' lang='lat' dir='ltr'><strong>Spiritus</strong></span> <span class='ocrx_word' id='word_1_543' title='bbox 3356 2598 3582 2669; x_wconf 71' lang='lat' dir='ltr'><strong>gratiam</strong></span> 
     </span>
    </p>
   </div>
   <div class='ocr_carea' id='block_1_68' title="bbox 1988 2689 3580 2768">
    <p class='ocr_par' dir='ltr' id='par_1_68' title="bbox 1988 2689 3580 2768">
     <span class='ocr_line' id='line_1_68' title="bbox 1988 2689 3580 2768; baseline -0.006 -16"><span class='ocrx_word' id='word_1_544' title='bbox 1988 2700 2323 2768; x_wconf 81' lang='lat' dir='ltr'><strong>recepimus,</strong></span> <span class='ocrx_word' id='word_1_545' title='bbox 2374 2696 2473 2750; x_wconf 85' lang='lat' dir='ltr'><strong>nisi</strong></span> <span class='ocrx_word' id='word_1_546' title='bbox 2530 2696 2643 2762; x_wconf 88' lang='lat' dir='ltr'><strong>ipse</strong></span> <span class='ocrx_word' id='word_1_547' title='bbox 2688 2703 2911 2749; x_wconf 84' lang='lat' dir='ltr'><strong>sanctus</strong></span> <span class='ocrx_word' id='word_1_548' title='bbox 2950 2692 3187 2761; x_wconf 84' lang='lat' dir='ltr'><strong>Spiritus</strong></span> <span class='ocrx_word' id='word_1_549' title='bbox 3247 2691 3389 2745; x_wconf 86' lang='lat' dir='ltr'><strong>Deus</strong></span> <span class='ocrx_word' id='word_1_550' title='bbox 3436 2689 3580 2746; x_wconf 73' lang='lat' dir='ltr'><strong>est?</strong></span> 
     </span>
    </p>
   </div>
   <div class='ocr_carea' id='block_1_69' title="bbox 1986 2782 3581 2857">
    <p class='ocr_par' dir='ltr' id='par_1_69' title="bbox 1986 2782 3581 2857">
     <span class='ocr_line' id='line_1_69' title="bbox 1986 2782 3581 2857; baseline -0.006 -13"><span class='ocrx_word' id='word_1_551' title='bbox 1986 2791 2139 2857; x_wconf 83' lang='lat' dir='ltr'><strong>Quod</strong></span> <span class='ocrx_word' id='word_1_552' title='bbox 2186 2800 2366 2843; x_wconf 89' lang='lat' dir='ltr'><strong>autem</strong></span> <span class='ocrx_word' id='word_1_553' title='bbox 2414 2788 2651 2857; x_wconf 81' lang='lat' dir='ltr'><strong>Spiritus</strong></span> <span class='ocrx_word' id='word_1_554' title='bbox 2706 2786 2905 2854; x_wconf 86' lang='lat' dir='ltr'><strong>templa</strong></span> <span class='ocrx_word' id='word_1_555' title='bbox 2964 2783 3154 2839; x_wconf 77' lang='lat' dir='ltr'><strong>ﬁdeles</strong></span> <span class='ocrx_word' id='word_1_556' title='bbox 3217 2782 3581 2853; x_wconf 80' lang='lat' dir='ltr'><strong>appellentur,</strong></span> 
     </span>
    </p>
   </div>
   <div class='ocr_carea' id='block_1_70' title="bbox 1988 2872 3586 2955">
    <p class='ocr_par' dir='ltr' id='par_1_70' title="bbox 1988 2872 3586 2955">
     <span class='ocr_line' id='line_1_70' title="bbox 1988 2872 3586 2955; baseline -0.004 -18"><span class='ocrx_word' id='word_1_557' title='bbox 1988 2884 2100 2952; x_wconf 89' lang='lat' dir='ltr'><strong>ipse</strong></span> <span class='ocrx_word' id='word_1_558' title='bbox 2131 2898 2228 2937; x_wconf 90' lang='lat' dir='ltr'><strong>nos</strong></span> <span class='ocrx_word' id='word_1_559' title='bbox 2264 2882 2421 2936; x_wconf 88' lang='lat' dir='ltr'><strong>docet</strong></span> <span class='ocrx_word' id='word_1_560' title='bbox 2474 2878 2766 2955; x_wconf 83' lang='lat' dir='ltr'><strong>Apostolus</strong></span> <span class='ocrx_word' id='word_1_561' title='bbox 2814 2879 3001 2932; x_wconf 87' lang='lat' dir='ltr'><strong>dicens</strong></span> <span class='ocrx_word' id='word_1_562' title='bbox 3043 2897 3055 2931; x_wconf 92' lang='lat'>:</span> <span class='ocrx_word' id='word_1_563' title='bbox 3108 2894 3126 2927; x_wconf 75' lang='grc' dir='ltr'><strong>ι</strong></span> <span class='ocrx_word' id='word_1_564' title='bbox 3169 2872 3405 2930; x_wconf 78' lang='lat' dir='ltr'><strong>Nescitis</strong></span> <span class='ocrx_word' id='word_1_565' title='bbox 3444 2886 3586 2944; x_wconf 75' lang='lat' dir='ltr'><strong>quo-</strong></span> 
     </span>
    </p>
   </div>
   <div class='ocr_carea' id='block_1_71' title="bbox 1989 2962 3590 3042">
    <p class='ocr_par' dir='ltr' id='par_1_71' title="bbox 1989 2962 3590 3042">
     <span class='ocr_line' id='line_1_71' title="bbox 1989 2962 3590 3042; baseline -0.007 -14"><span class='ocrx_word' id='word_1_566' title='bbox 1989 2976 2130 3028; x_wconf 77' lang='lat' dir='ltr'><strong>niam</strong></span> <span class='ocrx_word' id='word_1_567' title='bbox 2162 2987 2391 3042; x_wconf 85' lang='lat' dir='ltr'><strong>corpora</strong></span> <span class='ocrx_word' id='word_1_568' title='bbox 2423 2982 2601 3026; x_wconf 74' lang='lat' dir='ltr'><strong>vestra</strong></span> <span class='ocrx_word' id='word_1_569' title='bbox 2627 2971 2881 3037; x_wconf 90' lang='lat' dir='ltr'><strong>templum</strong></span> <span class='ocrx_word' id='word_1_570' title='bbox 2916 2980 3043 3024; x_wconf 88' lang='lat' dir='ltr'><strong>sunt</strong></span> <span class='ocrx_word' id='word_1_571' title='bbox 3070 2967 3187 3034; x_wconf 83' lang='lat' dir='ltr'><strong>eius</strong></span> <span class='ocrx_word' id='word_1_572' title='bbox 3213 2968 3301 3037; x_wconf 88' lang='lat' dir='ltr'><strong>qui</strong></span> <span class='ocrx_word' id='word_1_573' title='bbox 3337 2966 3389 3019; x_wconf 89' lang='lat' dir='ltr'><strong>in</strong></span> <span class='ocrx_word' id='word_1_574' title='bbox 3435 2962 3590 3018; x_wconf 82' lang='lat' dir='ltr'><strong>vobis</strong></span> 
     </span>
    </p>
   </div>
   <div class='ocr_carea' id='block_1_72' title="bbox 1999 3052 3589 3131">
    <p class='ocr_par' dir='ltr' id='par_1_72' title="bbox 1999 3052 3589 3131">
     <span class='ocr_line' id='line_1_72' title="bbox 1999 3052 3589 3131; baseline -0.01 -10"><span class='ocrx_word' id='word_1_575' title='bbox 1999 3074 2109 3130; x_wconf 85' lang='lat' dir='ltr'><strong>est,</strong></span> <span class='ocrx_word' id='word_1_576' title='bbox 2139 3064 2309 3118; x_wconf 89' lang='lat' dir='ltr'><strong>sancti</strong></span> <span class='ocrx_word' id='word_1_577' title='bbox 2352 3062 2612 3131; x_wconf 88' lang='lat' dir='ltr'><strong>Spiritus,</strong></span> <span class='ocrx_word' id='word_1_578' title='bbox 2644 3074 2804 3127; x_wconf 84' lang='lat' dir='ltr'><strong>quem</strong></span> <span class='ocrx_word' id='word_1_579' title='bbox 2835 3073 2864 3111; x_wconf 88' lang='lat' dir='ltr'><strong>a</strong></span> <span class='ocrx_word' id='word_1_580' title='bbox 2901 3058 3011 3112; x_wconf 93' lang='lat' dir='ltr'><strong>Deo</strong></span> <span class='ocrx_word' id='word_1_581' title='bbox 3039 3057 3288 3117; x_wconf 84' lang='lat' dir='ltr'><strong>habetis,</strong></span> <span class='ocrx_word' id='word_1_582' title='bbox 3321 3069 3419 3110; x_wconf 90' lang='lat' dir='ltr'><strong>nec</strong></span> <span class='ocrx_word' id='word_1_583' title='bbox 3454 3052 3589 3107; x_wconf 89' lang='lat' dir='ltr'><strong>estis</strong></span> 
     </span>
    </p>
   </div>
   <div class='ocr_carea' id='block_1_73' title="bbox 1988 3146 3586 3223">
    <p class='ocr_par' dir='ltr' id='par_1_73' title="bbox 1988 3146 3586 3223">
     <span class='ocr_line' id='line_1_73' title="bbox 1988 3146 3586 3223; baseline -0.006 -14"><span class='ocrx_word' id='word_1_584' title='bbox 1988 3158 2155 3211; x_wconf 78' lang='lat' dir='ltr'><strong>vestri</strong></span> <span class='ocrx_word' id='word_1_585' title='bbox 2180 3154 2203 3207; x_wconf 73' lang='grc' dir='ltr'><strong><em>Ῥ</em></strong></span> <span class='ocrx_word' id='word_1_586' title='bbox 2225 3154 2402 3223; x_wconf 79' lang='grc' dir='ltr'>Ειιιριὶ</span> <span class='ocrx_word' id='word_1_587' title='bbox 2444 3152 2588 3205; x_wconf 90' lang='lat' dir='ltr'><strong>enint</strong></span> <span class='ocrx_word' id='word_1_588' title='bbox 2614 3150 2748 3206; x_wconf 82' lang='lat' dir='ltr'><strong>estis</strong></span> <span class='ocrx_word' id='word_1_589' title='bbox 2780 3150 2954 3219; x_wconf 90' lang='lat' dir='ltr'><strong>pretio</strong></span> <span class='ocrx_word' id='word_1_590' title='bbox 2971 3150 3069 3202; x_wconf 76' lang='grc'><strong>⁸⁸.»</strong></span> <span class='ocrx_word' id='word_1_591' title='bbox 3097 3146 3374 3218; x_wconf 84' lang='lat' dir='ltr'><strong>Templum</strong></span> <span class='ocrx_word' id='word_1_592' title='bbox 3406 3156 3586 3201; x_wconf 79' lang='lat' dir='ltr'><strong>autem</strong></span> 
     </span>
    </p>
   </div>
   <div class='ocr_carea' id='block_1_74' title="bbox 1992 3234 3593 3311">
    <p class='ocr_par' dir='ltr' id='par_1_74' title="bbox 1992 3234 3593 3311">
     <span class='ocr_line' id='line_1_74' title="bbox 1992 3234 3593 3311; baseline -0.009 -10"><span class='ocrx_word' id='word_1_593' title='bbox 1992 3246 2383 3301; x_wconf 89' lang='lat' dir='ltr'><strong>iuhabitantem</strong></span> <span class='ocrx_word' id='word_1_594' title='bbox 2458 3242 2711 3311; x_wconf 67' lang='lat' dir='ltr'><strong>pradicat</strong></span> <span class='ocrx_word' id='word_1_595' title='bbox 2762 3238 2953 3294; x_wconf 90' lang='lat' dir='ltr'><strong>Deum.</strong></span> <span class='ocrx_word' id='word_1_596' title='bbox 3007 3239 3187 3305; x_wconf 86' lang='lat' dir='ltr'><strong>Quare</strong></span> <span class='ocrx_word' id='word_1_597' title='bbox 3231 3248 3285 3291; x_wconf 91' lang='lat' dir='ltr'><strong>et</strong></span> <span class='ocrx_word' id='word_1_598' title='bbox 3342 3234 3593 3305; x_wconf 76' lang='lat' dir='ltr'><strong>superius</strong></span> 
     </span>
    </p>
   </div>
   <div class='ocr_carea' id='block_1_75' title="bbox 1993 3323 3595 3398">
    <p class='ocr_par' dir='ltr' id='par_1_75' title="bbox 1993 3323 3595 3398">
     <span class='ocr_line' id='line_1_75' title="bbox 1993 3323 3595 3398; baseline -0.008 -8"><span class='ocrx_word' id='word_1_599' title='bbox 1993 3337 2171 3390; x_wconf 72' lang='lat' dir='ltr'><strong>aiebat</strong></span> <span class='ocrx_word' id='word_1_600' title='bbox 2200 3355 2212 3388; x_wconf 93' lang='lat'><strong><em>:</em></strong></span> <span class='ocrx_word' id='word_1_601' title='bbox 2257 3354 2274 3385; x_wconf 76' lang='grc' dir='ltr'><strong>ι</strong></span> <span class='ocrx_word' id='word_1_602' title='bbox 2307 3332 2540 3388; x_wconf 80' lang='lat' dir='ltr'><strong>Nescitis</strong></span> <span class='ocrx_word' id='word_1_603' title='bbox 2567 3347 2659 3386; x_wconf 82' lang='lat' dir='ltr'><strong>vos</strong></span> <span class='ocrx_word' id='word_1_604' title='bbox 2684 3330 2941 3398; x_wconf 88' lang='lat' dir='ltr'><strong>templum</strong></span> <span class='ocrx_word' id='word_1_605' title='bbox 2975 3328 3066 3382; x_wconf 85' lang='lat' dir='ltr'><strong>Dei</strong></span> <span class='ocrx_word' id='word_1_606' title='bbox 3099 3342 3245 3390; x_wconf 84' lang='lat' dir='ltr'><strong>esse,</strong></span> <span class='ocrx_word' id='word_1_607' title='bbox 3277 3336 3331 3380; x_wconf 94' lang='lat' dir='ltr'><strong>et</strong></span> <span class='ocrx_word' id='word_1_608' title='bbox 3359 3327 3410 3377; x_wconf 92' lang='lat' dir='ltr'><strong>iu</strong></span> <span class='ocrx_word' id='word_1_609' title='bbox 3440 3323 3595 3377; x_wconf 78' lang='lat' dir='ltr'><strong>vobis</strong></span> 
     </span>
    </p>
   </div>
   <div class='ocr_carea' id='block_1_76' title="bbox 1996 3414 3595 3497">
    <p class='ocr_par' dir='ltr' id='par_1_76' title="bbox 1996 3414 3595 3497">
     <span class='ocr_line' id='line_1_76' title="bbox 1996 3414 3595 3497; baseline -0.009 -14"><span class='ocrx_word' id='word_1_610' title='bbox 1996 3429 2239 3483; x_wconf 84' lang='lat' dir='ltr'><strong>habitare</strong></span> <span class='ocrx_word' id='word_1_611' title='bbox 2277 3427 2537 3497; x_wconf 85' lang='lat' dir='ltr'><strong>Spiritum</strong></span> <span class='ocrx_word' id='word_1_612' title='bbox 2576 3424 2712 3479; x_wconf 87' lang='lat' dir='ltr'><strong>Dei?</strong></span> <span class='ocrx_word' id='word_1_613' title='bbox 2742 3424 2798 3478; x_wconf 88' lang='lat' dir='ltr'><strong>Si</strong></span> <span class='ocrx_word' id='word_1_614' title='bbox 2824 3422 2946 3493; x_wconf 88' lang='lat' dir='ltr'><strong>quis</strong></span> <span class='ocrx_word' id='word_1_615' title='bbox 2992 3418 3247 3489; x_wconf 85' lang='lat' dir='ltr'><strong>templum</strong></span> <span class='ocrx_word' id='word_1_616' title='bbox 3292 3417 3382 3471; x_wconf 82' lang='lat' dir='ltr'><strong>Dei</strong></span> <span class='ocrx_word' id='word_1_617' title='bbox 3422 3414 3595 3471; x_wconf 78' lang='lat' dir='ltr'><strong>viola-</strong></span> 
     </span>
    </p>
   </div>
   <div class='ocr_carea' id='block_1_77' title="bbox 1996 3503 3593 3585">
    <p class='ocr_par' dir='ltr' id='par_1_77' title="bbox 1996 3503 3593 3585">
     <span class='ocr_line' id='line_1_77' title="bbox 1996 3503 3593 3585; baseline -0.008 -12"><span class='ocrx_word' id='word_1_618' title='bbox 1996 3521 2167 3582; x_wconf 80' lang='lat' dir='ltr'><strong>verit,</strong></span> <span class='ocrx_word' id='word_1_619' title='bbox 2221 3518 2495 3585; x_wconf 89' lang='lat' dir='ltr'><strong>disperdet</strong></span> <span class='ocrx_word' id='word_1_620' title='bbox 2547 3514 2695 3569; x_wconf 89' lang='lat' dir='ltr'><strong>illum</strong></span> <span class='ocrx_word' id='word_1_621' title='bbox 2748 3515 2911 3568; x_wconf 88' lang='lat' dir='ltr'><strong>Deus.</strong></span> <span class='ocrx_word' id='word_1_622' title='bbox 2967 3510 3248 3579; x_wconf 88' lang='lat' dir='ltr'><strong>Templum</strong></span> <span class='ocrx_word' id='word_1_623' title='bbox 3297 3507 3442 3561; x_wconf 89' lang='lat' dir='ltr'><strong>enim</strong></span> <span class='ocrx_word' id='word_1_624' title='bbox 3498 3503 3593 3561; x_wconf 85' lang='lat' dir='ltr'><strong>Dei</strong></span> 
     </span>
    </p>
   </div>
   <div class='ocr_carea' id='block_1_78' title="bbox 1997 3598 3596 3679">
    <p class='ocr_par' dir='ltr' id='par_1_78' title="bbox 1997 3598 3596 3679">
     <span class='ocr_line' id='line_1_78' title="bbox 1997 3598 3596 3679; baseline -0.009 -13"><span class='ocrx_word' id='word_1_625' title='bbox 1997 3622 2243 3666; x_wconf 88' lang='lat' dir='ltr'><strong>sanctum</strong></span> <span class='ocrx_word' id='word_1_626' title='bbox 2274 3619 2376 3675; x_wconf 88' lang='lat' dir='ltr'><strong>est,</strong></span> <span class='ocrx_word' id='word_1_627' title='bbox 2416 3609 2563 3679; x_wconf 86' lang='lat' dir='ltr'><strong>quod</strong></span> <span class='ocrx_word' id='word_1_628' title='bbox 2612 3606 2746 3662; x_wconf 85' lang='lat' dir='ltr'><strong>estis</strong></span> <span class='ocrx_word' id='word_1_629' title='bbox 2778 3621 2875 3661; x_wconf 83' lang='lat' dir='ltr'><strong>vos</strong></span> <span class='ocrx_word' id='word_1_630' title='bbox 2914 3605 2982 3659; x_wconf 84' lang='grc'><strong>⁶⁹.</strong></span> <span class='ocrx_word' id='word_1_631' title='bbox 3024 3622 3042 3656; x_wconf 75' lang='grc' dir='ltr'><strong>ι</strong></span> <span class='ocrx_word' id='word_1_632' title='bbox 3096 3601 3150 3657; x_wconf 90' lang='lat' dir='ltr'><strong>Si</strong></span> <span class='ocrx_word' id='word_1_633' title='bbox 3196 3615 3327 3670; x_wconf 73' lang='lat' dir='ltr'><strong>ergo</strong></span> <span class='ocrx_word' id='word_1_634' title='bbox 3359 3598 3596 3669; x_wconf 83' lang='lat' dir='ltr'><strong>Spiritus</strong></span> 
     </span>
    </p>
   </div>
   <div class='ocr_carea' id='block_1_79' title="bbox 1999 3690 3595 3773">
    <p class='ocr_par' dir='ltr' id='par_1_79' title="bbox 1999 3690 3595 3773">
     <span class='ocr_line' id='line_1_79' title="bbox 1999 3690 3595 3773; baseline -0.007 -19"><span class='ocrx_word' id='word_1_635' title='bbox 1999 3703 2224 3773; x_wconf 67' lang='lat' dir='ltr'><strong>gratiam</strong></span> <span class='ocrx_word' id='word_1_636' title='bbox 2273 3716 2367 3771; x_wconf 88' lang='lat' dir='ltr'><strong>per</strong></span> <span class='ocrx_word' id='word_1_637' title='bbox 2436 3701 2762 3768; x_wconf 82' lang='lat' dir='ltr'><strong>baptismum</strong></span> <span class='ocrx_word' id='word_1_638' title='bbox 2829 3696 3098 3766; x_wconf 81' lang='lat' dir='ltr'><strong>recipiunt</strong></span> <span class='ocrx_word' id='word_1_639' title='bbox 3140 3692 3460 3756; x_wconf 90' lang='lat' dir='ltr'><strong>credentes,</strong></span> <span class='ocrx_word' id='word_1_640' title='bbox 3504 3690 3595 3757; x_wconf 82' lang='lat' dir='ltr'><strong>qui</strong></span> 
     </span>
    </p>
   </div>
   <div class='ocr_carea' id='block_1_80' title="bbox 2000 3780 3596 3857">
    <p class='ocr_par' dir='ltr' id='par_1_80' title="bbox 2000 3780 3596 3857">
     <span class='ocr_line' id='line_1_80' title="bbox 2000 3780 3596 3857; baseline -0.006 -16"><span class='ocrx_word' id='word_1_641' title='bbox 2000 3804 2127 3843; x_wconf 84' lang='lat' dir='ltr'><strong>vero</strong></span> <span class='ocrx_word' id='word_1_642' title='bbox 2157 3790 2258 3843; x_wconf 92' lang='lat' dir='ltr'><strong>hoc</strong></span> <span class='ocrx_word' id='word_1_643' title='bbox 2281 3789 2423 3843; x_wconf 90' lang='lat' dir='ltr'><strong>dono</strong></span> <span class='ocrx_word' id='word_1_644' title='bbox 2466 3788 2610 3857; x_wconf 76' lang='lat' dir='ltr'><strong>digni</strong></span> <span class='ocrx_word' id='word_1_645' title='bbox 2650 3787 2868 3851; x_wconf 76' lang='lat' dir='ltr'><strong>fuimus,</strong></span> <span class='ocrx_word' id='word_1_646' title='bbox 2904 3786 3163 3854; x_wconf 90' lang='lat' dir='ltr'><strong>templum</strong></span> <span class='ocrx_word' id='word_1_647' title='bbox 3198 3784 3287 3837; x_wconf 90' lang='lat' dir='ltr'><strong>Dei</strong></span> <span class='ocrx_word' id='word_1_648' title='bbox 3311 3780 3596 3842; x_wconf 60' lang='lat' dir='ltr'><strong>dicimur,</strong></span> 
     </span>
    </p>
   </div>
   <div class='ocr_carea' id='block_1_81' title="bbox 2000 3872 3596 3948">
    <p class='ocr_par' dir='ltr' id='par_1_81' title="bbox 2000 3872 3596 3948">
     <span class='ocr_line' id='line_1_81' title="bbox 2000 3872 3596 3948; baseline -0.006 -12"><span class='ocrx_word' id='word_1_649' title='bbox 2000 3882 2247 3948; x_wconf 84' lang='lat' dir='ltr'><strong>sequitur</strong></span> <span class='ocrx_word' id='word_1_650' title='bbox 2284 3890 2341 3934; x_wconf 93' lang='lat' dir='ltr'><strong>ut</strong></span> <span class='ocrx_word' id='word_1_651' title='bbox 2373 3880 2519 3934; x_wconf 65' lang='lat' dir='ltr'><strong>Deus,</strong></span> <span class='ocrx_word' id='word_1_652' title='bbox 2540 3880 2613 3933; x_wconf 89' lang='lat' dir='ltr'><strong>sit</strong></span> <span class='ocrx_word' id='word_1_653' title='bbox 2656 3877 2891 3947; x_wconf 89' lang='lat' dir='ltr'><strong>Spiritus</strong></span> <span class='ocrx_word' id='word_1_654' title='bbox 2932 3886 3177 3930; x_wconf 85' lang='lat' dir='ltr'><strong>sanctus.</strong></span> <span class='ocrx_word' id='word_1_655' title='bbox 3207 3872 3497 3941; x_wconf 75' lang='lat' dir='ltr'><strong>Propterea</strong></span> <span class='ocrx_word' id='word_1_656' title='bbox 3548 3873 3596 3927; x_wconf 80' lang='lat' dir='ltr'><strong>si</strong></span> 
     </span>
    </p>
   </div>
   <div class='ocr_carea' id='block_1_82' title="bbox 2003 3960 3600 4039">
    <p class='ocr_par' dir='ltr' id='par_1_82' title="bbox 2003 3960 3600 4039">
     <span class='ocr_line' id='line_1_82' title="bbox 2003 3960 3600 4039; baseline -0.008 -13"><span class='ocrx_word' id='word_1_657' title='bbox 2003 3971 2368 4026; x_wconf 88' lang='lat' dir='ltr'><strong>habitaculum</strong></span> <span class='ocrx_word' id='word_1_658' title='bbox 2396 3970 2761 4039; x_wconf 89' lang='lat' dir='ltr'><strong>templumque</strong></span> <span class='ocrx_word' id='word_1_659' title='bbox 2798 3967 2913 4031; x_wconf 87' lang='lat' dir='ltr'><strong>Dei,</strong></span> <span class='ocrx_word' id='word_1_660' title='bbox 2946 3967 2981 4019; x_wconf 89' lang='lat' dir='ltr'><strong>ii</strong></span> <span class='ocrx_word' id='word_1_661' title='bbox 3013 3966 3104 4036; x_wconf 89' lang='lat' dir='ltr'><strong>qui</strong></span> <span class='ocrx_word' id='word_1_662' title='bbox 3132 3964 3307 4033; x_wconf 77' lang='lat' dir='ltr'><strong>gratia</strong></span> <span class='ocrx_word' id='word_1_663' title='bbox 3363 3960 3600 4028; x_wconf 68' lang='lat' dir='ltr'><strong>Spiritus</strong></span> 
     </span>
    </p>
   </div>
   <div class='ocr_carea' id='block_1_83' title="bbox 2004 4049 3594 4128">
    <p class='ocr_par' dir='ltr' id='par_1_83' title="bbox 2004 4049 3594 4128">
     <span class='ocr_line' id='line_1_83' title="bbox 2004 4049 3594 4128; baseline -0.009 -12"><span class='ocrx_word' id='word_1_664' title='bbox 2004 4062 2277 4125; x_wconf 80' lang='lat' dir='ltr'><strong>fruuntur,</strong></span> <span class='ocrx_word' id='word_1_665' title='bbox 2310 4070 2435 4115; x_wconf 87' lang='lat' dir='ltr'><strong>sunt</strong></span> <span class='ocrx_word' id='word_1_666' title='bbox 2464 4070 2517 4114; x_wconf 92' lang='lat' dir='ltr'><strong>et</strong></span> <span class='ocrx_word' id='word_1_667' title='bbox 2544 4059 2909 4128; x_wconf 85' lang='lat' dir='ltr'><strong>appellantur,</strong></span> <span class='ocrx_word' id='word_1_668' title='bbox 2937 4055 3276 4124; x_wconf 79' lang='lat' dir='ltr'><strong>exploratum</strong></span> <span class='ocrx_word' id='word_1_669' title='bbox 3302 4061 3387 4105; x_wconf 86' lang='lat' dir='ltr'><strong>est</strong></span> <span class='ocrx_word' id='word_1_670' title='bbox 3413 4049 3594 4103; x_wconf 84' lang='lat' dir='ltr'><strong>divina</strong></span> 
     </span>
    </p>
   </div>
   <div class='ocr_carea' id='block_1_84' title="bbox 2005 4140 3597 4221">
    <p class='ocr_par' dir='ltr' id='par_1_84' title="bbox 2005 4140 3597 4221">
     <span class='ocr_line' id='line_1_84' title="bbox 2005 4140 3597 4221; baseline -0.009 -12"><span class='ocrx_word' id='word_1_671' title='bbox 2005 4165 2194 4213; x_wconf 74' lang='lat' dir='ltr'><strong>natura</strong></span> <span class='ocrx_word' id='word_1_672' title='bbox 2228 4168 2351 4208; x_wconf 86' lang='lat' dir='ltr'><strong>esse</strong></span> <span class='ocrx_word' id='word_1_673' title='bbox 2403 4154 2686 4221; x_wconf 68' lang='lat' dir='ltr'><strong>praeditum</strong></span> <span class='ocrx_word' id='word_1_674' title='bbox 2722 4150 2984 4220; x_wconf 84' lang='lat' dir='ltr'><strong>Spiritum</strong></span> <span class='ocrx_word' id='word_1_675' title='bbox 3024 4154 3278 4203; x_wconf 88' lang='lat' dir='ltr'><strong>sanctum</strong></span> <span class='ocrx_word' id='word_1_676' title='bbox 3306 4183 3320 4207; x_wconf 88' lang='lat'><em>.</em></span> <span class='ocrx_word' id='word_1_677' title='bbox 3352 4153 3407 4199; x_wconf 92' lang='lat' dir='ltr'><strong>et</strong></span> <span class='ocrx_word' id='word_1_678' title='bbox 3448 4140 3597 4196; x_wconf 83' lang='lat' dir='ltr'><strong>Patri</strong></span> 
     </span>
    </p>
   </div>
   <div class='ocr_carea' id='block_1_85' title="bbox 2004 4235 3602 4316">
    <p class='ocr_par' dir='ltr' id='par_1_85' title="bbox 2004 4235 3602 4316">
     <span class='ocr_line' id='line_1_85' title="bbox 2004 4235 3602 4316; baseline -0.009 -14"><span class='ocrx_word' id='word_1_679' title='bbox 2004 4247 2247 4316; x_wconf 86' lang='lat' dir='ltr'><strong>Filioque</strong></span> <span class='ocrx_word' id='word_1_680' title='bbox 2278 4244 2817 4300; x_wconf 86' lang='lat' dir='ltr'><strong>consubstantialem.</strong></span> <span class='ocrx_word' id='word_1_681' title='bbox 2871 4240 3008 4296; x_wconf 79' lang='lat' dir='ltr'><strong>Nam</strong></span> <span class='ocrx_word' id='word_1_682' title='bbox 3034 4240 3080 4295; x_wconf 89' lang='lat' dir='ltr'><strong>si</strong></span> <span class='ocrx_word' id='word_1_683' title='bbox 3121 4248 3370 4294; x_wconf 86' lang='lat' dir='ltr'><strong>creatura</strong></span> <span class='ocrx_word' id='word_1_684' title='bbox 3422 4235 3602 4290; x_wconf 73' lang='lat' dir='ltr'><strong>diver-</strong></span> 
     </span>
    </p>
   </div>
   <div class='ocr_carea' id='block_1_86' title="bbox 2007 4322 3599 4407">
    <p class='ocr_par' dir='ltr' id='par_1_86' title="bbox 2007 4322 3599 4407">
     <span class='ocr_line' id='line_1_86' title="bbox 2007 4322 3599 4407; baseline -0.008 -16"><span class='ocrx_word' id='word_1_685' title='bbox 2007 4353 2190 4407; x_wconf 69' lang='lat' dir='ltr'><strong>saeque</strong></span> <span class='ocrx_word' id='word_1_686' title='bbox 2242 4336 2560 4391; x_wconf 71' lang='lat' dir='ltr'><strong>substantia:</strong></span> <span class='ocrx_word' id='word_1_687' title='bbox 2611 4335 2783 4396; x_wconf 82' lang='lat' dir='ltr'><strong>foret,</strong></span> <span class='ocrx_word' id='word_1_688' title='bbox 2845 4332 2987 4387; x_wconf 88' lang='lat' dir='ltr'><strong>haud</strong></span> <span class='ocrx_word' id='word_1_689' title='bbox 3042 4340 3190 4385; x_wconf 89' lang='lat' dir='ltr'><strong>recte</strong></span> <span class='ocrx_word' id='word_1_690' title='bbox 3248 4326 3445 4396; x_wconf 88' lang='lat' dir='ltr'><strong>templa</strong></span> <span class='ocrx_word' id='word_1_691' title='bbox 3503 4322 3599 4379; x_wconf 89' lang='lat' dir='ltr'><strong>Dei</strong></span> 
     </span>
    </p>
   </div>
   <div class='ocr_carea' id='block_1_87' title="bbox 325 4410 1886 4497">
    <p class='ocr_par' dir='ltr' id='par_1_87' title="bbox 325 4422 1886 4497">
     <span class='ocr_line' id='line_1_87' title="bbox 325 4422 1886 4497; baseline -0.002 -18"><span class='ocrx_word' id='word_1_692' title='bbox 325 4428 417 4480; x_wconf 76' lang='grc' dir='ltr'>καὶ</span> <span class='ocrx_word' id='word_1_693' title='bbox 442 4426 499 4492; x_wconf 69' lang='grc' dir='ltr'><strong>ἐξ</strong></span> <span class='ocrx_word' id='word_1_694' title='bbox 544 4426 735 4497; x_wconf 73' lang='grc' dir='ltr'>ἑτέρας</span> <span class='ocrx_word' id='word_1_695' title='bbox 768 4426 957 4489; x_wconf 84' lang='grc' dir='ltr'>οὐσίας</span> <span class='ocrx_word' id='word_1_696' title='bbox 995 4426 1274 4495; x_wconf 86' lang='grc' dir='ltr'>τυγχάνει,</span> <span class='ocrx_word' id='word_1_697' title='bbox 1308 4427 1405 4477; x_wconf 81' lang='grc' dir='ltr'>οὐκ</span> <span class='ocrx_word' id='word_1_698' title='bbox 1433 4425 1658 4486; x_wconf 73' lang='grc' dir='ltr'>είκὸτως</span> <span class='ocrx_word' id='word_1_699' title='bbox 1690 4423 1755 4477; x_wconf 80' lang='grc' dir='ltr'>ἂν</span> <span class='ocrx_word' id='word_1_700' title='bbox 1782 4422 1886 4476; x_wconf 61' lang='grc' dir='ltr'>ναο¹</span> 
     </span>
    </p>
   </div>
   <div class='ocr_carea' id='block_1_88' title="bbox 1994 4410 3603 4497">
    <p class='ocr_par' dir='ltr' id='par_1_88' title="bbox 2007 4410 3603 4497">
     <span class='ocr_line' id='line_1_88' title="bbox 2007 4410 3603 4497; baseline -0.008 -16"><span class='ocrx_word' id='word_1_701' title='bbox 2007 4426 2409 4497; x_wconf 87' lang='lat' dir='ltr'><strong>appellarentur</strong></span> <span class='ocrx_word' id='word_1_702' title='bbox 2434 4425 2467 4479; x_wconf 92' lang='lat' dir='ltr'><strong>ii</strong></span> <span class='ocrx_word' id='word_1_703' title='bbox 2514 4424 2606 4493; x_wconf 90' lang='lat' dir='ltr'><strong>qui</strong></span> <span class='ocrx_word' id='word_1_704' title='bbox 2632 4422 2791 4491; x_wconf 74' lang='lat' dir='ltr'><strong>huius</strong></span> <span class='ocrx_word' id='word_1_705' title='bbox 2824 4422 3025 4477; x_wconf 86' lang='lat' dir='ltr'><strong>donum</strong></span> <span class='ocrx_word' id='word_1_706' title='bbox 3059 4427 3185 4473; x_wconf 84' lang='lat' dir='ltr'><strong>sunt</strong></span> <span class='ocrx_word' id='word_1_707' title='bbox 3212 4418 3412 4487; x_wconf 84' lang='lat' dir='ltr'><strong>adepti.</strong></span> <span class='ocrx_word' id='word_1_708' title='bbox 3447 4410 3603 4482; x_wconf 84' lang='lat' dir='ltr'><strong>Quod</strong></span> 
     </span>
    </p>
   </div>
   <div class='ocr_carea' id='block_1_89' title="bbox 326 4514 1905 4587">
    <p class='ocr_par' dir='ltr' id='par_1_89' title="bbox 326 4514 1905 4587">
     <span class='ocr_line' id='line_1_89' title="bbox 326 4514 1905 4587; baseline -0.001 -20"><span class='ocrx_word' id='word_1_709' title='bbox 326 4516 814 4587; x_wconf 62' lang='grc' dir='ltr'>προσαγορευθεὴν</span> <span class='ocrx_word' id='word_1_710' title='bbox 871 4515 1007 4569; x_wconf 90' lang='grc' dir='ltr'>Θεοῦ</span> <span class='ocrx_word' id='word_1_711' title='bbox 1054 4517 1103 4568; x_wconf 78' lang='grc' dir='ltr'>οἱ</span> <span class='ocrx_word' id='word_1_712' title='bbox 1150 4516 1249 4585; x_wconf 79' lang='grc' dir='ltr'>τῆς</span> <span class='ocrx_word' id='word_1_713' title='bbox 1298 4516 1488 4568; x_wconf 86' lang='grc' dir='ltr'>τούτου</span> <span class='ocrx_word' id='word_1_714' title='bbox 1542 4514 1905 4584; x_wconf 86' lang='grc' dir='ltr'>τυγχάνοντες</span> 
     </span>
    </p>
   </div>
   <div class='ocr_carea' id='block_1_90' title="bbox 321 4604 1905 4677">
    <p class='ocr_par' dir='ltr' id='par_1_90' title="bbox 321 4604 1905 4677">
     <span class='ocr_line' id='line_1_90' title="bbox 321 4604 1905 4677; baseline -0.001 -19"><span class='ocrx_word' id='word_1_715' title='bbox 321 4607 567 4677; x_wconf 45' lang='grc' dir='ltr'>δωρεᾶς</span> <span class='ocrx_word' id='word_1_716' title='bbox 614 4609 661 4660; x_wconf 85' lang='grc' dir='ltr'><strong>εί</strong></span> <span class='ocrx_word' id='word_1_717' title='bbox 709 4607 764 4660; x_wconf 83' lang='grc' dir='ltr'>δὲ</span> <span class='ocrx_word' id='word_1_718' title='bbox 804 4608 922 4661; x_wconf 75' lang='grc' dir='ltr'>ναοὶ</span> <span class='ocrx_word' id='word_1_719' title='bbox 968 4607 1103 4661; x_wconf 91' lang='grc' dir='ltr'>Θεοῦ</span> <span class='ocrx_word' id='word_1_720' title='bbox 1150 4604 1527 4677; x_wconf 75' lang='grc' dir='ltr'>ὀνομάζονται,</span> <span class='ocrx_word' id='word_1_721' title='bbox 1568 4610 1617 4659; x_wconf 89' lang='lat' dir='ltr'><strong>oi</strong></span> <span class='ocrx_word' id='word_1_722' title='bbox 1673 4606 1905 4677; x_wconf 79' lang='grc' dir='ltr'>μερικῆς</span> 
     </span>
    </p>
   </div>
   <div class='ocr_carea' id='block_1_91' title="bbox 322 4695 1907 4768">
    <p class='ocr_par' dir='ltr' id='par_1_91' title="bbox 322 4695 1907 4768">
     <span class='ocr_line' id='line_1_91' title="bbox 322 4695 1907 4768; baseline 0 -21"><span class='ocrx_word' id='word_1_723' title='bbox 322 4696 467 4759; x_wconf 72' lang='grc' dir='ltr'>τινος</span> <span class='ocrx_word' id='word_1_724' title='bbox 508 4696 600 4748; x_wconf 74' lang='grc' dir='ltr'>καὶ</span> <span class='ocrx_word' id='word_1_725' title='bbox 642 4695 901 4766; x_wconf 79' lang='grc' dir='ltr'>βραχείας</span> <span class='ocrx_word' id='word_1_726' title='bbox 947 4697 1102 4766; x_wconf 83' lang='grc' dir='ltr'>παρὰ</span> <span class='ocrx_word' id='word_1_727' title='bbox 1127 4699 1318 4749; x_wconf 83' lang='grc' dir='ltr'>τούτου</span> <span class='ocrx_word' id='word_1_728' title='bbox 1359 4698 1579 4768; x_wconf 88' lang='grc' dir='ltr'>χάριτος</span> <span class='ocrx_word' id='word_1_729' title='bbox 1607 4696 1907 4749; x_wconf 74' lang='grc' dir='ltr'>ἀπολαύον-</span> 
     </span>
    </p>
   </div>
   <div class='ocr_carea' id='block_1_92' title="bbox 323 4787 1903 4859">
    <p class='ocr_par' dir='ltr' id='par_1_92' title="bbox 323 4787 1903 4859">
     <span class='ocr_line' id='line_1_92' title="bbox 323 4787 1903 4859; baseline 0.003 -21"><span class='ocrx_word' id='word_1_730' title='bbox 323 4804 437 4851; x_wconf 87' lang='grc' dir='ltr'>τες,</span> <span class='ocrx_word' id='word_1_731' title='bbox 471 4788 534 4839; x_wconf 68' lang='grc' dir='ltr'>ἐκ</span> <span class='ocrx_word' id='word_1_732' title='bbox 567 4787 663 4859; x_wconf 80' lang='grc' dir='ltr'>τῆς</span> <span class='ocrx_word' id='word_1_733' title='bbox 698 4789 1071 4859; x_wconf 84' lang='grc' dir='ltr'>προσηγορίας</span> <span class='ocrx_word' id='word_1_734' title='bbox 1103 4790 1368 4859; x_wconf 80' lang='grc' dir='ltr'>νοήσομεν</span> <span class='ocrx_word' id='word_1_735' title='bbox 1414 4788 1511 4858; x_wconf 81' lang='grc' dir='ltr'>τὴν</span> <span class='ocrx_word' id='word_1_736' title='bbox 1558 4788 1903 4854; x_wconf 84' lang='grc' dir='ltr'>συγγένειαν.</span> 
     </span>
    </p>
   </div>
   <div class='ocr_carea' id='block_1_93' title="bbox 328 4877 1909 4951">
    <p class='ocr_par' dir='ltr' id='par_1_93' title="bbox 328 4877 1909 4951">
     <span class='ocr_line' id='line_1_93' title="bbox 328 4877 1909 4951; baseline 0 -20"><span class='ocrx_word' id='word_1_737' title='bbox 328 4878 500 4931; x_wconf 72' lang='grc' dir='ltr'>Τοῦτο</span> <span class='ocrx_word' id='word_1_738' title='bbox 530 4877 624 4930; x_wconf 71' lang='grc' dir='ltr'>καὶ</span> <span class='ocrx_word' id='word_1_739' title='bbox 651 4877 757 4930; x_wconf 85' lang='grc' dir='ltr'><strong>τῶν</strong></span> <span class='ocrx_word' id='word_1_740' title='bbox 783 4880 1096 4932; x_wconf 79' lang='grc' dir='ltr'>ἀποστόλων</span> <span class='ocrx_word' id='word_1_741' title='bbox 1128 4882 1155 4933; x_wconf 91' lang='lat'><strong>6</strong></span> <span class='ocrx_word' id='word_1_742' title='bbox 1180 4880 1418 4948; x_wconf 77' lang='grc' dir='ltr'>κολοφὼν</span> <span class='ocrx_word' id='word_1_743' title='bbox 1441 4882 1498 4933; x_wconf 74' lang='grc' dir='ltr'>ὲν</span> <span class='ocrx_word' id='word_1_744' title='bbox 1521 4884 1639 4940; x_wconf 84' lang='grc' dir='ltr'>ταῖς</span> <span class='ocrx_word' id='word_1_745' title='bbox 1669 4880 1710 4931; x_wconf 89' lang='grc' dir='ltr'><strong>Π</strong></span> <span class='ocrx_word' id='word_1_746' title='bbox 1718 4879 1909 4951; x_wconf 76' lang='grc' dir='ltr'>ράξεσι</span> 
     </span>
    </p>
   </div>
   <div class='ocr_carea' id='block_1_94' title="bbox 326 4969 1695 5043">
    <p class='ocr_par' dir='ltr' id='par_1_94' title="bbox 326 4969 1695 5043">
     <span class='ocr_line' id='line_1_94' title="bbox 326 4969 1695 5043; baseline 0.003 -21"><span class='ocrx_word' id='word_1_747' title='bbox 326 4969 589 5032; x_wconf 85' lang='grc' dir='ltr'>διδάσκει,</span> <span class='ocrx_word' id='word_1_748' title='bbox 624 4969 717 5023; x_wconf 87' lang='grc' dir='ltr'><strong>τοῦ</strong></span> <span class='ocrx_word' id='word_1_749' title='bbox 753 4970 997 5024; x_wconf 77' lang='grc' dir='ltr'>’Λνανίου</span> <span class='ocrx_word' id='word_1_750' title='bbox 1017 4972 1116 5041; x_wconf 75' lang='grc' dir='ltr'>τὴν</span> <span class='ocrx_word' id='word_1_751' title='bbox 1148 4972 1356 5043; x_wconf 82' lang='grc' dir='ltr'>κλοπὴν</span> <span class='ocrx_word' id='word_1_752' title='bbox 1384 4972 1695 5043; x_wconf 71' lang='grc' dir='ltr'>διελέγχων.</span> 
     </span>
    </p>
   </div>
   <div class='ocr_carea' id='block_1_95' title="bbox 332 5121 1913 5194">
    <p class='ocr_par' dir='ltr' id='par_1_95' title="bbox 332 5121 1913 5194">
     <span class='ocr_line' id='line_1_95' title="bbox 332 5121 1913 5194; baseline 0.002 -19"><span class='ocrx_word' id='word_1_753' title='bbox 332 5122 463 5175; x_wconf 65' lang='grc' dir='ltr'>ιω.</span> <span class='ocrx_word' id='word_1_754' title='bbox 502 5122 632 5175; x_wconf 76' lang='grc' dir='ltr'>Ὀτι</span> <span class='ocrx_word' id='word_1_755' title='bbox 674 5121 771 5175; x_wconf 81' lang='grc' dir='ltr'><strong>καί</strong></span> <span class='ocrx_word' id='word_1_756' title='bbox 811 5126 843 5194; x_wconf 83' lang='lat' dir='ltr'><strong>d</strong></span> <span class='ocrx_word' id='word_1_757' title='bbox 892 5122 1218 5190; x_wconf 75' lang='grc' dir='ltr'>θεσπέσιος</span> <span class='ocrx_word' id='word_1_758' title='bbox 1258 5122 1481 5191; x_wconf 84' lang='grc' dir='ltr'>Πέτρος</span> <span class='ocrx_word' id='word_1_759' title='bbox 1502 5122 1747 5190; x_wconf 74' lang='grc' dir='ltr'>συνῳδὰ</span> <span class='ocrx_word' id='word_1_760' title='bbox 1777 5125 1913 5194; x_wconf 76' lang='grc' dir='ltr'>περὶ</span> 
     </span>
    </p>
   </div>
   <div class='ocr_carea' id='block_1_96' title="bbox 742 5192 1510 5263">
    <p class='ocr_par' dir='ltr' id='par_1_96' title="bbox 742 5192 1510 5263">
     <span class='ocr_line' id='line_1_96' title="bbox 742 5192 1510 5263; baseline 0 -18"><span class='ocrx_word' id='word_1_761' title='bbox 742 5192 847 5246; x_wconf 84' lang='grc' dir='ltr'><strong>τοῦ</strong></span> <span class='ocrx_word' id='word_1_762' title='bbox 886 5196 1230 5262; x_wconf 81' lang='grc' dir='ltr'>Ιινεύματος</span> <span class='ocrx_word' id='word_1_763' title='bbox 1254 5194 1510 5263; x_wconf 79' lang='grc' dir='ltr'>δέχεται.</span> 
     </span>
    </p>
   </div>
   <div class='ocr_carea' id='block_1_97' title="bbox 412 5306 1916 5378">
    <p class='ocr_par' dir='ltr' id='par_1_97' title="bbox 412 5306 1916 5378">
     <span class='ocr_line' id='line_1_97' title="bbox 412 5306 1916 5378; baseline 0.004 -23"><span class='ocrx_word' id='word_1_764' title='bbox 412 5322 431 5355; x_wconf 74' lang='lat' dir='ltr'><strong>t</strong></span> <span class='ocrx_word' id='word_1_765' title='bbox 478 5306 715 5370; x_wconf 74' lang='grc' dir='ltr'>Ἁνανία,</span> <span class='ocrx_word' id='word_1_766' title='bbox 741 5308 874 5378; x_wconf 88' lang='grc' dir='ltr'><strong>γάρ,</strong></span> <span class='ocrx_word' id='word_1_767' title='bbox 910 5310 1093 5378; x_wconf 66' lang='grc' dir='ltr'>φησιν,</span> <span class='ocrx_word' id='word_1_768' title='bbox 1125 5310 1209 5361; x_wconf 86' lang='grc' dir='ltr'><strong>ἴνα</strong></span> <span class='ocrx_word' id='word_1_769' title='bbox 1245 5309 1298 5361; x_wconf 85' lang='grc' dir='ltr'><strong>τί</strong></span> <span class='ocrx_word' id='word_1_770' title='bbox 1326 5310 1605 5377; x_wconf 68' lang='grc' dir='ltr'>ἠπάτησεν</span> <span class='ocrx_word' id='word_1_771' title='bbox 1628 5310 1916 5374; x_wconf 77' lang='grc' dir='ltr'>ὸΣατανᾶς</span> 
     </span>
    </p>
   </div>
   <div class='ocr_carea' id='block_1_98' title="bbox 2010 4506 3601 4585">
    <p class='ocr_par' dir='ltr' id='par_1_98' title="bbox 2010 4506 3601 4585">
     <span class='ocr_line' id='line_1_98' title="bbox 2010 4506 3601 4585; baseline -0.009 -12"><span class='ocrx_word' id='word_1_772' title='bbox 2010 4518 2054 4573; x_wconf 87' lang='lat' dir='ltr'><strong>si</strong></span> <span class='ocrx_word' id='word_1_773' title='bbox 2090 4517 2285 4585; x_wconf 85' lang='lat' dir='ltr'><strong>templa</strong></span> <span class='ocrx_word' id='word_1_774' title='bbox 2320 4516 2411 4570; x_wconf 89' lang='lat' dir='ltr'><strong>Dei</strong></span> <span class='ocrx_word' id='word_1_775' title='bbox 2452 4516 2793 4584; x_wconf 87' lang='lat' dir='ltr'><strong>appellantur</strong></span> <span class='ocrx_word' id='word_1_776' title='bbox 2830 4514 2920 4583; x_wconf 89' lang='lat' dir='ltr'><strong>qui</strong></span> <span class='ocrx_word' id='word_1_777' title='bbox 2959 4520 3114 4583; x_wconf 89' lang='lat' dir='ltr'><strong>parte</strong></span> <span class='ocrx_word' id='word_1_778' title='bbox 3146 4509 3353 4579; x_wconf 80' lang='lat' dir='ltr'><strong>aliqua,</strong></span> <span class='ocrx_word' id='word_1_779' title='bbox 3396 4518 3450 4561; x_wconf 90' lang='lat' dir='ltr'><strong>et</strong></span> <span class='ocrx_word' id='word_1_780' title='bbox 3478 4506 3601 4575; x_wconf 85' lang='lat' dir='ltr'><strong>qui-</strong></span> 
     </span>
    </p>
   </div>
   <div class='ocr_carea' id='block_1_99' title="bbox 2020 4598 3607 4678">
    <p class='ocr_par' dir='ltr' id='par_1_99' title="bbox 2020 4598 3607 4678">
     <span class='ocr_line' id='line_1_99' title="bbox 2020 4598 3607 4678; baseline -0.008 -16"><span class='ocrx_word' id='word_1_781' title='bbox 2020 4608 2141 4663; x_wconf 86' lang='lat' dir='ltr'><strong>dem</strong></span> <span class='ocrx_word' id='word_1_782' title='bbox 2168 4609 2385 4676; x_wconf 71' lang='lat' dir='ltr'><strong>exigua,</strong></span> <span class='ocrx_word' id='word_1_783' title='bbox 2440 4608 2625 4678; x_wconf 64' lang='lat' dir='ltr'><strong>gratia:</strong></span> <span class='ocrx_word' id='word_1_784' title='bbox 2667 4608 2784 4674; x_wconf 77' lang='lat' dir='ltr'><strong>ejus</strong></span> <span class='ocrx_word' id='word_1_785' title='bbox 2836 4613 3081 4668; x_wconf 87' lang='lat' dir='ltr'><strong>utuntur,</strong></span> <span class='ocrx_word' id='word_1_786' title='bbox 3135 4603 3201 4656; x_wconf 89' lang='lat' dir='ltr'><strong>de</strong></span> <span class='ocrx_word' id='word_1_787' title='bbox 3253 4598 3607 4669; x_wconf 74' lang='lat' dir='ltr'><strong>appellatione</strong></span> 
     </span>
    </p>
   </div>
   <div class='ocr_carea' id='block_1_100' title="bbox 2011 4689 3604 4764">
    <p class='ocr_par' dir='ltr' id='par_1_100' title="bbox 2011 4689 3604 4764">
     <span class='ocr_line' id='line_1_100' title="bbox 2011 4689 3604 4764; baseline -0.005 -13"><span class='ocrx_word' id='word_1_788' title='bbox 2011 4699 2401 4754; x_wconf 62' lang='lat' dir='ltr'><strong>astimabimus</strong></span> <span class='ocrx_word' id='word_1_789' title='bbox 2434 4700 2767 4753; x_wconf 81' lang='lat' dir='ltr'><strong>consortium</strong></span> <span class='ocrx_word' id='word_1_790' title='bbox 2798 4697 2935 4764; x_wconf 82' lang='lat' dir='ltr'><strong>ejus.</strong></span> <span class='ocrx_word' id='word_1_791' title='bbox 2980 4695 3115 4751; x_wconf 80' lang='lat' dir='ltr'><strong>Rem</strong></span> <span class='ocrx_word' id='word_1_792' title='bbox 3160 4695 3299 4748; x_wconf 84' lang='lat' dir='ltr'><strong>hanc</strong></span> <span class='ocrx_word' id='word_1_793' title='bbox 3326 4689 3604 4761; x_wconf 86' lang='lat' dir='ltr'><strong>apostolo-</strong></span> 
     </span>
    </p>
   </div>
   <div class='ocr_carea' id='block_1_101' title="bbox 2017 4780 3609 4859">
    <p class='ocr_par' dir='ltr' id='par_1_101' title="bbox 2017 4780 3609 4859">
     <span class='ocr_line' id='line_1_101' title="bbox 2017 4780 3609 4859; baseline -0.006 -15"><span class='ocrx_word' id='word_1_794' title='bbox 2017 4805 2134 4844; x_wconf 90' lang='lat' dir='ltr'><strong>rutn</strong></span> <span class='ocrx_word' id='word_1_795' title='bbox 2168 4804 2383 4859; x_wconf 88' lang='lat' dir='ltr'><strong>quoque</strong></span> <span class='ocrx_word' id='word_1_796' title='bbox 2444 4804 2580 4857; x_wconf 83' lang='lat' dir='ltr'><strong>apex</strong></span> <span class='ocrx_word' id='word_1_797' title='bbox 2633 4790 2687 4844; x_wconf 90' lang='lat' dir='ltr'><strong>in</strong></span> <span class='ocrx_word' id='word_1_798' title='bbox 2738 4788 2965 4844; x_wconf 75' lang='lat' dir='ltr'><strong>Actibus</strong></span> <span class='ocrx_word' id='word_1_799' title='bbox 3015 4786 3196 4849; x_wconf 83' lang='lat' dir='ltr'><strong>docet,</strong></span> <span class='ocrx_word' id='word_1_800' title='bbox 3231 4783 3357 4838; x_wconf 86' lang='lat' dir='ltr'><strong>dum</strong></span> <span class='ocrx_word' id='word_1_801' title='bbox 3384 4780 3609 4835; x_wconf 74' lang='lat' dir='ltr'><strong>Ananize</strong></span> 
     </span>
    </p>
   </div>
   <div class='ocr_carea' id='block_1_102' title="bbox 2016 4879 2517 4952">
    <p class='ocr_par' dir='ltr' id='par_1_102' title="bbox 2016 4879 2517 4952">
     <span class='ocr_line' id='line_1_102' title="bbox 2016 4879 2517 4952; baseline 0.002 -17"><span class='ocrx_word' id='word_1_802' title='bbox 2016 4879 2215 4935; x_wconf 79' lang='lat' dir='ltr'><strong>furtum</strong></span> <span class='ocrx_word' id='word_1_803' title='bbox 2249 4898 2343 4935; x_wconf 66' lang='lat' dir='ltr'><strong>eost</strong></span> <span class='ocrx_word' id='word_1_804' title='bbox 2356 4884 2517 4952; x_wconf 77' lang='lat' dir='ltr'><strong>rguit.</strong></span> 
     </span>
    </p>
   </div>
   <div class='ocr_carea' id='block_1_103' title="bbox 2026 5084 3607 5190">
    <p class='ocr_par' dir='ltr' id='par_1_103' title="bbox 2026 5084 3607 5190">
     <span class='ocr_line' id='line_1_103' title="bbox 2026 5084 3607 5190; baseline -0.006 -12"><span class='ocrx_word' id='word_1_805' title='bbox 2026 5122 2191 5181; x_wconf 67' lang='lat' dir='ltr'><strong>XXV.</strong></span> <span class='ocrx_word' id='word_1_806' title='bbox 2221 5123 2374 5190; x_wconf 81' lang='lat' dir='ltr'><strong>Quod</strong></span> <span class='ocrx_word' id='word_1_807' title='bbox 2403 5127 2560 5181; x_wconf 74' lang='lat' dir='ltr'><strong>etiam</strong></span> <span class='ocrx_word' id='word_1_808' title='bbox 2591 5128 2744 5181; x_wconf 70' lang='lat' dir='ltr'><strong>divas</strong></span> <span class='ocrx_word' id='word_1_809' title='bbox 2772 5123 2959 5179; x_wconf 72' lang='lat' dir='ltr'><strong>Petrus</strong></span> <span class='ocrx_word' id='word_1_810' title='bbox 2992 5137 3277 5178; x_wconf 73' lang='lat' dir='ltr'><strong>consonam</strong></span> <span class='ocrx_word' id='word_1_811' title='bbox 3309 5120 3373 5173; x_wconf 77' lang='lat' dir='ltr'><strong>de</strong></span> <span class='ocrx_word' id='word_1_812' title='bbox 3408 5084 3607 5188; x_wconf 59' lang='lat' dir='ltr'><strong>Spiritu</strong></span> 
     </span>
    </p>
   </div>
   <div class='ocr_carea' id='block_1_104' title="bbox 2471 5196 3179 5268">
    <p class='ocr_par' dir='ltr' id='par_1_104' title="bbox 2471 5196 3179 5268">
     <span class='ocr_line' id='line_1_104' title="bbox 2471 5196 3179 5268; baseline -0.006 -17"><span class='ocrx_word' id='word_1_813' title='bbox 2471 5208 2651 5252; x_wconf 82' lang='lat' dir='ltr'><strong>sancto</strong></span> <span class='ocrx_word' id='word_1_814' title='bbox 2681 5198 2816 5268; x_wconf 77' lang='lat' dir='ltr'><strong>gerit</strong></span> <span class='ocrx_word' id='word_1_815' title='bbox 2844 5196 3179 5250; x_wconf 75' lang='lat' dir='ltr'><strong>sententiam.</strong></span> 
     </span>
    </p>
   </div>
   <div class='ocr_carea' id='block_1_105' title="bbox 2096 5301 3609 5379">
    <p class='ocr_par' dir='ltr' id='par_1_105' title="bbox 2096 5301 3609 5379">
     <span class='ocr_line' id='line_1_105' title="bbox 2096 5301 3609 5379; baseline -0.005 -20"><span class='ocrx_word' id='word_1_816' title='bbox 2096 5327 2114 5359; x_wconf 77' lang='grc' dir='ltr'><strong>ε</strong></span> <span class='ocrx_word' id='word_1_817' title='bbox 2153 5309 2389 5371; x_wconf 76' lang='lat' dir='ltr'><strong>Anania,</strong></span> <span class='ocrx_word' id='word_1_818' title='bbox 2427 5309 2600 5379; x_wconf 83' lang='lat' dir='ltr'><strong>inquit</strong></span> <span class='ocrx_word' id='word_1_819' title='bbox 2627 5309 2809 5375; x_wconf 91' lang='lat' dir='ltr'><strong>enim,</strong></span> <span class='ocrx_word' id='word_1_820' title='bbox 2856 5320 2957 5362; x_wconf 89' lang='lat' dir='ltr'><strong>cur</strong></span> <span class='ocrx_word' id='word_1_821' title='bbox 2982 5305 3196 5360; x_wconf 77' lang='lat' dir='ltr'><strong>seduxit</strong></span> <span class='ocrx_word' id='word_1_822' title='bbox 3232 5301 3466 5358; x_wconf 83' lang='lat' dir='ltr'><strong>Satanas</strong></span> <span class='ocrx_word' id='word_1_823' title='bbox 3515 5310 3609 5353; x_wconf 81' lang='lat' dir='ltr'><strong>cor</strong></span> 
     </span>
    </p>
   </div>
   <div class='ocr_carea' id='block_1_106' title="bbox 410 5462 1886 5530">
    <p class='ocr_par' dir='ltr' id='par_1_106' title="bbox 410 5462 1886 5530">
     <span class='ocr_line' id='line_1_106' title="bbox 410 5462 1886 5530; baseline -0.001 -13"><span class='ocrx_word' id='word_1_824' title='bbox 410 5462 494 5517; x_wconf 69' lang='grc'><strong>⁸⁸1</strong></span> <span class='ocrx_word' id='word_1_825' title='bbox 525 5463 921 5528; x_wconf 71' lang='lat' dir='ltr'><strong>Corn,l‘2-16.</strong></span> <span class='ocrx_word' id='word_1_826' title='bbox 998 5465 1039 5495; x_wconf 76' lang='grc'><strong>⁵⁷</strong></span> <span class='ocrx_word' id='word_1_827' title='bbox 1063 5464 1075 5516; x_wconf 84' lang='grc' dir='ltr'><strong>Ι</strong></span> <span class='ocrx_word' id='word_1_828' title='bbox 1102 5464 1209 5518; x_wconf 81' lang='lat' dir='ltr'><strong>Cor</strong></span> <span class='ocrx_word' id='word_1_829' title='bbox 1237 5480 1311 5530; x_wconf 79' lang='grc' dir='ltr'><strong>γι,</strong></span> <span class='ocrx_word' id='word_1_830' title='bbox 1351 5465 1429 5518; x_wconf 85' lang='lat' dir='ltr'><strong>ll.</strong></span> <span class='ocrx_word' id='word_1_831' title='bbox 1507 5464 1553 5495; x_wconf 82' lang='grc'>⁸⁸</span> <span class='ocrx_word' id='word_1_832' title='bbox 1590 5464 1717 5517; x_wconf 84' lang='lat' dir='ltr'><strong>ibid.</strong></span> <span class='ocrx_word' id='word_1_833' title='bbox 1761 5466 1843 5528; x_wconf 76' lang='lat'><strong>19,</strong></span> <span class='ocrx_word' id='word_1_834' title='bbox 1876 5466 1886 5515; x_wconf 74' lang='grc' dir='ltr'>ε</span> 
     </span>
    </p>
   </div>
   <div class='ocr_carea' id='block_1_107' title="bbox 1994 5462 2642 5530">
    <p class='ocr_par' dir='ltr' id='par_1_107' title="bbox 2052 5462 2642 5530">
     <span class='ocr_line' id='line_1_107' title="bbox 2052 5462 2642 5530; baseline 0.007 -13"><span class='ocrx_word' id='word_1_835' title='bbox 2052 5464 2095 5495; x_wconf 79' lang='lat'>“</span> <span class='ocrx_word' id='word_1_836' title='bbox 2136 5463 2150 5516; x_wconf 97' lang='grc' dir='ltr'><strong>Ι</strong></span> <span class='ocrx_word' id='word_1_837' title='bbox 2180 5465 2528 5530; x_wconf 67' lang='lat' dir='ltr'><strong>Cor.ttt,16,</strong></span> <span class='ocrx_word' id='word_1_838' title='bbox 2559 5462 2642 5521; x_wconf 83' lang='lat' dir='ltr'><strong>l7.</strong></span> 
     </span>
    </p>
   </div>
   <div class='ocr_carea' id='block_1_108' title="bbox 342 5721 410 5782">
    <p class='ocr_par' dir='ltr' id='par_1_108' title="bbox 342 5721 410 5782">
     <span class='ocr_line' id='line_1_108' title="bbox 342 5721 410 5782; baseline 0 0"><span class='ocrx_word' id='word_1_839' title='bbox 342 5721 410 5782; x_wconf 72' lang='grc' dir='ltr'>νή</span> 
     </span>
    </p>
   </div>
   <div class='ocr_carea' id='block_1_109' title="bbox 417 5642 1918 5713">
    <p class='ocr_par' dir='ltr' id='par_1_109' title="bbox 417 5642 1918 5713">
     <span class='ocr_line' id='line_1_109' title="bbox 417 5642 1918 5713; baseline -0.004 -14"><span class='ocrx_word' id='word_1_840' title='bbox 417 5643 494 5712; x_wconf 77' lang='grc' dir='ltr'><strong>(Ι)</strong></span> <span class='ocrx_word' id='word_1_841' title='bbox 533 5643 665 5700; x_wconf 84' lang='lat' dir='ltr'><strong>Cod.</strong></span> <span class='ocrx_word' id='word_1_842' title='bbox 693 5646 949 5701; x_wconf 79' lang='lat' dir='ltr'><strong>mendose</strong></span> <span class='ocrx_word' id='word_1_843' title='bbox 978 5646 1003 5695; x_wconf 85' lang='lat'><strong>6</strong></span> <span class='ocrx_word' id='word_1_844' title='bbox 1044 5644 1359 5713; x_wconf 76' lang='grc' dir='ltr'>μονογενής.</span> <span class='ocrx_word' id='word_1_845' title='bbox 1389 5642 1467 5695; x_wconf 70' lang='lat' dir='ltr'><strong>\‘el</strong></span> <span class='ocrx_word' id='word_1_846' title='bbox 1499 5652 1642 5695; x_wconf 80' lang='lat' dir='ltr'><strong>certe</strong></span> <span class='ocrx_word' id='word_1_847' title='bbox 1664 5644 1918 5710; x_wconf 80' lang='grc' dir='ltr'>ὀμονογε-</span> 
     </span>
    </p>
   </div>
   <div class='ocr_carea' id='block_1_110' title="bbox 416 5753 1917 5856">
    <p class='ocr_par' dir='ltr' id='par_1_110' title="bbox 416 5753 1917 5856">
     <span class='ocr_line' id='line_1_110' title="bbox 416 5753 1917 5856; baseline -0.001 -19"><span class='ocrx_word' id='word_1_848' title='bbox 416 5753 495 5856; x_wconf 49' lang='grc'><strong>’(2)</strong></span> <span class='ocrx_word' id='word_1_849' title='bbox 542 5784 637 5844; x_wconf 80' lang='lat' dir='ltr'><strong>llic</strong></span> <span class='ocrx_word' id='word_1_850' title='bbox 674 5788 724 5842; x_wconf 89' lang='lat' dir='ltr'><strong>in</strong></span> <span class='ocrx_word' id='word_1_851' title='bbox 754 5785 873 5841; x_wconf 83' lang='lat' dir='ltr'><strong>cod.</strong></span> <span class='ocrx_word' id='word_1_852' title='bbox 910 5785 1101 5840; x_wconf 89' lang='lat' dir='ltr'><strong>itcrum</strong></span> <span class='ocrx_word' id='word_1_853' title='bbox 1131 5784 1383 5839; x_wconf 74' lang='lat' dir='ltr'><strong>inseritur</strong></span> <span class='ocrx_word' id='word_1_854' title='bbox 1417 5781 1511 5836; x_wconf 78' lang='grc' dir='ltr'>καὶ</span> <span class='ocrx_word' id='word_1_855' title='bbox 1542 5782 1598 5833; x_wconf 76' lang='grc' dir='ltr'>τὸ</span> <span class='ocrx_word' id='word_1_856' title='bbox 1626 5783 1783 5856; x_wconf 68' lang='grc' dir='ltr'>μόνον</span> <span class='ocrx_word' id='word_1_857' title='bbox 1810 5784 1917 5836; x_wconf 87' lang='grc' dir='ltr'>Πα-</span> 
     </span>
    </p>
   </div>
   <div class='ocr_carea' id='block_1_111' title="bbox 2014 5642 3608 5717">
    <p class='ocr_par' dir='ltr' id='par_1_111' title="bbox 2014 5642 3608 5717">
     <span class='ocr_line' id='line_1_111' title="bbox 2014 5642 3608 5717; baseline -0.004 -18"><span class='ocrx_word' id='word_1_858' title='bbox 2014 5646 2145 5717; x_wconf 68' lang='grc' dir='ltr'>τίρα</span> <span class='ocrx_word' id='word_1_859' title='bbox 2176 5644 2483 5715; x_wconf 71' lang='grc' dir='ltr'>γινώσκων,</span> <span class='ocrx_word' id='word_1_860' title='bbox 2524 5648 2666 5717; x_wconf 89' lang='lat' dir='ltr'><strong>quod</strong></span> <span class='ocrx_word' id='word_1_861' title='bbox 2704 5644 3017 5703; x_wconf 74' lang='lat' dir='ltr'><strong>mendosum</strong></span> <span class='ocrx_word' id='word_1_862' title='bbox 3052 5642 3223 5698; x_wconf 79' lang='lat' dir='ltr'><strong>risum</strong></span> <span class='ocrx_word' id='word_1_863' title='bbox 3273 5647 3357 5695; x_wconf 87' lang='lat' dir='ltr'><strong>cst</strong></span> <span class='ocrx_word' id='word_1_864' title='bbox 3418 5646 3474 5695; x_wconf 80' lang='lat' dir='ltr'><strong>st</strong></span> <span class='ocrx_word' id='word_1_865' title='bbox 3506 5652 3608 5693; x_wconf 77' lang='lat' dir='ltr'><strong>cs-</strong></span> 
     </span>
    </p>
   </div>
   <div class='ocr_carea' id='block_1_112' title="bbox 2018 5716 2361 5773">
    <p class='ocr_par' dir='ltr' id='par_1_112' title="bbox 2018 5716 2361 5773">
     <span class='ocr_line' id='line_1_112' title="bbox 2018 5716 2361 5773; baseline 0 -4"><span class='ocrx_word' id='word_1_866' title='bbox 2018 5716 2361 5773; x_wconf 84' lang='lat' dir='ltr'><strong>cludeudum.</strong></span> 
     </span>
    </p>
   </div>
  </div>
