3988 6492
489 425 628 484 “83

1476 426 1539 484 Β.
1580 425 1853 482 οιίιιιιι
1890 422 2358 481 ΑιΕΧΑΝΠΙὶΙΝΙ
2400 422 2719 480 ABCHIEP.

3599 423 3732 479 HN

488 556 635 599 tuum
668 554 724 601 ut
750 544 952 613 Spiritu
978 556 1167 603 sancto
1191 547 1517 615 mentireris,
1546 557 1600 603 et
1637 552 1703 603 de
1728 550 1839 621 agri
1870 548 2015 617 pretii

2139 545 2239 615 τὴν
2271 544 2498 615 καρδίαν
2547 562 2641 599 σου
2683 543 2994 615 ψεύσασθαι
3031 546 3093 601 τὸ
3140 547 3296 616 ἅγιον
3335 542 3590 615 Πνεῦμα,
3642 545 3731 597 καὶ

486 636 761 691 fraudares
782 638 827 668 '°
853 638 876 690 τ
922 656 941 690 s
975 636 1038 691 Et
1064 654 1184 694 mox
1219 659 1232 694 :
1262 639 1536 710 Ἱππια
1563 640 1677 695 Non
1703 656 1761 695 es
1794 641 2048 696 utentilus

2150 635 2506 703 νοσφίσασθαι
2552 652 2612 688 σε
2658 635 2764 688 ἀπὸ
2809 636 2909 706 τῆς
2954 636 3121 707 τιμῆς
3155 635 3250 689 τοῦ
3280 634 3520 705 χωρίους
3561 653 3583 685 s
3624 634 3734 687 Καὶ

484 726 813 792 hominibus,
843 728 935 782 sed
969 727 1081 783 Deo
1116 731 1183 782 ".
1226 750 1243 783 ι
1289 732 1422 783 Nam
1459 731 1583 800 quia
1635 731 1723 786 ille
1767 742 2015 802 putavera

2152 725 2270 795 μετ’
2299 725 2455 793 όλίγα
2473 742 2488 755 ο
2508 725 2650 778 «Οὐκ
2673 723 2886 793 ὶψεύσω
2914 724 3393 797 άνθρώποις,άλλὰ
3421 723 3505 793 τῷ
3524 723 3669 792 Θεῷ.
3709 741 3728 771 ι

483 815 647 868 latere
696 817 1002 884 apostolos,
1048 828 1227 888 utpote
1270 819 1542 884 homines,
1582 820 1710 875 dum
1759 821 1825 875 de
1860 820 2045 889 praedii

482 902 652 969 pretio
676 918 835 971 quam
860 904 1015 960 libuit
1053 916 1257 977 partem
1291 908 1650 974 subtraheret,
1677 908 2041 979 apostolorum

482 993 725 1063 princeps
757 1010 879 1050 eum
905 998 1094 1063 docet,
1128 1013 1221 1054 eos
1267 998 1360 1069 qui
1401 998 1635 1067 Spiritus
1663 1001 1831 1070 gratia
1876 1000 2043 1069 polle-

479 1092 620 1150 rent,
644 1096 831 1141 cnncta
857 1099 1038 1154 aperte
1062 1102 1383 1157 cognoscere
1399 1104 1516 1159 quae
1540 1089 1677 1145 ciam
1708 1100 1825 1145 acta
1842 1098 2038 1146 essent.

480 1173 593 1228 Non
616 1175 767 1231 nobis
799 1177 1049 1232 mentitus
1086 1192 1166 1243 es,
1202 1179 1409 1250 inquit,
1445 1180 1537 1236 sed
1572 1178 1795 1250 Spiritui
1830 1190 2035 1236 sancto.

478 1264 556 1319 Ne
606 1267 771 1336 igitur
807 1267 1051 1324 homines
1097 1278 1149 1323 te
1188 1268 1445 1327 fefellisse
1496 1282 1651 1343 putes
1686 1290 1700 1326 :
1743 1272 1851 1328 Deo
1896 1272 2039 1328 enim

478 1364 531 1407 tu
566 1370 679 1409 rem
718 1356 905 1412 falsam
952 1360 1133 1416 dixisti
1176 1378 1193 1429 ;
1237 1377 1469 1433 namque
1514 1363 1819 1419 hominibus
1852 1380 1955 1419 non
1981 1379 2040 1420 es

476 1445 763 1509 mentitus,
808 1448 901 1501 sed
946 1447 1074 1504 Deo.
1125 1449 1276 1506 Haud
1308 1453 1503 1521 quippe
1536 1453 1689 1507 nobis
1716 1463 1769 1507 tu
1803 1453 2037 1518 illusisti,

472 1533 568 1587 sed
600 1533 822 1601 Spiritui
848 1548 1057 1605 sancto,
1088 1542 1177 1609 qui
1217 1543 1356 1595 Deus
1393 1552 1497 1606 est,
1527 1558 1594 1597 ex
1636 1541 1743 1599 Deo
1768 1543 2037 1597 exsisten-

475 1625 602 1678 tiam
638 1626 874 1694 habens,
902 1638 956 1683 et
988 1630 1224 1697 ejusdem
1252 1640 1455 1688 natura:
1497 1635 1693 1690 socius.
1733 1634 1847 1691 Hoc
1874 1636 2035 1689 etiam

474 1714 646 1771 Lucas
677 1718 728 1771 in
762 1719 985 1775 Actibus
1018 1725 1286 1788 ostendit,
1314 1724 1437 1778 dum
1467 1737 1647 1779 narrat
1677 1726 1851 1795 quod,
1878 1735 2034 1782 antea

2160 816 2375 887 Ἐπειδὴ
2397 815 2505 887 γὰρ
2530 818 2735 870 ἐκεῖνον
2778 813 2931 885 ᾠήθη
2962 814 3248 870 λανθάνειν
3273 815 3350 878 ὡς
3397 812 3735 884 ἀνθρώπους

2144 907 2273 969 τοὺς
2350 907 2682 970 ἀποστόλους
2734 905 3065 976 ὑφελόμενος
3108 908 3208 978 τῆς
3272 905 3368 963 τοῦ
3439 906 3735 976 κτήματος

2144 997 2331 1066 τιμῆς,
2368 995 2398 1049 δ
2442 995 2730 1066 ἠθέλησεν,
2758 996 2788 1048 ό
2828 995 3122 1065 κορυφαῖος
3158 995 3318 1049 αὐτὸν
3344 993 3593 1049 διδάσκει
3623 993 3740 1044 τῶν

2144 1086 2480 1151 ἀποστόλων,
2504 1088 2586 1140 ὅτι
2620 1085 2714 1140 τοῦ
2749 1084 3065 1157 Πνεύματος
3094 1086 3192 1157 τὴν
3216 1087 3377 1156 χάριν
3403 1088 3454 1139 οἱ
3482 1086 3730 1154 ἔχοντες,

2144 1176 2322 1230 πάντα
2348 1176 2533 1247 σαφῶς
2570 1177 2885 1231 ἐπίστανται
2909 1176 2980 1230 τά
3019 1176 3258 1249 κρύϐδην
3284 1178 3572 1246 γινόμενα.
3615 1176 3733 1245 Οῦχ

2143 1265 2293 1335 ἡμᾶς
2318 1266 2446 1337 γὰρ,
2481 1265 2668 1336 φησὶν,
2692 1265 2924 1335 ιψεύσω,
2949 1266 3087 1320 ἀλλὰ
3108 1267 3169 1320 τὸ
3196 1265 3421 1336 Πνεῦμα
3447 1266 3511 1319 τὸ
3530 1266 3693 1334 ἅγιον
3711 1280 3729 1293 °

2144 1357 2220 1427 μὴ
2249 1356 2428 1411 τοίνυν
2469 1357 2789 1430 ἀνθρώπους
2817 1358 3162 1429 ὴπατηκὲναι
3193 1359 3407 1430 νόμιζε·
3440 1359 3580 1421 Θεὸς
3618 1358 3733 1427 γάρ

2138 1446 2336 1501 ἑστινό
2374 1447 2719 1516 διαψευσθεὶς
2751 1449 2903 1521 παρὰ
2933 1448 3027 1502 σοῦ
3048 1464 3061 1477 ·
3099 1450 3199 1502 οὐκ
3228 1448 3444 1519 ἐψεύσω
3474 1449 3591 1519 γάρ
3628 1450 3728 1500 ἀντ

2139 1534 2399 1606 θρώποις,
2430 1537 2566 1591 ἀλλὰ
2592 1537 2670 1609 τῷ
2693 1538 2845 1610 Θεῷ·
2886 1540 2987 1611 οὐχ
3032 1542 3194 1611 ἡμεῖς
3220 1540 3349 1610 γὰρ,
3388 1540 3582 1610 φησὶν,
3620 1539 3726 1593 ὑπὸ

2137 1627 2234 1681 σοῦ
2285 1628 2811 1699 παρεκρούσθημεν,
2871 1630 3009 1685 ἀλλὰ
3049 1634 3111 1686 τὺ
3158 1632 3383 1701 Πνεῦμα
3422 1634 3485 1685 τὸ
3539 1634 3720 1700 ἅγιον,

2134 1717 2273 1788 ὅπερ
2301 1719 2419 1771 εστὶ
2447 1720 2599 1785 Θεὸς,
2622 1723 2687 1774 εκ
2705 1721 2841 1775 Θεοῦ
2883 1722 2981 1793 τὴν
3007 1722 3241 1794 ὓπαρξιν
3276 1723 3418 1793 ἔχον,
3454 1725 3722 1793 κάκείνης

472 1808 903 1865 ministrantibus
961 1811 1188 1868 Domino
1251 1823 1305 1869 et
1352 1815 1715 1883 jejunantibns
1774 1818 2015 1875 fratribut

2140 1807 2382 1880 ὑπάρχον
2403 1810 2505 1880 τῆς
2552 1811 2788 1881 φύσεως.
2838 1810 3012 1867 Τοῦτο
3042 1814 3136 1868 καὶ
3177 1816 3206 1867 ό
3250 1816 3465 1877 Λουκᾶς
3511 1818 3572 1868 ὲν
3602 1820 3721 1881 ταῖς

468 1898 790 1963 Antiochiae,
821 1899 957 1955 dixit
995 1899 1227 1971 Spiritus
1257 1914 1475 1962 sanctus
1506 1923 1521 1961 :

537 2182 723 2239 XXVI.
778 2186 1134 2256 Haltifariam
1187 2198 1580 2245 demonstratur
1629 2190 1789 2247 Damt
1839 2209 1954 2250 esse

950 2256 1207 2325 Spiritum
1238 2269 1499 2314 sanctum.

539 2380 560 2414 ι
592 2362 884 2433 Segregate
916 2364 1043 2420 mihi
1090 2365 1312 2423 Paulum
1351 2378 1406 2424 et
1444 2369 1748 2429 Barnabam
1791 2374 1845 2430 in
1888 2390 2025 2446 opus

462 2454 529 2509 ad
550 2456 691 2523 quod
709 2469 801 2510 eos
830 2455 1083 2512 advocavi
1112 2459 1211 2515 τ’.»
1244 2459 1426 2530 Pergit
1448 2473 1625 2518 autem
1654 2466 1837 2523 dicere
1877 2468 2023 2538 ipsos

461 2561 491 2597 a
521 2553 709 2600 saneto
751 2544 955 2615 Spiritu
1002 2548 1194 2606 missos
1228 2551 1426 2608 abiisse
1471 2554 1795 2612 Seleuciam.
1848 2559 2025 2628 Atque

462 2634 552 2689 ubi
593 2638 834 2693 narravit
866 2640 1135 2708 quomodo
1186 2652 1536 2713 peragrantes
1582 2645 1817 2717 Cyprum
1852 2689 1869 2715 ,
1916 2647 2023 2720 Ly-

458 2724 619 2789 ciam,
648 2725 993 2798 Lycaoniam,
1029 2728 1400 2803 Pamphyliam
1450 2744 1614 2805 atque
1653 2737 1960 2809 Bithyniam
1999 2779 2017 2806 ,

457 2818 787 2886 evangelium
810 2822 1241 2889 praedicaverint,
1267 2826 1583 2898 subjungit:
1624 2848 1643 2881 ι
1681 2829 1747 2885 Ει
1773 2830 1899 2887 inde
1922 2847 2021 2888 na-

457 2907 704 2975 vigantes
747 2910 1086 2968 Antiochiam
1146 2914 1420 2970 Barnabas
1480 2932 1543 2973 ac
1592 2918 1825 2987 Saulus,
1874 2922 2018 2979 unde

460 2993 673 3049 fuerant
708 2998 886 3052 traditi
913 3002 1101 3067 gratia:
1134 3003 1223 3056 Dei
1258 3004 1311 3057 in
1342 3020 1477 3073 opus
1520 3009 1660 3076 quod
1704 3010 2014 3080 compleve-

456 3096 611 3153 rant;
666 3102 785 3143 cum
850 3091 976 3147 illuc
1036 3095 1351 3160 venissent,
1418 3106 1472 3152 et
1531 3098 1823 3155 Ecclesiam
1888 3117 2015 3157 con-

2064 1869 2114 1933 B
2139 1869 2378 1970 Πράξεσι
2412 1869 2577 1971 δήλοέ
2598 1869 2778 1956 ποιεί
2821 1903 2991 1958 εἰπὼν
3030 1909 3138 1977 γὰρ
3176 1869 3461 1975 ἀνώτερον-
3487 1907 3573 1959 ὃτι
3606 1869 3720 1961 λειἰ

2135 1988 2505 2060 τουργούντων
2530 1990 2608 2061 τῷ
2637 1992 2848 2064 Κυρίῳ,
2886 1994 2982 2047 καὶ
3010 1994 3383 2064 νηστευόντων
3410 1995 3523 2049 τῶν
3563 1996 3718 2050 ἀδελ-

2134 2078 2249 2149 φῶν
2274 2082 2332 2135 ὲν
2363 2081 2679 2155 Ἀντιοχείᾳ,
2706 2079 2826 2137 εἷπε
2846 2084 2908 2138 τὸ
2938 2083 3163 2157 Πνεῦμα
3187 2086 3249 2139 τὸ
3270 2086 3424 2153 ἆγιον
3444 2101 3461 2117 ·

2200 2192 2349 2259 κεῖν.
2404 2192 2505 2247 Ἕκ
2557 2195 2855 2249 πλειόνων
2901 2196 3210 2262 ἀπόδειξις
3245 2197 3394 2252 Θεὸν
3443 2194 3601 2253 εἶναι
3635 2201 3702 2255 εὐ

2685 2262 2859 2332 ἄτιον
2888 2265 3151 2335 Πνεῦμα.

2202 2393 2222 2427 ι
2257 2373 2578 2449 ’Δφορίσατέ
2604 2394 2695 2449 μοι
2721 2378 2812 2433 τὸν
2840 2378 3050 2434 Παῦλον
3078 2380 3143 2453 δὴ
3171 2380 3265 2435 καὶ
3289 2380 3382 2434 τὸν
3418 2380 3709 2453 Βαρνάϐαν

2122 2467 2203 2531 εις
2229 2468 2291 2521 τὸ
2318 2468 2478 2539 ἔργον
2503 2469 2532 2522 δ
2572 2470 2988 2542 προσκέκλημαι
3019 2472 3241 2537 αὐτούς.
3290 2493 3307 2525 ι
3358 2474 3467 2526 Καὶ
3499 2476 3709 2542 ἐπαγα-

2122 2558 2234 2628 γὼν
2273 2561 2356 2616 ὅτι
2412 2562 2825 2634 ἐκπεμφθέντες
2874 2564 2979 2618 ὑπὸ
3028 2565 3123 2619 τοῦ
3177 2566 3334 2634 ἁγίου
3389 2567 3708 2637 Πνεῦματος

2122 2651 2388 2721 κατῆλθον
2429 2654 2511 2717 είς
2566 2654 2927 2719 Σελεύκειαν,
2964 2655 3060 2709 καὶ
3108 2657 3513 2726 διηγησάμενος
3558 2660 3710 2721 ὅπως

2122 2740 2611 2812 περινοστήσαντες
2637 2742 2737 2814 τὴν
2766 2742 2992 2813 Κύπρον
3038 2744 3133 2795 καὶ
3180 2742 3277 2814 τὴν
3321 2745 3555 2809 Λυκίαν,
3611 2747 3707 2799 καὶ

2119 2830 2444 2896 Λυκαονίαν,
2487 2832 2580 2886 καὶ
2618 2832 2962 2903 Παμφυλίαν,
2994 2836 3088 2888 καὶ
3111 2834 3396 2900 Βυθυνίαν,
3424 2837 3706 2907 ἐκήρυξαν

2117 2921 2179 2975 τὸ
2240 2922 2613 2991 Εὑαγγέλιον,
2685 2926 2939 2996 ἐπιφέρει
2975 2942 2989 2958 ³
3058 2925 3376 2981 «Κάκεῖθεν
3425 2928 3703 2981 ἀποπλεύ-

2123 3029 2317 3076 σαντες
2354 3014 2435 3078 είς
2482 3014 2808 3086 Ἀντιόχειαν
2853 3016 2905 3069 οί
2938 3016 3068 3087 περὶ
3104 3017 3390 3090 Βαρνάϐαν
3423 3021 3518 3073 καὶ
3558 3019 3699 3075 Παῦ-

2115 3104 2234 3171 λον,
2276 3106 2398 3160 δθεν
2441 3101 2582 3177 ἦσαν
2620 3107 3047 3179 παραδεδομένοι
3095 3113 3160 3181 τῇ
3198 3111 3381 3180 χάριτι
3424 3111 3519 3165 τοῦ
3564 3112 3700 3166 Θεοῦ

456 3187 788 3247 gregassent,
845 3182 1148 3239 retulerunt
1202 3196 1402 3255 quanta
1466 3188 1681 3245 fecisset
1729 3206 1849 3247 cum
1909 3192 2015 3249 illis

2121 3197 2195 3259 είς
2222 3196 2285 3249 τὸ
2313 3194 2472 3266 ἔργον
2512 3196 2542 3248 δ
2577 3196 2900 3268 ἐπλήρωσαν
2922 3212 2941 3230 ο
2993 3200 3427 3268 παραγενόμενοι
3466 3200 3523 3252 δὲ
3546 3244 3561 3266 ,
3606 3203 3703 3254 καὶ

452 3264 595 3321 Deus
616 3268 684 3323 ".
713 3288 732 3321 ι
772 3269 836 3325 Ει
868 3273 1082 3341 quidem
1125 3290 1246 3330 cum
1287 3278 1534 3345 superius
1562 3279 1797 3349 Spiritus
1824 3285 2013 3338 memi-

454 3354 644 3424 nisset,
671 3372 766 3413 ceu
801 3361 890 3429 qui
921 3360 1145 3416 Paulum
1173 3374 1228 3419 et
1260 3364 1559 3423 Barnabam
1586 3370 1651 3424 ad
1682 3371 2013 3428 destinatum

454 3458 485 3496 a
519 3460 577 3499 se
606 3461 740 3516 opus
772 3450 1039 3520 elegisset,
1076 3454 1339 3523 Spiritum
1384 3473 1574 3514 rursus
1620 3470 1741 3528 post
1780 3464 2012 3517 reditum

455 3535 718 3603 nominat,
752 3539 937 3608 bisque
969 3542 1044 3595 illi
1096 3542 1189 3598 Dei
1240 3560 1437 3601 nomen
1490 3549 1781 3615 attribuit;
1837 3553 2012 3621 primo

454 3624 660 3691 dicens,
696 3628 835 3696 quod
870 3630 1209 3688 Antiochiam
1261 3637 1632 3705 navigaverint
1675 3641 1813 3695 unde
1857 3649 2013 3696 erant

455 3718 634 3771 traditi
664 3720 849 3788 gratia:
877 3722 967 3776 Dei
1003 3735 1217 3793 propter
1248 3741 1383 3794 opus
1426 3729 1567 3797 quod
1620 3745 1808 3799 reapse
1861 3746 2010 3786 com-

454 3805 766 3874 pleverant;
820 3810 1016 3865 iterum
1072 3814 1198 3868 dum
1232 3817 1331 3883 ait,
1359 3820 1498 3887 quod
1541 3832 1876 3891 congregatae
1906 3822 2009 3877 Ec-

453 3897 629 3952 clesiae
654 3913 715 3952 ea
744 3905 1106 3970 narraverint,
1139 3922 1256 3974 qua:
1284 3924 1405 3962 cum
1444 3910 1574 3978 ipsis
1605 3912 1742 3965 Deus
1772 3913 2005 3967 fecisset.

451 3988 696 4047 Profecto
719 4008 746 4045 a
789 3993 989 4063 Spiritu
1017 4010 1205 4053 sancto
1229 4010 1346 4054 erat
1377 4002 1757 4057 miraculorum
1787 4004 2005 4070 donum,

452 4080 566 4147 ipse
590 4083 910 4150 sapientiam
962 4089 1413 4161 prudentiamque
1457 4095 1863 4162 suppeditabat,
1896 4097 2009 4165 ipse

450 4171 862 4238 praedicantibus
892 4176 1103 4246 705m
1131 4180 1234 4234 vim
1288 4183 1587 4250 ingerebat,
1628 4184 1740 4249 ipse
1792 4186 1877 4240 his
1922 4188 2005 4241 in-

450 4260 692 4327 spirabat
717 4266 1011 4335 magisterii
1041 4285 1371 4327 sermonem.
1407 4273 1559 4329 Unde
1582 4284 1634 4329 et
1661 4276 1859 4332 Paulus
1894 4279 2007 4333 aie-

447 4351 541 4405 bat
581 4372 593 4405 :
636 4372 654 4404 ι
692 4354 790 4408 Alii
828 4358 1042 4426 quidem
1072 4375 1167 4431 per
1205 4363 1467 4431 Spiritum
1505 4367 1667 4421 datur
1703 4383 1887 4424 sermo
1910 4384 2001 4425 sa-

446 4444 655 4510 pientiae
674 4463 687 4509 ;
705 4447 792 4499 alii
809 4457 986 4503 autem
1001 4466 1178 4509 sermo
1190 4456 1429 4511 scientiae
1445 4462 1737 4515 secundum
1754 4463 2000 4517 eumdem

2114 3286 2213 3356 τὴν
2281 3286 2609 3357 Ἐκκλησίαν
2686 3288 3085 3356 συναγαγόντες
3110 3328 3127 3354 ,
3197 3290 3530 3360 ἀνήγγειλάν
3598 3292 3701 3345 ὅσα

2120 3377 2377 3447 ἐποίησεν
2408 3378 2526 3447 μετ’
2556 3377 2734 3431 αὐτῶν
2762 3379 2791 3429 ὁ
2812 3379 2969 3443 Θεός.
2988 3399 3009 3431 s
3055 3382 3453 3451 Μνημονεύσας
3491 3382 3700 3436 ἄνωθεν

2112 3464 2205 3517 τοῦ
2236 3464 2573 3535 Πνεύματος,
2617 3465 2692 3529 ὡς
2722 3467 3081 3537 ἀφορίσαντος
3106 3468 3196 3521 τὸν
3238 3469 3449 3523 Παῦλον
3489 3472 3583 3524 καὶ
3610 3472 3699 3523 τὸν

2112 3553 2398 3624 Βαρνάϐαν
2440 3556 2520 3617 είς
2574 3554 2603 3607 ὃ
2640 3555 3044 3627 προσεκέκλητο
3087 3557 3282 3622 αὐτοὺς
3320 3559 3501 3630 ἔργον,
3542 3561 3698 3613 τοῦτο

2114 3646 2251 3715 μετὰ
2281 3646 2379 3716 τὴν
2418 3646 2601 3700 ἄνοδον
2634 3647 2925 3700 ἀποκαλεῖ·
2977 3649 3072 3702 καὶ
3116 3649 3197 3713 δὶς
3237 3650 3419 3721 τίθησι
3467 3652 3569 3722 τὴν
3599 3653 3695 3707 τοῦ

2110 3737 2245 3791 Θεοῦ
2276 3739 2674 3811 προσηγορίαν·
2705 3741 2920 3811 πρῶτον
2951 3741 3050 3811 μὲν
3071 3728 3244 3811 λέγων
3267 3744 3349 3797 ὅτι
3374 3746 3457 3807 είς
3490 3746 3696 3799 Ἀντιό-

2107 3844 2259 3897 χειαν
2322 3827 2691 3895 ἀπέπλευσαν,
2764 3829 2886 3883 ὅθεν
2940 3824 3082 3899 ἦσαν
3138 3830 3565 3901 παραδεδομένοι
3615 3836 3683 3905 τῇ

2107 3920 2289 3990 χάριτι
2320 3922 2413 3975 τοῦ
2439 3922 2572 3975 Θεοῦ
2604 3925 2683 3985 είς
2705 3922 2766 3976 es
2795 3922 2953 3996 ἔργον
2982 3921 3009 3975 δ
3037 3922 3360 3993 ἐπλήρωσαν
3381 3940 3394 3951 ·
3429 3924 3685 3998 δεύτερον

2106 4012 2161 4065 δὲ
2187 4013 2286 4075 ὅτι,
2304 4015 2699 4081 συναγαγόντες
2728 4014 2826 4085 τὴν
2861 4014 3207 4085 Ἐκκλησίαν,
3230 4014 3561 4086 ἀνήγγειλάν
3591 4020 3688 4073 ὅσα

2106 4101 2359 4171 ἐποίησεν
2389 4104 2505 4172 μετ’
2533 4103 2711 4157 αὐτῶν
2746 4105 2774 4155 ὁ
2796 4104 2946 4167 Θεός.
2970 4106 3080 4157 Καὶ
3110 4105 3216 4175 μὴν
3248 4105 3308 4158 τὸ
3351 4107 3577 4178 Πνεῦμα
3614 4110 3674 4161 τὺ

2104 4189 2257 4257 ἅγιον
2285 4185 2351 4260 ἦν
2379 4190 2437 4243 τὸ
2468 4190 2933 4263 θαυματουργοῦν,
2967 4190 3027 4243 τὸ
3064 4192 3301 4259 σοφίζον,
3353 4192 3414 4244 τὸ
3461 4193 3678 4246 σύνεσιν

2104 4282 2395 4351 χορηγοῦν,
2472 4284 2531 4335 τὸ
2600 4284 2727 4345 τοὺς
2798 4281 3169 4353 κηρύττοντας
3220 4284 3574 4354 ἐνδυναμοῦν,
3629 4285 3687 4338 τὸ

2113 4372 2348 4440 ὲμπνέον
2390 4371 2573 4435 αὐτοῖς
2613 4372 2703 4424 τὸν
2735 4372 2835 4441 τῆς
2871 4372 3219 4436 διδασκαλίας
3246 4374 3403 4441 λόγον
3424 4392 3437 4405 υ
3484 4376 3566 4429 διὸ
3597 4378 3686 4430 καὶ

2102 4461 2313 4525 Παῦλος
2345 4461 2527 4531 ἔλεγεν
2552 4479 2566 4492 ο
2599 4480 2617 4513 ι
2651 4456 2724 4533 Ὦ
2764 4463 2862 4533 μὲν
2888 4462 2995 4533 γὰρ
3034 4463 3233 4518 δίδοται
3266 4465 3355 4518 διὰ
3387 4467 3482 4520 τοῦ
3517 4468 3686 4521 liveli-

446 4533 701 4602 Spiritum
729 4554 742 4602 ;
772 4539 924 4593 alteri
956 4541 1088 4597 fides
1115 4544 1166 4597 in
1199 4547 1387 4603 eodem
1425 4550 1628 4620 Spiritu
1654 4570 1668 4617 ;
1696 4552 1785 4607 alii
1815 4555 1999 4621 gratia:

2121 4569 2275 4614 ιατος
2303 4551 2460 4620 λόγος
2502 4552 2713 4622 σοφίας,
2758 4553 2902 4624 ἄλλῳ
2946 4552 3003 4606 δὲ
3048 4553 3202 4621 λόγος
3245 4554 3502 4623 γνώσεως
3547 4560 3684 4612 κατὰ

444 4626 731 4681 sanitatum
760 4629 809 4682 in
838 4646 942 4685 uno
977 4632 1205 4703 Spiritu,
1244 4657 1263 4689 ι
1302 4648 1356 4693 et
1402 4642 1607 4712 reliqua
1652 4644 1722 4698 ⁷⁸.
1798 4646 1998 4702 Deinde

442 4714 658 4781 docens,
688 4719 824 4787 quod
860 4736 965 4776 non
1003 4724 1231 4781 ministri
1262 4728 1375 4783 vice
1404 4731 1518 4786 haec
1557 4733 1833 4789 distribuit
1878 4734 1997 4806 Spi-

442 4808 575 4863 ritus
623 4822 881 4880 sanctus;
932 4817 1025 4872 sed
1072 4822 1441 4889 petentialiter
1494 4829 1693 4895 quibus
1743 4830 1853 4885 vult
1884 4831 1993 4886 lar-

440 4900 601 4988 gitur,
632 4903 811 4958 subdit
843 4925 856 4960 :
898 4925 916 4959 ‹
954 4908 1077 4965 Haec
1100 4920 1281 4970 autem
1334 4917 1514 4972 omnia
1546 4930 1803 4988 operatur
1849 4938 1990 4979 unus

440 4992 492 5079 et
523 4984 657 5041 idem
687 4988 921 5057 Spiritus
949 5034 965 5061 ,
1014 4998 1256 5057 dividens
1284 5018 1528 5059 seorsum
1581 4984 1806 5077 singulis
1833 5019 1993 5081 prout

442 5070 550 5129 t’ult
579 5078 677 5132 ⁷⁸.»
705 5080 761 5136 Si
788 5100 915 5156 ergo
944 5088 1059 5145 haec
1086 5091 1320 5160 Spiritus
1346 5106 1566 5153 sanctus
1593 5070 1695 5169 per
1720 5070 1993 5171 apostolos

438 5182 535 5237 pro
564 5185 663 5225 suo
692 5174 842 5231 libito
872 5184 1177 5251 peragebat,
1232 5185 1428 5243 Paulus
1463 5205 1591 5246 vero
1618 5206 1683 5247 ac
1715 5194 1991 5252 Barnabas

437 5271 773 5331 congregatae
804 5264 1055 5325 Ecclesiae
1087 5275 1429 5343 nuntiabant,
1453 5290 1655 5347 quanta
1691 5297 1812 5336 cum
1846 5284 1983 5353 ipsis

440 5346 656 5441 fecisset
687 5354 825 5411 Deus
850 5396 865 5421 ,
909 5360 1092 5430 utique
1131 5364 1271 5422 Deus
1318 5378 1402 5425 est
1450 5346 1685 5441 Spiritus
1724 5346 1945 5431 sanctus
1978 5414 1993 5441 ,

442 5439 588 5507 iuxta
619 5450 982 5515 apostolorum
1013 5452 1296 5525 loquelam.

2100 4642 2160 4694 τὸ
2186 4641 2315 4693 αὐτὸ
2338 4641 2580 4711 Πνεῦμα,
2612 4642 2782 4713 ἑτέρῳ
2811 4641 2869 4694 δὲ
2908 4641 3090 4705 πίστις
3116 4642 3174 4693 ἐν
3211 4642 3289 4713 τῷ
3318 4644 3469 4714 αὑτῷ
3511 4647 3683 4701 Πνεῦ-

2103 4750 2257 4803 ματι,
2309 4732 2452 4804 ἄλλῳ
2496 4733 2553 4787 δὲ
2606 4734 2917 4803 χαρίσματα
2979 4734 3222 4802 ἰαμάτων
3285 4737 3344 4787 ὲν
3402 4736 3481 4807 τῷ
3536 4737 3681 4807 αὐτῷ

2099 4823 2409 4894 Πνεῦματι,
2442 4843 2460 4875 ι
2498 4824 2593 4877 καὶ
2635 4823 2704 4877 τὰ
2749 4824 2895 4895 ἑξῆς.
2941 4819 3071 4878 Είτα
3126 4824 3390 4879 διδάσκων
3448 4827 3526 4889 ὡς
3585 4830 3679 4899 οὐχ

2095 4912 2399 4983 ὐπουργοῦν
2426 4913 2599 4967 ταῦτα
2626 4914 2867 4985 διανέμει
2901 4918 2960 4967 τὸ
3002 4915 3228 4986 Πνεῦμα
3254 4916 3315 4969 τὸ
3339 4918 3514 4987 ἅγιον,
3544 4920 3677 4974 ἀλλὰ

2093 5003 2426 5067 δεσποτικῶς
2456 4999 2537 5071 οἷς
2567 5005 2708 5059 θέλει
2745 5004 3051 5077 χαρίζεται,
3094 5008 3343 5077 ἐπήγαγε
3370 5024 3383 5038 ·
3447 5029 3466 5061 ι
3494 5011 3674 5064 Πάντα

2094 5094 2152 5148 δὲ
2177 5093 2350 5149 ταῦτα
2380 5096 2591 5166 ἐνεργεῖ
2618 5096 2678 5150 τὸ
2708 5096 2766 5149 ἓν
2790 5098 2885 5149 καὶ
2916 5096 2977 5149 τὸ
3002 5097 3135 5150 αὐτὸ
3156 5098 3399 5168 Πνεῦμα,
3438 5099 3673 5170 διαιροῦν

2098 5188 2204 5259 ίδίᾳ
2232 5186 2443 5259 ἑκάστῳ
2470 5188 2649 5252 καθὼς
2668 5189 2929 5259 βούλεται.
2955 5206 2974 5239 ι
3009 5187 3265 5241 Είτοίνυν
3292 5188 3352 5241 τὸ
3372 5188 3596 5259 Πνεῦμα
3617 5190 3672 5241 τὸ

2096 5279 2251 5347 ἆγιον
2278 5278 2446 5333 ταῦτα
2476 5280 2565 5333 διὰ
2591 5280 2699 5333 τῶν
2731 5280 3046 5332 ἀποστόλων
3074 5278 3358 5346 εἰργάζετο
3394 5279 3473 5343 ὡς
3505 5281 3669 5350 ἠϐού-

2094 5371 2236 5435 λετο,
2278 5370 2669 5439 συναγαγόντες
2695 5369 2751 5422 δὲ
2778 5370 2828 5421 οἱ
2858 5367 2988 5438 περὶ
3024 5366 3235 5419 Παῦλον
3262 5368 3357 5419 καὶ
3386 5369 3668 5440 Βαρνάϐαν

2094 5462 2194 5532 τὴν
2232 5461 2554 5532 Ἐκκλησίαν
2589 5460 2914 5531 ἁνὴγγειλαν
2956 5459 3056 5511 ὅσα
3085 5459 3309 5527 ἐποίησε
3349 5464 3467 5528 μετ’
3496 5464 3666 5515 αὐτῶν

2099 5553 2126 5603 ὸ
2149 5551 2300 5615 Θεὸς,
2330 5551 2459 5615 Θεὸς
2483 5552 2590 5621 ἄρα
2622 5550 2683 5603 τὸ
2710 5548 2930 5618 Πνεῦμα
2956 5548 3014 5601 τὸ
3044 5548 3197 5614 ἅγιον
3234 5549 3375 5603 κατὰ
3410 5551 3507 5623 τὴν
3540 5553 3666 5605 ἀπσ-

2100 5644 2298 5699 στόλων
2324 5646 2525 5715 φωνήν.

510 5794 552 5825 τ’
577 5795 697 5852 Act.
727 5814 777 5867 v,
806 5801 855 5856 5.
934 5805 977 5837 "
1013 5804 1139 5861 ibid.
1166 5806 1214 5862 4.
1292 5809 1334 5840 ⁷⁸
1364 5810 1485 5866 Act.
1516 5826 1633 5881 xm,
1664 5814 1716 5866 2.
1794 5816 1838 5848 ⁷³
1867 5816 1985 5875 Act.
2016 5834 2125 5887 ιιν,
2159 5819 2249 5876 23.
2311 5821 2353 5853 vs
2385 5820 2401 5875 l
2430 5821 2534 5876 Cor
2562 5835 2657 5887 xu,
2691 5819 2743 5888 8,
2770 5820 2821 5876 9.
2896 5821 2938 5852 "
2979 5819 3109 5876 ibid.
3144 5822 3229 5878 ll.
