3988 6474
274 537 424 593 H83

1631 516 1722 572 DE
1758 508 2163 571 TRINlTATE.

3437 493 3582 549 H88

355 649 527 706 Τοῦτο
562 647 785 718 γεγονὸς
825 645 919 699 καὶ
962 643 1022 695 ὲν
1086 636 1482 711 Ἰεροσολύμοις
1538 635 1567 687 6
1608 632 1885 693 θειότατος

2065 627 2180 682 lloc
2208 623 2347 679 idem
2376 620 2623 677 evenisse
2649 614 3049 686 Hierosolymis
3080 622 3301 683 quoque
3349 608 3578 676 praecla-

272 742 556 814 διηγεῖται
583 739 817 800 Λουκᾶς.
834 755 853 785 ι
876 733 1130 801 Ἑσίγησε
1148 729 1277 801 γὰρ,
1298 727 1451 797 φησὶ,
1487 724 1633 779 ἀπαν
1661 721 1722 774 τὸ
1738 721 1879 790 πλῆ-

276 836 400 899 θος,
430 833 527 886 καὶ
554 832 723 901 ἤκουε
755 826 848 880 τοῦ
874 822 1132 895 Βαρνάϐα
1158 820 1254 875 καὶ
1282 816 1376 872 τοῦ
1402 816 1616 870 Παύλου
1648 814 1882 883 ἐξηγου-

1987 718 2239 775 rissimus
2259 715 2434 768 Lucas
2464 719 2685 767 narrat:
2714 728 2731 758 ι
2758 708 2954 761 Tacuit
2974 706 3144 768 enim,
3172 699 3374 769 inquit,
3399 696 3581 750 omnis

1991 809 2303 870 multitudo,
2321 814 2376 860 et
2393 804 2686 859 audiebant
2704 798 3007 854 Barnabam
3028 805 3083 850 et
3101 791 3329 846 Paulum
3351 801 3584 843 narrau-

284 883 629 993 Ῠὸσα
654 919 682 970 6
724 908 857 978 Θεὸς
896 883 1154 982 ἐποίησεν
1197 910 1401 978 σημεῖα
1446 906 1513 959 δι’
1548 903 1750 968 αὐτῶν,
1788 902 1884 955 καὶ

2021 916 2069 955 es
2085 907 2285 970 quanta
2314 897 2455 949 Deus
2481 893 2702 948 fecisset
2720 892 2874 961 signa
2903 899 2957 944 et
2977 887 3219 958 prodigia
3251 886 3303 939 in
3330 883 3586 955 gentibus

520 973 578 1064 έν
607 1009 721 1069 τοῖς
748 973 950 1058 ἔθνεσι.
986 1021 1008 1055 ι
1041 973 1172 1064 Θεὸς
1200 973 1295 1053 οῦν
1334 997 1439 1070 ἄρα
1471 995 1533 1049 τὸ
1561 992 1787 1064 Πνεῦμα
1823 989 1887 1043 τὸ

2021 1006 2084 1047 er
2100 988 2326 1060 ipsos".
2343 1006 2360 1038 ι
2380 985 2523 1041 Deus
2540 1000 2669 1055 ergo
2685 993 2764 1038 est
2782 981 3021 1051 Spiritus
3034 989 3256 1034 sanctus
3272 994 3285 1029 :
3303 981 3416 1045 ipse
3438 973 3586 1028 enim

283 1068 447 1172 ἅγιον
472 1121 486 1134 ο
514 1103 577 1155 τὸ
604 1100 711 1169 γὰρ
741 1096 873 1151 αὐτὸ
894 1094 1302 1165 θαυματουργεῖ
1331 1068 1401 1144 τά
1447 1090 1648 1160 σημεῖα
1696 1085 1791 1139 καὶ
1818 1081 1888 1136 τὰ

2021 1086 2143 1153 igua
2170 1092 2224 1137 et
2259 1080 2505 1151 prodigia
2543 1076 2864 1132 mirabiliter
2897 1081 3177 1144 operatur.
3212 1069 3373 1125 linde
3416 1068 3585 1123 etiam

282 1197 514 1267 τέρατα.
541 1193 633 1245 Διὸ
660 1192 754 1244 καὶ
780 1192 807 1242 ὁ
838 1186 1041 1256 Κύριος
1065 1186 1125 1237 ὲν
1152 1186 1264 1246 τοῖς
1286 1180 1636 1250 Εὑαγγελίοις
1665 1177 1851 1244 ἔλεγεν
1869 1188 1885 1202 ’

294 1306 314 1337 ι
347 1264 410 1338 Et
432 1285 489 1337 δὲ
526 1285 584 1336 ὲν
611 1281 890 1351 Πνεύματι
922 1275 1057 1328 Θεοῦ
1091 1273 1202 1343 ἐγὼ
1236 1272 1484 1326 ὲκὸἀλλω
1514 1270 1583 1322 τὰ
1611 1264 1886 1337 δαιμόνια,

289 1376 403 1449 ἄρα
431 1376 665 1445 ἔφθασεν
697 1374 781 1443 ἐφ’
816 1373 962 1442 ὑμᾶς
995 1374 1030 1442 ή
1081 1365 1328 1440 βασιλεία
1375 1362 1471 1417 τοῦ
1519 1358 1677 1414 Θεοῦ.
1699 1376 1718 1411 ι
1780 1353 1892 1408 Καὶ

1992 1175 2250 1231 Dominus
2264 1173 2317 1227 in
2338 1171 2441 1224 Eva
2452 1169 2646 1238 ngeliis
2662 1166 2849 1221 aiebat
2871 1184 2884 1218 :
2912 1184 2929 1215 ι
2943 1163 3098 1230 Quod
3116 1163 3159 1217 si
3180 1176 3281 1231 ego
3301 1161 3353 1214 in
3376 1156 3587 1227 Spiritu

1993 1264 2088 1321 Dei
2129 1263 2398 1319 daemonia
2434 1260 2621 1331 ejicio,
2646 1259 2835 1327 utique
2860 1255 3180 1327 pervenitin
3206 1268 3303 1308 vos
3358 1265 3588 1320 regnum

1994 1359 2089 1414 Dei
2112 1358 2180 1412 ".
2222 1374 2240 1408 ι
2277 1355 2596 1422 Rursusque
2632 1352 2685 1406 iu
2718 1349 2945 1404 Actibus
2980 1347 3156 1401 Lucas
3190 1346 3267 1399 ait
3304 1344 3351 1375 "
3382 1382 3399 1410 ,
3449 1342 3590 1398 Pau-

291 1433 547 1521 π’ἀλινέν
576 1468 697 1529 ταῖς
735 1433 1092 1529 ΠράξεσινΙδ
1113 1457 1327 1518 Λουκᾶς
1360 1452 1450 1507 τὸν
1480 1448 1692 1504 Παῦλόν
1727 1462 1892 1517 φησιν

2021 1464 2106 1503 um
2152 1447 2326 1501 electo
2374 1444 2486 1499 Sila
2529 1442 2836 1512 profectum
2890 1453 3034 1503 esse,
3088 1436 3349 1491 traditum
3401 1433 3593 1503 gratia:

292 1521 693 1629 ἐπιλεξάμενον
716 1521 808 1609 τὸν
844 1521 1005 1609 έίλαν
1048 1551 1284 1616 ἐξελθεῖν
1308 1549 1375 1617 τῇ
1416 1544 1602 1616 χάριτι
1631 1538 1726 1594 τοῦ
1756 1537 1891 1590 Θεοῦ

2021 1538 2089 1592 )ei
2119 1555 2148 1590 a
2185 1536 2466 1591 fratribus.
2499 1532 2618 1599 Quo
2647 1534 2773 1586 item
2807 1531 2926 1585 loco
2958 1530 3124 1583 Deum
3172 1524 3411 1595 appellat
3463 1521 3591 1592 Spi-

566 1647 812 1719 ἀδελφῶν
842 1614 1249 1717 παραδοθέντα⁶
1295 1614 1619 1698 θὲδνίαῦθις
1657 1630 1896 1693 καλέσας

2021 1631 2163 1685 ’ἱιιιῐη
2195 1637 2483 1689 sanctum,
2515 1625 2608 1694 qui
2664 1636 2863 1692 nempe
2905 1636 3003 1691 per
3030 1621 3232 1673 fratres
3279 1614 3594 1670 Antiochia

296 1747 358 1800 τὸ
388 1742 614 1812 Πνεῦμα
647 1710 719 1793 τὸ,
747 1710 936 1807 ἀγιον,
975 1736 1036 1789 τὸ
1065 1735 1151 1787 διὰ
1180 1731 1289 1785 τῶν
1312 1726 1558 1796 ἀδελφῶν
1596 1726 1654 1778 ὲν
1693 1724 1897 1775 Ἀντιο-

2021 1729 2388 1793 segregaverat
2432 1720 2612 1791 ipsum
2674 1718 2741 1773 ad
2797 1717 3129 1771 destinatum
3189 1727 3347 1782 Opus.
3403 1710 3598 1765 Adhuc

297 1834 423 1903 χεῐᾳ.
469 1801 740 1900 ἀφόρίσαν
792 1801 956 1880 αὑτὸν
1000 1826 1081 1887 εἰς
1142 1823 1170 1875 ὃ
1225 1816 1671 1890 προσεκαλέσατο
1734 1812 1898 1866 αὑτὸν

2021 1825 2197 1870 )eatus
2226 1813 2425 1868 Paulus
2453 1812 2505 1865 iu
2548 1810 2788 1880 Epistula
2815 1811 2883 1865 ad
2906 1808 3227 1863 Corinthios
3254 1806 3329 1859 ait
3355 1820 3368 1857 :
3397 1821 3414 1855 ι
3446 1801 3596 1868 Quos

298 1901 481 1995 ἔργον.
531 1921 699 1975 Πάλιν
752 1921 779 1972 6
824 1917 1097 1988 μακάριος
1147 1911 1357 1973 Παῦλος
1389 1912 1445 1963 ὲν
1494 1908 1591 1979 μὲν
1634 1908 1701 1977 τῇ
1760 1903 1899 1974 πρὸς

2021 1909 2149 1995 )eus
2190 1906 2370 1975 posuit
2400 1905 2452 1957 iu
2486 1903 2730 1958 Ecclesia
2776 1903 2973 1971 partim
3030 1901 3328 1969 prophetas
3365 1908 3419 1951 et
3461 1911 3595 1966 apo-

297 1991 623 2085 ιέορινθίους
655 2010 729 2080 (l)
753 2008 939 2080 φησίν·
988 2027 1006 2058 ι
1038 2004 1145 2069 Οὓς
1170 2003 1323 2056 ἔθετο
1356 2002 1385 2052 6
1417 1999 1549 2060 Θεὸς
1579 1999 1637 2051 ἐν
1662 1998 1728 2066 τῇ
1777 1995 1901 2047 Ἐκ-

2021 1994 2196 2058 stolas,
2231 1993 2428 2063 partim
2466 2001 2716 2060 pastores
2738 2002 2794 2046 et
2845 1991 3101 2045 doctores
3149 1998 3314 2057 atque
3351 2001 3595 2055 evange-

298 2078 525 2175 κλησίᾳ,
553 2078 679 2163 τοὺς
712 2078 825 2171 μὲν.
847 2098 1134 2170 προφήτας
1171 2094 1267 2148 καὶ
1297 2090 1650 2151 ἀποστόλους,
1680 2089 1806 2148 τοὺς
1838 2084 1895 2137 δὲ

2026 2087 2178 2149 istas,
2214 2084 2280 2138 ad
2309 2082 2723 2138 aedificationem
2760 2091 3078 2136 sanctorqu
3112 2080 3179 2134 ".
3231 2098 3250 2131 ι
3289 2078 3455 2134 Mileti
3492 2093 3596 2133 au-

298 2198 568 2267 ποιμένας
608 2194 700 2248 καὶ
733 2190 1095 2253 διδασκάλους
1143 2188 1239 2242 καὶ
1296 2178 1715 2253 εὐαγγελιστάς,
1756 2176 1896 2247 πρὸς

299 2287 670 2361 καταρτισμὸν
697 2285 803 2338 τῶν
845 2283 1048 2352 ἁγίων·
1089 2300 1107 2334 ι
1151 2283 1208 2335 ὲν
1246 2280 1305 2333 δὲ
1334 2278 1563 2347 Μιλήτῳ
1607 2268 1897 2327 συνταττό-

304 2400 467 2453 μενος
489 2382 599 2443 τοῖς
627 2377 896 2444 ἀδελφοῖς,
927 2374 1024 2427 καὶ
1054 2373 1153 2441 τῆς
1191 2370 1440 2440 δοθείσης
1462 2363 1897 2435 ἀναμιμνήσκων

300 2450 545 2544 χάριτος
583 2488 603 2522 t
634 2468 935 2539 Προσέχετε
969 2460 1062 2519 οῦν
1092 2464 1330 2525 ἑαυτοῖς,
1378 2461 1566 2530 φησιν,
1613 2455 1712 2509 καὶ
1738 2450 1900 2505 παντὶ

299 2564 384 2635 τῷ
430 2563 665 2633 ποιμνίῳ
714 2562 771 2612 ἐν
808 2553 852 2627 ᾧ
885 2560 1032 2629 ὑμᾶς
1058 2556 1213 2610 ἔθετο
1254 2555 1317 2607 τὸ
1362 2550 1588 2619 Πνεῦμα
1625 2547 1686 2601 τὸ
1732 2545 1894 2612 ἀγιον

2006 2185 2111 2229 tein
2142 2174 2405 2230 fratribus
2434 2174 2552 2228 vale
2588 2174 2798 2238 dicens,
2847 2183 2901 2227 et
2941 2172 3126 2226 datam
3157 2184 3600 2226 commemorans

2006 2266 2277 2336 gratiam:
2319 2284 2339 2319 ι
2385 2265 2667 2321 Attendite
2724 2267 2889 2333 igitur
2922 2264 3358 2333 vobismetipsis,
3397 2264 3599 2333 inquit.

2005 2368 2059 2412 et
2085 2357 2341 2414 universo
2376 2358 2552 2427 gregi,
2580 2358 2632 2411 in
2662 2371 2773 2427 quo
2809 2371 2907 2411 vos
2938 2355 3179 2424 Spiritus
3232 2366 3457 2411 sanctus
3508 2371 3603 2425 po-

2004 2450 2109 2504 suit
2158 2449 2448 2519 episcopos
2486 2463 2679 2519 regere
2727 2448 2947 2520 706m
2989 2448 3289 2503 Ecclesiam
3341 2446 3599 2512 Domini,

2004 2556 2165 2610 quam
2194 2542 2485 2610 acquisivit
2518 2540 2787 2609 sanguine
2818 2554 2918 2593 suo
2951 2539 3018 2593 ⁸⁸.
3056 2557 3077 2591 ι

302 2627 648 2717 ἐπισκόπους.
711 2627 1024 2721 ποιμαίνειν
1075 2647 1175 2718 τὴν
1247 2642 1574 2715 Ἐκκλησίαν
1652 2636 1748 2692 τοῦ
1827 2632 2036 2703 Κυρίου
2083 2632 2186 2704 (2),
2244 2635 2312 2704 ῆν
2391 2633 2825 2704 περιεποιήσατο
2871 2630 2960 2686 διὰ
3014 2630 3111 2685 τοῦ
3190 2630 3427 2702 αἵματος
3505 2627 3602 2684 τοῦ

304 2748 463 2804 ἰδίου.
496 2766 514 2797 t

389 2842 587 2911 Ὀρᾶτε
636 2837 799 2892 πάλιν
841 2813 1124 2890 κάνταῦθα
1155 2831 1252 2905 τὴν
1284 2828 1568 2897 θεολογίαν
1598 2824 1692 2879 τοῦ
1730 2818 1905 2876 Πνεύ-

312 2950 507 3007 ματος.
525 2932 675 2983 Ἐκεῖ
698 2932 806 3000 γάρ
835 2929 930 2981 τοῦ
957 2927 1093 2981 Θεοῦ
1122 2920 1502 2996 μνημονεύσας
1528 2919 1602 2981 ὡς
1620 2912 1903 2984 ποιμένας,

306 3029 406 3081 καὶ
451 3023 827 3085 διδασκάλους,
865 3021 959 3074 καὶ
1007 3016 1401 3088 εὐαγγελιστάς
1444 3009 1904 3084 χειροτονοῦντος,

309 3117 546 3172 ἐνταῦθα
578 3115 705 3186 περὶ
731 3113 822 3167 τοῦ
850 3110 1167 3183 Πνεύματὸς
1194 3125 1346 3180 (prior:
1397 3108 1485 3160 ’Ev
1511 3100 1556 3173 ᾧ
1589 3105 1731 3174 ὑμᾶς
1756 3099 1908 3153 ἔθετο

312 3208 373 3309 τὸ
400 3204 640 3309 Πνεῦμα
664 3205 725 3309 τὸ
752 3202 1273 3309 ἀγιονέπὶσκόπομς
1312 3198 1627 3309 ποιμαίνειζ
1647 3194 1746 3264 τὴν
1785 3192 1908 3309 Ἐκ;
1935 3240 1978 3297 C

311 3300 544 3370 κλησίαν
566 3315 579 3327 ’
613 3297 881 3351 διδάσκων
909 3295 984 3358 ὡς
1016 3293 1150 3356 Θεὸς
1176 3291 1236 3344 τὸ
1259 3290 1485 3361 Πνεῦμα
1509 3288 1568 3340 τὸ
1596 3286 1773 3354 ἆγιον,
1816 3286 1910 3335 καὶ

311 3394 396 3445 ὅτι
422 3390 619 3444 ταύτόν
656 3390 806 3441 ἐστιν
849 3388 1028 3440 εἰπεῖν
1057 3384 1211 3448 Θεὸν,
1263 3382 1358 3436 καὶ
1398 3379 1646 3449 Πνεῦμα,
1688 3375 1775 3429 διὰ
1809 3374 1910 3444 τὴν

313 3484 603 3538 κοινωνίαν
627 3484 725 3552 τῆς
755 3479 970 3549 φύσεως
993 3494 1008 3508 ο
1037 3478 1146 3539 τοῖς
1176 3492 1235 3529 τε
1266 3474 1374 3545 γάρ
1396 3473 1501 3526 ὑπὸ
1524 3469 1617 3523 τοῦ
1642 3467 1779 3521 Θεοῦ
1818 3466 1911 3520 καὶ

314 3576 531 3647 Πατρὸς
554 3573 862 3644 γινομένοις
896 3569 1150 3639 συνεργεῖ
1173 3570 1200 3621 6
1226 3567 1355 3629 Υἱὸς
1378 3566 1474 3618 καὶ
1501 3565 1562 3616 τὸ
1595 3560 1823 3630 Πνεῦμα
1852 3557 1912 3611 τὸ

316 3668 500 3735 ἆγιον·
537 3666 653 3727 τοῖς
677 3679 738 3715 τε
765 3661 870 3714 ὑπὸ
905 3659 998 3712 τοῦ
1044 3656 1175 3711 Υἱοῦ
1209 3657 1287 3727 (5)
1336 3656 1430 3709 καὶ
1460 3655 1554 3707 τοῦ
1592 3652 1912 3721 Πνεύματος

314 3755 663 3825 τελουμένοις
704 3752 1014 3806 συνευδοκεῖ
1040 3746 1304 3810 ὡσαύτως
1332 3747 1360 3798 6
1396 3744 1527 3807 Θεὸς
1560 3744 1653 3796 καὶ
1696 3742 1909 3812 Πατήρ.

317 3848 431 3899 Καὶ
466 3843 735 3915 ἑτέρωθεν
770 3841 934 3895 πάλιν
988 3843 1017 3894 6
1068 3838 1336 3911 μακάριος
1375 3836 1585 3898 Παῦλος
1615 3834 1747 3887 Θεὸν
1775 3829 1913 3886 εἶναι

316 3939 381 3992 τὸ
414 3938 639 4007 Πνεῦμα
668 3934 946 4006 κηρύττειο
980 3952 998 3983 ι
1030 3931 1157 3985 Ἐἀν
1186 3932 1315 3999 γὰρ,
1348 3930 1503 3999 φησι,
1526 3925 1913 3999 προφητεύωσι

319 4032 543 4092 πάντες,
569 4027 785 4097 εἰσέλθῃ
812 4025 868 4079 δέ
899 4042 983 4088 τις
1014 4024 1244 4085 ἄπιστος
1275 4023 1307 4092 ἢ
1354 4019 1589 4091 ἰδιώτης,
1631 4020 1914 4089 ἐλέγχεται

321 4122 429 4177 ὑπὸ
456 4122 696 4184 πάντων,
727 4116 1079 4188 ἀνακρίνεται
1106 4114 1210 4167 ὑπὸ
1240 4114 1455 4168 πάντων
1487 4110 1584 4181 (4),
1608 4110 1675 4163 τά
1696 4108 1917 4179 κρύπττά

320 4216 421 4286 τῆς
453 4212 679 4283 καρδίας
710 4208 876 4264 αὑτοῦ
908 4208 1119 4279 φανερὰ
1137 4208 1345 4275 γίνεται
1366 4222 1379 4235 ο
1414 4205 1510 4257 καὶ
1536 4202 1708 4266 οὕτως
1732 4200 1916 4253 πεσὼν

322 4306 417 4359 ἐπὶ
448 4304 741 4376 πρόσωπον
774 4302 1143 4371 προσκυνήσει
1179 4297 1255 4368 τῷ
1289 4296 1427 4366 Θεῷ,
1454 4294 1812 4362 ἀπαγγέλλων
1834 4294 1917 4345 ὅτι

321 4397 493 4457 ὅντως
523 4396 549 4446 6
572 4392 702 4455 Θεὸς
736 4392 792 4443 ὲν
827 4392 953 4459 ὑμῖν
982 4391 1149 4442 ἐστιν.
1187 4408 1204 4441 ι
1246 4386 1465 4457 Ἐπειδὴ
1494 4386 1602 4453 γάρ
1631 4383 1725 4435 τοῦ
1752 4382 1921 4435 Πνεύ-

327 4503 497 4559 ματος
528 4487 561 4555 ἡ
588 4484 895 4554 προφητεία
913 4484 1180 4552 χάρισμα,
1199 4480 1283 4532 διὰ
1303 4478 1358 4530 δὲ
1390 4478 1488 4547 τῆς
1519 4476 1919 4545 ἀποκαλύψεως

322 4578 419 4632 τοῦ
479 4576 617 4629 Πνεύ
627 4591 796 4645 ματος
865 4574 1076 4643 φανερὰ

323 4673 559 4742 γίνεται,
608 4668 742 4721 Θεοῦ
786 4666 841 4720 δὲ
886 4667 1016 4719 ἴδιον
1060 4664 1120 4718 τὸ
1163 4666 1253 4718 τὸν
1300 4664 1424 4717 νοῦν
1468 4664 1574 4715 τῶν
1610 4663 1915 4735 ἀνθρώπων

327 4758 676 4821 ἐπίστασθαι,
698 4755 1009 4824 ἀναγκαίως
1028 4756 1055 4807 6
1082 4754 1439 4825 ἐλεγχόμενος
1468 4752 1557 4805 διά
1586 4753 1683 4822 τῆς
1708 4771 1919 4824 προφη-

325 4850 497 4917 τείας,
544 4849 971 4919 ἀνακρινόμενος
1022 4848 1391 4917 προσκυνήσει
1428 4843 1507 4914 τῷ
1549 4844 1689 4915 Θεῷ,
1734 4846 1915 4913 ἀπαγ-

326 4961 357 5010 γ
376 4941 538 4995 ἐλλων
564 4942 642 4994 ὃτι
665 4940 832 5004 ὅντως
862 4942 889 4992 6
923 4939 1053 5003 Θεὸς
1081 4940 1137 4991 ὲν
1168 4938 1294 5008 ὑμῖν
1331 4938 1477 4989 ἐστιν
1503 4953 1515 4964 '
1549 4931 1695 5006 εἶχον
1725 4937 1783 4989 δὲ
1820 4937 1919 5008 τὴν

328 5036 492 5104 χάριν
538 5033 736 5085 ἐκεῖνοι
794 5030 887 5083 τοῦ
945 5030 1282 5099 Πνεύματος.
1340 5029 1400 5081 Ei
1456 5027 1513 5081 δὲ
1567 5028 1699 5092 Θεὸς
1747 5024 1817 5099 ἦν
1859 5031 1918 5081 ὲν

329 5126 538 5188 αὐτοῖς,
572 5122 761 5189 ἐπειδὴ
793 5124 890 5191 τῆς
912 5121 1005 5174 τοῦ
1036 5122 1173 5174 Πνεύ
1182 5138 1350 5190 ματος
1372 5122 1655 5191 ἀπήλαυον
1676 5121 1915 5192 χάριτος,

330 5215 465 5278 Θεὸς
485 5216 593 5286 ἄρα
624 5217 715 5268 καὶ
750 5215 813 5265 ὲκ
840 5213 975 5267 Θεοῦ
1008 5215 1070 5265 τὸ
1103 5212 1327 5283 Πνεῦμα
1356 5214 1416 5268 τὸ
1446 5215 1619 5283 ἀγιον.

405 5330 452 5361 ’⁸
480 5330 597 5384 Act.
629 5345 717 5395 xv,
755 5329 840 5383 12.
932 5330 977 5360 ⁷⁷
1008 5328 1193 5385 Matth.
1229 5345 1327 5394 xu,
1356 5331 1446 5386 28.
1527 5330 1573 5362 "
1607 5330 1726 5385 Act.
1766 5348 1852 5395 xv,
1886 5335 1975 5390 .40.

333 5402 377 5437 ⁸⁸
412 5400 576 5456 lCor.
607 5415 717 5464 xw,
743 5400 933 5455 25-25.

406 5518 485 5587 (l)
530 5517 657 5587 Pars
686 5517 901 5585 quidem
931 5515 1077 5584 prior
1113 5514 1403 5587 testimonii
1437 5513 1556 5581 ejus
1589 5524 1672 5567 est
1705 5529 1771 5567 ex
1796 5513 1921 5583 Epi-

336 5585 475 5642 stOla
508 5588 574 5641 ad
604 5586 944 5648 Corinthios;
992 5600 1118 5654 pars
1154 5585 1323 5636 altera
1365 5593 1541 5638 tamen
1572 5587 1818 5637 adsuitur
1854 5603 1917 5639 cx

337 5663 456 5713 loco
498 5658 752 5725 parallelo
785 5655 1035 5723 Epistolas
1078 5656 1141 5706 ad
1186 5654 1469 5725 Ephesios.

413 5723 508 5795 («2y
533 5728 605 5779 lta
625 5732 742 5781 cod.
760 5726 1065 5795 Κυρίουδιι
1090 5725 1326 5777 nonnulli
1346 5724 1435 5776 alii
1464 5723 1674 5795 codices
1688 5724 1915 5795 Actutum

340 5793 516 5866 apos‘t.
552 5795 656 5851 Sed
694 5793 869 5848 tamen
903 5794 1071 5848 multo
1108 5795 1442 5866 communior
1464 5804 1545 5866 est
1577 5794 1734 5846 lectio
1758 5793 1913 5857 θεοῦ,

341 5862 462 5928 Iiei,
501 5880 659 5933 quam
710 5866 972 5931 interpres
1004 5878 1217 5931 quoque
1247 5864 1360 5916 Lat.
1406 5862 1662 5932 Vulgatus
1698 5872 1913 5917 retinet.

340 5935 479 5989 θεοῦ
512 5937 674 5992 habet
725 5936 838 6003 ipse
883 5935 1113 6003 Cyrillus
1151 5935 1199 5988 in
1235 5934 1516 6004 apusculo,
1550 5933 1706 6000 Quod
1738 5933 1914 5991 Maria

2082 2810 2275 2867 Videte
2326 2825 2518 2866 rursus
2556 2810 2686 2865 hinc
2722 2809 2910 2876 etiam,
2956 2809 3125 2864 Deum
3168 2808 3427 2865 allirmari
3476 2810 3605 2882 Spi-

2013 2905 2175 2959 ritum
2235 2913 2509 2958 sauctum.
2569 2902 2705 2957 Cum
2761 2903 2908 2956 enim
2968 2900 3079 2955 illic
3149 2901 3382 2957 dixisset
3431 2902 3603 2961 Deum

2012 2996 2364 3051 constituisse
2421 3004 2666 3063 pastores
2699 3033 2714 3057 ,
2770 2995 3026 3049 doctores
3078 3003 3135 3047 et
3187 2995 3603 3065 evangelistas,

2015 3090 2104 3144 hic
2154 3087 2221 3142 de
2271 3085 2477 3156 Spiritu
2512 3085 2590 3140 ait
2626 3104 2639 3140 :
2702 3104 2720 3136 ι
2750 3084 2871 3150 Quo
2903 3084 2956 3139 iu
2990 3098 3157 3154 grege
3191 3098 3289 3140 vos
3317 3085 3607 3141 collocavit

2017 3178 2257 3249 Spiritus
2304 3188 2527 3232 sanctus
2577 3176 2866 3245 episcopos
2893 3175 2964 3229 ob
3017 3175 3310 3244 regendam
3343 3178 3606 3246 pastorali

2015 3285 2143 3325 cura
2182 3266 2479 3323 Ecclesiam
2510 3283 2525 3319 :
2566 3284 2584 3318 ι
2606 3268 2807 3322 docens
2834 3265 3096 3320 videlicet
3128 3267 3294 3322 Deum
3319 3282 3444 3324 esse
3480 3268 3608 3339 Spi-

2013 3362 2176 3416 ritum
2202 3370 2476 3426 sanctum,
2498 3358 2834 3428 perindeque
2859 3357 2964 3412 dici
2999 3356 3169 3412 Deum
3210 3372 3275 3411 ac
3309 3358 3605 3429 Spiritum,

2012 3463 2233 3524 propter
2268 3463 2478 3505 natura:
2510 3450 2971 3505 communionem.
3008 3446 3143 3503 Nam
3177 3448 3246 3503 iis
3265 3465 3388 3519 qua:
3422 3465 3452 3505 ε
3500 3452 3611 3509 Deo

2012 3542 2172 3598 Patre
2202 3542 2355 3607 liunt,
2382 3549 2744 3611 cooperantur
2777 3537 2947 3592 l-‘ilius
2970 3551 3036 3591 ac
3063 3534 3308 3606 Spiritus
3338 3549 3562 3595 sanctus
3590 3556 3607 3595 :

2013 3634 2363 3703 vicissimque
2392 3633 2482 3696 iis,
2514 3645 2636 3701 qua;
2664 3644 2694 3683 a
2733 3628 2875 3683 Filio
2899 3637 2953 3683 et
2990 3626 3195 3697 Spiritu
3224 3631 3607 3697 perﬁciuntur,

2013 3727 2286 3783 consentit
2320 3725 2525 3795 pariter
2558 3722 2705 3778 Deus
2735 3720 2919 3777 Pater.
2951 3719 3275 3791 Rursusque
3312 3722 3439 3778 alibi
3476 3722 3610 3778 bea-

2017 3832 2104 3876 tus
2142 3820 2342 3874 Paulus
2390 3818 2559 3872 Deum
2606 3830 2730 3871 esse
2765 3814 3031 3885 Spiritum
3081 3814 3379 3884 praedicat:
3417 3834 3437 3867 ι
3474 3814 3609 3871 Nam

2017 3912 2096 3974 si,
2140 3911 2336 3979 inquit,
2392 3922 2583 3963 omnes
2630 3906 2981 3976 prophetent,
3039 3905 3205 3958 intret
3256 3915 3437 3959 autem
3489 3908 3614 3976 quis

2018 4002 2251 4057 infidelis
2280 3999 2365 4054 vel
2411 3998 2602 4058 idiota.
2650 3996 2994 4052 convincitur
3030 3996 3099 4050 ab
3122 3996 3417 4061 omnibus,
3470 3997 3610 4067 diju-

2018 4096 2233 4149 dicatur
2264 4092 2331 4146 ab
2358 4090 2633 4153 omnibus,
2690 4086 2907 4142 occulta
2943 4088 3129 4141 cordis
3162 4086 3281 4153 ejus
3319 4088 3612 4143 manifesta

2022 4184 2156 4238 liunt
2192 4197 2207 4235 :
2236 4191 2291 4236 et
2322 4182 2393 4234 ita
2425 4180 2630 4234 cadens
2659 4177 2712 4230 in
2748 4175 2947 4230 faciem
2975 4176 3229 4230 adorabit
3261 4175 3452 4239 Deum,
3479 4192 3613 4246 pro-

2022 4274 2281 4331 nuntians
2330 4273 2472 4341 quod
2521 4284 2650 4324 vere
2698 4269 2843 4323 Deus
2894 4269 2947 4322 in
2985 4268 3145 4323 vobis
3189 4269 3260 4323 sit
3285 4269 3354 4322 ⁸¹.
3390 4286 3409 4321 ι
3477 4268 3613 4323 Nam

2020 4368 2147 4438 quia
2178 4365 2459 4434 prophetia
2494 4364 2692 4418 donum
2725 4362 2965 4428 Spiritus
2998 4370 3111 4429 est,
3160 4369 3214 4415 et
3264 4377 3360 4430 per
3396 4361 3612 4417 revela-

2025 4461 2227 4514 tiouem
2274 4455 2539 4525 Spiritus,
2579 4452 2872 4508 manifesta
2928 4452 3063 4506 ﬁunt
3121 4452 3303 4506 cordis
3354 4453 3566 4508 occulta
3596 4493 3611 4516 ,

1131 4572 1198 4625 τὰ
1246 4572 1347 4642 τῆς
1410 4544 1636 4642 καρδίας
1698 4568 1909 4640 κρυπτὰ

2028 4552 2117 4606 Dei
2140 4564 2268 4604 vero
2291 4548 2565 4617 proprium
2584 4555 2668 4601 est
2692 4554 2927 4598 tuentem
2948 4544 3229 4597 hominum
3252 4558 3613 4613 cognoscere,

2027 4638 2337 4694 necessario
2372 4637 2419 4689 is
2475 4635 2567 4704 qui
2614 4633 2964 4688 convincitur
3008 4648 3038 4687 a
3096 4633 3410 4702 prophetia,
3458 4635 3617 4705 diju-

2025 4733 2242 4785 dicatus
2291 4726 2544 4782 adorabit
2600 4726 2763 4780 Deum
2799 4763 2815 4788 ,
2881 4726 3243 4793 pronuntians
3296 4727 3440 4796 quod
3488 4741 3616 4783 vere

2027 4824 2168 4878 Deus
2200 4820 2253 4876 in
2286 4820 2441 4875 vobis
2475 4820 2565 4873 sit.
2593 4817 2762 4897 Porro
2802 4818 2875 4871 illi
2909 4818 3143 4887 gratiam
3182 4818 3422 4885 Spiritus
3455 4820 3615 4873 hahe-

2029 4914 2177 4965 bant.
2212 4910 2365 4976 Quod
2390 4910 2434 4964 si
2470 4908 2610 4963 Deus
2646 4908 2699 4963 in
2730 4908 2860 4977 ipsis
2897 4918 3038 4973 erat,
3072 4910 3199 4976 quia
3224 4908 3461 4978 Spiritus
3492 4927 3617 4979 gra-

2029 5001 2101 5053 tia
2141 4998 2482 5062 lruebautur,
2515 5004 2767 5068 superest
2810 5008 2867 5049 ut
2910 4994 3054 5051 Deus
3099 5005 3155 5050 et
3194 5012 3261 5051 ex
3298 4993 3409 5051 Deo
3442 4995 3617 5064 Spiri-

2030 5103 2115 5147 tus
2154 5101 2379 5148 sanctus
2406 5091 2500 5147 sit.

2080 5338 2125 5367 "
2156 5335 2174 5389 l
2215 5335 2342 5389 Cor.
2374 5348 2472 5398 xu,
2502 5329 2571 5385 9.8
2605 5348 2618 5397 ;
2652 5328 2850 5397 Ephes.
2884 5343 2959 5393 tv,
2996 5328 3084 5381 l2.
3162 5325 3206 5356 '°
3239 5326 3361 5382 Act.
3390 5342 3479 5394 xx,
3522 5326 3614 5382 28.

2028 5520 2096 5571 sit
2151 5518 2399 5580 Deipura,
2439 5531 2585 5569 num.
2618 5515 2709 5567 2'2.

2102 5590 2177 5657 (5)
2220 5587 2526 5647 (ξηειθεοῦ,
2563 5585 2689 5650 Deo,
2711 5585 2802 5639 scd
2826 5581 3107 5637 videbatur
3128 5583 3351 5637 omnino
3375 5583 3619 5637 scriben-

2028 5660 2153 5711 dum
2194 5659 2345 5720 λ’ἰοῦ,
2380 5657 2543 5710 Filio.

2101 5730 2176 5799 (4)
2218 5730 2342 5782 Tria
2394 5729 2519 5799 lucc»
2552 5724 2715 5780 verba
2769 5726 2962 5778 desunt
3014 5723 3273 5799 mendose
3322 5724 3374 5799 i9
3429 5724 3622 5778 cadica

2028 5792 2247 5867 propter
2292 5796 2698 5867 ὁμοιοτέλευτον
2731 5798 3117 5867 pra-tertius”,
3154 5793 3249 5849 sed
3282 5792 3422 5849 infra
3453 5808 3619 5863 appu-

2026 5864 2291 5928 i‘et‘lccta
2326 5864 2521 5927 revera
2563 5868 2729 5924 fuisse
2771 5881 2797 5921 a
2839 5864 3065 5934 Cyrilto.
