3988 6500
455 535 592 591 H87
1499 525 1558 580 S.
1598 525 1865 579 CYRIIJJ
1903 524 2362 578 ALEXANDRINI
2403 525 2713 579 ARCHIEP.
3573 528 3712 580 H38

412 698 419 703 ,ν
455 644 664 704 XXVII.
700 643 849 707 Quod
876 641 1066 709 absque
1106 640 1365 692 creatione
1399 654 1462 690 ea:
1496 636 1602 691 Deo
1659 640 1725 689 sit
1774 635 2003 705 Spiritus

2134 640 2238 691 (Z'.
2279 638 2403 691 ’Ὁτι
2434 639 2728 709 ἀκτίστως
2746 637 2994 709 ἐκ-Θεοῦ
3033 636 3098 688 τὸ
3130 635 3377 709 Πνεῦμα
3407 635 3476 689 τὸ
3512 636 3710 706 ἅγιον,

682 705 914 773 sanctus,
952 705 1166 778 ideoque
1194 722 1239 761 et
1280 718 1499 761 wternus
1539 717 1763 763 tacetur.

2498 708 2587 760 διὸ
2618 707 2712 759 καὶ
2739 706 2979 759 αἰώνιον
3012 705 3305 760 καλεῖται.

526 824 986 879 Praeclarissimus
1013 837 1230 892 quoque
1262 820 1455 875 Petrus
1487 821 1537 874 in
1569 819 1856 875 catholicis
1883 819 2010 888 Epi-

456 917 611 972 stolis
641 934 654 969 :
680 934 698 965 ι
734 914 789 968 Si
815 914 1239 984 exprobramini,
1262 914 1453 981 inquit,
1480 914 1531 965 in
1552 914 1767 966 nomine
1789 910 2010 975 Christi,

454 1008 593 1063 beati
626 1006 776 1069 estis,
804 1006 1055 1073 quoniam
1086 1004 1288 1072 gloriae,
1329 1002 1542 1071 701m
1575 1002 1783 1055 virtutis
1806 1043 1820 1065 ,
1842 1012 1894 1055 et
1923 1002 2012 1053 Dei

458 1096 694 1163 Spiritus
721 1110 880 1163 super
926 1108 1019 1147 vos
1049 1094 1341 1161 requiescit
1388 1092 1454 1146 θ’.
1509 1110 1525 1142 ι
1571 1091 1764 1145 Beatus
1807 1106 2015 1161 quoque

456 1187 687 1241 Joannes
712 1187 765 1239 in
802 1184 1039 1253 Epistola
1074 1202 1088 1237 :
1129 1202 1146 1233 ι
1180 1181 1234 1236 In
1269 1184 1396 1244 hoc,
1428 1183 1619 1247 inquit,
1646 1183 2016 1250 cognoscimus

462 1290 559 1331 nos
596 1277 735 1330 ineo
768 1288 1021 1335 manere.
1053 1282 1109 1327 et
1137 1273 1308 1341 ipsum
1347 1274 1399 1326 in
1438 1273 1593 1326 nobis
1616 1311 1630 1336 ,
1664 1273 1919 1340 quoniam
1952 1275 2018 1327 de

460 1365 662 1436 Spiritu
693 1379 788 1417 suo
826 1365 981 1418 nobis
1005 1364 1148 1417 dedit
1194 1364 1260 1415 ⁸³.
1298 1382 1315 1413 ι
1370 1362 1520 1428 Quod
1558 1375 1737 1415 autem
1792 1377 1855 1416 ex
1906 1363 2017 1416 Deo

457 1472 575 1512 esse
607 1456 948 1526 praedicatur,
998 1456 1138 1507 haud
1196 1464 1441 1508 creatura
1499 1462 1604 1517 est,
1663 1453 1755 1506 sed
1811 1467 1876 1505 ex
1924 1452 2015 1505 Dei

2186 823 2291 874 Kal.
2339 824 2367 875 ὁ
2413 820 2685 883 θειότατος
2736 819 2791 871 δὲ
2845 820 3049 889 Πέτρος
3098 822 3154 872 ὲν
3192 822 3316 881 ταῖς
3365 817 3726 878 Καθολικαᾶ

2128 918 2499 980 Ἐπιστολαῖς·
2539 936 2556 966 ι
2582 917 2643 969 Ei
2667 914 3010 979 ὀνειδίζεσθε,
3045 917 3231 983 φησὶν,
3266 917 3327 967 ὲν
3356 914 3437 983 τῷ
3477 913 3718 982 ὀνόματι

2113 1006 2207 1059 τοῦ
2246 1006 2502 1077 Χριστοῦ,
2553 1006 2809 1076 μακάριοί
2840 1008 2982 1065 ἐστε,
3033 1007 3112 1058 ὅτι
3161 1007 3221 1058 τὸ
3258 1005 3361 1075 τῆς
3406 1004 3573 1074 δόξης
3615 1003 3716 1056 καὶ

2115 1095 2395 1165 δυνάμεως
2438 1098 2531 1148 καὶ
2567 1093 2660 1148 τοῦ
2701 1093 2833 1147 Θεοῦ
2871 1094 3094 1163 Πνεῦμα
3121 1093 3204 1161 ἐφ’
3245 1095 3393 1164 ὑμᾶς
3423 1092 3717 1145 ἀναπαύε-

2116 1205 2226 1241 ται.
2275 1208 2292 1239 ι
2349 1190 2456 1242 Καὶ
2503 1191 2531 1240 ὁ
2592 1190 2861 1260 μακάριος
2906 1189 3154 1257 Ἰωάννης
3191 1187 3247 1238 ὲν
3282 1191 3349 1257 τῇ
3381 1186 3711 1255 Ἐπιστοὶῇ⁴

2124 1299 2141 1331 ι
2178 1281 2267 1332 Ἐν
2305 1281 2497 1350 τούτῳ,
2530 1284 2681 1350 φησὶ,
2720 1281 3057 1351 γινώσκομεν
3097 1284 3177 1332 ὃτι
3219 1282 3277 1331 ὲν
3312 1280 3465 1349 αὐτῷ
3505 1278 3718 1349 μενοῦ-

2122 1390 2241 1442 μεν,
2272 1373 2364 1427 καὶ
2397 1373 2556 1435 αὐτὸς
2590 1375 2646 1425 ὲν
2678 1375 2826 1443 ἡμῖν,
2858 1374 2939 1425 ὅτι
2975 1376 3039 1425 ἐκ
3058 1373 3150 1425 τοῦ
3180 1372 3504 1437 Πνεύματος
3535 1367 3715 1420 αὑτοῦ

2118 1464 2346 1517 δέδωκεν
2380 1466 2530 1534 ἡμῖν.
2556 1483 2574 1515 ι
2620 1465 2692 1517 Τὸ
2720 1465 2774 1518 δὲ
2801 1467 2865 1518 ὲκ
2890 1465 2983 1517 τοῦ
3015 1464 3147 1517 Θεοῦ
3178 1462 3614 1534 κηρυττόμενον,
3649 1462 3715 1512 οὐ

456 1547 778 1602 substantia.
833 1544 1013 1610 Quare
1063 1554 1116 1599 et
1166 1546 1344 1613 ipsum
1398 1544 1589 1599 beatus
1629 1543 1826 1597 Paulus
1860 1554 2019 1597 arter-

457 1654 609 1703 num,
637 1647 690 1692 et
714 1638 802 1707 qui
842 1637 1053 1691 initium
1085 1652 1189 1689 non
1240 1635 1511 1698 habuerit,
1551 1643 1823 1702 nuncupat
1863 1650 1874 1683 :
1910 1652 1928 1685 ι
1962 1632 2016 1687 Si

456 1731 601 1783 enim
646 1729 888 1797 sanguis,
940 1729 1141 1796 inquit,
1178 1728 1449 1782 hircorum
1498 1735 1551 1780 et
1609 1736 1883 1779 taurorum
1912 1766 1927 1788 ,
1968 1734 2020 1779 et

458 1820 599 1874 cinis
642 1819 825 1874 vitula:
883 1832 1137 1886 aspersus
1171 1857 1185 1882 ,
1244 1818 1548 1886 inquinatos
1599 1817 1901 1871 sanctiﬁcat
1954 1817 2021 1870 ad

460 1910 842 1981 perfectionem
873 1950 887 1975 ,
924 1920 1126 1978 quanto
1176 1909 1347 1979 magis
1393 1909 1611 1978 sanguis
1644 1909 1881 1971 Christi,
1927 1908 2017 1977 qui

467 2017 563 2071 per
596 1999 855 2068 Spiritum
902 2011 1148 2052 sanctum
1179 1999 1523 2067 semetipsum
1557 1998 1821 2053 obtulit“
1852 2001 1864 2051 l
1906 2017 1923 2049 ι
1962 1998 2017 2052 Si
2052 1982 2092 2036 Β

460 2108 591 2165 ergo
621 2091 858 2158 Spiritus
886 2099 1111 2144 sanctus
1142 2099 1377 2143 aeternus
1399 2099 1501 2154 est,
1541 2101 1595 2143 et
1627 2090 1767 2144 Deus
1811 2105 2022 2159 quoque

461 2194 721 2247 tternus,
765 2180 1049 2235 manifesta
1084 2182 1357 2234 conclusio
1382 2190 1484 2235 est.
1518 2180 1623 2235 Sed
1657 2184 1799 2236 enim
1828 2193 2021 2237 cuncta

462 2274 530 2325 de
558 2282 749 2325 sancto
787 2271 991 2339 Spiritu
1042 2272 1365 2334 testimonia,
1396 2286 1515 2339 qua:
1554 2272 1725 2339 ipsum
1759 2282 1812 2326 et
1858 2272 2023 2327 Deum

461 2369 582 2415 em
608 2370 661 2414 et
682 2361 963 2413 Dominum
996 2361 1313 2429 pradicant,
1340 2360 1697 2430 eutndemque
1727 2375 1847 2414 cum
1862 2360 2023 2414 Patre

462 2465 524 2503 ac
556 2448 696 2504 Filio
721 2452 833 2516 pari
864 2452 1054 2504 ordine
1080 2450 1368 2515 collocant,
1415 2451 1677 2505 studiosis
1722 2453 2024 2521 colligenda

463 2538 853 2608 relinquimus:
884 2552 978 2595 nos
1011 2556 1136 2596 vero
1169 2542 1232 2595 ad
1265 2542 1420 2609 hujus
1462 2543 1815 2597 institutionis
1839 2544 2027 2598 termi-

462 2644 589 2683 num
624 2644 997 2700 properamus.

864 2848 1096 2904 XXVIII.
1132 2849 1207 2921 (I)
1252 2847 1402 2903 Fidei
1430 2866 1655 2903 summa.

535 2966 701 3038 Igitur
741 2980 901 3018 uuam
944 2962 1227 3016 Trinitatis
1279 2968 1526 3014 naturam
1571 2975 1693 3016 esse
1732 2961 2025 3025 credimus,

465 3073 627 3113 unam
663 3055 1023 3110 substantiam
1080 3054 1131 3103 in
1188 3052 1357 3103 tribus
1391 3052 1636 3119 personis
1688 3060 1985 3119 spectatam
2014 3091 2029 3115 ,

466 3150 756 3224 potentiam
799 3145 1201 3214 tmparubilem,
1228 3158 1449 3212 regnum
1492 3143 1814 3207 iudivisutn,
1869 3158 2030 3196 unam

2120 1556 2342 1625 κτίσμα,
2379 1555 2490 1608 ἀλλ’
2518 1558 2580 1609 ὲκ
2616 1556 2712 1626 τῆς
2742 1556 2890 1619 Θείας
2934 1556 3117 1618 οὐσίας
3162 1557 3439 1626 ὑπάρχον*
3487 1553 3576 1605 διὸ
3616 1554 3719 1605 καὶ

2119 1647 2333 1701 αἰώνιον
2377 1650 2453 1711 εἰς
2479 1649 2653 1719 ἀρχὴν
2684 1650 2742 1701 τὸ
2773 1644 2909 1703 εἶναι
2953 1649 3025 1719 μὴ
3054 1647 3308 1717 είληφὼς,
3353 1649 3382 1701 ὁ
3428 1647 3716 1718 μακάριος

2120 1740 2251 1791 αὐτὸ
2280 1740 2489 1804 Παῦλος
2518 1720 2782 1794 ἀποκαλεῖ
2801 1758 2814 1771 ο
2848 1761 2865 1793 ι
2892 1743 2952 1794 Εί
2977 1741 3084 1811 γάρ
3108 1736 3266 1809 αἷμα,
3301 1740 3456 1809 φησι,
3481 1738 3717 1808 τράγων

2122 1832 2215 1885 καὶ
2246 1834 2481 1907 ταύρων,
2518 1837 2609 1888 καὶ
2640 1838 2832 1900 σποδὸς
2875 1838 3161 1907 δαμάλεως
3198 1836 3529 1908 ῥαντίζουσα
3582 1836 3714 1895 τοὺς

2122 1924 2551 1993 κεκοινωμένους
2593 1928 2806 1993 ἁγιάζει
2859 1928 2992 1997 πρὸς
3044 1928 3355 1995 τελειότητα
3395 1926 3500 1995 (5),
3553 1926 3715 1994 πόσῳ

2129 2014 2325 2082 μᾶλλον
2365 2016 2427 2068 τὸ
2461 2012 2597 2085 αἷμα
2645 2018 2901 2089 Χριστοῦ,
2940 2020 2997 2083 ὃς
3037 2019 3125 2071 διὰ
3175 2018 3493 2087 Πνεύματος
3548 1999 3712 2084 ἁγίου

2126 2102 2315 2154 ἑαυτὸν
2375 2108 2842 2177 προσήνεγκεν;›
2912 2108 2973 2160 Εἰ
3022 2107 3197 2161 τοίνυν
3257 2106 3315 2159 τὸ
3358 2106 3589 2174 Πνεῦμα
3650 2105 3715 2158 τὸ

2126 2192 2281 2257 ἅγιον
2326 2194 2562 2263 αἰώνιον,
2621 2197 2715 2249 καὶ
2745 2200 2773 2250 ὁ
2806 2197 2936 2261 Θεὸς
2976 2198 3211 2261 αἰώνιος,
3260 2198 3419 2266 δῆλον
3470 2198 3530 2249 τὸ
3582 2214 3711 2248 συν.

2127 2283 2409 2351 τηκόμενον⁹
2442 2286 2577 2339 ἀλλά
2613 2288 2792 2351 πάσας
2821 2288 2921 2359 μὲν
2950 2291 3047 2350 τὰς
3075 2290 3201 2359 περὶ
3232 2288 3324 2341 τοῦ
3351 2289 3511 2355 ἁγίου
3537 2290 3713 2340 Ilvati-

2129 2389 2296 2441 ματος
2344 2378 2667 2446 μαρτυρίας,
2714 2380 2812 2442 τάς
2855 2381 2947 2434 καὶ
2998 2381 3129 2434 Θεὸν
3176 2382 3307 2434 αὐτὸ
3358 2383 3453 2435 καὶ
3500 2383 3710 2451 Κύριον

2127 2464 2522 2532 κηρυττούσαε.
2572 2468 2665 2519 καὶ
2725 2469 2900 2540 Πατρὶ
2949 2472 3041 2523 καὶ
3097 2472 3211 2542 Υίῷ
3270 2474 3711 2541 συντεταγμένον

2127 2554 2411 2621 λεγούσας,
2459 2559 2737 2628 συλλέγειν
2776 2566 2889 2626 τοῖς
2934 2565 3239 2633 φιλοπόνοις
3275 2566 3707 2634 καταλίπωμεν·

2130 2644 2290 2713 ἡμεῖς
2317 2646 2372 2698 δὲ
2404 2649 2495 2701 ἐπὶ
2524 2650 2583 2701 τὸ
2615 2651 2767 2715 τέλος
2811 2654 3157 2725 ἐπειγώμεθα
3188 2655 3287 2725 τῆς
3332 2657 3710 2728 προκειμένης

2128 2735 2491 2803 διδασκαλίας.
2868 2781 2875 2787 ,

2306 2831 2439 2886 KH'.
2502 2835 3045 2905 Ἀνακεφαλαίωσις
3088 2839 3197 2906 τῆς
3245 2842 3526 2907 πίστεως.

2203 2942 2393 2995 Τοίνυν
2423 2945 2552 3015 μίαν
2573 2947 2673 3016 τῆς
2718 2948 2945 3020 Τριάδος
2972 2954 3070 3023 τὴν
3102 2953 3260 3021 φύσιν
3283 2952 3421 3009 εῖναι
3452 2958 3707 3013 πιστεύο-

2136 3048 2254 3101 μεν,
2290 3036 2418 3102 μίαν
2446 3038 2633 3091 οὐσίαν
2664 3041 2719 3092 ὲν
2756 3043 2931 3111 τρισὶν
2982 3044 3236 3115 ἰδιότησιν
3274 3047 3703 3120 γνωριζομένην,

2131 3122 2230 3193 τὴν
2280 3125 2525 3190 ἐξουσίαν
2557 3129 2870 3198 ἀμέριστον,
2917 3133 3016 3202 τὴν
3059 3135 3335 3203 βασιλείαν
3375 3138 3701 3211 ἀδιαίρετον,

467 3214 721 3298 deitatem
754 3255 818 3294 ac
865 3240 1307 3292 dominationem.
1356 3234 1453 3290 Sic
1488 3236 1631 3290 enim
1658 3242 1712 3286 et
1753 3234 1935 3289 unitas
1976 3234 2027 3287 in

2136 3214 2263 3284 μίαν
2290 3216 2518 3288 θεότητά
2540 3237 2597 3273 τε
2634 3224 2727 3275 καὶ
2756 3225 3070 3295 κυριότητα.
3108 3228 3263 3281 Οῦτω
3294 3230 3399 3301 γὰρ
3425 3234 3518 3285 καὶ
3538 3236 3703 3301 μονὰς

470 3350 573 3389 una
604 3336 898 3397 eademque
939 3331 1242 3383 substantia
1272 3330 1700 3391 demonstratur,
1733 3337 1787 3381 et
1820 3328 2029 3380 trinitas

2134 3308 2191 3360 ὲν
2220 3308 2297 3379 τῷ
2326 3312 2505 3381 ταύτῷ
2535 3313 2635 3381 τῆς
2676 3314 2863 3377 οὐσίας
2898 3317 3194 3386 δείκνυται,
3226 3324 3320 3374 καὶ
3346 3324 3378 3392 η
3410 3324 3579 3394 Τριάς
3606 3328 3705 3379 οὐκ

471 3448 573 3486 non
606 3431 657 3484 iu
691 3430 847 3483 nudis
886 3426 1211 3487 nominibus,
1245 3422 1339 3475 sed
1369 3422 1421 3474 in
1459 3418 1837 3488 hypostasihus
1864 3432 2030 3485 agno-

470 3524 659 3577 scitur.
716 3520 831 3574 Non
861 3518 1005 3573 enim
1043 3531 1142 3569 nos
1187 3514 1415 3566 dicimus
1462 3525 1623 3564 unum
1667 3510 1991 3576 trionymum
2018 3545 2032 3571 ,

473 3611 624 3677 juxta
676 3605 917 3668 Sabellii,
958 3601 1174 3657 Photini
1212 3614 1277 3653 ac
1322 3598 1557 3651 Marcelli
1606 3596 2033 3650 contractionem

471 3711 525 3753 et
557 3698 943 3752 confusionem.
995 3693 1182 3760 Neque
1211 3692 1340 3744 item
1382 3690 1482 3742 tria
1517 3688 1749 3742 invicem
1781 3697 2039 3741 extranea
2066 3716 2069 3721 λ

472 3799 528 3843 et
555 3788 763 3842 diversa
800 3785 1101 3839 substantia
1130 3782 1388 3850 przedita,
1431 3780 1737 3848 inaequalia,
1790 3794 1851 3833 ac
1880 3780 2037 3833 dissi-

479 3880 646 3941 milia,
680 3887 732 3930 et
765 3876 906 3930 aliud
939 3875 1043 3928 alio
1083 3873 1333 3941 superius
1363 3872 1461 3941 (ἓ),
1485 3886 1605 3939 quae
1635 3886 1734 3925 nos
1765 3882 1944 3925 mente
1973 3886 2037 3925 ac

477 3969 652 4039 lingua
684 3970 969 4021 metiamur
1001 3979 1064 4019 ac
1098 3963 1461 4033 ponderemus
1483 3999 1498 4026 ,
1546 3960 1701 4029 juxta
1736 3963 1850 4015 Arii
1902 3962 2037 4015 divi-

477 4063 709 4124 sionem,
742 4057 1131 4120 diversitatem,
1166 4065 1220 4108 et
1246 4053 1464 4120 impiam
1499 4053 1867 4106 curiositatem
1898 4070 1911 4106 :
1944 4054 2037 4108 sed

477 4163 590 4207 tres
638 4153 977 4221 hypostases,
1042 4160 1201 4199 unam
1250 4155 1427 4198 autem
1475 4142 1756 4196 Trinitatis
1793 4153 2037 4198 naturam

478 4246 853 4311 lncorpoream
886 4278 901 4303 ,
960 4235 1324 4291 invertibilem
1356 4278 1371 4299 ,
1427 4233 1867 4297 immutabilem,
1934 4232 2039 4286 line

456 4331 702 4401 ηοθηι
760 4338 1059 4390 carentem,
1107 4324 1486 4388 immortalem,
1536 4323 1821 4385 inﬁnitam,
1863 4322 2038 4376 incor-

479 4419 810 4491 ruptibilem,
845 4415 1370 4484 ineircumscriptam
1406 4452 1421 4477 ,
1468 4414 1814 4476 illimitatam,
1858 4414 2040 4468 invisi-

478 4513 664 4578 bilem,
693 4526 945 4564 arcanam
976 4548 992 4575 ,
1052 4506 1400 4569 ineﬂabilem,
1446 4505 1859 4559 inenarrabilem
1893 4544 1907 4569 ,
1958 4505 2039 4559 in-I

480 4600 1021 4672 comprehensibilem
1058 4636 1072 4662 ,
1114 4607 1258 4652 tactu
1335 4597 1608 4663 mentique
1687 4596 1996 4662 imper-viam
2021 4636 2035 4661 ,

2135 3400 2193 3451 ὲν
2216 3398 2392 3469 ψιλοῖς
2419 3405 2529 3465 τοῖς
2554 3405 2800 3475 ὀνόμασι,
2826 3408 2941 3461 ἀλλ’
2970 3410 3026 3461 ἐν
3053 3412 3173 3473 ταῖς
3204 3413 3535 3468 ὑποστάσεσι
3567 3434 3704 3483 γνω⁹

2140 3490 2365 3561 ρίζεται.
2398 3494 2471 3545 Οὐ
2505 3496 2613 3565 γάρ
2647 3496 2701 3547 ἐν
2728 3497 2956 3567 λέγομεν
2975 3499 3283 3572 τριώνυμον
3318 3507 3458 3557 κατὰ
3488 3505 3584 3575 τὴν
3611 3506 3701 3558 τοῦ

2136 3582 2425 3636 Σαϐελλίου
2455 3587 2550 3637 καὶ
2580 3588 2842 3640 Φωτεινοῦ
2900 3590 2995 3643 καλ⁹
3035 3593 3355 3663 Μαρκέλλου
3398 3598 3702 3667 συναίρεσίν

2136 3689 2195 3725 τε
2220 3675 2313 3727 καὶ
2344 3678 2604 3745 σύγχυσιν
2628 3695 2642 3707 ³
2690 3679 2751 3731 οὐ
2780 3681 2907 3748 τρία
2929 3682 3203 3751 ἀλλόφυλά
3235 3700 3293 3737 τε
3332 3689 3424 3739 καὶ
3461 3688 3699 3757 ὲτεροού-

2141 3782 2247 3828 σια,
2282 3766 2439 3820 ἄνισα
2485 3769 2579 3820 καὶ
2623 3770 2872 3839 ἀνόμοια,
2914 3772 3158 3843 ἀλλήλων
3202 3778 3593 3849 ὑπερκείμενα,
3633 3776 3699 3850 νῷ

2138 3858 2232 3909 καὶ
2293 3857 2506 3930 γλώττῃ
2564 3862 2908 3933 μετρούμενά
2967 3883 3027 3919 τε
3097 3868 3191 3920 καὶ
3247 3869 3697 3941 ταλαντευόμενα.

2137 3949 2279 4002 κατὰ
2314 3951 2411 4019 τὴν
2450 3951 2660 4021 Ἀρείου
2692 3956 2952 4024 διαίρεσίν
2988 3974 3047 4009 τε
3086 3960 3179 4011 καὶ
3222 3959 3577 4030 ἀλλοτρίωσιν
3617 3964 3700 4016 καὶ

2137 4039 2373 4103 δυσσεϐῆ
2434 4043 2964 4116 πολυπραγμοσύνην
2992 4066 3005 4077 ’
3067 4049 3202 4103 ἀλλὰ
3255 4054 3404 4123 τρεῖς
3462 4053 3562 4121 μὲν
3610 4055 3697 4116 τὰς

2138 4130 2483 4195 ὑποστάσεις,
2518 4134 2647 4201 μίαν
2682 4134 2737 4187 δὲ
2768 4137 2861 4207 τῆς
2895 4138 3124 4208 Τριάδος
3154 4140 3249 4210 τὴν
3284 4141 3444 4208 φύσιν
3483 4144 3697 4213 ἀσώμα-

2137 4236 2250 4285 τον,
2282 4222 2567 4291 ἄτρεπτον,
2598 4224 2974 4292 ἀναλλοίωτον,
3004 4229 3376 4301 ἀτελεύτητον,
3420 4232 3691 4294 ἀθάνατον,

2139 4311 2401 4383 ἂπειρον,
2470 4314 2769 4385 ἄφθαρτον,
2812 4319 3243 4388 ἀπερίγραπτον,
3313 4322 3692 4392 ἀπερίληπτον,

2139 4406 2385 4475 ἀόρατον,
2420 4408 2624 4477 ἀσαφῆ,
2666 4408 2921 4480 ἄρρητον,
2963 4412 3258 4481 ἄφραστον,
3302 4415 3691 4485 ἀκατάληπτον,

2140 4497 2460 4563 ἀνέφικτον,
2513 4501 2900 4569 ἁπερινόητον,
2948 4502 3261 4573 αὐτοζωὴν,
3316 4504 3433 4572 φῶς
3484 4507 3692 4577 νοερὸν,

2144 4587 2324 4658 πηγὴν
2367 4589 2605 4655 ἀγαθῶν,
2654 4590 2921 4662 θησαυρὸν
2972 4594 3181 4660 σοφίας,
3232 4595 3559 4665 δημιουργὸν
3599 4597 3693 4649 τῶν

478 4701 665 4759 suapte
690 4699 882 4742 natura
917 4687 1207 4748 virentem,
1236 4686 1409 4739 lucem
1443 4684 1880 4750 intellectualem,
1912 4684 2029 4738 Ion-

2142 4679 2297 4743 δ’λων,
2335 4680 2685 4751 κυϐερνῶσαν
2717 4684 2785 4736 τά
2838 4682 3035 4748 πάντα,
3089 4684 3281 4752 σοφίαν
3330 4686 3608 4740 ίθὺνουσαν
3642 4689 3692 4739 τὸ

484 4790 588 4831 tem
623 4778 909 4839 bonorum,
943 4775 1225 4843 sapientia:
1281 4775 1639 4837 thesaurum,
1690 4788 1869 4828 rerum
1915 4788 2034 4826 om-

478 4872 625 4921 nium
661 4867 979 4921 creatricevt
1014 4874 1068 4919 et
1089 4867 1545 4933 guhernatricem,
1571 4866 1891 4932 sapientiam
1921 4880 2037 4934 qua:

480 4961 743 5012 universa:
794 4960 868 5012 rei
918 4968 1113 5011 creata:
1170 4956 1436 5025 navigium
1502 4956 1705 5025 dirigit.
1752 4955 1901 5010 Hanc
1940 4972 2036 5011 nos

479 5054 635 5105 hdem
660 5060 934 5104 tenemus:
966 5050 1103 5102 hanc
1120 5049 1261 5101 enim
1282 5065 1310 5100 a
1331 5048 1593 5118 theologis
1614 5049 1743 5102 viris
1770 5049 1910 5102 doeti
1933 5049 2033 5102 ini-

480 5157 616 5195 mus.
639 5142 705 5195 Iis
730 5150 907 5195 autem
927 5140 1015 5209 qui
1034 5140 1271 5194 humano
1297 5139 1575 5193 ratiocinio
1595 5138 1888 5210 disputant,
1910 5141 2035 5195 dici-

2142 4771 2239 4841 τῆς
2269 4772 2495 4835 κτίσεως
2521 4774 2747 4842 σκάφος.
2784 4774 3001 4843 Ταύτην
3026 4776 3124 4845 τὴν
3162 4778 3342 4829 πίστιν
3368 4778 3688 4848 κατέχομεν·

2143 4864 2344 4935 ταύτην
2364 4866 2470 4937 γάρ
2503 4866 2651 4936 παρὰ
2674 4867 2781 4919 τῶν
2810 4866 3075 4936 θεολόγων
3098 4869 3304 4939 ἀνδρῶν
3332 4870 3687 4941 ἐδιδάχθημεν.

2144 4956 2286 5026 Πρὸς
2327 4957 2381 5009 δὲ
2425 4960 2550 5020 τοὺς
2594 4958 2701 5011 ἀπὸ
2734 4959 3109 5030 συλλογισμῶν
3146 4961 3557 5031 διαλεγομένους
3608 4964 3689 5031 (I).

2142 5051 2400 5119 εἴπωμεν·
2443 5050 2655 5119 Ἐκείνη
2714 5068 2807 5102 σου
2860 5054 2891 5120 ἠ
2937 5054 3113 5123 μερὶς,
3163 5054 3368 5117 ἐκεῖνος
3412 5057 3443 5107 ὁ
3488 5055 3686 5125 κλῆρος,

2138 5143 2171 5210 η
2180 5141 2295 5209 μῶν
2326 5142 2382 5193 δὲ
2411 5142 2567 5212 μερὶς
2607 5142 2831 5214 Κύριος,
2858 5135 2903 5211 ᾧ
2932 5143 3370 5210 ἀκολουθοῦντες,
3418 5143 3517 5217 τὴν
3543 5146 3689 5216 ὀρθὴν

540 5315 584 5346 ⁸²
620 5324 637 5379 l
672 5326 810 5379 Petr.
846 5339 918 5386 Iv,
950 5324 1033 5376 H.
1103 5320 1149 5353 ⁸³
1179 5321 1197 5375 l
1224 5320 1380 5375 Joan.
1417 5337 1488 5385 tv,
1525 5322 1609 5375 I5.
1679 5320 1723 5353 ⁸⁸
1751 5320 1912 5374 Hebr.
1939 5338 2013 5389 ix,
2041 5323 2125 5389 15,
2157 5324 2241 5377 II.

548 5507 623 5575 (I)
665 5507 858 5559 Mirum
888 5513 989 5564 est,
1027 5503 1165 5570 quod
1210 5501 1339 5553 illud
1377 5502 1535 5575 etiam
1567 5500 1766 5575 editum
1799 5501 1899 5554 sub
1925 5500 2027 5575 Cy_-

478 5572 577 5628 rilli
609 5572 785 5637 'lalso,
819 5584 875 5626 ut
915 5588 1032 5625 mox
1090 5575 1346 5631 dicemus,
1377 5572 1611 5631 nomine,
1643 5572 1913 5624 diversum
1963 5572 2025 5625 ai.

477 5648 576 5697 huc
607 5657 805 5704 nostro,
841 5642 1153 5710 OptISCItIllttl
1188 5640 1260 5691 De
1296 5638 1573 5699 Triuitate,
1605 5650 1878 5707 pOstremo
1917 5641 2028 5692 Au-

476 5715 695 5767 bertinat:
743 5709 989 5767 editumis
1034 5720 1195 5771 tomo,
1232 5713 1281 5761 in
1326 5709 1552 5771 capitula
1606 5724 1795 5769 xxvm,
1837 5711 2025 5762 tribui-

478 5794 581 5836 lttr.

546 5854 619 5917 (2)
660 5850 984 5920 Augustinus
1022 5863 1184 5902 scrin.
1216 5847 1338 5907 26L
1365 5847 1392 5897 7
1424 5845 1629 5920 ;_I’nt_er
1666 5856 1712 5920 et
1758 5844 1931 5920 Filius
1979 5862 2025 5902 et

476 5920 700 5989 Spiritus
734 5917 944 5973 sanctus
973 5934 1070 5970 non
1103 5920 1342 5987 gradibus
1372 5918 1470 5969 sibi
1498 5918 1711 5983 anem',
1739 5917 1825 5969 sed
1864 5920 2024 5984 maje-

2137 5516 2271 5562 state
2308 5507 2546 5570 adunati,
2578 5516 2623 5559 et
2656 5523 2792 5559 unus
2826 5506 2981 5561 Deus.

2209 5579 2284 5648 (5)
2328 5577 2507 5648 Ιιερᾼεδι
2530 5578 2667 5643 apud
2688 5577 2981 5648 Cyrillum;
3010 5590 3314 5646 quanquam
3338 5575 3502 5648 etiam
3530 5573 3678 5648 codet

2136 5645 2361 5702 biblicus
2381 5645 2665 5699 Vaticanus
2684 5646 2773 5698 ille
2792 5647 2929 5698 πάνυ
2950 5647 3142 5701 habent
3163 5660 3285 5699 cum
3308 5645 3546 5697 exteris:
3568 5646 3682 5707 πρὸς

2132 5717 2232 5787 τὴν
2267 5720 2364 5839 της
2403 5716 2601 5784 σαρκὸς
2639 5717 3003 5786 καθαρότητα.

2204 5788 2282 5839 iii
2350 5788 2418 5839 lic
2450 5787 2728 5839 uersuicue
2773 5785 3003 5839 rational

2204 5788 2282 5854 (ι)
2321 5781 2418 5840 Ilic
2450 5781 2728 5853 perspicue
2773 5781 3157 5841 rationalitatis
3197 5786 3444 5837 humana:
3478 5781 3679 5836 abusum

2133 5857 2365 5927 Cyrillus
2394 5857 2677 5925 vituperat.
