3988 6500
1814 453 1841 466 κ

1332 527 1426 586 DE
1465 523 1977 586 INCARNATIONE
2022 518 2400 581 'UNIGENITI.

216 539 365 595 “$7

3384 516 3522 573 H93

214 657 336 729 ρδς,
373 657 410 729 ἡ
457 656 552 711 τοῦ
597 657 805 725 κόσμου
852 651 1095 723 σωτηρία
1143 649 1238 704 καὶ
1267 648 1419 719 ζωὴ,
1451 648 1545 701 καὶ
1603 646 1821 701 διόλωλε

1942 642 2140 711 ιιιίιιεηι
2162 647 2355 709 estpro
2378 636 2553 703 nobis,
2571 652 2742 705 neque
2761 634 3065 691 resurrexit
3082 633 3350 689 Christus.
3367 634 3521 701 Quod

130 796 133 797 ,
212 749 522 813 παντελῶς
569 752 600 818 ἠ
638 748 748 799 τῶν
776 748 831 798 ἐν
864 747 1045 798 πίστει
1095 740 1513 812 κεκοιμημένων
1548 739 1723 802 ἐλπίς.
1754 735 1825 792 Εὖ

213 844 329 914 γὰρ
367 837 477 896 ὧδε
511 842 655 910 ἔχειν
689 839 862 892 ἐδόκει
894 839 987 890 καὶ
1018 836 1095 905 τῷ
1130 834 1387 906 μακαρέῳ
1426 832 1644 903 Παύλῳ,
1682 846 1824 901 παρα

212 934 406 986 έδωκα
434 933 551 1003 γὰρ
574 932 723 1000 ὑμῖν,
749 936 934 999 φησιν,
957 930 1014 980 ἐν
1041 927 1300 997 πρώτοις,
1321 924 1349 977 ὃ
1374 925 1468 977 καὶ
1495 920 1825 993 παρέλαϐον,

215 1028 305 1079 ὅτι
341 1024 592 1095 Χριστὸς
638 1022 909 1075 ἀπέθανεν
960 1017 1102 1088 ὑπὲρ
1150 1016 1257 1070 τῶν
1308 1015 1592 1087 ἁμαρτιῶν
1644 1012 1824 1084 ἡμῶν,

216 1119 367 1171 κατὰ
396 1117 508 1179 τὰς
536 1115 781 1185 Γραφὰς,
813 1112 907 1165 καὶ
935 1110 1017 1163 ὅτι
1054 1107 1253 1178 ἐτάφη,
1286 1106 1382 1161 καὶ
1412 1105 1493 1159 ὅτι
1528 1104 1826 1175 ἐγήγερται

212 1212 282 1279 τῇ
319 1208 517 1278 ἡμέρᾳ
545 1209 610 1276 τῇ
650 1206 831 1276 τρίτῃ,
874 1201 1015 1255 κατὰ
1052 1200 1150 1262 τὰς
1175 1199 1417 1269 Γραφὰς,
1447 1197 1541 1250 καὶ
1566 1196 1646 1249 ὅτι
1670 1194 1823 1265 ὤφθη

214 1302 419 1370 Κηφᾷ,
459 1296 583 1352 εἶτα
601 1300 713 1359 τοῖς
738 1295 968 1357 δώδεκα,
1009 1294 1197 1345 ἔπειτα
1229 1290 1385 1359 ὤφθη
1413 1288 1597 1340 ἐπάνω
1625 1302 1823 1339 πεντα-

216 1390 439 1453 κοσίοις
483 1388 739 1457 ἀδελφοῖς
772 1383 1009 1455 ἐφάπαξ,
1036 1383 1093 1446 ἐξ
1122 1376 1194 1434 ὧν
1222 1383 1270 1433 οἱ
1294 1379 1536 1440 πλείονες
1574 1377 1825 1448 μένουσιν

215 1481 330 1543 ’ἐως
365 1480 521 1550 ἄρτι,
555 1479 697 1539 τινὲς
732 1477 790 1530 δὲ
831 1477 922 1530 καὶ
951 1472 1346 1543 ἐκοιμήθησαν.
1396 1471 1627 1523 Ἔπειτα
1668 1467 1822 1538 ὥρθη

234 1570 515 1640 Ἰακώϐῳ,
548 1570 742 1621 ἔπειτα
780 1569 891 1629 τοῖς
918 1564 1237 1626 ἀποστόλοις
1286 1562 1474 1626 πᾶσιν,
1517 1561 1743 1631 ἔσχατον
1770 1560 1824 1612 δέ

218 1663 480 1723 πάντων,
502 1661 746 1729 ὡσπερεί
767 1674 843 1726 τῳ
862 1654 1196 1725 ἐκτρώματι.
1218 1654 1403 1724 φησὶν,
1424 1650 1579 1721 ὤφθη
1598 1652 1783 1721 κάμοί.
1802 1670 1818 1702 ι

221 1754 340 1804 Καὶ
376 1751 501 1820 μεθ’
524 1751 687 1819 ἔτερα
728 1748 914 1799 πάλιν·
950 1764 968 1795 ι
1012 1747 1071 1797 El
1100 1744 1155 1797 δὲ
1188 1743 1421 1814 Χριστὸς
1461 1744 1822 1814 κηρύσσεται,

217 1845 307 1897 ὅτι
341 1845 411 1893 ἐκ
454 1838 664 1910 νεκρῶν
700 1839 1019 1907 ἐγῆγερται,
1061 1834 1180 1897 πῶς
1220 1832 1471 1901 λέγουσιν
1502 1834 1559 1885 ἐν
1590 1832 1720 1902 ὑμῖν
1746 1849 1825 1884 τι-

219 1949 343 1994 νες,
378 1932 465 1981 ὅτι
493 1930 786 1989 ἀνάστασις
822 1925 1032 1996 νεκρῶν
1064 1925 1161 1976 οῦκ
1190 1923 1368 1988 έστιν;
1403 1924 1451 1974 εἰ
1488 1921 1545 1974 δὲ
1576 1922 1825 1974 ἀνάστα-

223 2039 312 2081 σις
346 2021 566 2090 νεκρῶν
595 2021 696 2072 οὐκ
723 2020 891 2082 ἔστιν,
923 2016 1043 2068 οὐδὲ
1074 2014 1308 2085 Χριστὸς
1338 2015 1649 2085 ἐγήγερται.
1683 2013 1744 2064 Εἰ
1768 2012 1827 2064 δὲ
1858 1999 1897 2052 Β

221 2110 472 2183 Χριστὸς
494 2110 593 2163 οὐκ
624 2110 943 2177 ἐγήγερται,
965 2106 1121 2158 κενὸν
1144 2104 1252 2175 ἄρα
1271 2104 1331 2156 τὸ
1360 2104 1623 2174 κήρυγμα
1644 2099 1822 2170 ἡμῶν,

225 2204 367 2275 κενὴ
414 2203 511 2257 καὶ
541 2204 573 2273 ἡ
599 2201 779 2262 πίστις
803 2198 980 2269 ἡμῶν.
1018 2196 1403 2267 Εὑρισκὸμεθα
1424 2195 1482 2248 δέ
1516 2195 1613 2249 καὶ
1636 2192 1829 2263 ψευδο-

227 2296 521 2365 μάρτυρες
558 2292 653 2344 τοῦ
685 2290 841 2350 Θεοῦ,
885 2290 967 2341 ὅτι
998 2289 1189 2358 ἤγειρε
1238 2287 1331 2338 τὸν
1354 2284 1607 2357 Χριστὸν,
1638 2283 1698 2337 ὃν
1729 2283 1829 2335 οὐκ

226 2384 485 2455 ἧγειρεν,
517 2381 676 2451 εἴπερ
699 2381 805 2450 ἄρα
834 2379 1020 2449 νεκροὶ
1049 2378 1148 2430 οὐκ
1183 2377 1512 2446 ἐγείρονται.
1551 2392 1569 2426 ι
1594 2372 1829 2443 Τεθναίη

226 2474 345 2545 γὰρ
383 2474 473 2535 ἂν,
506 2472 626 2525 εἰπέ
665 2489 775 2541 μοι,
810 2472 934 2524 τίνα
979 2470 1043 2539 δὴ
1078 2468 1281 2540 τρόπον
1315 2468 1539 2538 quid:
1574 2465 1697 2529 Πῶς
1737 2460 1831 2518 οὖν

226 2565 511 2635 ἀνέστησε
537 2565 629 2617 τὸν
667 2564 903 2636 Χριστὸν
935 2563 963 2614 ὁ
999 2561 1190 2632 Πατὴρ
1211 2598 1225 2619 ,
1276 2559 1435 2613 σκιὰν
1460 2558 1589 2612 ὄντα
1621 2558 1716 2611 καὶ
1748 2557 1833 2609 δό-

228 2671 425 2724 κησιν,
463 2655 559 2706 καὶ
595 2657 707 2716 τοῖς
726 2653 820 2705 τοῦ
858 2653 1089 2705 θανάτου
1125 2653 1345 2722 δεσμοῖς
1377 2653 1477 2720 οὐχ
1516 2650 1828 2720 ἁλώσιμονς

228 2750 490 2818 Οἰχέσθω
520 2749 583 2818 δὴ
614 2744 707 2800 οὖν
738 2747 767 2797 ὁ
805 2746 1029 2798 ἐκείνων
1055 2744 1282 2814 ἔμετος,
1326 2743 1495 2813 μῦθον
1533 2744 1591 2796 δὲ
1630 2744 1829 2807 ἄλλως,

230 2844 330 2893 καὶ
364 2841 585 2893 ἀνοσίου
638 2838 835 2909 βουλῆς
884 2836 1325 2907 ἁποϐράσματα,
1380 2835 1447 2888 τὰ
1484 2837 1614 2904 παρ’
1650 2836 1833 2897 αὐτοῖς

231 2933 529 3004 ἡγώμεθα.
563 2933 703 2994 Τοὺς
748 2933 855 3001 γὰρ
887 2930 1163 2991 τοιούτους
1204 2930 1332 2998 ἡμῖν
1379 2926 1833 2999 προκαταμηνῦει

232 3026 472 3094 γράφων
511 3023 605 3075 τοῦ
634 3023 885 3091 Σωτῆρος
909 3022 935 3072 ὁ
968 3018 1238 3090 μαθητὴς,
1282 3020 1363 3072 δτι
1410 3036 1429 3070 ι
1477 3018 1669 3071 Πολλοὶ
1703 3017 1836 3087 ψευο

235 3114 580 3186 ὃοττροερῆται
616 3113 1001 3177 ἐξεληλύθασιν
1038 3114 1116 3174 εἰς
1140 3112 1231 3163 τὸν
1276 3111 1499 3181 κόσμον.
1547 3111 1637 3163 Ἑν
1659 3110 1835 3180 τούτῳ

238 3207 578 3273 γινώσκεται
601 3206 661 3257 τὸ
696 3204 922 3273 Πνεῦμα
949 3204 1043 3257 τοῦ
1064 3204 1219 3256 Θεοῦ.
1250 3206 1365 3257 Πᾶν
1399 3204 1624 3274 Πνεῦμα
1648 3204 1677 3258 ὃ
1701 3206 1834 3274 ὁμο-ι

236 3299 391 3367 λογεῖ
440 3296 649 3368 Ἰησοῦν
696 3297 930 3367 Χριστὸν
961 3298 1018 3348 ἐν
1062 3296 1227 3367 σαρκὶ
1268 3295 1595 3367 ἐληλυθότα,
1631 3298 1697 3350 ἐκ
1735 3294 1832 3348 τοῦ

237 3390 382 3442 Θεοῦ
411 3390 546 3440 ἐστι.
588 3407 606 3439 ι
646 3388 755 3440 Καὶ
784 3386 938 3438 τοῦτό
984 3388 1101 3437 ἐστι
1134 3387 1194 3438 τὸ
1219 3386 1315 3438 τοῦ
1376 3386 1769 3455 ’Δντιχρίστου,
1804 3385 1833 3437 ὃ

236 3483 523 3551 ἀκηκόατε
554 3481 636 3534 ὅτι
670 3480 890 3550 ἔρχεται
913 3523 927 3543 ,
967 3482 1059 3532 καὶ
1085 3479 1179 3531 νῦν
1223 3481 1279 3531 ἐν
1315 3478 1394 3549 τῷ
1449 3478 1640 3550 κόσμῳ
1686 3478 1836 3531 ἐστὶν

238 3575 370 3648 ἥδη.
398 3576 459 3627 Εἰ
488 3575 597 3645 γὰρ
624 3573 699 3645 μὴ
737 3574 961 3642 γέγονεν
986 3572 1294 3642 ἄνθρωπος,
1333 3574 1473 3643 μήτε
1509 3572 1616 3641 μὴν
1638 3570 1835 3624 ἀναϐέ-

240 3668 418 3738 ϐηκεν
450 3668 506 3717 ἐν
536 3666 702 3736 σαριιλ⁵
749 3666 886 3736 πρὸς
926 3665 1018 3716 τὸν
1049 3666 1106 3716 ὲν
1156 3668 1267 3728 τοῖς
1317 3666 1567 3735 οὐρανοῖς
1612 3663 1833 3734 Πατέρα

244 3756 346 3806 καὶ
378 3753 531 3819 Θεὸν,
584 3754 695 3806 οὐδ’
750 3754 816 3806 ἂν
864 3752 1260 3823 ὑποστρέψειεν
1320 3753 1380 3817 ἐξ
1416 3751 1648 3823 οὐρανοῦ
1710 3750 1835 3805 καθ’

244 3847 420 3917 ἡμᾶς,
444 3846 727 3915 ἅνθρωπος
758 3846 1003 3914 δηλονότι
1038 3845 1131 3897 καὶ
1164 3848 1220 3897 ἐν
1254 3845 1443 3916 σαρκί.
1468 3846 1537 3897 Ἢ
1553 3846 1655 3897 οὐκ
1671 3845 1836 3914 ἀτρε-

245 3939 321 4008 κῆ
364 3954 444 3990 σοι
476 3939 637 4006 φάναι
668 3936 847 4001 δοκῶ;

1929 742 2076 788 certe
2110 733 2153 786 si
2188 740 2245 785 ut
2276 744 2461 785 verum
2490 730 2829 795 admittatur,
2850 727 3010 795 periit
3034 726 3415 790 lides,sublata
3439 739 3524 781 est

1928 841 2085 889 rrux,
2105 822 2288 877 mundi
2313 821 2458 877 salus
2482 836 2544 875 ac
2563 822 2671 874 vita
2692 841 2705 889 ;
2726 830 2886 891 atque
2902 820 2952 874 in
2968 821 3280 875 universum
3314 821 3524 873 interiit

1926 931 2114 969 eorum
2153 916 2241 984 qui
2280 915 2333 969 in
2374 915 2478 967 fide
2507 914 3080 981 obdormieruutspes.
3109 911 3186 965 lla
3222 912 3366 966 enim
3399 926 3523 965 sese

1933 1023 2043 1062 rem
2066 1008 2286 1071 habere,
2305 1007 2469 1060 etiam
2494 1005 2653 1061 beato
2675 1004 2845 1060 Paulo
2883 1003 3057 1059 visum
3091 1012 3174 1059 est
3206 1021 3222 1059 :
3252 1021 3271 1054 ι
3296 1003 3521 1057 Tradidi

1928 1101 2093 1165 enim,
2124 1099 2317 1167 inquit,
2361 1098 2514 1152 vobis
2551 1099 2601 1152 in
2650 1097 2842 1167 primis
2875 1098 3018 1163 quod
3050 1104 3106 1151 et
3133 1097 3341 1166 accepi,
3390 1111 3527 1163 qun-

1928 1191 2071 1243 niam
2101 1188 2351 1246 Christus
2376 1198 2618 1244 mortuus
2638 1198 2835 1260 estpro
2862 1191 3027 1262 682
3054 1189 3294 1260 peccatis
3324 1190 3527 1242 nostris
3580 1184 3583 1187 ’

1929 1282 2226 1335 secundum
2250 1279 2559 1349 Scripturas
2588 1301 2599 1334 :
2636 1289 2687 1334 et
2721 1283 2862 1349 quod
2893 1283 3138 1349 sepultus
3165 1290 3270 1347 est,
3300 1289 3353 1336 et
3381 1282 3525 1348 quod

1929 1372 2226 1426 resurrexit
2248 1370 2407 1426 tertia
2427 1370 2511 1425 die
2533 1372 2831 1426 secundum
2856 1370 3190 1442 Scripturas.
3213 1380 3265 1425 et
3292 1373 3433 1440 quod
3452 1372 3526 1424 vi-

1926 1478 2021 1517 sus
2045 1462 2361 1534 estCrphaa,
2386 1480 2449 1518 ac
2477 1473 2659 1533 postea
2690 1466 2994 1521 duodecim.
3030 1466 3231 1520 Deinde
3265 1466 3411 1519 visus
3442 1478 3545 1535 est

1928 1555 2044 1623 plus
2062 1570 2222 1624 quam
2246 1556 2556 1626 quingentis
2580 1555 2837 1612 fratribus
2859 1558 3018 1613 simul
3039 1599 3052 1623 ,
3068 1558 3348 1625 exquibus
3370 1558 3525 1613 multi

1929 1656 2149 1700 manent
2194 1662 2365 1716 usque
2416 1649 2613 1713 adhuc,
2663 1649 2883 1718 quidam
2931 1661 3111 1703 autem
3158 1649 3517 1704 dormierunt.

1932 1736 2132 1792 Deinde
2182 1740 2329 1793 visus
2351 1747 2435 1793 est
2462 1738 2690 1804 Jucobo,
2722 1740 2919 1796 deinde
2950 1741 3212 1811 apostolis
3235 1743 3490 1796 ontnibus
3510 1787 3523 1808 ,

1927 1828 2223 1885 novissime
2251 1839 2433 1885 autem
2457 1833 2701 1885 omnium
2732 1841 2988 1902 tanquam
3020 1835 3292 1896 abortivo.
3325 1832 3524 1903 inquit.

1929 1922 2076 1974 visus
2092 1931 2173 1975 est
2195 1930 2249 1976 et
2267 1922 2394 1977 mihi
2412 1924 2506 1977 ¹¹.›
2528 1923 2591 1976 Ει
2610 1925 2767 1993 paulo
2786 1936 2932 1993 post:
2956 1945 2974 1977 ι
3000 1924 3055 1979 Si
3075 1937 3252 1980 autem
3274 1927 3527 1982 Christus

1930 2014 2273 2081 praedicatur,
2290 2016 2431 2084 quod
2453 2018 2749 2071 resurrexit
2770 2033 2797 2070 a
2823 2020 3054 2074 mortuis
3075 2062 3089 2085 ,
3116 2019 3387 2087 quomodo
3409 2022 3497 2089 qui
3517 2051 3526 2057 -

1930 2105 2053 2158 dam
2078 2104 2263 2160 dicunt
2293 2107 2344 2159 in
2376 2106 2527 2163 vobis
2552 2110 2807 2178 quoniam
2836 2111 3163 2165 resurrectio
3188 2120 3527 2165 mortuorum

1932 2210 2035 2248 non
2073 2194 2192 2249 est?
2234 2196 2288 2249 Si
2320 2206 2497 2251 autem
2550 2200 2882 2255 resurrectio
2913 2212 3250 2257 mortuomm
3285 2220 3390 2257 non
3420 2218 3526 2262 est.

1933 2298 2107 2354 neque
2127 2284 2377 2340 Christus
2396 2288 2707 2343 resurrexit.
2734 2287 2788 2343 Si
2818 2298 3000 2345 autem
3030 2290 3279 2346 Chri~tus
3306 2310 3410 2347 ttutt
3448 2311 3532 2347 ru.-

1932 2375 2194 2435 surrexil.
2226 2376 2404 2433 inanis
2434 2389 2516 2433 est
2558 2394 2688 2449 ergo
2736 2379 3049 2449 prrodicatio
3094 2392 3299 2448 nostra,
3350 2384 3532 2438 inanis

1933 2476 2016 2520 est
2056 2474 2110 2520 et
2154 2468 2285 2522 ﬁdes
2314 2478 2534 2537 nostra;
2575 2471 2882 2525 invenimur
2911 2482 3089 2525 autem
3125 2483 3177 2527 et
3212 2473 3328 2528 falsi
3362 2485 3531 2531 teSIes

1936 2556 2055 2623 Dei,
2083 2560 2339 2628 quoniam
2379 2562 2746 2615 testimonium
2772 2563 3011 2619 diximus
3044 2567 3306 2622 adversus
3338 2567 3529 2631 Deum,

1936 2650 2078 2717 quod
2110 2651 2456 2707 sueritaverit
2489 2654 2790 2711 Christum.
2819 2671 2979 2725 quem
3015 2672 3119 2711 non
3145 2661 3454 2726 suscitavit,
3484 2664 3531 2716 si

1936 2739 2134 2793 mortui
2166 2758 2270 2793 non
2306 2754 2594 2812 resurgunt
2621 2744 2685 2797 ¹³.
2720 2763 2738 2796 ι
2768 2745 3016 2810 Quonam
3046 2749 3190 2802 enim
3224 2758 3403 2818 pacto,
3428 2751 3498 2805 oh

1936 2846 2119 2896 secro,
2149 2834 2420 2888 moriatur
2458 2835 2697 2889 umbra?
2731 2840 3011 2904 Quomodo
3060 2841 3222 2910 igitur
3247 2842 3534 2896 suscitavit

1936 2923 2211 2977 Christum
2253 2924 2434 2991 Pater,
2466 2942 2587 2981 cum
2634 2928 2823 2983 umbra
2871 2941 3077 2985 taulmu
3123 2942 3175 2986 et
3208 2933 3530 3004 imaginaria

1938 3015 2183 3084 quaadam
2220 3019 2534 3087 apparentia
2565 3033 2734 3085 esset,
2775 3033 2831 3078 et
2878 3025 3071 3079 mortis
3097 3026 3329 3081 vinculis
3356 3027 3533 3083 obuo-

1939 3096 2064 3161 xiu‘s
2111 3123 2216 3163 non
2249 3110 2433 3165 esset?
2478 3111 2672 3167 Procul
2715 3113 2879 3184 igitur
2912 3116 3145 3170 facessat
3183 3117 3399 3173 illorum
3438 3136 3533 3171 vo-

1942 3200 2114 3260 mitio,
2163 3202 2291 3270 quin
2326 3202 2504 3271 potius
2559 3202 2792 3258 fabulam
2840 3205 3099 3276 impiique
3130 3209 3293 3263 animi
3336 3210 3529 3265 ebulli-

1944 3292 2115 3344 liones
2148 3293 2544 3347 existimemus.
2584 3295 2857 3365 Ejusmodi
2891 3298 3033 3351 enim
3064 3300 3220 3354 nobis
3249 3310 3407 3356 antea
3441 3304 3537 3355 de-

1940 3382 2165 3450 scripsit
2215 3382 2521 3439 Servatoris
2567 3387 2734 3440 nostri
2777 3388 3076 3458 discipulus
3126 3409 3137 3443 :
3182 3410 3200 3442 ι
3235 3390 3411 3458 Ilulti,
3451 3395 3537 3448 in-

1943 3475 2156 3542 quiens,
2208 3478 2695 3547 pseudoprophetze
2745 3482 2997 3535 exierunt
3047 3484 3096 3534 in
3137 3487 3422 3545 mundum.
3478 3488 3533 3541 lu

1944 3570 2045 3621 lmc
2091 3568 2443 3636 cognoscitur
2489 3569 2729 3638 Spiritus
2780 3574 2893 3629 Dei.
2946 3575 3136 3631 Omnis
3171 3580 3397 3645 spiritus
3440 3584 3533 3650 qui

1942 3662 2233 3715 conlitetur
2258 3660 2441 3716 Jesum
2473 3662 2747 3719 Christum
2789 3667 2840 3720 in
2868 3684 3033 3725 carne
3066 3674 3301 3736 venisse,
3329 3690 3393 3727 ex
3426 3675 3536 3729 Dm

1942 3762 2050 3808 est.
2100 3770 2118 3802 ι
2159 3752 2221 3806 Et
2262 3752 2443 3807 omnis
2486 3756 2709 3823 spiritus
2740 3761 2829 3829 qui
2866 3775 2971 3837 non
3000 3764 3291 3817 confitetur
3317 3764 3532 3832 Iesum,

1942 3858 2008 3897 ex
2045 3844 2150 3897 Deo
2176 3860 2279 3898 non
2308 3854 2410 3899 est.
2445 3847 2623 3916 Atque
2650 3849 2753 3903 hoc
2789 3861 2865 3905 est
2905 3852 2971 3906 de
3000 3855 3364 3918 Anteehristo.
3390 3864 3534 3925 quod

1946 3935 2198 3999 audistis,
2233 3936 2490 4005 quoniam
2545 3938 2745 4000 veniet,
2784 3953 2836 3993 et
2871 3958 3013 3997 nunc
3057 3945 3170 4014 jam
3223 3947 3277 3999 iu
3337 3953 3536 4001 tuuudu

245 4047 333 4090 est
369 4034 435 4085 ιδ.
472 4052 489 4083 ι
528 4033 582 4086 Si
612 4035 755 4088 enim
776 4035 946 4110 homo
980 4033 1153 4088 factus
1184 4048 1290 4087 non
1338 4041 1443 4099 est,
1492 4045 1665 4101 neque
1732 4031 1975 4085 ascendit
2007 4032 2056 4083 in
2127 4046 2291 4084 carne
2328 4032 2378 4085 in
2424 4033 2593 4087 caelos
2634 4036 2697 4088 ad
2751 4034 2967 4091 Patrem
3014 4055 3076 4095 ac
3129 4040 3320 4107 Οειιιιιι,
3359 4060 3537 4117 neque

248 4133 433 4189 redire
468 4131 653 4200 poterit
690 4146 755 4183 cx
785 4133 925 4185 ctelu
954 4131 1108 4186 nobis
1135 4130 1347 4195 similis,
1380 4131 1542 4185 homo
1571 4129 1853 4194 nimirum,
1889 4137 1942 4181 et
1975 4127 2026 4179 in
2057 4142 2241 4180 carne.
2278 4128 2434 4183 Anne
2464 4130 2557 4183 tibi
2602 4145 2722 4184 vera
2765 4133 2944 4186 dicere
2980 4135 3207 4188 videor?

323 4229 387 4283 Β.
419 4228 530 4282 Καὶ
561 4228 727 4293 μάλα.

323 4322 391 4374 Δ.
420 4321 495 4372 Τὸ
522 4320 577 4373 δὲ
600 4319 663 4389 δὴ
688 4319 781 4371 καὶ
811 4318 1029 4391 ἐτέρους
1059 4316 1265 4371 οἴεσθαί
1296 4335 1355 4370 τε
1391 4317 1485 4370 καὶ
1508 4317 1724 4388 φρονεῖν
1780 4313 1840 4379 ἐξ

246 4412 567 4480 ἀμετρήτου
598 4409 846 4471 νωθείας,
877 4410 1087 4475 γένεσιν
1123 4409 1220 4478 μὲν
1268 4406 1569 4477 ἀνήνασθαι
1607 4407 1707 4479 τὴν
1752 4406 1840 4459 διὰ

249 4502 353 4570 τῆς
390 4501 551 4568 ἁγίας
588 4499 866 4570 Παρθένου
890 4541 904 4565 ,
936 4500 1027 4552 τὸν
1053 4501 1117 4551 ἐκ
1139 4498 1274 4550 Θεοῦ
1313 4498 1485 4566 φύντα
1521 4500 1712 4566 Λόγον,
1746 4498 1840 4550 καὶ

2014 4219 2075 4275 Β.
2118 4221 2369 4277 Omnino.

2018 4312 2082 4364 Α.
2126 4310 2276 4377 Quod
2302 4328 2428 4366 vero
2452 4314 2541 4367 alii
2573 4330 2637 4369 ex
2666 4316 2928 4372 immensa
2959 4320 3192 4389 quadam
3218 4323 3536 4394 Slttpidilate

1950 4402 2183 4457 Verbum
2220 4418 2282 4459 ex
2338 4401 2447 4459 Deo
2489 4408 2728 4476 genitum
2780 4412 2927 4465 nasci
2973 4428 3038 4466 ex
3089 4427 3274 4469 sancta
3316 4415 3538 4488 Virgine.

1950 4495 2208 4558 noluisse,
2239 4505 2293 4549 et
2327 4506 2573 4551 naturam
2604 4509 2844 4555 nostram
2892 4506 3185 4572 respuisse.
3233 4509 3326 4563 sed
3356 4510 3538 4578 potius

251 4562 419 4663 φῦσιν
440 4562 721 4661 *ἀτιμάσαι
772 4562 1041 4661 τὴνῐκαεν
1084 4593 1252 4661 ἡμᾶς,
1291 4562 1740 4663 τταρατετράιρθαι
1786 4590 1833 4643 δὲ

1949 4597 2213 4641 tnulatum
2252 4589 2425 4657 ipsum
2458 4589 2512 4644 in
2555 4606 2773 4646 carnem
2824 4602 3100 4649 terrenam
3149 4562 3531 4657 contendunt:

257 4686 458 4756 μᾶλλον
494 4686 657 4737 αὑτὸν
693 4687 774 4746 εἰς
798 4684 894 4755 τὴν
924 4683 1033 4737 ἀπὸ
1052 4684 1156 4753 γῆς
1182 4684 1381 4755 σάρκα,
1412 4683 1842 4756 δυσφημοῦντων

254 4778 376 4830 ἐστὶ
398 4778 496 4845 τὴν
523 4778 857 4845 οἰκονομίαν,
885 4778 977 4829 καὶ
996 4780 1106 4841 τοῖς
1131 4776 1295 4839 θείοις
1327 4778 1641 4847 σκέμμασιν
1664 4780 1842 4830 ἐπιτι-

259 4870 368 4939 μᾷν
396 4868 706 4937 ᾑρημένων.
752 4870 811 4921 '0
840 4869 938 4938 μὲν
961 4869 1068 4939 γὰρ
1091 4870 1199 4922 τῶν
1223 4869 1359 4923 ὅλων
1382 4869 1732 4940 δημιουργὸς,
1748 4870 1843 4922 καὶ

258 4958 429 5021 πολὺς
455 4960 532 5020 εἰς
569 4958 718 5010 ἔλεον
746 4960 840 5012 τοῦ
863 4959 999 5012 Θεοῦ
1039 4960 1242 5028 Λόγος,
1288 4960 1595 5013 κεκένωκεν
1630 4959 1844 5025 ἑαυτὸν,

257 5051 328 5105 δι’
360 5053 509 5122 ἡμᾶς
547 5052 839 5121 γενόμενος
885 5051 1192 5123 ἄνθρωπος,
1227 5053 1518 5122 γενόμενος
1556 5053 1620 5104 ὲκ
1658 5068 1848 5121 γυναι-

260 5143 377 5205 κὸς,
405 5143 470 5194 ἶν’
504 5142 740 5213 ἐπείπερ
773 5143 1008 5209 αἵματος
1041 5144 1137 5195 καὶ
1161 5143 1362 5215 σαρκὸς
1392 5142 1757 5211 κεκοινώνηκε
1780 5141 1848 5195 τὰ

261 5232 471 5297 παιδία,
510 5231 790 5285 τουτέστιν
851 5233 1010 5301 ἡμεῖς
1037 5274 1051 5297 ,
1097 5234 1190 5284 καὶ
1232 5232 1393 5295 αὐτὸς
1449 5230 1848 5302 παραπλησίως

265 5325 513 5393 μετάσχῃ
528 5323 638 5374 τῶν
655 5322 845 5389 ὅντων,
868 5344 884 5374 ι
899 5324 1017 5375 ’Ἱνα
1038 5322 1125 5375 διὰ
1144 5322 1239 5375 τοῦ
1264 5323 1495 5377 θανάτου
1519 5324 1848 5395 καταργήσῃ

262 5417 352 5467 τὸν
388 5415 447 5467 τὺ
484 5415 680 5484 κράτος
713 5414 905 5484 έχοντα
933 5413 1029 5466 τοῦ
1058 5414 1313 5472 Θανάτου.
1338 5414 1585 5467 τουτέστι
1618 5414 1709 5466 τὸν
1731 5413 1847 5466 διά-

263 5507 440 5568 σολον,
475 5506 568 5557 καὶ
599 5506 886 5576 ἀπαλλάξῃ
907 5505 1147 5571 τούτους,
1177 5507 1291 5559 ὅσοι
1326 5507 1475 5576 φόϐῳ
1507 5506 1739 5559 Θανάτου
1761 5505 1849 5558 διὰ

268 5597 469 5659 παντὸς
499 5596 591 5648 τοῦ
636 5594 734 5666 ζῇν
758 5636 771 5658 ,
815 5598 990 5666 ἔνοχοι
1028 5593 1168 5666 ἦσαν
1206 5596 1469 5660 δουλείας.
1498 5617 1514 5648 ι
1569 5591 1695 5649 Ὧδε
1739 5595 1849 5665 γὰρ

265 5687 369 5757 ἔφη
400 5688 459 5739 τὸ
510 5688 747 5757 Γρὰμμα
780 5687 840 5739 τὸ
872 5687 1034 5757 ἱερόν.
1080 5690 1140 5739 Ol
1170 5688 1227 5739 δὲ
1259 5689 1357 5757 τῆς
1384 5688 1526 5741 οὕτω
1560 5688 1847 5757 παγκάλης

338 5885 382 5917 ¹¹
412 5888 425 5941 l
451 5885 575 5941 Cor.
609 5899 693 5945 xv,
718 5885 827 5942 5-3.

274 5955 517 6015 "lluhm
546 5973 579 6018 ι,
613 5955 695 6019 14,
740 5958 823 6010 lii.

907 5888 950 5918 "
977 5890 1102 5943 ibid.
1139 5888 1326 5942 {2-13.

1408 5885 1453 5917 ¹¹⁵
1480 5886 1495 5940 1
1523 5883 1676 5937 Joan.
1720 5897 1791 5943 tv,
1821 5882 1911 5935 1-5

1951 4677 2003 4730 in
2060 4676 2486 4731 incarnationem
2552 4677 2648 4733 Dei
2703 4680 3195 4750 blasphemantium
3246 4687 3539 4759 divinaque

1951 4767 2177 4821 consilia
2211 4767 2637 4838 improbantium
2664 4782 2764 4827 est.
2798 4773 3023 4828 Creator
3053 4774 3195 4828 enim
3228 4777 3391 4833 totius
3418 4780 3540 4834 uni-

1953 4859 2117 4921 versi,
2152 4867 2205 4912 et
2237 4858 2445 4930 largum
2478 4860 2531 4914 in
2577 4862 3004 4921 misericordiam
3052 4868 3140 4923 Dei
3176 4868 3407 4924 Verbum
3441 4888 3539 4927 ex-

1952 4947 2182 5001 inanivit
2210 4948 2472 5016 seipsuut,
2506 4949 2705 5005 factum
2730 4968 2827 5023 pro
2856 4955 3010 5011 nobis
3041 4958 3200 5012 homo
3230 4960 3294 5020 ".
3326 4971 3544 5016 natum-

1948 5056 2054 5111 que
2083 5056 2112 5095 e
2154 5042 2379 5097 muliere
2404 5044 2470 5108 ",
2504 5055 2561 5098 ut
2592 5050 3054 5115 quemadmodum
3091 5055 3371 5124 smguiuis
3409 5071 3539 5125 par-

1952 5132 2143 5201 ticipes
2171 5133 2279 5187 sint
2315 5135 2464 5203 pueri
2493 5134 2557 5203 ¹⁷,
2591 5136 2696 5192 hoc
2729 5151 2815 5194 est
2854 5157 2977 5207 nos,
3006 5145 3075 5198 ita
3100 5146 3262 5198 etiam
3290 5147 3543 5203 similiter

1952 5224 2065 5294 ipse
2102 5241 2289 5281 eorum
2320 5230 2593 5300 particeps
2629 5242 2807 5287 esset:
2838 5235 3004 5307 683
3040 5254 3058 5288 ι
3090 5236 3159 5293 Ut
3192 5253 3288 5306 per
3312 5252 3539 5296 mortem

1953 5318 2258 5372 destrueret
2294 5336 2415 5374 eum
2450 5323 2542 5390 qui
2590 5324 2823 5379 habebat
2865 5328 3055 5380 mortis
3092 5330 3400 5398 imperium,
3439 5334 3543 5389 hoc

1953 5418 2033 5461 est
2090 5408 2402 5476 diabolum;
2452 5419 2507 5464 et
2556 5412 2749 5467 liberet
2810 5429 2903 5468 eos
2967 5417 3055 5485 qui
3112 5418 3306 5473 timore
3352 5423 3545 5476 mortis

1956 5516 2050 5570 per
2078 5512 2243 5554 tutam
2276 5503 2438 5556 vitam
2480 5504 2697 5558 obnoxii
2730 5516 2887 5559 erant
2924 5508 3192 5561 servituti.
3230 5528 3249 5561 ι
3290 5510 3364 5565 lla
3398 5514 3543 5567 cuitu

1957 5594 2032 5647 ait
2060 5608 2214 5647 sacra
2262 5593 2541 5662 Scriptura
2590 5596 2655 5649 ".
2704 5596 2766 5649 Ili
2805 5612 2933 5651 vero
2962 5600 3226 5667 optimum
3270 5602 3371 5656 hoc
3403 5618 3544 5672 pra:-

1957 5685 2464 5752 stautissimumque
2493 5685 2582 5739 Dei
2620 5688 2925 5753 consilium,
2960 5700 3215 5759 tanquam
3242 5708 3431 5762 parum
3454 5696 3546 5748 dn-

2014 5883 2055 5913 ”
2081 5882 2309 5953 Philipp.
2348 5900 2406 5949 ιι,
2441 5885 2489 5941 7.
2573 5886 2614 5917 ”
2641 5886 2817 5942 Galat.
2854 5904 2927 5953 tv.
2955 5890 3007 5945 4.
3090 5892 3129 5923 "
3164 5890 3324 5946 Hebr.
3363 5908 3425 5956 tt,
3467 5894 3549 5953 Ν.
