3988 6472
544 473 686 532 1315
1556 464 1615 525 S.
1651 465 1927 525 CYRILLI
1967 463 2435 524 ALEXANDRINI
2474 463 2797 520 ARCHIEI'.
3643 459 3767 516 Hi6

546 594 776 649 etioues.
815 590 1058 646 Esurisse
1079 587 1221 644 enim
1247 587 1463 654 dicitur,
1485 598 1539 642 et
1569 588 1779 644 labores
1809 604 1876 644 ex
1925 588 2094 660 longis

2202 586 2351 650 altu
2392 587 2562 656 πάθη.
2611 585 2870 652 Πεινῆσαι
2911 581 3020 655 γὰρ
3059 580 3301 652 λέγεται,
3341 580 3552 643 κόπους
3585 597 3646 633 τι
3681 583 3776 634 ὑπ-

543 681 962 752 profectionibus
993 679 1270 745 tolerasse,
1303 694 1549 750 pavorem
1590 680 1752 735 etiam
1802 695 1866 734 ac
1909 689 2094 744 metus1

2207 681 2449 746 ενεγκεϊν
2477 678 2603 739 τοὺς
2645 676 2708 728 ὲκ
2744 673 2971 745 μακρῶν
2991 672 3331 744 ὁδοιποριῶν,
3376 672 3575 735 πτοίας
3603 688 3664 724 τε
3692 675 3776 726 καὶ

544 774 780 832 dolorem
805 781 861 826 et
899 785 1209 837 marorem,
1265 781 1493 826 mortem
1559 771 1790 840 denique
1839 772 1893 824 in
1945 785 2094 826 cruce

2207 769 2426 838 φόϐους,
2466 769 2557 820 καὶ
2604 767 2779 835 λύπην
2815 764 2912 818 καὶ
2955 764 3222 832 ἀγωνίαν,
3270 764 3365 817 καὶΙ
3412 765 3508 817 τὸν
3571 764 3667 817 ἐπὶ

541 867 793 923 subiisse.
823 864 1059 934 Cogente
1097 867 1239 921 enim
1270 865 1482 918 nemine
1550 866 1784 919 animum
1821 880 1971 919 suam
2011 881 2094 935 pro

2206 861 2424 931 σταυρῷ
2453 859 2698 912 θάνατον.
2736 856 3235 924 Ἐπαναγκάζοντος
3270 855 3380 926 γὰρ
3411 854 3657 918 οὐδενὸς,
3698 855 3778 908 τὲ-

541 956 699 1013 nobis
728 957 904 1026 posuit
921 955 989 1021 ⁸⁸,
1023 966 1078 1010 ut
1116 956 1340 1010 mortuis
1373 955 1529 1009 simul
1553 965 1611 1010 et
1661 956 1962 1011 viventibus
2010 957 2094 1009 do-

2203 954 2383 1008 θεικεν
2401 953 2494 1018 ἀφ’
2516 949 2711 1003 ἑαυτοῦ
2731 948 2830 1018 τὴν
2853 945 2990 1000 ἰδίαν
3019 943 3197 1017 ψυχὴν
3213 945 3355 1016 ὑπὲρ
3377 945 3558 1016 ἡμῶν,
3581 945 3672 996 ἴνα
3690 944 3780 995 καὶ

539 1047 776 1101 minetur
803 1045 868 1100 δ’.
891 1046 1122 1101 Carnem
1152 1060 1381 1114 namque
1411 1059 1563 1101 suam
1595 1060 1692 1114 pro
1721 1045 1958 1100 omnium
1984 1060 2094 1098 car-

2203 1043 2411 1113 νεκρῶν
2442 1043 2534 1096 καὶ
2565 1039 2782 1106 ζώντων
2810 1037 3095 1108 κυριεύσῃ.
3126 1037 3314 1107 Σάρκα
3359 1036 3460 1106 μὲν
3502 1037 3605 1104 τὴν
3647 1036 3776 1089 ίδίαν

540 1156 608 1194 ne
636 1139 968 1208 persolvens,
996 1137 1192 1194 donum
1227 1153 1412 1192 revera
1460 1137 1710 1194 omnibus
1754 1135 2094 1206 arquivalens,

2200 1134 2300 1203 τῆς
2339 1133 2592 1187 ἀπάντων
2645 1129 2845 1200 σαρκὸς
2886 1127 3302 1192 ἀνταποτιννξις,
3348 1128 3523 1198 δῶρον
3553 1126 3770 1196 ἀληθῶς

2201 1223 2470 1288 ἀντάξιον,
2509 1221 2688 1292 ψυχὴν
2725 1221 2782 1274 δὲ
2812 1220 2989 1291 ψυχῆς
3022 1219 3337 1290 ἀντίλυτρον
3371 1223 3469 1291 τῆς
3518 1220 3776 1272 ἁπάντων

2201 1313 2543 1384 ποιούμενος,
2586 1315 2634 1366 εί
2689 1314 2781 1366 καὶ
2825 1311 3027 1365 ἀνεϐίω
3059 1311 3241 1376 πάλιν,
3269 1311 3382 1381 ζωὴ
3431 1325 3576 1364 κατα
3618 1309 3776 1380 φύσιν

539 1412 855 1467 naturaliter
894 1411 1185 1476 exsistens,
1241 1420 1298 1466 ut
1337 1409 1496 1465 Deus.
1551 1409 1760 1464 idcirco
1789 1419 1844 1462 et
1884 1406 2094 1461 divinus

2199 1408 2458 1477 ὑπάρχων
2502 1406 2577 1470 ὡς
2609 1405 2766 1468 Θεός.
2818 1407 2926 1460 Καὶ
2959 1406 3088 1474 γοῦν
3133 1406 3163 1458 6
3205 1404 3496 1468 θεσπέσιος
3544 1404 3772 1476 Πέτρος,

534 1503 727 1558 Petrus
757 1505 826 1556 ita
857 1504 969 1557 ait:
1013 1519 1032 1553 ι
1068 1501 1181 1557 Viri
1215 1501 1434 1568 iratres,
1489 1501 1650 1558 liceat
1717 1500 1977 1554 audenter
2019 1499 2094 1553 di-

2205 1517 2222 1552 t
2250 1499 2476 1569 ’Δνδρες
2503 1497 2749 1567 ἀδελφοὶ,
2781 1497 2965 1567 φησὶν,
2999 1497 3118 1563 te?»
3158 1498 3333 1549 εἰπεῖν
3378 1496 3520 1566 μετά
3555 1498 3775 1564 παρρη-

535 1607 665 1647 rere
679 1594 744 1646 ad
773 1603 868 1648 vos
900 1593 966 1648 de
995 1593 1297 1662 patriarcha
1338 1591 1788 1662 David.quouiam
1817 1592 2094 1646 defunctus

2200 1589 2318 1651 σίας
2349 1587 2482 1657 πρὸς
2504 1588 2648 1657 ὑμᾶς
2671 1585 2800 1656 περὶ
2837 1586 2934 1640 τοῦ
2973 1586 3311 1656 πατριάρχου
3345 1585 3533 1646 Δαϐὶδ,
3556 1585 3642 1638 ὅτι
3685 1587 3776 1638 καὶ

533 1691 621 1736 est
651 1693 706 1736 et
740 1683 982 1753 sepultus
1013 1692 1116 1748 est,
1147 1691 1200 1737 et
1240 1682 1542 1752 sepulcrum
1571 1681 1686 1750 ejus
1715 1690 1798 1737 est
1829 1681 1963 1751 apud
2003 1695 2094 1735 nos

2197 1682 2516 1753 ἐτελεύτησε
2544 1680 2638 1734 καὶ
2673 1680 2870 1748 ἐτάφη,
2904 1680 3082 1732 καὶτὸ
3109 1677 3302 1748 μνῆμα
3332 1678 3499 1730 αὐτοῦ
3536 1679 3687 1728 ἐστιν
3719 1676 3774 1728 ὲν

536 1789 707 1842 usque
738 1775 790 1828 in
834 1773 1150 1829 hodiernum
1185 1775 1346 1832 diem.
1374 1774 1634 1844 Propheta
1665 1773 1824 1843 igitur
1851 1788 1970 1826 cum
2013 1787 2094 1827 es-

2196 1775 2327 1843 ἠμῖν
2365 1772 2490 1843 ἄχρι
2515 1771 2612 1839 τῆς
2635 1771 2848 1840 ἡμέρας
2877 1769 3102 1838 ταύτης.
3149 1768 3438 1838 Προφήτης
3473 1763 3568 1819 οὖν
3597 1767 3773 1837 ὑπάρ-

535 1872 636 1924 set,
658 1875 712 1918 et
739 1863 900 1917 sciret
929 1864 1050 1932 quia
1065 1862 1664 1933 jurejurandojurasset
1716 1863 1788 1918 illi
1853 1863 1994 1918 Deus
2032 1865 2094 1916 de

2196 1880 2327 1933 χων,
2357 1863 2450 1916 καὶ
2489 1858 2665 1924 εἰδὼς,
2690 1861 2772 1913 ὅτι
2816 1860 2964 1930 ὅρκῳ
3011 1857 3227 1928 ὤμοσεν
3272 1857 3422 1927 αύτῷ
3451 1858 3481 1910 6
3512 1856 3668 1918 Θεὸς,
3711 1858 3775 1909 ἐκ

532 1951 709 2005 fructu
737 1951 899 2008 lumbi
925 1951 1042 2022 ejus
1066 1955 1253 2010 sedere
1288 1967 1448 2022 super
1478 1954 1659 2007 sedem
1702 1950 1840 2018 ejus,
1900 1952 2088 2020 pra-vi.

2197 1951 2413 2024 καρποῦ
2455 1951 2559 2021 τῆς
2603 1949 2806 2019 ὀσφύος
2849 1947 3013 2002 αὐτοῦ
3047 1947 3270 2001 καθίσαι
3312 1948 3407 2000 ἐπὶ
3452 1949 3547 2001 τὸν
3585 1948 3773 2018 θρόνον

533 2042 667 2096 deus
690 2028 909 2096 loeutus
927 2051 1009 2100 est
1039 2043 1108 2097 de
1135 2045 1528 2100 resurrectione
1558 2043 1781 2108 Christi,
1831 2043 1953 2111 quia
2001 2058 2094 2096 ne-

2199 2044 2389 2106 αὑτοῦ,
2435 2041 2672 2113 προϊδὼν
2717 2040 2946 2111 ὲλάλησε
2986 2040 3249 2110 περὶτῆς
3299 2040 3654 2103 ἀναστάσεως
3679 2037 3773 2094 τοῦ

532 2143 638 2198 que
659 2128 919 2185 derelicta
941 2143 1025 2186 est
1058 2131 1112 2186 in
1139 2132 1348 2187 inferno
1375 2133 1551 2186 anima
1582 2135 1719 2198 eius,
1746 2146 1923 2204 neque
1970 2147 2094 2187 caro

2199 2131 2458 2204 Χριστοῦ,
2501 2133 2584 2185 ὅτι
2623 2130 2745 2186 οῦτε
2797 2129 3190 2200 ἐγκατελείφθη
3247 2132 3326 2193 είς
3361 2129 3498 2202 ᾅδην
3540 2132 3573 2199 ὴ
3628 2129 3771 2201 ψυχὴ

542 1233 776 1286 animam
805 1231 966 1284 etiam
999 1245 1150 1286 suam
1185 1229 1424 1284 omnium
1457 1231 1755 1282 animarum
1782 1225 2098 1295 redemptio-

541 1323 624 1376 nis
652 1322 881 1390 pretium
917 1321 1088 1384 dedit,
1114 1321 1324 1375 tametsi
1381 1327 1594 1375 rursdm
1652 1320 1928 1381 revixerit,
1987 1318 2096 1370 vita

531 2219 650 2287 eius
674 2221 808 2274 vidit
837 2221 1237 2290 corruptionem
1264 2220 1333 2277 ⁴³.
1367 2241 1385 2274 ι
1429 2220 1610 2290 Neque
1640 2223 1784 2277 enim
1839 2222 1918 2275 fas
1938 2220 2098 2278 fuerit

532 2313 707 2367 dicere
729 2324 997 2380 perpetua:
1026 2314 1355 2383 corruptioni
1374 2314 1660 2370 obnoxiam
1696 2327 1821 2367 esse
1858 2315 2097 2384 potuisse

527 2417 747 2456 carnem
782 2399 956 2458 Verbo
980 2403 1182 2456 unitum
1211 2421 1224 2468 ;
1269 2417 1439 2472 neque
1468 2417 1656 2459 rursus
1708 2403 1941 2458 divinant
1980 2404 2096 2457 aui-

529 2506 671 2547 mam
699 2493 870 2560 portis
899 2492 1094 2546 inferni
1121 2492 1435 2559 sulijeetznn.
1471 2493 1600 2545 Nam
1627 2494 1678 2546 in
1703 2493 1913 2549 inferno
1942 2495 2094 2548 dere-

532 2584 690 2636 lictus
719 2594 943 2647 nonest,
967 2594 1024 2636 ut
1045 2583 1256 2638 divinus
1287 2583 1448 2657 693
1472 2583 1662 2638 Petrus
1686 2585 1780 2639 ait.
1805 2583 1918 2640 Non
1951 2586 2090 2639 enim

532 2682 777 2726 naturam
807 2687 924 2741 quae
956 2689 985 2726 a
1011 2683 1181 2728 morte
1199 2676 1582 2743 comprehendi
1617 2685 1668 2729 et
1696 2676 1834 2729 vinci
1862 2692 1964 2729 non
2001 2693 2092 2744 pu-

531 2773 655 2827 test,
685 2764 788 2819 hoc
809 2775 916 2828 est,
952 2765 1290 2821 divinitatem
1319 2764 1610 2834 Unigeniti,
1653 2781 1684 2821 e
1723 2767 2094 2821 subterraneis

528 2855 801 2922 specubus
833 2857 1104 2915 reductam
1158 2857 1253 2912 ait.
1307 2854 1494 2924 Neque
1554 2856 1696 2910 enim
1731 2855 2092 2909 admiratione

527 2946 684 3017 digna
713 2961 798 3001 res
817 2957 981 3005 esset.
1009 2947 1054 2999 si
1092 2963 1195 3000 non
1246 2948 1442 3001 mansit
1477 2947 1527 2999 in
1586 2946 1796 3000 inferno
1831 2944 2088 3009 Verbum,

526 3037 669 3107 quod
702 3037 930 3092 Deitatis
956 3038 1190 3092 etlieaeia
1215 3046 1268 3092 et
1292 3047 1485 3092 natura
1533 3036 1838 3092 admirabili
1910 3047 1963 3090 et
2007 3051 2091 3090 ra-

529 3133 726 3186 tionem
750 3133 1045 3184 excedente
1071 3131 1227 3186 modo
1241 3129 1422 3184 omnia
1451 3129 1634 3195 implet
1658 3127 1946 3197 omniaque
1964 3143 2087 3195 per-

523 3231 688 3273 meat.
716 3219 974 3286 Superior
995 3221 1136 3273 enim
1171 3230 1251 3275 est
1296 3219 1443 3274 omni
1479 3218 1596 3274 loco
1644 3228 1697 3272 et
1746 3217 2088 3272 circumscri-

525 3313 731 3379 ptione,
759 3311 1229 3379 magnitudineque
1261 3311 1610 3366 tuensurabili
1646 3309 1848 3366 Deitas.
1881 3322 1977 3362 nec
2023 3308 2092 3362 ab
2119 3293 2158 3348 Ο

526 3401 632 3456 ullo
661 3401 986 3455 continetur.
1019 3401 1146 3458 Illud
1181 3417 1308 3455 vero
1357 3401 1556 3454 nemini
1605 3418 1711 3456 non
1752 3418 2096 3471 summopere

525 3493 895 3546 admirandum
925 3499 1027 3550 est.
1057 3494 1204 3562 quod
1229 3508 1426 3562 corpus
1453 3502 1642 3547 natura
1697 3508 1789 3550 sua
1836 3494 2097 3560 corrupti-

527 3584 630 3638 bile
659 3584 932 3648 revixerit,
987 3584 1252 3653 siquidem
1311 3584 1706 3652 iucorruptibili
1767 3585 1942 3640 Verbo
1983 3585 2098 3638 uui-

527 3687 638 3729 tum
672 3675 1026 3732 erat.Auima
1075 3685 1255 3732 autem
1311 3676 1514 3740 divina,
1564 3692 1684 3746 quze
1744 3693 2094 3748 congressum

524 3775 686 3833 atque
715 3767 974 3822 unitatem
1015 3782 1136 3821 cum
1167 3765 1340 3822 Verbo
1368 3779 1656 3824 consecuta
1699 3779 1838 3835 erat,
1871 3770 2094 3824 descen-

523 3858 602 3912 dit
631 3856 844 3923 quidem
876 3857 928 3910 in
961 3857 1250 3921 infernum,
1283 3866 1337 3911 et
1369 3857 1547 3912 divina
1593 3860 1830 3927 potentia
1871 3860 2092 3914 faculta-

520 3959 684 4017 teque
709 3958 891 4014 utens,
909 3948 1077 4004 etiam
1114 3948 1395 4017 spiritibus
1421 3949 1473 4003 in
1511 3949 1722 4008 inferno
1773 3952 2094 4008 constitutis

521 4039 789 4108 apparuit.
814 4039 1017 4097 Idcirco
1042 4043 1202 4093 etiam
1227 4040 1362 4095 dixit
1393 4041 1462 4098 iis
1480 4043 1644 4112 quiin
1664 4044 1894 4106 vinculis
1913 4054 2094 4110 erant,

525 4149 545 4181 4
592 4129 785 4185 Exite:
832 4142 890 4184 et
936 4131 1001 4185 iis
1030 4131 1122 4200 qui
1154 4131 1214 4206 in;
1232 4133 1489 4198 tenebris,
1513 4132 1841 4189 Revelamini
1867 4135 1933 4190 “.
1969 4155 1988 4187 ›
2017 4137 2094 4191 Ac

521 4221 654 4278 milii
687 4222 899 4290 quidem
933 4222 1256 4286 ejuscemodi
1287 4223 1486 4295 aliquid
1521 4225 1700 4281 dicere
1725 4227 1937 4281 videtur
1963 4228 2091 4283 bea-

521 4319 608 4365 tus
641 4309 830 4366 Petrus
860 4312 924 4366 de
945 4311 1117 4368 Verbo
1143 4313 1259 4378 Dei,
1288 4314 1460 4383 deque
1497 4315 1676 4371 anima
1728 4332 1847 4387 quae
1885 4320 1935 4374 ei
1992 4334 2092 4389 per

521 4405 975 4472 dispensationem
1017 4407 1160 4460 unita
1183 4415 1287 4462 est.
1347 4426 1365 4458 ι
1412 4406 1600 4467 Melius
1655 4418 1760 4477 est,
1816 4411 2088 4481 inquiens,

522 4493 922 4551 licuel‘acientes
949 4494 1018 4566 (si
1050 4497 1300 4553 voluntas
1329 4497 1423 4554 Dei
1457 4499 1750 4570 velit)pati,
1783 4517 1942 4572 quam
1977 4517 2090 4556 ma-

521 4584 854 4649 lefacientes,
907 4588 1030 4682 quia
1085 4597 1140 4645 et
1189 4587 1438 4682 Christus
1483 4593 1650 4645 semel
1695 4607 1794 4663 pro
1855 4595 2091 4664 peccatis
2123 4627 2165 4682 ο

523 4687 772 4731 iuortuus
794 4688 893 4741 est,
917 4678 1095 4746 justus
1129 4696 1227 4749 pro
1247 4681 1482 4751 iniustis,
1507 4692 1564 4736 ut
1592 4697 1690 4737 nos
1713 4683 1931 4740 oll'erret
1951 4685 2079 4752 Deo,

521 4766 875 4824 inortitlcatus
921 4769 1134 4837 quidem
1165 4785 1350 4837 carne,
1383 4772 1688 4829 viviﬁeatus
1715 4783 1897 4829 autem
1959 4775 2084 4847 Spi-

521 4859 622 4911 ritu
655 4875 670 4912 :
707 4859 761 4912 lu
781 4875 908 4926 quo,
947 4861 1138 4928 inquit,
1165 4863 1302 4918 etiis
1323 4865 1414 4932 qui
1459 4865 1512 4918 in
1543 4881 1764 4922 carcere
1791 4869 2083 4937 erant.spi-

519 4950 710 5003 ritibus
738 4951 956 5005 veniens
985 4951 1312 5022 praedicavit,
1351 4954 1442 5025 qui
1491 4955 1781 5024 aliquando
1816 4957 2078 5012 increduli

516 5039 728 5093 fuerant
755 5040 818 5092 ".
849 5061 865 5090 ι
894 5040 1073 5110 Neque
1087 5043 1254 5108 enim,
1283 5054 1342 5098 ut
1365 5045 1620 5109 arbitror,
1647 5047 1865 5112 dixerit,
1889 5049 2085 5102 nudam

518 5130 794 5200 solamque
825 5147 921 5201 per
945 5145 1005 5186 se
1025 5133 1284 5189 Deitatem
1312 5134 1583 5204 Unigeniti
1618 5138 1669 5190 in
1690 5137 1954 5192 infernum
1989 5139 2080 5194 de-

516 5221 791 5276 scendisse
833 5238 846 5274 :
881 5225 1147 5294 siquidem
1179 5226 1463 5281 invisibilis
1497 5228 1763 5283 exsistens
1809 5229 2088 5299 spiritibus

516 5310 606 5374 qui
637 5309 746 5364 illic
767 5322 946 5377 erant,
969 5315 1266 5381 praedicare
1294 5317 1519 5374 omnino
1553 5334 1657 5373 non
1720 5321 1912 5389 potuit.
1941 5320 2086 5375 Prae-

516 5401 746 5455 stantior
774 5405 916 5456 enim
948 5416 1030 5460 est
1066 5406 1246 5462 Deitas
1281 5424 1438 5477 quam
1483 5420 1539 5464 ut
1575 5412 1718 5465 cerni
1759 5414 1955 5481 possit:
1993 5414 2085 5468 sed

519 5506 693 5560 neque
723 5493 1036 5563 imaginaria
1070 5498 1299 5565 quadam
1328 5502 1638 5569 apparentia
1665 5503 2001 5557 divinitatem
2034 5506 2083 5558 iu

2196 2223 2382 2285 αὑτοῦ,
2413 2221 2538 2277 οὔτε
2563 2225 2597 2293 ἡ
2633 2222 2770 2293 σὰρξ
2793 2220 2959 2276 αὑτοῦ
2997 2217 3106 2273 εἶδε
3135 2220 3453 2290 διαφθοράν.
3487 2240 3506 2271 ι
3541 2221 3619 2272 Οὐ
3666 2222 3772 2292 γάρ

2196 2332 2277 2367 τοι
2304 2315 2462 2383 θέμις
2489 2314 2685 2377 είπεῖν,
2718 2309 2894 2381 φθορᾷ
2928 2309 3028 2380 μὲν
3059 2308 3319 2363 δύνασθαι
3348 2309 3676 2379 κρατεῖσθαι
3697 2309 3768 2362 διο

2195 2409 2380 2478 ηνεκεῖ
2405 2405 2504 2475 τὴν
2532 2405 2828 2458 ἑνωθεῖσαν
2851 2403 2930 2474 τῷ
2956 2403 3114 2473 Λόγῳ
3146 2403 3346 2472 σάρκα,
3365 2402 3599 2472 κάτοχον
3627 2404 3682 2456 δὲ
3705 2398 3770 2456 αὖ

2195 2503 2312 2564 ταῖς
2352 2499 2478 2569 ᾆδον
2523 2497 2720 2560 πύλαις
2757 2498 2858 2567 τὴν
2909 2496 3061 2551 θείαν
3101 2494 3355 2563 γενέσθαι
3403 2494 3610 2566 ψυχήν.
3661 2497 3772 2548 Οὐκ

2194 2589 2588 2659 ἐγκατελείφθη
2631 2589 2738 2660 γὰρ
2784 2590 2864 2651 είς
2901 2587 3051 2658 ᾅδου,
3101 2586 3247 2640 καθά
3293 2588 3389 2641 καὶ
3419 2590 3446 2639 ὁ
3487 2587 3771 2651 θεσπέσιος

2193 2682 2296 2750 ἔφη
2323 2681 2546 2752 Πέτρος.
2583 2680 2660 2732 Οὐ
2699 2679 2808 2748 γάρ
2841 2695 2942 2730 που
2970 2679 3072 2749 τήν
3116 2694 3178 2745 γε
3219 2671 3460 2748 ἄληπτον
3495 2678 3772 2741 παντελῶς

2193 2773 2287 2824 καὶ
2319 2771 2590 2825 ἀνάλωτον
2623 2770 2702 2839 τῷ
2737 2769 2952 2839 θανάτῳ
2990 2769 3173 2839 φύσιν,
3209 2771 3484 2833 τουτέστι,
3520 2770 3620 2840 τὴν
3655 2771 3772 2823 θεό-

2191 2882 2330 2935 τητα
2368 2864 2462 2917 τοῦ
2509 2862 2870 2931 Μονογενοῦς,
2917 2861 3025 2915 τῶν
3057 2862 3160 2915 ὑπὸ
3204 2861 3368 2932 χθόνα
3411 2862 3604 2932 μυχῶν
3643 2865 3771 2915 ἀνα-

2193 2957 2516 3027 κεκομίσθαι
2547 2957 2730 3028 φησίν.
2758 2957 2834 3010 Ού
2861 2957 2969 3026 γὰρ
2999 2955 3064 3010 ἂν
3087 2953 3297 3024 ἠξιώθη
3325 2955 3386 3008 τὸ
3417 2956 3606 3025 χρῆμα
3639 2956 3764 3006 θαύ-

2195 3063 2383 3117 ματος,
2421 3047 2470 3099 εί
2507 3047 2580 3116 μὴ
2611 3047 2918 3116 μεμένηκεν
2948 3047 3028 3110 είς
3056 3046 3146 3098 τὸν
3178 3046 3313 3116 ᾅδην
3341 3047 3368 3098 6
3407 3047 3472 3097 ἐκ
3507 3045 3642 3098 Θεοῦ
3674 3045 3767 3097 A6—

2191 3156 2306 3205 γος,
2345 3140 2410 3208 τῇ
2444 3138 2545 3207 τῆς
2571 3137 2824 3206 θεότητος
2856 3138 3106 3208 ἐνεργείᾳ
3140 3155 3200 3191 τε
3229 3138 3325 3190 καὶ
3366 3136 3546 3206 φύσει,
3586 3154 3762 3207 παρα-

2189 3229 2355 3293 δόξως
2386 3229 2479 3282 καὶ
2514 3230 2652 3298 ὑπὲρ
2703 3229 2884 3296 λόγον,
2928 3229 3153 3300 πληρῶν
3196 3230 3296 3300 μὲν
3329 3229 3398 3282 τὰ
3438 3232 3639 3294 πάντα,
3677 3233 3766 3283 καὶ

2198 3321 2309 3379 τοῖς
2356 3320 2522 3371 πᾶσιν
2571 3317 2877 3388 ἐπιδημῶν.
2950 3319 3232 3388 ’Λνωτέρω
3288 3320 3396 3390 γὰρ
3445 3321 3636 3385 τόπου,
3679 3321 3764 3372 καὶ

2201 3407 2582 3477 περιορισμοῦ,
2613 3406 2705 3459 καὶ
2738 3406 3007 3475 μεγέθους
3041 3409 3310 3478 μετρητοῦ
3342 3410 3401 3462 τὸ
3430 3410 3609 3471 Θεῖον,
3642 3410 3766 3463 αὐτὸ

2197 3497 2252 3549 δὲ
2282 3497 2385 3548 ὑπὸ
2415 3496 2639 3567 μηδενὸς
2660 3496 3027 3568 χωρούμενον.
3053 3498 3364 3568 Παράδοξον
3385 3499 3460 3565 δὲ,
3493 3503 3584 3554 καὶ
3600 3502 3764 3554 οὐδενὶ

2199 3588 2305 3642 τῶν
2338 3588 2505 3642 ὄντων
2530 3587 2902 3659 ἀθαύμαστον,
2943 3588 3024 3641 ὅτι
3056 3589 3214 3660 σῶμα
3253 3591 3349 3660 μὲν
3383 3591 3586 3644 ἀνεὸίω
3613 3594 3674 3645 τὸ
3704 3594 3764 3660 τῇ

2199 3678 2355 3746 φύσει
2412 3677 2667 3749 φθαρτὸν,
2711 3681 2986 3751 συνήνωτο
3013 3680 3122 3751 γάρ
3157 3682 3235 3751 τῷ
3277 3682 3540 3754 ἀφθάρτῳ
3588 3685 3759 3753 Λόγῳ.

2197 3770 2358 3839 Ψυχὴ
2393 3768 2448 3821 δὲ
2486 3770 2518 3838 ἡ
2565 3769 2706 3834 θεία,
2757 3769 2855 3840 τὴν
2886 3771 3022 3842 πρὸς
3077 3772 3241 3824 αὑτὸν
3275 3773 3517 3844 λαχοῦσα
3553 3776 3761 3846 συνδρο-

2199 3863 2306 3928 μήν
2336 3877 2393 3912 τε
2425 3859 2518 3913 καὶ
2539 3859 2731 3912 ἕνωσιν
2760 3862 3206 3931 καταπεφοίττικε
3236 3861 3335 3932 μὲν
3361 3865 3438 3925 εἰς
3471 3864 3623 3934 ᾅδου,
3651 3865 3762 3917 Oso-

2198 3954 2397 4023 πρεπεῖ
2432 3952 2488 4004 δὲ.
2509 3952 2734 4022 δυνάμει
2787 3952 2880 4005 καὶ
2920 3953 3136 4025 ἐξουσία
3181 3956 3476 4025 χρωμένη,
3529 3957 3625 4010 καὶ
3659 3961 3761 4020 τοῖς

2196 4045 2375 4097 ἐκεῖσε
2411 4043 2688 4112 πνεύμασι
2718 4045 3101 4113 κατεφαίνετο.
3127 4047 3420 4117 Τοιγάρτοι
3445 4049 3540 4101 καὶ
3566 4049 3761 4116 ἔφασκε

2193 4138 2302 4198 τοῖς
2339 4137 2395 4187 ὲν
2419 4134 2658 4204 δεσμοῖς,
2691 4153 2710 4186 ι
2747 4135 3046 4202 Ἐξέλθετε,
3082 4138 3176 4190 καὶ
3213 4141 3324 4202 τοῖς
3365 4140 3421 4191 ὲν
3461 4139 3539 4209 τῷ
3567 4141 3762 4204 σκότει,

2206 4227 2667 4297 ’Λνακαλύφθητε.
2709 4247 2727 4279 ι
2758 4228 2865 4281 Καί
2917 4246 3009 4300 μοι
3038 4229 3205 4296 δοκεῖ,
3243 4232 3407 4300 φάναι
3433 4250 3487 4286 τι
3525 4233 3762 4286 τοιοῦτον

2192 4320 2287 4372 καὶ
2317 4322 2345 4373 6
2377 4320 2649 4392 μακάριος
2680 4323 2886 4393 Πέτρος
2916 4321 3046 4392 περί
3073 4339 3134 4375 τε
3158 4323 3252 4376 τοῦ
3281 4323 3417 4377 Θεοῦ
3447 4325 3646 4393 Λόγου,
3677 4327 3762 4378 καὶ

2191 4400 2290 4480 τῆς
2349 4411 2473 4466 καθ’
2521 4413 2717 4466 ἕνωσιν
2778 4415 3130 4485 οἰκονομικὴν
3173 4415 3552 4486 γεγενημένης
3601 4417 3762 4470 αὐτοῦ

2189 4501 2386 4572 ψυχῆς,
2419 4522 2436 4554 ι
2465 4502 2724 4574 Κρεῖττον
2769 4504 2877 4575 γὰρ
2926 4502 3415 4574 ἀγαθοποιοῦντας,
3447 4507 3498 4558 εί
3534 4505 3676 4559 θέλοι
3707 4507 3761 4558 τὲ

2191 4577 2403 4664 θέλημα
2427 4591 2521 4647 τοῦ
2543 4593 2702 4660 Θεοῦ,
2737 4594 2989 4666 πάσχειν,
3014 4595 3046 4668 ἦ
3081 4593 3536 4659 κακοποιοῦντας,
3562 4597 3647 4649 ὅτι
3675 4591 3761 4649 καὶ

2188 4687 2216 4738 6
2256 4685 2491 4757 Χριστος
2535 4686 2685 4750 ἅπαξ
2735 4687 2872 4758 ὑπὲρ
2917 4689 3202 4758 ἁμαρτιῶν
3241 4687 3480 4740 ἀπέθανε
3505 4729 3520 4753 ,
3559 4689 3759 4752 δίκαιος

2189 4775 2330 4846 ὑπὲρ
2361 4775 2584 4841 ἀδίκων,
2609 4778 2678 4830 ἶν’
2713 4779 2860 4848 ημᾶς
2880 4780 3210 4851 προσαγάγῃ
3245 4777 3324 4847 τῷ
3351 4779 3492 4848 Θεῷ,
3518 4781 3754 4833 θανατω-

2187 4866 2299 4932 θεὶς
2318 4870 2503 4939 σαρκὶ,
2529 4869 2882 4940 ζωοποιηθεὶς
2911 4870 2968 4923 δὲ
2994 4870 3284 4940 πνεύματι·
3304 4871 3389 4921 Ἐν
3409 4863 3475 4937 ᾧ,
3494 4872 3647 4942 φησὶ,
3677 4870 3756 4923 καὶ

2188 4964 2301 5024 τοῖς
2330 4963 2390 5014 ἐν
2414 4962 2630 5034 φυλακῇ
2665 4963 2939 5033 πνεύμασι
2975 4963 3259 5032 πορευθεὶς
3286 4963 3576 5032 ἐκήρυξεν,
3606 4965 3760 5017 ἀπει-

2189 5053 2385 5121 θήσασι
2417 5069 2569 5104 ποτε.
2606 5073 2624 5104 ο
2672 5053 2806 5106 Οὐδὲ
2836 5054 2944 5124 γὰρ
2971 5048 3126 5124 οἶμαι
3164 5056 3321 5122 φαῖεν
3354 5055 3440 5116 ἂν,
3475 5055 3550 5116 ὡς
3585 5055 3759 5124 γυμνὴ

2188 5144 2281 5198 καὶ
2307 5143 2427 5197 καθ’
2452 5143 2648 5214 ἑαυτὴν
2665 5146 2696 5214 ἡ
2715 5144 2914 5215 Θεότης
2937 5145 3030 5199 τοῦ
3059 5145 3414 5212 Μονογενοῦς,
3434 5147 3757 5214 καταπεφοῇ

2188 5254 2319 5305 τηκε
2351 5236 2448 5306 μὲν
2487 5237 2566 5299 είς
2605 5238 2753 5308 ᾅδου,
2785 5238 3073 5310 διεκήρυξε
3113 5239 3170 5291 δὲ
3208 5241 3322 5300 τοῖς
3371 5240 3551 5290 ἐκεῖσε
3601 5239 3755 5290 msti-

2186 5342 2339 5394 μασι,
2371 5325 2570 5389 άοπτος
2599 5322 2732 5379 οὖσα
2762 5328 3064 5389 παντελῶς.
3091 5329 3359 5396 Κρεῖττον
3391 5327 3500 5398 γὰρ
3543 5329 3631 5379 ἀεὶ
3670 5325 3755 5379 τοῦ

2187 5413 2418 5483 ὁρᾶσθαι
2456 5414 2516 5464 τὴ
2547 5415 2721 5477 Θεῖον,
2753 5416 2865 5468 ἀλλ’
2898 5415 3020 5467 οὐδὲ
3055 5415 3293 5485 δοκήσει,
3339 5417 3432 5468 καὶ
3459 5418 3755 5485 ἐσχηματι-

2195 5506 2430 5574 σμὲνως,
2469 5506 2546 5568 εἰς
2568 5507 2628 5559 τὸ
2657 5508 2833 5575 ψυχῆς
2867 5503 3004 5570 εἶδος
3029 5507 3197 5576 αὐτὴν
3232 5508 3630 5580 μεμορφῶσθαι
3660 5509 3752 5560 δώ⁴

519 5581 712 5636 αηίιιιαι
757 5585 991 5652 Speciem
1049 5586 1486 5647 transformamur
1553 5593 1941 5658 eoneedemus;
1993 5596 2083 5647 sed

2193 5614 2378 5666 σομεν,
2415 5597 2778 5668 παραιτητέον
2809 5599 2865 5650 δὲ
2923 5601 3170 5668 πανταχῆ
3210 5601 3306 5668 τὴν
3344 5601 3566 5671 δόκησιν
3589 5619 3602 5630 °
3650 5599 3754 5654 ἀλλ’

518 5672 742 5738 perinde
770 5683 933 5744 atque
960 5675 1024 5730 iis
1053 5677 1140 5746 qui
1177 5679 1351 5734 adhuc
1387 5679 1440 5733 in
1463 5695 1627 5735 carne
1677 5693 1984 5749 versantur,
2011 5687 2079 5740 ita

2193 5689 2376 5759 ὥσπερ
2399 5691 2506 5751 τοῖς
2538 5689 2614 5740 ἔτι
2658 5692 2796 5760 μετὰ
2829 5691 3045 5760 σαρκὸς,
3078 5692 3222 5742 οὓτω
3251 5694 3342 5744 καὶ
3372 5696 3494 5758 ταῖς
3527 5698 3608 5757 εἰς
3639 5694 3754 5766 ᾅδου

2893 5866 3066 5922 ll‘etr.
3116 5883 3191 5926 ιιι,
3233 5870 3416 5926 Ιῖ-ᾲυ.

588 5847 630 5878 ⁵⁸
665 5845 838 5906 lJean
893 5867 976 5912 tu.
1024 5853 1105 5907 l6.
1183 5854 1224 5886 δ’
1260 5855 1419 5912 llum.
1465 5871 1574 5920 xiv.
1605 5857 1656 5915 9.
1738 5861 1920 5918 "Act.
1956 5877 2014 5921 ιι.
2049 5863 2094 5920 ει

2193 5867 2233 5918 l.
2317 5865 2358 5894 "‘
2387 5863 2481 5917 lsi.
2517 5881 2656 5923 un.
2693 5865 2742 5920 9.
