3988 6478
178 520 316 577 ἘΙ

256 634 326 685 Α.
376 630 497 683 Καὶ
534 628 643 699 μην
684 622 843 679 τουτό
884 620 947 691 γέ
992 621 1143 673 ἐστιν
1177 616 1209 685 ὴ
1258 612 1545 682 πλάνησις,
1589 607 1681 659 καὶ
1734 604 1794 655 τὸ
1832 616 1867 661 ,\

188 727 480 797 ἁμαρτεῖν
509 696 611 773 τοῦ
664 714 971 787 πρέποντάς
1005 728 1065 764 τε
1121 708 1216 762 καὶ
1247 702 1504 774 ἀληθοῦς.
1553 698 1644 769 Μὴ
1688 696 1795 765 γάρ

191 791 285 892 μοι
313 791 533 887 διέλῃς,
562 811 696 883 μηδὲ
723 807 931 871 διῖστάς
963 806 1039 867 εἰς
1072 802 1358 871 ἄνθρωπον
1387 794 1569 856 ίδικῶς
1597 792 1691 843 καὶ
1716 791 1797 850 εἰς

195 883 332 963 Θεὸν
370 883 578 972 Λόγον,
605 900 954 971 διπρόσωπον
984 896 1115 964 ἡμῖν
1139 888 1420 944 ἀνατύπου
1461 884 1554 936 τὸν
1589 883 1799 952 Ἐμμα-

199 1000 388 1074 νουήλ.
424 998 525 1067 Μὴ
556 997 662 1065 ἄρα
692 1010 775 1055 τις
804 992 938 1060 ἡμῖν
978 986 1202 1045 εἰκότως
1229 977 1648 1050 διαμωμήσαιτο
1672 988 1803 1042 φρο-

202 1062 629 1160 νεῖν-ἑλομένοις
660 1083 816 1155 ὀρθὸν
846 1080 947 1151 μὲν
977 1076 1150 1135 οὐδὲν,
1202 1073 1386 1126 ἐκεῖνα
1413 1069 1468 1120 δὲ
1511 1064 1733 1137 μᾶλλον,
1768 1062 1804 1113 ἃ

204 1184 299 1240 καὶ
346 1153 457 1235 star
486 1178 589 1248 τῆς
621 1153 783 1244 ἁγίας
818 1166 1184 1235 κατεδικάσθη
1232 1162 1493 1234 Γραφῆςς
1533 1153 1660 1210 Ὧδε
1698 1154 1805 1223 γάρ

205 1288 287 1336 st;
316 1271 434 1339 ἔφη
460 1242 570 1321 τῶν
594 1242 833 1335 Χριστοῦ
861 1256 1171 1329 μαθητῶν·ι
1194 1252 1381 1322 Ὑμεῖς
1407 1249 1487 1308 δὲ,
1506 1242 1804 1313 ἀγαπητοὶ,

203 1362 505 1435 μνήσθητε
537 1359 645 1411 τῶν
682 1354 946 1425 ῥημάτων
982 1348 1091 1402 τῶν
1121 1340 1538 1418 προειρημένων
1570 1336 1673 1389 ὑπὸ
1701 1335 1808 1388 τῶν

200 1453 547 1509 ἀποστόλων
603 1447 695 1502 τοῦ
749 1444 959 1515 Κυρίου
1003 1438 1161 1513 ήμῶν
1194 1435 1368 1507 Ἰησοῦ
1418 1430 1679 1502 Χριστοῦ,
1728 1426 1809 1479 ὅτι

203 1548 410 1617 ελεγον
442 1548 597 1617 ὑμῖν,
627 1544 708 1595 ὅτι
739 1541 822 1592 ἐπ’
858 1537 1101 1608 ἐσχάτων
1128 1531 1236 1585 τῶν
1262 1529 1469 1600 χρόνων
1499 1523 1810 1576 ἐλεύσονται

206 1647 271 1698 ὲν
317 1613 690 1712 έμπαῖγμονῇ
732 1633 1035 1702 ἐμπαῖκται
1080 1624 1219 1678 κατᾶ
1248 1623 1348 1683 τὰς
1386 1616 1594 1671 ἑαυτῶν
1625 1613 1813 1667 ἐπιθυ-

212 1734 355 1807 μίας
388 1728 755 1802 πορευόμενοι
784 1722 893 1775 τῶν
918 1717 1209 1773 ἀσεϐειῶν.
1243 1708 1404 1767 Οῦτοί
1437 1711 1575 1762 είσ·ν
1598 1709 1646 1760 οἱ
1678 1708 1813 1759 ἀπο-

208 1825 558 1897 διορίζοντες
586 1816 829 1888 ψυχικοί,
856 1810 1075 1880 πνεῦμα
1109 1808 1182 1879 μὴ
1207 1806 1443 1875 ἔχοντες.
1476 1819 1491 1851 ι

290 1918 356 1970 Β.
406 1915 482 1968 Οὐ
523 1909 815 1982 διοριστέον
856 1902 950 1957 οὖν
989 1905 1095 1972 ἄρα
1133 1898 1253 1954 κατ’
1286 1896 1475 1949 οὐδένα
1516 1890 1744 1961 τρόπονς

291 2016 362 2063 Δ.
409 2004 709 2078 Οῦμενοῦν.
763 2002 856 2063 Εἰς
903 2014 966 2065 γε
1006 1996 1067 2064 δὴ
1118 1992 1353 2063 μάλιστα
1404 1987 1464 2039 τὸ
1514 1983 1606 2037 δύο
1657 1982 1822 2055 φάναι

219 2103 373 2175 μετά
430 2100 529 2171 τὴν
586 2096 803 2153 ἕνωσιν,
848 2090 944 2144 καὶ
978 2086 1251 2156 ἀναμέρος
1298 2080 1560 2147 ἑκάτερον
1602 2074 1825 2126 ἐννοεῖν.

232 2194 447 2249 Ἰστέον
467 2192 512 2245 δ’
542 2186 655 2254 οῦν,
688 2188 769 2241 ὃτι
801 2182 995 2253 θεωρεῖ
1026 2181 1123 2249 μέν
1158 2194 1278 2230 τινα
1316 2174 1535 2242 φύσεων
1564 2166 1828 2235 διαςοράν

218 2288 252 2342 6
280 2288 449 2350 νοῦς·
472 2283 669 2338 ταυτὸν
705 2280 816 2349 γὰρ
854 2275 913 2329 οῦ
949 2273 1002 2326 τί
1040 2290 1142 2325 που
1174 2269 1364 2338 θεότης
1392 2283 1449 2319 τε
1483 2263 1579 2317 καὶ
1617 2259 1829 2331 ἀνορω-

226 2379 410 2447 πότης
430 2393 443 2405 ⁸
475 2371 775 2435 εἰσδέξεται
802 2368 859 2420 δὲ
880 2364 1017 2435 ὁμοῦ
1043 2364 1161 2424 ταῖς
1195 2360 1321 2429 περὶ
1345 2355 1548 2409 τούτων
1577 2351 1828 2412 ἐννοίαις,

229 2472 331 2527 καὶ
364 2440 482 2523 τοῖν
502 2467 703 2536 ἀμφοῖν
732 2464 810 2525 είς
841 2460 1073 2527 ἑνότητα
1102 2451 1433 2523 συνδρομήν.
1466 2444 1675 2502 Οὐκοῦν
1695 2440 1831 2495 Θεοῦ

234 2562 340 2636 μιν
374 2534 555 2627 ἐξέφυ
574 2557 669 2611 τοῦ
702 2553 940 2625 Ματρὸς,
964 2551 1038 2614 ὡς
1067 2546 1223 2609 Θεὸς,
1251 2545 1326 2607 ὡς
1357 2544 1421 2595 ὲκ
1447 2538 1727 2611 Παρθένου
1753 2534 1831 2595 δὲ,

232 2630 533 2727 ἀνθρωπος
562 2669 573 2679 ·
610 2651 637 2702 6
676 2648 785 2718 γὰρ
829 2644 965 2699 Θεοῦ
1000 2640 1213 2710 Πατρὸς
1248 2636 1577 2707 ἀπορῤήτως
1629 2648 1688 2683 τε
1742 2630 1837 2682 καὶ

236 2750 387 2821 ὑπὲρ
442 2746 565 2800 νοῦν
619 2741 943 2812 ἀναλάμψας
977 2736 1170 2803 Λόγος,
1212 2728 1570 2802 γεγεννῆσθαι
1619 2725 1837 2792 λέγεται

236 2845 341 2897 καὶ
389 2840 477 2893 διὰ
530 2836 807 2906 γυναικὸς,
841 2827 1251 2899 καταφοιτήσας
1299 2826 1378 2884 εἰς
1418 2818 1835 2889 ἀνθρωπότητα,

238 2936 343 2987 καὶ
390 2929 578 2992 καθετς
628 2926 821 2980 ἑαυτὸν
852 2924 931 2986 εἰς
960 2923 1096 2990 ὅπερ
1144 2918 1242 2970 οὐκ
1274 2910 1363 2984 ἦν,
1393 2914 1493 2981 οὐχ
1548 2911 1636 2962 ἴνα
1684 2906 1843 2977 μείνῃ

241 3022 650 3093 κεκενωμένος,
680 3017 797 3072 ἀλλ’
827 3018 915 3069 ’ίνα
948 3014 1080 3075 θεὸς
1110 3008 1247 3063 εἶναι
1282 3007 1609 3073 πιστεύηται
1660 3000 1754 3054 καὶ
1786 3002 1843 3053 ὲν

243 3119 383 3173 εῖδει
411 3116 489 3185 τῷ
524 3112 644 3166 καθ’
672 3112 821 3181 ἡμᾶς
860 3104 1117 3175 πεφηνὼς
1145 3103 1237 3154 ἐπὶ
1278 3101 1401 3170 γῆς,
1432 3098 1531 3166 οὐχ
1558 3095 1632 3158 ὼς
1665 3095 1720 3146 ἐν
1751 3093 1846 3145 ἀν-

247 3208 461 3280 θρώπῳ
496 3202 853 3271 κατοικήσας,
878 3196 992 3250 ἀλλ’
1022 3196 1095 3255 ὡς
1122 3192 1253 3245 αὐτὸ
1281 3189 1421 3242 κατὰ
1444 3186 1605 3255 φύσιν
1631 3182 1845 3253 ἄνθρω-

249 3318 357 3364 πος
403 3292 663 3366 γεγονὼς,
697 3289 833 3362 μετά
851 3288 946 3341 τοῦ
970 3286 1067 3356 τὴν
1094 3285 1228 3336 ἰδίαν
1251 3276 1638 3334 ἀνασώσασθαι
1664 3274 1841 3339 δόξαν.
1875 3301 1916 3357 C

251 3393 368 3446 Καὶ
399 3388 532 3458 γοῦν
555 3389 583 3440 ὁ
604 3382 894 3444 Θεσπέσιος
931 3377 1164 3439 Παῦλος,
1207 3374 1275 3427 τά
1308 3372 1441 3425 πολὺ
1469 3370 1566 3440 τῆς
1606 3367 1850 3437 ἀλλήλων

252 3480 675 3555 δμοουσιότητος
704 3472 1025 3542 διεστηκότα
1065 3485 1125 3521 τε
1166 3466 1259 3519 καὶ
1298 3463 1594 3533 ἀμετρήτῳ
1623 3458 1853 3529 διαφορᾷ

255 3549 727 3647 διεσχοινισμένα,
756 3565 985 3633 θεότητά
1010 3579 1069 3616 τε
1096 3560 1194 3614 καὶ
1221 3556 1619 3627 ἀνθρωπότητα
1669 3549 1855 3604 συλλέ-

258 3686 377 3739 γων
403 3668 480 3727 εἰς
505 3663 562 3717 ἓν
590 3656 975 3729 οίκονομικῶς,
1010 3654 1103 3706 καὶ
1130 3651 1191 3715 ἐξ
1217 3650 1424 3720 ἀμφοῖν
1448 3646 1540 3701 τὸν
1574 3645 1669 3697 ’ἐνα
1697 3659 1856 3695 κατα-

264 3733 551 3832 σημαίνων
598 3751 860 3825 Χριστὸν,
909 3748 1003 3801 καὶ
1053 3745 1181 3797 Υίὸν
1231 3742 1326 3794 καὶ
1373 3738 1541 3801 Θεὸν,
1596 3755 1612 3786 ι
1646 3733 1857 3795 Παῦλος

260 3850 477 3912 δοῦλος,
518 3845 706 3915 φησὶν,
748 3837 924 3910 Ἰησοῦ
973 3832 1234 3907 Χριστοῦ,
1276 3828 1471 3900 κλητὸς
1523 3824 1817 3886 ἀπόστολος
1841 3862 1855 3887 ,

264 3938 652 4012 ἀφωρισμένος
682 3935 759 3996 εἰς
790 3929 1118 3997 Εὑαγγέλιον
1146 3923 1305 3987 Θεοῦ,
1332 3922 1360 3974 6
1387 3916 1861 3992 προεπηγγείλατο

265 4009 358 4091 διά
402 4009 514 4085 τῶν
561 4025 857 4098 προφητῶν
892 4020 1058 4076 αὑτοῦ
1106 4020 1164 4071 ὲν
1212 4016 1454 4086 Γραφαῖς
1502 4012 1707 4080 ἁγίαις,
1735 4009 1862 4075 περὶ

267 4125 367 4181 τοῦ
398 4122 527 4176 Υίοῦ
569 4118 734 4173 αὑτοῦ
774 4114 867 4168 τοῦ
903 4111 1197 4181 γενομένου
1243 4109 1307 4160 ἐκ
1357 4106 1669 4175 σπέρματος
1700 4100 1863 4153 Δαεϊιδ

270 4217 418 4273 κατὰ
449 4214 647 4284 σάρκα,
676 4209 769 4263 τοῦ
816 4204 1126 4277 ὁρισθέντος
1163 4199 1295 4253 Υἱοῦ
1344 4194 1479 4249 Θεοῦ
1532 4198 1589 4247 ἐν
1637 4193 1863 4262 δυνάμει

271 4308 418 4363 κατὰ
440 4304 665 4375 Πνεῦμα
692 4297 1021 4370 ἁγιωσύνης.
1056 4314 1073 4347 ι
1094 4292 1228 4346 ἰδοῦ
1252 4288 1316 4359 δὴ
1343 4286 1531 4355 σαφῶς
1553 4284 1865 4356 ἀφωρίσθαι

272 4402 443 4473 φησιν
490 4396 679 4451 ἑαυτὸν
714 4396 794 4455 είς
838 4388 1170 4459 Εὑαγγέλιον
1220 4382 1377 4448 Θεοῦ,
1414 4380 1589 4434 καίτοι
1638 4378 1865 4449 γράφων

274 4490 578 4561 ἀναφανδόν
602 4505 616 4519 ·
680 4505 697 4538 ι
728 4483 866 4538 υῦτε
915 4483 1024 4553 γὰρ
1077 4478 1303 4538 ἑαυτοὺς
1331 4474 1699 4543 κηρύσσομεν,
1732 4469 1867 4521 ἀλλὰ

276 4582 513 4657 Χριστὸν
568 4578 774 4647 Ἰησοῦν
837 4574 1061 4645 Κύριον.
1107 4590 1125 4623 ι
1175 4571 1286 4623 Καὶ
1336 4568 1529 4621 πάλιν·
1588 4584 1605 4615 ι
1637 4564 1710 4617 οὐ
1759 4564 1868 4630 γὰρ

280 4653 475 4742 ἔκρινά
499 4689 552 4723 τι
584 4668 785 4721 εἰδέναι
818 4667 875 4717 ἐν
904 4666 1051 4733 ὑμῖν,
1079 4662 1128 4713 εί
1154 4661 1231 4730 μὴ
1261 4658 1468 4729 Ἰησοῦν
1501 4653 1754 4728 Χριστὸν,
1775 4654 1868 4705 καὶ

280 4764 472 4819 τοῦτον
529 4756 963 4829 ἐσταυρωμένον
999 4772 1016 4804 ι
1069 4752 1197 4805 Υἱὸν
1256 4750 1313 4803 δὲ
1367 4746 1529 4803 αὑτὸν
1592 4746 1865 4815 ὀνομάσας

280 4853 442 4915 Θεοῦ,
476 4854 569 4906 καὶ
618 4853 683 4903 ὲκ
725 4849 1045 4926 σπέρματος
1083 4844 1246 4896 Δαϐὶδ
1280 4838 1638 4910 γεγεννῆσθαί
1677 4854 1864 4907 φησιν,

283 4946 519 5019 ὡρίσθαι
569 4960 627 4995 τε
675 4939 1091 5009 διῖσχυρίζεται,
1122 4935 1217 4988 καὶ
1264 4936 1341 4996 είς
1373 4932 1501 4985 Υἱὸν
1549 4930 1707 4983 Θεοῦ.
1743 4928 1866 4992 Πῶς

284 5036 401 5103 οῦν,
450 5037 573 5090 sint
619 5052 732 5105 μοι.
764 5032 917 5095 Θεὸς,
965 5033 993 5083 6
1039 5031 1103 5082 ὲκ
1158 5028 1470 5097 σπέρματος
1516 5024 1726 5091 ἀναφῦς
1772 5019 1866 5074 τοῦ

286 5126 483 5192 Δαὸίδ;
512 5128 540 5178 6
558 5124 615 5177 δὲ
638 5123 702 5193 δὴ
732 5123 823 5175 καί
856 5120 960 5190 πρὸ
986 5118 1194 5172 αἰώνων
1221 5117 1315 5169 καὶ
1344 5114 1527 5176 ἀῖδίως
1563 5114 1711 5175 Υἱὸς,
1736 5111 1871 5164 καθὸ

287 5218 533 5286 πέφηνεν
579 5215 642 5266 ὲκ
687 5208 844 5273 Θεοῦ,
880 5208 1001 5260 τίνα
1034 5206 1100 5276 δὴ
1141 5205 1341 5275 τρόπον
1382 5205 1461 5264 εἰς
1488 5200 1615 5252 Υἰὸν
1660 5197 1870 5268 ὡρίσθη

287 5308 448 5371 Θεοῦ,
467 5305 721 5375 καθάπερ
744 5303 822 5364 είς
847 5299 1016 5370 ἀρχὰς
1040 5298 1134 5349 τοῦ
1159 5296 1458 5365 ὑφεστάναι
1486 5288 1871 5363 παρενεχθείς;

291 5403 440 5470 Ἔφη
486 5398 595 5466 γάρ
636 5395 797 5456 αὐτὸ;
844 5392 974 5462 οπερ)⁵
1025 5387 1241 5452 ἑαυτοῦ,
1298 5406 1315 5437 ι
1346 5386 1549 5455 Κύριος
1584 5379 1705 5435 εἷπε
1739 5381 1873 5453 πρός

292 5508 382 5564 με’
414 5490 545 5553 Υἱός
592 5504 691 5557 μου
748 5481 795 5538 εἶ
840 5484 928 5546 σὺ,
958 5480 1068 5551 ἐγὼ
1118 5482 1357 5551 σήμερον
1397 5476 1706 5553 γεγέννηκά
1740 5491 1819 5528 σε.
1852 5493 1869 5524 ι

291 5583 485 5639 Καίτοι
518 5578 611 5632 τοῦ
636 5576 901 5646 σήμερον
923 5576 1010 5627 ἀεί
1034 5589 1150 5633 πως
1175 5575 1325 5641 ἡμῖν,
1354 5571 1473 5639 οὐχ).
1499 5570 1588 5621 τὸν
1620 5584 1881 5638 παρῳχη-

291 5677 457 5737 κότα,
501 5670 593 5723 τὸν
624 5668 893 5722 ἐνεστῶτα
939 5666 996 5719 δὲ
1038 5664 1239 5736 μᾶλλον
1286 5660 1713 5731 καταδηλοῦντος
1760 5676 1882 5711 και-

298 5763 409 5832 ρόν.

376 5962 419 5996 ⁵⁸
446 5960 571 6017 Jud.
604 5959 782 6013 I749.

1328 498 1419 552 DE
1454 484 1975 552 IXCARNATlONE
2019 471 2393 535 UNIGENlTl.

3352 460 3491 515 ιω

1971 598 2034 653 Α.
2072 592 2235 663 Atqui
2263 591 2365 645 hoc
2396 586 2609 656 quidem
2640 590 2726 636 est
2747 592 2953 643 errare,
2983 586 3035 632 et
3081 591 3110 629 ιι
3138 573 3365 627 veritate
3396 575 3491 626 de-

1906 686 2145 742 ﬂectere.
2164 662 2370 749 Neque
2398 676 2539 733 enim
2567 675 2682 728 haec
2704 668 3007 723 divelleuda
3042 674 3189 731 sunt,
3214 665 3284 717 ita
3310 672 3369 716 ut
3399 662 3497 716 ho-

1905 780 2104 834 minem
2135 772 2367 829 seorsim
2400 777 2631 829 statuas,
2659 772 2714 818 et
2745 762 2914 815 Deum
2974 756 3211 811 Verbum
3237 752 3497 815 seorsim,

1904 882 1957 928 et
2009 866 2205 938 duplici
2257 876 2489 932 persona
2542 856 2829 929 Prteditum
2883 852 3042 907 nobis
3086 845 3501 901 Etnntanuelem

1904 937 2146 1030 efﬁngas.
2176 956 2369 1011 Nonne
2402 953 2550 1008 enim
2593 948 2788 1004 merito
2846 959 2945 998 nos
3005 938 3172 1013 695
3231 937 3504 1007 quispiam

1910 1050 2291 1122 reprehendat,
2323 1047 2364 1100 si
2404 1045 2590 1098 relicta
2620 1057 2748 1094 vera
2781 1048 3038 1105 rectaque
3092 1031 3391 1091 sententia,
3438 1041 3503 1080 ea

1910 1148 2086 1215 potius
2115 1152 2388 1198 sectemur
2424 1152 2543 1207 qua:
2588 1148 2751 1188 sacra
2794 1131 3076 1197 Scriptum
3141 1119 3510 1179 condemnat?

1910 1211 2044 1290 Nam
2078 1235 2150 1288 ita
2185 1232 2408 1301 quidam
2442 1227 2835 1295 discipulorum
2861 1218 3062 1276 Christi
3102 1216 3317 1285 inquit:
3348 1231 3367 1266 ι
3398 1211 3510 1267 Vos

1912 1341 2115 1389 autem,
2144 1324 2351 1384 dilceti,
2383 1333 2650 1375 memores
2677 1325 2853 1371 estote
2886 1314 3174 1365 verhornm
3227 1322 3345 1377 qua:
3366 1320 3508 1375 pra:-

1914 1423 2056 1475 dicta
2089 1427 2212 1473 sunt
2261 1416 2327 1467 ah
2357 1412 2621 1483 apodolis
2659 1408 2869 1461 Domini
2905 1404 3075 1459 nostri
3107 1400 3233 1457 Jcsu
3262 1396 3465 1455 Christi
3492 1408 3506 1447 :

1917 1514 2005 1581 qui
2034 1509 2287 1564 dicebant
2321 1506 2493 1566 vohis,
2517 1502 2775 1571 quooiam
2817 1500 2869 1551 itt
2906 1493 3219 1549 novissimis
3254 1490 3512 1558 tempori-

1920 1606 2018 1655 hns
2048 1599 2267 1654 venient
2296 1597 2545 1649 illnsores
2573 1590 2870 1647 secundum
2898 1585 3166 1641 desideria
3197 1598 3290 1637 sua
3325 1580 3515 1634 authu-

1921 1692 2092 1745 lanles
2130 1691 2181 1741 in
2222 1684 2614 1755 impietnlihus.
2688 1681 2750 1735 lli
2804 1680 3050 1746 suntqui
3105 1679 3396 1744 segregant
3429 1685 3518 1723 sc-

1923 1785 2203 1852 meu'psos,
2236 1778 2523 1843 animales,
2552 1775 2805 1842 spiritum
2844 1788 2947 1826 non
2988 1770 3248 1824 habentes
3282 1764 3348 1817 ".
3386 1782 3405 1815 ο

1998 1875 2058 1928 Β.
2097 1871 2253 1926 Nulla
2289 1872 2451 1941 igitur
2486 1869 2695 1922 ratione
2726 1873 2853 1919 sunt
2889 1861 3194 1917 dirimenda
3235 1859 3363 1911 ista.

1859 1947 1900 2005 Β
2000 1970 2063 2022 Α.
2112 1966 2181 2022 Ut
2238 1963 2477 2019 maxime
2533 1961 2639 2014 duo
2698 1958 2949 2012 dicantur
3011 1963 3299 2024 postquam
3362 1948 3517 2003 unita

1929 2070 2075 2121 sunt.
2120 2068 2173 2113 et
2230 2056 2458 2111 seorsim
2522 2050 2733 2123 singula
2793 2048 3190 2118 intelligantur,
3241 2042 3521 2098 sciendum

1930 2160 2034 2215 est,
2068 2150 2209 2220 quod
2271 2162 2427 2202 meus
2480 2144 2701 2215 quidem
2768 2150 3086 2195 naturarum
3145 2134 3521 2191 diversitatem

1931 2246 2241 2301 considerat
2284 2240 2496 2313 (neque
2543 2237 2686 2292 enim
2741 2235 2884 2288 idem
2938 2241 3064 2285 sunt
3109 2228 3425 2285 humanitas
3468 2236 3525 2280 et

1934 2333 2236 2404 divinitas),
2270 2333 2362 2387 sed
2396 2329 2557 2385 simul
2598 2327 2764 2380 etiam
2797 2341 2920 2379 cum
2956 2325 3059 2378 hac
3091 2319 3529 2376 consideratione

1936 2430 2221 2496 utriusque
2273 2412 2607 2478 concursunt'
2646 2420 2713 2472 ad
2776 2418 3043 2471 unitatem
3103 2411 3524 2482 contemplatur.

1938 2522 2172 2577 Proinde
2206 2534 2269 2574 ex
2305 2518 2412 2571 Deo
2436 2514 2655 2582 quidem
2688 2510 2977 2581 processit,
3016 2516 3077 2563 ut
3106 2506 3246 2561 Dens
3272 2521 3289 2559 :
3318 2520 3385 2559 ex
3417 2502 3530 2557 Vir-

1939 2615 2063 2683 gine
2093 2620 2292 2671 autem,
2329 2618 2387 2664 ut
2427 2608 2612 2663 homo.
2649 2603 2881 2658 Verbum
2912 2602 3058 2657 enim
3088 2600 3229 2669 quod
3277 2596 3532 2652 incﬂahi-

1944 2707 2087 2769 liter,
2126 2715 2401 2771 supraque
2444 2697 2783 2751 intellectum
2822 2696 3117 2747 humanum
3153 2705 3183 2745 e
3217 2686 3330 2744 Deo
3370 2686 3535 2742 Patre

1944 2794 2169 2857 ell'ulsit,
2205 2803 2390 2845 natum
2430 2803 2552 2843 esse
2583 2786 2786 2841 dicitur
2814 2785 2982 2839 etiam
3019 2797 3084 2838 ex
3124 2779 3373 2845 muliere,
3409 2792 3533 2831 cum

1946 2886 2341 2941 humanitatem
2387 2882 2701 2948 assumpsit,
2746 2886 2798 2930 et
2841 2875 3079 2945 seipsum
3123 2873 3341 2928 demisit
3380 2874 3447 2924 ad
3482 2871 3538 2924 id

1946 2978 2088 3049 quod
2114 2992 2218 3029 non
2252 2982 2410 3036 erat;
2451 2988 2555 3025 non
2596 2981 2655 3024 ut
2686 2970 3022 3023 divinitatem
3064 2967 3297 3029 amittat,
3339 2963 3434 3017 sed
3480 2972 3539 3015 ut

1950 3073 2091 3126 Deus
2121 3084 2243 3124 esse
2289 3066 2571 3127 credatur,
2613 3072 2968 3129 nostramque
3004 3058 3235 3113 formam
3278 3059 3329 3110 in
3378 3059 3542 3110 terris

1951 3175 2214 3236 gestasse,
2263 3175 2368 3214 non
2429 3166 2688 3225 tauquam
2748 3155 2800 3208 in
2854 3152 3075 3207 homine
3122 3151 3405 3214 habitans,
3441 3149 3542 3205 sed

1954 3269 2210 3326 tanquam
2266 3253 2370 3307 hoc
2432 3250 2638 3318 ipsum,
2695 3248 2857 3301 homo
2910 3244 3171 3297 nimirum
3220 3240 3546 3296 naturaliter

1954 3351 2152 3413 factus,
2183 3346 2400 3418 pmpria
2435 3354 2617 3399 tamen
2665 3355 2761 3393 sua
2808 3336 2982 3407 gloria
3017 3337 3227 3403 integra
3264 3343 3542 3388 manente.

1954 3443 2161 3499 Idcirco
2188 3440 2405 3494 divinus
2442 3436 2531 3489 ille
2562 3431 2800 3493 Paulus,
2832 3430 3225 3482 humanitatem
3252 3436 3306 3481 et
3344 3426 3539 3480 divini—

1957 3543 2120 3589 tatem
2168 3545 2290 3601 qua:
2344 3529 2499 3596 longe
2554 3541 2584 3579 a
2642 3516 3219 3579 consubstantialitate
3284 3519 3427 3573 inter
3488 3534 3550 3573 se

1958 3628 2181 3688 distant,
2218 3633 2268 3678 et
2310 3624 2572 3676 immensa
2608 3617 2842 3688 quadam
2882 3614 3190 3670 diﬂ'ert-ntia
3228 3613 3550 3683 disjungun-

1961 3731 2068 3785 tur,
2102 3720 2153 3773 in
2180 3733 2346 3772 unum
2380 3716 2593 3769 ratione
2635 3710 3028 3766 incarnationis
3061 3708 3355 3779 colligens,
3387 3714 3553 3776 atque

1960 3827 2022 3866 ex
2059 3809 2268 3863 duobus
2299 3820 2461 3859 umttn
2489 3804 2781 3873 designans
2816 3800 3119 3867 Christum,
3150 3810 3205 3852 et
3240 3798 3463 3862 Filium,
3498 3807 3555 3851 et

1964 3904 2154 3966 Deum,
2182 3903 2252 3955 ita
2284 3898 2461 3969 inquit
2495 3914 2508 3951 :
2550 3915 2567 3948 t
2598 3894 2796 3949 Paulus
2827 3906 3023 3947 servus
3046 3888 3172 3947 Jesn
3202 3890 3403 3946 Christi
3423 3929 3438 3953 ,
3465 3905 3555 3943 vo-

1962 4006 2120 4051 catus
2178 3991 2492 4063 apostolus,
2539 3995 2855 4058 segregatus
2914 3982 2970 4037 in
3026 3981 3380 4053 Evangelium
3433 3980 3553 4037 Dei.

1964 4086 2116 4155 Quod
2143 4082 2474 4154 promiserat
2502 4095 2598 4148 per
2644 4077 2939 4146 prophetas
2985 4089 3115 4130 suos
3156 4075 3209 4128 in
3256 4072 3557 4142 Scripturis

1965 4178 2170 4233 sanctis
2209 4175 2277 4230 de
2319 4172 2461 4228 Filio
2490 4185 2609 4236 suo,
2657 4169 2747 4239 qui
2796 4168 2974 4223 laeuis
3013 4174 3097 4221 est
3141 4166 3191 4220 ei
3235 4179 3303 4220 ex
3343 4166 3558 4221 semine

1971 4270 2135 4324 David
2198 4266 2494 4321 secundum
2544 4276 2787 4317 carnem.
2848 4259 2951 4325 Qui
3012 4257 3433 4328 praedestinatus
3474 4265 3561 4311 est

1967 4362 2140 4417 Filius
2170 4358 2262 4413 Dei
2300 4359 2351 4412 in
2382 4356 2583 4409 virtute
2610 4351 2913 4407 secundum
2956 4349 3224 4421 Spiritum
3257 4347 3563 4403 sanctiﬁca-

1971 4456 2134 4513 tionis
2162 4454 2229 4508 ".
2263 4470 2282 4504 ι
2318 4451 2454 4506 Ecce
2487 4446 2777 4503 manifeste
2804 4454 3151 4515 segregatum
3199 4457 3257 4497 se
3282 4457 3402 4497 csse
3431 4444 3563 4497 dicit

1972 4552 2025 4605 in
2057 4544 2405 4614 Evangeliutn
2454 4540 2569 4605 Dei,
2598 4548 2783 4609 aperte
2814 4537 3015 4606 alioqui
3050 4535 3297 4590 scrihens
3338 4552 3351 4588 :
3389 4552 3409 4587 ι
3441 4533 3558 4589 Non

1902 4658 1943 4712 ι)
1972 4640 2114 4694 enim
2180 4633 2545 4700 nosmetipsos
2590 4629 2971 4698 prredicatnus,
3012 4626 3106 4681 sed
3161 4625 3440 4681 Christum
3473 4623 3562 4679 Je-

1973 4747 2092 4788 sum
2127 4730 2411 4783 Dominum
2442 4726 2511 4778 ".
2541 4742 2558 4775 ι
2590 4721 2655 4775 Et
2705 4736 2893 4776 rursus
2920 4736 2935 4773 :
2976 4738 2995 4771 ι
3019 4718 3203 4789 Neque
3236 4720 3382 4774 enim
3423 4718 3567 4788 judi-

1974 4820 2090 4876 cavi
2135 4818 2429 4889 quidquam
2483 4816 2625 4869 scire
2677 4812 2730 4865 in
2785 4810 2959 4873 vobis,
3023 4810 3125 4864 nisi
3169 4808 3354 4865 .lesutn
3404 4809 3568 4865 Chri-

1974 4926 2143 4976 stum,
2179 4923 2235 4967 et
2286 4911 2505 4981 quidem
2548 4904 2963 4961 cruciﬁxum”.
2998 4922 3017 4955 ι
3054 4902 3247 4957 Filium
3296 4917 3421 4955 vero
3472 4900 3565 4958 Dei

1977 5008 2153 5075 ipsum
2184 5004 2504 5068 nominans,
2532 5002 2695 5057 etiam
2724 5014 2788 5055 ex
2820 4997 3033 5053 semine
3066 4995 3232 5051 David
3256 5006 3439 5049 natum
3468 4994 3567 5057 ait,

1978 5107 2436 5169 segregatumque
2478 5109 2538 5149 ae
2580 5091 2846 5155 aﬂirmat,
2883 5090 3048 5144 etiam
3098 5089 3150 5143 in
3199 5086 3395 5141 Filium
3448 5082 3564 5141 Dei.

1979 5189 2261 5257 Quomodo
2292 5189 2454 5257 igitur
2482 5197 2565 5241 est
2594 5187 2769 5246 Deus,
2804 5185 2894 5255 qui
2924 5198 2987 5237 ex
3019 5181 3245 5235 semine.
3265 5180 3431 5234 David
3469 5196 3568 5235 na-

1982 5289 2070 5335 tus
2096 5279 2217 5334 est?
2253 5278 2319 5333 Et
2345 5280 2435 5347 qui
2471 5289 2597 5332 ante
2625 5275 2794 5347 696
2829 5274 3025 5329 stecula
3067 5282 3122 5327 et
3153 5274 3222 5326 ah
3246 5283 3455 5326 aeterno
3484 5284 3570 5328 est

1984 5372 2171 5435 l-‘ilius,
2207 5381 2477 5440 quatenus
2509 5384 2573 5423 ex
2625 5370 2735 5423 Deo
2783 5365 3089 5437 processit,
3128 5378 3238 5433 quo
3289 5375 3451 5431 pacto
3488 5376 3573 5419 est

1980 5472 2301 5535 segregatus
2340 5462 2391 5515 in
2435 5460 2630 5514 Filium
2655 5458 2775 5522 Dei,
2826 5455 3165 5513 essistentis
3211 5464 3323 5509 sttze
3366 5456 3572 5527 princi-

1980 5560 2125 5629 pium
2150 5552 2555 5624 quodammodo
2584 5553 2820 5607 nactus?
2851 5551 2939 5605 Ait
2962 5551 3107 5605 enim
3135 5549 3256 5620 ipse
3281 5550 3346 5603 de
3368 5551 3573 5619 seipso,

1983 5665 2002 5697 ι
2039 5644 2302 5699 Dominus
2350 5642 2487 5697 dixit
2523 5641 2589 5695 ad
2641 5658 2772 5697 me:
2823 5639 2993 5695 Filius
3047 5656 3203 5694 mens
3258 5655 3317 5695 es
3368 5649 3573 5709 tu,t-go

1979 5739 2139 5793 hodie
2178 5734 2337 5807 genui
2370 5744 2421 5789 te
2448 5734 2516 5791 “.
2553 5752 2573 5786 ι
2611 5733 2747 5789 Cum
2787 5734 2988 5804 alioqui
3028 5732 3181 5786 hodie
3216 5748 3321 5786 non
3352 5742 3574 5802 praeter

1981 5833 2135 5890 ittnn,
2165 5829 2259 5883 sed
2291 5842 2529 5897 prmsens
2562 5836 2777 5897 tempus
2807 5842 3025 5896 semper
3057 5826 3351 5897 signiticet.

863 5958 904 5987 δι
939 5957 1091 6008 llum.
1124 5969 1160 6017 I,
1206 5954 1225 6006 ι
1264 5955 1314 6006 5.
1390 5954 1435 5983 ⁸⁸
1467 5950 1510 6005 Il
1542 5950 1668 6005 Cor.
1701 5965 1771 6016 tv,
1804 5950 1837 6002 5

1958 5947 1979 5979 ³
2015 5944 2031 5995 l
2062 5942 2189 5998 Cor.
2218 5956 2278 6008 tt,
2306 5940 2359 5995 2.
2437 5942 2483 5974 ⁸⁵
2513 5942 2653 5998 Psal.
2689 5960 2749 6008 tt,
2782 5946 2850 6007 7;
2886 5942 3050 5997 llehr.
3083 5956 3121 6009 I,
3153 5940 3207 5998 5.
