3988 6464
249 462 387 515 ιειεδ

1344 460 1431 515 DE
1482 449 2003 511 [NCARNATIONE
2045 456 2421 511 UNlGENlTl.

3396 464 3533 519 {2'26

247 556 451 623 μένων,
484 548 621 606 ἀλλὰ
651 550 921 621 λαλοῦμεν
944 549 1080 603 Θεοῦ
1108 547 1299 617 σοφίαν
1332 548 1388 600 ὲν
1425 547 1712 619 μυστηρίῳ
1739 546 1841 618 τὴν

1958 547 2040 602 sed
2100 548 2372 618 loquimur
2441 548 2533 602 Dei
2591 548 2915 617 sapientiam
2971 550 3023 605 in
3078 552 3361 622 mysterio,
3418 571 3535 625 (μιαν

243 642 773 713 ἀποκεκρυμμένην,
797 640 864 711 ἢν
900 638 1206 711 προώρισεν
1228 640 1257 691 ό
1279 636 1411 699 Θεὸς
1443 636 1550 708 πρὸ
1582 638 1688 689 τῶν
1710 633 1841 688 αιώ-

245 753 355 791 νων
400 738 480 799 εἰς
520 734 675 799 δόξαν
707 734 884 802 ὑμῶν,
928 733 997 802 ῆν
1043 731 1221 795 οὐδεὶς
1254 730 1363 784 τῶν
1411 728 1691 801 ἀρχόντων
1739 725 1837 782 τοῦ

245 826 447 891 αίῶνος
470 826 658 879 τούτου
687 826 945 893 ἔγνωκεν.
977 844 995 877 ι
1020 823 1083 878 Εί
1109 825 1216 896 γὰρ
1233 823 1497 892 ἔγνωσαν,
1518 823 1617 875 οὐκ
1648 820 1715 876 ἃν
1746 820 1840 875 τὸν

245 920 456 991 Κύριον
486 920 589 991 τῆς
620 920 777 990 δόξης
811 918 1185 989 ἐσταύρωσαν.
1218 918 1326 971 Καὶ
1350 918 1457 988 μὴν
1485 916 1577 970 ἐπὶ
1605 914 1851 978 τούτοις,Δ

251 1030 272 1065 ι
292 1014 387 1076 Ὃς
409 1010 486 1065 ὢν
506 1011 850 1082 ἀπαύγασμα
872 1011 970 1083 τῆς
987 1010 1145 1079 δόξης
1165 1010 1260 1063 καὶ
1278 1009 1566 1080 χαρακτὴρ
1585 1010 1685 1079 τῆς
1706 1008 1841 1061 ὑπο-

248 1105 496 1169 στάσεως
538 1104 727 1169 αύτοῦ,
761 1105 942 1175 φέρων
971 1120 1030 1158 τε
1062 1102 1131 1156 τὰ
1162 1104 1338 1156 πάντα
1388 1102 1465 1172 τῷ
1510 1103 1715 1172 ῥήματι
1740 1100 1841 1170 τῆς

246 1198 533 1269 δυνάμεως
565 1196 752 1257 αὑτοῦ,
786 1194 1130 1267 καθαρισμὸν
1157 1196 1264 1249 τῶν
1292 1194 1577 1265 ἁμαρτιῶν
1610 1193 1840 1263 ποιησά-

252 1307 437 1363 μενος,
464 1290 717 1344 ἐκάθισεν
750 1292 808 1343 ὲν
838 1288 989 1359 δεξιᾷ
1014 1288 1113 1360 τῆς
1160 1287 1549 1358 μεγαλωσύνης
1598 1288 1656 1339 ὲν
1705 1285 1843 1357 ὑψη-

249 1380 383 1445 λοῖς,
416 1380 656 1450 τοσούτῳ
685 1379 949 1449 κρείττων
976 1377 1266 1448 γενόμενος
1302 1377 1413 1430 τῶν
1437 1376 1707 1445 ἀγγέλων,
1732 1377 1843 1447 ὅσῳ

246 1471 655 1543 διαφορώτερον
684 1472 815 1540 παρ’
850 1471 1047 1533 αὐτοὺς
1072 1469 1551 1540 κεκληρονόμηκεν
1590 1468 1780 1538 ὄνομα.
1817 1487 1835 1518 ι

250 1565 448 1619 Καίτοι
498 1564 557 1617 τό
602 1580 667 1631 γε
704 1558 841 1616 εἷναί
889 1577 948 1614 τε
998 1560 1095 1615 καὶ
1139 1558 1501 1629 ὀνομάζεσθαι
1541 1560 1642 1629 τῆς
1686 1559 1843 1633 δόξης

250 1657 480 1729 Κύριον,
501 1655 618 1719 πῶς
642 1656 765 1725 οὐχὶ
788 1654 907 1707 λίαν
933 1652 1225 1724 ὑπερτενὶς
1247 1652 1339 1706 καὶ
1363 1651 1565 1714 παντὸς
1588 1651 1843 1704 ἐπέκεινα

248 1748 483 1819 γενητοῦ
519 1748 613 1803 καὶ
644 1746 1001 1817 παρηγμένον
1032 1743 1171 1814 πρὸς
1194 1743 1439 1813 γένεσινς
1461 1744 1573 1798 Καὶ
1602 1743 1842 1813 παρίημι

253 1842 356 1912 μὶν
391 1839 461 1894 τὰ
502 1837 837 1909 ἀνθρώπιναο
870 1835 1082 1908 σμικρὰ
1106 1834 1215 1908 γὰρ
1259 1833 1325 1907 δὴ
1368 1834 1512 1889 λίαν·
1545 1834 1657 1905 ἐρῶ
1680 1834 1725 1887 δ’
1748 1830 1843 1889 οὖν

247 1935 333 1988 ὄτι
370 1933 469 1986 κᾶν
509 1930 803 2000 ’Δγγέλονς
835 1928 1122 2000 ὀνομάσαι,
1153 1927 1248 1982 καὶ
1275 1926 1477 2000 Ἀρχὰς
1499 1927 1593 1981 καὶ
1611 1926 1847 1999 Θρόνους

251 2026 350 2080 καὶ
384 2023 728 2097 Κυριότητας
773 2020 1227 2092 άπαριθμήσαιτό
1254 2036 1359 2085 τις,
1392 2020 1486 2073 καὶ
1521 2018 1629 2092 μὴν
1670 2020 1765 2072 καὶ
1797 2020 1846 2073 εί

248 2117 362 2171 τῶν
392 2115 654 2171 ἀνωτάτω
682 2114 1111 2185 διαμεμνήσεται
1140 2112 1414 2184 Σεραφὶμ,
1434 2111 1670 2166 κατόπιν
1699 2111 1849 2165 ίόντα

250 2208 354 2280 τῆς
372 2206 547 2271 οὓτως
572 2204 903 2277 ὑπερτενοῦς
923 2202 1309 2275 ὁμολογήσειεν
1332 2201 1399 2257 ἂν
1417 2202 1689 2267 εὐκλείας.
1711 2202 1766 2256 εί
1783 2218 1847 2272 γε

251 2300 379 2356 νοῦν
409 2300 522 2369 ἔχοι
550 2298 625 2369 μὴ
658 2289 1443 2368 παρεφοαρμένον.Ἔκκριτον
1472 2295 1582 2367 γὰρ
1620 2290 1758 2348 εἶναι
1787 2295 1850 2348 τὸ

253 2392 425 2462 γέρας
466 2390 628 2461 φημὶ,
669 2388 763 2443 καὶ
800 2388 910 2441 δεῖν
941 2386 1262 2441 ἀνακεῖσθαι
1295 2386 1431 2457 μόνη
1462 2388 1528 2457 τῇ
1564 2386 1675 2439 τῶν
1708 2386 1848 2440 ὅλων

254 2482 614 2555 παμϐασιλίδι
662 2481 841 2552 φύσει.
876 2480 999 2543 Πῶς
1027 2476 1121 2533 οῦν
1166 2479 1233 2533 ἀν
1285 2480 1496 2547 γένοιτο
1547 2482 1647 2550 τῆς
1690 2478 1849 2549 δόξης

253 2574 460 2647 Κύριος
500 2575 528 2625 ό
556 2570 1002 2641 ὲσταυρωμένος;
1040 2569 1114 2622 Τὸ
1145 2568 1203 2623 δὲ
1233 2568 1577 2639 ἀπαύγασμα
1608 2568 1700 2621 τοῦ
1732 2570 1847 2622 Πα-

252 2666 403 2737 τρὸς.
434 2664 529 2719 καὶ
558 2664 655 2733 τῆς
683 2661 869 2726 οὐσίας
900 2662 929 2714 ό
962 2661 1271 2731 χαρακτὴρ,
1301 2662 1329 2714 ό
1356 2662 1539 2732 φέρων
1568 2660 1635 2714 τὰ
1668 2659 1849 2713 πάντα

253 2757 335 2828 τῷ
382 2757 589 2829 ῥήματι
634 2755 733 2826 τῆς
764 2754 1047 2824 δυνάμεως
1074 2753 1262 2817 αὐτοῦ,
1296 2753 1566 2823 κρείττων
1598 2752 1850 2821 ἀγγέλων

254 2848 583 2920 γεγενῆσθαι
600 2846 841 2915 λέγεται,
858 2847 999 2917 τάχα
1019 2862 1121 2899 που
1150 2844 1211 2898 τὸ
1238 2845 1477 2907 ἔλαττον,
1500 2845 1574 2909 ώς
1607 2838 1847 2916 ἐγῷμαι,

253 2944 462 3009 λαϐὼν,
495 2944 584 2997 ὅτε
616 2942 857 3012 πέφηνεν
886 2940 1192 3011 ἄνθρωπος.
1225 2938 1540 3010 Γέγραπται
1586 2938 1715 3011 γὰρ,
1764 2940 1847 2991 ὅτι

261 3059 280 3091 ι
314 3038 418 3092 Τὸν
451 3036 507 3090 δὲ
544 3034 718 3109 βραχύ
747 3052 801 3088 τι
827 3034 956 3106 παρ’
988 3031 1253 3103 ἀγγέλους
1298 3032 1681 3102 ἠλαττωμένον
1726 3031 1848 3101 βλέ-

258 3147 437 3199 πομεν
478 3126 709 3197 Ἰησοῦν,
737 3127 826 3181 διὰ
855 3127 916 3180 τὸ
944 3125 1172 3196 πάθημα
1202 3125 1295 3177 τοῦ
1333 3125 1564 3179 Θανάτου
1600 3124 1725 3195 δόξῃ
1754 3125 1848 3177 καὶ

1881 1897 1921 1953 Β

1944 639 2260 694 abscondita
2293 648 2411 707 est,
2437 653 2600 709 quam
2643 640 3054 709 praedestinavit
3091 642 3233 699 Deus
3265 655 3393 700 ante
3434 662 3534 702 sae-

1942 729 2061 785 eula
2092 730 2147 785 in
2190 730 2419 802 gloriam
2474 740 2741 795 nostram,
2796 748 2961 801 quam
3016 747 3180 790 nemo
3228 737 3538 808 principum

1944 822 2102 891 hujus
2127 823 2314 879 sreculi
2349 824 2623 892 cognovit.
2656 822 2714 879 Si
2746 825 2895 880 enim
2930 828 3356 896 cognovissent,
3396 845 3538 884 nun-

1942 929 2102 984 quam
2155 914 2444 971 Dominum
2484 915 2670 987 gloriae
2696 916 3187 973 erurltlxissent".
3239 937 3259 971 ι
3304 919 3539 976 Praeter-

1942 1020 2004 1059 ea
2035 1021 2048 1058 :
2112 1023 2130 1057 ι
2159 1003 2261 1071 Qui
2310 1020 2433 1059 cum
2477 1006 2550 1060 sit
2589 1005 2848 1075 splendor
2878 1004 3066 1076 glorias
3106 1014 3162 1061 et
3199 1007 3373 1077 ﬁgura
3410 1008 3533 1063 sub.

1943 1098 2160 1153 stantia:
2192 1098 2332 1165 ejus,
2366 1106 2705 1169 portansque
2731 1101 2918 1154 omnia
2950 1100 3119 1156 verbo
3154 1094 3373 1157 virtutis
3404 1117 3541 1167 sum,

1946 1189 2323 1261 purgationem
2356 1198 2702 1260 peccatorum
2725 1190 2956 1258 faciens,
2978 1194 3133 1248 sedet
3156 1194 3225 1248 ad
3254 1194 3541 1252 dexteram

1948 1287 2245 1358 majestatis
2288 1288 2341 1341 in
2388 1286 2662 1354 excelsis;
2716 1295 2867 1341 tanto
2916 1285 3109 1341 melior
3153 1288 3365 1358 angelis
3408 1287 3544 1346 elle-

1945 1389 2091 1441 ctus,
2127 1386 2334 1446 quanto
2372 1377 2711 1433 diﬂ‘erentius
2760 1394 2873 1447 pra:
2924 1378 3030 1433 illis
3078 1394 3275 1435 nomen
3319 1380 3543 1437 heredi-

1948 1469 2081 1523 tavit
2104 1468 2168 1521 ⁸⁸.
2203 1486 2221 1520 ι
2256 1468 2423 1523 Porro
2448 1485 2568 1524 cum
2607 1471 2681 1525 sit
2707 1478 2763 1524 et
2804 1470 3105 1540 appelletur
3130 1471 3390 1528 Dominus
3423 1473 3547 1542 glo-

1946 1562 2062 1627 τίω,
2114 1563 2387 1630 quomodo
2438 1578 2544 1616 non
2592 1564 2846 1618 omnibus
2903 1565 3106 1619 creatis
3155 1573 3210 1619 et
3260 1564 3329 1618 ad
3362 1572 3546 1619 ortum

1948 1654 2211 1709 traductis
2235 1655 2307 1710 sit
2333 1654 2921 1725 excellentioriAtque
2955 1666 3015 1709 ut
3040 1656 3277 1710 humana
3310 1666 3545 1725 praeter-

1946 1760 2105 1807 eam,
2147 1760 2268 1815 quae
2296 1745 2458 1799 exilia
2498 1746 2733 1813 viliaque
2768 1754 2914 1811 sunt,
2946 1746 2990 1801 si
3036 1747 3159 1815 quis
3198 1745 3436 1818 Angelos
3489 1756 3546 1800 et

1952 1835 2315 1906 Principatus,
2343 1846 2397 1891 et
2430 1836 2679 1891 Thronos
2706 1851 2770 1891 ac
2793 1836 3209 1892 Dumiuationes
3232 1847 3550 1899 recenseat,

1950 1927 2083 1997 quin
2114 1936 2169 1981 et
2192 1941 2462 1996 suprema:
2497 1926 2775 1997 dignitatis
2820 1926 3132 1996 Seraphim,
3168 1929 3435 1984 immenso
3474 1938 3550 1982 ta-

1949 2034 2072 2074 men
2098 2019 2414 2075 discrimine
2446 2034 2474 2073 a
2504 2034 2716 2075 summa
2746 2022 2848 2075 hac
2880 2020 3049 2091 gloria
3082 2020 3306 2077 differre
3332 2020 3549 2090 judica—

1952 2114 2047 2178 bit,
2106 2113 2148 2166 si
2206 2122 2439 2167 mentem
2492 2122 2809 2179 corruptam
2866 2128 2970 2167 non
3038 2114 3259 2169 habeat.
3298 2114 3553 2169 Eximius

1949 2206 2093 2259 enim
2125 2204 2299 2260 honor
2319 2214 2422 2271 est,
2449 2206 2650 2276 quique
2682 2207 2781 2260 soli
2824 2207 3021 2261 divina:
3048 2218 3260 2262 natura:
3301 2222 3421 2277 qua:
3448 2208 3547 2264 toti

1950 2300 2203 2353 universo
2238 2299 2468 2369 imperat
2490 2300 2764 2354 convenit.
2796 2299 2865 2353 At
2888 2314 2998 2369 quo
3025 2309 3183 2368 pacto
3213 2298 3380 2353 fuerit
3426 2299 3540 2355 Do-

1953 2391 2130 2443 minus
2158 2389 2363 2460 gloriae,
2398 2390 2442 2445 is
2464 2394 2553 2459 qui
2579 2392 2729 2445 cruci
2757 2390 2948 2448 aﬂixus
2977 2391 3095 2447 est?
3115 2390 3387 2463 Splendor
3413 2407 3470 2444 vr
3514 2409 3547 2448 ο

1950 2480 2152 2549 Patris,
2200 2490 2255 2536 et
2307 2482 2595 2538 character
2659 2484 2915 2537 essentiae
2968 2484 3157 2553 ipsius,
3214 2493 3554 2555 portansque

1952 2576 2133 2630 omnia
2183 2575 2349 2631 verbo
2395 2576 2609 2632 virtutis
2662 2591 2810 2640 suae,
2869 2578 3061 2631 melior
3112 2576 3320 2646 angelis
3371 2578 3551 2633 laeuis

1950 2683 2068 2725 esse
2096 2669 2313 2733 dicitur,
2345 2669 2525 2724 minor
2561 2669 2837 2736 nimirum,
2873 2678 2933 2723 ut
2972 2670 3231 2737 arbitror,
3258 2671 3339 2725 eis
3370 2671 3550 2727 deela-

1952 2772 2125 2826 ratus,
2170 2776 2292 2817 cum
2345 2761 2595 2831 apparuit
2640 2760 2822 2817 homo.
2882 2760 3158 2829 Scriptura
3214 2770 3296 2816 est
3343 2762 3487 2818 enim
3532 2782 3545 2817 :

1960 2872 1978 2905 ι
2018 2853 2184 2907 Paulo
2219 2852 2395 2907 minus
2426 2852 2495 2906 ab
2526 2854 2734 2922 angelis
2776 2852 3046 2912 minutum
3078 2852 3326 2909 videmus
3357 2852 3547 2909 Jesum

1954 2953 2175 3014 propter
2197 2944 2507 3013 passionem
2541 2945 2735 2999 mortis
2761 2953 2813 2999 et
2841 2945 3045 3000 honore
3078 2956 3402 3001 carenatunt
3430 2946 3497 3001 ⁸³.
3525 2965 3545 2997 a

1952 3035 2092 3103 Quid
2128 3035 2333 3104 igitur?
2375 3034 2795 3091 Privabimusne
2844 3036 3079 3091 Verbum
3132 3039 3276 3105 quod
3326 3053 3393 3094 ex
3438 3037 3556 3095 Deo

1953 3144 2016 3183 ac
2049 3127 2207 3183 Patre
2238 3128 2501 3197 processit
2534 3128 2856 3181 excellentia
2894 3128 2978 3182 illa
3012 3129 3184 3201 698
3212 3146 3333 3200 quae
3360 3146 3556 3186 essen-

254 3226 393 3293 τιμῇ
425 3218 891 3289 ἐστεφανωμένον.
918 3213 1069 3287 i'Ap‘
1089 3213 1183 3269 οὖν
1206 3213 1481 3285 ὲξώσομεν
1508 3216 1597 3269 τὸν
1625 3218 1688 3269 ἐκ
1712 3216 1847 3269 Θεοῦ

1958 3218 2155 3272 tialiter
2185 3218 2286 3287 ipsi
2325 3218 2488 3282 inest,
2512 3227 2567 3271 et
2597 3234 2625 3269 a
2657 3216 2901 3286 perfecta
2936 3233 3059 3272 eum
3094 3218 3255 3274 Patre
3289 3220 3553 3279 similitu-

259 3313 477 3386 Πατρδς
502 3310 784 3380 πεφηνότα
809 3309 1000 3377 Λόγον,
1026 3307 1125 3377 τῆς
1152 3305 1301 3375 αὐτῷ
1326 3306 1637 3376 προσούσης
1659 3304 1849 3358 οῦσιώα

256 3408 384 3470 tau;
434 3403 727 3473 ὑπεροχῆς,
762 3400 985 3468 καὶτῆς
1014 3397 1151 3470 πρὸς
1177 3396 1338 3450 αὑτὸν
1375 3394 1638 3466 ἀκριϐοῦς
1686 3396 1855 3464 ἐμφε-

262 3500 438 3573 ρείας,
470 3498 565 3550 καὶ
607 3497 704 3566 τῆς
736 3493 983 3564 ἀγγέλων
1017 3490 1265 3554 εὐκλείας
1297 3489 1605 3561 ἡττώμενον
1633 3486 1854 3557 βλέπον-

258 3610 351 3654 τες
380 3589 471 3644 διὰ
494 3588 555 3641 τὸ
584 3588 683 3656 τῆς
708 3584 1019 3653 οἰκονομίας
1050 3580 1493 3650 σμικροπρεπὲς;

335 3684 395 3736 Β.
439 3678 737 3750 Οὑμενοῦν.
769 3672 939 3746 Οἶμαι
972 3674 1081 3745 γὰρ
1111 3675 1241 3735 δεῖν,
1270 3672 1393 3725 οῦτε
1433 3671 1542 3723 τῶν
1575 3671 1855 3743 ἀνθρωπξκ

262 3792 372 3829 νων
405 3769 767 3826 ἀπαλλάττειν
815 3763 1095 3826 παντελῶς
1138 3762 1227 3815 τὸν
1257 3764 1321 3814 ὲκ
1350 3761 1485 3815 Θεοῦ
1514 3762 1683 3829 Λόγον
1718 3760 1854 3830 μετά

261 3867 363 3938 τὴν
397 3864 532 3934 πρδς
555 3861 736 3932 σάρκα
764 3857 1001 3920 σύνοδον,
1026 3855 1155 3909 οῦτε
1180 3854 1284 3925 μὴν
1309 3854 1467 3925 δόξης
1492 3855 1594 3919 τῆς
1628 3854 1855 3924 Θεοπρε-

264 3959 403 4021 ποῦς
434 3957 759 4027 ἀποστερεῖν
786 3951 844 4005 τι
878 3948 1239 4020 ἀνθρώπινον,
1272 3949 1319 4000 εί
1347 3950 1403 4000 ἐν
1438 3946 1660 4018 Χριστῷ
1686 3952 1857 4001 νοοῖτο

264 4054 363 4106 καὶ
393 4050 622 4119 λέγοιτο.
658 4045 803 4115 Πλὴν
834 4044 1127 4115 ὲρομένους
1184 4040 1291 4093 ῑσΘι
1318 4040 1397 4092 τοί
1438 4057 1587 4101 τινας
1611 4055 1623 4067 ³
1660 4038 1753 4101 Τίς
1794 4039 1857 4109 δὴ

265 4146 377 4217 ἄρα
406 4144 551 4197 ἐστὶν
576 4139 792 4209 ἀληθῶς
831 4136 1035 4205 Ἰησοῦς
1061 4138 1089 4188 ό
1114 4132 1380 4205 Χριστός;
1425 4134 1480 4183 ’0
1512 4134 1575 4184 ἐκ
1599 4131 1857 4199 γυναικὸς

266 4236 580 4307 ἅνθρωπος,
613 4234 779 4302 ἤγουν
813 4230 841 4280 ὁ
870 4230 934 4280 ὲκ
962 4224 1098 4279 Θεοῦ
1128 4225 1333 4293 Λόγος;

339 4333 405 4381 Δ,
437 4324 670 4379 Ἦλίθιον
722 4320 821 4391 μὲν
871 4317 1070 4387 κομιδῇ
1117 4315 1176 4367 τὸ
1204 4311 1563 4368 διατείνεσθαι
1604 4312 1854 4384 περιττὰ,

268 4419 367 4473 καὶ
409 4415 710 4485 φληνάφοις
742 4406 1143 4477 εἰκαιομυθίαις
1184 4407 1609 4474 ἀνταναφωνεῖν.
1629 4402 1770 4474 Ἐρῶ
1812 4404 1857 4455 δ’

1955 3310 2099 3375 dine,
2129 3325 2252 3363 cum
2291 3310 2440 3364 illum
2482 3309 2549 3363 ob
2576 3309 2973 3365 incarnationis
3002 3310 3371 3368 humilitatem
3407 3312 3549 3367 infe~

1958 3402 2158 3456 riorem
2192 3401 2400 3470 angelis
2428 3400 2629 3455 factum
2668 3400 2955 3455 videmus?

2028 3660 2089 3714 Β.
2135 3660 2509 3731 Nequaquam.
2546 3661 2812 3717 Existimo
2844 3664 2992 3717 enim
3014 3672 3269 3733 oportere
3298 3679 3475 3737 neque
3502 3667 3557 3722 iu

1959 3755 2272 3810 universum
2303 3756 2655 3809 humanitatis
2685 3757 3114 3826 proprietatibus
3159 3759 3374 3826 privare
3418 3758 3554 3813 Ver-

1961 3845 2084 3899 bum
2124 3860 2189 3899 ex
2227 3847 2365 3908 Deo.
2403 3858 2692 3917 postquam
2746 3863 2967 3902 carnem
3007 3850 3345 3919 assumpsit:
3383 3865 3562 3921 neque

1962 3950 2151 3991 rursus
2198 3936 2595 3991 humanitatem
2644 3938 2825 3991 divina
2881 3937 3051 4007 gloria
3098 3938 3359 4007 spoliare,
3416 3939 3461 3992 si
3503 3939 3560 3993 in

1959 4032 2175 4087 Christo
2205 4031 2539 4101 intelligatur
2570 4042 2624 4085 et
2657 4031 2891 4086 dicatur.
2922 4036 2994 4086 At
3034 4032 3220 4086 dicunt
3257 4032 3505 4086 nonnulli
3536 4054 3553 4087 :

1960 4126 2222 4193 Quisnam
2260 4140 2383 4179 vere
2416 4134 2497 4177 est
2520 4123 2680 4178 .lesus
2706 4122 3002 4179 Christus?
3042 4123 3289 4178 llomone
3325 4140 3393 4177 ex
3438 4142 3562 4178 mu-

1960 4222 2094 4276 liere
2130 4229 2311 4285 natus,
2342 4234 2408 4272 an
2440 4218 2673 4273 Verbum
2704 4233 2770 4271 ex
2816 4216 2969 4271 Deo?

2032 4313 2098 4367 A.
2144 4311 2353 4367 Stolida
2390 4310 2635 4379 profecto
2679 4325 2767 4364 res
2808 4320 2892 4364 est
2925 4309 2992 4363 de
3020 4310 3183 4364 rebus
3208 4311 3565 4378 supervacuis

1962 4405 2163 4460 acriter
2198 4403 2564 4464 contendere,
2606 4402 3017 4472 nugaeihusque
3064 4417 3127 4455 ac
3168 4401 3322 4455 vanis
3368 4401 3564 4456 verbo-

267 4507 385 4571 οῦν.
416 4510 497 4563 ὅτι
535 4503 803 4575 σφαλερόν
828 4518 887 4554 τε
929 4499 1019 4554 καὶ
1054 4499 1153 4551 οὐκ
1186 4497 1419 4567 ἀζήμιον
1453 4497 1512 4549 τὸ
1550 4497 1851 4566 διατέμνειν

1966 4511 2083 4549 rum
2119 4494 2445 4549 commentis
2488 4491 2833 4556 ocelamare,
2890 4492 3019 4561 quin
3064 4493 3244 4561 potius
3290 4493 3565 4563 periculo-

269 4598 349 4662 είς
376 4570 471 4652 δύο
499 4570 593 4649 καί
638 4570 909 4660 ἀναμέρος
940 4590 1092 4658 ίστᾷν
1142 4585 1426 4655 ἄνθρωπόν
1453 4603 1512 4638 τε
1543 4586 1637 4638 καὶ
1663 4585 1851 4653 Λόγον¹

1966 4605 2083 4645 sum
2126 4588 2460 4655 noxiumque
2500 4600 2621 4641 esse
2664 4585 2980 4653 judicarint,
3030 4597 3219 4643 sedare
3266 4587 3321 4642 in
3364 4588 3472 4641 duo
3512 4600 3570 4643 et

267 4692 371 4747 oin:
422 4686 755 4757 ἀνεχομένης
806 4681 904 4751 τῆς
952 4678 1284 4748 οἰκονομίας,
1334 4678 1426 4731 καὶ
1478 4676 1712 4747 Χριστὸν
1762 4678 1851 4730 Eva

1967 4681 2257 4752 separatim
2305 4688 2549 4734 statuere
2588 4677 2863 4732 hominem
2918 4688 2973 4731 et
3004 4678 3240 4733 Verbum
3264 4717 3281 4744 ,
3318 4694 3441 4735 eum
3479 4680 3569 4735 in-

274 4782 486 4855 βοώσης
514 4778 613 4846 τῆς
648 4774 1005 4829 θεοπνεύστου
1033 4770 1278 4840 Γραφῆς.
1310 4770 1519 4839 Χρῆναι
1551 4768 1660 4839 γὰρ
1684 4768 1851 4837 ἔγωγέ

1970 4772 2306 4828 carnationis
2345 4771 2481 4824 ratio
2530 4770 2582 4821 id
2630 4785 2735 4821 non
2792 4770 3056 4837 patiatur,
3113 4784 3351 4839 cumque
3405 4786 3567 4825 saera

272 4890 437 4944 φημι,
476 4872 614 4941 μήτε
652 4868 746 4922 τὸν
790 4870 853 4919 ἐκ
892 4863 1028 4917 Θεοῦ
1057 4863 1231 4931 Λόγον
1264 4860 1851 4930 όινθριιαττότηιως.δίχα1

1973 4865 2252 4933 Scriptura
2286 4877 2453 4917 unum
2492 4873 2614 4917 esse
2652 4858 2932 4915 Christum
2964 4862 3243 4930 pradicet.
3276 4862 3389 4932 Ego
3420 4863 3565 4917 enim

277 4969 413 5037 μήτε
437 4963 527 5016 τὸν
550 4964 613 5013 ὲκ
636 4957 890 5027 γυναικὸς
915 4954 1284 5024 ἁποτεχθέντα
1313 4952 1463 5015 ναὸν,
1478 4953 1577 5021 οὐχ
1600 4952 1851 5007 ἑνωθέντο

1971 4958 2043 5009 ita
2076 4963 2259 5010 statuo
2286 4962 2542 5021 oportere
2563 4992 2578 5016 ,
2614 4966 2789 5019 neque
2822 4952 3062 5007 Verbum
3109 4968 3174 5007 ex
3218 4952 3329 5007 Deo
3358 4951 3569 5022 absque.

269 5058 351 5127 τῷ
370 5056 546 5125 Λόγῳ,
566 5051 802 5125 Χριστὸν
826 5048 1034 5121 Ἰησοῦν
1057 5045 1441 5117 ὀνομάζεσθαι.
1462 5045 1845 5115 Ἀνθρωπότητ

1970 5046 2330 5107 humanitate,
2363 5058 2536 5112 neque
2558 5041 2818 5111 templum
2857 5043 2999 5112 quod
3027 5058 3093 5097 ex
3128 5042 3348 5113 Virgine
3378 5052 3567 5097 uatum

274 5149 385 5218 γὰρ
410 5146 530 5199 καθ’
550 5146 744 5198 ἕνωσιν
763 5139 1111 5210 οἰκονομικὴν
1130 5140 1459 5211 ἀπορῤήτως
1484 5138 1851 5207 συνενηνεγμὲ

1968 5150 2052 5195 est
2079 5152 2189 5193 non
2224 5139 2433 5191 unitum
2470 5135 2671 5200 Verbo,
2695 5132 2880 5188 Jesum
2906 5134 3184 5190 Christum
3215 5134 3421 5190 vocari.
3454 5134 3571 5190 Hu-

275 5258 364 5301 νος
404 5242 432 5291 ὁ
476 5240 539 5290 ὲκ
582 5234 718 5289 Θεοῦ
760 5234 930 5302 Λόγος
958 5235 1161 5285 νοεῖται
1194 5230 1450 5302 Χριστὸς,
1482 5229 1743 5299 ἀνωτέρω
1775 5230 1873 5300 μὲν

275 5331 715 5404 ἀνδρωπότητος,
745 5327 819 5391 ὡς
850 5325 1009 5396 φύσει
1036 5324 1169 5387 Θεὸς
1198 5324 1293 5377 καὶ
1322 5323 1472 5385 Υἱὸς,
1504 5323 1785 5391 ὑφιζάνων
1810 5323 1868 5376 δέ

276 5442 328 5477 τι
382 5421 556 5493 βραχὺ
606 5418 701 5471 τοῦ
748 5419 806 5471 ιν
854 5417 985 5487 δόξῃ
1026 5413 1386 5484 Θεοπρεποῦς,
1436 5413 1510 5477 ὼς
1559 5412 1866 5485 ἄνθρωπος.

277 5515 590 5584 Τοιγάρτοι,
621 5511 752 5565 ποτὶ
805 5510 903 5579 μὶν
960 5509 1199 5579 ἔφασκεν
1228 5524 1241 5538 ·
1274 5508 1373 5561 ιύ
1426 5504 1689 5577 ἑωρακὼς
1747 5506 1869 5575 ἐμὲ,

278 5608 493 5678 ἑώρακε
524 5605 615 5657 τὸν
648 5601 1051 5675 Πατέρα.Ὲγὼ
1093 5601 1187 5654 καὶ
1214 5602 1241 5653 ό
1272 5600 1460 5671 Πατὴρ
1499 5601 1556 5653 ’ἐν
1606 5600 1773 5670 ἐσμεν
1800 5617 1811 5627 θ
1848 5616 1865 5647 ι

275 5702 367 5754 ὁτὲ
400 5701 455 5755 δὲ
486 5697 551 5755 αῦ
589 5697 748 5751 πάλιν
770 5714 784 5727 ’
822 5716 839 5745 ι
863 5696 919 5747 '0
949 5695 1137 5763 Πατήρ
1171 5709 1271 5763 μου
1302 5690 1501 5761 μείζων
1538 5692 1635 5762 μού
1665 5694 1866 5745 tarum

356 5874 439 5929 ’Ἰ
473 5875 595 5929 Cor.
628 5890 687 5936 ιι,
723 5872 836 5935 6-8,
918 5870 964 5901 τ’
990 5870 1154 5925 llrhr.
1195 5887 1229 5931 l,
1269 5870 1322 5932 3,
1355 5872 1404 5923 Δί.
1486 5868 1718 5923 ⁸’11‹·1›ι·.
1759 5887 1816 5933 ιι,
1848 5870 1899 5924 9.

607 5967 876 6029 ΡΑτιιοι,
926 5966 1045 6026 (in.
1084 5964 1174 6025 LX
1201 5964 1325 6022 XV.

1973 5230 2221 5286 manitati
2252 5229 2397 5283 enim
2436 5228 2736 5283 secundum
2785 5228 3049 5281 unitatem
3093 5241 3191 5298 per
3228 5228 3569 5283 incarnatioo

1974 5338 2093 5377 nem
2129 5320 2326 5375 factam
2362 5318 2708 5375 ineﬂabiliter
2734 5319 3049 5389 copulatum
3079 5318 3318 5374 Verbum
3342 5335 3408 5375 ex
3438 5319 3571 5386 Deo,

1976 5416 2175 5470 dicitur
2202 5413 2478 5481 Christus,
2509 5414 2762 5483 superior
2792 5414 3011 5483 quidem
3050 5429 3214 5485 quam
3258 5422 3340 5468 est
3376 5414 3570 5469 humao

1979 5505 2143 5570 nitas,
2177 5514 2236 5558 ut
2272 5514 2468 5559 natura
2497 5504 2643 5559 Deus
2668 5516 2723 5559 et
2745 5504 2917 5559 Filius
2945 5518 2960 5558 :
2990 5504 3221 5560 inferior
3267 5520 3396 5561 vero
3442 5521 3577 5561 non-

1978 5598 2111 5653 nihil
2145 5598 2311 5670 gloria
2341 5598 2524 5653 divlna
2548 5638 2561 5662 ,
2597 5607 2654 5652 ut
2696 5599 2879 5654 homo.
2938 5598 3151 5655 ldeirco
3192 5608 3247 5655 et
3285 5600 3401 5670 ipse
3448 5600 3575 5655 alihi

1981 5690 2156 5745 dixit:
2200 5710 2217 5741 ι
2250 5689 2355 5757 Qui
2405 5691 2539 5746 vidit
2585 5706 2703 5756 me,
2738 5693 2873 5747 vidit
2914 5702 2969 5747 et
3012 5693 3229 5748 Patrem
3264 5693 3330 5747 “.
3368 5691 3480 5764 Ego
3526 5706 3579 5747 et

1982 5872 2025 5899 ⁸ο
2050 5869 2204 5923 Joan.
2247 5886 2355 5935 xii,
2390 5868 2444 5925 9.

3166 5964 3240 6025 39
