3988 6480
498 470 633 523 1227
1478 464 1531 515 S.
1575 462 1841 518 (ΣΥΠΙΙᾸΛ
1884 464 2347 519 ΑιεχωίυιιιΝι
2390 465 2704 520 ΑΠΟΗΙΕΡ.
3613 456 3749 514 Im

497 585 656 635 Pater
696 596 856 634 unum
914 593 1098 632 smnus
1123 579 1187 630 ".
1237 597 1254 629 ι
1290 578 1421 632 Cum
1472 594 1598 633 vero
1638 580 1770 635 dicit
1802 597 1813 632 :
1848 600 1865 632 ι
1899 584 2057 636 Pater

2174 582 2234 633 Jb
2275 582 2444 651 μείων
2489 584 2596 653 γὰρ
2638 584 2713 634 ὢν
2746 580 2837 635 τοῦ
2874 579 3085 649 Πατρὸς
3120 577 3261 631 κατά
3291 593 3353 645 γε
3390 576 3451 627 τὸ
3497 576 3555 626 ἐν
3590 573 3749 641 οὐσία

497 674 667 740 majer
700 685 782 723 me
806 668 946 723 est"
978 685 990 719 :
1030 686 1048 719 ι
1073 684 1193 722 cum
1220 682 1327 723 non
1360 668 1430 723 sit
1454 669 1629 724 minor
1656 668 1815 725 Patre
1845 672 2050 725 ratione

2176 671 2371 733 ταυτὸν,
2403 672 2497 725 καὶ
2531 672 2671 725 κατά
2704 673 2812 724 πᾶν
2841 669 3017 723 ότιοῦν
3044 670 3106 723 τὸ
3140 665 3483 731 ίσοστατοῦν,
3514 665 3574 715 ἑν
3604 664 3751 715 ἐλάτ-

498 761 791 817 identitatis
843 759 1131 825 essentne,
1182 768 1235 813 et
1285 758 1611 814 omnimodae
1660 761 2048 825 similitudinis,

2175 778 2304 815 :ootv
2350 757 2489 817 εἷναί
2520 780 2653 834 φησι
2695 762 2781 816 διὰ
2812 762 2871 815 τὸ
2899 759 3256 831 ἀνθρώπινον.
3288 756 3655 828 Κηρύττεται
3696 753 3750 804 δὲ

492 852 750 906 minorem
791 864 849 904 se
880 864 998 903 esse
1039 849 1169 904 dicit
1206 847 1414 903 ratione
1445 848 1816 905 humanitatis.
1846 848 2049 905 Praedi-

2175 850 2250 903 ιαὶ
2282 850 2368 903 διὰ
2397 851 2505 904 τῶν
2540 851 2701 922 ιερῶν
2731 852 3100 923 Γραμμάτων,
3132 850 3261 904 more
3287 850 3388 919 μὲν
3417 846 3497 907 ὡς
3528 846 3655 906 ὅλα,
3678 842 3750 894 ὢν

491 952 644 995 catur
665 954 789 995 vero
810 939 971 995 etiam
999 939 1051 993 in
1086 939 1257 994 sacris
1280 937 1519 1003 Litteris,
1539 939 1804 995 interdum
1834 940 2047 1009 quidem

2178 937 2458 1008 ἱνθρωπος,
2495 940 2915 1010 σεσιωπημένης
2944 938 3111 993 αὐτοῦ
3156 941 3255 1009 τῆς
3298 939 3563 1007 θεότητος
3605 935 3753 987 olu—

491 1040 547 1083 nt
575 1033 783 1100 lntcgre
811 1028 1077 1083 exsistens
1107 1029 1285 1090 homo,
1314 1042 1419 1082 non
1443 1041 1696 1097 expressa
1722 1028 1889 1097 ipsius
1915 1028 2050 1082 divi-

2218 1030 2419 1099 μικῶς·
2463 1031 2596 1083 ποτὲ
2642 1032 2697 1084 δὲ
2744 1026 2811 1085 αὖ
2867 1031 3025 1085 πάλιν
3057 1031 3147 1085 καὶ
3173 1030 3327 1094 Θεὸς,
3366 1026 3751 1097 σεσιγημένης

491 1123 689 1185 nitate,
742 1122 948 1174 ratione
1001 1117 1433 1173 incarnationis:
1489 1118 1753 1172 interdum
1804 1132 1935 1172 vero
1991 1127 2047 1172 ut

2177 1120 2320 1173 ιὺτοῦ
2366 1120 2464 1189 τῆς
2501 1121 2917 1192 ἀνθρωπότητος
2939 1139 2951 1151 ·
2987 1121 3250 1175 ἀδικεῖται
3294 1120 3351 1173 δὲ
3397 1119 3525 1172 κατ’
3551 1116 3752 1171 οὐδένα

493 1212 651 1273 Deus,
682 1224 784 1263 non
808 1220 1063 1277 expressa
1110 1207 1441 1261 humanitate
1472 1224 1485 1259 :
1513 1216 1701 1259 neutra
1746 1215 1921 1259 tamen
1964 1222 2048 1261 ra-

1964 1222 2048 1261 ra-
2154 1210 2352 1279 τρόπον
2385 1211 2472 1264 διά
2504 1212 2597 1264 καὶ
2630 1212 2829 1281 ἀμφοῖν
2857 1214 2937 1273 είς
2974 1212 3199 1283 ἑνότητα
3228 1211 3528 1281 σύμϐασιν.

491 1303 635 1355 tione
667 1301 762 1369 ipsi
798 1300 991 1369 injuria
1040 1298 1115 1363 llt,
1150 1305 1370 1367 propter
1413 1297 1694 1366 utriusque
1734 1297 2048 1368 appellatio-

487 1393 571 1445 nis
597 1393 647 1443 in
672 1406 835 1443 unum
860 1402 1205 1443 concursum.

557 1485 614 1538 lt.
650 1484 927 1550 Quomodo
957 1483 1079 1538 ais?
1116 1495 1288 1551 neque
1314 1482 1457 1536 enim
1482 1482 1615 1537 satis
1639 1496 1898 1552 assequor
1921 1483 2046 1553 quid

1882 1483 2046 1553 rquid
2224 1476 2280 1528 Β.
2328 1477 2447 1539 Πῶς
2486 1478 2695 1547 λέγεις;
2735 1479 2957 1550 συνίημι
2991 1480 3098 1549 γὰρ
3131 1481 3192 1533 οὐ
3228 1482 3457 1553 σφόδρα.

484 1580 640 1634 velis.

556 1672 616 1722 Α.
664 1669 919 1725 Πειπεειιε
958 1682 1024 1723 ex
1064 1668 1302 1722 Hebraeis
1342 1676 1397 1723 et
1442 1668 1581 1723 tribu
1620 1668 1914 1740 Beniamin,
1950 1683 2047 1723 vo-

2223 1654 2287 1706 Δ.
2318 1653 2377 1706 Ὀ
2415 1652 2665 1724 Ἑϐραῖος
2703 1654 2761 1719 ἐξ
2792 1655 3062 1725 Ἐὗραίων
3098 1657 3191 1709 καὶ
3229 1656 3405 1725 φυλῆς
3445 1656 3739 1729 Βενιαμὶν,

483 1775 638 1818 catus
662 1762 956 1831 apostolus,
986 1760 1176 1814 scribit
1206 1760 1271 1814 iis
1319 1759 1409 1827 qui
1453 1774 1550 1830 per
1574 1759 1733 1814 ﬁdem
1768 1759 2044 1829 iustiﬁcati

2163 1745 2179 1796 5
2212 1744 2405 1815 κλητὸς
2432 1745 2745 1811 ἀπόστολος,
2775 1747 3079 1801 ἐπιστέλλει
3115 1750 3226 1812 τοῖς
3249 1749 3336 1803 διὰ
3369 1750 3620 1816 πίστεως
3650 1753 3738 1805 δ(-

484 1862 636 1919 sunt,
675 1863 730 1907 et
772 1852 1165 1908 mortilicaruut
1204 1852 1441 1905 membra
1483 1851 1687 1917 carnis,
1730 1851 2045 1906 fornicatio-

2163 1834 2547 1905 δικαιωμένοις,
2585 1838 2679 1891 καὶ
2708 1838 3155 1908 κατανεκρώσασι
3196 1840 3262 1893 τὰ
3298 1842 3435 1913 μέλη
3466 1842 3569 1913 τῆς
3601 1859 3738 1914 σαρ-

483 1958 603 1997 nem
661 1942 925 2008 videlicet,
976 1942 1399 2005 immunditiam,
1447 1940 1748 2005 libidinem,
1800 1942 2047 2011 concupi-

2159 1926 2263 1988 κὸς,
2296 1927 2551 1997 πορνείαν
2582 1928 2645 1998 δὴ
2676 1927 2819 1997 λέγω
2852 1931 2947 1983 καὶ
2974 1929 3165 1995 πάθος,
3198 1932 3495 2001 ἐπιθυμίαν
3532 1934 3734 2005 κακὴν,

483 2033 741 2089 scentiam
796 2033 988 2087 malam
1032 2043 1085 2086 et
1129 2032 1450 2086 avaritiam:
1490 2050 1507 2083 ι
1544 2030 1847 2087 Mortillcati
1899 2022 2042 2087 enim

2157 2015 2240 2067 καὶ
2280 2016 2381 2087 τὴν
2430 2014 2759 2082 πλεονεξίαν.
2814 2018 3181 2075 «Ἃπεθάνετε
3229 2023 3357 2093 γὰρ,
3388 2025 3485 2076 καὶ
3537 2027 3569 2094 ἡ
3619 2023 3732 2094 ζωὴ

480 2124 633 2183 estis,
669 2131 721 2175 et
750 2123 855 2175 vita
882 2130 1061 2175 vestra
1107 2118 1419 2175 abscondita
1460 2130 1543 2174 est
1576 2136 1696 2173 cum
1742 2120 1958 2176 Christo
1991 2124 2042 2175 in

2160 2106 2298 2176 Βμῶν
2326 2107 2629 2178 κέκρυπται
2661 2110 2754 2163 σὺν
2783 2109 2859 2181 τῷ
2887 2111 3108 2183 Χριστῷ
3136 2114 3193 2165 ὲν
3226 2114 3303 2184 τῷ
3325 2114 3467 2183 Θεῷ.
3494 2134 3513 2166 ι
3557 2117 3735 2179 Αὐτός

482 2214 594 2267 Deo
616 2212 681 2265 ⁸⁸.
722 2231 740 2263 ι
773 2212 888 2280 Ipse
916 2210 1079 2264 etiam
1113 2211 1176 2265 de
1209 2209 1483 2277 discipulis
1514 2209 1624 2263 suis
1654 2210 1778 2264 alibi
1822 2210 1995 2281 inquit
2024 2229 2036 2265 :

2153 2212 2205 2264 γε
2230 2195 2336 2267 μὴν
2364 2196 2470 2266 εφη
2491 2197 2619 2267 περὶ
2650 2198 2757 2251 τῶν
2787 2200 2982 2253 ἑαυτοῦ
3018 2201 3295 2273 μαθητῶν·
3326 2221 3344 2253 ι
3371 2203 3557 2274 Πάτερ
3583 2205 3728 2272 ἃγιε,

486 2323 503 2355 ι
543 2301 701 2358 Pater
726 2311 936 2363 sancte,
973 2313 1127 2353 serva
1158 2314 1250 2353 eos
1294 2299 1347 2351 in
1390 2298 1604 2353 nomine
1647 2306 1739 2352 tuo
1782 2315 1918 2369 quos
1949 2300 2040 2356 de~

2151 2285 2380 2355 τήρησον
2410 2286 2608 2349 αὐτοὺς
2645 2289 2702 2340 ὲν
2730 2286 2808 2359 τῷ
2846 2289 3071 2359 ὀνόματί
3110 2308 3225 2355 σου,
3256 2286 3301 2361 ᾧ
3330 2293 3574 2357 δέδωκάς
3614 2311 3726 2365 μοι,

478 2394 605 2449 «listi
639 2392 788 2458 mihi,
815 2390 982 2463 699
1012 2399 1069 2444 ut
1097 2389 1206 2442 sint
1245 2404 1439 2454 unum,
1471 2389 1609 2442 sicut
1641 2398 1695 2444 et
1732 2405 1849 2445 nos.
1906 2391 2037 2446 Cum

2152 2376 2231 2429 ἵνα
2259 2370 2393 2430 ὦσιν
2422 2378 2501 2443 ἓν,
2518 2377 2700 2442 καθὼς
2716 2381 3032 2449 ὴμεῖς.’οτε
3061 2383 3209 2455 ἢμην
3241 2383 3358 2454 μετ’
3387 2385 3590 2450 αὐτῶν,
3618 2387 3727 2455 ἑγὼ

476 2500 653 2539 essem
687 2497 809 2537 cum
834 2483 937 2545 eis,
966 2494 1062 2548 ego
1103 2480 1382 2533 servabam
1430 2492 1523 2530 cos
1566 2478 1618 2531 in
1663 2480 1879 2534 nomine
1926 2488 2035 2534 tuo.

2148 2466 2367 2537 ἒτηρουν
2397 2467 2594 2531 αὐτοὺς
2622 2470 2682 2521 ιν
2707 2469 2783 2538 τῷ
2812 2472 3038 2541 ὀνόματί
3071 2490 3184 2539 σου,
3215 2474 3305 2538 οῦς
3333 2475 3573 2541 δέδωκας
3614 2495 3723 2547 μοι,

476 2580 624 2642 Quos
651 2575 843 2631 dedisti
872 2574 1005 2627 mihi
1030 2588 1129 2644 ego
1148 2571 1511 2636 custodivi,'et
1544 2586 1699 2625 nemo
1722 2585 1785 2624 ex
1819 2571 1883 2625 iis
1912 2585 2037 2640 per-

2147 2559 2235 2611 καὶ
2273 2558 2516 2628 ἐφύλαξα
2542 2561 2757 2625 αὐτοὺς,
2790 2564 2884 2615 καὶ
2920 2564 3096 2627 οὐδεὶς
3140 2566 3198 2631 ἐξ
3243 2567 3424 2620 αὐτῶν
3454 2569 3722 2631 ἀπώλετο.

474 2670 557 2731 iit,
600 2669 703 2723 nisi
742 2666 883 2720 filius
926 2665 1263 2733 perditionis,
1304 2674 1362 2715 ut
1396 2661 1675 2731 Scriptura
1725 2660 2035 2731 impleatur.

2146 2652 2188 2703 εί
2229 2650 2305 2722 μὴ
2333 2654 2360 2704 ό
2388 2652 2501 2715 υίὸς
2545 2651 2646 2721 τῆς
2685 2652 2985 2720 ἀπωλείας,
3033 2656 3120 2710 ἵνα
3147 2657 3181 2726 ἡ
3215 2657 3405 2729 Γραφὴ
3440 2660 3721 2731 πληρωθῇ.

475 2756 626 2812 Nunc
651 2765 831 2810 autem
865 2753 931 2809 ad
958 2764 1010 2807 te
1038 2754 1212 2814 venio,
1246 2762 1300 2806 et
1340 2752 1453 2806 haec
1494 2751 1687 2819 loquor
1719 2752 1773 2804 in
1819 2752 2034 2817 mundo,

2147 2740 2253 2795 Νῦν
2307 2743 2364 2796 δὲ
2409 2743 2545 2814 πρὸς
2595 2743 2655 2796 σὲ
2704 2742 2957 2814 ἔρχομαι,
2988 2746 3083 2799 καὶ
3128 2746 3303 2801 ταῦτα
3356 2749 3506 2803 λαλῶ
3550 2754 3607 2804 ὲν
3649 2754 3722 2821 τῷ

474 2859 535 2902 ιιι
574 2847 807 2902 habeant
865 2844 1116 2916 gaudium
1176 2858 1350 2897 meum
1397 2842 1668 2912 impletum
1740 2843 1792 2896 in
1838 2852 2037 2898 semet-

2145 2838 2347 2907 κόσμῳ,
2386 2837 2473 2890 ἵνα
2511 2836 2676 2907 ιχωσι
2716 2838 2816 2909 τὴν
2852 2839 3027 2911 χαρὰν
3053 2840 3152 2911 τὴν
3179 2843 3321 2913 ἀμὴν
3349 2845 3720 2916 πεπληρωμέ-

476 2940 610 3008 ipsis
630 2938 698 2992 “.
736 2956 754 2988 ι
792 2934 1050 3002 lntelligis
1079 2933 1282 3002 itaque,
1322 2945 1428 3001 quo
1461 2941 1616 2999 pacto
1642 2931 1693 2983 in
1725 2932 1808 2984 bis
1830 2946 1896 2985 ex
1926 2932 2037 2986 sola

2145 2944 2236 2998 νην
2266 2930 2324 2981 ἑν
2350 2930 2579 2992 ἑαυτοῖς.
2616 2949 2635 2982 ι
2669 2929 2863 3001 Συνίης
2891 2926 3005 2997 οὖν,
3031 2932 3177 2996 ὅπως
3207 2936 3314 2987 ἀπὸ
3346 2938 3517 3007 μόνης
3537 2939 3720 3008 ὥσπερ

471 3026 868 3097 quodammodo
924 3024 1258 3079 humanitate
1314 3022 1468 3074 nobis
1516 3020 1806 3090 signiﬁcari
1859 3022 2039 3075 videa-

2144 3022 2270 3090 ἡμῖν
2302 3019 2404 3090 τῆς
2434 3020 2854 3093 ἀνθρωπότητος
2890 3022 2947 3077 ἐν
2994 3041 3057 3092 γε
3101 3029 3341 3081 τουτοισὶ
3376 3030 3719 3102 κατασημαι⁴

475 3119 602 3173 tur?

2138 3110 2320 3165 νεσθαι
2359 3111 2537 3177 δοκεῖς

543 3209 602 3263 Β.
645 3206 809 3263 Recte
839 3210 940 3263 ais.
2076 3271 2091 3273 _

2076 3271 2091 3273 _
2210 3200 2269 3252 Β.
2306 3200 2600 3273 Ὀρθότατα
2638 3201 2794 3273 ἔφης.

541 3304 607 3353 Α.
649 3301 997 3356 Censebimus
1021 3299 1163 3353 enim
1207 3298 1440 3353 nondum
1477 3296 1851 3350 absconditum
1892 3308 2032 3360 esse,
2062 3271 2102 3327 ί)

2207 3298 2270 3345 Α.
2312 3271 2620 3363 υἰησόμεθα
2836 3294 2955 3348 οῦτι
3011 3313 3113 3349 που
3162 3300 3468 3370 κεκρύφθαι
3518 3321 3578 3356 τε
3626 3305 3715 3361 καὶ

473 3405 647 3458 neque
710 3405 739 3444 e
781 3389 977 3443 mundo
1023 3387 1359 3450 excessisse,
1404 3401 1528 3440 cum
1595 3395 1782 3453 aperte
1830 3384 1974 3439 dicat
2017 3403 2030 3437 :

2136 3384 2435 3455 ἀποδημεῖν
2453 3384 2543 3438 τοῦ
2568 3384 2794 3455 κόσμου,
2814 3388 2989 3441 καίτοι
3010 3388 3234 3456 λέγοντα
3252 3392 3461 3459 σαφῶςθ
3478 3413 3498 3445 ι
3523 3396 3711 3467 Ἀμὴν,

478 3499 498 3532 c
543 3480 736 3541 Amen,
773 3491 929 3531 auten
969 3478 1088 3530 dico
1114 3475 1287 3541 vobis,
1317 3475 1456 3544 quod
1499 3476 1585 3528 ubi
1626 3474 1734 3527 duo
1791 3483 1883 3526 aut
1927 3484 2036 3530 tres

2137 3477 2287 3546 ἀμὴν
2310 3477 2450 3545 λέγω
2473 3478 2624 3547 ὑμῖν,
2647 3478 2727 3531 δτι
2757 3478 2889 3531 ὅπου
2934 3480 3029 3533 ἐὰν
3068 3481 3373 3551 συναχθιῦσι
3394 3485 3486 3537 δύο
3510 3488 3542 3557 ἥ
3570 3492 3710 3559 τρεῖς

469 3569 779 3639 congregati
820 3566 1020 3621 fuerint
1080 3565 1131 3617 in
1178 3566 1393 3618 nomine
1451 3579 1601 3627 tneo,
1656 3563 1763 3616 illic
1814 3578 1930 3617 sum
1984 3564 2035 3619 in

2138 3567 2216 3629 εἰς
2256 3567 2315 3619 τὸ
2349 3566 2481 3636 ἐμὸν
2520 3568 2713 3637 ὅνομα,
2748 3571 2865 3622 ἐκεῖ
2896 3571 3010 3640 εἰμι
3050 3572 3107 3625 ὲν
3144 3572 3291 3643 μέσῳ
3322 3576 3521 3630 αὐτῶν.
3556 3596 3573 3628 ι
3609 3580 3709 3631 Καὶ

468 3660 651 3715 medio
680 3672 864 3712 eorum
887 3656 951 3708 ".
994 3675 1011 3708 ι
1052 3655 1115 3709 Et
1146 3670 1328 3709 rursus
1360 3671 1371 3707 :
1415 3672 1433 3703 ι
1473 3654 1608 3708 Ecce
1637 3668 1735 3723 ego
1764 3654 2035 3709 vobiscum

2136 3655 2317 3708 πάλιν·
2352 3675 2368 3707 ι
2396 3656 2523 3709 Ἰδοὺ
2556 3657 2668 3725 ἐγὼ
2690 3659 2809 3727 μεθ’
2839 3660 2993 3729 ὑμῶν
3019 3664 3132 3731 εἰμι
3157 3664 3334 3728 πάσας
3360 3666 3457 3729 τὰς
3479 3668 3705 3737 ἡμέρας,

468 3767 589 3807 sum
633 3748 881 3803 omnibus
936 3745 1143 3811 diebus,
1190 3761 1357 3813 usque
1406 3746 1472 3798 ad
1519 3747 2035 3801 consummationem

2136 3746 2238 3808 ἕως
2266 3747 2365 3816 τῆς
2399 3750 2708 3813 συντελείας
2739 3750 2831 3803 τοῦ
2868 3752 3081 3815 αἰῶνος.
3110 3755 3301 3819 »Ἴδοις
3324 3758 3369 3809 δ’
3399 3760 3462 3811 ἂν
3492 3760 3587 3813 καὶ
3619 3763 3708 3814 αὖ·

468 3840 650 3897 saaeuli
676 3840 740 3891 ⁸⁸.
770 3859 789 3891 ο
823 3837 957 3904 Quin
980 3846 1034 3892 et
1062 3838 1483 3893 sacratissimum
1530 3837 1753 3890 Paulum
1796 3852 2034 3907 saepenu-

2135 3833 2226 3885 τὸν
2274 3835 2363 3889 τὸν
2410 3837 2699 3906 ἱερώτατον
2759 3838 2969 3892 Παῦλον
3004 3844 3534 3915 καταρῤᾳθυμοῠντα
3590 3850 3707 3901 πολ-

467 3947 619 3987 mero
653 3930 836 3983 videas
872 3938 1158 3997 negantem
1186 3927 1378 3981 debere
1408 3927 1582 3997 ipsum
1626 3928 1905 3995 praedicari
1934 3928 2032 3981 bo-

2137 3927 2294 3988 λάκις
2350 3928 2441 3980 τσῦ
2497 3930 2590 3981 καὶ
2622 3929 2906 4000 ἄνθρωπον
2950 3931 3059 3985 δεῖν
3099 3934 3497 4006 ἀνακηρύττειν
3531 3940 3702 3994 αὐτόν.

466 4025 663 4076 minem
696 4038 708 4073 :
753 4038 770 4071 ι
810 4019 1009 4071 Paulus
1042 4020 1205 4079 enim.
1241 4020 1433 4086 inquit,
1474 4019 1777 4087 apostolus,
1820 4034 1926 4072 non
1966 4020 2033 4073 ab

2144 4036 2159 4068 I
2191 4017 2399 4079 Παῦλος
2445 4018 2572 4089 γὰρ,
2603 4021 2785 4090 φησὶν,
2820 4023 2848 4072 ὁ
2887 4023 3203 4086 ἀπόστολος,
3235 4026 3333 4077 οὐκ
3376 4028 3472 4079 ἀπ’
3506 4030 3702 4101 ἀνθρώ.

471 4111 799 4174 hominibus,
851 4125 1025 4178 neque
1080 4125 1173 4179 per
1227 4110 1491 4175 homines,
1548 4111 1642 4165 sed
1702 4125 1797 4178 per
1850 4109 2030 4165 Jesum

2137 4126 2272 4174 πων,
2310 4110 2427 4163 οὐδὲ
2452 4110 2519 4163 δι’
2546 4111 2873 4182 ἀνθρώπων,
2904 4114 3038 4166 ἀλλά
3064 4115 3153 4167 διά
3191 4115 3364 4187 Ἰησοῦ
3393 4120 3649 4189 Χριστοῦ.
3682 4140 3696 4171 ι

466 4200 821 4256 Christum".
847 4218 864 4251 ι
887 4200 950 4253 Ει
978 4200 1133 4269 paulo
1158 4209 1277 4269 post
1301 4218 1312 4250 :
1341 4219 1357 4250 ι
1384 4200 1576 4255 Notum
1610 4202 1753 4254 enim
1777 4202 1925 4255 vobis
1962 4201 2038 4255 fa-

2134 4200 2241 4252 Καὶ
2260 4196 2325 4255 αὖ
2349 4201 2438 4253 ἐπὶ
2457 4202 2689 4265 τούτοις·
2716 4222 2734 4253 ι
2759 4203 2798 4254 Γ
2801 4202 3014 4273 νωρίζω
3040 4204 3095 4257 δὲ
3120 4206 3247 4275 ὑμῖν
3272 4208 3333 4259 τὸ
3358 4209 3697 4277 Εὑαγγέῖιον,

467 4294 574 4357 cio,
606 4293 821 4357 fratres,
856 4290 1205 4359 Evangelium
1230 4291 1370 4359 quod
1415 4291 1840 4361 evangelizatum
1883 4303 1967 4349 est
2002 4310 2031 4347 a

2134 4292 2283 4359 φησὶ,
2316 4293 2377 4343 τὸ
2405 4292 2783 4359 εὐαγγελισθὲν
2829 4294 3102 4363 ὑπ’ὲμοῦ,
3131 4296 3211 4349 ὅτι
3262 4298 3360 4351 οῦκ
3406 4300 3521 4353 ἐστι
3575 4304 3702 4355 κατὰ

466 4398 576 4444 me,
606 4381 731 4451 quia
758 4395 862 4435 non
886 4389 968 4435 est
1001 4381 1291 4435 secundum
1338 4380 1627 4435 hominem.
1662 4380 1843 4451 Neque
1887 4383 2030 4438 enim

2132 4381 2434 4452 ἄνθρωπον.
2479 4381 2613 4433 Οὐδὲ
2661 4382 2767 4453 γὰρ
2810 4382 2922 4451 ἐγὼ
2956 4385 3106 4451 παρά
3138 4386 3425 4457 ἀνθρώπου
3468 4392 3698 4461 παρέλα-

467 4485 569 4539 ego
592 4470 659 4525 ab
692 4470 909 4525 homine
940 4468 1123 4537 accepi
1151 4468 1293 4531 illud,
1344 4482 1513 4536 neque
1559 4470 1716 4524 didici
1750 4488 1763 4524 :
1808 4473 1900 4526 sed
1937 4487 2032 4540 per

2134 4472 2225 4525 σον
2272 4473 2437 4533 αὐτὸ,
2492 4471 2612 4525 οὐδὲ
2669 4473 2948 4544 ἐδιδάχθην
2979 4515 2992 4538 ,
3048 4476 3184 4531 ἀλλὰ
3223 4478 3288 4531 δι’
3314 4481 3697 4550 ἀποκαλύψεως

468 4558 853 4614 revelationem
877 4556 1001 4612 Iesu
1032 4557 1231 4613 Christi
1263 4558 1327 4609 “.
1372 4577 1388 4609 ι
1427 4558 1562 4623 Quin
1595 4570 1649 4613 et
1682 4561 1789 4614 alio
1829 4562 1879 4614 iu
1915 4562 2033 4617 loco

2148 4563 2319 4633 Ἰησοῦ
2350 4563 2603 4634 Χριστοῦ.
2632 4584 2648 4615 ι
2689 4566 2797 4619 Καὶ
2827 4565 2934 4636 μὴν
2960 4568 3055 4620 καὶ
3085 4569 3308 4641 ἑτέρωθί
3355 4590 3552 4643 φησιν’
3594 4595 3610 4624 ι
3648 4576 3695 4625 Ei

466 4653 542 4703 ait
576 4669 587 4703 :
647 4668 665 4701 ι
707 4650 762 4703 Si
814 4663 940 4703 vero
993 4648 1152 4702 etiam
1194 4649 1543 4718 cognovimus
1586 4652 1876 4704 secundum
1912 4667 2031 4706 car-

2137 4652 2191 4705 δδ
2209 4618 2220 4633 ⁵
2238 4655 2332 4707 καὶ
2365 4618 2680 4726 ἐγνώκαμεν
2889 4618 3104 4731 ’σάρκα

467 4758 589 4796 ncm
626 4741 919 4801 Christum,
978 4739 1070 4793 sed
1122 4754 1263 4792 nunc
1309 4739 1417 4805 jam
1473 4754 1574 4791 non
1627 4741 1873 4795 novimus
1898 4741 1961 4795 ".
2005 4761 2024 4793 ι

2138 4744 2233 4797 οὐκ
2258 4746 2337 4799 ἔτι
2375 4746 2731 4818 γινώσκομεν.
2767 4766 2785 4799 ι
2818 4748 2914 4811 Τίς
2942 4745 3036 4803 οὖν
3069 4752 3214 4805 ἔστιν
3259 4755 3466 4822 Ἰησοῦς
3510 4756 3539 4806 ὁ
3578 4758 3694 4824 Χριο

466 4832 725 4899 Quisnam
756 4832 917 4899 igitur
962 4839 1043 4883 est
1076 4829 1229 4883 Jesus
1274 4830 1539 4892 Christus,
1589 4832 1678 4899 qui
1724 4832 1857 4886 adeo
1896 4833 2031 4887 incl-

2137 4834 2279 4898 στὸς,
2311 4837 2339 4888 ὀ
2367 4835 2465 4905 τὴν
2506 4835 2676 4899 οὕτως
2708 4839 3021 4910 ἀπόρρητον
3049 4840 3260 4913 ἀπλανῆ
3313 4861 3371 4896 τε
3422 4846 3517 4898 καὶ
3564 4847 3692 4899 θείαν

467 4922 683 4976 labilem
734 4930 1046 4991 certamque
1092 4931 1145 4974 et
1194 4922 1425 4974 divinam
1480 4924 1857 4991 mysteriorum
1902 4938 2026 4977 suo-

2135 4924 2476 4993 ἀποκάλυψιν
2542 4926 2648 4979 τῶν
2718 4929 2911 4982 ἑαυτοῦ
2965 4931 3277 5002 μυστηρίων
3323 4936 3691 5006 ὲναστράπτων

466 5030 584 5069 rum
613 5013 992 5068 revelationem
1020 5012 1117 5080 ipsi
1146 5012 1418 5066 immittit?
1442 5027 1618 5067 nonne
1647 5011 1873 5067 Verbum
1902 5029 2029 5069 caro

2137 5014 2344 5084 ἑαυτῷ;
2392 5010 2481 5085 ἄρ’
2518 5016 2637 5085 οὐχὶ
2683 5019 2971 5087 γενόμενος
3006 5021 3145 5093 σὰρξ
3181 5024 3209 5073 ὁ
3233 5024 3425 5091 Λόγος,
3480 5028 3570 5079 καὶ
3610 5028 3694 5098 τὴν

467 5105 689 5165 factum,
729 5101 976 5170 quodque
1000 5110 1217 5170 propter
1256 5116 1351 5155 nos
1379 5116 1442 5155 ex
1473 5100 1689 5170 Virgine
1735 5103 1883 5158 nasci
1924 5118 2026 5157 non

1924 5118 2026 5157 non
2137 5108 2197 5157 ἐκ
2235 5106 2489 5172 γυναικὸς
2518 5107 2583 5160 δι’
2610 5110 2758 5178 ἡμᾶς
2784 5112 2882 5163 οὐκ
2912 5113 3188 5183 ἀτιμάσας
3213 5116 3497 5186 γέννησιν;

467 5203 549 5247 est
580 5192 969 5261 dedignatum?

536 5276 597 5336 ὓ.
639 5282 891 5336 Omnino.
932 5279 1144 5336 Memini
1179 5283 1321 5336 enim
1368 5283 1507 5337 beati
1545 5281 1810 5337 Gabrielis
1853 5283 1930 5335 ita
1962 5286 2028 5337 ad

2210 5282 2265 5333 Β.
2309 5282 2456 5334 Πάνυ
2502 5284 2600 5351 μὲν
2630 5280 2741 5337 οὖν.
2776 5289 3225 5361 Διαμεμνήσομαι
3254 5292 3363 5365 γὰρ
3405 5294 3497 5347 τοῦ
3535 5314 3692 5367 μακα-

468 5385 710 5427 sanctam
774 5372 1043 5440 Virginem
1070 5374 1347 5427 dicentis:
1390 5393 1407 5424 ι
1473 5372 1546 5429 Ne
1592 5374 1802 5437 timeas,
1831 5373 2027 5439 Maria;

2140 5374 2254 5442 ρίου
2300 5373 2545 5439 λέγοντος
2593 5376 2831 5449 Γαϐριὴλ
2878 5380 3008 5449 πρὸς
3052 5384 3150 5453 τὴν
3194 5385 3355 5452 ἁγίαν
3404 5388 3687 5458 Παρθένον·

466 5478 592 5519 ecce
631 5464 775 5516 cnim
819 5463 1091 5529 concipics
1126 5464 1177 5517 in
1229 5474 1399 5530 utero,
1431 5473 1483 5519 et
1527 5465 1702 5534 paries
1740 5463 1926 5529 tilium,
1974 5476 2028 5518 ct

2141 5484 2157 5515 ι
2191 5466 2279 5536 Μὴ
2306 5465 2490 5534 φοὸοῦ,
2522 5469 2775 5540 Μαριάμο
2808 5472 2917 5525 ἰδοὺ
2949 5473 3058 5543 γὰρ
3093 5475 3339 5547 συλλήψει
3386 5480 3443 5530 ὲν
3492 5479 3688 5548 γαστρὶ,

466 5554 683 5607 vocabis
718 5569 908 5608 nomen
939 5556 1052 5622 ejus
1084 5553 1265 5609 Jesum
1295 5555 1361 5607 ".
1399 5576 1415 5607 ι
1466 5554 1667 5609 Novum
1715 5567 1890 5610 autem
1928 5558 2024 5611 hoc

2134 5557 2225 5609 καὶ
2256 5556 2383 5629 τέξῃ
2409 5559 2546 5620 υἱὸν,
2582 5562 2673 5613 καὶ
2707 5561 2953 5625 καλέσεις
2980 5564 3040 5616 τὸ
3070 5566 3237 5636 ὄνομα
3265 5568 3431 5621 αὐτοῦ
3451 5569 3684 5642 Ἰησοῦν.»

537 5754 835 5825 “deatur,
872 5755 957 5809 50.
1036 5756 1251 5814 "Joan.
1286 5759 1511 5821 xtv,28.
1617 5758 1893 5813 “Coloss.
1936 5777 2015 5821 lll,
2051 5760 2167 5812 3-5.
2274 5760 2317 5789 "'
2366 5758 2519 5812 Joan.
2579 5778 2707 5822 tm,
2752 5765 2940 5819 ll-IS.
3054 5767 3096 5795 "
3150 5765 3339 5823 Madtlr.
3410 5786 3559 5825 xvnr.
3612 5772 3671 5824 20

465 5825 511 5853 υ
539 5824 712 5878 ualui.
747 5814 929 5892 uiui,
957 5826 1043 5881 20.
1124 5814 1433 5894 "Gaium,
1471 5831 1518 5882 ι.
1598 5830 1639 5859 σε
1670 5831 1797 5885 ibid.
1837 5831 1919 5891 ll,
1954 5814 2035 5883 is.

2118 5830 2220 5883 "ll
2254 5831 2377 5884 Cor.
2422 5847 2467 5891 ν,
2503 5834 2582 5884 tu,
2653 5814 3058 5902 5515,6130,
3092 5814 3339 5890 ὄρη-υ·-
3412 5814 3559 5838 η....,
3615 5814 3684 5827 --.
