3988 6472
541 488 668 540 1231

1445 542 1454 548 .
1513 496 1568 552 S.
1611 497 1881 557 CYRIILI
1927 503 2389 563 ALEXANDRINI
2430 511 2749 568 ARCHIEP.

3653 522 3762 575 i932

543 627 561 659 ι
593 608 815 673 Quando
843 609 1197 666 introduxerit
1233 611 1648 686 i‘ritnogeuitum
1681 622 1732 675 in
1771 624 1954 677 orbem
1982 635 2072 679 ter-

2192 645 2278 689 τες
2307 630 2527 698 ἄγγελοι
2567 633 2718 688 Θεοῦ.
2753 653 2770 684 ο
2815 635 2872 684 'U
2908 635 3015 705 γὰρ
3051 635 3277 705 ἰδιότητι
3329 639 3536 706 φυσικῇ
3585 639 3677 707 τῆς
3705 644 3761 692 ai-

540 714 631 761 ne,
659 698 833 754 dixit:
883 697 948 754 Et
987 701 1208 757 adorent
1252 720 1374 762 eum
1407 722 1596 765 omnes
1629 713 1803 774 angeli
1850 714 1941 769 Dei
1965 716 2032 770 ".
2069 733 2086 766 ι

540 786 668 840 Nam
701 787 1025 856 proprietate
1054 799 1261 848 natura:
1284 795 1353 849 ab
1381 797 1632 852 universo
1664 802 1796 858 orbe
1830 813 2091 858 terrarum

538 876 734 941 ilili‘ert,
775 888 1033 949 extraque
1058 881 1231 951 ipsum
1279 887 1512 953 exsistit,
1543 899 1602 945 ut
1631 889 1802 957 Deus;
1841 909 1962 948 eum
2006 895 2088 949 in-

534 980 751 1036 gressus
776 979 878 1035 est,
917 985 1040 1038 pars
1086 973 1266 1029 mundi
1301 975 1628 1044 declaratus,
1671 991 1727 1034 ut
1780 984 1970 1050 homo,
2000 986 2092 1040 sed

535 1073 639 1111 non
665 1058 864 1114 idcirco
897 1076 926 1115 a
954 1062 1132 1116 divina
1177 1063 1342 1133 gloria
1382 1069 1602 1122 excidit.
1637 1070 1909 1126 Adoratur
1947 1075 2090 1128 enim

535 1154 593 1200 ut
619 1148 942 1218 unigenitus,
984 1153 1196 1207 tametsi
1237 1166 1455 1209 vocetur
1497 1159 1902 1227 primogenitns.
1940 1163 2091 1230 Quod

533 1237 747 1306 quidem
776 1249 858 1292 est
891 1241 1173 1298 manifeste
1219 1243 1564 1301 humanitatis
1601 1251 1891 1307 conditioni
1928 1267 2089 1321 quam

530 1328 763 1381 maxime
796 1330 1142 1385 conveniens.

597 1417 657 1471 Β.
699 1419 838 1490 Ergo
876 1433 931 1476 ut
963 1423 1231 1479 hominem
1273 1426 1614 1482 adnrabimns
1665 1429 2086 1488 Emmanuelem.

597 1617 664 1670 Α.
707 1616 880 1672 Absit.
911 1617 1272 1671 Vanissimnm
1313 1621 1455 1674 enim
1502 1621 1602 1675 hoc
1643 1631 1746 1686 est,
1791 1634 1845 1676 et
1886 1623 2088 1682 fraudis

527 1719 686 1776 atque
738 1709 940 1762 erroris
987 1708 1376 1776 plenissimum.
1431 1709 1560 1762 Nam
1606 1713 1705 1765 hoc
1748 1724 1905 1780 pacto
1954 1717 2084 1769 nihil

525 1797 833 1853 differemus
863 1798 929 1852 ab
962 1799 1025 1851 iis
1055 1800 1142 1866 qui
1172 1808 1474 1852 creaturam
1515 1801 1690 1868 potius
1734 1817 1894 1870 quam
1929 1805 2088 1859 Crea-

524 1899 692 1942 torem
725 1889 926 1952 colunt,
959 1888 1048 1958 qni
1096 1889 1311 1958 quidem
1351 1902 1756 1945 eommutarunt
1805 1896 2083 1950 veritatem

2198 719 2462 790 κουμὲνης
2493 721 2707 790 ἀπάσης
2731 720 3043 789 διενεγκὼν,
3075 724 3181 789 ἔξω
3214 741 3277 777 τε
3317 725 3493 795 αὐτῆς
3524 715 3764 798 {atque

2192 809 2266 872 ώς
2292 810 2444 874 Θεὸς,
2475 813 2791 882 είσὸἐὸηκεν
2825 816 2904 876 εἰς
2929 815 3120 882 αὐτὴν,
3153 816 3325 887 μέρος
3356 817 3571 886 κόσμου
3602 833 3763 887 πεφη-

2192 896 2296 960 νὼς
2345 899 2417 962 ὼς
2463 902 2775 972 ἄνθρωπος,
2827 904 2966 974 πλὴν
3017 905 3078 957 ού
3132 905 3221 958 διὰ
3273 907 3436 960 τοῦτο
3483 907 3590 976 τῆς
3631 908 3764 971 θείας

2192 990 2465 1044 ἀπώλισθε
2506 994 2684 1064 δόξης.
2722 998 3112 1065 Προσκυνετται
3158 998 3269 1067 γὰρ
3318 999 3396 1063 ὡς
3454 1002 3762 1069 μονογενὴς.

2192 1079 2284 1131 καὶ
2309 1081 2357 1131 εί
2387 1082 2604 1136 καλοῖτο
2639 1087 3002 1155 πρωτότοκος.
3036 1089 3174 1156 ὅπερ
3201 1089 3356 1142 ἐστὶν
3394 1093 3646 1163 ἐναργῶς
3668 1097 3764 1155 νοις

2191 1168 2288 1235 τῆς
2320 1168 2734 1240 ἁνθρωπότητος
2762 1171 2986 1243 μέτροις
3010 1175 3094 1226 ὅτι.
3129 1175 3368 1244 μάλιστα
3400 1180 3638 1248 πρέπον.

2261 1426 2319 1479 Β.
2347 1429 2466 1498 Ἆρ’
2499 1423 2590 1482 οὖν
2613 1430 2686 1493 ὡς
2715 1431 2996 1500 ἄνθρωπον
3024 1438 3482 1508 προσκυνήσομεν
3515 1441 3610 1493 τὸν
3647 1441 3766 1512 ἰμ-

2191 1519 2448 1585 μανουήλ.

2255 1608 2318 1660 Δ.
2359 1610 2447 1679 Μὴ
2481 1610 2708 1677 γένοιτο.
2743 1614 2917 1683 Δῆρος
2951 1616 3050 1687 ἠδη
3085 1619 3254 1682 τουτὶ,
3287 1621 3381 1673 καὶ
3423 1622 3635 1693 ἀπάτη.
3675 1625 3763 1678 καὶ

2188 1699 2466 1768 πλάνηοις,
2509 1703 2790 1773 Διοίσομεν
2839 1706 2896 1758 δὲ
2943 1711 3064 1760 κατ’
3095 1710 3246 1763 οὐδὲν
3307 1712 3417 1763 τῶν
3489 1717 3555 1784 τῇ
3596 1717 3763 1769 κτίσει

2185 1789 2617 1859 λελατρευκότων
2669 1795 2820 1865 παρὰ
2860 1795 2953 1847 τὸν
2987 1799 3227 1870 κτίστην
3274 1804 3364 1853 καὶ
3397 1803 3656 1874 Ποιητὴν,
3689 1808 3760 1859 οἰ-

2184 1897 2324 1943 τινες
2377 1883 2715 1952 μετήλλαξαν
2764 1886 2860 1956 τὴν
2921 1888 3176 1958 ἀλήθειαν
3223 1892 3318 1944 τοῦ
3371 1892 3510 1946 Θεοῦ
3578 1897 3640 1947 ἐν
3690 1897 3762 1966 τῷ

523 1981 614 2036 Dei
653 1982 702 2036 in
739 1981 1099 2045 mendacium,
1145 1981 1288 2034 sicut
1327 1983 1580 2050 scriptum
1623 1982 1796 2037 est".
1845 1984 2072 2050 Quornn:

2185 1971 2393 2038 ψεύδει,
2429 1975 2568 2027 κατὰ
2618 1977 2679 2028 τὸ
2721 1980 3126 2048 γεγραμμένον,
3157 1977 3240 2044 οἷς
3292 1985 3340 2036 εί
3391 1987 3760 2058 φρονήσαιμεν

521 2073 842 2128 sententiam
891 2074 934 2126 si
973 2086 1068 2125 nos
1132 2086 1440 2142 sequamur,
1486 2089 1588 2127 una
1635 2075 1796 2127 etiam
1841 2091 1961 2129 cum
2004 2080 2084 2131 eis

523 2161 802 2216 audiemus
829 2176 843 2212 :
882 2180 901 2212 ι
942 2161 1187 2215 Dicentes
1213 2175 1270 2214 se
1299 2175 1418 2215 esse
1446 2162 1736 2230 sapientes,
1769 2164 1915 2218 stulti
1955 2166 2079 2220 facti

523 2259 663 2312 sunt,
703 2259 755 2302 et
784 2258 1123 2302 mutaverunt
1169 2249 1393 2318 gloriam
1438 2251 1861 2326 incorruptibilis
1896 2255 1988 2309 Dei
2027 2255 2080 2309 in

519 2341 922 2394 similitudinem
987 2341 1234 2408 imaginis
1283 2340 1644 2409 corruptibilis
1705 2344 1972 2408 hominis,
2028 2356 2082 2401 et

521 2431 959 2501 quadrupedum,
986 2439 1039 2484 et
1071 2431 1399 2499 serpentium
1427 2432 1491 2486 ".
1527 2450 1544 2482 ι
1582 2433 1735 2503 Ὶοι
1778 2433 1890 2488 Νοιι
1933 2437 2077 2491 ettim

517 2524 675 2576 etiam
695 2538 788 2576 nos
804 2522 1126 2589 ejuscemodi
1145 2522 1368 2585 erimus,
1385 2523 1568 2577 eadem
1588 2541 1703 2592 qua:
1723 2527 1793 2579 illi
1821 2527 2080 2584 facientes

516 2627 578 2665 ac
596 2611 925 2666 sentienti-5‘?
953 2622 999 2664 et
1020 2611 1241 2680 gloriam
1257 2611 1349 2665 Dei
1380 2611 1433 2665 in
1459 2615 1790 2668 mendacium
1813 2627 2079 2674 mutantes

519 2705 570 2756 in
619 2703 1021 2756 similitudinem
1079 2703 1326 2771 imaginis
1387 2705 1752 2770 corruptibilis
1805 2708 2070 2773 hominis,

516 2805 768 2861 tanquam
800 2790 940 2844 nudo
968 2789 1192 2852 homini,
1223 2799 1381 2858 atque
1405 2790 1492 2842 ttni
1526 2804 1588 2842 et
1623 2791 1774 2846 nobis
1805 2795 2078 2849 adoratio-

513 2895 636 2932 nem
673 2877 975 2931 deferentus
1001 2877 1332 2931 Emmanueli
1356 2877 1379 2931 2

579 2967 640 3020 Β.
672 2967 919 3022 Omnino.

580 3060 647 3112 Α.
689 3057 878 3114 Nonne
911 3073 1035 3113 vero
1068 3057 1230 3114 etiam
1284 3059 1516 3117 celestis
1557 3063 1865 3133 angelorum
1907 3076 2077 3122 cmtns

511 3152 698 3203 eadem
742 3165 843 3218 qua
886 3150 956 3203 illi
987 3151 1192 3206 insania
1224 3152 1466 3207 laborare
1506 3155 1712 3209 dicetur
1747 3157 1770 3208 ’ἰ

583 3238 639 3291 0.
685 3241 759 3292 Ita
801 3241 1064 3308 profecto.

2185 2057 2409 2127 ἀδελφὰ,
2453 2061 2547 2113 καὶ
2595 2065 3036 2136 συνακουσόμεθα
3086 2069 3341 2133 πάντως·
3399 2091 3418 2123 ι
3460 2075 3759 2138 dianam;

2186 2140 2324 2200 εἶναι
2348 2151 2520 2215 σοφοὶ,
2553 2151 2967 2223 ἐμωράνθησαν,
2987 2156 3081 2208 καὶ
3105 2158 3340 2226 ἤλλαξαν
3366 2160 3465 2230 τὴν
3490 2162 3650 2229 δόξαν
3672 2165 3757 2218 τοῦ

2182 2238 2458 2309 ἀφθάρτου
2505 2241 2641 2294 Θεοῦ
2693 2245 2749 2295 ἐν
2795 2246 3096 2315 ὁμοιώματι
3139 2250 3348 2313 είκόνος
3392 2252 3640 2323 φθαρτοῦ
3669 2258 3758 2310 ἀν-

2183 2327 2418 2397 θρώπου,
2435 2332 2530 2384 καὶ
2547 2335 2824 2399 πετεινῶν,
2845 2337 2938 2389 καὶ
2957 2339 3321 2408 τετραπόδων,
3346 2343 3440 2394 καὶ
3459 2345 3722 2414 ἑρπετῶν.
3737 2367 3752 2398 ι

2180 2417 2255 2472 Ἦ
2285 2421 2392 2492 γὰρ
2421 2424 2540 2492 οὐχ).
2570 2426 2662 2477 καὶ
2687 2427 2844 2496 ἡμεῖς
2869 2428 3040 2490 αὐτοὶ,
3070 2431 3161 2482 καὶ
3208 2434 3452 2504 ἰσουργοὶ
3501 2439 3596 2490 καὶ
3628 2440 3757 2510 σύμ·

2181 2526 2376 2578 φρονες
2415 2516 2528 2576 τοῖς
2577 2517 3026 2586 μνημονευθεῖσιν
3056 2521 3292 2591 ἐσόμεθα
3313 2563 3327 2586 ,
3371 2511 3472 2594 τὴν
3500 2529 3595 2580 τοῦ
3630 2529 3755 2582 Θεοῦ

2177 2602 2333 2669 δόξαν
2381 2607 2440 2658 ἐν
2487 2607 2563 2676 τῷ
2608 2608 2792 2677 ψεύδει
2844 2611 3317 2680 μεταλλάττοντες,
3355 2619 3411 2670 ἐν
3453 2621 3754 2692 ὁμοιώματι

2181 2693 2382 2757 εἰκόνος
2417 2696 2654 2766 φθαρτοῦ
2681 2698 2989 2770 ἀνθρώπου,
3019 2703 3066 2754 εί
3095 2704 3169 2768 ὼς
3202 2705 3479 2779 ἀνθρώπῳ
3507 2711 3650 2782 ψιλῷ
3669 2715 3756 2768 καὶ

2180 2782 2259 2833 ἐνὶ
2283 2783 2392 2836 τῶν
2424 2785 2542 2838 καθ’
2573 2789 2719 2857 ἡμᾶς
2763 2791 3119 2860 προσοίσομεν
3149 2793 3248 2862 τὴν
3283 2798 3656 2869 προσκύνησιν
3686 2803 3755 2871 τῷ

2194 2873 2540 2946 Ἐμμανουήλ
2561 2893 2576 2942 ;

2250 2966 2308 3021 Β.
2352 2968 2460 3020 Καὶ
2501 2968 2668 3036 μάλα.

2248 3057 2312 3108 Α.
2353 3057 2418 3109 Τί
2456 3057 2545 3123 δέ;
2585 3060 2706 3130 οὐχὶ
2741 3061 2834 3113 καὶ
2864 3064 3000 3133 αὑτὴ
3033 3065 3141 3118 τῶν
3183 3069 3435 3136 ἀγγέλων
3469 3073 3502 3142 ἡ
3553 3073 3752 3127 ἄνωθεν

2177 3145 2404 3218 πληθὺς,
2423 3151 2534 3213 τοῖς
2561 3152 2639 3213 είς
2669 3152 2824 3206 τοῦτο
2848 3156 3042 3224 μανίας
3071 3158 3265 3227 ἥκουσι
3299 3165 3706 3231 συντετάξεται;

2247 3239 2306 3292 Β.
2338 3239 2600 3313 Ἀνάγκη.

580 3331 646 3385 Α.
688 3303 824 3397 Quin
881 3342 936 3384 et
1015 3329 1250 3399 geritium
1329 3332 1481 3384 turba
1562 3333 1952 3400 inevitabilem,
2017 3349 2072 3392 ιιι

2244 3331 2307 3383 Δ.
2339 3331 2674 3403 Ἀνεξίτητον
2701 3334 2778 3398 δὲ,
2807 3331 2958 3406 οἶμαί
2992 3355 3115 3401 που,
3146 3341 3244 3410 τὴν
3272 3344 3366 3395 ἐπὶ
3381 3345 3459 3414 τῷ
3479 3347 3750 3415 πεπλανῆο

510 3421 761 3484 arbitror,
787 3419 985 3474 erroris
1016 3421 1406 3474 accusationem
1439 3422 1694 3487 incnrret,
1725 3433 1778 3478 et
1808 3426 2068 3482 ineluibili

509 3513 704 3568 veteris
741 3513 907 3582 culpa:
937 3512 1054 3566 labe
1084 3511 1278 3567 infecta
1308 3515 1426 3564 erit.
1484 3512 1694 3568 Erravit
1731 3520 1870 3569 enim
1907 3522 2069 3573 etiam

509 3621 669 3669 nunc,
702 3613 752 3659 et
780 3605 992 3673 quidem
1037 3604 1202 3658 nibiln
1235 3606 1408 3659 seeins
1454 3621 1610 3674 quant
1647 3607 1796 3672 olim,
1833 3620 1886 3662 et
1934 3613 2069 3664 \‘iattl

506 3711 623 3764 quae
676 3697 739 3748 all
803 3696 1077 3750 veritatem
1143 3696 1286 3748 ducit
1320 3697 1600 3764 ignoravit.
1653 3698 1801 3764 Quod
1853 3704 2069 3770 quidem

507 3786 717 3838 abunde
765 3794 1019 3843 testatur,
1049 3793 1104 3836 ιιι
1142 3795 1394 3852 apparet,
1433 3783 1662 3851 Paulus,
1699 3789 1770 3842 ita
1799 3804 1889 3842 cas
1921 3808 2068 3844 eont-

505 3875 706 3942 pellans
741 3889 801 3927 ac
856 3875 1038 3929 dicens
1086 3892 1100 3926 -.
1147 3891 1164 3924 ι
1199 3874 1301 3929 Sed
1335 3885 1456 3930 tunc
1503 3879 1714 3946 quidem
1763 3880 2068 3949 ignorantes

504 3964 701 4029 Deum,
744 3965 808 4020 iis
858 3968 946 4034 qui
1010 3974 1197 4018 natura
1257 3981 1359 4018 non
1411 3976 1536 4020 sunt
1594 3970 1665 4021 dit
1729 3975 2066 4028 scrviehatis.

502 4055 652 4111 Nunc
708 4067 884 4110 autem
935 4073 1055 4110 cum
1095 4057 1452 4124 cognoveritis
1486 4057 1687 4123 Deum,
1725 4061 1831 4115 imo
1873 4067 2066 4128 cogniti

503 4149 620 4202 sitis
644 4163 671 4200 a
697 4147 806 4202 Deo
835 4162 851 4200 :
879 4149 1144 4217 quomodo
1160 4149 1527 4202 convertimini
1547 4150 1734 4204 iterum
1759 4152 1822 4206 ad
1857 4156 2065 4208 inﬁrma

500 4252 554 4295 et
587 4255 750 4311 egena
784 4240 1066 4305 elementa,
1093 4238 1286 4307 quibus
1307 4240 1479 4293 denuo
1504 4243 1705 4297 servire
1732 4245 1890 4298 vultis
1912 4246 1957 4275 ⁷⁸
1991 4248 2012 4299 '3
2042 4265 2059 4297 ι

503 4331 722 4395 Qualem
754 4329 896 4382 enim
933 4329 1096 4381 Deum
1151 4339 1478 4393 cognorunt,
1521 4332 1563 4384 si
1616 4346 1718 4384 non
1749 4343 1830 4387 est
1879 4344 2065 4389 natura

499 4420 640 4474 Dens
660 4419 926 4481 Christus,
958 4419 1008 4472 in
1033 4433 1188 4486 quem
1215 4419 1592 4472 crediderunt?
1624 4431 1675 4475 ct
1703 4423 1744 4476 si
1768 4427 2066 4481 servierunt

499 4511 729 4575 homini,
799 4511 850 4564 in
904 4509 1156 4579 pristinos
1207 4511 1406 4565 erroris
1464 4511 1679 4581 laqueos
1739 4516 2057 4574 inciderunt.

498 4605 650 4656 Anne
681 4617 802 4656 vere
833 4602 923 4655 tibi
961 4602 1139 4655 dicere
1175 4605 1348 4656 ..θεον
1375 4603 1397 4654 ?

565 4692 622 4747 Β.
665 4690 910 4747 Prorsus.

563 4785 628 4839 Α.
668 4783 799 4838 Vide
834 4785 1033 4852 itaque,
1080 4786 1346 4854 quomodo
1384 4785 1494 4852 jam
1543 4791 1859 4844 necessariis
1899 4802 2059 4862 atque

497 4875 836 4930 evidentibus
870 4876 1228 4944 argumentis,
1264 4886 1317 4931 et
1352 4886 1557 4932 tantum
1593 4894 1697 4932 non
1727 4879 1966 4937 nolentes
1995 4898 2058 4936 eo

493 4965 903 5034 compellantur,
938 4978 992 5020 ut
1021 4966 1303 5021 debeamus
1338 4970 1605 5039 sapienter
1633 4980 1880 5041 tanquam
1912 4988 2060 5030 natu-

494 5061 678 5113 raliter
710 5056 876 5113 Deum
907 5060 1126 5112 adorare
1156 5057 1368 5125 Filium,
1392 5062 1553 5114 etiam
1589 5061 1638 5116 in
1669 5072 1854 5118 nostra
1887 5066 2056 5121 forma

491 5160 870 5220 apparentem,
920 5164 1041 5204 cum
1088 5149 1445 5206 coalescentia
1499 5154 1611 5208 sive
1663 5168 1954 5212 concursus
2006 5159 2056 5212 in

490 5238 747 5291 unitatem
774 5253 876 5291 non
910 5237 1088 5304 inepte
1117 5239 1284 5306 possit
1310 5237 1450 5292 illam
1485 5255 1599 5309 qua:
1625 5241 1688 5296 de
1715 5241 2060 5302 humanitatis

489 5326 791 5394 suspicione
824 5327 1055 5381 incidere
1096 5337 1270 5392 posset
1306 5329 1666 5386 diliieultatern
1710 5335 1912 5390 tollere.

562 5417 621 5474 Β.
660 5418 773 5484 Quo
807 5430 960 5487 pacto
989 5419 1113 5474 ais?

555 5508 621 5561 Α.
664 5507 860 5560 Natura
895 5509 1034 5561 enim
1060 5509 1242 5575 Verbi,
1277 5522 1544 5581 assumpta
1574 5515 1923 5583 humanitate,
1955 5535 2055 5573 non

486 5611 568 5657 est
603 5600 741 5652 nuda
773 5600 1096 5663 humanitas,
1123 5603 1215 5657 sed
1248 5605 1420 5673 potius
1449 5608 1664 5661 vincens
1706 5611 1919 5677 propria
1964 5629 2055 5665 sna

485 5693 650 5762 gloria
703 5691 753 5746 id
797 5695 936 5761 quod
979 5705 1307 5763 assumptum
1357 5706 1459 5764 est,
1515 5699 1844 5756 divinitatem
1905 5718 2054 5758 suam

2177 3420 2298 3474 σθαι
2332 3423 2548 3494 γραφὴν
2577 3425 2669 3477 καὶ
2718 3428 2784 3496 τῇ
2823 3427 2928 3479 τῶν
2973 3427 3140 3481 ἐθνῶν
3167 3432 3338 3504 ἀγέλῃ
3363 3436 3745 3508 περιθήσομεν,

2177 3511 2268 3565 καὶ
2300 3513 2696 3568 δυσαπόνιπτον
2745 3518 2854 3581 ἐξει
2898 3519 3004 3571 τῶν
3052 3521 3299 3591 ἀρχαίων
3327 3529 3666 3597 αἱτιαμάτων
3691 3531 3748 3582 τὸ

2176 3601 2389 3670 βλάϐος.
2411 3604 2677 3658 mnam
2701 3606 2827 3676 γὰρ,
2856 3601 3032 3677 οἶμαι,
3052 3612 3143 3662 καὶ
3172 3611 3287 3679 νῦν,
3303 3617 3396 3667 καὶ
3422 3617 3572 3669 οὐδὲν
3594 3613 3745 3689 ἦττον

2175 3695 2206 3762 ἦ
2261 3695 2445 3758 πάλαι,
2494 3697 2586 3748 καὶ
2635 3696 2729 3767 τὴν
2779 3699 2858 3761 είς
2907 3701 3036 3754 εὐθὺ
3071 3701 3483 3776 διαστείχουσαν
3517 3710 3742 3779 ἠγνόηκε

2173 3785 2373 3853 τρίϐον.
2408 3784 2516 3839 Καὶ
2546 3789 2815 3857 περιττὸς,
2840 3790 2914 3853 ὡς
2939 3791 3134 3857 ἔοικεν,
3164 3795 3193 3845 ό
3217 3799 3488 3867 μακάριος
3521 3799 3739 3864 Παῦλος.

2173 3877 2506 3946 προσφωνῶν
2527 3894 2584 3929 τε
2608 3881 2785 3942 αὐτοῖς
2816 3881 2909 3934 καὶ
2940 3881 3162 3950 λέγων’(
3188 3885 3346 3941 Ἀλλὰ
3374 3888 3495 3944 τότε
3528 3891 3626 3960 μὲν
3649 3892 3742 3945 οὐκ

2171 3967 2370 4029 εἰδότες
2390 3967 2540 4031 Θεὸν,
2564 3969 2907 4024 ἐδουλεύσατε
2952 3975 3065 4036 τοῖς
3117 3973 3192 4045 μὴ
3243 3976 3401 4044 φύσει
3432 3979 3593 4043 θεοῖς.
3615 3982 3741 4034 Νυνὶ

2170 4058 2226 4110 δὲ
2253 4058 2469 4125 γνόντες
2499 4058 2650 4124 Θεὸν,
2679 4061 2878 4130 μᾶλλον
2902 4062 2957 4114 δὲ
2985 4064 3315 4132 γνωσθέντες
3344 4068 3448 4120 ὑπὸ
3470 4069 3565 4121 τοῦ
3587 4069 3736 4134 Θεοῦ,

2173 4149 2285 4212 πῶς
2317 4149 2669 4219 ἐπιστρέφετε
2701 4153 2862 4206 πάλιν
2907 4156 2998 4207 ἐπὶ
3043 4154 3114 4208 τὰ
3156 4155 3362 4228 ἀσθενῆ
3415 4163 3510 4213 καὶ
3557 4165 3737 4232 πτωχὰ

2171 4245 2427 4311 στοιχεῖα,
2457 4237 2535 4307 οἷς
2568 4245 2727 4298 πάλιν
2756 4248 2960 4299 ἄνωθεν
2986 4248 3256 4305 δουλεύειν
3289 4251 3472 4308 θέλετε
3495 4273 3510 4321 ;
3532 4275 3552 4308 ι
3589 4257 3738 4310 Ποῖον

2168 4332 2275 4403 γὰρ
2299 4334 2377 4387 ἔτι
2404 4334 2536 4387 Θεὸν
2566 4337 2887 4404 ἐγνώκασιν,
2919 4343 2965 4392 εἰ
2997 4342 3070 4412 μὴ
3102 4343 3260 4412 φύσει
3286 4346 3419 4410 Θεὸς
3437 4350 3466 4400 ὁ
3489 4349 3735 4420 Χριστὸς,

2169 4427 2247 4487 εἰς
2270 4425 2329 4476 ὃν
2361 4426 2791 4494 πεπιστεύκασις
2822 4430 2930 4482 Καὶ
2948 4433 2995 4483 εί
3015 4433 3433 4505 λελατρεύκασιν
3448 4438 3734 4510 ἀνθρώπῳ,

2167 4517 2277 4575 τοῖς
2311 4514 2409 4582 τῆς
2452 4515 2684 4585 ἀρχαίας
2735 4517 3054 4589 πλανήσεως
3094 4522 3364 4593 ἐνέχονται
3394 4526 3630 4598 βρόχοις.
3671 4532 3735 4582 ἰι

2098 4625 2140 4678 ι)
2169 4608 2265 4660 οὐκ
2305 4606 2500 4678 ἀληθὲς
2537 4610 2563 4662 ὃ
2603 4628 2776 4679 φημις

2243 4699 2302 4751 Β.
2345 4699 2492 4752 Πάνυ
2537 4703 2636 4769 μὲν
2675 4697 2785 4754 οὖν.

2238 4791 2300 4841 Λ.
2328 4789 2514 4859 Ἀθρει
2544 4790 2607 4859 δὴ
2635 4787 2748 4856 οὖν,
2790 4794 2934 4856 ὅπως
2979 4795 3036 4860 ἐξ
3084 4797 3400 4867 ἀναγκαίων
3427 4802 3526 4872 ἤδη
3558 4803 3736 4856 συλλο-

2167 4878 2376 4947 γισμῶν
2435 4883 2712 4950 μονονουχὶ
2771 4884 2863 4936 καὶ
2927 4886 3023 4955 οὐχ
3077 4887 3292 4953 ἑκόντες
3351 4892 3728 4963 συνωθούμεθα

2168 4970 2303 5038 πρός
2332 4986 2392 5037 γε
2425 4969 2484 5021 τὸ
2506 4970 2614 5022 δεῖν
2641 4974 2924 5043 ἐμφρόνως
2949 4975 3022 5037 ώς
3053 4975 3174 5046 Θεῷ
3215 4980 3356 5032 κατὰ
3390 4981 3553 5049 φύσιν
3574 5001 3735 5052 προσ-

2168 5062 2347 5111 κυνεῖν
2377 5059 2455 5129 τῷ
2486 5060 2619 5130 Υίῷ,
2654 5066 2748 5114 και
2792 5066 2847 5114 ἐν
2879 5065 2953 5134 τῷ
2983 5065 3106 5117 καθ’
3131 5068 3279 5136 ἡμᾶς
3319 5079 3579 5140 πεφηνότι
3615 5074 3738 5143 σχή-

2169 5169 2334 5220 ματι,
2377 5151 2477 5220 τῆς
2520 5155 2597 5215 είς
2646 5156 2870 5222 ἑνότητα
2945 5157 3250 5230 συνδρομῆς
3320 5163 3421 5214 οὐκ
3474 5164 3737 5227 ἁνικάνως

2165 5241 2394 5311 ἐχούσης
2416 5244 2493 5304 είς
2513 5241 2572 5295 τὸ
2599 5245 2858 5313 ἀφανίσαι
2886 5247 3046 5317 τυχὸν
3066 5247 3127 5300 τὸ
3155 5252 3251 5302 καὶ
3297 5250 3409 5304 ἐσθ’
3429 5253 3519 5306 ὅτε
3539 5253 3735 5308 λυποῦν

2166 5351 2188 5386 ε
2200 5337 2244 5396 ἐς
2275 5333 2372 5388 ἀνθ
2381 5335 2690 5406 ρωπότητος
2723 5337 2977 5405 ὑποψίαν.

2195 5417 2295 5475 ’3.
2341 5424 2463 5486 Πῶς
2504 5425 2672 5496 ἔφης

2236 5516 2298 5569 Λ.
2343 5517 2723 5586 Προολαϐοὖεα
2748 5521 2850 5591 γὰρ
2883 5522 2913 5590 ἠ
2943 5521 3034 5573 τοῦ
3054 5523 3224 5590 Λόγου
3257 5523 3419 5593 φύσις
3447 5526 3506 5578 τὸ
3533 5524 3735 5595 ἀνθρώ⁹

2167 5627 2339 5670 πινον,
2376 5611 2473 5662 οὐκ
2506 5611 2859 5682 ἀνθρωπότης
2888 5615 3000 5666 ἐστὶ
3032 5615 3186 5686 ψιλὴ,
3215 5617 3422 5670 νικῶσα
3453 5618 3510 5671 δὲ
3543 5619 3734 5689 μᾶλλον

2168 5702 2274 5772 ἰδίᾳ
2305 5702 2431 5774 δόξῃ
2473 5705 2529 5755 τὸ
2565 5706 2926 5775 προσληφθὲν,
2961 5710 3013 5760 ὲν
3050 5709 3332 5782 ὰκλονήτιει
3365 5710 3594 5774 σώζεται
3620 5712 3734 5766 Bia-

557 5864 604 5895 ’³³
634 5862 800 5924 Hebr.
833 5881 870 5933 ι,
901 5867 954 5924 6.
1032 5873 1078 5905 ⁷⁸
1111 5871 1267 5930 Rom.
1295 5892 1329 5941 ι,
1364 5876 1453 5930 25.
1531 5880 1574 5909 ⁷⁵
1601 5879 1727 5934 ibid.
1768 5879 1856 5946 ΕΞ,
1894 5881 1981 5935 95.
2066 5884 2072 5892 ’

2185 5882 2308 5937 alat.
2350 5899 2419 5950 tv,
2450 5885 2501 5948 3,
2535 5885 2586 5940 9.
