3988 6488
329 441 354 496 1
366 439 472 495 233

1432 432 1521 487 DE
1561 430 1669 487 INC
1689 425 2080 485 \RNATIONE
2120 423 2500 485 UNlGENle.

3485 417 3626 472 ιεῑι

327 561 471 632 μονῇ
501 557 598 631 τῆς
632 545 972 626 θεοπρεποῦς
1002 553 1275 618 εὐκλείας.
1308 554 1478 607 Ταυτὶ
1514 553 1837 624 φρονοῦντες
1874 552 1923 604 oi

2036 549 2298 620 integram
2339 557 2502 616 atque
2531 545 2908 600 inconcussam
2942 539 3162 596 retinet.
3203 537 3357 606 Quod
3402 536 3626 607 quidem

326 649 592 722 μαθηταὶ,
619 646 991 720 προσεκύνουν
1015 645 1283 714 λέγοντες
1319 664 1337 696 ι
1363 645 1600 715 ’Δληθῶς
1630 643 1768 696 Θεοῦ
1796 642 1923 706 Υἱὸς

321 738 399 795 εἴ·
433 761 454 794 ι
488 741 666 796 καίτοι
698 740 863 810 βάδην
901 739 1047 792 ἰόντα
1080 736 1388 807 βλέποντες,
1408 737 1503 788 καὶ
1528 736 1586 787 ὲν
1612 736 1775 806 σαρκὶ
1799 734 1920 787 καθ’

319 833 502 902 ἡμᾶς’
538 832 624 884 ἐπ’
651 829 822 900 ἄκρου
857 828 967 899 γὰρ
1009 827 1076 899 δὴ
1113 827 1279 881 διέθει
1306 825 1547 898 κύματος
1579 825 1921 897 παραδόξως,

320 921 404 988 ὡς
439 922 591 987 Θεός.

407 1103 466 1155 Β.
508 1102 617 1154 Καὶ
649 1102 732 1164 τίς
762 1095 830 1171 ἦν
856 1098 886 1151 ό
913 1099 1088 1167 λέγων
1124 1097 1262 1167 πρὸς
1296 1096 1396 1166 τὴν
1443 1100 1498 1151 έν
1524 1101 1587 1168 τῇ
1635 1098 1919 1170 Σαμαρείᾳ

325 1195 592 1262 γυναῖκα·
636 1191 870 1262 «Ὑμεῖς
921 1191 1280 1261 προσκυνεῖτε
1315 1188 1344 1242 ό
1388 1189 1489 1241 οὐκ
1529 1189 1731 1253 οἴδατε,
1764 1190 1924 1258 ἡμεῖς

322 1281 746 1354 προσκυνοῦμεν
771 1281 801 1335 δ
827 1281 1085 1351 οἵδαμενς
1120 1299 1140 1332 ι
1173 1276 1308 1334 Εἶτα
1338 1282 1458 1345 πῶς
1486 1281 1639 1335 ἔσται
1676 1298 1922 1352 προσκυ-

308 1375 514 1452 ,νητὺς.
542 1377 570 1428 ὁ
596 1377 709 1438 τοῖς
732 1371 1103 1445 προσκυνοῦσι
1132 1374 1601 1444 συντεταγμένοςς

305 1485 308 1487 λ
402 1468 466 1518 Δ.
509 1468 618 1520 Καὶ
643 1460 830 1536 μὴν,ὦ
847 1466 1091 1536 φιλότης,
1122 1464 1184 1518 τὸ
1213 1465 1309 1530 Τίς
1335 1464 1398 1535 δὴ
1420 1463 1579 1517 τοῦτο
1603 1464 1924 1528 πλειστάκις

325 1557 633 1626 ἀναφωνεῖς
669 1557 730 1611 τὸ
760 1556 1036 1622 λεξείδιον,
1066 1558 1167 1610 οὐκ
1195 1552 1292 1611 οἷδ’
1322 1559 1470 1622 ὅπως
1500 1561 1614 1622 τοῖς
1645 1559 1926 1623 ἀσυνέτοις

326 1649 716 1723 ἐξευρημένον.
764 1650 1112 1722 Μεμέρισται
1147 1650 1256 1722 γὰρ
1291 1651 1542 1721 οὐδαμῶς
1590 1654 1618 1705 ὁ
1663 1652 1921 1723 Χριστός.

341 1739 405 1794 '0
427 1740 483 1796 δὲ
501 1739 582 1811 τῷ
606 1740 817 1811 γυναίῳ
847 1741 1188 1812 προσλαλῶν,
1214 1744 1242 1794 ὀ
1276 1735 1356 1805 εἷς
1391 1759 1450 1794 τε
1482 1741 1575 1796 καὶ
1609 1742 1771 1812 μόνος
1807 1742 1923 1796 Κύ-

327 1849 447 1905 ριος
494 1827 563 1903 ἦν
600 1832 806 1904 Ἰησοῦς
839 1835 867 1888 ό
897 1834 1151 1905 Χριστὸς,
1186 1833 1249 1886 ἔκ
1286 1851 1343 1886 τε
1382 1835 1476 1905 τῆς
1511 1836 1925 1904 προσκυνούσης

2027 641 2321 696 sentientes
2381 636 2665 708 discipuli,
2709 636 3006 690 adorarunt
3049 631 3294 688 dicentes
3334 647 3348 682 :
3402 646 3421 679 ι
3486 625 3630 682 Vere

2027 731 2194 786 Filius
2242 729 2338 784 Dei
2391 743 2483 793 es,
2523 747 2542 779 ι
2605 741 2727 783 cum
2769 725 2917 779 illum
2980 719 3404 777 inambulantem
3471 714 3630 787 aquis

2027 830 2334 884 cernerent,
2363 816 2578 875 tametsi
2606 816 2658 871 in
2684 831 2849 871 carne
2881 824 3195 870 versaretur
3227 821 3287 864 ut
3315 824 3411 865 nos
3438 826 3453 863 :
3477 823 3628 864 sum-

2029 927 2150 967 mos
2204 913 2349 968 enim
2412 911 2610 968 fluctus
2669 906 3020 981 percurrebat
3083 899 3519 964 admirabiliter,
3570 907 3630 952 ut

2031 1004 2195 1058 Deus.

2099 1096 2159 1151 Β.
2192 1095 2354 1166 Atqui
2389 1095 2637 1165 quisnam
2671 1100 2790 1148 erat
2818 1091 3006 1146 dicens
3031 1089 3096 1143 ad
3122 1087 3404 1143 mulierem
3438 1081 3637 1138 Sama-

2028 1190 2260 1253 ritanam
2305 1207 2320 1244 :
2376 1207 2395 1241 ι
2452 1189 2562 1243 Vos
2603 1188 2843 1243 adoratis
2880 1184 3025 1254 quod
3067 1181 3290 1238 nescitis
3325 1196 3339 1233 :
3383 1193 3483 1233 nos
3531 1177 3630 1232 ad-

2028 1296 2252 1336 oramus
2278 1282 2424 1350 quod
2464 1279 2669 1335 scimus
2714 1278 2760 1311 "
2791 1278 2814 1332 ί
2849 1295 2870 1331 ι
2903 1278 3176 1332 Praeterea
3222 1269 3495 1343 quomodo
3528 1269 3634 1324 erit

2029 1373 2361 1438 adorandus,
2396 1374 2487 1443 qui
2527 1372 2693 1428 estin
2734 1385 2964 1426 numero
2990 1382 3179 1425 eorum
3209 1365 3301 1435 qui
3350 1361 3633 1418 adorant?

2097 1465 2165 1519 Α.
2201 1464 2569 1535 Frequenter,
2608 1478 2642 1518 ο
2663 1462 2869 1528 amice,
2896 1461 3039 1517 hanc
3068 1472 3279 1520 vocem.
3313 1455 3473 1523 Quis,
3501 1454 3629 1508 mihi

2029 1557 2259 1619 occinis,
2313 1556 2496 1611 nescio
2534 1554 2805 1627 quomodo
2871 1554 2942 1608 ab
2989 1550 3258 1623 imperitis
3326 1550 3628 1603 inventam.

2029 1647 2184 1702 Nulla
2213 1648 2374 1718 702
2405 1647 2550 1701 enim
2581 1647 2789 1702 ratione
2833 1645 3038 1700 divisus
3081 1650 3165 1698 est
3202 1637 3474 1696 Christus.
3525 1636 3629 1703 Qui

2029 1754 2158 1794 vero
2205 1737 2487 1792 mulierem
2535 1735 2860 1806 alloquitur,
2890 1748 3031 1788 unus
3064 1747 3130 1788 ac
3177 1729 3326 1786 solus
3366 1727 3630 1783 Dominus

2029 1841 2147 1886 erat
2179 1829 2336 1887 Jesus
2382 1828 2656 1896 Christus,
2706 1845 2771 1884 ex
2805 1827 3142 1884 humanitate
3173 1839 3292 1895 quae
3324 1822 3546 1884 adorat,
3577 1831 3633 1876 et

327 1904 755 1993 ἁνθρωπότητος
809 1925 902 1975 καὶ
938 1904 1001 1976 έκ
1029 1924 1128 1994 τῆς
1160 1904 1642 1996 προσκυνουμένης
1673 1926 1924 1997 θεότητος

2036 1925 2316 1980 divinitate
2347 1938 2468 1993 qua:
2493 1922 2749 1976 adorator
2781 1919 3038 1976 inefiabili
3074 1919 3232 1973 modo
3266 1914 3626 1984 compositus.

331 2011 695 2082 συγκείμενος
720 2013 1071 2086 ἀπορῤήτως,
1102 2015 1356 2086 καθάπερ
1376 2015 1570 2084 ἀμέλει
1595 2017 1726 2085 φαίη
1753 2034 1836 2080 τις
1859 2016 1925 2070 ἂν

327 2105 427 2157 καὶ
455 2104 657 2174 ἑτέρως
692 2106 818 2176 περὶ
848 2100 1116 2176 αὑτοῦῖιί
1147 2107 1246 2177 μὲν
1285 2107 1394 2178 γάρ
1437 2110 1552 2160 ἐστι
1584 2108 1738 2172 Θεὸς,
1769 2111 1926 2162 νοοῖτ’

327 2195 398 2248 ἂν
446 2194 708 2264 ὑπάρχων
738 2197 900 2261 αὐτὸς
928 2199 955 2250 ό
993 2199 1094 2267 τῆς
1135 2198 1295 2268 δόξης
1334 2199 1560 2269 Κύριος
1651 2200 1706 2254 δὲ
1735 2201 1924 2270 γέγονε

328 2287 473 2342 κατὰ
507 2286 723 2357 μέθεξιν
763 2287 863 2360 τὴν
889 2290 1040 2359 παρὰ
1067 2288 1200 2342 Θεοῦ
1230 2288 1585 2362 δοξαζόμενος
1616 2292 1925 2362 ἄνθρωπος,

330 2376 502 2430 ἐδεῖτο
550 2379 645 2430 καὶ
688 2376 868 2447 δόξης,
898 2377 1074 2445 λέγων
1097 2395 1109 2408 ⁸
1163 2398 1178 2430 t
1211 2378 1416 2451 Πάτερ,
1456 2380 1680 2446 δόξασόν
1711 2399 1803 2434 σου
1833 2383 1928 2436 τὸν

331 2468 480 2522 Υἱόν.
509 2488 528 2520 ι
552 2469 713 2533 Ἀλλ’,
738 2489 755 2520 ι
780 2466 875 2532 Εἷς
891 2468 1120 2538 Κύριος,
1148 2470 1246 2541 μία
1270 2472 1471 2536 πίστις,
1499 2472 1557 2524 ἓν
1582 2474 1920 2544 βάπτισμα,ι

331 2558 476 2612 κατὰ
499 2559 560 2612 τὸ
587 2559 1215 2631 γεγραμμένον.”Ωσπερ
1243 2556 1333 2614 οὖν
1368 2563 1484 2614 ἐστι
1512 2563 1609 2633 μία
1649 2562 1853 2628 πίστις,
1894 2567 1926 2634 ἡ

331 2655 410 2714 εἰς
441 2653 696 2722 Χριστὸν,
739 2654 832 2705 καὶ
863 2651 921 2704 ἓν
952 2651 1170 2720 ἀληθῶς
1194 2653 1252 2705 τὸ
1280 2652 1584 2724 βάπτισμα,
1620 2656 1799 2708 καίτοι
1836 2655 1928 2726 βαο

331 2742 674 2813 πτιζομένων
700 2744 793 2797 καὶ
827 2744 1272 2798 πεπιστευκότων
1295 2745 1454 2816 ἡμῶν
1475 2749 1554 2808 εἰς
1585 2747 1805 2818 Πατέρα
1833 2749 1927 2801 καὶ

334 2835 464 2889 Υίὸν
490 2837 584 2889 καὶ
609 2837 763 2904 ἅγιον
786 2836 1011 2907 Πνεῦμα
1029 2855 1040 2867 ·
1073 2839 1215 2891 κατὰ
1238 2838 1329 2891 τὸν
1351 2839 1531 2900 αὑτὸν,
1547 2837 1928 2913 οἷμαι,τρόπον

333 2944 392 2979 τε
413 2929 506 2980 καὶ
530 2927 687 2995 λόγον
708 2929 805 2998 μία
822 2929 1192 3000 προσκύνησις
1210 2931 1321 2983 [Ιατ
1331 2930 1440 3001 ρὸς,
1461 2933 1551 2984 καὶ
1571 2933 1728 2986 ἐνανθ
1739 2936 1928 3005 ρωπή-

337 3036 529 3083 σαντος
550 3018 704 3085 Υίοῦ,
726 3037 819 3074 και
840 3022 998 3088 ἁγίου
1025 3021 1362 3091 Πνεύματος.
1399 3024 1800 3094 Ἐξωσθήσεται
1821 3027 1928 3098 γὰρ

333 3110 587 3182 οὐδαμῶς
614 3112 710 3164 τοῦ
739 3113 1313 3184 προσκυνεῖσθαιδεῖν,
1356 3115 1492 3186 πρός
1534 3134 1592 3168 τε
1634 3117 1790 3186 ἡμῶν
1834 3120 1928 3171 αύ-

333 3201 443 3257 τῶν
469 3205 562 3255 καὶ
590 3203 700 3256 τῶν
733 3204 906 3271 ἁγίων
935 3204 1184 3273 ἀγγέλων
1211 3206 1236 3258 5
1271 3207 1602 3278 Μονογενὴς,
1637 3211 1731 3262 καὶ
1760 3214 1808 3262 εἰ
1837 3211 1927 3278 γέ·
1956 3245 1997 3302 C

335 3310 460 3362 γονε
509 3293 666 3366 σὰρξ,
697 3296 789 3348 καὶ
831 3296 1144 3365 ἐσκήνωσεν
1180 3296 1237 3347 ὲν
1281 3299 1432 3367 ἡμῖν,
1463 3300 1835 3369 κεχρηματικέ
1867 3318 1926 3353 τε

336 3387 681 3457 πρωτότοκος
713 3389 768 3440 ὲν
797 3388 1010 3452 πολλοῖς
1039 3388 1304 3457 ἀδελφοῖς.
1327 3391 1479 3444 Ἐπεὶ
1509 3393 1591 3453 τίς
1633 3394 1697 3445 ἂν
1720 3394 1929 3462 γένοιτο

337 3479 523 3531 λοιπὸν
549 3480 576 3532 ό
607 3478 704 3548 τῆς
736 3481 822 3531 ἐπ’
848 3479 996 3551 αύτῷ
1024 3482 1257 3544 πίστεως
1288 3482 1463 3549 λόγος,
1494 3484 1610 3547 πῶς
1642 3485 1741 3537 οὐκ
1781 3486 1930 3550 ἄξιον

341 3569 470 3622 ἰδεῖν
489 3588 502 3634 ;
523 3570 659 3622 Οὐδὲ
685 3570 814 3641 γὰρ,
839 3568 1012 3642 οἶμαι,
1033 3576 1190 3640 φαῖεν
1213 3573 1278 3625 ἂν
1303 3573 1460 3644 οἵπερ
1486 3576 1552 3627 ἂν
1578 3577 1780 3630 ἕλοιντο
1805 3597 1932 3649 φρο-

340 3662 450 3712 νεῖν
479 3658 675 3730 ὀρθῶς,
703 3660 778 3723 ὠς
810 3662 892 3724 εἰς
933 3663 1091 3732 μόνον
1117 3663 1564 3733 πεπιστεύκαμεν
1592 3667 1681 3718 τὸν
1707 3669 1767 3719 ὲκ
1791 3669 1928 3722 θεοῦ

340 3750 517 3820 φύντα
545 3752 738 3820 Λόγον.
764 3754 1208 3823 ἀπογυμνοῦντες
1242 3756 1403 3808 αὑτὸν
1437 3757 1536 3824 τῆς
1577 3760 1794 3829 σαρκός·
1821 3761 1929 3812 οὐδ’

339 3835 406 3895 αὖ
449 3844 625 3893 έκεῖνο
665 3844 989 3914 παρήσομεν
1027 3845 1223 3897 εἰπεῖν·
1258 3845 1532 3911 λελέξεται
1573 3850 1708 3918 γάρ.

411 3933 471 3987 Β.
512 3933 586 3986 Τὸ
623 3933 676 3985 τί
713 3933 776 4004 δὴ
816 3936 956 4005 φής;

411 4025 476 4079 Α.
518 4025 590 4078 Οὐ
633 4026 742 4095 γὰρ
781 4025 857 4090 ὡς
903 4028 981 4089 εἰς
1013 4026 1109 4079 ἕνα
1155 4027 1260 4079 τῶν
1306 4028 1426 4082 καθ’
1459 4031 1625 4099 ἡμᾶς,
1655 4030 1777 4084 οὒτε
1823 4033 1931 4104 μὴν

338 4117 417 4180 ὡς
459 4117 540 4178 είς
580 4115 866 4186 ἄνθρωπον
902 4120 933 4189 ἡ
967 4119 1166 4183 πίστις,
1198 4121 1311 4173 ἀλλ’
1341 4124 1419 4186 εἰς
1464 4123 1596 4175 Θεὸν
1634 4125 1931 4195 πράττεται

340 4209 433 4262 τὸν
472 4207 629 4277 φύσει
672 4209 766 4263 καὶ
811 4209 1027 4280 ἀληθῶς
1057 4213 1114 4263 ἐν
1144 4213 1422 4283 προσώπῳ
1449 4216 1708 4284 Χριστοῦ’
1739 4218 1932 4290 συλλή-

339 4301 501 4371 ψεται
535 4301 592 4354 δὲ
617 4301 695 4372 τῷ
731 4302 875 4372 λόγῳ
909 4304 1003 4356 καὶ
1034 4305 1064 4356 δ
1091 4305 1252 4372 σοφὸς
1279 4307 1506 4375 γράφων
1534 4308 1767 4372 Παῦλοςο
1805 4331 1820 4362 ι
1853 4313 1929 4364 Οὐ

341 4396 451 4464 γὰρ
498 4395 724 4457 ἑαυτοὺς
773 4395 1194 4466 ὲκηρύσσομεν,
1259 4396 1394 4451 ἀλλὰ
1444 4401 1676 4468 Χριστὸν
1722 4404 1932 4471 Ἰησοῦν

343 4485 569 4556 Κύριον·
607 4486 836 4549 ἑαυτοὺς
874 4485 930 4538 δὲ
968 4485 1186 4549 δούλους
1231 4487 1385 4557 ὑμῶν
1425 4489 1510 4542 διὰ
1549 4492 1807 4560 Χριστοῦ,
1849 4496 1930 4548 ὅτι

341 4575 475 4640 Θεὸς
497 4578 524 4630 ὁ
549 4575 716 4630 εἰπὼν
753 4578 818 4630 ὲκ
858 4578 1080 4640 σκότους
1108 4577 1217 4646 φῶς
1251 4578 1482 4648 λάμψαι,
1506 4581 1564 4644 ὃς
1600 4583 1842 4654 ἔλαμψεν
1874 4588 1932 4639 ὲν
1969 4597 2010 4652 [ι
2039 4581 2280 4624 ηυδιτυιυ
2316 4587 2330 4635 ἱ

343 4670 463 4731 ταῖς
497 4668 749 4738 καρδίαις
788 4668 948 4738 ἡμῶν
979 4670 1114 4739 πρὸς
1135 4670 1415 4739 φωτισμὸν
1439 4672 1535 4741 τῆς
1557 4674 1811 4740 γνώσεως
1836 4677 1936 4748 τῆς

341 4758 502 4830 δόξης
543 4759 708 4812 αὑτοῦ
752 4761 810 4812 ὲν
861 4758 1140 4830 προσώπῳ
1175 4761 1432 4831 Χριστοῦ.
1465 4781 1481 4812 ι
1505 4763 1635 4816 Ἰδοὺ
1659 4764 1721 4834 δὴ
1753 4767 1938 4834 σαφῶς

344 4867 403 4904 τε
443 4851 537 4905 καὶ
579 4850 826 4922 ἐναργῶς
870 4852 1203 4921 όφωτισμὸς
1243 4853 1340 4922 τῆς
1381 4852 1634 4920 γνώσεως
1670 4855 1762 4908 τοῦ
1799 4857 1934 4910 Θεοῦ

344 4944 440 4998 καὶ
473 4944 690 5015 Πατρὸς
724 4946 783 4998 έν
817 4944 1096 5015 προσώπῳ
1128 4945 1392 5016 διέλαμψε
1413 4946 1506 4999 τοῦ
1529 4949 1786 5019 Χριστοῦ.
1815 4951 1937 5004 Τοι-

346 5037 537 5104 γάρτοι
574 5036 669 5088 καὶ
712 5035 951 5104 ἔφασκεν
979 5051 991 5065 °
1024 5055 1040 5086 t
1063 5037 1121 5088 Ὀ
1169 5037 1429 5107 ἑωρακὼς
1453 5039 1574 5107 ἐμὲ,
1601 5038 1814 5111 ἑώρακε
1838 5041 1930 5094 τὸν

345 5129 584 5199 Πατέρα·
612 5126 723 5194 ἐγὼ
747 5129 841 5182 καὶ
863 5128 890 5179 ό
911 5125 1099 5198 Πατὴρ
1126 5127 1184 5179 ’ἐν
1206 5129 1395 5197 ἐσμεν.
1433 5148 1450 5179 ι
1499 5129 1802 5202 Χαρακτὴρ
1823 5131 1878 5185 δὲ
1903 5134 1929 5184 ὁ

345 5222 488 5284 θεῖος
523 5222 582 5273 οὐ
627 5220 957 5290 σωματικὸς,
982 5219 1098 5273 ἀλλ’
1124 5220 1181 5271 ὲν
1204 5219 1432 5288 δυνάμει
1454 5223 1544 5273 καὶ
1565 5221 1692 5295 δόξῃ
1715 5226 1780 5295 τῇ
1809 5225 1928 5277 θεο-

347 5314 723 5387 πρεπεστάτη,
743 5312 902 5368 τοῦτο
932 5313 988 5366 δὲ
1019 5309 1086 5384 ἦν
1121 5313 1420 5382 ἀκραιφνὲς
1447 5315 1502 5366 ἐν
1525 5316 1762 5386 Χριστῷ·
1791 5334 1932 5385 γνω-

347 5403 594 5478 ρίζεσθαί
630 5421 690 5456 τε
733 5405 826 5459 καὶ
864 5404 954 5458 διὰ
990 5404 1194 5457 τούτων
1235 5403 1412 5474 ἠξίου,
1437 5406 1530 5456 καὶ
1561 5405 1650 5458 διὰ
1688 5407 1783 5476 τῆς
1823 5408 1930 5460 τῶν

346 5497 641 5570 δρωμένων
680 5495 990 5568 ὑπεροχῆς,
1038 5498 1118 5560 εἰς
1171 5497 1382 5561 ἑννοίας
1423 5498 1799 5570 ἀναθρώσκειν
1839 5502 1934 5562 τὰς

348 5591 436 5643 ἐπ’
465 5588 614 5660 αὐτῷ
637 5588 762 5652 τοὺς
783 5587 1166 5658 ἀκροωμένους
1188 5587 1365 5658 ἠθελε,
1383 5589 1984 5676 κατασμικρυνούσης.

350 5681 511 5736 αὗτδν
534 5682 719 5753 ἠρέμα
749 5681 845 5752 τῆς
871 5674 1158 5750 ὁρωμένης
1185 5680 1407 5750 σαρκός.
1441 5699 1459 5732 ι
1493 5681 1551 5733 ΕΞ
1577 5682 1683 5752 γὰρ
1705 5681 1764 5733 οὗ
1793 5683 1930 5733 ποιῶ

428 5860 474 5894 τ’
499 5857 654 5917 Joan.
696 5876 769 5929 tv,
806 5862 896 5917 2‘2.
996 5862 1039 5893 ⁷³
1064 5858 1219 5915 Joan.
1252 5875 1384 5923 xm,
1425 5860 1467 5914 Ι.

1549 5863 1588 5890 τ’·
1619 5863 1813 5932 Ιίνιιρδ.
1855 5877 1926 5924 μ’,
1968 5864 2018 5918 ἑὲ.

2029 2015 2494 2084 Quemadmodum
2518 2013 2751 2067 fortasse
2792 2010 3061 2082 quispiam
3105 2008 3264 2064 aliter
3304 2020 3519 2076 quoque
3566 2005 3636 2058 de

2031 2110 2148 2176 ipso
2183 2106 2400 2160 dixerit.
2433 2104 2711 2171 Quatenus
2732 2103 2876 2158 enim
2907 2110 2990 2158 est
3016 2101 3176 2164 Deus,
3199 2105 3488 2154 censeatur
3511 2101 3635 2154 esse

2032 2198 2289 2253 Dominus
2335 2198 2570 2266 glorier:
2625 2208 2892 2266 quatenus
2937 2209 3069 2249 vero
3116 2193 3290 2248 factus
3338 2199 3421 2246 est
3470 2192 3632 2245 homo

2030 2294 2327 2345 secundum
2359 2287 2832 2359 participationem
2865 2301 2896 2341 a
2929 2287 3036 2340 Deo
3066 2284 3423 2353 glorificatus,
3453 2281 3628 2352 gloria

2031 2380 2241 2449 egebat,
2278 2380 2504 2434 dicens:
2540 2399 2558 2430 ς
2591 2377 2772 2440 Pater.
2810 2377 3051 2447 glorifica
3086 2373 3282 2430 Filium
3321 2383 3472 2427 tuum
3498 2371 3567 2426 ⁷⁸.
3608 2387 3627 2423 ι

2030 2474 2321 2540 Caeterum,
2360 2491 2378 2523 ι
2421 2470 2570 2526 Unus
2601 2481 2682 2525 est
2716 2469 2996 2528 Dominus.
3022 2483 3126 2522 una
3149 2468 3304 2532 fides,
3338 2480 3504 2519 unum
3537 2463 3634 2517 ba-

2032 2567 2253 2636 ptisma,
2282 2585 2300 2616 ι
2323 2566 2465 2620 sicut
2485 2566 2747 2635 scriptmn
2765 2573 2848 2618 est
2877 2563 2943 2618 ".
2967 2560 3432 2629 Quemadmodum
3470 2558 3635 2629 igitur

2035 2673 2138 2711 una
2199 2667 2282 2711 est
2342 2658 2474 2712 lides
2525 2657 2580 2711 in
2639 2655 2951 2720 Christum,
2990 2665 3150 2724 atque
3210 2668 3374 2706 unum
3441 2663 3632 2706 revera

2034 2751 2333 2820 baptisma,
2374 2748 2588 2802 tametsi
2625 2747 2884 2817 baptiz-ati
2921 2747 3091 2802 simus
3135 2753 3192 2800 et
3239 2745 3529 2800 credamus
3576 2743 3635 2797 in

2033 2843 2271 2910 Patrem,
2309 2841 2528 2904 Filium,
2555 2850 2608 2894 et
2636 2839 2898 2908 Spiritum
2927 2849 3176 2893 sanetum
3205 2855 3219 2892 :
3253 2837 3445 2890 eadam
3474 2836 3634 2904 plano

2033 2935 2245 2990 ratione
2281 2949 2347 2989 ac
2411 2933 2570 2987 modo
2635 2947 2744 2985 una»
2780 2941 2864 2986 est
2925 2929 3170 2986 adoratio
3219 2927 3395 2983 Patris
3425 2936 3478 2982 et
3509 2925 3632 2981 Filii

2034 3024 2325 3090 incarnati,
2369 3035 2423 3078 et
2455 3021 2692 3094 Spiritus
2721 3021 2920 3077 sancti.
2953 3019 3138 3088 Neque
3165 3022 3309 3074 enim
3341 3016 3450 3071 ullo
3472 3027 3634 3086 pacto

2034 3130 2062 3169 a
2118 3115 2271 3169 nobis
2307 3116 2513 3184 pariter
2562 3124 2617 3170 et
2672 3113 2874 3169 sanctis
2930 3115 3136 3182 angelis
3196 3114 3263 3166 ab
3317 3110 3634 3165 adoratione

2033 3206 2397 3262 excludendos
2426 3208 2892 3278 estllnigenitus,
2927 3208 3138 3262 tametsi
3174 3207 3350 3260 factus
3374 3204 3444 3260 sit
3475 3218 3630 3266 caro,

2031 3310 2086 3354 et
2116 3298 2376 3353 habitarit
2410 3301 2461 3353 itt
2487 3301 2664 3363 nobis,
2687 3309 3021 3368 vocatusque
3049 3299 3119 3353 sit
3153 3296 3546 3366 primogenitus
3573 3295 3627 3348 in

2030 3389 2215 3444 multis
2242 3390 2498 3446 fratribus
2518 3391 2584 3444 °°.
2608 3389 2689 3445 Ad
2708 3391 2823 3446 hac
2852 3405 3100 3460 quietiam
3132 3390 3198 3444 sit
3235 3388 3354 3442 fidei
3380 3389 3429 3439 in
3455 3387 3630 3455 ipsum

2031 3481 2204 3545 ratio,
2234 3485 2507 3552 quomodo
2549 3498 2654 3537 non
2696 3483 2767 3536 sit
2795 3497 2974 3552 opera:
3018 3482 3250 3551 pretium
3301 3479 3632 3548 inquirere?

2030 3571 2148 3627 Non
2203 3575 2345 3628 enim
2404 3575 2670 3640 dixerint,
2704 3584 2763 3628 ut
2806 3575 3027 3644 Opinor,
3085 3574 3174 3643 qui
3230 3583 3374 3627 recte
3429 3572 3633 3625 sentire

2033 3663 2237 3727 velint,
2275 3679 2373 3718 nos
2408 3663 2460 3717 in
2493 3664 2667 3718 solum
2705 3660 2938 3716 Verbum
2970 3666 3111 3731 quod
3145 3678 3208 3716 ex
3240 3661 3350 3716 Deo
3387 3661 3630 3730 procedit

2032 3755 2365 3820 credidisse,
2397 3756 2662 3810 nudantes
2702 3755 2878 3825 ipsum
2919 3769 3105 3808 carne.
3139 3752 3246 3808 Sed
3278 3758 3453 3821 neque
3499 3752 3628 3806 illud

2034 3863 2248 3902 rursum
2281 3848 2460 3902 dicere
2484 3850 2818 3903 omittemus.
2852 3846 3072 3903 Dicetur
3097 3847 3240 3903 enim
3272 3847 3478 3900 statim.

2105 3940 2166 3994 Β.
2197 3940 2464 4005 Quidnam
2495 3941 2666 3996 dicis?

2104 4028 2170 4080 Α.
2200 4027 2386 4097 Neque
2413 4028 2560 4082 enim
2593 4037 2849 4098 tanquam
2887 4030 2938 4084 in
2965 4045 3127 4084 unum
3159 4044 3225 4084 ex
3257 4026 3434 4094 nobis,
3456 4043 3631 4099 neque

2035 4129 2094 4175 ut
2132 4122 2185 4175 in
2219 4122 2421 4175 nudum
2471 4120 2745 4175 hominem
2778 4121 3087 4184 credimus,
3121 4123 3214 4176 sed
3250 4121 3304 4176 in
3345 4119 3512 4175 Deum
3537 4122 3630 4190 qui

2036 4212 2356 4268 naturaliter
2417 4228 2482 4268 ac
2536 4227 2683 4268 vere.
2719 4223 2804 4268 est
2849 4214 2901 4268 in
2951 4227 3178 4283 persona
3243 4212 3444 4268 Christi
3497 4211 3633 4267 fides

2037 4315 2225 4360 nostra
2275 4305 2471 4372 vergit.
2536 4304 2634 4360 Cui
2689 4305 2905 4374 quidem
2963 4305 3246 4360 sententia:
3305 4305 3629 4374 astipulatur

2035 4396 2252 4465 sapiens
2279 4395 2364 4450 ille
2392 4395 2592 4451 Paulus
2617 4397 2688 4450 ita
2713 4397 2963 4450 scribens
2994 4415 3047 4450 τι
3066 4395 3182 4451 Non
3214 4399 3364 4452 enim
3387 4409 3627 4453 nosmet-

2036 4487 2183 4555 ipsos
2210 4485 2637 4554 przedicabamns
2658 4524 2672 4549 ,
2703 4483 2797 4539 sed
2820 4482 3006 4539 Jesuin
3035 4483 3310 4539 Christum
3341 4483 3625 4538 Dominum

2379 4586 2478 4625 nos
2536 4581 2715 4625 autem
2766 4587 2955 4627 servos
3005 4584 3210 4628 vestros
3269 4588 3365 4643 per
3418 4571 3623 4628 Jesum.

2035 4663 2301 4729 Quoniam
2354 4662 2496 4718 Deus
2530 4665 2621 4733 qui
2672 4665 2807 4719 dixit
2837 4665 2904 4720 de
2954 4665 3200 4721 tenebris
3234 4666 3407 4720 lucem
3443 4666 3628 4734 splen-

2039 4755 2416 4825 descere,ipse
2450 4756 2624 4810 illuxit
2658 4756 2710 4811 in
2733 4758 2986 4812 cordibus
3013 4759 3216 4814 nostris
3254 4760 3318 4812 ad
3357 4757 3629 4812 illumina-

2034 4849 2236 4903 tionem
2286 4850 2528 4904 scientia:
2562 4850 2827 4906 claritatis
2858 4851 2982 4920 Dei,
3019 4852 3070 4906 in
3104 4852 3242 4906 facie
3297 4851 3429 4906 .lcsn
3470 4851 3628 4908 Chri-

2034 4940 2100 4994 sti
2129 4939 2196 4993 ⁸¹.
2237 4958 2257 4993 ι
2312 4937 2450 4994 Ecce
2472 4957 2635 5012 quam
2681 4951 2867 5012 aperte
2890 4958 2954 4998 ac
2989 4942 3273 4999 manifeste
3307 4943 3630 5001 illuminatio

2037 5034 2283 5088 scientiis
2321 5032 2414 5089 Dei
2448 5050 2511 5088 ac
2563 5035 2738 5092 Patris
2795 5038 2848 5090 in
2900 5053 3129 5107 persona
3178 5037 3377 5093 Christi
3431 5039 3628 5094 illuxit.

2040 5125 2244 5182 idcirco
2268 5131 2430 5183 etiam
2460 5130 2596 5184 dixit
2627 5145 2641 5183 ε
2675 5148 2692 5182 ι
2729 5131 2827 5196 Qui
2861 5132 2995 5186 vidit
3017 5147 3122 5200 mc,
3152 5133 3284 5187 vidit
3311 5142 3361 5186 et
3390 5132 3626 5187 Patrem.

2042 5215 2153 5288 Ego
2171 5228 2224 5272 ct
2248 5217 2407 5272 Pater
2437 5235 2600 5273 unum
2623 5236 2860 5276 sumus.»
2894 5223 3188 5278 Character
3210 5234 3389 5280 autem
3415 5225 3630 5279 divinus

2040 5328 2147 5366 non
2176 5321 2260 5365 est
2289 5327 2603 5382 corporeus,
2632 5313 2724 5367 sed
2765 5315 2816 5368 in
2852 5316 3051 5369 virtute
3078 5331 3142 5370 ac
3173 5317 3342 5385 gloria
3371 5333 3494 5388 quas
3518 5317 3628 5373 Deo

2042 5404 2274 5459 maxime
2303 5404 2624 5469 conveniat,
2662 5407 2762 5462 hoc
2787 5416 2871 5462 est
2901 5408 2952 5461 in
2993 5407 3213 5463 Christo
3244 5428 3255 5472 ;
3290 5419 3344 5463 ct
3383 5426 3478 5479 per
3515 5410 3628 5467 liter.

2041 5496 2378 5553 innotescere
2431 5499 2629 5562 voluit,
2682 5510 2738 5556 et
2793 5516 2890 5571 per
2949 5504 3213 5558 factorum
3247 5506 3625 5561 excellentiam

2039 5589 2316 5646 auditores
2355 5591 2420 5644 ad
2453 5592 2534 5647 sui
2564 5595 2811 5647 notitiam
2853 5597 3029 5660 evehi,
3060 5613 3180 5650 t'ttm
3216 5597 3411 5667 alioqui
3443 5600 3628 5656 carnis

2035 5693 2286 5754 a~pectus
2343 5685 2518 5752 ipsum
2579 5686 2820 5741 nonnihil
2867 5691 3206 5745 obseurarct.
3267 5709 3283 5743 ι
3345 5692 3400 5746 Si
3455 5695 3624 5761 enim,

2100 5863 2142 5894 ὀ
2173 5861 2328 5919 liom.
2369 5881 2482 5932 \‘lll,
2518 5864 2606 5922 ‘39.
2687 5867 2726 5896 "
2756 5866 2793 5923 ll
2828 5867 2956 5925 Cur.
2996 5885 3066 5935 ιν,
3099 5870 3154 5935 ὅ,
3193 5871 3244 5924 6.
