3988 6514
470 419 609 475 1255

1458 419 1511 470 ὃ.
1553 416 1829 473 ωἰιίιιι
1867 414 2333 471 ALEXANURINI
2375 415 2688 472 AIKCHIU‘.

3595 414 3702 468 ηδε

464 541 673 613 inquit,
722 557 824 596 non
881 540 1017 596 facio
1048 555 1210 609 opera
1266 541 1441 596 Patris
1466 543 1603 607 mei,
1656 541 1814 615 703
1873 540 2024 596 nolite

2136 541 2202 597 τὰ
2226 540 2361 614 ἔργα
2390 542 2482 595 τοῦ
2523 541 2732 611 Πατρός
2759 558 2880 611 μου,
2908 538 3068 609 φησὶ,
3096 538 3179 608 μὴ
3206 532 3499 590 πιστεύετέ
3538 549 3637 602 μοι.
3657 534 3703 585 ει

463 636 685 689 credere
711 633 860 688 mihi.
891 633 945 687 Si
974 642 1152 689 autem
1184 632 1353 699 facio,
1390 643 1445 688 et
1474 634 1517 688 si
1552 634 1679 687 mihi
1719 648 1823 689 non
1872 632 2032 686 vultis

462 724 714 789 credere,
758 724 1009 792 operibus
1046 723 1179 779 meis
1225 723 1429 779 credite
1458 723 1523 775 ⁸¹.
1558 742 1576 775 ι
1609 722 1779 778 Porro
1806 736 2032 779 censue-

460 817 561 871 rim
600 814 869 871 Christum
917 825 1026 870 tum
1075 815 1328 884 temporis
1358 816 1457 870 hoc
1488 816 1723 881 dixisse,
1757 817 1897 883 quod
1928 829 2031 868 non

463 908 651 963 inutile
691 908 741 962 id
786 909 900 962 fore
932 907 1111 963 sciret.
1151 908 1284 961 Cum
1328 907 1469 961 enim
1508 907 1878 961 existimarent
1928 919 2032 959 non

460 1012 586 1054 esse
632 997 950 1053 naturaliter
1012 996 1336 1066 Deum.qu
1388 1012 1483 1067 pro
1532 999 1683 1052 nobis
1724 997 2033 1052 incarnatus

462 1103 581 1147 erat
616 1111 628 1146 :
665 1093 756 1147 sed
784 1091 1097 1159 simpliciter
1133 1091 1333 1143 nudum
1378 1090 1684 1154 hominem,
1713 1090 1851 1145 sicut
1890 1104 1988 1145 nos
2017 1108 2030 1155 ;

412 1204 413 1207 η
462 1200 689 1255 eamque
738 1186 808 1239 ob
857 1198 1071 1238 causam
1128 1181 1367 1237 nonnulli
1407 1180 1563 1236 fidem
1602 1182 1649 1235 ei
1691 1182 2029 1252 derogarent,

463 1276 663 1332 utiliter
695 1288 761 1329 ac
800 1275 1106 1329 necessario
1140 1281 1337 1327 metum
1378 1271 1588 1328 illorum
1617 1272 2031 1339 tarditatemque

462 1368 526 1420 ad
601 1367 925 1422 credendum
995 1379 1333 1436 prmseeaus,
1377 1376 1432 1419 et
1473 1374 1677 1419 natura:
1738 1364 2033 1420 divinitatis

459 1459 617 1513 lldem
651 1458 917 1520 tribuens,
960 1467 1210 1528 tauquam
1244 1458 1295 1511 in
1320 1471 1544 1527 persona
1590 1456 1766 1511 Patris
1798 1474 1814 1522 ;
1845 1465 1897 1511 et
1925 1470 2029 1511 non

461 1558 660 1605 nostra
687 1548 973 1604 humilitati
1020 1549 1328 1612 ascribens,
1359 1548 1493 1602 dixit
1524 1564 1536 1599 :
1568 1566 1585 1599 ι
1630 1546 1728 1615 Qui
1768 1548 1936 1602 credit
1978 1551 2027 1601 in

460 1655 567 1703 ine,
594 1654 698 1695 non
732 1640 783 1693 in
820 1653 905 1694 me
931 1638 1121 1701 credit,
1155 1638 1246 1693 sed
1280 1637 1331 1693 in
1356 1652 1477 1691 eum
1504 1640 1590 1706 qui
1627 1637 1767 1693 misit
1800 1652 1882 1691 me
1904 1638 1968 1691 ³³.
2007 1656 2023 1688 ι

458 1728 648 1786 Nonne
685 1732 788 1785 hoc
809 1729 1031 1799 perinde
1053 1737 1137 1801 est
1160 1743 1222 1782 ac
1249 1730 1294 1783 si
1324 1729 1467 1784 dicat
1498 1746 1508 1779 :
1541 1729 1585 1781 0
1611 1744 1706 1782 vos
1733 1729 1823 1796 qui
1848 1728 2026 1784 verbis

459 1822 591 1875 ntcis
650 1820 807 1875 [idem
859 1819 1161 1882 adhibetis.
1199 1835 1302 1873 non
1364 1819 1563 1873 humile
1606 1828 1699 1872 aut
1758 1816 2025 1885 abjectum

456 1909 653 1979 aliquid
689 1910 754 1965 de
784 1924 866 1963 me
895 1910 1128 1979 cogitate
1160 1928 1171 1963 :
1203 1908 1329 1978 quin
1372 1909 1545 1978 potius
1579 1909 1678 1961 hoc
1707 1921 2024 1976 persuasum

458 2001 678 2063 habete,
721 2002 862 2067 quod
910 2000 1002 2069 qui
1045 1998 1174 2053 mihi
1221 2012 1378 2066 quem
1426 1998 1476 2051 in
1511 2012 1671 2051 carne
1721 1996 2031 2066 conspicitis

457 2092 816 2157 credideritis,
847 2108 949 2146 non
986 2093 1036 2146 in
1071 2090 1339 2145 hominem
1386 2088 1701 2158 simpliciter
1746 2088 2031 2143 credentes

456 2182 642 2247 eritis,
685 2186 777 2237 sed
823 2183 873 2236 iu
931 2184 1103 2251 ipsum
1146 2180 1391 2245 Patrem,
1447 2195 1543 2248 per
1578 2194 1661 2232 me
1703 2177 1896 2233 Filium
1937 2182 2028 2249 qui

453 2272 814 2328 ornuimodam
866 2272 1226 2341 aequalitatem
1284 2270 1805 2340 similitudinemque
1858 2272 2029 2325 habeo

452 2382 575 2420 eum
608 2365 766 2420 Patre
800 2384 813 2419 :
846 2375 1004 2435 atque
1040 2366 1352 2420 incarnatus
1398 2364 1612 2433 quidem
1641 2379 1759 2418 sum
1809 2377 2029 2433 propter

454 2473 569 2521 vos,
605 2457 970 2527 humilemque
1001 2456 1257 2511 amictum
1299 2455 1429 2509 mihi
1495 2456 1687 2519 ascivi,
1718 2456 2027 2509 humanita-

454 2560 560 2603 tem
592 2552 881 2616 nimirum,
906 2548 1210 2618 :equalitate
1240 2556 1414 2603 tamen
1458 2558 1660 2602 natura:
1682 2556 1733 2603 et
1758 2549 2028 2617 operatio-

454 2643 559 2707 nis,
590 2651 747 2713 atque
778 2643 1056 2697 identitate
1080 2642 1263 2712 glori-.e
1293 2640 1681 2712 perfectissime
1715 2639 1856 2693 Patri
1880 2640 2027 2694 sitni-

454 2732 522 2787 lis
550 2748 667 2787 sum
698 2747 760 2787 ac
800 2748 911 2802 par.

524 2823 586 2877 Β.
623 2824 696 2877 Ita
731 2825 961 2879 videtur.

523 2913 588 2963 Α.
618 2910 776 2979 Atqui
810 2911 915 2964 alio
939 2912 1101 2965 etiam
1128 2913 1286 2966 modo
1312 2913 1614 2984 intelligere
1642 2915 1816 2983 possis
1846 2914 2021 2983 ipsum

454 3004 611 3056 tidem
643 3016 748 3056 non
777 3001 1126 3072 repellentem
1151 3022 1163 3057 :
1190 3004 1283 3059 sed
1308 3005 1512 3073 absque
1535 3005 1717 3074 aliqua
1754 3005 2021 3060 divisione

453 3102 614 3160 atque
638 3090 938 3146 diﬂ‘erentia
977 3094 1323 3163 recipientem
1360 3094 1529 3163 ipsam
1567 3096 1619 3148 in
1650 3096 1867 3166 propria
1905 3112 2020 3164 per-

2135 634 2191 686 δὲ
2216 633 2373 699 ποιῶ,
2401 634 2504 689 κᾶν
2526 635 2648 704 ἐμοὶ
2686 633 2761 704 μὴ
2800 630 3123 700 πιστεύητε,
3146 631 3269 691 τοῖς
3293 626 3485 697 ἔργοις
3514 642 3610 693 μον
3638 641 3707 676 τι·

2141 725 2381 780 στεύετε.
2404 745 2424 778 r
2447 727 2615 781 Φάναι
2651 725 2706 779 δὲ
2743 720 2896 794 οἶμαι
2919 724 3081 779 ταυτὶ
3105 722 3168 776 τὸ
3186 717 3450 791 τηνικάδε
3482 716 3707 787 Χριστὸν,

2135 816 2232 869 οὐκ
2276 816 2565 879 ἁσυντελὲς
2608 817 2689 878 εἰς
2728 814 2913 884 ὄνησιν
2953 812 3135 866 εἰδότα
3170 810 3234 863 τδ
3282 804 3711 880 “ﬁnivit

2134 907 2242 975 γὰρ
2271 906 2437 976 ᾤοντο
2464 906 2595 961 Θεὸν
2624 906 2719 977 μὲν
2741 906 2839 959 οὐκ
2857 900 2997 957 εἶναι
3022 902 3169 957 κατὰ
3188 900 3355 971 φύσιν
3378 899 3470 952 τὸν
3495 897 3562 950 δι’
3583 898 3712 967 ἡμᾶς

2140 996 2790 1069 ἐειηνθριυπηκότα,ψιλὸαδ
2814 997 2869 1049 δὲ
2895 996 3082 1059 ﬁniti);
3101 994 3399 1065 ἄνθρωπον
3423 988 3713 1057 καθ’ήμᾶς,

2133 1087 2509 1156 ἀπαρὰδὰτόν
2561 1105 2621 1141 τε
2672 1088 2759 1142 διὰ
2802 1087 2960 1140 τοῦτο
3021 1084 3122 1154 τὴν
3187 1084 3277 1136 ἐπ’
3334 1080 3490 1151 αὐτῷ
3546 1081 3715 1131 πίστιν

2134 1177 2583 1242 ἐποιοῦντότινες·
2598 1178 2908 1247 ἀναγκαίως
2926 1177 2986 1230 τὸ
2996 1176 3156 1244 δεῖμα
3181 1175 3274 1227 καὶ
3298 1174 3391 1225 τὸν
3414 1172 3719 1233 samem;

2134 1268 2290 1321 ὄκνον
2320 1268 2777 1339 ὑποτεμνόμενος,
2800 1271 2865 1339 τῇ
2901 1268 2998 1337 τῆς
3032 1266 3291 1335 θεότητος
3315 1264 3484 1333 φύσει
3507 1264 3607 1333 τὴν
3634 1262 3717 1314 πί-

2136 1375 2249 1412 στιν
2284 1358 2575 1424 ἀνατιθεὶς,
2600 1361 2674 1423 ὡς
2711 1363 2769 1413 ἐν
2810 1357 3087 1431 προσώπῳ
3124 1356 3359 1428 Πατρδς,
3386 1356 3481 1409 καὶ
3507 1356 3633 1425 οὐχὶ
3657 1356 3718 1425 τῇ

2133 1450 2254 1502 καθ’
2276 1452 2306 1520 ἡ
2317 1451 2423 1519 μᾶς
2464 1452 2906 1523 σμικροπρεπείᾳ
2946 1452 3290 1524 προσνέμων,
3314 1450 3564 1519 ἔφασκεν
3586 1466 3601 1478 ·
3627 1467 3648 1499 ι
3667 1449 3722 1500 '0

2134 1540 2406 1594 πιστεύων
2442 1544 2522 1605 εἰς
2563 1542 2687 1611 ἐμὲ,
2711 1542 2772 1594 οὐ
2814 1542 3061 1617 πιστεύει
3104 1544 3186 1604 εἰς
3226 1540 3347 1609 ἐμὲ.
3375 1539 3493 1592 ἀλλ’
3518 1540 3600 1601 εἰς
3634 1537 3723 1590 τὸν

2131 1632 2425 1702 πέμψαντά
2457 1650 2546 1702 με.
2575 1653 2593 1685 ι
2619 1630 2744 1704 Ἆρ’
2780 1634 2879 1686 οὐκ
2922 1634 3034 1688 ἴσον
3078 1634 3284 1685 εἰπεῖν·
3310 1627 3381 1683 Ὦ
3428 1630 3541 1683 τῶν
3578 1628 3723 1700 ἐμῶν

2132 1726 2389 1793 κατήκοοι
2417 1724 2611 1793 λόγων,
2641 1725 2715 1795 μὴ
2742 1725 2914 1795 μικρὰ
2935 1725 3029 1778 καὶ
3054 1723 3405 1795 χαμαιρριφῆ
3431 1722 3502 1773 τὰ
3525 1723 3606 1784 εις
3626 1722 3722 1790 ἐμὲ

2130 1815 2377 1881 δοξάζετε
2397 1835 2408 1846 ·
2438 1816 2552 1870 ῑστι
2581 1818 2637 1871 δὲ
2681 1819 2763 1869 ὅτι
2798 1816 2900 1887 τὴν
2922 1819 3002 1880 εἰς
3023 1817 3187 1869 αὑτὸν
3209 1815 3309 1884 ἐμὲ
3328 1813 3422 1866 τὸν
3443 1812 3722 1884 ὁρώμενον

2131 1909 2189 1959 ὲν
2215 1908 2379 1979 σαρκὶ
2400 1908 2712 1979 προϊέμενοι
2738 1908 2943 1972 πίστιν,
2966 1909 3065 1961 οὐκ
3101 1909 3181 1970 εἰς
3214 1905 3505 1976 ἄνθρωπον
3537 1902 3723 1967 ἁπλῶς

2133 2000 2321 2054 ἔσεσθε
2351 2001 2797 2063 πεπιστευκότες.
2823 2000 2937 2053 ἀλλ’
2962 2000 3040 2063 εἰς
3077 1999 3239 2052 αὐτὸν
3262 1998 3357 2050 τὸν
3387 1996 3635 2066 Πατέρα.
3655 1992 3721 2048 δι’

2132 2092 2268 2162 ἐμοῦ
2292 2092 2386 2145 τοῦ
2408 2092 2548 2146 κατὰ
2570 2095 2676 2145 πᾶν
2711 2091 2892 2145 ὅτωῦν
2924 2092 3052 2155 ἴσως
3077 2108 3135 2144 τε
3160 2090 3257 2144 καὶ
3278 2087 3720 2158 ἀπαραλλάκτους

2131 2184 2346 2254 ἔχοντος
2373 2182 2503 2236 Υξοῦ
2521 2225 2534 2249 ,
2561 2181 2939 2254 σαρκωϐἐντος
2972 2182 3071 2250 μὲν
3106 2180 3172 2233 δι’
3198 2180 3346 2249 ὑμᾶς
3366 2220 3377 2233 .
3424 2178 3520 2230 καὶ
3564 2175 3716 2247 περί-

2131 2276 2316 2348 δλημα
2368 2273 2780 2346 σμικροπρεπὲς
2831 2270 3206 2342 οξκειουμένον
3235 2310 3250 2333 ,
3292 2270 3392 2339 τὴν
3431 2265 3714 2339 ἅνθρωπό-

2127 2384 2266 2438 τητα
2287 2407 2300 2431 ,
2323 2366 2384 2420 τό
2410 2384 2471 2435 γε
2493 2366 2597 2438 μὴν
2627 2365 2845 2435 ἱσοιρυές
2867 2381 2922 2417 τε
2951 2365 3043 2417 καὶ
3069 2363 3343 2433 ἰσονργὸν,
3372 2362 3473 2417 καὶ
3504 2362 3563 2413 ἐν
3590 2376 3714 2411 ταν-

2128 2458 2313 2528 τότητι
2352 2458 2509 2529 δόξης
2552 2455 2924 2527 ἀδιαλὼσητον
2972 2455 3254 2520 παντελῶς
3310 2456 3530 2526 ἔχοντος
3587 2451 3715 2525 πρὸς

2129 2566 2310 2602 αντον.

2203 2819 2262 2871 ll.
2308 2818 2544 2871 Ἔοικεν.
3598 2858 3604 2864 .

2200 2912 2267 2967 Α.
2321 2909 2646 2980 Ἀναμάθοις
2667 2910 2710 2962 δ’
2742 2910 2809 2963 ἂν
2832 2911 2926 2964 καὶ
2958 2908 3161 2979 ἑτέρως
3191 2908 3358 2962 αὑτὸν
3396 2907 3498 2979 τὴν
3537 2907 3714 2961 πίστιν

2128 3006 2189 3057 οὑ
2226 3003 2609 3073 διωθούμενον,
2646 3003 2799 3066 ἀλλὰ,
2840 3002 3015 3072 τομῆς
3042 3019 3188 3065 τινος
3222 3002 3348 3072 δίχα
3381 3003 3480 3055 καὶ
3528 3000 3712 3070 διαφο-

2134 3092 2250 3159 ρᾶς,
2284 3090 2687 3160 εἰσδεδεγμένον
2717 3090 2887 3161 αὐτὴν
2928 3090 3004 3154 ὡς
3045 3091 3104 3143 ἐν
3139 3089 3254 3161 ἰδίῳ
3290 3090 3592 3163 προσώπῳ,
3625 3088 3713 3143 καὶ

451 3200 606 3248 sona,
632 3185 843 3239 tametsi
870 3184 1045 3241 factus
1070 3186 1140 3241 sit
1163 3200 1310 3239 caro.
1342 3185 1630 3255 Postquam
1653 3189 1797 3241 enim
1821 3202 2020 3243 cereum

2130 3185 2178 3236 εἰ
2215 3184 2405 3252 γέγονε
2438 3183 2594 3251 σάρξ.
2640 3182 2859 3250 Ἐπειδὴ
2892 3182 3000 3254 γὰρ
3022 3181 3113 3235 τὸν
3140 3184 3205 3235 ἐκ
3233 3183 3508 3252 γεννητῆς
3535 3182 3713 3247 ὲξιᾶτο

453 3274 602 3330 illum
633 3291 660 3329 a
700 3278 982 3331 nativitate
1013 3278 1226 3333 sanavit
1254 3275 1325 3343 “,
1358 3286 1413 3333 et
1444 3278 1601 3333 dulce
1639 3278 2023 3348 insolitumque

454 3370 632 3423 lumen
702 3371 750 3424 ci
807 3371 1072 3435 immisit,
1129 3371 1380 3425 omnibus
1438 3373 1632 3425 merito
1677 3372 2019 3426 admirationi

452 3470 590 3515 erat.
630 3462 807 3530 Atque
851 3461 939 3517 hic
982 3462 1197 3532 quidem
1246 3462 1375 3517 vitio
1414 3462 1504 3517 illo
1545 3462 1806 3517 liberatus
1855 3479 1881 3515 a
1930 3461 2023 3515 Ju-

451 3553 581 3607 tlLBiS
612 3553 980 3623 judicabatur,
1027 3564 1083 3608 et
1119 3554 1385 3609 medicum
1428 3555 1822 3623 prolitebatur:
1865 3556 2021 3611 Chri-

451 3656 568 3699 stus
601 3659 728 3700 vero
762 3659 883 3699 eum
939 3647 1244 3700 accedens:
1287 3665 1305 3696 ι
1352 3644 1434 3700 Tu
1476 3648 1749 3713 credisne,
1822 3647 2018 3717 inquit,

453 3738 504 3787 in
539 3734 732 3788 Filium
770 3733 905 3789 Dei?
940 3754 959 3788 ι
991 3734 1091 3800 Qui
1135 3750 1257 3788 cum
1285 3734 1652 3791 exclamaret:
1688 3754 1705 3787 ι
1746 3736 1878 3804 Quis
1916 3746 2017 3797 est,

454 3827 700 3889 Domine,
732 3836 789 3879 ut
833 3826 1048 3881 credam
1101 3826 1151 3879 in
1188 3825 1407 3894 ipsum?
1430 3845 1448 3878 ι
1480 3828 1761 3895 respondit
1790 3828 2013 3883 dicens:

459 3935 477 3965 ι
514 3914 578 3968 Ει
609 3914 787 3969 vidisti
818 3914 1015 3984 ipsum,
1041 3925 1094 3969 et
1122 3916 1214 3983 qui
1249 3915 1487 3983 loquitur
1516 3904 1718 3980 tecum,
1747 3916 1835 3971 ille
1858 3928 1961 3972 est.
1994 3942 2011 3969 ι

451 4006 549 4074 Qui
575 4008 878 4076 reapondit:
904 4024 922 4057 ι
946 4005 1142 4072 Credo,
1166 4007 1409 4063 Domine.
1431 4007 1498 4062 Et
1516 4009 1761 4063 adoravit
1778 4024 1901 4065 eum
1914 4012 1979 4063 ⁸⁸.
1997 4030 2014 4062 ι

451 4099 735 4165 Quomodo
764 4098 924 4168 igitur
955 4114 1060 4153 non
1107 4100 1178 4154 sit
1204 4100 1454 4155 omnibus
1486 4100 1855 4164 manifestum,
1881 4102 2020 4157 divi-

454 4206 577 4245 nam
606 4205 669 4245 ac
690 4205 998 4260 supremam
1035 4200 1282 4245 naturam
1306 4192 1479 4247 oculis
1509 4194 1658 4247 cerni
1691 4209 1719 4247 a
1745 4209 2017 4265 quoquam

452 4300 557 4338 nou
591 4283 785 4352 posse?
821 4301 840 4335 ι
887 4284 1051 4337 Deum
1080 4284 1223 4337 enim
1254 4298 1413 4338 nemo
1453 4284 1587 4338 vidit
1612 4300 1872 4355 unquam,
1910 4306 1928 4339 ι
1961 4293 2019 4342 ut

450 4376 709 4444 scriptum
739 4386 825 4430 est
860 4373 925 4429 “.
973 4374 1028 4429 Si
1062 4390 1191 4445 ergo
1222 4374 1559 4445 di~tinguens
1584 4391 1735 4430 suam
1766 4378 2017 4431 humani-

451 4476 636 4531 tatem,
670 4476 725 4520 ul
761 4466 861 4520 hoc
898 4467 1072 4534 ipsum
1112 4481 1378 4535 apparens
1414 4481 1478 4520 ex
1531 4466 1638 4521 Deo
1674 4466 1834 4523 Patre
1885 4469 2018 4522 Ver-

2126 3274 2346 3343 τυφλὸν,
2384 3276 2476 3327 καὶ
2504 3274 2565 3326 τὸ
2593 3272 2768 3341 γλυκὺ
2800 3272 2921 3343 μὲν,
2950 3272 3115 3342 ἄηθες
3157 3273 3201 3325 δ’
3229 3272 3345 3338 οὖν,
3377 3272 3711 3342 ἐπεςύτενσε

2128 3366 2245 3436 φῶς
2275 3365 2446 3435 αὐτῷ,
2480 3364 2631 3434 παρὰ
2656 3365 2872 3418 πάντων
2907 3364 3134 3427 εἰκότως
3163 3364 3529 3435 ἐθαυμάζετο.
3574 3367 3707 3419 ‘ADJ

2124 3460 2152 3511 ὁ
2200 3459 2301 3527 μὲν
2350 3457 2444 3510 τοῦ
2487 3458 2694 3521 πάθους
2746 3457 3170 3527 ἀπηλλαγμένος
3224 3459 3378 3528 παρὰ
3416 3462 3530 3523 τοῖς
3584 3461 3707 3514 Ἰου-

2123 3548 2294 3611 δαίοις
2341 3546 2609 3620 ἐκρίνετο,
2651 3547 2746 3599 καὶ
2784 3546 3055 3617 ὡμολόγει
3098 3546 3193 3600 τὸν
3232 3548 3436 3617 ἰατρόν·
3478 3548 3707 3615 Χριστὸς

2124 3640 2180 3692 δὲ
2212 3639 2357 3708 αὐτῷ
2404 3638 2742 3708 περιτυχὼν,
2792 3657 2810 3687 t
2855 3638 2925 3691 Σὺ
2984 3637 3283 3701 πιστεύεις,
3339 3639 3599 3708 ἔφασκεν,
3633 3642 3707 3700 εἰς

2124 3738 2214 3789 τὸν
2246 3735 2373 3788 risv
2404 3735 2497 3789 τοῦ
2516 3734 2652 3789 Θεοῦ
2678 3751 2693 3799 ;
2736 3754 2752 3785 ι
2789 3734 2895 3787 Τοῦ
2917 3733 2996 3801 δὲ,
3024 3735 3107 3801 τὸ,
3131 3720 3157 3787 ι’
3178 3735 3275 3799 Τίς
3303 3737 3442 3801 ἐστι,
3465 3737 3655 3807 Κύριε,
3681 3757 3699 3788 ι

2121 3827 2566 3900 διακεκραγύτος,
2597 3846 2616 3878 t
2656 3818 2744 3880 ἶνα
2777 3826 3052 3881 πιστεύσω
3078 3829 3158 3891 εἰς
3180 3828 3383 3894 αὐτόν;
3416 3848 3433 3878 ι
3467 3828 3704 3899 ἀντεφώ-

2122 3938 2202 3973 νει
2235 3919 2430 3987 λέγων·
2474 3938 2491 3970 ι
2539 3919 2652 3972 Καὶ
2685 3917 2937 3988 ἑώρακας
2975 3918 3159 3984 αὐτὸν,
3187 3921 3281 3972 καὶ
3308 3920 3338 3971 ὁ
3370 3920 3547 3973 λαλῶν
3573 3922 3704 3991 μετᾶ

2123 4009 2239 4073 σοῦ,
2270 4008 2472 4072 ἐκεῖνος
2504 4010 2669 4061 ἐστιν.
2712 4028 2729 4059 ι
2777 4008 2836 4061 '0
2866 4008 2921 4060 δὲ
2979 4006 3106 4077 ἔφη·
3144 4026 3160 4059 ι
3212 4008 3485 4073 Πιστεύω,
3515 4009 3699 4080 Κύριε.

2122 4100 2231 4154 Καὶ
2265 4099 2667 4170 προσεκύνησεν
2712 4098 2879 4169 αὐτῷ.
2924 4117 2943 4150 ι
2987 4100 3179 4153 Καίτοι
3224 4098 3337 4164 πῶς
3392 4101 3491 4171 οὐχ
3537 4100 3700 4154 ἅπασι

2124 4192 2424 4262 συμφανὲς,
2452 4190 2528 4255 ὼς
2575 4192 2773 4253 domo;
2805 4189 3084 4255 παντελῶς
3111 4193 3144 4261 ή
3179 4190 3299 4244 Θεία
3328 4208 3389 4244 τε
3436 4192 3532 4244 καὶ
3566 4193 3700 4246 ἀνω-

2122 4284 2268 4336 τάτω
2316 4282 2515 4352 φύσις;
2566 4301 2583 4334 t
2636 4282 2768 4336 Θεὸν
2797 4282 2905 4354 γὰρ
2946 4283 3119 4346 οὐδεὶς
3152 4282 3359 4354 ἑώρακε
3400 4283 3640 4350 πώποτε,
3675 4303 3693 4334 ο

2120 4374 2261 4429 κατὰ
2288 4374 2348 4427 τὸ
2382 4374 2785 4446 γεγραμμένον.
2817 4376 2988 4446 Εἴπερ
3036 4370 3130 4428 οὖν
3175 4376 3381 4440 διιστὰς
3422 4378 3615 4430 ἑαυτοῦ
3646 4376 3701 4430 τὸ

2122 4465 2486 4539 ἀνθρώπινον.
2520 4467 2595 4530 ὡς
2634 4466 2767 4521 αὐτὸ
2812 4467 2876 4536 δὴ
2924 4465 3084 4519 τοῦτο
3117 4466 3376 4537 πεφηνὼς
3410 4469 3438 4520 ὁ
3471 4470 3536 4521 ὲκ
3571 4466 3700 4519 Θεοῦ

448 4559 597 4621 hum,
630 4558 804 4610 nudus
846 4571 912 4609 ac
955 4557 1100 4611 solus
1143 4558 1289 4612 credi
1336 4557 1524 4623 voluit,
1560 4568 1614 4611 et
1654 4574 1857 4614 caecum
1901 4559 2014 4627 jam

2130 4557 2341 4628 Πατρὸς
2366 4555 2558 4625 Λόγος,
2591 4557 2797 4628 γυμνὸς
2826 4557 2920 4612 καὶ
2950 4558 3108 4628 μόνος
3141 4558 3293 4629 ἠξίου
3329 4558 3699 4621 πιστεύεσθαι,

449 4655 693 4703 curatum
742 4647 1022 4714 hortatur,
1067 4665 1132 4701 ne
1180 4650 1356 4717 potius
1390 4664 1637 4717 quamam
1698 4650 1768 4704 sit
1825 4662 2015 4705 natura

451 4739 541 4791 llei
590 4751 772 4791 secum
816 4738 1053 4807 cogitet:
1082 4739 1174 4792 sed
1210 4741 1389 4806 potius
1433 4740 1796 4806 corporaliter
1836 4750 2019 4796 osten-

447 4830 545 4892 dit,
571 4829 642 4882 ita
663 4837 722 4883 ut
738 4828 910 4883 oculis
935 4830 1063 4898 ipsis
1086 4829 1401 4899 conspicere
1428 4831 1614 4885 liceret
1653 4831 1806 4900 (dixit
1834 4832 1976 4887 enim
2001 4851 2014 4887 :

450 4922 610 4995 ’7θᾷ
641 4922 705 4975 Ει
739 4922 887 4978 vides
920 4922 1119 4991 ipsum,
1173 4933 1227 4978 et
1265 4923 1355 4993 qui
1403 4924 1641 4993 loquitur
1677 4936 1882 4993 tecum,
1929 4928 2017 4984 ille

449 5015 551 5083 γει)
581 5033 594 5067 :
624 5030 803 5069 nonne
834 5030 1048 5071 carnem
1081 5016 1383 5072 ostendisse
1406 5018 1790 5074 censebimus?

520 5194 578 5249 Β.
605 5194 858 5249 Omnino.

519 5287 584 5338 Α.
626 5284 786 5351 Atqui
825 5286 1094 5356 qtiomodo
1129 5285 1382 5357 deinceps
1424 5287 1540 5357 ipse
1598 5291 1668 5344 sit
1713 5304 1874 5355 caro,
1916 5289 2019 5344 nisi

448 5376 778 5446 intelligatur
804 5377 1096 5431 secundum
1127 5382 1402 5444 unionem,
1435 5387 1694 5447 tanquam
1731 5381 1844 5448 ipse
1872 5381 2020 5434 exsi-

449 5480 599 5522 stens
642 5468 913 5537 proprium
950 5470 1116 5535 ipsius
1154 5486 1167 5522 :
1204 5471 1656 5539 quemadmodum
1706 5470 1818 5525 fere
1850 5472 2015 5526 etiam

450 5559 506 5615 in
551 5558 706 5615 nobis
741 5559 976 5613 accidit?
1022 5558 1206 5630 Neque
1254 5561 1397 5616 enim
1441 5563 1727 5632 quisquam
1763 5562 2018 5618 ostendat

449 5652 738 5723 Separatitn
764 5692 781 5719 ,
812 5666 985 5724 neque
1016 5653 1329 5726 imperfecte
1362 5657 1633 5713 hominem
1667 5657 1824 5714 nobis
1857 5656 2011 5711 simi-
2050 5632 2087 5663 .

518 5826 738 5886 ".‘eatt.
776 5846 827 5893 .v,
861 5830 945 5897 b7,
979 5827 1066 5885 38.
1144 5830 1360 5889 “Joau.
1399 5849 1493 5899 an,
1544 5834 1620 5888 il.

1700 5832 2024 5903 “10321.11,
2070 5834 2176 5889 l-‘l.

2123 4647 2183 4698 τὸ
2234 4648 2309 4717 μὴ
2365 4647 2564 4717 μᾶλλον
2610 4652 2709 4718 τὴν
2754 4647 2847 4701 τοῦ
2898 4646 3034 4701 Θεοῦ
3087 4647 3251 4719 φύσιν
3292 4649 3700 4718 ἀναλογίζεσθαι

2122 4736 2252 4800 δεῖν,
2301 4738 2423 4806 ἥτις
2466 4736 2595 4791 ποτέ
2634 4740 2772 4804 ἐστι,
2818 4739 2908 4792 τὸν
2954 4736 3013 4794 εὖ
3057 4740 3303 4795 παθόντα
3348 4740 3696 4805 διεκελεύετο,

2125 4828 2410 4899 παρέδειξε
2460 4829 2515 4885 δὲ
2566 4829 2927 4901 σωματικῶς,
2988 4832 3063 4895 ὡς
3111 4832 3207 4886 καὶ
3253 4832 3440 4895 αὐτοῖς
3494 4832 3698 4902 oppon

2120 4920 2490 4975 καταθεᾶσθαι
2536 4920 2709 4993 παρὸν
2752 4921 2877 4992 (ἔφη
2911 4924 3047 4995 γὰρ,
3078 4926 3162 4979 ὅτι
3189 4927 3303 4979 Καὶ
3333 4926 3582 4997 ἑώρακας
3608 4928 3700 4980 αύ-

2118 5013 2230 5079 τὸν,
2272 5012 2363 5066 καὶ
2411 5014 2439 5065 ὁ
2484 5012 2659 5067 λαλῶν
2695 5016 2830 5085 μετὰ
2867 5015 2982 5078 σοῦ,
3027 5018 3233 5081 ἐκεῖνός
3276 5014 3475 5091 ἱστιν)’
3507 5015 3544 5091 ἦ
3584 5021 3698 5092 οὐχὶ

2122 5106 2219 5178 τὴν
2256 5106 2437 5175 σάρκα
2465 5104 2788 5176 παραδεῖξαι
2816 5109 3102 5178 φήσομενς

2190 5200 2251 5251 ιι.
2295 5198 2403 5251 Καὶ
2436 5200 2596 5255 πάνυ.

2190 5294 2255 5345 Α.
2298 5286 2432 5344 Εἶτα
2476 5291 2590 5357 πῶς
2623 5293 2794 5356 αὐτὸς
2816 5294 2882 5347 ἂν
2912 5293 2999 5365 εἴη
3053 5294 3239 5350 λοιπὸν
3270 5300 3303 5369 ἡ
3346 5299 3503 5370 σὰρξ,
3538 5301 3585 5352 εξ
3625 5300 3697 5369 μὴ

2119 5385 2290 5437 νοοῖτο
2325 5381 2445 5436 καθ’
2468 5382 2659 5437 ἕνωσιν
2682 5383 2757 5453 ὡς
2793 5386 2953 5450 αὐτὸς
2977 5387 3237 5461 ὑπάρχων
3265 5392 3327 5444 τὸ
3356 5392 3491 5447 ἴδιον
3514 5393 3694 5457 αὐτοῦ,

2126 5475 2596 5546 καθάπερλάμέλει
2645 5479 2740 5534 καὶ
2782 5478 2870 5550 ἐφ’
2926 5481 3081 5551 ἡμῶν
3126 5484 3326 5551 γένοιτ’
3370 5486 3472 5552 iv;
3532 5504 3697 5541 καταο

2124 5566 2312 5635 δείξειε
2348 5565 2455 5637 γὰρ
2490 5568 2553 5621 ἄν
2589 5585 2674 5632 τις
2735 5570 2794 5622 οὐ
2855 5573 3272 5643 μεμερισμένως
3315 5576 3437 5630 οὐδὲ
3498 5576 3698 5641 ἀτελῶς

2120 5658 2213 5712 τὸν
2262 5658 2381 5711 καθ’
2418 5660 2565 5729 ἡμᾶς
2602 5660 2910 5733 ἄνθρωπον,
2969 5663 3063 5718 τὸν
3117 5667 3182 5719 ἐκ
3227 5666 3407 5740 ψυχῆς
3453 5668 3518 5742 δὴ
3562 5669 3699 5739 λέγω

2260 5835 2300 5865 ⁵⁵
2326 5835 2455 5893 ibid.
2488 5836 2673 5894 35-38.
2753 5838 2974 5896 "Joatt.
3018 5860 3055 5910 t,
3100 5844 3184 5901 IS.
