3988 6502
212 462 406 520 ηδτ

1446 463 1533 516 ηε
1573 457 2086 517 ικιλΑιιΝΑἰιοΝιι
2133 463 2510 523 emergam.
2598 442 2603 445 ’

3444 458 3447 459 ν
3490 458 3627 513 Ηῖι8

211 584 353 639 καὶ
428 586 756 660 σώματος,
812 587 902 639 καὶ
952 588 1058 640 ἀπὸ
1109 587 1276 657 μόνης
1310 586 1477 639 αὑτοῦ
1538 588 1635 657 τῆς
1699 586 1921 656 σαρκός.

2034 588 2158 653 lem,
2201 604 2266 645 ex
2308 592 2515 655 anima,
2546 591 2787 659 inquam,
2817 594 2870 643 et
2905 600 3140 654 corpore
3178 592 3543 645 constantem,
3571 591 3625 635 et

323 764 409 820 Β.
478 767 799 836 Σύμφημι·
832 766 1013 835 λέγεις
1039 769 1147 840 γὰρ
1177 767 1373 839 ὀρθῶς.

324 860 417 913 Δ.
482 860 763 929 Γέγραφε
799 861 853 913 δέ
892 879 995 914 που
1045 862 1136 914 καὶ
1188 864 1216 914 6
1265 862 1427 931 σοφὸς
1469 864 1600 932 ἡμῖν
1650 862 1923 934 Ἰωάννης.

228 949 343 1001 ὅτι
412 969 436 1001 ι
499 950 703 1003 Πολλά
754 952 853 1021 μὲν
912 949 1005 1005 οὖν
1051 954 1142 1005 καὶ
1182 952 1317 1007 ἄλλα
1352 957 1556 1024 σημεῖα
1592 956 1850 1025 ἐποίησεν
1897 958 1926 1009 6

255 1040 550 1111 Ἰησοῦς
601 1042 832 1097 ἐνώπιον
882 1044 990 1097 τῶν
1040 1043 1299 1114 μαθητῶν
1336 1046 1523 1107 αὑτοῦ.
1573 1046 1608 1100 ἃ.
1659 1048 1759 1100 οὐκ
1807 1047 1925 1100 ἔστι

241 1133 700 1203 γεγραμμένα
738 1135 795 1186 ὲν
840 1135 918 1205 τῷ
954 1134 1145 1206 βιϐλίῳ
1178 1136 1372 1207 τούτῳ.
1406 1136 1592 1190 Ταῦτα
1621 1137 1676 1191 δὲ
1717 1138 1924 1208 γέγραο

243 1236 455 1285 πται,
509 1222 610 1275 ἵνα
675 1224 964 1294 πιστεύητε
1005 1225 1087 1277 ὅτι
1140 1224 1345 1295 Ἰησοῦς
1394 1225 1541 1277 ἐστιν
1572 1228 1599 1278 6
1630 1225 1865 1297 Χριστὸς
1898 1227 1925 1278 6

248 1313 426 1377 Υἱὸς
492 1315 603 1368 τοῦ
654 1315 788 1369 Θεοῦ
830 1317 923 1369 τοῦ
976 1316 1199 1381 ζῶντος,
1248 1318 1340 1370 καὶ
1390 1318 1476 1371 ἶνα
1530 1317 1924 1382 πιστεύσαντες

250 1402 450 1474 ζωὴν
497 1403 671 1477 εχητε
707 1407 767 1458 ὲν
795 1406 871 1475 τῷ
902 1407 1127 1477 ὀνόματι
1166 1408 1356 1462 αὐτοῦ.
1405 1428 1422 1461 ι
1460 1409 1846 1480 Κατατεθήποι
1880 1410 1927 1462 6'

250 1494 340 1547 ἄν
386 1512 503 1560 τις
562 1498 620 1550 06
688 1499 840 1567 μεῖον
898 1500 992 1552 καὶ
1042 1501 1133 1553 16v
1189 1501 1477 1556 θεσπέσιον
1530 1504 1734 1573 Πέτρον
1797 1504 1926 1556 Ἰου-

255 1583 485 1648 δαίοις
531 1588 1039 1659 προσπεφωνηκότα
1074 1590 1263 1659 σαφῶς
1297 1592 1390 1645 καὶ
1407 1592 1735 1662 ἀναφανδόν·
1760 1594 1927 1664 «Ἀρ-

260 1693 515 1745 χοντες
542 1677 636 1731 τοῦ
666 1679 796 1732 λαοῦ
838 1682 933 1734 καὶ
973 1682 1360 1753 πρεσϐύτεροι,
1398 1687 1446 1736 εἰ
1479 1687 1641 1755 ἡμεῖς
1683 1686 1924 1757 σήμερον

267 1775 739 1846 ἀνακρινόμεθα
794 1779 885 1831 ἐπὶ
935 1778 1259 1849 εὐεργεσίαν
1299 1779 1590 1850 ἀνθρώπου
1637 1781 1921 1847 ἀσθενοῦς,

269 1870 345 1920 ἐν
391 1869 530 1921 τίνι
577 1862 731 1933 οὗτος
787 1872 1076 1937 σέσωσται,
1110 1873 1354 1942 γνωστὸν
1387 1874 1527 1927 ἔστω
1572 1877 1737 1928 πᾶσιν
1770 1876 1921 1945 ὑμῖν,

2031 697 2095 736 ex
2127 682 2240 736 sola
2283 682 2458 750 ipsius
2500 695 2687 736 carne.

2102 774 2160 826 Β.
2207 775 2509 830 Assenlior.
2545 774 2713 828 Recte
2746 772 2889 828 enim
2926 771 3085 825 dicis.

2100 867 2164 919 A.
2194 865 2399 922 Scribit
2431 882 2562 921 vero
2594 866 2758 921 etiam
2792 863 2921 918 alibi
2951 863 3171 929 sapiens
3207 859 3297 914 illc
3340 857 3581 913 Joannes
3608 873 3621 910 :

2034 977 2053 1010 ι
2088 958 2253 1013 Multa
2293 960 2509 1027 quidem
2558 968 2612 1013 et
2657 957 2760 1011 alia
2804 957 2958 1026 signa
3009 955 3136 1009 fecit
3174 951 3332 1008 Jcsus
3389 952 3442 1005 in
3494 964 3629 1005 con-

2030 1063 2218 1123 spectu
2250 1052 2638 1122 discipulorum
2674 1064 2927 1113 suorum,
2956 1062 3077 1118 qua:
3114 1061 3221 1100 non
3258 1054 3385 1100 sunt
3418 1043 3626 1110 scripta

2031 1145 2084 1200 in
2118 1146 2257 1200 libro
2287 1146 2409 1199 hoc.
2450 1143 2574 1197 Hzec
2607 1152 2791 1197 autem
2838 1140 3041 1209 scripta
3096 1147 3245 1199 sunt,
3278 1146 3335 1191 ut
3383 1134 3623 1189 credatis

2030 1232 2161 1301 quia
2191 1231 2349 1288 Iesus
2375 1240 2457 1286 est
2482 1230 2652 1286 Filius
2681 1231 2772 1285 Dei
2802 1230 2932 1293 vivi,
2963 1239 3017 1284 et
3047 1238 3105 1282 ιιι
3132 1227 3421 1282 credentes
3455 1224 3622 1278 vitam

2033 1324 2276 1379 habeatis
2312 1325 2363 1378 in
2399 1325 2621 1378 nomine
2654 1323 2827 1393 ipsius
2857 1323 2921 1375 ⁸⁷.
2968 1342 2984 1373 ι
3021 1319 3339 1374 Admiretur
3373 1333 3499 1371 vero
3536 1318 3632 1369 ali-

2031 1415 2151 1483 quis
2193 1430 2298 1468 non
2326 1414 2507 1469 minus
2546 1414 2790 1469 divinum
2827 1412 3070 1476 Petrum,
3103 1412 3169 1465 ad
3208 1410 3428 1465 Judaeos
3464 1424 3626 1477 aper-

2032 1518 2084 1563 te
2124 1509 2198 1562 ita
2236 1511 2583 1578 loquentem:
2618 1528 2636 1561 ι
2678 1509 2961 1577 Principes
2995 1506 3205 1577 populi,
3245 1514 3300 1559 et
3332 1504 3579 1559 scniore~
3612 1544 3626 1560 .

2030 1601 2073 1653 si
2118 1614 2214 1655 nos
2275 1600 2435 1654 hodie
2482 1600 2798 1669 iudicamur
2845 1599 2898 1652 in
2938 1596 3229 1653 benelacto
3263 1595 3504 1649 hominis
3544 1596 3631 1647 in-

2032 1693 2198 1756 lirmi,
2251 1694 2301 1745 in
2340 1707 2448 1762 quo
2486 1693 2589 1747 iste
2617 1693 2800 1747 salvus
2843 1691 3019 1745 factus
3046 1700 3149 1754 est,
3185 1698 3371 1743 notum
3407 1690 3477 1742 sit
3510 1704 3630 1741 oin-

2032 1784 2195 1839 nibus
2229 1787 2404 1849 vobis,
2449 1796 2503 1841 et
2534 1786 2680 1841 omni
2719 1784 2863 1854 plebi
2904 1784 3095 1847 Israel,
3143 1784 3270 1851 quia
3319 1782 3370 1835 in
3409 1779 3630 1834 nomine

2031 1876 2247 1931 Domini
2295 1878 2469 1932 nostri
2524 1876 2651 1932 Jesu
2705 1877 2912 1932 Christi
2976 1874 3270 1937 Nazareni,
3316 1888 3477 1943 quem
3532 1889 3630 1927 vos

275 1958 398 2013 καὶ
446 1961 620 2013 παντὶ
647 1962 728 2033 τῷ
766 1963 879 2033 λαῷ
925 1964 1162 2036 Ἰσραὴλ,
1199 1966 1279 2018 ὃτι
1328 1967 1385 2018 ὲν
1422 1965 1497 2035 τῷ
1528 1967 1754 2036 ὀνόματι
1820 1968 1921 2037 ’1η-

2032 1968 2414 2033 cruciﬁxistis,
2445 1982 2607 2036 quem
2658 1966 2802 2021 Deus
2848 1967 3140 2022 suscitavit
3187 1980 3217 2017 a
3267 1964 3520 2026 mortuis,
3571 1980 3625 2017 ιιι

277 2051 403 2104 σοῦ
480 2053 720 2124 Χριστοῦ
770 2056 865 2109 τοῦ
922 2056 1265 2127 Ναζωραίου,
1311 2058 1379 2110 ὃν
1430 2060 1587 2127 ὑμεῖς
1640 2060 1920 2129 ἐσταυρώ-

282 2159 481 2206 σατε,
514 2144 574 2196 ὃν
606 2148 634 2197 ὁ
672 2147 804 2211 Θεὸς
832 2148 1055 2219 ἤγειρεν
1088 2152 1151 2202 ἐκ
1193 2153 1423 2223 νεκρῶν,
1467 2154 1524 2204 ὲν
1557 2151 1735 2222 τούτῳ
1766 2145 1922 2216 οὗτος

283 2237 674 2307 παρέστηκεν
702 2238 932 2293 ἐνώπιον
975 2242 1128 2311 ὑμῶν
1160 2244 1339 2311 ὑγιής.
1384 2262 1398 2293 ι
1442 2245 1552 2298 Καὶ
1596 2242 1715 2313 μεθ’
1758 2242 1922 2313 ἕτερα

286 2326 489 2379 πάλιν
515 2344 527 2356 ·
567 2346 585 2378 ι
626 2330 735 2382 Καὶ
765 2332 865 2385 οὐκ
902 2330 1051 2387 ἐστιν
1086 2336 1143 2387 ὲν
1172 2335 1317 2405 ἄλλῳ
1348 2338 1524 2389 οὐδενὶ
1568 2339 1602 2408 ἡ
1653 2336 1917 2407 σωτηρία.

288 2420 465 2473 Οὐδὲ
514 2421 621 2492 γὰρ
672 2422 842 2493 ὄνομα
885 2425 1073 2497 ἕτερον
1121 2430 1267 2480 ἐστιν
1314 2429 1418 2482 ὑπὸ
1463 2430 1556 2483 τὸν
1601 2430 1833 2500 οὐρανὸν
1861 2430 1923 2483 τὸ

288 2512 607 2584 δεδομένον
654 2518 711 2569 ἐν
745 2517 1073 2589 ἀνθρώποις,
1108 2520 1166 2572 ἐν
1199 2514 1242 2587 ᾧ
1284 2521 1365 2572 δεῖ
1413 2522 1653 2592 σωθῆναι
1687 2523 1853 2593 ἡμᾶς.
1897 2540 1914 2573 ι

295 2607 417 2670 Τίς
453 2604 547 2662 οὗν
590 2609 698 2680 ἄρα
730 2610 899 2678 ἐστὶν,
931 2614 959 2665 ὀ
1002 2614 1097 2666 καὶ
1130 2612 1361 2668 θάνατον
1399 2616 1618 2680 ὑποδὺς,
1658 2617 1750 2670 καὶ
1788 2618 1921 2686 ἐγη-

297 2700 591 2771 γερμένος
629 2701 686 2753 ὲν
715 2702 863 2773 δόξῃ,
894 2705 988 2759 καὶ
1033 2706 1097 2757 ὲκ
1147 2703 1421 2776 Ναζαρὲτ,
1473 2708 1520 2759 εἰ
1568 2708 1643 2778 μὴ
1706 2706 1919 2779 Ἰησοῦς

300 2791 581 2862 Χριστὸς,
614 2794 915 2861 τουτέστιν,
967 2798 996 2849 6
1048 2797 1157 2868 πρὸ
1210 2798 1413 2861 παντὸς
1462 2798 1563 2867 μὲν
1611 2799 1809 2862 αἰῶνος
1857 2801 1922 2853 ὲκ

302 2882 541 2953 ιῐατρὺς
568 2885 894 2957 ἀπορῤήτως
931 2891 1327 2960 γεγεννημένος
1364 2930 1377 2953 ,
1424 2891 1481 2942 ἐν
1510 2890 1566 2943 δέ
1599 2908 1660 2959 γε
1702 2890 1780 2961 τῷ
1808 2892 1918 2945 λοί-

306 2971 437 3042 σθῳ
473 2974 569 3026 καὶ¹
615 2976 695 3037 είς
745 2976 916 3046 πέρας
960 2978 1148 3047 ἥκοντι
1193 2976 1285 3029 τοῦ
1338 2977 1534 3040 αἰῶνος
1593 2977 1790 3047 καιρῷ,
1826 2978 1920 3030 καὶ

308 3065 656 3135 σωματικῶς
691 3068 756 3121 ἐκ
784 3070 1066 3137 γυναικός
1108 3070 1166 3123 Ὀ
1207 3070 1391 3122 πίστιν
1430 3066 1525 3122 οὖν
1565 3071 1674 3140 ἄρα
1706 3071 1804 3141 τὴν
1839 3072 1919 3133 είς

309 3158 487 3212 αὐτὸν
518 3159 897 3231 προσιέμενος,
946 3162 1114 3232 γέρας
1162 3163 1451 3216 ἀποίσεται
1508 3164 1570 3215 τὸ
1615 3163 1917 3234 ἐξαίρετον·

309 3250 743 3321 διακεκλήσεται
788 3252 896 3324 γὰρ
938 3252 1051 3317 υἱὸς
1097 3253 1273 3307 Θεοῦ·
1327 3274 1344 3305 ι
1380 3256 1533 3307 Ὅσοι
1574 3254 1681 3326 γὰρ
1727 3253 1918 3308 ἔλαὸον

312 3342 510 3402 αὑτὸν.
548 3344 748 3397 ἔδωκεν
781 3346 962 3409 αὐτοῖς
991 3346 1263 3412 ἐξουσίαν,
1299 3348 1455 3418 φησὶ,
1480 3349 1644 3401 τέκνα
1665 3347 1803 3401 Θεοῦ
1830 3364 1921 3413 γε·

314 3436 533 3503 νέσθαι,
567 3438 747 3491 οἳοοὺκ
777 3439 835 3505 ἐξ
867 3440 1138 3509 αἱμάτων,
1181 3442 1302 3493 οὐδὲ
1342 3443 1405 3494 ὲκ
1452 3441 1756 3512 θελήματος
1791 3459 1921 3511 σαρ⁹

320 3532 442 3595 κὸς,
483 3532 604 3584 οὐδὲ
650 3534 715 3586 ὲκ
758 3532 1063 3604 θελήματος
1102 3534 1313 3604 ἀνδρὸς,
1344 3534 1457 3587 ἀλλ’
1499 3537 1561 3588 ὲκ
1592 3533 1727 3588 Θεοῦ
1771 3538 1922 3604 ἐγεν-

317 3625 591 3695 νήθησαν.
650 3646 668 3678 ι
731 3627 848 3679 Ἵνα
887 3626 994 3700 γὰρ
1040 3628 1264 3697 γένηται
1308 3628 1605 3697 πρωτεύων
1658 3630 1715 3681 ἐν
1758 3629 1921 3682 πᾶσιν

320 3717 509 3781 αὐτὸς,
545 3718 689 3771 καθά
721 3718 1055 3789 γέγραπται,
1093 3721 1419 3789 γεγέννηται
1474 3720 1572 3791 μὲν
1614 3720 1703 3773 διὰ
1731 3738 1921 3789 γυναι-

324 3808 443 3872 κός.
488 3809 705 3880 Ἐπειδὴ
737 3810 792 3863 δέ
823 3813 971 3865 ἐστιν
1022 3811 1245 3883 ἀπαρχὴ
1290 3814 1390 3879 τῆς
1424 3814 1924 3885 ἀναμορφουμένης

324 3901 561 3964 κτίσεως
590 3902 655 3955 δι’
684 3903 958 3973 ἀγιασμοῦ
990 3904 1126 3975 πρὸς
1152 3904 1308 3969 Θεὸν,
1329 3906 1424 3959 καὶ
1460 3906 1564 3977 πρό
1596 3923 1657 3975 γε
1693 3905 1801 3959 τῶν
1826 3906 1919 3961 ἄλ-

326 3994 437 4046 λων
485 3994 647 4057 αὐτὸς
683 3997 907 4065 γενητὸς
940 3997 1154 4067 ἐδείχθη
1206 3997 1548 4067 Πνεύματος,
1584 4000 1683 4069 τὴν
1729 3999 1925 4068 ἀνδρός

326 4102 387 4138 τε
419 4087 517 4139 καὶ
544 4086 802 4154 γυναικὸς
846 4087 1257 4158 ύπερθρώσκων
1291 4089 1526 4155 σύνοδον,
1562 4090 1653 4144 καὶ
1682 4091 1783 4143 οὐκ
1809 4091 1925 4145 ἀτι-

333 4180 433 4250 μίᾳ
463 4180 555 4232 καὶ
590 4182 766 4251 μιίιμῳ
812 4181 1193 4246 καταδικάζων
1222 4182 1321 4249 τὴν
1364 4184 1527 4252 φύσιν
1576 4184 1777 4252 (τίμιος
1816 4184 1925 4255 γὰρ

328 4270 359 4319 6
390 4268 585 4338 γάμος,
620 4270 714 4322 καὶ
746 4271 773 4322 6
809 4270 1021 4335 πλάσας
1054 4272 1330 4343 ἀπαρχῆς,
1366 4273 1533 4345 ἄρσεν
1560 4274 1653 4325 καὶ
1671 4274 1804 4343 θῆλυ
1831 4292 1925 4327 πε-

333 4362 561 4432 ποίηκεν
608 4363 850 4428 αὐτοὺς),
891 4364 1028 4419 ἀλλὰ
1058 4365 1134 4435 τῷ
1186 4366 1393 4435 μείζονι
1434 4367 1529 4420 καὶ
1577 4367 1927 4438 ἀσυγκρίτως

333 4454 716 4526 ῦπερκειμὲνῳ
774 4459 1097 4528 προσνέμων
1148 4459 1247 4528 ἤδη
1306 4478 1421 4523 πως
1466 4460 1534 4512 τά
1581 4459 1924 4529 ἀνθρώπινα.

332 4546 630 4619 Γεννητοῦς
685 4549 789 4619 γὰρ
837 4550 1179 4620 Πνεύματος,
1234 4554 1332 4605 οὐκ
1388 4551 1619 4623 ἀνδρῶν,
1672 4552 1819 4622 ἡμᾶς
1845 4552 1925 4605 ἔτι

2029 2059 2131 2113 hoc
2156 2059 2257 2113 iste
2283 2067 2425 2113 astat
2463 2059 2615 2113 vobis
2648 2073 2815 2113 sanus
2850 2057 2916 2111 ⁸⁸.
2957 2076 2972 2109 ι
3010 2056 3077 2112 Et
3110 2055 3271 2126 paulo
3300 2064 3421 2125 post
3454 2073 3465 2107 :
3506 2073 3524 2106 ι
3560 2054 3626 2109 Et

2029 2166 2133 2206 non
2163 2161 2250 2206 est
2279 2156 2330 2204 in
2369 2151 2477 2205 alio
2502 2151 2686 2220 aliquo
2733 2151 2904 2205 salus.
2953 2149 3141 2219 Neque
3175 2150 3320 2203 enim
3356 2160 3443 2202 est
3475 2147 3627 2202 aliud

2028 2259 2223 2299 nomen
2256 2244 2358 2299 sub
2389 2246 2531 2297 coelo
2563 2244 2750 2296 datum
2787 2241 3123 2306 hominibus,
3164 2243 3216 2295 in
3238 2257 3343 2310 quo
3373 2248 3629 2310 oporteat

2027 2351 2126 2391 nos
2169 2336 2350 2391 salvos
2399 2336 2514 2390 lieri
2563 2336 2629 2390 ⁸⁸.
2688 2354 2704 2387 ι
2744 2334 3011 2402 Quisnam
3066 2334 3232 2403 igitur
3276 2341 3380 2399 est,
3430 2332 3520 2401 qui
3573 2341 3631 2387 et

2029 2438 2258 2481 mortem
2306 2428 2442 2481 obiit
2479 2435 2533 2481 et
2569 2426 2868 2481 resurrexit
2903 2426 2958 2479 in
2992 2423 3187 2493 gloria,
3220 2431 3386 2492 atque
3420 2439 3487 2477 ex
3517 2420 3628 2476 Na—

2034 2520 2247 2585 zareth,
2276 2520 2376 2573 nisi
2411 2517 2571 2573 Jesus
2602 2518 2874 2582 Christus,
2906 2515 3008 2572 hoc
3032 2526 3134 2583 est,
3170 2519 3261 2586 qui
3292 2526 3419 2571 ante
3443 2519 3627 2571 omnia

2026 2612 2219 2666 saacula
2279 2627 2344 2666 es
2396 2611 2556 2666 Patre
2602 2608 2950 2665 inell‘abiliter
3005 2610 3225 2678 genitus
3259 2612 3378 2665 est?
3422 2610 3631 2666 Ultimo

2026 2718 2155 2759 vero
2199 2713 2253 2759 et
2307 2707 2373 2759 ad
2428 2706 2633 2760 exitum
2687 2714 2948 2774 vergente
2980 2705 3305 2759 surculorum
3360 2715 3628 2774 tempore,

2026 2797 2387 2864 corporaliter
2432 2799 2597 2852 etiam
2651 2812 2713 2853 ex
2770 2796 2992 2868 Virgine
3038 2808 3199 2851 natus
3234 2808 3340 2851 est.
3394 2797 3632 2853 Proinde

2025 2892 2115 2958 qui
2151 2890 2202 2943 in
2233 2890 2407 2960 ipsum
2439 2891 2632 2956 credit,
2661 2890 2922 2945 eximium
2947 2890 3232 2959 przentium
3267 2888 3500 2954 auferet;
3532 2905 3627 2941 vo-

2026 2980 2237 3034 cabitur
2287 2982 2433 3035 enim
2496 2981 2637 3036 ﬁlius
2681 2982 2794 3036 Dei.
2831 3001 2847 3033 ι
2884 2980 3162 3051 Quotquot
3204 2981 3352 3037 enim
3398 2997 3631 3050 acccpc-

2027 3081 2152 3127 runt
2190 3087 2338 3135 eum,
2371 3074 2522 3127 dedit
2566 3074 2648 3129 eis
2696 3082 3044 3142 potestatem,
3100 3075 3302 3144 inquit,
3354 3074 3492 3129 tilios
3532 3074 3626 3126 Ι)ιεί

2027 3164 2163 3227 tieri,
2180 3167 2271 3233 qui
2292 3181 2396 3219 non
2416 3181 2481 3220 ex
2501 3167 2883 3236 sanguinibus,
2911 3182 3088 3236 neque
3113 3181 3178 3221 ex
3207 3168 3485 3221 voluntate
3506 3181 3629 3219 car-

2029 3254 2131 3317 nis,
2163 3271 2343 3324 neque
2357 3272 2424 3311 ex
2446 3257 2721 3311 voluntate
2741 3258 2864 3323 viri,
2890 3258 2985 3312 sed
3009 3274 3075 3312 cx
3099 3260 3207 3314 Deo
3234 3260 3343 3312 nali
3368 3268 3495 3311 sunt
3517 3256 3586 3310 ”.
3605 3277 3623 3303 ι

2027 3348 2157 3403 Nam
2235 3359 2293 3403 ut
2372 3349 2467 3404 ﬁat
2544 3352 2838 3420 primatum
2920 3360 3115 3406 tenens
3206 3352 3259 3405 in
3328 3353 3627 3414 omnibus,

2025 3441 2161 3494 sicut
2194 3440 2457 3511 scriptum
2483 3442 2651 3505 est“,
2674 3450 2832 3495 natus
2858 3443 3075 3510 quidem
3107 3454 3279 3497 estex
3308 3443 3624 3497 muliere".

1952 3594 1976 3612 .
2024 3535 2159 3589 Cum
2196 3550 2324 3589 vero
2376 3535 2447 3589 sit
2505 3535 2756 3603 primitia:
2789 3536 2837 3567 "
2872 3545 3140 3590 creatura:
3192 3536 3501 3589 reformata:
3558 3537 3627 3587 ad

2026 3627 2192 3680 Deum
2228 3642 2325 3696 per
2374 3627 2894 3691 sanetiﬂcationem,
2934 3628 3052 3696 ipse
3100 3628 3266 3681 etiam
3315 3636 3444 3679 ante
3489 3626 3629 3680 alios

2028 3730 2185 3772 natus
2222 3734 2289 3772 cx
2353 3718 2560 3787 Spiritu
2610 3704 2923 3773 declaratus
2971 3730 3078 3783 est,
3130 3719 3229 3772 viri
3281 3728 3335 3772 et
3384 3716 3628 3771 mulieris

2027 3825 2378 3880 congressum
2410 3811 2729 3877 excedens;
2764 3827 2871 3864 non
2921 3811 3069 3881 quod
3104 3823 3356 3863 naturam
3391 3811 3627 3880 alicujus

2030 3902 2311 3956 dedecoris
2341 3910 2435 3956 aut
2462 3903 2596 3957 labis
2623 3912 2837 3957 notaret
2874 3919 2933 3957 ac
2967 3905 3249 3957 damnaret
3278 3903 3623 3970 (honoranda

2029 3994 2175 4048 enim
2248 4010 2334 4049 res
2374 4003 2463 4049 est
2512 3996 2847 4065 conjugium,
2895 4004 2949 4049 et
2999 3996 3092 4064 qui
3148 3996 3422 4049 hominem
3478 3997 3631 4049 initio

2028 4087 2255 4151 creavit,
2287 4084 2588 4141 masculum
2639 4097 2694 4142 et
2737 4088 2994 4142 feminam
3027 4086 3156 4143 fecit
3186 4088 3307 4141 illos
3330 4089 3422 4157 "),
3464 4088 3627 4158 705

2030 4176 2123 4231 sed
2156 4180 2301 4246 quod
2323 4177 2437 4246 jam
2474 4179 2709 4233 humana
2756 4181 3017 4247 majorem
3071 4190 3235 4251 atque
3282 4182 3629 4252 incompara-

2029 4272 2214 4328 biliter
2238 4270 2685 4327 excellentiorem
2712 4274 2760 4327 ei
2805 4274 3093 4329 tribueret.
3135 4272 3304 4329 Natos
3336 4278 3480 4329 enim
3535 4293 3632 4328 no.

2030 4380 2093 4420 ex
2130 4366 2350 4435 spiritu,
2390 4380 2497 4420 non
2525 4379 2590 4419 ex
2623 4364 2757 4421 viris
2778 4380 3096 4436 nuncupare
3124 4366 3311 4421 voluit.
3351 4385 3367 4415 ι
3398 4366 3628 4426 idcirco.

2030 4456 2271 4525 Patrem,
2312 4458 2509 4529 inquit,
2546 4457 2714 4513 nolite
2748 4472 2946 4514 vocare
2989 4458 3143 4513 vobis
3187 4473 3353 4531 super
3386 4468 3586 4514 terram
3616 4479 3627 4514 ;

2030 4565 2171 4604 unus
2212 4560 2297 4605 est
2342 4549 2486 4605 enim
2537 4550 2699 4605 Pater
2745 4561 2949 4615 vester,
3002 4551 3093 4619 qui
3136 4552 3189 4605 in
3238 4552 3396 4607 ccelis
3430 4561 3517 4605 est
3559 4552 3625 4602 ’⁸.

332 4642 692 4713 χρηματίζειν
731 4642 912 4712 ἡθελε.
962 4664 978 4693 ι
1038 4645 1147 4697 Καὶ
1181 4643 1331 4712 γοῦν,
1369 4645 1609 4715 Πατέρα,
1646 4648 1801 4715 φησὶ,
1850 4650 1923 4718 μὴ

2033 4644 2235 4698 Omnes
2266 4653 2448 4697 autem
2493 4658 2589 4697 vos
2641 4641 2842 4698 fratres
2876 4644 3010 4699 estis
3059 4642 3125 4697 ’⁸.
3167 4662 3183 4694 ι
3228 4642 3629 4712 ιιιθρι-ειιειιιιι

336 4734 601 4804 καλέσητε
634 4734 789 4803 ὑμῶν
833 4736 925 4788 ἐπὶ
950 4735 1045 4805 τῆς
1072 4735 1173 4805 γῆς
1196 4752 1208 4764 ν
1248 4731 1328 4801 εἷς
1360 4738 1469 4809 γάρ
1499 4738 1647 4789 ἐστιν
1674 4742 1702 4792 6
1737 4740 1929 4811 Πατὴρ

336 4828 465 4897 ὑμῖν
498 4830 526 4879 6
573 4827 861 4898 οὐράνιος·
901 4829 1102 4892 πάντες
1149 4829 1207 4882 δὲ
1252 4831 1409 4900 ὑμεῖς
1464 4831 1683 4900 ἀδελφοί
1717 4834 1860 4887 ἔστε.
1906 4854 1924 4887 ι

336 4917 547 4971 Οὐκοῦν
576 4919 877 4989 ἀμώμητον
912 4921 1189 4983 παντελῶς
1233 4922 1293 4974 16
1324 4922 1603 4977 πιστεύειν
1635 4926 1712 4989 είς
1742 4926 1925 4992 αὑτὸν,

339 5012 540 5081 μᾶλλον
572 5013 627 5065 δὲ
654 5014 748 5067 καὶ
780 5016 845 5085 τῇ
872 5013 981 5067 τῶν
1018 5014 1510 5086 πλημμελημάτων
1536 5020 1815 5092 ἀμνηστία
1845 5038 1930 5073 τε-

334 5105 583 5176 τίμηται.
631 5106 840 5177 Γράφει
869 5106 978 5177 γὰρ
1007 5103 1108 5161 ὦδε
1151 5106 1313 5161 πάλιν
1342 5111 1369 5163 6
1397 5110 1648 5181 ἔκκριτος
1682 5110 1891 5175 Παῦλος
1912 5129 1925 5142 ο

342 5219 361 5251 ι
407 5199 622 5263 Εἰδὸτες
666 5200 721 5253 δὲ
751 5202 832 5253 ὅτι
867 5200 926 5253 06
958 5198 1259 5254 δικαιοῦται
1314 5202 1599 5274 ἄνθρωπος
1644 5204 1703 5269 ἐξ
1752 5205 1930 5276 ξργων

338 5294 523 5365 νόμον,
547 5295 641 5347 ἐὰν
669 5296 742 5365 μὴ
771 5294 857 5347 διὰ
890 5296 1124 5359 πίστεως
1160 5296 1333 5366 Ἰησοῦ
1364 5296 1621 5367 Χριστοῦ,
1649 5300 1741 5351 καὶ
1771 5301 1931 5370 ἡμεῖς

340 5389 418 5451 εἰς
458 5388 693 5457 Χριστὸν
736 5387 941 5458 Ἰησοῦν
980 5388 1403 5458 ἐπιστεύσαμεν.
1446 5408 1462 5439 ι
1506 5391 1845 5461 Κατοκνήσω
1873 5390 1930 5443 δὲ

339 5480 614 5550 οὐδαμῶς,
642 5480 779 5549 ὅπερ
820 5481 921 5549 ἤδη
968 5481 1182 5548 φθάσας
1224 5480 1378 5551 ἔφην,
1422 5482 1809 5551 ἀνακυκλήσας
1852 5486 1929 5537 εί-

342 5571 483 5638 πεῖν,
516 5574 595 5627 ὅτι
624 5573 858 5643 Χριστὸς
902 5573 1108 5643 Ἰησοῦς
1136 5574 1195 5625 o6
1228 5575 1432 5644 γυμνὸς
1463 5576 1560 5628 καὶ
1591 5575 1712 5628 καθ’
1740 5579 1931 5630 ἑαυτὸν

340 5664 369 5721 ὁ
394 5666 459 5721 ἐκ
489 5664 625 5719 Θεοῦ
658 5668 857 5719 νοεῖται
903 5667 1093 5734 Λόγος,
1128 5665 1240 5719 ἀλλ’
1283 5669 1369 5721 ὅτε
1405 5668 1708 5737 προσέλαϐε
1737 5669 1795 5721 τὸ
1836 5672 1930 5723 ἀν-

1098 5869 1143 5899 ⁸⁸
1175 5872 1287 5921 ,λι-1.
1327 5886 1393 5925 tv,
1431 5870 1577 5921 34".

1217 5941 1347 5997 Gen.
1387 5959 1423 6006 ι,
1459 5942 1545 5992 :‘7.

424 5870 466 5898 '"
496 5868 651 5923 ιιυιιιι.
688 5885 779 5931 λιι,
804 5868 894 5928 διδ,
932 5868 1019 5921 51.

348 5955 417 6009 tv,
455 5941 489 5997 ι.
578 5939 661 5994 "l
698 5942 821 5996 Cur.
859 5956 946 6005 sv,
980 5942 1066 5994 ‘20.

1663 5870 1703 5893 “
1734 5868 1864 5920 Ibid.
1903 5868 1981 5931 ll,
2030 5871 2109 5922 l2.

1628 5941 1671 5964 “
1695 5942 1885 5995 .ilailit.
1928 5957 2077 6010 χλιιι,
2113 5946 2164 5997 'J.

2034 4736 2140 4791 bile
2176 4736 2357 4804 itaque
2389 4749 2615 4803 prorsus
2651 4746 2738 4788 est
2767 4737 2821 4787 in
2855 4737 3032 4804 ipsum
3061 4735 3313 4790 credere.
3369 4734 3483 4790 lmo
3532 4752 3625 4805 po-

2032 4829 2138 4881 tius
2171 4836 2521 4897 peccatorum
2556 4825 2837 4880 oblivione
2894 4824 3030 4881 ﬁdes
3080 4825 3133 4879 in
3188 4826 3363 4895 ipsum
3400 4826 3621 4879 decora

2033 4930 2119 4972 tur
2148 4930 2310 4988 atque
2361 4917 2701 4986 rependitur.
2732 4915 2810 4971 lta
2853 4918 3006 4973 enim
3057 4918 3217 4973 nobis
3264 4919 3501 4973 eximius
3545 4919 3634 4975 ille

2036 5011 2234 5066 Paulus
2262 5010 2492 5065 scribit:
2528 5027 2545 5059 ι
2585 5008 2833 5064 Scieutes
2862 5011 3005 5079 quod
3038 5026 3146 5065 non
3171 5009 3505 5080 jnstiﬁcatur
3539 5015 3635 5068 ho-

2038 5120 2126 5157 mo
2164 5120 2228 5157 ex
2258 5102 2518 5172 operibus
2563 5101 2721 5169 legis,
2764 5101 2869 5155 nisi
2912 5116 3009 5171 per
3046 5102 3209 5157 tidem
3244 5101 3371 5159 Jesu
3400 5105 3633 5169 Christi,

2033 5209 2087 5252 et
2131 5213 2230 5253 nos
2269 5196 2321 5249 in
2360 5196 2579 5251 Christo
2617 5193 2747 5248 Jesu
2782 5194 3115 5249 credidimus
3158 5193 3249 5249 “'.
3292 5214 3309 5246 ι
3358 5198 3631 5251 Caeterum

2038 5307 2381 5361 nequaquam
2410 5290 2676 5359 gravabor
2708 5302 2770 5342 ea
2797 5303 2919 5355 quae
2954 5286 3129 5344 fusius
3158 5305 3187 5344 a
3220 5305 3306 5344 me
3342 5290 3490 5345 dicta
3510 5303 3637 5346 sunt

2039 5385 2089 5439 in
2120 5400 2389 5439 summam
2419 5382 2674 5451 colligere
2712 5400 2724 5434 :
2762 5380 3022 5437 nimirum
3059 5385 3202 5452 quod
3246 5382 3499 5438 Christus
3531 5400 3636 5439 non

2037 5479 2108 5531 sit
2148 5478 2352 5532 nudum
2391 5492 2455 5530 ac
2483 5491 2577 5545 per
2622 5490 2681 5529 se
2708 5490 2773 5530 ex
2819 5474 2977 5530 Patre
3017 5477 3320 5545 procedens
3356 5474 3589 5531 Verbum
3622 5499 3630 5528 :

2039 5571 2135 5625 sed
2162 5569 2460 5639 assumpsit
2498 5567 2896 5621 humanitatem
2949 5575 3005 5619 et
3052 5583 3220 5621 carne
3251 5567 3498 5621 indututn
3531 5581 3635 5631 est,

2040 5674 2207 5732 atque
2234 5662 2305 5715 ita
2336 5676 2395 5715 se
2424 5660 2712 5714 habentem
2742 5666 2906 5727 atque
2950 5668 3327 5727 apparentem,
3378 5657 3640 5713 formam-

2191 5865 2413 5921 ”Joau.
2452 5881 2487 5917 ι.
2530 5862 2612 5926 l2,
2650 5860 2731 5915 l5.
2810 5859 2849 5887 "
2882 5856 3091 5910 (Ioloss.
3129 5872 3166 5921 t,
3213 5858 3293 5915 l8.

2244 5942 2287 5963 "‘
2319 5937 2448 5992 tbttl.
2478 5938 2528 5992 8.
2628 5933 2694 5964 ’τ’
2725 5930 2901 5987 Gulat.
2936 5943 2991 5996 tt,
3034 5926 3113 5982 li}.

3390 5861 3434 5887 ”
3460 5858 3639 5917 Calai.
