3988 6524
455 467 591 525 1239

1427 466 1484 524 S.
1524 466 1797 526 CYRILLI
1830 466 2295 524 ALEXANDRINI
2330 468 2647 526 ARCHIEP.

3568 477 3709 534 1210

453 599 561 656 que
616 591 854 641 nostram
902 589 1224 653 gestantem,
1284 581 1444 636 Pater
1497 583 1708 637 sanctis
1758 581 2013 652 apostolis

2124 580 2409 651 Βρὼπινον,
2453 584 2725 655 ἂνεπλάκη
2752 588 2932 655 σαρκί·
2976 586 3153 651 οῦτως
3201 586 3403 657 ιχοντα
3439 589 3713 659 101696-

455 674 723 741 ostendit,
773 673 1137 743 hujuscemodi
1180 687 1311 728 voce
1360 672 1573 728 caelitus
1601 673 1741 728 edita
1797 690 1810 726 :
1856 692 1875 727 ς
1919 670 2017 726 Hic

457 775 537 820 est
566 764 735 819 Filius
765 778 919 819 meus
954 764 1205 829 dilectus,
1236 766 1288 820 in
1320 781 1427 835 quo
1460 765 1589 820 mihi
1622 765 1754 822 bene
1781 766 2017 835 compla-

457 856 581 911 cui:
614 857 787 925 ipsum
833 856 1016 911 audite
1045 858 1114 912 ".
1152 876 1170 910 ι
1211 856 1471 928 Intelligis
1506 859 1709 929 itaque,
1749 860 2015 929 quomodo

455 962 563 1003 non
599 947 779 1003 dicat;
814 948 869 1002 In
894 950 995 1004 hoc
1022 959 1102 1003 est
1133 948 1301 1003 Filius
1331 964 1501 1015 meus,
1538 966 1603 1005 ne
1633 950 1867 1005 vicissim
1901 961 2015 1004 tan-

454 1051 615 1105 quam
649 1037 787 1092 alter
832 1037 885 1091 in
914 1039 1084 1092 altero
1108 1052 1229 1093 esse
1254 1050 1592 1102 censeretur,
1631 1040 1725 1094 sed
1764 1055 1901 1095 unus
1930 1050 2015 1094 at-

455 1144 562 1197 que
608 1128 750 1184 idem
795 1127 1090 1182 secundum
1121 1129 1379 1183 unitatem
1425 1130 1829 1184 incarnationis.
1863 1130 2015 1197 Quod

457 1234 585 1274 vero
612 1218 971 1289 periculosum
1019 1218 1443 1287 damnosumque
1482 1220 1747 1289 imprimis
1776 1221 1846 1275 sit
1891 1222 2017 1276 huic

458 1308 739 1363 sententiae
772 1307 1049 1374 reluctari,
1089 1305 1325 1364 Joannes
1360 1308 1517 1365 facile
1549 1312 1899 1380 persuaserit,
1941 1311 2014 1365 ita

454 1400 661 1462 dicens,
692 1398 835 1466 quod
867 1398 1005 1451 idem
1036 1396 1107 1451 sit
1140 1398 1515 1454 testimonium
1562 1400 1654 1453 Dei
1680 1400 1827 1469 quod
1858 1408 2017 1454 testa-

455 1502 539 1545 tus
574 1501 658 1545 est
692 1491 757 1546 de
803 1489 941 1547 Filio
984 1506 1081 1546 suo
1108 1509 1120 1544 :
1150 1510 1166 1542 ι
1201 1488 1302 1557 Qui
1359 1489 1529 1544 credit
1570 1489 1622 1544 in
1668 1489 1860 1543 Filium
1900 1490 2014 1555 Dei,

454 1589 618 1643 habet
660 1588 1023 1644 testimonium
1058 1586 1149 1642 Dei
1184 1587 1234 1640 in
1288 1600 1366 1641 se.
1414 1585 1513 1651 Qui
1546 1600 1653 1639 non
1684 1585 1853 1639 credit
1888 1584 2013 1649 Deo,

455 1680 771 1734 mendacem
803 1678 933 1732 facit
972 1693 1134 1743 eum;
1173 1676 1299 1746 quia
1340 1690 1444 1730 non
1488 1676 1659 1729 credit
1692 1676 1743 1728 in
1778 1676 2016 1729 testimo-

455 1770 601 1823 nium
623 1769 763 1838 quod
782 1768 1097 1822 testificatus
1109 1777 1191 1821 est
1210 1768 1347 1820 Deus
1363 1768 1427 1819 de
1444 1764 1579 1819 Filio
1594 1780 1709 1819 suo.
1726 1784 1743 1815 ι
1766 1764 2015 1819 Testatus

454 1870 630 1912 autem
671 1867 753 1912 est
792 1858 931 1928 quod
962 1857 1058 1912 Hic
1084 1858 1173 1926 qui
1227 1858 1277 1911 in
1311 1872 1475 1911 carne
1514 1866 1564 1911 et
1614 1859 1665 1910 in
1700 1856 1868 1910 forma
1900 1871 2013 1911 ser-

451 1951 503 2001 vi
530 1947 884 2018 conspicitur,
918 1955 1000 2001 est
1030 1946 1379 2016 singulariter
1403 1960 1466 1999 ac
1494 1945 1836 2014 peculiariter
1859 1959 2015 1999 verus

454 2053 604 2093 meus
633 2037 820 2092 Filius.
856 2036 992 2103 Quid
1020 2036 1184 2091 vere?
1214 2050 1391 2090 nonne
1428 2044 1482 2089 et
1516 2037 1743 2105 gratiam
1774 2052 1890 2105 qua:
1923 2052 2018 2105 per

452 2144 664 2183 sacrum
691 2130 1009 2199 baptismum
1058 2127 1350 2194 confertur,
1376 2137 1429 2183 et
1464 2128 1875 2182 vivilicationem
1900 2142 2018 2196 qua:

456 2224 507 2277 in
546 2221 663 2289 ipso
706 2232 809 2285 est,
849 2229 903 2287 et
952 2219 1417 2290 participationem
1455 2217 1547 2273 Dei
1581 2234 1676 2286 per
1713 2217 2019 2272 sanctifh-a-

455 2315 653 2367 tionem
692 2311 745 2365 in
783 2310 1008 2379 Spiritu,
1037 2328 1139 2391 per
1178 2308 1361 2365 Jesum
1408 2310 1679 2365 Christum
1728 2310 1864 2361 facta
1897 2323 2017 2361 esse

452 2404 729 2461 dicemus?

525 2585 586 2640 Β.
606 2583 861 2640 Omnino.
893 2580 1112 2635 Memini
1149 2580 1292 2634 enim
1317 2577 1541 2634 Joannis
1564 2577 1790 2633 dicentis
1818 2597 1829 2631 :
1866 2596 1883 2629 ι
1915 2577 2014 2644 Qui

455 2687 577 2745 post
606 2692 689 2731 me
724 2675 887 2741 venit,
924 2676 1117 2729 fortior
1162 2688 1247 2727 me
1286 2682 1406 2736 est,
1451 2673 1605 2741 cujus
1650 2685 1752 2724 non
1790 2685 1906 2724 sum
1939 2671 2018 2723 «li-

454 2785 590 2837 gnus
625 2768 992 2823 calceamenta
1038 2776 1254 2835 portare
1296 2784 1308 2818 :
1356 2763 1470 2831 ipse
1514 2776 1607 2815 vos
1639 2760 1931 2830 baptizabit
1963 2762 2015 2813 lu

455 2859 654 2927 Spiritu
689 2868 879 2914 sancto
908 2865 961 2914 et
997 2856 1119 2926 igne
1150 2854 1215 2907 θ’.
1255 2872 1273 2905 ›

527 3043 591 3096 Δ.
626 3037 1063 3094 llumanitatisne
1103 3036 1266 3107 igitur
1305 3045 1503 3091 nostrae
1557 3048 1692 3101 opus
1729 3046 1850 3085 esse
1891 3045 2019 3085 cen-

456 3134 741 3197 sebimus,
804 3130 858 3185 in
938 3130 1144 3200 Spiritu
1203 3139 1393 3182 sancto
1460 3136 1511 3181 et
1566 3126 1685 3193 igne
1745 3123 2018 3190 baptizare

452 3238 605 3294 posse
620 3221 643 3274 ?

527 3316 586 3369 Β.
615 3314 731 3380 Quo
756 3322 911 3382 pacto
943 3312 992 3365 id
1024 3309 1141 3365 lieri
1165 3308 1365 3377 possit?

524 3408 685 3479 706
704 3409 765 3461 Α.
785 3408 944 3476 Atqui
979 3406 1151 3459 virum
1175 3401 1394 3470 jamjam
1424 3412 1705 3454 venturum
1735 3410 1894 3468 atque
1923 3416 2017 3469 ap-

454 3501 748 3571 pariturum
804 3498 1009 3563 dicens,
1044 3498 1215 3564 ipsum
1268 3496 1321 3547 in
1357 3494 1476 3563 igne
1511 3500 1565 3545 et
1601 3490 1802 3558 Spiritu
1834 3502 2019 3544 sancto

453 3593 730 3663 baptizare
761 3589 1203 3653 afﬁrmat,neque
1243 3586 1474 3642 alienum
1523 3584 1809 3655 haptizatis
1846 3582 2019 3651 Spiri-

454 3698 567 3742 tum
600 3684 891 3739 immittere
915 3679 1093 3737 servili
1116 3693 1178 3733 ac
1198 3676 1589 3735 ministratorio
1624 3674 1804 3737 modo,
1844 3674 1937 3727 sed
1965 3680 2020 3727 ut

456 3777 623 3830 Deum
677 3770 970 3827 secundum
1030 3779 1275 3823 naturam
1322 3782 1442 3823 cum
1484 3780 1691 3820 summa
1731 3772 2013 3833 potestate,

456 3863 717 3934 Spiritum
744 3876 811 3915 ex
838 3874 897 3915 se
925 3859 1133 3927 sibique
1170 3858 1446 3929 proprium
1489 3856 1694 3925 largiri.
1722 3869 1820 3925 per
1855 3869 2015 3924 quem

453 3953 614 4007 etiam
658 3950 871 4005 divinus
908 3947 1195 4003 character
1242 3948 1396 4002 nobis
1441 3946 1782 4014 insigniatur.
1820 3945 2014 4002 Refor-

455 4056 662 4096 mamur
704 4039 847 4095 enim
899 4038 964 4092 ad
1012 4038 1301 4109 imaginem
1347 4037 1579 4092 divinam
1630 4036 1683 4091 in
1741 4036 2015 4091 Christum

452 4131 660 4193 Jesum,
700 4143 809 4181 non
857 4127 1189 4196 corporalem
1244 4126 1682 4181 reformationem
1727 4128 2019 4183 subeuntes

456 4223 601 4290 (nam
658 4219 710 4274 id
766 4219 1114 4273 vehementer
1157 4217 1445 4273 absurdum
1489 4217 1633 4272 dictu
1673 4217 1877 4287 fuerit),
1925 4218 2017 4274 sed

455 4328 550 4381 per
578 4310 1049 4382 participationem
1082 4309 1256 4366 sancti
1282 4308 1517 4380 Spiritus
1565 4309 1736 4378 ipsum
1771 4311 1821 4364 in
1866 4311 2020 4366 nobis

454 4406 584 4474 ipsis
635 4405 898 4461 habentes
936 4418 950 4456 :
1004 4406 1139 4460 adeo
1184 4411 1245 4457 ut
1271 4402 1516 4458 laetantes
1543 4401 1672 4455 illud
1714 4402 2020 4458 exclamare

454 4496 722 4566 possimus
772 4514 786 4550 :
838 4515 855 4547 ι
912 4495 1216 4551 Exsultahit
1266 4494 1445 4550 anima
1492 4511 1608 4549 mea
1663 4494 1714 4547 in
1768 4494 2015 4563 Domino,

453 4592 579 4660 quia
618 4590 791 4644 induit
832 4602 918 4643 me
967 4586 1306 4642 vestimentis
1351 4588 1560 4652 salutis,
1609 4597 1664 4643 et
1704 4588 2017 4642 indumento
2049 4580 2093 4635 ἰ)

447 4680 669 4750 justitize
696 4677 1053 4734 circumdedit
1081 4690 1167 4731 me
1194 4676 1231 4730 ¹.
1270 4695 1288 4729 ι
1314 4675 1587 4744 Quotquot
1616 4679 1758 4734 enim
1786 4678 1839 4733 in
1863 4677 2016 4733 Chri-

454 4782 593 4828 stum
624 4770 877 4840 haptizati
906 4768 1061 4836 estis,
1092 4767 1366 4823 Christum
1396 4768 1645 4824 induistis
1675 4770 1715 4823 ’.

524 4864 583 4919 Β.
611 4866 665 4920 In
703 4864 972 4919 hominem
1000 4879 1129 4935 ergo
1174 4861 1431 4935 baptizati
1458 4876 1675 4926 sumus,
1718 4864 1877 4935 idque
1928 4878 2017 4919 ve-

453 4974 567 5014 rum
604 4971 723 5013 esse
754 4954 1035 5012 dicemus?

519 5049 584 5105 A.
620 5048 764 5101 Bona
820 5048 1022 5113 verba,
1088 5047 1277 5103 amice.
1330 5045 1467 5118 Quid
1512 5046 1670 5117 agis?
1729 5046 2017 5103 Transfers

453 5140 595 5194 enim
626 5148 864 5194 nostram
906 5153 1054 5207 spem
1085 5139 1137 5192 in
1183 5148 1402 5194 terram.
1445 5136 1712 5208 Baptizati
1753 5138 2017 5209 siquidem

453 5244 657 5295 sumus,
692 5245 797 5284 non
830 5230 881 5284 in
919 5229 1190 5284 hominem
1240 5228 1576 5299 simpliciter,
1619 5231 1713 5284 sed
1751 5230 1803 5284 in
1852 5230 2016 5285 Deum

458 5324 829 5380 iucarnatum.
888 5331 944 5374 et
990 5323 1350 5374 remittentem
1405 5335 1617 5389 poenam
1675 5332 2017 5390 veteremque

454 5408 667 5477 culpam
696 5408 760 5462 iis
790 5410 878 5478 qui
923 5410 973 5463 in
1004 5408 1177 5478 ipsum
1211 5409 1573 5464 crediderunt.
1611 5409 1766 5466 Unde
1797 5421 1848 5463 et
1883 5412 2017 5465 divi-

457 5514 555 5553 nus
581 5497 671 5553 ille
700 5496 892 5559 Petrus
918 5497 1133 5552 Judreos
1160 5498 1439 5569 alloquens
1467 5499 1604 5553 dixit
1629 5513 1643 5554 :
1684 5518 1702 5550 r
1741 5499 2016 5554 Paeniten-

457 5589 588 5645 tiam
633 5589 795 5661 agite,
837 5598 893 5644 et
927 5588 1231 5671 baptiaetur
1262 5590 1633 5660 unusquisque
1669 5598 1907 5645 vestrum
1962 5593 2012 5645 in

460 5682 672 5737 nomine
712 5680 835 5738 Jesu
882 5681 1081 5739 Christi
1140 5685 1192 5739 in
1246 5684 1615 5740 remissionem
1673 5696 2012 5753 peccatorum

2118 689 2297 741 μενον,
2328 674 2419 728 καὶ
2456 676 2513 727 tv
2547 674 2675 729 εἴδει
2722 674 2800 746 τῷ
2842 676 2964 729 καθ’
2990 678 3138 747 ἡμᾶς
3169 681 3549 749 τυγχάνοντα,
3583 682 3708 741 τοὶς

2115 764 2292 831 ἁγίοις
2315 765 2633 829 ἀποστόλοις
2655 765 2969 837 παρέδειξεν
2989 769 3018 820 6
3042 758 3258 839 Πατὴρ,
3287 771 3479 839 φωνῆς
3499 770 3717 824 ἄνωθεν

2115 854 2554 927 ικπεποιημένης
2600 857 2812 910 τοιᾶσδε
2834 872 2848 887 ⁸
2887 876 2905 909 ι
2946 852 3111 920 Οὗτός
3140 858 3295 913 ἐστιν
3322 861 3353 911 6
3388 858 3519 921 Υιός
3548 877 3646 929 μου
3674 860 3703 909 ἐ

2114 946 2415 1017 ἀγαπητὸς,
2447 947 2505 1000 tv
2533 940 2578 1015 ᾧ
2624 948 2920 1019 ηὐδόκησα,
2961 948 3123 1002 αὑτοῦ
3168 950 3424 1004 ἀκούετε.
3482 970 3502 1003 ι
3537 952 3707 1014 Σύνες

2115 1035 2207 1091 οὖν
2261 1039 2408 1100 ὅπως
2436 1039 2536 1092 οὐκ
2583 1040 2641 1091 tv
2669 1040 2863 1109 τούτῳ,
2895 1041 3077 1111 φησιν,
3126 1041 3278 1095 ἐστὶν
3309 1042 3342 1093 6
3397 1042 3526 1104 Υἱός
3571 1060 3706 1109 μου,

2118 1127 2203 1181 τνα
2234 1128 2308 1198 μὴ
2343 1129 2617 1200 ἀναμὲρος
2662 1128 2737 1191 ὡς
2762 1129 2948 1199 ἕτερος
2974 1131 3033 1182 tv
3062 1130 3234 1201 ἑτέρῳ
3264 1132 3450 1202 τυχὸν,
3482 1132 3596 1190 ἀλλ’
3617 1127 3708 1195 εἷς

2116 1219 2300 1289 νοῆται
2340 1220 2433 1272 καὶ
2462 1222 2489 1271 6
2529 1220 2686 1283 αὐτὸς
2728 1220 2850 1274 καθ’
2879 1221 3071 1273 ἕνωσιν
3104 1224 3478 1291 οἰκονομικήν.
3515 1224 3705 1292 Πλημι

2120 1311 2276 1382 μελὲς
2301 1312 2356 1365 δὲ
2394 1313 2557 1365 ὅτιτὸ
2586 1314 2899 1366 ἀντιτείνειν
2929 1316 3066 1379 ἐστὶ,
3094 1313 3186 1367 καὶ
3214 1314 3326 1366 τῶν
3348 1315 3431 1367 ὅτι
3464 1315 3711 1384 μάλιστα

2117 1402 2583 1474 σφαλερωτάτων,
2638 1403 2920 1457 ἀναπείσει
2968 1404 3195 1474 γράφων
3264 1404 3527 1472 Ἰωάννης
3579 1403 3706 1464 ὠει,

2116 1492 2196 1545 ὅτι
2230 1493 2365 1562 αῦτη
2402 1493 2610 1563 ὲστὶνή
2654 1493 2921 1565 μαρτυρία
2954 1494 3046 1549 τοῦ
3094 1492 3247 1555 Θεοῦ,
3289 1495 3375 1546 ὅτι
3422 1491 3720 1563 μεμαρτιὲ⁶

2121 1600 2249 1653 ρηκε
2280 1582 2408 1654 περὶ
2440 1583 2531 1637 τοῦ
2554 1584 2683 1637 Υίοῦ
2706 1584 2891 1639 αὐτοῦ*
2917 1604 2935 1637 ι
2960 1586 3017 1638 'U
3038 1584 3306 1638 πιστεύων
3336 1588 3419 1645 εἰς
3452 1585 3549 1638 τὸν
3573 1583 3710 1637 Υἱὺν

2115 1673 2207 1727 τοῦ
2252 1672 2407 1737 Θεοῦ,
2444 1674 2557 1744 ἔχει
2596 1674 2693 1746 τὴν
2745 1676 3051 1747 μαρτυρίαν
3089 1675 3181 1728 τοῦ
3212 1674 3346 1728 Θεοῦ
3396 1677 3456 1727 tv
3496 1675 3701 1745 ἑαυτῷ.

2129 1763 2185 1816 '0
2230 1762 2303 1833 μὴ
2358 1762 2627 1817 πιστεύων
2664 1763 2743 1833 τῷ
2776 1763 2912 1834 Θεῷ,
2963 1762 3200 1833 ψεύστην
3245 1764 3556 1833 πεποίηκεν
3601 1764 3705 1816 αὑ-

2116 1853 2225 1917 τὸν,
2265 1854 2345 1907 ὅτι
2389 1855 2486 1907 οὐκ
2523 1854 2842 1907 ἐπίστευσεν
2873 1856 2952 1917 είς
2993 1853 3092 1925 τὴν
3128 1853 3456 1924 μαρτυρίαν,
3506 1856 3573 1925 ἦν
3611 1870 3703 1924 μευ

2123 1946 2470 2017 μαρτύρηκεν
2506 1946 2535 1997 6
2567 1945 2697 2008 Θεὸς
2726 1948 2853 2017 περὶ
2882 1944 2976 1999 τοῦ
3007 1945 3134 1999 Υίοῦ
3165 1944 3347 1999 αὐτοῦ.
3396 1964 3413 1995 ι
3462 1946 3703 2015 Μεμαρο

2116 2036 2323 2105 τύρηκε
2361 2035 2437 2099 δὲ,
2476 2036 2559 2088 ὅτι
2591 2029 2778 2098 Οὗτος,
2809 2038 2838 2088 6
2868 2035 3006 2106 μετά
3051 2035 3250 2104 σαρκὸς
3280 2035 3376 2087 καὶ
3418 2036 3476 2086 tv
3505 2036 3570 2103 τῇ
3602 2033 3697 2089 τοῦ

2117 2128 2303 2181 δούλου
2335 2130 2537 2199 μορφῇ,
2569 2127 2864 2199 μοναδικῶς
2893 2144 2951 2179 τε
2984 2125 3076 2179 καὶ
3109 2125 3287 2187 ίδικῶς
3310 2126 3443 2194 ἐμὸς
3480 2124 3698 2195 ἀληθῶς

2119 2216 2265 2280 Υἱός.
2300 2217 2364 2268 Τί
2395 2218 2485 2281 δέ;
2521 2218 2639 2285 οὐχὶ
2657 2217 2749 2270 καὶ
2768 2215 2867 2287 τὴν
2886 2214 2981 2267 διὰ
3009 2212 3102 2266 τοῦ
3130 2212 3286 2280 ἁγίου
3317 2212 3695 2281 βαπτίσματος

2118 2307 2316 2361 εὐκλεᾶ
2352 2308 2531 2377 χάριν,
2565 2306 2659 2360 καὶ
2686 2305 2784 2375 τὴν
2810 2306 2867 2356 tv
2888 2302 3037 2372 αὑτῷ
3079 2303 3426 2371 ζωοποίησιν,
3470 2302 3566 2353 καὶ
3597 2303 3692 2372 τὴν

2115 2398 2253 2453 Θεοῦ
2287 2397 2499 2469 μέθεξιν
2538 2396 2604 2449 δι’
2636 2395 2910 2465 ἀγιασμοῦ
2952 2395 3008 2447 tv
3053 2391 3349 2464 Πνεύματι,
3382 2391 3471 2444 διὰ
3518 2390 3689 2463 Ἰησοῦ

2117 2489 2351 2562 Χριστοῦ
2388 2489 2701 2560 πεπρᾶχθαι
2740 2487 3018 2556 δώσομεν;

2186 2582 2247 2635 Β.
2310 2580 2677 2647 Ἀναγκαίως·
2732 2579 3082 2648 μεμνήσομαι
3133 2576 3242 2647 γὰρ
3296 2577 3547 2631 Ἰωάννου
3600 2576 3684 2629 λι-

2117 2689 2335 2741 γοντοςο
2383 2692 2400 2724 ‹
2447 2672 2506 2741 ῘΟ
2552 2671 2608 2724 δὲ
2643 2670 2815 2722 ὀπίσω
2848 2686 2951 2739 μου
3001 2668 3313 2739 ἐρχόμενος,
3348 2667 3687 2740 ἰσχυρότερός

2122 2736 2220 2832 μοι
2255 2736 2418 2822 ἑστιν,
2453 2736 2512 2814 ἐξ»
2537 2761 2637 2813 οὐκ
2666 2760 2785 2829 ειμι
2821 2736 3003 2823 ticaqu
3029 2736 3097 2813 es
3123 2736 3447 2829 ύποδήματα
3476 2736 3686 2829 sme-

2121 2871 2240 2907 σαι·
2285 2856 2488 2917 ἐκεῖνος
2521 2854 2663 2925 ὑμᾶς
2703 2852 2954 2928 βαπτίσει
3000 2854 3058 2904 ὲν
3103 2850 3381 2920 Πνεύματι
3422 2851 3562 2921 ἁγίῳ
3599 2850 3687 2903 καὶ

2120 2947 2270 3018 πυρί.
2316 2964 2334 2996 ι

2189 3039 2251 3091 Δ.
2270 3033 2393 3107 Ἀρ*
2423 3030 2536 3100 οὖν,
2555 3029 2600 3088 ὦ
2626 3036 2826 3106 ἑταῖρε,
2846 3037 2942 3103 τῆς
2972 3033 3090 3088 καθ’
3114 3034 3259 3104 ἡμᾶς
3277 3032 3687 3106 ἀνθρωπόττβος

2119 3128 2276 3197 ἔργον
2316 3122 2452 3177 εἶναι
2492 3122 2705 3193 φῶμεν,
2740 3124 2802 3175 τὸ
2836 3124 2893 3174 tv
2934 3120 3210 3192 Πνεύματι
3241 3122 3382 3193 ἁγίῳ
3412 3121 3688 3189 βαπτίζειν

2046 3247 2091 3309 c
2122 3216 2378 3271 δύνασθαι
2410 3216 2501 3269 καὶ
2548 3215 2714 3285 πυρί;

2192 3309 2250 3361 Β.
2292 3308 2402 3361 Καὶ
2434 3306 2548 3370 πῶς
2576 3304 2641 3359 ἂν
2678 3306 2763 3375 εἴη
2803 3304 2958 3358 τοῦτὸ
2991 3322 3093 3373 γες

2192 3402 2255 3453 Δ.
2298 3401 2406 3455 Καὶ
2436 3399 2540 3470 μὴν
2566 3399 2730 3469 ἄνδρα
2760 3399 2951 3465 λέγων,
2994 3397 3083 3451 τὸν
3114 3399 3237 3452 ὅσον
3292 3398 3505 3461 οὐδέπω
3561 3413 3691 3467 παρ-

2123 3491 2376 3563 εσόμενόν
2416 3491 2589 3544 τεκαὶ
2633 3489 3023 3561 ὀφθησόμενον,
3057 3490 3217 3544 αὑτὸν
3264 3490 3365 3560 ἔφη
3414 3491 3686 3560 βαπτίζειν

2122 3586 2179 3636 ὲν
2231 3584 2362 3654 πυρὶ
2415 3583 2508 3638 καὶ
2549 3582 2688 3653 ἁγίῳ
2736 3581 3033 3651 Πνεύματι,
3081 3580 3203 3636 οὔτε
3249 3582 3529 3653 ἀλλότριον
3576 3584 3686 3643 τοῖς

2119 3676 2539 3746 βαπτιζομένοις
2599 3675 2808 3727 ἐνιέντα
2863 3673 3088 3745 Πνεῦμα
3141 3674 3521 3747 δουλοπρεπῶς
3596 3672 3687 3727 καὶ

2122 3765 2488 3838 ὑπουργικῶς,
2520 3765 2631 3821 ἀλλ’
2660 3766 2734 3830 ὼς
2773 3766 2905 3819 Θεὸν
2935 3765 3073 3819 κατὰ
3107 3766 3266 3835 φύσιν
3302 3768 3419 3837 μετ’
3444 3766 3687 3834 ἔξουσίας

2121 3857 2218 3925 τῆς
2246 3857 2523 3920 ἀνωτάτω,
2556 3857 2614 3909 τὸ
2649 3856 2706 3923 ἐξ
2745 3857 2909 3911 αὑτοῦ
2941 3875 2999 3910 τε
3042 3859 3134 3912 καὶ
3164 3857 3293 3911 ίδιον
3323 3858 3509 3922 αὑτοῦ,
3537 3858 3603 3911 δι’
3629 3852 3687 3912 οὗ

2121 3950 2213 4001 καὶ
2250 3950 2277 4001 6
2311 3947 2453 4010 θεῖος
2492 3949 2622 4018 ἡμῖν
2665 3950 3050 4019 ἐνσημαίνεται
3079 3951 3384 4022 χαρακτήρ.
3430 3950 3687 4018 Ἀναμορ·

2122 4039 2369 4110 φούμεθα
2398 4037 2506 4110 γὰρ
2541 4039 2615 4103 ὠς
2658 4041 2738 4103 είς
2769 4040 2953 4093 εἰκόνα
2998 4040 3095 4113 τὴν
3134 4040 3303 4106 Θείαν,
3345 4043 3424 4105 εἰς
3460 4042 3686 4111 Χριστὸν

2134 4131 2359 4202 Ἰησοῦν,
2392 4133 2444 4185 δύ
2472 4131 2781 4200 σωματικὸν
2822 4133 3185 4203 ὑπομένοντες
3226 4133 3315 4186 τὸν
3336 4133 3686 4202 ἀναπλασμδν

2124 4223 2339 4294 (κομιδῇ
2368 4222 2477 4292 γὰρ
2500 4221 2693 4293 εὔηθες
2728 4223 2935 4278 οἴεσθαι
2971 4223 3272 4295 τουτὶ),ὁιά
3306 4224 3360 4278 δὲ
3392 4224 3487 4279 τοῦ
3524 4243 3685 4295 μετα-

2122 4313 2305 4385 λαχείν
2329 4315 2485 4382 ἁγίου
2512 4315 2846 4386 Πνεύματος,
2878 4317 3039 4373 αὐτὸν
3069 4317 3127 4371 tv
3157 4318 3367 4380 ἑαυτοῖς
3397 4316 3685 4371 πλουτοῦν-

2119 4424 2209 4471 τες
2264 4406 2531 4479 Χριστδν,
2586 4406 2661 4471 ὡς
2716 4408 2818 4479 ήδη
2878 4408 3165 4480 χαίροντας
3222 4410 3397 4462 ἐκεῖνο
3461 4412 3681 4479 φωνεῖν·

2128 4520 2146 4559 r
2203 4497 2573 4569 ’Δγαλλιάσθω
2613 4497 2818 4570 ἡψυχὴ
2862 4516 2961 4570 μου
2993 4500 3085 4552 ἐπὶ
3113 4499 3190 4570 τῷ
3234 4499 3442 4571 Κυρίῳ⁸
3480 4501 3684 4555 ἐνέδυσε

2121 4593 2232 4664 γάρ
2262 4610 2328 4663 με
2364 4592 2578 4662 ίμάτιον
2606 4594 2895 4663 σωτηρίου,
2928 4593 3023 4646 καὶ
3052 4591 3251 4664 χιτῶνα
3275 4593 3629 4664 εὐφροσύνης.
3662 4612 3679 4643 ι

2125 4684 2279 4738 Ὅσοι
2325 4681 2433 4753 γὰρ
2482 4682 2561 4743 είς
2606 4682 2839 4752 Χριστὸν
2906 4682 3289 4754 ὲῦαπτίσὸητε,
3336 4684 3570 4754 Χριστὸν
3616 4686 3687 4737 tv-

2123 4774 2407 4840 εδύσασθε,
2454 4774 2637 4843 φησίν.

2193 4868 2253 4923 Β.
2294 4863 2421 4937 Ἆρ’
2475 4861 2567 4919 οῦν
2626 4866 2704 4929 εἰς
2758 4864 3045 4935 ἄνθρωπον
3099 4864 3543 4937 βεϐαπτίσμεοα,
3598 4866 3685 4919 καὶ

2122 4958 2276 5013 τοῦτο
2306 4952 2445 5011 εἶναι
2472 4958 2715 5028 φήσομεν
2750 4956 2981 5027 ἀληθές;

2188 5050 2254 5101 Δ.
2296 5046 2566 5117 Εὐφήμει,
2602 5046 2875 5115 ἄνθρωπε.
2914 5046 2981 5099 Τί
3011 5045 3162 5118 δρᾷς,
3190 5039 3235 5100 ὢ
3277 5041 3464 5116 οὗτοςς
3512 5048 3683 5102 Καταο

2121 5136 2366 5207 κομίζεις
2408 5135 2563 5205 ἡμῶν
2614 5136 2695 5199 είς
2738 5137 2839 5206 γῆν
2884 5134 2982 5207 τὴν
3025 5134 3233 5189 ἐλπίδα.
3272 5134 3683 5205 Βεδαπτίσμεθα

2122 5226 2230 5302 γὰρ
2261 5230 2359 5283 οὐκ
2382 5229 2460 5291 είς
2488 5227 2773 5299 ἄνθρωπον
2800 5226 3007 5293 ἁπλῶς,
3031 5228 3145 5281 ἀλλ’
3168 5230 3248 5291 εἰς
3274 5227 3408 5281 Θεὸν
3434 5229 3683 5299 ὲνηνθρω-

2121 5318 2354 5389 πηκότα,
2386 5317 2479 5370 καὶ
2508 5317 2726 5371 ἀνιέντα
2754 5317 2946 5387 ποινῆς
2986 5318 3080 5371 καὶ
3121 5316 3230 5371 τῶν
3258 5317 3502 5389 ἀρχαίων
3525 5318 3681 5370 αἰτια-

2124 5411 2307 5480 μάτων
2367 5410 2493 5473 τοὺς
2532 5409 2629 5481 τὴν
2670 5411 2751 5473 είς
2794 5408 2956 5463 αὐτὸν
2998 5408 3181 5463 πίστιν
3227 5409 3678 5479 είσδεδεγμένους.

2120 5502 2229 5553 Καὶ
2272 5498 2403 5567 γοῦν
2450 5501 2477 5552 6
2517 5499 2797 5563 θεσπέσιος
2836 5500 3037 5571 Πέτρος
3079 5500 3353 5563 Ἰουδαίοις
3396 5500 3501 5570 ἔφη
3538 5514 3681 5571 προσο

2120 5596 2295 5650 λαλῶν
2315 5613 2328 5627 ο
2368 5616 2385 5647 r
2422 5597 2801 5667 Μετανοήσατε
2830 5591 2943 5659 οῦν,
2976 5596 3067 5648 καὶ
3093 5594 3445 5665 βαπτισθήτω
3465 5592 3682 5655 ἕκαστος

2121 5689 2274 5759 ὑμῶν
2316 5688 2408 5741 ἐπὶ
2452 5687 2529 5758 τῷ
2566 5688 2789 5757 ὀνόματι
2831 5686 3003 5758 Ἰησοῦ
3049 5685 3307 5757 Χριστοῦ,
3358 5686 3439 5749 εἰς
3500 5683 3683 5753 ἄφεσιν

529 5861 786 5921 "Matth.
822 5879 953 5927 xm,
996 5866 1047 5920 5.
1126 5864 1211 5919 ³⁸1
1240 5865 1391 5925 Joan.
1428 5884 1479 5931 ν,
1515 5869 1565 5933 9,
1609 5868 1691 5922 10.
1768 5869 1812 5901 "
1834 5867 2021 5925 Matth.
2058 5884 2139 5929 lll.
2177 5869 2255 5924 ll.
2339 5867 2477 5923 'lsa.
2506 5883 2616 5934 ut,
2658 5866 2741 5922 to.
2819 5864 3035 5922 'Galat.
3074 5881 3152 5933 nt,
3178 5866 3265 5920 27.
