3988 6510
476 444 612 509 Ιῖιὸ

1492 443 1548 497 S.
1591 440 1861 498 CYRILLI
1900 440 2363 497 ALEXANDRINI
2403 442 2721 499 ARCIIIL'P.

3594 445 3709 500 ιειι

473 564 620 620 dedit
676 560 823 617 vobis
869 559 1079 631 Moyses
1128 570 1323 627 panem
1361 572 1426 613 ex
1456 558 1596 613 caelo
1645 573 1853 613 verum.
1904 557 2036 612 Nam

2146 576 2163 607 ι
2214 558 2403 629 Ἀμὴν,
2436 558 2582 629 ἀμὴν
2614 558 2756 627 λέγω
2794 559 2945 627 ὑμῖν,
2993 556 3053 610 ού
3086 557 3292 627 Μωσῆς
3320 555 3557 609 δέδωκεν
3598 558 3707 625 ύμῖν

472 658 627 728 panis
661 658 748 710 Dei
792 656 991 724 estqui
1028 654 1091 709 de
1127 653 1266 709 caelo
1299 652 1597 716 descendit,
1633 662 1687 707 et
1740 655 1830 708 dat
1876 654 2040 708 vitam

473 750 673 804 mundo
704 748 743 800 '.
784 766 801 799 ι
846 747 909 800 Et
938 746 1094 814 paulo
1147 753 1265 814 post
1295 755 1504 799 tantum
1534 760 1637 799 non
1669 745 1859 814 digito,
1896 746 2039 815 quod

475 843 646 905 aiunt,
702 846 1137 893 commonstrans
1162 837 1395 903 seipsum
1448 837 1786 891 incarnatum
1814 856 1826 890 :
1858 856 1875 888 ι
1909 836 2039 904 Ego,

476 930 670 999 inquit,
699 944 815 983 sum
845 929 998 996 panis
1025 928 1195 991 vivus,
1222 927 1311 996 qui
1362 926 1429 981 de
1484 927 1620 981 calo
1654 927 1926 980 descendi.
1980 924 2039 979 Si

472 1023 593 1089 quis
622 1022 1029 1075 manducaverit
1058 1035 1121 1075 ex
1157 1020 1257 1073 hoc
1293 1033 1450 1088 pane,
1488 1020 1627 1072 vivet
1660 1019 1711 1072 in
1742 1026 2035 1072 aeternum:

470 1124 520 1167 et
558 1114 709 1181 panis
751 1128 908 1182 quem
935 1126 1034 1179 ego
1074 1111 1232 1174 dabo,
1262 1125 1390 1165 caro
1427 1124 1544 1163 mea
1584 1118 1665 1163 est
1712 1124 1808 1179 pro
1855 1109 2040 1163 mundi

471 1204 576 1256 vita
604 1206 646 1258 ’.
694 1202 791 1269 Qui
835 1200 1317 1256 manducatmeam
1349 1213 1590 1264 carnem,
1626 1209 1678 1253 et
1705 1199 1837 1253 bibit
1862 1214 2038 1255 meum

470 1296 805 1364 sanguinem,
847 1294 896 1346 in
943 1306 1029 1346 me
1062 1302 1266 1356 manet,
1326 1302 1381 1347 et
1414 1308 1512 1361 ego
1549 1294 1600 1346 in
1627 1291 1734 1346 illo.
1793 1291 1859 1345 Et
1901 1292 2040 1346 sicut

470 1385 614 1439 misit
645 1399 728 1437 me
767 1384 952 1439 vivens
970 1381 1152 1449 Pater,
1182 1392 1351 1452 etego
1376 1382 1499 1436 vivo
1545 1390 1761 1452 propter
1800 1380 2035 1436 Patrem.

470 1476 537 1531 Et
564 1478 651 1545 qui
687 1476 982 1530 manducat
1027 1490 1133 1539 me,
1182 1483 1237 1530 et
1283 1475 1397 1544 ipse
1440 1475 1582 1529 vivet
1628 1483 1848 1543 propter
1878 1472 2041 1543 708

472 1582 556 1621 me
586 1568 646 1621 ".
690 1585 707 1618 ι
767 1565 929 1634 Atqui
962 1564 1233 1635 quomodo
1286 1580 1392 1620 non
1456 1580 1582 1619 vere
1630 1566 1844 1619 dicatur
1895 1562 2037 1633 quod

469 1671 576 1712 non
625 1654 961 1719 descenderit
1008 1670 1038 1709 e
1086 1656 1224 1710 caelo
1288 1670 1435 1719 caro,
1486 1654 1580 1709 sed
1622 1655 1763 1722 quod
1798 1661 1915 1709 erat
1970 1668 2035 1708 ex

470 1747 708 1816 Virgine,
744 1748 885 1801 sicut
910 1745 1167 1813 scriptum
1192 1753 1275 1800 est
1307 1745 1346 1777 “
1380 1747 1402 1798 ἲ
1459 1745 1610 1812 Quod
1636 1759 1760 1799 vero
1790 1761 1893 1799 non
1928 1744 2038 1799 sint

466 1847 747 1907 separatae,
813 1838 903 1892 sed
954 1838 1003 1891 in
1071 1852 1235 1892 unum
1267 1848 1479 1904 coeant,
1534 1847 1587 1891 et
1639 1838 2036 1906 quodammodo

2142 650 2234 702 τὸν
2260 651 2421 721 ἀρτον
2450 654 2513 704 ὲκ
2540 650 2633 703 τοῦ
2669 648 2900 721 οὐρανοῦ
2942 648 3034 701 τὸν
3060 647 3336 719 ἀληθινόν.
3388 647 3449 699 '0
3489 646 3594 716 γάρ
3626 648 3706 716 ἄρα

2142 759 2232 807 τος
2262 742 2355 796 τοῦ
2398 744 2531 796 Θεοῦ
2564 746 2708 795 ἐστιν
2760 744 2787 794 6
2839 739 3184 794 καταὸαίνων
3216 741 3278 791 ὲκ
3328 739 3423 791 τοῦ
3473 739 3707 810 ούρανοῦ,

2144 836 2240 888 καὶ
2278 834 2423 903 ζωὴν
2454 835 2633 897 διδοὺς
2660 832 2739 903 τῷ
2770 833 2980 901 κόσμῳ.
3034 849 3053 882 ι
3091 831 3199 884 Καὶ
3229 830 3365 901 πρός
3402 845 3465 895 γε
3492 826 3710 879 connisi.

2143 924 2324 990 πάλιν,
2372 926 2652 994 μονονουχὶ
2698 925 2790 978 καὶ
2826 922 3075 991 δακτύλῳ
3121 922 3485 982 καταδεικνϋς
3536 917 3710 970 ἑαυτὸν

2143 1017 2487 1087 ἑνσώματον,
2525 1034 2542 1067 t
2595 1016 2737 1085 Ἐγώ
2784 1016 2918 1086 ειμι,
2968 1014 3154 1084 φησὶν,
3203 1014 3231 1064 6
3264 1014 3431 1081 ἀρτος
3468 1012 3498 1063 6
3544 1010 3712 1074 ζῶν,ὸ

2143 1107 2208 1160 ἐκ
2238 1107 2331 1159 τοῦ
2357 1105 2583 1175 ούρανοῦ
2628 1106 2893 1169 καταδάς.
2941 1105 3066 1158 Ἐάν
3094 1121 3175 1166 τις
3205 1102 3356 1173 φάγῃ
3387 1103 3453 1153 ἐκ
3495 1099 3590 1152 τοῦ
3629 1099 3713 1167 ἀρ·

2141 1218 2234 1253 του
2264 1199 2472 1263 τούτου,
2507 1201 2730 1270 ζήσεται
2774 1199 2853 1261 είς
2891 1198 2982 1250 τὸν
3015 1196 3217 1249 αἰῶνα·
3254 1193 3348 1247 καὶ
3395 1195 3425 1245 6
3454 1194 3619 1262 ἄρτος
3645 1191 3713 1253 δὶ,

2142 1290 2200 1342 ὃν
2224 1288 2333 1355 ἐγὼ
2356 1289 2529 1353 δώσω,
2566 1290 2597 1358 ἡ
2629 1288 2765 1359 σάρξ
2798 1287 2899 1355 μού
2933 1289 3081 1341 ἐστιν
3108 1286 3245 1356 ὑπὲρ
3272 1286 3370 1355 τῆς
3393 1281 3490 1335 τοῦ
3520 1282 3715 1349 κόσμου

2090 1374 2093 1375 ν
2143 1381 2319 1451 ζωῆς’
2359 1383 2387 1433 6
2413 1379 2641 1452 τρώγων
2682 1397 2785 1450 μου
2814 1378 2913 1450 τὴν
2951 1378 3151 1449 σάρκα,
3182 1376 3273 1429 καὶ
3318 1375 3489 1427 πίνων
3533 1389 3635 1442 μου
3664 1370 3717 1421 τὺ

2141 1466 2297 1541 αἷμα,
2344 1472 2400 1523 ὲν
2450 1470 2576 1540 ἐμοὶ
2624 1470 2799 1540 μένει.
2851 1467 3005 1535 κάγὼ
3049 1468 3105 1519 ὲν
3155 1465 3322 1535 αύτῷ.
3379 1464 3487 1516 Καὶ
3539 1460 3715 1523 καθὼς

2140 1558 2423 1614 ἀπέστειλέ
2459 1576 2526 1629 με
2570 1561 2598 1612 6
2627 1558 2737 1622 ζῶν
2785 1559 2991 1629 Πατὴρ.
3026 1555 3180 1624 κάγὼ
3224 1553 3300 1619 ζῶ
3341 1553 3429 1606 διὰ
3479 1553 3573 1606 τὸν
3617 1551 3719 1603 [le-

2139 1653 2301 1724 τέρα·
2353 1649 2751 1721 καὶὸτρώγων
2776 1667 2865 1721 με,
2920 1650 3168 1711 κάκεῖνος
3214 1647 3370 1717 ζήσει
3418 1645 3487 1697 δι’
3525 1644 3647 1714 ἐμέ.
3700 1661 3716 1694 ο

2138 1746 2332 1799 Καίτοι
2359 1745 2473 1809 πῶς
2499 1745 2599 1798 οὐκ
2629 1744 2862 1815 ἀτρεκὲς
2887 1745 3083 1805 είπεῖν,
3114 1741 3189 1803 ὼς
3227 1740 3288 1792 οὐ
3319 1737 3723 1807 καταπεφοίτη-

2138 1856 2231 1891 κεν
2259 1836 2318 1902 ἐξ
2351 1836 2595 1907 οὐρανῶν
2633 1838 2679 1906 ήη
2701 1834 2857 1907 σὰρξ.
2889 1834 3005 1889 ἀλλ’
3042 1830 3110 1905 ἦν
3141 1836 3203 1887 ἑκ
3231 1830 3537 1902 Παρθένου,
3588 1830 3723 1882 κατὰ

467 1931 609 1983 inter
659 1943 717 1983 se
765 1927 1219 1983 commisveantur
1277 1940 1596 1983 naturarum
1652 1930 2034 1998 proprietates,

2146 1930 2235 1991 τὰς
2268 1928 2522 1997 Γραφάς;
2566 1929 2719 1981 Ἐστι
2749 1928 2806 1979 δὲ
2836 1928 2918 1979 ὅτι
2965 1926 3025 1979 οὐ
3072 1925 3277 1987 διιστὰς
3316 1926 3347 1976 6
3377 1922 3575 1989 Λόγος,

464 2034 497 2073 c
528 2017 939 2087 quamplurimis
976 2017 1111 2071 locis
1158 2024 1389 2073 constat.
1435 2018 1725 2073 Nicodemo
1756 2020 1897 2072 enim
1933 2033 2038 2072 non

467 2108 787 2175 intelligenti
842 2109 1179 2178 mysterium,
1233 2110 1325 2164 sed
1375 2110 1625 2177 imperite
1670 2109 2037 2163 reclamanti:

469 2217 490 2252 ι
529 2200 805 2267 Quomodo
845 2208 1071 2268 possunt
1101 2199 1218 2254 fieri
1265 2202 1377 2253 haec
1404 2199 1427 2251 ?
1458 2198 1513 2252 Si
1552 2208 1786 2263 terrena,
1844 2200 2037 2267 inquit,

464 2289 575 2345 disi
608 2290 779 2355 vobis,
817 2298 872 2345 et
910 2305 1013 2343 non
1064 2290 1287 2344 creditis
1322 2306 1335 2342 :
1372 2306 1478 2359 quo
1525 2300 1682 2358 pacto
1741 2291 1785 2342 si
1846 2289 2038 2343 dixero

463 2381 618 2436 vobis
678 2380 938 2445 caelestia,
984 2379 1284 2435 credetis?
1342 2379 1407 2433 Et
1464 2395 1622 2434 nemo
1676 2380 1919 2434 ascendit
1981 2382 2033 2433 in

462 2474 681 2538 caelum,
732 2473 835 2527 nisi
866 2473 956 2541 qui
998 2487 1029 2527 e
1068 2470 1203 2527 coelo
1244 2470 1526 2526 descendit
1568 2470 1736 2524 Filius
1771 2472 1863 2525 Dei
1903 2472 1968 2526 ".
2012 2490 2029 2523 ι

460 2562 660 2619 Iudaeis
697 2578 822 2619 vero
866 2578 1016 2634 neque
1062 2573 1219 2633 atque
1268 2562 1355 2617 ille
1404 2563 1686 2630 imperitis.
1754 2562 2037 2633 ipsumque

465 2654 813 2711 irridentibus
866 2672 879 2709 :
922 2656 965 2709 si
1027 2655 1307 2709 viviticans
1378 2663 1540 2727 atque
1594 2667 1659 2706 ex
1718 2653 1855 2708 cmlo
1905 2669 2033 2723 pro-

463 2747 637 2817 prium
665 2761 879 2816 corpus,
906 2765 923 2798 ε
956 2745 1064 2800 Hoc
1094 2759 1190 2801 vos
1205 2744 1556 2807 scandalizat,
1587 2745 1781 2813 inquit,
1837 2745 1880 2799 si
1905 2760 2034 2815 ergo

464 2836 707 2892 videritis
761 2836 952 2891 Filium
1027 2836 1260 2892 hominis
1334 2836 1714 2891 ascendentem
1772 2837 1861 2890 ubi
1918 2846 2037 2891 erat

464 2927 610 2995 prius
643 2928 736 2981 "?
803 2946 821 2979 ι
884 2927 1077 2991 Annon
1152 2937 1337 2981 natum
1393 2940 1457 2980 ex
1519 2925 1742 2982 muliere
1794 2928 2038 2982 dicemus

464 3019 860 3076 Emmanuelem
888 3020 911 3072 ?

2142 2022 2219 2083 είς
2250 2020 2307 2074 ἒν
2337 2019 2503 2090 ἄμφω
2538 2019 2835 2087 συλλέγων,
2872 2020 2965 2071 καὶ
3000 2016 3189 2088 ὥσπερ
3219 2014 3473 2085 ἀλλήλοις
3509 2014 3723 2081 ἀνακιρ·

2142 2109 2236 2174 νάς
2275 2110 2343 2163 τὰ
2374 2110 2482 2162 τῶν
2516 2110 2729 2178 φύσεων
2766 2108 3051 2179 ἰδιώματα,
3078 2108 3163 2161 διὰ
3190 2107 3401 2178 μυρίων
3431 2106 3575 2157 ὅσων
3597 2106 3722 2173 ἡμῖν

2140 2202 2331 2270 ὁρᾶται
2362 2200 2554 2268 λόγων.
2599 2202 2893 2271 Νικοδήμῳ
2944 2200 3044 2271 μὲν
3092 2200 3221 2270 γὰρ,
3270 2199 3332 2251 ού
3386 2196 3626 2250 συνιέντι
3667 2195 3723 2246 τὸ

2143 2292 2461 2361 μυστήριον,
2492 2293 2891 2361 ἀνακεκραγότι
2918 2291 2973 2343 δλ
3004 2290 3250 2360 ἀμαθῶς·
3290 2308 3306 2339 ι
3352 2288 3476 2351 Πῶς
3505 2287 3722 2339 δύναται

2139 2383 2309 2436 ταῦτα
2350 2384 2641 2451 γενέσθαι,
2686 2382 2748 2436 Ei
2776 2382 2845 2436 τὰ
2874 2382 3112 2449 ἐπίγεια,
3168 2380 3354 2450 φησὶν,
3388 2374 3546 2431 εἷπον
3575 2377 3718 2445 ὑμῖν.

2140 2474 2232 2527 καὶ
2270 2476 2327 2527 οὐ
2358 2474 2665 2538 πιστεύετε,
2699 2474 2816 2537 πῶς
2845 2474 2940 2527 ὲάν
2973 2474 3109 2527 εῐπω
3144 2472 3273 2540 ὑμῖν
3302 2471 3372 2523 τὰ
3402 2469 3717 2539 ἐπουράνια.

2141 2564 2458 2628 mandate;
2505 2564 2613 2617 Καὶ
2659 2564 2836 2627 οὐδεὶς
2871 2562 3209 2632 ἀναϐέϐηκεν
3241 2562 3320 2624 είς
3353 2560 3445 2612 τὸν
3475 2556 3719 2627 οὐρανὸν,

2140 2657 2187 2709 εί
2218 2657 2290 2726 μὴ
2329 2658 2357 2708 6
2385 2657 2447 2709 ὲκ
2472 2656 2567 2709 τοῦ
2598 2655 2831 2728 ούρανοῦ
2862 2654 3127 2718 καταϐὰς,
3158 2657 3186 2707 6
3216 2654 3346 2715 Υἱὸς
3394 2651 3491 2704 τοῦ
3518 2649 3670 2704 Θεοῦ.
3697 2667 3715 2699 s

2154 2746 2427 2810 Ἰουδαίοις
2456 2746 2512 2799 δὲ
2554 2746 2738 2813 πάλιν,
2771 2746 2867 2817 τὴν
2897 2747 3021 2815 ῖσην
3048 2745 3242 2815 ἐκείνῳ
3271 2742 3523 2797 νοσοῦσιν
3560 2743 3717 2793 6m:-

2140 2838 2378 2901 δευσίαν,
2427 2839 2520 2893 καὶ
2560 2840 2831 2911 διαγελᾷν,
2864 2841 2963 2894 οὐκ
2993 2835 3087 2892 οἷδ’
3113 2841 3283 2904 ὅπως,
3325 2836 3606 2906 ἑλομένοις
3627 2834 3722 2888 αύ-

2138 2930 2262 2992 τὸν,
2316 2934 2543 3006 ἐπείπερ
2618 2933 2719 3004 ἔφη
2789 2932 3052 2996 ζωοποιὸν
3123 2933 3217 2984 καὶ
3261 2929 3319 2996 ἐξ
3365 2927 3601 2999 ούρανοῦ
3664 2925 3721 2977 τὸ

2145 3022 2275 3075 ἴδιον
2306 3024 2484 3093 σῶμα,
2510 3043 2527 3075 ι
2547 3024 2715 3079 Τοῦτο
2732 3025 2875 3095 ὑμᾶς
2903 3024 3268 3088 σκανδαλίζει,
3303 3020 3604 3092 φησὶν,ὶάν
3632 3014 3721 3072 οὖν

462 3112 701 3183 θεωρῆτε
739 3113 829 3167 τὸν
875 3114 1000 3166 Υίὸν
1030 3113 1122 3167 τοῦ
1169 3111 1456 3183 ἀνθρώπου
1522 3113 1882 3168 ἀναϐαίνοντα
1928 3116 2063 3170 ὅπου
2100 3112 2169 3189 ἦν
2198 3119 2258 3171 τὸ
2288 3118 2588 3191 πρότερον;
2635 3139 2651 3170 ι
2684 3114 2761 3173 Ἥ
2791 3120 2911 3189 οὐχὶ
2968 3119 3228 3188 τετάχθαι
3258 3119 3508 3188 φήσομεν
3536 3118 3600 3167 ὲκ
3624 3132 3719 3181 γυ-

460 3207 644 3271 ναικὸς
678 3208 767 3261 τὸν
815 3207 1160 3279 Ἐμμανουήλ
1178 3225 1191 3276 ς

531 3299 589 3353 Β.
632 3299 884 3355 Omnino.

532 3391 598 3444 A.
650 3388 879 3445 Ubinam
936 3391 1096 3461 igitur
1147 3395 1298 3462 prius
1358 3396 1525 3449 erat?
1572 3406 1663 3450 aut
1723 3412 1831 3465 quo
1883 3406 2041 3462 pacto

460 3480 702 3535 ascendit
735 3523 749 3547 ,
794 3496 913 3536 cum
960 3498 1019 3537 se
1069 3483 1139 3537 ibi
1196 3498 1314 3539 esse
1364 3486 1528 3550 dicat,
1574 3486 1737 3539 etiam
1797 3498 1922 3542 nato
1975 3503 2038 3543 ex

461 3581 647 3627 sancta
695 3572 915 3641 Virgine
956 3587 1183 3643 corpore
1218 3577 1321 3632 sibi
1372 3578 1570 3632 unito?
1608 3576 1797 3633 Nonne
1860 3589 2039 3634 autem

460 3679 677 3720 carnem
706 3680 825 3735 qua:
865 3680 932 3720 ex
971 3674 1114 3721 terra
1150 3678 1384 3734 constat,
1412 3668 1691 3723 viviﬁcare
1719 3683 1823 3744 non
1860 3684 2038 3737 posse,

463 3767 730 3826 quatenus
804 3760 870 3813 ad
944 3758 1214 3829 propriam
1259 3773 1411 3814 suam
1485 3770 1731 3815 naturam
1824 3760 2036 3825 attinet,

463 3851 703 3905 dicemus
723 3851 746 3902 ἲ

530 3936 590 3991 Β.
627 3936 723 3993 Ita.

531 4032 596 4082 A.
656 4028 938 4094 Quomodo
1001 4029 1163 4098 igitur
1218 4039 1300 4085 est
1356 4029 1681 4085 viviticatrix
1737 4044 1865 4085 caro
1898 4031 2040 4088 Yaut

461 4121 729 4188 quomodo
800 4130 1087 4176 censeatur
1161 4136 1229 4178 ex
1295 4124 1435 4177 casio
1493 4136 1633 4188 esse,
1688 4136 1809 4176 cum
1850 4124 1922 4179 sit
1972 4139 2037 4180 ex

461 4222 601 4264 terra
626 4211 649 4263 ἲ

536 4299 596 4355 B.
627 4300 856 4359 Ratione
906 4306 1153 4369 unitatis,
1209 4315 1268 4361 ut
1314 4307 1567 4375 arbitror,
1626 4325 1746 4364 cum
1804 4311 1925 4367 vivo
1982 4320 2037 4368 et

458 4392 676 4448 caelitus
697 4394 933 4451 demisso
966 4394 1161 4451 Verbo.

534 4488 602 4541 A.
644 4486 811 4544 Recte
832 4489 1118 4545 admodum
1148 4491 1342 4553 sentis.
1365 4499 1420 4546 et
1453 4492 1840 4547 convenienter
1862 4495 2035 4548 sacris

2067 3308 2110 3366 C
2216 3302 2273 3357 Β.
2320 3301 2445 3366 Πῶς
2476 3303 2585 3373 γὰρ
2616 3302 2714 3367 οῦ;

2215 3396 2278 3447 Α.
2322 3394 2431 3447 Ποῦ
2462 3393 2747 3466 τοιγαροῦν
2774 3394 2836 3446 τὸ
2869 3394 3133 3465 πρότερον
3165 3391 3261 3471 ﬁv;
3293 3394 3325 3461 ἢ
3372 3394 3492 3457 πῶς
3527 3396 3717 3449 ἀναθέ-

2145 3486 2311 3556 6ηκεν
2357 3486 2591 3556 ἔνθαπερ
2621 3481 2759 3537 εἶναί
2807 3501 2971 3555 φησιν
3000 3486 3183 3549 αὐτὸς,
3217 3486 3393 3538 καίτοι
3442 3487 3721 3555 τεχθέντος

2143 3576 2229 3631 διὰ
2257 3576 2356 3647 τῆς
2386 3577 2545 3646 ἁγίας
2579 3577 2854 3649 Παρθένου
2889 3578 2984 3632 τοῦ
3026 3577 3318 3640 ἑνωθέντος
3351 3578 3501 3648 αὐτῷ
3540 3577 3718 3648 σῶμα·

2141 3686 2265 3734 τος;
2309 3670 2441 3739 Οὐχὶ
2474 3669 2529 3721 δὲ
2579 3670 2672 3723 καὶ
2720 3670 3023 3740 ἀπρακτεῖν
3058 3669 3498 3740 ὁμολογήσαιμεν
3529 3669 3593 3725 ἀν
3624 3670 3716 3738 τὴν

2142 3762 2248 3813 ἀπὸ
2287 3759 2390 3829 γῆς
2439 3759 2617 3831 σάρκα
2675 3764 2811 3830 πρὸς
2852 3760 2912 3814 τὸ
2961 3759 3221 3814 δύνασθαι
3265 3761 3568 3826 ζωοποιεῖν,
3600 3762 3716 3814 ὅσον

2139 3848 2273 3925 ἧκεν
2309 3855 2385 3915 εἰς
2425 3852 2561 3905 ίδίαν
2603 3852 2804 3921 φύσιν;

2214 3944 2275 3998 Β.
2330 3944 2571 4013 Ἀληθές.

2214 4039 2277 4091 Α.
2323 4037 2447 4100 Πῶς
2474 4033 2587 4101 οὖν,
2625 4038 2745 4091 είπέ
2789 4055 2896 4109 μοι,
2929 4037 3186 4102 ζωοποιὸς
3218 4040 3248 4108 ἡ
3287 4036 3457 4108 ccipe;
3501 4039 3569 4092 Ἦ
3605 4037 3715 4100 πῶς

2139 4128 2206 4183 ἂν
2232 4133 2403 4185 νοοῖτο
2430 4130 2525 4183 καὶ
2568 4128 2627 4195 ἐξ
2654 4130 2882 4201 οὐρανοῦ
2910 4129 2969 4183 τὸ
2991 4129 3099 4183 ἀπὸ
3128 4130 3225 4199 τῆς
3264 4130 3402 4200 γῆς;

2211 4312 2269 4364 Β.
2312 4311 2445 4365 Καθ’
2467 4311 2680 4373 ἕνωσιν,
2709 4305 2881 4379 οἶμαι,
2903 4310 3000 4379 τὴν
3032 4308 3165 4380 πρὸς
3199 4310 3287 4361 τὸν
3322 4308 3501 4372 ζῶντά
3539 4328 3595 4363 τε
3628 4310 3715 4363 καὶ

2137 4403 2426 4475 οὐρανόθεν
2470 4404 2662 4472 Λόγον.
3267 4468 3273 4473 ο

2208 4495 2273 4553 Α.
2310 4493 2679 4565 Πεφρονηκὼς
2727 4492 2836 4546 ἴσθι
2865 4494 2934 4547 τά
2968 4492 3089 4547 λίαν
3110 4493 3266 4566 ὀρθά,
3297 4494 3528 4556 καὶτοῖς
3561 4494 3715 4563 ἱεροῖς

459 4579 776 4647 Scripturis.
834 4578 1016 4649 Neque
1065 4582 1208 4636 enim
1258 4582 1421 4638 aliter
1471 4582 1657 4648 fuerit,
1718 4592 1772 4638 et
1821 4594 2035 4639 creator

2146 4587 2505 4659 συμϐαίνοντα
2546 4585 2744 4653 λόγοις.
2795 4584 2895 4653 Είη
2949 4584 3059 4653 γὰρ
3109 4585 3176 4637 ἂν
3224 4584 3322 4654 οὐχ
3370 4585 3592 4656 ἑτέρως,
3629 4586 3716 4638 καὶ

460 4670 669 4726 ratione
708 4671 1026 4739 divinitatis,
1056 4681 1267 4729 etcum
1318 4691 1422 4729 non
1476 4676 1683 4745 absque
1735 4691 1901 4731 carne
1951 4678 2031 4731 in-

2146 4678 2467 4750 δημιουργὸς
2504 4676 2721 4740 θεῖκῶς,
2758 4677 2851 4731 καὶ
2883 4677 2972 4729 ὅτε
3006 4676 3080 4746 μὴ
3112 4675 3235 4746 δίχα
3280 4678 3453 4730 νοοῖτο
3501 4677 3712 4748 σαρκός.

458 4761 732 4832 telligitur.
764 4762 897 4818 Nam
920 4774 973 4820 et
1015 4765 1227 4822 divinus
1260 4766 1453 4822 Paulus
1487 4785 1581 4837 pro
1626 4768 1725 4823 hac
1761 4769 2029 4824 sententia

2146 4772 2493 4841 Συλλήπτορα
2522 4770 2578 4822 δὲ
2616 4768 2709 4822 τοῦ
2753 4769 2915 4836 λόγου
2952 4768 3245 4839 ποιήσομαι
3280 4768 3443 4822 πάλιν
3487 4769 3584 4821 ὡδὶ
3630 4786 3715 4836 γε.

457 4852 609 4918 t‘acit,
661 4854 733 4909 ita
787 4856 1083 4911 scribens:
1159 4876 1177 4910 ι
1248 4856 1462 4913 Gratias
1527 4869 1748 4928 agentes
1806 4860 1918 4915 Deo
1968 4875 2031 4915 ac

2146 4864 2387 4935 γραφότα
2436 4863 2529 4915 τὸν
2575 4862 2860 4915 θεσπέσιον
2894 4859 3142 4927 Παῦλον
3185 4879 3203 4913 t
3260 4863 3714 4933 Εὑχαριστοῦντες

458 4945 627 5008 Patri,
668 4948 757 5017 qui
783 4948 973 5019 dignos
1019 4965 1115 5005 nos
1141 4950 1267 5005 fecit
1299 4952 1350 5005 in
1382 4960 1589 5023 partem
1620 4953 1781 5009 sortis
1817 4963 2033 5009 sancto-

2146 4956 2215 5025 τῷ
2247 4957 2366 5027 Θεῷ
2404 4955 2497 5010 καὶ
2526 4956 2722 5025 Πατρὶ,
2753 4955 2831 5024 τῷ
2867 4954 3192 5009 ἱκανώσαντι
3225 4957 3371 5025 ἡμᾶς
3399 4958 3477 5020 εις
3500 4956 3597 5025 τὴν
3626 4973 3714 5027 με-

458 5050 601 5099 rum,
635 5037 687 5091 in
718 5038 939 5093 lumine.
971 5034 1071 5108 Qui
1102 5042 1300 5110 eripuit
1331 5058 1427 5096 nos
1462 5044 1527 5097 de
1572 5054 1843 5112 potestate
1880 5054 2032 5099 tene-

459 5130 701 5196 brarum,
767 5139 822 5184 et
873 5132 1151 5187 transtulit
1179 5134 1230 5187 in
1277 5148 1501 5204 regnum
1555 5135 1677 5191 Filii
1731 5137 2034 5191 dilectionis

456 5234 587 5275 sum.
645 5220 703 5276 in
738 5238 844 5294 quo
884 5224 1141 5281 habemus
1172 5225 1616 5296 redemptionem,
1663 5236 1716 5281 et
1761 5229 2035 5282 remissio-

457 5328 578 5367 nem
633 5325 977 5382 peccatorum
1021 5333 1036 5371 :
1073 5318 1163 5387 qui
1216 5328 1300 5374 est
1342 5320 1518 5390 imago
1578 5318 1670 5375 Dei
1721 5320 2031 5385 invisibilis.

458 5406 845 5476 primogenitus
892 5409 1067 5465 omnis
1126 5423 1408 5466 creaturae.
1464 5413 1732 5479 Quoniam
1788 5412 1840 5466 in
1916 5413 2032 5481 ipso

458 5498 673 5552 condita
703 5508 826 5554 sunt
860 5503 1132 5567 universa,
1161 5505 1213 5557 in
1248 5504 1398 5559 caelis
1417 5516 1471 5559 et
1507 5506 1557 5557 in
1590 5515 1756 5571 terra,
1796 5504 2027 5559 visibilis

457 5596 515 5642 et
548 5588 858 5657 invisibilia,
898 5594 1011 5648 sive
1039 5593 1261 5658 'i'lironi,
1302 5596 1416 5651 sive
1450 5596 1877 5662 Dominutiones,
1914 5596 2053 5675 sive,

530 5783 551 5816 ⁸
574 5786 829 5864 ξρεηῂλνι,
851 5794 937 5861 5'2,
970 5794 1057 5851 35.
1135 5798 1154 5828 ¹⁵
1183 5796 1309 5852 ibid.
1344 5798 1429 5864 5|,
1462 5798 1544 5852 52.
1631 5800 1670 5831 ¹⁰
1704 5798 1833 5855 ibid.
1871 5799 1959 5857 57.
1991 5799 2036 5853 51

2160 5799 2195 5830 ¹¹
2226 5796 2353 5852 Luc.
2391 5810 2425 5859 ι,
2457 5794 2544 5847 Iil.

466 5872 539 5922 τι,
572 5858 658 5923 62,
683 5859 771 5913 65.

2140 5048 2259 5120 ρίδα
2288 5048 2383 5101 τοῦ
2416 5048 2616 5119 κλήρου
2643 5046 2751 5099 τῶν
2783 5045 2951 5115 ἁγίων
2982 5047 3040 5099 ὲν
3068 5046 3146 5116 τῷ
3172 5049 3330 5115 φωτὶ,
3361 5048 3419 5109 δς
3451 5050 3743 5119 ἐρρύσατο,

2135 5143 2285 5213 ἡμᾶς
2320 5141 2382 5192 ὲκ
2418 5141 2514 5209 τῆς
2556 5138 2804 5203 ἐξουσίας
2836 5136 2931 5191 τοῦ
2975 5138 3222 5201 σκότους,
3260 5139 3355 5191 καὶ
3388 5140 3710 5209 μετέστησεν

2137 5232 2217 5295 είς
2244 5231 2342 5300 τὴν
2374 5228 2649 5299 βασιλείαν
2680 5227 2775 5281 τοῦ
2822 5226 2953 5280 Υίοῦ
2986 5228 3085 5298 τῆς
3118 5228 3337 5297 ἀγάπης
3371 5229 3558 5292 αὐτοῦ,
3590 5232 3645 5282 ἐν
3671 5223 3713 5295 ᾧ

2137 5322 2334 5393 ἔχομεν
2360 5320 2459 5390 τὴν
2488 5319 2883 5391 ἀπολύτρωσιν,
2914 5318 3009 5391 τὴν
3038 5317 3233 5387 ἄφεσιν
3260 5320 3369 5373 τῶν
3408 5321 3709 5392 ἁμαρτιῶν.

2136 5416 2194 5476 ὃς
2230 5416 2374 5467 ἐστιν
2408 5402 2570 5464 εἰκὼν
2616 5410 2710 5463 τοῦ
2743 5409 2880 5463 Θεοῦ
2924 5409 3016 5461 τοῦ
3066 5411 3341 5481 ἀοράτου,
3377 5414 3712 5482 πρωτότοκος

2138 5506 2319 5573 πάσης
2363 5503 2613 5565 κτίσεως,
2648 5503 2731 5555 ὅτι
2764 5503 2823 5556 ἑν
2855 5501 3005 5571 αύτῷ
3049 5502 3270 5573 ἐκτίσθη
3314 5502 3383 5556 τά
3418 5504 3616 5562 πάντα.
3649 5506 3709 5557 τά

2136 5612 2193 5649 τε
2241 5597 2297 5647 ὲν
2336 5596 2445 5656 τοῖς
2479 5594 2724 5665 οὐρανοῖς
2754 5594 2850 5650 καὶ
2880 5593 2948 5648 τὰ
2980 5593 3072 5647 ἐπὶ
3123 5595 3220 5663 τῆς
3270 5598 3393 5664 γῆς,
3429 5596 3496 5649 τὰ
3545 5598 3707 5666 ὁρατὰ

2664 5792 2877 5849 "Joan.
2930 5809 3005 5857 In,
3045 5796 3096 5861 9,
3142 5794 3225 5863 12,
3284 5797 3365 5852 l5.
3487 5795 3704 5853 "Joan.
