3988 6496
340 450 481 506 1⁸285

1451 452 1538 507 DE
1580 452 2090 510 INCARNATIONE
2130 452 2506 511 UNlGENITl.

3491 447 3637 504 Hi6

336 575 435 625 καί
482 573 546 625 τὰ
596 572 822 641 ἀόρατα,
852 573 959 626 εἴτε
994 573 1207 645 θρόνοι,
1247 574 1355 627 εἴτε
1408 576 1768 647 κυριότητες,
1822 578 1907 630 εἷτη

2037 576 2401 647 Principatus,
2441 574 2556 629 sive
2614 571 2943 632 Potestales,
2994 564 3178 620 omnia
3218 578 3315 635 per
3374 564 3548 634 ipsum
3577 572 3630 617 et

334 664 551 733 ’Λρχαὶ,
575 663 985 731 εἷτεἘξουσίαι,
1013 668 1079 720 τὰ
1112 667 1290 720 πάντα
1314 668 1381 720 δι’
1414 668 1580 721 αὑτοῦ
1608 673 1698 723 καὶ
1726 672 1805 733 εἰς
1831 670 1927 723 αὐ-

330 756 425 808 τὸν
452 756 719 819 ἔκτισται,
758 758 850 810 καὶ
902 760 1063 823 αὐτός
1104 760 1219 811 ἐστι
1269 760 1376 829 πρὸ
1424 762 1664 827 πάντων,
1719 762 1812 814 καί⁵
1855 762 1927 814 τὰ

334 848 515 899 πάντα
543 848 598 898 ὲν
628 846 776 918 αὐτῷ
806 850 1121 919 συνέστηκε,
1152 851 1247 902 καὶ
1278 851 1441 912 αὑτός
1470 852 1619 904 ἐστιν
1646 854 1676 922 ὴ
1714 851 1923 921 κεφαλὴ

329 939 427 991 τοῦ
463 938 715 1008 σώματος
773 943 873 1011 τῆς
914 942 1261 1011 Ἐκκλησίας,
1296 943 1356 1005 ὃς
1389 943 1537 995 ἐστιν
1571 944 1737 1015 ἀρχὴ,
1767 961 1921 1013 πρω-

326 1031 549 1091 τότοκος
584 1031 646 1082 ἐκ
678 1032 783 1085 τῶν
820 1032 1051 1101 νεκρῶν,
1086 1033 1172 1087 ἵνα
1205 1033 1431 1103 γένηται
1471 1036 1528 1087 ὲν
1564 1036 1728 1087 πᾶσιν
1759 1035 1923 1097 αὐτὸς

329 1122 652 1189 πρωτεύων,
700 1124 782 1174 ὅτι
815 1125 870 1176 ἐν
904 1124 1052 1193 αὺτῷ
1088 1124 1359 1194 ηὐδόκησε
1407 1128 1513 1178 πᾶν
1542 1126 1602 1177 τὸ
1644 1126 1920 1196 πλήρωμα

324 1212 395 1262 δι’
430 1212 595 1265 αὑτοῦ
646 1217 989 1283 κατοικῆσαι,
1040 1215 1135 1267 καὶ
1169 1216 1235 1269 δι’
1264 1215 1429 1269 αὑτοῦ
1474 1216 1921 1281 ἀποκαταλλάξαι

325 1302 393 1355 τὰ
426 1303 601 1357 πάντα
636 1307 715 1367 εἰς
759 1306 941 1369 αὐτὸν,
977 1309 1398 1378 εἰρηνοποιήσας
1430 1308 1519 1360 διὰ
1559 1307 1652 1359 τοῦ
1685 1309 1916 1376 αἵματος

323 1394 421 1446 τοῦ
459 1395 689 1466 σταυροῦ
721 1396 909 1460 αὐτοῦ,
945 1398 1053 1450 εἴτε
1081 1398 1149 1451 τὰ
1182 1399 1273 1451 ἐπὶ
1301 1398 1401 1467 τῆς
1424 1391 1565 1468 γῆς.
1610 1397 1720 1451 εἴτε
1751 1398 1821 1449 τὰ
1858 1386 1943 1449 ἐν’

321 1488 437 1547 τοῖς
468 1486 731 1555 οὐρανοῖς.
770 1505 787 1538 ι
838 1487 968 1540 ’ἰδοῦ
1000 1487 1063 1557 δὴ
1094 1489 1255 1541 πάλιν
1309 1489 1612 1556 ἀναφανδὸν
1644 1489 1709 1541 δι’
1746 1488 1911 1540 αὑτοῦ

324 1594 459 1645 φησι
513 1577 603 1628 καὶ
637 1578 715 1640 εἰς
741 1578 903 1630 αὐτὸν
935 1579 1177 1631 ἐκτίσθαι
1206 1580 1272 1633 τὰ
1304 1580 1482 1633 πάντα
1502 1595 1515 1610 ·
1549 1580 1641 1630 καὶ
1679 1578 1805 1648 μὴν,
1832 1580 1914 1630 ὅτι

320 1668 429 1734 πρὸ
474 1666 689 1719 πάντων
723 1669 859 1733 ἐστὶ,
906 1669 1000 1721 καὶ
1046 1669 1128 1720 ὃτι
1158 1669 1226 1723 τὰ
1259 1670 1436 1723 πάντα
1478 1670 1809 1738 συνέστηκεν
1856 1670 1913 1720 ὲν

320 1753 499 1823 αὐτῷ·
536 1758 628 1809 καὶ
658 1758 819 1809 αὐτὸν
846 1752 984 1810 εἷναί
1031 1776 1163 1828 φησι
1209 1760 1554 1828 πρωτότοκον
1587 1759 1651 1811 ἐκ
1680 1756 1909 1828 νεκρῶν,

318 1846 813 1916 είρηνοποιήσαντα
862 1848 950 1901 διὰ
999 1849 1088 1901 τοῦ
1145 1852 1375 1920 αἵματος
1430 1850 1713 1915 αὑτοῦ,τά
1743 1866 1803 1902 τε
1852 1851 1909 1900 ὲν

2039 672 2092 724 in
2119 670 2237 739 ipso
2260 676 2444 723 creata
2479 673 2627 720 sunt.
2658 664 2725 719 Et
2755 664 2867 731 ipse
2903 673 2988 717 est
3022 669 3150 715 ante
3192 673 3403 723 omnes,
3428 666 3483 712 et
3508 671 3630 711 om-

2032 762 2121 816 nia
2182 761 2234 814 in
2293 758 2419 828 ipso
2451 763 2727 811 constant.
2761 754 2823 808 Et
2860 754 2973 821 ipse
3027 761 3111 807 est
3163 759 3325 818 caput
3379 747 3629 815 corporis

2028 848 2306 913 Ecclesiae,
2334 846 2422 916 qui
2453 855 2535 899 est
2562 841 2913 915 principium,
2940 840 3335 911 primogenitus
3370 837 3533 907 709
3554 850 3622 889 ex

2030 940 2285 1003 mortuis,
2332 948 2390 992 ut
2415 938 2487 994 sit
2537 939 2589 991 in
2632 936 2885 991 omnibus
2926 936 3041 1003 ipse
3079 934 3372 1003 primatum
3405 938 3625 983 tenens.

2026 1034 2159 1099 Quia
2189 1034 2240 1087 in
2276 1033 2390 1101 ipso
2411 1029 2737 1099 complacuit
2764 1043 2977 1082 omnem
3012 1025 3399 1095 plenitudinem
3437 1020 3627 1073 divini.

2025 1125 2153 1179 tatis
2186 1123 2511 1185 inhabitare,
2560 1132 2613 1175 et
2663 1136 2756 1190 per
2783 1134 2905 1172 eum
2959 1115 3298 1172 reconciliari
3340 1112 3521 1165 omnia
3568 1111 3624 1164 in

2024 1216 2159 1281 ipso,
2198 1212 2577 1282 paciﬁcantem
2630 1225 2729 1280 per
2785 1208 3102 1279 Sanguinem
3137 1205 3315 1259 crucis
3358 1203 3475 1270 ejus
3510 1202 3626 1255 sive

2021 1320 2141 1374 qua:
2184 1305 2235 1358 in
2288 1301 2471 1367 terris,
2533 1302 2647 1356 sive
2709 1316 2829 1370 quin
2877 1302 2928 1353 in
2955 1299 3110 1354 ccelis
3164 1283 3291 1350 sunt
3322 1294 3387 1347 ³³.
3430 1312 3447 1343 ι
3484 1291 3625 1346 Ecce

2021 1411 2180 1465 quam
2216 1404 2402 1463 aperte
2434 1394 2595 1453 dicat,
2626 1409 2723 1463 per
2754 1394 2930 1461 ipsum
2961 1400 3015 1445 et
3050 1390 3103 1443 in
3138 1391 3254 1456 ipso
3286 1395 3465 1440 creata
3503 1398 3625 1438 esse

2019 1488 2197 1542 oumia
2232 1505 2245 1540 :
2272 1486 2524 1555 quodque
2547 1498 2672 1539 ante
2700 1498 2894 1539 omnes
2916 1483 3007 1546 sit,
3033 1490 3085 1535 et
3116 1480 3258 1549 quod
3278 1478 3458 1531 omnia
3494 1490 3623 1529 cou-

2018 1585 2164 1633 stant
2200 1577 2252 1631 in
2284 1576 2418 1644 ipso.
2456 1575 2727 1630 Praeterea
2774 1574 2906 1628 dicit
2936 1573 3108 1641 ipsum
3145 1585 3265 1623 esse
3288 1566 3620 1638 primogeni—

2018 1680 2127 1724 tum
2162 1684 2227 1723 ex
2272 1669 2523 1730 mortuis,
2561 1667 2809 1736 quodque
2848 1663 3153 1734 paciﬁearit
3188 1677 3283 1731 per
3300 1660 3619 1728 sanguinem

2018 1776 2174 1815 suum
2224 1773 2559 1829 quacunque
2589 1758 2643 1811 in
2673 1756 2828 1811 caslis
2868 1762 3015 1817 sunt,
3069 1761 3125 1807 et
3175 1764 3510 1820 quaecunque
3567 1750 3621 1802 itt

2018 1852 2198 1906 terris.
2263 1851 2425 1920 Atqui
2476 1850 2598 1919 quis
2655 1858 2741 1903 est
2798 1846 3192 1918 primogenitus
3250 1859 3316 1897 ex
3363 1842 3617 1903 mortuis,

317 1941 431 1999 τοῖς
458 1938 724 2007 οὐρανοῖς,
762 1943 854 1993 καὶ
886 1942 955 1994 τὰ
987 1944 1076 1996 ἐπὶ
1101 1944 1199 2011 τῆς
1228 1944 1352 2013 γῆς.
1389 1940 1522 1996 Εἶτα
1548 1943 1629 2006 τίς
1662 1945 1689 1995 6
1729 1945 1792 1995 ὲκ
1823 1958 1907 1995 νε-

2019 1944 2123 1997 nisi
2177 1943 2425 1997 Christus
2456 1941 2633 2005 Jesus,
2672 1941 2776 1995 hoc
2822 1948 2925 2004 est,
2990 1938 3225 1992 Verbum
3278 1938 3332 1990 in
3366 1949 3530 1988 carne
3565 1944 3622 1986 et

318 2026 468 2097 κρῶν
496 2031 861 2098 πρωτότοκος,
894 2034 940 2085 εἰ
970 2034 1045 2103 μὴ
1078 2034 1309 2103 Χριστὸς
1350 2032 1578 2103 Ἰησοῦς,
1608 2034 1908 2095 τουτέστιν,

318 2117 375 2169 ὲν
414 2119 579 2187 σαρκὶ
613 2121 708 2171 καὶ
759 2120 895 2189 μετὰ
947 2123 1149 2193 σαρκὸς
1197 2125 1226 2175 ό
1256 2125 1465 2191 Λόγος;
1524 2122 1754 2192 Τεθναίη
1803 2122 1910 2194 γὰρ

313 2208 383 2262 ἂν
412 2208 528 2261 οῦτι
559 2229 659 2263 που
687 2211 820 2274 Θεὸς
848 2212 922 2265 ὢν
949 2216 976 2266 6
1006 2216 1195 2282 Λόγος,
1229 2214 1336 2268 οὐδ’
1361 2214 1426 2268 ἂν
1452 2217 1622 2268 νοοῖτο
1644 2214 1754 2267 τῶν
1776 2215 1911 2267 ὅλων

312 2299 650 2370 δημιουργὸς
690 2303 811 2355 καθ’
862 2306 1010 2373 ἡμᾶς
1053 2304 1127 2357 ὢν
1180 2306 1489 2377 ἄνθρωπος,
1539 2309 1585 2358 εἰ
1637 2305 1710 2377 μὴ
1760 2306 1911 2376 636n-

316 2391 623 2463 μιούργηκε
678 2395 777 2462 μὲν
826 2396 901 2459 ὡς
948 2397 1099 2460 Θεὸς,
1148 2399 1243 2450 καὶ
1296 2401 1342 2451 εἰ
1401 2400 1475 2468 μὴ
1524 2399 1646 2467 δίχα
1703 2399 1913 2469 σαρκὸς

313 2485 487 2534 νοοῖτο
525 2483 665 2552 μετὰ
699 2485 795 2555 τὴν
830 2486 1045 2540 ἕνωσιν.
1082 2489 1431 2558 Πρωτότοκος
1479 2491 1535 2543 δὲ
1580 2492 1673 2542 καὶ
1715 2493 1779 2543 ὲκ
1823 2509 1911 2543 νε-

315 2570 484 2638 κρῶν,
538 2573 673 2625 καθὸ
714 2577 954 2646 πέφηνεν
1007 2578 1312 2647 ἄνθρωπος,
1369 2580 1469 2632 οὐκ
1521 2580 1812 2633 ἀποϐαλὼν
1850 2583 1911 2635 τὸ

309 2658 451 2715 εἶναι
499 2663 653 2729 Θεὸς,
702 2666 788 2719 διὰ
820 2667 919 2737 τὴν
966 2669 1398 2741 ὲνανθρώπησιν.
1447 2672 1560 2724 υῖει
1607 2689 1660 2725 τι
1713 2674 1910 2743 χρῆναι

310 2751 520 2816 τούτοις
553 2757 812 2827 ἐπιτιμᾷν
839 2775 853 2823 ;

384 2868 443 2923 Β.
487 2870 611 2922 Οὐδ’
646 2872 969 2926 ὁπωστιοῦν.

380 2984 443 3037 Δ.
491 2981 647 3046 Ἴδοις
688 2984 733 3035 δ’
762 2984 827 3037 ἂν
859 2985 952 3037 καὶ
982 2986 1211 3057 ἑτέρωθι
1244 2988 1333 3043 διὰ
1375 2989 1483 3043 τῶν
1518 2990 1697 3045 αὐτῶν
1733 2993 1911 3056 ἰόντας

306 3074 484 3143 λόγων
513 3076 637 3139 τοὺς
668 3079 1163 3148 πνευματοφόρους.
1211 3082 1463 3150 Ἰωάννης
1496 3083 1593 3153 μὲν
1621 3086 1749 3154 γὰρ,
1781 3105 1797 3136 ι
1824 3086 1912 3138 Ἐν

305 3167 473 3236 ἀρχῇ,
508 3168 694 3236 φησιν,
728 3170 756 3220 6
796 3169 969 3236 Λόγος
1000 3165 1087 3240 ἦν,
1128 3173 1221 3224 καὶ
1262 3175 1290 3224 6
1332 3174 1503 3241 Λόγος
1551 3172 1618 3247 ἦν
1654 3178 1790 3245 πρὸς
1820 3176 1911 3228 τὸν

2015 2051 2135 2089 cum
2165 2050 2329 2088 carne
2353 2035 2375 2087 ?
2401 2033 2586 2102 Neque
2615 2034 2760 2088 enim
2812 2032 2950 2085 mori
2982 2040 3146 2100 queat
3179 2029 3321 2082 Deus
3350 2027 3620 2081 exsistcns

2020 2126 2252 2180 Verbum
2292 2145 2304 2179 :
2344 2140 2518 2193 neque
2560 2132 2777 2177 creator
2806 2123 2972 2177 totius
3011 2119 3251 2175 universi
3286 2117 3388 2172 diei
3447 2116 3621 2184 possit

2016 2216 2179 2269 homo
2210 2216 2376 2269 nostri
2410 2214 2625 2276 similis,
2662 2215 2762 2268 nisi
2788 2212 3059 2267 creaverit
3094 2209 3335 2279 quidem,
3367 2217 3424 2257 ut
3452 2205 3611 2269 Deus,

2018 2308 2234 2362 tametsi
2262 2324 2365 2361 non
2419 2307 2624 2374 absque
2650 2321 2811 2359 carne
2862 2303 3086 2372 intelligi
3120 2309 3314 2371 potest,
3344 2290 3464 2367 post
3492 2297 3617 2350 uni-

2019 2410 2203 2454 tatem.
2243 2399 2639 2466 Primogeuitus
2664 2412 2793 2451 vero
2831 2412 2894 2451 ex
2952 2396 3182 2449 mortuis
3204 2401 3309 2455 est,
3346 2401 3618 2461 quatenus

2016 2490 2471 2558 apparuithomo,
2508 2488 2719 2541 tametsi
2745 2496 2967 2555 propter
3016 2482 3449 2538 incarnationem
3509 2494 3615 2534 non

2016 2580 2236 2633 desierit
2274 2594 2395 2632 esse
2445 2576 2609 2634 Deus.
2675 2576 2969 2631 Videturne
3026 2572 3120 2628 tibi
3172 2571 3376 2641 aliquid
3427 2569 3478 2623 in
3526 2568 3615 2623 his

2016 2668 2521 2735 reprehendendum

2087 2873 2146 2927 Β.
2182 2871 2554 2940 Nequaquam.

2086 2985 2153 3039 Λ.
2193 2984 2301 3039 Sed
2334 2993 2390 3039 et
2422 2984 2547 3038 alibi
2575 2984 2677 3038 hoc
2709 2983 2884 3052 ipsqu
2922 2990 3229 3036 asserentes
3281 2979 3466 3033 videas
3520 2991 3617 3033 eos

2015 3078 2105 3145 qui
2139 3078 2321 3131 divino
2373 3077 2578 3145 Spiritu
2626 3075 2790 3129 amati
2842 3074 3084 3129 fuerunt.
3137 3073 3376 3128 Joannes
3425 3071 3612 3126 enim:

2022 3185 2040 3217 ι
2086 3168 2138 3220 In
2163 3166 2447 3236 principio,
2487 3166 2680 3234 inquit,
2705 3176 2824 3221 erat
2850 3164 3107 3227 Verbum,
3144 3175 3195 3218 et
3230 3163 3463 3218 Verbum
3497 3172 3617 3216 erat

304 3259 461 3324 Θεὸν,
510 3260 604 3313 καὶ
638 3260 771 3327 Θεὸς
799 3257 865 3330 ἦν
899 3263 925 3313 ὁ
961 3263 1152 3331 Λόγος.
1201 3260 1370 3329 Οὗτος
1401 3267 1468 3336 ἦν
1505 3270 1562 3319 ἐν
1605 3270 1746 3339 ἀρχῇ
1778 3268 1907 3338 πρὸς

2018 3260 2157 3325 apud
2196 3257 2381 3320 Deum,
2445 3267 2500 3311 et
2546 3258 2686 3311 Deus
2731 3266 2850 3311 erat
2909 3255 3161 3310 Verbum.
3221 3254 3335 3309 lloc
3390 3264 3509 3310 erat
3559 3256 3612 3308 in

304 3349 400 3401 τὸν
436 3349 589 3403 Θεόν.
621 3351 804 3404 Πάντα
848 3350 913 3403 δι’
953 3353 1116 3405 αὑτοῦ
1148 3354 1384 3422 ἐγένετο,
1418 3358 1512 3409 καὶ
1541 3358 1709 3427 χωρὶς
1746 3356 1911 3409 αὑτοῦ

307 3439 524 3506 ἐγένετο
582 3440 701 3493 οὐδὲ
729 3440 805 3492 ἓν.
841 3461 859 3493 ι
896 3442 1104 3505 Παῦλος
1128 3442 1185 3495 δὲ
1213 3440 1304 3498 αὖ*
1342 3440 1464 3508 «Εἷς
1489 3446 1617 3508 Θεὸς
1642 3448 1669 3497 6
1699 3446 1911 3517 Πατὴρ,

305 3531 367 3594 ἐξ
397 3526 456 3584 οὗ
492 3532 558 3583 τὰ
592 3532 768 3585 πάντα
792 3551 803 3562 ·
838 3530 917 3596 εἷς
959 3532 1161 3604 Κύριος
1208 3536 1411 3605 Ἰησοῦς
1449 3537 1702 3605 Χριστὸς,
1740 3537 1807 3590 δι’
1851 3530 1911 3589 οὗ

304 3628 376 3678 τὰ
411 3625 609 3678 πάντα,
641 3644 658 3676 ι
709 3627 849 3677 Ἀλλ’
878 3628 1034 3697 εἴπερ
1075 3624 1142 3698 ἦν
1185 3630 1246 3680 τὸ
1294 3629 1629 3697 μεσολαϐοῦν
1677 3631 1815 3700 μετὰ
1850 3630 1913 3683 τὸ

305 3716 549 3789 ἡνῶσθαι
585 3720 747 3788 σαρκὶ
785 3721 875 3771 τὸν
922 3720 1108 3787 Λόγον,
1155 3720 1247 3772 καὶ
1279 3723 1357 3783 εἰς
1392 3722 1687 3791 ἑτερότητα
1737 3739 1909 3776 κατα-ι

305 3809 572 3879 διαιροῦν,
592 3807 688 3879 τὴν
714 3810 787 3873 ὡς
808 3811 939 3863 υἱῶν
964 3811 1128 3864 δυάδα
1152 3814 1314 3882 φημὶ,
1343 3814 1484 3866 κατὰ
1507 3814 1566 3866 τὸ
1592 3816 1671 3866 σοι
1692 3815 1905 3880 δοκοῦν,

310 3902 428 3966 πῶς
464 3904 527 3955 ἂν
558 3903 780 3971 ἐκτίσθη
810 3902 877 3955 τὰ
907 3903 1081 3956 πάντα
1104 3904 1192 3956 διὰ
1232 3904 1404 3975 Ἰησοῦ
1427 3906 1663 3976 Χριστοῦ
1691 3924 1703 3971 ;
1747 3906 1905 3961 Ἀλλὰ

310 3993 423 4063 μὴν
452 3992 674 4063 ἐκτίσθη
710 3994 774 4047 δι’
820 3995 985 4048 αὑτοῦ
1016 3996 1082 4048 τὰ
1133 3998 1331 4051 πάντα.
1370 3999 1645 4069 Πρόδηλον
1700 3995 1793 4053 οῦν
1823 4002 1905 4054 ὅτι

304 4084 375 4136 τὰ
408 4084 567 4153 φύσει
598 4102 655 4137 τε
686 4085 777 4137 καὶ
809 4085 989 4148 ἰδικῶς
1036 4088 1412 4158 ἐνυπάρχοντα
1457 4089 1535 4159 τῷ
1576 4091 1641 4143 ὲκ
1689 4093 1905 4163 Πατρὸς

303 4174 419 4228 bitt
470 4178 649 4245 Λόγῳ,
684 4168 994 4248 ’τετήρηται
1054 4180 1215 4233 πάλιν
1259 4180 1406 4251 αὐτῷ
1451 4183 1545 4235 καὶ
1585 4183 1671 4235 ὅτε
1712 4185 1901 4253 γέγονε

306 4268 467 4339 σάρξ.
506 4269 833 4337 Ἐπισφαλὲς
860 4266 951 4322 οὖν
980 4269 1110 4340 ἄρα,
1138 4272 1199 4324 τὸ
1228 4272 1539 4344 διατέμνειν
1561 4276 1896 4347 ἀποτολμᾷν.

306 4356 399 4424 Εἷς
426 4360 533 4433 γὰρ
566 4361 769 4432 Κύριος
830 4362 1035 4431 Ἰησοῦς
1074 4364 1328 4434 Χριστὸς,
1382 4368 1475 4420 καὶ
1517 4368 1582 4421 δι’
1616 4368 1781 4423 αὐτοῦ
1829 4370 1900 4424 τὰ

306 4454 482 4508 πάντα
517 4456 989 4527 δεδημιούργηκεν
1016 4458 1043 4508 ὁ
1075 4458 1286 4529 Πατήρ.

373 4748 432 4801 B.
483 4746 723 4817 Ἀληθές.

369 4862 433 4913 Α.
467 4860 625 4913 Ἐστι
672 4859 958 4929 τοιγαροῦν
1009 4861 1104 4914 καὶ
1154 4860 1506 4934 δημιουργὸς,
1550 4862 1768 4931 θεῖκῶς,
1800 4868 1893 4920 καὶ

298 4953 581 5019 ζωοποιὸς,
627 4953 701 5013 ὡς
744 4952 879 5023 ζωὴ,
924 4953 1343 5026 ὲνανθρωττίνως
1395 4956 1451 5009 δὲ
1522 4952 1589 5011 αὖ
1639 4960 1731 5011 καὶ
1780 4963 1895 5022 τοῖς

295 5048 436 5118 ὑπὲρ
492 5045 778 5117 ἄνθρωπον
842 5046 1130 5116 ἱδιώμασιν
1194 5050 1274 5112 είς
1325 5050 1383 5103 ἒν
1445 5069 1496 5104 τι
1561 5052 1622 5104 τὸ
1682 5052 1885 5123 μεταξὺ

302 5139 671 5207 συγκείμενος.
702 5139 945 5209 Μεσίτης
974 5140 1079 5210 γάρ
1109 5142 1223 5194 ἐστι
1261 5142 1396 5195 Θεοῦ
1426 5145 1518 5197 καὶ
1561 5145 1883 5217 ἀνθρώπων,

294 5231 437 5317 κατὰ
461 5230 559 5292 τὰς
597 5230 843 5300 Γραφὰς,
892 5231 1053 5300 φύσει
1099 5232 1198 5303 μὲν
1226 5234 1485 5306 ὑπάρχων
1515 5237 1667 5302 Θεὸς,
1702 5240 1793 5291 καὶ
1825 5240 1885 5293 οὐ

286 5322 416 5394 δὲχα
452 5324 674 5394 σαρκὸς,
746 5324 1037 5396 ἄνθρωπος
1091 5327 1146 5379 δὲ
1194 5327 1430 5398 ἀληθῶς,
1480 5334 1572 5383 καὶ
1622 5333 1701 5383 οὐ.
1732 5332 1886 5402 ψιλὸς

292 5416 417 5470 καθ’
450 5417 617 5485 ἡμᾶς,
679 5417 793 5469 ἀλλ’
854 5418 927 5470 ῶν
957 5420 1096 5488 ὅπερ
1138 5414 1225 5489 ἦν,
1264 5422 1358 5473 καὶ
1386 5424 1434 5474 εί
1483 5424 1680 5491 γέγονε
1729 5425 1884 5494 σὰρξ.

298 5508 612 5577 Γέγραπται
673 5508 801 5578 γὰρ,
854 5510 935 5562 ὅτι
978 5528 996 5561 ι
1060 5508 1262 5580 Ἰησοῦς
1330 5514 1566 5583 Χριστὸς
1619 5515 1743 5584 χοὲς
1797 5518 1888 5567 καὶ

294 5601 553 5665 σήμερον,
594 5596 808 5660 ὁαύτὸς
857 5599 951 5651 καὶ
1013 5601 1092 5664 εἰς
1150 5602 1276 5665 τοὺς
1332 5604 1555 5667 αἰῶνας.
1594 5624 1609 5653 ι
1642 5601 1715 5657 Ἶί
1780 5606 1887 5674 γὰρ

288 5688 407 5757 om
457 5688 545 5741 διὰ
596 5689 693 5760 τῆς
749 5692 911 5758 ἁγίας
938 5694 1216 5764 Παρθένου
1255 5697 1507 5767 τετέχθαι
1553 5697 1884 5769 πιστεύομεν

673 5909 708 5953 ι,
756 5894 938 5951 Ιὲ-ὲῡ.

388 5890 635 5949 *Colms.
673 5909 708 5953 ι.
756 5894 938 5951 Ιῖπὶῡ.
1024 5898 1239 5955 "Junii.
1276 5918 1310 5956 ι.
1356 5902 1467 5958 1-5.

1554 5907 1593 5937 ’⁸
1622 5907 1633 5961 l
1667 5906 1790 5963 Cor.
1824 5924 1939 5966 \‘ttl.
1972 5911 2023 5964 ti.

2019 3348 2285 3416 principio
2311 3350 2449 3417 apud
2483 3350 2671 3403 Deum.
2698 3348 2892 3404 Omnia
2923 3362 3020 3416 per
3054 3348 3230 3417 ipsum
3267 3347 3407 3401 facta
3461 3357 3610 3409 sunt,

2017 3450 2072 3495 et
2116 3441 2237 3496 sine
2287 3440 2405 3509 ipso
2434 3441 2638 3495 factum
2696 3452 2779 3495 est
2833 3441 2968 3493 nihil
2998 3441 3061 3493 “.
3108 3459 3126 3492 ι
3171 3439 3371 3493 Paulus
3425 3452 3556 3492 vero
3593 3456 3609 3493 :

2022 3550 2039 3584 ι
2085 3530 2262 3599 Unus,
2323 3534 2520 3602 inquit,
2561 3535 2705 3590 Deus
2750 3535 2931 3598 Pater,
2975 3549 3040 3588 ex
3077 3547 3185 3602 quo
3209 3530 3431 3597 omnia;
3470 3544 3612 3584 unus

2018 3623 2276 3681 Dominus
2330 3625 2489 3681 Jcsus
2547 3626 2822 3691 Christus,
2886 3642 2982 3697 per
3050 3641 3211 3694 quem
3271 3624 3452 3679 omnia
3480 3623 3544 3678 ".
3583 3641 3606 3676 ι

2012 3719 2177 3787 Atqui
2200 3720 2245 3774 si
2280 3730 2399 3775 erat
2428 3721 2633 3789 aliquid
2656 3721 3010 3785 discriminis,
3042 3729 3327 3791 postquam
3362 3718 3601 3773 Verbum

2014 3813 2223 3867 unitum
2252 3821 2336 3868 est
2387 3814 2562 3878 carni,
2616 3814 2870 3884 quodque
2928 3812 3075 3867 illum
3129 3813 3182 3866 in
3232 3811 3608 3866 diversitatem

2011 3908 2304 3975 quamdam
2336 3905 2557 3969 dividat,
2584 3906 2658 3959 ita
2697 3915 2753 3959 ut
2782 3904 3098 3959 dualitatem
3132 3905 3424 3974 quamdam
3464 3904 3606 3957 lilio-

2012 4014 2127 4052 rum
2152 3999 2469 4062 constituat,
2519 4000 2659 4053 sicut
2684 3998 2780 4051 tibi
2814 3998 3026 4051 videtur
3059 4014 3072 4050 :
3112 3999 3384 4063 quomodo
3421 3995 3604 4050 omnia

2007 4102 2190 4147 creata
2222 4102 2345 4145 sunt
2390 4105 2487 4160 per
2532 4089 2716 4146 Jesum
2750 4088 3026 4145 Christum
3057 4088 3269 4158 ?Atqtti
3302 4087 3483 4141 omnia
3509 4101 3607 4155 per

2007 4184 2183 4254 ipsum
2213 4193 2397 4236 creata
2430 4192 2574 4236 sunt.
2602 4181 2945 4236 Manifestum
2982 4180 3145 4251 igitur
3175 4190 3257 4235 est
3291 4179 3435 4248 quod
3477 4194 3602 4247 quia

2005 4285 2198 4331 natura
2229 4285 2283 4329 et
2316 4274 2667 4343 peculiariter
2722 4274 2906 4327 insunt
2962 4273 3139 4328 Verbo
3170 4274 3313 4342 quod
3342 4287 3409 4327 ex
3439 4269 3605 4325 Patre

2003 4369 2267 4439 procedit,
2299 4379 2519 4424 manent
2544 4369 2706 4423 etiam
2738 4369 2789 4421 iu
2816 4368 2935 4436 ipso
2968 4382 3092 4422 cum
3115 4367 3317 4421 factum
3342 4374 3427 4420 est
3452 4380 3602 4422 caro.

2000 4462 2374 4518 Periculosum
2433 4465 2616 4533 itaque
2676 4471 2759 4518 est
2816 4462 2929 4516 hate
2967 4462 3156 4531 partiri
3203 4476 3267 4517 ac
3321 4475 3598 4530 separare.

1999 4555 2156 4615 Unus
2179 4557 2324 4611 enim
2357 4556 2621 4610 Dominus
2650 4553 2809 4611 Jesus
2845 4553 3118 4619 Christus,
3176 4565 3229 4609 et
3270 4567 3365 4623 per
3419 4552 3597 4622 ipsum

1929 4625 1975 4683 θ
2002 4650 2183 4705 omnia
2216 4650 2421 4704 creavit
2449 4648 2631 4705 Pater.

2073 4765 2133 4821 Β.
2166 4766 2239 4820 Ita
2267 4776 2371 4819 est.

2071 4879 2138 4933 A.
2181 4877 2279 4933 Est
2334 4879 2499 4947 igitur
2539 4887 2593 4933 et
2639 4888 2875 4941 creator,
2913 4877 3217 4931 divinitatis
3278 4876 3599 4944 ratione;et

2000 4966 2305 5033 viviticans,
2359 4978 2543 5036 utpote
2598 4969 2751 5023 vita:
2810 4967 3046 5022 humana
3114 4979 3295 5023 autem
3356 4968 3598 5023 vicissim

2002 5059 2233 5122 ratione,
2280 5074 2344 5112 ex
2378 5060 2803 5129 proprietatibus
2856 5075 2977 5128 qua:
3013 5060 3286 5115 hominem
3321 5060 3596 5114 excedunt

2000 5148 2050 5203 in
2093 5164 2257 5202 unum
2294 5150 2420 5218 quid
2464 5149 2843 5204 intermedium
2891 5150 3244 5217 compositus.
3328 5147 3594 5204 Mediator

1996 5239 2141 5292 enim
2178 5248 2261 5291 est
2290 5239 2381 5293 Dei
2416 5247 2471 5292 et
2497 5240 2797 5303 hominum,
2840 5240 3138 5295 secundum
3172 5239 3488 5309 Scripturas
3522 5240 3592 5306 ",

1996 5341 2186 5385 natura
2221 5332 2438 5400 quidem
2473 5331 2748 5384 exsisteus
2774 5328 2935 5393 Deus,
2963 5340 3016 5386 et
3042 5346 3147 5384 non
3171 5332 3378 5400 absque
3402 5345 3589 5395 carne,

1993 5423 2153 5477 homo
2190 5436 2369 5478 autem
2407 5438 2555 5491 vere,
2593 5438 2697 5478 non
2741 5424 2886 5479 unde
2934 5433 3097 5493 atque
3149 5424 3490 5492 simpliciter,
3529 5436 3593 5480 ut

1992 5530 2109 5579 nos,
2140 5516 2231 5569 sed
2262 5516 2533 5571 exsistens
2579 5516 2629 5569 id
2662 5517 2805 5585 quod
2842 5527 2981 5583 erat,
3036 5515 3248 5570 etiamsi
3302 5516 3481 5571 factus
3520 5520 3591 5572 sit

1991 5623 2139 5662 caro.
2195 5608 2471 5678 Scriptmn
2520 5619 2602 5664 est
2648 5612 2815 5674 enim,
2872 5609 3017 5680 quod
3062 5627 3081 5659 ι
3135 5607 3293 5664 Jesus
3335 5609 3590 5667 Christus

1992 5702 2104 5757 lteri
2143 5712 2195 5756 et
2228 5702 2435 5768 hodie;
2466 5702 2608 5757 idem
2655 5702 2768 5773 ipse
2817 5714 2871 5755 et
2923 5702 3089 5773 710
3134 5702 3188 5757 in
3229 5704 3424 5760 smeula
3459 5703 3525 5761 ".
3558 5721 3585 5760 ο

2122 5910 2201 5964 ¹⁷Ι
2238 5909 2378 5965 Tim.
2416 5928 2473 5973 tt,
2505 5910 2556 5965 3.
2643 5909 2683 5939 ⁸⁸
2710 5900 2875 5966 llelir.
2911 5924 3029 5971 xm.
3062 5908 3111 5963 8.
