3988 6512
336 522 485 578 i219

1444 518 1529 571 DE
1572 512 2095 573 INCARNATIOHE
2135 513 2508 569 UNICENITI.

3488 513 3508 565 1
3522 511 3627 566 9..ξῆ

332 640 397 692 τὸ
426 637 737 709 ἔμπροσθεν
769 637 847 699 είς
882 636 941 689 τὸ
968 634 1189 706 ἄμεινον
1229 636 1286 688 ἐν
1332 634 1481 708 δόξῃ,
1514 636 1654 688 κατὰ
1694 634 1784 687 τόν
1812 635 1927 688 ἴσον

2049 633 2104 687 de
2136 632 2444 702 praestantia
2482 630 2666 700 gloria:
2700 648 2711 684 :
2746 628 2935 685 eadem
2970 642 3184 697 quoque
3219 626 3430 680 ratione
3460 625 3626 679 etiam

335 747 441 782 που
474 729 631 797 λόγον
661 728 754 779 καὶ
787 726 847 779 τὸ
880 726 1058 780 ὀπίσω
1097 728 1365 797 φήσομεν,
1403 728 1463 779 τδ
1498 726 1572 790 ὡς
1607 726 1663 777 ὲν
1689 724 1920 795 εὐκλείᾳ

335 820 590 891 δεύτερον
624 815 682 872 εὖ
717 818 863 889 μάλα
893 819 1251 889 καταδηλοῦν.

409 912 467 964 Β.
504 909 771 981 Περιέστη
794 909 857 981 δὴ
894 903 1007 976 οὖν,
1040 909 1115 971 ὡς
1152 907 1319 975 ἔοικε,
1350 908 1449 978 τῆς
1494 909 1740 963 Ἰωάννου
1771 910 1934 980 δόξης

335 1004 602 1073 ἡττᾶσθαι
664 1002 917 1073 Χριστὸν,
982 1000 1075 1053 καὶ
1143 999 1318 1051 ὀπίσω
1371 1000 1600 1070 δραμεῖν
1656 999 1935 1062 ἀσυνέτως

336 1097 607 1149 ὑπονοεῖν
636 1094 738 1164 ἔφη
764 1095 893 1164 γὰρ,
917 1094 999 1146 ὅτι
1039 1090 1244 1145 Ὀπίσω
1274 1108 1373 1161 μου
1408 1091 1627 1163 ἔρχεται
1661 1092 1824 1161 ἁνήρ.

408 1189 472 1240 Δ.
521 1185 626 1239 Φεῦ
678 1185 779 1255 τῆς
831 1182 1082 1245 άτοπίαςί
1142 1181 1453 1252 Οίησόμεθα
1511 1180 1621 1253 γάρ
1681 1182 1779 1251 οὐχ
1831 1174 1935 1235 ὧδε

333 1279 505 1348 ἔχειν,
535 1278 912 1349 ἐννενοηκότες
944 1275 1123 1348 ὀρθῶς
1168 1276 1228 1329 τὸ
1277 1277 1335 1329 ἐν
1378 1274 1643 1346 Ψαλμοῖς.
1682 1291 1934 1346 γεγραμ-

339 1371 524 1440 μένον,
564 1370 646 1423 ὅτι
682 1387 701 1420 ι
727 1367 823 1431 Τίς
847 1368 907 1420 ἐν
934 1366 1187 1435 νεφέλαις
1238 1365 1571 1436 ίσωθήσεται
1600 1363 1680 1436 τῷ
1706 1365 1932 1436 Κυρίιιη

334 1463 432 1515 καὶ
458 1461 540 1523 τίς
572 1460 974 1530 ὁμοιωθήσεται
1000 1457 1077 1528 τῷ
1108 1456 1228 1528 Θεῷ
1262 1460 1319 1511 ἐν
1350 1459 1492 1523 υἱοῖς
1516 1456 1651 1511 Θεοῦ
1674 1474 1734 1522 ;ει
1776 1458 1932 1511 Ἀνα-

333 1551 521 1606 θετέον
563 1547 654 1603 οὖν
692 1550 800 1621 ἄρα
843 1549 936 1603 καὶ
973 1548 1111 1620 μετὰ
1162 1548 1363 1619 σαρκὸς
1411 1546 1564 1619 αὐτῷ
1601 1546 1664 1601 τὸ
1696 1547 1937 1621 πρεσϐύ-

334 1659 525 1706 τατον,
568 1640 641 1703 ὡς
680 1640 800 1711 Θεῷ
846 1640 987 1695 κατὰ
1027 1638 1188 1707 φύσιν
1217 1637 1475 1691 ἐνωθέντι
1506 1637 1693 1707 σαρκὶ,
1738 1638 1831 1690 καὶ
1868 1632 1944 1690 τᾶι

332 1732 438 1801 τῆς
469 1732 604 1793 ιδίας
634 1730 850 1799 φύσεως
903 1730 1087 1798 ἀγαθὰ
1116 1732 1387 1784 χοινοποῖε
1400 1746 1444 1780 ιν
1474 1727 1688 1781 εἰωθότι
1709 1728 1789 1799 τῷ
1820 1728 1936 1800 ἰδίῳ

336 1821 577 1893 σώματι.

410 1914 469 1967 Β.
504 1916 731 1985 Ἀριστα
766 1912 925 1985 ἔφης.

409 2007 474 2058 Δ.
508 2005 678 2057 Τοῦτο
705 2004 748 2057 δ⁴
786 2004 852 2058 ἂν
892 2004 1106 2075 μάθοις,
1137 1996 1240 2057 ὦδὲ
1269 2019 1332 2056 τε
1367 2001 1488 2073 ἔχον
1525 2001 1622 2056 καὶ
1646 2001 1937 2073 εἰρημένον

333 2096 535 2167 ὀρθῶς,
569 2097 661 2149 καὶ
688 2095 747 2159 ἐξ
776 2089 1060 2166 ἐτέρων,ὧ
1084 2096 1204 2161 τᾶν,
1227 2094 1391 2166 εἰπερ
1409 2094 1569 2158 Ξλοιο,
1598 2093 1935 2165 μαρτυριῶν.

338 2189 490 2259 Ἐφη
548 2189 647 2256 μὲν
688 2188 798 2257 γάρ
848 2204 953 2239 που
1006 2186 1139 2249 Θεὸς
1186 2188 1322 2256 περὶ
1372 2185 1466 2238 τοῦ
1516 2188 1581 2239 ἐκ
1621 2186 1937 2255 σπέρματος

334 2278 525 2339 Δασὶδ,
566 2278 628 2331 τὸ
655 2278 797 2331 κατὰ
829 2278 1009 2348 σάρκα
1044 2277 1311 2348 Χριστοῦ,
1355 2278 1424 2330 δι’
1459 2278 1575 2341 ἐνὸς
1621 2278 1729 2331 τῶν
1764 2278 1937 2346 ἁγίων

337 2371 659 2443 προφητῶν
700 2389 716 2420 ι
744 2371 852 2423 Καὶ
888 2372 973 2435 σὺ,
1010 2370 1278 2442 Βηθλεέμ,
1327 2365 1477 2431 οἶκος
1517 2368 1610 2423 τοῦ
1667 2370 1932 2441 Ἐφραθᾶ,

335 2462 617 2531 ὀλιγοστὸς
665 2459 713 2514 εἷ
762 2460 856 2515 τοῦ
900 2458 1039 2515 εἶναι
1089 2464 1146 2514 ἐν
1199 2462 1443 2532 χιλιάσιν
1497 2462 1685 2515 Ἰούδα·
1737 2464 1800 2515 ἐκ
1839 2462 1933 2516 σοῦ

342 2570 435 2623 μοι
464 2552 805 2619 ἐξελεύσεται
826 2551 920 2606 τοῦ
952 2548 1091 2607 εἶναι
1121 2554 1201 2617 είς
1228 2553 1471 2624 ἄρχοντα
1501 2555 1557 2606 ἐν
1588 2553 1664 2623 τῷ
1696 2555 1931 2625 Ἰσραὴλ,

340 2646 436 2699 καὶ
475 2647 529 2697 at
570 2645 734 2709 ἔξοδοι
783 2645 949 2698 αὐτοῦ
993 2646 1247 2716 άπαρχῆς
1289 2644 1353 2710 ἐξ
1402 2645 1626 2715 ἡμερῶν
1667 2646 1883 2708 αίώνος.
1912 2664 1930 2698 ι

341 2740 480 2809 Περὶ
507 2738 564 2791 δέ
594 2755 657 2806 γε
706 2738 814 2791 τῶν
852 2737 985 2791 υἱῶν
1031 2736 1268 2808 Ἰσραὴλ,
1304 2739 1337 2790 ὁ
1377 2736 1667 2807 ἱερώτατος
1703 2737 1932 2800 Παῦλος*

345 2853 364 2883 ι
398 2834 518 2885 Ὅτι
570 2832 770 2895 πάντες
814 2831 891 2894 είς
943 2831 1032 2883 τὸν
1082 2829 1292 2899 Μωσῆν
1337 2828 1748 2897 ἐϐαπτίσθησαν
1783 2830 1841 2881 ἐν
1869 2832 1935 2900 τῇ

342 2924 542 2995 νεφέλῃ
584 2923 680 2976 καὶ
729 2926 786 2976 ἐν
832 2925 898 2993 τῇ
940 2922 1207 2992 θαλάσσῃ.
1250 2920 1345 2973 καὶ
1392 2920 1593 2982 πάντες
1628 2919 1825 2990 βρῶμα
1876 2921 1937 2972 τὸ

345 3012 715 3083 πνευματικὸν
768 3010 993 3079 ἔφαγον,
1045 3011 1141 3063 καὶ
1190 3011 1395 3071 πάντες
1436 3008 1497 3060 τὸ
1531 3008 1661 3061 αὐτὸ
1696 3027 1939 3080 πνευμα-

342 3105 493 3158 τικὸν
533 3105 683 3158 ἔπιθι
716 3104 889 3175 πόμα.
931 3103 1156 3156 Ἐπινον
1182 3104 1289 3173 γάρ
1312 3102 1379 3155 ὲκ
1401 3102 1777 3172 πνευματικῆς
1803 3102 1934 3154 άκο-

342 3195 643 3263 λοιιθοὺσης
699 3196 925 3265 πέτρας.
990 3194 1055 3245 Ἠ
1108 3194 1281 3263 πέτρα
1330 3192 1389 3245 δὲ
1439 3187 1508 3263 ἦν
1550 3192 1578 3243 ὁ
1625 3193 1879 3263 Χριστός.
1912 3211 1930 3243 ι

2040 723 2189 788 illud,
2217 736 2358 794 post,
2390 725 2630 778 dicemus
2658 721 2965 791 signiﬁcare
2995 720 3309 775 inferiorem
3339 717 3534 789 gloria.

2112 924 2171 977 Β.
2215 923 2571 978 Statuendum
2602 922 2784 990 itaque
2806 920 2933 982 erit,
2958 933 3079 973 meo
3099 917 3326 985 judicio,
3353 915 3629 973 Christum

2036 1015 2244 1071 Joanne
2272 1014 2584 1069 inferiorem
2613 1015 2783 1085 gloria
2810 1027 2955 1067 esse.
2989 1010 3138 1065 Dixit
3165 1011 3308 1064 enim
3342 1029 3353 1062 :
3390 1010 3516 1065 Post
3545 1028 3633 1068 me

2038 1110 2217 1162 veniet
2246 1108 2347 1162 vir.

2110 1200 2177 1255 A.
2217 1198 2374 1252 Absit
2410 1205 2556 1252 tanta
2591 1194 2936 1251 absurtlitas!
2969 1193 3150 1248 Facile
3182 1194 3326 1247 enim
3361 1194 3633 1265 judicabi-

2040 1305 2160 1344 mus
2191 1304 2301 1343 rem
2332 1290 2402 1343 ita
2431 1304 2491 1342 se
2522 1303 2626 1342 non
2657 1289 2878 1350 habere,
2906 1289 2949 1341 si
2984 1288 3112 1340 illud
3127 1289 3196 1340 'in
3226 1287 3459 1343 Psalmis
3486 1288 3629 1343 scri-

2038 1387 2187 1447 pturn
2226 1388 2371 1432 recte
2406 1378 2772 1447 intelligamus
2804 1395 2817 1431 :
2857 1394 2875 1427 ι
2916 1376 3185 1442 Quoniam
3222 1380 3343 1444 quis
3377 1378 3429 1431 iu
3467 1378 3629 1432 nubi-

2025 1471 2139 1525 'bus
2171 1470 2478 1539 zequabitur
2510 1468 2783 1523 Domino?
2815 1478 2868 1521 et
2903 1468 3032 1537 quis
3061 1467 3257 1521 similis
3291 1468 3395 1522 erit
3432 1469 3544 1523 Deo
3576 1470 3629 1523 in

2041 1562 2164 1617 ﬁliis
2195 1561 2287 1617 Dei
2305 1562 2389 1614 ιιι
2427 1580 2445 1613 ι
2482 1560 2792 1615 Tribuenda
2827 1559 3007 1627 itaque
3037 1570 3122 1613 est
3154 1558 3278 1626 ipsi,
3310 1562 3474 1612 etiam
3508 1573 3633 1613 cum

2039 1669 2229 1721 carne,
2261 1652 2605 1723 antiquitatis
2620 1652 3010 1722 praerogativa,
3040 1652 3297 1705 nimirum
3321 1662 3379 1704 ut
3401 1650 3510 1706 Deo
3540 1666 3636 1706 na-

2042 1747 2288 1800 turaliter
2332 1747 2487 1799 unito
2530 1746 2706 1805 carni,
2747 1746 2949 1814 quique
2998 1744 3231 1812 propria:
3272 1758 3385 1798 sua!
3434 1752 3638 1797 natura:

2040 1835 2180 1890 bona
2210 1837 2423 1906 corpori
2456 1836 2621 1890 etiam
2653 1851 2751 1889 suo
2781 1835 3190 1889 communicare
3216 1835 3527 1889 consuevit.

2113 1925 2174 1979 Β.
2217 1925 2431 1995 Optime
2461 1927 2619 1981 dicis.

2114 2018 2180 2072 Α.
2224 2016 2336 2071 Hoc
2362 2032 2489 2071 vero
2518 2019 2587 2071 ita
2616 2033 2673 2071 se
2702 2017 2923 2083 habere,
2956 2026 3210 2085 recteque
3238 2017 3341 2071 dici
3372 2018 3539 2072 etiam
3568 2032 3634 2074 ex

2042 2108 2161 2162 aliis
2192 2107 2517 2162 tesﬁmoniis
2545 2108 2758 2160 discere
2789 2108 3007 2175 poteris.
3039 2105 3114 2159 lta
3144 2108 3290 2161 enim
3324 2108 3464 2161 Deus
3498 2106 3629 2173 alibi

2041 2213 2137 2266 per
2169 2200 2460 2267 quemdam
2509 2201 2895 2265 prophetarum
2942 2198 3009 2249 de
3050 2198 3267 2251 Christo
3312 2212 3378 2251 ex
3428 2199 3638 2251 semine

2041 2287 2208 2339 David
2246 2286 2541 2340 secundum
2581 2301 2803 2339 carnem
2848 2286 3084 2351 loquitur
3117 2304 3131 2338 :
3174 2304 3192 2337 ι
3237 2284 3303 2339 Ει
3345 2296 3433 2353 ιιι,
3472 2286 3638 2342 Beth-

2040 2376 2235 2441 It’ltt'm,
2262 2377 2450 2431 domus
2474 2374 2774 2443 Epltratlta,
2799 2378 3019 2429 minima
3046 2390 3102 2431 es
3128 2375 3180 2430 in
3213 2377 3445 2430 millibus
3464 2373 3635 2444 Juda;

2040 2484 2104 2522 ex
2145 2479 2195 2522 te
2231 2469 2359 2521 mihi
2398 2470 2708 2536 egredietur
2743 2468 2832 2534 qui
2873 2468 2943 2520 sit
2980 2468 3292 2521 dominator
3328 2469 3379 2521 in
3417 2466 3585 2524 Israel
3619 2484 3633 2521 :

2039 2568 2093 2613 et
2128 2574 2381 2627 egressus
2416 2560 2530 2626 ejus
2566 2559 2633 2613 ab
2672 2559 2825 2612 initio
2860 2573 2887 2611 a
2927 2558 3121 2615 diebus
3153 2559 3571 2614 aeternitatis".
3611 2579 3631 2613 ι

2041 2650 2114 2703 De
2153 2650 2277 2703 ﬁliis
2317 2661 2494 2703 autem
2538 2647 2701 2702 Israel
2743 2649 3115 2702 divinissimus
3156 2647 3356 2702 Paulus
3393 2650 3464 2702 ita
3503 2651 3582 2705 ait
3616 2670 3632 2685 -

2048 2760 2065 2791 ι
2100 2740 2235 2806 Quia
2267 2756 2455 2795 omnes
2489 2740 2540 2793 iu
2576 2740 2757 2811 Moyse
2792 2740 3047 2809 baptizati
3080 2750 3205 2795 sunt
3242 2741 3292 2793 in
3328 2741 3470 2795 nube
3497 2752 3548 2796 et
3579 2741 3633 2797 in

2042 2831 2201 2894 mari,
2234 2840 2288 2883 et
2318 2846 2509 2883 omnes
2536 2832 2784 2882 eamdem
2817 2844 3000 2882 escam
3034 2829 3372 2895 spiritualem
3409 2830 3636 2883 mandu-

2042 2930 2328 2983 caverunt,
2364 2930 2418 2973 et
2449 2936 2639 2973 omnes
2675 2920 2927 2973 eumdem
2966 2932 3150 2987 potum
3188 2918 3521 2988 spiritualetn
3555 2918 3637 2974 bi-

2041 3010 2256 3064 berunt.
2306 3010 2568 3063 Blhcbaut
2624 3010 2768 3063 enim
2818 3009 2887 3063 de
2937 3010 3205 3078 spirituali
3261 3022 3638 3077 consequente

2043 3112 2134 3152 eos
2170 3107 2341 3166 petra.
2378 3094 2534 3148 Petra
2571 3104 2750 3148 autem
2784 3107 2900 3149 erat
2932 3095 3181 3151 Christus
3206 3100 3274 3152 “.
3317 3117 3335 3149 ι
3374 3098 3640 3153 Animad-

2043 3199 2192 3241 verte
2222 3189 2405 3256 itaque
2436 3187 2488 3241 itt
2520 3186 2740 3241 Christo
2768 3185 2895 3241 Jesu
2931 3188 3142 3242 ratione
3173 3189 3397 3243 unitatis
3428 3204 3527 3256 per
3556 3191 3640 3243 in-

349 3285 541 3356 Ἄθρει
573 3284 637 3355 δὴ
673 3280 763 3337 οὖν
787 3285 843 3335 ἐν
870 3283 1092 3355 Χριστῷ
1130 3281 1305 3351 Ἰησοῦ
1342 3280 1465 3334 καθ’
1502 3280 1695 3336 ἕνωσιν
1729 3284 1937 3335 οἰκονο-

2049 3281 2413 3333 carttatiouem
2461 3278 2615 3330 facte
2660 3278 2988 3346 peculiarem
3026 3278 3186 3331 Verbi
3235 3280 3641 3347 antiquitatem.

348 3377 517 3448 μικὴν
560 3376 621 3428 τὸ
673 3375 855 3438 ίδικῶς
895 3374 990 3427 τοῦ
1036 3373 1209 3445 Λόγου
1266 3372 1659 3444 πρεσϐύτατον.
1716 3369 1791 3426 Ἦ
1842 3375 1941 3427 οὐκ

344 3471 583 3542 ἐναργὴς
646 3472 673 3522 ό
723 3469 918 3537 λόγοςς
971 3467 1073 3519 Τδν
1124 3468 1231 3537 γάρ
1284 3483 1368 3518 τοι
1430 3466 1809 3537 Βηθλεεμίτην
1867 3468 1943 3531 ὡς

345 3562 632 3632 ἀνθρωπον
667 3561 760 3614 καὶ
792 3562 856 3612 ὲκ
884 3558 1167 3627 γυναικὸς,
1202 3557 1456 3628 άπαρχῆς
1506 3560 1698 3619 αἰῶνος
1724 3560 1821 3623 τὰς
1852 3559 1942 3625 ἐξ-

340 3654 498 3717 όδους
528 3652 672 3723 ἔχειν
702 3650 759 3705 εὖ
789 3652 932 3723 μάλα
964 3652 1147 3720 φησίν.
1166 3651 1255 3704 Ἐν
1284 3653 1427 3721 ἀρχῇ
1456 3650 1565 3720 γάρ
1592 3646 1681 3722 ἦν,
1719 3654 1812 3704 καὶ
1838 3653 1944 3723 πρὸ

345 3745 551 3810 παντὸς
586 3744 802 3808 αἰῶνος,
841 3746 868 3797 ὁ
894 3743 1322 3813 ἐνανθρωπήσας
1354 3743 1545 3809 Λόγος,
1566 3746 1659 3797 καὶ
1686 3745 1848 3808 αὐτὸς
1875 3741 1943 3815 ἦν

347 3838 382 3905 ἡ
420 3835 629 3905 πέτρα,
671 3832 996 3902 δεδιψηκότα
1036 3833 1127 3884 τὸν
1172 3831 1389 3902 Ἰσραὴλ
1438 3834 1550 3894 τοῖς
1582 3834 1713 3904 παρ’
1753 3834 1945 3887 ἐλπίδα

349 3929 444 3981 καὶ
472 3926 755 3998 ἀδοκήτοις
782 3924 1140 3996 ὲκμεθύσκων
1178 3922 1405 3993 νάμασι,
1438 3924 1616 3977 καίτοι
1660 3926 1944 3995 γεννηθεὶς

348 4017 493 4072 κατά
531 4034 593 4086 γε
629 4017 727 4089 τὴν
760 4018 939 4087 σάρκα
980 4018 1074 4069 καὶ
1118 4016 1177 4069 τὸ
1206 4014 1546 4086 ἀνθρώπινον
1590 4018 1647 4068 ἐν
1691 4019 1943 4087 ἐσχάτοις

349 4110 581 4179 καιροῖς,
614 4109 705 4161 καὶ
736 4107 1094 4178 κεχρισμένος
1125 4108 1203 4167 εἰς
1235 4106 1335 4175 τὴν
1366 4108 1443 4169 είς
1480 4106 1684 4175 κόσμον
1711 4109 1945 4162 timeto-

346 4200 446 4271 λην
478 4200 627 4270 παρὰ
660 4199 752 4252 τοῦ
780 4199 914 4253 Θεοῦ
946 4200 1041 4252 καὶ
1074 4198 1305 4267 Πατρός.
1356 4197 1794 4263 Κατωνόμασται
1834 4201 1943 4271 γὰρ

346 4294 448 4363 οὐχ
500 4294 685 4363 ἐτέρου
739 4310 834 4346 του
884 4290 1066 4363 χάριν,
1115 4290 1231 4344 ἀλλ’
1273 4289 1304 4359 ἢ
1356 4289 1443 4342 διά
1492 4293 1652 4345 τοῦτο
1684 4295 1940 4363 Χριστός*

349 4386 585 4457 Χριστδς
649 4384 704 4436 δὲ
745 4379 811 4454 ἦν
861 4384 894 4453 ἡ
944 4383 1141 4454 πέτρα,
1170 4382 1310 4435 κατὰ
1349 4382 1439 4437 τὸν
1478 4384 1710 4438 Παῦλον.
1739 4381 1815 4437 Ἦ
1853 4388 1944 4437 ὲν-

345 4477 592 4531 δοιαστδν
617 4477 677 4529 τὸ
711 4476 901 4546 χρῆμα
924 4477 1070 4547 ἐρεῖς
1092 4493 1105 4539 ;

422 4568 481 4621 B.
516 4568 803 4637 Οὐδαμῶς.

2043 3369 2237 3424 Nonne
2283 3370 2376 3422 tibi
2421 3370 2554 3422 satis
2598 3380 2785 3438 aperte
2832 3369 2947 3423 haec
2993 3370 3133 3423 dicta
3173 3371 3460 3425 videntur?
3500 3370 3637 3428 Nam

2042 3462 2516 3524 Bethlvhemitam,
2538 3473 2596 3514 ut
2616 3462 2887 3515 hominem
2916 3470 2967 3513 et
2998 3476 3063 3514 ex
3093 3462 3316 3515 muliere
3345 3474 3549 3526 natum,
3570 3465 3640 3521 ab

2047 3558 2201 3611 initio
2248 3554 2430 3608 saeculi
2481 3568 2736 3623 egressus
2790 3552 2989 3605 habere
3045 3552 3196 3606 dicit.
3254 3553 3311 3606 lu
3368 3556 3640 3626 principio

2044 3649 2189 3703 enim
2228 3656 2371 3712 erat,
2408 3658 2461 3701 et
2504 3655 2628 3698 ante
2666 3644 2846 3699 omnia
2888 3642 3084 3697 secula
3132 3643 3473 3698 incarnatum
3508 3646 3640 3701 Ver-

2046 3743 2195 3805 bum,
2234 3748 2289 3793 et
2336 3741 2509 3808 ipsum
2553 3747 2672 3791 erat
2718 3748 2891 3803 petra,
2934 3737 3190 3791 lsraeletn
3241 3739 3331 3792 siti
3381 3738 3635 3795 allectum

2048 3832 2327 3901 repentina
2367 3840 2531 3899 atque
2567 3829 2841 3899 iu0piuata
2879 3844 3145 3899 aquarum
3180 3832 3513 3901 scaturigine
3549 3848 3641 3889 sa-

2047 3927 2207 3989 tiaus,
2242 3924 2451 3978 tametsi
2484 3932 2667 3976 natum
2696 3923 2763 3976 sil
2793 3920 3089 3976 secundum
3119 3938 3336 3977 carnem
3365 3934 3417 3975 et
3446 3926 3639 3978 huma-

2046 4017 2268 4071 nitatem
2321 4017 2372 4070 itt
2421 4015 2733 4069 novissimis
2782 4015 3115 4082 temporibus
3161 4032 3173 4066 :
3228 4026 3531 4083 unctusque
3583 4018 3642 4071 in

2046 4108 2409 4179 apostolatum
2451 4109 2501 4159 itt
2544 4108 2800 4159 mundum
2844 4122 2873 4159 a
2910 4106 3020 4159 Deo
3064 4121 3127 4161 ac
3167 4106 3344 4161 Patre.
3383 4108 3516 4161 Nam
3560 4109 3641 4164 id-

2048 4205 2214 4263 circo,
2249 4215 2427 4268 neque
2458 4198 2619 4252 aliam
2653 4202 2721 4253 ob
2752 4214 2968 4253 causam
3004 4210 3223 4253 voratus
3250 4211 3328 4254 est
3362 4201 3637 4264 Christus.

2046 4296 2160 4348 sive
2196 4303 2413 4347 unctus.
2448 4292 2696 4345 Christus
2728 4302 2906 4345 autem
2941 4305 3057 4346 erat
3090 4302 3237 4359 petra
3259 4334 3271 4352 ,
3303 4295 3456 4362 juxta
3498 4294 3638 4349 Pau-

2048 4386 2178 4441 lum.
2220 4387 2377 4440 Anne
2426 4386 2778 4439 dubitandum
2829 4387 2929 4440 hac
2976 4387 3027 4440 in
3074 4400 3131 4440 re
3178 4388 3472 4456 quidquam
3518 4403 3641 4444 esse

2046 4477 2277 4532 censes?

2124 4569 2183 4621 Β.
2229 4567 2600 4637 Nequaquam.

420 4664 486 4713 Λ.
535 4656 953 4728 Ἐπαγωνιεῖται
982 4661 1038 4714 δὲ
1075 4662 1167 4715 καὶ
1214 4661 1537 4733 συναθλήσει
1568 4662 1813 4734 τῷλόγῳ
1849 4666 1938 4717 καὶ

2126 4663 2189 4713 Λ.
2229 4660 2533 4713 Continuat
2579 4673 2707 4711 vero
2757 4658 2897 4713 hanc
2946 4661 3311 4727 sententiam,
3357 4672 3410 4715 et
3459 4672 3643 4719 tuetur

349 4752 380 4803 ό
434 4752 595 4818 σοφός
650 4751 945 4820 Ἰωάννης,
997 4753 1281 4822 μονονουχὶ
1324 4755 1415 4805 καὶ
1462 4754 1799 4825 συναγείρων
1843 4756 1943 4820 τὰς

350 4842 564 4909 φύσεις,
601 4842 691 4895 καὶ
731 4844 808 4904 εἰς
839 4845 1201 4912 μισγάγκειαν
1228 4845 1376 4912 ἄγων
1400 4844 1506 4897 τῶν
1541 4846 1777 4918 ἑκατέρα
1806 4866 1942 4918 πρε-

352 4932 565 4985 πόντων
594 4933 899 5001 ἰδιωμάτων
948 4934 1049 5003 τὴν
1077 4934 1331 5005 δύναμιν.
1384 4936 1491 4988 Θὲα
1524 4936 1630 5007 γὰρ
1671 4937 1698 4989 ὃ
1737 4954 1902 5007 φησιν
1924 4955 1937 4968 ·

358 5042 376 5074 ι
404 5025 469 5074 Ὃ
511 5019 579 5092 ἦν
620 5024 895 5094 ἀπαρχῆς,
930 5024 958 5077 ὃ
1006 5026 1346 5095 ἀκηκόαμεν,
1388 5027 1417 5080 ὃ
1462 5028 1791 5097 ἑωράκαμεν
1829 5033 1941 5092 τοῖς

351 5113 655 5183 ὀφθαλμοῖς
682 5114 860 5183 ἡμῶν,
889 5115 918 5167 ὃ
947 5114 1312 5186 ἐθεασάμεθα,
1354 5119 1447 5170 καὶ
1474 5119 1529 5170 αί
1572 5121 1755 5189 χεῖρες
1782 5121 1813 5188 ἡ
1825 5119 1941 5188 μῶν

356 5204 717 5273 ἐψηλάφησαν
759 5206 886 5276 περὶ
929 5205 1023 5258 τοῦ
1061 5206 1235 5274 Λόγου
1274 5210 1372 5276 τῆς
1414 5207 1582 5277 ζωῆς,
1634 5210 1729 5263 καὶ
1759 5213 1790 5280 ἡ
1826 5211 1940 5282 ζωὴ

355 5294 700 5364 ἐφανερώθη,
724 5294 818 5347 καὶ
840 5294 1185 5365 ἑωράκαμεν,
1207 5298 1299 5348 καὶ
1327 5298 1733 5369 μαρτυροῦμεν,
1764 5300 1942 5368 ἀπαγ-

356 5385 621 5457 γέλλομεν
654 5388 781 5457 ὑμῖν
809 5385 910 5456 τὴν
957 5385 1101 5457 ζωὴν
1130 5387 1227 5457 τὴν
1258 5387 1495 5455 αἰώνιον,
1531 5390 1652 5458 ἥτις
1694 5385 1763 5457 ἦν
1806 5392 1942 5462 πρὸς

356 5478 447 5530 τὸν
489 5479 725 5550 Πατέρα,
771 5481 865 5531 καὶ
902 5478 1224 5549 ἐφανερώθη
1269 5482 1419 5550 ἡμῖν.
1450 5500 1467 5531 ι
1514 5480 1649 5533 Ἰδοὺ
1690 5481 1780 5535 τὸν
1818 5483 1945 5535 ὄντα

359 5568 637 5637 ἀπαρχῆς,
684 5564 865 5637 ὦφθαι
900 5574 964 5638 γέ
1022 5588 1185 5639 φησιν
1234 5572 1501 5641 ἐναργῶς,
1549 5572 1836 5641 ὑπομεῖναί
1889 5592 1947 5627 τε

363 5662 455 5713 καὶ
481 5661 642 5726 ἁφήν.
694 5661 1080 5732 ’Λνεκεκράγει
1110 5662 1217 5732 γάρ
1258 5666 1286 5715 ό
1337 5663 1559 5733 Θωμᾶςο
1590 5684 1606 5715 ι
1640 5666 1696 5717 ’0
1742 5666 1947 5736 Κύριός

368 5768 497 5817 μου,
548 5754 639 5805 καὶ
665 5755 692 5806 ό
716 5753 847 5817 Θεός
876 5772 999 5825 μου,
1029 5774 1045 5806 ι
1082 5756 1467 5828 ἀναμετρήσεις
1500 5758 1749 5828 δακτύλῳ
1785 5760 1947 5811 τελευ-

440 5926 484 5959 ²¹
508 5925 650 5984 Psal.
684 5946 946 5995 Lxxxvtu,
976 5930 1025 5985 7.
1127 5933 1170 5962 ’³
1205 5928 1364 5988 .\lirh.
1402 5948 1454 5998 ν,
1492 5934 1547 5989 ‘2.

1625 5934 1668 5965 “
1699 5933 1711 5987 l
1742 5936 1866 5988 (ἴοι.
1906 5951 1957 6001 v,
1988 5935 2111 5992 2-4.

2050 4753 2306 4817 Joannes,
2335 4752 2497 4822 712
2529 4761 2739 4805 tantum
2773 4766 2875 4804 non
2905 4768 3241 4822 congregans
3271 4757 3317 4807 in
3348 4772 3511 4810 unum
3543 4774 3638 4811 na-

2051 4854 2199 4899 turas
2220 4883 2233 4907 ,
2267 4854 2320 4896 et
2353 4846 2742 4914 proprietatum
2777 4857 2895 4909 qua:
2926 4844 3140 4912 utrique
3170 4846 3499 4899 conveniunt
3532 4851 3637 4901 vim

2051 4950 2115 4989 ac
2141 4936 2393 4989 virtutem
2424 4934 2474 4987 in
2506 4950 2668 4988 unam
2700 4934 3059 4990 conﬂuentem
3088 4935 3313 4989 ducens.
3336 4937 3467 4990 Vide
3495 4939 3639 4992 enim

2048 5026 2181 5096 quid
2227 5026 2421 5079 dicat:
2476 5042 2493 5074 t
2538 5025 2691 5091 Quod
2734 5036 2852 5079 erat
2899 5026 2967 5080 ab
3014 5025 3199 5089 initio;
3245 5030 3387 5095 quod
3434 5030 3640 5081 audivi-

2053 5134 2191 5183 mus,
2228 5118 2373 5187 quod
2414 5118 2650 5172 vidimus
2688 5118 2862 5171 oculis
2908 5119 3141 5184 nostris;
3180 5126 3322 5188 quod
3363 5121 3639 5189 perspexi-

2051 5224 2206 5273 ntus,
2248 5219 2301 5263 et
2346 5224 2540 5263 manus
2584 5217 2781 5263 nostrae
2827 5215 3310 5262 contrectaveruut
3356 5214 3422 5262 de
3460 5208 3638 5264 Verbo

2050 5300 2194 5354 vitae.
2226 5298 2292 5354 Et
2323 5301 2429 5353 vita
2465 5300 2812 5355 manifestata
2850 5310 2962 5364 est,
2998 5310 3054 5353 et
3085 5301 3353 5364 vidimus,
3386 5311 3439 5354 et
3476 5313 3641 5356 testa-

2052 5408 2195 5455 tuur,
2239 5394 2623 5447 annuutiamus
2667 5394 2821 5448 vobis
2860 5393 3023 5446 vitam
3065 5402 3323 5446 attentam
3368 5408 3485 5461 quae
3524 5404 3637 5449 erat

2050 5486 2189 5551 apttd
2225 5485 2462 5549 Patrem,
2494 5495 2550 5540 et
2579 5488 2827 5556 apparuit
2860 5487 3015 5541 nobis
3035 5487 3103 5542 ".
3144 5506 3163 5538 ι
3202 5483 3362 5540 Vides
3394 5503 3515 5541 eum
3548 5490 3636 5555 qui

2052 5574 2153 5627 fuit
2178 5576 2247 5629 ab
2274 5575 2449 5639 initio,
2483 5577 2770 5631 manifeste
2795 5579 2970 5630 visum
3002 5577 3190 5641 fuisse,
3222 5588 3275 5630 et
3303 5578 3447 5647 tangi
3477 5579 3640 5632 susti—

2054 5666 2255 5722 nuisse.
2283 5665 2615 5721 Exclamavit
2643 5670 2783 5721 enim
2810 5667 3047 5723 Thomas
3076 5686 3089 5721 :
3123 5688 3141 5719 ι
3179 5668 3437 5721 Dominus
3466 5682 3639 5730 meus,

2054 5768 2107 5810 ct
2151 5758 2294 5813 Deus
2339 5774 2489 5813 meus
2519 5760 2585 5825 '°,
2640 5780 2657 5811 ι
2708 5776 2828 5814 cum
2882 5769 3242 5823 perteutasset
3284 5760 3451 5831 digito
3498 5759 3638 5813 latus

2192 5938 2236 5969 "
2269 5938 2281 5992 l
2316 5938 2469 5995 Joan.
2507 5958 2539 6006 I,
2581 5942 2629 6005 Ι,
2666 5942 2719 5995 ἓ.
2798 5942 2841 5973 ³⁸
2874 5938 3032 5995 Juatt.
3068 5955 3157 6004 xx,
3187 5940 3278 5995 9.8.
