3988 6518
427 530 556 585 1351

1409 519 1465 572 S.
1508 511 1781 570 CYRILLI
1823 502 2295 563 ALEXANDRIXI
2339 501 2650 556 ARCHIEP.

3549 485 3689 547 1352

425 644 692 716 corporis.
737 651 789 698 et
837 637 1177 710 pertusioncs
1221 637 1336 692 sive
1385 634 1647 690 foramina
1696 630 1988 686 clavorum.

2110 623 2198 676 σάν
2221 639 2279 674 τε
2314 621 2411 691 τὴν
2465 619 2718 689 σώματος
2757 616 2851 671 καὶ
2885 616 2984 678 τὰς
3018 616 3335 687 διατρήσεις
3369 613 3480 666 τῶν
3518 613 3683 682 ἥλων.

424 737 562 805 Quin
595 748 648 790 et
681 733 890 790 divinus
923 729 1095 784 Lucas
1126 730 1203 783 ait
1233 735 1448 784 sanctos
1479 723 1750 794 apostolos
1782 730 1996 792 specta-

428 839 571 884 tores
606 834 660 880 et
703 825 978 879 ministros
1003 819 1161 877 Verbi
1200 819 1365 874 fuisse
1387 817 1454 870 ’7.
1491 815 1691 870 Factus
1729 821 1812 868 est
1849 811 1993 866 enim

424 920 748 988 conspicuus
793 915 882 984 qui
934 923 1018 970 est
1061 914 1443 981 incorporeus,
1488 917 1544 962 et
1590 903 1996 962 contrectabilis

425 1009 514 1077 qui
549 1007 692 1076 tangi
725 1005 942 1075 nequit,
976 1017 1196 1058 carnem
1226 1015 1386 1070 quam
1420 997 1598 1053 induit
1628 1011 1734 1051 non
1765 995 1994 1049 alienam

425 1114 458 1152 a
491 1113 547 1153 se
579 1097 816 1161 habens,
853 1095 945 1150 sed
979 1092 1254 1163 proprium
1289 1089 1390 1144 sibi
1431 1087 1685 1158 templum
1719 1083 1993 1148 alliciens;

333 1225 336 1228 -
427 1198 482 1242 et
529 1204 650 1242 cum
696 1203 760 1241 ea
810 1185 1055 1255 cognitus
1106 1192 1166 1238 ut
1215 1182 1356 1237 Deus
1406 1189 1461 1235 et
1513 1179 1791 1234 Dominus.
1842 1174 1994 1230 Nosti

427 1280 590 1333 etiam
615 1278 739 1348 quid
766 1276 1143 1332 sanctissimus
1167 1273 1256 1328 ille
1280 1272 1477 1327 Paulus
1500 1270 1691 1326 scribit
1715 1288 1730 1324 :
1757 1286 1777 1320 ι
1805 1265 1996 1334 Nemo,

432 1371 626 1441 inquit,
666 1380 906 1426 nostrum
948 1366 1052 1422 sibi
1092 1367 1247 1430 vivit,
1291 1374 1346 1418 et
1387 1377 1547 1418 nemo
1593 1360 1697 1415 sibi
1744 1360 1994 1414 moritur.

432 1464 556 1517 Sive
581 1461 724 1515 enim
749 1460 1000 1522 vivimus,
1030 1457 1253 1511 Domino
1277 1455 1539 1520 vivimus;
1566 1452 1681 1506 sive
1709 1450 1992 1513 morimur,

435 1551 656 1606 Domino
681 1550 959 1604 morimur.
989 1547 1115 1601 Sive
1138 1559 1266 1614 ergo
1293 1544 1546 1607 vivimus,
1574 1542 1688 1595 sive
1715 1538 1996 1604 morimur,

428 1640 634 1696 Domini
673 1652 882 1694 sumus.
917 1639 973 1692 In
1013 1639 1116 1692 hoc
1151 1637 1292 1691 enim
1327 1633 1578 1690 Christus
1610 1640 1854 1685 mortuus
1889 1637 1993 1692 est,

427 1743 482 1787 et
510 1733 829 1795 resurrexit,
856 1738 914 1783 ut
945 1739 998 1784 et
1029 1729 1272 1782 vivorum
1305 1733 1359 1781 et
1387 1733 1719 1778 mortuorum
1751 1718 1997 1773 domine-

428 1836 515 1879 tur
548 1824 614 1878 ⁸⁸.
653 1841 672 1875 ι
707 1821 930 1877 Constat
963 1819 1142 1888 itaque
1179 1817 1320 1886 quod
1356 1829 1543 1870 revera
1574 1813 1882 1868 dominatus
1927 1809 1997 1864 sit

429 1925 762 1969 mortuorum
794 1923 847 1967 et
876 1911 1199 1974 viventium,
1228 1909 1317 1977 qui
1351 1922 1455 1961 non
1486 1905 1556 1961 ob
1585 1904 1743 1959 aliam
1774 1917 1994 1958 causam

428 2023 587 2078 quam
613 2006 684 2062 ob
714 2007 853 2060 hanc
883 2004 1051 2061 solam
1084 2013 1331 2058 mortuus
1359 2011 1444 2056 est
1475 2008 1530 2056 et
1558 1997 1878 2054 resurrexit.

499 2182 562 2238 Β.
603 2181 852 2238 Omnino.

500 2277 564 2328 Α.
606 2274 902 2341 Quemnam
958 2270 1121 2341 igitur
1162 2268 1404 2324 dicemus
1452 2265 1682 2322 subiisse
1735 2274 1998 2329 mortem,

431 2378 752 2433 rursumque
781 2359 1177 2417 resurrexisse?

499 2454 559 2508 Β.
601 2453 795 2508 Filium
825 2452 1087 2522 profecto.
1445 2526 1449 2531 ~

500 2547 565 2600 Α.
606 2543 799 2600 Filium
835 2545 1050 2613 quidem
1089 2553 1233 2599 recte
1268 2542 1428 2606 dicis,
1459 2550 1622 2612 atque
1653 2555 1752 2612 ego
1792 2541 1843 2595 id
1878 2555 2002 2610 pro-

431 2638 624 2691 barim.
664 2634 929 2690 Caeterum
971 2634 1074 2689 hoc
1117 2649 1181 2689 ex
1229 2645 1279 2689 te
1323 2633 1479 2710 velim
1526 2645 1888 2702 cognoscere,
1932 2646 1999 2683 an

433 2724 666 2780 Verbum
694 2741 760 2781 ex
790 2727 895 2780 Deo
924 2723 1086 2780 Patre
1115 2725 1187 2778 sit
1219 2723 1448 2779 mortale
1471 2733 1527 2778 et
1553 2722 1882 2791 corruptioni
1908 2721 2004 2776 ob-

434 2818 681 2878 noxium;
721 2832 787 2870 an
827 2817 1002 2887 potius
1042 2825 1215 2872 morte
1254 2824 1308 2871 et
1346 2814 1691 2885 corruptiOne
1729 2816 1998 2884 superius,

433 2917 488 2960 ut
515 2908 644 2962 vita.

503 3001 564 3056 Β.
603 3000 876 3056 Posterms
903 2999 934 3053 h
957 3016 1004 3056 ιο
1034 3001 1431 3058 aliirmaverim.

503 3093 564 3144 Α.
609 3090 883 3157 Ουοιιιοιιο
911 3091 1072 3161 igitur
1099 3093 1327 3145 mortuis
1355 3098 1741 3144 annumeralus
1766 3099 1878 3156 est,
1909 3094 1997 3161 qui

434 3181 569 3236 liber
589 3192 670 3235 est
699 3183 992 3236 secundum
1020 3179 1363 3251 Scripturas?
1389 3179 1570 3248 Neque
1597 3181 1740 3234 enim
1764 3177 1997 3234 Verbum

433 3289 526 3342 per
549 3287 606 3327 se
633 3274 766 3326 mori
799 3282 979 3341 queat.

501 3362 559 3415 Β.
602 3362 736 3428 Quia
781 3373 989 3416 mortua
1034 3362 1200 3432 ipsius
1238 3377 1422 3430 carne,
1460 3363 1575 3434 ipse
1617 3366 1717 3418 hoc
1762 3364 1869 3434 pati
1914 3361 1997 3417 di-

432 3453 589 3507 citur.

503 3546 567 3598 Α.
612 3544 928 3600 Rectissime
953 3546 1144 3600 sentis.
1171 3547 1425 3607 Proinde.
1455 3563 1559 3601 non
1587 3549 1788 3616 absque
1812 3561 1996 3612 carne,

431 3636 524 3690 sed
553 3637 728 3705 potius
756 3637 914 3691 simul
941 3653 1060 3692 cum
1091 3637 1178 3691 illa
1205 3639 1593 3700 dominationis
1619 3639 1842 3709 gloriam
1871 3654 1998 3694 con-

433 3739 649 3782 secutus
674 3738 790 3793 est,
818 3730 909 3798 qui
941 3729 1053 3797 lege
1083 3731 1266 3784 carnis
1297 3739 1349 3783 et
1383 3743 1571 3783 natura
1607 3732 1766 3786 simili
1800 3741 1998 3786 nostrae

434 3828 676 3875 mortuus
712 3831 795 3875 est
833 3830 887 3875 et
924 3822 1235 3876 resurrexit.
1276 3821 1518 3876 Humana
1558 3821 1775 3892 quidem
1818 3825 1997 3894 passio

433 3919 515 3964 est
550 3911 716 3971 mori;
755 3909 913 3980 713
949 3910 1183 3964 divinam
1221 3926 1346 3965 vero
1383 3912 1489 3965 vim
1528 3923 1690 3980 atque
1723 3916 1998 3981 operatio-

436 4017 554 4054 nem
587 4007 912 4070 resurgeudo
941 4002 1177 4054 ostendit
1209 4020 1223 4055 :
1256 4012 1313 4056 ut
1343 4017 1437 4071 per
1463 4013 1754 4072 utrumque
1783 4005 1881 4058 hoc
1909 4019 1999 4058 co-

433 4101 740 4159 gnoscatur,
784 4100 836 4144 et
880 4090 1070 4144 similis
1111 4090 1297 4155 nobis,
1337 4101 1392 4146 et
1438 4093 1593 4147 nobis
1635 4095 1900 4162 superior,
1945 4103 2002 4149 ut

439 4185 576 4240 Deus
627 4184 1019 4246 universorum,
1063 4191 1115 4236 et
1176 4183 1457 4237 nobiscum
1510 4184 1702 4248 factus,
1748 4195 2002 4239 cernatur

433 4291 552 4329 cmn
587 4274 761 4328 Patre.
792 4275 901 4328 lloc
931 4284 1086 4342 pacto
1117 4274 1288 4343 ipsum
1319 4291 1649 4345 cognoscens
1677 4275 1997 4341 Natbanael,

432 4363 567 4415 dixit
624 4379 636 4414 :
692 4381 709 4412 ‹
773 4362 1045 4430 Magister,
1108 4372 1160 4416 tu
1205 4378 1264 4418 es
1301 4364 1470 4418 Filius
1513 4367 1636 4433 Dei;
1703 4377 1756 4420 ιιι
1801 4383 1861 4422 es
1905 4384 2000 4423 rex

431 4451 678 4507 Israel".
715 4473 732 4503 ι
765 4453 881 4522 ipse
938 4468 1065 4508 vero
1109 4454 1222 4508 suis
1276 4455 1559 4526 discipulis
1599 4458 1813 4526 inquit:
1846 4477 1864 4510 ι
1890 4457 2001 4514 Vos

431 4554 610 4596 autem
637 4543 838 4596 vocatis
870 4558 952 4596 tne
982 4539 1266 4597 Dominum
1299 4553 1353 4598 et
1384 4545 1732 4615 magistrum;
1771 4560 1825 4602 et
1856 4561 2003 4605 recte

2099 713 2428 782 Γεγενῆσθαι
2475 713 2533 765 δέ
2569 727 2699 780 φησι
2739 709 2864 772 τοὺς
2899 709 3090 777 ἁγίους
3135 704 3478 769 ἀποστόλους
3520 705 3618 758 καὶ
3661 707 3690 759 ὁ

2097 804 2238 866 θεῖος
2267 807 2400 874 ἡμῖν
2436 803 2653 865 Λουκᾶς
2706 800 2980 863 αὐτόπτας
3027 817 3089 852 τε
3132 799 3229 852 καὶ
3268 797 3557 867 ὑπηρέτας
3594 795 3685 848 τοῦ

2097 895 2293 963 Λόγου.
2320 896 2515 963 Γέγονε
2544 894 2653 965 γὰρ
2668 891 2917 963 ἐμφανὴς
2945 893 2974 946 ὁ
2996 890 3309 961 ἀσώματος,
3348 888 3446 941 καὶ
3473 888 3688 950 ἁπτὺςὸ

2097 987 2331 1058 ἀναφὴς,
2357 989 2458 1040 οὐκ
2485 985 2692 1038 ὀθνεῖον
2712 984 2851 1055 ἔχων
2878 984 2958 1036 ἔτι
2986 982 3301 1054 περιελημα
3331 981 3432 1051 τὴν
3454 978 3564 1032 ἀπὸ
3585 978 3689 1048 τῆς

2099 1078 2296 1149 σάρκα,
2327 1077 2440 1130 ἀλλ’
2476 1077 2604 1128 ἴδιον
2638 1075 2810 1144 αὐτὴν
2841 1075 3210 1146 ποιησάμενος
3257 1072 3406 1138 ναδν,
3449 1071 3549 1124 καὶ
3594 1072 3688 1123 σὺν

2098 1170 2233 1240 αὐτῇ
2269 1168 2689 1239 γνωριζόμενος,
2719 1166 2796 1230 ὡς
2824 1167 2958 1229 Θεὸς
2984 1165 3078 1218 καὶ
3104 1163 3330 1236 Κύριος.
3364 1161 3690 1232 Γεγραῷτα

2097 1261 2155 1314 δὲ
2190 1257 2349 1314 οἶσθά
2395 1277 2498 1313 που
2548 1259 2640 1312 τὸν
2682 1258 2976 1329 ἱερώτατον
3026 1255 3260 1310 Παῦλον·
3311 1275 3329 1306 ι
3354 1254 3548 1317 Οὐδεὶς
3581 1252 3688 1321 γὰρ

2100 1353 2258 1424 ἡμῶν
2286 1352 2468 1423 ἑαυτῷ
2495 1350 2585 1422 ζῇ.
2615 1352 2710 1404 καὶ
2746 1350 2920 1414 οὐδεὶς
2951 1347 3128 1418 ἑαυτῷ
3163 1346 3522 1417 ἀποθνήσκει.
3565 1345 3689 1397 Ἐάν

2100 1461 2158 1498 τε
2189 1444 2299 1513 γὰρ
2327 1442 2528 1513 ζῶμεν,
2551 1440 2629 1512 τῷ
2659 1441 2851 1513 Κυρίῳ
2879 1441 3086 1511 ζῶμεν
3120 1439 3213 1492 ἐάν
3240 1455 3298 1490 τε
3331 1436 3692 1506 ἀποθνήσκω·-

2103 1552 2220 1606 μεν,
2261 1533 2340 1603 τῷ
2384 1535 2576 1604 Κυρίῳ
2617 1533 3056 1602 ἀποθνήσκομεν.
3094 1530 3220 1582 Ἐάν
3253 1545 3311 1580 τε
3351 1523 3446 1581 οὖν
3485 1525 3689 1597 ζῶμεν,

2099 1626 2194 1678 ὲάν
2227 1642 2286 1678 τε
2317 1625 2778 1695 ἀποθνήσκωμεν,
2822 1624 2917 1677 τοῦ
2946 1623 3152 1692 Κυρίου
3187 1621 3375 1692 ἐσμέν.
3415 1620 3513 1683 Εἰς
3537 1619 3689 1679 τοῦτο

2099 1717 2207 1787 γὰρ
2236 1715 2471 1785 Χριστὸς
2500 1712 2763 1777 ἀπέθανε,
2810 1714 2905 1767 καὶ
2951 1710 3168 1784 ἔζησεν,
3214 1712 3300 1764 ἵνα
3348 1711 3443 1764 καὶ
3481 1708 3688 1780 νεκρῶν

2099 1807 2196 1861 καὶ
2224 1804 2442 1870 ζώντων
2472 1804 2758 1878 κυριεύσῃ.
2792 1823 2810 1854 ι
2858 1805 3095 1874 ’Δραρεν
3123 1799 3236 1866 οὖν,
3276 1803 3357 1853 ὅτι
3401 1800 3688 1871 κεκυρῐευ-

2103 1919 2198 1956 κεν
2224 1900 2440 1970 ἀληθῶς
2469 1899 2685 1972 νεκρῶν
2714 1915 2775 1952 τε
2807 1897 2902 1952 καὶ
2941 1897 3162 1961 ζώντων
3188 1897 3218 1948 ὁ
3268 1895 3343 1966 μὴ
3374 1894 3566 1966 ἑτέρου
3596 1909 3685 1946 του

2033 1969 2076 2024 Β
2105 1996 2284 2068 χάριν,
2385 1995 2468 2047 ὅτι.
2495 1969 2648 2046 τοῢδε
2705 1993 2801 2046 καὶ
2837 1991 3004 2062 μόνου
3038 1986 3271 2052 τεθνεὼς
3313 1989 3409 2043 καὶ
3455 1989 3688 2058 ἐγηγερ-

2107 2087 2288 2159 μένος.

2178 2178 2241 2232 B.
2276 2178 2535 2247 Ἀραρεν.

2174 2268 2239 2320 Α.
2271 2267 2406 2319 Τίνα
2434 2267 2498 2335 δὴ
2531 2261 2642 2328 οὖν,
2688 2259 2732 2317 ὦ
2769 2267 3007 2332 γενναῖε,
3036 2262 3240 2333 φαμὲν,
3265 2261 3340 2324 ὡς
3380 2259 3555 2314 ὑπέδυ
3593 2259 3681 2328 μὶν

2104 2359 2356 2422 θάνατον,
2388 2357 2588 2412 ἀνεϐίω
2617 2357 2674 2410 δὲ
2703 2353 2803 2422 αὖς

2173 2452 2234 2505 Β.
2268 2451 2370 2503 Τὸν
2398 2450 2526 2504 Υἱὺν
2551 2449 2810 2520 δηλονότι.

2164 2546 2230 2598 Λ.
2281 2541 2420 2594 Ἀλλ’
2447 2543 2530 2595 ὅτι
2565 2541 2662 2611 μὲν
2693 2542 2784 2594 τὸν
2825 2539 2974 2603 Υἱὸν,
3008 2533 3067 2592 εὖ
3097 2538 3296 2605 λέγεις·
3329 2537 3680 2605 ἐπαινέσομαι

2103 2634 2209 2705 γὰρ
2233 2628 2346 2688 οὖν.
2380 2633 2656 2703 Ἐθέλοιμι
2684 2633 2808 2688 δ’ἄν
2839 2649 2932 2685 σου
2955 2630 3265 2702 διαμαθεῖν,
3299 2629 3534 2701 πότερον
3567 2628 3681 2697 θνη-

2100 2727 2191 2789 τος
2256 2726 2349 2779 καὶ
2385 2725 2562 2797 φθορᾷ
2602 2725 2834 2794 κάτοχος
2861 2725 2889 2776 ὁ
2931 2725 2996 2776 ὲκ
3023 2722 3158 2775 Θεοῦ
3187 2721 3399 2793 Πατρὸς
3437 2719 3676 2790 Λόγος,ἢ

2104 2818 2244 2886 πέρα
2280 2817 2507 2870 θανάτου
2537 2819 2630 2870 καὶ
2663 2816 2866 2886 φθορᾶς
2896 2813 3156 2882 ἀμεινων,
3191 2812 3265 2875 ὡς
3291 2811 3425 2881 ζωή.

2174 2995 2234 3049 Β.
2271 2993 2428 3048 Οὖτω
2456 2994 2618 3065 φημί.

2172 3090 2234 3139 Α.
2271 3082 2404 3139 Εἶτα
2447 3087 2564 3150 πῶς
2611 3087 2833 3154 γέγονεν
2891 3086 2948 3137 ἐν
2985 3086 3220 3154 νεκροῖς,
3261 3084 3356 3136 καὶ
3405 3083 3675 3155 ἐλεύθερος

2101 3178 2197 3244 ὢν,
2243 3178 2384 3230 κατὰ
2427 3177 2526 3239 τάς
2577 3176 2833 3246 Γρα’ράς;
2885 3174 3121 3245 Τεθναίη
3161 3175 3268 3244 γὰρ
3308 3175 3373 3228 ἂν
3420 3175 3537 3227 οὔτι
3587 3192 3675 3228 που

2026 3299 2068 3354 C
2102 3269 2223 3323 καθ’
2249 3269 2439 3322 ἑαυτὸν
2468 3270 2494 3321 ὁ
2525 3269 2715 3336 Λόγος.

2175 3369 2235 3422 Β.
2270 3366 2716 3437 Ὅτιτεθνεώσης
2751 3365 2912 3419 αὐτοῦ
2941 3365 3040 3435 τῆς
3086 3364 3309 3435 σαρκὸς,
3340 3364 3500 3426 αὐτὸς
3535 3363 3675 3415 τοῦςο

2100 3455 2317 3522 λέγεται
2347 3453 2559 3507 παθεῖν.

2171 3551 2234 3602 Α.
2274 3547 2572 3617 Ὀρθότατά
2617 3563 2678 3613 γε
2728 3546 2822 3599 καὶ
2855 3545 3127 3608 ἀπλανῶς.
3183 3546 3415 3611 Οὐκοῦν,
3459 3547 3518 3599 οὐ
3565 3546 3675 3615 δίχα

2100 3638 2321 3708 σαρκὸς.
2353 3639 2447 3691 σὺν
2476 3639 2611 3707 αὐτῂ
2644 3638 2700 3690 δὲ
2734 3638 2935 3706 μᾶλλον
2958 3638 3053 3690 καὶ
3088 3639 3206 3707 μετ’
3235 3639 3428 3707 αὐτῆς,
3465 3639 3562 3708 τὴν
3587 3641 3675 3706 τῆς

2099 3728 2420 3797 κυριότητος
2467 3727 2768 3797 ἀνεδήσατο
2822 3727 3004 3792 δόξαν,
3055 3732 3084 3782 ὀ
3140 3729 3292 3798 νόμῳ
3349 3712 3552 3797 σαρκδς
3592 3726 3675 3778 καὶ

2101 3819 2258 3888 φύσει
2290 3821 2357 3889 τῇ
2391 3819 2513 3871 καθ’
2546 3820 2692 3889 ἡμᾶς
2725 3819 2956 3882 τεθνεὼς
3002 3821 3094 3874 καὶ
3126 3821 3520 3891 ἐγηγερμένος.
3565 3820 3673 3873 Ἀν-

2100 3910 2371 3982 θρὼπινον
2395 3911 2492 3980 μὲν
2513 3910 2571 3962 τὸ
2593 3911 2844 3964 τεθνάναι
2876 3911 3068 3975 πάθος,
3117 3912 3399 3982 ἐνέργημα
3425 3912 3480 3965 δὲ
3509 3911 3674 3965 θεῖκδν

2100 4003 2158 4055 τὸ
2201 4001 2502 4055 ἀναὸιῶναι
2553 4001 2788 4066 δεικνὺς,
2847 4002 2930 4056 ἵνα
2963 4004 3032 4056 δι’
3080 4004 3280 4073 ἀμφοῖν
3327 4004 3671 4075 γνιιιρξζηται,

2103 4093 2224 4148 καθ’
2258 4095 2409 4164 ἡμᾶς
2438 4111 2496 4146 τε
2525 4093 2641 4163 ἅμα
2669 4095 2763 4146 καὶ
2793 4094 2933 4164 ὑπὲρ
2961 4097 3106 4165 ἡμᾶς
3137 4097 3212 4158 ὡς
3237 4097 3371 4160 Θεὸς
3394 4099 3503 4149 τῶν
3526 4099 3672 4160 ὅλων,

2102 4187 2195 4241 καὶ
2221 4186 2340 4253 μεθ’
2371 4185 2531 4256 ήμῶν
2557 4189 2822 4254 γεγονὼς,
2853 4188 3027 4258 ὁρῷτο
3059 4188 3199 4259 μετὰ
3235 4191 3469 4259 Πατρός.
3500 4190 3676 4254 Οὕτως

2102 4277 2261 4331 αὑτὸν
2289 4280 2317 4331 ὁ
2351 4277 2646 4349 Ναθαναὴλ
2690 4280 3092 4345 ἐπιγινώσκων,
3128 4281 3356 4350 ἔφασκε
3412 4303 3430 4334 ι
3474 4284 3672 4344 Ῥα66ὶ,

2104 4371 2168 4423 σὺ
2229 4367 2280 4422 εἴ
2338 4373 2365 4423 ὁ
2432 4371 2556 4434 Υἱὸς
2617 4370 2712 4424 τοῦ
2771 4371 2939 4437 θεοῦ,
3004 4375 3068 4426 σὺ
3119 4371 3169 4426 εἷ
3215 4377 3242 4429 ὀ
3285 4375 3541 4444 βασιλεὺς
3590 4376 3674 4430 τοῦ

2101 4462 2341 4532 Ἰσραήλ.
2373 4481 2389 4512 ι
2414 4463 2580 4527 Αὐτὸς
2605 4465 2662 4516 δὲ
2689 4467 2798 4528 τοῖς
2819 4466 3011 4517 ἑαυτοῦ
3036 4466 3326 4538 μαθηταῖς·
3357 4488 3374 4519 ι
3409 4469 3596 4537 Ὑμεῖς
3624 4469 3673 4521 δὲ

2102 4554 2316 4608 καλεῖτέ
2360 4572 2446 4622 με,
2492 4557 2677 4625 ερησὶν,
2725 4557 2752 4607 ὀ
2803 4556 3004 4627 Κύριος
3051 4560 3146 4611 καὶ
3193 4559 3544 4624 διδάσκαλος,
3589 4562 3674 4613 καὶ

433 4633 638 4698 dicitis,
676 4648 790 4687 sum
833 4634 974 4688 enim
1005 4634 1069 4686 ³⁸.
1116 4652 1134 4684 ι
1175 4633 1252 4690 Re
1286 4648 1465 4691 autem
1505 4638 1618 4705 ipsa
1655 4639 1708 4694 id
1745 4656 1995 4710 compro-

2110 4645 2282 4709 καλῶς
2314 4647 2520 4715 λέγετε·
2553 4649 2669 4718 εἰμὶ
2697 4648 2822 4717 γάρ.
2858 4668 2871 4697 ι
2913 4649 3172 4720 Ἔργῳδὲ
3198 4651 3329 4702 αὺτὸ
3358 4653 3676 4722 πιστευόμε-

431 4728 584 4787 bans,
616 4727 838 4780 remittit
868 4736 1106 4795 peccata,
1135 4736 1187 4781 et
1217 4739 1535 4796 potestatem
1566 4731 1712 4786 dedit
1741 4733 1996 4788 adversus

431 4817 652 4886 spiritus
683 4819 1004 4881 iunnum'os,
1035 4819 1106 4872 ita
1138 4829 1196 4872 ut
1226 4821 1431 4888 possint
1461 4823 1658 4888 ejicere
1687 4840 1799 4891 eos,
1829 4836 1884 4880 et
1909 4843 1997 4882 sa-

433 4921 563 4960 nare
589 4921 744 4960 oume
772 4922 939 4976 genus
971 4909 1137 4963 morbi
1169 4910 1442 4978 popularis
1461 4912 1527 4966 ".
1555 4911 1744 4971 Nonne
1771 4919 1912 4970 enim
1943 4919 1994 4972 in

432 4998 644 5051 nomine
683 4996 806 5052 Jesu
851 5000 1047 5054 Christi
1091 4999 1355 5057 Nazareni
1400 5016 1627 5058 sanatur
1665 5007 1888 5062 claudus
1929 5025 1992 5064 ex

432 5103 659 5160 utroque
698 5093 849 5159 pede.
890 5093 1079 5147 sedens
1118 5094 1182 5146 ad
1226 5106 1434 5163 portam
1475 5112 1593 5165 qua:
1634 5100 1828 5154 dicitur
1866 5101 1996 5171 Spe—

431 5183 572 5234 ciosa
595 5180 676 5233 ³⁸2
703 5181 776 5233 Ita
807 5184 968 5236 etiam
1001 5200 1029 5235 ιι
1063 5185 1317 5239 diuturno
1347 5189 1773 5260 gravissimeque
1809 5194 1996 5249 morbo

432 5272 688 5327 liberatus
719 5284 798 5326 cst
829 5273 1047 5338 Encas,
1075 5275 1284 5331 dicente
1315 5278 1379 5332 ad
1411 5293 1531 5332 eum
1565 5282 1746 5336 divino
1776 5282 1940 5338 Paulo
1979 5302 1991 5337 :

436 5382 454 5414 ι
490 5362 683 5429 Ᾱῐηειι,
717 5377 874 5418 sanat
907 5376 955 5419 te
986 5365 1143 5422 Jcsus
1175 5369 1505 5425 Christus”.
1546 5391 1563 5422 ι

501 5540 558 5592 Β.
600 5541 672 5592 Ita
706 5553 804 5595 est.

505 5635 563 5681 Λ.
604 5627 761 5685 Omni
794 5633 952 5702 igitur
978 5651 1041 5691 cx
1071 5648 1222 5706 parte
1251 5643 1507 5710 compulsi
1538 5644 1602 5700 ad
1634 5648 1909 5703 veritatem
1939 5659 1994 5705 et

527 5836 567 5866 ”
597 5835 721 5889 Luc.
755 5853 789 5898 ι,
822 5838 882 5890 9..

434 5906 478 5938 υ
503 5907 618 5959 Aci.
661 5921 732 5973 εκ,
766 5908 852 5960 δι.

953 5839 996 5869 ³³
1021 5838 1173 5897 Rom.
1209 5845 1455 5902 XlV.7-9.
1536 5849 1578 5879 ’³
1603 5847 1755 5906 Jnau.
1794 5865 1828 5915 ι,
1863 5851 1946 5905 49.

2030 5855 2069 5884 ³“¹
2097 5854 2249 5909 «Ιοτιιι.
2293 5873 2409 5925 ιιιι,
2448 5857 2533 5910 l5.

2099 4756 2208 4803 vo;,
2245 4740 2428 4809 ἀνίησι
2475 4745 2571 4809 μὲν
2616 4741 2910 4810 ἁμαρτίας,
2945 4741 3194 4806 ἐξουσίαν
3234 4742 3288 4794 δὲ
3336 4742 3504 4795 ἔδωκε
3544 4743 3675 4796 κατά

2101 4833 2427 4902 πνευμάτων
2476 4832 2822 4902 ἀκαθάρτων,
2875 4833 3013 4885 ὥστε
3056 4833 3338 4886 ἐκϐάλλειν
3379 4834 3538 4896 αὐτὰ,
3587 4835 3673 4888 καὶ

2101 4923 2428 4995 θεραπεύειν
2459 4925 2637 4976 πᾶσαν
2677 4924 2830 4976 νόσον
2862 4924 2954 4976 καὶ
2989 4927 3166 4978 πᾶσαν
3207 4927 3478 4995 μαλακίαν
3515 4928 3570 4978 ἐν
3604 4926 3672 4995 τῷ

2100 5011 2235 5080 λαῷ.
2263 5009 2336 5064 Ἦ
2369 5013 2469 5064 οὐκ
2494 5014 2548 5064 ἐν
2580 5013 2802 5080 ὀνόματι
2852 5014 3024 5084 Ἰησοῦ
3061 5015 3296 5084 Χριστοῦ
3335 5017 3667 5087 Ναζωραίου,

2097 5103 2492 5169 τεθεράπευται
2544 5103 2642 5171 μὲν
2681 5105 2708 5154 ὀ
2745 5101 2824 5156 τὼ
2867 5106 2992 5158 πόδε
3029 5105 3238 5176 λελωϐη
3248 5107 3430 5175 μένος,
3478 5110 3572 5161 καὶ
3609 5111 3667 5178 τῇ

2095 5197 2274 5268 ὡραία
2315 5195 2659 5266 προσιζάνων
2707 5196 2893 5269 πύλῃς
2941 5199 3252 5269 ἀρρωστίαν
3294 5199 3348 5252 δὲ
3409 5199 3506 5270 τὴν
3541 5201 3670 5252 οὕτω

2098 5285 2314 5356 μακρὰν
2345 5286 2695 5350 ἀπεσείσατο,
2725 5286 2820 5338 καὶ
2863 5288 3057 5358 κομιδῇ
3087 5288 3477 5356 δυσδιᾶφυκτον
3500 5287 3672 5358 διέδρα

2095 5377 2248 5429 νόσον
2304 5377 2520 5439 Αἰνέας,
2583 5377 2717 5447 πρὸς
2763 5377 2822 5428 ὃν
2876 5380 2904 5430 ὁ
2949 5377 3233 5443 θεσπέσιος
3283 5380 3388 5452 ἔφη
3448 5382 3668 5445 Παῦλος

2101 5487 2118 5518 ι
2143 5470 2327 5532 Αἰνέα,
2355 5470 2495 5521 ἰᾶταέ
2524 5487 2581 5522 σε
2620 5470 2830 5540 Ἰησοῦς
2851 5473 2879 5524 ό
2903 5472 3158 5542 Χριστός.
3199 5492 3218 5523 ι

2172 5561 2229 5612 Β.
2272 5560 2512 5630 Ἀληθές.

2173 5655 2233 5705 Α.
2278 5653 2620 5724 Πανταχόθεν
2657 5650 2750 5707 οὖν
2795 5654 2902 5726 ἀρα
2949 5653 3346 5727 συνωθούμενοι
3375 5660 3512 5730 πρὸς
3551 5659 3678 5730 αλήιι

2616 5859 2655 5889 πι
2684 5857 2873 5914 Malm.
2911 5874 2963 5924 χ,
2992 5859 3042 5913 8.
3123 5861 3166 5891 ³²
3190 5861 3310 5915 Art.
3342 5879 3425 5929 ιιι,
3461 5864 3493 5916 :2
3526 5878 3672 5934 seqq.
