3988 6462
263 480 403 534 1253

1399 466 1586 536 QUOD
1629 464 1817 522 UNUS
1858 459 1968 517 SIT
2007 456 2381 514 CHRISTUS.

3398 443 3534 499 1234

262 599 436 658 οιιαν,
476 597 569 648 καὶ
600 594 660 646 τὸ
702 594 809 653 τοῖς
850 591 1012 661 ἱεροῖς
1049 588 1342 661 Γράμμασι
1380 585 1571 639 δοκοῦν
1620 586 1840 655 ἰχνηλα-

1973 593 2222 633 acrarum
2264 574 2671 643 Scripturarutn
2708 563 3018 623 auctoritati
3055 560 3407 632 acquiescere
3440 573 3535 613 vo-

259 691 376 741 τείν
416 681 474 738 εὖ
528 684 674 752 μάλα
713 680 1127 746 σπουδάζοντες,
1165 679 1259 732 καὶ
1299 678 1420 740 ταῖς
1464 675 1572 729 τῶν
1621 674 1845 745 πατρῶν

262 780 522 849 ἑπόμενοι
561 776 761 838 δόξαις,
787 774 877 826 τὸν
902 774 965 826 ὲκ
991 770 1146 843 ῥίζης
1189 770 1409 835 Ἰεσσαὶ,
1449 769 1539 823 τὸν
1579 770 1642 821 ὲκ
1674 768 1845 838 σπέρο

265 888 437 941 ματος
466 866 652 928 Δαόὶδ,
679 864 771 917 τὸν
800 866 865 918 ὲκ
902 862 1157 930 γυναικὸς
1194 860 1336 914 κατὰ
1370 859 1570 929 σάρκα,
1604 858 1695 911 τὸν
1728 856 1847 927 μεθ’

262 962 423 1033 ἡμῶν
452 959 555 1012 ὑπὸ
594 958 759 1027 νόμον
797 956 873 1017 ὡς
900 954 1208 1024 ἄνθρωπον,
1245 952 1339 1004 καὶ
1372 951 1512 1021 ὑπὲρ
1539 950 1684 1020 ἡμᾶς
1708 947 1847 1018 ὑπὲρ

264 1055 429 1123 νόμον
457 1051 531 1112 ὡς
558 1049 710 1113 Θεὺν,
757 1048 848 1100 τὸν
872 1045 938 1098 δι’
986 1046 1135 1115 ἡμᾶς
1186 1061 1244 1097 τε
1290 1044 1384 1097 καὶ
1418 1042 1550 1113 μεθ’
1600 1042 1759 1112 ἡμῶν
1792 1044 1850 1093 ὲν

265 1143 497 1212 νεκροῖς,
525 1140 615 1192 τὸν
645 1137 785 1207 ὑπὲρ
805 1133 1031 1206 ἡμᾶςδι’
1055 1131 1247 1186 ἑαυτὸν
1273 1130 1535 1195 ζωοποιὸν
1558 1131 1651 1183 καὶ
1682 1128 1836 1197 ζωὴν,

264 1233 394 1286 Υιδν
429 1226 569 1284 εἶναι
598 1228 694 1282 τοῦ
721 1226 855 1281 Θεοῦ
887 1224 1032 1278 κατὰ
1062 1223 1322 1296 ἀλήθειαν
1351 1222 1701 1292 πιστεύομεν,
1728 1219 1846 1273 alits

262 1323 548 1394 ψιλοῦντες
581 1321 833 1389 θεότητος
857 1317 918 1371 τὸ
946 1315 1312 1388 ἀνθρώπινον,
1340 1314 1464 1368 οὔτε
1495 1316 1601 1385 μὴν
1636 1312 1850 1383 ἀνθρω-

266 1414 500 1482 πὸτητος
529 1406 1004 1479 ἀπαμφιεννύντες
1036 1406 1128 1458 τὸν
1152 1406 1326 1475 Λόγον
1372 1404 1509 1476 μετὰ
1541 1404 1640 1474 τὴν
1676 1404 1853 1471 ἄφρα-

267 1522 394 1558 στον
423 1500 764 1571 συμπλοκὴν,
792 1497 906 1553 ἀλλ’
934 1498 1032 1551 ἕνα
1057 1496 1262 1551 καὶτὸν
1281 1496 1442 1550 αὑτὸν
1462 1494 1852 1567 ὁμολογοῦντες

268 1598 419 1663 Υἱδν,
450 1596 514 1648 ὲκ
540 1594 688 1646 δυοῖν
741 1589 1113 1661 πραγμάτοιν,
1149 1590 1228 1652 εις
1271 1589 1329 1643 ἐν
1365 1606 1417 1641 τι
1454 1589 1517 1641 τὸ
1554 1586 1615 1652 ἐξ
1648 1587 1852 1657 ἀμφοῖν

266 1688 597 1759 ἀπορρήτως
657 1682 1022 1752 ὲκπεφηνότα,
1072 1680 1196 1735 καθ’
1245 1680 1437 1734 ἕνωσιν
1479 1678 1721 1750 δηλονότι
1754 1676 1853 1748 τὴν

267 1776 563 1837 ἀνωτάτω,
614 1773 710 1827 καὶ
754 1773 816 1825 οὑ
863 1771 1077 1841 φύσεως
1117 1772 1498 1845 παρατροπήν.
1538 1770 1702 1825 Ὅσον
1744 1768 1854 1839 γὰρ

267 1865 412 1918 οὕτω
446 1862 730 1929 δοξάζουσι
753 1861 1040 1933 περιέσται
1067 1860 1128 1913 τὸ
1152 1860 1362 1932 κέρδος,
1398 1861 1653 1931 σαφηνιεῖ
1679 1858 1854 1927 λέγων

1947 670 2149 733 lentes,
2187 677 2243 723 et
2274 667 2493 721 Patrum
2535 662 2858 718 sententiam
2899 664 3221 726 sequentes,
3260 650 3539 706 credimus

1942 776 2069 817 eum
2102 760 2194 829 qui
2226 774 2292 813 ex
2326 756 2507 812 radice
2536 753 2728 817 Jessas,
2758 748 2849 821 qui
2881 763 2948 804 ex
2980 744 3184 801 semine
3215 742 3407 803 David.
3440 739 3534 809 qui

1948 868 2012 908 ex
2054 851 2274 921 Virgine
2319 849 2616 905 secundum
2665 856 2920 905 carnem,
2968 839 3060 910 qui
3105 836 3388 893 nobiscum
3438 830 3540 887 sub

1950 944 2072 1014 lege
2107 951 2191 997 est
2231 950 2289 994 ut
2334 941 2515 1003 homo,
2556 946 2611 991 et
2656 949 2817 1003 supra
2865 947 2982 993 nos,
3026 941 3188 1000 supra
3241 926 3438 996 legem,
3482 931 3543 977 ut

1950 1036 2116 1097 Deus,
2148 1032 2237 1103 qui
2270 1040 2492 1102 propter
2521 1042 2617 1083 nos
2649 1025 2928 1082 nobiscum
2960 1029 3044 1076 est
3079 1021 3223 1075 inter
3254 1026 3539 1080 mortuos;

1950 1126 2039 1197 qui
2071 1140 2231 1193 supra
2264 1138 2359 1177 nos
2387 1136 2484 1194 per
2507 1120 2743 1190 seipsum
2773 1124 2858 1172 est
2883 1113 3163 1168 viviﬁcans
3192 1117 3247 1164 et
3273 1108 3417 1175 vita;
3453 1120 3543 1162 re-

1952 1196 2079 1273 vera
2120 1231 2242 1273 esse
2284 1214 2478 1269 Filium
2523 1213 2637 1267 Dei.
2675 1207 2860 1278 Neque
2903 1202 3296 1258 humanitatem
3342 1196 3537 1253 divini-

1955 1318 2065 1363 tate
2109 1308 2397 1369 nudantes,
2441 1316 2618 1373 neque
2660 1313 2849 1354 rursus
2890 1302 3152 1351 ementes
3196 1290 3545 1347 humanitate

1954 1398 2215 1464 Verbum,
2249 1408 2371 1466 post
2402 1394 2545 1454 illam
2580 1389 2905 1447 inellahilem
2939 1385 3211 1458 copulam,
3248 1383 3340 1438 sed
3374 1397 3543 1437 unum

1953 1500 2112 1560 atque
2140 1493 2387 1544 eumdem
2422 1485 2738 1555 profitentes
2766 1495 2890 1536 esse
2926 1478 3145 1540 Filium,
3180 1475 3271 1546 qui
3305 1489 3373 1529 ex
3411 1474 3549 1529 dua-

1953 1584 2055 1638 bus
2093 1579 2256 1636 rebus
2300 1579 2351 1632 in
2396 1592 2561 1631 unum
2608 1572 2736 1644 quid
2781 1586 2849 1627 ex
2894 1568 3159 1625 ambobus
3200 1563 3551 1621 ineﬂabiliter

1954 1672 2287 1745 apparuerit,
2327 1668 2624 1725 secundum
2664 1664 2917 1720 unionem
2957 1659 3213 1716 nimirum
3254 1670 3547 1717 summam.

1956 1778 2063 1821 non
2090 1771 2271 1818 autem
2298 1757 2597 1817 secundum
2624 1764 2833 1814 naturae
2860 1751 3244 1808 mutationem.
3268 1747 3546 1814 Quantum

1954 1856 2101 1913 enim
2145 1854 2237 1925 qui
2284 1853 2358 1909 ita
2402 1851 2649 1908 sentiunt
2690 1844 3027 1904 lucrifacturi
3071 1843 3211 1907 sint,
3253 1838 3548 1895 manifeste

268 1956 299 2006 δ
321 1926 557 2024 Χριστοῦ
588 1926 873 2021 ίμαθητήξο
910 1969 928 2001 ι
953 1950 1050 2013 Ὃς
1082 1949 1148 2003 ἂν
1181 1926 1613 2021 ὁμολογήσῄ,δτι
1646 1946 1854 2019 Ἰησοῦς

1968 1945 2197 2002 declarat
2228 1941 2434 1999 Christi
2468 1937 2765 2008 discipulus
2796 1936 2985 1991 dicens
3016 1952 3029 1986 :
3066 1952 3083 1981 ι
3118 1930 3381 1999 Quisquis
3411 1943 3548 1983 con-

271 2020 421 2097 ἰστιν
449 2045 476 2096 ὁ
524 2020 649 2097 Tib:
682 2040 774 2093 τοῦ
805 2039 964 2105 Θεοῦ,
1016 2041 1044 2093 ὁ
1093 2038 1226 2102 Θεὸς
1260 2041 1317 2092 ὲν
1360 2020 1511 2109 αῦτῷ
1548 2040 1720 2110 μένει,
1758 2037 1854 2093 καὶ

1968 2038 2138 2094 lessus
2171 2035 2333 2091 fuerit
2365 2034 2620 2106 quoniam
2651 2029 2809 2086 Jesus
2840 2036 2925 2083 est
2954 2025 3125 2082 Filius
3162 2024 3285 2087 Dei;
3327 2020 3552 2076 Deus-in

271 2135 437 2197 αὐτὸς
477 2136 534 2186 ὲν
574 2132 652 2202 τῷ
689 2130 827 2202 Θεῷ.
859 2154 877 2182 ο
931 2132 1055 2185 Ὀτι
1096 2130 1153 2183 δὲ
1200 2130 1405 2201 Ἰησοῦς
1433 2130 1667 2202 Χριστὸς
1709 2132 1737 2183 ὁ
1788 2132 1855 2183 ὲκ

1968 2146 2027 2186 eo
2067 2136 2292 2192 manet,
2336 2135 2393 2202 et
2437 2125 2551 2195 ipse
2597 2124 2650 2180 in
2700 2122 2810 2178 Deo
2834 2121 2900 2175 ⁸⁵.
2955 2139 2975 2173 ι
3026 2117 3182 2187 Quod
3227 2130 3354 2171 vero
3396 2115 3556 2170 Jesus

273 2225 439 2279 Δαῦὶδ
466 2225 607 2278 κατὰ
625 2199 842 2295 σάρκα,
874 2223 1018 2277 κατὰ
1051 2223 1212 2291 φύσιν
1238 2199 1331 2276 καὶ
1352 2199 1569 2292 ἀληθῶς
1588 2222 1715 2286 Υἱός
1739 2223 1855 2275 ἐστι

1968 2222 2216 2277 Christus
2240 2219 2330 2289 qui
2363 2199 2447 2273 est
2473 2233 2539 2271 ex
2570 2216 2737 2271 David
2769 2212 3066 2270 secundum
3090 2224 3335 2272 carnem,
3363 2207 3431 2262 sit
3460 2222 3555 2261 ua-

272 2317 370 2372 τοῦ
398 2315 557 2378 Θεοῦ,
582 2314 715 2369 καθὸ
736 2316 929 2382 γέγονε
964 2313 1101 2386 σὰρξ
1151 2315 1181 2365 ὁ
1204 2313 1395 2380 Λόγος,
1426 2314 1519 2366 καὶ
1548 2314 1856 2384 ἐσκήνωσεν

1968 2311 2215 2366 turaliter
2244 2324 2307 2363 ac
2335 2323 2461 2363 vere
2497 2307 2668 2363 Filius
2703 2306 2821 2371 Dei,
2856 2313 3123 2375 quatenus
3150 2299 3385 2355 Verbum
3426 2313 3558 2354 caro

276 2414 336 2464 tv
381 2411 513 2481 ἡμῖν
537 2447 551 2470 ,
618 2409 1021 2478 κατασφραγιεῖ
1062 2406 1237 2474 λέγων
1282 2406 1310 2457 ὁ
1361 2406 1520 2473 σοφὸς
1585 2406 1860 2476 Ἰωάννηςο

1968 2402 2166 2458 factum
2205 2409 2318 2462 est.
2357 2409 2410 2453 et
2451 2397 2716 2452 habitavit
2757 2396 2811 2451 in
2856 2394 3010 2449 nobis
3034 2394 3101 2457 ⁸³,
3139 2391 3425 2447 conﬁrmat
3468 2405 3559 2444 sa-

286 2522 303 2553 σ
328 2500 439 2554 Καὶ
474 2498 697 2570 οἴδαμεν
729 2499 809 2552 δτι
844 2501 873 2550 ὁ
910 2498 1035 2561 Υἱὸς
1071 2498 1162 2551 τοῦ
1195 2496 1333 2550 Θεοῦ
1361 2499 1508 2567 ἥκει,
1537 2498 1629 2550 καὶ
1665 2497 1861 2552 ἔδωκεν

1968 2493 2118 2563 piens
2161 2490 2251 2544 ille
2297 2488 2533 2543 Joannes
2577 2488 2765 2542 dicens
2808 2503 2820 2538 :
2871 2502 2888 2535 ι
2945 2484 3007 2537 Et
3052 2483 3259 2537 scimus
3299 2481 3558 2551 quoniam

278 2595 414 2661 ἡμῖν
452 2589 714 2651 διάνοιαν,
750 2588 836 2640 ἴνα
880 2586 1243 2656 γινώσκωμεν
1284 2586 1375 2638 τὸν
1412 2585 1666 2657 ἀληθινὸν
1711 2586 1861 2650 Θεὸν,

1976 2582 2145 2637 Filius
2172 2581 2263 2636 Dei
2292 2580 2466 2643 venit,
2492 2588 2548 2634 et
2572 2578 2720 2632 dedit
2749 2574 2905 2631 nobis
2931 2588 3154 2629 sensum
3182 2585 3241 2627 ut
3268 2585 3563 2641 cognosca-

280 2660 377 2734 καὶ
412 2678 579 2749 ἐσμὲν
611 2678 668 2729 ὲν
711 2677 788 2746 τῷ
821 2674 1083 2746 ἀληθινῷ,
1132 2676 1189 2727 ὲν
1225 2674 1303 2743 τῷ
1334 2672 1447 2744 ru;
1480 2672 1645 2727 αὑτοῦ
1688 2672 1861 2744 Ἰησοῦ

1972 2689 2092 2730 mus
2142 2688 2329 2727 verum
2386 2670 2555 2725 Deum
2583 2710 2598 2738 ,
2651 2678 2705 2721 et
2747 2667 2922 2723 simus
2966 2667 3018 2721 in
3074 2678 3199 2719 vero
3240 2663 3360 2733 ejus
3403 2660 3560 2715 Filio.

282 2768 523 2842 Χριστῷ.
552 2764 720 2830 Οὗτός
768 2768 918 2820 ἐστιν
945 2769 972 2820 ὁ
999 2764 1252 2836 ἀληθινὸς
1282 2764 1412 2828 Θεὸς
1452 2765 1545 2817 καὶ
1574 2762 1688 2834 ζωὴ
1734 2762 1861 2817 αἰώ-

1973 2763 2138 2836 715
2163 2762 2261 2818 Hic
2287 2773 2368 2817 est
2396 2776 2555 2816 verus
2586 2760 2746 2825 Deus,
2774 2767 2828 2813 et
2856 2759 2963 2811 vita
2991 2765 3193 2812 mterna
3214 2754 3294 2817 ³⁸;
3334 2772 3351 2805 ι
3384 2762 3439 2808 et
3471 2767 3565 2821 per

282 2877 415 2923 νιος,
444 2879 463 2911 ι
500 2860 592 2913 καὶ
623 2859 691 2913 δι’
726 2857 893 2911 αὑτοῦ
922 2875 1005 2921 τε,
1050 2858 1142 2910 καὶ
1175 2856 1271 2909 σὺν
1301 2854 1467 2923 αὐτῷ,
1505 2853 1582 2923 τῷ
1616 2852 1736 2923 Θεῷ
1772 2853 1861 2906 καὶ

1972 2856 2179 2924 ipsum,
2212 2864 2265 2908 et
2298 2867 2419 2907 cum
2455 2852 2571 2921 ipso
2606 2851 2713 2904 Dco
2744 2864 2807 2903 ac
2836 2847 2985 2903 Patri
3019 2847 3186 2917 gloria
3219 2861 3342 2899 cum
3377 2850 3567 2897 sant-to

284 2951 462 3021 ηατρὶ
500 2952 532 3021 ἡ
566 2950 692 3012 δόξα
737 2950 835 3002 σὺν
880 2947 1020 3019 ἁγίῳ
1064 2946 1362 3016 Πνεῦματι,
1394 2946 1473 3008 εις
1502 2945 1629 3006 τοὺς
1666 2942 1861 3006 αἰῶνας

1976 2945 2201 3017 Spiritu,
2237 2945 2288 2999 in
2324 2942 2518 2999 saecula
2552 2932 2895 2997 saeculorum.
2927 2942 3117 2994 Amen.

280 3043 393 3095 τῶν
428 3040 659 3095 αἰώνων.
715 3039 906 3110 Ἀμήν.

355 3179 403 3211 ³⁵
427 3179 446 3234 l
470 3179 624 3233 Joan.
658 3192 730 3243 tv,
761 3177 846 3234 l5.
923 3174 1142 3232 "Joan.
1178 3192 1214 3241 I,
1251 3175 1339 3229 ﬂ.
1414 3174 1459 3206 "
1482 3174 1502 3229 l
1527 3172 1684 3229 Joan.
1709 3187 1767 3239 ν,
1798 3170 1889 3226 20.

314 3353 3550 3402 Wm—

1484 3526 1783 3642 ΤΟΥ
1866 3521 2357 3639 ΑΥΤΟΥ

1006 3780 1301 3916 ΟΤΙ
1400 3782 1660 3989 ΕΙΣ
1748 3778 1865 3910 Ο
1960 3773 2694 3907 ΧΡΙΣΤΟΣ
2766 3770 2845 3893 ’⁸.

1606 4186 2239 4301 EJUSDEM

1086 4422 1416 4530 QUOD
1497 4426 1809 4515 UNUS
1882 4425 2071 4514 SIT
2146 4424 2773 4513 CHRISTUS.

375 4766 441 4817 Α.
482 4762 840 4833 καθημάτων
880 4761 982 4832 μὲν
1017 4761 1129 4814 τῶν
1154 4761 1317 4832 ἱερῶν
1353 4762 1515 4834 κόρος
1567 4765 1633 4817 ἂν
1675 4766 1861 4834 γένοιτι

2061 4768 2350 4823 Sacrarum
2410 4767 2818 4836 disciplinarum
2879 4774 3041 4835 atque
3099 4763 3364 4819 doctrinae
3426 4763 3571 4818 nulla

297 4854 579 4918 παντελῶς
624 4854 798 4917 οὐδεὶς
850 4856 962 4917 τοῖς
1016 4872 1078 4922 γε
1128 4855 1343 4926 άληθῶς
1406 4858 1730 4930 ἀρτίφροσι,
1789 4861 1881 4915 καὶ

298 4947 500 5017 γνῶσιν
533 4948 611 5008 εἰς
637 4946 763 5001 νοῦν
791 4947 889 5015 τὴν
916 4944 1179 5009 ζωοποιδν
1206 4950 1651 5020 συνεγηγερκόσι.
1676 4952 1883 5021 Γέγρα-

303 5057 435 5092 πται
457 5038 585 5107 γάρ·
634 5057 651 5088 ι
683 5038 805 5091 Ὅτι
828 5037 927 5090 οὐκ
948 5039 1033 5090 ἐπ’
1066 5039 1214 5109 ἄρτῳ
1244 5040 1389 5110 μόνῳ
1419 5040 1642 5109 ζήσεται
1674 5042 1887 5112 ἄνθρω-

306 5148 427 5194 πος,
468 5130 587 5183 ἀλλ’
618 5130 710 5182 ἐπὶ
767 5130 929 5182 atav'r‘t
958 5131 1165 5201 ῥήματι
1190 5132 1608 5201 ἐκπορευομένῳ
1646 5131 1733 5185 διὰ
1764 5132 1887 5184 στό-

306 5236 477 5292 ματος
502 5218 659 5271 Θεοῦ.
692 5238 709 5269 ι
745 5218 930 5287 Τροφὴ
958 5219 1066 5289 γὰρ
1094 5218 1211 5283 νοῦ,
1250 5221 1278 5272 ὁ
1304 5220 1458 5286 λόγος
1491 5222 1519 5272 ὁ
1549 5222 1700 5291 παρὰ
1729 5221 1886 5283 Θεοῦ,

303 5308 399 5361 καὶ
424 5307 587 5377 ἄρτος
612 5307 1000 5377 πνευματικὸς,
1031 5308 1300 5376 στηρίζων
1319 5308 1607 5380 ἀνθρώπου
1637 5311 1885 5381 καρδίαν,

301 5397 444 5450 κατά
473 5395 535 5449 τὸ
561 5398 620 5449 ὲν
649 5396 814 5467 βίϐλῳ
849 5397 1093 5466 Ψαλμῶν
1134 5399 1486 5469 ὑμνούμενον.

374 5490 433 5542 Β.
471 5484 543 5542 Εὖ
572 5488 774 5556 λέγεις.

377 5580 440 5631 Α.
493 5579 762 5650 Ἐλλήνων
787 5582 885 5650 μὲν
933 5578 1024 5635 οὖν
1054 5585 1101 5635 οἱ
1129 5583 1279 5651 σοςροὶ
1309 5585 1402 5636 καὶ
1442 5584 1661 5651 λογάδες
1690 5586 1881 5639 τεθαυ-

397 5738 435 5767 ³⁷
467 5737 652 5793 Matth.
681 5755 752 5803 Iv,
777 5739 829 5793 4.
916 5740 959 5770 ³⁸
986 5736 1125 5793 Psal.
1160 5754 1277 5802 CIII,
1314 5741 1399 5795 15.

1990 4860 2146 4931 plano
2175 4870 2257 4915 est
2290 4860 2549 4925 satietas,
2585 4860 2650 4913 iis
2684 4858 2774 4929 qui
2813 4872 3002 4912 revera
3039 4866 3188 4911 recte
3219 4857 3492 4917 sentiunt,
3523 4865 3579 4910 et

1990 4951 2352 5004 viviﬁcantem
2402 4952 2647 5004 notitiam
2700 4959 2881 5003 mente
2934 4950 3253 5003 hauserunt.
3302 4946 3577 5015 Scriptum

1992 5050 2076 5095 cst
2105 5043 2249 5095 enim
2283 5060 2295 5095 :
2335 5061 2352 5093 ι
2390 5042 2523 5109 Quia
2560 5059 2663 5098 uon
2702 5043 2749 5094 in
2786 5040 2901 5093 solo
2930 5054 3068 5110 pane
3101 5038 3243 5090 vivet
3278 5038 3459 5103 homo,
3488 5038 3581 5092 scd

1994 5131 2046 5185 in
2078 5132 2222 5184 omni
2256 5134 2421 5185 verbo
2453 5132 2594 5199 quod
2630 5131 2869 5201 procedit
2902 5145 2963 5183 ex
2994 5144 3090 5183 ore
3127 5128 3307 5181 Dei".
3348 5146 3367 5179 ι
3398 5126 3586 5182 Nutri-

1994 5233 2233 5278 meutum
2264 5225 2407 5276 enim
2442 5224 2639 5278 mentis
2672 5233 2751 5275 est
2785 5221 3007 5275 verbum
3046 5221 3163 5283 Dei,
3195 5232 3248 5275 et
3281 5221 3437 5287 panis
3470 5219 3582 5289 δρία

1994 5314 2207 5369 ritualis
2232 5314 2567 5370 conﬁrmans
2592 5329 2657 5369 ac
2687 5317 2954 5367 roborans
2979 5326 3073 5366 cor
3096 5310 3365 5375 hominis;
3394 5325 3585 5379 qucm-

1992 5407 2283 5462 admodum
2315 5409 2365 5462 in
2394 5407 2629 5463 Psalmis
2659 5409 2875 5463 canitur
2895 5408 2961 5461 ³⁵.

2068 5498 2126 5552 Β.
2172 5496 2336 5553 Recte
2369 5501 2467 5553 ais.

2066 5588 2128 5641 Α.
2172 5585 2465 5641 Gentilium
2519 5586 2735 5657 quidem
2788 5594 3061 5657 sapientes
3114 5592 3449 5637 venustatem
3508 5581 3587 5655 die

387 5921 399 5937 ‘
438 5919 684 5993 Dialogus
718 5922 802 5976 hic
842 5922 890 5975 in
918 5922 1151 5978 editione
1181 5923 1406 5978 Aulim-ti
1446 5939 1727 5986 pcrpcratu
1758 5932 2074 5980 numeratur
2103 5938 2274 5981 nouus
2303 5939 2365 5977 ex
2400 5922 2485 5976 bis
2523 5924 2611 5992 qui
2647 5939 2765 5978 cum
2793 5921 3008 5977 llct'tuia
3046 5921 3215 5976 hahiti
3252 5930 3393 5977 sunt.
3424 5919 3579 5974 Εοιτ.
