3988 6514
445 482 585 540 £255

1427 477 1485 535 S.
1527 474 1799 533 CYtllLLI
1838 468 2301 529 ALEXANDRINI
2341 466 2662 527 ABGHIEP.

3554 461 3693 517 [2‘86

443 595 599 653 condi
624 592 868 648 admirati
895 590 1140 655 fuerunt.
1167 591 1636 663 eloquentiamque
1659 606 1869 646 summo
1892 597 2001 643 stu-

2134 588 2320 641 ιάκασι
2361 586 2423 638 τὸ
2469 580 2778 645 καλλιέπὲς.
2841 580 2934 635 καλ⁵
2971 581 3078 635 τῶν
3118 581 3202 635 ὅτι
3258 576 3494 648 μάλιστα
3561 592 3694 627 κατ-

442 689 532 744 dio
558 683 827 748 aﬂ'ectant,
850 691 906 739 et
930 683 1112 739 subtili
1144 684 1426 738 verborum
1456 692 1649 737 ornatu
1678 679 2001 752 gloriantur,

441 776 809 843 orationisque
840 788 1031 843 pompa
1061 788 1123 828 ac
1155 774 1293 829 fastu
1324 774 1683 828 delectantur.
1715 774 1791 825 Ac
1820 779 2001 839 poeta.

442 884 559 922 rum
590 866 803 934 quidem
836 866 1088 919 materies
1119 878 1203 919 est
1236 865 1595 927 mendacium,
1624 863 1707 915 cui
1744 861 2006 931 rhythmis

441 958 551 1013 suis
585 972 647 1010 ac
682 957 920 1010 numeris
954 959 1179 1026 gratiam
1215 966 1269 1011 et
1300 966 1631 1008 venustatem
1665 954 1883 1006 addunt.
1904 949 2010 1005 Ye-

443 1046 624 1100 ritatis
660 1056 839 1099 autem
872 1060 1128 1115 perquam
1158 1046 1347 1113 exigua
1382 1044 1447 1097 ab
1477 1044 1557 1097 eis
1592 1044 1727 1095 ratio
1760 1041 2008 1104 habetur,

442 1152 570 1203 quin
616 1146 793 1205 pottus
834 1150 1042 1190 summa
1079 1136 1324 1190 laborant
1359 1133 1536 1203 iunpia
1574 1146 1715 1187 verae
1756 1130 2011 1198 utilisque

445 1231 747 1289 sententia,
776 1226 842 1280 de
876 1227 1005 1285 Deo.
1038 1226 1279 1295 inquam,
1315 1224 1642 1278 naturaliter
1668 1237 1732 1277 ac
1758 1236 1887 1276 vere
1915 1229 2013 1275 ex-

444 1318 687 1381 sistente,
716 1325 771 1370 et
804 1326 862 1370 ut
893 1315 1095 1371 Paulus
1131 1316 1303 1385 inquit
1340 1333 1354 1369 :
1391 1333 1411 1367 ι
1453 1313 1804 1368 Evanuerunt
1836 1312 1889 1366 in
1924 1326 2017 1391 coe

446 1408 790 1478 gitatiouibus
833 1407 976 1470 suis,
1014 1414 1070 1461 et
1107 1407 1454 1461 obscuratum
1497 1414 1581 1460 est
1622 1404 1885 1472 insipiens
1923 1400 2019 1456 cor

446 1513 653 1554 eorum.
686 1498 934 1554 Dicentes
963 1500 1108 1553 enim
1140 1514 1198 1554 se
1228 1514 1349 1553 esse
1378 1499 1674 1567 sapientes,
1704 1497 1853 1551 stulti
1890 1488 2014 1549 facti

447 1600 606 1653 sunt.
640 1598 690 1645 et
727 1597 1071 1645 mutaverunt
1109 1588 1335 1659 gloriam
1372 1587 1798 1655 incorruptibilis
1834 1583 1928 1638 Dei
1966 1585 2016 1638 in

449 1679 850 1735 similitudinem
881 1679 1130 1749 imaginis
1158 1677 1526 1747 corruptibilis
1558 1676 1815 1739 hominis,
1843 1682 1897 1728 et
1927 1688 2020 1727 vo-

450 1770 678 1831 lucrum.
708 1778 761 1823 et
792 1768 1221 1838 quadrupedum,
1252 1777 1305 1822 et
1337 1766 1670 1837 serpentium
1694 1766 1760 1817 η.
1804 1783 1822 1816 ι

525 1983 589 2039 Β.
628 1983 702 2038 Ita
734 1994 838 2041 est.

519 2116 583 2171 Α.
629 2114 703 2169 De
728 2116 793 2169 iis
821 2116 998 2183 itaque
1026 2130 1122 2184 per
1141 2132 1325 2173 vocem
1353 2116 1501 2173 Isaia:
1532 2118 1670 2173 Deus
1700 2119 1771 2173 ita
1804 2120 1976 2188 inquit
2004 2138 2017 2175 :

455 2211 654 2265 Scitote
682 2211 803 2279 quia
828 2199 966 2263 cinis
989 2219 1071 2263 est
1094 2226 1187 2266 cor
1207 2226 1415 2277 eorum,
1438 2221 1487 2266 et
1514 2222 1718 2266 errant.
1743 2211 1903 2283 715
1926 2214 2022 2268 Λιι-

453 2318 556 2371 que
590 2301 639 2353 hi
676 2302 886 2368 quidem
924 2300 993 2352 ita
1030 2299 1203 2354 affecti
1246 2312 1390 2355 sunt.
1428 2301 1527 2367 Qui
1566 2317 1694 2356 vero
1733 2304 2019 2373 impiarum

453 2393 738 2446 haeresium
781 2400 1031 2446 auctores
1064 2393 1422 2456 exstiterunt,
1463 2394 1655 2463 impuri
1693 2405 1854 2464 atque
1894 2410 2022 2465 apo-

454 2492 646 2544 statae,
696 2480 896 2548 quique
950 2482 1211 2534 adversus
1260 2483 1493 2535 divinam
1549 2483 1772 2552 gloriam
1825 2485 2023 2537 buccas

456 2590 583 2628 suas
626 2574 883 2639 dilatant,
930 2586 1182 2643 perversa
1240 2575 1555 2645 nel’ariaque
1608 2576 1923 2645 loquentes,
1970 2576 2021 2629 in

458 2667 623 2721 nihilo
653 2667 937 2731 minorem,
966 2671 1074 2722 imo
1105 2667 1361 2736 majorem
1392 2683 1548 2736 quam
1581 2668 1829 2738 gentiles,
1858 2668 2026 2738 impe—

460 2755 637 2809 ritiam
669 2756 901 2823 prolapsi
953 2771 1069 2810 esse
1119 2769 1429 2812 cernuntur.
1479 2756 1661 2827 Longe
1688 2760 1829 2812 enim
1858 2761 2025 2813 satius

458 2843 646 2901 luisset
678 2860 772 2900 eos
799 2847 940 2901 viam
972 2848 1215 2903 veritatis
1247 2865 1350 2903 non
1380 2852 1699 2920 cognovisse
1721 2893 1736 2917 ,
1766 2868 1927 2920 quam
1962 2868 2023 2907 ea

459 2937 705 3007 cngnita,
753 2948 1047 2993 retrorsum
1103 2940 1387 2996 deﬂectere
1439 2958 1467 2994 a
1523 2953 1711 2996 sancto
1762 2953 2026 3013 praecepto

459 3030 604 3097 qttod
638 3030 769 3098 ipsis
800 3032 977 3083 datum
1010 3040 1115 3087 est.
1138 3032 1351 3087 Accidit
1381 3035 1524 3087 enim
1560 3035 1664 3087 illis
1689 3034 1839 3101 juxta
1867 3037 2031 3089 veris.

459 3121 655 3173 simum
692 3122 1030 3188 proverbium
1067 3139 1081 3175 :
1120 3140 1138 3173 ι
1174 3123 1340 3176 Canis
1376 3138 1624 3179 reversus
1655 3126 1721 3178 ad
1756 3141 1908 3180 suum
1942 3141 2027 3181 vo-

463 3211 675 3277 mitum,
708 3221 761 3265 et
782 3226 872 3267 sus
919 3211 1022 3266 lota
1047 3212 1098 3267 iu
1119 3213 1461 3269 volutabrum
1485 3216 1625 3271 omni
1651 3216 1886 3271 revoluta
1907 3215 1970 3270 “.
2004 3235 2021 3267 ι

2108 675 2564 746 εσπουδασμενων
2596 673 2725 743 παρ’
2747 670 2932 737 αὐτοῖς
2973 674 3090 725 ἐστι
3134 670 3196 723 τὸ
3224 668 3566 737 ἀλληγορεῖν,
3602 666 3697 717 καί

2106 770 2291 838 ψιλαῖς
2335 766 2597 837 ῥημάτων
2640 762 2939 834 ἑπαυχοῦσι
2990 760 3302 831 κομψείαις,
3346 758 3441 811 καὶ
3489 756 3567 828 τῷ
3599 756 3698 823 τῆς

2108 858 2308 927 λέξεως
2336 856 2726 927 ἐναϐρύνονται
2753 854 2971 925 κόμπῳ.
3028 852 3138 906 Καὶ
3162 848 3259 921 ῦλη
3294 850 3392 920 μιν
3420 850 3699 917 ποιηταῖς,

2110 948 2171 1002 τὸ
2200 946 2414 1017 ψεῦδος,
2442 946 2673 1016 ῥυθμοῖς
2700 946 2797 998 καὶ
2828 943 3045 1013 μέτροις
3074 942 3155 1003 εἰς
3182 941 3244 993 τὸ
3264 938 3491 1010 έπίχαρί
3517 953 3577 989 τε
3606 937 3703 989 καὶ

2112 1039 2346 1109 ἐμμελὲς
2396 1036 2871 1107 ὲκτετορευμένον,
2935 1032 3089 1103 ὀλίγη
3148 1031 3207 1085 δὲ
3260 1029 3542 1091 παντελῶς
3601 1028 3703 1096 τῆς

2114 1129 2371 1200 ἀληθείας
2396 1129 2635 1201 φροντὶς,
2662 1126 3051 1199 ηρῤωστήγασι
3074 1123 3135 1177 δι
3161 1122 3257 1176 καὶ
3298 1124 3502 1176 σπάνιν
3527 1120 3702 1189 ὀρθῆς

2115 1223 2210 1276 καὶ
2255 1220 2579 1291 ὀνησιφόρον
2626 1218 2805 1287 δόξης,
2857 1216 2955 1286 τῆς
3000 1213 3092 1271 ἐπί
3125 1229 3212 1283 γε,
3255 1211 3421 1283 φημὶ,
3451 1211 3534 1280 τῷ
3557 1208 3705 1264 κατὰ

2118 1310 2279 1383 φσσιν
2310 1310 2404 1365 καὶ
2435 1302 2651 1381 ἀληθῶς
2679 1308 2792 1361 ὄντι
2818 1306 2958 1377 Θεῷ,
2993 1304 3195 1377 μᾶλλον
3219 1304 3275 1357 δὲ
3307 1302 3453 1356 καθά
3480 1319 3653 1371 φησιν
3676 1301 3708 1353 δ

2120 1400 2406 1473 ἱερώτατος
2460 1399 2700 1463 Παῦλος·
2768 1416 2788 1452 ι
2817 1395 3271 1469 Ἐματαιώθησαν
3319 1396 3380 1448 ὲν
3420 1395 3535 1456 τοῖς
3583 1393 3707 1444 διαο

2118 1492 2395 1561 λογισμοῖς
2436 1488 2637 1554 αὐτῶν,
2680 1490 2774 1544 καὶ
2815 1487 3104 1559 ὶσκοτίσθη
3144 1488 3181 1557 ἡ
3216 1487 3476 1549 ἀσύνετος
3521 1482 3706 1537 αὐτῶ)

2121 1582 2334 1653 καρδία.
2374 1582 2679 1644 Φάσκοντες
2721 1578 2858 1634 εἶναι
2900 1580 3075 1649 σοφοὶ,
3129 1578 3553 1649 έμωράνθησαν,
3611 1577 3707 1631 καὶ

2122 1673 2355 1745 ἧλλαξαν
2383 1674 2482 1744 τὴν
2503 1672 2664 1739 δόξαν
2697 1671 2791 1725 τοῦ
2825 1670 3104 1741 ἀφθάρτου
3143 1668 3279 1722 Θεοῦ
3307 1670 3365 1722 έν
3394 1667 3707 1739 ὁμοιώματι

2123 1766 2329 1828 εἰκόνος
2359 1763 2598 1836 φθαρτοῦ
2619 1762 2929 1835 ἀνθρώπου,
2954 1763 3050 1815 καὶ
3072 1760 3358 1828 πετεινῶν,
3390 1762 3489 1816 καὶ
3511 1777 3706 1830 τετρα-

2124 1857 2322 1919 πόδων,
2351 1858 2445 1909 καὶ
2473 1854 2741 1927 ἑρπετῶν.
2763 1874 2781 1906 ι

2199 1991 2259 2044 B.
2314 1987 2557 2059 ’Ᾱληθές.

2197 2120 2259 2173 Α.
2313 2120 2457 2189 Ἔφη
2511 2118 2641 2187 γοῦν
2685 2118 2813 2187 περὶ
2855 2118 3036 2172 αὐτῶν
3082 2116 3177 2171 διὰ.
3212 2116 3397 2187 φωνῆς
3447 2116 3680 2169 Ἡσαΐου

2127 2211 2291 2272 Θεός·
2329 2210 2509 2261 Γνῶτε
2553 2210 2635 2260 ὄτι
2670 2208 2861 2271 σποδὸς
2894 2210 2928 2278 η
2969 2207 3169 2278 καρδία
3198 2206 3400 2270 αὐτῶν,
3435 2209 3532 2261 καὶ
3566 2207 3705 2259 πλα-

2128 2302 2345 2354 νῶνται.
2389 2300 2527 2352 Ἀλλ’
2571 2293 2672 2351 ὧδε
2709 2299 2807 2367 μὲν
2835 2299 2904 2352 τὰ
2935 2299 3177 2353 ἐκείνων.
3228 2298 3297 2351 Ol
3336 2314 3401 2366 γε
3454 2298 3564 2368 μὴν
3599 2298 3708 2351 τῶν

2128 2392 2355 2447 ἀνοσίων
2388 2390 2652 2461 αἱρέσεων
2684 2391 2905 2460 εὑρεταὶ
2942 2390 3249 2458 γεγονότες,
3296 2389 3345 2441 οἱ
3389 2387 3611 2457 βέὸὴλοί
3651 2403 3709 2441 τι

2131 2485 2223 2537 καὶ
2275 2482 2595 2549 ἀποστάται,
2648 2482 2744 2535 καὶ
2799 2483 2897 2549 τῆς
2955 2482 3105 2545 θείας
3156 2479 3313 2551 δόξης
3352 2480 3414 2533 τὸ
3470 2479 3709 2551 ἀκρατὲς

2132 2578 2335 2631 ἑαυτῶν
2389 2577 2813 2644 κατευρύνοντες
2875 2575 3088 2645 στόμα,
3151 2574 3245 2628 καὶ
3308 2573 3599 2636 λαλοῦντες
3645 2572 3712 2627 τὰ

2130 2670 2575 2739 διεστραμμένα.
2648 2668 3095 2737 καταφωραθεῖεν
3156 2665 3222 2719 ἂν
3270 2664 3372 2718 οὐκ
3417 2666 3476 2718 ἑν
3529 2663 3709 2734 μείοσι

2131 2762 2368 2831 γραφαῖς
2402 2759 2503 2829 τῆς
2552 2758 2819 2829 Ἑλλήνων
2844 2757 3190 2829 ἀδελτηρίας,
3221 2755 3277 2821 ἐξ
3299 2754 3559 2817 ἀπονοίας
3587 2753 3712 2806 ὠλι-

2135 2852 2416 2924 σθηκότες,
2443 2850 2475 2921 ἢ
2501 2849 2639 2919 τάχα
2664 2865 2765 2901 που
2804 2850 2899 2901 καὶ
2950 2850 3007 2901 ὲν
3039 2850 3153 2911 τοῖς
3187 2848 3462 2900 ἐπέκεινα.
3520 2846 3711 2914 Κρεῖτ-

2132 2961 2224 2995 τον
2248 2941 2353 3011 γὰρ
2381 2936 2448 3010 ἦν
2482 2940 2662 3001 αὐτοῖς
2696 2939 2768 3009 μὴ
2794 2939 3165 3005 ἐπεγνωκέναι
3194 2936 3292 3009 τὴν
3317 2937 3435 2990 ὁδὸν
3454 2936 3556 3003 τῆς
3583 2935 3711 3004 ἁληο

2136 3035 2306 3097 θείας,
2339 3034 2370 3101 ἢ
2401 3030 2791 3099 ἐπεγνωκόσιν,
2825 3030 2903 3093 είς
2936 3029 3005 3082 τὰ
3052 3029 3227 3083 ὀπίσω
3251 3028 3575 3097 ἀνακάμψαι
3605 3027 3713 3081 ἀπὸ

2133 3125 2231 3195 τῆς
2254 3123 2495 3193 δοθείσης
2522 3123 2704 3185 αὐτοῖς
2730 3121 2890 3189 ἁγίας
2920 3121 3157 3189 ἐντολῆς.
3180 3120 3371 3188 Γέγονε
3397 3120 3505 3191 γὰρ
3530 3120 3710 3181 αὐτοῖς

2135 3213 2193 3266 τὸ
2218 3213 2315 3283 τῆς
2340 3210 2571 3281 ἀληθοῦς
2589 3211 2905 3282 παροιμίας,
2930 3229 2949 3262 ι
2976 3210 3137 3264 Κύων
3160 3210 3497 3280 ἐπιστρέψας
3531 3210 3622 3262 ἐπὶ
3654 3209 3709 3262 τὸ

463 3304 812 3372 Blaspbemize
835 3307 978 3359 enim
1006 3308 1055 3360 in
1078 3306 1353 3361 Christum
1379 3309 1627 3374 obnoxii,
1654 3310 1813 3363 veluti
1844 3318 2023 3363 truces

2134 3304 2260 3358 ἴδιον
2300 3303 2565 3375 ἐξέραμα,
2617 3304 2709 3355 καὶ
2744 3295 2807 3366 ὗς
2841 3302 3151 3373 λουσαμένη
3185 3304 3265 3365 είς
3301 3301 3544 3371 κύλισμα
3590 3301 3709 3371 βορ-

463 3393 680 3461 qttioam
704 3404 861 3463 atque
883 3396 1142 3450 immanes
1167 3397 1299 3464 lupi,
1317 3398 1597 3451 devastant
1620 3413 1808 3468 greges
1829 3400 2030 3465 ovium,

466 3497 564 3549 pro
598 3484 792 3553 quibus
826 3484 1073 3540 Christus
1110 3496 1356 3542 mortuus
1392 3497 1505 3552 est,
1541 3498 1593 3541 et
1626 3488 1885 3558 diripiunt
1916 3506 2035 3559 qua

468 3573 633 3638 ipsius
676 3584 832 3640 sunt,
879 3589 1258 3651 conservantes
1289 3578 1391 3633 sibi
1438 3580 1569 3647 ipsis
1600 3596 1718 3649 qua!
1761 3596 1867 3635 non
1914 3593 2037 3637 sunt

467 3666 737 3734 ipsorum,
780 3668 919 3720 sicut
963 3668 1221 3736 scriptum
1270 3678 1384 3733 est;
1434 3682 1487 3723 ct
1530 3681 1816 3740 gravantes
1851 3675 2035 3743 jugnm

469 3756 708 3823 ipsorum
737 3756 965 3821 fortiter,
991 3758 1056 3811 de
1083 3759 1276 3827 quibus
1304 3764 1498 3813 merito
1527 3764 1633 3816 dici
1663 3766 1830 3833 possit
1858 3782 1873 3819 :
1906 3782 1923 3816 ι
1958 3764 2034 3819 Ex

470 3843 624 3897 nobis
656 3844 917 3909 exierunt,
943 3846 1034 3899 sed
1054 3862 1155 3899 nou
1177 3858 1333 3902 erant
1361 3863 1429 3903 ex
1463 3851 1650 3914 nobis,
1693 3872 1713 3906 ι
1738 3865 2037 3922 opportune

469 3932 611 3985 enim
649 3934 745 3985 hoc
776 3932 841 3987 de
875 3926 1211 4000 ejuscemodi
1232 3938 1539 3993 hominibus
1570 3956 1598 3993 a
1635 3943 1787 3996 nobis
1822 3945 2035 3997 dicitur.

470 4020 609 4076 Sunt
646 4023 787 4076 enim
830 4026 1068 4078 nOunttlli
1111 4026 1199 4095 qui
1244 4028 1491 4096 imperite
1534 4032 1817 4086 admodum
1858 4037 2040 4105 unige-

473 4114 641 4168 nitum
670 4114 763 4167 Dei
787 4114 1019 4169 Verbum
1046 4132 1295 4185 suprema
1323 4117 1411 4174 illa
1435 4122 1755 4177 excellentia
1782 4125 2037 4192 spoliare,

470 4212 525 4256 et
562 4204 630 4255 ab
671 4203 976 4272 mqualitate
1016 4221 1137 4261 cum
1182 4208 1289 4263 Deo
1330 4224 1393 4263 ac
1433 4209 1589 4265 Patre
1627 4213 1914 4269 excludere
1951 4230 2042 4269 co-

472 4301 688 4357 nantur,
729 4294 1240 4351 consubstantialem
1289 4299 1461 4368 ipsum
1507 4314 1626 4354 esse
1672 4314 1948 4372 negantes,
1988 4314 2042 4358 et

476 4383 773 4436 naturalem
817 4384 1290 4456 otnnimodamque
1336 4390 1670 4445 identitatem
1713 4394 1760 4446 ei
1810 4395 2043 4448 tribuere

477 4486 807 4528 recusantes.
849 4475 950 4529 Alii
994 4490 1119 4531 vero
1164 4477 1405 4534 eamdem
1451 4478 1565 4534 fere
1611 4492 1771 4550 atque
1814 4484 1866 4537 hi
1910 4500 2043 4553 quos

2135 3396 2317 3465 δόρου.
2345 3414 2361 3444 ι
2398 3394 2784 3466 Διεμερίσαντο
2813 3394 2921 3465 γὰρ
2948 3394 3043 3463 τῆς
3080 3392 3219 3446 κατὰ
3246 3392 3485 3464 Χριστοῦ
3511 3392 3710 3460 duopr-

2138 3488 2265 3555 μίας
2288 3485 2355 3538 τὰ
2382 3486 2725 3555 ἐγκλήματα,
2763 3485 2857 3538 καὶ
2883 3478 2970 3538 οἶά
2999 3501 3143 3548 τινες
3177 3482 3332 3536 λύκοι
3377 3482 3595 3553 δριμεῖς
3621 3482 3710 3535 καὶ

2137 3577 2345 3647 πικροὶ,
2370 3577 2801 3644 διαλυμαίνονται
2827 3579 2940 3638 τοῖς
2965 3577 3258 3647 ποιμνίοις,
3309 3577 3448 3645 ὑπὲρ
3479 3569 3555 3627 ὧν
3579 3576 3706 3647 Χρι-

2140 3667 2259 3729 στὸς
2300 3667 2556 3733 ἀπέθανε,
2593 3669 2683 3721 καὶ
2730 3668 3092 3739 διαρπάζουσι
3140 3667 3209 3721 τὰ
3276 3667 3462 3731 αὐτοῦ,
3509 3665 3709 3735 πληθύ-

2138 3775 2325 3820 νοντες
2356 3760 2568 3821 ἑαυτοῖς
2607 3760 2674 3813 τὰ
2695 3760 2795 3813 οὐκ
2819 3760 2947 3812 ὄντα
2977 3759 3181 3825 αὐτῶν,
3211 3760 3352 3811 καθα
3386 3759 3709 3829 γέγραπται,

2139 3851 2232 3903 καὶ
2268 3850 2592 3921 βαρύνοντες
2618 3853 2708 3905 τὸν
2735 3852 2913 3904 κλοιὸν
2938 3852 3117 3906 αὐτῶν
3159 3850 3449 3922 στιϐαρῶς,
3493 3850 3617 3919 περὶ
3642 3843 3711 3901 ὧν

2139 3941 2205 3993 ἄν
2248 3941 2458 4009 λέγοιτο
2494 3945 2587 3994 κ’ιὶ
2620 3943 2765 4011 μάλα
2802 3944 3044 4004 εἰκότως·
3099 3960 3117 3993 t
3153 3942 3244 4006 Ἐξ
3282 3942 3438 4011 ἡμῶν
3474 3940 3711 4008 ἐξῆλθον,

2142 4032 2254 4085 ἀλλ’
2311 4033 2412 4083 οὐκ
2475 4029 2613 4101 ἦσαν
2669 4034 2728 4097 ἐξ
2788 4034 2963 4103 ἡμῶν.
3000 4054 3017 4084 ›
3085 4032 3389 4104 Οὺγαροῦν.
3450 4031 3589 4083 Ἀλλ’
3639 4032 3711 4091 εἰς

2142 4122 2329 4192 καιρὸν
2359 4125 2491 4191 ημῖν
2518 4126 2545 4175 ὁ
2580 4124 2704 4193 περί
2736 4141 2798 4191 γε
2830 4124 2933 4175 τῶν
2964 4124 3221 4177 τοιούτων
3252 4124 3494 4194 κρίνεται
3539 4121 3709 4190 λόγος.

2142 4213 2587 4281 Κατακομίζουσι
2623 4214 2723 4282 μὲν
2764 4215 2873 4285 γὰρ
2906 4215 3181 4279 ἀσυνέτως
3226 4214 3369 4276 τινὲς
3418 4213 3510 4267 τὸν
3557 4229 3709 4282 μονο-

2141 4303 2271 4373 γενῆ
2298 4301 2389 4355 τοῦ
2448 4302 2580 4356 Θεοῦ
2622 4305 2794 4371 Λόγον
2826 4306 2925 4373 τῆς
2966 4306 3277 4375 ὑπερτάτης
3307 4304 3601 4373 ὑπεροχῆς,
3625 4304 3715 4356 καὶ

2144 4392 2530 4457 ὑποϐιὸαζουσι
2557 4394 2655 4463 τῆς
2689 4394 2931 4465 ίσότητος
2953 4398 3054 4467 τῆς
3090 4397 3225 4467 πρὸς
3254 4397 3344 4449 τὸν
3376 4398 3598 4466 Πατέρα
3626 4396 3712 4448 καὶ

2143 4483 2294 4546 Θεὸν,
2335 4484 2432 4553 ούχ
2459 4484 2742 4552 όμοούσιον
2780 4482 2917 4538 εἶναι
2952 4486 3198 4555 λέγοντες
3228 4488 3409 4549 αὑτὸν,
3452 4486 3577 4539 οὗτε
3609 4486 3709 4555 μὴν

476 4565 709 4619 diximus
745 4567 883 4619 viam
920 4566 1262 4635 insistentes,
1300 4579 1462 4638 atque
1502 4572 1554 4623 in
1595 4574 1726 4626 retia
1766 4576 1954 4628 mortis
1990 4587 2028 4629 et

2147 4578 2347 4645 φυσικῇ
2417 4576 2509 4627 καὶ
2588 4577 2991 4647 ἁπαραλλάκτῳ
3068 4578 3354 4647 ταυτότητι
3424 4577 3711 4646 στεφανοῦν

475 4654 722 4722 laqueum
768 4656 963 4709 inferni
1008 4633 1260 4728 prolapsi,
1299 4633 1568 4731 Unigeniti
1613 4666 1928 4731 mysterium
1973 4668 2028 4721 at

2146 4664 2439 4727 ἐθέλοντες.
2481 4662 2699 4735 Ἕτεροι
2738 4668 2795 4719 δὲ
2838 4672 2953 4733 τοῖς
2987 4668 3394 4739 ὠνομασμένοις
3425 4670 3524 4739 τὴν
3554 4668 3713 4735 αὐτὴν

476 4746 944 4801 administratione
990 4750 1043 4801 in
1092 4764 1255 4803 carne
1300 4753 1413 4805 sive
1457 4754 1825 4809 incarnatione
1869 4756 2041 4811 seclu-

478 4838 611 4889 tlunt
634 4851 697 4889 ac
726 4848 996 4905 separant,
1021 4849 1074 4891 et
1102 4842 1263 4893 simili
1298 4844 1682 4911 propemodum
1714 4856 1873 4911 atque.
1900 4848 2039 4901 aliini

480 4944 600 4982 cum
632 4928 898 4997 prioribus
931 4930 1034 4985 illis
1064 4935 1296 4987 amentia
1328 4935 1596 4990 laborant.
1634 4937 1709 4991 llli
1744 4941 1886 4991 enim
1912 4940 2043 4994 Ver-

481 5018 607 5074 bum
644 5035 707 5074 cx
751 5022 857 5074 Deo
896 5020 1055 5077 Patre
1091 5020 1327 5093 genitum
1364 5028 1523 5079 ctiam
1560 5040 1683 5083 ante
1718 5030 2044 5086 incarnatio-

482 5126 625 5172 nem.
672 5112 967 5168 divinitatis
1012 5114 1329 5169 excellentia
1378 5128 1637 5185 quantnm
1689 5121 1739 5173 in
1792 5123 1921 5193 ipsis
1966 5132 2046 5179 est

483 5203 713 5270 spoliant
761 5221 774 5257 :
828 5204 878 5258 hi
926 5221 1053 5261 vero
1102 5210 1264 5261 etiam
1314 5213 1597 5265 incarnato
1643 5212 1821 5269 Verbo
1870 5216 2043 5269 infesti

483 5299 638 5356 sunt,
680 5300 734 5347 et
778 5293 1069 5349 beneﬁcam
1120 5296 1289 5365 ipsius
1337 5300 1564 5368 gratiam
1612 5317 1715 5370 qua
1760 5304 2043 5358 humanam

484 5392 727 5435 naturam
764 5385 1075 5454 complexus
1110 5397 1213 5451 est,
1246 5397 1449 5443 tantum
1488 5407 1589 5446 non
1629 5392 1932 5462 improbant
1965 5404 2047 5447 at-

484 5489 587 5542 que
622 5476 869 5529 incusant
901 5496 914 5530 :
950 5492 1052 5531 non
1088 5489 1234 5537 recte
1264 5479 1362 5533 sibi
1394 5483 1729 5538 consuluisse
1762 5498 1879 5538 eum
1915 5500 2045 5540 con-

487 5565 764 5619 tendentes
792 5567 931 5634 quod
958 5583 1173 5621 carnem
1204 5575 1583 5640 assumpserit,
1611 5591 1777 5644 seque
1804 5577 2047 5632 exinani-

488 5654 651 5721 verit;
684 5657 797 5711 sive
832 5659 970 5726 quod
1009 5657 1183 5713 factus
1216 5661 1285 5714 sit
1320 5664 1498 5727 homo,
1533 5667 1783 5735 quodque
1816 5668 1864 5719 in
1903 5678 2044 5724 terra

561 5831 601 5864 "
627 5831 778 5887 Rom.
817 5834 941 5890 1.2!
978 5834 1066 5890 23.
1146 5835 1245 5890 “ll
1277 5836 1418 5893 Petr.
1455 5856 1512 5903 ll,
1547 5841 1635 5905 ‘Zl,
1668 5843 1756 5895 ἐξ.

2147 4754 2334 4825 ὥσπερ
2388 4755 2670 4825 ἐρχόμενοι
2713 4757 2915 4827 τρίϐον,
2966 4762 3059 4813 καὶ
3091 4761 3171 4821 εἰς
3220 4759 3419 4825 παγίδα
3466 4758 3707 4818 θανάτου,

2150 4846 2240 4898 καὶ
2286 4849 2364 4908 εἰς
2403 4846 2670 4917 πέταυρον
2714 4846 2842 4917 ᾆδον
2889 4848 3412 4913 κατολισθαίνοντες,
3447 4848 3547 4917 τῆς
3588 4848 3712 4919 μετὰ

2150 4938 2351 5008 σαρκὸς
2380 4940 2689 5008 οἰκονομίας
2736 4940 2828 4994 τοῦ
2863 4941 3201 5010 Μονογενοῦς
3234 4940 3627 5013 παρευθύνουσι
3660 4940 3712 4990 τὸ

2155 5028 2472 5100 μυστήριον,
2506 5030 2597 5083 καὶ
2629 5031 2867 5102 ἀδελφὴν
2894 5033 3084 5105 ὥσπερ
3114 5035 3225 5096 τοῖς
3259 5032 3496 5102 πρώτοις
3539 5034 3713 5101 ἐπιτη-

2151 5120 2363 5174 δεύουσι
2406 5121 2503 5193 τὴν
2540 5125 2819 5179 ἀπόνοιαν.
2864 5128 2928 5179 Οἱ
2964 5128 3064 5198 μὲν
3095 5128 3224 5199 γὰρ,
3259 5126 3413 5182 οῦπω
3448 5143 3711 5198 σεσαρκωο

2156 5209 2314 5277 μένον
2364 5210 2455 5263 τὸν
2504 5213 2565 5265 ὲκ
2610 5214 2745 5267 Θεοῦ
2787 5215 2999 5287 Πατρδς
3035 5215 3208 5285 φύντα
3240 5216 3431 5283 Λόγον,
3480 5216 3586 5271 τῶν
3628 5218 3713 5285 τῆς

2154 5297 2405 5369 θεότητος
2441 5300 2749 5372 ύψωμάτων
2795 5308 3076 5377 μονονουχὶ
3117 5307 3543 5379 κατασύραντες.
3570 5308 3626 5360 τό
3658 5323 3711 5374 γε

2151 5387 2284 5460 ἧκον
2316 5393 2400 5443 ἐπ’
2434 5394 2637 5459 αὐτοῖς,
2669 5396 2849 5449 ἁλοῖεν
2878 5398 2942 5451 ἄν
2964 5412 2977 5426 ο
3014 5399 3064 5449 οἱ
3090 5397 3167 5464 δὲ,
3206 5399 3303 5453 καὶ
3327 5400 3715 5470 σεσαρκωμένῳ

2155 5484 2411 5554 πολεμεῖν
2458 5486 2751 5555 ἐγνώκασι,
2800 5489 3079 5560 μονονουχὶ
3125 5490 3222 5543 καὶ
3268 5489 3628 5560 ἐπιτιμῶντες
3673 5489 3715 5541 οί

2154 5574 2373 5645 θρασεῖς
2417 5580 2483 5648 τῇ
2535 5578 2902 5648 φιλανθρώπῳ
2964 5580 3168 5649 χάριτι,
3219 5582 3322 5633 οὐκ
3370 5581 3505 5651 ὀρθὰ
3549 5580 3717 5651 .8560;-

2154 5666 2374 5720 λεῦσθαι
2412 5668 2549 5738 τάχα
2590 5686 2689 5723 που
2739 5669 3147 5741 διατεινάμενοι,
3187 5671 3276 5725 διὰ
3310 5672 3369 5726 τὸ
3410 5670 3719 5743 ἀνασχέσθαι
