3988 6504
208 529 344 587 125⁸7

1370 503 1558 574 QUOD
1599 493 1788 561 UNUS
1829 501 1938 556 SIT
1979 497 2348 557 CHRISTUS.

3362 485 3500 542 19.338

205 643 431 715 σαρκὸς,
475 639 568 692 καὶ
610 639 718 690 τῶν
755 634 851 705 τῆς
887 631 1167 692 κενώσεως
1217 626 1456 698 μέτρων,
1507 626 1674 695 ἤγουν
1715 622 1796 675 ὃτι

1943 619 2239 690 pparucrit,
2265 626 2463 670 etcum
2489 609 2803 666 hominibus
2823 613 3075 663 versatus
3099 604 3193 668 sit,
3216 617 3340 659 cum
3367 601 3498 656 alio-

205 737 425 805 γέγονεν
469 730 776 800 ἄνθρωπος,
815 727 909 778 καὶ
945 724 1038 778 ἐπὶ
1080 722 1178 792 τῆς
1208 721 1310 790 γῆς
1339 719 1518 788 ὤφθη,
1567 717 1659 768 καὶ
1688 718 1797 776 τοῖς

203 825 514 895 ἀνθρώποις
548 816 988 885 συνανεστράφη,
1022 813 1198 866 καίτοι
1229 809 1361 872 Θεὸς
1381 809 1457 860 ὢν
1488 805 1670 875 φύσει,
1706 805 1798 857 καὶ

206 915 458 986 σύνεδρος
485 910 564 980 τῷ
599 909 793 978 Πατρί.

274 1008 334 1059 B.
373 1005 547 1071 Ἔφης
595 1001 693 1070 μὲν
733 997 931 1070 ὀρθῶς.

272 1101 334 1152 Λ.
373 1092 862 1162 Κατακεκρὰξεται
888 1091 931 1144 δ’
957 1085 1051 1143 οὖν
1079 1088 1179 1157 τῆς
1213 1088 1272 1140 ὲν
1302 1086 1510 1158 ἀμφοῖν
1556 1081 1799 1153 ἀμαθίας

200 1194 232 1261 ἡ
275 1190 633 1250 θεόπνευστος
685 1187 725 1238 Γ
730 1185 901 1256 ραφὴ,
953 1182 1336 1253 πρεσϐεύουσα
1387 1176 1657 1248 τάληθὲς,
1704 1174 1800 1227 καὶ

201 1281 290 1333 τὸν
326 1280 426 1348 μὲν
471 1278 581 1349 γὰρ
642 1275 874 1336 ἐκείνοις
916 1273 1072 1341 λόγον
1122 1269 1332 1341 ἁδρανῆ
1382 1269 1476 1322 καὶ
1518 1264 1801 1335 ἀσύφηλον

201 1371 604 1437 ἀποφαίνουσα,
630 1365 898 1434 ὲφιστᾶσα
925 1364 983 1417 δὲ
1004 1365 1126 1425 ταῖς
1153 1362 1253 1431 τῆς
1282 1359 1538 1431 θεότητος
1566 1356 1798 1428 τρίὸοις,

201 1462 325 1524 τοὺς
371 1459 540 1531 ίσχνῷ
586 1474 646 1510 τε
697 1455 792 1509 καὶ
852 1453 1074 1526 ἀκριϐεῖ
1112 1451 1353 1515 διανοίας
1401 1451 1612 1522 δμματι
1663 1462 1798 1502 κατ-

201 1549 390 1619 αθρείν
419 1547 679 1609 εἰωθότας
709 1544 771 1601 τὸ
795 1545 884 1598 ἐπ’
907 1543 1058 1612 αὑτῷ
1088 1544 1412 1615 μυστήριον.

273 1639 333 1694 B.
373 1637 527 1697 Τίνες
557 1635 601 1687 δ’
626 1635 694 1688 ἂν
722 1631 856 1699 εἷεν,
882 1635 930 1686 οί
960 1633 1060 1703 τὴν
1086 1631 1232 1686 οὕτω
1259 1631 1470 1702 σεπτὴν
1503 1629 1598 1684 καὶ
1625 1627 1798 1700 ἀπόρο

205 1731 366 1800 ρητον
395 1726 488 1778 τοῦ
522 1725 774 1798 Σωτῆρος
803 1725 1138 1794 οἰκονομίαν,
1183 1722 1417 1786 ἀνοσίως
1444 1720 1802 1790 κεκιϐδηλευ-

204 1816 357 1880 κότες
392 1815 598 1884 (ἔοικας
645 1814 755 1886 γὰρ
802 1814 864 1866 o6
905 1813 1144 1885 μετρίως
1191 1813 1279 1866 ἐπ’
1318 1811 1472 1883 αὑτῷ
1515 1810 1582 1883 δὴ
1625 1809 1802 1880 τούτῳ

203 1907 536 1977 δυσφορεῖν),
573 1906 811 1976 ἐθέλοιμ’
839 1905 906 1958 ἂν
930 1904 1295 1961 διαπυθέσθαι
1327 1923 1446 1959 σου.

1905 713 1993 779 qui
2024 711 2095 765 sit
2126 719 2316 762 natura
2347 705 2518 769 Deus,
2547 715 2600 758 et
2630 702 2805 756 Patris
2832 713 3101 756 assessor.

1976 980 2034 1033 Β.
2079 979 2244 1034 Recte
2277 975 2496 1046 quidem
2531 973 2685 1030 dicis.

1977 1075 2040 1125 A.
2085 1069 2364 1125 Occlatnat
2398 1081 2528 1122 vero
2565 1065 2851 1120 amborum
2891 1059 3178 1130 imperitia:
3220 1058 3506 1130 Scriptura

1905 1162 2166 1216 divinitus
2216 1159 2518 1228 inSpirata,
2581 1155 2869 1210 veritatem
2938 1151 3095 1206 nobis
3147 1151 3506 1214 edisserens,

1904 1263 2070 1325 atque
2105 1253 2318 1308 illorum
2345 1250 2566 1321 quidem
2600 1247 2843 1302 rationes
2869 1259 3038 1300 vanas
3065 1260 3128 1298 ac
3150 1244 3378 1299 stolidas
3410 1244 3506 1296 de-

1905 1347 2123 1400 clarans
2154 1384 2170 1409 ,
2194 1344 2363 1415 716
2390 1356 2483 1398 eos
2515 1356 2646 1394 vero
2681 1339 2771 1409 qui
2807 1337 2993 1394 subtili
3040 1347 3207 1406 atque
3242 1351 3508 1392 accurato

1904 1439 2106 1494 mentis
2129 1438 2288 1492 oculo
2322 1435 2643 1506 mysterium
2677 1431 2818 1503 quod
2858 1432 2912 1486 in
2945 1431 3049 1486 hoc
3086 1431 3217 1485 latet
3250 1442 3503 1487 contem-

1903 1535 2041 1605 plari
2078 1534 2277 1595 solent.
2306 1534 2374 1588 ad
2412 1531 2664 1587 semitam
2701 1526 3004 1582 divinitatis
3037 1524 3333 1580 deducens.

1976 1626 2038 1681 Β.
2078 1625 2310 1694 Quinam
2365 1635 2497 1678 vero
2548 1621 2659 1676 sint
2704 1619 2739 1672 ii
2792 1619 2886 1688 qui
2937 1621 3076 1674 adeo
3137 1618 3509 1673 venerandam

1903 1731 2069 1791 atque
2110 1713 2446 1774 ineﬂ‘abilem
2478 1712 2794 1769 Servatoris
2837 1712 3010 1766 nostri
3043 1711 3509 1780 dispensationem

1905 1813 2284 1870 adulterarum
2317 1807 2547 1883 (videris
2574 1805 2719 1862 enim
2758 1804 2889 1859 mihi
2936 1819 3042 1858 non
3079 1818 3277 1873 parum
3311 1803 3415 1860 hac
3443 1804 3512 1859 de

1905 1920 2071 1962 causa
2100 1913 2410 1960 commotus
2441 1902 2608 1972 esse),
2638 1900 2799 1955 velim
2824 1913 2892 1953 ex
2924 1907 2975 1952 te
3004 1909 3362 1967 cognoscere.

272 2001 335 2053 Α.
373 1998 752 2068 Διατεκμαίρῃ
808 1996 1013 2060 καλῶς.
1068 1996 1260 2067 Ζηλῶν
1303 1997 1414 2067 γὰρ
1444 1997 1695 2070 ἐζήλωσα
1725 1997 1804 2068 τῷ

1985 1999 2052 2052 Α.
2098 1997 2268 2053 Recte
2293 1995 2532 2066 judicas.
2565 1993 2696 2050 Zelo
2728 1994 2873 2049 enim
2921 1993 3130 2048 zelatus
3169 2008 3288 2048 sum
3326 1992 3514 2047 Domi-

202 2091 415 2162 Κυρίῳ,
453 2091 547 2142 καὶ
579 2091 718 2160 πρός
740 2105 804 2158 γε
835 2090 987 2143 τουτὶ
1018 2090 1497 2161 κατατεθηγμένος
1527 2089 1678 2164 ἀλύω
1709 2090 1804 2143 καὶ

207 2183 432 2254 σφόδρα.
479 2180 552 2233 Τὸ
596 2180 652 2232 δὲ
703 2182 826 2233 ὅποι
873 2181 1003 2233 ποτὲ
1059 2181 1532 2252 καταστρέψωσιν
1580 2182 1628 2233 oi
1674 2180 1804 2252 παρ’

206 2274 429 2327 ἐκείνων
469 2275 656 2342 λόγοι,
693 2272 841 2326 δέδια
891 2273 1165 2343 καθορῶν.
1199 2273 1312 2343 Τὴν
1357 2273 1467 2344 γὰρ
1498 2291 1582 2327 τοι
1621 2291 1803 2345 παρα-

205 2366 454 2419 δοθεῖσαν
485 2369 619 2436 ἡμῖν
664 2365 946 2418 νοθεὺουσι
997 2367 1205 2428 πίστιν,
1236 2366 1532 2437 δράκοντος
1566 2365 1805 2436 ἁρτιφα-

208 2457 332 2520 νοῦς
366 2456 642 2528 εὑρήμασι
679 2454 1034 2526 κεχρημένοι,
1069 2457 1166 2509 καὶ
1205 2456 1328 2518 ταῖς
1361 2452 1472 2507 τῶν
1508 2453 1808 2506 ἁπλουστέ-

214 2564 320 2616 ρων
366 2548 568 2618 ψυχαίς
615 2547 695 2600 toﬁ
731 2548 887 2618 δίκην
936 2548 1260 2617 ἐγχέοντες,
1305 2546 1497 2618 ψυχρὰ
1542 2563 1665 2600 τινα
1713 2546 1807 2600 καὶ

210 2638 619 2710 διεστραμμένα
642 2641 736 2691 καὶ
765 2638 1098 2708 ἁδελτηρίας
1127 2635 1353 2707 ἐμπλεω
1373 2675 1390 2690 .

283 2731 344 2783 Β.
389 2728 528 2784 Εἶτα
570 2731 652 2793 τίς
685 2731 713 2783 6
758 2730 1065 2801 ἁρτιφανής
1106 2731 1224 2783 ἐστι
1260 2727 1499 2800 δράκων,
1548 2728 1710 2780 ὁποῖα
1754 2727 1810 2781 δὲ

211 2821 349 2878 ἄττα
383 2824 452 2877 τὰ
499 2825 630 2895 παρ’
673 2823 839 2877 αὑτοῦ
884 2823 1318 2894 πεφλυαρημένα
1369 2821 1514 2876 κατὰ
1550 2821 1659 2875 τῶν
1712 2825 1810 2893 τῆς

212 2915 474 2986 ἀληθείας
503 2917 813 2987 δογμάτων,
851 2917 1096 2987 ἐρομένῳ
1125 2916 1358 2988 φράσον.

284 3014 350 3064 Α.
403 3009 735 3080 Ἀρτιφανὴς
769 3009 867 3080 μὲν
892 3007 1132 3080 δράκων,
1163 3009 1193 3060 6
1225 3007 1441 3070 σκολιὸς
1478 3007 1685 3071 οὑτοσὶ,
1717 3007 1812 3061 καὶ

217 3101 280 3173 ίῷ
311 3100 619 3171 μεθύουσαν
641 3101 780 3171 ἔχων
806 3100 905 3171 τὴν
934 3099 1206 3168 γλῶτταν,
1227 3101 1257 3152 6
1281 3102 1348 3171 τῇ
1380 3101 1676 3174 παραδόσει
1702 3102 1814 3154 τῶν

215 3195 315 3264 τῆς
359 3193 690 3264 οἰκουμένης
730 3192 1136 3262 μυσταγωγῶν,
1177 3192 1378 3262 μᾶλλον
1425 3192 1482 3245 δὲ
1528 3194 1622 3246 καὶ
1663 3194 1814 3266 πάσῃ

1908 2105 2060 2146 num.
2096 2089 2262 2159 Angit
2294 2102 2424 2143 vero
2464 2103 2550 2143 tne
2597 2096 2653 2141 et
2699 2082 2918 2156 quidem
2966 2085 3343 2148 vehementer,
3386 2093 3510 2141 cum

1909 2197 2124 2237 mecum
2153 2195 2260 2235 non
2289 2181 2495 2249 absque
2535 2179 2730 2232 timore
2782 2177 2961 2247 cogito
2999 2191 3238 2246 quonam
3295 2177 3512 2233 illorutn

1909 2289 2192 2331 sermones
2224 2276 2337 2330 sint
2367 2273 2611 2335 evasuri.
2648 2270 2834 2325 Fidem
2865 2271 3012 2325 enim
3060 2271 3219 2326 nobis
3251 2271 3514 2325 traditam

1909 2377 2292 2438 corrumpunt,
2323 2366 2578 2422 draconis
2606 2379 2796 2419 recens
2827 2364 2958 2419 editi
3001 2363 3238 2419 inventis
3275 2373 3514 2428 utentes,

1911 2471 1966 2516 et
1997 2462 2181 2515 inania
2211 2458 2462 2530 quaedam
2488 2473 2553 2513 ac
2578 2472 2739 2519 vana,
2763 2457 3165 2525 demeuliznque
3200 2460 3360 2528 plena
3385 2457 3520 2527 dog-

1916 2563 2062 2609 mata
2091 2552 2488 2623 sitnplieiorutn
2527 2550 2724 2605 animis
2749 2547 3118 2604 infundentes.

1987 2732 2046 2786 Β.
2093 2729 2356 2798 Quisnam
2403 2744 2568 2800 porro
2619 2730 2691 2785 sit
2737 2729 2904 2784 draco
2953 2729 3056 2783 iste
3092 2742 3283 2783 recens
3318 2729 3516 2794 editus,

1915 2832 1967 2877 et
1993 2823 2173 2892 qualia
2201 2825 2419 2877 tandem
2453 2823 2563 2877 sint
2592 2838 2654 2877 ea
2679 2837 2799 2891 quae
2820 2824 3082 2878 adversus
3112 2822 3362 2879 veritatis
3388 2825 3520 2896 dog-

1918 2929 2062 2971 mata
2094 2917 2418 2979 deblaterat,
2447 2915 2683 2986 explica,
2715 2915 2966 2971 obsecro.

1981 3010 2046 3063 Α.
2088 3008 2300 3063 Recens
2339 3008 2560 3077 quidem
2599 3008 2762 3061 draco
2800 3019 2886 3063 est
2933 3021 3167 3080 nequam
3214 3009 3303 3065 ille
3343 3020 3399 3065 et
3430 3021 3520 3066 ve-

1917 3117 2058 3156 neno
2083 3102 2432 3155 temulentam
2459 3100 2663 3156 habens
2689 3083 2948 3170 linguam,
2971 3103 3192 3171 quique,
3209 3112 3517 3172 contempta

1921 3191 2210 3245 traditione
2254 3205 2447 3245 eorum
2495 3192 2587 3261 qui
2645 3192 2839 3245 orbem
2880 3203 3150 3246 terrarum
3193 3208 3352 3248 sacra
3402 3207 3520 3266 my-

219 3289 282 3356 τῇ
314 3285 660 3354 θεοπνεύστῳ
693 3285 886 3355 Γραφῇ
915 3285 1200 3356 μονονουχὶ
1226 3284 1441 3356 χαίρειν
1465 3285 1655 3349 εἰπὼν,
1691 3303 1810 3338 και-

1932 3282 2086 3337 steria
2122 3283 2445 3346 docuerunt,
2497 3280 2608 3336 imo
2654 3281 2836 3349 potius
2884 3282 3139 3337 universa
3175 3295 3333 3338 saera
3372 3281 3523 3340 Scri—

217 3381 526 3449 νοτομήσας
551 3377 609 3430 δὲ
636 3376 697 3430 τὸ
727 3377 878 3448 αὐτῷ
907 3377 1120 3437 δοκοῦν,
1166 3377 1258 3430 καὶ
1283 3377 1549 3429 Θεοτόκον
1583 3377 1680 3446 μὲν
1713 3378 1815 3430 οὐκ

218 3463 352 3522 εἶναι
401 3467 580 3537 λέγων
631 3469 731 3538 τὴν
772 3468 935 3537 ἁγίαν
989 3468 1291 3540 Παρθένον,
1339 3468 1710 3539 Χριστοτόκον
1758 3469 1813 3521 δὲ

221 3562 450 3631 μᾶλλονι
469 3563 563 3616 καὶ
592 3561 1009 3632 ἀνθρωποτόκον
1041 3579 1054 3594 ο
1105 3563 1271 3632 ἔτερα
1313 3562 1369 3614 δὲ
1419 3562 1556 3632 πρὸς
1602 3561 1816 3625 τούτοις

217 3655 406 3728 ἀπηχῆ
459 3657 552 3708 καὶ
601 3655 955 3726 ἀπόπληκτα,
988 3657 1101 3717 τοῖς
1135 3654 1318 3726 ὀρθοῖς
1349 3656 1444 3708 καὶ
1491 3656 1815 3728 εἰλικρινέσι

217 3748 317 3818 τῆς
348 3748 644 3819 καθολικῆς
683 3747 1012 3818 Ἐκκλησίας
1037 3748 1418 3818 ἐπεισφρησας
1449 3747 1704 3817 δόγμασι.

291 3927 352 3982 Β.
388 3927 709 3998 Νεστόριον,
733 3922 907 3997 οἶμαι,
945 3926 1071 3998 φής.
1115 3925 1347 3998 Συνίημι
1377 3927 1486 3999 γὰρ
1529 3928 1627 4000 ἥδη
1663 3945 1811 3995 πως,

220 4018 356 4071 ἀλλὰ
397 4017 453 4070 τί
486 4017 546 4069 τὸ
575 4019 786 4088 χρῆμα,
814 4011 858 4070 ὦ
884 4020 1000 4081 τᾶν,
1050 4017 1160 4071 τῶν
1205 4018 1419 4072 ἐκείνου
1476 4018 1669 4088 λόγων,
1716 4023 1818 4075 οὐκ

221 4110 328 4182 ἔχω
358 4114 523 4164 νοεῖνο
552 4110 814 4164 Θεοτόκον
842 4111 898 4164 δὲ
931 4110 1047 4174 πῶς
1073 4112 1174 4165 οὐκ
1200 4107 1342 4165 εἶναί
1369 4128 1503 4182 φησι
1529 4113 1628 4185 τὴν
1653 4115 1817 4184 ἁγίαν

221 4203 502 4276 Παρθένον
520 4219 534 4268 ;

293 4299 358 4347 Α.
396 4295 473 4348 Οὐ
509 4294 618 4365 γάρ
651 4311 752 4362 τοι,
788 4293 940 4364 φησὶ,
988 4292 1121 4347 Θεὸν
1155 4294 1468 4350 ὲκτέτοκεν.
1498 4291 1607 4350 Ἦν
1650 4297 1761 4370 γὰρ
1788 4302 1817 4352 6

223 4388 395 4456 Λόγος
435 4388 528 4440 καὶ
575 4387 682 4458 πρὸ
735 4389 926 4458 αὐτῆς,
983 4388 1190 4457 μᾶλλον
1240 4387 1298 4442 δὲ
1335 4388 1428 4441 καὶ
1466 4389 1574 4458 πρὸ
1611 4390 1817 4454 παντὸς

225 4481 419 4542 αίῶνος
453 4479 545 4532 καὶ
585 4480 797 4551 χρόνου,
843 4481 1111 4544 συναῖδιος
1143 4479 1218 4534 ὢν
1243 4481 1322 4551 τῷ
1352 4480 1471 4551 Θεῷ
1498 4481 1592 4534 καί
1619 4483 1814 4553 Πατρί.

227 4574 679 4644 Καταρνήσονται
707 4572 770 4642 δὴ
802 4568 895 4625 οὖν
927 4575 1020 4625 καὶ
1048 4571 1207 4625 τοῦτο
1236 4573 1562 4642 ἀναφανδὸν,
1595 4573 1670 4637 ὡς
1702 4575 1819 4628 ἔστι

1919 3385 2077 3445 plura
2106 3375 2287 3429 valere
2313 3375 2490 3442 jussa,
2532 3371 2804 3441 rebusque
2835 3373 2990 3426 novis
3025 3387 3124 3442 pro
3172 3389 3267 3429 sua
3297 3374 3520 3431 libidine

1920 3465 2280 3526 introductis,
2320 3472 2567 3516 sanctam
2614 3459 2889 3532 Virginem
2936 3460 3225 3529 Deiparam
3260 3478 3382 3518 esse
3428 3480 3522 3519 ne—

1920 3570 2030 3631 gat,
2069 3559 2162 3613 sed
2195 3558 2378 3627 potius
2405 3554 2690 3608 Christum
2735 3554 2852 3607 sive
2889 3554 3168 3610 hominem
3206 3558 3516 3624 peperisse,

1919 3654 2134 3721 aliaque
2169 3650 2254 3705 his
2283 3647 2464 3703 aliiuia
2497 3662 2758 3717 perquam
2809 3648 3045 3701 absurda
3093 3656 3262 3717 atque
3303 3649 3522 3720 stupida

1921 3747 2089 3801 rectis
2126 3759 2189 3800 ac
2217 3743 2371 3815 puris
2402 3740 2727 3796 universalis
2762 3737 3021 3794 Ecclesiae
3047 3740 3394 3810 dogmatibus
3424 3756 3521 3796 su-

1919 3836 2279 3908 perinferens.

1995 3930 2055 3983 Β.
2098 3926 2432 3991 Nestorium,
2471 3933 2534 3980 ut
2561 3921 2820 3984 arbitror,
2873 3919 3175 3991 signiﬁcas.
3219 3920 3340 3976 Jam
3376 3922 3519 3978 enim

1923 4022 2185 4092 intelligo.
2240 4019 2530 4089 Opinionis
2575 4031 2710 4072 vero
2751 4014 2872 4084 ejus
2923 4014 3066 4070 ratio
3120 4015 3254 4070 mihi
3301 4018 3520 4086 cognita

1921 4132 2029 4172 non
2070 4128 2173 4170 εει.
2212 4115 2462 4181 Quonam
2507 4119 2693 4166 autem
2745 4117 2907 4179 pacto
2940 4119 3187 4164 sanctam
3245 4107 3522 4180 Virginem

1923 4208 2207 4279 Deiparam
2238 4221 2360 4262 esse
2392 4204 2594 4275 negat?
3130 4277 3135 4282 _

1993 4301 2060 4353 A.
2104 4299 2289 4368 Neque
2315 4297 2482 4362 enim,
2512 4296 2705 4366 inquit,
2738 4297 2906 4352 Deum
2941 4311 3006 4350 ex
3032 4311 3093 4352 se
3121 4296 3353 4365 peperit.
3389 4294 3524 4350 Nam

1925 4391 2165 4447 Verbum
2209 4401 2335 4447 ante
2380 4391 2554 4461 ipsam
2597 4399 2734 4457 erat,
2770 4402 2936 4459 atque
2989 4390 3123 4446 adeo
3167 4401 3294 4444 ante
3339 4391 3524 4443 omnia

1922 4485 2118 4542 saecula
2145 4493 2199 4541 et
2226 4494 2492 4555 tempora,
2528 4493 2714 4553 utpote
2751 4494 3083 4538 coaeternum
3125 4482 3234 4538 Deo
3257 4498 3322 4538 ac
3352 4481 3522 4538 Patri.

1922 4583 2252 4653 Negayerint
2284 4582 2468 4650 itaque
2501 4580 2666 4634 etiam
2701 4581 2805 4634 hoc
2850 4589 3060 4648 aperte,
3110 4580 3253 4648 quod
3298 4579 3526 4633 Emma-

225 4667 356 4730 Θεὸς
397 4670 426 4719 6
463 4667 840 4737 Ἐμμανουὴλ,
888 4668 1010 4738 είκῆ
1055 4668 1110 4719 δὲ
1152 4667 1227 4732 ὡς
1275 4667 1420 4721 ἔοικε
1466 4669 1810 4739 διερμηνεύει

1932 4675 2052 4729 nuel
2087 4674 2159 4727 sit
2190 4672 2354 4729 Dens.
2398 4672 2581 4740 Inepte
2612 4673 2778 4742 igitur
2813 4672 2944 4726 illud
2986 4672 3381 4741 interpretatus
3407 4674 3526 4727 fue-

225 4758 483 4827 τοῦνομα,
534 4758 706 4826 λέγων
746 4761 773 4810 ὁ
822 4759 1248 4828 εὐαγγελιστήςο
1286 4778 1304 4810 ι
1339 4761 1407 4811 ’Ὀ
1454 4762 1570 4813 ἐστι
1620 4760 1817 4833 μεθερ-

230 4850 622 4920 μηνευόμενον,
658 4847 792 4902 Μεθ’
823 4849 980 4919 ἡμῶν
1005 4851 1033 4902 6
1065 4847 1250 4913 Θεός.»
1288 4850 1446 4904 Οὕτω
1480 4852 1588 4923 γὰρ
1614 4853 1816 4925 χρῆναι

225 4940 700 5012 κατονομάζεσθαι
754 4941 1125 4997 διεϐεϐαιοῦτο
1181 4943 1366 5012 σαφῶς
1415 4945 1505 4997 διὰ
1557 4945 1657 5013 τῆς
1721 4946 1816 5000 τοῦ

228 5035 514 5104 προφήτου
546 5033 734 5102 φωνῆς
758 5035 786 5085 ό
812 5033 944 5097 Θεὸς
972 5035 1065 5086 καὶ
1091 5034 1304 5106 Πατὴρ,
1327 5036 1418 5088 τὸν
1441 5039 1504 5088 ὲκ
1531 5038 1631 5108 τῆς
1657 5038 1819 5106 ἁγίας

224 5127 506 5197 Παρθένου
532 5126 673 5179 κατὰ
705 5126 883 5195 σάρκα.
911 5131 1328 5197 γεγεννημένον,
1364 5129 1438 5192 ὡς
1471 5129 1824 5205 ὲνανθρωπη-

227 5236 396 5273 σαντα
427 5219 584 5272 Θεόν.

297 5309 356 5362 Β.
396 5310 586 5362 Καίτοι
617 5310 764 5362 δοκεῖ
813 5311 909 5381 μὲν
940 5310 1168 5373 ἐκείνοις
1200 5311 1298 5381 οὐχ
1329 5305 1430 5365 ὦδε
1465 5310 1619 5364 ταῦτ’
1653 5312 1814 5382 ἔχειν,

231 5403 346 5471 μεθ’
373 5401 532 5471 ἡμῶν
562 5402 617 5454 δὲ
649 5405 805 5469 φαῖεν
838 5401 1091 5470 γενέσθαι
1123 5403 1272 5468 Θεὸν,
1309 5405 1428 5475 ήτοι
1462 5403 1554 5456 τὸν
1583 5406 1646 5458 ἐκ
1680 5406 1817 5460 Θεοῦ

226 5494 418 5560 Λόγον,
455 5494 594 5546 κατὰ
645 5509 707 5560 γε
748 5494 874 5557 τοὺς
905 5495 1004 5565 τῆς
1053 5499 1373 5566 ἐπικουρίας
1422 5498 1680 5568 τρόπους.
1727 5500 1823 5552 Σέ-

231 5603 374 5640 σωκε
414 5588 520 5660 γὰρ
555 5587 652 5658 τὴν
687 5588 778 5639 ὑπ’
806 5590 1034 5659 οὐρανὸν
1075 5590 1164 5644 διὰ
1211 5592 1306 5644 τοῦ
1355 5593 1711 5662 γεννηθέντος
1758 5594 1822 5648 ἐκ

229 5681 511 5744 γυναικός.

301 5772 364 5823 Δ.
400 5772 472 5825 Οὑ
508 5773 613 5844 γὰρ
647 5770 732 5844 ἦν,
784 5777 904 5829 εἰπέ
945 5795 1056 5846 μοι,
1105 5778 1199 5830 καὶ
1252 5781 1392 5847 μετὰ
1431 5779 1677 5845 Μωσέως
1716 5781 1816 5853 τῆς

302 5947 342 5977 δ’
370 5946 556 6004 Matth.
591 5967 629 6014 t,
659 5951 751 6006 2⁷5.

549 6045 813 6110 Parnm“
863 6051 977 6108 Gn.
1032 6051 1251 6114 LXXV.

1929 4769 1999 4822 rit
2037 4768 2367 4835 evangelista
2395 4805 2410 4830 ,
2449 4767 2636 4820 dicens
2668 4779 2682 4816 :
2720 4783 2738 4815 ι
2770 4764 2924 4830 Quod
2974 4764 3397 4832 interpretatur,
3429 4764 3530 4816 Nu-

1928 4859 2137 4914 biscum
2172 4857 2313 4913 Deus
2338 4858 2403 4911 “.
2439 4876 2456 4909 ι
2493 4857 2569 4912 lta
2606 4858 2751 4912 enim
2782 4856 3071 4913 manifeste
3104 4857 3242 4912 Deus
3273 4874 3335 4911 ac
3369 4857 3531 4912 l‘ater

1929 4967 2026 5020 per
2061 4965 2248 5006 vocem
2280 4950 2670 5021 prophetarum
2717 4951 3011 5004 allirtnavit
3045 4962 3300 5020 oportere
3345 4955 3526 5006 vocari

1929 5055 2054 5096 eum
2086 5042 2176 5110 qui
2214 5057 2277 5096 ex
2309 5049 2498 5096 sancta
2523 5038 2750 5110 Virgine
2777 5041 3078 5096 secundum
3109 5056 3338 5098 carnem
3372 5053 3532 5098 natus

1932 5142 2097 5198 esset,
2128 5144 2185 5187 ut
2217 5132 2387 5187 Deum
2416 5133 2781 5187 incat'ttatutn.

2005 5317 2064 5371 Β.
2104 5316 2264 5385 Atqui
2293 5315 2398 5370 illis
2430 5330 2520 5369 res
2556 5330 2662 5370 non
2696 5316 2769 5370 ita
2804 5330 2862 5370 se
2899 5315 3102 5370 habere
3133 5317 3349 5370 videtur
3379 5335 3391 5371 :
3429 5332 3531 5372 no-

1929 5410 2134 5465 biscum
2187 5423 2314 5463 vero
2371 5411 2570 5462 factum
2621 5423 2742 5464 esse
2804 5411 2970 5464 Deum
3025 5412 3367 5465 contendunt
3415 5411 3532 5466 sive

1935 5501 2167 5556 Verbum
2207 5514 2272 5556 ex
2307 5499 2436 5568 Deo,
2483 5502 2696 5556 ratione
2720 5502 2934 5557 auxilii.
2975 5501 3220 5556 Salvavit
3249 5505 3395 5557 enim
3439 5521 3527 5556 or-

1928 5594 2048 5650 bem
2092 5606 2363 5650 terrarum
2400 5610 2495 5665 per
2530 5611 2653 5650 cum
2700 5598 2790 5666 qui
2839 5612 2905 5651 ex
2942 5597 3169 5652 muliere
3230 5606 3390 5652 natus
3423 5609 3528 5653 est.

1998 5782 2064 5835 A.
2109 5780 2284 5846 Anne,
2333 5779 2587 5848 obsecro,
2639 5788 2692 5834 ct
2726 5795 2849 5833 rum
2903 5778 3084 5850 Moyse
3127 5788 3239 5833 erat
3266 5818 3280 5842 ,
3317 5793 3346 5833 e
3382 5787 3531 5833 terra

3135 6061 3212 6120 4‘)
