  <div class='ocr_page' id='page_1' title='image "/cluster/home/n/w/nwhite01/storage/ocr_20150623/75/uva.x030486936/642.png"; bbox 0 0 3988 6480; ppageno 0'>
   <div class='ocr_carea' id='block_1_1' title="bbox 1679 390 1701 414">
    <p class='ocr_par' dir='ltr' id='par_1_1' title="bbox 1679 390 1701 414">
     <span class='ocr_line' id='line_1_1' title="bbox 1679 390 1701 414; baseline 0 0"><span class='ocrx_word' id='word_1_1' title='bbox 1679 390 1701 414; x_wconf 71' lang='grc'>7</span> 
     </span>
    </p>
   </div>
   <div class='ocr_carea' id='block_1_2' title="bbox 221 535 440 589">
    <p class='ocr_par' dir='ltr' id='par_1_2' title="bbox 221 535 440 589">
     <span class='ocr_line' id='line_1_2' title="bbox 221 535 440 589; baseline 0.014 -2"><span class='ocrx_word' id='word_1_2' title='bbox 221 535 352 589; x_wconf 67' lang='grc' dir='ltr'>ιεοι</span> <span class='ocrx_word' id='word_1_3' title='bbox 436 571 440 574; x_wconf 55' lang='grc' dir='ltr'><strong>ν</strong></span> 
     </span>
    </p>
   </div>
   <div class='ocr_carea' id='block_1_3' title="bbox 1357 525 2329 594">
    <p class='ocr_par' dir='ltr' id='par_1_3' title="bbox 1357 525 2329 594">
     <span class='ocr_line' id='line_1_3' title="bbox 1357 525 2329 594; baseline 0.006 -17"><span class='ocrx_word' id='word_1_4' title='bbox 1357 528 1544 594; x_wconf 57' lang='grc' dir='ltr'>(μοι)</span> <span class='ocrx_word' id='word_1_5' title='bbox 1590 526 1774 582; x_wconf 60' lang='lat' dir='ltr'><strong>usus</strong></span> <span class='ocrx_word' id='word_1_6' title='bbox 1812 526 1918 582; x_wconf 84' lang='lat' dir='ltr'><strong>SIT</strong></span> <span class='ocrx_word' id='word_1_7' title='bbox 1957 525 2329 584; x_wconf 72' lang='lat' dir='ltr'><strong>(lllltlSTUS.</strong></span> 
     </span>
    </p>
   </div>
   <div class='ocr_carea' id='block_1_4' title="bbox 3367 524 3497 581">
    <p class='ocr_par' dir='ltr' id='par_1_4' title="bbox 3367 524 3497 581">
     <span class='ocr_line' id='line_1_4' title="bbox 3367 524 3497 581; baseline 0.015 -2"><span class='ocrx_word' id='word_1_8' title='bbox 3367 524 3497 581; x_wconf 56' lang='lat' dir='ltr'><strong>lilii</strong></span> 
     </span>
    </p>
   </div>
   <div class='ocr_carea' id='block_1_5' title="bbox 211 644 1784 718">
    <p class='ocr_par' dir='ltr' id='par_1_5' title="bbox 211 645 1784 718">
     <span class='ocr_line' id='line_1_5' title="bbox 211 645 1784 718; baseline -0.004 -16"><span class='ocrx_word' id='word_1_9' title='bbox 211 649 274 702; x_wconf 78' lang='grc' dir='ltr'><strong>τὸ</strong></span> <span class='ocrx_word' id='word_1_10' title='bbox 317 651 400 702; x_wconf 78' lang='grc' dir='ltr'>ὅτι</span> <span class='ocrx_word' id='word_1_11' title='bbox 437 649 671 718; x_wconf 68' lang='grc' dir='ltr'>μάλιστα</span> <span class='ocrx_word' id='word_1_12' title='bbox 722 646 930 718; x_wconf 72' lang='grc' dir='ltr'>πρέπον</span> <span class='ocrx_word' id='word_1_13' title='bbox 968 665 1024 698; x_wconf 85' lang='grc' dir='ltr'><strong>τε</strong></span> <span class='ocrx_word' id='word_1_14' title='bbox 1075 649 1166 699; x_wconf 72' lang='grc' dir='ltr'><strong>καὶ</strong></span> <span class='ocrx_word' id='word_1_15' title='bbox 1202 647 1373 708; x_wconf 70' lang='grc' dir='ltr'>ἐοικος</span> <span class='ocrx_word' id='word_1_16' title='bbox 1423 647 1498 714; x_wconf 77' lang='grc' dir='ltr'>τῷ</span> <span class='ocrx_word' id='word_1_17' title='bbox 1552 645 1784 714; x_wconf 59' lang='grc' dir='ltr'>ἀτρέπτιε</span> 
     </span>
    </p>
   </div>
   <div class='ocr_carea' id='block_1_6' title="bbox 1896 644 3501 718">
    <p class='ocr_par' dir='ltr' id='par_1_6' title="bbox 1914 644 3501 715">
     <span class='ocr_line' id='line_1_6' title="bbox 1914 644 3501 715; baseline 0.001 -17"><span class='ocrx_word' id='word_1_18' title='bbox 1914 648 1962 699; x_wconf 90' lang='lat' dir='ltr'><strong>id</strong></span> <span class='ocrx_word' id='word_1_19' title='bbox 2002 648 2140 715; x_wconf 79' lang='lat' dir='ltr'><strong>quod</strong></span> <span class='ocrx_word' id='word_1_20' title='bbox 2192 647 2298 699; x_wconf 87' lang='lat' dir='ltr'><strong>Deo</strong></span> <span class='ocrx_word' id='word_1_21' title='bbox 2337 645 2656 699; x_wconf 86' lang='lat' dir='ltr'><strong>immutabili</strong></span> <span class='ocrx_word' id='word_1_22' title='bbox 2711 646 2961 701; x_wconf 82' lang='lat' dir='ltr'><strong>maxime.</strong></span> <span class='ocrx_word' id='word_1_23' title='bbox 2995 644 3249 700; x_wconf 74' lang='lat' dir='ltr'><strong>convenit</strong></span> <span class='ocrx_word' id='word_1_24' title='bbox 3283 661 3501 700; x_wconf 79' lang='lat' dir='ltr'><strong>accom-</strong></span> 
     </span>
    </p>
   </div>
   <div class='ocr_carea' id='block_1_7' title="bbox 211 735 1806 810">
    <p class='ocr_par' dir='ltr' id='par_1_7' title="bbox 211 735 1806 810">
     <span class='ocr_line' id='line_1_7' title="bbox 211 735 1806 810; baseline -0.003 -19"><span class='ocrx_word' id='word_1_25' title='bbox 211 740 364 810; x_wconf 75' lang='grc' dir='ltr'>Θεῷς</span> <span class='ocrx_word' id='word_1_26' title='bbox 396 741 520 801; x_wconf 80' lang='grc' dir='ltr'>Πῶς</span> <span class='ocrx_word' id='word_1_27' title='bbox 546 741 610 809; x_wconf 79' lang='grc' dir='ltr'><strong>δὴ</strong></span> <span class='ocrx_word' id='word_1_28' title='bbox 641 737 732 792; x_wconf 72' lang='grc' dir='ltr'><strong>οὖν</strong></span> <span class='ocrx_word' id='word_1_29' title='bbox 761 742 867 808; x_wconf 74' lang='grc' dir='ltr'>ἄρα</span> <span class='ocrx_word' id='word_1_30' title='bbox 898 741 974 801; x_wconf 83' lang='grc' dir='ltr'>εἰς</span> <span class='ocrx_word' id='word_1_31' title='bbox 1010 739 1186 807; x_wconf 78' lang='grc' dir='ltr'>σάρκα</span> <span class='ocrx_word' id='word_1_32' title='bbox 1218 739 1394 806; x_wconf 68' lang='grc' dir='ltr'>φαμὲν</span> <span class='ocrx_word' id='word_1_33' title='bbox 1428 737 1681 804; x_wconf 78' lang='grc' dir='ltr'>γενέσθαι</span> <span class='ocrx_word' id='word_1_34' title='bbox 1717 735 1806 787; x_wconf 80' lang='grc' dir='ltr'><strong>τὸν</strong></span> 
     </span>
    </p>
   </div>
   <div class='ocr_carea' id='block_1_8' title="bbox 211 828 1805 899">
    <p class='ocr_par' dir='ltr' id='par_1_8' title="bbox 211 828 1805 899">
     <span class='ocr_line' id='line_1_8' title="bbox 211 828 1805 899; baseline -0.003 -15"><span class='ocrx_word' id='word_1_35' title='bbox 211 834 403 898; x_wconf 81' lang='grc' dir='ltr'>Λόγον,</span> <span class='ocrx_word' id='word_1_36' title='bbox 447 834 507 883; x_wconf 73' lang='grc' dir='ltr'>τὴ</span> <span class='ocrx_word' id='word_1_37' title='bbox 540 831 808 899; x_wconf 83' lang='grc' dir='ltr'>ἄτρεπτόν</span> <span class='ocrx_word' id='word_1_38' title='bbox 840 849 894 882; x_wconf 88' lang='grc' dir='ltr'><strong>τε</strong></span> <span class='ocrx_word' id='word_1_39' title='bbox 945 832 1038 882; x_wconf 69' lang='grc' dir='ltr'><strong>καὶ</strong></span> <span class='ocrx_word' id='word_1_40' title='bbox 1068 829 1421 882; x_wconf 77' lang='grc' dir='ltr'><strong>ἀναλλοίωτον</strong></span> <span class='ocrx_word' id='word_1_41' title='bbox 1461 829 1535 889; x_wconf 75' lang='grc' dir='ltr'><strong>ως</strong></span> <span class='ocrx_word' id='word_1_42' title='bbox 1586 828 1714 879; x_wconf 71' lang='grc' dir='ltr'>ἴδιόν</span> <span class='ocrx_word' id='word_1_43' title='bbox 1747 837 1805 879; x_wconf 82' lang='grc' dir='ltr'><strong>τε</strong></span> 
     </span>
    </p>
   </div>
   <div class='ocr_carea' id='block_1_9' title="bbox 211 919 1804 990">
    <p class='ocr_par' dir='ltr' id='par_1_9' title="bbox 211 919 1804 990">
     <span class='ocr_line' id='line_1_9' title="bbox 211 919 1804 990; baseline -0.002 -15"><span class='ocrx_word' id='word_1_44' title='bbox 211 926 306 977; x_wconf 73' lang='grc' dir='ltr'><strong>καὶ</strong></span> <span class='ocrx_word' id='word_1_45' title='bbox 334 922 587 984; x_wconf 74' lang='grc' dir='ltr'><strong>οὐσιῶδες</strong></span> <span class='ocrx_word' id='word_1_46' title='bbox 617 922 712 973; x_wconf 75' lang='grc' dir='ltr'><strong>καὶ</strong></span> <span class='ocrx_word' id='word_1_47' title='bbox 759 921 1075 990; x_wconf 75' lang='grc' dir='ltr'>ἐμπεφυκὸς</span> <span class='ocrx_word' id='word_1_48' title='bbox 1118 919 1266 990; x_wconf 82' lang='grc' dir='ltr'>αὐτῴ</span> <span class='ocrx_word' id='word_1_49' title='bbox 1315 919 1606 988; x_wconf 75' lang='grc' dir='ltr'>τηροῦντες</span> <span class='ocrx_word' id='word_1_50' title='bbox 1641 919 1748 982; x_wconf 72' lang='grc' dir='ltr'>ἀεὶ,</span> <span class='ocrx_word' id='word_1_51' title='bbox 1779 921 1804 972; x_wconf 80' lang='grc' dir='ltr'>ὁ</span> 
     </span>
    </p>
   </div>
   <div class='ocr_carea' id='block_1_10' title="bbox 211 1010 1805 1081">
    <p class='ocr_par' dir='ltr' id='par_1_10' title="bbox 211 1010 1805 1081">
     <span class='ocr_line' id='line_1_10' title="bbox 211 1010 1805 1081; baseline -0.004 -14"><span class='ocrx_word' id='word_1_52' title='bbox 211 1017 483 1081; x_wconf 58' lang='lat' dir='ltr'><strong>nino-:30;</strong></span> <span class='ocrx_word' id='word_1_53' title='bbox 516 1013 748 1078; x_wconf 78' lang='grc' dir='ltr'>Παῦλος,</span> <span class='ocrx_word' id='word_1_54' title='bbox 776 1016 802 1065; x_wconf 87' lang='grc' dir='ltr'>ὁ</span> <span class='ocrx_word' id='word_1_55' title='bbox 836 1012 941 1066; x_wconf 81' lang='grc' dir='ltr'>τῶν</span> <span class='ocrx_word' id='word_1_56' title='bbox 969 1010 1135 1064; x_wconf 77' lang='grc' dir='ltr'>αὑτοῦ</span> <span class='ocrx_word' id='word_1_57' title='bbox 1175 1011 1488 1080; x_wconf 72' lang='grc' dir='ltr'><strong>μυστηρίων</strong></span> <span class='ocrx_word' id='word_1_58' title='bbox 1521 1011 1743 1078; x_wconf 84' lang='grc' dir='ltr'>ταμίας,</span> <span class='ocrx_word' id='word_1_59' title='bbox 1777 1011 1805 1061; x_wconf 86' lang='grc' dir='ltr'><strong>ὁ</strong></span> 
     </span>
    </p>
   </div>
   <div class='ocr_carea' id='block_1_11' title="bbox 210 1102 1808 1175">
    <p class='ocr_par' dir='ltr' id='par_1_11' title="bbox 210 1102 1808 1175">
     <span class='ocr_line' id='line_1_11' title="bbox 210 1102 1808 1175; baseline -0.006 -15"><span class='ocrx_word' id='word_1_60' title='bbox 210 1108 316 1160; x_wconf 80' lang='grc' dir='ltr'>τῶν</span> <span class='ocrx_word' id='word_1_61' title='bbox 351 1105 728 1173; x_wconf 67' lang='grc' dir='ltr'>εὖαγγελικῶν</span> <span class='ocrx_word' id='word_1_62' title='bbox 780 1104 1156 1175; x_wconf 73' lang='grc' dir='ltr'><strong>κηρυγμάτων</strong></span> <span class='ocrx_word' id='word_1_63' title='bbox 1207 1102 1512 1172; x_wconf 74' lang='grc' dir='ltr'>ἱερουργὸς,</span> <span class='ocrx_word' id='word_1_64' title='bbox 1553 1103 1808 1169; x_wconf 78' lang='grc' dir='ltr'>σαφηνιεῖ</span> 
     </span>
    </p>
   </div>
   <div class='ocr_carea' id='block_1_12' title="bbox 205 1192 1804 1266">
    <p class='ocr_par' dir='ltr' id='par_1_12' title="bbox 205 1192 1804 1266">
     <span class='ocr_line' id='line_1_12' title="bbox 205 1192 1804 1266; baseline -0.004 -15"><span class='ocrx_word' id='word_1_65' title='bbox 205 1199 402 1264; x_wconf 73' lang='grc' dir='ltr'>ὶέγωνσ</span> <span class='ocrx_word' id='word_1_66' title='bbox 444 1218 460 1247; x_wconf 89' lang='grc'><strong>‹</strong></span> <span class='ocrx_word' id='word_1_67' title='bbox 492 1197 664 1250; x_wconf 86' lang='grc' dir='ltr'>Τοῦτο</span> <span class='ocrx_word' id='word_1_68' title='bbox 705 1199 952 1266; x_wconf 74' lang='grc' dir='ltr'>φρονεῖτε</span> <span class='ocrx_word' id='word_1_69' title='bbox 1012 1195 1244 1256; x_wconf 75' lang='grc' dir='ltr'>ἕκαστος</span> <span class='ocrx_word' id='word_1_70' title='bbox 1272 1197 1329 1246; x_wconf 88' lang='grc' dir='ltr'><strong>ἐν</strong></span> <span class='ocrx_word' id='word_1_71' title='bbox 1366 1196 1494 1262; x_wconf 75' lang='grc' dir='ltr'>ὑμῖν</span> <span class='ocrx_word' id='word_1_72' title='bbox 1537 1194 1739 1256; x_wconf 73' lang='grc' dir='ltr'>αὐτοῖς,</span> <span class='ocrx_word' id='word_1_73' title='bbox 1775 1192 1804 1244; x_wconf 87' lang='grc' dir='ltr'><strong>ὂ</strong></span> 
     </span>
    </p>
   </div>
   <div class='ocr_carea' id='block_1_13' title="bbox 203 1284 1800 1358">
    <p class='ocr_par' dir='ltr' id='par_1_13' title="bbox 203 1284 1800 1358">
     <span class='ocr_line' id='line_1_13' title="bbox 203 1284 1800 1358; baseline -0.004 -17"><span class='ocrx_word' id='word_1_74' title='bbox 203 1291 300 1342; x_wconf 60' lang='grc' dir='ltr'><strong>καὶ</strong></span> <span class='ocrx_word' id='word_1_75' title='bbox 332 1292 387 1341; x_wconf 88' lang='grc' dir='ltr'><strong>ἐν</strong></span> <span class='ocrx_word' id='word_1_76' title='bbox 427 1289 650 1358; x_wconf 77' lang='grc' dir='ltr'><strong>Χριστῷ</strong></span> <span class='ocrx_word' id='word_1_77' title='bbox 689 1287 887 1358; x_wconf 78' lang='grc' dir='ltr'>Ἰησοῦ,</span> <span class='ocrx_word' id='word_1_78' title='bbox 931 1287 989 1349; x_wconf 85' lang='grc' dir='ltr'>ὃς</span> <span class='ocrx_word' id='word_1_79' title='bbox 1036 1289 1091 1339; x_wconf 80' lang='grc' dir='ltr'><strong>ἐν</strong></span> <span class='ocrx_word' id='word_1_80' title='bbox 1125 1289 1306 1357; x_wconf 77' lang='grc' dir='ltr'>μορφῇ</span> <span class='ocrx_word' id='word_1_81' title='bbox 1349 1284 1483 1338; x_wconf 86' lang='grc' dir='ltr'>Θεοῦ</span> <span class='ocrx_word' id='word_1_82' title='bbox 1516 1285 1800 1354; x_wconf 72' lang='grc' dir='ltr'>ὑπάρχων,</span> 
     </span>
    </p>
   </div>
   <div class='ocr_carea' id='block_1_14' title="bbox 201 1372 1802 1448">
    <p class='ocr_par' dir='ltr' id='par_1_14' title="bbox 201 1372 1802 1448">
     <span class='ocr_line' id='line_1_14' title="bbox 201 1372 1802 1448; baseline -0.003 -18"><span class='ocrx_word' id='word_1_83' title='bbox 201 1377 303 1445; x_wconf 68' lang='grc' dir='ltr'><strong>οὐχ</strong></span> <span class='ocrx_word' id='word_1_84' title='bbox 334 1378 630 1448; x_wconf 79' lang='grc' dir='ltr'>ἁρπαγμὸν</span> <span class='ocrx_word' id='word_1_85' title='bbox 659 1378 901 1448; x_wconf 79' lang='grc' dir='ltr'>ἡγήσατο</span> <span class='ocrx_word' id='word_1_86' title='bbox 934 1376 992 1428; x_wconf 79' lang='grc' dir='ltr'>τὺ</span> <span class='ocrx_word' id='word_1_87' title='bbox 1020 1372 1158 1428; x_wconf 77' lang='grc' dir='ltr'>εἶναι</span> <span class='ocrx_word' id='word_1_88' title='bbox 1193 1376 1281 1428; x_wconf 81' lang='grc' dir='ltr'>ἶσα</span> <span class='ocrx_word' id='word_1_89' title='bbox 1305 1374 1442 1444; x_wconf 76' lang='grc' dir='ltr'>Θεῷ,</span> <span class='ocrx_word' id='word_1_90' title='bbox 1474 1375 1585 1428; x_wconf 72' lang='grc' dir='ltr'>ἀλλ’</span> <span class='ocrx_word' id='word_1_91' title='bbox 1611 1373 1802 1426; x_wconf 69' lang='grc' dir='ltr'>ἑαυτὸν</span> 
     </span>
    </p>
   </div>
   <div class='ocr_carea' id='block_1_15' title="bbox 201 1465 1799 1538">
    <p class='ocr_par' dir='ltr' id='par_1_15' title="bbox 201 1465 1799 1538">
     <span class='ocr_line' id='line_1_15' title="bbox 201 1465 1799 1538; baseline -0.004 -18"><span class='ocrx_word' id='word_1_92' title='bbox 201 1467 462 1531; x_wconf 77' lang='grc' dir='ltr'>ἐκένωσε,</span> <span class='ocrx_word' id='word_1_93' title='bbox 517 1467 732 1538; x_wconf 69' lang='grc' dir='ltr'>μορφὴν</span> <span class='ocrx_word' id='word_1_94' title='bbox 784 1467 971 1519; x_wconf 83' lang='grc' dir='ltr'>δούλου</span> <span class='ocrx_word' id='word_1_95' title='bbox 1017 1466 1216 1531; x_wconf 76' lang='grc' dir='ltr'>λαϐὼν,</span> <span class='ocrx_word' id='word_1_96' title='bbox 1263 1467 1321 1518; x_wconf 89' lang='grc' dir='ltr'><strong>ἐν</strong></span> <span class='ocrx_word' id='word_1_97' title='bbox 1365 1465 1669 1534; x_wconf 77' lang='grc' dir='ltr'><strong>ὁμοιώματι</strong></span> <span class='ocrx_word' id='word_1_98' title='bbox 1703 1465 1799 1516; x_wconf 86' lang='grc' dir='ltr'>ἀν-</span> 
     </span>
    </p>
   </div>
   <div class='ocr_carea' id='block_1_16' title="bbox 202 1557 1801 1630">
    <p class='ocr_par' dir='ltr' id='par_1_16' title="bbox 202 1557 1801 1630">
     <span class='ocr_line' id='line_1_16' title="bbox 202 1557 1801 1630; baseline -0.001 -19"><span class='ocrx_word' id='word_1_99' title='bbox 202 1559 440 1626; x_wconf 80' lang='grc' dir='ltr'>ορώπων</span> <span class='ocrx_word' id='word_1_100' title='bbox 471 1562 787 1630; x_wconf 85' lang='grc' dir='ltr'>γενόμενος,</span> <span class='ocrx_word' id='word_1_101' title='bbox 819 1561 913 1611; x_wconf 69' lang='grc' dir='ltr'><strong>καὶ</strong></span> <span class='ocrx_word' id='word_1_102' title='bbox 949 1562 1188 1630; x_wconf 78' lang='grc' dir='ltr'>σχήματι</span> <span class='ocrx_word' id='word_1_103' title='bbox 1216 1559 1461 1630; x_wconf 72' lang='grc' dir='ltr'>εὑρεθεὶς</span> <span class='ocrx_word' id='word_1_104' title='bbox 1492 1559 1567 1622; x_wconf 80' lang='grc' dir='ltr'>ὡς</span> <span class='ocrx_word' id='word_1_105' title='bbox 1592 1557 1801 1627; x_wconf 78' lang='grc' dir='ltr'>ἄνθρω-</span> 
     </span>
    </p>
   </div>
   <div class='ocr_carea' id='block_1_17' title="bbox 203 1648 1798 1719">
    <p class='ocr_par' dir='ltr' id='par_1_17' title="bbox 203 1648 1798 1719">
     <span class='ocr_line' id='line_1_17' title="bbox 203 1648 1798 1719; baseline 0 -21"><span class='ocrx_word' id='word_1_106' title='bbox 203 1665 326 1710; x_wconf 84' lang='grc' dir='ltr'>πος,</span> <span class='ocrx_word' id='word_1_107' title='bbox 369 1649 733 1701; x_wconf 86' lang='grc' dir='ltr'>ἐταπείνωσεν</span> <span class='ocrx_word' id='word_1_108' title='bbox 766 1649 980 1712; x_wconf 73' lang='grc' dir='ltr'>ἑαυτὸν,</span> <span class='ocrx_word' id='word_1_109' title='bbox 1027 1649 1320 1718; x_wconf 87' lang='grc' dir='ltr'>γενόμενος</span> <span class='ocrx_word' id='word_1_110' title='bbox 1361 1650 1604 1719; x_wconf 79' lang='grc' dir='ltr'>ὑπήκοος</span> <span class='ocrx_word' id='word_1_111' title='bbox 1637 1648 1798 1718; x_wconf 82' lang='grc' dir='ltr'>μέχρι</span> 
     </span>
    </p>
   </div>
   <div class='ocr_carea' id='block_1_18' title="bbox 201 1739 1796 1812">
    <p class='ocr_par' dir='ltr' id='par_1_18' title="bbox 201 1739 1796 1812">
     <span class='ocr_line' id='line_1_18' title="bbox 201 1739 1796 1812; baseline -0.001 -19"><span class='ocrx_word' id='word_1_112' title='bbox 201 1741 456 1804; x_wconf 72' lang='grc' dir='ltr'>Θανάτου,</span> <span class='ocrx_word' id='word_1_113' title='bbox 489 1741 718 1794; x_wconf 79' lang='grc' dir='ltr'>θανάτου</span> <span class='ocrx_word' id='word_1_114' title='bbox 751 1742 806 1795; x_wconf 84' lang='grc' dir='ltr'>δὲ</span> <span class='ocrx_word' id='word_1_115' title='bbox 841 1741 1096 1812; x_wconf 86' lang='grc' dir='ltr'>σταυροῦ.</span> <span class='ocrx_word' id='word_1_116' title='bbox 1125 1759 1143 1790; x_wconf 84' lang='grc'><strong>›</strong></span> <span class='ocrx_word' id='word_1_117' title='bbox 1186 1740 1380 1792; x_wconf 81' lang='grc' dir='ltr'>Καίτοι</span> <span class='ocrx_word' id='word_1_118' title='bbox 1425 1739 1532 1808; x_wconf 77' lang='grc' dir='ltr'><strong>γὰρ</strong></span> <span class='ocrx_word' id='word_1_119' title='bbox 1559 1740 1690 1802; x_wconf 76' lang='grc' dir='ltr'>Θεός</span> <span class='ocrx_word' id='word_1_120' title='bbox 1737 1756 1796 1791; x_wconf 83' lang='grc' dir='ltr'><strong>τε</strong></span> 
     </span>
    </p>
   </div>
   <div class='ocr_carea' id='block_1_19' title="bbox 202 1821 1795 1903">
    <p class='ocr_par' dir='ltr' id='par_1_19' title="bbox 202 1821 1795 1903">
     <span class='ocr_line' id='line_1_19' title="bbox 202 1821 1795 1903; baseline -0.003 -17"><span class='ocrx_word' id='word_1_121' title='bbox 202 1834 300 1886; x_wconf 68' lang='grc' dir='ltr'><strong>κα)⁵</strong></span> <span class='ocrx_word' id='word_1_122' title='bbox 327 1838 389 1886; x_wconf 80' lang='grc' dir='ltr'><strong>ἐκ</strong></span> <span class='ocrx_word' id='word_1_123' title='bbox 420 1835 551 1886; x_wconf 87' lang='grc' dir='ltr'>Θεοῦ</span> <span class='ocrx_word' id='word_1_124' title='bbox 589 1835 731 1886; x_wconf 73' lang='grc' dir='ltr'>κατὰ</span> <span class='ocrx_word' id='word_1_125' title='bbox 780 1837 938 1902; x_wconf 80' lang='grc' dir='ltr'>φῦσιν</span> <span class='ocrx_word' id='word_1_126' title='bbox 966 1821 1227 1903; x_wconf 68' lang='grc' dir='ltr'>ὑττὰρχων</span> <span class='ocrx_word' id='word_1_127' title='bbox 1251 1833 1278 1884; x_wconf 86' lang='grc' dir='ltr'><strong>ό</strong></span> <span class='ocrx_word' id='word_1_128' title='bbox 1308 1831 1600 1902; x_wconf 71' lang='grc' dir='ltr'>μονογενὴς</span> <span class='ocrx_word' id='word_1_129' title='bbox 1632 1829 1795 1883; x_wconf 72' lang='grc' dir='ltr'>αὑτοῦ</span> 
     </span>
    </p>
   </div>
   <div class='ocr_carea' id='block_1_20' title="bbox 201 1926 1795 1996">
    <p class='ocr_par' dir='ltr' id='par_1_20' title="bbox 201 1926 1795 1996">
     <span class='ocr_line' id='line_1_20' title="bbox 201 1926 1795 1996; baseline -0.003 -16"><span class='ocrx_word' id='word_1_130' title='bbox 201 1927 400 1993; x_wconf 82' lang='grc' dir='ltr'>Λόγος,</span> <span class='ocrx_word' id='word_1_131' title='bbox 447 1927 506 1978; x_wconf 73' lang='grc' dir='ltr'><strong>τὸ</strong></span> <span class='ocrx_word' id='word_1_132' title='bbox 546 1929 890 1995; x_wconf 76' lang='grc' dir='ltr'>ἀπαύγασμα</span> <span class='ocrx_word' id='word_1_133' title='bbox 933 1928 1032 1995; x_wconf 73' lang='grc' dir='ltr'>τῆς</span> <span class='ocrx_word' id='word_1_134' title='bbox 1067 1927 1246 1996; x_wconf 72' lang='grc' dir='ltr'>δόξης,</span> <span class='ocrx_word' id='word_1_135' title='bbox 1299 1926 1392 1981; x_wconf 62' lang='grc' dir='ltr'>καὶ</span> <span class='ocrx_word' id='word_1_136' title='bbox 1441 1927 1467 1976; x_wconf 80' lang='grc' dir='ltr'>ὁ</span> <span class='ocrx_word' id='word_1_137' title='bbox 1507 1926 1795 1995; x_wconf 78' lang='grc' dir='ltr'>χαρακτὴρ</span> 
     </span>
    </p>
   </div>
   <div class='ocr_carea' id='block_1_21' title="bbox 199 2015 1788 2086">
    <p class='ocr_par' dir='ltr' id='par_1_21' title="bbox 199 2015 1788 2086">
     <span class='ocr_line' id='line_1_21' title="bbox 199 2015 1788 2086; baseline 0.001 -19"><span class='ocrx_word' id='word_1_138' title='bbox 199 2018 299 2086; x_wconf 63' lang='grc' dir='ltr'>τῆς</span> <span class='ocrx_word' id='word_1_139' title='bbox 333 2018 682 2079; x_wconf 70' lang='grc' dir='ltr'>ὑποστάσεως</span> <span class='ocrx_word' id='word_1_140' title='bbox 712 2019 805 2069; x_wconf 81' lang='grc' dir='ltr'><strong>τοῦ</strong></span> <span class='ocrx_word' id='word_1_141' title='bbox 833 2020 1212 2086; x_wconf 72' lang='grc' dir='ltr'>γεννήσαντος,</span> <span class='ocrx_word' id='word_1_142' title='bbox 1239 2015 1462 2085; x_wconf 73' lang='grc' dir='ltr'>γέγονεν</span> <span class='ocrx_word' id='word_1_143' title='bbox 1486 2016 1788 2086; x_wconf 72' lang='grc' dir='ltr'>ἄνθρωπος,</span> 
     </span>
    </p>
   </div>
   <div class='ocr_carea' id='block_1_22' title="bbox 199 2107 1790 2181">
    <p class='ocr_par' dir='ltr' id='par_1_22' title="bbox 199 2107 1790 2181">
     <span class='ocr_line' id='line_1_22' title="bbox 199 2107 1790 2181; baseline 0.017 -21"><span class='ocrx_word' id='word_1_144' title='bbox 199 2112 293 2160; x_wconf 70' lang='grc' dir='ltr'><strong>καὶ</strong></span> <span class='ocrx_word' id='word_1_145' title='bbox 326 2110 425 2161; x_wconf 72' lang='grc' dir='ltr'><strong>οῦκ</strong></span> <span class='ocrx_word' id='word_1_146' title='bbox 455 2112 530 2171; x_wconf 79' lang='grc' dir='ltr'><strong>είς</strong></span> <span class='ocrx_word' id='word_1_147' title='bbox 574 2113 750 2181; x_wconf 65' lang='grc' dir='ltr'>σάρκα</span> <span class='ocrx_word' id='word_1_148' title='bbox 793 2110 1052 2178; x_wconf 60' lang='grc' dir='ltr'>τραπεὶς,</span> <span class='ocrx_word' id='word_1_149' title='bbox 1166 2107 1397 2177; x_wconf 65' lang='grc' dir='ltr'><strong>φυρμὸνν</strong></span> <span class='ocrx_word' id='word_1_150' title='bbox 1438 2109 1469 2178; x_wconf 70' lang='grc' dir='ltr'>ἦ</span> <span class='ocrx_word' id='word_1_151' title='bbox 1503 2109 1720 2177; x_wconf 58' lang='grc' dir='ltr'><strong>κρᾶ³ιν’</strong></span> <span class='ocrx_word' id='word_1_152' title='bbox 1759 2109 1790 2178; x_wconf 70' lang='grc' dir='ltr'>ἦ</span> 
     </span>
    </p>
   </div>
   <div class='ocr_carea' id='block_1_23' title="bbox 197 2202 1790 2272">
    <p class='ocr_par' dir='ltr' id='par_1_23' title="bbox 197 2202 1790 2272">
     <span class='ocr_line' id='line_1_23' title="bbox 197 2202 1790 2272; baseline -0.001 -16"><span class='ocrx_word' id='word_1_153' title='bbox 197 2220 250 2256; x_wconf 81' lang='grc' dir='ltr'><strong>τι</strong></span> <span class='ocrx_word' id='word_1_154' title='bbox 286 2205 391 2255; x_wconf 74' lang='grc' dir='ltr'>τῶν</span> <span class='ocrx_word' id='word_1_155' title='bbox 420 2205 676 2256; x_wconf 66' lang='grc' dir='ltr'>τοιούτων</span> <span class='ocrx_word' id='word_1_156' title='bbox 717 2205 902 2272; x_wconf 76' lang='grc' dir='ltr'>ἕτερον</span> <span class='ocrx_word' id='word_1_157' title='bbox 940 2204 1257 2271; x_wconf 70' lang='grc' dir='ltr'>ὑπομείνας,</span> <span class='ocrx_word' id='word_1_158' title='bbox 1289 2202 1476 2264; x_wconf 69' lang='grc' dir='ltr'>καθεὶς</span> <span class='ocrx_word' id='word_1_159' title='bbox 1504 2204 1558 2253; x_wconf 79' lang='grc' dir='ltr'>δὲ</span> <span class='ocrx_word' id='word_1_160' title='bbox 1592 2202 1790 2271; x_wconf 69' lang='grc' dir='ltr'>μᾶλλον</span> 
     </span>
    </p>
   </div>
   <div class='ocr_carea' id='block_1_24' title="bbox 200 2294 1789 2365">
    <p class='ocr_par' dir='ltr' id='par_1_24' title="bbox 200 2294 1789 2365">
     <span class='ocr_line' id='line_1_24' title="bbox 200 2294 1789 2365; baseline -0.003 -17"><span class='ocrx_word' id='word_1_161' title='bbox 200 2294 391 2348; x_wconf 62' lang='grc' dir='ltr'>ἑαυτόν</span> <span class='ocrx_word' id='word_1_162' title='bbox 427 2300 502 2358; x_wconf 80' lang='grc' dir='ltr'>εἰς</span> <span class='ocrx_word' id='word_1_163' title='bbox 534 2297 785 2357; x_wconf 75' lang='grc' dir='ltr'>κένωσιν,</span> <span class='ocrx_word' id='word_1_164' title='bbox 823 2296 913 2348; x_wconf 70' lang='grc' dir='ltr'><strong>καὶ</strong></span> <span class='ocrx_word' id='word_1_165' title='bbox 954 2297 1072 2348; x_wconf 73' lang='grc' dir='ltr'>ἀντὶ</span> <span class='ocrx_word' id='word_1_166' title='bbox 1103 2298 1199 2364; x_wconf 78' lang='grc' dir='ltr'><strong>τῆς</strong></span> <span class='ocrx_word' id='word_1_167' title='bbox 1240 2294 1607 2365; x_wconf 74' lang='grc' dir='ltr'>προκειμένης</span> <span class='ocrx_word' id='word_1_168' title='bbox 1642 2295 1789 2363; x_wconf 76' lang='grc' dir='ltr'>αὐτῷ</span> 
     </span>
    </p>
   </div>
   <div class='ocr_carea' id='block_1_25' title="bbox 199 2387 1784 2458">
    <p class='ocr_par' dir='ltr' id='par_1_25' title="bbox 199 2387 1784 2458">
     <span class='ocr_line' id='line_1_25' title="bbox 199 2387 1784 2458; baseline -0.003 -17"><span class='ocrx_word' id='word_1_169' title='bbox 199 2392 393 2457; x_wconf 70' lang='grc' dir='ltr'>χαρᾶς,</span> <span class='ocrx_word' id='word_1_170' title='bbox 422 2389 681 2458; x_wconf 70' lang='grc' dir='ltr'>αίτχῦνης</span> <span class='ocrx_word' id='word_1_171' title='bbox 709 2390 1151 2457; x_wconf 66' lang='grc' dir='ltr'>καταφρονήσας,</span> <span class='ocrx_word' id='word_1_172' title='bbox 1186 2387 1279 2438; x_wconf 76' lang='grc' dir='ltr'><strong>καὶ</strong></span> <span class='ocrx_word' id='word_1_173' title='bbox 1308 2388 1404 2456; x_wconf 77' lang='grc' dir='ltr'><strong>τὴν</strong></span> <span class='ocrx_word' id='word_1_174' title='bbox 1446 2387 1541 2455; x_wconf 69' lang='grc' dir='ltr'>τῆς</span> <span class='ocrx_word' id='word_1_175' title='bbox 1573 2387 1784 2456; x_wconf 78' lang='grc' dir='ltr'>ἀνθρω-</span> 
     </span>
    </p>
   </div>
   <div class='ocr_carea' id='block_1_26' title="bbox 197 2481 1788 2551">
    <p class='ocr_par' dir='ltr' id='par_1_26' title="bbox 197 2481 1788 2551">
     <span class='ocr_line' id='line_1_26' title="bbox 197 2481 1788 2551; baseline -0.001 -18"><span class='ocrx_word' id='word_1_176' title='bbox 197 2483 431 2549; x_wconf 52' lang='grc' dir='ltr'>ττοτγιτος</span> <span class='ocrx_word' id='word_1_177' title='bbox 472 2483 746 2550; x_wconf 76' lang='grc' dir='ltr'>πτωχείαν</span> <span class='ocrx_word' id='word_1_178' title='bbox 793 2482 890 2532; x_wconf 72' lang='grc' dir='ltr'><strong>οὐκ</strong></span> <span class='ocrx_word' id='word_1_179' title='bbox 924 2481 1216 2550; x_wconf 74' lang='grc' dir='ltr'>ἀτιμάσας.</span> <span class='ocrx_word' id='word_1_180' title='bbox 1251 2481 1509 2549; x_wconf 67' lang='grc' dir='ltr'><strong>’ῐίὓέλησε</strong></span> <span class='ocrx_word' id='word_1_181' title='bbox 1547 2481 1676 2551; x_wconf 67' lang='grc' dir='ltr'>γὰρ,</span> <span class='ocrx_word' id='word_1_182' title='bbox 1714 2483 1788 2544; x_wconf 80' lang='grc' dir='ltr'>ὡς</span> 
     </span>
    </p>
   </div>
   <div class='ocr_carea' id='block_1_27' title="bbox 196 2576 1784 2646">
    <p class='ocr_par' dir='ltr' id='par_1_27' title="bbox 196 2576 1784 2646">
     <span class='ocr_line' id='line_1_27' title="bbox 196 2576 1784 2646; baseline 0 -20"><span class='ocrx_word' id='word_1_183' title='bbox 196 2576 351 2637; x_wconf 74' lang='grc' dir='ltr'>Θεὸς,</span> <span class='ocrx_word' id='word_1_184' title='bbox 393 2579 489 2645; x_wconf 76' lang='grc' dir='ltr'><strong>τὴν</strong></span> <span class='ocrx_word' id='word_1_185' title='bbox 531 2576 745 2646; x_wconf 71' lang='grc' dir='ltr'>Θανάτῳ</span> <span class='ocrx_word' id='word_1_186' title='bbox 787 2576 879 2629; x_wconf 69' lang='grc' dir='ltr'>καὶ</span> <span class='ocrx_word' id='word_1_187' title='bbox 926 2577 1168 2645; x_wconf 78' lang='grc' dir='ltr'>ἁμαρτίᾳ</span> <span class='ocrx_word' id='word_1_188' title='bbox 1215 2577 1542 2645; x_wconf 76' lang='grc' dir='ltr'>ἐνεχομένην</span> <span class='ocrx_word' id='word_1_189' title='bbox 1586 2577 1784 2643; x_wconf 79' lang='grc' dir='ltr'>σάρκα,</span> 
     </span>
    </p>
   </div>
   <div class='ocr_carea' id='block_1_28' title="bbox 195 2667 1786 2737">
    <p class='ocr_par' dir='ltr' id='par_1_28' title="bbox 195 2667 1786 2737">
     <span class='ocr_line' id='line_1_28' title="bbox 195 2667 1786 2737; baseline -0.002 -16"><span class='ocrx_word' id='word_1_190' title='bbox 195 2671 289 2721; x_wconf 72' lang='grc' dir='ltr'>καὶ</span> <span class='ocrx_word' id='word_1_191' title='bbox 331 2669 561 2721; x_wconf 75' lang='grc' dir='ltr'>Θανάτου</span> <span class='ocrx_word' id='word_1_192' title='bbox 609 2670 702 2720; x_wconf 74' lang='grc' dir='ltr'><strong>καὶ</strong></span> <span class='ocrx_word' id='word_1_193' title='bbox 753 2670 983 2737; x_wconf 73' lang='grc' dir='ltr'>αἵματος</span> <span class='ocrx_word' id='word_1_194' title='bbox 1030 2667 1304 2737; x_wconf 65' lang='grc' dir='ltr'>ἀποφῆναι</span> <span class='ocrx_word' id='word_1_195' title='bbox 1355 2669 1661 2737; x_wconf 84' lang='grc' dir='ltr'>κρείττονα,</span> <span class='ocrx_word' id='word_1_196' title='bbox 1695 2668 1786 2720; x_wconf 76' lang='grc' dir='ltr'><strong>καὶ</strong></span> 
     </span>
    </p>
   </div>
   <div class='ocr_carea' id='block_1_29' title="bbox 192 2759 1786 2830">
    <p class='ocr_par' dir='ltr' id='par_1_29' title="bbox 192 2759 1786 2830">
     <span class='ocr_line' id='line_1_29' title="bbox 192 2759 1786 2830; baseline -0.001 -17"><span class='ocrx_word' id='word_1_197' title='bbox 192 2761 525 2830; x_wconf 77' lang='grc' dir='ltr'>ἀνακομίσαι</span> <span class='ocrx_word' id='word_1_198' title='bbox 561 2761 698 2830; x_wconf 61' lang='grc' dir='ltr'>πρὸς</span> <span class='ocrx_word' id='word_1_199' title='bbox 742 2762 802 2811; x_wconf 77' lang='grc' dir='ltr'><strong>τὸ</strong></span> <span class='ocrx_word' id='word_1_200' title='bbox 841 2762 897 2812; x_wconf 90' lang='grc' dir='ltr'><strong>ἐν</strong></span> <span class='ocrx_word' id='word_1_201' title='bbox 927 2761 1144 2830; x_wconf 84' lang='grc' dir='ltr'>ἀρχαῖς,</span> <span class='ocrx_word' id='word_1_202' title='bbox 1181 2760 1315 2812; x_wconf 80' lang='grc' dir='ltr'>ἰδίαν</span> <span class='ocrx_word' id='word_1_203' title='bbox 1351 2759 1520 2829; x_wconf 75' lang='grc' dir='ltr'>αὐτὴν</span> <span class='ocrx_word' id='word_1_204' title='bbox 1554 2762 1786 2829; x_wconf 73' lang='grc' dir='ltr'>ποιησα-</span> 
     </span>
    </p>
   </div>
   <div class='ocr_carea' id='block_1_30' title="bbox 196 2850 1786 2922">
    <p class='ocr_par' dir='ltr' id='par_1_30' title="bbox 196 2850 1786 2922">
     <span class='ocr_line' id='line_1_30' title="bbox 196 2850 1786 2922; baseline 0.001 -20"><span class='ocrx_word' id='word_1_205' title='bbox 196 2867 386 2920; x_wconf 84' lang='grc' dir='ltr'>μενος,</span> <span class='ocrx_word' id='word_1_206' title='bbox 431 2851 526 2902; x_wconf 73' lang='grc' dir='ltr'><strong>καὶ</strong></span> <span class='ocrx_word' id='word_1_207' title='bbox 568 2852 667 2902; x_wconf 71' lang='grc' dir='ltr'>οὐκ</span> <span class='ocrx_word' id='word_1_208' title='bbox 700 2850 906 2920; x_wconf 66' lang='grc' dir='ltr'>ἄψυχόν</span> <span class='ocrx_word' id='word_1_209' title='bbox 941 2868 1003 2918; x_wconf 81' lang='grc' dir='ltr'><strong>γε</strong></span> <span class='ocrx_word' id='word_1_210' title='bbox 1036 2851 1177 2903; x_wconf 82' lang='grc' dir='ltr'><strong>κατά</strong></span> <span class='ocrx_word' id='word_1_211' title='bbox 1211 2867 1381 2915; x_wconf 84' lang='grc' dir='ltr'>τινας,</span> <span class='ocrx_word' id='word_1_212' title='bbox 1425 2853 1786 2922; x_wconf 52' lang='grc' dir='ltr'>ἐψυχωμὲνην</span> 
     </span>
    </p>
   </div>
   <div class='ocr_carea' id='block_1_31' title="bbox 189 2943 1783 3013">
    <p class='ocr_par' dir='ltr' id='par_1_31' title="bbox 189 2943 1783 3013">
     <span class='ocr_line' id='line_1_31' title="bbox 189 2943 1783 3013; baseline 0.001 -17"><span class='ocrx_word' id='word_1_213' title='bbox 189 2943 248 2996; x_wconf 76' lang='grc' dir='ltr'><strong>δὲ</strong></span> <span class='ocrx_word' id='word_1_214' title='bbox 287 2943 490 3013; x_wconf 71' lang='grc' dir='ltr'>μᾶλλον</span> <span class='ocrx_word' id='word_1_215' title='bbox 522 2943 666 3012; x_wconf 73' lang='grc' dir='ltr'>ψυχῇ</span> <span class='ocrx_word' id='word_1_216' title='bbox 703 2944 889 3012; x_wconf 76' lang='grc' dir='ltr'>νοερᾷ·</span> <span class='ocrx_word' id='word_1_217' title='bbox 939 2943 1074 2994; x_wconf 82' lang='grc' dir='ltr'>ξέναι</span> <span class='ocrx_word' id='word_1_218' title='bbox 1123 2960 1185 3010; x_wconf 85' lang='grc' dir='ltr'><strong>γε</strong></span> <span class='ocrx_word' id='word_1_219' title='bbox 1223 2945 1328 3012; x_wconf 81' lang='grc' dir='ltr'><strong>μὴν</strong></span> <span class='ocrx_word' id='word_1_220' title='bbox 1376 2945 1473 3013; x_wconf 81' lang='grc' dir='ltr'><strong>τὴν</strong></span> <span class='ocrx_word' id='word_1_221' title='bbox 1514 2943 1590 3012; x_wconf 80' lang='grc' dir='ltr'><strong>τῷ</strong></span> <span class='ocrx_word' id='word_1_222' title='bbox 1638 2946 1783 3013; x_wconf 72' lang='grc' dir='ltr'>πράο</span> 
     </span>
    </p>
   </div>
   <div class='ocr_carea' id='block_1_32' title="bbox 189 3031 1783 3106">
    <p class='ocr_par' dir='ltr' id='par_1_32' title="bbox 189 3031 1783 3106">
     <span class='ocr_line' id='line_1_32' title="bbox 189 3031 1783 3106; baseline 0.001 -19"><span class='ocrx_word' id='word_1_223' title='bbox 189 3053 364 3104; x_wconf 81' lang='grc' dir='ltr'>γματι</span> <span class='ocrx_word' id='word_1_224' title='bbox 411 3035 727 3105; x_wconf 75' lang='grc' dir='ltr'>πρέπουσαν</span> <span class='ocrx_word' id='word_1_225' title='bbox 777 3036 876 3086; x_wconf 73' lang='grc' dir='ltr'><strong>οὐκ</strong></span> <span class='ocrx_word' id='word_1_226' title='bbox 925 3031 1244 3098; x_wconf 75' lang='grc' dir='ltr'>ἀπαξιώσας</span> <span class='ocrx_word' id='word_1_227' title='bbox 1291 3035 1496 3104; x_wconf 80' lang='grc' dir='ltr'>τρίϐον,</span> <span class='ocrx_word' id='word_1_228' title='bbox 1527 3036 1625 3106; x_wconf 77' lang='grc' dir='ltr'>τὴν</span> <span class='ocrx_word' id='word_1_229' title='bbox 1662 3037 1783 3090; x_wconf 72' lang='grc' dir='ltr'>καθ’</span> 
     </span>
    </p>
   </div>
   <div class='ocr_carea' id='block_1_33' title="bbox 189 3121 1784 3198">
    <p class='ocr_par' dir='ltr' id='par_1_33' title="bbox 189 3121 1784 3198">
     <span class='ocr_line' id='line_1_33' title="bbox 189 3121 1784 3198; baseline 0.014 -39"><span class='ocrx_word' id='word_1_230' title='bbox 189 3129 339 3197; x_wconf 59' lang='grc' dir='ltr'><strong>ἡμᾶς</strong></span> <span class='ocrx_word' id='word_1_231' title='bbox 385 3126 637 3193; x_wconf 73' lang='grc' dir='ltr'>γέννησιν</span> <span class='ocrx_word' id='word_1_232' title='bbox 672 3121 960 3192; x_wconf 78' lang='grc' dir='ltr'>ὑπομείναι</span> <span class='ocrx_word' id='word_1_233' title='bbox 1006 3125 1246 3193; x_wconf 81' lang='grc' dir='ltr'>λέγεται,</span> <span class='ocrx_word' id='word_1_234' title='bbox 1283 3125 1608 3195; x_wconf 74' lang='grc' dir='ltr'>μεμενηκὼς</span> <span class='ocrx_word' id='word_1_235' title='bbox 1646 3128 1784 3198; x_wconf 78' lang='grc' dir='ltr'>ὅπερ</span> 
     </span>
    </p>
   </div>
   <div class='ocr_carea' id='block_1_34' title="bbox 185 3213 1782 3290">
    <p class='ocr_par' dir='ltr' id='par_1_34' title="bbox 185 3213 1782 3290">
     <span class='ocr_line' id='line_1_34' title="bbox 185 3213 1782 3290; baseline 0.003 -22"><span class='ocrx_word' id='word_1_236' title='bbox 185 3213 276 3289; x_wconf 75' lang='grc' dir='ltr'><strong>ἦν.</strong></span> <span class='ocrx_word' id='word_1_237' title='bbox 330 3215 654 3286; x_wconf 81' lang='grc' dir='ltr'>Γεγέννηται</span> <span class='ocrx_word' id='word_1_238' title='bbox 688 3217 796 3286; x_wconf 74' lang='grc' dir='ltr'><strong>γὰρ</strong></span> <span class='ocrx_word' id='word_1_239' title='bbox 837 3217 1157 3284; x_wconf 76' lang='grc' dir='ltr'>παραδόξως</span> <span class='ocrx_word' id='word_1_240' title='bbox 1210 3218 1351 3270; x_wconf 82' lang='grc' dir='ltr'><strong>κατά</strong></span> <span class='ocrx_word' id='word_1_241' title='bbox 1401 3220 1622 3288; x_wconf 73' lang='grc' dir='ltr'>σάρκα’,</span> <span class='ocrx_word' id='word_1_242' title='bbox 1660 3221 1691 3290; x_wconf 80' lang='grc' dir='ltr'>ἢ</span> <span class='ocrx_word' id='word_1_243' title='bbox 1727 3223 1782 3272; x_wconf 81' lang='grc' dir='ltr'><strong>ἐν</strong></span> 
     </span>
    </p>
   </div>
   <div class='ocr_carea' id='block_1_35' title="bbox 188 3306 1854 3412">
    <p class='ocr_par' dir='ltr' id='par_1_35' title="bbox 188 3306 1854 3412">
     <span class='ocr_line' id='line_1_35' title="bbox 188 3306 1854 3412; baseline 0.003 -54"><span class='ocrx_word' id='word_1_244' title='bbox 188 3307 319 3359; x_wconf 79' lang='grc' dir='ltr'>εῖδει</span> <span class='ocrx_word' id='word_1_245' title='bbox 351 3306 457 3376; x_wconf 78' lang='grc' dir='ltr'><strong>τῷν</strong></span> <span class='ocrx_word' id='word_1_246' title='bbox 488 3306 607 3358; x_wconf 71' lang='grc' dir='ltr'>καΟ⁹</span> <span class='ocrx_word' id='word_1_247' title='bbox 636 3308 785 3374; x_wconf 73' lang='grc' dir='ltr'>ἡμᾶς</span> <span class='ocrx_word' id='word_1_248' title='bbox 814 3306 1041 3374; x_wconf 62' lang='grc' dir='ltr'>ὀφθῆναι</span> <span class='ocrx_word' id='word_1_249' title='bbox 1069 3309 1181 3369; x_wconf 85' lang='grc' dir='ltr'>τοῖς</span> <span class='ocrx_word' id='word_1_250' title='bbox 1208 3307 1300 3358; x_wconf 80' lang='grc' dir='ltr'><strong>ἐπὶ</strong></span> <span class='ocrx_word' id='word_1_251' title='bbox 1332 3307 1453 3375; x_wconf 78' lang='grc' dir='ltr'>γῆς,</span> <span class='ocrx_word' id='word_1_252' title='bbox 1485 3309 1572 3360; x_wconf 72' lang='grc' dir='ltr'>τὸν</span> <span class='ocrx_word' id='word_1_253' title='bbox 1601 3311 1780 3377; x_wconf 74' lang='grc' dir='ltr'>ἀναφῆ</span> <span class='ocrx_word' id='word_1_254' title='bbox 1813 3355 1854 3412; x_wconf 79' lang='lat' dir='ltr'>C</span> 
     </span>
     <span class='ocr_line' id='line_1_36' title="bbox 261 3395 1742 3412; baseline 0.004 -6"><span class='ocrx_word' id='word_1_255' title='bbox 261 3399 271 3412; x_wconf 78' lang='grc'><strong>,</strong></span> <span class='ocrx_word' id='word_1_256' title='bbox 325 3398 336 3410; x_wconf 82' lang='grc'><strong>.</strong></span> <span class='ocrx_word' id='word_1_257' title='bbox 405 3396 415 3408; x_wconf 91' lang='grc'><strong><em>.</em></strong></span> <span class='ocrx_word' id='word_1_258' title='bbox 607 3400 622 3412; x_wconf 70' lang='grc'><strong>,</strong></span> <span class='ocrx_word' id='word_1_259' title='bbox 670 3396 730 3412; x_wconf 73' lang='grc' dir='ltr'>η,</span> <span class='ocrx_word' id='word_1_260' title='bbox 756 3396 765 3410; x_wconf 80' lang='lat'><strong>.</strong></span> <span class='ocrx_word' id='word_1_261' title='bbox 849 3397 859 3410; x_wconf 85' lang='lat'><strong>.</strong></span> <span class='ocrx_word' id='word_1_262' title='bbox 979 3395 1002 3412; x_wconf 63' lang='grc' dir='ltr'>η</span> <span class='ocrx_word' id='word_1_263' title='bbox 1142 3398 1165 3407; x_wconf 79' lang='lat'><strong>-</strong></span> <span class='ocrx_word' id='word_1_264' title='bbox 1380 3399 1390 3412; x_wconf 85' lang='lat'>,</span> <span class='ocrx_word' id='word_1_265' title='bbox 1688 3401 1699 3412; x_wconf 85' lang='lat'><strong>.</strong></span> <span class='ocrx_word' id='word_1_266' title='bbox 1733 3404 1742 3412; x_wconf 92' lang='lat'><strong>.</strong></span> 
     </span>
    </p>
   </div>
   <div class='ocr_carea' id='block_1_36' title="bbox 187 3395 1784 3468">
    <p class='ocr_par' dir='ltr' id='par_1_36' title="bbox 187 3395 1784 3468">
     <span class='ocr_line' id='line_1_37' title="bbox 187 3395 1784 3468; baseline 0.001 -17"><span class='ocrx_word' id='word_1_267' title='bbox 187 3399 282 3451; x_wconf 70' lang='grc' dir='ltr'><strong>καὶ</strong></span> <span class='ocrx_word' id='word_1_268' title='bbox 313 3396 647 3466; x_wconf 58' lang='grc' dir='ltr'>ἀσώματον.</span> <span class='ocrx_word' id='word_1_269' title='bbox 669 3396 812 3465; x_wconf 73' lang='grc' dir='ltr'>Πλὴν</span> <span class='ocrx_word' id='word_1_270' title='bbox 846 3395 1266 3466; x_wconf 78' lang='grc' dir='ltr'>ἐνανθρωπῆσαι</span> <span class='ocrx_word' id='word_1_271' title='bbox 1298 3399 1585 3468; x_wconf 87' lang='grc' dir='ltr'>κρίναντα,</span> <span class='ocrx_word' id='word_1_272' title='bbox 1616 3401 1710 3452; x_wconf 76' lang='grc' dir='ltr'><strong>καὶ</strong></span> <span class='ocrx_word' id='word_1_273' title='bbox 1729 3404 1784 3452; x_wconf 84' lang='grc' dir='ltr'><strong>ἐν</strong></span> 
     </span>
    </p>
   </div>
   <div class='ocr_carea' id='block_1_37' title="bbox 184 3487 1781 3559">
    <p class='ocr_par' dir='ltr' id='par_1_37' title="bbox 184 3487 1781 3559">
     <span class='ocr_line' id='line_1_38' title="bbox 184 3487 1781 3559; baseline 0.001 -17"><span class='ocrx_word' id='word_1_274' title='bbox 184 3488 365 3558; x_wconf 82' lang='grc' dir='ltr'>ἐαντῴ</span> <span class='ocrx_word' id='word_1_275' title='bbox 409 3489 502 3540; x_wconf 73' lang='grc' dir='ltr'><strong>καὶ</strong></span> <span class='ocrx_word' id='word_1_276' title='bbox 549 3487 693 3557; x_wconf 81' lang='grc' dir='ltr'>μόνῳ</span> <span class='ocrx_word' id='word_1_277' title='bbox 740 3490 850 3550; x_wconf 83' lang='grc' dir='ltr'>τοῖς</span> <span class='ocrx_word' id='word_1_278' title='bbox 894 3488 994 3558; x_wconf 77' lang='grc' dir='ltr'>τῆς</span> <span class='ocrx_word' id='word_1_279' title='bbox 1042 3488 1295 3559; x_wconf 79' lang='grc' dir='ltr'>Θεότητος</span> <span class='ocrx_word' id='word_1_280' title='bbox 1341 3490 1648 3554; x_wconf 76' lang='grc' dir='ltr'>ἀξιώμασιν</span> <span class='ocrx_word' id='word_1_281' title='bbox 1686 3494 1781 3544; x_wconf 79' lang='grc' dir='ltr'>ἐκ-</span> 
     </span>
    </p>
   </div>
   <div class='ocr_carea' id='block_1_38' title="bbox 184 3576 1778 3653">
    <p class='ocr_par' dir='ltr' id='par_1_38' title="bbox 184 3576 1778 3653">
     <span class='ocr_line' id='line_1_39' title="bbox 184 3576 1778 3653; baseline 0.016 -33"><span class='ocrx_word' id='word_1_282' title='bbox 184 3582 375 3650; x_wconf 77' lang='grc' dir='ltr'>πρεπῆ</span> <span class='ocrx_word' id='word_1_283' title='bbox 406 3579 501 3650; x_wconf 71' lang='grc' dir='ltr'><strong>τὴν</strong></span> <span class='ocrx_word' id='word_1_284' title='bbox 541 3579 697 3650; x_wconf 68' lang='grc' dir='ltr'>ἡμῶν</span> <span class='ocrx_word' id='word_1_285' title='bbox 729 3580 1005 3649; x_wconf 60' lang='grc' dir='ltr'>ἀποφῆναι</span> <span class='ocrx_word' id='word_1_286' title='bbox 1049 3579 1208 3648; x_wconf 76' lang='grc' dir='ltr'>φύσιν</span> <span class='ocrx_word' id='word_1_287' title='bbox 1232 3601 1244 3610; x_wconf 68' lang='grc' dir='ltr'><strong>ο</strong></span> <span class='ocrx_word' id='word_1_288' title='bbox 1280 3576 1347 3650; x_wconf 76' lang='grc' dir='ltr'>ἦν</span> <span class='ocrx_word' id='word_1_289' title='bbox 1390 3583 1495 3653; x_wconf 74' lang='grc' dir='ltr'>γὰρ</span> <span class='ocrx_word' id='word_1_290' title='bbox 1526 3584 1553 3634; x_wconf 77' lang='grc' dir='ltr'>ὁ</span> <span class='ocrx_word' id='word_1_291' title='bbox 1593 3583 1778 3647; x_wconf 73' lang='grc' dir='ltr'>αὐτὸς,</span> 
     </span>
    </p>
   </div>
   <div class='ocr_carea' id='block_1_39' title="bbox 183 3673 1780 3744">
    <p class='ocr_par' dir='ltr' id='par_1_39' title="bbox 183 3673 1780 3744">
     <span class='ocr_line' id='line_1_40' title="bbox 183 3673 1780 3744; baseline 0 -17"><span class='ocrx_word' id='word_1_292' title='bbox 183 3676 318 3736; x_wconf 77' lang='grc' dir='ltr'>Θεός</span> <span class='ocrx_word' id='word_1_293' title='bbox 351 3691 413 3741; x_wconf 83' lang='grc' dir='ltr'><strong>γε</strong></span> <span class='ocrx_word' id='word_1_294' title='bbox 461 3674 594 3744; x_wconf 85' lang='grc' dir='ltr'>όμοῦ</span> <span class='ocrx_word' id='word_1_295' title='bbox 641 3674 734 3725; x_wconf 73' lang='grc' dir='ltr'><strong>καὶ</strong></span> <span class='ocrx_word' id='word_1_296' title='bbox 765 3673 1083 3742; x_wconf 70' lang='grc' dir='ltr'>ἄνθρωπος,</span> <span class='ocrx_word' id='word_1_297' title='bbox 1117 3674 1208 3725; x_wconf 73' lang='grc' dir='ltr'><strong>καὶ</strong></span> <span class='ocrx_word' id='word_1_298' title='bbox 1253 3676 1310 3726; x_wconf 92' lang='grc' dir='ltr'><strong>ἐν</strong></span> <span class='ocrx_word' id='word_1_299' title='bbox 1344 3674 1647 3744; x_wconf 78' lang='grc' dir='ltr'>ὁμοιώματι</span> <span class='ocrx_word' id='word_1_300' title='bbox 1682 3675 1780 3744; x_wconf 83' lang='grc' dir='ltr'><strong>μὲν</strong></span> 
     </span>
    </p>
   </div>
   <div class='ocr_carea' id='block_1_40' title="bbox 183 3761 1779 3836">
    <p class='ocr_par' dir='ltr' id='par_1_40' title="bbox 183 3761 1779 3836">
     <span class='ocr_line' id='line_1_41' title="bbox 183 3761 1779 3836; baseline 0.001 -20"><span class='ocrx_word' id='word_1_301' title='bbox 183 3765 495 3834; x_wconf 76' lang='grc' dir='ltr'>ἀνορώποῦ,</span> <span class='ocrx_word' id='word_1_302' title='bbox 529 3763 664 3815; x_wconf 66' lang='grc' dir='ltr'>καθὸ</span> <span class='ocrx_word' id='word_1_303' title='bbox 701 3763 841 3830; x_wconf 81' lang='grc' dir='ltr'><strong>μετά</strong></span> <span class='ocrx_word' id='word_1_304' title='bbox 881 3763 1069 3814; x_wconf 73' lang='grc' dir='ltr'>τούτου</span> <span class='ocrx_word' id='word_1_305' title='bbox 1103 3765 1196 3815; x_wconf 68' lang='grc' dir='ltr'><strong>καὶ</strong></span> <span class='ocrx_word' id='word_1_306' title='bbox 1242 3763 1373 3826; x_wconf 72' lang='grc' dir='ltr'>Θεὸς</span> <span class='ocrx_word' id='word_1_307' title='bbox 1415 3761 1503 3835; x_wconf 76' lang='grc' dir='ltr'>ἦν,</span> <span class='ocrx_word' id='word_1_308' title='bbox 1538 3767 1779 3836; x_wconf 76' lang='grc' dir='ltr'>σχήματι</span> 
     </span>
    </p>
   </div>
   <div class='ocr_carea' id='block_1_41' title="bbox 183 3851 1776 3927">
    <p class='ocr_par' dir='ltr' id='par_1_41' title="bbox 183 3851 1776 3927">
     <span class='ocr_line' id='line_1_42' title="bbox 183 3851 1776 3927; baseline 0.001 -19"><span class='ocrx_word' id='word_1_309' title='bbox 183 3855 238 3908; x_wconf 75' lang='grc' dir='ltr'><strong>δὲ</strong></span> <span class='ocrx_word' id='word_1_310' title='bbox 265 3856 339 3918; x_wconf 81' lang='grc' dir='ltr'>ὡς</span> <span class='ocrx_word' id='word_1_311' title='bbox 368 3856 672 3927; x_wconf 77' lang='grc' dir='ltr'>ἄνθρωπος.</span> <span class='ocrx_word' id='word_1_312' title='bbox 702 3852 834 3916; x_wconf 76' lang='grc' dir='ltr'>Θεὸς</span> <span class='ocrx_word' id='word_1_313' title='bbox 864 3855 972 3925; x_wconf 75' lang='grc' dir='ltr'>γὰρ</span> <span class='ocrx_word' id='word_1_314' title='bbox 1008 3851 1075 3924; x_wconf 81' lang='grc' dir='ltr'>ἦν</span> <span class='ocrx_word' id='word_1_315' title='bbox 1100 3856 1154 3907; x_wconf 86' lang='grc' dir='ltr'><strong>ἐν</strong></span> <span class='ocrx_word' id='word_1_316' title='bbox 1187 3855 1316 3907; x_wconf 78' lang='grc' dir='ltr'>εἴδει</span> <span class='ocrx_word' id='word_1_317' title='bbox 1347 3855 1424 3925; x_wconf 80' lang='grc' dir='ltr'>τῷ</span> <span class='ocrx_word' id='word_1_318' title='bbox 1455 3857 1576 3909; x_wconf 76' lang='grc' dir='ltr'>καθ’</span> <span class='ocrx_word' id='word_1_319' title='bbox 1607 3859 1776 3927; x_wconf 74' lang='grc' dir='ltr'>ἡμᾶς,</span> 
     </span>
    </p>
   </div>
   <div class='ocr_carea' id='block_1_42' title="bbox 182 3947 1780 4020">
    <p class='ocr_par' dir='ltr' id='par_1_42' title="bbox 182 3947 1780 4020">
     <span class='ocr_line' id='line_1_43' title="bbox 182 3947 1780 4020; baseline 0.001 -19"><span class='ocrx_word' id='word_1_320' title='bbox 182 3949 277 4001; x_wconf 80' lang='grc' dir='ltr'><strong>καὶ</strong></span> <span class='ocrx_word' id='word_1_321' title='bbox 334 3949 392 3998; x_wconf 90' lang='grc' dir='ltr'><strong>ἐν</strong></span> <span class='ocrx_word' id='word_1_322' title='bbox 439 3947 626 3999; x_wconf 71' lang='grc' dir='ltr'>δούλου</span> <span class='ocrx_word' id='word_1_323' title='bbox 672 3950 889 4016; x_wconf 68' lang='grc' dir='ltr'>μορφῇ,</span> <span class='ocrx_word' id='word_1_324' title='bbox 935 3949 1233 4018; x_wconf 76' lang='grc' dir='ltr'>Δεσπότης.</span> <span class='ocrx_word' id='word_1_325' title='bbox 1265 3949 1454 4019; x_wconf 77' lang='grc' dir='ltr'>Σαρκα</span> <span class='ocrx_word' id='word_1_326' title='bbox 1495 3951 1603 4020; x_wconf 74' lang='grc' dir='ltr'><strong>γὰρ</strong></span> <span class='ocrx_word' id='word_1_327' title='bbox 1636 3949 1780 4002; x_wconf 78' lang='grc' dir='ltr'>οῦτω</span> 
     </span>
    </p>
   </div>
   <div class='ocr_carea' id='block_1_43' title="bbox 181 4041 1778 4114">
    <p class='ocr_par' dir='ltr' id='par_1_43' title="bbox 181 4041 1778 4114">
     <span class='ocr_line' id='line_1_44' title="bbox 181 4041 1778 4114; baseline 0.004 -22"><span class='ocrx_word' id='word_1_328' title='bbox 181 4042 365 4112; x_wconf 74' lang='grc' dir='ltr'>φαμὲν</span> <span class='ocrx_word' id='word_1_329' title='bbox 397 4041 673 4108; x_wconf 75' lang='grc' dir='ltr'>γενέσθαι.</span> <span class='ocrx_word' id='word_1_330' title='bbox 707 4043 975 4114; x_wconf 73' lang='grc' dir='ltr'>Ταύτῃτοι</span> <span class='ocrx_word' id='word_1_331' title='bbox 1012 4045 1104 4096; x_wconf 78' lang='grc' dir='ltr'><strong>καὶ</strong></span> <span class='ocrx_word' id='word_1_332' title='bbox 1133 4043 1394 4097; x_wconf 87' lang='grc' dir='ltr'>Θεοτόκον</span> <span class='ocrx_word' id='word_1_333' title='bbox 1429 4041 1569 4099; x_wconf 76' lang='grc' dir='ltr'>εἶναι</span> <span class='ocrx_word' id='word_1_334' title='bbox 1597 4046 1778 4099; x_wconf 69' lang='grc' dir='ltr'>διαὸεο</span> 
     </span>
    </p>
   </div>
   <div class='ocr_carea' id='block_1_44' title="bbox 182 4131 1132 4206">
    <p class='ocr_par' dir='ltr' id='par_1_44' title="bbox 182 4131 1132 4206">
     <span class='ocr_line' id='line_1_45' title="bbox 182 4131 1132 4206; baseline 0.002 -19"><span class='ocrx_word' id='word_1_335' title='bbox 182 4134 487 4204; x_wconf 72' lang='grc' dir='ltr'>ϐαιούμεοα</span> <span class='ocrx_word' id='word_1_336' title='bbox 516 4135 612 4206; x_wconf 81' lang='grc' dir='ltr'>τὴν</span> <span class='ocrx_word' id='word_1_337' title='bbox 643 4131 806 4202; x_wconf 79' lang='grc' dir='ltr'>ἁγίαν</span> <span class='ocrx_word' id='word_1_338' title='bbox 836 4135 1132 4206; x_wconf 79' lang='grc' dir='ltr'>Παρθένον.</span> 
     </span>
    </p>
   </div>
   <div class='ocr_carea' id='block_1_45' title="bbox 1914 736 3496 805">
    <p class='ocr_par' dir='ltr' id='par_1_45' title="bbox 1914 736 3496 805">
     <span class='ocr_line' id='line_1_46' title="bbox 1914 736 3496 805; baseline 0.002 -16"><span class='ocrx_word' id='word_1_339' title='bbox 1914 739 2171 790; x_wconf 81' lang='lat' dir='ltr'><strong>modare‘.’</strong></span> <span class='ocrx_word' id='word_1_340' title='bbox 2231 736 2476 803; x_wconf 84' lang='lat' dir='ltr'><strong>Quonam</strong></span> <span class='ocrx_word' id='word_1_341' title='bbox 2527 737 2690 805; x_wconf 77' lang='lat' dir='ltr'><strong>igitur</strong></span> <span class='ocrx_word' id='word_1_342' title='bbox 2741 749 2898 805; x_wconf 86' lang='lat' dir='ltr'><strong>pacto</strong></span> <span class='ocrx_word' id='word_1_343' title='bbox 2959 739 3010 792; x_wconf 92' lang='lat' dir='ltr'><strong>in</strong></span> <span class='ocrx_word' id='word_1_344' title='bbox 3064 754 3228 792; x_wconf 88' lang='lat' dir='ltr'><strong>carne</strong></span> <span class='ocrx_word' id='word_1_345' title='bbox 3293 739 3496 793; x_wconf 78' lang='lat' dir='ltr'><strong>factum</strong></span> 
     </span>
    </p>
   </div>
   <div class='ocr_carea' id='block_1_46' title="bbox 1913 827 3498 899">
    <p class='ocr_par' dir='ltr' id='par_1_46' title="bbox 1913 827 3498 899">
     <span class='ocr_line' id='line_1_47' title="bbox 1913 827 3498 899; baseline 0.003 -20"><span class='ocrx_word' id='word_1_346' title='bbox 1913 828 2078 881; x_wconf 82' lang='lat' dir='ltr'><strong>fuisse</strong></span> <span class='ocrx_word' id='word_1_347' title='bbox 2107 827 2338 882; x_wconf 84' lang='lat' dir='ltr'><strong>Verbum</strong></span> <span class='ocrx_word' id='word_1_348' title='bbox 2381 829 2646 892; x_wconf 79' lang='lat' dir='ltr'><strong>dicamus,</strong></span> <span class='ocrx_word' id='word_1_349' title='bbox 2692 829 3190 884; x_wconf 87' lang='lat' dir='ltr'><strong>immutabilitatem</strong></span> <span class='ocrx_word' id='word_1_350' title='bbox 3241 845 3362 898; x_wconf 78' lang='lat' dir='ltr'><strong>qua:</strong></span> <span class='ocrx_word' id='word_1_351' title='bbox 3397 830 3498 899; x_wconf 86' lang='lat' dir='ltr'><strong>ipsi</strong></span> 
     </span>
    </p>
   </div>
   <div class='ocr_carea' id='block_1_47' title="bbox 1908 921 3498 995">
    <p class='ocr_par' dir='ltr' id='par_1_47' title="bbox 1908 921 3498 995">
     <span class='ocr_line' id='line_1_48' title="bbox 1908 921 3498 995; baseline 0.007 -29"><span class='ocrx_word' id='word_1_352' title='bbox 1908 921 2126 988; x_wconf 82' lang='lat' dir='ltr'><strong>pmpria</strong></span> <span class='ocrx_word' id='word_1_353' title='bbox 2174 931 2336 989; x_wconf 86' lang='lat' dir='ltr'><strong>atque</strong></span> <span class='ocrx_word' id='word_1_354' title='bbox 2388 922 2693 976; x_wconf 87' lang='lat' dir='ltr'><strong>essentialis</strong></span> <span class='ocrx_word' id='word_1_355' title='bbox 2756 934 2812 975; x_wconf 87' lang='lat' dir='ltr'><strong>et</strong></span> <span class='ocrx_word' id='word_1_356' title='bbox 2849 923 3179 995; x_wconf 83' lang='lat' dir='ltr'><strong>insita,_cst</strong></span> <span class='ocrx_word' id='word_1_357' title='bbox 3235 932 3498 990; x_wconf 81' lang='lat' dir='ltr'><strong>perpetuo</strong></span> 
     </span>
    </p>
   </div>
   <div class='ocr_carea' id='block_1_48' title="bbox 1908 1013 3503 1084">
    <p class='ocr_par' dir='ltr' id='par_1_48' title="bbox 1908 1013 3503 1084">
     <span class='ocr_line' id='line_1_49' title="bbox 1908 1013 3503 1084; baseline 0.001 -21"><span class='ocrx_word' id='word_1_358' title='bbox 1908 1023 2322 1078; x_wconf 86' lang='lat' dir='ltr'><strong>conservantes,</strong></span> <span class='ocrx_word' id='word_1_359' title='bbox 2376 1013 2811 1080; x_wconf 88' lang='lat' dir='ltr'><strong>sapientissimus</strong></span> <span class='ocrx_word' id='word_1_360' title='bbox 2857 1014 3078 1080; x_wconf 80' lang='lat' dir='ltr'><strong>Paulus,</strong></span> <span class='ocrx_word' id='word_1_361' title='bbox 3116 1016 3503 1084; x_wconf 77' lang='lat' dir='ltr'><strong>mysteriorum</strong></span> 
     </span>
    </p>
   </div>
   <div class='ocr_carea' id='block_1_49' title="bbox 1909 1103 3497 1176">
    <p class='ocr_par' dir='ltr' id='par_1_49' title="bbox 1909 1103 3497 1176">
     <span class='ocr_line' id='line_1_50' title="bbox 1909 1103 3497 1176; baseline 0.006 -21"><span class='ocrx_word' id='word_1_362' title='bbox 1909 1103 2077 1172; x_wconf 85' lang='lat' dir='ltr'><strong>ipsius</strong></span> <span class='ocrx_word' id='word_1_363' title='bbox 2176 1105 2520 1173; x_wconf 84' lang='lat' dir='ltr'><strong>dispensator</strong></span> <span class='ocrx_word' id='word_1_364' title='bbox 2597 1108 3032 1175; x_wconf 70' lang='lat' dir='ltr'><strong>evangelicmque</strong></span> <span class='ocrx_word' id='word_1_365' title='bbox 3097 1108 3497 1176; x_wconf 65' lang='lat' dir='ltr'><strong>prmdicationi:</strong></span> 
     </span>
    </p>
   </div>
   <div class='ocr_carea' id='block_1_50' title="bbox 1912 1197 3506 1272">
    <p class='ocr_par' dir='ltr' id='par_1_50' title="bbox 1912 1197 3506 1272">
     <span class='ocr_line' id='line_1_51' title="bbox 1912 1197 3506 1272; baseline 0.006 -25"><span class='ocrx_word' id='word_1_366' title='bbox 1912 1197 2183 1263; x_wconf 90' lang='lat' dir='ltr'><strong>minister,</strong></span> <span class='ocrx_word' id='word_1_367' title='bbox 2212 1197 2473 1262; x_wconf 75' lang='lat' dir='ltr'><strong>declarat,</strong></span> <span class='ocrx_word' id='word_1_368' title='bbox 2512 1199 2735 1253; x_wconf 90' lang='lat' dir='ltr'><strong>dicens:</strong></span> <span class='ocrx_word' id='word_1_369' title='bbox 2772 1217 2790 1250; x_wconf 86' lang='grc'><strong><em>‹</em></strong></span> <span class='ocrx_word' id='word_1_370' title='bbox 2831 1200 2943 1254; x_wconf 83' lang='lat' dir='ltr'><strong>Hoc</strong></span> <span class='ocrx_word' id='word_1_371' title='bbox 2981 1203 3179 1255; x_wconf 91' lang='lat' dir='ltr'><strong>sentite</strong></span> <span class='ocrx_word' id='word_1_372' title='bbox 3203 1204 3506 1272; x_wconf 79' lang='lat' dir='ltr'><strong>unusquis-‘</strong></span> 
     </span>
    </p>
   </div>
   <div class='ocr_carea' id='block_1_51' title="bbox 1908 1289 3495 1361">
    <p class='ocr_par' dir='ltr' id='par_1_51' title="bbox 1908 1289 3495 1361">
     <span class='ocr_line' id='line_1_52' title="bbox 1908 1289 3495 1361; baseline 0.008 -24"><span class='ocrx_word' id='word_1_373' title='bbox 1908 1302 2012 1355; x_wconf 92' lang='lat' dir='ltr'><strong>qne</strong></span> <span class='ocrx_word' id='word_1_374' title='bbox 2045 1289 2094 1340; x_wconf 91' lang='lat' dir='ltr'><strong>in</strong></span> <span class='ocrx_word' id='word_1_375' title='bbox 2129 1289 2280 1342; x_wconf 81' lang='lat' dir='ltr'><strong>vobis</strong></span> <span class='ocrx_word' id='word_1_376' title='bbox 2309 1291 2448 1357; x_wconf 89' lang='lat' dir='ltr'><strong>quod</strong></span> <span class='ocrx_word' id='word_1_377' title='bbox 2501 1301 2556 1345; x_wconf 90' lang='lat' dir='ltr'><strong>et</strong></span> <span class='ocrx_word' id='word_1_378' title='bbox 2601 1292 2652 1344; x_wconf 94' lang='lat' dir='ltr'><strong>in</strong></span> <span class='ocrx_word' id='word_1_379' title='bbox 2686 1292 2906 1346; x_wconf 82' lang='lat' dir='ltr'><strong>Christo</strong></span> <span class='ocrx_word' id='word_1_380' title='bbox 2940 1292 3088 1359; x_wconf 84' lang='lat' dir='ltr'><strong>Jesn,</strong></span> <span class='ocrx_word' id='word_1_381' title='bbox 3120 1293 3235 1361; x_wconf 84' lang='lat' dir='ltr'><strong>qui,</strong></span> <span class='ocrx_word' id='word_1_382' title='bbox 3280 1309 3401 1349; x_wconf 89' lang='lat' dir='ltr'><strong>cum</strong></span> <span class='ocrx_word' id='word_1_383' title='bbox 3443 1297 3495 1350; x_wconf 93' lang='lat' dir='ltr'><strong>in</strong></span> 
     </span>
    </p>
   </div>
   <div class='ocr_carea' id='block_1_52' title="bbox 1909 1376 3496 1450">
    <p class='ocr_par' dir='ltr' id='par_1_52' title="bbox 1909 1376 3496 1450">
     <span class='ocr_line' id='line_1_53' title="bbox 1909 1376 3496 1450; baseline 0.008 -22"><span class='ocrx_word' id='word_1_384' title='bbox 1909 1377 2080 1429; x_wconf 79' lang='lat' dir='ltr'><strong>forma</strong></span> <span class='ocrx_word' id='word_1_385' title='bbox 2133 1376 2222 1431; x_wconf 77' lang='lat' dir='ltr'><strong>Dei</strong></span> <span class='ocrx_word' id='word_1_386' title='bbox 2275 1387 2441 1441; x_wconf 85' lang='lat' dir='ltr'><strong>esset,</strong></span> <span class='ocrx_word' id='word_1_387' title='bbox 2497 1393 2600 1434; x_wconf 89' lang='lat' dir='ltr'><strong>non</strong></span> <span class='ocrx_word' id='word_1_388' title='bbox 2657 1381 2900 1450; x_wconf 89' lang='lat' dir='ltr'><strong>rapinam</strong></span> <span class='ocrx_word' id='word_1_389' title='bbox 2947 1384 3252 1438; x_wconf 79' lang='lat' dir='ltr'><strong>arbitratus</strong></span> <span class='ocrx_word' id='word_1_390' title='bbox 3305 1394 3388 1439; x_wconf 80' lang='lat' dir='ltr'><strong>est</strong></span> <span class='ocrx_word' id='word_1_391' title='bbox 3436 1403 3496 1440; x_wconf 78' lang='lat' dir='ltr'><strong>se</strong></span> 
     </span>
    </p>
   </div>
   <div class='ocr_carea' id='block_1_53' title="bbox 1903 1470 3491 1545">
    <p class='ocr_par' dir='ltr' id='par_1_53' title="bbox 1903 1470 3491 1545">
     <span class='ocr_line' id='line_1_54' title="bbox 1903 1470 3491 1545; baseline 0.008 -23"><span class='ocrx_word' id='word_1_392' title='bbox 1903 1483 2025 1523; x_wconf 88' lang='lat' dir='ltr'><strong>esse</strong></span> <span class='ocrx_word' id='word_1_393' title='bbox 2075 1470 2334 1538; x_wconf 79' lang='lat' dir='ltr'><strong>:equalem</strong></span> <span class='ocrx_word' id='word_1_394' title='bbox 2387 1470 2495 1526; x_wconf 90' lang='lat' dir='ltr'><strong>Deo</strong></span> <span class='ocrx_word' id='word_1_395' title='bbox 2539 1489 2552 1524; x_wconf 85' lang='lat'><strong>:</strong></span> <span class='ocrx_word' id='word_1_396' title='bbox 2595 1473 2687 1526; x_wconf 91' lang='lat' dir='ltr'><strong>sed</strong></span> <span class='ocrx_word' id='word_1_397' title='bbox 2738 1475 3093 1545; x_wconf 88' lang='lat' dir='ltr'><strong>semetipsum</strong></span> <span class='ocrx_word' id='word_1_398' title='bbox 3152 1477 3491 1541; x_wconf 77' lang='lat' dir='ltr'><strong>exinanivit.</strong></span> 
     </span>
    </p>
   </div>
   <div class='ocr_carea' id='block_1_54' title="bbox 1904 1558 3490 1632">
    <p class='ocr_par' dir='ltr' id='par_1_54' title="bbox 1904 1558 3490 1632">
     <span class='ocr_line' id='line_1_55' title="bbox 1904 1558 3490 1632; baseline 0.008 -21"><span class='ocrx_word' id='word_1_399' title='bbox 1904 1558 2130 1614; x_wconf 82' lang='lat' dir='ltr'><strong>formam</strong></span> <span class='ocrx_word' id='word_1_400' title='bbox 2162 1561 2304 1615; x_wconf 83' lang='lat' dir='ltr'><strong>servi</strong></span> <span class='ocrx_word' id='word_1_401' title='bbox 2342 1562 2634 1632; x_wconf 89' lang='lat' dir='ltr'><strong>accipiens,</strong></span> <span class='ocrx_word' id='word_1_402' title='bbox 2671 1562 2723 1615; x_wconf 88' lang='lat' dir='ltr'><strong>in</strong></span> <span class='ocrx_word' id='word_1_403' title='bbox 2758 1563 3166 1619; x_wconf 78' lang='lat' dir='ltr'><strong>similitudinem</strong></span> <span class='ocrx_word' id='word_1_404' title='bbox 3211 1567 3490 1623; x_wconf 82' lang='lat' dir='ltr'><strong>hominum</strong></span> 
     </span>
    </p>
   </div>
   <div class='ocr_carea' id='block_1_55' title="bbox 1904 1649 3492 1720">
    <p class='ocr_par' dir='ltr' id='par_1_55' title="bbox 1904 1649 3492 1720">
     <span class='ocr_line' id='line_1_56' title="bbox 1904 1649 3492 1720; baseline 0.008 -18"><span class='ocrx_word' id='word_1_405' title='bbox 1904 1649 2100 1717; x_wconf 81' lang='lat' dir='ltr'><strong>factus,</strong></span> <span class='ocrx_word' id='word_1_406' title='bbox 2146 1662 2201 1704; x_wconf 87' lang='lat' dir='ltr'><strong>et</strong></span> <span class='ocrx_word' id='word_1_407' title='bbox 2235 1652 2422 1707; x_wconf 91' lang='lat' dir='ltr'><strong>habitu</strong></span> <span class='ocrx_word' id='word_1_408' title='bbox 2459 1655 2710 1709; x_wconf 85' lang='lat' dir='ltr'><strong>inventus</strong></span> <span class='ocrx_word' id='word_1_409' title='bbox 2755 1665 2812 1707; x_wconf 89' lang='lat' dir='ltr'><strong>ut</strong></span> <span class='ocrx_word' id='word_1_410' title='bbox 2843 1657 3025 1720; x_wconf 91' lang='lat' dir='ltr'><strong>homo,</strong></span> <span class='ocrx_word' id='word_1_411' title='bbox 3058 1659 3369 1714; x_wconf 87' lang='lat' dir='ltr'><strong>hutniliavit</strong></span> <span class='ocrx_word' id='word_1_412' title='bbox 3403 1676 3492 1715; x_wconf 86' lang='lat' dir='ltr'><strong>sc-</strong></span> 
     </span>
    </p>
   </div>
   <div class='ocr_carea' id='block_1_56' title="bbox 1901 1740 3491 1812">
    <p class='ocr_par' dir='ltr' id='par_1_56' title="bbox 1901 1740 3491 1812">
     <span class='ocr_line' id='line_1_57' title="bbox 1901 1740 3491 1812; baseline 0.009 -21"><span class='ocrx_word' id='word_1_413' title='bbox 1901 1740 2097 1809; x_wconf 88' lang='lat' dir='ltr'><strong>ipsum,</strong></span> <span class='ocrx_word' id='word_1_414' title='bbox 2134 1740 2306 1795; x_wconf 85' lang='lat' dir='ltr'><strong>factus</strong></span> <span class='ocrx_word' id='word_1_415' title='bbox 2339 1740 2599 1796; x_wconf 88' lang='lat' dir='ltr'><strong>obediens</strong></span> <span class='ocrx_word' id='word_1_416' title='bbox 2636 1757 2806 1812; x_wconf 77' lang='lat' dir='ltr'><strong>usque</strong></span> <span class='ocrx_word' id='word_1_417' title='bbox 2845 1745 2911 1796; x_wconf 90' lang='lat' dir='ltr'><strong>ad</strong></span> <span class='ocrx_word' id='word_1_418' title='bbox 2945 1755 3173 1799; x_wconf 87' lang='lat' dir='ltr'><strong>mortem</strong></span> <span class='ocrx_word' id='word_1_419' title='bbox 3210 1786 3224 1810; x_wconf 92' lang='lat'><strong>,</strong></span> <span class='ocrx_word' id='word_1_420' title='bbox 3259 1760 3491 1805; x_wconf 85' lang='lat' dir='ltr'><strong>mortem</strong></span> 
     </span>
    </p>
   </div>
   <div class='ocr_carea' id='block_1_57' title="bbox 1899 1831 3491 1895">
    <p class='ocr_par' dir='ltr' id='par_1_57' title="bbox 1899 1831 3491 1895">
     <span class='ocr_line' id='line_1_58' title="bbox 1899 1831 3491 1895; baseline 0.008 -12"><span class='ocrx_word' id='word_1_421' title='bbox 1899 1840 2078 1885; x_wconf 88' lang='lat' dir='ltr'><strong>autem</strong></span> <span class='ocrx_word' id='word_1_422' title='bbox 2127 1831 2392 1886; x_wconf 66' lang='lat' dir='ltr'><strong>crucis“.</strong></span> <span class='ocrx_word' id='word_1_423' title='bbox 2426 1851 2446 1892; x_wconf 63' lang='grc' dir='ltr'><strong>ι</strong></span> <span class='ocrx_word' id='word_1_424' title='bbox 2484 1833 2622 1886; x_wconf 89' lang='lat' dir='ltr'><strong>Deus</strong></span> <span class='ocrx_word' id='word_1_425' title='bbox 2660 1834 2806 1886; x_wconf 88' lang='lat' dir='ltr'><strong>enim</strong></span> <span class='ocrx_word' id='word_1_426' title='bbox 2843 1843 2897 1888; x_wconf 90' lang='lat' dir='ltr'><strong>et</strong></span> <span class='ocrx_word' id='word_1_427' title='bbox 2937 1849 3002 1890; x_wconf 69' lang='lat' dir='ltr'><strong>ev</strong></span> <span class='ocrx_word' id='word_1_428' title='bbox 3042 1834 3155 1890; x_wconf 90' lang='lat' dir='ltr'><strong>Deo</strong></span> <span class='ocrx_word' id='word_1_429' title='bbox 3193 1841 3491 1895; x_wconf 88' lang='lat' dir='ltr'><strong>secundmu</strong></span> 
     </span>
    </p>
   </div>
   <div class='ocr_carea' id='block_1_58' title="bbox 1902 1925 3494 1995">
    <p class='ocr_par' dir='ltr' id='par_1_58' title="bbox 1902 1925 3494 1995">
     <span class='ocr_line' id='line_1_59' title="bbox 1902 1925 3494 1995; baseline 0.009 -20"><span class='ocrx_word' id='word_1_430' title='bbox 1902 1932 2149 1977; x_wconf 88' lang='lat' dir='ltr'><strong>naturam</strong></span> <span class='ocrx_word' id='word_1_431' title='bbox 2201 1925 2468 1979; x_wconf 85' lang='lat' dir='ltr'><strong>exsistens</strong></span> <span class='ocrx_word' id='word_1_432' title='bbox 2515 1926 2849 1993; x_wconf 81' lang='lat' dir='ltr'><strong>unigenitum</strong></span> <span class='ocrx_word' id='word_1_433' title='bbox 2913 1926 3081 1994; x_wconf 80' lang='lat' dir='ltr'><strong>ipsius</strong></span> <span class='ocrx_word' id='word_1_434' title='bbox 3125 1927 3386 1995; x_wconf 81' lang='lat' dir='ltr'><strong>Verbum,</strong></span> <span class='ocrx_word' id='word_1_435' title='bbox 3436 1945 3494 1988; x_wconf 89' lang='lat' dir='ltr'><strong>et</strong></span> 
     </span>
    </p>
   </div>
   <div class='ocr_carea' id='block_1_59' title="bbox 1901 2016 3492 2086">
    <p class='ocr_par' dir='ltr' id='par_1_59' title="bbox 1901 2016 3492 2086">
     <span class='ocr_line' id='line_1_60' title="bbox 1901 2016 3492 2086; baseline 0.007 -18"><span class='ocrx_word' id='word_1_436' title='bbox 1901 2016 2152 2084; x_wconf 88' lang='lat' dir='ltr'><strong>splendor</strong></span> <span class='ocrx_word' id='word_1_437' title='bbox 2209 2017 2423 2086; x_wconf 76' lang='lat' dir='ltr'><strong>gloriae,</strong></span> <span class='ocrx_word' id='word_1_438' title='bbox 2475 2028 2527 2070; x_wconf 89' lang='lat' dir='ltr'><strong>et</strong></span> <span class='ocrx_word' id='word_1_439' title='bbox 2576 2017 2861 2072; x_wconf 76' lang='lat' dir='ltr'><strong>character</strong></span> <span class='ocrx_word' id='word_1_440' title='bbox 2910 2021 3227 2077; x_wconf 71' lang='lat' dir='ltr'><strong>substantia:</strong></span> <span class='ocrx_word' id='word_1_441' title='bbox 3266 2023 3492 2079; x_wconf 80' lang='lat' dir='ltr'><strong>Genito—</strong></span> 
     </span>
    </p>
   </div>
   <div class='ocr_carea' id='block_1_60' title="bbox 1903 2105 3489 2180">
    <p class='ocr_par' dir='ltr' id='par_1_60' title="bbox 1903 2105 3489 2180">
     <span class='ocr_line' id='line_1_61' title="bbox 1903 2105 3489 2180; baseline 0.006 -21"><span class='ocrx_word' id='word_1_442' title='bbox 1903 2108 1977 2159; x_wconf 84' lang='lat' dir='ltr'><strong>ris</strong></span> <span class='ocrx_word' id='word_1_443' title='bbox 1999 2105 2067 2168; x_wconf 65' lang='grc'><strong>⁸³,</strong></span> <span class='ocrx_word' id='word_1_444' title='bbox 2105 2109 2303 2158; x_wconf 80' lang='lat' dir='ltr'><strong>laetum</strong></span> <span class='ocrx_word' id='word_1_445' title='bbox 2333 2116 2414 2160; x_wconf 90' lang='lat' dir='ltr'><strong>est</strong></span> <span class='ocrx_word' id='word_1_446' title='bbox 2445 2107 2630 2169; x_wconf 85' lang='lat' dir='ltr'><strong>homo,</strong></span> <span class='ocrx_word' id='word_1_447' title='bbox 2652 2117 2704 2160; x_wconf 88' lang='lat' dir='ltr'><strong>et</strong></span> <span class='ocrx_word' id='word_1_448' title='bbox 2738 2124 2843 2162; x_wconf 89' lang='lat' dir='ltr'><strong>non</strong></span> <span class='ocrx_word' id='word_1_449' title='bbox 2876 2108 2927 2162; x_wconf 89' lang='lat' dir='ltr'><strong>in</strong></span> <span class='ocrx_word' id='word_1_450' title='bbox 2957 2127 3178 2167; x_wconf 85' lang='lat' dir='ltr'><strong>carnem</strong></span> <span class='ocrx_word' id='word_1_451' title='bbox 3202 2125 3489 2180; x_wconf 85' lang='lat' dir='ltr'><strong>mutatum,</strong></span> 
     </span>
    </p>
   </div>
   <div class='ocr_carea' id='block_1_61' title="bbox 1902 2189 3492 2273">
    <p class='ocr_par' dir='ltr' id='par_1_61' title="bbox 1902 2189 3492 2273">
     <span class='ocr_line' id='line_1_62' title="bbox 1902 2189 3492 2273; baseline 0.008 -22"><span class='ocrx_word' id='word_1_452' title='bbox 1902 2213 2074 2265; x_wconf 80' lang='lat' dir='ltr'><strong>neque</strong></span> <span class='ocrx_word' id='word_1_453' title='bbox 2107 2200 2268 2253; x_wconf 85' lang='lat' dir='ltr'><strong>ullam</strong></span> <span class='ocrx_word' id='word_1_454' title='bbox 2322 2209 2417 2252; x_wconf 85' lang='lat' dir='ltr'><strong>aut</strong></span> <span class='ocrx_word' id='word_1_455' title='bbox 2461 2201 2770 2267; x_wconf 81' lang='lat' dir='ltr'><strong>mistut&#39;am,</strong></span> <span class='ocrx_word' id='word_1_456' title='bbox 2815 2214 2910 2258; x_wconf 87' lang='lat' dir='ltr'><strong>aut</strong></span> <span class='ocrx_word' id='word_1_457' title='bbox 2948 2217 3366 2273; x_wconf 76' lang='lat' dir='ltr'><strong>temperaturam</strong></span> <span class='ocrx_word' id='word_1_458' title='bbox 3399 2189 3492 2264; x_wconf 88' lang='lat' dir='ltr'><strong>aut</strong></span> 
     </span>
    </p>
   </div>
   <div class='ocr_carea' id='block_1_62' title="bbox 1899 2289 3488 2364">
    <p class='ocr_par' dir='ltr' id='par_1_62' title="bbox 1899 2289 3488 2364">
     <span class='ocr_line' id='line_1_63' title="bbox 1899 2289 3488 2364; baseline 0.007 -23"><span class='ocrx_word' id='word_1_459' title='bbox 1899 2289 2042 2343; x_wconf 89' lang='lat' dir='ltr'><strong>aliud</strong></span> <span class='ocrx_word' id='word_1_460' title='bbox 2080 2291 2354 2360; x_wconf 91' lang='lat' dir='ltr'><strong>quidpiam</strong></span> <span class='ocrx_word' id='word_1_461' title='bbox 2398 2290 2772 2359; x_wconf 78' lang='lat' dir='ltr'><strong>hujuscemodi</strong></span> <span class='ocrx_word' id='word_1_462' title='bbox 2823 2295 3010 2358; x_wconf 82' lang='lat' dir='ltr'><strong>subiit,</strong></span> <span class='ocrx_word' id='word_1_463' title='bbox 3056 2295 3148 2348; x_wconf 87' lang='lat' dir='ltr'><strong>sed</strong></span> <span class='ocrx_word' id='word_1_464' title='bbox 3180 2299 3358 2364; x_wconf 81' lang='lat' dir='ltr'><strong>potius</strong></span> <span class='ocrx_word' id='word_1_465' title='bbox 3391 2302 3488 2352; x_wconf 91' lang='lat' dir='ltr'><strong>de-</strong></span> 
     </span>
    </p>
   </div>
   <div class='ocr_carea' id='block_1_63' title="bbox 1901 2382 3490 2457">
    <p class='ocr_par' dir='ltr' id='par_1_63' title="bbox 1901 2382 3490 2457">
     <span class='ocr_line' id='line_1_64' title="bbox 1901 2382 3490 2457; baseline 0.008 -24"><span class='ocrx_word' id='word_1_466' title='bbox 1901 2384 2120 2434; x_wconf 79' lang='lat' dir='ltr'><strong>mitteus</strong></span> <span class='ocrx_word' id='word_1_467' title='bbox 2175 2397 2232 2434; x_wconf 87' lang='lat' dir='ltr'><strong>se</strong></span> <span class='ocrx_word' id='word_1_468' title='bbox 2271 2382 2335 2434; x_wconf 87' lang='lat' dir='ltr'><strong>ad</strong></span> <span class='ocrx_word' id='word_1_469' title='bbox 2385 2382 2808 2436; x_wconf 77' lang='lat' dir='ltr'><strong>exiuanitionem</strong></span> <span class='ocrx_word' id='word_1_470' title='bbox 2837 2423 2850 2447; x_wconf 90' lang='lat'><strong>,</strong></span> <span class='ocrx_word' id='word_1_471' title='bbox 2891 2395 2944 2438; x_wconf 91' lang='lat' dir='ltr'><strong>et</strong></span> <span class='ocrx_word' id='word_1_472' title='bbox 3000 2401 3098 2453; x_wconf 88' lang='lat' dir='ltr'><strong>pro</strong></span> <span class='ocrx_word' id='word_1_473' title='bbox 3151 2390 3348 2457; x_wconf 85' lang='lat' dir='ltr'><strong>gaudio</strong></span> <span class='ocrx_word' id='word_1_474' title='bbox 3385 2392 3490 2447; x_wconf 84' lang='lat' dir='ltr'><strong>sibi</strong></span> 
     </span>
    </p>
   </div>
   <div class='ocr_carea' id='block_1_64' title="bbox 1900 2473 3490 2550">
    <p class='ocr_par' dir='ltr' id='par_1_64' title="bbox 1900 2473 3490 2550">
     <span class='ocr_line' id='line_1_65' title="bbox 1900 2473 3490 2550; baseline 0.01 -28"><span class='ocrx_word' id='word_1_475' title='bbox 1900 2473 2210 2543; x_wconf 82' lang='lat' dir='ltr'><strong>proposito,</strong></span> <span class='ocrx_word' id='word_1_476' title='bbox 2273 2474 2508 2528; x_wconf 84' lang='lat' dir='ltr'><strong>dedecus</strong></span> <span class='ocrx_word' id='word_1_477' title='bbox 2569 2487 2962 2537; x_wconf 87' lang='lat' dir='ltr'><strong>contemnens,</strong></span> <span class='ocrx_word' id='word_1_478' title='bbox 3017 2479 3490 2550; x_wconf 62' lang='lat' dir='ltr'><strong>humanitatisque</strong></span> 
     </span>
    </p>
   </div>
   <div class='ocr_carea' id='block_1_65' title="bbox 1899 2568 3483 2641">
    <p class='ocr_par' dir='ltr' id='par_1_65' title="bbox 1899 2568 3483 2641">
     <span class='ocr_line' id='line_1_66' title="bbox 1899 2568 3483 2641; baseline 0.009 -23"><span class='ocrx_word' id='word_1_479' title='bbox 1899 2568 2170 2620; x_wconf 89' lang='lat' dir='ltr'><strong>miseriam</strong></span> <span class='ocrx_word' id='word_1_480' title='bbox 2225 2577 2388 2636; x_wconf 85' lang='lat' dir='ltr'><strong>atque</strong></span> <span class='ocrx_word' id='word_1_481' title='bbox 2435 2568 2784 2634; x_wconf 80' lang='lat' dir='ltr'><strong>indigentiam</strong></span> <span class='ocrx_word' id='word_1_482' title='bbox 2830 2585 2935 2624; x_wconf 90' lang='lat' dir='ltr'><strong>non</strong></span> <span class='ocrx_word' id='word_1_483' title='bbox 2988 2585 3331 2641; x_wconf 78' lang='lat' dir='ltr'><strong>aspernatus.</strong></span> <span class='ocrx_word' id='word_1_484' title='bbox 3383 2575 3483 2632; x_wconf 71' lang='grc' dir='ltr'><strong>γυ-</strong></span> 
     </span>
    </p>
   </div>
   <div class='ocr_carea' id='block_1_66' title="bbox 1897 2659 3486 2735">
    <p class='ocr_par' dir='ltr' id='par_1_66' title="bbox 1897 2659 3486 2735">
     <span class='ocr_line' id='line_1_67' title="bbox 1897 2659 3486 2735; baseline 0.011 -24"><span class='ocrx_word' id='word_1_485' title='bbox 1897 2660 1996 2712; x_wconf 82' lang='lat' dir='ltr'><strong>luit</strong></span> <span class='ocrx_word' id='word_1_486' title='bbox 2042 2662 2187 2714; x_wconf 90' lang='lat' dir='ltr'><strong>enim</strong></span> <span class='ocrx_word' id='word_1_487' title='bbox 2241 2671 2297 2712; x_wconf 94' lang='lat' dir='ltr'><strong>ut</strong></span> <span class='ocrx_word' id='word_1_488' title='bbox 2345 2659 2485 2716; x_wconf 87' lang='lat' dir='ltr'><strong>Deus</strong></span> <span class='ocrx_word' id='word_1_489' title='bbox 2521 2678 2739 2716; x_wconf 87' lang='lat' dir='ltr'><strong>carnem</strong></span> <span class='ocrx_word' id='word_1_490' title='bbox 2800 2665 2961 2718; x_wconf 85' lang='lat' dir='ltr'><strong>morti</strong></span> <span class='ocrx_word' id='word_1_491' title='bbox 3016 2677 3068 2719; x_wconf 90' lang='lat' dir='ltr'><strong>et</strong></span> <span class='ocrx_word' id='word_1_492' title='bbox 3115 2681 3342 2735; x_wconf 85' lang='lat' dir='ltr'><strong>peccato</strong></span> <span class='ocrx_word' id='word_1_493' title='bbox 3392 2673 3486 2727; x_wconf 77' lang='lat' dir='ltr'><strong>ob~</strong></span> 
     </span>
    </p>
   </div>
   <div class='ocr_carea' id='block_1_67' title="bbox 1898 2739 3486 2830">
    <p class='ocr_par' dir='ltr' id='par_1_67' title="bbox 1898 2739 3486 2830">
     <span class='ocr_line' id='line_1_68' title="bbox 1898 2739 3486 2830; baseline 0.01 -27"><span class='ocrx_word' id='word_1_494' title='bbox 1898 2751 2141 2816; x_wconf 74' lang='lat' dir='ltr'><strong>noxiam,</strong></span> <span class='ocrx_word' id='word_1_495' title='bbox 2189 2739 2364 2807; x_wconf 87' lang='lat' dir='ltr'><strong>morte</strong></span> <span class='ocrx_word' id='word_1_496' title='bbox 2416 2768 2478 2808; x_wconf 85' lang='lat' dir='ltr'><strong>ac</strong></span> <span class='ocrx_word' id='word_1_497' title='bbox 2523 2765 2747 2823; x_wconf 87' lang='lat' dir='ltr'><strong>peccato</strong></span> <span class='ocrx_word' id='word_1_498' title='bbox 2792 2759 3129 2825; x_wconf 85' lang='lat' dir='ltr'><strong>superiorem</strong></span> <span class='ocrx_word' id='word_1_499' title='bbox 3181 2762 3486 2830; x_wconf 76' lang='lat' dir='ltr'><strong>declarare,</strong></span> 
     </span>
    </p>
   </div>
   <div class='ocr_carea' id='block_1_68' title="bbox 1897 2845 3485 2921">
    <p class='ocr_par' dir='ltr' id='par_1_68' title="bbox 1897 2845 3485 2921">
     <span class='ocr_line' id='line_1_69' title="bbox 1897 2845 3485 2921; baseline 0.01 -25"><span class='ocrx_word' id='word_1_500' title='bbox 1897 2845 2247 2914; x_wconf 36' lang='lat' dir='ltr'><strong>p&#39;ristinteque</strong></span> <span class='ocrx_word' id='word_1_501' title='bbox 2301 2845 2597 2914; x_wconf 80' lang='lat' dir='ltr'><strong>integritati</strong></span> <span class='ocrx_word' id='word_1_502' title='bbox 2666 2850 2975 2916; x_wconf 84' lang='lat' dir='ltr'><strong>restituere,</strong></span> <span class='ocrx_word' id='word_1_503' title='bbox 3038 2855 3308 2921; x_wconf 84' lang='lat' dir='ltr'><strong>propriam</strong></span> <span class='ocrx_word' id='word_1_504' title='bbox 3364 2873 3485 2912; x_wconf 86' lang='lat' dir='ltr'><strong>eam</strong></span> 
     </span>
    </p>
   </div>
   <div class='ocr_carea' id='block_1_69' title="bbox 1895 2935 3482 3017">
    <p class='ocr_par' dir='ltr' id='par_1_69' title="bbox 1895 2935 3482 3017">
     <span class='ocr_line' id='line_1_70' title="bbox 1895 2935 3482 3017; baseline 0.009 -29"><span class='ocrx_word' id='word_1_505' title='bbox 1895 2936 1995 2989; x_wconf 81' lang='lat' dir='ltr'><strong>sibi</strong></span> <span class='ocrx_word' id='word_1_506' title='bbox 2028 2935 2250 2998; x_wconf 76' lang='lat' dir='ltr'><strong>faciens,</strong></span> <span class='ocrx_word' id='word_1_507' title='bbox 2285 2947 2337 2988; x_wconf 90' lang='lat' dir='ltr'><strong>et</strong></span> <span class='ocrx_word' id='word_1_508' title='bbox 2374 2937 2590 3004; x_wconf 86' lang='lat' dir='ltr'><strong>quidem</strong></span> <span class='ocrx_word' id='word_1_509' title='bbox 2629 2939 2772 2992; x_wconf 88' lang='lat' dir='ltr'><strong>illam</strong></span> <span class='ocrx_word' id='word_1_510' title='bbox 2817 2956 2920 2994; x_wconf 86' lang='lat' dir='ltr'><strong>non</strong></span> <span class='ocrx_word' id='word_1_511' title='bbox 2966 2944 3144 3014; x_wconf 75' lang='lat' dir='ltr'><strong>anima</strong></span> <span class='ocrx_word' id='word_1_512' title='bbox 3183 2961 3482 3017; x_wconf 74' lang='lat' dir='ltr'><strong>carentem,</strong></span> 
     </span>
    </p>
   </div>
   <div class='ocr_carea' id='block_1_70' title="bbox 1896 3025 3484 3110">
    <p class='ocr_par' dir='ltr' id='par_1_70' title="bbox 1896 3025 3484 3110">
     <span class='ocr_line' id='line_1_71' title="bbox 1896 3025 3484 3110; baseline 0.011 -32"><span class='ocrx_word' id='word_1_513' title='bbox 1896 3038 1947 3078; x_wconf 93' lang='lat' dir='ltr'><strong>ut</strong></span> <span class='ocrx_word' id='word_1_514' title='bbox 1979 3025 2197 3092; x_wconf 85' lang='lat' dir='ltr'><strong>quidam</strong></span> <span class='ocrx_word' id='word_1_515' title='bbox 2234 3025 2552 3093; x_wconf 85' lang='lat' dir='ltr'><strong>opinantur,</strong></span> <span class='ocrx_word' id='word_1_516' title='bbox 2583 3028 2689 3080; x_wconf 92' lang='lat' dir='ltr'><strong>imo</strong></span> <span class='ocrx_word' id='word_1_517' title='bbox 2724 3031 2904 3098; x_wconf 87' lang='lat' dir='ltr'><strong>potius</strong></span> <span class='ocrx_word' id='word_1_518' title='bbox 2937 3033 3117 3087; x_wconf 88' lang='lat' dir='ltr'><strong>anima</strong></span> <span class='ocrx_word' id='word_1_519' title='bbox 3145 3036 3484 3110; x_wconf 74' lang='lat' dir='ltr'><strong>intelligente</strong></span> 
     </span>
    </p>
   </div>
   <div class='ocr_carea' id='block_1_71' title="bbox 1893 3117 3486 3200">
    <p class='ocr_par' dir='ltr' id='par_1_71' title="bbox 1893 3117 3486 3200">
     <span class='ocr_line' id='line_1_72' title="bbox 1893 3117 3486 3200; baseline 0.012 -32"><span class='ocrx_word' id='word_1_520' title='bbox 1893 3117 2210 3170; x_wconf 85' lang='lat' dir='ltr'><strong>animatam.</strong></span> <span class='ocrx_word' id='word_1_521' title='bbox 2269 3117 2438 3172; x_wconf 78' lang='lat' dir='ltr'><strong>l’orro</strong></span> <span class='ocrx_word' id='word_1_522' title='bbox 2497 3119 2580 3170; x_wconf 84' lang='lat' dir='ltr'><strong>via</strong></span> <span class='ocrx_word' id='word_1_523' title='bbox 2635 3135 2754 3188; x_wconf 76' lang='lat' dir='ltr'><strong>qua:</strong></span> <span class='ocrx_word' id='word_1_524' title='bbox 2816 3123 2941 3176; x_wconf 90' lang='lat' dir='ltr'><strong>huic</strong></span> <span class='ocrx_word' id='word_1_525' title='bbox 2984 3129 3199 3196; x_wconf 78' lang='lat' dir='ltr'><strong>negotio</strong></span> <span class='ocrx_word' id='word_1_526' title='bbox 3248 3136 3486 3200; x_wconf 83' lang='lat' dir='ltr'><strong>gerendo</strong></span> 
     </span>
    </p>
   </div>
   <div class='ocr_carea' id='block_1_72' title="bbox 1894 3208 3484 3285">
    <p class='ocr_par' dir='ltr' id='par_1_72' title="bbox 1894 3208 3484 3285">
     <span class='ocr_line' id='line_1_73' title="bbox 1894 3208 3484 3285; baseline 0.013 -25"><span class='ocrx_word' id='word_1_527' title='bbox 1894 3208 2210 3262; x_wconf 74' lang='lat' dir='ltr'><strong>conveniret</strong></span> <span class='ocrx_word' id='word_1_528' title='bbox 2265 3209 2521 3263; x_wconf 85' lang='lat' dir='ltr'><strong>incedere</strong></span> <span class='ocrx_word' id='word_1_529' title='bbox 2574 3225 2680 3265; x_wconf 86' lang='lat' dir='ltr'><strong>non</strong></span> <span class='ocrx_word' id='word_1_530' title='bbox 2744 3213 3087 3285; x_wconf 79' lang='lat' dir='ltr'><strong>dedignatus,</strong></span> <span class='ocrx_word' id='word_1_531' title='bbox 3141 3223 3484 3282; x_wconf 86' lang='lat' dir='ltr'><strong>nativitatem</strong></span> 
     </span>
    </p>
   </div>
   <div class='ocr_carea' id='block_1_73' title="bbox 1895 3301 3486 3376">
    <p class='ocr_par' dir='ltr' id='par_1_73' title="bbox 1895 3301 3486 3376">
     <span class='ocr_line' id='line_1_74' title="bbox 1895 3301 3486 3376; baseline 0.014 -24"><span class='ocrx_word' id='word_1_532' title='bbox 1895 3302 2053 3355; x_wconf 89' lang='lat' dir='ltr'><strong>nobis</strong></span> <span class='ocrx_word' id='word_1_533' title='bbox 2087 3301 2316 3356; x_wconf 82' lang='lat' dir='ltr'><strong>similent</strong></span> <span class='ocrx_word' id='word_1_534' title='bbox 2357 3303 2592 3357; x_wconf 83' lang='lat' dir='ltr'><strong>subiisse</strong></span> <span class='ocrx_word' id='word_1_535' title='bbox 2639 3304 2859 3370; x_wconf 88' lang='lat' dir='ltr'><strong>dicitur,</strong></span> <span class='ocrx_word' id='word_1_536' title='bbox 2896 3324 3227 3376; x_wconf 85' lang='lat' dir='ltr'><strong>permanens</strong></span> <span class='ocrx_word' id='word_1_537' title='bbox 3261 3331 3392 3372; x_wconf 86' lang='lat' dir='ltr'><strong>vero</strong></span> <span class='ocrx_word' id='word_1_538' title='bbox 3433 3320 3486 3375; x_wconf 87' lang='lat' dir='ltr'><strong>id</strong></span> 
     </span>
    </p>
   </div>
   <div class='ocr_carea' id='block_1_74' title="bbox 1890 3394 3484 3468">
    <p class='ocr_par' dir='ltr' id='par_1_74' title="bbox 1890 3394 3484 3468">
     <span class='ocr_line' id='line_1_75' title="bbox 1890 3394 3484 3468; baseline 0.014 -22"><span class='ocrx_word' id='word_1_539' title='bbox 1890 3396 2036 3464; x_wconf 87' lang='lat' dir='ltr'><strong>quod</strong></span> <span class='ocrx_word' id='word_1_540' title='bbox 2085 3406 2224 3448; x_wconf 88' lang='lat' dir='ltr'><strong>erat.</strong></span> <span class='ocrx_word' id='word_1_541' title='bbox 2264 3394 2435 3450; x_wconf 74' lang='lat' dir='ltr'><strong>Natus</strong></span> <span class='ocrx_word' id='word_1_542' title='bbox 2465 3396 2609 3449; x_wconf 90' lang='lat' dir='ltr'><strong>enim</strong></span> <span class='ocrx_word' id='word_1_543' title='bbox 2659 3407 2741 3451; x_wconf 85' lang='lat' dir='ltr'><strong>est</strong></span> <span class='ocrx_word' id='word_1_544' title='bbox 2773 3401 3084 3457; x_wconf 88' lang='lat' dir='ltr'><strong>admirabili</strong></span> <span class='ocrx_word' id='word_1_545' title='bbox 3141 3409 3354 3465; x_wconf 83' lang='lat' dir='ltr'><strong>ratione</strong></span> <span class='ocrx_word' id='word_1_546' title='bbox 3393 3427 3484 3468; x_wconf 81' lang='lat' dir='ltr'><strong>se-</strong></span> 
     </span>
    </p>
   </div>
   <div class='ocr_carea' id='block_1_75' title="bbox 1891 3489 3486 3572">
    <p class='ocr_par' dir='ltr' id='par_1_75' title="bbox 1891 3489 3486 3572">
     <span class='ocr_line' id='line_1_76' title="bbox 1891 3489 3486 3572; baseline 0.01 -33"><span class='ocrx_word' id='word_1_547' title='bbox 1891 3489 2127 3543; x_wconf 88' lang='lat' dir='ltr'><strong>cundum</strong></span> <span class='ocrx_word' id='word_1_548' title='bbox 2173 3503 2393 3542; x_wconf 79' lang='lat' dir='ltr'><strong>carnem</strong></span> <span class='ocrx_word' id='word_1_549' title='bbox 2425 3504 2492 3543; x_wconf 82' lang='lat' dir='ltr'><strong>ex</strong></span> <span class='ocrx_word' id='word_1_550' title='bbox 2541 3491 2810 3545; x_wconf 87' lang='lat' dir='ltr'><strong>muliere:</strong></span> <span class='ocrx_word' id='word_1_551' title='bbox 2849 3509 3023 3563; x_wconf 88' lang='lat' dir='ltr'><strong>neque</strong></span> <span class='ocrx_word' id='word_1_552' title='bbox 3071 3500 3216 3554; x_wconf 89' lang='lat' dir='ltr'><strong>enim</strong></span> <span class='ocrx_word' id='word_1_553' title='bbox 3266 3516 3486 3572; x_wconf 68' lang='lat' dir='ltr'><strong>poterat</strong></span> 
     </span>
    </p>
   </div>
   <div class='ocr_carea' id='block_1_76' title="bbox 1890 3581 3483 3664">
    <p class='ocr_par' dir='ltr' id='par_1_76' title="bbox 1890 3581 3483 3664">
     <span class='ocr_line' id='line_1_77' title="bbox 1890 3581 3483 3664; baseline 0.013 -29"><span class='ocrx_word' id='word_1_554' title='bbox 1890 3581 2070 3643; x_wconf 87' lang='lat' dir='ltr'><strong>aliter,</strong></span> <span class='ocrx_word' id='word_1_555' title='bbox 2103 3581 2244 3636; x_wconf 88' lang='lat' dir='ltr'><strong>Deus</strong></span> <span class='ocrx_word' id='word_1_556' title='bbox 2286 3583 2583 3636; x_wconf 83' lang='lat' dir='ltr'><strong>secundum</strong></span> <span class='ocrx_word' id='word_1_557' title='bbox 2620 3594 2869 3639; x_wconf 88' lang='lat' dir='ltr'><strong>naturam</strong></span> <span class='ocrx_word' id='word_1_558' title='bbox 2899 3591 3193 3656; x_wconf 83' lang='lat' dir='ltr'><strong>exsistens,</strong></span> <span class='ocrx_word' id='word_1_559' title='bbox 3231 3609 3393 3664; x_wconf 88' lang='lat' dir='ltr'><strong>quam</strong></span> <span class='ocrx_word' id='word_1_560' title='bbox 3428 3601 3483 3656; x_wconf 90' lang='lat' dir='ltr'><strong>in</strong></span> 
     </span>
    </p>
   </div>
   <div class='ocr_carea' id='block_1_77' title="bbox 1890 3675 3482 3759">
    <p class='ocr_par' dir='ltr' id='par_1_77' title="bbox 1890 3675 3482 3759">
     <span class='ocr_line' id='line_1_78' title="bbox 1890 3675 3482 3759; baseline 0.013 -34"><span class='ocrx_word' id='word_1_561' title='bbox 1890 3675 2072 3744; x_wconf 86' lang='lat' dir='ltr'><strong>specie</strong></span> <span class='ocrx_word' id='word_1_562' title='bbox 2111 3689 2231 3742; x_wconf 66' lang='lat' dir='ltr'><strong>qua:</strong></span> <span class='ocrx_word' id='word_1_563' title='bbox 2273 3683 2473 3727; x_wconf 67' lang='lat' dir='ltr'><strong>nostra:</strong></span> <span class='ocrx_word' id='word_1_564' title='bbox 2520 3675 2716 3730; x_wconf 75' lang='lat' dir='ltr'><strong>similis</strong></span> <span class='ocrx_word' id='word_1_565' title='bbox 2770 3687 2912 3732; x_wconf 91' lang='lat' dir='ltr'><strong>esset</strong></span> <span class='ocrx_word' id='word_1_566' title='bbox 2957 3683 3276 3741; x_wconf 83' lang='lat' dir='ltr'><strong>mortalibus</strong></span> <span class='ocrx_word' id='word_1_567' title='bbox 3308 3705 3482 3759; x_wconf 88' lang='lat' dir='ltr'><strong>appa-</strong></span> 
     </span>
    </p>
   </div>
   <div class='ocr_carea' id='block_1_78' title="bbox 1892 3766 3483 3853">
    <p class='ocr_par' dir='ltr' id='par_1_78' title="bbox 1892 3766 3483 3853">
     <span class='ocr_line' id='line_1_79' title="bbox 1892 3766 3483 3853; baseline 0.012 -33"><span class='ocrx_word' id='word_1_568' title='bbox 1892 3781 2034 3828; x_wconf 86' lang='lat' dir='ltr'><strong>rere,</strong></span> <span class='ocrx_word' id='word_1_569' title='bbox 2081 3766 2174 3836; x_wconf 93' lang='lat' dir='ltr'><strong>qui</strong></span> <span class='ocrx_word' id='word_1_570' title='bbox 2213 3767 2570 3835; x_wconf 83' lang='lat' dir='ltr'><strong>iucorporeus</strong></span> <span class='ocrx_word' id='word_1_571' title='bbox 2621 3780 2706 3822; x_wconf 90' lang='lat' dir='ltr'><strong>est</strong></span> <span class='ocrx_word' id='word_1_572' title='bbox 2746 3781 2800 3823; x_wconf 88' lang='lat' dir='ltr'><strong>et</strong></span> <span class='ocrx_word' id='word_1_573' title='bbox 2840 3775 2981 3843; x_wconf 74' lang='lat' dir='ltr'><strong>tangi</strong></span> <span class='ocrx_word' id='word_1_574' title='bbox 3036 3781 3244 3846; x_wconf 88' lang='lat' dir='ltr'><strong>nequit.</strong></span> <span class='ocrx_word' id='word_1_575' title='bbox 3296 3780 3483 3853; x_wconf 86' lang='lat' dir='ltr'><strong>Neque</strong></span> 
     </span>
    </p>
   </div>
   <div class='ocr_carea' id='block_1_79' title="bbox 1884 3858 3478 3945">
    <p class='ocr_par' dir='ltr' id='par_1_79' title="bbox 1884 3858 3478 3945">
     <span class='ocr_line' id='line_1_80' title="bbox 1884 3858 3478 3945; baseline 0.014 -35"><span class='ocrx_word' id='word_1_576' title='bbox 1884 3858 2027 3911; x_wconf 81' lang='lat' dir='ltr'><strong>enim</strong></span> <span class='ocrx_word' id='word_1_577' title='bbox 2067 3866 2278 3924; x_wconf 82' lang='lat' dir='ltr'><strong>poterat</strong></span> <span class='ocrx_word' id='word_1_578' title='bbox 2315 3859 2472 3910; x_wconf 89' lang='lat' dir='ltr'><strong>aliter</strong></span> <span class='ocrx_word' id='word_1_579' title='bbox 2497 3874 2657 3927; x_wconf 89' lang='lat' dir='ltr'><strong>quam</strong></span> <span class='ocrx_word' id='word_1_580' title='bbox 2693 3875 2791 3927; x_wconf 91' lang='lat' dir='ltr'><strong>per</strong></span> <span class='ocrx_word' id='word_1_581' title='bbox 2825 3863 3281 3935; x_wconf 84' lang='lat' dir='ltr'><strong>inearnationem,</strong></span> <span class='ocrx_word' id='word_1_582' title='bbox 3313 3886 3478 3945; x_wconf 85' lang='lat' dir='ltr'><strong>atque</strong></span> 
     </span>
    </p>
   </div>
   <div class='ocr_carea' id='block_1_80' title="bbox 1885 3949 3479 4025">
    <p class='ocr_par' dir='ltr' id='par_1_80' title="bbox 1885 3949 3479 4025">
     <span class='ocr_line' id='line_1_81' title="bbox 1885 3949 3479 4025; baseline 0.013 -23"><span class='ocrx_word' id='word_1_583' title='bbox 1885 3950 1938 4002; x_wconf 86' lang='lat' dir='ltr'><strong>in</strong></span> <span class='ocrx_word' id='word_1_584' title='bbox 1974 3965 2153 4017; x_wconf 79' lang='lat' dir='ltr'><strong>setpso</strong></span> <span class='ocrx_word' id='word_1_585' title='bbox 2188 3959 2239 4002; x_wconf 90' lang='lat' dir='ltr'><strong>et</strong></span> <span class='ocrx_word' id='word_1_586' title='bbox 2271 3949 2490 4018; x_wconf 84' lang='lat' dir='ltr'><strong>quidem</strong></span> <span class='ocrx_word' id='word_1_587' title='bbox 2543 3951 2659 4005; x_wconf 87' lang='lat' dir='ltr'><strong>solo</strong></span> <span class='ocrx_word' id='word_1_588' title='bbox 2693 3968 2933 4009; x_wconf 84' lang='lat' dir='ltr'><strong>nostram</strong></span> <span class='ocrx_word' id='word_1_589' title='bbox 2967 3971 3217 4016; x_wconf 83' lang='lat' dir='ltr'><strong>naturam</strong></span> <span class='ocrx_word' id='word_1_590' title='bbox 3259 3967 3479 4025; x_wconf 81' lang='lat' dir='ltr'><strong>deitatis</strong></span> 
     </span>
    </p>
   </div>
   <div class='ocr_carea' id='block_1_81' title="bbox 1885 4042 3478 4120">
    <p class='ocr_par' dir='ltr' id='par_1_81' title="bbox 1885 4042 3478 4120">
     <span class='ocr_line' id='line_1_82' title="bbox 1885 4042 3478 4120; baseline 0.016 -28"><span class='ocrx_word' id='word_1_591' title='bbox 1885 4042 2239 4111; x_wconf 77' lang='lat' dir='ltr'><strong>dignitatibus</strong></span> <span class='ocrx_word' id='word_1_592' title='bbox 2286 4043 2566 4096; x_wconf 88' lang='lat' dir='ltr'><strong>decorare.</strong></span> <span class='ocrx_word' id='word_1_593' title='bbox 2617 4042 2747 4099; x_wconf 85' lang='lat' dir='ltr'><strong>Erat</strong></span> <span class='ocrx_word' id='word_1_594' title='bbox 2789 4049 2933 4102; x_wconf 88' lang='lat' dir='ltr'><strong>enim</strong></span> <span class='ocrx_word' id='word_1_595' title='bbox 2969 4052 3083 4120; x_wconf 87' lang='lat' dir='ltr'><strong>ipse</strong></span> <span class='ocrx_word' id='word_1_596' title='bbox 3126 4053 3268 4112; x_wconf 88' lang='lat' dir='ltr'><strong>Deus</strong></span> <span class='ocrx_word' id='word_1_597' title='bbox 3312 4063 3478 4118; x_wconf 86' lang='lat' dir='ltr'><strong>simul</strong></span> 
     </span>
    </p>
   </div>
   <div class='ocr_carea' id='block_1_82' title="bbox 1885 4133 3473 4222">
    <p class='ocr_par' dir='ltr' id='par_1_82' title="bbox 1885 4133 3473 4222">
     <span class='ocr_line' id='line_1_83' title="bbox 1885 4133 3473 4222; baseline 0.009 -28"><span class='ocrx_word' id='word_1_598' title='bbox 1885 4150 1940 4194; x_wconf 91' lang='lat' dir='ltr'><strong>et</strong></span> <span class='ocrx_word' id='word_1_599' title='bbox 1973 4139 2157 4198; x_wconf 88' lang='lat' dir='ltr'><strong>homo,</strong></span> <span class='ocrx_word' id='word_1_600' title='bbox 2191 4133 2359 4204; x_wconf 78' lang='lat'><strong>719</strong></span> <span class='ocrx_word' id='word_1_601' title='bbox 2387 4147 2439 4188; x_wconf 90' lang='lat' dir='ltr'><strong>ct</strong></span> <span class='ocrx_word' id='word_1_602' title='bbox 2465 4137 2516 4188; x_wconf 94' lang='lat' dir='ltr'><strong>in</strong></span> <span class='ocrx_word' id='word_1_603' title='bbox 2545 4139 2903 4197; x_wconf 83' lang='lat' dir='ltr'><strong>similitudine</strong></span> <span class='ocrx_word' id='word_1_604' title='bbox 2948 4147 3171 4215; x_wconf 88' lang='lat' dir='ltr'><strong>quidem</strong></span> <span class='ocrx_word' id='word_1_605' title='bbox 3214 4151 3473 4222; x_wconf 73' lang='lat' dir='ltr'><strong>lmminis,</strong></span> 
     </span>
    </p>
   </div>
   <div class='ocr_carea' id='block_1_83' title="bbox 181 4231 3478 4315">
    <p class='ocr_par' dir='ltr' id='par_1_83' title="bbox 181 4231 3478 4315">
     <span class='ocr_line' id='line_1_84' title="bbox 181 4231 3478 4315; baseline 0.008 -33"><span class='ocrx_word' id='word_1_606' title='bbox 181 4241 453 4300; x_wconf 82' lang='lat' dir='ltr'><strong>quatenus</strong></span> <span class='ocrx_word' id='word_1_607' title='bbox 499 4246 603 4282; x_wconf 85' lang='lat' dir='ltr'><strong>una</strong></span> <span class='ocrx_word' id='word_1_608' title='bbox 639 4244 764 4284; x_wconf 91' lang='lat' dir='ltr'><strong>cum</strong></span> <span class='ocrx_word' id='word_1_609' title='bbox 823 4231 923 4285; x_wconf 92' lang='lat' dir='ltr'><strong>hac</strong></span> <span class='ocrx_word' id='word_1_610' title='bbox 971 4233 1134 4285; x_wconf 90' lang='lat' dir='ltr'><strong>etiam</strong></span> <span class='ocrx_word' id='word_1_611' title='bbox 1192 4234 1333 4289; x_wconf 85' lang='lat' dir='ltr'><strong>Deus</strong></span> <span class='ocrx_word' id='word_1_612' title='bbox 1391 4247 1544 4303; x_wconf 89' lang='lat' dir='ltr'><strong>erat;</strong></span> <span class='ocrx_word' id='word_1_613' title='bbox 1618 4237 1808 4296; x_wconf 88' lang='lat' dir='ltr'><strong>habitu</strong></span> <span class='ocrx_word' id='word_1_614' title='bbox 1849 4254 1998 4304; x_wconf 90' lang='lat' dir='ltr'><strong>vero,</strong></span> <span class='ocrx_word' id='word_1_615' title='bbox 2047 4244 2107 4288; x_wconf 80' lang='lat' dir='ltr'><strong>ut</strong></span> <span class='ocrx_word' id='word_1_616' title='bbox 2159 4233 2346 4288; x_wconf 79' lang='lat' dir='ltr'><strong>homo.</strong></span> <span class='ocrx_word' id='word_1_617' title='bbox 2386 4231 2526 4287; x_wconf 80' lang='lat' dir='ltr'><strong>Deus</strong></span> <span class='ocrx_word' id='word_1_618' title='bbox 2593 4235 2737 4288; x_wconf 84' lang='lat' dir='ltr'><strong>enim</strong></span> <span class='ocrx_word' id='word_1_619' title='bbox 2782 4249 2901 4294; x_wconf 87' lang='lat' dir='ltr'><strong>erat</strong></span> <span class='ocrx_word' id='word_1_620' title='bbox 2955 4241 3004 4294; x_wconf 91' lang='lat' dir='ltr'><strong>in</strong></span> <span class='ocrx_word' id='word_1_621' title='bbox 3057 4248 3239 4315; x_wconf 85' lang='lat' dir='ltr'><strong>specie</strong></span> <span class='ocrx_word' id='word_1_622' title='bbox 3277 4264 3478 4310; x_wconf 77' lang='lat' dir='ltr'><strong>nostra:</strong></span> 
     </span>
    </p>
   </div>
   <div class='ocr_carea' id='block_1_84' title="bbox 182 4324 3474 4415">
    <p class='ocr_par' dir='ltr' id='par_1_84' title="bbox 182 4324 3474 4415">
     <span class='ocr_line' id='line_1_85' title="bbox 182 4324 3474 4415; baseline 0.008 -39"><span class='ocrx_word' id='word_1_623' title='bbox 182 4324 372 4386; x_wconf 84' lang='lat' dir='ltr'><strong>simili,</strong></span> <span class='ocrx_word' id='word_1_624' title='bbox 414 4332 468 4375; x_wconf 90' lang='lat' dir='ltr'><strong>et</strong></span> <span class='ocrx_word' id='word_1_625' title='bbox 498 4324 548 4376; x_wconf 89' lang='lat' dir='ltr'><strong>in</strong></span> <span class='ocrx_word' id='word_1_626' title='bbox 580 4324 751 4376; x_wconf 79' lang='lat' dir='ltr'><strong>forma</strong></span> <span class='ocrx_word' id='word_1_627' title='bbox 778 4325 941 4389; x_wconf 82' lang='lat' dir='ltr'><strong>servi,</strong></span> <span class='ocrx_word' id='word_1_628' title='bbox 975 4325 1256 4381; x_wconf 88' lang='lat' dir='ltr'><strong>Dominus.</strong></span> <span class='ocrx_word' id='word_1_629' title='bbox 1292 4326 1403 4383; x_wconf 89' lang='lat' dir='ltr'><strong>lloc</strong></span> <span class='ocrx_word' id='word_1_630' title='bbox 1432 4331 1577 4384; x_wconf 92' lang='lat' dir='ltr'><strong>enim</strong></span> <span class='ocrx_word' id='word_1_631' title='bbox 1616 4334 1775 4389; x_wconf 91' lang='lat' dir='ltr'><strong>modo</strong></span> <span class='ocrx_word' id='word_1_632' title='bbox 1815 4346 2033 4390; x_wconf 88' lang='lat' dir='ltr'><strong>carnem</strong></span> <span class='ocrx_word' id='word_1_633' title='bbox 2062 4329 2265 4384; x_wconf 72' lang='lat' dir='ltr'><strong>laetum</strong></span> <span class='ocrx_word' id='word_1_634' title='bbox 2299 4342 2422 4382; x_wconf 88' lang='lat' dir='ltr'><strong>esse</strong></span> <span class='ocrx_word' id='word_1_635' title='bbox 2463 4329 2736 4385; x_wconf 89' lang='lat' dir='ltr'><strong>dicimus:</strong></span> <span class='ocrx_word' id='word_1_636' title='bbox 2769 4349 2832 4389; x_wconf 86' lang='lat' dir='ltr'><strong>ac</strong></span> <span class='ocrx_word' id='word_1_637' title='bbox 2894 4337 3118 4405; x_wconf 87' lang='lat' dir='ltr'><strong>proinde</strong></span> <span class='ocrx_word' id='word_1_638' title='bbox 3185 4342 3474 4415; x_wconf 77' lang='lat' dir='ltr'><strong>Deiparattt</strong></span> 
     </span>
    </p>
   </div>
   <div class='ocr_carea' id='block_1_85' title="bbox 179 4420 1766 4493">
    <p class='ocr_par' dir='ltr' id='par_1_85' title="bbox 179 4420 1766 4493">
     <span class='ocr_line' id='line_1_86' title="bbox 179 4420 1766 4493; baseline 0.007 -22"><span class='ocrx_word' id='word_1_639' title='bbox 179 4434 398 4488; x_wconf 87' lang='lat' dir='ltr'><strong>quoque</strong></span> <span class='ocrx_word' id='word_1_640' title='bbox 420 4420 698 4473; x_wconf 80' lang='lat' dir='ltr'><strong>exstitisse</strong></span> <span class='ocrx_word' id='word_1_641' title='bbox 724 4432 1127 4476; x_wconf 89' lang='lat' dir='ltr'><strong>sacrosanctam</strong></span> <span class='ocrx_word' id='word_1_642' title='bbox 1152 4422 1424 4493; x_wconf 83' lang='lat' dir='ltr'><strong>Virginem</strong></span> <span class='ocrx_word' id='word_1_643' title='bbox 1449 4428 1766 4483; x_wconf 90' lang='lat' dir='ltr'><strong>asserimus.</strong></span> 
     </span>
    </p>
   </div>
   <div class='ocr_carea' id='block_1_86' title="bbox 252 4509 1767 4587">
    <p class='ocr_par' dir='ltr' id='par_1_86' title="bbox 252 4509 1767 4587">
     <span class='ocr_line' id='line_1_87' title="bbox 252 4509 1767 4587; baseline -0.001 -25"><span class='ocrx_word' id='word_1_644' title='bbox 252 4510 314 4562; x_wconf 87' lang='grc' dir='ltr'><strong>Β.</strong></span> <span class='ocrx_word' id='word_1_645' title='bbox 357 4509 579 4575; x_wconf 77' lang='grc' dir='ltr'>Βούλει,</span> <span class='ocrx_word' id='word_1_646' title='bbox 608 4513 718 4573; x_wconf 85' lang='grc' dir='ltr'>τοῖς</span> <span class='ocrx_word' id='word_1_647' title='bbox 765 4513 876 4575; x_wconf 89' lang='grc' dir='ltr'>σοῖς</span> <span class='ocrx_word' id='word_1_648' title='bbox 919 4515 1449 4585; x_wconf 75' lang='grc' dir='ltr'>ἀντιπαρεξάγοντες</span> <span class='ocrx_word' id='word_1_649' title='bbox 1478 4519 1660 4587; x_wconf 77' lang='grc' dir='ltr'>λόγοις</span> <span class='ocrx_word' id='word_1_650' title='bbox 1698 4522 1767 4576; x_wconf 68' lang='grc' dir='ltr'><strong>τά</strong></span> 
     </span>
    </p>
   </div>
   <div class='ocr_carea' id='block_1_87' title="bbox 1953 4515 3470 4608">
    <p class='ocr_par' dir='ltr' id='par_1_87' title="bbox 1953 4515 3470 4608">
     <span class='ocr_line' id='line_1_88' title="bbox 1953 4515 3470 4608; baseline 0.013 -38"><span class='ocrx_word' id='word_1_651' title='bbox 1953 4517 2013 4570; x_wconf 86' lang='grc' dir='ltr'><strong>Β.</strong></span> <span class='ocrx_word' id='word_1_652' title='bbox 2045 4515 2302 4572; x_wconf 88' lang='lat' dir='ltr'><strong>Placetne</strong></span> <span class='ocrx_word' id='word_1_653' title='bbox 2330 4528 2412 4581; x_wconf 92' lang='lat' dir='ltr'><strong>ut,</strong></span> <span class='ocrx_word' id='word_1_654' title='bbox 2446 4517 2656 4573; x_wconf 88' lang='lat' dir='ltr'><strong>illortun</strong></span> <span class='ocrx_word' id='word_1_655' title='bbox 2681 4519 3019 4590; x_wconf 72' lang='lat' dir='ltr'><strong>obiectiones</strong></span> <span class='ocrx_word' id='word_1_656' title='bbox 3051 4528 3156 4584; x_wconf 91' lang='lat' dir='ltr'><strong>tuis</strong></span> <span class='ocrx_word' id='word_1_657' title='bbox 3185 4532 3344 4590; x_wconf 84' lang='lat' dir='ltr'><strong>dictis</strong></span> <span class='ocrx_word' id='word_1_658' title='bbox 3369 4553 3470 4608; x_wconf 89' lang='lat' dir='ltr'><strong>0p-</strong></span> 
     </span>
    </p>
   </div>
   <div class='ocr_carea' id='block_1_88' title="bbox 182 4601 1784 4694">
    <p class='ocr_par' dir='ltr' id='par_1_88' title="bbox 182 4603 1770 4679">
     <span class='ocr_line' id='line_1_89' title="bbox 182 4603 1770 4679; baseline 0.008 -24"><span class='ocrx_word' id='word_1_659' title='bbox 182 4604 314 4672; x_wconf 83' lang='grc' dir='ltr'>παρ’</span> <span class='ocrx_word' id='word_1_660' title='bbox 349 4603 596 4667; x_wconf 87' lang='grc' dir='ltr'>ἐκείνων,</span> <span class='ocrx_word' id='word_1_661' title='bbox 637 4605 951 4674; x_wconf 82' lang='grc' dir='ltr'>ἰσχνοτέραν</span> <span class='ocrx_word' id='word_1_662' title='bbox 1001 4608 1359 4679; x_wconf 83' lang='grc' dir='ltr'>ἀποτελῶμεν</span> <span class='ocrx_word' id='word_1_663' title='bbox 1409 4613 1516 4665; x_wconf 83' lang='grc' dir='ltr'><strong>τῶν</strong></span> <span class='ocrx_word' id='word_1_664' title='bbox 1551 4615 1770 4667; x_wconf 80' lang='grc' dir='ltr'>ἐννοιῶν</span> 
     </span>
    </p>
   </div>
   <div class='ocr_carea' id='block_1_89' title="bbox 1896 4601 3471 4694">
    <p class='ocr_par' dir='ltr' id='par_1_89' title="bbox 1897 4601 3471 4694">
     <span class='ocr_line' id='line_1_90' title="bbox 1897 4601 3471 4694; baseline 0.015 -33"><span class='ocrx_word' id='word_1_665' title='bbox 1897 4620 2159 4674; x_wconf 67' lang='lat' dir='ltr'><strong>torrentes,</strong></span> <span class='ocrx_word' id='word_1_666' title='bbox 2193 4610 2584 4664; x_wconf 83' lang='lat' dir='ltr'><strong>accuratiorem</strong></span> <span class='ocrx_word' id='word_1_667' title='bbox 2621 4620 2672 4667; x_wconf 89' lang='lat' dir='ltr'><strong>et</strong></span> <span class='ocrx_word' id='word_1_668' title='bbox 2702 4615 3043 4670; x_wconf 86' lang='lat' dir='ltr'><strong>subtiliorem</strong></span> <span class='ocrx_word' id='word_1_669' title='bbox 3081 4601 3471 4694; x_wconf 70' lang='lat' dir='ltr'><strong>reiproposiia:</strong></span> 
     </span>
    </p>
   </div>
   <div class='ocr_carea' id='block_1_90' title="bbox 177 4695 1764 4774">
    <p class='ocr_par' dir='ltr' id='par_1_90' title="bbox 177 4695 1764 4774">
     <span class='ocr_line' id='line_1_91' title="bbox 177 4695 1764 4774; baseline 0.005 -25"><span class='ocrx_word' id='word_1_670' title='bbox 177 4697 279 4767; x_wconf 78' lang='grc' dir='ltr'>τὴν</span> <span class='ocrx_word' id='word_1_671' title='bbox 328 4695 582 4765; x_wconf 81' lang='grc' dir='ltr'>βάσανον,</span> <span class='ocrx_word' id='word_1_672' title='bbox 627 4697 659 4766; x_wconf 81' lang='grc' dir='ltr'>ἢ</span> <span class='ocrx_word' id='word_1_673' title='bbox 698 4698 1122 4771; x_wconf 80' lang='grc' dir='ltr'>παραχωρῶμεν</span> <span class='ocrx_word' id='word_1_674' title='bbox 1157 4703 1345 4768; x_wconf 78' lang='grc' dir='ltr'>ἁπλῶς</span> <span class='ocrx_word' id='word_1_675' title='bbox 1395 4705 1607 4774; x_wconf 80' lang='grc' dir='ltr'>λέγοντί</span> <span class='ocrx_word' id='word_1_676' title='bbox 1660 4723 1764 4771; x_wconf 89' lang='grc' dir='ltr'>σοι,</span> 
     </span>
    </p>
   </div>
   <div class='ocr_carea' id='block_1_91' title="bbox 175 4782 979 4858">
    <p class='ocr_par' dir='ltr' id='par_1_91' title="bbox 175 4782 979 4858">
     <span class='ocr_line' id='line_1_92' title="bbox 175 4782 979 4858; baseline 0.005 -19"><span class='ocrx_word' id='word_1_677' title='bbox 175 4786 241 4842; x_wconf 75' lang='grc' dir='ltr'><strong>τὸ</strong></span> <span class='ocrx_word' id='word_1_678' title='bbox 266 4782 324 4838; x_wconf 84' lang='grc' dir='ltr'>εὖ</span> <span class='ocrx_word' id='word_1_679' title='bbox 356 4785 500 4856; x_wconf 78' lang='grc' dir='ltr'>ἔχειν</span> <span class='ocrx_word' id='word_1_680' title='bbox 539 4787 979 4858; x_wconf 81' lang='grc' dir='ltr'>ὑπειλημμένον;</span> 
     </span>
    </p>
   </div>
   <div class='ocr_carea' id='block_1_92' title="bbox 247 4961 1766 5042">
    <p class='ocr_par' dir='ltr' id='par_1_92' title="bbox 247 4961 1766 5042">
     <span class='ocr_line' id='line_1_93' title="bbox 247 4961 1766 5042; baseline 0.008 -28"><span class='ocrx_word' id='word_1_681' title='bbox 247 4964 315 5016; x_wconf 81' lang='grc' dir='ltr'><strong>Δ.</strong></span> <span class='ocrx_word' id='word_1_682' title='bbox 370 4961 800 5032; x_wconf 80' lang='grc' dir='ltr'>Ἀνεπίπληκτον</span> <span class='ocrx_word' id='word_1_683' title='bbox 836 4965 957 5034; x_wconf 77' lang='grc' dir='ltr'>μὲν,</span> <span class='ocrx_word' id='word_1_684' title='bbox 989 4963 1063 5029; x_wconf 81' lang='grc' dir='ltr'>ὥς</span> <span class='ocrx_word' id='word_1_685' title='bbox 1087 4983 1149 5034; x_wconf 81' lang='grc' dir='ltr'><strong>γε</strong></span> <span class='ocrx_word' id='word_1_686' title='bbox 1186 4962 1360 5038; x_wconf 75' lang='grc' dir='ltr'>οἶμαι,</span> <span class='ocrx_word' id='word_1_687' title='bbox 1394 4971 1501 5023; x_wconf 71' lang='grc' dir='ltr'>πᾶν</span> <span class='ocrx_word' id='word_1_688' title='bbox 1530 4971 1667 5042; x_wconf 82' lang='grc' dir='ltr'>ὅπερ</span> <span class='ocrx_word' id='word_1_689' title='bbox 1701 4973 1766 5026; x_wconf 82' lang='grc' dir='ltr'>ἂν</span> 
     </span>
    </p>
   </div>
   <div class='ocr_carea' id='block_1_93' title="bbox 176 5054 1767 5134">
    <p class='ocr_par' dir='ltr' id='par_1_93' title="bbox 176 5054 1767 5134">
     <span class='ocr_line' id='line_1_94' title="bbox 176 5054 1767 5134; baseline 0.006 -26"><span class='ocrx_word' id='word_1_690' title='bbox 176 5055 393 5122; x_wconf 80' lang='grc' dir='ltr'>λέγοιτο</span> <span class='ocrx_word' id='word_1_691' title='bbox 428 5055 567 5125; x_wconf 75' lang='grc' dir='ltr'>πρὸς</span> <span class='ocrx_word' id='word_1_692' title='bbox 613 5054 770 5124; x_wconf 80' lang='grc' dir='ltr'>ἡμῶν</span> <span class='ocrx_word' id='word_1_693' title='bbox 801 5057 979 5125; x_wconf 76' lang='grc' dir='ltr'>σοφῶς</span> <span class='ocrx_word' id='word_1_694' title='bbox 1012 5076 1071 5111; x_wconf 89' lang='grc' dir='ltr'><strong>τε</strong></span> <span class='ocrx_word' id='word_1_695' title='bbox 1103 5060 1195 5112; x_wconf 76' lang='grc' dir='ltr'><strong>καὶ</strong></span> <span class='ocrx_word' id='word_1_696' title='bbox 1229 5064 1642 5134; x_wconf 74' lang='grc' dir='ltr'>ἐπιστημόνως,</span> <span class='ocrx_word' id='word_1_697' title='bbox 1674 5066 1767 5118; x_wconf 78' lang='grc' dir='ltr'><strong>καὶ</strong></span> 
     </span>
    </p>
   </div>
   <div class='ocr_carea' id='block_1_94' title="bbox 173 5147 1761 5228">
    <p class='ocr_par' dir='ltr' id='par_1_94' title="bbox 173 5147 1761 5228">
     <span class='ocr_line' id='line_1_95' title="bbox 173 5147 1761 5228; baseline 0.006 -27"><span class='ocrx_word' id='word_1_698' title='bbox 173 5150 277 5202; x_wconf 69' lang='grc' dir='ltr'><strong>οὐκ</strong></span> <span class='ocrx_word' id='word_1_699' title='bbox 324 5147 643 5216; x_wconf 69' lang='grc' dir='ltr'>ἁπαδόντως</span> <span class='ocrx_word' id='word_1_700' title='bbox 692 5148 816 5218; x_wconf 78' lang='grc' dir='ltr'>ἕχον</span> <span class='ocrx_word' id='word_1_701' title='bbox 883 5153 1005 5214; x_wconf 75' lang='grc' dir='ltr'>ταῖς</span> <span class='ocrx_word' id='word_1_702' title='bbox 1071 5151 1449 5218; x_wconf 82' lang='grc' dir='ltr'>θεοπνεύστοις</span> <span class='ocrx_word' id='word_1_703' title='bbox 1497 5157 1761 5228; x_wconf 73' lang='grc' dir='ltr'>Γραφαῖς.</span> 
     </span>
    </p>
   </div>
   <div class='ocr_carea' id='block_1_95' title="bbox 171 5232 1760 5317">
    <p class='ocr_par' dir='ltr' id='par_1_95' title="bbox 171 5232 1760 5317">
     <span class='ocr_line' id='line_1_96' title="bbox 171 5232 1760 5317; baseline 0.009 -32"><span class='ocrx_word' id='word_1_704' title='bbox 171 5232 354 5305; x_wconf 73' lang='grc' dir='ltr'>Φράζε</span> <span class='ocrx_word' id='word_1_705' title='bbox 395 5233 450 5285; x_wconf 78' lang='grc' dir='ltr'><strong>δὲ</strong></span> <span class='ocrx_word' id='word_1_706' title='bbox 484 5234 579 5287; x_wconf 76' lang='grc' dir='ltr'><strong>καὶ</strong></span> <span class='ocrx_word' id='word_1_707' title='bbox 613 5236 776 5299; x_wconf 74' lang='grc' dir='ltr'>αὐτὸς</span> <span class='ocrx_word' id='word_1_708' title='bbox 825 5238 886 5290; x_wconf 80' lang='grc' dir='ltr'><strong>τὸ</strong></span> <span class='ocrx_word' id='word_1_709' title='bbox 919 5238 1131 5296; x_wconf 82' lang='grc' dir='ltr'>δοκοῦν.</span> <span class='ocrx_word' id='word_1_710' title='bbox 1168 5243 1414 5296; x_wconf 83' lang='grc' dir='ltr'>Ἐκτέκοι</span> <span class='ocrx_word' id='word_1_711' title='bbox 1456 5247 1566 5317; x_wconf 77' lang='grc' dir='ltr'><strong>γὰρ</strong></span> <span class='ocrx_word' id='word_1_712' title='bbox 1615 5247 1680 5300; x_wconf 82' lang='grc' dir='ltr'>ἄν</span> <span class='ocrx_word' id='word_1_713' title='bbox 1709 5265 1760 5302; x_wconf 88' lang='grc' dir='ltr'><strong>τι</strong></span> 
     </span>
    </p>
   </div>
   <div class='ocr_carea' id='block_1_96' title="bbox 182 5324 1073 5401">
    <p class='ocr_par' dir='ltr' id='par_1_96' title="bbox 182 5324 1073 5401">
     <span class='ocr_line' id='line_1_97' title="bbox 182 5324 1073 5401; baseline 0.006 -20"><span class='ocrx_word' id='word_1_714' title='bbox 182 5324 285 5381; x_wconf 56' lang='lat' dir='ltr'><strong>«Iw</strong></span> <span class='ocrx_word' id='word_1_715' title='bbox 311 5325 651 5401; x_wconf 79' lang='grc' dir='ltr'>ὀνησιφόρων</span> <span class='ocrx_word' id='word_1_716' title='bbox 681 5331 712 5400; x_wconf 84' lang='grc' dir='ltr'>ὴ</span> <span class='ocrx_word' id='word_1_717' title='bbox 739 5331 1073 5397; x_wconf 83' lang='grc' dir='ltr'>ἀντίστασις.</span> 
     </span>
    </p>
   </div>
   <div class='ocr_carea' id='block_1_97' title="bbox 247 5511 1762 5593">
    <p class='ocr_par' dir='ltr' id='par_1_97' title="bbox 247 5511 1762 5593">
     <span class='ocr_line' id='line_1_98' title="bbox 247 5511 1762 5593; baseline 0.008 -29"><span class='ocrx_word' id='word_1_718' title='bbox 247 5512 308 5564; x_wconf 77' lang='grc' dir='ltr'><strong>Β.</strong></span> <span class='ocrx_word' id='word_1_719' title='bbox 364 5511 423 5562; x_wconf 83' lang='grc' dir='ltr'><strong>Ὀ</strong></span> <span class='ocrx_word' id='word_1_720' title='bbox 457 5511 746 5576; x_wconf 77' lang='grc' dir='ltr'>θεσπέσιος</span> <span class='ocrx_word' id='word_1_721' title='bbox 789 5516 1010 5585; x_wconf 79' lang='grc' dir='ltr'>γράφει,</span> <span class='ocrx_word' id='word_1_722' title='bbox 1044 5517 1199 5585; x_wconf 72' lang='grc' dir='ltr'>φασὶ,</span> <span class='ocrx_word' id='word_1_723' title='bbox 1256 5518 1466 5583; x_wconf 80' lang='grc' dir='ltr'>Παῦλος</span> <span class='ocrx_word' id='word_1_724' title='bbox 1511 5523 1762 5593; x_wconf 72' lang='grc' dir='ltr'>περὶτοῦ</span> 
     </span>
    </p>
   </div>
   <div class='ocr_carea' id='block_1_98' title="bbox 179 5603 1760 5686">
    <p class='ocr_par' dir='ltr' id='par_1_98' title="bbox 179 5603 1760 5686">
     <span class='ocr_line' id='line_1_99' title="bbox 179 5603 1760 5686; baseline 0.007 -28"><span class='ocrx_word' id='word_1_725' title='bbox 179 5603 310 5658; x_wconf 82' lang='grc' dir='ltr'><strong>Υίοῦ</strong></span> <span class='ocrx_word' id='word_1_726' title='bbox 337 5645 350 5667; x_wconf 90' lang='grc'><strong>,</strong></span> <span class='ocrx_word' id='word_1_727' title='bbox 386 5605 478 5657; x_wconf 74' lang='grc' dir='ltr'><strong>ἅτε</strong></span> <span class='ocrx_word' id='word_1_728' title='bbox 511 5604 576 5676; x_wconf 75' lang='grc' dir='ltr'><strong>δὴ</strong></span> <span class='ocrx_word' id='word_1_729' title='bbox 625 5608 910 5673; x_wconf 83' lang='grc' dir='ltr'>γεγονότος</span> <span class='ocrx_word' id='word_1_730' title='bbox 949 5610 1193 5680; x_wconf 80' lang='grc' dir='ltr'>κατάρας</span> <span class='ocrx_word' id='word_1_731' title='bbox 1243 5628 1301 5663; x_wconf 86' lang='grc' dir='ltr'><strong>τε</strong></span> <span class='ocrx_word' id='word_1_732' title='bbox 1337 5614 1431 5665; x_wconf 75' lang='grc' dir='ltr'><strong>καὶ</strong></span> <span class='ocrx_word' id='word_1_733' title='bbox 1466 5615 1760 5686; x_wconf 82' lang='grc' dir='ltr'>ἁμαρτίας.</span> 
     </span>
    </p>
   </div>
   <div class='ocr_carea' id='block_1_99' title="bbox 176 5694 1762 5776">
    <p class='ocr_par' dir='ltr' id='par_1_99' title="bbox 176 5694 1762 5776">
     <span class='ocr_line' id='line_1_100' title="bbox 176 5694 1762 5776; baseline 0.008 -29"><span class='ocrx_word' id='word_1_734' title='bbox 176 5696 322 5764; x_wconf 76' lang='grc' dir='ltr'><strong>Ἔφη</strong></span> <span class='ocrx_word' id='word_1_735' title='bbox 367 5694 506 5766; x_wconf 82' lang='grc' dir='ltr'>γὰρ,</span> <span class='ocrx_word' id='word_1_736' title='bbox 567 5697 649 5748; x_wconf 85' lang='grc' dir='ltr'>ὃτι</span> <span class='ocrx_word' id='word_1_737' title='bbox 712 5717 728 5748; x_wconf 77' lang='grc' dir='ltr'><strong>ι</strong></span> <span class='ocrx_word' id='word_1_738' title='bbox 763 5697 866 5750; x_wconf 82' lang='grc' dir='ltr'>Τὸν</span> <span class='ocrx_word' id='word_1_739' title='bbox 915 5699 988 5769; x_wconf 80' lang='grc' dir='ltr'>μὴ</span> <span class='ocrx_word' id='word_1_740' title='bbox 1035 5699 1233 5768; x_wconf 81' lang='grc' dir='ltr'>γνόντα</span> <span class='ocrx_word' id='word_1_741' title='bbox 1286 5703 1584 5775; x_wconf 83' lang='grc' dir='ltr'>ἁμαρτίαν,</span> <span class='ocrx_word' id='word_1_742' title='bbox 1622 5706 1762 5776; x_wconf 80' lang='grc' dir='ltr'>ὑπὲρ</span> 
     </span>
    </p>
   </div>
   <div class='ocr_carea' id='block_1_100' title="bbox 178 5786 1762 5868">
    <p class='ocr_par' dir='ltr' id='par_1_100' title="bbox 178 5786 1762 5868">
     <span class='ocr_line' id='line_1_101' title="bbox 178 5786 1762 5868; baseline 0.008 -29"><span class='ocrx_word' id='word_1_743' title='bbox 178 5786 332 5859; x_wconf 70' lang='grc' dir='ltr'>ἡμῶν</span> <span class='ocrx_word' id='word_1_744' title='bbox 379 5789 654 5860; x_wconf 77' lang='grc' dir='ltr'>ἁμαρτίαν</span> <span class='ocrx_word' id='word_1_745' title='bbox 701 5790 944 5861; x_wconf 82' lang='grc' dir='ltr'>ἐποίησε.</span> <span class='ocrx_word' id='word_1_746' title='bbox 983 5811 999 5842; x_wconf 79' lang='lat' dir='ltr'><strong>i</strong></span> <span class='ocrx_word' id='word_1_747' title='bbox 1068 5791 1170 5848; x_wconf 71' lang='grc' dir='ltr'>Καὶ</span> <span class='ocrx_word' id='word_1_748' title='bbox 1219 5795 1410 5847; x_wconf 77' lang='grc' dir='ltr'>πάλιν·</span> <span class='ocrx_word' id='word_1_749' title='bbox 1466 5815 1484 5847; x_wconf 75' lang='grc' dir='ltr'><strong>ε</strong></span> <span class='ocrx_word' id='word_1_750' title='bbox 1526 5799 1762 5868; x_wconf 72' lang='grc' dir='ltr'>Χριστος</span> 
     </span>
    </p>
   </div>
   <div class='ocr_carea' id='block_1_101' title="bbox 248 5963 1285 6038">
    <p class='ocr_par' dir='ltr' id='par_1_101' title="bbox 248 5963 1285 6038">
     <span class='ocr_line' id='line_1_102' title="bbox 248 5963 1285 6038; baseline 0.009 -20"><span class='ocrx_word' id='word_1_751' title='bbox 248 5964 294 5999; x_wconf 71' lang='grc'><strong><em>⁵⁸</em></strong></span> <span class='ocrx_word' id='word_1_752' title='bbox 325 5963 556 6036; x_wconf 85' lang='lat' dir='ltr'><strong>Philipp.</strong></span> <span class='ocrx_word' id='word_1_753' title='bbox 595 5983 655 6024; x_wconf 85' lang='lat' dir='ltr'><strong>tt.</strong></span> <span class='ocrx_word' id='word_1_754' title='bbox 687 5968 805 6024; x_wconf 81' lang='lat'><strong>5-8.</strong></span> <span class='ocrx_word' id='word_1_755' title='bbox 897 5970 937 6001; x_wconf 79' lang='grc'><strong>’¹⁹</strong></span> <span class='ocrx_word' id='word_1_756' title='bbox 964 5967 1125 6026; x_wconf 86' lang='lat' dir='ltr'><strong>llebr.</strong></span> <span class='ocrx_word' id='word_1_757' title='bbox 1156 5987 1193 6038; x_wconf 87' lang='grc' dir='ltr'><strong>ι,</strong></span> <span class='ocrx_word' id='word_1_758' title='bbox 1234 5973 1285 6027; x_wconf 80' lang='grc'><strong>5.</strong></span> 
     </span>
    </p>
   </div>
   <div class='ocr_carea' id='block_1_102' title="bbox 1878 4704 3463 4787">
    <p class='ocr_par' dir='ltr' id='par_1_102' title="bbox 1878 4704 3463 4787">
     <span class='ocr_line' id='line_1_103' title="bbox 1878 4704 3463 4787; baseline 0.013 -29"><span class='ocrx_word' id='word_1_759' title='bbox 1878 4704 2361 4773; x_wconf 80' lang='lat' dir='ltr'><strong>investigationem</strong></span> <span class='ocrx_word' id='word_1_760' title='bbox 2399 4704 2749 4761; x_wconf 85' lang='lat' dir='ltr'><strong>instituamus</strong></span> <span class='ocrx_word' id='word_1_761' title='bbox 2776 4747 2790 4772; x_wconf 88' lang='lat'><strong>,</strong></span> <span class='ocrx_word' id='word_1_762' title='bbox 2819 4723 2886 4763; x_wconf 85' lang='lat' dir='ltr'><strong>an</strong></span> <span class='ocrx_word' id='word_1_763' title='bbox 2924 4713 3104 4780; x_wconf 89' lang='lat' dir='ltr'><strong>potius</strong></span> <span class='ocrx_word' id='word_1_764' title='bbox 3133 4717 3463 4787; x_wconf 86' lang='lat' dir='ltr'><strong>simpliciter</strong></span> 
     </span>
    </p>
   </div>
   <div class='ocr_carea' id='block_1_103' title="bbox 1877 4796 3466 4872">
    <p class='ocr_par' dir='ltr' id='par_1_103' title="bbox 1877 4796 3466 4872">
     <span class='ocr_line' id='line_1_104' title="bbox 1877 4796 3466 4872; baseline 0.013 -21"><span class='ocrx_word' id='word_1_765' title='bbox 1877 4796 2110 4851; x_wconf 87' lang='lat' dir='ltr'><strong>orationi</strong></span> <span class='ocrx_word' id='word_1_766' title='bbox 2153 4805 2258 4850; x_wconf 64' lang='lat' dir='ltr'><strong>tua:</strong></span> <span class='ocrx_word' id='word_1_767' title='bbox 2301 4796 2458 4852; x_wconf 84' lang='lat' dir='ltr'><strong>iidem</strong></span> <span class='ocrx_word' id='word_1_768' title='bbox 2485 4798 2829 4867; x_wconf 84' lang='lat' dir='ltr'><strong>adhibentes,</strong></span> <span class='ocrx_word' id='word_1_769' title='bbox 2859 4802 2931 4856; x_wconf 88' lang='lat' dir='ltr'><strong>ita</strong></span> <span class='ocrx_word' id='word_1_770' title='bbox 2963 4819 3087 4862; x_wconf 87' lang='lat' dir='ltr'><strong>sese</strong></span> <span class='ocrx_word' id='word_1_771' title='bbox 3117 4824 3230 4864; x_wconf 89' lang='lat' dir='ltr'><strong>rem</strong></span> <span class='ocrx_word' id='word_1_772' title='bbox 3259 4813 3466 4872; x_wconf 77' lang='lat' dir='ltr'><strong>habere</strong></span> 
     </span>
    </p>
   </div>
   <div class='ocr_carea' id='block_1_104' title="bbox 1874 4887 2213 4943">
    <p class='ocr_par' dir='ltr' id='par_1_104' title="bbox 1874 4887 2213 4943">
     <span class='ocr_line' id='line_1_105' title="bbox 1874 4887 2213 4943; baseline -0.012 0"><span class='ocrx_word' id='word_1_773' title='bbox 1874 4887 2213 4943; x_wconf 83' lang='lat' dir='ltr'><strong>statuamus?</strong></span> 
     </span>
    </p>
   </div>
   <div class='ocr_carea' id='block_1_105' title="bbox 1949 4977 3464 5060">
    <p class='ocr_par' dir='ltr' id='par_1_105' title="bbox 1949 4977 3464 5060">
     <span class='ocr_line' id='line_1_106' title="bbox 1949 4977 3464 5060; baseline 0.016 -30"><span class='ocrx_word' id='word_1_774' title='bbox 1949 4978 2014 5030; x_wconf 85' lang='lat' dir='ltr'><strong>A.</strong></span> <span class='ocrx_word' id='word_1_775' title='bbox 2049 4977 2212 5032; x_wconf 82' lang='lat' dir='ltr'><strong>Extra</strong></span> <span class='ocrx_word' id='word_1_776' title='bbox 2242 4979 2722 5047; x_wconf 87' lang='lat' dir='ltr'><strong>reprehensionem</strong></span> <span class='ocrx_word' id='word_1_777' title='bbox 2754 4998 2972 5040; x_wconf 87' lang='lat' dir='ltr'><strong>omnem</strong></span> <span class='ocrx_word' id='word_1_778' title='bbox 3002 4990 3244 5058; x_wconf 88' lang='lat' dir='ltr'><strong>positum</strong></span> <span class='ocrx_word' id='word_1_779' title='bbox 3279 5005 3382 5060; x_wconf 84' lang='lat' dir='ltr'><strong>est,</strong></span> <span class='ocrx_word' id='word_1_780' title='bbox 3407 5011 3464 5054; x_wconf 89' lang='lat' dir='ltr'><strong>ut</strong></span> 
     </span>
    </p>
   </div>
   <div class='ocr_carea' id='block_1_106' title="bbox 1875 5069 3460 5151">
    <p class='ocr_par' dir='ltr' id='par_1_106' title="bbox 1875 5069 3460 5151">
     <span class='ocr_line' id='line_1_107' title="bbox 1875 5069 3460 5151; baseline 0.015 -29"><span class='ocrx_word' id='word_1_781' title='bbox 1875 5069 2132 5132; x_wconf 82' lang='lat' dir='ltr'><strong>arbitror,</strong></span> <span class='ocrx_word' id='word_1_782' title='bbox 2162 5070 2306 5138; x_wconf 90' lang='lat' dir='ltr'><strong>quod</strong></span> <span class='ocrx_word' id='word_1_783' title='bbox 2349 5085 2378 5123; x_wconf 89' lang='lat' dir='ltr'><strong>a</strong></span> <span class='ocrx_word' id='word_1_784' title='bbox 2412 5072 2567 5124; x_wconf 91' lang='lat' dir='ltr'><strong>nobis</strong></span> <span class='ocrx_word' id='word_1_785' title='bbox 2619 5074 2757 5130; x_wconf 87' lang='lat' dir='ltr'><strong>scite</strong></span> <span class='ocrx_word' id='word_1_786' title='bbox 2807 5077 3196 5151; x_wconf 87' lang='lat' dir='ltr'><strong>sapienterque</strong></span> <span class='ocrx_word' id='word_1_787' title='bbox 3253 5087 3460 5147; x_wconf 89' lang='lat' dir='ltr'><strong>dictum</strong></span> 
     </span>
    </p>
   </div>
   <div class='ocr_carea' id='block_1_107' title="bbox 1874 5164 3460 5242">
    <p class='ocr_par' dir='ltr' id='par_1_107' title="bbox 1874 5164 3460 5242">
     <span class='ocr_line' id='line_1_108' title="bbox 1874 5164 3460 5242; baseline 0.014 -26"><span class='ocrx_word' id='word_1_788' title='bbox 1874 5172 1981 5227; x_wconf 88' lang='lat' dir='ltr'><strong>est,</strong></span> <span class='ocrx_word' id='word_1_789' title='bbox 2009 5177 2181 5231; x_wconf 87' lang='lat' dir='ltr'><strong>neque</strong></span> <span class='ocrx_word' id='word_1_790' title='bbox 2222 5178 2328 5216; x_wconf 89' lang='lat' dir='ltr'><strong>una</strong></span> <span class='ocrx_word' id='word_1_791' title='bbox 2363 5164 2578 5219; x_wconf 87' lang='lat' dir='ltr'><strong>ratione</strong></span> <span class='ocrx_word' id='word_1_792' title='bbox 2611 5181 2638 5218; x_wconf 90' lang='lat' dir='ltr'><strong>a</strong></span> <span class='ocrx_word' id='word_1_793' title='bbox 2687 5169 2860 5223; x_wconf 89' lang='lat' dir='ltr'><strong>sacris</strong></span> <span class='ocrx_word' id='word_1_794' title='bbox 2892 5169 3192 5242; x_wconf 86' lang='lat' dir='ltr'><strong>Scripturis</strong></span> <span class='ocrx_word' id='word_1_795' title='bbox 3241 5180 3460 5237; x_wconf 82' lang='lat' dir='ltr'><strong>dissen-</strong></span> 
     </span>
    </p>
   </div>
   <div class='ocr_carea' id='block_1_108' title="bbox 1873 5253 3461 5330">
    <p class='ocr_par' dir='ltr' id='par_1_108' title="bbox 1873 5253 3461 5330">
     <span class='ocr_line' id='line_1_109' title="bbox 1873 5253 3461 5330; baseline 0.014 -24"><span class='ocrx_word' id='word_1_796' title='bbox 1873 5253 1956 5307; x_wconf 91' lang='lat' dir='ltr'><strong>tit.</strong></span> <span class='ocrx_word' id='word_1_797' title='bbox 1992 5253 2083 5306; x_wconf 87' lang='lat' dir='ltr'><strong>Dic</strong></span> <span class='ocrx_word' id='word_1_798' title='bbox 2134 5268 2262 5307; x_wconf 82' lang='lat' dir='ltr'><strong>vero</strong></span> <span class='ocrx_word' id='word_1_799' title='bbox 2306 5255 2472 5308; x_wconf 89' lang='lat' dir='ltr'><strong>etiam</strong></span> <span class='ocrx_word' id='word_1_800' title='bbox 2515 5265 2568 5309; x_wconf 90' lang='lat' dir='ltr'><strong>tu</strong></span> <span class='ocrx_word' id='word_1_801' title='bbox 2611 5259 2753 5327; x_wconf 81' lang='lat' dir='ltr'><strong>quod</strong></span> <span class='ocrx_word' id='word_1_802' title='bbox 2812 5261 2908 5314; x_wconf 90' lang='lat' dir='ltr'><strong>tibi</strong></span> <span class='ocrx_word' id='word_1_803' title='bbox 2953 5264 3168 5320; x_wconf 85' lang='lat' dir='ltr'><strong>videtur</strong></span> <span class='ocrx_word' id='word_1_804' title='bbox 3211 5285 3224 5321; x_wconf 93' lang='lat'>:</span> <span class='ocrx_word' id='word_1_805' title='bbox 3268 5271 3461 5330; x_wconf 68' lang='lat' dir='ltr'><strong>aﬂ‘eret</strong></span> 
     </span>
    </p>
   </div>
   <div class='ocr_carea' id='block_1_109' title="bbox 1871 5345 3462 5437">
    <p class='ocr_par' dir='ltr' id='par_1_109' title="bbox 1871 5345 3462 5437">
     <span class='ocr_line' id='line_1_110' title="bbox 1871 5345 3462 5437; baseline 0.012 -38"><span class='ocrx_word' id='word_1_806' title='bbox 1871 5345 2014 5399; x_wconf 89' lang='lat' dir='ltr'><strong>enim</strong></span> <span class='ocrx_word' id='word_1_807' title='bbox 2054 5347 2302 5400; x_wconf 92' lang='lat' dir='ltr'><strong>nonnihil</strong></span> <span class='ocrx_word' id='word_1_808' title='bbox 2338 5347 2586 5405; x_wconf 82' lang='lat' dir='ltr'><strong>utilitatis</strong></span> <span class='ocrx_word' id='word_1_809' title='bbox 2617 5355 2908 5411; x_wconf 73' lang='lat' dir='ltr'><strong>contraria:</strong></span> <span class='ocrx_word' id='word_1_810' title='bbox 2941 5363 3229 5418; x_wconf 75' lang='lat' dir='ltr'><strong>sententia:</strong></span> <span class='ocrx_word' id='word_1_811' title='bbox 3289 5384 3462 5437; x_wconf 77' lang='lat' dir='ltr'><strong>Oppo-</strong></span> 
     </span>
    </p>
   </div>
   <div class='ocr_carea' id='block_1_110' title="bbox 1865 5437 2010 5490">
    <p class='ocr_par' dir='ltr' id='par_1_110' title="bbox 1865 5437 2010 5490">
     <span class='ocr_line' id='line_1_111' title="bbox 1865 5437 2010 5490; baseline 0 0"><span class='ocrx_word' id='word_1_812' title='bbox 1865 5437 2010 5490; x_wconf 86' lang='lat' dir='ltr'><strong>sitio.</strong></span> 
     </span>
    </p>
   </div>
   <div class='ocr_carea' id='block_1_111' title="bbox 1939 5531 3457 5614">
    <p class='ocr_par' dir='ltr' id='par_1_111' title="bbox 1939 5531 3457 5614">
     <span class='ocr_line' id='line_1_112' title="bbox 1939 5531 3457 5614; baseline 0.018 -30"><span class='ocrx_word' id='word_1_813' title='bbox 1939 5531 1999 5585; x_wconf 86' lang='lat' dir='ltr'><strong>B.</strong></span> <span class='ocrx_word' id='word_1_814' title='bbox 2036 5531 2260 5588; x_wconf 86' lang='lat' dir='ltr'><strong>Divinus</strong></span> <span class='ocrx_word' id='word_1_815' title='bbox 2282 5535 2499 5599; x_wconf 82' lang='lat' dir='ltr'><strong>Paulus,</strong></span> <span class='ocrx_word' id='word_1_816' title='bbox 2553 5541 2728 5606; x_wconf 85' lang='lat' dir='ltr'><strong>aiunt,</strong></span> <span class='ocrx_word' id='word_1_817' title='bbox 2791 5543 2984 5599; x_wconf 86' lang='lat' dir='ltr'><strong>scribit</strong></span> <span class='ocrx_word' id='word_1_818' title='bbox 3019 5548 3085 5601; x_wconf 90' lang='lat' dir='ltr'><strong>de</strong></span> <span class='ocrx_word' id='word_1_819' title='bbox 3125 5548 3287 5614; x_wconf 83' lang='lat' dir='ltr'><strong>Filio,</strong></span> <span class='ocrx_word' id='word_1_820' title='bbox 3349 5563 3457 5610; x_wconf 86' lang='lat' dir='ltr'><strong>tan-</strong></span> 
     </span>
    </p>
   </div>
   <div class='ocr_carea' id='block_1_112' title="bbox 1867 5624 3458 5708">
    <p class='ocr_par' dir='ltr' id='par_1_112' title="bbox 1867 5624 3458 5708">
     <span class='ocr_line' id='line_1_113' title="bbox 1867 5624 3458 5708; baseline 0.017 -35"><span class='ocrx_word' id='word_1_821' title='bbox 1867 5637 2031 5690; x_wconf 87' lang='lat' dir='ltr'><strong>quam</strong></span> <span class='ocrx_word' id='word_1_822' title='bbox 2087 5624 2175 5691; x_wconf 91' lang='lat' dir='ltr'><strong>qni</strong></span> <span class='ocrx_word' id='word_1_823' title='bbox 2214 5625 2388 5680; x_wconf 79' lang='lat' dir='ltr'><strong>factus</strong></span> <span class='ocrx_word' id='word_1_824' title='bbox 2415 5628 2488 5682; x_wconf 88' lang='lat' dir='ltr'><strong>sit</strong></span> <span class='ocrx_word' id='word_1_825' title='bbox 2549 5631 2858 5688; x_wconf 84' lang='lat' dir='ltr'><strong>maledictio</strong></span> <span class='ocrx_word' id='word_1_826' title='bbox 2887 5648 2940 5690; x_wconf 89' lang='lat' dir='ltr'><strong>et</strong></span> <span class='ocrx_word' id='word_1_827' title='bbox 2998 5651 3303 5708; x_wconf 84' lang='lat' dir='ltr'><strong>peccatum.</strong></span> <span class='ocrx_word' id='word_1_828' title='bbox 3372 5645 3458 5700; x_wconf 84' lang='lat' dir='ltr'><strong>lu-</strong></span> 
     </span>
    </p>
   </div>
   <div class='ocr_carea' id='block_1_113' title="bbox 1867 5716 3460 5809">
    <p class='ocr_par' dir='ltr' id='par_1_113' title="bbox 1867 5716 3460 5809">
     <span class='ocr_line' id='line_1_114' title="bbox 1867 5716 3460 5809; baseline 0.018 -44"><span class='ocrx_word' id='word_1_829' title='bbox 1867 5716 1985 5784; x_wconf 75' lang='lat' dir='ltr'><strong>quit-</strong></span> <span class='ocrx_word' id='word_1_830' title='bbox 2013 5718 2343 5788; x_wconf 86' lang='lat' dir='ltr'><strong>enim,quod</strong></span> <span class='ocrx_word' id='word_1_831' title='bbox 2383 5739 2400 5770; x_wconf 88' lang='grc'><strong><em>‹</em></strong></span> <span class='ocrx_word' id='word_1_832' title='bbox 2440 5721 2570 5775; x_wconf 84' lang='lat' dir='ltr'><strong>Eunt</strong></span> <span class='ocrx_word' id='word_1_833' title='bbox 2601 5727 2691 5794; x_wconf 89' lang='lat' dir='ltr'><strong>qui</strong></span> <span class='ocrx_word' id='word_1_834' title='bbox 2723 5742 2828 5782; x_wconf 91' lang='lat' dir='ltr'><strong>non</strong></span> <span class='ocrx_word' id='word_1_835' title='bbox 2855 5731 3003 5785; x_wconf 91' lang='lat' dir='ltr'><strong>novit</strong></span> <span class='ocrx_word' id='word_1_836' title='bbox 3030 5746 3335 5802; x_wconf 86' lang='lat' dir='ltr'><strong>peccatum,</strong></span> <span class='ocrx_word' id='word_1_837' title='bbox 3361 5754 3460 5809; x_wconf 79' lang='lat' dir='ltr'><strong>pro</strong></span> 
     </span>
    </p>
   </div>
   <div class='ocr_carea' id='block_1_114' title="bbox 1869 5809 3467 5888">
    <p class='ocr_par' dir='ltr' id='par_1_114' title="bbox 1869 5809 3467 5888">
     <span class='ocr_line' id='line_1_115' title="bbox 1869 5809 3467 5888; baseline 0.016 -26"><span class='ocrx_word' id='word_1_838' title='bbox 1869 5809 2025 5865; x_wconf 89' lang='lat' dir='ltr'><strong>nobis</strong></span> <span class='ocrx_word' id='word_1_839' title='bbox 2062 5822 2346 5881; x_wconf 85' lang='lat' dir='ltr'><strong>peccatum</strong></span> <span class='ocrx_word' id='word_1_840' title='bbox 2404 5813 2531 5871; x_wconf 77' lang='lat' dir='ltr'><strong>fecit</strong></span> <span class='ocrx_word' id='word_1_841' title='bbox 2565 5818 2630 5873; x_wconf 73' lang='grc'><strong>⁸⁸.</strong></span> <span class='ocrx_word' id='word_1_842' title='bbox 2679 5839 2694 5870; x_wconf 78' lang='lat' dir='ltr'><strong>i</strong></span> <span class='ocrx_word' id='word_1_843' title='bbox 2737 5820 2798 5876; x_wconf 70' lang='lat' dir='ltr'><strong>lit</strong></span> <span class='ocrx_word' id='word_1_844' title='bbox 2851 5839 3084 5881; x_wconf 86' lang='lat' dir='ltr'><strong>rursus:</strong></span> <span class='ocrx_word' id='word_1_845' title='bbox 3134 5845 3155 5878; x_wconf 75' lang='grc' dir='ltr'><strong>ο</strong></span> <span class='ocrx_word' id='word_1_846' title='bbox 3207 5828 3467 5888; x_wconf 70' lang='lat' dir='ltr'><strong>Christus</strong></span> 
     </span>
    </p>
   </div>
   <div class='ocr_carea' id='block_1_115' title="bbox 1365 5973 1873 6043">
    <p class='ocr_par' dir='ltr' id='par_1_115' title="bbox 1365 5973 1873 6043">
     <span class='ocr_line' id='line_1_116' title="bbox 1365 5973 1873 6043; baseline 0.014 -17"><span class='ocrx_word' id='word_1_847' title='bbox 1365 5975 1410 6004; x_wconf 83' lang='lat'><em>&quot;</em></span> <span class='ocrx_word' id='word_1_848' title='bbox 1448 5974 1485 6027; x_wconf 92' lang='lat' dir='ltr'><strong>ll</strong></span> <span class='ocrx_word' id='word_1_849' title='bbox 1517 5973 1643 6030; x_wconf 88' lang='lat' dir='ltr'><strong>Cor.</strong></span> <span class='ocrx_word' id='word_1_850' title='bbox 1693 5991 1742 6043; x_wconf 80' lang='grc' dir='ltr'><strong>ν,</strong></span> <span class='ocrx_word' id='word_1_851' title='bbox 1780 5976 1873 6033; x_wconf 62' lang='lat' dir='ltr'><strong>Si.</strong></span> 
     </span>
    </p>
   </div>
  </div>
