3988 6462
168 440 331 494 12(ἱὸ

258 556 320 610 li.
381 559 486 611 Ὠδ⁴ι
518 561 609 612 καὶ
644 561 798 613 αὐτοί
831 578 1013 630 φασιν.

255 652 327 703 Α.
371 652 578 704 Οὐκοῦν
615 653 774 723 εἴπερ
801 653 947 706 ἐστὶν
977 652 1208 724 ἀληθὲς,
1242 655 1382 708 κατά
1412 672 1474 726 γε
1502 656 1562 708 τὸ
1588 657 1771 722 αὐτοῖς

162 736 238 794 εὖ
302 740 447 811 ἔχειν
493 741 930 812 ὑπειλημμένον,
981 744 1062 796 ὃτι
1118 743 1342 811 γέγονεν
1387 745 1530 799 οὕτω
1566 746 1704 818 σὰρξ
1743 750 1772 802 6

171 831 382 900 Λόγος,
416 831 558 885 καθά
589 835 683 886 καὶ
725 835 943 905 κατάρα
967 835 1060 886 καὶ
1089 835 1353 906 ἁμαρτία,
1385 838 1472 890 ἐπ’
1499 839 1774 910 ἀναιρέσει

174 923 419 992 σαρκὸς,
449 918 568 975 εἶτα
598 924 716 987 πῶς
741 924 1016 996 ἀφθαρτόν
1043 942 1102 977 τε
1133 929 1227 978 καὶ
1257 926 1562 999 ἀνώλεθρον
1603 930 1774 1001 αὐτὴν

175 1014 521 1080 ἀποφαίνει,
551 1015 627 1079 ὡς
677 1016 736 1069 ἕν
777 1033 839 1085 γε
890 1018 1081 1090 πρώτῃ
1132 1020 1487 1090 κατορθώσας
1516 1021 1677 1075 τοῦτο
1709 1024 1774 1093 τῇ

182 1104 303 1168 ἰδία
335 1106 530 1176 σαρκί;
564 1107 624 1160 οὑ
678 1108 786 1178 γάρ
818 1124 899 1160 τοι
949 1107 1151 1180 θνητὴν
1195 1110 1487 1180 ἀπομείναι
1532 1111 1627 1164 καὶ
1671 1113 1778 1165 ὑπὸ

179 1198 401 1266 φθορὰν
429 1199 640 1269 ἀφῆκεν
669 1199 838 1270 αὐτὴν
881 1201 1368 1272 (παραπέμποντος
1400 1205 1479 1267 είς
1505 1205 1651 1274 ἡμᾶς
1681 1202 1776 1256 τοῦ

195 1291 380 1360 Ἀδὰμ
414 1293 511 1363 τὴν
543 1295 635 1346 ἐπὶ
675 1297 739 1363 τῇ
789 1295 1098 1364 παραϐάσει
1147 1295 1363 1365 δίκην),
1391 1295 1468 1358 ὡς
1502 1296 1683 1366 σάρκα
1721 1297 1778 1350 δὲ

182 1383 395 1453 μᾶλλον
447 1386 723 1456 ἀφθάρτου
775 1387 945 1453 Θεοῦ,
999 1388 1308 1453 τουτέστιν,
1369 1388 1544 1454 ίδίαν,
1609 1390 1778 1459 ἤγουν

181 1477 388 1530 ἑαυτοῦ
415 1477 508 1530 καὶ
534 1477 765 1531 Θανάτου
795 1481 885 1532 καὶ
910 1481 1116 1550 φθορᾶς
1147 1480 1406 1535 ἐπέκεινα
1437 1481 1547 1544 θείς
1573 1497 1587 1545 ;

263 1657 322 1710 Β.
369 1653 440 1709 Εὖ
481 1657 637 1726 ἔφης.

261 1752 325 1801 Α.
372 1748 515 1819 Ἔφη
561 1749 619 1802 δέ
671 1767 770 1802 που
820 1751 879 1804 τι
925 1751 1165 1823 Γράμμα
1215 1754 1276 1807 τὸ
1324 1755 1490 1826 ἱερὸν,
1537 1755 1626 1808 τὸν
1681 1757 1778 1826 μὲν

189 1840 408 1911 πρῶτον
453 1839 742 1911 ἄνθρωπον
767 1880 780 1905 ,
817 1842 1093 1897 τουτέστιν
1130 1845 1301 1916 Ἀδὰμ
1321 1888 1334 1906 ,
1369 1848 1449 1910 είς
1481 1846 1660 1917 ψυχὴν
1691 1865 1781 1915 γε-

1329 442 1517 510 QUOD
1557 441 1745 501 UNL‘S
1787 444 1894 503 SIT
1931 445 2300 504 CHRISTUS.

1802 570 1848 626 Α
1948 567 2006 621 Β.
2039 567 2114 620 lta
2147 567 2311 620 etiam
2349 565 2451 634 ipsi
2479 567 2688 620 dicunt.

3336 443 3472 499 1266

1947 657 2011 711 Α.
2042 658 2308 724 Quocirca
2342 655 2386 709 si
2425 670 2510 709 res
2551 655 2622 707 ita
2657 669 2717 709 se
2748 653 2928 716 habet,
2992 662 3148 722 prout
3183 653 3314 723 ipsis
3359 653 3476 721 pla-

1877 759 1983 809 cet,
2004 749 2145 816 quod
2174 746 2406 801 Verbum
2435 747 2621 799 eadem
2653 745 2863 799 ratione
2880 744 2953 799 sit
2983 742 3184 798 factum
3211 759 3341 798 caro
3367 760 3472 812 qua

1877 838 2183 905 maledictio
2214 847 2270 892 et
2297 845 2605 906 peccatum,
2635 837 2701 890 ad
2731 834 3093 890 sublationem
3114 836 3316 901 carnis,
3341 850 3475 905 quo-

1879 930 2038 983 modo
2073 927 2540 998 incorruptibilem
2575 936 2740 996 atque
2769 925 3022 981 interitus
3076 934 3355 994 expertem
3409 927 3473 980 il-

1878 1019 1986 1073 lam
2015 1018 2212 1083 ell‘ecit,
2245 1020 2444 1088 quippe
2475 1019 2564 1086 qui
2598 1020 2649 1071 in
2690 1019 2867 1086 prima
2895 1018 3114 1086 propria
3165 1033 3263 1072 sua
3304 1033 3476 1073 carne

1880 1108 1982 1162 hoc
2017 1109 2368 1176 prmstiterit?
2393 1107 2578 1178 Neque
2601 1110 2748 1162 enim
2773 1107 3058 1163 mortalem
3092 1108 3240 1162 illam
3275 1123 3472 1164 corru-

1881 1199 2160 1267 ptioniqne
2206 1200 2499 1253 obnoxiam
2583 1213 2805 1254 manere
2857 1199 3101 1268 permisit
3158 1198 3480 1268 (transmit-

1881 1296 2028 1341 tente
2057 1288 2108 1341 in
2144 1302 2241 1343 nos
2304 1287 2512 1342 Adamo
2551 1287 3005 1354 transgressionis
3059 1287 3340 1359 pinnam):
3384 1291 3480 1343 sed

1882 1379 2063 1448 potius
2089 1388 2343 1448 tanquam
2379 1393 2602 1434 carnem
2632 1379 3062 1448 incorruptibilis
3103 1379 3219 1446 Dei,
3241 1381 3340 1435 hoc
3370 1389 3476 1444 est,

1882 1471 2178 1539 propriam,
2221 1469 2336 1525 sive
2373 1487 2526 1526 suam
2580 1484 2756 1527 morte
2810 1473 3271 1541 corruptioneque
3319 1487 3480 1542 supe-

1885 1561 2082 1613 riorem
2115 1560 2289 1616 effecit
2302 1601 2314 1614 .

1958 1652 2015 1704 Β.
2053 1650 2217 1706 Recte
2238 1656 2338 1708 ais.

1958 1747 2022 1798 Α.
2067 1746 2228 1816 Atqui
2293 1763 2449 1803 saera
2497 1747 2779 1818 Scriptura
2811 1748 3006 1802 alicubi
3049 1749 3202 1815 dieit,
3234 1749 3470 1818 primum

1885 1835 2182 1900 hominem,
2208 1839 2310 1893 hoc
2335 1839 2749 1903 est,Adarnum,
2777 1839 2975 1894 factum
3005 1854 3129 1895 esse
3159 1839 3211 1893 in
3242 1841 3479 1893 animam

185 1907 379 1982 νέσθαι
433 1907 637 1997 ζῶσαν,
681 1933 774 1986 τὸν
820 1933 878 1986 δὲ
922 1933 1172 2006 ὕστερον.
1229 1907 1372 2007 φημὶ
1417 1907 1672 2008 Χριστδν,
1703 1907 1780 2001 είς

1894 1929 2158 1982 viventem
2191 1947 2205 1996 ;
2240 1929 2470 1985 alterum
2514 1947 2644 1986 vero
2676 1931 3062 2000 posteriorem,
3095 1930 3372 1986 Christum
3398 1930 3482 1983 iu-

187 2024 414 2093 πνεῦμα
466 2019 908 2096 ζωοποιόν.⁷Αρ’
962 2023 1076 2091 οὖν,
1120 2026 1310 2098 ὥσπερ
1365 2029 1451 2082 ἐπ’
1502 2029 1782 2100 ἀναιρέσει

188 2115 439 2186 κατάρας
474 2118 567 2169 καὶ
595 2117 870 2186 ἁμαρτίας
889 2157 902 2180 ,
925 2117 1117 2186 γέγονε
1153 2119 1369 2192 κατάρα
1397 2122 1489 2174 καὶ
1515 2123 1782 2191 ἁμαρτία,

182 2205 368 2268 οὕτως
419 2209 505 2260 ἐπ’
553 2209 835 2279 ἀνατροπῇ
882 2209 976 2261 τοῦ
1024 2206 1163 2262 εἶναι
1217 2211 1297 2274 είς
1341 2212 1521 2283 ψυχὴν
1575 2213 1777 2276 ζῶσαν.

184 2299 445 2366 γενέσθαι
494 2299 677 2371 φαμὲν
730 2300 894 2354 αὑτὸν
945 2304 1026 2364 είς
1081 2301 1298 2373 πνεῦμα
1347 2303 1630 2368 ζωοποιόν.
1673 2306 1783 2377 Τὴν

189 2391 296 2460 γάρ
341 2408 421 2442 τοι
451 2389 543 2443 τοῦ
590 2390 842 2458 γενέσθαι
887 2391 1116 2462 δύναμιν
1147 2395 1226 2455 είς
1257 2393 1318 2446 τὸ
1363 2394 1576 2464 ἀπηχὲς
1620 2413 1779 2467 περι-

185 2481 504 2550 τρέποντες,
530 2482 673 2535 οὕτω
700 2483 978 2552 γενέσθαι
1017 2485 1193 2554 σάρκα
1219 2487 1383 2554 φασὶν
1412 2488 1594 2551 αὑτὸν,
1636 2488 1782 2540 καθά

185 2575 284 2624 καὶ
312 2575 450 2643 ἀράν
482 2591 538 2625 τε
574 2575 667 2626 καὶ
700 2575 996 2645 ἁμαρτίαν.
1040 2578 1378 2647 ’Λναιρετέον
1409 2575 1501 2632 οὖν
1533 2581 1641 2650 ἀρα
1685 2580 1778 2633 τοῦ

187 2664 367 2730 Λόγου
394 2665 493 2734 τὴν
523 2666 822 2736 σάρκωσιν,
853 2668 1020 2738 ἤγουν
1049 2669 1480 2740 ὲνανθρώπησινσ
1507 2665 1568 2724 οὗ
1598 2690 1780 2743 παρα-

184 2756 473 2825 δεχθέντος
505 2759 582 2818 είς
618 2757 900 2829 ἀλήθειαν,
937 2760 1144 2830 οἴχεται
1179 2762 1278 2829 μὲν
1307 2763 1450 2825 ἄπας
1479 2765 1609 2832 ἡμῖν
1635 2767 1662 2817 6
1687 2766 1778 2818 τοῦ

190 2851 499 2918 μυστηρίου
549 2851 743 2917 λόγος’
791 2851 916 2904 οὔτε
962 2853 1018 2905 δὲ
1065 2854 1328 2924 ἐγεννήθη
1361 2857 1623 2927 Χριστος,
1655 2857 1780 2910 οὔτε

188 2941 483 3004 ἀπέθανεν,
533 2943 658 2995 οὔτε
689 2945 1008 3016 ἐγήγερται,
1069 2947 1209 2999 κατά
1242 2947 1340 3010 τὰς
1385 2949 1625 3018 Γρατάς.
1671 2949 1779 3003 1ιοῦ

190 3035 545 3106 τοιγαροῦνή
585 3037 786 3101 πίστις,
841 3040 957 3108 ἤτοι
1007 3040 1066 3091 τὸ
1108 3041 1256 3109 (Σῆμα
1302 3044 1400 3110 τῆς
1442 3041 1712 3104 πίστεως,
1753 3042 1781 3093 ὅ

191 3125 584 3196 κηρύσσομεν;
640 3127 765 3191 Πῶς
812 3130 918 3199 γάρ
966 3131 1187 3200 ἤγειρεν
1235 3133 1396 3184 αὑτὸν
1444 3135 1471 3184 6
1530 3133 1663 3196 Θεὸς
1717 3135 1780 3184 ὲκ

1888 2037 2073 2092 quam,
2102 2019 2308 2076 factum
2344 2037 2467 2078 esse
2497 2025 2549 2077 in
2573 2025 2824 2094 Spiritum
2852 2025 3239 2078 viviﬁcantem.
3270 2023 3470 2079 Proin-

1887 2113 1974 2177 de,
2005 2113 2460 2190 quemadmodum
2484 2114 2550 2167 ad
2595 2114 2887 2169 tollendam
2940 2114 3371 2169 maledictlonem
3429 2124 3483 2168 ct

1885 2214 2194 2274 peccatum,
2230 2205 2409 2262 factus
2443 2216 2528 2262 est
2573 2209 2881 2263 maledictio
2912 2219 2966 2263 et
3023 2218 3305 2279 peccatum
3340 2224 3354 2261 :
3409 2209 3480 2262 ita

1885 2298 1952 2351 ad
1980 2299 2389 2353 subversionem
2441 2300 2737 2354 exsistendi
2784 2301 2835 2353 in
2898 2301 3136 2355 animam
3186 2301 3480 2364 viventem,

1885 2390 2088 2445 factum
2124 2392 2298 2461 ipsum
2318 2407 2437 2447 esse
2471 2393 2700 2446 dicimus
2731 2393 2782 2446 in
2803 2393 3052 2461 spiritum
3087 2394 3476 2448 viviﬁcantem.

1884 2483 2218 2538 Facultatem
2250 2485 2396 2539 enim
2430 2500 2493 2539 ac
2525 2489 2629 2538 vim
2661 2485 2831 2549 verbi,
2874 2486 3072 2556 factum
3129 2503 3259 2551 esse,
3289 2488 3357 2540 ad
3383 2488 3480 2540 ab-

1883 2575 2108 2629 surdum
2136 2583 2540 2640 convertenles,
2565 2579 2634 2630 ita
2668 2583 2843 2647 ipsum
2864 2593 3082 2632 carnem
3127 2580 3324 2632 factum
3361 2594 3484 2632 esse

1883 2668 2057 2729 aiunt,
2087 2669 2228 2721 sicut
2259 2679 2314 2722 et
2365 2671 2804 2722 exsecrationem
2868 2680 2921 2724 et
2984 2681 3290 2737 peccatum.
3354 2667 3478 2722 Tol-

1886 2758 2041 2810 lenda
2071 2759 2252 2826 itaque
2283 2761 2387 2813 erit
2413 2759 2572 2814 Verbi
2611 2760 2939 2826 incarnatio,
2999 2761 3112 2814 sive
3142 2763 3479 2815 bumanatio.

1883 2849 2035 2914 Quod
2075 2851 2118 2903 si
2153 2859 2210 2903 ut
2246 2867 2432 2904 verum
2475 2853 2820 2915 admittatur,
2854 2854 3104 2906 universa
3171 2852 3328 2906 nobis
3363 2867 3481 2922 my-

1882 2941 2031 2994 sterii
2071 2941 2209 2993 ratio
2245 2953 2483 2996 corruet.
2526 2943 2707 3013 Neque
2740 2955 2898 2997 natus
2934 2953 3020 2996 est
3059 2943 3332 3005 Christus,
3381 2959 3476 2998 ne-

1885 3048 1989 3099 qnc
2014 3042 2257 3085 mortuus
2292 3040 2397 3098 est,
2418 3048 2591 3099 neque
2623 3035 2940 3099 resurrexit,
2984 3036 3284 3088 secundum
3337 3034 3487 3088 Scri-

1885 3132 2091 3190 pturas.
2123 3119 2382 3186 Qumnam
2416 3123 2575 3190 igitur
2601 3126 2704 3179 erit
2734 3125 2865 3179 fides
2890 3137 3098 3184 nostra,
3125 3125 3241 3180 sive
3261 3127 3482 3180 verbum

191 3219 429 3289 νεκρῶν,
455 3223 501 3273 εξ
532 3223 605 3292 μὴ
634 3225 728 3275 καὶ
755 3225 1023 3288 ἀπέθανε;
1051 3225 1166 3288 πῶς
1196 3226 1240 3277 δ’
1275 3226 1340 3278 ἂν
1369 3228 1460 3278 καὶ
1484 3227 1776 3293 ἀπέθανεν,

1894 3213 2012 3262 lidei
2042 3212 2184 3278 quod
2219 3211 2618 3279 praedicamus?
2676 3215 2956 3278 Quomodo
3010 3215 3155 3267 enim
3207 3215 3488 3270 suscitavit

192 3314 242 3364 εἰ
290 3313 363 3382 μὴ
399 3313 722 3382 γεγέννηται
763 3316 906 3368 κατά
939 3317 1149 3386 σάρκας
1199 3317 1299 3369 ποῦ
1346 3317 1402 3368 δὲ
1455 3320 1548 3370 καὶ
1595 3321 1625 3386 ἡ
1673 3321 1781 3374 τῶν

194 3405 408 3474 νεκρςῖΝ
462 3407 793 3472 ἀναϐίωσις,
836 3409 1024 3463 ἐλπίδα
1068 3413 1179 3472 τοῖς
1231 3412 1404 3478 ἁγίοις
1456 3413 1782 3482 εἰσφέρουσα

191 3504 296 3570 τῆς
342 3503 702 3572 ἀτελευτήτου
750 3504 893 3573 ζωῆς
920 3545 932 3567 ,
987 3506 1034 3556 εί
1073 3507 1145 3575 μὴ
1189 3508 1480 3575 ἐγήγερται
1517 3509 1780 3578 Χριστός;

194 3593 304 3645 ποῦ
344 3595 398 3646 δὲ
431 3597 524 3647 καὶ
557 3598 587 3664 ή
620 3597 727 3650 τῶν
755 3599 1113 3667 ἀνθρωπίνων
1143 3599 1408 3668 σωμάτων
1435 3599 1780 3670 ζωοποξησις,

195 3688 229 3754 ἠ
269 3686 407 3739 κατὰ
443 3688 658 3754 μέθεξιν
689 3691 988 3761 τελουμένη
1033 3691 1130 3759 τῆς
1164 3693 1327 3758 ἁγίας
1362 3692 1526 3744 αὑτοῦ
1581 3694 1784 3763 σαρκος

196 3778 292 3830 καὶ
324 3779 561 3849 αἵματος
586 3799 599 3846 ;

276 4044 333 4095 Β.
376 4044 559 4112 Σάρκα
590 4043 652 4112 δὴ
683 4039 776 4096 οὖν
813 4062 992 4114 φαμεν
1023 4046 1274 4113 γενέσθαι
1303 4048 1392 4098 τὸν
1429 4050 1622 4116 Λόγον,
1643 4054 1785 4103 κατά

197 4152 261 4202 γε
296 4134 394 4203 τὴν
445 4135 509 4186 ἐκ
551 4137 806 4200 γυναικὸς
853 4139 992 4189 κατᾶ
1045 4138 1223 4208 σάρκα
1283 4140 1556 4210 γέννησιν,
1614 4145 1679 4210 ἢν
1732 4147 1786 4195 ἐν

199 4229 450 4296 ἐσχάτοις
500 4230 595 4280 τοῦ
652 4230 847 4292 αἰῶνος
909 4235 1120 4298 καιροῖς
1181 4233 1471 4301 ὑπομεῖναι
1531 4235 1783 4301 λέγεται·

201 4325 377 4376 καίτοι
408 4323 510 4393 πρὸ
543 4325 739 4386 παντὸς
767 4323 861 4376 τοῦ
903 4325 1095 4392 αίὼνος
1130 4327 1390 4395 ὑπάρχων
1421 4329 1494 4390 ὡς
1525 4330 1676 4391 θεός,

275 4500 335 4548 Δ.
385 4498 528 4549 Πάνυ
561 4498 658 4566 μὲν
690 4494 800 4550 οὖν.
838 4500 993 4550 Οὕτω
1025 4501 1131 4569 γὰρ
1161 4503 1381 4567 γέγονεν
1428 4505 1483 4554 ἐν
1529 4506 1786 4573 ὁμοιώσει

1886 3319 2008 3356 eum
2045 3303 2182 3356 Deus
2214 3319 2242 3356 e
2276 3307 2527 3364 mortuis,
2563 3307 2662 3357 nisi
2695 3316 2748 3356 et
2782 3315 3026 3358 mortuus
3051 3305 3174 3358 est?
3232 3314 3323 3358 aut
3353 3320 3489 3374 quo-

1887 3397 2046 3449 modo
2078 3396 2242 3448 etiam
2270 3408 2519 3451 mortuus
2554 3409 2656 3458 est,
2687 3389 2794 3450 idsi
2836 3411 2992 3452 natus
3043 3410 3130 3454 est
3183 3399 3480 3452 secundum

1887 3489 2150 3541 carnem?
2182 3498 2274 3542 aut
2317 3505 2565 3559 quaenam
2595 3491 2811 3542 tandem
2838 3493 2942 3544 erit
2979 3491 3308 3545 resurrecrio
3334 3505 3482 3545 mor-

1891 3589 2128 3644 tuorum,
2154 3596 2274 3649 qua:
2307 3583 2565 3650 perennis
2601 3583 2720 3634 vita:
2757 3597 2907 3650 spem
2957 3583 3167 3636 sanctis
3216 3582 3482 3644 immittit,

1888 3672 1932 3724 si
1969 3672 2217 3726 Christus
2248 3690 2350 3725 non
2379 3674 2717 3726 resurrexit?
2745 3673 3009 3738 Quantam
3070 3688 3199 3728 vero
3255 3673 3358 3726 erit
3388 3671 3486 3726 hn-

1888 3780 2171 3817 manorum
2237 3779 2526 3832 corporum
2580 3765 2891 3828 viviticatio,
2956 3781 3076 3833 quae
3131 3780 3225 3833 per
3286 3774 3487 3818 saneta:

1891 3857 2056 3922 ipsius
2098 3858 2280 3910 carnis
2324 3864 2376 3910 et
2439 3858 2717 3926 sanguinis
2789 3858 3258 3927 participationem
3317 3857 3482 3910 ellii-i-

1892 3946 2022 3997 tur?

1963 4037 2119 4105 721
2172 4037 2230 4093 Β.
2285 4038 2526 4091 Dicimus
2583 4038 2768 4107 itaque
2823 4039 3058 4092 Verbum
3097 4055 3318 4092 carnem
3363 4055 3487 4091 esse

1893 4128 2115 4189 factum,
2190 4129 2398 4182 ratione
2465 4131 2760 4183 nativitatis
2809 4133 3103 4184 secundum
3157 4146 3375 4182 carnem
3419 4145 3482 4184 ex

1891 4218 2142 4280 muliere,
2167 4233 2328 4285 quam
2351 4219 2401 4270 in
2423 4221 2734 4272 novissimis
2759 4220 2939 4273 saeculi
2987 4219 3324 4286 temporibus
3367 4219 3486 4270 sub-

1893 4310 2020 4361 iisse
2055 4310 2271 4372 dicitur,
2306 4311 2521 4363 tametsi
2556 4320 2681 4363 ante
2722 4312 2900 4363 omnia
2945 4313 3137 4364 smeula
3187 4310 3480 4374 exstiterit,

1892 4411 1949 4453 ut
1974 4401 2134 4454 Deus.

1965 4495 2028 4546 A.
2079 4494 2334 4548 Omnino.
2373 4495 2446 4547 Ita
2480 4498 2622 4547 enim
2651 4495 2824 4547 factus
2853 4505 2932 4548 est
2968 4494 3281 4548 Omnimode
3333 4495 3485 4547 nobis

203 4594 266 4658 τῇ
303 4590 436 4658 πρδς
461 4592 610 4658 ἡμᾶς
653 4593 718 4659 τῇ
766 4592 908 4642 κατά
953 4595 1058 4644 πᾶν
1085 4594 1284 4652 ὁτιοῦν,
1325 4597 1447 4665 δίχα
1482 4599 1574 4666 τῆς
1607 4600 1781 4669 ἀμαρ-

1895 4589 2106 4651 similis,
2141 4601 2365 4656 cxeepto
2422 4600 2662 4656 peccato.
2724 4589 2880 4654 Quod
2942 4600 2993 4641 et
3049 4589 3485 4656 sapientissimus

202 4684 344 4742 τὶας.
395 4681 502 4731 Καὶ
555 4683 897 4750 μαρτυρήσει
940 4682 1111 4748 λέγων
1155 4688 1181 4736 6
1230 4690 1504 4755 πάνσοψοε
1545 4692 1781 4753 Παῦλος

211 4792 227 4821 ι
255 4772 468 4841 Ἐπειδὴ
503 4772 609 4842 γὰρ
645 4772 711 4823 τά
759 4774 947 4825 παιδία
985 4777 1381 4848 κεκοινώνηκεν
1426 4783 1656 4850 αἵματος
1692 4786 1787 4837 καὶ

210 4865 432 4933 σαρκὸς,
487 4867 580 4915 καὶ
628 4865 787 4925 αὐτὸς
830 4867 1224 4936 παραπλησίως
1279 4873 1506 4942 μετέσχε
1540 4875 1648 4926 τῶν
1692 4879 1785 4929 αὺ-

210 4957 334 5014 mw,
383 4956 467 5006 ἵνα
517 4955 604 5007 διὰ
636 4956 728 5006 τοῦ
765 4956 994 5007 θανάτου
1029 4962 1346 5028 καταργήσῃ
1380 4963 1470 5014 τὸν
1496 4964 1555 5015 τὸ
1589 4965 1789 5033 κράτος

211 5048 398 5115 ἔχοντα
429 5047 518 5098 τοῦ
557 5048 811 5111 θανάτου,
842 5050 1107 5112 τουτέστι,
1139 5051 1227 5102 τὸν
1257 5052 1521 5115 διάϐολον,
1553 5057 1645 5106 καὶ
1686 5057 1788 5108 ἀπο

211 5137 413 5209 αὐάξῃ
444 5139 665 5201 τούτους
688 5179 701 5200 ,
747 5140 860 5192 ὅσοι
891 5140 1041 5208 φόϐῳ
1072 5141 1302 5193 θανάτου
1333 5143 1422 5194 διὰ
1458 5146 1660 5206 παντὸς
1697 5147 1790 5198 τοῦ

212 5235 309 5301 ζῇν
353 5233 523 5300 ἔνοχοι
573 5227 714 5300 ἦσαν
756 5233 1016 5293 δουλείας.
1068 5235 1140 5284 Οὐ
1187 5234 1294 5304 γάρ
1342 5235 1512 5303 δήπου
1544 5237 1794 5303 ἀγγέλων

213 5323 642 5390 ἐπιλαμϐάνεται
669 5363 682 5384 ,
730 5323 869 5375 ἀλλά
915 5326 1230 5394 σπέρματος
1271 5327 1522 5398 Ἀϐραὰμ
1557 5329 1789 5398 ἐπιλαμ-

213 5419 434 5467 ϐάνεται
476 5433 487 5444 ·
558 5415 678 5466 ὅθεν
729 5414 928 5483 ὤφειλε
985 5415 1053 5467 τὰ
1119 5417 1296 5470 πάντα
1367 5420 1477 5480 τοῖς
1542 5419 1790 5487 ἀδελφοῖς

212 5506 562 5577 ὁμοιωθῆναι.
595 5526 609 5555 ι
657 5508 717 5558 'll
741 5507 794 5558 δὲ
835 5529 850 5558 ι
887 5509 1025 5559 κατά
1049 5508 1222 5560 πάντα
1261 5528 1276 5558 ι
1320 5510 1596 5575 ὁμοίωσις,
1622 5511 1794 5579 ἀρχὴν

215 5601 404 5665 ὥσπερ
430 5597 549 5648 τινά
578 5598 668 5648 καὶ
701 5600 1054 5666 προειτεοιὴν
1087 5601 1176 5649 τοὶ
1213 5602 1537 5668 πράγματος
1559 5644 1569 5662 ,
1604 5605 1699 5670 τὴν
1730 5607 1790 5654 ἐκ

217 5690 474 5760 τακτικὸς
508 5691 762 5755 ἀπότεξιν
795 5692 925 5760 ἔχει,
959 5693 1047 5743 καὶ
1080 5694 1172 5758 τὴν
1211 5695 1265 5744 ὲν
1297 5696 1453 5760 σαρκὶ
1486 5696 1790 5763 enipi-37w

284 5873 350 5901 "'
382 5869 397 5922 Ι
430 5868 550 5920 Cur.
595 5887 674 5933 χι,
721 5870 800 5922 if».
884 5874 923 5898 η
961 5868 1119 5923 Hebr.
1148 5887 1202 5934 ιι,
1245 5873 1299 5926 li
1346 5871 1423 5924 Π.

1895 4679 2097 4732 Paulus
2131 4681 2657 4748 testatur,inqniens
2691 4697 2703 4731 ε
2745 4699 2760 4728 ι
2793 4682 2925 4745 Quia
2959 4696 3088 4748 ergo
3148 4683 3299 4748 pueri
3330 4695 3483 4732 eum.

1897 4772 2478 4825 ιιιιιιιίιπινοιίιιΠεστιιὶ
2552 4783 2605 4826 et
2660 4773 2933 4842 sanguini,
2984 4782 3036 4824 et
3104 4772 3487 4839 ipsesimiliter

1897 4867 2240 4933 partiripavit
2271 4865 2511 4927 eisdem;
2557 4875 2614 4917 ut
2642 4880 2735 4933 per
2772 4875 3003 4918 mortem
3031 4867 3339 4917 destrueret
3363 4879 3486 4916 enm

1900 4958 1986 5028 qui
2018 4958 2246 5010 habebat
2280 4959 2470 5010 mortis
2513 4959 2822 5024 imperium,
2863 4960 2910 5008 id
2944 4969 3030 5009 est
3083 4957 3383 5017 diabolum,
3435 4967 3490 5009 et

1903 5049 2160 5101 liberaret
2224 5063 2319 5102 eos
2379 5048 2471 5116 qui
2526 5050 2717 5101 timore
2754 5051 2945 5100 mortis
3000 5064 3094 5115 per
3123 5057 3288 5100 totam
3321 5048 3483 5100 vitam

1903 5149 2056 5192 erant
2091 5140 2308 5193 obnoxii
2346 5142 2617 5194 servituti.
2657 5141 2928 5208 Nusquam
2964 5142 3106 5193 enim
3143 5140 3364 5208 angelos
3396 5155 3488 5210 ap-

1906 5235 2329 5300 prehendit,sed
2361 5251 2548 5286 semen
2608 5236 2837 5288 Abrah:e
2899 5235 3274 5302 apprehendit.
3335 5234 3490 5286 Unde

1902 5327 2085 5378 debuit
2117 5327 2406 5394 peremnia
2435 5329 2692 5381 fratribus
2724 5329 3014 5382 assimilari
3045 5330 3148 5381 δ’.»
3174 5329 3488 5382 Similitudo

1900 5428 2081 5472 autem
2120 5439 2134 5468 ι
2177 5436 2271 5486 per
2323 5421 2536 5482 omnia,
2581 5439 2597 5469 ι
2635 5421 2848 5473 initium
2901 5422 3296 5486 quodammodo
3330 5432 3492 5489 atque

1899 5513 2253 5578 primordium
2281 5515 2436 5566 habet
2474 5515 2807 5567 nativitatem
2836 5531 2900 5568 ex
2939 5515 3188 5575 muliere,
3219 5523 3273 5566 et
3320 5515 3490 5566 niani-

1901 5605 2242 5656 les-talionem
2270 5606 2319 5656 in
2349 5621 2510 5657 (.IH'IIC
2535 5607 2648 5673 ejus
2674 5606 2760 5674 qui
2797 5606 2946 5674 juxta
3019 5606 3291 5672 propriam
3333 5617 3488 5656 natu-

1902 5712 2014 5746 rain
2049 5697 2192 5749 Ii‘l'lll
2251 5700 2454 5764 nequit.
2505 5710 2552 5750 et
2617 5700 3037 5765 dispensatiiain
3097 5699 3489 5755 habitationem
