3988 6506
545 407 666 463 1271

1517 408 1574 465 8.
1617 408 1892 466 CYBILLI
1932 408 2396 465 ALEXANDRINI
2440 412 2758 468 ARCHIEP.

3675 417 3776 472 li?

541 525 674 578 liber
696 535 799 591 est,
840 529 978 582 servi
1015 527 1240 586 formam
1261 529 1466 598 accepit
1503 546 1516 582 :
1549 529 1640 601 qui
1699 530 1965 588 creaturis
2018 531 2068 584 ι›‹

2176 563 2185 588 ι
2215 532 2452 601 εὐλογῶν
2483 534 2580 604 τὴν
2625 536 2822 598 κτίσιν,
2854 535 3147 606 ἐπάρατος,
3183 539 3279 591 καὶ
3312 537 3374 589 ἐν
3403 538 3521 599 τοῖς
3554 536 3801 604 ἀνόμοις,

539 616 762 680 nedicit,
796 617 970 674 factus
1001 630 1086 674 est
1122 621 1506 685 exsecrabilis;
1546 630 1965 690 numeratusque
2021 631 2103 676 est

538 720 675 762 inter
698 713 1134 778 prmvaricatores
1177 715 1306 783 legis
1332 716 1374 768 is
1401 715 1493 783 qui
1522 723 1602 769 est
1651 714 1828 769 onmis
1869 715 2096 782 justitia,

536 805 1039 872 mortemquesubiit
1078 809 1187 862 vita
1211 810 1342 877 ipsa.
1372 809 1556 878 Neque
1571 812 1711 864 enim
1736 823 1849 866 eral
1877 810 2099 864 alterius

534 892 848 963 cuiuspiam.
870 899 962 952 sed
996 899 1174 968 potius
1202 900 1371 969 ipsius
1409 902 1699 956 secundum
1731 911 1976 955 naturam
2009 901 2096 954 Fi-

533 983 583 1033 lii
612 998 832 1052 corpus,
858 987 908 1040 id
934 990 1074 1056 quod
1101 1001 1324 1044 mortem
1354 990 1515 1062 724
1549 995 1734 1048 subiit.
1794 995 1946 1048 Anne
1971 1010 2097 1046 vero

532 1083 789 1141 tanquam
832 1092 936 1132 non
971 1089 1116 1134 recte
1147 1080 1324 1146 factis,
1368 1087 1480 1138 sive
1527 1101 1556 1138 a
1609 1086 1765 1141 nobis
1791 1087 1967 1152 dictis,
1999 1085 2096 1139 ali-

529 1164 656 1231 quid
684 1164 851 1221 habes
889 1170 1031 1236 quod
1057 1171 1140 1226 his
1174 1173 1434 1241 objicias?

594 1253 656 1308 Β.
697 1258 1066 1327 Nequaquam.

591 1346 656 1400 Α.
697 1345 961 1406 Cazterum
1004 1355 1106 1409 hoc
1135 1356 1265 1411 mihi
1300 1369 1561 1427 praiterea
1629 1361 2017 1418 animadverte.

592 1435 651 1490 Β.
675 1436 961 1509 Quidnam,
986 1444 1247 1501 obsecro?

592 1527 654 1588 Α.
683 1527 927 1587 Christus
980 1534 1176 1589 alicubi
1237 1538 1302 1593 ad
1368 1554 1460 1594 eos
1497 1541 1588 1609 qui
1634 1543 2084 1597 resurrectionem

521 1628 854 1676 mortuorum
898 1625 1082 1680 tollere
1135 1629 1403 1695 nituntur,
1426 1632 1562 1686 dixit
1600 1649 1611 1684 :
1648 1651 1666 1684 ι
1726 1631 1840 1688 Non
1881 1635 2086 1705 legistis

519 1709 643 1774 quia
665 1713 754 1779 qui
785 1712 908 1769 fecit
939 1717 1208 1774 hominem
1253 1724 1318 1774 ab
1348 1722 1518 1788 initio,
1563 1724 1860 1780 masculum
1917 1737 1970 1780 et
2006 1726 2083 1781 fe-

519 1800 716 1854 minam
773 1804 892 1857 fecit
919 1808 1106 1862 eos“?
1167 1829 1185 1860 ι
1245 1812 1444 1866 Scribit
1491 1829 1618 1869 vero
1679 1816 1840 1870 etiam
1871 1817 2083 1873 divinus

2211 627 2242 695 ὴ
2283 630 2427 680 πᾶσα
2454 627 2790 698 δικαιοσύνη,
2817 631 2910 681 καὶ
2933 632 2989 681 ὲν
3026 630 3245 700 δοκήσει
3294 630 3535 684 Θανάτου
3577 630 3802 697 γέγονεν

2209 718 2241 788 ὴ
2273 718 2404 789 ζωή.
2434 721 2506 773 Οὐ
2544 720 2652 792 γὰρ
2685 717 2751 791 ἦν
2775 721 2960 789 ἐτέρου
2984 721 3148 786 τινος,
3182 722 3352 775 αὐτοῦ
3375 722 3432 775 δὲ
3471 721 3686 792 μᾶλλον
3713 719 3800 773 τοῦ

2209 807 2350 860 κατὰ
2395 809 2556 875 φύσιν
2585 810 2738 873 Υίοῦ,
2775 812 2836 864 τὸ
2863 811 2957 864 τοῦ
2981 811 3211 866 θανάτου
3235 817 3581 882 γευσάμενον
3619 813 3795 881 σῶμα.

2205 892 2330 968 'Ap‘
2377 899 2450 964 ὡς
2483 902 2582 954 οὐκ
2620 897 2678 954 εὖ
2712 901 3012 970 γεγονόσιν,
3061 903 3229 972 ἤγουν
3275 904 3413 973 πρὸς
3450 902 3616 974 ἡμῶν
3649 903 3798 971 εἰρη-

2207 991 2390 1058 μένοις
2413 991 2558 1062 ἔχεις
2590 1011 2640 1046 τι
2678 995 2886 1057 τούτοις
2914 996 3206 1064 ἐπιτιμᾷν;

2272 1259 2326 1311 Β.
2371 1257 2656 1326 Οὐδαμῶς.

2271 1353 2332 1403 Α.
2373 1350 2561 1421 Ἀθρει
2592 1349 2654 1420 δή
2688 1365 2776 1418 μοι
2811 1350 3028 1402 κάκεῖνο
3059 1349 3193 1416 πρὸς
3221 1346 3450 1408 τούτοις.

2269 1443 2326 1492 D.
2371 1441 2443 1492 Τὸ
2472 1440 2522 1492 τί
2551 1439 2615 1509 δὴ
2643 1439 2784 1507 qm;

2268 1536 2330 1586 Α.
2377 1532 2518 1602 Ἔφη
2557 1547 2660 1582 που
2693 1530 2926 1600 Χριστὸς
2959 1531 3071 1592 τοῖς
3107 1529 3350 1598 ἀναιρεῖν
3392 1526 3644 1580 ἐθέλουσι
3691 1526 3787 1595 τὴν

2193 1627 2490 1679 ἀνάστασιν
2528 1622 2635 1674 τῶν
2669 1622 2907 1692 νεκρῶν·
2947 1640 2964 1672 ι
2997 1622 3111 1674 Οὐκ
3140 1620 3432 1687 ἀνέγνωτε,
3456 1619 3589 1670 ὄτιὸ
3628 1619 3784 1685 ποιή-

2195 1728 2292 1773 σας
2322 1710 2410 1762 τὸν
2442 1709 2726 1778 ἄνθρωπον
2753 1711 2808 1759 ἐν
2835 1709 3049 1778 ἀρχαῖς,
3090 1708 3257 1778 ἄρσεν
3291 1707 3387 1759 καὶ
3415 1707 3551 1774 θῆλυ
3589 1707 3785 1774 ἑποίηο

2193 1819 2284 1856 σεν
2308 1801 2539 1864 αῦτούςς
2575 1820 2592 1852 ι
2648 1801 2852 1872 Γράφει
2891 1800 2947 1854 δὲ
2990 1801 3083 1854 καὶ
3129 1801 3156 1852 6
3186 1799 3472 1862 Θεσπέσιος
3527 1799 3780 1861 Παῦλος·

517 1887 748 1946 Paulus:
783 1913 800 1946 ι
825 1894 1144 1954 llonorabile
1169 1903 1496 1958 connubiqu
1538 1906 1589 1959 in
1619 1908 1888 1973 omnibus,
1920 1918 1974 1963 et
2001 1919 2068 1962 to-

2195 1912 2211 1943 ι
2240 1892 2430 1962 Τίμιος
2460 1892 2487 1943 6
2515 1893 2692 1960 γάμος
2711 1894 2766 1943 ὲν
2783 1892 2936 1953 πᾶσι,
2963 1891 3056 1942 καὶ
3073 1892 3106 1960 ἠ
3124 1888 3276 1960 κοίτη
3300 1888 3583 1957 ἀμίαντος.
3604 1907 3622 1936 ι
3650 1887 3780 1938 Εἶτα

517 1991 608 2032 rus
652 1984 1027 2041 iinrnaculatus
1056 1989 1120 2044 “.
1162 2008 1180 2041 ι
1237 1991 1354 2057 Quo
1381 2004 1537 2061 pacto
1577 2011 1704 2051 vero
1754 1999 2085 2068 unigenitum

516 2067 606 2123 Dei
633 2069 883 2138 Verbum,
910 2092 1028 2132 cum
1072 2090 1313 2136 nostram
1344 2085 1747 2141 similitudinem
1769 2090 1950 2144 subire
1983 2090 2087 2145 vel-

515 2161 610 2227 let,
637 2165 702 2216 ad
727 2168 1164 2229 constitutionem
1196 2175 1307 2230 sive
1329 2179 1730 2245 generationem
1753 2195 1862 2234 suae
1881 2184 2082 2247 carnis,

513 2253 759 2310 humanae
787 2271 992 2314 natura!
1021 2261 1164 2332 leges
1217 2266 1397 2321 valere
1450 2269 1656 2323 noluit?
1707 2269 1891 2340 Neque
1937 2274 2080 2326 enim

510 2354 574 2394 ex
609 2353 724 2400 toro
748 2359 800 2401 et
832 2351 1079 2425 conjugio
1105 2357 1253 2410 nasci
1279 2359 1470 2423 voluit,
1512 2363 1604 2416 sed
1638 2377 1702 2416 ex
1737 2364 1957 2433 Virgine
1976 2365 2078 2418 viri

509 2435 721 2492 nescia.
761 2451 1070 2510 prmgnante
1118 2459 1181 2498 ex
1253 2445 1480 2516 Spiritu,
1543 2451 1906 2507 obumbrante
1979 2455 2079 2522 ipsi

507 2523 704 2579 virtute
731 2525 846 2593 Dei,
889 2531 1030 2586 sicut
1062 2536 1320 2606 scriptum
1348 2549 1432 2594 est
1451 2541 1516 2594 θ’.
1541 2542 1675 2596 Cum
1731 2543 1912 2614 itaque
1940 2544 2080 2600 Deus

507 2616 806 2684 r-onjugium
828 2637 931 2674 non
979 2639 1317 2692 aspernetur,
1340 2633 1432 2684 sed
1474 2634 1653 2701 potius
1703 2634 2078 2691 benedictione

505 2721 598 2758 sua
626 2708 750 2762 illud
775 2712 1380 2786 decoret,quamobrem
1403 2722 1676 2795 Virginem
1709 2737 2076 2797 praegnantem

506 2811 567 2850 ex
597 2798 822 2866 Spiritu,
887 2808 1066 2861 carnis
1107 2823 1219 2863 suae
1263 2821 1488 2867 matrem
1532 2830 1652 2872 esse
1680 2819 2076 2874 volucritDeus

505 2890 765 2947 exsistens
794 2893 1172 2962 Verbum,non
1206 2902 1361 2956 facile
1389 2905 1642 2962 dixerim.
1671 2906 1910 2964 Tametsi
1939 2926 2075 2980 quo-

505 2983 661 3034 modo
689 2999 790 3037 non
823 2989 992 3044 cuivis
1023 2992 1304 3047 manifesta
1345 2995 1508 3050 fuerit
1539 2997 1654 3065 ejus
1707 3001 1780 3053 rei
1835 3003 2072 3068 occasio,

503 3072 627 3125 illud
654 3078 1059 3134 consideranti?
1096 3083 1381 3139 Descendit
1413 3089 1576 3154 enim,
1621 3090 1735 3144 sive
1796 3091 1954 3148 homo
1996 3095 2075 3147 fa-

506 3172 618 3218 ctus
644 3176 726 3220 est
775 3168 961 3236 Filius,
1010 3173 1412 3232 instauraturus
1468 3191 1648 3235 nostra
1704 3194 1955 3253 tanquam
2017 3190 2068 3242 in

505 3254 714 3323 seipso;
759 3274 820 3314 ac
851 3264 1082 3329 primum
1136 3269 1351 3335 quidem
1416 3270 1467 3325 in
1505 3283 1745 3326 sanctam
1779 3277 2066 3344 quamdam

504 3354 665 3413 atque
699 3349 1065 3409 admirabilem
1139 3361 1472 3415 nativitatem
1525 3373 1577 3416 et
1630 3367 1817 3418 vitam.
1868 3368 2069 3423 Factus

504 3448 686 3493 autem
715 3450 796 3495 est
821 3446 980 3498 etiam
1012 3450 1215 3516 primus
1246 3453 1358 3519 ipse
1399 3463 1558 3506 natus
1601 3468 1663 3508 ex
1716 3455 1918 3523 Spiritu
1962 3459 2069 3521 (se-

500 3531 731 3584 cundum
779 3549 997 3588 carnem
1062 3537 1322 3606 inquam),
1383 3552 1439 3594 ut
1508 3544 1609 3596 hac
1676 3552 1927 3612 tauquam
1983 3548 2066 3600 via

499 3621 661 3672 etiam
688 3622 736 3673 in
765 3639 860 3677 nos
899 3626 1049 3690 ipsos
1103 3637 1416 3684 transeunte
1446 3633 1637 3700 gratia,
1669 3650 1772 3686 non
1831 3651 1896 3689 ex
1939 3650 2067 3688 san-

507 3711 959 3782 guinihus,neqne
987 3730 1050 3769 ex
1083 3718 1351 3774 voluntate
1373 3723 1572 3787 carnis,
1599 3738 1768 3792 neque
1784 3740 1848 3779 ex
1875 3728 2066 3780 volun-

501 3810 607 3853 tate
639 3803 756 3868 viri,
778 3806 872 3859 sed
907 3823 970 3860 ex
1005 3807 1108 3862 Deo
1145 3825 1240 3877 per
1273 3812 1531 3874 Spiritum
1592 3819 2059 3886 regenerationem

500 3891 912 3949 intellectualem
955 3902 1229 3954 consecuti
1263 3903 1325 3969 ",
1364 3913 1418 3956 et
1471 3905 1899 3962 conformitatcm
1963 3911 2066 3980 spi-

500 3985 741 4038 ritualem
767 4004 886 4042 cum
918 4006 982 4043 eo
1009 3993 1098 4058 qui
1142 4003 1331 4046 natura
1367 4010 1429 4049 ac
1456 4011 1581 4050 vere
1611 3999 1876 4054 estFilius
1901 4001 2062 4071 adep-

498 4077 558 4138 ti,
591 4075 754 4130 Deum
813 4093 1066 4135 vocemus
1091 4083 1335 4144 Patrem,
1372 4095 1531 4155 atque
1555 4089 1625 4141 ita
1681 4090 2062 4160 incorruptibi-

497 4167 569 4219 les
597 4182 1036 4238 permaneamus;
1068 4173 1298 4241 nonjam
1331 4179 1558 4245 amplius
1621 4181 1851 4249 priorem
1888 4184 2054 4245 illum,

495 4262 593 4313 hoc
629 4271 732 4320 est,
763 4264 1022 4317 Adamum
1052 4277 1256 4334 patrem
1295 4270 1572 4334 habentes,
1611 4276 1662 4325 in
1715 4291 1821 4342 quo
1861 4287 1912 4332 et
1937 4292 2058 4332 cor-

495 4354 634 4420 rupti
667 4369 902 4409 eranuis.
929 4355 1132 4410 ldcirco
1157 4370 1204 4411 et
1234 4360 1480 4415 Christus
1509 4362 1704 4431 inquit.
1756 4367 1880 4420 alibi
1940 4370 2061 4438 qui-

490 4446 607 4496 dem
641 4460 652 4497 :
693 4463 710 4496 ι
752 4445 927 4501 Nolite
943 4462 1133 4500 vocare
1151 4459 1355 4518 patrem
1381 4464 1612 4507 vestrum
1642 4455 1691 4507 in
1728 4459 2058 4516 terris.Uuus

2190 1983 2305 2045 πῶς
2342 1985 2368 2036 ὁ
2414 1981 2704 2051 μονογενὴς
2739 1979 2828 2034 τοῦ
2868 1979 3002 2032 Θεοῦ
3049 1979 3238 2046 Λόγος,
3281 1977 3380 2048 τὴν
3433 1977 3571 2048 πρὸς
3627 1979 3776 2046 ἡμᾶς

2187 2075 2443 2144 ὁμοίωσιν
2482 2072 2738 2130 ἐπελθεῖν,
2761 2071 3044 2142 ἐθελήσας,
3082 2071 3144 2124 οὑ
3191 2074 3302 2134 τοῖς
3348 2074 3450 2139 τῆς
3482 2069 3773 2139 ἀνθρωττοι

2186 2179 2345 2232 τητος
2376 2163 2560 2230 νόμοις
2590 2163 2758 2231 ἐφῆκε
2787 2165 3027 2233 κρατεῖν,
3068 2162 3147 2224 εἰς
3183 2161 3462 2223 σύστασιν,
3492 2162 3614 2230 ἦτοι
3647 2161 3773 2228 γέν-

2185 2273 2338 2326 νησιν
2367 2258 2467 2325 τῆς
2493 2255 2629 2317 ἰδίας
2654 2253 2820 2307 αὑτοῦ
2848 2253 3050 2324 σαρκός
3074 2271 3088 2317 ;
3123 2255 3197 2307 Οὐ
3231 2254 3341 2325 γὰρ
3377 2256 3438 2306 ὲκ
3464 2254 3659 2321 κοίτης
3684 2253 3773 2306 καὶ

2184 2347 2377 2416 γάμων
2418 2346 2678 2416 ἠνέσχετο
2723 2345 2906 2399 λαϐεῖν
2951 2346 3158 2416 αὐτὴν,
3204 2347 3320 2400 ἀλλ’
3371 2349 3437 2400 ὲκ
3489 2349 3770 2418 Παρθένου

2184 2438 2388 2508 σεμνῆς
2441 2438 2538 2491 κα)⁸
2590 2436 2993 2507 ἁπειρογάμου,
3030 2438 3451 2508 κυοφορησάσης
3500 2441 3563 2491 ὲκ
3594 2438 3766 2492 Πνεῦ-

2185 2549 2385 2601 ματος,
2440 2530 2842 2600 ἐπισκιασάσης
2896 2529 3035 2599 αὐτῇ
3077 2529 3362 2599 δυνάμεως
3400 2530 3568 2594 Θεοῦ,
3625 2530 3766 2585 καθὰ

2181 2624 2510 2692 γέγραπται.
2547 2621 2682 2676 Θεοῦ
2725 2620 3019 2692 τοιγαροῦν
3057 2620 3149 2674 τὸν
3194 2622 3378 2691 γάμον
3427 2624 3528 2675 οὐκ
3569 2623 3764 2692 άτιμά·

2183 2731 2394 2779 σαντος,
2425 2713 2626 2784 μᾶλλον
2667 2713 2724 2766 δὲ
2759 2713 2852 2766 καὶ
2885 2713 3105 2784 εὐλογίᾳ
3138 2715 3495 2784 τιμήσαντος,
3537 2714 3762 2767 ἁνθότον

2180 2806 2456 2876 Παρθένον
2485 2804 2856 2876 κυοφοροῦσαν
2889 2809 2953 2859 ὲκ
2976 2805 3312 2874 Πνεῦματος,
3334 2807 3436 2876 τῆς
3470 2806 3606 2870 ἰδίας
3632 2825 3761 2877 σαρ-

2179 2898 2271 2960 κὸς
2306 2899 2599 2968 ἐποιήσατο
2635 2897 2843 2967 μῆτέρα
2879 2896 3014 2949 Θεοῦ
3058 2899 3086 2948 6
3117 2898 3310 2964 Λόγος,
3351 2899 3453 2950 οὐκ
3483 2898 3594 2967 ἔχω
3619 2899 3760 2967 φρά-

2181 3007 2290 3042 σαι.
2333 2989 2529 3043 Καίτοι
2564 2989 2681 3051 πῶς
2725 2988 2823 3058 οὐχ
2873 2989 3078 3041 ἅπασιν
3112 2988 3350 3060 ἐναργὴς
3378 2989 3575 3056 γένοιτ’
3617 2990 3684 3042 ἂν
3725 2990 3757 3058 ἡ

2175 3079 2329 3134 τοῦδε
2353 3080 2646 3149 πρόφασις,
2671 3081 2846 3133 ἐκεῖνο
2874 3079 3290 3149 διεσκεμμένοις
3309 3099 3324 3147 ;
3343 3081 3594 3148 ’Λφίκετο
3627 3081 3755 3150 γὰρ,

2175 3173 2250 3233 ὼς
2277 3170 2436 3243 ἔφην,
2467 3173 2638 3242 ἧγονν
2672 3171 3097 3243 ὲνηνθρώπησεν
3130 3172 3158 3223 ὁ
3198 3172 3343 3238 Υἱὸς,
3373 3172 3753 3242 ἁναστοιχειὼ-

2175 3280 2282 3316 σων
2313 3266 2381 3316 τὰ
2399 3261 2517 3316 καθ’
2546 3265 2692 3332 ἡμᾶς
2726 3263 2801 3327 ὡς
2827 3265 2883 3316 ὲν
2908 3263 3108 3335 ἑαυτῷ,
3140 3265 3231 3317 καὶ
3256 3265 3472 3336 πρῶτον
3495 3267 3575 3328 εἰς
3596 3266 3752 3332 ἁγίαν

2171 3353 2291 3405 τινὰ
2320 3356 2414 3406 καὶ
2451 3353 2913 3425 τεθανμασμένην
2946 3354 3021 3418 ὡς
3053 3357 3112 3408 ὲν
3158 3356 3360 3428 ἐαυτῷ,
3398 3357 3487 3410 καὶ
3523 3356 3748 3428 παράδοι

2175 3444 2262 3509 ξαν
2289 3445 2501 3516 ἀληθῶς
2533 3445 2786 3511 ἁπότεξιν
2832 3447 2924 3500 καὶ
2953 3445 3101 3517 ζωήν
3121 3463 3136 3477 ⁶
3175 3447 3367 3517 γέγονε
3395 3449 3452 3502 δὲ
3489 3451 3584 3502 καὶ
3612 3450 3748 3519 πρῶ-

2169 3550 2258 3596 τος
2293 3535 2452 3598 αὐτὸς
2497 3537 2752 3605 γεννητὸς
2782 3537 2876 3590 τοῦ
2919 3537 3074 3604 ἁγίου
3107 3538 3426 3608 Πνεῦματος
3459 3541 3621 3606 (κατά
3654 3555 3745 3606 γε,

2171 3626 2335 3694 φημὶ,
2368 3625 2461 3696 τὴν
2485 3627 2702 3696 σάρκα),
2727 3627 2791 3679 ἵν’
2815 3628 3003 3698 ὥσπερ
3025 3626 3129 3697 ὀδῷ
3150 3629 3243 3681 καὶ
3267 3631 3346 3691 είς
3367 3630 3516 3699 ἡμᾶς
3541 3630 3742 3691 αὐτοὺς

2168 3715 2548 3783 διαόαινοῦσης
2579 3720 2679 3789 τῆς
2709 3720 2948 3790 χάριτος,
2990 3721 3091 3772 οὐκ
3121 3718 3180 3784 ἐξ
3212 3722 3486 3790 αἱμάτων,
3531 3721 3653 3773 οὐδὲ
3683 3723 3739 3773 ὲν

2169 3807 2472 3879 θελήματος
2503 3810 2726 3880 σαρκὸς,
2747 3809 2867 3863 οὐδὲ
2892 3813 2957 3864 ὲκ
2978 3810 3286 3880 θελήματος
3317 3810 3527 3880 ἀνδρὸς,
3546 3811 3659 3864 ἀλλ’
3682 3811 3736 3863 ἐκ

2167 3899 2304 3952 Θεοῦ
2338 3899 2427 3952 διὰ
2461 3901 2778 3968 Πνεύματος
2818 3901 2916 3970 τὴν
2954 3901 3154 3971 νοητὴν
3195 3902 3411 3979 ἔχοντες
3452 3903 3738 3973 ἀναγέννη-

2168 4006 2272 4051 σιν,
2306 3989 2399 4043 καὶ
2447 3991 2546 4061 τὴν
2581 3992 2718 4062 πρός
2764 4009 2826 4060 γε
2875 3992 2968 4046 τὸν
3021 3991 3180 4061 φύσει
3214 3994 3307 4048 καὶ
3353 3993 3568 4062 ἀληθῶς
3619 3994 3736 4048 Υίὸν

2168 4080 2519 4149 συμμορφίαν
2538 4085 2935 4154 πνευματικὴν,
2958 4084 3177 4155 Πατέρα
3206 4085 3462 4155 καλῶμεν
3481 4087 3573 4138 τὸν
3590 4085 3736 4150 Θεὸν,

2163 4173 2304 4229 οὕτω
2331 4189 2389 4226 τε
2431 4171 2697 4244 ἄφθαρτοι
2750 4174 3113 4246 διαμένωμεν.
3157 4175 3234 4240 ὡς
3271 4177 3373 4230 οὐκ
3419 4177 3498 4230 ἔτι
3533 4179 3735 4244 πατέρα

2163 4269 2252 4320 τὸν
2281 4269 2493 4337 πρῶτον
2520 4267 2755 4336 ἔχοντες,
2796 4265 3076 4319 τουτέστιν
3125 4267 3316 4337 Ἀδὰμ,
3346 4269 3404 4320 ἐν
3446 4260 3490 4336 ᾧ
3520 4270 3614 4321 καὶ
3643 4271 3731 4336 ἔφυ

2165 4357 2434 4429 θάρμεθα.
2461 4359 2570 4410 Καὶ
2611 4357 2740 4425 γοῦν
2773 4357 2873 4426 ἔφη
2911 4356 3166 4426 Χριστὸς,
3201 4358 3280 4427 πῆ
3315 4358 3435 4427 μὲν,
3463 4359 3546 4410 ὅτι
3582 4376 3599 4407 ι
3621 4359 3726 4412 Καὶ

2165 4449 2376 4521 πατέρα
2411 4449 2484 4519 μὴ
2506 4447 2766 4516 καλέσητε
2791 4448 2944 4516 ὑμῶν
2974 4448 3068 4498 ὲπὶ
3081 4446 3182 4516 τῆς
3203 4448 3327 4516 γῆς,
3353 4442 3432 4512 εἷς
3458 4450 3565 4519 γάρ
3592 4450 3728 4500 ἐστιν

488 4537 629 4587 enim
679 4548 760 4590 est
788 4536 948 4592 Pater
996 4549 1174 4592 vester
1212 4541 1264 4593 in
1296 4543 1536 4610 cmlis“,
1573 4566 1592 4597 ι
1628 4548 1753 4601 alibi
1797 4565 1944 4615 vero,
1997 4563 2054 4606 ut

2176 4543 2192 4593 5
2209 4542 2400 4612 Πατὴρ
2433 4540 2586 4610 ὑμῶν
2604 4541 2632 4591 6
2651 4540 2708 4592 ἐν
2725 4541 2836 4602 τοῖς
2856 4539 3122 4609 οὐρανοῖς.
3141 4558 3160 4594 r
3178 4541 3260 4611 Πῆ
3283 4541 3339 4593 δὲ
3358 4541 3444 4610 δὴ,
3458 4540 3534 4604 ὠς
3551 4543 3605 4593 ὲν
3627 4544 3725 4604 τοῖς

489 4627 573 4689 qui
611 4627 807 4681 idcirco
833 4629 899 4680 ad
929 4643 1024 4683 nos
1051 4629 1347 4698 descendit,
1392 4645 1449 4687 ut
1503 4651 1600 4690 nos
1648 4639 1942 4694 transferat
1989 4644 2054 4696 ad

487 4717 753 4784 propriam
781 4733 933 4772 suam
967 4732 1027 4770 ac
1050 4719 1289 4773 divinam
1341 4724 1652 4792 dignitatem
1682 4747 1694 4780 :
1724 4748 1740 4778 ι
1795 4729 1942 4784 Vado
1989 4733 2056 4787 ad

486 4807 694 4861 Patrem
733 4827 928 4874 meum,
958 4821 1009 4866 et
1044 4809 1255 4866 Patrem
1292 4825 1526 4871 vestrum
1555 4859 1568 4883 ,
1598 4830 1652 4873 et
1684 4819 1847 4876 Deum
1877 4840 2054 4880 meum

485 4913 531 4953 et
566 4901 729 4954 Deum
770 4911 1004 4956 vestrum
1037 4904 1102 4957 ⁸⁵.
1142 4924 1158 4956 ι
1194 4907 1368 4976 Ipsius
1411 4910 1552 4962 enim
1608 4923 1691 4965 est
1736 4923 1926 4968 natura
1960 4915 2054 4969 l’a-

483 5007 583 5059 ter,
622 4998 709 5063 qui
744 4997 796 5048 in
827 4999 978 5052 cmlis
1021 5008 1130 5063 est,
1182 5012 1363 5054 noster
1385 5013 1558 5056 autem
1590 5003 1745 5072 Deus.
1801 5008 1935 5061 Cum
1969 5025 2053 5064 ve-

481 5102 538 5138 ro
572 5086 658 5151 qui
689 5098 876 5140 natura
912 5103 972 5142 ac
1003 5105 1126 5144 vere
1167 5102 1247 5144 est
1275 5093 1462 5158 Filius,
1507 5095 1682 5150 lactus
1735 5107 1818 5151 est
1887 5101 2048 5155 homo

479 5179 646 5228 nostri
687 5180 899 5242 similis,
938 5181 1101 5236 Deum
1128 5184 1295 5251 ipsum
1325 5187 1572 5243 habuisse
1607 5189 1755 5253 dicit,
1792 5192 2043 5245 nimirmn

480 5269 636 5337 725
662 5272 869 5324 ratione
901 5275 1305 5331 exinanitinnis.
1338 5277 1489 5332 Dedit
1517 5291 1695 5334 autem
1752 5283 1913 5336 etiam
1945 5299 2042 5338 no-

480 5363 556 5409 tus
588 5376 742 5412 suum
781 5361 1020 5415 Patrem.
1057 5365 1326 5434 Scriptum
1355 5380 1435 5423 est
1475 5373 1616 5424 enim
1645 5391 1658 5427 :
1692 5390 1709 5423 ι
1770 5373 2042 5442 Quotquot

478 5456 654 5496 autem
685 5461 1002 5515 receperunt
1039 5467 1183 5514 eum,
1238 5457 1384 5509 dedit
1435 5460 1513 5512 eis
1538 5471 1857 5528 potestatem
1904 5465 2043 5520 ﬁlios

476 5533 565 5585 Dei
601 5536 737 5598 lleri,
761 5538 944 5604 hisqui
977 5543 1200 5595 credunt
1231 5544 1279 5596 in
1313 5549 1529 5600 nomine
1564 5550 1730 5618 ipsius
1753 5551 1888 5605 “6"”.
1920 5573 1937 5604 ι
1974 5556 2041 5608 At

479 5637 607 5675 vero
647 5625 690 5676 si
720 5627 965 5694 imperite
987 5645 1240 5698 negemus
1273 5637 1335 5688 ad
1364 5648 1598 5691 nostram
1631 5640 2036 5697 similitudinem

544 5739 584 5766 ’θ
631 5721 811 5814 animi.
853 5757 961 5799 \lX,
996 5743 1045 5794 4.
1125 5745 1162 5782 ⁵³
1199 5747 1335 5800 lli-llr
1388 5767 1501 5814 xm,
1544 5753 1565 5804 ι

478 5805 552 5857 ΙῙ.
637 5809 749 5848 ί’³-“⁷
785 5811 913 5857 ,Ιειέιιι
979 5828 1010 5858 t.
1053 5814 1128 5861 1⁸2.

1670 5757 1711 5785 εν
1744 5755 1872 5810 Luc.
1915 5771 1949 5823 ι,
1984 5756 2167 5810 50.55.

2164 4635 2284 4689 καθ’
2300 4637 2446 4708 ἡμᾶς
2474 4633 2560 4687 διὰ
2585 4633 2742 4687 τοῦτο
2757 4633 3109 4702 καθιγμένος,
3137 4633 3202 4685 ἵν’
3228 4635 3375 4704 ἡμᾶς
3395 4636 3578 4704 ἀγάγῃ
3600 4636 3720 4704 πρὸς

2162 4729 2222 4781 τὸ
2257 4728 2384 4781 ἴδιον
2425 4725 2588 4780 αὑτοῦ
2617 4727 2711 4779 καὶ⁵
2735 4725 3038 4796 θεοπρεπὲς
3075 4725 3292 4794 ἀξίωμα
3315 4742 3327 4753 ·
3369 4745 3386 4776 ι
3424 4726 3723 4796 Πορεύομαι

2164 4821 2298 4888 πρὸς
2316 4819 2405 4870 τὸν
2425 4819 2641 4888 Πατέρα
2670 4834 2772 4888 μου
2800 4817 2892 4869 καὶ
2917 4816 3134 4886 Πατέρα
3155 4817 3328 4886 ὑμῶν,
3352 4819 3445 4872 καὶ
3470 4816 3602 4870 Θεὸν
3629 4834 3721 4886 μου

2161 4913 2252 4962 καὶ
2279 4909 2410 4963 Θεὸν
2443 4908 2614 4978 ὑμῶν.
2645 4928 2664 4959 ι
2688 4907 2860 4962 Αὑτοῦ
2907 4907 3005 4976 μὲν
3042 4907 3151 4978 γὰρ
3179 4910 3337 4976 φύσει
3371 4909 3560 4980 Πατὴρ
3606 4911 3632 4962 6
3669 4911 3719 4962 ἐν

2157 5004 2267 5062 τοῖς
2300 5000 2580 5069 οὐρανοῖς,
2617 4999 2772 5071 ἡμῶν
2824 4999 2878 5051 δὲ
2927 4999 3080 5062 Θεός.
3144 4999 3366 5069 Ἐπειδὴ
3404 4999 3460 5051 δὲ
3500 5000 3528 5050 6
3572 5001 3715 5067 φύσει

2157 5094 2248 5145 καὶ
2277 5092 2491 5162 ἀληθῶς
2515 5093 2640 5154 Υἱὸς
2668 5093 2859 5160 γέγονε
2904 5093 3022 5145 καθ’
3055 5092 3224 5162 ἡμᾶς,
3261 5093 3394 5144 Θεὸν
3439 5093 3713 5162 ἐσχηκέναι

2153 5185 2316 5254 φησιν
2357 5183 2538 5247 αὐτὸν,
2569 5185 2709 5236 κατὰ
2739 5201 2800 5251 γε
2829 5183 2916 5235 τὸν
2951 5187 3015 5252 τῇ
3052 5183 3277 5237 κενώσει
3323 5186 3598 5254 πρέποντα
3637 5187 3710 5237 λό-

2151 5294 2264 5343 γον.
2297 5276 2502 5329 Δὲὀωκε
2526 5276 2581 5328 δὲ
2614 5275 2706 5329 καὶ
2733 5277 2863 5345 ἡμῖν
2897 5275 2986 5327 τὸν
3017 5275 3211 5330 ἑαυτοῦ
3241 5277 3459 5346 Πατέρα
3480 5294 3493 5306 ’
3525 5280 3709 5347 γέγρα-

2151 5387 2279 5420 πται
2324 5368 2458 5438 γὰρ,
2502 5369 2581 5419 ὅτι
2620 5369 2812 5420 ι”υσοι
2837 5367 2893 5418 δὲ
2923 5367 3112 5430 ἔλαϐον
3150 5369 3348 5434 αὑτὸν,
3384 5369 3582 5422 ἔδωκεν
3623 5371 3704 5423 αὐ·

2148 5465 2259 5524 τοῖς
2292 5460 2540 5527 ἐξουσίαν
2569 5461 2734 5513 τέκνα
2774 5459 2908 5512 Θεοῦ
2935 5459 3187 5526 γενέσθαι
3218 5463 3326 5523 τοῖς
3375 5462 3706 5514 πιστεύουσιν

2145 5559 2222 5617 εἰς
2262 5556 2323 5607 τὸ
2351 5554 2521 5621 ὄνομα
2549 5551 2732 5604 αὑτοῦ.
2762 5571 2778 5601 ι
2816 5553 2874 5603 Εἰ
2905 5551 2958 5602 δὲ
3001 5553 3367 5621 ἀναιρήσομεν
3399 5553 3626 5622 ἀμαθῶς
3657 5551 3706 5605 τὸ

2143 5651 2199 5699 ἐν
2232 5646 2484 5710 arteriis:
2531 5643 2784 5710 γενέσθαι.
2818 5645 2882 5711 τῇ
2917 5641 3037 5694 καθ’
3092 5645 3237 5711 ἡμᾶς
3271 5644 3362 5696 τὸν
3400 5645 3463 5697 ἐκ
3513 5646 3704 5716 Π;τρὸς

2743 5754 2785 5784 ⁸³
2818 5752 3001 5807 Matth.
3037 5770 3164 5806 χχιιι
3193 5797 3204 5820 ,
3237 5757 3286 5808 9.
3369 5759 3410 5787 εδ
3439 5759 3586 5811 Δυηιι.
3625 5774 3698 5818 u.

2249 5759 2291 5788 "3
2326 5757 2456 5812 Joan
2517 5773 2549 5820 Ι,
2587 5757 2664 5808 15.
