3988 6472
331 456 469 510 1275

1461 445 1654 514 QUOD
1695 441 1886 501 UNUS
1927 440 2037 497 SIT
2070 439 2435 498 CHRISTUS.

3472 432 3610 486 1274

325 571 463 624 Θεοῦ
492 571 683 638 Λόγον,
726 569 816 621 τὸν
847 569 904 622 ἐν
939 569 1070 620 πᾶσι
1103 569 1476 636 πρωτεύοντα,
1509 563 1652 616 κατὰ
1694 561 1791 633 τὴν
1822 559 1905 613 τοῐ

2024 568 2205 613 natum
2237 573 2358 613 esse
2392 554 2632 611 Verbum
2658 554 2839 608 Deiex
2872 552 3056 616 Patre,
3088 551 3230 620 quod
3253 550 3305 603 in
3353 550 3610 606 omnibus

329 665 639 731 σοφωτάτου
691 659 905 714 Παύλου
938 658 1142 730 φωνὴν.
1190 658 1325 728 πρὸς
1380 656 1502 708 τίνα
1548 655 1734 724 λοιπὸν
1775 671 1907 724 μορ-

327 756 431 824 φοῦ
442 773 615 822 μενοι,
645 754 896 823 γεννητοὶ
925 753 1061 806 Θεοῦ
1090 751 1179 806 διὰ
1218 749 1536 819 Πνεῦματος
1573 748 1911 821 χρηματιοῦ-

330 865 428 900 οιεν
464 850 624 917 ἡμεῖς
651 864 665 911 ;
688 846 806 899 τὶνα
829 843 920 900 τοῦ
957 845 1282 914 πράγματος
1318 841 1573 903 λαϐόντες
1605 841 1702 910 τὴν
1731 841 1909 911 ἀπαρ-

331 939 446 1010 έὴνν
483 939 514 1006 ἢ
557 937 651 988 καὶ
677 937 820 999 τίνος
850 937 985 1000 ὅλως
1015 937 1092 999 εἷς
1119 937 1265 1006 ἡμᾶς
1299 936 1608 1003 πέμποντος
1648 933 1709 987 τὸ
1748 933 1912 997 ἀξίωο

329 1047 438 1100 μα;
474 1031 636 1081 Φαῖεν
665 1028 748 1089 ἄν,
770 1029 844 1092 ὥς
871 1046 935 1096 γε
963 1024 1137 1098 οἶμαι,
1161 1028 1254 1080 καὶ
1281 1027 1436 1080 αὐτοί
1457 1044 1470 1057 ·
1504 1026 1612 1080 Τοῦ
1639 1025 1911 1096 ἐνανθρω-

326 1123 399 1192 πή
413 1139 603 1184 σαντος
628 1122 823 1189 Λόγου.
853 1119 984 1174 Εἶτα
1015 1120 1131 1184 πῶς
1157 1121 1307 1174 ἔσται
1334 1119 1490 1174 τοῦτο
1511 1119 1727 1191 ἀληθὲς,
1761 1119 1808 1171 εἰ
1834 1118 1908 1189 μὴ

325 1214 488 1277 αὐτὸς
519 1216 708 1284 γέγονε
741 1214 898 1285 σάρξ,
937 1215 1216 1268 τουτέστιν
1248 1214 1553 1284 ἄνθρωπος,
1593 1213 1722 1267 ἴδιον
1752 1229 1910 1282 ποιη-

327 1307 560 1375 σάμενος
597 1308 756 1376 σῶμα
783 1308 842 1359 τὸ
868 1305 1230 1377 ἀνθρώπινον,
1257 1306 1380 1359 καθ’
1415 1306 1610 1357 ἕνωσιν
1642 1305 1908 1358 ἀδιάσπα-

326 1415 472 1463 στον,
498 1399 585 1453 ἵνα
612 1399 703 1451 καὶ
729 1398 896 1453 αὐτοῦ
926 1400 1132 1468 νοῆται,
1157 1399 1251 1451 καὶ
1427 1397 1487 1461 ἐξ
1511 1397 1698 1468 ἐτέρου
1728 1396 1906 1463 τινός;

324 1488 544 1559 Πέμψει
582 1491 690 1561 γὰρ
720 1490 862 1543 οὕτω
908 1491 1002 1544 καὶ
1048 1491 1122 1553 εἰς
1175 1493 1320 1561 ἡμᾶς
1362 1492 1461 1561 τῆς
1500 1489 1774 1553 υἱοθεσίας
1811 1488 1909 1559 τὴν

321 1580 506 1650 χάριν,
547 1583 639 1633 καὶ
676 1583 925 1652 γεννητοι
959 1581 1278 1652 Πνεῦματος
1318 1582 1556 1651 ἐσόμεθα
1588 1581 1681 1634 καὶ
1722 1583 1905 1651 ἡμεῖς,

321 1673 420 1726 ἅτε
452 1673 514 1743 δὴ
545 1677 644 1744 τῆς
692 1675 984 1745 ἀνθρώπου
1024 1675 1241 1744 φύσεως
1281 1677 1338 1728 ἐν
1371 1675 1523 1745 αὐτῷ
1560 1676 1655 1729 καὶ
1705 1673 1908 1745 πρώτῳ

320 1766 596 1835 λαχούσης
625 1765 802 1820 τοῦτο.
828 1767 935 1821 Καί
959 1785 1047 1837 μοι
1073 1767 1220 1821 δοκεῖ
1237 1767 1476 1821 τοιοῦτόν
1497 1785 1548 1820 τι
1571 1766 1692 1820 καθ’
1718 1767 1908 1820 ἑαυτὸν

320 1856 677 1927 ἐννενοηκὼς,
711 1858 878 1926 φάναι
904 1875 1006 1912 που
1045 1859 1137 1912 καὶ
1167 1859 1313 1929 μάλα
1343 1859 1521 1930 ὀρθῶς
1551 1860 1579 1912 6
1619 1860 1907 1924 θεσπέσιος

2019 653 2222 722 primas
2243 651 2451 705 obtinet
2479 648 2544 712 ⁸³,
2569 646 2724 715 juxta
2753 645 2903 699 Pauli
2961 642 3344 714 sapientissimi
3394 657 3611 707 VOCcm,

2017 746 2085 797 ad
2111 758 2274 812 quem
2321 742 2539 795 tandem
2595 737 2948 803 cenformati,
2999 750 3062 790 ex
3126 734 3235 791 Deo
3287 735 3451 805 geniti
3513 749 3613 802 per

2020 837 2282 904 Spiritum
2342 832 2755 902 appellabimur,
2809 840 2902 884 aut
2963 845 3126 899 quem
3195 827 3358 897 hujus
3405 826 3606 896 negotii

2020 927 2317 996 principem
2387 940 2452 979 ac
2513 932 2676 994 caput
2705 921 3066 978 habebimus?
3113 930 3204 973 aut
3233 921 3356 989 quis
3384 919 3610 975 omnino

2019 1021 2157 1074 hanc
2187 1019 2503 1089 dignitatem
2527 1018 2580 1072 in
2623 1032 2722 1072 nos
2774 1015 3180 1071 transmiserit?
3228 1015 3415 1070 Dicent
3478 1029 3608 1081 pro-

2019 1114 2182 1176 recto,
2216 1122 2275 1166 ut
2306 1111 2574 1176 arbitror,
2607 1110 2774 1164 etiam
2800 1109 2901 1178 ipsi
2931 1127 2943 1162 :
2971 1106 3210 1162 Verbum
3241 1109 3606 1160 inc-amatum.

2016 1207 2180 1276 Atqui
2201 1221 2306 1275 quo
2334 1216 2493 1274 pacto
2529 1218 2716 1257 verum
2742 1203 2842 1257 hoc
2875 1200 3000 1265 erit,
3032 1201 3133 1254 nisi
3156 1201 3330 1268 ipsum
3370 1197 3606 1252 Verbum

2017 1299 2220 1353 factum
2255 1307 2338 1351 est
2360 1311 2511 1359 caro,
2541 1295 2644 1350 hoc
2662 1294 2992 1361 est,homof,
3053 1292 3252 1360 quippe
3292 1289 3433 1359 quod
3481 1304 3608 1356 pro-

2015 1391 2193 1460 prium
2224 1390 2324 1445 sibi
2347 1387 2536 1444 fecerit
2559 1403 2758 1457 corpus
2787 1402 2850 1441 ea
2878 1386 3086 1440 unitate
3115 1400 3233 1453 qua:
3252 1383 3434 1438 divelli
3461 1382 3607 1436 nulla

2018 1481 2230 1536 ratione
2248 1486 2449 1549 queat:
2479 1478 2553 1532 ita
2591 1477 2849 1531 nimirum
2874 1486 2930 1529 ut
2964 1475 3136 1544 ipsius
3178 1473 3337 1528 Verbi
3384 1487 3610 1527 censea-

2018 1583 2125 1640 tur,
2160 1583 2338 1630 etnon
2361 1572 2585 1627 alterius
2609 1568 2946 1640 cuiuspiam?
2973 1567 3084 1625 Hoc
3106 1568 3249 1622 enim
3266 1578 3422 1635 pacto
3439 1567 3607 1620 etiam

2019 1670 2070 1721 in
2102 1681 2198 1721 nos
2242 1664 2572 1719 transmittet
2631 1661 2904 1716 tiliationis
2956 1659 3519 1729 gratiam,genitique
3578 1672 3610 1712 e

2021 1756 2224 1826 Spiritu
2255 1755 2461 1810 erimus
2508 1753 2673 1808 etiam
2711 1766 2834 1819 nos,
2886 1761 3077 1821 utpote
3139 1761 3333 1804 natura
3366 1751 3608 1803 humana

2018 1848 2189 1903 hocin
2210 1849 2328 1917 ipso
2350 1855 2404 1901 et
2425 1843 2647 1916 quidem
2683 1844 2863 1913 primo
2889 1851 3207 1897 consecuta.
3233 1842 3311 1894 Ac
3334 1841 3464 1894 mihi
3495 1839 3612 1909 qui.

322 1947 568 2011 Παῦλοςο
603 1968 621 1998 ι
661 1949 875 2020 ’Ὠσπερ
915 1950 1022 2021 γάρ
1058 1950 1404 2021 ἐφορέσαμεν
1439 1950 1537 2021 τὴν
1581 1951 1767 2004 εἰκόνα
1809 1950 1902 2005 τοῦ

2016 1941 2129 1995 dem
2192 1939 2409 1993 videtur
2455 1937 2620 1992 etiam
2664 1937 2882 1990 divinus
2949 1935 3172 1997 Paulus,
3233 1933 3606 2002 hujuscemodi

317 2040 529 2110 χοϊκοῦ,
565 2041 871 2112 φορέσομεν
905 2043 998 2096 καὶ
1038 2043 1135 2112 τῂν
1169 2042 1356 2097 είκόνα
1386 2043 1480 2096 τοῦ
1505 2043 1832 2115 ἐπουρανίου
1853 2062 1900 2096 ἰ

319 2133 415 2184 καὶ
442 2132 534 2184 τὸν
585 2131 684 2202 μὲν
736 2133 953 2205 πρῶτον
985 2134 1274 2202 ἄνθρωπον
1316 2136 1382 2189 ἐκ
1419 2136 1523 2206 γῆς
1564 2137 1666 2208 ἔφη
1700 2135 1905 2206 χοῖκδν,

317 2224 413 2275 τὸν
461 2223 517 2275 δὲ
553 2222 803 2293 δεύτερον
844 2224 903 2290 ἐξ
944 2224 1180 2295 οὐρανοῦ
1204 2242 1217 2255 ο
1261 2245 1279 2276 ι
1317 2225 1456 2280 Ἀλλ’
1505 2221 1616 2290 οἷος
1647 2227 1675 2277 6
1703 2226 1906 2296 χοῖκὸς.

317 2313 547 2367 τοιοῦτοι
596 2316 692 2368 καὶ
715 2317 762 2369 οξ
797 2316 991 2387 χοῖκοὶ,
1038 2317 1193 2388 φησὶ,
1227 2317 1322 2371 καὶ
1354 2313 1465 2382 οἷος
1497 2319 1525 2371 6
1561 2320 1906 2390 ἐπουράνιος,

316 2406 554 2459 τοιοῦτοι
586 2408 678 2459 καὶ
711 2408 759 2459 oi
811 2409 1150 2478 ἐπουράνιοι.
1180 2427 1196 2459 ι
1237 2411 1428 2463 Χοῖκοὶ
1468 2411 1576 2482 γάρ
1612 2412 1800 2480 ἐσμεν,
1834 2411 1909 2476 ὠς

317 2501 384 2551 ἐκ
426 2498 614 2568 χοϊκοῦ
647 2498 743 2552 τοῦ
780 2499 952 2569 Ἀδὰμ
988 2501 1454 2571 παρεμπεσούσης
1489 2505 1570 2564 είς
1608 2503 1756 2572 ἡμᾶς
1806 2503 1909 2572 τῆς

316 2591 458 2660 ἀρᾶς
499 2590 599 2658 τῆς
640 2590 868 2661 φθορᾶς,
899 2590 966 2644 δι’
1001 2587 1067 2664 ἦς
1096 2593 1188 2645 καὶ
1220 2595 1249 2646 6
1289 2594 1389 2664 τῆς
1423 2594 1698 2665 ἁμαρτίας
1730 2595 1906 2648 εἰσέδυ

314 2681 502 2750 νόμος,
534 2684 561 2734 6
584 2683 641 2733 ὲν
661 2685 772 2746 τοῖς
807 2682 993 2752 μέλεσι
1025 2686 1138 2747 τοῖς
1165 2685 1266 2754 τῆς
1303 2686 1524 2757 σαρκός.
1561 2688 1907 2758 Ἑπουράνιοι

313 2771 374 2824 δὲ
407 2772 734 2842 γεγόναμεν,
785 2774 860 2838 ὡς
912 2777 972 2829 ἐν
1025 2775 1248 2846 Χριστῷ
1294 2777 1552 2842 λαὸόντες
1599 2779 1658 2832 τὸ
1694 2781 1904 2850 χρῆμα.

314 2861 450 2924 Θεὸς
477 2862 586 2933 γὰρ
628 2861 704 2914 ῶν
745 2864 906 2932 φύσει
932 2866 1026 2919 καὶ
1076 2868 1140 2918 ἐκ
1175 2866 1312 2919 Θεοῦ
1336 2868 1428 2920 καὶ
1473 2869 1700 2933 ἄνωθεν,
1738 2888 1908 2923 κατα-

323 2955 660 3025 πεφοίτηκεν
711 2956 770 3008 ὲν
817 2959 931 3020 τοῖς
981 2958 1105 3011 καθ’
1152 2960 1302 3028 ἡμᾶς
1362 2962 1647 3030 ἀσυνήθως
1704 2979 1763 3015 τε
1815 2964 1908 3017 καὶ

319 3045 506 3110 ξένιος,
529 3048 786 3116 γεννητὸς
812 3049 952 3102 κατὰ
977 3051 1157 3123 σάρκα
1184 3051 1424 3119 γεγονὼς
1454 3053 1547 3109 τοῦ
1573 3053 1905 3125 πνεύματος,

318 3134 408 3188 ῐνα
463 3137 609 3205 ἆγιοί
663 3156 722 3192 τε
774 3140 867 3192 καὶ
926 3142 1194 3215 ἄφθαρτοι
1235 3145 1327 3197 καὶ
1375 3146 1539 3214 ἡμεῖς
1573 3147 1694 3200 κατ’
1744 3147 1909 3201 αὐτὸν

314 3226 684 3299 διαμείνωμεν
709 3229 785 3294 ῶς
823 3229 882 3296 ἐξ
913 3233 1086 3303 ἀρχῆς
1114 3235 1210 3286 καὶ
1247 3233 1404 3305 ῥίζης
1428 3236 1690 3307 δευτέρας
1719 3236 1903 3300 αὑτοῦ,

316 3315 560 3386 δηλονότι
591 3321 1025 3394 καταὸαινούσης
1061 3325 1140 3386 είς
1169 3326 1318 3394 ἡμᾶς
1357 3325 1454 3396 τῆς
1483 3327 1727 3396 χάριτος.

391 3597 451 3650 Β.
491 3597 726 3666 Ἀριστα
770 3600 921 3667 ἔφης.

390 3689 452 3743 Λ.
495 3689 627 3739 Τίνα
681 3688 737 3739 δὲ
786 3690 989 3757 τρόπον
1040 3689 1134 3742 καὶ
1161 3687 1481 3758 ὠμοιῶσθαί
1526 3705 1692 3756 φασιν
1746 3687 1910 3742 αὐτὸν

315 3775 464 3831 κατὰ
507 3777 686 3828 πάντα
728 3778 843 3838 τοῖς
892 3775 1162 3844 ἀδελφοῖς,
1209 3777 1488 3830 τουτέστιν
1527 3779 1695 3846 ἡμῖνς
1746 3777 1778 3848 ἢ
1815 3778 1909 3830 καὶ

317 3868 403 3931 τίς
441 3868 578 3930 ὅλως
618 3867 776 3920 νοοῖτ’
817 3867 883 3921 ἂν
925 3870 953 3921 ό
987 3868 1086 3938 τὴν
1132 3869 1393 3937 ὁμοίωσιν
1439 3868 1722 3933 ὑπελθὼν,
1754 3871 1802 3922 εί
1834 3869 1908 3940 μὴ

316 3959 461 4011 κατὰ
488 3959 648 4026 φύσιν
668 3959 853 4026 ἕτερος
874 3954 963 4028 ἦν,
997 3960 1089 4011 καὶ
1121 3961 1221 4012 οὐκ
1260 3959 1315 4011 έν
1339 3976 1402 4027 γε
1429 3961 1541 4022 τοῖς
1575 3958 1697 4012 καθ’
1724 3961 1903 4029 ἡμᾶς;

317 4050 390 4103 Τὸ
447 4050 555 4120 γάρ
599 4051 662 4118 γέ
707 4067 851 4104 τισιν
907 4051 1284 4121 ὁμοιούμενον,
1326 4047 1465 4104 εἷναί
1519 4069 1619 4104 που
1689 4051 1907 4114 πάντως

315 4143 533 4212 ἀνάγκη
564 4143 820 4213 διάφορον
846 4145 974 4213 παρ’
1007 4144 1226 4206 αὐτοὺς,
1253 4145 1347 4198 καὶ
1373 4144 1472 4198 οὐκ
1492 4144 1666 4208 ἐοικὸς
1699 4145 1904 4210 αὐτοῖς,

316 4235 614 4305 ἑτεροειδὲς
661 4236 718 4288 δὲ
769 4236 990 4304 μᾶλλον,
1033 4235 1211 4289 εῐτουν
1263 4239 1579 4308 ἐτεροφυές.
1629 4237 1907 4307 ’Λνόμοιος

315 4329 496 4382 τοίνυν
559 4329 824 4399 ὑπάρχων
875 4330 1006 4400 ἡμῖν
1069 4330 1211 4383 κατὰ
1259 4330 1424 4400 φύσιν
1468 4333 1496 4385 6
1551 4331 1904 4401 Μονογενὴς,

313 4419 634 4488 ὼμοιῶσθαι
679 4422 898 4490 λέγεται
942 4421 1182 4490 γεγονὼς
1234 4421 1355 4477 καθ’
1407 4425 1588 4493 ἡμᾶς,
1626 4424 1904 4476 τουτέστιν

313 4510 622 4580 ἄνθρωπος.
662 4512 873 4566 Γὲνοιτο
901 4513 947 4566 δ”
989 4513 1053 4566 ἂν
1081 4512 1238 4567 τοῦτο
1271 4515 1368 4568 καὶ⁴
1411 4515 1556 4582 μάλα
1597 4514 1774 4585 ὀρθῶς
1812 4517 1904 4568 καὶ

2014 2030 2290 2102 quidpiam
2321 2029 2584 2092 sentiens,
2620 2027 2745 2081 alibi
2773 2028 2846 2081 ita
2907 2035 3057 2082 recte
3102 2027 3392 2080 admodum
3433 2025 3607 2080 dixis-

2011 2139 2114 2180 se:
2158 2142 2178 2175 ι
2209 2121 2682 2190 Quemadmodum
2731 2120 2876 2173 enim
2923 2119 3262 2189 portavimus
3311 2118 3609 2187 imaginem

2015 2217 2237 2281 terreni,
2269 2214 2612 2285 portabimus
2642 2212 2808 2267 etiam
2847 2212 3138 2281 imaginem
3201 2211 3442 2266 cmlestis
3478 2210 3546 2264 ⁸⁹.
3584 2228 3603 2262 ι

2013 2309 2082 2362 Ει
2111 2310 2346 2380 primum
2385 2305 2604 2378 quidem
2651 2304 2924 2360 hominem
2961 2319 3028 2358 ex
3071 2313 3236 2368 terra,
3269 2303 3405 2358 dixit
3447 2312 3614 2357 terre-

2013 2419 2174 2468 num;
2206 2403 2504 2458 secundum
2525 2413 2656 2455 vero
2679 2414 2743 2454 ex
2772 2397 2932 2461 coelo,
2958 2396 3258 2452 etelestem.
3295 2413 3313 2446 ι
3343 2393 3450 2449 Sed
3473 2409 3613 2464 qua-

2013 2496 2078 2551 lis
2115 2507 2384 2558 terrenus,
2440 2492 2576 2549 tales
2634 2501 2690 2547 et
2750 2491 2991 2555 terreni;
3044 2499 3097 2545 et
3141 2488 3607 2559 qualiscoelcstis,

2013 2589 2148 2644 tales
2178 2597 2231 2643 et
2276 2588 2556 2644 cwlestes.
2597 2605 2616 2638 ι
2650 2583 2878 2641 Terreni
2936 2585 3082 2640 enim
3145 2599 3356 2648 sumus,
3423 2589 3613 2650 utpote

2014 2677 2334 2733 transmissa
2363 2676 2417 2732 in
2459 2691 2558 2732 nos
2616 2690 2683 2730 ex
2732 2687 2948 2730 terreno
2998 2674 3171 2728 Adam
3226 2672 3613 2728 maledictione

2011 2769 2403 2841 corruptionis,
2447 2784 2724 2841 perquam
2757 2777 2811 2823 et
2836 2768 2920 2822 lex
2953 2769 3166 2838 peccati
3204 2767 3454 2838 irrepsit,
3487 2781 3611 2836 qua:

2009 2871 2093 2915 est
2121 2863 2172 2916 in
2202 2862 2463 2916 membris
2496 2863 2700 2916 carnis.
2733 2860 2997 2915 leestes
3015 2871 3194 2915 autem
3229 2860 3356 2914 facti
3398 2875 3610 2925 smnus,

2011 2956 2063 3009 in
2088 2954 2307 3010 Christo
2333 2953 2384 3008 id
2409 2953 2708 3008 consecuti.
2748 2954 2888 3009 Deus
2913 2954 3058 3009 enim
3085 2955 3363 3008 exsistens
3394 2962 3608 3017 natura,

2009 3056 2064 3100 et
2093 3061 2157 3100 ex
2196 3045 2304 3101 Deo
2328 3055 2492 3115 atque
2525 3061 2588 3099 ex
2618 3045 2889 3114 supernis,
2961 3046 3242 3100 descendit
3283 3046 3348 3098 ad
3399 3056 3608 3110 nostra,

2012 3154 2149 3192 novo
2178 3149 2340 3206 atque
2387 3137 2651 3191 inusitato
2689 3151 2839 3190 more
2863 3138 3081 3206 genitus
3131 3137 3431 3191 secundmn
3485 3153 3609 3192 car-

2013 3245 2134 3284 nem
2163 3229 2336 3283 iactus
2359 3237 2443 3283 est
2491 3226 2749 3296 Spiritus,
2801 3239 2858 3282 ut
2894 3229 3151 3282 videlicet
3207 3231 3381 3283 sancti
3441 3239 3609 3300 atque

2015 3319 2460 3386 incorruptibiles
2511 3317 2676 3372 etiam
2737 3334 2836 3373 nos
2883 3320 2935 3372 in
3005 3321 3123 3387 ipso
3196 3335 3515 3376 maneamus
3543 3336 3612 3376 ex

2016 3415 2159 3483 ipso,
2205 3421 2468 3480 tanquam
2500 3427 2564 3466 ex
2607 3411 2879 3481 principio
2907 3421 2960 3465 et
3016 3411 3202 3467 radice
3259 3413 3520 3478 secunda,
3558 3415 3612 3470 in

2015 3520 2115 3560 nos
2146 3501 2470 3557 transmissa
2499 3503 2695 3572 gratia.

2085 3596 2146 3650 Β.
2185 3595 2405 3665 Optime
2437 3595 2644 3649 dixisti.

2083 3690 2150 3742 A.
2191 3687 2436 3754 Quonam
2473 3702 2602 3740 vero
2644 3695 2800 3754 pacto
2842 3685 3007 3740 etiam
3040 3685 3272 3741 similem
3310 3687 3484 3756 ipsum
3529 3688 3612 3743 fa—

2014 3789 2161 3834 ctum
2193 3795 2316 3834 esse
2342 3780 2496 3833 aiunt
2520 3795 2615 3846 per
2637 3779 2819 3832 omnia
2852 3778 3134 3846 fratribus,
3166 3780 3265 3834 hoc
3292 3793 3394 3844 eSI,
3425 3782 3615 3835 nobis?

2013 3882 2106 3925 aut
2135 3871 2383 3940 quisnam
2417 3871 2641 3923 omnino
2672 3879 2964 3923 censeatur
3006 3869 3175 3924 fuisse
3210 3869 3253 3924 is
3285 3872 3373 3939 qui
3411 3872 3608 3924 simili-

2016 3965 2253 4019 tudinem
2290 3974 2532 4018 nostram
2564 3963 2748 4027 subiit,
2777 3963 2877 4017 nisi
2911 3964 3207 4016 secundum
3241 3974 3487 4016 naturain
3525 3967 3611 4014 dl-

2012 4073 2202 4113 vcrsus
2238 4067 2377 4120 erat,
2418 4066 2474 4110 et
2519 4071 2628 4110 non
2677 4055 2832 4110 nobis
2871 4055 3110 4109 similis?
3139 4054 3289 4121 Quod
3323 4056 3468 4108 enim
3508 4056 3609 4108 ali-

2012 4150 2206 4218 quibus
2236 4149 2414 4203 simile
2449 4147 2708 4211 eﬂicitur,
2761 4162 2982 4202 necesse
3016 4158 3101 4202 est
3134 4159 3191 4200 ut
3222 4147 3495 4202 diversum
3545 4149 3613 4202 ab

2012 4244 2077 4298 iis
2108 4243 2402 4307 exstiterit,
2440 4257 2614 4310 neque
2662 4240 2837 4295 simile
2870 4242 3022 4310 ipsis,
3057 4241 3150 4296 sed
3179 4242 3359 4311 potius
3392 4242 3613 4296 alterius

2010 4332 2234 4402 speciei,
2268 4334 2384 4387 sive
2421 4344 2651 4385 naturae.
2685 4331 2848 4401 726
2878 4331 3170 4385 Dissimilis
3196 4332 3379 4399 itaque
3405 4342 3612 4386 naturm

2012 4445 2040 4482 a
2079 4428 2235 4483 nobis
2262 4427 2531 4481 exsistens
2566 4425 2910 4496 Unigenitus,
2943 4425 3136 4478 similis
3166 4423 3338 4478 factus
3379 4440 3498 4478 esse
3525 4425 3609 4478 di-

2011 4521 2172 4581 citur,
2207 4522 2380 4572 factus
2428 4518 2477 4571 id
2515 4519 2656 4586 quod
2692 4531 2808 4580 nos,
2869 4516 2966 4568 hoc
3005 4525 3108 4578 cst,
3157 4514 3335 4567 homo.
3385 4513 3608 4567 Factum

317 4604 517 4674 μόνως,
549 4606 607 4656 ἐν
630 4606 882 4670 ἀπο-τέξει
915 4609 980 4676 τῇ
1018 4606 1138 4660 καθ’
1165 4608 1338 4676 ἡμᾶς,
1362 4609 1409 4661 εί
1440 4609 1536 4661 καὶ
1563 4606 1902 4678 παραδόξως,

2016 4625 2194 4666 autem
2227 4613 2327 4666 fuit
2354 4613 2474 4674 hoc,
2517 4621 2569 4663 et
2595 4619 2740 4662 recte
2776 4610 3064 4662 admodum
3098 4623 3160 4661 ac
3193 4608 3534 4661 solummodo
3559 4607 3609 4660 iu

311 4696 399 4747 ἐπ’
423 4695 612 4749 αὑτοῦ.
641 4697 772 4759 Θεὸς
796 4697 905 4768 γὰρ
935 4693 1003 4767 ἦν
1031 4700 1058 4751 ό
1081 4699 1472 4769 σαρκούμενος.
1505 4699 1900 4769 Ὀμολογείσθω

310 4804 373 4853 γε
412 4788 519 4858 μὴν
558 4788 634 4850 ὡς
673 4789 920 4858 ἐψύχωτο
950 4793 1153 4861 νοερῶς
1184 4791 1246 4844 τὸ
1293 4791 1494 4844 ὲνωθὲν
1531 4793 1679 4863 αὐτῷ
1719 4793 1899 4863 σῶμα.

310 4879 390 4930 Οῦ
423 4879 532 4948 γάρ
568 4897 651 4931 τοι
681 4881 741 4933 τὸ
780 4883 1026 4950 κρεῖττον
1056 4883 1164 4934 τῶν
1199 4884 1257 4936 ἐν
1283 4885 1416 4953 ἡμῖν
1445 4885 1624 4952 ἀφεὶς,
1654 4889 1901 4940 τουτέστι

313 4972 512 5041 ςυχὴν,
547 4972 710 5042 μόνου
744 4975 1038 5043 πεποίηται
1063 4974 1229 5042 φειδὼ
1259 4977 1452 5046 γηῖνου
1483 4976 1760 5045 σώματος,
1785 4979 1899 5031 ἀλλ’

311 5065 446 5132 ἐμοῦ
482 5065 658 5135 ψυχῆς
699 5067 790 5118 καὶ
838 5066 1088 5136 σώματος
1124 5070 1421 5139 προενόησε
1467 5071 1644 5140 σοφῶς
1669 5071 1800 5136 Θεὸς
1827 5072 1902 5126 ῶν

313 5158 339 5207 ό
370 5156 564 5222 Λόγος.

384 5334 443 5385 Β.
489 5334 752 5404 Σύμφημι
773 5351 787 5366 ο
819 5341 1037 5408 φρονεῖς
1066 5341 1174 5410 γὰρ
1201 5343 1397 5413 ὀρθῶς.

383 5426 443 5476 Α.
489 5425 698 5477 Οὐκοῦν
736 5428 784 5478 εἰ
828 5428 1035 5496 λέγοιεν
1063 5431 1111 5483 οἱ
1148 5432 1213 5483 δι’
1253 5435 1521 5502 ἐναντίας,
1558 5440 1756 5508 ἥκιστα
1801 5443 1898 5510 μὲν

311 5515 575 5568 θεοτόκον
597 5517 958 5586 ὀνομάζεσθαι
989 5523 1099 5574 δεῖν
1132 5523 1226 5594 τὴν
1251 5527 1414 5593 ἁγίαν
1445 5529 1740 5598 Παρθένον,
1766 5535 1895 5604 Χριο

314 5607 568 5659 στοτόκον
593 5609 648 5662 δὲ
679 5611 899 5678 μᾶλλον,
931 5615 1306 5685 δυσφημοῦσιν
1330 5620 1656 5688 ἀναφανδὸν,
1682 5627 1775 5678 καὶ
1803 5629 1896 5678 τοῦ

313 5691 453 5749 εἶναι
483 5698 616 5751 Θεὸν
651 5701 742 5751 καὶ
773 5701 900 5755 Υἱὺν
936 5702 1153 5772 ἀληθῶς
1189 5707 1518 5763 ἀποσοϐοῦσι
1544 5715 1796 5784 Χριστόν.
1837 5718 1894 5768 ΕΞ

321 5788 425 5856 γὰρ
468 5784 606 5843 εἶναι
653 5794 967 5847 πιστεύουσι
1006 5797 1137 5849 θεὸν
1166 5799 1379 5867 ἀληθῶς
1435 5805 1615 5869 αὐτὸν,
1651 5809 1724 5870 ὡς
1778 5815 1894 5862 xa‘i'

389 5880 431 5912 "'
465 5881 480 5934 Ι
519 5884 641 5938 Cor.
684 5903 765 5947 xv.
794 5885 881 5941 25.
962 5888 1004 5919 ⁶⁵’
1043 5891 1169 5946 ibid.
1202 5893 1284 5948 i9.

2011 4705 2292 4759 nativitate
2327 4712 2528 4758 nostrzc
2570 4700 2760 4765 simili,
2795 4703 3008 4754 tametsi
3036 4698 3429 4752 admirabiliter
3469 4699 3611 4767 quod

2011 4797 2077 4849 ad
2121 4796 2295 4863 ipsum
2342 4795 2557 4847 attinet.
2606 4792 2748 4846 Deus
2792 4791 2938 4845 enim
2993 4801 3134 4854 erat,
3170 4792 3259 4858 qui
3295 4789 3612 4842 incarnatus

2009 4895 2112 4941 est.
2153 4886 2515 4941 Proﬁteamur
2556 4887 2744 4953 utique
2781 4882 3081 4934 animatum
3115 4895 3235 4934 esse
3271 4881 3612 4934 intellectua-

2011 4979 2136 5032 liter
2161 4994 2360 5047 corpus
2405 4978 2505 5047 ipsi
2555 4977 2788 5030 unitum.
2839 4973 3026 5042 Neque
3057 4975 3198 5026 enim
3233 4974 3611 5042 pra‘stautim-e

2010 5073 2183 5126 nostri
2220 5082 2394 5141 parte,
2433 5071 2535 5124 hoc
2561 5078 2663 5134 est,
2698 5069 2878 5122 anima
2906 5065 3173 5136 neglecta,
3205 5065 3371 5119 solius
3407 5066 3606 5118 terreni

2009 5165 2258 5232 corporis
2292 5179 2422 5217 cura
2466 5163 2651 5215 habita
2689 5171 2791 5225 est,
2834 5160 2927 5214 sed
2958 5160 3118 5214 simul
3150 5159 3346 5212 animae
3387 5167 3441 5212 et
3483 5174 3607 5212 cor-

2009 5258 2126 5326 p0ri
2163 5257 2436 5324 sapienter
2461 5253 2738 5324 prospexit
2772 5252 2910 5307 Deus
2939 5252 3209 5305 exsistens
3238 5251 3497 5305 Verbum.

2079 5351 2138 5404 Β.
2179 5350 2507 5403 Assentior:
2550 5359 2695 5401 recte
2717 5346 2862 5401 enim
2900 5347 3092 5398 sentis.

2079 5441 2145 5494 Λ.
2182 5440 2419 5494 Proinde
2441 5441 2485 5493 si
2512 5440 2692 5493 dicant
2715 5438 3034 5498 adversarii,
3058 5444 3304 5490 sanctam
3333 5433 3606 5503 Virginem

2009 5532 2150 5586 nulla
2200 5532 2412 5584 ratione
2467 5530 2750 5600 Deiparam
2781 5528 3037 5598 appellari
3068 5530 3288 5587 debere,
3313 5528 3404 5580 sed
3435 5530 3610 5595 potius

2008 5627 2432 5694 Christiparam,
2468 5625 2754 5677 manifeste
2807 5622 3206 5689 blasphcmaut,
3243 5632 3294 5673 et
3330 5620 3606 5674 Christum

2011 5721 2175 5774 Deum
2225 5734 2286 5772 ac
2335 5734 2457 5773 tere
2509 5719 2701 5772 Filium
2739 5732 2860 5770 esse
2894 5726 3112 5784 negant.
3151 5715 3279 5768 Nam
3325 5715 3366 5767 si
3425 5715 3604 5780 ipsum

2011 5828 2195 5866 ti-vcra
2267 5810 2432 5865 licum
2499 5827 2618 5865 esse
2670 5810 2918 5870 credunt,
2985 5819 3166 5876 utpote
3223 5809 3390 5862 nostri
3439 5804 3603 5860 simili
