3988 6486
428 430 569 492 ιετν

1464 431 1520 486 S.
1561 428 1834 486 CYRILLI
1868 422 2335 483 ALEXANDRINI
2380 421 2696 478 ABCI—IIEP.

3555 420 3702 478 ιεεο

431 541 682 608 mortuis,
710 547 765 597 et
791 540 965 596 evexit
993 539 1044 594 in
1075 539 1294 608 ccelum,
1330 549 1384 595 et
1409 541 1692 605 collocavit
1734 556 1764 596 a
1801 541 2003 596 dextris

2111 537 2473 608 πειρασθῆναι
2503 537 2947 606 παρασκευάσας,
2990 537 3211 607 ἐγείρας
3251 534 3311 588 δὲ
3347 535 3414 586 ὲκ
3451 535 3696 603 νεκρῶν.

433 630 545 684 Dei.
574 628 725 684 Unde
752 636 808 683 et
836 641 994 698 supra
1024 641 1240 682 omnem
1270 631 1540 684 exsistcns
1562 627 1926 697 Principatum
1951 637 2006 682 et

431 720 752 785 Potestates,
777 717 1021 774 Virtutes
1049 735 1113 776 ac
1137 721 1561 789 Dominationes,
1593 730 1650 777 et
1663 736 1823 793 supra
1844 734 2005 776 omne

429 825 623 865 nomen
665 809 808 881 quod
847 811 1160 867 nominatur
1188 828 1291 867 non
1335 813 1506 868 solum
1553 815 1605 869 in
1640 814 1743 869 hoc
1786 813 2002 880 seculo,

427 917 612 956 verum
636 904 799 957 etiam
829 904 883 957 in
908 904 1088 960 futuro
1105 905 1247 968 ",ab
1268 906 1412 960 omni
1442 915 1691 962 creatura
1715 907 2002 972 adorator;

429 1001 613 1061 utpote
640 993 1055 1063 inseparabilem
1086 1010 1208 1050 cum
1245 995 1428 1050 divina
1459 1006 1650 1050 natura
1679 997 2008 1067 conjunctio-

429 1101 554 1140 nem
599 1087 826 1153 habens,
861 1077 1111 1157 quodque
1141 1085 1232 1140 Dei
1263 1097 1507 1156 respectu
1537 1097 1702 1157 atque
1733 1089 2005 1144 intellectu

427 1179 605 1233 omnis
653 1187 900 1233 creatura
947 1179 995 1234 ei
1048 1179 1420 1236 adorationem
1456 1178 1686 1235 deferat.
1734 1179 1899 1250 729
1940 1180 2006 1236 Et

430 1284 602 1339 neque
643 1272 778 1326 duos
820 1271 1045 1326 dicimus
1092 1270 1252 1336 ﬁlios,
1321 1285 1494 1342 neque
1540 1271 1675 1327 duos
1732 1273 2002 1328 dominos.

427 1363 560 1416 Cum
605 1372 784 1416 autem
836 1361 1004 1416 Filius
1053 1363 1125 1417 sit
1181 1363 1475 1417 secundum
1521 1363 1811 1417 essentiam
1865 1363 2005 1418 Deus

429 1450 685 1518 Verbum,
714 1451 1021 1521 unigenitus
1063 1450 1236 1506 Filius
1261 1451 1460 1518 Patris,
1497 1451 1582 1507 cui
1613 1453 1701 1508 hic
1724 1453 2006 1523 cOpulatus

425 1553 512 1598 est
555 1554 610 1599 et
659 1544 954 1621 particeps,
999 1559 1340 1600 communem
1379 1545 1537 1600 etiam
1572 1560 1695 1599 cum
1725 1559 1791 1600 eo
1819 1546 2002 1614 appel-

429 1635 682 1690 lationem
711 1629 1043 1704 gloriamque
1066 1636 1415 1690 nanciscitur.
1443 1635 1507 1688 Et
1535 1637 1791 1691 Dominus
1814 1651 2006 1692 secun-

429 1729 554 1780 dum
586 1726 878 1781 essentiam
914 1727 1052 1780 Deus
1077 1726 1334 1791 Verbum,
1357 1727 1442 1780 cui
1463 1728 1744 1796 c0pulatus
1773 1729 1881 1791 hic,
1911 1729 2006 1783 ho-

429 1817 572 1870 noris
617 1819 778 1871 etiam
804 1817 1073 1886 particeps
1105 1818 1188 1882 lit,
1219 1825 1386 1884 atque
1425 1818 1622 1873 idcirco
1651 1833 1823 1888 neque
1870 1819 2004 1874 duos

425 1907 655 1963 dicimus
688 1908 846 1976 ﬁlios,
899 1923 1075 1977 neque
1100 1909 1236 1964 duos
1261 1909 1524 1964 dominos.
1571 1908 1848 1979 Siquidem
1880 1925 2002 1964 cum

427 1999 741 2054 manifestus
775 2000 844 2054 sit
873 1999 962 2067 qui
998 2000 1234 2053 essentia
1282 2014 1376 2054 sua
1410 2011 1495 2055 est
1532 2000 1786 2054 Dominus
1830 2011 1884 2056 et
1912 2001 2002 2055 Fi-

430 2087 563 2154 lius,
609 2087 1021 2157 inseparabilem
1056 2088 1263 2144 habens
1307 2105 1428 2144 cum
1466 2104 1531 2145 eo
1563 2090 2002 2158 coniunctionem

427 2178 473 2232 is
502 2179 590 2247 qui
619 2187 815 2233 nostra:
842 2179 1030 2234 salutis
1061 2194 1223 2235 causa
1251 2193 1496 2250 sumptus
1527 2191 1630 2245 est,
1656 2181 1814 2234 simul
1838 2183 2001 2237 etiam

428 2269 654 2323 infertur
697 2279 859 2338 atque
903 2271 1218 2342 intelligitur
1260 2287 1384 2326 cum
1423 2271 1780 2342 appellatione
1839 2283 2004 2344 atque

426 2359 590 2429 gloria
620 2358 735 2414 Filii
761 2370 814 2415 et
846 2360 1079 2416 Domini.

496 2455 562 2505 Δ.
599 2450 643 2506 0
673 2451 946 2522 ingentem
974 2453 1300 2522 imperitiam
1336 2463 1500 2525 atque
1527 2457 1791 2512 insaniam
1814 2474 2000 2514 eorum

426 2543 515 2613 qui
547 2543 620 2596 ita
655 2556 778 2598 sese
811 2558 923 2598 rem
959 2543 1160 2600 habere
1199 2547 1302 2600 sibi
1342 2549 1702 2614 persuadent!
1751 2550 2003 2606 lncredu-

429 2633 552 2689 litas
575 2635 718 2690 enim
754 2650 900 2690 mera
925 2646 1010 2690 est
1038 2637 1150 2691 hare
1186 2653 1274 2692 res
1305 2638 1698 2710 impiarumque
1737 2643 2004 2711 inventio-

427 2741 553 2780 num
588 2727 820 2793 novitas,
855 2736 910 2781 et
939 2729 1102 2782 totius
1133 2729 1329 2784 divinae
1353 2745 1629 2801 sacraeque
1660 2735 2002 2803 praedicatio.

427 2819 511 2873 uis
563 2818 877 2881 subversio,
927 2833 1046 2887 qua:
1096 2836 1259 2874 unum
1313 2836 1433 2876 esse
1486 2823 1769 2877 Dominum
1816 2825 2002 2880 Jesutn

425 2905 697 2960 Christum
747 2904 940 2960 Filium
987 2906 1080 2962 Dei
1123 2909 1443 2978 proclamat,
1478 2912 1730 2966 nimirum
1769 2913 2002 2968 Verbum

425 3012 489 3050 ex
539 2997 644 3051 Deo
679 2998 835 3052 Patre
873 2999 1146 3054 hominem
1193 3001 1392 3054 lat-tum
1443 3013 1605 3072 atque
1641 3005 2003 3070 incarnatum,

429 3090 502 3141 ita
539 3097 595 3140 ut
622 3087 693 3141 sit
722 3089 833 3157 ipse
884 3085 1027 3143 Deus
1057 3089 1213 3143 simul
1242 3100 1294 3143 et
1318 3091 1510 3155 homo;
1545 3101 1598 3144 et
1629 3091 1788 3146 unius
1825 3093 2002 3145 omnia

427 3176 626 3242 divina,
652 3192 716 3231 ac
751 3190 1008 3246 przeterea
1044 3179 1298 3233 humana.
1335 3180 1432 3236 llic
1468 3183 1609 3236 enim
1636 3199 1758 3238 cum
1791 3200 2004 3251 semper

425 3268 654 3324 exsistat
693 3279 961 3338 quatenus
994 3280 1079 3326 est
1118 3271 1279 3335 Deus,
1330 3274 1660 3328 nativitatem
1705 3279 2000 3332 secundum

427 3373 644 3413 carnem
677 3376 742 3415 ex
770 3361 992 3416 muliere
1019 3364 1204 3417 subiit.
1243 3364 1412 3419 Unius
1444 3365 1624 3434 itaque
1670 3378 1829 3437 atque
1864 3367 2003 3436 ejus-

426 3453 546 3505 dem
583 3461 685 3515 est,
730 3463 784 3507 et
819 3454 886 3508 ab
926 3464 1130 3508 aeterno
1164 3470 1284 3510 esse
1319 3465 1481 3526 atque
1513 3458 1825 3523 subsistere,
1857 3471 1910 3513 et
1953 3463 2004 3514 in

428 3542 629 3596 ultimis
667 3544 997 3610 temporibus
1037 3545 1331 3599 secundum
1363 3562 1580 3601 carnem
1627 3557 1810 3600 natum
1858 3564 1998 3603 esse.

425 3632 526 3697 Qui
576 3648 697 3686 eum
750 3635 821 3687 sit
866 3646 1087 3690 sanctus
1135 3638 1431 3690 secundum
1484 3649 1772 3700 naturam,
1823 3650 2006 3709 utpote

429 3723 587 3787 Deus,
625 3725 996 3780 sanctiﬁcatus
1017 3737 1098 3782 est
1125 3731 1434 3790 nobiscum,
1465 3739 1733 3796 quatenus
1757 3735 2004 3799 apparuit

429 3815 608 3878 homo,
641 3814 725 3868 cui
755 3818 970 3883 proprie
1004 3821 1262 3872 com'enit
1305 3821 1653 3874 sanetiiicari.
1681 3823 1920 3893 Cumque
1949 3839 2007 3878 ut

428 3914 621 3957 natura
660 3904 917 3958 Dominus
947 3923 1158 3960 summa
1185 3909 1446 3975 dignitate
1475 3913 1784 3975 excelleret,
1821 3915 2003 3968 servili

429 3995 600 4048 forma
648 4005 706 4048 ut
756 3997 971 4064 prepria
1024 4013 1319 4068 assumpta,
1363 4001 1575 4054 Patrem
1631 4019 1782 4055 suum
1840 4004 2002 4059 Deum

428 4089 658 4151 vacavit,
682 4099 737 4141 et
768 4104 889 4142 cum
921 4089 1036 4158 ipse
1077 4094 1147 4145 sit
1187 4093 1294 4145 vita
1339 4103 1391 4146 et
1426 4094 1724 4158 vivificans,
1755 4105 1806 4148 ut
1846 4096 2004 4164 Deus,

428 4183 726 4234 viviiicatus
760 4198 786 4233 ιι
831 4182 989 4236 l‘atre
1019 4199 1138 4238 esse
1183 4186 1398 4250 dicitur,
1426 4198 1690 4255 quatenus
1734 4189 1892 4243 homo
1924 4189 2002 4242 fa-

425 4284 542 4326 ctus
568 4284 672 4327 est.
699 4272 888 4327 Omnia
915 4275 1096 4344 itaque
1120 4275 1287 4344 ipsius
1313 4289 1459 4341 sunt,
1483 4289 1538 4332 et
1561 4295 1662 4332 non
1689 4281 2006 4349 dedignatus

424 4374 506 4418 est
539 4364 1057 4419 administratimtem
1101 4369 1151 4419 in
1192 4383 1371 4433 carne,
1408 4386 1566 4438 quam
1601 4382 1653 4424 ct
1695 4373 1858 4427 Pater
1890 4375 2007 4444 ipse

425 4457 834 4525 comprobavit;
869 4457 1134 4526 siquidem
1165 4475 1286 4512 vera
1321 4472 1446 4514 sunt
1480 4478 1598 4531 qua:
1631 4462 1825 4517 Paulus
1851 4467 1999 4520 dicit.

426 4547 561 4601 Alibi
589 4548 731 4602 enim
759 4549 829 4602 ita
862 4551 937 4603 ait
967 4568 979 4602 :
1015 4568 1033 4600 ι
1073 4548 1204 4602 Eum
1226 4554 1313 4618 qui
1345 4570 1447 4606 non
1483 4565 1706 4606 noverat
1728 4568 2003 4622 peccatum

426 4654 520 4707 pro
559 4639 710 4692 nobis
738 4652 1020 4709 peccatum
1057 4643 1204 4706 fecit,
1235 4656 1291 4697 ut
1319 4661 1416 4698 nos
1441 4648 1630 4700 ﬁamus
1657 4647 1868 4713 justitia
1908 4648 2003 4704 Dei

424 4732 478 4784 iu
505 4731 621 4798 ipso
643 4732 742 4798 ⁸ος»
765 4733 1030 4788 alibivero
1053 4750 1264 4788 rursum
1292 4751 1306 4790 :
1327 4754 1345 4786 ι
1372 4736 1472 4802 Qui
1498 4738 1716 4806 proprio
1736 4738 1870 4792 Filio
1899 4755 2001 4794 non

424 4826 683 4895 pepercit,
719 4827 812 4881 sed
849 4843 947 4897 pro
980 4829 1134 4883 nobis
1183 4828 1433 4882 omnibus
1480 4829 1696 4882 tradidit
1736 4830 1904 4891 illum,
1947 4841 2006 4884 ut

425 4929 476 4969 et
520 4934 642 4970 cum
679 4919 795 4986 ipso
841 4920 1020 4974 omnia
1067 4920 1220 4975 nobis
1262 4920 1609 4990 largiatur".
1645 4940 1663 4972 ι
1706 4922 1858 4974 Anne
1910 4923 2003 4975 tibi

425 5020 786 5065 consentanea
830 5012 1001 5066 sacris
1044 5011 1262 5068 Litteris
1299 5014 1564 5067 sententia
1608 5030 1724 5068 mea
1757 5016 2006 5070 videtur?

497 5191 551 5242 Β.
597 5190 851 5245 Omnino.

495 5283 559 5334 A.
607 5281 662 5332 Si
696 5296 844 5343 vero,
882 5291 940 5335 ut
967 5281 1260 5336 adversarii
1309 5283 1492 5336 volunt
1524 5284 1732 5351 sibique
1776 5298 1998 5350 persua-

426 5373 575 5435 dent,
612 5373 943 5439 unigenitum
989 5373 1079 5427 Dci
1126 5374 1376 5436 Verbum,
1413 5385 1634 5442 accepto
1685 5376 1901 5427 homine
1930 5391 1994 5428 ex

428 5465 633 5518 semine
678 5465 845 5518 David
877 5475 931 5517 et
976 5466 1268 5530 Abraham,
1306 5467 1467 5536 730
1499 5467 1716 5519 fut-mari
1764 5467 1909 5519 illum
1951 5466 2000 5518 in

431 5568 615 5610 Sancta
643 5557 854 5625 Virgine
877 5559 1104 5623 curavit,
1123 5571 1281 5626 atque
1301 5561 1439 5612 hunc
1461 5560 1557 5612 sibi
1587 5560 1683 5627 ipsi
1711 5560 2001 5627 copulavit,

433 5658 770 5716 mortemque
819 5651 1051 5718 experiri
1107 5651 1293 5713 voluit,
1349 5667 1553 5703 necnon
1605 5653 1917 5705 suscitatum
1973 5665 2003 5704 c

505 5820 809 5891 τοι-ῑιιιιυδ.ι
866 5821 1070 5886 20,21.
1149 5824 1192 5854 ³ο
1223 5823 1263 5876 ιι
1305 5827 1426 5878 (;υι.
1473 5825 1632 5888 v,‘.’l.

1720 5824 1758 5848 ²²
1806 5823 1958 5874 lium.
1997 5839 2109 5887 Vlll,
2145 5821 2228 5873 3'2.

2106 628 2201 682 καὶ
2227 627 2520 697 ἀναγαγὼν
2558 629 2636 689 είς
2659 627 2908 696 οὐρανὸν,
2948 627 3040 679 καὶ
3092 626 3322 687 καθίσας
3377 628 3445 678 ἐκ
3493 624 3698 690 δεξιιῖθν

2102 717 2199 772 τοῦ
2223 717 2553 773 Θεοῦ.⁶Ὀθεν
2576 717 2640 788 δὴ
2676 717 2930 786 ὑπεράνω
2975 717 3154 786 πάσης
3183 717 3449 786 ὑπάρχων
3489 714 3700 787 ’Δρχῆς

2102 827 2162 863 τε
2193 810 2288 864 καὶ
2319 809 2616 874 Ἐξουσίας,
2641 807 2740 862 καὶ
2768 807 3076 875 Δυνάμεως,
3094 807 3187 859 καὶ
3205 806 3574 876 κυριότητος,
3601 805 3702 858 καὶ

2104 902 2304 964 παντὸς
2329 902 2589 971 ὀνόματος
2613 897 3012 970 ὀνομαζομένου
3042 898 3141 950 οὑκ
3167 899 3227 952 ἐν
3265 897 3345 968 τῷ
3369 896 3531 949 αίῶνι
3570 896 3703 948 τοὺ-

2101 1009 2180 1062 τῳ
2206 992 2388 1062 μόνον,
2414 991 2550 1046 ἀλλὰ
2576 993 2670 1044 καὶ
2703 993 2762 1043 ὲν
2789 989 2867 1060 τῷ
2903 987 3169 1059 μέλλοντι,
3193 991 3292 1060 τὴν
3323 989 3480 1059 παρὰ
3504 988 3706 1056 πάσης

2101 1084 2204 1155 τῆς
2255 1085 2484 1148 κτίσεως
2528 1085 2742 1154 δέχεται
2796 1081 3193 1152 προσκύνησιν,
3247 1082 3323 1144 ὡς
3378 1081 3699 1150 ἀχώριστον

2104 1177 2244 1247 πρὸς
2279 1176 2377 1248 τὴν
2419 1175 2571 1230 θείαν
2596 1175 2756 1244 φύσιν
2783 1173 2924 1244 ἔχων
2946 1175 3042 1244 τὴν
3089 1173 3407 1240 συνάφειαν,
3437 1171 3700 1241 ἀναφορᾷ

2102 1270 2238 1325 Θεοῦ
2265 1271 2360 1323 καὶ
2397 1268 2577 1339 ἐννοίᾳ
2601 1267 2782 1338 πάσης
2807 1268 2958 1338 αὑτῷ
2995 1267 3094 1336 τῆς
3125 1267 3352 1327 κτίσεως
3391 1264 3490 1334 τὴν
3519 1280 3701 1332 προσ-

2103 1362 2330 1432 κύνησιν
2348 1359 2749 1429 ἀπονεμοὺσης,
2771 1361 2869 1413 καὶ
2889 1359 3012 1413 οὔτε
3043 1359 3138 1412 διτο
3158 1357 3339 1426 φαμὲν
3362 1356 3537 1418 υίοὺς,
3562 1356 3697 1406 οὔτε

2101 1453 2196 1508 δύο
2226 1453 2446 1523 κυρίους
2467 1469 2480 1480 ·
2502 1451 2764 1521 ἐπειδὴδὲ
2786 1451 2914 1514 Υίὸς
2931 1452 3052 1504 κατ’
3072 1449 3258 1502 οὐσίαν
3285 1449 3311 1500 ὁ
3333 1447 3468 1509 Θεὸς
3487 1447 3693 1514 Λόγος,

2101 1550 2130 1602 ό
2175 1545 2472 1617 μονογενὴς
2504 1545 2631 1607 Υἱὸς
2649 1542 2745 1596 τοῦ
2768 1541 2999 1612 Πατρὸς,
3037 1535 3190 1610 ᾧπερ
3219 1533 3376 1602 οὗτος
3399 1539 3700 1610 συνημμέ-

2103 1655 2190 1704 νος
2214 1655 2273 1692 τε
2303 1639 2398 1691 καὶ
2429 1638 2689 1706 μετέχων,
2716 1637 2964 1688 κοινωνεῖ
3000 1635 3097 1704 τῆς
3137 1632 3269 1685 Υἱοῦ
3305 1632 3698 1701 προσηγορίας

2103 1733 2197 1785 καὶ
2223 1733 2409 1800 τιμῆς,
2461 1729 2554 1782 καὶ
2589 1727 2794 1798 Κύριος
2830 1729 2952 1780 κατ’
2983 1725 3174 1778 οὐσίαν
3195 1726 3224 1777 ό
3253 1724 3387 1787 Θεὸς
3410 1725 3616 1791 Λόγος,
3649 1716 3698 1790 ᾧ

2105 1823 2449 1894 συνημμένος
2469 1815 2643 1884 οὗτος,
2674 1821 2920 1873 κοινωνεῖ
2938 1819 3034 1887 τῆς
3058 1817 3246 1886 τιμῆς.
3274 1817 3384 1870 Καὶ
3411 1816 3505 1868 διὰ
3528 1815 3696 1867 τοῦτο

2103 1913 2226 1969 οὔτε
2260 1913 2354 1966 δύο
2390 1913 2570 1982 φαμὲν
2629 1911 2813 1974 υἱοὺς,
2869 1908 2991 1963 οὔτε
3037 1909 3132 1962 δύο
3180 1908 3426 1977 κυρίους.
3465 1904 3694 1975 Ἐπειδὴ

2103 2005 2263 2074 δήλου
2291 2003 2385 2057 τοῦ
2407 2004 2526 2057 κατ’
2559 2002 2744 2055 οὑσίαν
2764 2001 2914 2063 ὄντος
2937 1999 3146 2068 Κυρίου
3173 1993 3268 2051 καὶ⁵
3297 1996 3452 2061 Υἱοῦ,
3481 1998 3696 2067 άχὼρι-

2106 2115 2231 2152 στον
2281 2095 2418 2167 ἔχων
2448 2094 2546 2165 τὴν
2581 2093 2714 2162 πρὸς
2760 2092 2926 2146 αὑτὸν
2956 2092 3256 2159 συνάφειαν
3285 2093 3313 2143 ὁ
3354 2091 3456 2159 τῆς
3483 2089 3693 2158 ἡμετὲ-

2107 2206 2207 2258 ρας
2241 2187 2516 2260 σωτηρίας
2541 2185 2768 2255 ληφθεὶς
2801 2185 3006 2246 ἕνεκεν,
3053 2181 3486 2251 συναναφέρεται
3519 2183 3585 2251 τῇ
3628 2193 3691 2232 τι

2103 2276 2365 2349 ὀνομασίᾳ
2398 2277 2491 2330 καὶ
2518 2279 2582 2346 τῆ
2609 2277 2739 2344 τιμῇ
2763 2273 2854 2328 τοῦ
2891 2273 3018 2326 Υἱοῦ
3050 2271 3256 2326 καὶτοῦ
3291 2271 3524 2342 Κυρίου.

2176 2454 2239 2506 Λ.
2281 2451 2468 2505 Βαϐαὶ--
2491 2454 2590 2520 τῆς
2639 2449 2929 2511 ἀσυνεσίας
2976 2447 3069 2499 καὶ
3120 2447 3436 2517 ἐμπλήκτου
3489 2447 3690 2517 φρενὸς

2106 2545 2212 2598 τῶν
2257 2539 2357 2598 ὦδε
2402 2541 2556 2595 ταῦτ’
2598 2541 2742 2610 ἔχειν
2784 2540 2884 2592 οὑκ
2932 2536 3028 2593 οἷδ’
3068 2541 3217 2601 ὅπως
3265 2537 3684 2608 ὑπειληᾳὸτωνῐ

2107 2636 2333 2690 ἀπιστία
2357 2633 2466 2703 γὰρ
2492 2633 2554 2686 τὸ
2580 2632 2790 2703 χρῆμα,
2821 2631 2917 2685 καὶ
2955 2630 3140 2706 ἕτερον
3166 2630 3338 2695 οὐδὲν,
3371 2630 3466 2682 καὶ
3493 2629 3690 2682 δυσσε-

2107 2726 2217 2779 ϐὦν
2251 2725 2570 2796 εὑρεμάτων
2599 2721 2877 2791 καινότης,
2921 2721 3016 2774 καὶ
3051 2719 3332 2790 ἀνατροπὴ
3371 2719 3482 2772 τῶν
3528 2716 3688 2771 θείων

2105 2834 2165 2869 τε
2205 2817 2302 2869 καὶ
2349 2814 2508 2882 ἱερῶν
2537 2813 2925 2884 κηρυγμάτων,
2957 2810 3051 2864 ἕνα
3080 2811 3284 2880 Κύριον
3325 2809 3538 2879 Ἰησοῦν
3563 2811 3689 2879 Χρι-

2109 2906 2252 2972 στὸν,
2284 2906 2378 2958 τὸν
2407 2905 2534 2958 Υίὸν
2560 2903 2654 2957 τοῦ
2688 2903 2822 2956 Θεοῦ
2855 2902 3318 2972 διακεκραγότων,
3352 2902 3444 2953 τὸν
3468 2902 3533 2954 ἐκ
3551 2900 3685 2953 Θεοῦ

2109 2997 2320 3066 Πατρὸς
2351 2996 2590 3066 δηλονότι
2629 2995 2796 3062 Λόγον
2833 2993 3332 3063 ὲνανθρωπήσαντα
3359 2994 3455 3045 καὶ
3488 3007 3682 3060 σεσαρ-

2109 3089 2375 3157 κωμένον,
2418 3087 2558 3139 ὣστε
2603 3084 2740 3136 εἶναι
2769 3085 2858 3136 τὸν
2889 3083 3070 3146 αὑτὸν,
3111 3083 3244 3135 Θεὸν
3271 3083 3409 3152 ὁμοῦ
3457 3083 3554 3135 καὶ
3596 3083 3685 3136 ἇν-

2109 3183 2343 3252 θρωπον,
2372 3184 2464 3236 καὶ
2489 3183 2606 3244 ἑνὸς
2625 3181 2692 3234 τὰ
2721 3180 2899 3233 πάντα
2920 3181 2989 3232 τὰ
3017 3179 3318 3248 θεοπρεπῆ,
3342 3178 3434 3230 καὶ.
3465 3177 3683 3248 προσέτι

2109 3275 2176 3328 τά
2208 3273 2543 3344 ἀνθρώπινα.
2584 3267 2752 3334 Οὗτος
2782 3272 2888 3342 γάρ
2915 3272 3176 3340 ὑπάρχων
3198 3270 3284 3322 ἀεὶ
3313 3270 3408 3322 καὶ
3453 3269 3683 3336 ὑφεστη-

2111 3365 2219 3428 κὼς
2266 3365 2406 3417 κατά
2440 3381 2501 3431 γε
2538 3363 2598 3415 τὸ
2642 3360 2781 3415 εἶναι
2814 3362 2965 3426 Θεὸς,
3018 3361 3276 3431 ὑπέμεινε
3309 3361 3564 3431 γέννησιν
3589 3361 3683 3430 τὴν

2109 3459 2248 3511 κατὰ
2293 3458 2469 3526 σάρκα
2523 3459 2586 3509 ὲκ
2638 3455 2913 3522 γυναικός.
2976 3454 3126 3517 Ἐνὸς
3169 3450 3263 3507 οῦν
3301 3455 3408 3523 ἄρα
3456 3456 3548 3506 καὶ
3593 3453 3678 3506 τοῦ

2107 3547 2272 3601 αὑτοῦ
2321 3549 2412 3600 καὶ
2448 3548 2506 3600 τὸ
2540 3547 2728 3608 ἀϊδίως
2784 3543 2922 3600 εἶναι
2959 3546 3054 3607 καὶ
3106 3547 3444 3614 ὑφεστάναι,
3482 3547 3574 3599 καὶ
3627 3547 3682 3598 ἐν

2108 3643 2356 3712 ἐσχάτοις
2391 3644 2600 3708 καιροῖς
2649 3639 2790 3693 κατὰ
2822 3639 2997 3706 σάρκα
3043 3640 3392 3708 γεννηθῆναι,
3441 3639 3499 3700 ὃς
3533 3641 3678 3706 ἅγιος

2110 3731 2185 3784 ὢν
2232 3731 2370 3785 κατὰ
2415 3731 2575 3798 φύσιν
2605 3729 2680 3792 ὡς
2727 3729 2877 3791 Θεὸς,
2910 3728 3169 3798 ἡγιάζετο
3212 3728 3328 3798 μεθ’
3363 3730 3521 3796 ἡμων
3551 3726 3680 3780 καθὸ

2109 3825 2351 3892 πέφηνεν
2381 3821 2684 3890 ἅνθρωπος,
2722 3814 2874 3890 ᾧπερ
2909 3819 2976 3872 ἂν
3009 3821 3212 3888 πρέποι
3241 3819 3302 3872 τὸ
3329 3818 3678 3886 ἀγιάςεσθαιο

2109 3915 2200 3966 καὶ
2237 3916 2292 3966 ἐν
2322 3915 2670 3973 Δεσποτικοίς
2708 3912 2970 3980 ὑπάρχων
3013 3910 3305 3981 ἀξιώμασι,
3350 3913 3444 3964 καὶ
3472 3912 3567 3981 τὴν
3590 3911 3675 3964 τοῦ

2107 4005 2292 4056 δούλου
2331 4004 2541 4073 μορφὴν
2576 4002 2648 4064 ὼς
2683 4002 2815 4054 ἰδίαν
2848 4003 3008 4072 ἔχων,
3039 4001 3174 4054 Θεὸν
3205 4002 3490 4073 ὠνόμαζεν
3521 4000 3675 4055 αὑτοῦ

2108 4095 2197 4148 τὸν
2215 4094 2450 4164 Πατέρα’
2483 4092 2620 4164 [καὶ]
2642 4093 2752 4164 ζωὴ
2771 4094 2863 4145 καὶ
2882 4093 3144 4158 ζωοποιὸς
3162 4095 3423 4164 ὑπάρχων
3441 4095 3514 4157 ὡς
3531 4094 3672 4157 Θεὸς,

2108 4182 2486 4248 ζωοποιεῖσθαι
2525 4185 2744 4251 λέγεται
2790 4185 2940 4254 παρὰ
2970 4185 3066 4237 τοῦ
3099 4186 3309 4255 Πατρὸς
3341 4185 3475 4237 καθὸ
3507 4185 3674 4254 πέφη-

2109 4290 2196 4325 νεν
2217 4274 2520 4343 ἄνθρωπος.
2548 4274 2731 4326 Πάντα
2757 4275 2935 4325 τοίνυν
2961 4275 3124 4327 αὑτοῦ
3144 4313 3157 4336 ,
3187 4277 3277 4328 καὶ
3301 4276 3400 4327 οὑκ
3430 4275 3672 4344 ἀτιμάζει

2108 4367 2205 4438 τὴν
2231 4367 2642 4436 οἰκονομίαν,ἣν
2669 4367 2760 4418 καὶ
2784 4367 2945 4429 αὑτὸς
2972 4366 3233 4435 ἐπῄνεσεν
3250 4368 3277 4419 ὁ
3300 4367 3504 4438 Πατὴρ,
3530 4370 3669 4434 εἴπερ

2109 4459 2256 4512 ἐστὶν
2305 4459 2476 4527 ἀληθῆ
2527 4458 2597 4510 τὰ
2641 4458 2729 4508 διὰ
2772 4459 2872 4525 τῆς
2918 4457 3012 4510 τοῦ
3049 4458 3260 4512 Παύλου
3310 4460 3512 4528 φωνῆς.
3549 4459 3667 4510 [lori

2043 4551 2080 4600 ί)
2111 4551 2209 4619 μὲν
2237 4549 2344 4619 γάρ
2374 4549 2498 4619 ἔφη·
2525 4568 2542 4599 ι
2570 4549 2673 4601 Τὸν
2699 4549 2772 4617 μὴ
2793 4549 2986 4616 γνόντα
3018 4550 3314 4619 ἁμαρτίαν,
3351 4549 3490 4617 ὑπὲρ
3529 4549 3667 4617 ἡμῶν

2112 4642 2385 4711 ἁμαρτίαν
2418 4641 2693 4711 ἐποίησεν,
2737 4641 2822 4692 ἵνα
2855 4643 3012 4707 ἡμεῖς
3043 4640 3328 4710 γενώμεθα
3372 4639 3664 4706 δικαιοσύνη

2109 4732 2243 4784 Θεοῦ
2280 4734 2337 4784 ἐν
2367 4731 2542 4800 αὐτῷ’
2585 4751 2600 4782 ι
2632 4732 2762 4784 ποτὲ
2795 4732 2851 4784 δὲ
2885 4732 3045 4782 πάλιν
3070 4745 3082 4757 ·
3127 4749 3144 4781 ι
3189 4732 3288 4792 ὐς
3327 4748 3387 4800 γε
3422 4731 3516 4781 τοῦ
3553 4731 3662 4782 ίδίου

2113 4825 2240 4878 Υίοῦ
2281 4827 2381 4878 οὑκ
2413 4824 2685 4893 ἐφείσατο,
2725 4823 2839 4876 ἀλλ’
2875 4824 3012 4893 ὑπὲρ
3037 4822 3194 4892 ἡμῶν
3230 4824 3488 4875 ἁπάντων
3539 4839 3666 4892 παρ-

2113 4915 2310 4968 έδωκεν
2327 4915 2508 4973 αὑτὸν,
2530 4915 2616 4966 ἵνα
2646 4915 2740 4967 καὶ
2770 4913 2867 4966 σὺν
2897 4914 3043 4983 αὐτῷ
3071 4913 3140 4966 τὰ
3170 4912 3345 4966 πάντα
3371 4915 3501 4982 ἡμῖν
3532 4910 3665 4980 χαρί-

2112 5022 2290 5074 σηται.
2329 5025 2344 5054 ι
2383 5000 2618 5074 Ἃρόῦν
2657 5003 2755 5055 οὑκ
2789 5001 2915 5054 εὑθὺ
2953 5002 3155 5054 σκοποῦ
3184 5003 3292 5055 τῶν
3320 5003 3479 5054 isoth
3503 5001 3662 5071 Γραμο

2112 5099 2296 5166 μάτων
2333 5097 2360 5146 ὁ
2391 5097 2523 5166 πρὸς
2553 5095 2710 5166 ἡμῶν
2745 5098 2858 5149 ἐστι
2890 5097 3078 5164 ).όγος;

2179 5191 2236 5242 Β.
2284 5188 2403 5249 Πῶς
2431 5188 2536 5257 γὰρ
2569 5189 2665 5252 οὓς

2175 5285 2236 5335 Α.
2285 5282 2343 5332 Ei
2371 5281 2425 5332 δὲ
2456 5282 2536 5351 δὴ,
2573 5282 2715 5334 καθά
2745 5298 2910 5349 φασιν
2943 5281 2991 5333 ol
3026 5281 3089 5333 δι’
3133 5279 3381 5341 ἐναντίας
3417 5280 3510 5331 καὶ
3544 5295 3656 5347 φρο-

2108 5375 2212 5425 νεῖν
2242 5372 2564 5440 ἐγνώκασιν,
2588 5377 2615 5426 ὁ
2650 5375 2942 5443 μονογενὴς
2984 5374 3079 5426 τοῦ
3110 5373 3244 5425 Θεοῦ
3278 5374 3471 5440 Λόγος,
3503 5369 3657 5422 λαϐὼν

2101 5467 2385 5533 ἄνθρωπον
2437 5467 2499 5518 ἐκ
2551 5467 2865 5536 σπέρματος
2912 5466 3002 5517 τοῦ
3055 5464 3342 5518 θεσπεσίου
3395 5465 3552 5517 Δαίῗιδ
3581 5462 3656 5515 καὶ

2116 5557 2386 5628 Ἀϐραὰμ,
2422 5559 2719 5624 πλασθῆναι
2768 5558 2861 5627 μὲν
2899 5560 2956 5609 ἐν
2988 5563 3052 5629 τῇ
3087 5559 3216 5628 ἁγίᾳ
3253 5557 3512 5628 Παρθένῳ
3544 5572 3652 5623 παρ-

2108 5648 2368 5701 εσκεύκσὲ
2399 5667 2451 5702 τε
2495 5653 2585 5702 καὶ
2609 5650 2788 5702 τοῦτον
2821 5649 2996 5717 ἑαυτῷ
3049 5651 3274 5718 συνῆψε,
3309 5649 3400 5702 καὶ
3449 5649 3651 5701 θανάτου

2197 5823 2208 5848 ι
