3988 6500
425 496 563 552 1285

1412 488 1466 540 S.
1511 487 1778 542 (IYRllLI
1825 489 2000 542 AUCX
2023 491 2286 546 \MlRlNl
2333 490 2627 544 ΜΗῘΙΙΙΕΙ)

3548 485 3690 537 l2“

423 629 565 668 mam
592 610 724 662 hanc
750 609 969 675 gloriam
1000 617 1217 660 evectus
1238 616 1337 657 est.
1365 603 1545 673 Neque
1567 608 1709 659 enim
1738 619 1988 660 verentur

2097 611 2337 682 υἱότητος
2384 610 2572 678 ὄνομα,
2622 605 2894 676 μεθεκτῶς
2942 609 3036 657 καὶ
3073 605 3540 673 εἰσκεκριμένως.
3600 603 3690 652 κεί

426 701 661 756 Ιιωιοιὶρῑ
695 699 1024 766 cjuscetnodi
1057 698 1415 764 blasphemias
1443 696 1797 750 deblaterare.
1842 698 1994 752 Anne

422 808 548 845 vero
584 793 742 844 etiam
801 792 895 844 tibi
950 805 1157 842 Summa
1206 788 1486 856 impietate
1531 787 1726 841 referta
1779 789 1990 841 illorum

421 885 662 936 doctrina
693 883 936 936 videtur?
956 879 1085 932 Nam
1110 879 1252 948 quod
1279 880 1455 931 datum
1483 888 1642 946 atque
1667 879 1992 931 insinuatum

419 984 525 1037 est,
560 974 910 1042 rejiciendum
946 972 1138 1026 merito
1179 970 1364 1032 fuerit,
1399 979 1451 1022 et
1481 968 1622 1036 quod
1656 968 1995 1022 extrinsecus

420 1066 634 1118 advenit
663 1065 1058 1131 ascititiumque
1089 1073 1191 1124 est,
1229 1060 1409 1115 damni
1435 1063 1743 1129 suspicione
1765 1076 1870 1114 non
1903 1077 1995 1114 ca-

423 1167 503 1209 ret
537 1175 549 1209 :
586 1172 641 1209 ιιι
670 1159 736 1210 de
768 1154 1097 1222 blasphemia
1127 1162 1181 1207 et
1207 1153 1540 1207 absurditate
1569 1153 1827 1207 doctrinm
1862 1152 1994 1206 nihil

421 1248 618 1310 dicam,
656 1262 775 1298 cum
814 1245 1206 1298 incarnationis
1244 1243 1619 1297 excellentiam
1657 1245 1722 1297 ad
1758 1244 1994 1312 turpitu-

419 1341 595 1393 dinem
643 1338 881 1404 rapiant,
924 1346 978 1389 et
1031 1337 1269 1388 divinum
1321 1336 1858 1404 sacratissimumque
1903 1350 1997 1390 no-

417 1442 590 1482 strum
637 1428 862 1490 cultum,
912 1426 1416 1494 anthropolatriam,
1467 1427 1569 1480 hoc
1621 1437 1722 1488 est,
1763 1427 1995 1480 hominis

417 1520 636 1580 cultum,
668 1532 786 1571 esse
815 1525 1077 1581 statuant,
1109 1524 1163 1569 et
1200 1530 1228 1569 a
1271 1516 1414 1570 cultu
1451 1517 1563 1570 veri
1615 1515 1733 1570 Filii
1780 1532 1876 1571 nos
1905 1518 1997 1571 ab-

418 1612 696 1674 ducentes,
743 1609 1065 1677 persuadere
1116 1608 1282 1660 velint
1328 1618 1384 1661 ut
1427 1609 1714 1676 quemdam
1761 1609 1848 1676 qui
1891 1608 1990 1676 ipsi

420 1702 644 1755 relative
668 1701 948 1768 copulatus
975 1712 1054 1752 est
1083 1701 1386 1763 adoremus,
1423 1714 1579 1767 quem
1614 1715 1771 1766 supra
1809 1714 1997 1753 omnes

419 1791 754 1859 Principatus
785 1801 838 1842 et
870 1787 1167 1842 Potestates
1197 1803 1260 1841 ac
1297 1789 1701 1842 Domiuationes
1731 1790 1992 1842 constitu-

421 1889 530 1932 tum
571 1880 854 1940 volunt”;
896 1893 998 1931 non
1041 1879 1104 1931 iis
1147 1878 1318 1931 solum
1362 1877 1451 1945 qui
1489 1877 1540 1930 in
1581 1879 1738 1932 terris
1773 1877 1990 1944 degunt,

417 1972 510 2023 seil
547 1978 598 2023 ct
645 1971 772 2038 ipsis
812 1969 1124 2023 coelestibus
1167 1980 1217 2021 et
1261 1969 1610 2022 rationalibus
1644 1969 1995 2034 potestatibus

420 2064 622 2118 erroris
665 2063 834 2114 labem
869 2060 1188 2128 infligentes,
1218 2059 1262 2112 si
1310 2076 1412 2111 una
1442 2060 1714 2112 nobiscum
1751 2059 1996 2122 adorent,

422 2171 525 2207 non
561 2155 897 2206 incarnatuni
942 2162 1134 2203 natura
1167 2167 1226 2203 ac
1256 2166 1383 2202 vere
1413 2149 1630 2212 Filium,
1665 2152 1911 2218 quodque
1934 2165 1995 2203 ex

421 2243 652 2296 essentia
705 2241 794 2292 liei
835 2256 898 2292 ac
945 2239 1118 2292 Patris
1164 2238 1362 2291 effulsit
1407 2237 1661 2298 Verbum,
1704 2237 1793 2290 sed
1834 2237 1996 2289 alium

419 2336 702 2405 quemdam
743 2335 1013 2385 hominem
1050 2334 1114 2384 ab
1148 2334 1260 2399 ipso
1296 2347 1357 2384 ex
1391 2332 1597 2385 semine
1638 2329 1875 2394 Davidis,
1908 2329 1996 2398 qui

421 2426 530 2479 sola
564 2424 858 2484 voluntate,
891 2432 944 2476 et
967 2424 1327 2478 exterioribus
1365 2421 1697 2475 ornamentis
1735 2420 1997 2474 formatus

422 2517 493 2570 sit
542 2514 702 2577 Deus,
741 2527 927 2567 revera
955 2523 1131 2566 autem
1165 2514 1215 2566 id
1261 2529 1361 2564 non
1393 2512 1481 2566 sit.

420 2612 729 2680 σπέρματος
765 2609 855 2661 τοῦ
908 2608 1087 2672 Δαϐὶδ,
1125 2608 1337 2677 θελήσει
1393 2609 1530 2676 τάχα
1579 2624 1678 2658 που
1739 2605 1873 2677 μόνῃ
1918 2607 2046 2676 παρ’

416 2706 570 2768 Θεὸν,
606 2706 702 2756 οῦκ
733 2705 858 2756 ὄντα
906 2704 1156 2756 δὲρτοῦτο
1183 2705 1321 2755 κατὰ
1370 2704 1647 2772 ἀλήθειαν,
1675 2702 1983 2772 ἄνθρωπον.

487 2795 546 2850 Β.
594 2797 756 2864 Atqui
815 2795 1026 2848 tametsi
1073 2794 1232 2849 homo
1283 2795 1591 2862 Specialiter
1640 2793 1984 2861 intelligatur,

419 2886 687 2954 inquiunt,
741 2886 959 2940 relative
1004 2895 1181 2940 tamen
1227 2894 1278 2938 et
1313 2895 1553 2955 respectu
1601 2884 1689 2936 Dei
1741 2885 1807 2937 ab
1841 2885 1988 2937 omni

417 2990 661 3034 creatura
686 2979 956 3033 aduratur.

487 3065 554 3126 Α.
597 3071 838 3136 Quonam
872 3085 1000 3124 vero
1029 3080 1205 3138 pacto,
1255 3070 1500 3134 obsecro,
1525 3070 1744 3140 intelligi
1777 3085 1803 3122 a
1834 3069 1988 3124 nobis

420 3174 511 3218 aut
541 3164 702 3218 statui
735 3173 909 3232 potest
937 3165 1050 3218 lucc
1101 3163 1289 3217 relatio
1326 3180 1484 3232 quam
1533 3163 1603 3217 ita
1648 3162 1986 3232 praedicant?

424 3256 528 3310 Sed
554 3256 933 3324 age,divinam
981 3271 1042 3309 ac
1081 3269 1290 3309 sacram
1339 3255 1674 3324 Scripturam
1719 3253 1987 3324 pervesti-

416 3359 623 3417 gantes,
655 3347 967 3416 quaestionis
992 3345 1146 3413 hujus
1195 3347 1456 3399 rationem
1505 3347 1570 3398 ab
1602 3360 1663 3400 ea
1711 3355 1983 3412 petamus.

419 3439 556 3509 Ergo
579 3453 696 3492 eum
726 3439 884 3507 732
917 3437 1040 3491 olim
1075 3435 1331 3491 Israelita:
1356 3446 1665 3505 contempto
1699 3447 1843 3490 metu
1869 3436 1984 3501 Dei,

417 3533 469 3586 in
500 3531 682 3585 Mosen
711 3545 762 3584 et
783 3533 1050 3584 Aaronent
1076 3530 1266 3583 acerbe
1294 3530 1700 3592 inveherentur,
1729 3528 1901 3583 Moses
1925 3538 1980 3582 et

415 3624 592 3676 Aaron
626 3624 694 3675 ita
731 3637 823 3675 eos
853 3620 1244 3689 compellarunt
1276 3638 1290 3674 :
1333 3639 1350 3671 ι
1391 3621 1522 3687 Quis
1544 3631 1625 3675 est
1658 3621 1796 3689 quod
1841 3636 1988 3674 mur-

417 3715 640 3768 muralis
653 3723 836 3765 contra
858 3728 976 3766 eum
997 3711 1018 3764 ?
1039 3710 1148 3763 Non
1168 3711 1312 3764 enim
1334 3723 1516 3764 eoutra
1545 3727 1660 3772 nos,
1681 3714 1771 3765 sed
1792 3724 1980 3766 contra

419 3805 580 3859 Deum
600 3815 681 3858 est
701 3808 811 3858 haec
833 3804 1100 3858 ohlocutio
1124 3813 1298 3857 vestra
1320 3803 1386 3856 ⁸³.
1402 3823 1417 3853 ι
1446 3803 1744 3858 l’eecarant
1767 3805 1907 3857 enim
1935 3806 1985 3857 in

417 3897 595 3951 Mosen
615 3909 669 3950 et
690 3898 980 3959 Aaronem,
1006 3895 1097 3949 sed
1124 3894 1322 3948 factum
1353 3896 1523 3964 ipsuut
1547 3896 1614 3957 ad
1646 3896 1734 3949 Dei
1759 3895 1986 3964 gloriam

415 3989 693 4058 pertinuit,
719 3998 772 4041 et
796 3988 861 4040 ad
887 4002 1001 4040 eam
1036 3985 1373 4040 referebatur
1395 4000 1582 4039 eorum
1613 3989 1702 4055 qui
1737 3988 1985 4056 injuriam

413 4079 715 4134 inferebant
748 4079 1023 4148 cegitatio.
1051 4078 1317 4131 Cit-terum
1357 4093 1459 4130 non
1491 4086 1649 4132 erant
1689 4079 1760 4131 dii
1813 4078 1987 4132 Moses

411 4182 464 4228 et
493 4174 692 4234 Aaron,
727 4185 902 4237 neque
945 4168 1166 4223 relative
1209 4179 1263 4222 et
1293 4179 1538 4236 respectu
1593 4166 1684 4221 Dei
1737 4179 1985 4223 creatura

411 4279 504 4318 eos
529 4264 789 4317 adoravit.
821 4260 1082 4331 Regnavit
1114 4261 1252 4314 Deus
1277 4275 1372 4330 per
1400 4261 1693 4329 prophetas
1745 4263 1795 4315 in
1825 4261 1985 4315 Israel

410 4356 706 4410 secundum
743 4368 988 4410 carnem.
1024 4349 1376 4408 Postmodum
1410 4362 1759 4406 accesserunt
1794 4354 1859 4405 ad
1905 4353 1985 4406 di-

412 4450 593 4503 vinum
625 4445 928 4502 Samuelem
949 4447 1220 4501 dicentes:
1259 4462 1277 4495 (
1318 4441 1426 4499 Fac
1449 4445 1602 4499 nobis
1620 4458 1821 4510 regem,
1846 4444 1985 4498 sicut

410 4540 706 4609 etreliquze
727 4547 937 4609 gentes.
977 4556 996 4589 ι
1043 4537 1197 4604 Quod
1234 4535 1323 4591 ille
1371 4533 1578 4603 Spiritu
1629 4535 1838 4589 afﬂatus
1871 4550 1985 4588 nio.

412 4634 545 4688 leste
575 4642 626 4686 et
666 4631 880 4700 quidem
933 4631 1126 4684 merito
1183 4628 1305 4682 tulit
1356 4644 1369 4681 :
1413 4630 1506 4682 sed
1563 4627 1768 4680 audivit
1814 4628 1978 4682 Deum

412 4724 679 4778 dicentem
716 4739 728 4774 :
772 4739 789 4772 ι
829 4720 944 4776 Non
991 4731 1043 4773 te
1086 4726 1566 4787 contempserunt,
1627 4717 1720 4772 sed
1762 4733 1865 4784 me,
1909 4733 1977 4773 ne

413 4829 627 4884 regnem
660 4827 820 4881 super
839 4827 932 4866 eos
949 4809 1015 4864 ".
1050 4830 1068 4863 ι
1099 4812 1176 4865 Ειι
1215 4826 1404 4865 rursus
1422 4821 1612 4880 aperte
1638 4819 1984 4877 contemptus

412 4904 674 4958 rationem
716 4905 780 4956 ad
839 4901 1006 4957 Deum
1061 4902 1251 4956 referri
1310 4901 1405 4956 ait.
1473 4901 1807 4966 Quinetiam
1869 4901 1983 4968 ipse

408 4993 650 5048 omnium
678 4990 928 5047 Salvator
965 5007 1028 5047 ac
1077 4992 1337 5045 Doruinus
1363 5031 1378 5056 ,
1433 4991 1583 5045 deiis
1613 4991 1702 5061 qui
1739 5001 1983 5058 egestate

410 5093 749 5153 premuntur,
783 5083 900 5136 ait:
960 5100 977 5132 ι
1031 5081 1303 5150 Quidquid
1350 5081 1558 5138 fecistis
1615 5083 1704 5136 uni
1752 5098 1815 5134 ex
1863 5082 1981 5136 istis

411 5174 668 5236 minimis,
700 5174 826 5227 mihi
867 5173 1072 5227 fecistis
1126 5174 1192 5229 ⁸⁸.
1231 5193 1249 5226 ι
1286 5174 1397 5230 Hae
1455 5176 1620 5246 igitur
1675 5177 1885 5230 ratione
1932 5173 1979 5229 si

409 5271 530 5336 quis
559 5269 769 5324 dicatur
805 5267 986 5324 colere
1017 5283 1138 5323 eum
1171 5269 1260 5339 qui
1307 5281 1387 5324 est
1419 5285 1482 5323 ex
1538 5270 1742 5324 semine
1787 5269 1977 5334 David,

411 5355 617 5416 Filione
638 5361 686 5414 id
709 5362 995 5426 praestitit?
1018 5371 1070 5415 et
1093 5362 1194 5414 nisi
1227 5361 1347 5429 quis
1372 5361 1680 5426 crediderit,
1700 5361 1982 5416 offenderit

411 5450 651 5521 profecto
676 5467 798 5506 cum
839 5456 928 5523 qui
967 5464 1155 5507 natura
1184 5462 1268 5508 est
1294 5452 1481 5516 Filius,
1527 5454 1617 5521 qui
1673 5469 1731 5508 se
1766 5469 1980 5524 quoque

409 5541 510 5598 coli
537 5541 668 5608 vult,
703 5553 755 5598 et
785 5545 971 5598 eodem
1007 5545 1161 5612 plane
1197 5544 1352 5597 modo
1377 5559 1405 5597 a
1440 5545 1593 5599 nobis
1621 5545 1790 5600 credi.
1831 5546 1976 5611 Quo-

411 5633 570 5689 modo
599 5633 762 5696 igitur
791 5650 896 5690 non
950 5636 1021 5688 sit
1071 5636 1246 5689 factus
1271 5650 1370 5705 par
1411 5647 1573 5706 atque
1605 5636 1830 5705 aequalis
1878 5637 1976 5691 ho-

412 5739 539 5781 nore
586 5737 774 5780 servus
828 5741 947 5782 cum
990 5726 1246 5791 domino,
1299 5738 1352 5782 et
1397 5729 1613 5785 deitatis
1653 5729 1974 5784 excellentia

484 5897 533 5933 “
561 5899 754 5970 Ephes.
797 5919 836 5966 ι,
864 5901 953 5956 2|.
1033 5903 1077 5935 ⁸⁵
1111 5902 1275 5959 Exod.
1309 5919 1418 5972 xvi,
1449 5905 1502 5960 8.

1578 5906 1623 5937 ⁸⁵
1658 5903 1677 5958 l
1709 5902 1839 5975 Reg.
1873 5921 1989 5972 vm,
2023 5906 2129 5962 4-6.

2097 703 2283 772 τρόπῳ
2327 701 2404 770 τῷ
2450 699 2570 752 καθ’
2619 699 2763 768 ἡμᾶς
2813 699 3193 767 πλουτήσαντι,
3248 695 3342 746 καὶ
3387 693 3488 760 τῆς
3545 691 3694 743 οὓτω

2099 795 2574 864 θεοπρεπεστὰσης
2624 789 2902 853 ἀξιωθέντι
2963 789 3149 858 τιμῆς.
3210 787 3693 851 Καταπεφρίκασι

2097 885 2202 952 γὰρ
2228 884 2427 951 ἥκιστά
2443 899 2502 947 γε
2532 882 2625 932 καὶ
2648 879 2802 932 τοῦτο
2824 879 3072 946 λέγοντες
3105 880 3152 930 oi
3185 876 3252 930 δι’
3274 870 3674 942 ἑναντξα;.⁷Αρ

2096 974 2155 1024 οῦ
2190 973 2287 1040 τῆς
2309 974 2542 1042 ἐσχάτης
2567 972 2907 1038 ἀνοσιότητος
2933 987 2989 1022 τε
3019 971 3114 1021 καὶ
3143 967 3465 1028 δυσσεϐείας
3497 968 3693 1024 αὐτοὶ,

2099 1065 2156 1116 τὸ
2190 1063 2366 1133 δόγμα
2403 1066 2783 1132 μεμέστωται;
2825 1062 2899 1114 Τὸ
2937 1062 3044 1130 γάρ
3072 1078 3154 1114 τοι
3187 1059 3336 1112 δοτον
3370 1062 3464 1111 καὶ
3498 1059 3664 1110 είσκε

2097 1156 2375 1225 κριμένον,
2424 1155 2726 1224 ἀπόϐλητον
2776 1154 2860 1222 εἴη
2892 1153 2978 1214 ἂν,
3020 1152 3113 1204 καὶ
3156 1152 3216 1202 τὸ
3248 1149 3484 1219 θύραθεν
3523 1162 3662 1212 τπρε

2099 1247 2242 1306 σθεν,
2275 1247 2373 1299 οὐκ
2405 1247 2712 1298 ἀνύποπτον
2735 1243 2842 1313 ἔχει
2873 1244 2970 1314 τὴν
3000 1241 3222 1312 ζημίαν.
3257 1243 3367 1295 Καὶ
3398 1240 3596 1294 σιωπῶ
3631 1239 3692 1290 τε

2097 1339 2376 1406 δύσφημον
2406 1337 2485 1390 ἔτι
2521 1337 2613 1389 καὶ
2653 1335 2864 1404 ἀπηχὲς
2892 1337 2971 1399 είς
2999 1336 3206 1409 λόγους,
3235 1333 3456 1386 avem-4
3495 1333 3561 1400 δὴ
3594 1327 3690 1384 οὖν

2097 1430 2194 1499 τῆς
2241 1428 2553 1497 οἰκονομίας
2609 1429 2668 1480 τὸ
2714 1428 2990 1497 ἐξαίρετον
3039 1425 3444 1495 κατασύρουσιν
3491 1425 3576 1484 εἰς
3629 1423 3690 1474 τὸ

2097 1521 2347 1586 ἀκαλλὲς,
2392 1521 2484 1573 καὶ
2515 1521 2614 1588 τὴν
2644 1519 2794 1572 θείαν
2819 1536 2876 1571 τε
2907 1519 3000 1570 καὶ
3036 1517 3318 1587 ἱερωτάτην
3352 1515 3511 1586 ἡμῶν
3542 1513 3690 1583 Θρη-

2099 1614 2303 1677 σκείαν,
2340 1611 2849 1682 ἁνθρωπολατρείαν
2881 1610 2980 1680 ἤδη
3024 1610 3117 1660 καὶ
3151 1609 3337 1678 ἓτερον
3376 1603 3546 1660 οὖσαν
3598 1607 3695 1658 οὖ-

2096 1704 2181 1755 δὲν
2217 1703 2595 1769 ἀποφαίνουσι,
2645 1701 3073 1769 ἀποκομίζοντες
3113 1700 3210 1767 μὲν
3252 1699 3345 1750 τοῦ
3393 1701 3516 1751 κατ’
3545 1697 3689 1766 ἀλή-

2097 1789 2242 1841 θειαν
2305 1787 2470 1851 Tim},
2528 1789 2864 1855 συναφθέντα
2915 1788 2970 1839 δέ
3026 1805 3146 1840 τινα
3210 1787 3478 1855 σχετικῶς
3531 1788 3692 1854 αὐτῷ

2099 1879 2427 1945 προσκυνεῖν
2475 1877 2889 1939 ἀναπείθοντες,
2938 1878 2996 1928 ὃν
3049 1877 3143 1929 καὶ
3196 1877 3450 1948 ὑπεράνω
3503 1878 3690 1944 πάσης

2115 1968 2311 2036 Ἀρχῆς
2342 1985 2398 2019 τε
2450 1977 2542 2021 καὶ
2585 1969 2891 2033 Ἐξουσίας,
2927 1971 3020 2022 καὶ
3055 1970 3406 2039 Κυριοτήτων
3439 1969 3688 2023 διελάσαι

2028 2035 2070 2092 Β
2107 2061 2289 2123 φασιν,
2334 2061 2451 2127 οῦχι
2489 2061 2668 2128 μόνοις
2717 2064 2828 2123 τοῖς
2867 2063 2956 2111 ἐπὶ
2995 2062 3118 2129 γῆς,
3157 2061 3292 2112 ἀλλὰ
3339 2062 3436 2113 καὶ
3489 2065 3688 2126 αὑταῖς

2106 2151 2222 2208 ταῖς
2277 2148 2385 2200 ἄνω
2435 2149 2678 2216 λογικαῐς
2728 2151 2986 2220 δυνάμεσι
3021 2153 3109 2204 τὸν
3156 2154 3248 2205 τοῦ
3303 2155 3686 2223 πεπλανῆσθαι

2102 2238 2288 2306 μῶμον
2330 2241 2644 2306 ἐπάγοντες,
2687 2244 2734 2293 εί
2772 2243 3136 2310 προσκυνοῦσι
3176 2245 3294 2312 μεθ’
3326 2247 3486 2315 ἡμῶν
3524 2249 3685 2298 ἐναν-

2100 2328 2464 2397 Ορωπήσαντα
2511 2333 2610 2400 μὲν
2633 2331 2888 2402 οὐδαμῶς
2921 2334 3010 2384 τὸν
3059 2334 3215 2401 φύσει
3249 2353 3307 2388 τε
3342 2337 3435 2388 καὶ
3465 2336 3684 2406 ἀληθῶς

2099 2419 2246 2482 Υίὸν,
2279 2422 2370 2471 καὶ
2401 2423 2463 2472 ὲκ
2504 2423 2600 2492 τῆς
2632 2422 2724 2474 τοῦ
2778 2423 2910 2476 Θεοῦ
2943 2426 3034 2477 καὶ
3084 2427 3295 2495 Harpe;
3323 2429 3510 2490 οὖσίας
3669 2459 3680 2467 -

2098 2509 2386 2579 λάμψᾳντα
2427 2514 2617 2580 Λόγον,
2667 2513 2741 2577 ὡς
2778 2514 2963 2583 ἕτερον
3006 2515 3060 2567 δέ
3093 2533 3212 2568 τινα
3256 2518 3388 2586 παρ“
3416 2519 3578 2570 αὐτὸν
3619 2519 3681 2570 ἐκ

2094 2605 2256 2658 αὐτοῦ
2304 2609 2396 2659 καὶ
2438 2611 2548 2673 τοῖς
2588 2607 2820 2679 θύραθεν
2865 2611 3225 2681 ὲξωραϊσμοῖς
3275 2611 3679 2682 εἰδοποιηθέντα

2169 2797 2227 2850 Β.
2283 2797 2440 2848 Ἀλλὲι
2489 2797 2589 2849 κᾶν
2632 2797 2916 2868 ἅνθρωπος
2968 2797 3149 2860 tame;
3200 2797 3421 2868 νοῆται,
3486 2797 3674 2864 φασὶν,

2095 2890 2341 2958 ἀναφορᾷ
2371 2887 2503 2940 Θεοῦ
2543 2889 2635 2941 καὶ
2673 2889 2846 2958 ὲννοίᾳ
2893 2888 2988 2958 τὴν
3024 2888 3173 2958 παρὰ
3216 2890 3394 2959 πάσης
3425 2889 3524 2957 τῆς
3562 2890 3676 2939 κτί-

2094 2997 2231 3042 σεως
2259 2980 2625 3049 προσκύνησιν
2660 2980 2792 3050 ἔχει.

2163 3070 2226 3120 Α.
2269 3065 2399 3121 Εἶτα
2429 3069 2547 3121 τίνα
2587 3071 2786 3140 τρόπον
2841 3070 3038 3138 πρέποι
3089 3069 3173 3130 ἂν,
3223 3069 3342 3121 είπέ
3389 3086 3498 3139 μοι,
3534 3069 3669 3141 πρδς

2093 3161 2247 3229 ἡμῶν
2293 3162 2528 3214 νοεῖσθαι
2571 3161 2663 3213 καὶ
2698 3160 2948 3228 λέγεσθαι
2982 3162 3080 3232 τῆς
3114 3162 3242 3232 παρ’
3283 3161 3460 3213 αὐτῶν
3513 3160 3672 3231 θρυλ-

2090 3253 2355 3323 λουμένης
2390 3255 2672 3322 ἀναφορᾶς
2701 3253 2760 3304 τὸ
2807 3253 3034 3322 xeiras;
3071 3254 3181 3304 Καὶ
3214 3254 3345 3322 φέρε
3393 3255 3492 3323 τὴν
3525 3252 3671 3305 θείαν

2094 3361 2152 3396 τε
2200 3344 2291 3397 καὶ
2335 3345 2482 3414 ἱερὰν
2514 3343 3092 3414 πολυπραγμονοῦντες
3123 3345 3367 3415 Γραφὴν,
3394 3345 3670 3415 καταθρή-

2099 3452 2280 3504 σωμεν
2325 3435 2419 3487 ἀπ’
2450 3435 2616 3503 αὐτῆς
2661 3435 2720 3485 τὸ
2751 3433 3098 3502 ζητούμενον.
3152 3435 3361 3488 Οὐκοῦν
3412 3436 3672 3506 ὀλιγωρή-

2099 3524 2287 3588 σαντές
2339 3541 2468 3576 ποτε
2518 3527 2614 3593 τῆς
2658 3525 2737 3586 είς
2787 3524 2917 3576 Θεὸν
2970 3523 3150 3588 αἰδοῦς
3203 3526 3251 3577 οἱ
3310 3525 3369 3590 ἐξ
3437 3526 3668 3597 Ἰσραὴλ,

2095 3619 2285 3671 Μωσεῖ
2312 3633 2369 3670 τε
2415 3618 2508 3669 καὶ
2549 3617 2757 3688 ’Δαρων
2791 3618 3087 3686 ἐπεφύοντο
3117 3619 3352 3690 πικρῶς,
3391 3612 3509 3672 εἶτα
3539 3637 3669 3691 προ-

2098 3709 2391 3778 πειρώνηκε
2437 3709 2640 3777 Μωσῆς
2687 3725 2744 3761 τε
2791 3711 2885 3760 καὶ
2927 3708 3168 3779 Ἀαρών·
3217 3729 3235 3760 ι
3282 3712 3378 3773 Τίς
3423 3715 3566 3764 ἐστιν
3595 3713 3668 3763 ὄτι

2094 3802 2482 3870 διαγογγύζετε
2518 3801 2637 3853 κατ’
2679 3801 2876 3865 aurati;
2907 3803 2982 3854 Οὐ
3013 3802 3123 3872 γὰρ
3164 3802 3283 3855 καθ’
3318 3803 3496 3872 ἡμῶν,
3539 3804 3668 3857 ἀλλὰ

2095 3896 2235 3948 κατὰ
2264 3895 2398 3948 Θεοῦ
2427 3897 2454 3948 ὁ
2480 3897 2794 3966 γογγυσμὸς
2816 3896 2967 3965 ὑμῶν
2997 3891 3150 3959 οὗτος
3172 3898 3336 3950 ἐστιν.
3371 3919 3388 3948 ι
3436 3897 3668 3967 Ἐπλημ-

2098 3989 2292 4058 μέλονν
2330 3988 2427 4057 μὲν
2461 3989 2568 4058 γὰρ
2619 3989 2698 4052 είς
2739 3989 2943 4043 Μωσέα
2991 3989 3082 4042 καὶ
3133 3988 3361 4058 Ἀαρὼν,
3395 3988 3530 4042 ἀλλά
3574 3971 3696 4057 τῆς,

2095 4080 2246 4144 θείας
2271 4082 2475 4151 ἥπτετο
2503 4081 2660 4152 δόξης
2689 4082 2748 4134 τὸ
2775 4081 3070 4152 δρώμενον,
3113 4083 3208 4134 καὶ
3237 4081 3324 4132 ἐπ’
3351 4080 3520 4150 αὐτὴν
3559 4077 3662 4151 εἶχε

2093 4166 2188 4237 τὴν
2210 4168 2510 4237 ἀναφορὰν,
2536 4168 2636 4238 τῆς
2653 4167 2760 4221 τῶν
2779 4169 3102 4240 ὑϐριζόντων
3128 4170 3420 4233 ὐπονοίαςὸ
3452 4171 3661 4241 τρόπος.

2092 4259 2240 4330 Πλὴν
2287 4259 2385 4312 οὐκ
2435 4254 2574 4329 ἦσαν
2605 4260 2730 4312 Θεοὶ
2787 4259 2988 4329 Μωσῆς
3032 4277 3094 4317 τε
3147 4259 3241 4312 καὶ
3290 4260 3518 4332 Ἀαρὼν,
3548 4259 3661 4313 οὔτε

2095 4350 2201 4420 μὴν
2244 4350 2492 4419 ἀναφορᾷ
2537 4349 2696 4406 Θεοῦ.
2727 4385 2746 4405 .
2777 4387 2792 4402 .
2828 4391 2838 4402 .
2876 4391 2887 4404 .
2921 4388 2935 4403 .
2974 4392 2988 4406 .
3023 4391 3034 4404 .
3097 4350 3184 4404 διὰ
3230 4352 3542 4422 προφητῶν,
3573 4352 3657 4405 τοῦ

2092 4442 2234 4494 κατὰ
2283 4444 2462 4512 σάρκα
2506 4442 2738 4514 Ἰσραήλ.
2781 4437 2913 4496 Εἶτα
2943 4443 3258 4514 προσῄεσαν
3294 4444 3543 4513 λέγοντες
3591 4443 3660 4514 τῷ

2091 4534 2362 4604 θεσπεσίῳ
2403 4518 2698 4607 Σαμουὴλ⁸
2741 4556 2758 4588 ι
2813 4537 3043 4605 Ποίησον
3075 4539 3206 4608 ἡμῖν
3251 4537 3495 4607 βασιλέα,
3529 4538 3656 4592 καθὰ

2092 4626 2188 4678 καὶ
2228 4625 2296 4676 τὰ
2338 4625 2498 4678 λοιπά
2552 4626 2702 4698 ἔθνη.
2753 4646 2771 4679 ι
2815 4626 2958 4698 Πρὸς
2996 4627 3168 4680 ταῦτα
3216 4630 3656 4697 κατεπικραίνετο

2091 4720 2186 4772 καὶ
2227 4721 2430 4789 σφόδρα
2479 4720 2703 4784 είκότως
2755 4722 2783 4772 ὁ
2835 4721 3302 4790 πνευματοφόρος,
3351 4719 3469 4773 ἀλλ’
3506 4722 3654 4791 ﬁmus

2083 4811 2179 4865 τοῦ
2205 4811 2340 4864 Θεοῦ
2379 4811 2650 4878 λέγοντος·
2692 4831 2708 4863 ι
2747 4812 2820 4866 Οὐ
2852 4811 2910 4863 σὲ
2942 4810 3381 4882 ἐξουθενήκασιν,
3408 4811 3522 4864 ἀλλ’
3546 4814 3651 4882 ἐμὲ.

2082 4903 2177 4956 τοῦ
2239 4904 2312 4972 μὴ
2369 4901 2672 4972 βασιλεύειν
2729 4904 2816 4956 ἐπ’
2860 4903 3076 4965 αὐτούς.
3121 4921 3139 4954 ι
3197 4902 3325 4956 Ἰδοὺ
3381 4903 3446 4974 δὴ
3487 4904 3651 4962 πάλιν.

2083 4994 2316 5048 κάνθάδε
2348 4993 2531 5062 σαφῶς
2563 4997 2591 5048 ὁ
2623 4995 2722 5064 τῆς
2753 4994 3146 5064 ἑξουθενήσεως
3185 4996 3386 5064 τρόπος
3427 4998 3511 5058 εἰς
3539 4995 3652 5048 Θεὸν

2085 5085 2199 5155 ἔχει
2242 5086 2340 5156 τὴν
2374 5087 2672 5158 ἀναφοράν.
2720 5087 2830 5140 Καὶ
2861 5087 2964 5158 μὴν
3009 5088 3102 5140 καλ⁸
3135 5088 3301 5152 αὐτὸς
3327 5089 3356 5140 ὁ
3397 5087 3506 5141 τῶν
3533 5087 3651 5140 ὅλων

2088 5177 2281 5250 Σωτὴρ
2319 5180 2411 5232 καὶ
2435 5178 2640 5251 Κύριος
2670 5181 2799 5250 περὶ
2836 5180 2944 5232 τῶν
2974 5181 3032 5232 ὲν
3063 5179 3241 5250 ἐνδείᾳ
3268 5179 3464 5252 φησιν·
3490 5197 3510 5231 ι
3551 5175 3649 5245 Ἐφ’

2087 5270 2210 5322 ὅσον
2265 5271 2552 5339 ἐποιήσατε
2615 5270 2697 5324 ἐνὶ
2742 5270 2947 5322 τούτων
2994 5268 3102 5322 τῶν
3151 5269 3487 5339 ἐλαχίστων,
3543 5266 3648 5337 ἐμοὶ

2086 5361 2404 5431 ἐποιήσατε.
2453 5382 2472 5414 ι
2516 5357 2642 5432 'Ap‘
2676 5357 2768 5415 οὖν
2801 5361 2944 5415 κατὰ
2990 5361 3180 5416 τοῦτον
3225 5362 3316 5415 τὸν
3354 5361 3572 5433 τρόπον,
3605 5359 3648 5411 εἰ

2086 5470 2168 5517 τις
2204 5454 2413 5522 λέγοιτο
2439 5457 2602 5526 τιμᾷν
2632 5456 2721 5509 τὸν
2751 5457 2814 5507 ὲκ
2857 5454 3174 5526 σπέρματος
3205 5455 3390 5517 Δαϐὶδ,
3424 5454 3503 5526 τῷ
3545 5452 3646 5523 Υῑῷ

2085 5546 2392 5614 πεποίηκε;
2439 5547 2541 5600 κᾶν
2593 5548 2640 5599 εἰ
2697 5547 2770 5617 μὴ
2821 5547 3166 5613 πιστεύσειε,
3219 5548 3642 5619 προσκέκρουκεν

2083 5639 2369 5709 ἀραρότως
2398 5639 2475 5708 τῷ
2505 5640 2648 5692 κατά
2681 5639 2843 5708 φύσιν
2891 5638 3025 5709 Υίῷ,
3072 5640 3334 5710 τιμᾶσθαι
3376 5641 3516 5712 τάχα
3553 5656 3639 5694 που

2084 5731 2178 5783 καὶ
2231 5730 2391 5785 αὐτὸν
2449 5730 2718 5794 ἐθέλοντι,
2769 5732 2860 5786 καὶ
2903 5731 3257 5786 πιστεύεσθαι
3317 5733 3455 5804 πρὸς
3501 5732 3638 5805 ἡμῶν

2207 5907 2251 5940 ⁸⁸
2286 5906 2474 5962 Matth.
2511 5925 2634 5976 xxv,
2670 5909 2759 5963 40.
