3988 6504
322 515 351 569 1
367 515 483 570 285

1477 511 1667 579 QUOD
1707 509 1893 567 UNUS
1935 507 2041 564 SIT
2081 509 2453 566 CHRISTUS.

3480 511 3621 573 1286

315 632 476 686 κατά
522 633 613 686 τὸν
665 634 779 689 ἴσον
828 637 923 690 καὶ
974 636 1409 708 ἀπαραλλάκτως
1458 632 1650 702 ἔχοντα
1701 630 1894 699 τρόπον

2032 628 2227 695 polleat
2275 630 2325 682 id
2375 628 2518 699 quod
2551 637 2795 684 creatum
2838 637 2943 694 est,
3002 639 3056 684 et
3113 629 3253 684 Deus
3298 642 3488 685 recens
3515 669 3531 693 ,
3564 637 3620 682 ut

316 723 466 779 Εἶτα
510 727 627 791 πῶς
673 730 733 780 οὑ
780 729 1003 799 γέγονεν
1052 730 1292 798 ἰσότιμον
1330 726 1426 795 μὲν
1459 724 1536 793 τῷ
1572 724 1808 792 δεσπότῃ
1856 722 1919 773 τὸ

230 858 243 865 -
313 816 551 881 δοῦλον,
602 820 659 870 ἐν
695 820 995 891 ὑπεροχαῖς
1033 822 1088 873 δὲ
1124 820 1377 888 θεότητος
1418 816 1479 869 τὸ
1522 813 1915 883 πεποιημένον,

312 910 423 961 καὶ
453 910 585 971 Θεὸς
610 910 941 979 πρόσφατος,
972 912 1112 965 κατὰ
1135 911 1232 972 τὰς
1264 910 1300 961 Γ
1309 909 1517 980 ραφάς;
1559 906 1918 974 ἐπενήνεκται

310 999 380 1051 δὲ
413 1000 480 1069 τῇ
511 998 642 1069 αγίᾳ
681 1001 774 1051 καὶ
801 1002 1073 1070 ὀμοουσίῳ
1099 1000 1291 1070 Τριάδι
1346 998 1405 1049 τὸ
1450 994 1734 1063 ἀνισοφυὲς
1777 992 1914 1059 αὑτῇ

312 1091 420 1143 καὶ
471 1090 569 1144 σὺν
600 1092 734 1161 αὐτῇ
773 1092 1246 1162 προσκυνούμενον
1276 1130 1289 1155 ,
1344 1087 1438 1141 καὶ
1479 1086 1577 1155 τῆς
1619 1085 1740 1154 ίσης
1776 1084 1913 1153 αὐτῇ

311 1181 619 1251 ιοινωνοῦν
645 1182 893 1246 εὐκλείας
912 1202 925 1248 ;

397 1274 456 1325 Β.
499 1275 635 1327 Φασὶ
667 1273 766 1347 τὴν
807 1274 1085 1344 ἀναφορὰν
1129 1272 1270 1327 κατὰ
1317 1270 1519 1324 τοιόνδε
1559 1266 1683 1320 τινά
1716 1265 1913 1337 χρῆναι

308 1364 704 1432 λαμδάνεσθαι
757 1365 975 1435 τρόπον.
1044 1363 1385 1425 Ἐννοοῦντες
1429 1361 1536 1431 γὰρ
1589 1357 1679 1412 τὸν
1725 1356 1803 1427 τῷ
1849 1357 1915 1409 ὲκ

313 1456 641 1526 σπέρματος
692 1456 855 1509 Δαϐὶδ
894 1458 1213 1526 ἀχωρίστως
1259 1453 1603 1522 συναφθέντα
1643 1451 1775 1504 Θεὸν
1811 1449 1915 1503 Λό-

311 1561 440 1613 γον,
477 1546 892 1618 προσκυνοῦμεν
918 1548 992 1609 ῶς
1024 1547 1175 1599 Θεόν.

390 1638 456 1690 Δ.
503 1631 629 1706 'Ap'
675 1633 768 1690 οὖν
813 1638 1030 1707 ἀπόχρη
1084 1638 1217 1708 πρὸς
1251 1636 1313 1689 τὸ
1349 1636 1460 1688 δεῖν
1500 1632 1649 1703 αὑτῷ
1698 1632 1797 1701 τὴν
1836 1633 1913 1703 τῷ

313 1726 442 1795 Θεῴ
492 1727 807 1797 πρέπουσαν
859 1728 1016 1791 δόξαν
1066 1727 1226 1787 ἑλεῖν,
1263 1726 1356 1778 καὶ
1398 1724 1507 1777 τῶν
1550 1723 1650 1791 τῆς
1681 1723 1912 1785 κτίσεως

313 1815 731 1886 ὑπερφέρεσθαι
759 1819 992 1887 μέτρων,
1018 1817 1076 1869 τὸ
1110 1816 1377 1884 συνῆφθαι
1412 1816 1570 1885 μόνον
1604 1812 1782 1883 αὑτῷ;
1818 1812 1911 1866 καὶ

309 1908 478 1959 τοῦτο
506 1909 878 1979 προσκυνητὸν
929 1910 1019 1961 τὸν
1067 1910 1165 1961 οὑκ
1219 1910 1346 1961 ὄντα
1394 1908 1525 1959 Θεὸν
1576 1906 1903 1977 ἐργάσεται;

2026 719 2307 787 Scriptura
2365 729 2597 773 testatur
2639 720 2736 773 ‘7?
2779 721 3078 776 Asciseitur
3104 736 3231 776 vero
3270 721 3322 774 in
3368 732 3619 776 sanctam

2022 822 2074 865 et
2105 812 2621 867 consubstantialem
2655 813 2982 868 Trinitatem
3018 814 3068 867 id
3098 813 3243 883 quod
3279 812 3511 867 diversae
3553 813 3619 867 ab

2021 919 2081 957 ea
2114 915 2325 958 natura:
2352 912 2456 969 est,
2497 920 2716 974 unaque
2749 920 2871 960 cum
2896 920 2957 959 ea
3002 907 3267 960 adoratnr
3294 946 3311 972 ,
3362 918 3615 960 contum-

2022 1008 2256 1064 nemque
2283 1002 2336 1049 ct
2362 1010 2549 1065 parem
2581 1011 2705 1051 cum
2736 1010 2801 1051 ea
2833 994 3061 1065 gloriam
3092 995 3299 1050 habet?

2089 1257 2150 1315 Β.
2193 1258 2524 1312 Aiuntltanc
2572 1258 2890 1311 relationem
2936 1258 3321 1327 hujuscemodi
3368 1260 3608 1329 quadam

2018 1350 2226 1405 ratione
2256 1351 2431 1419 accipi
2463 1350 2679 1404 debere.
2711 1350 3028 1405 Statuentes
3062 1354 3206 1406 enim
3239 1354 3364 1407 huic
3394 1354 3487 1423 qui
3524 1364 3611 1409 est

2015 1456 2082 1495 ex
2129 1443 2339 1498 semine
2382 1440 2552 1497 David
2610 1442 3049 1511 inseparabiliter
3101 1445 3416 1515 copulatum
3484 1460 3608 1503 csse

1992 1532 2185 1590 -Deutn
2224 1532 2485 1598 Verbum,
2524 1534 2820 1589 adoramus
2848 1544 2907 1589 ut
2953 1536 3145 1591 Deum.

2087 1626 2151 1679 A.
2172 1627 2333 1695 Atqui
2372 1624 2642 1681 sulﬁcitne
2669 1628 2773 1682 hoc
2808 1628 2875 1682 ad
2900 1627 3247 1684 deferendam
3278 1630 3351 1684 illi
3374 1630 3602 1701 gloriam

2012 1730 2131 1786 qua:
2164 1718 2270 1771 Deo
2293 1719 2546 1771 convenit
2575 1758 2589 1782 ,
2649 1728 2704 1773 et
2749 1718 2814 1772 ad
2866 1733 2988 1773 eum
3038 1719 3176 1774 ultra
3225 1731 3604 1778 creaturarum

2011 1808 2379 1863 conditionem
2400 1808 2761 1872 eveheudum,
2788 1808 2930 1879 quod
2967 1810 3293 1877 conjunctns
3312 1812 3361 1866 ei
3389 1822 3603 1866 tantum

2009 1899 2098 1965 sit,
2142 1900 2301 1968 idque
2333 1899 2661 1953 adorabiletn
2698 1915 2820 1953 cum
2852 1898 3015 1953 faciet
3046 1902 3136 1969 qui
3169 1917 3275 1956 non
3302 1904 3375 1955 sit
3408 1902 3551 1957 Deus
3579 1902 3605 1956 Υ

311 1999 436 2051 ἀλλ’
469 2000 709 2069 εὑρίσκω
742 2000 861 2052 τινὰ
882 2000 958 2069 τῷ
994 2000 1109 2069 Θεῷ
1144 2001 1369 2069 λέγοντα
1397 2000 1485 2052 διὰ
1514 1999 1609 2067 τῆς
1635 1997 1727 2050 τοῦ
1754 1998 1894 2050 Ψάλε

2010 1990 2078 2042 At
2115 1990 2324 2057 reperio
2354 1989 2645 2056 quemdam
2687 2003 2787 2056 per
2838 1987 3141 2043 Psalmistzc
3180 1989 3352 2060 lyram
3406 1992 3601 2045 dicen-

310 2089 500 2151 λοντος
526 2091 692 2159 λύρας
717 2108 728 2120 ⁸
775 2112 793 2142 ‹
837 2092 1130 2162 Ἐκολλήθη
1166 2094 1196 2161 ἡ
1231 2092 1373 2161 ψυχή
1411 2109 1508 2160 μου
1534 2091 1707 2142 ὀπίσω
1739 2106 1850 2142 σου.
1882 2108 1899 2140 ι

311 2181 521 2251 Γράφει
558 2182 728 2235 δὲκαὶ
771 2184 797 2235 ό
835 2184 1103 2252 μακάριος
1132 2183 1373 2245 Παῦλ.ος’
1410 2202 1425 2233 ι
1474 2183 1530 2233 ὐ
1568 2181 1905 2249 κολλώμενος

310 2273 390 2343 τῷ
419 2274 623 2343 Κυρίῳ,
648 2274 704 2325 ἓν
734 2274 948 2344 πνεῦμά
979 2278 1143 2328 ἐστιν.
1188 2294 1204 2325 ›
1234 2270 1355 2345 Ἆρ’
1378 2270 1488 2337 οὖν,
1534 2274 1653 2325 εἰπέ
1680 2290 1789 2341 μοι,
1810 2270 1905 2324 καὶ

310 2364 535 2427 τούτους
577 2366 823 2436 ἀναφορᾷ
862 2369 995 2420 Θεοῦ
1026 2370 1499 2439 προσκυνήσομεν,
1531 2366 1605 2429 ὡς
1645 2365 1905 2435 κεκολλη-

314 2460 512 2526 μένους
546 2459 729 2527 αὑτῷ;
784 2461 976 2513 Καίτοι
1015 2460 1109 2512 τοῦ
1157 2460 1429 2529 συνῆφθαι
1458 2460 1654 2527 λέγειν,
1696 2459 1757 2510 τὸ
1804 2460 1900 2528 τῆς

308 2548 621 2617 κολλήσεως
664 2549 851 2618 ὄνομα,
897 2548 1118 2619 μείζονά
1157 2566 1258 2601 που
1298 2550 1514 2612 πάντως
1548 2549 1639 2601 καὶ
1687 2546 1896 2612 ἀξιολο-

307 2640 561 2708 γωτέραν
592 2639 689 2707 τὴν
733 2638 971 2707 ἔμφασιν
1016 2639 1163 2709 ἔχει’
1197 2639 1355 2710 εἴπερ
1390 2640 1536 2692 ἐστὶν
1580 2639 1777 2709 ἀληθὲς
1820 2640 1897 2690 εί-

308 2734 455 2794 πεῖν,
490 2730 565 2794 ὠς
598 2733 655 2784 τό
684 2748 793 2785 τισι
827 2730 1185 2801 κολλώμενον,
1224 2733 1282 2786 ὲν
1322 2734 1568 2785 ἐπιτάσει
1600 2733 1765 2803 πολλῇ
1801 2732 1899 2802 τὴν

310 2822 610 2891 συνάφειαν
645 2821 780 2893 ἔχει.

383 2913 442 2967 Β.
492 2915 725 2967 Ἔοικεν.

380 3006 443 3063 A.
499 3006 746 3059 Ἀνθότου
800 3006 855 3058 δὲ
906 3006 970 3077 δὴ
1017 3006 1284 3076 παρέντες
1318 3006 1416 3076 τὴν
1452 3007 1665 3069 ἕνωσιν,
1717 3006 1893 3059 καίτοι

308 3097 497 3168 φωνὴν
532 3094 697 3151 οὖσαν
743 3098 964 3168 εὑτριδῆ
1013 3099 1143 3168 παρ’
1178 3100 1308 3167 ἡμῖν
1360 3099 1562 3161 αὐτοῖς,
1604 3098 1802 3167 μᾶλλον
1837 3098 1893 3149 δὲ

310 3187 407 3240 καὶ
436 3189 501 3241 ἐκ
526 3187 633 3239 τῶν
659 3188 829 3255 ἁγίων
858 3187 1117 3258 Πατέρων
1148 3188 1581 3241 καταϐαίνουσαν
1610 3190 1690 3251 εἷς
1723 3190 1890 3258 ἡμᾶς,

311 3276 607 3346 συνάφειαν
639 3277 997 3347 όνομάζουσι;
1034 3277 1225 3330 Καίτοι
1262 3281 1452 3348 συγχεῖ
1488 3280 1583 3346 μὲν
1623 3279 1655 3349 ἡ
1702 3279 1892 3343 ἓνωσις
1920 3309 1961 3365 C

306 3368 560 3439 οὐδαμῶς
592 3370 661 3423 τὰ
708 3371 828 3423 καθ’
857 3363 931 3423 ὧν
961 3370 1026 3423 ἂν
1058 3370 1288 3439 λέγοιτο,
1318 3371 1642 3425 διαδείκνυσι
1670 3370 1725 3422 δὲ
1753 3373 1889 3439 μᾶλ-

303 3460 394 3513 λον
427 3461 527 3530 τὴν
562 3462 641 3523 είς
685 3460 744 3513 ἓν
783 3477 834 3513 τι
885 3462 1189 3534 συνδρομὴν
1241 3462 1349 3515 τῶν
1384 3461 1624 3533 ἡνῶσθαι
1669 3464 1891 3534 νοουμέ-

306 3569 433 3606 νων.
467 3552 575 3605 Καὶ
608 3552 727 3622 οὑχὶ
778 3551 951 3623 πάντη
1001 3570 1060 3606 τε
1100 3554 1193 3606 καὶ
1235 3554 1454 3621 πάντως
1484 3553 1542 3606 ἒν
1579 3554 1645 3609 ἂν
1684 3554 1893 3624 λέγοιτο

310 3642 486 3712 μόνως
516 3642 579 3694 τὸ
608 3641 813 3694 ἀπλοῦν
844 3643 937 3695 καὶ
969 3642 1260 3715 μονοειδὲς,
1296 3643 1431 3697 ἀλλὰ
1463 3645 1572 3716 γὰρ
1608 3647 1702 3699 καὶ
1730 3646 1797 3698 τά
1828 3647 1892 3700 ἐκ

305 3735 449 3787 δυοῖν
487 3734 519 3803 ἢ
554 3733 814 3787 πλειόνων
846 3733 923 3787 ἔτι
960 3735 1056 3788 καὶ
1095 3735 1154 3799 ἐξ
1186 3736 1499 3808 ἑτεροειδῶν
1537 3738 1884 3809 συγκείμενα.

304 3829 463 3893 Δοκεῖ
508 3825 617 3895 γὰρ
644 3825 817 3890 οὑτως
864 3822 923 3879 εὖ
977 3826 1120 3896 ἔχειν
1147 3830 1261 3891 τοῖς
1307 3826 1481 3883 ταῦτα
1516 3833 1717 3899 σοφοῖς.
1771 3831 1889 3884 Κα-

304 3918 642 3990 κουργότατα
682 3919 861 3973 τοίνυν
911 3919 1003 3972 τὸν
1055 3920 1150 3973 ἕνα
1200 3919 1295 3973 καὶ
1333 3920 1491 3989 φύσει
1541 3923 1635 3975 καὶ
1671 3922 1888 3993 άληθῶς

309 4010 453 4074 Υίὸν,
487 4010 982 4081 ὲνανθρωπήσαντα
1014 4014 1110 4066 καὶ
1144 4015 1563 4084 σεσαρκωμένον
1587 4015 1885 4082 διιστάντες

305 4104 381 4166 είς
408 4102 519 4167 δύο,
554 4103 945 4176 παραιτοῦνται
979 4105 1078 4174 μὲν
1112 4105 1209 4176 τὴν
1240 4107 1454 4172 ἕνωσιν,
1490 4108 1784 4178 συνάφειαν
1828 4112 1885 4164 δὲ

304 4194 679 4265 ὀνομάζουσιν,
716 4196 780 4265 ἢν
812 4195 878 4251 ἂν
913 4195 1025 4267 ἔχοι
1055 4197 1219 4267 τυχὸν
1256 4200 1349 4251 καὶ
1389 4199 1575 4270 ἕτερός
1617 4219 1703 4266 τις
1748 4203 1885 4273 πρὸς

305 4285 454 4352 Θεὸν,
490 4287 565 4349 ὡς
588 4286 647 4351 ἐξ
675 4287 875 4359 ἀρετῆς
904 4288 998 4340 καὶ
1031 4288 1304 4360 ἁγιασμοῦ
1339 4293 1617 4363 μονονουχὶ
1668 4294 1885 4347 συνδού-

308 4394 485 4448 μενος,
515 4378 657 4431 κατά
691 4395 755 4447 γε
783 4379 845 4431 τὸ
876 4380 981 4433 ὑπό
1015 4398 1106 4435 του
1130 4379 1240 4434 τῶν
1272 4383 1567 4453 προφητῶν
1595 4383 1773 4454 ὀρθῶς
1804 4387 1884 4438 εί-

262 4534 275 4544 .
308 4471 558 4541 ρημὲνιιν,
588 4472 701 4534 τοῖς
741 4471 1135 4525 ἀναπίπτουσιν
1168 4474 1246 4536 είς
1287 4472 1348 4525 τὸ
1396 4473 1638 4545 ῥᾴθυμον
1660 4491 1672 4503 °
1711 4472 1882 4530 ι’Συν-

303 4562 500 4633 ἀχθητε
546 4564 638 4617 καὶ
677 4564 985 4636 συνδέθητε,
1030 4564 1091 4618 τὸ
1123 4565 1274 4629 ἔθνος
1303 4564 1362 4618 τὸ
1397 4566 1739 4633 ἀπαίδευτον,
1775 4570 1883 4640 πρὸ

2012 2091 2116 2133 lem
2155 2097 2166 2130 :
2207 2100 2223 2130 (
2255 2080 2638 2146 Cnnglutinata
2687 2091 2769 2134 est
2822 2084 2999 2133 anima
3047 2096 3163 2135 mea
3203 2092 3323 2151 post
3360 2094 3409 2137 te
3440 2084 3533 2149 ⁸⁸;
3576 2103 3594 2136 ι

2007 2184 2059 2227 et
2098 2174 2286 2226 beatus
2320 2172 2516 2225 Paulus
2566 2172 2636 2224 ita
2686 2172 2929 2227 scribit:
2975 2192 2991 2221 ι
3036 2172 3135 2239 Qui
3185 2166 3597 2240 conglutinatus

2007 2276 2089 2317 est
2123 2263 2352 2317 Domino
2384 2302 2397 2325 ,
2434 2278 2575 2315 unus
2613 2263 2839 2331 spiritus
2886 2274 2969 2317 est
3013 2266 3101 2320 ⁸⁸⁸.
3154 2285 3173 2316 ι
3221 2269 3377 2321 Anne
3414 2269 3597 2337 igitnr,

2005 2358 2253 2419 obsecro,
2279 2354 2441 2408 etiam
2475 2355 2577 2410 hos
2601 2354 2954 2409 adorabimus
2982 2367 3230 2423 respectu
3268 2357 3382 2423 Dei,
3411 2370 3598 2427 utpote

2006 2448 2053 2502 ei
2108 2446 2556 2513 conglutinatus?
2611 2448 2773 2516 Atqui
2845 2450 3331 2519 conglutinationis
3400 2466 3595 2504 nomen

2004 2540 2266 2608 majorem
2304 2541 2410 2593 vim
2636 2551 2800 2609 atque
2869 2542 3170 2609 emphasim
3224 2542 3387 2595 habet
3431 2556 3594 2611 quam

2004 2630 2423 2699 conjunctionis.
2461 2630 2742 2699 Siquidem
2782 2646 2909 2685 vere
2943 2632 3163 2698 dicitur,
3201 2631 3245 2688 si
3276 2632 3407 2701 quid
3436 2632 3593 2686 alteri

2002 2725 2233 2792 cuipiam
2259 2723 2699 2792 conglutinatam
2724 2734 2829 2788 est,
2872 2726 3250 2779 vehementem
3280 2725 3329 2779 ei
3354 2736 3594 2779 arctam-

1920 2828 1921 2831 ‘
2000 2832 2105 2887 quc
2131 2832 2255 2872 cum
2284 2816 2374 2870 illo
2399 2815 2839 2886 conjunctionem
2871 2816 3233 2872 intercedere.

2069 2908 2130 2961 B.
2164 2909 2240 2962 lta
2276 2907 2516 2962 videtur.
3422 2957 3425 2961 .

2069 3001 2133 3053 A.
2165 3000 2275 3055 Cur
2297 3010 2505 3067 autem,
2535 3001 2739 3071 rcjecto
2769 3002 2990 3057 nomine.
3029 3002 3275 3069 unitatis,
3306 3015 3427 3057 cum
3459 3001 3595 3057 alio-

1997 3092 2087 3160 qui
2117 3093 2185 3145 sit
2237 3092 2494 3146 usitatum
2546 3094 2703 3147 nobis
2734 3094 2890 3163 ipsis,
2938 3094 3047 3148 imo
3100 3109 3229 3149 vero
3305 3108 3334 3148 a
3389 3097 3594 3151 sanctis

2001 3184 2249 3237 Patrilms‘
2286 3184 2353 3237 ad
2390 3200 2487 3239 nos
2512 3182 2751 3249 ﬁnxerit,
2782 3181 3251 3254 conjunctionem‘
3280 3186 3461 3257 potius
3498 3204 3596 3243 vo-

1997 3276 2181 3328 cant?
2235 3275 2399 3344 Atqui
2448 3279 2630 3331 unitas
2688 3292 3027 3346 nequaquam
3074 3278 3358 3333 confundit
3404 3295 3468 3335 ea
3520 3282 3587 3337 de

2002 3367 2201 3435 quibus
2230 3366 2581 3435 prmdicalur,
2611 3369 2706 3423 sed
2739 3369 2916 3438 potius
2940 3370 3215 3440 signiﬁcat
3258 3386 3587 3430 concursum

2000 3460 2052 3513 in
2093 3474 2260 3514 unum
2285 3473 2491 3515 eorum-
2514 3475 2635 3530 quae
2677 3463 2826 3514 unita
2874 3476 2998 3517 esse
3037 3462 3435 3535 intelliguntur.
3484 3465 3593 3522 Sed

2000 3563 2177 3621 neque
2214 3549 2269 3604 in
2304 3550 2618 3604 universum
2670 3551 2873 3605 dicitur
2916 3566 3084 3606 unum
3137 3552 3486 3611 solummodo
3536 3555 3590 3612 id

1998 3641 2137 3711 quod
2176 3640 2405 3710 simplex
2433 3651 2538 3705 est,
2564 3650 2727 3711 atque
2756 3643 2916 3698 unius
2947 3644 3171 3714 speciei,
3206 3661 3399 3701 verum
3421 3647 3590 3704 etiam

1999 3745 2061 3786 ea
2100 3746 2221 3799 qua:
2260 3746 2327 3784 ex
2371 3731 2584 3785 duobus
2644 3740 2737 3785 aut
2787 3733 2951 3786 etiam
3016 3732 3267 3804 pluribus
3298 3736 3464 3791 etiam
3509 3739 3591 3793 di-

1996 3837 2280 3878 versarum
2320 3824 2628 3893 specierum
2661 3824 2959 3893 composita
2997 3835 3145 3880 sunt.
3190 3828 3266 3881 ita
3295 3828 3441 3882 enim
3470 3838 3590 3884 sta-

2000 3926 2156 3971 tuunt
2194 3916 2388 3971 harum
2419 3930 2599 3971 rerum
2624 3917 2825 3984 'periti.
2866 3917 3393 3976 Fraudulentissinte
3424 3922 3591 3993 igitur

1997 4022 2163 4061 unum
2195 4015 2249 4061 et
2288 4017 2477 4059 natura
2531 4015 2587 4061 et
2640 4020 2767 4060 vere
2816 4008 3011 4062 Filium
3055 4011 3329 4067 hominem
3375 4013 3585 4068 factum

1995 4105 2158 4165 atque
2199 4095 2540 4150 incarnatum
2582 4096 2983 4167 distinguentes
3020 4100 3073 4154 in
3117 4101 3246 4167 duo,
3312 4103 3581 4161 unitatem

1994 4189 2212 4258 quidem
2261 4188 2609 4255 detrectant,
2668 4191 3110 4261 conjunctionem
3156 4210 3287 4251 vero
3337 4208 3583 4267 vocant,

1993 4296 2153 4350 quam
2184 4281 2417 4337 fortasse
2445 4280 2609 4336 etiam
2638 4282 2775 4337 alius
2808 4284 3078 4353 quispiam
3107 4302 3229 4342 cum
3268 4288 3377 4345 Deo
3397 4290 3583 4359 habet,

1995 4382 2180 4442 utpote
2215 4374 2413 4428 virtute
2449 4388 2514 4429 ac
2542 4376 2980 4432 sanctiﬁcatione
3026 4386 3351 4435 tantumnon
3386 4383 3437 4437 ei
3470 4382 3585 4440 col-

1993 4464 2213 4532 ligatus,
2242 4466 2395 4534 juxta
2437 4467 2567 4522 illud
2598 4478 2750 4523 recte
2776 4484 2805 4521 a
2834 4469 3121 4539 prophetia
3150 4471 3357 4528 dictum
3391 4475 3458 4531 iis
3488 4478 3583 4546 qui

1991 4558 2057 4610 ad
2104 4557 2370 4625 ignaviam
2406 4559 2813 4615 devolvuntur:
2847 4580 2865 4613 ι
2905 4561 3347 4635 Congregamini,
3379 4577 3433 4623 et
3470 4568 3582 4624 cnl-

303 4656 393 4709 τοῦ
423 4656 673 4724 γενέσθαι
717 4657 862 4727 ὑμᾶς
906 4658 981 4720 ὡς
1015 4657 1174 4722 ἄνθος
1215 4659 1648 4730 παρερχόμενον.
1690 4680 1708 4712 ι
1748 4662 1880 4715 Συν-

2003 4649 2263 4719 ligamini,
2299 4667 2430 4722 gens
2464 4654 2739 4723 imperita,
2769 4666 3057 4726 antequam
3093 4656 3237 4713 ﬁalis
3273 4673 3369 4714 vos
3398 4669 3457 4715 ut
3482 4658 3581 4718 llos

303 4747 523 4801 ἅπτοιτο
550 4747 593 4800 δ’
634 4748 700 4802 ἂν
754 4750 847 4801 καὶ
896 4749 1143 4819 μαθητὴς
1190 4750 1496 4822 διδασκάλῳ
1544 4754 1683 4806 κατά
1714 4771 1778 4822 γε
1826 4756 1887 4809 τὸ

304 4838 616 4910 φιλομαθὲς,
650 4840 747 4893 καὶ
774 4842 935 4911 ἡμεῖς
969 4842 1237 4913 ἀλλήλοις,
1271 4843 1331 4896 οὑ
1378 4843 1501 4897 καθ’
1531 4844 1626 4897 ἕνα
1656 4846 1882 4917 τρόπον,

309 4930 429 4985 ma
462 4931 709 4995 πολλοὺς.
750 4932 821 4985 Ἦ
854 4932 993 5002 τάχα
1014 4934 1125 4985 ¹που
1163 4934 1257 4985 καὶ
1288 4936 1317 4986 ό
1345 4933 1499 4988 τοῦδέ
1544 4951 1688 4999 τινος
1739 4938 1884 5008 πράο

301 5039 500 5094 γματος
546 5023 837 5092 ὑπουργὸς,
873 5024 973 5076 οὐκ
1022 5024 1303 5095 ἀσυναφὴς
1354 5026 1497 5080 κατά
1536 5026 1593 5079 τὸ
1634 5029 1884 5084 ἑκούσιον

302 5114 451 5171 νοοῖτ’
481 5114 546 5168 ἂν
576 5115 803 5178 εἰκότως
834 5114 910 5185 τῷ
941 5114 1159 5169 λαϐόντι
1190 5117 1326 5188 πρὸς
1358 5119 1681 5190 ὑπουργίαν.
1723 5122 1787 5175 Ὃ
1819 5121 1875 5175 δὲ

304 5206 499 5275 μᾶλλον
530 5204 707 5257 ἔοικεν
736 5206 769 5276 ἡ
792 5205 944 5277 παρὰ
964 5206 1072 5259 τῶν
1096 5209 1431 5279 καινοτόμων
1452 5214 1585 5282 ἡμῖν
1612 5215 1877 5284 συνάφεια

302 5295 504 5365 δηλοῦν.
557 5295 825 5350 Διεπὺθου
877 5296 986 5367 γὰρ
1035 5297 1451 5371 διατεινομένων
1502 5304 1749 5373 ἀμαθῶς,
1794 5307 1876 5360 δτι

301 5384 470 5440 λαϐὼν
503 5387 811 5459 ἄνθρωπον,
840 5388 914 5453 ὡς
940 5376 1124 5461 ἕτερόν
1154 5408 1275 5445 τινα
1306 5392 1435 5462 παρ’
1472 5395 1660 5448 ἑαυτὸν
1705 5398 1818 5451 υἱὸν
1849 5401 1878 5453 ὁ

298 5473 421 5539 Θεὸς
459 5477 650 5544 Λόγος,
688 5479 961 5548 ὑπουργὸν
1000 5479 1190 5550 ὥσπερ
1236 5483 1357 5536 τινὰ
1412 5484 1520 5537 τῶν
1564 5487 1759 5542 ἑαυτοῦ
1792 5490 1879 5543 θε-

300 5565 547 5635 λημάτων
586 5568 869 5638 ἀπέφηνεν
899 5569 1081 5634 αὑτὸν,
1102 5570 1254 5645 ιῶστε
1299 5575 1391 5626 καὶ
1418 5574 1647 5631 θανάτου
1683 5581 1879 5648 πεῖραν

301 5655 451 5723 ἑλεῖν,
488 5658 785 5712 ἀναϐιῶναι
818 5677 897 5723 τε,
930 5661 1119 5721 καὶείς
1147 5662 1309 5716 αὑτὸν
1340 5665 1626 5719 ἀνελθόντα
1667 5668 1756 5721 τὸν
1785 5671 1877 5724 οὑ-

306 5747 474 5817 ρανὸν,
504 5750 615 5815 τοῖς
655 5750 753 5822 τῆς
786 5752 1024 5823 ἀρρήτου
1071 5752 1325 5824 θεότητος
1373 5756 1616 5827 ὲνιζῆσαι
1662 5758 1871 5825 θάκοις.

362 5923 409 5959 ⁸⁷
436 5926 585 5985 Psal.
613 5944 777 6001 uxr,
804 5930 892 5987 l0.
971 5931 1015 5964 ”
1043 5929 1169 5987 Psal
1200 5947 1335 6001 uti,
1376 5932 1430 5989 9.

1509 5932 1576 5966 ιι·
1604 5932 1623 5987 ι
1651 5935 1775 5992 Cor.
1844 5953 1923 6006 vr,
1948 5937 2033 5993 t7.

1988 4744 2305 4812 prtcteriens
2344 4745 2409 4799 ⁸⁸.
2488 4744 2847 4815 Conjungilur
2897 4764 3025 4803 vero
3061 4752 3226 4805 etiam
3278 4753 3580 4825 discipulus

1986 4836 2253 4905 magistro
2289 4838 2501 4893 ratione
2529 4840 2820 4895 docilitatis
2845 4858 2859 4907 ;
2884 4850 2938 4896 et
2966 4857 3067 4897 uos
3101 4842 3242 4897 alter
3274 4844 3429 4901 alteri
3468 4862 3574 4903 non

1984 4943 2090 4981 uno
2125 4930 2309 4995 modo,
2369 4931 2462 4985 sed
2513 4931 2781 5000 pluribus.
2843 4932 2907 4986 Et
2934 4933 3026 5004 qui
3087 4935 3320 5005 alicujus
3369 4940 3575 5011 negotii

1982 5021 2199 5091 adjutor
2227 5032 2341 5089 est,
2398 5038 2505 5077 non
2550 5034 2730 5091 potest
2769 5026 2965 5082 merito
3004 5028 3310 5097 disjunctus
3356 5033 3573 5090 censeri

1983 5115 2195 5171 ratione
2228 5117 2529 5172 voluntatis
2584 5118 2651 5171 ab
2698 5134 2765 5174 eo
2815 5120 2904 5189 qui
2952 5121 3127 5191 ipsum
3167 5124 3218 5179 in
3258 5124 3570 5195 adjutorem

1986 5208 2213 5277 accepit.
2250 5208 2362 5265 Hoc
2385 5220 2566 5265 autem
2595 5211 2775 5280 potius
2804 5212 3019 5270 videtur
3040 5215 3153 5272 haec
3184 5217 3571 5277 innovatorum

1984 5300 2298 5369 conjunctio
2349 5303 2680 5374 signiﬁcare.
2730 5305 2946 5362 Audisti
2996 5308 3139 5364 enim
3170 5324 3266 5366 eos
3321 5312 3575 5383 imperite

1985 5392 2377 5449 contendentes
2404 5432 2417 5459 ,
2452 5396 2593 5464 quod
2624 5395 2763 5451 Deus
2798 5395 3059 5467 Verbum,
3098 5413 3325 5471 accepto
3352 5403 3573 5461 homine

1982 5493 2241 5553 tanquam
2270 5484 2379 5540 alio
2418 5488 2652 5557 quodam
2686 5503 2751 5543 ac
2796 5489 3013 5546 diverso
3050 5505 3080 5545 a
3127 5506 3187 5547 se
3220 5492 3351 5560 ﬁlio,
3403 5494 3570 5552 veluti

1979 5575 2284 5645 adjutoretn
2346 5580 2637 5648 quemdam
2696 5592 2861 5651 atque
2887 5592 3270 5639 exsecutorem
3318 5601 3431 5641 sua:
3476 5600 3572 5643 vo-

1977 5668 2203 5723 luntatis
2234 5670 2409 5741 ipsum
2442 5673 2751 5739 constituit,
2779 5675 2849 5729 ita
2886 5684 2946 5730 ut
2991 5686 3045 5730 et
3076 5687 3307 5733 mortem
3337 5678 3516 5734 obiret
3549 5717 3567 5745 ,

1976 5771 2032 5815 ct
2065 5761 2441 5830 revivisceret,
2477 5772 2641 5834 atque
2673 5764 2726 5821 in
2762 5767 2961 5824 cmlutn
3005 5768 3235 5839 relatus,
3276 5768 3569 5830 ineﬂ'abilit

2113 5938 2158 5974 "
2194 5939 2438 6015 Sephon.
2474 5959 2534 6012 tt,
2570 5942 2621 6011 1,
2651 5944 2706 5999 2.
