3988 6504
417 484 552 543 HS“!

1426 474 1482 528 S.
1523 470 1794 528 CYRILLI
1837 469 2302 527 ALEXANDRINI
2344 470 2656 527 ABCHIEP.

3547 470 3665 524 1388

415 604 637 657 deitatis
665 601 801 657 solio
834 597 1110 653 insideret.
1159 590 1350 647 Nonne
1386 592 1528 646 enim
1564 607 1629 645 ex
1663 592 1749 644 his
1799 592 1979 645 verbis

2117 594 2157 644 Η
2182 591 2290 660 γὰρ
2322 592 2441 661 οὐχὶ
2485 592 2660 659 πάντη
2710 605 2766 641 τε
2804 588 2894 641 καὶ
2940 589 3157 651 πάντως
3201 588 3293 640 διὰ
3337 588 3551 640 τούτων
3578 588 3665 638 τῶν

416 698 660 748 diversus
695 692 849 759 plane
879 688 1118 743 cernitur
1176 686 1241 738 ab
1300 697 1364 737 co
1411 684 1518 753 qui,
1564 692 1644 736 est
1677 692 1867 734 natura
1931 691 1984 733 et

416 800 541 838 vere
574 784 786 837 Filius?

486 875 545 927 Β.
576 873 827 928 Omnino.

487 966 553 1020 Α.
588 967 655 1016 At
685 976 804 1028 cum
849 957 1015 1013 semel
1060 970 1124 1012 eo
1172 954 1457 1009 dementiae
1512 953 1872 1018 devenerint,
1928 959 1986 1004 ut

416 1053 736 1107 existiment
795 1061 957 1115 atque
986 1056 1232 1099 asseram
1264 1056 1368 1096 non
1423 1042 1598 1109 ipsum
1647 1042 1983 1109 unigenitum

420 1145 512 1199 Dei
580 1143 813 1197 Verbum
875 1138 1043 1192 nostri
1101 1135 1329 1190 similem
1389 1132 1589 1187 factum
1624 1132 1840 1197 fuisse,
1892 1134 1984 1186 sed

419 1234 689 1289 hominem
736 1230 1049 1296 sumpsisse,
1110 1241 1372 1295 quonam,
1412 1225 1662 1287 obsecro,
1701 1224 1860 1278 modo
1899 1238 1986 1277 as-

417 1326 777 1393 sumptionem
838 1323 975 1374 hanc
1032 1335 1060 1371 a
1111 1319 1264 1372 nobis
1313 1316 1535 1383 intelligi
1579 1314 1807 1367 volunt?
1833 1315 1988 1368 Anne

417 1427 474 1471 ut
541 1418 794 1469 edoctum
847 1429 910 1465 ac
980 1411 1319 1479 designatum
1374 1409 1441 1460 ab
1521 1408 1639 1473 ipso
1696 1405 1763 1457 ad
1835 1418 1991 1458 exse-

416 1507 684 1577 quendum
718 1504 918 1568 aliquid
974 1502 1115 1571 quod
1155 1505 1254 1570 ipsi
1304 1500 1544 1567 placeret
1576 1513 1591 1549 :
1620 1496 1845 1565 perinde
1876 1494 1991 1548 fere

418 1612 579 1668 atque
632 1612 725 1665 per
762 1595 1048 1663 quemdam
1114 1606 1179 1646 ex
1244 1589 1448 1645 sanctis
1526 1585 1805 1657 prophetis
1856 1586 1991 1639 dici-

422 1704 520 1745 tur
556 1711 567 1744 :
617 1707 634 1739 ι
671 1689 734 1741 Ει
768 1688 903 1739 dixit
934 1683 1191 1738 Dominus
1220 1683 1285 1735 ad
1335 1694 1418 1734 me
1449 1696 1463 1732 :
1500 1676 1680 1740 Vade,
1730 1678 1987 1746 propheta

422 1780 584 1850 734,
631 1780 695 1830 ad
743 1776 992 1845 populum
1036 1787 1217 1825 meum
1255 1770 1419 1825 Israel
1448 1768 1532 1821 ὀἳ
1563 1784 1583 1817 ι
1621 1767 1699 1821 Es
1744 1768 1991 1838 caprario

420 1869 562 1923 enim
602 1866 913 1933 prophetam
967 1861 1186 1927 eii‘ecit,
1235 1869 1291 1915 et
1344 1860 1726 1913 mandatorum
1764 1872 1987 1912 suorum

428 1966 802 2015 exsecutorem
840 1955 1163 2025 designavit.

495 2048 551 2099 Β.
608 2047 853 2099 Dixerint
899 2043 1130 2098 fortasse
1185 2057 1290 2096 non
1352 2042 1458 2096 hac
1509 2055 1734 2112 prorsus
1782 2040 1995 2093 ratione

424 2139 619 2193 factam
654 2150 772 2190 esse
808 2136 1255 2202 assumptionem,
1292 2133 1384 2187 sed
1437 2133 1511 2186 ita
1556 2141 1617 2184 ut
1667 2130 1993 2200 intelligitur

426 2245 455 2283 a
490 2229 644 2283 nobis
672 2226 800 2280 illud
845 2240 859 2278 :
914 2244 931 2276 ι
966 2224 1218 2280 Formam
1244 2226 1385 2278 servi
1412 2223 1686 2292 accipiens
1708 2222 1776 2275 ".
1817 2241 1835 2271 ι

496 2324 560 2376 Α.
618 2320 758 2388 Ergo
804 2318 1101 2372 secundum
1155 2316 1415 2368 unitatem
1470 2312 1819 2374 indivulsam,
1868 2324 1996 2378 pro-

424 2412 601 2479 primu
632 2407 832 2460 factum
863 2420 985 2461 esse
1018 2406 1069 2458 id
1103 2406 1245 2472 quod
1304 2412 1577 2470 sumptum
1626 2410 1709 2454 est
1748 2400 1865 2468 ejus
1906 2400 1996 2467 qui

428 2502 659 2569 accepit,
694 2501 883 2552 merito
915 2497 1221 2551 censebitur
1258 2512 1271 2546 ε
1308 2496 1379 2549 ita
1421 2502 1479 2547 ut
1521 2504 1576 2547 et
1630 2494 1771 2546 Deus
1804 2492 1876 2545 sit
1910 2490 1999 2545 Je-

429 2609 540 2654 sns,
569 2602 625 2645 et
675 2590 783 2641 veri
820 2587 908 2641 Dei
952 2587 1138 2651 Filius,
1174 2599 1446 2653 unumque
1494 2598 1560 2638 ac
1589 2584 1763 2637 solum
1830 2592 1890 2636 ut
1933 2597 1999 2637 ex

434 2686 542 2737 Deo
573 2682 729 2735 Patre
763 2678 1033 2743 Verbum;
1084 2679 1297 2747 genitus
1333 2678 1550 2746 quidem
1586 2676 1845 2731 divinitus
1876 2684 2001 2728 ante

430 2774 609 2827 omnia
638 2770 831 2825 saecula
864 2778 919 2822 et
949 2778 1213 2836 tempora,
1241 2767 1551 2821 novissimis
1578 2775 1758 2820 autem
1805 2763 1989 2818 saeculi

432 2864 761 2933 temporibus
796 2864 931 2915 idem
964 2860 1253 2914 secundum
1280 2874 1494 2913 carnem
1526 2874 1593 2912 ex
1626 2858 1870 2912 muliere.

505 2956 561 3009 Β.
593 2954 773 3023 Neque
802 2953 944 3005 enim
985 2958 1101 3005 erat
1126 2951 1348 3004 alterius
1376 2948 1676 3018 cuiuspiam
1704 2986 1719 3012 ,
1764 2950 1857 3001 sed
1914 2948 1999 3017 ἱρά

433 3048 543 3102 sius
573 3046 710 3099 facta
744 3052 825 3097 est
860 3043 999 3097 servi
1028 3040 1221 3094 forma.

502 3140 567 3191 A.
598 3136 875 3203 Quomodo
900 3133 1019 3189 ais?
1048 3136 1223 3197 Anne,
1257 3136 1507 3194 obsecro,
1572 3131 1623 3185 id
1660 3134 2005 3201 quodnatura

2086 685 2261 751 λόγων
2291 684 2476 754 ἕτερος
2516 682 2591 733 ὢν
2624 683 2813 751 ὁρᾶται
2850 680 3129 743 παντελῶς
3186 680 3337 749 παρὰ
3384 678 3477 733 τὸν
3528 679 3664 746 φύσει

2086 778 2181 827 καὶ
2216 777 2431 845 ἀληθῶς
2462 776 2586 826 Υίόν
2607 791 2621 838 ;

2161 867 2218 917 Β.
2258 866 2423 935 Φημί.

2157 962 2221 1016 Δ.
2276 959 2491 1028 Ἐπειδὴ
2533 959 2589 1012 δὲ
2634 956 2778 1023 ἅπαξ
2812 957 2894 1019 είς
2939 954 3098 1009 τοῦτο
3158 953 3503 1007 κατώλισθον
3539 951 3670 1021 ἁμαρ

2088 1049 2229 1112 θίας,
2266 1050 2339 1111 ὡς
2384 1048 2587 1100 οίεσθαί
2634 1065 2691 1100 τε
2745 1049 2839 1101 καὶ
2871 1045 3051 1113 λέγειν
3094 1046 3195 1098 οὐκ
3234 1045 3400 1097 αὐτὸν
3431 1043 3674 1111 γενέσθαι

2091 1141 2289 1211 μᾶλλον
2333 1140 2453 1193 καθ’
2501 1141 2647 1209 ἡμᾶς
2696 1139 2788 1192 τὸν
2839 1138 3101 1208 μονογενῆ
3149 1136 3240 1189 τοῦ
3286 1136 3425 1189 Θεοῦ
3484 1136 3675 1203 Λόγον,

2088 1231 2371 1302 ἄνθρωπον
2398 1231 2451 1283 δὲ
2481 1230 2663 1282 λαϐεῖν
2686 1246 2699 1259 ·
2726 1229 2867 1282 κατὰ
2892 1231 3041 1281 ποῖον
3069 1230 3177 1299 ἄρα
3210 1229 3455 1279 νοεῖσθαι
3477 1228 3676 1297 τρόπον

2088 1324 2332 1377 ἐθέλουσι
2372 1323 2505 1394 πρὸς
2555 1323 2710 1392 ἡμῶν
2755 1322 2855 1393 τὴν
2891 1320 3192 1390 ἀνάληψιη
3243 1315 3395 1390 *Αρα
3445 1321 3580 1388 γὰρ,
3611 1319 3675 1381 ὡς

2089 1415 2542 1487 προχειρισθέντα
2582 1415 2707 1484 παρ’
2756 1412 2923 1467 αὐτοῦ
2957 1414 3093 1483 πρός
3132 1429 3198 1479 γε
3233 1411 3295 1463 τὸ
3322 1412 3437 1464 δεῖν
3468 1413 3665 1463 ἀποπει

2093 1507 2250 1579 ρᾰναί
2291 1524 2345 1559 τι
2388 1506 2497 1558 τῶν
2540 1504 2683 1565 κατὰ
2712 1504 2937 1575 γνώμην
2977 1503 3145 1573 αὐτῷ,
3180 1503 3436 1572 καθάπερ
3488 1501 3679 1570 ἀμέλει

2092 1598 2186 1651 καὶ
2222 1597 2339 1660 ἑνὸς
2375 1597 2483 1649 τῶν
2516 1596 2686 1664 ἁγίων
2730 1594 3059 1666 προφητῶν·
3100 1613 3118 1645 ι
3165 1595 3278 1646 Καὶ
3308 1587 3433 1643 εἷπε
3473 1592 3682 1660 Κύριος

2094 1686 2227 1756 πρός
2264 1703 2329 1755 με
2352 1701 2365 1713 ·
2402 1684 2611 1749 Βάδιζε,
2643 1684 3018 1754 προφήτευσον
3045 1680 3138 1733 ἐπὶ
3176 1682 3267 1731 τὸν
3296 1678 3428 1730 λαόν
3457 1694 3566 1746 μου
3594 1677 3682 1727 τὸν

2106 1778 2356 1849 Ἰσραήλς
2392 1797 2414 1830 ι
2457 1778 2690 1830 Λίπόλον
2718 1776 2828 1848 γὰρ
2852 1776 3001 1838 ὄντα,
3041 1768 3329 1844 προφήτην
3354 1771 3554 1834 ἐτίθει,
3590 1768 3683 1821 καὶ

2092 1868 2200 1921 τῶν
2235 1869 2429 1921 ἑαυτοῦ
2453 1867 2773 1938 θελημάτων
2801 1864 3073 1935 ὑπουργὸν
3102 1862 3389 1916 ἀπέστειλε
3404 1879 3426 1927 ;

2168 2049 2231 2100 Β.
2270 2048 2432 2100 Φαῖεν
2477 2045 2543 2099 ἂν
2576 2045 2705 2107 ῖσως
2744 2042 2835 2112 οὐχ
2879 2035 2979 2097 ὧδέ
3028 2058 3128 2095 που
3165 2040 3381 2101 πάντως
3425 2036 3679 2106 γενέσθαι

2099 2140 2196 2210 τὴν
2229 2139 2413 2209 λῆψιν,
2457 2138 2569 2191 ἀλλ’
2600 2137 2674 2199 t'o;
2703 2135 2767 2189 ἂν
2796 2136 2974 2189 νοοῖτο
3002 2134 3137 2204 πρὸς
3164 2130 3319 2203 ἡμῶν
3350 2130 3409 2183 τὸ
3430 2169 3445 2194 ,
3476 2150 3493 2181 ι
3528 2130 3682 2198 Μορ-

2101 2232 2206 2301 φὴν
2240 2229 2424 2282 δούλου
2454 2228 2653 2281 λαϐών.
2693 2246 2712 2279 ι

2168 2322 2234 2374 Δ.
2277 2319 2486 2373 Οὐκοῦν
2533 2317 2655 2371 καθ’
2696 2315 2890 2369 ἕνωσιν
2926 2314 3313 2375 ἀδιάσπαστον,
3351 2312 3482 2365 ῖδιον
3522 2326 3682 2378 γεγο-

2101 2412 2188 2474 νὸς
2219 2410 2313 2464 τοῦ
2346 2408 2601 2473 λαϐόντος
2630 2410 2691 2463 τὸ
2736 2407 2961 2479 ληφθὶν,
3006 2408 3162 2459 νοοῖτ*
3196 2405 3262 2459 ἂν
3307 2405 3557 2468 εἰκότως,
3603 2406 3681 2467 ὡς

2102 2504 2197 2556 καὶ
2225 2503 2357 2555 Θεὸν
2393 2498 2531 2555 εἶναι
2559 2501 2647 2553 τὸν
2689 2499 2916 2572 Ἰησοῦν,
2946 2499 3040 2553 καὶ
3078 2496 3214 2551 Θεοῦ
3258 2496 3351 2549 τοῦ
3379 2496 3521 2549 κατὰ
3552 2496 3683 2565 ἀλή-

2103 2590 2250 2645 θειαν
2290 2591 2437 2651 1'le,
2479 2591 2575 2643 Eva
2616 2606 2675 2643 τι
2721 2590 2816 2643 καὶ
2864 2587 3040 2659 μόνον,
3076 2586 3153 2649 ὠς
3183 2588 3247 2639 ὲκ
3294 2584 3430 2638 Θεοῦ
3467 2585 3680 2654 Πατρὸς

2102 2683 2292 2750 Λόγον,
2326 2682 2653 2751 γεννηθέντα
2706 2680 2805 2750 μὲν
2844 2678 3037 2741 θεῖκῶς
3085 2675 3191 2745 πρὸ
3237 2676 3438 2738 παντὸς
3483 2675 3683 2737 αἰῶνος

2105 2775 2198 2828 καὶ
2231 2775 2446 2845 χρόνου,
2483 2774 2540 2824 ὲν
2586 2773 2834 2842 ἐσχάτοις
2862 2769 2918 2823 δὲ
2948 2767 3042 2821 τοῦ
3082 2767 3277 2829 αίῶνος
3321 2768 3553 2836 καιροῖς,
3590 2766 3682 2817 τὸν

2106 2865 2264 2918 αὑτὸν
2288 2862 2431 2917 κατὰ
2463 2863 2637 2933 σάρκα
2680 2864 2743 2914 ὲκ
2774 2860 3052 2929 γυναικός.

2177 2958 2237 3011 Β.
2280 2956 2353 3010 Οὐ
2385 2955 2494 3026 γὰρ
2519 2950 2586 3025 ἦν
2615 2954 2800 3025 ἑτέρου
2838 2953 3003 3016 τινὸς,
3044 2950 3158 3005 ἀλλ’
3188 2948 3353 3004 αὐτοῦ
3386 2950 3615 3019 γέγονεν
3642 2953 3681 3020 ἡ

2105 3047 2199 3101 τοῦ
2231 3046 2415 3100 δούλου
2449 3045 2650 3115 μορφή.

2177 3140 2241 3191 Α.
2284 3138 2407 3199 Πῶς
2451 3137 2618 3205 ἑφης;
2660 3129 2806 3205 Ἀρα
2837 3134 2969 3203 γὰρ,
3013 3137 3132 3190 eius
3170 3153 3280 3206 μοι,
3306 3135 3369 3188 τὸ
3405 3139 3472 3205 τῇ
3521 3134 3686 3204 φύσει

436 3243 644 3282 servum
698 3235 825 3291 est,
884 3225 1093 3278 dicatur
1142 3239 1247 3278 non
1296 3222 1531 3277 absurde
1574 3223 1806 3277 formam
1859 3224 2003 3278 servi

2117 3228 2312 3287 δοῦλον,
2348 3224 2545 3293 λέγοιτ’
2577 3222 2643 3276 ἂν
2676 3224 2774 3276 οὐκ
2819 3223 3176 3286 ἀπεοικότως,
3228 3224 3443 3294 μορφὴν
3490 3222 3683 3274 δούλου

435 3320 743 3385 accepisse;
786 3333 850 3370 an
880 3331 1007 3369 vero
1060 3316 1112 3369 id
1154 3316 1298 3384 quod
1345 3329 1470 3369 vere
1506 3314 1737 3368 liberum
1766 3325 1851 3371 est
1880 3353 1895 3379 ,
1950 3324 2005 3369 et

2117 3320 2308 3381 λαϐεῖν,
2339 3318 2370 3387 ἢ
2402 3316 2463 3369 τὸ
2494 3314 2776 3386 ἐλεύθερον
2803 3315 3038 3386 ἀληθῶς,
3065 3317 3160 3368 καὶ
3182 3315 3289 3367 τῶν
3312 3314 3414 3385 τῆς
3439 3314 3686 3377 δουλείας

437 3408 617 3462 servili
648 3406 956 3461 conditione
978 3407 1344 3460 essentialiter
1385 3405 1636 3474 superius
1666 3406 1689 3459 ἳ

510 3498 569 3552 Β.
603 3497 655 3551 Id
696 3499 836 3565 quod
889 3497 1115 3549 liberum
1165 3506 1250 3550 est
1286 3497 1613 3549 censuerim.
1663 3496 1813 3562 Quod
1860 3496 2003 3551 enim

438 3598 555 3645 erat
582 3599 795 3652 natura,
820 3602 926 3656 quo
959 3597 1118 3657 pacto
1141 3586 1373 3655 amplius
1403 3587 1499 3640 liat
1529 3586 1553 3638 ?

505 3681 569 3734 Α.
600 3679 979 3733 Animadverte
1000 3679 1178 3747 itaque
1197 3680 1359 3746 quod,
1382 3688 1594 3732 tametSI
1620 3678 1789 3733 nostri
1821 3678 1999 3732 simile

440 3776 639 3826 iactum
676 3782 760 3825 est
792 3770 1122 3837 unigenitum
1171 3769 1265 3823 Dei
1324 3770 1592 3836 Verbum,
1651 3780 1705 3824 et
1754 3772 2006 3825 servilem

439 3862 803 3917 conditionem
834 3860 1061 3913 subierit
1088 3860 1299 3914 ratione
1332 3859 1687 3925 humanitatis
1718 3900 1733 3925 ,
1789 3872 2008 3915 natura-

444 3954 545 4007 lem
580 3963 754 4006 tamen
777 3966 927 4005 suam
955 3951 1259 4005 libertatem
1292 3950 1612 4005 testiﬁcatus
1637 3952 1789 4006 estin
1816 3954 2007 4006 drach-

447 4059 654 4099 marum
712 4044 1055 4108 collationes,
1099 4043 1285 4096 dicens
1339 4060 1351 4097 :
1413 4060 1431 4093 ι
1477 4042 1620 4113 Ergo
1678 4044 1831 4098 liberi
1884 4055 2010 4099 sunt

449 4138 542 4189 lilii
577 4138 649 4188 ".
702 4154 719 4186 ι
776 4134 1014 4202 Suscipit
1064 4134 1246 4203 itaque
1294 4135 1432 4189 servi
1481 4130 1731 4203 fermam,
1786 4151 1847 4192 ea
1893 4153 2011 4206 qua:

443 4226 796 4280 exininationi
847 4240 1057 4279 annexa
1103 4236 1232 4279 sunt
1264 4227 1365 4280 sibi
1414 4228 1719 4294 asciscens,
1764 4239 1820 4283 et
1856 4229 2009 4284 simi-

444 4317 725 4370 litudinem
756 4316 927 4369 nostri
958 4332 1061 4368 non
1092 4326 1434 4384 aspernatus.
1482 4317 1668 4386 Neque
1714 4324 1857 4374 enim
1896 4322 2009 4375 ﬁeri

444 4414 657 4475 peierat
699 4413 756 4457 ut
794 4405 895 4457 alia
934 4405 1142 4459 ratione
1184 4407 1415 4461 servitus
1449 4422 1570 4461 cum
1619 4409 1823 4465 honore
1857 4427 2011 4465 com-

446 4505 761 4560 mutaretur,
787 4496 890 4549 nisi
920 4495 968 4549 id
996 4498 1137 4565 quod
1171 4499 1420 4553 servituti
1447 4504 1703 4555 convenit
1729 4506 2010 4571 proprium

446 4589 615 4655 ipsius
662 4588 865 4640 factum
913 4586 1124 4652 fuisset,
1164 4597 1222 4641 ut
1266 4598 1322 4642 et
1356 4591 1524 4658 ipsius
1570 4594 1737 4662 gloria
1772 4594 2009 4649 illustra-
2043 4628 2089 4687 ο

446 4690 615 4731 retur.
646 4677 821 4731 Vincit
849 4679 991 4731 enim
1021 4692 1236 4746 semper
1267 4680 1317 4733 id
1348 4684 1489 4749 quod
1527 4687 1873 4751 praestantius
1897 4697 2001 4751 est,

445 4783 498 4823 et
528 4771 800 4833 turpitude
831 4784 893 4821 ex
924 4771 1188 4823 servitute
1234 4780 1352 4825 orta
1406 4774 1457 4826 in
1495 4776 1650 4829 nobis
1678 4776 1876 4830 abolita
1906 4790 2008 4833 est.

440 4859 641 4917 Factus
677 4876 820 4914 etum
852 4861 1019 4914 nostri
1051 4862 1266 4927 similis,
1319 4864 1407 4929 qui
1443 4865 1599 4919 nobis
1630 4869 1877 4935 superior
1907 4880 2010 4935 est,

446 4962 499 5006 et
525 4952 772 5005 servilem
804 4951 1169 5006 conditionem
1202 4954 1369 5007 subiit
1401 4956 1491 5023 qui
1522 4968 1708 5012 natura
1744 4970 1826 5014 est
1854 4962 2007 5015 liber.

448 5042 654 5097 Idcirco
684 5044 844 5096 etiam
879 5044 929 5096 in
974 5058 1074 5098 nos
1098 5045 1331 5113 dignitas
1359 5060 1654 5118 pr0pagata
1686 5061 1789 5105 est.
1830 5052 2011 5107 Vocati

448 5137 589 5189 enim
628 5151 815 5190 sumus
836 5147 891 5189 et
917 5151 1019 5191 nos
1044 5137 1139 5191 filii
1174 5137 1293 5203 Dei,
1319 5150 1373 5192 et
1403 5140 1619 5195 Patrem
1652 5145 1805 5198 nobis
1839 5145 2010 5198 vindi-

450 5228 711 5287 cavimus,
732 5228 820 5295 qui
840 5226 1188 5296 peculiariter
1204 5230 1370 5296 ipsius
1392 5231 1666 5285 est.Facta
1686 5234 1824 5286 enim
1847 5236 2010 5287 etiam

452 5321 617 5387 ipsius
653 5335 771 5387 qua:
802 5320 1080 5373 hominum
1117 5323 1333 5390 propria
1386 5333 1559 5377 erant.
1624 5323 1854 5378 Proinde
1889 5341 2010 5379 cum

452 5410 680 5465 dicimus
710 5424 829 5462 eum
870 5410 1094 5463 formam
1141 5412 1282 5465 servi
1338 5416 1651 5482 accepisse,
1698 5417 2007 5469 universum

452 5501 504 5554 in
540 5516 600 5555 eo
635 5501 1120 5557 administrationis
1171 5502 1223 5555 iu
1255 5518 1417 5556 carne
1468 5506 1786 5571 mysterium
1841 5508 2013 5559 conti-

454 5601 629 5643 netur.
673 5590 728 5644 Si
764 5608 888 5645 vero
918 5592 1110 5644 Filium
1144 5592 1475 5659 profitentes,
1512 5609 1677 5646 unum
1732 5604 1786 5647 et
1830 5592 2012 5646 Domi-

453 5697 599 5746 num,
637 5679 862 5734 Verbum
889 5695 952 5733 ex
990 5680 1099 5735 Deo
1146 5679 1325 5746 Patre,
1392 5682 1660 5736 hominem
1703 5682 2017 5750 simpliciter

2110 3404 2321 3474 μέτρων
2348 3399 2629 3462 οὑσιωδῶς
2647 3400 2902 3467 ἀνωτέρω
2930 3398 3215 3468 κείμενονς

2177 3496 2238 3549 Β.
2280 3493 2354 3547 Τὸ
2376 3492 2657 3564 ἐλεύθερον
2686 3487 2837 3562 οἶμαί
2866 3509 2988 3545 που.
3031 3493 3095 3545 '0
3124 3491 3231 3562 γὰρ
3257 3486 3326 3562 ἦν
3357 3492 3538 3561 φύσει,
3567 3493 3685 3552 πῶς

2109 3584 2173 3638 ἂν
2206 3584 2416 3653 γένοιτο
2446 3583 2525 3636 ἔτι
2551 3601 2566 3649 ;

2176 3682 2243 3729 Α.
2287 3676 2475 3746 Ἀθρει
2502 3675 2565 3745 δὴ
2592 3671 2705 3739 οὖν,
2750 3674 2854 3736 ὅτι,
2894 3676 3069 3729 καίτοι
3099 3674 3217 3728 καθ’
3244 3676 3393 3745 ἡμᾶς
3444 3674 3687 3743 γεγονὼς

2108 3768 2136 3820 ὁ
2172 3762 2465 3838 μονογενὴς
2507 3766 2602 3820 τοῦ
2641 3766 2776 3821 Θεοῦ
2818 3769 3008 3837 Λόγος,
3044 3770 3139 3822 καὶ
3167 3773 3278 3832 τοῖς
3314 3769 3410 3839 τῆς
3446 3769 3687 3831 δουλείας

2112 3858 2330 3927 μέτροις
2376 3856 2701 3927 ἐμϐεϐηκὼς
2745 3859 2887 3912 κατὰ
2925 3858 2985 3911 τὸ
3028 3859 3395 3929 ἀνθρώπινον,
3448 3876 3687 3930 προσμε-

2115 3947 2466 4018 μαρτύρηκεν
2516 3947 2665 4016 αὐτῷ
2695 3947 2755 4000 τὸ
2800 3948 2941 4001 κατὰ
2976 3949 3136 4015 φύσιν
3172 3948 3475 4020 ἐλεύθερον,
3518 3954 3575 4003 ὲν
3618 3953 3684 4021 τῇ

2110 4037 2218 4091 τῶν
2250 4036 2507 4109 δραχμῶν
2543 4040 2871 4109 συνεισφορᾲ
2917 4038 3121 4107 λέγων·
3183 4058 3203 4091 ‹
3246 4042 3393 4111 ’Λρα
3436 4059 3501 4110 γε
3536 4043 3685 4095 ἐλεύ-

2112 4128 2259 4200 θεροί
2292 4133 2427 4184 εἰσιν
2456 4131 2505 4182 οἱ
2535 4130 2661 4185 υίοί.
2706 4148 2724 4181 ι
2774 4132 2997 4199 Δέχεται
3022 4131 3202 4184 τοίνυν
3231 4132 3414 4185 δούλου
3452 4134 3685 4205 μορφὴν,

2111 4222 2179 4275 τὰ
2208 4224 2270 4274 ὲκ
2294 4222 2391 4292 τῆς
2418 4222 2698 4285 κενώσεως
2722 4222 3111 4293 οἰκειούμενος,
3138 4224 3231 4277 καὶ
3256 4224 3355 4294 τὴν
3388 4226 3519 4294 πρὸς
3543 4226 3687 4294 ἡμᾶς

2112 4316 2368 4383 ὁμοίωσιν
2410 4316 2511 4367 οὐκ
2534 4315 2829 4385 ἀτιμάσας·
2876 4317 2937 4369 οὐ
2972 4316 3081 4387 γὰρ
3112 4313 3178 4387 ἦν
3210 4318 3413 4387 ἑτέρως
3456 4320 3685 4389 τιμῆσαι

2112 4406 2173 4458 τὸ
2206 4404 2406 4465 δοῦλον,
2438 4406 2485 4457 εί
2517 4406 2591 4475 μὴ
2630 4406 2851 4475 γέγονεν
2884 4409 3049 4461 αὐτοῦ
3089 4410 3148 4461 τὸ
3182 4408 3564 4481 δουλοπρεπὲς,
3600 4412 3684 4463 ἵνα

2114 4496 2206 4548 καὶ¹
2243 4498 2308 4567 τῇ
2354 4496 2483 4567 παρ’
2512 4497 2676 4550 αὑτοῦ
2728 4498 3238 4571 καταλαμπρύνοιτο
3271 4502 3416 4571 δόξῃ,
3464 4506 3586 4574 νικᾷ
3632 4502 3686 4556 δὲ

2114 4589 2175 4641 τὸ
2203 4584 2434 4658 προῦχον
2466 4590 2572 4653 ἀεὶ,
2618 4591 2710 4643 καὶ
2756 4590 2814 4643 τὸ
2857 4593 2922 4645 ὲκ
2954 4593 3048 4661 τῆς
3096 4593 3337 4657 δουλείας
3378 4591 3565 4665 αἶσχος
3604 4593 3687 4664 ἐφ’

2115 4680 2272 4750 ἡμῶν
2321 4682 2633 4750 ἠφανίζετο.
2691 4682 2828 4735 Καθ’
2872 4686 3019 4753 ἡμᾶς
3070 4685 3178 4757 γὰρ
3225 4686 3448 4753 γέγονεν
3492 4690 3520 4739 ὁ
3554 4688 3687 4758 ὑπὲρ

2115 4770 2284 4839 ἡμᾶς,
2317 4770 2411 4821 καὶ
2436 4766 2503 4840 ἦν
2532 4773 2588 4824 ὲν
2628 4773 2845 4843 μέτροις
2878 4776 2991 4837 τοῖς
3020 4776 3311 4839 οἰκετικοῖς
3349 4779 3376 4829 ὁ
3409 4776 3686 4849 ἐλεύθερος

2119 4860 2298 4929 φύσει.
2333 4861 2600 4932 Ταύτῃτοι
2635 4862 2919 4933 κεχώρηκε
2951 4866 3044 4917 καὶ
3074 4868 3155 4927 είς
3183 4868 3333 4934 ἡμᾶς
3368 4869 3427 4918 τὸ
3452 4867 3685 4938 ἀξίωμα.

2120 4952 2455 5021 Κεκλήμεθσ.
2480 4954 2580 5024 γὰρ
2615 4954 2707 5007 καὶ
2734 4956 2896 5025 ἡμεῖς
2930 4956 3036 5008 uici.
3071 4955 3228 5019 Θεοῦ,
3258 4957 3692 5029 έπεγραψάμεθά

2117 5061 2176 5095 τε
2206 5045 2423 5113 Πατέρα
2464 5045 2554 5097 τὸν
2596 5045 2778 5109 ίδικῶς
2808 5046 2995 5103 αὑτοῦ.
3042 5047 3235 5115 Γέγονε
3264 5048 3373 5119 γὰρ
3401 5050 3492 5102 καὶ
3527 5046 3687 5101 αὐτοῦ

2118 5137 2186 5188 τὰ
2215 5136 2546 5206 ἀνθρώπινα.
2582 5138 2789 5192 Οὐκοῦν
2817 5140 2873 5191 ὲν
2916 5140 2994 5210 τῷ
3031 5140 3281 5205 λέγεσθαι
3313 5141 3499 5195 λαϐεῖν
3530 5142 3690 5194 αὑτὸν

2118 5226 2213 5296 τὴν
2256 5226 2441 5279 δούλου
2496 5230 2725 5298 μορφὴν,
2771 5230 2891 5284 ὅλον
2937 5232 3052 5284 ἐστὶ
3092 5233 3193 5302 τῆς
3242 5234 3553 5303 οἰκονομίας
3594 5229 3687 5302 τῆς

2124 5318 2261 5387 μετὰ
2294 5317 2493 5386 σαρκὸς
2521 5321 2580 5370 τὸ
2615 5322 2935 5390 μυστήριον.
2972 5323 3032 5374 El
3060 5322 3115 5375 δὲ
3153 5322 3277 5376 Υἱὺν
3305 5322 3685 5393 ὁμολογοῦντες

2119 5409 2215 5461 ἕνα
2251 5410 2343 5461 καὶ
2376 5409 2599 5475 Κύριον,
2635 5412 2725 5466 τὸν
2758 5413 2822 5465 ὲκ
2864 5414 2997 5467 Θεοῦ
3037 5416 3241 5485 Πατρὸς
3271 5418 3462 5483 Λόγον,
3504 5431 3683 5467 κοινω-

2120 5502 2210 5553 νὸν
2242 5501 2388 5569 αὐτῷ
2419 5502 2516 5571 τῆς
2553 5503 2813 5573 υἱότητος,
2857 5506 2950 5558 καὶ
2981 5506 3159 5575 μέντοι
3186 5508 3281 5573 τῆς
3305 5506 3462 5577 δόξης
3488 5507 3681 5577 ἂνθρω-

2125 5610 2223 5645 πον
2265 5592 2450 5656 ἁπλῶς
2500 5595 2767 5665 συνῆφθαί
2818 5615 2948 5665 φασι
2997 5598 3085 5650 τὸν
3130 5601 3191 5650 ὲκ
3244 5601 3557 5667 σπέρματος
3598 5596 3683 5650 τοῦ

2124 5681 2306 5747 Δαϐὶδ,
2344 5682 2460 5755 ὦρα
2490 5683 2667 5752 λέγειν
2697 5689 2841 5757 ἡμᾶς
2871 5692 2983 5752 τοῖς
3008 5682 3105 5741 ὦδε
3134 5692 3349 5758 φρονεῖν
3376 5689 3683 5760 ᾑρημένοις,

522 5858 568 5887 ’⁸
598 5856 797 5913 Jerem.
828 5874 889 5920 ll,
923 5857 979 5911 Ξ.
1055 5859 1097 5890 ⁹¹
1123 5858 1350 5925 ΡΙιὶΙτλκρ.
1385 5876 1443 5923 ll,
1480 5862 1531 5916 7.
1610 5863 1652 5892 "
1689 5859 1876 5915 Matth.
1907 5876 2036 5925 xvn,
2069 5862 2157 5917 25.
