3988 6452
188 476 353 534 τεο-ι

1350 461 1540 531 QUOD
1585 465 1768 523 unus
1807 466 1914 522 srr
1955 454 2324 531 CHRISTUS.

3367 480 3502 540 ηεδε

186 594 224 645 ὁ
262 594 337 647 ἐκ
374 588 513 646 Θεοῦ
542 587 756 661 [ἰατρὸς
782 587 976 656 Λόγος,
1003 584 1094 640 διά
1114 586 1175 639 τὸ
1207 586 1271 639 ὲκ
1296 587 1610 658 σπέρματος
1640 587 1803 641 αὐτοῦ

1913 589 2038 645 bum
2068 607 2134 648 ex
2176 592 2287 649 Deo
2334 592 2517 650 Patre.
2562 593 2724 665 Atqui
2777 598 3085 651 censuerim
3128 597 3248 653 illos
3279 612 3309 653 a
3348 602 3504 671 nobis

188 684 470 754 γενέσθαι
494 682 637 735 κατά
666 679 766 751 τὴν
800 680 1001 751 σάρκα.
1030 677 1244 749 Χρῆναι
1272 676 1329 731 δὲ
1352 673 1511 748 οἶμαι
1538 679 1634 733 καὶ
1670 678 1808 749 πρὸς

192 778 373 849 ἡμῶν
408 775 629 830 ἀκούειν
676 772 908 836 αὐτοὺς,
953 771 1014 824 τὸ
1064 772 1193 842 παρ’
1226 768 1393 824 αὐτοῦ
1441 769 1534 822 τοῦ
1568 770 1807 842 Χριστοῦ

200 871 325 933 τοῖς
356 868 623 921 Ἰουδαίων
655 864 997 935 καθηγηταῖς
1024 862 1335 935 εἰρημένον·
1374 882 1391 914 ι
1416 863 1480 916 Τί
1511 864 1639 933 ὑμῖν
1663 862 1810 917 δοκεῖ

197 959 348 1031 περὶ
371 959 465 1012 τοῦ
491 955 729 1028 Χριστοῦ
751 973 767 1021 ;
793 955 938 1018 τίνος
954 953 1068 1018 υίός
1096 957 1247 1021 ὲστι;
1274 972 1292 1004 ι
1315 956 1435 1009 Κᾶν
1460 956 1508 1007 εί
1543 958 1700 1024 φαῖεν
1724 956 1807 1009 ὃτι

195 1052 304 1105 τοῦ
339 1050 523 1116 Δασὶδ,
566 1047 891 1103 ἀκούσονται
925 1046 1063 1118 πρὸς
1103 1045 1282 1117 ἡμῶνο
1318 1065 1335 1096 ι
1358 1046 1484 1110 Πῶς
1516 1042 1608 1101 οῦν
1641 1047 1807 1102 Δαϐὶδ

194 1149 266 1198 ἐν
300 1143 582 1215 Πνεῦματι
614 1139 821 1213 Κύριον
867 1139 1032 1193 αὑτὸν
1067 1139 1242 1203 καλεῖ,
1293 1140 1488 1207 λέγων’
1526 1157 1545 1191 ι
1581 1134 1748 1193 Εἶπεν
1776 1140 1805 1194 6

191 1234 419 1307 Κύριος
447 1234 527 1305 τῷ
556 1232 747 1306 Κυρίῳ
780 1248 903 1303 μουο
933 1231 1118 1286 Κάθου
1142 1234 1208 1285 ὲκ
1231 1232 1421 1299 δεξιῶν
1454 1250 1579 1304 μου,
1607 1233 1713 1297 ἕως
1739 1233 1806 1287 ἂν

195 1323 291 1375 θῶ
335 1324 465 1387 τοὺς
500 1319 730 1393 ἐχθρούς
780 1337 875 1373 σου
932 1319 1232 1373 ὑποπόδιον
1277 1320 1388 1374 τῶν
1453 1320 1631 1375 ποδῶν
1674 1339 1802 1389 σου;

192 1416 269 1469 El
305 1411 402 1470 οῦν
430 1415 595 1469 Δασὶδ
627 1416 688 1468 ὲν
715 1413 1002 1485 Πνεῦματι
1037 1414 1196 1469 καλεῖ
1223 1414 1388 1469 αὐτὸν
1423 1415 1650 1487 Κύριον,
1687 1416 1804 1481 πῶς

196 1506 341 1571 Υίδς
365 1505 529 1560 αὐτοῦ
549 1507 752 1570 ἔστιν.»
780 1507 809 1560 ό
840 1505 918 1579 μὴ
948 1506 1089 1560 κατά
1113 1505 1273 1575 φύσιν
1304 1506 1399 1560 καὶ
1415 1507 1631 1579 ἀληθῶς
1652 1508 1799 1577 Υἱὸς,

193 1600 356 1652 καθά
388 1614 555 1668 φασιν
604 1597 656 1651 oi
688 1597 995 1663 διεναντίας
1016 1638 1031 1663 ,
1067 1599 1380 1670 συνεδρεύει
1410 1617 1471 1652 τε
1516 1601 1594 1671 τῷ
1651 1600 1799 1673 Θεῷ,

194 1691 300 1744 καὶ⁵
330 1690 647 1761 ὀμόθρονος,
679 1690 803 1744 εἰπέ
849 1707 963 1761 μοι,
993 1690 1073 1761 τῷ
1124 1691 1346 1746 πάντων
1381 1692 1675 1763 κρατοῦντι
1718 1693 1803 1763 γί-

190 1798 394 1848 νεται;
452 1783 670 1846 Καίτοι,
733 1781 880 1836 καθά
946 1798 1113 1852 φησιν
1162 1782 1191 1834 6
1239 1782 1516 1852 πάνσοφος
1566 1784 1799 1850 Παῦλος,

191 1874 384 1928 οὐδενὶ
454 1872 677 1927 πώποτε
746 1873 857 1928 τῶν
908 1873 1160 1943 ἀγγέλων
1217 1873 1442 1947 εἴρηκεν
1502 1877 1531 1930 6
1582 1877 1797 1948 Πατήρ·

1913 680 2374 752 ἰιιῑρευηωιιάίιέ
2404 684 2625 751 debere,
2655 685 2799 756 quod
2840 686 3096 742 Christus
3126 688 3241 758 ipse
3287 687 3503 745 Iudaeo-

1911 788 2031 827 rum
2068 774 2405 844 principibus
2453 777 2634 833 dixit:
2694 795 2715 830 ι
2774 777 2913 844 Quid
2965 780 3119 834 vobis
3170 780 3387 835 videtur
3435 782 3504 838 de

1909 864 2172 920 Christo?
2204 867 2359 937 cujus
2397 867 2538 924 tilius
2565 877 2653 925 est
2682 870 2748 924 ’ἲ
2788 888 2808 922 ι
2842 869 2997 938 Quod
3028 871 3074 927 si
3102 872 3364 935 dixerint,
3400 875 3505 929 Da-

1910 956 2069 1021 vidis,
2119 957 2341 1014 audient
2388 974 2417 1013 a
2475 958 2677 1016 nobis:
2730 979 2751 1014 ι
2784 961 3067 1031 Quomodo
3120 964 3286 1035 igitur
3333 964 3504 1021 David

1910 1046 2196 1104 Dominum
2247 1051 2423 1121 ipsum
2473 1052 2529 1107 in
2581 1050 2788 1125 Spiritu
2846 1065 3028 1122 vocat,
3077 1056 3311 1113 dicens:
3358 1056 3507 1113 Dixit

1907 1138 2174 1195 Dominus
2200 1138 2431 1198 Domino
2460 1157 2582 1199 meo
2614 1162 2628 1199 :
2660 1143 2802 1200 Sede
2833 1159 2865 1200 a
2893 1145 3101 1203 dextris
3134 1146 3292 1213 meis,
3325 1146 3505 1203 donec

1907 1247 2102 1302 ponam
2138 1232 2391 1289 inimicos
2419 1244 2539 1291 tuos
2562 1236 2861 1293 scabellum
2909 1239 3106 1310 pedum
3140 1240 3404 1296 tuorum?
3443 1239 3500 1295 Si

1906 1337 2037 1393 ergo
2062 1322 2228 1377 David
2261 1325 2313 1379 in
2348 1325 2552 1396 Spiritu
2583 1337 2742 1383 vocat
2775 1328 2953 1398 ipsum
3001 1329 3291 1386 Dominum
3314 1371 3330 1397 ,
3364 1346 3498 1403 quo-

1907 1413 2067 1468 modo
2091 1412 2232 1470 titius
2261 1415 2379 1484 eius
2403 1424 2541 1483 est”
2569 1418 2660 1489 qui
2689 1433 2796 1475 non
2820 1429 2904 1476 est
2934 1420 3259 1478 naturaliter
3275 1436 3340 1476 ac
3368 1437 3500 1479 vere

1906 1501 2077 1559 Filius
2112 1504 2154 1571 ‘,
2206 1515 2263 1561 ut
2325 1508 2565 1564 haeretici
2604 1510 2871 1567 censent”!
2900 1522 2993 1567 aut
3020 1526 3127 1580 quo
3163 1523 3324 1582 pacto
3357 1514 3494 1568 assi-

1904 1597 1994 1652 det
2029 1597 2138 1653 Deo
2180 1599 2345 1656 totius
2389 1601 2626 1659 universi
2682 1601 2954 1659 Domino?
2996 1603 3182 1673 Atqui,
3233 1604 3498 1674 quemad-

1905 1690 2123 1743 modum
2169 1691 2609 1761 sapientissimus
2661 1690 2864 1748 Paulus
2915 1693 3114 1763 inquit,
3150 1693 3353 1748 nemini
3389 1708 3495 1747 un-

1903 1795 2065 1850 quam
2116 1782 2430 1853 angelorum
2465 1784 2627 1843 ~dixit
2673 1784 2880 1840 Pater:
2940 1803 2958 1836 ι
3017 1783 3189 1841 Filius
3244 1767 3401 1841 meus‘
3436 1800 3498 1842 es

1907 1882 1962 1926 tu
1987 1874 2032 1927 ⁷,
2076 1891 2094 1924 ι
2137 1872 2243 1928 Sed
2278 1889 2494 1944 neque:
2534 1893 2553 1926 ε
2591 1874 2731 1931 Sede
2764 1891 2792 1929 a
2831 1875 3038 1932 dextris
3061 1875 3197 1931 meis
3218 1875 3261 1929 ⁸.
3300 1894 3319 1929 ι
3351 1874 3495 1929 Prae

202 1986 226 2019 ι
261 1965 395 2029 Υίός
440 1983 542 2036 μου
577 1964 629 2020 εί
663 1966 750 2021 σύ.
785 1984 806 2019 ι
846 1967 988 2021 Ἀλλ’
1018 1967 1163 2021 οὐδέ*
1209 1986 1227 2020 ι
1262 1968 1447 2022 Κάθου
1503 1970 1569 2023 ὲκ
1610 1969 1801 2035 δεξιῶν

1913 1972 2053 2021 terea
2081 1967 2352 2035 quomodo
2378 1968 2428 2021 in
2464 1983 2719 2038 suprema
2750 1968 2837 2023 illa
2866 1969 3132 2040 dignitate
3185 1977 3241 2023 et
3268 1966 3322 2023 in
3360 1967 3500 2024 solio

198 2075 335 2128 μου.
371 2077 390 2109 ι
425 2055 581 2123 Εἶτα,
619 2058 738 2122 πῶς
768 2058 830 2113 εν
857 2062 972 2124 τοῖς
1012 2059 1343 2131 ὑπερτάτοις
1381 2060 1680 2133 ἀξιώμασι,
1708 2064 1801 2117 καὶ

192 2156 262 2208 ιν
297 2155 412 2217 τοῖς
436 2154 536 2226 τῆς
564 2153 823 2226 θεότητος
857 2154 1048 2219 θάκοις
1072 2154 1102 2207 6
1132 2157 1197 2209 ἐκ
1219 2155 1505 2223 γυναικὸς,
1533 2156 1627 2210 καὶ
1657 2157 1801 2229 πέρα

193 2244 391 2315 πάσης
409 2244 624 2316 ’Ἂρχῆς
656 2246 753 2300 καὶ
772 2245 1133 2318 Κυριότητος,
1164 2246 1381 2320 Θρόνων
1406 2264 1466 2301 τε
1492 2248 1588 2302 καὶ
1614 2248 1804 2315 Ἐξου-

198 2336 351 2402 σίας,
406 2338 501 2393 καὶ
551 2338 756 2403 παντὸς
801 2338 1070 2411 ὀνόματος
1120 2339 1561 2411 ὀνομαζομένους
1610 2342 1803 2414 ’Λθρει

193 2430 282 2495 δὲ,
301 2432 498 2495 ὄπωςό
528 2430 733 2504 Κύριος
762 2431 959 2501 λέγων·
983 2451 1002 2484 ι
1029 2433 1091 2486 Εί
1120 2427 1214 2487 οῦν
1243 2433 1408 2487 Δασὶδ
1437 2435 1494 2488 ὲν
1523 2434 1803 2506 Πνεύματι

196 2520 413 2591 Κύριον
466 2520 759 2594 ὀνομάζει,
806 2523 927 2590 πῶς
979 2524 1096 2588 υίὸς
1144 2523 1308 2577 αὑτοῦ
1347 2526 1497 2591 tam;
1537 2544 1556 2577 ι
1588 2529 1804 2597 φρονεῖν

197 2611 498 2665 ἀναπείθει
522 2613 652 2677 τοὺς
680 2614 840 2685 οἵπερ
861 2614 928 2667 ἀν
957 2609 1067 2668 εἷεν
1089 2614 1188 2685 τῆς
1209 2614 1465 2687 ἀληθείας
1489 2616 1801 2687 ἐρευνηταί,

196 2700 281 2764 ὡς
313 2704 371 2755 εν
407 2702 625 2773 μεθέξει
661 2704 866 2775 σαρκὸς
891 2704 988 2758 καὶ
1016 2705 1251 2775 αἵματος
1277 2706 1519 2775 γεγονὼς
1546 2708 1575 2760 6
1608 2708 1802 2777 Λόγος,

200 2788 287 2857 εἷς
322 2794 604 2865 μεμένηκε
638 2796 735 2849 καὶ
755 2794 931 2859 οὕτως
968 2797 1121 2863 Υίδς,
1150 2800 1233 2852 ὅτι
1275 2798 1375 2870 μέν
1409 2800 1525 2853 ὲστι
1552 2799 1707 2865 Θεὸς,
1740 2803 1805 2855 ἐκ

200 2884 544 2957 θεοπρεποῦς
565 2888 845 2961 ὑπεροχῆς
868 2889 965 2943 καὶ
989 2889 1313 2962 κυριότητος
1333 2891 1800 2963 μαρτυρούμενος

202 2978 288 3031 ὅτι
321 2977 378 3031 δὲ
411 2977 653 3050 πέφηνεν
697 2979 985 3051 ἀνθρωπο·
1042 2979 1135 3034 τοῦ
1172 2981 1267 3034 καὶ
1304 2980 1435 3035 Υίοῦ
1459 2984 1803 3054 χρηματίσαι

204 3067 375 3123 Δασὶδ
394 3066 453 3124 εῦ
494 3070 643 3139 μάλα
670 3088 885 3141 καταση
896 3075 1199 3142 μαίνοντος,

281 3164 339 3219 Β.
382 3166 547 3218 Φαῖεν
590 3166 657 3219 ἂν
701 3166 835 3230 ἴσως
872 3168 968 3220 καὶ
997 3168 1133 3238 πρός
1165 3184 1229 3237 γε
1256 3168 1450 3232 ταῦτα,
1480 3171 1804 3242 διατεκμαί-

206 3274 374 3329 ρομαι
402 3258 531 3330 γάρ·
557 3254 684 3330 ’Ἆρ’
710 3262 776 3313 ἐκ
804 3260 904 3330 τῆς
937 3260 1125 3324 οὐσίας
1148 3260 1245 3314 τοῦ
1276 3260 1411 3314 Θεοῦ
1447 3263 1539 3315 καὶ
1572 3264 1803 3334 Πατρὸς,

1906 2058 2211 2113 divinitatis
2237 2058 2445 2115 sedebit
2466 2060 2565 2133 qui
2597 2075 2663 2115 ex
2697 2060 2927 2116 muliere
2966 2069 3128 2116 natus
3169 2070 3273 2126 est,
3304 2075 3500 2131 supra-

1905 2164 2010 2219 que
2035 2164 2227 2205 omnes
2253 2148 2601 2218 Principatus
2632 2161 2688 2209 et
2720 2153 3131 2209 Dominationes
3158 2168 3222 2208 ac
3247 2152 3503 2210 Thronos

1906 2254 1961 2299 et
1985 2242 2328 2309 Potestates,
2375 2260 2650 2317 supraque
2699 2260 2863 2303 omne
2906 2261 3103 2302 nomen
3154 2247 3300 2316 quod
3338 2261 3505 2302 voca-

1908 2336 2081 2391 tur’?
2147 2338 2539 2395 Animadverte
2618 2353 2747 2395 vero
2828 2354 2939 2410 quo
3009 2347 3171 2411 pacto
3232 2338 3502 2396 Dominus

1906 2429 2131 2486 dicens:
2168 2449 2186 2483 ι
2224 2429 2282 2485 Si
2309 2445 2439 2501 ergo
2474 2430 2645 2487 David
2674 2433 2727 2486 in
2754 2430 2963 2503 Spiritu
2997 2432 3289 2488 Dominum
3317 2441 3500 2500 vocat,

1909 2522 2184 2590 quomodo
2202 2521 2375 2577 Filius
2407 2521 2523 2590 ejus
2549 2524 2667 2579 est?
2696 2543 2716 2575 ι
2740 2524 2990 2580 veritatis
3023 2522 3505 2596 investigatoribus

1907 2612 2238 2682 persuadere
2274 2614 2386 2667 vult
2408 2614 2552 2684 quod
2584 2614 2824 2671 Verbum
2859 2614 2955 2672 Dei
2982 2616 3167 2673 cannis
3195 2628 3250 2673 et
3277 2617 3504 2690 sangui-

1909 2706 1993 2760 nis
2036 2709 2309 2777 particeps
2343 2707 2567 2775 factum,
2600 2710 2765 2765 etiam
2806 2710 2910 2767 hoc
2943 2719 3103 2779 pacto
3136 2711 3339 2766 mansit
3365 2726 3505 2767 unus

1910 2800 2075 2873 740
2095 2800 2285 2865 Filius,
2326 2802 2490 2858 Deum
2540 2804 2757 2875 quidem
2800 2817 2923 2859 esse
2968 2817 3035 2857 ex
3069 2801 3254 2857 divina
3310 2816 3503 2871 super-

1905 2895 2198 2949 eminentia
2230 2904 2281 2949 et
2312 2894 2686 2951 dominatione
2717 2893 3041 2961 declarans;
3064 2894 3342 2950 hominem
3374 2906 3507 2949 vero

1910 2984 2133 3050 factum,
2169 3000 2265 3056 per
2294 2985 2345 3041 id
2383 2988 2527 3057 quod
2563 2997 2720 3043 vocet
2755 2986 2953 3042 Filium
2983 2986 3177 3043 David.

1983 3162 2041 3215 Β.
2088 3164 2334 3219 Dixerint
2362 3164 2428 3219 ad
2460 3164 2577 3220 haec
2603 3165 2859 3230 fortasse,
2893 3175 3158 3237 quantum
3185 3165 3505 3237 conjectura

1908 3256 2168 3325 consequi
2208 3270 2428 3326 possum
2464 3273 2478 3310 :
2513 3257 2657 3327 Ergo
2700 3274 2767 3313 ex
2806 3258 3042 3315 essentia
3091 3258 3187 3314 Dei
3222 3275 3285 3316 ac
3326 3260 3510 3316 Patris

205 3319 306 3405 καλ
358 3319 522 3406 αῦτῦν
573 3319 715 3406 εἶναι
776 3319 1023 3426 δώσομεν
1071 3319 1164 3407 τόν
1208 3357 1273 3409 ὲκ
1328 3355 1647 3426 σπέρματος
1692 3319 1802 3410 ,τοῦ

1913 3348 2192 3403 fatendum
2225 3348 2387 3404 fuerit
2417 3364 2538 3405 esse
2568 3351 2735 3407 etiam
2783 3366 2906 3408 eum
2949 3353 3042 3422 qui
3079 3363 3259 3409 estex
3299 3354 3509 3411 semine

205 3444 374 3501 Aa6t6
393 3462 408 3512 ;

280 3541 349 3593 Λ.
382 3538 578 3592 Καίτοι
612 3539 731 3604 πῶς
786 3541 819 3611 ἠ
852 3539 1032 3595 τοιάδε
1066 3538 1261 3603 πεῦσις
1311 3541 1373 3593 οὐ
1414 3539 1549 3593 πολὺ
1580 3540 1646 3610 δὴ
1680 3540 1803 3597 λίαν

206 3629 271 3685 τὸ
315 3630 594 3701 ἀσύφηλον
641 3630 796 3701 ἔχεις
842 3631 953 3685 Καὶ
995 3631 1313 3704 ἀπᾳδόντως
1362 3630 1429 3685 ἂν
1478 3631 1688 3700 γένοιτο
1737 3636 1801 3705 τῇ

208 3718 307 3773 τοῦ
348 3720 649 3791 μυστηρίου
683 3720 913 3792 δυνάμει
944 3722 1038 3775 καλ⁵
1087 3723 1199 3786 τοῖς
1230 3722 1329 3792 τῆς
1368 3720 1627 3792 ἀληθείας
1654 3723 1805 3792 φιλο-

210 3809 474 3879 θεάμοσιν
495 3828 510 3876 ;

284 3904 342 3957 Β.
383 3903 607 3975 Φράσῃκ
634 3903 806 3968 ὅπως.

286 3996 350 4051 Α.
391 3996 482 4068 Μὴ
509 3995 620 4068 Μ
650 4013 743 4067 μοι
760 3995 1053 4069 διέλης,ὡς
1084 3996 1273 4068 ἕτερόν
1302 4014 1426 4051 τινα
1456 3998 1631 4067 λέγων
1655 3998 1804 4070 παρὰ

211 4089 305 4143 τὸν
334 4089 431 4142 ἕνα
459 4088 698 4159 Χριστὸν
724 4089 821 4143 καὶ⁸
839 4088 967 4143 Υίὸν
1002 4088 1230 4162 Κύριον,
1270 4089 1361 4146 τὸν
1391 4092 1456 4144 ὲκ
1488 4092 1803 4164 σπέρματος

216 4181 311 4235 τοῦ
341 4181 525 4235 Δαϐίδ.
561 4182 622 4235 '0
659 4181 769 4254 γάρ
807 4198 889 4234 τοι
928 4182 1030 4251 τῆς
1064 4181 1359 4253 ὀρθότητος
1392 4182 1572 4252 λόγος.
1617 4184 1707 4239 τὸν
1740 4187 1805 4239 ἐκ

212 4273 348 4327 Θεοῦ
392 4274 606 4345 Πατρὺς
642 4272 817 4342 φύντα
856 4272 985 4327 Υἱδν
1034 4274 1322 4345 μονογενῆ,
1373 4276 1535 4330 αὑτὸν
1578 4278 1674 4331 καὶ
1705 4278 1805 4350 οὐχ

214 4366 405 4438 ἓτερον
434 4360 575 4420 εἷναι
608 4365 858 4436 βούλεται
887 4366 979 4420 τὸν
1009 4367 1075 4420 ὲκ
1104 4365 1269 4421 Δαόὶδ
1306 4371 1449 4423 κατά
1483 4370 1681 4443 σάρκα,
1710 4370 1805 4441 Μὴ

214 4458 395 4512 τοίνυν
444 4457 505 4523 ἐξ
557 4459 872 4530 ἀμετρήτου
931 4458 1201 4527 λεγόντων
1235 4459 1664 4533 ὲμσροντησίας,
1722 4464 1804 4516 ὅτι

216 4551 404 4623 ὥσπερ
432 4553 460 4605 6
489 4550 548 4619 ἐξ
576 4551 809 4623 οὐρανοῦ
845 4549 1125 4605 κατελθὼν
1157 4551 1351 4619 Λόγος,
1385 4554 1487 4607 οὐκ
1515 4553 1631 4608 ἔστι
1662 4556 1805 4610 κατὰ

1908 3441 2076 3495 David
2099 3441 2122 3494 ?

1979 3531 2047 3586 Δ.
2088 3532 2158 3586 At
2191 3548 2321 3589 vero
2356 3533 2629 3604 quomodo
2652 3548 2759 3590 non
2792 3535 2909 3591 haec
2949 3535 3306 3609 interrogatio
3349 3537 3506 3594 stoli-

1907 3624 2096 3680 ditatis
2125 3625 2279 3694 plena
2319 3635 2631 3692 censeatur,
2664 3636 2718 3681 et
2751 3642 2779 3680 a
2818 3626 3081 3683 studiosis
3111 3628 3364 3686 veritatis
3395 3629 3507 3685 vir-

1908 3718 2010 3773 tuti
2042 3717 2285 3790 mysterii
2316 3717 2475 3789 plane
2516 3732 2818 3791 repugnare
2844 3718 3159 3790 iudicetur?

1983 3903 2042 3958 Β,
2092 3902 2187 3958 Dic
2217 3918 2324 3973 quo
2352 3911 2533 3975 pacto.

1970 3995 2037 4051 A.
2092 3994 2172 4051 Ne
2230 3996 2361 4050 mihi
2426 3997 2543 4052 hac
2605 3996 2859 4061 dividas,
2909 4006 3165 4067 tanquam
3232 3997 3507 4055 diversum

1912 4086 2205 4157 quemdam
2237 4096 2486 4143 statuens
2514 4087 2583 4143 ab
2611 4103 2719 4143 uno
2749 4088 2971 4146 Christo
3005 4102 3061 4145 et
3091 4089 3228 4145 Filio
3252 4091 3506 4158 Domino,

1907 4195 2029 4235 eum
2058 4180 2152 4250 qui
2188 4190 2365 4236 estex
2396 4182 2605 4237 semine
2642 4183 2835 4237 David.
2875 4182 3133 4240 Veritatis
3182 4185 3329 4239 enim
3368 4186 3508 4242 ratio

1908 4270 2012 4324 hoc
2042 4268 2158 4324 vult
2189 4282 2247 4325 ut
2280 4272 2596 4339 unigenitus
2627 4270 2796 4329 Filius
2822 4288 2890 4327 ex
2926 4271 3037 4329 Deo
3069 4273 3504 4346 Patre-genitus,

1908 4361 2032 4431 ipse
2054 4368 2241 4418 etnon
2287 4363 2425 4419 aiius
2478 4364 2551 4420 sit
2594 4378 2660 4418 ex
2696 4363 2865 4419 David
2916 4367 3215 4421 secundum
3261 4382 3506 4424 carnem.

1907 4452 2175 4512 Audiendi
2212 4454 2394 4525 itaque
2428 4471 2533 4512 non
2563 4466 2715 4521 sunt,
2754 4457 2846 4526 qui
2879 4472 2947 4512 ex
2975 4458 3238 4514 immensa
3267 4460 3505 4529 quadam

1909 4544 2119 4601 insania
2158 4547 2365 4611 volunt,
2417 4548 2560 4617 quod
2612 4548 2757 4604 sicut
2809 4548 3042 4604 Verbum
3095 4551 3240 4620 quod
3301 4566 3331 4606 e
3365 4553 3509 4609 caelo

217 4643 378 4713 φύσιν
414 4643 541 4707 me
580 4642 677 4696 τοῦ
712 4643 895 4698 Δαὸίδ.
945 4642 1133 4708 Οὕτως
1159 4645 1279 4699 οὐδὲ
1318 4647 1346 4700 6
1393 4647 1457 4699 ἐκ
1489 4647 1803 4719 σπέρματος

1913 4636 2195 4693 descendit
2225 4654 2329 4694 non
2369 4647 2454 4695 est
2484 4642 2780 4696 secundum
2832 4651 3079 4697 naturam
3121 4643 3263 4699 tilins
3300 4644 3505 4711 David,

217 4736 310 4791 τοῦ
339 4736 521 4800 Δασὶδ,
552 4735 682 4799 Υἱός
703 4736 821 4789 ἔστι
848 4735 991 4790 κατά
1014 4734 1175 4805 φύσιν
1204 4735 1298 4791 τοῦ
1316 4736 1473 4791 Θεοῦ.
1510 4738 1569 4792 '0
1594 4739 1803 4811 γάρτοι

219 4827 379 4898 φύσει
408 4827 503 4880 καὶ
534 4825 752 4898 ἀληθῶς
778 4827 845 4881 ἐκ
876 4825 970 4881 τοῦ
1008 4826 1221 4900 Πατρὸς
1250 4828 1575 4900 ἀναλάμψας
1606 4830 1801 4899 Λόγος,

220 4923 278 4974 ἐν
310 4919 614 4991 προσλήψει
643 4918 881 4988 γεγονὼς
913 4918 1115 4991 σαρκὸς
1142 4919 1237 4973 καὶ
1268 4920 1519 4991 αἵματος,
1551 4920 1805 4993 καθάπερ

221 5013 353 5082 ἔφην
392 5010 617 5083 ἀρτίως,
649 5012 960 5082 μεμένηκεν
988 5013 1017 5065 6
1047 5010 1231 5075 αὐτὸς,
1264 5012 1533 5079 τουτέστι,
1560 5012 1719 5083 φύσει
1745 5030 1805 5067 τε

220 5106 313 5159 καί
341 5102 560 5175 ἀληθῶς
580 5103 711 5167 Υίὸς
745 5102 841 5157 τοῦ
879 5103 1115 5175 Πατρὺς,
1153 5098 1234 5168 εἷς
1263 5105 1338 5158 ὢν
1368 5105 1461 5159 καὶ
1496 5105 1682 5175 μόνος,
1711 5108 1811 5160 καὶ

221 5197 318 5265 οὐχ
346 5195 421 5260 ὡς
456 5195 644 5266 ἕτερος
682 5194 804 5265 μεθ’
835 5195 1047 5264 ἑτέρου,
1078 5195 1169 5250 ἵνα
1206 5194 1303 5248 καὶ
1328 5194 1386 5248 ἓν
1420 5195 1588 5248 αὑτοῦ
1616 5197 1807 5268 νοῆται

224 5288 531 5359 πρόσωπον.
578 5288 1005 5359 Εναγείροντες
1053 5287 1163 5360 γάρ
1213 5286 1386 5352 οὕτως
1430 5288 1567 5360 πρὸς
1613 5288 1807 5344 ἕνωσιν

226 5382 419 5453 ἀληθῆ,
449 5382 544 5436 καὶ
566 5383 667 5455 τὴν
694 5382 839 5453 ὑπὲρ
861 5379 986 5435 νοῦν
1020 5380 1114 5433 καὶ
1164 5379 1323 5448 Λόγον
1347 5382 1417 5433 τὰ
1437 5381 1550 5442 τοῖς
1574 5379 1673 5450 τῆς
1701 5380 1805 5450 φύ-

228 5488 359 5535 σεως
400 5471 583 5538 λόγοις
631 5472 769 5543 πρὸς
799 5470 1169 5543 ἀνομοιότητα
1217 5470 1675 5541 διεσχοινισμένα,
1707 5472 1806 5542 τὴν

228 5563 433 5635 ἀπλανῆ
454 5564 553 5635 τῆς
570 5565 811 5629 πίστεως
836 5562 1168 5636 βαδιούμεθα
1185 5563 1391 5635 τρίϐον.
1408 5564 1546 5617 Ἕνα
1569 5564 1678 5636 γὰρ
1707 5565 1803 5618 καὶ

228 5655 314 5707 τὸν
344 5655 507 5710 αὑτὸν
539 5651 680 5709 εἷναί
720 5673 902 5726 φαμεν
918 5656 1154 5727 Χριστὸν
1187 5654 1415 5725 Ἰησοῦν,
1446 5657 1508 5709 ὲκ
1537 5655 1672 5709 Θεοῦ
1708 5656 1806 5727 μὲν

234 5746 459 5817 Ματρὸς,
490 5748 565 5810 ὡς
591 5746 725 5800 Θεὸν
742 5747 935 5817 Λόγον,
955 5747 1017 5799 ἐγ
1046 5746 1360 5820 σπέρματος
1382 5747 1439 5801 δὲ
1468 5746 1610 5804 κατά
1628 5746 1805 5819 σάρκα

1911 4730 1987 4785 ita
2022 4746 2198 4801 neque
2222 4732 2268 4788 is
2286 4733 2381 4803 qui
2410 4742 2495 4788 est
2528 4748 2593 4789 ex
2632 4736 2841 4789 semine
2882 4732 3053 4791 David
3090 4746 3174 4792 est
3204 4734 3373 4793 Filius
3417 4753 3509 4794 se-

1913 4822 2151 4880 cundum
2186 4835 2433 4880 naturam
2466 4826 2581 4882 Dei.
2618 4826 2753 4881 Nam
2794 4827 3030 4885 Verbum
3059 4830 3202 4899 quod
3238 4830 3508 4886 naturali-

1916 4924 1997 4971 ter
2026 4930 2090 4970 ac
2124 4929 2255 4971 vere
2287 4931 2354 4973 cx
2388 4916 2549 4973 Patre
2580 4916 2815 4983 eﬂulsit,
2847 4934 2971 4974 cum
3020 4935 3245 4975 carnem
3288 4931 3343 4976 et
3383 4938 3511 4979 san-

1914 5008 2132 5079 guinem
2169 5013 2483 5081 assumpsit,
2516 5012 2971 5081 quemadmodum
3000 5012 3161 5068 modo
3189 5014 3322 5078 dixi,
3350 5031 3510 5069 mau-

1912 5103 1987 5157 sit
2022 5102 2189 5167 idem,
2237 5104 2341 5159 hoc
2393 5113 2499 5168 est,
2553 5115 2743 5160 natura
2776 5114 2831 5159 et
2881 5120 3008 5160 vere
3061 5105 3231 5163 Filius
3283 5104 3506 5164 Patris:

1917 5211 2059 5252 unus
2084 5196 2356 5253 exsistens
2384 5212 2449 5252 ac
2493 5197 2663 5262 solus,
2698 5209 2754 5253 et
2788 5214 2892 5253 non
2940 5210 2998 5253 ut
3038 5200 3176 5255 alius
3214 5216 3337 5255 cum
3379 5202 3510 5270 alio,

1916 5295 1968 5343 ut
1995 5298 2050 5343 et
2078 5304 2183 5343 una
2216 5289 2385 5359 ipsius
2414 5300 2701 5345 censeatur
2728 5306 2983 5360 persona.
3023 5290 3136 5347 lloc
3168 5295 3315 5348 enim
3354 5307 3514 5363 pacto

1917 5382 2240 5436 reducentes
2291 5382 2359 5436 ad
2397 5396 2581 5437 veram
2618 5384 2907 5449 unitatem,
2946 5394 3001 5439 et
3056 5384 3395 5441 intellectum
3448 5402 3514 5443 ac

1916 5483 2153 5527 mentem
2189 5483 2430 5529 nostram
2480 5488 2827 5545 superantem
2868 5493 2991 5546 qum
3038 5479 3250 5534 ratione
3304 5490 3513 5537 natura

1916 5563 2199 5620 dissimilia
2239 5567 2383 5621 inter
2412 5581 2471 5622 se
2512 5578 2658 5635 sunt,
2707 5577 2910 5623 rectam
2941 5570 3066 5625 ﬁdei
3118 5572 3258 5626 viam
3306 5572 3513 5628 insisti-

1918 5672 2057 5713 mus.
2093 5657 2275 5714 Unum
2316 5658 2461 5714 enim
2490 5660 2655 5715 etiam
2683 5660 2861 5731 ipsum
2900 5678 3021 5719 esse
3052 5664 3285 5719 dicimus
3321 5663 3512 5720 Jesum

1914 5750 2192 5806 Christum
2227 5767 2240 5803 :
2275 5766 2343 5806 ex
2368 5751 2478 5807 Deo
2506 5753 2725 5822 quidem
2754 5753 2920 5813 Patre
2952 5765 3010 5812 ut
3038 5756 3207 5812 Deum
3234 5757 3510 5828 Verbum;

300 5928 317 5959 '
348 5925 535 5981 Matth.
573 5941 705 5993 uti,
739 5926 826 5979 τίει.
901 5927 920 5957 ⁸
958 5926 1085 5982 ibid.
1118 5924 1301 5982 43-65.
1381 5928 1399 5957 ⁷
1437 5926 1597 5983 Hebr.
1650 5941 1689 5991 ι,

1947 5926 2077 5984 ibid.
2122 5927 2206 5983 ιδ.
2290 5929 2312 5961 υ
2348 5928 2613 6001 ειιιιεεη,
2644 5930 2735 5987 at.
