3988 6484
557 482 685 541 899
1536 480 1591 533 S.
1634 476 1907 533 CYRILLI
1949 474 2412 531 ALEXANDRIM
2452 473 2771 531 AllCHlEP.
3707 462 3816 517 κεν

551 608 616 648 aa
674 594 879 647 semine
939 601 1137 656 autem,
1192 592 1486 648 secundum
1549 607 1800 657 carnem,
1868 592 2106 649 Davidis.

2236 596 2306 649 τοῦ
2335 594 2624 649 θεσπεσίου
2652 591 2836 645 Δαδιδ.
2884 590 2954 641 Ἥ
2996 589 3099 642 οὐκ
3138 585 3359 657 ἄριστά
3416 601 3505 637 σοι
3550 580 3718 635 ταῦτα
3747 580 3811 631 δι-

552 683 702 737 Anue
728 682 819 735 libi
846 689 988 735 recte
1008 680 1075 735 de
1106 682 1188 735 bis
1212 683 1387 753 egisse
1421 681 1645 736 videor?
2215 688 2478 756 εσκέφθαι
2506 684 2683 747 δοκῶς

616 772 675 825 Β.
714 769 967 827 Omnino.

2283 780 2345 832 Β.
2388 778 2537 831 Πάνυ
2572 775 2669 845 μὲν
2695 770 2807 829 οῦν.

620 866 686 917 Δ.
727 862 996 918 Caeterum
1043 862 1245 933 aliquid
1290 872 1550 933 praeterea
1596 863 1926 920 adversariis
1976 862 2110 932 adji-

2284 872 2349 925 Δ.
2393 870 2816 939 Προσερήσομαι
2863 864 3004 919 δέτι
3055 863 3150 918 καὶ
3197 862 3401 934 ἕτερον
3438 861 3589 921 τοὺς
3621 858 3811 911 διεναν-

553 956 708 1009 ciam.

2213 962 2350 1025 τίας.

620 1047 680 1100 Β.
721 1048 1028 1113 Quidnam?

2284 1055 2346 1109 B.
2379 1053 2454 1107 τὸ
2485 1052 2539 1106 τι
2569 1051 2633 1123 δὴ
2663 1052 2797 1121 φήςς

620 1140 686 1193 Α.
730 1138 913 1208 Neque
960 1141 1101 1195 enim
1159 1138 1499 1209 Unigenitum
1544 1140 1712 1197 Deum
1752 1139 1984 1196 Verbum
2028 1156 2113 1198 es-

2282 1148 2348 1200 A.
2390 1145 2464 1199 Οὑ
2494 1144 2601 1215 γὰρ
2627 1145 2691 1197 ὲκ
2710 1138 2802 1195 τοῦ
2832 1138 3047 1208 nam;
3072 1137 3171 1207 τὴν
3201 1134 3455 1203 ὕπαρξιν
3478 1132 3637 1203 ἔχειν
3662 1146 3815 1183 uno

554 1230 779 1287 tentiam
805 1246 867 1284 ex
908 1231 1014 1285 Deo
1057 1230 1215 1287 Patre
1246 1232 1443 1289 habere
1493 1234 1752 1303 credunt;
1802 1235 1896 1290 sed
1947 1235 2114 1290 ιιοωί-

2239 1240 2474 1293 ττεύκασι
2509 1236 2602 1289 τὸν
2646 1234 2908 1306 μονογενῆ
2939 1229 3071 1284 Θεὸν
3102 1228 3303 1295 Λόγον,
3345 1225 3444 1279 τόν
3474 1242 3541 1292 γε
3585 1225 3718 1293 μὴν,
3747 1222 3814 1283 ὡς

556 1337 674 1374 nem
710 1322 883 1389 illum,
915 1322 1004 1391 qui
1054 1337 1148 1390 per
1193 1324 1646 1391 coniunctionem,
1680 1335 1738 1380 ιιι
1774 1327 1876 1396 ipsi
1906 1327 2111 1394 volunt,

2239 1331 2367 1386 ιῦτοί
2402 1346 2532 1400 φασι
2560 1326 2835 1399 ληφθέντα
2874 1323 3013 1379 κατὰ
3047 1320 3351 1388 συνάφειαν
3398 1318 3729 1385 ἄνθρωπον.
3755 1317 3814 1366 ἐκ

553 1425 859 1482 assumptus
882 1423 989 1480 est,
1028 1430 1094 1470 ex
1136 1416 1344 1471 semine
1376 1414 1542 1471 David
1593 1416 1793 1472 factum
1838 1432 1958 1474 esse
1986 1430 2115 1474 con—

2234 1421 2530 1492 ιπέρματος
2574 1416 2827 1489 γενέσθαι
2887 1415 2981 1469 τοῦ
3035 1412 3327 1467 θεσπεσίου
3384 1408 3567 1464 Δαδὶδ
3619 1407 3809 1461 διατεί-

556 1508 800 1561 tendunt.

2214 1530 2414 1567 νονται.

622 1595 682 1648 Β.
722 1595 797 1650 Ita
829 1598 1000 1653 aiunt.

2284 1604 2346 1658 Β.
2386 1603 2544 1657 Οὕτω
2574 1600 2728 1671 φασί.

620 1688 687 1748 Α.
732 1685 1017 1756 Superabit
1051 1690 1231 1759 itaque
1274 1690 1493 1745 omnino
1546 1687 1781 1745 Verbum
1834 1689 1974 1760 quod
2014 1705 2112 1745 na-

2284 1700 2345 1751 A.
2387 1693 2773 1761 Πλεονεκτήσει
2803 1690 2868 1762 δὴ
2918 1683 3012 1743 οῦν
3056 1688 3234 1757 πάντη
3278 1701 3342 1738 τε
3399 1684 3501 1738 καὶ
3561 1681 3808 1744 πάντως,

554 1786 669 1832 tura
704 1795 768 1835 ac
791 1794 915 1835 vere
952 1780 1092 1837 Deus
1119 1790 1222 1846 est,
1247 1796 1371 1836 eum
1414 1781 1508 1851 qui
1543 1790 1625 1838 est
1659 1798 1726 1838 ex
1772 1784 1979 1839 semine
2012 1781 2115 1837 Da-

2236 1790 2371 1860 ρύσει
2394 1806 2451 1843 τε
2473 1788 2567 1842 καὶ
2582 1784 2706 1857 δόξῃ
2730 1784 2862 1846 Θεὸς
2885 1781 2981 1846 ὣν,
3008 1784 3037 1836 ό
3056 1780 3247 1848 Λόγος.
3273 1778 3366 1831 τὸν
3392 1778 3461 1829 ἐκ
3482 1776 3811 1843 σπέρματος

554 1870 685 1925 vid:
732 1881 787 1926 et
843 1881 995 1927 tanto
1045 1873 1261 1945 quidem
1310 1872 1570 1941 excellet,
1626 1885 1887 1945 quantum
1938 1875 2109 1931 estin

2233 1881 2306 1936 τοῦ
2330 1880 2512 1935 Δασὶδ.
2550 1878 2660 1932 Καὶ
2696 1874 3044 1947 ὑπεραλεῖται
3091 1869 3363 1929 τοσοῦτον,
3397 1869 3532 1921 ὅσον
3578 1865 3650 1919 ἂν
3697 1864 3808 1933 ἔχοι

554 1970 860 2015 naturarum
900 1964 1197 2021 differentia
1239 1966 1528 2022 intervalli.
1582 1966 1689 2023 Aut
1735 1966 1781 2023 si
1821 1967 1892 2023 ita
1936 1983 1996 2024 se
2026 1982 2112 2022 res

2234 1971 2272 2024 εδ
2302 1966 2632 2040 μεσολαϐοῦν
2662 1964 2773 2020 τῶν
2801 1963 3015 2034 φύσεων
3042 1965 3075 2032 ἡ
3116 1959 3369 2030 διαφορά.
3400 1958 3474 2011 Ἦ
3504 1958 3679 2027 εἴπερ
3709 1954 3809 2006 οὐκ

552 2065 655 2105 non
686 2052 846 2108 habet
880 2068 943 2110 ac
984 2056 1125 2121 dico,
1159 2071 1256 2111 cur
1294 2058 1476 2127 itaque
1524 2058 1904 2129 distinguunt?
1940 2061 2114 2130 Atque

2234 2061 2360 2114 ἑστιν
2394 2056 2591 2128 ἀληθὲς
2630 2057 2658 2110 δ
2700 2072 2865 2125 φημι,
2896 2052 3195 2123 διαιροῦσιν
3238 2048 3355 2104 ἀνθ’
3387 2049 3543 2107 δτου.
3595 2048 3697 2099 καὶ
3734 2045 3809 2113 τῷ

553 2141 678 2197 huic
700 2145 917 2213 quidem
949 2147 1194 2202 tribuunt
1222 2148 1408 2218 glorize
1440 2148 1747 2205 facultatem
1767 2192 1782 2216 ,
1814 2152 1958 2207 hunc
1985 2166 2113 2208 vero

2231 2151 2315 2203 ιὶν
2343 2149 2565 2219 νέμουσι
2615 2146 2714 2215 τῆς
2740 2143 2899 2213 δόξης
2928 2143 3025 2213 τὴν
3058 2140 3326 2206 ἐξουσίαν,
3352 2137 3447 2191 τὸν
3466 2138 3524 2191 δὲ
3567 2135 3806 2190 λαῦόντα

551 2241 801 2302 tanquam
834 2239 1490 2308 acceperitintrmlucunt,
1525 2251 1689 2311 atque
1731 2242 1781 2295 id
1819 2242 1960 2310 quod
2008 2253 2107 2308 est,

2228 2238 2670 2312 παρακομίζουσι,
2694 2238 2786 2290 καὶ
2807 2233 2952 2289 τοῦθ’
2977 2237 3114 2304 ὅπερ
3142 2231 3311 2294 ἐστὶν,
3339 2232 3397 2283 ὲν
3413 2227 3575 2294 τάξει
3596 2228 3803 2298 γερῶν,

550 2324 719 2377 instar
735 2327 877 2393 doni,
899 2336 1059 2397 atque
1076 2329 1231 2401 74],
1258 2330 1499 2385 beneﬁcii
1519 2331 1867 2387 lucrifecissc.
1886 2332 2113 2387 Inferior

2230 2334 2304 2387 ιαὶ
2328 2334 2386 2385 ιν
2415 2329 2753 2401 χαρίσματος
2777 2327 2942 2399 μοίρᾳ.
2976 2323 3346 2397 κερδαίνοντα.
3375 2322 3552 2377 Μεῖον
3579 2321 3639 2374 δὲ
3676 2320 3805 2373 πάν-

548 2423 725 2466 autem
756 2423 812 2468 et
842 2417 1107 2483 posterior
1147 2428 1230 2472 est
1264 2418 1356 2488 qui
1387 2420 1606 2491 accipit,
1644 2435 1804 2488 quam
1851 2420 1940 2490 qui
1982 2421 2106 2486 dat;

2225 2441 2318 2487 ιως
2352 2422 2448 2476 καὶ
2503 2423 2560 2474 ὲν
2589 2418 2860 2486 δευτέροις
2914 2416 3009 2470 τοῦ
3056 2415 3329 2476 διδόντος,
3375 2412 3438 2465 τὸ
3482 2412 3800 2482 δεχόμενον,

545 2512 599 2555 et
634 2504 679 2557 is
704 2503 792 2573 qui
824 2506 889 2559 ab
914 2506 1019 2560 alio
1046 2507 1227 2576 gloria:
1261 2511 1529 2579 particeps
1585 2509 1836 2578 efﬁcitur,
1872 2524 2034 2580 quam
2066 2510 2110 2565 is

2225 2516 2305 2570 ια).
2340 2514 2435 2568 τοῦ
2466 2511 2801 2579 δοξάζοντος,
2843 2510 2905 2562 τὸ
2950 2509 3050 2579 τῆς
3096 2506 3226 2579 παρ’
3268 2503 3433 2558 αὑτοῦ
3472 2504 3639 2574 δόξης
3667 2517 3800 2571 μετ-

547 2592 637 2659 qui
674 2594 899 2664 gloriam
931 2594 1260 2665 impertitur.

888 2612 899 2648 ι
931 2594 1260 2665 impertitur.
2212 2606 2463 2677 εσχηκός.

614 2681 674 2739 Β.
697 2684 1003 2754 Maximam,
1022 2688 1280 2755 arbitror,
1305 2692 1467 2747 etiam
1488 2692 1589 2761 ipsi
1612 2691 1969 2748 diﬂ'erentiam
1995 2700 2111 2746 sta-

2282 2697 2343 2749 B.
2385 2694 2672 2764 Πλεῑστην,
2694 2686 2873 2762 οἶμαι,
2904 2688 2999 2744 καὶ
3026 2687 3183 2741 αὐτοὶ
3206 2687 3362 2755 φαῖεν
3386 2683 3455 2738 ἂν
3477 2682 3578 2755 τὴν
3608 2681 3794 2750 διαφο-

546 2786 705 2830 tuuut
733 2778 877 2832 inter
900 2778 1063 2833 Deum
1090 2791 1146 2835 et
1184 2780 1452 2838 homines.

2216 2783 2313 2853 ράν
2341 2780 2476 2835 Θεοῦ
2507 2798 2567 2833 τε
2593 2779 2685 2833 καὶ
2723 2776 3045 2849 ἀνθρώπων.

615 2866 681 2920 Δ.
710 2866 875 2936 Atqui
902 2870 1172 2937 quomodo
1201 2871 1635 2941 sapientissimus
1665 2871 1869 2927 Paulus
1903 2872 2111 2927 divino-

2281 2878 2344 2929 A.
2383 2870 2515 2927 Εἶτα
2545 2872 2661 2936 πῶς
2686 2873 2714 2923 ὁ
2746 2870 3019 2937 πάνσοφος
3051 2864 3281 2928 Παῦλος,
3310 2865 3340 2917 ό
3374 2863 3485 2917 τῶν
3507 2861 3668 2915 θείων
3704 2878 3794 2929 μυ-

547 2972 663 3013 tum
696 2960 1073 3027 mysterinrum
1111 2962 1362 3018 minister
1397 2964 1570 3034 ipsum
1608 2964 1755 3019 illum
1803 2965 1893 3033 qui
1918 2965 2109 3035 praedi-

2218 2967 2454 3039 στηρίων
2489 2962 2801 3035 ἱερουργδς,
2843 2961 2871 3013 ό
2927 2958 3092 3012 αὑτὸν
3138 2957 3344 3010 ἓνοικον
3374 2954 3514 3023 ἔχων
3562 2953 3657 3005 τὸν
3699 2966 3793 3017 an}.

546 3057 702 3103 catur
735 3050 1123 3105 inbabitantem
1156 3053 1209 3107 in
1240 3069 1297 3109 se
1320 3054 1550 3121 habens,
1580 3068 1633 3109 et
1662 3056 1886 3126 loquens
1909 3056 1960 3109 in
1984 3055 2107 3126 Spi-

2216 3059 2557 3131 ρυττόμενον,
2588 3056 2679 3109 καὶ
2700 3053 2877 3107 λαλῶν
2904 3054 2959 3105 ὲν
2989 3049 3290 3119 Πνεῦματι,
3317 3046 3408 3100 τὸν
3432 3042 3575 3099 κατὰ
3618 3044 3791 3131 σάρκα

547 3141 676 3203 ritu,
694 3142 987 3195 secundum
1015 3157 1235 3199 carnem
1268 3161 1334 3202 ex
1356 3146 1556 3201 Judaeis
1587 3155 1640 3201 et
1668 3144 1837 3200 Deum
1856 3146 2108 3215 appellat,

2215 3129 2273 3216 l5
2305 3148 2593 3211 Ἰουδαίων,
2625 3146 2719 3199 καὶ
2740 3143 2873 3197 Θεὸν
2902 3139 3295 3212 ἁνομάζει,καὶ
3326 3135 3622 3205 εὑλογητδν
3654 3129 3790 3186 εἶναί

542 3242 598 3290 et
630 3235 967 3291 benedictum
1000 3252 1124 3293 esse
1150 3239 1276 3293 dicit
1305 3240 1357 3294 iu
1404 3241 1599 3295 saecula
1623 3258 1638 3295 :
1663 3254 1819 3294 amen
1856 3238 1942 3293 ὀἳ
1969 3234 2108 3305 Quid

2214 3259 2378 3313 φησιν
2408 3242 2486 3303 εις
2529 3238 2654 3301 τοὺς
2689 3235 2916 3298 αἰῶνας,
2972 3234 3153 3303 ἁμήν;
3187 3231 3230 3283 Τ
3236 3230 3251 3283 ι
3288 3228 3348 3282 τὺ
3403 3227 3661 3281 ἐπέκεινα
3693 3221 3787 3277 τοῦ

544 3326 793 3394 superius
846 3336 931 3382 est
1006 3327 1118 3384 Deo
1178 3330 1269 3398 qui
1318 3344 1482 3398 supra
1540 3342 1730 3385 omnes
1788 3327 1911 3391 est?
1976 3301 2106 3397 quid

2211 3301 2302 3389 litui
2333 3301 2532 3397 παντὸς
2570 3330 2705 3385 Θεοῦ
2732 3346 2746 3395 ;
2793 3328 2847 3381 τί
2875 3327 2931 3381 δὲ
2960 3301 3028 3379 τδή
3059 3301 3241 3395 μεῖζον
3280 3324 3337 3375 ὲν
3366 3320 3445 3390 τῷ
3473 3322 3537 3372 ὲκ
3579 3316 3786 3387 [ἰατρὸς

544 3428 723 3471 autem
766 3418 942 3487 majus
990 3419 1042 3475 in
1079 3418 1255 3475 Verbo
1283 3420 1426 3490 quod
1455 3436 1521 3477 ex
1561 3419 1722 3474 Patre
1753 3422 1989 3489 genitum
2022 3429 2108 3476 est

2214 3427 2553 3496 φύντιΛόγῳ
2590 3422 2928 3492 καταθρήσαι
2958 3434 3043 3481 τις
3090 3416 3157 3470 ἂν
3208 3413 3360 3485 παρά
3412 3429 3478 3480 γε
3527 3410 3621 3465 τὸν
3650 3407 3789 3464 κατὰ

543 3506 663 3575 quis
684 3509 1071 3576 deprehendat,
1090 3526 1252 3578 quam
1276 3510 1329 3564 in
1359 3526 1424 3565 eo
1442 3512 1535 3581 qui
1560 3513 1854 3566 secundum
1890 3525 2105 3565 carnem

2213 3517 2390 3589 σάρκα
2422 3515 2482 3579 ὲξ
2519 3514 2805 3579 Ἰουδαίων,
2833 3512 2991 3580 εῐπερ
3035 3509 3183 3561 ἐστὶν
3227 3507 3414 3577 ἕτερος
3446 3503 3578 3575 παρ’
3607 3500 3781 3566 αὐτὸν,

542 3615 608 3649 ex
637 3597 879 3653 Judaeis?
918 3600 1182 3669 siquidem
1213 3614 1298 3656 est
1329 3603 1465 3657 alius
1500 3603 1568 3656 ab
1611 3604 1726 3674 ipso
1769 3612 1823 3658 et
1866 3601 2108 3673 peculia-

1866 3601 2108 3673 peculia-
2212 3610 2306 3664 καὶ
2336 3607 2518 3671 ἰδικῶς
2546 3605 2673 3670 Υἱός
2695 3606 2819 3657 ’καὶ
2853 3600 3008 3655 τοῦτο
3032 3602 3130 3654 οὐκ
3151 3598 3400 3671 ἁληθῶςς

543 3688 673 3741 riter
700 3687 864 3743 Filius
890 3699 1050 3758 atque
1076 3691 1173 3745 boc
1206 3706 1309 3744 non
1350 3706 1495 3746 vere.

612 3775 672 3829 Β.
704 3776 809 3831 Sed
838 3778 1103 3831 admissus
1130 3788 1235 3842 est,
1267 3780 1537 3848 inquiunt,
1565 3784 1861 3837 secundum
1884 3785 2107 3854 conjun-

2280 3785 2342 3837 B.
2397 3780 2535 3835 Ἀλλ’
2577 3780 2855 3850 εἰσεδέχθη
2903 3778 3047 3833 κατά
3080 3776 3396 3845 συνάφειαν,
3431 3776 3616 3843 φασιν,
3662 3774 3691 3826 ό
3721 3774 3778 3825 ὲκ

541 3866 774 3921 ctionem
806 3869 849 3922 is
876 3869 964 3935 qui
990 3878 1072 3921 est
1104 3884 1166 3922 ex
1197 3872 1401 3925 semine
1426 3870 1615 3934 David,
1648 3882 1701 3926 et
1735 3888 1854 3928 cum
1890 3876 2104 3932 inhabi-

544 3956 668 4009 tarit
713 3957 765 4009 in
797 3958 909 4011 iosu
960 3955 1098 4009 Deus
1146 3960 1413 4011 cxsistens
1466 3958 1723 4011 Verbum-
1761 3978 2104 4011 communem

2212 3875 2526 3945 σπέρματος
2545 3870 2640 3925 τοῦ
2670 3870 2854 3935 Δαὸὶδ,
2879 3872 2971 3923 καὶ
3002 3869 3302 3939 ἐπειδήπερ
3331 3866 3605 4011 tamen
3639 3864 3780 3933 αὐτῷ

2208 3965 2342 4011 Θεὸς
2368 3964 2442 4011 ὢν
2467 3966 2496 4011 ὀ
2543 3964 2734 4011 Λόγος.
2762 3964 3007 4011 κοινωνεί
3033 3960 3133 4011 τῆς
3177 3958 3332 4011 ἀξίας
3474 3957 3520 4010 ὦ
3546 3958 3641 4009 καὶ
3682 3957 3776 4011 τῆς

544 3956 668 4009 tarit
713 3957 765 4009 in
797 3958 909 4027 ipso
960 3955 1098 4009 Deus
1146 3960 1413 4012 cxsistens
1466 3958 1723 4028 Verbum,
1761 3978 2104 4020 communem

2208 3965 2342 4028 Θεὸς
2368 3964 2442 4017 ὢν
2467 3966 2496 4016 ὀ
2542 3964 2735 4031 Λόγος,
2762 3964 3007 4016 κοινωνεί
3033 3960 3133 4030 τῆς
3177 3958 3332 4023 ἀξίας
3369 3955 3520 4027 una
3546 3958 3641 4009 καὶ
3682 3957 3775 4023 τῆς

539 4066 659 4107 cum
708 4051 797 4104 illo
831 4050 1148 4120 dignitatem
1185 4062 1238 4104 ct
1277 4052 1499 4121 gloriam
1537 4059 1917 4124 consequitur;
1962 4058 2105 4125 quod

2207 4058 2392 4128 τιμῆς.
2426 4057 2536 4110 Καὶ
2574 4054 2732 4109 τοῦτο
2760 4052 2961 4120 διδάξει
2998 4054 3228 4124 γράφων
3260 4051 3288 4103 ό
3323 4049 3614 4122 ἱερώτατος
3635 4046 3774 4102 Παῦ-

536 4152 591 4196 et
641 4141 1039 4196 sacratissimus
1082 4140 1277 4196 Paulus
1322 4143 1387 4198 de
1434 4144 1550 4213 ipso
1608 4148 1855 4202 srribens
1905 4151 2100 4206 docet:

2207 4149 2298 4212 λος
2326 4148 2454 4219 ’περῖ⁸
2489 4145 2677 4202 αὐτοῦ·
2719 4164 2738 4198 ι
2770 4146 2891 4199 Ὅτι
2916 4144 3140 4214 γέγονεν
3194 4142 3433 4213 ὑπήκοος
3481 4138 3561 4209 τῷ
3613 4138 3778 4206 Πατρὶ

545 4253 563 4284 ι
598 4232 732 4301 Quia
766 4244 934 4288 tactus
959 4244 1039 4289 est
1077 4234 1334 4289 obediens
1366 4235 1510 4289 Patri
1556 4254 1723 4306 usque
1753 4239 1818 4293 ad
1850 4254 2100 4307 mortem,

2211 4238 2371 4311 μέχρι
2403 4239 2655 4305 θανάτου,
2692 4237 2925 4293 θανάτου
2954 4236 3012 4290 δὲ
3051 4234 3289 4307 σταυροῦ
3308 4250 3322 4265 ο
3348 4232 3429 4286 διδ
3466 4230 3565 4284 καὶ
3597 4232 3623 4283 ὁ
3653 4228 3773 4291 Θεὸς

538 4336 763 4378 mortem
808 4335 986 4379 autem
1035 4325 1233 4379 crucis.
1269 4324 1389 4380 Ideo
1418 4336 1470 4380 et
1506 4326 1645 4381 Deus
1674 4330 2105 4397 superexaltavit

2206 4332 2366 4386 αὐτὸν
2437 4330 2788 4403 ὺπερύψωσε,
2840 4332 2936 4383 καὶ
2982 4328 3276 4399 ἐχαρίσατο
3326 4322 3477 4394 αὐτῷ
3516 4323 3682 4394 ὄνομα
3718 4320 3772 4374 τὸ

536 4436 681 4483 cum,
712 4430 766 4474 et
804 4420 951 4473 dedit
982 4420 1032 4473 ei
1075 4434 1269 4473 nomen
1300 4421 1442 4487 quod
1476 4430 1558 4474 est
1605 4435 1771 4488 super
1795 4436 1955 4478 omne
2003 4439 2102 4478 no-

1870 4437 1955 4478 tue
2003 4439 2102 4478 no-
2207 4423 2347 4495 ὑπὲρ
2379 4426 2487 4478 πᾶν
2512 4424 2704 4495 ὄνομα,
2732 4442 2749 4475 ι
2778 4422 2933 4477 τοῦτο
2962 4422 3020 4475 δέ
3046 4423 3163 4475 ἐστι
3186 4421 3269 4486 τὸ,
3292 4419 3445 4483 Θεός.

536 4526 660 4564 men
693 4512 759 4572 “,
800 4529 819 4562 ι
858 4512 959 4564 boc
989 4519 1091 4576 est,
1123 4508 1284 4564 Deus.

601 4605 663 4661 At.
694 4602 1051 4661 Peculiariter
1086 4604 1288 4673 itaque,
1315 4612 1373 4657 et
1416 4611 1474 4656 ut
1501 4603 1715 4660 diverso
1744 4608 1969 4662 seorsim
2004 4609 2095 4663 Fi-
2132 4638 2175 4693 ο

2274 4604 2338 4655 Α.
2379 4603 2507 4672 Ἆρ’
2548 4596 2641 4654 οὖν
2683 4600 2864 4664 ὶδικῶς
2910 4617 2972 4654 τε
3020 4598 3114 4653 καὶ
3156 4598 3228 4663 ὡς
3255 4597 3430 4670 ἑτέρῳ
3472 4596 3770 4667 καταμόνας

534 4694 607 4749 lio
635 4694 720 4763 qui
754 4703 839 4749 est
870 4710 936 4748 ex
969 4695 1175 4750 semine
1210 4696 1396 4759 David,
1429 4695 1613 4751 datum
1645 4695 1810 4753 fuisse
1841 4699 2027 4755 dicunt
2068 4716 2097 4755 a

2206 4694 2320 4765 Υἱῷ
2348 4690 2425 4764 τῷ
2457 4695 2522 4746 ὲκ
2557 4693 2867 4763 σπέρματος
2888 4691 3051 4747 Δαῦὶδ
3082 4690 3326 4744 δεδόσθαι
3348 4691 3484 4759 φασὶ
3512 4688 3659 4761 παρὰ
3682 4687 3767 4742 τοῦ

533 4784 641 4840 Deo
673 4801 868 4841 nomen
900 4788 1039 4855 quod
1070 4798 1155 4841 est
1182 4802 1345 4857 super
1371 4802 1530 4842 omne
1565 4803 1779 4845 nomen.

1671 4805 1779 4845 ten.
2200 4788 2337 4843 Θεοῦ
2367 4788 2428 4839 τὸ
2454 4786 2625 4857 ὄνομα
2648 4785 2709 4838 τὸ
2739 4785 2879 4856 ὑπὲρ
2903 4786 3010 4839 πᾶν
3045 4784 3246 4854 avena;

600 4876 656 4929 8.
688 4877 763 4931 Ita
786 4878 953 4931 aiunt.
975 4876 1108 4934 Cum
1140 4881 1282 4933 enim
1335 4876 1657 4949 Unigenitns
1684 4882 1755 4936 sit
1786 4882 1925 4937 Deus
1955 4894 2010 4939 et
2031 4900 2097 4940 cx

2268 4882 2330 4936 B.
2370 4879 2482 4933 Ναὶ
2540 4878 2690 4949 φασι,
2727 4877 2844 4947 Θεῷ
2895 4875 3005 4948 γὰρ
3050 4874 3163 4929 ὄντι
3227 4875 3321 4929 καὶ
3358 4875 3424 4927 ὲκ
3454 4873 3594 4928 Θεοῦ
3640 4873 3764 4927 κατά

532 4971 638 5024 Deo
665 4971 962 5024 secundum
998 4980 1270 5035 naturam,
1307 4973 1577 5041 quomodo
1612 4972 1685 5026 illi
1715 4975 1895 5029 datum
1930 4976 2097 5032 fuerit

2200 4971 2362 5040 φύσιν
2422 4966 2502 5039 τῷ
2554 4968 2880 5035 Μονογενεῖ,
2922 4965 3040 5028 πῶς
3084 4964 3150 5019 ἂν
3194 4963 3403 5034 γένοιτο
3436 4964 3610 5028 δοτδν,
3643 4966 3760 5036 ὅπερ

529 5063 577 5113 id
607 5061 751 5130 quod
783 5076 843 5115 ex
868 5076 925 5115 se
947 5061 1151 5117 habet?

783 5076 843 5115 ex
868 5076 925 5115 se
947 5061 1105 5117 habet
1128 5061 1151 5115 τ
2199 5064 2309 5134 ἔχει
2334 5081 2349 5130 ;

598 5154 659 5204 Α.
703 5150 843 5222 Ergo
873 5152 915 5206 si
945 5152 1011 5210 de
1037 5153 1153 5219 ipso
1180 5152 1383 5207 dictum
1422 5170 1525 5207 non
1572 5163 1655 5209 est
1693 5157 1835 5223 quod
1865 5171 2090 5227 arcepe~

2268 5158 2332 5210 A.
2375 5153 2587 5210 Οὐκοῦν
2619 5155 2668 5206 εἰ
2721 5152 2796 5224 μὴ
2846 5153 2933 5204 ἐπ’
2964 5150 3127 5205 αὐτοῦ
3171 5150 3414 5205 τέθειται
3451 5153 3515 5206 τὸ
3570 5152 3751 5217 λαόεἰν,

531 5239 618 5302 t'il,
646 5238 983 5307 inquiramus
1014 5252 1266 5295 accurate
1316 5244 1669 5311 quamobrem
1705 5245 1917 5300 divinus
1948 5247 2088 5302 Pau-

2198 5246 2572 5319 βασανιξέσθω
2614 5244 2846 5308 λεπτῶς,
2883 5243 2940 5311 ἐξ
2984 5237 3058 5298 ὦν
3100 5244 3377 5315 γέγραφεν
3421 5243 3585 5307 αὐτος
3625 5246 3651 5297 ό
3676 5244 3751 5297 θε-

527 5331 607 5383 lus
640 5331 955 5398 scripserit:
990 5350 1011 5383 ι
1051 5330 1161 5386 Hoc
1198 5334 1340 5387 enim
1378 5336 1575 5387 sentite
1608 5336 1659 5390 in
1696 5337 1848 5391 vobis
1875 5341 2089 5407 quodet

2196 5341 2417 5403 σπέσιος
2447 5338 2681 5403 Παῦλος,
2709 5358 2728 5390 ι
2756 5337 2928 5391 Τοῦτο
2949 5337 3057 5407 γὰρ
3086 5339 3332 5408 φρονεῖτε
3362 5336 3593 5400 ἕκαστος
3620 5336 3749 5407 ὑμῶν

525 5422 575 5474 in
604 5420 820 5476 Christo
851 5420 977 5477 Jesu
1004 5440 1019 5478 :
1058 5424 1149 5493 qui
1195 5438 1316 5479 cum
1365 5424 1417 5479 in
1445 5426 1613 5481 forma
1643 5426 1734 5482 Dei
1782 5442 1945 5493 esset,
1978 5446 2083 5487 non

2194 5432 2391 5498 αὐτῶν,
2419 5431 2448 5486 ὃ
2489 5432 2582 5485 καὶ
2618 5433 2676 5485 ὲν
2728 5430 2949 5502 Χριστῷ
2985 5428 3157 5497 Ἰησοῦ
3180 5445 3196 5460 ο
3219 5428 3277 5491 δς
3314 5430 3373 5482 ὲν
3418 5431 3601 5500 μορφῇ
3634 5427 3744 5482 Θεοῦ

524 5515 770 5582 rapinam
808 5516 1104 5571 arbitratus
1151 5527 1235 5571 est
1266 5532 1325 5572 se
1350 5532 1470 5574 esse
1514 5522 1775 5590 aequalem
1819 5522 1946 5587 Deo,
1988 5525 2083 5579 sed

2194 5526 2476 5598 ὑπάρχων,
2506 5527 2604 5597 οὐχ
2637 5524 2931 5597 ἁρπαγμὸν
2977 5524 3221 5594 ἡγήσατο
3251 5522 3309 5575 τὸ
3342 5517 3487 5576 εἶναι
3508 5522 3599 5576 ἴσα
3624 5522 3740 5590 Θεῷ,

522 5607 877 5675 semetipsum
911 5608 1229 5676 exinanivit,
1264 5608 1491 5666 formam
1524 5614 1668 5668 servi
1715 5615 2007 5685 accipiens,
2035 5617 2085 5672 in

2192 5618 2306 5673 ἀλλ’
2334 5619 2527 5672 ἑαυτὸν
2556 5618 2811 5680 ἐκένωσε,
2847 5616 3059 5688 μορφὴν
3090 5614 3276 5669 δούλου
3301 5614 3504 5679 λαδὼν,
3531 5616 3589 5668 ὲν
3614 5617 3739 5684 ὁμοι-

520 5698 925 5755 εἰιηίιίιυόὶηοιη
964 5699 1238 5756 hominum
1274 5702 1447 5759 factus
1504 5715 1558 5764 et
1602 5706 1786 5762 habitu
1834 5708 2086 5766 inventus

2191 5708 2371 5781 ὠματι
2418 5709 2704 5780 ἀνθρώπου
2735 5710 3042 5781 γενόμενος,
3096 5710 3189 5762 καὶ
3229 5708 3471 5785 σχήματι
3524 5705 3742 5774 εὑρεθεὶς

588 5876 629 5911 t0
663 5874 815 5932 non],
852 5896 925 5941 lx,
967 5882 1020 5934 5.
1100 5881 1137 5912 ’⁸
1184 5882 1408 5952 l'ltilipp.
1446 5899 1500 5948 tl,
1535 5885 1589 5948 8,
1620 5882 1670 5936 9ι
