3988 6496
211 481 398 541 (301

217 599 327 660 ὡς
397 597 682 668 ἅνθρωπος

226 691 430 752 ήκοος
456 688 620 759 μέχρι
656 687 909 753 θανάτου,
942 686 1173 741 θανάτου
1199 686 1257 742 δὲ
1292 685 1556 752 σταυροῦ·
1587 686 1668 739 διὸ
1700 686 1792 737 καὶ
1828 687 1854 739 ὁ

224 781 400 845 Θεὸς
425 782 589 834 αὑτὸν
620 779 969 851 ὑπερύψωσε,
1004 780 1099 833 καὶ
1134 779 1431 852 ἐχαρίσατο
1464 777 1614 847 αὑτῷ
1642 777 1703 830 τὸ
1735 779 1853 830 δνο-

235 890 361 942 μα,
392 874 459 927 τὸ
484 874 623 944 ὑπὲρ
646 874 753 927 πᾶν
783 872 973 943 δνομα.
996 892 1015 925 ι
1041 874 1215 943 Εἴπερ
1239 866 1332 925 οῦν
1363 873 1479 925 ἐστι
1511 871 1635 924 κατ’
1658 871 1856 931 αὑτοὺς

229 968 271 1019 ὸ
310 968 388 1020 ὲκ
432 967 750 1036 σπέρματος
789 965 883 1019 τοῦ
913 966 1078 1019 Δαϐὶδ
1121 964 1306 1027 ίδικῶς
1334 981 1393 1018 τε
1417 963 1509 1017 καὶ
1540 963 1856 1031 καταμόνας

234 1055 556 1128 νοούμενος
583 1056 890 1128 ἄνθρωπος,
914 1057 975 1111 τὸ
996 1056 1135 1128 ὑπὲρ
1159 1057 1267 1112 πᾶν
1296 1055 1466 1125 ὄνομα
1490 1053 1692 1115 λαϐὼν,
1715 1056 1853 1106 ἀπο·-

236 1148 574 1215 φαινόντων
623 1148 785 1202 αὑτὸν
828 1149 1255 1220 προῦπάρχοντα
1295 1148 1394 1219 μὲν
1424 1148 1482 1200 ὲν
1518 1150 1701 1218 μορφῇ
1758 1146 1853 1199 τοῦ

236 1240 426 1306 Θεοῦ,
453 1242 550 1312 οὐχ
579 1242 937 1313 ἡγησάμενον
963 1242 1019 1295 δὲ
1042 1241 1340 1312 ἁρπαγμὸν
1359 1240 1420 1293 τὺ
1441 1234 1581 1293 εἶναι
1601 1241 1691 1292 ῖσα
1712 1238 1851 1309 Θεῷ,

239 1334 353 1386 καὶ
376 1334 517 1404 πρός
538 1350 600 1402 γε
616 1334 813 1405 τούτῳ,
827 1334 1061 1388 λαόόντα
1076 1334 1178 1406 τὴν
1198 1333 1386 1386 δούλου
1410 1332 1646 1406 μορφὴν,
1663 1332 1738 1395 ὡς
1755 1332 1854 1385 οὐκ

241 1424 459 1493 ἔχοντα
485 1425 749 1496 δηλονότι,
780 1427 871 1479 καὶ
897 1427 998 1479 οὑκ
1029 1426 1159 1481 ὄντα
1183 1425 1342 1479 τοῦτο
1374 1426 1504 1492 πρὶν
1532 1424 1692 1496 λάϐῃ.
1717 1424 1854 1477 Καί-

240 1535 364 1581 τοι,
390 1517 539 1572 καθά
565 1536 729 1589 φασιν
758 1520 934 1582 αὑτοὶ,
958 1520 1052 1572 καὶ
1087 1522 1305 1591 φρονεῖν
1333 1517 1663 1586 ἐγνώκασιν,
1693 1516 1853 1581 αὑτός

244 1612 415 1664 ἔστιν
446 1614 479 1682 ἡ
535 1612 630 1665 τοῦ
660 1612 849 1665 δούλου
898 1613 1105 1684 μορφή.
1156 1607 1290 1665 Εἶτα
1329 1612 1444 1676 πῶς
1475 1611 1543 1677 ἂν
1574 1611 1745 1682 αὐτὴν
1778 1610 1854 1675 ὼς

243 1704 361 1757 οὐκ
384 1702 526 1774 ἔχων
556 1704 745 1771 λάϐοι;
782 1704 900 1768 πῶς
936 1704 981 1759 δ’
1017 1704 1083 1759 ἂν
1112 1704 1205 1759 καὶ
1250 1704 1536 1777 ἄνθρωπος
1572 1706 1629 1759 ὲν
1658 1703 1855 1775 ὁμοιώ·

248 1807 401 1860 ματι
434 1790 737 1863 ἀνθρώπων
775 1794 1033 1862 γενέσθαι
1071 1797 1279 1859 νοοῖτο;
1317 1796 1625 1867 εὑρίσκοιτο
1667 1795 1723 1849 δὲ
1758 1794 1853 1849 καὶ

246 1878 337 1943 ὡς
386 1880 677 1953 ἄνθρωπος
728 1885 1007 1955 σχήματι;
1059 1885 1148 1957 ἄρ’
1198 1882 1292 1946 οὖν
1357 1886 1741 1958 περιτρέψειεν
1786 1886 1853 1940 ἂν

1398 475 1589 544 QU‘JD
1633 474 1821 533 UNL’S
1859 474 1966 531 SIT
2005 476 2373 535 CHRISTUS.

768 595 1133 649 ἐταπείνωσεν
1179 592 1370 649 ἑαυτὸν
1417 595 1711 665 γενόμενος
1746 594 1849 646 ὑπ·
1882 648 1883 652 η

1962 602 2013 649 ut
2070 595 2251 650 homo.
2300 594 2616 651 llumiliavit
2656 594 3013 662 semetipsum
3067 589 3246 645 factus
3290 588 3556 645 obediens

3415 473 3436 527 1
3449 469 3555 528 30!

1961 701 2130 757 usque
2162 688 2228 743 ad
2265 696 2520 751 mortem,
2556 696 2787 742 mortem
2839 693 3022 739 autem
3059 682 3264 739 crucis.
3317 680 3554 750 Propter

1959 778 2103 845 quod
2140 788 2197 832 et
2225 776 2368 833 Deus
2391 777 2654 833 exultavit
2687 777 2869 838 illum,
2902 785 2958 830 et
2984 774 3210 829 donavit
3244 772 3322 826 illi
3351 786 3553 826 nomen

1954 868 2100 937 quod
2132 876 2217 924 est
2257 885 2425 939 super
2463 886 2625 925 omne
2667 884 2865 923 nomen
2900 867 2965 921 η.
3007 886 3026 919 ι
3066 866 3123 921 Si
3167 879 3321 935 ergo,
3360 872 3418 917 ut
3450 862 3553 932 ipsi

1959 960 2164 1025 volunt,
2194 962 2239 1017 is
2273 964 2365 1033 qui
2390 974 2475 1019 est
2513 978 2581 1019 ex
2617 962 2826 1018 semine
2872 959 3040 1014 David
3088 958 3445 1029 peculiariter
3488 970 3554 1010 ac

1956 1050 2132 1106 solum
2176 1062 2433 1109 censetur
2471 1054 2679 1119 homo,
2726 1060 2953 1120 accepto
3001 1050 3224 1105 nomine
3275 1048 3419 1119 quod
3470 1056 3557 1102 est

1956 1158 2123 1212 super
2154 1161 2318 1202 omne
2344 1162 2564 1214 nomen,
2592 1162 2738 1201 cum~
2762 1145 2862 1214 ipsi
2896 1151 3144 1198 statuant
3192 1142 3371 1211 ipsum
3403 1138 3557 1209 prius

1956 1242 2234 1296 exstitisse
2271 1241 2491 1309 quidem
2545 1240 2598 1293 in
2641 1238 2814 1293 forma
2862 1237 2980 1303 Dei,
3016 1251 3123 1291 non
3159 1250 3288 1289 vero
3315 1232 3553 1287 arbitra-

1959 1342 2072 1388 tum
2104 1346 2227 1388 esse
2260 1331 2506 1402 rapinam
2538 1346 2663 1387 esse
2689 1330 2957 1401 arqualem
3011 1332 3140 1393 Deo,
3174 1342 3239 1382 ac
3292 1336 3556 1397 prmterea

1957 1426 2235 1496 accepisse
2262 1423 2494 1480 formam
2528 1424 2697 1489 servi,
2729 1423 2990 1477 nimirum
3030 1429 3089 1489 ut
3119 1434 3182 1475 ea
3216 1434 3321 1473 non
3360 1417 3559 1487 ρι’ωαί-

1960 1528 2095 1583 tum,
2143 1533 2321 1587 neque
2376 1517 2734 1572 exsistentem
2786 1514 2837 1571 id
2902 1523 3196 1583 antequam
3256 1510 3554 1579 acciperet.

1955 1611 2224 1681 Cumque,
2264 1618 2323 1664 ut
2359 1610 2462 1680 ipsi
2503 1610 2693 1665 dicunt
2738 1617 2796 1664 et
2839 1608 3052 1665 sentire
3097 1604 3303 1671 solent,
3332 1603 3451 1673 ipse
3484 1602 3559 1658 sit

1957 1701 2119 1774 742
2143 1700 2285 1757 servi
2320 1701 2536 1756 forma:
2570 1714 2808 1771 quonam
2855 1706 3016 1770 pacto
3051 1711 3172 1751 eam
3227 1703 3425 1750 utnon
3460 1692 3558 1747 lia-

1958 1797 2090 1851 bens
2124 1794 2404 1867 accipiat?
2429 1794 2823 1865 autquomodo
2852 1792 3021 1848 etiam
3059 1796 3223 1845 homo
3258 1790 3310 1844 in
3363 1787 3558 1843 simili-

1960 1890 2204 1945 tudinem
2244 1887 2528 1945 hominum
2555 1886 2738 1941 l'actus
2769 1882 3167 1954 intelligatur?
3191 1890 3285 1954 aut
3308 1879 3557 1935 invenia-

246 1969 467 2035 αὐτοὺς
500 1976 592 2026 καὶ
625 1974 723 2044 οὑχ
754 1954 1002 2040 ἑκόντας,
1032 1954 1134 2048 uel;
1171 1994 1287 2041 πως
1318 1954 1676 2032 τῶν-ἑννοιίῦν
1701 1980 1733 2051 ἡ
1766 1978 1855 2033 δύο

1963 1992 2050 2036 tur
2081 1982 2248 2036 etiam
2280 1978 2469 2035 habitu
2498 1986 2557 2033 ut
2584 1976 2789 2032 homo?
2828 1973 2950 2047 Ipsa
3003 1977 3189 2044 itaque
3220 1973 3560 2043 contempla-

254 2076 451 2131 ναμις,
487 2062 579 2116 ἐπί
614 2080 674 2133 γε
704 2064 763 2117 τὸ
786 2064 895 2117 δεῖν
926 2065 1124 2119 εἰδέναι
1154 2065 1215 2119 τὸ
1240 2067 1460 2138 ἀληθές.

334 2246 397 2303 Β.
440 2246 513 2299 Τὸ
544 2247 696 2300 ποῖον
716 2263 729 2311 ;

331 2342 402 2396 Δ.
452 2339 510 2393 ’0
536 2339 646 2412 γὰρ
682 2340 945 2412 ὑπάρχων
978 2342 1037 2395 ὲν
1075 2343 1259 2413 μορφῇ
1294 2342 1387 2396 τοῦ
1428 2341 1565 2397 Θεοῦ
1610 2343 1705 2397 καὶ
1742 2344 1855 2397 Πα-

255 2432 394 2501 τρὸς
422 2431 554 2495 Θεὸς
578 2432 772 2501 Λόγος,
807 2433 834 2485 ό
863 2432 964 2504 τῆς
986 2433 1339 2498 ὑποστάσεως
1363 2433 1529 2509 αὑτοῦ
1552 2436 1854 2509 χαρακτὴρ,

254 2528 285 2577 ὁ
320 2524 469 2578 κατὰ
500 2526 608 2579 πᾶν
655 2524 835 2578 ὁτιοῦν
873 2524 1147 2597 ίσομερῶς
1184 2525 1324 2597 ἔχων
1355 2527 1435 2598 τῷ
1469 2528 1723 2597 φύσαντι,
1766 2545 1857 2582 κε-

255 2616 510 2670 κένωκεν
536 2616 749 2671 ἑαυτόν.

335 2708 398 2762 Β.
442 2710 549 2763 Καὶ
572 2710 702 2763 ποία
724 2710 809 2775 τίς
831 2710 980 2764 ἐστιν
1004 2712 1037 2782 ἡ
1070 2710 1332 2777 κένωσιςς

336 2800 400 2855 Δ.
441 2800 514 2853 Τὸ
544 2802 602 2855 ὲν
637 2802 940 2875 προσλήψει
970 2802 1224 2873 γενέσθαι
1258 2803 1482 2876 σαρκὸς,
1518 2805 1610 2859 καὶ
1638 2806 1697 2859 ἐν
1736 2804 1856 2860 δού-

257 2888 357 2942 λου
394 2894 600 2963 μορφῇ,
628 2894 661 2963 ἡ
690 2892 824 2965 πρὸς
854 2893 1004 2963 ἡμᾶς
1036 2893 1301 2964 ὁμοίωσις
1329 2894 1421 2949 τοῦ
1452 2894 1527 2967 μὴ
1553 2895 1674 2950 καθ’
1706 2897 1856 2967 ἡμᾶς

261 2980 390 3034 κατ’
422 2982 559 3037 ίδίαν
600 2983 787 3053 φύσιν,
820 2982 935 3036 ἀλλ’
966 2984 1106 3054 ὑπὲρ
1138 2986 1322 3039 πᾶσαν
1350 2984 1504 3049 ὄντος
1528 2985 1628 3056 τὴν
1655 2985 1853 3040 κτίσιν.

263 3073 424 3127 Οῦτω
461 3076 863 3129 τεταπείνωκεν
905 3077 1121 3142 ἑαυτὸν,
1165 3076 1355 3141 καθεὶς
1393 3076 1753 3148 οἰκονομικῶς
1797 3078 1857 3130 ἐν

262 3166 378 3225 τοῖς
409 3166 510 3236 τῆς
548 3165 970 3237 ὰνθρωπότητος
1022 3167 1263 3239 μέτροις.
1310 3167 1451 3221 Ἀλλ’
1482 3163 1551 3239 ἦν
1576 3168 1669 3223 καὶ
1710 3167 1857 3224 οὕτω

1962 2073 2170 2128 tionum
2208 2073 2289 2126 vis
2314 2085 2409 2127 eos
2439 2068 2607 2127 etiam
2638 2067 2845 2125 invitos
2886 2067 2955 2123 sd
2991 2066 3247 2124 veritatis
3282 2064 3557 2139 cognitio-

1959 2178 2079 2217 nem
2107 2160 2418 2232 compellat.

2030 2255 2088 2310 Β.
2124 2253 2471 2324 Cuiusnam?

1994 2348 2096 2399 'A.
2132 2344 2276 2402 Deus
2317 2344 2461 2401 enim
2503 2341 2741 2399 Verbum
2787 2338 2842 2397 ln
2896 2339 3074 2398 forma
3120 2340 3215 2397 Dei
3268 2355 3334 2396 ac
3375 2338 3559 2397 Patris

1958 2439 2336 2507 exsistens,et
2379 2438 2669 2492 character
2712 2433 2970 2491 essentia:
3019 2434 3212 2505 ipsius,
3241 2434 3336 2505 qui
3375 2431 3558 2488 enmi-

1959 2530 2119 2584 moda
2172 2528 2531 2585 similitudine
2578 2526 2728 2583 Patri
2776 2526 3008 2599 aequalis
3070 2534 3198 2592 est,
3250 2524 3557 2582 exinanivit

1956 2620 2335 2691 semetipsum.

2034 2708 2097 2765 Β.
2125 2709 2387 2778 Quasnam
2418 2723 2549 2765 vero
2578 2707 2771 2765 estan
2802 2706 3137 2764 exinaniuo?

2032 2798 2097 2856 Δ.
2124 2798 2447 2870 Assumptio
2474 2798 2661 2855 carnis
2692 2807 2748 2854 et
2778 2798 2969 2854 formas
3005 2796 3249 2865 servilis,
3274 2806 3329 2853 el
3360 2797 3557 2854 simill-

1957 2892 2090 2948 tudo
2120 2892 2317 2958 nostri,
2350 2890 2467 2959 ejus
2496 2892 2588 2962 qui
2610 2891 2765 2963 juxta
2791 2906 2945 2946 suam
2978 2900 3231 2946 naturam
3265 2890 3423 2947 nobis
3459 2906 3557 2947 ne-

1958 3000 2228 3055 quaquam
2267 2984 2465 3041 similis
2505 2993 2611 3049 est,
2644 2984 2738 3039 sed
2786 3000 3007 3041 omnem
3044 2994 3352 3040 creaturam
3397 2983 3562 3056 longe

1956 3086 2197 3145 superat.
2220 3075 2295 3130 lta
2320 3075 2628 3131 humiliavit
2650 3077 2915 3146 seipsum,
2936 3076 3234 3132 demittens
3256 3090 3315 3133 se
3340 3092 3436 3147 per
3459 3077 3559 3132 ad-

1960 3168 2420 3224 ministrationem
2454 3168 2508 3223 in
2549 3183 2720 3224 carne
2743 3168 2812 3223 ad
2851 3169 3103 3223 humanae
3130 3179 3339 3225 natura:
3372 3171 3562 3227 condio

262 3256 419 3329 Θεὸς,
468 3257 543 3321 ὡς
596 3257 669 3330 μὴ
724 3258 877 3312 δοτὸν
923 3258 1063 3329 ἔχων
1111 3259 1172 3311 τὸ
1203 3258 1383 3327 φύσειε
1428 3260 1634 3330 προσὸν
1681 3260 1883 3341 αὑτῷη

1964 3259 2188 3316 tionem.
2222 3260 2495 3317 Caaterum
2528 3270 2648 3317 erat
2669 3262 2834 3317 etiam
2872 3263 2976 3317 hoc
3002 3272 3161 3332 pacto
3186 3262 3351 3329 Deus,
3372 3272 3561 3333 utpote

265 3349 559 3421 Τοιγάρτοι
620 3351 713 3404 καὶ
752 3351 959 3421 ἔφασκε
1015 3351 1151 3423 πρὸς
1183 3350 1277 3405 τὸν
1328 3352 1387 3404 ἐν
1436 3353 1549 3415 τοῖς
1605 3351 1855 3422 οὐρανοῖς

268 3443 489 3516 Πατέρα
523 3444 615 3498 καὶ
643 3445 794 3501 Θεόν⁹
834 3463 852 3496 ε
886 3446 1091 3518 Πάτερ,
1137 3445 1361 3513 δόξασόν
1401 3463 1469 3516 με
1518 3448 1586 3516 τῇ
1637 3445 1787 3517 δόξῃ,
1819 3440 1854 3520 ᾖ

267 3526 430 3603 εἶχον,
477 3532 575 3607 πρὸ
609 3534 703 3587 τοῦ
730 3534 820 3587 τὸν
850 3535 1056 3605 κόσμον
1087 3532 1247 3602 εἶναι,
1283 3535 1434 3607 παρὰ
1458 3536 1561 3589 σοί.
1588 3555 1607 3587 ι
1636 3536 1712 3589 Οὑ
1746 3535 1856 3607 γάρ

266 3639 350 3678 ⁸τοι
380 3626 537 3692 φαῖεν
555 3622 642 3690 ἂν,
667 3621 821 3695 οἶμαί
852 3643 976 3691 που,
1004 3626 1345 3697 προκόσμιον
1394 3627 1554 3692 δόξαν
1596 3626 1672 3691 ὡς
1718 3628 1855 3681 ίδίαν

269 3716 460 3782 αἰτεῖν,
489 3715 584 3769 τὸν
620 3716 683 3769 ὲκ
722 3716 1041 3787 σπέρματος
1073 3716 1167 3770 τοῦ
1204 3717 1369 3770 Δαϐὶδ
1396 3720 1454 3769 ὲν
1480 3717 1733 3788 ἐσχάτοις
1759 3718 1853 3771 τοῦ

269 3808 459 3871 αἰῶνος
485 3808 749 3879 τεχθέντα
793 3812 1025 3880 καιροῖς,
1067 3808 1225 3880 εἴπερ
1260 3810 1408 3863 ἐστὶν
1449 3811 1638 3881 ἕτερος
1672 3810 1855 3874 ίδικῶς

271 3898 395 3963 Υἱὸς
430 3901 580 3970 παρὰ
609 3901 700 3954 τὸν
726 3901 884 3971 φύσει
913 3918 972 3954 τε
1005 3901 1098 3955 κα)⁸
1127 3901 1364 3969 ἀληθῶς,
1402 3901 1601 3974 Θεοπρε
1614 3904 1852 3975 πεστάτη

268 3991 324 4047 δὲ
363 3992 563 4062 μᾶλλον
591 3991 679 4063 εἴη
696 3991 761 4045 ἂν
793 3992 827 4063 ἡ
859 3992 1037 4045 τοιάδε
1075 3993 1251 4064 φωνή.
1280 3992 1431 4046 Ἔδει
1462 3993 1593 4065 γὰρ,
1617 3993 1726 4048 ἔδει
1759 3996 1855 4049 καὶ

271 4086 380 4145 τοῖς
414 4085 514 4154 τῆς
572 4082 999 4155 ἁνθρωπότητος
1042 4083 1209 4137 αὑτὸν
1253 4084 1706 4155 συμπλάττεσθαι
1753 4087 1854 4156 μὲ-

271 4192 434 4247 τροις,
468 4175 563 4228 καὶ
606 4176 979 4247 ἀπαράσημον
1015 4174 1160 4246 ἔχειν
1188 4175 1287 4246 τῆς
1319 4175 1661 4248 θεοπρεποῦς
1696 4179 1855 4246 ἀξίας

271 4266 365 4337 τὴν
395 4266 669 4346 ὑπεροχὴν
690 4267 963 4331 οὑσιιυδῶς
988 4266 1213 4321 ἐνοῦσαν
1239 4268 1408 4337 αὐτῷ,
1430 4268 1683 4339 καθάπερ
1715 4271 1854 4340 ἀμέ-

275 4360 350 4412 λει
382 4359 567 4430 καὶτῷ
602 4360 798 4431 Πατρί.
819 4360 972 4413 Ἐπεὶ
1001 4361 1123 4414 τίνα
1148 4360 1350 4432 τρόπον
1372 4360 1571 4433 ἀληθὲς
1600 4362 1716 4429 τὸ,‹
1741 4364 1855 4417 Οὑκ

275 4451 419 4506 ἔσται
452 4454 509 4505 ὲν
542 4454 627 4507 σοὶ
648 4452 780 4517 Θεὸς
812 4454 1179 4522 πρόσφατος,ι
1209 4454 1344 4523 εἴγε
1378 4454 1707 4509 θεοποιεῖται
1730 4458 1853 4510 κατ’

277 4544 465 4607 αὑτοὺς
487 4544 773 4616 ἄνθρωπος
809 4546 1076 4616 συναφείᾳ
1108 4548 1174 4617 τῇ
1213 4546 1349 4618 πρὸς
1374 4546 1466 4600 τὸν
1500 4547 1693 4617 Λόγον,
1730 4550 1855 4601 σύν-

1961 3352 2056 3420 qui
2107 3351 2159 3406 id
2209 3351 2354 3421 quod
2399 3366 2469 3406 ex
2518 3360 2713 3407 natura
2757 3366 2855 3406 sua
2884 3352 3073 3418 habet,
3110 3368 3217 3407 non
3262 3355 3557 3424 acceperit.

1958 3442 2196 3500 Proinde
2245 3452 2300 3498 et
2355 3442 2422 3498 ad
2465 3444 2750 3499 caelestem
2794 3443 3013 3498 Patrem
3068 3459 3133 3500 ac
3168 3446 3350 3501 .Deum
3397 3446 3563 3511 dixit,

1964 3554 1983 3587 ι
2017 3533 2204 3600 Pater,
2252 3533 2499 3604 gloriﬂca
2540 3550 2627 3589 me
2657 3550 2722 3589 ea
2768 3534 2940 3603 gloria
2971 3550 3137 3604 quam
3186 3536 3351 3591 habui
3398 3548 3557 3593 ante-

1960 3640 2123 3696 quam
2180 3625 2415 3682 mundus
2472 3636 2652 3693 esset,
2698 3626 2842 3697 apud
2881 3636 2934 3681 te
2984 3627 3049 3682 ’³.
3108 3647 3127 3680 ›
3175 3625 3363 3698 Neque
3412 3630 3558 3686 enim

1958 3718 2221 3781 dixerint,
2249 3718 2510 3784 arbitror,
2544 3717 2773 3790 gloriam
2799 3733 2920 3788 quae
2953 3729 3079 3773 ante
3104 3721 3558 3779 constitutionem

1959 3809 2147 3865 mundi
2190 3810 2315 3877 fuit,
2352 3821 2613 3881 tanquam
2648 3811 2928 3880 propriam
2967 3820 3157 3881 petere
3188 3828 3312 3866 eum
3345 3814 3437 3883 qui
3484 3828 3555 3869 ex

1956 3904 2169 3959 semine
2207 3902 2380 3958 David
2411 3902 2729 3959 novissimis
2770 3903 2960 3958 saeculi
3013 3904 3361 3974 temporibus
3390 3914 3557 3962 natus

1958 3993 2081 4061 fuit,
2111 3995 2157 4050 si
2190 4003 2278 4049 est
2300 3993 2441 4049 alius
2474 3994 2707 4050 seorsim
2739 3993 2913 4051 Filius
2944 3996 3013 4051 ab
3046 4010 3115 4050 eo
3156 3996 3248 4065 qui
3288 3995 3558 4052 naturali-

1961 4096 2042 4142 ter
2071 4101 2135 4141 ac
2172 4100 2304 4142 vere
2338 4085 2392 4141 id
2420 4094 2527 4151 est,
2560 4087 2656 4143 sed
2688 4088 2871 4158 potius
2895 4102 2959 4143 ea
2988 4102 3090 4142 vox
3117 4088 3396 4143 divinitati
3427 4103 3558 4144 con-

1958 4178 2231 4234 veniebat.
2266 4177 2527 4247 Oportnit
2559 4180 2706 4234 enim
2747 4180 2899 4235 illum
2953 4189 3011 4235 et
3056 4181 3311 4236 humanm
3348 4192 3560 4237 natura:

1958 4270 2177 4326 modulo
2212 4269 2571 4336 conformari,
2609 4282 2775 4340 atque
2830 4273 3097 4343 integram
3146 4273 3345 4328 divinas
3380 4273 3561 4343 digni-

1958 4361 2089 4416 tatis
2150 4358 2529 4416 excellentiam
2584 4362 2871 4427 retinere,
2906 4358 3282 4414 essentialiter
3335 4360 3389 4413 in
3441 4360 3560 4428 ipso

1957 4451 2341 4516 exsistentem,
2378 4452 2521 4506 sicut
2553 4460 2609 4506 et
2651 4451 2705 4504 in
2736 4450 2919 4505 Patre.
2961 4448 3244 4519 Siquidem
3279 4450 3558 4520 quomodo

1956 4555 2143 4597 verum
2173 4541 2279 4596 erit
2309 4540 2441 4595 illud
2470 4557 2484 4595 :
2528 4558 2547 4592 ι
2573 4538 2690 4595 Non
2711 4539 2815 4595 erit
2844 4540 2896 4594 in
2935 4550 2987 4595 te
3018 4539 3163 4595 Deus
3196 4555 3395 4597 recens
3415 4541 3483 4608 ⁸⁵,
3532 4558 3553 4595 ι

277 4634 456 4707 θρονός
488 4654 548 4689 τε
595 4638 690 4690 καὶ
720 4637 977 4702 κοινωνὸς
1010 4636 1088 4709 τῷ
1118 4638 1295 4709 Πατρῖ
1333 4639 1433 4711 τῆς
1476 4640 1634 4707 ἀξίας
1658 4641 1852 4695 ἀναδε-

1962 4634 2003 4690 si
2059 4634 2214 4703 juxta
2267 4634 2483 4689 illorum
2540 4632 2855 4704 opinionem
2911 4633 3077 4689 homo
3128 4633 3366 4691 efﬁcitur
3413 4632 3561 4691 Deus

275 4725 385 4796 δειγ
432 4725 549 4791 ἐνος
570 4744 585 4794 ;

344 4909 401 4964 Β.
435 4904 511 4965 Εὖ
548 4907 705 4981 ἔφης.

342 5003 403 5057 Δ.
438 5002 564 5067 Πῶς
588 5003 631 5057 δ’
662 5003 730 5057 ἂν
751 5005 945 5072 νοῆσαι
973 5003 1174 5075 πρέποι
1200 5003 1261 5056 τὸ
1287 5003 1373 5057 διὰ
1390 5004 1489 5075 τῆς
1514 5003 1609 5056 τοῦ
1639 5003 1853 5058 Παύλου

277 5098 451 5170 φωνῆς
504 5099 684 5168 σοφῶς
726 5098 1047 5171 εἰρημένονι
1101 5116 1119 5148 ι
1158 5096 1220 5151 El
1256 5098 1365 5168 γὰρ
1425 5099 1519 5151 καὶ
1576 5097 1683 5151 elei.
1739 5096 1851 5151 Oeo‘t

281 5190 452 5246 πολλοὶ
475 5190 531 5244 ἐν
555 5208 613 5243 τε
651 5190 866 5262 οὐρανῷ
904 5193 997 5245 καὶ
1023 5191 1119 5243 ἐπὶ
1146 5189 1271 5260 γῆς,
1298 5189 1414 5243 ἀλλ’
1439 5192 1570 5260 ἡμῖν
1599 5185 1678 5253 εἷς
1718 5190 1851 5254 Θεὸς

282 5284 308 5337 ὸ
330 5281 530 5352 Πατὴρ,
566 5281 624 5348 ἐξ
662 5273 723 5333 οὗ
755 5280 1062 5343 τὰπάντα,
1097 5280 1193 5332 καὶ
1233 5281 1395 5350 ἡμεῖς
1433 5277 1495 5343 ἐξ
1530 5278 1717 5343 αὑτοῦ,
1755 5280 1850 5331 καὶ

286 5368 356 5437 εἷς
393 5374 595 5445 Κύριος
637 5372 846 5442 Ἰησοῦς
900 5373 1154 5444 Χριστὸς,
1199 5370 1268 5424 δι’
1318 5366 1379 5425 οῦ
1418 5372 1485 5424 τὰ
1525 5371 1721 5436 πάντα,
1754 5374 1851 5424 καὶ

285 5468 427 5537 ἡμεῖς
456 5466 523 5519 δι’
547 5464 733 5519 αὑτοῦ.
765 5485 781 5517 ι
813 5466 959 5528 Ἔνος
994 5466 1049 5518 δὲ
1080 5465 1234 5527 ὄντος
1265 5465 1470 5535 Κυρίου
1512 5464 1685 5533 Ἰησοῦ
1718 5466 1852 5534 Χρι-

288 5555 417 5621 στοῦ,
445 5558 538 5611 καὶ
562 5557 629 5610 δι’
653 5557 819 5610 αὑτοῦ
844 5559 911 5611 τὰ
946 5560 1124 5612 πάντα
1155 5557 1431 5629 παρῆχοαι
1470 5559 1607 5629 πρὸς
1636 5559 1851 5627 γένεσιν

287 5644 338 5701 ιὺ
376 5648 516 5719 μάλα
543 5648 898 5719 διειρηκότος,
924 5652 975 5702 τί
1010 5650 1303 5721 δράσομεν,
1331 5645 1375 5703 ὧ
1401 5654 1659 5719 γενναῖοι,
1686 5651 1853 5722 6109'.-

288 5740 471 5807 (όντων
521 5742 676 5812 ὑμῶν
730 5743 823 5796 τοῦ
878 5743 1281 5813 ἀναληφθέντος
1335 5745 1649 5816 ἀνθρώπου,
1708 5747 1854 5801 καθά

354 5917 389 5949 ³³
425 5915 659 5986 Philipp.
691 5932 749 5977 Il,
782 5917 896 5972 5-9.
981 5916 1201 5975 "Joan.
1244 5936 1372 5975 xm.
1428 5919 1477 5971 Ii.

1956 4741 2055 4797 per
2090 4725 2537 4795 coniunctionem
2574 4740 2699 4779 cum
2734 4723 2940 4792 Verbo,
2976 4740 3228 4782 assessor
3280 4734 3337 4783 et
3384 4728 3557 4799 parti-

1956 4835 2085 4891 ceps
2119 4819 2310 4892 glorias
2335 4834 2458 4876 cum
2490 4817 2656 4875 Patre
2685 4818 3048 4875 declaratus?

2026 4914 2089 4969 Β.
2128 4915 2298 4969 Recte
2328 4914 2485 4970 dicis.

2028 5008 2094 5062 Α.
2126 5006 2409 5075 Quomodo
2449 5016 2635 5063 autem
2677 5005 2906 5077 intelligi
2944 5006 3122 5076 possit
3160 5005 3292 5061 illud
3326 5022 3357 5061 a
3389 5005 3561 5063 Paulo

1960 5100 2236 5170 sapienter
2283 5099 2508 5164 dictum,
2550 5117 2569 5150 ι
2610 5099 2669 5153 Si
2705 5100 2853 5153 enim
2908 5098 3072 5153 etiam
3121 5106 3252 5154 sunt
3297 5098 3371 5153 dii
3404 5098 3560 5153 multl

1962 5193 2015 5248 in
2050 5192 2193 5248 ctelo
2227 5201 2283 5247 et
2309 5191 2364 5246 in
2394 5200 2541 5247 terra
2579 5208 2592 5244 :
2643 5200 2701 5245 at
2730 5190 2888 5245 nobis
2918 5205 3060 5246 unus
3095 5190 3240 5245 Deus
3260 5188 3445 5257 Pater,
3491 5206 3573 5246 ex.

1962 5299 2070 5355 quo
2106 5283 2314 5349 omnia,
2356 5292 2412 5337 et
2432 5297 2533 5338 nos
2556 5297 2622 5337 ex
2656 5284 2776 5353 ipso
2801 5299 2817 5349 ;
2842 5290 2897 5337 et
2929 5298 3072 5337 unus
3104 5281 3368 5337 Dominus
3398 5280 3562 5339 Jesus

1961 5376 2232 5440 Christus,
2269 5390 2366 5445 per
2388 5389 2552 5445 quem
2583 5378 2791 5439 omnia,
2831 5384 2887 5431 et
2929 5389 3029 5429 nos
3060 5390 3157 5445 per
3193 5376 3370 5442 ipsum
3406 5374 3491 5430 ⁸⁸2
3528 5394 3547 5429 ι

1959 5464 2093 5521 Cum
2138 5481 2266 5521 vero
2311 5480 2452 5519 unus
2510 5465 2583 5521 sit
2637 5465 2903 5523 Dominus
2948 5465 3106 5521 Jesus
3162 5466 3449 5529 Christus.
3502 5476 3561 5522 et

1962 5575 2057 5630 per
2098 5559 2274 5628 ipsum
2314 5558 2500 5612 omnia
2540 5558 2607 5612 ad
2653 5568 2833 5613 ortum
2891 5559 3125 5613 addueta
3179 5572 3304 5613 esse
3352 5557 3558 5614 Paulus

1964 5657 2267 5713 rectissime
2298 5656 2443 5711 dicat
2472 5673 2484 5709 :
2524 5656 2652 5726 quid
2691 5670 2935 5725 agemus,
2977 5655 3103 5710 boni
3141 5655 3268 5721 viri,
3303 5670 3426 5710 cum
3458 5668 3557 5709 vos

1962 5754 2301 5813 assumptum
2360 5746 2535 5809 illum,
2587 5754 2648 5800 ut
2701 5745 2907 5809 dicitis,
2959 5745 3241 5801 hominem
3292 5762 3321 5800 a
3375 5743 3555 5801 Verbo

1562 5918 1603 5949 “
1632 5920 1798 5973 Exod.
1851 5937 1942 5983 τι,
1969 5920 2037 5985 5',
2071 5918 2207 5973 Paul
2246 5937 2409 5986 Lux,
2451 5922 2528 5974 l0.
2615 5918 2697 5974 "l
2735 5921 2864 5976 (Ior.
2901 5936 3024 5984 \‘ttt,
3063 5919 3196 5990 5,6.
