3988 6492
465 424 597 484 1503

1480 420 1537 476 S.
1579 419 1855 477 CY-ltllLl
1896 417 2358 474 ALEXANDRINI
2399 414 2718 472 ARClllEP.

3604 404 3723 462 ιεῆι

462 550 606 616 quod
636 564 699 601 cx
724 544 883 599 Patre
910 554 1146 614 genitum
1188 552 1293 608 est,
1324 542 1708 613 distinguatis?
1734 551 1823 595 aut
1858 556 2017 611 quem

2157 558 2283 602 ιατε,
2304 540 2394 593 τὸν
2428 543 2491 593 ὲκ
2511 539 2647 592 Θεοῦ
2677 537 2884 607 Ιιατρὸς
2919 536 3131 603 Λόγοιη
3170 532 3290 586 τένα
3322 530 3595 599 γενέσθαι
3627 546 3718 595 τισι

463 654 583 694 esse
617 640 858 692 dicemus
888 637 1126 690 omnium
1157 646 1310 690 ortus
1334 645 1608 690 auctorem
1633 636 1656 687 ?

540 729 599 781 Β.
632 728 761 781 Eum
808 729 899 797 qui
949 738 1033 781 est
1080 726 1172 782 Dei
1228 727 1406 783 Patris
1443 727 1739 782 secundum
1780 735 2025 782 naturam

468 818 655 883 Filius,
694 819 793 873 huc
825 826 942 881 est,
980 815 1317 888 Unigenitus.

539 913 605 968 Α.
663 910 825 979 Αιουί
874 925 1105 981 magnus
1164 911 1251 965 ille
1293 910 1595 964 divinorum
1650 908 2027 981 mysteriorum

470 1001 787 1054 administer
830 1016 927 1070 per
949 1000 1129 1056 Jesum
1161 1000 1435 1056 Christum
1465 998 1645 1055 omnia
1682 999 1749 1053 ad
1776 1013 1898 1053 esse
1921 1011 2031 1051 tra-

472 1094 629 1145 ducta
673 1090 835 1162 753
870 1107 991 1147 esse
1025 1092 1239 1156 asserit,
1276 1107 1547 1161 unumque
1599 1091 1771 1161 ipsum
1811 1105 1932 1146 esse
1968 1103 2033 1143 ac

468 1184 664 1238 solum.
700 1183 952 1253 Repetam
992 1198 1116 1238 vero
1148 1184 1198 1237 id
1223 1182 1365 1253 quod
1407 1182 1610 1239 Christi
1645 1196 1841 1237 nomen
1875 1181 2028 1235 inve-

470 1275 728 1345 stigantcs
754 1274 1011 1340 diximus,
1043 1274 1183 1343 quod
1228 1274 1480 1328 nimirum
1516 1274 1827 1328 unctionem
1865 1271 2036 1340 signi-

473 1364 615 1416 ticet.
648 1363 779 1428 Quia
810 1364 954 1417 enim
999 1373 1193 1418 unctus
1220 1373 1325 1427 est,
1358 1363 1618 1418 Christus
1650 1363 1845 1432 aliquis
1878 1376 2035 1417 voca-

472 1464 576 1506 tur.
612 1454 719 1506 Aut
761 1454 923 1523 igitur
968 1454 1150 1509 dicant
1180 1454 1411 1510 Verbum
1449 1470 1515 1509 ex
1563 1453 1675 1509 Deo
1711 1454 1765 1507 in
1804 1453 2019 1524 propria

471 1556 564 1593 sua
598 1553 791 1595 natura
834 1552 1053 1597 unctum
1084 1557 1222 1597 esse.
1254 1553 1307 1597 et
1342 1542 1771 1596 sanctiﬁcatione
1797 1554 1892 1608 per
1913 1538 2036 1607 Spi-

475 1634 633 1685 ritum
672 1644 915 1687 sanctum
946 1634 1260 1704 indiguisse,
1289 1634 1663 1703 particepsque
1686 1633 1803 1702 eius
1825 1632 1891 1684 ab
1919 1632 2036 1700 ίῐδθο

475 1723 671 1775 factum
708 1722 905 1789 fuisse;
952 1734 1046 1779 aut
1080 1726 1311 1779 doceant
1356 1738 1465 1793 quo
1502 1734 1658 1794 pacto
1707 1722 2037 1793 intelligatur

472 1813 719 1868 Christus
759 1815 847 1883 qui
885 1830 990 1869 non
1029 1816 1099 1869 sit
1126 1816 1361 1869 unctus?
1399 1815 1667 1883 quomodo
1699 1828 1829 1870 vero
1871 1827 2034 1867 voce-

2133 634 2232 703 μὲν
2273 629 2657 700 γενεσιουργδν
2691 629 2828 683 ὅλων
2853 647 2866 691 ;

2202 724 2261 777 Β.
2304 724 2407 775 Τὸν
2455 724 2519 775 ἐκ
2554 720 2689 774 Θεοῦ
2724 720 2934 791 Πατρός
2978 718 3126 772 κατὰ
3168 719 3330 787 φύσιν
3376 714 3532 779 Tibur,
3574 728 3725 765 τουτ-

2131 818 2246 870 έστι
2290 817 2370 869 έδν
2394 816 2691 885 Μονογενῆ.

2201 911 2266 965 Α.
2320 908 2458 961 Ἀλλ’
2490 908 2587 976 ὅγε
2622 907 2733 959 τῶν
2766 904 2923 957 θείων
2957 905 3090 974 ἡμῖν
3136 902 3463 974 μυστηρίων
3508 903 3732 973 lesson?-

2131 1001 2246 1070 γδς,
2283 999 2374 1054 διὰ
2426 998 2603 1071 Ἰησοῦ
2644 995 2881 1068 Χριστοῦ
2920 996 2988 1049 τὰ
3027 997 3208 1050 πάντα
3250 995 3387 1065 φησι
3434 992 3733 1063 παρῆχθαι

2133 1090 2269 1161 πρὸς
2295 1089 2548 1160 ὓπαρξιν,
2577 1088 2671 1141 ἕνα
2694 1105 2753 1140 τε
2781 1087 2949 1139 αὑτὸν
2977 1084 3118 1140 εἶναι
3150 1086 3245 1139 καὶ
3271 1086 3459 1156 μόνον,
3497 1083 3731 1152 “tvvs.

2136 1199 2299 1252 σομαι
2343 1181 2422 1245 δὲ,
2448 1182 2530 1235 ὄτι
2574 1179 2637 1233 τὸ
2688 1177 2922 1247 Χριστὸς
2962 1177 3131 1247 ὄνομα
3170 1174 3562 1246 βασανίζοντες
3606 1171 3738 1228 ελε-

2135 1291 2325 1345 γομεν,
2368 1273 2451 1326 ὅτι
2508 1271 2743 1343 κρίσεως
2783 1270 2915 1340 ἡμῖν
2961 1266 3265 1337 εἰσκομίζει
3315 1266 3577 1336 δήλωσιν.
3632 1262 3741 1316 Διά

2136 1368 2244 1438 γάρ
2260 1383 2342 1419 τοι
2362 1365 2423 1418 τὸ
2450 1363 2757 1436 κεχρῖσθαι,
2783 1360 3006 1432 χριστὸς
3028 1358 3349 1429 όνομὰζοιτό
3379 1373 3487 1420 τις.
3512 1358 3582 1410 Ἠ
3616 1354 3737 1408 toto

2137 1478 2231 1513 νυν
2262 1458 2572 1527 λεγέτωσαν
2608 1456 2699 1510 τὸν
2730 1459 2795 1510 ὲκ
2826 1452 2962 1507 Θεοῦ
2992 1452 3206 1524 Πατρδς
3235 1450 3428 1519 Λόγον,
3467 1450 3552 1514 εἰς
3586 1447 3742 1501 ἰδίαν

2138 1548 2424 1621 κεκρίσθαι
2473 1547 2667 1617 φύσιν,
2722 1546 2818 1599 καὶ
2858 1547 2918 1598 ὲν
2967 1542 3143 1614 ἐνδείᾳ
3187 1538 3445 1610 γενέσθαι
3500 1537 3598 1593 τοῦ
3634 1537 3742 1591 διὰ

2140 1638 2453 1709 Πνεῦματος
2495 1636 2766 1708 ἀγιασμοῦ
2823 1636 2915 1690 καὶ
2956 1638 3056 1705 τῆς
3102 1635 3196 1687 ἀπ’
3246 1631 3413 1687 αὐτοῦ
3461 1631 3736 1702 μετοχῆς

2139 1730 2306 1799 ἤγουν
2348 1728 2769 1791 διδασκέτωσαν,
2817 1724 2933 1789 πῶς
2973 1724 3039 1778 ἂν
3071 1726 3245 1777 νοοῖτο
3281 1721 3546 1795 Χριστὸς.
3582 1724 3612 1775 δ
3644 1720 3738 1792 μὴ

2139 1820 2534 1891 κεχρισμένοςς
2588 1818 2707 1880 πῶς
2754 1816 2798 1869 δ’
2854 1816 2921 1869 ἂν
2970 1815 3285 1884 καταμόνας
3348 1812 3573 1866 καλοῖτο
3625 1811 3736 1865 καὶ

477 1914 562 1954 tur
602 1902 951 1971 peculiariter
986 1904 1147 1957 etiam
1183 1902 1362 1969 Iesus,
1400 1904 1738 1975 unigenitum
1777 1902 1867 1958 Dei
1900 1902 2036 1958 Ver-

2157 1883 2359 1982 Ἰησοῦς
2405 1913 2433 1964 ὁ
2483 1908 2776 1981 μονογενὴς
2819 1906 2912 1961 τοῦ
2971 1883 3126 1959 Θεοῦ
3159 1906 3366 1974 Λόγος,
3403 1905 3586 1959 καίτοι
3628 1902 3734 1957 τοῦ

475 1995 621 2055 Imm,
669 2010 787 2047 cum
847 1995 1037 2049 beatus
1076 1994 1294 2049 Gabriel
1340 2006 1542 2049 sanctae
1592 1994 1795 2063 Virgini
1845 1995 2036 2050 dicat:

478 2102 495 2132 ι
533 2083 612 2135 Ne
642 2084 853 2147 timeas,
897 2082 1065 2137 Maria
1092 2102 1106 2149 ;
1135 2100 1262 2138 ecce
1297 2084 1440 2138 enim
1471 2085 1746 2154 concipies
1778 2085 1829 2138 in
1862 2094 2038 2149 utero,

476 2184 530 2225 ut
581 2175 756 2241 paries
794 2173 984 2237 lilium,
1019 2183 1075 2229 et
1103 2174 1322 2229 vocabis
1356 2189 1551 2230 nomen
1602 2176 1719 2243 ejus
1754 2174 1942 2230 Jesum
1972 2175 2036 2227 ".

474 2258 590 2325 ipse
636 2261 779 2314 enim
830 2261 1061 2316 salvahit
1096 2261 1353 2332 populum
1394 2277 1551 2315 suum
1597 2276 1625 2315 a
1668 2262 1906 2331 peccatis
1951 2276 2041 2317 eo-

476 2366 590 2402 rum
624 2350 682 2404 ".
722 2368 743 2401 ι
1878 2360 1881 2361 ⁷

546 2441 603 2493 Β.
638 2442 775 2511 Ergo
799 2456 893 2511 per
924 2442 1196 2497 hominem
1228 2452 1423 2498 cuncta
1452 2442 1594 2499 facta
1616 2458 1740 2500 esse
1769 2444 2037 2510 dicemus,

475 2545 528 2585 et
562 2532 651 2600 qui
697 2534 749 2585 in
784 2533 1095 2587 novissimis
1123 2534 1303 2589 saeculi
1335 2535 1669 2604 temporibus
1706 2550 1770 2591 ex
1821 2534 2045 2590 muliere

479 2636 635 2675 natus
665 2630 766 2686 est,
793 2620 1023 2677 Creator
1070 2632 1153 2678 est
1193 2623 1315 2679 caeli
1360 2634 1417 2680 et
1476 2634 1659 2691 terrae,
1700 2639 1761 2679 ac
1808 2624 2045 2679 breviter

478 2712 714 2767 omnium
738 2727 858 2781 qua:
883 2713 935 2767 itt
968 2714 1048 2767 eis
1082 2724 1227 2769 sunt.

553 2805 619 2857 Α.
672 2804 746 2858 lta
775 2806 978 2861 sentias
1006 2814 1236 2876 oportet.
1284 2808 1472 2863 Annon
1500 2809 1668 2875 enim,
1704 2808 1932 2865 obsecro
1972 2818 2044 2873 te,

486 2916 502 2945 ε
542 2894 773 2951 Verbum
821 2911 952 2951 caro
998 2896 1201 2952 factum
1256 2908 1337 2953 est
1366 2897 1449 2953 "?
1489 2918 1509 2953 ι
1541 2914 1719 2954 nonne
1752 2900 2049 2969 appellatur

486 2985 657 3040 Filius
690 2986 962 3040 hominis?
990 3002 1131 3041 anne
1162 2987 1386 3041 formam
1415 2989 1557 3042 servi
1599 2988 1846 3057 accepit?
1872 3002 2050 3044 nonne

483 3077 771 3131 evacuavit
804 3079 1175 3148 semetipsum,
1220 3080 1272 3132 in
1313 3080 1721 3135 similitudinem
1773 3082 2047 3136 hominum

2148 2002 2419 2073 μακαρίου
2454 2000 2697 2072 Γαϐριὴλ
2730 2002 2795 2069 τῇ
2829 1998 2960 2068 ἁγίᾳ
2994 1995 3257 2066 Παρθένῳ
3286 1996 3560 2065 λέγοντοςο
3589 2015 3606 2046 ι
3632 1992 3734 2064 Μὴ

2142 2094 2328 2163 φοϐοῦ,
2352 2093 2602 2163 “aptati:
2623 2092 2729 2145 ἰδοὺ
2756 2093 2865 2162 γὰρ
2888 2090 3131 2161 συλλήψῃ
3161 2090 3218 2141 ὲν
3242 2088 3465 2159 γαστρὶ,
3478 2089 3574 2141 καὶ
3595 2086 3736 2155 τέξῃ

2144 2186 2281 2247 υἱὸν,
2318 2185 2411 2239 καὶ
2461 2184 2713 2246 καλέσεις
2742 2183 2804 2235 τὸ
2846 2183 3018 2253 ὄνομα
3054 2180 3219 2235 αὐτοῦ
3288 2179 3522 2250 Ἰησοῦν.
3553 2178 3736 2240 Αὐτὸς

2143 2278 2251 2348 γὰρ
2286 2275 2447 2329 σώσει
2485 2276 2577 2329 τὸν
2612 2275 2739 2329 λαὸν
2788 2274 2950 2330 αὑτοῦ
2989 2273 3098 2328 άπὸ
3139 2274 3249 2327 τῶν
3297 2272 3587 2345 ἁμαρτιῶν
3628 2271 3732 2326 ab-

2143 2369 2272 2423 τῶν.
2312 2388 2331 2421 ο

2215 2460 2275 2512 Β.
2320 2460 2443 2529 Ἆρ’
2474 2454 2587 2520 οῦν,
2622 2458 2689 2511 δι’
2725 2454 2889 2513 αὐτοῦ
2918 2457 3249 2526 πεποιῆσθαι
3281 2472 3463 2527 φαμεν
3488 2455 3558 2509 τᾶ
3590 2454 3730 2509 πάνυ

2145 2569 2234 2619 τα,
2274 2552 2367 2606 καὶ
2410 2554 2439 2605 ὁ
2477 2552 2535 2603 ὲν
2584 2552 2832 2621 ἐσχάτοις
2876 2549 2966 2603 τοῦ
3016 2549 3211 2611 αἰῶνος
3258 2550 3470 2620 καιροῖς
3521 2547 3620 2617 τὴν
3664 2548 3729 2598 εκ

2148 2644 2404 2713 γυναικὸς
2432 2643 2688 2710 άπότεξιν
2720 2643 2877 2713 έχων,
2908 2642 3240 2714 δημιουργός
3269 2642 3418 2694 ἐστιν
3440 2634 3534 2693 οῦν
3566 2640 3728 2709 οὐρα-

2046 2750 2047 2753 ‘
2149 2732 2239 2787 νοῦ
2273 2734 2369 2787 καὶ
2394 2734 2518 2803 γῆς,
2556 2732 2860 2804 συλλήϐδην
2897 2733 3153 2786 ἁπάντων
3186 2730 3295 2783 τῶν
3320 2731 3379 2783 ὲν
3414 2730 3615 2791 αὐτοῖς.

2218 2825 2283 2876 Α.
2311 2822 2487 2893 Φράζε
2507 2823 2571 2893 δὴ
2588 2818 2679 2876 οῦν
2706 2824 2799 2876 καὶ
2824 2822 3006 2885 αὐτὸς,
3038 2823 3311 2892 ἐρήσομαι
3338 2821 3446 2891 γάρ
3466 2838 3479 2851 σ
3514 2840 3532 2871 ι
3559 2815 3645 2889 ἆρ’
3668 2819 3730 2871 οὗ

2155 2930 2175 2963 ε
2201 2912 2392 2981 γέγονε
2416 2910 2552 2983 σάρξ
2591 2930 2619 2965 ο
2658 2912 2829 2979 Λόγος
2851 2929 2865 2977 ;
2890 2930 2906 2961 ι
2946 2906 3034 2981 ἆρ’
3068 2910 3130 2963 οὐ
3165 2909 3575 2981 κεχρημάτικεν
3604 2908 3732 2970 Υἱὸς

2151 2999 2440 3071 ἀνθρώπου
2466 3018 2481 3066 ;
2508 3001 2609 3054 οὐκ
2634 3000 2791 3053 ἔλαϐε
2819 2999 3003 3053 δούλου
3035 3000 3287 3071 μορφήν;
3324 2999 3427 3052 οὑκ
3460 2999 3731 3051 ἐκένωσεν

2154 3090 2369 3155 ἑαυτὸν,
2396 3091 2454 3141 ὲν
2482 3088 2787 3161 ὁμοιώματι
2814 3087 3117 3159 ἀνθρώπων
3144 3087 3457 3157 γενόμενος,
3483 3087 3577 3139 καὶ
3606 3088 3734 3156 σχή·

487 3170 681 3232 ε’ςιειυε,
712 3178 875 3237 atque
911 3169 1101 3224 habitu
1133 3171 1386 3226 iuventus
1422 3180 1480 3225 ut
1511 3172 1672 3226 homo
1698 3171 1783 3224 "‘l
1812 3172 1883 3226 At
1919 3188 2049 3228 vero

2157 3199 2289 3255 ματι
2333 3181 2578 3253 εὑρεθεὶς
2614 3181 2689 3245 ὡς
2719 3180 3036 3251 άνθρωπος;
3067 3178 3129 3232 Εἰ
3170 3178 3272 3249 μὲν
3313 3171 3406 3230 οὖν
3446 3175 3735 3247 ἀρνοῦνται

483 3260 527 3313 si
568 3259 994 3315 incarnationem
1030 3272 1251 3331 negent,
1284 3264 1458 3318 sancti
1491 3262 1736 3332 discipuli
1764 3262 2051 3333 ohsisteut,

486 3353 726 3407 dicentes
758 3368 775 3407 :u
807 3368 828 3403 ι
864 3352 931 3408 Et
964 3367 1063 3407 nos
1088 3353 1327 3408 vidimus
1366 3364 1423 3409 et
1456 3362 1741 3421 testamur,
1774 3358 1919 3425 quod
1950 3356 2052 3411 Pa-

485 3453 568 3497 ter
599 3443 744 3497 misit
769 3443 963 3499 Félium
986 3444 1325 3499 Salvatorem
1354 3446 1561 3499 mundi.
1593 3445 1910 3517 Quicunque
1932 3462 2056 3504 con-

490 3537 731 3591 ﬁtebitur
766 3538 910 3606 quod
951 3537 1110 3593 Iesus
1148 3548 1230 3592 est
1276 3537 1445 3593 Filius
1489 3539 1605 3602 Dei,
1649 3538 1790 3595 Deus
1835 3540 1887 3595 in
1940 3543 2056 3611 ipso

492 3638 691 3693 manet,
727 3640 781 3683 et
826 3630 942 3699 ipse
989 3630 1040 3684 in
1084 3630 1193 3686 Deo
1227 3632 1293 3684 ⁸⁸.
1328 3650 1346 3683 ι
1389 3630 1453 3685 Et
1492 3648 1680 3687 rursus
1721 3651 1734 3687 :
1776 3651 1796 3684 ι
1848 3632 1905 3688 ln
1955 3635 2057 3690 hoc

488 3724 838 3791 cognoscitur
866 3722 1103 3791 Spiritus
1131 3722 1228 3777 Dei
1252 3739 1264 3774 :
1303 3720 1491 3777 Omnis
1516 3724 1742 3792 spiritus
1762 3726 1856 3795 qui
1887 3726 2055 3780 conli-

492 3823 639 3866 tetur
658 3812 840 3868 Jesum
862 3812 1137 3868 Christum
1162 3813 1213 3867 in
1231 3827 1395 3868 carne
1420 3814 1646 3894 venisse.
1666 3829 1733 3870 ex
1758 3816 1865 3871 Deo
1888 3826 2061 3883 est;et

492 3906 670 3961 omnis
694 3906 933 3976 spiritus,
962 3906 1054 3975 qui
1073 3920 1178 3960 non
1200 3906 1487 3961 confitetur
1502 3905 1707 3972 Jesum,
1727 3922 1790 3961 ex
1820 3909 1928 3963 Deo
1954 3924 2057 3963 non

488 4000 646 4053 est".
689 4017 707 4049 ι
745 3996 964 4063 Deinde,
997 4012 1244 4067 quaenam
1276 3998 1414 4052 ratio
1456 3998 1521 4052 sit
1554 3998 1731 4053 dicere
1753 3999 1817 4053 de
1846 4000 2061 4054 homine

494 4092 641 4155 quod
675 4093 1033 4157 assumpserit
1056 4089 1321 4143 carnem?
1346 4088 1609 4145 Convenit
1642 4105 1771 4144 vero
1808 4093 1985 4160 potius
2012 4092 2059 4145 ci

490 4183 584 4249 qui
608 4192 764 4237 extra
798 4197 1019 4237 carnem
1055 4191 1160 4246 est,
1194 4196 1365 4251 neque
1392 4192 1592 4237 nostrae
1633 4193 1839 4243 natura:
1868 4184 2062 4239 similis

490 4282 595 4337 est,
630 4287 850 4327 carnem
895 4287 1195 4337 assumere,
1242 4282 1297 4327 et
1337 4288 1459 4327 cum
1508 4287 1571 4325 ea
1603 4274 1789 4327 venire
1822 4274 1873 4327 in
1920 4274 2063 4335 hunc

491 4368 772 4430 mundum,
826 4367 899 4419 ita
960 4377 1020 4419 ut
1070 4375 1284 4420 maneat
1332 4366 1384 4420 id
1429 4366 1573 4436 quod
1616 4375 1756 4421 erat.
1802 4365 2059 4431 Proinde,

492 4460 705 4512 tametsi
761 4456 937 4517 lactus
982 4469 1066 4513 est
1107 4461 1304 4525 homo,
1366 4459 1499 4514 nihil
1544 4459 1723 4514 obstat
1763 4461 2058 4531 quominus

2154 3272 2254 3343 τὴν
2282 3272 2616 3342 οἰκονομίαν,
2649 3271 3145 3341 ἀνταναστήσονται
3172 3270 3428 3338 λέγοντες
3458 3270 3507 3322 οἱ
3539 3268 3736 3321 θεσπέο

2158 3380 2261 3420 σιοι
2301 3362 2558 3435 μαθηταί’
2597 3382 2615 3413 ι
2656 3363 2765 3416 Καὶ
2805 3364 2965 3433 ἡμεῖς
3002 3361 3347 3430 ἐθεασάμεθα
3393 3363 3486 3415 καὶ
3523 3377 3735 3431 μαρτυο

2161 3459 2384 3531 ροῦμεν,
2414 3458 2496 3509 ὅτι
2528 3456 2556 3508 ό
2598 3454 2785 3525 Πατὴρ
2833 3452 3142 3507 ἀπέσταλκε
3176 3453 3267 3506 τὸν
3313 3452 3461 3518 Υίὸν,
3508 3452 3738 3523 Σωτῆρα

2159 3550 2257 3605 τοῦ
2283 3550 2525 3619 κόσμου’
2574 3546 2632 3609 ὃς
2672 3546 2737 3599 ἂν
2783 3545 3112 3616 ὁμολογήσῃ,
3152 3548 3233 3598 ὅτι
3283 3544 3490 3617 Ἰησοῦς
3533 3546 3677 3598 ἐστιν
3708 3544 3740 3596 6

2162 3643 2290 3706 Υἱός
2315 3640 2405 3694 τοῦ
2437 3638 2597 3701 Θεοῦ,
2630 3640 2657 3692 ό
2698 3636 2829 3701 Θεὸς
2858 3638 2914 3689 ὲν
2955 3638 3103 3708 αὐτῷ
3159 3637 3333 3708 μένει,
3368 3637 3464 3689 καὶ
3485 3636 3643 3699 αὐτὸς
3678 3638 3737 3688 ἐν

2158 3734 2236 3804 τῷ
2278 3733 2416 3803 Θεῷ.
2453 3752 2470 3783 ι
2504 3729 2611 3783 Καὶ
2653 3728 2833 3782 πάλιν·
2874 3747 2893 3780 ι
2942 3728 3029 3781 Ἐν
3074 3727 3249 3798 τούτῳ
3288 3728 3614 3796 γινώσκεται
3674 3726 3736 3779 rs

2164 3826 2386 3899 Πνεῦμα
2430 3824 2525 3877 τοῦ
2558 3821 2721 3875 Θεοῦ·
2759 3823 2872 3875 Πᾶν
2904 3820 3142 3890 πνεῦμα,
3183 3820 3211 3872 ό
3240 3820 3494 3890 ὁμολογεῖ
3530 3818 3735 3889 Ἰησοῦν

2163 3920 2394 3988 Χριστον
2429 3917 2485 3967 ὲν
2520 3915 2682 3985 σαρκὶ
2709 3910 3044 3983 ἐληλυθέναι,
3080 3912 3144 3963 ὲκ
3178 3910 3271 3964 τοῦ
3300 3910 3435 3963 Θεοῦ
3464 3912 3601 3963 ἐστι·
3644 3910 3737 3962 καί

2166 4011 2273 4059 παν
2294 4003 2530 4073 πνεῦμα,
2566 4002 2594 4055 ὃ
2630 4001 2703 4072 μὴ
2738 4000 2990 4071 ὁμολογεῖ
3010 4001 3102 4052 τὸν
3137 3998 3367 4069 Ἰησοῦν,
3394 4001 3459 4052 ἐκ
3486 3998 3581 4052 τοῦ
3603 3994 3736 4051 Θεοῦ

2165 4100 2265 4153 οῦκ
2291 4100 2453 4150 ἐστιν.
2496 4114 2513 4146 ι
2556 4089 2709 4158 Εἶτα,
2754 4095 2902 4146 ποῖον
2929 4091 2994 4144 ἂν
3045 4090 3156 4161 ἔχοι
3186 4090 3372 4157 λόγον,
3406 4090 3469 4141 τὸ
3520 4089 3609 4141 ἐπ’
3642 4089 3735 4139 ἁν-

2166 4190 2384 4262 θρὼπου
2430 4188 2571 4241 νοεῖν
2620 4185 2693 4248 ὼς
2746 4182 3120 4255 παραγέγονεν
3174 4184 3229 4235 ἐν
3284 4180 3483 4261 σαρκί;
3533 4179 3739 4250 Πρέποι

2164 4282 2208 4334 δ’
2238 4280 2303 4333 ἂν
2335 4278 2533 4349 μᾶλλον
2556 4274 2634 4345 τῷ
2667 4274 2770 4339 ἔξω
2805 4273 3002 4343 σαρκὸς
3036 4273 3127 4325 καὶ
3151 4272 3363 4343 φύσεως
3386 4271 3488 4323 οῦκ
3508 4270 3622 4323 δντι
3643 4270 3740 4340 τῆς

2168 4372 2288 4426 καθ’
2319 4370 2486 4440 ἡμᾶς,
2510 4367 2571 4419 τὸ
2596 4368 2690 4419 καὶ
2734 4367 2791 4419 ὲν
2822 4364 2985 4436 σαρκὶ
3017 4364 3294 4433 γενέσθαι,
3322 4364 3416 4416 καὶ
3442 4363 3583 4433 μετὰ
3609 4362 3739 4415 ταὺ-

2168 4482 2266 4536 της
2294 4462 2468 4517 ἐλθεῖν
2491 4462 2569 4523 εἰς
2593 4458 2739 4511 τόνδε
2765 4457 2854 4511 τὸν
2880 4456 3085 4525 κόσμον
3113 4454 3251 4526 μετὰ
3280 4453 3375 4508 τοῦ
3409 4458 3591 4524 μεῖναι
3608 4451 3736 4524 δῆν.

492 4548 675 4602 omnia
727 4562 823 4616 per
871 4548 1043 4618 ipsum
1091 4549 1156 4603 ad
1192 4558 1371 4603 ortum
1406 4549 1651 4604 traducta
1685 4564 1807 4605 esse
1838 4564 2051 4605 censea-

2168 4556 2377 4613 Οὐκοῦν
2412 4555 2459 4607 εἱ
2498 4552 2595 4605 καὶ
2622 4552 2845 4620 γέγονεν
2872 4549 3177 4619 ἄνθρωπος,
3201 4547 3263 4600 τὸ
3300 4548 3563 4617 ἀπεῖργον
3590 4548 3741 4601 οὐδὲν

493 4657 635 4708 mus,
672 4650 943 4709 quatenus
971 4651 1053 4699 est
1084 4642 1225 4695 Deus
1255 4651 1309 4697 et
1338 4653 1641 4697 coaeternus
1674 4641 1846 4696 Patri.
1876 4639 2064 4711 Neque

492 4730 635 4783 enim
661 4729 803 4785 Deus
838 4732 1111 4786 exsistens
1134 4729 1372 4787 Verbum
1409 4733 1751 4793 immutatum
1786 4741 1893 4799 est,
1924 4740 2065 4787 tam-

494 4825 594 4883 etsi
666 4839 889 4879 carnem
974 4826 1150 4880 anima
1232 4825 1567 4896 intelligente
1631 4828 1910 4897 praeditam
1972 4842 2065 4881 as-

497 4919 907 4986 sumpserit:et
931 4932 1036 4979 non.
1061 4918 1331 4972 hominem
1373 4919 1475 4974 sibi
1504 4920 1601 4988 ipsi
1641 4920 1991 4994 coniungens,
2013 4930 2072 4976 ut

500 5008 584 5061 isti
622 5009 969 5062 innovatores
1005 5007 1126 5061 fidei
1160 5017 1430 5069 statuunt,
1468 5011 1562 5062 sed
1604 5009 1717 5077 ipse
1743 5010 1944 5064 factum
1970 5025 2063 5065 ca-

500 5114 582 5163 ro,
610 5109 671 5153 ut
695 5099 827 5163 dixi,
860 5099 961 5159 hoc
986 5109 1088 5165 est,
1131 5100 1311 5154 homo.
1346 5099 1510 5172 7M
1541 5099 1653 5156 Hac
1679 5101 1820 5156 enim
1860 5104 2066 5158 ratione

501 5192 599 5260 ipsi
641 5192 825 5247 unctio
856 5194 1021 5247 etiam
1060 5193 1369 5259 conveniat,
1401 5195 1535 5248 citra
1580 5195 1925 5250 calumniam.
1959 5195 2067 5251 Vo-

501 5285 715 5338 cabitur
741 5294 917 5341 autem
950 5296 1003 5339 et
1031 5283 1209 5347 Jesus,
1240 5296 1298 5340 ut
1325 5288 1438 5356 ipse
1474 5303 1661 5343 revera
1686 5289 1953 5344 exsistens
1974 5293 2066 5358 qui

500 5377 795 5432 secundum
843 5391 1065 5431 carnem
1114 5394 1178 5433 ex
1220 5377 1435 5448 Virgine
1486 5390 1641 5435 natus
1681 5391 1784 5435 est.
1831 5380 2070 5436 Salvavit

498 5466 640 5519 enim
673 5468 773 5520 hoc
797 5476 956 5536 pacto
983 5481 1138 5521 suum
1178 5467 1345 5535 ipsius
1377 5468 1653 5536 populum,
1678 5484 1783 5523 non
1817 5478 1873 5523 ut
1903 5470 2067 5525 homo

504 5557 610 5610 Deo
639 5558 979 5625 conjunctus,
1008 5560 1101 5614 sed
1138 5570 1191 5612 ut
1228 5560 1365 5613 Deus
1405 5560 1599 5616 similis
1650 5559 1823 5615 factus
1866 5562 1934 5617 iis
1972 5564 2062 5632 qui

614 5755 655 5783 ¹⁶
687 5752 793 5809 Luc
824 5774 858 5818 ι,
888 5758 973 5819 δι’,
1045 5759 1129 5813 5|.

512 5822 551 5854 υ
578 5823 705 5878 “illi.
739 5829 794 5887 ‘3,

1255 5760 1289 5783 ’⁷
1324 5759 1515 5815 Milli“.
1552 5774 1588 5823 Ι,
1631 5760 1718 5813 21.

1840 5764 1878 5792 ¹¹¹
1924 5761 2074 5818 Joan.
2109 5778 2144 5827 ι,
2190 5763 2269 5815 1-1.

2165 4652 2387 4713 ὲννοεῖν,
2417 4648 2483 4701 δι’
2511 4645 2675 4700 αὐτοῦ
2699 4643 2979 4715 παρῆχθαι
3008 4642 3076 4696 τά
3110 4643 3309 4709 πάντα,
3339 4643 3461 4695 καθ’
3492 4643 3521 4695 ὃ
3544 4645 3741 4695 νοεῖται

2164 4742 2296 4805 Θεὸς
2347 4739 2441 4793 καὶ
2501 4738 2767 4800 συναῖδιος
2817 4735 2896 4807 τῷ
2930 4734 3124 4807 Πατρί.
3168 4736 3244 4790 Οὐ
3286 4734 3396 4805 γὰρ
3453 4734 3743 4805 ἠλλοίωται

2166 4831 2297 4895 Θεὸς
2323 4830 2399 4883 ὣν
2426 4830 2455 4881 ὁ
2473 4829 2666 4897 Λόγος,
2688 4828 2738 4880 εί
2769 4825 2865 4880 καὶ
2880 4824 3104 4905 γέγονεν
3134 4827 3192 4878 ὲν
3213 4825 3515 4897 προσλήψει
3544 4826 3743 4899 σαρκὸς

2169 4920 2527 4994 ἐψυχωμένης
2569 4920 2792 4993 νοερῶς,
2816 4919 2909 4973 καὶ
2954 4918 3055 4973 οὐκ
3078 4918 3366 4989 ἄνθρωπον
3412 4918 3591 4989 ἑαυτῷ
3623 4935 3742 4972 συν-

2170 5018 2331 5087 άψας,
2375 5013 2517 5067 καθά
2564 5030 2727 5084 φασιν
2776 5013 2827 5066 οἱ
2876 5012 3327 5084 καινοτομοῦντες
3379 5012 3479 5081 τὴν
3536 5011 3734 5079 πίστιν,

2169 5108 2284 5162 ἀλλ’
2314 5106 2475 5170 αὐτὸς
2500 5106 2793 5176 γενόμενος
2826 5104 2984 5176 σὰρξ,
3015 5105 3092 5169 ὡς
3126 5105 3290 5177 ἔφην,
3326 5104 3606 5160 τουτέστιν
3648 5107 3737 5160 ἄν·

2171 5198 2405 5269 θρωπος.
2432 5196 2629 5257 Ἔσται
2662 5194 2772 5266 γὰρ
2812 5194 2985 5257 οὕτως
3030 5194 3179 5265 αὐτῷ
3228 5194 3324 5248 καὶ
3354 5193 3417 5247 τὸ
3448 5194 3737 5265 κεχρτσθαι

2174 5288 2385 5360 πρέπον
2417 5289 2513 5339 καὶ
2556 5285 2811 5356 διαϐολῆς
2858 5284 3142 5357 άμοιροῦν.
3180 5285 3527 5356 Κεκλήσεται
3567 5286 3622 5340 δὲ
3655 5286 3743 5338 καὶ

2186 5380 2413 5450 Ἰησοῦς,
2444 5378 2519 5443 ὡς
2572 5378 2733 5442 αὐτὸς
2788 5378 3049 5449 ὑπάρχων
3097 5378 3238 5432 κατὰ
3276 5377 3557 5448 ἀλήθειαν,
3597 5381 3625 5431 ό
3650 5377 3745 5445 τὴν

2176 5472 2316 5524 κατὰ
2344 5470 2523 5541 σάρκα
2546 5471 2609 5522 ἐκ
2640 5468 2892 5539 γυναικὸς
2922 5468 3221 5539 ὑπομείνας
3244 5469 3519 5539 γέννησιν.
3536 5468 3747 5523 um

2175 5562 2282 5632 γὰρ
2311 5561 2453 5615 οῦτω
2498 5561 2586 5614 τὸν
2629 5559 2824 5614 ἑαυτοῦ
2868 5559 3018 5626 λαὸν,
3056 5560 3155 5630 οὐχ
3192 5559 3268 5624 ὡς
3310 5559 3599 5629 ἄνθρωπος
3632 5558 3747 5632 Θεῷ

2390 5765 2429 5791 "-’
2476 5760 2703 5835 Philipp.
2742 5775 2799 5826 tl,
2841 5759 2892 5825 6,
2921 5761 2972 5813 7.
3089 5759 3177 5815 ¹⁰Ι
3232 5761 3385 5817 Juatl.
3424 5778 3497 5827 ιν,
3545 5764 3633 5828 ut.
3667 5765 3741 5821 ιθ·

3832 176 3839 211 1

3834 226 3837 259 1
