3988 6488
270 495 413 553 43υὸ

1406 482 1595 551 ouuo
1638 448 1823 539 UNUS
1863 481 1967 539 sn
2009 471 2377 538 CllltlS’l‘t‘S.

3422 483 3561 543 £300

271 609 593 679 συναφθεὶς,
619 608 731 661 ἀλλ’
781 605 857 666 ώς
900 600 1033 664 Θεὸς
1064 596 1303 669 γεγονὼς
1357 598 1416 649 ἐν
1453 597 1708 669 ὁμοιώσει
1752 596 1861 648 τῶν

1975 595 2467 663 periclitabantur:
2501 604 2559 650 ιιι
2592 597 2644 649 in
2685 598 2803 667 ipso
2843 606 2896 653 ct
2924 598 3143 668 quidem
3188 599 3364 670 primo
3386 614 3560 670 genus

275 697 792 760 κεκινδυνευκότων,
822 695 889 747 ἶν’
919 695 979 746 ὲν
1010 692 1157 761 αὐτῷ
1191 690 1285 744 καὶ
1318 689 1523 759 πρώτῳ
1552 688 1615 741 τὸ
1646 685 1859 758 ἀνθρώ-

279 812 435 848 πινον
467 793 624 862 γένος
652 787 1063 857 άναπλάττηται
1094 783 1231 856 πρὸς
1257 782 1317 835 τὸ
1349 783 1409 835 ἐν
1434 781 1651 853 ἀρχαῖς.
1676 780 1864 833 Πάντα

275 885 388 953 γὰρ
421 879 488 953 ἦν
512 884 569 933 ὲν
601 878 751 949 αὐτῷ
778 877 959 931 καινά.

352 976 411 1027 Β.
454 968 664 1025 Οὐκοῦν
701 966 1120 1036 διαϐεϐλήσεται
1164 961 1301 1034 πρὸς
1333 957 1513 1032 ἡμῶν,
1552 959 1615 1013 τὸ
1664 959 1864 1029 χρῆναι

276 1065 499 1134 φρονεῖν
525 1062 558 1133 ἢ
582 1061 784 1129 λέγειν,
816 1056 1101 1127 ἄνθρωπον
1130 1052 1398 1123 συνῆφθαι
1427 1051 1505 1122 τῷ
1528 1050 1648 1121 Θεῷ
1674 1050 1858 1119 Λόγῳ,

277 1155 377 1208 καὶ
412 1154 668 1207 κοινωνὸν
702 1148 955 1220 γενέσθαι
985 1147 1085 1218 τῆς
1113 1144 1270 1210 ἀξίας
1304 1143 1476 1215 αὐτῷ,
1495 1144 1587 1197 καὶ
1617 1144 1674 1195 ὲν
1709 1142 1860 1206 τάξει

276 1247 503 1318 χάριτος
533 1246 632 1315 τὴν
660 1240 934 1298 υἱοθεσίαν
967 1239 1131 1309 ἔχειν.
1772 1316 1777 1321 ἡ

353 1341 419 1391 Α.
457 1337 782 1391 Παντάπασι
834 1332 933 1404 μὲν
983 1327 1096 1384 οὖν.
1133 1330 1209 1384 Οὐ
1250 1328 1361 1401 γὰρ
1398 1327 1507 1383 οἶδε
1548 1326 1710 1381 τοῦτο
1756 1324 1864 1380 τῶν

278 1422 445 1495 ἱερῶν
463 1423 814 1494 Γραμμάτων
834 1421 867 1490 ὴ
890 1418 1141 1489 δύναμις,
1169 1416 1381 1489 εὕρεμα
1408 1417 1466 1471 δὶ
1496 1416 1696 1489 μᾶλλόν
1724 1419 1861 1482 ἐστι,

277 1515 568 1583 φιλοκένου
603 1530 661 1566 τε
700 1512 791 1566 καὶ
820 1509 1105 1582 ἀδρανοῦς,
1139 1509 1235 1563 καὶ
1269 1508 1613 1580 παρειμένης
1642 1507 1859 1580 φρενὸς,

280 1607 381 1663 καὶ
407 1608 506 1661 οὑκ
546 1605 777 1677 ἐχούσης
815 1604 947 1674 sps»;
973 1601 1067 1655 τοῦ
1098 1601 1400 1674 μυστηρίου
1439 1600 1502 1654 τὸ
1533 1599 1716 1670 βάθος.
1751 1598 1862 1653 Ποῦ

281 1694 397 1765 γάρ
424 1711 505 1746 τοι
542 1692 786 1745 τοιοῦτον
826 1692 978 1761 παρὰ
1002 1690 1103 1759 τῆς
1150 1690 1313 1757 ἁγίας
1355 1689 1571 1761 εἴρηται
1601 1688 1861 1759 Γραφῆς;

294 1783 355 1836 ’0
396 1782 495 1852 μὲν
523 1781 631 1852 γὰρ
679 1781 964 1844 θεσπέσιος
1000 1779 1213 1845 Παῦλος
1255 1779 1356 1849 τῆς
1390 1779 1863 1852 ένανθρωπήσεως

276 1871 377 1927 τοῦ
409 1872 746 1941 Μονογενοῦς
777 1871 1079 1943 διατρανῶν
1116 1867 1177 1924 εὖ
1237 1870 1385 1942 μάλα
1432 1871 1493 1925 τὸ
1531 1872 1854 1942 μυστήριον·

1965 687 2262 741 humanum
2282 688 2349 741 ad
2378 688 2673 757 pristinum
2690 699 2895 743 statqu
2919 688 3337 746 instauraretur.
3358 687 3557 747 Omnia

1964 779 2109 833 enim
2135 787 2293 833 erant
2327 779 2379 833 in
2413 781 2535 848 ipso
2563 795 2702 835 nova
2730 781 2798 836 “.

2044 954 2106 1011 Β.
2140 954 2470 1022 Rejiciemus
2516 958 2703 1024 itaque
2746 957 2889 1012 hanc
2938 957 3251 1025 Opinionem
3301 967 3558 1028 tanquam

1963 1058 2274 1110 erronearn,
2322 1047 2467 1115 quod
2518 1048 2683 1102 homo
2724 1047 2797 1101 sit
2838 1047 3170 1116 conjttncttts
3212 1047 3324 1104 Deo
3358 1046 3556 1114 Verbo,

1963 1148 2020 1192 et
2048 1139 2318 1207 particeps
2350 1139 2539 1208 gloria:
2579 1155 2702 1193 cum
2733 1139 2852 1209 ipso
2879 1138 3133 1203 ell‘ectus,
3159 1141 3422 1210 quodque
3460 1155 3561 1211 per

1964 1229 2195 1298 gratiam
2219 1231 2511 1297 adoptatus
2541 1230 2613 1285 sit
2644 1231 2697 1284 in
2723 1230 2948 1284 Filium.

2030 1320 2097 1375 Α.
2131 1320 2384 1375 Omnino.
2418 1322 2605 1391 Neque
2648 1322 2799 1377 enim
2849 1337 2921 1377 ex
2967 1322 3144 1377 sacris
3181 1321 3406 1378 Litteris
3432 1335 3561 1394 pro-

1964 1412 2079 1467 bari
2107 1422 2321 1480 potest:
2352 1415 2446 1468 sed
2472 1414 2655 1483 potius
2691 1424 3065 1469 commentum
3101 1424 3185 1469 est
3218 1414 3425 1485 ingenii
3458 1414 3562 1470 im-

1964 1503 2195 1570 becillis,
2234 1504 2448 1560 remissi
2506 1516 2563 1561 et
2602 1504 2866 1560 novitatis
2907 1506 3182 1569 studiosi,
3238 1519 3304 1560 ac
3359 1506 3563 1560 mentis

1964 1609 2083 1664 qua
2129 1596 2371 1664 mysterii
2413 1596 2762 1651 altitudinem
2811 1598 3126 1667 perapicere
3166 1605 3423 1665 nequeat.
3453 1595 3562 1653 Ubi

1964 1689 2107 1741 enim
2158 1688 2266 1742 tale
2310 1688 2590 1758 quidpiam
2638 1690 2691 1743 in
2744 1703 2905 1743 sacra
2953 1689 3239 1757 Scriptura
3284 1685 3564 1758 reperias!

1963 1776 2099 1833 Nam
2126 1780 2346 1834 divinus
2380 1780 2581 1835 Paulus
2615 1779 2939 1851 mysterium
2996 1778 3394 1834 incarnationis
3425 1775 3563 1833 Uni-

1964 1872 2128 1941 geniti
2160 1873 2364 1941 optime
2391 1872 2749 1927 dillucidans:
2776 1855 2793 1921 ἒ
2816 1871 2952 1939 Quia
2986 1886 3116 1942 ergo
3145 1872 3321 1940 pueri,
3358 1870 3557 1939 inquit.

284 1982 307 2016 s
345 1963 565 2034 Ἐπειδὴ
586 1965 693 2035 γάρ
722 1964 791 2017 τά
820 1963 1028 2028 παιδία,
1061 1962 1216 2034 φησὶ,
1259 1962 1658 2034 κεκοινώνηκεν
1694 1964 1863 2034 αἵμα-

1975 1968 2505 2018 communicaverunt
2528 1966 2681 2019 carni
2724 1973 2780 2018 et
2818 1963 3095 2033 sanguini,
3123 1970 3179 2017 et
3209 1964 3326 2030 ipse
3359 1961 3559 2017 simili-

276 2073 373 2119 τος
396 2057 491 2110 καὶ
522 2057 746 2127 σαρκὸς,
770 2056 865 2109 καὶ
888 2055 1052 2119 αὐτὸς
1079 2054 1479 2127 παραπλησίως
1502 2055 1731 2127 μετέσχε
1754 2055 1863 2109 τῶν

276 2148 479 2215 αὐτῶν,
505 2148 592 2202 ἴνα
619 2148 705 2201 διὰ
725 2141 817 2202 τοῦ
846 2146 1079 2201 θανάτου
1113 2149 1439 2219 καταργήσῃ
1462 2147 1553 2201 τὸν
1584 2148 1644 2201 τὸ
1664 2149 1864 2219 κράτος

277 2238 475 2309 ἔχοντα
515 2238 609 2292 τοῦ
650 2238 906 2305 θανάτου,
953 2238 1225 2302 τουτέστι,
1268 2239 1361 2291 τὸν
1396 2238 1659 2294 διάϐολον.
1699 2257 1717 2290 ι
1755 2240 1866 2293 Καὶ

278 2330 393 2402 μην
422 2330 517 2383 καὶ
566 2330 795 2401 ἑτέρωθί
828 2347 932 2385 που
960 2346 972 2360 ·
1012 2347 1031 2382 ι
1064 2330 1138 2383 Τὸ
1186 2329 1295 2403 γὰρ
1338 2329 1605 2385 ἀδύνατον
1650 2330 1743 2384 τοῦ
1778 2330 1867 2385 νό-

280 2437 410 2490 μου,
433 2422 492 2474 ὲν
518 2414 562 2489 ᾧ
593 2420 810 2491 ἠσθένει
836 2420 923 2474 διὰ
951 2419 1051 2490 τῆς
1078 2421 1302 2491 σαρκὸς,
1333 2423 1361 2474 ό
1392 2420 1525 2485 Θεὸς
1552 2421 1644 2474 τὸν
1668 2421 1863 2475 ἑαυτοῦ

280 2511 410 2565 Υίὸν
442 2510 687 2582 πέμψας,
738 2511 795 2562 ὲν
830 2509 1140 2581 ὁμοιώματι
1185 2510 1389 2582 σαρκὸς
1420 2512 1717 2583 ἁμαρτίας,
1769 2511 1865 2565 καὶ

278 2601 412 2671 περὶ
464 2602 739 2671 ἁμαρτίας
814 2600 1106 2671 κατέκρινε
1174 2599 1273 2671 τὴν
1347 2601 1624 2672 ἁμαρτίαν
1685 2601 1744 2653 ὲν
1796 2604 1862 2673 τῇ

279 2693 469 2763 σαρκὶ,
503 2693 591 2745 ἴνα
625 2692 685 2745 τὸ
709 2692 991 2761 δικαίωμα
1020 2692 1114 2745 τοῦ
1147 2692 1314 2762 νόμου
1348 2692 1613 2765 πληρωθῇ
1642 2695 1698 2747 ὲν
1733 2695 1865 2765 ἡμῖν

274 2789 392 2850 τοῖς
422 2788 495 2856 μὴ
528 2788 668 2838 κατά
702 2786 880 2855 σάρκα
912 2783 1333 2855 περιπατοῦσιν,
1359 2786 1496 2838 άλλά
1523 2788 1669 2840 κατά
1701 2786 1865 2839 πνεῦ-

278 2896 379 2949 μα.
420 2898 438 2930 ι
478 2878 952 2948 Κεκοινωνηκέναι
974 2879 1029 2931 δέ
1056 2895 1237 2949 φαμεν
1261 2879 1492 2950 αἵματος
1520 2881 1613 2932 καὶ
1639 2880 1863 2951 σαρκὸς,

277 2970 427 3024 κατὰ
455 2987 518 3037 γε
547 2969 638 3023 τὸν
674 2973 784 3034 τοῖς
824 2970 1154 3042 θετρήμοσιν
1178 2972 1394 3024 ἐοικότα
1423 2970 1571 3036 νοῦν,
1604 2973 1665 3024 οὑ
1688 2973 1778 3025 τὸν
1807 2974 1865 3024 ὲν

279 3063 449 3133 σαρκὶ
489 3064 581 3115 καὶ
610 3063 805 3133 αἵματι
835 3065 955 3116 κατ’
994 3062 1131 3115 ἰδίαν
1162 3064 1345 3132 φύσιν,
1368 3065 1462 3117 καὶ
1493 3066 1692 3135 ἑτέρως
1725 3061 1865 3118 εἶναι

280 3154 357 3225 μῆ
381 3153 697 3224 δυνάμενον,
744 3154 881 3207 ἀλλὰ
919 3156 1008 3207 τὸν
1055 3156 1157 3208 οὐκ
1208 3156 1336 3209 δντα
1365 3155 1522 3209 τοῦτό
1554 3174 1719 3224 ποτε,
1770 3157 1865 3209 καὶ

277 3244 495 3314 φῦσεως
535 3247 728 3316 ἐτέρας
768 3246 800 3317 ἢ
860 3247 982 3301 καθ’
1032 3249 1199 3317 ἡμᾶς·
1247 3248 1529 3316 γεγονέναι
1559 3249 1615 3302 δὲ
1662 3252 1754 3303 καὶ
1798 3251 1864 3303 ἐκ

1970 2060 2055 2106 ter
2083 2053 2429 2123 participavit
2468 2054 2700 2119 eisdem,
2736 2063 2796 2107 ut
2841 2068 2939 2123 per
2973 2063 3203 2108 mortem
3252 2054 3561 2107 destrueret

1968 2157 2091 2198 eum
2124 2144 2219 2213 qui
2264 2143 2499 2199 habebat
2526 2145 2718 2199 mortis
2743 2144 3055 2214 imperium,
3087 2144 3190 2199 hoc
3224 2153 3331 2209 est,
3369 2143 3559 2198 diabo-

1972 2227 2082 2281 lum
2117 2229 2186 2284 ".
2227 2248 2246 2281 ι
2278 2229 2342 2283 Ει
2371 2229 2477 2283 alio
2510 2232 2563 2285 in
2594 2230 2716 2285 loco
2748 2249 2763 2286 :
2797 2250 2817 2283 ι
2857 2232 3011 2298 Quod
3040 2233 3186 2287 enim
3220 2231 3558 2302 impossibile

1966 2327 2088 2372 erat
2135 2318 2239 2390 legi
2286 2319 2337 2375 in
2380 2335 2490 2392 quo
2528 2321 2913 2377 inlirmabatur
2955 2338 3053 2391 per
3100 2338 3370 2379 carnem:
3416 2324 3561 2378 Deus

1966 2409 2162 2466 Filium
2202 2428 2360 2467 suum
2397 2414 2623 2469 mittens
2650 2414 2703 2468 in
2736 2414 3166 2484 :similitudinem
3209 2415 3394 2471 carnis
3427 2430 3557 2484 pec-

1967 2501 2097 2565 cati,
2127 2512 2182 2557 et
2226 2501 2296 2558 de
2338 2513 2564 2573 peccato
2608 2505 2889 2561 damnavit
2919 2516 3201 2576 peccatum
3250 2508 3303 2563 in
3345 2522 3512 2564 carne
3538 2524 3557 2563 :

1968 2604 2025 2647 ut
2046 2595 2369 2665 justilicatio
2398 2598 2531 2668 legis
2560 2598 2880 2669 impleretur
2905 2600 2960 2654 in
2996 2601 3173 2666 nobis,
3208 2602 3299 2670 qui
3332 2616 3438 2656 non
3467 2616 3558 2657 se—

1966 2686 2202 2740 cundum
2237 2702 2460 2742 carnem
2494 2688 2865 2755 ambulamus,
2896 2692 2993 2746 sed
3045 2693 3347 2747 secundum
3394 2692 3559 2762 spiri-

1969 2788 2079 2833 tum
2120 2781 2188 2832 ”.
2230 2799 2250 2832 ι
2295 2779 2747 2839 Communicasse
2806 2793 2989 2839 autem
3030 2784 3264 2839 dicimus
3295 2785 3447 2839 carni
3502 2792 3560 2840 et

1966 2871 2223 2942 sanguini
2272 2872 2428 2941 juxta
2467 2875 2685 2929 modum
2730 2875 2931 2931 divinis
2970 2875 3204 2947 eloquiis
3230 2878 3559 2932 convenien-

1970 2971 2079 3015 tem
2127 2978 2233 3015 nun
2265 2976 2390 3016 eum
2416 2965 2508 3033 qui
2540 2965 2594 3018 in
2631 2979 2800 3020 carne
2844 2977 2898 3022 et
2947 2966 3217 3038 sanguine
3256 2967 3557 3022 secundum

1966 3053 2242 3121 propriam
2289 3064 2540 3109 naturam
2606 3057 2965 3125 versabatur,
3015 3074 3191 3129 neque
3240 3059 3398 3114 aliter
3436 3074 3561 3115 esse

1967 3156 2215 3215 poterat;
2238 3147 2333 3201 sed
2354 3147 2446 3217 qui
2486 3149 2537 3202 id
2569 3164 2853 3217 nunquam
2886 3150 3083 3216 fuerat,
3115 3160 3170 3206 e‘.
3202 3160 3412 3205 natura:
3440 3160 3562 3207 erat

1972 3237 2199 3292 diversa:
2237 3253 2266 3291 a
2301 3248 2485 3292 nostra
2524 3258 2538 3292 :
2580 3239 2783 3295 factum
2817 3257 2947 3298 vero
2976 3258 3101 3298 esse
3140 3243 3306 3298 etiam
3343 3260 3410 3299 ex
3441 3259 3561 3299 mu-

279 3290 558 3406 ;uvatx’b;
596 3290 800 3391 καὶῗὲν.
837 3290 1393 3411 ὁμοιώματτιῖσαριίὸς
1432 3341 1728 3411 ἁμαρτίας,
1775 3342 1863 3395 τὸν

1975 3328 2106 3384 liere
2140 3330 2209 3396 ",
2238 3339 2292 3384 et
2325 3330 2378 3383 in
2410 3332 2824 3387 similitudinem
2850 3335 3031 3389 carnis
3067 3336 3275 3405 peccati
3308 3337 3400 3406 qui
3432 3352 3562 3407 pro-

276 3428 346 3483 δι’
378 3430 548 3499 ἡμᾶς,
580 3429 702 3482 καθ’
736 3431 908 3500 ἡμᾶς,
942 3432 1082 3501 μετὰ
1111 3430 1207 3485 τοῦ
1231 3432 1324 3485 καὶ
1355 3432 1497 3497 ὑπὲρ
1530 3433 1699 3503 ἡμᾶς,
1732 3434 1867 3487 καθὸ

278 3524 480 3575 νοεῖται
511 3519 661 3584 Θεός.
694 3521 888 3590 Γέγονε
914 3524 1013 3594 μὲν
1042 3524 1134 3578 καὶ
1167 3524 1357 3595 σάρξὸ
1403 3525 1600 3593 Λόγος,
1631 3526 1770 3597 πλὴν
1803 3526 1866 3580 οὐ

279 3611 419 3683 σὰρξ
458 3614 769 3684 ἁμαρτίας,
811 3614 927 3669 ἀλλ’
976 3617 1035 3669 ὲν
1085 3614 1394 3687 ὁμοιώματι
1442 3618 1643 3687 σαρκὸς
1681 3620 1866 3691 ἀμαρα

277 3704 423 3768 τίας,
460 3706 874 3776 συνανεστράφη
900 3708 999 3775 μὲν
1028 3710 1141 3770 τοῖς
1164 3708 1257 3760 ἐπὶ
1280 3707 1382 3777 τῆς
1404 3709 1525 3779 γῆς,
1550 3708 1627 3772 ὡς
1656 3710 1865 3783 ἀνθρω-

281 3811 403 3859 πος,
442 3796 535 3847 καὶ
584 3796 640 3846 ὲν
672 3794 981 3865 ὁμοιώματι
1012 3797 1205 3865 γέγονε
1249 3798 1327 3869 τῷ
1359 3798 1479 3851 καθ’
1522 3801 1691 3868 ἡμᾶς,
1727 3801 1866 3871 πλὴν

278 3887 344 3941 οὐ
378 3887 496 3957 μεθ’
526 3887 683 3957 ἡμῶν
715 3888 805 3957 ὑφ’
843 3889 1143 3961 ἁμαρτίαν,
1176 3889 1292 3945 ἀλλ’
1318 3892 1577 3945 ἐπέκεινα
1606 3892 1699 3946 τοῦ
1731 3895 1867 3947 εἰδέ-

282 3995 373 4031 ναι
411 3978 775 4049 πλημμελεῖν.
818 3976 927 4033 Ἧν
960 3980 1068 4051 γὰρ
1096 3983 1125 4033 ό
1163 3981 1326 4045 αὐτὸς
1358 3981 1489 4046 Θεός
1519 4000 1577 4035 τε
1606 3985 1741 4054 όμοῦ
1774 3986 1868 4039 καὶ

282 4067 589 4139 ἄνθρωπος.
616 4069 680 4121 Οἱ
710 4068 769 4121 δὲ
798 4070 897 4139 τὴν
938 4068 1082 4124 οὕτω
1110 4071 1314 4141 σεπτὴν
1353 4072 1447 4124 καὶ
1486 4072 1869 4144 τεθαυμασμέ-

284 4176 384 4229 νην
418 4160 732 4230 οἰκονομίαν
789 4160 1159 4232 ἀποφέροντες
1190 4162 1289 4215 οὐκ
1320 4159 1415 4217 οἶδ’
1440 4165 1588 4229 ὅπως
1617 4166 1712 4219 τοῦ
1752 4169 1868 4221 Μο-

280 4250 554 4319 νογενοῦς,
584 4252 870 4323 ἄνθρωπον
907 4252 1057 4323 αὐτῷ
1082 4254 1417 4310 συνάπτουσι
1456 4258 1745 4327 σχετικῶς,
1784 4278 1868 4312 τι·-

285 4345 414 4413 μαϊς
446 4345 566 4406 ταῖς
596 4342 832 4412 θύραθεν
867 4344 1293 4416 ὲξωραῖσμένον,
1328 4349 1423 4401 καὶ
1449 4350 1708 4422 ἀλλοτρία
1742 4351 1871 4425 δόξῃ

281 4434 795 4515 λελάμπρυσμένον,
847 4437 939 4490 καὶ
985 4438 1047 4490 οὐ
1102 4437 1235 4491 Θεὸν
1285 4439 1525 4510 άληθῶς,
1564 4442 1700 4495 ἀλλὰ
1733 4444 1869 4497 Θεοῦ

280 4528 541 4580 κοινωνὸν
590 4528 684 4579 καὶ
721 4528 970 4597 μέτοχον,
1022 4530 1117 4583 καὶ
1167 4531 1297 4584 Υίὸν
1350 4532 1723 4606 ψευδώνυμον,
1775 4538 1870 4591 καὶ

1968 3431 2087 3491 pter
2118 3438 2217 3477 nos
2240 3422 2409 3477 nostri
2437 3424 2631 3479 similis
2662 3436 2748 3479 est
2774 3424 3034 3481 ell‘ectus:
3066 3427 3138 3479 ita
3168 3436 3349 3481 tamen
3380 3440 3439 3481 ut
3462 3444 3562 3484 no-

1966 3514 2052 3569 bis
2082 3516 2333 3585 superior
2355 3527 2522 3582 esset,
2552 3525 2819 3587 quatenus
2847 3527 2930 3573 est
2962 3518 3123 3574 Deus.
3152 3517 3393 3574 Verbum
3414 3520 3562 3575 enim

1967 3619 2095 3659 caro
2133 3606 2336 3662 factum
2373 3616 2499 3674 est;
2534 3618 2791 3664 caeterum
2823 3625 2928 3664 non
2957 3625 3087 3665 caro
3122 3610 3353 3680 peccati,
3381 3613 3475 3667 sed
3504 3612 3562 3667 in

1968 3697 2378 3754 similitudinem
2427 3700 2612 3755 carnis
2665 3703 2896 3771 peccati.
2948 3702 3016 3756 Et
3060 3712 3312 3760 versatus
3344 3704 3563 3771 quidem

1968 3802 2050 3845 est
2085 3807 2207 3846 cum
2242 3793 2578 3856 hominibus,
2609 3803 2668 3847 ut
2702 3795 2887 3859 homo,
2932 3796 3217 3865 nostrique
3252 3794 3452 3849 similis
3485 3794 3565 3850 fa-

1968 3894 2111 3948 ctus,
2142 3885 2234 3939 sed
2268 3902 2375 3939 non
2406 3902 2512 3940 una
2548 3885 2833 3941 nobiscum
2868 3895 3091 3956 peccato
3126 3886 3418 3953 obnoxius,
3464 3888 3563 3942 sed

1970 3990 1998 4029 a
2031 3986 2256 4045 peccato
2294 3978 2453 4047 plane
2487 3978 2645 4032 liber.
2687 3979 2817 4033 Erat
2860 3980 3005 4035 enim
3055 3982 3171 4050 ipse
3219 3979 3361 4036 Deus
3398 3978 3565 4035 simul

1968 4080 2023 4123 et
2054 4070 2232 4123 homo.
2280 4069 2340 4123 Ili
2394 4086 2525 4125 vero
2574 4071 2941 4128 venerabilem
2994 4074 3133 4126 hanc
3197 4082 3362 4142 atque
3405 4070 3569 4128 admi-

1976 4164 2197 4216 randam
2254 4165 2691 4219 incarnationem
2754 4167 2822 4221 ab
2886 4164 3181 4237 Unigenito
3226 4168 3416 4221 nescio
3462 4182 3571 4235 quo

1973 4263 2133 4321 pacto
2168 4254 2485 4319 avellentes,
2528 4254 2691 4325 745
2746 4257 3018 4311 hominem
3062 4256 3161 4325 ipsi
3206 4258 3398 4311 stricte
3431 4272 3569 4312 con-

1967 4343 2227 4414 iungunt,
2268 4347 2512 4402 externis
2561 4348 2926 4417 ascititiisque
2963 4346 3261 4401 honoribus
3292 4349 3567 4414 ornatu'm,

1975 4448 2138 4505 atque
2170 4436 2347 4490 aliena
2385 4437 2557 4507 gloria
2594 4438 2963 4509 splendidum,
3008 4452 3183 4508 neque
3209 4453 3338 4492 vere
3375 4439 3569 4505 Deum,

1974 4528 2067 4583 sed
2115 4528 2207 4583 Dei
2275 4531 2617 4600 participem,
2658 4540 2713 4586 et
2757 4528 2877 4585 falsi
2932 4530 3171 4585 nominis
3220 4530 3468 4598 Filium,
3502 4541 3573 4587 -ει

280 4621 513 4691 Σωτῆρα
563 4620 912 4690 σωζόμενον,
966 4623 1059 4675 καὶ
1127 4623 1499 4696 λυτρούμενον
1546 4630 1863 4701 Δυτρωτήν·

1983 4619 2327 4674 Salvatorem
2356 4636 2479 4675 eum
2513 4622 2603 4691 qui
2640 4624 2881 4677 salvatus
2913 4622 3022 4688 sit,
3055 4632 3223 4693 atque
3268 4625 3571 4692 redempto-

280 4712 462 4767 καίτοι
494 4713 837 4783 γεγραφότος
858 4714 956 4767 est
985 4715 1081 4768 τοῦ
1108 4719 1379 4789 μακαρίου
1404 4720 1641 4773 Παύλου·
1670 4742 1687 4774 ι
1720 4724 1874 4777 Ἐπέ·

280 4820 415 4871 φανε
444 4804 553 4875 γάρ
590 4807 623 4875 ἠ
653 4805 811 4876 χάρις
859 4806 953 4859 τοῦ
1002 4808 1195 4881 Θεοῦὴ
1242 4813 1511 4884 σωτήριος
1561 4817 1729 4869 πᾶσιν
1774 4818 1870 4870 άν-

280 4894 545 4967 θρώποις,
605 4896 694 4949 ῐνα
733 4898 1110 4969 ἀρνησάμενοι
1158 4901 1257 4973 τὴν
1309 4902 1593 4969 ἀσέδειαν,
1630 4907 1725 4960 καὶ
1774 4907 1874 4972 τὰς

280 4986 556 5057 κοσμικὰς
589 4989 909 5070 ἐπιθυμίας,
937 4992 1233 5063 σωφρόνως
1277 4996 1373 5049 καὶ⁹
1402 4997 1662 5063 ἐπιεικῶς
1690 4998 1872 5070 ζήσω-

285 5098 386 5150 μεν
420 5083 479 5134 ἑν
516 5081 597 5152 τῷ
648 5081 744 5135 νῦν
790 5069 968 5147 αἰῶνι,
998 5085 1421 5157 προσδεχόμενοι
1447 5090 1548 5161 τὴν
1589 5069 1869 5164 μακαρίαν

282 5171 495 5237 ἐλπίδα,
529 5173 622 5225 καὶ
653 5174 979 5242 ἐπιφάνειαν
1010 5179 1110 5247 τῆς
1144 5176 1304 5248 δόξης
1331 5178 1425 5231 τοῦ
1469 5180 1707 5250 μεγάλου
1732 5182 1868 5238 Θεοῦ

283 5261 379 5315 καὶ
417 5264 669 5334 Σωτῆρος
692 5267 847 5336 ήμῶν
894 5267 1071 5339 Ἰησοῦ
1102 5270 1360 5341 Χριστοῦ.
1396 5291 1414 5323 ι

355 5354 415 5408 Β.
446 5355 577 5420 Ναὶ,
605 5358 789 5424 φασίν.
808 5358 1027 5431 Ἐπειδὴ
1056 5361 1164 5433 γάρ
1178 5363 1313 5427 ὅλως
1340 5364 1546 5437 ἠξιώθη
1570 5370 1865 5438 συναφείας

407 5446 541 5515 πρὸς
565 5446 656 5536 τὸν
687 5448 817 5501 Θεὸν
849 5451 1041 5520 Λόγον,
1071 5454 1244 5523 μέγας
1270 5456 1365 5508 καὶ
1388 5458 1549 5522 αὐτὸς
1571 5460 1863 5536 ὠνομάσθη

224 5575 236 5589 .
282 5534 437 5596 Θεὸς,
479 5535 655 5588 καίτοι
684 5539 922 5607 γεγονὼς
954 5541 1019 5593 ἐκ
1055 5542 1369 5613 σπέρματος
1393 5546 1487 5599 τοῦ
1516 5548 1698 5604 Δαϐίδ.

358 5713 419 5765 Δ.
484 5711 653 5767 Βαδαὶ
701 5713 802 5783 τῆς
853 5717 1233 5792 άποπληξίαςί
1306 5724 1659 5789 «Φάσκοντες
1728 5723 1867 5783 εἶναι

358 5894 404 5936 ⁸⁸
434 5893 472 5955 ll
497 5895 618 5952 Cor.
666 5914 714 5959 γ.
753 5900 832 5953 l7.
914 5903 956 5933 ³³
982 5900 1142 5957 Hebr.
1183 5919 1241 5966 Il.
1277 5904 1356 5960 ιι.

1978 4726 2092 4767 rem
2129 4727 2253 4766 eum
2301 4712 2393 4782 qui
2440 4714 2751 4783 redemptus
2785 4724 2888 4781 est,
2941 4730 3065 4769 cum
3120 4714 3325 4785 alioqui
3378 4716 3572 4771 beatus

1979 4803 2178 4859 Paulus
2210 4805 2495 4861 manifeste
2521 4806 2593 4860 ita
2613 4806 2855 4861 scribat:
2889 4826 2907 4859 r
2937 4808 3365 4877 Apparuitenim
3394 4808 3569 4879 gratia

1984 4897 2079 4951 Dei
2120 4895 2422 4953 Saivatoris
2456 4898 2626 4953 nostri
2658 4899 2912 4955 omnibus
2943 4898 3278 4963 hominibus,
3313 4900 3575 4955 erudiens

1977 5005 2076 5045 nos
2093 5000 2151 5044 ut
2173 4991 2508 5061 abnegantes
2533 4992 2864 5062 impietatem
2888 5001 2943 5047 et
2966 4991 3253 5048 saecularia
3277 4991 3571 5059 desideria,

1977 5082 2159 5139 sobrie
2188 5091 2243 5137 et
2278 5083 2424 5152 juste
2462 5094 2518 5140 et
2568 5085 2657 5154 pie
2688 5084 2937 5139 vivamus
2975 5083 3029 5138 in
3075 5084 3179 5139 hoc
3211 5084 3434 5146 sicculo,
3467 5098 3569 5139 ex-

1975 5184 2283 5244 spectantes
2313 5176 2530 5232 beatam
2554 5192 2709 5245 spem
2757 5188 2813 5231 et
2843 5177 3135 5232 adventum
3163 5176 3350 5246 gloria:
3392 5177 3570 5247 magni

1976 5266 2068 5323 Dei
2094 5278 2150 5323 et
2191 5267 2492 5325 Salvatoris
2518 5270 2690 5325 nostri
2721 5268 2849 5325 Jesu
2890 5268 3094 5325 Christi
3119 5270 3187 5325 “.
3222 5288 3240 5322 ι

2051 5359 2112 5414 Β.
2154 5361 2232 5415 ita
2272 5362 2443 5416 aiunt.
2470 5360 2765 5433 Postquam
2796 5362 2941 5417 enim
2973 5361 3144 5417 semel
3174 5361 3451 5416 admissus
3484 5371 3573 5416 est

1976 5454 2039 5506 ad
2080 5454 2516 5521 coniunctionem
2563 5469 2686 5509 cum
2729 5453 2841 5510 Deo
2882 5452 3081 5518 Verbo,
3124 5470 3354 5525 magnus
3404 5456 3569 5509 etiam

1975 5545 2089 5614 ipse
2136 5547 2279 5601 Deus
2330 5557 2555 5605 vocatus
2591 5556 2697 5614 est,
2752 5546 2972 5602 tametsi
3029 5561 3095 5603 ex
3142 5546 3351 5603 semine
3400 5544 3573 5605 David

1974 5648 2147 5693 ortus.

2046 5729 2113 5783 Δ.
2154 5730 2198 5786 0
2227 5729 2554 5789 immensum
2595 5733 2910 5805 stuporem!
2948 5751 2968 5786 ι
2995 5730 3133 5788 Cum
3169 5746 3229 5790 se
3258 5730 3442 5789 dicant
3473 5746 3569 5789 sa-

1431 5907 1474 5937 “
1508 5904 1665 5963 lium.
1705 5924 1822 5973 vin.
1854 5912 1907 5975 ὅ,
1935 5910 1987 5971 1.
2058 5915 2103 5946 ³⁵
2138 5914 2317 5972 Gaiat.
2344 5930 2419 5973 tv.
2463 5915 2513 5970 ιι.
2594 5914 2639 5947 ⁸⁸
2672 5913 2781 5972 Tit.
2812 5928 2873 5975 ιι.
2906 5912 3097 5970 “43.
