3988 6484
515 474 652 533 1307

1542 481 1600 537 8.
1630 480 1905 539 εῑιιιιιι
1945 477 2415 542 ALEXANDRINI
2459 489 2782 549 ARCHIEP.

3638 494 3769 552 1308

512 591 743 660 pientes,
799 594 947 650 stulti
1006 594 1133 649 facti
1185 606 1330 662 sunt,
1371 615 1387 649 t
1433 598 1583 668 juxta
1636 599 2071 668 Scripturam".

2184 606 2358 672 σοφοὶ,
2401 609 2820 684 ιμωράνθησαν.
2856 632 2875 665 ι
2910 612 3052 668 κατὰ
3078 613 3140 668 τὸ
3160 614 3581 685 γεγραμμὶνον.
3634 610 3763 667 Μιθ-

516 682 830 740 ‘l‘raducttnt
869 686 1033 752 enim,
1076 695 1135 740 ut
1166 685 1302 752 dixi,
1336 703 1549 743 omnem
1581 690 1827 759 mysterii
1867 688 2071 745 Christi

514 780 619 828 vim
648 789 711 830 ac
741 777 988 831 virtutem
1036 777 1087 831 in
1118 779 1472 835 contrarium.
1512 780 1578 835 Et.
1610 784 1751 852 quod
1792 780 1966 849 ipsum
1999 782 2078 835 di-

509 875 643 921 cunt
677 867 893 937 dignum
925 883 990 922 eo
1022 868 1225 925 honore
1251 871 1546 940 iudicatum
1586 887 1726 936 esse,
1770 872 1897 926 nihil
1935 871 2077 925 aliud

510 967 597 1012 est
628 974 788 1027 quam
828 973 1170 1017 communem
1211 962 1445 1033 aliquem
1487 964 1761 1020 hominem
1820 974 2073 1029 statuere,

512 1062 564 1103 et
601 1049 965 1106 diversitatem
1008 1054 1296 1122 quamdam
1343 1042 1720 1127 imperi‘tefac
1761 1058 2076 1112 dualitatem

513 1139 745 1193 filiorum
794 1141 1123 1197 adorandam
1172 1159 1494 1214 pr0ponere,
1550 1161 1781 1216 quorum
1827 1145 1966 1201 alter
2009 1147 2078 1201 sit

511 1241 705 1284 natura
754 1247 816 1286 ac
862 1247 989 1287 vere
1018 1234 1206 1301 Filius,
1243 1239 1381 1291 alter
1427 1238 1693 1293 ascititius
1739 1246 1793 1291 et
1840 1238 2097 1307 spusius,‘

510 1320 750 1391 nihilque
786 1325 987 1379 habens
1029 1326 1168 1393 quod
1214 1343 1366 1382 suum
1402 1330 1509 1390 sit;
1546 1329 1619 1381 ita
1664 1338 1721 1382 ttt
1756 1328 1830 1382 illi
1862 1328 2080 1396 perinde

509 1426 573 1465 ac
615 1412 767 1468 nobis
795 1414 903 1476 diei
938 1416 1151 1481 possit:
1184 1435 1203 1468 ι
1236 1417 1373 1483 Quid
1410 1418 1576 1474 habes
1600 1420 1742 1487 quod
1780 1435 1882 1473 non
1926 1434 2081 1473 acce-

508 1503 652 1571 peris
673 1503 753 1565 υτ
786 1522 806 1557 ι
852 1502 1120 1559 Praeterea
1172 1507 1301 1576 quid
1350 1508 1417 1562 de
1468 1508 1870 1578 sapientissimo
1915 1508 2081 1562 Paulo

506 1604 828 1660 statuemus,
888 1597 957 1650 ita
1013 1598 1226 1653 dicente
1263 1618 1277 1654 :
1310 1619 1328 1651 ι
1362 1598 1454 1655 Dei
1508 1602 1652 1655 enim
1705 1600 1876 1665 Filius
1922 1601 2078 1657 Jesus

507 1681 784 1748 Christus,
816 1688 907 1753 qui
947 1688 997 1740 in
1038 1688 1190 1742 vobis
1234 1705 1326 1759 per
1364 1706 1463 1746 nos
1494 1690 1817 1761 pradicatus
1847 1702 1951 1759 est,
1983 1705 2079 1760 per

509 1790 593 1827 tne
624 1785 677 1829 et
709 1774 984 1831 Silvanum
1018 1791 1072 1832 et
1098 1778 1463 1845 Timotheum,
1501 1796 1605 1837 non
1635 1781 1737 1836 fuit
1770 1785 1820 1837 in
1857 1784 1949 1838 illo
1976 1802 2075 1844 Is'r

505 1874 558 1917 et
592 1881 719 1931 non,
754 1868 974 1923 SOJ’IS'I'
1001 1869 1054 1923 in
1083 1870 1174 1924 illo
1208 1870 1310 1926 l'uit
1333 1872 1399 1927 ”.
1430 1892 1450 1926 ι
1484 1872 1763 1940 Quomodo
1791 1876 1935 1930 enim
1968 1893 2072 1934 non

504 1954 665 2009 fuerit
694 1971 801 2017 351'
845 1969 898 2013 et
925 1952 1028 2015 non
1051 2001 1065 2025 ,
1098 1962 1141 2016 si
1177 1961 1316 2017 Deus
1357 1979 1475 2019 esse
1511 1966 1729 2032 dicitur,
1763 1978 1813 2022 et
1854 1984 1957 2024 non
1992 1982 2073 2027 est
2103 1955 2145 2011 Β

504 2043 686 2101 Densi
719 2048 763 2101 si
792 2048 927 2104 falso
956 2053 1022 2106 de
1050 2053 1165 2121 ipso
1204 2055 1401 2109 dicitur
1434 2056 1581 2122 illud,
1616 2057 1787 2115 Filius
1815 2072 1867 2115 et
1896 2061 2077 2117 Domi-

503 2137 645 2192 nus?
679 2138 735 2193 Si
775 2154 902 2196 vero
932 2142 1001 2196 ita
1044 2159 1105 2199 se
1135 2160 1226 2201 res
1260 2145 1441 2212 habet,
1474 2158 1527 2201 ut
1562 2149 1648 2205 isti
1682 2152 1890 2220 volunt,
1919 2169 2077 2224 opor-

505 2232 669 2286 tuerit
694 2234 879 2300 etiam,
910 2244 969 2289 ut
1007 2238 1268 2302 arbitrer,
1302 2240 1525 2297 dicere:
1563 2260 1582 2294 t
1608 2243 1796 2299 Gratia
1834 2246 1923 2300 Dei
1956 2261 2072 2300 sum

505 2316 559 2372 id
587 2321 728 2390 qund
756 2336 874 2376 sum
898 2322 965 2381 ”.
998 2342 1017 2376 ι
1037 2325 1202 2393 Quod
1228 2318 1376 2385 enim
1408 2333 1733 2387 naturaliter
1773 2346 1877 2387 non
1910 2336 2072 2401 inest,

500 2410 595 2463 sed
622 2412 963 2470 extrinsecus
1002 2417 1236 2474 ascitum
1264 2429 1367 2483 est,
1401 2431 1454 2477 et
1483 2422 1552 2477 ab
1589 2423 1695 2477 alio
1724 2426 1928 2491 datum,
1966 2443 2071 2481 non

501 2510 585 2554 est
628 2502 913 2559 dicendum
958 2507 1076 2575 ejus
1104 2512 1199 2580 qui
1245 2513 1473 2579 accepit,
1524 2514 1617 2568 sed
1652 2514 1771 2583 ejus
1800 2516 1891 2584 qui
1930 2518 2075 2573 dedit

502 2598 663 2657 atque
697 2588 924 2662 largitus
961 2605 1065 2651 est.
1113 2599 1230 2665 Quo
1268 2610 1427 2669 pacto
1472 2613 1650 2658 autem
1695 2604 1831 2657 dixit
1862 2621 1877 2657 :
1914 2625 1931 2657 t
1966 2607 2073 2671 Ego

498 2693 619 2733 sunt
655 2679 956 2749 Veritas“,
989 2706 1007 2740 ι
1048 2690 1090 2743 si
1135 2690 1267 2744 nihil
1317 2692 1370 2747 in
1413 2696 1529 2763 ipso
1569 2704 1653 2750 est
1701 2696 1853 2751 veri?
1907 2698 2070 2769 Atqui

502 2774 1012 2840 comprehenderint
1053 2780 1215 2834 etiam
1259 2783 1432 2851 ipsum
1481 2788 1738 2856 tenebrat,
1783 2791 1830 2844 si
1886 2793 2073 2845 menti-

505 2873 608 2917 tur.
636 2864 900 2921 Ceterum
928 2887 947 2920 t
974 2885 1077 2925 non
1109 2872 1237 2927 fecit
1264 2886 1773 2951 peccatum,1neque
1820 2882 2073 2938 inventus

501 2964 583 3008 est
611 2956 662 3009 in
690 2971 783 3010 ore
812 2959 981 3028 ipsius
1011 2963 1187 3032 dolus,
1219 2983 1238 3018 ι
1270 2976 1328 3020 ιιι
1361 2970 1625 3040 scriptum
1656 2983 1739 3028 est
1759 2974 1825 3027 ⁸⁸.

570 3042 624 3097 Β.
666 3044 781 3101 Non
802 3062 953 3105 sane.

576 3136 637 3191 Α.
679 3136 935 3203 Quasnam
974 3158 1105 3199 vero
1139 3143 1300 3204 fuerit
1343 3151 1675 3222 esinanitio;
1715 3167 1807 3213 aut
1855 3160 1942 3215 cui
1979 3176 2070 3217 ac-

502 3228 731 3297 ciderit?
764 3229 947 3301 Neque
980 3234 1126 3290 enim
1155 3253 1481 3313 quemquam
1514 3246 1851 3305 exinanitum
1883 3252 2068 3308 videre

498 3329 605 3383 est,
638 3320 801 3393 746
822 3324 915 3379 sed
947 3330 1126 3396 potius
1159 3341 1350 3387 contra
1377 3336 1677 3406 impletum,
1711 3355 1833 3395 cum
1866 3342 2068 3413 alioqui

499 3407 883 3500 plenitudinem
932 3430 1001 3470 ex
1045 3432 1141 3473 sua
1192 3432 1382 3479 natura
1424 3426 1640 3484 habeat.
1693 3428 1877 3500 Neque
1923 3407 2069 3488 enim

500 3494 677 3551 aliena
718 3514 817 3569 ope
857 3506 1030 3572 eguit;
1088 3517 1142 3563 et
1193 3524 1652 3581 supervacaneum
1698 3520 1749 3571 in
1802 3534 1865 3574 cn
1912 3521 2072 3578 fuerit

499 3590 766 3658 accipere,
804 3610 925 3649 cum
951 3612 1017 3651 es
1054 3614 1152 3655 sua
1179 3612 1371 3657 natura
1406 3605 1476 3659 sit
1505 3608 1955 3676 perfectissimus,
1983 3616 2072 3668 ni-

500 3681 680 3751 hilque
713 3686 761 3739 ei
805 3687 979 3755 desit;
1012 3690 1107 3746 sed
1155 3707 1220 3748 ex
1256 3696 1589 3763 plenitudine
1628 3700 1833 3756 Christi
1884 3719 2071 3759 omnes

500 3788 598 3826 nos
656 3777 963 3845 accepimus
986 3780 1071 3847 ³³,
1125 3798 1301 3851 neque
1372 3784 1677 3843 divinorum
1731 3792 2067 3861 eloquiorum

501 3879 777 3930 pmcones
832 3870 1044 3925 mentiti
1090 3872 1310 3930 fuerint.
1345 3875 1546 3933 Plenus
1594 3881 1740 3935 enim
1782 3894 1865 3937 est
1906 3885 2067 3940 Chri-

498 3966 635 4025 stus,
670 3974 842 4030 neque
863 3963 1154 4034 quidquam
1198 3969 1421 4023 omnino
1452 3974 1505 4025 in
1542 3972 1658 4041 ipso
1692 3983 1797 4040 est,
1828 3978 1969 4044 quod
2002 3976 2070 4032 ab

498 4045 604 4101 alio
630 4054 918 4120 acceperit,
942 4066 1209 4125 quatenus
1238 4069 1490 4115 censetur
1516 4074 1573 4117 et
1600 4074 1680 4119 est
1711 4066 1849 4121 Deus
1882 4086 1895 4123 :
1931 4079 2069 4122 tam-

496 4141 599 4195 etsi
664 4147 936 4213 proprium
1008 4151 1171 4206 etiam
1244 4153 1293 4207 ei
1348 4154 1547 4209 factum
1599 4167 1719 4225 est,
1793 4160 2065 4230 accipere,

499 4241 720 4301 propter
752 4236 999 4293 humanae
1044 4250 1250 4298 natura:
1288 4246 1685 4314 conditionem;
1717 4257 1769 4303 et
1800 4262 2067 4320 quatenus

499 4327 749 4392 apparuit
802 4332 975 4385 nostri
1026 4333 1241 4389 similis.
1299 4335 1465 4393 Nobis
1513 4340 1687 4406 enim,
1747 4352 1799 4398 et
1851 4345 2064 4413 quidem

499 4426 645 4470 recte
690 4419 905 4476 dicatur
936 4422 963 4477 τ’
989 4442 1008 4476 ι
1040 4425 1179 4493 Quid
1214 4429 1357 4483 enim
1410 4429 1597 4497 habes,
1632 4433 1776 4501 quod
1824 4449 1927 4490 non
1972 4450 2066 4492 ac-

497 4507 725 4572 cepisti?
755 4529 773 4559 ι

2185 703 2362 754 tardat
2410 703 2539 776 γὰρ,
2580 706 2654 770 ὡς
2671 706 2829 776 ἔφην,
2861 705 2955 760 τοῦ
2996 705 3140 761 κατὰ
3179 706 3421 777 Χριστὸν
3472 705 3758 777 μυστηρίου

2180 791 2279 863 τὴν
2308 792 2555 866 δύναμιν,
2605 800 2684 861 τίς
2722 800 2830 852 πᾶν
2872 798 3203 862 τούναντίον,
3241 798 3335 851 καὶ
3366 797 3469 867 μὲν
3510 794 3761 865 sanam

2179 882 2359 952 λέγειν
2399 886 2580 953 αὑτὸν,
2622 887 2706 959 εἴη
2737 887 2803 942 ἂν
2854 887 3042 960 ἕτερον
3075 888 3250 950 οὐδὲν,
3286 886 3432 958 πλὴν
3465 888 3552 939 ὅτι
3599 886 3762 939 κοινὸν

2180 974 2470 1047 ἄνθρωπον
2490 979 2839 1046 ἀποφαίνειν,
2870 980 2965 1033 xui
2989 981 3070 1043 είς
3100 981 3397 1051 ἑτερότητα
3415 979 3517 1047 τὴν
3543 979 3760 1031 aluum

2182 1068 2550 1140 ἀποτειχίζειν
2618 1071 2882 1135 ἀϐούλως,
2960 1070 3037 1134 ὡς
3108 1072 3240 1124 υίῶν
3304 1070 3551 1124 νοεῖσθαι
3610 1068 3753 1123 δυάδα

2180 1162 2585 1234 προσκυνητὴν,
2643 1156 2718 1219 ὧν
2776 1167 2805 1217 6
2852 1167 2951 1235 μιν
2996 1164 3116 1216 ἐστι
3160 1163 3322 1231 φύσει
3370 1162 3470 1214 xui
3530 1160 3755 1230 ἀληθῶς.

2182 1249 2407 1322 θάτερός
2430 1270 2492 1320 γε
2535 1253 2661 1325 μὴν,
2696 1255 3005 1324 είσποιητός
3037 1272 3095 1307 τε
3137 1255 3229 1307 xui
3256 1252 3432 1314 νόθος.
3481 1254 3586 1304 xui
3625 1250 3760 1302 οὐδὲν

2181 1340 2319 1409 ἔχων
2372 1343 2588 1395 ὃσὲστιν
2640 1345 2829 1407 αὐτοῦ,
2882 1344 2969 1397 ἴνα
3025 1345 3118 1397 xui
3174 1342 3325 1412 αὐτῷ
3364 1342 3605 1410 λέγηται
3653 1339 3759 1410 μεθ’

2180 1431 2367 1501 ἡμῶν·
2418 1450 2436 1483 ι
2466 1432 2530 1485 Τί
2564 1433 2673 1503 γὰρ
2721 1434 2884 1504 ἔχεις,
2932 1434 2960 1486 6
2990 1435 3088 1486 οὐκ
3135 1432 3358 1497 ἔλασεςς
3420 1452 3438 1483 ι
3469 1427 3609 1484 Εἶτα
3648 1431 3757 1483 ὅποι

2180 1525 2311 1577 ποτὲ
2346 1522 2611 1592 βαδιεῖται
2654 1527 2829 1594 λέγων
2867 1528 2896 1579 6
2941 1525 3216 1592 πάνσοφος
3249 1522 3489 1585 Παῦλος,
3518 1542 3539 1575 ι
3589 1522 3647 1575 ’0
3673 1518 3755 1572 τοῦ

2178 1612 2313 1666 Θεοῦ
2336 1615 2443 1684 γὰρ
2473 1615 2601 1679 Tib;
2631 1617 2865 1687 Χριστὸς
2901 1616 3129 1688 Ἰησοῦς,
3157 1618 3185 1669 ὁ
3216 1617 3272 1668 ὲν
3299 1616 3433 1684 ὑμῖν
3468 1612 3755 1684 κηρυχθεὶς

2176 1705 2244 1759 δι’
2286 1706 2421 1776 ἐμοῦ
2460 1710 2553 1762 xui
2591 1708 2880 1763 Σιλουανοῦ
2920 1709 3017 1763 xui
3063 1705 3351 1778 Τιμοθέου,
3408 1707 3513 1759 οὐκ
3554 1705 3759 1771 ἐγένετο

2177 1797 2284 1852 Ναί
2314 1800 2409 1852 καὶ
2443 1799 2538 1864 Οὔ,
2579 1799 2715 1855 ἀλλὰ
2743 1802 2849 1855 Ναί
2887 1803 2946 1855 ἑν
2980 1801 3128 1871 αὑτῷ
3162 1800 3372 1868 γέγονε.
3411 1818 3428 1849 ι
3486 1798 3619 1861 na»;
3659 1796 3758 1866 γάρ

2177 1891 2237 1945 οὒ
2264 1892 2454 1961 γέγονε
2484 1891 2586 1946 Ναί
2615 1894 2709 1946 καὶ
2750 1892 2857 1958 Οῦ,
2886 1896 2934 1947 εί
2968 1892 3100 1957 Θεὸς
3122 1888 3260 1946 εἶναι
3289 1891 3516 1959 λέγεται
3549 1892 3649 1944 xui
3669 1889 3759 1943 οὐκ

2174 1983 2289 2037 ἔστι
2327 1983 2493 2049 Θεόςς
2543 1986 2591 2038 ει
2618 1984 3059 2055 κατεψευσμένον
3087 1986 3171 2039 ἐπ’
3201 1982 3367 2037 αὑτοῦ
3395 1983 3480 2045 τὸ,
3514 1981 3649 2044 Υἱός
3672 1980 3758 2034 xui

2175 2077 2414 2147 Κύριοςς
2458 2079 2674 2148 Ἔχοντι
2704 2078 2760 2131 δὲ
2790 2071 2918 2142 ὧδε,
2958 2076 3104 2132 καθά
3132 2094 3293 2145 φασιν
3336 2076 3516 2137 αὐτοὶ,
3566 2075 3759 2145 πρέποι

2174 2166 2260 2235 ἂν,
2300 2163 2453 2238 οἶμαί
2490 2187 2614 2237 που,
2657 2172 2746 2224 xui
2784 2170 2846 2224 τὸ
2881 2170 3078 2240 χρῆναι
3119 2169 3297 2236 λέγειν
3321 2184 3337 2197 ”
3401 2187 3421 2217 ι
3451 2168 3654 2236 Χάριτι
3708 2164 3762 2217 6i

2174 2256 2307 2310 Θεοῦ
2339 2260 2455 2328 είμι
2489 2259 2516 2311 ὃ
2555 2261 2687 2328 είμι.
2720 2279 2739 2311 ι
2792 2260 2865 2312 T6
2898 2258 3007 2328 γὰρ
3054 2258 3129 2328 μὴ
3173 2256 3333 2325 φύσει
3380 2255 3608 2326 προσὸν,
3648 2251 3760 2306 ἀλλ’

2173 2348 2374 2412 ἔξωθεν
2428 2350 2522 2403 καὶ
2570 2350 3003 2421 είσκεκριμένον,
3042 2348 3135 2402 xui
3185 2348 3317 2416 παρ’
3347 2347 3543 2415 ἑτέρου
3588 2345 3760 2407 δοτδν,

2172 2440 2293 2510 οὐχὶ
2320 2441 2413 2494 τοῦ
2444 2442 2701 2505 λαϐόντος
2731 2443 2817 2513 εἴη
2845 2442 2910 2496 ἂν
2936 2441 3156 2512 μᾶλλον,
3184 2440 3323 2493 ἀλλὰ
3350 2438 3445 2492 τοῦ
3475 2437 3761 2506 νείμαντος

2174 2532 2265 2585 xui
2293 2534 2682 2603 χαρισαμένου.
2717 2532 2841 2595 Πῶς
2868 2533 2925 2585 δὲ
2955 2532 3049 2585 xui
3084 2532 3346 2599 ἔφασκεν.
3393 2550 3412 2582 t
3456 2528 3608 2597 Ἐγώ
3644 2529 3765 2597 ειμι

2172 2626 2203 2695 ἡ
2241 2624 2487 2696 ἀλήθεια,
2529 2645 2546 2677 ι
2591 2626 2638 2678 εί
2670 2626 2838 2697 μηδὲν
2863 2626 3058 2697 ἀληθὲς
3079 2626 3164 2680 ἐπ’
3193 2624 3390 2689 αὐτοῦς
3427 2620 3761 2691 Κατελήφθη

2170 2718 2313 2788 τάχα
2355 2735 2458 2771 που
2498 2720 2590 2772 xui
2622 2718 2726 2772 ὑπὸ
2770 2722 2869 2791 τῆς
2910 2718 3152 2780 σκοτίας,
3204 2718 3253 2770 ει
3290 2715 3573 2786 ψεύδεται.
3620 2712 3762 2767 Ἀλλ’

2179 2829 2197 2861 ι
2229 2811 2328 2863 οὐκ
2359 2811 2615 2880 ἐποίησεν
2665 2810 2964 2883 ἁμαρτίαν,
2993 2809 3112 2863 οὐδὲ
3150 2808 3349 2880 εὑρέθη
3376 2807 3530 2871 δόλος
3577 2808 3636 2859 ὲν
3684 2802 3765 2876 τῷ

2175 2898 2402 2970 στόματι
2423 2900 2611 2962 αὑτοῦ,
2642 2919 2659 2951 t
2696 2900 2840 2954 καθὰ
2872 2900 3200 2973 γέγραπται.

2243 3074 2303 3128 Β.
2338 3075 2412 3128 Οὐ
2438 3074 2545 3146 γὰρ
2575 3071 2687 3131 οὖν.

2241 3168 2306 3221 Δ.
2339 3168 2449 3221 Ποῦ
2487 3168 2545 3222 δὲ
2578 3170 2610 3240 ἡ
2659 3169 2926 3236 κένωσιςς
2985 3171 3083 3224 καὶ
3121 3172 3263 3238 τίνος
3296 3172 3364 3226 ἂν
3394 3174 3571 3224 νοοῖτο
3600 3165 3755 3236 γενι-

2173 3258 2297 3314 σθαι
2332 3260 2547 3327 λοιπόν;
2596 3263 2671 3316 Οὐ
2714 3261 2823 3333 γὰρ
2861 3262 3008 3317 ἔστιν
3060 3262 3186 3317 ἰδεῖν
3220 3261 3595 3333 κεκενωμένον
3636 3256 3756 3312 τινὰ

2176 3353 2393 3424 μᾶλλον,
2420 3354 2533 3407 ἀλλ’
2559 3354 2623 3407 ἔκ
2647 3372 2708 3423 γε
2736 3355 2842 3407 τῶν
2872 3355 3131 3407 ἐναντίων
3152 3354 3550 3426 πληρούμενον,
3577 3351 3755 3404 καίτοι

2170 3443 2232 3497 τὸ
2260 3445 2465 3517 πλῆρες
2490 3446 2679 3515 ἔχοντα
2712 3449 2832 3499 κατ’
2864 3447 2999 3501 ίδίαν
3028 3449 3210 3517 φύσιν.
3244 3448 3314 3500 Οὐ
3338 3448 3448 3517 γὰρ
3471 3448 3534 3499 ἂν
3561 3442 3753 3513 ἐδεήθη

2171 3535 2280 3589 τῶν
2313 3538 2442 3608 παρ’
2472 3538 2680 3608 ἐτέρου,
2715 3538 2809 3591 xui
2859 3538 3110 3609 περιττὸν
3142 3535 3210 3610 ἦν
3258 3538 3406 3608 αὐτῷ
3444 3538 3507 3590 τὸ
3550 3535 3753 3597 λαϐεῖν,

2170 3620 2380 3675 οἴκοθεν
2410 3622 2585 3693 ἔχοντι
2617 3624 2674 3675 τὸ
2700 3626 3005 3691 αὐτοτελὲς,
3053 3629 3147 3681 xui
3170 3628 3233 3681 τδ
3258 3628 3395 3698 πρὸς
3427 3628 3537 3681 πᾶν
3575 3623 3755 3680 ὁτιοῦν

2170 3713 2536 3784 ἀποχρώντως
2557 3715 2697 3785 ἔχον,
2736 3717 2854 3770 ἀλλ’
2882 3720 2947 3772 ἐκ
2982 3719 3352 3791 πληρώματος
3384 3719 3480 3774 τοῦ
3514 3714 3755 3790 Χριστοῦ

2170 3804 2369 3869 πάντες
2404 3807 2566 3877 ἡμεῖς
2612 3806 2897 3879 ἐλάϐομεν,
2944 3812 3040 3865 xui
3082 3812 3186 3866 οὐκ
3209 3812 3287 3865 ἂν
3312 3811 3663 3882 διαψεύσαιτο
3694 3806 3756 3861 τὺ

2166 3892 2274 3946 τῶν
2298 3893 2574 3965 θεηγόρων
2602 3900 2670 3967 χὴ
2682 3915 2885 3969 ρυγμα.
2920 3901 3139 3973 Πλήρης
3183 3902 3293 3974 γὰρ
3319 3905 3348 3957 6
3376 3902 3633 3975 Χριστὸς,
3659 3900 3754 3953 xui

2168 3983 2319 4038 δοτὸν
2345 3986 2494 4055 αὐτῷ
2526 3988 2807 4052 παντελῶς
2836 3990 3010 4055 οὐδὲν,
3058 3991 3201 4045 καθὰ
3245 3995 3447 4045 νοεῖται
3498 3993 3594 4044 xui
3637 3990 3753 4043 ἔστι

2169 4077 2321 4144 Θεὸς,
2358 4081 2404 4133 εί
2459 4080 2552 4133 xui
2600 4081 2823 4150 γέγονεν
2872 4082 3036 4136 αὑτοῦ
3072 4085 3134 4137 τὸ
3173 4083 3376 4149 λαϐεῖν,
3419 4083 3508 4136 διὰ
3556 4084 3615 4136 τὸ
3656 4082 3752 4151 τῆς

2170 4171 2583 4243 ὰνθρωπότητος
2627 4173 2847 4245 μέτρον,
2896 4176 2989 4228 καὶ
3019 4176 3155 4230 καθὸ
3184 4176 3393 4246 πέφηνε
3425 4175 3551 4228 καθ’
3583 4176 3748 4245 ἡμᾶς,

2168 4258 2249 4328 οἷς
2278 4264 2343 4318 ἂν
2371 4264 2582 4334 λέγοιτο
2618 4266 2711 4319 xui
2763 4265 2912 4337 μάλα
2957 4267 3154 4341 ὀρθῶς
3202 4288 3221 4321 ι
3250 4268 3314 4320 Τί
3360 4268 3469 4339 γὰρ
3519 4266 3684 4338 ἔχεις,
3723 4266 3753 4319 6

2166 4356 2266 4410 οὐκ
2294 4356 2483 4422 ἔλαόες
2501 4375 2516 4423 ;
2541 4376 2560 4409 ι

564 4597 623 4651 Β.
663 4598 820 4657 Certe
862 4604 964 4660 hoc
1003 4617 1274 4675 asserunt,
1305 4625 1469 4666 unum
1512 4626 1632 4669 esse
1663 4613 1961 4682 Christum,
2000 4628 2051 4672 et

2230 4628 2289 4682 Β.
2320 4627 2447 4692 Nui,
2484 4627 2669 4696 φησιν,
2723 4622 2805 4691 εἷς
2857 4628 2974 4681 ἐστι
3012 4626 3267 4697 Χριστὸς,
3325 4625 3419 4679 xui
3466 4624 3615 4688 Υἱὸς.
3656 4626 3747 4677 xui

497 4690 711 4758 Filium,
738 4709 791 4751 et
822 4697 1127 4765 Dominum,
1157 4699 1391 4757 Verbum
1423 4718 1489 4759 es
1526 4704 1632 4759 Deo
1669 4705 1828 4761 Patre
1846 4707 1913 4773 “,
1939 4722 2066 4763 con-

491 4783 681 4853 juncto
718 4788 929 4843 interim
966 4791 1064 4859 ipsi
1099 4807 1164 4846 eo
1199 4794 1288 4863 qui
1320 4804 1406 4849 est
1438 4810 1503 4850 ex
1529 4796 1734 4852 semine
1765 4797 1949 4852 David.

570 4876 636 4929 Α.
685 4877 751 4930 At
808 4881 952 4935 dicat
998 4882 1195 4951 aliquis
1243 4884 1519 4952 illiszQui
1571 4887 1917 4955 coniunctum
1959 4889 2060 4945 sibi

496 4966 659 5022 habet
702 4967 890 5036 alium,
931 4987 1034 5026 non
1082 4985 1259 5043 potest
1315 4978 1526 5032 censeri
1574 4994 1733 5045 unus,
1777 4982 1873 5037 sed
1922 4995 2062 5035 unus

493 5073 615 5114 cum
645 5075 771 5125 uno,
804 5062 903 5116 hoc
934 5074 1039 5129 est,
1087 5064 1230 5121 alio:
1256 5068 1363 5124 duo
1388 5076 1567 5126 autem
1613 5071 1663 5126 hi
1701 5088 1922 5141 prorsus
1961 5072 2071 5127 sint

497 5164 717 5207 necesse
752 5162 857 5209 est.
888 5153 1039 5212 Unus
1062 5172 1194 5213 vero
1232 5160 1559 5231 intelligetur
1592 5179 1775 5219 revera
1820 5180 1941 5220 esse
1980 5164 2068 5219 Fi-

494 5242 619 5311 lius,
651 5245 696 5301 si
722 5248 969 5303 eumdem
1012 5250 1254 5308 dicamus
1283 5269 1406 5311 esse
1446 5271 1513 5313 ex
1547 5257 1656 5313 Deo
1681 5260 1899 5330 quidem
1932 5240 2071 5313 divi-

494 5337 641 5393 nitus
679 5338 920 5409 genitum
948 5340 1115 5397 Deum
1148 5341 1421 5416 Verbum;
1454 5351 1849 5407 admirabiliter
1886 5362 2068 5407 autem

494 5428 766 5485 hominem
800 5440 855 5487 et
884 5435 1180 5490 secundum
1215 5451 1431 5493 carnem
1477 5441 1675 5497 factum
1712 5460 1777 5499 ex
1814 5445 2051 5503 muliere.

494 5520 551 5574 Si
583 5535 710 5576 vero
738 5538 857 5578 eum
885 5526 975 5595 qui
1020 5537 1105 5582 est
1134 5542 1199 5583 ex
1242 5530 1451 5586 semine
1484 5532 1646 5588 David
1693 5536 1918 5591 seorsim
1951 5548 2061 5594 sta-

494 5620 706 5669 tuentes
750 5630 815 5671 ac
861 5617 1258 5689 distinguentcs
1297 5636 1485 5677 verum
1536 5624 1703 5681 Deum
1761 5638 1815 5685 et
1862 5629 2059 5689 Filium

566 5825 876 5916 l'ilionnnt;
897 5829 1015 5916 (ἐξζῆ
1063 5830 1109 5916 ξ’
1138 5830 1151 5881 Ι
1178 5834 1407 5916 Cum-tv,
1443 5834 1510 5916 7;
1548 5837 1630 5916 ’Ἰ
1670 5838 1706 5891 li
1740 5838 1847 5893 Cor
1902 5856 1937 5916 ι,
1976 5846 2055 5901 ιε),

2176 5852 2181 5876 ⁸
2214 5848 2229 5903 l
2261 5850 2383 5906 Cor.
2425 5865 2511 5916 sv,
2550 5848 2635 5905 ιο.
2738 5848 2781 5881 ³⁵
2820 5846 2976 5904 Joan.
3004 5862 3114 5916 xtv,
3156 5847 3210 5903 6.

493 5892 686 5951 IPctr.
717 5910 776 5964 tt,
807 5898 895 5953 22.
960 5899 1015 5959 ,⁸³
1064 5899 1277 5966 Ιθιριιηι,
1311 5892 1405 5958 iii.
1474 5904 1515 5936 ³⁵
1548 5902 1715 5963 lCor.
1750 5925 1865 5975 vm,
1904 5892 1956 5966 ii.

2170 4720 2394 4791 Κύριος,
2450 4722 2479 4773 6
2525 4719 2591 4773 ἐκ
2643 4718 2777 4773 Θεοῦ
2838 4719 3053 4789 Πατρὸς
3118 4718 3323 4787 Λόγος,
3386 4716 3747 4785 συναφθέντος

2169 4813 2325 4885 αὐτῷ,
2352 4813 2444 4867 τοῦ
2482 4815 2545 4867 ὲκ
2582 4812 2898 4885 σπέρματος
2928 4812 3114 4867 Δαϐίδ.

2239 4908 2304 4959 A.
2370 4905 2530 4971 Ἀλλ’,
2562 4900 2610 4960 ὦ
2659 4905 2945 4976 βέλτιστοι,
3007 4903 3139 4976 φαίη
3192 4920 3274 4966 τις
3330 4902 3397 4955 ἂν
3456 4901 3662 4964 αὐτοῖς,
3718 4900 3746 4952 6

2172 4998 2513 5068 συνημμένον
2545 4998 2683 5069 ἔχων
2726 4997 2935 5068 ἕτερον,
2972 4991 3053 5059 εἷς
3083 4995 3183 5048 οὐκ
3205 4992 3271 5046 ἂν
3300 4993 3491 5053 νοοῖτο,
3542 4990 3742 5053 πόθεν;

2182 5090 2318 5144 Ἀλλ’
2348 5086 2427 5154 εἷς
2458 5089 2578 5160 μεθ’
2605 5089 2742 5154 ἑνὸς,
2772 5090 2942 5160 ηγουν
2974 5085 3096 5157 μεθ’
3136 5086 3345 5156 ἑτέρου,
3392 5084 3495 5138 δύο
3514 5081 3571 5135 δὲ
3602 5074 3745 5135 οὗτοι

2170 5174 2344 5257 πέῖντη
2374 5202 2434 5237 τε
2466 5184 2558 5238 xui
2592 5184 2829 5247 πάντως.
2881 5178 2977 5244 Εἷς
3015 5180 3060 5234 δ’
3097 5178 3165 5233 ἂν
3209 5182 3381 5232 νοοῖτο
3421 5177 3566 5231 κατὰ
3616 5175 3746 5244 ἀλήσ-

2170 5276 2317 5330 θειαν
2354 5277 2611 5347 ὑπάρχων
2641 5275 2790 5343 Υιὸς,
2824 5277 2871 5328 εί
2909 5274 3002 5328 τὸν
3044 5273 3209 5327 αὐτὸν
3257 5269 3399 5326 εἶναί
3430 5286 3632 5341 φαμεν,
3682 5269 3749 5321 ἐκ

2168 5366 2303 5420 Θεοῦ
2340 5366 2438 5434 μὲν
2462 5365 2658 5427 θεῖκῶς
2688 5364 3017 5435 γεννηθέντα
3046 5363 3179 5417 Θεὸν
3207 5362 3402 5431 Λόγονο
3428 5359 3743 5433 παραδόξοις

2167 5458 2224 5511 δὲ
2251 5458 2557 5529 ἄνθρωπον,
2590 5459 2683 5511 xui
2713 5458 2852 5511 κατά
2880 5458 3060 5529 σάρκα
3088 5457 3153 5510 ἐκ
3187 5454 3467 5523 γυναικός.
3499 5454 3561 5507 Ei
3594 5452 3649 5507 δὲ
3679 5451 3750 5523 δὴ

2166 5548 2259 5602 τὸν
2294 5550 2359 5602 ὲκ
2390 5548 2707 5621 σπέρματος
2732 5548 2828 5602 τοῦ
2860 5547 3026 5602 Δαϐὶδ
3057 5547 3164 5618 ίδία
3190 5545 3434 5609 τιθέντες
3493 5546 3589 5599 xui
3633 5544 3739 5597 διο⁹

2170 5640 2436 5712 ρίζοντες,
2486 5639 2578 5694 τοῦ
2631 5624 2771 5697 κατὰ
2804 5640 3062 5714 ἀλήθειαν
3099 5635 3241 5695 εἶναι
3286 5639 3422 5694 Θεὸν
3463 5638 3560 5693 xui
3618 5636 3738 5691 Υίιν

3321 5846 3366 5880 ³⁸
3393 5844 3496 5901 lsa.
3532 5859 3650 5909 ιιιι,
3680 5843 3729 5905 ος
