3988 6460
296 500 431 556 ιζυθ

1433 492 1621 561 QUOD
1661 488 1849 548 ΗΝυὸ
1892 487 1999 542 SIT
2037 488 2409 545 CHRISTUS.

3441 472 3579 533 1810

288 624 667 693 ᾰκπέμπουσι,
720 620 973 674 κοινωνὸν
1004 618 1062 672 δέ
1100 617 1297 688 μᾶλλον
1337 616 1585 684 υίότητος
1630 610 1727 667 καὶ
1784 608 1879 679 μέο

2011 625 2108 664 esse
2137 611 2348 675 nolunt,
2376 609 2468 665 sed
2504 606 2687 678 potius
2714 601 3035 673 participem
3069 596 3343 655 ﬂiiationis
3374 604 3431 653 et
3462 602 3576 668 glo-

292 726 446 781 τοχον
478 709 637 781 δόξης
666 708 877 771 όθνείας
908 703 1046 762 εἷναί
1073 723 1258 778 φασιν,
1290 707 1351 759 οὐ
1381 704 1580 776 μάτην,
1613 703 1688 765 ὡς
1707 697 1881 772 οἶμαι,

290 803 393 865 τάς
437 803 590 874 παρὰ
636 800 743 853 τῶν
801 800 1071 854 Ἰουδαίων
1109 798 1381 859 διαϐολὰς,
1428 796 1512 848 ἐπ’
1546 792 1698 863 αὐτῷ
1730 809 1885 861 γενο-

296 894 467 963 μένας
500 894 826 964 εὑρήσομεν.
866 892 1142 961 Ἕφασκον
1180 891 1307 960 γάρ,
1359 889 1439 942 ὅτι
1482 907 1499 939 ι
1537 887 1671 957 Περὶ
1717 883 1885 938 καλοῦ

290 985 454 1055 ἔργου
490 983 550 1036 οὐ
586 981 874 1053 λιθάζομέν
909 1000 990 1045 σε,
1033 981 1168 1035 ἀλλὰ
1208 980 1335 1051 περὶ
1386 978 1757 1051 βλασφημίας,
1806 977 1885 1029 ὅτι

293 1079 359 1131 σὺ
390 1076 675 1145 ἅνθρωπος
702 1075 799 1141 ῶν,
832 1080 1005 1139 ποιεῖς
1036 1075 1228 1129 ἑαυτὸν
1260 1075 1416 1129 Θεὸν.

366 1163 426 1216 Β.
463 1165 576 1217 Καὶ
612 1164 719 1236 μὴν
748 1166 840 1219 καὶ
870 1165 1001 1218 Θεὸν
1030 1166 1123 1218 καὶ
1152 1166 1279 1219 Υίὸν
1304 1164 1557 1237 ἀληθινὸν
1579 1160 1721 1220 εἶναί
1752 1181 1883 1235 φασι

298 1256 387 1308 τὸν
416 1256 513 1309 ἕνα
541 1258 795 1329 Χριστόν.

364 1347 432 1401 Α.
489 1348 657 1418 Δῆλον
709 1348 766 1401 δὲ
822 1348 905 1401 δτι
947 1350 1039 1401 τὸν
1090 1350 1153 1402 ἐκ
1205 1348 1340 1402 Θεοῦ
1394 1350 1587 1418 Λόγον,
1651 1348 1887 1404 λαϐόντα

294 1439 439 1493 κατά
467 1442 766 1511 συνάφειαν
796 1442 885 1495 τὸν
913 1443 975 1494 ἐκ
1008 1441 1321 1511 σπέρματος
1358 1440 1453 1495 τοῦ
1484 1441 1667 1494 Δαϐίδ.

368 1532 429 1590 Β.
471 1532 611 1587 Ἀλλ’
650 1536 699 1585 εἰ
741 1534 815 1604 μή
847 1534 997 1586 ἐστιν
1027 1534 1188 1595 αὐτὸς
1216 1535 1245 1586 6
1281 1534 1345 1587 ἐκ
1374 1531 1509 1587 Θεοῦ
1540 1534 1754 1605 [ἰατρὸς
1787 1534 1889 1587 Λό-

292 1641 411 1692 γος,
460 1627 489 1679 6
536 1626 630 1678 καὶ
677 1624 822 1678 κατά
868 1625 1051 1696 σάρκα
1094 1627 1159 1678 ἐκ
1213 1625 1490 1693 γυναικὸς,
1540 1626 1654 1679 ἀλλ’
1702 1626 1889 1693 ἔτερος

298 1716 417 1786 μεθ’
453 1717 665 1792 ἐτέρου,
700 1715 817 1780 πῶς
850 1716 917 1770 ἂν
946 1717 1157 1786 λέγοιτο
1197 1717 1464 1788 Χριστὸς,
1499 1718 1528 1771 6
1570 1716 1647 1788 μὴ
1702 1734 1889 1789 κεχρι-

297 1806 515 1877 σμένος,
543 1805 690 1861 καθὰ
721 1807 814 1861 καὶ
846 1807 1150 1877 φθάσαντες
1175 1807 1443 1879 εἴπομενς

364 1899 430 1951 Α.
464 1896 694 1963 Οὐκοῦν,
728 1899 776 1950 εί
806 1898 881 1970 μή
923 1899 1071 1953 ἐστιν
1098 1897 1286 1967 ἕτερος
1332 1894 1485 1967 παρά
1518 1893 1610 1948 τὸν
1648 1896 1710 1947 ἐκ
1752 1893 1888 1946 Θεοῦ

1996 704 2089 757 riae
2117 703 2307 756 aliena:
2347 715 2471 756 esse
2505 704 2767 763 statuunt,
2814 707 2921 749 non
2954 690 3181 756 frustra,
3216 698 3275 744 ut
3314 686 3577 751 arbitror,

1991 795 2163 851 Judaei
2207 794 2357 849 illum
2416 792 2734 847 calumniati
2791 788 3012 851 iuerint,
3059 785 3347 841 dicentes:
3384 799 3403 834 ι
3437 778 3582 847 Quia

1993 889 2065 943 ob
2101 888 2301 941 bonum
2344 900 2480 954 Opus
2511 900 2616 938 non
2653 881 2956 953 lapidamus
2993 889 3070 944 te,
3102 876 3197 932 sed
3234 874 3304 929 ob
3337 870 3583 939 blasphe-

1994 981 2204 1042 miam,
2264 977 2407 1047 quod
2470 990 2595 1031 cum
2665 976 2742 1031 sis
2819 976 3027 1036 homo,
3108 968 3283 1024 iacias
3348 964 3579 1033 teipsum

1995 1072 2162 1129 Deum
2185 1070 2251 1125 ³⁸.
2283 1087 2306 1124 s

2059 1161 2124 1217 Β.
2159 1160 2323 1229 Atqui
2364 1167 2417 1213 et
2460 1158 2627 1213 Deum
2677 1165 2733 1213 et
2778 1155 2977 1212 Filium
3023 1167 3143 1209 esse
3176 1152 3369 1207 dicunt
3412 1165 3580 1205 unum

1992 1254 2294 1310 Christum.

2064 1348 2132 1401 Α.
2173 1344 2409 1401 Verbum
2455 1343 2666 1399 scilicet
2701 1358 2765 1398 ex
2812 1339 2946 1407 Deo,
2978 1339 3122 1409 quod
3157 1335 3455 1404 assumpsit
3498 1348 3587 1387 ra-

1996 1442 2145 1497 tione
2174 1437 2581 1510 conjunctionis
2614 1450 2737 1491 eum
2775 1433 2866 1505 qui
2918 1442 3005 1489 est
3050 1446 3117 1487 ex
3154 1429 3365 1485 semine
3393 1426 3585 1482 David.

2068 1530 2129 1587 Β.
2172 1529 2465 1594 Ceterum,
2491 1527 2536 1583 si
2574 1541 2681 1582 non
2706 1534 2789 1581 est
2817 1526 2996 1597 ipsum
3027 1536 3093 1577 ex
3124 1520 3235 1575 Deo
3260 1518 3423 1573 Patre
3450 1514 3589 1572 Ver-

1996 1626 2146 1683 bum,
2174 1622 2319 1693 quod
2344 1630 2399 1676 et
2429 1617 2728 1675 secundum
2758 1628 2981 1673 carnem
3006 1621 3089 1670 est
3115 1628 3181 1667 ex
3216 1609 3465 1673 muliere,
3492 1608 3589 1663 sed

1996 1714 2131 1771 alius
2158 1730 2281 1771 cum
2323 1713 2462 1778 alio;
2497 1711 2770 1784 quomodo
2803 1708 3017 1763 dicatur
3055 1705 3305 1763 Christus
3346 1701 3438 1773 qui
3480 1715 3589 1755 non

1995 1819 2077 1865 est
2104 1817 2320 1873 unctus,
2350 1814 2410 1861 ut
2443 1813 2497 1860 et
2523 1814 2651 1858 ante
2682 1798 2966 1857 diximus?

2067 1899 2133 1955 Δ.
2172 1899 2315 1968 Ergo
2349 1898 2394 1952 si
2446 1897 2492 1952 is
2531 1894 2622 1963 qui
2660 1900 2745 1949 est
2779 1907 2845 1948 ex
2888 1890 3097 1946 semine
3132 1887 3303 1944 David
3352 1902 3458 1943 non
3503 1892 3593 1942 est

298 1989 512 2061 [ἰατρὸς
548 1991 744 2058 Λόγον,
770 1968 890 2044 όνέκ
921 1991 1239 2062 σπέρματος
1283 1987 1380 2043 τοῦ
1419 1986 1603 2052 Δαϐὶδ,
1642 1985 1887 2056 λεγέσθω

2011 1991 2130 2046 ilius
2178 2006 2209 2045 a
2254 1990 2432 2045 Verbo
2486 2002 2557 2043 ex
2594 1986 2704 2042 Deo
2756 1984 2940 2048 Patre,
2990 1980 3209 2037 dicatur
3240 1981 3407 2036 etiam
3460 1987 3591 2033 aute

296 2082 391 2136 καὶ
422 2080 768 2152 προαιὼνιος.

366 2174 439 2241 Β.-
465 2169 601 2227 Εἶτα
652 2171 771 2235 πῶς
809 2175 838 2226 6
872 2173 1149 2241 πάνσοφος
1196 2170 1430 2235 Παῦλος,
1473 2169 1752 2225 ἐκϐάλλων
1790 2169 1889 2241 τὴν

295 2266 473 2332 δόξαν,
510 2266 584 2330 ὡς
622 2267 679 2319 ἐν
722 2265 1058 2337 ἐρωτήσεσιν
1104 2269 1253 2319 ἐστιν
1284 2264 1533 2319 ἁπαιτῶν
1565 2264 1657 2318 καὶ
1693 2263 1888 2333 λέγων,

298 2378 316 2409 ι
362 2358 567 2430 Ἰησοῦς
594 2358 827 2429 Χριστὸς
866 2359 991 2429 χθὲς
1013 2359 1107 2412 καὶ¹
1136 2359 1379 2428 σήμερον
1401 2361 1428 2412 6
1458 2356 1644 2423 αὐτὸς,
1678 2358 1772 2412 καὶ
1804 2358 1887 2421 είς

295 2453 419 2515 τοὺς
444 2452 667 2514 αἰῶνας.
696 2471 713 2502 ι
748 2451 810 2503 Ei
855 2450 986 2519 γοῦν
1019 2452 1112 2504 καὶ
1155 2450 1361 2522 ἔτερος,
1398 2457 1427 2509 ὁ
1472 2449 1583 2520 γὰρ
1622 2450 1750 2520 χθὲς
1787 2451 1892 2504 ’καὶ

297 2544 555 2615 σήμερον,
588 2543 773 2614 φησὶν,
814 2540 1044 2614 Ἰησοῦς,
1080 2544 1107 2595 6
1136 2541 1300 2605 αὐτὸς
1331 2540 1483 2594 ἔσται
1526 2544 1619 2596 καὶ
1654 2544 1736 2606 είς
1764 2544 1893 2607 τοὺς

296 2635 522 2697 αἰῶνας,
563 2636 877 2705 πρόσφατος
915 2633 1180 2703 δηλονότι,
1216 2633 1312 2687 καὶ
1346 2633 1475 2703 χθές
1500 2637 1595 2687 καὶ
1625 2636 1890 2705 σήμερον,

299 2728 475 2781 καίτοι
514 2726 607 2780 τοῦ
655 2724 792 2781 Θεοῦ
830 2726 1005 2795 Λόγου
1053 2724 1133 2797 τῷ
1183 2725 1297 2795 ἰδίῳ
1348 2724 1525 2797 Πατρὶ
1556 2741 1892 2797 συνυφεστη·

299 2820 478 2885 κότος.

368 2912 435 2967 Δ.
471 2909 727 2965 Μάλιστα
788 2910 889 2978 μὲν
939 2906 1206 2971 ἀδικοῦσι,
1266 2908 1730 2980 παροχετεύοντες
1796 2910 1893 2981 τὴν

301 3002 589 3073 ἀλήθειαν,
622 3000 715 3055 ἐπὶ
757 3001 818 3055 τό
847 3017 911 3069 γε
946 3000 1129 3069 σφίσιν
1160 3001 1344 3063 αὐτοῖς
1374 3000 1651 3063 ἀσυνέτως
1678 2999 1893 3064 δοκοῦν,

299 3090 400 3147 καὶ
449 3090 559 3143 τῶν
614 3089 776 3160 ίερῶν
825 3089 1175 3161 Γραμμάτων
1218 3089 1279 3142 τὸ
1312 3090 1539 3159 ἀκριϐὲς
1590 3090 1891 3161 παραφθεί-

304 3199 511 3254 ροντες.
549 3182 610 3236 Ei
655 3182 712 3235 δὲ
742 3181 804 3252 δή
838 3198 923 3244 τις
977 3181 1125 3250 λέγοι
1172 3182 1266 3234 καὶ
1296 3182 1625 3252 προαιώνιον
1658 3183 1897 3254 Χριστὸν

317 3272 546 3343 Ἰησοῦν,
587 3273 688 3325 οὐκ
731 3272 797 3325 ἂν
840 3272 1076 3342 ἁμάρτοι
1105 3270 1394 3340 τάληθοῦς,
1445 3272 1603 3343 εἴπερ
1634 3274 1782 3327 ἐστὶν
1815 3268 1895 3339 εἷς

302 3362 433 3424 Υἱδς
468 3364 564 3415 καὶ
596 3360 819 3431 Κύριος,
847 3362 876 3413 6
919 3359 1248 3432 προαιώνιος
1275 3362 1467 3430 Λόγος,
1502 3364 1601 3435 τὴν
1641 3366 1699 3417 ἐν
1732 3366 1897 3435 ἐσχά..

304 3472 417 3518 τοις
460 3453 555 3508 τοῦ
590 3453 787 3517 αἰῶνος
834 3454 1049 3524 καιροῖς
1096 3452 1239 3506 κατὰ
1295 3453 1473 3524 σάρκα
1521 3455 1585 3507 ἐκ
1634 3454 1896 3523 γυναικὸς

305 3546 609 3616 ὑπομείνας
636 3544 911 3623 γέννησιν.
948 3543 1074 3598 Ὅτι
1111 3542 1167 3597 δὲ
1191 3544 1291 3598 οὐκ
1324 3544 1616 3614 ὴλλοίωται
1653 3546 1895 3615 γεγονὼς

303 3637 589 3710 ἄνθρωπος
619 3635 742 3690 καθ’
771 3638 919 3706 ἡμᾶς
952 3638 979 3689 6
1015 3636 1208 3703 Λόγος,
1255 3636 1635 3707 διαμεμήνυκε
1664 3637 1839 3708 λέγων
1869 3641 1897 3693 6

308 3729 776 3799 ηνευματοφόρος·
814 3748 831 3777 ι
869 3726 1074 3796 Ἰησοῦς
1104 3726 1339 3797 Χριστὸς
1372 3726 1499 3797 χθὲς
1527 3728 1619 3781 καὶ
1654 3730 1897 3801 σήμερον

305 3824 334 3874 ὀ
366 3821 547 3885 αὐτὸς,
576 3821 673 3873 καὶ
699 3820 779 3882 είς
804 3821 932 3882 τοὺς
966 3818 1191 3881 αἰῶνας.
1222 3837 1241 3870 ι
1284 3819 1391 3871 Καὶ
1424 3820 1757 3890 σημαντικὸν
1797 3822 1897 3891 μὲν

304 3913 401 3969 τοῦ
442 3912 837 3983 παρῳχηκότος
874 3911 1073 3980 χρόνον
1116 3912 1371 3975 ποιεῖται,
1409 3912 1469 3965 τὸ
1495 3912 1659 3980 χθές.
1696 3912 1791 3967 τοῦ
1832 3930 1897 3982 γε

311 4006 419 4079 μὴν
460 4004 775 4070 ἐνεστῶτος,
818 4003 881 4057 τὸ
917 4001 1206 4073 σήμερον,
1233 4002 1329 4056 τοῦ
1374 4004 1433 4058 δέ
1477 4005 1773 4070 ἐνεστῶτος
1804 4008 1900 4061 καὶ

313 4094 618 4167 μέλλοντος,
646 4095 729 4158 τὸ,
763 4095 841 4158 είς
862 4094 991 4157 τοὺς
1012 4094 1239 4158 αἰῶνας.
1268 4096 1330 4148 Ei
1359 4096 1418 4149 δὲ
1440 4096 1642 4151 οἴονταί
1664 4115 1717 4151 τι
1737 4099 1898 4168 σοφὸν

308 4189 703 4259 ἐννενοηκέναι,
732 4186 793 4241 τὸ
822 4186 964 4256 χθές
1007 4186 1102 4240 καὶ
1139 4188 1413 4257 σήμερον
1445 4190 1565 4243 ἀντὶ
1599 4190 1693 4244 τοῦ
1731 4208 1904 4263 προσο

312 4284 483 4353 φάτου
510 4280 813 4349 δεχόμενοι,
852 4277 1244 4349 διατεινόμενοί
1284 4296 1343 4332 τε
1395 4281 1487 4334 καὶ
1527 4280 1797 4349 λέγοντες,
1838 4281 1902 4340 ’0

311 4373 437 4447 Χθὲς
470 4373 562 4425 καὶ
603 4374 859 4442 σήμεροντ
891 4370 1013 4433 πῶς
1059 4369 1124 4423 ἂν
1146 4373 1232 4442 εἴη
1274 4373 1366 4425 καὶ
1396 4375 1475 4436 είς
1512 4376 1638 4437 τοὺς
1666 4375 1899 4443 αίῶνας;

318 4466 729 4537 μεταστήσομεν
750 4463 843 4516 καὶ
869 4463 1028 4532 ἡμεῖς
1055 4462 1153 4535 τὴν
1176 4464 1271 4535 τῆς
1298 4465 1620 4537 ἐρωτήσεως
1648 4466 1899 4539 δύναμιν,

314 4559 393 4622 εις
446 4556 507 4609 τὸ
562 4555 685 4627 ἔχον
728 4555 1010 4619 ἐναντίως.
1055 4555 1113 4610 Ὀ
1152 4556 1262 4627 γάρ
1301 4559 1381 4621 είς
1419 4557 1546 4622 τοὺς
1586 4559 1789 4625 αίῶνας
1826 4559 1902 4615 ῶν

1990 2083 2187 2139 saecula
2223 2081 2527 2137 exstitisse.

2061 2177 2125 2232 Β.
2166 2177 2238 2232 At
2292 2190 2402 2247 quo
2448 2182 2608 2244 pacto
2651 2170 3089 2244 sapientissimus
3117 2168 3319 2225 Paulus
3371 2165 3585 2237 inquit:

2002 2288 2021 2322 ι
2054 2268 2217 2325 Jesus
2269 2267 2521 2324 Christus
2563 2264 2681 2321 heri
2736 2273 2792 2319 et
2846 2262 3009 2317 hodie
3053 2280 3069 2317 :
3118 2260 3236 2331 ipse
3277 2269 3332 2317 et
3380 2260 3432 2315 in
3486 2273 3594 2314 sa:-

1994 2364 2117 2421 cula
2144 2362 2188 2394 “
2214 2362 2237 2417 2
2266 2380 2285 2414 ι
2335 2360 2392 2415 Si
2440 2374 2571 2431 ergo
2602 2358 2768 2414 etiam
2820 2356 2963 2410 alius
2996 2364 3081 2410 est
3106 2351 3287 2421 (Jesus
3312 2351 3480 2416 enim,
3508 2349 3593 2405 in.

1995 2458 2133 2527 quit,
2164 2467 2250 2514 eat
2287 2454 2407 2509 heri
2438 2461 2493 2508 et
2523 2449 2729 2522 hodie),
2753 2442 2897 2505 idem
2946 2448 3051 2502 erit
3086 2446 3250 2502 etiam
3283 2445 3335 2501 in
3367 2443 3589 2510 srecula,

1996 2561 2190 2601 recens
2241 2544 2527 2608 nimirum,
2574 2550 2630 2597 et
2687 2540 2852 2595 hodie
2900 2546 3069 2608 atque
3108 2536 3265 2591 heri:
3299 2534 3425 2591 licet
3456 2533 3592 2591 Ver-

1996 2637 2122 2692 bum
2154 2652 2278 2693 cum
2309 2634 2476 2691 Patre
2506 2633 2827 2691 coexsistat.

2071 2897 2139 2954 Λ.
2186 2897 2479 2965 Perperam
2521 2904 2673 2950 certe
2715 2893 2943 2959 faciunt,
2983 2893 3297 2949 derivantes
3326 2888 3489 2962 757
3528 2902 3595 2945 ac

1998 2994 2407 3060 distorquentes
2431 2987 2721 3044 veritatem
2765 2986 2833 3042 ad
2882 3001 3035 3041 suam
3075 2984 3381 3055 imperitam
3414 2980 3596 3036 libidi-

1999 3099 2159 3147 nem,
2210 3091 2267 3137 et
2309 3095 2592 3135 sacrarum
2645 3077 2975 3134 Litterarum
3033 3090 3217 3132 veram
3268 3073 3594 3131 sententiam

1999 3184 2439 3245 corrumpentes.
2478 3171 2535 3227 Si
2584 3187 2715 3227 vero
2760 3172 2884 3241 quis
2921 3169 3276 3224 amrmaverit
3315 3166 3595 3223 Christum

2001 3264 2185 3322 Jesum
2234 3276 2361 3319 ante
2410 3263 2611 3318 saacula
2664 3262 2966 3328 exstitisse,
3014 3278 3044 3315 a
3082 3276 3215 3316 vero
3252 3271 3595 3329 nequaquam

2002 3358 2358 3414 aberraverit.
2392 3356 2676 3427 Siquidem
2726 3364 2813 3411 est
2855 3369 2996 3409 unus
3025 3351 3197 3407 Filius
3228 3364 3281 3410 et
3308 3351 3596 3416 Dominus,

2003 3450 2241 3507 Verbum
2294 3462 2419 3506 ante
2464 3448 2687 3514 saecula,
2738 3448 2882 3519 quod
2935 3448 2993 3502 in
3047 3446 3363 3501 novissimis
3410 3442 3598 3501 surculi

2005 3543 2340 3613 temporibus
2374 3540 2709 3597 nativitatem
2761 3539 3059 3594 secundum
3115 3552 3336 3593 carnem
3382 3551 3449 3591 ex
3486 3552 3599 3592 mu-

2005 3638 2137 3691 liere
2165 3636 2353 3690 subiit.
2385 3632 2538 3701 Quod
2588 3640 2768 3689 autem
2809 3631 3047 3688 Verbum
3090 3630 3251 3685 homo
3302 3631 3471 3684 nostri
3507 3629 3599 3683 si-

2005 3728 2147 3783 tnilis
2178 3728 2376 3782 factum
2407 3728 2751 3781 immutatum
2785 3740 2890 3779 non
2914 3727 3004 3791 sit,
3034 3723 3371 3795 significavit
3398 3722 3601 3780 Paulus

2008 3820 2213 3890 Spiritu
2264 3818 2475 3873 amatus
2522 3818 2710 3873 dicens
2740 3833 2760 3869 εν
2789 3836 2807 3869 ι
2838 3815 3001 3872 Jesus
3043 3815 3299 3874 Christus
3348 3816 3507 3879 hodie
3545 3826 3601 3872 et

2008 3913 2146 3978 heri,
2182 3912 2300 3983 ipse
2341 3921 2396 3965 et
2427 3912 2481 3964 in
2519 3909 2757 3977 saecula;
2791 3928 2810 3961 ι
2850 3924 2915 3966 ac
2944 3924 3039 3980 per
3080 3910 3215 3974 heri,
3260 3906 3600 3980 prateritunt

2008 4016 2218 4075 tempus
2266 4004 2501 4069 indicat;
2556 4018 2653 4073 per
2692 4002 2888 4066 hodie,
2938 4016 3221 4074 praesens;
3270 4015 3369 4071 per
3402 3999 3601 4056 sucula

2006 4113 2156 4163 vero,
2192 4110 2432 4168 presens
2461 4105 2519 4151 et
2550 4094 2815 4150 futurum.
2855 4092 2989 4148 Atsi
3032 4102 3222 4162 putant
3254 4106 3313 4146 se
3342 4105 3600 4161 magnum

2006 4194 2209 4263 aliquid
2241 4191 2608 4260 excogitasse,
2651 4190 2795 4258 quod
2840 4202 2937 4255 per
2966 4185 3080 4241 heri
3111 4196 3168 4240 et
3200 4184 3376 4252 hodie,
3411 4198 3594 4240 receno

2010 4298 2117 4343 tem
2150 4283 2478 4354 intelligant,
2504 4279 2576 4335 ita
2600 4281 2993 4337 contendentes
3024 4297 3039 4335 :
3070 4278 3174 4347 Qui
3213 4277 3331 4333 heri
3355 4288 3410 4333 et
3439 4276 3602 4333 hodie

2007 4392 2111 4446 est,
2145 4376 2422 4450 quomodo
2454 4375 2528 4431 sit
2552 4376 2718 4430 etiam
2762 4374 2815 4428 in
2846 4370 3083 4427 saecula?
3125 4368 3521 4426 transferemus
3548 4376 3603 4425 et

2012 4489 2111 4529 nos
2161 4468 2612 4540 interrogationis
2665 4466 2775 4519 vim
2821 4466 2881 4521 in
2930 4464 3269 4519 contrarium
3307 4481 3321 4518 :
3364 4461 3603 4518 Verbum

2008 4565 2153 4621 enim
2184 4564 2456 4618 exsistens
2504 4560 2556 4614 in
2604 4558 2827 4619 smcula,
2862 4571 2971 4628 quo
3007 4566 3163 4626 pacto
3198 4555 3422 4625 recipiat
3456 4554 3511 4609 in
3544 4567 3603 4610 se

316 4650 511 4716 Λόγος,
549 4647 667 4710 πῶς
697 4644 763 4699 ἂν
784 4645 936 4699 λάϐοι
961 4647 1024 4699 τὸ
1053 4647 1179 4717 χθὲς
1201 4648 1293 4701 καὶ
1317 4649 1559 4721 σήμερον
1586 4652 1674 4721 ἐφ’
1702 4653 1895 4725 ἐαυτῷ,

2011 4659 2123 4712 heri
2148 4666 2203 4711 et
2243 4653 2447 4708 hodie?
2487 4651 2766 4721 Siquidem
2807 4660 2892 4704 est
2924 4663 3066 4703 unus
3089 4646 3363 4711 Christus,
3395 4657 3453 4703 et
3491 4660 3602 4702 non

314 4740 472 4811 εἴπερ
496 4740 645 4792 ἐστὶν
676 4733 757 4802 εἷς
804 4740 832 4791 ὁ
879 4740 1136 4811 Χριστὸς,
1170 4741 1267 4793 καὶ
1300 4743 1360 4794 οὑ
1395 4743 1727 4814 μεμέρισται
1758 4746 1899 4799 κατὰ

316 4832 414 4904 τὴν
444 4832 540 4886 τοῦ
575 4830 865 4885 θεσπεσίου
909 4832 1123 4887 Παύλου
1172 4836 1375 4904 φωνήν.
1421 4836 1544 4888 Ὀτι
1608 4838 1717 4908 γὰρ
1757 4838 1902 4893 οὕτω

319 4925 455 4998 πρὸς
487 4924 647 4996 ἡμῶν
681 4923 856 4977 ἐθέλει
888 4925 1274 4996 γνωρίζεσθαι,
1312 4926 1608 4980 κάντεῦθεν
1642 4928 1764 5001 εἴσῃ
1796 4945 1899 4984 τοι.

320 5018 514 5073 Καίτοι
554 5018 664 5088 γὰρ
696 5016 975 5087 ὁρώμενος
1002 5016 1059 5070 ἐν
1092 5017 1279 5087 σαρκὶ,
1308 5019 1402 5072 καὶ
1427 5020 1538 5084 τοῖς
1564 5019 1663 5090 τῆς
1692 5023 1905 5093 ἀνθρω-

318 5112 551 5182 «amo;
576 5112 796 5184 μέτροις
820 5109 1169 5182 ἐμϐεϐηκὼς,
1190 5110 1290 5182 τὴν
1317 5112 1644 5183 προαιιῖνιιον
1670 5113 1903 5186 ὓπαρξιν

318 5202 498 5277 ἐαυτῷ
558 5201 1100 5275 προσμεμαρτύρηκε
1155 5202 1330 5270 λέγων
1361 5220 1376 5234 ·
1453 5222 1472 5255 ι
1516 5204 1707 5276 Ἀμὴν,
1754 5208 1903 5279 ἀμὴν

318 5295 463 5363 λέγω
493 5296 643 5365 ὑμῖν,
673 5295 805 5365 πρὶν
846 5295 1096 5366 Ἀϐραάμ
1124 5295 1401 5364 γενέσθαι,
1439 5295 1550 5365 ἐγώ
1571 5300 1706 5369 εἰμι.
1738 5319 1754 5351 ι
1793 5302 1903 5355 Καὶ

322 5388 505 5443 πάλιν*
538 5406 556 5438 r
587 5388 650 5440 Ei
678 5387 747 5441 τά
771 5387 990 5455 ἐπίγεια
1010 5383 1163 5441 εἷπον
1196 5388 1346 5458 ὑμῖν,
1375 5392 1469 5443 καὶ
1498 5390 1559 5443 οὐ
1590 5393 1902 5462 πιστεύετε,

322 5477 461 5543 πῶς,
493 5478 590 5535 ἐὰν
657 5479 796 5532 εἴπω
838 5479 965 5549 ὑμῖν
1008 5479 1076 5532 τά
1129 5480 1451 5549 ἐπουράνια,
1495 5483 1852 5549 πιστεύσετε;
1881 5505 1898 5536 ι

326 5569 451 5625 Καίο
491 5589 509 5621 r
541 5569 733 5633 Οὐδεὶς
753 5569 1095 5640 ἀναϐέϐηκεν
1118 5572 1199 5634 εἰς
1222 5571 1312 5623 τὸν
1337 5572 1587 5643 οὐρανὸν,
1606 5576 1654 5626 εἰ
1688 5574 1762 5646 μὴ
1790 5578 1817 5628 6
1842 5577 1909 5629 ἐκ

324 5659 417 5713 τοῦ
456 5660 691 5734 οὐρανοῦ
723 5660 987 5726 καταϐάς,
1030 5663 1059 5715 6
1108 5662 1233 5727 Υἱὸς
1279 5662 1375 5717 τοῦ
1407 5664 1759 5736 ἀνθρώπου.»
1820 5669 1908 5731 Ὡς

331 5757 433 5823 γὰρ
472 5754 735 5825 ὑπάρχων
753 5753 841 5807 ἀεὶ
872 5755 962 5808 καὶ
988 5754 1315 5827 προαιώνιος
1351 5758 1544 5827 Λόγος,
1577 5758 1908 5832 καθιγμένος

401 5934 441 5964 "
474 5933 625 5990 Juan.
658 5952 708 5996 κ,
741 5935 828 5989 55.
906 5937 947 5967 ³⁸
980 5936 1139 5991 Ιιηιηο.
1171 5952 1287 6002 xm,
1323 5938 1373 5991 8.

2007 4762 2089 4806 est
2122 4747 2353 4811 divisus,
2396 4744 2551 4814 juxta
2587 4742 2756 4799 divini
2804 4741 2947 4796 illius
2990 4739 3141 4795 Pauli
3190 4754 3401 4794 vocem.
3447 4738 3604 4808 Quod

2007 4842 2151 4897 enim
2198 4840 2271 4893 ita
2314 4853 2345 4891 a
2391 4836 2547 4892 nobis
2591 4834 2853 4904 cognosci
2902 4832 3159 4896 voluerit,
3200 4833 3327 4887 imle
3373 4831 3602 4901 intelligi

2008 4942 2203 5004 potest.
2236 4929 2496 4999 Quamvis
2540 4929 2689 4985 enim
2720 4929 2775 4983 in
2817 4941 2985 4982 carne
3025 4926 3362 4997 apparuerit,
3400 4934 3457 4980 et
3500 4925 3603 4980 bu-

2010 5040 2182 5080 mana:
2214 5032 2423 5078 natura:
2452 5021 2820 5079 conditionem
2865 5020 3117 5086 subierit,
3162 5036 3221 5076 se
3262 5030 3443 5075 tamen
3480 5027 3607 5074 ante

2010 5114 2207 5170 saecula
2265 5112 2545 5169 exstitisse
2591 5120 2841 5177 testatur,
2890 5112 3119 5168 dicens:
3152 5130 3174 5164 ι
3202 5109 3397 5177 Amen,
3444 5124 3604 5165 amen

2011 5207 2132 5262 dico
2162 5207 2337 5272 vobis,
2370 5217 2660 5275 antequam
2688 5203 2967 5260 Abraham
3010 5204 3169 5259 iieret
3200 5218 3301 5275 ego
3331 5220 3449 5259 sum
3475 5202 3543 5259 π.
3578 5221 3601 5258 a

2014 5300 2078 5355 Et
2124 5314 2341 5353 rursum
2376 5318 2388 5353 :
2422 5316 2440 5350 r
2470 5295 2528 5352 Si
2573 5308 2790 5352 terrena
2830 5296 2942 5352 dixi
2989 5297 3163 5364 vobis,
3210 5306 3265 5352 et
3299 5313 3403 5351 non
3431 5298 3603 5353 credi-

2006 5395 2098 5459 tis,
2129 5394 2423 5463 quomodo,
2452 5392 2496 5447 si
2524 5391 2775 5447 cmlestia
2809 5391 3002 5447 dixero
3022 5392 3198 5458 vobis,
3222 5391 3461 5447 credetis
3478 5388 3561 5445 ⁸⁸ἳ
3581 5411 3601 5443 s

2008 5487 2113 5541 Et:
2155 5505 2173 5537 ι
2204 5485 2373 5539 Nemo
2417 5485 2662 5541 ascendit
2712 5485 2766 5539 in
2819 5483 3024 5539 caelum
3070 5484 3175 5539 nisi
3230 5484 3323 5555 qui
3355 5499 3423 5538 ex
3466 5484 3605 5540 cwlu

2008 5578 2307 5643 descendit,
2354 5576 2523 5632 Filius
2568 5576 2804 5633 hominis
2832 5576 2898 5631 ”.
2932 5594 2952 5629 ι
3003 5574 3137 5630 Nam
3178 5584 3237 5630 ιιι
3287 5590 3504 5646 semper
3551 5586 3604 5632 et

2010 5683 2137 5726 ante
2176 5671 2375 5725 saecula
2419 5670 2689 5725 exsistens
2737 5667 2971 5725 Verbum
3030 5668 3309 5725 descendit
3340 5683 3372 5724 ο
3404 5670 3603 5725 r-mlis:

2010 5762 2206 5818 deinde
2239 5762 2378 5816 idem
2407 5762 2659 5831 apparuit
2687 5762 2849 5816 homo
2882 5761 3054 5817 nostri
3088 5760 3303 5825 similis,
3344 5769 3605 5831 tanquam

1454 5940 1494 5969 ‘7
1527 5936 1681 5993 Junn.
1714 5956 1828 6005 vm,
1874 5940 1959 5995 58.
2037 5943 2080 5973 ³⁸
2107 5940 2262 5997 Joun.
2298 5959 2378 6007 ut,
2415 5943 2496 5997 li.
2576 5942 2619 5974 "
2654 5943 2783 5998 ibid.
2822 5941 2908 5997 13.
