3988 6518
428 496 559 555 1511
1441 490 1500 547 S.
1538 487 1816 547 CYRILLI
1856 482 2007 541 Αιε]

2114 480 2325 537 iDRlNl
2368 478 2692 537 ARCIIIEP.
3545 468 3692 528 1811

431 629 568 671 unus
603 613 945 671 Cbristus'et
996 610 1276 676 Dominus,
1320 618 1377 665 et
1424 609 1640 679 quando
1688 608 1862 662 factus
1911 612 1995 660 est

2114 603 2158 667 ιε
2188 602 2457 673 οὐρανῶν,
2491 597 2611 655 εἶτα
2643 595 2901 670 πεφηνὼς
2940 596 2968 649 6
3005 594 3172 659 αὐτὸς
3234 591 3359 648 καθ’
3406 592 3579 679 ἡμᾶς.
3608 593 3691 655 ὥς

428 721 580 774 caro,
614 702 917 774 hujusmodi
952 704 1164 759 locutus
1188 712 1294 757 est.
1444 678 1453 679 ί

2114 688 2180 757 εἷς
2222 691 2458 762 Χριστὸς
2502 691 2596 746 καὶ
2636 688 2866 760 Κύριος,
2913 686 3010 741 καὶ
3051 687 3143 739 ὅτε
3182 683 3379 753 γέγονε
3420 678 3584 751 σὰρξ,
3615 684 3691 732 τὰ

2097 785 2275 841 τοιάδε
2303 783 2490 855 φησίν.

2170 874 2231 931 Β.
2278 873 2598 946 Ἐξεύρηταί
2622 890 2707 936 τις
2742 872 2925 936 αὐτοῖς
2961 869 3055 924 καὶ
3090 870 3291 940 ἔτερος,
3310 865 3497 934 λόγος.
3532 864 3688 917 Ἔστι

2098 967 2159 1022 δὲ
2211 961 2389 1031 0610;,
2452 964 2599 1020 οὕτω
2640 965 2750 1037 γὰρ
2785 962 2981 1035 χρῆναί
3034 977 3199 1030 φασιν
3257 958 3391 1012 Υίὺν
3448 954 3689 1009 νοεῖσθαι

2100 1058 2237 1115 Θεοῦ
2274 1057 2368 1112 τὸν
2402 1058 2470 1111 ἐκ
2508 1056 2825 1127 σπέρματος
2850 1053 2945 1107 τοῦ
2973 1051 3155 1116 Δασὶδ,
3195 1049 3274 1113 ὡς
3299 1050 3370 1102 ἂν
3399 1047 3502 1102 καὶ
3530 1046 3687 1109 αὐτὸς

2099 1154 2129 1207 6
2151 1153 2218 1206 ὲκ
2254 1150 2390 1205 Θεοῦ
2429 1149 2643 1219 Πατρὸς
2665 1148 2835 1215 Λόγος
2868 1146 2997 1210 Υἱὸς
3036 1139 3172 1198 εῖναι
3199 1141 3420 1211 λέγοιτο
3454 1138 3555 1193 τοῦ
3588 1141 3684 1192 Δα-

500 878 561 933 B.
614 879 788 933 Aliam
844 894 1057 949 quoque
1130 877 1393 932 rationem
1450 876 1855 945 excogitatum.
1918 874 1996 927 lta

429 971 595 1034 enim,
613 972 782 1035 aiunt,
799 970 1103 1025 censendus
1117 979 1199 1025 est
1226 969 1271 1024 is
1288 970 1377 1039 qni
1404 979 1567 1023 estex
1586 967 1792 1023 semine
1810 964 1997 1030 David,

429 1075 547 1115 esse
580 1060 747 1117 Filius
774 1060 890 1127 Dei,
924 1061 1066 1115 sicut
1092 1070 1148 1115 et
1177 1059 1353 1130 ipsum
1401 1056 1628 1113 Verbum
1658 1071 1724 1111 ex
1758 1057 1867 1112 Deo
1898 1054 2001 1110 Pa-

433 1161 513 1205 tre
557 1152 757 1206 dicitur
807 1166 929 1206 esse
973 1149 1137 1205 Filius
1182 1148 1371 1205 David.
1428 1147 1633 1204 Natura
1687 1146 1853 1212 enim,
1893 1161 1999 1201 non

428 1241 584 1297 alius.
2102 1244 2207 1299 διδ.
2233 1242 2395 1297 Φύσει
2425 1241 2557 1313 γὰρ,
2590 1240 2703 1294 οὐδ’
2730 1240 2938 1310 ἔτερος.

503 1333 571 1385 Α.
612 1331 761 1387 Verae
797 1332 978 1402 itaque
1001 1330 1180 1388 laudis
1200 1329 1344 1386 ratio
1375 1328 1667 1400 recipiatur
1693 1337 1752 1383 ut
1778 1326 1851 1383 ita
1880 1341 2001 1382 cre-

2171 1334 2238 1387 Δ.
2274 1330 2509 1397 Οὐκοῦν,
2541 1331 2571 1384 6
2608 1330 2709 1401 τῆς
2748 1326 2985 1400 ἀληθοῦς
3016 1326 3281 1387 αἰνέσεως
3325 1322 3526 1376 εἰσίτω
3564 1319 3687 1389 196-

430 1422 588 1476 datur
627 1424 859 1477 Verbum
887 1439 1016 1477 caro
1058 1423 1282 1489 factum,
1320 1422 1420 1478 hoc
1459 1431 1542 1477 est
1597 1421 1758 1477 homo
1790 1438 1804 1473 :
1840 1428 2004 1490 alque

2114 1441 2226 1489 πος,
2261 1424 2330 1477 ἶν’
2380 1421 2523 1476 οὕτω
2573 1418 2899 1491 πιστεύηται
2947 1415 3083 1487 σὰρξ
3125 1412 3372 1484 γεγονὼς
3415 1412 3447 1465 6
3498 1410 3689 1476 Λόγος.

431 1512 633 1567 idcirco
664 1512 830 1570 Filius
868 1512 1034 1568 David
1082 1528 1186 1568 non
1231 1512 1471 1578 lictitius,
1508 1512 1605 1567 sed
1651 1521 1907 1581 tanquam
1935 1525 2000 1566 ex

2114 1514 2380 1570 τουτέστιν
2431 1510 2738 1584 ἄνθρωπος,
2765 1508 2864 1565 καὶ
2884 1508 2982 1563 διὰ
3013 1505 3194 1569 τοῦτο,
3226 1503 3360 1567 Υἱὸς
3398 1501 3501 1556 τοῦ
3533 1498 3686 1553 Δασιδ

434 1606 548 1672 ipso
595 1605 905 1675 apparuerit
954 1605 1251 1658 secundum
1282 1617 1524 1665 carnem,
1552 1610 1607 1655 ct
1653 1600 1911 1655 manserit
1951 1599 2003 1655 id

2114 1608 2164 1662 σὺ
2189 1590 2656 1676 αατεψευσμίνος.
2702 1601 2841 1655 Ἀλλ’
2869 1599 2946 1663 ὡς
2968 1597 3029 1663 ἐξ
3053 1584 3217 1652 αὑτοῦ
3251 1591 3523 1664 πεφηνὼς
3555 1590 3688 1645 κατὰ

432 1696 573 1763 quod
610 1704 747 1757 erat,
780 1694 1031 1748 nimirum
1073 1694 1212 1747 Deus
1253 1707 1282 1745 a
1331 1690 1458 1745 Deo.
1498 1690 1703 1745 Idcirco
1734 1698 1795 1745 et
1829 1692 2002 1744 sancti

2114 1698 2309 1769 σάρκα,
2341 1696 2437 1749 καὶ
2465 1692 2792 1766 μεμενηκὼς
2826 1693 2967 1761 ὅπερ
3008 1685 3099 1761 ἦν,
3132 1688 3291 1758 δῆλον
3323 1686 3385 1739 δὲ
3432 1686 3521 1739 ὅτι
3565 1682 3689 1745 Θεὸς

436 1786 781 1855 evangelista
828 1785 1061 1840 scientes
1106 1785 1277 1853 ipsum
1314 1782 1481 1837 Deum
1533 1782 1695 1835 simul
1736 1791 1789 1836 et
1826 1783 2001 1837 homi-

2114 1790 2172 1844 ἑκ
2204 1787 2359 1842 Θεοῦ.
2415 1787 2528 1841 Καὶ
2566 1785 2695 1855 γοῦν
2726 1785 2775 1837 οί
2814 1782 2925 1837 τῶν
2943 1771 3188 1851 ’γενικῶν
3240 1776 3370 1850 [τρ.
3407 1774 3685 1843 εὖαγγελιυ

437 1891 557 1930 ηειιι
608 1890 765 1940 esse,
820 1877 889 1928 ita
938 1876 1003 1928 ad
1056 1889 1154 1929 nos
1197 1874 1263 1928 de
1309 1876 1423 1941 ipso
1458 1871 1805 1948 ῚωΙοευιί
1854 1882 2000 1930 sunt.

2114 1878 2252 1951 κῶν]
2282 1877 2652 1949 κηρυγμάτων
2682 1874 2975 1946 ἱερουργοὶ,
3016 1872 3108 1925 τὸν
3136 1870 3301 1925 αὐτὸν
3328 1866 3688 1935 γινώσκοντες

437 1964 711 2035 Scriptum
752 1966 897 2021 enim
931 1976 1017 2020 est
1048 1968 1113 2021 de
1155 1965 1313 2020 beato
1349 1963 1613 2033 Baptista,
1643 1966 1785 2033 quod
1819 1984 1837 2018 ι
1880 1964 2005 2022 Ροεο

2114 1970 2240 2025 Θεόν
2270 1986 2331 2023 τε
2373 1968 2510 2037 ὁμοῦ
2552 1967 2642 2021 καὶ
2673 1966 2980 2037 ἄνθρωπον,
3014 1963 3142 2026 τοὺς
3185 1960 3315 2032 περὶ
3353 1956 3531 2013 αὑτοῦ
3562 1957 3691 2027 πρὸς

440 2055 605 2109 ιτίιὶίθ
632 2056 774 2109 νίιιει
801 2053 986 2110 Jesum
1017 2055 1321 2109 venientem
1352 2056 1417 2108 ad
1440 2068 1520 2120 se,
1546 2063 1601 2108 et
1628 2055 1757 2110 dicit
1805 2075 1818 2111 :
1873 2056 2007 2113 Ecce

2114 2061 2257 2132 ἡμᾶς
2290 2058 2613 2129 πεποίηνται
2646 2055 2859 2126 λόγους.
2903 2053 3220 2123 Γέγραπται
3259 2049 3397 2119 γοῦν
3441 2043 3693 2119 περὶτοῦ

2111 2151 2383 2222 μακαρίου
2416 2146 2747 2214 Butam-:06,
2784 2147 2867 2201 61t
2900 2162 2921 2197 ι
2947 2145 3027 2215 Τῇ
3056 2143 3317 2214 ἑπαὸριον
3364 2139 3563 2210 βλέπει
3602 2136 3691 2189 τὸν

436 2144 774 2213 Agnus‘Dei,
817 2144 906 2215 qni
942 2145 1078 2199 tollit
1123 2155 1409 2214 peccatum
1454 2146 1661 2200 mundi.
1698 2145 1798 2201 Hic
1832 2158 1915 2201 est
1942 2147 2009 2203 de

435 2251 545 2305 quo
590 2236 701 2291 tlixi
732 2255 745 2290 :
778 2235 904 2290 Post
946 2252 1031 2290 me
1077 2236 1223 2291 venit
1271 2236 1373 2301 vir,
1414 2237 1504 2305 qui
1550 2246 1676 2291 ante
1720 2252 1806 2291 me
1835 2238 2007 2294 factus

437 2336 543 2390 est,
587 2325 713 2395 quia
757 2326 905 2395 prior
952 2341 1038 2381 me
1089 2335 1226 2392 erat,
1276 2335 1331 2381 et
1378 2340 1478 2396 ego
1509 2326 1813 2381 nesciebam
1856 2341 2004 2395 eum,

437 2420 532 2475 sed
566 2427 626 2474 ut
671 2416 1052 2473 manifestetur
1099 2418 1152 2472 in
1199 2416 1387 2483 Israel,
1418 2429 1700 2487 propterea
1749 2418 1866 2473 veni
1906 2434 2007 2489 ego

438 2508 494 2564 in
541 2524 683 2578 aqua
734 2508 1018 2579 baptizans
1040 2508 1106 2564 “.
1146 2528 1166 2563 ι
1196 2506 1456 2579 intelligis
1512 2510 1698 2580 itaque
1735 2511 2007 2580 quomodo

434 2602 610 2653 virum
683 2614 897 2661 vocans,
955 2615 1259 2669 agnumque
1318 2602 1492 2671 ipsum
1544 2600 1843 2672 appellans,
1898 2616 2006 2657 non

438 2689 601 2741 alium
639 2701 761 2742 esse
812 2687 939 2742 dicit
972 2688 1063 2755 qui
1114 2687 1251 2742 tollit
1282 2702 1503 2758 peccata
1552 2690 1755 2756 mundi,
1801 2700 1855 2744 et
1901 2705 2010 2745 ma.

434 2792 594 2848 gnam
633 2777 772 2832 hanc
812 2786 975 2847 atque
1021 2778 1339 2835 immensam
1384 2780 1736 2851 divinamque
1776 2780 2008 2852 dignita-

436 2877 543 2924 tem
570 2871 619 2924 ei
642 2868 851 2923 tribuit.
890 2871 1028 2925 Ante
1061 2884 1188 2926 vero
1227 2885 1289 2925 ac
1321 2871 1553 2939 priorem
1579 2887 1639 2928 se
1680 2871 1882 2928 factum
1910 2873 2007 2941 ait,

436 2961 561 3017 licet
604 2961 871 3031 posterior
930 2959 1129 3025 fuerit,
1180 2962 1389 3018 ratione
1439 2962 1693 3017 nimirum
1750 2964 2010 3034 temporis

436 3064 545 3119 quo
591 3052 884 3105 secundum
935 3065 1156 3105 carnem
1206 3060 1365 3106 natus
1410 3061 1513 3108 est.
1571 3052 1832 3120 Quamvis
1861 3054 2007 3110 enim

440 3142 757 3196 Emmanuel
800 3152 1067 3213 quatenus
1114 3144 1273 3199 homo
1319 3153 1441 3213 post
1490 3144 1637 3200 illum
1684 3154 1843 3200 natus
1885 3144 2006 3212 fuit,

2120 2242 2325 2314 Ἰησοῦν
2378 2241 2674 2312 ἐρχόμενον
2732 2237 2872 2310 πρὸς
2918 2234 3102 2301 αὐτὸν,
3139 2233 3234 2287 καὶ
3290 2231 3465 2301 λέγει·
3518 2228 3623 2283 Ἴδε
3664 2227 3693 2281 6

2123 2334 2319 2406 ’Δμνδς
2352 2332 2445 2389 τοῦ
2477 2331 2638 2395 Θεοῦ,
2677 2332 2707 2385 6
2750 2331 2922 2400 αίρων
2975 2325 3254 2398 ἁμαρτίαν
3297 2322 3397 2377 τοῦ
3456 2322 3694 2391 κόσμου,

2105 2420 2260 2490 οῦτός
2301 2429 2418 2480 ιστι
2460 2424 2592 2495 περὶ
2633 2415 2695 2477 οῦ
2744 2419 2856 2489 ἐγὼ
2887 2414 3062 2473 εἷπον·
3099 2417 3305 2471 Ὀπίσω
3337 2432 3442 2485 μου
3475 2415 3695 2486 ἔρχεται

2107 2520 2269 2591 ἀνὴρ,
2320 2516 2380 2582 6;
2424 2514 2736 2588 ἔμπροσθέν
2773 2530 2875 2585 μου
2916 2511 3165 2579 γέγονεν,
3201 2510 3288 2565 ὅτι
3329 2506 3553 2576 πρῶτός
3591 2503 3700 2575 μού

2108 2607 2433 2679 ἐστι,ηκάγὼ
2458 2609 2563 2663 οὐκ
2606 2604 2745 2661 εἶδον
2790 2604 2975 2669 αὑτὸν,
3012 2602 3128 2658 ἀλλ’
3179 2602 3267 2655 ἵνα
3293 2599 3587 2671 φανερωθῇ
3618 2597 3697 2669 τῷ

2122 2699 2360 2772 Ἰσραὴλ,
2394 2699 2483 2753 διὰ
2515 2696 2671 2751 τοῦτο
2716 2692 2880 2768 ἦλθον
2913 2694 3024 2764 ἐγὼ
3056 2694 3115 2748 ιν
3150 2691 3306 2746 ὕδατι
3340 2689 3645 2760 βαπτίζων.
3670 2705 3691 2739 s

2110 2789 2277 2853 Σύνες
2303 2783 2396 2843 οῦν
2434 2788 2581 2851 ὅπως
2608 2786 2779 2857 ἄνδρα
2815 2784 3010 2853 λέγων,
3059 2782 3153 2836 καὶ
3198 2780 3373 2852 ἀμνὸν
3410 2777 3705 2847 ὀνομάζω

2108 2878 2293 2945 αὐτὸν,
2322 2879 2422 2950 οὐχ
2453 2877 2642 2949 ῑτερον
2671 2871 2810 2930 εἶναί
2839 2891 2973 2946 φησι
3000 2872 3092 2927 16v
3122 2872 3349 2943 αἴροντα
3375 2869 3475 2940 τὴν
3506 2870 3703 2938 ἁμαρ-ί

2107 2973 2230 3027 τίαν
2244 2971 2363 3025 ‘106
2415 2970 2643 3041 κόσμου,
2685 2968 2782 3021 καὶ
2826 2967 2887 3020 16
2933 2966 3077 3035 μέγα
3118 2963 3279 3018 τοῦτο
3330 2962 3425 3015 καὶ
3456 2960 3707 3028 ἐξαίσιον

2109 3061 2327 3135 άληθῶς
2394 3061 2488 3115 καὶ
2575 3059 2876 3130 θεοπρεπὲς
2950 3056 3167 3127 ἀξίωμα
3249 3053 3699 3125 προσνενέμηκεν

2110 3152 2278 3225 αὐτῷ.
2321 3150 2674 3222 Ἐμπροσθεν
2711 3150 2769 3204 δὲ
2812 3149 2907 3203 καὶ
2948 3147 3165 3220 πρῶτον
3212 3144 3469 3214 γενέσθαι
3528 3144 3702 3213 φησὶν

438 3244 553 3289 erat
584 3246 757 3289 tamen
804 3245 928 3289 ante
967 3236 1146 3290 omnia
1177 3236 1395 3305 saecula,
1441 3248 1499 3292 ut
1548 3237 1708 3293 Deus.
1749 3238 2004 3307 Ejusdem

2114 3244 2297 3309 αὐτοῦ,
2330 3242 2504 3298 καίτοι
2534 3228 2765 3296 κατόπιν
2801 3240 3114 3311 γενόμενον,
3147 3237 3292 3291 κατά
3320 3236 3387 3304 γέ
3426 3251 3570 3304 φημι
3601 3233 3703 3286 τὸν

439 3325 622 3394 itaque
665 3337 746 3379 est
787 3333 840 3379 et
886 3334 1159 3381 recentem
1208 3340 1330 3383 esse
1376 3327 1583 3382 ratione
1623 3327 1872 3384 humana:
1911 3344 2007 3383 na-

441 3423 599 3479 turae,
634 3426 689 3469 et
713 3424 998 3479 aeternum,
1031 3417 1241 3472 ratione
1277 3419 1490 3473 divina.
1534 3416 1741 3475 Idcirco
1778 3428 1833 3475 et
1875 3434 2010 3489 pre-

440 3507 809 3561 stantissimus
866 3507 953 3562 ille
1007 3506 1238 3573 Petrus,
1286 3522 1393 3562 non
1449 3508 1650 3563 nudum
1698 3516 1754 3563 et
1808 3510 2010 3579 absque

441 3611 606 3653 carne
650 3598 949 3668 respiciens
1008 3597 1265 3663 Verbum,
1316 3597 1408 3654 sed
1457 3597 1600 3668 quod
1650 3598 1704 3653 in
1741 3613 1907 3655 carne
1954 3608 2011 3657 et

441 3688 703 3760 sanguine
741 3700 1103 3759 apparuerat,
1151 3690 1490 3746 manifestam
1549 3698 1604 3746 et
1648 3690 2008 3746 certissimam

440 3781 567 3838 fidei
604 3782 657 3838 in
702 3782 876 3854 ipsum
918 3781 1310 3853 professionem
1356 3782 1493 3847 edit,
1523 3782 1750 3839 dicens:
1784 3802 1804 3836 ι
1839 3781 1918 3838 Τιι
1948 3799 2009 3841 es

440 3872 699 3928 Christus
728 3872 896 3929 Filius
925 3872 1021 3929 Dei
1052 3872 1179 3929 vivi.
1211 3890 1231 3925 ι
1268 3872 1365 3929 Cui
1396 3872 1646 3950 Christus
1681 3875 1959 3945 respondit
1990 3891 2004 3929 :

449 3965 673 4021 «Beatus
695 3981 773 4032 es,
789 3967 997 4031 Simon,
1021 3964 1094 4020 illi
1114 3965 1282 4031 lenm,
1299 3964 1423 4035 quia
1444 3979 1571 4021 caro
1592 3974 1647 4021 et
1660 3968 1881 4036 sanguis
1904 3982 2009 4022 non

443 4058 701 4115 revelavit
727 4058 845 4121 tibi,
878 4058 971 4113 sed
1003 4057 1163 4113 Pater
1192 4071 1346 4112 meus
1378 4056 1467 4126 qui
1502 4064 1587 4112 est
1621 4055 1675 4111 in
1706 4056 1862 4113 ctells
1883 4058 1952 4112 θ’.
1984 4075 2003 4110 ι

443 4147 509 4204 At
546 4149 648 4203 nisi
686 4148 851 4202 altum
902 4161 1086 4203 revera
1132 4156 1217 4202 est
1253 4147 1594 4218 mysterium,
1623 4156 1679 4203 et
1718 4146 1859 4203 Deus
1891 4159 2010 4203 erat

446 4243 500 4295 in
550 4254 714 4295 carne
744 4257 757 4293 :
790 4238 948 4293 homo
983 4245 1183 4303 autem,
1236 4246 1295 4292 ut
1326 4236 1425 4307 ipsi
1458 4236 1663 4303 volunt,
1695 4238 2008 4295 ﬁliationcm

442 4344 541 4398 per
587 4328 814 4398 gratiam
872 4336 1223 4395 consecutus,
1265 4327 1535 4397 quomodo
1580 4327 1809 4399 indiguit
1862 4339 2011 4385 tanto

445 4420 686 4491 mysterii
729 4419 979 4483 doctore,
1016 4420 1150 4473 adeo
1194 4429 1254 4473 ut
1306 4433 1466 4474 nemo
1497 4418 1805 4473 mortalium
1840 4420 2003 4476 disci-

444 4514 566 4584 pulo
590 4513 860 4575 revelarit.
894 4513 985 4568 sed
1018 4528 1047 4567 a
1075 4512 1234 4568 Patre
1263 4512 1379 4583 ipso
1399 4512 1452 4567 id
1474 4512 1701 4568 edoctus
1728 4514 1839 4569 sit?
1867 4514 2010 4582 Quin

2106 3339 2207 3408 τῆς
2250 3335 2393 3390 κατὰ
2445 3335 2626 3405 σάρκα
2658 3334 2965 3403 γεννήσεως
3010 3330 3223 3402 χρόνον.
3283 3329 3345 3382 Εἰ
3392 3327 3501 3399 γάρ
3544 3327 3703 3379 ἐστιν

2109 3426 2365 3498 ὀψιγενὴς
2395 3425 2533 3479 καθὸ
2561 3425 2846 3493 ἄνθρωπος
2869 3424 2898 3476 6
2940 3418 3309 3491 Ἐμμανουὴλ,
3345 3417 3460 3471 ἀλλ’
3490 3413 3558 3488 ἦν
3587 3414 3697 3486 πρὸ

2110 3518 2312 3581 παντὸς
2368 3516 2561 3579 αἰῶνος
2618 3516 2693 3579 ὡς
2739 3516 2891 3577 Θεός.
2927 3512 3104 3565 Αὑτοῦ
3154 3509 3442 3581 τοιγαροῦν
3490 3508 3586 3563 καὶ
3633 3507 3699 3561 16

2111 3609 2424 3682 πρόσφατον
2455 3606 2833 3678 ἀνθρωπίνως,
2866 3605 2960 3659 καὶ
2997 3603 3059 3657 16
3096 3604 3270 3658 ἀΐδιον
3301 3602 3518 3665 θεῖχῶς,
3558 3598 3700 3654 ταύ-

2107 3718 2178 3777 τῃ
2208 3720 2291 3757 τοι
2318 3703 2411 3756 καὶ
2449 3703 2477 3755 6
2506 3701 2840 3772 πανάριστος
2892 3698 3130 3770 Πέτρος,
3180 3697 3243 3750 οὐ
3293 3696 3523 3767 γυμνὸν,
3567 3693 3697 3749 οὐδὲ

2109 3792 2349 3864 ἄσαρκον
2378 3789 2797 3861 καταθεώμενον
2819 3790 2910 3844 τὸν
2932 3789 3123 3859 Λόγον,
3159 3787 3274 3842 ἀλλ’
3304 3789 3363 3841 ὲν
3393 3787 3558 3858 σαρκὶ
3599 3785 3701 3841 καὶ

2108 3885 2302 3955 αἵματι
2358 3881 2659 3953 πεφηνότα,
2699 3882 2885 3951 σαςρῶς
2923 3898 2986 3933 τε
3025 3880 3120 3935 καὶ
3168 3878 3423 3942 ἀπλανῶς
3465 3879 3567 3948 τῆς
3615 3878 3704 3941 τις

2111 3970 2274 4026 αὐτὸν
2315 3970 2556 4032 πίστεως
2598 3968 2701 4041 τὴν
2744 3968 3002 4023 ἀπόδοσιί
3050 3968 3310 4030 ἐποιεῖτο,
3341 3966 3595 4035 λέγων..ι
3620 3966 3707 4021 Σὺ

2112 4058 2161 4115 εἶ
2186 4063 2215 4115 6
2238 4061 2493 4133 Χριστὸς,
2529 4063 2558 4115 6
2585 4061 2714 4125 Υἱὸς
2741 4060 2833 4115 τοῦ
2858 4058 2993 4114 Θεοῦ
3027 4058 3121 4113 τοῦ
3146 4058 3366 4124 ζῶντος.
3391 4076 3411 4110 ι
3461 4058 3695 4126 ’Ᾱκήκοι

2109 4154 2166 4207 δὲ
2197 4153 2336 4225 πρὸς
2360 4151 2537 4206 τοῦτο·
2577 4151 2893 4222 «Μακάριος
2924 4147 2995 4216 εἴ,
3030 4151 3232 4222 Σίμων,
3262 4150 3377 4220 Βὰρ
3414 4150 3589 4215 Ἰωνᾶ,
3613 4149 3697 4202 ὅτι

2113 4242 2251 4315 σὰρξ
2282 4242 2376 4297 καὶ
2419 4236 2559 4314 αἷμα
2600 4242 2701 4296 οὐκ
2743 4240 3059 4312 ἀπεκάλυψέ
3106 4258 3210 4304 σοι,
3257 4240 3372 4295 ἀλλ’
3421 4242 3450 4295 6
3503 4240 3698 4311 Πατήρ

2113 4354 2240 4407 μου,
2298 4338 2327 4390 6
2372 4338 2429 4390 tv
2480 4338 2596 4399 τοῖς
2653 4336 2924 4405 οὐρανοῖς.
2953 4354 2972 4387 ι
3047 4334 3185 4388 Ἀλλ’
3226 4335 3276 4388 ει
3337 4333 3414 4405 μὴ
3461 4331 3597 4404 βαθὺ
3635 4329 3699 4385 16

2114 4431 2438 4503 μυστήριον,
2465 4429 2560 4482 καὶ⁸
2592 4426 2724 4492 Θεὸς
2752 4423 2821 4498 ἦν
2860 4427 2919 4479 ὲν
2947 4425 3135 4497 σαρκὶ,
3175 4426 3462 4495 ἄνθρωπος
3484 4423 3541 4477 δὲ
3576 4420 3698 4476 κατ’

2112 4524 2330 4590 αὐτοὺς,
2375 4522 2558 4595 χάριτι
2589 4521 2689 4593 τὴν
2727 4518 3000 4573 υἱοθεσίαν
3042 4518 3202 4588 ἔχων,
3245 4518 3363 4581 πῶς
3392 4516 3461 4571 ἂν
3501 4513 3695 4587 ἐδεήθη

441 4616 498 4663 et
526 4603 771 4675 discipuli
804 4619 925 4659 cum
964 4603 1112 4657 illum
1149 4602 1439 4673 aliquando
1468 4602 1522 4657 in
1564 4604 1700 4659 mari
1745 4606 2007 4660 obambu-

2114 4614 2371 4671 τοσούτου
2397 4612 2781 4686 μυσταγωγοῦ,
2824 4610 2903 4675 ὡς
2937 4610 3143 4681 μηδένα
3177 4610 3275 4681 μὲν
3313 4608 3423 4661 τῶν
3466 4608 3561 4662 ἐπὶ
3596 4606 3696 4677 τῆς

443 4696 644 4752 lantem
680 4693 975 4765 conspicati
1012 4704 1217 4759 essent,
1249 4693 1464 4749 attoniti
1508 4694 1770 4750 miraculo
1797 4695 2006 4766 profes-

2114 4708 2215 4779 γῆς
2274 4704 2623 4776 ἀποκαλύψαι
2678 4704 2757 4775 τῷ
2813 4702 3057 4774 μαθητῇ.
3107 4702 3402 4774 παιδευτὴν
3448 4700 3507 4754 δὲ
3562 4698 3695 4771 πρὸς

443 4789 648 4843 sionem
683 4785 804 4841 ﬁdei
840 4800 951 4841 sua:
976 4785 1283 4852 ediderunt,
1308 4785 1550 4841 dicentes
1578 4804 1592 4841 :
1628 4803 1648 4838 ι
1675 4785 1816 4842 Vere
1840 4785 2007 4843 Filius

2114 4799 2270 4853 τοῦτο
2316 4797 2502 4869 λαχεῖν
2556 4796 2716 4851 αὐτὸν
2767 4795 2858 4850 16v
2903 4795 3156 4866 Ηατέρα;
3194 4795 3304 4849 Καὶ
3349 4792 3459 4866 μὴν
3509 4794 3604 4847 καὶ
3648 4795 3696 4847 οί

443 4879 535 4934 Dei
565 4892 621 4935 es
642 4879 707 4933 δ’.
744 4897 764 4931 ι
805 4879 874 4933 Αι
907 4880 952 4935 si
979 4881 1175 4934 nothus
1204 4888 1258 4934 et
1286 4877 1406 4933 falsi
1441 4879 1671 4934 nominis
1693 4890 1795 4945 est,
1821 4890 1876 4936 et
1897 4880 2007 4936 ad-

2114 4888 2392 4956 θεσπέσιον,
2421 4887 2687 4960 μαθηταὶ,
2721 4886 3007 4941 διαθέοντα
3038 4885 3171 4938 ποτὶ
3192 4886 3290 4957 τῆς
3326 4884 3601 4955 θαλάττης
3628 4884 3696 4938 τὰ

444 4968 727 5024 ventitium
775 4968 827 5025 ei
876 4976 960 5024 est
1007 4966 1150 5038 quod
1204 4967 1279 5023 sit
1330 4966 1521 5035 Filius,
1578 4971 1842 5025 mendacii
1891 4971 2007 5027 illos

2114 4981 2256 5037 νῶτα
2283 4979 2591 5052 βλέποντες,
2620 4980 3071 5053 κατατεθήπεσαν
3106 4978 3207 5049 μὲν
3241 4978 3340 5049 τὴν
3375 4977 3705 5048 θεοσημίαν,

445 5072 694 5129 arguant,
731 5060 870 5129 quod
894 5068 949 5115 et
966 5058 1324 5129 jurejurando
1349 5059 1756 5117 conﬁrmarunt.
1784 5063 2012 5131 Adjece-

446 5157 571 5201 runt
597 5150 761 5217 enim,
799 5168 818 5201 s
849 5164 994 5215 vere,
1025 5167 1044 5200 ι
1068 5158 1442 5207 asseverantes
1476 5150 1795 5219 ipsumesse
1816 5152 2012 5208 Filium

447 5237 540 5293 Dei
568 5254 630 5293 ac
662 5240 858 5295 Patris.

2108 5072 2421 5145 ὡμολόγουν
2455 5072 2511 5125 δὲ
2537 5074 2637 5144 τὴν
2681 5054 2897 5135 πίστιν,Δ
2919 5070 3190 5139 λέγοντεςο
3235 5088 3255 5123 ι
3292 5068 3532 5141 ’ἀληθῶς
3560 5066 3694 5122 Θεοῦ

2114 5164 2239 5229 Υἱὸς
2284 5159 2353 5217 εἶ’.
2381 5182 2401 5215 ι
2461 5162 2602 5217 Ἀλλ’
2645 5164 2694 5217 εί
2736 5162 2891 5227 νόθος
2924 5162 3043 5215 ἐστὶ
3072 5161 3165 5216 καὶ
3192 5160 3566 5232 ψευδώνυμος,
3604 5161 3695 5213 καὶ.

2114 5255 2424 5326 εἰσποιητὸν
2470 5255 2583 5326 ἔχει
2623 5254 2685 5309 τὸ
2715 5250 2854 5309 εἶναι
2885 5254 3035 5320 Υἱὸς,
3071 5254 3481 5323 ἐγκαλείτωσαν
3516 5256 3695 5314 αὐτοῖς

445 5331 541 5402 τὴν
566 5331 946 5403 ψευδηγορίαν,
981 5331 1267 5387 καὶτοῦτο
1307 5332 1649 5406 ὀμωμοκόσι.
1696 5339 2125 5409 Προστεθείκασι
2192 5348 2301 5419 γὰρ
2346 5346 2427 5413 16,
2457 5348 2695 5421 άληθῶς,
2760 5333 2889 5403 Υίὺν
2962 5348 3125 5402 αὐτὸν
3169 5345 3313 5403 εἶναι
3359 5348 3691 5403 διαϐεϐαιοὼ

449 5447 599 5502 μενοι
622 5430 716 5484 τοῦ
748 5428 883 5483 Θεοῦ
915 5431 1007 5483 καὶ
1035 5430 1270 5502 Πατρός.

518 5524 576 5577 Β.
620 5520 834 5593 Optime
867 5523 1073 5579 dixisti.

521 5616 585 5670 Δ.
621 5616 739 5683 Quo
766 5625 924 5687 pacto
962 5627 1143 5673 autem
1181 5619 1345 5674 etiam
1378 5620 1626 5691 proprios
1656 5622 1819 5679 habet
1854 5639 2017 5696 ange-

451 5708 534 5765 los
565 5708 734 5765 Filius
767 5710 1021 5776 hominis,
1069 5719 1124 5766 et
1168 5710 1413 5781 splendet
1444 5711 1497 5767 in
1533 5712 1700 5783 gloria
1732 5713 1907 5771 Patris
1935 5718 2017 5772 sui

2192 5533 2254 5587 Β.
2295 5533 2529 5603 Ἀριστα
2563 5534 2720 5607 ἔφης.

2194 5626 2261 5682 Α.
2290 5623 2414 5689 Πῶς
2442 5626 2501 5680 δὲ
2542 5628 2635 5681 καὶ
2676 5627 2840 5691 ίδίους
2873 5625 2985 5697 ἔχει
3029 5626 3157 5689 τοὺς
3198 5625 3465 5695 ἀγγέλους
3510 5630 3538 5681 6
3578 5627 3693 5690 Υιδς

2124 5717 2219 5772 τοῦ
2267 5717 2583 5790 ἀνθρώπου,
2638 5718 2929 5792 διαπρέπει
2975 5717 3030 5773 δὲ
3083 5718 3175 5773 καὶ
3222 5719 3281 5773 ἐν
3321 5721 3389 5791 τῇ
3440 5718 3566 5795 δόξῃ
3607 5721 3695 5775 τοῦ

529 5889 571 5922 ⁸⁸
612 5888 761 5945 Joan.
793 5904 809 5944 ι
836 5930 850 5957 ,
884 5890 1075 5947 «ιθ-δι.
1154 5890 1191 5922 "
1222 5890 1407 5949 Matth.
1452 5910 1563 5961 xvr,
1602 5895 1683 5960 16,
1720 5897 1802 5951 l7.
1885 5898 1928 5929 δ’
1957 5896 2004 5953 Μ

2114 5915 2144 5952 ι.
2178 5912 2287 5965 xw,
2332 5897 2421 5952 55.
