3988 6462
294 470 436 529 {MS

1438 456 1629 528 QUOD
1668 454 1859 515 UNUS
1894 452 2001 511 SIT
2040 450 2410 508 CHRISTUS.

3465 437 3603 493 ιδιι

296 586 517 657 “ergo;
540 583 708 640 αὑτοῦ
731 582 873 657 μετά
901 581 1011 637 τῶν
1038 581 1291 651 ἀγγέλων
1322 577 1489 633 αὐτοῦ
1514 594 1528 643 ;
1570 577 1677 629 Καὶ
1702 575 1869 628 πάλιν
1887 591 1898 604 °

2011 587 2136 626 cum
2189 570 2402 641 angelis
2442 566 2557 624 suis
2582 564 2669 617 "1'
2714 561 2780 617 Et
2830 572 3020 614 rursus
3057 574 3069 610 2
3123 574 3140 605 ι
3182 552 3248 607 Ει
3300 554 3480 609 mittet
3510 552 3600 608 Fi-

302 698 324 729 ι
350 678 458 731 Καὶ
491 676 780 731 ἀποστελεῖ
816 678 845 729 ὁ
874 674 1002 739 Υἱὸς
1029 673 1125 727 τοῦ
1158 671 1449 745 ἀνθρώπου
1481 670 1607 733 τοὺς
1630 667 1901 736 ἀγγέλους

298 768 489 823 αὑτοῦ.
518 788 535 821 ι
590 768 652 821 Εἰ
679 767 737 821 δὲ
764 768 860 821 καὶ
887 765 1212 822 ἀπιστοῦσιν
1235 765 1337 829 ἔτι,
1378 762 1473 817 καὶ
1518 761 1648 835 δόξῃ
1675 759 1903 831 θεοπρε-

299 862 399 912 «si
437 859 535 912 καὶ
577 860 689 931 τοῖς
728 856 875 912 οὕτω
914 858 1191 928 λαμπροῖς
1232 854 1327 908 καὶ
1376 854 1707 924 ὑπερτάτοις
1740 849 1903 917 ἀξιώ-

303 968 471 1021 μασιν
496 948 735 1021 ὁρῶντες
766 947 1234 1019 κατεστεμμένον,
1283 945 1613 1001 ἀκούσονται
1650 943 1903 1013 λέγοντος

300 1042 491 1096 αὑτοῦ·
557 1061 576 1095 t
605 1043 667 1097 Ei
717 1042 843 1114 ἐμοὶ
898 1041 961 1094 οὑ
1018 1039 1325 1104 πιστεύετε,
1384 1039 1498 1102 τοῖς
1553 1037 1737 1109 ἔργοις
1796 1050 1900 1105 μου

301 1134 612 1189 πιστεύετε.
640 1153 659 1187 ι
704 1134 813 1188 Καὶ
863 1132 1028 1187 πάλιν
1051 1148 1066 1163 ο
1103 1152 1121 1185 t
1148 1132 1211 1187 El
1251 1132 1313 1185 οὐ
1358 1129 1499 1184 ποιῶ
1542 1129 1611 1182 τά
1641 1127 1781 1200 ἔργα
1804 1124 1899 1180 τοῦ

302 1224 519 1295 Πατρός
572 1241 697 1295 μου,
751 1222 827 1294 μὴ
873 1221 1162 1276 πιστεύετέ
1218 1239 1328 1292 μοι.
1370 1220 1436 1273 Εἰ
1481 1218 1539 1272 δὲ
1590 1217 1750 1281 ποιῶ,
1799 1214 1903 1269 κᾶν

301 1316 431 1386 ἐμοὶ
470 1316 546 1387 μὴ
582 1315 901 1388 πιστεύητε,
929 1317 1044 1378 τοῖς
1074 1314 1257 1385 ἔργοις
1286 1332 1388 1386 μου
1429 1311 1734 1365 πιστεύετε.
1764 1328 1783 1362 ι
1828 1306 1904 1360 Τὸ

301 1407 415 1480 γάρ
448 1409 506 1461 ἑν
545 1406 821 1480 ἀνθρώπῳ
867 1407 1089 1480 βλέπειν
1136 1407 1237 1478 τῆς
1272 1406 1554 1479 ἀφράστου
1597 1403 1758 1475 δόξης
1803 1401 1903 1474 τὴν

303 1500 605 1573 ὑπεροχὴν,
648 1502 750 1572 οὐχ
778 1501 854 1567 ὼς
883 1500 1173 1573 ἀλλοτρίαν
1216 1499 1418 1571 μᾶλλον
1445 1500 1616 1571 ἧγουν
1649 1500 1707 1552 ὲν
1737 1496 1902 1569 χάρι-

301 1608 401 1655 τος
431 1593 589 1663 μέρει
628 1593 1213 1666 προπεπορισμένην,
1253 1591 1371 1646 ἀλλ’
1399 1591 1536 1646 ἰδίαν
1564 1591 1749 1657 αὐτοῦ,
1784 1590 1905 1655 πῶς

304 1681 411 1736 οὐκ
438 1683 745 1746 ἀναπείσει,
780 1683 863 1737 ὅτι
900 1683 1036 1747 Θεὸς
1065 1679 1133 1753 ἦν
1169 1686 1229 1738 ὲν
1266 1683 1397 1738 εῐδει
1440 1682 1521 1755 τῷ
1558 1683 1682 1738 καθ’
1728 1684 1900 1755 ἡμᾶς,

309 1774 407 1828 κειὶ¹
430 1775 559 1839 Υἱὸς
597 1774 814 1845 ἀληθῶς
844 1773 940 1829 τοῦ
976 1776 1070 1828 ἐπὶ
1099 1775 1309 1840 πάντας
1333 1772 1470 1829 Θεοῦ
1496 1793 1511 1841 ;

382 1864 445 1919 Β.
497 1864 728 1919 Ἑαυτοῦ
748 1905 763 1930 ,
791 1866 920 1936 φησὶ
940 1906 956 1932 ,
999 1866 1127 1929 τοὺς
1165 1864 1435 1935 ἀγγέλους
1464 1864 1605 1919 εἶναι
1635 1865 1902 1937 διῖσχυρι-

2006 664 2111 718 lius
2138 663 2376 718 hominis
2402 658 2625 731 angelos
2658 670 2788 713 suos
2806 654 2875 707 “.
2909 671 2928 704 ι
2966 650 3024 705 Si
3055 662 3185 703 vero
3217 646 3397 701 adhuc
3439 645 3603 701 fidem

2011 758 2275 829 derogant
2323 766 2378 810 et
2410 751 2675 809 increduli
2709 758 2859 814 sunt,
2891 762 3017 803 cum
3047 759 3173 799 eum
3209 743 3390 798 divina
3427 740 3602 811 gloria

2004 853 2249 918 adeoque
2281 846 2564 918 splendida
2612 853 2778 913 atque
2809 840 3009 897 eximia
3052 835 3319 907 dignitate
3347 842 3603 888 ornatam

2002 942 2242 1005 videant,
2311 938 2533 994 audient
2581 937 2879 1008 ipsummet
2939 930 3258 986 dicentem:
3296 944 3314 978 ι
3355 923 3412 980 Si
3470 923 3604 979 mihi

2004 1031 2171 1106 749
2195 1046 2302 1087 non
2348 1030 2593 1096 creditis,
2646 1026 2907 1107 operibus
2955 1021 3095 1078 meis
3146 1018 3356 1075 credite
3377 1018 3446 1075 “.
3483 1014 3602 1107 »ει

2004 1137 2239 1178 rursus:
2275 1138 2294 1173 ι
2330 1120 2389 1174 Si
2428 1133 2535 1175 non
2564 1117 2711 1173 facio
2747 1128 2914 1186 Opera
2942 1110 3125 1168 Patris
3148 1108 3277 1169 mei,
3309 1121 3377 1162 ne
3408 1106 3568 1161 creda
3588 1134 3603 1144 -

2005 1214 2076 1269 tis
2110 1213 2266 1268 mihi.
2301 1211 2411 1267 Sed
2447 1210 2492 1265 si
2531 1207 2697 1275 facio,
2728 1218 2783 1263 et
2808 1207 2856 1263 si
2891 1206 3026 1262 mihi
3054 1220 3163 1260 non
3190 1201 3440 1263 creditis.
3472 1212 3605 1268 ope-

2003 1304 2154 1360 ribus
2185 1304 2320 1358 meis
2355 1300 2563 1357 credite
2586 1300 2654 1354 “.
2684 1316 2704 1351 ι
2737 1297 2872 1354 Cum
2913 1296 3060 1352 enim
3088 1290 3382 1350 ineii'abilis
3414 1288 3604 1360 gloria

2002 1397 2324 1456 excellentia
2359 1396 2412 1452 in
2461 1393 2687 1451 homine
2732 1399 3017 1455 cernatur,
3063 1402 3168 1443 non
3214 1394 3274 1440 ut
3319 1385 3491 1439 aliena
3536 1382 3606 1435 ab

2005 1489 2125 1560 ipso
2173 1496 2267 1543 aut
2302 1501 2403 1557 per
2436 1485 2673 1558 gratiam
2719 1482 2941 1547 collata,
2998 1480 3094 1536 sed
3131 1477 3353 1550 propria
3405 1474 3606 1545 ipsius,

2002 1578 2278 1651 quomodo
2316 1592 2425 1633 non
2464 1574 2797 1645 persuadeat
2845 1571 3005 1628 nobis
3032 1569 3177 1642 quod
3223 1568 3366 1623 Deus
3400 1563 3605 1621 eratin

2004 1672 2180 1730 forma
2216 1679 2423 1727 nostra:
2456 1667 2622 1726 simili
2654 1675 2710 1725 et
2735 1664 2912 1721 Filius
2939 1678 3070 1721 vere
3098 1660 3338 1734 supremi
3369 1658 3502 1715 Dei?

2076 1852 2138 1907 Β.
2173 1850 2337 1918 Suos,
2366 1850 2635 1921 inquiunt,
2670 1846 2893 1919 angelos
2920 1859 3046 1901 esse
3076 1843 3235 1911 dixit,
3264 1849 3320 1897 et
3345 1838 3607 1896 miracula

311 1974 467 2025 σατο,
494 1958 590 2011 καὶ
613 1956 783 2010 τῶνδε
806 1933 933 2011 τῶν
964 1933 1225 2028 σημείων
1252 1933 1476 2027 γέγονεν
1504 1933 1897 2029 ἀποτελεστέπ,

2010 1944 2197 2010 edidit,
2232 1944 2303 1999 ob
2350 1942 2664 1998 inhabitans
2700 1941 2753 1996 in
2787 1954 2848 1995 se
2882 1933 3118 1993 Ve'rbum
3139 1976 3155 2000 ,
3188 1935 3413 2006 gloriam
3448 1946 3605 1986 suam

307 2048 649 2113 ἐνοικοῦντος
695 2047 848 2120 αὐτῷ
890 2048 986 2103 τοῦ
1032 2049 1242 2118 Λόγου,
1287 2049 1446 2117 δόξαν
1495 2051 1553 2105 δὲ
1601 2050 1702 2123 τὴν
1762 2050 1900 2105 ἰδίαν

305 2138 460 2211 αὐτῷ
491 2140 586 2194 καὶ
614 2140 675 2192 τὸ
698 2140 923 2211 ἑνεργὲς
947 2141 1397 2213 ἑκνενεμηκότος.
1419 2143 1736 2215 Γέγραπται
1765 2143 1898 2217 γὰρ,

312 2234 395 2285 ὃτι
428 2249 447 2283 t
494 2229 706 2302 ’Ῑησοῢν
741 2231 834 2285 τὸν
867 2232 978 2286 ἀπὸ
1006 2232 1262 2305 Ναζαρὲτ
1309 2232 1386 2298 ὡς
1426 2233 1642 2307 ἔχρισεν
1673 2233 1839 2289 αὑτὸν
1870 2235 1900 2288 ὁ

305 2323 442 2389 Θεὸς
471 2324 753 2397 Πνεύματι
778 2327 921 2398 ἁγιῳ
950 2326 1043 2382 καὶ
1070 2326 1320 2399 δυνάμει,
1349 2328 1408 2392 ὃς
1438 2328 1651 2400 διῆλθεν
1676 2329 1899 2402 εὐεργε-

305 2414 440 2477 τῶν,
467 2415 563 2468 καὶ
592 2414 824 2488 ἰώμενος
852 2416 1065 2481 πάντας
1102 2419 1228 2482 τοὺς
1258 2420 1900 2492 καταδυναστευομένους

309 2505 415 2559 ὑπὸ
460 2505 556 2559 τοῦ
607 2507 879 2561 διαϐόλου.
918 2528 935 2558 ι
991 2509 1372 2581 Κεχρισμένος
1409 2506 1504 2565 οὖν
1521 2512 1640 2591 ,καὶ
1667 2511 1899 2583 δυνάμει

309 2598 406 2649 καὶ
436 2595 740 2665 Πνεύματι,
771 2599 1139 2669 τερατουργὸς
1166 2595 1256 2671 ἦν.

379 2688 445 2741 Λ.
489 2686 718 2753 Οὐκοῦν,
753 2689 1054 2761 ἐπειδήπερ
1080 2688 1213 2753 Θεὸς
1241 2688 1317 2743 ὢν
1350 2691 1379 2743 ὀ
1410 2692 1583 2760 Λόγος
1604 2733 1618 2758 ,
1647 2690 1804 2762 ἅγιός
1838 2709 1898 2745 τε

310 2780 406 2833 καὶ
450 2781 591 2834 κατᾶ
638 2780 819 2849 φύσιν,
876 2783 968 2834 καὶ
1001 2781 1259 2845 οὐσιῶδες
1306 2782 1446 2854 ἔχων
1482 2782 1544 2836 τὸ
1592 2782 1897 2846 παναλκὲς,

308 2873 470 2926 δέοιτ’
510 2871 576 2926 ἂν
618 2873 872 2942 οὐδαμῶς
899 2913 912 2935 ,
958 2874 991 2945 ἢ
1041 2875 1140 2944 τῆς
1180 2878 1312 2945 παρ’
1351 2876 1539 2946 ἐτέρου
1584 2876 1896 2946 δυνάμεως,

305 2965 481 3034 ἦγουν
508 2963 583 3026 ὡς
615 2963 1032 3033 εἰσκεκριμένου
1074 2963 1167 3018 τοῦ
1216 2965 1515 3036 ἀγιασμοῦ,
1551 2966 1635 3031 τίς
1677 2966 1742 3040 δὴ
1789 2966 1899 3037 ἀρα

308 3055 459 3109 εστὶν
482 3057 511 3108 ό
544 3053 905 3126 κεχρισμένος
931 3054 1160 3126 δυνάμει
1189 3058 1282 3111 καί
1316 3056 1458 3129 ἁγίῳ
1497 3058 1811 3131 Πνεῦματις

2000 2044 2057 2094 et
2092 2037 2201 2092 vim
2232 2046 2396 2106 atque
2422 2033 2719 2090 eﬂicaciam
2752 2031 2857 2103 ipsi
2892 2031 3163 2086 tribuens.
3217 2027 3495 2096 Scriptum
3523 2034 3607 2078 est

2000 2130 2192 2186 enim:
2251 2148 2271 2182 ι
2332 2127 2521 2184 Jesum
2578 2125 2953 2189 Nazarenum,
3014 2124 3172 2178 unxit
3236 2122 3413 2190 ipsum
3464 2117 3607 2171 Deus

2002 2221 2210 2293 Spiritu
2230 2230 2418 2277 sancto
2434 2228 2490 2274 et
2510 2219 2731 2282 virtute,
2755 2225 2811 2273 et
2834 2217 3087 2273 transivit
3101 2214 3300 2283 juvans
3323 2220 3377 2268 et
3403 2226 3607 2267 sanans

2000 2328 2193 2371 omnes
2244 2316 2499 2369 obsessos
2531 2326 2561 2367 a
2597 2308 2812 2365 diabolo
2840 2308 2907 2363 ⁸⁷.
2944 2326 2964 2360 ι
3003 2306 3211 2365 Unetus
3268 2306 3452 2374 itaque
3496 2302 3607 2356 vir-

2004 2416 2120 2463 tute
2150 2414 2205 2461 et
2234 2404 2462 2476 Spiritu,
2494 2400 2755 2459 miracula
2792 2398 3006 2458 edebat.

2072 2718 2140 2774 Λ.
2173 2715 2349 2786 Ergo,
2384 2729 2507 2771 cum
2558 2713 2701 2769 Deus
2755 2711 3029 2768 exsistens
3078 2706 3317 2765 Verbum
3356 2713 3605 2762 sanctum

2002 2812 2074 2869 sit
2098 2825 2162 2866 ex
2193 2824 2289 2864 sua
2312 2818 2527 2873 natura,
2562 2815 2725 2876 atque
2754 2803 3118 2861 essentialiter
3140 2799 3595 2869 oumipotentiam

2002 2902 2055 2957 in
2110 2915 2172 2955 se
2222 2899 2453 2961 habeat,
2508 2896 2765 2966 nullaque
2812 2895 3024 2950 ratione
3084 2892 3331 2962 indigere
3390 2889 3603 2945 censeri

2001 2995 2196 3051 debeat
2236 3003 2331 3048 aut
2387 2992 2587 3046 virtute
2631 2989 2846 3054 aliena,
2887 2997 2981 3042 aut
3018 2986 3253 3042 ascititia
3298 2981 3608 3040 sanctiﬁca-

2003 3088 2152 3144 tione
2200 3104 2217 3153 ;
2260 3086 2511 3156 quisnam
2566 3090 2650 3138 est
2711 3081 2757 3137 is
2800 3081 2891 3151 qui
2925 3088 3119 3136 unctus
3162 3087 3245 3134 est
3293 3077 3496 3131 virtute
3555 3083 3609 3128 et

2004 3176 2212 3250 Spiritu
2244 3185 2436 3233 saneto
2461 3176 2486 3230 ?

381 3252 443 3350 Ρ.
482 3252 645 3305 Φαῖεν
676 3250 744 3304 ἂν
787 3250 919 3316 ἴσως
964 3252 1056 3307 τόν
1099 3255 1375 3327 ληφθέντα
1412 3259 1558 3314 κατά
1600 3261 1898 3333 συνάφειαν

2078 3270 2138 3325 Β.
2176 3269 2421 3325 Dixerint
2452 3267 2721 3334 fortasse,
2754 3281 2879 3322 eum
2922 3265 3198 3320 hominem
3232 3263 3323 3333 qui
3356 3275 3454 3331 per
3484 3275 3608 3315 cou—

306 3339 618 3411 ἄνθρωπον.

380 3436 445 3487 Λ.
485 3432 659 3499 Αὐτὸς
683 3429 776 3488 οὖν
803 3434 913 3506 ἀρα
938 3435 1085 3489 ἐστὶν
1123 3435 1333 3506 Ἰησοῦς
1358 3438 1595 3511 Χριστὸς
1628 3441 1813 3507 ἰδικῶς
1836 3462 1897 3498 τε

308 3519 401 3573 καὶ
464 3522 822 3591 καταμόνας,
872 3524 967 3577 καὶ
1021 3525 1151 3596 περ)⁸
1203 3519 1263 3579 οὗ
1310 3545 1477 3599 φησιν
1536 3529 1565 3581 ό
1622 3532 1900 3603 πάνσοφος

308 3611 557 3677 Παῦλοςο
598 3634 617 3668 ι
660 3617 800 3670 Ἀλλ’
832 3619 965 3688 ἡμῖν
1003 3613 1084 3682 εἷς
1114 3617 1247 3685 Θεὸς
1289 3621 1318 3673 δ
1362 3622 1584 3695 Πατὴρ,
1623 3625 1683 3690 ἐξ
1728 3622 1788 3681 οὗ
1827 3628 1899 3683 τά

308 3704 510 3771 πάντα,
536 3707 629 3760 καὶ
662 3709 823 3789 ἡμεῖς
848 3710 915 3761 δι’
944 3709 1135 3774 αὑτοῦ,
1186 3712 1280 3765 καὶ
1322 3707 1405 3776 εἷς
1448 3715 1653 3785 Κύριος
1689 3720 1896 3789 Ἰησοῦς

305 3794 583 3866 Χριστὸς,
627 3795 695 3849 δι’
742 3788 804 3849 οὗ
838 3798 907 3851 τά
937 3796 1137 3863 πάντα,
1172 3799 1266 3852 καὶ
1314 3802 1477 3871 ἡμεῖς
1523 3804 1591 3857 δι’
1639 3788 1827 3863 αὐτοῦ.
1870 3829 1891 3863 ι

308 3886 437 3949 Πῶς
465 3882 578 3954 οὖν,
606 3888 726 3941 εἰπέ
763 3906 873 3958 μοι,
905 3888 974 3942 δι’
1004 3889 1294 3961 ἀνθρώπου
1324 3893 1394 3946 τά
1425 3894 1637 3964 πάντα;
1669 3899 1895 3955 ἀνθότου

304 3981 365 4034 δὲ
400 3981 495 4034 καὶ
520 3982 745 4053 ἀμέσως
779 3980 855 4045 ὡς
884 3982 1014 4047 Υἱδς
1054 3984 1231 4054 Πατρὶ
1259 3988 1634 4055 συντάττεται,
1665 3994 1899 4063 μεσολα-

306 4071 533 4136 εοῦντος
561 4073 806 4141 οὐδενός
838 4070 971 4130 Εἶτα
1002 4076 1125 4129 ὅποι
1178 4078 1310 4131 ποτὲ
1342 4080 1433 4134 τὸν
1478 4083 1758 4158 Μονογενῆ
1799 4087 1899 4160 θή-

306 4179 476 4232 σομεν
530 4164 610 4227 εἰς
645 4162 736 4216 τὸν
783 4164 949 4219 αὑτοῦ
983 4166 1150 4220 τόπον
1188 4168 1613 4238 ἀναϐιϐάζοντες
1664 4177 1757 4231 τὸν
1801 4179 1899 4235 ἀν-

306 4252 529 4323 θρωπον
548 4296 562 4319 ,
600 4255 693 4307 καὶ
720 4256 897 4320 τοῦτο,
933 4258 1080 4313 καθά
1122 4277 1307 4331 φησιν,
1338 4264 1734 4338 ὲνεργούμενον
1762 4275 1900 4345 παρ’

306 4344 515 4436 αὑτοῦ,Δ
547 4347 643 4399 καὶ
669 4348 735 4399 δι’
764 4348 927 4403 αὐτὸν
954 4350 1296 4421 τιμώμενον;
1329 4350 1456 4427 Ἆρ’
1485 4359 1585 4413 οὐκ
1625 4344 1898 4436 ἐκϐέϐηκε

304 4435 367 4487 τὸ
415 4434 564 4498 εἰκὸς
599 4439 627 4489 ό
665 4436 821 4505 λόγος
871 4439 1086 4505 αὐτοῖς
1118 4441 1218 4495 οὐκ
1268 4442 1372 4507 ἔξω
1408 4445 1634 4518 φέρεται
1666 4434 1895 4524 σκοποῦ,

305 4528 403 4580 καὶ
436 4527 510 4590 ὡς
541 4529 638 4599 τῆς
672 4530 933 4602 ἀληθείας
962 4533 1273 4605 ὁλοτρόπως
1301 4538 1662 4610 ἡμαρτηκὼς,
1688 4544 1897 4618 γελῷτο

307 4622 374 4673 ἂν
406 4621 666 4688 ἐνδίκωςς

381 4713 442 4767 Β.
473 4715 816 4786 Ἀνθρωπος,
842 4736 915 4789 φη
927 4720 1073 4786 σὶν,ό
1097 4721 1190 4775 τοῦ
1223 4721 1359 4779 Θεοῦ
1388 4726 1559 4795 Λόγος
1581 4730 1895 4803 ὠνόμασται

1994 3362 2333 3435 iunctionem
2374 3368 2688 3430 assumptus
2714 3367 2815 3413 est.

2070 3454 2137 3507 A.
2190 3452 2311 3521 Ipse
2346 3453 2509 3522 igitur
2540 3461 2623 3505 est
2670 3450 2830 3505 Iesus
2855 3448 3107 3503 Christus
3148 3448 3498 3519 singulariter
3542 3467 3608 3505 ar.

1999 3544 2167 3610 solus,
2192 3544 2335 3600 etde
2356 3558 2463 3613 quo
2492 3542 2666 3611 inquit
2695 3541 3130 3613 sapientissimus
3164 3540 3361 3598 Paulus
3393 3562 3406 3599 :
3439 3563 3456 3595 ι
3498 3545 3605 3599 Sed

2002 3640 2156 3696 nobis
2188 3653 2327 3693 unus
2372 3638 2514 3693 Deus
2564 3634 2764 3703 Pater,
2795 3651 2859 3691 ex
2904 3651 3011 3706 quo
3064 3636 3246 3690 omnia
3268 3678 3285 3701 ,
3320 3648 3373 3692 et
3404 3653 3506 3693 nos
3536 3653 3602 3693 ex

2000 3734 2119 3802 ipso
2168 3750 2181 3786 :
2224 3741 2279 3786 et
2310 3746 2448 3787 unus
2500 3729 2761 3785 Dominus
2795 3727 2953 3785 Jesus
2987 3727 3258 3798 Christus,
3294 3748 3391 3801 per
3440 3749 3602 3803 quem

1999 3823 2221 3887 omnia,
2262 3831 2316 3876 et
2355 3836 2453 3877 nos
2506 3834 2601 3890 per
2664 3819 2837 3890 ipsum
2880 3817 2947 3872 “.
3000 3838 3019 3873 ι
3076 3821 3358 3888 Quomodo
3414 3823 3601 3897 igitur.

1998 3916 2258 3980 obsecro,
2295 3928 2391 3985 per
2438 3912 2712 3968 hominem
2750 3921 2874 3966 sunt
2909 3912 3088 3966 omnia
3130 3914 3344 3982 ?quam
3379 3932 3507 3971 vero
3534 3918 3604 3972 ob

1999 4023 2223 4063 causam
2271 4006 2585 4061 immediate
2617 4015 2676 4061 ut
2705 4004 2875 4060 Filius
2924 4005 3069 4060 Patri
3132 4008 3479 4076 adjttngitur,
3510 4026 3605 4065 nec

2001 4101 2147 4155 mine
2185 4097 2623 4154 interveniente?
2653 4098 2848 4153 deinde
2877 4099 3096 4153 ubinam
3133 4103 3347 4155 tandem
3398 4101 3602 4171 Uuige-

2001 4190 2173 4244 nilum
2225 4186 2648 4255 collocabimus,
2685 4189 2729 4243 si
2782 4189 3058 4244 hominem
3116 4191 3167 4244 in
3206 4191 3377 4261 ipsius
3426 4194 3601 4255 locum

2001 4282 2284 4337 evehimus
2318 4297 2333 4347 ;
2369 4291 2423 4335 et
2450 4280 2707 4351 quidem,
2745 4291 2802 4335 ut
2834 4281 2933 4351 ipsi
2964 4282 3187 4347 volunt,
3222 4284 3271 4338 vi
3313 4300 3376 4339 ac
3402 4287 3603 4341 virtute

2000 4376 2069 4429 ab
2096 4375 2213 4445 ipso
2241 4374 2591 4444 insignitum,
2619 4373 2899 4443 gloriaque
2952 4391 3039 4444 per
3097 4376 3270 4446 ipsum
3300 4376 3552 4434 aﬂcctum
3582 4383 3604 4435 τ

2002 4467 2158 4522 Anne
2184 4465 2277 4520 tibi
2309 4464 2521 4521 illorum
2552 4467 2792 4522 rationes
2826 4466 3073 4521 absurda:
3102 4478 3155 4523 et
3183 4486 3209 4522 a
3240 4484 3406 4539 scopo
3439 4476 3601 4529 alier-

2001 4565 2215 4621 rantes,
2255 4565 2417 4625 atque
2454 4557 2591 4611 adeo
2630 4573 2657 4610 a
2696 4557 2929 4611 veritate
2975 4574 3201 4629 prorsus
3240 4563 3460 4630 alienat,
3491 4566 3599 4621 risu

1927 4649 1974 4706 D
2005 4650 2200 4705 merito
2237 4650 2573 4720 excipiendae
2612 4650 2899 4704 videntur?

2066 4741 2128 4798 Β.
2162 4740 2397 4797 Verbum
2431 4742 2560 4807 Dei,
2594 4742 2883 4812 inquiunt,
2920 4754 3146 4801 vocatur
3183 4747 3343 4802 homo
3365 4788 3378 4813 ,
3414 4749 3598 4819 hujus-

302 4804 450 4907 κατά
479 4805 689 4907 ,τοιόνδε
720 4807 844 4860 τινὰ
876 4810 1099 4878 τρόπον.
1129 4813 1341 4885 Ὠσπερ
1371 4818 1479 4890 γὰρ
1509 4822 1537 4872 ὁ
1568 4824 1699 4893 παρ’
1730 4826 1893 4879 αὑτοῦ

2010 4834 2201 4891 :emodi
2225 4834 2460 4904 quadam
2491 4833 2721 4889 ratione.
2753 4832 3225 4900 Quemadmodum
3252 4841 3398 4893 enim
3434 4804 3597 4895 llt:l|l0

304 4896 529 5014 ληφθεὶς
565 4897 854 5014 ἄνθρωπος
877 4941 920 5014 ,9
941 4904 1200 4976 ἐγεννήθη
1256 4908 1353 4976 μὲν
1401 4912 1459 4963 ὲν
1511 4911 1759 4985 Βηθλεὲμ
1795 4917 1896 4987 τῆς

2010 4927 2083 4995 lui
2146 4925 2214 4979 ab
2277 4928 2393 4995 ipso
2432 4938 2744 4997 assumptus
2785 4938 2871 4984 est
2914 4940 3075 4986 natus
3138 4934 3357 5002 quidem
3402 4946 3485 4988 est
3546 4936 3597 4989 iu

337 4990 598 5099 ιουδαίας,
646 4991 862 5097 εἴρηται
895 4992 949 5045 δὲ
980 4993 1320 5068 Ναζωραῖος,
1343 5001 1431 5055 διὰ
1455 5003 1515 5055 τὸ
1541 5005 1763 5075 οἰκῆσαι
1795 5010 1895 5079 τὴν

2010 5019 2311 5075 Bethlebem
2340 5018 2539 5074 ludam
2581 5020 2627 5052 δ’
2667 5040 2679 5075 :
2729 5022 2909 5079 dictus
2939 5035 3119 5099 autem
3155 4990 3249 5081 ἐει
3284 5025 3595 5091 Nazarmtts,

302 5082 584 5152 Ναζαρὲτ,
618 5084 763 5138 οὓτω
791 5085 885 5138 καὶ
914 5088 943 5139 ό
966 5086 1099 5150 Θεὸς
1140 5090 1330 5159 Λόγος,
1376 5094 1661 5166 ἄνθρωπος
1690 5099 1892 5171 ὀνομά-

301 5175 480 5238 ζεται,
509 5173 599 5226 διὰ
634 5175 696 5227 τὸ
717 5176 1044 5247 κατοικῆσαι
1076 5179 1135 5231 ὲν
1164 5181 1457 5254 ἀνθρώπῳ.

374 5267 439 5317 Α.
479 5267 542 5319 Ὢ
589 5267 790 5337 φρενὸς
818 5270 1241 5338 γραοπρεποῦς,
1278 5276 1372 5328 καὶ
1398 5276 1489 5330 νοῦ
1528 5282 1890 5352 παρειμένου,

304 5361 400 5414 καὶ
416 5359 763 5430 βατταρὶζειν
785 5361 1009 5425 εἰδότος,
1028 5364 1121 5416 καὶ
1137 5364 1223 5417 ’ἐτε
1231 5383 1325 5435 ρον
1350 5367 1525 5423 οὐδέν.
1553 5371 1885 5445 Ἐκνήψατε,

303 5452 354 5506 al
406 5452 718 5523 μεθύοντες,
758 5451 819 5518 ἐξ
845 5454 988 5508 οἴνου
1022 5456 1201 5509 αὐτῶν
1223 5500 1236 5522 ,
1272 5459 1614 5530 ὲπιφωνείτω
1656 5484 1743 5531 τις
1776 5474 1893 5536 τοῖς

301 5546 627 5611 διιναντίας,
660 5545 712 5599 τί
748 5547 1160 5617 παραϐιάζεσθε
1188 5550 1442 5621 τάληθὲς,
1469 5557 1565 5607 καὶ
1595 5560 1703 5612 τῶν
1730 5561 1889 5619 θείων

305 5638 589 5710 δογμάτων
624 5638 721 5711 τὴν
754 5639 984 5710 δύναμιν
1028 5642 1477 5715 παρευθύνοντες,
1512 5648 1615 5716 ἔξω
1656 5654 1889 5728 φέρεσθε

380 5838 635 5927 ibis-tm.
668 5852 782 5927 χχι,
982 5842 1027 5874 ⁸⁸
1058 5841 1244 5927 Matth.
1282 5866 1400 5917 xm,
1434 5853 1518 5908 il.
1594 5858 1638 5887 ⁸³
1662 5857 1819 5915 Juan.
1848 5877 1903 5927 κ,
1940 5862 2031 5918 58.

308 5910 355 5941 "
396 5910 585 5969 Matth.
615 5930 674 5979 ιι,
704 5915 757 5967 ὕ.
812 5915 858 5946 ⁵ο
892 5913 1022 5969 Luc.
1060 5930 1118 5979 tt,
1155 5916 1241 5970 51.

1998 5113 2140 5181 quod
2170 5112 2222 5165 itt
2264 5110 2535 5169 Nazareth
2580 5113 2852 5171 habitaret
2878 5118 2924 5149 '°

2956 5108 2971 5183 ξ
3013 5119 3085 5172 ita
3113 5130 3167 5173 et
3196 5119 3336 5175 Deus
3360 5118 3599 5177 Verbum

1999 5212 2224 5258 vocatur
2254 5203 2437 5271 homo,
2470 5206 2597 5276 quia
2634 5206 2905 5262 inhabitat
2931 5210 2982 5264 in
3016 5210 3254 5265 homine.

2053 5295 2171 5353 Λ.Ο
2187 5297 2348 5351 anilia
2363 5309 2693 5366 commenta,
2712 5317 3003 5372 merasque
3016 5319 3210 5375 nugas,
3230 5305 3418 5369 verba,
3436 5322 3600 5363 voces

2002 5401 2377 5461 praetereaque
2405 5392 2571 5447 nihili
2605 5392 2891 5466 Evigilate,
2921 5401 3224 5464 temulenti,
3254 5418 3317 5454 ex
3351 5402 3474 5453 vino
3503 5418 3598 5455 ve-

2005 5491 2140 5546 stro,
2162 5482 2358 5537 merito
2371 5484 2494 5553 quis
2517 5484 2788 5541 haereticis
2800 5488 3084 5546 occlatnet.
3104 5492 3241 5558 Quid
3262 5492 3427 5564 750
3450 5496 3597 5547 veri-

2006 5573 2101 5627 tati
2131 5574 2241 5629 vim
2273 5573 2483 5631 iniertis
2508 5578 2532 5631 ?
2574 5589 2630 5633 et
2660 5578 2968 5636 divinorum
2994 5584 3305 5653 dogmutum
3340 5586 3597 5640 virtutem

2001 5664 2398 5731 subvertentes,
2430 5681 2460 5721 a
2484 5668 2569 5723 via
2598 5670 2746 5739 regia
2764 5669 3051 5729 deﬂectitis
3076 5674 3099 5727 ?
3120 5673 3304 5743 Neque
3344 5676 3515 5740 enim,
3544 5689 3601 5734 ut

2138 5865 2185 5897 “
2218 5866 2345 5921 ibid.
2382 5867 2473 5923 37.
2572 5871 2615 5903 "'
2641 5872 2765 5930 Aet.
2800 5887 2857 5938 Σ,
2891 5872 2982 5929 38.
3092 5874 3137 5904 “
3174 5877 3189 5932 l
3220 5874 3347 5933 Cor.
3378 5895 3495 5945 ml,
3538 5880 3592 5942 6.
