3926 6466
228 433 363 493 1317

1381 427 1571 495 QUOD
1613 425 1796 483 ΒΝΕὸ
1836 425 1942 481 SIT
1984 424 2350 481 (λιιιιιετυτ.

3398 425 3536 479 1318

228 548 428 621 καιροῦ
474 545 947 616 πεπλεονέκτηκεν
980 547 1008 599 6
1036 544 1294 618 Χριστὸς,
1347 544 1475 606 τοὺς
1509 544 1617 614 πρὸ
1652 543 1819 597 αὑτοῦ

1943 543 2003 598 'is
2032 544 2305 612 superavit
2335 542 2590 597 Christus
2629 556 2724 598 eos
2759 542 2849 611 qui
2888 551 3014 595 ante
3067 542 3244 611 ipsum
3307 548 3534 599 exstite-

226 641 527 713 γεγονότας
586 640 775 709 ἁγίους
825 641 1112 711 προφήτας
1140 679 1155 702 ,
1206 638 1300 692 καὶ
1355 637 1517 692 τοῦτό
1558 638 1707 691 ἐστιν
1765 638 1822 690 ὲν

224 732 385 803 αῦτῷ
420 734 482 785 τὸ
515 730 815 801 ἐξαίρετον.
866 730 1162 802 Πρόκειται
1212 728 1268 782 δὲ
1316 727 1822 801 πολυπραγμονεῖν,

225 826 281 881 ιι
327 826 618 897 προφήτης
663 823 837 887 ὅλως,
887 822 983 875 καὶ
1029 822 1149 874 οῦτι
1195 838 1298 874 που
1345 821 1407 875 τδ
1452 820 1719 893 μᾶλλονῆ
1764 820 1826 874 τὸ

230 920 387 988 μεῖον
416 916 574 988 ἔχων,
599 916 632 987 ἢ
678 916 771 969 καὶ
805 914 1241 985 ὑπερκείμενος,
1272 913 1349 979 ὡς
1378 913 1438 967 ἐν
1478 930 1543 983 γε
1574 913 1654 985 τῷ
1684 908 1827 968 εἶναι

228 1013 541 1085 προφήτην,
591 1011 686 1065 καὶ
727 1010 806 1080 τῷ
838 1008 914 1081 μὴ
943 1009 1089 1081 πέρα
1126 1009 1327 1081 μέτρου
1358 1008 1453 1063 τοῦ
1486 1008 1610 1063 καθ’
1635 1010 1822 1080 ἡμᾶς,

226 1106 295 1159 τὸ
328 1101 747 1175 σμικροπρεπὲς
772 1103 921 1155 ἐστιν
945 1100 1117 1171 αὐτῷ,
1142 1100 1249 1155 κᾶν
1278 1103 1328 1156 εί
1359 1100 1621 1173 ἀπαρχῆς
1650 1103 1825 1156 νοοῖτο

226 1194 395 1249 τοῦτο
438 1195 723 1265 ὑπάρχων,
768 1191 1020 1264 καθάπερ
1070 1193 1265 1265 ἀμέλει
1304 1196 1401 1249 καὶ
1446 1196 1474 1247 6
1518 1195 1828 1265 Θαυμάσιος

230 1288 549 1361 Ιῖαπτιστὴς
598 1289 727 1360 περὶ
751 1281 811 1342 οὗ
838 1306 1005 1362 φησιν
1028 1289 1057 1342 ό
1088 1290 1361 1360 μακάριος
1391 1287 1644 1357 ἄγγελοςι
1669 1307 1687 1340 ι
1714 1288 1826 1341 Καὶ

228 1382 557 1451 Πνεῦματος
586 1382 742 1451 ἁγίου
776 1380 1153 1453 πλησθήσεται
1178 1380 1258 1434 ἔτι
1289 1382 1352 1434 ἐκ
1376 1379 1584 1445 κοιλίας
1618 1380 1827 1453 μητρὸς

231 1475 425 1530 αὐτοῦ.
460 1495 479 1527 ι
515 1471 649 1529 Εἶτα
684 1474 804 1538 πῶς
847 1476 875 1529 ό
921 1475 1019 1547 μὲν
1048 1469 1117 1545 ἦν
1144 1473 1384 1544 οἰκέτης,
1428 1472 1456 1525 6
1495 1472 1554 1526 δὲ
1587 1475 1702 1536 τοῖς
1740 1472 1826 1526 δε-

233 1572 518 1633 σποτικοῖς
547 1567 856 1641 ἀξιώμασιν
886 1566 1276 1639 ὲνα6ρύνεται;
1327 1567 1439 1621 Καὶ
1488 1565 1685 1620 ἑαυτοῦ
1726 1566 1825 1636 μὲν

232 1660 385 1734 πέρι,
418 1662 581 1733 φησιν
626 1662 655 1715 6
685 1660 960 1733 μακάριος
1010 1660 1301 1731 ’ῐωάννηςο
1343 1678 1361 1712 ι
1403 1659 1463 1712 '0
1501 1657 1578 1712 ὢν
1618 1659 1683 1712 ἐκ
1724 1658 1826 1729 τῆς

229 1755 359 1825 γῆς,
382 1756 446 1809 ὲκ
470 1754 569 1825 τῆς
599 1754 703 1826 γῆς
731 1754 899 1808 λαλεῖ.
935 1773 955 1807 ι
990 1753 1125 1825 Περὶ
1149 1752 1207 1806 δέ
1226 1770 1290 1821 γε
1315 1751 1411 1806 τοῦ
1449 1752 1821 1822 Ἐμμανουήλ·

234 1866 254 1898 s
280 1847 339 1898 ’0
373 1846 578 1902 ἄνωθεν
603 1848 921 1919 ἐρχόμενος,
953 1846 1139 1900 ἐπάνω
1176 1846 1394 1901 πάντων
1431 1845 1567 1900 ἐστί.
1607 1865 1627 1899 ι

306 1939 367 1995 Β.
399 1939 589 1993 Καίτοι
613 1943 771 2009 φαῖεν
801 1940 868 1994 ἂν
904 1937 1057 2004 ίσως,
1086 1938 1295 1993 ἄνωθέν
1323 1955 1383 1991 τε
1412 1934 1577 2003 εἶναι,
1599 1938 1695 1991 καὶ
1720 1936 1828 2009 μὴν

231 2032 330 2086 καὶ
374 2030 562 2084 ἐπάνω
596 2030 836 2093 πάντων,
872 2029 964 2082 τὸν
1015 2031 1081 2082 ἐκ
1124 2027 1260 2083 Θεοῦ
1302 2030 1515 2100 Πατρὸς
1547 2030 1830 2100 πεφηνότα

232 2123 443 2189 Λόγον,
484 2121 689 2175 δεδίασι
738 2120 792 2174 δὲ
832 2122 1160 2192 προσνέμειν
1198 2120 1351 2193 αὐτῷ
1386 2122 1455 2175 τὰ
1488 2120 1827 2193 ἀνθρώπινα,

233 2214 313 2288 μὴ
340 2216 449 2286 ἄρα
484 2232 602 2276 πως
646 2214 887 2267 ἀδικοῖτο
925 2213 995 2267 δι’
1031 2213 1235 2278 αὐτῶν,
1278 2216 1374 2269 καὶ
1403 2214 1831 2287 κατακομίζοιτο

232 2307 373 2381 πρὸς
420 2305 483 2359 τὸ
524 2305 803 2367 δυσκλεές.
853 2305 1040 2380 Ταύτῃ
1088 2323 1173 2360 τοι
1217 2306 1577 2361 διατείνονται
1638 2307 1830 2362 λαϐεῖν

230 2398 401 2454 αὐτὸν
433 2397 721 2469 ἄνθρωπον
741 2438 756 2463 ,
789 2398 968 2469 ἐαυτῷ
999 2416 1059 2452 τε
1092 2397 1284 2453 τοῦτον
1314 2397 1584 2471 συνάψαι,
1617 2403 1745 2471 περὶ
1769 2402 1829 2455 ὃν

233 2490 306 2545 ἂν
332 2491 546 2561 γένοιτό
578 2507 637 2543 τε
683 2489 779 2543 καὶ
820 2489 1032 2560 λέγοιτο
1059 2490 1130 2543 τὰ
1158 2490 1497 2562 ἀνθρώπινα.
1536 2493 1735 2547 Ἔσται
1774 2494 1831 2548 δὲ

231 2582 375 2647 ὅλως
414 2584 494 2646 είς
535 2582 634 2655 τὴν
664 2582 849 2637 αὑτοῦ
899 2582 995 2638 τοῦ
1038 2582 1215 2651 Λόγου
1273 2582 1466 2653 φύσιν,
1521 2583 1584 2637 τὸ
1632 2583 1831 2654 βλάϐος

231 2673 414 2729 οὐδέν.

308 2766 373 2818 Α.
415 2761 647 2828 Οὐκοῦν,
697 2762 883 2833 ἕτερος
920 2764 1018 2833 μὲν
1063 2762 1518 2833 ὁμολογουμένως
1562 2764 1723 2817 νοοῖτ⁹
1765 2764 1831 2818 ἂν

234 2858 336 2914 καὶ
367 2857 577 2926 λέγοιτο
630 2860 760 2929 παρ’
808 2855 993 2919 αὑτὸν,
1036 2856 1065 2908 6
1112 2853 1377 2925 ληφθείς·
1414 2853 1551 2925 πλὴν
1600 2855 1659 2907 οὐ
1714 2859 1833 2918 ταῖς

239 2947 467 3003 ἐκείνων
493 2946 846 3017 ἀϐελτηρίαις
892 2944 1155 3016 ἑψόμεθα,
1182 2943 1306 2997 οὔτε
1346 2944 1452 3015 μὴν
1478 2945 1701 3014 ὁριστὰς
1730 2946 1832 2998 αὑ-

238 3041 368 3106 τοὺς
415 3040 509 3095 καὶ
543 3039 901 3110 καινοτόμους
941 3037 1039 3107 τῆς
1084 3037 1296 3090 ἑαυτῶν
1345 3038 1687 3107 ποιησόμεθα
1737 3039 1831 3092 πί-

242 3150 438 3197 στεως,
471 3132 567 3203 τὴν
597 3132 748 3203 ἱερὰν
780 3130 1047 3201 παρέντες
1080 3130 1335 3201 Γραφὴν,
1374 3132 1467 3183 καὶ
1500 3131 1596 3201 τὴν
1627 3134 1691 3185 ὲκ
1724 3132 1833 3185 τῶν

1932 645 2060 691 runt
2085 646 2303 692 sanctos
2329 637 2623 705 prophetas
2656 655 2670 690 :
2705 645 2869 705 atque
2912 635 3013 690 hoc
3044 644 3129 691 est
3180 636 3230 689 in
3268 635 3386 706 ipso
3409 638 3532 691 cxi-

1931 728 2120 783 mium.
2148 728 2496 799 Propositum
2531 742 2661 783 vero
2695 737 2777 783 est
2800 728 3101 798 inquirere,
3134 743 3263 782 num
3292 730 3535 798 prophe-

1928 830 1982 876 ta
2006 822 2230 877 omnino
2256 821 2438 888 fuerit,
2472 837 2579 877 non
2624 830 2805 877 autem
2836 836 2905 875 an
2968 819 3144 889 major
3188 830 3283 874 aut
3330 823 3536 886 minor,

1935 923 2033 969 aut
2075 915 2329 984 superior
2357 928 2373 965 :
2406 914 2480 969 ita
2512 922 2571 969 ut
2605 913 2660 969 in
2694 929 2760 969 eo
2792 914 2939 984 quod
3002 914 3074 968 sit
3123 914 3393 985 propheta
3420 955 3433 978 ,
3485 924 3541 968 et

1930 1005 2074 1077 quod
2108 1020 2213 1060 non
2247 1004 2743 1061 excedatnostram
2802 1005 3208 1070 conditionem,
3259 1004 3540 1061 humilitas

1929 1095 2048 1165 ejus
2073 1097 2358 1162 consistat,
2397 1096 2618 1152 tametsi
2672 1096 2726 1152 id
2768 1097 2837 1152 ab
2894 1096 3055 1152 initio
3102 1095 3383 1153 exstitisse
3409 1112 3540 1152 cen-

1929 1198 2139 1255 seatur,
2162 1190 2302 1247 sicut
2332 1200 2387 1246 et
2409 1189 2629 1245 divinus
2664 1188 2926 1260 Baptista,
2950 1191 3139 1262 dequo
3169 1190 3303 1246 dicit
3335 1189 3529 1245 beatus

1931 1282 2192 1356 angelus:
2232 1302 2250 1336 ι
2282 1282 2352 1338 Et
2405 1281 2615 1353 Spiritu
2658 1292 2848 1338 sancto
2908 1282 3209 1352 replebitur
3263 1282 3443 1337 adhuc
3481 1282 3537 1337 in

1931 1385 2088 1431 utero
2118 1377 2310 1431 matris
2336 1390 2448 1431 suae
2482 1376 2550 1429 ".
2601 1393 2621 1428 ι
2650 1374 2855 1431 Deinde
2878 1375 3156 1446 quomodo
3189 1374 3278 1429 hic
3298 1374 3525 1445 quidem

1930 1474 2287 1532 eratscrvus,
2320 1465 2411 1521 ille
2437 1480 2567 1521 vero
2614 1464 2896 1520 Dominica
2942 1465 3207 1535 dignitate
3265 1463 3537 1520 illustris?

1930 1556 2009 1611 Ac
2039 1558 2104 1612 de
2127 1557 2309 1628 seipso
2338 1557 2532 1613 beatus
2570 1556 2811 1613 Joannes
2838 1557 2918 1611 ita
2938 1558 3059 1627 ait;
3094 1574 3113 1608 ι
3150 1556 3252 1625 Qui
3286 1571 3352 1612 ex
3387 1568 3535 1613 terra

1930 1658 2035 1714 est,
2076 1659 2292 1706 terrena
2324 1650 2593 1721 loquitur;
2628 1669 2647 1704 ι
2680 1650 2747 1707 de
2772 1650 3128 1706 Emmanuele
3160 1665 3294 1706 vero
3324 1668 3338 1706 :
3378 1668 3399 1703 ι
3426 1649 3535 1719 Qui

1931 1756 1963 1798 e
1986 1744 2239 1814 supernis
2262 1744 2429 1808 venit,
2467 1760 2633 1813 supra
2670 1759 2864 1799 omnes
2894 1754 2980 1800 est
3018 1744 3085 1797 ".
3130 1763 3149 1797 ι

1861 1907 1903 1963 Β
2004 1918 2065 1974 Β.
2098 1918 2264 1991 Atqui
2325 1922 2566 1978 dixerint
2611 1922 2848 1978 fortasse
2898 1937 2932 1979 e
2966 1923 3242 1993 superuis,
3274 1932 3328 1979 et
3373 1940 3539 1993 supra

1933 2033 2124 2073 omnes
2156 2030 2280 2071 esse
2316 2014 2550 2070 Verbum
2582 2027 2648 2070 ex
2681 2015 2792 2071 Deo
2815 2015 2980 2072 Patre
3011 2019 3255 2089 genitum
3286 2035 3301 2083 ;
3339 2033 3541 2073 veren-

1936 2118 2024 2164 tur
2063 2121 2243 2165 autetn
2287 2108 2363 2163 illi
2420 2108 2664 2163 tribuere
2704 2104 2966 2176 humana,
3000 2116 3071 2164 ne
3116 2110 3292 2179 ipsum
3336 2109 3537 2181 injuria

1933 2200 2167 2267 allicere,
2220 2201 2561 2271 gloriamque
2607 2201 2777 2271 ipsius
2837 2200 3162 2257 imminuere
3215 2202 3526 2257 videantur.

1934 2294 2141 2350 Idcirco
2168 2294 2501 2349 contendunt
2537 2294 2711 2364 ipsum
2750 2308 3033 2349 assumere
3050 2292 3356 2359 hominem,
3387 2310 3538 2349 eum-

1934 2402 2039 2456 que
2068 2385 2608 2455 sihiconjungere.in
2660 2400 2822 2455 quem
2882 2387 3083 2440 cadant
3115 2396 3169 2439 et
3194 2390 3262 2441 de
3296 2402 3408 2457 quo
3458 2389 3536 2440 di-

1935 2486 2130 2532 cantur
2175 2476 2410 2531 hominis
2443 2477 2805 2546 proprietates
2842 2494 2857 2544 ;
2894 2477 2965 2532 ita
3035 2488 3094 2531 ut
3145 2475 3306 2533 Verbi
3370 2481 3541 2550 ipsius

1936 2575 2130 2622 natura
2168 2566 2371 2621 nullum
2401 2567 2626 2621 omnino
2660 2568 3049 2623 detrimentum
3100 2570 3358 2641 accipiat.

2006 2744 2073 2798 Α.
2130 2745 2386 2801 Diversus
2421 2746 2605 2815 itaque
2645 2749 2697 2803 in
2751 2748 3065 2806 universum
3102 2761 3157 2808 et
3184 2753 3543 2814 eritetdice-

1938 2844 2026 2892 tur
2059 2840 2128 2894 ab
2182 2840 2321 2908 ipso,
2368 2841 2413 2893 is
2455 2841 2546 2909 qui
2578 2854 2892 2914 assumptus
2950 2852 3054 2901 est.
3111 2844 3381 2903 Caeterum
3442 2865 3543 2905 nos

1937 2930 2151 2986 illorum
2186 2934 2518 3003 imperitiam
2571 2934 2720 2990 nullo
2771 2937 2934 2993 modo
2962 2939 3319 3005 sectabimur,
3384 2957 3541 2998 sacra

1939 3023 2223 3095 Scriptura
2294 3028 2597 3097 praeterita,
2656 3036 2712 3083 et
2765 3038 3080 3085 sanctorum
3169 3033 3540 3102 apostolorum

1938 3129 2099 3189 atque
2131 3120 2589 3189 evangelistarum
2653 3122 2949 3177 traditione
3006 3133 3321 3193 contempta
3357 3143 3537 3198 neque

243 3226 417 3295 ἁγίων
443 3222 782 3288 ἀποστόλων,
816 3223 910 3275 καὶ
944 3221 1350 3292 εὐαγγελιστῶν
1389 3221 1691 3293 παράδοσιν
1717 3224 1834 3277 ἀτι-

1943 3210 1987 3266 si
2022 3211 2235 3266 illorum
2265 3224 2503 3267 mentem
2534 3222 2681 3267 tanta
2736 3213 3085 3269 imbecillitas
3140 3226 3307 3286 atque
3368 3220 3542 3287 impe-
3618 3224 3624 3231 ’

247 3318 555 3387 μάσαντες·
612 3314 735 3367 οὐδὲ
788 3314 1021 3383 ἐπείπερ
1080 3314 1269 3376 αὐτοῖς
1326 3312 1565 3384 ἀδρανής
1616 3330 1675 3366 τε
1741 3315 1838 3367 καὶ

241 3408 625 3479 ἀμαθέστατος
664 3404 961 3476 ἐνῴκισται
994 3403 1153 3469 νοῦς,
1184 3406 1279 3457 καὶ
1308 3404 1370 3457 τὸ
1405 3403 1497 3456 τοῦ
1532 3406 1836 3476 μυστηρίου

246 3500 412 3570 βάθος
459 3498 700 3553 κατιδεῖν
739 3498 838 3568 οὐχ
887 3492 999 3558 οἶός
1046 3513 1131 3558 τε,
1183 3496 1355 3568 ταύτῃ
1392 3514 1477 3550 τοι
1529 3498 1623 3551 καὶ
1676 3501 1840 3569 ἡμεῖς

243 3589 604 3661 πλανώμεθα,
654 3587 1153 3659 συναμαθαίνοντες
1185 3588 1401 3650 αὐτοῖς,
1436 3586 1528 3640 καὶ
1578 3588 1638 3641 τὸ
1684 3588 1840 3652 suos;

244 3684 346 3754 τῆς
384 3682 642 3753 ἀληθείας
677 3682 815 3735 ἰέναι
844 3680 1295 3751 παραιτούμενοι.
1320 3682 1512 3750 Ἴσμεν
1544 3681 1600 3734 δὲ
1628 3698 1837 3752 γεγρα-

246 3778 389 3845 φότα
420 3774 511 3828 τὸν
561 3773 856 3845 ἱερώτατον
901 3771 1139 3837 Παῦλον,
1190 3773 1272 3825 ὅτι
1308 3771 1415 3842 χρὴ
1472 3792 1489 3824 ι
1544 3775 1840 3844 λογισμοὺς

244 3867 549 3938 καθαιρεῖν,
596 3868 690 3919 καὶ
740 3866 851 3919 πᾶν
898 3864 1099 3934 ὕψωμα
1147 3864 1514 3934 ἐπαιρόμενον
1560 3867 1701 3920 κατὰ
1738 3866 1842 3938 τῆς

245 3960 509 4030 γνώσεως
540 3958 637 4012 τοῦ
683 3957 852 4023 θεοῦ,
897 3958 994 4010 καὶ
1027 3956 1458 4026 αἱχμαλωτίξειν
1489 3960 1597 4010 πᾶν
1636 3957 1839 4028 νόημα,

246 4053 330 4111 εἰς
377 4049 474 4118 τὴν
518 4047 766 4117 ὑπακοὴν
814 4044 910 4098 τοῦ
961 4043 1227 4114 Χριστοῦ.
1272 4063 1289 4095 t
1344 4045 1491 4115 Πλὴν
1550 4040 1679 4109 οὖν,
1731 4038 1841 4116 ἆρα

247 4144 394 4214 ἔχοις
424 4143 599 4193 εἰπεῖν
625 4139 694 4191 τὰ
719 4138 803 4206 ἐφ’
834 4131 916 4202 οἷς
954 4136 1441 4201 σκανδαλίζονται,
1473 4137 1567 4190 καὶ
1596 4137 1673 4208 τῷ
1706 4137 1841 4208 λίθῳ

246 4234 345 4288 τοῦ
376 4232 806 4304 προσκόμματος
839 4230 1261 4301 περιπταίουσιν
1297 4230 1645 4297 Ὶουδαῖκῶςς

326 4326 383 4379 Β.
420 4324 634 4394 Ἐχοιμ’
672 4322 757 4384 ἂν,
792 4322 908 4384 πῶς
941 4322 1049 4392 γὰρ
1076 4320 1135 4374 οῦ
1162 4339 1176 4387 ;
1207 4323 1301 4376 καὶ
1341 4322 1569 4375 πλεῖστα
1611 4324 1709 4393 μὲν
1740 4324 1843 4378 ὅσα

252 4418 444 4471 ταυτί·
498 4414 773 4478 λελέξεται
824 4412 879 4465 δὲ
936 4414 1211 4483 ἁναμέρος
1262 4413 1492 4466 ἕκαστα.
1545 4415 1681 4467 Φασὶ
1727 4432 1843 4467 τοι-

250 4507 478 4581 γαροῦν,
507 4506 741 4577 Χριστὸν
771 4507 1029 4577 ἡγιάσθαι
1062 4506 1214 4577 παρὰ
1241 4505 1336 4559 τοῦ
1371 4506 1583 4577 Πατρός
1603 4522 1615 4534 ·
1645 4506 1843 4579 γέγρασ

251 4619 386 4655 πται
418 4601 547 4670 γὰρ,
576 4601 654 4652 ὅτι
680 4600 773 4651 καὶ
806 4618 824 4649 ι
867 4600 1285 4670 Ἐμαρτύρησεν
1327 4598 1582 4668 Ἰωάννης
1625 4600 1834 4668 λέγων,

1950 4601 2097 4655 nium
2157 4600 2409 4668 perhibet
2460 4596 2733 4665 Joannes,
2799 4599 2988 4654 dicens

250 4697 335 4751 ὅτι
362 4692 643 4762 Τεθέαμαι
671 4691 731 4743 τὸ
764 4690 987 4760 Πνεῦμα
1019 4691 1349 4744 καταϐαῖνον
1379 4691 1438 4754 ἐξ
1457 4691 1713 4761 οὐρανοῦ,
1745 4695 1841 4745 καὶ

250 4789 468 4859 ἔμεινεν
515 4787 601 4838 ἐπ’
648 4784 832 4845 αὐτὸν,
885 4784 1040 4852 κάγὼ
1084 4784 1185 4837 οὐκ
1229 4778 1373 4836 εἶδον
1419 4784 1605 4846 αὑτὸν,
1660 4784 1774 4837 ἀλλ’
1812 4787 1842 4838 6

252 4880 478 4948 πέμψας
514 4895 579 4948 με
614 4876 899 4947 βαπτίζειν
948 4879 1005 4930 ἐν
1054 4876 1225 4941 ὕδατι,
1264 4876 1471 4939 ἐκεῖνός
1524 4894 1614 4947 μοι
1666 4876 1839 4931 εἶπεν·

264 4972 383 5039 Ἐφ’
413 4971 472 5022 ὃν
503 4970 569 5023 ἂν
602 4971 717 5041 ἴδῃς
748 4970 808 5021 τὸ
840 4968 1065 5038 Πνεῦμα
1095 4968 1428 5021 καταϐαῖνον
1453 4970 1545 5021 καὶ
1576 4969 1826 5038 μένονέπ

256 5062 441 5122 αὐτὸν,
473 5052 629 5122 οὗτός
665 5063 815 5112 ἐστιν
855 5061 883 5110 ὁ
915 5059 1195 5129 βαπτίζων
1231 5061 1289 5111 ὲν
1316 5059 1396 5128 τῷ
1445 5059 1724 5129 Πνεύματι
1766 5060 1844 5131 τῷ

258 5156 418 5225 ἁγιῳ.
460 5153 632 5221 Κάγὼ
665 5152 888 5223 ἑώρακα
923 5153 1019 5205 καὶ
1066 5153 1477 5224 μεμαρτύρηκα
1502 5196 1515 5216 ,
1568 5154 1649 5205 ὅτι
1690 5150 1844 5217 οὗτος

256 5252 406 5300 ἐστιν
435 5247 463 5297 6
494 5245 615 5309 Υἱὸς
647 5245 741 5297 τοῦ
788 5244 945 5299 Θεοῦ.
984 5264 1001 5295 ι
1043 5244 1296 5315 Γέγραφε
1339 5246 1395 5297 δὲ
1426 5246 1519 5297 καὶ
1560 5246 1587 5297 ὁ
1628 5246 1841 5309 Παῦλος

256 5341 385 5410 περὶ
416 5337 601 5390 αὑτοῦ·
638 5337 736 5389 ιὊ
769 5355 829 5390 τε
858 5336 968 5406 γὰρ
996 5337 1239 5405 ἁγιάζων
1280 5338 1373 5391 καὶ
1403 5340 1451 5390 οἱ
1489 5340 1842 5409 ἁγιαζόμενοι

257 5434 315 5496 ἐξ
344 5432 459 5492 ἑνὸς
488 5429 707 5490 πάντες.
747 5448 763 5478 ι
806 5429 1129 5498 ’Λγιασθεὶη
1157 5431 1262 5500 γὰρ
1290 5432 1492 5501 ἥκιστα
1516 5449 1578 5501 γε
1610 5434 1745 5495 Θεὸς
1769 5434 1847 5486 ὢν

258 5529 283 5577 ὁ
329 5526 497 5590 Λόγος
551 5522 644 5573 καὶ
696 5521 847 5589 am;
906 5524 1047 5575 κατὰ
1099 5524 1277 5591 φύσιν.
1334 5524 1591 5576 Λείπεται
1638 5526 1703 5596 δὴ
1752 5522 1847 5580 οὖν

258 5614 523 5687 ὴγιὰισθαι
577 5613 755 5682 λέγειν
812 5616 900 5667 τὸν
961 5617 1231 5687 ληφθέντα
1292 5620 1423 5687 παρ’
1480 5616 1647 5670 αὐτοῦ
1706 5621 1844 5674 κατὰ

262 5706 557 5775 συνάφειαν
597 5707 900 5776 ἄνθρωπον.

337 5887 379 5915 ⁸³
415 5883 522 5939 Luc
560 5902 596 5950 ι,
642 5885 722 5937 lii.
799 5888 842 5916 ’⁵⁸
874 5885 1029 5940 Joan.
1059 5904 1137 5950 Ill,
1162 5888 1251 5941 Si.

1330 5890 1369 5917 ⁵⁷
1399 5889 1434 5941 ΙΙ
1463 5887 1585 5943 Cur.
1624 5905 1673 5952 ι,
1720 5893 1827 5948 ί,ἶὸ.

1910 5895 1950 5922 ³⁸³
1983 5892 2140 5947 Joun.
2180 5910 2216 5958 ι,
2258 5894 2325 5945 52
2353 5894 2439 5949 55.

1944 3302 2067 3357 ritia
2088 3307 2394 3373 occupavit.
2429 3313 2485 3359 ut
2516 3306 2764 3376 mySIerii
2798 3307 3224 3377 magnitudinem
3250 3313 3545 3379 concipere

1940 3404 2236 3464 nequeant,
2274 3394 2484 3449 idcirco
2534 3398 2697 3451 etiam
2732 3411 2832 3451 nos
2875 3397 3087 3453 illorum
3124 3402 3298 3455 errori
3354 3404 3546 3472 adjun-

1941 3502 2150 3557 gemus,
2194 3487 2421 3558 parique
2465 3504 2588 3542 cum
2621 3488 2753 3559 ipsis
2791 3488 3099 3572 ignorantia
3149 3492 3543 3562 laborabimus,

1940 3580 2188 3635 veritatis
2242 3581 2568 3635 rectitudine
2630 3582 2898 3651 neglecta.
2949 3584 3113 3655 752
3160 3585 3347 3655 Neque
3398 3590 3543 3644 enim

1942 3670 2258 3742 ignoramus
2307 3672 2437 3743 quid
2497 3676 2907 3730 sacratissimus
2957 3676 3162 3732 Paulus
3222 3680 3542 3750 scripserit,

1942 3764 2143 3819 debere
2172 3779 2272 3819 nos
2304 3782 2323 3816 ι
2365 3765 2594 3822 consilia
2638 3765 2945 3831 destruere,
2978 3779 3035 3822 et
3078 3783 3298 3824 omnem
3349 3771 3541 3825 altitu-

1940 3856 2125 3913 dinem
2147 3858 2496 3913 extollentem
2532 3872 2593 3913 se
2623 3859 2884 3913 adversus
2933 3861 3222 3915 scientiam
3257 3860 3375 3927 Dei,
3407 3875 3461 3919 et
3491 3866 3543 3920 in

1942 3952 2315 4021 captivitatem
2354 3951 2601 4022 redigere
2631 3965 2849 4005 omnem
2902 3950 3239 4006 intellectum
3294 3957 3343 4008 in
3378 3959 3542 4012 ohse-

1942 4046 2130 4114 quium
2167 4042 2367 4097 Christi
2398 4042 2464 4096 ".
2509 4062 2527 4094 ι
2567 4040 2839 4096 Caeterum
2869 4042 3113 4098 habesne
3154 4045 3256 4097 alia
3305 4062 3547 4104 romane-

1946 4134 2202 4189 moranda
2222 4135 2418 4203 quibus
2440 4135 2541 4204 ipsi
2565 4133 2938 4200 oll'euduntur,
2960 4146 3013 4190 et
3032 4137 3097 4191 ad
3118 4138 3351 4206 lapidem
3377 4140 3548 4197 οπεο-

1943 4230 2107 4285 diculi
2139 4228 2363 4283 Judaice
2398 4229 2749 4299 impingunt?

2016 4323 2076 4376 Β.
2139 4321 2325 4376 llaheo
2374 4324 2593 4391 quidem
2626 4322 2910 4392 complura
2960 4339 3081 4392 qua:
3129 4324 3411 4393 sigillatim
3463 4329 3549 4381 di~

1944 4416 2117 4473 cendo
2142 4430 2465 4485 persequar.
2524 4414 2690 4468 Aiunt
2736 4415 2918 4483 itaque
2964 4416 3243 4470 Christum
3302 4420 3549 4473 sanctill-

1947 4517 2127 4563 catum
2166 4523 2193 4560 a
2234 4506 2417 4561 Patre.
2454 4506 2733 4576 Scriptum
2766 4517 2847 4561 est
2872 4508 3018 4562 enim
3052 4527 3064 4563 :
3105 4527 3123 4559 ι
3182 4508 3250 4564 Ει
3307 4514 3551 4565 testimo-

3047 4618 3061 4655 :
3115 4598 3235 4653 Vidi
3287 4602 3549 4671 Spiritum

1951 4693 2369 4748 descendentem
2402 4692 2557 4761 quasi
2604 4691 2917 4747 columbam
2958 4694 3025 4748 de
3064 4696 3224 4757 caalo,
3267 4707 3319 4750 et
3355 4701 3553 4751 mansit

1950 4800 2113 4854 super
2145 4800 2292 4848 eum,
2327 4794 2379 4838 et
2413 4798 2513 4854 ego
2562 4786 2871 4839 nesciebam
2920 4800 3045 4840 eum
3084 4803 3099 4841 :
3128 4789 3221 4842 sed
3256 4792 3351 4858 qni
3404 4792 3553 4844 nnsit

1954 4893 2041 4931 me
2070 4877 2344 4947 baptizare
2378 4877 2429 4929 in
2460 4893 2624 4944 aqua,
2658 4878 2743 4929 ille
2773 4878 2903 4931 mihi
2940 4880 3077 4932 dixit
3108 4898 3121 4935 :
3163 4878 3341 4948 Super
3388 4899 3551 4951 quem

1954 4970 2155 5025 videris
2179 4969 2445 5039 Spiritum
2475 4969 2919 5035 descendentem,
2951 4982 3003 5025 et
3038 4984 3348 5027 mancntetn
3387 4991 3555 5044 super

1948 5077 2095 5124 eum,
2135 5061 2223 5114 hic
2254 5073 2339 5116 est
2369 5060 2459 5130 qui
2500 5063 2739 5129 haptizat
2771 5062 2822 5114 in
2862 5063 3071 5132 Spiritu
3102 5078 3317 5119 sancto.
3351 5064 3416 5119 Et
3448 5083 3550 5134 ego

1951 5154 2083 5211 vidi,
2119 5163 2168 5206 et
2213 5154 2585 5207 lOSliIIIOIIittm
2651 5154 2900 5223 pet'hibui
2956 5158 3081 5225 quia
3132 5156 3219 5210 hic
3270 5170 3353 5212 est
3387 5158 3557 5213 Filius

1955 5245 2045 5298 Dei
2080 5242 2146 5298 ³⁸.
2184 5264 2201 5296 ι
2239 5246 2378 5312 Quin
2408 5255 2461 5300 et
2501 5245 2700 5301 Paulus
2737 5248 2803 5301 de
2840 5248 2955 5317 ipso
2980 5250 3238 5317 scripsit:
3273 5268 3291 5299 ι
3329 5252 3559 5306 Sacriﬁ-

1956 5352 2087 5393 cans
2122 5339 2264 5391 enim
2298 5347 2351 5393 et
2396 5339 2719 5395 sanctiﬁcati
2785 5358 2851 5395 ex
2910 5358 3016 5395 uno
3062 5360 3253 5396 omnes
3286 5346 3353 5397 ".
3402 5366 3419 5396 ι
3452 5344 3562 5398 Nee-

1958 5447 2062 5500 que
2094 5434 2237 5486 enim
2273 5429 2538 5498 Verbum,
2581 5450 2701 5487 cum
2732 5434 2803 5487 sit
2838 5434 2999 5500 Deus,
3036 5446 3089 5488 rt
3131 5452 3197 5491 ex
3238 5453 3331 5489 sua
3364 5450 3558 5491 natura

1957 5532 2198 5587 sanctus,
2243 5525 2647 5579 sanctiﬁcatum
2702 5524 2824 5584 fuit,
2892 5528 3155 5598 Superest
3215 5530 3380 5599 igitur
3435 5547 3562 5585 san-

1956 5618 2254 5673 trtil‘tczttuut
2301 5617 2470 5673 fuisse
2506 5620 2779 5674 hominem
2838 5639 3000 5690 quem
3060 5642 3154 5693 per
3210 5626 3557 5692 conjunctio-

1960 5726 2078 5764 netu
2110 5714 2423 5781 assumpsit.

2522 5897 2563 5927 ⁵³
2600 5893 2764 5949 llehr.
2808 5913 2865 5958 tt,
2907 5897 2988 5951 ll.
