3926 6486
434 452 570 507 1319

428 668 590 726 quem
620 649 857 719 Spiritus
877 644 1159 702 manifeste
1191 647 1491 713 descendit,
1549 649 1603 703 in
1649 656 1841 703 sancto
1887 645 2009 716 Spi-

434 746 537 800 ritu
570 740 805 811 bsptizat
834 778 854 805 ,
893 751 1067 807 eaque
1120 746 1348 808 praestat
1394 752 1514 809 qua:
1546 738 1644 793 soli
1674 739 1871 794 divinae
1908 754 2007 793 na-

434 846 570 889 tum
593 839 725 887 sunt
751 828 970 900 propria
996 826 1538 884 iSanctiticationem
1590 829 1736 884 enim
1784 829 2013 900 largitur

432 933 594 993 atque
610 920 936 992 suppeditat.
959 917 1110 987 Quod
1134 920 1350 989 quidem
1369 919 1755 975 demonstrans
1775 919 2010 975 Verbum

433 1014 710 1085 proprium
779 1028 934 1068 suum
1010 1010 1212 1066 bonum
1272 1025 1414 1079 esse,
1474 1011 1757 1081 inspiravit
1810 1011 2014 1067 sanctis

433 1106 715 1176 apostolis,
766 1104 957 1161 dicens
1002 1119 1019 1157 :
1064 1102 1366 1174 cAccipite
1407 1102 1669 1172 Spiritum
1719 1113 2010 1159 sanctum:

433 1209 879 1268 quorumcunque
930 1194 1250 1251 retniseritis
1310 1203 1530 1264 peccata
1550 1234 1567 1262 ,
1600 1195 1961 1250 remittuntur
1992 1212 2008 1253 :

433 1301 876 1361 quorumcunque
895 1286 1255 1351 retinueritis,
1304 1293 1514 1341 retenta
1576 1296 1703 1341 sunt
1741 1287 1807 1341 ".
1840 1306 1860 1339 ι
1898 1287 2017 1353 Quo

435 1389 591 1450 pacto
614 1388 799 1433 autem
836 1376 1231 1433 sanctiﬁcatum
1259 1375 1699 1433 manifestissime
1726 1380 2018 1432 ostendens

435 1473 645 1526 divinus
703 1470 966 1539 Baptista,
1031 1475 1260 1522 testatus
1312 1476 1417 1531 est,
1450 1468 1591 1536 quod
1620 1467 1712 1523 hic
1755 1470 1825 1523 sit
1850 1467 2016 1524 Filius

436 1562 551 1627 Dei,
606 1560 953 1632 singulariter
984 1574 1047 1613 ac
1082 1557 1231 1613 solus
1260 1558 1283 1611 ?
1317 1556 1621 1628 Oportebat
1682 1560 1824 1613 enim
1874 1560 2018 1615 hunc

435 1651 586 1706 orbis
641 1660 909 1705 terrarum
973 1650 1269 1709 doctorem,
1300 1647 1346 1701 si
1398 1647 1557 1701 modo
1588 1647 1753 1701 alium
1810 1662 1838 1700 a
1889 1662 2017 1703 vero

436 1742 573 1796 Filio
593 1739 971 1811 cOgnoscebat,
1004 1738 1078 1792 rei
1117 1739 1399 1793 veritatem
1441 1739 1736 1805 explicare,
1791 1746 2014 1807 aperte-

436 1848 542 1901 que
567 1832 787 1885 dicere:
818 1828 917 1884 Hic
943 1838 1029 1884 est
1073 1829 1165 1898 qui
1200 1828 1411 1883 ratione
1455 1828 1852 1897 coniunctionis
1889 1846 2011 1885 cum

1416 445 1475 499 S.
1515 439 1789 498 CYRIILI
1828 436 2296 495 ALEXANDRINI
2338 436 2655 494 AHCHIEP.

501 568 569 617 Α.
594 556 756 628 Atqui
796 556 1064 624 quomodo
1114 555 1159 609 is
1221 554 1312 625 qui
1370 556 1676 625 baptizatus
1710 565 1816 620 est,
1847 565 1904 611 et
1946 557 1999 610 in

2176 558 2238 612 Α.
2285 552 2417 610 Εἶτα
2451 556 2568 620 πῶς
2599 558 2627 609 ό
2675 554 3115 624 βεὸαπτισμένος
3148 596 3161 616 ,

3568 440 3593 492 1
3606 437 3713 493 ἴ)Ξῦ

3214 552 3311 604 καὶ
3351 552 3453 622 τὴν
3487 553 3714 622 tte-{avi

2113 645 2209 698 τοῦ
2244 645 2561 716 Πνεύματος
2585 644 2764 699 λαϐὼν
2787 644 3205 713 καταφοίτησιν,
3231 644 3291 695 ὲν
3321 642 3471 710 ἁγίῳ
3505 641 3711 710 βαπτί-

2113 737 2197 799 ζει
2234 738 2534 808 ῘΙνεὺματι,
2567 737 2659 791 καὶ
2681 738 2749 791 τὰ
2776 739 2910 806 μόνῃ
2945 734 3229 805 πρέποντα
3260 735 3359 787 καὶ
3390 734 3622 786 ἐοικότα
3646 736 3714 803 τῇ

2112 828 2231 899 θεία
2268 830 2427 897 φύσει
2474 830 2700 900 πληροῖ;
2747 829 3000 899 Χορηγὸς
3030 829 3139 899 γάρ
3189 828 3343 894 ὲσῖτιν
3386 823 3715 898 άγιασμοῦ.

2112 919 2205 972 καὶ
2234 920 2392 974 τοῦτο
2420 920 2654 985 δεικνὺς,
2686 919 2760 983 ὡς
2791 918 2923 972 ἴδιον
2973 918 3179 988 ἀγαθὸν
3205 918 3235 969 ό
3266 916 3717 987 ἑνανθρωπήαας

2112 1011 2304 1080 Λόγος,
2334 1012 2687 1083 σωματικῶς,
2714 1013 3020 1083 ὲνεφναησε
3039 1014 3149 1075 τοῖς
3180 1010 3362 1079 ἁγίοις
3381 1006 3718 1068 ἀποστόλοις

2111 1102 2307 1172 λέγων’
2342 1124 2358 1155 ι
2380 1103 2589 1159 Λάϐετε
2623 1103 2844 1174 Πνεῦμο
2878 1102 3060 1172 ἅγιονο
3100 1105 3166 1158 ἄν
3198 1120 3369 1156 τινων
3393 1101 3584 1171 ἀφῆτε
3616 1100 3719 1161 τὰς

2114 1193 2410 1266 ἁμαρτίας,
2429 1194 2700 1264 ἀερίενται·
2720 1194 2785 1249 ἄν
2808 1212 2970 1248 τινων
2993 1195 3251 1264 κρατῆτε,
3267 1195 3682 1264 κεκράτηνται.
3696 1210 3714 1240 ι

2114 1285 2240 1349 Πῶς
2268 1285 2324 1339 δὲ
2350 1285 2442 1339 τὸν
2489 1287 2823 1357 ἡγιασμένον
2851 1286 3225 1358 ἐναργέστατα
3272 1284 3653 1346 καταδεικνὺς
3693 1285 3719 1333 ὁ

2116 1374 2400 1439 θεσπέσιος
2425 1377 2755 1449 Βαπτιστὴς,
2783 1376 3231 1448 μεμαρτύρηκεν,
3252 1378 3338 1430 ὅτι
3357 1370 3533 1437 Οὗτός
3555 1377 3715 1427 ἐστιν

2114 1467 2142 1519 ὁ
2177 1466 2303 1528 Υἱὸς
2346 1466 2443 1520 τοῦ
2480 1466 2653 1533 Θεοῦ,
2692 1468 2995 1539 μοναδικῶς
3030 1468 3125 1521 καὶ
3175 1466 3505 1539 ἐνάρθρως;
3556 1466 3711 1517 Ἔδει

2120 1554 2223 1625 γὰρ
2253 1553 2382 1609 ὄντα
2413 1556 2513 1627 τῆς
2553 1556 2643 1626 ὑφ’
2688 1557 2823 1628 ἡλίῳ
2871 1558 3252 1627 μυσταγωγὸν,
3300 1559 3357 1611 εἴ
3395 1575 3489 1609 πω
3518 1558 3712 1625 ἕτερον

2116 1645 2245 1699 ὄντα
2301 1647 2454 1717 παρά
2495 1665 2559 1717 γε
2611 1648 2703 1701 τὸν
2750 1648 2966 1720 ἀληθῶς
3012 1649 3140 1702 Υίὸν
3184 1649 3481 1718 ἠπίστατο,
3531 1663 3709 1700 κατα-

2118 1739 2355 1806 σημᾶναι
2380 1738 2441 1791 τὸ
2465 1738 2685 1811 ἀληθὲς,
2720 1741 2947 1809 λέγοντα
2976 1742 3163 1810 σαφῶς
3184 1780 3199 1802 .
3236 1735 3409 1804 οὗτός
3456 1742 3635 1795 ἐστιν,
3682 1741 3709 1791 ο

2116 1828 2259 1880 κατὰ
2311 1828 2609 1897 συνάφειαν
2651 1830 2753 1900 τὴν
2814 1831 2951 1901 πρὸς
2993 1831 3084 1883 τὸν
3127 1832 3287 1899 φύσει
3337 1832 3435 1883 καὶ
3484 1829 3707 1898 ἀληθῶς

436 1939 503 1978 eo
532 1923 623 1992 qui
665 1930 854 1975 natura
880 1935 944 1975 ac
983 1934 1111 1975 vere
1138 1919 1309 1975 Filius
1338 1929 1443 1985 est,
1501 1920 1762 1976 beneﬁcio
1800 1932 1854 1975 et
1894 1937 2007 1992 gra-

2120 1918 2265 1981 Υίδν,
2293 1918 2436 1973 δόσει
2474 1937 2534 1972 τε
2565 1921 2659 1973 καὶ
2687 1920 2871 1991 χάριτι
2906 1922 3144 1990 γεγονὼς
3179 1922 3307 1985 Υἱός
3334 1939 3349 1954 ³
3382 1921 3504 1974 ἀλλ’
3550 1920 3705 1973 οὐδὲν

441 2012 512 2064 tia
575 2011 747 2063 factus
807 2018 893 2064 est
953 2008 1142 2063 Filius.
1210 2008 1482 2064 Caeterum
1533 2010 1662 2064 nihil
1709 2010 2014 2079 huiusmodi

440 2103 578 2155 dixit
613 2101 749 2155 :scd
792 2116 955 2155 unum
992 2110 1153 2171 atque
1185 2103 1435 2156 eumdem
1466 2117 1589 2157 esse
1622 2102 1822 2165 sciens,
1868 2111 1923 2155 et
1949 2117 2015 2157 ex

442 2197 552 2251 Deo
586 2195 744 2251 Patre
797 2194 1053 2260 Verbum,
1101 2205 1156 2250 et
1186 2210 1251 2251 ex
1282 2197 1489 2250 semine
1520 2194 1688 2249 David
1719 2196 2014 2249 secundum

438 2302 683 2351 carnem,
738 2286 1135 2341 sanctiﬁcatum
1166 2287 1379 2353 quidem
1409 2286 1504 2351 ait,
1558 2295 1827 2354 quatenus
1854 2286 2015 2339 homo

437 2383 522 2429 est
546 2392 561 2440 ;
586 2390 648 2429 ac
674 2389 861 2428 rursus
883 2373 1245 2441 sanctiﬁcare,
1268 2384 1530 2444 quatenus
1561 2384 1643 2429 est
1677 2373 1839 2429 Deus.
1887 2374 2007 2427 Erat

441 2463 609 2527 enim,
658 2471 717 2516 ut
768 2462 905 2524 dixi,
966 2463 1153 2517 ethoc
1199 2472 1253 2516 et
1304 2462 1454 2516 illud.
1493 2462 1551 2517 Si
1607 2476 1736 2530 ergo
1778 2478 1884 2517 non
1930 2471 2015 2517 est

440 2553 614 2608 factus
642 2555 824 2616 homo,
852 2553 896 2607 si
934 2567 1038 2607 non
1069 2564 1225 2608 natus
1261 2563 1343 2608 est
1363 2568 1427 2607 ex
1460 2554 1683 2607 muliere
1714 2553 2011 2609 secundum

439 2660 679 2710 carnem,
716 2644 877 2715 753
911 2646 1191 2699 avellimus
1225 2646 1292 2699 ab
1334 2646 1453 2714 ipso
1508 2646 1753 2700 humana:
1807 2655 2015 2701 natura:

442 2738 827 2810 proprietates.
858 2739 926 2791 At
958 2739 1003 2792 si
1032 2751 1214 2791 verum
1251 2745 1333 2791 est
1359 2737 1499 2806 quod
1540 2752 1601 2791 se
1630 2737 1909 2792 demiserit
1947 2740 2012 2792 ad

439 2828 885 2893 exinanitiOnent,
920 2839 975 2882 et
1022 2827 1199 2883 factus
1234 2828 1305 2883 sit
1358 2828 1526 2882 nostri
1568 2828 1780 2892 similis,
1827 2843 2013 2897 qnam-

440 2920 625 2973 obrem
652 2935 714 2974 ea
748 2934 843 2988 per
878 2935 996 2987 quae
1030 2919 1453 2974 exinanitioncm
1493 2920 1680 2984 subiit,
1710 2920 1809 2989 ipsi
1837 2922 2015 2976 detra—

414 3010 576 3063 itunt
611 3009 1101 3064 administrationis
1147 3010 1199 3064 in
1229 3024 1396 3065 carne
1453 3008 1742 3064 artiﬁcium
1799 3010 2015 3081 imperi-

444 3099 652 3156 tissime
697 3100 1062 3155 convehentes
1085 3101 1108 3153 τ

508 3214 568 3268 Β.
600 3212 655 3267 Si
694 3228 823 3282 ergo
869 3213 1079 3269 dicatur
1126 3213 1291 3268 etiam
1349 3214 1575 3286 gloriam
1631 3218 1925 3288 accepisse,
1956 3226 2010 3273 et

437 3303 605 3359 factus
632 3312 715 3358 est
742 3301 1021 3368 Dominus,
1078 3312 1242 3373 atque
1292 3303 1557 3360 exaltatus
1604 3322 1725 3361 esse
1760 3322 1788 3359 a
1821 3306 2002 3373 Patre,

436 3391 844 3462 declaratusque
877 3408 996 3447 esse
1025 3408 1141 3458 rex,
1178 3394 1490 3449 ascribesne
1542 3399 1705 3449 etiam
1751 3397 1864 3451 haec
1900 3396 2008 3451 Deo

437 3482 617 3540 Verbo
642 3486 774 3537 citra
810 3483 969 3537 ullum
1001 3484 1182 3554 gloriae
1213 3484 1382 3554 ipsius
1416 3485 1846 3541 imminutionem
1879 3488 1902 3541 ?

503 3664 568 3717 Α.
599 3662 749 3729 Quod
776 3661 991 3731 quidem
1019 3660 1113 3717 Dei
1144 3661 1302 3716 Verbi
1341 3672 1532 3717 natura
1563 3662 1710 3716 omni
1742 3662 1911 3733 gloria
1952 3674 2006 3720 et

436 3769 601 3825 regno
635 3764 797 3823 atque
823 3752 1191 3807 dominatione
1214 3767 1338 3808 vera
1382 3753 1579 3807 referta
1635 3754 1726 3817 sit,
1771 3770 2003 3825 quonam

434 3854 592 3916 pacto
631 3844 862 3913 cuipiam
904 3844 1122 3899 dubium
1155 3858 1275 3899 esse
1326 3855 1509 3913 queat,
1536 3849 1789 3916 quodque
1820 3848 2000 3903 divina

435 3937 666 4007 dignitas
692 3936 1075 3990 convenienter
1100 3935 1148 3989 ei
1180 3936 1488 3990 tribuatur?
1524 3937 1658 3991 Cum
1683 3953 1811 3992 veru
1834 3940 2007 3995 factus

430 4038 516 4083 est
544 4030 724 4090 homo,
772 4028 855 4081 cui
880 4028 1059 4081 omnia
1088 4038 1214 4082 sunt
1252 4027 1379 4081 data
1428 4038 1590 4097 atque
1637 4030 1895 4094 ascititia,
1941 4046 2005 4086 ea

434 4120 645 4174 ratione
692 4120 904 4173 tametsi
960 4120 1211 4175 omnibus
1260 4121 1515 4185 auundet,
1553 4131 1609 4175 et
1655 4138 1721 4176 ex
1759 4138 1854 4177 sua
1889 4125 2001 4193 ple—

434 4209 675 4263 nitudine
709 4208 959 4263 omnibus
987 4210 1350 4278 impartiatur,
1390 4211 1623 4266 humano
1661 4228 1810 4268 more
1856 4215 2002 4270 acci-

433 4301 527 4369 pit,
579 4314 883 4368 novumque
911 4308 995 4354 est
1042 4309 1097 4354 et
1132 4301 1430 4355 inauditum
1490 4302 1540 4355 in
1589 4301 1806 4359 Christo
1836 4306 2003 4360 mira.

432 4390 632 4454 culum,
684 4390 735 4442 in
807 4390 985 4444 servili
1036 4389 1234 4457 forma,
1289 4390 1712 4453 dontinatio;in
1772 4396 2001 4449 humana

432 4478 714 4540 tenuitate,
750 4477 916 4547 gloria
952 4477 1151 4543 divina,
1196 4489 1248 4533 et
1292 4480 1437 4547 regia
1478 4481 1712 4549 dignitas
1740 4483 1792 4536 in
1834 4486 2002 4537 servi-

2121 2012 2219 2079 μὲν
2262 2010 2367 2080 ἔφη
2411 2011 2671 2072 τοιοῦτον.
2725 2012 2821 2066 ἕνα
2851 2012 2909 2064 δὲ
2943 2014 3036 2065 καὶ
3060 2013 3152 2066 τὸν
3181 2013 3343 2066 αὐτὸν
3372 2014 3507 2065 ὄντα
3539 2011 3702 2080 fmu-

2120 2117 2285 2163 σκων,
2317 2102 2408 2154 καὶ
2437 2102 2502 2154 ὲκ
2523 2101 2659 2154 Θεοῦ
2700 2102 2914 2173 Πατρός
2939 2103 3132 2171 Λόγον,
3163 2104 3257 2155 καὶ
3289 2104 3353 2154 ὲκ
3380 2103 3702 2173 σπέρματκ

2116 2189 2208 2243 τοῦ
2239 2190 2403 2245 Δασὶδ
2449 2191 2590 2244 κατά
2625 2191 2825 2262 σάρκα,
2853 2192 3182 2262 ἀγιασθῆναι
3221 2191 3321 2262 μέν
3354 2207 3515 2261 φησι.
3565 2189 3702 2243 καθὸ

2116 2281 2422 2352 ἄνθρωπος,
2456 2281 2706 2349 ἁγιάζειν
2748 2282 2803 2335 δὲ
2842 2279 2933 2349 αὖ,
2980 2282 3116 2336 καθὸ
3163 2285 3367 2335 νοεῖται
3397 2281 3553 2343 Θεός.
3590 2276 3702 2331 Ἦν

2116 2372 2244 2442 γὰρ,
2277 2372 2352 2435 ὡς
2384 2372 2541 2441 ἔφην,
2568 2373 2628 2425 ἐν
2656 2374 2803 2444 αὐτῷ
2831 2374 2986 2427 τοῦτο
3012 2376 3254 2429 κάκεῖνο.
3285 2374 3347 2427 Εἰ
3382 2373 3486 2444 μὲν
3513 2368 3609 2425 οὖν
3637 2371 3700 2423 οὔ

2116 2463 2340 2529 γέγονεν
2370 2460 2679 2531 ἄνθρωπος,
2706 2463 2755 2514 εί
2784 2463 2861 2533 μὴ
2896 2464 3220 2534 γεγέννηται
3248 2462 3391 2516 κατὰ
3419 2464 3605 2534 σάρκα
3634 2463 3695 2514 ὲκ

2116 2553 2375 2619 γυναικὸς
2400 2592 2417 2615 ,
2450 2552 2829 2623 ἀποσοϐοὗμεν
2868 2553 3033 2607 αὑτοῦ
3068 2558 3136 2609 τὰ
3167 2554 3508 2626 ἀνθρώπινα.
3551 2556 3615 2607 Ei
3642 2554 3697 2606 δὲ

2115 2643 2331 2714 ἀληθὲς,
2373 2645 2454 2696 ὅτι
2482 2642 2671 2706 καθεὶς
2706 2643 2899 2696 ἑαυτὸν
2932 2646 3011 2707 εἰς
3058 2646 3290 2697 κένωαιν
3334 2644 3527 2713 γέγονε
3575 2645 3693 2696 καθ’

2116 2738 2283 2806 ἡμᾶς,
2328 2736 2553 2789 ἀνθότου
2603 2736 2670 2789 τὰ
2715 2735 2781 2788 δι’
2830 2730 2905 2789 ὦν
2953 2736 3018 2789 ἂν
3065 2738 3235 2790 νοοῖτο
3285 2738 3693 2807 κεκενωμένος.

2116 2827 2408 2894 ἀφιστᾶσιν
2450 2826 2613 2879 αὑτοῦ
2641 2868 2655 2891 ,
2686 2827 2784 2897 τῆς
2831 2826 2970 2895 μετὰ
3021 2828 3226 2898 σαρκὸς
3268 2829 3581 2899 οἰκονομίας
3637 2828 3695 2879 τι

2116 2917 2365 2985 εὐτεχνὲς
2392 2916 2730 2969 ἀϐουλότατα
2764 2917 3169 2988 παραλύοντες;

2188 3194 2244 3246 Β.
2296 3194 2417 3246 Ἐὰν
2450 3189 2541 3247 οὖν
2572 3194 2825 3264 λέγηται,
2857 3197 2949 3249 καὶ
2981 3197 3138 3265 δόξαν
3169 3199 3375 3265 λαϐεῖν,
3411 3204 3506 3255 καὶ
3541 3204 3693 3272 γενέο

2111 3286 2233 3339 σθαι
2274 3287 2495 3358 Κύριος,
2524 3288 2802 3357 ὐψωθῆναί
2836 3307 2896 3340 τε
2938 3292 3089 3360 παρὰ
3123 3292 3217 3346 τοῦ
3259 3295 3493 3366 Πατρός,
3523 3314 3691 3351 κατα·

2112 3379 2300 3447 στῆναι
2327 3379 2382 3431 δὲ
2419 3379 2511 3431 καὶ
2546 3379 2831 3448 βασιλεὺς,
2872 3381 3100 3451 ἀνάψεις
3130 3384 3237 3454 ἄρα
3285 3385 3381 3438 καὶ
3412 3388 3584 3441 ταῦτα
3618 3387 3691 3458 τῷ

2109 3469 2228 3539 Θεῷ
2265 3471 2441 3540 Λόγῳ,
2490 3472 2583 3524 καὶ
2610 3472 2671 3523 οὑ
2719 3471 2896 3542 πάντη
2931 3490 2988 3526 τε
3032 3478 3126 3528 καὶ
3169 3476 3388 3540 πάντως
3416 3478 3688 3549 ἀδικήσεις

2111 3558 2211 3609 αὐτ
2222 3558 2274 3610 αὖ
2303 3560 2401 3628 τὴν
2438 3558 2594 3623 δόξαν
2611 3577 2625 3623 ;

2182 3652 2246 3702 Δ.
2280 3650 2398 3702 Ὅτι
2444 3650 2544 3719 μὲν
2588 3646 2702 3713 οὖν.
2731 3652 2889 3725 δόξης
2922 3670 2977 3707 τε
3013 3654 3107 3707 καὶ
3148 3654 3427 3725 βασιλείας
3476 3663 3568 3714 καὶ
3596 3681 3688 3716 κυ-

2112 3739 2354 3809 ριότητος
2380 3740 2634 3811 ἀληθοῠς,
2658 3744 2691 3812 ἠ
2724 3743 2819 3797 τοῦ
2848 3744 2985 3798 Θεοῦ
3011 3748 3185 3815 Λόγου
3221 3751 3569 3821 μεμέστωται
3593 3754 3688 3824 φύ-

2109 3848 2219 3894 σις,
2270 3830 2385 3894 πῶς
2417 3831 2483 3884 ἂν
2513 3834 2803 3889 ὲνδοιάσειέ
2834 3853 2950 3903 τις;
2985 3839 3270 3910 ἀραρότως
3302 3842 3357 3894 δὲ
3387 3844 3471 3897 ὅτι
3506 3847 3602 3901 καὶ
3632 3853 3687 3902 ἐν

2108 3920 2363 3991 ὑψώμασι
2404 3925 2603 3975 νοεῖται
2659 3927 2773 3988 τοῖς
2829 3925 3357 3997 θεοπρεπεστάτοιςς
3394 3935 3583 4007 ἐπειδὴ
3632 3937 3686 3991 δι

2108 4016 2345 4084 πέφηνεν
2379 4015 2684 4085 ἄνθρωπος,
2711 4010 2754 4085 ᾧ
2784 4018 2962 4071 πάντα
2992 4021 3111 4073 ἐστὶ
3140 4020 3271 4075 δοτά
3297 4027 3391 4077 καὶ
3417 4029 3682 4099 είσκεκριο

2110 4107 2275 4176 μένα,
2307 4106 2480 4178 ταύτῃ
2505 4126 2585 4159 τοι
2624 4109 2837 4181 πλήρης
2871 4110 3131 4183 ὑπάρχων
3163 4115 3257 4166 καὶ
3293 4116 3353 4180 ἐξ
3377 4118 3511 4173 ἰδίου
3551 4122 3679 4191 πλη-

2109 4197 2358 4267 ρώματος
2384 4199 2518 4251 πᾶσι
2539 4198 2735 4264 διδοὺς,
2757 4200 3117 4272 ἀνθρωπίνως
3143 4204 3380 4275 δέχεται,
3409 4213 3509 4280 τὴν
3535 4213 3681 4283 ἡμῶν

2107 4289 2380 4358 πτωχείαν
2409 4290 2794 4359 οἰκειούμενος,
2817 4292 2908 4344 καὶ
2938 4289 3005 4363 ἦν
3030 4294 3195 4363 ἄηθες
3228 4313 3287 4349 τε
3324 4302 3419 4352 καὶ
3454 4302 3602 4367 ξένον
3629 4307 3680 4359 ἐν

2104 4380 2323 4452 Χριστῷ
2351 4382 2412 4435 τὸ
2441 4382 2760 4455 παράδοξον,
2789 4386 2845 4437 ἐν
2870 4388 3111 4457 οἰκετικῇ
3162 4394 3366 4462 μορφῇ,
3410 4398 3675 4466 κνριὸτης,

2106 4473 2162 4523 ὲν
2195 4473 2511 4545 ἀνθρωπίνῃ
2553 4477 3023 4545 σμικροπρεπεία,
3059 4478 3187 4543 δόξα
3228 4481 3565 4555 θεοπρεπὴς,
3595 4491 3676 4541 καὶ

432 4577 563 4629 tute,
624 4576 882 4635 quantum
938 4568 1003 4621 ad
1056 4568 1303 4622 humanae
1366 4582 1571 4625 natura:
1638 4571 1996 4627 cenditionem

2114 4563 2373 4633 βασιλείας
2418 4565 2729 4635 αὐχήμασιν
2762 4568 3226 4639 ἐστεφανωμένον,
3271 4574 3333 4626 τὸ
3366 4577 3471 4628 ὑπὸ
3503 4578 3672 4647 ζυγὸν,

430 4658 751 4721 att‘iuet;et
812 4655 1084 4711 humilitas
1146 4674 1354 4712 summa
1412 4661 1703 4714 eminentia
1754 4664 1995 4730 prmdita.

432 4746 625 4801 Factus
650 4756 732 4800 est
764 4747 907 4801 enim
947 4747 1105 4802 homo
1140 4747 1485 4819 Unigenitus,
1512 4766 1619 4805 non
1652 4762 1709 4804 ut
1741 4753 1790 4805 in
1812 4753 1999 4806 exina-

432 4838 634 4891 nitione
687 4848 1017 4907 permaneat,
1080 4841 1177 4894 sed
1218 4849 1276 4894 ut
1318 4842 1589 4909 accipiens
1643 4858 1761 4896 cum
1795 4857 1855 4895 ea
1884 4843 2002 4911 ejus

432 4929 836 4997 proprietates;
870 4930 1011 4985 Deus
1068 4941 1246 4986 tamen
1307 4934 1625 4989 naturaliter
1664 4951 1783 4991 esse
1838 4938 1998 4991 etiam

431 5022 533 5074 hoc
550 5027 704 5089 pacto
723 5020 1073 5092 intelligatur,
1100 5024 1439 5094 hominisque
1463 5034 1704 5079 naturam
1736 5027 1789 5080 iu
1822 5028 2002 5097 scipso

430 5112 681 5179 illustrat,
712 5128 990 5168 sacrarum
1027 5131 1087 5170 ac
1115 5117 1416 5171 divinarum
1462 5118 1787 5188 dignitatum
1827 5119 1999 5188 parti-

430 5203 600 5273 cipem
662 5205 830 5274 ipsam
881 5206 1185 5264 declarans.
1256 5209 1386 5263 Nam
1444 5221 1500 5265 et
1562 5213 1733 5265 sancti
1782 5211 1998 5276 Filium,

430 5298 592 5348 etiam
646 5304 925 5364 postquam
974 5297 1149 5354 factus
1203 5311 1286 5353 est
1327 5303 1507 5365 homo,
1544 5303 1767 5372 gloriam
1802 5304 1890 5359 Dei
1933 5320 1997 5359 ac

430 5386 629 5450 Patris,
692 5397 747 5443 et
803 5404 983 5460 regem
1044 5407 1107 5445 ac
1159 5392 1441 5446 Dominum
1494 5396 1789 5466 appellunt.
1832 5396 2001 5451 Isaias

432 5483 574 5533 enim
608 5480 678 5533 ita
715 5481 827 5534 ait:
867 5501 885 5534 ι
938 5480 1090 5536 Sicut
1144 5484 1301 5539 homo
1352 5486 1642 5542 vindemiat
1680 5488 1874 5553 oleam,
1926 5491 1999 5542 ita

432 5568 835 5623 vindemiabnnt
865 5586 977 5637 eos,
1006 5582 1060 5626 et
1091 5575 1304 5642 quando
1354 5580 1649 5631 cessaverit
1709 5580 1996 5644 vindemia,

436 5662 519 5713 isti
550 5676 678 5715 voce
714 5661 1042 5718 clamabunt.
1091 5664 1190 5732 Qui
1222 5683 1347 5722 vero
1377 5668 1548 5725 relicti
1584 5669 1785 5725 fuerint
1835 5686 1997 5740 super

499 5834 542 5863 “
569 5831 727 5888 Juan.
756 5850 845 5903 xx,
884 5837 1074 5896 22-23.

2103 4656 2163 4708 τό
2194 4673 2257 4724 γε
2284 4652 2413 4727 ἧκον
2441 4659 2521 4719 εἰς
2547 4657 2964 4726 ἀνθρωπότητος
2995 4661 3216 4730 μέτρον,
3248 4665 3342 4716 καὶ
3368 4667 3425 4718 ἐν
3458 4669 3677 4739 ὑπερτά-

2105 4766 2223 4812 ταις
2255 4749 2583 4819 ὑπεροχαῖς,
2617 4748 2677 4801 τὸ
2701 4750 2971 4803 ταπεινόν.
3000 4751 3191 4817 Γέγονε
3223 4755 3331 4824 γάρ
3352 4757 3670 4830 ἄνθρωποςέ

2108 4841 2435 4912 Μονογενὴς,
2477 4842 2574 4910 οὐχ
2606 4842 2691 4893 ἵνα
2721 4845 2831 4905 τοῖς
2878 4845 2976 4912 τῆς
3025 4844 3304 4909 κενώσεως
3354 4849 3671 4923 ὲναπομείνῃ

2112 4932 2349 5002 μέτροις.
2376 4931 2489 4983 ἀλλ’
2516 4932 2600 4983 ἵνα
2625 4932 2805 4985 λαϐὼν
2833 4934 2927 4985 σὺν
2959 4936 3093 5006 αὐτῇ
3125 4937 3190 4990 τὰ
3225 4939 3419 5008 αὐτῆς,
3450 4940 3581 5006 Θεὸς
3604 4944 3670 4996 ὢν

2107 5024 2285 5091 φύσει,
2320 5024 2414 5075 καὶ
2448 5022 2587 5074 οὕτω
2620 5024 2973 5096 γνωρίζηται,
3012 5031 3104 5079 καὶ
3136 5030 3232 5099 τὴν
3270 5030 3365 5083 τοῦ
3397 5033 3666 5104 ἀνθρώπου

2106 5114 2485 5184 κατασεμνύνῃ
2533 5115 2697 5183 φύσιν
2737 5116 2823 5183 ἐφ’
2865 5116 3058 5186 ἐαυτῷ,
3097 5120 3320 5189 μέτοχον
3346 5124 3518 5194 αὐτὴν
3549 5127 3665 5179 ἀπο-

2106 5208 2269 5275 φήνας
2330 5205 2490 5276 ἱερῶν
2535 5206 2629 5259 καὶ
2677 5205 2837 5260 θείων
2882 5206 3243 5277 ἀξιωμάτων·
3285 5214 3587 5286 εὑρήσομεν
3620 5218 3663 5271 δὲ

2102 5300 2196 5351 καὶ
2219 5299 2413 5360 αὐτοὺς
2441 5300 2565 5361 τοὺς
2595 5298 2805 5366 ἁγίους,
2838 5298 2995 5363 δόξαν
3023 5302 3384 5370 ὀνομάζοντας
3424 5308 3518 5361 τοῦ
3548 5310 3663 5362 Θεοῦ

2102 5391 2194 5443 καὶ
2244 5392 2485 5463 Πατρὸς,
2530 5391 2623 5444 καὶ
2662 5392 2843 5459 μέντοι
2892 5394 2986 5445 καὶ
3033 5393 3275 5461 βασιλέα,
3320 5400 3414 5451 καὶ
3463 5404 3661 5470 προσέτι

2101 5485 2325 5555 Κύριον,
2355 5484 2444 5536 τὸν
2473 5483 2615 5547 Υἱὺν,
2642 5484 2732 5536 καὶ
2753 5485 2840 5537 ὅτε
2865 5484 3085 5552 γέγονεν
3124 5486 3429 5559 ἄνθρωππ,
3462 5494 3660 5555 ἠσαῑπς

2104 5577 2200 5645 μὲν
2234 5579 2341 5647 γὰρ
2386 5567 2487 5629 ὦδέ
2520 5593 2607 5646 πη,
2641 5577 2825 5645 φησίν·
2864 5595 2880 5627 ι
2920 5579 3017 5627 Ὂν
3036 5578 3238 5648 τρόπον
3270 5582 3364 5632 ἐὰν
3401 5584 3657 5655 ἄνθρωπος

2103 5670 2411 5739 καλαμᾶται
2460 5668 2662 5735 ἐλαίαν,
2692 5667 2835 5721 οὕτω
2885 5666 3297 5739 καλαμήσονται
3330 5674 3556 5738 αὐτοὺς,
3585 5678 3656 5730 καὶ
