3926 6462
142 464 294 524 Issi

1334 467 1528 536 QL‘OD
1568 461 1758 524 UNUS
1798 463 1907 522 SIT
1944 461 2314 524 CHRISTUS.

3368 469 3510 523 1521

138 585 249 641 ἐὰν
298 587 608 661 παύσηται
648 590 677 642 6
706 592 997 664 τρυγητὸς,
1026 584 1172 645 οὗτοι
1202 594 1353 663 φωνῇ
1396 591 1704 663 βοήσονταιε
1739 591 1777 645 οἳ

1900 598 2125 654 terram,
2184 585 2540 644 exsultahuut
2592 597 2716 643 cum
2766 585 2939 657 gloria
2993 584 3206 641 Domini
3235 584 3300 639 ⁸⁸.
3356 603 3379 639 ι
3441 584 3508 640 Et

137 679 201 733 δὲ
237 682 729 754 καταλειφθέντες
756 686 849 738 ἐπὶ
881 688 979 758 τῆς
1004 686 1126 757 γῆς,
1159 684 1632 757 εὐφρανθήσονται
1672 685 1789 755 ἅμα

139 776 213 844 τῇ
272 774 416 848 δόξῃ
483 777 764 848 Κυρίου.»
822 780 933 833 Καὶ
999 779 1162 834 πάλιν
1200 779 1389 851 ἔτερος
1436 777 1547 832 τῶν
1597 778 1794 847 ἁγίων,

146 882 167 916 ε
195 867 499 933 Φωτίςου,
529 871 717 940 φησὶν,
749 871 1129 943 Ὶερουσαλὴμο
1156 871 1280 943 ἣκει
1307 872 1416 944 γάρ
1446 890 1540 926 σου
1561 872 1621 925 τὸ
1651 870 1787 941 φῶς,

138 962 245 1014 καὶ
277 962 313 1032 ἡ
352 960 503 1025 δόξα
543 964 753 1033 Κυρίου
794 965 886 1018 ἐπὶ
918 965 977 1017 σὲ
1009 964 1397 1019 ἀνατέταλκεν.
1433 965 1565 1018 Ἰδοὺ
1599 965 1790 1030 σκότος

137 1050 247 1102 καὶ
278 1051 509 1120 γνόφος
533 1053 765 1122 καλύψει
796 1055 919 1126 γῆν,
957 1056 1051 1109 ἐπὶ
1071 1056 1126 1109 δὲ
1150 1055 1207 1109 σὲ
1231 1057 1532 1128 φανήσεται
1562 1056 1785 1128 Κύριος,

140 1143 246 1193 καὶ
296 1141 446 1209 δόξα
519 1145 727 1217 Κυρίου
776 1148 868 1200 ἐπὶ
918 1146 977 1199 σὲ
1024 1146 1343 1218 ὀφθήσεται.
1371 1167 1389 1200 ι
1429 1147 1688 1213 Ἰάκωδός
1724 1164 1787 1218 γε

142 1231 264 1301 μὴν
301 1234 332 1285 ὀ
367 1235 551 1289 αὑτοῦ
591 1235 859 1309 μαθητὴς,
889 1255 907 1288 ι
940 1237 1206 1307 Ἀδελφοί,
1238 1239 1391 1309 φησὶ,
1428 1238 1498 1311 μὴ
1526 1242 1583 1292 ἐν
1622 1256 1789 1311 προσ-

138 1323 528 1396 ωποληψίαις
564 1328 716 1399 ἔχετε
756 1328 856 1400 τὴν
899 1330 1084 1384 πίστιν
1128 1330 1223 1383 τοῦ
1258 1330 1466 1402 Κυρίου
1495 1330 1648 1402 ἡμῶν
1686 1333 1788 1402 Ἰη-

139 1418 247 1472 σοῦ
291 1421 557 1492 Χριστοῦ
585 1422 681 1492 τῆς
708 1422 885 1495 δόξης.
916 1443 934 1476 ι
976 1425 1185 1496 Πέτρος
1230 1425 1287 1479 δὲ
1314 1421 1381 1480 αὖ
1408 1428 1435 1479 ὁ
1474 1425 1781 1491 θεσπέσιος,

147 1531 167 1563 ι
206 1513 280 1567 Εἰ
319 1514 665 1580 ὀνειδίζεσθε
705 1519 762 1571 ὲν
812 1517 1054 1589 Χριστῷ,
1098 1520 1361 1593 μακάριοί
1404 1523 1528 1574 ἐστε
1562 1521 1660 1591 τῆς
1695 1522 1782 1577 δό-

141 1602 277 1675 ξης,
328 1608 439 1659 καὶ
474 1606 537 1660 τὸ
567 1604 661 1662 τοῦ
702 1608 837 1664 Θεοῦ
870 1610 1097 1683 Πνεῦμα
1130 1614 1213 1681 ἐφ’
1261 1613 1407 1684 ὑμᾶς
1458 1613 1785 1668 ἀναπέπαυ-

139 1710 265 1750 ται.
298 1716 320 1748 Ι

225 1787 293 1841 Β.
333 1788 531 1859 Φράζε
561 1790 619 1844 δὲ
648 1792 796 1856 ὅπως
828 1795 965 1865 πρὸς
1006 1794 1166 1865 ἡμῶν
1203 1795 1441 1849 νοεῖσθαι
1475 1797 1678 1869 πρέπει
1724 1798 1787 1852 τὸ

141 1881 290 1952 περὶ
327 1881 586 1952 Χριστοῦ
621 1887 1029 1957 γεγραμμένον,
1074 1908 1092 1939 ι
1131 1889 1227 1954 ’⁸ος
1270 1891 1329 1943 ἐν
1379 1894 1501 1955 ταῖς
1547 1894 1786 1965 ἡμέραις

140 1970 256 2039 τῆς
300 1974 523 2045 σαρκὸς
571 1976 776 2042 αὑτοῦ,
824 1977 1040 2048 δεήσεις
1078 1996 1136 2034 τε
1178 1982 1271 2035 καὶ
1312 1983 1598 2054 ἱκετηρίας
1646 1984 1777 2056 πρὸς

1893 1979 2107 2036 Christo
2166 1981 2433 2051 scriptum
2487 1996 2503 2036 :

141 2062 247 2115 τὸν
280 2064 602 2137 δυνὰμενον
634 2068 828 2135 σώζειν
864 2071 1026 2125 αὑτὸν
1059 2074 1124 2126 ὲκ
1157 2072 1411 2138 θανάτου,
1448 2075 1588 2145 μετὰ
1617 2094 1788 2148 κραυα

143 2154 264 2222 γῆς
302 2156 548 2227 ἰσχυρᾶς
574 2160 669 2212 καὶ
693 2159 951 2232 δακρύων
980 2165 1379 2234 προσενέγκας,
1414 2167 1508 2219 καὶ
1533 2168 1788 2221 εἰσακου-

147 2244 317 2311 σθεὶς
371 2249 487 2303 ἀπὸ
530 2250 631 2321 τῆς
662 2252 987 2321 εὐλαϐείας,
1015 2256 1216 2328 καίπερ
1257 2256 1333 2310 ὢν
1366 2256 1515 2321 Υἱὸς,
1558 2256 1781 2329 ἔμαθεν,

146 2338 252 2409 ἀφ’
283 2333 369 2393 ὧν
415 2341 607 2409 ἔπαθε,
642 2344 742 2416 τὴν
776 2346 1045 2419 ὑπακοὴν,
1080 2349 1175 2402 καὶ
1200 2347 1531 2414 τελειωθεὶς,
1568 2351 1788 2419 ἐγένετο

146 2434 277 2497 τοῖς
340 2434 719 2491 ὑπακούουσιν
766 2438 917 2511 αὑτῷ
957 2439 1133 2505 αίτιος
1188 2443 1465 2513 σωτηρίας
1513 2444 1789 2499 ἀκαταλύ-

146 2541 255 2577 του
279 2544 293 2555 ·
327 2544 349 2578 ι
397 2530 747 2599 προσεποίσω
789 2532 846 2585 δὲ
902 2533 1126 2587 κάκεῖνο
1166 2528 1248 2598 οἷς
1296 2536 1457 2607 έςρην,
1495 2537 1585 2603 τὸ,
1629 2556 1648 2589 ι
1684 2538 1786 2593 Θεέ

152 2633 293 2687 μου,
340 2618 449 2672 Θεέ
496 2636 618 2691 μου,
653 2620 740 2676 ἵνα
773 2622 827 2675 τί
863 2639 930 2693 με
972 2624 1367 2692 ὲγκατέλιπεςς
1398 2645 1415 2677 ι
1462 2628 1786 2681 ’Δπεοικότα

147 2710 275 2781 γὰρ
319 2705 470 2765 εἶναί
506 2729 642 2781 φασι
675 2714 745 2767 τὰ
777 2716 957 2770 τοιάδε
1008 2716 1086 2789 τῷ
1120 2718 1239 2789 Θεῷ
1282 2718 1462 2790 Λόγῳ,
1495 2719 1589 2773 καὶ
1622 2722 1785 2792 ἡττῆ-

152 2797 294 2854 σθαι
322 2800 469 2853 πολὺ
496 2801 599 2871 τῆς
629 2803 856 2875 ἐνούσης
882 2806 1163 2878 ὑπεροχῆς
1191 2808 1340 2879 αὑτῷ
1367 2810 1535 2880 φαίην
1564 2809 1651 2863 ἄν.

234 3066 306 3121 Δ.
356 3066 548 3139 Ἰσημι
597 3070 692 3123 καὶ
722 3070 887 3136 αὑτὸς
932 3072 1064 3140 ἐγὼ,
1132 3075 1207 3145 μὴ
1245 3075 1310 3129 ἄν
1344 3077 1591 3147 ἁρμόσαι
1625 3080 1787 3135 ταυτὶ

155 3157 243 3229 τῷ
292 3160 364 3212 ὲκ
398 3158 534 3213 Θεοῦ
583 3161 831 3233 Πατρδς.
879 3204 892 3218 .
936 3207 949 3219 .
996 3206 1011 3220 .
1054 3206 1067 3220 .
1111 3168 1293 3238 Λόγῳ,
1328 3167 1656 3235 έξωσθέντος
1687 3172 1783 3225 τοῦ

156 3251 384 3317 τρόπου
421 3252 523 3320 τῆς
555 3252 901 3326 οἰκονομίας,
950 3256 1048 3308 καὶ
1098 3257 1199 3310 οὐκ
1242 3258 1613 3328 είσδεχθέντος
1647 3263 1783 3333 πρὸς

160 3342 335 3414 ἡμῶν
406 3343 533 3411 τοῦ,
587 3346 669 3400 ὅτι
720 3347 916 3416 γέγονε
977 3348 1116 3422 σὰρξ
1166 3350 1310 3405 κατὰ
1373 3353 1474 3417 τὰς
1533 3354 1777 3425 Γραφάς.

176 3437 413 3511 Ἐπειδὴ
444 3438 501 3492 δὲ
537 3440 675 3511 πρὸς
703 3440 862 3495 τοῦτο
892 3443 1340 3515 διερηρείσμεθα,
1372 3446 1469 3500 καὶ
1497 3446 1558 3500 τὸ
1585 3448 1786 3502 sum-

162 3530 288 3597 ζειν
323 3532 464 3596 ὅλως
491 3534 815 3600 δυσσεϐείας
877 3536 994 3607 εχει
1046 3538 1290 3609 γραφὴν,
1334 3541 1467 3611 φέρε
1506 3541 1607 3612 τῆς
1643 3544 1786 3595 οίκο⁴

163 3628 373 3697 νομιας
397 3626 458 3680 τὸ
492 3626 677 3698 βάθος,
700 3630 777 3693 ὡς
803 3630 903 3695 ἔνι,
937 3632 1472 3703 κατασκεπτώμεθα.
1512 3635 1784 3705 Ἐπέφανε

164 3717 361 3770 τοίνυν
416 3719 549 3787 ἡμῖν
604 3719 660 3771 ὲν
700 3719 831 3772 εἴδει
885 3720 964 3791 τῷ
1016 3722 1139 3776 καθ’
1186 3724 1335 3794 ἡμᾶς
1388 3726 1417 3778 6
1450 3725 1515 3778 ὲκ
1574 3728 1782 3797 Κυρίου

168 3807 395 3879 ιῐατρὸς
454 3808 664 3879 Λόγος,
712 3812 854 3867 κατὰ
912 3813 1142 3885 μυρίους
1190 3815 1350 3880 ὅσους
1406 3818 1619 3887 ὀνήσων
1667 3820 1787 3889 τρό·

168 3917 318 3965 πσυς
356 3901 424 3955 τὰ
457 3903 801 3974 ἀνθρώπινα,
856 3907 952 3960 καὶ
996 3908 1332 3977 καταδείξων
1391 3907 1451 3965 εὖ
1497 3911 1643 3983 μάλα
1683 3914 1785 3985 τὴν

168 3994 254 4058 εἰς
310 3996 419 4048 πᾶν
449 3995 628 4048 ὁτιοῦν
664 3996 775 4049 τῶν
815 3997 1290 4071 τεθαυμασμένων
1334 4004 1785 4074 ἀποκομίζουσαν

168 4086 387 4158 τρίόον.
434 4084 545 4141 Ἦν
595 4084 689 4143 οῦν
737 4090 1037 4161 ἀναγκαῖον
1083 4094 1412 4165 ἁναμαθείν,
1472 4100 1784 4171 πειρασμοῦ

172 4178 540 4243 καταθέοντος
580 4181 708 4245 τοὺς
737 4182 839 4252 τῆς
878 4184 960 4247 είς
988 4182 1122 4238 Θεὸν
1153 4186 1376 4259 ἀγάπης
1410 4190 1574 4245 ἕνεκα
1606 4192 1777 4245 κινδυ-

173 4271 463 4336 νεύοντας,
494 4274 713 4340 ὁποίους
757 4278 909 4341 τινὰς
938 4275 1079 4334 εἶναι
1113 4283 1218 4353 χρὴ
1271 4285 1397 4348 τοὺς
1445 4286 1544 4357 τὴν
1583 4289 1785 4342 εὐκλεᾶ

176 4360 276 4412 καὶ
306 4359 582 4431 ἐξαίρετον
615 4364 894 4419 πολιτείαν
928 4368 1024 4420 καὶ
1055 4367 1201 4440 ζωὴν
1236 4374 1536 4443 κατορθοῦν
1564 4378 1781 4449 ᾑρημέ-

174 4466 337 4516 νους,
386 4452 592 4524 πότερα
628 4456 984 4526 μεθιεμένους
1015 4460 1111 4513 καὶ
1160 4464 1569 4532 ἁναπίπτοντας
1614 4472 1692 4533 εἰς
1723 4473 1783 4525 τὸ

178 4541 445 4613 ῥᾴθυμον,
483 4547 577 4599 καὶ
611 4548 711 4601 οὐκ
744 4550 801 4601 ὲν
838 4551 1017 4623 καιρῷ
1045 4556 1371 4625 τρυφῶντας
1413 4562 1509 4615 καὶ
1552 4562 1781 4633 εὑρυνο-

178 4635 381 4703 μένους
408 4638 482 4701 είς
511 4638 798 4710 εὐθυμίαν,
827 4644 859 4714 ἢ
897 4650 1347 4720 συντεινομένους
1374 4654 1452 4717 εἰς
1481 4655 1653 4721 λιτὰς,
1687 4662 1782 4713 καὶ

178 4818 348 4873 αὑτοῦ
396 4820 665 4892 διψῶντας
716 4827 1060 4900 ἐπικουρίαν,
1111 4837 1203 4888 καὶ
1241 4838 1426 4907 μέντοι
1475 4843 1567 4895 καὶ
1617 4844 1778 4898 εὑαν-

177 4907 351 4983 δρίαν,
387 4911 545 4984 εἴπερ
587 4915 760 4970 ἕλοιτο
807 4921 901 4974 καὶ
931 4925 1125 4979 παθεῖν
1157 4930 1321 4999 ἡμᾶς.
1360 4933 1507 4987 Ἔδει
1552 4953 1610 4988 τε
1644 4938 1777 5009 πρὸς

178 5000 393 5067 τούτοις
442 5006 638 5060 εἰδέναι
693 5014 1011 5083 χρησίμως,
1063 5018 1185 5071 ὁποι
1228 5023 1357 5076 ποτὲ
1407 5026 1516 5097 ἄρα
1568 5028 1637 5081 τὸ
1676 5030 1780 5102 τῆς

180 5094 427 5165 ὑπακοῆς
468 5097 690 5163 διέξεισι
724 5102 901 5175 πέρας
922 5149 934 5169 ,
975 5108 1071 5161 καὶ
1113 5110 1201 5165 διὰ
1234 5114 1402 5170 ποίων
1431 5094 1651 5190 ἔρχεται
1685 5094 1779 5193 γε·

181 5187 313 5257 ρῶν,
342 5190 465 5254 ὅσος
488 5208 547 5244 τε
577 5196 669 5246 καὶ
695 5192 806 5261 οἶος
852 5198 954 5270 τῆς
980 5201 1261 5275 ὑπομονῆς
1283 5211 1311 5261 6
1340 5187 1551 5279 μισθός.
1578 5187 1775 5284 Γέγονε

180 5281 358 5335 τοίνυν
380 5283 731 5353 ὑποτύπωσις
756 5290 864 5345 τῶν
894 5294 1152 5349 τοιούτων
1179 5302 1311 5370 ἡμῖν
1347 5304 1375 5355 ὁ
1398 5305 1655 5376 Χριστὸς,
1678 5316 1778 5366 καὶ

180 5372 318 5442 πρός
352 5390 413 5441 γε
449 5377 606 5431 τοῦτο
638 5382 789 5451 ἡμᾶς
816 5384 1043 5455 ὲμπεδοϊ
1071 5388 1245 5459 λέγων
1286 5395 1315 5445 6
1349 5372 1642 5465 θεσπέσιος
1674 5404 1778 5456 Ηέ·

178 5481 328 5535 τρος’
370 5484 387 5517 ι
423 5467 581 5521 Ποῖον
617 5472 727 5543 γὰρ
755 5474 931 5541 κλέος,
964 5482 1013 5533 εἰ
1044 5482 1454 5555 ἁμαρτάνοντες
1490 5494 1585 5546 καὶ
1615 5496 1777 5553 κολα-

181 5558 462 5628 φιζόμενοι
509 5562 845 5634 ὑπομένετε;
890 5570 1030 5624 Ἀλλ’
1062 5576 1110 5626 εἰ
1144 5577 1605 5649 ἀγαθοποιοῦντες
1639 5588 1775 5646 ὑπο-

181 5650 397 5722 μένετε,
443 5653 603 5708 τοῦτο
640 5656 801 5729 χάρις
864 5664 1016 5734 παρά
1069 5666 1208 5739 Θεῷ,
1257 5674 1339 5725 ὅτι
1392 5677 1487 5729 καὶ
1538 5680 1776 5750 Χριστὸς

249 5853 597 5959 Ϊ.’.ξ.³³;ἷὲἔῖ⁷’
624 5860 717 5959 ἔὲν
744 5862 871 5959 ’ἔτη
908 5869 963 5959 1',
983 5870 1088 5959 Ρδθ·
1117 5878 1347 5959 “M8;
1428 5884 1471 5914 ε’
1502 5884 1618 5945 Jac.
1652 5904 1711 5959 ιι,
1760 5894 1808 5949 ι.

180 5924 364 5984 Matth.
410 5944 584 5995 xxv”,
614 5924 711 5986 l6.
778 5936 821 5966 ⁸⁷
855 5938 871 5993 l
906 5924 1373 6012 petiiiijé'o}

498 6025 774 6094 Panos.
826 6034 940 6097 Gn.
993 6038 1233 6107 LXXV.

1898 696 2087 737 rursus
2109 682 2252 738 alius
2281 681 2507 751 qttidam
2543 692 2575 736 e
2604 680 2814 737 sanctis
2842 698 2856 734 :
2887 697 2907 728 σ
2946 678 3284 743 llluminare,
3307 679 3505 749 inquit,

1895 773 2222 833 Jerusalem.
2273 773 2438 829 Venit
2485 774 2632 829 enim
2670 771 2851 829 lumen
2884 780 3063 837 tuum,
3094 781 3149 826 et
3181 771 3356 842 gloria
3397 770 3506 825 Dos

1897 869 2031 924 mini
2076 883 2243 938 super
2288 877 2341 922 te
2389 878 2510 924 orta
2544 877 2650 923 est.
2676 867 2813 935 Quia
2838 882 2969 923 ecce
2996 867 3233 923 tenebra:
3254 866 3483 936 operien

1896 971 2121 1028 terram,
2155 971 2209 1017 et
2230 960 2409 1031 caligo
2443 959 2706 1032 populos:
2755 973 2921 1029 super
2970 968 3024 1013 te
3061 966 3246 1012 autem
3294 958 3507 1013 orietur

1896 1055 2181 1120 Dominus,
2241 1062 2295 1109 et
2324 1053 2501 1124 gloria
2557 1054 2678 1125 ejus
2708 1052 2763 1107 in
2822 1064 2878 1108 te
2932 1052 3207 1108 videbitur
3246 1051 3314 1107 ⁸⁸.
3352 1068 3370 1103 ι
3440 1050 3508 1106 Et

1892 1144 2130 1203 Jacobus
2160 1148 2281 1218 ejus
2310 1146 2613 1219 discipulus
2648 1165 2660 1202 :
2703 1166 2722 1199 ι
2790 1144 3034 1210 Fratres,
3071 1145 3274 1216 inquit,
3334 1143 3507 1201 nolite

1895 1239 1948 1294 in
1998 1254 2357 1311 personarum
2410 1239 2736 1309 acceptione
2792 1240 2995 1293 habere
3066 1237 3231 1294 ﬁdem
3286 1238 3504 1293 Domini

1894 1335 2065 1389 nostri
2121 1332 2246 1389 Jesu
2309 1333 2515 1390 Christi
2552 1333 2741 1403 gloria:
2765 1331 2830 1386 ⁸³.
2874 1351 2892 1382 ι
2929 1330 3126 1388 Petrus
3181 1346 3352 1387 vero:
3385 1350 3404 1383 ε
3446 1329 3504 1386 Si

1892 1426 2299 1497 cxprobramini
2333 1426 2385 1481 in
2405 1426 2649 1491 Christo,
2684 1425 2829 1480 beati
2865 1425 3046 1488 eritis,
3069 1426 3329 1495 quoniam
3360 1426 3505 1495 quod

1893 1530 1980 1573 est
2017 1520 2242 1575 honoris
2271 1519 2457 1591 gloria'
2502 1530 2559 1576 et
2606 1519 2828 1575 virtutis
2872 1518 2993 1583 Dei,
3043 1528 3098 1575 et
3128 1519 3220 1589 qui
3262 1528 3345 1575 est
3389 1517 3510 1589 ejus

1894 1610 2129 1682 Spiritus
2159 1627 2325 1683 super
2374 1626 2466 1667 vos
2500 1612 2813 1683 requiescet
2842 1612 2908 1667 “.
2944 1632 2962 1666 ι

1964 1791 2131 1866 754
2163 1792 2225 1846 Β.
2265 1790 2553 1849 Sulllciunt
2577 1794 2690 1865 jam
2737 1795 2876 1851 haec.
2912 1793 3185 1852 Cmterum
3234 1796 3337 1851 hoc
3370 1798 3504 1852 mihi

1895 1887 2046 1943 dicas
2090 1886 2273 1953 velim,
2328 1888 2613 1957 quomnilo
2674 1888 3085 1960 intelligendum
3133 1889 3205 1944 sit
3256 1889 3385 1945 illud
3438 1892 3508 1947 de

2557 2000 2576 2034 ι
2645 1982 2748 2050 Qui
2801 1983 2858 2037 in
2912 1983 3105 2039 diebus
3166 1985 3507 2053 amissum

1892 2087 2082 2144 preces
2109 2073 2657 2145 supplicationesque
2699 2074 2766 2129 ad
2812 2090 2937 2131 eum
2976 2076 3071 2146 qui
3110 2076 3285 2147 possit
3327 2078 3504 2147 ipsum

1891 2166 2101 2223 salvum
2132 2167 2338 2223 Jacere
2388 2186 2417 2223 a
2464 2180 2642 2225 morte
2684 2186 2807 2225 cum
2847 2172 3090 2227 clamore
3141 2171 3323 2227 valido
3348 2184 3401 2228 et
3429 2173 3505 2227 Ιςιο

1892 2260 2095 2332 crymis
2139 2259 2400 2327 oﬂ'ereus,
2437 2263 2730 2319 exauditus
2774 2276 2857 2319 est
2884 2281 2983 2336 pro
3022 2282 3122 2321 sua
3168 2270 3503 2324 reverentia.

1892 2353 1958 2409 Et
1988 2354 2205 2422 quidem
2235 2370 2361 2410 cum
2399 2364 2548 2411 esset
2579 2356 2753 2411 Filius
2788 2358 2906 2427 Dei,
2947 2359 3141 2415 didicit
3172 2373 3237 2414 ex
3279 2361 3346 2416 iis
3384 2377 3507 2431 qum

1892 2461 2083 2515 passus
2118 2457 2232 2514 cst,
2303 2448 2698 2504 obedientiam.
2728 2449 2797 2505 Et
2848 2462 3271 2510 consummatus
3326 2453 3508 2512 factus

1891 2552 1975 2596 est
2047 2541 2303 2598 omnibus
2351 2540 2868 2609 obtemperantibus
2921 2545 3025 2600 sibi
3083 2560 3253 2601 causa
3310 2546 3509 2605 salutis

1890 2641 2107 2688 aeternae
2132 2633 2200 2688 ".
2266 2652 2285 2686 ι
2344 2632 2612 2703 Adjiciam
2676 2651 2809 2691 vero
2865 2636 3030 2693 dictis
3098 2639 3265 2694 etiam
3325 2638 3501 2697 illud:

1896 2742 1916 2776 ε
1948 2726 2090 2781 Deus
2119 2742 2296 2793 incus,
2324 2725 2468 2783 Deus
2493 2745 2667 2794 meus,
2692 2744 2867 2800 quare
2886 2747 2974 2787 me
2997 2732 3336 2802 dereliquisti
3367 2733 3449 2790 "?
3482 2752 3504 2790 ι

1889 2816 2080 2874 Aliena
2108 2819 2253 2875 enim
2306 2821 2423 2877 haec
2480 2838 2604 2879 esse
2636 2824 2826 2879 dicunt
2876 2840 2906 2879 a
2958 2826 3071 2881 Deo
3108 2826 3305 2895 Verbo,
3339 2840 3510 2901 atque

1890 2923 1991 2980 ego
2025 2911 2243 2981 quidem
2276 2912 2544 2985 dignitate
2581 2915 2753 2986 ipsius
2788 2926 2954 2990 atque
2984 2918 3311 2977 excellentia
3348 2921 3510 2995 longe

1892 3003 2152 3061 inferiora
2181 3022 2243 3062 ea
2272 3023 2394 3064 esse
2424 3008 2813 3078 judicaverim.

1961 3097 2028 3153 A.
2081 3097 2221 3164 Quin
2291 3109 2347 3155 et
2410 3116 2512 3172 ego
2536 3106 2654 3173 ipse
2713 3104 2877 3163 facile
2929 3108 3176 3183 intelligo
3223 3111 3341 3170 haec
3397 3130 3508 3173 non
3560 3100 3568 3104 ’

1890 3190 2187 3245 convenire
2217 3189 2397 3247 Verbo
2427 3196 2613 3264 genito
2636 3211 2703 3251 ex
2744 3196 2857 3255 Deo
2904 3199 3090 3268 Patre,
3152 3204 3198 3260 si
3255 3204 3387 3263 illud
3439 3210 3508 3265 ab

1891 3281 2368 3340 administratione
2426 3290 2479 3341 in
2540 3304 2709 3346 carne
2757 3304 3166 3365 removeamus,
3199 3315 3377 3371 neque
3406 3302 3504 3359 ιο.

1842 3367 1855 3385 ⁸
1892 3374 2174 3432 mittamus
2224 3377 2276 3432 id
2302 3380 2447 3447 quod
2506 3377 2793 3453 Scriptura
2852 3396 3111 3457 testatur,
3157 3367 3302 3462 quod
3336 3394 3503 3453 nimi.

1890 3482 2010 3522 rum
2045 3468 2221 3526 factus
2251 3473 2322 3527 sit
2349 3488 2501 3529 caro.
2538 3475 2673 3531 Cum
2709 3492 2837 3534 vero
2875 3480 2981 3536 hoc
3039 3483 3275 3542 ﬁrmiter
3311 3496 3507 3546 tenea-

1889 3576 2011 3615 mus
2071 3572 2125 3616 et
2178 3565 2447 3622 dubitatio
2515 3568 2621 3625 hac
2671 3570 2722 3625 in
2780 3587 2841 3626 re
2888 3588 3013 3629 cum
3092 3578 3376 3648 impietate
3430 3588 3507 3642 sit

1888 3653 2215 3723 conjuncta,
2265 3659 2669 3718 incarnationis
2704 3668 3032 3736 mysterium
3083 3684 3350 3741 quantum
3383 3678 3504 3735 ﬁeri

1889 3758 2067 3816 potest
2097 3754 2521 3820 perpendamus.
2551 3757 2821 3828 Apparuit
2860 3760 3048 3827 itaque
3082 3767 3242 3823 nobis
3264 3766 3503 3830 Verbum

1888 3854 1954 3893 ex
1992 3840 2103 3895 Deo
2146 3844 2198 3897 in
2257 3844 2433 3899 forma
2466 3858 2666 3903 nostra:
2725 3852 2916 3917 simili,
2988 3856 3292 3917 innumeris
3330 3866 3507 3923 modis

1892 3934 2184 3991 humanam
2236 3950 2494 3994 naturam
2555 3940 2785 4011 juvans,
2829 3947 3146 4020 eptimeque
3199 3956 3357 4012 uohis
3408 3960 3508 4015 de-

1888 4038 2203 4083 monstrans
2244 4029 2387 4084 viam
2424 4047 2546 4101 qua:
2601 4034 2669 4089 ad
2717 4037 2927 4106 optima
2985 4059 3218 4114 qumque
3258 4048 3503 4108 deducit.

1889 4118 2123 4175 Necesse
2164 4123 2351 4193 itaque
2402 4136 2522 4180 erat
2588 4139 2646 4183 ut
2694 4128 3033 4199 diceremus,
3096 4154 3220 4192 cum
3272 4144 3506 4201 teutatio

1888 4211 2099 4265 invadit
2153 4212 2247 4269 éos
2307 4216 2399 4285 qui
2454 4218 2523 4273 oh
2571 4220 2921 4279 dilectionem
2959 4225 3055 4283 Dei
3097 4232 3502 4303 periclitantur,

1886 4304 2079 4373 quales
2113 4315 2369 4376 oporteat
2403 4324 2524 4367 esse
2548 4326 2645 4368 eos
2676 4316 2767 4385 qui
2811 4318 3142 4377 laudabilem
3175 4334 3340 4394 atque
3382 4329 3503 4383 exi-

1890 4396 2053 4451 miam
2085 4398 2256 4453 vitam
2288 4400 2581 4461 instituere
2613 4408 2787 4463 velint
2829 4428 2843 4467 :
2897 4422 3082 4469 utrum
3111 4418 3178 4470 ad
3227 4418 3502 4488 ignaviam

1888 4504 2109 4558 pronos,
2146 4501 2201 4546 et
2244 4494 2456 4551 deliciis
2496 4498 2743 4566 deditos,
2781 4504 3158 4579 hilaritatique
3216 4522 3271 4567 et
3303 4516 3505 4583 gaudio

1888 4582 2129 4638 animum
2159 4588 2406 4643 laxantes
2438 4608 2449 4644 :
2482 4606 2550 4645 an
2586 4595 2767 4662 pctius
2802 4613 2907 4653 una
2951 4602 3206 4669 precibus
3231 4582 3501 4674 intentos,

1816 4687 1942 4749 Det
1992 4677 2360 4749 lacrymautes
2388 4699 2576 4741 coram
2645 4687 2935 4749 Salvatore
3002 4699 3175 4765 cerui,
3222 4711 3279 4755 et
3334 4702 3505 4771 ipsius

1885 4771 2147 4826 auxilium
2204 4776 2366 4832 avide
2428 4790 2773 4849 appetentes,
2836 4785 3074 4860 fortique
3133 4794 3320 4851 animo
3365 4813 3504 4866 pra:-

1886 4862 2029 4917 ditos
2079 4879 2225 4931 esse,
2283 4868 2329 4922 si
2365 4870 2531 4926 etiam
2582 4890 2680 4931 nos
2716 4880 2828 4947 pati
2870 4881 3125 4938 voluerit.
3178 4885 3503 4946 Cunsultum

1887 4967 2147 5023 praeterea
2204 4974 2323 5017 erat
2362 4967 2507 5023 scire
2564 4971 2688 5040 quis
2746 4973 2819 5027 sit
2864 4976 3191 5035 ohedientia:
3242 4980 3391 5047 finis,
3449 4996 3505 5040 et

1885 5048 2063 5116 qualis
2102 5068 2419 5127 quantaque
2446 5058 2749 5119 tolerantia:
2806 5081 3021 5123 merces
3065 5070 3139 5125 sit
3196 5073 3503 5143 proposita.

1891 5139 2097 5197 Horum
2160 5148 2351 5217 itaque
2416 5154 2661 5209 omnium
2724 5156 2897 5229 ﬁgura
2956 5171 3125 5234 atque
3190 5139 3502 5237 exemplum

1891 5234 2047 5289 nobis
2103 5237 2279 5295 factus
2350 5252 2435 5298 est
2487 5242 2763 5316 Christus,
2823 5253 2970 5320 quod
3018 5266 3074 5310 et
3128 5234 3370 5315 divinus
3415 5260 3501 5317 ille

1888 5325 2082 5383 Petrus
2115 5332 2405 5391 conﬁrmat
2430 5332 2619 5396 dice’ns
2650 5358 2665 5395 :
2704 5361 2722 5395 ι
2760 5342 2894 5410 Quae
2932 5348 3080 5403 enim
3127 5359 3211 5405 est
3265 5352 3406 5419 laus,
3456 5356 3501 5411 εἰ

1887 5431 2179 5485 peccantes
2246 5436 2301 5479 et
2354 5429 2682 5500 colaphizati
2742 5438 3048 5498 suﬂertis?
3095 5442 3202 5497 Sed
3255 5446 3303 5500 si
3364 5447 3503 5506 bene

1889 5508 2150 5569 facientes
2180 5519 2453 5585 patienter
2512 5528 2818 5596 sustinetis,
2847 5531 2962 5587 haec
3003 5544 3085 5588 est
3132 5538 3306 5607 gratia
3360 5542 3503 5609 apud

1889 5600 2054 5658 Deum
2092 5626 2104 5659 :
2136 5611 2260 5677 quia
2291 5624 2346 5668 et
2367 5615 2617 5674 Christus
2648 5638 2845 5691 passus
2863 5633 2947 5681 est
2974 5643 3073 5696 pro
3119 5628 3293 5693 vobis,
3330 5632 3500 5687 relin—

1885 5708 2062 5762 quens
2085 5700 2238 5757 vobis
2260 5708 2571 5778 exemplum
2591 5722 2650 5765 ut
2671 5719 2977 5785 sequamini
3000 5720 3223 5792 vestigia
3237 5723 3355 5793 ejus
3372 5724 3436 5781 ⁸⁷.
3479 5748 3498 5781 ι

1890 5898 1933 5932 ⁸³
1962 5899 2153 5962 lPetr.
2180 5922 2255 5977 tv,
2298 5908 2384 5968 li.
2462 5912 2506 5945 "
2534 5913 2703 5975 Hebr.
2730 5934 2782 5989 v,
2808 5921 2913 5979 7-9.
3029 5926 3237 5985 ⁶⁸Ρεςι1.
3270 5946 3381 5998 ut,
3426 5930 3501 5998 ις

3061 6091 3136 6155 42
