3926 6478
224 473 366 528 ιδεσ

1373 466 1564 536 QUOD
1609 463 1796 522 ΟΝυὸ
1835 460 1942 516 SIT
1984 458 2357 516 CHRISTUS.

3383 455 3522 512 im

223 586 611 657 ἐγερθήσεται.
639 603 658 636 ι
707 584 762 639 '0
795 585 872 648 δὲ,
921 586 1128 640 ἐπείτοι
1172 585 1420 656 φιλόθεος
1449 581 1538 658 ἦν,
1587 584 1821 647 ι’Ἵλεώς

1943 594 2107 638 tutem
2164 597 2288 637 cum
2318 580 2369 638 ei
2402 580 2754 634 vehementer
2801 578 2998 632 eharus
3033 587 3219 632 esset:
3257 597 3274 628 ι
3347 578 3521 640 Absit,

226 695 332 743 σοι,
371 677 566 747 Κύριε,
613 677 801 752 φησὶν,
833 679 894 731 οὐ
938 679 1014 750 μὴ
1049 679 1200 733 ἐσται
1243 696 1326 733 σοι
1360 679 1540 733 τοῦτο.
1569 697 1585 730 ι
1633 679 1741 731 Καὶ
1771 697 1824 731 τι

221 769 366 840 πρὸς
396 767 558 821 αὑτὸν
583 768 612 819 6
637 769 905 836 Χριστός;
936 789 954 821 ‹
981 769 1198 838 ’Ὕπαγε
1226 769 1405 823 ὀπίσω
1435 787 1557 838 μου,
1587 769 1822 828 Σατανᾶ,

219 860 529 916 σκάνδαλόν
568 875 658 930 μοι
690 856 761 925 εἴ,
790 861 871 914 ὅτι
903 862 963 914 οὺ
1007 863 1226 930 φρονεῖς
1255 860 1323 914 τά
1355 860 1449 914 τοῦ
1493 859 1652 923 Θεοῦ,
1688 859 1825 914 ἀλλὰ

214 952 292 1005 τὰ
328 952 436 1005 τῶν
470 951 798 1022 ἀνθρώπων.
826 972 842 1003 ι
879 953 1076 1007 Καίτοι
1125 953 1245 1017 πῶς
1293 954 1576 1025 ἡμάρτανε
1609 953 1707 1006 τοῦ
1747 954 1825 1005 εἰσ

217 1043 390 1106 κότος
419 1044 447 1096 ὁ
477 1042 749 1114 μαθητὴς,
771 1041 1145 1114 ἀποφέρεσθαι
1180 1042 1350 1098 θέλων
1383 1044 1478 1098 τοῦ
1503 1041 1825 1097 διδασκάλου

217 1136 320 1188 τὸν
367 1136 696 1207 πειρασμὸν,
744 1137 796 1189 ει
836 1135 1114 1199 δύσοιστος
1151 1131 1220 1206 ἦν
1259 1136 1430 1206 αὐτῷ,
1481 1137 1574 1189 καὶ
1622 1137 1825 1206 ἥκιστα

229 1227 337 1299 μὲν
367 1226 623 1299 φορητὸς,
667 1225 879 1289 καθιεὶς
925 1226 981 1279 δὲ
1012 1225 1216 1296 μᾶλλον
1254 1227 1348 1280 ἐπὶ
1393 1227 1456 1280 τὸ
1495 1224 1692 1281 ἄναλκι
1731 1229 1826 1280 καὶ

231 1317 557 1388 συνθραύειν
583 1317 768 1371 ἰκανὸν
818 1317 909 1370 τὸν
936 1319 1049 1380 τοῖς
1077 1317 1270 1370 ἑαυτοῦ
1307 1317 1577 1388 μαθηταῖς
1602 1317 1828 1386 ἐπισκή-

230 1430 461 1478 πτοντα,
508 1410 618 1465 τῶν
651 1407 744 1464 τοῦ
781 1408 1014 1464 θανάτου
1053 1409 1327 1479 δειμάτων
1375 1408 1826 1480 κατευμεγεθεῖν,

231 1505 331 1560 καὶ
364 1506 492 1576 παρ’
517 1503 671 1558 οὐδὲν
702 1501 956 1573 ἡγεῖσθαι
989 1501 1048 1553 τὸ
1080 1501 1295 1566 παθεῖν,
1340 1501 1450 1555 ἔστ’
1483 1501 1550 1555 ἂν
1597 1501 1826 1573 ἀνύηται

231 1599 374 1670 πρὸς
409 1598 508 1650 αὐτ
525 1596 601 1650 ὦν
637 1597 698 1648 τὸ
725 1594 846 1664 Θεῷ
879 1591 1107 1659 δοκοῦν;
1155 1593 1434 1664 Θαυμάζω
1461 1593 1538 1661 δὲ,
1579 1595 1661 1647 ὃτι
1703 1610 1830 1647 συν-

229 1690 406 1762 ῆφθαι
445 1690 694 1758 λέγοντες
739 1687 904 1741 αὑτὸν
935 1686 1013 1756 τῷ
1047 1688 1363 1755 Μονογενεῖ,
1398 1691 1492 1741 καὶ
1527 1687 1636 1741 τῶν
1668 1687 1829 1742 θείων

222 1782 564 1852 ἀξιωμάτων
596 1780 990 1849 ἀποφαίνοντες
1021 1778 1298 1842 κοινωνὸν,
1328 1779 1436 1832 τῶν
1466 1779 1559 1834 τοῦ
1595 1780 1827 1833 Θανάτου

231 1873 510 1942 δειμάτων
567 1872 819 1942 ῥίπτουσι
883 1869 1135 1932 κατόπιν,
1184 1869 1252 1922 ἵν’
1296 1869 1470 1941 ὁρῷτο
1509 1870 1633 1924 καθ’
1678 1872 1830 1943 ἡμᾶς

1928 676 2123 744 inquit,
2159 675 2261 729 hoc
2288 688 2317 726 a
2348 683 2423 738 te,
2456 670 2725 734 Domine;
2781 685 2888 727 non
2937 670 3042 725 erit
3073 669 3169 724 tibi
3201 670 3326 725 hoc.
3367 687 3387 720 ›
3423 671 3520 724 εὲυί

1927 768 2204 835 respondit
2236 764 2524 821 Christus:
2565 783 2582 814 ι
2614 762 2765 821 Vade
2798 772 2922 831 post
2975 761 3340 842 me,'Satana,
3391 762 3521 832 quia

1924 859 2241 912 scandalum
2279 857 2408 911 mihi
2443 871 2526 920 es,
2561 864 2614 911 et
2646 869 2751 910 non
2782 853 2930 924 sapis
2973 867 3044 908 ea
3076 867 3198 924 quae
3232 849 3328 905 Dei
3369 862 3518 911 sunt.

1928 948 2019 1005 sed
2045 964 2168 1019 qua
2200 950 2480 1004 hominum
2515 948 2586 1004 ".
2626 967 2645 1001 ι
2674 946 2743 1001 At
2763 947 3037 1018 quomodo
3067 948 3313 1017 peccavit
3357 946 3524 1002 disci-

1926 1041 2084 1110 pulus
2106 1041 2332 1112 cupiens
2367 1058 2397 1096 a
2425 1040 2688 1110 magistro
2714 1055 2814 1094 suo
2837 1055 3122 1095 removere
3141 1038 3524 1102 tentationem,

1926 1134 1972 1188 si
1999 1132 2354 1188 intolerabilis
2384 1133 2487 1202 ipsi
2513 1141 2656 1199 erat,
2685 1142 2739 1188 et
2777 1147 2842 1187 eo
2877 1130 3273 1187 imbecillitatis
3305 1130 3523 1199 dejece-

1919 1231 2037 1287 τοι,
2099 1237 2220 1292 quae
2269 1222 2511 1279 animum
2556 1221 2822 1292 frangere
2872 1232 3060 1292 posset
3108 1221 3228 1291 ejus
3271 1221 3364 1292 qui
3411 1221 3528 1277 suis

1929 1313 2210 1384 discipulis
2269 1313 2563 1368 mandabat
2605 1313 2798 1381 mortis
2853 1322 3094 1369 terrores
3155 1326 3438 1382 superare,
3472 1325 3527 1369 et

1929 1419 2028 1474 pro
2063 1404 2232 1460 nihilo
2255 1415 2443 1475 putare
2487 1405 2534 1460 si
2576 1405 2797 1476 quando
2839 1406 3015 1475 ipsum
3066 1407 3177 1476 pati
3233 1417 3528 1463 cernerent

1932 1504 1991 1552 ut
2018 1496 2109 1552 Dei
2146 1496 2397 1552 voluntas
2418 1497 2771 1568 perficeretur
2791 1498 2816 1551 ?
2836 1498 3003 1554 Miror
3043 1514 3177 1555 vero
3225 1502 3372 1567 quod
3403 1517 3526 1556 eum

1931 1589 2080 1645 illum
2103 1589 2403 1660 .Unigeuito
2455 1589 2804 1658 coniunctum
2851 1591 3020 1648 fuisse
3067 1603 3337 1661 statuant,
3379 1607 3437 1650 et
3474 1597 3528 1652 iu

1933 1679 2243 1737 divinarum
2277 1682 2602 1752 dignitatum
2628 1685 2746 1737 sive
2778 1685 3174 1753 preprietatum
3207 1687 3528 1742 societatem

1931 1784 2289 1845 assumptum,
2325 1776 2506 1830 timori
2544 1777 2734 1832 mortis
2777 1777 3097 1847 subjiciam,
3145 1779 3218 1834 ita
3265 1791 3322 1834 ut
3353 1784 3530 1834 nudus

1935 1869 2092 1938 plane
2141 1871 2313 1924 instar
2357 1879 2598 1925 nostrum
2648 1880 2927 1935 cernatur,
2982 1872 3226 1941 nihilque
3280 1889 3345 1928 ex
3392 1875 3528 1928 divi-

233 1940 443 2037 γυμνὸς
472 1940 734 2036 δηλονότι,
769 1963 864 2017 καὶ
895 1963 971 2027 ὡς
1011 1962 1120 2015 ἀπὸ
1147 1962 1254 2016 τῶν
1301 1940 1461 2017 θείων
1500 1940 1828 2036 ἀξιωμάτων

1943 1974 2128 2014 narum
2159 1959 2484 2029 dignitatum
2527 1961 3023 2018 communicatione
3073 1965 3344 2020 commodi
3374 1980 3528 2022 acce-

231 2077 366 2114 κεκε
375 2057 586 2132 ρδακὼς
617 2059 788 2113 οὐδέν.

308 2153 370 2206 Β.
417 2153 638 2215 Ὀποῖος
674 2150 739 2205 ἄν
771 2150 878 2222 ἄρα
909 2152 1025 2206 ἐστὶ
1056 2154 1157 2224 τῆς
1190 2150 1247 2203 ἐν
1278 2167 1343 2219 γε
1374 2149 1587 2214 τούτοις
1623 2151 1828 2204 οἰκονοο

237 2243 370 2315 μίας
398 2245 426 2296 6
460 2241 614 2311 λόγος
633 2259 650 2308 ;

307 2337 373 2388 Λ.
404 2335 682 2396 Mummi);
719 2336 800 2389 ὃτι
834 2337 929 2390 καὶ
973 2335 1178 2406 βαθὺς,
1229 2335 1326 2387 καὶ
1375 2332 1828 2403 τεθαυμασμένος

235 2428 394 2500 παρὰ
425 2445 488 2496 γε
527 2431 639 2491 τοῖς
679 2428 878 2481 εἰδόσιν
907 2426 1084 2498 ὀρθῶς
1115 2427 1176 2480 τὸ
1218 2423 1459 2496 Χριστοῦ
1506 2426 1826 2495 μυστήριον.

239 2522 432 2592 Ἀθρει
479 2521 587 2589 γάρ
620 2537 710 2589 μοι
749 2519 876 2581 τοὺς
902 2522 967 2590 τῇ
999 2517 1226 2572 κενώσει
1253 2517 1566 2589 πρέποντας
1613 2516 1828 2585 λόγους,

235 2611 332 2665 καὶ
371 2613 481 2674 τοῖς
510 2613 606 2680 τῆς
647 2609 1066 2680 ἀνθρωπότητος
1103 2609 1321 2680 μέτροις
1352 2611 1452 2662 οὐκ
1478 2609 1830 2675 ἀπεοικότας,

233 2703 313 2768 ὡς
360 2706 415 2758 ὲν
447 2703 628 2773 καιρῷ
662 2704 754 2755 καὶ
797 2701 957 2772 χρεία
995 2703 1430 2772 γεγενημένους,
1469 2704 1558 2756 ἵνα
1593 2703 1832 2774 φανῆται

237 2795 518 2864 πανταχοῦ
549 2793 670 2848 καθ’
693 2796 844 2863 ἡμᾶς
875 2793 1116 2861 γεγονὼς
1142 2795 1169 2847 6
1203 2795 1344 2864 ὑπὲρ
1376 2797 1558 2848 πᾶσαν
1587 2795 1686 2866 τὴν
1718 2796 1835 2848 κτί-

238 2903 346 2940 σιν.
373 2886 606 2953 "Ediscat
632 2883 689 2935 δὲ
727 2883 904 2954 τούτῳ
935 2885 1160 2938 κάκεῖνο
1189 2884 1252 2955 δὴ
1284 2881 1373 2938 αὖ.

312 2978 369 3030 Β.
406 2976 479 3029 Τὸ
512 2976 663 3029 ποῖόν
693 2993 744 3028 τι
777 2977 916 3046 φής;

309 3071 373 3121 Α.
423 3067 646 3137 Ἐπειδὴ
681 3066 792 3137 γὰρ
833 3067 1138 3137 γεγόναμεν
1189 3067 1486 3138 ὲπάρατοι,
1515 3068 1605 3120 διὰ
1630 3068 1732 3138 τὴν
1778 3068 1836 3124 ἐν

253 3160 425 3231 Ἀδὰμ
461 3159 800 3230 παράϐασιν,
845 3159 1217 3230 πεπτώκαμεν
1245 3159 1300 3212 δὲ
1330 3161 1421 3213 καὶ
1469 3160 1574 3213 ὑπὸ
1601 3160 1832 3215 θανάτου

1932 2066 2098 2122 pisse.

2003 2141 2066 2196 Β.
2130 2142 2388 2210 Quaenam
2426 2143 2590 2215 igitur
2637 2155 2720 2199 est
2770 2146 2824 2200 in
2879 2147 3029 2202 hisce
3063 2150 3386 2206 (Bconomia:
3441 2169 3530 2207 ra-

1935 2233 2010 2288 tio
2032 2234 2059 2288 ~?

2005 2324 2070 2382 A.
2130 2326 2355 2398 Mystica
2431 2337 2594 2396 atque
2654 2329 2977 2385 admiranda
3035 2332 3100 2387 iis
3177 2334 3265 2403 qui
3330 2335 3532 2392 Christi

1934 2418 2253 2490 mysterium
2284 2429 2430 2474 recte
2455 2421 2783 2492 intelligunt.
2811 2424 3202 2480 Animadverte
3233 2427 3379 2480 enim
3407 2444 3533 2483 vero

1935 2513 2001 2567 ba
2042 2511 2403 2568 exinanitioni
2457 2515 2869 2578 convenientia,
2914 2526 2969 2570 et
3020 2517 3087 2570 ab
3145 2517 3397 2574 humana:
3437 2538 3532 2576 ua-

1938 2614 2073 2657 tura:
2118 2606 2429 2660 conditione
2477 2622 2824 2677 nequaquam
2877 2608 3078 2675 aliena,
3131 2624 3233 2665 suo
3290 2621 3534 2682 tempore

1937 2706 2100 2765 atque
2149 2707 2454 2767 opportune
2507 2699 2714 2762 habita,
2763 2711 2819 2754 ut
2862 2701 2906 2754 is
2956 2705 3043 2770 qui
3099 2719 3260 2772 supra
3315 2724 3531 2762 numen:

1936 2801 2242 2844 creaturam
2283 2800 2386 2854 est,
2447 2792 2618 2845 nostri
2652 2808 2877 2862 prorsus
2941 2796 3139 2850 similis
3199 2797 3374 2853 lactus
3413 2817 3536 2856 esse

1937 2895 2208 2938 cernatur.
2264 2882 2643 2954 Conscquctur
2685 2896 2873 2942 autem
2912 2888 2977 2942 ad
3017 2891 3143 2953 hoc,
3181 2894 3347 2946 etiam
3382 2893 3533 2952 illud.

2011 2974 2071 3028 Β.
2123 2974 2390 3040 Quidnam
2417 2975 2440 3028 ?

2007 3069 2072 3122 Δ.
2100 3067 2233 3123 Cum
2260 3069 2402 3122 enim
2438 3068 2565 3125 facti
2621 3086 2812 3125 sumus
2861 3075 3257 3141 exsecrabiles,
3315 3089 3538 3147 propter

1941 3161 2429 3230 transgressionem
2494 3163 2646 3226 Atla),
2709 3165 3003 3219 incidimus
3063 3183 3190 3223 vero
3241 3171 3292 3222 in
3346 3173 3540 3226 multis

240 3255 449 3322 πάγην,
475 3251 999 3322 ἐγκαταλειφθέντες
1032 3251 1137 3305 ὑπὸ
1176 3252 1333 3318 Θεοῦ,
1367 3253 1547 3307 πάντα
1574 3253 1632 3307 δὲ
1669 3255 1833 3322 γέγο-

1943 3251 2188 3321 laqueos,
2231 3253 2432 3308 deserti
2469 3270 2498 3334 a
2535 3253 2664 3319 Deo,
2714 3256 2895 3308 omnia
2955 3272 3085 3312 vero
3132 3261 3272 3313 facta
3311 3271 3447 3316 sunt
3485 3265 3536 3316 in

227 3361 330 3398 -νεν
357 3347 414 3397 ὲν
440 3343 664 3414 Χριστῷ
690 3344 874 3408 καινὰ,
902 3346 996 3397 καὶ
1023 3345 1377 3414 ἀναφοίτησις
1403 3344 1514 3397 τῶν
1539 3344 1662 3398 καθ’
1688 3346 1838 3416 ἡμᾶς

238 3438 322 3500 τίς
354 3435 427 3488 ’τὸ
466 3437 524 3488 ὲν
559 3437 794 3506 ἀρχαῖς·
849 3436 1018 3506 ἐχρῆν
1068 3437 1388 3504 ἀναγκαίως
1440 3437 1532 3490 τὸν
1583 3437 1838 3506 δεύτερον

253 3528 426 3599 ’Δδὰμ
459 3529 550 3582 τὸν
573 3527 632 3594 ἐξ
660 3527 914 3598 οὐρανοῦ,
943 3528 1037 3581 τὸν
1079 3527 1301 3598 ἁπάσης
1332 3528 1612 3598 ἁμαρτίας
1650 3529 1837 3599 κρείτ-

238 3636 399 3687 τονα,
457 3620 558 3691 τὴν
610 3621 890 3688 πάναγνον
941 3618 1038 3672 καὶ
1090 3618 1364 3690 ἀὸέσηλον
1426 3621 1686 3692 ἀπαρχὴν
1740 3619 1836 3674 τοῦ

238 3715 434 3784 γένους
469 3713 752 3786 δευτέραν,
788 3711 1034 3765 τουτέστι
1077 3712 1334 3783 Χριστὸν,
1381 3712 1691 3775 ἀπαλλάξαι
1737 3714 1839 3781 τῆς

227 3809 400 3877 -δίκης
433 3807 531 3879 τὴν
578 3805 872 3877 ἀνθρώπου
908 3804 1095 3875 φύσιν,
1142 3805 1237 3859 καλ⁸
1271 3804 1500 3858 καλέσαι
1552 3805 1719 3858 πάλιν
1751 3807 1837 3859 ἐπ’

231 3902 382 3971 ἀὐτῇ
425 3900 524 3971 τὴν
550 3899 757 3954 ἄνωθεν
784 3898 882 3953 καὶ
907 3899 1061 3970 παρὰ
1084 3899 1298 3970 Πατρὸς
1329 3900 1644 3970 εὐμένειαν,
1677 3899 1838 3954 λῦσαί

239 4012 302 4047 τε
341 3994 439 4064 τὴν
470 3993 861 4064 ἐγκατάλειψιν
891 3991 979 4046 διὰ
1010 3993 1111 4063 τῆς
1140 3993 1393 4070 ὑπακοῆς
1440 3995 1536 4048 καὶ
1579 3998 1680 4067 τῆς
1723 3997 1837 4049 εἰσ-

241 4089 393 4140 άπαν
441 4085 743 4156 ὑποταγῆς.
793 4084 867 4138 Οὐ
916 4083 1028 4154 γὰρ
1075 4084 1332 4154 ἐποίησεν
1387 4085 1690 4158 ἁμαρτίαν,
1737 4104 1838 4139 πε-

241 4178 520 4249 πλούτηκε
553 4178 610 4232 δὲ
645 4178 706 4232 τὸ
733 4175 1037 4250 ἀμώμητον
1067 4179 1100 4249 ἡ
1129 4177 1420 4250 ἀνθρώπου
1457 4179 1620 4249 φύσις
1657 4182 1714 4233 ἐν
1750 4182 1839 4234 αὖ·

241 4272 343 4341 τῷ,
383 4271 478 4323 καὶ
517 4271 576 4323 τὸ
611 4269 982 4341 ἀνεπίληπτον
1013 4271 1316 4336 παντελῶς,
1344 4272 1432 4326 ἵνα
1465 4272 1693 4345 δύνηται
1730 4275 1839 4328 λοιυ

241 4361 346 4413 πὸν
372 4362 436 4414 ἐκ
462 4360 778 4431 παρρησίας
803 4361 1095 4432 ἀναϐοᾷνοι
1115 4361 1214 4415 Θεέ
1238 4381 1362 4434 μου,
1386 4363 1489 4418 Θεέ
1517 4383 1642 4437 μου,
1673 4367 1759 4420 ἵνα
1784 4368 1838 4420 τί

245 4471 317 4524 με
342 4453 704 4523 ἐγκατέλιπες
725 4471 772 4520 ;ι
794 4454 996 4508 Ἑννόει
1026 4455 1156 4524 γὰρ,
1180 4457 1262 4510 ὅτι
1283 4458 1527 4526 γεγονὼς
1549 4459 1838 4532 ἄνθρωπος

241 4548 271 4598 ὁ
304 4542 636 4614 Μονογενὴς,
660 4543 735 4606 ὡς
771 4540 853 4608 εἷς
879 4545 938 4610 ἐξ
961 4547 1141 4618 ἡμῶν,
1174 4548 1270 4602 καὶ
1299 4547 1442 4620 ὑπὲρ
1474 4549 1697 4621 ἁπάσης
1737 4550 1840 4621 τῆς

1942 3345 2159 3401 Christo
2194 3361 2328 3400 nova
2353 3346 2422 3409 ⁷⁸,
2453 3329 2508 3400 et
2564 3356 2760 3400 natura
2801 3359 2988 3401 nostra
3035 3351 3276 3419 pristinm
3319 3371 3432 3408 sum
3457 3357 3540 3410 iu-

1929 3418 2178 3505 ἶρενὶιιιιῑ
2217 3437 2463 3489 re5tituta
2489 3446 2570 3491 est
2604 3453 2620 3502 ;
2659 3439 3029 3494 necessarium
3083 3444 3308 3499 oiuniuo
3356 3447 3541 3503 fuitut

1941 3529 2210 3584 secundus
2239 3530 2409 3583 Adam
2438 3545 2502 3584 ex
2529 3531 2671 3585 caelo
2720 3532 2900 3585 omnis
2963 3537 3170 3602 peccati
3208 3552 3430 3606 expers,
3485 3551 3542 3596 et

1945 3619 2244 3686 purissinne
2276 3619 2493 3687 generis
2524 3619 2694 3673 nostri
2717 3622 2993 3689 primitiae,
3030 3625 3131 3680 hoc
3159 3637 3243 3681 est
3266 3628 3539 3694 Christus.

1944 3710 2234 3764 humanam
2293 3721 2540 3765 naturam
2572 3728 2600 3766 a
2637 3727 2797 3781 parua
2860 3714 3137 3785 liberaret,
3169 3730 3224 3774 et
3255 3723 3540 3780 cmicsteut

1942 3799 2122 3856 Patris
2159 3803 2600 3859 benevolentiam
2628 3805 2678 3860 ei
2712 3822 2903 3862 rursus
2957 3811 3276 3867 conciliaret
3315 3831 3329 3878 ;
3363 3815 3538 3870 illaru-

1943 3896 2246 3965 quenostti
2279 3897 2641 3952 desertionem
2695 3900 2958 3968 aboleret,
3013 3919 3109 3973 per
3169 3906 3540 3964 obedientiam

1945 3988 2318 4058 integramque
2346 3990 2767 4059 subiectionem.
2798 3992 2981 4065 Neque
3021 3999 3164 4051 enim
3192 3998 3325 4054 fecit
3345 4018 3544 4070 pecea-

1941 4089 2053 4134 tum
2079 4081 2148 4145 ⁷⁷,
2186 4081 2536 4152 humanaque
2565 4095 2758 4140 natura
2785 4087 2837 4141 in
2860 4088 2978 4156 ipso
3003 4088 3278 4161 inculpata
3308 4094 3543 4165 irreprc-

1943 4173 2338 4245 hensibilisque
2360 4185 2441 4232 est
2476 4175 2668 4233 cﬂ'ecta
2710 4196 2724 4233 :
2761 4189 2819 4234 ut
2869 4180 3030 4253 757
3081 4185 3252 4252 possit
3288 4186 3546 4256 deinceps

1943 4264 2114 4321 libere
2171 4265 2516 4322 exclamare:
2555 4267 2731 4325 «Deus
2761 4285 2936 4339 meus,
2994 4273 3134 4329 Deus
3161 4290 3338 4343 meus,
3375 4294 3546 4348 quare

1943 4373 2032 4413 me
2077 4359 2418 4430 dereliquisti
2466 4360 2490 4415 2
2527 4379 2546 4413 ι
2577 4363 2971 4421 Animadverte
3010 4367 3178 4436 enim,
3217 4370 3365 4440 quod
3417 4387 3544 4429 cunt

1945 4451 2269 4524 Unigenitus
2312 4451 2488 4509 factus
2525 4463 2612 4511 est
2647 4455 2832 4527 homo,
2882 4459 3026 4515 sicut
3070 4475 3211 4515 unus
3255 4475 3322 4517 ex
3364 4465 3546 4531 nobis,

1944 4561 2043 4616 pro
2114 4547 2365 4602 universa
2431 4550 2599 4604 etiam
2664 4559 2861 4606 natura
2945 4553 3187 4610 humana
3276 4555 3541 4627 ejusmodi

187 4714 194 4719 _
243 4633 462 4705 φύσεως
493 4635 590 4700 τὰς
614 4635 873 4701 τοιαύτας
899 4639 1050 4708 ἠφίει
1081 4639 1286 4709 φωνὰς,
1319 4643 1607 4715 μονονουχὶ
1640 4644 1832 4712 λέγων·

1947 4652 2109 4692 voces
2185 4639 2409 4706 emisit,
2478 4641 2638 4711 quasi
2718 4643 2910 4700 dicens
2966 4645 3289 4704 :Peccavit
3337 4650 3548 4720 primus

243 4726 727 4798 Πεπλημμέληκεν
750 4730 780 4782 6
805 4729 1022 4801 πρῶτος
1049 4729 1359 4802 ἄνθρωπος,
1386 4734 1732 4806 παρώλισθεν
1763 4739 1843 4801 εἰς

247 4819 558 4892 παρακοὴν,
605 4821 958 4893 κατημέλησι
999 4825 1099 4897 τῆς
1139 4823 1389 4896 δοθείσης
1431 4829 1682 4899 ἐντολῆς,
1731 4834 1842 4896 τοῖς

245 4909 343 4964 τοῦ
368 4910 664 4982 δράκοντος
700 4916 1059 4984 φενακισμοῖς
1089 4916 1171 4980 εἰς
1200 4916 1264 4970 τὸ
1305 4917 1517 4990 ἑξήνιον
1554 4923 1829 4994 συνηρπά-

248 5003 407 5067 ζιτο·
431 5001 716 5076 ταύτῃτοι,
758 5008 852 5060 καὶ
898 5005 1044 5075 μάλα
1083 5008 1330 5073 εἰκότως,
1369 5010 1736 5082 ὑπενήνεκται
1774 5017 1842 5087 τῇ

248 5094 458 5166 φθορᾷ,
505 5095 599 5150 καὶ
626 5097 851 5166 γέγονεν
891 5097 997 5153 ὑπὸ
1046 5099 1240 5170 δίκην·
1291 5101 1408 5155 ἀλλ’
1438 5104 1543 5175 ἐμὲ
1585 5105 1845 5178 δευτέραν

243 5187 554 5258 ιφύτευσας
606 5189 782 5262 ἀρχὴν
828 5193 941 5256 τοῖς
997 5191 1094 5246 ἐπὶ
1145 5193 1403 5267 τῆςγῆς,
1455 5199 1844 5270 κεχρημάτικα

243 5277 499 5348 δεύτερος
525 5279 717 5351 Ἀδάμ.
745 5281 835 5334 Ἐν
863 5281 990 5352 ἐμοὶ
1016 5281 1442 5354 κεκαθαρμένην
1455 5286 1591 5356 ὁρᾷς
1619 5287 1720 5356 τὴν
1747 5289 1839 5341 ἀν-

246 5370 468 5441 θρώπου
491 5371 674 5440 φύσιν,
707 5373 1138 5446 κατορθώσασαν
1160 5374 1221 5428 τὺ
1250 5376 1634 5448 ἀπλημμελὲς,
1671 5380 1837 5449 άγίαν

245 5463 344 5517 καὶ
369 5464 666 5532 πάναγνον.
693 5466 847 5520 Δίδου
878 5466 1064 5520 λοιπὸν
1084 5467 1156 5522 τὰ
1180 5467 1239 5534 ἐξ
1265 5469 1605 5541 ἡμερότητος
1631 5472 1836 5541 ἀγαθὰ,

243 5553 341 5610 λύε
384 5555 484 5626 τὴν
529 5557 940 5632 ἐγκατάλιιψιν,
993 5561 1321 5633 ἐπιτίμησον
1363 5566 1428 5635 τῇ
1481 5564 1690 5636 φθορᾷ,
1747 5571 1842 5620 καί

247 5645 422 5717 πέρας
459 5646 632 5717 ἐχέτω
658 5649 730 5704 τὰ
763 5647 824 5714 ιε
863 5651 1050 5723 ὀργῆς.
1098 5651 1382 5724 Νενίκηκα
1413 5655 1523 5728 γὰρ
1554 5657 1716 5710 αὑτὸν
1748 5660 1842 5712 τὸν

247 5736 424 5804 πάλαι,
448 5737 801 5809 κρατήσαντα
847 5739 1109 5795 Σατανᾶν.
1155 5737 1296 5812 Εὗρε
1335 5747 1443 5814 γάρ
1478 5746 1536 5797 ἐν
1574 5746 1698 5817 ἑμοὶ
1733 5748 1843 5802 τῶν

318 5913 365 5944 ’³
395 5911 587 5970 Matth.
617 5929 730 5975 tm.
771 5915 862 5974 ‘22.
893 5915 983 5970 25.
1058 5919 1102 5947 "
1141 5916 1179 5973 ll
1211 5919 1334 5977 Cor.
1371 5938 1424 5982 ν.
1466 5922 1546 5978 l7.

1626 5923 1669 5951 ’⁸⁷
1695 5923 1796 5980 lsa.
1825 5943 1949 5985 un.
1987 5927 2048 5984 9.
2079 5927 2098 5983 Ι
2132 5929 2276 5987 Petr.
2316 5949 2376 5993 ll.
2408 5937 2499 5989 12.

1949 4731 2135 4797 homo,
2199 4731 2384 4802 lapsus
2447 4732 2501 4787 in
2545 4733 2973 4792 inobedieutiam
3009 4739 3292 4810 ;neglex‘.t
3343 4757 3546 4811 prece.-

1945 4831 2094 4892 ptum
2135 4824 2278 4893 quod
2302 4823 2350 4878 ei
2399 4825 2584 4880 datum
2638 4835 2781 4892 erat,
2831 4838 2887 4883 et
2935 4829 3188 4888 draconis
3246 4833 3546 4904 impostura

1946 4918 2014 4972 ad
2062 4917 2488 4974 inobedientiam
2536 4910 2723 4989 raptus
2774 4931 2879 4976 est.
2934 4920 3165 4990 Idcireo,
3215 4935 3272 4981 et
3324 4929 3545 4997 quidem

1947 5009 2162 5076 merito,
2224 5011 2560 5080 corruptioni
2597 5021 2653 5066 et
2695 5027 2873 5081 prima:
2897 5014 3168 5071 obnoxius
3215 5018 3392 5074 factus
3437 5031 3541 5076 est.

1946 5100 2050 5155 Se:I
2123 5116 2213 5157 me
2270 5104 2596 5159 mortalibus
2641 5108 2944 5161 secundum
3000 5108 3334 5182 prineipium
3380 5125 3546 5184 atque

1948 5203 2230 5248 auct-orem
2289 5197 2643 5263 constituisti,
2701 5210 2756 5253 et
2819 5210 3044 5257 vocatus
3095 5218 3215 5257 sum
3269 5208 3546 5262 secundus

1949 5285 2122 5339 Adam
2154 5285 2220 5339 ".
2261 5286 2322 5341 in
2376 5303 2464 5344 me
2512 5289 2830 5346 mundatam
2887 5293 3042 5348 vides
3099 5294 3392 5350 humanam
3449 5313 3546 5352 na-

1948 5387 2161 5446 turam,
2211 5391 2379 5452 atque
2452 5383 2750 5454 integritati
2803 5389 3113 5443 restitutam
3164 5402 3414 5447 sanctam
3482 5410 3549 5451 ac

1948 5487 2162 5542 puram.
2190 5474 2415 5548 Largiro
2461 5478 2534 5533 illi
2561 5479 2820 5552 deinceps
2845 5483 3212 5554 benignitatis
3236 5497 3340 5542 tua:
3384 5489 3546 5557 bona,

1951 5567 2335 5624 alienationem
2364 5571 2463 5625 abs
2495 5581 2545 5626 te
2579 5573 2758 5638 abolc.
2793 5575 3076 5633 interitum
3108 5579 3278 5641 solve.
3308 5591 3361 5635 et
3387 5581 3548 5638 tinent

1955 5660 2152 5717 habeat
2178 5673 2266 5717 tua
2303 5667 2405 5720 ira.
2445 5664 2562 5721 Vici
2613 5668 2762 5722 enim
2819 5671 3080 5728 Satanam
3125 5677 3215 5743 qui
3256 5677 3367 5741 jam
3415 5678 3549 5730 olim

1957 5752 2243 5824 imperium
2309 5757 2645 5814 obtinuerat.
2680 5758 2825 5816 Nihil
2880 5766 3026 5819 enim
3087 5782 3312 5836 prorsus
3369 5769 3420 5822 in
3467 5786 3552 5826 me

2583 5939 2627 5970 "
2654 5939 2672 5994 ι
2703 5941 2826 6001 Cor.
2864 5959 2951 6001 κν.
2985 5945 3070 6000 t5.
