3926 6502
204 498 343 557 ιδῖθ

1341 497 1533 559 QUOD
1575 496 1764 551 UNUS
1800 496 1909 551 SIT
1947 496 2311 555 CHRISTUS.

3368 499 3503 555 1330

203 614 304 684 τῆς
337 614 432 667 τοῦ
468 613 775 674 Ψάλλοντος
812 611 1015 681 φωνῆς’
1051 610 1475 683 «Διεμερίσαντο
1496 610 1565 665 τά
1599 611 1795 683 ἱμάτιά

1926 616 2114 673 ηἰειιει
2160 635 2178 669 ι
2220 616 2533 673 Diviserunt
2573 616 2672 672 sibi
2728 622 3047 672 vestimenta
3080 629 3220 682 mea,
3252 626 3309 670 et
3344 632 3505 682 super

204 720 312 775 μου
336 704 569 766 ἑαυτοῖς,
598 703 689 755 καὶ
717 702 811 754 ἐπὶ
838 701 928 754 τὸν
966 700 1265 771 ἱματισμόν
1300 717 1403 770 μου
1448 700 1641 755 ἐδαλον
1674 701 1807 770 κλῆ-

203 812 321 869 ρον.
337 815 355 849 ι
372 797 482 850 Kal.
502 794 663 847 πάλιν
681 810 690 819 ·
705 812 723 844 ι
740 792 945 855 Πάντες
967 793 1015 844 oi
1035 790 1371 861 θεωροῦντες
1398 808 1485 861 με,
1506 791 1807 862 ἐξεμυκτήο

202 890 370 962 ρισάν
394 904 483 959 με,
516 885 785 953 ἐλάλησαν
812 886 868 936 ὲν
907 883 1166 954 χείλεσιν,
1197 881 1457 952 ἐκίνησαν
1489 882 1752 953 κεφαλήν.
1783 899 1800 931 ι

280 983 340 1035 Β.
383 978 591 1034 Οὐκοῦν
624 977 727 1031 κᾶν
759 979 806 1029 εί
836 976 983 1043 λέγει
1014 975 1198 1045 τυχὸν,
1234 994 1252 1026 ι
1294 974 1351 1027 ὐ
1386 976 1652 1045 ἑωρακὼς
1678 974 1804 1044 ἐμὲ,

205 1074 423 1144 ἐώρακε
466 1070 555 1124 τὸν
587 1069 825 1140 Πατέρα·
846 1066 986 1135 Ἐγὼ
1030 1067 1122 1119 καὶ
1168 1067 1195 1119 6
1226 1065 1437 1135 Πατὴρ,
1465 1066 1526 1118 ἐν
1558 1066 1743 1135 ἐσμεν’
1781 1080 1801 1117 ι

205 1161 330 1219 εἶτα
364 1164 499 1235 πρὸς
543 1162 852 1221 Ἰουδαίους,
888 1178 905 1211 ι
931 1159 995 1212 Τί
1023 1177 1088 1229 με
1122 1158 1336 1228 ζητεῖτε
1364 1160 1687 1211 ἀποκτεῖναι
1715 1158 1807 1211 ἄν-

206 1259 449 1329 θρωπον,
481 1257 537 1319 ὃς
562 1256 662 1325 τὴν
692 1253 953 1323 ἀλήθειαν
988 1252 1121 1321 ύμῖν
1154 1251 1451 1321 λελάληκα,
1483 1253 1549 1321 ἢν
1596 1252 1806 1321 ἤκουσα

208 1349 362 1419 παρά
392 1350 485 1401 τοῦ
515 1346 651 1400 Θεοῦ
678 1364 692 1410 ;
723 1365 739 1396 ι
778 1345 897 1407 ἐνὸς
924 1338 1062 1397 εἶναι
1082 1342 1327 1414 δώσομεν
1359 1343 1454 1397 καὶ
1482 1342 1575 1395 τοῦ
1620 1341 1803 1405 αὑτοῦ,

203 1442 414 1502 ταύτας
440 1457 499 1491 τε
532 1436 797 1497 κάκείνας
823 1434 922 1499 τὰς
951 1435 1171 1504 φωνάς;

284 1535 345 1586 Λ.
384 1534 528 1586 Πάνυ
557 1532 655 1602 μέν
687 1526 802 1594 οὖν,
834 1528 1169 1599 μεμέρισται
1200 1527 1310 1596 γὰρ
1333 1526 1587 1598 οὐδαμῶς
1620 1528 1648 1581 6
1676 1527 1807 1597 Χρι-

207 1627 356 1689 στὸς,
381 1620 459 1688 εἷς
486 1624 542 1677 δὲ
573 1624 670 1676 καὶ
701 1624 863 1692 μόνος
894 1622 989 1675 καὶ
1021 1620 1271 1691 ἀληθινὸς
1313 1621 1437 1683 Υἱὸς
1471 1620 1608 1691 πρὸς
1640 1620 1809 1672 ἀπάν-

204 1737 322 1773 των
354 1713 493 1772 εἶναι
532 1715 850 1769 πιστεύεται
885 1715 993 1768 τῶν
1029 1712 1482 1785 προσκυνούντων
1517 1711 1697 1765 αὐτόν.
1744 1712 1806 1763 'H

205 1812 320 1881 γάρ
355 1807 518 1862 εἰκὼν
558 1807 654 1861 τοῦ
712 1809 947 1877 ἀοράτου
982 1806 1151 1871 Θεοῦ,
1201 1805 1260 1859 τὸ
1308 1804 1655 1874 ἀπαύγασμα
1706 1804 1808 1874 τῆς

204 1902 368 1973 δόξης
403 1903 503 1971 τῆς
554 1899 910 1963 ὑποστάσεως
946 1898 1041 1952 τοῦ
1092 1898 1308 1969 Πατρὺς
1336 1936 1350 1961 ,
1405 1899 1433 1950 6
1470 1897 1570 1967 τῆς
1616 1895 1808 1959 οὐσίας

206 1966 377 2051 αὑτοῦ
412 1966 724 2064 χαρακτὴρ,
759 1992 919 2045 ἔλαϐε
955 1990 1143 2044 δούλου
1178 1966 1414 2062 μορφὴν,
1448 1966 1549 2060 οὐχ
1593 1990 1669 2052 ὡς
1710 1988 1808 2043 άν-
1840 1966 1882 2022 Β

207 2090 430 2160 Θρωπον
478 2085 655 2155 ἐαυτῷ
706 2084 986 2153 συνάψας,
1017 2083 1161 2138 καθά
1214 2099 1402 2153 φασιν,
1450 2085 1506 2135 ἐν
1561 2083 1699 2152 αὐτῇ
1751 2080 1808 2133 δὲ

210 2182 417 2253 μᾶλλον
442 2180 605 2243 αὐτὸς
653 2178 915 2247 γεγονὼς,
954 2177 1281 2249 μεμενηκὼς
1312 2177 1369 2231 δέ
1401 2177 1496 2229 καὶ
1548 2174 1721 2238 οὕτως
1751 2176 1808 2229 ἐν

205 2272 473 2343 ὁμοιώσει
508 2276 572 2342 τῇ
611 2272 752 2342 πρὸς
780 2271 916 2324 Θεὸν
948 2271 1042 2325 καὶ
1065 2271 1307 2340 Πατέρα.
1340 2271 1593 2341 Γέγραφε
1622 2268 1753 2337 γοῦν
1782 2270 1809 2320 6

211 2367 487 2435 πάνσοφος
520 2364 752 2428 Παῦλος,
783 2365 865 2417 ὅτι
915 2382 932 2413 ι
973 2362 1029 2415 ’0
1057 2362 1211 2427 Θεὸς,
1238 2365 1265 2415 ό
1296 2361 1465 2415 εἰπὼν
1490 2365 1553 2415 ἐκ
1586 2362 1810 2424 σκότους

208 2458 329 2526 qui);
359 2456 596 2526 λάμψαι,
619 2456 681 2519 6;
707 2455 950 2525 ἔλαμψεν
982 2457 1037 2507 ἐν
1064 2457 1184 2516 ταῖς
1212 2453 1461 2524 καρδίαις
1492 2452 1650 2522 ⁴ἡμῶν
1676 2453 1811 2524 πρὸς

210 2550 497 2619 φωτισμὸν
536 2548 637 2617 τῆς
674 2546 930 2617 γνώσεως
978 2548 1075 2616 τῆς
1106 2545 1268 2617 δόξης
1314 2545 1480 2599 αὐτοῦ
1506 2585 1519 2608 ,
1555 2547 1611 2597 ἐν
1645 2559 1811 2613 προσ-

208 2644 349 2713 ώπῳ
383 2639 620 2712 Χριστοῦ
676 2637 918 2709 Ἰησοῦ.»
965 2638 1159 2707 Ἀθρει
1194 2637 1305 2708 γάρ
1358 2637 1507 2700 ὅπως
1544 2637 1602 2689 ἐν
1637 2652 1809 2705 προσ-

208 2735 349 2805 (iam?
382 2730 622 2802 Χριστοῦ
654 2732 753 2801 τῆς
789 2730 941 2793 θείας
968 2746 1028 2782 τε
1057 2729 1150 2782 καί
1184 2730 1502 2800 ἀπορρήτου
1532 2728 1687 2799 δόξης
1717 2728 1811 2781 τοῦ

210 2824 353 2880 Θεοῦ
384 2826 477 2877 καὶ
523 2823 740 2894 ιῐατρδς
785 2824 813 2875 6
855 2821 1136 2892 φωτισμὸς
1174 2820 1516 2891 ἀναλάμπει.
1559 2820 1813 2874 Δείκνυσι

210 2918 325 2989 γάρ
357 2920 415 2970 ἐν
441 2916 591 2987 αὐτῷ
623 2916 722 2986 τὴν
754 2915 848 2968 τοῦ
880 2916 1097 2985 Πατρὸς
1144 2914 1324 2979 δόξαν,
1358 2915 1537 2968 καίτοι
1574 2913 1813 2982 γεγονὼς

211 3011 499 3079 ἄνθρωπος
532 3012 560 3061 6
598 3008 951 3077 -Μονογενὴς,
983 3006 1162 3069 Μόνος
1193 3005 1303 3076 γὰρ
1343 3000 1532 3070 οὗτος,
1574 3005 1669 3059 καὶ
1715 3004 1813 3074 οὐχ

212 3103 403 3168 lupa;
437 3100 674 3172 Χριστὸς
710 3102 915 3154 νοεῖται
949 3099 1045 3152 καὶ
1082 3098 1438 3169 ὀνομάζεται,
1474 3099 1645 3169 ἦγουν
1672 3097 1816 3150 διδα-

217 3195 458 3249 σκόντων
484 3196 633 3263 ἡμᾶς
660 3195 709 3247 oi
734 3193 1059 3256 διεναντίας,
1092 3191 1217 3244 τίνα
1255 3190 1457 3261 τρόπον
1488 3190 1699 3243 κατίδοι
1730 3206 1815 3250 τις

216 3287 286 3342 ἂν
315 3287 389 3350 ὡς
429 3288 486 3340 ἐν
526 3285 802 3357 ἀνθρώπῳ
847 3284 1013 3355 κοινῷ
1052 3285 1150 3353 τῆς
1190 3283 1341 3345 Θείας
1391 3282 1549 3351 δόξης
1572 3281 1661 3335 τὸν
1701 3299 1814 3351 φω·
1845 3328 1889 3383 u

214 3378 431 3448 τισμὸν,
464 3379 633 3446 ἦγουν
663 3380 765 3449 τὴν
798 3378 1130 3443 ἐπίγνωσιν;
1168 3376 1243 3429 Ού
1280 3376 1391 3445 γάρ
1434 3378 1490 3427 ἐν
1523 3372 1817 3444 ἀνθρώπου

222 3472 405 3539 μορφῇ
452 3468 582 3521 Θεὸν
634 3466 902 3535 ὀψόμεθα,
936 3465 1078 3537 πλὴν
1120 3466 1177 3517 ἐν
1204 3464 1352 3535 μόνῳ
1404 3463 1481 3534 τῷ
1521 3462 1644 3516 καθ’
1671 3465 1819 3533 ἡμᾶς

219 3564 469 3629 γεγονότι
502 3562 598 3613 καὶ
643 3560 1129 3631 ἐνανθρωπησαντι
1173 3557 1351 3626 Λόγῳ,
1392 3555 1727 3627 μεμενηκότι
1764 3555 1821 3609 δέ

221 3655 317 3705 καὶ
358 3652 499 3705 οὕτω
528 3652 773 3720 φύσειτε
823 3651 918 3703 καὶ
962 3648 1181 3721 ἀληθῶς
1227 3646 1361 3719 Υίῴ,
1404 3646 1729 3719 παραδόξως
1752 3640 1821 3715 ἦν

222 3746 319 3797 καὶ
350 3744 509 3797 τοῦτο
540 3745 696 3807 ἰδεῖν,
732 3742 867 3797 καθὸ
911 3744 1117 3795 νοεῖται
1151 3740 1305 3803 Θεός.
1345 3740 1456 3792 Καὶ
1482 3736 1613 3805 γοῦν
1653 3739 1681 3790 ό
1709 3736 1821 3789 τῶν

222 3836 391 3890 αὑτοῦ
425 3836 741 3905 μυστηρίων
772 3834 998 3904 ταμίας,
1028 3830 1266 3904 Χριστὸν
1304 3829 1513 3901 Ἰησοῦν
1546 3829 1823 3899 ὀνομάσας

223 3924 409 3991 αὐτὸν,
465 3926 541 3989 ὡς
594 3924 717 3977 καθ’
746 3925 891 3995 ἡμᾶς
940 3924 1203 3991 γεγονότα
1240 3922 1333 3975 καὶ⁵
1371 3920 1820 3993 σεσαρκωμένον,

224 4010 369 4069 οἶδεν
412 4014 540 4067 ὄντα
585 4013 727 4083 μετά
753 4013 848 4066 τοῦ
905 4012 1066 4082 φύσει
1124 4029 1184 4065 τε
1242 4013 1335 4065 καὶ
1376 4011 1606 4082 ἀληθείᾳ
1646 4010 1819 4064 Θεόν·

227 4106 433 4178 γράφει
464 4106 573 4177 γάρ
608 4105 726 4158 ὡδί·
778 4126 795 4157 ι
840 4105 1261 4177 Τολμηρότερον
1314 4104 1372 4157 δὲ
1418 4103 1635 4175 ἔγραψα
1696 4104 1825 4175 ὑμῖν

229 4199 342 4253 ἀπὸ
374 4199 595 4270 μέρους,
620 4198 695 4259 ὼς
723 4198 1235 4268 ἐπαναμιμνήσκων
1265 4196 1409 4266 ὑμᾶς
1437 4195 1525 4248 διὰ
1546 4195 1643 4265 τὴν
1666 4195 1827 4266 χάριν

230 4290 328 4361 τὴν
352 4289 602 4342 δοθεῖσάν
637 4307 727 4359 μοι
754 4289 862 4342 ὑπὸ
889 4286 986 4341 τοῦ
1008 4286 1165 4353 Θεοῦ,
1207 4288 1287 4349 είς
1317 4288 1378 4339 τδ
1404 4280 1545 4338 εἷναί
1580 4304 1647 4355 με
1710 4286 1825 4337 λει-

231 4384 463 4456 τουργὸν
496 4382 734 4453 Χριστοῦ
770 4381 947 4453 Ἰησοῦ
980 4383 1059 4445 εἰς
1094 4382 1162 4434 τά
1187 4378 1735 4451 ἐθνη,ίερουργοῦντα
1767 4379 1827 4433 τὺ

233 4475 568 4544 Εὐαγγέλιον
592 4474 684 4529 τοῦ
716 4475 874 4529 Θεοῦ.
912 4492 929 4524 ι
965 4471 1309 4544 Προφητεύει
1335 4472 1391 4525 δὲ
1422 4474 1516 4526 καὶ
1549 4472 1827 4543 Ζαχαρίας

232 4570 311 4640 τῷ
349 4570 537 4639 οἰκείῳ
569 4569 739 4628 παιδὶ,
775 4568 921 4638 φημι
952 4567 1038 4636 δὴ,
1081 4565 1160 4637 τῷ
1191 4566 1495 4636 Βαπτιστῇο
1542 4585 1559 4617 ι
1600 4567 1709 4620 Καὶ
1736 4567 1825 4631 σὺ,

1911 718 2114 763 vestem
2168 722 2357 763 meam
2408 708 2673 763 miserunt
2715 718 2919 762 sortem
2948 706 3015 763 ⁸³.
3051 724 3071 757 ι
3134 705 3202 760 Ει
3234 722 3453 761 rursum
3488 726 3502 761 :

1914 818 1933 851 ι
1967 800 2170 856 Omnes
2218 800 2463 855 videntes
2487 814 2571 853 me
2621 799 2933 854 deriserunt
2988 813 3076 854 me
3115 813 3135 865 ;
3192 797 3501 853 locutisunt

1910 890 2088 953 labiis.
2113 901 2167 944 et
2196 900 2480 947 moverunt
2504 900 2667 962 caput
2694 890 2764 945 “.
2802 908 2821 941 ι

1979 984 2041 1041 Β.
2071 983 2213 1053 Ergo
2242 984 2455 1040 etiamsi
2488 983 2632 1039 dicat
2666 1003 2677 1039 :
2718 1002 2736 1036 ι
2776 982 2877 1050 Qui
2937 981 3073 1037 vidit
3124 997 3232 1047 me,
3288 984 3414 1039 vidit
3452 994 3503 1035 rt

1909 1076 2126 1132 Patrem
2156 1076 2238 1130 ":
2287 1091 2386 1145 ego
2442 1084 2497 1131 et
2542 1076 2706 1130 Pater
2763 1090 2931 1129 unum
2986 1089 3174 1131 sumus
3203 1076 3249 1107 "
3278 1093 3293 1143 ;
3326 1093 3346 1128 ι
3370 1091 3505 1145 prae-

1912 1178 2059 1224 terea
2115 1169 2179 1221 ad
2214 1167 2467 1222 Inda-os:
2500 1187 2518 1221 ι
2555 1169 2692 1234 Quid
2744 1183 2829 1223 me
2878 1167 3121 1238 quarrilis
3175 1168 3507 1229 interﬁcere,

1912 1262 2184 1315 hominem
2226 1260 2316 1328 qui
2359 1261 2642 1315 veritatem
2677 1260 2891 1314 locutus
2940 1275 3058 1314 sum
3112 1260 3286 1326 vobis,
3342 1275 3508 1329 quam

1910 1352 2143 1405 andivia
2186 1352 2294 1405 Deo
2326 1350 2370 1381 ⁸⁷
2404 1352 2426 1405 ?
2464 1370 2481 1403 ι
2538 1350 2699 1406 unius
2757 1362 2919 1422 atque
2969 1351 3211 1422 ejusdem
3265 1354 3508 1407 dicemus

1909 1459 2033 1500 esse
2061 1446 2160 1499 has
2190 1459 2351 1498 voces
2373 1453 2429 1498 et
2457 1443 2619 1497 illas?

1982 1535 2047 1588 A.
2082 1534 2356 1589 Omnino:
2392 1532 2539 1587 nulla
2582 1535 2727 1588 enim
2762 1534 2975 1589 ratione
3009 1534 3215 1589 divisus
3246 1544 3329 1589 est
3352 1533 3508 1587 Chri-

1911 1636 2026 1682 stus
2058 1625 2126 1681 ⁸⁸.
2180 1625 2331 1681 Unus
2370 1640 2500 1681 vero
2546 1640 2609 1681 ac
2654 1627 2803 1681 solus
2862 1636 2915 1681 et
2974 1642 3136 1682 verus
3178 1627 3346 1680 Filius
3392 1641 3511 1680 esse

1910 1717 2151 1772 creditur
2207 1717 2274 1773 ab
2338 1719 2589 1773 omnibus
2641 1721 2733 1788 qui
2798 1720 2972 1789 ipsum
3028 1720 3279 1774 adorant.
3330 1719 3513 1788 Imago

1910 1811 2054 1864 cnim
2107 1810 2396 1867 invisibilis
2445 1811 2563 1877 Dei,
2644 1812 2903 1882 splendor
2956 1812 3141 1883 gloriic
3191 1812 3513 1867 substantiae

1912 1902 2092 1957 Patris
2120 1902 2188 1968 ”,
2219 1904 2581 1973 essentiacque
2635 1904 2805 1973 ipsius
2846 1905 3149 1964 character.
3205 1904 3345 1959 servi
3402 1904 3513 1957 for-

1918 2012 2058 2052 mam
2094 1996 2304 2065 accepit
2336 1996 2382 2027 ”
2411 2014 2423 2049 :
2464 2010 2569 2049 non
2606 2007 2665 2049 ut
2707 1996 2984 2051 hominem
3018 1995 3119 2050 sibi
3153 1995 3508 2064 coniungens,

1917 2088 2369 2157 quemadmodum
2410 2088 2497 2143 isti
2539 2088 2752 2152 volunt,
2806 2089 2900 2143 sed
2928 2087 2978 2142 in
3036 2088 3121 2141 illa
3174 2088 3368 2155 potius
3400 2087 3514 2155 ipse

1918 2180 2094 2235 factus
2132 2199 2147 2247 ;
2181 2180 2593 2236 similitudinem
2654 2181 2874 2237 interim
2922 2195 3044 2235 cum
3095 2179 3260 2234 Patre
3319 2180 3514 2234 nihilo-

1918 2274 2099 2329 minus
2128 2274 2388 2328 retinens.
2417 2271 2582 2344 759
2614 2271 2844 2343 Scripsit
2877 2271 3060 2341 itaque
3076 2272 3513 2343 sapientissimus

1921 2367 2139 2432 Paulus,
2221 2366 2477 2436 quoniam
2536 2386 2555 2419 ι
2616 2366 2760 2421 Deus
2825 2363 2917 2433 qui
2971 2364 3106 2418 dixit
3156 2363 3228 2418 de
3277 2362 3517 2417 tenebris

1921 2459 2097 2515 iurem
2126 2458 2533 2529 splendescere,
2572 2456 2688 2527 ipse
2713 2457 2891 2511 illuxit
2923 2457 2975 2509 in
3008 2456 3266 2510 cordibus
3312 2454 3517 2507 nostris

1920 2553 1988 2607 ad
2015 2552 2469 2607 illuminationem
2528 2551 2775 2606 scientiae
2806 2548 3080 2605 claritatis
3129 2548 3220 2602 Dei
3278 2546 3331 2600 in
3381 2545 3520 2599 facit:

1921 2643 2122 2718 Christi
2162 2640 2287 2698 Jesu
2328 2644 2396 2697 ".
2446 2660 2464 2694 ι
2498 2639 2635 2696 Vide
2660 2641 2827 2706 enim,
2858 2654 2967 2710 quo
2998 2647 3156 2706 pacto
3191 2636 3241 2691 in
3286 2652 3520 2706 persona

1921 2734 2125 2790 Christi
2158 2733 2397 2788 divinum
2424 2742 2589 2803 atque
2612 2730 2884 2787 ineffabile
2910 2730 3096 2801 gloria:
3121 2726 3213 2783 Dei
3250 2742 3313 2782 ac
3337 2725 3518 2780 Patris

1924 2826 2102 2879 lumen
2151 2824 2513 2893 resplendeat.
2544 2822 2797 2878 Ostendit
2829 2823 2973 2878 enim
3018 2821 3068 2874 in
3093 2821 3276 2887 seipso
3317 2820 3519 2887 L’nigcc

1923 2920 2068 2972 nitus
2099 2916 2277 2971 Patris
2308 2916 2559 2986 gloriam,
2584 2916 2797 2972 tametsi
2835 2914 3021 2969 {uetus
3041 2913 3113 2967 sit
3152 2913 3333 2966 homo.
3359 2911 3519 2965 Solus

1926 3026 2159 3077 namque
2188 3010 2297 3076 hic,
2324 3020 2377 3063 et
2404 3025 2508 3062 non
2543 3009 2681 3063 alius
2703 3008 2953 3063 Christus
2992 3016 3247 3061 censetur
3270 3013 3326 3057 et
3359 3019 3519 3056 toi-a-

1927 3113 2032 3157 tur.
2094 3103 2204 3157 Aut
2244 3102 2448 3171 alioqui
2482 3103 2716 3156 doceant
2745 3098 3047 3154 adversarii
3080 3094 3352 3167 quomodo
3402 3094 3524 3162 quia

1925 3194 1978 3248 in
2032 3195 2239 3265 vulgari
2308 3195 2491 3263 aliquo
2556 3195 2777 3248 homine
2821 3205 3049 3248 cernere
3105 3190 3277 3259 possit
3328 3189 3523 3242 divinat:

1925 3287 2111 3356 gloriae
2149 3286 2351 3348 lumen,
2381 3288 2497 3341 sive
2543 3286 2790 3340 notitiam
2828 3285 2851 3337 ἲ
2892 3283 3077 3352 Neque
3128 3282 3272 3336 enim
3326 3282 3378 3334 in
3425 3282 3521 3334 hu-

1924 3379 2088 3433 minis
2120 3378 2289 3433 {urina
2327 3380 2493 3434 Deum
2531 3392 2841 3442 cernemus,
2881 3388 3243 3446 prmierqnam
3300 3375 3352 3427 in
3408 3373 3526 3427 solo

1928 3469 2106 3524 Verbo
2139 3470 2308 3525 nostri
2342 3470 2506 3524 simili
2560 3469 2724 3536 facto,
2786 3478 2952 3538 atque
3006 3468 3291 3520 inearnato
3330 3480 3345 3528 ;
3385 3464 3529 3530 quod

1926 3574 2109 3619 tamen
2158 3564 2321 3617 etiam
2387 3559 2488 3617 hoc
2537 3571 2696 3633 pacto
2745 3560 3046 3631 permansit
3092 3560 3419 3614 naturaliter
3462 3575 3528 3613 ac

1924 3670 2053 3710 vere
2086 3651 2278 3719 Filius,
2306 3654 2703 3710 admirabiliter
2746 3654 2797 3707 id
2838 3654 3039 3705 factum
3087 3652 3355 3714 videmus,
3393 3667 3528 3720 quae

1928 3756 2085 3803 tenus
2113 3756 2195 3800 est
2228 3744 2391 3799 Deus.
2414 3743 2619 3799 Idcirco
2646 3755 2702 3799 et
2751 3743 2973 3809 Paulus,
3036 3743 3311 3798 Christum
3340 3738 3529 3793 Jesum

1926 3839 2103 3908 ipsum
2161 3838 2473 3903 nominans,
2540 3846 2601 3891 ut
2643 3840 2813 3892 nostri
2864 3837 3097 3892 similem
3130 3835 3329 3889 factum
3366 3843 3533 3901 atque

1928 3932 2296 3995 inearnatum,
2355 3931 2559 3999 Optime
2619 3929 2886 3985 intellexit
2931 3930 3106 4000 ipsum
3188 3926 3350 3982 simul
3408 3939 3533 3979 esse

1929 4024 2252 4080 naturaliter
2281 4037 2345 4077 ac
2398 4037 2527 4077 vere
2556 4020 2745 4077 Deum.
2790 4022 2865 4076 ita
2915 4022 3058 4077 enim
3090 4020 3316 4076 scribit:
3357 4037 3375 4071 ι
3418 4018 3529 4071 An-

1928 4118 2118 4171 dacius
2179 4125 2358 4169 autem
2415 4115 2609 4184 scripsi
2654 4114 2809 4169 vobis
2852 4130 2915 4170 ex
2971 4124 3143 4181 parte.
3180 4123 3438 4182 tanquam
3474 4113 3531 4165 in

1930 4208 2252 4264 memoriam
2289 4222 2389 4263 vos
2410 4208 2698 4273 reducens,
2728 4218 2951 4279 propter
2978 4207 3209 4278 gratiam
3242 4220 3363 4275 qu'e
3396 4204 3533 4257 mihi

1930 4301 2053 4355 data
2084 4309 2227 4355 esta
2272 4299 2424 4353 Deo:
2472 4308 2531 4352 ut
2582 4299 2686 4354 sim
2741 4299 2990 4355 minister
3041 4296 3243 4353 Christi
3286 4294 3413 4351 Jesn
3477 4295 3529 4348 in

1930 4393 2184 4464 gentibus
2219 4410 2234 4459 ;
2286 4391 2636 4447 sanctiﬁcans
2678 4390 3033 4460 Evangelium
3070 4389 3165 4445 Dei
3196 4391 3262 4444 ".
3300 4408 3318 4443 ι
3354 4388 3532 4456 Quin-
3583 4397 3590 4404 '

1931 4485 2093 4538 etiam
2115 4481 2412 4538 Zacharias
2432 4482 2541 4537 lilio
2558 4497 2658 4537 suo
2682 4482 2992 4551 prophetat.
3013 4480 3268 4551 Baptista:
3288 4480 3531 4550 inquam,

1939 4592 1958 4625 ι
1999 4574 2065 4628 Ει
2102 4584 2155 4628 ιιι
2183 4590 2337 4645 puer,
2364 4574 2628 4645 propheta
2661 4574 2930 4629 Altissimi
2961 4573 3266 4629 vocaberis.
3305 4570 3533 4627 Prmibis

238 4664 473 4729 παιδίον,
516 4664 804 4733 προφήτης
848 4662 1105 4731 Ὑψίστου
1158 4660 1425 4733 κληθήσῃο
1470 4659 1817 4731 προπορεύστ

1936 4666 2081 4721 ειιίιη
2108 4673 2237 4721 ante
2260 4665 2453 4720 faciem
2480 4665 2720 4730 Domini,
2744 4666 2811 4719 ad
2832 4666 3247 4736 praeparandum
3274 4664 3533 4735 populum

236 4755 345 4827 γάρ
383 4757 487 4826 πρὸ
510 4752 806 4825 προσώπου
844 4754 1073 4825 Κυρίου,
1118 4752 1404 4823 ἑτοιμάσαι
1428 4752 1558 4805 λαὸν
1592 4752 1765 4823 αὐτῷ.
1804 4770 1823 4803 ι

237 4846 371 4903 Εἶτα
400 4848 490 4901 τὸν
523 4848 787 4915 ’Ὑψιστόν
810 4863 870 4898 τε
902 4847 995 4898 καὶ
1016 4846 1221 4916 Κύριον
1251 4847 1278 4898 6
1300 4846 1586 4908 θεσπέσιος
1620 4845 1830 4898 Βαπτι-

238 4942 370 5013 στῆς
404 4940 720 4995 κατεδείκνυ
766 4940 961 5008 λέγων·
996 4959 1013 4991 ι
1043 4941 1149 4993 Ἴδε
1178 4942 1205 4993 6
1240 4940 1435 5009 Ἀμνὸς
1473 4939 1567 4991 τοῦ
1607 4938 1765 4999 Θεοῦ,
1806 4939 1834 4991 6

238 5036 409 5105 αἴρων
441 5035 541 5107 τὴν
581 5033 857 5121 ἰδιαρτίαν
874 5032 967 5085 τοῦ
1000 5032 1229 5103 κόσμου.
1256 5024 1425 5096 Οῦτός
1477 5034 1591 5085 ἐστι
1623 5032 1751 5101 περὶ
1774 5025 1835 5082 οῦ

240 5126 353 5195 ἐγὼ
379 5121 549 5179 εἷπον·
589 5125 798 5179 Ὀπίσω
831 5142 933 5195 μου
958 5124 1175 5197 ἔρχεται
1223 5125 1364 5196 ἀνὴρ
1415 5123 1474 5188 ὃς
1522 5121 1833 5195 ἔμπροσθέν

244 5234 347 5286 μου
374 5216 616 5284 γέγονεν,
640 5217 723 5269 ὅτι
749 5213 966 5286 πρῶτός
1001 5232 1103 5285 μου
1126 5210 1213 5285 ἦν.
1238 5234 1255 5267 ι
1281 5210 1406 5285 Ἆρ’
1436 5208 1528 5268 οῦν
1562 5213 1834 5268 ἐνδοιάσαι

243 5308 422 5377 θέμις,
450 5307 523 5371 ὼς
555 5302 636 5371 εἷς
672 5307 769 5362 καὶ
819 5308 980 5378 μόνος
1019 5308 1112 5360 καὶ
1141 5306 1363 5378 άληθῶς
1407 5307 1535 5370 Υἱὸς
1566 5306 1651 5378 είη
1702 5306 1770 5360 ἂν
1806 5307 1836 5358 6

244 5402 307 5453 ἐκ
335 5398 470 5451 Θεοῦ
535 5399 747 5470 [ἰατρὸς
796 5399 969 5467 Λόγος
1020 5398 1158 5469 μετὰ
1197 5400 1295 5469 τῆς
1346 5399 1643 5469 ἐνωοείσης
1686 5398 1836 5470 αὐτῷ

247 5492 467 5563 σαρκὸς,
495 5492 589 5544 καὶ
618 5492 718 5544 οὐκ
750 5490 959 5561 ἀψύχου
987 5490 1188 5562 μᾶλλον
1215 5492 1356 5547 κατά
1378 5510 1549 5557 τινας,
1578 5491 1653 5554 ὡς
1676 5492 1837 5561 ἔφην,

245 5584 605 5655 ἐψυχωμὲνης
634 5584 690 5638 δὲ
727 5584 952 5654 νοερῶς,
986 5583 1081 5638 καί
1118 5583 1176 5637 ἓν
1216 5584 1312 5638 σὺν
1356 5584 1493 5655 αὐτῇ
1550 5583 1839 5655 πρόσωπον

250 5675 501 5746 πανταχῆ
531 5693 545 5741 ;

323 5879 367 5907 υ
402 5877 539 5933 Psal.
572 5897 682 5948 ιιι,
713 5882 793 5934 to.

254 5950 297 5977 ”
339 5950 499 6005 llehr.
540 5970 574 6012 ι.
609 5953 658 6003 3.

912 5880 957 5909 “
988 5879 1116 5933 ibid.
1146 5881 1197 5933 8.
1296 5880 1338 5911 ⁸³
1372 5878 1525 5933 Joan.
1568 5895 1678 5940 xw.
1735 5882 1785 5933 ιι.

1898 5881 1941 5911 ⁸⁸
1973 5879 2129 5935 1‹›.ιιι.
2162 5898 2211 5943 ι,
2240 5880 2326 5931 ἦτῒ.

738 5954 781 5983 ’θ
815 5950 1041 6015 l'hilim'.
1078 5963 1136 6011 ιι.
1170 5950 1219 6003 7ο
1294 5954 1332 5980 ’⁸
1367 5950 1402 6005 ll
1434 5952 1558 6006 Cor.
1593 5965 1664 6017 ιγ,
1700 5951 1750 6001 6.
1826 5954 1870 5985 ’τ
1899 5950 2072 6007 itum.
2110 5970 2195 6011 υ,
2241 5954 2320 6007 is,
2372 5953 2451 6007 tu.

1934 4758 2105 4826 ipsius
2130 4756 2198 4815 ”.
2240 4776 2259 4809 ι
2286 4758 2491 4813 Deinde
2542 4759 2763 4813 divinus
2793 4756 3061 4829 Baptista,
3118 4758 3457 4812 Altissimuin
3482 4767 3539 4811 et

1934 4850 2223 4906 Dominum
2269 4852 2630 4915 demonstrat.
2656 4854 2888 4908 dicens:
2926 4872 2945 4905 t
2986 4855 3127 4909 Ecce
3178 4854 3365 4924 Agnus
3418 4852 3533 4915 Dei,

1936 4944 2027 5013 qni
2069 4944 2207 4998 tollit
2246 4954 2467 5014 peccata
2501 4942 2710 4999 mundi.
2748 4943 2847 4999 Hic
2893 4945 3067 4997 estde
3096 4959 3206 5013 quo
3230 4944 3345 4997 dixi
3374 4943 3543 4999 :Post.

1938 5051 2025 5090 me
2070 5037 2216 5090 venit
2262 5037 2365 5099 vir,
2416 5035 2510 5104 qui
2558 5046 2683 5092 ante
2740 5051 2827 5091 me
2866 5037 3043 5090 factus
3070 5048 3173 5099 est,
3222 5039 3346 5105 quia
3391 5038 3540 5105 prior

1939 5146 2025 5185 me
2056 5139 2176 5183 erat
2204 5131 2270 5183 ".
2306 5148 2322 5181 ι
2348 5129 2526 5185 Fasne
2550 5130 2714 5200 igitur
2746 5130 2907 5185 fuerit
2934 5130 3202 5197 dubitare,
3226 5133 3369 5199 quod
3401 5149 3539 5186 unus

1937 5233 1993 5278 et
2022 5222 2169 5277 solus
2201 5237 2263 5275 ac
2285 5237 2411 5277 vere
2436 5224 2506 5277 sit
2537 5222 2730 5287 Filius,
2796 5223 3035 5278 Verbum
3086 5240 3150 5278 ex
3214 5225 3323 5279 Deo
3380 5223 3541 5279 Patre

1940 5332 2063 5371 cum
2095 5315 2241 5369 unita
2276 5316 2375 5371 sibi
2408 5331 2593 5381 carne,
2626 5333 2729 5372 non
2781 5318 2869 5371 illa
2912 5319 3206 5373 inanimata
3238 5320 3539 5372 secundum

1944 5410 2252 5474 nonnullos,
2287 5411 2503 5476 utdixi,
2551 5414 2644 5466 scd
2684 5413 2866 5467 anima
2927 5414 3263 5484 intelligente
3292 5413 3541 5481 pratdita,

1943 5517 2160 5573 unaque
2187 5520 2411 5574 prorsus
2445 5521 2568 5561 cum
2603 5506 2722 5576 ipso
2748 5522 2981 5577 persona
3019 5508 3041 5559 ?

3061 5881 3301 5936 "lCur.
3358 5898 3395 5940 Ι.
3464 5883 3551 5938 i3.

2534 5954 2577 5983 "
2608 5953 2736 6009 Ltit'.
2774 5974 2808 6018 l,
2857 5955 2940 6008 7b.
2973 5958 3013 5982 "
3051 5954 3203 6009 ιω...
3244 5971 3279 6017 ι,
3343 5954 3433 6016 ‘29,
3460 5954 3531 6009 ’.λυ

2441 5882 2483 5909 ’⁸⁷
2507 5880 2663 5935 Joan.
2701 5898 2816 5938 \lll.
2870 5884 2951 5933 ιο.
