3926 6470
196 453 219 510 ι
230 455 333 512 3‘57

1333 452 1522 523 QUOD
1564 450 1753 510 UNUS
1794 446 1903 505 Sl'l'
1939 447 2316 510 CHRISTUS.

3354 445 3493 505 £338

194 573 260 627 τὸ
286 571 460 645 ὄνομά
483 590 576 627 σου
597 574 710 638 τοῖς
741 572 987 642 ἀδελφοῖς
1020 588 1143 645 μου.
1172 571 1285 627 Καὶ
1306 572 1500 626 πάλινο
1531 571 1663 625 Ἰδοὺ
1690 567 1801 639 ἐγὼ

1921 585 2058 623 .uum
2099 569 2363 625 fratribus
2404 566 2561 625 meis.
2589 565 2657 621 Et
2698 566 2897 623 iterum
2932 562 3112 621 :Ecce
3139 578 3239 634 ego
3259 573 3311 619 et
3340 564 3493 633 pueri

197 667 299 720 καὶ
338 666 409 721 τά
449 666 661 731 παιδία,
699 664 737 718 ἃ
772 682 863 736 μοι
899 664 1102 718 ἔδωκεν
1145 666 1173 717 ὁ
1207 663 1534 726 Θεός.“1ἶπεὶ
1580 658 1674 717 οῦν
1728 661 1793 715 τὰ

198 756 390 812 παιδία
424 754 821 827 κεκοινώνηκεν
843 756 1072 827 αἵματος
1103 755 1197 809 καὶ
1235 754 1459 826 σαρκὸς,
1498 754 1595 808 καὶ
1632 753 1793 816 αὐτὸς

198 849 603 923 παραπλησίως
629 848 857 921 μετέσχε
879 849 987 903 τῶν
1009 847 1209 913 αὐτῶν,
1228 847 1316 900 ἵνα
1337 845 1424 899 διὰ
1446 845 1537 899 τοῦ
1560 843 1794 898 θανάτου

198 942 534 1014 καταργήσῃ
572 941 665 995 τὸν
691 942 751 994 τὸ
778 941 979 1011 κράτος
1008 939 1200 1010 ἔχοντα
1226 938 1322 992 τοῦ
1357 937 1614 999 Θανάτου,
1639 950 1791 989 τουτ-

196 1036 344 1098 έστι,
370 1033 460 1086 τὸν
488 1032 757 1100 διάϐολον,
785 1034 882 1087 καὶ
912 1032 1200 1103 ἀπαλλάξῃ
1231 1030 1480 1094 τούτους,
1509 1030 1624 1083 ὅσοι
1646 1027 1799 1099 φόϐῳ

198 1128 439 1183 Θανάτου
479 1126 567 1180 διὰ
604 1128 802 1189 παντὸς
845 1125 938 1179 τοῦ
978 1125 1083 1196 ζῇν
1128 1125 1304 1196 ἔνοχοι
1340 1120 1483 1195 ἦσαν
1527 1120 1795 1183 δουλείας.

198 1221 283 1274 Οὐ
319 1220 427 1292 γάρ
459 1220 634 1291 δήπου
671 1219 923 1288 ἀγγέλων
960 1217 1416 1288 ἐπιλαμϐάνεται,
1456 1214 1593 1268 ἀλλὰ
1632 1212 1798 1283 σπέρ-

202 1328 381 1383 ματος
413 1310 665 1382 Ἀϐραάμ
716 1309 1171 1380 ἐπιλαμϐάνεται.
1196 1307 1364 1363 Ὅθεν
1412 1304 1615 1376 ὤφειλε
1659 1303 1800 1358 κατὰ

203 1403 391 1457 πάντα
431 1404 545 1467 τοῖς
584 1402 835 1472 ἀδελφοῖς
878 1400 1237 1472 ὁμοιωθῆναι.
1270 1418 1288 1451 ι
1328 1397 1461 1451 Ἰδοὺ
1510 1395 1638 1469 γάρ,
1666 1394 1798 1459 ἰδοῦ,

202 1496 304 1550 καὶ
330 1495 476 1567 μάλα
512 1495 719 1564 σαφῶς,
746 1492 1090 1565 ἠλαττῶσθαι
1123 1492 1300 1560 λέγων
1322 1490 1486 1545 αὑτὸν
1508 1487 1660 1559 παρὰ
1678 1488 1802 1551 τοὺς

202 1586 478 1657 ἀγγέλους
518 1585 606 1639 διὰ
645 1585 707 1640 τὸ
748 1585 981 1656 πάθημα
1018 1584 1113 1637 τοῦ
1150 1583 1408 1647 θανάτου,
1435 1577 1803 1648 κατεστέφθαι

204 1698 276 1749 γε
309 1680 413 1751 μὴν
437 1679 503 1732 δι’
530 1679 665 1734 αὐτὸ
694 1683 829 1752 τιμῇ
850 1695 908 1732 τε
935 1678 1029 1732 καὶ
1050 1677 1199 1749 δόξῃ,
1230 1675 1554 1745 καθίστησιν
1586 1671 1803 1742 ἐμφανῆ

203 1773 301 1826 τὸν
349 1772 434 1840 ἐφ’
464 1765 510 1841 ᾧ
559 1774 794 1826 ποιεῖται
849 1770 977 1834 τοὺς
1019 1768 1235 1839 λόγους,
1266 1768 1428 1839 δῆλον
1477 1765 1535 1819 δὲ
1580 1766 1663 1819 ὅτι
1713 1763 1806 1817 τὸν

202 1864 512 1935 Μονογενῆ.
543 1862 959 1934 Μετεσχηκέναι
1004 1862 1115 1933 γάρ
1168 1877 1334 1932 φησιν
1383 1858 1548 1913 αὑτὸν
1574 1856 1806 1927 αἵματος

1894 662 2024 727 mei,
2050 677 2186 731 quos
2202 662 2354 718 dedit
2370 659 2503 715 mihi
2530 658 2694 715 Dens.
2708 657 2846 726 Quia
2862 672 2995 727 ergo
3018 656 3170 727 pueri
3192 656 3498 712 communi-

1895 763 2154 808 caverunt
2174 752 2325 808 carni
2348 761 2405 807 et
2421 749 2698 823 sanguini,
2713 758 2769 805 et
2789 749 2905 819 ipse
2925 747 3183 803 similiter
3199 747 3497 819 participa-

1897 846 1973 899 vit
1988 844 2218 909 eisdem,
2237 854 2297 899 ut
2319 858 2417 914 per
2435 853 2667 898 mortem
2685 840 2994 897 destrueret
3009 853 3132 893 eum
3154 839 3244 909 qui
3263 837 3501 893 habebat

1897 936 2095 992 mortis
2119 934 2431 1007 imperium,
2465 934 2518 989 id
2544 942 2650 998 est,
2692 931 2988 995 diabolum,
3017 939 3075 986 et
3116 930 3375 985 liberaret
3402 942 3501 985 eos

1897 1028 1989 1098 qui
2022 1027 2218 1083 timore
2262 1027 2458 1083 mortis
2506 1041 2605 1098 per
2640 1024 2810 1082 totam
2864 1024 3031 1079 vitam
3080 1022 3297 1077 obnoxii
3343 1031 3505 1077 erant

1897 1118 2168 1176 servituti.
2218 1117 2499 1174 Nusouam
2545 1117 2693 1173 enim
2725 1116 2949 1187 angelos
2989 1113 3369 1185 apprehendit,
3408 1112 3501 1168 sed

1900 1226 2084 1267 semen
2118 1209 2353 1266 Abrahae
2381 1208 2757 1281 apprenendit.
2794 1207 2953 1263 Unde
2981 1208 3167 1263 debuit
3196 1222 3293 1276 per
3315 1205 3503 1259 omnia

1903 1302 2166 1360 fratribus
2188 1303 2477 1359 assimilari
2507 1303 2572 1357 δι.
2609 1321 2629 1355 ι
2663 1300 2805 1356 Ecce
2834 1301 3007 1366 enim,
3032 1314 3185 1363 cccc,
3205 1309 3260 1354 et
3286 1298 3505 1368 quidem

1906 1394 2275 1465 apertissime,
2310 1408 2435 1449 cum
2468 1392 2622 1448 illum
2658 1392 2805 1447 dicat
2836 1391 3183 1446 imminutum
3208 1388 3278 1444 ab
3299 1387 3508 1457 angelis

1905 1496 2128 1555 propter
2170 1484 2481 1555 passionem
2519 1483 2733 1546 mortis,
2779 1490 2942 1551 atque
2965 1480 3038 1535 ob
3085 1479 3139 1534 id
3183 1488 3508 1533 coronatum

1905 1592 2027 1634 esse
2058 1578 2232 1645 gloria
2277 1586 2331 1633 et
2377 1577 2608 1644 honore,
2650 1573 2941 1631 manifeste
2978 1573 3125 1627 illum
3172 1569 3414 1626 ostendit
3444 1570 3513 1624 de

1907 1686 2016 1741 quo
2045 1671 2211 1726 verba
2259 1669 2410 1737 facit,
2457 1670 2716 1725 nimirum
2759 1666 3137 1738 Unigenitnm.
3184 1663 3513 1732 Participem

1908 1765 2055 1818 enim
2083 1764 2284 1818 factum
2317 1777 2438 1830 esse
2466 1762 2543 1818 ait
2573 1761 2757 1817 carnis
2786 1767 2843 1814 et
2873 1756 3160 1827 sanguinis
3186 1753 3411 1825 perinde
3446 1766 3515 1807 ac

1912 1872 2044 1923 nos;
2105 1867 2162 1911 et
2228 1872 2334 1910 non
2393 1856 2618 1927 angelos
2672 1846 3117 1923 appreltendisse,
3167 1847 3262 1904 sed
3322 1861 3513 1903 semen

201 1957 311 2010 καὶ
367 1919 569 2029 σαρκὸς
620 1919 1028 2028 παραπλησίως.
1065 1919 1244 2027 ἡμῖᾷί
1268 1953 1365 2007 καὶ
1407 1952 1507 2006 οὐκ
1558 1919 1807 2019 ἀγγέλων

1921 1919 2163 2004 Abrahae.
2208 1919 2645 2004 Decebat'enim
2688 1919 2857 2000 Deum
2892 1958 2959 1998 ac
3012 1942 3254 2007 Patrem,
3289 1949 3515 2011 propter

200 2048 564 2104 ἐπιλαϐέσθαι
626 2049 867 2120 μᾶλλον,
928 2047 1067 2102 ἀλλὰ
1142 2046 1461 2118 σπέρματος
1530 2042 1805 2116 Ἀϐραάμ.

206 2142 461 2212 Ἔπρεπε
510 2141 618 2214 γάρ
667 2141 747 2213 τῷ
793 2139 914 2213 Θεῷ
952 2140 1048 2195 καὶ
1082 2139 1283 2211 Πατρὶ,
1311 2138 1379 2191 δι’
1405 2136 1465 2192 ὃν
1501 2136 1573 2191 τά
1603 2134 1808 2201 πάντα,

200 2232 303 2287 καὶ
335 2233 403 2286 δι’
432 2226 494 2287 οὗ
527 2233 598 2287 τά
623 2234 823 2295 πάντα,
860 2231 1199 2303 καθιγμένον
1228 2232 1308 2296 είς
1341 2232 1574 2283 κένωσιν
1603 2228 1700 2282 καὶ
1727 2227 1814 2278 ὲν·-

154 2376 157 2377 ν
200 2325 652 2398 ανθρωπήσαντα
682 2325 772 2379 τὸν
800 2325 951 2391 Υίδν,
978 2323 1057 2389 ὡς
1085 2324 1184 2396 τὴν
1212 2323 1307 2377 τοῦ
1336 2322 1529 2377 δούλου
1574 2319 1812 2375 λαόόντα

207 2418 450 2493 μορφὴν,
503 2418 795 2472 τελειῶσαι
842 2417 932 2471 διὰ
980 2416 1344 2486 παθημάτων,
1394 2415 1495 2485 τῆς
1551 2414 1812 2468 ἁπάντων

205 2512 357 2582 ζωῆς
384 2510 705 2583 ἀντίλυτρον
736 2511 837 2581 τὴν
873 2509 1013 2563 ἰδίαν
1034 2507 1183 2579 αὐτῷ
1217 2504 1581 2577 καθιεροῦντα
1610 2504 1809 2576 σάρκα.

206 2604 444 2659 Τέθυται
465 2604 573 2675 γὰρ
594 2603 737 2674 ὑπὲρ
756 2604 788 2669 ὴ
799 2600 917 2671 μῶν
940 2601 968 2655 ό
987 2599 1244 2672 Χριστὸς,
1263 2598 1325 2653 τὸ
1344 2599 1578 2669 ἄμωμον
1596 2598 1811 2675 ἱερεῖον,

206 2700 306 2752 καὶ
342 2699 442 2770 μιᾷ
472 2698 764 2770 προσφορᾷ
814 2695 1171 2751 τετελείωκεν
1204 2695 1286 2758 είς
1316 2693 1376 2747 τὸ
1408 2692 1657 2763 διηνεκὲς
1688 2694 1815 2755 τοὺς

212 2788 648 2859 ἁγιαζομένους.
704 2787 1041 2859 ἁναμορφῶν
1092 2789 1173 2851 εἰς
1227 2786 1288 2839 τὸ
1359 2786 1418 2837 ἐν
1465 2785 1667 2855 ἀρχαῖς
1713 2783 1816 2853 τὴν

213 2882 499 2955 ἀνθρώπου
533 2883 716 2953 φύσιν.
746 2900 762 2931 ι
794 2881 981 2934 Πάντα
1008 2879 1119 2950 γάρ
1154 2881 1213 2933 ὲν
1251 2876 1401 2947 αὑτῷ
1425 2876 1613 2930 καινά.
1660 2875 1812 2927 ι”Οτι

210 2976 322 3048 γὰρ
359 2978 388 3031 ό
420 2975 552 3038 Θεὸς
594 2974 692 3027 καὶ
727 2973 917 3046 Πατὴρ
942 2972 1176 3025 δέδωκεν
1209 2970 1352 3042 ὑπὲρ
1380 2968 1539 3041 ἡμῶν
1564 2968 1656 3023 τὸν
1686 2967 1818 3022 ἴδιον

213 3070 363 3133 Υἰὸν,
390 3069 541 3122 οὐδὲν
568 3063 731 3142 ἦττον
758 3069 790 3138 ἡ
801 3068 909 3137 μᾶς
934 3064 1271 3119 πιστώσεται
1304 3063 1532 3134 γράφων
1564 3063 1592 3116 ὁ
1620 3060 1821 3115 πάνσο-

212 3178 314 3231 φος
353 3160 567 3225 Παῦλος
609 3161 739 3232 περὶ
778 3158 967 3213 αὐτοῦ⁶
1005 3159 1139 3222 ι”Ος
1164 3174 1228 3227 γε
1258 3156 1351 3209 τοῦ
1390 3155 1525 3209 ἰδίου
1559 3152 1691 3208 Υίοῦ
1718 3153 1819 3207 οὐκ

1912 2059 2072 2114 quem
2113 2041 2320 2105 omnia,
2369 2050 2424 2096 et
2470 2054 2567 2110 per
2617 2052 2779 2109 quem
2822 2036 3030 2103 omnia,
3074 2034 3269 2091 Filium
3329 2047 3513 2097 suum,

1916 2133 2080 2207 764
2113 2132 2207 2203 qui
2248 2130 2679 2186 exinanitionem
2716 2125 2982 2187 subierat,
3008 2134 3173 2193 atque
3199 2122 3519 2176 incarnatus

1913 2236 2052 2287 erat,
2080 2224 2252 2278 forma
2282 2220 2426 2276 servi
2454 2229 2702 2289 accepta,
2738 2228 3125 2272 consummare
3167 2227 3264 2284 per
3303 2208 3519 2281 passio-

1916 2334 2036 2383 nes,
2078 2323 2492 2374 consecrantem
2544 2323 2708 2381 atque
2762 2306 3086 2364 oll'erentem
3142 2318 3297 2359 suam
3346 2300 3521 2369 ipsius

1915 2425 2135 2468 carnem
2169 2408 2221 2463 in
2250 2407 2483 2477 pretium
2514 2401 2903 2471 redemptionis
2936 2398 3060 2451 vita:
3101 2394 3369 2449 omnium.
3406 2390 3521 2445 lm-

1917 2506 2148 2559 mulatus
2176 2500 2321 2557 enim
2373 2506 2459 2552 est
2501 2511 2599 2566 pro
2650 2493 2811 2549 nobis
2856 2491 3111 2547 Christus
3163 2483 3523 2542 immaculata

1919 2598 2121 2660 hostia,
2149 2606 2313 2664 atque
2343 2592 2501 2646 unica
2525 2589 2807 2644 oblatione
2837 2582 3238 2641 consummavit
3268 2580 3321 2632 in
3358 2587 3523 2631 mter-

1919 2706 2049 2745 num
2082 2686 2481 2750 sanctificatos,
2511 2684 2812 2738 humanam
2847 2687 3100 2733 naturam
3148 2673 3200 2726 in
3235 2670 3524 2741 pristinnnt

1920 2794 2125 2836 statum
2150 2775 2717 2835 reformans.t0ntttia
2741 2771 2962 2828 cnim‘in
2990 2770 3247 2839 ipsosunt
3264 2779 3404 2819 nova
3424 2764 3521 2815 ".s

1921 2879 2074 2947 Quod
2119 2877 2264 2932 enim
2310 2875 2452 2928 Deus
2497 2886 2561 2926 ac
2608 2869 2774 2923 Pater
2807 2866 3017 2921 dederit
3067 2877 3166 2932 pro
3208 2858 3366 2913 nobis
3402 2869 3531 2925 pro-

1923 2971 2098 3042 prium
2124 2984 2281 3023 suum
2312 2963 2537 3028 Filium,
2582 2961 2755 3016 nihilo
2778 2960 2961 3013 secius
2986 2953 3277 3011 confirmat
3308 2947 3528 3006 seuien-

1927 3040 2173 3118 tissimus
2221 3058 2446 3121 Panlus,
2483 3056 2555 3110 ita
2595 3053 2663 3108 de
2712 3053 2829 3123 ipso
2870 3049 3117 3106 scribens
3160 3062 3173 3099 :
3219 3061 3239 3094 ι
3266 3040 3370 3109 Qut
3406 3053 3533 3107 pro-

1926 3156 2045 3221 prio
2082 3154 2219 3209 Filio
2258 3167 2361 3207 suo
2393 3165 2499 3205 non
2534 3146 2800 3219 pepercit,
2834 3142 2926 3198 sed
2960 3155 3059 3212 pro
3091 3137 3246 3193 nobis
3277 3133 3533 3189 omnibus

213 3224 492 3321 ἐφείσατο,
528 3249 642 3303 ἀλλ’
670 3224 811 3322 ῦπὲρ
842 3248 1003 3321 ἡμῶν
1048 3224 1310 3302 ἁπάντων
1349 3246 1668 3318 παρέδωκεν
1713 3245 1809 3298 αὑ-

1926 3247 2150 3304 tradidit
2179 3245 2353 3307 illum,
2388 3241 2665 3311 quomodo
2694 3252 2801 3291 non
2838 3237 3007 3291 etiam
3039 3246 3162 3285 cum
3195 3228 3315 3296 ipso
3346 3224 3534 3278 omnia

214 3346 328 3407 τὸν,
365 3344 483 3407 πῶς
510 3343 631 3415 οὐχὶ
678 3345 771 3399 καὶ
802 3344 899 3397 σὺν
928 3342 1080 3414 αῦτῷ
1108 3340 1179 3395 τὰ
1210 3341 1388 3395 πάντα
1419 3341 1554 3410 ἡμῖν
1592 3338 1818 3410 χαρίσε-

214 3455 339 3504 ται;
371 3456 391 3489 ι
420 3436 584 3490 Ἴδιον
629 3436 685 3490 δέ
738 3452 921 3507 φαμεν
953 3434 1084 3488 Υίὸν
1127 3433 1223 3487 τοῦ
1274 3432 1431 3494 Θεοῦ,
1464 3432 1555 3485 τὸν
1609 3436 1673 3487 ἐκ
1720 3433 1819 3502 τῆς

214 3530 407 3593 οὐσίας
427 3527 591 3583 αὑτοῦ
624 3527 907 3598 πεφηνότα
930 3525 1105 3595 Λόγον
1125 3542 1138 3556 °
1171 3524 1418 3578 δεδόσθαι
1448 3542 1510 3592 γε
1545 3527 1654 3596 μὴν
1681 3524 1822 3594 ὑπὲρ

216 3622 397 3694 ἡμῶν,
432 3623 494 3676 οὐ
524 3621 732 3691 γυμνὸν
777 3620 859 3673 ἔτι
907 3619 1003 3673 καὶ
1045 3618 1309 3688 άσαρκον,
1346 3618 1464 3671 ἀλλ’
1488 3620 1576 3673 ὅτε
1628 3617 1821 3687 γέγονε

222 3715 393 3786 ιιάρξ⁸
441 3714 537 3766 καὶ
574 3712 635 3766 τὸ
672 3711 932 3780 λέγεσθαι
964 3710 1179 3776 παθεῖν,
1214 3709 1521 3781 ἀμώμητον
1551 3705 1618 3780 ἧν
1650 3709 1820 3780 αὐτῷ.

221 3805 468 3861 Πέπονθε
506 3804 636 3877 γάρ,
664 3806 727 3859 οὐ
760 3804 923 3875 φύσει
960 3804 1237 3875 θεότητος,
1271 3802 1388 3857 ἁλλ’
1419 3803 1527 3873 ίδίᾳ
1560 3803 1744 3873 σαρκί.
1766 3803 1825 3856 ’0

221 3899 332 3971 γάρ
376 3899 507 3963 Θεὸς
536 3899 631 3951 καὶ
666 3896 877 3968 Πατὴρ,
908 3894 1163 3967 καθάπερ
1200 3894 1339 3964 ἔφην
1370 3893 1596 3965 ἀρτίως,
1629 3892 1720 3946 τὸν
1749 3891 1825 3963 μὴ

222 3990 422 4060 γνόντα
474 3988 770 4060 ἁμαρτίαν,
804 3986 946 4058 ὑπὲρ
996 3986 1157 4056 ἡμῶν
1209 3986 1489 4056 ἁμαρτίαν
1538 3985 1823 4056 ἐποίησεν,

224 4085 316 4137 ἵνα
342 4084 500 4152 ἡμεῖς
535 4079 825 4151 γενώμεθα
858 4078 1172 4151 δικαιοσύνη
1204 4078 1343 4133 Θεοῦ
1378 4080 1476 4133 σὺν
1510 4074 1767 4149 αότῷ.τΑ
1778 4079 1826 4151 ρ’

224 4172 318 4231 οὖν
364 4175 637 4247 ἁμαρτίαν
665 4174 827 4228 αὐτὸν
857 4173 1114 4242 γενέσθαι
1150 4171 1379 4242 νοοῦμεν
1404 4189 1417 4237 ;
1445 4173 1478 4244 ἦ
1507 4172 1588 4226 ὅτι
1624 4172 1829 4243 μᾶλλον

224 4268 484 4340 ὡμοιώοη
531 4271 642 4332 τοῖς
690 4268 793 4323 ὑπὸ
825 4267 1121 4340 ἁμαρτίαν,
1156 4266 1417 4338 ταύτῃτοι
1456 4266 1554 4319 καὶ
1581 4266 1827 4340 ἁμαρτία

222 4366 445 4433 λέγεται
467 4382 481 4430 ;

300 4458 361 4515 Β.
392 4458 599 4530 Ὀρθῶς
637 4458 792 4529 ἔφης.

302 4553 594 4622 Δ.”Ὡσπερ
616 4547 709 4604 οὖν
737 4551 828 4604 τὸν
857 4550 931 4622 μὴ
958 4551 1153 4619 γνόντα
1184 4549 1483 4621 ἁμαρτίαν,
1510 4548 1651 4620 ὑπὲρ
1674 4551 1831 4622 ἡμῶν

1923 3340 2081 3396 nobis
2110 3336 2370 3406 largietur
2393 3332 2461 3385 ιιι
2492 3350 2511 3383 ι
2542 3329 2831 3397 Proprium
2859 3334 3039 3378 autem
3068 3319 3305 3373 dicimus
3335 3313 3534 3370 Filium

1926 3432 2042 3495 Dei,
2089 3428 2328 3483 Verbum
2378 3441 2441 3479 ex
2499 3422 2672 3492 ipsius
2720 3416 2959 3474 essentia
3013 3412 3254 3483 genitum
3305 3408 3534 3465 :datum

1926 3538 2054 3578 vero
2081 3534 2202 3577 esse
2226 3536 2322 3589 pro
2346 3516 2527 3579 nobis,
2559 3529 2663 3568 non
2689 3511 2890 3565 nudum
2922 3516 2975 3562 et
3003 3504 3185 3559 carnis
3210 3510 3491 3570 expertem
3515 3538 3535 3566 ,

1926 3615 2021 3670 sed
2050 3613 2269 3684 quando
2320 3608 2498 3664 factus
2526 3616 2610 3661 est
2641 3618 2790 3658 caro.
2823 3600 2889 3655 Et
2919 3598 3064 3670 quod
3095 3595 3300 3652 dicitur
3343 3606 3539 3661 passus

1925 3722 2069 3773 esse,
2102 3703 2239 3760 nihil
2271 3699 2583 3758 detrimenti
2630 3696 2732 3764 ipsi
2786 3692 2965 3748 aﬂ‘ert.
3012 3690 3212 3745 Passus
3256 3684 3401 3741 enim
3454 3691 3539 3737 est

1929 3814 2036 3855 non
2092 3806 2285 3851 natura
2335 3792 2659 3855 divinitatis,
2714 3788 2809 3842 sed
2863 3782 3082 3854 propria
3141 3792 3329 3834 carne.
3394 3775 3539 3829 Dens

1928 3892 2073 3948 enim
2105 3904 2171 3944 ac
2205 3886 2389 3949 Pater,
2419 3884 2562 3940 sicut
2597 3880 2761 3936 modo
2785 3877 2921 3944 dixi,
2954 3890 3078 3928 eum
3112 3873 3205 3945 qui
3251 3886 3357 3925 non
3387 3869 3541 3924 novit

1931 3993 2238 4057 peccatum,
2264 3995 2364 4049 pro
2387 3977 2544 4032 nobis
2570 3983 2851 4046 peccatum
2885 3968 3038 4035 fecit,
3064 3977 3123 4021 ut
3156 3980 3254 4022 nos
3282 3964 3543 4018 lieremus

1925 4076 2136 4149 justitia
2166 4073 2262 4127 Dei
2293 4086 2417 4127 cum
2443 4070 2560 4139 ipso
2590 4066 2653 4121 “.
2680 4063 2873 4119 Nonne
2897 4075 3026 4117 vero
3054 4059 3217 4114 etiam
3251 4060 3539 4125 peccatum

1932 4147 2135 4225 factum
2172 4180 2295 4223 esse
2320 4165 2499 4233 ipsum
2534 4156 2809 4213 dicimus?
2850 4164 2947 4208 aut
2975 4152 3099 4222 quia
3136 4150 3318 4221 potius
3342 4147 3543 4203 similis

1932 4262 2109 4317 factus
2156 4268 2243 4315 est
2301 4256 2369 4311 iis
2415 4252 2509 4324 qui
2554 4248 2779 4305 obnoxii
2829 4254 2989 4302 erant
3038 4251 3284 4315 peccato,
3337 4240 3543 4297 idcirco

1933 4356 2098 4413 etiam
2125 4358 2414 4422 peccatum
2457 4341 2702 4401 dicitur?

2004 4447 2065 4501 Β.
2113 4446 2283 4500 [lecte
2310 4441 2414 4498 ais.

2006 4543 2073 4597 A.
2115 4534 2583 4606 Quemadmodum
2620 4530 2789 4602 igitur
2819 4540 2944 4582 eum
2967 4524 3059 4596 qui
3094 4538 3201 4580 non
3237 4520 3390 4577 norit
3416 4535 3543 4593 pec-

228 4646 506 4716 άμαρτίαν
541 4644 819 4715 εποίησεν,
852 4644 941 4696 ἵνα
972 4644 1135 4713 ἡμεῖς
1179 4642 1471 4713 γενώμεθα
1507 4642 1815 4714 δικαιοσύνη

1932 4642 2113 4690 catum
2148 4644 2249 4701 pro
2297 4627 2457 4682 nobis
2507 4632 2793 4694 peccatum
2836 4617 2987 4685 fecit,
3031 4624 3092 4670 ut
3141 4628 3241 4670 nos
3285 4612 3544 4667 lieremus

228 4737 366 4791 Θεοῦ
420 4739 476 4789 ὲν
523 4737 673 4807 αὐτῷ
723 4737 1087 4806 (δεδικαίωται
1128 4737 1237 4808 γάρ
1272 4739 1305 4808 ἡ
1336 4735 1626 4806 ἀνθρώπου
1663 4736 1827 4805 φύσις

230 4834 289 4886 ἐν
314 4831 505 4901 αῦτίξιγ
539 4830 684 4884 οὓτω
710 4830 800 4882 τὸν
831 4832 930 4883 οὐκ
958 4831 1137 4883 εἰδότα
1161 4829 1392 4884 θάνατον
1418 4830 1554 4901 (ζωὴ
1578 4830 1687 4901 γάρ
1712 4833 1827 4883 ἐστι

230 4927 325 4981 καὶ
356 4924 621 4989 (mortem;
651 4926 678 4977 ό
709 4924 924 4992 Λόγος),
968 4925 1131 4994 σαρκὶ
1168 4923 1361 4977 παθεῖν
1390 4924 1829 4995 παρεσκεύασεν,

230 5018 337 5083 ἔξω
394 5019 655 5089 μείναντα
700 5017 794 5071 τοῦ
848 5016 1064 5078 παθεῖν,
1111 5017 1246 5070 καθὸ
1300 5020 1503 5069 νοεῖται
1547 5016 1701 5079 Θεδς,
1744 5017 1829 5069 ἵνα

236 5113 395 5181 ἡμεῖς
442 5111 695 5181 ζήσωμεν
737 5110 805 5163 δι’
837 5109 1003 5163 αὐτοῦ
1045 5126 1102 5163 τε
1147 5110 1240 5161 καὶ
1285 5113 1342 5162 ἐν
1394 5108 1562 5179 αὐτῷ.
1601 5110 1692 5162 Διὸ
1737 5110 1831 5162 καὶ

231 5201 487 5272 ὁμοίωμα
508 5199 742 5254 θανάτου
788 5200 847 5253 τὸ
874 5198 1111 5270 Χριστοῦ
1160 5199 1328 5263 πάθος
1362 5199 1695 5270 ὠνόμασται.
1736 5198 1831 5252 Γέ-

233 5311 480 5366 γραπται
502 5288 615 5345 οὖνο
646 5293 735 5344 ,εξ
766 5291 875 5362 γὰρ
909 5291 1180 5361 σύμφυτοι
1202 5292 1507 5362 γεγόναμεν
1532 5290 1827 5361 τῷὁμοιώ-

234 5405 365 5458 ματι
409 5386 503 5438 τοῦ
565 5384 798 5438 θανάτου
824 5384 1012 5447 αὑτοῦ,
1042 5384 1176 5438 ἀλλὰ
1212 5386 1305 5437 καὶ
1336 5386 1433 5454 τῆς
1478 5384 1829 5447 ἀναστάσεως

236 5478 492 5549 ἐσόμεθα.
525 5497 543 5529 t
565 5476 702 5545 Ἔζη
738 5478 845 5548 γὰρ
878 5478 907 5529 ὁ
939 5478 1108 5545 Λόγος
1146 5477 1239 5531 καὶ
1268 5478 1571 5548 γενομένης
1597 5476 1829 5530 θανάτου

236 5574 327 5641 τῆς
363 5570 522 5637 ἁγίας
554 5568 719 5622 αὑτοῦ
751 5569 973 5636 σαρκὸς,
1006 5569 1072 5620 ἶν’
1100 5568 1424 5639 ἡττηθέντος
1452 5568 1709 5630 θανάτου,
1737 5568 1834 5620 καὶ

240 5663 635 5731 πεπατημένης
662 5662 755 5731 τῆς
793 5661 1018 5731 φθοραῖς.
1044 5665 1076 5729 ἡ
1107 5663 1205 5732 τῆς
1228 5662 1579 5725 ἀναστάσεως
1606 5660 1832 5728 δύναμις

241 5756 313 5817 ςὶς
349 5752 492 5805 ἁπαν
524 5752 751 5821 ἔρχηται
782 5752 841 5804 τὸ
878 5748 1220 5820 ἀνθρώπινον
1264 5752 1437 5819 γένος.
1458 5752 1680 5821 ’,Ὼηθὲς
1704 5751 1832 5822 γὰρ,

310 5938 349 5966 ⁹’
398 5934 560 5989 llo'ht'.
601 5952 659 5997 ιι,
701 5934 856 5989 εὶοὶῖ.
942 5933 978 5962 ⁸⁷
1023 5930 1059 5985 ΙΙ
1103 5932 1226 5987 (Zur.
1264 5949 1313 5997 ι,
1350 5931 1431 5983 l7.

1522 5933 1559 5955 "
1605 5929 1738 5983 llum
1809 5943 1925 5985 \m.
1965 5928 2053 5981 32.

1923 4724 2133 4800 jnstitia
2158 4722 2249 4777 Dei
2275 4720 2329 4774 itt
2354 4720 2472 4790 ipso
2490 4713 2803 4788 (jnstillcata
2836 4709 2982 4767 enim
3006 4719 3091 4763 est
3120 4709 3361 4762 humana
3386 4713 3543 4759 natu-

1931 4838 1990 4877 ra
2014 4823 2067 4875 in
2102 4816 2241 4889 Ipso)
2268 4834 2281 4871 :
2308 4816 2379 4869 ita
2410 4828 2532 4867 cmn
2559 4809 2649 4879 qui
2678 4822 2784 4863 non
2811 4804 2965 4860 novit
2988 4813 3219 4858 mortem
3241 4800 3373 4868 (vita
3393 4800 3540 4854 enim

1931 4927 2016 4972 est
2042 4923 2098 4970 et
2122 4910 2403 4966 vivificans
2435 4902 2714 4969 Verbum)
2751 4914 2919 4954 carne
2955 4896 3065 4967 pati
3107 4893 3373 4966 permisit,
3415 4907 3540 4947 cum

1933 5010 2166 5069 interea,
2200 5011 2473 5074 quatenus
2499 5007 2583 5052 est
2626 4997 2789 5058 Deus,
2831 5006 2860 5045 a
2891 4988 3147 5062 passione
3188 4985 3325 5039 liber
3355 4995 3541 5049 esset;

1939 5111 1998 5157 ut
2036 5098 2293 5153 nintirnnt
2332 5108 2431 5147 nos
2465 5091 2712 5142 vivamus
2745 5099 2843 5156 per
2886 5083 3061 5152 ipsnttt
3094 5087 3147 5133 et
3196 5078 3248 5131 in
3289 5080 3430 5147 ipso.
3460 5076 3543 5129 ld-

1941 5195 2093 5247 rirco
2121 5202 2174 5244 ct
2204 5184 2505 5242 similitudo
2532 5180 2745 5242 mortis,
2774 5174 2981 5233 Christi
3008 5172 3189 5243 passio
3222 5182 3411 5225 vocata
3441 5179 3543 5225 cst.

1943 5286 2219 5353 Srriptum
2262 5282 2445 5348 itaque
2475 5286 2556 5330 est
2605 5293 2617 5328 :
2669 5292 2686 5323 ι
2719 5272 2776 5326 Si
2815 5269 2960 5326 enim
3013 5263 3370 5334 complnnlati
3417 5263 3544 5315 fat-ti

1932 5396 2124 5441 sumus
2154 5371 2498 5431 similitudini
2531 5368 2725 5423 mortis
2750 5366 2892 5434 ejus.
2920 5360 3081 5416 simul
3106 5371 3161 5413 et
3184 5357 3544 5411 resurrectio.

1931 5467 2017 5529 itis
2048 5470 2257 5525 erimus
2285 5466 2350 5517 ³⁵.
2392 5482 2409 5515 ι
2450 5460 2681 5514 Vivebat
2713 5457 2860 5512 enim
2899 5452 3160 5512 Verbum,
3200 5464 3323 5500 cunt
3358 5455 3544 5499 sancta

1936 5564 2108 5633 ipsius
2150 5572 2279 5613 caro
2314 5563 2545 5608 mortem
2586 5550 2765 5604 obiret
2794 5590 2807 5610 ,
2854 5555 2933 5610 ut,
2993 5550 3245 5610 superata
3291 5550 3466 5591 tnurtc
3493 5545 3543 5589 ct

1936 5653 2257 5728 proculcato
2294 5647 2539 5707 interitu,
2590 5635 3014 5697 resurrectionis
3056 5633 3138 5687 \is'
3180 5648 3245 5686 ac
3292 5630 3464 5684 Virtus
3494 5645 3543 5680 ιιι

1938 5721 2254 5805 ιιιιὶιοιδιιιιι
2287 5758 2459 5814 genus
2497 5739 2795 5794 humanum
2832 5730 3113 5786 transiret.
3163 5725 3363 5783 Verum
3399 5721 3543 5781 cuitu

2140 5925 2176 5956 "
2224 5922 2261 5979 ll
2302 5923 2426 5979 (iur.
2466 5934 2519 5985 ι’,
2550 5918 2637 5974 21.
2725 5916 2765 5947 ’⁵
2795 5912 2950 5970 Rom.
2992 5926 3063 5971 Vl.
3104 5909 3159 5963 5.
