3926 6452
126 458 309 513 1545

1326 446 1518 516 QUOD
1559 446 1752 505 UNUS
1792 443 1901 500 SIT
1942 439 2313 498 CHRISTUS.

3362 426 3498 487 1386

132 569 238 640 εἷς
304 573 617 630 κεκάθικεν
670 572 819 636 Υίδς,
870 570 1234 625 διδασκόντων
1297 569 1477 633 αὐτοὶ,
1528 567 1612 633 τίς
1664 569 1780 631 τοῖς

1902 578 2046 633 [nam
2070 562 2161 632 qui
2195 558 2380 614 afﬁcit.
2410 556 2479 610 At
2520 570 2644 612 cum
2682 567 2823 608 unus
2857 548 3123 607 assederit
3156 546 3328 603 Filius
3349 590 3362 612 ,
3394 548 3495 601 do-

135 666 445 722 άνωτάτω
466 667 757 736 τετίμηται
788 664 997 729 θάκοις,
1024 664 1114 716 καὶ
1140 660 1450 731 συνεδρεύει
1478 659 1558 731 τῷ
1585 661 1781 730 "arpi,

138 762 201 814 εἰ
239 761 351 813 καὶ
386 761 469 814 ὅτι
507 758 743 829 μάλιστα
791 757 896 809 τῶν
932 757 1072 825 ἄγαν
1131 755 1571 826 σφαλερωτάτων
1602 753 1686 825 εἴη
1719 752 1786 807 ἂν

140 853 221 907 τὸ
253 851 623 923 ἀνακομίζειν
658 850 975 921 ἀποτολμᾷν
1009 850 1088 914 εἰς
1122 848 1398 920 ἰσοτιμίαν
1441 847 1519 918 τῷ
1546 846 1785 918 δεσπότῃ

144 943 224 996 ’τὸ
278 945 497 1008 δοῦλον,
548 942 629 1013 τῷ
670 942 865 1016 κτίστῃ
898 942 959 996 τι
1001 942 1245 1014 ποιηθὲν,
1290 940 1367 1012 τῷ
1417 941 1630 1012 βασιλεῖ
1677 940 1786 994 τῶν

148 1043 317 1097 ὅλων
365 1042 429 1095 τὸ
474 1042 579 1094 ὑπὸ
632 1040 818 1110 ζυγὸν,
874 1040 951 1111 τῷ
1004 1039 1223 1093 πάντων
1288 1038 1550 1093 ἐπέκεινα
1601 1039 1662 1092 τὸ
1725 1037 1787 1089 ἐν

154 1138 315 1190 πᾶσι
353 1134 570 1188 τελούν.

245 1226 310 1277 Β.
358 1226 655 1295 Σαφηνιεῖς
684 1219 779 1278 οὖν
813 1225 920 1295 ἄρα
959 1222 1121 1277 τοῦτο
1158 1224 1290 1294 ἡμῖν
1322 1222 1513 1277 εἰσέτι.

245 1317 319 1369 Δ.
367 1313 587 1380 Καίτοι,
619 1314 873 1384 καθάπερ
920 1307 1156 1385 ἐγῷμαι,
1190 1312 1368 1384 σαφὴς
1402 1312 1498 1366 καὶ
1524 1311 1788 1383 ἀποχρῶν

157 1408 194 1459 ὸ
244 1407 344 1460 ἐπ’
397 1406 582 1469 αὐτοῖς
632 1405 695 1477 δὴ
748 1405 956 1468 τούτοις
990 1407 1125 1477 ἡμῖν
1178 1404 1557 1475 ἐκπεπόνηται
1604 1404 1785 1471 λόγος,

162 1498 343 1550 ὃκνου
397 1496 455 1550 δὲ
503 1495 624 1566 δίχα
667 1495 869 1558 παντὸς
903 1494 1202 1565 προσθείην
1252 1494 1319 1549 ἂν
1367 1489 1450 1557 οἷς
1498 1493 1637 1565 ἔφην
1692 1494 1787 1547 καὶ

163 1586 373 1657 Ξτερα,
423 1585 518 1638 καὶ
563 1584 663 1638 οὐκ
712 1584 914 1654 ἀγεννῆ
953 1584 1348 1654 συναγόρευσιν
1383 1583 1484 1654 τὴν
1533 1583 1678 1654 ὑπέρ
1721 1598 1786 1651 γε

164 1676 291 1730 τῶν
320 1676 485 1749 ἱερῶν
516 1677 802 1747 δογμάτων
837 1675 1093 1747 καθάπερ
1132 1676 1255 1730 τινὰ
1285 1674 1618 1746 παντευχίαν
1649 1676 1787 1729 ἀνα-

165 1768 394 1831 λαϐὼν,
446 1767 842 1839 άνταναστήσω
883 1768 944 1821 τὸ
992 1768 1192 1841 ἀληθὲς
1240 1771 1352 1832 τοῖς
1409 1767 1664 1840 φρονοῦσι
1718 1767 1788 1822 τά

167 1861 617 1933 διεστραμμένα.
656 1860 778 1914 Ὀτι
811 1860 919 1932 γάρ
956 1862 985 1914 ὁ
1034 1861 1333 1932 μονογενὴς
1367 1859 1463 1914 τοῦ
1511 1859 1648 1913 Θεοῦ
1680 1860 1787 1913 Λό-

168 1970 301 2023 γος.
354 1954 414 2004 οὐ
466 1951 893 2023 μεσολαϐοὒντος
949 1952 1050 2021 τὴν
1104 1952 1420 2021 οἰκονομίαν
1473 1951 1592 2005 υἱοῦ
1655 1954 1787 2022 παρ’

170 2044 353 2099 αὐτὸν
393 2045 605 2116 ἑτέρου,
632 2045 727 2099 καὶ
756 2044 1120 2113 συναφθέντος
1154 2045 1305 2116 αὐτῷ
1334 2044 1623 2116 σχετικῶς,
1659 2062 1792 2100 κατ-

172 2136 405 2208 ήργηκε
442 2134 535 2188 τοῦ
568 2134 802 2189 θανάτου
830 2135 891 2189 τὸ
919 2134 1142 2209 κράτος,
1178 2135 1343 2199 αὐτὸς
1390 2136 1447 2189 δὲ
1493 2135 1697 2206 μᾶλλον
1722 2135 1789 2189 δι’

174 2228 411 2293 ἑαυτοῦ,
447 2228 782 2283 πιστώσεται
816 2228 1010 2298 λέγων’
1049 2248 1068 2281 ‹
1111 2228 1269 2283 Οὕτω
1297 2230 1407 2300 γάρ
1443 2230 1733 2302 ἠγάπησεν
1763 2230 1791 2282 ό

175 2319 327 2383 Θεὸς
351 2321 441 2374 τὸν
472 2320 699 2390 κόσμον,
731 2319 873 2374 ὥστε
901 2320 991 2374 τὸν
1023 2319 1151 2374 Υίὸν
1184 2320 1352 2374 αὑτοῦ
1397 2320 1488 2374 τὸν
1524 2321 1791 2393 μονογενῆ

178 2413 417 2477 ἔδωκεν,
451 2413 537 2467 ἵνα
570 2414 681 2476 πᾶς
719 2416 748 2467 ό
796 2413 1069 2468 πιστεύων
1113 2415 1190 2477 εἰς
1225 2413 1389 2469 αὑτὸν
1449 2415 1525 2487 μὴ
1555 2415 1794 2486 ἀπόλλη-

180 2520 305 2567 ται,
339 2504 459 2558 ἀλλ’
497 2504 595 2576 ἔχῃ
626 2504 772 2575 ζωὴν
803 2506 1043 2559 αἰώνιον.
1083 2524 1101 2557 ι
1144 2506 1403 2577 Αἵροντος
1433 2507 1491 2560 δὲ
1527 2508 1663 2577 ὑψοῦ
1692 2506 1793 2581 τὴν

185 2598 271 2662 είς
303 2597 395 2651 τὸν
430 2598 635 2668 κόσμον
669 2598 894 2668 ἀγάπην
924 2597 1021 2652 τοῦ
1070 2598 1207 2652 Θεοῦ
1248 2601 1342 2653 καὶ
1364 2600 1599 2672 Πατρὸς,
1631 2602 1797 2674 ὑπερο

189 2689 409 2760 μεγέθη
443 2706 501 2742 τε
551 2688 647 2743 καὶ
679 2690 939 2761 ὑπερφυᾶ
976 2691 1308 2762 γεγενῆσθαι
1362 2692 1631 2762 λέγοντος,
1667 2694 1797 2748 ἀνθ-

186 2781 317 2835 ότου
354 2781 897 2854 κατασμικρύνουσιν
935 2781 1328 2852 οίδιεναντίας,
1362 2785 1421 2838 οὐ
1451 2785 1544 2839 τὸν
1576 2785 1795 2858 ἀληθῶς

188 2874 325 2930 Υίὸν
353 2875 494 2947 ὑπὲρ
517 2875 676 2947 ἡμῶν
709 2875 955 2931 δεδόσθαι
981 2876 1255 2947 λέγοντες,
1283 2879 1399 2933 ἀλλ’
1430 2880 1525 2934 ἕνα
1540 2881 1649 2935 τῶν
1672 2880 1794 2935 καθ’

190 2968 368 3041 ἡμᾶς,
401 2969 717 3040 εἰσποίητον
746 2968 941 3040 ἔχοντα
968 2971 1067 3042 τὴν
1098 2970 1200 3042 τῆς
1231 2971 1482 3043 υἱότητος
1505 2973 1687 3045 χάριν,
1714 2975 1796 3039 είς

187 3056 284 3112 τὸν
314 3057 409 3112 τοῦ
438 3058 581 3113 κατά
604 3059 768 3129 φύσιν
793 3059 927 3114 Υἱοῦ
959 3060 1124 3114 τόπον
1163 3061 1609 3129 ἀναϐιϐάζοντες,
1641 3064 1797 3129 ὅντος

192 3148 252 3203 δὲ
280 3150 621 3219 Μονογενοῦς
646 3150 742 3205 τοῦ
772 3152 1017 3217 δοθέντος
1048 3154 1189 3228 ὑπὲρ
1217 3155 1376 3227 ἡμῶν
1396 3172 1410 3222 ;
1432 3150 1568 3211 Εἶτα
1590 3174 1798 3229 γεγρα-

194 3243 361 3340 φότος
400 3244 653 3340 Ἰωάννου
684 3245 873 3340 σαῌφῶς
895 3263 909 3277 ·
958 3265 976 3299 ι
1035 3246 1093 3300 '0
1125 3248 1423 3319 μονογενὴς
1453 3249 1606 3316 Θεὸς,
1657 3253 1685 3304 ό
1717 3249 1795 3305 ὣν
1823 3280 1867 3340 C

196 3335 278 3397 είς
307 3334 397 3387 τὸν
431 3334 632 3389 κόλπον
674 3334 770 3389 τοῦ
816 3336 1033 3408 Πατρός
1054 3354 1067 3368 ·
1105 3357 1123 3389 ι
1160 3337 1279 3403 πῶς
1302 3339 1404 3394 οὐκ
1430 3339 1496 3394 ἂν
1526 3341 1797 3411 ἀγάσαιτό

196 3442 283 3489 τις
318 3426 417 3495 τῆς
445 3424 689 3496 ἀμαθίας
718 3427 939 3493 αὐτοὺς,
968 3428 1308 3496 ὲξωθοῦντας
1341 3432 1440 3502 μὲν
1463 3434 1563 3504 τῆς
1593 3436 1798 3490 οἰκονο-

201 3514 331 3585 μίας
349 3515 440 3569 τὸν
465 3518 733 3588 μονογενῆ
762 3517 893 3572 Θεὸν
914 3519 1111 3589 Λόγον,
1140 3522 1594 3595 ἀντεισφέροντας
1616 3526 1693 3594 δὲ,
1720 3527 1797 3592 ὡς

197 3607 353 3681 ἔφην,
389 3613 512 3674 ταῖς
561 3610 797 3683 θύραθεν
841 3612 1022 3678 δόξαις
1053 3612 1457 3686 ἐξωραῖσθέντα
1506 3617 1647 3683 τινὰ,
1701 3621 1799 3673 καὶ

197 3702 435 3756 ὶπακτὸν
470 3703 663 3773 ἔχοντα
693 3704 755 3759 τὸ
777 3705 877 3776 τῆς
918 3706 1174 3779 θεότητος
1219 3708 1394 3780 ὄνομα
1419 3727 1432 3775 ;
1460 3706 1593 3765 Εἶτα
1636 3712 1690 3765 τί
1736 3713 1798 3767 τὸ

203 3793 347 3881 μίγα
374 3793 470 3847 καὶ
513 3795 846 3865 άξιάγαστον
877 3798 936 3850 ὲν
979 3800 1045 3868 τῇ
1094 3797 1188 3852 τοῦ
1220 3799 1438 3871 Πατρὸς
1466 3804 1658 3877 ἀγάπῃ
1692 3821 1797 3873 φα-

201 3883 373 3939 νεῖται
407 3885 613 3952 λοιπον,
650 3889 699 3941 εί
733 3888 900 3961 μέρος
927 3888 980 3942 τί
1013 3889 1243 3962 κόσμου,
1274 3893 1367 3945 καὶ
1399 3892 1560 3948 τοῦτο
1596 3894 1794 3967 βραχὺ,

203 3976 431 4031 δέδωκεν
450 3978 591 4048 ὑπὲρ
616 3979 817 4048 αὐτοῦς
859 3982 930 4036 Ἣ
961 3982 1103 4052 τάχα
1136 4000 1239 4037 που
1266 3984 1361 4038 καὶ
1390 3986 1799 4058 ἀνεπίπληκτον

205 4070 397 4137 εἰπεῖν,
422 4070 500 4135 ὡς
523 4072 858 4144 λελύτρωται
889 4074 1095 4146 κόσμος
1120 4076 1272 4130 οὐδὲν
1292 4076 1433 4149 ἔχων
1462 4079 1615 4151 παρά
1638 4079 1797 4149 Θεοῦ,

206 4159 337 4215 άλλά
371 4163 485 4225 τοῖς
531 4161 697 4216 αὑτοῦ
738 4164 930 4235 μέρεσι
962 4164 1099 4237 πρὸς
1131 4166 1289 4221 τοῦτο
1328 4169 1795 4242 ύπηρετούμενος.

278 4432 335 4486 Β.
378 4431 633 4486 Δεδόσθαι
666 4434 799 4501 φασὶ
830 4432 919 4487 τὸν
951 4435 1243 4506 Μονογενῆ.
1270 4437 1423 4511 παρὰ
1444 4438 1538 4493 τοῦ
1563 4440 1798 4514 Πατρὸς,

211 4519 277 4575 ἶν’
305 4520 637 4593 οἰκονομήσῃ
683 4520 752 4573 τά
802 4522 924 4576 καθ’
956 4524 1123 4595 ἡμᾶς,
1156 4528 1256 4597 οὐχ
1298 4528 1386 4582 ἵνα
1417 4546 1469 4582 τι
1508 4530 1657 4602 πάθῃ
1689 4532 1801 4585 τῶν

1891 667 2053 709 ccant
2089 654 2196 725 ipsi
2246 652 2499 722 quisnam
2528 650 2581 704 in
2617 660 2935 717 supremum
2974 642 3104 698 illud
3126 641 3321 697 solium
3356 640 3496 694 asci-

1892 758 1975 803 tus
2008 748 2099 806 sit.
2129 746 2388 816 Patrique
2423 742 2679 799 assideat.
2712 738 2993 808 Siquidem
3041 735 3339 792 absurdum
3387 734 3493 788 im-

1888 842 2082 910 primis
2123 838 2288 893 i'ucrit
2330 836 2698 907 aequalitatem
2755 832 2981 888 honoris
3038 831 3281 885 tribuere
3334 841 3496 881 servo

1889 949 2011 987 cum
2081 931 2321 995 domino,
2366 938 2633 985 creaturas
2670 940 2794 981 cum
2844 932 3121 986 creatore,
3163 921 3210 975 ei
3260 920 3350 989 qui
3394 919 3501 973 sub

1883 1026 2015 1095 jugo
2044 1034 2127 1079 est
2165 1038 2287 1078 cum
2339 1021 2506 1076 totius
2555 1018 2795 1075 universi
2849 1015 3120 1080 Domino;
3173 1022 3227 1065 et
3268 1010 3410 1081 quod
3440 1009 3495 1064 in

1889 1117 2146 1173 omnibus
2168 1122 2324 1187 paret
2351 1112 2604 1184 imperio,
2632 1126 2754 1167 cum
2775 1123 2840 1165 eo
2866 1106 2958 1180 qui
2988 1119 3154 1176 supra
3182 1103 3363 1158 omnia
3385 1111 3493 1157 est.

1960 1209 2023 1264 Β.
2063 1208 2289 1278 Explica
2324 1206 2428 1262 hoc
2457 1204 2617 1260 nobis
2644 1202 2898 1259 ulterius.

1959 1302 2026 1356 Δ.
2068 1300 2257 1371 Atqui,
2285 1308 2344 1354 ut
2384 1298 2647 1363 arbitror,
2690 1291 2983 1349 manifeste
3016 1289 3150 1346 satis
3186 1296 3240 1344 et
3286 1284 3499 1358 prolixe

1889 1395 2049 1450 nobis
2075 1394 2180 1449 hac
2216 1394 2284 1448 de
2316 1407 2377 1449 re
2417 1398 2810 1461 pertractatum
2856 1396 2975 1453 est;
3022 1398 3200 1455 neque
3243 1396 3374 1437 vero
3410 1393 3500 1435 me

1890 1486 2098 1560 pigebit
2123 1487 2187 1541 iis
2209 1474 2331 1555 quae
2360 1484 2475 1541 dixi
2500 1483 2672 1539 etiam
2709 1480 2813 1536 alia
2851 1478 3101 1550 quaedam
3133 1473 3372 1545 adjicere
3398 1489 3413 1539 ;
3442 1480 3501 1525 et

1891 1598 1998 1638 non
2031 1580 2252 1653 ignobili
2282 1577 2588 1650 patrocinio
2616 1590 2714 1647 pro
2742 1572 2918 1631 sacris
2949 1567 3295 1642 dogmatibus
3329 1563 3497 1619 veluti

1889 1677 2125 1747 quadam
2162 1674 2341 1731 omnis
2388 1670 2607 1746 generis
2656 1678 2935 1725 armatura
2982 1665 3256 1728 indutum,
3296 1658 3500 1715 verita-

1893 1780 2001 1826 tem
2028 1782 2308 1839 opponere
2344 1766 2412 1822 iis
2433 1765 2524 1836 qui
2558 1760 2835 1818 contraria
2864 1756 3131 1814 sentiunt.
3163 1751 3317 1821 Quod
3346 1749 3498 1805 enim

1893 1860 2231 1931 unigenitum
2270 1856 2366 1913 Dei
2402 1855 2647 1911 Verbum
2671 1895 2687 1922 ,
2722 1868 2827 1909 non
2866 1847 3273 1906 interveniente
3307 1844 3375 1899 ad
3412 1843 3499 1897 in-

1894 1953 2268 2009 carnationem
2312 1949 2423 2004 fllio
2481 1948 2573 2020 qui
2607 1963 2639 2002 a
2686 1962 2745 2002 se
2788 1945 3037 2000 diversus
3073 1948 3239 2005 esset,
3281 1946 3336 1993 et
3365 1935 3499 1991 stri-

1894 2056 1982 2102 cte
1994 2046 2044 2101 ei
2069 2045 2511 2115 coniungeretur,
2529 2040 2723 2096 mortis
2742 2037 3028 2107 imperium
3049 2031 3381 2097 dissolverit,
3401 2030 3498 2087 sed

1895 2142 2071 2211 ipsum
2104 2137 2283 2208 potius
2306 2134 2545 2190 Verbum
2574 2131 2667 2186 Dei
2701 2145 2797 2199 per
2826 2143 2908 2194 se,
2947 2126 3222 2197 probabit,
3257 2124 3449 2181 dicetis
3479 2140 3496 2180 :

1901 2254 1919 2289 ι
1955 2236 2033 2290 Ita
2064 2234 2210 2289 enim
2261 2230 2453 2286 dilexit
2497 2226 2639 2282 Deus
2677 2224 2962 2288 mundum,
2998 2230 3058 2276 ut
3101 2219 3298 2275 Filium
3339 2231 3499 2273 suum

1896 2328 2236 2398 unigenitum
2274 2322 2517 2386 dederit,
2556 2331 2615 2375 ut
2654 2318 2834 2373 omnis
2883 2316 2975 2388 qui
3009 2313 3183 2370 credi:
3232 2313 3287 2368 in
3320 2312 3501 2383 ipsum

1896 2436 2001 2477 nou
2044 2428 2250 2492 pereat,
2287 2419 2383 2473 sed
2424 2415 2623 2471 habent
2673 2413 2841 2466 vitam
2881 2418 3142 2465 aeternam
3166 2406 3237 2461 “.
3278 2423 3300 2459 ι
3358 2403 3500 2461 Cum

1896 2528 2028 2569 vero
2062 2513 2157 2567 Dei
2204 2525 2270 2566 ac
2314 2506 2497 2564 Patris
2542 2503 2895 2561 dilectionem
2939 2514 3069 2570 erga
3119 2495 3380 2553 mundum
3422 2494 3501 2550 ita

1894 2604 2153 2668 extollat,
2206 2611 2261 2660 et
2310 2602 2630 2657 immensam
2678 2608 2843 2667 atque
2897 2592 3284 2649 inexhaustam
3333 2587 3503 2643 fuisse

1898 2700 2065 2764 dicat,
2099 2712 2198 2753 cur
2226 2692 2473 2751 haeretici
2510 2691 2654 2747 hanc
2684 2688 2903 2745 elevant
2929 2696 3095 2755 atque
3144 2682 3501 2746 imminuent,

1897 2792 2143 2848 dicentes
2180 2803 2286 2843 non
2334 2799 2526 2841 verum
2560 2782 2731 2838 lilium
2772 2795 2874 2853 pro
2910 2779 3068 2835 nobis
3102 2777 3290 2833 datum
3340 2789 3500 2842 esse,

1898 2884 1994 2940 sed
2036 2882 2327 2953 quemdam
2385 2893 2454 2933 ex
2492 2876 2645 2931 nobis
2686 2888 2782 2945 per
2823 2872 3055 2944 gratiam
3089 2872 3143 2925 in
3190 2869 3360 2925 lilium
3404 2867 3504 2923 ad-

1899 2984 2170 3046 optatum,
2191 2986 2428 3041 eumque
2453 2970 2507 3025 in
2528 2967 2792 3024 naturalis
2827 2965 2921 3020 lilii
2945 2965 3123 3022 locum
3151 2961 3463 3020 attollentes
3483 2999 3500 3027 ,

1899 3084 2021 3125 cum
2057 3065 2476 3137 sitUnigenitus
2507 3062 2600 3133 qui
2644 3075 2743 3132 pro
2776 3059 2935 3116 nobis
2983 3057 3146 3113 datus
3192 3057 3325 3112 est?
3358 3055 3508 3113 Prte-

1902 3170 2048 3217 terea
2100 3174 2224 3216 cum
2275 3156 2517 3213 Joannes
2562 3160 2751 3225 aperte
2798 3152 3042 3208 scribat:
3105 3170 3123 3203 ‹
3180 3148 3507 3221 Unigenitus

1900 3251 2044 3307 Deus
2070 3256 2163 3322 qui
2190 3260 2273 3306 est
2314 3249 2366 3303 in
2398 3248 2518 3302 sinu
2557 3244 2736 3299 Patris
2766 3244 2808 3275 "
2842 3261 2856 3298 :
2898 3262 2916 3296 ι
2956 3242 3231 3312 quomodo
3271 3256 3376 3296 non
3417 3240 3509 3297 ad-

1903 3345 2133 3400 miretur
2168 3341 2440 3413 quispiam
2475 3338 2695 3393 illorum
2732 3334 3089 3406 imperitiam,
3118 3335 3209 3405 qui
3239 3337 3308 3390 ab
3330 3335 3507 3390 admi-

1904 3436 2229 3493 nistratione
2263 3436 2316 3489 in
2348 3448 2516 3490 carne
2548 3430 2900 3502 Unigenitum
2931 3428 3027 3486 Dei
3060 3427 3300 3485 Verbum
3325 3430 3509 3485 exclu-

1901 3533 2054 3594 dant,
2090 3526 2259 3601 769
2279 3541 2345 3582 ac
2379 3525 2559 3598 potius
2597 3524 2765 3579 alium
2811 3522 3126 3593 quemdam,
3160 3532 3219 3576 ut
3256 3522 3389 3589 dixi,
3426 3523 3508 3576 in-

1904 3624 2212 3689 troducam,
2244 3621 2555 3676 extrinseca
2591 3628 2755 3687 atque
2786 3613 3023 3672 aseititia
3064 3614 3234 3685 gloria
3263 3614 3507 3684 splendi-

1902 3715 2073 3779 duut,
2123 3711 2537 3781 adventitioque
2593 3707 2824 3765 Deitatis
2892 3707 3114 3762 nomine
3165 3704 3509 3775 praeditum!

1904 3802 2110 3857 Deinde
2138 3801 2398 3871 quidnam
2430 3798 2694 3855 eximium
2726 3805 2820 3851 aut
2855 3811 3189 3870 magnopere
3229 3797 3509 3855 admiran-

1904 3897 2030 3951 dum
2066 3894 2120 3948 in
2153 3892 2447 3949 dilectione
2485 3890 2666 3946 Patris
2697 3903 2823 3945 esse
2857 3899 3186 3955 censeatur,
3216 3890 3260 3945 si
3294 3899 3507 3959 partem

1905 3988 2193 4058 quamdam
2224 3985 2432 4053 mundi,
2470 3992 2635 4054 atque
2670 3981 2818 4037 illam
2843 3982 3064 4053 quidem
3097 3983 3372 4051 exiguam,
3411 3998 3510 4053 pro

1904 4080 2023 4150 ipso
2080 4077 2265 4153 dedit]?
2296 4077 2606 4143 Quinetiam
2648 4077 2751 4131 hoc
2788 4075 3025 4131 fortasse
3071 4086 3217 4131 recte
3266 4076 3371 4133 dici
3415 4092 3509 4147 pn-

1907 4171 2056 4239 terit,
2101 4156 2443 4237 redemptum
2488 4183 2613 4224 esse
2654 4167 2919 4224 mundum
2963 4167 3099 4223 nihil
3146 4169 3443 4226 habentem
3479 4188 3508 4225 a

1907 4265 2053 4331 Deo,
2114 4262 2209 4321 sed
2276 4277 2403 4319 suas
2468 4262 2639 4334 ipsius
2694 4272 2883 4334 partes
2932 4263 3299 4333 redemptioni
3364 4265 3509 4321 inse-

1908 4360 2098 4415 ruisse.

1976 4448 2036 4505 Β.
2074 4450 2242 4506 Aiunt
2275 4450 2493 4522 quidem
2521 4448 2709 4505 datum
2736 4462 2861 4505 esse
2890 4465 2919 4503 a
2948 4448 3112 4505 Patre
3158 4448 3509 4523 Unigenitum

1908 4555 1969 4601 ut
2005 4561 2094 4601 res
2128 4552 2345 4600 nostras
2376 4542 2744 4607 administret,
2781 4558 2887 4598 non
2926 4552 3109 4598 autem
3160 4543 3216 4599 in
3266 4558 3362 4599 sua
3417 4560 3512 4599 na-

212 4612 562 4687 άνθρωπίνων
597 4613 761 4678 αὐτὸς
807 4617 887 4677 εἰς
919 4616 1056 4671 ίδίαν
1095 4617 1259 4689 φύσιν
1282 4637 1297 4650 ο
1328 4620 1612 4693 ἀμήχανον
1663 4624 1794 4696 γάρ.

1908 4648 2027 4693 tura
2058 4638 2355 4692 humanum
2386 4635 2592 4707 aliquid
2623 4635 2899 4707 patiatur;
2930 4651 3054 4691 nam
3100 4637 3205 4694 hoc
3240 4636 3359 4694 ﬁeri
3402 4653 3512 4695 non

279 4796 340 4848 Α.
381 4793 551 4848 Πάθοι
586 4794 687 4864 μὲν
722 4795 789 4849 ἂν
817 4796 981 4861 αὐτὸς
1012 4798 1089 4861 είς
1122 4799 1257 4855 ίδίαν
1289 4801 1452 4870 φύσιν
1483 4802 1544 4856 τὸ
1575 4804 1802 4877 σύμπαν

216 4888 374 4943 οὐδέν.
423 4887 740 4959 Ἀσώματος
784 4888 895 4961 γὰρ
944 4890 1209 4962 ὑπάρχων
1242 4893 1316 4957 ὡς
1365 4894 1519 4960 Θεὸς,
1559 4896 1665 4964 ἔξω
1696 4914 1802 4953 που

217 4981 421 5044 πάντως
450 4980 695 5034 κείσεται
722 4981 818 5036 τοῦ
847 4981 1042 5039 παθεῖν
1063 4998 1076 5014 ·
1102 4984 1228 5039 ἐπεὶ
1254 4985 1311 5041 δὲ
1338 4988 1476 5043 κατά
1509 4990 1609 5061 τὴν
1631 4991 1799 5045 αὐτοῦ

218 5074 411 5146 φωνὴν,
443 5073 541 5147 τὴν
568 5074 657 5129 διά
686 5092 773 5144 γε,
817 5077 983 5148 φημὶ,
1013 5077 1114 5148 τῆς
1141 5078 1236 5132 τοῦ
1270 5079 1579 5159 Ψάλλοντος
1602 5084 1795 5157 λύρας,

220 5166 369 5237 σῶμα
385 5166 533 5237 αὐτῷ
552 5170 910 5240 κατήρτισται
942 5171 1094 5239 παρά
1126 5170 1217 5223 τοῦ
1249 5172 1482 5245 Πατρδς,
1515 5175 1798 5248 παρῆλθεν

219 5259 543 5329 ἑνσώματος,
578 5260 672 5314 τοῦ
710 5261 936 5332 ποιῆσαι
970 5262 1030 5316 τὸ
1064 5261 1277 5335 θέλημα
1305 5266 1492 5323 αὐτοῦ.
1532 5269 1703 5323 Τοῦτο
1738 5271 1797 5326 δι

220 5345 281 5423 ἧν
315 5353 344 5421 ἠ
375 5351 463 5405 διὰ
500 5353 595 5405 τοῦ
633 5354 816 5425 τιμίου
867 5355 1105 5426 σταυροῦ
1152 5356 1422 5429 λύτρωσις
1461 5363 1557 5416 καὶ
1596 5364 1796 5419 ἀνακεο

222 5443 507 5513 ςαλαίωσις
540 5444 649 5499 τῶν
690 5446 847 5513 ὅλων,
885 5446 951 5499 δι’
979 5447 1145 5502 αὐτοῦ
1176 5466 1237 5503 τε
1282 5452 1375 5505 καὶ
1406 5455 1485 5517 είς
1530 5454 1694 5509 αὑτὸν
1733 5452 1792 5512 εὖ

182 5557 187 5560 ν
227 5538 355 5608 μάλα
393 5537 825 5609 κατορθουμένη.
874 5540 1214 5613 Συλλήψεται
1244 5544 1301 5599 δὲ
1330 5541 1413 5611 οἷς
1454 5547 1590 5620 ἔφην
1644 5552 1736 5605 καὶ
1770 5555 1799 5607 ὁ

227 5631 541 5698 πανάριστος
561 5631 791 5694 Παῦλος,
814 5632 1246 5705 ὡδὶγεγραφὼς·
1291 5660 1310 5692 r
1344 5640 1515 5695 Τοῦτο
1548 5648 1795 5714 φρονεῖτε

227 5722 432 5786 ἕκαστος
468 5725 523 5776 ἐν
559 5724 685 5795 ὑμῖν
715 5725 918 5791 αὐτοῖς,
950 5726 976 5780 ὃ
1007 5730 1101 5783 καὶ
1145 5732 1203 5783 ὲν
1237 5733 1455 5807 Χριστῷ
1499 5735 1699 5807 Ἰτπσοῦ,
1740 5740 1797 5807 ὃς

290 5903 329 5935 ⁸⁸
362 5901 518 5962 Joan.
558 5919 640 5971 ιιι,
680 5904 765 5961 16.
844 5905 884 5939 ³⁸
926 5903 1080 5963 Joau.
1129 5923 1165 5977 ι,
1208 5910 1285 5965 18.

1906 4739 2110 4802 potest.

1976 4822 2042 4875 A.
2087 4821 2206 4891 ipse
2242 4830 2392 4878 certe
2422 4822 2479 4877 in
2506 4837 2601 4877 sua
2636 4830 2831 4877 natura
2860 4821 2993 4878 nihil
3019 4823 3242 4880 omnino
3275 4824 3507 4896 patitur.

1900 4916 2039 4971 Cum
2071 4917 2217 4971 enim
2250 4917 2322 4973 sit
2364 4916 2744 4987 incorporeus,
2774 4926 2835 4972 ut
2880 4917 3052 4985 Deus,
3088 4920 3360 4988 passionis
3393 4936 3513 4976 oni-

1900 5010 1989 5065 nis
2015 5024 2211 5077 expers
2241 5018 2343 5065 est.
2369 5010 2505 5066 Cum
2540 5025 2673 5067 vero
2711 5010 2864 5079 juxta
2894 5012 3064 5083 ipsius
3104 5027 3316 5082 vocem,
3352 5014 3509 5085 juxta

1904 5102 2150 5169 Davidis,
2189 5104 2440 5175 inquam,
2477 5102 2676 5175 lyram,
2710 5120 2910 5175 corpus
2940 5106 2990 5161 ei
3022 5122 3051 5161 a
3084 5106 3248 5164 Patre
3282 5122 3506 5182 coapta-

1905 5208 2017 5252 tum
2052 5205 2156 5263 est,
2182 5212 2477 5266 corporeus
2502 5198 2725 5254 advenit
2753 5208 2812 5253 ut
2836 5212 3237 5271 exsequeretur
3259 5204 3510 5260 volunta-

1908 5297 2017 5342 tem
2048 5288 2247 5343 Patris.
2278 5287 2405 5344 Hazc
2431 5304 2596 5358 porro
2622 5300 2743 5347 erat
2773 5292 3077 5362 redemptio
3108 5309 3205 5363 per
3232 5310 3507 5355 veneran-

1905 5380 2029 5436 dam
2063 5396 2127 5437 ac
2172 5382 2467 5453 pretiosam
2516 5398 2758 5451 crucem,
2802 5395 2969 5457 atque
3014 5388 3346 5447 instauratio
3386 5394 3509 5448 uni-

1906 5488 2189 5529 versorum
2235 5489 2330 5545 per
2389 5475 2566 5545 ipsum
2615 5486 2670 5532 et
2722 5477 2775 5530 iu
2826 5477 2943 5548 ipso
2999 5482 3207 5550 optime
3262 5498 3507 5555 peracta.

1904 5563 2187 5619 Consentit
2219 5581 2348 5621 vero
2378 5566 2447 5622 iis
2474 5582 2597 5639 qua:
2637 5568 2775 5624 dixit
2804 5570 2970 5625 etiam
3002 5573 3245 5643 Optimus
3279 5574 3507 5645 Paulus,

1907 5649 1979 5703 ita
2015 5651 2263 5709 scribens
2300 5672 2312 5709 :
2345 5673 2363 5707 ι
2401 5654 2512 5711 lloc
2535 5658 2680 5720 enim
2730 5660 2929 5715 sentite
2971 5662 3024 5717 in
3073 5664 3248 5729 vobis,
3282 5668 3424 5737 quod
3456 5681 3512 5725 et

1906 5743 1960 5799 in
1989 5744 2211 5818 Christo
2246 5746 2397 5817 Jesu,
2426 5752 2516 5823 qui
2546 5768 2669 5809 cum
2702 5754 2767 5827 iu
2805 5754 2981 5813 forma
3032 5755 3125 5815 Dei
3178 5769 3343 5817 esset.
3394 5776 3505 5819 non
