3926 6488
171 466 332 527 1549

1336 456 1527 526 QUOD
1571 453 1757 511 UNUS
1798 452 1907 508 SIT
1947 452 2318 511 CHRISTUS.

3374 453 3518 512 1550

172 590 244 642 tv
288 580 623 640 ταπεινώσει
669 581 729 635 16
768 580 991 652 ὑψηλὸν,
1038 582 1131 633 καὶ
1175 580 1235 633 τὸ
1286 578 1446 648 φύσει
1499 576 1702 647 προσὸν
1730 571 1804 636 ὡς

1937 589 2058 642 nem,
2091 584 2147 631 et
2177 574 2227 630 id
2264 570 2414 646 quod
2456 584 2653 630 natura
2690 572 2791 643 ipsi
2838 572 2982 629 inest
3028 568 3187 642 quasi
3231 582 3520 641 accc-ptum

172 680 342 735 ὃοτδν
374 677 460 735 διὰ
502 677 565 731 1b
595 674 941 745 ἀνθρώπινον
971 671 1400 745 προσκυνεῖσθαι
1440 670 1581 740 πρὸς
1627 662 1801 720 ἁπάν-

176 790 323 827 των.
366 770 631 840 Κάμπτει
678 766 791 837 γὰρ
829 764 981 835 αὐτῷ
1017 768 1125 819 πᾶν
1175 764 1304 833 γόνυ
1351 761 1462 817 τῶν
1507 778 1568 813 τε
1615 760 1672 812 ἐν
1708 754 1797 807 ού-

176 866 402 936 ρανοῖς,
437 862 532 916 καὶ
572 860 665 913 ἐπὶ
699 859 823 927 γῆς,
859 859 954 911 καὶ
1003 857 1112 911 πᾶν
1145 856 1336 925 τάγμα
1363 852 1658 921 δοξολογεῐ.
1685 851 1803 905 Κύ-

181 971 311 1025 ριος
344 955 456 1024 γὰρ
483 948 626 1005 εἶναι
658 948 981 1003 πιστεύεται
1023 949 1260 1020 Χριστὸς
1303 945 1513 1017 Ἰησοῦς
1541 946 1622 1010 εἰς
1644 944 1804 1010 δόξαν

179 1046 330 1102 Θεοῦ
360 1044 600 1118 Πατρός.
647 1046 758 1100 Καὶ
784 1042 916 1113 γοῦν
962 1042 1067 1113 ἔφη
1100 1042 1237 1114 πρὸς
1260 1041 1350 1096 τὸν
1376 1042 1436 1093 ὲν
1475 1043 1589 1104 τοῖς
1635 1039 1806 1110 οὐρα-

181 1144 307 1206 νοῖς
340 1140 563 1211 Πατέρα
594 1139 687 1193 καὶ
724 1137 879 1192 Θεόν⁸
920 1157 938 1189 ι
975 1136 1182 1205 Πάτερ,
1232 1134 1457 1199 δόξασόν
1488 1150 1555 1204 με
1581 1135 1647 1204 τῇ
1672 1131 1802 1203 δόξῃ

184 1229 226 1314 ᾖ
259 1230 433 1307 εἶχον.
464 1233 572 1304 πρὸ
594 1231 690 1286 τοῦ
724 1231 816 1285 τὸν
844 1230 1049 1301 κόσμον
1083 1225 1244 1294 εῖναι,
1281 1227 1435 1299 παρὰ
1470 1227 1573 1281 σοι.
1613 1245 1630 1276 ι
1674 1220 1804 1297 ’Ἆρ’

182 1326 312 1393 οὖν,
358 1327 480 1383 εἰπέ
513 1344 627 1397 μοι,
661 1322 1001 1396 προκόσμιος
1034 1317 1101 1391 ἦν
1147 1323 1175 1374 6
1206 1319 1520 1390 ἄνθρωπος,
1553 1318 1613 1371 6v
1656 1318 1808 1372 ἀνει-

186 1420 405 1492 λῆφθαί
444 1436 582 1490 φασι
612 1414 765 1486 παρὰ
808 1413 904 1467 τοῦ
936 1411 1279 1481 Μονογενοῦς
1313 1410 1459 1464 κατὰ
1505 1409 1803 1479 συνάφειαν

190 1516 461 1588 σχετικὴν
481 1531 498 1575 ;

272 1609 336 1663 Β.
375 1606 664 1678 Οὐδαμῶς.
1616 1650 1619 1655 λ

267 1704 337 1756 Δ.
380 1703 424 1755 Τ
430 1702 478 1766 ις
506 1697 600 1756 οὖν
644 1702 754 1772 ἄρα
786 1699 935 1753 ἐστὶν
983 1700 1011 1750 6
1058 1696 1215 1761 δόξαν
1246 1693 1435 1755 αἰτῶν,
1468 1693 1536 1765 ἣν
1566 1695 1660 1747 καὶ
1698 1693 1805 1763 πρὸ

1910 668 2199 723 habentem
2220 677 2443 738 propter
2468 667 2891 731 humanitatem,
2914 666 2983 721 ah
2998 663 3253 721 omnibus
3274 665 3524 735 aderari.

1909 758 2162 815 Flectunt
2192 762 2336 815 enim
2365 760 2416 815 ei
2440 775 2580 834 genu
2604 760 2787 816 omnia
2818 759 3090 826 coelestia,
3118 769 3176 815 et
3212 758 3529 823 terrestria,

1908 862 1963 907 et
1990 853 2171 908 omnis
2200 854 2334 908 ordo
2356 852 2649 909 clarillcat.
2688 853 2949 909 Dominus
2988 853 3132 908 enim
3170 866 3296 908 esse
3338 850 3525 906 credi-

1912 952 2005 1000 tur
2034 945 2293 1000 Christus
2336 944 2493 1001 Iesus
2534 946 2586 1000 in
2635 945 2866 1017 gloriam
2901 943 2995 1001 Dei
3031 944 3252 1000 Patris:
3294 944 3428 1017 quin
3470 953 3520 996 ct

1911 1036 2025 1106 ipse
2056 1036 2124 1090 ad
2158 1034 2374 1092 Patrem
2402 1050 2471 1097 ac
2500 1034 2672 1091 Deum
2706 1036 2985 1093 cmlestem
3013 1036 3087 1091 ita
3121 1037 3338 1106 inquit:
3372 1052 3393 1091 ι
3418 1033 3523 1091 Pa-

1913 1137 2015 1193 ter,
2042 1127 2285 1198 gloridca
2329 1142 2417 1184 me
2461 1142 2525 1183 ea
2557 1127 2733 1199 gloria
2771 1142 2939 1196 quam
2986 1127 3177 1197 habui,
3223 1136 3519 1199 antequam

1911 1221 2145 1276 mundus
2175 1229 2347 1283 esset.
2400 1221 2542 1292 apud
2580 1230 2634 1277 te
2668 1219 2735 1275 “.
2771 1237 2791 1273 ι
2830 1219 2931 1276 Dic
2973 1234 3102 1277 vero
3144 1220 3275 1276 mihi
3310 1239 3327 1278 :
3360 1222 3528 1277 horno

1910 1311 2001 1368 ille
2031 1327 2195 1383 quem
2220 1312 2290 1369 ab
2326 1312 2619 1384 Unigenito
2660 1312 2873 1369 ratione
2912 1322 3079 1368 arcta:
3117 1312 3527 1383 coniunctionis

1910 1416 2251 1476 assumptum
2301 1420 2424 1462 esse
2469 1406 2686 1471 dicunt,
2723 1406 3007 1463 exstitltue
3065 1416 3194 1462 ante
3254 1406 3525 1465 constitu-

1914 1498 2116 1553 tionem
2145 1498 2371 1554 mundi?

1985 1590 2048 1645 Β.
2122 1589 2506 1663 Nequaquam.

1986 1685 2055 1739 A.
2098 1684 2363 1753 Quisnam
2391 1688 2556 1759 igitur
2577 1699 2661 1745 εει
2693 1688 2785 1759 qui
2814 1688 2951 1759 petit
2984 1702 3103 1743 eam
3129 1686 3384 1759 gloriam,
3409 1702 3517 1765 qua

191 1794 373 1863 αὐτῆς
415 1794 513 1863 τῆς
539 1790 635 1847 τοῦ
665 1792 876 1862 κόσμου
920 1789 1228 1859 καταϐολῆς
1262 1787 1594 1857 ἐνυπάρχειν
1625 1784 1806 1855 ἑαυτῷ

1937 1794 1973 1835 ιε
2021 1788 2151 1835 ante
2207 1781 2488 1836 conditum
2550 1782 2814 1836 mundum
2875 1781 3164 1851 prmditum
3215 1780 3391 1837 fuisse
3422 1780 3528 1852 ait,

194 1902 393 1958 φησιν,
427 1884 515 1938 ἀεὶ
561 1884 657 1936 καὶ
708 1882 797 1935 διὰ
843 1880 1048 1943 παντὸς
1078 1879 1195 1931 ὄντι
1236 1878 1390 1949 παρὰ
1418 1876 1575 1947 Θεῷ;
1623 1877 1737 1946 Οὐχ
1780 1877 1809 1931 ό

1937 1870 2075 1940 17],
2115 1885 2455 1942 semperque
2498 1879 2555 1927 et
2596 1872 2665 1927 ab
2704 1882 2912 1927 aeterno
2965 1874 3106 1942 apud
3149 1873 3318 1927 Deum
3358 1874 3533 1929 exsti-

196 1939 477 2039 éJVGIétO;
520 1974 599 2047 τῷ
661 1973 842 2045 Πατρὶ
884 1939 1237 2041 ΘεὺςνΛόγος
1264 2012 1278 2036 ,
1317 1939 1357 2023 '6
1404 1939 1802 2041 σύνθρονόςητε

1940 1964 2088 2020 isse?
2126 1963 2320 2020 Nonne
2368 1974 2706 2021 coreteruum
2744 1963 2892 2020 Patri
2944 1964 3221 2033 Verbum,
3258 1981 3364 2020 una
3401 1981 3527 2022 cum

195 2071 300 2126 καὶ
346 2066 772 2139 συνυῳεστηκὼς
818 2065 991 2139 αὐτῷ,
1025 2067 1154 2137 περὶ
1189 2058 1249 2120 οὗ
1277 2080 1443 2135 φησιν
1471 2066 1499 2118 6
1529 2063 1808 2133 πάνσοφος

196 2161 599 2233 σύαγγελιστὴς
635 2159 907 2232 Ἰωάννης*
939 2179 956 2213 ι
977 2160 1041 2214 '0
1063 2159 1235 2228 Λόγος
1264 2153 1333 2229 ἦν
1369 2156 1508 2229 πρὸς
1535 2156 1626 2209 τὸν
1647 2154 1804 2221 Θεὸν,

198 2254 298 2309 καὶ
327 2254 460 2317 Θεὸς
484 2249 553 2325 ἦν
579 2257 607 2307 6
639 2255 848 2321 Λόγος;
887 2273 906 2305 ι

274 2347 337 2399 Β.
378 2346 502 2406 Πῶς
534 2346 643 2418 γάρ
672 2345 765 2409 οὓς

274 2439 342 2491 Α.
377 2438 589 2510 Ὠσπερ
618 2432 710 2491 οὖν
740 2436 841 2506 τῆς
885 2435 1046 2506 δόξης
1083 2434 1290 2507 Κύριος
1322 2434 1418 2497 ὢν,
1454 2429 1570 2486 εἶτα
1618 2432 1808 2495 καθεὶς

202 2531 402 2583 ἑαυτὸν
430 2530 517 2584 διὰ
555 2529 724 2599 μέσου
760 2531 895 2600 πρὸς
921 2529 982 2581 τὸ
1016 2527 1276 2590 δυσκλεὲς
1316 2528 1413 2596 τῆς
1446 2526 1634 2578 δούλου
1676 2541 1811 2596 μορο

204 2623 340 2695 φῆς,
383 2624 483 2693 τῆς
539 2622 767 2693 ἐνούσης
809 2622 898 2674 ἀεὶ
942 2621 1102 2690 δόξης
1159 2620 1339 2689 ἑαυτῷ
1387 2620 1485 2688 τὴν
1540 2618 1809 2687 ἀνάληψιν

205 2719 369 2780 αἰτεῖ,
392 2717 486 2769 καὶ
513 2714 676 2768 τοῦτο
699 2713 841 2785 δρῶν
858 2712 954 2767 ἀνθ
965 2712 1368 2785 ρωποπρεπῶς·
1400 2711 1544 2763 οὕτω
1566 2712 1659 2763 καὶ
1678 2711 1810 2775 Θεὸς

207 2808 476 2879 ὑπάρχων
507 2808 615 2871 ἀεὶ,
651 2807 787 2877 πρὸς
816 2805 916 2876 τὴν
942 2806 1041 2874 τῆς
1076 2805 1211 2866 ιδίας
1252 2804 1505 2874 θεότητος
1533 2804 1811 2875 ὑπεροχήν

206 2916 269 2951 τε
304 2897 588 2962 καὶδόξαν
637 2900 701 2949 ὲκ
747 2896 856 2948 τῶν
891 2894 1014 2947 καθ’
1061 2895 1211 2965 ἡμᾶς
1252 2894 1470 2963 μέτρων
1524 2894 1809 2964 ἀναφοιτᾷ,

211 2992 281 3043 ῖν⁴
297 2988 371 3053 ὡς
394 2991 473 3043 ἑνὶ
504 2988 689 3041 λοιπὸν
710 2987 824 3058 Υἱῷ
852 2987 930 3057 τῷ
958 2986 1100 3039 κατὰ
1124 2986 1391 3055 φύσινκαὶ
1416 2985 1675 3055 ἀληθινῷ,
1694 2985 1816 3040 καί-

208 3100 296 3139 τοι
332 3081 454 3139 καθ’
493 3083 642 3153 ἡμᾶς
677 3081 925 3149 γεγονότι
969 3081 1064 3132 καὶ
1116 3078 1547 3149 σεσαρκωμένῳ,
1584 3078 1817 3150 κάμπτῃ

210 3178 326 3235 πᾶν
356 3176 505 3242 γόνυ,
544 3174 801 3244 καθάπερ
842 3172 978 3244 ἔφην
1022 3174 1247 3244 ἀρτίως.
1283 3173 1454 3224 Ταυτὶ
1485 3172 1614 3243 γὰρ,
1638 3160 1812 3243 οἶμαι,

214 3268 544 3341 φρονοῦντες
573 3266 759 3320 ὼδέτε
788 3264 1162 3327 πιστεύοντες,
1206 3263 1571 3334 ἐγκλημάτων
1603 3263 1819 3336 ἀνθρω-

214 3360 540 3431 ⁴ιτολατρίας,
575 3358 807 3429 οὐρανόν
833 3373 893 3409 τε
918 3358 1010 3410 καὶ
1036 3357 1139 3425 γῆν
1166 3355 1577 3425 ἀπαλλάξομεν.
1612 3356 1824 3427 Γέγρα-

216 3468 352 3509 πται
384 3451 513 3521 γὰρ,
549 3451 631 3504 ὅτι
673 3468 691 3502 ι
730 3448 937 3520 Κύριον
969 3449 1059 3501 τὸν
1089 3448 1222 3500 Θεόν
1274 3465 1365 3501 σου
1398 3449 1823 3519 προσκυνήσεις,

218 3545 315 3599 καὶ
353 3542 501 3613 αὑτῷ
534 3542 683 3613 μόνῳ
708 3540 1054 3604 λατρεύσεις.
1101 3560 1118 3591 ι

300 3722 359 3777 Β.
392 3720 670 3778 Πλείστων
716 3720 785 3775 ἂν
818 3720 991 3773 δέοιτο
1038 3720 1145 3773 τῶν
1186 3722 1651 3793 ὲπικουρημάτων
1682 3725 1708 3775 ὀ
1734 3725 1828 3776 ἐπὶ

219 3814 359 3886 τῷδε
391 3814 573 3881 λόγος.
620 3814 725 3867 Ἴθι
767 3813 831 3884 δὴ
856 3811 949 3866 οὖν
978 3814 1071 3866 καὶ
1100 3813 1167 3866 δι’
1212 3815 1416 3884 ἑτέρων
1448 3818 1581 3885 ἡμῖν
1607 3818 1827 3869 ὲννοιῶν

218 3908 475 3977 ἅασάφει
502 3909 562 3961 τὸ
589 3909 914 3979 μυστήριον.

296 4001 359 4053 Α.
397 3996 607 4055 Οὐκοῦν
638 3993 755 4068 εἶμι
797 4015 901 4061 τοι,
940 3999 1036 4051 καὶ
1078 3997 1224 4068 μάλα
1280 3997 1583 4070 προθύμως
1608 4016 1620 4028 ’
1659 3999 1828 4070 φαίην

221 4094 269 4147 δ’
295 4094 381 4155 ἂν,
406 4094 488 4146 δτι
517 4092 877 4163 ἡμαρτήκασι
902 4090 1195 4162 τάληθοῦς,
1228 4093 1303 4155 ὼς
1334 4092 1522 4163 ἕτερον
1555 4095 1686 4162 ἡμῖν
1710 4092 1826 4145 υἱὸν

222 4185 318 4240 τὸν
353 4187 417 4239 ἐκ
457 4186 773 4255 σπέρματος
806 4183 901 4237 τοῦ
928 4184 1095 4237 Δαδὶδ
1123 4183 1607 4256 παραζευγνύντες
1632 4184 1710 4255 τῷ
1734 4185 1828 4253 φύ-

226 4295 313 4333 σει
348 4280 441 4332 καὶ
474 4277 711 4348 άληθῶς,
765 4277 925 4347 δῆλον
954 4278 1011 4331 δὲ
1059 4280 1139 4331 ὅτι
1188 4276 1265 4348 τῷ
1297 4279 1616 4347 Μονογε-νεί,
1650 4278 1826 4332 καίτοι

225 4372 461 4444 βοῶντος
500 4370 686 4439 cauti);
731 4371 875 4442 ἱεροῦ
923 4371 1274 4441 Γράμματος·
1316 4390 1333 4423 ι
1384 4372 1442 4424 Ὀ
1488 4371 1705 4440 πρῶτος
1736 4371 1827 4424 ἄν·

228 4467 448 4538 θρωπος
468 4466 535 4517 ὲκ
562 4467 665 4535 γῆς
684 4464 888 4535 χοϊκός,
916 4466 943 4516 6
983 4462 1236 4536 δεύτερος
1268 4462 1328 4528 ἐξ
1376 4463 1609 4534 ούρανοῦ
1630 4479 1642 4491 ’
1676 4484 1694 4515 ›
1732 4466 1828 4518 καὶ

234 4556 342 4629 μὴν
369 4556 465 4610 καὶ
486 4554 651 4609 αὐτοῦ
682 4556 778 4609 τοῦ
814 4555 969 4621 Tim"),
997 4558 1078 4609 ὅτι
1100 4574 1118 4606 ι
1141 4555 1516 4625 Καταῦέὸηκα
1542 4558 1607 4609 ἐκ
1624 4556 1719 4610 τοῦ
1739 4557 1829 4611 οὒς

233 4648 419 4723 ρανοῦ,
448 4649 548 4719 οὐχ
570 4649 659 4702 ἵνα
688 4648 829 4702 ποιῶ
857 4649 917 4702 1b
939 4648 1153 4720 θέλημα
1168 4648 1227 4702 τὸ
1254 4650 1409 4718 ὲμὸν,
1430 4648 1567 4703 ἀλλὰ
1587 4649 1649 4702 τὸ
1667 4648 1826 4720 θέλῃ·-

232 4740 420 4814 ματοῡ
455 4739 773 4812 πέμψαντός
806 4759 894 4811 με.
923 4740 1095 4795 Τοῦτο
1132 4740 1191 4795 δέ
1239 4742 1356 4793 ἐστι
1392 4739 1453 4793 τὸ
1486 4740 1701 4811 θέλημα
1730 4741 1825 4796 τοῦ

232 4832 545 4905 πέμψαντός
583 4850 673 4903 με,
705 4833 795 4887 ἵνα
821 4834 929 4886 πᾶν
959 4833 987 4885 ὃ
1010 4832 1211 4891 δέδωκὲ
1243 4849 1334 4903 μοι
1369 4832 1444 4903 μὴ
1478 4833 1730 4887 ἀπολέσω
1769 4834 1827 4899 ἐξ

233 4926 418 4993 αὐτοῦ,
449 4924 587 4980 ἀλλὰ
609 4928 902 4998 ἀναστήσω
929 4926 1060 4979 αὐτὸ
1085 4930 1153 4997 τῇ
1178 4927 1383 4997 ἐσχάτῃ
1409 4926 1611 4999 ἡμέρα.
1647 4946 1665 4977 ι
1696 4926 1830 4979 Τίνα

236 5021 299 5095 δὴ
328 5017 422 5077 οὖν
451 5023 559 5093 ἄρα
587 5022 724 5091 φασὶ
745 5022 838 5075 τὸν
866 5021 928 5087 ιξ
960 5020 1189 5093 οὐρανοῦ
1229 5020 1562 5091 καθιγμὲνον
1586 5039 1600 5089 ;
1631 5021 1828 5089 Γεγέν-

224 5133 390 5185 ,νηται
419 5115 529 5186 γὰρ
562 5116 624 5169 16
654 5115 817 5187 σῶμα
840 5118 905 5169 ὲκ
938 5115 1218 5185 γυναικός.

306 5208 364 5262 Β.
384 5208 490 5261 Τὸν
514 5209 581 5261 ἑκ
602 5207 739 5261 Θεοῦ
772 5209 989 5281 Πατρὸς
1015 5208 1259 5279 δηλονότι
1282 5208 1616 5280 γεννηθέντα
1638 5208 1827 5277 Λόγον.

240 5296 404 5371 Οἶμαι
442 5284 553 5372 γάρ
579 5302 677 5373 οὐχ
705 5302 892 5372 ἕτερόν
914 5319 965 5355 τι
1008 5305 1227 5375 φρονεῖν
1251 5304 1467 5357 ἑλέσθαι
1498 5304 1650 5376 παρὰ
1674 5306 1833 5361 τοῦτο

241 5391 454 5454 αὐτούς.

310 5490 372 5541 Α.
421 5487 648 5561 Ὀρθῶς,
682 5482 728 5542 ὦ
750 5491 954 5563 ἑταῖρε.
988 5490 1240 5561 Γέγραφε
1272 5491 1329 5545 δέ
1358 5510 1461 5545 που
1508 5493 1601 5547 καὶ
1627 5494 1655 5547 6
1688 5493 1824 5547 πάν-

247 5595 400 5648 σοφος
448 5582 705 5653 Ἰωάννης
736 5600 749 5613 ·
812 5604 830 5635 ι
897 5585 955 5639 '0
1001 5584 1209 5640 ἄνωθεν
1267 5585 1583 5657 ἐρχόμενος,
1644 5586 1831 5641 ἐπάνω

255 5680 457 5725 σάντων
515 5674 681 5728 ἐστίν.
724 5694 742 5726 ι
783 5670 916 5729 Εἶτα
966 5677 1081 5741 πῶς
1133 5678 1409 5741 ἐθέλοντος
1462 5678 1557 5731 τοῦ
1615 5679 1832 5750 [ἰατρὸς

312 5869 549 5945 "join.
601 5892 729 5945 xvii,
765 5878 813 5931 ii.

894 5879 937 5907 ³⁸
980 5880 1139 5935 Deut.
1186 5896 1253 5949 νι,
1290 5880 1387 5950 l3;
1423 5880 1618 5939 Matth.
1661 5900 1733 5953 iv,
1768 5885 1851 5941 l0.

249 5958 327 6011 ιιι,
358 5943 448 6000 δι.

1915 2055 2032 2126 ipso
2056 2055 2357 2125 exsistens,
2395 2057 2556 2126 eique
2599 2057 2881 2123 assidens,
2934 2057 3000 2112 de
3042 2072 3150 2128 quo
3188 2056 3528 2128 evangelista

1914 2150 2154 2207 Joannes
2186 2150 2405 2222 inquit:
2438 2168 2457 2202 ι
2492 2149 2733 2207 Verbum
2778 2157 2897 2207 erat
2915 2150 3058 2220 apud
3077 2149 3272 2217 Deum,
3302 2160 3356 2207 et
3383 2147 3531 2205 Deus

1916 2255 2036 2299 erat
2065 2242 2301 2300 Verbum
2326 2244 2349 2297 ?
2391 2261 2410 2295 ι

1986 2336 2067 2392 B.‘
2089 2334 2226 2402 Quis
2256 2334 2467 2390 dubitet
2498 2336 2521 2390 ?

1991 2431 2058 2485 A.
2089 2428 2563 2495 Quemadmodum
2614 2428 2784 2500 igitur
2834 2428 3026 2497 gloria:
3065 2428 3330 2485 Dominus
3378 2430 3528 2486 exsi-
3563 2469 3572 2479 .

1917 2534 2089 2591 stens,
2127 2538 2252 2578 cum
2289 2537 2348 2577 se
2376 2522 2598 2578 demisit
2630 2532 2820 2593 postea
2849 2523 2918 2578 ad
2964 2523 3180 2580 servilis
3205 2522 3393 2580 forma:
3430 2525 3534 2579 hu-

1920 2620 2231 2683 militatem,
2253 2618 2481 2687 gloriam
2507 2633 2612 2688 qua
2638 2618 2704 2672 ab
2731 2627 2939 2672 teterno
2966 2615 3229 2689 praeditus
3259 2628 3343 2673 est
3376 2620 3530 2675 reddi

1920 2712 2021 2767 sibi
2056 2712 2229 2781 poscit
2255 2721 2310 2765 et
2344 2710 2563 2779 quidem
2606 2710 2710 2764 hoc
2739 2718 3107 2785 congruenter
3140 2711 3392 2767 humanm
3429 2728 3529 2782 ua-

1924 2814 2060 2859 tum
2094 2805 2225 2859 facit
2262 2820 2274 2857 :
2312 2804 2387 2859 ita
2420 2805 2585 2859 etiam
2632 2804 2775 2858 Deus
2796 2794 2807 2807 "
2827 2819 3045 2875 semper
3091 2804 3366 2860 exsistens
3394 2846 3410 2871 ,
3466 2806 3532 2858 ad

1924 2897 2157 2967 propriae
2190 2913 2303 2953 suae
2361 2897 2581 2952 deitatis
2635 2898 3163 2967 superemineutiam
3206 2908 3263 2952 et
3302 2898 3531 2970 gloriam

1924 2998 1956 3038 e
1989 2997 2180 3039 nostra
2216 2985 2533 3041 conditione
2559 3001 2775 3039 rursum
2804 2988 3147 3053 conscendit,
3178 2996 3238 3041 ut
3272 2999 3531 3061 tanquam

1926 3079 2017 3133 ιιιιί
2083 3079 2340 3148 deinceps
2392 3079 2627 3133 naturali
2676 3095 2739 3133 ac
2786 3094 2915 3133 vero
2964 3078 3137 3145 Filio,
3174 3082 3393 3136 tametsi
3443 3097 3535 3136 no.

1928 3173 2025 3227 stri
2085 3172 2247 3225 simili
2312 3172 2462 3226 facto
2517 3181 2680 3241 atque
2713 3173 2999 3226 iucarnalo
3052 3189 3215 3229 omne
3250 3190 3390 3243 genu
3443 3172 3539 3229 lle-

1930 3274 2142 3330 ctatur,
2194 3265 2337 3320 sicut
2379 3265 2541 3318 modo
2577 3264 2709 3318 dixi.
2764 3263 3000 3319 ltaeuiin
3027 3267 3332 3322 sentientes
3376 3278 3542 3337 atque

1933 3358 2242 3425 credentes,
2280 3359 2479 3413 cmlum
2517 3357 2723 3427 pariter
2761 3367 2817 3412 et
2844 3368 3047 3413 terram
3092 3358 3160 3412 ab
3196 3374 3262 3414 eo
3305 3360 3539 3413 crimine

1929 3452 2073 3523 quod
2104 3451 2380 3506 hominem
2401 3452 2591 3505 adoret
2612 3450 2931 3504 lihermnus.
2950 3450 3228 3521 Scriptum
3247 3460 3332 3505 est
3354 3451 3536 3505 enim:

1932 3545 2059 3614 quia
2098 3563 2116 3595 ι
2161 3543 2454 3610 Dominum
2484 3543 2651 3597 Deum
2705 3551 2857 3596 tuum
2902 3541 3178 3607 adorabis,
3226 3552 3280 3597 et
3321 3543 3396 3597 illi
3441 3544 3540 3599 soli

1931 3639 2141 3693 servies
2163 3636 2228 3690 ³⁵.
2255 3653 2274 3688 ι

2005 3729 2067 3783 Β.
2108 3728 2291 3784 Multis
2324 3726 2676 3783 adminiculis
2712 3742 2896 3782 sermo
2941 3727 3045 3783 hac
3080 3727 3147 3784 de
3181 3744 3240 3784 re
3274 3728 3538 3801 indigeat.

1932 3822 2104 3891 Perge
2141 3822 2357 3889 itaque,
2395 3828 2451 3873 et
2491 3816 2616 3873 aliis
2658 3817 2825 3872 etiam
2874 3818 3186 3877 rationibus
3215 3819 3375 3875 nobis
3428 3834 3539 3893 my.

1932 3917 2161 3995 sterium
2192 3914 2427 3982 explica.
3383 3966 3394 3979 ε

2004 4008 2069 4062 Α.
2105 4010 2364 4076 Pergam,
2393 4014 2448 4061 et
2482 4005 2703 4075 quidem
2738 4004 3099 4075 perlibenter.
3135 4008 3380 4065 Direrim
3406 4023 3541 4066 vero

1933 4116 2027 4157 eos
2058 4117 2087 4155 a
2112 4116 2245 4155 vero
2267 4100 2557 4163 aberrare,
2579 4098 2722 4169 quod
2752 4098 2921 4154 alium
2954 4100 3120 4155 nobis
3156 4100 3326 4157 lilium
3345 4104 3437 4173 qui
3472 4106 3549 4161 sit

1934 4209 2000 4249 ex
2030 4194 2241 4249 semine
2271 4192 2443 4247 David
2475 4191 2818 4262 conjungunt
2854 4208 2979 4247 cum
3039 4194 3276 4249 naturali
3311 4210 3374 4250 ac
3417 4211 3549 4253 vere

1936 4284 2078 4340 Filio
2113 4326 2129 4352 ,
2193 4284 2455 4339 nimirum
2532 4283 2869 4351 Unigenito,
2952 4299 3076 4340 cum
3123 4286 3328 4356 alioqui
3386 4302 3545 4344 sacra

1936 4379 2221 4450 Scriptura
2254 4388 2441 4447 aperte
2477 4376 2722 4432 clamet:
2767 4394 2787 4428 ι
2834 4376 3239 4433 Primusbomo
3289 4396 3355 4437 ex
3402 4391 3547 4438 terra

1935 4481 2209 4535 terrenus,
2262 4470 2536 4523 secundus
2589 4483 2655 4523 ex
2704 4468 2847 4523 cmlo
2905 4470 3143 4526 caelestis
3180 4470 3226 4503 ³⁸
3268 4489 3282 4526 :
3344 4490 3364 4524 ι
3417 4473 3548 4546 quin

1932 4573 1987 4619 et
2010 4562 2152 4617 Filio
2178 4562 2296 4631 ipso
2330 4560 2548 4615 dicente
2570 4600 2585 4624 ,
2642 4561 2770 4629 quia
2802 4578 2821 4612 ι
2857 4561 3126 4616 Descendi
3149 4577 3215 4617 ex
3249 4563 3410 4631 casio,
3442 4583 3547 4619 non

1862 4684 1904 4739 υ
1936 4669 1993 4713 ιιι
2030 4657 2230 4713 faciant
2267 4655 2606 4711 voluntatem
2658 4670 2870 4720 meam,
2912 4656 3009 4711 sed
3051 4656 3386 4713 voluntatem
3433 4659 3557 4728 ejus

1937 4753 2028 4823 qui
2058 4750 2206 4806 misit
2247 4765 2355 4805 me.
2390 4747 2518 4804 llaec
2542 4756 2630 4803 est
2660 4756 2846 4803 autem
2875 4748 3127 4803 voluntas
3168 4748 3287 4817 ejus
3314 4750 3406 4820 qui
3444 4753 3551 4805 nti-

1938 4844 2009 4899 sit
2034 4857 2141 4909 me,
2175 4850 2235 4896 ut
2262 4854 2429 4896 omne
2482 4840 2631 4910 quod
2667 4840 2820 4895 dedit
2862 4840 3000 4894 mihi
3038 4855 3148 4895 non
3199 4841 3447 4909 amittam
3480 4858 3551 4899 ex

1938 4953 2026 5001 eo,
2056 4936 2153 4999 sed.
2185 4934 2507 4991 resuscitem
2529 4933 2747 4989 illud‘in
2772 4934 3074 4991 novissimo
3100 4936 3189 4991 die
3217 4936 3316 4990 ⁸⁷.»
3337 4938 3546 5005 Queru-

1939 5048 2066 5086 nuni
2091 5030 2258 5101 igitur
2285 5041 2412 5082 esse
2437 5026 2627 5081 dicunt
2654 5041 2777 5081 eum
2813 5026 2906 5095 qui
2940 5041 2971 5082 e
3020 5027 3165 5084 ctelo
3207 5029 3494 5098 descendit
3528 5030 3553 5087 τ

1937 5134 2123 5179 natum
2156 5122 2301 5176 enim
2328 5128 2413 5175 est
2441 5134 2643 5191 corpus
2678 5134 2745 5175 ex
2773 5120 3029 5175 muliere.

2011 5215 2074 5270 Β.
2110 5212 2349 5269 Verbum
2378 5211 2640 5285 profecto
2678 5226 2746 5268 ea
2778 5212 2891 5268 Deo
2929 5212 3096 5269 Patre
3126 5214 3395 5287 genitum.
3444 5217 3552 5272 Ar-

1941 5306 2117 5361 bitror
2197 5304 2345 5359 enim
2432 5304 2584 5375 ipsos
2658 5319 2768 5360 non
2840 5304 2997 5361 aliud
3078 5306 3375 5381 quidquam
3449 5311 3555 5369 hoc

1938 5398 2095 5455 velle.

2008 5495 2084 5571 0A.
2116 5490 2287 5547 Recte
2317 5490 2419 5553 ais,
2446 5505 2479 5546 ο
2517 5492 2713 5546 amice.
2745 5489 2987 5561 Scripsit
3010 5504 3141 5547 vero
3162 5491 3361 5548 alicubi
3387 5494 3559 5550 ctianr

1947 5586 2388 5654 sapientissimus
2417 5582 2714 5663 Joannes:
2757 5602 2775 5636 ι
2834 5584 2937 5652 Qui
2984 5600 3015 5641 e
3054 5586 3311 5655 supernis
3367 5589 3554 5653 venit,

1946 5696 2107 5750 super
2136 5694 2329 5735 omnes
2346 5685 2431 5733 est
2450 5679 2515 5734 ’⁸.
2542 5678 2733 5750 »Αιῳιί
2769 5667 3045 5749 quoinodo
3075 5695 3198 5735 cum
3230 5677 3399 5736 Pater
3428 5680 3561 5738 velit

1974 5887 2023 5923 πι,
2059 5884 2075 5939 |
2118 5884 2244 5943 Cur.
2290 5900 2379 5951 xv,
2418 5886 2502 5940 57.
2617 5887 2658 5918 ³⁷
2700 5884 2858 5943 Joan.
2894 5904 2964 5952 ιι,
3004 5886 3097 5957 38,
3127 5890 3215 5945 59.
3310 5890 3353 5923 ⁸⁸
3391 5887 3553 5948 Joan.
