3926 6484
467 431 601 489 i351

1467 429 1526 485 S.
1567 426 1843 487 οῑιιιιιι
1881 424 2359 482 ΑιΕΧΑΝὓΒῙΝΙ
2397 424 2722 483 ARCHIEP.

3648 429 3763 482 {$53

464 547 791 604 resuscitare
810 561 969 601 omne
1011 546 1153 614 quod
1198 545 1384 600 datum
1430 557 1515 601 est
1545 546 1618 611 ei,
1666 555 1722 602 et
1782 560 1904 600 cum
1946 557 2033 598 res

2153 541 2436 609 ιναστῆναι
2474 543 2582 593 πᾶν
2610 540 2669 592 τὸ
2712 538 2866 593 δοθὲν
2910 539 3085 609 αὐτῷ,
3124 539 3231 593 καὶ
3268 538 3499 607 ἀγαθοῦ
3547 556 3614 605 γε
3640 539 3763 599 ότττς

464 640 605 697 bona
650 639 742 701 sit,
779 650 941 707 atque
988 638 1121 692 adeo
1168 636 1347 690 divina
1397 636 1676 709 (convenit
1724 636 1869 691 enim
1930 635 2042 691 Deo

464 732 719 797 salvare),
762 728 879 798 ipse
908 728 1042 783 dixit
1074 728 1405 783 descendere
1428 744 1507 796 se,
1535 744 1644 783 non
1682 738 1739 783 ut
1766 730 1930 784 faciat
1954 744 2046 782 νος

466 822 723 877 lnntatem
775 835 967 886 suam,
1022 823 1113 874 sed
1176 821 1397 876 Patris?
1460 820 1821 875 Existimetne
1881 821 2045 884 igitur

462 914 744 985 quisquam
782 921 1049 978 nostrum,
1088 928 1115 965 a
1153 912 1245 966 Dei
1274 922 1325 966 et
1360 911 1538 967 Patris
1574 898 1911 982 benignitate
1951 911 2041 967 Fi-

462 1003 593 1058 lium
623 1004 713 1073 qui
745 1018 808 1058 ex
848 1004 963 1072 ipso
988 1002 1204 1072 genitus
1229 1013 1331 1067 est,
1374 1003 1817 1072 degenerare3et
1842 1004 2042 1059 bonum

461 1095 679 1165 quidem
708 1094 1020 1162 neutiquam
1042 1107 1166 1147 esse
1191 1134 1205 1159 ,
1257 1093 1585 1147 resuscitare
1626 1107 1755 1147 vero
1808 1094 1858 1146 id
1900 1093 2044 1161 quod

461 1188 646 1239 datum
673 1194 756 1239 est
776 1184 828 1237 ei
853 1195 905 1238 et
938 1184 1005 1238 ab
1067 1184 1288 1239 interitu
1350 1183 1585 1239 liberare
1611 1184 1713 1255 ipsi
1754 1183 1916 1255 772
1942 1185 2045 1239 dis-

462 1278 661 1349 plicere
687 1275 711 1330 2

527 1365 589 1420 Β.
629 1364 1029 1420 Periclitamnr.

532 1458 596 1514 Λ.
626 1459 787 1529 Atqui
807 1456 999 1511 merito
1016 1455 1235 1527 quidem
1269 1456 1340 1511 ita
1366 1464 1695 1535 statuamus,
1722 1468 1850 1510 cum
1879 1452 2043 1517 Pater

461 1552 636 1609 bonus
673 1552 764 1616 sit,
802 1549 998 1604 Filium
1027 1564 1242 1619 quoque
1267 1564 1423 1604 suum
1461 1548 1636 1619 reipsa
1662 1551 1861 1603 bonum
1898 1562 2043 1603 ene.

462 1640 595 1696 Nam
628 1655 658 1694 a
692 1640 868 1693 fructu
909 1639 1073 1692 arbor
1104 1636 1451 1708 cognoscitur
1475 1637 1541 1695 ”.
1568 1637 1723 1707 juxta
1760 1636 1931 1707 ipsius
1963 1636 2045 1691 di-

462 1744 631 1786 ctum.
663 1730 799 1786 Vere
860 1729 1012 1793 dicit,
1045 1743 1171 1783 cum
1223 1728 1301 1781 ait
1336 1742 1350 1778 :
1394 1746 1413 1777 ι
1444 1726 1547 1793 Qui
1584 1728 1713 1783 vidit
1750 1743 1874 1792 me,
1909 1725 2044 1781 vidit

464 1829 518 1874 et
540 1817 750 1873 Patrem
781 1817 849 1871 “.
878 1814 993 1886 Ego
1026 1825 1079 1871 et
1116 1816 1277 1871 Pater
1299 1831 1466 1870 unum
1493 1832 1681 1873 sumus
1702 1816 1770 1871 δ’.
1809 1834 1828 1868 ι

535 2108 599 2165 B.
656 2108 821 2164 Recte
864 2108 963 2165 ais.
1022 2105 1247 2164 Declara
1309 2110 1493 2181 itaque
1548 2119 1604 2166 tu
1642 2110 1756 2182 ipse
1810 2108 1863 2166 id
1898 2112 2043 2182 quod

463 2202 692 2258 obscure
724 2204 926 2257 dictum
961 2212 1065 2257 est.

536 2298 603 2357 Α.
650 2293 887 2349 Dicimus
923 2308 1032 2349 non
1078 2292 1248 2350 fuisse
1298 2301 1495 2364 prater
1539 2293 1869 2350 voluntatem
1918 2293 2038 2349 Filii

463 2385 679 2443 abolere
716 2395 964 2453 mortem,
992 2396 1046 2442 et
1097 2387 1164 2442 ab
1197 2385 1449 2441 humanis
1498 2385 1821 2454 corporibus
1870 2387 2041 2442 inter.

464 2480 599 2536 itum
640 2477 965 2547 proﬂigare:
1016 2494 1035 2529 ι
1073 2477 1258 2548 Neque
1292 2478 1435 2532 enim
1482 2478 1784 2533 delectatur
1817 2479 2040 2535 interitu

463 2568 779 2625 virentium.
804 2567 1079 2623 Salutares
1098 2583 1225 2623 vero
1241 2577 1366 2622 sunt
1384 2570 1764 2637 generationes
1794 2572 2033 2636 mundi,»

462 2662 602 2719 sicut
618 2660 883 2732 scriptum
907 2669 987 2715 est
1003 2660 1068 2713 “.
1085 2660 1323 2732 «invidia
1350 2669 1531 2715 autem
1555 2661 1753 2716 diaboli
1783 2676 1928 2717 mors
1957 2664 2042 2716 iu-

463 2753 647 2809 troivit
679 2753 731 2807 in
755 2753 940 2807 orbem
968 2721 1233 2805 lenium
1251 2750 1317 2805 “.
1342 2774 1359 2803 ι
1379 2752 1449 2806 At
1492 2752 1861 2809 tristissimum
1897 2770 2043 2808 mor—

465 2846 533 2900 tis
561 2845 847 2917 imperium
883 2859 985 2898 non
1015 2844 1119 2896 alia
1152 2844 1359 2898 ratione
1399 2844 1578 2898 exi-uti
1608 2854 1845 2917 poterat,
1880 2862 2040 2916 quam

464 2950 560 3005 per
588 2936 757 2990 solam
795 2932 1076 3003 Unigeniti
1104 2934 1561 2989 incarnationem.
1616 2933 1826 2991 Idcirco
1855 2938 1905 2991 in
1944 2956 2044 2992 ne-

464 3038 574 3084 stra
609 3027 780 3083 forma
817 3026 1092 3099 apparuit,
1123 3028 1510 3097 propriumque
1542 3029 1643 3083 sibi
1694 3030 1822 3084 fecit
1851 3046 2046 3100 corpus

464 3120 609 3193 quod
642 3120 882 3174 interitni
910 3119 1210 3175 obnoxium
1257 3128 1417 3185 erat,
1464 3122 1760 3175 secundum
1803 3124 2045 3177 rationes

465 3227 586 3284 quae
627 3222 832 3266 naturae
875 3213 1081 3278 insunt,
1121 3219 1179 3266 ut
1222 3226 1343 3267 cum
1377 3214 1491 3282 ipse
1537 3211 1608 3267 sit
1658 3214 1765 3267 vita
1808 3214 2042 3285 (genitus

464 3308 607 3361 enim
645 3314 727 3361 est
772 3321 838 3361 ex
880 3306 991 3359 vita
1047 3304 1249 3371 Patris)
1306 3304 1587 3375 proprium
1641 3320 1799 3359 suum
1841 3306 2039 3360 bonum

467 3396 541 3453 illi
567 3397 795 3463 inserat,
830 3396 933 3451 hoc
967 3404 1074 3461 est,
1104 3396 1292 3448 vitam.
1323 3393 1460 3449 Cum
1487 3404 1668 3448 autem
1693 3394 1794 3464 ipsi
1824 3397 2045 3450 omnino

466 3488 731 3559 placuerit
760 3488 1095 3559 benignitate
1125 3497 1291 3557 atque
1324 3486 1703 3541 benevolentia
1760 3503 1888 3557 erga
1947 3489 2047 3541 ltu-

468 3595 686 3635 manum
715 3595 901 3649 genus,
934 3590 1173 3634 nostram
1200 3578 1608 3633 similitudinem
1637 3578 1846 3645 subire,
1876 3594 2037 3648 opor-

469 3673 570 3729 tuit
603 3688 815 3742 quoque
842 3687 964 3727 eum
1002 3672 1111 3741 pati
1175 3672 1368 3740 impias
1414 3668 1725 3726 Judazorum
1761 3684 2045 3727 contume-

469 3762 594 3818 lius.
632 3762 760 3817 Erat
788 3776 919 3815 vero
974 3760 1052 3813 illi
1088 3761 1266 3831 gravis
1298 3762 1585 3829 conjuncta
1626 3776 1751 3816 cum
1793 3763 2045 3833 passione

467 3852 784 3924 ignominia.
824 3852 1030 3905 Idcirco
1061 3852 1380 3907 imminente
1425 3852 1539 3922 jam
1588 3860 1867 3921 tempore,
1925 3869 2037 3923 quo

471 3948 622 4003 illum
649 3960 747 4014 pro
773 3944 1015 3999 omnium
1047 3944 1155 3998 vita
1192 3959 1410 4000 crucem
1445 3945 1601 3999 adire
1634 3946 1941 4014 oportebat,
1985 3956 2046 3999 ut

468 4035 773 4107 passionem
812 4045 1009 4104 prcctcr
1065 4034 1396 4089 voluntatem
1436 4049 1590 4088 suam
1636 4035 1887 4089 accidere
1939 4035 2043 4089 sibi

465 4126 789 4189 declararet,
831 4128 1063 4179 humano
1096 4140 1247 4181 more
1286 4124 1353 4179 ad
1401 4139 1521 4179 eam
1579 4126 1854 4190 accessit,
1899 4135 1953 4179 et
1991 4126 2043 4180 in

467 4218 685 4271 modum
714 4216 1048 4285 precationis
1080 4216 1154 4270 ita
1182 4214 1397 4271 Patrem
1431 4211 1698 4270 allocutus
1726 4224 1846 4270 est:
1883 4234 1900 4266 ι
1938 4214 2044 4270 Pa-

471 4317 571 4372 ter,
612 4309 657 4362 si
692 4305 810 4362 ﬁeri
848 4316 1050 4377 potest,
1101 4316 1342 4361 transeat
1379 4321 1410 4359 a
1450 4320 1535 4359 me
1574 4306 1710 4361 calix
1748 4310 1869 4361 iste.
1924 4307 2043 4362 Cte-

471 4410 643 4455 terum
668 4412 772 4453 non
800 4407 858 4453 ut
882 4412 979 4469 ego
1005 4397 1145 4465 volo,
1174 4397 1269 4452 sed
1302 4401 1446 4452 sicut
1466 4406 1522 4451 tu
1539 4396 1605 4451 “.
1642 4416 1662 4450 ι
1693 4397 2047 4454 Descendisse

467 4505 533 4545 ex
582 4489 721 4545 cmlo
746 4489 841 4555 ait,
883 4505 987 4543 non
1030 4489 1201 4543 invite
1238 4487 1509 4543 facturum
1544 4486 1597 4542 id
1626 4488 1769 4557 quod
1805 4486 2045 4543 dolorem

2149 633 2243 686 τοῦ
2274 634 2619 704 πράγματος,
2648 632 2741 686 καὶ
2769 632 2991 703 προσέτι
3021 632 3400 703 θεοπρεποῦς
3448 629 3663 701 (ἐοικὸς
3679 636 3762 697 τὰς

2149 725 2270 795 Θεῷ
2300 726 2359 777 τὸ
2388 720 2582 789 σώζειν
2620 723 2810 794 ἐστιν),
2847 723 3010 786 αὐτὸς
3043 724 3152 795 ἔφη
3190 724 3526 786 κατελθεῖν,
3558 725 3659 792 οὐχ
3699 724 3764 773 ἔτι

2152 820 2276 885 ποιῇ
2312 817 2371 869 τὸ
2405 816 2616 887 θέλημα
2648 818 2707 871 τὸ
2748 816 2941 870 ἑαυτοῦ
2972 816 3201 885 μᾶλλον,
3233 816 3389 876 ἀλλὰ
3429 817 3494 869 τὸ
3539 815 3641 870 τοῦ
3672 817 3766 868 Il:-

2150 906 2308 978 τρόςς
2343 903 2471 979 Ἆρ’
2499 906 2592 962 οὖν
2618 909 2847 978 οἱήσαιτ⁹
2876 906 2943 960 ἄν
2973 924 3058 969 τις
3099 907 3214 960 τῶν
3263 909 3327 960 ὲν
3356 910 3527 978 ῆμῖν,
3557 908 3660 977 τῆς
3686 907 3764 959 ττΞ

2151 996 2284 1051 Θεοῦ
2319 1000 2413 1051 καὶ
2460 1000 2673 1068 Πατρός
2705 997 3040 1069 ἡμερότητος
3087 997 3234 1052 ἱέναι
3276 998 3532 1051 κατόπιν
3579 998 3676 1050 τὸν
3716 999 3765 1062 ιε

2152 1087 2317 1142 αὑτοῦ
2348 1088 2519 1159 φύντα
2548 1089 2699 1153 Υἱὸν,
2732 1090 2825 1142 καὶ
2854 1083 2993 1141 εἶναι
3036 1088 3135 1158 μὲν
3166 1088 3391 1157 ἀγαθὸν
3427 1088 3645 1159 ἥκιστά
3688 1103 3760 1153 γι.

2150 1184 2211 1235 τὸ
2251 1182 2307 1234 δὲ
2358 1181 2660 1250 ἀναστῆσαι
2710 1182 2770 1234 τὸ
2827 1180 2981 1237 δοθὲν
3022 1180 3115 1233 καὶ
3158 1180 3490 1247 ἀπαλλάξαι
3536 1180 3761 1250 φθορᾶς.

2152 1275 2423 1348 ἁπᾴδει[ν]
2465 1275 2611 1345 αὑτῷ
2637 1292 2651 1341 ;

2225 1368 2283 1422 Β.
2317 1368 2732 1440 Κινδυνεύομεν.

2221 1460 2286 1515 Δ.
2321 1460 2512 1513 Καίτοι
2543 1457 3045 1529 καταλογισαεμεθα
3064 1458 3152 1524 ἂν,
3187 1457 3286 1513 καὶ
3322 1458 3481 1528 μάλα
3504 1458 3755 1519 εἰκότως.

2153 1552 2381 1624 ἐπείπερ
2406 1552 2553 1605 ἐστὶν
2579 1550 2783 1619 ἀγαθοῦ
2806 1550 3016 1623 [ἰατρὸς
3038 1554 3267 1622 γνήσιον
3287 1552 3578 1623 γέννημα,
3604 1550 3755 1604 κάτ’

2153 1641 2265 1717 [ἂν]
2286 1644 2550 1715 ὑπάρχειν
2566 1644 2659 1696 καὶ
2677 1644 2840 1707 αὐτὸς
2857 1642 3080 1712 ἀγαθὸς,
3093 1643 3262 1714 ῆγουν
3286 1644 3657 1715 αὐτόχρημα,
3676 1642 3754 1693 δτι

2151 1735 2374 1805 ἀγαθόν.
2414 1736 2543 1788 Ἀπὸ
2596 1736 2703 1806 γὰρ
2754 1734 2850 1788 τοῦ
2874 1734 3092 1807 καρποῦ
3119 1736 3181 1788 τὸ
3222 1735 3452 1806 δένδρον
3478 1734 3751 1803 γινώσκε·

2149 1845 2258 1890 ται,
2289 1846 2307 1878 ι
2343 1830 2483 1881 κατὰ
2511 1826 2608 1899 τὴν
2654 1826 2817 1880 αὑτοῦ
2864 1827 3083 1898 φωνήν·
3113 1826 3415 1895 ἀληθεύσει
3464 1828 3550 1890 δὲ,
3613 1827 3751 1880 οὕτω

2078 1922 2118 1976 Β
2147 1918 2342 1988 λέγων’
2383 1921 2441 1973 '0
2468 1916 2728 1991 ἑωρακὼς
2764 1920 2884 1989 ἐμὲ,
2922 1918 3133 1989 ἑώρακε
3174 1919 3264 1972 τὸν
3308 1919 3563 1991 Πατέρα.
3611 1918 3748 1987 ἐγὼ

2146 2013 2239 2065 καὶ
2270 2016 2300 2065 ό
2328 2012 2537 2084 Πατὴρ,
2572 2012 2632 2066 ἓν
2656 2013 2842 2082 ἐσμεν.
2877 2031 2896 2063 ι

2217 2103 2277 2158 Β.
2303 2100 2379 2157 Εὖ
2426 2104 2581 2175 ἔφης.
2630 2104 2893 2173 Διασάφει
2920 2103 2984 2174 δὴ
3036 2098 3128 2157 οὖν
3160 2104 3322 2169 αὐτὸς
3352 2104 3417 2159 τὸ
3480 2105 3744 2178 ἀμυδρῶς

2144 2196 2399 2267 εἰρῆσθαι
2423 2195 2631 2251 δοκοῦν.

2215 2290 2278 2342 Δ.
2310 2288 2423 2340 Οὐκ
2452 2287 2749 2359 ἀϐούλητον
2776 2292 2876 2360 μὶν
2928 2292 3181 2359 γενέσθαι
3214 2292 3395 2362 φαμὲν
3424 2291 3506 2362 τῷ
3541 2291 3660 2362 Th?)
3684 2291 3742 2343 τὸ

2144 2381 2489 2452 καταργῆσαι
2517 2381 2766 2449 θάνατον,
2806 2384 2901 2439 καὶ
2926 2386 3269 2455 ἀποσοϐῆσαι
3300 2386 3414 2439 τῶν
3456 2386 3740 2457 ἀνθρωπί-

2142 2488 2248 2525 νων
2293 2474 2560 2543 σωμάτων
2600 2475 2701 2545 τὴν
2755 2475 2980 2548 φθοράν.
3015 2495 3035 2529 ι
3076 2480 3151 2531 05
3180 2478 3287 2550 γὰρ
3333 2479 3609 2550 τέρπεται
3657 2476 3740 2530 ἐπ’

2142 2565 2390 2637 ἁπωλεέᾳ
2421 2565 2638 2632 ζώντων
2666 2583 2680 2599 ο
2722 2571 2977 2640 σωτήριοι
3015 2569 3070 2623 δὲ
3121 2570 3215 2624 καὶ
3258 2573 3314 2623 αἱ
3347 2572 3602 2639 γενέσεις
3648 2569 3737 2623 τοῦ

2144 2659 2374 2729 κόσμου,
2418 2678 2436 2711 ι
2478 2659 2621 2712 κατὰ
2657 2661 2719 2713 τὸ
2766 2661 3170 2732 γεγραμμένον.
3210 2679 3229 2710 ι
3268 2662 3456 2731 Φθόνῳ
3483 2661 3739 2716 δὲδιαὸόο

2142 2748 2236 2802 λου
2292 2750 2519 2815 θάνατος
2552 2751 2799 2823 εἰσῆλθεν
2845 2754 2925 2816 εἰς
2950 2754 3040 2807 τὸν
3068 2756 3291 2825 κόσμον.
3332 2774 3349 2805 ›
3373 2754 3514 2807 Ἀλλ’
3542 2751 3616 2826 ἦν
3641 2756 3735 2825 οὐχ

2145 2843 2346 2913 ἑτέρως
2364 2844 2426 2896 τὸ
2455 2844 2675 2913 ἁμειδὲς
2706 2844 2801 2898 τοῦ
2829 2844 3061 2900 Θανάτου
3091 2846 3481 2901 κατασείεσθαι
3511 2848 3734 2918 κράτος,

2144 2932 2284 3003 πλὴν
2313 2934 2395 2987 ὅτι
2423 2933 2510 2988 διὰ
2542 2934 2710 3007 μόνης
2736 2938 2835 3007 τῆς
2864 2936 3329 3008 ἐνανθρωπήσεως
3362 2937 3461 2991 τοῦ
3492 2939 3736 3005 Moven-

2143 3024 2286 3089 νοῦς.
2307 3025 2576 3099 Ταύτῃτοι
2597 3029 2806 3100 πέφηνε
2828 3030 2949 3083 καθ’
2968 3032 3133 3102 ἡμᾶς,
3166 3031 3261 3084 καὶ
3286 3030 3417 3084 ἴδιον
3440 3033 3739 3104 ἐποιήσατο

2144 3116 2304 3187 σῶμα
2333 3116 2393 3170 τὸ
2422 3118 2529 3171 ὑπὸ
2555 3118 2783 3190 φθορὰν,
2807 3120 2947 3173 κατά
2980 3137 3045 3189 γε
3074 3122 3203 3184 τοὺς
3234 3121 3454 3185 ὲνόντας
3478 3125 3547 3193 τῇ
3577 3122 3736 3190 φύσει

2142 3208 2355 3277 λόγους,
2403 3208 2469 3261 ἶν’
2500 3210 2731 3282 ἐπείπερ
2766 3212 2914 3264 ἐστὶν
2956 3212 3120 3276 αὐτὸς
3158 3214 3191 3283 ἡ
3238 3210 3352 3283 ζωὴ
3391 3214 3736 3285 (γεγέννηται

2145 3303 2251 3372 γὰρ
2286 3305 2349 3355 ὲκ
2380 3304 2524 3375 ζωῆς
2552 3303 2645 3357 τοῦ
2676 3305 2934 3374 Πατρὸς),
2965 3304 3282 3379 ὲμφυτεύσῃ
3321 3305 3384 3359 τὸ
3424 3306 3557 3360 ἴδιον
3604 3309 3736 3376 ἁγαο

2147 3392 2239 3447 om
2273 3394 2441 3465 αὐτῷ,
2476 3396 2723 3449 τουτέστι
2753 3395 2853 3462 τὴν
2896 3396 3063 3467 ζωήν.
3105 3398 3379 3467 ἐλομένῳ
3418 3397 3476 3451 δὲ
3507 3397 3656 3462 ἅπαξ
3678 3396 3735 3461 ἐξ

2144 3486 2483 3556 ἡμερότητος
2528 3486 2624 3539 καὶ
2667 3486 3104 3557 φιλανθρωπίας,
3138 3505 3237 3560 την
3283 3489 3416 3559 πρὸς
3456 3490 3730 3561 ἡμετέραν

2146 3578 2407 3648 ὁμοίωσιν
2438 3576 2712 3643 ὑπελθεῖν,
2741 3578 2848 3631 ἔδει
2872 3578 3145 3649 συμϐῆναι
3177 3580 3273 3633 καὶ
3306 3580 3368 3632 τὸ
3390 3580 3609 3645 παθεῖν,
3638 3580 3730 3650 τῆς

2161 3670 2427 3724 Ἰουδαίων
2476 3670 2822 3742 ἀνοσιότητος
2877 3670 3318 3743 ὲμπαροινούσης
3364 3670 3533 3743 αὐτῷ.
3597 3671 3730 3724 Ἀλλ’

2145 3758 2213 3835 ῆν
2265 3761 2416 3833 αὐτῷ
2459 3764 2713 3834 φορτικὸν
2754 3762 2817 3816 τὺ
2846 3766 2903 3817 ὲν
2941 3763 3020 3834 τῷ
3070 3763 3264 3818 παθεῖν
3312 3762 3592 3828 δυσκλεές.
3632 3765 3730 3818 Καὶ

2145 3854 2275 3923 γοῦν
2308 3854 2594 3918 ἐνστάντος
2623 3852 2841 3925 καιροῦ,
2877 3854 2997 3907 καθ’
3025 3853 3086 3906 δν
3115 3853 3222 3907 ἔδει
3246 3854 3338 3907 τὸν
3365 3854 3508 3926 ὑπέρ
3542 3870 3619 3923 γι,
3631 3854 3726 3924 τῆς

2148 3944 2402 3997 ἁπάντων
2455 3945 2601 4015 ζωῆς
2647 3946 2937 4016 ὑπομεῖναι
2995 3944 3252 4018 σταυρὸν,
3302 3946 3390 3997 ἵνα
3436 3945 3500 3998 τὸ
3545 3945 3728 3999 παθεῖν

2148 4035 2443 4104 ἀϐούλητον
2491 4036 2767 4107 ἀποφήνῃ,
2817 4036 3264 4109 ἀνθρωποπρεπῆ
3332 4037 3432 4108 τὴν
3477 4038 3730 4109 πρόσοδον

2147 4128 2241 4181 καὶ
2270 4127 2345 4190 ὡς
2378 4128 2436 4179 ὲν
2469 4129 2713 4199 σχήματι
2740 4128 3054 4200 προσευχῆς
3083 4130 3318 4182 ἐποιεῖτο
3349 4129 3543 4199 λέγων·
3578 4148 3597 4181 ι
3634 4130 3727 4183 Πόν-

2146 4235 2264 4289 τερ,
2298 4220 2345 4271 εἰ
2392 4219 2632 4286 δυνατὸν,
2694 4220 3016 4291 παρελθέτω
3048 4222 3143 4274 ἀπ’
3183 4221 3319 4291 ἐμοῦ
3368 4221 3432 4275 τὸ
3479 4224 3724 4293 ποτήριον

2145 4310 2325 4364 τοῦτο’
2357 4311 2494 4383 πλὴν
2530 4313 2628 4382 οὐχ
2666 4314 2740 4376 ὼς
2774 4311 2887 4382 ἐγὼ
2933 4312 3092 4378 θέλω,
3122 4314 3240 4367 ἀλλ’
3273 4313 3351 4379 ὡς
3378 4314 3464 4371 σύ.
3502 4335 3522 4367 ι
3551 4316 3721 4369 Κατα-

2148 4401 2308 4472 δῆναι
2346 4403 2437 4455 τὸν
2468 4402 2528 4467 ἐξ
2554 4402 2783 4475 οὐρανοῦ
2815 4421 3005 4475 φησιν,
3046 4405 3147 4459 οὐκ
3172 4398 3474 4476 ἀϐούλῗῃον
3513 4410 3719 4477 ποιησό-

2150 4510 2310 4563 μενον
2339 4493 2402 4546 τὸ
2451 4492 2678 4558 λυποῦν,
2711 4494 2798 4547 ἴνα
2830 4493 3156 4569 κατορθώσῃ
3201 4498 3313 4558 τοῖς
3358 4498 3450 4550 ἐπὶ
3490 4498 3592 4569 γῆς
3634 4499 3719 4568 τῆν

476 4579 725 4647 aﬂ‘orret,
775 4588 836 4635 nt
874 4594 1061 4634 eorum
1091 4578 1185 4648 qui
1236 4578 1290 4633 in
1322 4577 1480 4633 terris
1515 4587 1641 4632 sunt
1683 4578 2042 4633 resurrectio«

2153 4588 2465 4653 ἀνάστασιν,
2496 4586 2563 4658 ἢν
2596 4586 2660 4658 δὴ
2702 4586 2795 4641 καὶ
2827 4586 2983 4659 μόνος
3012 4588 3175 4652 αὐτὸς
3202 4580 3629 4661 κεκαινοεόμηκε
3659 4593 3715 4659 τῇ

471 4684 593 4726 nem
621 4670 995 4734 constitueret,
1028 4668 1182 4737 cujus
1205 4668 1426 4739 quidem
1454 4667 1570 4736 ipse
1608 4666 1757 4723 solus
1778 4669 2040 4725 humanae

470 4773 679 4819 natura
704 4772 897 4817 auctor
936 4760 1058 4816 fuit.
1109 4758 1309 4815 Factus
1347 4770 1430 4817 est
1478 4760 1622 4814 enim
1656 4762 2045 4830 primogenitus

2144 4676 2431 4749 ἀνθρώπου
2467 4676 2647 4747 φύσει.
2679 4678 2874 4748 Γέγονε
2901 4680 3009 4750 γὰρ
3055 4682 3399 4752 πρωτότοκος
3428 4684 3494 4737 ὲκ
3522 4684 3714 4754 νεκρῶν

2146 4771 2289 4825 κατὰ
2315 4771 2515 4843 σάρκα,
2543 4771 2639 4825 καὶ
2668 4774 2894 4844 ἀπαρχὴ
2939 4773 3050 4827 τῶν
3080 4776 3526 4847 κεκοιμημένων.
3552 4775 3711 4830 Αὑτοῦ

465 4870 534 4912 ex
560 4854 786 4911 mortuis
818 4853 1112 4908 secundum
1142 4866 1363 4907 carnem
1386 4851 1432 4882 "
1459 4893 1474 4918 ,
1493 4860 1547 4906 et
1582 4853 1834 4922 primitias
1856 4868 2042 4908 eorum

2153 4862 2429 4933 τοιγαροῦν
2456 4862 2518 4915 τὸ
2546 4862 2740 4928 πάθος,
2764 4864 2860 4916 καὶ
2878 4863 2977 4934 οὐχ
2996 4864 3213 4933 ἑτέρου,
3247 4865 3460 4936 λέγοιτο
3486 4869 3574 4932 ἂν,
3596 4866 3713 4921 καθὸ

470 4948 560 5020 qui
596 4948 1007 5003 obdormierant
1050 4945 1117 5000 “.
1174 4944 1350 5009 Ipsius
1378 4945 1547 5015 igitur
1587 4956 1641 5001 et
1680 4962 1789 5001 non
1820 4946 2045 5001 alterius

470 5041 650 5111 passio
678 5039 800 5105 fuit,
828 5049 1092 5109 quatenus
1121 5037 1282 5091 homo
1306 5034 1480 5091 factus
1508 5045 1614 5101 est,
1650 5036 1864 5091 tametsi
1894 5053 2045 5091 mau-

469 5135 600 5190 serit
622 5134 887 5202 passionis
907 5147 1120 5202 expers,
1157 5138 1430 5201 quatenus
1457 5138 1544 5184 est
1574 5128 1742 5184 Deus.

542 5226 601 5280 Β.
640 5224 717 5279 lta
742 5226 941 5281 sentio.

542 5318 602 5372 Α.
632 5317 813 5372 Sacra:
842 5332 968 5372 vero
1012 5314 1309 5385 Scriptura
1346 5315 1512 5370 etiam
1572 5313 1921 5378 memineris.
1960 5314 2043 5369 ili-

470 5408 682 5462 centis:
711 5425 729 5458 ι
765 5406 961 5461 Factus
992 5416 1075 5475 est
1103 5405 1309 5476 primus
1338 5405 1500 5460 homo
1526 5402 1697 5458 Adam
1732 5402 1784 5457 in
1804 5403 2041 5457 animam

473 5503 797 5563 viventem;
859 5500 1079 5555 ultimus
1136 5499 1310 5555 Adam
1358 5501 1412 5555 in
1455 5499 1704 5570 spiritum
1766 5498 2045 5553 viviﬁcan-

472 5601 578 5650 teni
600 5592 668 5645 δ’.
702 5612 719 5643 ›

547 5797 593 5829 ⁸⁸
630 5793 820 5851 Matth.
851 5810 952 5857 xu.
980 5794 1071 5850 '63.
1174 5794 1222 5827 “
1263 5792 1420 5848 Joan.
1452 5805 1564 5853 xlv,
1592 5750 1659 5845 9..
1766 5787 1821 5829 δίο
1847 5787 2009 5845 Joan.

2153 5788 2211 5844 ο.
2318 5787 2363 5818 δ’
2404 5787 2713 5859 Sap.t,13,
2745 5786 2829 5845 tt.

2145 4957 2383 5027 πέφηνεν
2417 4956 2724 5028 ἄνθρωπος,
2750 4959 2797 5012 εἰ
2841 4958 2937 5013 καὶ
2967 4958 3276 5029 μεμένηκεν
3319 4960 3553 5032 ἀπαθὴς,
3594 4962 3711 5015 καοὸ

2150 5051 2348 5102 νοεῖται
2383 5049 2535 5112 Θεός.

2222 5225 2284 5281 Β.
2321 5224 2479 5281 Οὕτω
2512 5226 2671 5298 φημι.

2222 5321 2285 5373 Δ.
2318 5319 2668 5391 Διαμὲμνησο
2699 5320 2754 5374 δὲ
2776 5321 2874 5391 τῆς
2903 5319 3258 5375 θεοπνεύστου
3287 5320 3549 5394 λεγούσης
3589 5320 3622 5374 Γ
3627 5337 3704 5391 pa-

2151 5411 2279 5482 φῆςο
2313 5430 2330 5463 ι
2388 5411 2633 5480 Ἐγένετο
2669 5415 2697 5467 ό
2726 5412 2943 5485 πρῶτος
2993 5412 3279 5485 ἄνθρωπος
3325 5412 3495 5484 Ἀδὰμ
3518 5414 3592 5475 εἰς
3614 5413 3700 5482 ψυ-

2150 5505 2248 5575 χὴν
2268 5503 2471 5570 ζῶσαν,
2495 5506 2523 5559 ὁ
2552 5505 2775 5577 ἔσχατος
2806 5505 2998 5576 Ἀδὰμ,
3026 5508 3107 5569 εἰς
3134 5504 3352 5576 πνεῦμα
3376 5504 3697 5571 ζωοποιοῦν.»

2940 5788 2987 5821 ⁸⁸
3024 5787 3153 5858 Sap.
3189 5804 3250 5859 ιι,
3275 5786 3367 5859 τι.
3449 5789 3496 5823 ⁸⁵
3530 5786 3692 5847 Matth.

472 5882 622 5937 xxvr,
651 5866 739 5923 39.
814 5866 859 5899 δ’
898 5855 1106 5924 Coloss.
1142 5879 1183 5933 ι,
1214 5864 1301 5922 l8.
1381 5862 1428 5896 “
1463 5860 1483 5919 l
1520 5860 1647 5919 Cor.
1684 5875 1773 5929 xv,
1807 5860 1897 5919 20.
1974 5860 2021 5894 "

2153 5859 2191 5916 l.
2225 5855 2313 5914 ιδ.
