3926 6482
199 483 353 538 sset
546 464 587 513 \

1365 475 1554 543 QUOD
1597 474 1785 531 UNL‘S
1826 476 1935 531 SIT
1975 475 2350 533 CHRISTUS.

3383 469 3518 525 13ὂῖ

196 597 378 659 ὕλαις
408 593 678 664 όμιλῆσαν
702 591 761 644 τὸ
788 590 920 660 πῦρ,
954 590 1133 645 καίτοι
1159 589 1368 660 θερμὰς
1390 590 1492 642 οὐκ
1517 588 1685 652 οὔσας
1714 588 1801 641 αύ-

1920 605 2027 645 non
2063 599 2165 645 est.
2201 589 2335 644 Nam
2374 591 2419 645 si
2456 604 2641 645 verum
2681 598 2764 644 est
2801 586 2945 658 quod
2988 584 3128 657 ignis
3162 586 3305 640 circa
3348 596 3520 639 matc-

195 689 320 749 τὰς
350 688 469 740 κατ’
504 686 640 739 ίδίαν
668 684 853 753 φύσιν,
884 684 1175 752 ἀποφαίνει
1207 681 1418 751 θερμὰς
1440 697 1453 711 ο
1491 682 1671 750 ἐνίησι
1704 679 1813 752 γὰρ

195 780 317 832 καὶ
362 768 540 849 μάλα⁹
562 776 835 838 πλουσίως
867 776 1060 839 αὑταῖς
1088 773 1189 843 τῆς
1214 772 1444 843 ἐνούσης
1472 772 1621 844 αὐτῷ
1648 772 1812 826 δυνά-

199 888 370 940 μεως
402 871 499 941 τὴν
525 868 808 940 ἐνέργειαν
830 885 842 897 ·
871 867 988 932 πῶς
1014 868 1077 921 οὐ
1128 867 1331 938 μᾶλλον
1360 866 1537 937 ἐνίησι
1573 864 1705 930 Θεὸς
1737 864 1814 920 ὢν

195 965 232 1016 ὁ
268 963 451 1029 Λόγος
477 964 544 1032 τῇ
574 960 685 1032 ίδίεει⁵
723 962 911 1032 σαρκὶ,
938 959 1035 1030 τὴν
1067 958 1334 1023 ζωοποιδν
1361 958 1558 1012 ἑαυτοῦ
1580 958 1814 1029 δύναμιν

198 1054 316 1109 καὶ
369 1054 689 1125 ἐνέργειαν,
754 1052 1049 1106 ἑνωθεῖσαν
1101 1052 1239 1123 αὐτῇ
1290 1051 1388 1104 καὶ
1451 1051 1587 1105 ίδίαν
1639 1050 1813 1119 αὐτὴν

146 1147 527 1221 θάποςρήνας,
572 1146 918 1217 ἀσυγχύτως,
952 1144 1258 1216 ἀτρέπτως,
1296 1145 1391 1199 καὶ
1430 1145 1554 1198 καθ’
1595 1144 1655 1198 ὅν
1702 1142 1811 1199 οἵδε

194 1240 417 1311 τρόπον
447 1240 609 1301 αὐτός
630 1256 643 1298 :

282 1415 350 1468 Β.
404 1414 724 1484 Ἀναγκαῖον
784 1409 880 1468 οὖν
931 1414 1040 1486 ἄρα
1111 1410 1528 1484 συνομολογεῖν,
1590 1412 1809 1477 οὐδενὸς

193 1506 407 1577 ἑτέρου
441 1506 893 1577 μεσολαϐοῦντοῖ,
942 1506 1226 1569 παντελῶς
1277 1507 1409 1559 [διον
1455 1504 1709 1572 γενέσθαι
1748 1505 1809 1557 τὸ

196 1598 379 1669 σῶμα
421 1599 517 1653 τοῦ
550 1600 615 1652 ὲκ
653 1599 747 1652 τοῦ
780 1600 992 1670 Πατρος
1018 1600 1170 1663 ὄντος
1202 1599 1402 1667 Λόγου.
1448 1597 1553 1651 κᾶν
1588 1596 1806 1666 ὲψυχω-

194 1690 377 1760 μένον
406 1692 576 1744 νοοῖτο
604 1692 751 1762 ψυχῇ
778 1694 962 1763 νοερᾷ.

275 1786 346 1835 Α.
377 1783 525 1837 Πάνυ
556 1783 656 1853 μὲν
680 1781 797 1848 οὖν,
826 1786 873 1837 εί
895 1784 987 1837 τὸν
1014 1782 1231 1853 ἀπλανῆ
1258 1785 1359 1853 τῆς
1388 1782 1625 1847 πίστεως
1655 1781 1829 1852 ὀρθοί

188 1873 483 1943 τομοῦμεν
531 1874 708 1943 λόγον,
748 1876 844 1928 καὶ
890 1875 1000 1928 τῶν
1047 1875 1150 1945 τῆς
1198 1873 1457 1945 ἀληθείας
1508 1874 1801 1944 δογμάτων

1918 684 2054 736 riam
2087 682 2327 751 aliquam
2360 697 2614 747 versans,
2649 696 2771 737 eam
2804 694 2926 750 qua;
2957 678 3160 747 alioqui
3191 693 3256 732 ex
3289 692 3387 732 sua
3422 693 3519 732 na-

1914 785 2034 829 tura
2071 775 2247 830 calida
2284 790 2390 830 non
2426 784 2545 839 est,
2581 773 2815 829 calidam
2853 770 3018 827 efﬁcit
3054 770 3338 840 (immittit
3371 770 3516 825 enim

1913 866 1963 921 ei
2004 865 2220 921 abunde
2262 864 2537 921 facultatis
2577 879 2683 934 qua
2727 861 2987 933 praeditus
3026 867 3109 913 est
3145 858 3514 925 emcaciam).

1912 973 2021 1028 quo
2046 968 2206 1028 pacto
2233 973 2338 1013 non
2368 956 2551 1025 potius
2577 953 2827 1010 immittit
2856 951 2998 1006 Deus
3017 948 3256 1004 Verbum
3284 946 3518 1017 praprizc

1912 1050 2067 1107 carni
2104 1050 2472 1105 viviﬁcantem
2509 1062 2664 1103 suam
2700 1046 2957 1099 virtutem
3008 1050 3173 1113 atque
3228 1039 3513 1109 operatio-

1912 1159 2060 1208 nem,
2090 1158 2212 1199 cum
2245 1143 2390 1198 illam
2421 1140 2522 1197 sibi
2556 1140 2765 1195 unitam
2794 1147 2847 1193 et
2866 1136 3168 1207 propriam,
3204 1133 3341 1187 citra
3374 1146 3507 1185 con-

1909 1235 2179 1291 fusionem
2218 1244 2312 1290 aut
2346 1234 2706 1290 mutationem
2740 1240 2797 1287 et
2834 1244 2943 1301 quo
2980 1227 3097 1299 ipse
3132 1227 3284 1282 novit
3320 1224 3505 1288 modo,

1908 1326 2244 1384 dcclararit?

1981 1422 2041 1476 Β.
2089 1420 2465 1476 Necessarium
2499 1421 2680 1489 itaque
2705 1426 2791 1474 est
2820 1416 3011 1482 fateri,
3046 1414 3263 1471 nemine
3292 1411 3399 1466 alio
3427 1411 3515 1466 in-

1909 1516 2276 1582 tervenieute,
2315 1514 2558 1585 perfecte
2594 1513 2876 1583 proprium
2917 1510 3119 1565 factum
3156 1520 3280 1563 esse
3314 1520 3513 1575 corpus

1909 1608 2089 1664 Verbo
2121 1624 2186 1663 ex
2225 1607 2408 1673 Patre,
2446 1606 2665 1661 tametsi
2702 1605 2884 1661 anima
2928 1602 3265 1673 intelligente
3296 1598 3509 1653 anima-

1906 1712 2018 1758 tum
2052 1702 2380 1759 censeatur?

1974 1793 2040 1847 A.
2082 1790 2341 1858 Omnino,
2378 1793 2423 1848 si
2468 1800 2675 1847 rectum
2719 1798 2774 1846 et
2812 1789 3086 1845 sincerum
3130 1784 3252 1840 ﬁdei
3297 1797 3510 1838 sermo-

1904 1900 2028 1941 nem
2065 1895 2253 1941 tenere
2283 1884 2546 1951 velimus,
2580 1894 2637 1940 et
2668 1882 2837 1954 778
2872 1881 3184 1951 dogmatum
3218 1874 3507 1931 veritatem

187 1962 376 2032 ἐσμὲν
423 1964 691 2035 ἐρασταὶ,
740 1966 977 2019 καὶτῶν
1016 1966 1189 2033 ἁγίων
1220 1966 1481 2036 Πατέρων
1528 1967 1630 2020 ούκ
1667 1968 1801 2020 ἁπο-

1912 1992 2189 2041 amamus,
2220 1986 2385 2047 atque
2416 1992 2444 2029 a
2477 1976 2685 2031 sanctis
2715 1972 2974 2029 Patribus
2999 1986 3103 2026 non
3134 1968 3505 2035 deﬂectimus,

189 2056 501 2127 φερόμενοι
550 2058 653 2129 τῆς
712 2058 963 2123 εὐθείας,
1019 2058 1143 2113 οὔτε
1200 2058 1310 2130 μὴν
1361 2059 1461 2130 τὴν
1514 2058 1801 2131 βασιλικὴν

1910 2082 2091 2138 neque
2118 2070 2333 2125 deserta
2363 2069 2449 2123 via
2483 2068 2663 2140 regia,
2694 2066 2925 2123 aliorum
2955 2079 3096 2120 vana
3128 2072 3291 2134 atque
3320 2061 3503 2116 inania

186 2148 441 2216 ἀφέντες
487 2150 699 2222 τρίϐον,
751 2151 847 2205 καὶ
895 2154 1017 2215 ταῖς
1070 2170 1232 2207 τινων
1278 2152 1685 2223 είκαιομυθίαις
1722 2154 1801 2217 είς

1910 2170 2215 2216 commenta
2244 2169 2543 2225 sectamur,
2573 2160 2625 2213 in
2656 2158 2946 2229 reprobam
2974 2165 3213 2212 mentem
3239 2152 3455 2209 abducti
3485 2169 3501 2206 :

188 2239 457 2311 κίϐδηλον
490 2241 615 2295 νοῦν
647 2244 1150 2315 ἀποκομιζόμενοι,
1186 2244 1704 2316 ἐποικοδομούμενοι
1744 2246 1801 2300 δὲ

1910 2249 2003 2306 sed
2050 2253 2232 2320 potius
2283 2265 2447 2320 super
2520 2250 2696 2319 ipsum
2751 2247 3199 2310 fundamentum,
3269 2245 3371 2299 hoc
3419 2252 3505 2297 est

191 2334 411 2412 μᾶλλον
455 2337 547 2389 ἐπ’
592 2337 745 2408 αύτῷ
791 2337 869 2409 τῷ
913 2337 1150 2409 θεμελίῳ
1176 2378 1191 2403 ,
1252 2336 1501 2392 τουτέστι
1554 2336 1798 2410 Χριστῷ.

1910 2340 2202 2407 Christum,
2238 2340 2599 2398 aediﬁcamus.
2640 2358 2658 2393 ι
2697 2338 3137 2393 Fundamentum
3174 2337 3318 2391 enim
3355 2334 3502 2388 aliud

194 2448 215 2479 ο
258 2428 529 2498 Θεμέλιον
555 2430 668 2503 γὰρ
691 2431 851 2485 ἄλλον
871 2430 1047 2495 οὐδεὶς
1073 2430 1301 2485 δύναται
1327 2433 1502 2485 θεῖναι
1530 2430 1683 2503 παρὰ
1704 2430 1799 2485 τὸν

1910 2448 2063 2489 nemo
2087 2442 2265 2505 potest
2288 2448 2511 2504 ponere,
2538 2440 2736 2501 praeter
2760 2431 2813 2487 id
2836 2430 2979 2502 quod
3005 2428 3245 2501 positum
3270 2426 3443 2487 est";
3475 2445 3497 2478 ι

186 2520 475 2591 κείμενον,
516 2540 535 2574 ι
575 2522 720 2577 καθὰ
768 2523 1051 2594 γέγραφεν
1076 2523 1293 2593 ἀληθῶς
1342 2526 1370 2578 ό
1417 2523 1583 2593 σοφὸς
1640 2524 1801 2594 ἀρχι-

184 2613 425 2678 τέκτων,
454 2616 548 2668 καὶ
576 2615 687 2668 τῶν
715 2615 881 2669 αὑτοῦ
921 2616 1239 2687 μυστηρίων
1296 2616 1603 2689 ίερουργός.
1657 2616 1798 2669 Ἕνα

183 2705 492 2778 τοιγαροῦν
530 2709 624 2761 τὸν
669 2709 800 2761 Υἰὸν
845 2706 942 2761 τοῦ
975 2708 1113 2762 Θεοῦ
1160 2709 1256 2762 κα)⁸
1285 2707 1503 2779 Πατρὸς
1531 2702 1672 2762 εἶναι
1713 2724 1797 2760 πι-

186 2796 488 2869 στεύομεν,
517 2800 612 2853 καὶ
642 2801 701 2853 ἐν
724 2800 804 2853 ἐνὶ
833 2800 1113 2872 προσώπῳ
1140 2801 1433 2871 νοούμενον
1463 2798 1557 2853 τὸν
1585 2799 1795 2871 Κύριον

182 2892 218 2960 ἡ
231 2890 357 2959 μῶν
393 2890 600 2960 Ἰησοῦν
636 2893 894 2964 Χριστὸν,
932 2893 1264 2964 γεννηθέντα
1305 2892 1405 2964 μὲν
1435 2895 1501 2946 ὲκ
1528 2890 1623 2945 τοῦ
1649 2890 1787 2945 Θεοῦ

184 2984 293 3037 xui.
324 2983 557 3055 Πατρός,
605 2983 803 3049 θεῖκῶς
828 3026 842 3050 ,
888 2986 964 3048 ὡς
988 2987 1183 3053 Λόγον,
1217 2985 1325 3055 πρὸ
1356 2986 1559 3049 παντὸς
1592 2983 1792 3048 αίῶνος

1901 2537 1960 2583 ut
1987 2542 2115 2583 vere
2146 2526 2369 2597 scripsit
2395 2530 2616 2598 sapiens
2646 2525 2735 2580 ille
2762 2521 3187 2589 architectus",
3215 2530 3271 2576 et
3300 2531 3499 2591 myste-

1898 2620 2107 2675 riorum
2152 2620 2249 2676 Dei
2294 2619 2713 2675 administrator
2736 2620 2805 2674 ".
2852 2617 3031 2673 Unum
3077 2616 3260 2687 itaque
3298 2612 3498 2669 Filium

1896 2711 1993 2767 Dei
2031 2727 2096 2767 ac
2130 2711 2311 2768 Patris
2343 2726 2465 2767 esse
2500 2711 2802 2778 credimus,
2830 2717 2885 2764 et
2915 2709 2970 2763 in
3002 2724 3110 2763 una
3144 2721 3375 2778 persona
3414 2707 3497 2759 in-

1896 2803 2174 2859 tellectum
2206 2803 2494 2859 Dominum
2528 2812 2775 2858 nostrum
2805 2800 2990 2858 Iesum
3020 2800 3323 2862 Christum,
3348 2800 3499 2869 geni-

1894 2904 2011 2950 tum
2040 2896 2259 2965 quidem
2292 2910 2355 2951 ex
2391 2895 2503 2950 Deo
2531 2905 2585 2949 et
2615 2894 2779 2950 Patre
2810 2895 3101 2958 divinitus,
3137 2902 3195 2947 ut
3220 2892 3495 2957 Verbum,

1892 2998 2021 3044 ante
2064 2988 2248 3043 omnia
2289 2986 2485 3043 saecula
2527 2996 2583 3041 et
2630 2994 2905 3057 tempora,
2949 2984 3264 3040 novissimis
3308 2992 3493 3038 autem

184 3075 293 3127 καὶ
321 3076 516 3145 χρόνου
542 3092 557 3107 ο
595 3078 653 3130 ὲν
682 3077 937 3149 ἐσχάτοις
968 3076 1022 3130 δὲ
1054 3076 1150 3131 τοῦ
1179 3076 1378 3141 αίῶνος
1422 3078 1658 3149 καιροῖς,
1698 3075 1791 3128 τὸν

1910 3079 2079 3135 smculi
2118 3080 2453 3149 temporibus
2488 3078 2740 3132 eumdem
2775 3076 2977 3132 factum
3010 3090 3234 3132 carnem
3272 3090 3340 3129 ex
3379 3092 3500 3128 nm-

184 3166 362 3221 αὐτὸν
389 3168 656 3236 γεγονότα
688 3169 832 3223 κατὰ
878 3170 1060 3241 σάρκα
1105 3170 1170 3223 ὲκ
1200 3169 1464 3237 γυναικὸς
1486 3207 1503 3234 ,
1538 3167 1691 3239 αύτῷ
1728 3185 1789 3221 τε

1911 3171 2048 3236 iere,
2078 3172 2293 3242 ipsique
2328 3170 2619 3226 tribuimus
2640 3184 2696 3224 et
2733 3170 2946 3225 divinas
2977 3181 3033 3225 et
3068 3173 3335 3225 humanas
3373 3184 3495 3237 pro-

184 3258 620 3329 προσνεμοῦμεν
667 3261 737 3314 τά
777 3278 837 3313 τε
871 3260 1153 3331 θεοπρεπῆ
1190 3260 1287 3313 καὶ
1330 3260 1399 3314 τὰ
1441 3260 1783 3331 ἀνθρώπινα,

1910 3266 2161 3322 πὶοιοιοε
2195 3284 2208 3319 :
2241 3274 2297 3321 et
2329 3265 2472 3319 illius
2510 3265 2709 3319 factam
2740 3278 2864 3319 esse
2892 3264 3124 3319 dicimus
3156 3263 3496 3317 nativitatem

184 3354 291 3405 καὶ
316 3350 479 3404 αὑτοῦ
508 3351 763 3421 γενέσθαι
795 3352 976 3423 φαμὲν
1121 3330 1265 3407 κατά
1297 3352 1477 3423 σάρκα
1506 3330 1785 3423 γέννησιν,

1910 3358 2193 3412 secundum
2221 3351 2482 3420 'carnem,
2518 3365 2576 3409 et
2612 3354 2925 3425 passionem
2964 3353 3019 3408 in
3061 3369 3258 3418 cruce,
3295 3356 3492 3424 quippe

181 3448 291 3499 καὶ
333 3443 395 3497 τὸ
434 3445 527 3497 ἐπὶ
567 3444 661 3497 τοῦ
707 3444 943 3516 σταυροῦ
995 3444 1167 3510 πάθος
1195 3488 1210 3512 ,
1258 3444 1634 3515 οίκειουμένου
1687 3444 1789 3516 μὲν

1910 3448 1988 3516 qui
2028 3447 2211 3501 omnia
2254 3444 2355 3500 sibi
2397 3444 2668 3513 adaptarit
2704 3457 2824 3514 qua:
2862 3444 3014 3499 carni
3055 3458 3168 3499 sua:
3203 3453 3331 3498 sunt
3371 3458 3496 3513 ptu-

182 3535 415 3591 ἅπαντα
458 3536 525 3590 τὰ
572 3537 671 3607 τῆς
712 3536 850 3601 ίδίας
886 3538 1089 3610 σαρκὸς
1113 3580 1127 3604 ,
1168 3536 1546 3608 μεμενηκότος
1583 3553 1649 3605 γε
1682 3535 1789 3607 μὴν

182 3626 445 3692 ἀπαθοῦς
482 3629 581 3699 τῆς
630 3628 885 3700 θεότητος
934 3629 1114 3699 φύσει.
1157 3629 1419 3700 Κάμπτει
1464 3632 1573 3699 γὰρ
1610 3626 1787 3691 οὕτως

183 3720 349 3789 αὐτῷ
392 3721 501 3773 πᾶν
532 3721 697 3788 γόνυ,
746 3724 837 3775 καὶ
882 3724 1030 3774 πᾶσα
1078 3722 1303 3789 γλῶσσα
1342 3720 1779 3790 ἐξομολογεῖται,

180 3814 278 3865 ὃτι
321 3811 524 3879 Κύριος
568 3814 776 3885 Ἰησοῦς
830 3816 1065 3886 Χριστὸς
1108 3816 1187 3880 εἰς
1228 3813 1385 3879 δόξαν
1416 3813 1510 3868 τοῦ
1543 3812 1779 3883 Πατρός.

200 3905 256 3957 Ἀ
271 3904 403 3975 μήν.

1897 3540 2047 3610 pria;
2079 3548 2331 3594 manente
2368 3538 2584 3593 interim
2623 3546 2817 3591 natura
2867 3536 3085 3593 deitatis
3116 3546 3339 3607 experte
3372 3553 3493 3606 ρεηδ-

1895 3630 2091 3688 sionis.
2124 3628 2236 3685 llac
2266 3628 2411 3683 enim
2446 3628 2659 3683 ratione
2690 3626 2763 3682 illi
2796 3625 3031 3683 ﬂectitur
3058 3642 3217 3683 omne
3246 3642 3407 3699 genu,
3441 3640 3494 3681 rt

1893 3722 2073 3780 omnis
2098 3722 2279 3792 lingua
2306 3722 2597 3777 confitetur
2621 3721 2745 3792 quia
2773 3721 3032 3779 Dominus
3054 3720 3213 3779 Jcsus
3240 3722 3493 3778 Christus

1892 3817 1946 3873 in
1976 3816 2143 3889 gloria
2178 3814 2354 3873 Patris
2376 3815 2443 3871 ".
2475 3816 2668 3872 Amen.

266 4086 313 4118 ”
351 4084 370 4139 Ι
408 4083 535 4141 Cor.
563 4098 649 4149 ιιι,
687 4084 772 4139 ll.
849 4082 896 4117 ⁷⁸
938 4084 1072 4142 lhid.
1112 4084 1197 4140 l0.
1278 4086 1324 4118 "
1365 4084 1382 4137 l
1422 4083 1549 4141 Cor.
1599 4101 1672 4153 tv,
1712 4088 1759 4141 l.

1930 4086 2165 4159 Philipp.
2207 4102 2265 4154 tt,
2307 4085 2393 4155 l0,
2433 4088 2519 4144 ll.

1608 5046 2103 5076 —-—-...—-—~v
