3926 6484
532 456 670 512 156⁸5
1555 467 1610 521 S.
1654 467 1928 524 CYRILLI
1971 471 2082 527 ΔΜ

2199 470 2436 530 solum
2476 476 2793 535 ABCHIEP.
3672 478 3749 535 135i

536 609 3745 664 “WE.”

1496 822 2066 957 SANCTI
2160 832 2816 961 CYRILLI

1731 1079 2202 1141 ALEXANDRINI
2241 1085 2564 1147 ARCHIEP.

886 1274 1395 1370 SCHOLIA
1482 1282 1637 1381 DE
1720 1285 2631 1381 [NCARNATIONE
2709 1291 3462 1383 UNIGENITI.

575 1490 667 1553 (lix
704 1494 822 1542 edit.
856 1493 910 1545 P.
942 1496 1187 1558 Garuerii,
1218 1499 1342 1562 Opp.
1373 1500 1511 1554 Marii
1537 1502 1843 1564 Mercatoris,
1874 1504 2125 1618 addit}:

2109 1582 2125 1617 t

2185 1508 2369 1629 Estis
2396 1506 2583 1559 Graecis
2605 1521 2717 1572 qua:
2744 1509 2964 1560 Joannes
2982 1509 3299 1561 Autbertus
3334 1520 3401 1559 ex
3427 1502 3590 1555 ωάίω
3612 1502 3735 1565 καί·

1763 1883 2525 1990 ADMONITIO.

594 2257 879 2316 Tractattrs
913 2260 1033 2325 iste,
1070 2277 1175 2317 non
1207 2264 1552 2333 praestantior
1577 2278 1743 2334 quam
1773 2264 1981 2329 utilior,
2010 2266 2326 2323 inscribitur
2374 2268 2595 2325 Scholia
2625 2271 2689 2323 de
2717 2271 3094 2326 incarnatione
3129 2270 3431 2342 Unigem'ri
3463 2287 3483 2323 :
3532 2279 3769 2340 propterea

512 2352 654 2419 quod
683 2352 924 2409 continet
952 2369 1055 2409 non
1095 2362 1305 2409 tantum
1332 2356 1753 2426 explicationem
1795 2356 1958 2411 trium
2005 2372 2200 2413 vocum
2235 2359 2533 2416 diﬁlcilium
2579 2360 2882 2426 intellectu,
2918 2359 3202 2429 Christus,
3254 2360 3605 2426 Emmanuel,
3632 2358 3769 2415 Jan.

511 2458 741 2510 quarum
778 2448 1110 2514 pramotione
1142 2463 1280 2518 opus
1314 2458 1398 2504 est
1429 2450 1495 2504 ad
1528 2448 1846 2518 mysterium
1889 2450 2285 2509 incarnationis
2333 2454 2631 2511 Dominicze
2682 2456 3060 2521 tractandum;
3113 2457 3216 2511 sed
3258 2457 3444 2512 etiam
3496 2452 3768 2511 solutionem

514 2538 802 2607 implicata:
836 2544 1171 2610 quaestionis,
1217 2547 1491 2614 quomodo
1535 2547 1656 2600 dua:
1705 2557 1943 2613 naturae,
1980 2546 2101 2601 sine
2140 2549 2459 2607 confusione
2503 2562 2561 2605 et
2594 2551 2975 2617 conversione,
3017 2555 3402 2609 convenerint
3449 2554 3505 2608 in
3553 2551 3768 2606 unitatem

513 2650 757 2701 Persona!
799 2639 1014 2706 divinae,
1049 2654 1279 2709 eamqne
1320 2660 1430 2699 non
1486 2645 1745 2714 σχετικὴν
1801 2650 1858 2696 et
1908 2642 2198 2712 moralem,
2245 2644 2341 2701 sed
2390 2644 2628 2718 φυσικὴν
2678 2655 2733 2703 et
2774 2648 3172 2703 substantivam
3226 2669 3241 2702 :
3291 2651 3393 2720 qui
3434 2648 3603 2705 cardo
3646 2642 3769 2700 ιοιῑυε

512 2731 826 2797 ψωειίοηίε
863 2742 1009 2787 tanta
1042 2735 1408 2790 commotione
1438 2738 1604 2792 totius
1629 2737 1780 2792 orbis
1809 2738 2049 2808 agitatae.

581 2824 698 2891 Quo
722 2837 943 2882 auctore
966 2827 1203 2897 scriptus
1234 2830 1328 2895 sit,
1348 2829 1598 2884 dubitare
1634 2845 1743 2884 non
1772 2830 1921 2897 licet,
1948 2847 2071 2887 cum
2101 2828 2481 2885 Theodoretus
2507 2830 2559 2885 in
2585 2831 2828 2887 secundo
2852 2832 3069 2902 dialogo
3090 2834 3186 2902 qui
3216 2835 3445 2889 dicitur
3472 2829 3768 2899 ΙηεοηῙιειιν

511 2916 622 2974 Leo
645 2919 868 2990 Magnus
893 2921 1120 2991 epistola
1149 2920 1243 2986 97,
1266 2921 1557 2975 concilium
1582 2919 2031 2979 Chalcedonense
2058 2922 2275 2978 actione
2297 2921 2334 2976 2
2359 2921 2413 2977 in
2444 2921 2574 2987 line,
2604 2922 2893 2978 Facundos
2922 2924 3351 2983 llermianensis
3375 2926 3534 2981 libris
3551 2940 3617 2979 vn
3645 2931 3692 2977 et
3711 2934 3769 2981 ιι,

512 3011 777 3067 Leontius
811 3012 1169 3067 scholasticus
1191 3013 1364 3068 libro:
1391 3023 1578 3069 contra
1602 3013 1960 3072 Nestoriauos
1981 3024 2035 3071 et
2061 3014 2448 3086 Eutychianos,
2474 3014 2694 3085 aliique,
2730 3032 2835 3072 non
2860 3026 3071 3073 tantum
3102 3018 3278 3087 hujus
3311 3018 3526 3091 operis,
3553 3026 3766 3084 tanquam

512 3126 543 3160 ει
580 3107 780 3176 Cyrillo
808 3108 959 3174 editi,
996 3110 1375 3176 meminerint,
1414 3110 1510 3167 sed
1548 3126 1613 3166 ex
1651 3124 1717 3165 eo
1747 3123 1965 3181 quoque
2002 3110 2069 3164 ad
2106 3110 2538 3165 continuandam
2578 3110 2737 3165 [idem
2778 3112 3092 3167 testimonia
3133 3113 3608 3184 deprompserint.
3644 3106 3765 3163 Adde
3860 3142 3861 3149 η

511 3201 653 3264 quod
697 3200 749 3253 in
790 3199 1116 3257 bibliotheca
1171 3201 1334 3272 Regia
1389 3203 1612 3257 Parisiis
1654 3217 1760 3256 non
1809 3202 2022 3257 modica
2063 3216 2192 3272 pars
2239 3200 2429 3257 Graece
2479 3202 2729 3269 habetur,
2776 3202 2968 3275 Cyrilli
3010 3205 3239 3260 nomine
3298 3205 3589 3275 inscripta,
3635 3213 3765 3271 quam
3860 3234 3861 3269 ι

509 3292 747 3347 ,ιιιςιῖιηθε
774 3293 1069 3347 Autbertus
1100 3295 1373 3348 transtulit
1402 3295 1451 3349 iu
1486 3310 1638 3349 suam
1666 3293 1901 3363 Operum
1924 3293 2111 3364 Cyrilli
2142 3292 2617 3350 GraecmLatinam
2644 3295 2962 3362 editionem,
2990 3305 3135 3352 tomo
3165 3294 3235 3361 Υ,
3281 3308 3451 3369 parte
3482 3313 3519 3351 ι.

584 3391 700 3456 Qun
757 3400 1000 3459 tempore
1055 3391 1388 3459 compositus
1444 3390 1628 3456 fuerit,
1674 3390 1945 3459 conjicere
1990 3405 2057 3444 ex
2098 3404 2163 3445 eo
2212 3388 2360 3455 licet,
2415 3391 2560 3461 quod
2617 3390 2722 3445 etsi
2772 3401 2964 3446 contra
3024 3392 3352 3448 Nestorium
3405 3400 3624 3448 sanctus
3664 3382 3761 3439 ﬁdei

513 3486 763 3537 olel'eusur
811 3486 1074 3553 disputet,
1111 3501 1234 3539 eum
1269 3493 1451 3539 tamen
1493 3486 1712 3540 nomine
1742 3501 1848 3539 non
1895 3484 2158 3554 appellet,
2202 3483 2397 3540 solitus
2435 3483 2639 3555 alioqui
2681 3501 2789 3541 non
2830 3494 3050 3555 tacere,
3086 3497 3208 3557 post
3246 3486 3758 3545 condemnationem,

514 3579 623 3631 imo
651 3589 702 3633 et
737 3592 863 3633 ante
896 3579 1425 3644 condemnationem,
1472 3580 1657 3634 statim
1699 3590 1861 3649 atque
1908 3580 1977 3633 lis
2023 3580 2184 3649 quasi
2224 3580 2494 3635 intentata
2527 3589 2653 3647 est,
2694 3589 3045 3650 coeptumque
3086 3580 3170 3652 agi
3214 3579 3383 3648 jure,
3430 3580 3483 3635 id
3519 3586 3631 3641 est,
3666 3584 3761 3643 post

513 3677 734 3729 missam
781 3689 904 3728 cum
958 3674 1154 3727 summi
1198 3674 1469 3742 pontiﬁcis
1542 3673 1735 3728 litteris
1781 3674 2139 3743 depositionis
2179 3674 2507 3729 sententiam
2545 3673 2957 3729 continentibus
3002 3676 3323 3745 synodicam
3367 3690 3438 3731 ex
3473 3669 3755 3742 Algyptim

514 3771 721 3841 synodo
747 3768 1059 3837 epistolam,
1091 3769 1377 3838 capitaque
1418 3767 1726 3832 duodecim,
1758 3770 1851 3838 qui
1901 3768 2349 3826 anathematismi
2382 3768 2665 3825 dicuntur.
2709 3769 3057 3842 Compositus
3101 3771 3268 3841 igitur
3308 3771 3427 3828 dici
3473 3769 3628 3826 debet
3658 3770 3758 3819 ante

514 3860 803 3915 concilium
832 3861 1183 3930 Ephesinum.

586 3958 691 4014 Sed
726 3975 833 4028 quo
872 3960 922 4012 in
971 3957 1111 4026 loco,
1143 3972 1317 4026 quove
1358 3957 1664 4014 distinctius
1705 3958 1986 4028 tempore?
2026 3957 2247 4028 Ephesi,
2296 3958 2609 4029 opinabitur
2647 3959 2790 4015 forte
2825 3959 3131 4029 quispiam,
3172 3969 3301 4015 tunc
3351 3977 3479 4018 cum
3523 3955 3751 4030 CyrilluS.

514 4058 643 4127 ipsis
681 4057 1021 4125 exigentibus
1072 4055 1390 4121 catholicis,
1437 4071 1712 4126 exponere
1764 4066 1989 4112 coactus
2039 4064 2122 4111 est
2166 4057 2451 4123 nonnulla,
2501 4072 2624 4128 qua
2668 4057 2831 4128 paulo
2888 4056 2972 4111 vel
3028 4056 3287 4123 duriora,
3341 4059 3427 4113 vel
3473 4052 3749 4112 obseuriorl

514 4153 836 4205 videbantur
884 4152 934 4204 in
981 4150 1482 4216 anathematismis,
1521 4150 1820 4220 praesertim
1861 4162 1920 4204 ut
1956 4149 2296 4220 propulsaret
2339 4150 2596 4205 invidiam
2632 4151 2735 4205 sibi
2778 4152 2845 4205 ab
2893 4149 3226 4205 adversariis
3263 4152 3586 4212 conﬂatam,
3624 4144 3749 4214 quasi

515 4260 637 4298 cum
665 4244 1066 4313 Apollinaristis
1096 4245 1345 4311 sentiret,
1377 4245 1587 4298 unicam
1620 4259 1740 4299 esse
1777 4243 1829 4298 in
1864 4244 2084 4298 Christo
2119 4255 2393 4310 naturam,
2429 4259 2755 4313 versumque
2780 4244 2832 4298 in
2860 4260 3079 4299 carnem
3112 4242 3348 4299 Verbum
3376 4245 3628 4299 divinum.

581 4338 690 4409 Ego
724 4353 853 4391 vero
886 4337 1229 4391 Alexandriae
1258 4338 1518 4405 scriptum
1548 4347 1699 4406 puto,
1726 4336 1881 4407 longe
1906 4345 2064 4391 antea
2094 4353 2106 4389 :
2144 4338 2377 4408 Cyrillus
2427 4352 2661 4408 namque
2696 4347 2987 4406 antequam
3026 4339 3399 4406 responderet,
3437 4338 3518 4394 vel
3550 4336 3749 4389 Andreae

514 4438 906 4499 Samosateno,
964 4434 1047 4489 vel
1088 4432 1460 4499 Theodoreto,
1510 4433 2002 4489 anathematismos
2048 4435 2613 4505 reprehendentibus,
2670 4435 2721 4488 id
2773 4435 2957 4503 operis
3005 4435 3272 4504 suscepit,
3328 4453 3439 4507 quo
3490 4435 3743 4490 instrueret

515 4530 887 4597 disputaturos
919 4542 1016 4596 pro
1047 4525 1174 4589 ﬁde,
1201 4524 1268 4581 de
1296 4524 1485 4595 primis
1516 4525 1669 4594 quasi
1701 4525 2018 4581 notionibus
2046 4540 2272 4593 vocum,
2306 4534 2470 4594 atque
2504 4524 2623 4579 aliis
2653 4525 2948 4589 nonnullis,
2980 4526 3178 4594 quibus
3212 4527 3354 4581 inter
3395 4522 3740 4595 disputant!qu

515 4638 643 4676 usus
674 4622 829 4674 foret.
862 4619 1124 4675 Instruxit
1156 4632 1304 4681 vero,
1344 4616 1448 4671 nisi
1491 4631 1576 4671 me
1618 4616 1755 4671 fallit
1788 4617 2003 4687 opinio,
2041 4631 2164 4673 cum
2200 4617 2434 4688 primum
2477 4616 2715 4672 ferveret
2759 4618 2989 4687 qmestio
3021 4616 3161 4685 apud
3209 4618 3628 4677 Alexandrinos.
3660 4627 3740 4666 nec

514 4719 648 4774 satis
670 4717 843 4770 adhuc
877 4717 1039 4769 animi
1080 4713 1467 4769 exercitatione
1499 4714 1695 4768 eruditi
1724 4722 1937 4778 essent;
1972 4728 2207 4785 cumque
2252 4714 2366 4783 ipse
2405 4714 2570 4768 etiam
2610 4712 2843 4780 primum
2877 4712 3113 4783 Cyrillus
3158 4729 3257 4782 pro
3297 4714 3514 4769 Christo
3543 4723 3737 4781 pugnam

512 4829 635 4866 cum
666 4810 916 4865 Nestorio
954 4809 1135 4871 iniret,
1174 4806 1314 4862 datis
1350 4808 1627 4876 prioribus
1664 4805 1859 4860 litteris
1890 4806 2049 4861 omcii
2088 4806 2483 4861 monitricibus.
2529 4804 2775 4874 Scriptus
2806 4815 2891 4859 est
2930 4806 3095 4874 igitur
3136 4814 3404 4861 tractatus
3444 4808 3542 4860 iste
3580 4801 3735 4858 eodem

514 4906 629 4961 fere
662 4917 900 4975 tempore
934 4915 1040 4972 quo
1063 4900 1291 4971 epistola
1341 4903 1406 4955 ad
1451 4902 1746 4955 monachos
1791 4897 2033 4970 Egypti,
2099 4900 2149 4953 id
2191 4911 2295 4965 est,
2338 4902 2439 4955 sub
2483 4898 2719 4954 medium
2761 4907 2853 4953 aut
2898 4900 3090 4953 saltem
3132 4900 3233 4954 sub
3283 4902 3444 4956 linem
3479 4917 3596 4955 ann.
3632 4893 3732 4949 429.

513 5002 658 5057 Idem
688 5003 830 5057 enim
852 5011 933 5056 est
960 5002 1243 5071 utriusque
1270 5010 1671 5070 argumentum,
1698 5016 1797 5055 nec
1823 5001 1969 5055 aliud
1994 5002 2204 5056 videtur
2234 5004 2531 5057 discrimen
2560 5015 2722 5070 quam
2751 5002 3017 5067 methodi,
3047 5018 3168 5073 qua:
3195 5002 3248 5057 in
3275 5000 3499 5071 epistola
3532 4991 3734 5055 oratorii

515 5098 687 5166 magis
716 5105 818 5160 est,
857 5096 907 5149 in
943 5094 1177 5149 Scholiis
1214 5094 1326 5147 fere
1361 5093 1703 5150 scholastica.
2422 5108 2435 5113 ‘

589 5192 642 5245 In
668 5206 787 5246 eam
818 5205 902 5245 me
933 5190 1254 5245 sententiam
1285 5188 1564 5259 impellunt
1600 5189 1722 5244 tria.
1756 5190 2018 5259 Primum,
2046 5193 2188 5263 quod
2214 5192 2433 5248 Scholia
2472 5203 2599 5251 ante
2632 5194 2923 5250 concilium
2960 5194 3293 5264 Ephesinum
3324 5194 3522 5263 scripta
3551 5190 3665 5248 sint.
3688 5189 3732 5233 ιιι

510 5297 667 5339 antea
702 5283 1003 5338 coniectum
1030 5293 1150 5337 est:
1194 5298 1291 5337 nec
1322 5297 1487 5350 parvo
1526 5294 1704 5337 tamen
1740 5294 2000 5351 tempore,
2036 5303 2158 5341 cum
2203 5287 2449 5342 Andreas
2493 5287 2884 5343 Samosatenus
2932 5290 3071 5357 apud
3114 5289 3465 5343 Anastasium
3506 5281 3727 5339 Sirmium

516 5378 738 5443 hujusce
780 5376 957 5444 operis
1003 5386 1255 5443 tanquam
1299 5377 1593 5444 pervulgati
1646 5377 1973 5431 meminerit.
2030 5378 2294 5447 Alterum,
2336 5382 2479 5450 quod
2529 5383 2774 5437 videatur
2807 5381 3157 5439 elementaria
3199 5382 3445 5445 quzedam
3491 5373 3727 5434 doctrina.

515 5471 735 5528 rudibus
795 5471 1181 5527 controversia
1244 5470 1471 5539 ingeniis
1522 5472 1772 5526 tradita:
1828 5475 2135 5531 continetur
2190 5477 2335 5531 enim
2397 5479 2739 5549 expositione
2816 5496 3046 5545 vocum,
3098 5478 3633 5546 distinctionibusque
3677 5467 3725 5521 ad

514 5568 840 5632 :bjet-tioues
872 5564 1155 5619 solvendas
1191 5566 1536 5629 necessariis,
1564 5577 1617 5620 et
1657 5567 1921 5635 exemplis
1955 5570 2019 5621 ad
2066 5586 2179 5625 rem
2211 5571 2585 5639 explicandam
2635 5572 2811 5629 factis.
2865 5572 3130 5636 Tertium,
3164 5572 3305 5642 quod
3349 5571 3402 5625 in
3444 5582 3600 5639 apere
3642 5568 3727 5617 t0i0

513 5660 650 5713 nulla
680 5674 772 5727 per
800 5672 858 5711 se
886 5656 977 5708 fiat
1006 5656 1208 5709 mentio
1240 5655 1328 5708 Dei
1358 5658 1662 5723 pontiﬁcis;
1708 5661 1801 5715 sed
1846 5677 2033 5715 eorum
2084 5673 2293 5717 tantum
2332 5680 2452 5733 quae
2488 5666 2538 5717 in
2569 5665 2742 5732 primo
2776 5665 3005 5720 Nesiorii
3047 5678 3297 5718 sermone
3330 5662 3658 5731 secundoque
3686 5663 3725 5707 ει

508 5754 668 5806 tertio
699 5762 883 5804 contra
929 5748 1049 5802 lidei
1092 5748 1329 5815 regulam
1365 5747 1630 5816 leguntur,
1665 5768 1785 5805 cum
1820 5762 1997 5807 tamen
2036 5757 2195 5825 digna
2239 5755 2378 5810 foret
2420 5758 2517 5811 ista
2550 5760 2803 5825 qmestio,
2840 5774 2959 5827 qlae
2994 5765 3322 5812 tractaretur
3358 5763 3580 5824 propter
3607 5760 3724 5805 suam
3852 5740 3857 5827 pi

510 5846 623 5900 she.
652 5842 1022 5903 subtilitatem,
1060 5839 1171 5892 sive
1201 5839 1594 5893 necessitatem.
1633 5844 1759 5896 Orta
1805 5862 1931 5901 vero
1960 5858 2040 5902 est
2079 5864 2143 5900 ex
2183 5848 2398 5901 humilia
2444 5847 2617 5901 Prmtli
2659 5864 2687 5901 a
2726 5848 2970 5907 Nestorio
3016 5846 3262 5907 acerbius
3312 5847 3651 5919 reprehensa.
3679 5838 3725 5895 de
3850 5824 3853 5895 i

509 5955 613 6010 qua
641 5936 771 5991 nihil
809 5935 984 5989 all'crri
1022 5933 1191 6002 potuit
1218 5933 1385 5986 nuntii
1420 5933 1799 5993 .‘ilexaudiiaui
1839 5953 1962 5997 ante
1993 5942 2277 5997 dctiuituut
2311 5942 2572 5998 hactenus
2602 5952 2830 6012 tempus.
