  <div class='ocr_page' id='page_1' title='image "/cluster/home/n/w/nwhite01/storage/ocr_20150623/75/uva.x030486936/694.png"; bbox 0 0 3926 6468; ppageno 0'>
   <div class='ocr_carea' id='block_1_1' title="bbox 160 431 1710 511">
    <p class='ocr_par' dir='ltr' id='par_1_1' title="bbox 160 445 1710 511">
     <span class='ocr_line' id='line_1_1' title="bbox 160 445 1710 511; baseline -0.004 -3"><span class='ocrx_word' id='word_1_1' title='bbox 160 452 327 511; x_wconf 74' lang='grc'><strong>1365</strong></span> <span class='ocrx_word' id='word_1_2' title='bbox 1148 448 1443 507; x_wconf 74' lang='lat' dir='ltr'><strong>SCHOLIA</strong></span> <span class='ocrx_word' id='word_1_3' title='bbox 1484 448 1569 503; x_wconf 84' lang='lat' dir='ltr'><strong>DE</strong></span> <span class='ocrx_word' id='word_1_4' title='bbox 1613 445 1710 502; x_wconf 79' lang='grc' dir='ltr'><strong>ΙΝ(</strong></span> 
     </span>
    </p>
   </div>
   <div class='ocr_carea' id='block_1_2' title="bbox 1981 431 3531 511">
    <p class='ocr_par' dir='ltr' id='par_1_2' title="bbox 1981 431 3531 503">
     <span class='ocr_line' id='line_1_2' title="bbox 1981 431 3531 503; baseline -0.009 -2"><span class='ocrx_word' id='word_1_5' title='bbox 1981 444 2134 502; x_wconf 82' lang='grc' dir='ltr'><strong>ΙΟΝΕ</strong></span> <span class='ocrx_word' id='word_1_6' title='bbox 2176 440 2554 503; x_wconf 75' lang='grc' dir='ltr'><strong>υΝιοεΝιΤι.</strong></span> <span class='ocrx_word' id='word_1_7' title='bbox 3390 431 3531 489; x_wconf 69' lang='grc'><strong>1366</strong></span> 
     </span>
    </p>
   </div>
   <div class='ocr_carea' id='block_1_3' title="bbox 237 549 3525 643">
    <p class='ocr_par' dir='ltr' id='par_1_3' title="bbox 237 549 3525 643">
     <span class='ocr_line' id='line_1_3' title="bbox 237 549 3525 643; baseline -0.008 -17"><span class='ocrx_word' id='word_1_8' title='bbox 237 569 331 625; x_wconf 84' lang='lat' dir='ltr'><strong>De</strong></span> <span class='ocrx_word' id='word_1_9' title='bbox 367 571 684 643; x_wconf 80' lang='lat' dir='ltr'><strong>interprete</strong></span> <span class='ocrx_word' id='word_1_10' title='bbox 714 572 875 642; x_wconf 87' lang='lat' dir='ltr'><strong>paulo</strong></span> <span class='ocrx_word' id='word_1_11' title='bbox 901 568 1173 626; x_wconf 73' lang='lat' dir='ltr'><strong>difﬁcilior</strong></span> <span class='ocrx_word' id='word_1_12' title='bbox 1199 579 1285 625; x_wconf 88' lang='lat' dir='ltr'><strong>est</strong></span> <span class='ocrx_word' id='word_1_13' title='bbox 1310 569 1562 638; x_wconf 66' lang='lat' dir='ltr'><strong>qumstin.</strong></span> <span class='ocrx_word' id='word_1_14' title='bbox 1602 566 1865 636; x_wconf 83' lang='lat' dir='ltr'><strong>Quisquis</strong></span> <span class='ocrx_word' id='word_1_15' title='bbox 1906 565 1998 620; x_wconf 91' lang='lat' dir='ltr'><strong>ille</strong></span> <span class='ocrx_word' id='word_1_16' title='bbox 2038 564 2225 629; x_wconf 78' lang='lat' dir='ltr'><strong>fuerit,</strong></span> <span class='ocrx_word' id='word_1_17' title='bbox 2255 565 2434 634; x_wconf 90' lang='lat' dir='ltr'><strong>ipsum</strong></span> <span class='ocrx_word' id='word_1_18' title='bbox 2472 566 2693 629; x_wconf 86' lang='lat' dir='ltr'><strong>oportet</strong></span> <span class='ocrx_word' id='word_1_19' title='bbox 2726 555 2922 627; x_wconf 88' lang='lat' dir='ltr'><strong>quinto</strong></span> <span class='ocrx_word' id='word_1_20' title='bbox 2970 549 3174 609; x_wconf 69' lang='lat' dir='ltr'><strong>saeculo</strong></span> <span class='ocrx_word' id='word_1_21' title='bbox 3210 549 3525 619; x_wconf 79' lang='lat' dir='ltr'><strong>scripsisse,</strong></span> 
     </span>
    </p>
   </div>
   <div class='ocr_carea' id='block_1_4' title="bbox 161 642 3527 740">
    <p class='ocr_par' dir='ltr' id='par_1_4' title="bbox 161 642 3527 740">
     <span class='ocr_line' id='line_1_4' title="bbox 161 642 3527 740; baseline -0.008 -22"><span class='ocrx_word' id='word_1_22' title='bbox 161 664 295 721; x_wconf 85' lang='lat' dir='ltr'><strong>imo</strong></span> <span class='ocrx_word' id='word_1_23' title='bbox 332 670 689 738; x_wconf 85' lang='lat' dir='ltr'><strong>temporibus</strong></span> <span class='ocrx_word' id='word_1_24' title='bbox 719 668 905 740; x_wconf 85' lang='lat' dir='ltr'><strong>Cyrilli</strong></span> <span class='ocrx_word' id='word_1_25' title='bbox 940 686 955 723; x_wconf 88' lang='lat'><strong>:</strong></span> <span class='ocrx_word' id='word_1_26' title='bbox 1002 665 1268 736; x_wconf 77' lang='lat' dir='ltr'><strong>siquidem</strong></span> <span class='ocrx_word' id='word_1_27' title='bbox 1303 680 1371 720; x_wconf 79' lang='lat' dir='ltr'><strong>ex</strong></span> <span class='ocrx_word' id='word_1_28' title='bbox 1409 666 1510 720; x_wconf 86' lang='lat' dir='ltr'><strong>hac</strong></span> <span class='ocrx_word' id='word_1_29' title='bbox 1544 665 1659 732; x_wconf 89' lang='lat' dir='ltr'><strong>ipsa</strong></span> <span class='ocrx_word' id='word_1_30' title='bbox 1701 664 1974 727; x_wconf 78' lang='lat' dir='ltr'><strong>versione,</strong></span> <span class='ocrx_word' id='word_1_31' title='bbox 2017 677 2139 731; x_wconf 66' lang='lat' dir='ltr'><strong>qua:</strong></span> <span class='ocrx_word' id='word_1_32' title='bbox 2188 675 2333 714; x_wconf 90' lang='lat' dir='ltr'><strong>nunc</strong></span> <span class='ocrx_word' id='word_1_33' title='bbox 2373 658 2631 719; x_wconf 88' lang='lat' dir='ltr'><strong>habetur,</strong></span> <span class='ocrx_word' id='word_1_34' title='bbox 2666 663 2723 709; x_wconf 92' lang='lat' dir='ltr'><strong>et</strong></span> <span class='ocrx_word' id='word_1_35' title='bbox 2752 651 2863 707; x_wconf 94' lang='lat' dir='ltr'><strong>Leo</strong></span> <span class='ocrx_word' id='word_1_36' title='bbox 2898 648 3126 719; x_wconf 70' lang='lat' dir='ltr'><strong>Magnus</strong></span> <span class='ocrx_word' id='word_1_37' title='bbox 3151 642 3345 740; x_wconf 79' lang='lat' dir='ltr'><strong>statim</strong></span> <span class='ocrx_word' id='word_1_38' title='bbox 3403 652 3527 740; x_wconf 80' lang='lat' dir='ltr'><strong>post</strong></span> 
     </span>
    </p>
   </div>
   <div class='ocr_carea' id='block_1_5' title="bbox 160 733 3530 833">
    <p class='ocr_par' dir='ltr' id='par_1_5' title="bbox 160 733 3530 833">
     <span class='ocr_line' id='line_1_5' title="bbox 160 733 3530 833; baseline -0.006 -22"><span class='ocrx_word' id='word_1_39' title='bbox 160 757 410 815; x_wconf 71' lang='lat' dir='ltr'><strong>obitum</strong></span> <span class='ocrx_word' id='word_1_40' title='bbox 442 733 633 833; x_wconf 64' lang='lat' dir='ltr'><strong>Cyrilli</strong></span> <span class='ocrx_word' id='word_1_41' title='bbox 664 733 919 831; x_wconf 76' lang='lat' dir='ltr'><strong>tanquam</strong></span> <span class='ocrx_word' id='word_1_42' title='bbox 950 775 1019 815; x_wconf 70' lang='lat' dir='ltr'><strong>es</strong></span> <span class='ocrx_word' id='word_1_43' title='bbox 1051 733 1290 828; x_wconf 72' lang='lat' dir='ltr'><strong>vulgata,</strong></span> <span class='ocrx_word' id='word_1_44' title='bbox 1318 766 1372 813; x_wconf 92' lang='lat' dir='ltr'><strong>et</strong></span> <span class='ocrx_word' id='word_1_45' title='bbox 1401 757 1690 811; x_wconf 87' lang='lat' dir='ltr'><strong>concilium</strong></span> <span class='ocrx_word' id='word_1_46' title='bbox 1724 754 2195 819; x_wconf 86' lang='lat' dir='ltr'><strong>Chalcedonense,</strong></span> <span class='ocrx_word' id='word_1_47' title='bbox 2238 762 2295 807; x_wconf 93' lang='lat' dir='ltr'><strong>et</strong></span> <span class='ocrx_word' id='word_1_48' title='bbox 2339 750 2627 805; x_wconf 87' lang='lat' dir='ltr'><strong>Facundus</strong></span> <span class='ocrx_word' id='word_1_49' title='bbox 2658 741 3071 801; x_wconf 85' lang='lat' dir='ltr'><strong>llermianensis</strong></span> <span class='ocrx_word' id='word_1_50' title='bbox 3132 733 3530 833; x_wconf 72' lang='lat' dir='ltr'><strong>decerpserint.</strong></span> 
     </span>
    </p>
   </div>
   <div class='ocr_carea' id='block_1_6' title="bbox 162 823 3529 919">
    <p class='ocr_par' dir='ltr' id='par_1_6' title="bbox 162 823 3529 919">
     <span class='ocr_line' id='line_1_6' title="bbox 162 823 3529 919; baseline -0.006 -14"><span class='ocrx_word' id='word_1_51' title='bbox 162 865 311 919; x_wconf 70' lang='lat' dir='ltr'><strong>quae</strong></span> <span class='ocrx_word' id='word_1_52' title='bbox 340 852 496 909; x_wconf 89' lang='lat' dir='ltr'><strong>locis</strong></span> <span class='ocrx_word' id='word_1_53' title='bbox 521 863 682 910; x_wconf 85' lang='lat' dir='ltr'><strong>antea</strong></span> <span class='ocrx_word' id='word_1_54' title='bbox 705 854 890 910; x_wconf 89' lang='lat' dir='ltr'><strong>citatis</strong></span> <span class='ocrx_word' id='word_1_55' title='bbox 909 823 1173 908; x_wconf 59' lang='lat' dir='ltr'><strong>referunt:</strong></span> <span class='ocrx_word' id='word_1_56' title='bbox 1191 851 1501 908; x_wconf 82' lang='lat' dir='ltr'><strong>Crediderit</strong></span> <span class='ocrx_word' id='word_1_57' title='bbox 1522 865 1628 906; x_wconf 91' lang='lat' dir='ltr'><strong>non</strong></span> <span class='ocrx_word' id='word_1_58' title='bbox 1656 849 1930 904; x_wconf 88' lang='lat' dir='ltr'><strong>immerito</strong></span> <span class='ocrx_word' id='word_1_59' title='bbox 1953 848 2249 917; x_wconf 82' lang='lat' dir='ltr'><strong>quispiam,</strong></span> <span class='ocrx_word' id='word_1_60' title='bbox 2265 841 2617 898; x_wconf 89' lang='lat' dir='ltr'><strong>tribuendum</strong></span> <span class='ocrx_word' id='word_1_61' title='bbox 2640 840 2745 894; x_wconf 87' lang='lat' dir='ltr'><strong>hoc</strong></span> <span class='ocrx_word' id='word_1_62' title='bbox 2766 850 2904 907; x_wconf 90' lang='lat' dir='ltr'><strong>opus</strong></span> <span class='ocrx_word' id='word_1_63' title='bbox 2921 832 3016 887; x_wconf 91' lang='lat' dir='ltr'><strong>uni</strong></span> <span class='ocrx_word' id='word_1_64' title='bbox 3040 844 3106 885; x_wconf 81' lang='lat' dir='ltr'><strong>ex</strong></span> <span class='ocrx_word' id='word_1_65' title='bbox 3138 823 3529 919; x_wconf 58' lang='lat' dir='ltr'><strong>dlexnndritlis</strong></span> 
     </span>
    </p>
   </div>
   <div class='ocr_carea' id='block_1_7' title="bbox 165 917 3527 1015">
    <p class='ocr_par' dir='ltr' id='par_1_7' title="bbox 165 917 3527 1015">
     <span class='ocr_line' id='line_1_7' title="bbox 165 917 3527 1015; baseline -0.007 -23"><span class='ocrx_word' id='word_1_66' title='bbox 165 937 301 997; x_wconf 85' lang='lat' dir='ltr'><strong>illis</strong></span> <span class='ocrx_word' id='word_1_67' title='bbox 336 944 972 1014; x_wconf 86' lang='lat' dir='ltr'><strong>quorumLatinitatem</strong></span> <span class='ocrx_word' id='word_1_68' title='bbox 998 945 1139 1015; x_wconf 87' lang='lat' dir='ltr'><strong>apud</strong></span> <span class='ocrx_word' id='word_1_69' title='bbox 1166 953 1417 999; x_wconf 88' lang='lat' dir='ltr'><strong>sanctum</strong></span> <span class='ocrx_word' id='word_1_70' title='bbox 1448 941 1808 997; x_wconf 69' lang='lat' dir='ltr'><strong>Caelestinum</strong></span> <span class='ocrx_word' id='word_1_71' title='bbox 1830 938 2069 1008; x_wconf 79' lang='lat' dir='ltr'><strong>Cyrillus</strong></span> <span class='ocrx_word' id='word_1_72' title='bbox 2096 935 2421 998; x_wconf 82' lang='lat' dir='ltr'><strong>excusabat,</strong></span> <span class='ocrx_word' id='word_1_73' title='bbox 2448 947 2574 987; x_wconf 90' lang='lat' dir='ltr'><strong>cum</strong></span> <span class='ocrx_word' id='word_1_74' title='bbox 2602 930 2827 986; x_wconf 88' lang='lat' dir='ltr'><strong>chartas</strong></span> <span class='ocrx_word' id='word_1_75' title='bbox 2852 923 3101 978; x_wconf 86' lang='lat' dir='ltr'><strong>mitteret</strong></span> <span class='ocrx_word' id='word_1_76' title='bbox 3121 917 3191 973; x_wconf 86' lang='lat' dir='ltr'><strong>ab</strong></span> <span class='ocrx_word' id='word_1_77' title='bbox 3213 918 3282 973; x_wconf 88' lang='lat' dir='ltr'><strong>iis</strong></span> <span class='ocrx_word' id='word_1_78' title='bbox 3310 928 3527 971; x_wconf 87' lang='lat' dir='ltr'><strong>versas.</strong></span> 
     </span>
    </p>
   </div>
   <div class='ocr_carea' id='block_1_8' title="bbox 167 1008 3534 1107">
    <p class='ocr_par' dir='ltr' id='par_1_8' title="bbox 167 1008 3534 1107">
     <span class='ocr_line' id='line_1_8' title="bbox 167 1008 3534 1107; baseline -0.007 -22"><span class='ocrx_word' id='word_1_79' title='bbox 167 1030 413 1090; x_wconf 78' lang='lat' dir='ltr'><strong>Verum</strong></span> <span class='ocrx_word' id='word_1_80' title='bbox 450 1038 785 1107; x_wconf 81' lang='lat' dir='ltr'><strong>opinabilius</strong></span> <span class='ocrx_word' id='word_1_81' title='bbox 817 1039 1054 1102; x_wconf 90' lang='lat' dir='ltr'><strong>videtur,</strong></span> <span class='ocrx_word' id='word_1_82' title='bbox 1093 1037 1446 1107; x_wconf 82' lang='lat' dir='ltr'><strong>interpretem</strong></span> <span class='ocrx_word' id='word_1_83' title='bbox 1490 1037 1677 1090; x_wconf 84' lang='lat' dir='ltr'><strong>dicere</strong></span> <span class='ocrx_word' id='word_1_84' title='bbox 1724 1032 1958 1088; x_wconf 80' lang='lat' dir='ltr'><strong>Marium</strong></span> <span class='ocrx_word' id='word_1_85' title='bbox 2000 1032 2405 1095; x_wconf 81' lang='lat' dir='ltr'><strong>Mercatorem,</strong></span> <span class='ocrx_word' id='word_1_86' title='bbox 2447 1027 2625 1079; x_wconf 89' lang='lat' dir='ltr'><strong>virum</strong></span> <span class='ocrx_word' id='word_1_87' title='bbox 2671 1019 2883 1090; x_wconf 90' lang='lat' dir='ltr'><strong>alioqui</strong></span> <span class='ocrx_word' id='word_1_88' title='bbox 2931 1013 3176 1071; x_wconf 85' lang='lat' dir='ltr'><strong>melioris</strong></span> <span class='ocrx_word' id='word_1_89' title='bbox 3214 1008 3534 1065; x_wconf 87' lang='lat' dir='ltr'><strong>Latinitatis</strong></span> 
     </span>
    </p>
   </div>
   <div class='ocr_carea' id='block_1_9' title="bbox 165 1108 3534 1197">
    <p class='ocr_par' dir='ltr' id='par_1_9' title="bbox 165 1108 3534 1197">
     <span class='ocr_line' id='line_1_9' title="bbox 165 1108 3534 1197; baseline -0.007 -19"><span class='ocrx_word' id='word_1_90' title='bbox 165 1125 478 1182; x_wconf 73' lang='lat' dir='ltr'><strong>scientem</strong></span> <span class='ocrx_word' id='word_1_91' title='bbox 507 1148 521 1183; x_wconf 89' lang='lat'>:</span> <span class='ocrx_word' id='word_1_92' title='bbox 555 1145 680 1183; x_wconf 81' lang='lat' dir='ltr'><strong>nam</strong></span> <span class='ocrx_word' id='word_1_93' title='bbox 715 1139 770 1183; x_wconf 91' lang='lat' dir='ltr'><strong>et</strong></span> <span class='ocrx_word' id='word_1_94' title='bbox 799 1128 941 1183; x_wconf 88' lang='lat' dir='ltr'><strong>inter</strong></span> <span class='ocrx_word' id='word_1_95' title='bbox 958 1126 1081 1197; x_wconf 82' lang='lat' dir='ltr'><strong>ejus</strong></span> <span class='ocrx_word' id='word_1_96' title='bbox 1106 1142 1271 1197; x_wconf 84' lang='lat' dir='ltr'><strong>opera</strong></span> <span class='ocrx_word' id='word_1_97' title='bbox 1301 1127 1574 1197; x_wconf 91' lang='lat' dir='ltr'><strong>reperitur</strong></span> <span class='ocrx_word' id='word_1_98' title='bbox 1616 1125 1669 1179; x_wconf 88' lang='lat' dir='ltr'><strong>in</strong></span> <span class='ocrx_word' id='word_1_99' title='bbox 1703 1134 1937 1192; x_wconf 89' lang='lat' dir='ltr'><strong>utroque</strong></span> <span class='ocrx_word' id='word_1_100' title='bbox 1971 1119 2344 1188; x_wconf 89' lang='lat' dir='ltr'><strong>manuscripto</strong></span> <span class='ocrx_word' id='word_1_101' title='bbox 2382 1114 2594 1176; x_wconf 88' lang='lat' dir='ltr'><strong>codice,</strong></span> <span class='ocrx_word' id='word_1_102' title='bbox 2630 1126 2743 1181; x_wconf 89' lang='lat' dir='ltr'><strong>quo</strong></span> <span class='ocrx_word' id='word_1_103' title='bbox 2787 1108 2872 1164; x_wconf 91' lang='lat' dir='ltr'><strong>usi</strong></span> <span class='ocrx_word' id='word_1_104' title='bbox 2912 1119 3143 1168; x_wconf 84' lang='lat' dir='ltr'><strong>sumus;</strong></span> <span class='ocrx_word' id='word_1_105' title='bbox 3177 1109 3233 1155; x_wconf 91' lang='lat' dir='ltr'><strong>et</strong></span> <span class='ocrx_word' id='word_1_106' title='bbox 3268 1115 3330 1155; x_wconf 89' lang='lat' dir='ltr'><strong>ea</strong></span> <span class='ocrx_word' id='word_1_107' title='bbox 3370 1109 3534 1153; x_wconf 66' lang='lat' dir='ltr'><strong>aetate</strong></span> 
     </span>
    </p>
   </div>
   <div class='ocr_carea' id='block_1_10' title="bbox 168 1190 3532 1289">
    <p class='ocr_par' dir='ltr' id='par_1_10' title="bbox 168 1190 3532 1289">
     <span class='ocr_line' id='line_1_10' title="bbox 168 1190 3532 1289; baseline -0.008 -18"><span class='ocrx_word' id='word_1_108' title='bbox 168 1219 355 1284; x_wconf 80' lang='lat' dir='ltr'><strong>vixit,</strong></span> <span class='ocrx_word' id='word_1_109' title='bbox 389 1235 503 1289; x_wconf 86' lang='lat' dir='ltr'><strong>qua</strong></span> <span class='ocrx_word' id='word_1_110' title='bbox 536 1222 903 1287; x_wconf 81' lang='lat' dir='ltr'><strong>scribebatur,</strong></span> <span class='ocrx_word' id='word_1_111' title='bbox 926 1190 1212 1278; x_wconf 35' lang='lat' dir='ltr'><strong>et&#39;ardo-re</strong></span> <span class='ocrx_word' id='word_1_112' title='bbox 1241 1190 1377 1275; x_wconf 39' lang='lat' dir='ltr'><strong>tidei&#39;</strong></span> <span class='ocrx_word' id='word_1_113' title='bbox 1396 1222 1648 1275; x_wconf 88' lang='lat' dir='ltr'><strong>incensus</strong></span> <span class='ocrx_word' id='word_1_114' title='bbox 1673 1190 1867 1271; x_wconf 74' lang='lat' dir='ltr'><strong>Latina</strong></span> <span class='ocrx_word' id='word_1_115' title='bbox 1909 1214 2037 1268; x_wconf 82' lang='lat' dir='ltr'><strong>fecit</strong></span> <span class='ocrx_word' id='word_1_116' title='bbox 2100 1227 2222 1283; x_wconf 69' lang='lat' dir='ltr'><strong>quas</strong></span> <span class='ocrx_word' id='word_1_117' title='bbox 2264 1209 2444 1264; x_wconf 63' lang='lat' dir='ltr'><strong>Graeci</strong></span> <span class='ocrx_word' id='word_1_118' title='bbox 2475 1209 2797 1262; x_wconf 76' lang='lat' dir='ltr'><strong>defensores</strong></span> <span class='ocrx_word' id='word_1_119' title='bbox 2830 1198 2958 1255; x_wconf 89' lang='lat' dir='ltr'><strong>lidei</strong></span> <span class='ocrx_word' id='word_1_120' title='bbox 3004 1196 3348 1289; x_wconf 53' lang='lat' dir='ltr'><strong>scriberent;</strong></span> <span class='ocrx_word' id='word_1_121' title='bbox 3392 1199 3445 1244; x_wconf 91' lang='lat' dir='ltr'><strong>et</strong></span> 
     </span>
    </p>
   </div>
   <div class='ocr_carea' id='block_1_11' title="bbox 168 1282 1718 1379">
    <p class='ocr_par' dir='ltr' id='par_1_11' title="bbox 168 1310 1718 1379">
     <span class='ocr_line' id='line_1_11' title="bbox 168 1310 1718 1379; baseline 0.001 -15"><span class='ocrx_word' id='word_1_122' title='bbox 168 1310 536 1379; x_wconf 65' lang='lat' dir='ltr'><strong>praefatione</strong></span> <span class='ocrx_word' id='word_1_123' title='bbox 580 1313 648 1368; x_wconf 82' lang='lat' dir='ltr'><strong>ad</strong></span> <span class='ocrx_word' id='word_1_124' title='bbox 702 1329 983 1371; x_wconf 79' lang='lat' dir='ltr'><strong>sermones</strong></span> <span class='ocrx_word' id='word_1_125' title='bbox 1029 1313 1268 1369; x_wconf 84' lang='lat' dir='ltr'><strong>Nestorii</strong></span> <span class='ocrx_word' id='word_1_126' title='bbox 1306 1320 1647 1367; x_wconf 78' lang='lat' dir='ltr'><strong>contestatus</strong></span> <span class='ocrx_word' id='word_1_127' title='bbox 1695 1326 1718 1365; x_wconf 84' lang='grc' dir='ltr'>ε</span> 
     </span>
    </p>
   </div>
   <div class='ocr_carea' id='block_1_12' title="bbox 1982 1282 3532 1379">
    <p class='ocr_par' dir='ltr' id='par_1_12' title="bbox 1982 1282 3532 1375">
     <span class='ocr_line' id='line_1_12' title="bbox 1982 1282 3532 1375; baseline -0.015 -14"><span class='ocrx_word' id='word_1_128' title='bbox 1982 1282 2289 1361; x_wconf 83' lang='lat' dir='ltr'><strong>Latinitatis</strong></span> <span class='ocrx_word' id='word_1_129' title='bbox 2339 1303 2486 1375; x_wconf 82' lang='lat' dir='ltr'><strong>leges</strong></span> <span class='ocrx_word' id='word_1_130' title='bbox 2539 1296 2817 1369; x_wconf 80' lang='lat' dir='ltr'><strong>sprevisse</strong></span> <span class='ocrx_word' id='word_1_131' title='bbox 2860 1294 2915 1347; x_wconf 91' lang='lat' dir='ltr'><strong>in</strong></span> <span class='ocrx_word' id='word_1_132' title='bbox 2968 1286 3233 1359; x_wconf 81' lang='lat' dir='ltr'><strong>Operibus</strong></span> <span class='ocrx_word' id='word_1_133' title='bbox 3290 1282 3532 1339; x_wconf 85' lang='lat' dir='ltr'><strong>Nestorii</strong></span> 
     </span>
    </p>
   </div>
   <div class='ocr_carea' id='block_1_13' title="bbox 166 1373 3535 1477">
    <p class='ocr_par' dir='ltr' id='par_1_13' title="bbox 166 1373 3535 1477">
     <span class='ocr_line' id='line_1_13' title="bbox 166 1373 3535 1477; baseline -0.01 -17"><span class='ocrx_word' id='word_1_134' title='bbox 166 1404 510 1476; x_wconf 85' lang='lat' dir='ltr'><strong>Cyrillique</strong></span> <span class='ocrx_word' id='word_1_135' title='bbox 535 1408 830 1462; x_wconf 82' lang='lat' dir='ltr'><strong>vertendis.</strong></span> <span class='ocrx_word' id='word_1_136' title='bbox 865 1407 933 1461; x_wconf 85' lang='lat' dir='ltr'><strong>In</strong></span> <span class='ocrx_word' id='word_1_137' title='bbox 968 1407 1179 1477; x_wconf 77' lang='lat' dir='ltr'><strong>quibus,</strong></span> <span class='ocrx_word' id='word_1_138' title='bbox 1216 1406 1412 1474; x_wconf 88' lang='lat' dir='ltr'><strong>inquit,</strong></span> <span class='ocrx_word' id='word_1_139' title='bbox 1457 1404 1669 1458; x_wconf 84' lang='lat' dir='ltr'><strong>verbum</strong></span> <span class='ocrx_word' id='word_1_140' title='bbox 1722 1373 2003 1467; x_wconf 33' lang='lat' dir='ltr'><strong>tle-verbo,</strong></span> <span class='ocrx_word' id='word_1_141' title='bbox 2038 1402 2091 1453; x_wconf 89' lang='lat' dir='ltr'><strong>in</strong></span> <span class='ocrx_word' id='word_1_142' title='bbox 2134 1373 2540 1467; x_wconf 11' lang='lat' dir='ltr'><strong>quantumﬁﬁeri</strong></span> <span class='ocrx_word' id='word_1_143' title='bbox 2584 1390 2760 1459; x_wconf 85' lang='lat' dir='ltr'><strong>potuit</strong></span> <span class='ocrx_word' id='word_1_144' title='bbox 2799 1391 3033 1439; x_wconf 80' lang='lat' dir='ltr'><strong>conatus</strong></span> <span class='ocrx_word' id='word_1_145' title='bbox 3076 1396 3195 1435; x_wconf 88' lang='lat' dir='ltr'><strong>sum</strong></span> <span class='ocrx_word' id='word_1_146' title='bbox 3237 1373 3535 1477; x_wconf 69' lang='lat' dir='ltr'><strong>translator</strong></span> 
     </span>
    </p>
   </div>
   <div class='ocr_carea' id='block_1_14' title="bbox 168 1467 3533 1570">
    <p class='ocr_par' dir='ltr' id='par_1_14' title="bbox 168 1467 3533 1570">
     <span class='ocr_line' id='line_1_14' title="bbox 168 1467 3533 1570; baseline -0.007 -20"><span class='ocrx_word' id='word_1_147' title='bbox 168 1498 523 1567; x_wconf 74' lang='lat' dir='ltr'><strong>exprimere,</strong></span> <span class='ocrx_word' id='word_1_148' title='bbox 558 1515 621 1553; x_wconf 85' lang='lat' dir='ltr'><strong>ne</strong></span> <span class='ocrx_word' id='word_1_149' title='bbox 648 1500 799 1569; x_wconf 84' lang='lat' dir='ltr'><strong>prius</strong></span> <span class='ocrx_word' id='word_1_150' title='bbox 825 1499 1083 1569; x_wconf 81' lang='lat' dir='ltr'><strong>falsaritts</strong></span> <span class='ocrx_word' id='word_1_151' title='bbox 1120 1500 1288 1570; x_wconf 76' lang='lat' dir='ltr'><strong>magis</strong></span> <span class='ocrx_word' id='word_1_152' title='bbox 1334 1515 1495 1568; x_wconf 88' lang='lat' dir='ltr'><strong>quam</strong></span> <span class='ocrx_word' id='word_1_153' title='bbox 1528 1514 1677 1552; x_wconf 81' lang='lat' dir='ltr'><strong>verus</strong></span> <span class='ocrx_word' id='word_1_154' title='bbox 1710 1508 1897 1566; x_wconf 87' lang='lat' dir='ltr'><strong>postea</strong></span> <span class='ocrx_word' id='word_1_155' title='bbox 1937 1493 2193 1562; x_wconf 85' lang='lat' dir='ltr'><strong>probarer</strong></span> <span class='ocrx_word' id='word_1_156' title='bbox 2236 1494 2522 1557; x_wconf 74' lang='lat' dir='ltr'><strong>interpres.</strong></span> <span class='ocrx_word' id='word_1_157' title='bbox 2564 1485 2647 1539; x_wconf 88' lang='lat' dir='ltr'><strong>Da</strong></span> <span class='ocrx_word' id='word_1_158' title='bbox 2694 1483 2866 1552; x_wconf 81' lang='lat' dir='ltr'><strong>igitur</strong></span> <span class='ocrx_word' id='word_1_159' title='bbox 2896 1478 3140 1540; x_wconf 80' lang='lat' dir='ltr'><strong>ueniam,</strong></span> <span class='ocrx_word' id='word_1_160' title='bbox 3171 1474 3254 1544; x_wconf 81' lang='lat' dir='ltr'><strong>pie</strong></span> <span class='ocrx_word' id='word_1_161' title='bbox 3280 1471 3462 1531; x_wconf 79' lang='lat' dir='ltr'><strong>lector.</strong></span> <span class='ocrx_word' id='word_1_162' title='bbox 3488 1467 3533 1522; x_wconf 69' lang='grc' dir='ltr'><strong>εἰ</strong></span> 
     </span>
    </p>
   </div>
   <div class='ocr_carea' id='block_1_15' title="bbox 170 1565 3534 1663">
    <p class='ocr_par' dir='ltr' id='par_1_15' title="bbox 170 1565 3534 1663">
     <span class='ocr_line' id='line_1_15' title="bbox 170 1565 3534 1663; baseline -0.008 -18"><span class='ocrx_word' id='word_1_163' title='bbox 170 1602 279 1646; x_wconf 82' lang='lat' dir='ltr'><strong>aut</strong></span> <span class='ocrx_word' id='word_1_164' title='bbox 320 1594 513 1647; x_wconf 78' lang='lat' dir='ltr'><strong>minus</strong></span> <span class='ocrx_word' id='word_1_165' title='bbox 544 1595 713 1648; x_wconf 80' lang='lat' dir='ltr'><strong>oratio</strong></span> <span class='ocrx_word' id='word_1_166' title='bbox 770 1595 1062 1659; x_wconf 88' lang='lat' dir='ltr'><strong>luculenta,</strong></span> <span class='ocrx_word' id='word_1_167' title='bbox 1102 1603 1196 1648; x_wconf 80' lang='lat' dir='ltr'><strong>aut</strong></span> <span class='ocrx_word' id='word_1_168' title='bbox 1232 1597 1508 1649; x_wconf 84' lang='lat' dir='ltr'><strong>verborum</strong></span> <span class='ocrx_word' id='word_1_169' title='bbox 1547 1594 1847 1663; x_wconf 85' lang='lat' dir='ltr'><strong>ubicunque</strong></span> <span class='ocrx_word' id='word_1_170' title='bbox 1880 1601 2328 1663; x_wconf 68' lang='lat' dir='ltr'><strong>praesumptorunt</strong></span> <span class='ocrx_word' id='word_1_171' title='bbox 2375 1586 2578 1641; x_wconf 82' lang='lat' dir='ltr'><strong>novitas</strong></span> <span class='ocrx_word' id='word_1_172' title='bbox 2622 1595 2807 1634; x_wconf 84' lang='lat' dir='ltr'><strong>aurem</strong></span> <span class='ocrx_word' id='word_1_173' title='bbox 2846 1578 2988 1647; x_wconf 84' lang='lat' dir='ltr'><strong>forte</strong></span> <span class='ocrx_word' id='word_1_174' title='bbox 3033 1569 3338 1642; x_wconf 85' lang='lat' dir='ltr'><strong>perculerit.</strong></span> <span class='ocrx_word' id='word_1_175' title='bbox 3380 1565 3534 1632; x_wconf 85' lang='lat' dir='ltr'><strong>Elegi</strong></span> 
     </span>
    </p>
   </div>
   <div class='ocr_carea' id='block_1_16' title="bbox 172 1658 3535 1758">
    <p class='ocr_par' dir='ltr' id='par_1_16' title="bbox 172 1658 3535 1758">
     <span class='ocr_line' id='line_1_16' title="bbox 172 1658 3535 1758; baseline -0.008 -21"><span class='ocrx_word' id='word_1_176' title='bbox 172 1684 630 1738; x_wconf 81' lang='lat' dir='ltr'><strong>obtrectatorum</strong></span> <span class='ocrx_word' id='word_1_177' title='bbox 690 1686 886 1757; x_wconf 82' lang='lat' dir='ltr'><strong>linguis</strong></span> <span class='ocrx_word' id='word_1_178' title='bbox 939 1689 1109 1758; x_wconf 87' lang='lat' dir='ltr'><strong>magis</strong></span> <span class='ocrx_word' id='word_1_179' title='bbox 1147 1688 1366 1755; x_wconf 69' lang='lat' dir='ltr'><strong>exponi,</strong></span> <span class='ocrx_word' id='word_1_180' title='bbox 1414 1704 1573 1758; x_wconf 86' lang='lat' dir='ltr'><strong>quam</strong></span> <span class='ocrx_word' id='word_1_181' title='bbox 1628 1705 1661 1741; x_wconf 89' lang='lat' dir='ltr'><strong>a</strong></span> <span class='ocrx_word' id='word_1_182' title='bbox 1712 1658 1933 1742; x_wconf 73' lang='lat' dir='ltr'><strong>veritate</strong></span> <span class='ocrx_word' id='word_1_183' title='bbox 1977 1700 2227 1739; x_wconf 76' lang='lat' dir='ltr'><strong>sensuum</strong></span> <span class='ocrx_word' id='word_1_184' title='bbox 2261 1678 2637 1750; x_wconf 65' lang='lat' dir='ltr'><strong>exprimenda,</strong></span> <span class='ocrx_word' id='word_1_185' title='bbox 2698 1674 2786 1728; x_wconf 86' lang='lat' dir='ltr'><strong>ubi</strong></span> <span class='ocrx_word' id='word_1_186' title='bbox 2844 1686 2998 1725; x_wconf 85' lang='lat' dir='ltr'><strong>omne</strong></span> <span class='ocrx_word' id='word_1_187' title='bbox 3045 1675 3123 1722; x_wconf 84' lang='lat' dir='ltr'><strong>est</strong></span> <span class='ocrx_word' id='word_1_188' title='bbox 3177 1664 3240 1717; x_wconf 87' lang='lat' dir='ltr'><strong>de</strong></span> <span class='ocrx_word' id='word_1_189' title='bbox 3301 1658 3535 1727; x_wconf 77' lang='lat' dir='ltr'><strong>falsitate</strong></span> 
     </span>
    </p>
   </div>
   <div class='ocr_carea' id='block_1_17' title="bbox 172 1778 1065 1850">
    <p class='ocr_par' dir='ltr' id='par_1_17' title="bbox 172 1778 1065 1850">
     <span class='ocr_line' id='line_1_17' title="bbox 172 1778 1065 1850; baseline 0.008 -21"><span class='ocrx_word' id='word_1_190' title='bbox 172 1778 529 1846; x_wconf 82' lang='lat' dir='ltr'><strong>periculum,</strong></span> <span class='ocrx_word' id='word_1_191' title='bbox 555 1779 762 1850; x_wconf 82' lang='lat' dir='ltr'><strong>longius</strong></span> <span class='ocrx_word' id='word_1_192' title='bbox 796 1782 1065 1836; x_wconf 84' lang='lat' dir='ltr'><strong>aberrare.</strong></span> 
     </span>
    </p>
   </div>
   <div class='ocr_carea' id='block_1_18' title="bbox 266 1847 3537 1947">
    <p class='ocr_par' dir='ltr' id='par_1_18' title="bbox 266 1847 3537 1947">
     <span class='ocr_line' id='line_1_18' title="bbox 266 1847 3537 1947; baseline -0.007 -23"><span class='ocrx_word' id='word_1_193' title='bbox 266 1868 407 1925; x_wconf 80' lang='lat' dir='ltr'><strong>Non</strong></span> <span class='ocrx_word' id='word_1_194' title='bbox 448 1873 583 1929; x_wconf 85' lang='lat' dir='ltr'><strong>levis</strong></span> <span class='ocrx_word' id='word_1_195' title='bbox 618 1847 785 1944; x_wconf 84' lang='lat' dir='ltr'><strong>opera</strong></span> <span class='ocrx_word' id='word_1_196' title='bbox 817 1877 1067 1947; x_wconf 89' lang='lat' dir='ltr'><strong>ponenda</strong></span> <span class='ocrx_word' id='word_1_197' title='bbox 1112 1877 1268 1933; x_wconf 89' lang='lat' dir='ltr'><strong>nobis</strong></span> <span class='ocrx_word' id='word_1_198' title='bbox 1299 1876 1398 1933; x_wconf 80' lang='lat' dir='ltr'><strong>fuit</strong></span> <span class='ocrx_word' id='word_1_199' title='bbox 1439 1875 1492 1931; x_wconf 92' lang='lat' dir='ltr'><strong>in</strong></span> <span class='ocrx_word' id='word_1_200' title='bbox 1524 1873 1864 1931; x_wconf 86' lang='lat' dir='ltr'><strong>emendanda</strong></span> <span class='ocrx_word' id='word_1_201' title='bbox 1890 1872 2146 1926; x_wconf 85' lang='lat' dir='ltr'><strong>versione</strong></span> <span class='ocrx_word' id='word_1_202' title='bbox 2186 1874 2296 1919; x_wconf 90' lang='lat' dir='ltr'><strong>tam</strong></span> <span class='ocrx_word' id='word_1_203' title='bbox 2330 1863 2581 1931; x_wconf 87' lang='lat' dir='ltr'><strong>antiqua,</strong></span> <span class='ocrx_word' id='word_1_204' title='bbox 2604 1860 2836 1947; x_wconf 85' lang='lat' dir='ltr'><strong>ideoque</strong></span> <span class='ocrx_word' id='word_1_205' title='bbox 2863 1855 2931 1911; x_wconf 91' lang='lat' dir='ltr'><strong>ah</strong></span> <span class='ocrx_word' id='word_1_206' title='bbox 2962 1847 3537 1947; x_wconf 25' lang='lat' dir='ltr'><strong>exscrihentihusnut</strong></span> 
     </span>
    </p>
   </div>
   <div class='ocr_carea' id='block_1_19' title="bbox 179 1936 3533 2041">
    <p class='ocr_par' dir='ltr' id='par_1_19' title="bbox 179 1936 3533 2041">
     <span class='ocr_line' id='line_1_19' title="bbox 179 1936 3533 2041; baseline -0.012 -11"><span class='ocrx_word' id='word_1_207' title='bbox 179 1964 277 2029; x_wconf 71' lang='grc' dir='ltr'><strong>ίίῐ,</strong></span> <span class='ocrx_word' id='word_1_208' title='bbox 314 1978 583 2037; x_wconf 78' lang='lat' dir='ltr'><strong>corrupta</strong></span> <span class='ocrx_word' id='word_1_209' title='bbox 612 1986 625 2023; x_wconf 88' lang='lat'>:</span> <span class='ocrx_word' id='word_1_210' title='bbox 657 1967 917 2037; x_wconf 84' lang='lat' dir='ltr'><strong>juverunt</strong></span> <span class='ocrx_word' id='word_1_211' title='bbox 952 1972 1173 2041; x_wconf 87' lang='lat' dir='ltr'><strong>quidem</strong></span> <span class='ocrx_word' id='word_1_212' title='bbox 1200 1970 1567 2041; x_wconf 54' lang='lat' dir='ltr'><strong>manuscript;</strong></span> <span class='ocrx_word' id='word_1_213' title='bbox 1589 1969 1806 2024; x_wconf 86' lang='lat' dir='ltr'><strong>codices</strong></span> <span class='ocrx_word' id='word_1_214' title='bbox 1831 1975 1887 2021; x_wconf 90' lang='lat' dir='ltr'><strong>et</strong></span> <span class='ocrx_word' id='word_1_215' title='bbox 1920 1964 2043 2019; x_wconf 88' lang='lat' dir='ltr'><strong>libri</strong></span> <span class='ocrx_word' id='word_1_216' title='bbox 2071 1962 2214 2034; x_wconf 86' lang='lat' dir='ltr'><strong>typis</strong></span> <span class='ocrx_word' id='word_1_217' title='bbox 2238 1957 2451 2015; x_wconf 80' lang='lat' dir='ltr'><strong>excusi.</strong></span> <span class='ocrx_word' id='word_1_218' title='bbox 2482 1958 2553 2011; x_wconf 87' lang='lat' dir='ltr'><strong>At</strong></span> <span class='ocrx_word' id='word_1_219' title='bbox 2588 1967 2714 2007; x_wconf 91' lang='lat' dir='ltr'><strong>cum</strong></span> <span class='ocrx_word' id='word_1_220' title='bbox 2751 1942 2863 2004; x_wconf 64' lang='lat' dir='ltr'><strong>&#39;una</strong></span> <span class='ocrx_word' id='word_1_221' title='bbox 2912 1948 2986 2003; x_wconf 90' lang='lat' dir='ltr'><strong>sit</strong></span> <span class='ocrx_word' id='word_1_222' title='bbox 3026 1943 3273 2000; x_wconf 83' lang='lat' dir='ltr'><strong>omnium</strong></span> <span class='ocrx_word' id='word_1_223' title='bbox 3322 1936 3533 1998; x_wconf 81' lang='lat' dir='ltr'><strong>versio,</strong></span> 
     </span>
    </p>
   </div>
   <div class='ocr_carea' id='block_1_20' title="bbox 176 1987 3535 2139">
    <p class='ocr_par' dir='ltr' id='par_1_20' title="bbox 176 1987 3535 2139">
     <span class='ocr_line' id='line_1_20' title="bbox 180 1987 3532 2041; baseline -0.002 -18"><span class='ocrx_word' id='word_1_224' title='bbox 180 1987 277 2029; x_wconf 84' lang='grc' dir='ltr'>ιιι,</span> <span class='ocrx_word' id='word_1_225' title='bbox 314 1987 583 2037; x_wconf 80' lang='lat' dir='ltr'><strong>corrupta</strong></span> <span class='ocrx_word' id='word_1_226' title='bbox 612 1987 625 2023; x_wconf 90' lang='lat'>:</span> <span class='ocrx_word' id='word_1_227' title='bbox 657 1987 917 2037; x_wconf 70' lang='lat' dir='ltr'><strong>Juverunt</strong></span> <span class='ocrx_word' id='word_1_228' title='bbox 952 1987 1173 2041; x_wconf 78' lang='lat' dir='ltr'><strong>quidem</strong></span> <span class='ocrx_word' id='word_1_229' title='bbox 1200 1987 1538 2040; x_wconf 83' lang='lat' dir='ltr'><strong>manuscript</strong></span> <span class='ocrx_word' id='word_1_230' title='bbox 1589 1987 1806 2024; x_wconf 81' lang='lat' dir='ltr'><strong>coulces</strong></span> <span class='ocrx_word' id='word_1_231' title='bbox 1831 1987 1887 2021; x_wconf 84' lang='lat' dir='ltr'><strong>et.</strong></span> <span class='ocrx_word' id='word_1_232' title='bbox 1920 1987 2043 2019; x_wconf 82' lang='lat' dir='ltr'><strong>tturl</strong></span> <span class='ocrx_word' id='word_1_233' title='bbox 2072 1987 2214 2034; x_wconf 66' lang='lat' dir='ltr'><strong>typis</strong></span> <span class='ocrx_word' id='word_1_234' title='bbox 2238 1987 2451 2015; x_wconf 71' lang='grc' dir='ltr'><strong>ωυυδι·</strong></span> <span class='ocrx_word' id='word_1_235' title='bbox 2482 1987 2553 2011; x_wconf 74' lang='grc' dir='ltr'><strong>ιιι</strong></span> <span class='ocrx_word' id='word_1_236' title='bbox 2589 1987 2714 2007; x_wconf 74' lang='grc' dir='ltr'><strong>ιιι-ιι·</strong></span> <span class='ocrx_word' id='word_1_237' title='bbox 2757 1987 2863 2004; x_wconf 82' lang='grc' dir='ltr'><strong>υιι-</strong></span> <span class='ocrx_word' id='word_1_238' title='bbox 2912 1987 2986 2003; x_wconf 69' lang='grc' dir='ltr'><strong>α·-</strong></span> <span class='ocrx_word' id='word_1_239' title='bbox 3027 1987 3273 2000; x_wconf 51' lang='lat' dir='ltr'><strong>“rm-NW</strong></span> <span class='ocrx_word' id='word_1_240' title='bbox 3334 1987 3532 1998; x_wconf 48' lang='grc' dir='ltr'><strong>τν-’νν-</strong></span> 
     </span>
     <span class='ocr_line' id='line_1_21' title="bbox 176 1987 3535 2139; baseline -0.005 -21"><span class='ocrx_word' id='word_1_241' title='bbox 176 2074 385 2131; x_wconf 75' lang='lat' dir='ltr'><strong>eaque</strong></span> <span class='ocrx_word' id='word_1_242' title='bbox 432 2080 537 2119; x_wconf 92' lang='lat' dir='ltr'><strong>non</strong></span> <span class='ocrx_word' id='word_1_243' title='bbox 586 2066 766 2122; x_wconf 90' lang='lat' dir='ltr'><strong>minus</strong></span> <span class='ocrx_word' id='word_1_244' title='bbox 800 2084 828 2121; x_wconf 90' lang='lat' dir='ltr'><strong>a</strong></span> <span class='ocrx_word' id='word_1_245' title='bbox 874 2069 1104 2125; x_wconf 85' lang='lat' dir='ltr'><strong>notariis</strong></span> <span class='ocrx_word' id='word_1_246' title='bbox 1136 2069 1452 2139; x_wconf 84' lang='lat' dir='ltr'><strong>depravata,</strong></span> <span class='ocrx_word' id='word_1_247' title='bbox 1484 1987 1647 2139; x_wconf 53' lang='lat' dir='ltr'><strong>anm</strong></span> <span class='ocrx_word' id='word_1_248' title='bbox 1702 2067 1771 2121; x_wconf 88' lang='lat' dir='ltr'><strong>ab</strong></span> <span class='ocrx_word' id='word_1_249' title='bbox 1826 2065 2126 2132; x_wconf 88' lang='lat' dir='ltr'><strong>interprete</strong></span> <span class='ocrx_word' id='word_1_250' title='bbox 2178 2057 2445 2127; x_wconf 83' lang='lat' dir='ltr'><strong>neglecta,</strong></span> <span class='ocrx_word' id='word_1_251' title='bbox 2488 2051 2709 2123; x_wconf 89' lang='lat' dir='ltr'><strong>quoties</strong></span> <span class='ocrx_word' id='word_1_252' title='bbox 2750 2064 2858 2103; x_wconf 89' lang='lat' dir='ltr'><strong>non</strong></span> <span class='ocrx_word' id='word_1_253' title='bbox 2912 2036 3535 2116; x_wconf 61' lang='lat' dir='ltr'><strong>praeluxeruntGraat‘ai</strong></span> 
     </span>
    </p>
   </div>
   <div class='ocr_carea' id='block_1_21' title="bbox 178 2138 3534 2234">
    <p class='ocr_par' dir='ltr' id='par_1_21' title="bbox 178 2138 3534 2234">
     <span class='ocr_line' id='line_1_22' title="bbox 178 2138 3534 2234; baseline -0.002 -23"><span class='ocrx_word' id='word_1_254' title='bbox 178 2158 585 2227; x_wconf 71' lang='lat' dir='ltr'><strong>prseluzerunt</strong></span> <span class='ocrx_word' id='word_1_255' title='bbox 616 2178 745 2217; x_wconf 90' lang='lat' dir='ltr'><strong>vero</strong></span> <span class='ocrx_word' id='word_1_256' title='bbox 779 2178 884 2219; x_wconf 88' lang='lat' dir='ltr'><strong>non</strong></span> <span class='ocrx_word' id='word_1_257' title='bbox 931 2178 1096 2234; x_wconf 66' lang='lat' dir='ltr'><strong>smpe,</strong></span> <span class='ocrx_word' id='word_1_258' title='bbox 1138 2138 1661 2227; x_wconf 15' lang='lat' dir='ltr'><strong>divinandumitnit,</strong></span> <span class='ocrx_word' id='word_1_259' title='bbox 1703 2171 1760 2217; x_wconf 89' lang='lat' dir='ltr'><strong>ut</strong></span> <span class='ocrx_word' id='word_1_260' title='bbox 1801 2176 1939 2231; x_wconf 87' lang='lat' dir='ltr'><strong>quas</strong></span> <span class='ocrx_word' id='word_1_261' title='bbox 1989 2156 2334 2213; x_wconf 81' lang='lat' dir='ltr'><strong>adhibuisset</strong></span> <span class='ocrx_word' id='word_1_262' title='bbox 2375 2166 2538 2207; x_wconf 88' lang='lat' dir='ltr'><strong>voces</strong></span> <span class='ocrx_word' id='word_1_263' title='bbox 2585 2150 2894 2214; x_wconf 89' lang='lat' dir='ltr'><strong>interpres,</strong></span> <span class='ocrx_word' id='word_1_264' title='bbox 2956 2138 3381 2234; x_wconf 56' lang='lat' dir='ltr'><strong>restituerettitts</strong></span> <span class='ocrx_word' id='word_1_265' title='bbox 3433 2145 3534 2202; x_wconf 66' lang='grc' dir='ltr'><strong>ΡΠ)</strong></span> 
     </span>
    </p>
   </div>
   <div class='ocr_carea' id='block_1_22' title="bbox 180 2226 3536 2327">
    <p class='ocr_par' dir='ltr' id='par_1_22' title="bbox 180 2226 3536 2327">
     <span class='ocr_line' id='line_1_23' title="bbox 180 2226 3536 2327; baseline -0.008 -22"><span class='ocrx_word' id='word_1_266' title='bbox 180 2253 349 2307; x_wconf 77' lang='lat' dir='ltr'><strong>virili</strong></span> <span class='ocrx_word' id='word_1_267' title='bbox 382 2270 396 2305; x_wconf 90' lang='lat'>:</span> <span class='ocrx_word' id='word_1_268' title='bbox 438 2255 680 2327; x_wconf 80' lang='lat' dir='ltr'><strong>religioni</strong></span> <span class='ocrx_word' id='word_1_269' title='bbox 704 2258 847 2311; x_wconf 90' lang='lat' dir='ltr'><strong>enim</strong></span> <span class='ocrx_word' id='word_1_270' title='bbox 878 2257 980 2313; x_wconf 79' lang='lat' dir='ltr'><strong>fuit</strong></span> <span class='ocrx_word' id='word_1_271' title='bbox 1014 2257 1153 2311; x_wconf 91' lang='lat' dir='ltr'><strong>ullas</strong></span> <span class='ocrx_word' id='word_1_272' title='bbox 1187 2268 1424 2321; x_wconf 86' lang='lat' dir='ltr'><strong>mutare,</strong></span> <span class='ocrx_word' id='word_1_273' title='bbox 1462 2272 1561 2311; x_wconf 90' lang='lat' dir='ltr'><strong>nec</strong></span> <span class='ocrx_word' id='word_1_274' title='bbox 1597 2256 1642 2311; x_wconf 92' lang='lat' dir='ltr'><strong>si</strong></span> <span class='ocrx_word' id='word_1_275' title='bbox 1671 2254 1895 2310; x_wconf 89' lang='lat' dir='ltr'><strong>aliunde</strong></span> <span class='ocrx_word' id='word_1_276' title='bbox 1926 2251 2196 2314; x_wconf 90' lang='lat' dir='ltr'><strong>licuisset,</strong></span> <span class='ocrx_word' id='word_1_277' title='bbox 2226 2246 2599 2318; x_wconf 85' lang='lat' dir='ltr'><strong>potuissemus</strong></span> <span class='ocrx_word' id='word_1_278' title='bbox 2637 2251 2840 2301; x_wconf 89' lang='lat' dir='ltr'><strong>tamen,</strong></span> <span class='ocrx_word' id='word_1_279' title='bbox 2870 2248 2996 2289; x_wconf 89' lang='lat' dir='ltr'><strong>cum</strong></span> <span class='ocrx_word' id='word_1_280' title='bbox 3043 2228 3268 2285; x_wconf 79' lang='lat' dir='ltr'><strong>deﬁciat</strong></span> <span class='ocrx_word' id='word_1_281' title='bbox 3306 2226 3536 2282; x_wconf 67' lang='lat' dir='ltr'><strong>Graccus</strong></span> 
     </span>
    </p>
   </div>
   <div class='ocr_carea' id='block_1_23' title="bbox 186 2322 3537 2423">
    <p class='ocr_par' dir='ltr' id='par_1_23' title="bbox 186 2322 3537 2423">
     <span class='ocr_line' id='line_1_24' title="bbox 186 2322 3537 2423; baseline -0.009 -20"><span class='ocrx_word' id='word_1_282' title='bbox 186 2359 396 2404; x_wconf 75' lang='lat' dir='ltr'><strong>textus</strong></span> <span class='ocrx_word' id='word_1_283' title='bbox 454 2352 506 2405; x_wconf 92' lang='lat' dir='ltr'><strong>in</strong></span> <span class='ocrx_word' id='word_1_284' title='bbox 563 2351 841 2422; x_wconf 86' lang='lat' dir='ltr'><strong>pluribus;</strong></span> <span class='ocrx_word' id='word_1_285' title='bbox 886 2366 1051 2423; x_wconf 90' lang='lat' dir='ltr'><strong>quem</strong></span> <span class='ocrx_word' id='word_1_286' title='bbox 1098 2354 1243 2409; x_wconf 90' lang='lat' dir='ltr'><strong>enim</strong></span> <span class='ocrx_word' id='word_1_287' title='bbox 1301 2354 1601 2421; x_wconf 85' lang='lat' dir='ltr'><strong>habemus,</strong></span> <span class='ocrx_word' id='word_1_288' title='bbox 1646 2352 1731 2408; x_wconf 77' lang='lat' dir='ltr'><strong>vel</strong></span> <span class='ocrx_word' id='word_1_289' title='bbox 1780 2367 1847 2408; x_wconf 80' lang='lat' dir='ltr'><strong>ex</strong></span> <span class='ocrx_word' id='word_1_290' title='bbox 1900 2348 2271 2410; x_wconf 85' lang='lat' dir='ltr'><strong>Theodoreto,</strong></span> <span class='ocrx_word' id='word_1_291' title='bbox 2303 2344 2391 2398; x_wconf 87' lang='lat' dir='ltr'><strong>vel</strong></span> <span class='ocrx_word' id='word_1_292' title='bbox 2438 2356 2502 2397; x_wconf 77' lang='lat' dir='ltr'><strong>ex</strong></span> <span class='ocrx_word' id='word_1_293' title='bbox 2533 2328 2971 2394; x_wconf 87' lang='lat' dir='ltr'><strong>Chalcedonensi</strong></span> <span class='ocrx_word' id='word_1_294' title='bbox 3032 2327 3267 2397; x_wconf 78' lang='lat' dir='ltr'><strong>synodo,</strong></span> <span class='ocrx_word' id='word_1_295' title='bbox 3327 2322 3411 2376; x_wconf 88' lang='lat' dir='ltr'><strong>vel</strong></span> <span class='ocrx_word' id='word_1_296' title='bbox 3465 2336 3537 2375; x_wconf 70' lang='lat' dir='ltr'><strong>ex</strong></span> 
     </span>
    </p>
   </div>
   <div class='ocr_carea' id='block_1_24' title="bbox 183 2437 1166 2510">
    <p class='ocr_par' dir='ltr' id='par_1_24' title="bbox 183 2437 1166 2510">
     <span class='ocr_line' id='line_1_25' title="bbox 183 2437 1166 2510; baseline 0.003 -17"><span class='ocrx_word' id='word_1_297' title='bbox 183 2437 544 2493; x_wconf 76' lang='lat' dir='ltr'><strong>bibliotheca</strong></span> <span class='ocrx_word' id='word_1_298' title='bbox 573 2438 739 2510; x_wconf 76' lang='lat' dir='ltr'><strong>Regia</strong></span> <span class='ocrx_word' id='word_1_299' title='bbox 775 2451 1033 2509; x_wconf 84' lang='lat' dir='ltr'><strong>acceptus</strong></span> <span class='ocrx_word' id='word_1_300' title='bbox 1062 2450 1166 2496; x_wconf 89' lang='lat' dir='ltr'><strong>est.</strong></span> 
     </span>
    </p>
   </div>
   <div class='ocr_carea' id='block_1_25' title="bbox 270 2508 3536 2607">
    <p class='ocr_par' dir='ltr' id='par_1_25' title="bbox 270 2508 3536 2607">
     <span class='ocr_line' id='line_1_26' title="bbox 270 2508 3536 2607; baseline -0.008 -21"><span class='ocrx_word' id='word_1_301' title='bbox 270 2531 473 2588; x_wconf 82' lang='lat' dir='ltr'><strong>Prodit</strong></span> <span class='ocrx_word' id='word_1_302' title='bbox 502 2549 632 2589; x_wconf 90' lang='lat' dir='ltr'><strong>vero</strong></span> <span class='ocrx_word' id='word_1_303' title='bbox 661 2508 922 2591; x_wconf 78' lang='lat' dir='ltr'><strong>eximium</strong></span> <span class='ocrx_word' id='word_1_304' title='bbox 952 2551 1113 2607; x_wconf 88' lang='lat' dir='ltr'><strong>opus,</strong></span> <span class='ocrx_word' id='word_1_305' title='bbox 1145 2544 1201 2591; x_wconf 88' lang='lat' dir='ltr'><strong>et</strong></span> <span class='ocrx_word' id='word_1_306' title='bbox 1241 2550 1271 2589; x_wconf 87' lang='lat' dir='ltr'><strong>a</strong></span> <span class='ocrx_word' id='word_1_307' title='bbox 1312 2532 1520 2588; x_wconf 87' lang='lat' dir='ltr'><strong>sanctis</strong></span> <span class='ocrx_word' id='word_1_308' title='bbox 1552 2529 1809 2585; x_wconf 86' lang='lat' dir='ltr'><strong>Patribus</strong></span> <span class='ocrx_word' id='word_1_309' title='bbox 1844 2526 2075 2582; x_wconf 88' lang='lat' dir='ltr'><strong>summis</strong></span> <span class='ocrx_word' id='word_1_310' title='bbox 2116 2524 2369 2579; x_wconf 82' lang='lat' dir='ltr'><strong>laudibus</strong></span> <span class='ocrx_word' id='word_1_311' title='bbox 2412 2530 2665 2576; x_wconf 91' lang='lat' dir='ltr'><strong>ornatum</strong></span> <span class='ocrx_word' id='word_1_312' title='bbox 2686 2559 2701 2584; x_wconf 92' lang='lat'><strong>,</strong></span> <span class='ocrx_word' id='word_1_313' title='bbox 2734 2533 2841 2572; x_wconf 91' lang='lat' dir='ltr'><strong>non</strong></span> <span class='ocrx_word' id='word_1_314' title='bbox 2886 2521 3097 2570; x_wconf 83' lang='lat' dir='ltr'><strong>tantum</strong></span> <span class='ocrx_word' id='word_1_315' title='bbox 3153 2508 3536 2570; x_wconf 83' lang='lat' dir='ltr'><strong>emendatius,</strong></span> 
     </span>
    </p>
   </div>
   <div class='ocr_carea' id='block_1_26' title="bbox 186 2602 3533 2698">
    <p class='ocr_par' dir='ltr' id='par_1_26' title="bbox 186 2602 3533 2698">
     <span class='ocr_line' id='line_1_27' title="bbox 186 2602 3533 2698; baseline -0.007 -20"><span class='ocrx_word' id='word_1_316' title='bbox 186 2626 356 2693; x_wconf 88' lang='lat' dir='ltr'><strong>quod</strong></span> <span class='ocrx_word' id='word_1_317' title='bbox 386 2632 532 2680; x_wconf 88' lang='lat' dir='ltr'><strong>certe</strong></span> <span class='ocrx_word' id='word_1_318' title='bbox 555 2624 675 2680; x_wconf 89' lang='lat' dir='ltr'><strong>leve</strong></span> <span class='ocrx_word' id='word_1_319' title='bbox 708 2641 815 2681; x_wconf 90' lang='lat' dir='ltr'><strong>non</strong></span> <span class='ocrx_word' id='word_1_320' title='bbox 845 2638 930 2683; x_wconf 90' lang='lat' dir='ltr'><strong>est</strong></span> <span class='ocrx_word' id='word_1_321' title='bbox 952 2643 969 2694; x_wconf 88' lang='lat'><strong>;</strong></span> <span class='ocrx_word' id='word_1_322' title='bbox 991 2602 1087 2683; x_wconf 78' lang='lat' dir='ltr'><strong>sed</strong></span> <span class='ocrx_word' id='word_1_323' title='bbox 1112 2636 1307 2698; x_wconf 87' lang='lat' dir='ltr'><strong>quarta</strong></span> <span class='ocrx_word' id='word_1_324' title='bbox 1336 2625 1451 2679; x_wconf 80' lang='lat' dir='ltr'><strong>fere</strong></span> <span class='ocrx_word' id='word_1_325' title='bbox 1488 2632 1639 2693; x_wconf 89' lang='lat' dir='ltr'><strong>parte</strong></span> <span class='ocrx_word' id='word_1_326' title='bbox 1680 2620 1914 2685; x_wconf 86' lang='lat' dir='ltr'><strong>auctius.</strong></span> <span class='ocrx_word' id='word_1_327' title='bbox 1948 2633 2113 2688; x_wconf 79' lang='lat' dir='ltr'><strong>Quam</strong></span> <span class='ocrx_word' id='word_1_328' title='bbox 2155 2616 2387 2686; x_wconf 81' lang='lat' dir='ltr'><strong>legatur,</strong></span> <span class='ocrx_word' id='word_1_329' title='bbox 2426 2613 2509 2668; x_wconf 88' lang='lat' dir='ltr'><strong>vel</strong></span> <span class='ocrx_word' id='word_1_330' title='bbox 2556 2613 2699 2683; x_wconf 90' lang='lat' dir='ltr'><strong>apud</strong></span> <span class='ocrx_word' id='word_1_331' title='bbox 2746 2608 2937 2681; x_wconf 75' lang='lat' dir='ltr'><strong>Cyrilli</strong></span> <span class='ocrx_word' id='word_1_332' title='bbox 2983 2620 3215 2676; x_wconf 81' lang='lat' dir='ltr'><strong>operum</strong></span> <span class='ocrx_word' id='word_1_333' title='bbox 3248 2602 3493 2658; x_wconf 82' lang='lat' dir='ltr'><strong>editores</strong></span> <span class='ocrx_word' id='word_1_334' title='bbox 3518 2640 3533 2665; x_wconf 94' lang='lat'><strong>,</strong></span> 
     </span>
    </p>
   </div>
   <div class='ocr_carea' id='block_1_27' title="bbox 191 2700 3196 2787">
    <p class='ocr_par' dir='ltr' id='par_1_27' title="bbox 191 2700 3196 2787">
     <span class='ocr_line' id='line_1_28' title="bbox 191 2700 3196 2787; baseline -0.006 -17"><span class='ocrx_word' id='word_1_335' title='bbox 191 2715 290 2770; x_wconf 80' lang='lat' dir='ltr'><strong>vel</strong></span> <span class='ocrx_word' id='word_1_336' title='bbox 328 2718 473 2787; x_wconf 87' lang='lat' dir='ltr'><strong>apud</strong></span> <span class='ocrx_word' id='word_1_337' title='bbox 500 2719 859 2774; x_wconf 90' lang='lat' dir='ltr'><strong>conciliorum</strong></span> <span class='ocrx_word' id='word_1_338' title='bbox 884 2721 1231 2777; x_wconf 84' lang='lat' dir='ltr'><strong>collectores.</strong></span> <span class='ocrx_word' id='word_1_339' title='bbox 1267 2718 1408 2785; x_wconf 85' lang='lat' dir='ltr'><strong>Quid</strong></span> <span class='ocrx_word' id='word_1_340' title='bbox 1438 2727 1619 2773; x_wconf 87' lang='lat' dir='ltr'><strong>autem</strong></span> <span class='ocrx_word' id='word_1_341' title='bbox 1647 2716 1784 2769; x_wconf 88' lang='lat' dir='ltr'><strong>desit</strong></span> <span class='ocrx_word' id='word_1_342' title='bbox 1814 2714 1867 2769; x_wconf 92' lang='lat' dir='ltr'><strong>in</strong></span> <span class='ocrx_word' id='word_1_343' title='bbox 1902 2711 2135 2782; x_wconf 80' lang='lat' dir='ltr'><strong>vulgatis</strong></span> <span class='ocrx_word' id='word_1_344' title='bbox 2164 2710 2320 2764; x_wconf 89' lang='lat' dir='ltr'><strong>libris</strong></span> <span class='ocrx_word' id='word_1_345' title='bbox 2354 2707 2744 2771; x_wconf 85' lang='lat' dir='ltr'><strong>iudicabimus,</strong></span> <span class='ocrx_word' id='word_1_346' title='bbox 2779 2703 2870 2759; x_wconf 86' lang='lat' dir='ltr'><strong>ubi</strong></span> <span class='ocrx_word' id='word_1_347' title='bbox 2898 2700 3007 2758; x_wconf 89' lang='lat' dir='ltr'><strong>erit</strong></span> <span class='ocrx_word' id='word_1_348' title='bbox 3034 2713 3196 2769; x_wconf 91' lang='lat' dir='ltr'><strong>opus.</strong></span> 
     </span>
    </p>
   </div>
   <div class='ocr_carea' id='block_1_28' title="bbox 284 2790 3533 2887">
    <p class='ocr_par' dir='ltr' id='par_1_28' title="bbox 284 2790 3533 2887">
     <span class='ocr_line' id='line_1_29' title="bbox 284 2790 3533 2887; baseline -0.007 -22"><span class='ocrx_word' id='word_1_349' title='bbox 284 2811 509 2883; x_wconf 77' lang='lat' dir='ltr'><strong>Vulgati</strong></span> <span class='ocrx_word' id='word_1_350' title='bbox 548 2817 766 2871; x_wconf 87' lang='lat' dir='ltr'><strong>codices</strong></span> <span class='ocrx_word' id='word_1_351' title='bbox 806 2817 972 2871; x_wconf 84' lang='lat' dir='ltr'><strong>totius</strong></span> <span class='ocrx_word' id='word_1_352' title='bbox 1002 2816 1187 2887; x_wconf 88' lang='lat' dir='ltr'><strong>operis</strong></span> <span class='ocrx_word' id='word_1_353' title='bbox 1224 2813 1631 2881; x_wconf 84' lang='lat' dir='ltr'><strong>habentcapita</strong></span> <span class='ocrx_word' id='word_1_354' title='bbox 1672 2810 1864 2881; x_wconf 79' lang='lat' dir='ltr'><strong>viginti</strong></span> <span class='ocrx_word' id='word_1_355' title='bbox 1904 2820 1961 2865; x_wconf 90' lang='lat' dir='ltr'><strong>et</strong></span> <span class='ocrx_word' id='word_1_356' title='bbox 1998 2818 2158 2874; x_wconf 89' lang='lat' dir='ltr'><strong>octo;</strong></span> <span class='ocrx_word' id='word_1_357' title='bbox 2197 2805 2602 2873; x_wconf 89' lang='lat' dir='ltr'><strong>manuscriptus</strong></span> <span class='ocrx_word' id='word_1_358' title='bbox 2642 2801 2923 2854; x_wconf 81' lang='lat' dir='ltr'><strong>Marianas</strong></span> <span class='ocrx_word' id='word_1_359' title='bbox 2970 2794 3193 2865; x_wconf 75' lang='lat' dir='ltr'><strong>triginta</strong></span> <span class='ocrx_word' id='word_1_360' title='bbox 3246 2790 3533 2862; x_wconf 88' lang='lat' dir='ltr'><strong>quinque;</strong></span> 
     </span>
    </p>
   </div>
   <div class='ocr_carea' id='block_1_29' title="bbox 196 2884 3537 2979">
    <p class='ocr_par' dir='ltr' id='par_1_29' title="bbox 196 2884 3537 2979">
     <span class='ocr_line' id='line_1_30' title="bbox 196 2884 3537 2979; baseline -0.008 -19"><span class='ocrx_word' id='word_1_361' title='bbox 196 2904 444 2963; x_wconf 77' lang='lat' dir='ltr'><strong>Phatius</strong></span> <span class='ocrx_word' id='word_1_362' title='bbox 484 2924 587 2964; x_wconf 92' lang='lat' dir='ltr'><strong>non</strong></span> <span class='ocrx_word' id='word_1_363' title='bbox 614 2909 768 2979; x_wconf 89' lang='lat' dir='ltr'><strong>plura</strong></span> <span class='ocrx_word' id='word_1_364' title='bbox 803 2892 1175 2965; x_wconf 71' lang='lat' dir='ltr'><strong>novemdecim</strong></span> <span class='ocrx_word' id='word_1_365' title='bbox 1212 2916 1485 2971; x_wconf 88' lang='lat' dir='ltr'><strong>numerat,</strong></span> <span class='ocrx_word' id='word_1_366' title='bbox 1512 2906 1748 2963; x_wconf 86' lang='lat' dir='ltr'><strong>redactis</strong></span> <span class='ocrx_word' id='word_1_367' title='bbox 1776 2902 1995 2959; x_wconf 82' lang='lat' dir='ltr'><strong>scilicet</strong></span> <span class='ocrx_word' id='word_1_368' title='bbox 2022 2902 2089 2955; x_wconf 92' lang='lat' dir='ltr'><strong>ad</strong></span> <span class='ocrx_word' id='word_1_369' title='bbox 2136 2902 2281 2955; x_wconf 89' lang='lat' dir='ltr'><strong>hunc</strong></span> <span class='ocrx_word' id='word_1_370' title='bbox 2313 2910 2603 2952; x_wconf 88' lang='lat' dir='ltr'><strong>numerum</strong></span> <span class='ocrx_word' id='word_1_371' title='bbox 2646 2893 2881 2955; x_wconf 91' lang='lat' dir='ltr'><strong>cunctis,</strong></span> <span class='ocrx_word' id='word_1_372' title='bbox 2908 2904 3031 2962; x_wconf 72' lang='lat' dir='ltr'><strong>quae</strong></span> <span class='ocrx_word' id='word_1_373' title='bbox 3067 2886 3209 2956; x_wconf 89' lang='lat' dir='ltr'><strong>apud</strong></span> <span class='ocrx_word' id='word_1_374' title='bbox 3254 2884 3391 2940; x_wconf 91' lang='lat' dir='ltr'><strong>alios</strong></span> <span class='ocrx_word' id='word_1_375' title='bbox 3429 2896 3537 2935; x_wconf 93' lang='lat' dir='ltr'><strong>non</strong></span> 
     </span>
    </p>
   </div>
   <div class='ocr_carea' id='block_1_30' title="bbox 197 2979 3541 3073">
    <p class='ocr_par' dir='ltr' id='par_1_30' title="bbox 197 2979 3541 3073">
     <span class='ocr_line' id='line_1_31' title="bbox 197 2979 3541 3073; baseline -0.008 -17"><span class='ocrx_word' id='word_1_376' title='bbox 197 3004 421 3070; x_wconf 83' lang='lat' dir='ltr'><strong>optima</strong></span> <span class='ocrx_word' id='word_1_377' title='bbox 450 3016 581 3059; x_wconf 86' lang='lat' dir='ltr'><strong>sane</strong></span> <span class='ocrx_word' id='word_1_378' title='bbox 608 3003 676 3058; x_wconf 88' lang='lat' dir='ltr'><strong>de</strong></span> <span class='ocrx_word' id='word_1_379' title='bbox 714 3019 877 3059; x_wconf 82' lang='lat' dir='ltr'><strong>causa</strong></span> <span class='ocrx_word' id='word_1_380' title='bbox 908 3014 1254 3073; x_wconf 86' lang='lat' dir='ltr'><strong>separantur.</strong></span> <span class='ocrx_word' id='word_1_381' title='bbox 1285 3003 1479 3072; x_wconf 72' lang='lat' dir='ltr'><strong>Operae</strong></span> <span class='ocrx_word' id='word_1_382' title='bbox 1508 3003 1744 3072; x_wconf 83' lang='lat' dir='ltr'><strong>pretium</strong></span> <span class='ocrx_word' id='word_1_383' title='bbox 1778 3011 1865 3055; x_wconf 87' lang='lat' dir='ltr'><strong>est</strong></span> <span class='ocrx_word' id='word_1_384' title='bbox 1904 2998 2082 3053; x_wconf 84' lang='lat' dir='ltr'><strong>Photii</strong></span> <span class='ocrx_word' id='word_1_385' title='bbox 2110 2997 2273 3050; x_wconf 87' lang='lat' dir='ltr'><strong>verba</strong></span> <span class='ocrx_word' id='word_1_386' title='bbox 2310 2994 2668 3051; x_wconf 73' lang='lat' dir='ltr'><strong>exscribere:</strong></span> <span class='ocrx_word' id='word_1_387' title='bbox 2704 2988 2897 3045; x_wconf 87' lang='lat' dir='ltr'><strong>Lectus</strong></span> <span class='ocrx_word' id='word_1_388' title='bbox 2946 2996 3023 3041; x_wconf 87' lang='lat' dir='ltr'><strong>est</strong></span> <span class='ocrx_word' id='word_1_389' title='bbox 3057 2987 3183 3038; x_wconf 86' lang='lat' dir='ltr'><strong>item</strong></span> <span class='ocrx_word' id='word_1_390' title='bbox 3220 2983 3360 3035; x_wconf 85' lang='lat' dir='ltr'><strong>alter</strong></span> <span class='ocrx_word' id='word_1_391' title='bbox 3406 2979 3541 3032; x_wconf 85' lang='lat' dir='ltr'><strong>liber</strong></span> 
     </span>
    </p>
   </div>
   <div class='ocr_carea' id='block_1_31' title="bbox 198 3072 3542 3166">
    <p class='ocr_par' dir='ltr' id='par_1_31' title="bbox 198 3072 3542 3166">
     <span class='ocr_line' id='line_1_32' title="bbox 198 3072 3542 3166; baseline -0.009 -16"><span class='ocrx_word' id='word_1_392' title='bbox 198 3096 290 3150; x_wconf 88' lang='lat' dir='ltr'><strong>sic</strong></span> <span class='ocrx_word' id='word_1_393' title='bbox 342 3096 675 3166; x_wconf 85' lang='lat' dir='ltr'><strong>inscriptus:</strong></span> <span class='ocrx_word' id='word_1_394' title='bbox 718 3072 991 3154; x_wconf 66' lang='lat' dir='ltr'><strong>Scuouon</strong></span> <span class='ocrx_word' id='word_1_395' title='bbox 1040 3112 1107 3151; x_wconf 76' lang='lat' dir='ltr'><strong>es</strong></span> <span class='ocrx_word' id='word_1_396' title='bbox 1162 3096 1447 3154; x_wconf 74' lang='lat' dir='ltr'><strong>UNIGBNITI</strong></span> <span class='ocrx_word' id='word_1_397' title='bbox 1490 3107 1915 3151; x_wconf 69' lang='lat' dir='ltr'><strong>txcsnnartoas.</strong></span> <span class='ocrx_word' id='word_1_398' title='bbox 1963 3089 2081 3156; x_wconf 84' lang='lat' dir='ltr'><strong>Quo</strong></span> <span class='ocrx_word' id='word_1_399' title='bbox 2116 3088 2229 3141; x_wconf 72' lang='lat' dir='ltr'><strong>haec</strong></span> <span class='ocrx_word' id='word_1_400' title='bbox 2268 3085 2380 3154; x_wconf 77' lang='lat' dir='ltr'><strong>fere</strong></span> <span class='ocrx_word' id='word_1_401' title='bbox 2418 3092 2778 3153; x_wconf 68' lang='lat' dir='ltr'><strong>exponuntur,</strong></span> <span class='ocrx_word' id='word_1_402' title='bbox 2827 3077 2957 3148; x_wconf 86' lang='lat' dir='ltr'><strong>quid</strong></span> <span class='ocrx_word' id='word_1_403' title='bbox 2999 3085 3075 3130; x_wconf 88' lang='lat' dir='ltr'><strong>est</strong></span> <span class='ocrx_word' id='word_1_404' title='bbox 3123 3072 3401 3133; x_wconf 82' lang='lat' dir='ltr'><strong>Christus;</strong></span> <span class='ocrx_word' id='word_1_405' title='bbox 3435 3084 3542 3138; x_wconf 83' lang='lat' dir='ltr'><strong>qua</strong></span> 
     </span>
    </p>
   </div>
   <div class='ocr_carea' id='block_1_32' title="bbox 204 3164 3542 3261">
    <p class='ocr_par' dir='ltr' id='par_1_32' title="bbox 204 3164 3542 3261">
     <span class='ocr_line' id='line_1_33' title="bbox 204 3164 3542 3261; baseline -0.007 -19"><span class='ocrx_word' id='word_1_406' title='bbox 204 3189 424 3243; x_wconf 79' lang='lat' dir='ltr'><strong>ratione</strong></span> <span class='ocrx_word' id='word_1_407' title='bbox 452 3164 824 3261; x_wconf 79' lang='lat' dir='ltr'><strong>intelligendus</strong></span> <span class='ocrx_word' id='word_1_408' title='bbox 864 3189 1219 3256; x_wconf 79' lang='lat' dir='ltr'><strong>Emmanuel;</strong></span> <span class='ocrx_word' id='word_1_409' title='bbox 1253 3188 1383 3260; x_wconf 85' lang='lat' dir='ltr'><strong>quid</strong></span> <span class='ocrx_word' id='word_1_410' title='bbox 1410 3198 1485 3243; x_wconf 91' lang='lat' dir='ltr'><strong>est</strong></span> <span class='ocrx_word' id='word_1_411' title='bbox 1518 3187 1679 3241; x_wconf 84' lang='lat' dir='ltr'><strong>Jesus</strong></span> <span class='ocrx_word' id='word_1_412' title='bbox 1715 3184 1994 3250; x_wconf 77' lang='lat' dir='ltr'><strong>Christus;</strong></span> <span class='ocrx_word' id='word_1_413' title='bbox 2023 3183 2187 3253; x_wconf 73' lang='lat' dir='ltr'><strong>juxta</strong></span> <span class='ocrx_word' id='word_1_414' title='bbox 2224 3181 2354 3251; x_wconf 81' lang='lat' dir='ltr'><strong>quid</strong></span> <span class='ocrx_word' id='word_1_415' title='bbox 2395 3178 2491 3234; x_wconf 88' lang='lat' dir='ltr'><strong>Dei</strong></span> <span class='ocrx_word' id='word_1_416' title='bbox 2538 3176 2769 3231; x_wconf 82' lang='lat' dir='ltr'><strong>Verbum</strong></span> <span class='ocrx_word' id='word_1_417' title='bbox 2808 3174 3011 3226; x_wconf 82' lang='lat' dir='ltr'><strong>dictum</strong></span> <span class='ocrx_word' id='word_1_418' title='bbox 3051 3180 3129 3224; x_wconf 88' lang='lat' dir='ltr'><strong>est</strong></span> <span class='ocrx_word' id='word_1_419' title='bbox 3168 3170 3359 3229; x_wconf 81' lang='lat' dir='ltr'><strong>homo;</strong></span> <span class='ocrx_word' id='word_1_420' title='bbox 3377 3164 3542 3235; x_wconf 68' lang='lat' dir='ltr'><strong>juxta</strong></span> 
     </span>
    </p>
   </div>
   <div class='ocr_carea' id='block_1_33' title="bbox 203 3261 3543 3353">
    <p class='ocr_par' dir='ltr' id='par_1_33' title="bbox 203 3261 3543 3353">
     <span class='ocr_line' id='line_1_34' title="bbox 203 3261 3543 3353; baseline -0.008 -17"><span class='ocrx_word' id='word_1_421' title='bbox 203 3282 347 3353; x_wconf 84' lang='lat' dir='ltr'><strong>quid</strong></span> <span class='ocrx_word' id='word_1_422' title='bbox 396 3292 707 3337; x_wconf 76' lang='lat' dir='ltr'><strong>evacuatum</strong></span> <span class='ocrx_word' id='word_1_423' title='bbox 747 3298 859 3337; x_wconf 88' lang='lat' dir='ltr'><strong>esse</strong></span> <span class='ocrx_word' id='word_1_424' title='bbox 902 3282 1003 3337; x_wconf 86' lang='lat' dir='ltr'><strong>Dei</strong></span> <span class='ocrx_word' id='word_1_425' title='bbox 1061 3280 1292 3337; x_wconf 85' lang='lat' dir='ltr'><strong>Verbum</strong></span> <span class='ocrx_word' id='word_1_426' title='bbox 1332 3282 1571 3345; x_wconf 83' lang='lat' dir='ltr'><strong>dicitur;</strong></span> <span class='ocrx_word' id='word_1_427' title='bbox 1630 3278 1895 3350; x_wconf 84' lang='lat' dir='ltr'><strong>quomodo</strong></span> <span class='ocrx_word' id='word_1_428' title='bbox 1932 3277 2059 3331; x_wconf 83' lang='lat' dir='ltr'><strong>item</strong></span> <span class='ocrx_word' id='word_1_429' title='bbox 2103 3274 2349 3330; x_wconf 76' lang='lat' dir='ltr'><strong>Christus</strong></span> <span class='ocrx_word' id='word_1_430' title='bbox 2395 3286 2534 3325; x_wconf 88' lang='lat' dir='ltr'><strong>unus</strong></span> <span class='ocrx_word' id='word_1_431' title='bbox 2576 3277 2684 3332; x_wconf 83' lang='lat' dir='ltr'><strong>est;</strong></span> <span class='ocrx_word' id='word_1_432' title='bbox 2736 3263 3007 3337; x_wconf 83' lang='lat' dir='ltr'><strong>quomodo</strong></span> <span class='ocrx_word' id='word_1_433' title='bbox 3059 3261 3222 3315; x_wconf 84' lang='lat' dir='ltr'><strong>etiam</strong></span> <span class='ocrx_word' id='word_1_434' title='bbox 3281 3273 3417 3312; x_wconf 88' lang='lat' dir='ltr'><strong>unus</strong></span> <span class='ocrx_word' id='word_1_435' title='bbox 3466 3266 3543 3309; x_wconf 88' lang='lat' dir='ltr'><strong>est</strong></span> 
     </span>
    </p>
   </div>
   <div class='ocr_carea' id='block_1_34' title="bbox 210 3360 3544 3448">
    <p class='ocr_par' dir='ltr' id='par_1_34' title="bbox 210 3360 3544 3448">
     <span class='ocr_line' id='line_1_35' title="bbox 210 3360 3544 3448; baseline -0.008 -14"><span class='ocrx_word' id='word_1_436' title='bbox 210 3377 541 3434; x_wconf 78' lang='lat' dir='ltr'><strong>Emmanuel</strong></span> <span class='ocrx_word' id='word_1_437' title='bbox 560 3394 886 3448; x_wconf 85' lang='lat' dir='ltr'><strong>;quamnam</strong></span> <span class='ocrx_word' id='word_1_438' title='bbox 913 3380 1141 3434; x_wconf 83' lang='lat' dir='ltr'><strong>dicimus</strong></span> <span class='ocrx_word' id='word_1_439' title='bbox 1164 3396 1277 3435; x_wconf 87' lang='lat' dir='ltr'><strong>esse</strong></span> <span class='ocrx_word' id='word_1_440' title='bbox 1302 3377 1759 3434; x_wconf 75' lang='lat' dir='ltr'><strong>exinanitionem?</strong></span> <span class='ocrx_word' id='word_1_441' title='bbox 1786 3375 1925 3431; x_wconf 86' lang='lat' dir='ltr'><strong>Item</strong></span> <span class='ocrx_word' id='word_1_442' title='bbox 1962 3375 2027 3430; x_wconf 82' lang='lat' dir='ltr'><strong>de</strong></span> <span class='ocrx_word' id='word_1_443' title='bbox 2064 3375 2236 3445; x_wconf 88' lang='lat' dir='ltr'><strong>ignito</strong></span> <span class='ocrx_word' id='word_1_444' title='bbox 2270 3372 2503 3425; x_wconf 87' lang='lat' dir='ltr'><strong>carbone</strong></span> <span class='ocrx_word' id='word_1_445' title='bbox 2542 3369 2653 3421; x_wconf 80' lang='lat' dir='ltr'><strong>viso</strong></span> <span class='ocrx_word' id='word_1_446' title='bbox 2702 3366 2767 3419; x_wconf 86' lang='lat' dir='ltr'><strong>ab</strong></span> <span class='ocrx_word' id='word_1_447' title='bbox 2800 3363 2977 3427; x_wconf 83' lang='lat' dir='ltr'><strong>Isaia,</strong></span> <span class='ocrx_word' id='word_1_448' title='bbox 3018 3360 3237 3429; x_wconf 79' lang='lat' dir='ltr'><strong>aliaque</strong></span> <span class='ocrx_word' id='word_1_449' title='bbox 3258 3363 3544 3426; x_wconf 72' lang='lat' dir='ltr'><strong>pra’terea,</strong></span> 
     </span>
    </p>
   </div>
   <div class='ocr_carea' id='block_1_35' title="bbox 210 3460 3059 3543">
    <p class='ocr_par' dir='ltr' id='par_1_35' title="bbox 210 3460 3059 3543">
     <span class='ocr_line' id='line_1_36' title="bbox 210 3460 3059 3543; baseline -0.006 -18"><span class='ocrx_word' id='word_1_450' title='bbox 210 3468 302 3525; x_wconf 80' lang='lat' dir='ltr'><strong>Itis</strong></span> <span class='ocrx_word' id='word_1_451' title='bbox 337 3480 514 3525; x_wconf 87' lang='lat' dir='ltr'><strong>tamen</strong></span> <span class='ocrx_word' id='word_1_452' title='bbox 537 3472 739 3541; x_wconf 75' lang='lat' dir='ltr'><strong>afﬁnia,</strong></span> <span class='ocrx_word' id='word_1_453' title='bbox 770 3474 945 3539; x_wconf 90' lang='lat' dir='ltr'><strong>capita</strong></span> <span class='ocrx_word' id='word_1_454' title='bbox 971 3475 1171 3526; x_wconf 76' lang='lat' dir='ltr'><strong>derem.</strong></span> <span class='ocrx_word' id='word_1_455' title='bbox 1203 3471 1561 3543; x_wconf 86' lang='lat' dir='ltr'><strong>Permagnam</strong></span> <span class='ocrx_word' id='word_1_456' title='bbox 1587 3486 1708 3525; x_wconf 76' lang='lat' dir='ltr'><strong>vero</strong></span> <span class='ocrx_word' id='word_1_457' title='bbox 1734 3468 2026 3539; x_wconf 86' lang='lat' dir='ltr'><strong>legentibus</strong></span> <span class='ocrx_word' id='word_1_458' title='bbox 2055 3468 2345 3521; x_wconf 85' lang='lat' dir='ltr'><strong>utilitatem</strong></span> <span class='ocrx_word' id='word_1_459' title='bbox 2375 3463 2509 3518; x_wconf 86' lang='lat' dir='ltr'><strong>liber</strong></span> <span class='ocrx_word' id='word_1_460' title='bbox 2535 3462 2621 3515; x_wconf 79' lang='lat' dir='ltr'><strong>hic</strong></span> <span class='ocrx_word' id='word_1_461' title='bbox 2648 3460 2845 3529; x_wconf 65' lang='lat' dir='ltr'><strong>a/ferre</strong></span> <span class='ocrx_word' id='word_1_462' title='bbox 2865 3466 3059 3526; x_wconf 85' lang='lat' dir='ltr'><strong>potest.</strong></span> 
     </span>
    </p>
   </div>
   <div class='ocr_carea' id='block_1_36' title="bbox 294 3542 3544 3634">
    <p class='ocr_par' dir='ltr' id='par_1_36' title="bbox 294 3542 3544 3634">
     <span class='ocr_line' id='line_1_37' title="bbox 294 3542 3544 3634; baseline -0.006 -17"><span class='ocrx_word' id='word_1_463' title='bbox 294 3563 475 3619; x_wconf 78' lang='lat' dir='ltr'><strong>Aliam</strong></span> <span class='ocrx_word' id='word_1_464' title='bbox 514 3563 685 3620; x_wconf 87' lang='lat' dir='ltr'><strong>videri</strong></span> <span class='ocrx_word' id='word_1_465' title='bbox 718 3574 897 3634; x_wconf 86' lang='lat' dir='ltr'><strong>potest</strong></span> <span class='ocrx_word' id='word_1_466' title='bbox 936 3563 1224 3619; x_wconf 80' lang='lat' dir='ltr'><strong>Facundns</strong></span> <span class='ocrx_word' id='word_1_467' title='bbox 1262 3542 1675 3619; x_wconf 85' lang='lat' dir='ltr'><strong>Hermianeusis</strong></span> <span class='ocrx_word' id='word_1_468' title='bbox 1706 3562 1759 3616; x_wconf 89' lang='lat' dir='ltr'><strong>in</strong></span> <span class='ocrx_word' id='word_1_469' title='bbox 1786 3562 1975 3616; x_wconf 91' lang='lat' dir='ltr'><strong>codice</strong></span> <span class='ocrx_word' id='word_1_470' title='bbox 2014 3573 2123 3630; x_wconf 89' lang='lat' dir='ltr'><strong>quo</strong></span> <span class='ocrx_word' id='word_1_471' title='bbox 2149 3572 2284 3614; x_wconf 86' lang='lat' dir='ltr'><strong>usus</strong></span> <span class='ocrx_word' id='word_1_472' title='bbox 2322 3564 2410 3611; x_wconf 89' lang='lat' dir='ltr'><strong>est</strong></span> <span class='ocrx_word' id='word_1_473' title='bbox 2449 3553 2798 3625; x_wconf 87' lang='lat' dir='ltr'><strong>partitionem</strong></span> <span class='ocrx_word' id='word_1_474' title='bbox 2856 3548 3134 3605; x_wconf 81' lang='lat' dir='ltr'><strong>invenisse</strong></span> <span class='ocrx_word' id='word_1_475' title='bbox 3165 3564 3178 3600; x_wconf 90' lang='lat'>:</span> <span class='ocrx_word' id='word_1_476' title='bbox 3233 3561 3359 3601; x_wconf 82' lang='lat' dir='ltr'><strong>nam</strong></span> <span class='ocrx_word' id='word_1_477' title='bbox 3394 3542 3544 3617; x_wconf 89' lang='lat' dir='ltr'><strong>quod</strong></span> 
     </span>
    </p>
   </div>
   <div class='ocr_carea' id='block_1_37' title="bbox 215 3640 3541 3730">
    <p class='ocr_par' dir='ltr' id='par_1_37' title="bbox 215 3640 3541 3730">
     <span class='ocr_line' id='line_1_38' title="bbox 215 3640 3541 3730; baseline -0.005 -13"><span class='ocrx_word' id='word_1_478' title='bbox 215 3658 459 3717; x_wconf 81' lang='lat' dir='ltr'><strong>Photius</strong></span> <span class='ocrx_word' id='word_1_479' title='bbox 492 3669 747 3714; x_wconf 89' lang='lat' dir='ltr'><strong>octavum</strong></span> <span class='ocrx_word' id='word_1_480' title='bbox 778 3671 943 3730; x_wconf 88' lang='lat' dir='ltr'><strong>caput</strong></span> <span class='ocrx_word' id='word_1_481' title='bbox 966 3675 1089 3717; x_wconf 87' lang='lat' dir='ltr'><strong>esse</strong></span> <span class='ocrx_word' id='word_1_482' title='bbox 1116 3661 1346 3724; x_wconf 81' lang='lat' dir='ltr'><strong>indicat,</strong></span> <span class='ocrx_word' id='word_1_483' title='bbox 1370 3658 1661 3729; x_wconf 88' lang='lat' dir='ltr'><strong>septimum</strong></span> <span class='ocrx_word' id='word_1_484' title='bbox 1699 3659 1813 3728; x_wconf 88' lang='lat' dir='ltr'><strong>ipse</strong></span> <span class='ocrx_word' id='word_1_485' title='bbox 1845 3666 2040 3723; x_wconf 86' lang='lat' dir='ltr'><strong>vocat;</strong></span> <span class='ocrx_word' id='word_1_486' title='bbox 2074 3655 2346 3710; x_wconf 88' lang='lat' dir='ltr'><strong>decimum</strong></span> <span class='ocrx_word' id='word_1_487' title='bbox 2378 3665 2529 3710; x_wconf 90' lang='lat' dir='ltr'><strong>vero,</strong></span> <span class='ocrx_word' id='word_1_488' title='bbox 2556 3647 2702 3723; x_wconf 87' lang='lat' dir='ltr'><strong>quod</strong></span> <span class='ocrx_word' id='word_1_489' title='bbox 2732 3645 2874 3716; x_wconf 87' lang='lat' dir='ltr'><strong>apud</strong></span> <span class='ocrx_word' id='word_1_490' title='bbox 2904 3642 3166 3698; x_wconf 86' lang='lat' dir='ltr'><strong>Pbotium</strong></span> <span class='ocrx_word' id='word_1_491' title='bbox 3191 3640 3541 3695; x_wconf 75' lang='lat' dir='ltr'><strong>undecimum</strong></span> 
     </span>
    </p>
   </div>
   <div class='ocr_carea' id='block_1_38' title="bbox 218 3732 3545 3823">
    <p class='ocr_par' dir='ltr' id='par_1_38' title="bbox 218 3732 3545 3823">
     <span class='ocr_line' id='line_1_39' title="bbox 218 3732 3545 3823; baseline -0.006 -20"><span class='ocrx_word' id='word_1_492' title='bbox 218 3753 470 3823; x_wconf 79' lang='lat' dir='ltr'><strong>ponitur.</strong></span> <span class='ocrx_word' id='word_1_493' title='bbox 505 3751 596 3808; x_wconf 89' lang='lat' dir='ltr'><strong>Sic</strong></span> <span class='ocrx_word' id='word_1_494' title='bbox 622 3754 770 3807; x_wconf 89' lang='lat' dir='ltr'><strong>enim</strong></span> <span class='ocrx_word' id='word_1_495' title='bbox 796 3752 1031 3808; x_wconf 79' lang='lat' dir='ltr'><strong>scribit:</strong></span> <span class='ocrx_word' id='word_1_496' title='bbox 1063 3751 1295 3822; x_wconf 81' lang='lat' dir='ltr'><strong>Cyrillus</strong></span> <span class='ocrx_word' id='word_1_497' title='bbox 1326 3753 1382 3806; x_wconf 85' lang='lat' dir='ltr'><strong>in</strong></span> <span class='ocrx_word' id='word_1_498' title='bbox 1412 3752 1546 3806; x_wconf 88' lang='lat' dir='ltr'><strong>libro</strong></span> <span class='ocrx_word' id='word_1_499' title='bbox 1585 3767 1738 3823; x_wconf 85' lang='lat' dir='ltr'><strong>quem</strong></span> <span class='ocrx_word' id='word_1_500' title='bbox 1780 3749 2000 3805; x_wconf 84' lang='lat' dir='ltr'><strong>Scholia</strong></span> <span class='ocrx_word' id='word_1_501' title='bbox 2050 3746 2399 3815; x_wconf 80' lang='lat' dir='ltr'><strong>nuncupavit,</strong></span> <span class='ocrx_word' id='word_1_502' title='bbox 2452 3742 2608 3797; x_wconf 85' lang='lat' dir='ltr'><strong>titulo</strong></span> <span class='ocrx_word' id='word_1_503' title='bbox 2650 3742 2906 3809; x_wconf 87' lang='lat' dir='ltr'><strong>septimo.</strong></span> <span class='ocrx_word' id='word_1_504' title='bbox 2944 3750 3109 3806; x_wconf 90' lang='lat' dir='ltr'><strong>quam</strong></span> <span class='ocrx_word' id='word_1_505' title='bbox 3142 3749 3264 3789; x_wconf 90' lang='lat' dir='ltr'><strong>esse</strong></span> <span class='ocrx_word' id='word_1_506' title='bbox 3300 3732 3545 3787; x_wconf 81' lang='lat' dir='ltr'><strong>dicimus</strong></span> 
     </span>
    </p>
   </div>
   <div class='ocr_carea' id='block_1_39' title="bbox 218 3828 3543 3915">
    <p class='ocr_par' dir='ltr' id='par_1_39' title="bbox 218 3828 3543 3915">
     <span class='ocr_line' id='line_1_40' title="bbox 218 3828 3543 3915; baseline -0.004 -16"><span class='ocrx_word' id='word_1_507' title='bbox 218 3845 638 3910; x_wconf 77' lang='lat' dir='ltr'><strong>adnnationem,</strong></span> <span class='ocrx_word' id='word_1_508' title='bbox 668 3846 872 3911; x_wconf 85' lang='lat' dir='ltr'><strong>animo,</strong></span> <span class='ocrx_word' id='word_1_509' title='bbox 906 3844 1103 3915; x_wconf 86' lang='lat' dir='ltr'><strong>inquit,</strong></span> <span class='ocrx_word' id='word_1_510' title='bbox 1138 3846 1317 3899; x_wconf 86' lang='lat' dir='ltr'><strong>omnia</strong></span> <span class='ocrx_word' id='word_1_511' title='bbox 1355 3862 1474 3914; x_wconf 66' lang='lat' dir='ltr'><strong>quin</strong></span> <span class='ocrx_word' id='word_1_512' title='bbox 1499 3853 1623 3900; x_wconf 88' lang='lat' dir='ltr'><strong>sunt</strong></span> <span class='ocrx_word' id='word_1_513' title='bbox 1650 3845 1908 3914; x_wconf 87' lang='lat' dir='ltr'><strong>corporis,</strong></span> <span class='ocrx_word' id='word_1_514' title='bbox 1939 3852 2045 3899; x_wconf 92' lang='lat' dir='ltr'><strong>etc.</strong></span> <span class='ocrx_word' id='word_1_515' title='bbox 2082 3841 2223 3914; x_wconf 79' lang='lat' dir='ltr'><strong>(Lib.</strong></span> <span class='ocrx_word' id='word_1_516' title='bbox 2262 3856 2337 3902; x_wconf 72' lang='lat' dir='ltr'><strong>st.</strong></span> <span class='ocrx_word' id='word_1_517' title='bbox 2376 3855 2426 3894; x_wconf 92' lang='lat' dir='ltr'><strong>c.</strong></span> <span class='ocrx_word' id='word_1_518' title='bbox 2455 3838 2537 3908; x_wconf 87' lang='lat'><strong>7.)</strong></span> <span class='ocrx_word' id='word_1_519' title='bbox 2569 3838 2631 3891; x_wconf 84' lang='lat' dir='ltr'><strong>Et</strong></span> <span class='ocrx_word' id='word_1_520' title='bbox 2655 3842 2845 3904; x_wconf 76' lang='lat' dir='ltr'><strong>postea</strong></span> <span class='ocrx_word' id='word_1_521' title='bbox 2873 3848 2885 3883; x_wconf 88' lang='lat'><strong>:</strong></span> <span class='ocrx_word' id='word_1_522' title='bbox 2918 3830 3125 3884; x_wconf 73' lang='lat' dir='ltr'><strong>Rursus</strong></span> <span class='ocrx_word' id='word_1_523' title='bbox 3150 3838 3327 3883; x_wconf 70' lang='lat' dir='ltr'><strong>autem</strong></span> <span class='ocrx_word' id='word_1_524' title='bbox 3359 3828 3543 3882; x_wconf 76' lang='lat' dir='ltr'><strong>eodem</strong></span> 
     </span>
    </p>
   </div>
   <div class='ocr_carea' id='block_1_40' title="bbox 222 3926 3545 4012">
    <p class='ocr_par' dir='ltr' id='par_1_40' title="bbox 222 3926 3545 4012">
     <span class='ocr_line' id='line_1_41' title="bbox 222 3926 3545 4012; baseline -0.006 -15"><span class='ocrx_word' id='word_1_525' title='bbox 222 3945 392 3999; x_wconf 65' lang='lat' dir='ltr'><strong>libro:</strong></span> <span class='ocrx_word' id='word_1_526' title='bbox 417 3941 576 3996; x_wconf 86' lang='lat' dir='ltr'><strong>titulo</strong></span> <span class='ocrx_word' id='word_1_527' title='bbox 603 3942 826 4007; x_wconf 72' lang='lat' dir='ltr'><strong>decimo,</strong></span> <span class='ocrx_word' id='word_1_528' title='bbox 851 3942 978 4012; x_wconf 82' lang='lat' dir='ltr'><strong>quid</strong></span> <span class='ocrx_word' id='word_1_529' title='bbox 1016 3942 1236 4004; x_wconf 74' lang='lat' dir='ltr'><strong>dixerit,</strong></span> <span class='ocrx_word' id='word_1_530' title='bbox 1261 3940 1340 3995; x_wconf 81' lang='lat' dir='ltr'><strong>vel</strong></span> <span class='ocrx_word' id='word_1_531' title='bbox 1371 3942 1499 4012; x_wconf 81' lang='lat' dir='ltr'><strong>quid</strong></span> <span class='ocrx_word' id='word_1_532' title='bbox 1547 3942 1723 4011; x_wconf 88' lang='lat' dir='ltr'><strong>prima</strong></span> <span class='ocrx_word' id='word_1_533' title='bbox 1756 3941 1931 4009; x_wconf 72' lang='lat' dir='ltr'><strong>fronte</strong></span> <span class='ocrx_word' id='word_1_534' title='bbox 1966 3942 2111 3995; x_wconf 88' lang='lat' dir='ltr'><strong>solus</strong></span> <span class='ocrx_word' id='word_1_535' title='bbox 2148 3941 2257 4007; x_wconf 87' lang='lat' dir='ltr'><strong>ipse</strong></span> <span class='ocrx_word' id='word_1_536' title='bbox 2302 3936 2490 3991; x_wconf 89' lang='lat' dir='ltr'><strong>titulus</strong></span> <span class='ocrx_word' id='word_1_537' title='bbox 2532 3932 2821 4003; x_wconf 71' lang='lat' dir='ltr'><strong>prwfcrat,</strong></span> <span class='ocrx_word' id='word_1_538' title='bbox 2861 3930 3239 3990; x_wconf 79' lang='lat' dir='ltr'><strong>advertamus;</strong></span> <span class='ocrx_word' id='word_1_539' title='bbox 3280 3942 3405 3979; x_wconf 86' lang='lat' dir='ltr'><strong>nam</strong></span> <span class='ocrx_word' id='word_1_540' title='bbox 3446 3926 3545 3978; x_wconf 87' lang='lat' dir='ltr'><strong>hoc</strong></span> 
     </span>
    </p>
   </div>
   <div class='ocr_carea' id='block_1_41' title="bbox 221 4018 3546 4105">
    <p class='ocr_par' dir='ltr' id='par_1_41' title="bbox 221 4018 3546 4105">
     <span class='ocr_line' id='line_1_42' title="bbox 221 4018 3546 4105; baseline -0.005 -16"><span class='ocrx_word' id='word_1_541' title='bbox 221 4038 282 4091; x_wconf 81' lang='lat' dir='ltr'><strong>in</strong></span> <span class='ocrx_word' id='word_1_542' title='bbox 314 4034 413 4089; x_wconf 84' lang='lat' dir='ltr'><strong>illo</strong></span> <span class='ocrx_word' id='word_1_543' title='bbox 438 4051 495 4090; x_wconf 87' lang='lat' dir='ltr'><strong>se</strong></span> <span class='ocrx_word' id='word_1_544' title='bbox 520 4045 853 4090; x_wconf 85' lang='lat' dir='ltr'><strong>ostensurum</strong></span> <span class='ocrx_word' id='word_1_545' title='bbox 880 4051 991 4090; x_wconf 88' lang='lat' dir='ltr'><strong>esse</strong></span> <span class='ocrx_word' id='word_1_546' title='bbox 1019 4035 1261 4104; x_wconf 85' lang='lat' dir='ltr'><strong>promisit</strong></span> <span class='ocrx_word' id='word_1_547' title='bbox 1298 4035 1479 4089; x_wconf 86' lang='lat' dir='ltr'><strong>dicens</strong></span> <span class='ocrx_word' id='word_1_548' title='bbox 1510 4032 1724 4105; x_wconf 86' lang='lat' dir='ltr'><strong>(lbid.),</strong></span> <span class='ocrx_word' id='word_1_549' title='bbox 1772 4034 1916 4104; x_wconf 88' lang='lat' dir='ltr'><strong>quod</strong></span> <span class='ocrx_word' id='word_1_550' title='bbox 1950 4045 2006 4090; x_wconf 89' lang='lat' dir='ltr'><strong>et</strong></span> <span class='ocrx_word' id='word_1_551' title='bbox 2033 4034 2273 4088; x_wconf 89' lang='lat' dir='ltr'><strong>adunato</strong></span> <span class='ocrx_word' id='word_1_552' title='bbox 2308 4030 2418 4083; x_wconf 89' lang='lat' dir='ltr'><strong>Deo</strong></span> <span class='ocrx_word' id='word_1_553' title='bbox 2460 4027 2637 4082; x_wconf 86' lang='lat' dir='ltr'><strong>Verbo</strong></span> <span class='ocrx_word' id='word_1_554' title='bbox 2682 4038 2807 4077; x_wconf 83' lang='lat' dir='ltr'><strong>vere</strong></span> <span class='ocrx_word' id='word_1_555' title='bbox 2850 4018 3203 4083; x_wconf 85' lang='lat' dir='ltr'><strong>humanitati,</strong></span> <span class='ocrx_word' id='word_1_556' title='bbox 3240 4018 3546 4073; x_wconf 71' lang='lat' dir='ltr'><strong>inc0nl’nsze</strong></span> 
     </span>
    </p>
   </div>
   <div class='ocr_carea' id='block_1_42' title="bbox 226 4112 3543 4201">
    <p class='ocr_par' dir='ltr' id='par_1_42' title="bbox 226 4112 3543 4201">
     <span class='ocr_line' id='line_1_43' title="bbox 226 4112 3543 4201; baseline -0.006 -14"><span class='ocrx_word' id='word_1_557' title='bbox 226 4143 414 4187; x_wconf 86' lang='lat' dir='ltr'><strong>tamen</strong></span> <span class='ocrx_word' id='word_1_558' title='bbox 437 4129 756 4185; x_wconf 73' lang='lat' dir='ltr'><strong>substantiae</strong></span> <span class='ocrx_word' id='word_1_559' title='bbox 785 4130 1209 4199; x_wconf 86' lang='lat' dir='ltr'><strong>permanserint.</strong></span> <span class='ocrx_word' id='word_1_560' title='bbox 1248 4128 1420 4199; x_wconf 87' lang='lat' dir='ltr'><strong>thue</strong></span> <span class='ocrx_word' id='word_1_561' title='bbox 1464 4130 1561 4184; x_wconf 85' lang='lat' dir='ltr'><strong>hoc</strong></span> <span class='ocrx_word' id='word_1_562' title='bbox 1589 4133 1836 4201; x_wconf 81' lang='lat' dir='ltr'><strong>probaret</strong></span> <span class='ocrx_word' id='word_1_563' title='bbox 1871 4130 2090 4201; x_wconf 85' lang='lat' dir='ltr'><strong>subjecit</strong></span> <span class='ocrx_word' id='word_1_564' title='bbox 2121 4128 2226 4183; x_wconf 89' lang='lat' dir='ltr'><strong>ista</strong></span> <span class='ocrx_word' id='word_1_565' title='bbox 2255 4143 2271 4180; x_wconf 91' lang='lat'><strong><em>:</em></strong></span> <span class='ocrx_word' id='word_1_566' title='bbox 2301 4125 2558 4181; x_wconf 85' lang='lat' dir='ltr'><strong>Erectum</strong></span> <span class='ocrx_word' id='word_1_567' title='bbox 2590 4130 2674 4177; x_wconf 89' lang='lat' dir='ltr'><strong>est</strong></span> <span class='ocrx_word' id='word_1_568' title='bbox 2728 4117 3031 4175; x_wconf 87' lang='lat' dir='ltr'><strong>secundum</strong></span> <span class='ocrx_word' id='word_1_569' title='bbox 3074 4112 3167 4168; x_wconf 90' lang='lat' dir='ltr'><strong>Dei</strong></span> <span class='ocrx_word' id='word_1_570' title='bbox 3206 4112 3543 4167; x_wconf 85' lang='lat' dir='ltr'><strong>voluntatem</strong></span> 
     </span>
    </p>
   </div>
   <div class='ocr_carea' id='block_1_43' title="bbox 227 4218 1536 4288">
    <p class='ocr_par' dir='ltr' id='par_1_43' title="bbox 227 4218 1536 4288">
     <span class='ocr_line' id='line_1_44' title="bbox 227 4218 1536 4288; baseline -0.001 -13"><span class='ocrx_word' id='word_1_571' title='bbox 227 4226 489 4280; x_wconf 80' lang='lat' dir='ltr'><strong>sanctum</strong></span> <span class='ocrx_word' id='word_1_572' title='bbox 518 4218 934 4274; x_wconf 88' lang='lat' dir='ltr'><strong>tabernaculum</strong></span> <span class='ocrx_word' id='word_1_573' title='bbox 969 4233 1068 4288; x_wconf 92' lang='lat' dir='ltr'><strong>per</strong></span> <span class='ocrx_word' id='word_1_574' title='bbox 1099 4220 1401 4284; x_wconf 84' lang='lat' dir='ltr'><strong>desertum,</strong></span> <span class='ocrx_word' id='word_1_575' title='bbox 1428 4228 1536 4274; x_wconf 88' lang='lat' dir='ltr'><strong>etc.</strong></span> 
     </span>
    </p>
   </div>
   <div class='ocr_carea' id='block_1_44' title="bbox 303 4300 3548 4388">
    <p class='ocr_par' dir='ltr' id='par_1_44' title="bbox 303 4300 3548 4388">
     <span class='ocr_line' id='line_1_45' title="bbox 303 4300 3548 4388; baseline -0.004 -21"><span class='ocrx_word' id='word_1_576' title='bbox 303 4316 630 4385; x_wconf 73' lang='lat' dir='ltr'><strong>Quanquam</strong></span> <span class='ocrx_word' id='word_1_577' title='bbox 666 4314 720 4368; x_wconf 86' lang='lat' dir='ltr'><strong>in</strong></span> <span class='ocrx_word' id='word_1_578' title='bbox 758 4324 1047 4383; x_wconf 88' lang='lat' dir='ltr'><strong>utrumque</strong></span> <span class='ocrx_word' id='word_1_579' title='bbox 1089 4314 1267 4369; x_wconf 89' lang='lat' dir='ltr'><strong>locum</strong></span> <span class='ocrx_word' id='word_1_580' title='bbox 1305 4314 1465 4388; x_wconf 77' lang='lat' dir='ltr'><strong>facile</strong></span> <span class='ocrx_word' id='word_1_581' title='bbox 1494 4314 1671 4385; x_wconf 92' lang='lat' dir='ltr'><strong>potuit</strong></span> <span class='ocrx_word' id='word_1_582' title='bbox 1704 4316 1956 4369; x_wconf 90' lang='lat' dir='ltr'><strong>mendum</strong></span> <span class='ocrx_word' id='word_1_583' title='bbox 2006 4312 2269 4381; x_wconf 82' lang='lat' dir='ltr'><strong>irrepere,</strong></span> <span class='ocrx_word' id='word_1_584' title='bbox 2317 4310 2360 4363; x_wconf 90' lang='lat' dir='ltr'><strong>si</strong></span> <span class='ocrx_word' id='word_1_585' title='bbox 2398 4306 2558 4361; x_wconf 90' lang='lat' dir='ltr'><strong>modo</strong></span> <span class='ocrx_word' id='word_1_586' title='bbox 2611 4303 2831 4359; x_wconf 85' lang='lat' dir='ltr'><strong>litteris</strong></span> <span class='ocrx_word' id='word_1_587' title='bbox 2861 4302 3151 4365; x_wconf 81' lang='lat' dir='ltr'><strong>Romanis,</strong></span> <span class='ocrx_word' id='word_1_588' title='bbox 3181 4310 3241 4356; x_wconf 90' lang='lat' dir='ltr'><strong>ut</strong></span> <span class='ocrx_word' id='word_1_589' title='bbox 3283 4300 3548 4357; x_wconf 85' lang='lat' dir='ltr'><strong>credibile</strong></span> 
     </span>
    </p>
   </div>
   <div class='ocr_carea' id='block_1_45' title="bbox 224 4391 3548 4475">
    <p class='ocr_par' dir='ltr' id='par_1_45' title="bbox 224 4391 3548 4475">
     <span class='ocr_line' id='line_1_46' title="bbox 224 4391 3548 4475; baseline -0.006 -10"><span class='ocrx_word' id='word_1_590' title='bbox 224 4417 340 4471; x_wconf 83' lang='lat' dir='ltr'><strong>est,</strong></span> <span class='ocrx_word' id='word_1_591' title='bbox 367 4420 463 4472; x_wconf 86' lang='lat' dir='ltr'><strong>vit,</strong></span> <span class='ocrx_word' id='word_1_592' title='bbox 493 4421 575 4471; x_wconf 76' lang='lat' dir='ltr'><strong>si,</strong></span> <span class='ocrx_word' id='word_1_593' title='bbox 605 4420 868 4461; x_wconf 83' lang='lat' dir='ltr'><strong>numerus</strong></span> <span class='ocrx_word' id='word_1_594' title='bbox 896 4406 1138 4475; x_wconf 87' lang='lat' dir='ltr'><strong>scriptus</strong></span> <span class='ocrx_word' id='word_1_595' title='bbox 1164 4404 1234 4461; x_wconf 88' lang='lat' dir='ltr'><strong>sit</strong></span> <span class='ocrx_word' id='word_1_596' title='bbox 1264 4419 1277 4458; x_wconf 90' lang='lat'><strong>:</strong></span> <span class='ocrx_word' id='word_1_597' title='bbox 1312 4407 1489 4475; x_wconf 90' lang='lat' dir='ltr'><strong>potuit</strong></span> <span class='ocrx_word' id='word_1_598' title='bbox 1520 4406 1665 4461; x_wconf 89' lang='lat' dir='ltr'><strong>enim</strong></span> <span class='ocrx_word' id='word_1_599' title='bbox 1699 4404 1857 4459; x_wconf 79' lang='lat' dir='ltr'><strong>facile</strong></span> <span class='ocrx_word' id='word_1_600' title='bbox 1894 4404 2109 4458; x_wconf 86' lang='lat' dir='ltr'><strong>detrahi</strong></span> <span class='ocrx_word' id='word_1_601' title='bbox 2146 4403 2200 4457; x_wconf 91' lang='lat' dir='ltr'><strong>in</strong></span> <span class='ocrx_word' id='word_1_602' title='bbox 2248 4416 2358 4455; x_wconf 82' lang='lat' dir='ltr'><strong>uno</strong></span> <span class='ocrx_word' id='word_1_603' title='bbox 2398 4398 2539 4463; x_wconf 89' lang='lat' dir='ltr'><strong>loco,</strong></span> <span class='ocrx_word' id='word_1_604' title='bbox 2572 4404 2625 4451; x_wconf 90' lang='lat' dir='ltr'><strong>et</strong></span> <span class='ocrx_word' id='word_1_605' title='bbox 2668 4396 2721 4449; x_wconf 91' lang='lat' dir='ltr'><strong>in</strong></span> <span class='ocrx_word' id='word_1_606' title='bbox 2767 4393 2941 4448; x_wconf 89' lang='lat' dir='ltr'><strong>altero</strong></span> <span class='ocrx_word' id='word_1_607' title='bbox 2976 4392 3099 4446; x_wconf 87' lang='lat' dir='ltr'><strong>addi</strong></span> <span class='ocrx_word' id='word_1_608' title='bbox 3130 4392 3201 4446; x_wconf 89' lang='lat' dir='ltr'><strong>ab</strong></span> <span class='ocrx_word' id='word_1_609' title='bbox 3249 4391 3548 4447; x_wconf 83' lang='lat' dir='ltr'><strong>incuriosis</strong></span> 
     </span>
    </p>
   </div>
   <div class='ocr_carea' id='block_1_46' title="bbox 230 4486 3541 4572">
    <p class='ocr_par' dir='ltr' id='par_1_46' title="bbox 230 4486 3541 4572">
     <span class='ocr_line' id='line_1_47' title="bbox 230 4486 3541 4572; baseline -0.005 -14"><span class='ocrx_word' id='word_1_610' title='bbox 230 4500 475 4558; x_wconf 81' lang='lat' dir='ltr'><strong>iihrariis</strong></span> <span class='ocrx_word' id='word_1_611' title='bbox 510 4499 669 4554; x_wconf 90' lang='lat' dir='ltr'><strong>tertia</strong></span> <span class='ocrx_word' id='word_1_612' title='bbox 706 4498 931 4555; x_wconf 90' lang='lat' dir='ltr'><strong>vocalis.</strong></span> <span class='ocrx_word' id='word_1_613' title='bbox 966 4501 1149 4568; x_wconf 77' lang='lat' dir='ltr'><strong>Quare</strong></span> <span class='ocrx_word' id='word_1_614' title='bbox 1173 4500 1417 4557; x_wconf 87' lang='lat' dir='ltr'><strong>Facundi</strong></span> <span class='ocrx_word' id='word_1_615' title='bbox 1453 4502 1615 4557; x_wconf 87' lang='lat' dir='ltr'><strong>lectio</strong></span> <span class='ocrx_word' id='word_1_616' title='bbox 1652 4499 1977 4572; x_wconf 83' lang='lat' dir='ltr'><strong>corrigenda</strong></span> <span class='ocrx_word' id='word_1_617' title='bbox 2012 4499 2143 4552; x_wconf 88' lang='lat' dir='ltr'><strong>mihi</strong></span> <span class='ocrx_word' id='word_1_618' title='bbox 2176 4497 2414 4561; x_wconf 89' lang='lat' dir='ltr'><strong>videtur,</strong></span> <span class='ocrx_word' id='word_1_619' title='bbox 2447 4490 2736 4549; x_wconf 87' lang='lat' dir='ltr'><strong>retinenda</strong></span> <span class='ocrx_word' id='word_1_620' title='bbox 2770 4488 2975 4553; x_wconf 81' lang='lat' dir='ltr'><strong>Photii,</strong></span> <span class='ocrx_word' id='word_1_621' title='bbox 3013 4486 3318 4541; x_wconf 84' lang='lat' dir='ltr'><strong>contractis</strong></span> <span class='ocrx_word' id='word_1_622' title='bbox 3353 4497 3541 4542; x_wconf 86' lang='lat' dir='ltr'><strong>tamen</strong></span> 
     </span>
    </p>
   </div>
   <div class='ocr_carea' id='block_1_47' title="bbox 232 4582 3546 4668">
    <p class='ocr_par' dir='ltr' id='par_1_47' title="bbox 232 4582 3546 4668">
     <span class='ocr_line' id='line_1_48' title="bbox 232 4582 3546 4668; baseline -0.006 -14"><span class='ocrx_word' id='word_1_623' title='bbox 232 4602 291 4655; x_wconf 91' lang='lat' dir='ltr'><strong>in</strong></span> <span class='ocrx_word' id='word_1_624' title='bbox 341 4612 505 4652; x_wconf 90' lang='lat' dir='ltr'><strong>unum</strong></span> <span class='ocrx_word' id='word_1_625' title='bbox 543 4595 815 4667; x_wconf 87' lang='lat' dir='ltr'><strong>capitibus</strong></span> <span class='ocrx_word' id='word_1_626' title='bbox 862 4595 1077 4652; x_wconf 88' lang='lat' dir='ltr'><strong>duobus</strong></span> <span class='ocrx_word' id='word_1_627' title='bbox 1127 4598 1193 4654; x_wconf 90' lang='lat' dir='ltr'><strong>de</strong></span> <span class='ocrx_word' id='word_1_628' title='bbox 1237 4601 1476 4655; x_wconf 87' lang='lat' dir='ltr'><strong>carbone</strong></span> <span class='ocrx_word' id='word_1_629' title='bbox 1526 4599 1611 4654; x_wconf 83' lang='lat' dir='ltr'><strong>vel</strong></span> <span class='ocrx_word' id='word_1_630' title='bbox 1660 4598 1817 4653; x_wconf 85' lang='lat' dir='ltr'><strong>lilio:</strong></span> <span class='ocrx_word' id='word_1_631' title='bbox 1853 4613 1977 4668; x_wconf 72' lang='lat' dir='ltr'><strong>qua:</strong></span> <span class='ocrx_word' id='word_1_632' title='bbox 2035 4594 2285 4664; x_wconf 77' lang='lat' dir='ltr'><strong>exempla</strong></span> <span class='ocrx_word' id='word_1_633' title='bbox 2331 4592 2400 4647; x_wconf 89' lang='lat' dir='ltr'><strong>ad</strong></span> <span class='ocrx_word' id='word_1_634' title='bbox 2448 4592 2523 4655; x_wconf 85' lang='lat' dir='ltr'><strong>id,</strong></span> <span class='ocrx_word' id='word_1_635' title='bbox 2553 4587 2698 4659; x_wconf 87' lang='lat' dir='ltr'><strong>quod</strong></span> <span class='ocrx_word' id='word_1_636' title='bbox 2746 4586 2807 4640; x_wconf 89' lang='lat' dir='ltr'><strong>in</strong></span> <span class='ocrx_word' id='word_1_637' title='bbox 2858 4582 3018 4640; x_wconf 88' lang='lat' dir='ltr'><strong>titulo</strong></span> <span class='ocrx_word' id='word_1_638' title='bbox 3054 4583 3394 4653; x_wconf 83' lang='lat' dir='ltr'><strong>propositum</strong></span> <span class='ocrx_word' id='word_1_639' title='bbox 3443 4594 3546 4646; x_wconf 88' lang='lat' dir='ltr'><strong>est,</strong></span> 
     </span>
    </p>
   </div>
   <div class='ocr_carea' id='block_1_48' title="bbox 233 4690 1179 4763">
    <p class='ocr_par' dir='ltr' id='par_1_48' title="bbox 233 4690 1179 4763">
     <span class='ocr_line' id='line_1_49' title="bbox 233 4690 1179 4763; baseline -0.002 -17"><span class='ocrx_word' id='word_1_640' title='bbox 233 4693 577 4763; x_wconf 85' lang='lat' dir='ltr'><strong>probandum</strong></span> <span class='ocrx_word' id='word_1_641' title='bbox 606 4690 812 4760; x_wconf 86' lang='lat' dir='ltr'><strong>pariter</strong></span> <span class='ocrx_word' id='word_1_642' title='bbox 844 4692 1179 4746; x_wconf 89' lang='lat' dir='ltr'><strong>conducunt.</strong></span> 
     </span>
    </p>
   </div>
   <div class='ocr_carea' id='block_1_49' title="bbox 314 4770 3544 4855">
    <p class='ocr_par' dir='ltr' id='par_1_49' title="bbox 314 4770 3544 4855">
     <span class='ocr_line' id='line_1_50' title="bbox 314 4770 3544 4855; baseline -0.004 -18"><span class='ocrx_word' id='word_1_643' title='bbox 314 4784 378 4837; x_wconf 74' lang='lat' dir='ltr'><strong>Et</strong></span> <span class='ocrx_word' id='word_1_644' title='bbox 404 4797 532 4837; x_wconf 88' lang='lat' dir='ltr'><strong>vero</strong></span> <span class='ocrx_word' id='word_1_645' title='bbox 562 4797 659 4851; x_wconf 89' lang='lat' dir='ltr'><strong>par</strong></span> <span class='ocrx_word' id='word_1_646' title='bbox 680 4791 765 4837; x_wconf 89' lang='lat' dir='ltr'><strong>est</strong></span> <span class='ocrx_word' id='word_1_647' title='bbox 794 4784 1037 4850; x_wconf 83' lang='lat' dir='ltr'><strong>credere,</strong></span> <span class='ocrx_word' id='word_1_648' title='bbox 1071 4800 1229 4839; x_wconf 93' lang='lat' dir='ltr'><strong>suum</strong></span> <span class='ocrx_word' id='word_1_649' title='bbox 1258 4784 1491 4854; x_wconf 78' lang='lat' dir='ltr'><strong>singulis</strong></span> <span class='ocrx_word' id='word_1_650' title='bbox 1521 4783 1797 4855; x_wconf 79' lang='lat' dir='ltr'><strong>capitibus</strong></span> <span class='ocrx_word' id='word_1_651' title='bbox 1827 4781 2156 4852; x_wconf 83' lang='lat' dir='ltr'><strong>inscriptum</strong></span> <span class='ocrx_word' id='word_1_652' title='bbox 2186 4780 2353 4835; x_wconf 79' lang='lat' dir='ltr'><strong>fuisse</strong></span> <span class='ocrx_word' id='word_1_653' title='bbox 2384 4784 2775 4847; x_wconf 77' lang='lat' dir='ltr'><strong>argumentum</strong></span> <span class='ocrx_word' id='word_1_654' title='bbox 2805 4773 2949 4844; x_wconf 87' lang='lat' dir='ltr'><strong>quod</strong></span> <span class='ocrx_word' id='word_1_655' title='bbox 2988 4770 3332 4827; x_wconf 86' lang='lat' dir='ltr'><strong>tractandum</strong></span> <span class='ocrx_word' id='word_1_656' title='bbox 3366 4770 3544 4837; x_wconf 79' lang='lat' dir='ltr'><strong>foret;</strong></span> 
     </span>
    </p>
   </div>
   <div class='ocr_carea' id='block_1_50' title="bbox 243 4867 3546 4950">
    <p class='ocr_par' dir='ltr' id='par_1_50' title="bbox 243 4867 3546 4950">
     <span class='ocr_line' id='line_1_51' title="bbox 243 4867 3546 4950; baseline -0.004 -17"><span class='ocrx_word' id='word_1_657' title='bbox 243 4896 351 4933; x_wconf 84' lang='lat' dir='ltr'><strong>non</strong></span> <span class='ocrx_word' id='word_1_658' title='bbox 399 4880 529 4935; x_wconf 91' lang='lat' dir='ltr'><strong>item</strong></span> <span class='ocrx_word' id='word_1_659' title='bbox 564 4879 614 4933; x_wconf 93' lang='lat' dir='ltr'><strong>id</strong></span> <span class='ocrx_word' id='word_1_660' title='bbox 664 4879 983 4950; x_wconf 85' lang='lat' dir='ltr'><strong>contigisse,</strong></span> <span class='ocrx_word' id='word_1_661' title='bbox 1028 4877 1173 4949; x_wconf 89' lang='lat' dir='ltr'><strong>quod</strong></span> <span class='ocrx_word' id='word_1_662' title='bbox 1225 4878 1278 4933; x_wconf 93' lang='lat' dir='ltr'><strong>in</strong></span> <span class='ocrx_word' id='word_1_663' title='bbox 1318 4876 1474 4931; x_wconf 88' lang='lat' dir='ltr'><strong>libris</strong></span> <span class='ocrx_word' id='word_1_664' title='bbox 1518 4879 1681 4932; x_wconf 86' lang='lat' dir='ltr'><strong>editis</strong></span> <span class='ocrx_word' id='word_1_665' title='bbox 1735 4877 1951 4947; x_wconf 87' lang='lat' dir='ltr'><strong>legitur,</strong></span> <span class='ocrx_word' id='word_1_666' title='bbox 2001 4887 2062 4931; x_wconf 90' lang='lat' dir='ltr'><strong>ut</strong></span> <span class='ocrx_word' id='word_1_667' title='bbox 2109 4875 2320 4944; x_wconf 85' lang='lat' dir='ltr'><strong>singula</strong></span> <span class='ocrx_word' id='word_1_668' title='bbox 2372 4872 2553 4939; x_wconf 86' lang='lat' dir='ltr'><strong>capita</strong></span> <span class='ocrx_word' id='word_1_669' title='bbox 2604 4871 2858 4941; x_wconf 79' lang='lat' dir='ltr'><strong>singulis,</strong></span> <span class='ocrx_word' id='word_1_670' title='bbox 2884 4870 3000 4925; x_wconf 84' lang='lat' dir='ltr'><strong>sive</strong></span> <span class='ocrx_word' id='word_1_671' title='bbox 3036 4868 3391 4937; x_wconf 74' lang='lat' dir='ltr'><strong>testimoniis,</strong></span> <span class='ocrx_word' id='word_1_672' title='bbox 3430 4867 3546 4921; x_wconf 79' lang='lat' dir='ltr'><strong>sive</strong></span> 
     </span>
    </p>
   </div>
   <div class='ocr_carea' id='block_1_51' title="bbox 236 4954 3550 5049">
    <p class='ocr_par' dir='ltr' id='par_1_51' title="bbox 236 4954 3550 5049">
     <span class='ocr_line' id='line_1_52' title="bbox 236 4954 3550 5049; baseline -0.005 -21"><span class='ocrx_word' id='word_1_673' title='bbox 236 4973 507 5041; x_wconf 74' lang='lat' dir='ltr'><strong>exemplis</strong></span> <span class='ocrx_word' id='word_1_674' title='bbox 538 4972 862 5029; x_wconf 86' lang='lat' dir='ltr'><strong>inconcinne</strong></span> <span class='ocrx_word' id='word_1_675' title='bbox 886 4982 943 5027; x_wconf 90' lang='lat' dir='ltr'><strong>et</strong></span> <span class='ocrx_word' id='word_1_676' title='bbox 973 4970 1257 5043; x_wconf 79' lang='grc' dir='ltr'><strong>ἁμεθόδως</strong></span> <span class='ocrx_word' id='word_1_677' title='bbox 1294 4971 1683 5026; x_wconf 90' lang='lat' dir='ltr'><strong>tribuerentur.</strong></span> <span class='ocrx_word' id='word_1_678' title='bbox 1723 4970 2043 5025; x_wconf 78' lang='lat' dir='ltr'><strong>Mercatoris</strong></span> <span class='ocrx_word' id='word_1_679' title='bbox 2078 4984 2242 5036; x_wconf 89' lang='lat' dir='ltr'><strong>porro</strong></span> <span class='ocrx_word' id='word_1_680' title='bbox 2269 4968 2441 5021; x_wconf 79' lang='lat' dir='ltr'><strong>codex</strong></span> <span class='ocrx_word' id='word_1_681' title='bbox 2473 4964 2612 5049; x_wconf 72' lang='lat' dir='ltr'><strong>pibil</strong></span> <span class='ocrx_word' id='word_1_682' title='bbox 2655 4962 2953 5035; x_wconf 64' lang='lat' dir='ltr'><strong>adiumenti</strong></span> <span class='ocrx_word' id='word_1_683' title='bbox 2997 4959 3252 5016; x_wconf 71' lang='lat' dir='ltr'><strong>conferre</strong></span> <span class='ocrx_word' id='word_1_684' title='bbox 3278 4960 3449 5013; x_wconf 73' lang='lat' dir='ltr'><strong>Valuit</strong></span> <span class='ocrx_word' id='word_1_685' title='bbox 3478 4954 3550 5013; x_wconf 87' lang='lat' dir='ltr'><strong>ad</strong></span> 
     </span>
    </p>
   </div>
   <div class='ocr_carea' id='block_1_52' title="bbox 240 5059 2725 5134">
    <p class='ocr_par' dir='ltr' id='par_1_52' title="bbox 240 5059 2725 5134">
     <span class='ocr_line' id='line_1_53' title="bbox 240 5059 2725 5134; baseline -0.002 -19"><span class='ocrx_word' id='word_1_686' title='bbox 240 5062 567 5117; x_wconf 86' lang='lat' dir='ltr'><strong>alterutram</strong></span> <span class='ocrx_word' id='word_1_687' title='bbox 604 5063 919 5133; x_wconf 89' lang='lat' dir='ltr'><strong>opinionem</strong></span> <span class='ocrx_word' id='word_1_688' title='bbox 950 5063 1401 5127; x_wconf 81' lang='lat' dir='ltr'><strong>conﬁrmandam,</strong></span> <span class='ocrx_word' id='word_1_689' title='bbox 1436 5064 1702 5134; x_wconf 84' lang='lat' dir='ltr'><strong>siquidem</strong></span> <span class='ocrx_word' id='word_1_690' title='bbox 1747 5062 1928 5118; x_wconf 87' lang='lat' dir='ltr'><strong>titulus</strong></span> <span class='ocrx_word' id='word_1_691' title='bbox 1953 5062 2119 5117; x_wconf 87' lang='lat' dir='ltr'><strong>habet</strong></span> <span class='ocrx_word' id='word_1_692' title='bbox 2154 5062 2274 5116; x_wconf 89' lang='lat' dir='ltr'><strong>sine</strong></span> <span class='ocrx_word' id='word_1_693' title='bbox 2305 5060 2431 5114; x_wconf 86' lang='lat' dir='ltr'><strong>ullis</strong></span> <span class='ocrx_word' id='word_1_694' title='bbox 2460 5059 2725 5113; x_wconf 89' lang='lat' dir='ltr'><strong>numeris.</strong></span> 
     </span>
    </p>
   </div>
   <div class='ocr_carea' id='block_1_53' title="bbox 325 5150 3551 5227">
    <p class='ocr_par' dir='ltr' id='par_1_53' title="bbox 325 5150 3551 5227">
     <span class='ocr_line' id='line_1_54' title="bbox 325 5150 3551 5227; baseline -0 -22"><span class='ocrx_word' id='word_1_695' title='bbox 325 5154 495 5223; x_wconf 77' lang='lat' dir='ltr'><strong>Igitur</strong></span> <span class='ocrx_word' id='word_1_696' title='bbox 529 5156 741 5209; x_wconf 89' lang='lat' dir='ltr'><strong>tametsi</strong></span> <span class='ocrx_word' id='word_1_697' title='bbox 774 5155 1087 5210; x_wconf 84' lang='lat' dir='ltr'><strong>distributio</strong></span> <span class='ocrx_word' id='word_1_698' title='bbox 1113 5158 1374 5225; x_wconf 88' lang='lat' dir='ltr'><strong>capitum,</strong></span> <span class='ocrx_word' id='word_1_699' title='bbox 1402 5172 1523 5227; x_wconf 70' lang='lat' dir='ltr'><strong>qua:</strong></span> <span class='ocrx_word' id='word_1_700' title='bbox 1567 5173 1665 5212; x_wconf 89' lang='lat' dir='ltr'><strong>usu</strong></span> <span class='ocrx_word' id='word_1_701' title='bbox 1698 5166 1914 5223; x_wconf 80' lang='lat' dir='ltr'><strong>recepta</strong></span> <span class='ocrx_word' id='word_1_702' title='bbox 1951 5165 2056 5222; x_wconf 89' lang='lat' dir='ltr'><strong>est,</strong></span> <span class='ocrx_word' id='word_1_703' title='bbox 2093 5154 2345 5225; x_wconf 85' lang='lat' dir='ltr'><strong>religiose</strong></span> <span class='ocrx_word' id='word_1_704' title='bbox 2370 5152 2639 5207; x_wconf 82' lang='lat' dir='ltr'><strong>servanda</strong></span> <span class='ocrx_word' id='word_1_705' title='bbox 2672 5152 2764 5217; x_wconf 89' lang='lat' dir='ltr'><strong>sit,</strong></span> <span class='ocrx_word' id='word_1_706' title='bbox 2796 5150 2972 5205; x_wconf 85' lang='lat' dir='ltr'><strong>visum</strong></span> <span class='ocrx_word' id='word_1_707' title='bbox 3018 5158 3105 5205; x_wconf 89' lang='lat' dir='ltr'><strong>est</strong></span> <span class='ocrx_word' id='word_1_708' title='bbox 3142 5160 3323 5205; x_wconf 88' lang='lat' dir='ltr'><strong>tamen</strong></span> <span class='ocrx_word' id='word_1_709' title='bbox 3368 5164 3551 5220; x_wconf 73' lang='lat' dir='ltr'><strong>Operae</strong></span> 
     </span>
    </p>
   </div>
   <div class='ocr_carea' id='block_1_54' title="bbox 246 5243 3553 5319">
    <p class='ocr_par' dir='ltr' id='par_1_54' title="bbox 246 5243 3553 5319">
     <span class='ocr_line' id='line_1_55' title="bbox 246 5243 3553 5319; baseline 0 -21"><span class='ocrx_word' id='word_1_710' title='bbox 246 5247 485 5317; x_wconf 82' lang='lat' dir='ltr'><strong>pretium</strong></span> <span class='ocrx_word' id='word_1_711' title='bbox 521 5246 660 5311; x_wconf 83' lang='lat' dir='ltr'><strong>iure,</strong></span> <span class='ocrx_word' id='word_1_712' title='bbox 693 5247 737 5302; x_wconf 86' lang='lat' dir='ltr'><strong>si</strong></span> <span class='ocrx_word' id='word_1_713' title='bbox 764 5248 995 5319; x_wconf 89' lang='lat' dir='ltr'><strong>singulis</strong></span> <span class='ocrx_word' id='word_1_714' title='bbox 1025 5249 1299 5318; x_wconf 88' lang='lat' dir='ltr'><strong>capitibus</strong></span> <span class='ocrx_word' id='word_1_715' title='bbox 1332 5249 1676 5305; x_wconf 90' lang='lat' dir='ltr'><strong>Scholiorum</strong></span> <span class='ocrx_word' id='word_1_716' title='bbox 1711 5248 1888 5303; x_wconf 89' lang='lat' dir='ltr'><strong>Photii</strong></span> <span class='ocrx_word' id='word_1_717' title='bbox 1916 5248 2129 5303; x_wconf 90' lang='lat' dir='ltr'><strong>numeri</strong></span> <span class='ocrx_word' id='word_1_718' title='bbox 2156 5264 2279 5303; x_wconf 91' lang='lat' dir='ltr'><strong>cum</strong></span> <span class='ocrx_word' id='word_1_719' title='bbox 2308 5245 2540 5316; x_wconf 88' lang='lat' dir='ltr'><strong>vulgatis</strong></span> <span class='ocrx_word' id='word_1_720' title='bbox 2566 5250 3002 5314; x_wconf 89' lang='lat' dir='ltr'><strong>apponerentur,</strong></span> <span class='ocrx_word' id='word_1_721' title='bbox 3028 5252 3087 5299; x_wconf 87' lang='lat' dir='ltr'><strong>et</strong></span> <span class='ocrx_word' id='word_1_722' title='bbox 3121 5243 3231 5311; x_wconf 89' lang='lat' dir='ltr'><strong>hic,</strong></span> <span class='ocrx_word' id='word_1_723' title='bbox 3257 5245 3553 5316; x_wconf 77' lang='lat' dir='ltr'><strong>prepositis</strong></span> 
     </span>
    </p>
   </div>
   <div class='ocr_carea' id='block_1_55' title="bbox 245 5338 2772 5413">
    <p class='ocr_par' dir='ltr' id='par_1_55' title="bbox 245 5338 2772 5413">
     <span class='ocr_line' id='line_1_56' title="bbox 245 5338 2772 5413; baseline -0.002 -16"><span class='ocrx_word' id='word_1_724' title='bbox 245 5339 586 5412; x_wconf 79' lang='lat' dir='ltr'><strong>singulorum</strong></span> <span class='ocrx_word' id='word_1_725' title='bbox 618 5340 857 5409; x_wconf 86' lang='lat' dir='ltr'><strong>capitum</strong></span> <span class='ocrx_word' id='word_1_726' title='bbox 887 5356 951 5397; x_wconf 79' lang='lat' dir='ltr'><strong>ex</strong></span> <span class='ocrx_word' id='word_1_727' title='bbox 999 5340 1304 5397; x_wconf 79' lang='lat' dir='ltr'><strong>Mercatore</strong></span> <span class='ocrx_word' id='word_1_728' title='bbox 1336 5344 1527 5409; x_wconf 87' lang='lat' dir='ltr'><strong>titulis,</strong></span> <span class='ocrx_word' id='word_1_729' title='bbox 1567 5357 1664 5413; x_wconf 89' lang='lat' dir='ltr'><strong>per</strong></span> <span class='ocrx_word' id='word_1_730' title='bbox 1695 5343 1972 5413; x_wconf 71' lang='lat' dir='ltr'><strong>syllopSlm</strong></span> <span class='ocrx_word' id='word_1_731' title='bbox 2010 5351 2184 5397; x_wconf 88' lang='lat' dir='ltr'><strong>totum</strong></span> <span class='ocrx_word' id='word_1_732' title='bbox 2224 5354 2364 5410; x_wconf 87' lang='lat' dir='ltr'><strong>opus</strong></span> <span class='ocrx_word' id='word_1_733' title='bbox 2395 5338 2772 5393; x_wconf 79' lang='lat' dir='ltr'><strong>exhiberetur.</strong></span> 
     </span>
    </p>
   </div>
   <div class='ocr_carea' id='block_1_56' title="bbox 1064 5478 2714 5554">
    <p class='ocr_par' dir='ltr' id='par_1_56' title="bbox 1064 5478 2714 5554">
     <span class='ocr_line' id='line_1_57' title="bbox 1064 5478 2714 5554; baseline -0.002 -17"><span class='ocrx_word' id='word_1_734' title='bbox 1064 5483 1251 5554; x_wconf 80' lang='lat' dir='ltr'><strong>Cyrilli</strong></span> <span class='ocrx_word' id='word_1_735' title='bbox 1281 5487 1510 5554; x_wconf 81' lang='lat' dir='ltr'><strong>episcopi</strong></span> <span class='ocrx_word' id='word_1_736' title='bbox 1549 5485 1888 5541; x_wconf 71' lang='lat' dir='ltr'><strong>Alexandria</strong></span> <span class='ocrx_word' id='word_1_737' title='bbox 1924 5488 1987 5540; x_wconf 85' lang='lat' dir='ltr'><strong>de</strong></span> <span class='ocrx_word' id='word_1_738' title='bbox 2027 5483 2395 5540; x_wconf 80' lang='lat' dir='ltr'><strong>incarnatione</strong></span> <span class='ocrx_word' id='word_1_739' title='bbox 2425 5478 2714 5551; x_wconf 83' lang='lat' dir='ltr'><strong>Unigeniti.</strong></span> 
     </span>
    </p>
   </div>
   <div class='ocr_carea' id='block_1_57' title="bbox 320 5620 1151 5690">
    <p class='ocr_par' dir='ltr' id='par_1_57' title="bbox 320 5620 1151 5690">
     <span class='ocr_line' id='line_1_58' title="bbox 320 5620 1151 5690; baseline -0.006 -7"><span class='ocrx_word' id='word_1_740' title='bbox 320 5625 506 5683; x_wconf 71' lang='lat' dir='ltr'><strong>CAPUT</strong></span> <span class='ocrx_word' id='word_1_741' title='bbox 541 5623 580 5677; x_wconf 92' lang='lat' dir='ltr'><strong>l.</strong></span> <span class='ocrx_word' id='word_1_742' title='bbox 614 5623 751 5690; x_wconf 82' lang='lat' dir='ltr'><strong>Quid</strong></span> <span class='ocrx_word' id='word_1_743' title='bbox 774 5632 858 5678; x_wconf 90' lang='lat' dir='ltr'><strong>est</strong></span> <span class='ocrx_word' id='word_1_744' title='bbox 888 5620 1151 5678; x_wconf 79' lang='lat' dir='ltr'><strong>Christus.</strong></span> 
     </span>
    </p>
   </div>
   <div class='ocr_carea' id='block_1_58' title="bbox 320 5714 1692 5786">
    <p class='ocr_par' dir='ltr' id='par_1_58' title="bbox 320 5714 1692 5786">
     <span class='ocr_line' id='line_1_59' title="bbox 320 5714 1692 5786; baseline -0.007 -8"><span class='ocrx_word' id='word_1_745' title='bbox 320 5722 450 5778; x_wconf 70' lang='lat' dir='ltr'><strong>Car.</strong></span> <span class='ocrx_word' id='word_1_746' title='bbox 494 5718 555 5775; x_wconf 93' lang='lat' dir='ltr'><strong>ll.</strong></span> <span class='ocrx_word' id='word_1_747' title='bbox 600 5717 840 5786; x_wconf 85' lang='lat' dir='ltr'><strong>Qualiter</strong></span> <span class='ocrx_word' id='word_1_748' title='bbox 868 5716 1089 5785; x_wconf 85' lang='lat' dir='ltr'><strong>intelligi</strong></span> <span class='ocrx_word' id='word_1_749' title='bbox 1126 5718 1321 5773; x_wconf 82' lang='lat' dir='ltr'><strong>dcbcat</strong></span> <span class='ocrx_word' id='word_1_750' title='bbox 1356 5714 1692 5770; x_wconf 73' lang='lat' dir='ltr'><strong>Emmanuel.</strong></span> 
     </span>
    </p>
   </div>
   <div class='ocr_carea' id='block_1_59' title="bbox 326 5806 1080 5877">
    <p class='ocr_par' dir='ltr' id='par_1_59' title="bbox 326 5806 1080 5877">
     <span class='ocr_line' id='line_1_60' title="bbox 326 5806 1080 5877; baseline -0.011 -8"><span class='ocrx_word' id='word_1_751' title='bbox 326 5814 458 5869; x_wconf 72' lang='lat' dir='ltr'><strong>Car.</strong></span> <span class='ocrx_word' id='word_1_752' title='bbox 502 5809 587 5864; x_wconf 92' lang='lat' dir='ltr'><strong>lll.</strong></span> <span class='ocrx_word' id='word_1_753' title='bbox 620 5807 757 5877; x_wconf 79' lang='lat' dir='ltr'><strong>Quid</strong></span> <span class='ocrx_word' id='word_1_754' title='bbox 789 5818 869 5863; x_wconf 88' lang='lat' dir='ltr'><strong>est</strong></span> <span class='ocrx_word' id='word_1_755' title='bbox 904 5806 1080 5861; x_wconf 84' lang='lat' dir='ltr'><strong>Jesus.</strong></span> 
     </span>
    </p>
   </div>
   <div class='ocr_carea' id='block_1_60' title="bbox 332 5893 2100 5970">
    <p class='ocr_par' dir='ltr' id='par_1_60' title="bbox 332 5893 2100 5970">
     <span class='ocr_line' id='line_1_61' title="bbox 332 5893 2100 5970; baseline -0.008 -7"><span class='ocrx_word' id='word_1_756' title='bbox 332 5907 461 5963; x_wconf 75' lang='lat' dir='ltr'><strong>Car.</strong></span> <span class='ocrx_word' id='word_1_757' title='bbox 507 5904 596 5960; x_wconf 77' lang='grc' dir='ltr'><strong>ιν.</strong></span> <span class='ocrx_word' id='word_1_758' title='bbox 639 5904 812 5970; x_wconf 76' lang='lat' dir='ltr'><strong>Quam</strong></span> <span class='ocrx_word' id='word_1_759' title='bbox 840 5901 907 5957; x_wconf 83' lang='lat' dir='ltr'><strong>ob</strong></span> <span class='ocrx_word' id='word_1_760' title='bbox 938 5916 1153 5957; x_wconf 69' lang='lat' dir='ltr'><strong>causam</strong></span> <span class='ocrx_word' id='word_1_761' title='bbox 1188 5900 1348 5955; x_wconf 77' lang='lat' dir='ltr'><strong>homo</strong></span> <span class='ocrx_word' id='word_1_762' title='bbox 1383 5899 1583 5953; x_wconf 70' lang='lat' dir='ltr'><strong>dictum</strong></span> <span class='ocrx_word' id='word_1_763' title='bbox 1614 5898 1681 5953; x_wconf 83' lang='lat' dir='ltr'><strong>sit</strong></span> <span class='ocrx_word' id='word_1_764' title='bbox 1715 5898 1808 5952; x_wconf 81' lang='lat' dir='ltr'><strong>Dci</strong></span> <span class='ocrx_word' id='word_1_765' title='bbox 1840 5893 2100 5953; x_wconf 73' lang='lat' dir='ltr'><strong>Verbum.</strong></span> 
     </span>
    </p>
   </div>
  </div>
