3926 6458
174 463 335 521 1369

1127 460 1419 519 εειιοιιιι
1459 460 1547 517 DE
1587 460 2112 522 iNCARNATIONE
2151 456 2527 525 UNiGENiTI.

3357 465 3497 525 I570

168 581 462 644 Θεοτόκος
490 578 651 650 Virgo
682 583 891 633 sancta.
938 575 1181 631 Tandem
1228 575 1373 646 quod
1418 573 1743 649 Unigenitus
1776 578 1829 632 in
1872 594 2043 636 carne
2088 579 2286 637 visibili
2322 594 2595 650 apparens
2643 577 2955 639 nominetur
2991 578 3133 635 Deus
3173 585 3231 635 et
3285 578 3489 640 homo:

170 675 471 745 quomodo
511 688 726 745 passus,
753 682 809 727 et
838 672 892 726 in
916 686 1025 742 quo
1054 679 1330 740 postremo
1358 669 1555 727 refellit
1582 687 1679 729 eos
1710 672 1801 741 qui
1834 674 2068 729 humana
2094 690 2203 729 non
2251 674 2357 729 alia
2392 674 2604 730 ratione
2646 673 2813 729 Deum
2847 673 3041 727 decere
3068 678 3281 741 putant,
3321 687 3485 741 quam

178 768 466 825 relatione
496 769 630 823 sola.
675 767 968 833 Czeterum,
1007 768 1150 837 quod
1193 765 1308 835 jam
1354 767 1564 833 monui,
1610 768 2052 826 distinctionibus
2104 771 2172 825 ad
2235 770 2587 827 declinandas
2645 769 3107 826 heterodoxorum
3159 766 3498 837 objectiones

179 859 426 916 utilibus
454 856 664 929 singula
698 854 813 912 fere
845 857 1021 928 capita
1051 855 1213 926 plena
1246 861 1401 911 sunt.

990 1242 1293 1360 ΤΟΥ
1368 1238 1833 1355 ΑΓΙΟΥ
1905 1229 2685 1353 ΚΥΡΙΛΛΟΥ

1774 1480 1935 1534 ΠΕΡΙ

414 1678 658 1762 ΤΗΣ
734 1671 1921 1764 ΕΝΑΝΘΡΩΠΗΣΕΩΣ
1994 1672 2260 1760 ΤΟΥ
2336 1626 3290 1760 ΜΟΝΟΓΕΝΟΥΣ.

1181 2031 1753 2163 SANCTI
1878 2030 2534 2159 CYRILLI

586 2286 1097 2383 SCHOLIA
1172 2284 1320 2375 DE
1399 2280 2319 2389 INCARNATIONE
2403 2284 3103 2375 UNIGENITI.

813 2646 1065 2700 ΚΕΦΔΛ.
1106 2646 1185 2698 A'.

676 2762 737 2815 Τί
772 2761 947 2815 ἐστιν
988 2763 1021 2814 ό
1059 2762 1337 2830 Χριστός-ι

280 2875 358 2930 τὸ
391 2874 625 2946 Χριστὸς
665 2874 839 2943 ὄνομα
872 2872 999 2926 οὕτε
1038 2874 1168 2945 ὅρου
1219 2873 1452 2944 δύναμιν
1480 2873 1627 2945 εχει,
1676 2873 1801 2927 οὔτι

207 2968 319 3039 μὴν
356 2969 454 3036 τήν
481 2983 625 3031 τινος
656 2965 862 3030 οὐσίαν,
899 2965 927 3018 ὃ
966 2965 1017 3018 τί
1038 2964 1166 3018 ποτέ
1190 2965 1305 3018 ἐστι
1339 2965 1630 3035 munitm.-
1665 2964 1801 3018 καθ-

211 3063 360 3131 άπερ
401 3059 594 3130 ἀμέλει
644 3058 738 3111 καὶ
788 3057 848 3110 τὸ
895 3056 1219 3128 ἄνθρωπος,
1255 3055 1288 3127 ἢ
1338 3057 1543 3120 ἵππος,
1577 3056 1611 3129 ἢ
1650 3055 1799 3127 βοῦς.

209 3153 545 3223 ηρόγματος
571 3150 628 3203 δὲ
667 3150 869 3221 μᾶλλον
897 3148 1292 3220 ὲνεργουμένου
1318 3149 1447 3219 περί
1485 3166 1607 3202 τινα
1634 3151 1805 3201 ποιεῖ-

203 3260 300 3299 ται
345 3244 597 3315 δήλωσιν.
636 3242 834 3312 Ἑλαίῳ
867 3241 967 3313 μὲν
1003 3242 1249 3311 ἐχρίοντο
1285 3241 1397 3294 τῶν
1431 3241 1803 3313 ἀρχαιοτέρων

203 3337 372 3402 τινὲς,
409 3334 551 3390 κατά
581 3352 646 3405 γε
681 3334 761 3405 τῷ
786 3333 908 3402 Θιῷ
930 3334 991 3387 τὸ
1020 3333 1274 3404 τηνικάδε
1297 3334 1510 3389 δοκοῦν.
1545 3334 1656 3389 Καὶ
1678 3334 1803 3388 σύν-

206 3432 365 3502 θημα
394 3428 669 3501 βασιλείας
696 3424 765 3499 ἦν
791 3430 825 3498 ἠ
850 3428 1032 3499 χρίσις
1067 3426 1272 3491 αὐτοῖς.
1306 3425 1585 3498 Ἐχρίοντο
1622 3427 1679 3480 δὲ
1708 3427 1805 3482 καὶ

206 3527 257 3579 οἱ
307 3522 585 3595 προφῆται
642 3518 850 3590 ναητῶς
892 3518 972 3591 τῷ
1013 3519 1155 3589 άγίω
1180 3517 1487 3591 Πνξύματι,
1519 3518 1662 3572 ὥστε
1709 3520 1806 3573 καὶ

203 3612 460 3669 ἐντεῦθεν
498 3611 861 3683 ὀνομάζεσθαι
900 3610 1177 3683 χριστούς.
1206 3610 1413 3664 Ψάλλει
1453 3610 1584 3679 γοῦν
1624 3613 1652 3665 ὀ
1696 3628 1805 3681 μαι

204 3706 403 3776 κάριος
438 3702 601 3757 Δαϐὶδ
626 3704 691 3756 ὲκ
718 3700 1015 3772 προσώπου
1040 3700 1133 3755 τοῦ
1155 3700 1315 3765 Θεοῦ,
1338 3702 1430 3756 καί
1458 3719 1590 3773 φησι
1615 3718 1628 3732 ο
1664 3719 1682 3753 ι
1714 3702 1805 3772 Μὴ

204 3796 451 3859 ᾇπτεσθε
482 3795 593 3848 τῶν
622 3794 859 3865 χριστῶν
892 3810 1017 3861 μου,
1037 3793 1133 3846 καὶ
1164 3796 1221 3847 ἐν
1244 3796 1357 3856 τοῖς
1389 3794 1693 3865 προφήταις
1730 3794 1807 3864 μὴ

206 3888 601 3959 πονηρεύεσθε.
633 3907 651 3940 ι
685 3887 821 3958 Φησὶ
852 3888 915 3945 δὲ
933 3887 1025 3941 καὶ
1056 3890 1085 3942 ὅ
1122 3890 1413 3959 προφήτης
1456 3888 1772 3960 Ἀδδακούμ
1791 3904 1805 3919 ’

1819 2649 1866 2706 Δ

2571 2645 2730 2704 CAP.
2770 2648 2811 2704 1.

2433 2762 2576 2830 Quid
2602 2774 2679 2820 est
2708 2762 2975 2821 Christus.

1979 2874 2146 2946 779
2166 2875 2371 2932 Christi
2404 2892 2601 2933 nomen
2630 2894 2731 2934 nec
2745 2878 3077 2937 deﬁnitionis
3114 2882 3221 2938 vim
3260 2884 3503 2955 obtinet,

1905 2982 2007 3023 nec
2034 2967 2340 3039 cuiuspiam
2383 2970 2772 3039 substantiam,
2825 2973 3002 3042 qualis
3042 2976 3153 3041 sit,
3197 2976 3506 3047 signiﬁcat.

1905 3058 2049 3113 sicut
2082 3058 2223 3113 forte
2254 3060 2438 3124 homo,
2463 3073 2558 3115 aut
2590 3078 2786 3131 equus,
2813 3072 2907 3117 aut
2936 3066 3032 3119 hos
3057 3082 3073 3131 ;
3098 3066 3194 3122 sed
3233 3068 3308 3123 rei
3336 3068 3509 3138 magis

1905 3162 2027 3217 quae
2058 3148 2111 3202 in
2151 3149 2337 3219 aliquo
2368 3159 2587 3219 agatur,
2634 3151 2801 3206 habet
2835 3154 3292 3224 signiﬁcationem
3323 3175 3335 3210 :
3388 3159 3509 3214 oleo

1908 3256 2147 3311 namque
2173 3241 2514 3311 ungebantur
2535 3242 2755 3312 quidam
2781 3244 3152 3313 superiorum,
3181 3248 3337 3317 juxta
3360 3254 3508 3319 quod

1908 3332 2019 3389 Deo
2063 3342 2193 3389 tunc
2236 3333 2499 3403 temporis
2532 3333 2803 3404 placebat,
2851 3346 2904 3391 et
2952 3338 3165 3408 signum
3204 3340 3356 3409 regni
3405 3340 3512 3397 illis

1908 3433 2029 3478 erat
2054 3424 2264 3479 unctio.
2311 3422 2673 3493 ngebantur
2710 3439 2893 3480 autem
2935 3437 2987 3482 et
3017 3430 3296 3499 propheta!
3330 3433 3511 3487 sensi-

1908 3518 2090 3574 biliter
2122 3515 2329 3587 Spiritu
2366 3527 2583 3583 sancto,
2617 3528 2679 3572 ut
2705 3518 2831 3574 inde
2852 3535 3068 3589 quoque
3097 3521 3515 3580 nominarentur

1910 3608 2127 3664 christi.
2177 3610 2418 3679 Denique
2464 3607 2657 3664 beatus
2706 3609 2873 3664 David
2923 3610 3105 3679 psallit
3154 3628 3220 3667 ex
3277 3630 3509 3683 persona

1913 3709 2028 3774 Dei,
2059 3720 2112 3764 et
2144 3710 2221 3763 ait
2256 3724 2269 3760 :
2314 3727 2333 3761 ι
2363 3705 2545 3764 Nolite
2581 3719 2806 3778 tangere
2848 3710 3085 3765 cltristos
3136 3726 3321 3775 meos,
3359 3722 3412 3765 et
3458 3713 3510 3765 in

1911 3800 2192 3870 pr0phetis
2239 3800 2373 3855 meis
2420 3799 2584 3856 nolite
2630 3800 2916 3872 malignari
2948 3802 2986 3857 '.
3039 3820 3058 3854 ι
3106 3803 3195 3857 Ait
3236 3813 3419 3858 autem
3458 3813 3517 3859 et

1912 3893 2175 3961 prapheta
2208 3891 2462 3947 ΗεΙιιουο
2499 3910 2513 3947 :
2556 3909 2575 3944 ι
2618 3891 2789 3948 Existi
2818 3893 2886 3948 ad
2920 3892 3151 3951 salutem
3182 3894 3368 3965 papuli
3403 3896 3513 3961 tui,

212 4003 233 4036 ι
269 3982 523 4053 Ἐξῆλθες
571 3984 651 4045 εἰς
696 3981 969 4052 σωτηρίαν
1012 3980 1146 4036 λαοῦ
1191 3997 1307 4045 σου,
1340 3980 1435 4034 τοῦ
1482 3980 1654 4035 σῶσαι
1681 3984 1809 4047 τοὺς

1923 3996 1972 4040 ut
1998 3985 2243 4041 salvares
2274 3980 2513 4043 christos
2537 3994 2659 4042 tuos
2684 3985 2725 4039 '.
2754 4004 2773 4037 ι

207 4072 471 4146 χριστούς
510 4090 627 4128 σου.
662 4090 681 4124 ι

298 4164 423 4218 Ἐπὶ
459 4164 517 4218 δέ
548 4180 609 4233 γε
655 4162 749 4218 τοῦ
791 4163 1009 4219 πάντων
1042 4162 1200 4235 ἡμῶν
1236 4163 1493 4236 Σωτῆρος
1536 4164 1806 4245 Χριστοῦ)

207 4259 397 4331 κρίσιν
438 4258 537 4329 μὲν
569 4257 824 4325 γενέσθαι
854 4260 1057 4327 φαμέν.
1105 4257 1249 4328 Πλὴν
1283 4257 1409 4310 οὒτε
1453 4258 1811 4331 συμϐολικὴν,

208 4351 293 4413 ὡς
325 4350 511 4421 ἐλαίῳ,
536 4350 845 4422 δρωμένην,
873 4349 997 4403 οὔτε
1024 4350 1129 4421 μὴν
1177 4348 1276 4421 τὴν
1305 4350 1381 4414 ὼς
1416 4352 1474 4403 ὲν
1527 4352 1714 4424 χάριτι
1746 4356 1813 4426 τῇ

212 4445 532 4515 προφητιχῇ
552 4459 565 4472 ·
593 4442 707 4497 ἀλλ’
735 4441 855 4496 οὐδὲ
879 4443 1119 4515 ἐκείνην,
1137 4443 1236 4516 τὴν
1267 4443 1344 4509 ὡς
1379 4444 1441 4498 ἐν
1467 4463 1531 4515 γε
1572 4446 1649 4516 τῷ
1677 4465 1812 4518 προ-

212 4533 560 4607 χειρίζεσθαι
592 4533 891 4606 νοουμένην
919 4536 1054 4608 πρὸς
1087 4536 1429 4608 κατόρθωσιν
1454 4536 1551 4592 τοῦ
1572 4538 1813 4594 τοιούτου

212 4627 307 4682 διά
328 4644 469 4691 τινος
505 4626 862 4699 πράγματος·
894 4628 1076 4681 ὁποῖόν
1102 4645 1155 4681 τι
1200 4628 1455 4697 γενέσθαι
1486 4631 1688 4701 φαμὲν,
1720 4632 1817 4686 καὶ

215 4718 314 4772 ἰπὶ
338 4718 521 4791 Κύρου
546 4718 640 4773 τοῦ
661 4718 889 4790 Περσῶν
914 4736 971 4773 τε
1004 4720 1099 4774 καὶ
1128 4721 1327 4793 Μήδων
1347 4720 1814 4793 βεϐασιλευκότος,

215 4811 280 4876 ὃς
336 4811 776 4883 κατεστράτευσε
820 4814 918 4883 τῆς
961 4812 1344 4879 Βαϐυλωνίων,
1403 4815 1817 4887 παραθήγοντος

217 4906 301 4969 εἰς
323 4903 482 4958 τοῦτο
514 4905 678 4959 αὑτὸν
729 4904 826 4957 τοῦ
872 4905 1052 4959 πάντα
1092 4907 1368 4977 ἰσχύοντος
1393 4907 1551 4961 Θεοῦ.
1589 4908 1818 4980 Εἴρηται

218 4997 352 5068 γὰρ.
391 5016 409 5049 ι
457 4995 615 5051 Οὕτω
653 4997 801 5067 λέγει
850 4998 1058 5069 Κύριος
1088 4999 1166 5069 τῷ
1202 5000 1411 5072 χριστῷ
1467 5020 1570 5071 μου
1612 5002 1815 5074 Κύρῳ,

217 5083 283 5143 οὗ
318 5086 598 5158 ἐκράτησα
634 5087 733 5157 τῆς
780 5087 981 5153 δεξιᾶς.
1018 5107 1036 5140 ι
1079 5090 1275 5144 Καίτοι
1313 5107 1377 5159 γε
1427 5092 1818 5165 εἰδωλολάτρης

223 5180 488 5251 ὑπάρχων
508 5179 669 5251 ἀνὴρ,
705 5179 1021 5250 ὠνόμασται
1055 5182 1297 5251 χριστὸς,
1334 5182 1421 5236 διὰ
1444 5183 1504 5237 τὸ
1527 5185 1690 5237 οἱονεὶ
1724 5203 1809 5238 κε-

222 5270 445 5341 κρίσθαι
507 5270 643 5341 πρὸς
688 5270 913 5341 βασιλέα
939 5274 1005 5342 τῇ
1042 5272 1249 5327 ἄνωθεν
1292 5273 1489 5346 ψήφῳ·
1525 5278 1815 5347 προκεχεί-

1986 4168 2041 4225 in
2078 4169 2297 4225 Christo
2328 4177 2513 4225 autem
2564 4168 2810 4224 omnium
2864 4168 3149 4227 Salvatore
3199 4170 3514 4225 unctionem

1915 4260 2135 4332 quidem
2165 4261 2362 4317 factam
2394 4274 2517 4316 esse
2547 4259 2819 4315 dicimus:
2853 4269 3112 4316 cateruas
3157 4276 3335 4333 neque
3367 4276 3520 4333 sym»

1916 4354 2174 4419 bolicam,
2198 4354 2353 4424 quasi
2370 4354 2498 4409 'oleo
2531 4353 2755 4419 factam,
2785 4368 2886 4409 nec
2912 4354 3073 4424 quasi
3106 4352 3160 4409 in
3190 4354 3363 4424 gratia
3396 4370 3521 4423 pro~

1916 4448 2133 4518 phetica
2158 4464 2171 4513 ;
2200 4448 2295 4503 sed
2330 4460 2432 4503 nec
2464 4446 2637 4513 illam,
2666 4461 2785 4517 quae
2810 4446 3133 4519 intelligitur
3158 4448 3276 4504 iicri
3301 4450 3369 4503 ad
3396 4464 3518 4519 per-

1920 4542 2208 4597 fectionem
2245 4540 2475 4611 alicujus
2510 4540 2821 4610 hujusmodi
2869 4542 3105 4613 negotii,
3166 4543 3381 4614 qualem
3435 4542 3519 4597 [ει-

1918 4648 2068 4693 ctam
2105 4650 2227 4692 esse
2248 4635 2483 4691 dicimus
2522 4634 2578 4690 in
2626 4634 2768 4706 Cyro
2799 4634 3093 4691 Persarum
3143 4644 3200 4691 et
3241 4634 3520 4691 Medorum

1920 4742 2068 4797 rege.
2097 4727 2301 4782 Contra
2335 4725 2669 4797 Babylonios
2698 4727 2845 4782 enim
2884 4726 2973 4781 ille
3014 4728 3168 4782 duxit
3194 4727 3522 4789 exercitum,

1920 4818 2217 4889 instigante
2243 4820 2423 4889 ipsum
2448 4818 2502 4873 in
2530 4816 2582 4872 id
2612 4817 2722 4873 Deo
2749 4819 3149 4889 omnipotente.
3190 4818 3401 4874 Dictum
3440 4830 3527 4874 est

1920 4910 2110 4967 enim:
2167 4928 2185 4961 ι
2225 4909 2353 4965 llaec
2405 4909 2540 4965 dicit
2592 4908 2856 4966 Dominus
2906 4910 3119 4966 ebristo
3173 4926 3293 4966 meo
3343 4910 3523 4983 Cyro,

1923 5002 2082 5072 cujus
2108 5004 2440 5073 apprehendi
2468 5004 2749 5059 dexteram
2775 5004 2818 5059 ⁸.
2861 5023 2880 5056 ι
2925 5004 3093 5076 Atqui
3133 5005 3223 5061 ille
3263 5007 3364 5067 vir.
3398 5022 3523 5060 cum

1922 5104 2071 5151 esset
2108 5096 2375 5152 idolorum
2410 5097 2608 5161 cultor,
2638 5097 2957 5154 nominatus
2985 5109 3071 5153 est
3105 5099 3370 5164 christus,
3405 5099 3526 5154 ideo

1923 5191 2067 5258 quod
2106 5190 2261 5259 quasi
2299 5200 2499 5247 unctus
2529 5199 2616 5247 est
2642 5190 2695 5244 in
2722 5206 2969 5261 regnum,
3001 5178 3214 5247 ctelesti
3244 5191 3524 5261 snll‘ragio,

1926 5293 1980 5336 et
2018 5283 2305 5339 ordinatus
2350 5295 2432 5340 est
2470 5298 2501 5337 a
2548 5282 2659 5340 Deo
2697 5292 2756 5338 ut
2797 5282 3127 5341 Babvlonem
3178 5286 3528 5342 vehementer

224 5364 404 5435 ρισταί
433 5382 493 5418 τε
524 5364 674 5435 παρὰ
694 5364 829 5418 Θεοῦ
855 5364 996 5419 κατὰ
1027 5365 1225 5437 κράτος
1261 5369 1487 5438 αἱρῆται
1512 5368 1611 5440 τὴν
1644 5370 1809 5424 Βαϐυ-

1928 5386 2289 5446 expugnaret.

224 5473 330 5509 λων
339 5473 431 5507 ιων
440 5498 454 5510 .

301 5547 517 5599 Ἐκεῖνο
565 5544 622 5599 δὲ
687 5546 945 5614 μᾶλλον..
976 5588 988 5601 .
1036 5548 1254 5618 Ἐπειδὴ
1305 5549 1442 5621 γὰρ.
1482 5552 1569 5606 διὰ
1625 5554 1720 5623 τὴν
1757 5556 1813 5606 ἐν

238 5637 414 5707 Ἀδὰμ
458 5632 814 5709 παράϐασιν.
895 5639 1251 5709 βεόασίλευκε
1313 5643 1453 5696 atati
1520 5644 1813 5716 πάντωνή

224 5730 494 5801 ἁμαρτία,
529 5730 749 5801 άπέπτη
780 5731 834 5784 δὲ
855 5732 912 5785 τὸ
935 5732 1157 5802 Πνεῦμα
1192 5733 1251 5787 τὸ
1284 5736 1463 5803 ἄτιον·
1495 5740 1587 5790 καὶ
1623 5740 1814 5808 γέγονε

300 5908 464 5963 H‘snl
510 5925 615 5977 cn,
649 5911 729 5991 ις).
810 5911 1630 5987 ³Ιιλιωικιιι,15,]ιιιι.ιΙΑΧ.

1717 5918 1730 5939 ³
1757 5916 1858 5978 LM.
1898 5934 2015 5983 ην,
2049 5920 2093 5974 i.

1999 5553 2135 5610 Illud
2159 5563 2341 5610 autem
2367 5554 2540 5625 magis
2574 5555 2642 5611 de
2668 5554 2911 5611 Cbristo.
2944 5558 3211 5626 Quoniam
3234 5560 3379 5615 enim
3408 5577 3529 5629 pro-

1927 5657 2048 5715 pter
2078 5647 2210 5703 Adae
2248 5647 2755 5717 pmvaricationem
2787 5650 2808 5682 ⁵
2844 5661 3174 5723 regnaverat
3206 5668 3369 5723 supra
3402 5669 3526 5709 om-

1927 5755 2023 5795 nes
2062 5750 2371 5809 peccatum,
2405 5747 2461 5795 et
2487 5738 2727 5812 Spiritus
2762 5744 2829 5799 ab
2875 5744 3211 5803 humanitate
3254 5745 3527 5805 discesse-

2176 5922 2188 5949 "
2228 5917 2383 5977 Rom.
2413 5937 2466 5991 ι’,
2499 5921 2581 5980 Η.
