3926 6488
500 434 635 492 1371
1468 438 1531 497 8.
1564 436 1835 495 οτιιιω
1872 435 2046 493 Αιεχ

2155 433 2339 492 DRINI
2375 433 2693 492 ARCHIEP.
3646 434 3773 491 {371

503 562 589 608 rat
612 552 656 614 ⁵.
688 552 761 608 ob
806 565 1035 622 eamque
1080 565 1304 609 causam
1362 554 1416 610 in
1467 556 1627 613 uralis
1678 556 1936 614 omnibus
1982 532 2046 609 ἰῆς

2175 552 2380 625 ταύτης
2408 552 2570 607 [vexa
2588 552 2690 622 τῆς
2716 549 2894 615 αίτίας
2911 548 2972 605 ιν
2991 550 3163 606 παντὶ
3188 550 3379 623 κακιῖν
3401 550 3510 604 ἔδει
3537 550 3595 605 ἃ
3626 553 3769 605 πάλιν

504 644 856 708 versabalur;
900 657 1037 711 opus
1072 654 1255 699 autem
1286 654 1406 702 erat
1455 657 1515 702 ut
1555 662 1797 714 rursum,
1836 664 1931 719 per
1976 647 2046 703 De

2175 644 2312 716 ιλὲῳ
2334 644 2492 710 Θεοῦ,
2512 644 2648 718 πρὸς
2669 644 2803 699 τὺῒν
2824 644 3022 716 ἀρχαίς
3041 645 3464 699 ἀναδαίνουσαν
3483 645 3764 716 ἀξιωθῆναι

503 732 935 788 misericordiam
966 734 1018 787 in
1043 734 1329 804 pristinum
1360 748 1629 804 revocata,
1660 738 1921 809 Spiritum
1957 754 2046 794 me

2173 736 2271 791 τοῦ
2296 737 2615 809 Πνεῦματος
2631 755 2646 771 ι
2676 736 3108 810 ῑνηνθρώπησεν
3132 741 3164 793 ό
3187 738 3496 810 μονογενὴς
3526 736 3623 791 τοῦ
3646 738 3762 791 8εεῦ

504 834 713 877 teretur
739 842 752 878 :
780 824 942 878 homo
965 823 1165 878 laetum
1200 834 1284 881 est
1310 828 1640 895 unigenitum
1688 830 1783 885 Dei
1810 831 2045 887 Verbum

2172 829 2362 897 Λόγος.
2393 830 2571 900 Ὠφθη
2602 846 2663 883 τε
2691 832 2805 894 τοῖς
2832 828 2929 883 ἰπὶ
2956 830 3061 901 γῆς
3084 830 3227 901 μετὰ
3257 831 3462 908 γηΐγου

2173 914 2291 974 εἶτα
2317 921 2545 990 γέγονεν
2568 920 2844 994 ἁμαρτίας
2872 920 3183 995 ὶλεύθερος,
3206 924 3297 977 ἴνα
3326 924 3389 975 ὲν
3415 922 3572 992 αὐτῷ
3599 939 3656 975 τε
3682 924 3765 975 καὶ

2174 1014 2321 1085 μόνῳ
2335 1016 2445 1078 τοῖς
2462 1016 2561 1085 τῆς
2578 1014 2925 1086 ἁμαρτησίας
2944 1015 3250 1086 αὐχήμασι,
3282 1017 3316 1086 ἡ
3341 1014 3649 1085 ανθρώπου
3671 1016 3763 1081 φῦ-

2173 1120 2256 1169 σις
2288 1106 2699 1179 στεφανουμένη
2715 1106 3138 1179 καταπλουτήσῃ
3160 1106 3220 1160 τὸ
3240 1106 3480 1178 Πνεῦμα
3508 1107 3573 1161 τὸ
3596 1107 3762 1175 ἆτ’-στ’

2171 1196 2595 1270 ἀναμορφωθείη
2631 1216 2692 1252 τε
2719 1197 2863 1253 οὕτω
2891 1198 3029 1271 πρὸς
3048 1198 3182 1252 Θεὸν
3212 1199 3282 1251 δι’
3314 1198 3625 1269 ἁγιασμοῦ.
3647 1205 3767 1252 Δια-

2170 1288 2343 1343 σαίνει
2372 1288 2431 1343 δὲ
2459 1288 2603 1343 οὕτω
2634 1290 2729 1345 καὶ
2757 1292 2838 1355 είς
2865 1291 3013 1361 ἡμᾶς
3037 1290 3071 1359 ἡ
3095 1289 3282 1360 χάρις,
3309 1290 3494 1361 ἀρχὴν
3525 1290 3766 1342 λαϐοῦσα

2169 1379 2404 1451 Χριστὸν
2434 1381 2526 1433 τὸν
2558 1381 2619 1434 ὲν
2645 1384 2779 1451 ἡμῖν
2820 1380 3189 1453 πρωτότοκον.
3217 1381 3330 1441 Καὶ
3378 1380 3472 1433 διὰ
3502 1379 3667 1433 τοῦτο
3694 1380 3767 1431 ξιι-

2167 1468 2379 1523 δάσκων
2396 1472 2544 1541 ἡμᾶς
2566 1473 2595 1525 ό
2622 1472 2894 1543 μακάριος
2913 1471 3107 1541 ψάλλει
3137 1470 3305 1523 Δαϐὶδ
3327 1471 3469 1540 πρὸς
3491 1472 3591 1524 τὸν
3618 1472 3763 1523 Υἱόνο

2173 1581 2193 1614 r
2229 1563 2555 1635 Ἦγάπησας
2575 1561 2947 1632 δικαιοσύνην,
2976 1562 3073 1615 καὶ
3106 1562 3383 1632 ἐμίσησας
3407 1563 3654 1624 ἀδικίαν,
3679 1564 3764 1615 διὰ

2166 1654 2327 1707 τοῦτο
2372 1653 2559 1726 ἔχρισὲ
2590 1671 2652 1707 σε
2695 1656 2725 1709 ό
2757 1652 2892 1718 Θεὸς
2918 1655 2948 1708 ό
2980 1652 3113 1716 Θεός
3150 1669 3243 1706 σου
3275 1652 3460 1707 ἑλαιον
3491 1654 3760 1721 ἀγαλλίας

500 925 553 967 et
602 930 723 966 cum
776 924 993 977 terreno
1043 930 1272 985 corpore
1330 922 1560 976 terrenis
1610 924 1879 991 apparuit.
1948 923 2072 979 Fuit

498 1006 660 1059 etiam
699 1006 927 1061 liberum
971 1021 1003 1060 a
1042 1019 1285 1076 peccato,
1323 1018 1383 1064 ut
1418 1020 1475 1065 et
1522 1011 1577 1065 in
1622 1014 1760 1080 ipso,
1811 1023 1865 1068 et
1910 1015 1965 1069 in
2005 1030 2072 1072 eo

498 1095 635 1160 solo,
670 1097 991 1152 innocentia
1014 1098 1258 1155 laudibus
1300 1110 1491 1156 natura
1519 1101 1753 1158 hominis
1777 1116 2068 1175 coronata,

500 1186 704 1253 Spiritu
756 1198 941 1243 sancto
989 1188 1286 1259 ditaretur,
1327 1206 1394 1249 ac
1444 1194 1525 1249 sic
1579 1191 1972 1253 relormaretur
2001 1198 2070 1254 ad

497 1272 665 1328 Deum
718 1291 814 1343 per
871 1278 1375 1336 sanctiﬁcationem.
1438 1283 1604 1355 780
1650 1284 1869 1342 Transit
1923 1289 2068 1345 enim

494 1367 561 1420 ad
606 1384 701 1422 nos
735 1385 948 1439 quoque
983 1372 1154 1440 gratia
1207 1385 1382 1444 erepta
1419 1393 1448 1430 a
1496 1377 1731 1445 Christo,
1765 1380 1855 1450 qui
1891 1392 1977 1437 est
2015 1383 2067 1436 in

494 1460 649 1511 nobis
688 1460 1110 1529 primogenitus;
1158 1464 1321 1535 idque
1367 1482 1465 1522 nos
1496 1468 1695 1524 docens
1732 1470 1923 1527 beatus
1965 1473 2071 1527 Da-

491 1548 578 1600 vid
610 1551 783 1615 psallit
832 1553 898 1606 ad
925 1551 1119 1606 Filium
1151 1572 1165 1608 :
1204 1572 1224 1607 ι
1259 1556 1501 1612 Dilexisti
1523 1558 1787 1625 iustitiam
1826 1572 1880 1617 et
1905 1563 2067 1618 odisti

490 1639 855 1709 iniquitatem,
894 1644 1011 1699 ideo
1058 1648 1212 1702 unxit
1246 1656 1297 1703 te
1318 1648 1476 1704 “Deus
1502 1650 1645 1705 Deus
1673 1658 1794 1707 tuus
1822 1650 1941 1709 oleo
1970 1653 2066 1709 la:-

492 1732 627 1785 titim
655 1734 694 1785 ‘.
736 1752 753 1785 ι

2167 1763 2328 1808 σεως.
2366 1764 2386 1797 ι

564 1822 765 1879 Unctus
787 1835 871 1880 est
894 1828 1057 1897 igitur
1074 1830 1321 1899 exemplo
1343 1842 1530 1887 nostro
1550 1832 1718 1891 Filius
1742 1836 2046 1894 innocentia

2238 1835 2538 1907 Κέχρισται
2578 1836 2763 1889 τοίνυν
2804 1835 2929 1889 καθ’
2958 1837 3108 1906 ἡμᾶς
3151 1835 3525 1905 ἀνθρωπίνως
3560 1840 3590 1890 ό
3634 1838 3758 1899 Υἱὸς

486 1912 755 1979 laudibus,
795 1927 869 1981 et,
904 1927 963 1972 ut
998 1929 1125 1975 ante
1168 1919 1301 1986 dixi,
1348 1922 1401 1976 in
1438 1924 1555 1992 ipso
1593 1933 1785 1983 natura
1827 1928 2046 1986 homini:

2162 1931 2276 1991 τοῖς
2306 1905 2407 2000 τῆς
2434 1928 2855 1998 ἀναμαρτησίας
2895 1905 3165 1992 ἐπαίνοις,
3190 1928 3268 1990 ὠς
3304 1927 3528 1998 ἔφημεν
3550 1946 3564 1958 ο
3607 1930 3758 1982 ἐχλε-

484 2002 772 2069 iliustrata,
797 2017 849 2062 et
892 2008 1047 2078 digna
1073 2010 1186 2079 jam
1229 2013 1415 2068 sortiri
1456 2013 1724 2086 Spiritum
1770 2028 2046 2088 sanctum,

2166 2020 2613 2093 λαμπρυμμένης
2640 2021 2702 2073 ἐν
2746 2019 2899 2091 αὑτῷ
2928 2020 3029 2091 τῆς
3051 2020 3148 2073 τοῦ
3188 2020 3483 2091 ἀνθρώπου
3517 2021 3754 2091 φύσεως,

480 2093 591 2163 jam
626 2110 730 2149 non
771 2098 1162 2166 discessurum,
1203 2102 1345 2158 sicut
1388 2115 1570 2172 antea,
1612 2109 1706 2162 sed
1742 2124 2046 2167 mansurum

2160 2113 2319 2177 ἀξίας
2356 2130 2417 2166 τε
2447 2112 2547 2183 ἤδη
2582 2112 2889 2183 γενομένης
2912 2112 3007 2165 τοῦ
3055 2112 3257 2184 χρῆναι
3302 2116 3607 2184 μετασχεῖν
3661 2114 3754 2167 τοῦ

484 2186 657 2254 magis
682 2186 733 2239 in
761 2187 892 2256 ipsa.
920 2189 1159 2265 Ideoque
1173 2193 1439 2264 scriptum
1467 2207 1570 2263 est,
1603 2200 1747 2267 quod
1780 2218 1801 2251 r
1834 2202 2046 2259 deaeeu«

2160 2206 2317 2276 ἁγίου
2371 2204 2691 2275 Πνεύματος
2711 2220 2726 2235 ⁸
2760 2204 2862 2258 οὐκ
2908 2205 3321 2274 ἀποφοιτῶντος
3351 2206 3436 2259 ἔτι
3468 2207 3619 2261 καθὰ
3665 2210 3756 2261 καὶ

482 2280 567 2329 «ιιι
603 2278 653 2330 in
694 2293 815 2333 eum
872 2278 1143 2350 Spiritus,
1179 2293 1233 2340 et
1287 2288 1488 2341 mansit
1540 2302 1703 2359 super
1748 2292 1920 2362 ipsum
1952 2294 1997 2350 '.
2030 2312 2046 2349 t

2156 2297 2215 2351 tv
2248 2297 2468 2369 ἀρχαῖς.
2518 2296 3028 2370 ἐμφιλοχωροῦντος
3058 2298 3115 2353 δὲ
3161 2298 3365 2370 μᾶλλον
3408 2301 3577 2372 αὐτῇ,
3610 2303 3753 2354 Ταύ-

480 2364 693 2421 Dicitur
742 2384 873 2441 ergo
924 2370 1174 2430 Christus
1219 2375 1314 2431 Dei
1372 2375 1631 2447 Verbum,
1661 2384 1803 2452 quod
1836 2395 2057 2457 propter

476 2472 579 2513 nos
612 2469 665 2514 et
695 2462 863 2517 nostri
906 2463 1101 2521 similis
1148 2466 1311 2523 homo
1337 2476 1423 2523 est
1456 2470 1687 2537 factum,
1723 2482 1779 2529 et
1808 2476 1862 2531 in
1905 2480 2051 2534 servi

476 2546 652 2601 forma
683 2566 697 2601 :
732 2560 784 2604 et
818 2550 1035 2621 ungitur
1064 2554 1284 2623 quidem
1314 2556 1570 2623 humane,
1605 2560 1900 2615 secundum
1929 2578 2054 2617 car-

475 2651 638 2702 nem;
670 2641 820 2711 ungit
862 2652 1041 2699 autem
1087 2644 1267 2702 divine
1317 2661 1417 2703 suo
1473 2648 1681 2721 Spiritu
1723 2666 1818 2709 eos
1855 2655 1949 2725 qui
1994 2656 2049 2712 in

473 2727 651 2797 ipsum
684 2733 935 2790 credunt.

1130 2917 1285 2975 CAP.
1325 2919 1393 2977 ll.

717 3044 959 3113 Qualiter
984 3050 1209 3123 intelligi
1240 3052 1423 3109 debeat
1457 3054 1795 3114 Emmanuel.

541 3179 853 3237 Emmanuel
874 3184 1186 3241 nominatur
1210 3186 1349 3244 Deus
1372 3187 1627 3257 Verbum,
1690 3192 1833 3264 quod
1867 3195 2042 3253 Abra-

468 3274 551 3329 hae
582 3289 769 3329 semen
804 3278 1181 3346 apprehendit,
1214 3288 1269 3334 et
1299 3280 1549 3337 similiter
1587 3298 1652 3339 ac
1682 3300 1782 3341 nos
1809 3289 2036 3357 partici-

464 3367 1201 3441 pavitcarnietsauguini'.
1254 3368 1647 3443 Interpretatur
1709 3389 1891 3437 autem
1918 3383 2044 3439 Em-

464 3458 701 3522 tuattuel,
738 3458 1004 3514 sollicitus
1046 3460 1203 3516 Dm.
1246 3462 1583 3520 Conlitemur
1624 3477 1803 3525 autem
1855 3473 2044 3529 uobis-

461 3563 585 3601 cum
620 3548 787 3606 luisse
821 3551 928 3606 Dei-
947 3551 1199 3619 Verbum,
1256 3569 1361 3609 non
1390 3556 1669 3613 localiter:
1698 3561 1750 3615 in
1775 3578 1882 3635 quo
1900 3566 2045 3622 enim

460 3639 581 3695 loco
628 3658 733 3696 non
770 3652 855 3699 est
898 3643 1071 3709 Deus,
1112 3646 1203 3713 qui
1259 3646 1448 3718 implet
1483 3650 1703 3706 omnia?
1748 3652 1857 3709 Nec
1903 3660 2046 3727 quod

459 3732 651 3787 adesse
676 3734 833 3788 nobis
853 3735 1193 3805 conspicitur
1222 3738 1408 3792 auxilii
1451 3740 1696 3808 ratione;
1732 3744 1933 3801 dictum
1962 3758 2046 3805 est

458 3821 604 3875 enim
636 3822 739 3877 hoe
776 3822 935 3879 modo
962 3825 1035 3878 ad
1062 3822 1244 3881 Iesum
1290 3825 1459 3881 lilium
1499 3827 1683 3886 Nave:
1731 3852 1749 3885 ι
1803 3835 1868 3890 Et
1903 3838 2045 3895 sicut

458 3927 607 3966 eram
650 3929 771 3968 cum
821 3913 1025 3986 Moyse,
1072 3917 1145 3971 ita
1188 3933 1285 3973 ero
1324 3930 1381 3974 et
1414 3923 1659 3977 tecum".
1697 3942 1716 3977 ι
1766 3925 1870 3981 Sed
1900 3932 2044 3999 quod

458 4003 660 4059 factum
691 4018 775 4061 est
816 4009 868 4061 in
919 4010 1143 4075 nostris,
1183 4010 1236 4066 id
1271 4021 1379 4076 est,
1429 4014 1483 4067 in
1540 4014 1898 4086 humanitate,
1936 4036 2041 4077 non

457 4097 716 4151 derelicta
750 4113 845 4154 sua
877 4109 1071 4155 natura
1104 4114 1120 4154 :
1171 4102 1588 4162 inconvertibile
1631 4117 1717 4163 est
1759 4112 1903 4166 enim
1941 4128 2041 4167 na-

458 4198 579 4243 tura
613 4189 704 4244 Dei
740 4190 997 4247 Verbum.

528 4279 800 4337 Czeterum
838 4299 1001 4353 quam
1031 4287 1101 4342 ob
1125 4301 1365 4351 causam.
1402 4302 1525 4344 cum
1552 4290 1711 4361 plane
1735 4293 1948 4348 dicatur
1974 4294 2040 4350 ad

453 4368 637 4424 Iesum
680 4371 848 4427 lilium
876 4372 1049 4440 Nave,
1076 4377 1220 4447 quod
1250 4392 1271 4429 ι
1304 4377 1447 4435 sicut
1473 4394 1623 4435 eram
1665 4397 1788 4435 cum
1827 4382 2028 4456 Moyse,

455 4462 537 4516 sic
563 4476 657 4516 ero
681 4472 890 4529 tecum,
926 4483 946 4517 ι
976 4481 1091 4523 non
1134 4476 1219 4524 est
1259 4478 1436 4526 tamen
1474 4472 1783 4529 nominatus
1824 4474 2040 4531 Emma-

453 4554 617 4609 nuel?
651 4554 766 4625 ipsa
802 4566 983 4612 autem
1021 4560 1163 4615 ratio
1188 4570 1268 4616 est
1299 4576 1313 4614 :
1358 4563 1462 4618 etsi
1501 4564 1647 4619 enim
1683 4581 1808 4620 cum
1855 4568 2038 4639 aliquo

452 4654 765 4702 sane-mum
796 4647 961 4704 fuisse
987 4650 1230 4716 dicatur;
1267 4668 1376 4708 non
1419 4664 1601 4711 tamen
1636 4658 1919 4714 nobiscum
1955 4660 2035 4713 la-

450 4747 599 4791 ctnm
629 4754 750 4795 esse
779 4741 1009 4797 dicimus
1045 4742 1215 4798 Deum
1252 4742 1513 4809 Verbum,
1546 4746 1649 4803 nisi
1679 4762 1744 4803 eo
1794 4758 2037 4819 tempore

451 4843 560 4897 quo
587 4828 741 4897 juxta
781 4832 923 4897 quod
952 4832 1082 4888 dicit
1128 4832 1335 4888 Baruch
1358 4876 1373 4902 ,
1413 4854 1431 4886 ι
1471 4836 1523 4889 in
1568 4845 1711 4891 terra
1742 4838 1887 4893 visus
1917 4849 2030 4904 est,

447 4925 507 4970 et
538 4919 675 4972 inter
705 4920 953 4975 homines
1004 4934 1361 4978 conversatus
1404 4933 1507 4989 est,
1533 4934 1594 4980 et-
1626 4942 1843 4982 omnem
1890 4929 2030 4982 viain

450 5008 733 5065 inveniens
756 5012 1079 5083 disciplinae,
1110 5023 1165 5069 et
1195 5015 1330 5070 dans
1354 5031 1473 5071 eam
1501 5014 1668 5074 Jacob
1701 5034 1867 5086 puero
1904 5035 2028 5085 suo,

448 5110 503 5155 et
526 5099 689 5156 Israel
712 5102 910 5159 dilecto
932 5120 961 5159 a
1002 5120 1062 5161 se
1093 5122 1109 5159 :
1144 5106 1257 5176 ipse
1285 5115 1369 5162 est
1392 5107 1539 5162 enim
1576 5108 1715 5165 Deus
1742 5120 1946 5177 noster,
1977 5120 2032 5167 et

448 5206 555 5245 non
586 5197 984 5263 comparabitur
1004 5198 1143 5252 alius
1166 5200 1235 5254 ad
1252 5214 1375 5254 eum
1406 5201 1468 5255 ¹⁶.
1509 5220 1529 5253 ι

520 5284 788 5349 Quantum
826 5290 968 5341 enim
1012 5290 1077 5345 ad
1108 5289 1199 5345 Dei
1349 5292 1512 5347 Ὅσον
1545 5295 1643 5362 μὲν
1672 5296 1779 5366 γὰρ
1803 5289 1934 5366 ἧκεν
1950 5296 2031 5361 είς

447 5385 691 5430 naturam
744 5379 999 5448 pertinet,
1065 5398 1199 5437 non-
1273 5385 1334 5438 τὺ
1361 5382 1500 5441 εἶναι
1521 5389 1654 5453 Θεὸς
1674 5390 1815 5444 κατὰ
1846 5390 2028 5461 φύσιν,

446 5468 571 5521 dum
596 5478 714 5523 erat
731 5471 1040 5539 nobiscum;
1067 5475 1201 5528 mul-
1273 5479 1374 5531 οὐκ
1414 5474 1482 5550 ἦν
1513 5482 1629 5553 μεθ’
1656 5483 1835 5555 ἡμῶν·
1866 5484 2030 5553 ἀσύγ-

2153 2402 2306 2460 τῃτοι
2330 2386 2427 2441 καὶ
2454 2386 2789 2458 γέγραπται,
2824 2386 2907 2439 ὅτι
2931 2404 2949 2437 ι
2981 2386 3248 2457 Κατέπτη
3284 2386 3385 2456 μὲν
3414 2388 3510 2440 ἐπὶ
3534 2388 3750 2459 Χριστᾷ

2154 2479 2215 2532 τὸ
2244 2476 2492 2548 Πνεῦμα,
2527 2477 2809 2548 μεμένηκε
2832 2476 2891 2529 δὲ
2914 2478 3002 2530 ἐπ’
3027 2478 3211 2533 αὐτόν.
3246 2497 3265 2529 ι
3297 2478 3537 2546 Λέγεται
3572 2480 3752 2533 τοίνυν

2152 2570 2387 2641 Χριστὸς
2421 2570 2451 2623 ό
2477 2568 2571 2622 τοῦ
2606 2568 2747 2623 Θεοῦ
2779 2569 2952 2637 Λόγος
2979 2570 3011 2621 ό
3040 2568 3109 2623 δι’
3142 2570 3292 2640 ἡμᾶς
3323 2571 3420 2624 καὶ
3450 2572 3577 2625 καθ’
3600 2574 3749 2642 ἡμᾶς

2152 2653 2460 2724 ἄνθρωπος,
2489 2654 2584 2709 καὶ
2620 2655 2677 2707 ὲν
2720 2657 2787 2725 τῇ
2830 2654 2925 2709 τοῦ
2962 2656 3157 2711 δούλου
3194 2662 3379 2731 μορφῇ
3402 2675 3415 2688 ’
3456 2661 3558 2713 καὶ
3600 2662 3747 2731 χριό-

2153 2762 2315 2817 μενος
2340 2746 2441 2816 μὲν
2469 2744 2832 2817 ἀνθρωπίνως
2855 2747 3000 2801 κατὰ
3018 2747 3121 2819 τὴν
3138 2751 3337 2821 σάρκα,
3359 2752 3542 2821 χρίων
3560 2752 3615 2806 δὲ
3639 2753 3743 2806 θεῖ-

2150 2834 2263 2900 κῶς
2288 2835 2365 2908 τῷ
2399 2834 2514 2909 ίδίῳ
2548 2834 2829 2908 Πνεύματι
2857 2837 2984 2903 τοὺς
3005 2841 3086 2905 είς
3124 2842 3288 2895 αὑτὸν
3326 2843 3709 2907 πιστεύοντας.

2149 3029 2337 3084 κριτον
2401 3010 2513 3085 γὰρ
2574 3011 2636 3067 τὸ
2704 3013 2909 3083 μεταξὺ
2983 3024 3095 3070 tum
3143 3018 3286 3073 enim
3331 3018 3561 3075 interest
3603 3021 3742 3076 inter

2148 3107 2403 3181 θεότητος
2475 3108 2573 3163 καὶ
2624 3106 2910 3180 ἀνθρωπό-
2981 3106 3734 3179 deitatemetbumauitatem;

2143 3218 2338 3274 τητος·
2408 3202 2505 3257 καὶ
2580 3200 2747 3273 πολλή
2820 3219 2909 3269 τις
2979 3207 3034 3254 et
3063 3198 3251 3270 ingens
3283 3213 3370 3258 est
3400 3205 3566 3261 nimis
3588 3205 3737 3262 diie-

2145 3295 2285 3365 ᾶγαν
2308 3295 2420 3350 τῶν
2446 3294 2664 3367 φύσεών
2693 3297 2843 3350 ἔστιν
2869 3296 2906 3369 ἡ
2980 3295 3152 3350 rentia
3180 3307 3520 3353 naturarum.

2145 3385 2398 3458 διαφορά.

2220 3477 2453 3549 ideoque
2498 3478 2713 3536 divinus
2754 3478 2926 3535 David
2977 3479 3043 3533 ad
3098 3478 3501 3548 proximitatem
3557 3484 3735 3553 mysti-

2148 3586 2264 3626 cam
2316 3571 2426 3644 [al.
2483 3574 2736 3629 unionem
2785 3569 3211 3645 arctisslmam],
3258 3572 3427 3628 Deum
3482 3572 3731 3639 Verbum,

2148 3664 2288 3733 quod
2337 3664 2577 3719 nondum
2613 3665 2682 3719 ad
2734 3679 2833 3719 nos
2867 3674 3112 3729 venerat,
3161 3664 3411 3731 vocabat,
3461 3668 3648 3724 dicens
3681 3670 3729 3723 in

2146 3754 2375 3826 spiritu:
2412 3774 2431 3808 ι
2458 3753 2540 3811 Ob
2568 3754 2720 3827 quid,
2751 3756 3014 3821 Domine,
3062 3756 3356 3812 discessisti
3393 3758 3553 3828 longe
3585 3760 3671 3813 “l
3706 3778 3726 3813 ι

2216 3846 2293 3916 (ι)
2328 3846 2467 3917 Ergo
2505 3844 2617 3915 jam
2650 3861 2758 3900 non
2805 3846 3077 3912 discessit,
3122 3846 3216 3901 sed
3266 3849 3550 3903 nobiscum
3606 3849 3724 3913 luit,

2144 3935 2233 4005 qui
2268 3950 2390 3989 cum
2422 3936 2708 3991 mansisset
2739 3935 2790 3991 id
2837 3936 2981 4005 quod
3005 3944 3144 4001 erat,
3185 3936 3545 4007 apprehendit
3570 3941 3728 3994 Abra-

2144 4026 2228 4081 hae
2250 4041 2457 4091 semen,
2485 4036 2545 4081 ut
2570 4028 2681 4081 dixi
2707 4046 2722 4094 ;
2750 4028 2963 4097 accepit
3006 4037 3185 4081 autem
3235 4029 3400 4083 etiam
3434 4031 3578 4085 seni
3618 4031 3727 4085 for-

2144 4133 2313 4183 mam,
2338 4126 2395 4172 et
2421 4125 2746 4186 conspectus
2780 4117 2945 4171 homo
2969 4116 3021 4170 in
3054 4125 3198 4172 terra
3232 4126 3337 4172 est.

2215 4209 2468 4266 Christus
2493 4224 2624 4265 vero
2653 4217 2709 4263 et
2739 4208 3057 4263 Emmanuel
3085 4208 3332 4264 eumdem
3368 4209 3530 4265 nobis
3562 4210 3722 4264 lilium

2144 4303 2445 4373 designant,
2476 4283 2669 4373 partim
2701 4304 2824 4370 quia
2855 4311 3051 4357 unctus
3089 4310 3172 4357 est
3203 4316 3353 4355 more
3380 4312 3603 4366 nostro,
3630 4304 3721 4355 hu-

2143 4411 2318 4452 manae
2345 4395 2578 4451 hominis
2610 4406 2819 4450 natura:
2855 4394 3106 4465 spiritum
3144 4394 3441 4464 accipiens.
3480 4406 3538 4448 ut
3573 4395 3623 4448 in
3668 4408 3721 4449 se

2143 4489 2257 4559 ipso
2292 4498 2345 4543 et
2395 4488 2566 4558 primo
2611 4486 2706 4558 [aL
2754 4487 2990 4541 humana
3050 4496 3239 4539 natura
3282 4487 3534 4554 spiritum
3583 4488 3718 4541 acci-

2142 4582 2323 4653 piente
2358 4580 2411 4634 in
2445 4580 2582 4649 ipso,
2624 4588 2682 4635 ut
2718 4577 2939 4650 primo].
2968 4576 3183 4632 Positus
3204 4586 3291 4632 est
3314 4578 3457 4631 enim
3487 4579 3717 4645 primor-

2143 4674 2288 4727 dium
2322 4672 2558 4743 generis,
2591 4686 2777 4725 rursus
2814 4671 2928 4739 ipse
2968 4685 3194 4741 nngens,
3221 4679 3278 4723 ut
3317 4668 3483 4733 Deus,
3518 4670 3714 4737 Spiritu

2141 4772 2327 4819 sancto
2354 4778 2449 4817 eos
2475 4762 2563 4829 qui
2608 4763 2659 4815 in
2699 4777 2756 4816 se
2783 4762 3011 4816 credunt
3036 4781 3051 4817 :
3091 4762 3311 4831 partim,
3336 4762 3462 4831 quia
3490 4763 3590 4817 fuit
3627 4779 3716 4815 no-

2139 4857 2344 4912 biscum
2375 4855 2671 4909 secundum
2696 4869 2832 4924 quas
2862 4854 3019 4908 modo
3049 4856 3255 4909 reddidi
3287 4857 3546 4918 rationes,
3574 4866 3627 4910 et
3654 4858 3714 4909 de

2139 4964 2205 5003 eo
2237 4965 2333 5003 nos
2363 4947 2491 5001 facit
2529 4957 2707 5001 certos
2737 4947 2904 5002 Isaias
2942 4947 3204 5017 propheta
3250 4947 3479 5001 dicens:
3525 4966 3542 4997 ι
3583 4949 3710 5001 Ecce

2138 5044 2289 5113 virgo
2321 5039 2374 5093 in
2420 5048 2574 5095 utero
2606 5039 2859 5108 accipiet,
2891 5049 2945 5093 et
2975 5039 3148 5107 pariet
3184 5038 3374 5103 lilium,
3415 5050 3467 5094 et
3500 5043 3705 5095 vocabi-

2138 5141 2225 5187 tur
2258 5147 2451 5187 nomen
2495 5132 2609 5201 ejus
2643 5129 2961 5185 Emmanuel
2995 5131 3057 5183 ".
3098 5149 3115 5182 ι
3159 5130 3296 5185 Cum
3343 5131 3485 5184 enim
3530 5142 3704 5186 Sancta

2139 5224 2325 5294 Virgo,
2350 5239 2416 5278 ex
2443 5222 2644 5293 Spiritu
2667 5221 2887 5292 quidem
2912 5233 3104 5277 sancto
3128 5238 3413 5293 praegnans
3434 5233 3518 5275 est
3550 5222 3702 5284 farta.

2137 5319 2344 5389 peperit
2368 5326 2545 5371 autem
2581 5316 2877 5372 secundum
2903 5330 3122 5369 carnem
3154 5314 3359 5379 lilium;
3399 5325 3523 5368 tunc
3552 5317 3702 5367 ctium

2140 5408 2458 5466 Emmanuel
2497 5409 2674 5464 dictus
2724 5419 2846 5464 est:
2906 5409 3005 5463 fuit
3052 5410 3196 5462 enim
3256 5409 3555 5469 nobiscum,
3613 5424 3702 5474 per

2136 5503 2409 5559 carnalem
2456 5501 2859 5571 generationem
2910 5500 3302 5571 incorporalis;
3348 5511 3403 5554 et
3458 5501 3507 5554 id
3554 5512 3695 5563 erat,

568 5652 701 5737 lien;
731 5669 803 5737 vi.
828 5655 879 5707 3.
958 5654 1149 5737 "Peril.
1180 5677 1321 5729 xuv,
1344 5666 1398 5721 8.
1472 5666 1665 5722 'Jonn.
1698 5683 1733 5732 t,
1760 5669 1847 5725 δὲ.
1924 5671 1945 5702 ⁸
1966 5669 2044 5726 He

2158 5687 2213 5737 ιι,
2250 5670 2329 5726 l4.
2408 5669 2615 5727 ’Josue
2640 5684 2677 5734 ι,
2708 5682 2756 5721 v.
2839 5666 3115 5722 "Baruch
3169 5682 3250 5730 tn,
3303 5665 3393 5721 38.
3474 5666 3512 5695 ¹¹
3551 5662 3688 5719 i‘sal.

442 5742 499 5791 κ,
538 5724 582 5776 l.
661 5725 701 5755 ¹¹
738 5725 835 5779 lsa.
868 5741 962 5788 ι-ιι,
993 5726 1078 5781 Η.

512 5886 588 5959 (l)
622 5886 843 5951 Belum:
881 5886 1154 5958 Discessit,
1189 5892 1279 5949 sed
1340 5891 1603 5948 nobiscum
1660 5891 1797 5963 fuit;
1826 5894 1936 5965 qui,
1994 5902 2097 5951 etc.
2154 5892 2313 5950 Enn.
