3926 6458
238 464 380 522 1573

1173 447 1474 507 SCHOUA
1509 445 1598 505 DE
1637 444 2154 503 INCARNATIONE
2192 444 2572 505 UNIGENlTl.

3408 436 3549 495 1375

235 579 387 649 quod
410 590 507 648 per
536 589 730 632 vocem
765 572 933 629 David
962 570 1409 643 signiﬁcabatur:
1449 586 1468 619 ι
1498 568 1640 623 Deus
1666 565 1841 621 mani-
1869 570 1915 629 Α
1946 567 2195 624 omnium
2230 567 2516 633 Dominus,
2556 573 2745 637 utpote
2773 563 2865 637 qui
2898 570 3096 619 natura
3130 568 3187 617 et
3223 558 3454 616 veritate
3477 572 3549 613 ex

240 672 383 726 teste
428 668 647 730 veniet.
700 666 847 722 Deus
901 676 1110 729 noster,
1162 668 1218 715 et
1262 676 1367 716 non
1404 659 1588 715 silebit
1620 658 1703 722 ης
1737 676 1756 710 ι
1786 665 1841 710 et

237 761 376 813 illud
408 760 604 829 opinor
628 775 644 812 :
673 778 691 812 ι
730 758 850 829 Ipse
879 758 973 829 qui
1005 757 1219 812 locutus
1243 769 1388 819 sum,
1409 760 1608 822 ιιι-εειο
1633 765 1778 805 sum.
1815 768 1835 801 ι

239 854 486 908 Locutus
512 853 657 908 enim
702 867 799 922 per
827 851 1145 922 prophetas,
1178 857 1237 901 ut
1279 844 1621 917 incorporale
1664 844 1843 899 adhuc

242 946 511 1013 Verbum,
547 943 769 1001 advenit
803 944 969 1000 etiam
996 938 1373 1011 corporaliter.

896 1050 1050 1109 CAP.
1099 1049 1194 1106 lli.

803 1166 946 1233 Quid
981 1174 1060 1222 est
1094 1163 1275 1221 Jesus.

319 1286 381 1342 Vi
431 1285 647 1357 quidem
701 1282 1102 1346 intentionum,
1156 1296 1261 1351 qua
1314 1287 1564 1351 oporteat
1604 1293 1639 1336 a
1685 1276 1841 1333 nobis

238 1394 413 1432 tntum
446 1377 552 1433 dici
588 1374 787 1430 Filium
820 1373 937 1439 Dei,
974 1372 1310 1427 tantumdem
1346 1380 1449 1437 est,
1484 1379 1540 1426 et
1566 1368 1841 1433 Christus,

236 1472 298 1516 et
326 1462 663 1524 Emmanuel,
691 1473 746 1516 et
782 1459 977 1527 Iesus;
1003 1470 1059 1515 et
1107 1460 1161 1515 id
1204 1460 1423 1529 quidem
1468 1460 1624 1529 quasi
1666 1474 1734 1514 ex
1785 1473 1845 1513 re

240 1570 443 1609 nomen
491 1565 572 1608 est
622 1552 869 1607 factum:
926 1570 945 1604 ‹
980 1551 1098 1621 Ipse
1149 1551 1319 1615 enim,
1368 1549 1562 1619 inquit,
1612 1548 1845 1604 salvabit

240 1645 506 1716 populum
538 1660 695 1699 suum
723 1659 752 1699 a
784 1643 1023 1714 peccatis
1057 1646 1172 1698 suis
1202 1642 1269 1697 ¹⁶.
1310 1660 1329 1696 s
1374 1640 1843 1708 Quemadmodum

236 1740 389 1792 enim
423 1734 743 1791 Emmanuel
781 1734 1147 1805 signiﬁcabat,
1190 1749 1287 1803 per
1318 1734 1726 1804 generationem
1774 1748 1843 1787 ex

246 1830 483 1884 muliere
540 1828 827 1884 nobiscum
877 1826 1082 1882 factum
1140 1825 1306 1881 fuisse
1347 1825 1440 1879 Dei
1477 1823 1750 1889 Verbum;
1789 1834 1845 1880 et

1947 662 2058 716 Deo
2098 672 2257 717 natus
2288 670 2372 717 est
2401 661 2588 717 Patre.
2625 658 2693 715 Et
2723 658 2775 715 id
2811 658 2970 713 nobis
3004 653 3420 712 evidentissime
3458 667 3551 704 sa-

1944 753 2322 823 pientissimns
2368 751 2566 807 Paulus
2612 750 2897 806 ostendit:
2933 768 2952 801 ι
2985 747 3204 803 Primus
3244 744 3418 808 enim,
3467 743 3551 797 in-

1943 845 2085 916 quit,
2119 844 2282 899 homo
2306 859 2373 899 ex
2397 854 2545 899 terra
2570 843 2637 899 de
2669 842 2833 906 limo;
2876 839 3154 896 secundus
3190 853 3222 892 ο
3258 836 3400 893 coelo
3422 832 3493 888 ”.
3525 851 3544 884 ι

2016 937 2180 1007 Auli“
2217 934 2380 1009 Virgo
2410 945 2600 991 sancta
2637 933 2852 1005 peperit
2888 931 3149 1003 templum
3203 928 3387 985 Verbo
3423 925 3550 980 uni-

1944 1040 2096 1097 tum;
2134 1031 2231 1085 sed
2260 1042 2293 1085 e
2320 1030 2462 1085 calo
2503 1027 2725 1093 dicitur,
2759 1034 2815 1082 et
2869 1035 3018 1081 recte
3059 1024 3280 1095 quidem
3328 1018 3553 1075 Emma-

1943 1121 2071 1178 nuel
2104 1123 2380 1193 :desuper
2416 1122 2561 1177 enim
2600 1129 2656 1176 et
2693 1135 2760 1176 ex
2803 1116 3113 1175 substantia
3157 1115 3250 1170 Dei
3293 1123 3350 1168 et
3374 1110 3551 1167 Patris

1943 1223 2132 1269 natum
2171 1223 2257 1270 est
2304 1214 2542 1269 Verbum
2586 1211 2756 1283 ipsius
2786 1229 2800 1267 :
2825 1208 3109 1267 descendit
3150 1222 3282 1263 vero
3312 1206 3382 1261 ad
3426 1219 3551 1270 nos,

1946 1314 2076 1361 tunc
2108 1320 2235 1361 cum
2265 1305 2469 1361 factum
2497 1311 2583 1359 est
2623 1304 2826 1369 homo;
2857 1310 3041 1357 tamen
3082 1300 3164 1355 sic
3199 1311 3421 1369 quoque
3450 1295 3553 1352 de-

1943 1416 2110 1471 super
2134 1408 2239 1455 est.
2268 1398 2529 1455 Testatus
2566 1406 2649 1453 est
2679 1405 2863 1451 autem
2900 1394 3063 1466 781
3097 1392 3342 1448 Joannes
3381 1392 3448 1446 de
3486 1405 3553 1447 eo

1945 1493 2192 1549 dicens:
2244 1509 2264 1542 ι
2328 1490 2431 1558 Qui
2500 1489 2787 1545 desursum
2844 1488 3034 1552 venit,
3124 1500 3291 1557 supra
3360 1499 3554 1539 omnes

1944 1596 2028 1642 est
2050 1588 2117 1640 “.
2156 1604 2175 1637 ι
2216 1585 2285 1640 Et
2331 1585 2447 1657 ipse
2490 1584 2742 1641 Christus
2791 1582 2871 1636 ait
2914 1583 2983 1637 ad
3034 1580 3291 1651 populum
3337 1577 3553 1633 «Ιυάωο-

1947 1694 2068 1733 rum
2094 1696 2109 1734 :
2140 1697 2161 1732 ι
2193 1678 2300 1735 Vos
2340 1680 2596 1735 deorsum
2647 1676 2783 1732 estis
2805 1714 2821 1740 ,
2863 1690 2969 1745 ego
3005 1674 3245 1742 desuper
3287 1686 3407 1725 sum
3430 1670 3498 1721 ".
3530 1686 3548 1720 ι
3630 1691 3635 1697 ι

1946 1770 2015 1827 Ει
2052 1786 2243 1828 rursus
2270 1790 2283 1825 :
2318 1789 2337 1824 ι
2372 1772 2485 1843 Ego
2510 1786 2617 1825 non
2644 1784 2770 1824 sum
2808 1782 2876 1823 es
2916 1770 3020 1822 hoc
3052 1765 3253 1819 mundo
3276 1763 3347 1825 “,
3376 1780 3396 1815 s
3429 1761 3554 1815 licet

1948 1879 2077 1935 pars
2099 1864 2284 1919 mundi
2310 1865 2453 1920 sicut
2476 1864 2644 1919 homo
2668 1870 3010 1931 nuncupatus
3034 1859 3131 1924 sit;
3157 1856 3252 1911 sed
3286 1865 3404 1909 erat
3429 1868 3553 1907 cum

237 1922 518 2025 Chriims’
573 1920 700 1990 quia
727 1919 915 2022 Fam“?
963 1919 1163 2025 I'OTO’
1208 1916 1842 2025 “news,dic§mr,juxla
1875 1940 1919 1995 Β
2089 1916 2865 2025 quotque-supramundum.
2893 1959 2952 2003 ut
2990 1916 3154 2002 Deus.
3204 1944 3556 1999 Meminimus

241 2028 347 2067 nos
392 2010 669 2066 humane:
725 2011 798 2065 ita
836 2012 1002 2065 etiam
1049 2008 1227 2075 Jesus,
1286 2010 1430 2079 quod
1472 2009 1705 2063 salvavit
1744 2022 1843 2064 nos

239 2119 403 2158 suum
434 2103 713 2174 populum,
736 2104 883 2174 quod
914 2103 1153 2158 maxime
1174 2117 1299 2158 eum
1322 2102 1667 2157 demonstrat
1716 2116 1845 2158 vere

237 2204 298 2248 et
335 2204 530 2247 natura
558 2196 805 2249 omnium
846 2194 1155 2250 Dominum.
1188 2193 1377 2264 Neque
1422 2195 1565 2269 enim
1606 2194 1843 2250 hominis

241 2288 551 2342 communis
580 2298 832 2343 creatura
863 2302 986 2344 esse
1018 2290 1268 2355 dicatur;
1302 2290 1491 2343 deceat
1520 2297 1700 2342 autem
1730 2302 1847 2342 ma—

240 2380 329 2450 gis
373 2381 555 2435 omnia
629 2382 808 2438 dicere
879 2398 1000 2440 esse
1047 2380 1358 2452 Unigeniti,
1399 2380 1502 2437 etsi
1553 2380 1732 2436 factus
1775 2380 1848 2436 sit

242 2472 433 2526 homo.

321 2563 475 2618 Dicet
510 2562 649 2618 forte
678 2564 874 2634 aliquis
902 2584 915 2619 :
949 2566 1112 2634 Atqui
1142 2564 1341 2637 Moysis
1366 2565 1545 2619 dictus
1568 2573 1652 2620 est
1680 2579 1846 2634 popu-

241 2654 331 2709 lus
362 2654 549 2709 Israel.
589 2656 670 2710 Ad
710 2656 811 2711 hoc
839 2657 1106 2718 dicemus,
1129 2657 1273 2726 quod
1302 2655 1397 2710 Dei
1424 2655 1648 2724 quidem
1677 2671 1849 2726 popu-

242 2746 332 2800 lus
370 2747 682 2802 nominatus
709 2748 801 2813 sit,
843 2755 898 2803 et
942 2749 994 2801 id
1036 2758 1156 2802 erat
1201 2763 1411 2802 verum.
1460 2746 1665 2801 Verum
1712 2762 1851 2817 quo-

244 2837 398 2891 niam
427 2837 493 2891 ad
531 2836 891 2891 defectionem
925 2836 1194 2891 deductus
1216 2848 1324 2901 est,
1366 2848 1419 2891 et
1455 2836 1682 2889 vitulum
1719 2833 1848 2889 fecit

242 2945 347 2998 per
374 2929 669 2994 desertum,
703 2928 1060 2983 inbonoratus
1084 2938 1168 2984 est
1190 2945 1217 2981 a
1250 2928 1399 2983 Deo:
1428 2943 1533 2983 non
1565 2928 1708 2981 enim
1732 2926 1846 2997 jam

243 3037 408 3075 suum
438 3021 722 3075 nominare
761 3020 1017 3090 populum
1065 3019 1413 3091 dignabatur,
1445 3019 1537 3074 sed
1572 3034 1695 3074 eum
1735 3019 1847 3088 jam

247 3112 459 3168 homini
488 3113 806 3167 destinavit.
850 3112 921 3167 At
970 3127 1068 3167 nos
1120 3128 1225 3166 non
1282 3112 1399 3167 ita:
1454 3110 1659 3181 pr0prii
1702 3110 1847 3165 enim

248 3220 443 3260 sumus
476 3204 591 3270 lilii,
622 3219 687 3259 eo
714 3205 860 3273 quod
886 3214 941 3257 et
985 3204 1125 3257 Deus
1150 3203 1239 3268 sit,
1272 3214 1325 3258 et
1346 3218 1439 3273 per
1467 3203 1640 3271 ipsum
1665 3210 1846 3257 creata

248 3298 366 3351 sint
396 3297 602 3351 omnia.
656 3295 733 3350 Ita
768 3298 915 3351 enim
965 3298 1041 3349 ait
1090 3295 1298 3350 David:
1343 3313 1362 3347 ι
1424 3294 1691 3360 Quoniam
1736 3292 1922 3361 ipseC

251 3392 386 3445 tecit
416 3407 536 3457 nos,
563 3398 618 3445 et
641 3406 748 3445 non
785 3390 888 3459 ipsi
921 3404 1059 3456 nos;
1112 3404 1210 3443 nos
1243 3397 1424 3443 autem
1482 3386 1711 3456 populus
1750 3400 1849 3455 pa-

251 3497 402 3538 scuae
445 3482 584 3551 ejus,
618 3490 675 3536 et
706 3495 836 3536 oves
863 3495 1056 3535 manus
1093 3480 1209 3551 ejus
1238 3480 1302 3533 ¹⁸.
1334 3498 1353 3531 ι
1394 3477 1638 3547 Denique
1684 3478 1850 3532 etiam

252 3575 373 3642 ipse
412 3573 478 3628 de
516 3572 673 3627 nobis
698 3572 835 3627 dixit
861 3588 877 3628 :
908 3589 927 3624 ι
962 3570 1104 3626 Oves
1148 3584 1281 3624 mea:
1313 3583 1501 3623 vocem
1546 3584 1722 3622 meam
1751 3582 1852 3621 au—

251 3668 408 3722 diunt
446 3675 502 3721 et
528 3676 829 3737 sequuntur
851 3681 936 3720 me
962 3665 1025 3717 ¹⁶.
1072 3683 1091 3717 ι
1124 3664 1194 3719 Ει
1236 3678 1460 3717 rursus:
1488 3679 1507 3712 ι
1551 3660 1702 3715 Alias
1723 3677 1855 3717 oves

254 3760 453 3824 habeo,
490 3776 609 3828 qua:
639 3774 742 3812 non
782 3765 911 3812 sunt
943 3773 1011 3811 ex
1042 3758 1145 3811 hoc
1186 3756 1337 3819 ovili,
1375 3764 1430 3809 et
1478 3754 1598 3808 illas
1640 3762 1858 3824 Oportet

256 3868 348 3908 me
368 3867 727 3922 congregare,
752 3860 804 3906 et
834 3851 921 3904 lict
949 3865 1088 3904 unus
1110 3864 1263 3921 gres,
1288 3858 1341 3902 et
1366 3863 1505 3901 unus
1530 3857 1716 3918 pastor
1735 3847 1799 3901 ".
1831 3866 1850 3898 ι

257 3946 551 4001 Mandabat
589 3954 769 3997 autem
796 3943 967 3998 etiam
997 3942 1155 3995 beato
1183 3940 1343 3995 Petro
1372 3955 1383 3989 :
1420 3958 1439 3992 ι
1475 3940 1663 3993 Simon
1692 3939 1858 3994 JOan-

257 4039 382 4103 nis,
434 4051 585 4091 amas
638 4036 761 4090 me?
817 4034 987 4090 Pasce
1037 4047 1204 4104 agnos
1264 4049 1415 4089 meos
1448 4068 1466 4097 ,
1506 4048 1673 4103 pasce
1728 4048 1859 4089 oves

257 4144 408 4185 meas
439 4129 504 4183 “.
546 4148 566 4180 ι

906 4241 1063 4296 CAP.
1109 4238 1198 4295 IV.

324 4358 500 4424 Quam
536 4357 597 4410 ob
624 4372 840 4411 causam
873 4353 969 4409 Dei
1012 4352 1233 4409 Verbum
1274 4354 1470 4407 dictum
1511 4354 1578 4407 sit
1611 4355 1784 4410 homo.

330 4471 503 4524 Homo
538 4468 875 4523 nominatum
913 4478 1018 4532 est,

258 4578 383 4616 cum
414 4563 485 4615 sit
522 4571 711 4615 natura
745 4561 904 4623 Deus,
930 4560 1021 4614 Dei

260 4652 440 4707 Patris
463 4651 697 4705 Verbum
727 4668 740 4704 :
765 4653 1020 4719 quoniam

258 4748 512 4802 similiter
583 4762 647 4800 ac
707 4762 806 4801 nos
896 4762 1023 4799 san-

258 4840 408 4909 guini
485 4838 905 4892 communicavit
967 4846 1023 4891 et

258 4931 412 4986 carni
479 4930 544 4982 ¹⁹.
604 4929 694 4983 Sic
733 4931 877 4984 enim
916 4938 1021 4983 ter-

260 5016 408 5079 renis
429 5024 700 5091 apparuit,
726 5038 831 5077 non
865 5023 1024 5076 amit-

264 5127 383 5171 tens
440 5118 491 5170 id
534 5118 678 5185 quod
728 5125 881 5181 erat,
929 5116 1023 5170 sed

260 5224 549 5263 assumens
666 5208 1025 5264 humanitatis

264 5312 514 5355 naturam
578 5301 630 5355 in
664 5316 759 5356 sua
815 5302 1026 5358 ratione

263 5396 583 5463 perlectam.

1170 4465 1492 4537 Ἀνθρωπος
1521 4466 1859 4537 ὠνόμασται,

1102 4831 1212 4894 κὼς
1244 4833 1498 4903 αἵματος,
1536 4837 1628 4887 καὶ
1660 4836 1863 4901 σαρκὸς

1105 4926 1503 4997 παραπλησίως
1519 4930 1672 4998 ἡμῖν.
1686 4930 1863 5002 Ὠφθη

1099 5020 1209 5090 γὰρ
1262 5019 1406 5073 οὕτω
1449 5026 1561 5087 τοῖς
1609 5025 1701 5077 ἐπὶ
1736 5024 1860 5094 γῆς,

1098 5115 1191 5166 καὶ
1249 5115 1309 5167 οὐ
1358 5115 1542 5185 μεθεὶς
1586 5117 1725 5186 ὅπερ
1772 5113 1863 5187 ἦν,

1098 5206 1213 5260 ἀλλ’
1248 5208 1306 5259 ὲν
1353 5208 1657 5281 προσλήψει
1702 5227 1864 5278 γεγοο

1098 5299 1204 5363 νὼς
1250 5300 1349 5371 τῆς
1402 5301 1523 5353 καθ’
1565 5306 1713 5373 ἡμᾶς
1770 5307 1865 5359 ἀν-

1102 5507 1203 5560 σης
1229 5492 1371 5544 κατὰ
1402 5492 1493 5545 τὸν
1525 5494 1655 5547 ἴδιον
1682 5494 1861 5563 λόγον.

339 5575 731 5633 Verumtamen
779 5590 834 5635 et
882 5582 931 5635 in
985 5582 1323 5639 humanitate
1366 5585 1504 5641 Deus
1544 5592 1765 5653 mansit,
1809 5601 1865 5644 et

336 5759 377 5787 ¹³
414 5757 555 5811 l’sal.
585 5774 727 5825 sux,
756 5759 808 5811 5.
920 5762 959 5791 "‘
999 5762 1184 5815 Matth.
1218 5780 1251 5819 ι,
1281 5764 1371 5816 ﬁl.

266 5829 306 5859 "
347 5829 509 5882 Ileltr.
540 5844 597 5891 tt,
632 5831 711 5882 li.
793 5833 835 5861 ²⁰
872 5830 885 5882 Ι
920 5834 1040 5884 (lor.
1077 5850 1161 5895 av,
1206 5834 1280 5885 i5.

1363 5838 1400 5865 ¹¹
1438 5836 1593 5893 Juutt.
1627 5855 1701 5902 ιιι,
1735 5840 1819 5893 51.

650 5902 699 5953 5.
776 5903 820 5931 ¹⁶
852 5904 866 5953 l
901 5904 1023 5958 Cut.
1060 5904 1240 5972 \ttt,3i,
1276 5907 1326 5959 l5.

269 5899 307 5929 ”
341 5900 441 5953 lsa.
476 5916 617 5965 λιιν,
649 5902 699 5953 5.

1097 4554 1276 4607 καίτοι
1321 4555 1464 4608 κατὰ
1489 4556 1651 4624 φύσιν
1688 4558 1865 4628 ὑπάρ-

1098 4666 1206 4718 χων
1231 4648 1389 4713 Θεὸς,
1417 4651 1444 4701 ὁ
1484 4652 1549 4702 ὲκ
1585 4650 1721 4704 Θεοῦ
1755 4653 1865 4705 Πα-

1095 4740 1225 4809 me;
1257 4740 1450 4809 Λόγος,
1489 4742 1565 4806 ὡς
1606 4760 1867 4815 μετεσχη-

1102 5395 1129 5447 Θ
1142 5396 1700 5465 ρωπότητος,τε).είως
1717 5399 1843 5468 ὲχού
1855 5427 1869 5437 ο

1483 5767 1521 5796 ’³
1562 5765 1701 5821 Psal.
1735 5784 1875 5822 χειν.
1905 5771 1955 5821 ii.

1920 5843 1961 5871 ’²
1996 5840 2151 5899 Joan.
2190 5861 2304 5907 \lll,
2331 5847 2421 5900 “Z5.

1946 2050 2091 2105 enim
2118 2048 2277 2117 plane
2300 2047 2538 2102 dicentis
2567 2063 2582 2099 :
2617 2064 2635 2097 ι
2669 2044 2738 2097 Et
2762 2058 2925 2098 nemo
2958 2040 3213 2097 ascendit
3241 2038 3295 2103 in
3326 2035 3553 2099 caelum,

1948 2141 2054 2197 nisi
2093 2141 2184 2211 qui
2224 2140 2506 2195 descendit
2547 2137 2614 2192 de
2646 2136 2790 2192 cado
2820 2133 2991 2189 Filius
3026 2130 3264 2185 hominis
3288 2130 3357 2182 ".
3392 2147 3410 2179 ι
3449 2126 3555 2180 De-

1948 2232 2232 2289 scendisse
2279 2240 2463 2285 autem
2500 2227 2737 2285 dicimus
2763 2228 2830 2280 de.
2881 2224 3022 2279 caelo
3062 2222 3259 2275 Filium
3292 2219 3554 2283 hominis,

1950 2339 2047 2394 per
2076 2324 2338 2379 unitatem
2374 2320 2860 2392 dispensatoriam,
2905 2316 3085 2371 Verbo
3127 2314 3403 2368 tribuente
3430 2325 3555 2381 pro-

1949 2420 2081 2489 priae
2115 2416 2268 2473 carni
2311 2415 2500 2487 gloriae
2524 2428 2638 2470 sua
2678 2422 2735 2468 et
2767 2412 2963 2466 divine:
3004 2405 3309 2479 maiestatis
3334 2401 3559 2459 claritu-

1952 2513 2157 2568 dinem.

2623 2619 2777 2677 CAP.
2817 2617 2885 2674 ν.

1954 2739 2127 2808 Quam
2170 2736 2234 2794 ob
2272 2752 2492 2792 causam
2545 2736 2880 2791 exinanitum
2926 2734 3126 2788 dicitur
3158 2731 3255 2789 Dei
3307 2730 3559 2788 Verbum.

2024 2853 2250 2911 Plenum
2298 2856 2597 2912 secundum
2652 2863 2946 2919 naturam,
2999 2860 3054 2907 et
3101 2866 3169 2907 ex
3208 2850 3355 2906 omni
3403 2857 3562 2919 parte

1951 2946 2257 3019 perfectum
2305 2944 2476 3002 Deum
2530 2946 2793 3010 Verbum,
2839 2956 2893 2999 et
2945 2944 3278 2998 distribuens
3336 2955 3406 2996 ex
3460 2955 3558 2995 sua

1951 3036 2293 3109 plenitudine
2328 3034 2470 3090 bona
2514 3052 2612 3091 sua
2654 3046 2948 3101 creaturae,
2990 3049 3057 3090 eo
3083 3033 3228 3103 quod
3260 3032 3337 3086 ait
3366 3048 3381 3085 :
3413 3048 3432 3083 ι
3465 3029 3563 3084 Ei-

1953 3129 2176 3184 fundam
2222 3115 2529 3197 de'Spiritu
2577 3142 2700 3182 meo
2725 3142 2891 3199 super
2928 3141 3150 3183 omnem
3185 3138 3408 3180 carnem
3435 3124 3500 3177 ’³.
3540 3142 3559 3175 ι

1957 3222 2308 3277 Esiuanitum
2343 3221 2618 3286 dicimus;
2654 3220 2791 3275 nihil
2824 3223 2878 3275 in
2913 3230 3106 3275 natura
3145 3218 3366 3290 propria
3394 3218 3567 3272 viola-

1960 3324 2098 3379 tum,
2140 3328 2265 3379 nec,
2298 3322 2358 3367 ut
2398 3313 2559 3368 aliter
2606 3329 2666 3369 se
2713 3313 2962 3379 haberet,
2993 3322 3414 3376 commutatum,
3464 3327 3568 3367 nec

1961 3403 2191 3459 interius
2223 3419 2290 3458 ex
2321 3404 2427 3458 ulla
2453 3413 2608 3474 parte
2627 3403 2833 3458 factum
2860 3403 3315 3459 :inconvertibile
3341 3403 3489 3459 enim
3512 3413 3571 3457 et

1961 3492 2301 3549 immutabile
2340 3502 2425 3550 est
2469 3496 2646 3564 ipsum
2682 3509 2934 3566 quoque,
2983 3494 3129 3549 sicut
3170 3504 3227 3548 et
3278 3502 3571 3563 generator

1961 3588 2159 3655 ipsius,
2212 3594 2267 3642 et
2344 3600 2619 3655 nunquam
2674 3584 2775 3641 fuit
2832 3584 3106 3656 passionis
3157 3586 3321 3639 ullius
3374 3600 3569 3656 capax.

1962 3679 2192 3745 Quando
2223 3691 2353 3733 vero
2386 3677 2594 3733 factum
2627 3677 2729 3732 fuit
2754 3693 2907 3745 caro,
2944 3678 2995 3732 id
3026 3687 3111 3733 est
3159 3677 3347 3741 homo,
3382 3679 3572 3731 huma-

1964 3772 2156 3826 nitatis
2193 3780 2571 3839 paupertatem
2621 3771 2899 3839 propriam
2956 3768 3058 3823 sibi
3112 3769 3258 3824 fecit.
3304 3768 3573 3837 Primum,

1964 3866 2107 3937 quod
2139 3864 2309 3918 semel
2348 3865 2513 3918 homo
2539 3863 2613 3918 sit
2643 3862 2843 3927 lactus,
2885 3863 2989 3917 etsi
3025 3862 3353 3917 remanserit
3384 3862 3529 3916 Deus
3558 3884 3571 3918 :

1965 3957 2166 4012 deinde
2193 3957 2337 4027 quod
2371 3957 2511 4011 servi
2544 3957 2777 4011 formam
2815 3955 3118 4025 acceperit,
3145 3952 3237 4022 qui
3274 3954 3573 4008 secundum

1966 4064 2122 4105 suam
2173 4059 2423 4104 naturam
2481 4049 2620 4103 liber
2665 4058 2771 4113 est,
2818 4058 3007 4117 utpote
3051 4047 3248 4103 Filius.
3285 4047 3465 4118 Atque
3498 4047 3574 4100 ita

1967 4154 2089 4193 cum
2122 4138 2195 4193 sit
2238 4141 2351 4207 ipse
2386 4138 2573 4209 gloria:
2599 4137 2884 4202 Dominus,
2914 4138 3143 4209 gloriam
3188 4139 3389 4193 dicitur
3421 4140 3575 4194 acci—

1968 4244 2136 4299 pere;
2174 4247 2295 4283 cum
2330 4230 2401 4284 sit
2444 4230 2558 4301 ipse
2595 4232 2727 4295 vita,
2762 4230 3023 4284 viviticari
3061 4231 3400 4300 perhibetur,
3438 4241 3493 4285 et
3522 4232 3575 4286 in

1969 4337 2159 4377 omnes
2185 4323 2385 4391 accipit
2412 4332 2761 4392 potestatem,
2787 4338 2909 4377 cum
2942 4324 3010 4377 sit
3037 4326 3150 4393 ipse
3176 4340 3265 4377 rex
3295 4324 3575 4392 omnium;

1970 4431 2205 4484 cumque
2236 4416 2346 4471 Deo
2369 4418 2439 4471 sit
2464 4416 2696 4485 tequalis
2729 4416 2901 4483 Patri,
2931 4417 3190 4471 obediens
3218 4415 3321 4471 fuit
3354 4433 3575 4472 cruceut

1972 4522 2185 4579 passus,
2225 4519 2278 4561 et
2318 4520 2537 4562 caatera.
2568 4507 2771 4562 Verum
2806 4524 2931 4562 cum
2979 4510 3094 4563 hare
3128 4508 3345 4578 quidem
3379 4508 3576 4561 huma-

1975 4600 2160 4655 nitatis
2200 4616 2473 4655 mensura:
2528 4603 2860 4655 conveniant
2888 4640 2901 4664 ,
2939 4618 3001 4655 ea
3056 4611 3236 4655 tamen
3281 4598 3575 4655 latitiliaria

1898 4664 1941 4720 θ
1973 4692 2124 4747 ducit
2174 4710 2295 4748 esse
2342 4709 2464 4747 cum
2521 4709 2715 4758 carne,
2757 4703 2812 4748 et
2848 4694 3036 4763 implet
3083 4695 3574 4765 dispensationem,

1975 4803 2202 4841 manens
2230 4787 2372 4857 quod
2405 4794 2544 4841 erat.

2627 4900 2780 4957 CAP.
2828 4901 2919 4957 Vl.

2335 4996 2614 5079 Quomodo
2650 5032 2787 5069 unus
2827 5027 2902 5069 est
2941 5014 3208 5069 Christus.

2045 5124 2273 5182 Divimts
2311 5125 2515 5181 Paulus
2556 5129 2749 5183 scribit
2782 5147 2793 5182 :
2838 5147 2854 5179 ι
2901 5129 3015 5183 Etsi
3056 5138 3182 5184 sunt
3220 5131 3295 5184 dii
3332 5130 3483 5186 multi
3521 5142 3576 5186 et

1973 5221 2177 5273 domini
2218 5221 2369 5274 multi
2420 5221 2473 5275 in
2507 5223 2668 5288 caelo,
2700 5234 2753 5275 et
2788 5222 2841 5275 in
2876 5235 3057 5289 terra;
3106 5224 3198 5278 sed
3246 5224 3403 5278 nobis
3435 5241 3577 5279 unus

1971 5314 2113 5368 Deus
2146 5314 2327 5373 Pater.
2374 5330 2441 5370 ex
2474 5332 2581 5383 quo
2622 5317 2827 5378 omnia,
2867 5326 2920 5369 et
2971 5331 3067 5370 nos
3097 5332 3162 5369 ex
3212 5332 3311 5379 eo;
3342 5327 3396 5371 et
3435 5334 3577 5371 unus

1970 5406 2236 5459 Dominus
2278 5405 2439 5461 Jesus
2476 5407 2755 5472 Christus,
2805 5424 2901 5476 per
2936 5425 3095 5477 quem
3135 5411 3344 5472 omnia,
3380 5420 3433 5461 et
3478 5424 3577 5465 nos

1964 5514 2061 5567 per
2082 5514 2206 5553 eum
2231 5501 2296 5553 ".
2334 5520 2350 5551 ι
2382 5501 2451 5553 At
2474 5516 2605 5556 vero
2630 5502 3070 5567 sapientissitmts
3096 5500 3337 5557 Joannes
3362 5505 3428 5556 de
3464 5502 3575 5557 Deo

1968 5592 2143 5648 Verbo
2170 5594 2326 5660 dixit,
2365 5597 2505 5665 quod
2547 5615 2564 5645 ι
2600 5595 2780 5647 omnia
2811 5610 2906 5663 per
2937 5595 3112 5664 ipsum
3152 5596 3290 5651 facta
3332 5607 3481 5660 sunt,
3515 5606 3572 5652 et

2082 5772 2121 5802 ¹⁶
2157 5772 2311 5828 λςιςιιι.
2343 5793 2393 5829 κ.
2419 5774 2507 5829 ‘27.

2618 5777 2658 5804 "
2702 5775 2832 5829 Ibid.
2871 5774 2951 5828 Ili.

2537 5849 2577 5877 ³³
2609 5846 2765 5904 Juan.
2798 5864 2905 5913 MV,
2942 5848 3022 5900 l6.

3068 5774 3111 5805 "'
3146 5772 3305 5828 Joan.
3335 5790 3449 5839 ut,
3482 5773 3566 5827 i7.

3104 5848 3145 5876 ’λ’
3178 5845 3335 5903 .Ιυ.ιιι.
3365 5862 3450 5912 ιιι,
3482 5845 3571 5903 IIS.
