3926 6490
424 453 564 505 ib‘lb
1450 448 1509 506 S.
1549 447 1822 507 CYRILLI
1862 446 2336 504 ALEXANDRINI
2377 446 2693 505 ARCHIEP.
3616 435 3727 491 “75

419 566 624 631 absque
663 579 731 620 eo
772 562 976 619 factum
1007 572 1093 620 est
1123 564 1257 621 nihil
1286 565 1354 619 ιτ.
1386 583 1406 618 ι
1443 564 1867 637 Evangelizabat
1905 584 2004 623 au-
2030 572 2079 630 Α
2742 561 2902 620 CAP.
2938 560 3053 619 VII.

418 664 530 710 tem
570 655 760 710 beatus
792 655 1016 712 Gabriel
1056 664 1260 713 nocte
1295 656 1501 731 Virgini
1543 659 1775 715 dicens:
1813 679 1832 712 ι
1858 661 2001 716 Ecce
2426 658 2702 726 Quomodo
2747 672 2884 711 unus
2918 664 2995 710 est
3038 651 3417 708 Emmanuel.

417 748 694 815 concipies
728 748 781 801 in
810 756 989 813 utero,
1022 757 1076 805 et
1107 750 1289 819 paries
1316 750 1538 818 Filium,
1569 760 1625 806 et
1656 752 1879 808 vocabis
1906 768 2001 809 no—
2162 749 2483 807 Novissimis
2531 748 2747 806 seculis
2804 746 2947 803 Dens
2998 744 3247 801 Verbum
3314 744 3505 799 homo
3552 739 3730 797 dicitur

418 852 541 893 men
578 840 697 908 ejus
737 836 920 893 Jesum
943 839 1011 893 “.
1041 859 1060 892 ι
1090 838 1225 895 Cum
1272 840 1434 912 igitur
1468 857 1565 913 per
1594 841 1872 900 Christum
1911 842 2001 900 ιο·
2100 840 2305 907 iactus,
2355 848 2430 909 et,
2479 841 2623 897 sicut
2666 840 2742 895 ait
2777 836 2998 894 divinus
3038 836 3279 899 Paulus,
3318 852 3354 887 τ
3390 850 3505 906 per
3541 832 3732 889 sacris.

418 947 536 985 sum
564 931 745 986 omnia
777 931 997 988 divinus
1024 931 1226 988 Paulus
1253 931 1395 990 facta
1412 948 1535 991 esse
1566 943 1995 1004 commemoret;
2101 934 2244 991 cium
2294 947 2451 988 suum
2488 931 2871 987 maniiestatus
2915 926 3090 982 est“.
3125 944 3144 977 ι
3186 926 3263 981 Et
3318 927 3626 995 quodnam
3667 930 3735 976 est

419 1021 707 1077 conﬁrmet
733 1032 913 1078 autem
942 1024 1047 1077 vim
1075 1024 1381 1089 sententias,
1408 1032 1465 1080 et
1483 1024 1733 1096 opiﬁcem
1753 1025 1998 1081 omnium
2100 1021 2484 1079 sacriﬁcium?
2516 1041 2535 1075 ι
2570 1020 2742 1076 Suum
2773 1019 2918 1075 enim
2942 1016 3415 1107 corpu’btulit
3457 1031 3568 1086 pro
3600 1012 3735 1107 nebit

418 1113 589 1169 fuisse
628 1114 797 1169 Deum
825 1114 1185 1185 evangelizet,
1221 1130 1339 1171 rem
1371 1130 1556 1171 veram
1602 1116 1794 1174 dicens
1823 1132 1994 1173 evan-
2102 1110 2158 1167 in
2191 1114 2415 1169 odorem
2459 1110 2752 1166 suavitatis
2796 1107 2908 1163 Deo
2956 1115 3011 1163 et
3050 1102 3229 1171 Pairi,
3286 1114 3357 1160 et
3398 1104 3648 1159 intravit
3694 1102 3737 1155 ia

416 1205 610 1275 gelista
657 1206 907 1273 divinus;
941 1207 1187 1279 designet
1216 1216 1398 1264 autem
1444 1209 1608 1265 etiam
1658 1209 1836 1278 angeli
1868 1224 1993 1276 vos,
2102 1211 2289 1261 sancta
2341 1200 2533 1269 semel,
2582 1216 2690 1256 non
2740 1214 2839 1272 per
2886 1200 3210 1270 sanguinem
3265 1196 3619 1261 hircorum,
3662 1205 3740 1248 aut

415 1310 547 1351 vere
568 1312 634 1352 ex
660 1306 847 1353 sancta
876 1294 1095 1367 Virgine
1120 1307 1306 1352 natum
1337 1312 1458 1354 esse
1488 1298 1671 1354 Jesum
1695 1300 1996 1365 Christum,
2102 1305 2403 1362 taurorum,
2435 1295 2532 1351 sed
2567 1308 2664 1364 per
2693 1307 2855 1348 suum
2896 1291 3249 1362 sanguinem.
3285 1289 3405 1345 Sic
3437 1286 3600 1343 enim
3630 1299 3738 1339 cre-

418 1400 521 1440 nec
556 1386 763 1456 absque
790 1386 1132 1443 humanitate
1158 1386 1511 1460 intelligimus
1534 1388 1701 1445 Deum
1723 1389 1997 1458 Verbum;
2103 1386 2355 1444 dentibus
2390 1387 2442 1442 in
2487 1400 2547 1442 se
2592 1384 2969 1442 remissionem
3012 1387 3065 1439 in
3110 1392 3416 1438 aeternum
3463 1392 3743 1447 compara-

415 1478 510 1533 sed
546 1493 714 1533 unum
746 1479 975 1535 dicimus
1003 1495 1071 1536 ex
1111 1481 1377 1538 ambobus
1420 1480 1697 1549 effectum,
1745 1491 1801 1538 et
1830 1483 1996 1539 Deum
2038 1551 2042 1556 ,
2105 1477 2272 1533 Vit".
2309 1495 2329 1529 ι
2381 1477 2529 1548 Ergo
2572 1475 2793 1547 plurimi
2831 1476 3050 1547 quidem
3107 1484 3239 1530 ante
3298 1474 3517 1545 ipsum
3569 1471 3740 1526 saucii

416 1571 691 1627 hominem
737 1571 962 1639 factum.
1008 1573 1259 1636 eumdem
1294 1589 1361 1629 es
1410 1572 1593 1641 Patre,
1638 1584 1697 1630 ut
1738 1574 1997 1643 Verbum,
2101 1571 2291 1637 luere;
2340 1571 2435 1625 sed
2474 1582 2636 1625 nemo
2663 1581 2851 1623 eorum
2882 1566 3204 1622 Emmanuel
3253 1564 3617 1621 nominatus
3644 1571 3737 1616 est.

416 1671 608 1716 natum
639 1662 847 1729 divine,
876 1672 932 1718 et
951 1677 1019 1719 ex
1048 1662 1278 1719 muliere
1304 1664 1565 1731 humane,
1592 1673 1650 1720 ut
1670 1666 1949 1722 hominem
1980 1686 1994 1723 :
2101 1662 2275 1731 Quam
2321 1662 2392 1717 ob
2437 1659 2707 1718 causam?
2743 1657 2994 1715 Nondum
3038 1659 3183 1715 enim
3217 1666 3483 1714 venerat
3536 1666 3742 1725 lempus

417 1766 523 1807 non
570 1761 825 1822 tanquam
871 1762 930 1809 ut
963 1753 1261 1810 secundum
1288 1755 1614 1811 substantia:
1650 1756 1863 1811 initium
1898 1771 1995 1812 vo-
2099 1768 2208 1823 quo
2236 1754 2457 1809 deberet
2487 1766 2613 1807 esse
2653 1750 2961 1817 nobiscum,
3010 1750 3063 1806 id
3090 1760 3194 1815 est,
3230 1750 3289 1804 in
3337 1758 3623 1806 nostram
3657 1761 3741 1801 ve-

416 1853 602 1897 catum
635 1853 762 1899 tunc
796 1859 920 1899 cum
966 1848 1261 1901 secundum
1299 1860 1520 1901 carnem
1561 1846 1760 1903 dicitur
1795 1858 1989 1915 natus;
2100 1845 2220 1901 nire
2247 1856 2501 1901 naturam
2530 1858 2629 1914 per
2660 1858 2913 1909 carnem,
2943 1843 2990 1899 is
3026 1842 3119 1912 qui
3146 1850 3234 1897 est
3267 1842 3443 1896 enini
3480 1840 3741 1910 superior

417 1933 513 1988 sed
546 1943 730 1989 natum
763 1935 980 2005 quidem
1016 1945 1144 1992 ante
1165 1937 1350 1993 omnia
1380 1938 1601 2004 saecula,
1644 1940 1882 1995 instante
1913 1948 1999 1995 ta-
2030 1922 2073 1979 Β
2103 1945 2376 1992 creatura.
2428 1933 2580 1991 Unus
2612 1932 2777 2005 igitur
2820 1932 3165 1999 Emmanuel,
3212 1932 3403 1988 semel
3455 1932 3620 1989 enim
3670 1929 3741 1984 fa.

415 2038 538 2079 men
584 2032 854 2095 tempore,
897 2041 1006 2097 quo
1048 2026 1313 2083 debuerat
1360 2029 1589 2100 implere
1636 2031 2000 2100 dispensatio—
2104 2034 2225 2081 ctus
2256 2036 2342 2082 est
2385 2026 2547 2082 homo
2596 2023 2945 2098 Unigenitns,
2989 2034 3119 2080 tunc
3148 2039 3273 2081 cum
3305 2040 3429 2095 per
3482 2033 3737 2080 sancta

416 2129 564 2180 nem,
598 2124 784 2171 natum
832 2117 999 2172 etiam
1036 2131 1103 2173 ex
1145 2118 1376 2175 muliere
1410 2120 1709 2176 secundum
1753 2138 1997 2180 carnem.
2104 2116 2387 2187 Virginem
2447 2117 2857 2188 generationem
2911 2116 3189 2172 carnalem
3254 2132 3591 2188 perpessus
3639 2126 3733 2171 est.

418 2202 609 2277 [Ergo,
632 2205 737 2260 etsi
773 2206 864 2261 alii
896 2206 1060 2261 simili
1094 2208 1458 2279 appellatione
1502 2212 1676 2265 vocati
1706 2222 1832 2267 sunt
1860 2214 2004 2269 chri-
2104 2208 2322 2265 Dictum
2349 2218 2433 2265 eat
2462 2208 2610 2264 enim
2647 2218 2703 2264 et
2750 2209 2817 2263 ad
2849 2207 3033 2264 Jesum
3065 2208 3235 2264 illium
3263 2208 3433 2273 Nave
3467 2227 3483 2263 :
3526 2228 3547 2260 ι
3585 2206 3735 2274 Quod

414 2296 509 2360 sti,
539 2310 678 2350 unus
710 2302 891 2351 tamen
941 2305 1026 2351 est
1064 2311 1163 2368 per
1190 2313 1353 2369 quem
1401 2300 1608 2366 omnia,
1635 2300 1801 2358 Jesus
1831 2303 1997 2359 Chri-
2102 2314 2200 2356 ero
2249 2300 2515 2356 tecum".
2553 2317 2572 2351 ι
2608 2299 2679 2353 At
2720 2314 2825 2354 non
2870 2311 2994 2355 erat
3042 2299 3133 2356 ille
3182 2299 3563 2356 Emmanuel.
3616 2297 3735 2353 Fuit

411 2394 569 2452 stus;
619 2401 725 2441 non
759 2387 903 2456 quod
945 2390 1111 2444 homo
1143 2389 1217 2444 sit
1265 2389 1441 2446 lactus
1484 2391 1665 2462 epilex
1705 2394 1997 2468 omnium,]
2103 2392 2270 2448 etiam
2302 2407 2427 2447 cum
2459 2390 2683 2465 Moyse;
2715 2393 2811 2447 sed
2842 2408 2944 2449 nec
2981 2391 3070 2449 ille
3100 2392 3439 2447 Emmanuel
3472 2391 3731 2447 numina-

410 2476 505 2532 scd
552 2479 697 2549 quod
731 2477 876 2535 Deus
917 2478 1195 2537 Verbum:
1234 2501 1252 2535 ι
1284 2482 1385 2538 i’er
1419 2500 1578 2555 quem
1626 2488 1808 2543 omnia
1854 2486 1996 2545 facta
2104 2494 2191 2541 tus
2222 2493 2327 2541 est.
2364 2484 2536 2556 Igitur
2569 2484 2787 2555 quoties
2816 2485 3070 2540 audimus
3100 2497 3298 2539 nomen
3344 2482 3508 2537 Filio
3538 2482 3727 2537 datum

410 2578 561 2632 sunt,
614 2568 866 2624 similiter
915 2584 980 2625 ac
1031 2584 1132 2626 nos
1179 2572 1524 2644 participarit
1573 2578 1723 2632 carni
1770 2587 1826 2632 et
1873 2594 1999 2634 san-
2104 2592 2248 2647 esse,
2307 2597 2326 2631 ι
2360 2578 2647 2633 nobiscum
2697 2577 2863 2643 Deus,
2895 2595 2915 2629 ι
2970 2576 3251 2647 sapienter
3301 2576 3723 2645 intelligamus.

411 2659 560 2730 guini
583 2662 650 2726 ",
685 2678 703 2711 ι
735 2671 790 2717 et
818 2673 1159 2732 nuncupatus
1185 2666 1259 2721 sit
1292 2668 1477 2733 homo,
1522 2685 1626 2724 non
1661 2680 1842 2726 tamen
1874 2687 2000 2742 per-
2104 2683 2211 2725 non
2254 2668 2328 2724 ita
2369 2669 2543 2739 ipsum
2574 2668 2746 2725 fuisse
2774 2668 3060 2724 nobiscum
3094 2667 3419 2723 novissimis
3452 2664 3729 2735 tempori-

411 2748 613 2804 diderit
638 2764 782 2816 esse,
816 2753 958 2820 quod
985 2763 1105 2808 erat
1137 2771 1150 2807 :
1186 2756 1260 2810 ita
1288 2758 1435 2842 enim
1469 2769 1523 2814 et
1555 2760 1605 2814 in
1635 2774 1802 2817 carne
1826 2760 2001 2818 factus
2104 2761 2230 2829 bus,
2264 2762 2408 2816 sicut
2435 2761 2636 2815 dicitur
2663 2760 2959 2829 aliquando
2981 2759 3151 2815 fuisse
3173 2770 3295 2815 eum
3326 2760 3590 2815 sanctis:
3619 2756 3723 2811 illis

416 2840 739 2915 intelligitur
794 2848 993 2904 merito
1024 2848 1206 2920 opifex
1235 2840 1500 2907 omnium.
2104 2851 2249 2906 enim
2300 2862 2419 2907 erat
2465 2859 2676 2905 tantum
2720 2851 2973 2922 adjutor;
3018 2850 3300 2907 nobiscum
3352 2862 3556 2905 autem
3601 2847 3718 2909 fuit,

2105 2941 2161 2998 id
2186 2952 2291 3009 cst,
2320 2942 2497 2999 lactus
2516 2950 2603 2998 est
2632 2940 2832 2998 similis
2862 2942 3060 3009 nostri,
3094 2957 3216 2998 cum
3241 2958 3401 2999 suam
3438 2958 3555 2995 non
3584 2937 3716 2992 ami-

2106 3035 2268 3092 sisset
2306 3044 2554 3091 naturam
2583 3047 2599 3087 :
2628 3045 2712 3090 est
2746 3036 2891 3090 enim
2938 3034 3399 3102 inconvertibilis,
3448 3044 3516 3090 ut
3551 3033 3713 3088 Deus.

933 3182 1097 3254 733
1127 3182 1280 3238 CAP.
1325 3183 1463 3240 vnt.

2710 3170 2964 3223 ΚΕΦΔΛ.
3006 3170 3088 3226 H'.

693 3295 868 3363 Quom
903 3313 1016 3352 esse
1054 3299 1279 3353 dicimus
1310 3298 1710 3354 odunatiouem.
2025 3268 2069 3327 ο

2025 3268 2069 3327 c
2264 3283 2423 3349 Τίνα,
2458 3284 2636 3353 φησι,
2658 3284 2917 3357 λέγομεν
2944 3281 3100 3340 εἶναι
3131 3284 3247 3354 τὴν
3280 3286 3534 3340 ἕνωσιν.

488 3430 566 3499 (l)
602 3430 873 3486 Adunatio
897 3432 1080 3487 multis
1098 3432 1273 3489 modis
1293 3432 1547 3503 impletur
1570 3433 1831 3503 :sejuncti
1853 3432 1997 3487 enim

2172 3420 2247 3475 Τὸ
2281 3420 2382 3491 τῆς
2428 3420 2677 3485 ἕνώσεως
2706 3421 2899 3493 χρῆμα
2932 3422 3077 3477 κατά
3106 3421 3337 3486 πολλοὺς
3368 3420 3705 3476 ἐπιτελεῖται

414 3522 659 3578 nonnulli
692 3523 889 3578 adectu
930 3524 1015 3580 vel
1044 3524 1342 3589 voluntate,
1368 3535 1425 3580 et
1457 3526 1832 3581 discordantes
1859 3526 1964 3580 inte

2149 3509 2365 3580 ρόπονςο
2412 3509 2733 3585 διῃρημένοι
2776 3512 2888 3584 γάρ
2929 3529 3078 3577 τινες
3118 3512 3261 3566 κατὰ
3306 3512 3547 3568 διάθεσιν
3614 3512 3699 3565 καὶ

413 3629 495 3677 se.
535 3615 763 3670 adunari
809 3615 1088 3683 dicuntur,
1128 3631 1229 3686 per
1282 3617 1780 3673 reconciliationem
1823 3618 1963 3674 socia

2148 3601 2351 3674 νὼμην,
2386 3603 2483 3657 καὶ
2514 3602 2879 3674 διχονοοῦντες
2934 3605 3072 3676 πρὸς
3106 3605 3407 3676 ἀλλήλους,
3449 3603 3698 3659 ὲνοῦσθαι

412 3705 550 3771 lem,
584 3708 829 3776 deposita
865 3708 1164 3763 simultate.
1216 3708 1458 3763 Adnnari
1498 3709 1625 3765 item
1673 3710 1906 3765 dicimus
1934 3726 1962 3763 e

2146 3695 2350 3763 ἐγονται
2379 3694 2523 3749 κατὰ
2551 3694 2828 3766 σύμϐασιν
2847 3695 3093 3767 φιλικὴν,
3126 3696 3190 3749 ὲκ
3219 3696 3392 3767 μέσον
3418 3695 3696 3755 ποιοῦντες

413 3810 537 3866 qua:
568 3796 673 3851 sibi
710 3796 1176 3867 conglutinantur,
1203 3797 1321 3853 sive
1348 3796 1525 3853 modis
1556 3798 1678 3854 aliis
1705 3798 1963 3855 conlerun

2144 3787 2201 3851 ας
2237 3786 2536 3859 διαφοράς⁹
2583 3785 2838 3840 ὲνοῢσθαι
2888 3786 2948 3841 δέ
2991 3804 3173 3858 φαμεν
3205 3790 3302 3842 καὶ
3346 3788 3417 3842 τά
3446 3787 3694 3858 ἀλλήλοις

416 3897 528 3952 tur,
556 3896 650 3941 aut
680 3902 777 3957 per
798 3889 1277 3959 compositionem,
1303 3898 1395 3944 aut
1420 3902 1515 3959 per
1544 3890 1875 3958 mistionem,
1905 3906 1966 3946 au

2142 3879 2442 3951 ολλώμενα,
2474 3879 2645 3951 ἧγουν
2712 3877 3093 3950 σννηνεγμὲνα
3144 3878 3266 3934 καθ’
3321 3879 3545 3951 ἑτέρους
3577 3876 3692 3947 τρό·

414 3995 514 4049 per
545 3980 1011 4050 temperationem.
1041 3979 1272 4049 aQuoties
1311 3991 1492 4036 autem
1537 3981 1836 4037 adunatum
1875 3996 1964 4038 ess

2142 3987 2261 4035 ρους,
2304 3968 2340 4041 ἢ
2388 3967 2531 4023 κατὰ
2567 3965 2893 4039 παράθεσιν,
2926 3967 2961 4037 ἢ
3002 3965 3237 4039 μίξιν.ἢ
3284 3968 3486 4039 κρᾶσιν
3512 3984 3525 3998 ·
3570 3966 3692 4019 ὅταν

414 4081 615 4128 nostrae
644 4082 850 4127 natura:
883 4070 977 4128 Dei
1009 4072 1247 4129 Verbum
1280 4072 1531 4138 dicimus,
1560 4074 1711 4129 omni
1752 4074 1957 4130 human

2141 4056 2199 4115 ὗν
2228 4058 2483 4114 ἑνοῦσθαι
2521 4057 2757 4129 λέγομεν
2788 4060 2856 4129 τῇ
2900 4056 3023 4111 καθ’
3070 4059 3220 4130 ἡμᾶς
3268 4058 3433 4127 φύσει
3475 4057 3567 4112 τὸν
3601 4051 3691 4110 τοῦ

413 4163 741 4235 cogitatione
762 4165 1109 4221 adunationis
1136 4162 1254 4234 ejus
1287 4164 1479 4221 modus
1504 4164 1725 4221 videtur
1745 4179 1871 4222 esse
1900 4182 1963 4221 su

2137 4150 2241 4205 ieci}
2265 4151 2461 4221 Λόγον,
2490 4148 2759 4221 κρείττων
2783 4148 2983 4220 ὁρᾶται
3011 4148 3115 4219 τῆς
3133 4148 3427 4220 ἀνθρώπου
3457 4148 3687 4209 διανοίας

412 4257 617 4325 perior.
653 4255 840 4327 Neque
871 4257 1016 4313 enim
1051 4272 1147 4328 per
1172 4272 1336 4327 supra
1364 4256 1605 4327 scriptos
1640 4257 1832 4315 modos
1855 4257 1962 4314 iact

2150 4244 2251 4315 τῆς
2274 4241 2520 4306 ἔνῶσεως
2543 4240 2741 4312 τρόπος
2766 4255 2779 4269 ⁸
2808 4240 2871 4293 οὐ
2900 4241 3010 4313 γάρ
3035 4258 3118 4295 τοι
3139 4242 3262 4296 καθ’
3289 4242 3387 4296 ἕνα
3413 4241 3526 4296 τῶν
3554 4244 3688 4312 εἰρη-

413 4352 499 4399 est
540 4358 741 4399 arcana
791 4344 900 4411 illa,
941 4354 997 4400 et
1039 4345 1172 4401 nulli
1209 4344 1427 4415 penitus
1469 4354 1622 4413 nota,
1671 4346 1775 4403 nisi
1821 4350 1871 4402 ei
1908 4362 1963 4403 cu

2135 4334 2282 4390 ιένων
2338 4335 2520 4389 ἐστίν’
2571 4334 2889 4405 ἀπόρρητος
2920 4332 2978 4387 δὲ
3025 4335 3329 4402 παντελῶς,
3375 4336 3473 4391 καὶ
3516 4335 3685 4390 οὐδενὶ

411 4434 595 4491 omnia
625 4444 749 4491 nota
777 4444 927 4503 sunt,
958 4435 1109 4491 unio.

2136 4428 2244 4501 άχα
2271 4428 2381 4483 τῶν
2438 4428 2610 4483 ὅντων
2651 4426 3053 4498 διεγνωσμένος
3072 4468 3088 4494 ,
3120 4428 3260 4501 πλὴν
3300 4430 3382 4483 ὅτι
3416 4428 3563 4501 μόνῳ
3612 4426 3684 4497 τῷ

2102 4520 2281 4576 πάντα
2318 4520 2483 4575 εἰδότι
2508 4518 2649 4591 Θεῷ.

517 4610 588 4667 Et
634 4612 768 4668 nihil
831 4612 1060 4681 mirum,
1098 4612 1143 4669 si
1189 4611 1242 4667 in
1305 4612 1615 4683 huiusmodi
1667 4614 1998 4686 cogitatione
2026 4613 2067 4674 Π

2175 4611 2287 4665 Καὶ
2321 4609 2634 4682 θαυμαστὸν
2682 4612 2869 4677 οὐδὶν,
2907 4614 2958 4666 εί
2995 4610 3105 4664 τῶν
3165 4610 3425 4664 τοιούτοιν
3477 4608 3684 4663 ἐννοιῶν

410 4705 719 4770 vincamur.
766 4719 888 4760 cum
924 4719 1012 4760 res
1045 4716 1287 4772 nostras,
1332 4709 1605 4779 quomodo
1648 4723 1709 4765 se
1738 4709 1960 4764 habeant

2132 4701 2422 4773 ιττώμεθαο
2459 4704 2551 4758 ὅτε
2581 4704 2650 4760 τά
2684 4704 2807 4759 καθ’
2844 4706 2994 4777 ἡμᾶς
3025 4704 3224 4767 αὐτοὺς
3278 4704 3429 4766 ὅπως
3471 4702 3538 4756 ἂν
3579 4701 3682 4773 ἔχοι

412 4795 776 4866 inquirentes,
822 4795 961 4851 ultra
998 4800 1217 4853 modum
1249 4808 1449 4855 nostrae
1495 4799 1692 4854 tuentis
1728 4799 1962 4855 inventio

2136 4795 2544 4867 ιερευνώμενοι,
2574 4800 2672 4867 τῆς
2722 4796 2958 4869 ἐνούσης
2998 4797 3131 4868 ἡμῖν
3162 4794 3401 4857 διανοίας
3434 4794 3683 4847 ἐπέκεινα

411 4903 535 4943 nem
579 4902 699 4944 esse
740 4889 1136 4958 coniiteamur;
1170 4903 1523 4962 quonamque
1568 4891 1727 4946 modo
1754 4891 1961 4947 animar

2130 4888 2203 4959 ὴν
2233 4887 2541 4958 κατάληψιν
2564 4888 2941 4962 ὁμολογοῦμεν
2968 4885 3407 4961 ὑπάρχειν.ἰ’ίνα
3434 4885 3541 4956 γὰρ
3571 4884 3680 4956 τρό-

411 4979 651 5037 hominis
693 4996 792 5037 suo
825 4983 1042 5052 corpori
1078 4984 1370 5039 adunatam
1398 4996 1520 5039 esse
1550 4984 1838 5053 putemus?
1861 4984 1960 5052 Qui

2132 4996 2205 5033 ιον
2237 4979 2483 5051 ἡνῶσθαι
2522 4979 2754 5052 νοοῦμεν
2798 4981 2898 5053 τὴν
2930 4980 3027 5036 τοῦ
3075 4980 3369 5054 ἀνθρώπου
3410 4979 3588 5050 ψυχὴν
3615 4978 3682 5048 τῷ

410 5080 497 5127 est
529 5072 620 5142 qui
653 5070 705 5126 id
729 5072 901 5141 possit
928 5072 1278 5141 exprimere?
1302 5073 1406 5128 Sed
1441 5073 1484 5127 si
1516 5082 1730 5142 oportet
1760 5089 1873 5142 eos,
1899 5090 1960 5145 qn

2130 5071 2223 5143 δίῳ
2248 5074 2498 5145 σώματι;
2534 5072 2629 5137 Τίς
2679 5075 2707 5127 ὸ
2744 5074 2953 5146 φράσαι
2996 5073 3330 5144 δυνάμενοςς
3359 5072 3421 5125 Ei
3458 5070 3513 5124 ὁὶ
3563 5072 3680 5141 χρὴ.

409 5178 575 5235 parva
608 5177 672 5219 ea
722 5164 811 5218 vix
863 5164 1166 5234 intelligere
1216 5165 1459 5231 soleant;
1509 5166 1618 5221 imo
1665 5178 1718 5222 et
1767 5183 1861 5223 eos
1899 5183 1959 5238 qu

2133 5166 2277 5239 ιικρὰ
2312 5167 2409 5220 καὶ
2428 5165 2580 5236 μόλις
2610 5167 2813 5221 ἐννοεῖν
2853 5167 3133 5231 εἰωθότας,
3160 5166 3256 5220 καὶ
3272 5165 3457 5218 λαλεῖν
3486 5164 3683 5234 ἰσχύον·

411 5256 623 5312 valeant
658 5254 981 5326 intelligere,
1029 5266 1137 5311 tam
1169 5257 1396 5314 subtiles
1431 5275 1516 5315 res
1553 5269 1607 5315 ct
1635 5274 1850 5315 omnem
1900 5276 1955 5315 ra

2133 5276 2228 5326 ας,
2262 5258 2372 5313 τῶν
2406 5257 2579 5321 οὕτως
2633 5260 2830 5330 ίσχνῶν
2854 5301 2869 5327 ,
2908 5260 3002 5314 καὶ
3050 5258 3191 5330 ὑπὲρ
3244 5256 3371 5311 νοῦν
3408 5257 3503 5310 καὶ
3536 5254 3683 5322 λόγον

411 5351 615 5404 tionem
663 5348 1116 5407 trausceudentes
1165 5351 1474 5421 conjectare
1514 5374 1526 5409 :
1560 5354 1794 5410 dicimus
1846 5369 1961 5425 ιιιιοι

2132 5352 2445 5423 πραγμάτων
2468 5353 3015 5427 κατα-τεκμήρασθαι,
3043 5351 3249 5421 φαμὲν,
3274 5352 3356 5403 δτι
3390 5349 3587 5420 πρέποι
3618 5346 3682 5399 ἂν

412 5440 602 5497 deceat
635 5441 878 5510 cogitare
908 5442 1183 5513 (quantivis
1230 5446 1409 5516 minor
1441 5447 1510 5501 sit
1537 5446 1714 5502 oratio
1744 5445 1811 5501 ad
1848 5445 1957 5501 veri

2130 5449 2327 5502 ννοεῖνο
2360 5444 2530 5519 μείων
2549 5449 2607 5505 δὲ
2638 5448 2859 5514 πάντως
2884 5447 2985 5517 τῆς
3014 5444 3275 5517 ἀληθείας
3299 5446 3328 5498 ὁ
3356 5445 3510 5514 λόγος
3530 5459 3542 5471 ·
3571 5456 3680 5493 τοι-

481 5672 524 5703 ⁹⁷
556 5670 707 5727 Joan.
758 5688 795 5737 I,
850 5673 905 5727 5.
999 5675 1042 5707 "
1075 5672 1203 5731 an.
1259 5675 1409 5741 t,5l.
1516 5677 1560 5708 "
1596 5677 1755 5733 licbr.
1812 5694 1869 5743 ιι,
1928 5676 2009 5731 Η.
2116 5676 2160 5708 ³ο
2196 5675 2360 5733 Hebr.
2392 5693 2469 5742 Ix,
2503 5677 2586 5733 l2.
2704 5677 2740 5705 "
2778 5675 2911 5733 ibid.
2995 5677 3037 5710 "
3070 5674 3233 5733 Josue
3261 5692 3296 5741 ι,
3326 5692 3382 5731 v.

480 5877 552 5942 (l)
616 5879 912 5939 Antbcrtus
963 5882 1265 5941 versionem
1330 5885 1645 5943 Mercato'is
1704 5886 1994 5944 emendare
2034 5884 2202 5943 voluit
2244 5902 2309 5945 cx
2338 5884 2575 5943 Cnet-0.-
