3926 6452
203 474 347 534 15η

1146 454 1441 514 SCllOLlA
1488 453 1573 508 DE
1615 442 2136 504 INCARNATIONE
2180 437 2563 497 UNIGENITI.

3395 437 3532 495 £578

208 590 387 658 αὐτην
416 582 561 640 εἶναι
592 585 691 655 τὴν
719 584 920 637 ἱνωσιν
956 575 1052 629 τοῦ
1109 569 1485 645 Ἐμμανουὴλ,
1528 566 1833 632 ὁποίανπερ

1950 557 2129 626 ιοιειιι)
2166 554 2328 609 talem
2362 568 2483 608 essu
2528 549 2921 607 adunationem
2972 546 3145 618 ipsius
3178 544 3533 609 Emmanuel,

207 683 285 735 διν
316 652 600 749 λογίσαιτό
633 652 717 737 τις
750 674 846 725 και
869 670 972 740 τὴν
998 668 1123 741 [ισ.
1156 667 1257 734 τῆς
1283 662 1378 717 τοῦ
1408 661 1567 730 ἀνορ.
1597 652 1817 727 ψυχῆς]

209 772 312 827 τοῦ
336 772 634 841 ἀνθρώπου
667 766 846 837 ψυχὴν
877 763 1014 834 πρὸς
1034 761 1097 813 τὸ
1120 760 1255 813 ἴδιον
1289 756 1471 826 σῶμα.
1509 749 1819 806 Οἱκειοῦται

209 865 330 935 γάρ
352 866 389 935 ἡ
413 839 563 933 ψυχὴ
583 859 652 913 τὰ
682 856 776 911 τοῦ
811 856 1086 926 σώματος,
1114 846 1293 903 καίτοι
1325 846 1467 901 κατά
1498 845 1659 914 φύσιν
1686 839 1821 894 ἰδίαν

209 932 489 1027 ἀμέτοχος
514 948 654 1005 οὖσα
692 948 802 1002 τῶν
838 943 1005 1000 αὐτοῦ
1039 940 1233 997 παθῶν
1279 935 1531 1007 φυσικῶν
1576 950 1636 987 τε
1678 932 1819 1001 ἅμα,

210 1024 316 1101 nisi.
348 1046 458 1099 τῶν
486 1042 690 1109 ἔξωθεν
730 1036 1116 1107 ἐπαγομένων.
1149 1032 1401 1086 Κινεῖται
1456 1026 1553 1098 μὲν
1598 1024 1712 1096 γὰρ
1740 1024 1822 1086 εἰς

211 1135 430 1207 ὀρέξεις
459 1132 521 1185 τὸ
557 1130 719 1200 σῶμα
754 1125 1014 1197 φυσικὰς.
1037 1123 1133 1177 καὶ
1157 1118 1580 1175 συναισθάνεται
1610 1113 1699 1168 διά
1722 1112 1821 1183 τὴν

209 1204 414 1279 Ξνωσιν
445 1224 481 1293 ἡ
522 1220 721 1275 ἐνοῦσα
754 1217 932 1289 ψυχή’
966 1212 1334 1285 συμμετίσχει
1370 1208 1430 1263 δὲ
1473 1207 1595 1293 κατ’
1630 1204 1823 1258 οὐδένα

204 1317 420 1389 τρόπον
440 1291 657 1367 ’ϊοτεταὶ
688 1327 751 1379 γε
786 1309 895 1379 μὴν
929 1306 1068 1360 ἰδίαν
1116 1301 1421 1357 ἀπόλαυσιν
1453 1291 1595 1350 εἶναι
1632 1296 1694 1348 τὸ
1722 1294 1823 1363 τῆς

207 1384 449 1480 ὀρέξεως
482 1406 857 1474 ἀποτέλεσμαο
890 1399 994 1453 κᾶν
1024 1399 1073 1450 εἰ
1114 1392 1502 1459 καταξαίνοιτο
1549 1388 1715 1459 τυχὸν
1760 1384 1823 1438 τὸ

212 1478 407 1570 σῶμα,
454 1499 549 1551 καὶ
589 1496 796 1565 σιδήρῳ
854 1488 1243 1555 καταξαίνοιτο
1274 1483 1533 1551 συναλγεῖ
1585 1481 1706 1551 μὲν,
1747 1478 1824 1543 ὡς

214 1592 354 1645 ἰδίου
379 1591 683 1661 πάσχοντος
714 1586 999 1656 σώματος·
1038 1581 1177 1651 αὐτή
1208 1596 1272 1647 γε
1304 1578 1412 1649 μὴν
1447 1578 1530 1640 εἰς
1560 1572 1697 1627 ἰδίαν
1722 1570 1824 1642 φύ-

213 1702 303 1739 σιν
337 1684 438 1738 οῦκ
469 1684 535 1737 ἄν
561 1699 615 1734 τι
652 1678 817 1733 πάθοι
842 1677 953 1730 τῶν
985 1671 1463 1744 ἐπενηνεγμένων.

289 1776 441 1847 Πλὴν
465 1776 561 1828 καὶ
600 1773 743 1843 ὑπὲρ
773 1768 934 1823 τοῦτό
977 1782 1161 1837 φαμεν
1196 1764 1291 1819 επὶ
1319 1762 1419 1816 τοῦ
1467 1756 1827 1832 Ἐμμανουὴλ

1930 652 2145 722 qualem
2196 651 2320 719 quis
2371 645 2639 717 intelligat
2679 648 2920 699 animam
2973 641 3211 697 hominis
3256 640 3322 694 ad
3372 654 3534 694 suum

1928 758 2129 813 c0rpus
2168 741 2390 796 habere.
2428 738 2535 811 [(1)
2579 738 2778 791 Anima
2818 735 2965 789 enim
3007 732 3192 789 omnia
3240 747 3363 802 qua:
3405 738 3537 786 sunt

1928 834 2200 905 corporis,
2231 846 2354 887 esse
2398 839 2613 898 reputat
2648 844 2769 893 sua,
2810 827 2939 882 licet
2969 840 3067 897 per
3101 835 3358 880 naturam
3402 837 3534 895 pro-

1930 928 2106 999 priam
2137 938 2336 995 expers
2367 924 2437 978 sit
2471 921 2551 993 (‘2)
2584 920 2932 990 passionibus
2974 916 3249 988 corporis,
3276 925 3333 971 et
3370 924 3534 971 natu-

1932 1020 2162 1083 ralibus,
2191 1026 2247 1072 et
2264 1031 2389 1086 quae
2415 1016 2761 1070 extrinsecus
2788 1010 3087 1066 accedunt:
3108 1018 3361 1064 movetur
3381 1009 3534 1064 enim

1932 1126 2131 1182 corpus
2178 1110 2231 1164 in
2282 1104 2762 1176 coricupiscentias
2804 1102 3105 1168 naturales,
3145 1109 3203 1157 et
3251 1100 3532 1158 consentit

1932 1206 2134 1270 anima,
2183 1212 2239 1257 et
2290 1200 2442 1256 nullo
2487 1200 2614 1254 licet
2661 1196 2823 1250 modo
2866 1194 3224 1265 participans,
3264 1192 3533 1263 concupi-

1931 1292 2155 1349 scentia:
2192 1300 2376 1344 tamen
2422 1288 2630 1343 exitum
2666 1284 3089 1340 delectationem
3121 1286 3398 1355 propriam
3433 1282 3541 1338 du-

1933 1386 2029 1440 cit.
2070 1383 2214 1438 Etsi
2268 1381 2410 1437 forte
2439 1378 2587 1435 ferro
2631 1391 2833 1448 corpus
2873 1376 3240 1446 percutiatur,
3279 1382 3374 1429 aut
3422 1384 3541 1429 tor-

1931 1488 2188 1548 queatur,
2232 1473 2487 1530 condolet
2528 1470 2619 1526 illa
2652 1469 2900 1540 quidem,
2934 1468 3081 1538 quod
3129 1481 3287 1521 suum
3336 1480 3540 1535 corpus

1930 1573 2222 1642 patiatur:
2254 1568 2369 1638 ipsa
2420 1579 2550 1620 vero
2582 1564 2637 1619 in
2686 1576 2787 1618 sua
2838 1571 3033 1616 natura
3086 1559 3296 1615 nullum
3331 1557 3541 1628 patitur

1932 1663 2156 1720 omnino
2186 1668 2543 1715 tormentum.

2005 1754 2216 1810 Tamen
2261 1768 2428 1823 super
2477 1751 2581 1805 hoc
2631 1760 2854 1819 quoque
2892 1744 3126 1801 dicimus
3175 1760 3298 1800 esse
3331 1747 3541 1799 aduna-

209 1869 316 1939 τὴν
348 1837 692 1920 ἕνωσιν.⁷Ην
714 1837 822 1933 *μὲν
861 1862 967 1931 γὰρ
1001 1860 1325 1927 ἀναγκαῖον,
1356 1855 1435 1926 τῷ
1461 1855 1574 1924 ἰδίῳ
1606 1853 1824 1923 σώματι

1950 1849 2163 1913 .ionem,
2216 1860 2337 1916 qum
2389 1854 2473 1900 est
2505 1843 2560 1898 in
2613 1839 2973 1897 Emmanuele
3003 1838 3147 1892 facta
3178 1856 3191 1890 :
3224 1847 3345 1893 erat
3392 1837 3542 1892 enim

216 1959 510 2027 συναλγεῖν
538 1959 639 2028 τὴν
674 1954 973 2008 ἐνωοεῖσαν
1022 1951 1204 2019 ψυχήν
1226 1966 1239 1977 °
1278 1948 1367 2000 ἵνα
1403 1945 1684 2015 φεύγουσα
1722 1942 1825 2005 τάς

1950 1951 2163 1993 necesse
2206 1952 2330 1991 cum
2364 1950 2464 1990 suo
2492 1946 2728 2002 corpore
2755 1932 3051 1987 adunatam
3086 1929 3134 1983 ei
3169 1927 3409 1981 animam
3441 1928 3541 1981 do-

216 2052 427 2112 αἱκίας,
468 2051 680 2119 εὐήνιον
728 2046 996 2116 ὑποφέροι
1044 2044 1124 2113 τῷ
1164 2040 1285 2112 Θεῷ
1306 2040 1399 2093 τὸν
1431 2037 1658 2107 αὐχένα.
1697 2035 1824 2088 Ἐπὶ

218 2144 278 2199 δέ
314 2160 376 2212 γε
409 2143 503 2194 τοῦ
523 2139 659 2193 Θεοῦ
698 2139 877 2206 Λόγου
911 2138 970 2189 τὸ
1006 2132 1467 2189 συναισθάνεσθαι
1497 2129 1605 2183 τῶν
1632 2127 1827 2183 αἰκιῶν

218 2237 425 2292 ἄτοπον
453 2235 629 2286 εἰπεῖν
655 2250 666 2262 ·
704 2231 919 2293 ἀπαθὲς
945 2230 1055 2301 γὰρ
1084 2229 1144 2283 τὸ
1190 2226 1369 2288 Θεῖον,
1414 2224 1507 2278 καὶ
1533 2224 1635 2276 οὐκ
1665 2222 1724 2275 ἐν
1762 2238 1828 2290 γε

222 2332 337 2391 τοῖς
360 2327 478 2380 καθ’
512 2327 661 2397 ἡμεῖς
684 2341 695 2352 ’
722 2323 837 2376 ἀλλ’
865 2324 1047 2393 ἦνωτο
1077 2321 1177 2392 μὲν
1206 2317 1396 2390 σαρκὶ,
1420 2315 1599 2387 ψυχὴν
1625 2314 1831 2387 ἐχούσῃ

219 2420 324 2487 τὴν
351 2419 576 2488 λογικήν
598 2432 610 2445 ’
647 2414 967 2485 πασχούσης
993 2413 1051 2467 δὲ
1081 2413 1274 2481 αὐτῆς,
1307 2408 1537 2472 ἀπαθῶς
1562 2403 1631 2480 ἦν
1662 2408 1721 2460 ὲν
1749 2410 1829 2460 εἰ·

216 2514 379 2582 eam
414 2512 523 2563 τῶν
557 2512 636 2570 εἰς
667 2509 839 2577 αὐτὴν
864 2505 1171 2576 γινομένων
1196 2520 1209 2535 ⁸
1241 2508 1335 2556 καὶ
1358 2500 1591 2571 ἠφάνιζε
1626 2500 1725 2571 μὲν
1754 2498 1831 2562 ὼς

217 2605 357 2666 Θεὸς
404 2604 501 2665 τὰς
542 2603 640 2671 τῆς
676 2600 881 2668 σαρκὸς
928 2597 1251 2659 ἀσθενείας,
1304 2593 1570 2665 ᾠκειοῦτό
1612 2608 1676 2660 γε
1723 2590 1831 2661 μὴν

218 2697 395 2758 αὐτὲις
433 2696 507 2757 ὡς
537 2695 668 2745 ἰδίου
702 2692 957 2761 σώματος
980 2707 994 2720 ·
1024 2688 1169 2742 οὕτω
1203 2689 1295 2741 καὶ
1324 2686 1582 2757 πεινῆσαι
1611 2684 1831 2753 λέγεται

220 2791 321 2845 καὶ
355 2790 577 2858 καμεῖν,
616 2787 711 2841 καὶ⁵
749 2784 943 2839 παθεῖν
981 2783 1123 2854 ὑπὲρ
1150 2780 1336 2851 ἡμῶν.

300 3052 517 3107 Οὐκοῦν
538 3026 935 3123 παρεικάξοιτο
972 3048 1038 3102 ἂν
1064 3049 1097 3117 ἡ
1132 3048 1326 3109 ἓνωσις
1363 3043 1460 3097 τοῦ
1490 3044 1668 3111 Λόγου
1698 3041 1833 3111 πρὸς

221 3150 288 3201 τὸ
310 3146 654 3217 ἀνθρώπινον
684 3145 785 3197 οὒκ
812 3142 923 3197 ἀπὸ
961 3138 1167 3194 σκοποῦ
1198 3142 1314 3202 τοῖς
1346 3137 1471 3191 καθ’
1508 3139 1677 3207 ἡμᾶς.
1704 3135 1835 3187 Ὠσ-

222 3258 338 3311 περ
360 3240 471 3309 γὰρ
502 3236 799 3308 ἑτεροφυὲς
836 3236 935 3306 μὲν
960 3235 1021 3288 τὸ
1052 3234 1215 3303 σῶμα
1242 3232 1379 3302 πρὸς
1399 3230 1499 3301 τὴν
1527 3228 1726 3299 ψυχὴν,
1753 3220 1835 3289 εἷς

224 3350 296 3403 γε
330 3332 438 3402 μὴν
481 3329 541 3394 ἐξ
574 3329 782 3398 ἀμφοῖν
824 3324 1116 3396 ἄνθρωπος
1143 3321 1495 3376 ἀποτελεῖται
1532 3320 1628 3373 καὶ
1677 3318 1835 3385 λέγε-

223 3441 323 3479 ται
344 3439 357 3453 ⁸
392 3420 535 3474 οῦτω
569 3420 663 3471 καὶ
687 3420 753 3471 ὲκ
782 3416 999 3477 τελείας
1031 3412 1389 3475 ὑποστάσεως
1436 3408 1532 3462 τοῦ
1565 3407 1702 3461 Θεοῦ
1734 3407 1836 3461 Λό-

226 3531 355 3586 γου,
390 3512 487 3566 καὶ
524 3510 631 3581 μὴν
672 3509 771 3563 καὶ
802 3508 863 3573 ἐξ
890 3507 1316 3577 ἀνθρωπότητος
1348 3501 1571 3565 τελείως
1602 3499 1839 3572 ἐχούσης

228 3606 379 3663 κατά
399 3604 492 3659 τὸν
521 3606 655 3657 ἴδιον
676 3602 859 3671 λόγον,
889 3594 971 3664 εἷς
998 3601 1026 3653 ὁ
1056 3596 1315 3669 Χριστὸς,
1334 3598 1362 3649 ὁ
1387 3596 1550 3657 αὐτὸς
1576 3594 1839 3665 ὑπάρχων

230 3705 294 3755 δν
313 3696 498 3767 ταυτῴ
525 3696 658 3757 Θεὸς
685 3710 743 3747 τε
769 3692 907 3764 ὁμοῦ
941 3693 1036 3745 καὶ
1064 3689 1377 3762 ἄνθρωπος.
1404 3688 1515 3741 Καὶ
1541 3685 1840 3739 οἰκειοῦται

236 3795 342 3865 μὲν
369 3793 397 3844 ὁ
424 3788 621 3857 Λόγος,
656 3787 731 3850 ὡς
763 3785 923 3857 ἔφην,
964 3784 1035 3837 τὰ
1062 3784 1162 3853 τῆς
1203 3781 1339 3844 ιδίας
1372 3779 1597 3851 σαρκὸς,
1631 3778 1713 3831 ὄτι
1752 3778 1843 3831 καὶ

234 3885 407 3941 αὑτοῦ
437 3885 497 3939 τὸ
530 3883 711 3953 σῶμα.
768 3881 864 3933 καὶ
906 3878 1007 3946 οὐχ
1061 3874 1287 3946 ἐτέρουο
1344 3874 1735 3926 κοινοποιεῑται
1786 3871 1844 3924 δὲ

235 3982 429 4050 ὥσπερ
467 3980 533 4049 τῇ
575 3976 681 4045 ἰδίᾳ
716 3972 884 4045 σαρκὶ
912 3971 1011 4040 τῆς
1050 3969 1278 4038 ἐνούσης
1318 3964 1471 4037 αὐτῷ
1503 3964 1845 4037 θεοπρεποῦς

236 4070 524 4139 δυνάμεως
564 4066 665 4137 τὴν
718 4064 1034 4134 ἐνέργειαν⁹
1080 4058 1222 4139 ὥστε
1271 4057 1533 4110 δύνασθαι
1564 4058 1659 4109 καὶ
1709 4056 1848 4119 ζωο-

241 4164 419 4216 ποιεῖν
461 4159 591 4223 τοὺς
651 4155 918 4227 νεκροὺς,
977 4152 1070 4205 καὶ
1123 4149 1306 4205 ἰᾶσθαι
1364 4150 1491 4213 τοὺς
1545 4150 1601 4202 ὲν
1654 4150 1841 4222 appu—

241 4251 447 4315 στιαις.

858 4380 1113 4434 ΚΕΦΔΛ.
1155 4378 1232 4431 Θν.

731 4494 871 4562 Περὶ
903 4493 1010 4547 τοῦ
1052 4492 1373 4562 ἄνθρακος.

320 4610 385 4664 Εἰ
416 4608 473 4663 δὲ
520 4606 648 4680 χρὴ,
695 4606 791 4661 καὶ
829 4609 941 4670 τοῖς
982 4608 1047 4659 ὲκ
1079 4606 1177 4675 τῆς
1212 4605 1577 4659 θεοπνεύστου
1623 4606 1850 4679 Γραφῆς
1884 4635 1928 4691 D

1934 2028 2071 2095 lere,
2106 2027 2187 2099 (3)
2221 2036 2279 2080 ut
2324 2026 2452 2081 dum
2486 2024 2714 2079 timebat
2750 2022 3061 2094 passiones,
3109 2020 3386 2075 subditam
3416 2033 3543 2075 cer-

1932 2121 2108 2175 vicem
2138 2118 2250 2173 Deo
2274 2116 2671 2189 submitteret].
2709 2114 2786 2171 De
2816 2113 2931 2170 Deo
2968 2122 3152 2167 autem
3180 2109 3356 2168 Verbo
3410 2127 3545 2167 con-

1934 2213 2120 2269 dolere
2148 2211 2499 2282 passionibus
2528 2209 2682 2264 nefas
2710 2219 2793 2265 est
2818 2207 3009 2262 dicere
3037 2223 3050 2258 :
3083 2204 3255 2276 783
3288 2205 3545 2274 impassi-

1936 2306 2060 2361 bilis
2084 2307 2230 2360 enim
2262 2304 2405 2359 Deus
2433 2314 2538 2369 est,
2575 2315 2631 2358 et
2662 2313 2977 2358 nostrarum
3009 2315 3191 2355 rerum
3237 2299 3396 2367 longe
3425 2297 3545 2351 dis-

1932 2399 2168 2465 similis;
2223 2398 2319 2453 sed
2362 2398 2635 2452 adunatus
2670 2396 2889 2463 quidem
2938 2402 3061 2448 erat
3108 2391 3262 2445 carni
3311 2390 3543 2445 habenti

1936 2493 2175 2546 animam
2220 2489 2621 2551 rationabilem,
2653 2502 2759 2557 qua
2788 2487 3035 2556 patiente
3068 2484 3185 2554 ipse
3230 2482 3547 2551 impossibi-

1937 2584 2025 2648 lis,
2067 2598 2133 2636 ea
2169 2598 2289 2651 qua:
2337 2582 2533 2634 animm
2579 2580 2990 2648 contingerent,
3038 2574 3437 2646 cognoscebat,
3493 2583 3549 2629 et

1935 2674 2305 2731 contundebat
2350 2674 2595 2744 quidem,
2626 2680 2683 2725 ut
2724 2670 2890 2735 Deus,
2929 2672 3116 2725 carnis
3160 2667 3545 2735 inﬁrmitates;

1936 2782 2067 2823 snas
2102 2775 2285 2819 tamen
2326 2779 2442 2827 eas,
2478 2772 2738 2832 tanquam
2782 2760 2862 2815 sui
2904 2760 3178 2829 corporis,
3209 2772 3333 2812 esse
3375 2756 3547 2811 duce-

1939 2863 2054 2917 bat.
2088 2859 2277 2928 Itaque
2301 2859 2566 2914 esuriisse
2603 2856 2825 2923 dicitur,
2866 2854 3130 2926 fatigatus
3163 2868 3309 2921 esse,
3348 2865 3548 2922 passus

1941 2954 2112 3008 fuisse
2143 2969 2243 3022 pro
2285 2952 2461 3007 nobis.

2013 3042 2160 3112 Ergo
2207 3041 2374 3097 Verbi
2425 3040 2709 3104 adunatio,
2743 3055 2865 3109 qua:
2910 3048 2997 3095 est
3030 3055 3153 3095 cum
3207 3037 3553 3093 humanitate

1941 3135 2113 3199 facta,
2161 3149 2270 3189 non
2316 3134 2774 3189 irrationabiliter
2810 3134 2971 3186 rebus
3016 3130 3220 3187 nostris
3259 3145 3551 3202 compare-

1943 3238 2053 3283 tur.
2092 3225 2227 3281 Nam
2264 3227 2410 3282 sicut
2441 3239 2641 3295 corpus
2686 3226 2918 3280 alterius
2960 3233 3047 3278 est
3100 3232 3311 3278 natura:
3351 3233 3556 3294 prater

1948 3321 2218 3386 animam,
2250 3329 2306 3375 et
2335 3334 2478 3374 unus
2511 3327 2693 3372 tamen
2724 3330 2793 3371 ex
2845 3325 3080 3385 utroque
3126 3317 3290 3370 homo
3321 3313 3556 3370 eﬂicitur

1945 3422 2003 3471 et
2033 3423 2301 3475 vocatur;
2333 3411 2409 3464 ita
2453 3409 2621 3465 etiam
2652 3422 2721 3463 ex
2758 3406 3002 3477 perfecta
3032 3406 3128 3463 Dei
3166 3406 3329 3462 Verbi
3376 3408 3555 3461 subsi-

1941 3504 2140 3562 stentia
2184 3513 2240 3558 et
2287 3516 2356 3558 ex
2405 3498 2753 3556 humanitate
2784 3495 3028 3567 perfecta
3088 3511 3230 3551 unus
3280 3505 3362 3552 est
3394 3494 3557 3552 Chri-

1943 3610 2083 3663 stus,
2122 3598 2269 3653 idem
2302 3597 2355 3650 in
2403 3594 2593 3649 eodem
2632 3593 2777 3648 Deus
2806 3592 2971 3647 simul
3016 3600 3074 3645 et
3117 3591 3318 3654 homo;
3351 3599 3406 3643 et
3455 3605 3553 3644 sua

1943 3692 2164 3763 quidem
2213 3688 2365 3743 ducit
2398 3688 2544 3742 Deus
2584 3684 2852 3749 Verbum,
2901 3692 2961 3738 ut
2994 3694 3125 3738 ante
3161 3682 3298 3748 disi,
3339 3696 3404 3736 ea
3436 3698 3558 3752 qna;-

1946 3793 2075 3837 sunt
2131 3783 2319 3838 carnis
2354 3782 2599 3850 propria,
2641 3778 2769 3848 quia
2825 3777 3010 3847 ipsius,
3045 3785 3131 3831 est
3178 3791 3399 3846 corpus,
3449 3792 3559 3830 non

1947 3874 2199 3930 alterius.
2237 3871 2572 3929 Communes
2606 3880 2793 3925 autem
2834 3868 2972 3923 facit
3003 3878 3269 3938 tanquam
3305 3883 3430 3922 cum
3458 3883 3559 3920 sua

1948 3981 2120 4023 carne
2153 3966 2352 4021 divinae
2382 3977 2496 4019 suae
2553 3962 2863 4033 majestatis
2905 3965 3285 4033 operationes,
3339 3966 3401 4015 ut
3433 3974 3564 4029 pos-

1949 4070 2033 4116 set
2066 4060 2233 4116 etiam
2267 4057 2548 4115 viviﬁcare
2579 4066 2847 4124 mortuos,
2874 4065 2930 4113 et
2960 4070 3159 4112 sanare
3190 4053 3461 4111 infirmos.

2618 4366 2776 4423 CAP.
2813 4365 2881 4424 IX
2893 4408 2907 4421 .

2573 4478 2651 4534 De
2686 4496 2747 4531 ra
2756 4481 2935 4534 rbone.

2032 4596 2109 4667 (ι)
2151 4596 2223 4651 At
2273 4596 2316 4650 si
2356 4596 2615 4651 convenit
2658 4596 2931 4665 exemplis
2973 4594 3141 4650 etiam
3176 4593 3376 4651 divinae
3414 4594 3565 4653 Scri-

249 4698 665 4771 παραδείγμασι
700 4698 1099 4769 κεχρημένους,
1126 4696 1382 4767 καθάπερ
1419 4698 1477 4749 ἐν
1512 4697 1705 4762 τύποις
1760 4699 1837 4752 τοι

1961 4702 2171 4761 plura,
2216 4689 2371 4759 quasi
2431 4702 2531 4758 per
2576 4687 2847 4759 figuram,
2896 4686 3296 4743 adunationem
3344 4689 3567 4744 demon-

249 4796 347 4864 τῆς
381 4792 626 4854 ὲνώσεως
661 4789 979 4853 καταδεῖξαι
1024 4790 1246 4861 τρόπον,
1284 4791 1417 4861 φέρε
1466 4789 1743 4861 λέγωμεν.
1792 4793 1851 4845 '0

257 4886 527 4956 μακάριος
556 4883 802 4946 Ἡσαΐας,
849 4881 1207 4952 Ἀπεστάλη,ι
1240 4884 1394 4953 φησὶ,
1416 4882 1551 4953 πρός
1576 4901 1641 4953 με
1660 4883 1718 4935 ἓν
1738 4883 1850 4935 τῶν

258 4976 514 5048 Σεραιρξμ
539 4990 551 5002 ·
584 4976 678 5028 καὶ
710 4976 767 5027 ἐν
792 4978 859 5045 τῇ
902 4976 1050 5046 χειρὶ
1079 4970 1224 5044 εἶχεν
1267 4973 1537 5046 ἄνθρακα,
1562 4975 1621 5028 ὃν
1664 4978 1731 5047 τῇ
1758 4976 1849 5027 λα-

254 5070 364 5122 ειδι
394 5067 586 5121 ἐλαϐεν
610 5066 717 5119 ἀπὸ
748 5066 844 5118 τοῦ
870 5064 1266 5136 θυσιαστηρίου
1288 5082 1301 5095 ·
1324 5066 1418 5118 καὶ
1439 5061 1571 5137 ἦλθε
1597 5066 1733 5135 πρός
1764 5082 1855 5137 με,

258 5164 350 5215 καὶ
375 5162 555 5232 ἥψατο
580 5159 690 5211 τῶν
723 5158 948 5229 χειλέων
991 5176 1117 5229 μου,
1160 5160 1258 5211 καὶ
1290 5154 1472 5212 εἶπενο
1510 5159 1649 5212 Ἰδοὺ
1678 5159 1860 5229 ἥψατο

258 5254 417 5306 τοῦτο
450 5253 561 5304 τῶν
592 5252 819 5321 χειλέων
845 5268 963 5315 σου,
998 5252 1094 5305 καὶ
1130 5250 1325 5319 ἀφελεῖ
1350 5252 1448 5315 τάς
1474 5250 1706 5321 ἀνομίας
1737 5268 1858 5315 σου,

259 5348 355 5399 καὶ
394 5345 492 5409 τὰς
518 5344 798 5415 ἁμαρτίας
828 5360 922 5397 σου
955 5342 1363 5415 περικαθαριεῖ.
1392 5363 1409 5397 ι
1445 5343 1632 5414 ⁴ιιαμὲν
1672 5342 1729 5396 δὲ
1760 5344 1853 5396 τὸν

337 5524 380 5555 ”
418 5522 520 5579 lsa.
548 5538 622 5587 vt,
647 5523 701 5589 6,
726 5522 783 5575 7.

346 5704 423 5769 (l)
467 5702 580 5758 lloc
627 5703 991 5773 fragmentum
1025 5702 1215 5758 iisdem
1264 5702 1433 5757 ferme
1463 5701 1645 5757 verbis
1690 5699 1857 5757 refert

268 5774 556 5829 Facundus
590 5774 684 5829 lib.
720 5790 800 5840 ιι,
829 5789 948 5842 cap.
982 5774 1032 5826 'l.

341 5844 416 5915 (Ξ)
460 5844 762 5907 Facunilus,
808 5846 1113 5911 passionum
1164 5844 1398 5912 corporis
1439 5854 1487 5896 el
1529 5844 1853 5899 naturalium

270 5926 314 5970 et
343 5933 458 5984 qtta'
485 5918 807 5972 extrinsecus
846 5917 1132 5977 accidunt;
1170 5917 1313 5985 quod
1350 5915 1544 5969 melius
1576 5927 1681 5970 est.

1961 4798 2140 4838 strare
2162 4821 2179 4847 ,
2218 4797 2340 4851 age,
2370 4780 2638 4846 dicamus,
2684 4790 2742 4834 ut
2775 4795 3091 4850 possumus.
3127 4780 3325 4836 Beatus
3358 4782 3569 4836 Isaias:

1968 4895 1985 4926 ι
2018 4874 2215 4929 Missus
2245 4882 2349 4940 est,
2384 4872 2583 4943 inquit,
2620 4873 2687 4925 ad
2736 4886 2822 4926 me
2868 4887 3009 4927 unus
3054 4886 3122 4928 ex
3155 4870 3469 4943 Seraphim,
3518 4886 3568 4928 et

1966 4971 2018 5024 in
2056 4984 2221 5023 manu
2268 4967 2509 5023 habebat
2555 4965 2874 5031 carbonem,
2910 4982 3074 5037 quem
3110 4966 3317 5037 forcipe
3363 4970 3571 5038 accepit

1965 5063 2034 5116 ab
2074 5061 2259 5125 altari,
2291 5072 2348 5117 et
2394 5060 2546 5115 venit
2585 5059 2654 5115 ad
2699 5074 2809 5123 me,
2842 5071 2898 5114 et
2940 5061 3115 5131 tetigit
3153 5061 3297 5115 labia
3346 5076 3487 5127 mea,
3519 5071 3572 5115 et

1964 5154 2105 5208 dixit
2144 5153 2211 5207 ad
2251 5168 2381 5208 me:
2420 5153 2558 5208 Ecce
2592 5151 2771 5223 tetigit
2822 5152 2925 5208 hoc
2958 5152 3100 5208 labia
3148 5164 3261 5218 tua,
3286 5164 3341 5209 et
3372 5154 3570 5209 adimet

1964 5250 2282 5319 iniquitates
2341 5255 2501 5315 tuas,
2550 5258 2607 5302 et
2677 5258 2903 5317 peccata
2958 5257 3049 5301 tua
3106 5247 3515 5317 repurgabit".
3552 5266 3569 5297 ι

1963 5341 2272 5397 Carbonem
2306 5350 2490 5395 autem
2524 5338 2767 5395 dicimus
2807 5338 3037 5411 figuram
3071 5349 3125 5393 et
3156 5339 3450 5411 imaginem
3483 5357 3572 5394 no-

2038 5704 2121 5844 £3)
2163 5702 2481 5769 Facundus,
2522 5718 2579 5761 ut
2620 5708 2877 5762 (intendo.

2064 5776 2117 5842 ι)
2163 5774 2260 5830 llic
2295 5779 2493 5831 iterum
2526 5781 2877 5844 interpolavit

2064 5776 2117 5850 ι)
2163 5774 2260 5830 llic
2295 5779 2493 5831 iterum
2526 5781 2877 5850 interpolavit
2910 5781 3217 5832 Autberlus
3244 5773 3575 5831 Mercatoris

1966 5847 2297 5924 versionem,
2326 5857 2415 5924 _ut
2452 5859 2507 5903 et
2556 5851 2607 5905 itt
2656 5847 3039 5924 sequentibus,
3087 5864 3318 5919 quorum
3363 5858 3577 5903 textum

1965 5916 2216 5973 Gra‘cum
2255 5918 2466 5976 habuit.
