3926 6458
174 461 326 521 1581

1123 453 1419 510 SCHOLIA
1463 451 1550 506 Dis
1589 449 2105 505 ltVCAimA'l‘IUNE
2148 446 2528 506 UNIGENITI.

3358 450 3379 502 i
3390 448 3496 505 383

168 584 251 637 tat
294 578 468 646 ξύλων
497 574 784 648 ἀσήπτων,
808 572 901 627 δύο
936 574 1161 643 πήχεων
1195 572 1291 625 καλ⁵
1317 569 1555 641 ἡμίσους
1596 568 1658 622 τὸ
1692 566 1788 638 μῆ-

1902 568 2070 622 m0nii
2103 583 2168 623 ex
2205 568 2367 640 lignis
2400 568 2855 640 itnputribilihns,‘
2880 566 3045 639 785
3080 566 3311 621 dunrttm
3344 570 3497 624 culti-

170 689 286 735 κος
314 688 326 699 ·
356 670 450 723 καὶ
473 670 678 741 πήχεος
706 667 800 721 καὶ
833 666 1064 737 ἡμίσους
1098 664 1159 717 τὸ
1182 662 1383 725 πλάτος
1405 678 1420 692 ’
1449 662 1545 715 καὶ
1577 661 1781 731 πήχεος

167 764 287 818 καὶ
349 759 579 833 ἡμίσους
637 759 698 811 τὸ
754 758 919 828 ὕψοςο
976 758 1072 811 καὶ
1122 753 1575 826 καταχρυσώσεις
1610 753 1781 823 αὐτὴν

170 854 403 927 χρυσίῳ
428 849 678 921 καθαρῷ,
706 849 908 917 ἔξωθεν
965 848 1061 901 καὶ
1096 845 1301 899 ἔσωθεν
1340 842 1649 916 χρυσώσεις
1679 842 1781 895 αύ-

163 945 310 1015 τήν.
357 942 517 997 ’Δλλὰ
546 942 607 995 τὸ
636 941 738 1010 μὲν
769 940 1015 1011 ἄσηπτον
1051 935 1209 1004 ξύλον
1241 934 1327 1005 εἴη
1369 934 1438 989 ἃν
1484 934 1563 997 εἰς
1613 931 1784 986 τύπον

169 1036 282 1091 τοῦ
307 1036 590 1106 ἀφθάρτου
624 1033 880 1104 σώματος
905 1047 917 1059 ·
952 1030 1198 1099 ἄσηπτος
1238 1027 1349 1100 γὰρ
1390 1029 1425 1097 ἡ
1456 1026 1677 1098 κέδρος·
1722 1026 1785 1079 τὸ

163 1129 241 1183 ὁὶ
274 1128 525 1199 χρυσίον,
579 1126 654 1191 ὡς
696 1125 799 1195 ὕλη
846 1121 956 1176 τῶν
1008 1120 1187 1175 ἄλλων
1242 1119 1639 1192 ὐπερηρμένη,
1685 1120 1786 1190 τῆς

168 1219 343 1282 Θείας
371 1221 505 1291 ἡμῖν
525 1218 713 1281 οὐσίας
741 1214 1191 1287 κατασημήνιιεν
1222 1213 1290 1267 ἂν
1323 1212 1423 1283 τὴν
1451 1211 1746 1283 ὑπεροχήν.

259 1308 458 1383 ’Δθριι
485 1311 562 1376 δὲ,
587 1311 735 1373 ὅπως
761 1309 796 1378 ἠ
828 1306 1060 1371 κισωτδς
1087 1306 1185 1379 ὃλη
1214 1304 1534 1377 κεχρύσωτο
1576 1303 1789 1376 χρυσίῳ

169 1402 419 1476 καθαρῷ
489 1402 692 1457 ἰσωθεν
743 1400 838 1455 καὶ
882 1398 1103 1466 ἔξωθεν.
1151 1396 1369 1452 Ἥνωτο
1420 1398 1520 1468 μὲν
1560 1397 1668 1468 γὰρ
1718 1397 1786 1467 τῇ

172 1496 323 1566 ἁγίᾳ
351 1498 514 1567 σαρκὶ
539 1494 673 1558 Θεὸς
702 1493 778 1548 ὢν
806 1496 834 1548 ὁ
865 1494 1039 1563 Λόγος
1059 1507 1073 1522 ⁶
1117 1493 1211 1546 καὶ
1236 1490 1418 1555 τοῦτο,
1454 1485 1632 1561 οἶμαι,
1671 1488 1789 1542 ἐστὶ

171 1590 246 1644 τὸ
290 1586 490 1655 ἔξωθεν
534 1584 918 1659 κεχρυσιῖηθαι
940 1584 1038 1657 τὴν
1060 1583 1316 1639 κιϐωτόν.
1343 1584 1467 1637 Ὀτι
1487 1583 1545 1636 δὲ
1576 1582 1670 1639 καὶ
1691 1579 1789 1651 τὴν

173 1680 418 1735 ἐνοῦσαν
438 1679 516 1751 τῷ
548 1683 765 1751 σώματι
795 1678 976 1751 ψυχὴν
1006 1668 1233 1749 λογικὴν
1275 1678 1415 1732 ίδίαν
1462 1680 1786 1750 ἐποιήσατο,

174 1774 557 1840 καταδείξειεν
579 1774 646 1828 ἂν
676 1773 736 1826 τὸ
758 1772 855 1827 καὶ
871 1771 1074 1826 ἔσωθεν
1104 1771 1276 1843 αὐτὴν
1307 1770 1789 1842 καταχρυσοῦσθαι

171 1865 300 1919 δεῖν
348 1862 621 1929 ἐπιτάξαι.
657 1863 783 1916 Ὅτι
816 1862 909 1915 καὶ
956 1861 1255 1933 ἀσύγχυτοι
1306 1863 1687 1933 μεμενήκασιν
1732 1861 1789 1914 αἱ

1894 669 2069 715 torum
2098 672 2151 717 et
2175 662 2383 718 dimidii
2414 663 2782 733 longitudine;
2816 672 2868 715 et
2906 660 3187 714 inaurahis
3209 676 3331 713 eam
3362 676 3497 715 auro

1892 770 2047 823 puro,
2084 762 2236 809 extra
2266 762 2322 810 et
2361 754 2504 810 intra
2542 754 2825 809 inaurabis
2854 769 2974 807 eam
2991 753 3060 807 ".
3093 771 3111 803 a
3148 753 3255 806 Sed
3291 754 3496 823 lignum

1891 846 2134 916 quidem,
2170 860 2295 898 cum
2326 844 2662 914 itnputribile
2695 845 2787 909 sit,
2812 852 2898 898 est
2924 844 3097 912 figura
3135 844 3385 912 corporis
3415 843 3497 897 in-

1892 938 2135 1005 corrupti
2171 954 2185 990 :
2217 936 2570 1006 imputribilis
2616 936 2764 991 enim
2814 937 3047 1001 cedrus;
3112 950 3311 989 aurum
3344 951 3497 1000 vero,

1892 1030 2047 1100 quasi
2088 1029 2345 1085 materies
2376 1028 2504 1084 aliis
2526 1031 2843 1099 pretiosior,
2868 1030 3068 1085 divina:
3100 1028 3258 1084 nobis
3286 1029 3496 1085 indicat

1892 1120 2221 1177 substantia:
2259 1119 2627 1190 maiestatem.

1964 1300 2248 1357 Attendite
2296 1299 2461 1371 igitur
2505 1299 2766 1372 quoniam
2803 1315 2930 1355 arca
2980 1309 3091 1355 tota
3141 1301 3391 1355 inaurata
3423 1302 3500 1359 sit

1893 1405 2030 1451 auro
2059 1406 2197 1463 puro
2238 1402 2393 1447 extra
2430 1402 2486 1447 et
2533 1392 2701 1446 intra.
2735 1392 3023 1447 Adunatus
3059 1392 3281 1462 quidem
3315 1392 3499 1447 fuerat

1895 1492 2097 1540 sanctae
2142 1483 2293 1537 carui
2345 1480 2488 1537 Deus
2520 1479 2781 1543 Verbum,
2811 1491 2871 1536 et
2921 1480 2975 1535 id
3020 1489 3124 1545 est,
3172 1488 3232 1533 ut
3281 1481 3497 1549 opinor,

1896 1587 2081 1629 arcam
2106 1573 2282 1629 fuisse
2305 1580 2460 1629 extra
2487 1572 2818 1629 inauratam.
2840 1570 2995 1639 Quod
3022 1586 3152 1627 vero
3173 1578 3227 1626 et
3254 1572 3496 1625 animam

1896 1665 2301 1731 rationabilem,
2328 1680 2452 1739 qua:
2482 1666 2707 1737 corpori
2734 1666 2932 1728 inerat,
2964 1664 3239 1735 propriam
3279 1663 3497 1729 fecerit,

1897 1773 1965 1815 ex
1999 1758 2103 1814 hoc
2129 1768 2373 1831 apparet,
2404 1757 2549 1829 quod
2577 1768 2637 1815 et
2662 1758 2803 1815 intra
2834 1773 3019 1813 arcam
3056 1756 3377 1825 pra-ceperit
3409 1755 3495 1810 in-

1898 1850 2103 1905 aurari.
2135 1848 2160 1922 Ι
2168 1850 2321 1919 Quod
2354 1860 2533 1905 autem
2568 1861 2780 1907 natura:
2808 1849 2925 1905 sive
2952 1847 3273 1905 substantia
3306 1846 3497 1905 incon-

175 1957 403 2028 φύσεις,
453 1957 624 2029 ἧγουν
673 1955 1024 2021 ὑποστάσεις,
1068 1953 1322 2008 ἐντεῦθεν
1382 1952 1662 2024 εἰσόμεθα.
1716 1952 1788 2007 Τὸ

1900 1941 2032 1998 fusae
2086 1942 2409 2010 manserint,
2441 1944 2567 2001 hinc
2612 1945 2821 1998 scimus
2853 1961 2866 1997 :
2896 1957 3091 1997 aurum
3124 1940 3267 1995 enim
3304 1953 3499 2010 super-

175 2049 301 2121 γάρ
326 2067 407 2103 τοι
432 2048 654 2121 χρυσίον
681 2046 1159 2119 ὲπαληλειμμένον
1183 2046 1263 2118 τῷ
1284 2046 1447 2116 ξύλῳ,
1481 2046 1792 2117 μεμένηκεν

175 2144 330 2214 ὅπερ
356 2139 424 2215 ἦν
443 2160 458 2173 ο
508 2141 605 2196 καὶ
631 2140 990 2195 κατεπλούτει
1024 2139 1124 2211 μὲν
1156 2140 1218 2195 τὸ
1246 2139 1402 2206 ξύλον
1428 2138 1522 2195 τοῦ
1564 2140 1791 2212 χρυσίου

176 2235 287 2304 τὴν
313 2234 471 2301 δόξαν
488 2251 503 2264 ·
537 2234 679 2307 πλὴν
704 2235 807 2289 οὐκ
835 2236 1051 2308 ἀπέστη
1075 2234 1169 2289 τοῦ
1195 2230 1336 2291 εῖναι
1365 2233 1543 2300 ξύλον.
1579 2235 1703 2289 Ὀτι
1732 2236 1791 2290 δὶ

178 2325 219 2395 ἡ
258 2324 493 2389 κιϐωτὸς
535 2326 617 2389 εἰς
646 2324 819 2379 τύπον
863 2324 1365 2397 παραλαμϐάνεται
1405 2325 1500 2381 τοῦ
1527 2323 1789 2397 Χριστοῦ,

174 2415 276 2469 διὰ
307 2415 519 2469 πολλῶν
547 2417 613 2472 ἄν
641 2432 727 2480 τις
747 2417 1085 2473 πιστώσεται
1108 2417 1309 2486 λόγων*
1327 2416 1655 2490 προεσάῦιζε
1681 2418 1791 2490 γὰρ

177 2506 297 2561 τῶν
325 2504 387 2573 ιε
420 2508 657 2581 Ἰσραὴλ,
692 2508 937 2581 ζητοῦσα
961 2509 1148 2572 αὐτοῖς
1174 2509 1508 2566 ἀνάπαυσιν.
1547 2510 1695 2581 Ἔφη
1732 2507 1791 2562 δέ

180 2617 295 2653 που
314 2601 409 2653 καὶ
428 2603 457 2655 ὀ
483 2602 738 2673 Χριστός·
771 2620 790 2652 ι
812 2600 1189 2673 Πορεύσομαι,
1208 2602 1306 2656 καὶ
1328 2600 1608 2673 ἑτοιμάσω
1624 2601 1791 2655 τόπον

180 2692 344 2764 ὑμῖν.
370 2712 391 2747 a

825 2826 983 2884 CAP.
1022 2825 1143 2882 XII.

183 2933 347 3003 Quod
375 2952 492 2989 runt
514 2946 646 2991 esset
689 2936 827 2991 Deus
870 2934 1117 3002 Verbum,
1151 2936 1328 3006 [actas
1367 2937 1437 2991 ait
1480 2937 1657 3004 homo,
1698 2955 1792 2995 nec

262 3006 421 3059 homo
467 3008 780 3075 simpliciter
806 3050 819 3066 ,
870 3013 1014 3060 nuda
1055 3007 1431 3077 conjunctione
1477 3011 1787 3077 honoratas,

262 3085 479 3130 voratus
501 3078 567 3130 sit
591 3078 660 3129 ad
687 3093 866 3139 parem
889 3078 1201 3145 dignitatem
1231 3076 1325 3130 Dei
1365 3076 1543 3144 Verbi,
1566 3080 1671 3135 sive
1694 3076 1791 3134 att?-

260 3146 586 3209 ctoritatem,
627 3147 765 3201 sicut
805 3147 1123 3216 quibusdam
1163 3147 1392 3202 videtur.

262 3256 493 3312 Divinos
532 3256 731 3313 Paulus
754 3258 796 3290 “
840 3273 1096 3331 magnum
1127 3260 1344 3329 quidem
1373 3261 1452 3315 ait
1506 3276 1628 3317 esse
1676 3277 1791 3333 my-
1818 3287 1863 3347 ο

186 3349 421 3403 steritttn
471 3349 709 3419 pietatis.
759 3349 825 3403 Et
853 3364 979 3404 vere
1010 3350 1082 3404 ita
1140 3365 1203 3405 se
1248 3367 1335 3407 res
1386 3354 1791 3413 ltab'etztnani-

190 3439 420 3494 festatus
450 3450 534 3494 est
556 3441 702 3494 enim
738 3443 792 3495 in
824 3456 1010 3506 carne,
1057 3457 1180 3495 cum
1212 3443 1281 3496 sit
1314 3442 1456 3497 Dens
1508 3442 1785 3516 Verbum;

183 3531 518 3602 jnstiiicatus
542 3541 624 3588 est
652 3544 831 3587 autem
873 3532 924 3584 in
960 3531 1186 3601 Spiritu.
1226 3530 1386 3586 Nullo
1429 3532 1572 3585 enim
1629 3533 1791 3591 modo

189 3625 396 3679 nostris
427 3624 639 3678 videtur
672 3623 1081 3677 intlrmitatibus
1127 3623 1420 3689 contineri,
1458 3623 1588 3678 licet
1620 3622 1790 3693 juxta

192 3729 294 3769 nos
339 3714 504 3769 homo
542 3715 616 3769 sit
661 3712 883 3787 factus:
924 3726 1030 3765 non
1079 3713 1224 3766 enim
1273 3712 1407 3767 fecit
1457 3725 1738 3783 peccatum
1774 3735 1789 3774 :

190 3804 450 3873 apparuit
482 3813 666 3858 autem
723 3812 779 3869 et
837 3802 1067 3873 angelis.
1121 3800 1313 3869 Neque
1372 3803 1515 3856 enim
1565 3819 1793 3873 genera-

196 3891 398 3944 tionem
414 3890 586 3960 ipsius
603 3891 903 3944 secundum
925 3905 984 3943 ca
995 3905 1145 3944 ruent
1206 3890 1393 3959 ignora
1404 3902 1596 3947 verunt
1616 3911 1629 3945 :
1652 3908 1792 3966 prse-

190 3982 408 4036 dicatus
459 3992 638 4037 autem
692 3993 747 4036 et
795 3984 1077 4052 gentibus,
1130 3983 1285 4051 quasi
1349 3984 1491 4038 Deus
1523 3977 1685 4037 homo
1712 3983 1793 4039 fa-

192 4084 349 4138 ctus;
397 4073 472 4127 ita
517 4056 992 4129 autem'creditns
1043 4084 1128 4127 est
1208 4075 1261 4125 in
1320 4075 1539 4127 mundo.
1587 4073 1791 4130 Proba-

195 4165 272 4218 vit
323 4174 503 4218 autem
540 4165 761 4219 divinus
795 4163 997 4220 Paulus
1044 4165 1119 4219 ita
1175 4166 1465 4220 scribens:
1506 4183 1525 4217 t
1561 4165 1791 4237 Propter

195 4255 339 4322 quod
371 4268 639 4309 memores
668 4262 864 4317 estote,
895 4255 1039 4323 quod
1069 4254 1365 4323 aliquando
1397 4270 1489 4309 vos
1521 4268 1710 4325 gentes
1735 4260 1787 4315 itt

195 4361 383 4410 carne,
406 4346 495 4415 qui
550 4346 793 4401 dicimini
843 4346 1188 4415 praeputium,
1217 4348 1285 4400 ab
1335 4362 1396 4401 ea
1440 4363 1561 4416 qua
1591 4350 1790 4407 dicitur

197 4437 540 4492 circumcisio
593 4436 647 4491 in
702 4451 869 4491 carne
917 4436 1227 4490 manufacta
1264 4453 1279 4489 :
1312 4437 1437 4505 quia
1491 4440 1661 4493 eratis
1694 4440 1787 4494 illo

1893 2035 2131 2107 positum
2181 2035 2327 2105 ligno
2382 2035 2586 2090 mansit
2640 2035 2693 2090 id
2737 2036 2882 2105 quod
2931 2046 3084 2096 erat,
3109 2040 3164 2087 et
3195 2033 3498 2087 ornabatur

1892 2128 2110 2198 quidem
2136 2126 2341 2198 lignum
2371 2128 2490 2181 auri
2516 2128 2754 2193 decore;
2787 2140 2973 2181 tamen
3005 2129 3211 2197 lignum
3238 2140 3363 2181 esse
3386 2140 3493 2180 nou

1892 2218 2072 2275 desiit.
2098 2217 2253 2286 Quod
2287 2232 2418 2273 vero
2447 2234 2573 2273 arca
2614 2218 2665 2273 in
2700 2218 2900 2273 Cltristi
2952 2217 3255 2287 accipiatur
3298 2216 3494 2286 imagi-

1893 2327 2040 2378 nem,
2072 2311 2318 2382 pluribus
2362 2320 2544 2382 potest
2579 2310 3001 2382 probationibus
3051 2307 3316 2363 declarari
3348 2304 3495 2385 (1).]

1892 2403 2327 2460 P‘reantbulabat
2354 2405 2500 2459 enim
2533 2404 2616 2459 his
2650 2403 2741 2471 qui
2774 2412 2902 2460 sunt
2927 2418 2994 2458 ex
3019 2400 3207 2467 Israel,
3236 2414 3495 2470 quaerens

1893 2497 2029 2570 ipsis
2082 2495 2350 2565 requiem.
2387 2495 2480 2551 Ait
2529 2494 2730 2549 alicubi
2782 2501 2837 2549 et
2881 2492 3181 2549 Christus:
3227 2508 3249 2545 t
3280 2488 3396 2556 Ibo,
3441 2499 3499 2545 et

1892 2590 2099 2661 parabo
2130 2588 2284 2645 vobis
2312 2588 2491 2646 locum
2508 2588 2577 2643 ³⁸.
2612 2607 2633 2641 ι

1962 2768 2252 2826 Credimus
2281 2768 2470 2843 igitttr,
2495 2784 2599 2824 non
2633 2768 2688 2823 in
2718 2782 2887 2822 ttnutn
2919 2766 3095 2821 nostri
3128 2764 3363 2826 similem
3389 2764 3502 2821 dci-

1894 2870 2006 2919 tate
2032 2876 2130 2933 per
2154 2862 2389 2934 gratiam
2421 2860 2773 2924 honoratum,
2808 2874 2877 2914 ne
2907 2858 3149 2914 cultores
3175 2871 3300 2913 esse
3325 2857 3501 2913 homi-

1894 2955 1981 3009 nis
2008 2954 2361 3025 detegamur;
2393 2952 2489 3009 sed
2512 2954 2568 3008 in
2599 2952 2888 3008 Dominum
2910 2950 3106 3021 magis,
3126 2949 3292 3019 quiin
3312 2948 3498 3003 servili

1893 3040 2074 3102 forma
2112 3045 2437 3115 comparuit,
2470 3055 2526 3101 et
2559 3044 2650 3115 qui
2684 3042 2788 3098 fuit
2820 3058 2947 3097 rere
2986 3042 3159 3099 nostri
3194 3041 3414 3105 similis,
3444 3050 3501 3096 et

1895 3137 1949 3192 in
1982 3136 2325 3191 humanitate
2352 3146 2531 3191 tamen
2566 3135 2710 3191 Deus
2743 3136 2946 3198 mansit
2975 3154 2987 3191 :
3016 3134 3161 3191 Deus
3189 3136 3335 3189 enim
3368 3131 3501 3190 Ver-

1894 3226 2046 3296 bum,
2077 3245 2241 3285 carne
2266 3239 2565 3299 assumpta,
2603 3244 2710 3284 non
2749 3229 3000 3299 deposuit
3042 3228 3192 3299 quod
3213 3239 3372 3297 erat;
3409 3229 3500 3284 in-

1896 3321 2160 3394 telligitur
2186 3331 2368 3375 tamen
2399 3322 2540 3377 idem
2574 3321 2721 3377 Deus
2750 3321 2916 3376 simul
2946 3330 3001 3377 et
3027 3322 3215 3378 homo.

1967 3416 2033 3471 Et
2072 3415 2197 3471 fidei
2245 3416 2465 3485 quidem
2511 3415 2653 3471 ratio
2687 3416 2761 3470 ita
2797 3430 2858 3470 se
2886 3413 3070 3481 habet,
3107 3424 3162 3469 et
3194 3424 3341 3470 recte
3376 3417 3502 3485 qui-

1893 3511 2039 3566 dem.
2069 3506 2177 3563 Sed
2222 3510 2265 3563 si
2313 3508 2454 3563 forte
2500 3506 2703 3577 aliquis
2748 3507 2917 3572 dicat,
2955 3506 3101 3574 Quid
3140 3507 3267 3560 mali
3314 3516 3419 3572 est,
3451 3509 3498 3560 si

1895 3597 2232 3667 intelligatur
2278 3597 2443 3650 homo
2493 3596 2693 3651 similis
2731 3596 2904 3649 nostri
2939 3597 3349 3667 apprehendere
3383 3598 3502 3650 dei-

1894 3698 2088 3751 tatem,
2124 3704 2187 3742 ac
2226 3704 2331 3741 non
2361 3688 2535 3758 magis
2564 3685 2709 3742 Deus
2743 3689 2905 3741 homo
2940 3686 3094 3741 ﬁeri?
3144 3690 3501 3759 respondebi—

1896 3794 2017 3833 mus
2073 3779 2221 3833 mille
2271 3794 2394 3835 esse
2437 3794 2558 3848 quae
2588 3780 2868 3836 contrario
2910 3790 3141 3847 possunt
3191 3782 3416 3849 opponi,
3444 3792 3499 3835 et

1895 3887 2031 3944 pene
2065 3874 2229 3927 etiam
2284 3883 2415 3926 nutu
2465 3871 2852 3943 significantia,
2882 3887 2981 3927 nos
3025 3882 3283 3943 Oportere
3333 3873 3499 3930 reniti

1894 3974 2230 4029 censtanter,
2264 3977 2365 4018 nec
2396 3964 2623 4018 credere
2655 3965 2728 4018 ita
2758 3979 2903 4019 esse.

1966 4056 2081 4126 Age
2110 4058 2280 4122 enim,
2302 4068 2426 4111 ante
2448 4056 2553 4110 alia
2582 4056 3032 4125 dispensationis,
3050 4073 3171 4127 qua:
3188 4074 3310 4113 cum
3331 4076 3501 4117 carne

1894 4148 2037 4203 facta
2087 4158 2191 4211 est,
2230 4148 2447 4203 modum
2503 4162 2823 4213 cernamus,
2860 4159 2915 4202 et
2964 4161 3275 4204 ttostrarum
3314 4168 3497 4207 rermn

1894 4253 2143 4297 naturam
2170 4242 2425 4296 subtilius
2458 4250 2865 4311 perscrutemur
2894 4258 2907 4295 :
2944 4243 3248 4311 periclitata
3282 4254 3365 4299 est
3396 4246 3499 4301 lto~

1894 4332 2055 4392 minis
2089 4347 2307 4399 natura,
2335 4344 2390 4391 et
2424 4337 2682 4406 depressa
2715 4343 2798 4391 est
2826 4334 2986 4389 malis
3011 4338 3295 4406 extremis,
3331 4340 3499 4394 male-

1892 4429 2129 4484 dictione
2161 4439 2217 4482 et
2246 4440 2419 4483 morte
2448 4428 2727 4491 damnata,
2762 4436 2813 4483 et
2849 4429 3059 4498 peccati
3108 4430 3317 4499 laqueis
3358 4432 3499 4485 irrc-

200 4539 441 4598 tempore
468 4531 588 4584 sine
603 4528 825 4585 Christo
852 4528 1072 4582 alienati
1107 4544 1136 4581 a
1162 4529 1581 4585 conversatione
1597 4528 1787 4597 Israel,
1890 4523 2011 4585 ιῖιθ,
2048 4523 2288 4584 εηθιιεῑν
2322 4530 2379 4576 ει
2416 4531 2534 4576 erat»
2568 4519 2741 4593 786
2789 4521 2841 4575 in
2895 4523 3167 4586 tenebris;
3202 4523 3369 4578 Deum
3405 4541 3501 4579 ne-

196 4631 250 4676 et
287 4621 530 4691 hospites
572 4628 1047 4682 testamentorum,
1084 4620 1461 4689 promissionis
1494 4638 1645 4691 spem
1674 4638 1784 4680 non

1900 4615 2102 4670 sciebat
2147 4628 2296 4679 eum,
2328 4614 2421 4683 qui
2470 4624 2556 4669 est
2603 4624 2795 4669 natura
2844 4622 2898 4669 et
2947 4616 3212 4682 veritate;
3261 4633 3358 4687 pro
3390 4619 3501 4673 Deo

196 4710 471 4771 habentes.
492 4719 548 4765 et
564 4710 678 4765 sine
697 4710 806 4765 Deo
824 4710 874 4763 itt
911 4710 1012 4764 hoc
1038 4708 1237 4764 mundo
1254 4710 1393 4765 “°”.
1420 4731 1438 4763 ι
1469 4710 1638 4766 Erant
1666 4728 1796 4786 ergo
1898 4706 2065 4761 coluit
2089 4705 2483 4760 creaturam“.
2508 4704 2791 4775 Quomodo
2813 4707 2978 4777 igitur
3006 4707 3315 4775 hnjusmodi
3342 4712 3499 4767 malis

196 4810 383 4871 gentes
408 4800 462 4853 in
494 4802 695 4857 mundo
736 4802 859 4856 sine
892 4800 1025 4864 Deo,
1059 4816 1180 4855 cum
1217 4802 1425 4872 absque
1452 4801 1672 4858 Christo
1702 4819 1790 4861 es-
1894 4807 2109 4871 poterat
2152 4798 2414 4853 liberari?
2460 4800 2543 4853 Au
2588 4798 2721 4854 illud
2766 4799 3036 4863 dicemus,
3070 4804 3213 4871 quod
3254 4801 3337 4857 fas
3379 4814 3499 4858 erat

195 4902 335 4949 sent.
375 4890 575 4946 Verum
614 4892 870 4963 quoniam
925 4908 1049 4947 eum
1096 4907 1224 4948 vere
1275 4904 1330 4948 et
1376 4903 1571 4950 natura
1618 4896 1789 4953 Deum
1894 4892 2512 4951 humanitatiidivinam
2574 4904 2827 4948 naturam
2876 4894 3332 4962 apprehendere,
3377 4912 3499 4965 qua:

196 4999 315 5039 esse
361 4994 722 5055 agnoverunt,
766 4986 894 5054 ipsa;
929 5000 1143 5056 quoque
1189 4988 1255 5041 ab
1290 5003 1357 5043 eo
1390 4989 1589 5057 agnita
1633 5000 1783 5056 sunt,

200 5076 355 5131 iidem
380 5076 722 5141 conﬁtentes.
744 5089 798 5132 et
824 5078 937 5146 ipse
975 5090 1285 5149 assumptus
1334 5091 1418 5135 est
1473 5084 1525 5136 in
1590 5083 1783 5153 gloria,

195 5182 339 5227 certe
371 5174 578 5227 divina.
616 5172 802 5228 Psallit
832 5174 975 5227 enim
1010 5174 1201 5228 beatus
1231 5175 1397 5229 David
1426 5193 1441 5229 :
1482 5194 1501 5227 t
1528 5177 1787 5232 Ascendit

199 5265 337 5321 Deus
381 5266 434 5319 in
477 5266 737 5336 iubilo“.
766 5286 788 5319 ›
824 5268 1087 5322 Ascendit
1135 5269 1281 5321 enim
1317 5278 1466 5324 certe
1495 5283 1619 5325 eum
1663 5285 1787 5326 cor-

197 5371 342 5426 pore,
367 5372 469 5412 nec
496 5358 549 5413 in
580 5360 726 5414 nuda
755 5360 959 5415 deitate
986 5377 999 5413 :
1034 5358 1176 5414 Deus
1206 5361 1353 5415 enim
1385 5369 1505 5415 erat
1531 5361 1784 5417 incarna-

200 5459 301 5503 tus.

264 5604 307 5636 ”
371 5603 541 5658 Exod.
565 5606 813 5671 xxv,10.

919 5607 965 5638 ³⁸
1005 5607 1162 5665 Joan.
1186 5624 1298 5677 xtv,
1325 5609 1381 5664 5.

198 5684 241 5719 τι
275 5675 427 5729 ltout.
456 5692 494 5734 ι.
520 5675 613 5729 9.5.

1486 5607 1528 5639 "
1564 5607 1581 5661 Ι
1613 5608 1754 5662 Tim.
1803 5624 1884 5673 tu,
1940 5610 2027 5666 16.

1896 4989 2133 5043 nesciret
2163 4988 2410 5051 omnino,
2451 4986 2631 5056 qualis
2657 4994 2807 5041 esset
2836 4987 3070 5057 dignitas
3099 5000 3204 5040 nati
3263 5004 3305 5042 re
3332 4991 3501 5044 cmic-

1896 5080 2030 5142 stis,
2078 5094 2202 5133 cum
2252 5088 2400 5133 esset
2444 5078 2769 5148 ignorantiae
2818 5079 3059 5133 tenebris
3104 5093 3403 5150 occupata,
3445 5096 3500 5139 et

1896 5173 2103 5243 peccati
2138 5172 2393 5227 sordibus
2424 5172 2753 5241 inquinata?
2792 5171 3079 5239 Quomodo
3112 5186 3322 5243 poterat
3378 5177 3495 5231 fieri

1892 5276 1949 5319 ut
1996 5266 2430 5335 appreltenderet
2480 5275 2725 5321 sanctam
2773 5275 3026 5319 naturam
3055 5305 3071 5328 ,
3121 5277 3176 5320 et
3224 5266 3498 5336 acciperet

1892 5359 2142 5428 gloriam,
2169 5373 2332 5427 quam
2380 5371 2541 5411 nemo
2577 5357 2839 5423 inveniat,
2869 5358 2971 5413 nisi
3012 5360 3319 5427 acceperit?
3347 5360 3496 5415 Cou-

1892 5453 2155 5507 cedamus
2195 5452 2341 5507 enim
2396 5452 2542 5520 quod
2582 5454 2901 5521 cognoverit
2934 5448 3188 5515 fortasse,
3222 5462 3276 5506 et
3308 5453 3497 5509 scierit

2134 5610 2254 5643 ³’·³³
2290 5608 2487 5680 Ephes.
2519 5624 2579 5673 tt,
2638 5609 2725 5677 li,
2781 5611 2868 5668 12.
2990 5614 3032 5644 ³³
3065 5612 3209 5669 Psal.
3262 5630 3406 5677 XLVI.
3438 5613 3494 5669 6-

262 5815 528 5898 (l)_._llunc
562 5828 777 5898 quoque
816 5812 1102 5898 locum-fex
1142 5812 1331 5898 eadem
1366 5813 1618 5871 versione
1644 5814 1775 5871 citat
1819 5815 2110 5875 Facuudus
2169 5822 2390 5879 ibidem.
2454 5824 2595 5879 Citat
2625 5824 2789 5880 etiam
2828 5824 3086 5884 Leontius
3109 5825 3407 5898 Byzantius
3439 5820 3496 5878 in

198 5884 292 5943 tam
334 5888 456 5941 libri
498 5886 657 5955 primi
698 5886 963 5971 adversus
1007 5884 1397 5955 Entycltianos.
