3926 6480
3470 106 3769 199 -τ
3860 108 3873 159 1

450 421 590 475 £385
1436 412 1496 468 8.
1534 408 1804 469 εῐιιιιιι
1844 408 2045 465 Διειέ

2155 406 2318 463 )RlNl
2356 406 2683 465 ARCBIEP.
3629 403 3762 459 1384

450 533 854 604 apprehendere
902 533 1066 588 Deum
1115 528 1239 603 [pro
1270 529 1572 603 deitatem].
1611 530 1746 599 Quis
1799 540 1885 585 est
1932 528 2024 599 qui
2055 535 2098 592 Α
2130 528 2381 584 deitatis?
2419 527 2512 593 Vel
2552 525 2824 599 quomodo
2848 540 2957 582 non
2984 524 3059 581 sit
3086 524 3283 581 factus
3309 521 3649 586 altissimas,
3679 524 3759 589 qui

452 624 734 680 docuerit?
779 622 1108 691 «Quomodo
1164 620 1310 675 enim
1367 620 1632 683 credent,
1685 620 1787 674 nisi
1841 619 2032 674 audie-
2136 620 2189 675 in
2218 620 2446 691 gloriam
2472 634 2762 691 supernam
2789 618 3144 675 ascenderit!

454 715 655 770 ritu"?
681 733 700 767 ι
735 711 1001 769 Ceterum
1042 725 1149 765 non
1203 710 1255 765 id
1301 720 1384 763 est
1418 708 1827 779 apprehendere
1856 707 2033 764 deita-

454 818 583 866 tem.
612 816 665 860 ct
693 803 1104 861 convenientem
1144 802 1192 857 ei
1223 801 1450 870 gloriam
1484 815 1699 868 capere.

524 896 666 966 Ergo
702 894 984 950 decentius
1026 893 1117 957 sit,
1146 900 1203 945 et
1242 900 1391 944 recte
1417 888 1656 958 quidem,
1690 889 1762 941 ita
1806 886 2033 953 sentire,

452 991 594 1059 qnod
623 1000 844 1042 servare
867 984 1053 1039 volens
1078 982 1130 1037 id
1154 982 1297 1050 quod
1323 981 1581 1048 perierat,
1608 978 1943 1034 descendens
1967 979 2035 1033 ad

455 1097 552 1136 nos
597 1081 736 1134 Deus
774 1077 1031 1140 Verbum,
1081 1088 1177 1143 per
1214 1073 1360 1145 quod
1406 1072 1612 1135 omnia,
1651 1078 1708 1125 et
1753 1070 1806 1124 in
1856 1069 1908 1124 id
1951 1084 2034 1133 se,

2206 710 2372 781 Igitur
2402 710 2632 765 dicimus
2661 724 2765 764 non
2799 707 3080 763 hominem
3131 706 3318 762 Deum
3372 718 3506 760 esse
3535 702 3757 765 (suam.

2134 803 2228 858 sed
2259 803 2440 873 potius
2468 802 2669 858 tactum
2688 815 2808 858 esse
2830 799 2884 855 in
2908 799 3278 864 exinanitate,
3299 790 3543 869 propter
3568 796 3759 850 buma-

2136 894 2383 960 nitatem,
2406 893 2575 950 Deum
2596 892 2853 961 Verbum,
2878 892 2973 962 qui
2999 902 3122 946 erat
3144 891 3205 946 in
3225 890 3562 961 equalitate
3584 888 3760 944 Patris

2135 994 2189 1042 et
2219 986 2394 1041 forma
2432 1004 2445 1039 :
2491 985 2804 1041 esinanitus
2832 994 2918 1041 est
2960 985 3109 1040 enim
3141 983 3254 1038 hoc
3301 981 3504 1049 modo,
3539 992 3760 1052 propter

2137 1076 2550 1133 similitudinem
2591 1084 2859 1142 nostram,
2884 1090 3012 1131 eum
3044 1082 3196 1130 esset
3222 1073 3455 1144 plenus,
3492 1084 3556 1128 ut
3594 1074 3759 1128 Deus.

452 1172 597 1240 qttod
640 1186 747 1225 non
792 1174 932 1233 erat,
974 1165 1219 1230 immisit,
1253 1173 1310 1218 ut
1352 1172 1408 1218 et
1455 1162 1692 1217 hominis
1738 1172 1952 1226 natura,
1983 1161 2037 1216 ἱιΙ
2138 1166 2463 1224 ﬂammatus
2488 1174 2572 1223 es],
2599 1176 2822 1238 propter
2851 1180 3100 1233 carnem,
3128 1166 3207 1221 in
3243 1173 3305 1219 ιιι
3330 1180 3363 1219 ι
3400 1166 3614 1221 diving
3650 1179 3757 1219 ωε-

452 1261 594 1331 quod
639 1275 743 1315 non
766 1267 904 1326 erat,
938 1256 1123 1324 ﬁeret;
1154 1264 1209 1311 et
1248 1252 1445 1308 divinat
1476 1252 1777 1324 majestatis
1804 1252 2039 1323 dignita-

2158 1262 2349 1324 estatis
2396 1259 2617 1331 fastigio
2662 1274 2769 1315 nou
2813 1258 3145 1324 descendat;
3176 1261 3374 1314 sedem
3400 1258 3560 1313 enim
3596 1259 3764 1311 habet

454 1354 598 1408 tibus
627 1366 723 1422 per
747 1349 1127 1404 adunationetn
1162 1356 1469 1418 ριιειοειιι.
1500 1359 1621 1414 (108
1651 1343 1930 1399 NNCVIII
1954 1351 2041 1398 εει
2138 1350 2481 1408 altissimam.
2526 1350 2728 1407 Factus
2779 1359 2865 1407 est
2914 1350 2969 1405 in
3015 1348 3386 1405 similitudine
3439 1348 3759 1409 hominum,

454 1444 627 1513 magis
669 1441 807 1495 ultra
851 1449 1124 1505 naturam,
1166 1452 1330 1509 quam
1372 1435 1559 1505 dejicit
1600 1433 1739 1489 inira
1788 1442 2037 1490 naturam

2155 1456 2260 1497 :um
2294 1442 2371 1498 sit
2395 1442 2638 1513 ejusdem
2671 1440 2860 1498 forma
2884 1456 3009 1497 cum
3035 1439 3220 1504 Patre,
3245 1449 3448 1509 utpote
3481 1436 3652 1510 cujus
3681 1449 3763 1493 est

456 1535 817 1590 invertibilem
847 1532 1041 1587 Deum.
1074 1528 1418 1586 Conveniens
1450 1538 1589 1592 erat,
1623 1537 1681 1581 ut
1709 1524 2040 1595 incorrupti-

2155 1532 2313 1603 ignra
2341 1534 2688 1590 substantia.
2713 1532 2914 1589 Verum
2950 1532 3206 1603 quoniam
3233 1530 3410 1587 semel
3452 1531 3648 1586 factus
3681 1542 3762 1585 est

456 1626 580 1681 bilis
612 1634 805 1679 natura
840 1620 1273 1693 apprehenderet
1302 1617 1730 1687 corruptibilem,
1764 1623 1823 1669 ut
1857 1629 1977 1669 eam
2007 1628 2039 1669 a
2133 1624 2288 1693 ίυιιε
2325 1640 2446 1692 μοι,
2476 1623 2791 1681 “cum
2836 1624 3035 1679 dicit."
3065 1638 3188 1680 cum
3222 1634 3396 1678 cam
3429 1622 3490 1675 in
3523 1620 3759 1691 gloria-

457 1716 806 1785 corruptione
858 1714 1136 1768 liberaret.
1185 1708 1527 1767 Conveniens
1580 1718 1701 1763 erat
1750 1722 1897 1771 eum,
1946 1705 2039 1776 qui
2141 1716 2380 1782 acim“,
2411 1730 2571 1785 quam
2606 1722 2883 1785 ριιεοιωι
2912 1714 3131 1785 quidem
3179 1711 3349 1768 ιιιδει
3399 1711 3571 1781 (ιωσί
3631 1726 3759 1777 ιιι-ο.

457 1822 682 1879 peccare
713 1821 818 1862 non
854 1812 1101 1871 noverat,
1120 1813 1243 1859 cum
1276 1801 1652 1871 peccatoribus
1679 1799 2037 1867 conformari,

2155 1808 2338 1877 priam,
2376 1807 2482 1863 alio
2515 1816 2694 1862 tamen
2722 1816 2883 1877 pacto
2908 1807 2962 1861 in
2988 1820 3052 1861 ea
3080 1805 3203 1871 fuit,
3231 1813 3467 1874 propter
3500 1804 3760 1857 humani-

457 1873 515 1953 ίιι
552 1907 770 1967 peccata
812 1902 1203 1965 εοωρθκοτα·
1232 1891 1698 1962 ουεωιάωοάυω
1730 1890 1874 1945 enim
1915 1890 2039 1944 “bi'
2067 1873 2116 1934 Β
2142 1873 2350 1957 ιειοπιίε
2382 1899 2641 1955 Dominus
2664 1873 2812 1956 enim
2845 1898 3089 1955 omnium
3127 1873 3250 1953 esse
3278 1896 3560 1962 creditur,
3588 1896 3757 1950 etiam

462 2004 679 2059 cunque
716 1990 804 2042 lus
860 1987 1052 2053 fuerit,
1091 1985 1266 2057 caligo
1310 1984 1499 2040 interit
1537 1982 1920 2049 tenebrarum;
1968 1981 2042 2035 ita

458 2085 621 2137 etiam
682 2080 1093 2136 immortalitate
1141 2087 1410 2148 praesente
1435 2118 1451 2144 ,
1483 2076 1661 2133 omnis
1694 2083 1844 2130 certe
1877 2075 2045 2143 pestis

460 2175 680 2245 fugitiva
713 2172 984 2237 discedet;
1017 2182 1072 2226 et
1102 2180 1371 2240 praesente
1394 2181 1460 2225 eo
1509 2168 1600 2237 qui
1629 2176 1909 2237 peccatum
1937 2179 2041 2220 non

460 2263 606 2319 novit
645 2262 964 2333 (quietiam
996 2258 1279 2329 proprium
1314 2258 1420 2313 sibi
1444 2272 1641 2327 corpus
1669 2255 1871 2321 el'ecit,
1898 2254 2042 2327 quod

456 2364 543 2412 est
571 2355 690 2409 sine
719 2353 795 2424 (l)
822 2349 1087 2423 peccato),
1115 2351 1270 2405 cedet
1300 2364 1462 2404 omne
1493 2359 1793 2418 peccatum.

528 2447 681 2515 Quod
731 2460 859 2500 vero
898 2441 1153 2507 Verbum,
1182 2456 1304 2495 cum
1356 2450 1501 2496 esset
1532 2438 1695 2506 Deus,
1736 2439 1939 2495 factum
1972 2440 2047 2495 sit

460 2538 645 2599 homo,
674 2546 731 2589 et
762 2549 867 2588 non
897 2532 1073 2603 magis
1101 2532 1263 2585 homo
1291 2530 1744 2601 τεθεοτωιημινος
1775 2530 2043 2602 intelliga-

463 2641 549 2684 tur
576 2629 841 2692 Christus,
871 2626 1036 2681 etiam
1078 2640 1145 2679 es
1180 2625 1352 2678 sacris
1400 2622 1619 2678 Litteris
1648 2623 1828 2679 enitar
1856 2633 2044 2678 osten-

462 2726 608 2777 dere.
656 2722 743 2776 Ait
776 2720 941 2791 igitur
967 2720 1157 2773 beatus
1186 2716 1387 2770 Paulus
1416 2717 1483 2771 de
1518 2714 1811 2785 Unigenito
1842 2736 1856 2770 :
1892 2734 1911 2765 ι
1940 2714 2044 2783 Qui

459 2830 582 2870 cum
631 2813 685 2868 in
730 2810 903 2866 l‘urma
954 2809 1046 2865 Dei
1090 2818 1258 2874 esset,
1298 2824 1404 2862 non
1458 2808 1702 2877 rapinam
1750 2806 2047 2863 arbitratus

459 2920 566 2974 est,
593 2916 651 2961 ut
680 2913 824 2960 esset
853 2902 1077 2972 aqualis
1101 2902 1241 2967 Deo;
1267 2900 1362 2955 sed
1387 2900 1685 2955 exinanivit
1710 2914 1791 2965 se,
1816 2900 2046 2955 formam

460 2998 604 3053 servi
654 2995 950 3066 accipiens,
985 2994 1039 3047 in
1086 2991 1495 3047 similitudinem
1540 2990 1819 3046 hominum
1849 2989 2044 3056 factus,

460 3099 519 3145 et
551 3087 735 3144 habitu
770 3086 1023 3141 inventus
1053 3094 1112 3139 ut
1148 3084 1330 3139 homo.
1366 3081 1678 3137 Humiliavlt
1706 3096 1826 3138 sese
1872 3080 2047 3139 factus

2145 2007 2268 2048 cum
2310 2006 2495 2048 carne.

2218 2082 2482 2139 Flectitur
2506 2091 2688 2138 autem
2721 2080 2823 2153 ipsi
2852 2093 3015 2136 omne
3045 2094 3211 2151 genu,
3241 2080 3295 2133 et
3328 2078 3384 2133 id
3416 2095 3534 2135 non
3564 2080 3638 2132 ad
3667 2078 3757 2132 do-

2145 2174 2315 2230 lorem
2338 2183 2394 2231 et
2418 2172 2802 2231 contumeliam
2826 2171 3027 2236 Patris,
3053 2168 3149 2226 sed
3175 2170 3353 2241 magis
3374 2172 3446 2224 ad
3473 2170 3714 2240 gloriam
3740 2188 3752 2222 :

2144 2267 2346 2338 gaudet
2385 2266 2556 2334 enim,
2580 2275 2635 2321 et
2654 2264 3014 2337 gloriﬁcatur,
3036 2262 3161 2317 dum
3206 2261 3277 2315 ab
3303 2262 3639 2317 hominibus
3670 2261 3755 2317 Fi-

2146 2358 2249 2415 lius
2272 2357 2553 2423 edantur,
2573 2356 2703 2412 licet
2734 2354 2911 2410 factus
2933 2355 3005 2411 sit
3028 2352 3220 2410 similis
3244 2354 3439 2407 nostri.
3472 2353 3754 2423 Scriptum

2145 2465 2276 2506 vero
2309 2460 2391 2505 est
2422 2464 2616 2505 rursus
2644 2467 2659 2504 :
2696 2466 2715 2500 ι
2744 2446 2863 2503 Non
2894 2447 3043 2503 enim
3091 2444 3313 2517 angelos
3359 2446 3750 2515 apprehendit,

2147 2542 2242 2598 sed
2264 2555 2450 2598 semen
2476 2541 2745 2607 Abrahae;
2772 2540 2917 2595 unde
2939 2538 3128 2595 debuit
3150 2553 3247 2606 per
3270 2537 3454 2591 omnia
3491 2536 3752 2591 fratribus

2151 2633 2530 2690 assimilari“.
2571 2651 2591 2684 ι
2656 2632 2798 2689 Ecce
2850 2645 3036 2688 semen
3092 2630 3327 2684 Abraha
3384 2628 3753 2699 apprehendit

2148 2726 2384 2783 Verbum
2418 2725 2587 2794 Deus,
2616 2733 2673 2780 et
2712 2739 2820 2780 non
2863 2725 3049 2789 homo,
3095 2723 3281 2778 nescio
3311 2721 3437 2791 quis
3470 2721 3651 2775 nostri
3678 2722 3751 2773 si-

2148 2820 2293 2876 milis
2323 2818 2582 2875 deitatem
2608 2816 2988 2889 apprehendit,
3016 2825 3073 2871 et
3117 2816 3233 2886 ipse
3279 2813 3437 2869 nobis
3476 2813 3751 2867 assimila-

2150 2920 2256 2976 tur,
2301 2919 2357 2965 et
2404 2917 2747 2979 nuncupatur
2794 2906 2965 2963 frater
3014 2914 3227 2972 noster,
3274 2915 3332 2959 ut
3376 2906 3587 2969 homo,
3646 2919 3749 2958 non

2148 3009 2413 3073 quantum
2440 3010 2525 3057 est
2558 3000 2625 3057 ad
2657 3000 2873 3056 deitatis
2912 3006 3187 3055 naturam.
3234 3017 3253 3050 ι
3287 2998 3559 3065 Quoniam
3596 3000 3749 3067 pueri

2147 3092 2694 3150 communicaverunt
2718 3091 2873 3147 carni
2906 3100 2961 3146 et
2981 3090 3257 3161 sanguini,
3276 3098 3331 3143 et
3353 3090 3470 3158 ipse
3494 3088 3750 3143 similiter

460 3178 722 3234 obediens
752 3190 922 3246 usque
950 3174 1017 3230 ad
1052 3182 1304 3239 mortem,
1336 3182 1569 3227 mortem
1616 3182 1798 3227 autem
1836 3172 2041 3227 crucis.

2155 3184 2497 3257 participavit
2530 3184 2632 3250 eis,
2660 3193 2721 3239 ut
2748 3196 2847 3255 per
2880 3192 3112 3238 mortem
3145 3181 3455 3237 destrueret
3496 3194 3625 3235 eum
3658 3180 3747 3249 qui

462 3274 757 3341 Propterea
783 3279 840 3325 et
870 3268 1013 3324 Deus
1058 3268 1235 3337 ipsum
1265 3264 1718 3335 superexaltavit,
1746 3274 1802 3321 et
1827 3265 2049 3322 donavit

463 3361 538 3416 illi
564 3374 758 3414 nomen
782 3357 926 3428 quod
946 3365 1032 3412 est
1061 3370 1223 3427 super
1249 3370 1413 3410 oume
1444 3364 1737 3421 nomen,nt
1756 3356 1810 3410 in
1833 3355 2052 3412 nomine

462 3452 591 3509 Iesu
620 3449 821 3506 Christi
852 3464 1013 3505 omne
1042 3464 1181 3519 genu
1222 3447 1472 3502 flectatur
1500 3448 1828 3510 cmlestlum,
1856 3457 1912 3501 et
1941 3454 2054 3502 ter-

467 3558 745 3607 renorum,
774 3552 830 3596 et
857 3541 1218 3604 infernurum,
1242 3549 1297 3593 et
1322 3538 1501 3593 omnis
1524 3538 1704 3609 lingua
1728 3538 2052 3594 conllteatur

463 3637 609 3707 quod
642 3635 903 3691 Dominus
926 3631 1087 3688 Jesus
1119 3630 1374 3687 Christus
1405 3630 1458 3685 in
1485 3631 1657 3699 gloria
1697 3640 1781 3687 est
1826 3631 1915 3686 Dei
1943 3629 2047 3685 Pa-

468 3729 566 3783 tris
581 3727 623 3758 "

540 3818 709 3885 Quem
759 3816 923 3887 igitur
971 3813 1242 3889 dicem-us,
1273 3813 1329 3867 in
1377 3810 1552 3866 forma
1602 3810 1696 3865 Dei
1740 3824 1881 3876 esse,
1914 3809 2049 3864 etin

465 3908 774 3978 aqualitatc
808 3905 1008 3968 Patris,
1038 3914 1093 3958 et
1123 3904 1235 3958 hac
1266 3917 1369 3957 non
1400 3902 1645 3971 rapinam
1681 3899 2005 3954 arbitratum
2032 3916 2049 3967 ;

468 4001 562 4055 sed
593 3996 941 4053 descendisse
965 3995 1135 4067 magis
1157 3994 1210 4049 in
1235 3992 1646 4056 exinanitatem,
1670 4002 1724 4046 et
1745 3991 1797 4046 in
1821 3989 2051 4047 formam

466 4092 635 4155 servi,
654 4100 703 4145 et
726 4105 783 4144 se
803 4087 1205 4150 humiliantem,
1225 4087 1351 4140 etin
1377 4084 1785 4141 similitudinem
1811 4092 2051 4139 nostram

466 4185 632 4239 luisse
660 4180 893 4236 factum?
945 4177 1002 4234 Si
1053 4180 1327 4234 hominem
1358 4177 1558 4231 factum
1594 4192 1661 4231 ex
1695 4177 1926 4231 muliere
1953 4191 2053 4229 nu-

468 4277 593 4329 dum
637 4284 693 4328 et
726 4272 901 4327 solum
934 4289 948 4325 :
981 4270 1253 4340 quomodo
1284 4267 1517 4322 habebat
1547 4266 1962 4337 plenitudinem,
1995 4274 2055 4320 ut

468 4364 801 4434 intelligatur
848 4360 1191 4418 esinamtus?
1245 4358 1337 4414 Vel
1390 4359 1441 4413 in
1496 4374 1597 4427 qua
1651 4369 1810 4415 antea
1844 4359 2054 4429 positus

465 4455 807 4517 celsitudine,
840 4464 1011 4508 semet
1046 4450 1365 4507 humiliasse
1394 4449 1626 4505 dicitur?
1660 4449 1753 4504 Vel
1784 4450 2054 4519 quomodo

2152 3277 2438 3348 imperium
2479 3275 2691 3332 obtinet
2723 3274 2940 3340 mortis,
2973 3274 3025 3328 id
3054 3281 3159 3340 est,
3188 3272 3489 3336 diabolum,
3522 3280 3579 3327 ct
3619 3272 3748 3326 libe-

2153 3377 2303 3423 raret
2329 3381 2424 3422 eos
2444 3366 2537 3436 qui
2562 3366 2755 3421 timore
2784 3365 2981 3420 mortis
3009 3379 3107 3434 per
3128 3374 3343 3419 omnem
3371 3362 3538 3415 vitam
3565 3363 3742 3415 nativa

2154 3457 2577 3512 continebantur
2605 3455 2869 3511 servitute
2884 3454 2953 3510 ”.
2975 3472 2994 3506 ι
3032 3452 3171 3508 Ecce
3206 3453 3402 3507 iterum
3434 3451 3574 3521 ipse,
3602 3451 3746 3504 simi-

2154 3546 2279 3603 liter
2312 3562 2377 3602 ac
2414 3540 2539 3610 nos,
2560 3544 2902 3616 participavit
2929 3544 3179 3615 sanguini
3208 3553 3260 3598 et
3286 3543 3457 3604 carui,
3483 3554 3540 3596 et
3568 3555 3631 3595 ea
3661 3556 3744 3594 res

2152 3651 2375 3692 causam
2434 3636 2598 3691 habet
2660 3634 3011 3704 conjunctam
3058 3635 3240 3689 statim
3287 3648 3350 3688 ac
3400 3633 3739 3701 proximam;

2152 3727 2414 3797 scriptum
2461 3735 2549 3781 est
2593 3726 2788 3783 enim:
2829 3744 2848 3777 ‹
2876 3724 3012 3779 Nam
3063 3728 3208 3795 quod
3262 3724 3599 3793 impossibile
3628 3734 3741 3776 erat

2156 3819 2281 3889 legi,
2318 3818 2374 3872 in
2419 3832 2528 3887 quo
2582 3816 2961 3872 iniirmabatur
3006 3816 3062 3871 in
3112 3831 3300 3881 carne,
3354 3815 3499 3869 Deus
3553 3814 3738 3868 Filium

2156 3923 2311 3964 suum
2364 3907 2513 3961 misit
2564 3906 2618 3961 in
2664 3905 3020 3963 similitudine
3064 3907 3245 3961 carnis
3297 3906 3527 3975 peccati,
3580 3917 3633 3959 et
3678 3906 3738 3960 de

2155 4008 2379 4073 peccato
2433 3999 2717 4054 damnavit
2766 4008 3054 4070 peccatum
3090 4000 3143 4054 in
3181 4000 3429 4055 carne“.
3462 4020 3480 4051 ι
3515 4000 3738 4053 Attende

2159 4092 2380 4156 iterum,
2409 4090 2553 4159 quod
2588 4104 2694 4145 non
2729 4089 2891 4146 homo
2920 4088 3184 4145 aﬂ'ectans
3224 4100 3473 4143 naturam
3510 4091 3733 4144 divinam

2157 4183 2492 4249 ostenditur,
2532 4192 2587 4237 et
2634 4182 2703 4235 ad
2752 4182 2875 4253 ejus
2914 4181 3234 4253 dignitatem
3275 4182 3607 4249 ascendens;
3646 4187 3733 4237 sed

2156 4275 2379 4331 mittens
2412 4273 2586 4343 magis
2614 4270 2813 4327 Filium
2845 4289 3004 4329 suum
3038 4272 3179 4328 Deus
3209 4280 3263 4327 et
3298 4271 3484 4339 Pater,
3512 4275 3564 4328 in
3600 4275 3733 4330 siml-

2158 4366 2391 4422 litudine
2447 4366 2630 4422 carnis
2679 4367 2914 4437 peccati,
2975 4374 3034 4420 ut
3086 4367 3393 4422 destrueret
3440 4379 3726 4436 peccatum.

2157 4458 2320 4531 787
2353 4459 2493 4529 Ergo
2530 4459 2780 4525 verbum,
2804 4474 2927 4513 cum
2959 4457 3102 4514 Deus
3130 4459 3221 4524 sit,
3261 4473 3321 4514 se
3351 4460 3405 4514 in
3441 4460 3731 4515 exinanita-

468 4550 521 4603 in
558 4547 968 4602 similitmlinem
1000 4546 1273 4598 hominum
1311 4544 1484 4596 factus
1506 4552 1612 4605 est,
1641 4542 1730 4611 qui
1772 4541 1823 4596 id
1856 4550 1975 4595 erat
1998 4551 2045 4597 et

2160 4565 2264 4606 tem
2300 4554 2464 4606 homo
2498 4551 2673 4605 factus
2703 4550 2948 4615 immisit,
2984 4558 3038 4605 et
3071 4564 3177 4606 non
3215 4549 3380 4604 homo
3404 4552 3727 4620 simpliciter,

468 4652 626 4696 antea
646 4654 741 4709 per
763 4650 1035 4701 naturam,
1054 4637 1153 4691 etsi
1182 4636 1231 4690 id
1258 4635 1431 4689 iactus
1456 4636 1595 4690 forte
1612 4650 1715 4689 non
1739 4633 2049 4689 diceretur?

472 4734 570 4791 libi
605 4744 783 4786 autem
830 4731 1143 4785 esinanitus
1190 4738 1295 4792 est,
1334 4742 1621 4781 assumens
1657 4725 2045 4796 plenitudinem

1082 4862 1230 4918 CAP.
1274 4860 1413 4916 Xlll.

569 4980 721 5044 Quod
745 4978 985 5033 Christus
1010 4975 1165 5031 Jcstts
1188 4988 1399 5029 vocetur
1417 4976 1574 5028 homo
1598 4975 1769 5043 {actus
1793 4974 1934 5030 Deus
2020 4958 2025 4961 Δ

1136 5046 1377 5100 Verbum.

538 5162 968 5231 Dispensationis
988 5163 1250 5217 incarnati
1272 5160 1549 5230 Uuigeniti
1576 5162 1890 5231 mysterium
1914 5163 2041 5215 sub-

463 5255 608 5307 tilius
658 5254 1098 5315 considerantes,
1154 5252 1203 5305 id
1252 5252 1564 5315 asseriutus,
1628 5253 1784 5305 tidem
1841 5262 2041 5307 rectam

462 5356 743 5396 servantes
776 5355 830 5397 et
853 5360 1038 5396 verum
1066 5361 1079 5397 :
1107 5346 1249 5411 quod
1277 5344 1448 5412 ipsum
1469 5340 1646 5398 Patris
1670 5343 1761 5397 Dei
1788 5343 2040 5409 Verbum,

465 5434 602 5489 Deus
638 5452 791 5489 verus
815 5450 879 5489 ex
913 5434 1022 5489 Deo
1056 5450 1204 5496 vero,
1241 5445 1293 5488 et
1324 5433 1505 5487 lumen
1570 5435 1636 5487 de
1697 5435 1921 5503 lumine,
1955 5436 2037 5489 iu-

536 5638 582 5667 ³⁸
621 5638 773 5690 lium.
808 5652 857 5692 Χ,
896 5636 978 5688 N.

1059 5636 1100 5665 ³’
1141 5634 1371 5703 I‘ltiiim‘.
1408 5651 1462 5695 tt,
1494 5634 1651 5689 (i'ii.
1736 5635 1777 5665 ⁸⁸⁸
1818 5636 1979 5689 licitr.
2013 5653 2045 5689 tt

2155 5638 2193 5699 ς,
2231 5639 2315 5691 t7.
2400 5639 2442 5671 ³ο
2480 5640 2608 5697 Ibid.
2646 5642 2727 5709 tt,
2757 5644 2841 5709 is.

2155 4641 2395 4697 divinam
2435 4642 2663 4714 gloriam
2702 4639 2986 4707 adfectans,
3024 4642 3277 4698 Christus
3319 4642 3551 4697 videtur.

2715 4864 2965 4918 ΚΕΦΔΔ.
3008 4863 3064 4916 ιι
3088 4903 3103 4917 .

2156 4978 2283 5032 Ὅτι
2312 4980 2566 5047 Χριστὸς
2594 4978 2835 5045 Ἰησοῦς
2854 4978 3119 5032 καλεῖται
3150 4978 3413 5048 γεγονὼς
3432 4979 3719 5047 ὥνθρωπος

2645 5053 2677 5103 o'
2710 5050 2819 5104 τοῦ
2858 5048 3005 5103 Θεοῦ
3029 5053 3239 5117 Λόγος.

2223 5164 2335 5234 Τῆς
2406 5165 2544 5233 μετὰ
2601 5163 2806 5234 σαρκὸς
2872 5166 3189 5232 οἰκονομίας
3251 5162 3348 5217 τοῦ
3402 5161 3713 5232 Μονογενοῦς

2148 5256 2633 5327 πολυπραγμονεῖν
2707 5254 2991 5318 ἐθέλοντες
3045 5254 3105 5307 τὸ
3160 5255 3503 5325 μυστήριον,
3560 5252 3711 5306 tuM

2153 5364 2353 5418 φαμεν,
2391 5347 2546 5411 δόξαν
2574 5348 2787 5417 ἔχοντες
2824 5346 3026 5418 ἀληθῆ,
3065 5348 3159 5400 καὶ
3192 5347 3378 5399 πίστιν
3408 5345 3590 5417 ὀρθὴν,
3615 5348 3708 5399 ὅτι·

2150 5456 2257 5509 περ
2306 5440 2468 5503 αὐτὸς
2512 5440 2540 5490 ὁ
2590 5441 2653 5493 ὲκ
2704 5439 2841 5493 Θεοῦ
2897 5440 3109 5509 Harpe;
3146 5441 3338 5507 Λόγος,
3392 5442 3422 5491 ὁ
3487 5438 3705 5510 ἀληθινὸς

2922 5642 2966 5674 ⁸⁸
3004 5639 3157 5696 Rom.
3186 5654 3299 5704 vttt,
3327 5640 3382 5694 3.

534 5821 612 5889 (l)
658 5820 837 5873 Duitt'l.
883 5820 1007 5891 legit
1048 5822 1099 5871 iu
1148 5836 1243 5890 pro
1284 5821 1412 5886 sine,
1457 5822 1677 5886 rectius,
1726 5832 1776 5875 ut
1820 5824 2047 5877 tidetut'.
2094 5825 2247 5878 litin.

3324 6426 3377 6433 πθ
3420 6208 3867 6438 ’έεηῲῖεὲ-κ]
