3926 6460
116 493 299 552 i389

1141 483 1431 542 SCIIOIJA
1479 485 1563 540 DE
1605 478 2123 541 ΙΜᾺΚΝΛΉΟΝΕ
2171 473 2547 532 UNIGENITI.
2654 494 2661 517 ι

3382 471 3523 527 1590

116 625 250 666 uas
311 620 580 662 sursum
635 602 1189 673 superolmmbrautes
1241 603 1436 670 pennis
1478 604 1592 657 suis
1644 616 1809 671 super
1839 608 1881 661 Α
1916 597 2095 651 ntinus
2163 604 2352 650 noster
2408 593 2566 647 .lesus
2603 590 2875 652 Christus,
2931 587 3167 655 imagine
3209 597 3264 641 et
3325 586 3518 658 ﬁgura,

112 701 649 775 propitiatoriqu
669 715 683 765 ;
703 708 753 752 et
772 696 950 749 vultus
968 711 1156 751 eorum
1182 696 1486 751 adinvicem
1520 695 1809 763 respicien-

118 810 223 852 tes
256 790 756 865 propitiatorium
781 799 942 844 erunt
961 790 1025 842 ".
1048 807 1067 840 ι
1100 786 1353 858 ιΕιιίειηιι
1371 788 1737 842 certissimum
1758 786 1809 839 id

118 889 243 950 sit,
290 886 510 939 Deum
543 882 779 936 Verbum
806 880 970 934 etiam
1001 879 1053 933 in
1090 879 1427 934 humanitate
1460 880 1625 933 Deum
1657 893 1810 931 man-

118 981 341 1041 sisse,
375 985 447 1029 et
488 976 542 1027 in
594 989 690 1027 sua
737 973 906 1043 gloria
954 987 1018 1025 ac
1071 971 1386 1039 majestate.
1429 971 1530 1025 etsi
1587 980 1811 1040 propter

125 1066 681 1137 dispensationem
739 1064 915 1117 factus
978 1064 1048 1117 sit
1098 1063 1295 1117 similis
1355 1063 1573 1118 nostri:
1623 1063 1811 1130 Propi—

122 1161 489 1216 liatoriutn
522 1170 757 1225 namque
781 1170 876 1222 per
908 1156 1063 1208 ﬁdem
1101 1155 1277 1208 factus
1300 1163 1383 1208 est
1409 1155 1566 1210 nobis
1592 1152 1811 1205 Emma-

127 1250 316 1304 nuel.
368 1247 444 1302 ιιι
504 1256 683 1300 autem
740 1245 893 1298 nobis
940 1244 1314 1314 comprobavit
1371 1244 1809 1312 sapientissimus

125 1340 439 1395 Joannes
509 1340 695 1393 dicens
744 1353 758 1388 :
805 1354 823 1387 ι
862 1335 1071 1400 Filioli,
1107 1336 1290 1390 scribo
1348 1336 1532 1399 vobis,
1585 1346 1641 1389 ut
1702 1350 1807 1387 non

133 1435 439 1502 peccetis
475 1450 491 1497 ;
523 1434 616 1485 secl
650 1431 697 1483 si
720 1430 861 1499 .qnis
907 1431 1246 1497 peccaverit,
1278 1428 1681 1483 consolatorem
1716 1427 1809 1479 ba-

144 1525 391 1578 bemus
460 1524 609 1592 apud
676 1519 928 1583 Patrem,
990 1516 1174 1572 Jesum
1226 1518 1499 1573 Christum
1546 1518 1805 1583 justum;

141 1626 213 1669 εει
254 1616 402 1685 ίῐιδθ
440 1624 533 1667 est
597 1612 906 1682 pt'opilialio
967 1626 1063 1679 pro
1110 1611 1345 1678 peccatis
1386 1611 1583 1666 nostris
1613 1608 1752 1662 ‘9'“.
1785 1628 1802 1656 ι

140 1708 280 1762 Nec
320 1723 456 1760 ιιοιι
511 1706 672 1759 etiam
713 1704 907 1757 Paulus
932 1747 945 1767 ,
1002 1724 1019 1752 ι
1050 1701 1220 1768 Quem
1279 1703 1575 1771 proposuit,
1612 1702 1805 1768 inquit,

146 1798 326 1854 Deus
377 1799 805 1868 propitiatorem
841 1810 935 1864 per
981 1795 1135 1847 (idem
1173 1795 1223 1846 iu
1254 1809 1353 1847 suo
1388 1795 1651 1863 sanguine
1694 1792 1801 1841 ⁵ο.»

232 1892 554 1947 Caeterum
596 1905 758 1944 cerne
781 1888 1074 1943 Cherubin]
1104 1887 1522 1941 circumstantes
1548 1886 1807 1954 propitia-

146 1984 395 2039 torium
416 2024 436 2047 ,
474 1993 529 2037 et
559 1981 1120 2050 superobumbrantes
1151 1981 1370 2048 quidem
1398 1979 1591 2047 pennis
1621 1996 1634 2043 ;
1664 1994 1798 2031 eon-
1839 1960 1879 2013 Β

145 2089 379 2128 versos
466 2084 648 2128 autem
703 2075 768 2127 ad
822 2073 1292 2143 propitiatorium,
1340 2082 1393 2125 et
1459 2086 1594 2138 pene
1654 2072 1803 2125 uuttti

150 2163 496 2219 Dominico
520 2165 734 2220 oculqu
786 2166 1145 2219 intendentes.
1185 2164 1262 2216 Ad
1304 2162 1393 2217 Dei
1424 2163 1568 2215 enim
1610 2162 1804 2215 volun-

148 2265 350 2309 tatem
393 2263 615 2309 tautum
664 2255 883 2321 respicit
917 2263 1104 2308 sancta
1156 2253 1462 2307 cmlestium
1515 2250 1803 2319 Spiritnum

151 2345 535 2405 multitudo.
567 2354 622 2399 et
670 2360 944 2413 nunquam
992 2345 1083 2399 Dei
1138 2346 1370 2397 satiatur
1426 2353 1670 2410 aspectu.
1727 2342 1803 2393 Ita

153 2437 392 2492 Filium
461 2438 725 2507 prepheta
786 2439 953 2494 Isaias
1007 2438 1209 2492 vidisse
1255 2452 1313 2490 se
1363 2437 1492 2489 dicit
1563 2437 1613 2488 in
1676 2436 1802 2489 se'le

156 2530 471 2583 altissima
520 2539 575 2583 et
617 2510 1085 2591 eminentissima:
1125 2528 1606 2583 rirrumstautiluts
1634 2526 1799 2580 Sera-

155 2622 331 2689 pltiut
366 2632 433 2675 et
460 2621 879 2690 obsequentibus
906 2623 951 2673 ei
987 2632 1043 2673 ιιι
1070 2620 1177 2673 Deo
1202 2621 1245 2649 ³⁸
1267 2647 1278 2658 -

765 2752 929 2824 790
959 2753 1110 2806 CAP.
1147 2751 1265 2806 xv.

670 2871 827 2922 Aliud
867 2870 931 2923 de
963 2870 1108 2938 virga
1144 2867 1330 2921 Mosis.

248 2986 662 3045 Destinabatur
710 2985 998 3053 aliquando
1033 2984 1247 3036 divinus
1296 2982 1505 3052 Moyses
1548 2993 1603 3033 ιιι
1638 2981 1803 3034 Israel

162 3080 243 3135 ab
269 3078 680 3149 [Egyptiurutn
704 3076 955 3129 violentia
994 3074 1267 3127 liberaret.
1304 3073 1501 3127 Verum
1542 3074 1799 3141 quoniam

167 3186 428 3225 necesse
486 3179 604 3222 erat
658 3183 782 3230 eos,
824 3168 913 3236 qui
969 3168 1068 3221 sub
1100 3168 1225 3234 jugo
1278 3176 1462 3219 essent
1526 3166 1802 3220 servitutis

168 3263 462 3324 insolitm,
508 3262 656 3327 prius
699 3262 895 3314 docere
966 3260 1108 3326 quod
1164 3259 1243 3311 eis
1299 3258 1438 3311 Deus
1482 3258 1595 3325 jam
1653 3265 1799 3310 esset

169 3355 616 3416 reconciliatus,
652 3352 890 3421 prodigia
920 3365 1045 3404 eum
1082 3350 1260 3404 facere
1308 3350 1607 3415 imperabat
1638 3366 1650 3401 :
1691 3348 1797 3416 ple-

172 3459 435 3513 rumque
458 3444 604 3497 enim
646 3442 969 3497 miraculum
1013 3456 1109 3495 nos
1147 3442 1365 3495 adducit
1406 3441 1457 3492 in
1486 3441 1666 3494 Iidem.
1706 3441 1796 3494 Ait

177 3538 361 3609 igitur
393 3535 612 3605 Moyses
643 3534 709 3588 ad
742 3533 910 3587 Deum
943 3533 1371 3601 omnipotentem
1405 3549 1416 3583 :
1458 3548 1475 3581 ι
1516 3530 1571 3583 Si
1610 3539 1791 3583 autem

174 3641 291 3680 ttou
324 3626 669 3681 crediderint
699 3624 851 3683 mihi,
890 3636 1062 3692 neque
1089 3622 1354 3675 audierint
1387 3635 1569 3674 vocem
1594 3636 1792 3682 meam,

176 3718 446 3773 dicentes
481 3734 494 3769 :
532 3716 646 3769 Non
679 3717 926 3786 apparuit
956 3714 1048 3768 tibi
1081 3713 1223 3767 Deus
1252 3730 1266 3777 ;
1293 3714 1422 3782 quid
1447 3713 1622 3767 dicam
1655 3714 1797 3767 illis?

183 3806 342 3860 Dixit
379 3806 581 3859 deinde
623 3805 879 3859 Dominus
920 3822 931 3856 :
974 3803 1112 3869 Quid
1150 3804 1250 3857 hoc
1304 3813 1388 3857 est
1430 3805 1570 3871 quod
1609 3814 1694 3857 est
1742 3807 1792 3856 iu

182 3914 359 3951 manu
410 3907 500 3950 tua
532 3898 554 3949 ‘.'
589 3896 884 3965 Respondit
920 3914 933 3949 :
970 3896 1148 3965 Virga.
1207 3895 1267 3948 Et
1306 3898 1381 3950 ait
1425 3896 1496 3949 illi
1534 3915 1545 3949 :
1587 3896 1795 3963 Projiee

184 3987 341 4042 illam
369 3988 425 4041 in
460 3997 658 4040 terram
688 4007 700 4050 ;
732 3998 785 4041 et
809 3986 947 4040 facta
972 3997 1053 4040 est
1080 4002 1326 4054 serpens,
1351 3996 1407 4040 et
1433 3987 1564 4058 fugit
1586 3986 1796 4058 Moyses

183 4080 256 4131 ab
288 4092 381 4132 ea.
429 4078 494 4131 Et
528 4078 663 4131 dixit
692 4076 949 4131 Dominus
980 4078 1044 4129 ad
1085 4075 1296 4148 Moysen
1338 4092 1352 4129 :
1387 4077 1630 4132 Extende
1677 4094 1794 4131 ma-

187 4184 323 4222 num
362 4180 549 4232 tuam,
587 4180 641 4224 ct
674 4170 1015 4238 apprehende
1061 4172 1285 4224 caudam
1320 4170 1437 4237 ejus
1469 4189 1483 4235 ;
1516 4162 1572 4224 et
1604 4182 1792 4227 exten-

185 4263 331 4316 dens
365 4277 588 4316 manum
632 4263 986 4331 apprehendit
1012 4270 1259 4327 caudam,
1292 4274 1345 4316 et
1378 4263 1514 4316 facta
1544 4276 1625 4318 est
1648 4267 1795 4335 virga

189 4351 248 4407 in
299 4370 469 4408 manu
508 4356 643 4422 ejus.
676 4353 737 4407 Et
787 4354 923 4407 dixit
962 4353 1032 4407 illi
1078 4372 1089 4408 ε
1123 4354 1189 4409 Ut
1228 4357 1448 4408 credant
1501 4356 1631 4423 tibi,
1669 4359 1794 4425 quia

190 4446 455 4513 apparuit
486 4445 580 4498 tibi
623 4444 880 4498 Dominus
928 4447 1066 4499 Deus
1107 4455 1317 4513 patrum
1360 4462 1619 4513 suorum,
1657 4452 1796 4503 Deus

195 4538 505 4598 Abraham,
542 4547 595 4590 et
640 4537 776 4591 Deus
802 4538 971 4603 Isaac,
1002 4548 1056 4591 et
1093 4538 1230 4592 Dens
1262 4537 1514 4594 Jacob".
1553 4559 1571 4591 ι
1608 4541 1797 4596 Auim-

1915 698 2134 757 proptcr
2158 685 2621 753 dispensationem
2666 681 2864 736 factam
2891 695 3014 735 cum
3040 695 3205 736 carne
3236 719 3251 745 ,
3287 696 3385 749 pro
3408 695 3524 735 ser-

1915 789 2078 850 pente
2104 779 2371 847 accipitur
2402 789 2567 841 meo,
2602 789 2763 843 quem
2809 772 2985 827 erexit
3021 771 3266 842 Moyses.
3295 780 3355 825 ιιι
3401 784 3524 827 ser-

1918 880 2140 941 pentum
2203 883 2417 922 morsus
2458 877 2672 921 arceret
2708 867 2777 920 ".
2839 865 3096 919 Aiteuim
3138 883 3152 918 :
3188 884 3206 916 ι
3270 863 3336 918 Et
3381 864 3527 919 sicut

1916 963 2126 1035 Moyses
2173 962 2433 1016 exultavit
2471 970 2779 1029 serpentem
2811 960 2861 1012 iu
2889 960 3141 1022 deserto,
3178 958 3251 1011 ita
3297 966 3521 1027 oportet

1914 1056 2143 1110 exaltari
2188 1053 2381 1107 Filium
2422 1052 2682 1112 hominis,
2729 1062 2787 1104 ιιι
2823 1065 3015 1105 omnes
3060 1052 3151 1119 qui
3197 1053 3427 1105 credunt
3464 1051 3519 1102 iu

1915 1150 2113 1217 ipsum,
2149 1162 2253 1200 non
2283 1157 2529 1215 pereant,
2553 1147 2643 1199 sed
2668 1144 2901 1198 habeant
2924 1143 3089 1197 vitam
3115 1152 3375 1197 aeternam
3398 1141 3466 1197 ".
3497 1160 3516 1192 ι

1915 1238 2384 1307 Quemadmodum
2414 1237 2558 1291 enim
2596 1251 2822 1305 serpens
2868 1236 3046 1291 factus
3075 1250 3142 1290 ex
3168 1249 3279 1289 acre
3329 1233 3522 1289 salutis

1913 1342 2033 1389 erat
2064 1332 2503 1402 periclitantibus
2525 1346 2688 1385 causa
2725 1332 3104 1401 (sanabantur
3133 1331 3278 1383 enim
3312 1328 3364 1382 itt
3392 1343 3518 1383 eum

1917 1428 2273 1496 respicientes
2301 1426 2318 1495 )
2353 1444 2367 1479 :
2403 1440 2467 1479 co
2497 1424 2655 1479 modo
2681 1424 2842 1479 etiam
2876 1423 3137 1477 Dominus
3159 1420 3322 1477 Jesus
3362 1420 3521 1476 Chri-

1914 1529 2034 1573 stus
2084 1521 2165 1572 eis
2216 1520 2306 1586 qui
2365 1532 2487 1570 eum
2546 1516 2730 1570 vident
2780 1515 2997 1583 quidem
3042 1516 3094 1568 iu
3160 1513 3519 1569 similittuline

1915 1610 2295 1679 malignorum,
2322 1626 2387 1664 eo
2416 1612 2559 1678 quod
2598 1608 2772 1661 factus
2794 1609 2865 1661 sit
2899 1610 3081 1671 homo,
3124 1622 3228 1660 non
3264 1606 3521 1674 ignorant

1916 1713 2096 1754 tamen
2154 1703 2297 1769 quod
2359 1701 2500 1756 Deus
2534 1702 2606 1754 sit
2650 1701 2897 1753 vitilicus
2946 1715 3109 1753 causa
3145 1699 3245 1751 erit
3284 1700 3435 1761 vitm,
3464 1710 3519 1751 et

1913 1794 2005 1846 dat
2033 1809 2189 1864 posse
2215 1794 2469 1848 animalia
2501 1807 2766 1848 venenosa
2798 1794 2992 1856 vitare,
3021 1793 3191 1857 idest,
3216 1792 3519 1845 contrarias

1914 1894 2059 1952 pute~
2073 1896 2118 1936 lu
2131 1896 2228 1938 tes.

1984 1974 2037 2025 Id
2064 1989 2277 2042 quoque
2303 1974 2460 2041 hujus
2491 1975 2565 2028 rei
2601 1975 2771 2042 lignra
2798 1975 2889 2041 sit,
2918 1974 3060 2043 quod
3099 1974 3343 2041 Moyseos
3364 1976 3513 2045 virga

1909 2066 2088 2135 virgas
2136 2066 2271 2117 alias
2301 2066 2666 2130 t'evoraverit,
2704 2082 2842 2136 quas
2872 2068 2923 2119 in
2969 2076 3169 2121 terram
3203 2068 3343 2137 magi
3389 2082 3516 2134 pro-

1903 2157 2143 2225 jecerant
2189 2157 2255 2209 ⁵⁷.
2300 2154 2476 2224 Igitur
2507 2158 2655 2225 virga
2682 2158 2904 2225 quidem
2947 2158 3000 2211 in
3037 2167 3239 2212 terram
3277 2156 3513 2226 projects

1907 2258 1988 2301 est
2026 2266 2039 2313 ;
2083 2266 2186 2301 nou
2222 2258 2403 2303 tamen
2438 2263 2653 2317 semper
2680 2252 2963 2304 remansit.
3010 2251 3304 2318 Resumpta
3333 2259 3512 2304 autem

1912 2341 2104 2393 iterum
2178 2341 2275 2393 l'nit
2307 2342 2450 2409 quod
2481 2350 2598 2393 erat
2629 2358 2642 2394 :
2680 2357 2801 2394 nam
2835 2343 2957 2396 licet
2996 2343 3137 2397 facta
3166 2344 3259 2407 sit,
3298 2355 3355 2397 ut
3387 2354 3515 2397 ante

1908 2430 2040 2491 dixi,
2063 2431 2112 2483 in
2134 2430 2488 2485 similitudine
2514 2440 2697 2483 nostra
2727 2430 2903 2486 Patris
2928 2433 3098 2502 virga,
3130 2433 3179 2485 id
3198 2443 3302 2495 est,
3323 2432 3510 2493 Filius.

1910 2539 2004 2593 per
2028 2541 2187 2593 quem
2223 2525 2387 2578 habet
2409 2525 2653 2578 omnium
2696 2534 3017 2591 potestatem
3054 2542 3067 2589 ;
3108 2535 3377 2589 attamen,
3409 2528 3512 2580 im-

1908 2616 2051 2683 pleta
2112 2618 2550 2684 dispensatione,
2604 2618 2865 2671 revolavit
2926 2618 2975 2671 in
3014 2617 3247 2682 malum,
3305 2628 3357 2671 et
3409 2618 3510 2673 fuit

1911 2709 2106 2762 iterum
2161 2722 2418 2779 tanquam
2468 2712 2518 2763 iu
2577 2728 2734 2764 manu
2782 2711 2959 2765 Patris
3020 2713 3169 2783 virga
3237 2714 3513 2783 aequitatis

1907 2816 1968 2853 ac
2004 2803 2149 2870 regni
2181 2819 2192 2852 :
2220 2805 2370 2856 sedet
2427 2806 2568 2857 enim
2616 2807 2681 2857 ad
2715 2805 2993 2858 dexteram
3039 2805 3314 2860 Geuitoris
3340 2808 3419 2859 sui
3452 2809 3504 2860 in

1907 2895 2121 2959 propria
2161 2896 2464 2959 majestate,
2502 2896 2661 2949 sedes
2701 2896 2996 2951 altissimas
3018 2897 3273 2950 obtinens
3300 2936 3315 2960 ,
3347 2899 3510 2951 etiam

1907 2996 2028 3034 cum
2066 2999 2229 3038 carne
2259 2984 2326 3037 ⁵⁸.

2539 3118 2690 3173 CAP.
2736 3118 2875 3173 XVI.

1978 3230 2137 3283 Aliud
2165 3232 2227 3284 de
2257 3248 2415 3285 manu
2445 3232 2871 3303 Moysisleprom
2904 3247 2951 3289 et
2994 3238 3194 3307 integre
3226 3251 3437 3293 sanato.

1980 3364 1997 3395 ι
2031 3344 2169 3398 Dixit
2199 3356 2373 3399 autem
2394 3348 2459 3400 ad
2482 3363 2603 3401 eum
2649 3350 2789 3403 Deus
2816 3351 3075 3406 Dominus
3099 3353 3296 3406 iterum
3323 3371 3335 3407 :
3368 3354 3511 3411 lnl'er

1904 3454 2120 3490 tuauum
2150 3449 2294 3492 luam
2332 3442 2383 3492 in
2418 3441 2595 3493 sinum
2623 3450 2773 3494 tuum
2802 3460 2815 3505 ;
2847 3455 2901 3497 et
2930 3446 3152 3512 protulit
3182 3463 3401 3501 manum
3441 3450 3510 3503 de

1903 3533 2023 3585 sinu
2060 3546 2179 3594 suo,
2212 3542 2266 3584 et
2296 3532 2437 3585 facta
2469 3540 2551 3587 est
2581 3548 2772 3588 manus
2807 3534 2927 3603 ejus
2967 3536 3106 3591 sicut
3138 3539 3249 3593 uix.
3293 3540 3349 3592 Et
3372 3541 3509 3596 dixit

1904 3622 2095 3675 iteruut
2129 3640 2141 3674 :
2174 3621 2317 3676 inter
2353 3636 2569 3675 lttallllm
2608 3633 2751 3675 luam
2788 3626 2839 3677 iu
2890 3627 3067 3681 sinum
3108 3638 3258 3683 luunt
3291 3648 3304 3685 :
3332 3645 3387 3687 et
3424 3634 3506 3687 iu-

1905 3714 2021 3765 tulit
2051 3730 2266 3767 manum
2308 3731 2461 3768 suam
2506 3716 2758 3770 iusiuunt
2804 3734 2958 3772 suum
2984 3762 2997 3783 ,
3038 3730 3091 3774 et
3131 3725 3353 3791 protulit
3384 3742 3504 3781 cant

1901 3805 1968 3857 de
1992 3806 2111 3857 sinu
2143 3820 2335 3867 suo.et
2371 3808 2564 3861 iterum
2598 3810 2845 3864 restituta
2875 3822 2959 3865 est
2994 3813 3044 3865 iu
3067 3814 3303 3869 colorem
3322 3820 3507 3872 carnis

1901 3899 2017 3963 ejus
2042 3898 2105 3951 ".
2146 3916 2163 3947 ι
2209 3899 2421 3952 Manum
2450 3903 2514 3951 ad
2548 3903 2823 3956 dexteram
2869 3904 2958 3959 Dei
2996 3915 3049 3959 et
3088 3906 3265 3961 Patris
3310 3926 3499 3963 verum

1903 3988 2095 4043 Filium
2122 3989 2235 4057 ejus
2272 3991 2453 4045 divin:
2484 3992 2764 4062 Scriptura
2799 3998 3065 4051 nominat.
3098 4000 3315 4055 luduxit
3352 4006 3499 4059 enim

1902 4081 2075 4150 ipsum
2130 4084 2398 4138 dicentem
2440 4104 2451 4137 :
2491 4104 2508 4136 ι
2558 4085 2670 4155 Ego
2728 4104 2889 4142 manu
2946 4107 3062 4147 mea
3115 4096 3324 4152 lirmavi
3386 4116 3503 4155 cm-

1902 4173 2008 4226 lum
2042 4173 2088 4204 “
2131 4191 2145 4238 ;
2188 4193 2207 4225 ι
2263 4191 2362 4228 nec
2416 4190 2522 4229 non
2585 4179 2751 4232 etiam
2795 4180 2960 4236 David
2999 4184 3215 4242 divinus
3261 4200 3445 4246 cantat
3485 4213 3499 4247 :

1906 4284 1923 4315 ι
1952 4266 2126 4320 Verbo
2162 4266 2373 4321 Domini
2410 4269 2529 4323 coeli
2562 4270 2755 4325 firmati
2790 4284 2915 4328 snnt
2943 4276 2987 4307 “
3048 4297 3066 4328 ι
3112 4279 3285 4337 Cerne
3317 4284 3500 4355 igitur,

1903 4359 1953 4412 in
1988 4361 2167 4414 sinum
2197 4362 2413 4428 quidem
2450 4362 2649 4433 Moysis
2692 4366 2870 4421 adhuc
2907 4385 3127 4425 manum
3166 4373 3285 4442 ejus
3312 4382 3500 4432 occul-

1904 4453 2033 4515 tari,
2073 4463 2127 4508 et
2161 4456 2398 4508 nondum
2456 4456 2654 4511 factam
2708 4459 2977 4528 leprosam
3003 4503 3016 4525 ,
3056 4448 3327 4535 prolatam
3369 4488 3501 4527 vero

1900 4547 2083 4601 statim
2143 4547 2408 4617 leprosam
2467 4550 2667 4607 faetam
2698 4571 2711 4605 :
2744 4554 2942 4611 deinde
2989 4574 3112 4613 mox
3174 4561 3417 4629 illatam,
3448 4577 3503 4620 et

195 4628 433 4682 adverte
494 4627 683 4681 iubis
735 4637 926 4680 natura
988 4636 1042 4680 et
1118 4628 1348 4681 veritate
1418 4627 1616 4683 Filium
1673 4629 1789 4693 Dei,
1829 4654 2091 4711 Drin-sus
2152 4640 2447 4709 prolatam,
2504 4652 2558 4697 et
2619 4645 2682 4699 de
2735 4657 2932 4701 (autem
2994 4666 3096 4704 u0u
3176 4627 3497 4722 leprosam;

200 4727 467 4789 tauquam
528 4720 772 4788 quadam
827 4719 975 4789 virga
1028 4720 1099 4773 sit
1148 4719 1366 4786 Patris;
1407 4722 1552 4787 virga
1614 4733 1793 4777 autem

198 4812 423 4882 insigne
452 4821 535 4865 est
584 4810 780 4881 regni:
821 4828 841 4862 ι
882 4809 1022 4865 Filio
1054 4812 1198 4866 enim
1254 4812 1401 4866 dedit
1441 4815 1641 4867 habere
1674 4829 1794 4870 om-

202 4902 352 4956 nium
404 4912 724 4971 potestatem
767 4902 831 4954 ”.
883 4921 901 4955 ι
935 4902 1085 4958 Unde
1120 4904 1285 4959 etiam
1325 4904 1541 4960 divinus
1572 4907 1739 4961 David
1780 4926 1795 4962 :

205 5012 224 5045 ι
270 4992 526 5048 Throuus
556 5004 699 5059 tuus,
731 4996 923 5065 inquit,
958 4996 1119 5061 Deus,
1149 4997 1201 5050 in
1224 4998 1478 5052 saeculum
1502 4999 1705 5063 saeculi,
1745 5009 1800 5054 et

203 5087 347 5157 virga
371 5087 668 5155 mquitatis,
691 5091 838 5157 virga
867 5086 1012 5158 regni
1038 5089 1229 5143 tui”.t
1266 5090 1370 5143 Sed
1406 5106 1525 5144 eam
1562 5093 1793 5160 projecit

199 5174 254 5232 in
284 5188 513 5243 terram,
544 5180 734 5243 idest,
769 5194 995 5249 corpore
1020 5190 1235 5235 terreno
1264 5184 1639 5245 circumdedit,
1674 5186 1790 5239 sive

203 5286 298 5338 per
346 5272 740 5328 humanitatem
798 5273 943 5326 misit
982 5271 1033 5323 in
1089 5282 1287 5326 terram
1326 5292 1338 5327 :
1376 5285 1504 5329 tunc
1538 5275 1680 5329 enim
1734 5278 1785 5330 iu

200 5363 553 5419 similitudine
583 5363 757 5418 factus
788 5374 870 5417 est
905 5364 1261 5433 malignorum
1304 5365 1608 5432 hominum,
1634 5368 1787 5422 scili-

202 5465 285 5507 cet
314 5456 669 5525 malignitatis
709 5456 917 5525 signum
950 5469 1033 5510 est
1062 5472 1305 5527 serpens.

235 5544 387 5615 Quod
414 5559 589 5601 autem
618 5563 799 5601 verum
825 5550 912 5613 sit,
944 5550 1065 5603 hinc
1093 5552 1314 5605 scimus.
1356 5551 1473 5622 Ipse
1502 5553 1646 5607 enim
1674 5552 1749 5608 Do
1768 5584 1784 5595 -

208 5709 248 5740 "
350 5714 520 5785 Exod.
545 5731 675 5777 xxv,
706 5715 793 5768 Π.
868 5717 984 5748 δ”-δ’
1019 5716 1217 5773 lloau.
1248 5736 1309 5785 tt,
1357 5721 1405 5785 l,
1444 5722 1499 5775 ἓ.

206 5784 411 5855 [vini
488 5786 533 5816 "
571 5786 711 5839 Psal.
755 5802 899 5851 κων,
960 5790 1008 5841 7.
1088 5792 1134 5821 ⁸⁸
1169 5784 1328 5844 Νιιιιι.
1386 5808 1499 5855 xu,
1556 5791 1611 5846 8.
1693 5793 1737 5823 "

207 5850 251 5927 δέ
278 5848 444 5927 ljlxod.
475 5871 549 5917 tv,
574 5858 625 5909 6.
743 5858 786 5887 ‘°
818 5848 916 5913 lsa.
949 5875 1135 5927 vaut,
1166 5862 1248 5915 t5.

212 5920 253 5949 "
285 5923 451 5981 Levlt.
481 5942 601 5990 xut,
626 5927 683 5978 2.

1578 5721 1625 5751 ⁸⁶
1661 5720 1818 5774 Rom.
1847 5739 1930 5787 ιιι,
1990 5724 2081 5780 25.

1802 5792 1960 5847 Joau.
2030 5812 2113 5860 tu,
2173 5799 2258 5851 14.

1364 5864 1403 5893 ⁶¹
1442 5863 1581 5917 Psal.
1614 5879 1785 5927 xxxtt,
1810 5869 1861 5917 ti.

1902 4731 2209 4785 «Restituta
2224 4741 2309 4785 est
2332 4733 2497 4798 enim,
2531 4732 2726 4802 inquit,
2760 4736 2810 4789 itt
2842 4738 3079 4792 colorem
3102 4744 3283 4797 carnis
3306 4745 3443 4815 ejus.
3475 4766 3495 4797 ι

1897 4823 2039 4891 Ergo
2090 4824 2326 4892 quaudiu
2403 4826 2620 4893 quidem
2684 4841 2803 4882 erat
2860 4831 2911 4883 in
2967 4832 3089 4887 sinu
3148 4832 3325 4892 Patris
3358 4839 3499 4895 Deus

1900 4909 2155 4974 Verbum,
2196 4911 2498 4966 divinitatis
2534 4916 2711 4971 nitore
2748 4915 3025 4989 fulgebat;
3064 4938 3251 4979 vermu
3276 4930 3499 4998 quando

1898 5001 2078 5069 aliquo
2142 5004 2299 5055 modo
2364 5017 2516 5058 extra
2570 5006 2669 5061 fuit
2728 5025 2827 5080 per
2888 5014 3317 5075 incarnationem
3381 5023 3499 5078 sive

1900 5094 2350 5166 ἐνανθρώπησιν,
2390 5100 2565 5155 factus
2612 5117 2693 5157 εει
2736 5123 2753 5151 ι
2806 5107 2857 5159 in
2908 5108 3501 5172 similitudinecarnis

1899 5190 2143 5253 pcei-ati,
2184 5201 2237 5242 et
2290 5192 2430 5246 inter
2491 5194 2707 5264 iniquos
2761 5210 3045 5268 reputatus
3096 5214 3179 5259 est
3210 5207 3277 5258 “.
3345 5227 3364 5259 ι
3405 5211 3498 5265 Ait

1897 5280 2038 5333 enim
2068 5282 2282 5333 divinus
2311 5282 2509 5339 Paulus
2535 5328 2547 5350 ,
2586 5305 2603 5336 ι
2648 5303 2771 5342 eum
2810 5292 2898 5359 qui
2936 5304 3219 5360 peccatum
3258 5316 3362 5353 non
3397 5317 3496 5355 no-

1896 5382 2069 5436 verat,
2094 5388 2188 5441 pro
2213 5375 2354 5428 nobit
2392 5390 2674 5444 peccatum
2707 5382 2893 5449 fuisse,
2920 5396 2976 5439 ut
3007 5402 3103 5442 nos
3133 5388 3387 5447 tieremus
3407 5394 3499 5465 ju-

1896 5464 2042 5517 stitia
2086 5466 2135 5517 in
2165 5467 2279 5535 ipso
2318 5467 2384 5522 ⁵³.
2432 5488 2451 5521 ι
2489 5468 2602 5525 Hoc
2626 5474 2884 5529 existimo
2916 5477 3117 5547 lepram
3153 5483 3490 5556 sngnillcare,

1898 5556 2207 5613 immundus
2253 5563 2397 5620 enim
2432 5567 2730 5621 secundum
2771 5569 2941 5640 legem
2986 5572 3232 5643 leprosos
3264 5577 3329 5631 “.
3388 5579 3497 5637 Sed

2162 5727 2529 5804 '_‘_lsa.__vt,_l.
2608 5734 2653 5763 "
2692 5734 2863 5791 Exod.
2920 5756 2994 5804 Iv,
3048 5743 3170 5799 1—5,

2338 5801 2381 5831 ιτ
2423 5801 2592 5856 εκοιι.
2652 5822 2726 5871 ιν,
2775 5808 2829 5861 2.

1944 5868 1987 5897 ⁶¹
2024 5867 2179 5925 Rom.
2213 5887 2328 5933 vttt,
2359 5871 2423 5938 3;
2454 5872 2559 5929 lsa.
2591 5867 2724 5942 ι.ιιι,’
2792 5880 2879 5937 1⁸2.

3254 5746 3299 5776 ⁵³
3330 5746 3491 5807 Joau.

2913 5812 2958 5841 "
3018 5813 3160 5869 Psal.
3230 5833 3371 5881 thv,
3436 5822 3493 5878 7.

2962 5884 3007 5916 ”
3041 5886 3059 5940 Ι
3089 5886 3215 5941 Cor.
3277 5906 3329 5953 ν,
3400 5894 3491 5945 ‘21.
