3926 6494
482 507 601 563 13m

474 619 732 690 quoniam
772 615 964 668 iterum
994 612 1043 666 in
1076 612 1195 664 sinu
1240 608 1337 663 fuit
1369 610 1542 665 Patris
1570 610 1922 679 (assumptus
1969 616 2050 658 est

475 715 527 764 in
564 707 1008 764 resurrectionem
1054 720 1081 756 a
1120 702 1419 772 mortuis),
1454 701 1657 769 prolata
1704 701 1897 752 iterum
1942 713 2056 749 ina-

476 818 576 855 nus
605 800 885 851 videbatur
917 796 1111 849 munda
1146 810 1159 845 :
1194 794 1443 847 adveniet
1478 794 1621 846 enim
1662 801 1785 861 post
1814 800 2054 859 tempora

480 887 1096 947 ltominusnostechsns
1124 886 1399 949 Christus,
1426 886 1477 939 in
1507 884 1819 938 sinceritate
1868 880 2057 935 divini-

478 986 599 1037 tatis
627 996 679 1037 et
705 982 895 1053 gloria,
939 980 1189 1049 quamvis
1219 979 1630 1031 similitudinem
1666 986 1904 1030 nostram
1946 988 2051 1027 non

477 1076 777 1144 projecerit.
828 1074 918 1127 Ait
953 1074 1097 1127 enim
1128 1082 1182 1125 et
1215 1072 1404 1125 beatus
1446 1068 1645 1123 Paulus
1692 1069 1759 1123 de
1781 1066 1999 1121 Christo
2032 1083 2046 1119 :

480 1185 500 1218 ι
532 1168 665 1234 Quia
699 1167 862 1221 semel
896 1174 1138 1218 mortuus
1160 1172 1242 1217 est
1272 1162 1337 1215 ad
1366 1161 1651 1215 multorum
1684 1158 2051 1214 exhaurienda

476 1270 716 1325 peccata.
760 1256 1007 1311 Secundo
1040 1256 1155 1309 sine
1186 1265 1404 1322 peccato
1425 1252 1703 1323 apparebit
1732 1260 2051 1319 exspectan-

480 1352 619 1402 tibus
662 1364 717 1401 se
771 1349 823 1401 in
858 1348 1084 1401 salutem
1116 1346 1179 1399 ".
1236 1366 1251 1397 ι
1288 1345 1429 1413 Ergo
1456 1345 1668 1413 quoties
1707 1344 1863 1399 nobis
1896 1356 2049 1397 saera

474 1440 679 1494 Littera
711 1439 953 1493 nominat
982 1435 1473 1500 ChristnmJesunt,
1502 1435 1661 1506 791
1688 1451 1753 1487 ne
1778 1436 2048 1489 hominem

474 1547 711 1585 seorsum
771 1529 1070 1600 putaveris,
1122 1544 1226 1582 non
1282 1544 1405 1582 vere
1468 1531 1700 1581 adunato
1778 1527 1876 1595 ipsi
1944 1527 2051 1580 Deo

481 1614 651 1675 Verbo
687 1640 699 1685 ;
743 1623 833 1676 sed
864 1619 1262 1675 existimaveris
1294 1619 1461 1689 magis
1484 1620 1656 1685 ipsum
1694 1632 1811 1672 esse
1833 1634 1898 1671 es
1944 1616 2049 1668 Deo

475 1724 528 1764 et
562 1710 724 1768 Patre
772 1711 1007 1766 Verbum
1044 1708 1233 1764 Jesum
1273 1710 1545 1764 Christum
1568 1750 1581 1771 ,
1607 1726 1725 1763 cum
1754 1708 1935 1761 fartus
1980 1708 2048 1761 sit

477 1805 652 1861 h-uno.

1084 1935 1232 1990 CAP.
1269 1935 1424 1989 XVII.

475 2047 624 2111 Quoa
659 2047 897 2103 Christus
930 2066 1028 2102 non
1056 2061 1164 2102 erat
1188 2051 1337 2102 Iconio
1363 2048 1637 2118 θεοφόρος,
1663 2063 1753 2100 πρι-
1780 2047 2038 2115 simplici-

475 2132 551 2170 ier
594 2124 646 2171 iu
690 2121 895 2171 homine
950 2120 1253 2171 iulmbimrit
1298 2118 1431 2171 Deus
1484 2117 1745 2179 Verbum;
1777 2119 1866 2170 sed
1906 2117 2043 2186 quod

477 2190 637 2310 gmgis
665 2205 787 2240 caro
818 2189 885 2241 sit
909 2189 1126 2257 factum,
1154 2190 1257 2241 sive
1281 2190 1431 2240 homo
1453 2189 1727 2256 perfectus,
1763 2190 2045 2240 secundum

519 2270 792 2310 crmturas.

565 2274 792 2326 ’πρίηται

545 2392 643 2459 Qui
695 2392 852 2447 tidem
903 2392 1100 2447 habent
1153 2395 1204 2447 in
1259 2392 1475 2448 Christo
1534 2393 1931 2448 immaculatam
1993 2402 2046 2447 et

475 2483 635 2537 rectis
662 2484 914 2537 omnibus
935 2483 1202 2555 sulIragiis
1234 2487 1657 2555 cmnprobatam,
1697 2485 1877 2539 dicant
1900 2485 2046 2539 vide-

475 2577 596 2630 licet
635 2578 775 2645 quod
808 2577 919 2645 ipse
934 2591 996 2630 ex
1020 2576 1131 2630 Deo
1153 2575 1310 2632 Patre
1338 2578 1475 2631 Deus
1505 2574 1738 2630 Verbum
1767 2576 1819 2629 in
1856 2577 2044 2630 exina-

475 2669 697 2720 nitatem
784 2667 1157 2730 descenderit,
1242 2668 1468 2721 turmam
1533 2667 1675 2722 servi
1752 2666 2043 2737 accipiens,

476 2760 854 2828 propriumque
894 2759 993 2813 sibi
1029 2756 1231 2812 faciens
1276 2773 1494 2827 corpus,
1546 2758 1689 2827 quod
1732 2767 1816 2812 est
1858 2766 2043 2812 natum

476 2865 538 2903 ex
564 2850 814 2918 Virgine;
840 2850 977 2917 quod
1015 2848 1188 2904 factus
1218 2850 1289 2903 sit
1322 2851 1485 2904 nostri
1521 2848 1733 2913 similis,
1762 2861 1816 2903 et
1841 2864 2047 2904 nuneu~

479 2950 632 3006 pains
654 2938 819 2993 Filius
844 2939 1095 2992 hominis.
1129 2938 1221 2992 Est
1246 2948 1424 2994 autem
1447 2937 1587 2993 Deus
1610 2939 1821 3009 quidem
1850 2954 2044 2995 secun-

476 3030 599 3080 dum
620 3030 863 3095 spiritum
893 3045 908 3093 ;
940 3030 1100 3083 homo
1122 3040 1298 3083 autem
1326 3030 1463 3083 idem
1489 3030 1783 3085 secundum
1805 3045 2043 3085 carnem.

481 3119 678 3172 Deinde
703 3119 914 3173 divinus
941 3118 1137 3174 Paulus
1162 3120 1469 3176 Juilreorum
1508 3121 1759 3192 populum
1802 3124 2044 3192 alloque-

479 3210 635 3264 batur
673 3212 897 3266 dicens:
929 3231 946 3263 ι
979 3211 1319 3266 Multifariam
1367 3214 1655 3284 multisque
1702 3216 1874 3270 modis
1917 3216 2044 3270 olim

481 3302 616 3357 Deus
634 3304 855 3371 loquens
878 3321 903 3373 ι.
917 3307 1122 3359 atribus
1144 3306 1193 3359 in
1219 3307 1515 3374 prophetis,
1535 3307 1842 3362 novissimis
1860 3309 2046 3363 diebus

481 3396 599 3451 istis
619 3394 826 3450 loeutus
849 3405 930 3450 est
955 3398 1109 3451 nobis
1141 3399 1190 3450 in
1220 3398 1351 3452 Filio
1373 3398 1436 3452 ".
1481 3418 1498 3450 ι
1530 3401 1591 3453 Ι·;ι
1617 3415 1848 3468 quonam
1893 3402 2052 3456 modo

482 3486 811 3556 intelligatur
844 3487 1054 3542 locutus
1090 3488 1255 3544 fuisse
1286 3489 1423 3546 Deus
1462 3501 1516 3545 et
1549 3491 1709 3545 Pater
1744 3492 2053 3548 novissimis

479 3575 667 3630 diebus
700 3576 750 3629 in
775 3576 955 3631 Filio?
994 3576 1227 3632 Locutus
1261 3590 1343 3634 est
1367 3581 1511 3634 enim
1541 3582 1938 3651 antiquioribus
1959 3596 2053 3651 per

481 3669 651 3744 ipsum
695 3674 827 3728 dans
858 3674 1047 3745 legem,
1076 3687 1129 3730 et
1182 3678 1381 3731 idcirco
1406 3678 1518 3747 ipse
1557 3676 1724 3732 Filius
1758 3692 1887 3733 suos
1921 3678 2053 3733 dicit

478 3781 599 3821 esse
629 3782 931 3828 sermones,
956 3784 1050 3837 per
1072 3770 1525 3835 sapientissimum
1550 3769 1766 3841 Moysen
1792 3771 2048 3841 prolatos.

479 3857 565 3909 Ait
588 3857 728 3909 enim
761 3871 773 3909 :
816 3874 834 3906 ι
864 3856 1037 3910 Nolite
1070 3869 1257 3923 putare
1285 3860 1407 3926 quia
1449 3861 1569 3913 veni
1616 3860 1826 3915 solvere
1853 3862 2043 3933 legem,

480 3960 569 4003 aut
592 3953 898 4019 prophetas.
934 3947 1048 4004 Non
1079 3952 1196 4005 veni
1238 3950 1466 4016 solvere,
1508 3953 1875 4023 sed.implere.
1916 3954 2049 4009 Dico

478 4042 621 4094 enim
661 4042 833 4106 vobis,
860 4042 966 4094 iota
990 4058 1175 4105 unum,
1202 4053 1299 4097 aut
1325 4058 1465 4099 unus
1493 4059 1627 4114 apex
1655 4060 1760 4101 non
1799 4045 2048 4100 transibit

480 4151 507 4185 π
533 4134 849 4202 lege,donec
871 4135 1048 4189 omnia
1078 4136 1223 4189 ﬁant.
1251 4136 1455 4191 (Icelum
1472 4148 1526 4191 et
1554 4147 1691 4191 terra
1721 4139 2043 4203 transibunt,

482 4227 641 4278 ret'h't
683 4235 858 4279 autem
908 4242 1022 4282 inea
1071 4243 1174 4281 non
1216 4229 1519 4284 transibunt
1557 4230 1621 4283 ".
1654 4248 1673 4280 ι
1708 4229 1857 4285 Adde
1879 4232 2043 4284 etiam

479 4320 749 4386 propheta:
808 4334 989 4374 vocem
1046 4337 1058 4373 :
1120 4339 1135 4370 ι
1187 4317 1303 4388 Ipse
1372 4322 1461 4388 qui
1516 4320 1792 4390 loquebar,
1847 4334 2045 4392 prmsto

478 4434 597 4471 sum
627 4417 693 4472 ⁸³⁸.
732 4433 750 4468 ι
795 4414 937 4485 Ergo
983 4429 1104 4467 eum
1166 4414 1337 4465 laetus
1391 4422 1475 4466 est
1526 4411 1693 4467 Filius
1743 4415 1794 4465 in
1855 4428 2040 4479 carne,

482 4522 606 4564 tunc
656 4511 862 4563 loeutus
911 4516 995 4561 est
1054 4507 1205 4560 nobis
1258 4507 1416 4561 Pater
1486 4506 1536 4559 in
1573 4506 1707 4575 ipso,
1774 4506 1915 4561 sicut
1965 4509 2043 4562 ait

479 4602 667 4654 beatus
732 4598 948 4661 Paulus,
1002 4598 1307 4652 novissimis
1356 4598 1623 4651 diebus".
1695 4594 1801 4652 Sed
1841 4613 1907 4651 tte
1944 4613 2037 4667 pa-

481 4708 593 4744 tum
618 4692 919 4754 credamus,
953 4694 1097 4760 quod
1129 4693 1238 4759 ipse
1268 4692 1336 4744 sit
1369 4690 1455 4744 ille
1479 4692 1567 4759 qui
1596 4691 1759 4745 etiam
1792 4698 1915 4743 ante
1942 4705 2039 4743 sa:-

477 4785 595 4840 ciila
658 4782 844 4848 Filius,
900 4784 1076 4836 intulit
1128 4786 1354 4837 statim:
1396 4782 1545 4838 «Per
1592 4798 1751 4852 quem
1810 4781 1938 4834 fecit
1988 4789 2043 4834 et

476 4877 667 4931 exenia
701 4876 779 4940 ⁷⁸,
815 4894 833 4927 ι
884 4876 1225 4944 splendorem
1278 4877 1438 4930 etiam
1476 4875 1659 4943 gloria:
1705 4884 1758 4927 et
1816 4872 2040 4936 figuram

477 4965 787 5021 substantia:
820 4964 995 5017 Patris
1027 4980 1145 5018 eSse
1182 4979 1614 5018 commemorans
1639 4963 1705 5016 ".

550 5062 717 5130 IImgo
748 5061 906 5127 igitur
936 5062 1107 5113 tactus
1134 5068 1215 5114 est
1258 5071 1383 5110 vere
1424 5056 1469 5109 is
1510 5070 1606 5123 per
1638 5067 1795 5123 quem
1827 5051 1956 5107 fecit
1986 5060 2041 5107 et

476 5156 665 5210 sarcula
697 5154 834 5209 Deus
863 5153 1057 5217 Pater;
1084 5159 1139 5206 et
1169 5166 1295 5213 non,
1329 5161 1383 5202 ut
1416 5145 1653 5202 nonnulli
1697 5145 2029 5205 existimant,

477 5250 528 5301 in
564 5246 777 5300 homine
815 5245 933 5310 fuit,
967 5256 1023 5298 ut
1067 5250 1224 5297 homo
1273 5240 1598 5310 inteUigatur
1639 5254 1669 5291 a
1716 5237 1867 5292 nobis
1915 5246 2035 5290 tau-

474 5354 631 5408 quam
663 5336 826 5389 Dettm
849 5332 1052 5387 habens
1077 5330 1489 5385 inhabitantetn.
1522 5326 1652 5379 Nam
1681 5324 1725 5380 si
1754 5326 1867 5378 haec
1890 5332 2036 5377 recte

475 5444 531 5482 se
562 5426 759 5480 habere
812 5437 934 5477 vere
962 5422 1255 5482 contiduut,
1284 5428 1722 5486 supervacaneus
1742 5428 1864 5466 esse
1890 5413 2031 5465 vide-

477 5520 617 5571 bitur
638 5516 827 5569 beatus
852 5514 1176 5582 evangelista
1212 5509 1451 5565 Joannes
1487 5509 1675 5562 dicens
1708 5518 1722 5559 :
1759 5523 1777 5557 ί
1810 5504 1872 5558 Ει
1902 5504 2034 5561 Vero

476 5611 596 5663 bunt
629 5622 754 5662 caro
783 5607 978 5659 factum
1002 5615 1084 5659 est
1111 5603 1179 5656 ⁷³.
1212 5620 1231 5654 ι
1268 5600 1365 5656 Ubi
1392 5601 1531 5654 enim
1563 5598 1855 5653 necessitas
1881 5597 2035 5648 ἐναν-

541 5754 585 5785 ⁶⁸
622 5752 785 5808 Hebr.
814 5767 887 5813 Ix,
912 5748 999 5803 28.
1076 5750 1120 5781 ⁵⁸
1154 5748 1313 5804 Hebr.
1342 5764 1381 5813 ι,
1407 5749 1458 5802 ι.
1534 5747 1576 5779 ⁸⁷
1613 5749 1799 5804 Matth.
1829 5764 1878 5811 v,
1908 5748 1993 5802 I7.

473 5823 516 5853 "
548 5822 701 5878 Joan.
731 5837 769 5885 ι,
797 5823 880 5875 Μ.
990 5820 1036 5851 ⁷³
1072 5820 1238 5876 Levit.
1289 5834 1429 5881 xm,
1464 5819 1557 5881 ἱεὶς
1590 5820 1604 5873 l
1632 5822 1754 5875 Cor.
1809 5836 1880 5889 vi,
1924 5820 2003 5875 l6.

473 5893 516 5923 "
548 5895 565 5947 l
596 5893 719 5949 Cor.
748 5907 817 5955 γε,
856 5894 931 5946 Ιυ.

1490 495 1548 550 S.
1587 489 1861 548 CYRIIJJ
1898 484 2367 542 Al.liX.-\Nlilll.\l
2406 479 2726 536 MiCllII-IP.

3632 468 3751 519 135³⁵2

2083 608 2124 664 Λ
2156 600 2490 671 Θρωττήσεως
2512 597 2534 649 ?
2560 598 2665 650 Ant
2691 606 2859 664 quare
2894 589 3265 644 incarnatum
3295 584 3427 639 dicit
3452 581 3609 634 Deum
3634 583 3750 630 γειτ-

2155 694 2303 754 bum,
2348 693 2391 745 si
2442 705 2545 743 non
2588 689 2764 743 Iactus
2798 694 2881 738 est
2920 681 3105 736 eam?
3150 680 3250 734 Vis
3295 676 3751 745 ὲνανθρωπήσεως

2152 799 2204 840 et
2230 786 2461 840 similem
2489 783 2658 838 nostri
2684 795 2803 835 eum
2829 776 3040 831 factum
3068 788 3197 829 esse
3217 770 3518 842 signitieat,
3544 779 3593 820 ct
3612 782 3750 820 man-

2152 876 2285 930 sisse
2311 884 2489 929 tamen
2524 873 2603 928 sic
2628 883 2841 941 quoque
2894 866 3080 937 ipsum
3138 877 3310 932 supra
3361 876 3489 923 nos,
3538 859 3642 912 imo
3667 873 3751 911 sq-

2153 984 2247 1038 pra
2282 970 2589 1021 universam
2620 965 2789 1034 ipsam
2816 970 3157 1016 creaturam.

2221 1061 2485 1131 Oportere
2527 1068 2705 1111 autem
2743 1053 3020 1113 existimo.
3054 1065 3117 1105 ea
3161 1064 3287 1118 qua:
3317 1048 3455 1110 dixi,
3494 1044 3746 1111 exemptis

2151 1152 2312 1205 etiam
2357 1150 2711 1219 comprobare
2757 1156 2811 1200 et
2855 1143 3209 1214 persuadere,
3246 1139 3397 1208 quod
3432 1137 3744 1204 UHigCﬂXIﬂs

2154 1244 2331 1298 Iactus
2366 1242 2437 1294 sit
2473 1242 2653 1303 homo,
2686 1252 2740 1292 et
2780 1237 2850 1290 sit
2879 1234 3040 1295 Dens,
3074 1232 3239 1285 etiam
3280 1245 3407 1283 cum
3458 1242 3645 1288 carne,
3689 1242 3745 1279 ac

2153 1353 2258 1391 non
2297 1346 2505 1389 tantum
2538 1330 2856 1387 inhabitarit
2889 1328 2943 1382 in
2984 1326 3230 1385 homine,
3274 1322 3548 1391 θεοφόρον
3577 1323 3743 1389 ipsum

2149 1429 2404 1491 eﬂieieus,
2442 1436 2699 1495 tanquam
2744 1423 2899 1484 alios,
2927 1420 3019 1488 qui
3053 1418 3358 1473 divinitatis
3392 1416 3567 1483 ipsius
3597 1413 3743 1469 fuere

2152 1520 2457 1591 participes.

2743 1670 2895 1725 CAP.
2936 1668 3118 1724 XVIII.

2150 1788 2302 1854 Quod
2329 1788 2643 1845 Emmanuel
2675 1786 2843 1841 Deum
2870 1787 3107 1838 habuerit
3132 1785 3289 1838 aliter
3318 1780 3734 1847 inhabitatum,

2264 1896 2269 1899 -
2782 1871 2939 1925 quam
2981 1860 3093 1908 hos.

2076 1968 2115 2021 Β
2215 1971 2303 2025 Ait
2330 1970 2525 2026 alicubi
2558 1970 2704 2025 Deus
2740 1970 2805 2023 de
2846 1969 3040 2023 nobis:
3073 1987 3092 2021 ι
3124 1968 3451 2023 Ιιιιιτιὺίιςιιιο·
3496 1967 3550 2021 in
3584 1966 3731 2035 ipsis,

2147 2076 2199 2119 et
2226 2062 2592 2125 inambulatio,
2633 2071 2687 2117 et
2718 2075 2811 2115 ero
2839 2061 2974 2131 ipsis
3008 2059 3173 2123 Dens,
3204 2069 3257 2112 et
3282 2058 3383 2127 ipsi
3413 2069 3577 2112 erunt
3604 2059 3731 2110 mihi

2148 2155 2373 2225 popttltts
2401 2154 2468 2207 ".
2502 2171 2522 2204 ι
2565 2151 2674 2207 Nec
2717 2166 2823 2205 non
2862 2151 3025 2205 etiam
3079 2151 3193 2220 ipse
3240 2149 3506 2203 Dominus
3554 2160 3733 2202 nostt-r

2146 2244 2305 2301 Jesus
2331 2244 2580 2299 Christus
2613 2262 2627 2298 :
2674 2262 2692 2293 ε
2726 2242 2863 2297 Ecce
2893 2257 2993 2312 ego
3042 2242 3234 2306 venio;
3271 2252 3323 2295 et
3353 2242 3396 2294 si
3437 2240 3564 2308 quis
3598 2240 3727 2293 mihi

2148 2336 2439 2406 aperuerit,
2495 2335 2704 2389 intrabo
2748 2349 2871 2403 ego,
2921 2342 2976 2387 et
3017 2330 3155 2404 apud
3191 2348 3315 2386 eum
3372 2334 3628 2393 casnabo.
3679 2342 3728 2384 et

2147 2426 2325 2491 Pater,
2352 2436 2403 2482 et
2433 2427 2498 2479 ad
2527 2440 2649 2479 eum
2674 2425 2967 2519 veniemus,
3000 2432 3054 2479 et
3078 2424 3412 2479 mansionem
3439 2425 3725 2493 apud‘eum

2148 2519 2498 2575 faciemus”.
2529 2537 2549 2571 ι
2589 2515 3075 2573 Νοηιίιιειιῖειιιηυε
3098 2518 3261 2571 etiam
3291 2517 3550 2586 templum
3590 2515 3720 2569 Dei:

2152 2633 2169 2663 I
2207 2613 2310 2667 Vos
2352 2612 2517 2675 enim,
2569 2609 2762 2680 inquit,
2798 2607 2993 2678 templa
3022 2608 3154 2663 estis
3200 2606 3293 2662 Dei
3337 2607 3443 2660 sivi
3490 2608 3555 2658 ".
3588 2625 3607 2657 ι
3665 2606 3720 2660 Et

2150 2718 2336 2759 rursus
2359 2722 2370 2758 :
2391 2723 2409 2756 ι
2432 2702 2660 2758 Nescitis
2676 2716 2901 2772 corpora
2925 2695 3103 2756 Vestra
3128 2699 3384 2770 templum
3414 2713 3537 2753 esse
3559 2700 3722 2767 Spiri-

2151 2806 2234 2849 tus
2261 2795 2455 2860 sancti,
2481 2794 2568 2863 qui
2596 2802 2679 2848 est
2716 2794 2766 2846 in
2795 2792 2967 2858 vobis,
2992 2806 3151 2861 quem
3173 2791 3385 2846 habetis
3406 2808 3434 2845 ει
3458 2790 3673 2845 Deo"?
3700 2810 3716 2839 ι

2156 2884 2347 2941 Verum
2371 2888 2413 2939 si
2441 2885 2512 2939 ita
2541 2885 2711 2950 aiunt,
2735 2886 2906 2952 ipsum
2944 2897 3161 2953 quoque
3184 2883 3474 2947 seruabere
3509 2882 3721 2935 Emma-

2149 2977 2291 3042 nuel,
2308 2987 2383 3041 et,
2397 2986 2653 3047 tanquam
2676 2987 3116 3044 unumquemque
3133 2986 3401 3040 nostrum,
3422 2973 3721 3027 inhabitan-

2152 3076 2256 3121 tem
2278 3068 2328 3120 in
2347 3081 2466 3121 sese
2485 3065 2649 3120 Deum
2673 3065 2950 3129 habuisse,
2979 3074 3165 3134 aperte
3182 3064 3580 3131 confiteantur;
3602 3080 3718 3119 eum

2152 3155 2323 3225 ipsum
2373 3154 2591 3210 adorari
2636 3154 2997 3222 conspiciunt,
3036 3163 3143 3207 tam
3183 3170 3211 3206 a
3259 3152 3434 3216 nobis,
3465 3170 3624 3221 quam
3656 3154 3720 3209 ab

2149 3246 2373 3317 angelis,
2406 3247 2457 3299 in
2494 3245 2631 3301 emlo
2656 3247 2861 3314 pariter
2888 3253 2943 3300 et
2967 3244 3020 3298 iu
3056 3254 3221 3309 terra,
3256 3245 3580 3299 erubescant
3603 3254 3718 3298 tan-

2152 3356 2309 3410 quam
2357 3340 2569 3394 diversa
2616 3338 2901 3408 alienaque
2950 3337 3267 3399 sentientes,
3298 3347 3353 3392 et
3400 3336 3716 3391 Litterarum

2151 3446 2430 3487 sacrarum
2472 3431 2802 3501 propositum
2840 3430 3163 3499 nescientes,
3210 3443 3309 3484 nec
3358 3429 3616 3482 habentes
3669 3429 3716 3482 in

2152 3537 2210 3577 se
2242 3522 2423 3587 tidem,
2457 3537 2617 3591 quam
2656 3522 2812 3576 nobis
2844 3521 3203 3583 tradiderunt,
3251 3521 3341 3590 qui
3381 3521 3433 3574 in
3464 3521 3717 3590 principio

2151 3621 2206 3666 et
2229 3612 2501 3677 viderunt,
2535 3620 2591 3665 et
2623 3610 3067 3665 ministraveruut
3103 3607 3302 3663 Verbo.

2224 3701 2281 3757 Si
2322 3715 2502 3757 autem
2545 3702 2747 3766 dicant,
2782 3703 2925 3772 quod
2956 3710 3239 3771 propterea
3286 3701 3426 3755 Deus
3455 3703 3547 3769 sit,
3584 3712 3633 3755 et
3664 3710 3716 3753 ut

2152 3794 2291 3848 Deus
2319 3794 2670 3863 glorlticetur,
2704 3796 2829 3863 quia
2866 3795 2917 3847 in
2942 3809 3009 3848 eo
3033 3803 3238 3847 tantum
3274 3793 3596 3848 inhabitmit
3627 3794 3711 3848 Dei

2148 3887 2322 3942 Patris
2363 3886 2634 3951 Verbum,
2674 3901 2737 3940 ac
2770 3902 2875 3941 non
2920 3896 3224 3956 propterea,
3268 3887 3392 3957 quia
3434 3886 3607 3941 factus
3648 3889 3713 3942 sit

2150 3980 2310 4033 homo
2331 3995 2345 4042 ;
2370 3978 2590 4033 audient
2612 3993 2800 4033 rursus
2829 3994 2857 4031 a
2884 3978 3035 4031 nobis
3065 3996 3078 4030 :
3104 3977 3160 4032 Si
3184 3978 3272 4042 iis,
3296 3979 3387 4045 qui
3416 3978 3711 4031 inhabitan-

2150 4082 2256 4126 tem
2293 4072 2342 4125 in
2381 4086 2439 4125 se
2468 4068 2634 4123 Deum
2669 4068 2974 4135 habuerint,
3003 4070 3132 4124 satis
3153 4079 3256 4126 est.
3283 4077 3341 4122 ut
3370 4070 3571 4124 ideirco
3595 4084 3710 4123 rere

2146 4164 2219 4218 dii
2253 4179 2372 4219 esse
2399 4165 2623 4234 possint,
2652 4172 2707 4217 et
2735 4163 2801 4215 ab
2839 4162 3147 4215 hominibus
3186 4160 3504 4225 adorentur,
3533 4175 3710 4215 Omnes

2146 4270 2279 4311 sane
2312 4256 2485 4327 angeli
2521 4255 2876 4324 hominesque
2905 4257 3016 4308 sint
3054 4254 3123 4307 dii
3151 4262 3205 4306 et
3235 4252 3535 4315 adorandi;
3564 4253 3710 4306 inha-

2146 4348 2278 4403 bitat
2300 4348 2442 4403 enim
2480 4348 2619 4400 Deus
2654 4346 2724 4401 ilL
2739 4344 2942 4400 sanctis
2962 4342 3185 4411 angelis.
3227 4341 3525 4398 Habuimus
3556 4344 3707 4397 etiam

2146 4454 2243 4495 nos
2277 4440 2453 4509 ipsum
2484 4438 2535 4491 in
2567 4436 2723 4491 nobis
2748 4450 2843 4506 per
2872 4434 3133 4504 Spiritum
3165 4446 3447 4502 sanctum;
3486 4439 3580 4491 sed
3607 4452 3706 4491 non

2143 4530 2340 4587 sollicit
2364 4532 2465 4584 hoc
2494 4529 2799 4591 ostendere,
2834 4536 3024 4581 natura
3047 4526 3176 4580 deos
3196 4537 3249 4580 et
3292 4529 3595 4583 aiiONﬂdOS
3621 4543 3706 4584 eas

2144 4625 2234 4691 qui
2272 4622 2469 4677 habent
2506 4618 2765 4690 Spiritum
2794 4630 3062 4674 sanctum.
3101 4618 3266 4686 Igitur
3298 4634 3401 4673 non
3434 4630 3703 4690 propterea

2142 4712 2288 4768 Deus
2323 4723 2426 4775 est,
2454 4724 2505 4765 et
2533 4712 2841 4766 adorandus
2870 4708 3205 4773 Emmanuel,
3229 4712 3372 4780 quod
3401 4714 3704 4767 inhabitarit

2140 4806 2193 4858 in
2226 4819 2311 4864 eo.
2366 4814 2615 4873 tanquam
2667 4805 2720 4857 in
2771 4803 2986 4857 homine
3030 4804 3324 4868 communi,
3372 4814 3429 4858 et
3472 4819 3701 4859 seorsum

2140 4895 2491 4967 intelligendo
2538 4898 2674 4951 etin
2707 4905 2858 4965 parte
2897 4895 3063 4949 Deum
3107 4892 3377 4960 Verbum;
3428 4896 3520 4949 sed
3569 4896 3701 4965 quod

2138 4988 2339 5041 factum
2385 4989 2457 5043 sit
2481 5003 2631 5052 caro,
2670 4989 2722 5042 id
2753 4996 2859 5051 est,
2896 4988 3059 5041 homo
3094 5004 3108 5041 :
3157 4988 3356 5042 mansit
3383 4990 3529 5043 enim
3573 4990 3698 5044 idem

2136 5088 2191 5134 et
2216 5078 2376 5144 Deus,
2409 5090 2464 5135 et
2489 5078 2819 5135 adorandus.

2661 5212 2820 5284 792
2857 5210 3011 5267 car.
3049 5208 3189 5264 xu.

2212 5331 2367 5385 Dicta
2406 5330 2693 5399 apostolica
2732 5328 3007 5454 inanibus
3049 5328 3184 5383 Deus
3223 5325 3528 5381 aoniiuatus
3567 5338 3636 5380 est

2854 5411 3051 5454 instas.

2854 5411 3051 5454 πηιιιε.

2073 3312 2115 3371 C

2214 5516 2290 5571 De
2320 5513 2579 5585 mysterio
2610 5511 2795 5567 dicens
2824 5509 3117 5564 secundum
3152 5507 3429 5563 Christum
3462 5527 3475 5564 :
3511 5527 3530 5560 α
3560 5508 3693 5576 Quod

2132 5608 2270 5673 aliis,
2287 5605 2482 5676 inquit,
2507 5600 2950 5674 generationibus
2965 5614 3069 5655 non
3089 5609 3169 5654 est
3190 5599 3433 5671 agnitum
3455 5599 3579 5657 (iliis
3606 5598 3691 5655 bo-

3032 5741 3078 5774 ⁷⁰
3113 5740 3245 5798 ibid.
3270 5740 3327 5795 2.
3408 5744 3453 5775 ’ί
3495 5742 3620 5796 ibid.
3642 5741 3687 5795 5.

2070 5749 2113 5780 ⁸⁸
2153 5748 2251 5803 lsa.
2284 5764 2382 5810 LII,
2408 5745 2460 5800 8.
2558 5744 2600 5776 "
2635 5740 2797 5798 Hebr.
2828 5757 2870 5803 ι.
2902 5744 2950 5795 i.
3032 5741 3078 5774 ⁷⁸
3113 5740 3245 5798 ibid.
3270 5740 3327 5795 2.
3408 5744 3453 5775 τί
3495 5741 3669 5796 ibid.5

2118 5822 2163 5850 7*
2198 5824 2364 5867 Anne.
2410 5832 2487 5867 Ill.
2540 5815 2638 5867 2οε
2692 5812 2847 5867 Joan.
2879 5826 2988 5867 xtv.
3045 5814 3129 5867 l6.
3223 5812 3270 5841 "
3308 5811 3483 5867 ICor.
3512 5829 3591 5867 ιιι.
3620 5812 3669 5866 I7

3468 5852 3483 5867 ι
3512 5846 3591 5878 ΙΙΙ,
3622 5846 3635 5866 Ι
3651 5846 3687 5865 η

2118 5822 2163 5850 ⁷³
2198 5824 2364 5889 Apoc.
2410 5832 2487 5881 ιιι,
2540 5815 2638 5879 2ος
2692 5812 2847 5869 Joan.
2879 5826 2988 5877 xtv,
3045 5814 3129 5867 l6.
