3926 6470
166 476 193 528 1
204 475 330 528 395

1170 463 1458 520 δΩΙΙυΜᾹ
1506 460 1593 514 DE
1629 452 2153 514 l‘NCAliNATlONE
2197 446 2571 509 UNICENITI.

3407 432 3544 485 I391

163 590 445 656 tuiuunt,
461 590 619 646 sicut
638 601 783 642 nunc
804 584 1100 640 revelatum
1118 589 1202 636 est
1220 578 1424 635 sanctis
1444 576 1785 647 apostolis".
1802 594 1821 626 ι

1951 592 1953 621 ;
1990 562 2255 643 Apparuit
2281 566 2426 621 enim
2453 562 2629 635 gratia
2655 560 2749 616 Dei
2781 554 3075 613 salvatoris
3105 550 3382 614 omnibus,
3413 562 3544 601 eruo

168 683 249 737 Et
282 701 298 737 :
365 701 388 734 ‹
428 679 770 753 Mysterium
806 680 950 749 quod
1000 675 1379 731 absconditum
1427 670 1529 726 fuit
1556 688 1585 725 a
1620 668 1834 725 sazculis

169 786 238 830 et
272 773 791 845 generationibus,
827 784 968 825 nunc
993 776 1176 822 autem
1211 764 1558 819 manifestum
1595 773 1679 817 est
1705 776 1834 816 san—

168 866 292 921 riis
327 866 498 932 ejus,
537 863 736 934 quibus
767 861 937 916 voluit
966 858 1209 915 revelare
1244 858 1461 911 divitias
1491 855 1677 927 gloria:
1715 868 1835 923 my-

168 960 351 1017 sterii
393 958 577 1025 hujus
602 958 658 1012 iu
685 957 960 1028 gentibus,
992 954 1137 1026 quod
1170 964 1254 1008 est
1281 952 1557 1017 Christus,
1591 953 1644 1005 in
1685 948 1836 1002 vobis

169 1066 322 1120 spes
380 1049 614 1120 gloriat,
648 1064 811 1119 quem
854 1064 954 1103 nos
995 1047 1380 1102 annuntianms
1400 1044 1467 1097 ⁷⁸.
1509 1063 1529 1096 ι
1566 1043 1623 1099 Si
1676 1042 1839 1112 igitur

170 1152 273 1198 est
327 1142 649 1214 θεοφόρος,
682 1153 735 1198 et
769 1158 875 1197 non
918 1140 1059 1196 Deus
1106 1154 1254 1201 vere,
1286 1138 1562 1207 quomodo
1605 1137 1718 1207 ipse
1756 1143 1839 1189 est

170 1234 427 1289 divitia:
462 1236 658 1305 gloria:
695 1232 963 1303 mysterii,
990 1232 1135 1302 quod
1164 1232 1517 1284 annuntiatnr
1548 1227 1841 1302 gentibus?

180 1324 293 1380 Vel
338 1326 644 1396 quomodo
669 1326 891 1380 omnino
920 1324 1061 1380 Dens
1084 1323 1483 1379 annuntiatur‘!

885 1434 1040 1491 CAP.
1077 1433 1197 1490 XX.

948 1550 1133 1604 Aliud.

278 1679 301 1712 α
346 1659 505 1717 Volo
533 1660 680 1716 enim
716 1676 812 1717 vos
846 1662 991 1718 scire
1028 1663 1246 1733 qualem
1279 1664 1701 1720 sollicitudinem
1746 1668 1841 1719 ha-

188 1754 379 1807 beam
432 1770 535 1824 pro
558 1753 710 1809 vobis
733 1764 789 1809 et
818 1769 916 1824 pro
945 1754 1011 1809 iis
1035 1754 1126 1824 qui
1150 1767 1276 1811 sunt
1300 1756 1604 1825 Laodiceae,
1631 1767 1686 1813 et
1715 1759 1840 1829 qni-

189 1860 454 1911 (utrique
508 1860 614 1899 non
670 1845 925 1901 viderunt
962 1846 1156 1901 faciem
1214 1865 1390 1904 meam
1442 1851 1494 1905 in
1547 1866 1733 1915 carne,
1787 1861 1845 1905 ut

1938 666 2091 721 diens
2126 680 2246 729 nos,
2285 671 2342 716 ut
2389 661 2724 723 abnegantes
2772 653 3111 723 impietatem
3165 657 3222 704 et
3254 643 3543 701 meularia

1939 757 2230 821 desideria,
2288 751 2472 809 sobrie
2517 761 2572 805 et
2612 747 2760 816 juste
2788 756 2843 802 et
2879 747 2966 817 pie
3015 745 3285 803 vivamus,
3338 738 3390 791 in
3445 737 3548 790 hoe

1939 849 2160 912 seculo,
2214 855 2599 915 exspectantes
2652 842 2867 897 beatam
2919 852 3097 908 spem,
3141 844 3198 889 et
3246 831 3542 885 adventum

1939 940 2126 1011 gloriae
2146 938 2324 1010 magni
2344 937 2434 992 Dei
2452 946 2506 991 et
2523 933 2824 991 Salvatoris
2845 929 3016 985 nostri
3039 924 3167 982 Jesu
3193 921 3399 979 Christi
3420 918 3541 971 ⁸⁸2»

1941 1034 2084 1089 Ecce
2124 1032 2286 1098 Deus,
2337 1040 2394 1085 et
2438 1044 2691 1101 magnus,
2743 1024 3060 1097 plenissime
3098 1018 3411 1075 nominatus
3464 1023 3551 1069 est

1944 1121 2215 1183 Dominus
2234 1138 2424 1180 noster
2447 1121 2607 1178 Iesus
2636 1122 2891 1178 Christus
2921 1137 2934 1173 :
2962 1118 3077 1185 ipse
3103 1123 3186 1169 est
3220 1112 3366 1167 enim
3392 1106 3550 1176 cujus

1941 1219 2230 1274 adventum
2283 1216 2470 1286 gloria:
2536 1221 2958 1286 exspectantes,
3020 1207 3203 1263 sobrie
3258 1204 3441 1257 vivere
3494 1210 3551 1255 et

1942 1310 2500 1382 irreprehensibiliter
2562 1307 2910 1362 festinamus.
2970 1301 3078 1357 Sed
3138 1299 3185 1353 si
3249 1306 3336 1352 est
3380 1296 3546 1350 homo

1943 1403 2228 1474 θεοφόρος,
2262 1402 2538 1471 quomodo
2565 1401 2637 1453 sit
2666 1411 2895 1468 magnus
2925 1394 3069 1448 Deus
3086 1391 3110 1445 ?
3142 1388 3235 1445 Vel
3275 1385 3552 1457 quomodo

1943 1495 2105 1551 beata
2138 1507 2265 1565 spes
2293 1492 2346 1546 in
2372 1490 2538 1546 eum?
2565 1488 2847 1559 Siquidem
2880 1500 3045 1540 verus
3069 1492 3154 1539 est
3188 1478 3432 1550 profecto
3461 1474 3552 1530 Je-

1944 1573 2151 1643 remia§
2172 1584 2403 1639 dicens:
2446 1599 2466 1634 ι
2504 1578 2828 1635 Maledictus
2858 1577 2951 1647 qui
2991 1589 3142 1645 spem
3195 1587 3351 1629 suam
3397 1570 3555 1639 ponit

1944 1679 1998 1734 in
2032 1678 2252 1733 homine
2277 1675 2345 1728 ⁸⁸.
2379 1693 2399 1728 ι
2440 1671 2626 1743 Neque
2647 1672 2793 1726 enim
2825 1671 2993 1725 Deum
3026 1668 3198 1737 ipsum
3231 1664 3407 1735 p0ssit
3432 1661 3551 1715 clli-

1946 1787 2089 1837 cere,
2122 1780 2183 1826 ut
2223 1780 2352 1825 ante
2381 1767 2518 1831 dixi,
2558 1768 2610 1821 id
2648 1766 2793 1836 quod
2828 1775 2914 1819 est
2960 1764 3128 1819 Deum
3173 1770 3414 1831 portare.
3448 1758 3553 1812 De-

1947 1863 2113 1935 nique
2145 1863 2377 1918 doceant
2401 1876 2522 1925 nos,
2560 1858 2689 1929 quid
2718 1856 2974 1927 impediat
3001 1853 3137 1909 alios
3162 1852 3328 1907 etiam
3360 1865 3554 1903 mnnes

193 1936 598 1990 consolentur
626 1937 793 1991 corda
844 1939 1110 2008 ipsorum,
1148 1941 1399 1997 instructi
1451 1945 1502 1997 in
1548 1944 1839 2011 charitate,
1878 1943 1917 1997 Β
1949 1960 2081 2014 deos
2111 1971 2243 2013 esse
2278 1965 2332 2010 ρι
2357 1954 2690 2017 adorandos,
2719 1952 2808 2019 qui
2842 1950 2895 2003 in
2926 1963 2984 2004 se
3017 1946 3309 2002 habuerint
3341 1942 3553 1998 Deum?

193 2037 257 2081 et
289 2027 356 2081 in
396 2043 595 2083 orunes
618 2028 835 2084 divitias
864 2031 1223 2100 plenitudinis
1248 2035 1577 2100 intellectus.
1609 2039 1663 2093 in
1693 2040 1841 2107 agni-

200 2116 445 2173 tionem
499 2121 744 2189 mysterii
779 2118 874 2176 Dei
929 2122 1131 2179 Christi
1168 2124 1235 2177 τ’.
1272 2144 1289 2175 ι
1332 2124 1471 2181 Ecce
1522 2130 1839 2198 mysterium

203 2210 344 2272 Dei,
382 2212 708 2281 mysterium
746 2215 993 2269 nominat
1013 2214 1238 2281 CltriSIi,
1264 2230 1318 2274 et
1350 2219 1510 2286 plene
1540 2220 1840 2291 intelligere

198 2303 504 2371 quosdam
531 2304 647 2359 vult
676 2305 727 2359 in
757 2308 1087 2376 agnitionem
1121 2309 1312 2378 ipsius.
1343 2310 1460 2376 Quo
1482 2311 1647 2379 igitur
1680 2312 1840 2368 intel-

205 2395 378 2449 lectu
432 2410 569 2463 opus
602 2407 742 2460 erat,
799 2398 1105 2453 volentibus
1139 2400 1340 2454 Christi
1389 2405 1706 2472 mysterium
1761 2404 1842 2457 di-

203 2500 423 2550 scere,
451 2486 493 2538 si
533 2485 749 2543 fuerant
786 2490 1047 2555 audituri,
1088 2494 1233 2560 quod
1278 2492 1611 2548 inhabitaret
1655 2496 1708 2548 in
1747 2497 1844 2549 lm-

209 2575 387 2630 tuine
428 2575 615 2632 Deus?
661 2578 811 2648 Opus
852 2591 936 2635 est
978 2591 1158 2636 autem
1213 2584 1381 2637 nimio
1433 2586 1731 2652 intellectu,
1787 2600 1843 2642 nt

207 2665 385 2721 scias
413 2673 602 2721 contra
634 2670 779 2737 quod
822 2669 1083 2737 Verbum,
1135 2688 1261 2727 cum
1316 2674 1389 2730 sit
1440 2677 1600 2742 Deus,
1640 2678 1839 2734 factum

212 2758 294 2812 sit
340 2759 533 2813 homo.

874 2874 1027 2932 CAP.
1070 2876 1212 2932 XXI.

964 2989 1147 3045 Aliud.

318 3119 339 3150 ι
384 3100 423 3152 .-\
458 3100 609 3155 vobis
641 3100 785 3155 enim
821 3102 1000 3156 sonuit
1028 3118 1210 3157 sermo
1242 3104 1477 3169 Donnni,
1516 3124 1621 3164 non
1666 3112 1840 3167 solum

228 3192 291 3244 in
331 3190 649 3246 Macedonia
682 3203 736 3247 et
762 3193 999 3262 Achaia;
1030 3196 1125 3251 sed
1149 3200 1297 3253 oumi
1330 3199 1447 3255 loco
1473 3203 1605 3257 tides
1638 3216 1841 3273 vestra,

228 3301 368 3353 qua:
402 3294 483 3338 est
512 3283 579 3338 ad
622 3286 814 3349 Deum,
841 3288 1008 3341 exivit
1039 3289 1106 3343 ⁸ο.
1141 3310 1159 3341 υ
1199 3290 1337 3346 Ecce
1367 3294 1561 3348 iterum
1595 3297 1647 3350 in
1679 3298 1844 3356 Deum
1873 3315 1918 3371 ο

234 3377 408 3433 tidem
439 3379 634 3433 factam
677 3393 800 3433 esse
832 3395 1243 3449 commemorat,
1272 3388 1577 3441 eumetiam
1600 3388 1852 3449 Christus

230 3471 422 3526 dicat:
453 3489 471 3521 ι
502 3471 603 3537 Qui
634 3474 814 3528 credit
843 3474 896 3527 in
924 3490 1029 3541 me,
1056 3475 1218 3530 habet
1244 3476 1406 3531 vitam
1440 3488 1698 3535 :eternam
1726 3485 1793 3541 ⁸¹.
1830 3508 1846 3538 ι

235 3564 568 3619 Sermonem
600 3575 781 3621 autem
816 3568 1255 3635 praedicationem
1290 3572 1421 3625 dlt‘ll
1455 3574 1519 3629 de
1550 3576 1747 3645 seipso.

865 3702 1016 3757 CAP.
1064 3702 1230 3760 XXII.

905 3817 909 3819 “
958 3817 1140 3872 Aliud.

326 3944 346 3976 ο
385 3926 491 3995 ipsi
543 3928 687 3982 enim
739 3931 891 3986 scitis
927 3932 1213 3988 introitum
1265 3948 1507 3992 nostrum
1546 3942 1687 4011 apud
1731 3960 1848 4009 vos,

242 4018 504 4089 anuiatn
554 4036 660 4075 non
695 4021 874 4078 inanis
914 4024 1055 4089 fuit;
1097 4027 1191 4079 sed
1224 4038 1350 4083 ante
1392 4032 1555 4084 multa
1603 4036 1769 4102 paSsi,
1798 4046 1854 4089 et

244 4113 596 4169 contumeliis
630 4113 833 4177 allecti.
870 4116 1206 4183 sicutseitis,
1244 4120 1295 4174 in
1334 4120 1621 4192 Philippis,
1654 4127 1844 4181 eontisi

249 4203 453 4259 fuimus
480 4206 530 4258 in
565 4206 675 4261 Deo
713 4207 949 4277 colloqui
982 4210 1047 4263 ad
1084 4226 1180 4267 vos
1222 4213 1575 4285 Evangelium
1613 4219 1703 4272 Dei
1733 4222 1798 4272 ⁸⁸.
1824 4239 1842 4273 ι

245 4293 390 4349 Ecce
429 4296 656 4367 loquens
688 4298 739 4353 in
784 4300 918 4367 Deo,
960 4302 1057 4357 Dei
1107 4304 1455 4377 Evangeliutn
1488 4314 1844 4378 memoravit;

246 4386 341 4456 qui
367 4389 625 4457 prmdicat
661 4394 921 4461 gentibus
947 4394 1248 4451 Christum.

852 4527 1006 4583 CAP.
1048 4527 1237 4585 XXIII.

954 4641 1141 4696 Aliud.

327 4772 349 4805 ι
373 4752 774 4819 Recordamiui,
796 4756 1014 4823 fratres,
1039 4758 1276 4813 laborent
1301 4768 1546 4813 nostrum
1570 4772 1623 4816 ct
1648 4778 1841 4817 avrum-

250 4865 395 4912 nam,
432 4858 591 4903 nocte
619 4857 673 4901 et
700 4849 785 4901 die
809 4862 1123 4918 operantes,
1158 4868 1222 4905 nc
1246 4868 1405 4921 quem
1440 4862 1680 4907 vestrum
1710 4873 1838 4923 gra-

250 4956 519 5003 varemns;
547 4940 958 5010 prmdicavimus
982 4942 1327 5012 Exangelium
1352 4943 1442 4999 Dei
1469 4946 1607 4999 inter
1630 4947 1794 5000 vos".
1812 4975 1826 4995 ν

251 5031 317 5085 Et
350 5032 543 5085 iterum
579 5044 589 5078 :
633 5049 650 5079 ι
683 5029 975 5097 Propterea
1020 5041 1075 5084 et
1110 5048 1209 5087 nos
1241 5032 1444 5102 gratias
1485 5035 1695 5102 agimus
1730 5034 1837 5089 Deo

247 5123 366 5177 sine
417 5122 864 5187 intermissione;
915 5124 1170 5192 quoniam
1220 5143 1342 5178 eum
1380 5125 1759 5194 percepisse-tis
1808 5147 1835 5181 a

250 5213 407 5267 nobis
434 5214 678 5278 verbum,
707 5218 893 5269 auditu
927 5216 1020 5269 Dei
1061 5216 1369 5284 excepistis,
1398 5236 1501 5272 tton
1532 5228 1586 5270 ut
1614 5220 1838 5273 verbum

250 5303 551 5368 hominum,
581 5304 673 5358 sed
703 5315 759 5357 ut
787 5308 1007 5360 verbum
1041 5307 1156 5371 Dei,
1184 5308 1272 5374 qui
1298 5320 1553 5375 Operatur
1584 5310 1635 5362 in
1662 5311 1836 5375 vobis,

248 5398 338 5463 qni
382 5398 690 5452 credidistis
735 5401 803 5452 ⁸³.
844 5419 860 5449 ι
915 5400 1109 5454 Nonne
1153 5402 1435 5455 evidenter
1484 5403 1837 5473 Evangelium

254 5486 371 5549 Dei,
398 5497 447 5541 et
484 5489 574 5543 Dei
609 5490 832 5543 verbum
866 5491 1306 5560 pra'dieationem
1344 5494 1410 5547 de
1446 5495 1665 5549 Christo
1686 5512 1838 5551 com-

253 5582 554 5634 memorat?
584 5583 781 5651 quippe
810 5582 859 5635 id
883 5583 1134 5639 munibus
1169 5585 1670 5640 manifestissimum
1706 5600 1787 5643 est
1822 5606 1835 5642 :

325 5786 367 5815 ⁷⁷
403 5785 595 5851 Ειιιιιιδ.
630 5802 707 5847 ιιι,
738 5788 789 5839 ὃ.

258 5857 301 5884 ’³
338 5856 355 5905 Ι
387 5856 575 5907 ἸἸΙιὶδδ.
612 5872 668 5918 ιι,
707 5859 721 5907 i

258 5933 295 5949 ·“
318 5922 469 5981 Galat
525 5931 637 5984 1.!6.

877 5791 913 5809 ’⁸⁸
945 5789 1149 5844 CUIUS».
1183 5808 1220 5854 ι,
1250 5794 1334 5845 ili.

870 5861 906 5887 θ’
969 5862 1075 5913 lllltl
1135 5864 1211 5917 I3,

722 5932 759 5951 ""
802 5931 903 5984 ibitl

1425 5798 1461 5822 “’
1497 5794 1701 5847 Colit».
1736 5812 1791 5853 tt,
1826 5800 1869 5848 l.

1334 5865 1371 5889 “
1434 5865 1535 5917 'l'tl.
1600 5884 1655 5921 tt,

1731 5869 1779 5917 tt
1894 5874 1934 5890 η

1946 2050 2116 2106 Deum
2151 2060 2332 2104 autem
2364 2057 2420 2103 et
2454 2060 2709 2119 maguum
2741 2053 2793 2098 et
2827 2043 3073 2104 beatmn,
3106 2038 3394 2095 habentem
3428 2036 3554 2090 ιιι..-

1946 2144 2299 2200 minationem
2345 2141 2623 2197 Christum
2662 2137 2908 2192 nominat
2958 2135 3149 2188 beatus
3184 2130 3409 2193 Paulus,
3456 2132 3550 2197 qui

1948 2237 2223 2293 invenitur
2244 2236 2434 2289 dicens
2461 2234 2529 2289 de
2551 2232 2756 2287 Iudaeis
2779 2240 2833 2283 et
2859 2223 3183 2283 Emmanuel
3214 2242 3225 2277 :
3259 2240 3278 2274 ι
3309 2221 3551 2288 Quorum

1947 2340 2150 2399 patres,
2187 2336 2239 2381 et
2274 2333 2682 2387 testamentum,
2717 2331 2771 2375 et
2804 2318 3222 2389 promissiones,
3256 2325 3311 2368 et
3336 2330 3396 2367 ex
3426 2315 3550 2382 qui-

1948 2424 2046 2478 bus
2081 2421 2334 2476 Christus
2374 2416 2676 2473 secundntn
2715 2428 2961 2477 carnem,
2995 2410 3088 2476 qui
3122 2418 3204 2463 est
3240 2423 3404 2476 super
3435 2424 3551 2461 out-

1949 2516 2033 2569 ttia
2067 2512 2385 2568 benedictus
2418 2524 2470 2563 ιιι
2501 2506 2699 2563 εωςιιιιι
2738 2502 3088 2559 steculoruut.
3128 2503 3303 2554 Amen
3347 2497 3415 2550 ".
3457 2518 3475 2549 ι

2016 2606 2169 2672 Quod
2222 2617 2353 2658 vero
2387 2601 2686 2656 secundum
2743 2596 2982 2652 divinant
3036 2594 3427 2648 revelatiunent
3472 2590 3547 2642 fa»

1946 2700 2121 2755 ciebat
2156 2694 2627 2766 praedicationem,
2656 2690 3001 2761 perspicuum
3033 2687 3115 2749 (it,
3149 2686 3264 2753 ipso
3294 2683 3510 2736 dicente
3538 2722 3552 2735 .

1953 2807 1973 2840 ι
2020 2787 2224 2841 Deinde
2269 2794 2391 2857 post
2421 2799 2597 2838 annos
2627 2778 3045 2853 quatuordecim
3086 2778 3281 2831 iterum
3332 2775 3553 2828 ascendi

1949 2880 2381 2950 Hierosolymam
2415 2891 2538 2932 cum
2579 2873 2855 2937 Barnal-a,
2880 2879 3165 2939 assumpto
3206 2868 3371 2923 etiam
3406 2864 3550 2918 ’l‘tto.

1949 2971 2178 3026 Ascendi
2224 2980 2404 3023 autem
2448 2970 2748 3024 secundum
2792 2963 3207 3023 revelationent,
3238 2969 3293 3014 et
3327 2958 3552 3024 exposui

1947 3062 2030 3119 eis
2073 3059 2453 3131 Evangelium,
2498 3060 2642 3127 quod
2688 3057 2928 3126 przedico
2963 3052 3256 3124 gentibus;
3308 3065 3555 3104 seorsum

1949 3167 2129 3212 autem
2188 3156 2251 3210 iis
2298 3154 2393 3223 qui
2441 3152 2772 3207 videbantur
2799 3148 3002 3217 aliquid
3041 3161 3184 3209 esse,
3224 3160 3291 3198 ne
3333 3144 3473 3197 forte
3504 3144 3555 3196 in

1952 3262 2180 3301 vacuum
2202 3260 2507 3306 currerent,
2536 3251 2627 3297 aut
2650 3242 3017 3297 cucurrissent
3052 3239 3119 3294 ⁸⁷.
3160 3259 3178 3291 ι
3205 3237 3367 3309 793
3394 3237 3559 3292 Chri-

1954 3351 2098 3395 stum
2127 3338 2433 3407 prtedicans
2462 3335 2736 3408 gentibus,
2770 3345 2829 3387 ut
2866 3334 3060 3397 Deum,
3097 3332 3341 3387 divinqu
3376 3333 3554 3387 nomi-

1957 3444 2049 3487 nat
2079 3432 2249 3499 ipsius
2288 3430 2488 3498 ubiqne
2528 3428 2868 3499 mysterium.
2915 3426 3176 3479 Ascendit
3213 3440 3310 3495 per
3348 3426 3560 3480 revela-

1958 3525 2157 3578 tionem
2210 3521 2668 3591 Hierosolymam,
2714 3528 2769 3573 et
2817 3518 3073 3588 exposuit
3119 3517 3205 3572 his
3251 3518 3343 3587 qui
3408 3520 3559 3571 vide-

1956 3617 2155 3669 bantur
2184 3611 2388 3682 aliqttid
2434 3624 2577 3671 esse,
2620 3608 2668 3661 id
2701 3618 2805 3671 est,
2858 3608 3067 3663 sanctis
3113 3608 3400 3677 apostoli-ﬁ,
3446 3609 3558 3661 sive

1955 3706 2259 3775 discipulis,
2296 3720 2363 3759 ne
2399 3704 2539 3758 forte
2571 3702 2622 3756 in
2659 3717 2887 3756 vacuum
2930 3710 3137 3755 currat.
3168 3700 3303 3755 Cum
3334 3717 3462 3755 vero
3491 3700 3558 3751 ab

1958 3796 2351 3867 Hierosolymis
2383 3793 2780 3854 descendisset,
2814 3800 2869 3845 et
2919 3807 3108 3845 rursus
3154 3791 3396 3859 gentium
3430 3808 3557 3857 gre-

1955 3890 2113 3956 gibus
2142 3886 2503 3950 interfuisset,
2527 3883 2912 3939 emendavitne
2938 3881 3140 3949 aliquid
3161 3897 3223 3935 ex
3252 3879 3560 3949 prioribus?

1954 3981 2144 4036 Nonne
2184 3978 2551 4049 perseveravit
2600 3975 2769 4030 Deum
2813 3975 3081 4029 coulitens
3108 3970 3431 4027 Christum?
3462 3970 3555 4024 At-

1953 4091 2059 4147 que
2086 4075 2207 4129 idco
2243 4072 2432 4128 scribit
2459 4068 2786 4140 quibusdam
2834 4086 2846 4121 :
2884 4085 2904 4120 ο
2943 4067 3111 4120 Miror
3148 4066 3291 4134 quod
3328 4066 3408 4119 sic
3447 4067 3557 4120 eitu

1955 4164 2349 4221 transferimini
2383 4162 2450 4217 ab
2477 4176 2563 4227 eo,
2594 4162 2684 4229 qui
2732 4175 2826 4214 vos
2862 4160 3077 4213 vocavit
3112 4159 3163 4211 in
3198 4157 3342 4211 aliud
3388 4173 3557 4211 evan-

1952 4261 2173 4331 gelium,
2210 4256 2355 4327 quod
2391 4269 2495 4309 non
2521 4264 2603 4309 est
2633 4251 2800 4313 aliud,
2830 4253 2935 4306 nisi
2970 4252 3135 4321 aliqui
3176 4260 3305 4305 sunt
3334 4262 3558 4303 contur-

1953 4356 2142 4408 bantes
2171 4366 2267 4405 vos
2296 4358 2350 4403 ct
2376 4348 2621 4403 volentes
2657 4356 2980 4401 convertere
3016 4342 3367 4413 Evangeliutu
3398 4342 3556 4397 (ibri-

1950 4448 2017 4503 sti
2056 4446 2123 4497 ⁸³.
2163 4463 2180 4495 ι
2227 4442 2315 4497 Ait
2362 4449 2543 4495 autem
2596 4439 2792 4493 iterum
2844 4454 2857 4489 :
2912 4456 2929 4487 ι
2975 4436 3081 4491 Sed
3138 4437 3239 4491 etsi
3305 4453 3403 4488 nos
3464 4446 3558 4488 aut

1951 4538 2176 4609 angelus
2225 4538 2293 4590 de
2342 4535 2481 4587 cmlo
2532 4530 2993 4601 evangelizaverit
3032 4530 3203 4589 vobis.
3259 4540 3457 4598 praeter
3505 4530 3555 4583 id

1882 4664 1924 4718 υ
1954 4634 2096 4700 quod
2142 4627 2453 4696 accepistis,
2499 4624 2786 4677 anathema
2820 4622 2890 4677 sit
2921 4621 2990 4677 ".
3046 4642 3063 4674 ι
3104 4622 3209 4676 I’ro
3241 4638 3345 4691 qua
3393 4622 3556 4687 igitur

1953 4740 2112 4777 causa
2159 4722 2293 4773 alios
2329 4735 2519 4773 omnes
2554 4719 2837 4784 umittens,
2874 4717 3003 4771 licet.
3037 4717 3205 4770 Deum
3240 4716 3550 4770 inhabitau

1954 4828 2060 4869 tum
2087 4813 2397 4876 habuerint,
2424 4812 2597 4866 solum
2622 4807 3158 4880 praedicabatlesum
3188 4808 3331 4862 sicut
3362 4808 3550 4861 Deum.

2556 4969 2704 5023 CAP.
2753 4966 2940 5021 XXIV.

2654 5084 2833 5139 Aliud.

2021 5218 2296 5288 Scriptum
2328 5222 2509 5274 estde
2558 5218 2777 5273 Christo
2816 5238 2829 5272 :
2880 5240 2895 5269 ι
2929 5220 3063 5273 Cum
3101 5232 3279 5274 autem
3319 5231 3463 5275 esset
3500 5221 3552 5273 in

1954 5310 2344 5382 Hierosolymis
2371 5313 2423 5365 in
2466 5314 2550 5367 die
2589 5312 2747 5377 festo,
2783 5314 2940 5365 tttttlti
2983 5312 3335 5366 crediderunt
3370 5313 3420 5365 in
3457 5330 3553 5363 no-

1954 5404 2097 5456 tnine
2124 5404 2243 5472 ejus
2279 5407 2523 5460 videntes
2559 5407 2710 5475 signa
2742 5421 2864 5475 qua:
2913 5405 3183 5467 faciebat;
3219 5405 3333 5474 ipse
3368 5416 3549 5457 autem

1948 5494 2105 5549 Jesus
2130 5512 2232 5549 non
2256 5499 2511 5551 credebat
2536 5516 2593 5551 se
2625 5498 2765 5562 illis;
2792 5499 2932 5567 quod
2962 5498 3076 5566 ipse
3103 5499 3313 5553 sciebat
3337 5516 3549 5560 unmes.

1949 5598 1999 5644 et
2032 5591 2175 5659 tptod
2204 5606 2309 5644 non
2336 5607 2556 5646 necesse
2585 5592 2840 5657 habebat,
2873 5601 2932 5645 ιιι
2953 5592 3149 5661 aliquis
3175 5593 3546 5646 testimonium

1955 5802 1995 5821 "‘
2033 5798 2045 5841 I
2082 5798 2275 5851 'l‘hrss‘.
2308 5817 2341 5857 ι,
2371 5804 2422 5849 Ν.

1974 5866 2150 5922 ⁶1ι·ιι·ιιι
2230 5888 2265 5932 ι,
2314 5870 2361 5920 ῗι.

3058 5799 3098 5825 “²
3140 5795 3372 5851 IThcss.
3406 5814 3465 5858 ll,
3500 5803 3545 5851 ἐ.

3071 5870 3297 5923 “⁷(ὶ.ιὲ;ιι
3371 5887 3430 5934 ιι⁹
3503 5872 3541 5927 I,

2504 5800 2543 5824 “
2580 5796 2734 5847 .Iuntr.
2770 5815 2861 5860 ιιι,
2888 5798 2975 5853 25,

2448 5870 2463 5888 ⁸
2532 5870 2685 5921 Hom.
2746 5884 2811 5930 tt,
2882 5876 2929 5920 il.
