3926 6474
154 414 340 475 1397

1163 413 1452 469 SCllOLlA
1499 411 1584 468 DE
1623 409 2151 467 lNCAiiNATlONE
2194 416 2570 473 i'MGENlTI.

3403 417 3560 474 i398-

143 538 392 594 nttima
436 549 491 594 et
523 551 774 608 corpore.
808 536 1029 591 l’aclunt
1067 546 1151 591 est
1193 544 1372 589 autem
1411 533 1665 599 Verbum,
1696 548 1820 587 cum

1959 537 2059 590 7ti
2122 536 2229 592 οἶδε
2300 539 2565 610 μονογενῆ
2614 537 2705 592 τὸν
2777 537 2922 594 enim
2967 550 3133 591 unum
3176 550 3297 591 esse
3345 530 3543 587 Filium

146 632 244 687 sit
279 630 489 697 Deus,
517 634 679 687 homo
697 628 1205 701 perlectus,corpus
1230 628 1502 697 accipiens
1524 627 1824 680 animatum

146 732 225 777 ct
272 724 672 799 gationabile,
720 723 880 793 idque
908 722 1011 779 sibi
1046 736 1171 775 vere
1199 720 1462 775 adnuavit
1502 739 1514 777 :
1553 721 1829 789 quomodo

153 816 313 887 ipse
362 818 542 880 sciat,
574 816 778 872 nostris
810 817 955 871 enim
993 814 1242 870 sensibus
1276 814 1586 883 huiusmodi
1616 813 1828 883 cogita-

155 910 396 965 tiones
432 910 656 965 omnino
678 910 827 965 cerni
861 923 965 963 non
986 916 1213 977 possunt
1243 926 1258 961 :
1285 916 1340 962 ct
1376 915 1717 976 nuncupatus
1747 915 1831 961 est

156 999 389 1057 Filittl
440 1002 695 1058 hominis.

255 1092 405 1149 Sed
441 1095 485 1149 si
515 1105 730 1165 Oportet
760 1104 1018 1164 tanquam
1058 1092 1108 1147 in
1135 1094 1417 1163 speculum
1452 1094 1726 1149 intuentes
1748 1093 1832 1148 di-

163 1200 370 1253 ccre,
413 1184 688 1254 coniectat
718 1184 901 1255 aliquo
936 1184 1098 1240 modo
1138 1199 1330 1239 sensus
1395 1186 1689 1250 humanus,
1726 1185 1823 1239 ad-

170 1287 466 1333 amatum
500 1277 671 1333 fuisse
700 1276 939 1331 Verbum
960 1278 1176 1345 corpori
1214 1275 1434 1331 habenti
1471 1278 1708 1331 animam
1744 1291 1831 1331 ra-

176 1369 551 1425 tionabilem
586 1368 821 1438 qualiter
849 1370 1012 1423 etiam
1045 1368 1283 1423 hominis
1310 1368 1546 1422 animam
1580 1383 1680 1422 suo
1710 1384 1832 1424 cor-

176 1462 374 1531 pori,
408 1460 579 1530 ipsam
605 1460 823 1531 quidem
852 1461 1081 1515 diversa:
1109 1470 1337 1528 naturae,
1370 1461 1620 1516 sortitam
1653 1470 1833 1517 tamen

180 1552 676 1607 communionem
716 1552 1211 1619 adnnationemque
1266 1566 1387 1606 cum
1444 1566 1709 1622 corpore;
1776 1563 1834 1605 ut

183 1656 372 1711 pene
407 1641 657 1696 videatur
689 1656 795 1697 non
825 1656 949 1697 esse
980 1640 1083 1695 alia
1111 1652 1307 1712 praeter
1339 1656 1559 1709 corpus,
1591 1656 1657 1696 eo
1686 1641 1832 1711 quod

187 1747 319 1801 per
360 1732 815 1802 compositionem
849 1749 914 1788 ex
944 1741 1174 1802 utroque
1200 1734 1403 1787 animal
1440 1748 1605 1787 unum
1635 1730 1837 1787 cilicia-

192 1834 340 1891 tur,
383 1834 636 1879 manente
665 1834 845 1879 tamen
876 1823 1013 1894 ipsa,
1048 1834 1107 1880 ut
1142 1834 1270 1881 ante
1300 1825 1622 1889 memoravi,
1653 1824 1705 1877 in
1736 1840 1831 1879 sua

193 1926 460 1969 natura.
491 1915 635 1981 Ergo
681 1930 787 1970 non
835 1929 932 1985 per
964 1916 1445 1970 commutationem
1478 1926 1573 1975 aut
1605 1930 1835 1970 conver-

198 2005 451 2061 sionem
484 2004 755 2060 hominem
783 2004 986 2059 factum
1028 2004 1118 2058 Dei
1150 2004 1384 2059 dicimus
1416 2004 1690 2069 Verbum;
1732 2022 1831 2059 nec

202 2108 488 2165 prorsus,
521 2095 661 2165 quod
696 2096 836 2149 Deus
868 2109 989 2151 esse
1019 2095 1275 2163 desierit;
1305 2095 1398 2151 sed
1430 2097 1573 2166 quod
1609 2111 1829 2151 carnem

204 2187 517 2255 accipiens
558 2203 624 2244 ex
661 2190 906 2257 muliere,
936 2200 991 2245 et
1018 2190 1066 2245 ei
1099 2203 1163 2243 ex
1198 2200 1353 2244 utero
1381 2194 1674 2254 adultatus,
1702 2192 1837 2246 exiit

210 2279 409 2335 homo
444 2280 591 2336 idem"
616 2282 778 2337 simul
810 2293 862 2338 et
906 2283 1079 2350 Dens;
1113 2296 1291 2353 neque
1334 2283 1425 2339 Dei
1459 2295 1515 2337 et
1544 2283 1719 2339 Patris
1746 2301 1839 2353 ge-

210 2370 586 2425 nerationem
627 2381 885 2428 aeternam
928 2375 1241 2446 projiciens,
1274 2375 1530 2430 sustinuit
1567 2386 1839 2445 tempora-

213 2460 372 2527 lem,
403 2478 469 2517 ex
502 2464 727 2520 muliere
758 2466 884 2521 inde
934 2466 1171 2532 initium,
1214 2478 1271 2521 ut
1320 2480 1481 2529 esset,
1541 2468 1837 2537 accipiens.

218 2554 601 2611 Permittebat
645 2568 825 2613 autem
853 2560 1002 2613 carni
1044 2560 1278 2629 propriae
1318 2575 1428 2615 suae
1468 2570 1674 2615 natura:
1707 2562 1840 2633 lt-gi-

220 2648 345 2703 ltus
392 2648 563 2712 nasci,
611 2650 913 2706 nativitatis
964 2651 1174 2706 ratione
1224 2654 1509 2707 duntaxat.
1568 2654 1839 2708 Caeterum

222 2737 409 2793 habet
445 2738 497 2792 in
548 2755 608 2795 se
652 2741 855 2811 aliquid
893 2744 961 2797 ah
1021 2745 1254 2798 humana
1302 2756 1495 2799 natura
1525 2745 1837 2801 dissimile:

227 2840 408 2885 natus
437 2842 518 2888 est
541 2835 683 2888 enim
710 2849 774 2889 ex
802 2832 1045 2906 Virgine,
1066 2845 1119 2890 et
1142 2838 1291 2892 solus
1323 2839 1481 2893 habet
1507 2838 1584 2911 (ί)
1612 2850 1841 2897 matrem

229 2924 563 2993 innuptam;
610 2924 812 2982 factum
862 2939 1041 2984 autem
1077 2930 1255 3000 ipsum
1296 2932 1463 2987 etiam
1506 2949 1752 2999 carnem,
1791 2947 1846 2992 et

231 3014 299 3069 in
339 3016 494 3073 nobis
546 3019 903 3086 inhabitasse,
940 3022 1276 3093 evangelista
1328 3038 1739 3094 commemorat,
1789 3040 1847 3085 ut

234 3118 477 3176 utroque
506 3110 909 3179 comprobaret,
941 3122 995 3167 et
1022 3112 1223 3167 factum
1262 3114 1431 3170 fuisse
1469 3117 1767 3184 hominem,
1793 3130 1847 3175 et

244 3214 412 3253 suum
444 3217 551 3256 non
583 3203 886 3273 perdidisse
915 3223 928 3259 :
956 3207 1158 3260 mansit
1180 3208 1322 3261 enim
1353 3210 1497 3279 quod
1528 3220 1667 3266 erat.

348 3290 674 3363 intelligitur
774 3310 1011 3367 namque
1158 3297 1376 3353 Νοεῐται
1438 3302 1548 3372 γὰρ
1603 3304 1851 3370 πάντως,

238 3393 396 3437 cette
451 3396 709 3450 tanquam
762 3388 905 3444 aliud
955 3391 1008 3445 in
1086 3390 1161 3455 ὡς
1208 3390 1395 3464 ἕτερον
1442 3396 1499 3447 ὲν
1544 3397 1705 3467 ἑτέρᾳ
1736 3441 1749 3462 ,
1795 3400 1856 3451 τὸ

241 3472 355 3529 alio
428 3476 755 3547 inhabitare,
812 3482 862 3535 id
903 3494 1007 3546 est,
1089 3483 1401 3545 κατοικοῦν,
1444 3486 1588 3538 τοῦτ’
1617 3487 1787 3550 ἔστιν,
1821 3493 1854 3559 ὴ

243 3563 431 3621 divina
462 3580 649 3624 natura
686 3572 739 3627 iu
773 3573 1012 3628 httmani-
1089 3576 1207 3629 Θεία
1255 3577 1412 3646 φύσις
1468 3583 1525 3633 ἐν
1568 3581 1854 3653 ἀνθρωπό-

246 3666 396 3725 tate,
435 3675 541 3717 non
584 3678 838 3734 perpessa
869 3682 1017 3721 com-
1088 3687 1233 3741 τητι,
1254 3674 1344 3726 καὶ
1364 3674 1424 3726 οὑ
1444 3675 1693 3728 παθοῦσα
1727 3695 1858 3747 φυρ-

248 3750 597 3817 mixtionem,
620 3766 715 3810 aut
736 3757 1015 3815 confusio-
1094 3764 1215 3835 μὸν,
1246 3766 1278 3837 ἢ
1304 3766 1567 3838 ἀνάχυσιν
1592 3786 1733 3833 τινα,
1761 3774 1855 3824 καὶ

251 3859 420 3909 nem,
480 3857 573 3901 aut
628 3853 1015 3908 commutatio-

252 3952 400 4002 nem,
436 3950 495 3997 ut
548 3952 691 3997 esset
729 3946 873 4013 quod
910 3963 1014 4001 non

252 4042 395 4087 erat.
439 4031 708 4102 Quidquid
764 4038 907 4092 enim
960 4040 1012 4092 in

252 4120 364 4175 alio
391 4124 633 4181 habitare
656 4129 872 4197 dic-itur,
908 4147 1013 4185 non

255 4214 430 4282 ipsum
450 4217 507 4271 lit
522 4218 643 4277 tale.
662 4223 823 4290 quale
840 4233 923 4278 est
966 4226 1015 4279 id

257 4304 310 4357 in
338 4321 445 4375 quo
478 4308 717 4377 habitat;
749 4314 842 4367 sed
872 4314 1017 4368 aliud

257 4398 312 4452 io
368 4401 474 4452 alio
532 4403 705 4472 magis
771 4404 1022 4476 intelligi-

261 4498 367 4543 tur.
400 4493 468 4545 At
496 4508 623 4547 vero
662 4494 714 4548 in
741 4496 902 4551 Verbi
934 4516 1021 4554 na-

261 4590 381 4635 tura
418 4593 473 4637 et
507 4583 891 4653 humanitatis,
925 4606 1012 4645 so.

262 4672 367 4727 iam
383 4676 537 4729 nobis
550 4676 911 4735 differentiam
925 4685 1018 4737 de-

260 4766 435 4835 signat
476 4770 759 4829 diversitas
800 4788 1017 4833 natura-

262 4874 403 4915 rum.
426 4861 575 4918 Unus
605 4866 750 4921 enim
779 4886 842 4924 ex
874 4883 1020 4929 ntro-

260 4967 367 5021 que
401 4954 718 5031 intelligitur
747 4963 1017 5022 Christus.

264 5044 405 5113 Ergo
420 5047 881 5120 iuconinsione,ut
896 5071 1023 5112 ante

266 5138 397 5200 dixi,
422 5156 657 5207 servata.
689 5148 1023 5207 inhabitasse

272 5229 502 5286 Verbum
527 5238 599 5289 ait
624 5239 674 5291 in
700 5242 851 5295 nobis
883 5262 895 5295 :
922 5247 1024 5300 scit

340 5414 361 5441 ⁸
393 5397 601 5469 (ΖόΙυεε.
631 5430 688 5479 ιι,
730 5420 784 5473 9.

1094 3859 1451 3928 μετάστασιν,
1486 3860 1583 3931 τὴν
1615 3864 1691 3926 si;
1720 3864 1856 3934 ὅπερ

1087 3953 1188 4005 οὐκ
1226 3948 1314 4023 ἦν.
1364 3953 1437 4006 Τὸ
1465 3954 1573 4025 γὰρ
1624 3956 1857 4023 ὲνφικεϊν

1090 4046 1264 4119 ἑτέρῳ
1290 4046 1605 4115 λεγόμενον,
1635 4048 1734 4101 οὐκ
1760 4049 1857 4103 αὑ-

1089 4140 1149 4191 τὸ
1167 4140 1411 4208 γέγονεν,
1436 4122 1575 4211 ὅπερ
1602 4140 1718 4194 ἐστὶ
1739 4143 1858 4195 τοῦ-

1090 4244 1172 4290 το,
1192 4228 1249 4280 ὲν
1275 4221 1319 4295 ᾧ
1354 4233 1623 4282 κατοικεῖο
1649 4232 1855 4285 νοεῖται

1092 4320 1362 4391 δὲμᾶλλον
1384 4323 1469 4375 ἓτε
1482 4340 1570 4394 ρον
1588 4326 1644 4376 ὲν
1661 4325 1853 4395 ἑτέρῳ.

1106 4413 1195 4466 Ἐν
1227 4414 1283 4467 δέ
1325 4432 1389 4483 γε
1442 4417 1508 4484 τῇ
1555 4416 1714 4484 φύσει
1762 4416 1855 4469 τοῦ

1099 4510 1297 4578 Λόγου,
1329 4513 1423 4565 καὶ
1450 4511 1855 4584 τῆςάνθρωπό-

1095 4620 1277 4675 τητος,
1326 4605 1497 4675 μόνην
1566 4608 1699 4675 ἡμῖν
1761 4623 1857 4677 ση-
1892 4586 1932 4640 ί)

1096 4697 1277 4765 μαίνει
1318 4697 1583 4768 διαφορὰν
1611 4698 1717 4752 τῶν
1754 4700 1858 4767 φύς

1093 4808 1229 4844 σεων
1294 4793 1352 4844 τὸ
1418 4790 1694 4862 ὃιάῳοριιν.
1764 4790 1859 4855 Εἷς

1093 4882 1199 4951 γὰρ
1249 4885 1305 4949 ἐξ
1385 4884 1591 4951 ἀμφοῖν
1657 4886 1861 4937 νοεῖται

1096 4972 1343 5040 Χριστός.
1373 4973 1586 5029 Οὐκοῦν
1610 4975 1667 5027 τδ
1686 4975 1855 5043 ἀσύγ.

1098 5084 1257 5135 χυτον
1276 5064 1484 5139 εὗμάλα
1514 5071 1856 5143 τετηρηκὼς,

1099 5174 1169 5227 φη
1180 5158 1260 5208 σἰν
1289 5160 1345 5211 ἐν
1381 5163 1517 5229 ἡμῖν
1554 5164 1859 5231 ἐσκηνωκὲ-

1098 5267 1185 5304 νιι
1226 5252 1313 5305 τὸν
1358 5256 1552 5324 Λόγον.
1583 5256 1717 5308 Ἕνα
1754 5258 1860 5328 γὰρ

342 5592 423 5675 ii)
468 5594 524 5647 id
574 5608 676 5657 est,
725 5614 843 5722 una:
888 5602 987 5655 viri
1032 5604 1369 5671 amplexibus
1422 5605 1706 5674 inquinata
1757 5627 1859 5665 non

342 5676 487 5720 Isset.
535 5666 717 5719 Nnben
763 5672 959 5722 tenim
1015 5675 1335 5722 vocabulum
1392 5692 1541 5722 smne
1595 5680 1859 5722 renoritnr

277 5662 487 5720 inisset.
535 5666 717 5719 Nnben

763 5670 775 5721 i
813 5672 961 5746 enim
1015 5670 1335 5746 vocabulum
1392 5670 1562 5746 sa‘pe
1595 5680 1861 5744 reperitur

279 5735 331 5787 in
362 5736 635 5811 obscenis.
667 5735 802 5795 llinc
838 5740 963 5794 illud
991 5760 1055 5796 ex
1091 5742 1381 5811 Evangelia
1422 5735 1483 5799 υΪ
1525 5735 1688 5800 Marci
1717 5766 1729 5801 :
1761 5750 1864 5802 Nc-

279 5821 380 5888 σιω
432 5806 852 5888 ηιὺεηςᾲζισᾳιιε
881 5814 1159 5888 nuiveutnr.
1232 5806 1294 5870 Et
1339 5817 1429 5871 lth.
1469 5834 1546 5877 vt.
1592 5817 1867 5885 Capitula-

284 5877 420 5931 t'ittm
454 5891 567 5947 t'ap.
604 5876 711 5931 9.09
742 5876 990 5949 :h‘iipu
1020 5895 1191 5940 (auten
1238 5892 1490 5956 immptns
1530 5888 1607 5942 rrl
1650 5876 1868 5957 innupta

1935 633 2115 703 σάρκα
2188 632 2528 702 γενόμενον,
2606 630 2704 685 καὶ
2779 630 3115 700 unigenitum
3145 641 3367 683 carnem
3425 624 3543 682 iac-

1932 718 2457 795 ὲνανθρωπήσαντα.
2778 734 2915 787 tum,
2945 730 3013 776 et
3030 720 3329 777 hominem.

2008 814 2087 887 (ἓ)
2120 815 2301 872 Carne
2324 828 2505 873 autem
2544 817 2677 873 mihi
2706 817 2921 872 videtur
2955 814 3176 871 divinus
3199 810 3544 882 Evangelista

1938 916 2108 962 totam
2144 908 2428 981 sapienter
2464 916 2714 963 naturam
2764 906 3048 964 hominum
3101 903 3387 960 nominare
3418 919 3434 957 :
3466 901 3546 957 ait

1935 1001 2080 1054 enim
2115 997 2354 1055 Verbum
2386 998 2722 1055 inhabitasse
2755 999 2807 1053 in
2841 999 3020 1063 nobis,
3054 1011 3163 1051 non
3194 994 3446 1061 alterius,
3482 1002 3546 1047 ut

1933 1106 2035 1163 ego
2064 1092 2279 1163 opinor,
2306 1092 2504 1163 gratia,
2534 1092 2965 1145 incarnationem
2985 1086 3151 1144 Verbi
3177 1086 3377 1141 iactant
3401 1098 3547 1149 esse,

1936 1199 2411 1251 commemorans;
2450 1184 2553 1239 nisi
2582 1193 2640 1237 nt
2670 1182 2837 1237 etiam
2862 1195 2983 1246 nos,
3011 1180 3339 1251 participato
3375 1176 3549 1248 ipsius

1937 1294 2035 1349 per
2072 1278 2341 1349 Spiritum
2379 1288 2628 1333 sanctum
2660 1274 2999 1343 locupletati,
3033 1269 3349 1339 adeptionis
3385 1271 3551 1324 bene-

1939 1372 2119 1427 ilcium
2153 1372 2511 1427 lncraremur.
2552 1370 2725 1440 igitur
2758 1370 2815 1423 in
2851 1367 3077 1422 Christo
3108 1366 3371 1420 unitatem
3400 1378 3551 1418 sum-

1939 1480 2082 1519 mam
2116 1479 2410 1534 veramque
2431 1462 2708 1518 credimus
2737 1459 2964 1516 factam:
2986 1457 3083 1513 Sin
3108 1468 3291 1513 autem
3316 1456 3369 1509 in
3396 1454 3553 1509 nobis

1938 1553 2193 1610 Christus
2224 1552 2530 1608 inhabitare
2556 1552 2800 1615 dicatur,
2836 1548 3098 1621 σχετικὴν
3132 1547 3248 1617 ipse
3276 1543 3438 1599 faciet
3470 1543 3555 1597 in-

1940 1645 2362 1700 hahitationem.
2390 1642 2508 1699 Non
2538 1653 2722 1697 autem
2758 1657 2881 1696 cum
2920 1641 3062 1696 Deus
3090 1639 3295 1693 dicitur
3335 1635 3551 1690 inhabi-

1942 1747 2086 1793 tasse
2119 1738 2171 1791 in
2206 1736 2431 1793 Christo
2464 1753 2479 1791 :
2520 1754 2539 1787 ι
2579 1734 2908 1790 Iuhabitavit
2940 1746 3177 1802 namque
3200 1730 3253 1784 in
3282 1743 3349 1784 eo
3376 1726 3569 1783 omnis-

1941 1826 2220 1896 plenitudo
2251 1828 2561 1883 divinitatis
2596 1825 3035 1895 corporaliter‘;
3069 1844 3086 1876 ι
3124 1839 3231 1879 non
3266 1837 3364 1893 per
3388 1820 3557 1891 parti.

1937 1918 2197 1987 cipatum,
2232 1921 2313 1972 vel
2349 1920 2539 1990 σχέσιν
2562 1920 2893 1989 simplicem,
2931 1917 3089 1986 quasi
3126 1916 3243 1971 sole
3271 1914 3555 1973 illuceute.

1937 2024 2030 2068 aut
2060 2014 2183 2084 igne
2220 2011 2446 2066 insitum
2478 2012 2584 2066 sibi
2614 2010 2850 2066 calorem
2878 2010 3002 2065 aliis
3036 2009 3395 2073 immitteute;
3435 1998 3555 2069 sed,

1939 2114 1998 2160 ut
2030 2108 2100 2162 ita
2134 2106 2334 2172 dicam,
2383 2105 2498 2175 ipsa
2545 2105 2728 2159 divina
2778 2106 3105 2173 sinceraque
3140 2110 3363 2161 natura,
3402 2099 3557 2169 juxta

1940 2207 2110 2254 totum
2150 2198 2201 2251 id
2233 2199 2377 2268 quod
2409 2208 2529 2261 est,
2550 2196 3005 2251 inhabitationem
3035 2195 3138 2249 sibi
3173 2192 3431 2259 faciente,
3462 2207 3559 2261 per

1941 2304 2152 2354 veram,
2183 2298 2242 2341 ιιι
2269 2298 2397 2341 ante
2425 2287 2688 2349 diximus,
2728 2287 3019 2348 unitatem,
3062 2284 3116 2338 in
3156 2283 3359 2353 templo
3411 2282 3557 2353 quod

1942 2392 2026 2435 est
2054 2390 2240 2434 natum
2275 2395 2341 2435 ex
2370 2376 2595 2448 Virgine
2624 2394 2639 2432 :
2676 2379 2748 2431 ita
2786 2378 2929 2433 enim
2973 2392 3115 2431 unus
3158 2388 3212 2431 et
3242 2385 3351 2442 εει,
3383 2382 3442 2428 et
3472 2373 3558 2427 iu-

1945 2472 2483 2543 telligitur‘Christus
2514 2470 2699 2526 Iesus.

2018 2566 2173 2633 Quod
2207 2581 2334 2621 vero
2372 2566 2423 2619 in
2452 2566 2867 2633 expressionnm
2901 2580 3113 2620 summa
3160 2572 3345 2616 noster
3376 2574 3562 2616 sermo

1946 2658 2216 2723 vincatur,
2246 2661 2351 2712 non
2384 2657 2628 2726 negabo;
2674 2657 2769 2711 sed
2804 2672 2911 2711 non
2960 2656 3167 2710 idcirco
3198 2653 3402 2710 Christi
3445 2667 3563 2724 my-

1946 2748 2172 2801 sterium
2199 2762 2307 2801 non
2340 2746 2636 2814 credatur;
2666 2748 2761 2802 sed
2796 2747 2970 2816 magis
2995 2746 3067 2800 sit
3104 2746 3304 2799 merito
3341 2743 3564 2798 mirabi-

1947 2838 2071 2894 lius.
2104 2840 2318 2907 Quanto
2353 2840 2500 2894 enim
2536 2839 2683 2893 omni
2717 2849 2802 2893 est
2848 2847 3029 2894 mente
3070 2836 3324 2905 superius
3364 2843 3419 2890 et
3449 2849 3564 2889 ser-

1948 2948 2132 2998 mone,
2162 2942 2315 2987 tanto
2348 2932 2519 3003 magis
2549 2931 2691 2986 ultra
2734 2945 2955 2986 omnem
3003 2928 3429 2984 admirationem
3467 2941 3563 2994 pn-

1951 3027 2187 3082 neudum
2223 3036 2325 3081 est.

1994 3107 2255 3174 ‘Carnem
2308 3133 2439 3173 vero
2474 3117 2678 3172 factum
2732 3116 2996 3179 Verbum,
3033 3110 3091 3167 id
3142 3121 3245 3176 est,
3287 3109 3567 3165 hominem

1879 3235 1923 3295 ρ
1956 3210 2285 3281 perfectum,
2318 3225 2424 3265 non
2453 3210 2693 3264 dicinms
2748 3221 3007 3261 mensura
3043 3204 3296 3275 corporis
3322 3213 3565 3268 compre-

1960 3304 2148 3371 hendi,
2182 3304 2235 3357 id
2277 3304 2423 3357 enim
2476 3301 2875 3370 ineptissimum
2904 3309 3030 3365 est;
3068 3298 3165 3353 sed
3216 3294 3444 3365 implere
3489 3293 3564 3348 sit“

1960 3413 2174 3469 quoque
2205 3398 2505 3460 credimus,
2543 3396 2683 3451 sicut
2715 3394 2873 3459 solet,
2920 3392 3120 3446 cmlum
3158 3402 3212 3445 et
3250 3398 3478 3452 terram,
3513 3395 3563 3442 el

1959 3506 2080 3559 qua:
2106 3488 2337 3545 inferius
2368 3486 2542 3558 posita
2579 3494 2708 3542 sunt
2748 3503 2761 3539 :
2795 3486 2977 3539 munia
3014 3483 3215 3539 etenim
3247 3482 3405 3552 plena
3440 3488 3565 3534 sunt

1961 3584 2091 3647 Deo,
2120 3594 2174 3639 et
2204 3583 2385 3638 omnia
2419 3581 2519 3651 ipsi
2553 3579 2777 3650 parvula
2814 3587 2963 3633 sunt.
3000 3579 3069 3630 At
3110 3576 3388 3645 quomodo
3418 3582 3472 3627 ct
3513 3573 3567 3627 in

1958 3677 2208 3749 singulis,
2236 3686 2291 3731 et
2319 3676 2372 3730 in
2405 3676 2661 3730 omnibus
2692 3684 2840 3729 Ictus
2870 3675 2965 3737 sit,
2999 3671 3278 3725 intellectu
3312 3668 3571 3736 dictuque

1959 3768 2174 3824 diiiicile
2206 3778 2311 3831 est,
2350 3768 2461 3821 imo
2494 3781 2623 3821 vero
2659 3766 2826 3819 etiam
2872 3760 3231 3833 impossibile.
3278 3757 3333 3812 Id
3362 3768 3569 3821 autem,

1960 3872 2021 3917 ut
2046 3862 2342 3930 upinor,eo
2369 3857 2796 3930 possidet,qnod
2826 3858 3186 3924 incorporeus
3212 3851 3279 3907 sit
3311 3842 3375 3906 et~
3399 3849 3573 3905 iudiso

1960 3953 2245 4024 pertibilis.

2031 4044 2317 4113 Proprium
2352 4052 2533 4097 autem
2592 4040 2753 4095 Verbi
2790 4055 2992 4109 corpus
3032 4040 3237 4093 dicitur
3270 4054 3300 4092 a
3350 4036 3508 4093 nobis
3553 4053 3567 4089 :

1961 4153 2067 4192 non
2107 4135 2567 4205 quemadmodum
2607 4133 2861 4205 preprins
2907 4141 2990 4187 est
3027 4130 3264 4186 hominis
3292 4130 3455 4189 risus.
3489 4127 3571 4183 vel

1958 4232 2082 4300 equi
2112 4229 2386 4293 hinnitus;
2437 4228 2531 4282 sed
2569 4227 2736 4296 quod,
2785 4224 2989 4279 factum
3026 4224 3196 4293 ipsius
3234 4239 3329 4293 Per
3361 4223 3571 4276 aduna-

1962 4325 2163 4377 tionem
2196 4336 2402 4383 veram,
2451 4320 2802 4375 instrumenti
2836 4318 2884 4374 ei
2933 4318 3177 4388 prxbeat
3212 4316 3471 4381 ni'iiciutn,
3504 4316 3571 4368 ad

1960 4416 2365 4487 exsequendum
2393 4429 2455 4470 ea
2488 4430 2607 4484 qua:
2653 4429 2804 4469 more
2845 4412 3007 4467 solito
3042 4421 3321 4481 operatur,
3367 4410 3576 4481 absque

1963 4512 2082 4567 solo
2111 4521 2353 4579 peccato.

2032 4604 2127 4659 Sin
2157 4621 2284 4661 vero
2322 4607 2464 4659 Deus
2501 4604 2735 4659 Verbum
2773 4602 2939 4655 etiam
2975 4599 3201 4653 missum
3236 4596 3401 4650 inisse
3434 4594 3576 4650 forte

1969 4698 2203 4761 dicatur,
2241 4713 2307 4751 ue
2340 4698 2463 4765 quis
2498 4706 2738 4750 vestrum
2787 4701 3081 4753 terreatur,
3121 4689 3250 4743 illud
3281 4688 3528 4759 cogitans
3557 4703 3570 4739 :

1967 4792 2085 4858 Quo
2116 4799 2301 4859 perget
2324 4790 2731 4857 incorporeum,
2754 4786 2836 4840 vel
2870 4800 2979 4853 quo
3016 4784 3170 4838 cedet
3198 4784 3243 4836 is
3278 4797 3386 4849 quo
3415 4780 3572 4851 plena

1966 4895 2099 4937 sunt
2128 4882 2358 4935 omnia?
2390 4881 2540 4934 Sciat
2588 4889 2768 4933 autem
2821 4877 3013 4948 magis,
3061 4874 3206 4945 quod
3237 4874 3303 4928 sit
3349 4881 3404 4926 et
3437 4870 3577 4925 alius

1972 4975 2248 5031 missionis
2273 4979 2483 5029 modus.
2515 4972 2627 5026 Non
2658 4982 2713 5024 ut
2743 4972 2920 5023 locum
2948 4970 3014 5024 de
3039 4969 3183 5033 loco,
3204 4967 3295 5037 qui
3320 4967 3573 5031 mittitur,

1974 5080 2176 5135 mutet;
2212 5070 2307 5123 sed
2344 5080 2398 5121 nt
2436 5065 2799 5121 ministerium
2835 5064 3009 5133 magis
3036 5076 3257 5117 sacrum
3287 5059 3574 5129 suscipiat,

1970 5164 2332 5235 quodetiam
2381 5160 2661 5228 discipulis
2716 5158 3019 5228 iniunctum
3076 5170 3197 5209 esse
3252 5153 3575 5209 discimnsa

1970 5258 2188 5311 Christo
2220 5255 2459 5309 omnium
2499 5252 2803 5307 Salvatore.

1974 5613 2342 5675 permanserit.
2388 5611 2586 5667 BALUI.

2041 5679 2119 5748 (‘2)
2161 5680 2292 5743 Quae
2320 5694 2644 5749 sequuntur,
2679 5697 2849 5751 usque
2885 5682 2956 5735 ad
2979 5682 3180 5737 luctam
3224 5682 3411 5738 Jacobi
3454 5699 3578 5737 cum

1967 5750 2166 5830 augt-Io
2210 5765 2385 5830 eaque
2421 5757 2607 5830 verba,
2648 5750 2773 5830 cap.
2816 5753 2921 5830 5i,
2969 5754 3307 5830 latitudinem
3362 5754 3580 5830 femoris

1968 5824 2108 5945 sidus,
2138 5824 2332 5876 tiusunt
2366 5825 2416 5877 iu
2449 5824 2780 5879 editiunihus
2806 5825 3061 5895 vulgatis,
3086 5839 3137 5881 et
3168 5842 3309 5883 nunc
3343 5826 3581 5897 primum

1969 5912 1997 5945 e
2043 5903 2225 5945 untur.

1969 5903 2225 5946 ωυιιιιιτ.
