3926 6526
401 478 537 535 1599

1384 462 1441 517 S.
1480 453 1757 516 CYRILLI
1797 445 2268 507 ALEXANDRINI
2308 443 2628 504 ARClllEP.

3530 426 3675 481 N30

472 589 710 659 Denique
742 585 903 641 etiam
951 582 1169 638 divinus
1212 579 1414 634 Paulus
1459 578 1539 631 ait
1588 575 1656 630 de
1704 571 1971 626 Christo:
2002 569 2050 626 Δ
2085 590 2101 615 ι
2132 567 2301 622 Amen
2340 566 2463 621 dico
2513 562 2687 628 vobis,
2724 566 3015 659 antequam
3045 552 3333 659 "Abraham
3368 555 3680 659 essetam:

405 703 421 733 ι
458 682 619 749 Ergo,
646 679 838 732 fratres
866 676 1061 737 sancti.
1086 672 1385 726 vocationis
1407 667 1641 725 caelestis
1663 663 1970 734 participes,

400 770 740 826 considerate
792 766 1093 836 apostolum
1148 775 1201 818 ct
1257 764 1568 831 pontilicem
1621 752 1978 812 coulessionis

404 873 601 919 nostra
650 859 834 914 Jesnm
858 860 901 911 ⁸.
938 877 959 910 ι
1002 857 1385 912 Attimadverte
1428 859 1605 907 autem
1641 850 1807 919 quod,
1853 859 1975 899 cum

402 971 522 1010 eum
572 952 969 1007 ministrantem
1021 947 1298 1002 hominum
1347 959 1499 999 more
1538 940 1807 1001 ostendit,
1854 936 1979 989 licet

406 1055 592 1099 natura
626 1044 696 1097 sit
725 1042 883 1103 Deus,
918 1049 1045 1092 tunc
1080 1037 1129 1092 ei
1163 1037 1328 1090 etiam
1372 1035 1604 1089 olIicium
1649 1028 1980 1098 apostolatus

403 1134 646 1190 attribuit
686 1152 700 1187 :
746 1130 880 1183 nihil
924 1140 1125 1193 autem,
1156 1136 1215 1181 ut
1244 1138 1369 1181 ante
1406 1126 1661 1187 diximus,
1688 1121 1979 1175 absurdmn

404 1235 506 1289 est,
542 1224 586 1278 si
626 1222 765 1277 Deus
794 1219 1030 1275 Verbum
1069 1220 1207 1273 mitti
1253 1218 1415 1272 etiam
1466 1216 1676 1269 dicatur
1716 1229 1745 1266 a
1784 1210 1978 1275 Patre;

407 1315 588 1385 implet
618 1327 851 1381 namque
881 1311 1187 1365 certissime
1226 1306 1433 1370 omnia,
1469 1316 1523 1361 et
1571 1304 1700 1358 nulli
1741 1303 1860 1357 loco
1890 1317 1986 1370 pe-

408 1408 549 1460 nitus
573 1403 725 1459 deest
757 1420 771 1455 :
804 1416 905 1456 nos
947 1415 1077 1455 vero
1122 1398 1371 1453 lnmtanis
1416 1396 1641 1451 vocibus
1674 1394 1855 1448 divina
1900 1392 1983 1446 in-

408 1504 786 1564 terpretantes,
819 1491 1229 1564 ﬁgurationibus
1262 1489 1507 1559 corporis
1538 1484 1863 1541 immortalis
1893 1499 1988 1536 na-

407 1597 542 1641 tura‘.
568 1586 1023 1655 dispensationem
1052 1584 1290 1638 solemus
1316 1580 1637 1649 intelligere.

484 1678 725 1747 Denique
774 1692 898 1732 cum
951 1686 1174 1730 sanctus
1229 1671 1465 1740 Spiritus
1513 1668 1695 1721 onmia
1750 1665 1986 1735 impleat,

410 1770 595 1825 sCribit
634 1770 822 1823 beatus
856 1766 1075 1828 Paulus,
1105 1775 1162 1819 et
1207 1763 1340 1817 dicit
1388 1779 1403 1815 :
1441 1780 1459 1812 ι
1492 1758 1758 1826 Quoniam
1807 1767 1987 1810 autent

410 1866 542 1917 estis
578 1860 692 1924 lilii,
736 1859 881 1913 misit
936 1857 1077 1912 Deus
1125 1854 1387 1925 Spiritum
1435 1850 1556 1906 Fdii
1605 1850 1687 1905 sui
1726 1850 1779 1903 in
1825 1847 1989 1902 corda

2078 674 2197 712 sum
2238 658 2380 711 κου.
2430 676 2448 709 ι
2498 651 2779 721 Quomodo
2825 647 2971 703 enim
3010 645 3171 699 aliter
3220 652 3347 695 ante
3390 638 3678 691 Abraham

2077 759 2220 812 erat,
2252 748 2343 818 qui
2376 746 2558 800 multis
2587 752 2707 814 post
2748 737 3081 808 temporibus
3110 732 3413 788 secundum
3445 740 3676 791 carpent

2079 852 2237 895 natus
2272 840 2399 893 est?
2440 837 2586 891 Satis
2621 843 2797 888 autem
2842 833 3009 901 ipsos,
3038 836 3099 881 ut
3126 825 3341 894 opinor,
3382 819 3684 883 redargncs

2080 932 2297 986 divinus
2323 930 2562 985 Joannes
2584 928 2766 982 dicens
2793 943 2808 979 :
2838 943 2855 975 ι
2880 923 2983 977 Hic
3003 927 3142 983 erat,
3166 916 3232 970 de
3253 927 3361 982 quo
3387 925 3490 981 ego
3523 907 3640 960 disi
3667 925 3681 959 :

2082 1023 2204 1077 Post
2233 1037 2319 1075 me
2344 1023 2488 1075 venit
2511 1020 2617 1085 vir,
2640 1017 2729 1087 qui
2759 1026 2884 1071 ante
2916 1029 3003 1069 me
3026 1011 3205 1065 lactus
3228 1015 3336 1070 est,
3363 1002 3488 1073 quia
3528 1000 3686 1071 prior

2082 1131 2167 1170 me
2200 1128 2315 1166 erat
2340 1114 2400 1167 ι’.
2446 1131 2464 1163 ι

2157 1204 2339 1277 796·
2382 1201 2866 1259 Prtetermittentes
2909 1195 3077 1267 igitur
3116 1191 3173 1245 in
3223 1203 3282 1243 re
3321 1196 3434 1241 tam
3480 1181 3684 1277 frivola

2084 1272 2203 1353 sine
2222 1272 2395 1351 causa
2434 1305 2672 1359 certare,
2712 1292 2777 1347 ad
2814 1291 2943 1347 illud
2980 1285 3152 1356 magis
3187 1280 3496 1339 veniamus,
3532 1272 3687 1343 quod

2084 1388 2247 1443 etiam
2286 1384 2635 1442 emolumenti
2682 1381 2884 1451 aliquid
2926 1377 3099 1449 possit
3127 1371 3347 1432 all’erre,
3391 1381 3459 1422 ne
3500 1362 3689 1451 tunic-

2087 1488 2170 1533 ste
2208 1476 2384 1531 l’eraut
2420 1472 2661 1529 nonnulli
2702 1449 3005 1530 audientes,
3048 1476 3167 1518 esse
3213 1466 3461 1513 sanctam
3494 1449 3685 1520 Virgi-

2090 1584 2212 1623 nem
2253 1566 2538 1629 Θεοτόκον,
2578 1578 2679 1619 nec
2708 1556 3109 1616 incredulitatis
3147 1549 3391 1607 Judaicze
3415 1559 3555 1599 suas
3586 1556 3690 1611 op.

2090 1660 2273 1731 pleant
2299 1668 2530 1721 mentes,
2554 1655 2664 1710 imo
2687 1668 2816 1708 vero
2851 1651 3014 1706 etiam
3038 1643 3317 1717 paganica
3352 1638 3682 1731 impietatis.

2088 1730 2255 1807 Judaei
2300 1748 2498 1804 etenim
2549 1744 3005 1817 aggrediebantur
3053 1737 3329 1793 Christum
3376 1730 3682 1785 dicentes:

2099 1864 2117 1897 c
2148 1843 2224 1898 De
2258 1842 2399 1898 bono
2425 1853 2588 1911 opere
2612 1853 2719 1893 non
2756 1835 3056 1907 lapidamus
3087 1839 3169 1894 te;
3201 1827 3297 1882 sed
3320 1824 3391 1879 de
3421 1820 3684 1889 blasphe—

413 1915 618 2014 nostra,
640 1915 691 2003 iii
723 1964 828 2018 quo
851 1948 1145 2003 clamamus
1214 1944 1366 1998 Abba
1391 1942 1550 1997 Pater
1571 1940 1613 1995 ‘.
1639 1958 1659 1992 ι
1697 1939 1786 1993 Ait
1808 1948 1985 1991 autent
2021 1926 2060 1983 Β
2091 1937 2221 1999 mia,
2248 1934 2388 2004 quod
2410 1947 2531 1986 cum
2554 1930 2633 1985 sis
2655 1929 2841 1990 homo.
2864 1924 3002 1980 l'acis
3023 1930 3077 1977 te
3109 1920 3275 2018 Deum
3296 1916 3421 2018 ﬂ...)
3451 1915 3522 2018 et
3554 1924 3683 2018 vero

413 2052 468 2096 et
500 2042 618 2111 ipse
648 2040 895 2095 Salvator
927 2056 941 2090 :
974 2056 993 2089 ι
1027 2034 1253 2105 Expedit
1280 2032 1453 2097 vobis,
1486 2042 1542 2085 ut
1570 2044 1667 2098 ego
1691 2043 1842 2091 eam;
1869 2040 1991 2079 nam

415 2134 461 2186 si
499 2146 603 2185 non
653 2130 860 2191 abiero,
903 2127 1218 2182 Paracletus
1270 2139 1376 2178 non
1422 2122 1601 2175 veniet
1634 2121 1702 2173 ad
1746 2133 1843 2173 vos
1881 2117 1923 2170 '.
1968 2132 1991 2167 ι

415 2220 639 2289 Oportet
664 2220 826 2289 igitur
850 2217 915 2271 ad
941 2218 1205 2271 rationem
1232 2214 1449 2283 pietatis
1469 2211 1649 2266 omnia
1676 2208 1992 2270 referentes,

412 2321 558 2364 certa
585 2309 913 2378 cogitatione
943 2305 1140 2361 sectari
1186 2325 1197 2358 :
1237 2305 1289 2358 id
1326 2302 1470 2359 enim
1516 2299 1775 2357 facientes
1813 2298 1994 2353 nobis-

414 2400 661 2471 metipsis
688 2399 924 2452 maxime
949 2395 1333 2467 proluerimus.

1011 2575 1163 2630 CAP.
1204 2573 1395 2628 XXVI.

519 2714 794 2776 ()aomodo
830 2710 1144 2780 intelligitur
1180 2709 1440 2773 Θεοτόκος
1484 2707 1642 2777 Virgo
1676 2718 1882 2793 sancta.

486 2845 680 2900 Natum
711 2853 791 2899 est
820 2844 1040 2913 quidem
1070 2841 1519 2897 inaestimabiliter
1550 2840 1787 2895 Verbum
1823 2839 1913 2893 Dei
1942 2850 1997 2895 et

417 2936 626 2998 Patris;
658 2946 713 2991 et
745 2938 858 2990 lucc
888 2935 1164 3005 generatio
1206 2948 1423 2987 omnem
1454 2946 1672 2987 sensum
1712 2932 1999 2999 cogitatio-

420 3043 651 3095 nemque.
686 3027 1042 3089 transcendit,
1079 3036 1132 3081 et
1162 3034 1245 3080 est
1276 3024 1601 3094 incorporali
1630 3034 1837 3078 natura:
1866 3039 1999 3077 con-

418 3118 662 3173 veniens.
689 3116 1075 3171 Verumtamen
1119 3116 1171 3171 id
1215 3118 1356 3185 quod
1393 3126 1579 3169 natum
1615 3126 1722 3179 est,
1752 3116 1999 3183 proprius

419 3219 606 3278 partus
630 3208 952 3276 intelligitur
973 3206 1267 3270 GenitOris,
1285 3216 1337 3260 et
1364 3206 1604 3276 ejusdem
1634 3221 1754 3259 cum
1786 3220 1852 3260 eo
1876 3207 2003 3260 sub—

420 3300 671 3364 statuite;
725 3300 953 3369 ideoque
992 3300 1155 3354 etiam
1188 3298 1355 3353 Filius
1408 3298 1734 3359 nominatur,
1788 3298 2004 3351 nomine

422 3392 629 3446 scilicet
667 3392 939 3446 indicante
972 3392 1122 3460 quasi
1172 3406 1353 3445 veram
1398 3392 1778 3460 sinceramque
1810 3405 2004 3455 proge-

424 3480 601 3544 nient;
638 3480 730 3534 sed
761 3495 883 3534 cum
910 3481 981 3535 sit
1007 3480 1161 3533 vivus
1190 3479 1245 3533 in
1276 3490 1540 3533 arternum
1568 3476 1751 3541 Pater,
1786 3492 2008 3532 necesse

425 3581 531 3636 est,
562 3586 681 3622 cuin
713 3585 927 3638 quoque
959 3569 1144 3624 vivere
1183 3571 1235 3624 in
1264 3580 1549 3635 :eternum,
1596 3578 1815 3640 propter
1845 3585 2004 3638 quem

424 3671 509 3713 Csl
565 3658 743 3713 Pater.
794 3661 964 3729 Igitur
1016 3678 1033 3711 ι
1073 3660 1127 3714 Ιιι
1182 3660 1448 3729 principio
1496 3670 1613 3713 erat
1647 3660 1902 3722 Verbum,
1954 3669 2008 3711 et

429 3753 570 3806 Deus
616 3762 733 3806 crat
790 3751 1047 3814 Verbum,
1094 3761 1146 3805 et
1195 3759 1313 3804 erat
1364 3752 1527 3805 etiam
1586 3748 1819 3805 Verbum
1866 3754 2006 3820 apud

430 3844 594 3897 Deum
628 3843 671 3905 ⁸,
704 3862 721 3894 ρ
762 3853 817 3895 ttt
842 3844 1272 3911 sapientissimus
1311 3842 1647 3913 Evangelista
1684 3857 2010 3897 commemo-

431 3946 533 3986 rat.
582 3932 636 3985 In
676 3935 1139 3988 consunnnatione
1183 3944 1362 3987 autem
1411 3935 1732 4003 tempoﬁrm,
1789 3944 2011 4003 propter

431 4041 533 4081 nos
560 4026 826 4085 homines.
861 4036 916 4079 et
954 4036 1178 4094 pr0pter
1217 4036 1456 4079 nostram
1496 4027 1719 4079 salutent
1760 4026 2011 4079 incarna-

434 4131 546 4169 tmn
579 4126 680 4183 est,
723 4127 777 4172 et
810 4118 970 4170 ltouto
1010 4128 1093 4171 est
1140 4118 1377 4183 factum;
1426 4133 1529 4170 non
1574 4118 1826 4171 amittens
1869 4118 2010 4182 quod

432 4219 575 4273 erat,
606 4208 698 4262 sed
733 4206 973 4260 retinens
1019 4205 1487 4260 incottvertibilcm
1532 4220 1682 4259 suam
1736 4217 2008 4268 naturam,

436 4309 491 4354 ct
520 4314 733 4365 semper
756 4299 805 4349 itt
835 4296 1137 4350 divinitatis
1167 4297 1383 4367 fastigio
1415 4296 1765 4359 collocatam;
1795 4296 2013 4351 subiens

2097 2026 2191 2081 lilii
2247 2037 2576 2095 paganorum
2630 2018 2889 2075 Ecclesiae
2936 2018 3187 2083 dogmata
3228 2008 3527 2068 derident,
3585 2017 3682 2095 an:

2095 2092 2303 2173 dientes
2324 2092 2395 2170 ex
2422 2114 2645 2168 muliere
2671 2109 2841 2166 Deum
2884 2121 3005 2164 esse
3044 2102 3421 2176 progenitum;
3466 2098 3569 2153 sed
3606 2092 3680 2147 illi

2095 2210 2310 2274 quidem
2344 2221 2456 2262 sum
2485 2206 2772 2260 dementia:
2811 2202 3049 2257 exedettt
3089 2197 3325 2255 fructus,
3360 2202 3417 2246 et
3456 2190 3681 2245 audient

2095 2319 2125 2358 a
2182 2303 2335 2359 nobis
2366 2320 2381 2356 :
2415 2320 2434 2353 ι
2465 2298 2677 2354 Stultus
2727 2295 2890 2351 stulte
2941 2294 3199 2362 loquitur,
3255 2298 3313 2341 ct
3364 2300 3463 2340 cor
3510 2281 3681 2349 ipsius

2096 2410 2230 2449 vana
2261 2393 2540 2463 intelliget.
2571 2409 2589 2442 ι
2632 2388 2815 2443 Nostri
2853 2386 2998 2440 enim
3050 2380 3297 2453 mysterii
3341 2377 3509 2438 ratio,
3553 2374 3679 2428 licet

2094 2486 2295 2543 Iudaeis
2336 2487 2409 2540 sit
2445 2481 2782 2545 scandalum,
2828 2478 3079 2549 gentibus
3113 2484 3292 2528 autem
3332 2469 3570 2526 stultitia
3596 2467 3675 2530 “;

2097 2579 2251 2634 nobis
2280 2587 2481 2641 tamen,
2528 2574 2672 2645 quod
2706 2573 2931 2635 scimus,
2959 2583 3086 2623 vere
3123 2576 3209 2621 est
3250 2560 3601 2623 admirabile,
3626 2569 3680 2611 et

2096 2667 2355 2733 salutare,
2386 2676 2441 2720 et
2474 2663 2851 2733 dignissimum
2880 2658 3026 2714 credi
3058 2676 3071 2711 :
3100 2664 3155 2712 et
3194 2656 3240 2710 si
3270 2662 3417 2709 esset
3460 2649 3681 2703 omnino

2096 2759 2407 2829 quisquam,
2434 2755 2524 2825 qui
2563 2755 2741 2808 dicere
2780 2752 3026 2815 auderet,
3070 2751 3212 2801 hanc
3244 2759 3470 2800 carnem
3509 2751 3676 2795 terre~

2096 2865 2220 2905 nant
2259 2849 2413 2903 nuda:
2459 2846 2758 2902 divinitatis
2800 2844 2967 2897 fuisse
3019 2838 3360 2911 genitricem,
3417 2846 3474 2889 et
3516 2849 3583 2888 ex
3617 2847 3677 2885 ea

2098 2950 2344 2997 creatura
2392 2938 2539 2994 omni
2579 2934 2912 3005 superiorem
2966 2941 3143 2984 natam
3194 2928 3365 2981 fuisse
3406 2937 3676 2987 naturain,

2101 3033 2311 3087 insania
2344 3031 2395 3084 id
2435 3042 2581 3085 esset
2611 3040 2665 3083 et
2709 3027 2881 3080 furor.
2922 3021 3108 3091 Neque
3141 3020 3285 3073 enim
3336 3034 3406 3071 ex
3443 3030 3587 3071 terra
3607 3016 3677 3068 di-

2107 3124 2227 3177 vina
2255 3133 2337 3176 est
2368 3120 2511 3175 facta
2537 3129 2764 3181 natura;
2803 3131 2902 3169 nec
2940 3112 3291 3182 corruptibile
3324 3108 3681 3176 incorruptio-

2105 3214 2189 3269 ttis
2224 3215 2373 3267 radix
2429 3226 2665 3281 unquam
2714 3207 2847 3272 llet;
2892 3220 2992 3259 nec
3040 3203 3352 3257 mortalitas
3398 3202 3571 3269 pariet
3605 3199 3679 3249 vi-

2108 3314 2215 3359 tam
2245 3320 2260 3369 ;
2295 3317 2394 3358 nec
2424 3299 2671 3367 corporis
2701 3294 2998 3351 tractabilis
3048 3292 3389 3361 incorporale
3440 3289 3531 3343 lict
3560 3304 3675 3355 ger-

2108 3411 2267 3459 men;
2301 3409 2401 3448 nec
2444 3394 2742 3447 increatum
2780 3405 2808 3441 a
2858 3398 3042 3442 creato
3078 3394 3366 3447 nascetur;
3409 3396 3509 3453 nec
3542 3380 3675 3449 quod

2109 3488 2313 3555 alisque
2343 3484 2515 3546 initio,
2551 3483 2616 3535 ab
2643 3495 2708 3535 eo
2733 3479 2873 3549 quod
2908 3478 3069 3531 habet
3093 3476 3328 3529 initium.

2182 3578 2379 3632 Verum
2424 3574 2684 3643 quoniam
2738 3571 2830 3625 Dei
2876 3569 3107 3624 Verbum
3148 3567 3303 3635 juxta
3353 3582 3454 3621 nos
3493 3566 3678 3619 laetum

2109 3683 2229 3722 esse
2258 3666 2612 3728 allirmatnus,
2646 3672 2698 3718 et
2728 3661 2929 3716 nostris
2957 3660 3276 3728 corporibus
3307 3672 3506 3726 corpus
3540 3672 3680 3712 sum-

2114 3758 2288 3828 psisse
2345 3755 2646 3819 consimile,
2699 3754 2863 3821 idque
2911 3749 3013 3804 sibi
3066 3750 3349 3804 verissime
3398 3750 3678 3807 adunassc.

2112 3863 2311 3903 arcana
2352 3846 2815 3915 inenarrabilique
2847 3847 3076 3907 ratione,
3110 3853 3160 3897 et
3187 3844 3268 3897 sic
3302 3842 3574 3895 hominem
3609 3839 3674 3893 la-

2111 3950 2259 3993 ctum
2291 3938 2586 3991 carnaliter
2611 3946 2794 3990 natum
2825 3951 2969 3999 esse,
2998 3935 3127 4006 quid
3153 3933 3447 3987 absurdum
3482 3944 3582 3997 cst,
3607 3931 3681 3985 vel

2114 4032 2259 4101 quod
2303 4030 2453 4085 credi
2502 4044 2607 4083 non
2654 4029 2881 4083 debeat?
2922 4030 3056 4085 Cum
3106 4030 3409 4098 pra-scrtitn
3463 4028 3682 4082 hominis

2115 4122 2317 4186 anima,
2351 4130 2409 4175 ut
2436 4120 2739 4190 saepissime
2762 4121 3021 4185 diximus,
3058 4135 3181 4175 cmn
3208 4121 3279 4173 sit
3324 4130 3532 4173 natura:
3559 4118 3680 4172 alte.

2115 4216 2229 4269 rius
2254 4224 2447 4283 prmter
2476 4228 2694 4282 corpus,
2724 4224 2979 4267 nascatur
3013 4222 3190 4267 tamen
3237 4228 3359 4266 cum
3396 4213 3536 4281 ipso.
3571 4227 3678 4264 cum

2117 4310 2186 4362 sit
2234 4306 2281 4361 ei
2328 4307 2585 4367 adunata,
2638 4319 2736 4358 nec
2778 4304 3066 4373 quisquam
3107 4303 3404 4357 arbitretur
3445 4313 3676 4357 naturam

440 4403 620 4445 tamen
655 4400 873 4459 praptcr
903 4403 999 4441 nos
1034 4389 1430 4457 dispettSatm-ie
1464 4388 2011 4453 exinanilatcm;ncc
2045 4420 2089 4474 ι)
2118 4399 2359 4467 corporis
2394 4400 2589 4451 animm
2636 4398 2849 4452 initium
2898 4398 3142 4466 praebere
3182 4399 3541 4462 substantia;
3594 4400 3675 4453 sed

438 4483 771 4536 inhonorans
821 4480 916 4551 [id
967 4493 1076 4544 cst,
1126 4497 1227 4535 non
1280 4478 1622 4551 despiciens]
1678 4480 2009 4547 pauperiem,

434 4588 555 4641 quze
603 4574 847 4624 humana:
902 4580 1105 4624 naturzn
1136 4571 1387 4625 convenit
1433 4588 1445 4622 :
1496 4585 1617 4623 nam
1656 4589 1673 4619 ε
1705 4585 1827 4623 cum
1872 4579 2013 4623 esset

435 4662 606 4723 dives,
637 4676 836 4729 pauper
861 4671 942 4713 est
977 4662 1171 4723 lactus,
1204 4660 1344 4713 sicut
1371 4660 1631 4727 scriptum
1666 4667 1750 4713 est
1781 4678 1792 4711 :
1826 4669 1884 4711 ttt
1915 4672 2013 4711 nos

437 4760 750 4819 paupertate
803 4752 921 4817 ejus
960 4751 1153 4805 divites
1201 4764 1443 4804 eSSelllllS
1495 4752 1535 4801 9.
1572 4769 1594 4802 ο
1659 4748 1880 4803 Factum
1933 4757 2015 4802 est

439 4844 601 4913 igitur
640 4842 822 4902 homo,
854 4851 909 4895 et
939 4842 1339 4911 generationem
1367 4857 1431 4894 ex
1460 4840 1681 4895 muliere
1700 4856 1918 4909 passum
1937 4839 2016 4892 di-

438 4934 596 4985 citur.
633 4930 797 5000 Igitur
824 4941 1103 4999 propterea
1132 4932 1271 4999 quod
1318 4946 1383 4985 ex
1418 4941 1601 4984 sancta
1642 4931 1857 4998 Virgine
1893 4945 2016 4984 vere

439 5024 540 5078 sibi
563 5026 853 5077 adunatum
878 5038 1071 5091 corpus
1098 5022 1406 5089 acceperit;
1444 5023 1565 5076 inde
1604 5023 1864 5075 θεοτὸκον
1896 5036 2016 5076 esse

440 5113 670 5165 dicimus
712 5111 984 5180 Virginem
1029 5121 1296 5173 sanctam,
1336 5111 1461 5179 quia
1508 5112 1557 5163 id
1607 5113 1860 5176 humane,
1907 5112 2022 5166 sive

440 5204 737 5257 secundum
763 5219 980 5255 carnem
1015 5202 1244 5270 peperit,
1274 5202 1399 5255 licet
1425 5203 1648 5256 haberet
1671 5214 1795 5257 ante
1823 5204 2019 5257 sarcula

441 5298 844 5364 generationem
877 5313 939 5351 ex
970 5294 1149 5348 Patre.

512 5384 733 5452 Opinari
780 5395 956 5439 autem
1010 5384 1297 5438 nonnullos
1343 5382 1579 5437 Verbum
1630 5384 1754 5437 hinc
1806 5385 2017 5438 initium

446 5476 615 5532 fuisse
648 5479 921 5542 sortitum,
967 5493 1088 5530 cunt
1134 5476 1296 5531 homo
1332 5477 1403 5531 sit
1454 5475 1677 5537 factum,
1731 5477 2021 5543 impietatis

444 5579 528 5622 est
572 5569 878 5639 lurorisque
927 5568 1318 5636 plenissimtmt.
1376 5567 1480 5621 Eos
1526 5570 1722 5622 etenim
1766 5568 2023 5638 insipien-

450 5661 686 5716 tissimus
709 5677 848 5724 esse,
876 5660 1193 5715 monstravit
1224 5663 1335 5729 ipse
1358 5662 1604 5714 Salvator
1626 5662 1689 5713 de
1712 5678 1769 5715 se
1797 5662 1980 5716 dicens
2006 5680 2019 5717 :

515 5821 537 5851 '
570 5820 733 5875 Ilebr.
780 5836 861 5877 ttt.
909 5824 955 5874 l.

484 5820 733 5894 _'_llebr.
780 5836 861 5894 Ill:
909 5824 955 5874 l.
997 5822 1063 5894 _°_
1092 5820 1265 5873 Calat.
1304 5837 1373 5894 tv,
1416 5823 1466 5875 6.
1603 5821 1755 5894 J_oau.
1801 5838 1907 5879 XVI.
1941 5823 1994 5875 7.

459 5883 496 5913 ³⁵
528 5889 684 5944 Juan.
730 5910 766 5954 t,
798 5889 882 5946 δα.

964 5892 1004 5921 ³⁵
1039 5889 1188 5944 λυκιι.
1226 5909 1273 5954 .\,
1474 5892 1561 5945 "l
1604 5892 1726 5947 Cor.
1762 5909 1799 5955 I,
1828 5894 1896 5947 ‘35

2072 5827 2089 5853 ¹¹
2125 5826 2280 5883 Join.
2322 5845 2354 5895 ι,
2395 5829 2441 5881 l.

2114 4488 2356 4545 imtttittit
2387 4488 2600 4556 quidem
2634 4488 2801 4557 ipsam
2834 4488 3283 4542 inmstimabiliter
3316 4490 3457 4543 Deus
3488 4490 3542 4543 in
3572 4506 3675 4543 cor-

2116 4598 2235 4651 pus,
2267 4592 2315 4633 ct
2365 4595 2485 4632 cum
2540 4580 2653 4646 ipso
2693 4580 2859 4633 etiam
2903 4580 3183 4634 nascitur:
3214 4596 3378 4633 unum
3411 4590 3582 4633 tatttcn
3620 4598 3675 4633 ex

2116 4682 2346 4737 utroque
2376 4668 2574 4720 animal
2605 4669 2915 4729 delittiutus.
2949 4669 3220 4723 hominem
3266 4670 3494 4723 scilicet.
3533 4668 3675 4740 Igitur

2122 4761 2357 4815 Verbum
2398 4760 2616 4827 qnident
2666 4759 2808 4815 Dens
2856 4770 2997 4823 erat,
3045 4759 3249 4813 factum
3282 4770 3367 4814 est
3417 4772 3589 4814 autem
3629 4770 3675 4811 et

2124 4852 2307 4910 homo,
2344 4859 2394 4902 et
2416 4848 2541 4917 quia
2574 4858 2755 4900 natum
2780 4858 2861 4902 est
2892 4847 3187 4902 secundum
3213 4862 3455 4909 carnem,
3487 4857 3677 4912 propter

2125 4942 2518 4995 humanitatem
2565 4940 2934 4994 necessarium
2978 4950 3085 5001 est,
3135 4952 3195 4993 ttt
3230 4954 3351 5007 quae
3396 4939 3563 5006 ipsum
3595 4953 3675 5003 pe-

2124 5036 2283 5105 perit,
2315 5037 2387 5086 sit
2416 5032 2711 5095 Θεοτόκοςε
2746 5049 2869 5085 nant
2893 5032 2938 5086 si
2968 5047 3072 5085 non
3104 5032 3311 5101 peperit
3341 5030 3528 5093 Deum,
3552 5040 3675 5083 certe

2129 5142 2227 5179 nec
2266 5126 2475 5178 dicetur
2524 5122 2683 5186 Deus,
2718 5122 2811 5189 qui
2845 5132 2930 5176 est
2970 5122 3036 5174 ab
3078 5122 3192 5189 ipsa
3240 5122 3580 5190 progenitus;
3605 5120 3673 5172 sin

2126 5231 2257 5269 vero
2289 5216 2455 5269 Deum
2490 5214 2662 5280 ipsum
2703 5212 2901 5268 divinze
2932 5210 3233 5279 Scriptura:
3265 5211 3560 5272 nominant,
3598 5228 3673 5278 pe-

2129 5307 2265 5373 perit
2299 5306 2412 5374 ipsa
2461 5303 2626 5358 Deum
2670 5303 2943 5359 hominem
2988 5302 3211 5365 factum,
3243 5303 3507 5371 siquidem
3542 5304 3675 5356 homo

2127 5397 2285 5451 aliter
2326 5395 2442 5451 lieri
2489 5410 2594 5449 non
2643 5405 2843 5463 posset,
2898 5394 2999 5448 nisi
3052 5408 3146 5462 per
3194 5395 3586 5464 generationem
3618 5411 3669 5448 cx

2130 5488 2375 5541 muliere.
2409 5487 2690 5553 Quomodo
2727 5487 2891 5557 igitur
2920 5501 3026 5539 non
3055 5484 3147 5548 sit,
3188 5501 3308 5553 qua:
3342 5486 3516 5555 ipsum
3539 5502 3671 5554 pcpv-

2130 5578 2541 5646 ι-ῐι,ζΘεοτὸκοςῖ
2566 5578 2717 5645 Quod
2740 5588 2919 5631 autem
2958 5578 3096 5631 Dens
3125 5577 3195 5631 sit
3222 5592 3404 5643 verus,
3433 5580 3524 5648 qui
3547 5588 3673 5631 natus

2132 5668 2254 5722 inde
2280 5678 2382 5731 est,
2417 5682 2479 5723 es
2512 5667 2693 5722 divina
2735 5667 3017 5735 Scriptura
3046 5665 3329 5720 discimus.

2519 5829 2537 5851 °
2571 5826 2608 5882 ll
2650 5827 2769 5882 Cor.
2808 5842 2922 5891 \‘lll,
2966 5825 3015 5881 ε).
3100 5828 3216 5859 ’Μ’
3250 5824 3409 5882 Joau.
3455 5843 3565 5893 vtn,
3593 5826 3666 5881 58.
