  <div class='ocr_page' id='page_1' title='image "/cluster/home/n/w/nwhite01/storage/ocr_20150623/75/uva.x030486936/712.png"; bbox 0 0 3926 6456; ppageno 0'>
   <div class='ocr_carea' id='block_1_1' title="bbox 156 470 290 525">
    <p class='ocr_par' dir='ltr' id='par_1_1' title="bbox 156 470 290 525">
     <span class='ocr_line' id='line_1_1' title="bbox 156 470 290 525; baseline 0.03 -4"><span class='ocrx_word' id='word_1_1' title='bbox 156 470 290 525; x_wconf 63' lang='lat' dir='ltr'><strong>MOI</strong></span> 
     </span>
    </p>
   </div>
   <div class='ocr_carea' id='block_1_2' title="bbox 756 573 1166 635">
    <p class='ocr_par' dir='ltr' id='par_1_2' title="bbox 756 573 1166 635">
     <span class='ocr_line' id='line_1_2' title="bbox 756 573 1166 635; baseline -0.017 0"><span class='ocrx_word' id='word_1_2' title='bbox 756 577 909 635; x_wconf 81' lang='lat' dir='ltr'><strong>CAP.</strong></span> <span class='ocrx_word' id='word_1_3' title='bbox 951 573 1166 630; x_wconf 75' lang='lat' dir='ltr'><strong>XXVII.</strong></span> 
     </span>
    </p>
   </div>
   <div class='ocr_carea' id='block_1_3' title="bbox 707 689 1234 748">
    <p class='ocr_par' dir='ltr' id='par_1_3' title="bbox 707 689 1234 748">
     <span class='ocr_line' id='line_1_3' title="bbox 707 689 1234 748; baseline -0.013 0"><span class='ocrx_word' id='word_1_4' title='bbox 707 693 863 748; x_wconf 86' lang='lat' dir='ltr'><strong>Dicta</strong></span> <span class='ocrx_word' id='word_1_5' title='bbox 903 692 967 746; x_wconf 84' lang='lat' dir='ltr'><strong>de</strong></span> <span class='ocrx_word' id='word_1_6' title='bbox 995 689 1234 747; x_wconf 79' lang='lat' dir='ltr'><strong>Christo.</strong></span> 
     </span>
    </p>
   </div>
   <div class='ocr_carea' id='block_1_4' title="bbox 238 792 1759 882">
    <p class='ocr_par' dir='ltr' id='par_1_4' title="bbox 238 792 1759 882">
     <span class='ocr_line' id='line_1_4' title="bbox 238 792 1759 882; baseline -0.018 -12"><span class='ocrx_word' id='word_1_7' title='bbox 238 833 257 869; x_wconf 82' lang='lat' dir='ltr'><strong>t</strong></span> <span class='ocrx_word' id='word_1_8' title='bbox 293 815 439 870; x_wconf 80' lang='lat' dir='ltr'><strong>Ecce</strong></span> <span class='ocrx_word' id='word_1_9' title='bbox 488 813 641 882; x_wconf 79' lang='lat' dir='ltr'><strong>virgo</strong></span> <span class='ocrx_word' id='word_1_10' title='bbox 684 810 736 864; x_wconf 94' lang='lat' dir='ltr'><strong>in</strong></span> <span class='ocrx_word' id='word_1_11' title='bbox 772 817 927 862; x_wconf 88' lang='lat' dir='ltr'><strong>utero</strong></span> <span class='ocrx_word' id='word_1_12' title='bbox 968 804 1224 874; x_wconf 89' lang='lat' dir='ltr'><strong>accipiet,</strong></span> <span class='ocrx_word' id='word_1_13' title='bbox 1264 812 1320 855; x_wconf 93' lang='lat' dir='ltr'><strong>et</strong></span> <span class='ocrx_word' id='word_1_14' title='bbox 1351 796 1525 867; x_wconf 87' lang='lat' dir='ltr'><strong>pariet</strong></span> <span class='ocrx_word' id='word_1_15' title='bbox 1566 792 1759 855; x_wconf 85' lang='lat' dir='ltr'><strong>(ilium,</strong></span> 
     </span>
    </p>
   </div>
   <div class='ocr_carea' id='block_1_5' title="bbox 156 886 1762 970">
    <p class='ocr_par' dir='ltr' id='par_1_5' title="bbox 156 886 1762 970">
     <span class='ocr_line' id='line_1_5' title="bbox 156 886 1762 970; baseline -0.017 -7"><span class='ocrx_word' id='word_1_16' title='bbox 156 919 210 963; x_wconf 83' lang='lat' dir='ltr'><strong>et</strong></span> <span class='ocrx_word' id='word_1_17' title='bbox 259 907 549 963; x_wconf 76' lang='lat' dir='ltr'><strong>vocabunt</strong></span> <span class='ocrx_word' id='word_1_18' title='bbox 590 918 784 957; x_wconf 83' lang='lat' dir='ltr'><strong>nomen</strong></span> <span class='ocrx_word' id='word_1_19' title='bbox 817 899 935 970; x_wconf 82' lang='lat' dir='ltr'><strong>ejus</strong></span> <span class='ocrx_word' id='word_1_20' title='bbox 977 893 1291 953; x_wconf 74' lang='lat' dir='ltr'><strong>Ernmanuel</strong></span> <span class='ocrx_word' id='word_1_21' title='bbox 1321 893 1387 946; x_wconf 78' lang='lat'><strong>&quot;.</strong></span> <span class='ocrx_word' id='word_1_22' title='bbox 1425 909 1443 943; x_wconf 78' lang='grc' dir='ltr'><strong>ι</strong></span> <span class='ocrx_word' id='word_1_23' title='bbox 1480 886 1762 957; x_wconf 77' lang='lat' dir='ltr'><strong>Quomodo</strong></span> 
     </span>
    </p>
   </div>
   <div class='ocr_carea' id='block_1_6' title="bbox 156 977 1765 1068">
    <p class='ocr_par' dir='ltr' id='par_1_6' title="bbox 156 977 1765 1068">
     <span class='ocr_line' id='line_1_6' title="bbox 156 977 1765 1068; baseline -0.017 -14"><span class='ocrx_word' id='word_1_24' title='bbox 156 1013 296 1068; x_wconf 87' lang='lat' dir='ltr'><strong>ergo</strong></span> <span class='ocrx_word' id='word_1_25' title='bbox 332 1000 387 1052; x_wconf 91' lang='lat' dir='ltr'><strong>id</strong></span> <span class='ocrx_word' id='word_1_26' title='bbox 422 996 565 1067; x_wconf 86' lang='lat' dir='ltr'><strong>quod</strong></span> <span class='ocrx_word' id='word_1_27' title='bbox 605 1005 789 1048; x_wconf 89' lang='lat' dir='ltr'><strong>natum</strong></span> <span class='ocrx_word' id='word_1_28' title='bbox 825 1005 910 1047; x_wconf 89' lang='lat' dir='ltr'><strong>est</strong></span> <span class='ocrx_word' id='word_1_29' title='bbox 946 1004 1013 1044; x_wconf 81' lang='lat' dir='ltr'><strong>ex</strong></span> <span class='ocrx_word' id='word_1_30' title='bbox 1044 997 1230 1043; x_wconf 86' lang='lat' dir='ltr'><strong>sancta</strong></span> <span class='ocrx_word' id='word_1_31' title='bbox 1269 981 1509 1053; x_wconf 76' lang='lat' dir='ltr'><strong>Virgine,</strong></span> <span class='ocrx_word' id='word_1_32' title='bbox 1546 977 1765 1031; x_wconf 85' lang='lat' dir='ltr'><strong>Emma-</strong></span> 
     </span>
    </p>
   </div>
   <div class='ocr_carea' id='block_1_7' title="bbox 160 1067 1764 1154">
    <p class='ocr_par' dir='ltr' id='par_1_7' title="bbox 160 1067 1764 1154">
     <span class='ocr_line' id='line_1_7' title="bbox 160 1067 1764 1154; baseline -0.015 -10"><span class='ocrx_word' id='word_1_33' title='bbox 160 1092 289 1146; x_wconf 86' lang='lat' dir='ltr'><strong>nuel</strong></span> <span class='ocrx_word' id='word_1_34' title='bbox 337 1091 677 1154; x_wconf 70' lang='lat' dir='ltr'><strong>nominatur,</strong></span> <span class='ocrx_word' id='word_1_35' title='bbox 718 1100 842 1141; x_wconf 90' lang='lat' dir='ltr'><strong>eum</strong></span> <span class='ocrx_word' id='word_1_36' title='bbox 888 1078 1228 1144; x_wconf 82' lang='lat' dir='ltr'><strong>Emmanuel,</strong></span> <span class='ocrx_word' id='word_1_37' title='bbox 1258 1086 1317 1130; x_wconf 94' lang='lat' dir='ltr'><strong>ut</strong></span> <span class='ocrx_word' id='word_1_38' title='bbox 1364 1084 1491 1128; x_wconf 92' lang='lat' dir='ltr'><strong>ante</strong></span> <span class='ocrx_word' id='word_1_39' title='bbox 1519 1070 1652 1131; x_wconf 76' lang='lat' dir='ltr'><strong>dixi.</strong></span> <span class='ocrx_word' id='word_1_40' title='bbox 1689 1067 1764 1122; x_wconf 90' lang='lat' dir='ltr'><strong>si-</strong></span> 
     </span>
    </p>
   </div>
   <div class='ocr_carea' id='block_1_8' title="bbox 160 1162 1765 1253">
    <p class='ocr_par' dir='ltr' id='par_1_8' title="bbox 160 1162 1765 1253">
     <span class='ocr_line' id='line_1_8' title="bbox 160 1162 1765 1253; baseline -0.014 -16"><span class='ocrx_word' id='word_1_41' title='bbox 160 1184 400 1253; x_wconf 79' lang='lat' dir='ltr'><strong>gniticet</strong></span> <span class='ocrx_word' id='word_1_42' title='bbox 451 1182 505 1237; x_wconf 91' lang='lat' dir='ltr'><strong>in</strong></span> <span class='ocrx_word' id='word_1_43' title='bbox 558 1192 745 1235; x_wconf 86' lang='lat' dir='ltr'><strong>nostra</strong></span> <span class='ocrx_word' id='word_1_44' title='bbox 795 1186 987 1230; x_wconf 89' lang='lat' dir='ltr'><strong>natura</strong></span> <span class='ocrx_word' id='word_1_45' title='bbox 1038 1181 1263 1243; x_wconf 83' lang='lat' dir='ltr'><strong>preptcr</strong></span> <span class='ocrx_word' id='word_1_46' title='bbox 1309 1182 1537 1224; x_wconf 89' lang='lat' dir='ltr'><strong>carnem</strong></span> <span class='ocrx_word' id='word_1_47' title='bbox 1598 1162 1765 1217; x_wconf 80' lang='lat' dir='ltr'><strong>fuisse</strong></span> 
     </span>
    </p>
   </div>
   <div class='ocr_carea' id='block_1_9' title="bbox 160 1252 1763 1343">
    <p class='ocr_par' dir='ltr' id='par_1_9' title="bbox 160 1252 1763 1343">
     <span class='ocr_line' id='line_1_9' title="bbox 160 1252 1763 1343; baseline -0.016 -11"><span class='ocrx_word' id='word_1_48' title='bbox 160 1273 441 1339; x_wconf 83' lang='lat' dir='ltr'><strong>Verbum,</strong></span> <span class='ocrx_word' id='word_1_49' title='bbox 490 1274 631 1343; x_wconf 88' lang='lat' dir='ltr'><strong>quod</strong></span> <span class='ocrx_word' id='word_1_50' title='bbox 682 1283 768 1326; x_wconf 82' lang='lat' dir='ltr'><strong>est</strong></span> <span class='ocrx_word' id='word_1_51' title='bbox 817 1268 957 1324; x_wconf 88' lang='lat' dir='ltr'><strong>Deus</strong></span> <span class='ocrx_word' id='word_1_52' title='bbox 1004 1283 1163 1321; x_wconf 84' lang='lat' dir='ltr'><strong>verus</strong></span> <span class='ocrx_word' id='word_1_53' title='bbox 1200 1264 1267 1318; x_wconf 88' lang='lat' dir='ltr'><strong>de</strong></span> <span class='ocrx_word' id='word_1_54' title='bbox 1315 1266 1422 1315; x_wconf 88' lang='lat' dir='ltr'><strong>Deo</strong></span> <span class='ocrx_word' id='word_1_55' title='bbox 1456 1256 1625 1313; x_wconf 72' lang='lat' dir='ltr'><strong>vero?</strong></span> <span class='ocrx_word' id='word_1_56' title='bbox 1657 1252 1763 1309; x_wconf 86' lang='lat' dir='ltr'><strong>Sed</strong></span> 
     </span>
    </p>
   </div>
   <div class='ocr_carea' id='block_1_10' title="bbox 162 1350 1766 1426">
    <p class='ocr_par' dir='ltr' id='par_1_10' title="bbox 162 1350 1766 1426">
     <span class='ocr_line' id='line_1_10' title="bbox 162 1350 1766 1426; baseline -0.014 -2"><span class='ocrx_word' id='word_1_57' title='bbox 162 1370 351 1426; x_wconf 79' lang='lat' dir='ltr'><strong>factus</strong></span> <span class='ocrx_word' id='word_1_58' title='bbox 391 1375 478 1423; x_wconf 84' lang='lat' dir='ltr'><strong>est</strong></span> <span class='ocrx_word' id='word_1_59' title='bbox 506 1362 824 1421; x_wconf 76' lang='lat' dir='ltr'><strong>Emmanuel</strong></span> <span class='ocrx_word' id='word_1_60' title='bbox 856 1380 871 1417; x_wconf 91' lang='lat'><strong>:</strong></span> <span class='ocrx_word' id='word_1_61' title='bbox 902 1359 1206 1418; x_wconf 81' lang='lat' dir='ltr'><strong>exinanivit</strong></span> <span class='ocrx_word' id='word_1_62' title='bbox 1246 1356 1392 1411; x_wconf 89' lang='lat' dir='ltr'><strong>enim</strong></span> <span class='ocrx_word' id='word_1_63' title='bbox 1420 1368 1480 1407; x_wconf 86' lang='lat' dir='ltr'><strong>se</strong></span> <span class='ocrx_word' id='word_1_64' title='bbox 1507 1350 1574 1415; x_wconf 85' lang='grc'><strong>¹⁶,</strong></span> <span class='ocrx_word' id='word_1_65' title='bbox 1603 1361 1766 1419; x_wconf 82' lang='lat' dir='ltr'><strong>gene-</strong></span> 
     </span>
    </p>
   </div>
   <div class='ocr_carea' id='block_1_11' title="bbox 163 1440 1767 1520">
    <p class='ocr_par' dir='ltr' id='par_1_11' title="bbox 163 1440 1767 1520">
     <span class='ocr_line' id='line_1_11' title="bbox 163 1440 1767 1520; baseline -0.015 -4"><span class='ocrx_word' id='word_1_66' title='bbox 163 1462 445 1516; x_wconf 88' lang='lat' dir='ltr'><strong>rationem</strong></span> <span class='ocrx_word' id='word_1_67' title='bbox 477 1467 722 1513; x_wconf 89' lang='lat' dir='ltr'><strong>nostram</strong></span> <span class='ocrx_word' id='word_1_68' title='bbox 752 1465 810 1511; x_wconf 91' lang='lat' dir='ltr'><strong>et</strong></span> <span class='ocrx_word' id='word_1_69' title='bbox 848 1452 1083 1509; x_wconf 85' lang='lat' dir='ltr'><strong>similem</strong></span> <span class='ocrx_word' id='word_1_70' title='bbox 1113 1462 1325 1520; x_wconf 86' lang='lat' dir='ltr'><strong>passus,</strong></span> <span class='ocrx_word' id='word_1_71' title='bbox 1360 1461 1423 1500; x_wconf 85' lang='lat' dir='ltr'><strong>ac</strong></span> <span class='ocrx_word' id='word_1_72' title='bbox 1453 1444 1534 1499; x_wconf 91' lang='lat' dir='ltr'><strong>sic</strong></span> <span class='ocrx_word' id='word_1_73' title='bbox 1580 1440 1767 1496; x_wconf 83' lang='lat' dir='ltr'><strong>nobis-</strong></span> 
     </span>
    </p>
   </div>
   <div class='ocr_carea' id='block_1_12' title="bbox 162 1537 1767 1614">
    <p class='ocr_par' dir='ltr' id='par_1_12' title="bbox 162 1537 1767 1614">
     <span class='ocr_line' id='line_1_12' title="bbox 162 1537 1767 1614; baseline -0.015 -5"><span class='ocrx_word' id='word_1_74' title='bbox 162 1569 296 1609; x_wconf 90' lang='lat' dir='ltr'><strong>cum</strong></span> <span class='ocrx_word' id='word_1_75' title='bbox 350 1558 705 1606; x_wconf 87' lang='lat' dir='ltr'><strong>conversatus</strong></span> <span class='ocrx_word' id='word_1_76' title='bbox 756 1556 860 1604; x_wconf 82' lang='lat' dir='ltr'><strong>est.</strong></span> <span class='ocrx_word' id='word_1_77' title='bbox 903 1544 1044 1614; x_wconf 84' lang='lat' dir='ltr'><strong>Ergo</strong></span> <span class='ocrx_word' id='word_1_78' title='bbox 1083 1549 1140 1596; x_wconf 91' lang='lat' dir='ltr'><strong>et</strong></span> <span class='ocrx_word' id='word_1_79' title='bbox 1182 1541 1324 1594; x_wconf 87' lang='lat' dir='ltr'><strong>Dens</strong></span> <span class='ocrx_word' id='word_1_80' title='bbox 1376 1537 1427 1592; x_wconf 92' lang='lat' dir='ltr'><strong>in</strong></span> <span class='ocrx_word' id='word_1_81' title='bbox 1475 1548 1672 1598; x_wconf 87' lang='lat' dir='ltr'><strong>carne,</strong></span> <span class='ocrx_word' id='word_1_82' title='bbox 1712 1540 1767 1586; x_wconf 90' lang='lat' dir='ltr'><strong>et</strong></span> 
     </span>
    </p>
   </div>
   <div class='ocr_carea' id='block_1_13' title="bbox 160 1629 1765 1708">
    <p class='ocr_par' dir='ltr' id='par_1_13' title="bbox 160 1629 1765 1708">
     <span class='ocr_line' id='line_1_13' title="bbox 160 1629 1765 1708; baseline -0.014 -10"><span class='ocrx_word' id='word_1_83' title='bbox 160 1643 444 1707; x_wconf 75' lang='grc' dir='ltr'><strong>Θεοτόκος</strong></span> <span class='ocrx_word' id='word_1_84' title='bbox 468 1656 595 1696; x_wconf 84' lang='lat' dir='ltr'><strong>vere</strong></span> <span class='ocrx_word' id='word_1_85' title='bbox 620 1650 706 1695; x_wconf 82' lang='lat' dir='ltr'><strong>est</strong></span> <span class='ocrx_word' id='word_1_86' title='bbox 746 1653 865 1708; x_wconf 76' lang='lat' dir='ltr'><strong>qua:</strong></span> <span class='ocrx_word' id='word_1_87' title='bbox 893 1652 1017 1691; x_wconf 92' lang='lat' dir='ltr'><strong>eum</strong></span> <span class='ocrx_word' id='word_1_88' title='bbox 1050 1632 1367 1696; x_wconf 89' lang='lat' dir='ltr'><strong>carnaliter,</strong></span> <span class='ocrx_word' id='word_1_89' title='bbox 1411 1629 1528 1684; x_wconf 92' lang='lat' dir='ltr'><strong>sive</strong></span> <span class='ocrx_word' id='word_1_90' title='bbox 1567 1640 1765 1682; x_wconf 80' lang='lat' dir='ltr'><strong>secun-</strong></span> 
     </span>
    </p>
   </div>
   <div class='ocr_carea' id='block_1_14' title="bbox 164 1732 908 1809">
    <p class='ocr_par' dir='ltr' id='par_1_14' title="bbox 164 1732 908 1809">
     <span class='ocr_line' id='line_1_14' title="bbox 164 1732 908 1809; baseline -0.009 -17"><span class='ocrx_word' id='word_1_91' title='bbox 164 1736 305 1794; x_wconf 84' lang='lat' dir='ltr'><strong>dum</strong></span> <span class='ocrx_word' id='word_1_92' title='bbox 340 1748 564 1791; x_wconf 81' lang='lat' dir='ltr'><strong>carnem</strong></span> <span class='ocrx_word' id='word_1_93' title='bbox 605 1732 908 1809; x_wconf 81' lang='lat' dir='ltr'><strong>generavit.</strong></span> 
     </span>
    </p>
   </div>
   <div class='ocr_carea' id='block_1_15' title="bbox 744 1837 1196 1900">
    <p class='ocr_par' dir='ltr' id='par_1_15' title="bbox 744 1837 1196 1900">
     <span class='ocr_line' id='line_1_15' title="bbox 744 1837 1196 1900; baseline -0.02 0"><span class='ocrx_word' id='word_1_94' title='bbox 744 1843 898 1900; x_wconf 81' lang='lat' dir='ltr'><strong>CAP.</strong></span> <span class='ocrx_word' id='word_1_95' title='bbox 956 1837 1196 1897; x_wconf 73' lang='lat' dir='ltr'><strong>XXVIII.</strong></span> 
     </span>
    </p>
   </div>
   <div class='ocr_carea' id='block_1_16' title="bbox 877 1952 1062 2008">
    <p class='ocr_par' dir='ltr' id='par_1_16' title="bbox 877 1952 1062 2008">
     <span class='ocr_line' id='line_1_16' title="bbox 877 1952 1062 2008; baseline -0.005 0"><span class='ocrx_word' id='word_1_96' title='bbox 877 1952 1062 2008; x_wconf 76' lang='lat' dir='ltr'><strong>Aliud.</strong></span> 
     </span>
    </p>
   </div>
   <div class='ocr_carea' id='block_1_17' title="bbox 252 2063 1770 2144">
    <p class='ocr_par' dir='ltr' id='par_1_17' title="bbox 252 2063 1770 2144">
     <span class='ocr_line' id='line_1_17' title="bbox 252 2063 1770 2144; baseline -0.012 -16"><span class='ocrx_word' id='word_1_97' title='bbox 252 2094 273 2128; x_wconf 71' lang='grc' dir='ltr'><em>α</em></span> <span class='ocrx_word' id='word_1_98' title='bbox 305 2074 581 2144; x_wconf 82' lang='lat' dir='ltr'><strong>Quoniam</strong></span> <span class='ocrx_word' id='word_1_99' title='bbox 622 2083 816 2125; x_wconf 86' lang='lat' dir='ltr'><strong>omnes</strong></span> <span class='ocrx_word' id='word_1_100' title='bbox 855 2066 1053 2123; x_wconf 78' lang='lat' dir='ltr'><strong>stolam</strong></span> <span class='ocrx_word' id='word_1_101' title='bbox 1099 2063 1224 2119; x_wconf 87' lang='lat' dir='ltr'><strong>dolo</strong></span> <span class='ocrx_word' id='word_1_102' title='bbox 1254 2068 1665 2133; x_wconf 87' lang='lat' dir='ltr'><strong>congregatam,</strong></span> <span class='ocrx_word' id='word_1_103' title='bbox 1714 2065 1770 2113; x_wconf 89' lang='lat' dir='ltr'><strong>et</strong></span> 
     </span>
    </p>
   </div>
   <div class='ocr_carea' id='block_1_18' title="bbox 167 2160 1771 2227">
    <p class='ocr_par' dir='ltr' id='par_1_18' title="bbox 167 2160 1771 2227">
     <span class='ocr_line' id='line_1_18' title="bbox 167 2160 1771 2227; baseline -0.011 -5"><span class='ocrx_word' id='word_1_104' title='bbox 167 2171 565 2226; x_wconf 74' lang='lat' dir='ltr'><strong>vestimentum</strong></span> <span class='ocrx_word' id='word_1_105' title='bbox 602 2180 726 2219; x_wconf 87' lang='lat' dir='ltr'><strong>cum</strong></span> <span class='ocrx_word' id='word_1_106' title='bbox 776 2160 1203 2218; x_wconf 73' lang='lat' dir='ltr'><strong>commutatione</strong></span> <span class='ocrx_word' id='word_1_107' title='bbox 1250 2165 1536 2227; x_wconf 87' lang='lat' dir='ltr'><strong>reponeut,</strong></span> <span class='ocrx_word' id='word_1_108' title='bbox 1576 2162 1632 2207; x_wconf 90' lang='lat' dir='ltr'><strong>et</strong></span> <span class='ocrx_word' id='word_1_109' title='bbox 1678 2166 1771 2205; x_wconf 82' lang='lat' dir='ltr'><strong>vo-</strong></span> 
     </span>
    </p>
   </div>
   <div class='ocr_carea' id='block_1_19' title="bbox 168 2244 1769 2326">
    <p class='ocr_par' dir='ltr' id='par_1_19' title="bbox 168 2244 1769 2326">
     <span class='ocr_line' id='line_1_19' title="bbox 168 2244 1769 2326; baseline -0.013 -9"><span class='ocrx_word' id='word_1_110' title='bbox 168 2263 311 2326; x_wconf 87' lang='lat' dir='ltr'><strong>lent,</strong></span> <span class='ocrx_word' id='word_1_111' title='bbox 342 2262 391 2315; x_wconf 92' lang='lat' dir='ltr'><strong>si</strong></span> <span class='ocrx_word' id='word_1_112' title='bbox 435 2258 664 2313; x_wconf 78' lang='lat' dir='ltr'><strong>fuissent</strong></span> <span class='ocrx_word' id='word_1_113' title='bbox 707 2255 795 2310; x_wconf 81' lang='lat' dir='ltr'><strong>isti</strong></span> <span class='ocrx_word' id='word_1_114' title='bbox 848 2251 1150 2317; x_wconf 84' lang='lat' dir='ltr'><strong>combusti;</strong></span> <span class='ocrx_word' id='word_1_115' title='bbox 1200 2249 1459 2319; x_wconf 89' lang='lat' dir='ltr'><strong>quoniam</strong></span> <span class='ocrx_word' id='word_1_116' title='bbox 1508 2244 1769 2316; x_wconf 88' lang='lat' dir='ltr'><strong>parvulus</strong></span> 
     </span>
    </p>
   </div>
   <div class='ocr_carea' id='block_1_20' title="bbox 168 2337 1771 2411">
    <p class='ocr_par' dir='ltr' id='par_1_20' title="bbox 168 2337 1771 2411">
     <span class='ocr_line' id='line_1_20' title="bbox 168 2337 1771 2411; baseline -0.008 -7"><span class='ocrx_word' id='word_1_117' title='bbox 168 2363 341 2409; x_wconf 83' lang='lat' dir='ltr'><strong>natus</strong></span> <span class='ocrx_word' id='word_1_118' title='bbox 390 2360 475 2406; x_wconf 90' lang='lat' dir='ltr'><strong>est</strong></span> <span class='ocrx_word' id='word_1_119' title='bbox 527 2347 704 2411; x_wconf 88' lang='lat' dir='ltr'><strong>nobis,</strong></span> <span class='ocrx_word' id='word_1_120' title='bbox 746 2355 799 2401; x_wconf 90' lang='lat' dir='ltr'><strong>et</strong></span> <span class='ocrx_word' id='word_1_121' title='bbox 850 2345 992 2398; x_wconf 79' lang='lat' dir='ltr'><strong>(ilius</strong></span> <span class='ocrx_word' id='word_1_122' title='bbox 1041 2342 1203 2397; x_wconf 86' lang='lat' dir='ltr'><strong>datus</strong></span> <span class='ocrx_word' id='word_1_123' title='bbox 1246 2349 1330 2395; x_wconf 88' lang='lat' dir='ltr'><strong>est</strong></span> <span class='ocrx_word' id='word_1_124' title='bbox 1383 2338 1563 2403; x_wconf 89' lang='lat' dir='ltr'><strong>nobis,</strong></span> <span class='ocrx_word' id='word_1_125' title='bbox 1614 2337 1771 2407; x_wconf 88' lang='lat' dir='ltr'><strong>cujus</strong></span> 
     </span>
    </p>
   </div>
   <div class='ocr_carea' id='block_1_21' title="bbox 169 2432 1773 2517">
    <p class='ocr_par' dir='ltr' id='par_1_21' title="bbox 169 2432 1773 2517">
     <span class='ocr_line' id='line_1_21' title="bbox 169 2432 1773 2517; baseline -0.013 -16"><span class='ocrx_word' id='word_1_126' title='bbox 169 2446 521 2517; x_wconf 85' lang='lat' dir='ltr'><strong>principatus</strong></span> <span class='ocrx_word' id='word_1_127' title='bbox 570 2442 748 2496; x_wconf 78' lang='lat' dir='ltr'><strong>factus</strong></span> <span class='ocrx_word' id='word_1_128' title='bbox 781 2437 951 2494; x_wconf 89' lang='lat' dir='ltr'><strong>estin</strong></span> <span class='ocrx_word' id='word_1_129' title='bbox 998 2435 1229 2489; x_wconf 80' lang='lat' dir='ltr'><strong>humero</strong></span> <span class='ocrx_word' id='word_1_130' title='bbox 1271 2432 1410 2500; x_wconf 83' lang='lat' dir='ltr'><strong>ejus,</strong></span> <span class='ocrx_word' id='word_1_131' title='bbox 1457 2440 1511 2483; x_wconf 90' lang='lat' dir='ltr'><strong>et</strong></span> <span class='ocrx_word' id='word_1_132' title='bbox 1545 2439 1773 2483; x_wconf 89' lang='lat' dir='ltr'><strong>vocatur</strong></span> 
     </span>
    </p>
   </div>
   <div class='ocr_carea' id='block_1_22' title="bbox 172 2519 1770 2606">
    <p class='ocr_par' dir='ltr' id='par_1_22' title="bbox 172 2519 1770 2606">
     <span class='ocr_line' id='line_1_22' title="bbox 172 2519 1770 2606; baseline -0.014 -11"><span class='ocrx_word' id='word_1_133' title='bbox 172 2554 379 2595; x_wconf 88' lang='lat' dir='ltr'><strong>nomen</strong></span> <span class='ocrx_word' id='word_1_134' title='bbox 406 2536 522 2606; x_wconf 88' lang='lat' dir='ltr'><strong>ejus</strong></span> <span class='ocrx_word' id='word_1_135' title='bbox 546 2534 726 2605; x_wconf 82' lang='lat' dir='ltr'><strong>magni</strong></span> <span class='ocrx_word' id='word_1_136' title='bbox 754 2528 970 2588; x_wconf 88' lang='lat' dir='ltr'><strong>consilii</strong></span> <span class='ocrx_word' id='word_1_137' title='bbox 1004 2525 1231 2581; x_wconf 91' lang='lat' dir='ltr'><strong>nuntius</strong></span> <span class='ocrx_word' id='word_1_138' title='bbox 1256 2525 1322 2577; x_wconf 76' lang='grc'><strong>³⁷.</strong></span> <span class='ocrx_word' id='word_1_139' title='bbox 1354 2542 1373 2575; x_wconf 74' lang='grc' dir='ltr'><strong>ι</strong></span> <span class='ocrx_word' id='word_1_140' title='bbox 1408 2521 1602 2585; x_wconf 83' lang='lat' dir='ltr'><strong>Audis,</strong></span> <span class='ocrx_word' id='word_1_141' title='bbox 1626 2519 1770 2590; x_wconf 88' lang='lat' dir='ltr'><strong>quod</strong></span> 
     </span>
    </p>
   </div>
   <div class='ocr_carea' id='block_1_23' title="bbox 174 2615 1771 2700">
    <p class='ocr_par' dir='ltr' id='par_1_23' title="bbox 174 2615 1771 2700">
     <span class='ocr_line' id='line_1_23' title="bbox 174 2615 1771 2700; baseline -0.009 -19"><span class='ocrx_word' id='word_1_142' title='bbox 174 2645 317 2700; x_wconf 88' lang='lat' dir='ltr'><strong>puer</strong></span> <span class='ocrx_word' id='word_1_143' title='bbox 352 2628 664 2685; x_wconf 81' lang='lat' dir='ltr'><strong>nominatus</strong></span> <span class='ocrx_word' id='word_1_144' title='bbox 698 2624 792 2690; x_wconf 91' lang='lat' dir='ltr'><strong>sit,</strong></span> <span class='ocrx_word' id='word_1_145' title='bbox 823 2621 1080 2693; x_wconf 85' lang='lat' dir='ltr'><strong>quodque</strong></span> <span class='ocrx_word' id='word_1_146' title='bbox 1110 2616 1522 2690; x_wconf 86' lang='lat' dir='ltr'><strong>generationem</strong></span> <span class='ocrx_word' id='word_1_147' title='bbox 1556 2615 1626 2669; x_wconf 86' lang='lat' dir='ltr'><strong>sit</strong></span> <span class='ocrx_word' id='word_1_148' title='bbox 1666 2628 1771 2668; x_wconf 91' lang='lat' dir='ltr'><strong>no-</strong></span> 
     </span>
    </p>
   </div>
   <div class='ocr_carea' id='block_1_24' title="bbox 172 2706 1773 2788">
    <p class='ocr_par' dir='ltr' id='par_1_24' title="bbox 172 2706 1773 2788">
     <span class='ocr_line' id='line_1_24' title="bbox 172 2706 1773 2788; baseline -0.012 -12"><span class='ocrx_word' id='word_1_149' title='bbox 172 2732 307 2776; x_wconf 72' lang='lat' dir='ltr'><strong>stra:</strong></span> <span class='ocrx_word' id='word_1_150' title='bbox 355 2720 589 2775; x_wconf 82' lang='lat' dir='ltr'><strong>similem</strong></span> <span class='ocrx_word' id='word_1_151' title='bbox 632 2731 845 2788; x_wconf 88' lang='lat' dir='ltr'><strong>passus.</strong></span> <span class='ocrx_word' id='word_1_152' title='bbox 895 2715 969 2768; x_wconf 79' lang='lat' dir='ltr'><strong>At</strong></span> <span class='ocrx_word' id='word_1_153' title='bbox 1001 2726 1125 2765; x_wconf 91' lang='lat' dir='ltr'><strong>enm</strong></span> <span class='ocrx_word' id='word_1_154' title='bbox 1163 2723 1392 2781; x_wconf 90' lang='lat' dir='ltr'><strong>puerum</strong></span> <span class='ocrx_word' id='word_1_155' title='bbox 1432 2706 1633 2762; x_wconf 73' lang='lat' dir='ltr'><strong>cadum</strong></span> <span class='ocrx_word' id='word_1_156' title='bbox 1678 2718 1773 2774; x_wconf 89' lang='lat' dir='ltr'><strong>per</strong></span> 
     </span>
    </p>
   </div>
   <div class='ocr_carea' id='block_1_25' title="bbox 173 2802 1771 2873">
    <p class='ocr_par' dir='ltr' id='par_1_25' title="bbox 173 2802 1771 2873">
     <span class='ocr_line' id='line_1_25' title="bbox 173 2802 1771 2873; baseline -0.012 -3"><span class='ocrx_word' id='word_1_157' title='bbox 173 2816 394 2870; x_wconf 81' lang='lat' dir='ltr'><strong>stellam</strong></span> <span class='ocrx_word' id='word_1_158' title='bbox 428 2811 787 2867; x_wconf 87' lang='lat' dir='ltr'><strong>clarissimam</strong></span> <span class='ocrx_word' id='word_1_159' title='bbox 815 2805 1109 2871; x_wconf 89' lang='lat' dir='ltr'><strong>indicavit;</strong></span> <span class='ocrx_word' id='word_1_160' title='bbox 1140 2804 1279 2873; x_wconf 84' lang='lat' dir='ltr'><strong>magi</strong></span> <span class='ocrx_word' id='word_1_161' title='bbox 1310 2802 1680 2856; x_wconf 87' lang='lat' dir='ltr'><strong>adoraverunt</strong></span> <span class='ocrx_word' id='word_1_162' title='bbox 1703 2813 1771 2851; x_wconf 79' lang='lat' dir='ltr'><strong>ex</strong></span> 
     </span>
    </p>
   </div>
   <div class='ocr_carea' id='block_1_26' title="bbox 173 2890 1772 2963">
    <p class='ocr_par' dir='ltr' id='par_1_26' title="bbox 173 2890 1772 2963">
     <span class='ocr_line' id='line_1_26' title="bbox 173 2890 1772 2963; baseline -0.011 -3"><span class='ocrx_word' id='word_1_163' title='bbox 173 2905 390 2961; x_wconf 84' lang='lat' dir='ltr'><strong>ultimis</strong></span> <span class='ocrx_word' id='word_1_164' title='bbox 427 2914 586 2957; x_wconf 70' lang='lat' dir='ltr'><strong>terra:</strong></span> <span class='ocrx_word' id='word_1_165' title='bbox 608 2901 873 2955; x_wconf 87' lang='lat' dir='ltr'><strong>limitibus</strong></span> <span class='ocrx_word' id='word_1_166' title='bbox 909 2899 1305 2961; x_wconf 81' lang='lat' dir='ltr'><strong>adventantes;</strong></span> <span class='ocrx_word' id='word_1_167' title='bbox 1333 2893 1508 2963; x_wconf 85' lang='lat' dir='ltr'><strong>angeli</strong></span> <span class='ocrx_word' id='word_1_168' title='bbox 1542 2890 1772 2961; x_wconf 88' lang='lat' dir='ltr'><strong>pastori-</strong></span> 
     </span>
    </p>
   </div>
   <div class='ocr_carea' id='block_1_27' title="bbox 174 2983 1771 3065">
    <p class='ocr_par' dir='ltr' id='par_1_27' title="bbox 174 2983 1771 3065">
     <span class='ocr_line' id='line_1_27' title="bbox 174 2983 1771 3065; baseline -0.011 -14"><span class='ocrx_word' id='word_1_169' title='bbox 174 2997 283 3052; x_wconf 87' lang='lat' dir='ltr'><strong>bus</strong></span> <span class='ocrx_word' id='word_1_170' title='bbox 310 2993 783 3065; x_wconf 83' lang='lat' dir='ltr'><strong>evangelizabaut,</strong></span> <span class='ocrx_word' id='word_1_171' title='bbox 825 2990 1165 3043; x_wconf 82' lang='lat' dir='ltr'><strong>Salvatorem</strong></span> <span class='ocrx_word' id='word_1_172' title='bbox 1200 3002 1321 3041; x_wconf 90' lang='lat' dir='ltr'><strong>esse</strong></span> <span class='ocrx_word' id='word_1_173' title='bbox 1362 2994 1543 3038; x_wconf 91' lang='lat' dir='ltr'><strong>natum</strong></span> <span class='ocrx_word' id='word_1_174' title='bbox 1583 2983 1771 3037; x_wconf 83' lang='lat' dir='ltr'><strong>dicen-</strong></span> 
     </span>
    </p>
   </div>
   <div class='ocr_carea' id='block_1_28' title="bbox 177 3079 1775 3156">
    <p class='ocr_par' dir='ltr' id='par_1_28' title="bbox 177 3079 1775 3156">
     <span class='ocr_line' id='line_1_28' title="bbox 177 3079 1775 3156; baseline -0.008 -14"><span class='ocrx_word' id='word_1_175' title='bbox 177 3100 291 3152; x_wconf 86' lang='lat' dir='ltr'><strong>tes,</strong></span> <span class='ocrx_word' id='word_1_176' title='bbox 324 3098 380 3143; x_wconf 91' lang='lat' dir='ltr'><strong>et</strong></span> <span class='ocrx_word' id='word_1_177' title='bbox 405 3101 594 3156; x_wconf 86' lang='lat' dir='ltr'><strong>pacem</strong></span> <span class='ocrx_word' id='word_1_178' title='bbox 630 3098 729 3138; x_wconf 84' lang='lat' dir='ltr'><strong>nec</strong></span> <span class='ocrx_word' id='word_1_179' title='bbox 761 3098 867 3137; x_wconf 88' lang='lat' dir='ltr'><strong>non</strong></span> <span class='ocrx_word' id='word_1_180' title='bbox 901 3082 1068 3137; x_wconf 89' lang='lat' dir='ltr'><strong>etiam</strong></span> <span class='ocrx_word' id='word_1_181' title='bbox 1099 3080 1274 3135; x_wconf 81' lang='lat' dir='ltr'><strong>Patris</strong></span> <span class='ocrx_word' id='word_1_182' title='bbox 1304 3079 1501 3132; x_wconf 86' lang='lat' dir='ltr'><strong>bonam</strong></span> <span class='ocrx_word' id='word_1_183' title='bbox 1527 3080 1775 3131; x_wconf 84' lang='lat' dir='ltr'><strong>volunta-</strong></span> 
     </span>
    </p>
   </div>
   <div class='ocr_carea' id='block_1_29' title="bbox 178 3169 1769 3243">
    <p class='ocr_par' dir='ltr' id='par_1_29' title="bbox 178 3169 1769 3243">
     <span class='ocr_line' id='line_1_29' title="bbox 178 3169 1769 3243; baseline -0.008 -9"><span class='ocrx_word' id='word_1_184' title='bbox 178 3190 293 3236; x_wconf 86' lang='lat' dir='ltr'><strong>tem</strong></span> <span class='ocrx_word' id='word_1_185' title='bbox 331 3179 764 3233; x_wconf 87' lang='lat' dir='ltr'><strong>aununtiantes:</strong></span> <span class='ocrx_word' id='word_1_186' title='bbox 807 3195 825 3228; x_wconf 77' lang='grc' dir='ltr'><strong>ι</strong></span> <span class='ocrx_word' id='word_1_187' title='bbox 860 3174 959 3230; x_wconf 82' lang='lat' dir='ltr'><strong>Est</strong></span> <span class='ocrx_word' id='word_1_188' title='bbox 992 3174 1169 3243; x_wconf 80' lang='lat' dir='ltr'><strong>magni</strong></span> <span class='ocrx_word' id='word_1_189' title='bbox 1208 3172 1421 3227; x_wconf 83' lang='lat' dir='ltr'><strong>consilii</strong></span> <span class='ocrx_word' id='word_1_190' title='bbox 1469 3169 1715 3224; x_wconf 88' lang='lat' dir='ltr'><strong>nuntius.</strong></span> <span class='ocrx_word' id='word_1_191' title='bbox 1749 3188 1769 3221; x_wconf 69' lang='grc' dir='ltr'><strong>ι</strong></span> 
     </span>
    </p>
   </div>
   <div class='ocr_carea' id='block_1_30' title="bbox 1094 433 2477 515">
    <p class='ocr_par' dir='ltr' id='par_1_30' title="bbox 1094 433 2477 515">
     <span class='ocr_line' id='line_1_30' title="bbox 1094 433 2477 515; baseline -0.019 1"><span class='ocrx_word' id='word_1_192' title='bbox 1094 455 1387 515; x_wconf 72' lang='lat' dir='ltr'><strong>SCIIOIJA</strong></span> <span class='ocrx_word' id='word_1_193' title='bbox 1427 452 1514 508; x_wconf 83' lang='lat' dir='ltr'><strong>DE</strong></span> <span class='ocrx_word' id='word_1_194' title='bbox 1551 441 2069 505; x_wconf 71' lang='lat' dir='ltr'><strong>INCABNATIONE</strong></span> <span class='ocrx_word' id='word_1_195' title='bbox 2104 433 2477 496; x_wconf 71' lang='lat' dir='ltr'><strong>UNICENITI.</strong></span> 
     </span>
    </p>
   </div>
   <div class='ocr_carea' id='block_1_31' title="bbox 1787 530 3464 624">
    <p class='ocr_par' dir='ltr' id='par_1_31' title="bbox 1787 530 3464 624">
     <span class='ocr_line' id='line_1_31' title="bbox 1787 530 3464 624; baseline -0.022 -7"><span class='ocrx_word' id='word_1_196' title='bbox 1787 566 1842 624; x_wconf 75' lang='grc' dir='ltr'><strong>Δ</strong></span> <span class='ocrx_word' id='word_1_197' title='bbox 1867 569 1951 615; x_wconf 90' lang='lat' dir='ltr'><strong>est</strong></span> <span class='ocrx_word' id='word_1_198' title='bbox 1984 556 2330 615; x_wconf 86' lang='lat' dir='ltr'><strong>benedictum</strong></span> <span class='ocrx_word' id='word_1_199' title='bbox 2365 551 2419 606; x_wconf 93' lang='lat' dir='ltr'><strong>in</strong></span> <span class='ocrx_word' id='word_1_200' title='bbox 2464 559 2630 604; x_wconf 82' lang='lat' dir='ltr'><strong>terra.</strong></span> <span class='ocrx_word' id='word_1_201' title='bbox 2664 542 2909 600; x_wconf 86' lang='lat' dir='ltr'><strong>Observa</strong></span> <span class='ocrx_word' id='word_1_202' title='bbox 2939 544 3119 592; x_wconf 87' lang='lat' dir='ltr'><strong>autem</strong></span> <span class='ocrx_word' id='word_1_203' title='bbox 3154 530 3302 602; x_wconf 87' lang='lat' dir='ltr'><strong>quod</strong></span> <span class='ocrx_word' id='word_1_204' title='bbox 3336 544 3464 600; x_wconf 83' lang='lat' dir='ltr'><strong>pro-</strong></span> 
     </span>
    </p>
   </div>
   <div class='ocr_carea' id='block_1_32' title="bbox 1800 1917 1843 1973">
    <p class='ocr_par' dir='ltr' id='par_1_32' title="bbox 1800 1917 1843 1973">
     <span class='ocr_line' id='line_1_32' title="bbox 1800 1917 1843 1973; baseline 0 0"><span class='ocrx_word' id='word_1_205' title='bbox 1800 1917 1843 1973; x_wconf 85' lang='grc' dir='ltr'><strong><em>Β</em></strong></span> 
     </span>
    </p>
   </div>
   <div class='ocr_carea' id='block_1_33' title="bbox 3324 408 3463 465">
    <p class='ocr_par' dir='ltr' id='par_1_33' title="bbox 3324 408 3463 465">
     <span class='ocr_line' id='line_1_33' title="bbox 3324 408 3463 465; baseline -0.014 0"><span class='ocrx_word' id='word_1_206' title='bbox 3324 412 3342 465; x_wconf 93' lang='lat' dir='ltr'><strong>I</strong></span> <span class='ocrx_word' id='word_1_207' title='bbox 3362 408 3463 465; x_wconf 61' lang='lat'><strong>602</strong></span> 
     </span>
    </p>
   </div>
   <div class='ocr_carea' id='block_1_34' title="bbox 1865 625 3461 723">
    <p class='ocr_par' dir='ltr' id='par_1_34' title="bbox 1865 625 3461 723">
     <span class='ocr_line' id='line_1_34' title="bbox 1865 625 3461 723; baseline -0.021 -16"><span class='ocrx_word' id='word_1_208' title='bbox 1865 652 2041 723; x_wconf 89' lang='lat' dir='ltr'><strong>priam</strong></span> <span class='ocrx_word' id='word_1_209' title='bbox 2076 648 2319 704; x_wconf 85' lang='lat' dir='ltr'><strong>nominet</strong></span> <span class='ocrx_word' id='word_1_210' title='bbox 2352 653 2613 706; x_wconf 85' lang='lat' dir='ltr'><strong>matrem,</strong></span> <span class='ocrx_word' id='word_1_211' title='bbox 2654 650 2775 707; x_wconf 67' lang='lat' dir='ltr'><strong>quae</strong></span> <span class='ocrx_word' id='word_1_212' title='bbox 2803 648 2962 689; x_wconf 87' lang='lat' dir='ltr'><strong>suum</strong></span> <span class='ocrx_word' id='word_1_213' title='bbox 2994 625 3207 700; x_wconf 83' lang='lat' dir='ltr'><strong>peperit</strong></span> <span class='ocrx_word' id='word_1_214' title='bbox 3235 636 3461 690; x_wconf 78' lang='lat' dir='ltr'><strong>corpus.</strong></span> 
     </span>
    </p>
   </div>
   <div class='ocr_carea' id='block_1_35' title="bbox 1866 717 3465 813">
    <p class='ocr_par' dir='ltr' id='par_1_35' title="bbox 1866 717 3465 813">
     <span class='ocr_line' id='line_1_35' title="bbox 1866 717 3465 813; baseline -0.022 -13"><span class='ocrx_word' id='word_1_215' title='bbox 1866 745 2009 813; x_wconf 85' lang='lat' dir='ltr'><strong>Ergo</strong></span> <span class='ocrx_word' id='word_1_216' title='bbox 2052 742 2096 798; x_wconf 88' lang='lat' dir='ltr'><strong>si</strong></span> <span class='ocrx_word' id='word_1_217' title='bbox 2143 741 2314 795; x_wconf 90' lang='lat' dir='ltr'><strong>Deum</strong></span> <span class='ocrx_word' id='word_1_218' title='bbox 2352 748 2541 791; x_wconf 82' lang='lat' dir='ltr'><strong>verum</strong></span> <span class='ocrx_word' id='word_1_219' title='bbox 2587 744 2652 785; x_wconf 88' lang='lat' dir='ltr'><strong>se</strong></span> <span class='ocrx_word' id='word_1_220' title='bbox 2688 741 2813 783; x_wconf 87' lang='lat' dir='ltr'><strong>esse</strong></span> <span class='ocrx_word' id='word_1_221' title='bbox 2859 722 3166 794; x_wconf 89' lang='lat' dir='ltr'><strong>cognoscit,</strong></span> <span class='ocrx_word' id='word_1_222' title='bbox 3203 717 3293 772; x_wconf 85' lang='lat' dir='ltr'><strong>illa</strong></span> <span class='ocrx_word' id='word_1_223' title='bbox 3341 729 3465 784; x_wconf 85' lang='lat' dir='ltr'><strong>qua:</strong></span> 
     </span>
    </p>
   </div>
   <div class='ocr_carea' id='block_1_36' title="bbox 1864 807 3463 901">
    <p class='ocr_par' dir='ltr' id='par_1_36' title="bbox 1864 807 3463 901">
     <span class='ocr_line' id='line_1_36' title="bbox 1864 807 3463 901; baseline -0.023 -5"><span class='ocrx_word' id='word_1_224' title='bbox 1864 807 1992 896; x_wconf 75' lang='lat' dir='ltr'><strong>eum</strong></span> <span class='ocrx_word' id='word_1_225' title='bbox 2020 834 2318 893; x_wconf 87' lang='lat' dir='ltr'><strong>carnaliter</strong></span> <span class='ocrx_word' id='word_1_226' title='bbox 2346 828 2581 901; x_wconf 84' lang='lat' dir='ltr'><strong>peperit,</strong></span> <span class='ocrx_word' id='word_1_227' title='bbox 2610 822 2876 883; x_wconf 83' lang='grc' dir='ltr'><strong>Θεοτόκος</strong></span> <span class='ocrx_word' id='word_1_228' title='bbox 2903 816 3125 879; x_wconf 88' lang='lat' dir='ltr'><strong>dicitur,</strong></span> <span class='ocrx_word' id='word_1_229' title='bbox 3157 820 3214 867; x_wconf 89' lang='lat' dir='ltr'><strong>et</strong></span> <span class='ocrx_word' id='word_1_230' title='bbox 3242 807 3463 880; x_wconf 88' lang='lat' dir='ltr'><strong>quidem</strong></span> 
     </span>
    </p>
   </div>
   <div class='ocr_carea' id='block_1_37' title="bbox 1868 901 3466 988">
    <p class='ocr_par' dir='ltr' id='par_1_37' title="bbox 1868 901 3466 988">
     <span class='ocr_line' id='line_1_37' title="bbox 1868 901 3466 988; baseline -0.023 0"><span class='ocrx_word' id='word_1_231' title='bbox 1868 929 2167 988; x_wconf 81' lang='lat' dir='ltr'><strong>rectezsin</strong></span> <span class='ocrx_word' id='word_1_232' title='bbox 2216 939 2345 981; x_wconf 85' lang='lat' dir='ltr'><strong>vero</strong></span> <span class='ocrx_word' id='word_1_233' title='bbox 2396 936 2501 977; x_wconf 92' lang='lat' dir='ltr'><strong>non</strong></span> <span class='ocrx_word' id='word_1_234' title='bbox 2546 927 2630 974; x_wconf 92' lang='lat' dir='ltr'><strong>est</strong></span> <span class='ocrx_word' id='word_1_235' title='bbox 2686 915 2854 978; x_wconf 85' lang='lat' dir='ltr'><strong>Deus,</strong></span> <span class='ocrx_word' id='word_1_236' title='bbox 2889 910 2940 964; x_wconf 92' lang='lat' dir='ltr'><strong>id</strong></span> <span class='ocrx_word' id='word_1_237' title='bbox 2992 907 3139 977; x_wconf 88' lang='lat' dir='ltr'><strong>quod</strong></span> <span class='ocrx_word' id='word_1_238' title='bbox 3181 901 3466 962; x_wconf 85' lang='lat' dir='ltr'><strong>audacter,</strong></span> 
     </span>
    </p>
   </div>
   <div class='ocr_carea' id='block_1_38' title="bbox 1869 994 3467 1091">
    <p class='ocr_par' dir='ltr' id='par_1_38' title="bbox 1869 994 3467 1091">
     <span class='ocr_line' id='line_1_38' title="bbox 1869 994 3467 1091; baseline -0.023 -13"><span class='ocrx_word' id='word_1_239' title='bbox 1869 1024 1980 1079; x_wconf 90' lang='lat' dir='ltr'><strong>imo</strong></span> <span class='ocrx_word' id='word_1_240' title='bbox 2002 1020 2184 1091; x_wconf 83' lang='lat' dir='ltr'><strong>potius</strong></span> <span class='ocrx_word' id='word_1_241' title='bbox 2208 1014 2477 1072; x_wconf 87' lang='lat' dir='ltr'><strong>scelerate</strong></span> <span class='ocrx_word' id='word_1_242' title='bbox 2501 1004 2744 1065; x_wconf 90' lang='lat' dir='ltr'><strong>nonnulli</strong></span> <span class='ocrx_word' id='word_1_243' title='bbox 2767 1001 3034 1063; x_wconf 89' lang='lat' dir='ltr'><strong>sentiunt,</strong></span> <span class='ocrx_word' id='word_1_244' title='bbox 3061 994 3269 1067; x_wconf 88' lang='lat' dir='ltr'><strong>privari</strong></span> <span class='ocrx_word' id='word_1_245' title='bbox 3299 1004 3467 1059; x_wconf 89' lang='lat' dir='ltr'><strong>opor-</strong></span> 
     </span>
    </p>
   </div>
   <div class='ocr_carea' id='block_1_39' title="bbox 1871 1084 3468 1183">
    <p class='ocr_par' dir='ltr' id='par_1_39' title="bbox 1871 1084 3468 1183">
     <span class='ocr_line' id='line_1_39' title="bbox 1871 1084 3468 1183; baseline -0.021 -12"><span class='ocrx_word' id='word_1_246' title='bbox 1871 1125 1950 1171; x_wconf 88' lang='lat' dir='ltr'><strong>tet</strong></span> <span class='ocrx_word' id='word_1_247' title='bbox 1984 1084 2156 1183; x_wconf 80' lang='lat' dir='ltr'><strong>ipsam</strong></span> <span class='ocrx_word' id='word_1_248' title='bbox 2196 1106 2475 1177; x_wconf 80' lang='lat' dir='ltr'><strong>Virginem</strong></span> <span class='ocrx_word' id='word_1_249' title='bbox 2505 1111 2754 1161; x_wconf 85' lang='lat' dir='ltr'><strong>sauctam</strong></span> <span class='ocrx_word' id='word_1_250' title='bbox 2788 1096 2894 1151; x_wconf 90' lang='lat' dir='ltr'><strong>hoc</strong></span> <span class='ocrx_word' id='word_1_251' title='bbox 2939 1090 3160 1149; x_wconf 88' lang='lat' dir='ltr'><strong>nomine</strong></span> <span class='ocrx_word' id='word_1_252' title='bbox 3191 1101 3300 1158; x_wconf 85' lang='lat' dir='ltr'><strong>quo</strong></span> <span class='ocrx_word' id='word_1_253' title='bbox 3332 1084 3468 1139; x_wconf 78' lang='grc' dir='ltr'>Θια-</span> 
     </span>
    </p>
   </div>
   <div class='ocr_carea' id='block_1_40' title="bbox 1869 1201 2471 1269">
    <p class='ocr_par' dir='ltr' id='par_1_40' title="bbox 1869 1201 2471 1269">
     <span class='ocr_line' id='line_1_40' title="bbox 1869 1201 2471 1269; baseline -0.018 -8"><span class='ocrx_word' id='word_1_254' title='bbox 1869 1206 2029 1269; x_wconf 78' lang='grc' dir='ltr'>τόκος</span> <span class='ocrx_word' id='word_1_255' title='bbox 2061 1217 2189 1260; x_wconf 85' lang='lat' dir='ltr'><strong>esse</strong></span> <span class='ocrx_word' id='word_1_256' title='bbox 2237 1201 2471 1256; x_wconf 85' lang='lat' dir='ltr'><strong>dicatur.</strong></span> 
     </span>
    </p>
   </div>
   <div class='ocr_carea' id='block_1_41' title="bbox 2469 1318 2865 1385">
    <p class='ocr_par' dir='ltr' id='par_1_41' title="bbox 2469 1318 2865 1385">
     <span class='ocr_line' id='line_1_41' title="bbox 2469 1318 2865 1385; baseline -0.023 -1"><span class='ocrx_word' id='word_1_257' title='bbox 2469 1324 2623 1385; x_wconf 67' lang='lat' dir='ltr'><strong>CAP.</strong></span> <span class='ocrx_word' id='word_1_258' title='bbox 2664 1318 2865 1378; x_wconf 80' lang='lat' dir='ltr'><strong>XXIX.</strong></span> 
     </span>
    </p>
   </div>
   <div class='ocr_carea' id='block_1_42' title="bbox 1873 1443 3475 1544">
    <p class='ocr_par' dir='ltr' id='par_1_42' title="bbox 1873 1443 3475 1544">
     <span class='ocr_line' id='line_1_42' title="bbox 1873 1443 3475 1544; baseline -0.019 -15"><span class='ocrx_word' id='word_1_259' title='bbox 1873 1475 2028 1544; x_wconf 81' lang='lat' dir='ltr'><strong>Quod</strong></span> <span class='ocrx_word' id='word_1_260' title='bbox 2060 1472 2203 1528; x_wconf 77' lang='lat' dir='ltr'><strong>Deus</strong></span> <span class='ocrx_word' id='word_1_261' title='bbox 2232 1467 2541 1523; x_wconf 74' lang='lat' dir='ltr'><strong>nuntiantur</strong></span> <span class='ocrx_word' id='word_1_262' title='bbox 2562 1471 2610 1516; x_wconf 82' lang='lat' dir='ltr'><strong>et</strong></span> <span class='ocrx_word' id='word_1_263' title='bbox 2639 1460 2797 1514; x_wconf 81' lang='lat' dir='ltr'><strong>homo</strong></span> <span class='ocrx_word' id='word_1_264' title='bbox 2830 1465 3094 1524; x_wconf 74' lang='lat' dir='ltr'><strong>apparens</strong></span> <span class='ocrx_word' id='word_1_265' title='bbox 3129 1443 3475 1515; x_wconf 73' lang='lat' dir='ltr'><strong>Unigenitua.</strong></span> 
     </span>
    </p>
   </div>
   <div class='ocr_carea' id='block_1_43' title="bbox 1943 1578 3474 1667">
    <p class='ocr_par' dir='ltr' id='par_1_43' title="bbox 1943 1578 3474 1667">
     <span class='ocr_line' id='line_1_43' title="bbox 1943 1578 3474 1667; baseline -0.025 0"><span class='ocrx_word' id='word_1_266' title='bbox 1943 1609 2203 1667; x_wconf 86' lang='lat' dir='ltr'><strong>Salomon</strong></span> <span class='ocrx_word' id='word_1_267' title='bbox 2255 1604 2331 1657; x_wconf 91' lang='lat' dir='ltr'><strong>ait</strong></span> <span class='ocrx_word' id='word_1_268' title='bbox 2384 1612 2596 1654; x_wconf 84' lang='lat' dir='ltr'><strong>orans.</strong></span> <span class='ocrx_word' id='word_1_269' title='bbox 2636 1614 2655 1647; x_wconf 77' lang='grc' dir='ltr'><strong>ι</strong></span> <span class='ocrx_word' id='word_1_270' title='bbox 2691 1593 2759 1648; x_wconf 82' lang='lat' dir='ltr'><strong>Et</strong></span> <span class='ocrx_word' id='word_1_271' title='bbox 2805 1602 2988 1653; x_wconf 90' lang='lat' dir='ltr'><strong>nunc,</strong></span> <span class='ocrx_word' id='word_1_272' title='bbox 3047 1581 3278 1640; x_wconf 87' lang='lat' dir='ltr'><strong>Domine</strong></span> <span class='ocrx_word' id='word_1_273' title='bbox 3330 1578 3474 1633; x_wconf 87' lang='lat' dir='ltr'><strong>Deus</strong></span> 
     </span>
    </p>
   </div>
   <div class='ocr_carea' id='block_1_44' title="bbox 1872 1675 3475 1767">
    <p class='ocr_par' dir='ltr' id='par_1_44' title="bbox 1872 1675 3475 1767">
     <span class='ocr_line' id='line_1_44' title="bbox 1872 1675 3475 1767; baseline -0.024 -6"><span class='ocrx_word' id='word_1_274' title='bbox 1872 1702 2062 1767; x_wconf 88' lang='lat' dir='ltr'><strong>Israel,</strong></span> <span class='ocrx_word' id='word_1_275' title='bbox 2099 1694 2359 1755; x_wconf 88' lang='lat' dir='ltr'><strong>credibile</strong></span> <span class='ocrx_word' id='word_1_276' title='bbox 2393 1693 2487 1747; x_wconf 89' lang='lat' dir='ltr'><strong>tiat</strong></span> <span class='ocrx_word' id='word_1_277' title='bbox 2520 1688 2747 1744; x_wconf 90' lang='lat' dir='ltr'><strong>verbum</strong></span> <span class='ocrx_word' id='word_1_278' title='bbox 2778 1695 2955 1745; x_wconf 87' lang='lat' dir='ltr'><strong>tuum,</strong></span> <span class='ocrx_word' id='word_1_279' title='bbox 2998 1678 3143 1749; x_wconf 90' lang='lat' dir='ltr'><strong>quod</strong></span> <span class='ocrx_word' id='word_1_280' title='bbox 3174 1675 3389 1730; x_wconf 82' lang='lat' dir='ltr'><strong>locutus</strong></span> <span class='ocrx_word' id='word_1_281' title='bbox 3416 1687 3475 1726; x_wconf 85' lang='lat' dir='ltr'><strong>es</strong></span> 
     </span>
    </p>
   </div>
   <div class='ocr_carea' id='block_1_45' title="bbox 1872 1766 3478 1868">
    <p class='ocr_par' dir='ltr' id='par_1_45' title="bbox 1872 1766 3478 1868">
     <span class='ocr_line' id='line_1_45' title="bbox 1872 1766 3478 1868; baseline -0.022 -16"><span class='ocrx_word' id='word_1_282' title='bbox 1872 1803 2165 1868; x_wconf 88' lang='lat' dir='ltr'><strong>puerotuo</strong></span> <span class='ocrx_word' id='word_1_283' title='bbox 2198 1788 2389 1844; x_wconf 81' lang='lat' dir='ltr'><strong>David.</strong></span> <span class='ocrx_word' id='word_1_284' title='bbox 2434 1785 2650 1853; x_wconf 80' lang='lat' dir='ltr'><strong>Ergone</strong></span> <span class='ocrx_word' id='word_1_285' title='bbox 2672 1775 2937 1836; x_wconf 82' lang='lat' dir='ltr'><strong>credibile</strong></span> <span class='ocrx_word' id='word_1_286' title='bbox 2971 1768 3224 1842; x_wconf 84' lang='lat' dir='ltr'><strong>estquod</strong></span> <span class='ocrx_word' id='word_1_287' title='bbox 3258 1766 3478 1822; x_wconf 83' lang='lat' dir='ltr'><strong>habita-</strong></span> 
     </span>
    </p>
   </div>
   <div class='ocr_carea' id='block_1_46' title="bbox 1874 1858 3477 1944">
    <p class='ocr_par' dir='ltr' id='par_1_46' title="bbox 1874 1858 3477 1944">
     <span class='ocr_line' id='line_1_46' title="bbox 1874 1858 3477 1944; baseline -0.021 -3"><span class='ocrx_word' id='word_1_288' title='bbox 1874 1858 1951 1944; x_wconf 69' lang='lat' dir='ltr'><strong>vit</strong></span> <span class='ocrx_word' id='word_1_289' title='bbox 1976 1888 2121 1941; x_wconf 88' lang='lat' dir='ltr'><strong>Deus</strong></span> <span class='ocrx_word' id='word_1_290' title='bbox 2142 1898 2265 1939; x_wconf 89' lang='lat' dir='ltr'><strong>cum</strong></span> <span class='ocrx_word' id='word_1_291' title='bbox 2297 1876 2615 1934; x_wconf 83' lang='lat' dir='ltr'><strong>hominibus</strong></span> <span class='ocrx_word' id='word_1_292' title='bbox 2648 1872 2701 1926; x_wconf 91' lang='lat' dir='ltr'><strong>in</strong></span> <span class='ocrx_word' id='word_1_293' title='bbox 2731 1879 2876 1924; x_wconf 84' lang='lat' dir='ltr'><strong>terra</strong></span> <span class='ocrx_word' id='word_1_294' title='bbox 2894 1864 2983 1917; x_wconf 79' lang='lat'><strong>“?</strong></span> <span class='ocrx_word' id='word_1_295' title='bbox 3010 1882 3029 1916; x_wconf 77' lang='grc' dir='ltr'><strong>ι</strong></span> <span class='ocrx_word' id='word_1_296' title='bbox 3062 1858 3477 1921; x_wconf 80' lang='lat' dir='ltr'><strong>Animadverte,</strong></span> 
     </span>
    </p>
   </div>
   <div class='ocr_carea' id='block_1_47' title="bbox 1872 1953 3478 2052">
    <p class='ocr_par' dir='ltr' id='par_1_47' title="bbox 1872 1953 3478 2052">
     <span class='ocr_line' id='line_1_47' title="bbox 1872 1953 3478 2052; baseline -0.022 -17"><span class='ocrx_word' id='word_1_297' title='bbox 1872 1979 2016 2052; x_wconf 89' lang='lat' dir='ltr'><strong>quod</strong></span> <span class='ocrx_word' id='word_1_298' title='bbox 2049 1977 2277 2031; x_wconf 89' lang='lat' dir='ltr'><strong>miretur</strong></span> <span class='ocrx_word' id='word_1_299' title='bbox 2305 1968 2470 2026; x_wconf 89' lang='lat' dir='ltr'><strong>Verbi</strong></span> <span class='ocrx_word' id='word_1_300' title='bbox 2504 1961 2942 2020; x_wconf 89' lang='lat' dir='ltr'><strong>incarnationem</strong></span> <span class='ocrx_word' id='word_1_301' title='bbox 2972 1973 2987 2010; x_wconf 88' lang='lat'><strong>:</strong></span> <span class='ocrx_word' id='word_1_302' title='bbox 3024 1953 3295 2010; x_wconf 86' lang='lat' dir='ltr'><strong>habitavit</strong></span> <span class='ocrx_word' id='word_1_303' title='bbox 3320 1964 3478 2003; x_wconf 77' lang='lat' dir='ltr'><strong>natu-</strong></span> 
     </span>
    </p>
   </div>
   <div class='ocr_carea' id='block_1_48' title="bbox 1871 2040 3476 2143">
    <p class='ocr_par' dir='ltr' id='par_1_48' title="bbox 1871 2040 3476 2143">
     <span class='ocr_line' id='line_1_48' title="bbox 1871 2040 3476 2143; baseline -0.023 -16"><span class='ocrx_word' id='word_1_304' title='bbox 1871 2040 1979 2143; x_wconf 72' lang='lat' dir='ltr'><strong>que</strong></span> <span class='ocrx_word' id='word_1_305' title='bbox 2010 2085 2133 2126; x_wconf 91' lang='lat' dir='ltr'><strong>cum</strong></span> <span class='ocrx_word' id='word_1_306' title='bbox 2164 2064 2477 2122; x_wconf 87' lang='lat' dir='ltr'><strong>hominibus</strong></span> <span class='ocrx_word' id='word_1_307' title='bbox 2500 2058 2552 2113; x_wconf 92' lang='lat' dir='ltr'><strong>in</strong></span> <span class='ocrx_word' id='word_1_308' title='bbox 2581 2067 2749 2119; x_wconf 87' lang='lat' dir='ltr'><strong>terra,</strong></span> <span class='ocrx_word' id='word_1_309' title='bbox 2778 2066 2901 2105; x_wconf 92' lang='lat' dir='ltr'><strong>cum</strong></span> <span class='ocrx_word' id='word_1_310' title='bbox 2930 2050 3094 2103; x_wconf 91' lang='lat' dir='ltr'><strong>homo</strong></span> <span class='ocrx_word' id='word_1_311' title='bbox 3125 2054 3211 2099; x_wconf 89' lang='lat' dir='ltr'><strong>est</strong></span> <span class='ocrx_word' id='word_1_312' title='bbox 3241 2040 3476 2103; x_wconf 76' lang='lat' dir='ltr'><strong>facturn,</strong></span> 
     </span>
    </p>
   </div>
   <div class='ocr_carea' id='block_1_49' title="bbox 1874 2132 3478 2223">
    <p class='ocr_par' dir='ltr' id='par_1_49' title="bbox 1874 2132 3478 2223">
     <span class='ocr_line' id='line_1_49' title="bbox 1874 2132 3478 2223; baseline -0.024 0"><span class='ocrx_word' id='word_1_313' title='bbox 1874 2182 1961 2223; x_wconf 89' lang='lat' dir='ltr'><strong>res</strong></span> <span class='ocrx_word' id='word_1_314' title='bbox 1994 2164 2139 2219; x_wconf 67' lang='lat' dir='ltr'><strong>etaim</strong></span> <span class='ocrx_word' id='word_1_315' title='bbox 2164 2155 2503 2215; x_wconf 88' lang='lat' dir='ltr'><strong>incredibilis</strong></span> <span class='ocrx_word' id='word_1_316' title='bbox 2545 2147 2854 2203; x_wconf 79' lang='lat' dir='ltr'><strong>videbatur.</strong></span> <span class='ocrx_word' id='word_1_317' title='bbox 2894 2138 3154 2209; x_wconf 78' lang='lat' dir='ltr'><strong>Alioquin</strong></span> <span class='ocrx_word' id='word_1_318' title='bbox 3200 2132 3478 2204; x_wconf 89' lang='lat' dir='ltr'><strong>quomodo</strong></span> 
     </span>
    </p>
   </div>
   <div class='ocr_carea' id='block_1_50' title="bbox 1882 2223 3479 2326">
    <p class='ocr_par' dir='ltr' id='par_1_50' title="bbox 1882 2223 3479 2326">
     <span class='ocr_line' id='line_1_50' title="bbox 1882 2223 3479 2326; baseline -0.024 -11"><span class='ocrx_word' id='word_1_319' title='bbox 1882 2254 2305 2326; x_wconf 71' lang='lat' dir='ltr'><strong>id-przecipuum</strong></span> <span class='ocrx_word' id='word_1_320' title='bbox 2338 2244 2596 2316; x_wconf 85' lang='lat' dir='ltr'><strong>quiddam</strong></span> <span class='ocrx_word' id='word_1_321' title='bbox 2635 2240 2725 2306; x_wconf 91' lang='lat' dir='ltr'><strong>sit,</strong></span> <span class='ocrx_word' id='word_1_322' title='bbox 2772 2235 2858 2290; x_wconf 91' lang='lat' dir='ltr'><strong>vel</strong></span> <span class='ocrx_word' id='word_1_323' title='bbox 2895 2231 3169 2303; x_wconf 87' lang='lat' dir='ltr'><strong>quomodo</strong></span> <span class='ocrx_word' id='word_1_324' title='bbox 3218 2228 3273 2281; x_wconf 90' lang='lat' dir='ltr'><strong>id</strong></span> <span class='ocrx_word' id='word_1_325' title='bbox 3308 2223 3479 2278; x_wconf 87' lang='lat' dir='ltr'><strong>mira-</strong></span> 
     </span>
    </p>
   </div>
   <div class='ocr_carea' id='block_1_51' title="bbox 1876 2322 3480 2415">
    <p class='ocr_par' dir='ltr' id='par_1_51' title="bbox 1876 2322 3480 2415">
     <span class='ocr_line' id='line_1_51' title="bbox 1876 2322 3480 2415; baseline -0.023 -9"><span class='ocrx_word' id='word_1_326' title='bbox 1876 2322 2025 2406; x_wconf 80' lang='lat' dir='ltr'><strong>tione</strong></span> <span class='ocrx_word' id='word_1_327' title='bbox 2057 2346 2301 2415; x_wconf 88' lang='lat' dir='ltr'><strong>digmnn,</strong></span> <span class='ocrx_word' id='word_1_328' title='bbox 2338 2354 2462 2393; x_wconf 87' lang='lat' dir='ltr'><strong>cum</strong></span> <span class='ocrx_word' id='word_1_329' title='bbox 2502 2335 2643 2389; x_wconf 88' lang='lat' dir='ltr'><strong>Deus</strong></span> <span class='ocrx_word' id='word_1_330' title='bbox 2683 2332 2752 2385; x_wconf 89' lang='lat' dir='ltr'><strong>ab</strong></span> <span class='ocrx_word' id='word_1_331' title='bbox 2793 2330 2899 2389; x_wconf 89' lang='lat' dir='ltr'><strong>his.</strong></span> <span class='ocrx_word' id='word_1_332' title='bbox 2935 2339 3057 2395; x_wconf 70' lang='lat' dir='ltr'><strong>qua:</strong></span> <span class='ocrx_word' id='word_1_333' title='bbox 3105 2322 3221 2391; x_wconf 91' lang='lat' dir='ltr'><strong>ipse</strong></span> <span class='ocrx_word' id='word_1_334' title='bbox 3251 2331 3480 2374; x_wconf 84' lang='lat' dir='ltr'><strong>creave-</strong></span> 
     </span>
    </p>
   </div>
   <div class='ocr_carea' id='block_1_52' title="bbox 1874 2408 3480 2508">
    <p class='ocr_par' dir='ltr' id='par_1_52' title="bbox 1874 2408 3480 2508">
     <span class='ocr_line' id='line_1_52' title="bbox 1874 2408 3480 2508; baseline -0.024 -11"><span class='ocrx_word' id='word_1_335' title='bbox 1874 2444 1966 2508; x_wconf 91' lang='lat' dir='ltr'><strong>rit,</strong></span> <span class='ocrx_word' id='word_1_336' title='bbox 2006 2455 2117 2494; x_wconf 88' lang='lat' dir='ltr'><strong>non</strong></span> <span class='ocrx_word' id='word_1_337' title='bbox 2163 2430 2431 2495; x_wconf 84' lang='lat' dir='ltr'><strong>discedat,</strong></span> <span class='ocrx_word' id='word_1_338' title='bbox 2466 2428 2656 2483; x_wconf 75' lang='lat' dir='ltr'><strong>fovens</strong></span> <span class='ocrx_word' id='word_1_339' title='bbox 2689 2438 2752 2478; x_wconf 90' lang='lat' dir='ltr'><strong>ea</strong></span> <span class='ocrx_word' id='word_1_340' title='bbox 2791 2419 3024 2481; x_wconf 77' lang='lat' dir='ltr'><strong>scilicet,</strong></span> <span class='ocrx_word' id='word_1_341' title='bbox 3054 2424 3110 2470; x_wconf 91' lang='lat' dir='ltr'><strong>et</strong></span> <span class='ocrx_word' id='word_1_342' title='bbox 3146 2428 3209 2466; x_wconf 88' lang='lat' dir='ltr'><strong>ea</strong></span> <span class='ocrx_word' id='word_1_343' title='bbox 3258 2408 3480 2478; x_wconf 87' lang='lat' dir='ltr'><strong>quidem</strong></span> 
     </span>
    </p>
   </div>
   <div class='ocr_carea' id='block_1_53' title="bbox 1876 2515 3482 2596">
    <p class='ocr_par' dir='ltr' id='par_1_53' title="bbox 1876 2515 3482 2596">
     <span class='ocr_line' id='line_1_53' title="bbox 1876 2515 3482 2596; baseline -0.025 -5"><span class='ocrx_word' id='word_1_344' title='bbox 1876 2533 2187 2593; x_wconf 86' lang='lat' dir='ltr'><strong>continens,</strong></span> <span class='ocrx_word' id='word_1_345' title='bbox 2224 2539 2344 2596; x_wconf 75' lang='lat' dir='ltr'><strong>qua:</strong></span> <span class='ocrx_word' id='word_1_346' title='bbox 2373 2522 2487 2592; x_wconf 88' lang='lat' dir='ltr'><strong>jam</strong></span> <span class='ocrx_word' id='word_1_347' title='bbox 2525 2520 2669 2574; x_wconf 82' lang='lat' dir='ltr'><strong>facta</strong></span> <span class='ocrx_word' id='word_1_348' title='bbox 2713 2524 2880 2575; x_wconf 87' lang='lat' dir='ltr'><strong>sunt;</strong></span> <span class='ocrx_word' id='word_1_349' title='bbox 2915 2525 2980 2564; x_wconf 90' lang='lat' dir='ltr'><strong>ea</strong></span> <span class='ocrx_word' id='word_1_350' title='bbox 3010 2520 3144 2563; x_wconf 89' lang='lat' dir='ltr'><strong>vero</strong></span> <span class='ocrx_word' id='word_1_351' title='bbox 3186 2517 3309 2575; x_wconf 73' lang='grc' dir='ltr'>ψιιε</span> <span class='ocrx_word' id='word_1_352' title='bbox 3340 2515 3482 2555; x_wconf 87' lang='lat' dir='ltr'><strong>non-</strong></span> 
     </span>
    </p>
   </div>
   <div class='ocr_carea' id='block_1_54' title="bbox 1875 2601 3479 2681">
    <p class='ocr_par' dir='ltr' id='par_1_54' title="bbox 1875 2601 3479 2681">
     <span class='ocr_line' id='line_1_54' title="bbox 1875 2601 3479 2681; baseline -0.023 1"><span class='ocrx_word' id='word_1_353' title='bbox 1875 2627 2005 2681; x_wconf 89' lang='lat' dir='ltr'><strong>dum</strong></span> <span class='ocrx_word' id='word_1_354' title='bbox 2055 2620 2197 2676; x_wconf 81' lang='lat' dir='ltr'><strong>facta</strong></span> <span class='ocrx_word' id='word_1_355' title='bbox 2250 2625 2411 2679; x_wconf 89' lang='lat' dir='ltr'><strong>sunt,</strong></span> <span class='ocrx_word' id='word_1_356' title='bbox 2461 2610 2696 2668; x_wconf 76' lang='lat' dir='ltr'><strong>creatis?</strong></span> <span class='ocrx_word' id='word_1_357' title='bbox 2734 2601 3057 2662; x_wconf 78' lang='lat' dir='ltr'><strong>Miracnlum</strong></span> <span class='ocrx_word' id='word_1_358' title='bbox 3108 2608 3289 2652; x_wconf 88' lang='lat' dir='ltr'><strong>autem</strong></span> <span class='ocrx_word' id='word_1_359' title='bbox 3346 2608 3479 2648; x_wconf 80' lang='lat' dir='ltr'><strong>vero</strong></span> 
     </span>
    </p>
   </div>
   <div class='ocr_carea' id='block_1_55' title="bbox 1877 2686 3487 2791">
    <p class='ocr_par' dir='ltr' id='par_1_55' title="bbox 1877 2686 3487 2791">
     <span class='ocr_line' id='line_1_55' title="bbox 1877 2686 3487 2791; baseline -0.022 -17"><span class='ocrx_word' id='word_1_360' title='bbox 1877 2717 2235 2791; x_wconf 70' lang='lat' dir='ltr'><strong>prmcipuum,</strong></span> <span class='ocrx_word' id='word_1_361' title='bbox 2274 2706 2417 2780; x_wconf 89' lang='lat' dir='ltr'><strong>quod</strong></span> <span class='ocrx_word' id='word_1_362' title='bbox 2444 2706 2497 2760; x_wconf 92' lang='lat' dir='ltr'><strong>in</strong></span> <span class='ocrx_word' id='word_1_363' title='bbox 2534 2713 2679 2758; x_wconf 87' lang='lat' dir='ltr'><strong>terra</strong></span> <span class='ocrx_word' id='word_1_364' title='bbox 2709 2715 2837 2757; x_wconf 87' lang='lat' dir='ltr'><strong>cmn</strong></span> <span class='ocrx_word' id='word_1_365' title='bbox 2867 2693 3186 2753; x_wconf 87' lang='lat' dir='ltr'><strong>hominibus</strong></span> <span class='ocrx_word' id='word_1_366' title='bbox 3216 2686 3487 2743; x_wconf 85' lang='lat' dir='ltr'><strong>habitarit</strong></span> 
     </span>
    </p>
   </div>
   <div class='ocr_carea' id='block_1_56' title="bbox 1878 2783 3486 2869">
    <p class='ocr_par' dir='ltr' id='par_1_56' title="bbox 1878 2783 3486 2869">
     <span class='ocr_line' id='line_1_56' title="bbox 1878 2783 3486 2869; baseline -0.023 0"><span class='ocrx_word' id='word_1_367' title='bbox 1878 2783 2060 2869; x_wconf 73' lang='lat' dir='ltr'><strong>homo</strong></span> <span class='ocrx_word' id='word_1_368' title='bbox 2091 2809 2270 2861; x_wconf 80' lang='lat' dir='ltr'><strong>factus</strong></span> <span class='ocrx_word' id='word_1_369' title='bbox 2320 2803 2483 2865; x_wconf 86' lang='lat' dir='ltr'><strong>Deus,</strong></span> <span class='ocrx_word' id='word_1_370' title='bbox 2535 2799 2689 2867; x_wconf 77' lang='lat' dir='ltr'><strong>juxta</strong></span> <span class='ocrx_word' id='word_1_371' title='bbox 2735 2789 3133 2865; x_wconf 84' lang='lat' dir='ltr'><strong>promissiones</strong></span> <span class='ocrx_word' id='word_1_372' title='bbox 3172 2783 3282 2853; x_wconf 85' lang='lat' dir='ltr'><strong>jam</strong></span> <span class='ocrx_word' id='word_1_373' title='bbox 3325 2789 3486 2835; x_wconf 84' lang='lat' dir='ltr'><strong>antea</strong></span> 
     </span>
    </p>
   </div>
   <div class='ocr_carea' id='block_1_57' title="bbox 1877 2872 3490 2959">
    <p class='ocr_par' dir='ltr' id='par_1_57' title="bbox 1877 2872 3490 2959">
     <span class='ocr_line' id='line_1_57' title="bbox 1877 2872 3490 2959; baseline -0.02 0"><span class='ocrx_word' id='word_1_374' title='bbox 1877 2906 2033 2959; x_wconf 87' lang='lat' dir='ltr'><strong>datas</strong></span> <span class='ocrx_word' id='word_1_375' title='bbox 2072 2900 2261 2955; x_wconf 88' lang='lat' dir='ltr'><strong>divino</strong></span> <span class='ocrx_word' id='word_1_376' title='bbox 2297 2894 2502 2956; x_wconf 81' lang='lat' dir='ltr'><strong>David;</strong></span> <span class='ocrx_word' id='word_1_377' title='bbox 2539 2890 2809 2958; x_wconf 88' lang='lat' dir='ltr'><strong>scriptum</strong></span> <span class='ocrx_word' id='word_1_378' title='bbox 2854 2892 2942 2940; x_wconf 89' lang='lat' dir='ltr'><strong>est</strong></span> <span class='ocrx_word' id='word_1_379' title='bbox 2982 2879 3133 2934; x_wconf 85' lang='lat' dir='ltr'><strong>enim</strong></span> <span class='ocrx_word' id='word_1_380' title='bbox 3170 2896 3183 2931; x_wconf 91' lang='lat'>:</span> <span class='ocrx_word' id='word_1_381' title='bbox 3218 2895 3236 2927; x_wconf 84' lang='grc' dir='ltr'><strong>ι</strong></span> <span class='ocrx_word' id='word_1_382' title='bbox 3272 2872 3490 2928; x_wconf 71' lang='lat' dir='ltr'><strong>Iuravit</strong></span> 
     </span>
    </p>
   </div>
   <div class='ocr_carea' id='block_1_58' title="bbox 1878 2967 3490 3050">
    <p class='ocr_par' dir='ltr' id='par_1_58' title="bbox 1878 2967 3490 3050">
     <span class='ocr_line' id='line_1_58' title="bbox 1878 2967 3490 3050; baseline -0.022 1"><span class='ocrx_word' id='word_1_383' title='bbox 1878 2994 2143 3050; x_wconf 87' lang='lat' dir='ltr'><strong>Dominus</strong></span> <span class='ocrx_word' id='word_1_384' title='bbox 2204 2986 2373 3042; x_wconf 86' lang='lat' dir='ltr'><strong>David</strong></span> <span class='ocrx_word' id='word_1_385' title='bbox 2433 2983 2762 3045; x_wconf 80' lang='lat' dir='ltr'><strong>veritatem,</strong></span> <span class='ocrx_word' id='word_1_386' title='bbox 2836 2986 2892 3030; x_wconf 90' lang='lat' dir='ltr'><strong>et</strong></span> <span class='ocrx_word' id='word_1_387' title='bbox 2954 2988 3061 3027; x_wconf 91' lang='lat' dir='ltr'><strong>non</strong></span> <span class='ocrx_word' id='word_1_388' title='bbox 3129 2967 3490 3023; x_wconf 80' lang='lat' dir='ltr'><strong>lrustrabitur</strong></span> 
     </span>
    </p>
   </div>
   <div class='ocr_carea' id='block_1_59' title="bbox 1878 3054 3487 3146">
    <p class='ocr_par' dir='ltr' id='par_1_59' title="bbox 1878 3054 3487 3146">
     <span class='ocr_line' id='line_1_59' title="bbox 1878 3054 3487 3146; baseline -0.021 -3"><span class='ocrx_word' id='word_1_389' title='bbox 1878 3102 2000 3143; x_wconf 84' lang='lat' dir='ltr'><strong>eam</strong></span> <span class='ocrx_word' id='word_1_390' title='bbox 2022 3084 2088 3136; x_wconf 80' lang='grc'><strong>’⁸.</strong></span> <span class='ocrx_word' id='word_1_391' title='bbox 2125 3101 2143 3134; x_wconf 73' lang='grc' dir='ltr'><strong>ι</strong></span> <span class='ocrx_word' id='word_1_392' title='bbox 2182 3077 2324 3146; x_wconf 83' lang='lat' dir='ltr'><strong>Quid</strong></span> <span class='ocrx_word' id='word_1_393' title='bbox 2370 3086 2555 3128; x_wconf 90' lang='lat' dir='ltr'><strong>autem</strong></span> <span class='ocrx_word' id='word_1_394' title='bbox 2591 3069 2840 3140; x_wconf 87' lang='lat' dir='ltr'><strong>juravit?</strong></span> <span class='ocrx_word' id='word_1_395' title='bbox 2874 3084 2893 3117; x_wconf 85' lang='grc'><strong><em>‹</em></strong></span> <span class='ocrx_word' id='word_1_396' title='bbox 2930 3064 3005 3119; x_wconf 85' lang='lat' dir='ltr'><strong>De</strong></span> <span class='ocrx_word' id='word_1_397' title='bbox 3062 3062 3241 3116; x_wconf 84' lang='lat' dir='ltr'><strong>fructu</strong></span> <span class='ocrx_word' id='word_1_398' title='bbox 3274 3054 3487 3111; x_wconf 87' lang='lat' dir='ltr'><strong>ventris</strong></span> 
     </span>
    </p>
   </div>
   <div class='ocr_carea' id='block_1_60' title="bbox 1884 3147 3486 3248">
    <p class='ocr_par' dir='ltr' id='par_1_60' title="bbox 1884 3147 3486 3248">
     <span class='ocr_line' id='line_1_60' title="bbox 1884 3147 3486 3248; baseline -0.022 -12"><span class='ocrx_word' id='word_1_399' title='bbox 1884 3182 1959 3236; x_wconf 92' lang='lat' dir='ltr'><strong>tui</strong></span> <span class='ocrx_word' id='word_1_400' title='bbox 2020 3190 2216 3248; x_wconf 88' lang='lat' dir='ltr'><strong>ponam</strong></span> <span class='ocrx_word' id='word_1_401' title='bbox 2264 3185 2433 3240; x_wconf 85' lang='lat' dir='ltr'><strong>super</strong></span> <span class='ocrx_word' id='word_1_402' title='bbox 2478 3167 2661 3222; x_wconf 88' lang='lat' dir='ltr'><strong>sedem</strong></span> <span class='ocrx_word' id='word_1_403' title='bbox 2721 3158 2965 3215; x_wconf 83' lang='lat' dir='ltr'><strong>tuam&quot;.</strong></span> <span class='ocrx_word' id='word_1_404' title='bbox 3000 3175 3019 3208; x_wconf 86' lang='grc'><strong>›</strong></span> <span class='ocrx_word' id='word_1_405' title='bbox 3076 3154 3143 3209; x_wconf 86' lang='grc' dir='ltr'>Ει</span> <span class='ocrx_word' id='word_1_406' title='bbox 3190 3167 3321 3205; x_wconf 83' lang='lat' dir='ltr'><strong>vero</strong></span> <span class='ocrx_word' id='word_1_407' title='bbox 3370 3147 3486 3211; x_wconf 84' lang='lat' dir='ltr'><strong>ille,</strong></span> 
     </span>
    </p>
   </div>
   <div class='ocr_carea' id='block_1_61' title="bbox 182 3246 3491 3342">
    <p class='ocr_par' dir='ltr' id='par_1_61' title="bbox 182 3246 3491 3342">
     <span class='ocr_line' id='line_1_61' title="bbox 182 3246 3491 3342; baseline -0.011 -16"><span class='ocrx_word' id='word_1_408' title='bbox 182 3268 556 3326; x_wconf 77' lang='lat' dir='ltr'><strong>Manifestavit</strong></span> <span class='ocrx_word' id='word_1_409' title='bbox 601 3268 807 3323; x_wconf 89' lang='lat' dir='ltr'><strong>etenim</strong></span> <span class='ocrx_word' id='word_1_410' title='bbox 859 3266 1018 3320; x_wconf 89' lang='lat' dir='ltr'><strong>nobis</strong></span> <span class='ocrx_word' id='word_1_411' title='bbox 1058 3265 1237 3319; x_wconf 80' lang='lat' dir='ltr'><strong>Patris</strong></span> <span class='ocrx_word' id='word_1_412' title='bbox 1281 3263 1634 3325; x_wconf 83' lang='lat' dir='ltr'><strong>voluntatem,</strong></span> <span class='ocrx_word' id='word_1_413' title='bbox 1686 3260 1771 3315; x_wconf 89' lang='lat' dir='ltr'><strong>cui</strong></span> <span class='ocrx_word' id='word_1_414' title='bbox 1802 3264 1844 3323; x_wconf 90' lang='lat' dir='ltr'><strong><em>C</em></strong></span> <span class='ocrx_word' id='word_1_415' title='bbox 1880 3246 2130 3342; x_wconf 78' lang='lat' dir='ltr'><strong>quamvis</strong></span> <span class='ocrx_word' id='word_1_416' title='bbox 2162 3263 2511 3326; x_wconf 81' lang='lat' dir='ltr'><strong>Credidisset,</strong></span> <span class='ocrx_word' id='word_1_417' title='bbox 2549 3255 2695 3327; x_wconf 86' lang='lat' dir='ltr'><strong>quod</strong></span> <span class='ocrx_word' id='word_1_418' title='bbox 2764 3265 3046 3319; x_wconf 87' lang='lat' dir='ltr'><strong>mmquam</strong></span> <span class='ocrx_word' id='word_1_419' title='bbox 3092 3246 3327 3311; x_wconf 77' lang='lat' dir='ltr'><strong>abneget</strong></span> <span class='ocrx_word' id='word_1_420' title='bbox 3365 3254 3491 3308; x_wconf 87' lang='lat' dir='ltr'><strong>pro-</strong></span> 
     </span>
    </p>
   </div>
   <div class='ocr_carea' id='block_1_62' title="bbox 184 3353 1776 3431">
    <p class='ocr_par' dir='ltr' id='par_1_62' title="bbox 184 3353 1776 3431">
     <span class='ocr_line' id='line_1_62' title="bbox 184 3353 1776 3431; baseline -0.007 -15"><span class='ocrx_word' id='word_1_421' title='bbox 184 3382 204 3416; x_wconf 75' lang='grc' dir='ltr'><strong><em>ο</em></strong></span> <span class='ocrx_word' id='word_1_422' title='bbox 236 3365 295 3418; x_wconf 89' lang='lat' dir='ltr'><strong>in</strong></span> <span class='ocrx_word' id='word_1_423' title='bbox 328 3378 395 3417; x_wconf 91' lang='lat' dir='ltr'><strong>eo</strong></span> <span class='ocrx_word' id='word_1_424' title='bbox 429 3359 757 3431; x_wconf 84' lang='lat' dir='ltr'><strong>complacuit</strong></span> <span class='ocrx_word' id='word_1_425' title='bbox 784 3358 972 3413; x_wconf 89' lang='lat' dir='ltr'><strong>orbem</strong></span> <span class='ocrx_word' id='word_1_426' title='bbox 1015 3357 1229 3411; x_wconf 83' lang='lat' dir='ltr'><strong>salvare</strong></span> <span class='ocrx_word' id='word_1_427' title='bbox 1266 3366 1533 3409; x_wconf 87' lang='lat' dir='ltr'><strong>terrarum</strong></span> <span class='ocrx_word' id='word_1_428' title='bbox 1558 3353 1626 3416; x_wconf 62' lang='grc' dir='ltr'><strong>ιδ,</strong></span> <span class='ocrx_word' id='word_1_429' title='bbox 1662 3372 1680 3403; x_wconf 76' lang='grc' dir='ltr'><strong>ι</strong></span> <span class='ocrx_word' id='word_1_430' title='bbox 1721 3362 1776 3406; x_wconf 88' lang='grc' dir='ltr'><strong>ει</strong></span> 
     </span>
    </p>
   </div>
   <div class='ocr_carea' id='block_1_63' title="bbox 180 3444 1772 3527">
    <p class='ocr_par' dir='ltr' id='par_1_63' title="bbox 180 3444 1772 3527">
     <span class='ocr_line' id='line_1_63' title="bbox 180 3444 1772 3527; baseline -0.009 -15"><span class='ocrx_word' id='word_1_431' title='bbox 180 3473 283 3527; x_wconf 88' lang='lat' dir='ltr'><strong>per</strong></span> <span class='ocrx_word' id='word_1_432' title='bbox 316 3460 491 3526; x_wconf 89' lang='lat' dir='ltr'><strong>ipsum</strong></span> <span class='ocrx_word' id='word_1_433' title='bbox 542 3465 597 3509; x_wconf 89' lang='lat' dir='ltr'><strong>et</strong></span> <span class='ocrx_word' id='word_1_434' title='bbox 642 3454 696 3507; x_wconf 89' lang='lat' dir='ltr'><strong>in</strong></span> <span class='ocrx_word' id='word_1_435' title='bbox 746 3454 862 3522; x_wconf 90' lang='lat' dir='ltr'><strong>ipso</strong></span> <span class='ocrx_word' id='word_1_436' title='bbox 911 3450 1174 3503; x_wconf 90' lang='lat' dir='ltr'><strong>mundum</strong></span> <span class='ocrx_word' id='word_1_437' title='bbox 1221 3447 1324 3501; x_wconf 84' lang='lat' dir='ltr'><strong>sibi</strong></span> <span class='ocrx_word' id='word_1_438' title='bbox 1372 3444 1772 3499; x_wconf 86' lang='lat' dir='ltr'><strong>reconciliare:</strong></span> 
     </span>
    </p>
   </div>
   <div class='ocr_carea' id='block_1_64' title="bbox 180 3538 1775 3607">
    <p class='ocr_par' dir='ltr' id='par_1_64' title="bbox 180 3538 1775 3607">
     <span class='ocr_line' id='line_1_64' title="bbox 180 3538 1775 3607; baseline -0.009 -2"><span class='ocrx_word' id='word_1_439' title='bbox 180 3549 405 3605; x_wconf 87' lang='lat' dir='ltr'><strong>Christo</strong></span> <span class='ocrx_word' id='word_1_440' title='bbox 431 3546 577 3603; x_wconf 90' lang='lat' dir='ltr'><strong>enim</strong></span> <span class='ocrx_word' id='word_1_441' title='bbox 610 3542 969 3607; x_wconf 87' lang='lat' dir='ltr'><strong>reconciliati,</strong></span> <span class='ocrx_word' id='word_1_442' title='bbox 1007 3542 1114 3596; x_wconf 91' lang='lat' dir='ltr'><strong>Deo</strong></span> <span class='ocrx_word' id='word_1_443' title='bbox 1140 3555 1328 3595; x_wconf 89' lang='lat' dir='ltr'><strong>sumus</strong></span> <span class='ocrx_word' id='word_1_444' title='bbox 1353 3538 1687 3593; x_wconf 89' lang='lat' dir='ltr'><strong>reconciliati</strong></span> <span class='ocrx_word' id='word_1_445' title='bbox 1710 3538 1775 3602; x_wconf 81' lang='lat'><strong>&quot;,</strong></span> 
     </span>
    </p>
   </div>
   <div class='ocr_carea' id='block_1_65' title="bbox 186 3630 1776 3696">
    <p class='ocr_par' dir='ltr' id='par_1_65' title="bbox 186 3630 1776 3696">
     <span class='ocr_line' id='line_1_65' title="bbox 186 3630 1776 3696; baseline -0.008 -2"><span class='ocrx_word' id='word_1_446' title='bbox 186 3641 332 3695; x_wconf 86' lang='lat' dir='ltr'><strong>Deus</strong></span> <span class='ocrx_word' id='word_1_447' title='bbox 362 3648 447 3695; x_wconf 90' lang='lat' dir='ltr'><strong>est</strong></span> <span class='ocrx_word' id='word_1_448' title='bbox 487 3639 631 3692; x_wconf 88' lang='lat' dir='ltr'><strong>enim</strong></span> <span class='ocrx_word' id='word_1_449' title='bbox 664 3650 792 3690; x_wconf 80' lang='lat' dir='ltr'><strong>vere</strong></span> <span class='ocrx_word' id='word_1_450' title='bbox 826 3634 997 3689; x_wconf 86' lang='lat' dir='ltr'><strong>Filius</strong></span> <span class='ocrx_word' id='word_1_451' title='bbox 1046 3634 1139 3687; x_wconf 90' lang='lat' dir='ltr'><strong>Dei</strong></span> <span class='ocrx_word' id='word_1_452' title='bbox 1170 3642 1223 3687; x_wconf 89' lang='lat' dir='ltr'><strong>et</strong></span> <span class='ocrx_word' id='word_1_453' title='bbox 1262 3632 1459 3686; x_wconf 84' lang='lat' dir='ltr'><strong>Patris.</strong></span> <span class='ocrx_word' id='word_1_454' title='bbox 1493 3630 1776 3696; x_wconf 84' lang='lat' dir='ltr'><strong>Quodnam</strong></span> 
     </span>
    </p>
   </div>
   <div class='ocr_carea' id='block_1_66' title="bbox 187 3722 1776 3800">
    <p class='ocr_par' dir='ltr' id='par_1_66' title="bbox 187 3722 1776 3800">
     <span class='ocr_line' id='line_1_66' title="bbox 187 3722 1776 3800; baseline -0.009 -15"><span class='ocrx_word' id='word_1_455' title='bbox 187 3733 357 3800; x_wconf 81' lang='lat' dir='ltr'><strong>igitur</strong></span> <span class='ocrx_word' id='word_1_456' title='bbox 399 3729 469 3783; x_wconf 89' lang='lat' dir='ltr'><strong>sit</strong></span> <span class='ocrx_word' id='word_1_457' title='bbox 506 3728 683 3782; x_wconf 81' lang='lat' dir='ltr'><strong>Patris</strong></span> <span class='ocrx_word' id='word_1_458' title='bbox 713 3725 1025 3789; x_wconf 83' lang='lat' dir='ltr'><strong>consilium,</strong></span> <span class='ocrx_word' id='word_1_459' title='bbox 1057 3723 1217 3790; x_wconf 86' lang='lat' dir='ltr'><strong>enjus</strong></span> <span class='ocrx_word' id='word_1_460' title='bbox 1250 3722 1407 3776; x_wconf 89' lang='lat' dir='ltr'><strong>nobis</strong></span> <span class='ocrx_word' id='word_1_461' title='bbox 1439 3722 1600 3774; x_wconf 78' lang='lat' dir='ltr'><strong>fuerit</strong></span> <span class='ocrx_word' id='word_1_462' title='bbox 1634 3735 1776 3772; x_wconf 88' lang='lat' dir='ltr'><strong>nun-</strong></span> 
     </span>
    </p>
   </div>
   <div class='ocr_carea' id='block_1_67' title="bbox 190 3809 1781 3890">
    <p class='ocr_par' dir='ltr' id='par_1_67' title="bbox 190 3809 1781 3890">
     <span class='ocr_line' id='line_1_67' title="bbox 190 3809 1781 3890; baseline -0.007 -15"><span class='ocrx_word' id='word_1_463' title='bbox 190 3822 323 3888; x_wconf 88' lang='lat' dir='ltr'><strong>tius,</strong></span> <span class='ocrx_word' id='word_1_464' title='bbox 364 3820 480 3890; x_wconf 88' lang='lat' dir='ltr'><strong>ipse</strong></span> <span class='ocrx_word' id='word_1_465' title='bbox 512 3818 731 3873; x_wconf 88' lang='lat' dir='ltr'><strong>docebit</strong></span> <span class='ocrx_word' id='word_1_466' title='bbox 778 3816 1009 3870; x_wconf 88' lang='lat' dir='ltr'><strong>dicens:</strong></span> <span class='ocrx_word' id='word_1_467' title='bbox 1049 3832 1067 3865; x_wconf 79' lang='grc' dir='ltr'><strong>ι</strong></span> <span class='ocrx_word' id='word_1_468' title='bbox 1102 3811 1176 3867; x_wconf 77' lang='lat' dir='ltr'><strong>Ita</strong></span> <span class='ocrx_word' id='word_1_469' title='bbox 1211 3811 1358 3867; x_wconf 92' lang='lat' dir='ltr'><strong>enim</strong></span> <span class='ocrx_word' id='word_1_470' title='bbox 1406 3811 1599 3865; x_wconf 80' lang='lat' dir='ltr'><strong>dilexit</strong></span> <span class='ocrx_word' id='word_1_471' title='bbox 1638 3809 1781 3864; x_wconf 91' lang='lat' dir='ltr'><strong>Dens</strong></span> 
     </span>
    </p>
   </div>
   <div class='ocr_carea' id='block_1_68' title="bbox 191 3901 1783 3972">
    <p class='ocr_par' dir='ltr' id='par_1_68' title="bbox 191 3901 1783 3972">
     <span class='ocr_line' id='line_1_68' title="bbox 191 3901 1783 3972; baseline -0.006 -10"><span class='ocrx_word' id='word_1_472' title='bbox 191 3909 478 3972; x_wconf 89' lang='lat' dir='ltr'><strong>mundum,</strong></span> <span class='ocrx_word' id='word_1_473' title='bbox 531 3916 587 3959; x_wconf 91' lang='lat' dir='ltr'><strong>ut</strong></span> <span class='ocrx_word' id='word_1_474' title='bbox 634 3903 833 3957; x_wconf 82' lang='lat' dir='ltr'><strong>Filium</strong></span> <span class='ocrx_word' id='word_1_475' title='bbox 882 3918 1038 3957; x_wconf 90' lang='lat' dir='ltr'><strong>suum</strong></span> <span class='ocrx_word' id='word_1_476' title='bbox 1092 3901 1429 3970; x_wconf 79' lang='lat' dir='ltr'><strong>unigenitum</strong></span> <span class='ocrx_word' id='word_1_477' title='bbox 1481 3902 1658 3965; x_wconf 87' lang='lat' dir='ltr'><strong>daret,</strong></span> <span class='ocrx_word' id='word_1_478' title='bbox 1724 3908 1783 3953; x_wconf 92' lang='lat' dir='ltr'><strong>ut</strong></span> 
     </span>
    </p>
   </div>
   <div class='ocr_carea' id='block_1_69' title="bbox 188 3992 1784 4065">
    <p class='ocr_par' dir='ltr' id='par_1_69' title="bbox 188 3992 1784 4065">
     <span class='ocr_line' id='line_1_69' title="bbox 188 3992 1784 4065; baseline -0.005 -12"><span class='ocrx_word' id='word_1_479' title='bbox 188 3998 373 4053; x_wconf 87' lang='lat' dir='ltr'><strong>omnis</strong></span> <span class='ocrx_word' id='word_1_480' title='bbox 405 3996 500 4065; x_wconf 87' lang='lat' dir='ltr'><strong>qui</strong></span> <span class='ocrx_word' id='word_1_481' title='bbox 535 3994 711 4049; x_wconf 89' lang='lat' dir='ltr'><strong>credit</strong></span> <span class='ocrx_word' id='word_1_482' title='bbox 750 3993 802 4047; x_wconf 89' lang='lat' dir='ltr'><strong>in</strong></span> <span class='ocrx_word' id='word_1_483' title='bbox 837 3994 1033 4063; x_wconf 90' lang='lat' dir='ltr'><strong>ipsum,</strong></span> <span class='ocrx_word' id='word_1_484' title='bbox 1063 4009 1167 4046; x_wconf 90' lang='lat' dir='ltr'><strong>non</strong></span> <span class='ocrx_word' id='word_1_485' title='bbox 1200 4001 1410 4063; x_wconf 88' lang='lat' dir='ltr'><strong>pereat,</strong></span> <span class='ocrx_word' id='word_1_486' title='bbox 1446 3994 1541 4045; x_wconf 90' lang='lat' dir='ltr'><strong>sed</strong></span> <span class='ocrx_word' id='word_1_487' title='bbox 1586 3992 1784 4045; x_wconf 87' lang='lat' dir='ltr'><strong>habeat</strong></span> 
     </span>
    </p>
   </div>
   <div class='ocr_carea' id='block_1_70' title="bbox 192 4084 1786 4153">
    <p class='ocr_par' dir='ltr' id='par_1_70' title="bbox 192 4084 1786 4153">
     <span class='ocr_line' id='line_1_70' title="bbox 192 4084 1786 4153; baseline -0.003 -10"><span class='ocrx_word' id='word_1_488' title='bbox 192 4091 359 4143; x_wconf 86' lang='lat' dir='ltr'><strong>vitam</strong></span> <span class='ocrx_word' id='word_1_489' title='bbox 390 4087 736 4143; x_wconf 66' lang='lat' dir='ltr'><strong>aeternam&quot;.</strong></span> <span class='ocrx_word' id='word_1_490' title='bbox 771 4105 788 4137; x_wconf 77' lang='grc' dir='ltr'><strong>ι</strong></span> <span class='ocrx_word' id='word_1_491' title='bbox 818 4084 985 4139; x_wconf 81' lang='lat' dir='ltr'><strong>Filius</strong></span> <span class='ocrx_word' id='word_1_492' title='bbox 1022 4096 1204 4139; x_wconf 89' lang='lat' dir='ltr'><strong>autem</strong></span> <span class='ocrx_word' id='word_1_493' title='bbox 1238 4086 1547 4153; x_wconf 87' lang='lat' dir='ltr'><strong>unigenitus</strong></span> <span class='ocrx_word' id='word_1_494' title='bbox 1583 4084 1672 4139; x_wconf 91' lang='lat' dir='ltr'><strong>ille</strong></span> <span class='ocrx_word' id='word_1_495' title='bbox 1702 4094 1786 4138; x_wconf 88' lang='lat' dir='ltr'><strong>est</strong></span> 
     </span>
    </p>
   </div>
   <div class='ocr_carea' id='block_1_71' title="bbox 191 4175 1784 4252">
    <p class='ocr_par' dir='ltr' id='par_1_71' title="bbox 191 4175 1784 4252">
     <span class='ocr_line' id='line_1_71' title="bbox 191 4175 1784 4252; baseline -0.004 -17"><span class='ocrx_word' id='word_1_496' title='bbox 191 4182 285 4252; x_wconf 88' lang='lat' dir='ltr'><strong>qui</strong></span> <span class='ocrx_word' id='word_1_497' title='bbox 330 4190 417 4234; x_wconf 87' lang='lat' dir='ltr'><strong>est</strong></span> <span class='ocrx_word' id='word_1_498' title='bbox 449 4194 514 4232; x_wconf 83' lang='lat' dir='ltr'><strong>ex</strong></span> <span class='ocrx_word' id='word_1_499' title='bbox 549 4187 736 4232; x_wconf 85' lang='lat' dir='ltr'><strong>sancta</strong></span> <span class='ocrx_word' id='word_1_500' title='bbox 765 4175 989 4245; x_wconf 79' lang='lat' dir='ltr'><strong>Virgine</strong></span> <span class='ocrx_word' id='word_1_501' title='bbox 1026 4184 1351 4245; x_wconf 90' lang='lat' dir='ltr'><strong>procreatus</strong></span> <span class='ocrx_word' id='word_1_502' title='bbox 1383 4192 1397 4227; x_wconf 88' lang='lat'><strong>:</strong></span> <span class='ocrx_word' id='word_1_503' title='bbox 1433 4175 1606 4243; x_wconf 88' lang='lat' dir='ltr'><strong>ipsum</strong></span> <span class='ocrx_word' id='word_1_504' title='bbox 1636 4176 1784 4229; x_wconf 78' lang='lat' dir='ltr'><strong>enini</strong></span> 
     </span>
    </p>
   </div>
   <div class='ocr_carea' id='block_1_72' title="bbox 196 4266 1789 4339">
    <p class='ocr_par' dir='ltr' id='par_1_72' title="bbox 196 4266 1789 4339">
     <span class='ocr_line' id='line_1_72' title="bbox 196 4266 1789 4339; baseline -0.006 -12"><span class='ocrx_word' id='word_1_505' title='bbox 196 4273 438 4330; x_wconf 88' lang='lat' dir='ltr'><strong>Verbum</strong></span> <span class='ocrx_word' id='word_1_506' title='bbox 459 4271 619 4325; x_wconf 89' lang='lat' dir='ltr'><strong>homo</strong></span> <span class='ocrx_word' id='word_1_507' title='bbox 640 4270 863 4332; x_wconf 88' lang='lat' dir='ltr'><strong>l&#39;actmn,</strong></span> <span class='ocrx_word' id='word_1_508' title='bbox 886 4270 1027 4339; x_wconf 88' lang='lat' dir='ltr'><strong>quod</strong></span> <span class='ocrx_word' id='word_1_509' title='bbox 1049 4268 1149 4321; x_wconf 80' lang='lat' dir='ltr'><strong>luit</strong></span> <span class='ocrx_word' id='word_1_510' title='bbox 1170 4266 1312 4322; x_wconf 89' lang='lat' dir='ltr'><strong>Deus</strong></span> <span class='ocrx_word' id='word_1_511' title='bbox 1330 4267 1383 4321; x_wconf 91' lang='lat' dir='ltr'><strong>in</strong></span> <span class='ocrx_word' id='word_1_512' title='bbox 1409 4281 1597 4331; x_wconf 87' lang='lat' dir='ltr'><strong>carne,</strong></span> <span class='ocrx_word' id='word_1_513' title='bbox 1625 4283 1686 4320; x_wconf 89' lang='lat' dir='ltr'><strong>ac</strong></span> <span class='ocrx_word' id='word_1_514' title='bbox 1708 4267 1789 4321; x_wconf 71' lang='lat' dir='ltr'><strong>sic:</strong></span> 
     </span>
    </p>
   </div>
   <div class='ocr_carea' id='block_1_73' title="bbox 198 4357 1787 4432">
    <p class='ocr_par' dir='ltr' id='par_1_73' title="bbox 198 4357 1787 4432">
     <span class='ocr_line' id='line_1_73' title="bbox 198 4357 1787 4432; baseline -0.006 -12"><span class='ocrx_word' id='word_1_515' title='bbox 198 4365 433 4422; x_wconf 86' lang='lat' dir='ltr'><strong>terrenis</strong></span> <span class='ocrx_word' id='word_1_516' title='bbox 466 4362 736 4432; x_wconf 83' lang='lat' dir='ltr'><strong>apparuit.</strong></span> <span class='ocrx_word' id='word_1_517' title='bbox 777 4360 1021 4429; x_wconf 87' lang='lat' dir='ltr'><strong>Denique</strong></span> <span class='ocrx_word' id='word_1_518' title='bbox 1052 4360 1266 4415; x_wconf 85' lang='lat' dir='ltr'><strong>dicebat</strong></span> <span class='ocrx_word' id='word_1_519' title='bbox 1294 4378 1307 4413; x_wconf 86' lang='lat'><strong>:</strong></span> <span class='ocrx_word' id='word_1_520' title='bbox 1346 4378 1363 4410; x_wconf 84' lang='grc' dir='ltr'><strong>ι</strong></span> <span class='ocrx_word' id='word_1_521' title='bbox 1395 4358 1498 4424; x_wconf 84' lang='lat' dir='ltr'><strong>Qui</strong></span> <span class='ocrx_word' id='word_1_522' title='bbox 1530 4358 1706 4413; x_wconf 85' lang='lat' dir='ltr'><strong>credit</strong></span> <span class='ocrx_word' id='word_1_523' title='bbox 1732 4357 1787 4411; x_wconf 89' lang='lat' dir='ltr'><strong>in</strong></span> 
     </span>
    </p>
   </div>
   <div class='ocr_carea' id='block_1_74' title="bbox 199 4451 1786 4526">
    <p class='ocr_par' dir='ltr' id='par_1_74' title="bbox 199 4451 1786 4526">
     <span class='ocr_line' id='line_1_74' title="bbox 199 4451 1786 4526; baseline -0.006 -13"><span class='ocrx_word' id='word_1_524' title='bbox 199 4476 306 4526; x_wconf 91' lang='lat' dir='ltr'><strong>me,</strong></span> <span class='ocrx_word' id='word_1_525' title='bbox 339 4457 499 4511; x_wconf 87' lang='lat' dir='ltr'><strong>habet</strong></span> <span class='ocrx_word' id='word_1_526' title='bbox 521 4456 688 4509; x_wconf 90' lang='lat' dir='ltr'><strong>vitam</strong></span> <span class='ocrx_word' id='word_1_527' title='bbox 721 4464 980 4509; x_wconf 72' lang='lat' dir='ltr'><strong>mteruam</strong></span> <span class='ocrx_word' id='word_1_528' title='bbox 1004 4453 1070 4508; x_wconf 82' lang='grc'><strong>²¹.</strong></span> <span class='ocrx_word' id='word_1_529' title='bbox 1108 4472 1126 4505; x_wconf 76' lang='grc' dir='ltr'><strong>ι</strong></span> <span class='ocrx_word' id='word_1_530' title='bbox 1158 4452 1310 4517; x_wconf 89' lang='lat' dir='ltr'><strong>Quod</strong></span> <span class='ocrx_word' id='word_1_531' title='bbox 1333 4467 1467 4518; x_wconf 87' lang='lat' dir='ltr'><strong>vero</strong></span> <span class='ocrx_word' id='word_1_532' title='bbox 1492 4468 1587 4519; x_wconf 86' lang='lat' dir='ltr'><strong>per</strong></span> <span class='ocrx_word' id='word_1_533' title='bbox 1614 4451 1786 4518; x_wconf 88' lang='lat' dir='ltr'><strong>ipsum</strong></span> 
     </span>
    </p>
   </div>
   <div class='ocr_carea' id='block_1_75' title="bbox 197 4544 1789 4619">
    <p class='ocr_par' dir='ltr' id='par_1_75' title="bbox 197 4544 1789 4619">
     <span class='ocr_line' id='line_1_75' title="bbox 197 4544 1789 4619; baseline -0.006 -12"><span class='ocrx_word' id='word_1_534' title='bbox 197 4565 253 4607; x_wconf 87' lang='lat' dir='ltr'><strong>et</strong></span> <span class='ocrx_word' id='word_1_535' title='bbox 285 4554 339 4605; x_wconf 87' lang='lat' dir='ltr'><strong>in</strong></span> <span class='ocrx_word' id='word_1_536' title='bbox 371 4552 485 4619; x_wconf 89' lang='lat' dir='ltr'><strong>ipso</strong></span> <span class='ocrx_word' id='word_1_537' title='bbox 515 4549 804 4603; x_wconf 88' lang='lat' dir='ltr'><strong>credamus</strong></span> <span class='ocrx_word' id='word_1_538' title='bbox 828 4544 1000 4610; x_wconf 79' lang='lat' dir='ltr'><strong>Patri,</strong></span> <span class='ocrx_word' id='word_1_539' title='bbox 1034 4546 1346 4615; x_wconf 75' lang='lat' dir='ltr'><strong>explanavit</strong></span> <span class='ocrx_word' id='word_1_540' title='bbox 1375 4546 1597 4600; x_wconf 86' lang='lat' dir='ltr'><strong>dicens:</strong></span> <span class='ocrx_word' id='word_1_541' title='bbox 1639 4562 1656 4596; x_wconf 83' lang='lat' dir='ltr'><strong>t</strong></span> <span class='ocrx_word' id='word_1_542' title='bbox 1687 4544 1789 4611; x_wconf 82' lang='lat' dir='ltr'><strong>Qui</strong></span> 
     </span>
    </p>
   </div>
   <div class='ocr_carea' id='block_1_76' title="bbox 1884 3339 3493 3420">
    <p class='ocr_par' dir='ltr' id='par_1_76' title="bbox 1884 3339 3493 3420">
     <span class='ocr_line' id='line_1_76' title="bbox 1884 3339 3493 3420; baseline -0.024 0"><span class='ocrx_word' id='word_1_543' title='bbox 1884 3364 2201 3420; x_wconf 76' lang='lat' dir='ltr'><strong>miSsionem</strong></span> <span class='ocrx_word' id='word_1_544' title='bbox 2235 3360 2379 3413; x_wconf 86' lang='lat' dir='ltr'><strong>Deus</strong></span> <span class='ocrx_word' id='word_1_545' title='bbox 2417 3349 2787 3420; x_wconf 83' lang='lat' dir='ltr'><strong>omnipotens,</strong></span> <span class='ocrx_word' id='word_1_546' title='bbox 2829 3354 3006 3398; x_wconf 86' lang='lat' dir='ltr'><strong>tamen</strong></span> <span class='ocrx_word' id='word_1_547' title='bbox 3052 3339 3230 3409; x_wconf 80' lang='lat' dir='ltr'><strong>ipsum</strong></span> <span class='ocrx_word' id='word_1_548' title='bbox 3263 3347 3493 3405; x_wconf 87' lang='lat' dir='ltr'><strong>genera-</strong></span> 
     </span>
    </p>
   </div>
   <div class='ocr_carea' id='block_1_77' title="bbox 1885 3427 3489 3512">
    <p class='ocr_par' dir='ltr' id='par_1_77' title="bbox 1885 3427 3489 3512">
     <span class='ocr_line' id='line_1_77' title="bbox 1885 3427 3489 3512; baseline -0.021 -1"><span class='ocrx_word' id='word_1_549' title='bbox 1885 3456 2048 3512; x_wconf 89' lang='lat' dir='ltr'><strong>tionis</strong></span> <span class='ocrx_word' id='word_1_550' title='bbox 2073 3454 2254 3508; x_wconf 91' lang='lat' dir='ltr'><strong>locum</strong></span> <span class='ocrx_word' id='word_1_551' title='bbox 2292 3446 2561 3504; x_wconf 84' lang='lat' dir='ltr'><strong>curiosius</strong></span> <span class='ocrx_word' id='word_1_552' title='bbox 2593 3437 2936 3509; x_wconf 87' lang='lat' dir='ltr'><strong>inquirebat,</strong></span> <span class='ocrx_word' id='word_1_553' title='bbox 2974 3434 3207 3501; x_wconf 89' lang='lat' dir='ltr'><strong>ideoque</strong></span> <span class='ocrx_word' id='word_1_554' title='bbox 3237 3427 3489 3481; x_wconf 89' lang='lat' dir='ltr'><strong>dicebat:</strong></span> 
     </span>
    </p>
   </div>
   <div class='ocr_carea' id='block_1_78' title="bbox 1890 3518 3495 3608">
    <p class='ocr_par' dir='ltr' id='par_1_78' title="bbox 1890 3518 3495 3608">
     <span class='ocr_line' id='line_1_78' title="bbox 1890 3518 3495 3608; baseline -0.021 -4"><span class='ocrx_word' id='word_1_555' title='bbox 1890 3570 1909 3603; x_wconf 69' lang='grc' dir='ltr'><strong>ε</strong></span> <span class='ocrx_word' id='word_1_556' title='bbox 1941 3549 1997 3604; x_wconf 90' lang='lat' dir='ltr'><strong>Si</strong></span> <span class='ocrx_word' id='word_1_557' title='bbox 2040 3544 2340 3601; x_wconf 87' lang='lat' dir='ltr'><strong>ascendero</strong></span> <span class='ocrx_word' id='word_1_558' title='bbox 2390 3551 2555 3608; x_wconf 87' lang='lat' dir='ltr'><strong>super</strong></span> <span class='ocrx_word' id='word_1_559' title='bbox 2602 3535 2803 3589; x_wconf 90' lang='lat' dir='ltr'><strong>lectum</strong></span> <span class='ocrx_word' id='word_1_560' title='bbox 2855 3526 3009 3582; x_wconf 88' lang='lat' dir='ltr'><strong>strati</strong></span> <span class='ocrx_word' id='word_1_561' title='bbox 3048 3523 3179 3589; x_wconf 89' lang='lat' dir='ltr'><strong>mei,</strong></span> <span class='ocrx_word' id='word_1_562' title='bbox 3216 3521 3259 3575; x_wconf 87' lang='lat' dir='ltr'><strong>si</strong></span> <span class='ocrx_word' id='word_1_563' title='bbox 3291 3518 3495 3574; x_wconf 89' lang='lat' dir='ltr'><strong>dedero</strong></span> 
     </span>
    </p>
   </div>
   <div class='ocr_carea' id='block_1_79' title="bbox 1885 3610 3495 3694">
    <p class='ocr_par' dir='ltr' id='par_1_79' title="bbox 1885 3610 3495 3694">
     <span class='ocr_line' id='line_1_79' title="bbox 1885 3610 3495 3694; baseline -0.022 0"><span class='ocrx_word' id='word_1_564' title='bbox 1885 3654 2138 3694; x_wconf 89' lang='lat' dir='ltr'><strong>somnum</strong></span> <span class='ocrx_word' id='word_1_565' title='bbox 2182 3631 2359 3687; x_wconf 86' lang='lat' dir='ltr'><strong>oculis</strong></span> <span class='ocrx_word' id='word_1_566' title='bbox 2399 3628 2556 3690; x_wconf 89' lang='lat' dir='ltr'><strong>meis,</strong></span> <span class='ocrx_word' id='word_1_567' title='bbox 2597 3633 2690 3677; x_wconf 90' lang='lat' dir='ltr'><strong>aut</strong></span> <span class='ocrx_word' id='word_1_568' title='bbox 2736 3617 3012 3689; x_wconf 85' lang='lat' dir='ltr'><strong>palpebris</strong></span> <span class='ocrx_word' id='word_1_569' title='bbox 3047 3614 3184 3669; x_wconf 87' lang='lat' dir='ltr'><strong>meis</strong></span> <span class='ocrx_word' id='word_1_570' title='bbox 3222 3610 3495 3665; x_wconf 79' lang='lat' dir='ltr'><strong>dormita-</strong></span> 
     </span>
    </p>
   </div>
   <div class='ocr_carea' id='block_1_80' title="bbox 1887 3704 3495 3791">
    <p class='ocr_par' dir='ltr' id='par_1_80' title="bbox 1887 3704 3495 3791">
     <span class='ocr_line' id='line_1_80' title="bbox 1887 3704 3495 3791; baseline -0.021 -5"><span class='ocrx_word' id='word_1_571' title='bbox 1887 3732 2113 3791; x_wconf 89' lang='lat' dir='ltr'><strong>tionem,</strong></span> <span class='ocrx_word' id='word_1_572' title='bbox 2147 3735 2243 3780; x_wconf 90' lang='lat' dir='ltr'><strong>aut</strong></span> <span class='ocrx_word' id='word_1_573' title='bbox 2275 3720 2518 3791; x_wconf 89' lang='lat' dir='ltr'><strong>requiem</strong></span> <span class='ocrx_word' id='word_1_574' title='bbox 2550 3715 2889 3785; x_wconf 81' lang='lat' dir='ltr'><strong>temporibus</strong></span> <span class='ocrx_word' id='word_1_575' title='bbox 2933 3708 3093 3772; x_wconf 89' lang='lat' dir='ltr'><strong>meis,</strong></span> <span class='ocrx_word' id='word_1_576' title='bbox 3132 3707 3309 3759; x_wconf 86' lang='lat' dir='ltr'><strong>donec</strong></span> <span class='ocrx_word' id='word_1_577' title='bbox 3338 3704 3495 3757; x_wconf 82' lang='lat' dir='ltr'><strong>inve-</strong></span> 
     </span>
    </p>
   </div>
   <div class='ocr_carea' id='block_1_81' title="bbox 1888 3795 3492 3879">
    <p class='ocr_par' dir='ltr' id='par_1_81' title="bbox 1888 3795 3492 3879">
     <span class='ocr_line' id='line_1_81' title="bbox 1888 3795 3492 3879; baseline -0.021 -1"><span class='ocrx_word' id='word_1_578' title='bbox 1888 3824 2032 3878; x_wconf 87' lang='lat' dir='ltr'><strong>uiam</strong></span> <span class='ocrx_word' id='word_1_579' title='bbox 2066 3819 2243 3879; x_wconf 80' lang='lat' dir='ltr'><strong>locum</strong></span> <span class='ocrx_word' id='word_1_580' title='bbox 2281 3814 2534 3876; x_wconf 87' lang='lat' dir='ltr'><strong>Domino,</strong></span> <span class='ocrx_word' id='word_1_581' title='bbox 2575 3804 2987 3862; x_wconf 88' lang='lat' dir='ltr'><strong>tabernaculum</strong></span> <span class='ocrx_word' id='word_1_582' title='bbox 3026 3801 3136 3855; x_wconf 90' lang='lat' dir='ltr'><strong>Deo</strong></span> <span class='ocrx_word' id='word_1_583' title='bbox 3165 3795 3339 3852; x_wconf 77' lang='lat' dir='ltr'><strong>Jacob</strong></span> <span class='ocrx_word' id='word_1_584' title='bbox 3360 3795 3432 3846; x_wconf 81' lang='lat'><strong>&quot;.</strong></span> <span class='ocrx_word' id='word_1_585' title='bbox 3470 3812 3492 3845; x_wconf 68' lang='grc' dir='ltr'><strong>ι</strong></span> 
     </span>
    </p>
   </div>
   <div class='ocr_carea' id='block_1_82' title="bbox 1890 3889 3500 3974">
    <p class='ocr_par' dir='ltr' id='par_1_82' title="bbox 1890 3889 3500 3974">
     <span class='ocr_line' id='line_1_82' title="bbox 1890 3889 3500 3974; baseline -0.019 -5"><span class='ocrx_word' id='word_1_586' title='bbox 1890 3913 2096 3968; x_wconf 90' lang='lat' dir='ltr'><strong>Deinde</strong></span> <span class='ocrx_word' id='word_1_587' title='bbox 2137 3924 2260 3964; x_wconf 91' lang='lat' dir='ltr'><strong>cum</strong></span> <span class='ocrx_word' id='word_1_588' title='bbox 2309 3905 2359 3959; x_wconf 90' lang='lat' dir='ltr'><strong>id</strong></span> <span class='ocrx_word' id='word_1_589' title='bbox 2388 3916 2608 3974; x_wconf 84' lang='lat' dir='ltr'><strong>quoque</strong></span> <span class='ocrx_word' id='word_1_590' title='bbox 2660 3914 2755 3966; x_wconf 88' lang='lat' dir='ltr'><strong>per</strong></span> <span class='ocrx_word' id='word_1_591' title='bbox 2799 3896 3053 3966; x_wconf 87' lang='lat' dir='ltr'><strong>spiritum</strong></span> <span class='ocrx_word' id='word_1_592' title='bbox 3088 3889 3408 3960; x_wconf 89' lang='lat' dir='ltr'><strong>reperisset,</strong></span> <span class='ocrx_word' id='word_1_593' title='bbox 3443 3895 3500 3939; x_wconf 91' lang='lat' dir='ltr'><strong>et</strong></span> 
     </span>
    </p>
   </div>
   <div class='ocr_carea' id='block_1_83' title="bbox 1888 3980 3495 4071">
    <p class='ocr_par' dir='ltr' id='par_1_83' title="bbox 1888 3980 3495 4071">
     <span class='ocr_line' id='line_1_83' title="bbox 1888 3980 3495 4071; baseline -0.02 -9"><span class='ocrx_word' id='word_1_594' title='bbox 1888 4004 2128 4062; x_wconf 90' lang='lat' dir='ltr'><strong>carnalis</strong></span> <span class='ocrx_word' id='word_1_595' title='bbox 2172 3996 2539 4071; x_wconf 77' lang='lat' dir='ltr'><strong>generationis</strong></span> <span class='ocrx_word' id='word_1_596' title='bbox 2581 3989 2862 4062; x_wconf 85' lang='lat' dir='ltr'><strong>Unigeniti</strong></span> <span class='ocrx_word' id='word_1_597' title='bbox 2900 3987 3082 4040; x_wconf 90' lang='lat' dir='ltr'><strong>locum</strong></span> <span class='ocrx_word' id='word_1_598' title='bbox 3119 3980 3495 4053; x_wconf 78' lang='lat' dir='ltr'><strong>cognovisset,</strong></span> 
     </span>
    </p>
   </div>
   <div class='ocr_carea' id='block_1_84' title="bbox 1890 4078 3498 4165">
    <p class='ocr_par' dir='ltr' id='par_1_84' title="bbox 1890 4078 3498 4165">
     <span class='ocr_line' id='line_1_84' title="bbox 1890 4078 3498 4165; baseline -0.014 -13"><span class='ocrx_word' id='word_1_599' title='bbox 1890 4096 2303 4165; x_wconf 77' lang='lat' dir='ltr'><strong>evangelizahat</strong></span> <span class='ocrx_word' id='word_1_600' title='bbox 2372 4100 2428 4145; x_wconf 89' lang='lat' dir='ltr'><strong>et</strong></span> <span class='ocrx_word' id='word_1_601' title='bbox 2489 4085 2705 4141; x_wconf 84' lang='lat' dir='ltr'><strong>dicebat</strong></span> <span class='ocrx_word' id='word_1_602' title='bbox 2757 4101 2771 4139; x_wconf 90' lang='lat'><strong>:</strong></span> <span class='ocrx_word' id='word_1_603' title='bbox 2829 4100 2848 4134; x_wconf 75' lang='grc' dir='ltr'><strong>ι</strong></span> <span class='ocrx_word' id='word_1_604' title='bbox 2892 4079 3214 4134; x_wconf 77' lang='lat' dir='ltr'><strong>Audivimus</strong></span> <span class='ocrx_word' id='word_1_605' title='bbox 3262 4090 3383 4129; x_wconf 87' lang='lat' dir='ltr'><strong>eam</strong></span> <span class='ocrx_word' id='word_1_606' title='bbox 3446 4078 3498 4129; x_wconf 91' lang='lat' dir='ltr'><strong>in</strong></span> 
     </span>
    </p>
   </div>
   <div class='ocr_carea' id='block_1_85' title="bbox 1890 4170 3499 4260">
    <p class='ocr_par' dir='ltr' id='par_1_85' title="bbox 1890 4170 3499 4260">
     <span class='ocr_line' id='line_1_85' title="bbox 1890 4170 3499 4260; baseline -0.014 -14"><span class='ocrx_word' id='word_1_607' title='bbox 1890 4174 2158 4260; x_wconf 79' lang='lat' dir='ltr'><strong>prrata,</strong></span> <span class='ocrx_word' id='word_1_608' title='bbox 2190 4206 2207 4239; x_wconf 79' lang='grc' dir='ltr'><strong>ι</strong></span> <span class='ocrx_word' id='word_1_609' title='bbox 2248 4186 2298 4238; x_wconf 91' lang='lat' dir='ltr'><strong>id</strong></span> <span class='ocrx_word' id='word_1_610' title='bbox 2324 4194 2426 4249; x_wconf 88' lang='lat' dir='ltr'><strong>est,</strong></span> <span class='ocrx_word' id='word_1_611' title='bbox 2462 4184 2513 4235; x_wconf 90' lang='lat' dir='ltr'><strong>in</strong></span> <span class='ocrx_word' id='word_1_612' title='bbox 2549 4179 2870 4243; x_wconf 79' lang='lat' dir='ltr'><strong>Bethleem;</strong></span> <span class='ocrx_word' id='word_1_613' title='bbox 2906 4194 2926 4225; x_wconf 80' lang='grc' dir='ltr'><strong>ι</strong></span> <span class='ocrx_word' id='word_1_614' title='bbox 2954 4171 3263 4227; x_wconf 89' lang='lat' dir='ltr'><strong>invenimus</strong></span> <span class='ocrx_word' id='word_1_615' title='bbox 3294 4186 3417 4226; x_wconf 88' lang='lat' dir='ltr'><strong>eam</strong></span> <span class='ocrx_word' id='word_1_616' title='bbox 3447 4170 3499 4223; x_wconf 89' lang='lat' dir='ltr'><strong>in</strong></span> 
     </span>
    </p>
   </div>
   <div class='ocr_carea' id='block_1_86' title="bbox 1891 4264 3500 4351">
    <p class='ocr_par' dir='ltr' id='par_1_86' title="bbox 1891 4264 3500 4351">
     <span class='ocr_line' id='line_1_86' title="bbox 1891 4264 3500 4351; baseline -0.014 -13"><span class='ocrx_word' id='word_1_617' title='bbox 1891 4281 2101 4351; x_wconf 86' lang='lat' dir='ltr'><strong>campis</strong></span> <span class='ocrx_word' id='word_1_618' title='bbox 2129 4280 2280 4334; x_wconf 81' lang='lat' dir='ltr'><strong>silva:</strong></span> <span class='ocrx_word' id='word_1_619' title='bbox 2300 4278 2368 4331; x_wconf 65' lang='lat'><strong>&#39;9.</strong></span> <span class='ocrx_word' id='word_1_620' title='bbox 2406 4296 2424 4329; x_wconf 77' lang='grc' dir='ltr'><strong>ι</strong></span> <span class='ocrx_word' id='word_1_621' title='bbox 2472 4275 2628 4343; x_wconf 85' lang='lat' dir='ltr'><strong>Quod</strong></span> <span class='ocrx_word' id='word_1_622' title='bbox 2653 4287 2795 4327; x_wconf 80' lang='lat' dir='ltr'><strong>.vero</strong></span> <span class='ocrx_word' id='word_1_623' title='bbox 2821 4270 3011 4325; x_wconf 88' lang='lat' dir='ltr'><strong>dicens</strong></span> <span class='ocrx_word' id='word_1_624' title='bbox 3034 4268 3295 4335; x_wconf 82' lang='lat' dir='ltr'><strong>Ephrata,</strong></span> <span class='ocrx_word' id='word_1_625' title='bbox 3324 4264 3500 4334; x_wconf 86' lang='lat' dir='ltr'><strong>signi-</strong></span> 
     </span>
    </p>
   </div>
   <div class='ocr_carea' id='block_1_87' title="bbox 1895 4357 3501 4437">
    <p class='ocr_par' dir='ltr' id='par_1_87' title="bbox 1895 4357 3501 4437">
     <span class='ocr_line' id='line_1_87' title="bbox 1895 4357 3501 4437; baseline -0.014 -7"><span class='ocrx_word' id='word_1_626' title='bbox 1895 4376 2020 4431; x_wconf 81' lang='lat' dir='ltr'><strong>ﬁcet</strong></span> <span class='ocrx_word' id='word_1_627' title='bbox 2069 4373 2347 4427; x_wconf 82' lang='lat' dir='ltr'><strong>Bethleem</strong></span> <span class='ocrx_word' id='word_1_628' title='bbox 2379 4409 2393 4434; x_wconf 91' lang='lat'><strong>,</strong></span> <span class='ocrx_word' id='word_1_629' title='bbox 2441 4367 2706 4437; x_wconf 84' lang='lat' dir='ltr'><strong>propheta</strong></span> <span class='ocrx_word' id='word_1_630' title='bbox 2759 4360 3140 4430; x_wconf 85' lang='lat' dir='ltr'><strong>comprobavit</strong></span> <span class='ocrx_word' id='word_1_631' title='bbox 3187 4376 3201 4412; x_wconf 91' lang='lat'><strong>:</strong></span> <span class='ocrx_word' id='word_1_632' title='bbox 3256 4378 3273 4409; x_wconf 75' lang='grc' dir='ltr'><strong>ι</strong></span> <span class='ocrx_word' id='word_1_633' title='bbox 3308 4357 3373 4411; x_wconf 79' lang='lat' dir='ltr'><strong>Et</strong></span> <span class='ocrx_word' id='word_1_634' title='bbox 3408 4370 3501 4420; x_wconf 91' lang='lat' dir='ltr'><strong>tu,</strong></span> 
     </span>
    </p>
   </div>
   <div class='ocr_carea' id='block_1_88' title="bbox 1854 4451 3505 4527">
    <p class='ocr_par' dir='ltr' id='par_1_88' title="bbox 1854 4451 3505 4527">
     <span class='ocr_line' id='line_1_88' title="bbox 1854 4451 3505 4527; baseline -0.013 -7"><span class='ocrx_word' id='word_1_635' title='bbox 1854 4472 1859 4477; x_wconf 71' lang='grc'><strong>“</strong></span> <span class='ocrx_word' id='word_1_636' title='bbox 1896 4464 2197 4525; x_wconf 80' lang='lat' dir='ltr'><strong>Bethleem,</strong></span> <span class='ocrx_word' id='word_1_637' title='bbox 2227 4461 2419 4515; x_wconf 84' lang='lat' dir='ltr'><strong>domus</strong></span> <span class='ocrx_word' id='word_1_638' title='bbox 2453 4458 2689 4527; x_wconf 79' lang='lat' dir='ltr'><strong>prrata</strong></span> <span class='ocrx_word' id='word_1_639' title='bbox 2722 4455 2789 4508; x_wconf 77' lang='grc'><strong>³⁸.</strong></span> <span class='ocrx_word' id='word_1_640' title='bbox 2824 4473 2841 4507; x_wconf 79' lang='grc' dir='ltr'><strong>ι</strong></span> <span class='ocrx_word' id='word_1_641' title='bbox 2882 4451 3124 4508; x_wconf 84' lang='lat' dir='ltr'><strong>Observa</strong></span> <span class='ocrx_word' id='word_1_642' title='bbox 3155 4459 3338 4502; x_wconf 86' lang='lat' dir='ltr'><strong>autem</strong></span> <span class='ocrx_word' id='word_1_643' title='bbox 3374 4464 3505 4521; x_wconf 79' lang='lat' dir='ltr'><strong>quo-</strong></span> 
     </span>
    </p>
   </div>
   <div class='ocr_carea' id='block_1_89' title="bbox 1898 4524 3513 4621">
    <p class='ocr_par' dir='ltr' id='par_1_89' title="bbox 1898 4524 3513 4621">
     <span class='ocr_line' id='line_1_89' title="bbox 1898 4524 3513 4621; baseline -0.011 -10"><span class='ocrx_word' id='word_1_644' title='bbox 1898 4557 2059 4611; x_wconf 89' lang='lat' dir='ltr'><strong>modo</strong></span> <span class='ocrx_word' id='word_1_645' title='bbox 2097 4570 2246 4616; x_wconf 89' lang='lat' dir='ltr'><strong>eum,</strong></span> <span class='ocrx_word' id='word_1_646' title='bbox 2283 4566 2444 4621; x_wconf 90' lang='lat' dir='ltr'><strong>quem</strong></span> <span class='ocrx_word' id='word_1_647' title='bbox 2485 4548 2798 4605; x_wconf 85' lang='lat' dir='ltr'><strong>crediderat</strong></span> <span class='ocrx_word' id='word_1_648' title='bbox 2825 4554 3075 4601; x_wconf 87' lang='lat' dir='ltr'><strong>creatum</strong></span> <span class='ocrx_word' id='word_1_649' title='bbox 3096 4543 3254 4613; x_wconf 73' lang='lat' dir='ltr'><strong>juxta</strong></span> <span class='ocrx_word' id='word_1_650' title='bbox 3308 4556 3409 4596; x_wconf 90' lang='lat' dir='ltr'><strong>nos</strong></span> <span class='ocrx_word' id='word_1_651' title='bbox 3448 4524 3513 4594; x_wconf 64' lang='lat' dir='ltr'><strong>iri</strong></span> 
     </span>
    </p>
   </div>
   <div class='ocr_carea' id='block_1_90' title="bbox 199 4635 1775 4719">
    <p class='ocr_par' dir='ltr' id='par_1_90' title="bbox 199 4636 1775 4706">
     <span class='ocr_line' id='line_1_90' title="bbox 199 4636 1775 4706; baseline -0.008 -4"><span class='ocrx_word' id='word_1_652' title='bbox 199 4647 381 4702; x_wconf 82' lang='lat' dir='ltr'><strong>credit</strong></span> <span class='ocrx_word' id='word_1_653' title='bbox 407 4646 460 4697; x_wconf 92' lang='lat' dir='ltr'><strong>in</strong></span> <span class='ocrx_word' id='word_1_654' title='bbox 502 4656 607 4706; x_wconf 83' lang='lat' dir='ltr'><strong>tne,</strong></span> <span class='ocrx_word' id='word_1_655' title='bbox 638 4658 743 4695; x_wconf 84' lang='lat' dir='ltr'><strong>non</strong></span> <span class='ocrx_word' id='word_1_656' title='bbox 770 4640 946 4695; x_wconf 89' lang='lat' dir='ltr'><strong>credit</strong></span> <span class='ocrx_word' id='word_1_657' title='bbox 976 4640 1029 4693; x_wconf 91' lang='lat' dir='ltr'><strong>in</strong></span> <span class='ocrx_word' id='word_1_658' title='bbox 1056 4654 1162 4702; x_wconf 88' lang='lat' dir='ltr'><strong>me,</strong></span> <span class='ocrx_word' id='word_1_659' title='bbox 1198 4638 1291 4692; x_wconf 83' lang='lat' dir='ltr'><strong>sed</strong></span> <span class='ocrx_word' id='word_1_660' title='bbox 1320 4638 1372 4690; x_wconf 91' lang='lat' dir='ltr'><strong>iu</strong></span> <span class='ocrx_word' id='word_1_661' title='bbox 1403 4652 1525 4692; x_wconf 90' lang='lat' dir='ltr'><strong>eum</strong></span> <span class='ocrx_word' id='word_1_662' title='bbox 1559 4637 1649 4704; x_wconf 90' lang='lat' dir='ltr'><strong>qui</strong></span> <span class='ocrx_word' id='word_1_663' title='bbox 1683 4636 1775 4689; x_wconf 83' lang='lat' dir='ltr'><strong>mi-</strong></span> 
     </span>
    </p>
   </div>
   <div class='ocr_carea' id='block_1_91' title="bbox 1886 4635 3507 4719">
    <p class='ocr_par' dir='ltr' id='par_1_91' title="bbox 1894 4635 3507 4719">
     <span class='ocr_line' id='line_1_91' title="bbox 1894 4635 3507 4719; baseline -0.012 -14"><span class='ocrx_word' id='word_1_664' title='bbox 1894 4650 2157 4719; x_wconf 78' lang='lat' dir='ltr'><strong>Ephrata,</strong></span> <span class='ocrx_word' id='word_1_665' title='bbox 2209 4645 2377 4699; x_wconf 89' lang='lat' dir='ltr'><strong>Deum</strong></span> <span class='ocrx_word' id='word_1_666' title='bbox 2423 4642 2591 4698; x_wconf 80' lang='lat' dir='ltr'><strong>Jacnh</strong></span> <span class='ocrx_word' id='word_1_667' title='bbox 2645 4640 2909 4702; x_wconf 87' lang='lat' dir='ltr'><strong>nominet,</strong></span> <span class='ocrx_word' id='word_1_668' title='bbox 2968 4637 3127 4707; x_wconf 83' lang='lat' dir='ltr'><strong>cujus</strong></span> <span class='ocrx_word' id='word_1_669' title='bbox 3180 4635 3507 4689; x_wconf 82' lang='lat' dir='ltr'><strong>inhabitatiu</strong></span> 
     </span>
    </p>
   </div>
   <div class='ocr_carea' id='block_1_92' title="bbox 199 4728 1788 4800">
    <p class='ocr_par' dir='ltr' id='par_1_92' title="bbox 199 4728 1788 4800">
     <span class='ocr_line' id='line_1_92' title="bbox 199 4728 1788 4800; baseline -0.006 -8"><span class='ocrx_word' id='word_1_670' title='bbox 199 4740 272 4792; x_wconf 89' lang='lat' dir='ltr'><strong>sit</strong></span> <span class='ocrx_word' id='word_1_671' title='bbox 318 4737 505 4800; x_wconf 80' lang='lat' dir='ltr'><strong>me“;</strong></span> <span class='ocrx_word' id='word_1_672' title='bbox 536 4754 554 4786; x_wconf 79' lang='grc' dir='ltr'><strong>ι</strong></span> <span class='ocrx_word' id='word_1_673' title='bbox 588 4744 641 4787; x_wconf 89' lang='lat' dir='ltr'><strong>et</strong></span> <span class='ocrx_word' id='word_1_674' title='bbox 676 4751 687 4786; x_wconf 93' lang='lat'><strong>:</strong></span> <span class='ocrx_word' id='word_1_675' title='bbox 729 4751 745 4783; x_wconf 81' lang='grc' dir='ltr'><strong>ι</strong></span> <span class='ocrx_word' id='word_1_676' title='bbox 780 4730 882 4799; x_wconf 83' lang='lat' dir='ltr'><strong>Qui</strong></span> <span class='ocrx_word' id='word_1_677' title='bbox 912 4730 1044 4785; x_wconf 87' lang='lat' dir='ltr'><strong>vidit</strong></span> <span class='ocrx_word' id='word_1_678' title='bbox 1076 4744 1183 4795; x_wconf 89' lang='lat' dir='ltr'><strong>me,</strong></span> <span class='ocrx_word' id='word_1_679' title='bbox 1236 4730 1369 4783; x_wconf 88' lang='lat' dir='ltr'><strong>vidit</strong></span> <span class='ocrx_word' id='word_1_680' title='bbox 1401 4744 1526 4783; x_wconf 91' lang='lat' dir='ltr'><strong>eum</strong></span> <span class='ocrx_word' id='word_1_681' title='bbox 1559 4728 1648 4798; x_wconf 87' lang='lat' dir='ltr'><strong>qui</strong></span> <span class='ocrx_word' id='word_1_682' title='bbox 1688 4730 1788 4782; x_wconf 87' lang='lat' dir='ltr'><strong>mi-</strong></span> 
     </span>
    </p>
   </div>
   <div class='ocr_carea' id='block_1_93' title="bbox 199 4829 531 4885">
    <p class='ocr_par' dir='ltr' id='par_1_93' title="bbox 199 4829 531 4885">
     <span class='ocr_line' id='line_1_93' title="bbox 199 4829 531 4885; baseline -0.018 0"><span class='ocrx_word' id='word_1_683' title='bbox 199 4832 268 4885; x_wconf 69' lang='lat' dir='ltr'><strong>ai&#39;</strong></span> <span class='ocrx_word' id='word_1_684' title='bbox 304 4846 390 4881; x_wconf 89' lang='lat' dir='ltr'><strong>me</strong></span> <span class='ocrx_word' id='word_1_685' title='bbox 414 4829 480 4880; x_wconf 83' lang='grc'><strong>³³.</strong></span> <span class='ocrx_word' id='word_1_686' title='bbox 512 4846 531 4879; x_wconf 72' lang='grc' dir='ltr'><strong>ο</strong></span> 
     </span>
    </p>
   </div>
   <div class='ocr_carea' id='block_1_94' title="bbox 276 4914 1795 4984">
    <p class='ocr_par' dir='ltr' id='par_1_94' title="bbox 276 4914 1795 4984">
     <span class='ocr_line' id='line_1_94' title="bbox 276 4914 1795 4984; baseline -0.001 -12"><span class='ocrx_word' id='word_1_687' title='bbox 276 4938 295 4972; x_wconf 73' lang='grc' dir='ltr'><strong>ι</strong></span> <span class='ocrx_word' id='word_1_688' title='bbox 328 4920 522 4973; x_wconf 81' lang='lat' dir='ltr'><strong>Audite</strong></span> <span class='ocrx_word' id='word_1_689' title='bbox 567 4934 674 4981; x_wconf 87' lang='lat' dir='ltr'><strong>me,</strong></span> <span class='ocrx_word' id='word_1_690' title='bbox 716 4914 927 4979; x_wconf 62' lang='lat' dir='ltr'><strong>insnlze,</strong></span> <span class='ocrx_word' id='word_1_691' title='bbox 975 4924 1029 4969; x_wconf 90' lang='lat' dir='ltr'><strong>et</strong></span> <span class='ocrx_word' id='word_1_692' title='bbox 1078 4914 1361 4979; x_wconf 88' lang='lat' dir='ltr'><strong>attendite,</strong></span> <span class='ocrx_word' id='word_1_693' title='bbox 1406 4924 1617 4984; x_wconf 85' lang='lat' dir='ltr'><strong>gentes.</strong></span> <span class='ocrx_word' id='word_1_694' title='bbox 1666 4915 1795 4970; x_wconf 84' lang='lat' dir='ltr'><strong>Post</strong></span> 
     </span>
    </p>
   </div>
   <div class='ocr_carea' id='block_1_95' title="bbox 204 5008 1794 5081">
    <p class='ocr_par' dir='ltr' id='par_1_95' title="bbox 204 5008 1794 5081">
     <span class='ocr_line' id='line_1_95' title="bbox 204 5008 1794 5081; baseline -0.002 -14"><span class='ocrx_word' id='word_1_695' title='bbox 204 5013 433 5068; x_wconf 90' lang='lat' dir='ltr'><strong>multum</strong></span> <span class='ocrx_word' id='word_1_696' title='bbox 486 5012 745 5081; x_wconf 89' lang='lat' dir='ltr'><strong>temporis</strong></span> <span class='ocrx_word' id='word_1_697' title='bbox 775 5010 962 5072; x_wconf 86' lang='lat' dir='ltr'><strong>stabit,</strong></span> <span class='ocrx_word' id='word_1_698' title='bbox 997 5008 1127 5062; x_wconf 89' lang='lat' dir='ltr'><strong>dicit</strong></span> <span class='ocrx_word' id='word_1_699' title='bbox 1170 5008 1469 5074; x_wconf 86' lang='lat' dir='ltr'><strong>Dominus;</strong></span> <span class='ocrx_word' id='word_1_700' title='bbox 1518 5023 1583 5062; x_wconf 81' lang='lat' dir='ltr'><strong>ex</strong></span> <span class='ocrx_word' id='word_1_701' title='bbox 1638 5020 1794 5064; x_wconf 87' lang='lat' dir='ltr'><strong>utero</strong></span> 
     </span>
    </p>
   </div>
   <div class='ocr_carea' id='block_1_96' title="bbox 204 5100 1792 5161">
    <p class='ocr_par' dir='ltr' id='par_1_96' title="bbox 204 5100 1792 5161">
     <span class='ocr_line' id='line_1_96' title="bbox 204 5100 1792 5161; baseline -0.003 0"><span class='ocrx_word' id='word_1_702' title='bbox 204 5106 399 5161; x_wconf 88' lang='lat' dir='ltr'><strong>matris</strong></span> <span class='ocrx_word' id='word_1_703' title='bbox 442 5106 718 5159; x_wconf 81' lang='lat' dir='ltr'><strong>vocabunt</strong></span> <span class='ocrx_word' id='word_1_704' title='bbox 763 5116 957 5156; x_wconf 91' lang='lat' dir='ltr'><strong>nomen</strong></span> <span class='ocrx_word' id='word_1_705' title='bbox 997 5116 1175 5154; x_wconf 89' lang='lat' dir='ltr'><strong>meum</strong></span> <span class='ocrx_word' id='word_1_706' title='bbox 1200 5100 1268 5154; x_wconf 70' lang='lat'><strong>“.</strong></span> <span class='ocrx_word' id='word_1_707' title='bbox 1305 5119 1324 5151; x_wconf 76' lang='grc' dir='ltr'><strong>ι</strong></span> <span class='ocrx_word' id='word_1_708' title='bbox 1372 5102 1507 5155; x_wconf 74' lang='lat' dir='ltr'><strong>(lum</strong></span> <span class='ocrx_word' id='word_1_709' title='bbox 1554 5100 1792 5157; x_wconf 90' lang='lat' dir='ltr'><strong>Verbum</strong></span> 
     </span>
    </p>
   </div>
   <div class='ocr_carea' id='block_1_97' title="bbox 202 5192 1792 5264">
    <p class='ocr_par' dir='ltr' id='par_1_97' title="bbox 202 5192 1792 5264">
     <span class='ocr_line' id='line_1_97' title="bbox 202 5192 1792 5264; baseline -0.004 -11"><span class='ocrx_word' id='word_1_710' title='bbox 202 5200 274 5253; x_wconf 88' lang='lat' dir='ltr'><strong>sit</strong></span> <span class='ocrx_word' id='word_1_711' title='bbox 303 5196 470 5258; x_wconf 88' lang='lat' dir='ltr'><strong>Deus,</strong></span> <span class='ocrx_word' id='word_1_712' title='bbox 496 5211 602 5249; x_wconf 90' lang='lat' dir='ltr'><strong>non</strong></span> <span class='ocrx_word' id='word_1_713' title='bbox 629 5194 903 5264; x_wconf 82' lang='lat' dir='ltr'><strong>ignoravit</strong></span> <span class='ocrx_word' id='word_1_714' title='bbox 924 5194 1068 5262; x_wconf 87' lang='lat' dir='ltr'><strong>quod</strong></span> <span class='ocrx_word' id='word_1_715' title='bbox 1094 5192 1499 5261; x_wconf 75' lang='lat' dir='ltr'><strong>generationem</strong></span> <span class='ocrx_word' id='word_1_716' title='bbox 1532 5193 1792 5260; x_wconf 87' lang='lat' dir='ltr'><strong>patietur,</strong></span> 
     </span>
    </p>
   </div>
   <div class='ocr_carea' id='block_1_98' title="bbox 203 5282 1794 5353">
    <p class='ocr_par' dir='ltr' id='par_1_98' title="bbox 203 5282 1794 5353">
     <span class='ocr_line' id='line_1_98' title="bbox 203 5282 1794 5353; baseline -0.004 -8"><span class='ocrx_word' id='word_1_717' title='bbox 203 5306 273 5345; x_wconf 79' lang='lat' dir='ltr'><strong>ex</strong></span> <span class='ocrx_word' id='word_1_718' title='bbox 308 5288 538 5343; x_wconf 89' lang='lat' dir='ltr'><strong>muliere</strong></span> <span class='ocrx_word' id='word_1_719' title='bbox 580 5288 921 5342; x_wconf 89' lang='lat' dir='ltr'><strong>incarnatum</strong></span> <span class='ocrx_word' id='word_1_720' title='bbox 954 5295 1176 5353; x_wconf 85' lang='lat' dir='ltr'><strong>propter</strong></span> <span class='ocrx_word' id='word_1_721' title='bbox 1209 5298 1307 5338; x_wconf 90' lang='lat' dir='ltr'><strong>nos</strong></span> <span class='ocrx_word' id='word_1_722' title='bbox 1359 5282 1579 5339; x_wconf 83' lang='lat' dir='ltr'><strong>Sciebat</strong></span> <span class='ocrx_word' id='word_1_723' title='bbox 1615 5296 1794 5340; x_wconf 89' lang='lat' dir='ltr'><strong>autem</strong></span> 
     </span>
    </p>
   </div>
   <div class='ocr_carea' id='block_1_99' title="bbox 206 5374 1796 5451">
    <p class='ocr_par' dir='ltr' id='par_1_99' title="bbox 206 5374 1796 5451">
     <span class='ocr_line' id='line_1_99' title="bbox 206 5374 1796 5451; baseline -0.003 -15"><span class='ocrx_word' id='word_1_724' title='bbox 206 5383 353 5451; x_wconf 89' lang='lat' dir='ltr'><strong>quod</strong></span> <span class='ocrx_word' id='word_1_725' title='bbox 400 5379 687 5434; x_wconf 88' lang='lat' dir='ltr'><strong>vocabitur</strong></span> <span class='ocrx_word' id='word_1_726' title='bbox 740 5378 993 5433; x_wconf 87' lang='lat' dir='ltr'><strong>Christus</strong></span> <span class='ocrx_word' id='word_1_727' title='bbox 1036 5376 1194 5431; x_wconf 74' lang='lat' dir='ltr'><strong>Iesus</strong></span> <span class='ocrx_word' id='word_1_728' title='bbox 1243 5392 1271 5429; x_wconf 89' lang='lat' dir='ltr'><strong>a</strong></span> <span class='ocrx_word' id='word_1_729' title='bbox 1325 5382 1435 5431; x_wconf 73' lang='grc' dir='ltr'><strong>ι)εο</strong></span> <span class='ocrx_word' id='word_1_730' title='bbox 1491 5390 1544 5432; x_wconf 83' lang='grc' dir='ltr'><strong>ει</strong></span> <span class='ocrx_word' id='word_1_731' title='bbox 1600 5374 1796 5442; x_wconf 63' lang='lat' dir='ltr'><strong>Patre;</strong></span> 
     </span>
    </p>
   </div>
   <div class='ocr_carea' id='block_1_100' title="bbox 207 5469 1798 5541">
    <p class='ocr_par' dir='ltr' id='par_1_100' title="bbox 207 5469 1798 5541">
     <span class='ocr_line' id='line_1_100' title="bbox 207 5469 1798 5541; baseline -0.003 -11"><span class='ocrx_word' id='word_1_732' title='bbox 207 5473 463 5531; x_wconf 87' lang='lat' dir='ltr'><strong>omnibus</strong></span> <span class='ocrx_word' id='word_1_733' title='bbox 508 5471 668 5527; x_wconf 86' lang='lat' dir='ltr'><strong>nobis</strong></span> <span class='ocrx_word' id='word_1_734' title='bbox 703 5486 897 5525; x_wconf 88' lang='lat' dir='ltr'><strong>novum</strong></span> <span class='ocrx_word' id='word_1_735' title='bbox 927 5469 1025 5526; x_wconf 79' lang='lat' dir='ltr'><strong>lilii</strong></span> <span class='ocrx_word' id='word_1_736' title='bbox 1062 5485 1260 5524; x_wconf 87' lang='lat' dir='ltr'><strong>nomen</strong></span> <span class='ocrx_word' id='word_1_737' title='bbox 1294 5471 1615 5539; x_wconf 68' lang='lat' dir='ltr'><strong>prcedrcans,</strong></span> <span class='ocrx_word' id='word_1_738' title='bbox 1654 5476 1798 5541; x_wconf 83' lang='lat' dir='ltr'><strong>quod</strong></span> 
     </span>
    </p>
   </div>
   <div class='ocr_carea' id='block_1_101' title="bbox 283 5689 1788 5759">
    <p class='ocr_par' dir='ltr' id='par_1_101' title="bbox 283 5689 1788 5759">
     <span class='ocr_line' id='line_1_101' title="bbox 283 5689 1788 5759; baseline -0.004 -6"><span class='ocrx_word' id='word_1_739' title='bbox 283 5699 328 5731; x_wconf 83' lang='lat'><strong>&quot;</strong></span> <span class='ocrx_word' id='word_1_740' title='bbox 363 5698 465 5752; x_wconf 87' lang='lat' dir='ltr'><strong>Isa.</strong></span> <span class='ocrx_word' id='word_1_741' title='bbox 512 5710 608 5756; x_wconf 85' lang='lat' dir='ltr'><strong>vn,</strong></span> <span class='ocrx_word' id='word_1_742' title='bbox 642 5694 727 5756; x_wconf 66' lang='lat' dir='ltr'><strong>li,</strong></span> <span class='ocrx_word' id='word_1_743' title='bbox 753 5693 906 5759; x_wconf 76' lang='lat' dir='ltr'><strong>juxta</strong></span> <span class='ocrx_word' id='word_1_744' title='bbox 947 5689 1135 5743; x_wconf 74' lang='lat' dir='ltr'><strong>Matth.</strong></span> <span class='ocrx_word' id='word_1_745' title='bbox 1172 5702 1226 5745; x_wconf 92' lang='lat' dir='ltr'><strong>et</strong></span> <span class='ocrx_word' id='word_1_746' title='bbox 1262 5691 1448 5759; x_wconf 85' lang='lat' dir='ltr'><strong>Cyrilli</strong></span> <span class='ocrx_word' id='word_1_747' title='bbox 1482 5693 1788 5749; x_wconf 90' lang='lat' dir='ltr'><strong>lectionem.</strong></span> 
     </span>
    </p>
   </div>
   <div class='ocr_carea' id='block_1_102' title="bbox 212 5763 1685 5826">
    <p class='ocr_par' dir='ltr' id='par_1_102' title="bbox 212 5763 1685 5826">
     <span class='ocr_line' id='line_1_102' title="bbox 212 5763 1685 5826; baseline -0.002 -4"><span class='ocrx_word' id='word_1_748' title='bbox 212 5769 422 5824; x_wconf 77' lang='lat' dir='ltr'><strong>Coloss.</strong></span> <span class='ocrx_word' id='word_1_749' title='bbox 464 5784 505 5826; x_wconf 85' lang='grc' dir='ltr'>ι.</span> <span class='ocrx_word' id='word_1_750' title='bbox 533 5766 623 5819; x_wconf 73' lang='lat'><strong>9.0.</strong></span> <span class='ocrx_word' id='word_1_751' title='bbox 708 5768 749 5797; x_wconf 80' lang='lat'><em>&quot;</em></span> <span class='ocrx_word' id='word_1_752' title='bbox 782 5763 936 5815; x_wconf 73' lang='lat' dir='ltr'><strong>Itoni.</strong></span> <span class='ocrx_word' id='word_1_753' title='bbox 968 5778 1017 5813; x_wconf 82' lang='grc' dir='ltr'><strong>ν.</strong></span> <span class='ocrx_word' id='word_1_754' title='bbox 1049 5764 1133 5815; x_wconf 85' lang='grc'><strong>10.</strong></span> <span class='ocrx_word' id='word_1_755' title='bbox 1213 5764 1257 5793; x_wconf 71' lang='grc' dir='ltr'><strong>³ο</strong></span> <span class='ocrx_word' id='word_1_756' title='bbox 1296 5763 1454 5816; x_wconf 83' lang='lat' dir='ltr'><strong>.loan.</strong></span> <span class='ocrx_word' id='word_1_757' title='bbox 1484 5780 1563 5822; x_wconf 87' lang='grc' dir='ltr'>ιιι.</span> <span class='ocrx_word' id='word_1_758' title='bbox 1602 5767 1685 5820; x_wconf 75' lang='lat' dir='ltr'><strong>I6.</strong></span> 
     </span>
    </p>
   </div>
   <div class='ocr_carea' id='block_1_103' title="bbox 598 5906 1002 5965">
    <p class='ocr_par' dir='ltr' id='par_1_103' title="bbox 598 5906 1002 5965">
     <span class='ocr_line' id='line_1_103' title="bbox 598 5906 1002 5965; baseline -0.015 -2"><span class='ocrx_word' id='word_1_759' title='bbox 598 5908 639 5938; x_wconf 70' lang='grc'><strong>⁵⁸</strong></span> <span class='ocrx_word' id='word_1_760' title='bbox 669 5906 826 5964; x_wconf 66' lang='lat' dir='ltr'><strong>)lnh.</strong></span> <span class='ocrx_word' id='word_1_761' title='bbox 865 5921 914 5965; x_wconf 78' lang='grc' dir='ltr'><strong>ι’.</strong></span> <span class='ocrx_word' id='word_1_762' title='bbox 950 5906 1002 5957; x_wconf 60' lang='grc'><strong>2.</strong></span> 
     </span>
    </p>
   </div>
   <div class='ocr_carea' id='block_1_104' title="bbox 220 5905 1620 5969">
    <p class='ocr_par' dir='ltr' id='par_1_104' title="bbox 220 5905 1620 5969">
     <span class='ocr_line' id='line_1_104' title="bbox 220 5905 1620 5969; baseline -0.013 0"><span class='ocrx_word' id='word_1_763' title='bbox 220 5913 262 5944; x_wconf 82' lang='lat'>&quot;</span> <span class='ocrx_word' id='word_1_764' title='bbox 292 5914 423 5969; x_wconf 81' lang='lat' dir='ltr'><strong>tbtd.</strong></span> <span class='ocrx_word' id='word_1_765' title='bbox 458 5905 516 5966; x_wconf 73' lang='lat'><strong>6.</strong></span> <span class='ocrx_word' id='word_1_766' title='bbox 598 5908 639 5938; x_wconf 70' lang='grc'><strong>⁵⁸</strong></span> <span class='ocrx_word' id='word_1_767' title='bbox 669 5906 826 5964; x_wconf 70' lang='lat' dir='ltr'><strong>Mttb.</strong></span> <span class='ocrx_word' id='word_1_768' title='bbox 865 5921 914 5965; x_wconf 72' lang='grc' dir='ltr'><strong>ι’.</strong></span> <span class='ocrx_word' id='word_1_769' title='bbox 950 5906 1002 5957; x_wconf 68' lang='lat' dir='ltr'><strong>&#39;L&#39;.</strong></span> <span class='ocrx_word' id='word_1_770' title='bbox 1092 5907 1123 5933; x_wconf 90' lang='lat'><em>&quot;</em></span> <span class='ocrx_word' id='word_1_771' title='bbox 1166 5905 1306 5960; x_wconf 71' lang='lat' dir='ltr'><strong>I‘sal.</strong></span> <span class='ocrx_word' id='word_1_772' title='bbox 1356 5921 1496 5969; x_wconf 75' lang='grc' dir='ltr'>ιιιι,</span> <span class='ocrx_word' id='word_1_773' title='bbox 1540 5908 1620 5959; x_wconf 73' lang='lat' dir='ltr'><strong>lt).</strong></span> 
     </span>
    </p>
   </div>
   <div class='ocr_carea' id='block_1_105' title="bbox 217 5765 1775 5907">
    <p class='ocr_par' dir='ltr' id='par_1_105' title="bbox 217 5765 1775 5907">
     <span class='ocr_line' id='line_1_105' title="bbox 217 5765 1775 5826; baseline -0.005 -4"><span class='ocrx_word' id='word_1_774' title='bbox 217 5769 422 5824; x_wconf 78' lang='lat' dir='ltr'><strong>Coloss.</strong></span> <span class='ocrx_word' id='word_1_775' title='bbox 464 5784 505 5826; x_wconf 84' lang='grc' dir='ltr'>ι.</span> <span class='ocrx_word' id='word_1_776' title='bbox 533 5766 623 5819; x_wconf 73' lang='lat'><strong>9.0.</strong></span> <span class='ocrx_word' id='word_1_777' title='bbox 708 5768 749 5797; x_wconf 80' lang='lat'><strong>&quot;</strong></span> <span class='ocrx_word' id='word_1_778' title='bbox 782 5765 936 5815; x_wconf 72' lang='lat' dir='ltr'><strong>liorn.</strong></span> <span class='ocrx_word' id='word_1_779' title='bbox 968 5778 1017 5813; x_wconf 81' lang='grc' dir='ltr'><strong>ν.</strong></span> <span class='ocrx_word' id='word_1_780' title='bbox 1049 5765 1133 5815; x_wconf 85' lang='grc'><strong>10.</strong></span> <span class='ocrx_word' id='word_1_781' title='bbox 1213 5765 1257 5793; x_wconf 78' lang='grc'><strong>²⁰</strong></span> <span class='ocrx_word' id='word_1_782' title='bbox 1296 5765 1454 5816; x_wconf 83' lang='lat' dir='ltr'><strong>.luan.</strong></span> <span class='ocrx_word' id='word_1_783' title='bbox 1484 5780 1563 5822; x_wconf 86' lang='grc' dir='ltr'>ιιι.</span> <span class='ocrx_word' id='word_1_784' title='bbox 1602 5767 1685 5820; x_wconf 76' lang='lat' dir='ltr'><strong>I6.</strong></span> <span class='ocrx_word' id='word_1_785' title='bbox 1766 5768 1775 5797; x_wconf 80' lang='grc'>¹</span> 
     </span>
     <span class='ocr_line' id='line_1_106' title="bbox 217 5831 1769 5907; baseline -0.01 -14"><span class='ocrx_word' id='word_1_786' title='bbox 217 5857 359 5901; x_wconf 66' lang='lat' dir='ltr'><strong>nux,</strong></span> <span class='ocrx_word' id='word_1_787' title='bbox 397 5840 446 5903; x_wconf 85' lang='lat' dir='ltr'><strong>I,</strong></span> <span class='ocrx_word' id='word_1_788' title='bbox 498 5833 876 5907; x_wconf 24' lang='lat' dir='ltr'><strong>jnxlaﬂlﬁx.</strong></span> <span class='ocrx_word' id='word_1_789' title='bbox 910 5834 974 5907; x_wconf 15' lang='lat'><strong>&quot;7</strong></span> <span class='ocrx_word' id='word_1_790' title='bbox 1019 5831 1057 5886; x_wconf 89' lang='lat' dir='ltr'><strong>II</strong></span> <span class='ocrx_word' id='word_1_791' title='bbox 1113 5832 1346 5907; x_wconf 69' lang='lat' dir='ltr'><strong>I’nralip.</strong></span> <span class='ocrx_word' id='word_1_792' title='bbox 1405 5849 1477 5897; x_wconf 84' lang='lat' dir='ltr'><strong>\‘I,</strong></span> <span class='ocrx_word' id='word_1_793' title='bbox 1518 5835 1599 5892; x_wconf 73' lang='lat' dir='ltr'><strong>I7,</strong></span> <span class='ocrx_word' id='word_1_794' title='bbox 1657 5838 1769 5907; x_wconf 65' lang='grc' dir='ltr'><strong>Ῑηχι</strong></span> 
     </span>
    </p>
   </div>
   <div class='ocr_carea' id='block_1_106' title="bbox 1886 5765 2250 5907">
    <p class='ocr_par' dir='ltr' id='par_1_106' title="bbox 1886 5769 2250 5896">
     <span class='ocr_line' id='line_1_107' title="bbox 1886 5769 2250 5826; baseline 0.011 -8"><span class='ocrx_word' id='word_1_795' title='bbox 1886 5784 2007 5820; x_wconf 83' lang='lat' dir='ltr'><strong>nan.</strong></span> <span class='ocrx_word' id='word_1_796' title='bbox 2058 5786 2129 5826; x_wconf 89' lang='grc' dir='ltr'>ιι.</span> <span class='ocrx_word' id='word_1_797' title='bbox 2162 5769 2250 5822; x_wconf 97' lang='grc'><strong>47.</strong></span> 
     </span>
     <span class='ocr_line' id='line_1_108' title="bbox 1886 5838 2250 5896; baseline 0.005 -4"><span class='ocrx_word' id='word_1_798' title='bbox 1886 5838 2010 5893; x_wconf 54' lang='grc' dir='ltr'><strong>ηΧΧ.</strong></span> <span class='ocrx_word' id='word_1_799' title='bbox 2094 5839 2250 5896; x_wconf 74' lang='lat' dir='ltr'><strong>&quot;Ps.</strong></span> 
     </span>
    </p>
   </div>
   <div class='ocr_carea' id='block_1_107' title="bbox 1902 4726 3503 4801">
    <p class='ocr_par' dir='ltr' id='par_1_107' title="bbox 1902 4726 3503 4801">
     <span class='ocr_line' id='line_1_109' title="bbox 1902 4726 3503 4801; baseline -0.012 -6"><span class='ocrx_word' id='word_1_800' title='bbox 1902 4740 2001 4796; x_wconf 79' lang='lat' dir='ltr'><strong>fuit</strong></span> <span class='ocrx_word' id='word_1_801' title='bbox 2037 4740 2088 4792; x_wconf 92' lang='lat' dir='ltr'><strong>in</strong></span> <span class='ocrx_word' id='word_1_802' title='bbox 2123 4736 2479 4790; x_wconf 81' lang='lat' dir='ltr'><strong>tabernaculo</strong></span> <span class='ocrx_word' id='word_1_803' title='bbox 2513 4752 2526 4788; x_wconf 92' lang='lat'><strong>:</strong></span> <span class='ocrx_word' id='word_1_804' title='bbox 2558 4734 2628 4787; x_wconf 86' lang='lat' dir='ltr'><strong>ibi</strong></span> <span class='ocrx_word' id='word_1_805' title='bbox 2662 4731 2810 4786; x_wconf 87' lang='lat' dir='ltr'><strong>enim</strong></span> <span class='ocrx_word' id='word_1_806' title='bbox 2848 4730 3063 4801; x_wconf 84' lang='lat' dir='ltr'><strong>peperit.</strong></span> <span class='ocrx_word' id='word_1_807' title='bbox 3091 4726 3279 4781; x_wconf 80' lang='lat' dir='ltr'><strong>Jesum</strong></span> <span class='ocrx_word' id='word_1_808' title='bbox 3309 4733 3503 4777; x_wconf 78' lang='lat' dir='ltr'><strong>sancta</strong></span> 
     </span>
    </p>
   </div>
   <div class='ocr_carea' id='block_1_108' title="bbox 1905 4834 2091 4901">
    <p class='ocr_par' dir='ltr' id='par_1_108' title="bbox 1905 4834 2091 4901">
     <span class='ocr_line' id='line_1_110' title="bbox 1905 4834 2091 4901; baseline -0.038 -12"><span class='ocrx_word' id='word_1_809' title='bbox 1905 4834 2091 4901; x_wconf 69' lang='lat' dir='ltr'><strong>Virgo.</strong></span> 
     </span>
    </p>
   </div>
   <div class='ocr_carea' id='block_1_109' title="bbox 1972 4910 3495 4979">
    <p class='ocr_par' dir='ltr' id='par_1_109' title="bbox 1972 4910 3495 4979">
     <span class='ocr_line' id='line_1_111' title="bbox 1972 4910 3495 4979; baseline -0.012 0"><span class='ocrx_word' id='word_1_810' title='bbox 1972 4924 2228 4979; x_wconf 85' lang='lat' dir='ltr'><strong>Nominat</strong></span> <span class='ocrx_word' id='word_1_811' title='bbox 2259 4931 2438 4976; x_wconf 86' lang='lat' dir='ltr'><strong>autem</strong></span> <span class='ocrx_word' id='word_1_812' title='bbox 2471 4932 2595 4972; x_wconf 90' lang='lat' dir='ltr'><strong>cum</strong></span> <span class='ocrx_word' id='word_1_813' title='bbox 2624 4925 2681 4970; x_wconf 91' lang='lat' dir='ltr'><strong>et</strong></span> <span class='ocrx_word' id='word_1_814' title='bbox 2712 4913 2841 4967; x_wconf 90' lang='lat' dir='ltr'><strong>alibi</strong></span> <span class='ocrx_word' id='word_1_815' title='bbox 2883 4913 3053 4966; x_wconf 81' lang='lat' dir='ltr'><strong>Deum</strong></span> <span class='ocrx_word' id='word_1_816' title='bbox 3096 4910 3375 4965; x_wconf 74' lang='lat' dir='ltr'><strong>Abraham</strong></span> <span class='ocrx_word' id='word_1_817' title='bbox 3415 4910 3495 4961; x_wconf 80' lang='lat' dir='ltr'><strong>di-</strong></span> 
     </span>
    </p>
   </div>
   <div class='ocr_carea' id='block_1_110' title="bbox 1902 5004 3510 5081">
    <p class='ocr_par' dir='ltr' id='par_1_110' title="bbox 1902 5004 3510 5081">
     <span class='ocr_line' id='line_1_112' title="bbox 1902 5004 3510 5081; baseline -0.013 -9"><span class='ocrx_word' id='word_1_818' title='bbox 1902 5032 2035 5072; x_wconf 83' lang='lat' dir='ltr'><strong>cens</strong></span> <span class='ocrx_word' id='word_1_819' title='bbox 2069 5035 2080 5069; x_wconf 89' lang='lat'><strong>:</strong></span> <span class='ocrx_word' id='word_1_820' title='bbox 2116 5035 2133 5067; x_wconf 80' lang='grc' dir='ltr'><strong>ι</strong></span> <span class='ocrx_word' id='word_1_821' title='bbox 2168 5014 2448 5081; x_wconf 81' lang='lat' dir='ltr'><strong>Principes</strong></span> <span class='ocrx_word' id='word_1_822' title='bbox 2478 5008 2801 5079; x_wconf 88' lang='lat' dir='ltr'><strong>populorum</strong></span> <span class='ocrx_word' id='word_1_823' title='bbox 2846 5004 3165 5075; x_wconf 87' lang='lat' dir='ltr'><strong>congregati</strong></span> <span class='ocrx_word' id='word_1_824' title='bbox 3212 5012 3340 5055; x_wconf 91' lang='lat' dir='ltr'><strong>sunt</strong></span> <span class='ocrx_word' id='word_1_825' title='bbox 3385 5016 3510 5051; x_wconf 83' lang='lat' dir='ltr'><strong>cum</strong></span> 
     </span>
    </p>
   </div>
   <div class='ocr_carea' id='block_1_111' title="bbox 1906 5090 3507 5165">
    <p class='ocr_par' dir='ltr' id='par_1_111' title="bbox 1906 5090 3507 5165">
     <span class='ocr_line' id='line_1_113' title="bbox 1906 5090 3507 5165; baseline -0.013 0"><span class='ocrx_word' id='word_1_826' title='bbox 1906 5111 2015 5165; x_wconf 84' lang='lat' dir='ltr'><strong>Deo</strong></span> <span class='ocrx_word' id='word_1_827' title='bbox 2060 5108 2332 5165; x_wconf 77' lang='lat' dir='ltr'><strong>Abraham</strong></span> <span class='ocrx_word' id='word_1_828' title='bbox 2363 5105 2429 5156; x_wconf 81' lang='grc'><strong>³⁸.</strong></span> <span class='ocrx_word' id='word_1_829' title='bbox 2470 5123 2487 5154; x_wconf 80' lang='grc' dir='ltr'><strong>ι</strong></span> <span class='ocrx_word' id='word_1_830' title='bbox 2522 5102 2669 5155; x_wconf 84' lang='lat' dir='ltr'><strong>Penc</strong></span> <span class='ocrx_word' id='word_1_831' title='bbox 2703 5099 2849 5154; x_wconf 90' lang='lat' dir='ltr'><strong>enim</strong></span> <span class='ocrx_word' id='word_1_832' title='bbox 2905 5098 3104 5151; x_wconf 84' lang='lat' dir='ltr'><strong>tuentis</strong></span> <span class='ocrx_word' id='word_1_833' title='bbox 3149 5110 3262 5149; x_wconf 63' lang='lat' dir='ltr'><strong>sua!</strong></span> <span class='ocrx_word' id='word_1_834' title='bbox 3312 5090 3507 5154; x_wconf 88' lang='lat' dir='ltr'><strong>oculis,</strong></span> 
     </span>
    </p>
   </div>
   <div class='ocr_carea' id='block_1_112' title="bbox 1909 5188 3513 5271">
    <p class='ocr_par' dir='ltr' id='par_1_112' title="bbox 1909 5188 3513 5271">
     <span class='ocr_line' id='line_1_114' title="bbox 1909 5188 3513 5271; baseline -0.012 -15"><span class='ocrx_word' id='word_1_835' title='bbox 1909 5217 2004 5271; x_wconf 88' lang='lat' dir='ltr'><strong>per</strong></span> <span class='ocrx_word' id='word_1_836' title='bbox 2028 5198 2479 5255; x_wconf 89' lang='lat' dir='ltr'><strong>illmninationem</strong></span> <span class='ocrx_word' id='word_1_837' title='bbox 2498 5194 2737 5263; x_wconf 83' lang='lat' dir='ltr'><strong>Spiritus</strong></span> <span class='ocrx_word' id='word_1_838' title='bbox 2761 5190 2963 5253; x_wconf 90' lang='lat' dir='ltr'><strong>sancti,</strong></span> <span class='ocrx_word' id='word_1_839' title='bbox 2991 5189 3300 5242; x_wconf 77' lang='lat' dir='ltr'><strong>futurorum</strong></span> <span class='ocrx_word' id='word_1_840' title='bbox 3325 5188 3513 5240; x_wconf 83' lang='lat' dir='ltr'><strong>scien-</strong></span> 
     </span>
    </p>
   </div>
   <div class='ocr_carea' id='block_1_113' title="bbox 1910 5286 3511 5358">
    <p class='ocr_par' dir='ltr' id='par_1_113' title="bbox 1910 5286 3511 5358">
     <span class='ocr_line' id='line_1_115' title="bbox 1910 5286 3511 5358; baseline -0.009 -11"><span class='ocrx_word' id='word_1_841' title='bbox 1910 5294 1982 5347; x_wconf 86' lang='lat' dir='ltr'><strong>tia</strong></span> <span class='ocrx_word' id='word_1_842' title='bbox 2026 5293 2296 5355; x_wconf 86' lang='lat' dir='ltr'><strong>eruditus,</strong></span> <span class='ocrx_word' id='word_1_843' title='bbox 2334 5289 2608 5358; x_wconf 73' lang='lat' dir='ltr'><strong>principes</strong></span> <span class='ocrx_word' id='word_1_844' title='bbox 2652 5287 3001 5358; x_wconf 91' lang='lat' dir='ltr'><strong>populorum,</strong></span> <span class='ocrx_word' id='word_1_845' title='bbox 3052 5286 3102 5337; x_wconf 84' lang='lat' dir='ltr'><strong>id</strong></span> <span class='ocrx_word' id='word_1_846' title='bbox 3150 5294 3256 5348; x_wconf 82' lang='lat' dir='ltr'><strong>est,</strong></span> <span class='ocrx_word' id='word_1_847' title='bbox 3290 5292 3511 5336; x_wconf 82' lang='lat' dir='ltr'><strong>sanctos</strong></span> 
     </span>
    </p>
   </div>
   <div class='ocr_carea' id='block_1_114' title="bbox 1911 5375 3510 5454">
    <p class='ocr_par' dir='ltr' id='par_1_114' title="bbox 1911 5375 3510 5454">
     <span class='ocr_line' id='line_1_116' title="bbox 1911 5375 3510 5454; baseline -0.006 -16"><span class='ocrx_word' id='word_1_848' title='bbox 1911 5375 2187 5454; x_wconf 66' lang='lat' dir='ltr'><strong>apostolos</strong></span> <span class='ocrx_word' id='word_1_849' title='bbox 2231 5385 2281 5437; x_wconf 92' lang='lat' dir='ltr'><strong>in</strong></span> <span class='ocrx_word' id='word_1_850' title='bbox 2336 5382 2545 5436; x_wconf 89' lang='lat' dir='ltr'><strong>Domini</strong></span> <span class='ocrx_word' id='word_1_851' title='bbox 2597 5382 2767 5434; x_wconf 90' lang='lat' dir='ltr'><strong>nostri</strong></span> <span class='ocrx_word' id='word_1_852' title='bbox 2815 5380 2946 5435; x_wconf 78' lang='lat' dir='ltr'><strong>.Iesu</strong></span> <span class='ocrx_word' id='word_1_853' title='bbox 2993 5378 3197 5433; x_wconf 78' lang='lat' dir='ltr'><strong>Christi</strong></span> <span class='ocrx_word' id='word_1_854' title='bbox 3249 5378 3510 5430; x_wconf 87' lang='lat' dir='ltr'><strong>cernebat</strong></span> 
     </span>
    </p>
   </div>
   <div class='ocr_carea' id='block_1_115' title="bbox 1911 5467 3513 5546">
    <p class='ocr_par' dir='ltr' id='par_1_115' title="bbox 1911 5467 3513 5546">
     <span class='ocr_line' id='line_1_117' title="bbox 1911 5467 3513 5546; baseline -0.006 -13"><span class='ocrx_word' id='word_1_855' title='bbox 1911 5476 2192 5546; x_wconf 89' lang='lat' dir='ltr'><strong>obsequio.</strong></span> <span class='ocrx_word' id='word_1_856' title='bbox 2239 5476 2374 5531; x_wconf 85' lang='lat' dir='ltr'><strong>Cum</strong></span> <span class='ocrx_word' id='word_1_857' title='bbox 2414 5474 2579 5545; x_wconf 90' lang='lat' dir='ltr'><strong>igitur</strong></span> <span class='ocrx_word' id='word_1_858' title='bbox 2616 5492 2634 5525; x_wconf 72' lang='grc' dir='ltr'><strong>ι</strong></span> <span class='ocrx_word' id='word_1_859' title='bbox 2666 5472 2811 5527; x_wconf 84' lang='lat' dir='ltr'><strong>Deus</strong></span> <span class='ocrx_word' id='word_1_860' title='bbox 2851 5472 3129 5528; x_wconf 75' lang='lat' dir='ltr'><strong>Abraham</strong></span> <span class='ocrx_word' id='word_1_861' title='bbox 3165 5489 3181 5521; x_wconf 82' lang='grc' dir='ltr'><strong>ι</strong></span> <span class='ocrx_word' id='word_1_862' title='bbox 3216 5482 3272 5525; x_wconf 89' lang='lat' dir='ltr'><strong>et</strong></span> <span class='ocrx_word' id='word_1_863' title='bbox 3312 5490 3329 5521; x_wconf 77' lang='grc' dir='ltr'><strong>ι</strong></span> <span class='ocrx_word' id='word_1_864' title='bbox 3366 5467 3513 5524; x_wconf 80' lang='lat' dir='ltr'><strong>Deus</strong></span> 
     </span>
    </p>
   </div>
   <div class='ocr_carea' id='block_1_116' title="bbox 1864 5688 3514 5821">
    <p class='ocr_par' dir='ltr' id='par_1_116' title="bbox 1864 5688 3514 5821">
     <span class='ocr_line' id='line_1_118' title="bbox 1864 5688 3514 5765; baseline -0.004 -14"><span class='ocrx_word' id='word_1_865' title='bbox 1864 5698 1906 5727; x_wconf 82' lang='grc'>¹⁶</span> <span class='ocrx_word' id='word_1_866' title='bbox 1938 5696 2165 5765; x_wconf 84' lang='lat' dir='ltr'><strong>Philipp.</strong></span> <span class='ocrx_word' id='word_1_867' title='bbox 2215 5715 2274 5761; x_wconf 85' lang='grc' dir='ltr'>ιι,</span> <span class='ocrx_word' id='word_1_868' title='bbox 2310 5699 2361 5752; x_wconf 90' lang='grc'><strong>7,</strong></span> <span class='ocrx_word' id='word_1_869' title='bbox 2482 5698 2524 5728; x_wconf 83' lang='grc'><strong>¹⁷</strong></span> <span class='ocrx_word' id='word_1_870' title='bbox 2564 5698 2666 5754; x_wconf 87' lang='lat' dir='ltr'><strong>Isa.</strong></span> <span class='ocrx_word' id='word_1_871' title='bbox 2712 5714 2790 5759; x_wconf 63' lang='grc' dir='ltr'>χι,</span> <span class='ocrx_word' id='word_1_872' title='bbox 2833 5695 2888 5762; x_wconf 85' lang='grc'><strong>5,</strong></span> <span class='ocrx_word' id='word_1_873' title='bbox 2919 5693 3153 5760; x_wconf 79' lang='lat' dir='ltr'><strong>6,juxta</strong></span> <span class='ocrx_word' id='word_1_874' title='bbox 3192 5688 3359 5745; x_wconf 67' lang='lat' dir='ltr'><strong>LXX.</strong></span> <span class='ocrx_word' id='word_1_875' title='bbox 3467 5688 3514 5724; x_wconf 75' lang='lat'><strong><em>“</em></strong></span> 
     </span>
     <span class='ocr_line' id='line_1_119' title="bbox 1864 5761 3511 5821; baseline -0.004 -3"><span class='ocrx_word' id='word_1_876' title='bbox 1864 5765 2007 5820; x_wconf 83' lang='lat' dir='ltr'><strong>luan.</strong></span> <span class='ocrx_word' id='word_1_877' title='bbox 2058 5786 2129 5821; x_wconf 89' lang='grc' dir='ltr'>ιι.</span> <span class='ocrx_word' id='word_1_878' title='bbox 2162 5769 2250 5821; x_wconf 96' lang='grc'><strong>47.</strong></span> <span class='ocrx_word' id='word_1_879' title='bbox 2329 5772 2374 5801; x_wconf 67' lang='grc'><strong>⁸³</strong></span> <span class='ocrx_word' id='word_1_880' title='bbox 2408 5767 2564 5821; x_wconf 80' lang='lat' dir='ltr'><strong>.Iuan.</strong></span> <span class='ocrx_word' id='word_1_881' title='bbox 2607 5786 2704 5821; x_wconf 65' lang='lat' dir='ltr'><strong>XII.</strong></span> <span class='ocrx_word' id='word_1_882' title='bbox 2740 5767 2827 5821; x_wconf 68' lang='grc'><strong>44.</strong></span> <span class='ocrx_word' id='word_1_883' title='bbox 2909 5767 2954 5797; x_wconf 78' lang='grc'><strong>’³</strong></span> <span class='ocrx_word' id='word_1_884' title='bbox 2991 5766 3121 5821; x_wconf 85' lang='lat' dir='ltr'><strong>ibid.</strong></span> <span class='ocrx_word' id='word_1_885' title='bbox 3152 5763 3241 5817; x_wconf 80' lang='grc'><strong>45.</strong></span> <span class='ocrx_word' id='word_1_886' title='bbox 3323 5762 3371 5793; x_wconf 64' lang='grc'>⁸³</span> <span class='ocrx_word' id='word_1_887' title='bbox 3406 5761 3511 5816; x_wconf 77' lang='lat' dir='ltr'><strong>Isa.</strong></span> 
     </span>
    </p>
   </div>
   <div class='ocr_carea' id='block_1_117' title="bbox 2094 5761 3511 5903">
    <p class='ocr_par' dir='ltr' id='par_1_117' title="bbox 2094 5761 3511 5903">
     <span class='ocr_line' id='line_1_120' title="bbox 2094 5761 3511 5834; baseline -0.007 -13"><span class='ocrx_word' id='word_1_888' title='bbox 2094 5761 2129 5826; x_wconf 58' lang='grc' dir='ltr'>ι.</span> <span class='ocrx_word' id='word_1_889' title='bbox 2162 5769 2250 5822; x_wconf 88' lang='grc'><strong>47.</strong></span> <span class='ocrx_word' id='word_1_890' title='bbox 2329 5772 2374 5801; x_wconf 66' lang='grc'>⁸*</span> <span class='ocrx_word' id='word_1_891' title='bbox 2408 5767 2564 5825; x_wconf 79' lang='lat' dir='ltr'><strong>.Iunn.</strong></span> <span class='ocrx_word' id='word_1_892' title='bbox 2607 5786 2704 5834; x_wconf 66' lang='lat' dir='ltr'><strong>XII,</strong></span> <span class='ocrx_word' id='word_1_893' title='bbox 2740 5767 2827 5822; x_wconf 69' lang='grc'><strong>44.</strong></span> <span class='ocrx_word' id='word_1_894' title='bbox 2909 5767 2954 5797; x_wconf 77' lang='grc'><strong>’³</strong></span> <span class='ocrx_word' id='word_1_895' title='bbox 2991 5766 3121 5821; x_wconf 86' lang='lat' dir='ltr'><strong>ibitl.</strong></span> <span class='ocrx_word' id='word_1_896' title='bbox 3152 5763 3241 5817; x_wconf 71' lang='grc'><strong>45.</strong></span> <span class='ocrx_word' id='word_1_897' title='bbox 3323 5762 3371 5793; x_wconf 63' lang='grc'>⁸³</span> <span class='ocrx_word' id='word_1_898' title='bbox 3406 5761 3511 5816; x_wconf 75' lang='lat' dir='ltr'><strong>Isa.</strong></span> 
     </span>
     <span class='ocr_line' id='line_1_121' title="bbox 2094 5833 3511 5903; baseline -0.004 -7"><span class='ocrx_word' id='word_1_899' title='bbox 2094 5841 2135 5871; x_wconf 78' lang='lat'>&quot;</span> <span class='ocrx_word' id='word_1_900' title='bbox 2166 5839 2306 5896; x_wconf 77' lang='lat' dir='ltr'><strong>I‘sal.</strong></span> <span class='ocrx_word' id='word_1_901' title='bbox 2344 5857 2530 5903; x_wconf 53' lang='lat' dir='ltr'><strong>nam,</strong></span> <span class='ocrx_word' id='word_1_902' title='bbox 2575 5842 2657 5896; x_wconf 90' lang='lat' dir='ltr'><strong>II.</strong></span> <span class='ocrx_word' id='word_1_903' title='bbox 2775 5842 2815 5873; x_wconf 66' lang='lat'><strong>’7</strong></span> <span class='ocrx_word' id='word_1_904' title='bbox 2862 5839 2992 5895; x_wconf 87' lang='lat' dir='ltr'><strong>ibid.</strong></span> <span class='ocrx_word' id='word_1_905' title='bbox 3109 5836 3154 5868; x_wconf 82' lang='grc'><strong>²¹</strong></span> <span class='ocrx_word' id='word_1_906' title='bbox 3215 5836 3348 5893; x_wconf 85' lang='lat' dir='ltr'><strong>ibid.</strong></span> <span class='ocrx_word' id='word_1_907' title='bbox 3392 5833 3427 5891; x_wconf 79' lang='lat'><strong>3</strong></span> 
     </span>
    </p>
   </div>
  </div>
