3926 6482
522 446 656 504 “03

1538 444 1596 499 s.
1638 419 1913 499 cintus
1954 440 2420 497 arenosum-at
2460 440 2774 496 AltClllEl‘.

3633 424 3747 479 HN

522 558 704 621 Iacob,
736 577 754 609 ι
798 557 890 625 qui
922 566 1007 612 est
1049 568 1206 612 natus
1236 573 1301 613 ex
1360 558 1621 623 muliere,‘
1651 557 1961 613 nominatus
1990 559 2079 621 sit,
2114 565 2157 621 Α
2189 556 2364 607 anima
2413 571 2551 609 uinea.
2586 574 2604 604 ι
2647 551 2785 605 Deus
2815 563 3047 618 namque
3082 554 3168 599 est
3202 551 3390 597 natura
3427 537 3746 595 Emmanuel.

520 662 687 719 quare
713 663 817 729 non
840 648 911 703 sit
941 648 1101 719 Virgo
1126 658 1311 702 sancta
1351 647 1647 713 Θεοτόκοςῖ

1113 776 1266 833 CAP.
1316 776 1485 833 XXX.

1211 911 1389 965 Aliud.

590 1022 857 1092 PrOpheta
908 1023 1156 1078 Habacuc
1188 1040 1203 1079 :
1241 1043 1260 1076 ι
1292 1024 1545 1087 Domine,
1593 1024 1798 1094 inquit,
1850 1025 2085 1080 inaudivi

518 1114 757 1169 auditum
792 1125 963 1175 tuum.
990 1125 1044 1168 et
1095 1114 1273 1170 timui.
1307 1114 1657 1170 Consideravi
1685 1130 1847 1184 opera
1876 1126 1988 1182 tua,
2034 1125 2089 1171 et

519 1206 730 1273 expavi.
768 1203 822 1259 In
864 1205 1040 1260 medio
1082 1207 1311 1260 duorum
1354 1207 1664 1259 animalium
1702 1207 2084 1275 cognosceris:
2142 1226 2155 1235 ν

520 1295 574 1348 in
611 1295 897 1347 adventum
934 1296 1187 1363 temporis
1224 1297 1526 1351 ostemleris
1566 1297 1617 1349 iu
1644 1311 1709 1349 eo
1739 1314 1752 1349 :
1787 1296 1912 1348 dum
1954 1312 2087 1349 con-

522 1387 731 1439 turbata
771 1386 932 1439 fuerit
970 1386 1149 1440 anima
1179 1402 1317 1447 mea.
1354 1387 1406 1440 in
1439 1388 1516 1440 ira
1538 1387 1943 1441 misericordia:
1975 1402 2089 1439 tne-

518 1493 639 1532 mor
674 1479 803 1534 eris.
850 1480 988 1531 Deus
1034 1483 1099 1533 de
1138 1477 1380 1532 Theman
1427 1477 1627 1543 veniet,
1679 1488 1735 1533 et
1776 1487 1996 1532 sant-tus
2026 1479 2091 1531 de

517 1581 703 1624 monte
741 1569 955 1624 Pharao
979 1570 1045 1623 ⁸².
1080 1588 1099 1621 ι
1140 1570 1297 1633 Vide,
1344 1570 1614 1639 quomodo
1648 1571 1701 1624 in
1755 1572 1928 1623 medio
1954 1570 2089 1622 duo-

520 1676 639 1713 rum
670 1661 984 1714 animalium
1017 1671 1373 1731 cognoscctur
1403 1678 1417 1714 :
1456 1676 1576 1713 nam
1603 1676 1725 1715 cum
1758 1673 1917 1714 natus
1946 1673 2088 1716 esset

514 1766 578 1805 ex
632 1750 874 1813 nndiere,
904 1762 955 1802 et
995 1752 1217 1804 vixisset
1260 1766 1431 1821 usque
1477 1752 1543 1803 ad
1582 1762 1789 1819 tempus
1842 1753 2088 1819 pretiosae

512 1840 723 1905 erucis;
757 1858 776 1891 ι
812 1839 996 1894 Gratia
1052 1840 1165 1905 Dei,
1199 1841 1339 1895 sicut
1393 1843 1468 1894 ait
1516 1841 1705 1895 beatus
1740 1842 1955 1907 Paulus,
1992 1842 2093 1910 per’

510 1946 669 1984 suum
702 1945 897 1999 corpus
922 1946 1017 1998 pro
1040 1932 1289 2007 euntibus
1313 1933 1549 2001 gustavit
1575 1938 1802 1986 mortem
1826 1933 1890 1987 ⁸³.
1923 1952 1941 1983 ι
1978 1931 2084 1988 Sed

513 2021 765 2089 quoniam
814 2031 1004 2075 natura
1062 2033 1180 2077 erat
1236 2022 1408 2089 Deus,
1456 2025 1755 2078 resurrexit
1800 2026 1975 2079 denuo
2031 2026 2084 2079 in

514 2113 899 2181 sempiternam
932 2114 1116 2167 vitam.
1148 2114 1404 2183 Cognitus
1434 2125 1519 2168 est
1550 2115 1844 2183 igiturhic,
1874 2116 1963 2184 qui
1988 2131 2087 2186 pro

515 2204 670 2257 nobis
698 2203 985 2271 pretiosam
1018 2204 1273 2259 sustinuit
1300 2222 1515 2260 crucem
1557 2207 1609 2258 in
1645 2208 1823 2259 medio
1854 2209 2082 2261 duormn

509 2294 844 2347 animalium.
873 2292 1004 2345 Nam
1042 2293 1155 2360 ipse
1180 2294 1375 2349 alicubi
1406 2297 1481 2350 ait
1512 2297 1579 2349 ad
1612 2294 1828 2350 Jndzeos
1854 2315 1867 2350 :
1908 2315 1925 2348 ι
1949 2296 2082 2351 Cum

508 2378 881 2433 exaltavvritis
911 2376 1104 2432 Filium
1142 2382 1398 2447 hominis,
1434 2394 1543 2437 tum
1583 2386 1921 2453 cognoscetis
1954 2387 2082 2454 quia

507 2486 609 2538 ego
654 2488 772 2527 sum
798 2473 863 2525 “.
900 2494 918 2526 ι
960 2476 1092 2529 Vide
1132 2475 1320 2538 etiam,
1368 2478 1639 2543 quomodo
1685 2477 1849 2529 Deum
1907 2478 2081 2545 ipsum

508 2564 817 2629 nominans,
870 2581 937 2619 ex
984 2564 1224 2620 Theman
1278 2576 1589 2632 venturum,
1646 2578 1699 2620 et
1752 2582 1818 2620 es
1872 2567 2081 2622 Pharan

511 2664 692 2709 monte
717 2658 1023 2724 pronuntiat
1055 2658 1464 2726 (interpretatur
1488 2669 1668 2713 autem
1698 2659 1941 2715 Theman
1972 2664 2082 2714 Au-

507 2746 681 2811 ster):
715 2749 961 2814 apparuit
1008 2749 1150 2800 eiiitn
1200 2748 1467 2812 Christus,
1528 2766 1631 2802 non
1683 2766 1711 2802 a
1771 2751 2083 2819 regionibus

510 2837 809 2905 Aquilonis,
863 2838 957 2893 sed
1009 2840 1076 2893 ab
1123 2840 1349 2893 australi
1403 2837 1612 2919 iudica,
1666 2843 1716 2894 in
1770 2859 1877 2924 qua
1918 2844 2115 2895 etiatn~

503 2928 779 2984 Bethleem
810 2941 913 2985 est.
951 2931 1080 2987 Cum
1127 2932 1291 3001 igitur
1320 2935 1387 2991 is,
1418 2934 1508 3000 qui
1558 2931 1817 2985 Dominus
1852 2943 1904 2986 et
1948 2934 2084 2989 Deus

506 3022 816 3077 nominatus
845 3034 946 3087 est,
980 3038 1044 3076 ex
1074 3022 1254 3078 Iudaea
1288 3026 1495 3077 venerit
1531 3024 1775 3084 australi,
1811 3035 1967 3075 natus
2002 3033 2082 3078 est

503 3114 647 3167 enim
692 3114 742 3166 in
790 3113 1103 3179 Bethleem;
1132 3117 1400 3184 quomodo
1450 3128 1554 3171 nOu
1601 3116 1671 3168 sit
1703 3126 1888 3170 sancta
1919 3116 2081 3184 Virgo

501 3204 764 3268 Θιοτόκος
775 3203 799 3257 i

1092 3319 1242 3376 CAP.
1287 3318 1482 3376 XXXI.

1204 3434 1384 3487 Aliud.

573 3544 631 3602 In
677 3545 875 3604 Genesi
931 3546 1193 3614 scriptum
1242 3555 1323 3600 est
1368 3564 1381 3600 :
1424 3567 1441 3598 ι
1472 3543 1855 3604 Subremansit
1901 3562 2079 3604 autem

500 3637 670 3695 Jacob
698 3637 867 3703 solus,
901 3648 955 3691 et
980 3637 1286 3692 luctabatur
1310 3640 1470 3692 hotno
1502 3654 1622 3691 cum
1670 3640 1787 3707 ipso
1817 3656 1985 3709 usque
2013 3643 2077 3695 ad

506 3746 664 3785 mane
692 3748 705 3784 :
740 3728 871 3783 vidit
899 3738 1076 3782 autem
1107 3729 1248 3798 quod
1294 3744 1397 3782 non
1424 3729 1745 3797 praevaleret
1774 3732 1838 3785 ad
1878 3733 2076 3801 ipsum,

502 3829 558 3876 ct
591 3820 769 3891 tetigit
820 3818 1156 3873 latitudinem
1188 3816 1351 3889 795
1376 3818 1594 3874 femoris
1645 3819 1785 3888 ejus,
1822 3837 1943 3877 cum
1994 3824 2076 3876 Iu-

501 3920 742 3967 ctaretur
776 3926 896 3973 cum
938 3924 1022 3973 eo,
1062 3920 1116 3962 et
1150 3902 1287 3963 dixit
1317 3910 1364 3963 ei
1400 3928 1415 3962 :
1454 3897 1679 3965 Dimitte:
1724 3926 1830 3975 me,
1880 3929 2072 3967 ascen-

504 4003 581 4058 dit
621 4002 763 4057 enim
790 4014 960 4056 ortus.
1003 4000 1095 4055 Ille
1140 4010 1318 4055 autem
1355 4000 1533 4055 dixit:
1573 4002 1688 4056 Non
1736 4013 1787 4058 te
1834 4004 2073 4070 dimitto,

501 4094 605 4151 nisi
629 4092 973 4149 benedixeris
995 4092 1127 4148 mihi
1154 4093 1219 4147 ⁸⁸.
1256 4112 1275 4145 ι
1313 4091 1378 4148 Et
1404 4103 1523 4163 post
1550 4096 1655 4149 alia
1694 4114 1707 4150 :
1746 4116 1763 4147 ι
1794 4096 2076 4154 Benediin

500 4195 680 4241 autem
716 4201 837 4241 eum
869 4186 966 4252 ibi,
997 4196 1052 4242 et
1086 4186 1297 4241 vocavit
1327 4202 1523 4242 nomen
1557 4188 1657 4244 loci
1689 4188 1851 4252 illius,
1882 4191 2072 4245 faciem

498 4278 636 4334 Dei:
670 4278 778 4335 vidi
814 4280 983 4343 enim,
1016 4279 1213 4348 inquit,
1258 4278 1430 4337 Deum
1473 4279 1613 4335 facie
1656 4282 1721 4335 ad
1760 4280 1974 4348 faciem,
2018 4292 2075 4339 et

496 4372 701 4430 Ialvata
749 4383 831 4426 est
880 4372 1057 4425 anima
1111 4373 1545 4427 mea:ascendit
1598 4387 1777 4429 autem
1838 4377 1953 4442 sol,
2018 4389 2074 4431 et

495 4465 714 4521 transiit
764 4462 931 4519 facies
982 4464 1104 4532 Dei;
1156 4468 1269 4533 ipse
1314 4477 1490 4520 autem
1546 4467 1813 4523 titubabat
1866 4468 2072 4525 femore

2193 646 2401 699 Dii-itur
2444 656 2622 699 autem
2674 645 2838 697 etiam
2874 641 3044 695 facies
3081 638 3200 693 Dei.
3239 636 3371 690 Nam
3410 641 3505 687 est
3544 650 3564 682 ι
3601 630 3748 698 σεῦα

2188 738 2503 791 substantia:
2550 736 2727 790 Patris
2746 734 2815 798 ⁸⁷,
2856 751 2874 784 ι
2901 742 2952 786 et
2995 730 3070 785 ita
3115 743 3175 784 se
3222 726 3452 781 vocabat
3505 720 3649 787 apud
3674 716 3751 772 Ja-

2189 829 2357 893 dteos,
2386 842 2509 882 cum
2537 828 2738 881 diceret
2768 824 2836 877 de
2860 822 2968 878 Deo
2992 830 3046 877 et
3078 818 3239 874 Patre
3264 836 3277 871 :
3308 834 3327 868 ι
3354 813 3553 882 Neque
3579 809 3750 864 facit.

2188 916 2305 981 ejus
2339 915 2569 981 vidistis,
2598 927 2653 971 et
2694 912 2914 969 verbum
2961 911 3080 980 ejus
3126 924 3230 963 non
3271 904 3489 961 habetis
3530 902 3590 955 in
3622 898 3752 953 vobis

2190 1022 2440 1070 manens.
2478 1008 2603 1076 quia
2656 1020 2816 1079 quem
2862 1004 3010 1058 misit
3042 1002 3153 1065 ille,
3193 998 3319 1055 huic
3347 1009 3451 1051 vos
3501 1007 3611 1048 non
3650 1003 3752 1044 cre-

2191 1098 2317 1152 ditis
2340 1096 2404 1146 ⁹⁶.
2438 1114 2457 1147 ι

2262 1187 2415 1253 Quod
2447 1200 2577 1239 vero
2614 1184 2757 1239 Deus
2784 1183 2853 1237 sit
2880 1196 3043 1236 verus
3070 1180 3236 1235 homo
3266 1177 3355 1230 ille
3400 1175 3498 1243 qui
3532 1170 3757 1227 luctaba-

2193 1288 2279 1332 tur
2321 1293 2443 1332 cum
2475 1275 2664 1337 Jacoh,
2695 1287 2849 1329 sacra
2898 1272 3091 1326 iterum
3137 1270 3315 1322 littera
3352 1266 3523 1319 faciet
3569 1262 3754 1321 Metu;

2192 1368 2325 1421 dixit
2374 1366 2518 1420 enim
2554 1383 2569 1418 :
2609 1385 2627 1417 ι
2664 1362 2839 1433 luquit
2899 1362 3156 1415 Dominus
3204 1360 3270 1413 ad
3301 1355 3525 1412 Jacob:
3566 1352 3757 1418 Surge,

2190 1459 2422 1512 ascende
2454 1457 2506 1511 in
2556 1458 2729 1510 locum
2774 1453 3072 1518 Bethleem,
3110 1450 3289 1505 habita
3343 1448 3443 1511 ibi,
3482 1457 3537 1499 et
3572 1444 3657 1499 fac
3695 1444 3758 1497 ibi

2192 1549 2363 1603 altare
2405 1547 2535 1609 Deo,
2577 1549 2668 1615 qui
2721 1544 2973 1615 apparuit
2998 1543 3095 1597 tibi
3142 1556 3262 1595 cum
3295 1539 3517 1609 fugeres
3567 1552 3598 1589 a
3640 1533 3759 1587 faeie

2192 1639 2377 1692 fratris
2410 1639 2484 1692 tui
2527 1638 2669 1693 Esau
2693 1637 2756 1690 ⁸⁸.
2792 1655 2810 1687 ι
2842 1636 3141 1689 Revertens
3168 1632 3312 1685 enim
3358 1643 3427 1683 ex
3463 1627 3759 1695 Iesopota-

2192 1732 2293 1784 mia
2331 1730 2422 1785 Dei
2446 1732 2623 1800 jussu,
2670 1740 2724 1784 et
2757 1730 2955 1782 timens
2988 1726 3153 1788 Esau,
3189 1722 3402 1789 trajecit
3447 1721 3621 1774 Iacob
3647 1731 3759 1785 pue-

2191 1840 2281 1877 ros
2306 1832 2359 1876 et
2379 1823 2561 1876 omnia
2595 1836 2723 1876 vasa
2756 1834 2853 1873 sua
2881 1836 2896 1873 :
2934 1835 2954 1869 ι
2989 1812 3369 1870 Subremansit
3392 1817 3579 1865 autem
3603 1807 3759 1869 solus,

2121 1898 2159 1952 Β
2188 1924 2243 1968 et
2272 1913 2572 1967 luctabatur
2601 1912 2761 1966 homo
2784 1924 2905 1964 cum
2936 1922 3023 1962 eo.
3058 1925 3075 1957 ι

2768 2022 2922 2077 CAP.
2963 2019 3178 2077 XXXII.

2882 2134 3063 2189 Aliud.

2258 2251 2455 2305 Beatus
2504 2250 2689 2305 Daniel
2742 2248 3057 2304 horribilem
3095 2246 3357 2301 visionem
3410 2242 3572 2297 nobis
3615 2255 3761 2309 expo-

2188 2357 2320 2397 nens
2350 2360 2364 2397 :
2396 2360 2416 2393 ι
2442 2342 2729 2406 Videbam,
2758 2341 2954 2409 inquit,
2988 2340 3041 2391 in
3070 2339 3278 2393 visione
3305 2334 3510 2395 noctis,
3541 2344 3598 2387 et
3620 2345 3757 2393 ecce,

2185 2448 2307 2487 cum
2349 2432 2580 2487 nubibus
2614 2432 2736 2486 coeli
2779 2431 2933 2500 quasi
2962 2429 3135 2484 Filius
3159 2427 3400 2483 hominis
3434 2425 3681 2483 veniens.
3712 2431 3760 2475 rt

2188 2539 2359 2592 usque
2398 2524 2462 2578 ad
2496 2520 2777 2577 Vetustum
2810 2523 3019 2577 dierum
3054 2520 3321 2589 pervenit,
3363 2527 3419 2573 et
3452 2517 3505 2570 in
3543 2527 3759 2583 conspo-

2184 2625 2332 2669 ctum
2360 2614 2475 2682 eius
2503 2616 2844 2669 adduxerunt
2872 2629 3017 2676 eum,
3054 2624 3110 2668 et
3141 2612 3240 2680 ipsi
3267 2612 3431 2665 datus
3462 2619 3549 2663 est
3577 2610 3757 2666 honor,

2185 2719 2239 2762 et
2273 2723 2494 2777 regnum
2524 2725 2539 2760 :
2565 2716 2619 2760 et
2649 2720 2839 2760 omnes
2875 2705 3078 2775 populi,
3116 2705 3309 2765 tribus,
3357 2712 3412 2756 et
3445 2701 3642 2770 lingnre
3667 2699 3757 2766 ipsi

2186 2800 2466 2853 servient:
2496 2808 2735 2867 potestas
2776 2798 2893 2865 ejus
2938 2806 3177 2864 potestas
3223 2797 3275 2847 in
3324 2803 3619 2854 aeternum,
3650 2804 3760 2860 quae

2188 2905 2291 2944 non
2324 2880 2775 2959 transgredietur,
2812 2900 2868 2942 et
2907 2901 3129 2957 regnum
3162 2884 3279 2953 ejus
3314 2900 3419 2938 non
3450 2895 3761 2960 corrumpe-

2187 2992 2271 3033 tur
2292 2982 2357 3035 “.
2392 2999 2411 3032 ι
2444 2981 2611 3035 Audis
2637 2980 3091 3050 quemadmodum
3117 2992 3221 3039 non
3248 2976 3525 3031 hominem
3562 2974 3758 3041 simpli-

2185 3054 2406 3128 citer‘se
2432 3072 2636 3128 vidisse
2665 3080 3078 3133 commemoret,
3127 3084 3193 3123 ne
3231 3085 3371 3123 unus
3401 3083 3466 3122 ex
3501 3068 3676 3128 nobis,
3710 3076 3760 3118 ct

2184 3166 2333 3234 juxta
2370 3179 2469 3219 nos
2507 3163 2825 3218 Emmanuel
2865 3177 2985 3217 esse
3028 3161 3318 3227 credatur;
3351 3162 3447 3215 sed
3489 3160 3644 3229 quasi
3674 3156 3760 3211 Fi-

2186 3261 2315 3315 lium
2362 3258 2615 3315 hominis.
2660 3256 2778 3331 [(l)
2818 3256 2951 3312 Cum
2982 3254 3127 3309 enim
3181 3250 3414 3306 Verbum
3457 3261 3648 3306 natura
3692 3252 3760 3304 sit

2187 3354 2359 3419 Deus,
2418 3350 2918 3404 «insimilitudiue
2968 3357 3149 3402 tamen
3207 3345 3487 3399 hominum
3555 3345 3753 3397 factum

2185 3444 2304 3506 fuit,
2337 3452 2392 3499 et
2425 3444 2701 3497 inventum
2732 3450 2814 3496 est
2844 3440 3027 3495 habitu
3055 3451 3115 3493 ut
3148 3440 3309 3493 homo
3336 3436 3401 3499 “,
3431 3458 3451 3488 ι
3485 3448 3546 3490 ιιι
3578 3436 3632 3490 in
3668 3452 3757 3487 eo-

2183 3535 2302 3589 dem
2355 3544 2644 3603 utrtnnque
2690 3532 3045 3599 intelligatur,
3105 3531 3154 3582 id
3204 3539 3323 3594 est,
3372 3543 3548 3597 neque
3598 3526 3758 3581 homo

2182 3626 2379 3688 nudus,
2405 3641 2579 3695 neque
2607 3625 2839 3679 Verbum
2872 3625 3078 3693 absque
3102 3621 3440 3677 humanitate
3467 3631 3523 3675 et
3550 3620 3754 3689 carne]

2181 3714 2383 3770 Tamen
2417 3715 2466 3769 ei
2492 3716 2848 3785 principatum
2880 3724 2934 3768 et
2963 3715 3248 3775 honorem,
3270 3726 3390 3782 quae
3417 3726 3631 3779 semper
3661 3710 3752 3764 ba-

2182 3808 2326 3869 beat,
2354 3806 2478 3860 data
2510 3820 2632 3860 esse
2668 3816 3102 3861 commemorat:
3136 3805 3211 3858 ait
3238 3804 3381 3858 enim
3409 3804 3557 3872 quod
3596 3823 3614 3855 ι
3642 3818 3753 3857 om-

2181 3909 2277 3950 nes
2309 3896 2515 3965 populi,
2560 3896 2751 3961 tribus,
2788 3907 2846 3950 et
2894 3895 3090 3964 lingua:
3140 3894 3238 3961 ipsi
3273 3895 3537 3948 servient.
3570 3912 3590 3945 ι
3624 3894 3754 3947 Cum

2182 3987 2348 4055 igitur
2378 3987 2541 4041 etiam
2572 3986 2624 4040 in
2657 3987 2994 4041 humanitate
3023 3986 3254 4054 positum
3289 3986 3631 4056 unigenitum
3663 3985 3753 4041 Dei

2184 4074 2415 4131 Verbum
2465 4077 2788 4131 servientem
2848 4076 3043 4130 habeat
3092 4086 3439 4143 creaturam,
3482 4085 3540 4131 et
3583 4075 3753 4131 Patris

2177 4165 2544 4235 principatum
2564 4176 2618 4221 et
2639 4182 2818 4233 suum,
2839 4168 3110 4234 pepererit
3130 4178 3310 4221 autem
3327 4168 3621 4222 secundum
3635 4182 3751 4221 caro

2177 4270 2298 4311 nem
2348 4256 2524 4326 ipsum
2557 4268 2740 4312 sancta
2779 4257 2971 4328 Virgo;
3002 4260 3273 4328 quomodo
3305 4273 3409 4313 non
3442 4259 3749 4326 intelligitur

2174 4348 2335 4402 Θεοτό
2340 4365 2430 4414 κος
2440 4347 2464 4400 ?

2734 4459 2890 4529 car.
2933 4459 3171 4515 xxxut.

495 4561 597 4611 suo
617 4555 684 4607 ³⁸.
720 4575 737 4606 ι
767 4553 1023 4625 Mystirus
1045 4556 1258 4625 quidem
1283 4567 1365 4609 est
1395 4556 1799 4625 Scripturarum
1833 4575 2065 4615 sensus:
2104 4572 2148 4629 ι)
2182 4576 2255 4630 De
2290 4574 2487 4629 Christi
2515 4588 2795 4641 ραςειοηε;
2829 4581 2879 4625 et
2914 4574 3053 4641 quod
3084 4572 3211 4625 utile
3249 4582 3339 4633 ut.
3378 4574 3523 4642 quod
3576 4590 3749 4629 util-

491 4646 835 4704 subindicare
855 4646 1014 4725 .euim
1042 4646 1254 4701 videtur
1282 4646 1587 4701 Judzeorum
1622 4650 2063 4717 oblucwionem,

492 4755 598 4809 qua
634 4738 923 4793 utebantur
961 4754 1085 4795 cum
1117 4738 1355 4805 Christo,
1391 4754 1525 4808 pene
1561 4754 1681 4793 cum
1717 4742 1831 4810 ipso
1857 4743 2065 4795 luctan-

491 4839 613 4896 tes;
645 4829 736 4899 qui
772 4839 944 4885 tamen
987 4830 1223 4900 superati
1274 4838 1420 4893 sunt,
1454 4840 1507 4883 et
1552 4830 1649 4899 ipsi
1685 4832 1847 4885 etiam
1881 4833 2055 4903 impc-

491 4922 683 4976 traturi
712 4922 1142 4977 benedictionem
1177 4923 1362 4992 ipsius,
1410 4923 1454 4976 si
1512 4938 1607 4993 per
1644 4925 1801 4978 fidem
1833 4928 1901 4980 ad
1942 4942 2063 4981 eum

489 5012 798 5068 novissimis
848 5013 1181 5082 temporibus
1234 5030 1291 5068 se
1333 5018 1757 5070 convertissem.
1806 5018 2062 5072 Attamen

488 5103 576 5157 ille
605 5112 751 5159 certe
790 5103 949 5158 homo
980 5113 1120 5167 erat,
1162 5104 1252 5173 qui
1286 5107 1609 5170 luctabatur,
1644 5116 1697 5160 ct
1727 5121 1848 5159 eum
1880 5116 2057 5161 tamen

486 5194 653 5250 Jacob
694 5196 784 5249 Dei
818 5196 1009 5251 faciem
1053 5194 1399 5263 nominabat;
1432 5214 1606 5267 neque
1642 5199 1692 5252 id
1734 5200 1932 5264 solum,
1964 5202 2059 5255 sed

486 5285 696 5341 sciebat
726 5301 846 5340 eum
874 5287 1036 5341 Deum
1064 5304 1185 5343 esse
1209 5291 1503 5344 secundum
1529 5290 1808 5345 veritatem
1840 5308 1853 5344 :
1891 5311 1909 5345 ι
1946 5290 2059 5346 Vidi

486 5378 651 5447 enim,
687 5379 880 5449 inquit,
914 5379 1079 5436 Deum
1123 5380 1261 5436 facie
1293 5382 1359 5437 ad
1404 5382 1621 5449 faciem,
1654 5392 1707 5438 et
1740 5383 1942 5439 salvata
1979 5394 2061 5441 est

579 5515 860 5589 f'rllabac.
900 5533 957 5572 tn
983 5558 996 5580 .
1030 5518 1066 5589 ίί
1090 5532 1267 5589 ,δεησιο

486 5584 529 5657 ξ’
557 5586 739 5657 ιΙοιηγ
770 5604 811 5653 t,
839 5589 891 5643 3.
999 5588 1043 5621 ³⁸
1080 5584 1245 5645 Ιοειιιξ
1270 5608 1323 5657 v,
1353 5592 1440 5647 38.
1522 5593 1563 5623 ³³
1600 5584 1733 5647 Gen.
1780 5610 1942 5656 xxxv,
2000 5594 2045 5647 l.

484 5655 537 5711 9.
652 5658 695 5689 ⁵³
724 5656 741 5711 l
766 5659 891 5713 Cor.
931 5676 1018 5723 xv,
1057 5660 1111 5713 3.

2248 4649 2373 4697 dum
2406 4644 2555 4696 aliud
2590 4654 2637 4696 et
2664 4644 2811 4695 aliud
2846 4645 2909 4696 de
2935 4658 3040 4695 uno
3078 4653 3128 4695 et
3154 4644 3335 4696 eodem
3361 4644 3583 4709 dicitur,
3642 4661 3728 4699 nec

2242 4715 2522 4769 diuidimus
2548 4716 2601 4766 in
2634 4716 2758 4766 duo.

2266 4830 2501 4881 Sanctus
2531 4826 2725 4880 Paulus
2756 4825 3052 4879 salutarem
3098 4825 3406 4893 passionem
3451 4826 3608 4882 nobis
3656 4842 3746 4881 ex-

2166 4921 2331 4990 ponit,
2382 4921 2457 4972 ait
2492 4934 2720 4987 namque
2751 4936 2766 4976 ;
2798 4939 2815 4969 ι
2847 4916 2998 4975 Nunc
3028 4919 3197 4989 gratia
3233 4918 3331 4973 Dei
3358 4935 3455 4988 pro
3475 4921 3731 4975 omnibus

2162 5014 2397 5081 gustavit
2422 5023 2647 5065 mortem
2670 5012 2737 5072 “,
2767 5031 2783 5063 ι
2824 5027 2921 5065 nec
2948 5026 3050 5064 non
3074 5011 3237 5067 etiam
3271 5031 3284 5065 :
3312 5030 3332 5064 ι
3354 5010 3574 5069 Tradidi
3602 5016 3739 5071 enim

2172 5106 2327 5159 vobis
2357 5104 2639 5172 imprimis,
2669 5104 2809 5173 quod
2837 5115 2891 5157 et
2918 5105 3102 5173 accepi
3141 5122 3153 5157 :
3185 5104 3442 5173 quoniam
3492 5106 3738 5161 Christus

2170 5211 2415 5253 mortuus
2449 5208 2530 5251 est
2555 5213 2650 5266 pro
2680 5199 2922 5266 peccatis
2966 5199 3194 5263 nostris,
3246 5200 3548 5254 secundum
3595 5199 3727 5254 Scri-

2169 5302 2377 5359 pturas,
2414 5300 2465 5343 et
2497 5290 2621 5357 quia
2642 5289 2885 5357 sepultus
2908 5301 3009 5356 est,
3030 5298 3085 5345 et
3106 5290 3231 5358 quia
3262 5293 3567 5347 resurrexit
3585 5291 3733 5346 tertia

2166 5385 2252 5438 die
2286 5381 2354 5435 “.
2414 5400 2432 5433 ι
2498 5383 2575 5437 Ad
2639 5382 2741 5436 hoc
2783 5383 2943 5435 etiam
3000 5382 3441 5453 sapientissimus
3484 5384 3676 5441 Petrus
3715 5398 3728 5435 :

1346 5520 1391 5553 ³³
1438 5520 1597 5575 llehr.
1636 5538 1703 5586 ll,
1746 5522 1798 5577 9.
1878 5523 1922 5554 “
1953 5521 2106 5576 Joan.
2151 5540 2242 5577 vttt
2273 5567 2287 5590 ,
2344 5523 2434 5577 9.8.
2510 5521 2554 5555 ³⁸
2583 5523 2717 5578 Gen.
2778 5538 2925 5578 xxxtt
2952 5562 2965 5583 ,
2997 5521 3191 5578 34-26.
3270 5521 3317 5553 ³⁸
3357 5522 3493 5578 ibid.
3543 5521 3729 5578 29-3“.

1353 5592 1440 5647 38.
1522 5593 1563 5623 ³³
1600 5594 1733 5647 Gen.
1780 5610 1942 5648 xxxv.
2000 5594 2045 5647 l.
2124 5594 2168 5626 ⁸ο
2195 5593 2325 5647 Dan.
2369 5609 2467 5648 vn.
2506 5595 2569 5648 l3
2601 5611 2753 5648 seno.
2829 5594 2870 5625 "
2910 5591 3138 5648 Philinn.
3174 5607 3234 5648 tt.
3266 5592 3323 5648 7.
3401 5594 3448 5625 δ’
3484 5594 3647 5648 llebr.
3670 5608 3729 5648 tt.

2241 5612 2325 5647 an.
2369 5609 2467 5659 vn,
2506 5609 2569 5648 to
2601 5611 2753 5665 seqq.

2829 5594 2870 5625 δ’
2910 5591 3138 5664 Philipp.
3174 5607 3234 5657 ll,
3266 5592 3323 5648 7.
3401 5594 3448 5625 δ’
3484 5594 3647 5649 llebr.
3670 5608 3729 5655 ιι.

554 5792 631 5859 (1)
674 5792 768 5851 Hic
804 5794 952 5851 locus
982 5796 1212 5854 habetur
1240 5798 1537 5867 descriptus
1590 5797 1639 5851 iu
1685 5796 1819 5854 libro
1869 5799 2044 5867 primo
2088 5794 2293 5853 Leontii
2334 5795 2617 5865 Bylantini
2688 5800 2943 5856 adversus
2989 5800 3357 5872 Eutychianos
3428 5804 3533 5859 sub
3559 5804 3730 5860 ‘incm.

484 5860 676 5919 BALL'a.
