3926 6494
200 472 226 522 1
246 470 373 525 405

1197 472 1486 529 SCHOLIA
1531 472 1617 527 DE
1653 472 2166 528 INCARNA'I'IONE
2203 467 2575 528 UNIGENITI.

3428 461 3565 519 “06

205 606 228 638 ι
280 586 577 655 Christo,
610 590 805 659 inquit,
858 605 1021 659 passo
1053 606 1151 657 pro
1176 592 1330 645 nobis
1364 606 1531 645 carne
1556 590 1620 644 “.
1668 610 1684 641 ι
1718 590 1853 643 Cum
1888 593 1934 649 Α
1963 588 2126 644 Pullis
2155 590 2364 644 dunlms
2398 595 2750 659 comparatur
2788 586 3062 650 Christus,
3116 597 3226 637 non
3256 582 3401 651 quod
3452 584 3563 635 duo

202 695 411 733 unum
478 682 657 750 igitur
713 682 986 737 credimus
1036 682 1322 736 Dominum
1372 692 1618 736 nostrum
1670 681 1854 735 .lesunt

200 768 569 837 Christum,
605 772 656 826 id
681 782 789 836 est,
848 773 900 827 in
937 773 1171 827 humana
1226 772 1399 826 forma
1453 782 1805 839 conspectum
1840 811 1856 837 ,

201 862 347 916 sive
387 863 692 919 hominem
741 863 943 919 factum
994 865 1151 934 juxta
1204 879 1322 926 nos,
1362 864 1528 917 Deum
1566 862 1802 917 Verbum
1839 902 1855 927 ,

199 957 544 1023 quomodo
579 966 633 1011 et
672 957 977 1026 passionem
1014 956 1113 1025 ipsi
1155 956 1498 1025 deputemus.
1544 965 1601 1009 et
1648 955 1856 1026 impas-

201 1046 402 1100 sibile
455 1056 643 1102 tamen
663 1062 964 1113 servemus,
1002 1055 1063 1101 ut
1096 1045 1310 1101 Deum?

286 1138 470 1210 Ergo
510 1140 690 1208 passio
718 1138 1141 1209 dispensationis
1166 1148 1308 1204 erat,
1342 1154 1439 1193 sua
1474 1140 1696 1207 quidem
1746 1138 1850 1193 du-

203 1242 404 1284 cente
462 1231 578 1285 Deo
619 1229 798 1284 Verbo
840 1243 927 1292 ea,
985 1244 1108 1299 qua!
1163 1238 1290 1283 sunt
1348 1230 1565 1297 propria
1620 1229 1852 1292 carnis,

204 1332 489 1391 propter
546 1321 969 1377 inenarrabilem
1021 1320 1339 1386 unitatem;
1399 1330 1655 1374 manente
1724 1335 1855 1373 vero

205 1425 407 1467 extra
446 1416 785 1484 passionem,
809 1423 1074 1484 quantum
1108 1412 1173 1466 ad
1222 1412 1395 1482 ipsius
1439 1420 1689 1465 naturam
1727 1428 1853 1480 per-

206 1505 381 1559 tinet.
426 1526 443 1559 :
481 1506 828 1574 iutpassibilis
848 1506 991 1559 enim
1026 1503 1168 1559 Deus
1198 1515 1303 1559 est.
1328 1503 1585 1574 Nequeid
1617 1506 1812 1557 mirum
1834 1545 1850 1568 ,

206 1614 362 1650 cum
406 1608 473 1651 et
502 1599 669 1663 ipsam
707 1596 941 1650 hominis
972 1596 1208 1649 animam
1241 1597 1523 1651 videamus
1556 1636 1569 1659 .
1626 1598 1670 1651 si
1725 1598 1851 1664 quid

206 1703 461 1751 corpus
485 1701 699 1757 passum
730 1685 912 1751 fuerit,
938 1694 1092 1739 extra
1128 1684 1436 1753 passionem
1467 1686 1684 1755 quidem
1738 1703 1851 1738 ma-

212 1790 508 1843 nentem,
561 1789 823 1847 quantum
864 1779 1103 1848 pertinet
1153 1778 1220 1831 ad
1272 1789 1559 1844 naturam;
1610 1789 1849 1831 attamen

213 1884 349 1921 non
394 1879 560 1923 extra
587 1870 894 1936 passionem
922 1884 1044 1923 esse
1098 1868 1327 1937 intelligi
1362 1910 1377 1933 ,
1416 1884 1480 1922 eo
1530 1871 1672 1937 quod
1717 1886 1848 1935 pro-

213 1962 437 2029 prium
472 1962 543 2014 sit
577 1975 775 2029 corpus
806 1960 976 2031 ipsius
1006 1962 1149 2029 quod
1183 1963 1404 2031 patitur.
1437 1961 1603 2031 796
1633 1961 1698 2014 Et
1727 1962 1849 2014 licet

217 2050 574 2120 iucontigua
607 2051 700 2114 sit,
754 2062 807 2105 et
847 2052 1075 2121 simplex
1113 2070 1129 2119 ;
1178 2068 1356 2107 tamen
1392 2053 1442 2105 id
1474 2056 1615 2121 quod
1645 2052 1852 2120 patitur

219 2155 353 2194 non
395 2152 485 2195 est
522 2141 779 2196 alienum.
828 2144 918 2197 Sic
963 2144 1236 2212 intelliges
1288 2146 1453 2198 etiam
1508 2146 1576 2197 de
1629 2145 1851 2199 Christo

217 2234 501 2287 omnium
526 2232 828 2288 Salvatore.
858 2235 995 2291 Utar
1019 2248 1195 2292 autem
1226 2238 1512 2304 exemplis,
1544 2255 1663 2305 quze
1690 2240 1847 2309 quasi

220 2337 343 2392 per
391 2324 626 2392 aenigma
670 2326 825 2380 nobis
874 2328 1085 2395 possint
1135 2327 1457 2388 ostendere.
1498 2329 1644 2396 quod
1689 2344 1841 2383 com-

222 2415 555 2468 ttttttticarit
600 2416 818 2484 quidem
876 2418 1113 2485 passioni
1160 2416 1524 2487 Unigenitus,
1578 2430 1843 2489 quantum

230 2508 539 2575 pertineat
568 2513 635 2560 ad
675 2508 1103 2564 familiaritatem
1161 2512 1407 2581 corporis
1441 2513 1546 2574 sui,
1583 2514 1847 2567 manserit

223 2610 437 2652 autem
469 2600 737 2666 passionis
767 2616 985 2672 expers,
1020 2613 1078 2654 ttt
1113 2603 1271 2657 Dens.

317 2689 511 2758 Itaque
552 2693 691 2746 Deus
738 2695 1088 2762 omnipotens
1138 2695 1381 2765 prodigia
1429 2697 1846 2762 sapientissimo

228 2781 428 2853 Moysi
456 2782 683 2849 iubebat
718 2784 953 2849 eliicere,
1000 2802 1057 2839 ιιι
1080 2788 1330 2840 crederet
1355 2788 1404 2841 ei
1447 2787 1614 2841 Israel
1646 2830 1661 2851 ,
1698 2792 1843 2857 quoii

230 2886 397 2928 esset
433 2878 628 2929 missus
662 2892 687 2928 a
724 2875 852 2937 Deo.
880 2888 1011 2931 etut
1038 2895 1065 2931 a
1096 2878 1347 2932 violentia
1370 2880 1735 2945 liberaretur;
1767 2884 1843 2934 ait

231 2976 471 3020 autent:
512 2989 528 3019 ‹
568 2967 630 3021 Et
660 2969 895 3036 accipies
921 2986 1120 3035 aquam
1149 2970 1215 3023 tle
1248 2970 1490 3034 ﬂumine,
1521 2982 1573 3024 et
1597 2970 1842 3025 elTundes

231 3076 415 3129 super
445 3071 663 3123 terram,
692 3070 747 3115 et
778 3060 882 3114 erit
914 3078 1055 3128 aqua
1082 3079 1242 3130 quant
1268 3065 1508 3133 accipies
1544 3081 1570 3116 a
1591 3063 1837 3127 ﬂumine,

234 3152 473 3220 sanguis
514 3167 679 3219 super
716 3163 917 3207 terram
972 3154 1039 3208 ⁸⁸.
1080 3174 1097 3205 ι
1146 3153 1459 3223 luqnimns,
1507 3158 1648 3225 quod
1699 3172 1838 3225 aqua

234 3243 471 3310 quidem
504 3243 672 3312 ﬁgura
705 3244 778 3299 sit
812 3247 957 3307 vitaz,
990 3256 1042 3300 et
1075 3246 1215 3313 quod
1249 3248 1319 3300 sit
1345 3262 1439 3315 per
1460 3260 1709 3301 naturam
1730 3249 1837 3301 vita

235 3333 424 3389 Filius
446 3350 511 3389 ex
546 3335 709 3390 Patre
738 3348 999 3407 tauquam
1030 3355 1093 3393 ex
1122 3338 1343 3394 ﬂumine
1368 3343 1576 3407 exiens,
1597 3340 1842 3411 ejusdem

240 3431 569 3485 substantia:
624 3432 866 3499 ratione;
921 3434 1101 3500 itaque
1146 3434 1327 3487 omnia
1377 3434 1633 3487 vivilicat.
1672 3452 1691 3484 ι
1738 3433 1843 3487 Sed

241 3539 378 3579 cum
404 3541 623 3592 aquam,
649 3526 845 3595 inquit,
876 3526 1130 3580 cﬂttderis
1158 3540 1319 3594 super
1342 3538 1563 3591 terram,
1589 3526 1693 3579 etit
1718 3544 1845 3581 san-

242 3616 395 3686 guis.
435 3637 453 3669 ι
489 3616 745 3680 Verbum,
779 3635 900 3672 cum
939 3620 1141 3673 luctum
1192 3630 1273 3673 cst
1310 3636 1439 3673 caro
1486 3622 1552 3673 de
1584 3630 1751 3684 terra,
1792 3620 1844 3673 id

243 3720 357 3775 est,
394 3715 610 3780 quando
634 3726 661 3764 a
698 3721 839 3765 terra
866 3727 1084 3765 carnem
1114 3713 1214 3767 sibi
1236 3713 1616 3778 circumdedit,
1643 3711 1841 3765 tunein

246 3821 319 3860 ea
364 3814 590 3858 mortem
634 3815 836 3860 nostra:
886 3806 1118 3860 similem
1177 3806 1379 3859 dicitur
1436 3822 1680 3875 passum,
1719 3806 1845 3859 licet

247 3906 351 3962 per
378 3902 625 3947 naturam
664 3894 734 3947 sit
761 3894 891 3947 vita.

828 4031 980 4089 CAP.
1018 4031 1256 4087 XXXIV.

951 4146 1135 4201 Aliud.

331 4258 383 4313 in
406 4258 646 4313 Levitico
682 4261 944 4329 pollutum
972 4261 1109 4315 Deus
1131 4272 1185 4315 et
1209 4263 1544 4316 immundum
1572 4266 1841 4332 leprmnm

250 4366 377 4405 esse
410 4352 708 4421 signiﬁcat,
745 4362 909 4420 atque
938 4353 1009 4404 ita
1034 4368 1160 4406 eum
1196 4354 1261 4407 de
1281 4354 1478 4408 castris
1501 4356 1619 4422 cjici
1654 4360 1843 4423 pra-ri-

253 4442 334 4509 pit
366 4453 620 4510 oportere
638 4442 681 4471 “
710 4459 724 4507 ;
757 4452 810 4496 et
844 4442 887 4495 si
924 4451 1151 4496 sanatus
1209 4445 1375 4497 fuerit
1424 4447 1644 4498 tttnrhus
1666 4486 1679 4507 ,
1742 4446 1842 4497 huc

254 4547 379 4585 eum
433 4543 590 4599 pacto
636 4533 855 4601 purgari
900 4550 911 4583 :
970 4552 987 4583 ι
1047 4533 1113 4587 Et
1156 4536 1432 4605 accipiens
1479 4537 1614 4589 duos
1670 4540 1843 4603 pullus

256 4625 507 4685 mundos,
536 4631 591 4676 et
620 4623 823 4688 lignum
857 4626 1160 4689 cedrinutn,
1192 4640 1247 4680 et
1294 4631 1577 4681 coccinum
1618 4639 1671 4682 et
1712 4631 1837 4699 hys-
1879 4659 1915 4709 ο

255 4729 470 4782 sopum,
495 4722 549 4766 et
573 4714 851 4783 praecipiet
894 4717 1149 4770 sacerdos
1174 4756 1187 4779 ,
1239 4728 1293 4769 et
1326 4719 1582 4772 occidens
1630 4722 1838 4779 pullum

255 4822 422 4860 unum
456 4806 507 4858 in
542 4821 667 4860 vase
696 4807 866 4869 lictili,
904 4808 953 4859 itt
1004 4824 1139 4877 aqua
1189 4812 1306 4861 viva
1339 4852 1351 4873 ,
1419 4816 1473 4862 et
1510 4812 1711 4879 pttllum
1748 4815 1837 4879 qui

256 4900 389 4952 vivit
440 4898 674 4968 accipiet
707 4939 722 4963 ,
780 4910 833 4952 et
863 4900 1067 4954 iuvabit
1122 4903 1273 4953 illum
1315 4905 1367 4955 in
1402 4906 1665 4973 sanguine
1699 4906 1829 4971 pulli

254 4993 419 5045 occisi
453 4993 504 5044 itt
526 5006 663 5060 aqua
695 4992 841 5054 viva,
871 5002 923 5045 et
953 5004 1200 5063 aspergat
1231 5011 1394 5061 super
1416 5012 1540 5047 enttt
1574 4997 1663 5061 qui
1698 5013 1824 5063 pur-

256 5091 413 5151 gatus
450 5090 525 5133 est
559 5097 588 5132 a
619 5080 764 5148 lepra
802 5083 1021 5150 septies,
1053 5092 1107 5135 et
1139 5084 1371 5138 mundus
1399 5084 1503 5137 erit
1530 5084 1597 5137 ‘7.
1639 5104 1653 5134 ι
1695 5086 1835 5137 ιιυςι.

256 5173 337 5226 dit
390 5172 608 5239 quidem
678 5189 775 5226 nos
820 5176 1052 5228 mundos
1088 5217 1102 5240 ,
1146 5185 1199 5227 et
1238 5176 1596 5245 pollutionuut
1654 5180 1846 5231 sordes

258 5263 449 5323 abluit.
482 5272 537 5315 et
569 5263 805 5317 carnalis
841 5265 1301 5332 concupiscentim
1332 5267 1719 5320 tttortalitattnn
1758 5285 1840 5319 t'e-

260 5354 408 5420 pellit
455 5353 677 5422 sanguis
729 5355 1158 5421 pretiosissitnus
1209 5358 1449 5418 Christi,
1497 5370 1551 5411 et
1592 5360 1842 5426 purgatio

262 5445 601 5512 baptismatis
649 5458 1007 5499 sacrosancti.
1082 5448 1351 5501 Cteteruut
1417 5451 1546 5503 illttd
1614 5450 1841 5517 aspice;

260 5537 574 5590 utnittetttes
624 5538 765 5590 enim
814 5540 1141 5607 scriptorum
1200 5542 1303 5593 vim
1341 5545 1658 5595 ettatninare
1701 5545 1843 5613 quod

264 5629 523 5698 mysterio
580 5631 831 5700 expediat
863 5674 875 5688 .

1885 1931 1925 1986 Β

1873 3290 1918 3351 C

932 5634 981 5686 in
1039 5638 1325 5703 priusentia
1397 5638 1839 5691 memorabimus.

332 5833 377 5863 δι
421 5832 437 5885 ι
473 5832 613 5886 Petr.
651 5854 721 5901 lt“,
768 5839 807 5891 l_

335 5904 467 5959 Lttt’.
512 5921 570 5967 tt,
600 5906 664 5959 5‘2

636 5925 664 5938 -ι

637 5942 684 5961 βο

893 5839 1120 5894 “’l'lxod
1190 5843 1345 5905 tt',‘l
1434 5844 1473 5871 δ*
1535 5842 1700 5898 Levit.
1770 5860 1888 5910 χιιι,

270 5905 307 5933 .1

1934 5846 1963 5879 (⁷)

1962 682 2071 736 sint
2103 681 2219 745 lilii,
2257 684 2352 736 sed
2402 681 2545 751 qttutl
2593 695 2736 734 unus
2785 677 2967 747 petitts
3005 690 3075 730 ex
3127 674 3379 739 tlttobtts,
3424 674 3565 727 divi-

1960 773 2133 828 nitate
2176 782 2232 827 et
2274 773 2616 827 humanitate
2667 772 2719 824 in
2767 770 3032 824 unitatem
3079 768 3317 823 collatis.
3368 765 3555 820 Mundi

1959 876 2139 920 autem
2171 866 2300 937 pulli
2330 882 2343 919 :
2373 880 2552 934 neque
2583 865 2727 921 enim
2761 863 2891 918 fecit
2927 872 3211 931 peccatum
3256 860 3399 915 Deus
3456 874 3563 912 no-

1960 967 2077 1013 ster
2103 957 2263 1012 Jesus
2300 957 2587 1019 Christus;
2616 956 2714 1012 sed
2741 964 2862 1011 erat
2908 954 3147 1009 Verbum
3181 963 3461 1015 sanctum,
3504 958 3563 1003 et

1958 1047 2256 1100 divinitatis
2304 1055 2357 1101 et
2389 1046 2750 1100 immanitatis
2784 1045 3016 1099 ratione.
3059 1040 3395 1098 Volucribus
3427 1055 3561 1094 vero

1958 1150 2343 1209 comparatur,
2397 1138 2541 1208 quod
2573 1138 2729 1206 quasi
2768 1138 2821 1191 itt
2859 1135 3081 1190 sublimi
3120 1134 3193 1190 sit
3239 1149 3404 1203 supra
3442 1142 3558 1189 ter-

1960 1247 2097 1293 ram.
2138 1243 2193 1285 et
2233 1247 2267 1285 θ
2310 1231 2451 1286 coelo
2501 1232 2783 1300 desuper:
2826 1229 3023 1284 ccasio
3060 1228 3207 1283 enim
3266 1227 3433 1283 homo
3476 1234 3562 1281 est

1956 1326 2223 1389 Christus,
2262 1324 2386 1379 licet
2417 1339 2639 1378 cat-nom
2688 1332 2880 1377 sancta
2934 1318 3105 1389 Virgo
3132 1318 3457 1388 pepererit;
3490 1332 3559 1371 eo

1958 1417 2117 1472 modo
2142 1418 2304 1487 igitur
2325 1417 2560 1484 desuper
2576 1426 2630 1469 et
2656 1417 2723 1469 de
2754 1414 2916 1469 ccelo.
2950 1412 3093 1467 Deus
3118 1413 3265 1467 enim
3290 1410 3558 1476 Verbum,

1956 1507 2101 1576 quod
2126 1516 2213 1563 est
2244 1506 2479 1575 desuper
2512 1517 2566 1561 et
2594 1521 2658 1560 ex
2688 1506 2851 1560 Patre
2876 1544 2891 1569 ,
2938 1519 3162 1559 carnem
3211 1518 3277 1556 ex
3336 1501 3561 1572 Virgine

1954 1609 2142 1655 sancta
2167 1599 2459 1667 accipiens,
2492 1608 2548 1653 et
2571 1614 2691 1653 eam
2736 1613 2892 1652 suam
2920 1598 3311 1667 propriamque
3346 1594 3544 1648 existi-

1955 1705 2130 1754 mans,
2169 1699 2423 1759 tanquam
2456 1689 2502 1743 si
2532 1704 2653 1743 eam
2700 1689 2934 1757 desuper
2967 1697 3022 1742 et
3073 1688 3139 1739 de
3187 1684 3329 1741 coelo
3387 1684 3554 1738 tletu«

1954 1781 2123 1845 lisset,
2160 1781 2417 1835 dicebat:
2464 1800 2481 1831 ι
2526 1779 2693 1833 Nemo
2744 1779 2991 1833 ascendit
3049 1778 3102 1831 itt
3152 1777 3393 1839 caelum,
3449 1775 3557 1829 nisi

1955 1875 2045 1943 qui
2079 1874 2146 1927 de
2200 1874 2342 1927 cmlo
2392 1872 2677 1927 descendit
2713 1871 2884 1925 Filius
2926 1869 3204 1933 hominis,
3250 1868 3453 1935 quiest
3503 1867 3555 1919 in

1963 1966 2193 2023 cmlo“.
2237 1985 2255 2017 ι
2296 1966 2368 2019 Ea
2399 1965 2543 2018 enim
2597 1980 2719 2033 qua:
2766 1978 2864 2019 sua
2904 1970 3073 2025 sunt,
3122 1960 3356 2030 propriae
3403 1959 3554 2013 carni

1964 2076 2179 2129 semper
2215 2058 2504 2121 attribuit;
2531 2056 2829 2110 adnnatum
2864 2068 2993 2107 vero
3020 2052 3189 2107 semel
3219 2091 3235 2114 ,
3279 2050 3393 2121 jam
3429 2063 3554 2104 cum

1964 2153 2077 2221 ipsa
2112 2167 2275 2205 unum
2306 2149 2517 2204 scilicet
2542 2148 2867 2201 mstimatur.

2033 2241 2299 2295 Caeterum
2330 2241 2472 2299 vide.
2512 2239 2697 2293 occiso
2732 2254 2840 2291 uno
2890 2236 3057 2305 pullo,
3101 2234 3272 2288 lavari
3326 2234 3552 2303 quidem

1958 2335 2183 2388 alterum
2213 2332 2327 2401 ejus
2362 2324 2648 2399 sanguine.
2686 2340 2867 2383 tamen
2902 2344 3008 2381 non
3057 2328 3231 2381 eutori
3263 2344 3275 2390 ;
3328 2334 3383 2379 ct
3417 2325 3551 2393 quid

1959 2430 2060 2482 boc
2085 2427 2196 2481 sit?
2257 2424 2481 2479 Vivebat
2531 2420 2790 2486 Verbum,
2838 2419 2966 2473 licet
3028 2434 3126 2472 sua
3181 2433 3309 2470 caro
3356 2415 3552 2469 luisset

1956 2527 2227 2581 emortua,
2274 2524 2328 2569 et
2368 2529 2713 2569 communem
2764 2512 3079 2580 passionem
3119 2523 3241 2563 esse
3292 2508 3507 2562 dicebat
3537 2547 3552 2568 ,

1955 2620 2174 2679 prapter
2205 2608 2585 2663 adunationetn
2611 2616 2664 2658 et
2682 2605 3107 2659 familiaritatem
3128 2616 3291 2669 quam
3319 2602 3553 2655 habebat

1954 2716 2074 2754 cum
2106 2714 2292 2752 carne.
2337 2696 2503 2767 igitur
2531 2696 2708 2764 ipsum
2756 2694 2977 2763 quidem
3023 2692 3201 2756 vivit,
3252 2701 3309 2745 ut
3361 2689 3552 2756 Deus;

1954 2806 2152 2857 corpus
2176 2806 2305 2843 vero
2336 2796 2599 2857 tauquam
2630 2787 2909 2857 proprium
2956 2784 3214 2848 faciebat,
3268 2794 3322 2837 et
3364 2784 3443 2837 sic
3497 2784 3549 2837 itt

1958 2900 2010 2939 se
2041 2880 2381 2937 familiariter
2402 2878 2705 2948 accipiebat
2751 2878 2998 2946 corporis
3046 2877 3367 2946 passiones,
3418 2890 3542 2927 cum

1953 2976 2130 3043 ipsum
2168 2972 2301 3026 ttiltil
2353 2974 2405 3024 in
2456 2980 2646 3023 natura
2701 2970 2921 3037 propria
2959 2976 3262 3036 pateretur.
3316 2967 3549 3021 Prodest

1951 3066 2113 3135 igitur
2141 3075 2194 3117 et
2221 3063 2587 3117 necessarium
2621 3071 2727 3122 est.
2762 3061 2805 3113 si
2841 3063 2891 3113 itt
2922 3077 3029 3113 uno
3057 3059 3277 3115 Christo
3310 3058 3361 3111 id
3388 3059 3541 3112 acci-

1950 3160 2164 3228 piamus
2200 3158 2345 3223 quod
2394 3155 2700 3209 secundum
2748 3153 2891 3207 aliud
2928 3161 2984 3208 et
3014 3152 3161 3205 aliud
3202 3152 3269 3206 de
3309 3166 3419 3205 uno
3456 3165 3553 3204 eo-

1949 3252 2184 3318 demque
2235 3248 2627 3311 constituatur,
2680 3256 2733 3299 ct
2774 3247 2917 3315 quod
2972 3244 3025 3299 in
3078 3244 3188 3297 duo
3225 3242 3392 3298 dividi
3441 3259 3551 3299 non

1951 3344 2303 3412 permittatur
2330 3382 2343 3404 ,
2384 3341 2509 3395 licet
2533 3340 2749 3393 diversa
2780 3338 2923 3391 inter
2956 3352 3036 3399 se,
3076 3346 3131 3389 et
3164 3335 3392 3389 minime
3422 3350 3549 3391 con.

1947 3436 2240 3496 venientia,
2274 3446 2396 3485 actu
2423 3446 2546 3486 esse
2573 3432 2843 3484 dicantur.

2024 3528 2114 3581 Est
2147 3538 2328 3582 autem
2364 3526 2470 3579 tale
2502 3524 2645 3592 quod
2682 3523 2825 3575 dico.
2861 3520 3059 3575 Natum
3090 3535 3216 3574 esse
3246 3520 3549 3574 secundum

1947 3633 2170 3672 Carnem
2203 3632 2267 3669 ex
2298 3615 2521 3668 muliere
2560 3614 2726 3667 Deum
2762 3610 2998 3665 dicimus
3044 3610 3274 3663 Verbum
3306 3648 3320 3670 ,
3355 3624 3553 3676 quant-

1948 3710 2029 3763 vis
2065 3710 2317 3762 omnibus
2355 3709 2469 3774 ipse
2506 3708 2737 3775 priebeat
2781 3702 2950 3766 nasci,
2990 3714 3042 3756 et
3074 3704 3141 3754 ad
3176 3702 3545 3765 nativitatem,

1946 3820 2065 3873 quae
2096 3804 2333 3855 nondum
2382 3813 2502 3854 nata
2536 3810 2683 3861 sunt,
2720 3810 2893 3853 vocet.
2950 3796 3263 3851 Secundum
3312 3796 3456 3851 aliud
3498 3811 3554 3850 et

1947 3898 2092 3950 aliud
2122 3908 2307 3948 natuttt
2342 3904 2444 3957 est,
2473 3910 2537 3945 eo
2570 3892 2713 3961 quod
2760 3893 2923 3945 homo
2953 3892 3124 3943 nostri
3161 3890 3356 3943 similis
3386 3889 3549 3943 intel-

1961 3990 2199 4056 ligatur;
2230 3997 2381 4041 vocat
2414 3995 2595 4041 autem
2628 3987 2690 4037 ad
2730 3984 3064 4039 nativitatem
3089 3984 3291 4047 omnia,
3319 3997 3383 4037 eo
3407 3982 3555 4051 quod

1947 4091 2138 4133 ttatttra
2170 4079 2237 4133 sit
2272 4078 2433 4131 Deus.

2018 4171 2294 4236 Scriptum
2321 4179 2405 4223 est
2442 4170 2604 4223 etiam
2636 4168 2702 4221 de
2731 4169 2849 4234 ipso
2889 4181 2899 4214 :
2944 4185 2962 4217 t
3022 4165 3163 4219 Puer
3200 4164 3557 4235 proﬁciebat,

1945 4275 1995 4315 ct
2030 4260 2471 4323 confortabatur,
2520 4274 2574 4313 et
2610 4260 2944 4327 itnplebatur
2991 4256 3259 4325 sapienzia
3318 4266 3371 4311 et
3422 4273 3554 4327 gra-

1948 4355 2017 4403 tia
2051 4352 2113 4406 *9.
2151 4370 2168 4401 ι
2206 4349 2341 4404 Cum
2391 4359 2583 4402 natura
2618 4351 2687 4401 sit
2729 4348 3034 4414 perlectum
3069 4356 3126 4398 ut
3178 4345 3356 4412 Deus,
3404 4356 3457 4399 et
3486 4362 3554 4400 ex

1944 4461 2038 4496 sua
2083 4442 2415 4511 plenitudine
2461 4440 2727 4509 spiritalia
2776 4440 2981 4491 sanctis
3040 4436 3321 4505 impertiat
3362 4454 3375 4499 ;
3424 4450 3555 4490 cunt

1946 4537 2115 4600 ipsum
2161 4534 2229 4585 sit
2259 4531 2542 4601 sapientia:
2575 4532 2731 4581 dator
2758 4539 2808 4579 et
2838 4527 3051 4596 gratim,
3102 4525 3375 4596 quomodo
3426 4541 3553 4596 pro-

1949 4630 2051 4679 lirit
2084 4641 2235 4691 puer,
2271 4636 2323 4677 ct
2348 4625 2611 4692 sapientia
2650 4623 2907 4688 impletur
2959 4633 3011 4673 et
3066 4620 3292 4688 gratia?
3339 4620 3552 4673 Secun-

1952 4721 2075 4772 dum
2106 4719 2249 4771 aliud
2283 4727 2335 4768 et
2365 4716 2507 4769 aliud
2550 4734 2559 4766 :
2596 4732 2715 4767 cum
2762 4716 2829 4766 sit
2855 4714 3001 4767 enim
3058 4712 3173 4781 ipse
3203 4712 3343 4764 ident
3389 4711 3555 4766 homo

1951 4810 2111 4862 simul
2155 4818 2207 4860 et
2255 4808 2414 4866 Deus,
2463 4817 2685 4875 propter
2735 4807 2997 4857 unitati-nt
3046 4804 3267 4872 quidem
3321 4803 3549 4872 proprie

1952 4903 2097 4953 ducit
2132 4902 2364 4953 humana
2392 4916 2405 4963 ;
2436 4910 2516 4952 est
2541 4911 2723 4951 autem
2758 4897 3059 4966 perlectus,
3101 4905 3157 4950 et
3186 4895 3468 4964 sapientiae
3495 4904 3555 4951 et

1948 4993 2137 5062 gratia:
2168 4994 2349 5053 dator,
2383 5000 2439 5043 nt
2479 4991 2642 5042 Deus.

2024 5082 2376 5150 Nnncnpatus
2431 5092 2514 5135 est
2572 5082 2736 5134 etiam
2778 5089 2829 5131 et
2873 5076 3295 5146 primogenitus.
3338 5086 3394 5131 et
3432 5076 3557 5130 uni-

1951 5176 2205 5245 genitns;
2262 5176 2356 5228 sed
2412 5174 2453 5227 si
2490 5174 2614 5244 quis
2659 5172 2764 5225 vim
2811 5171 2984 5239 ipsam
3032 5171 3268 5224 scrutari
3322 5168 3555 5225 voluerit

1912 5318 1919 5319 ,
1953 5266 2274 5329 dictionum,
2308 5264 2701 5334 primogenitus
2724 5273 2828 5325 est,
2871 5262 2962 5331 qui
2996 5264 3141 5315 inter
3186 5260 3388 5315 fratres
3426 5260 3550 5329 plu-

1957 5361 2120 5412 l‘ilthS
2149 5357 2540 5426 primogenitus
2564 5374 2578 5421 ;
2606 5356 2919 5426 unigenitus
2953 5369 3082 5406 vero
3112 5394 3125 5418 ,
3182 5363 3241 5407 ut
3278 5352 3544 5421 unigeni-

1952 5460 2058 5514 ttts,
2092 5468 2195 5503 non
2222 5449 2331 5517 jam
2370 5450 2788 5519 primogenitus,
2823 5462 2921 5501 nec
2952 5448 3097 5500 inter
3130 5446 3399 5515 plurimos
3433 5445 3549 5499 ira-

1952 5555 2081 5597 tres.
2117 5542 2181 5594 At
2212 5552 2294 5595 est
2327 5543 2461 5610 ipse,
2504 5551 2559 5595 et
2598 5542 2720 5599 hoc.
2755 5547 2808 5594 et
2842 5539 3016 5606 illud;
3064 5539 3341 5607 quomodo
3378 5537 3560 5607 ergo?

1955 5636 2260 5689 Secundum
2299 5633 2440 5689 aliud
2485 5647 2537 5688 et
2587 5633 2731 5687 aliud
2768 5650 2779 5683 :
2819 5631 3221 5703 primogenitus
3268 5632 3412 5686 enim
3442 5672 3457 5695 ,
3495 5641 3556 5685 ut

3497 5840 3552 5900 ὖ.

2011 5860 2164 5915 seqq.
2246 5844 2285 5875 δ’
2332 5842 2505 5897 Lortit.
2569 5858 2679 5910 λιγ,
2752 5841 2931 5897 i931.
3017 5842 3051 5872 "
3096 5838 3254 5897 Juan.
3322 5856 3399 5905 ιιι,
3466 5840 3485 5894 l

1937 5885 1965 5897 δ’
