3926 6470
496 473 633 530 ($07

1524 464 1584 520 S.
1628 461 1905 520 CYRILLI
1942 452 2408 513 ALEXANDBIM
2452 448 2774 507 ARClllEP.

3623 440 3735 497 NBG

497 588 638 640 ευιει-
658 582 813 652 797
846 578 1105 650 plurimos
1139 580 1357 643 fratres,
1390 590 1607 649 propter
1631 578 2027 633 humanitatem
2056 593 2071 639 ;
2107 579 2152 633 Δ
2179 572 2339 626 etiam
2360 580 2490 625 tunc
2510 585 2631 623 cum
2656 568 2710 621 in
2732 563 2914 619 multis
2935 564 3098 618 fuerit
3136 562 3397 618 fratribus
3424 580 3438 615 :
3473 570 3599 616 tunc
3618 562 3735 614 cuitu

497 676 804 745 unigemtus
836 689 997 742 porro
1028 672 1192 736 idem,
1240 682 1297 726 ut
1328 672 1480 727 solus
1524 687 1591 726 ex
1624 672 1742 727 solo
1775 672 1937 726 Patre
1972 685 2073 723 ua-

498 777 606 827 lul,
632 776 685 819 et
716 776 773 817 ιιι
809 766 970 817 Deus.
1054 814 1055 817 η

568 846 963 910 Sanctiﬁcatus
1015 854 1181 907 fuisse
1232 853 1432 907 dicitur
1473 868 1569 924 per
1611 854 1871 922 Spiritum
1899 894 1914 919 ,
1954 868 2073 907 eum

498 952 616 1018 ipse
644 951 988 1004 sauctitieare
1029 947 1203 1001 soleat
1236 947 1590 1009 accedentes;
1640 948 1952 1013 baptizatus
1991 960 2075 999 se-

497 1044 730 1094 tltlldtllll
763 1054 1003 1101 onmem,
1050 1039 1140 1105 qui
1179 1038 1231 1090 in
1262 1049 1453 1092 saneto
1483 1036 1687 1105 Spiritu
1740 1036 2074 1105 baptizabat.

498 1132 781 1199 Quomodo
828 1131 991 1199 igitur
1040 1133 1178 1186 idem
1215 1140 1274 1184 et
1320 1128 1624 1181 sanctiﬁcat
1666 1137 1720 1180 et
1769 1126 2078 1181 sane-tilica-

500 1231 621 1283 tur,
675 1222 911 1289 baplilat
956 1233 1008 1276 et
1062 1220 1418 1291 baptizatur?
1474 1221 1782 1274 Secundum
1830 1220 1974 1274 aliud
2022 1231 2078 1275 et

500 1309 642 1364 aliud
674 1332 687 1365 :
720 1312 1086 1366 sanetilicatur
1115 1313 1261 1366 enim
1284 1313 1539 1375 humane,
1568 1313 1710 1367 sicut
1736 1312 1899 1366 etiam
1941 1314 2075 1381 bap-

499 1404 740 1469 tizatur;
800 1406 1107 1459 sanctificat
1149 1414 1331 1459 autem
1378 1405 1593 1468 divine,
1647 1414 1703 1459 et
1737 1404 1976 1472 haptizat
2024 1404 2076 1457 in

499 1493 706 1563 Spiritu
733 1510 948 1549 sancto.

564 1586 697 1641 Cum
728 1588 840 1655 ipse
862 1590 1086 1642 suscitet
1108 1604 1250 1642 mor-

496 1688 615 1731 tuos
644 1716 659 1742 ,
702 1679 1000 1733 resurrexit
1031 1696 1059 1732 a
1102 1697 1249 1733 mur-

496 1771 624 1833 tuis,
659 1780 853 1825 etcum
876 1774 944 1825 sit
976 1788 1071 1840 per
1099 1783 1250 1825 uatu-

495 1880 607 1917 ram
632 1865 763 1928 vita,
814 1866 1075 1921 viviﬁcari
1113 1867 1248 1920 diei-

498 1967 616 2022 tur;
654 1958 753 2011 boe
794 1976 1027 2027 quonam
1055 1959 1252 2013 modo?

495 2047 801 2100 Set-nudum
823 2049 965 2102 aliud
986 2066 1177 2117 nempe
1198 2061 1251 2103 et

492 2136 637 2189 alittd
682 2138 839 2205 :ipse
880 2138 1023 2190 enim
1078 2154 1254 2191 resur-

495 2229 635 2282 rexit
672 2230 885 2298 quidem
930 2249 957 2281 a
999 2232 1247 2294 mortuis,

490 2330 543 2371 et
562 2321 819 2373 vivilicari
851 2321 1038 2375 dieitut
1061 2338 1251 2377 secon-

491 2416 613 2467 tlutn
674 2430 936 2480 carnem;
1008 2416 1248 2470 vit'ilit'al.

488 2518 666 2559 autem
703 2519 756 2561 et
786 2510 1017 2563 suscitat
1044 2525 1071 2562 a
1103 2526 1247 2564 mor-

490 2599 615 2665 tuis,
664 2612 848 2671 utpote
899 2604 1057 2657 Deus.
1102 2602 1246 2656 l‘ati-

490 2706 597 2759 tur,
641 2706 691 2749 et
743 2714 846 2749 nou
890 2699 1113 2765 patitur.
1155 2714 1238 2752 se-

488 2784 722 2838 cundum
768 2788 910 2839 aliud
961 2798 1014 2841 et
1049 2788 1191 2841 aliud
1226 2804 1239 2840 :

487 2878 695 2943 patitur
740 2880 957 2946 quidem
1012 2882 1243 2937 humane

486 2982 748 3026 earnc.eo
774 2973 914 3038 quod
945 2972 1102 3023 homo
1133 2971 1237 3038 sit;

488 3062 829 3130 itnpassibilis
859 3074 1035 3119 autem
1061 3068 1240 3122 divine

1393 1588 1563 1653 Λῦτδς
1580 1589 1806 1660 ἐγείρων
1840 1592 1966 1652 τοὺς
1991 1607 2079 1643 νε-

1322 1686 1507 1752 κροὺς,
1533 1685 1595 1735 ἐκ
1618 1682 1827 1753 νεκρῶν
1848 1684 2082 1753 ἐγήγερο

1319 1792 1408 1828 ται
1428 1792 1440 1805 ·
1480 1776 1574 1827 καὶ
1604 1775 1712 1839 ζὼν
1742 1775 1884 1828 κατὰ
1918 1774 2079 1843 etiam

1319 1869 1635 1938 τ’.)γχάνων,
1696 1866 2077 1931 ζωοποιεῖσοαι

1320 1964 1559 2033 λέγεται.
1594 1964 1702 2016 Καὶ
1734 1964 1851 2027 πῶς
1888 1965 2078 2029 τοῦξος

1325 2058 1459 2109 Κατ’
1508 2058 1637 2112 ἄλλο
1688 2064 1781 2115 καὶ
1832 2064 1976 2119 ἄλλο.
2024 2063 2081 2116 Ὀ

1324 2149 1430 2221 γὰρ
1453 2152 1609 2214 αὐτὸς
1646 2155 1944 2226 ἐγήγερται
1980 2157 2080 2227 μὲν

1320 2241 1385 2293 ἐκ
1425 2242 1656 2311 νεκρῶν,
1702 2243 2080 2307 ζωοποιείσΟαί

1318 2351 1377 2387 τε
1425 2334 1641 2402 λέγεται
1690 2339 1831 2391 κατὰ
1878 2340 2077 2409 σάρκα,

1321 2426 1576 2491 ζωοποιεῖ
1596 2431 1650 2485 δὲ
1678 2433 1769 2484 καὶ
1794 2433 2079 2503 ἀνίστησιν

1317 2518 1443 2579 τοὺς
1489 2520 1732 2590 νεκροὺς,
1786 2521 1861 2585 ὡς
1908 2523 2073 2587 8:6;-

1319 2610 1539 2679 πάσχει.
1592 2614 1685 2665 καὶ
1730 2614 1789 2665 οὐ
1855 2615 2074 2684 πάσχει,

1319 2706 1440 2756 κατ’
1481 2703 1608 2757 ἄλλο
1653 2705 1743 2757 καὶ
1788 2706 1942 2761 ἄλλο·
1978 2706 2077 2760 πά.

1318 2814 1436 2867 σχει
1487 2800 1583 2869 μὲν
1639 2804 1747 2870 γὰρ
1794 2802 2070 2872 ἀνθρωπέ⁶

1316 2907 1421 2953 νως
1453 2890 1646 2960 σαρκὶ,
1691 2892 1827 2944 καθὸ
1869 2894 2077 2964 ἄνθρωο

1313 2999 1414 3045 ato;
1436 2998 1450 3011 '
1483 2983 1695 3051 ἀπαθὴς
1728 2984 1783 3037 δέ
1819 2988 1934 3039 ἐστι
1967 2986 2075 3039 θεῖ-

1312 3075 1444 3138 κῶς,
1476 3075 1551 3138 ὡς
1580 3075 1732 3140 Θεός.

487 3166 688 3219 manet,
718 3167 773 3208 ut
798 3156 955 3213 Deus.

554 3246 811 3300 Adoravit
842 3250 954 3317 ipse
977 3249 1257 3304 nobiseum
1288 3268 1301 3305 :
1329 3268 1348 3302 ι
1392 3249 1503 3306 Vos
1543 3252 1708 3317 enim,
1742 3252 1932 3322 inquit,
1969 3256 2035 3307 ad
2092 3258 2135 3317 C

486 3333 651 3386 oratis
669 3336 809 3402 quod
837 3338 1093 3404 nescitis;
1115 3355 1212 3393 nos
1232 3340 1521 3393 adoramus
1544 3342 1682 3409 quod
1703 3343 1905 3398 scimus
1925 3344 2008 3409 5°;
2040 3364 2057 3395 ι

485 3432 650 3476 etest
682 3425 844 3478 etiam
869 3427 1176 3484 adorandus
1212 3445 1224 3480 :
1260 3450 1277 3481 ι
1316 3429 1573 3484 Flectitur
1592 3432 1733 3485 enim
1769 3434 1867 3501 ipsi
1902 3452 2061 3488 omne

484 3528 621 3582 genu
673 3516 739 3568 ".
778 3535 796 3567 ι
832 3518 942 3573 lloc
993 3536 1209 3589 quoque
1254 3522 1548 3575 secundum
1611 3523 1755 3576 aliud
1804 3534 1860 3577 ct
1891 3527 2057 3583 aliud.

483 3606 687 3661 Adorat
717 3610 887 3672 enim,
913 3614 1041 3679 quia
1075 3623 1319 3665 naturain
1346 3615 1659 3684 aSsutnpsiI,
1706 3632 1827 3683 quin
1866 3618 2062 3672 debeat

485 3700 713 3753 adorare
742 3717 758 3765 ;
795 3702 1053 3756 adorator
1083 3716 1261 3757 autem
1300 3721 1462 3775 porro
1494 3707 1658 3771 idem,
1702 3710 1855 3777 qUasi
1890 3712 2060 3780 major

485 3786 747 3843 adorante
794 3801 1008 3857 natura,
1056 3806 1122 3845 eo
1172 3796 1313 3862 quod
1365 3795 1685 3864 intelligitur
1734 3799 1891 3852 Dens.
1948 3803 2056 3855 Atl-

482 3882 732 3938 oratione
756 3897 884 3936 vero
916 3902 1019 3937 non
1049 3895 1131 3938 est
1154 3886 1499 3940 dividendum
1532 3889 1585 3941 in
1614 3891 1884 3952 hominem
1907 3909 2058 3947 scor-

483 3990 576 4029 sns
601 3984 655 4028 et
684 3989 901 4029 seorsus
935 3975 987 4029 in
1033 3976 1234 4043 Deum;
1279 3994 1456 4048 neque
1490 3996 1618 4036 vero
1661 3994 1916 4052 tanquam
1954 3986 2060 4040 Deo

480 4063 827 4131 coniunctum
846 4066 1151 4133 aequalitate
1170 4068 1470 4138 dignitatis,
1494 4070 1685 4126 divisis
1715 4073 2056 4142 substantiis,

481 4169 605 4209 cum
652 4156 769 4221 ipso
817 4159 1029 4210 adorari
1060 4159 1290 4215 dicimus
1343 4162 1619 4216 hominem
1679 4166 1756 4235 (id
1788 4168 1932 4221 enim
1962 4184 2058 4222 cx-

484 4254 670 4298 trcnue
700 4245 990 4315 impietatis
1018 4249 1389 4315 plenissimum
1418 4255 1523 4322 est)
1559 4259 1691 4310 :sed
1747 4274 1911 4310 unum
1948 4261 2047 4311 ad-

479 4338 743 4391 orandnm
785 4339 1058 4393 hominem
1096 4339 1388 4408 factum,et
1419 4346 1759 4401 incarnatum
1795 4350 1882 4402 Dei
1927 4349 2057 4405 Ver-

481 4428 627 4493 bum;
654 4430 725 4482 ita
758 4441 960 4494 tamen,
995 4442 1051 4485 ιιι
1094 4436 1378 4490 credamus
1421 4454 1618 4505 corpus
1663 4441 1710 4492 ei
1756 4445 2052 4495 adnuatqu

478 4520 715 4572 animant
745 4520 898 4586 juxta
949 4539 1049 4577 nos
1103 4525 1357 4581 habuisse
1416 4530 1815 4585 rationabilem.
1872 4532 2054 4600 Neque

478 4605 622 4658 enim
658 4606 797 4661 Deus
824 4611 1163 4678 onmipoteus
1195 4614 1330 4668 duos
1362 4618 1756 4686 printogeuitos
1794 4626 2053 4692 prus-cepit

477 4706 749 4765 oportere,
786 4710 891 4752 tam
931 4717 959 4754 a
991 4703 1145 4757 nobis
1180 4720 1339 4772 quam
1364 4722 1390 4759 a
1429 4710 1634 4764 sanctis
1687 4715 1916 4783 angelis,
1951 4720 2047 4769 ad-

476 4789 647 4840 orari.
680 4786 830 4842 Unus
856 4802 938 4845 est
967 4793 1135 4859 enim,
1161 4796 1250 4863 qui
1288 4808 1370 4851 est
1408 4799 1747 4857 introductus
1777 4806 1829 4859 in
1861 4810 2048 4863 orbem

475 4888 741 4933 terrarum
771 4883 848 4948 ⁸¹;
886 4894 940 4936 et
966 4886 1009 4939 si
1045 4887 1461 4946 itttrodnctionis
1507 4897 1723 4947 tnodnm
1771 4899 2049 4955 curiosius

476 4980 912 5037 perscrutemur,
953 4977 1186 5030 carnalis
1246 4980 1671 5048 dispensationis
1724 4992 2047 5058 mysterium

478 5059 834 5116 inveniemus.
868 5062 1215 5123 Introductus
1246 5081 1328 5125 est
1376 5084 1556 5126 autem
1614 5077 1663 5129 in
1699 5081 1887 5133 orbem
1943 5094 2051 5137 ter-

475 5166 679 5215 rarum,
717 5164 843 5208 tunc
870 5170 993 5209 cmn
1028 5158 1201 5215 factus
1237 5174 1319 5215 est
1353 5163 1533 5229 homo,
1568 5166 1691 5220 licet
1729 5181 1922 5223 natura
1952 5190 2046 5226 sua

478 5243 684 5299 distare
705 5249 770 5300 ab
793 5252 924 5303 orbe
951 5250 1261 5320 longissime
1287 5256 1553 5323 videatur,
1586 5269 1638 5310 «ιι
1668 5259 1719 5312 in
1743 5260 2043 5319 divinitatis

470 5334 765 5389 eminentia
786 5352 910 5391 vere
929 5352 1047 5393 esse
1073 5342 1327 5397 credatur
1363 5362 1377 5398 :
1414 5347 1551 5401 alius
1574 5361 1654 5403 est
1678 5350 1821 5403 enim
1850 5365 2046 5421 pneter

470 5423 735 5480 elementa
760 5439 973 5484 creator
999 5432 1255 5503 ipsorum.
1298 5435 1435 5506 Ergo
1466 5455 1627 5507 super
1653 5456 1736 5505 ea,
1765 5458 1881 5510 quae
1914 5447 2028 5512 ipse

472 5518 729 5583 condidit,
769 5524 1061 5577 secundum
1096 5537 1342 5580 naturam
1378 5543 1495 5594 est,
1535 5536 1677 5601 quod
1730 5546 1926 5589 natura
1975 5539 2045 5592 sit

476 5604 635 5663 Deus.
673 5610 820 5666 Unus
853 5625 1059 5682 tamen,
1125 5628 1181 5673 ut
1210 5629 1337 5674 ante
1363 5622 1473 5677 dixi
1504 5663 1519 5688 ,
1574 5626 1882 5682 adorandus
1917 5639 1997 5683 est
2028 5671 2043 5695 ,

542 5812 586 5843 '°
620 5810 773 5871 Joan.
814 5835 883 5874 tv.
910 5821 979 5874 2‘2

871 5862 883 5886 ,
910 5826 997 5876 22.
1115 5826 1157 5859 ³⁸
1194 5826 1423 5899 Philipp.
1458 5848 1514 5897 lt,
1555 5834 1635 5888 10.

468 5896 580 5951 xiv,
606 5885 694 5942 53.

1749 5838 1793 5869 δ’
1832 5836 1990 5893 Hebr.
2026 5857 2066 5907 ι,
2109 5842 2157 5897 6.

2178 672 2464 732 pmpterea
2502 662 2685 714 dictus
2716 667 2800 711 εει
2832 656 3248 727 primogenitus.

2254 752 2438 806 Unum
2470 750 2663 805 Filium
2698 749 2949 804 adoravit
2998 762 3179 802 eiectis
3230 762 3258 799 a
3295 746 3584 799 nativitate
3622 758 3738 808 sua,

2178 859 2300 897 eum
2329 858 2440 912 pm
2458 846 2618 910 cipno
2645 840 2989 909 mirabilique
3026 841 3188 891 modo
3222 845 3447 900 sanatus
3478 847 3584 891 est.
3610 834 3742 895 Nam,

2184 953 2203 986 ι
2243 948 2365 987 eum
2410 934 2710 988 invenisset
2735 948 2859 987 eum
2886 933 2938 984 in
2972 929 3172 999 templo
3203 927 3384 994 Iesus,
3439 928 3578 981 dixit
3619 948 3633 981 :
3681 926 3742 979 'lu

2179 1026 2357 1079 credis
2381 1025 2432 1077 in
2475 1024 2669 1078 Filium
2710 1020 2960 1076 DeiHlle
3006 1031 3190 1074 autem
3227 1020 3365 1073 thin
3399 1039 3413 1072 :
3453 1020 3591 1085 Quis
3637 1032 3741 1077 est.

2183 1113 2426 1174 Domine,
2460 1124 2517 1166 ut
2551 1114 2770 1168 credam
2818 1113 2871 1165 in
2916 1126 3041 1166 eum
3062 1109 3154 1163 ⁸³2
3209 1128 3227 1159 ι
3256 1108 3517 1163 Christus
3548 1124 3674 1163 vero
3710 1110 3744 1159 vi

2180 1202 2417 1269 seipsum
2460 1218 2584 1255 eum
2638 1216 2866 1271 corpore
2915 1202 3327 1263 demonstrans.
3365 1202 3549 1254 aiebat
3584 1218 3599 1252 :
3648 1219 3667 1250 ι
3698 1198 3748 1252 F1

2179 1293 2360 1347 vidisti
2394 1296 2610 1363 quidem
2642 1309 2789 1359 eum,
2838 1301 2893 1349 et
2939 1294 3030 1362 qui
3086 1291 3325 1362 loquitur
3379 1303 3609 1355 tecum,
3657 1293 3750 1361 ipse

2180 1394 2267 1439 est
2300 1383 2364 1437 “.
2400 1404 2418 1434 ι
2459 1384 2617 1438 Vides
2638 1383 2781 1453 quod
2822 1381 3083 1453 singulari
3122 1398 3351 1438 tit-mero
3388 1394 3578 1437 utatur
3602 1423 3618 1446 ,
3663 1401 3748 1435 nou

2182 1475 2504 1542 permittens
2557 1474 2725 1529 Deum
2777 1486 2833 1529 et
2880 1476 3155 1530 hominem
3213 1491 3436 1530 seorsus
3497 1476 3748 1545 intelligi;

2184 1563 2296 1618 imo
2338 1579 2468 1618 vero
2503 1573 2558 1618 et
2602 1565 2649 1620 si
2677 1567 2799 1635 quis
2830 1566 3105 1621 hominem
3160 1566 3533 1620 nominaverit
3558 1566 3753 1623 Emitta-

2185 1656 2330 1722 uuel,
2367 1657 2593 1712 minime
2634 1658 2848 1726 quidem
2881 1673 3228 1723 cetutnunem
3284 1658 3568 1712 hominem
3602 1660 3753 1729 signi-

2185 1750 2462 1817 beaverit;
2487 1752 2581 1805 sed
2602 1751 2700 1806 Dei
2729 1748 2963 1805 Verbum
2983 1750 3283 1805 aduuatutn
3307 1763 3510 1806 nostra-
3543 1765 3751 1807 uatunc.

2191 1842 2342 1898 llunc
2372 1843 2512 1898 sicut
2548 1858 2713 1897 unum
2736 1885 2752 1908 ,
2787 1843 3061 1898 hominem
3114 1844 3416 1898 adoravere
3468 1845 3617 1898 beati
3664 1846 3749 1897 dis-

2117 1923 2160 1978 Β
2186 1934 2368 2003 cipuli,
2400 1952 2523 1989 cum
2557 1950 2679 1989 cum
2712 1936 2955 1990 videntes
3010 1935 3164 1991 miris
3208 1938 3381 1989 modis
3431 1936 3576 1991 inter
3606 1953 3754 2005 aquas

2186 2025 2486 2089 ambulare,
2513 2028 2828 2090 aduravcre,
2866 2026 3114 2083 dicentes
3166 2045 3181 2081 :
3235 2045 3255 2079 ι
3295 2025 3437 2083 Vere
3480 2030 3575 2084 Dei
3608 2028 3752 2085 Filius

2182 2131 2243 2173 es
2261 2119 2329 2171 ⁸⁸.
2370 2137 2390 2169 ι

2255 2209 2312 2264 Si
2345 2225 2477 2265 vero
2507 2212 2779 2266 hominem
2811 2228 2931 2268 cum
2977 2212 3087 2267 Deo
3113 2212 3397 2268 coadorari
3444 2216 3750 2273 discrimen

2182 2302 2501 2356 divisionem
2562 2304 3013 2371 spatiosissimatn
3053 2306 3419 2361 indui-emus:
3474 2308 3576 2358 σὺν
3623 2309 3747 2359 enim

2180 2408 2395 2462 setnper
2427 2396 2591 2465 (quod
2622 2406 2706 2449 est
2741 2395 2930 2451 Latine
2950 2398 3117 2464 cum),
3147 2398 3248 2452 nisi
3281 2400 3334 2452 in
3367 2400 3751 2468 signiﬁcatione

2182 2488 2431 2551 unitatis,
2462 2504 2582 2557 qua
2608 2499 2692 2544 est
2714 2505 2811 2557 per
2843 2490 3316 2560 compositionem,
3351 2503 3609 2557 ponatur,
3659 2493 3751 2542 dm.

2178 2580 2402 2632 omnino
2428 2589 2583 2649 coget
2616 2581 2863 2651 intelligi.
2902 2581 3376 2647 Quemadmodum
3414 2584 3566 2638 enim
3603 2600 3745 2637 net-io

2176 2670 2278 2723 sibi
2308 2676 2599 2728 convenire
2621 2673 2835 2727 dicatur
2859 2712 2885 2737 ,ν
2903 2689 3085 2745 neque
3106 2690 3462 2739 concumare,
3489 2688 3581 2729 aut
3602 2677 3745 2730 coad-

2176 2772 2454 2825 0rare,ant
2471 2764 2821 2820 coambulare
2846 2784 2860 2832 ;
2887 2768 3113 2821 duarum
3139 2768 3284 2822 enim
3310 2783 3667 2837 personarum
3684 2770 3747 2822 si-

2176 2851 2578 2919 ;uilicationem
2608 2856 2810 2911 inducit
2837 2859 3147 2928 prmpositio
3211 2862 3380 2915 verbo
3421 2866 3701 2929 pneposita
3736 2882 3746 2914 :

2179 2943 2250 2996 ita
2271 2944 2431 2997 etiam
2455 2947 2500 3000 si
2529 2948 2653 3015 quis
2670 2949 2952 3004 coadorari
2975 2952 3247 3006 hominem
3262 2968 3385 3006 eum
3410 2953 3521 3007 Deo
3544 2956 3747 3017 dixerit,

2175 3034 2311 3088 duos
2353 3036 2511 3105 plane
2546 3038 2685 3093 illius
2714 3041 2867 3107 dicit,
2901 3052 3003 3096 eta
3028 3044 3471 3112 sesedisjunctos
3498 3064 3510 3104 :
3542 3048 3750 3098 unitatis

2179 3126 2322 3179 enim
2356 3129 2512 3192 ratio,
2539 3130 2582 3182 si
2608 3130 2657 3183 in
2687 3131 2799 3183 sola
2840 3132 3115 3203 dignitatis
3160 3134 3472 3203 mqnalitate
3502 3138 3615 3187 sive
3659 3152 3746 3189 an-

2172 3218 2443 3272 ctoritatis
2468 3220 2817 3291 intelligatur,
2837 3238 2945 3277 non
2970 3238 3093 3279 esse
3123 3241 3243 3279 vera
3266 3226 3632 3289 convincitur,
3670 3230 3747 3280 id-

2169 3324 2275 3379 que
2303 3326 2332 3362 a
2366 3311 2520 3367 nobis
2549 3313 2661 3382 jam
2694 3314 2937 3382 pluribus
2987 3327 3115 3369 ante
3161 3318 3451 3385 probatum
3507 3330 3610 3371 est.

2660 3426 2826 3498 793
2851 3428 3003 3482 ese.
3038 3429 3255 3483 xxxv.

2168 3534 2431 3589 Adi-crsu:
2465 3535 2586 3591 ἰΗοε
2614 3539 2707 3605 qui
2736 3540 2910 3603 aiunt,
2952 3542 3093 3603 quod
3142 3542 3253 3595 salu
3297 3544 3552 3598 relatione
3590 3544 3745 3597 Deam

2575 3606 2799 3661 Verbum
2832 3614 3051 3664 deceant
3081 3613 3341 3668 hunmuu.

2235 3715 2495 3773 Gavi-inut
2526 3719 2763 3771 nonnulli
2796 3722 2862 3774 de
2912 3722 3115 3775 carnali
3159 3723 3569 3790 dispenSatimc
3601 3725 3731 3778 lini-

2164 3807 2351 3873 gt-niti,
2383 3818 2437 3861 et
2481 3811 2810 3873 venerabile,
2840 3827 2905 3865 ac
2948 3829 3221 3884 magnum,
3250 3825 3305 3870 et
3331 3819 3589 3886 superuis
3630 3821 3739 3886 spi-

2166 3896 2359 3950 ritibus
2387 3900 2836 3956 atnabilissimum
2871 3907 3211 3974 mysterium,
3255 3925 3352 3975 per
3381 3914 3527 3978 quod
3584 3914 3738 3964 etEasn

2164 3987 2359 4040 salvati
2395 4006 2601 4053 sumus,
2635 3993 2703 4043 ad
2736 4008 2930 4050 sensus
2958 3994 3180 4067 fragiles
3217 4000 3552 4063 deferentes,
3588 4002 3743 4056 decus

2162 4080 2539 4132 contaminant
2568 4080 3146 4156 pulchritudinemqne
3171 4089 3427 4143 veritatis
3451 4108 3465 4153 ;
3506 4108 3627 4145 cum
3655 4108 3741 4147 eos

2162 4182 2431 4238 oporteat,
2468 4189 2573 4226 non
2604 4174 2648 4228 si
2686 4176 2815 4244 quid
2861 4178 2993 4246 ipsis
3034 4191 3181 4234 recte
3228 4181 3432 4237 habere
3478 4185 3737 4246 videatur,

2161 4262 2419 4314 roborarc
2450 4263 2658 4331 conari;
2699 4267 2793 4320 sed
2827 4266 3096 4337 inspicere
3128 4272 3321 4342 magis,
3348 4274 3536 4327 subtili
3556 4286 3739 4329 acuti»

2157 4366 2261 4420 que
2281 4354 2480 4407 mentis
2498 4356 2678 4421 oculo,
2702 4371 2984 4412 sacrarum
3025 4365 3357 4429 propositum
3388 4363 3738 4426 Litterarum.

2158 4452 2319 4510 atque
2350 4455 2554 4497 rectum
2588 4444 2659 4499 ita
2693 4447 2796 4501 iter
2823 4449 3055 4519 ingredi,
3091 4464 3364 4508 seetantes
3394 4469 3456 4506 ea
3496 4474 3614 4519 qua:
3648 4456 3738 4509 Pa-

2161 4544 2272 4589 tres
2299 4538 2630 4591 sanctissimi
2665 4543 3051 4597 examinarnnt
3076 4586 3092 4609 ,
3146 4547 3238 4614 qui
3278 4549 3453 4602 sancti
3508 4549 3738 4617 Spiritus

2162 4625 2643 4685 illuiiiinationilms
2689 4631 2913 4697 eruditi,
2962 4650 3195 4690 sanxere
3243 4640 3398 4693 nobis
3436 4642 3734 4711 symbolum

2163 4719 2304 4782 lidei,
2340 4720 2510 4789 ipsum
2537 4724 2799 4789 dicentes,
2832 4727 2974 4794 quod
3006 4746 3066 4782 ex
3088 4728 3271 4783 'l'atris
3300 4732 3609 4788 substantia
3652 4735 3731 4787 in-

2157 4813 2547 4868 aestimabiliter
2579 4826 2764 4872 natum
2795 4830 2899 4884 est,
2940 4819 3108 4875 Deum
3159 4820 3421 4889 Verbum,
3472 4841 3567 4895 per
3599 4828 3734 4895 quod

2155 4904 2335 4957 omnia
2366 4904 2507 4959 facta
2533 4917 2681 4971 sunt,
2708 4926 2828 4980 qua:
2853 4914 2904 4964 in
2938 4914 3098 4980 emlo,
3123 4925 3173 4969 et
3194 4932 3313 4984 qutte
3346 4918 3398 4970 in
3428 4928 3593 4981 lerm,
3616 4934 3731 4987 ριὀο

2157 5006 2276 5063 pter
2309 5013 2408 5051 nos
2436 4997 2703 5063 homines,
2738 5012 2793 5056 et
2836 5017 3036 5059 ηοω-,υ
3079 5006 3276 5061 salutis
3305 5023 3471 5063 eausa
3503 5011 3728 5065 descen-

2154 5087 2318 5150 disse,
2360 5087 2630 5145 hominem
2666 5092 2891 5158 factutn,
2936 5112 3282 5167 passamque,
3323 5102 3637 5156 ascendisse
3680 5103 3727 5155 in

2152 5176 2373 5241 coelum,
2414 5189 2701 5235 venturum
2755 5196 2875 5253 post
2912 5197 3153 5257 tempora
3194 5191 3450 5259 judicare
3486 5194 3638 5249 vivos
3679 5205 3731 5251 ct

2154 5279 2413 5323 mortuos.

2227 5360 2420 5415 Verum
2462 5366 2704 5420 nonnulli
2738 5378 2884 5434 sunt,
2914 5372 3105 5425 doctus
3138 5389 3197 5427 se
3232 5391 3354 5429 esse
3386 5380 3724 5449 scientesque

2150 5449 2376 5517 Opinati,
2413 5448 2475 5504 ei
2496 5458 2801 5523 supercilio,
2845 5472 2898 5513 et
2920 5472 3126 5518 tumore
3159 5466 3381 5532 snillati,
3425 5472 3518 5540 qui
3548 5474 3589 5524 si
3618 5448 3722 5526 inec

2144 5542 2304 5595 verba
2338 5544 2627 5614 audierint,
2663 5550 2950 5618 derident;
2983 5565 3032 5607 et
3059 5573 3121 5608 ea
3144 5574 3265 5626 qua;
3300 5571 3408 5613 tam
3441 5575 3586 5617 recte
3606 5574 3723 5617 sunt

2144 5633 2313 5699 dicta,
2338 5636 2688 5695 deliramenta
2722 5646 2891 5711 tttagis
2944 5648 3259 5704 existimant
3290 5670 3302 5706 :
3333 5670 3459 5707 cum
3503 5674 3717 5727 praescr-

2983 5853 3021 5884 ""
3062 5854 3189 5909 ibid.
3258 5854 3326 5908 37

2274 5840 2317 5872 ⁵³
2374 5840 2525 5907 Joatt.
2563 5861 2634 5909 t\,
2667 5849 2753 5913 58,
2780 5849 2863 5905 δυ.
2983 5853 3021 5884 ⁵³
3062 5854 3189 5909 ibid.
3258 5854 3326 5908 37
3463 5863 3505 5893 ³³
3539 5861 3714 5917 Matth.
