3926 6468
150 512 165 555 ι
182 504 287 558 .389

1099 484 1390 545 SCIIOLIA
1434 484 1519 538 DF.
1561 476 2080 537 l.\"C.-\RN:\TIO.\.'E
2124 473 2504 533 liNiGENlTi.

3339 459 3479 516 1410

2619 538 2637 561 /

141 624 241 674 tim
273 622 579 675 credamus
611 611 1010 671 illuminatione
1043 607 1283 679 Spiritus
1314 603 1488 660 sancti
1521 602 1764 671 patuisse
1794 610 1839 659 Α
1871 599 2131 667 patiente,
2166 612 2232 653 eo
2282 595 2427 666 quod
2453 607 2655 663 corpus
2712 590 2883 663 ipsius
2925 586 3105 641 fuisse
3138 582 3338 637 dicitur
3358 597 3482 651 pro-

141 716 358 767 sanrtis
389 713 651 767 Patrihus
676 706 957 764 scientiam
984 702 1253 757 veritatis.
1280 701 1349 753 At
1372 698 1468 759 illi,
1505 707 1764 765 tanquam

141 808 185 860 si
226 806 330 861 soli
372 806 590 876 possint
624 802 846 856 meliora
898 797 1127 858 sentire,
1190 809 1295 845 non
1338 791 1515 858 ipsttnt
1573 787 1768 842 existi-

144 908 325 963 mant,
361 898 706 968 unigenitum
751 890 841 945 Dei
877 889 1094 947 Filium.
1124 884 1327 955 quiest
1356 898 1420 939 ex
1459 879 1764 937 substantia

146 990 297 1056 ejus,
369 993 561 1043 llettm-
594 984 832 1039 Verbum
891 994 1109 1051 passum
1142 991 1263 1030 esse
1310 990 1407 1029 sua
1440 986 1608 1027 carne
1665 985 1765 1041 pro

147 1084 311 1135 nobis
350 1082 617 1140 lmmanc,
647 1077 771 1131 licet
797 1088 861 1129 eo
880 1071 1022 1142 quod
1050 1070 1195 1124 Deus
1222 1066 1563 1136 intelligitur,
1588 1065 1640 1118 in
1670 1077 1766 1119 sua

148 1184 356 1227 natura
396 1173 617 1233 haheat,
655 1179 710 1221 nt
744 1168 851 1235 pati
895 1179 999 1217 non
1032 1162 1200 1231 possit
1234 1178 1249 1229 ;
1282 1159 1557 1215 hominem
1581 1166 1763 1212 autem

149 1283 389 1322 seorsus
424 1274 480 1317 et
507 1262 798 1330 separatim
824 1273 946 1311 eum
991 1265 1275 1322 ponentes,
1308 1254 1399 1323 qui
1445 1264 1528 1306 est
1556 1267 1621 1307 ex
1650 1266 1771 1305 sau-

148 1370 239 1411 cta
284 1356 520 1425 Virgine
566 1361 904 1422 procreatus.
965 1344 1172 1399 Deinde
1216 1344 1290 1405 ei,
1340 1353 1602 1408 quantum
1638 1340 1771 1410 ipsis

153 1452 412 1513 videtur,
440 1448 654 1501 modum
690 1442 876 1513 gloriae.
902 1438 1226 1498 tribuentes,
1279 1436 1573 1488 adunatum
1604 1433 1769 1487 fuisse

152 1528 352 1593 dicunt
387 1536 570 1591 Verbo
605 1534 695 1587 Dei
729 1530 904 1586 Patris
941 1545 955 1591 ;
1008 1536 1063 1580 et
1106 1524 1371 1576 rationem
1424 1519 1771 1575 adunationis

154 1640 535 1699 exponentes,
569 1626 826 1681 donatam
854 1634 975 1675 esse
1023 1618 1123 1688 ipsi
1169 1617 1355 1670 dicunt
1383 1630 1411 1666 a
1444 1611 1554 1666 Deo
1585 1626 1771 1680 atqua-

158 1724 387 1777 litatcnt
436 1719 745 1791 dignitatis,
801 1716 918 1769 sive
972 1709 1338 1770 auctoritatis,
1397 1717 1450 1761 et
1497 1716 1554 1760 ιιι
1606 1702 1769 1757 simili

160 1812 563 1881 appellatiooe,
596 1818 651 1861 et
680 1805 955 1869 Christus,
998 1810 1050 1855 et
1094 1798 1266 1853 Filius
1312 1798 1543 1856 dicatur,
1575 1806 1629 1849 et
1662 1792 1769 1847 Do-

160 1907 378 1959 minus.
437 1901 531 1957 Sin
561 1914 692 1954 vero
730 1897 894 1952 etiam
940 1908 1133 1965 passus
1154 1906 1275 1946 esse
1303 1889 1505 1958 aliquid
1557 1886 1772 1941 dicatur

168 1997 371 2060 homo,
406 1996 497 2064 qui
538 1992 608 2046 ab
650 1991 784 2061 ipsis
819 1986 1184 2055 cxcogitatur,
1226 1991 1480 2054 oportere
1526 1980 1678 2033 aiunt
1716 1978 1767 2032 in

164 2088 352 2158 ipsum
384 2088 550 2141 Deum
601 2082 833 2137 Verbum
888 2078 1106 2143 referri,
1149 2091 1215 2131 eo
1244 2074 1387 2144 quod
1420 2070 1769 2139 cnnjunctum

166 2180 241 2233 sit
278 2180 387 2249 ipsi
422 2175 732 2246 :equalitate
762 2170 1071 2241 dignitatis,
1131 2184 1277 2232 cum,
1317 2163 1527 2220 naturis
1558 2161 1768 2226 divisis,

168 2268 557 2339 unusquisque
591 2266 640 2319 id
675 2264 766 2329 sit,
799 2262 941 2333 quod
969 2271 1073 2316 est.

271 2360 596 2431 Explanabo
641 2368 820 2411 autem
880 2355 987 2407 vim
1039 2350 1469 2414 sententiarum,
1510 2356 1771 2417 quantum

171 2452 297 2523 ipse
342 2452 586 2512 valuero,
645 2461 925 2504 sacrarum
967 2443 1295 2498 Litterarum
1352 2441 1599 2510 exempla
1647 2452 1775 2509 pro-

174 2560 413 2614 ponens.
444 2541 647 2596 Esuriit
669 2538 944 2601 Christus,
988 2536 1186 2590 itinere
1225 2532 1482 2604 fatigatus
1507 2540 1612 2596 est,
1646 2530 1776 2585 dor-

182 2636 372 2699 mivit,
407 2636 690 2705 ingressus
728 2639 810 2685 est
862 2630 914 2683 in
963 2626 1290 2688 naviculam,
1327 2624 1573 2694 pulsatus
1623 2632 1709 2677 est
1748 2637 1778 2676 a

179 2729 455 2782 ministris
501 2723 844 2786 verberibus,
878 2736 906 2773 a
948 2719 1124 2773 Pilato
1177 2718 1479 2785 llagellatns
1509 2724 1613 2777 cst,
1646 2727 1778 2782 spu-

182 2823 395 2874 tamina
426 2818 653 2873 militum
689 2814 927 2884 excepit,
954 2813 1044 2881 qui
1076 2811 1259 2864 lancea
1289 2810 1431 2863 latus
1457 2815 1778 2876 pungentcs,

183 2922 403 2967 acetum
439 2912 655 2963 mistum
686 2908 805 2961 felle
850 2906 933 2958 ori
989 2904 1105 2973 ejus
1157 2903 1508 2965 obtulerunt;
1545 2900 1783 2970 gustavit

189 3016 378 3057 autem
421 3014 473 3055 et
496 3011 751 3060 mortem,
789 3013 1004 3052 crucem
1054 3010 1265 3064 passus,
1303 3004 1357 3047 et
1392 2992 1495 3046 alta
1537 2991 1783 3045 convicia

184 3090 523 3147 Jndworum.
566 3090 689 3143 llzrc
738 3088 919 3141 omnia
973 3086 1175 3139 homini
1223 3084 1441 3150 quidem
1490 3082 1786 3152 contigisse

190 3191 651 3244 commemorant,
692 3178 881 3233 referti
912 3192 1040 3229 vero
1082 3176 1133 3226 in
1162 3173 1281 3227 Filii
1323 3175 1433 3225 vcri
1474 3188 1783 3241 personam.

1874 690 2050 760 primo
2087 707 2103 755 ;
2142 696 2324 743 manet
2352 702 2497 742 vero
2520 685 2637 756 ipse
2667 680 3120 753 impassibilis,eo
3147 675 3290 746 quod
3315 675 3485 743 ipsius

1871 792 1958 837 est
1989 781 2269 851 pr0prium
2293 788 2351 833 ut
2386 777 2497 847 pati
2534 793 2641 830 non
2679 774 2871 845 possit.
3247 827 3257 839 ,

1945 873 2098 941 Quod
2126 873 2169 927 si
2194 872 2434 942 glorilica
2452 879 2538 924 tus
2563 878 2649 924 est
2671 862 2993 919 Emmanuel
3020 877 3115 931 per
3147 859 3481 929 passionem,

1875 975 1933 1018 ut
1989 966 2103 1035 ipse
2162 963 2317 1025 .lixit,
2379 977 2503 1016 cum
2561 975 2659 1030 pro
2716 960 2873 1013 nobis
2926 956 3229 1026 pretiosam
3263 965 3481 1005 erm-em

1872 1066 2017 1112 esset
2050 1069 2309 1125 passurus
2342 1067 2358 1106 :
2387 1070 2406 1104 ι
2440 1049 2595 1107 Nunc
2646 1048 2986 1122 glorificatus
3041 1055 3127 1101 est
3181 1042 3352 1097 Filius
3386 1041 3484 1094 bo-

1875 1147 2041 1203 minis
2074 1147 2121 1179 "
2165 1164 2180 1213 ;
2220 1144 2682 1213 reum-passionis
2706 1143 2938 1214 gloriam
2978 1138 3181 1193 homini
3232 1136 3484 1190 tribuen-

1877 1251 1958 1296 tes
1992 1240 2162 1295 solam
2194 1239 2413 1293 habenti
2449 1236 2893 1305 conjunctionem
2928 1250 3051 1287 cum
3082 1247 3145 1286 eo
3185 1231 3237 1284 in
3293 1242 3481 1297 aequm

1874 1336 2028 1390 litate
2082 1333 2383 1405 dignitatis,
2438 1348 2543 1386 non
2588 1324 3142 1390 ernbescunt?Nam,
3184 1324 3328 1378 sicut
3379 1321 3481 1391 ipsi

1876 1428 2216 1489 existimant,
2275 1425 2560 1495 conjunxit
2616 1423 2721 1478 sibi
2787 1421 3087 1477 secundum
3148 1417 3490 1484 voluntatem

1876 1516 2051 1571 Patris
2075 1526 2131 1573 et
2153 1517 2539 1586 complacitum
2573 1515 2860 1570 hominem
2900 1513 3245 1583 simpliciter.
3272 1520 3327 1564 et
3360 1524 3484 1562 eum

1878 1624 1993 1663 sua:
2050 1610 2237 1680 glorise
2291 1625 2477 1678 parem
2540 1607 2739 1670 eﬂ'ecit,
2788 1616 2843 1661 et
2884 1605 3183 1666 concessit,
3229 1610 3286 1655 ιιι
3320 1600 3486 1655 simili

1877 1702 2249 1771 appellatione
2277 1701 2550 1765 Christus,
2582 1709 2636 1756 et
2659 1699 2853 1765 Filius,
2888 1709 2940 1753 et
2981 1699 3126 1752 Deus
3172 1698 3491 1750 nominatus

1878 1794 1971 1856 sit,
1998 1804 2051 1849 et
2084 1793 2369 1849 DOIllillllS.

1952 1886 2095 1957 Ergo
2148 1901 2325 1957 neque
2366 1886 2710 1941 incarnatum
2763 1893 2848 1938 est
2893 1896 3026 1937 vere
3072 1880 3335 1942 Verbum,
3386 1892 3489 1932 nec

1878 1995 2103 2050 prorsus
2151 1982 2313 2033 homo
2353 1988 2438 2059 est
2492 1979 2715 2033 factum.
2752 1978 2834 2030 An
2897 1975 3062 2039 forte,
3119 1974 3284 2028 etiam
3323 1969 3490 2024 lalsos

1872 2076 2272 2142 mendacesque
2299 2074 2483 2129 dicere
2525 2074 2780 2147 doctores
2813 2082 3037 2127 sanctos
3077 2068 3265 2124 innndi
3297 2068 3485 2126 totius,

1876 2166 2083 2220 nullum
2136 2166 2312 2234 pariat
2367 2165 2798 2220 detrimentum?
2826 2164 2935 2218 Aut
2986 2162 3155 2234 799
3214 2163 3360 2215 enim
3402 2159 3489 2212 di-

1874 2268 2022 2321 cant,
2052 2258 2162 2311 ituo
2204 2256 2375 2327 magis
2417 2256 2717 2327 procedant
2772 2258 2825 2309 in
2884 2257 3123 2309 medium
3181 2252 3486 2321 probaturi,

1875 2350 2137 2422 quodqui
2186 2349 2589 2418 coniunctionis
2624 2350 2692 2403 ab
2742 2348 2877 2417 ipsis
2924 2346 3206 2401 inducitur
3263 2346 3485 2405 modus,

1878 2444 2274 2500 incarnationis
2318 2444 2515 2497 habent
2564 2445 2711 2504 vim,
2746 2450 2796 2493 et
2832 2442 2881 2494 id
2942 2442 3032 2503 sit,
3076 2436 3316 2491 Verbum
3365 2448 3489 2487 esu:

1879 2536 2154 2591 hominem
2192 2535 2417 2590 factum.
2456 2537 2561 2588 Aut
2604 2533 2650 2587 si
2683 2548 2745 2588 ea
2781 2546 2887 2585 non
2929 2531 3003 2584 ita
3044 2530 3247 2582 habere
3295 2525 3487 2579 existi-

1882 2636 2052 2693 mant,
2097 2642 2269 2695 quare
2316 2626 2719 2695 conjunctionis
2757 2623 2914 2677 nobis
2962 2620 3333 2687 inconjnncta:
3364 2632 3486 2669 mo-

1883 2722 2009 2773 dum
2045 2719 2385 2787 excogitant,
2419 2720 2652 2773 veritato
2686 2717 2929 2786 neglecta
2962 2714 3135 2767 ?cum
3171 2712 3365 2764 deceat
3401 2724 3497 2763 eos

1884 2814 2067 2867 dit-ere
2152 2812 2476 2866 lmmanilati
2542 2821 2741 2866 nostra:
2800 2808 3099 2861 adnnatnm
3162 2802 3328 2857 fuisse
3402 2800 3493 2855 Dei

1890 2904 2128 2959 Verbum
2159 2914 2212 2958 ct
2241 2902 2464 2958 Patris:
2500 2904 2571 2957 ita
2615 2903 2761 2956 enim
2805 2913 2975 2955 carne
3012 2898 3231 2967 quidem
3276 2894 3495 2964 prapria

1888 2996 2215 3065 intelligatur
2258 3010 2452 3065 passus
2482 2994 2742 3048 hmnana.
2776 2991 3055 3059 Quantum
3089 3002 3219 3043 vero
3254 2987 3494 3056 pertinet

1891 3088 1957 3141 ad
1994 3088 2297 3141 divinitatis
2344 3098 2618 3151 naturam,
2658 3085 2927 3140 molestia:
2960 3083 3139 3138 omnis
3184 3094 3404 3150 expers,
3438 3088 3500 3132 ut

1896 3179 2061 3236 Deus.

191 3280 387 3330 Atuos
446 3274 741 3333 credimus,
804 3271 946 3324 sicut
998 3269 1049 3321 in
1108 3284 1270 3319 mnim
1320 3264 1483 3319 Deum
1550 3265 1783 3326 Patrem,
1816 3300 1861 3358 ϐ
1967 3273 2118 3340 Quod
2162 3288 2290 3328 γετο
2339 3272 2658 3326 relationem
2723 3269 3093 3331 nominantes,
3139 3282 3264 3338 qua,
3309 3266 3499 3321 ηεκίο

192 3369 648 3436 munipotentem,
696 3363 938 3416 otnniuut
1002 3357 1295 3411 visibilium
1355 3354 1788 3408 ctinvisibilium

197 3458 615 3520 tactorem;ita
686 3454 851 3509 etiam
918 3452 969 3504 in
1029 3465 1194 3502 unum
1257 3448 1541 3501 Dominum
1604 3444 1793 3500 Iesum

196 3553 499 3613 Christum,
564 3545 755 3600 Filium
806 3546 944 3612 ejus.
1002 3542 1255 3596 Dividere
1306 3554 1435 3594 vero
1486 3553 1706 3593 seorsus
1739 3539 1791 3590 in

200 3646 477 3699 hominem
519 3637 857 3700 Eunnanuel,
912 3646 966 3690 et
999 3651 1220 3690 seorsus
1268 3633 1318 3686 in
1353 3630 1615 3696 Verbum,
1640 3645 1797 3684 rceu-

199 3751 405 3789 sanius.
436 3733 685 3787 Seientes
736 3738 917 3781 autem
958 3729 1101 3794 quod
1161 3725 1360 3776 factum
1392 3720 1462 3774 sit
1493 3720 1645 3787 juxta
1697 3732 1795 3771 nos

206 3827 444 3882 Verbum
509 3826 692 3887 homo,
750 3836 875 3874 vere
925 3820 1100 3887 ipsmn
1147 3818 1506 3882 cumdcmquc
1564 3812 1797 3865 dicimus

204 3922 374 3975 Deum
415 3922 480 3972 de
511 3918 623 3972 Deo
657 3932 672 3980 ;
707 3916 941 3968 humane
992 3925 1121 3964 vero
1171 3900 1445 3962 hominem
1488 3904 1643 3973 juxta
1700 3920 1798 3957 nos

201 4029 269 4067 ex
303 4011 550 4063 muliere.
590 4006 940 4061 Aliirmamns
968 4013 1147 4055 autem
1185 4014 1347 4071 porro
1378 4007 1600 4069 propter
1637 3997 1800 4051 fami-

208 4107 527 4167 liai-ilatem,
582 4100 764 4155 carnis
814 4097 1030 4165 quidem
1087 4108 1210 4147 emn
1250 4091 1594 4145 inﬁrmitates
1633 4088 1799 4143 fuisse

209 4209 524 4263 perprs~mn
562 4206 577 4254 ;
604 4203 853 4243 servasse
877 4202 1005 4240 vero
1037 4195 1245 4239 naturae
1278 4198 1389 4237 sua:
1447 4182 1798 4250 impassibili-

211 4297 399 4347 tatem,
444 4301 510 4336 eo
558 4282 701 4349 quod
760 4297 863 4332 non
922 4280 1082 4330 homo
1115 4287 1237 4331 erat
1285 4276 1482 4339 solum,
1533 4275 1624 4328 sed
1658 4274 1799 4327 idem

210 4378 374 4428 etiam
423 4374 564 4427 Deus
624 4382 815 4423 natura
852 4386 867 4435 ;
901 4379 954 4422 ct
1004 4365 1460 4435 quemadmodum
1522 4364 1798 4432 proprium

210 4476 330 4519 trat
364 4480 561 4534 corpus
602 4463 805 4532 ipsius,
836 4463 906 4514 ita
936 4462 1099 4512 etiam
1134 4456 1413 4511 naturales
1463 4456 1707 4525 corporis
1748 4464 1803 4510 et

215 4556 568 4625 inculpabiles
593 4555 897 4624 passiones,
934 4565 1143 4606 necnon
1168 4547 1336 4602 etiam
1355 4564 1416 4601 ea
1443 4564 1563 4618 quae
1584 4550 1633 4603 ei
1654 4548 1801 4601 illata

213 4657 363 4711 Sunt,
403 4646 699 4716 petulantia
734 4643 1139 4697 nonnullorum.

285 4740 599 4795 Patiebatur
634 4748 809 4792 autem
838 4737 1266 4807 itnpassibilitcr,
1305 4734 1431 4806 quia
1461 4750 1566 4789 non
1598 4736 1803 4795 idcirco

223 4849 285 4892 se
323 4831 647 4893 humiliavit,
682 4838 739 4883 ut
772 4840 917 4884 esset
962 4838 1169 4883 tantum
1212 4832 1408 4887 similis
1442 4835 1614 4889 nostri
1650 4851 1665 4901 ;
1705 4837 1801 4890 Sed

217 4928 368 4997 quia,
419 4936 476 4978 ut
504 4935 628 4977 ante
661 4924 795 4984 divi,
829 4922 881 4976 id
922 4935 1128 4978 natura:
1162 4942 1294 4989 sine,
1337 4930 1411 4981 uti
1440 4928 1511 4982 sit
1552 4930 1806 4987 onmibus

220 5019 494 5086 superior,
542 5026 869 5069 reservarat.
927 5018 995 5069 At
1054 5018 1097 5071 si
1161 5019 1488 5083 diceremus,
1534 5021 1675 5088 quod
1706 5034 1805 5089 per

220 5110 632 5166 coiiversionem
694 5105 777 5159 vel
831 5109 1311 5163 commutationem
1360 5119 1566 5164 natura:
1614 5124 1726 5165 sum
1756 5114 1806 5165 in

224 5215 475 5259 naturam
539 5204 815 5257 transierit
861 5205 1062 5267 carnis,
1110 5216 1333 5256 necesse
1384 5214 1501 5255 erat
1556 5204 1809 5259 Omnibus

223 5296 396 5349 modis
430 5310 549 5357 nos,
586 5296 786 5349 invitos
826 5296 1015 5357 etiam,
1056 5294 1327 5358 conﬁteri,
1369 5308 1632 5347 arcanam
1668 5297 1809 5349 divi-

226 5403 458 5457 numque
486 5398 736 5441 naturam
768 5389 933 5442 fuisse
955 5386 1283 5456 passibilem.
1322 5386 1415 5439 Sin
1444 5396 1648 5451 autem,
1686 5387 1811 5442 licet

218 5480 371 5550 juxta
408 5496 505 5534 nos
538 5481 697 5533 homo
732 5481 801 5534 sit
837 5480 1031 5541 factus,
1064 5480 1326 5533 manserit
1358 5479 1809 5545 incomnmtatus,

223 5582 307 5629 est
370 5573 514 5627 enim
574 5574 849 5639 proprium
903 5572 1111 5628 ctelesti
1158 5582 1385 5636 naturae,
1445 5584 1502 5626 ut
1545 5576 1654 5643 pati
1703 5591 1809 5630 non

226 5668 394 5737 possit
425 5682 442 5732 ;
473 5666 667 5720 deinde
693 5681 787 5734 per
814 5668 1196 5721 adunationem
1227 5667 1396 5738 ipsius
1416 5666 1613 5722 factum
1650 5668 1815 5722 fuerit

227 5772 423 5827 corpus
480 5758 737 5828 passibilc
787 5777 801 5812 :
860 5766 1076 5828 oportet
1128 5770 1181 5813 ut
1244 5760 1502 5829 patiatur,
1580 5776 1811 5831 corpore

300 5934 344 5967 “
375 5935 535 5991 Joan.
571 5950 717 6001 sui,
760 5936 847 5989 5|.
929 5935 971 5967 ³⁷
1005 5933 1171 5989 Exod.
1211 5953 1318 6003 xvt,
1349 5938 1401 5990 5.

1479 5938 1525 5970 ⁸⁸
1557 5938 1684 5993 ibid.
1715 5939 1768 5993 Ἰ.

1848 5940 1893 5971 ⁸⁸
1937 5937 1953 5992 l
2000 5936 2281 6009 Πρευιοιιι,
2315 5939 2368 5994 ες.

1899 3366 2173 3437 quomodo
2222 3366 2292 3419 ab
2366 3365 2499 3432 ipsis
2560 3371 2773 3431 reperta
2834 3372 2937 3425 est,
2972 3360 3159 3427 gloria:
3213 3360 3504 3414 detrahant

1900 3456 2312 3516 Emmannelis;
2346 3455 2599 3524 quodque
2639 3468 2763 3507 eum
2817 3453 2907 3506 vix
2963 3468 3130 3505 uutnn
3186 3459 3501 3505 sanctorum

1898 3550 2135 3605 ciliciant
2199 3549 2637 3619 prophetarum;
2692 3558 2746 3599 ct
2802 3546 2945 3615 quod
3012 3546 3156 3599 inter
3217 3560 3505 3599 mensuras

1898 3641 2237 3697 constituant
2294 3640 2676 3709 plurimorum,
2734 3640 2787 3691 in
2843 3654 3017 3708 eoque
3094 3639 3283 3706 procul
3338 3638 3505 3691 dttbio

1899 3734 2205 3803 capiantur,
2240 3732 2481 3802 probabo
2518 3744 2702 3798 porro,
2732 3728 2930 3785 divina:
2964 3728 3266 3799 Scriptura.-
3296 3743 3505 3797 pauens

1902 3825 2173 3891 exempla.

1976 3916 2350 3969 Mnrmurabat
2380 3914 2674 3983 aliquando
2714 3913 2768 3966 in
2800 3900 3014 3967 deserto
3040 3912 3309 3968 adversus
3358 3913 3508 3986 Moy-

1902 4025 1996 4064 seu
2022 4019 2076 4063 ct
2125 4008 2305 4062 Aaron
2359 3992 2588 4079 populus
2645 4004 2833 4066 Israel.
2891 4005 3129 4060 dicens:
3187 4023 3207 4056 ι
3283 4003 3504 4060 Utinam

1906 4103 2103 4157 mortui
2160 4117 2431 4163 essemus,
2492 4100 2736 4169 percussi
2770 4114 2797 4151 a
2849 4098 3081 4151 Domino
3138 4098 3189 4151 in
3246 4095 3506 4169 Egyplo,

1904 4208 2027 4247 cum
2075 4194 2401 4246 sedebamns
2459 4189 2527 4243 ad
2582 4189 2718 4244 ollas
2785 4188 3057 4254 carnium,
3111 4199 3167 4243 et
3213 4191 3509 4244 cdebamus

1907 4300 2078 4353 usque
2102 4286 2167 4336 ad
2198 4284 2507 4337 Satietatcm
2535 4282 2601 4335 ".
2636 4300 2655 4332 ›
2682 4281 2820 4335 Dicit
2844 4281 3039 4335 deinde
3068 4282 3509 4351 sapientissimus

1907 4374 2121 4445 Moyses
2172 4375 2312 4444 (erat
2355 4374 2502 4430 enim
2542 4388 2886 4443 consequens
2930 4383 3036 4427 tam
3076 4383 3283 4428 temere
3335 4375 3510 4445 impa-

1910 4467 2103 4519 tientes
2130 4466 2435 4534 confutare)
2461 4484 2473 4519 :
2507 4484 2525 4517 ι
2562 4466 2672 4521 Nos
2697 4475 2878 4519 autem
2912 4467 3042 4535 quid
3070 4482 3259 4522 sumus
3278 4466 3305 4521 τ
3323 4465 3511 4536 Neque

1906 4557 2054 4610 enim
2086 4556 2349 4612 adversus
2378 4574 2477 4611 nos
2513 4569 2597 4613 est
2633 4562 2994 4614 murmuratio
3030 4571 3233 4629 vestra,
3269 4564 3363 4617 sed
3404 4564 3509 4618 ad-

1841 4642 1883 4697 D
1910 4664 2101 4705 versus
2133 4650 2311 4705 Deum
2340 4650 2407 4705 ".
2448 4669 2465 4702 ι
2496 4649 2781 4721 Regnabat
2809 4653 2954 4708 enim
2998 4669 3097 4724 per
3135 4655 3223 4709 illa
3266 4665 3508 4726 tempora

1912 4742 2075 4797 etiam
2122 4742 2263 4797 Dens
2293 4744 2663 4813 omnipotens,
2698 4762 2793 4816 per
2836 4756 3057 4801 sanctos
3104 4749 3420 4818 prophetas,
3457 4751 3511 4804 in

1913 4834 2109 4905 p0pnlo
2136 4833 2322 4889 Israel.

1988 4926 2065 4980 llh
2097 4936 2279 4982 autem
2312 4927 2364 4980 in
2410 4928 2511 4981 hoc
2542 4927 2708 4983 etiam
2752 4928 3149 4999 pusillanimes,
3177 4933 3514 4989 accedebant

1916 5020 1983 5074 ad
2006 5018 2248 5074 divinum
2296 5018 2547 5087 Samuel,
2600 5022 2841 5077 dicentes
2883 5040 2897 5077 :
2940 5043 2958 5075 ι
2998 5023 3140 5079 Ecce
3174 5038 3227 5079 ιιι
3258 5028 3510 5092 senuisti,

1914 5126 1970 5170 ct
2015 5114 2107 5168 lilii
2147 5116 2219 5169 tui
2246 5132 2349 5171 non
2380 5116 2658 5170 ambulant
2690 5117 2741 5170 in
2769 5118 2871 5172 viis
2899 5119 3026 5181 tuis,
3058 5130 3111 5173 et
3138 5132 3281 5173 nunc
3308 5122 3517 5174 consti-

1917 5218 2007 5263 tue
2041 5224 2205 5279 super
2234 5224 2333 5263 nos
2372 5224 2579 5279 regem,
2618 5212 2708 5279 qui
2732 5211 2937 5280 jtnlicet
2972 5229 3090 5279 nos,
3135 5214 3274 5267 sicut
3302 5224 3517 5269 caetera

1922 5302 2120 5355 habent
2151 5312 2341 5371 gentes
2370 5302 2437 5355 ".
2474 5321 2492 5355 ι
2534 5302 2758 5359 Moleste
2793 5304 2842 5358 id
2868 5306 3084 5375 quidem
3126 5306 3285 5359 nimis
3310 5304 3517 5361 ferebat

1924 5393 2211 5464 propheta.
2239 5394 2329 5446 Ait
2369 5404 2551 5449 autem
2589 5394 2731 5449 Deus
2761 5396 3109 5467 omnipotens
3142 5414 3156 5451 :
3190 5415 3208 5450 t
3248 5398 3385 5452 Audi
3416 5414 3517 5454 vo-

1915 5503 2035 5542 cem
2069 5485 2270 5556 populi,
2328 5484 2473 5540 sicut
2528 5485 2743 5541 locutus
2773 5498 2857 5543 est
2890 5489 2954 5543 ad
3002 5500 3051 5543 te
3085 5506 3100 5555 ;
3136 5490 3263 5561 quia
3302 5505 3407 5543 non
3465 5501 3517 5545 te

1914 5587 2263 5649 spreverunt,
2318 5577 2411 5633 sed
2464 5592 2551 5633 me
2609 5592 2958 5649 apt-evertunt,
3030 5594 3087 5636 ut
3130 5598 3257 5640 non.
3298 5598 3519 5653 regnem

1915 5687 2077 5742 super
2100 5685 2195 5725 eos
2217 5669 2286 5724 “.
2324 5688 2343 5721 ι

1991 5762 2340 5817 Dixitautem
2384 5761 2581 5818 alicubi
2628 5764 2795 5820 etiam
2830 5766 3084 5827 Christus
3134 5786 3249 5825 sant
3270 5771 3341 5826 tis
3387 5787 3521 5843 apo-

2447 5942 2491 5973 “
2524 5942 2655 5998 ibid.
2692 5942 2745 5999 Ἰ.
