3926 6494
523 484 653 541 Im
1523 485 1581 540 S.
1621 483 1900 540 C\'llll.|.l
1942 478 2407 536 ALEXANDRINI
2448 478 2769 534 ARCIIIEP.
3630 480 3744 534 illi

518 597 673 654 stolis
711 616 725 653 :
765 616 783 650 ι
828 598 929 663 Qui
968 597 1157 667 recipit
1196 610 1313 661 vos,
1360 611 1446 651 mc
1494 596 1686 666 recipit
1717 597 1786 650 σί.
1821 614 1838 645 ι
1874 594 2090 649 Necnon
2124 600 2164 651 Α
2194 593 2353 647 bilem
2394 606 2521 647 vero
2554 602 2606 646 ut
2634 593 2798 646 Deum
2828 591 3186 646 servavimus.
3229 590 3360 647 Nam
3416 592 3572 683 licet,
3595 592 3742 648 fartus

514 679 677 746 etiam
733 690 1114 744 misericordes
1165 705 1260 757 pro
1302 689 1554 744 tribunali
1592 703 1691 742 suo
1737 687 2093 742 allocuturnm
2198 685 2270 737 sit
2295 684 2487 738 similis
2522 684 2715 747 nostri,
2750 692 2986 736 attamen
3018 682 3163 738 scire
3190 683 3447 739 debemus
3469 679 3745 740 caelestium

518 799 578 838 se
608 784 886 853 pollicetur
913 801 926 837 :
956 802 974 834 ι
1028 783 1237 847 Venite,
1273 784 1535 837 benedicti
1564 781 1738 842 Patris
1764 780 1888 841 mei,
1916 778 2095 849 perci-
2197 775 2519 843 dignitatum
2548 784 2601 828 et
2622 774 2816 827 divinae
2844 771 2961 841 ejus
2996 774 3316 829 eminentiae
3348 775 3697 845 majestatem.

516 877 623 941 pite
641 884 885 943 paratum
909 874 1060 928 vobis
1086 889 1303 943 regnum
1323 889 1351 926 a
1376 874 1760 927 constitutione
1778 869 2040 924 mundi“.
2070 888 2087 919 ι
2278 865 2560 920 Prmmissa
2596 866 2758 935 igitur
2788 865 2990 921 unitate
3030 881 3115 930 ea,
3144 867 3297 935 quasi
3336 866 3517 936 aliqua
3580 868 3748 920 funda-

517 965 805 1018 l‘robitatis
825 981 951 1019 vero
977 966 1211 1032 ipsorum
1234 981 1408 1018 meres
1434 965 1771 1018 familiariter
1791 976 2092 1033 agnoscens
2195 969 2376 1013 mento
2405 958 2525 1013 fidei
2546 959 2820 1029 pmjacto,
2849 972 3012 1012 carne
3029 972 3244 1027 passum
3266 973 3387 1013 esse
3403 959 3712 1014 conﬁtemur
3734 977 3744 1018 :

510 1056 577 1109 de
627 1057 714 1121 iis,
769 1057 961 1123 quibus
1016 1056 1150 1110 bene
1208 1055 1513 1108 consultum
1575 1054 1749 1107 fuerat
1793 1055 1859 1107 ah
1908 1055 2087 1124 ipsis:
2194 1051 2458 1105 mansisse
2492 1065 2620 1106 vero
2673 1062 2825 1105 extra
2876 1049 3178 1117 passiones,
3226 1052 3424 1119 quippe
3469 1066 3591 1103 cum
3625 1053 3672 1103 in
3701 1068 3749 1104 se

516 1164 535 1199 ι
569 1148 813 1213 Quandiu
844 1148 1103 1210 feceritis,
1139 1148 1330 1217 inquit,
1361 1149 1448 1201 uni
1479 1147 1671 1201 borum
1723 1147 2085 1215 tninimornm,
2193 1143 2407 1207 habent,
2433 1155 2489 1196 nt
2516 1144 2621 1212 pati
2659 1159 2761 1196 non
2787 1142 2953 1211 possit
2986 1160 2999 1195 :
3035 1141 3117 1194 sin
3155 1157 3281 1195 vero
3314 1144 3362 1195 in
3407 1154 3561 1212 parte
3604 1159 3749 1210 pona-

511 1240 641 1290 mihi
686 1237 887 1292 fecistis
908 1238 970 1288 ⁸⁸.
1007 1255 1025 1288 ι
2193 1251 2314 1288 tuus
2344 1235 2509 1288 Deum
2542 1244 2595 1288 et
2638 1234 2931 1296 hominem,
2965 1246 3184 1287 naturas
3215 1250 3245 1287 a
3278 1248 3399 1287 sese
3440 1235 3746 1294 dividentes.

580 1326 736 1390 Ecce,
764 1329 817 1381 in
847 1327 930 1380 his
960 1328 1237 1381 relationis
1267 1330 1454 1383 modus
1474 1330 1652 1398 qualis
1673 1331 1765 1397 sit,
1795 1334 2081 1401 cognosci-
2190 1334 2237 1377 et
2264 1327 2560 1378 secundum
2585 1324 2752 1377 solam
2779 1324 3094 1378 relationem
3126 1326 3369 1378 dicamus
3397 1324 3635 1378 Verbum
3668 1342 3746 1377 sua

514 1426 604 1469 tur
645 1417 949 1472 evidenter.
1011 1417 1386 1473 Murmurabat
1450 1422 1709 1476 adversus
1763 1422 1977 1494 Moysen
2035 1434 2090 1478 et
2190 1416 2408 1469 duxisse
2442 1431 2527 1479 ea.
2557 1430 2675 1485 quae
2708 1416 2919 1483 Corpori
2953 1416 3313 1484 conlisermll.
3346 1414 3548 1484 “uisis
3579 1431 3751 1481 ηεηιρε

506 1512 686 1561 Aaron
740 1508 969 1577 populus
1002 1507 1187 1572 Israel,
1222 1518 1275 1563 et
1314 1526 1399 1563 res
1430 1510 1646 1579 quidem
1681 1511 1913 1566 habebat
1945 1513 2077 1567 rela-
2188 1517 2242 1561 et
2271 1508 2447 1561 Aaron
2478 1510 2691 1560 modum
2713 1507 2872 1560 habet
2903 1506 2967 1571 is,
3000 1506 3090 1574 qui
3136 1515 3217 1560 est
3244 1520 3310 1558 ex
3343 1520 3497 1559 sacra
3549 1503 3751 1574 Virgine

507 1599 705 1651 tionem
753 1600 804 1651 in
852 1600 1235 1662 Deunt;erant
1265 1610 1441 1654 tamen
1484 1602 1729 1656 homines
1774 1602 1983 1673 Moyses
2032 1614 2089 1658 et
2188 1608 2500 1667 procreatus
2572 1597 2907 1663 Emmanuel,
2973 1600 3117 1667 quod
3188 1606 3270 1651 est
3328 1597 3749 1665 interpretatum,

509 1692 688 1740 Aaron
720 1689 926 1742 similes
974 1691 1168 1744 nostri.
1203 1690 1404 1745 Eodem
1470 1702 1629 1760 pacto
1680 1694 1843 1745 etiam
1880 1693 1932 1746 in
1965 1694 2086 1749 aliis
2188 1688 2467 1743 nobiscum
2506 1688 2666 1743 Deus.

507 1779 793 1849 intelliges,
835 1796 1065 1850 quorum
1122 1797 1293 1849 nuper
1320 1783 1546 1835 fecimus
1600 1785 1958 1839 mentionem:
1992 1788 2083 1839 sed
2253 1782 2419 1852 800
2468 1782 2607 1852 Ergo
2655 1782 2754 1836 etsi
2818 1797 2913 1850 per
2965 1781 3256 1851 praphctas
3304 1791 3527 1835 sanctos
3584 1782 3747 1835 dicat:

505 1878 661 1924 erant
712 1871 950 1937 quidem,
984 1879 1040 1923 ut
1083 1879 1207 1925 ante
1238 1872 1371 1933 disi,
1423 1874 1593 1926 sant-ti
1644 1882 1697 1927 et
1738 1876 2084 1931 admirabiles
2190 1891 2209 1923 ι
2254 1874 2476 1927 horsum
2509 1888 2684 1927 meum
2721 1875 2871 1941 posui
2911 1874 2962 1927 in
2996 1872 3239 1940 ﬂagella;
3275 1871 3523 1925 maxillas
3582 1882 3747 1924 autem

513 1961 775 2024 ho'tnines,
808 1961 1050 2013 homines
1077 1972 1250 2014 tamen
1282 1963 1484 2016 similes
1519 1966 1706 2019 nostri.
1738 1964 1887 2020 Eone
1924 1968 2084 2037 igitur
2115 1942 2155 1993 Β
2187 1975 2334 2014 meas
2377 1963 2427 2014 ill
2468 1961 2673 2028 Palmas
2701 1978 2713 2024 ;
2739 1960 2932 2015 faeie!“
2981 1974 3151 2013 meam
3194 1969 3374 2012 ίυιθιη
3427 1974 3533 2012 ηοιι
3590 1960 3745 2013 “fni

505 2053 661 2103 tnmlo
686 2053 848 2103 etiam
880 2052 1039 2103 homo
1078 2052 1184 2105 Deo
1229 2051 1402 2107 Verbo
1444 2054 1788 2123 conjunctus,
1814 2059 1971 2113 'sicut
2004 2059 2055 2112 ill

2198 2068 2213 2103 ι
2244 2052 2557 2105 confusione
2578 2062 2853 2120 sputorunt
2873 2052 2939 2104 “.
2966 2069 2985 2102 ι
3014 2050 3214 2105 Porro:
3241 2069 3260 2101 ι
3304 2048 3625 2104 lnfodewnt
3656 2064 3748 2101 ma-

503 2146 671 2205 aiunt,
710 2142 1025 2197 re|a2i0uem
1060 2139 1198 2195 inid
1245 2160 1462 2199 suarum
1500 2148 1693 2202 habeat
1726 2150 2034 2216 passionum

2193 2158 2285 2195 nus
2324 2158 2469 2197 meas
2517 2152 2572 2195 et
2622 2144 2782 2211 pedes
2834 2157 3001 2205 meos,
3041 2141 3522 2195 dinttmeraverunt
3580 2142 3743 2196 Omnia

505 2231 567 2283 lit
594 2232 983 2300 quomodojam
1017 2249 1122 2286 non
1152 2234 1215 2287 sit
1240 2235 1399 2287 homo
1418 2239 1743 2299 communis,
1766 2248 1817 2291 et
1839 2228 2077 2304 sections,
2180 2250 2303 2288 ossa
2335 2250 2450 2287 mea
2476 2234 2540 2287 “.
2578 2253 2597 2287 ι
2641 2233 2707 2287 Et
2740 2249 2937 2303 porro:
2968 2253 2987 2285 ι
3021 2232 3226 2289 Dedere
3258 2233 3312 2285 in
3354 2232 3536 2286 cibum
3582 2248 3743 2285 meum

501 2332 556 2375 et
591 2324 733 2376 aliud
770 2324 1107 2393 uihillErgo
1143 2338 1245 2376 non
1275 2335 1357 2379 est
1398 2340 1523 2380 vere
1571 2327 1711 2380 Deus
1738 2326 2076 2394 Emmanuel,
2182 2325 2489 2395 hyssopum,
2528 2333 2584 2378 et
2634 2325 2684 2377 in
2727 2323 2871 2377 sitim
2908 2338 3080 2377 meam
3120 2323 3432 2379 obtulerunt
3463 2325 3598 2377 mihi
3638 2341 3745 2378 ace-

500 2429 604 2466 nou
637 2414 942 2481 nnigenitus
974 2414 1165 2479 Filius,
1196 2430 1301 2469 non
1328 2416 1463 2470 Deus
1489 2418 1780 2470 secundum
1810 2429 2073 2473 naturam.
2181 2428 2288 2469 tttm
2322 2417 2388 2471 ν’.
2431 2435 2449 2468 ι
2502 2417 2606 2484 Ipsi
2660 2418 2840 2471 omnia
2897 2416 3011 2471 hmc
3034 2414 3323 2484 Uni’genito
3379 2416 3742 2481 attribuimns,

574 2503 772 2559 Deinde
819 2520 981 2573 quam
1049 2510 1116 2559 ob
1165 2522 1382 2561 causam
1434 2522 1592 2563 nemo
1649 2508 1879 2561 aliorum
1908 2526 1935 2561 a
1970 2510 2076 2563 Deo
2176 2523 2297 2577 quae
2329 2522 2424 2576 pro
2443 2508 2593 2561 nobis
2614 2508 3006 2576 dispensatorie
3032 2522 3197 2561 carne
3217 2522 3409 2578 passus
3436 2518 3544 2572 est,
3569 2524 3744 2564 serun-

496 2595 678 2651 Verbo
739 2596 1035 2650 honoratus
1088 2607 1171 2651 est
1226 2600 1532 2666 aequalitate
1603 2600 1899 2666 dignitatis,
1963 2602 2074 2654 sive
2175 2606 2297 2651 dum
2355 2598 2754 2665 Scripturaszt
2791 2597 2974 2653 Vibice
3042 2600 3187 2652 enim
3248 2598 3363 2666 ejus
3418 2616 3518 2654 nos
3578 2602 3740 2655 sanati

496 2687 1102 2743 auctoritatis?Solunt
1152 2690 1500 2743 autembttnc
1555 2692 1699 2758 paria
1749 2693 1927 2743 omnia
1958 2708 2075 2744 sor-
2173 2707 2381 2756 sumus,
2445 2700 2500 2743 et
2560 2690 2675 2757 ipse
2733 2689 3031 2743 infirmatus
3098 2700 3182 2744 est
3248 2700 3469 2759 propter
3529 2701 3741 2760 peccata

498 2778 650 2831 titutn
683 2778 847 2832 fuisse
871 2780 1237 2843 contendunt;
1266 2781 1500 2831 maxime
1527 2794 1646 2831 cum
1670 2778 1807 2833 Deus
1825 2777 2072 2833 Salvator
2172 2796 2355 2837 nostra
2388 2783 2451 2837 ⁸ο.
2492 2802 2509 2834 ι
2573 2783 2959 2851 Intpassibilem
3014 2796 3144 2836 vero
3206 2796 3327 2837 eum
3386 2796 3581 2838 natura
3632 2800 3742 2838 esse

494 2869 759 2931 omnium,
796 2885 902 2922 non
930 2868 1137 2937 judicct
1172 2870 1235 2922 ad
1263 2870 1908 2937 personant,setljnstutn
1934 2871 2071 2939 judi-
2170 2874 2547 2942 cognoscimus
2580 2890 2592 2924 :
2635 2888 2754 2924 naut
2785 2873 2861 2934 si,
2898 2882 2953 2924 ut
3002 2854 3199 2926 dudum
3230 2873 3361 2938 dixi,
3398 2874 3541 2927 idem
3593 2875 3742 2928 homo

492 2962 657 3022 cium,
688 2960 829 3013 sicut
858 2960 972 3026 ipse
998 2960 1473 3013 commemorat“.
1508 2960 1686 3025 Quare
1719 2974 1849 3027 ergo
1890 2961 2069 3013 consi-
2165 2976 2249 3020 est
2300 2966 2457 3019 simul
2512 2974 2567 3017 et
2622 2965 2783 3028 Deus,
2844 2972 2968 3016 sunt
3015 2974 3163 3018 certe
3219 2964 3576 3019 humanitatis
3632 2967 3739 3032 ejus

491 3053 581 3104 det
613 3052 805 3105 solns‘l
842 3047 1133 3118 Quomodo
1186 3053 1364 3103 veniet
1396 3050 1582 3117 jndex,
1642 3049 2065 3119 obsequentibns
2169 3054 2469 3124 passiones,
2496 3052 2585 3105 Dei
2613 3066 2773 3119 porro
2799 3053 3097 3120 proprium,
3123 3061 3180 3105 ut
3211 3054 3557 3113 impassibilis
3587 3056 3738 3110 intel-

490 3142 936 3212 augelis?Quare
986 3156 1163 3197 autem
1205 3145 1352 3197 solus
1403 3153 1509 3196 tam
1552 3159 1581 3196 a
1628 3144 1783 3197 nobis
1835 3159 1995 3212 quam
2032 3160 2061 3198 a
2168 3147 2382 3216 ligatur.

485 3235 733 3303 supernis
758 3237 1041 3305 spiritibus
1080 3235 1382 3290 adoralur?
1418 3236 1522 3319 Sed
1554 3235 1729 3298 valde,
1758 3236 1927 3303 inquit
1960 3254 1972 3288 :
2011 3245 2060 3290 te
2088 3268 2129 3321 η
2238 3238 2361 3291 llaec
2390 3238 2461 3291 ita
2517 3239 2811 3293 sentientes
2859 3238 3195 3295 servabimus
3239 3238 3518 3307 pietatem,
3554 3250 3607 3294 et
3645 3256 3737 3310 per

483 3330 627 3381 enim
683 3342 900 3397 quoque
959 3329 1009 3382 id
1062 3342 1221 3397 agere
1269 3329 1571 3381 invenimus
1603 3344 1617 3392 ;
1649 3342 1863 3393 passmn
1914 3328 2056 3381 enim
2165 3336 2343 3381 rectas
2390 3330 2748 3397 cogitationes
2793 3341 2985 3384 euntes
3034 3340 3089 3385 et
3141 3346 3352 3397 sensus,
3392 3332 3460 3386 ad
3505 3332 3736 3385 caelestis

487 3419 661 3486 ipsum
686 3420 979 3481 conﬁteris,
1004 3429 1271 3488 quatenus
1297 3420 1344 3473 ei
1372 3421 1553 3473 carnis
1576 3420 1824 3472 attribuis
1849 3419 2055 3487 passio-
2164 3420 2462 3474 vocationis
2509 3422 2739 3490 palmam
2800 3423 3177 3491 perveniemus
3235 3425 3287 3477 in
3344 3424 3586 3489 Christo,
3641 3441 3734 3494 per

488 3525 603 3573 nes,
628 3509 750 3563 licet
779 3509 1162 3578 impassibilem
1200 3523 1383 3562 serves
1410 3518 1468 3561 ut
1490 3506 1678 3562 Deum.
1716 3509 1784 3561 At
1814 3524 1932 3575 nos,
1973 3513 2056 3562 vir
2162 3524 2341 3578 quem,
2377 3522 2429 3562 et
2453 3526 2572 3565 cum
2606 3525 2733 3580 quo,
2767 3510 2878 3566 Deo
2917 3525 2976 3566 et
3003 3513 3151 3567 Patri
3181 3516 3346 3584 gloria
3380 3533 3498 3570 cum
3534 3515 3730 3585 Spiritu

483 3602 707 3671 Optime,
742 3616 863 3655 cum
898 3601 1046 3670 prius
1083 3600 1501 3654 adunaveritnus
1539 3599 1771 3653 Verbum
1800 3611 1853 3654 et
1879 3601 2055 3654 bomi-
2159 3612 2347 3656 sancto
2389 3603 2440 3655 in
2469 3604 2662 3657 saecula
2694 3606 3039 3661 saeculorum.
3082 3609 3276 3662 Amen.

483 3708 625 3757 nem,
670 3694 817 3747 carni
870 3694 1083 3762 quidem
1118 3692 1402 3763 passiones
1449 3691 1754 3756 trtbuimus,
1799 3693 2053 3760 impassi-

549 3870 593 3946 [ί
630 3868 759 3946 L_ttc.
786 3872 997 3946 ιιΛεὶ,⁸
1087 3869 1347 3946 ’ἰηιιιῑιλ
1384 3888 1509 3946 xxv,
1551 3872 1639 3946 διε
1753 3873 1797 3903 ⁸³
1842 3873 1967 3927 ibid.
2011 3869 2097 3925 40.

2187 3872 2231 3902 ⁸⁸
2271 3868 2423 3925 Joan.
2458 3888 2574 3936 vnt,
2611 3872 2695 3925 16.
2788 3874 2833 3904 ⁸⁵
2864 3873 2968 3927 lsa.
3004 3891 3059 3939 t..
3103 3876 3157 3931 6.
3246 3877 3289 3908 “
3322 3876 3455 3935 Psal.
3487 3893 3598 3937 ιιι,
3636 3876 3724 3941 18,

477 3936 517 3967 ⁶²
548 3936 685 3993 Psal.
718 3956 905 4005 uvm,
939 3943 1025 3995 ἐξ..
1104 3941 1149 3972 ⁸⁸
1190 3940 1295 3993 lsa.
1323 3958 1435 4006 Llll,
1472 3942 1525 3995 5.
