3926 6484
151 542 315 601 1⁷415

505 714 716 726 ιη...-
754 715 758 718 ~
778 691 1189 719 ---...-.-......τεγ..
1217 699 1386 709 ορ--.-ιο
1412 691 1699 705 αμΞ--ογφν⁴4---

670 874 1021 1013 ΤΟΥ

173 717 499 734 #—

1086 520 1378 583 SCHOUA
1416 516 1504 573 DE
1544 501 2061 568 INCARNATIONE
2101 492 2311 553 VERBI
2348 491 2482 548 DEI.

1095 854 1991 1003 ΜΑΚΑΡΙΟΥ
2063 831 2946 980 ΚΥΡΙΛΛΟΥ
2971 915 3006 980 ,

3357 467 3502 530 ιιίι

2639 624 3481 657 _________._-..

1270 1114 1849 1180 ΑΡΧΙΕΠῙΣΚΘΠΟΥ
1887 1099 2437 1165 ΑΛΕΞΑΝΔΡΕΙΔΣ,

488 1327 666 1382 ΠΕΡΙ
709 1317 847 1376 ΤΗΣ
887 1306 1535 1374 ΕΝΑΝΘΡΩΠΗΣΕΩΣ
1576 1301 1722 1359 ΤΟΥ
1758 1298 1948 1353 ΘΕΟΥ
1984 1298 2259 1361 ΛΟΓΟΥ,
2307 1295 2450 1350 ΤΟΥ
2495 1287 2674 1343 ΥιοΥ
2712 1280 2858 1337 ΤΟΥ
2893 1275 3210 1331 ΠΑΤΡΟΣ.

1050 1647 1646 1780 ΒΕΑΤΙ
1810 1628 2646 1768 CYRILLI

1311 1883 1845 1965 Ancntsrtscopt
1895 1891 2395 1957 ALEXANDRINI,

429 2104 579 2196 DE
658 2088 1578 2191 INCARNATIONE
1655 2084 2023 2178 VEBBI
2107 2075 2359 2197 DEI,
2435 2066 2737 2157 FILII
2816 2056 3287 2151 PATRIS.

278 2468 352 2526 Ἦ
381 2469 481 2539 τῆς
511 2466 665 2529 θείας
691 2464 922 2537 Γραφῆς
964 2460 1233 2534 ὸρθοτάτη
1277 2458 1476 2523 ἔννοια,
1510 2454 1804 2520 εἰσοικιζο-

192 2563 346 2638 μέν-η
371 2562 450 2624 είς
476 2558 567 2612 τὸν
593 2556 703 2610 τῶν
730 2556 903 2624 ἁγίων
932 2553 1079 2616 νοῦν,
1111 2551 1484 2620 κατακοσμεῖν
1520 2549 1680 2602 εῐωθε
1703 2546 1805 2610 τὰς

188 2637 314 2714 τῶν
362 2652 535 2722 ἁγίων
583 2649 793 2720 ψυχάςο
830 2646 898 2710 ἃς
927 2645 988 2698 τὸ
1016 2642 1243 2714 Πνεῦμα
1289 2640 1352 2694 τὸ
1390 2640 1545 2709 ἅγιον
1591 2637 1806 2706 είσάγει

192 2748 283 2811 εις
321 2745 387 2798 τὰ
417 2741 630 2811 πελάγη
671 2738 772 2809 τῆς
802 2736 1030 2790 ἁεννάου
1078 2730 1336 2802 γνώσεώς
1382 2749 1442 2783 τε
1475 2730 1570 2783 καὶ
1614 2728 1806 2798 σοφίας

193 2833 447 2910 Χριστοῦ
467 2849 480 2863 ·
532 2832 599 2885 δι’
631 2825 707 2885 ὧν
738 2831 765 2882 ὁ
797 2827 987 2899 Πατὴρ
1025 2826 1132 2879 τῶν
1164 2826 1303 2878 ὅλων
1332 2824 1467 2887 Θεὸς
1506 2822 1808 2890 δοξολογεῖ-

194 2947 322 2984 ται.
348 2924 673 2997 Θησαυροὺς
688 2921 870 2974 τοίνυν
890 2918 1269 2990 ἀποκρύφους,
1294 2916 1584 2987 ἁοράτους,
1609 2912 1809 2978 ἀνοίξω

200 3038 317 3083 σοι,
351 3018 493 3071 κατὰ
522 3016 582 3068 τὸ
609 3012 1017 3084 γεγραμμένον.
1051 3008 1375 3079 Θησαυροὺς
1404 3007 1459 3059 δέ
1492 3023 1638 3077 φημι
1684 3004 1811 3068 τοὺς

200 3112 310 3181 τῆς
340 3108 511 3181 ὀρθῆς
532 3105 791 3175 γνώσεως
817 3102 1059 3163 διανοίας
1091 3099 1424 3171 ὀφθαλμοὺς,
1452 3098 1620 3167 ὑγιῶς
1642 3097 1813 3167 δρῶν-

203 3220 308 3267 τας
338 3200 434 3255 καὶ
462 3197 783 3269 ἁλωδήτως.
818 3196 893 3249 Οὐ
925 3193 1035 3265 γὰρ
1075 3192 1396 3264 χαρίσματα
1426 3190 1592 3260 ἀτελῆ
1625 3190 1815 3261 δωρεῖ-

205 3312 303 3349 ται
348 3292 484 3355 Θεὸς
533 3293 650 3352 τοῖς
701 3287 1077 3357 ὲπεγνωκόσιν
1120 3286 1316 3340 αὐτόν’
1364 3283 1488 3337 οὕτε
1525 3282 1631 3354 μὴν
1665 3283 1813 3355 ὅροις

208 3383 567 3457 ἀνθρωπίνης
590 3380 833 3445 διανοίας
858 3377 1315 3455 περιγραφόμενα
1331 3392 1346 3406 ο
1374 3375 1580 3437 τέλειος
1604 3373 1713 3445 γὰρ
1738 3371 1813 3426 ὢν

208 3481 240 3535 δ
276 3478 387 3532 τῶν
420 3476 676 3531 ἁπάντων
705 3473 860 3546 ἡμῶν
889 3473 1168 3544 Δεσπότης
1186 3471 1340 3534 Θεὸς,
1371 3469 1593 3532 τελείως
1622 3468 1814 3540 δωρεί-

210 3589 307 3626 ται
354 3570 423 3624 τὰ
466 3568 677 3639 ἄφθονα
720 3569 835 3631 τοῖς
884 3566 1051 3631 ἀξίως
1114 3562 1554 3633 πολιτευομένοις
1604 3560 1811 3615 αὐτοῦ’

213 3662 455 3739 ιραστὴς
477 3660 588 3733 γὰρ
609 3659 826 3729 πέφυκε
857 3657 969 3711 τῶν
992 3658 1051 3710 ὲν
1074 3656 1295 3727 καθαρᾷ
1318 3654 1518 3725 καρδίᾳ
1539 3653 1819 3706 δουλευόν-

214 3772 327 3810 των
378 3750 529 3821 αὑτῷ
583 3750 988 3820 ἀνυποκρίτως.
1025 3748 1238 3800 Ἡκέτω
1290 3744 1471 3798 τοίνυν
1521 3744 1629 3809 πᾶς
1679 3742 1817 3814 ὀρθὰ

1840 2463 1882 2518 Α
1983 2449 2145 2522 801
2190 2444 2500 2500 Germanus
2530 2436 2727 2491 divina:
2756 2432 3054 2501 Scriptum
3080 2439 3274 2481 sensus
3301 2430 3524 2478 sancto-

1910 2521 2029 2598 rum
2084 2538 2362 2594 mentibus
2414 2531 2674 2601 illapsus,
2723 2526 2939 2581 illorum
2992 2521 3205 2575 animos
3248 2524 3516 2581 exornat,

1908 2645 2047 2701 quos
2087 2627 2327 2699 Spiritus
2367 2630 2592 2678 sanctus
2627 2618 2681 2672 in
2720 2614 2849 2671 illud
2889 2610 3147 2684 perennis
3181 2609 3429 2665 scientiae
3466 2616 3521 2662 et

1910 2700 2195 2793 sapientiae
2239 2702 2447 2774 Christi
2493 2712 2717 2784 pelagus
2760 2706 2972 2762 inducit
3009 2723 3023 2760 :
3061 2719 3157 2772 per
3193 2718 3315 2774 quae
3359 2700 3523 2755 Pater

1912 2816 2002 2871 ille
2042 2814 2424 2868 universorum
2465 2806 2611 2861 Deus
2647 2802 3009 2876 glorificatur.
3044 2796 3358 2852 Thesauros
3398 2809 3525 2863 prn-

1914 2908 2041 2963 iude
2073 2903 2429 2961 absconditos
2457 2912 2511 2955 et
2546 2894 2879 2961 invisibiles,
2914 2905 2973 2945 ut
3001 2900 3087 2946 est
3117 2890 3171 2943 in
3204 2888 3378 2944 sacris
3407 2883 3526 2938 Lit-

1914 3000 2047 3054 teris
2066 2998 2103 3061 ¹,
2132 2995 2229 3050 tibi
2259 2992 2559 3047 recludam.
2582 2986 2904 3041 Thesauros
2933 2990 3113 3036 autem
3147 2987 3315 3033 rectae
3339 2975 3529 3047 cogni-

1917 3092 2081 3146 tionis
2105 3086 2318 3159 appellu
2342 3085 2543 3139 mentis
2563 3080 2773 3142 oculos.
2796 3078 2887 3150 qui
2913 3077 3127 3132 sincere
3152 3069 3527 3139 inoﬂ'enseque

1915 3178 2276 3251 perspiciunt.
2313 3174 2505 3243 Neque
2538 3172 2687 3227 enim
2730 3170 2873 3225 Deus
2908 3165 3260 3236 imperfecta.
3298 3170 3393 3214 nul.
3428 3160 3529 3215 bu—

1916 3287 2091 3327 mante
2119 3269 2318 3324 mentis
2346 3266 2613 3321 limitibus
2640 3260 3055 3328 circumscripta
3084 3268 3310 3310 munera
3341 3253 3407 3308 iis
3435 3252 3529 3321 qui

1917 3365 2067 3420 illunt
2100 3354 2837 3434 agnoverint.timpertitur.
2873 3351 3049 3412 Nam,
3086 3349 3213 3419 quia
3250 3345 3531 3417 perfectus

1916 3468 2002 3515 est
2047 3458 2164 3528 ipse
2202 3454 2346 3509 Deus
2388 3460 2575 3506 noster
2614 3447 2860 3503 omnium
2906 3444 3187 3507 Dominus,
3228 3438 3529 3510 perfectam

1918 3565 2136 3623 quoque
2172 3549 2445 3605 bonorum
2481 3557 2707 3599 suorum
2745 3540 2958 3610 copiam
2996 3536 3106 3589 illis
3140 3532 3230 3604 qui
3266 3534 3384 3602 ipso
3419 3546 3529 3584 non

1920 3644 2197 3712 indignam
2224 3640 2389 3693 vitam
2419 3645 2609 3707 agunt.
2636 3632 2879 3704 dilargiri
2905 3630 3063 3686 solet.
3091 3626 3224 3681 Nam
3277 3624 3367 3695 qui
3394 3637 3533 3694 puro

1920 3735 2181 3803 omnique
2211 3729 2563 3785 simulatione
2600 3739 2774 3780 vacuo
2808 3722 2990 3776 animo
3020 3718 3095 3772 illi
3127 3717 3407 3778 serviunt.
3436 3730 3534 3768 eos

482 3804 760 3913 ἦρημένος
805 3804 904 3892 έπὶ
937 3804 1037 3908 τὴν
1066 3838 1295 3891 ἀένναον
1322 3833 1505 3906 πηγὴν
1550 3804 1641 3887 τὸν
1686 3804 1821 3906 ὶξρι-

1928 3824 2187 3896 singulari
2227 3835 2415 3875 amore
2450 3828 2506 3873 et.
2542 3815 2923 3872 benevolentia
2958 3810 3361 3879 complectitur.
3398 3804 3533 3861 0m-

221 3933 369 3999 στὸν,
397 3930 611 3985 ἁκούων
658 3928 824 3983 αὐτοῦ
859 3925 1315 3999 προσφωνοῦντος
1342 3924 1431 3979 διὰ
1456 3924 1550 3979 τοῦ
1580 3924 1823 3994 Εὑαγγε-

220 4026 369 4080 λίουο
399 4042 418 4076 ι
443 4024 571 4077 Ἐάν
600 4039 685 4085 τις
710 4021 861 4091 διψᾷ,
891 4020 1139 4090 ἐρχέσθω
1166 4018 1303 4090 πρός
1328 4035 1419 4088 με.
1438 4017 1535 4071 καὶ
1560 4018 1782 4073 πινέτω.
1799 4037 1817 4069 ι

221 4117 298 4172 Οὐ
326 4116 435 4185 γὰρ
469 4114 588 4167 δέον
617 4114 766 4165 ἐστὶν
798 4112 968 4182 ἡμᾶς,
1001 4109 1076 4182 μὴ
1114 4110 1379 4181 πρότερον
1412 4110 1735 4178 ἐπιγνόντας
1764 4109 1826 4163 τὸ

222 4209 324 4280 τῆς
357 4206 643 4269 εὐσεϐείας
692 4203 1333 4275 μυστήριον,-διερευνᾷν
1378 4203 1411 4274 ἢ
1460 4201 1824 4273 ὲκλαμὸάνειν

225 4299 414 4363 ἁπλῶς
462 4299 590 4371 περὶ
630 4296 867 4371 Χριστοῦ
902 4296 997 4350 τοῦ
1029 4296 1600 4353 Θεοῦ.⁹Υποκλέπτειν
1646 4299 1826 4352 τοίνυν

223 4389 429 4444 οιονταί
460 4405 605 4451 τινες
628 4388 742 4451 τῶν
772 4387 1143 4459 ἀκροωμένων
1168 4388 1265 4452 τὰς
1293 4388 1495 4459 ψυχὰς,
1513 4387 1823 4462 ἄνθρωπον,

225 4484 382 4554 φησὶ,
416 4483 669 4551 λέγοντες
706 4481 1059 4552 ἀνειληφέναι
1088 4483 1179 4536 τὸν
1213 4481 1347 4537 Θεὸν
1376 4484 1551 4553 Λόγον
1572 4500 1585 4514 ·
1621 4483 1715 4537 καὶ
1738 4482 1826 4537 διὰ

224 4574 389 4629 τοῦτο
422 4573 650 4647 πρόοδον
689 4573 1027 4645 πεποιῆσθαι
1066 4574 1155 4628 διὰ
1196 4575 1296 4647 τῆς
1327 4577 1488 4646 ἁγίας
1520 4575 1825 4648 Παρθένου,

226 4666 324 4719 καὶ
371 4664 561 4719 τοῦτον
611 4662 777 4718 αὐτὸν
827 4664 920 4719 τὸν
968 4664 1257 4738 ἄνθρωπον
1306 4665 1719 4721 ὰποτεθεῶσθαι
1750 4666 1829 4739 τῷ

227 4756 351 4829 Θεῷ
378 4757 561 4829 Λόγῳ,
587 4757 650 4810 οὐ
683 4756 957 4822 συνιέντες
984 4759 1046 4812 τὸ
1070 4759 1168 4830 τῆς
1189 4759 1478 4824 εὐσεϐείας
1502 4762 1826 4832 μυστήριον,

228 4850 327 4905 καὶ
349 4848 450 4919 τῆς
488 4848 627 4919 μετὰ
662 4840 867 4921 σαρκὸς
895 4850 1211 4921 οἰκονομίας
1238 4850 1334 4904 τοῦ
1368 4851 1710 4920 Μονογενοῦς
1728 4851 1831 4922 τὴν

229 4941 391 5014 χάριν
437 4938 669 5011 μετρίαν
714 4938 1266 5012 ποιούμενοι.Ήμεῖς
1298 4941 1356 4995 δὲ
1388 4943 1488 5014 οὐχ
1519 4942 1664 4997 οὕτω
1692 4943 1831 4997 δεδι-

229 5026 513 5096 δάγμιθα’
571 5023 688 5085 ἕνα,
723 5026 818 5077 καὶ
871 5024 964 5078 τὸν
1022 5026 1187 5081 αὐτὸν
1246 5028 1427 5099 ῐσμεν,
1462 5027 1706 5098 ἀδελφοὶ,
1738 5027 1832 5081 τὸν

230 5113 319 5168 διὰ
345 5113 449 5183 τῆς
476 5112 637 5178 ἁγίας
672 5112 954 5184 Παρθένου
980 5115 1080 5185 τῆς
1112 5115 1379 5171 Θεοτόκου
1406 5117 1625 5191 Μαρίας
1646 5135 1833 5189 γεννη-

234 5203 419 5268 θέντα,
451 5204 585 5258 Θεὸν
610 5204 839 5271 τέλειον,
865 5206 961 5259 καὶ
988 5205 1277 5279 ἄνθρωπον
1302 5187 1531 5277 τέλειον,
1564 5187 1829 5282 ἔμψυχον,
1860 5187 1907 5249 C

233 5296 475 5367 λογικόν.
512 5296 785 5369 Ταύτῃτοι
831 5300 928 5353 καὶ
974 5298 1237 5354 Θεοτόκον
1271 5302 1505 5373 λέγομεν
1545 5303 1644 5376 τὴν
1673 5308 1837 5376 ἁγίαν

239 5388 541 5462 Παρθένον,
572 5389 666 5443 καὶ
693 5391 1034 5462 ἑνῳκηκέναι
1060 5392 1337 5458 οὐσιωδῶς
1363 5395 1456 5451 τὸν
1486 5396 1621 5451 Θεὸν
1664 5399 1838 5468 Λόγον

236 5486 293 5539 ιν
324 5482 464 5553 αὐτῇ
509 5481 570 5534 οὺ
608 5480 854 5554 δοκήσει,
881 5483 1020 5537 ἀλλὰ
1044 5485 1299 5558 ἐνεργείᾳ
1318 5499 1331 5514 ’
1358 5487 1448 5541 τὸν
1478 5489 1644 5545 αὑτὸν
1673 5491 1839 5565 διμη-

238 5572 409 5633 ναῖον,
442 5569 541 5623 καὶ
586 5574 934 5644 τριμηναϊον,
970 5572 1095 5628 Υίόν
1123 5591 1184 5627 τε
1222 5575 1359 5630 Θεοῦ
1401 5578 1543 5650 ἅμα,
1585 5584 1681 5636 καὶ
1712 5583 1841 5638 Υίὸν

240 5660 550 5731 ἀνθρώπου.
570 5659 732 5714 Ἀλλὰ
770 5661 878 5733 γὰρ
904 5664 999 5718 καὶ
1024 5664 1122 5729 τὰς
1151 5669 1249 5737 τῆς
1277 5668 1723 5745 ἀνθρωπότητος,
1740 5677 1837 5729 καὶ

246 5752 351 5823 μὴν
378 5752 473 5804 καὶ
502 5751 603 5815 τὰς
630 5754 689 5805 ὲν
712 5752 934 5825 ἐξουσίᾳ
964 5757 1031 5827 τῇ
1061 5757 1361 5831 θεοπρεπεῖ
1387 5764 1573 5833 φωνὰς
1594 5808 1607 5830 ,
1630 5766 1697 5830 ἃς
1755 5768 1836 5821 δι-

243 5844 598 5915 αγορεύουσιν
629 5846 761 5915 ἡμῖν
791 5846 845 5897 αί
873 5844 1015 5900 θεῖαι
1050 5848 1262 5920 Γραφαὶ
1294 5854 1422 5924 περὶ
1451 5856 1641 5921 αὑτοῦ,
1665 5861 1743 5923 εἰς
1777 5860 1833 5912 ἓν

322 6036 334 6058 ⁸
364 6031 467 6083 Isa.
506 6044 627 6095 xu,
661 6030 714 6088 ὅ.
794 6030 813 6059 ¹
853 6028 1009 6086 Joan.
1043 6047 1135 6093 vn,
1174 6033 1263 6086 57.

1929 3933 2027 3973 nes
2069 3918 2251 3987 itaque
2286 3914 2379 3985 qui
2427 3920 2575 3966 recte
2616 3920 2809 3977 sapere
2852 3904 3227 3966 instituerunt,
3266 3899 3331 3955 ad
3373 3899 3536 3953 tlhri-

1928 4019 2072 4067 stum
2115 4022 2413 4079 perennem
2460 4005 2613 4059 illum
2660 4002 2865 4057 fontem
2912 3996 3196 4060 accedunt,
3241 3994 3390 4048 illunt
3436 4006 3537 4061 per

1930 4102 2285 4173 Evnngelium
2339 4100 2668 4155 clamantem
2723 4093 3008 4148 audientes
3044 4105 3059 4144 :
3102 4106 3119 4140 ι
3163 4088 3220 4143 Si
3257 4086 3381 4157 quis
3416 4086 3535 4141 sitit

1930 4200 2115 4253 veniat
2140 4198 2205 4251 ad
2238 4211 2345 4259 me,
2370 4203 2426 4248 et
2456 4192 2696 4248 bibat’.»
2728 4188 2913 4257 Neque
2944 4186 3089 4242 enim
3121 4199 3258 4255 opus
3290 4192 3394 4245 est,
3426 4197 3535 4237 nou

1931 4294 2116 4358 agnito
2142 4291 2293 4362 prius
2319 4288 2409 4343 illo
2436 4286 2656 4358 pietatis
2680 4281 2967 4355 mysterio.
2996 4289 3202 4337 temere
3225 4278 3291 4332 de
3314 4276 3538 4332 Christo

1934 4386 2044 4441 Deo
2072 4382 2424 4453 investigare,
2458 4378 2538 4435 vel
2573 4379 2871 4433 disserere.
2901 4374 3042 4428 Sunt
3072 4386 3204 4441 ergo
3230 4370 3321 4441 qui
3356 4370 3409 4424 in
3442 4383 3541 4422 au-

1933 4480 2171 4534 ditorum
2216 4477 2428 4530 animos
2472 4473 2656 4527 furtim
2708 4484 2771 4525 ac
2816 4484 2914 4539 per
2955 4466 3203 4522 fraudem
3251 4468 3538 4532 irreptmt,

1934 4570 2103 4626 Deum
2126 4568 2360 4624 Verbum
2391 4575 2705 4622 asserentes
2738 4563 3015 4618 hominem
3048 4561 3433 4628 assumpsisse.
3463 4574 3531 4614 ae

1935 4661 2141 4717 idcirco
2185 4674 2280 4731 per
2319 4667 2569 4714 sanctam
2612 4654 2893 4726 Virginem
2942 4653 3250 4724 prodiisse.
3292 4661 3347 4705 et
3396 4650 3543 4704 hunc

1934 4752 2189 4808 eumdem
2236 4750 2512 4804 hominem
2561 4763 2591 4802 a
2641 4748 2752 4802 Deo
2791 4745 2974 4801 Verbo
3021 4744 3333 4801 deiﬁcatum
3379 4756 3543 4809 esse;

1937 4856 2197 4913 maguum
2233 4840 2362 4894 illud
2395 4838 2617 4910 pietatis
2649 4838 2970 4908 mysterium
3007 4851 3113 4889 uou
3152 4834 3542 4904 intelligentes,

1936 4934 2469 5005 dispensationisque
2516 4930 2791 5002 Unigeuiti
2836 4944 2961 4985 cum
3006 4944 3173 4983 carne
3213 4926 3545 4981 beuetieium

1938 5028 2379 5099 parvifacienles.
2420 5026 2531 5082 Nos
2574 5034 2777 5089 autem,
2819 5022 3044 5086 fratres,
3088 5038 3193 5075 non
3237 5022 3317 5075 sic
3363 5020 3541 5075 edocti

1938 5138 2147 5177 sumus.
2186 5121 2340 5177 Illum
2383 5134 2622 5190 namque
2660 5119 2752 5187 qui
2792 5132 2861 5173 ex
2900 5123 3089 5172 sancta
3125 5113 3345 5185 Virgine
3385 5124 3545 5168 natus

1938 5225 2042 5281 est,
2075 5231 2243 5269 unum
2280 5215 2644 5281 eamdemque
2676 5225 2799 5268 esse
2829 5210 3201 5281 agnoscimus.
3238 5206 3544 5277 perfectum

1940 5309 2107 5363 Deum
2143 5316 2198 5361 et
2232 5305 2536 5378 perfectum
2580 5304 2856 5360 hominem
2894 5303 3074 5357 anima
3113 5300 3364 5355 rationali
3402 5317 3544 5370 pra:-

1938 5402 2135 5456 ditum.
2168 5400 2281 5455 Hae
2314 5399 2483 5454 etiam
2517 5399 2583 5453 de
2615 5412 2780 5452 causa
2814 5406 3060 5452 sanctam
3098 5393 3379 5463 Virginem
3422 5392 3548 5449 Dei~

1942 5506 2127 5561 param
2156 5491 2527 5562 appellamus;
2560 5490 2839 5559 Deumque
2858 5486 3101 5542 Verbum
3129 5500 3236 5541 non
3264 5484 3547 5555 opinione.

1940 5583 2033 5639 sed
2077 5597 2133 5637 re
2173 5584 2287 5653 ipsa
2328 5582 2381 5637 in
2423 5582 2511 5637 illa
2555 5582 2830 5637 habitasse
2864 5581 3142 5635 dicimus:
3178 5578 3430 5633 eumdem
3467 5578 3546 5634 bi-

1948 5682 2203 5728 tueslretn
2236 5684 2290 5727 et
2323 5675 2679 5737 trimestrem,
2708 5672 2901 5727 Filium
2934 5670 3026 5726 Dei
3058 5670 3244 5734 simul,
3271 5679 3328 5725 et
3353 5668 3550 5724 Filium

1950 5764 2206 5819 hominis.
2244 5763 2385 5831 Quin
2432 5764 2599 5819 etiam
2634 5778 2795 5819 voces
2840 5763 2982 5824 illas,
3018 5777 3156 5831 quas
3200 5761 3397 5816 divinae
3442 5760 3554 5815 Lit-

1949 5867 2077 5912 terae
2108 5863 2269 5913 modo
2302 5859 2664 5924 humanitati,
2700 5859 2859 5914 modo
2891 5858 3089 5913 divinae
3122 5854 3265 5910 illius
3297 5857 3555 5925 potestati
