3926 6456
152 449 307 506 ιιι-ι

1120 440 1418 501 SCHOLIA
1460 441 1550 499 DE
1586 438 2106 499 INCABNATIONE
2143 437 2355 495 VERBI
2389 437 2524 495 DEI.

3316 444 3459 504 “I8

241 567 452 638 'Epdit.
497 565 623 627 Πῶς
674 563 752 633 τῷ
801 562 1003 616 ἀπαθεῖ
1051 561 1238 626 ῦπνον,
1288 563 1382 615 καὶ
1431 563 1617 623 κόπον,
1667 561 1761 614 καὶ

1938 559 2202 631 Interrog.
2242 556 2525 626 Quomodo
2561 553 2844 625 impatibili
2879 569 3154 620 somnum,
3191 556 3453 628 labarem,

149 663 391 726 πεῖναν,
426 657 524 711 καὶ
555 655 809 724 σταυρὸν,
839 654 932 707 καὶ
959 653 1140 706 πάντα
1164 651 1234 707 τὰ
1257 651 1594 722 ὑποκείμενα
1634 651 1764 720 φθο-

151 754 258 824 ρᾷ,
301 751 632 822 περιάπτειν
676 746 949 816 τολμᾶτες
1013 746 1252 816 Ἀπόκρ.
1283 745 1552 815 Εὐφήμει,
1599 736 1766 797 ὢάν-

152 841 389 910 θρωπε,
439 835 764 906 παρακαλῶ.
798 834 938 905 ’Ἤδη
981 837 1262 904 προεῖπον,
1303 835 1468 903 σαρκὶ
1521 831 1762 902 παθητῇ,

153 932 363 995 καθὼς
389 930 483 984 καὶ
508 932 565 994 αἱ
589 928 731 982 θεῖαι
748 928 965 998 Γραφαὶ
998 928 1130 996 ἡμῖν
1159 923 1576 997 παραδεδώκασι
1591 923 1766 994 [δεδη-

152 1018 433 1093 λώκασιῙ,
467 1021 768 1092 περιῆφθαι
790 1018 881 1072 τὸν
900 1016 996 1070 τοῦ
1019 1015 1152 1070 Θεοῦ
1173 1016 1380 1084 Λόγον,¹
1403 1017 1497 1069 καὶ
1525 1015 1766 1085 ἡνῶσθαι

156 1115 340 1171 αὐτὸν
376 1115 540 1183 αὐτῇ,
572 1113 665 1165 καὶ
710 1110 777 1163 δι’
807 1110 977 1180 αὐτῆς
1022 1107 1303 1177 πεφηνότα
1348 1106 1440 1160 τὸν
1489 1107 1616 1159 Υἰὸν
1669 1106 1764 1160 τοῦ

151 1208 336 1270 Θεοῦ,
385 1205 482 1259 τὸν
508 1204 643 1257 Θεὸν
671 1203 864 1270 Λόγον,
901 1201 1018 1272 μετ’
1044 1200 1217 1270 αὐτῆς
1260 1197 1429 1253 ὕπνον
1453 1200 1764 1268 ὑπομεῖναι,

155 1301 268 1356 καὶ
325 1299 517 1360 κόπον,
575 1297 672 1349 καὶ
721 1294 897 1348 πάντα
943 1291 1011 1345 τὰ
1058 1288 1156 1344 τοῦ
1209 1288 1542 1360 ἆνθρὼπουι,
1597 1287 1766 1359 χωρὶς

155 1391 478 1464 ἁμαρτίας,
512 1389 573 1442 οὒ
617 1389 684 1458 τῇ
705 1391 716 1401 ’
739 1385 917 1456 φθορᾷ
957 1383 1355 1452 ὑποκείμενος·
1383 1380 1625 1452 ἀμείνων
1657 1380 1784 1452 γάρ·

158 1485 410 1556 φθορᾶς,
441 1483 534 1536 καὶ
564 1477 795 1535 Θανάτου
848 1479 880 1532 6
926 1475 1206 1547 άφθαρτος
1241 1472 1338 1528 καὶ
1380 1472 1644 1537 ζωοποιδς
1670 1471 1766 1525 τοῦ

157 1576 316 1630 Θεοῦ
371 1574 574 1644 Λόγος,
613 1569 747 1626 ἀλλὰ
791 1568 891 1640 τὴν
934 1566 1142 1640 φθοράν
1187 1564 1475 1621 ἀποσοϐῶν
1517 1562 1628 1618 ἀπὸ
1670 1563 1766 1616 τοῦ

159 1668 377 1730 γόνους
424 1665 531 1719 τῶν
577 1645 899 1736 ἀνθρώπων.
947 1659 1063 1716 οὐκ
1113 1657 1270 1728 οἶμαι
1312 1656 1568 1728 ἔγκλημα
1612 1672 1769 1728 περι-

161 1757 452 1814 άπτεσθαι
481 1754 713 1826 βασιλεῖ,
736 1752 937 1817 ὁπόταν
964 1749 1289 1821 βουλόμενος
1319 1746 1494 1801 σῶσαι
1519 1745 1581 1799 τὸ
1612 1745 1771 1810 ἴδιον,

159 1850 231 1904 τὸ
279 1847 380 1903 τοῦ
425 1845 613 1901 δούλου
644 1847 833 1918 σχῆμα
863 1843 1177 1912 ἐνδύσηται.
1209 1841 1322 1894 Καὶ
1355 1839 1472 1904 πῶς
1503 1838 1765 1909 τολμήσει

1871 652 2333 722 defatigationem,
2374 656 2615 715 erucem;
2655 644 2880 710 famem,
2921 655 3230 718 czeteraque
3272 653 3458 707 omnia

1869 741 2205 812 corruptioni
2243 741 2487 812 subjecta
2529 738 2772 800 tribuere
2792 738 3047 794 audetis?
3082 737 3234 817 Resp.
3264 741 3457 805 Parce.

1867 847 2073 901 qumso,
2099 830 2422 886 maledictis.
2469 828 2592 886 Iam
2641 836 2771 883 ante
2819 829 3029 895 monui,
3080 829 3175 885 Dei
3221 829 3459 889 Verbum

1867 935 2032 976 carne
2078 919 2354 990 passibili,
2399 919 2702 975 secundum
2750 916 3159 989 Seripturarum
3208 921 3464 978 traditio-

1869 1028 2022 1079 ncnt,
2054 1028 2115 1068 se
2150 1013 2421 1078 induisse,
2455 1021 2510 1067 et
2543 1026 2604 1066 se
2643 1010 2718 1066 illi
2755 1011 2941 1066 unisse
2973 1030 2986 1066 :
3020 1026 3119 1082 per
3145 1011 3318 1082 ipsam
3359 1030 3462 1070 au-

1868 1115 1974 1156 tem
2025 1103 2192 1158 Deum
2238 1101 2471 1157 Verbum
2521 1110 2578 1156 et
2627 1101 2720 1156 Dei
2769 1100 2966 1155 Filium
3013 1103 3353 1172 apparuisse,
3406 1116 3464 1160 et

1868 1210 1990 1249 cum
2038 1194 2151 1264 ipsa
2178 1194 2445 1259 laborem,
2475 1201 2531 1248 et
2572 1207 2821 1249 somnum
2869 1203 2924 1250 et
2970 1196 3208 1250 humana
3251 1196 3458 1265 omnia,

1868 1295 2090 1354 peccato
2140 1296 2348 1340 tantum
2396 1293 2644 1352 excepto,
2700 1286 3030 1341 sustinuisse
3083 1305 3098 1341 :
3154 1303 3260 1342 non
3312 1290 3460 1356 quod

1868 1376 2207 1448 corruptioni
2250 1374 2594 1444 subjaceret,‘
2631 1376 2898 1446 siquidem
2943 1376 3364 1448 incorruptibile
3405 1390 3464 1435 et

1869 1467 2140 1522 vivillcuin
2172 1466 2267 1522 Dei
2293 1464 2532 1522 Verbum
2554 1469 2923 1535 corruptione
2957 1478 3011 1523 et
3047 1469 3269 1525 interitu
3303 1471 3464 1544 longe

1868 1559 2118 1628 superius
2149 1567 2261 1625 est;
2295 1559 2389 1614 sed
2430 1568 2489 1612 ut
2526 1558 2804 1614 interitum
2843 1559 2911 1614 ab
2945 1560 3230 1617 hominum
3263 1577 3466 1631 genere

1869 1651 2234 1705 submoveret.
2269 1646 2379 1710 Nec
2418 1649 2656 1705 arbitror
2689 1649 2802 1719 regi
2840 1650 2974 1705 vitio
3013 1651 3152 1706 verti
3194 1667 3377 1722 posse,
3416 1655 3464 1710 si

1867 1753 2090 1796 servare
2122 1739 2268 1809 quod
2303 1742 2425 1811 ejus
2461 1740 2741 1812 proprium
2779 1752 2864 1797 est
2893 1742 3106 1808 volens,
3141 1745 3327 1801 servili
3365 1745 3466 1801 ba-

1872 1832 1985 1886 bitu
2015 1846 2073 1887 sc
2102 1833 2309 1887 induat.
2337 1832 2405 1887 Et
2433 1832 2707 1902 quomodo
2735 1832 3004 1904 quispiam
3035 1837 3243 1905 ei,’qui
3273 1847 3466 1908 suapte

159 1959 257 2004 τις
310 1934 388 2008 τῷ
429 1940 495 2008 τῇ
549 1935 710 2007 φύσει
740 1917 1030 2004 νιὴυθέμρ
1068 1931 1342 2000 ἰγκαλεῖν,
1375 1930 1456 1982 ὅτι
1485 1927 1676 1997 γέγονε
1702 1927 1771 1980 δι’

1879 1933 2070 1978 natura
2098 1925 2235 1981 liber
2255 1934 2359 1990 est,
2385 1926 2603 1982 crimini
2628 1936 2846 1982 vertere
2870 1929 3088 1992 audeat,
3113 1931 3260 1999 quod
3289 1934 3464 1986 nostri

163 2031 332 2101 ἡμᾶς
359 2029 666 2100 ἄνθρωπος,
699 2026 794 2081 καὶ
826 2027 883 2079 ἐν
908 2028 1021 2089 τοῖς
1049 2023 1172 2078 καθ’
1199 2023 1347 2093 ἡμᾶς
1372 2020 1765 2090 οἰκονομικῶςς

177 2121 483 2191 Ἀποδὲχου
532 2117 624 2171 τοῦ
675 2116 888 2188 Πατρδς
937 2114 1035 2186 τὴν
1077 2111 1512 2184 φιλανθρωπίαν,
1553 2112 1633 2163 ὅτι
1678 2109 1769 2162 τὸν

167 2215 316 2268 ἴδιον
343 2213 471 2266 Υἱδν
516 2210 770 2283 δωρεῖται
820 2207 886 2260 δι’
919 2208 1101 2277 ἡμᾶς·
1161 2206 1235 2276 μὴ
1287 2201 1657 2275 περιεργάζου
1709 2201 1769 2254 τὸ

167 2305 434 2376 πρᾶγμα,
470 2298 804 2371 παρακαλῶ·
853 2298 920 2351 οὐ
958 2295 1068 2367 γὰρ
1119 2295 1178 2362 ἐξ
1211 2293 1533 2365 Ἑλληνικῆς
1577 2292 1772 2360 σοφίας

169 2398 238 2450 τὸ
263 2393 586 2466 γνώρισμα*
619 2391 739 2444 οὐδὲ
765 2388 873 2443 ἀπὸ
902 2386 1257 2458 φρονήματος
1284 2381 1553 2453 κοσμικοῦ
1570 2398 1582 2410 ·
1615 2381 1770 2436 ἀλλό-

167 2505 335 2558 τριον
362 2487 472 2555 γὰρ
497 2484 794 2554 ἑκατέρων.
827 2500 844 2532 ι
871 2479 1153 2549 Μακάριος
1173 2471 1241 2542 εἴ,
1267 2496 1284 2528 ι
1313 2475 1481 2546 φησιν
1508 2475 1537 2527 6
1565 2475 1772 2546 Κύριος

169 2582 260 2652 τῷ
287 2580 502 2652 Πέτρῳ,
542 2596 560 2628 ι
589 2575 774 2646 Σιμὼν
792 2573 908 2644 Bap
952 2565 1146 2635 Ἰωνᾶ,
1170 2571 1251 2623 ὅτι
1298 2566 1457 2638 σὰρξ,
1492 2566 1589 2621 καὶ
1631 2561 1772 2634 αἷμα

171 2637 286 2726 οῦκ
315 2637 632 2737 ἔπεέάλυψέ
658 2637 776 2729 σοι,
801 2637 915 2718 ἀλλ’
940 2664 970 2715 6
1000 2661 1193 2731 Πατήρ
1225 2677 1346 2730 μου,
1375 2637 1408 2711 6
1438 2660 1496 2712 ὲν
1534 2659 1646 2721 τοῖς
1682 2657 1773 2710 οὺ-

176 2765 387 2836 ρανοϊς.
423 2779 441 2811 ι
487 2755 848 2830 Οὐράνιοντδ
884 2754 1059 2826 δῶρον
1087 2753 1148 2806 τὸ
1173 2752 1272 2822 τῆς
1300 2749 1452 2814 Θείας
1483 2749 1770 2820 ἐπιφοιτή-

175 2867 324 2912 σιως
363 2846 457 2902 τοῦ
495 2845 629 2899 Υἱοῦ
665 2844 760 2898 τοῦ
798 2843 936 2897 Θεοῦ
975 2843 1282 2914 γνώρισμα.

267 2941 468 3013 Ἐρώτ.
509 2938 638 3001 Πῶς
663 2937 691 2989 6
729 2936 839 2990 τῶν
889 2937 1107 2988 πάντων
1146 2934 1378 3006 ποιητὴς
1407 2931 1539 2996 Θεὸς
1576 2932 1771 3000 Λόγος,

173 3038 208 3090 ὁ
237 3035 617 3107 ἀψηλάφητος.
647 3033 675 3084 6
703 3029 959 3101 ἀόρατος,
981 3029 1009 3081 6
1031 3025 1389 3088 ἀναλλοίωτος
1414 3041 1473 3077 τε
1497 3025 1591 3078 καὶ
1612 3040 1772 3094 περι-

175 3127 402 3202 γραφὴν
447 3126 524 3196 μὴ
574 3123 921 3194 ἀνεχόμενος,
973 3121 1031 3172 ὲν
1077 3119 1287 3172 εὐτελεῖ
1339 3118 1483 3190 ξύλῳ
1541 3117 1775 3188 σταυρὸν

177 3221 471 3290 ὑπέμεινε,
529 3216 624 3269 καὶ
676 3213 938 3274 Θάνατον;
1008 3211 1249 3278 Ἀπόκρ.
1300 3208 1544 3265 Θάνατόν
1591 3225 1772 3279 φαμεν

179 3304 644 3379 ὑπομεμενηκότα
688 3301 780 3355 τὸν
824 3299 920 3353 τοῦ
965 3295 1101 3352 Θεοῦ
1147 3298 1339 3364 Λόγον,
1374 3295 1468 3349 καὶ
1515 3292 1771 3364 σταυρὸν,

177 3402 272 3456 διὰ
304 3399 408 3469 τῆς
436 3394 639 3467 σαρκδς
662 3394 763 3468 τῇς
799 3392 956 3454 ιδίας,
996 3391 1083 3442 ἵνα
1118 3389 1265 3459 ἡμᾶς
1288 3385 1576 3458 ἀπαλλάξῃ
1607 3385 1773 3438 θανά-

178 3511 302 3556 του,
332 3493 427 3544 καὶ
455 3488 659 3560 φθορᾶς
678 3505 692 3519 ο
725 3487 824 3556 τὴν
857 3484 994 3537 ἰδίαν
1028 3482 1139 3552 γάρ
1161 3480 1341 3550 ψυχὴν
1369 3477 1612 3532 τέθεικεν
1634 3477 1776 3547 ὑπὲρ

180 3584 368 3656 ἡμῶν,
394 3584 496 3635 οὐκ
517 3579 802 3650 ἀλλοτρίαν
834 3572 1020 3638 οὖσαν,
1042 3573 1074 3641 ἦ
1102 3573 1260 3640 ξένην
1279 3569 1373 3623 τοῦ
1404 3569 1540 3623 Θεοῦ
1568 3569 1741 3636 Λόγου
1759 3585 1770 3597 ·

182 3676 498 3747 ἀπόρρητος
528 3672 637 3741 γὰρ
670 3673 702 3740 ἡ
737 3669 960 3729 ἓνωσις·
1000 3665 1161 3727 αὐτὸς
1185 3663 1294 3732 γάρ
1322 3657 1472 3715 εἶπεν
1492 3677 1504 3690 ο
1552 3679 1569 3711 ι
1596 3659 1776 3724 Ἐξου-

183 3769 310 3823 σίαν
358 3769 466 3836 ἔχω
500 3766 596 3834 τὴν
633 3764 811 3832 ψυχήν
850 3778 950 3831 μου
996 3759 1190 3822 θεῖναι,
1226 3757 1319 3810 καὶ
1372 3752 1619 3820 ἐξουσίαν
1667 3753 1776 3822 ἔχω

184 3860 354 3914 πάλιν
386 3857 570 3909 λαϐεῖν
605 3855 796 3922 αὑτήν.
816 3859 854 3919 ἰ’
886 3851 1101 3920 Ταύτης
1131 3849 1263 3901 ἴδιον
1291 3847 1352 3900 τὸ
1380 3847 1691 3916 ἀδημονεῖν,
1716 3844 1777 3896 τὸ

180 3953 366 4021 λύπην
402 3951 690 4017 ὑπομεῖναι
726 3940 1086 4016 [ὑπομένειν],
1110 3941 1171 3994 τὸ
1216 3940 1474 4009 ἐκδημεῖν
1522 3938 1629 3991 ἀπὸ
1681 3936 1776 3989 τοῦ

188 4043 463 4113 σώματος,
491 4040 568 4112 ᾗς
598 4038 692 4090 καὶ
721 4035 924 4112 σαρκὸς
955 4033 1013 4085 τὸ
1042 4033 1260 4101 κοπιᾷν,
1289 4031 1349 4082 τὸ
1390 4027 1775 4098 σταυροῦσθαι,

185 4135 250 4187 τὸ
281 4129 624 4192 ἀνίστασθαι,
657 4127 717 4180 τὸ
749 4126 1043 4196 μετάρσιον
1081 4122 1374 4192 ὑπομένειν
1423 4120 1602 4171 οἐσιν’
1638 4117 1778 4185 πλὴν

185 4228 326 4281 Θεοῦ
379 4228 446 4280 τὰ
498 4227 676 4278 πάντα
723 4223 961 4290 λέγεται,
995 4221 1088 4273 καὶ
1137 4217 1272 4270 εἰσίο
1312 4214 1446 4269 Θεοῦ
1476 4215 1584 4285 γὰρ
1618 4214 1714 4267 καὶ
1745 4215 1778 4283 ἡ

184 4323 370 4395 ψυχή·
408 4318 542 4372 Θεοῦ
583 4320 678 4371 καὶ
717 4316 777 4368 τὸ
817 4314 998 4384 σῶμα.

273 4500 471 4566 Ἔλτώῖ.
516 4497 637 4558 Πῶς
689 4497 714 4546 6
762 4493 1169 4561 παντοδύναμος
1202 4490 1372 4558 Λόγος
1415 4486 1507 4539 τοῦ
1564 4485 1778 4550 Πατρὶς

1874 2029 2038 2070 causa
2082 2016 2402 2078 homolieri
2462 2017 2965 2087 dispensatorieque
3007 2019 3062 2074 in
3104 2024 3306 2078 nostris
3341 2037 3468 2078 ver-

1873 2105 1983 2159 sari
2026 2120 2136 2160 non
2181 2107 2471 2161 abnuerit?
2512 2106 2692 2162 Patris
2739 2107 3153 2178 benignitatem,
3198 2113 3290 2181 qui
3340 2112 3469 2182 pro-

1853 2198 2048 2266 prium
2090 2198 2286 2253 Filium
2325 2207 2549 2268 propter
2581 2214 2680 2254 nos
2714 2200 2968 2266 donavit,
3008 2202 3370 2272 amplectere;
3409 2206 3464 2261 in

1874 2290 2047 2359 ipsam
2080 2299 2262 2345 autem
2297 2305 2410 2346 rem
2446 2291 2736 2356 curiosius,
2771 2307 2979 2360 quaeso,
3018 2294 3128 2348 noli
3165 2296 3460 2366 inquirere.

1873 2381 1990 2437 Non
2028 2381 2173 2436 enim
2215 2396 2312 2452 per
2350 2379 2665 2436 Grmcorum
2708 2384 3057 2451 sapientiam,
3101 2394 3192 2439 aut
3239 2386 3423 2440 munda

1875 2487 2000 2527 num
2036 2488 2253 2530 sensum
2290 2473 2608 2542 percipitur,
2641 2473 2736 2527 sed
2773 2475 2841 2528 ab
2875 2483 3108 2544 utroque
3140 2481 3226 2529 est
3263 2475 3464 2533 aliena.

1879 2583 1897 2616 ι
1919 2566 2114 2622 Beatus
2131 2581 2211 2630 es,
2231 2565 2417 2620 Simon
2439 2563 2732 2630 Bar-Jona,
2753 2584 2771 2617 ι
2791 2566 2971 2634 inquit
2990 2567 3249 2622 Dominus
3278 2567 3462 2633 Petro,

1879 2676 1897 2708 ι
1947 2659 2072 2727 quia
2094 2671 2224 2712 caro
2245 2669 2299 2713 et
2323 2659 2546 2727 sanguis
2571 2673 2678 2712 non
2708 2659 2990 2714 revelavit’
3009 2661 3128 2728 tibi,
3164 2661 3260 2716 sed
3301 2660 3467 2717 Pater

1874 2764 2027 2804 meus
2052 2750 2144 2819 qui
2171 2759 2254 2804 est
2281 2749 2335 2804 in
2363 2749 2518 2804 cmlis
2537 2751 2602 2806 ¹⁹.
2639 2769 2658 2802 ›
2691 2749 2826 2805 Nam
2855 2751 3020 2807 divini
3048 2755 3315 2810 adventus
3342 2755 3465 2812 Filii

1875 2837 1968 2893 Dei
1999 2840 2257 2908 cOgnitio,
2285 2840 2509 2894 caeleste
2539 2841 2741 2895 donum
2770 2849 2876 2896 est.

1948 2929 2211 2999 lnterrog.
2249 2930 2530 2996 Quomodo
2555 2932 2932 2988 universorum
2961 2933 3143 3003 opifex
3172 2935 3312 2992 Deus
3333 2935 3469 2994 Ver-

1876 3023 2028 3088 bum,
2056 3023 2149 3092 qui
2180 3037 2278 3077 nec
2313 3025 2477 3093 tangi,
2508 3039 2606 3078 nec
2641 3025 2813 3089 cerni,
2843 3041 2942 3081 nec
2975 3028 3196 3093 mutari,
3227 3046 3328 3086 nec
3360 3033 3471 3088 cir-

1878 3114 2166 3169 cumscribi
2209 3125 2417 3184 potest,
2455 3117 2507 3169 in
2543 3115 2636 3170 vili
2679 3115 2826 3187 ligno
2866 3133 3083 3174 crucem
3127 3131 3470 3193 mortemque

1875 3207 2166 3260 sustinuit?
2191 3205 2347 3276 Resp.
2379 3205 2610 3261 Mortem
2645 3218 2698 3262 et
2729 3223 2948 3264 crucem
2982 3211 3076 3265 Dei
3106 3210 3340 3268 Verbum
3375 3231 3472 3285 per

1878 3299 2150 3368 propriam
2179 3314 2401 3354 carnem
2429 3299 2754 3355 sustinuisse
2781 3301 3015 3359 dicimus
3041 3321 3055 3358 :
3082 3307 3343 3362 sustinuit
3372 3323 3471 3362 au-

1879 3399 1986 3444 tem
2029 3392 2170 3453 haec,
2210 3400 2270 3445 ut
2305 3407 2404 3445 nos
2439 3407 2468 3445 a
2508 3403 2682 3447 morte
2715 3401 2771 3448 et
2806 3397 3160 3464 corruptione
3198 3399 3472 3458 immunes

1881 3483 2147 3537 redderet.
2176 3479 2311 3536 Nam
2347 3483 2584 3537 animam
2619 3486 2893 3553 propriam
2931 3486 3018 3542 ille
3053 3504 3149 3558 pro
3185 3491 3342 3548 nobis
3375 3510 3472 3564 po-

1877 3572 2004 3636 suit,
2034 3587 2138 3625 non
2168 3573 2532 3642 pmgrinam,
2560 3583 2655 3627 aut
2684 3589 2713 3627 a
2745 3573 2854 3629 Deo
2877 3573 3054 3631 Verbo
3080 3581 3314 3635 alienam
3343 3597 3358 3636 :
3389 3585 3475 3638 iu-

1878 3664 2212 3734 explicabilis
2238 3665 2383 3719 enim
2410 3675 2493 3719 est
2520 3666 2668 3720 unio.
2698 3666 2816 3734 Ipse
2843 3669 2990 3723 enim
3019 3671 3095 3725 ait
3121 3689 3135 3726 :
3173 3691 3191 3724 ι
3224 3672 3474 3731 Potesta-

1881 3766 1986 3810 tem
2028 3757 2202 3810 habeo
2243 3757 2474 3824 ponendi
2517 3759 2753 3811 animam
2797 3775 3010 3824 meam,
3049 3771 3103 3816 et
3145 3774 3472 3834 potestatem

1880 3845 2052 3899 habeo
2091 3846 2284 3899 iterum
2322 3846 2569 3900 sumendi
2610 3849 2816 3904 eam“.
2865 3868 2883 3899 ι
2926 3850 3076 3905 Illius
3117 3855 3312 3910 animm
3349 3874 3474 3927 pro-

1880 3939 2054 4007 prium
2108 3929 2347 4002 tzedere,‘
2379 3928 2729 4005 contristari,
2771 3955 2801 3993 e
2845 3942 3014 4015 805
3061 3960 3291 4016 corpore
3337 3954 3476 4006 emi-

1880 4045 2063 4098 grare,
2093 4032 2546 4096 quemadmodum
2580 4041 2633 4084 et
2665 4033 2817 4084 carni
2848 4050 3064 4104 quoque
3091 4040 3366 4105 peculiare
3392 4055 3477 4099 est

1880 4120 2186 4189 defatigari,
2219 4118 2488 4188 crucifigi,
2521 4121 2871 4186 eXsuscitari,
2908 4122 2958 4174 in
2997 4125 3168 4177 altum
3201 4129 3472 4186 sublatam

1881 4210 2158 4264 collocari.
2201 4209 2582 4264 Verumtamen
2624 4211 2804 4263 omnia
2853 4212 2966 4266 hsec
3007 4224 3061 4267 et
3101 4216 3194 4269 Dei
3232 4227 3380 4288 sunt,
3421 4233 3476 4275 et

1882 4303 1976 4356 Dei
2025 4316 2146 4355 esse
2193 4303 2466 4356 dicuntur.
2519 4301 2615 4356 Dei
2659 4303 2804 4356 enim
2852 4310 2935 4357 est
2986 4307 3203 4374 anima,
3250 4309 3344 4365 Dei
3391 4324 3478 4369 est

1880 4408 2028 4448 caro.

1954 4481 2220 4552 lutei-reg.
2255 4481 2535 4547 Quomodo
2557 4483 2903 4551 omnipotens
2929 4485 3106 4542 Patris
3127 4487 3365 4546 Verbum
3392 4508 3478 4548 re—

190 4592 490 4645 ἀναστὰςει
529 4588 899 4657 περιεπλακη,
932 4586 1024 4637 καὶ
1047 4583 1220 4652 φθορᾷ
1251 4583 1277 4632 6
1316 4581 1591 4650 ἄφθαρτος
1621 4577 1773 4646 [αὐα-

1887 4571 2160 4635 surrexit,
2199 4580 2290 4623 aut
2338 4572 2746 4640 incorruptibile
2793 4578 3128 4644 corruptioni
3174 4581 3476 4640 obnoxium

191 4686 406 4754 νατοςῖς
443 4684 670 4750 Ἇπέκμ.
704 4683 910 4751 ΦΟορὰν
943 4680 1040 4749 μὲν
1069 4679 1167 4746 οὐχ
1194 4678 1484 4744 ὑπέμεινεν
1511 4673 1616 4725 οὐδ’
1643 4670 1783 4738 αὑτὴ

192 4782 226 4850 ἡ
262 4777 356 4830 τοῦ
392 4776 523 4827 Θεοῦ
551 4775 724 4840 Λόγου
758 4773 923 4842 σάρξ·
963 4771 1130 4831 νόθως
1169 4770 1276 4837 γὰρ
1298 4765 1781 4833 διαλαμϐάνοντες,

192 4869 362 4929 νόθως
389 4866 482 4918 καὶ
514 4867 604 4915 ἐπε
617 4865 822 4932 ptati-.5
845 4878 858 4890 °
898 4860 1368 4931 προανεκεκράγει
1390 4858 1496 4926 γὰρ
1520 4857 1546 4907 6
1572 4856 1784 4923 προφή-

192 4976 292 5029 της
325 4957 452 5026 περὶ
483 4954 674 5006 αὑτοῦ’
720 4971 738 5002 ι
771 4955 843 5003 0'.)
875 4951 1068 5013 δώσεις
1098 4951 1187 5002 τὸν
1210 4949 1354 5000 ὅσιόν
1388 4964 1480 4997 σου
1516 4946 1642 4998 ἰδεῖν
1666 4946 1784 4995 δια-

193 5051 422 5120 φθοράν.
452 5070 468 5099 )
502 5047 673 5107 [Ιαθος
705 5045 801 5114 μὲν
829 5046 1116 5112 ὑπέμεινεν
1145 5043 1448 5094 ἐθελούσιον
1479 5041 1506 5089 6
1529 5037 1620 5090 τοῦ
1646 5037 1781 5088 Θεοῦ

205 5143 322 5204 Υἱός
343 5159 354 5169 ·
385 5145 412 5193 6
438 5140 630 5210 χωρῶν
663 5141 717 5191 ἐν
751 5136 927 5205 ἐαυτῷ
958 5136 1046 5188 τὸν
1081 5137 1363 5204 ὰχὼρητον
1396 5129 1612 5199 Πατέρα
1633 5147 1646 5160 ο
1681 5146 1786 5196 χω-

196 5236 460 5308 ρούμενος
493 5235 546 5286 δὲ
581 5231 673 5286 καὶ
706 5231 864 5290 αὐτὸς
898 5229 1001 5281 ὑπὸ
1023 5228 1116 5280 τοῦ
1153 5226 1361 5297 Πατρός
1383 5242 1394 5254 ·
1432 5223 1778 5293 χωρούμενος

195 5330 306 5400 γὰρ
351 5328 455 5380 ὑπὸ
504 5327 596 5379 τοῦ
644 5326 876 5393 Πατρὶς,
903 5325 995 5375 καὶ
1021 5320 1094 5373 ὢν
1128 5323 1182 5372 ἐν
1212 5319 1289 5387 τῷ
1325 5318 1508 5386 κόλπῳ
1538 5315 1632 5367 τοῦ
1663 5317 1780 5368 Πα-

195 5421 346 5491 τρός,
376 5421 634 5488 ἔχωρείτο
667 5417 919 5486 άρῤήτως
955 5414 1046 5465 καὶ
1096 5414 1151 5466 ὲν
1194 5413 1259 5481 τῇ
1312 5409 1417 5477 ἰδία
1458 5407 1782 5476 σαρκί.Ἀναο

198 5510 330 5563 εϐίω
373 5509 430 5561 δὲ
474 5509 790 5577 τριήμερος,
829 5504 1308 5572 λαφυραγωγήσας
1349 5499 1441 5551 τὸν
1487 5497 1655 5568 ᾅδην·
1689 5498 1783 5549 καὶ

201 5604 474 5670 ἑπέφανεν
524 5600 654 5668 ἡμῖν
705 5597 842 5668 μετὰ
889 5597 984 5664 τῆς
1036 5594 1171 5655 ιδίας
1216 5592 1418 5662 σαρκὸς
1450 5592 1477 5642 6
1519 5588 1613 5642 τοῦ
1647 5588 1781 5640 Θεοῦ

203 5691 353 5754 Tw,“
394 5691 480 5743 ἵνα
513 5691 606 5757 καὶ
658 5690 805 5760 ἡμᾶς
837 5684 1118 5756 ἀπαλλάξῃ
1163 5684 1394 5737 θανάτου
1427 5682 1520 5734 καὶ
1551 5680 1781 5751 φθορᾶς.

1886 4661 2026 4716 fuit?
2067 4659 2223 4727 Resp.
2270 4660 2688 4729 Corruptionem
2732 4661 2875 4717 haud
2917 4668 3178 4721 sustinuit
3220 4686 3319 4726 nec
3363 4673 3478 4742 ipsa

1881 4755 2098 4824 quidem
2146 4754 2234 4807 Dei
2271 4753 2431 4806 Verbi
2473 4767 2620 4806 caro.
2656 4752 2790 4807 Nam
2832 4756 2958 4823 quia
3002 4773 3193 4826 parum
3235 4763 3479 4833 legitime

1883 4846 2237 4915 distinguitis,
2268 4859 2458 4913 parum
2487 4844 2652 4898 etiam
2683 4843 2921 4914 legitime
2955 4830 3324 4920 interrogatis.
3353 4830 3478 4911 Ja'm

1882 4940 2027 4991 enim
2067 4937 2269 4989 dudum
2315 4949 2440 4987 ante
2473 4935 2738 5002 propheta
2784 4937 2852 4991 de
2893 4939 3111 4996 Christo
3153 4947 3480 5010 pronuntia-

1885 5040 1995 5082 rat:
2037 5047 2053 5078 ι
2102 5026 2218 5081 Non
2265 5028 2420 5082 dabis
2449 5025 2711 5081 Sanctum
2758 5040 2908 5083 tuum
2949 5035 3132 5088 videre
3176 5039 3484 5105 corruptio-

1884 5139 2005 5177 ncm
2028 5125 2092 5174 ¹².
2129 5141 2147 5172 ι
2183 5121 2325 5174 Sane
2360 5124 2666 5188 passionem
2694 5125 3058 5180 voluntariam
3091 5130 3350 5184 sustinuit
3381 5133 3476 5186 Dri

1889 5213 2078 5277 Filius,
2111 5215 2200 5279 qui
2235 5211 2452 5265 Patrem
2488 5217 2813 5269 immensum
2849 5219 2902 5270 in
2935 5233 2994 5272 se
3027 5222 3298 5287 continet,
3327 5235 3381 5278 et
3412 5228 3481 5281 ab

1881 5309 1997 5374 ipso
2033 5307 2271 5360 vicissim
2312 5304 2474 5361 Patre
2514 5311 2850 5363 continetur.
2888 5309 3024 5366 Nam
3062 5328 3092 5366 a
3136 5313 3298 5370 Patre
3331 5334 3481 5372 com-

1885 5400 2207 5467 prehensus,
2244 5406 2301 5450 et
2335 5397 2386 5449 in
2423 5406 2652 5465 paterno
2688 5402 2808 5454 sinu
2846 5410 3140 5468 exsistens,
3178 5406 3484 5476 inexplica-

1886 5491 1978 5548 bili
2004 5491 2241 5559 quodam
2270 5489 2430 5544 modo
2454 5490 2615 5546 etiam
2645 5494 2861 5562 propria
2885 5511 3048 5550 carne
3072 5499 3477 5555 continebatur.

1886 5584 2028 5638 Idem
2061 5580 2156 5636 Dei
2189 5580 2359 5636 Filius
2384 5584 2546 5639 tertia
2576 5585 2663 5639 die
2693 5585 2890 5640 revixit
2921 5586 3112 5644 inferis
3138 5590 3482 5659 deSpoliatis,

1887 5685 1941 5730 et
1975 5689 2098 5730 cum
2134 5672 2356 5744 propria
2383 5687 2548 5731 carne
2578 5676 2742 5734 nobis
2772 5679 3053 5749 apparuit,
3088 5694 3198 5749 quo
3227 5680 3483 5738 videlicet

275 5873 319 5905 ⁸ο
359 5869 548 5924 Matth.
583 5884 688 5930 xw,
725 5868 807 5920 l7.
889 5867 927 5896 ¹¹
964 5863 1120 5920 Joan.
1155 5883 1210 5933 ι,
1242 5866 1326 5924 l8.
1407 5868 1447 5901 "
1479 5865 1622 5924 Psal.
1650 5881 1740 5934 xv,
1780 5863 1846 5919 I0
1876 5881 1890 5932 ;
1924 5865 2046 5921 Act.
2086 5879 2144 5929 Ii,
2175 5863 2266 5918 SI.

485 5963 756 6026 PATuOL.
788 5959 904 6022 Gtt.
936 5959 1165 6024 LXXV.

3043 5950 3123 6014 45
