3926 6474
165 497 312 552 “‘2!

1373 486 1460 540 DE
1500 480 2023 538 INCARNATIONE
2065 481 2323 540 DOMINI.

3345 477 3487 534 1422

159 613 286 667 τῶν
348 615 405 664 ἐν
455 610 672 673 τούτοις
715 606 1099 678 ἀποκειμένων
1148 604 1362 677 μυελῶν
1392 603 1453 652 τὺ
1494 599 1786 670 χρειῶδες,

1914 601 2162 654 lnllarmn
2212 599 2530 659 utilitatem.
2565 607 2620 651 et
2655 604 2926 665 quotquot
2973 593 3079 648 alia
3136 593 3188 648 in
3241 593 3485 648 humano

162 705 271 758 καὶ
321 704 500 758 τᾶλλα
535 704 638 755 ὅσα
673 700 767 754 τοῦ
809 700 1154 773 ἀνθρωπίνου
1201 695 1344 760 {tino
1397 694 1459 745 τὸ
1507 689 1790 762 ὁρώμενον

163 793 322 865 ἔχει.
363 793 476 845 Καὶ
510 791 650 862 πρὸς
700 789 943 854 τούτοις,
995 788 1121 841 νοῦν
1169 785 1370 838 ἔδωκεν
1407 782 1656 853 ἡγεμόνα
1695 779 1792 832 καὶ

165 886 558 956 κυϐερνήτην,
598 884 788 952 σοφίας
824 880 1154 952 πληρώσας,
1199 878 1396 947 τέχνης
1438 875 1660 942 ἁπάσης
1698 874 1793 925 καὶ

165 979 507 1048 ἐπιστήμης
535 977 848 1047 ἐμπλήσας,
895 975 988 1028 καὶ
1026 972 1245 1042 λογικὸν
1278 971 1524 1040 ἀπέφηνε
1553 966 1612 1021 τὸ
1638 966 1794 1038 πήλι-

167 1090 274 1126 νον
311 1070 570 1141 ἄγαλμα,
605 1071 700 1124 καὶ
730 1068 941 1121 οἰκείαν
973 1067 1161 1120 εἰκόνα
1190 1064 1462 1133 πεποίηκε
1484 1061 1575 1114 τὸν
1609 1057 1794 1130 χοῖκὸν

170 1164 516 1234 ἀνδριάντα,
559 1162 620 1215 τὸ
659 1160 886 1233 ἀρχικὸν
936 1159 1031 1212 καὶ
1073 1155 1542 1228 αὐτοκρατορικὴν
1568 1154 1662 1206 καὶ
1699 1152 1793 1222 δη-

176 1255 523 1328 μιουργικὸν
555 1258 621 1326 τῇ
658 1256 821 1325 νοερᾷ
869 1251 1016 1322 ψυχῇ
1051 1250 1146 1304 καὶ
1179 1249 1445 1328 ἀθανάτῳ.
1476 1246 1795 1318 δωρησάμε-

172 1364 297 1410 νος.
334 1343 472 1400 Εἶτα
504 1344 730 1416 βασιλέα
771 1341 1007 1412 κτηνῶν,
1041 1341 1138 1393 καὶ
1171 1337 1541 1408 τετραπόδων,
1572 1337 1666 1390 καὶ
1703 1338 1795 1405 ἑρ-

176 1438 400 1502 πετῶν,
437 1435 675 1505 νηκτῶν,
727 1435 821 1488 καλ⁵
849 1432 1151 1504 ἀμφιϐίων,
1194 1429 1425 1484 καὶτῶν
1470 1429 1793 1499 ἀεροπόρων

172 1527 426 1602 ὀρνίθων
469 1525 870 1596 ἐχειροτόνησε.
915 1523 1028 1594 Πρὸ
1070 1523 1128 1575 δὲ
1168 1520 1373 1575 τούτων
1425 1519 1614 1589 ὥσπερ
1672 1517 1791 1570 τινά

175 1614 445 1668 παστάδα
508 1613 876 1686 χαριεστάτην
944 1611 1151 1666 ἄνωθεν
1209 1611 1491 1675 ἐξέτεινεν.
1538 1607 1791 1678 οὐρανὸν,

173 1707 467 1776 λειμῶνας
502 1707 750 1777 ἀστέρων
773 1703 1189 1774 ὲγκαταπήξας,
1220 1701 1412 1773 χρείαν
1444 1719 1504 1753 τε
1537 1700 1674 1770 ὁμοῦ
1700 1701 1794 1754 καὶ

176 1799 389 1869 τέρψιν
420 1798 790 1869 παρέχοντας’
822 1797 976 1868 ἥλιόν
1002 1813 1062 1848 τε
1099 1795 1343 1866 ἀνίσχειν
1373 1793 1669 1858 κελεύσας,
1700 1793 1794 1847 καὶ

177 1890 441 1952 δύεσθαι,
495 1891 592 1943 καὶ
638 1892 814 1942 ποιεῖν
872 1888 1090 1959 ἡμέρας
1155 1888 1250 1940 καὶ
1295 1886 1520 1948 νύκτας,
1569 1885 1666 1937 καὶ
1717 1882 1794 1953 τῷ

179 1982 385 2054 δρόμῳ
435 1981 525 2035 τὸν
581 1981 776 2053 χρόνον
844 1984 1094 2054 μετρεῖν·
1154 1981 1387 2051 σελήνην
1438 1978 1647 2048 φθίνειν
1701 1977 1796 2030 καὶ

183 2073 451 2143 πλήθειν,
489 2073 583 2126 καὶ
607 2076 726 2136 ταῖς
758 2076 990 2136 πυκναῖς
1023 2073 1350 2143 μεταϐολαῖς
1377 2073 1528 2143 ἧδειν
1561 2089 1620 2124 τε
1657 2069 1794 2142 ὁμοῦ

184 2167 294 2220 καὶ
333 2165 622 2235 σημαίνειν
652 2165 853 2219 κύκλον
882 2165 974 2218 τὸν
1002 2164 1304 2220 ἐνιαύσιον·
1334 2165 1440 2234 γῆν
1463 2165 1520 2218 δὲ
1549 2164 1796 2217 κάτωθεν

189 2257 560 2328 ὑπεστόρεσε,
595 2258 688 2310 καὶ
716 2257 964 2312 ποικίλον
1003 2258 1141 2328 αὐτῇ
1177 2257 1384 2326 κόσμον
1416 2256 1682 2321 δέδωκεν,
1716 2256 1798 2318 εἰς

187 2348 339 2420 ἄλση
370 2350 463 2401 καὶ
494 2349 620 2421 λήῖα
655 2350 750 2401 καὶ
783 2349 1060 2420 λειμῶνας
1094 2349 1376 2421 διακρίνας
1399 2363 1413 2376 ⁸
1459 2348 1561 2420 ὅρη
1593 2348 1797 2418 κιρτὼ-

191 2457 303 2503 σας
328 2443 405 2503 είς
437 2439 605 2509 ὕψος,
657 2442 752 2494 καὶ
781 2441 959 2504 νάπας
994 2442 1270 2504 κοιλάνας,
1299 2441 1394 2494 καὶ
1429 2441 1588 2493 πεδία
1632 2438 1800 2493 ὕπτια

193 2531 301 2583 καὶ
334 2531 554 2582 ίσόπεδα
583 2530 787 2595 δείξας,
831 2532 930 2584 καὶ
959 2533 1144 2603 πηγὰς
1184 2532 1505 2596 ἀναϐλύζειν
1552 2534 1608 2584 ὲν
1648 2531 1800 2602 μέσῳ

191 2621 501 2685 κελεύσας.
564 2623 660 2676 καὶ
722 2625 1007 2694 ποταμοὺς
1075 2623 1290 2694 τρέχειν
1350 2624 1634 2683 ἄπαυστα.
1706 2625 1800 2676 καὶ

191 2711 368 2768 τᾶλλα
396 2713 496 2765 ὅσα
526 2712 630 2781 γῆν
657 2711 988 2776 καλλωπίζει
1015 2711 1111 2764 καὶ
1137 2711 1429 2766 θάλατταν.

195 2912 281 2968 I".
322 2911 426 2965 Διὰ
466 2911 523 2964 εἰ
568 2910 676 2964 mir
705 2910 1028 2980 ἄνθρωπον
1065 2916 1568 2981 προσηγόρευσεν
1603 2912 1797 2978 Ἀδάμ.

275 3025 433 3078 Οὕτω
458 3026 874 3096 δημιουργήσας
902 3026 992 3078 τὸν
1018 3025 1238 3096 πρῶτον
1261 3025 1572 3096 ἄνθρωπον,
1607 3025 1701 3078 καὶ
1735 3027 1800 3095 τῇ

198 3115 378 3169 εἰκόνι
411 3118 653 3185 τιμήσας
686 3117 783 3170 καὶ
812 3115 892 3187 τῷ
925 3115 1119 3184 πλήθει
1159 3118 1270 3170 τῶν
1301 3116 1523 3187 δωρεῶν
1564 3115 1810 3170 ἀποκλύ-

203 3224 331 3271 σας,
372 3207 586 3278 τίθησιν
614 3207 764 3279 αὐτῷ
803 3209 864 3261 τὸ
891 3210 992 3278 τῆς
1019 3207 1237 3276 φύσεως
1270 3208 1471 3279 ὄνομαο
1493 3209 1663 3277 ’Λδὰμ
1694 3209 1800 3278 γὰρ

1896 691 2116 745 animali
2165 690 2349 744 videre
2380 698 2483 743 est.
2523 688 2587 742 Et
2630 696 2832 756 praeter
2878 685 3018 754 hme,
3071 694 3308 741 mentem
3339 685 3486 741 dedit

1896 783 2088 834 ducem
2134 791 2190 836 et
2222 781 2690 848 guliernatricem,
2722 777 2990 849 sapientia
3027 779 3318 843 imbutam,
3352 777 3487 832 artis

1894 874 2073 925 omnis
2123 873 2476 941 scientimque
2513 869 2898 940 capacem;'et
2945 869 3267 924 rationalem
3325 870 3485 923 exhi—

1897 961 2011 1014 buit
2038 960 2240 1015 luteam
2275 967 2532 1021 statuam,
2563 973 2727 1031 atque
2749 960 2818 1014 ad
2848 959 3141 1030 imaginem
3173 972 3329 1014 suam
3357 972 3489 1013 con-

1897 1050 2151 1105 furmavit
2180 1051 2492 1120 pulvereum
2517 1051 2894 1117 simulacrum,
2945 1051 3326 1120 imperativam
3352 1051 3487 1117 vim,

1897 1146 2129 1200 liberum
2161 1143 2472 1209 arbitrium,
2506 1154 2562 1200 et
2595 1143 2813 1214 quidvis
2843 1145 3155 1201 fabricandi
3191 1145 3489 1214 potentiam

1899 1237 2252 1292 intellectuali
2286 1237 2694 1306 immortalique
2728 1238 2928 1290 anima:
2951 1239 3292 1293 concedens.
3320 1234 3490 1291 Dein-

1897 1331 1963 1385 de
1992 1329 2268 1383 hominem
2305 1329 2632 1389 belluarum.
2666 1338 2721 1382 et
2749 1329 3188 1400 quadrupedum,
3224 1343 3288 1384 ac
3319 1328 3491 1399 repti-

1899 1421 2095 1484 tilimn,
2125 1419 2471 1490 aquatilium,
2503 1430 2559 1474 et
2612 1420 3041 1488 amphibiorum,
3091 1429 3145 1475 et
3187 1421 3488 1475 volatilium

1899 1519 2075 1572 avium
2108 1533 2293 1587 regem
2325 1517 2634 1573 constituit.
2664 1518 2806 1571 Ante
2839 1517 2957 1573 haec
2991 1528 3193 1583 autem,
3219 1517 3490 1587 quoddam

1901 1610 2066 1663 veluti
2094 1609 2556 1679 jttCttndissimum
2593 1608 2908 1663 cubiculum
2961 1610 3198 1676 desuper
3243 1608 3492 1662 extendit

1898 1700 2118 1762 cwlum,
2156 1699 2396 1752 siderum
2446 1699 2797 1753 atnmnitates
2853 1699 3123 1759 inserens,
3173 1713 3293 1767 qua:
3331 1713 3490 1752 usum

1897 1789 2058 1844 simul
2108 1788 2636 1859 delectationemque
2693 1791 2938 1860 praebent
2982 1790 3192 1845 :solem
3229 1790 3361 1844 oriri
3401 1789 3493 1860 ju—

1900 1889 2033 1943 bens
2055 1896 2110 1940 et
2139 1889 2486 1952 occumbere,
2519 1886 2748 1956 diesque
2775 1895 2830 1940 et
2875 1897 3062 1941 noctes
3096 1885 3332 1949 efficere,
3365 1901 3494 1941 cur-

1904 1995 2076 2045 suque
2105 1994 2204 2034 suo
2236 1989 2479 2049 tempora
2519 1979 2704 2033 metiri
2733 1994 2748 2044 ;
2781 1978 2965 2032 lunam
2993 1978 3162 2033 minui
3197 1986 3250 2032 et
3282 1979 3490 2049 augeri,

1902 2073 2125 2141 suisque
2159 2073 2537 2141 frequentibus
2580 2071 3014 2126 revolutionibus
3040 2070 3316 2125 delectare
3343 2073 3492 2139 pari-

1904 2172 2005 2226 ter,
2036 2171 2088 2214 et
2133 2176 2373 2215 annuum
2406 2161 2672 2215 circulum
2725 2160 3057 2227 significare.
3086 2159 3206 2214 Jam
3242 2161 3490 2216 tellurem

1903 2257 1991 2309 hic
2019 2255 2247 2309 inferius
2279 2256 2600 2319 substravit,
2646 2255 2806 2323 eique
2843 2256 3053 2308 varium
3093 2267 3347 2309 ornatum
3393 2255 3495 2310 de-

1903 2346 2002 2408 dit,
2039 2345 2214 2409 silvis,
2243 2347 2408 2407 arvis,
2442 2347 2728 2416 pratisque
2769 2347 3109 2416 distinguens
3132 2386 3146 2408 ,
3195 2357 3408 2402 montes
3440 2349 3493 2402 in

1903 2436 2269 2490 sublimitates
2304 2453 2564 2500 curvans,
2596 2437 2770 2492 valles
2796 2452 3094 2504 exeavans,
3128 2453 3352 2508 campos
3398 2454 3495 2494 su-

1905 2532 2062 2600 pinos
2093 2531 2500 2601 mqitztbilesqiie
2531 2533 2847 2599 ostendens,
2887 2531 3173 2602 fontesque
3217 2533 3284 2586 de
3325 2532 3498 2587 medi-

1907 2624 2060 2676 tullio
2108 2626 2378 2678 Scaturire
2415 2624 2638 2691 jnhens,
2693 2635 2748 2678 et
2793 2622 3014 2678 ﬂumina
3044 2623 3359 2693 perenniter
3383 2624 3497 2681 dis-

1902 2731 2147 2777 currere.
2184 2725 2347 2786 atque
2378 2717 2483 2770 alia
2530 2717 2718 2771 omnia
2776 2725 3045 2787 quotquot
3080 2724 3281 2770 terram
3319 2730 3498 2772 marev

1905 2821 2008 2876 que
2041 2819 2330 2861 exornant.

2083 2921 2172 2976 lll.
2209 2920 2319 2976 Cur
2350 2924 2616 2977 hominem
2652 2923 2995 2992 appellaverit
3027 2924 3319 2978 Adamum.

1981 3036 2116 3090 Cum
2148 3035 2226 3089 sic
2255 3035 2491 3104 primum
2536 3037 2811 3091 hominem
2864 3037 3220 3102 condidisset,
3264 3044 3321 3090 et
3365 3034 3503 3090 ima-

1907 3127 2054 3196 ginis
2111 3142 2224 3181 sua:
2299 3126 2507 3180 honore
2569 3127 2849 3193 auxisset,
2915 3129 3293 3194 donorumque
3346 3127 3500 3196 copia

1907 3220 2206 3278 obruisset,
2247 3231 2442 3270 nmnen
2491 3215 2540 3270 ei
2571 3228 2776 3270 naturae
2813 3217 2983 3286 ipsius
3015 3218 3295 3286 proprium
3332 3218 3505 3288 impo-

201 3301 374 3355 αὐτον
403 3301 887 3371 προσηγόρευσεν
935 3300 1092 3354 τοῦτο
1133 3303 1191 3355 δὲ
1236 3303 1330 3354 τὸν
1375 3301 1505 3372 χοῦν
1553 3301 1801 3372 δηλοῖτῇ

1910 3313 2014 3366 snit
2047 3330 2061 3378 ;
2089 3311 2290 3365 etenim
2317 3310 2586 3363 Adamum
2619 3311 2973 3379 nuncupavit,
3001 3312 3144 3378 quod
3177 3309 3502 3365 vocabulum

217 3392 489 3462 Ἐϐραίων
521 3395 695 3462 φωνῇ.
721 3394 836 3446 Μία
867 3393 922 3446 δὲ
949 3394 1041 3446 καὶ
1068 3393 1210 3464 αὕτη
1240 3395 1371 3464 περὶ
1401 3394 1492 3446 τὸν
1518 3394 1806 3465 ἄνθρωπον

205 3484 531 3553 κηδεμονία.
592 3485 811 3553 Ἐπειδὴ
860 3485 970 3556 γάρ
1023 3485 1215 3554 ἔμελλε
1263 3485 1540 3549 τοσούτοις
1582 3487 1809 3555 ἀγαθοῖς

203 3576 592 3645 ὲντρυιρὴσειν,
634 3577 727 3628 καὶ
776 3577 1047 3630 τοσούτων
1091 3579 1274 3648 ἄρχων
1323 3578 1669 3648 ἀνηγορεύθη
1714 3581 1810 3632 καὶ

210 3666 486 3738 βασιλεὺς,
521 3669 609 3720 ἵνα
645 3669 720 3738 μὴ
755 3669 834 3738 τῷ
862 3668 1061 3738 πλήθει
1088 3670 1195 3722 τῶν
1230 3671 1451 3740 δωρεῶν
1479 3672 1807 3742 ὑπερμαζή-

209 3776 335 3822 σας.
394 3761 490 3813 καὶ
537 3762 616 3832 τῷ
668 3761 794 3831 ὕψει
836 3763 938 3832 τῆς
984 3764 1281 3833 ἡγεμονίας
1325 3764 1590 3834 ἐπαρθεὶς
1637 3783 1808 3818 κατα-

209 3849 487 3919 σκιρτήσῃ
513 3851 606 3902 τοῦ
641 3851 950 3916 κτίσαντος,
999 3855 1093 3905 καὶ
1130 3854 1397 3924 μεγίστην
1443 3856 1507 3907 ὲκ
1560 3856 1657 3924 τῆς
1712 3852 1808 3906 τυ-

211 3935 460 4005 ραννίδος
523 3938 896 4008 ἀπενέγκηται
959 3940 1207 4010 βλάϐην,
1258 3943 1399 3996 κατά
1454 3944 1544 3996 τὸν
1592 3944 1808 4015 πρῶτον

208 4028 527 4098 ἀποστάτην
560 4030 765 4082 ἐκεῖνον
795 4032 885 4085 τὸν
915 4033 991 4096 ὡς
1033 4034 1322 4105 ἀστραπὴν
1355 4039 1418 4089 ἐκ
1449 4039 1543 4090 τοῦ
1573 4039 1632 4091 ού
1644 4038 1808 4108 ρο.νοῦ

209 4117 451 4171 πεσόντα
479 4117 548 4169 δι’
570 4119 916 4184 ἀλαζονείαν,
951 4124 1267 4191 ἀναγκαίως
1290 4131 1315 4179 ὁ
1347 4129 1509 4197 σοφὸς
1536 4130 1647 4182 τῶν
1671 4131 1809 4184 ὅλων

215 4207 481 4280 πρύτανις
510 4211 736 4264 κωλύων
765 4214 931 4266 αὐτοῦ
971 4217 1062 4268 τὸν
1110 4218 1271 4286 ὄγκον
1301 4219 1394 4272 τοῦ
1435 4224 1808 4293 φρονήματος,

225 4299 398 4371 Ἀδάμ
433 4304 901 4375 προσηγόρευσεν,
953 4308 1038 4360 ἵνα
1077 4311 1139 4361 ὲκ
1170 4311 1269 4379 τῆς
1313 4317 1689 4386 προσηγορίας
1724 4318 1810 4368 ὲν·-

212 4390 354 4443 νοῶν
380 4392 480 4462 τὴν
517 4396 868 4462 συγγένειαν,
899 4400 993 4451 καὶ
1036 4400 1134 4464 τάς
1164 4403 1422 4474 ἀφορμάς
1452 4406 1550 4475 τῆς
1590 4409 1809 4475 φύσεως

212 4481 587 4553 λογιζόμενος,
618 4488 712 4538 καὶ
741 4488 831 4540 τὸν
877 4492 1141 4560 πρόγονον
1170 4496 1299 4563 χοῦν
1331 4496 1437 4565 πρὸ
1469 4497 1577 4550 τῶν
1605 4500 1812 4568 ὀφθαλ-

218 4575 337 4643 μῶν
364 4574 660 4646 θεώμενος,
687 4579 881 4631 ἑαυτὸν
915 4583 1013 4651 μὲν
1046 4586 1309 4656 γνωρίζῃ,
1336 4593 1619 4661 προσκυνῇ
1640 4591 1694 4644 δὲ
1719 4593 1810 4645 τὸν

1911 3408 1963 3458 in
2021 3404 2373 3458 Hebrteorum
2433 3403 2611 3472 lingua
2663 3403 2941 3473 pulverem
2997 3404 3291 3472 significa.
3327 3404 3506 3472 Atque

1911 3501 2026 3553 haec
2053 3498 2217 3552 etiam
2268 3511 2395 3566 erga
2441 3496 2718 3549 hominem
2760 3494 3101 3563 providentia
3133 3495 3352 3566 807m
3383 3494 3502 3548 fuit.

1912 3588 2046 3641 Nam
2083 3586 2208 3653 quia
2255 3585 2424 3638 tantis
2452 3583 2610 3638 bonis
2639 3583 2907 3636 fruiturus
2941 3594 3082 3644 erat,
3124 3592 3314 3652 totque
3349 3598 3507 3648 crea-

1912 3687 2159 3734 turarum
2194 3677 2454 3746 princeps
2482 3677 2815 3730 constitutus
2846 3683 2967 3731 erat
2999 3686 3054 3729 et
3079 3691 3197 3740 rex,
3229 3689 3295 3730 ne
3335 3678 3508 3730 dono~

1913 3786 2031 3824 rum
2060 3768 2413 3824 multitudine
2445 3768 2736 3823 lasciviens
2774 3780 2828 3821 et
2878 3770 3221 3837 principatus
3265 3770 3505 3824 excelsi-

1915 3871 2022 3915 tate
2079 3862 2255 3915 elatus
2325 3861 2591 3914 adversus
2645 3857 2963 3914 Creatorem
3019 3862 3272 3930 petulans
3328 3861 3504 3921 fieret.

1913 3956 2321 4024 maximumque
2354 3968 2420 4007 ex
2455 3954 2556 4007 hac
2588 3953 2756 4007 veluti
2795 3953 3082 4022 tyrannide
3113 3953 3505 4010 detrimentum

1912 4057 2155 4117 caperet,
2193 4061 2343 4102 more
2394 4047 2537 4100 illius
2572 4045 2734 4115 primi
2784 4055 3074 4114 aposmta},
3121 4045 3212 4115 qui
3247 4056 3508 4116 tanquam

1913 4139 2092 4207 fulgur
2133 4139 2404 4206 superbia:
2449 4153 2560 4192 suae
2607 4152 2773 4192 causa
2821 4137 2962 4192 caelo
2994 4138 3196 4192 excidit
3231 4139 3272 4201 ί,
3316 4153 3511 4194 neces-

1914 4231 2061 4284 sario
2115 4232 2338 4299 sapiens
2401 4245 2584 4284 rerum
2639 4231 2885 4283 omnium
2936 4239 3181 4294 curator,
3236 4239 3506 4286 tumorem

1915 4323 2085 4390 ipsius
2115 4323 2314 4376 mentis
2345 4323 2734 4392 comprimens,
2769 4323 3041 4376 Atlamttm
3095 4323 3415 4393 appellavit,
3448 4335 3508 4377 ut

1913 4430 1978 4469 ex
2007 4415 2229 4469 nomine
2261 4415 2632 4468 conditionem
2683 4430 2838 4469 suam
2878 4425 3163 4485 reputans,
3203 4427 3254 4469 et
3295 4428 3508 4472 naturae

1915 4505 2212 4575 primordia
2249 4504 2636 4568 considerans,
2680 4515 3082 4575 parentemque
3131 4521 3290 4560 suum
3325 4506 3512 4576 pulve-

1917 4613 2034 4651 rem
2083 4613 2194 4665 pra:
2240 4595 2414 4651 oculis
2449 4596 2679 4659 habens,
2722 4609 2780 4650 se
2831 4597 3006 4665 ipsum
3040 4598 3261 4666 quidem
3309 4613 3512 4668 cognoo

215 4667 487 4738 τοσαύτην
556 4668 891 4740 εὐπρέπειαν
951 4675 1101 4745 αύτῷ
1159 4680 1253 4730 καὶ
1317 4681 1801 4752 μεγαλοπρέπειαν

1917 4699 2116 4751 sceret,
2144 4689 2402 4743 adoraret
2429 4696 2610 4741 autem
2634 4686 2809 4754 illum,
2831 4687 2923 4756 qui
2949 4698 3156 4742 tantmn
3182 4690 3230 4743 ei
3255 4689 3511 4747 decmem

213 4756 641 4826 δωρησάμενον’
708 4758 848 4830 αὕτη
919 4762 1109 4834 πρώτη
1174 4767 1304 4837 περὶ
1361 4768 1454 4820 τὸν
1513 4770 1806 4841 ἄνθρωπον

217 4847 433 4916 ἐδείχθη
464 4849 559 4900 τοῦ
595 4851 832 4920 Ποιητοῦ
878 4854 1014 4923 μετά
1038 4859 1137 4926 τὴν
1162 4857 1523 4929 δημιουργίαν
1553 4863 1805 4932 πρόνοια’

215 4941 392 5000 οὕτως
421 4940 478 5005 ἐξ
515 4943 689 5012 ἀρχῆς
715 4942 803 4996 οἷά
834 4963 918 5008 τις
953 4949 1134 5019 πατὴρ
1185 4951 1280 5001 καὶ
1311 4952 1495 5022 ἰατρὸς
1528 4955 1623 5007 καὶ
1655 4954 1808 5008 διδά-

215 5031 439 5095 σκαλος,
490 5037 714 5104 κοσμῶν
761 5039 896 5107 ὁμοῦ
946 5042 1041 5092 καί
1091 5043 1358 5111 ἰατρεύων
1407 5047 1502 5098 καὶ
1540 5046 1811 5102 διδάσκων

219 5120 384 5173 αὑτὸν
409 5123 507 5192 τὴν
537 5126 763 5197 ἀρετὴν,
800 5130 1118 5187 διετέλεσεν.

218 5257 295 5309 Δ’.
321 5257 423 5310 Διὰ
446 5260 502 5311 τί
529 5261 642 5330 τὴν
672 5265 928 5334 γυναῖκα
958 5269 1026 5322 ἐκ
1052 5269 1159 5337 τῆς
1194 5272 1463 5340 πλειιοᾶς
1493 5272 1806 5346 ἐδημιοίῬ-

937 5356 1107 5407 τηε-ε.

293 5440 481 5506 Οὕτως
514 5445 676 5498 αὑτὸν
716 5449 1021 5518 διαπλάσας
1046 5494 1060 5518 ,
1108 5455 1281 5520 οὕτως
1327 5460 1803 5531 προσαγορεύσας,

224 5531 417 5602 βοηθὸν
451 5536 601 5606 αὐτῷ
648 5540 742 5591 καὶ
791 5546 1054 5614 συνεργὸν
1103 5549 1196 5600 καὶ
1241 5549 1334 5601 τοῦ
1373 5550 1492 5620 βίου
1551 5554 1809 5606 κοινωνὸν

222 5629 566 5723 παραχρῆμα
607 5629 1072 5723 ἐδημιούργησεν
1126 5642 1228 5694 ούκ
1269 5643 1334 5695 ὲκ
1386 5643 1554 5716 μόνης
1598 5646 1654 5699 δὲ
1711 5645 1810 5716 τῆς

223 5714 365 5784 γῆς,
406 5714 482 5778 ὡς
532 5718 620 5770 ἐπ’
661 5721 894 5788 ἐκείνου,
945 5727 1210 5798 λαμϐάνει
1254 5730 1354 5796 τὰς
1399 5714 1657 5803 ἀφορμὰς
1709 5714 1808 5806 τῆς

243 5915 310 5959 ι’
351 5915 459 5974 lsa.
489 5932 601 5981 xtv,
639 5917 722 5974 l2.

1917 4797 1980 4836 ac
2011 4783 2415 4850 speciositatem
2445 4780 2690 4835 donavit.
2729 4779 2907 4834 Prima
2938 4780 3053 4835 hzcc
3073 4795 3203 4852 erga
3231 4784 3509 4840 hominem

1918 4871 2169 4926 Factoris
2197 4880 2318 4942 post
2352 4871 2688 4926 creationem
2720 4870 3066 4941 providentia
3101 4876 3336 4929 exstitit.
3370 4876 3444 4930 Ita
3467 4879 3514 4932 is

1913 4967 2024 5036 jam
2056 4967 2179 5020 inde
2207 4965 2276 5019 ab
2309 4965 2488 5027 initio,
2515 4981 2615 5020 ceu
2652 4975 2806 5034 pater
2838 4966 3058 5035 quidam
3091 4978 3144 5021 et
3179 4970 3424 5025 medicus
3456 4983 3513 5026 et

1915 5057 2194 5125 magister,
2225 5071 2436 5110 ornans
2470 5057 2630 5112 simul
2661 5068 2718 5112 et
2764 5072 2966 5113 sanans
3001 5061 3377 5130 virtutemque
3415 5062 3515 5116 d0-

1913 5164 2064 5214 ccns,
2091 5163 2148 5201 se
2180 5149 2367 5219 gessit.

2021 5286 2106 5340 IV.
2148 5285 2257 5339 Car
2305 5289 2578 5341 mulierem
2610 5304 2676 5342 ea:
2717 5290 2815 5344 viri
2849 5290 3014 5345 latere
3057 5291 3392 5362 formaverit.

2002 5468 2295 5538 Postquam
2352 5486 2477 5527 eum
2530 5473 2602 5527 ita
2659 5472 2997 5529 formaverat
3052 5486 3217 5545 atque
3265 5476 3502 5544 appella.

1916 5568 2092 5622 verat,
2151 5561 2476 5616 auxiliarcm
2509 5565 2686 5619 eidem
2718 5575 2774 5618 et
2815 5566 3245 5634 cooperatricem
3279 5566 3518 5636 vitmque

1917 5651 2158 5706 sodalem
2197 5651 2345 5708 illico
2375 5652 2690 5712 fabricavit.
2736 5655 2892 5712 Haud
2935 5666 3118 5712 tamen
3157 5673 3228 5712 ex
3264 5655 3379 5711 sola
3409 5668 3515 5712 ter-

1917 5755 1997 5803 ra,
2035 5743 2178 5800 sicut
2201 5745 2255 5799 in
2291 5746 2406 5817 ipso
2439 5747 2666 5816 fecerat,
2717 5751 3001 5809 materiam
3032 5751 3317 5824 plasmatis
3345 5765 3517 5821 ﬁum-
