3926 6452
221 463 367 522 “‘15

1412 456 1501 514 DE
1520 447 2064 513 'INCARNATIONE
2103 445 2361 506 οοιιιΝι.

3379 439 3517 496 ηεε

217 579 469 653 θρώπων
505 573 763 633 ἀπώνατο
783 588 798 604 ·
832 572 1046 645 μείζοσι
1075 573 1133 627 δὲ
1162 572 1585 644 ἀγνωμοσύναις
1609 572 1704 627 τδν
1734 570 1827 625 εὐ-

1944 565 2010 636 pit
2035 565 2325 623 utilitatis:
2357 564 2467 621 imo
2487 569 2548 621 et
2572 563 2861 637 peioribus
2883 558 3173 653 maleﬁciis
3212 558 3518 653 benefacto-

219 672 463 744 αργέτην
493 666 791 739 ἠμείψατο.
838 664 1020 729 Εὐθὺς
1047 664 1159 737 γὰρ
1200 662 1591 734 ἀδελφοκτονία
1616 663 1823 733 τολμᾶ-

218 780 367 828 ται,
419 762 515 816 καὶ
563 757 796 829 φθόνος,
844 756 943 811 καὶ
986 756 1220 828 ψεῦδος,
1273 756 1565 810 ἀκολασίαι
1612 772 1673 808 τε
1731 755 1826 808 καὶ

219 856 515 924 ἀσίλγειαι
540 892 556 917 ,
620 849 866 916 ἀδικίαι,
934 851 1031 904 καὶ
1096 847 1520 921 ἀλληλοφονίαι,
1571 849 1669 903 καὶ
1715 848 1826 901 τῶν

221 946 532 1019 ἀλλοτρίων
570 945 847 1017 ἁρπαγαὶ,
896 944 993 997 καὶ
1035 942 1206 997 τάλλα
1260 942 1363 995 ὅσα
1413 940 1753 1011 ἐϐλάστησεν
1791 942 1825 1011 ἠ

224 1038 480 1110 ἁμαρτία
510 1035 679 1091 κακά.
721 1034 864 1090 Ἀλλ’
896 1034 1017 1089 οὐδὲ
1046 1031 1221 1096 οὕτως
1274 1032 1304 1083 6
1343 1030 1580 1105 Ποιητὴς
1618 1032 1685 1104 ἢν
1720 1030 1831 1085 διέ-

227 1129 447 1184 ⁸ιτλασεν
477 1128 860 1198 ἀπηγόρευσεν
892 1126 1054 1196 φύσιν
1075 1142 1089 1155 ⁸
1118 1125 1296 1193 σοφῶς
1324 1125 1383 1179 δὲ
1408 1124 1543 1178 αὐτὸ
1582 1124 1677 1178 καὶ
1719 1124 1828 1178 δια·

227 1219 419 1291 φόρως
459 1218 733 1282 ἰτέλεσεν,
766 1216 1059 1289 ἰατρεύων,
1095 1214 1387 1287 ἐπιτιμῶν,
1419 1210 1691 1283 ἐγκαλῶν,
1719 1214 1829 1267 εἰσ-

226 1309 541 1382 ηγούμενος
577 1309 639 1363 τὸ
688 1309 830 1375 δέον,
868 1306 1278 1379 συμϐουλεύων,
1314 1305 1573 1373 ἀπειλῶν,
1606 1304 1829 1374 ἐπάγων

227 1402 337 1474 τὴν
365 1401 618 1473 ἀπειλὴν,
647 1399 894 1465 κολάζων
913 1400 1043 1463 τοὺς
1068 1400 1365 1470 πονηροὺς,
1393 1398 1677 1469 στεφανῶν
1701 1400 1831 1461 τοὺς

229 1494 479 1563 ἀγαθοὺς
502 1535 516 1554 .
559 1492 656 1547 καὶ
684 1491 776 1546 τὸν
809 1491 909 1563 μιν
953 1491 1348 1563 ἀνακηρύττων
1373 1531 1387 1556 ,
1423 1491 1516 1544 τὸν
1563 1490 1621 1544 δὲ
1664 1506 1827 1560 μετα-

232 1587 410 1650 τιθεὶς
433 1625 449 1650 ,
480 1583 572 1640 τὸν
598 1583 658 1638 δὲ
693 1583 841 1654 ξύλῳ
876 1582 1019 1654 μετά
1041 1582 1137 1637 τοῦ
1166 1582 1359 1652 γένους
1389 1580 1693 1647 διασώζων,
1735 1581 1830 1633 κα)⁸

231 1675 515 1747 σπινθῆρα
549 1676 620 1746 τῇ
669 1672 830 1744 φύσει
872 1672 1168 1745 διατηρῶν,
1201 1671 1509 1737 ἐπικλύζων
1563 1670 1661 1743 τὴν
1699 1670 1828 1739 γῆν,

228 1765 567 1839 διαφθείρων
600 1764 755 1820 ὕδατι
786 1764 915 1829 τοὺς
942 1764 1182 1836 ἐργάτας
1200 1767 1308 1836 τῆς
1335 1763 1623 1835 πονηρίας,
1648 1761 1829 1828 αὔξων

227 1853 397 1921 αὖθις
422 1858 485 1912 τὸ
512 1855 854 1928 ἀνθρώπινον
879 1855 1069 1926 γένος,
1106 1858 1363 1929 μερικαῖς
1390 1854 1692 1926 τιμωρίαις
1714 1870 1831 1907 κοιο

1926 671 2042 712 rem
2074 663 2460 714 remuneratus
2486 664 2591 713 est.
2643 654 2841 712 Statim
2880 654 3026 710 enim
3063 651 3323 708 fraterna:
3356 651 3519 707 caedis

1929 748 2163 815 facinus,
2205 750 2431 816 invidia,
2466 749 2838 815 mendacium,
2874 746 3326 818 intemperantia,
3365 744 3520 800 luxu-

1928 840 2045 906 τίω,
2072 839 2310 909 injuriae,
2340 848 2545 896 mutum
2572 840 2901 905 occisiones,
2942 838 3134 895 aliena:
3168 836 3245 892 rei
3288 836 3520 905 rapinae,

1926 940 1984 1010 et
2016 932 2120 985 alia
2144 930 2453 1000 hnjnstnodi
2483 946 2602 1000 qua:
2640 940 2925 1003 peccatum
2955 930 3174 1002 peperit
3203 928 3370 983 mala.
3409 928 3518 984 Sed

1929 1036 1997 1078 ne
2032 1023 2113 1078 sic
2142 1023 2359 1092 quidem
2391 1037 2553 1094 quam
2579 1022 2917 1079 formaverat
2955 1022 3159 1093 abjecit
3186 1022 3329 1077 Dens
3356 1030 3523 1075 natu-

1931 1128 2047 1169 ram
2077 1132 2092 1169 :
2122 1117 2219 1171 sed
2268 1114 2415 1169 varia
2451 1116 2722 1185 sapientia
2774 1116 2842 1170 ad
2890 1130 3014 1170 eum
3055 1113 3217 1169 linem
3252 1127 3385 1168 usus
3413 1121 3522 1173 est.

1931 1208 2154 1261 medens
2199 1204 2433 1271 scilicet,
2470 1205 2790 1276 increpans,
2832 1207 3117 1270 incusans,
3164 1202 3233 1259 ad
3282 1201 3522 1259 oﬂicinm

1930 1296 2207 1362 erudiens,
2240 1296 2468 1352 consilia
2520 1310 2824 1367 suggerens
2851 1335 2868 1359 ,
2915 1295 3261 1351 comminans
3286 1333 3303 1359 .
3347 1294 3526 1349 minas

1934 1391 2076 1459 ipsas
2107 1390 2161 1444 in
2192 1404 2307 1444 rem
2339 1388 2653 1453 conferens,
2698 1388 2874 1443 malos
2905 1388 3170 1458 puniens,
3194 1387 3370 1442 bonos
3399 1400 3525 1440 mn-

1933 1496 2151 1549 nerans,
2179 1490 2233 1536 et
2276 1480 2441 1535 aiium
2501 1479 2718 1551 quidem
2775 1478 2941 1534 laude
2976 1492 3208 1542 ornans,
3246 1477 3413 1535 alium
3458 1476 3527 1533 de

1932 1572 2131 1625 mundo
2170 1570 2525 1635 transferens,
2556 1570 2723 1625 alium
2761 1586 2889 1625 arca
2925 1570 3107 1641 lignea
3150 1583 3275 1625 cum
3322 1581 3529 1640 genere

1932 1662 2167 1728 salvans,
2196 1672 2253 1717 et
2294 1671 2502 1718 natura:
2545 1660 2847 1717 scintillam
2891 1675 3282 1729 conservans;
3321 1669 3528 1718 terram

1932 1754 2132 1810 diluvio
2158 1756 2429 1821 obruens,
2456 1763 2513 1809 et
2538 1753 2800 1825 nequitia:
2830 1761 3156 1823 operatores
3189 1752 3350 1822 aquis
3392 1767 3529 1823 prte-

1933 1844 2153 1912 focans;
2190 1846 2558 1915 multiplicans
2594 1860 2792 1899 rursus
2845 1845 3154 1900 humanum
3188 1858 3385 1915 genus,
3413 1842 3531 1897 sin-

228 1949 335 2013 νάς
375 1947 618 2019 ἰατρείας
650 1935 997 2019 ποιούμενος,
1034 1947 1218 2012 πόλεις
1249 1947 1528 2011 ἀσεϐείαις
1577 1943 1830 2009 συζῶσας

1944 1940 2215 2009 gularibus
2247 1938 2426 2008 poenis
2475 1937 2759 2008 generales
2790 1936 3035 1992 medelas
3071 1935 3308 2000 faciens,
3337 1934 3528 1990 civita-

229 2041 374 2112 πυρὶ
422 2040 787 2109 καταφλέγων
817 2039 1055 2112 οὐρανίῳ
1074 2080 1090 2107 ,
1120 2039 1213 2093 τὸν
1247 2040 1344 2094 σὺν
1371 2038 1563 2103 αὐτοῖς
1611 2037 1715 2109 μὲν
1750 2037 1830 2091 οἰ-

230 2131 444 2187 κοῦντα
463 2171 477 2197 ,
506 2132 607 2202 τῆς
637 2130 686 2184 δ’
725 2129 981 2195 ἀσεϐείας
1008 2129 1072 2184 οὐ
1109 2127 1495 2196 κοινωνοῦντα,
1528 2126 1631 2199 τῆς
1659 2143 1833 2196 τιμω-

233 2223 365 2297 ρίας
407 2221 732 2293 ἐλευθερῶν,
769 2221 1085 2293 εὐετηρίαις
1115 2219 1460 2292 δωρούμενος
1484 2259 1500 2285 ,
1554 2220 1615 2273 ἐν
1654 2217 1833 2290 καιρῷ

230 2312 396 2368 ὑετὸν
438 2311 840 2384 χαριζόμενος,
893 2309 1075 2376 αῦξων
1120 2310 1379 2382 ἀρρήτως
1420 2310 1489 2363 τὰ
1534 2306 1686 2380 παρά
1722 2307 1833 2361 τῶν

230 2402 545 2475 ἀνθρώπων
576 2402 1028 2471 καταϐαλλόμενα
1064 2401 1376 2472 σπέρματα,
1410 2399 1643 2471 καρπῶν
1664 2398 1831 2467 ἀφθοο

232 2494 359 2558 νίας
435 2492 621 2565 βρύειν
668 2494 739 2547 τά
794 2493 987 2565 δένδρα
1036 2490 1304 2557 κελεύων,
1370 2491 1517 2563 λιμῷ
1563 2489 1834 2544 παιδεύων

232 2583 367 2649 τοὺς
412 2584 567 2637 οὐδὲν
615 2585 681 2637 ἐκ
732 2584 833 2652 τῆς
883 2582 1141 2654 εὐθηνίας
1190 2583 1599 2656 ὠφεληθέντας,
1645 2582 1834 2645 νόσους

234 2676 486 2744 ἀπάγων,
518 2675 616 2727 καὶ
657 2675 822 2728 πάλιν
850 2674 1055 2738 ταύτας
1082 2674 1347 2742 ἐλαύνων,
1390 2674 1835 2746 χαλασφενδονῶν

234 2764 341 2829 τὰς
381 2764 481 2834 τῆς
530 2762 675 2835 ζωῆς
722 2765 1018 2836 ἀφορμὰς,
1054 2764 1274 2835 νέφεσιν
1304 2766 1523 2837 ἀκρίδος
1554 2767 1646 2821 τὸν
1686 2768 1835 2839 ἥλιον

235 2851 503 2924 κρύπτων
524 2852 620 2906 καὶ
648 2853 777 2917 τοὺς
800 2854 1049 2925 καρποὺς
1072 2853 1420 2927 διαφθείρων
1455 2855 1626 2911 νεύων
1655 2852 1833 2921 αὖθις,

237 2942 340 2996 καὶ
389 2945 459 2997 τὰ
505 2943 727 3015 λυπηρά
774 2945 1161 3015 μεταϐάλλων,
1212 2948 1341 3012 τοὺς
1404 2949 1505 3021 τὴν
1552 2950 1837 3005 εὐσέϐειαν

236 3033 641 3102 ἀγαπήσαντας
673 3034 773 3088 οὐκ
803 3035 909 3087 ὲῶν
934 3076 949 3103 ,
985 3037 1079 3089 καὶ
1103 3036 1315 3101 τούτοις
1359 3039 1705 3111 φαινόμενος,
1742 3042 1838 3095 καὶ

237 3120 473 3190 φιλικῶς
502 3122 907 3195 διαλεγόμενος,
955 3124 1053 3178 καὶ
1080 3125 1169 3179 διὰ
1200 3126 1405 3179 τούτων
1448 3128 1837 3199 προσημαίνων

237 3215 317 3271 τά
350 3218 636 3289 μέλλοντα.

242 3327 331 3381 H’.
376 3330 506 3383 Ὀτι
546 3332 997 3402 φιλανθρωπίας
1043 3331 1207 3402 τέμει
1257 3336 1295 3402 ή
1345 3334 1451 3388 τοῦ
1484 3335 1633 3388 θεοῦ
1664 3336 1840 3391 ἐναν-

876 3399 1209 3470 θρῶπὴάις.

334 3512 555 3584 Ἐπειδὴ
610 3512 668 3567 δὲ
732 3513 947 3583 ταῦτα,
1025 3515 1120 3570 καὶ
1163 3516 1330 3571 τάλλα
1390 3518 1459 3571 τὰ
1517 3519 1687 3590 μυρία
1749 3522 1844 3573 καὶ

242 3605 581 3676 δυσδιήγητα
614 3603 716 3674 τῆς
746 3603 897 3667 θείας
941 3606 1257 3677 οἰκονομίας
1317 3606 1430 3679 εἴδη
1488 3608 1703 3677 ὀλίγους
1746 3611 1845 3681 μὲν

247 3696 643 3769 εὐηργέτησεν,
675 3697 726 3749 οἰ
756 3696 815 3750 δὲ
845 3696 1026 3751 λοιποὶ
1046 3697 1156 3752 τῶν
1190 3698 1498 3769 ἀνθρώπων
1521 3700 1845 3771 ἀνηκέστως

236 3789 532 3853 διέκειντο,
565 3789 689 3842 τότε
714 3788 801 3860 δὴ,
822 3789 945 3843 τότε
975 3791 1036 3843 τὸ
1070 3790 1215 3861 μέγα
1243 3792 1338 3846 καὶ
1366 3792 1607 3864 ἄρρητον
1632 3794 1844 3863 γίνεται

244 3880 350 3952 τῆς
391 3881 705 3952 οἰκονομίας
748 3882 1087 3954 μυστήριονο
1122 3883 1286 3948 αὐτὸς
1314 3884 1425 3955 γὰρ
1465 3885 1495 3936 6
1538 3885 1712 3954 Λόγος
1750 3886 1843 3941 τοῦ

258 3968 421 4035 Θεοῦ,
455 3972 485 4024 6
514 3970 846 4044 δημιουργὸς
880 3973 1099 4044 ἀπάσης
1140 3973 1241 4044 τῆς
1275 3975 1525 4040 κτίσεως,
1556 3977 1585 4029 ὁ
1617 3976 1844 4049 ἀχὼρη-

248 4080 340 4129 τος
364 4103 379 4127 ,
408 4064 438 4116 6
466 4064 882 4135 ἀπερίγραπτος
907 4108 922 4132 ,
958 4065 986 4118 6
1035 4064 1399 4129 ἀναλλοίωτος
1422 4107 1437 4133 ,
1467 4069 1500 4137 ἡ
1551 4069 1702 4140 πηγὴ
1745 4069 1845 4138 τῆς

249 4154 436 4224 ζωῆς,
477 4154 540 4208 τὸ
575 4156 639 4208 ὲκ
676 4155 770 4208 τοῦ
808 4155 987 4224 φωτὸς
1022 4156 1139 4225 φῶς
1168 4197 1182 4221 ,
1230 4157 1262 4227 ἡ
1310 4155 1462 4220 ζῶσα
1494 4158 1588 4211 τοῦ
1630 4160 1846 4230 Πατρδς

250 4246 437 4313 εἰκὼν,
488 4246 550 4301 τὸ
590 4247 933 4318 ἀπαύγασμα
979 4249 1080 4319 τῆς
1118 4248 1297 4319 δόξης,
1340 4251 1368 4302 6
1416 4250 1707 4323 χαρακτὴρ
1744 4251 1845 4321 τῆς

250 4340 631 4404 ὑποστάσεως,
678 4339 777 4411 τὴν
824 4340 1173 4412 ἀνθρωπείαν
1220 4341 1383 4410 φύσιν
1438 4342 1839 4415 ἀναλαμϐάνει,

254 4430 352 4484 καὶ
395 4431 497 4501 τὴν
543 4430 753 4485 οἰκείαν
804 4432 989 4486 εἰκόνα
1044 4434 1284 4486 νεοποιεῖ
1324 4435 1391 4504 τῇ
1446 4434 1695 4507 ἁμαρτίᾳ
1730 4435 1844 4489 δια-

256 4520 583 4591 φθαρεῖσαν,
616 4522 829 4575 καὶτὸν
862 4521 1157 4593 ἀνδριάντα
1186 4522 1277 4576 τὸν
1308 4524 1413 4577 ὑπὸ
1453 4524 1548 4578 τοῦ
1592 4526 1711 4580 υἱοῦ
1747 4528 1845 4599 τῆς

1938 2042 2019 2086 tes
2044 2030 2345 2088 sceleribus
2373 2031 2582 2087 deditas
2614 2031 2737 2099 igne
2779 2043 3020 2085 exurens
3051 2028 3263 2085 cmlesti
3301 2043 3316 2092 ;
3349 2027 3528 2082 virum

1936 2124 2150 2179 illarum
2172 2123 2388 2195 quidem
2422 2122 2683 2188 incolam,
2721 2124 2816 2178 scd
2842 2123 3122 2179 scelerum
3153 2119 3378 2175 minime
3410 2134 3530 2188 par-

1937 2218 2177 2286 ticipem,
2204 2229 2378 2286 poenae
2405 2216 2648 2285 eripiens
2673 2229 2690 2269 :
2723 2229 2948 2269 annuos
2988 2225 3294 2284 proventus
3339 2226 3531 2281 suppe-

1936 2308 2137 2374 ditans,
2168 2306 2397 2363 imbrem
2427 2316 2733 2376 opportune
2774 2305 3035 2375 largiens,
3074 2318 3285 2376 angens
3320 2317 3531 2358 arcano

1937 2401 2098 2455 modo
2115 2399 2262 2469 jacta
2289 2401 2357 2453 ab
2382 2398 2694 2454 hominibus
2709 2398 2941 2465 semina,
2966 2396 3243 2452 fructuum
3275 2394 3534 2449 ubertate

1937 2492 2162 2547 arbores
2186 2491 2467 2546 luxuriare
2490 2490 2712 2561 jnbens,
2765 2490 2909 2545 fame
2945 2487 3243 2558 aliquando
3269 2485 3533 2541 erudiens

1940 2581 2061 2637 illos
2084 2597 2221 2653 quos
2264 2582 2597 2638 abundantia
2632 2597 2736 2638 non
2789 2581 3039 2653 juverat,
3069 2580 3293 2635 morbos
3324 2578 3533 2633 immit-

1941 2685 2080 2741 tens,
2113 2682 2276 2745 atque
2320 2675 2418 2731 hos
2458 2690 2653 2730 rursus
2691 2674 3008 2746 depcllens;
3040 2671 3308 2744 grandine
3332 2669 3534 2725 verbe-

1942 2780 2069 2819 rans
2114 2764 2231 2820 rita:
2275 2765 2555 2832 subsidia;
2606 2765 2939 2819 locustarum
2982 2761 3188 2818 nimbis
3220 2758 3393 2816 solem
3435 2758 3535 2815 ob-

1939 2871 2187 2921 scnrans,
2227 2855 2517 2927 frugesque
2553 2870 2944 2927 corrumpens;
2984 2855 3177 2910 favens
3211 2853 3438 2915 iterum,
3478 2860 3536 2906 et

1941 2949 2220 3002 molestias
2249 2958 2523 3013 avertens,
2581 2946 2867 3017 religiosos
2912 2947 3164 3004 homines
3219 2960 3327 3002 non
3385 2945 3537 3001 dese-

1943 3053 2089 3104 rens,
2126 3038 2209 3093 his
2244 3039 2409 3092 etiam
2460 3053 2755 3109 apparens,
2792 3041 2970 3096 amice
3015 3038 3362 3111 colloquens,
3410 3050 3536 3106 per-

1943 3145 2049 3198 que
2086 3131 2185 3186 bos
2217 3129 2397 3184 futura
2425 3134 2782 3200 portendens.

1948 3322 2076 3377 Vlll.
2117 3322 2273 3388 Quod
2307 3342 2568 3380 summam
2622 3327 2950 3385 demonstrat
3000 3329 3333 3384 clementiam
3366 3332 3543 3387 incar-

2589 3401 2736 3453 natio
2780 3398 2898 3452 Dei.

2018 3510 2310 3583 i’ostqnam
2344 3526 2474 3567 vero
2514 3520 2629 3566 tum
2659 3512 2773 3568 bzec
2805 3522 2918 3567 tum
2951 3511 3057 3568 alia
3090 3513 3377 3570 innumera
3412 3518 3535 3571 vix-

1943 3617 2050 3673 que
2101 3601 2336 3659 effabilis
2393 3603 2590 3658 divina:
2635 3603 2997 3673 providentia-
3031 3604 3274 3676 810m.
3311 3622 3535 3677 genera.

1946 3694 2133 3764 paucis
2180 3694 2379 3764 oppido
2420 3694 2768 3764 profuerunt,
2817 3693 3015 3765 reliqui
3055 3704 3241 3753 autem
3282 3697 3541 3756 homines

1946 3786 2274 3841 insanabiles
2301 3786 2719 3855 permanebant,
2754 3795 2883 3842 tunc
2907 3786 3127 3842 demum
3165 3803 3423 3859 magnum
3461 3800 3541 3844 at-

1945 3890 2052 3947 que
2100 3876 2373 3933 ineffabile
2424 3888 2705 3947 peractum
2744 3877 2847 3933 fuit
2878 3878 3281 3935 incarnationis
3336 3875 3542 3951 myste-

1947 3971 2110 4024 rium.
2154 3969 2331 4037 lpsmn
2364 3969 2508 4025 enim
2550 3970 2646 4026 Dei
2684 3971 2945 4037 Verbum,
2977 3972 3055 4028 rei
3082 3972 3352 4028 universae
3381 3986 3539 4028 crea-

1949 4071 2015 4116 tae
2050 4070 2268 4127 auctor,
2312 4061 2616 4118 immensus
2662 4061 2787 4127 ille,
2834 4064 3348 4135 incircumscriptus
3374 4105 3389 4129 ,
3436 4065 3540 4120 im-

1946 4152 2245 4219 mutabilis,
2279 4152 2405 4207 vitae
2445 4152 2589 4219 fons,
2625 4153 2807 4210 lumen
2846 4155 2925 4209 de.
2948 4156 3173 4221 lumine,
3208 4155 3331 4211 viva
3364 4155 3543 4213 Patris

1946 4246 2149 4317 imago,
2182 4245 2438 4317 splendor
2472 4246 2679 4317 gloriae,
2714 4246 2885 4317 ﬁgura
2912 4248 3234 4304 substantia
3265 4249 3312 4314 ’,
3346 4248 3542 4305 huma-

1949 4352 2076 4391 nam
2132 4348 2385 4393 natnram
2442 4338 2757 4409 assumpsit,
2807 4340 3199 4411 propriamque
3250 4341 3543 4411 imaginem

1950 4440 2177 4500 peccato
2209 4439 2521 4499 corruptam
2557 4430 2904 4497 instauravit,
2936 4440 3173 4488 statuam
3205 4448 3235 4487 a
3285 4432 3398 4488 lilio
3437 4433 3545 4488 ini-

1952 4525 2185 4593 quitatis
2216 4524 2560 4593 antiquatam
2608 4524 2911 4590 renovavit,
2965 4536 3020 4581 et
3058 4525 3243 4596 priore
3282 4526 3547 4593 pulchrio—

254 4612 523 4682 πονηρίας
552 4613 936 4667 παλαιωθέντα
964 4616 1202 4682 ἁνανεοῖ,
1235 4617 1328 4669 καὶ
1357 4615 1451 4671 τοῦ
1490 4616 1711 4690 πρώτου
1744 4638 1838 4692 χα-

1951 4630 2064 4671 rem
2097 4617 2357 4682 ostendit,
2396 4617 2540 4670 haud
2566 4615 2681 4687 jam
2722 4633 2792 4672 ex
2823 4626 2993 4685 terra,
3016 4627 3076 4671 ut
3097 4618 3252 4684 olim,
3285 4632 3405 4672 eam
3432 4618 3545 4674 for-

257 4702 537 4775 ριέστερον
580 4703 875 4769 δείκνυσιν,
912 4706 1012 4760 οὐκ
1043 4707 1152 4760 ἀπὸ
1198 4707 1302 4776 γῆς
1342 4708 1417 4773 ὠς
1451 4709 1619 4764 πάλαι
1656 4711 1848 4766 τοῦτον

254 4794 711 4867 δημιουργήσας,
762 4796 878 4852 ἀλλ’
928 4799 1093 4863 αὐτὸς
1138 4801 1611 4872 καταδεξάμενος·
1649 4805 1709 4857 ού
1750 4806 1851 4877 τὴν

257 4885 410 4940 θείαν
435 4887 597 4957 φύσιν
620 4891 701 4954 εἰς
726 4890 1078 4962 ἀνθρωπείαν
1105 4892 1451 4962 μεταϐαλὼν,
1472 4894 1611 4951 ἀλλά
1634 4899 1701 4967 τῇ
1729 4895 1851 4969 θείᾳ

256 4974 359 5048 τὴν
391 4975 740 5049 ἀνθρωπείαν
770 4980 1013 5050 συνάψας
1035 4998 1049 5012 ⁸
1087 4981 1264 5051 μένων
1310 4983 1420 5053 γὰρ
1452 4984 1483 5037 6
1531 4980 1621 5057 ἦν,
1658 4986 1850 5040 ἐλαϐεν

257 5066 289 5120 6
336 5068 439 5121 οὐκ
486 5065 590 5141 ἦν·
653 5071 751 5125 καὶ
796 5072 957 5127 τοῦτο
1003 5074 1151 5144 ἡμᾶς
1208 5073 1449 5129 διδάσκει
1497 5077 1526 5129 ὁ
1579 5081 1852 5150 μακάριος

260 5159 475 5225 Παῦλος
506 5160 645 5231 βοῶν
668 5180 681 5192 ·
720 5182 741 5217 ι
774 5164 948 5219 Τοῦτο
989 5165 1295 5237 φρονείσθω
1328 5169 1385 5221 έν
1425 5169 1575 5238 ὑμῖν,
1604 5171 1632 5222 6
1661 5173 1753 5225 καὶ
1795 5176 1853 5225 ἐν

260 5252 488 5326 Χριστῷ
528 5255 705 5327 Ἰησοῦ
730 5296 747 5322 ,
786 5256 847 5322 δς
889 5258 949 5311 ὲν
1008 5262 1191 5331 μορφῇ
1235 5260 1372 5315 Θεοῦ
1422 5262 1719 5334 ὑπάρχων,
1755 5266 1853 5337 οὐχ

266 5345 567 5417 ἁρπαγμὸν
601 5348 849 5419 ἡγήσατο
896 5349 959 5402 τὸ
992 5345 1132 5404 εἶναι
1186 5352 1277 5404 ῐσα
1306 5352 1447 5424 Θεῷ,
1496 5355 1613 5409 ἀλλ’
1662 5357 1854 5411 ἑαυτὸν

263 5437 498 5493 ἰκένωσε
526 5480 540 5502 ,
577 5439 792 5511 μορφὴν
833 5440 1023 5495 δούλου
1056 5441 1258 5497 λαϐὼν.
1298 5464 1317 5496 ι
1369 5446 1458 5511 Ἐξ
1495 5443 1571 5501 ὦν
1603 5447 1847 5520 εὔδηλον,

263 5528 340 5592 ὡς
372 5530 405 5600 ἠ
438 5528 532 5583 τοῦ
577 5529 714 5584 Θεοῦ
761 5533 984 5605 μορφὴ,
1022 5534 1262 5603 μένουσα
1304 5537 1333 5589 6
1377 5533 1466 5609 ἦν,
1522 5538 1683 5593 ἔλαϐε
1752 5542 1852 5611 τὴν

263 5618 451 5676 δούλου
486 5624 732 5696 μορφήν
771 5628 988 5697 μορφὴν
1032 5628 1090 5682 δὲ
1125 5630 1283 5683 καλεῖ
1331 5632 1392 5685 ού
1427 5632 1487 5686 τὸ
1529 5634 1855 5705 φαινόμενον

270 5711 425 5781 μόνον
479 5712 575 5766 τοῦ
628 5714 940 5785 ἀνθρώπου.
992 5718 1127 5772 ἀλλὰ
1186 5722 1365 5775 πᾶσαν
1410 5725 1508 5791 τὴν
1567 5724 1854 5796 ἀνθρώπου

347 5894 367 5926 ⁸
393 5892 560 5951 Hebr.
597 5910 635 5956 ι.
663 5894 715 5951 3.
795 5896 815 5928 ³
855 5894 1086 5969 I'hilipp.
1125 5913 1185 5967 ll,
1221 5899 1342 5955 5-7.

1952 4724 2130 4775 maus,
2162 4711 2255 4763 sed
2303 4710 2530 4778 ipsemet
2562 4711 2616 4763 in
2651 4724 2711 4765 se
2755 4710 3070 4781 recipiens:
3108 4710 3256 4763 haud
3296 4724 3429 4764 sane
3466 4711 3547 4765 di-

1952 4801 2131 4856 vinam
2164 4814 2416 4856 naturam
2454 4802 2507 4857 in
2542 4801 2842 4857 humanam
2870 4809 3219 4866 convertens,
3266 4802 3363 4857 sed
3406 4802 3547 4858 divi-

1950 4910 2034 4950 nm
2058 4896 2353 4950 humanam
2389 4896 2674 4965 copulans.
2707 4897 2931 4951 Manens
2958 4895 3105 4949 enim
3141 4896 3288 4964 quod
3320 4904 3463 4963 erat,
3496 4895 3547 4951 id

1952 4990 2095 5059 quod
2123 5003 2229 5043 non
2262 4999 2384 5044 erat
2422 4991 2683 5060 suscepit.
2717 4988 2891 5057 Quam
2932 5002 3045 5043 rem
3090 5004 3191 5044 nos
3224 4989 3385 5044 docet
3430 4988 3551 5047 bea-

1956 5090 2043 5131 tus
2075 5075 2275 5131 Paulus
2301 5079 2582 5133 clamans:
2625 5096 2643 5131 ι
2676 5078 2787 5135 lloc
2817 5078 3013 5133 sentite
3041 5077 3096 5133 in
3131 5078 3289 5135 vobis
3317 5077 3467 5149 quod
3495 5089 3553 5137 et

1955 5168 2007 5222 in
2055 5167 2280 5223 Christo
2309 5166 2461 5233 Jcsn,
2495 5170 2586 5238 qui
2622 5184 2745 5225 cum
2782 5170 2834 5224 in
2866 5166 3043 5223 forma
3080 5168 3177 5225 Dei
3226 5178 3395 5235 esset,
3440 5184 3549 5225 non

1960 5258 2204 5328 rapinam
2236 5262 2537 5318 arbitratus
2561 5273 2647 5317 est
2675 5277 2793 5317 esse
2838 5276 2900 5317 se
2962 5260 3233 5333 aequalem
3280 5262 3415 5330 Deo,
3447 5264 3543 5319 sed

1956 5353 2308 5422 semetipsum
2354 5354 2678 5417 exinanivit,
2708 5352 2939 5409 formam
2958 5355 3105 5409 servi
3132 5356 3412 5425 accipiens
3438 5354 3479 5409 ³.
3527 5376 3546 5407 υ

1962 5442 2115 5499 Unde
2147 5454 2318 5514 patet,
2338 5444 2432 5502 Dei
2467 5445 2695 5502 formam
2719 5446 2771 5501 in
2802 5460 2867 5501 eo
2888 5448 3033 5517 quod
3066 5457 3187 5502 erat
3216 5455 3550 5509 manentem,

1962 5538 2108 5592 servi
2156 5536 2391 5593 formam
2437 5541 2759 5611 sumpsisse.
2794 5538 3051 5596 Formam
3083 5549 3264 5595 autem
3310 5537 3547 5610 appellat

1964 5645 2069 5685 non
2096 5630 2147 5685 id
2175 5632 2555 5687 tantummodo
2573 5630 2805 5687 hominis
2828 5632 2970 5699 quod
2995 5641 3244 5703 apparet,
3262 5631 3358 5687 sed
3375 5641 3543 5687 totam

1965 5738 2190 5790 prorsus
2224 5724 2461 5780 hominis
2511 5733 2780 5781 naturam.
2832 5723 2966 5780 Nam
3010 5726 3170 5781 sicuti
3222 5724 3314 5781 Dei
3353 5723 3554 5791 forma,
