3926 6508
298 488 332 543 ί
349 486 447 543 l2?

1473 485 1560 540 DE
1598 482 2115 542 INCARNATIONE
2152 479 2411 538 DOMINI.

3458 477 3596 534 “3O

295 599 589 668 γενέσθαι,
614 601 707 652 καὶ
737 600 974 671 σχήματι
1008 601 1296 675 εὑρεθῆναι
1337 602 1411 664 ώς
1448 600 1755 685 ἄνθρωπον,
1787 600 1880 671 τῆς

1993 608 2051 653 ιιι
2100 598 2406 661 hominem,
2468 608 2633 664 prava
2699 592 2846 647 omni
2930 591 3214 647 hominum
3277 591 3598 667 operationa

296 692 548 759 ⁸πονηρᾶς
594 690 875 761 ἐνεργείας
933 693 1041 746 τῶν
1089 691 1394 763 ἀνθρώπων
1443 691 1886 763 ἀπηλλαγμένον.

295 780 395 834 Διὸ
427 783 519 834 καὶ
568 782 791 854 ἑτέρωθι
822 783 975 852 ἔλεγε
995 801 1008 814 θ
1057 803 1075 836 ι
1126 784 1199 836 Τὸ
1238 783 1346 855 γὰρ
1378 784 1641 837 ἀδύνατον
1672 782 1765 836 τοῦ
1799 781 1889 835 νό-

298 891 410 943 μου
436 875 493 926 ὲν
519 868 565 943 ᾦ
597 874 811 945 ἠσθένει
840 877 928 932 διὰ
957 876 1057 947 τῆς
1087 876 1310 946 σαρκὸς,
1346 878 1373 929 ὁ
1402 875 1535 939 Θεὸς
1559 874 1649 929 τὸν
1691 874 1888 929 ἑαυτοῦ

295 964 433 1018 Υίὸν
465 966 710 1037 πέμψας,
754 970 813 1021 ὲν
860 966 1167 1037 ὁμοιώματι
1220 964 1424 1037 σαρκὸς
1463 966 1761 1037 ἁμαρτίας,
1794 964 1889 1019 καὶ
1920 1028 1925 1037 1

295 1057 432 1128 περὶ
464 1060 759 1129 ἁμαρτίας,
809 1057 1097 1128 κατέκρινε
1141 1056 1241 1127 τὴν
1279 1056 1553 1127 ἁμαρτίαν
1594 1058 1651 1109 ὲν
1698 1057 1890 1127 σαρκὶ,

297 1146 391 1199 ἵνα
413 1146 473 1199 τὸ
504 1147 778 1218 δικαίωμα
806 1145 901 1200 τοῦ
930 1148 1096 1217 νόμου
1121 1144 1382 1217 πληρωθῇ
1410 1147 1469 1199 ὲν
1495 1145 1628 1216 ἡμῖν
1661 1147 1775 1209 τοῖς
1809 1145 1883 1215 μὴ

293 1236 445 1291 κατά
488 1239 666 1309 σάρκα
695 1239 1109 1310 περιπατοῦσιν,
1139 1238 1277 1293 άλλά
1310 1238 1452 1291 κατὰ
1483 1232 1701 1309 πνεῦμα
1725 1237 1823 1309 (1).
1858 1257 1874 1289 ι

383 1330 575 1400 Ὁρᾶτε
619 1330 737 1393 πῶς
781 1330 869 1383 διὰ
906 1328 1112 1384 τούτων
1158 1329 1383 1383 ἐκείνων
1432 1330 1548 1384 λύει
1598 1330 1699 1401 τὴν
1744 1330 1884 1386 ἀσά-

293 1436 477 1488 φειαν.
517 1441 535 1473 ι
585 1421 646 1475 '0
677 1421 829 1487 Θεὸς,
860 1422 1013 1493 φησὶ,
1045 1421 1136 1475 τὸν
1170 1421 1363 1476 ἑαυτοῦ
1407 1421 1534 1477 Υίὸν
1573 1422 1800 1491 πέμψας
1827 1424 1885 1475 ὲν

289 1510 601 1581 ὁμοιώματι
636 1512 837 1584 σαρκὸς
865 1512 1162 1584 ἁμαρτίαςο
1193 1532 1213 1565 ι
1250 1513 1350 1583 οὐχ
1399 1512 1588 1577 ἁπλῶς
1621 1508 1796 1578 εἶπεν,
1828 1514 1885 1566 ὲν

288 1600 603 1671 ὁμοιώματι
653 1603 877 1675 σαρκὸς,
926 1602 1158 1657 διαλύων
1190 1603 1299 1657 τῶν
1331 1602 1545 1657 ἁσεόῶν
1597 1604 1885 1673 δογμάτων

286 1692 394 1762 τὴν
439 1691 821 1765 βλασφημίαν·
860 1694 1223 1767 προγινώσκει
1256 1694 1364 1765 γὰρ
1403 1694 1623 1749 ἅπαντα
1660 1698 1693 1767 ἡ
1724 1696 1885 1768 χάρις

282 1784 388 1839 τοῦ
398 1784 539 1839 Πνεύ
547 1805 713 1859 ματος
724 1804 737 1816 ·
750 1787 889 1855 ἀλλ’,
902 1805 920 1839 ι
931 1789 989 1841 ὲν
1004 1788 1314 1860 ὁμοιώματι
1330 1787 1530 1860 σαρκὸς
1546 1788 1842 1860 ἁμαρτίας,
1858 1807 1875 1840 ι

286 1876 382 1931 ἵνα
412 1875 672 1947 μάθωμεν
704 1877 780 1943 ώς
800 1878 861 1932 τὸ
899 1880 1236 1951 ιὸμοίωμα,ι
1270 1879 1357 1933 διὰ
1380 1879 1440 1933 τὸ
1474 1880 1656 1950 πάσης
1694 1880 1882 1951 ἁμαρ-

1992 690 2245 757 aliepum.
2272 688 2568 759 Propterea
2593 685 2720 741 alibi
2743 700 2961 754 quoque
2980 684 3158 739 aiebat
3184 702 3197 738 :
3232 702 3249 734 ι
3281 681 3417 736 Nam
3450 686 3593 751 quod

1992 779 2323 849 impossibile
2340 787 2459 834 erat
2481 776 2606 848 legi,
2630 778 2681 830 in
2700 790 2808 845 quo
2827 792 2922 844 per
2945 790 3167 830 carnem
3188 774 3591 832 inﬂrtnabatnr.

1993 870 2133 926 Deus
2161 870 2357 926 Filium
2382 884 2539 925 suum
2569 868 2793 923 mittens
2844 868 2897 920 in
2954 863 3372 920 similitudinem
3412 867 3596 919 carnis

1990 962 2224 1033 peccati,
2272 971 2325 1015 et
2353 976 2451 1031 pro
2488 971 2731 1029 peccato,
2763 958 3046 1013 damnavit
3099 958 3152 1011 in
3196 971 3363 1011 carne
3403 969 3594 1025 pecca-

1993 1064 2102 1108 tum
2137 1051 2585 1120 ;utjusti[lcatio
2617 1050 2750 1121 legis
2799 1048 3117 1119 impleretur
3170 1049 3229 1102 in
3278 1046 3459 1113 nobis,
3498 1046 3591 1116 qui

1990 1163 2098 1203 non
2141 1145 2440 1201 secundum
2476 1159 2697 1201 carnem
2748 1142 3112 1209 ambulamus,
3168 1141 3260 1197 sed
3292 1140 3591 1196 secundum

1988 1238 2237 1307 spiritum
2264 1238 2307 1293 ⁷.
2343 1256 2361 1289 ι

2060 1329 2497 1391 Animadvertite
2548 1328 2820 1399 quomodo
2851 1342 2947 1397 per
2988 1328 3105 1381 haec
3157 1326 3377 1381 illorum
3433 1324 3601 1380 solvit-

1987 1420 2398 1478 obscuritatem.
2440 1439 2458 1473 ι
2498 1420 2663 1487 Deus,
2699 1420 2896 1489 inquit,
2947 1417 3143 1472 Filium
3178 1432 3336 1472 suum
3370 1417 3596 1471 mittens

1990 1514 2044 1567 in
2072 1512 2486 1568 similitudinem
2517 1512 2702 1568 carnis
2746 1510 2951 1580 peccati
2992 1527 3005 1563 :
3052 1530 3071 1563 ι
3112 1525 3218 1563 non
3272 1509 3597 1577 simpliciter

1988 1603 2143 1669 dixit,
2180 1603 2234 1657 in
2260 1601 2672 1658 similitudinem
2697 1602 2903 1664 carnis,
2942 1613 3135 1668 nempe
3187 1607 3246 1652 ut
3300 1599 3591 1667 impiornm

1987 1693 2301 1764 dogmatum
2356 1692 2756 1764 blasphemiam
2794 1692 3126 1760 dissiparet;
3160 1690 3362 1745 etenim
3410 1691 3594 1741 omnia

1988 1783 2247 1853 praevidet
2272 1783 2448 1854 gratia
2476 1783 2746 1853 Spiritus;
2770 1781 2887 1847 sed,
2912 1801 2929 1833 ι
2955 1782 3008 1836 in
3034 1780 3451 1835 similitudinem
3474 1795 3602 1833 car-

1987 1877 2073 1931 nis
2097 1877 2330 1945 peccati,
2374 1894 2395 1928 ι
2454 1884 2513 1927 ιιι
2564 1872 2951 1942 intelligamus,
2978 1871 3302 1927 vocabulum
3354 1890 3372 1923 ι
3405 1870 3594 1931 simili-

285 1966 413 2031 τίας
458 1968 806 2040 ἀπηλλάχθαι
838 1970 932 2023 τὸν
978 1970 1247 2042 ἡμέτερον
1291 1971 1545 2053 Σωτῆρα,
1598 1971 1873 2028 τέθεικεν”

1990 1966 2115 2021 tudo
2162 1984 2182 2018 ›
2217 1966 2284 2021 ab
2308 1979 2373 2020 eo
2392 1966 2649 2035 positum,
2683 1963 2810 2032 quia
2852 1973 3081 2033 peccato
3133 1964 3281 2019 omni
3334 1963 3597 2024 Servatur

284 2058 578 2131 ἄνθρωπος
626 2060 735 2129 γὰρ
781 2063 1073 2132 γενόμενος
1119 2062 1217 2134 τὴν
1266 2062 1427 2133 φύσιν
1461 2064 1559 2134 (2),
1593 2064 1737 2117 κατά
1782 2066 1882 2136 τὴν

282 2150 569 2222 ἁμαρτίαν
605 2153 828 2221 γέγονεν
863 2153 1186 2225 ἄνθρωπος·
1219 2156 1301 2209 διὸ
1324 2158 1380 2209 ὲν
1406 2155 1714 2228 ὁμοιώματι
1750 2174 1881 2229 σαρ-

284 2243 385 2307 κὸς
416 2246 692 2315 ἁμαρτίας
723 2246 1015 2318 κατέκρινε
1048 2248 1149 2317 τὴν
1175 2248 1452 2320 ἁμαρτίαν
1487 2251 1546 2303 ἐν
1572 2254 1639 2322 τῇ
1677 2251 1841 2321 σαρκί
1864 2268 1877 2281 ο

280 2336 633 2407 ἀνθρωπείαν
668 2340 766 2409 μὲν
806 2340 969 2409 φύσιν
1017 2340 1329 2409 ἀναλαϐὼν,
1363 2341 1463 2413 τῆς
1491 2341 1549 2395 δὲ
1584 2342 1881 2415 τυραννού-

284 2440 390 2500 σης
420 2432 477 2481 ὲν
506 2433 617 2494 τοῖς
646 2430 957 2502 ἀνθρώποις
991 2433 1267 2504 ἁμαρτίας
1292 2433 1384 2486 τὸν
1424 2433 1587 2502 ζυγὸν
1620 2436 1696 2505 μὴ
1723 2435 1879 2500 δεξά-

284 2536 473 2590 μενος,
521 2521 658 2577 ἀλλά
698 2526 882 2577 πᾶσαν
931 2524 1134 2595 ταύτης
1180 2524 1495 2597 ἀπορρίψας
1545 2527 1644 2598 τὴν
1688 2527 1883 2582 δεσπο-

279 2609 457 2677 τείαν,
494 2610 601 2663 -καὶ
629 2610 830 2677 δείξας,
866 2612 959 2692 ὡς.
979 2612 1206 2666 δυνατὸν
1251 2614 1308 2667 ὲν
1353 2613 1673 2686 ἀνθρωπεία
1720 2615 1880 2685 φύσει

280 2700 394 2754 τῶν
421 2702 522 2772 τῆς
564 2704 840 2775 ἁμαρτίας
874 2705 1261 2775 περιγενέσθαι
1296 2705 1468 2777 βελῶν
1489 2724 1501 2737 ·
1536 2707 1709 2773 οὕτως
1742 2727 1879 2764 κατ-

279 2792 473 2864 έκρινε
504 2794 605 2867 τὴν
647 2795 927 2867 ἁμαρτίαν
971 2798 1030 2848 ὲν
1055 2800 1121 2870 τῇ
1156 2798 1343 2868 σαρκὶ,
1374 2798 1433 2851 τὸ
1455 2799 1680 2863 ἀσθενὲς
1707 2800 1880 2871 αὐτῆς

281 2884 537 2955 ἐλέγξας,
574 2888 668 2941 καὶ
701 2890 802 2958 τὴν
832 2890 1122 2961 τυραννίδα
1158 2890 1394 2957 παύσας,
1424 2892 1519 2946 καὶ
1547 2895 1704 2965 νικᾷν
1736 2893 1880 2947 οὕτω

277 2979 411 3041 τοὺς
440 2978 762 3051 ἀνθρώπους
792 2981 1047 3048 διδάξας’
1090 2982 1171 3035 διὸ
1219 2984 1501 3055 ἐπήγαγεν
1541 2986 1568 3038 ὁ
1607 2985 1877 3057 μακάριος

282 3070 521 3137 Παῦλος,
543 3073 660 3125 Ἵνα
684 3073 744 3126 τὸ
768 3073 1043 3145 δικαίωμα
1059 3074 1153 3128 τοῦ
1179 3076 1347 3147 νόμον
1377 3076 1641 3149 πληρωθῇ
1666 3079 1724 3131 ὲν
1746 3080 1881 3150 ἡμῖν

279 3165 397 3227 τοῖς
431 3163 507 3235 μὴ
553 3164 697 3220 κατά
743 3166 923 3239 σάρκα
951 3166 1047 3221 τοῦ
1082 3168 1250 3239 νόμου
1293 3170 1712 3239 περιπατοῦσιν,
1743 3170 1881 3226 ἀλλά

282 3255 429 3309 κατά
461 3254 699 3327 πνεῦμα.
748 3256 959 3312 Οὐκοῦν
1008 3257 1429 3331 ἐδικαιώθημεν,
1464 3261 1562 3331 τῆς
1605 3262 1880 3332 ἁμαρτίας

279 3350 344 3402 ὲν
374 3349 540 3419 σαρκὶ
573 3350 1034 3421 κατακριθείσης·
1073 3351 1366 3422 κατέκρινε
1396 3353 1452 3406 δὲ
1482 3354 1540 3407 ἐν
1588 3354 1754 3425 σαρκὶ
1779 3356 1880 3426 τὴν

282 3439 583 3509 ἁμαρτίαν,
620 3440 677 3492 ἐν
706 3438 1015 3510 ὁμοιώματι
1046 3441 1251 3512 σαρκὸς
1282 3444 1558 3515 ἁμαρτίας
1589 3446 1881 3516 γενόμενος

280 3532 314 3584 ὁ
357 3530 549 3602 Σωτὴρ
596 3533 625 3584 ὁ
668 3532 969 3603 ἡμέτερος·
1012 3533 1112 3606 τὴν
1162 3538 1261 3607 μὲν
1310 3538 1663 3607 ἀνθρωπείαν
1718 3540 1881 3609 φύσιν

283 3622 591 3690 ἀναλαϐὼν,
621 3625 722 3697 τὴν
760 3622 817 3696 δὲ
848 3627 1017 3681 πάλαι
1044 3629 1251 3701 ταύτης
1278 3630 1648 3697 δεσπόζουσαν
1682 3633 1757 3705 μὴ
1782 3651 1882 3687 κα-

281 3706 647 3786 ταδεξάμενος
697 3718 994 3789 ἁμαρτίαν.
1042 3721 1229 3786 Οὕτως
1262 3724 1290 3775 ὁ
1332 3723 1619 3789 θεσπέσιος
1669 3726 1881 3792 Παῦλος

285 3806 345 3858 ὲν
391 3806 594 3874 ὀλίγοις
644 3810 885 3879 ῥήμασιν
920 3811 1068 3865 ἅπαν
1116 3812 1227 3866 τῶν
1259 3816 1551 3885 αίρετικῶν
1584 3817 1645 3871 τὸ
1692 3819 1880 3888 στίφος

284 3898 560 3965 διέλυσεν,
624 3902 835 3973 Ἀρείου
902 3903 1001 3974 μὲν
1056 3905 1153 3959 καὶ
1205 3907 1473 3979 Εύνομίου
1524 3910 1625 3982 τὴν
1683 3912 1880 3983 μανίαν

283 3988 532 4058 ἰλέγξας,
579 3993 636 4045 ὲν
670 3995 735 4063 τῇ
787 3993 897 4047 τῶν
933 3998 1350 4068 προειρημένων
1396 4000 1661 4071 ῥημάτων
1694 4005 1837 4076 ἀρχῇ
1862 4023 1877 4035 ·

290 4101 307 4133 ι
353 4080 521 4135 Τοῦτο
567 4083 677 4152 γάρ
722 4084 1029 4155 φρονείσθω
1078 4090 1137 4141 ὲν
1185 4090 1334 4160 ὑμῖν,
1371 4091 1399 4143 ὃ
1443 4094 1537 4145 καὶ
1569 4094 1628 4148 ὲν
1656 4094 1880 4168 Χριστῷ

296 4172 496 4243 Ἰησοῦ,
534 4174 592 4236 ὃς
644 4178 701 4228 ὲν
735 4180 918 4249 μορφῇ
959 4177 1094 4232 Θεοῦ
1122 4180 1405 4253 ὑπάρχων,
1450 4185 1547 4255 οὐχ
1578 4188 1875 4257 ἁρπαγμὸν

285 4267 534 4337 ἡγήσατο
559 4267 619 4320 τὸ
635 4263 775 4322 εἶναι
808 4271 899 4325 ίσα
923 4271 1066 4343 Θεῷ,
1094 4273 1210 4326 ἀλλ’
1241 4275 1437 4330 ἑαυτὸν
1464 4278 1725 4345 ὲκένωσε,
1748 4299 1879 4353 μορ-

285 4356 393 4424 φὴν
422 4356 609 4409 δούλου
650 4358 853 4418 λαϐών.
905 4380 926 4416 ι
972 4364 1046 4416 Oti
1069 4363 1180 4435 γὰρ
1226 4361 1401 4433 εἶπεν,
1435 4370 1493 4420 ὲν
1527 4375 1709 4443 μορφῇ
1742 4373 1878 4427 Θεοῦ

284 4450 598 4521 γενόμενος,
631 4452 770 4517 ἀλλ’,
806 4471 824 4505 ι
869 4455 928 4508 ὲν
963 4461 1146 4530 μορφῇ
1178 4458 1316 4513 Θεοῦ
1365 4462 1649 4533 ὑπάρχων.
1691 4486 1708 4516 ι
1745 4468 1880 4523 Ούδὲ

285 4541 439 4596 εἶπεν
467 4545 578 4616 Οὐχ
617 4546 913 4617 ἁρπαγμὸν
940 4550 1191 4622 ,ἡγήσατο
1234 4552 1294 4605 τὸ
1332 4551 1471 4609 εἶναι
1528 4559 1619 4611 ίσα
1664 4560 1873 4632 ἑαυτῷ,

1908 3306 1951 3364 C

1985 2069 2173 2115 noster
2206 2058 2404 2113 caruit.
2430 2056 2603 2112 Homo
2632 2059 2777 2112 enim
2802 2066 2998 2111 natura
3041 2056 3237 2123 factus,
3294 2057 3593 2110 secnmlmn

1984 2158 2271 2221 peccatum
2318 2148 2498 2204 {actus
2556 2158 2641 2203 est
2694 2148 2882 2205 homo.
2940 2146 3066 2202 Ideo
3117 2148 3170 2202 in
3231 2147 3595 2201 similitudine

1986 2242 2169 2298 carnis
2194 2241 2404 2311 peccati
2428 2240 2705 2296 damnavit
2738 2240 2794 2293 in
2830 2253 2993 2294 carne
3022 2248 3306 2308 peccatum
3346 2259 3359 2293 :
3403 2240 3594 2293 huma-

1985 2353 2110 2392 nam
2162 2336 2381 2407 quidem
2436 2344 2687 2389 naturam
2739 2348 3051 2399 assumens,
3090 2344 3333 2388 attamen
3377 2334 3592 2405 tyranni

1985 2429 2268 2484 hominum
2322 2427 2537 2497 peccati
2575 2426 2767 2497 jugum
2823 2441 2930 2480 non
2971 2425 3218 2488 subiens,
3280 2424 3379 2478 sed
3434 2422 3595 2491 hujus

1984 2535 2199 2577 omnem
2224 2519 2559 2576 dominatum
2598 2532 2882 2589 respuens,
2925 2516 3429 2586 demonstransqne
3472 2515 3590 2571 ﬁeri

1984 2630 2143 2686 posse
2181 2624 2241 2668 nt
2282 2614 2336 2667 in
2391 2614 2629 2667 humana
2668 2620 2863 2666 natura
2924 2611 3133 2681 peccati
3189 2611 3293 2665 tela
3334 2612 3587 2665 vitemus.

1986 2708 2079 2763 Sic
2110 2705 2393 2761 damnavit
2421 2705 2474 2759 in
2512 2720 2681 2760 carne
2706 2714 3014 2771 peccatum,
3072 2703 3411 2759 debilitatem
3444 2701 3589 2771 ejus-

1986 2798 2106 2855 dem
2127 2812 2450 2868 coarguens,
2484 2798 2831 2869 tyrannidem
2876 2796 3161 2861 cohibens,
3200 2805 3366 2865 atque
3417 2796 3487 2849 ita
3524 2796 3591 2849 ad

1986 2890 2271 2945 victoriam
2317 2889 2567 2945 homines
2618 2889 2899 2944 erudiens.
2953 2888 3079 2945 ltleo
3139 2888 3351 2944 addidit
3399 2888 3589 2942 beatus

1986 2981 2222 3039 Paulus:
2256 2982 2821 3054 Utjustilicatiolegis
2843 2983 3162 3051 impleretur
3203 2983 3254 3035 in
3285 2981 3462 3045 nobis,
3494 2982 3586 3051 qui

1985 3091 2093 3133 non
2132 3077 2431 3131 secundum
2474 3090 2695 3131 carnem
2747 3077 3119 3141 ambulamus,
3142 3075 3238 3130 sed
3286 3074 3589 3130 secundum

1986 3167 2261 3237 spiritum.
2314 3166 2458 3235 Ergo
2500 3167 2702 3221 fuimus
2744 3166 3054 3236 iustiﬁcati,
3088 3174 3313 3237 peccato
3340 3166 3393 3220 in
3422 3181 3591 3221 carne

1986 3261 2262 3315 damnato.
2297 3258 2590 3314 Damnavit
2637 3268 2817 3314 autem
2865 3260 2917 3313 in
2948 3273 3112 3314 carne
3136 3268 3445 3329 pet-catum,
3468 3274 3590 3313 cum

1986 3351 2040 3407 in
2084 3352 2495 3407 similitudinem
2539 3353 2723 3406 carnis
2795 3352 3008 3426 peccati
3072 3350 3335 3405 Servator
3407 3360 3593 3405 noster

1985 3443 2162 3498 factus
2195 3453 2321 3510 est;
2357 3443 2651 3497 humanam
2696 3444 2913 3513 quidem
2976 3450 3229 3497 naturam
3273 3457 3588 3507 assumens,

1985 3538 2209 3592 minime
2253 3548 2432 3593 tamen
2484 3538 2776 3592 dominans
2801 3538 2850 3593 ei
2913 3545 3198 3607 peccatum
3267 3536 3586 3593 admittens.

1987 3626 2077 3683 Sic
2103 3630 2259 3684 divus
2291 3630 2492 3685 Paulus
2536 3630 2717 3685 verbis
2755 3630 2945 3699 paucis
2997 3628 3316 3683 universum
3366 3628 3588 3685 haereti-

1984 3735 2171 3774 corum
2222 3735 2419 3790 agmen
2453 3720 2775 3792 proﬂigavit,
2834 3723 3001 3794 813
3030 3740 3101 3777 m.
3139 3721 3255 3777 Arii
3290 3722 3479 3791 utique
3535 3735 3591 3777 et

1986 3810 2234 3864 Eunomii
2269 3811 2540 3865 insaniam
2579 3812 2828 3867 refutans
2873 3816 3259 3882 praedictorum
3297 3816 3588 3869 verborum

1986 3902 2143 3957 initio
2176 3921 2189 3958 :
2226 3921 2243 3954 ι
2278 3901 2389 3957 Hoc
2420 3904 2566 3959 enim
2598 3906 2798 3960 sentite
2819 3906 2869 3960 in
2903 3908 3057 3963 vobis
3083 3909 3225 3977 quol
3261 3918 3314 3961 et
3349 3908 3400 3961 in
3429 3906 3589 3963 Citri-

1984 4002 2068 4047 sto
2111 3990 2261 4058 .lesu,
2297 3993 2536 4062 quicum
2574 3994 2624 4047 in
2661 3992 2834 4049 forma
2865 3995 2957 4050 Dei
2992 4006 3158 4063 esset,
3186 4013 3290 4052 non
3338 4000 3586 4067 rapinam

1983 4086 2281 4140 arbitratus
2299 4095 2385 4142 est
2412 4102 2535 4142 esse
2561 4102 2621 4143 se
2646 4087 2912 4157 aequalem
2943 4089 3071 4155 Deo,
3100 4090 3194 4144 sed
3226 4091 3583 4159 semetipsum

1983 4174 2306 4239 exinanivit,
2358 4175 2592 4229 formam
2648 4175 2790 4231 servi
2850 4176 3149 4245 accipiens.
3194 4195 3212 4227 ι
3271 4173 3387 4229 Non
3439 4175 3585 4231 enim

1984 4268 2138 4333 dixit,
2178 4266 2230 4321 in
2269 4265 2443 4321 forma
2472 4267 2565 4321 Dei
2588 4266 2781 4335 factus,
2816 4268 2932 4332 sed,
2975 4285 2994 4318 ι
3033 4284 3156 4322 cunt
3185 4268 3236 4322 in
3273 4268 3448 4321 l'orma
3493 4267 3585 4323 Dei

1982 4370 2145 4415 esset.
2183 4377 2201 4410 ι
2248 4356 2437 4429 Neque
2477 4360 2605 4414 item
2646 4360 2784 4414 dixit
2816 4377 2829 4415 :
2856 4357 2973 4415 Non
3006 4360 3251 4430 rapinam
3286 4360 3590 4415 arbitratus

1984 4460 2066 4506 est
2090 4465 2211 4506 esse
2233 4466 2292 4506 sc
2309 4451 2576 4521 aequalem
2600 4451 2819 4507 sibimet
2842 4463 2936 4506 aut
2956 4452 3184 4523 angelis,
3204 4463 3297 4505 aut
3319 4452 3586 4522 mqnztlem

1981 4554 2269 4607 creaturae,
2316 4544 2413 4598 sed
2464 4544 2729 4613 aequalem
2795 4544 2933 4599 dixit
3003 4545 3111 4599 Deo
3168 4543 3317 4598 Patri
3376 4543 3469 4613 qui
3530 4560 3591 4596 se

284 4636 318 4705 ἦ
347 4634 435 4689 ίσα
468 4637 741 4705 ἀγγέλοις,
776 4639 808 4709 ἢ
840 4640 928 4693 ἴσα
958 4646 1023 4715 τῇ
1064 4645 1261 4711 κτίσει,
1285 4647 1401 4701 ἀλλ’
1449 4651 1559 4715 ἴσα,
1594 4651 1719 4723 ἔφη,
1761 4654 1880 4724 Θεῷ

1990 4645 2267 4707 genuerat,
2287 4634 2459 4701 Patri,
2496 4636 2740 4704 inquam,
2768 4635 2978 4704 absque
3009 4637 3297 4706 principio,
3322 4635 3588 4707 ingenito.

285 4728 364 4799 τῷ
391 4729 587 4801 Πατρὶ,
621 4731 700 4802 τῷ
729 4735 1072 4804 γεννήσαντι,
1101 4737 1345 4812 ἀνάρχῳ,
1373 4741 1450 4813 τῷ
1480 4745 1781 4816 ἀγεννήτῳ,
1800 4748 1877 4819 τῷ

286 4820 601 4891 ἀπεράντῳ,
632 4822 710 4893 τῷ
748 4824 854 4877 τῶν
883 4825 1019 4880 ὁλων
1051 4829 1319 4903 Δεσπότῃ.

362 4913 581 4983 ’Λρειος
609 4914 707 4984 μὲν
731 4911 823 4969 οὖν
848 4918 942 4971 καὶ
970 4918 1238 4991 Εὑνόμιος
1265 4925 1343 4995 (5)
1378 4926 1596 4997 ἰσχυρὸν
1627 4929 1875 4983 ἐντεῦθεν

288 5004 538 5071 ἐδέξαντο
565 5010 663 5077 τῆς
694 5009 898 5075 οἰκείας
925 5012 1182 5077 ἀσεϐείας
1211 5017 1300 5070 τὸν
1348 5018 1569 5091 ἔλεγχον
1588 5062 1601 5085 ,
1635 5023 1726 5075 καὶ
1773 5024 1877 5077 Σα-

289 5095 497 5160 σέλλιος
520 5097 577 5150 δὲ
605 5099 700 5152 καὶ
724 5101 1046 5173 Μάρκελλος
1076 5108 1171 5160 καὶ
1201 5110 1488 5177 Φωτεινὸς,
1523 5115 1572 5166 οί
1602 5115 1703 5177 τάς
1728 5120 1880 5186 τρεῖς

290 5189 617 5279 ὑποστάσεις
666 5195 1013 5266 ἀρνούμενοι,
1046 5202 1143 5255 καὶ
1188 5202 1290 5267 τὰς
1330 5206 1429 5275 τῆς
1462 5205 1715 5279 θεότητος
1750 5228 1881 5279 σύγ-

290 5278 504 5348 χέοντες
535 5282 825 5353 ἰδιότητας,
856 5289 1108 5344 ἐντεῦθεν
1140 5290 1586 5365 βλασφημοῦντες
1634 5278 1882 5370 ἐλέγχονυ

289 5389 415 5464 ταις
450 5374 636 5447 ἕτερος
678 5378 787 5451 γὰρ
836 5383 979 5436 κατὰ
1018 5383 1118 5455 τὴν
1169 5386 1465 5440 ὑπόστασιν
1514 5392 1541 5441 ὁ
1592 5390 1649 5443 ὲν
1697 5394 1881 5464 μορφῇ

290 5462 426 5517 Θεοῦ
452 5464 733 5537 ὑπάρχων,
763 5473 856 5524 καὶ
887 5474 1071 5545 ἕτερος
1094 5478 1301 5541 ἐκεῖνος
1328 5474 1388 5534 οὗ
1416 5481 1474 5533 ὲν
1503 5486 1687 5553 μορφῇ
1714 5462 1891 5556 stag;

363 5628 381 5656 ’
425 5628 581 5682 lium.
612 5646 731 5694 vm,
766 5632 819 5697 5,
854 5633 908 5689 4.

366 5790 443 5858 (ι)
473 5789 703 5862 Δ[ιιιεξοείι
722 5787 982 5862 Cyrillum
1008 5791 1059 5846 in
1082 5795 1490 5850 Conmentariis
1512 5796 1623 5851 suis
1646 5796 1711 5849 ad
1737 5796 1879 5852 hunc

294 5858 439 5913 Pauli
471 5860 642 5915 locum
674 5858 812 5930 apud
841 5878 959 5917 nos.

363 5931 441 5999 (’2)
484 5930 635 5987 lland
679 5932 790 5986 scio
836 5950 900 5987 an
946 5932 1029 5987 hir
1079 5934 1469 6004 interponenda
1518 5940 1585 5993 sit
1631 5939 1879 6008 negativa

1987 4728 2220 4791 inﬁnito,
2258 4742 2438 4781 rerum
2481 4727 2726 4781 onmium
2768 4726 3019 4781 Domino.

2061 4929 2226 4984 Arius
2270 4930 2434 4999 igitur
2486 4937 2651 4998 atque
2678 4926 2981 4982 Eunomius
3008 4926 3242 4981 validam
3284 4927 3411 4981 hinc
3461 4940 3587 4995 per-

1987 5023 2228 5078 tulerunt
2256 5022 2557 5092 impietatis
2582 5036 2694 5077 sua:
2738 5020 3180 5091 redargutionem
3212 5038 3224 5073 :
3254 5020 3587 5089 insuperque

1988 5113 2259 5171 Sabellius
2279 5123 2334 5169 et
2361 5113 2650 5170 Marcellus
2684 5123 2848 5183 atque
2885 5112 3175 5175 Photinus,
3239 5112 3332 5181 qui
3382 5123 3583 5182 negant

1984 5215 2094 5261 tres
2133 5207 2477 5276 hypostases,
2501 5213 2557 5259 et
2578 5203 2798 5259 deitatis
2820 5204 3162 5259 confundunt
3186 5203 3576 5273 proprietates.

1983 5288 2435 5368 hinc‘blasphemi
2486 5304 2881 5367 coarguuntur.
2916 5296 3071 5352 Alius
3100 5306 3185 5351 est
3207 5296 3352 5351 enim
3388 5310 3586 5351 secun-

1982 5394 2107 5445 dum
2132 5389 2469 5461 hypostasim
2500 5390 2588 5443 ille
2620 5392 2711 5459 qui
2751 5391 2802 5443 in
2860 5388 3029 5443 forma
3067 5387 3159 5443 Dei
3194 5398 3334 5452 erat,
3366 5400 3421 5443 et
3444 5389 3584 5445 alius

1982 5484 2070 5539 ille
2104 5482 2258 5553 cujus
2292 5486 2343 5539 in
2375 5484 2548 5539 forma
2572 5495 2689 5538 erat
2716 5504 2729 5539 :
2760 5496 2814 5539 et
2860 5485 3001 5539 alius
3041 5498 3229 5539 rursus
3285 5482 3375 5551 qui
3428 5485 3581 5554 rapio

1988 5797 2250 5867 particula
2280 5798 2364 5864 οὐ,
2392 5813 2517 5852 non.

2063 5868 2139 5936 (3)
2185 5869 2240 5923 In
2287 5871 2387 5922 hoc
2427 5879 2480 5923 et
2522 5881 2783 5939 sequente
2822 5875 3083 5941 Opnsculo
3126 5872 3329 5926 nnllnm
3372 5872 3584 5931 lucreti-

1990 5954 2112 5993 cntn
2150 5942 2512 5995 recentiorem
2547 5942 2813 5998 Eunomia
2848 5945 3090 5999 nominat
3119 5944 3375 6015 llyrillus.
