3926 6502
443 476 580 534 “Si

1469 474 1527 531 S.
1560 469 1833 531 CYRlLLl
1870 465 2343 527 ALEXANDle
2392 464 2713 524 ARCHIEP.

3568 458 3681 515 113!

442 609 570 649 nam
593 608 699 649 non
720 593 1090 649 arbitrabatur
1103 607 1224 650 esse
1246 607 1305 649 se
1334 592 1590 663 aqualem
1623 591 1755 656 Deo,
1784 600 1840 646 et
1878 588 2009 644 aliut

2119 605 2203 659 χει
2224 605 2236 618 σ
2275 586 2369 640 καὶ
2396 587 2555 651 ἄλλος
2581 586 2742 641 πάλιν
2770 586 2799 640 ὁ
2830 584 2906 657 μὴ
2938 579 3256 676 ἁρπαγμὸν
3284 574 3688 676 ignei“.

444 682 535 741 ille
556 685 641 738 cui
665 683 1005 755 estzqualis,
1028 686 1121 740 sed
1147 701 1250 741 non
1274 686 1375 741 sibi
1404 684 1765 753 aequalitatem
1784 697 1905 737 cum
1925 680 2014 735 illo

443 775 642 843 rapuit.
680 771 945 831 Praeterea
985 775 1074 831 ille
1129 777 1295 832 etiam
1353 775 1471 830 falsi
1514 775 1753 831 nominis
1789 772 2010 837 Paulus,

442 861 534 930 qui
578 861 883 918 Senatorio
933 874 1057 920 ante
1106 864 1298 920 saecula
1340 862 1744 935 generationem
1778 861 2011 932 negavit,

440 949 721 1007 Iudaicam
789 955 1109 1010 sententiam
1158 956 1367 1021 fovens,
1421 965 1477 1010 et
1514 956 1583 1011 de
1635 954 1852 1023 Virgine
1898 961 2015 1005 tan-

444 1042 720 1096 tummodo
750 1053 934 1097 natum
965 1044 1245 1100 confessus
1268 1054 1375 1108 est,
1423 1060 1487 1098 ex
1534 1044 1617 1098 his
1660 1043 1793 1112 ipsis
1836 1041 2016 1097 verbis

444 1130 658 1199 dignam
706 1134 985 1201 impietate
1028 1150 1124 1189 sua
1173 1137 1315 1205 capit
1356 1136 1731 1203 ignominiam.
1784 1135 2017 1188 nocetur

442 1221 587 1276 enim
618 1223 745 1279 hinc
773 1238 801 1276 a
826 1223 949 1279 divo
975 1220 1142 1281 Paulo
1167 1237 1225 1281 et
1250 1228 1341 1281 Dei
1384 1225 1615 1281 Verbum
1644 1226 1787 1296 quod
1829 1239 2014 1279 susce-

442 1312 541 1381 pit.
573 1324 626 1369 et
657 1315 947 1370 humanam
982 1330 1286 1388 susceptam
1341 1328 1610 1385 naturam,
1652 1327 1707 1373 et
1748 1318 2014 1389 ρεπειεὶ-

442 1414 670 1459 stentem
693 1406 783 1462 Dei
803 1408 1055 1471 formam,
1072 1421 1126 1466 et
1148 1411 1200 1464 in
1220 1411 1324 1465 line
1340 1412 1660 1467 saculorum
1681 1421 2011 1481 assumptum

442 1495 510 1549 ab
537 1500 727 1552 eadem
774 1500 914 1555 servi
968 1498 1224 1556 formam.
1278 1504 1506 1558 Docetur
1559 1503 1761 1572 pariter
1813 1500 2009 1570 Apolli-

440 1589 589 1643 naris
627 1605 748 1644 cum
790 1590 921 1648 Ario
943 1602 1105 1664 atque
1134 1594 1422 1660 Eunomia,
1472 1595 1615 1664 quod
1673 1607 2009 1663 nequaquam

441 1681 584 1736 Deus
630 1682 889 1749 Verbum,
938 1687 1081 1754 quod
1128 1697 1210 1741 est
1259 1687 1617 1751 immutabile,
1680 1687 1732 1739 in
1791 1698 2011 1739 carnem

441 1771 606 1826 fuerit
679 1774 1046 1840 immutatum,
1097 1776 1189 1830 sed
1258 1777 1402 1845 quod
1458 1789 1638 1830 nostra
1707 1776 2009 1829 substantia

2117 674 2256 732 εἶναι
2303 678 2395 730 ῐσα
2436 677 2575 748 θεῷ,
2614 679 2741 747 παρ’
2790 678 3003 730 ἐκεῖνον
3034 670 3105 730 οὗ
3135 676 3251 737 ἶσος
3300 671 3546 739 ὑπάρχει.

2118 769 2217 839 οὐχ
2248 770 2499 839 ἥρπασεν
2530 769 2629 839 τὴν
2671 766 2806 838 πρὸς
2850 765 3019 820 αὑτὸν
3053 764 3299 834 ίσότητα.
3342 759 3486 830 Πρὸς
3511 757 3567 809 δὲ
3594 755 3686 806 τού-

2115 880 2228 926 τοις
2275 860 2797 932 καὶόψευδώνυμος
2840 857 3059 921 Παῦλος
3104 856 3207 925 (1),
3256 851 3414 922 ὀπὴν
3466 851 3565 919 μὲν
3605 847 3690 913 ’.τρο

2116 955 2326 1010 αἰώνων
2354 953 2613 1025 γέννησιν
2635 952 2728 1006 τοῦ
2755 952 3007 1022 Σωτῆρος
3032 949 3400 1020 ἀρνούμενος,
3435 937 3695 1004 Ἰουδαᾶῷ

2116 1048 2173 1102 δὲ
2201 1046 2542 1117 κεχρημένος
2576 1046 2903 1114 φρονήματι.
2935 1042 3032 1094 καὶ
3076 1038 3178 1109 τὴν
3207 1040 3274 1089 ὲκ
3306 1032 3592 1102 Παρθένου
3618 1031 3697 1098 μό-

2116 1156 2213 1208 νην
2230 1138 2530 1208 ὁμολογῶν,
2553 1138 2616 1188 ὲκ
2638 1136 2745 1187 τῶν
2771 1134 2952 1187 αὐτῶν
2976 1131 3186 1185 τούτων
3204 1130 3408 1196 λόγων.
3437 1125 3539 1196 τὴν
3558 1121 3700 1186 ἁξὶαν

2116 1233 2215 1302 τῆς
2264 1229 2519 1293 ἀσεόείας
2563 1227 2823 1299 αἰσχύνην
2869 1225 3211 1297 καρποῦται’
3249 1221 3578 1274 διδάσκεται
3606 1217 3703 1286 γὰρ

2118 1324 2221 1377 ὑπὸ
2246 1322 2340 1376 τοῦ
2384 1321 2529 1375 θείου
2576 1320 2791 1373 Παύλου
2830 1319 2921 1371 τὸν
2948 1316 3183 1370 λαϐόντα
3211 1313 3349 1368 Θεὸν
3385 1312 3590 1379 Λόγον.
3622 1308 3706 1361 καὶ

2116 1418 2213 1485 τὴν
2240 1415 2587 1485 ἀνθρωπείαν
2620 1413 2779 1483 φύσιν
2811 1412 2908 1481 τὴν
2936 1410 3255 1481 ληφθεῖσαν,
3290 1406 3397 1477 τὴν
3433 1404 3706 1472 cepas-as?

2116 1526 2313 1580 χουσαν
2336 1507 2548 1579 μορφὴν
2571 1505 2663 1558 τοῦ
2693 1504 2852 1569 Θεοῦ,
2879 1504 2974 1556 καὶ
3002 1504 3059 1554 ὲν
3084 1501 3161 1569 τῷ
3183 1498 3334 1552 τέλει
3359 1497 3481 1551 τῶν
3500 1496 3705 1549 αἰώνων

2118 1599 2557 1671 προσληφθεῖσαν
2595 1597 2688 1649 ἀπ’
2735 1594 2949 1664 ἐκείνης
2995 1591 3184 1644 δούλου
3244 1589 3495 1659 μορφήν.
3556 1586 3707 1638 Διδα-

2120 1710 2314 1747 σκεται
2341 1692 2397 1745 δὲ
2433 1689 2595 1744 πάλιν
2637 1685 3008 1754 Ἀπολινάριος
3040 1684 3135 1735 σῦν
3182 1679 3386 1749 ’Δρείῳ
3420 1677 3519 1731 καὶ
3554 1675 3708 1729 Εὐνο-

2120 1786 2246 1857 μίῳ,
2275 1784 2351 1847 ὡς
2395 1783 2492 1853 ούχ
2522 1782 2550 1832 ὁ
2597 1778 2730 1842 Θεὸς
2772 1778 2945 1844 Λόγος
2982 1777 3010 1827 ὁ
3053 1776 3347 1844 ἄτρεπτος,
3394 1772 3479 1833 εἰς
3514 1767 3709 1840 σαρκὸς

442 1878 754 1935 assumpta,
802 1866 1029 1921 salutem
1093 1876 1332 1922 nostram
1370 1868 1442 1924 sit
1489 1874 1792 1937 operatum.
1842 1866 2009 1919 Porro

442 1957 686 1979 --__-_g__-
754 1958 907 1979 42-..-
970 1958 1458 1979 ..-A__-._-_-,_-_-
1566 1957 1792 1979 huc---
1869 1958 2008 1979 -.-ηε

2116 1878 2279 1946 φύσιν
2305 1874 2539 1943 ἐτράπη,
2572 1872 2708 1924 ἀλλὰ
2735 1870 2833 1940 τὴν
2862 1866 3139 1938 ἡμετέραν
3168 1863 3469 1918 ἀναλαϐὼν
3499 1860 3705 1917 οὐσίαν,

2156 1972 2165 1979 .
2253 1972 2265 1979 .
2397 1968 2409 1979 .
2541 1968 2553 1979 .
2881 1963 2893 1975 ,
3012 1978 3020 1979 ί
3066 1977 3083 1979 Α
3138 1975 3192 1979 μ
3216 1956 3332 1979 _,___
3401 1953 3689 1979 ..__:.-;g-

440 1957 690 2025 superius
750 1958 909 2011 dictis
965 1958 1481 2023 demonstravimus,
1566 1957 1796 2011 formam
1868 1958 2009 2011 servi

439 2050 762 2117 appellatam
796 2066 915 2106 esse
951 2050 1189 2105 hominis
1236 2062 1509 2105 naturam.
1556 2048 1692 2103 Nam
1738 2050 1783 2102 si
1836 2047 2013 2103 forma

441 2139 535 2193 Dei
599 2150 683 2194 est
734 2142 1036 2196 substantia
1068 2139 1161 2194 Dei
1208 2141 1382 2211 (caret
1428 2143 1573 2197 enim
1625 2155 1809 2194 revera
1844 2140 2013 2195 forma

439 2230 607 2304 διε,
631 2249 698 2285 m.
730 2242 784 2287 et
814 2234 1003 2303 quavis
1027 2234 1207 2303 specie
1236 2232 1399 2297 Deus,
1429 2233 1519 2301 qui
1552 2243 1633 2286 est
1655 2232 1903 2299 simplex,
1938 2231 2018 2285 in-

441 2325 790 2394 compositus,
830 2336 883 2380 et
915 2327 1062 2379 omni
1099 2326 1273 2397 figura
1317 2325 1648 2395 destitutus),
1683 2325 1928 2393 sequitur
1957 2333 2017 2377 ut

438 2416 581 2470 servi
638 2418 832 2483 forma,
898 2432 1049 2487 atque
1096 2419 1237 2473 servi
1282 2418 1583 2472 substantia
1655 2415 2008 2485 intelligatur.

441 2508 595 2562 Servi
648 2519 826 2563 autem
867 2510 1193 2575 substantia,
1242 2509 1293 2563 id
1340 2519 1425 2563 est
1471 2508 1730 2572 hominis,
1778 2524 1882 2561 non
1932 2515 2015 2561 est

440 2616 637 2669 corpus
680 2602 781 2657 hoc
836 2601 1206 2655 tantummodo
1255 2600 1395 2667 quod
1451 2610 1693 2667 apparet,
1754 2600 1847 2651 sed
1903 2607 2011 2651 tota

440 2694 677 2748 hominis
720 2703 911 2746 natura
968 2709 997 2745 a
1051 2691 1408 2760 prudentibus
1459 2691 1819 2745 existimatur.
1868 2689 2013 2744 Prm-

441 2796 585 2840 terea
620 2796 673 2839 et
702 2784 772 2838 illi
809 2785 1100 2854 impietatis
1134 2783 1499 2852 antesignani,
1554 2793 1605 2837 et
1668 2782 2014 2850 blasphemia:

439 2877 701 2931 adversus
740 2885 942 2931 rectam
992 2875 1149 2931 [idem
1183 2876 1342 2945 primi
1402 2884 1675 2936 auctores,
1731 2874 1823 2942 qui
1853 2873 2011 2927 Chri-

438 2966 735 3020 stianarum
771 2968 986 3037 quidem
1040 2966 1141 3021 sibi
1184 2968 1401 3022 nomina
1458 2966 1857 3036 imposuerunt,
1919 2969 2011 3022 sed

438 3058 833 3113 idololatricum
926 3057 1271 3126 polytheismi
1352 3071 1595 3111 errorem
1661 3069 2010 3127 superarunt,

437 3152 697 3216 Marcio",
746 3152 986 3222 inquam,
1037 3158 1095 3204 et
1126 3149 1333 3213 Manes,
1384 3161 1441 3204 et
1497 3151 1676 3206 caeteri
1713 3151 2011 3220 pestilentis

436 3244 647 3297 illorum
691 3244 963 3297 cathedrae
1018 3241 1362 3297 consectanei
1417 3250 1471 3297 et
1524 3242 1798 3309 discipuli,
1833 3244 2007 3296 exliis
2036 3271 2078 3328 Ο

438 3332 567 3401 ipsis
625 3332 859 3399 Apostoli
916 3330 1093 3385 verbis
1170 3346 1322 3383 suam
1392 3331 1666 3385 vesaniam
1728 3332 1861 3384 satis
1912 3349 2005 3385 co-

437 3431 721 3493 gnoscunt.
769 3421 901 3473 Nam
938 3436 1059 3474 cum
1086 3420 1183 3488 ipsi
1217 3419 1427 3474 Domini
1463 3421 1755 3475 secundum
1791 3436 2006 3477 carnem

436 3514 775 3567 nativitatem
801 3522 854 3565 et
883 3512 1278 3565 humanitatem
1304 3528 1413 3566 non
1449 3512 1760 3568 admittant.
1784 3513 2011 3567 audiunt

434 3605 909 3675 przcclarissimnm
947 3602 1168 3656 Paulum
1200 3603 1503 3667 docentem,
1533 3605 1672 3667 quod
1715 3603 1804 3657 Dei
1839 3606 2007 3659 forma

435 3698 576 3753 servi
612 3697 841 3751 formam
866 3696 1189 3765 susceperit.
1218 3696 1371 3750 Servi
1404 3706 1581 3750 autem
1642 3697 1813 3751 forma
1868 3700 2007 3751 hami

435 3786 717 3857 phantasia
744 3785 986 3855 quaedam
1006 3795 1138 3848 erat,
1159 3798 1331 3853 neque
1356 3784 1565 3851 umbra,
1594 3802 1766 3855 neque
1790 3803 2006 3841 aereum

435 3876 805 3940 simulacrum,
842 3890 1016 3943 neque
1044 3874 1185 3929 aliud
1226 3875 1441 3943 quidvis
1473 3876 1781 3944 huiusmodi
1822 3879 2003 3946 appel-

437 3970 598 4032 latur,
631 3968 722 4021 sed
752 3968 893 4020 servi
920 3975 1129 4019 natura.

506 4060 658 4127 Quod
691 4061 734 4113 si
773 4058 1155 4126 subsequentia
1192 4059 1279 4112 illa
1312 4057 1475 4111 verba
1538 4060 1692 4114 nobis
1726 4060 2004 4129 objiciaut,

442 4173 459 4204 ι
494 4152 547 4205 in
574 4150 979 4205 similitudinem
1003 4149 1236 4203 hominis
1269 4151 1737 4216 iactus,etliabitu
1762 4154 2007 4205 inventus

437 4253 496 4297 ut
520 4248 680 4297 homo
710 4259 724 4307 ;
758 4260 777 4293 ι
808 4255 1017 4295 necnon
1054 4240 1141 4293 illa
1192 4241 1255 4295 ad
1298 4240 1572 4297 Romanos
1600 4261 1613 4297 :
1640 4261 1657 4294 t
1687 4242 1739 4296 in
1762 4242 2007 4298 similitu-

436 4334 615 4387 dinem
641 4330 822 4384 carnis
850 4331 1055 4397 peccati
1086 4330 1106 4361 ⁸
1143 4346 1158 4385 :
1210 4349 1227 4381 ι
1264 4332 1438 4401 primo
1476 4334 1688 4401 quidem
1725 4334 2002 4388 stultitiam

436 4425 672 4492 ipsorum
714 4422 1116 4475 convincemus.
1156 4420 1287 4474 Nam
1324 4422 1367 4475 si
1390 4424 1573 4487 verba,
1617 4444 1635 4474 ι
1675 4424 1727 4476 in
1756 4425 2006 4479 similitu-

435 4515 611 4569 dinem
671 4513 927 4577 hominis,
978 4525 1035 4569 et
1091 4514 1277 4568 habitu
1331 4515 1579 4569 iuventus
1630 4526 1687 4568 ut
1765 4519 1944 4584 homo,
1984 4539 2001 4569 ι

435 4606 776 4674 phantasiam
842 4606 1073 4674 aliquam
1144 4605 1433 4659 humanam
1493 4608 1775 4675 denotant,

435 4704 615 4748 autem
651 4693 844 4755 forma,
898 4705 1088 4748 natura
1141 4696 1375 4749 hominis
1426 4706 1507 4751 est
1535 4714 1549 4751 :
1581 4701 2005 4754 contradicentia

434 4789 615 4856 posuit
661 4786 971 4854 Apostolus.
1025 4787 1143 4843 Jam
1205 4789 1249 4842 si
1294 4788 1534 4858 Apostoli
1595 4796 1756 4845 verba
1787 4794 2009 4848 minime

437 4881 665 4935 invicem
683 4881 1081 4944 contradicunt,
1117 4896 1248 4936 sane
1274 4881 1554 4945 discimus,
1585 4883 1726 4936 servi
1756 4882 2007 4951 formam,

438 4974 579 5026 servi
614 4987 735 5029 esse
760 4974 1141 5028 substantiam.
1182 4973 1351 5027 Porro
1374 4974 1424 5026 in
1455 4974 1729 5028 hominum
1766 4975 2013 5029 similitu-

438 5064 618 5118 dinem
668 5061 811 5128 iieri,
849 5071 905 5117 et
957 5062 1143 5118 habitu
1188 5072 1248 5117 ut
1288 5065 1561 5119 hominem
1608 5065 1860 5131 inveniri,
1926 5068 2004 5123 sic

439 5156 800 5226 intelligemus
845 5174 862 5222 ;
914 5171 1107 5225 nempe
1175 5157 1459 5210 Dominum
1521 5168 1763 5213 nostrum
1819 5159 2002 5215 Jesum

436 5248 739 5314 Christum,
769 5254 1021 5302 naturam
1054 5257 1291 5302 nostram
1322 5249 1631 5311 habentem,
1663 5265 1766 5303 non
1800 5250 1851 5303 iu
1876 5267 2007 5305 cun-

436 5341 541 5395 ctis
592 5340 745 5396 nobis
779 5340 945 5395 fuisse
976 5340 1258 5409 mqualem.
1294 5339 1536 5409 Namque
1577 5350 1629 5394 et
1688 5343 1799 5409 ipse
1850 5355 2010 5397 natus

435 5444 519 5489 est
560 5434 629 5489 de
667 5434 913 5498 muliere,
970 5433 1065 5488 sed
1122 5433 1225 5487 alia
1279 5448 1342 5487 ac
1393 5448 1489 5488 nos
1522 5436 1730 5489 ratione
1766 5452 1781 5503 ;
1811 5438 2011 5507 quippe

434 5528 527 5594 qui
583 5527 650 5581 de
703 5525 953 5595 virginali
1008 5524 1205 5596 prodiit
1257 5523 1433 5577 vulva.
1482 5525 1547 5580 Et
1580 5526 1740 5583 homo
1794 5528 2009 5598 quidem

504 5706 528 5739 ⁸
563 5707 721 5763 Rom.
754 5724 875 5775 vni,
906 5711 959 5765 5.

510 5885 587 5950 ll)
628 5885 881 5957 lntelligit
915 5884 1133 5941 Paulum
1171 5886 1622 5945 Samosatensem.

2118 1972 2214 2042 τὴν
2243 1968 2517 2041 ἡμετέραν
2539 1963 3031 2037 ἐπραγματεύσατο
3054 1956 3352 2028 σωτηρίαν.
3401 1953 3709 2020 ’Ᾱπεὸείξα-

2121 2080 2219 2132 μεν
2265 2062 2340 2124 δὲ,
2385 2060 2450 2113 δι’
2484 2052 2560 2112 ὧν
2605 2058 2928 2127 εἰρήκαμεν,
2967 2050 3179 2123 μορφὴν
3225 2048 3423 2101 δούλου
3473 2046 3576 2117 τὴν
3618 2043 3707 2097 τοῦ

2117 2150 2404 2223 ἀνθρώπου
2434 2144 2984 2220 προσαγορευομένην
3003 2140 3185 2194 οὐσίαν
3205 2156 3218 2168 ·
3249 2139 3301 2190 εἰ
3322 2136 3437 2206 γὰρ
3468 2137 3502 2205 ἡ
3530 2134 3707 2204 μορςή

2117 2241 2210 2296 τοῦ
2244 2241 2399 2301 Θεοῦ,
2426 2238 2583 2292 οὐσία
2612 2235 2706 2289 τοῦ
2737 2234 2873 2288 Θεοῦ
2898 2250 2911 2262 ·
2935 2233 3262 2302 ἁμόρφωτον
3292 2228 3407 2298 γὰρ
3436 2229 3533 2279 καὶ
3568 2225 3705 2277 ἁνεί-

2115 2335 2233 2387 δεον
2260 2333 2319 2385 τὸ
2344 2333 2516 2385 Θεῐον·
2547 2327 2751 2383 ἁπλοῦν
2785 2326 2843 2378 δὲ
2871 2324 2965 2378 καὶ
2996 2320 3290 2375 ἀσύνθετον
3320 2320 3418 2371 καὶ
3459 2315 3705 2385 ἀσχημά-

2116 2442 2316 2486 τιστον,
2348 2423 2440 2475 καὶ
2467 2424 2499 2491 ὴ
2540 2419 2633 2473 τοῦ
2662 2417 2849 2473 δούλου
2885 2413 3067 2487 μορφὴ
3096 2412 3344 2481 δηλονότι
3394 2412 3563 2463 οὐσία
3594 2408 3704 2460 60'3-

2115 2516 2207 2569 λου
2249 2514 2470 2575 εἰκότως
2504 2514 2569 2565 ἂν
2612 2508 2864 2579 νοηθείη·
2898 2506 3055 2560 οὐσία
3083 2505 3140 2558 δὲ
3167 2502 3383 2566 δούλου,
3428 2502 3703 2555 τουτέστιν

2115 2602 2425 2674 ἀνθρώπου,
2451 2602 2512 2654 ού
2542 2600 2604 2653 τὸ
2630 2598 2954 2667 φαινόμενον
2989 2595 3147 2664 σῶμα
3184 2594 3370 2664 μόνον,
3392 2593 3536 2645 ἀλλὰ
3562 2593 3698 2644 πᾶσι
3782 2658 3805 2683 .

2114 2694 2208 2749 τοῦ
2240 2693 2526 2764 ἀνθρώπου
2555 2692 2589 2762 ἡ
2618 2690 2779 2760 φύσις
2810 2690 2961 2759 παρὰ
3004 2690 3115 2750 τοῖς
3144 2684 3529 2755 σωφρονοῦσιν
3558 2684 3697 2735 νενέ-

2119 2805 2325 2860 μισται.
2350 2785 2491 2857 Πρὸς
2516 2784 2573 2837 δὲ
2595 2782 2803 2844 τούτοις
2822 2783 2870 2833 οἱ
2895 2777 3273 2849 πρωτοστάται
3297 2775 3400 2846 τῆς
3426 2775 3698 2839 ἁσεὸείας,

2102 2882 2208 2934 καὶ
2256 2879 2458 2949 πρῶτοι
2512 2874 2611 2945 τὴν
2660 2873 3009 2945 βλασφημίαν
3060 2871 3206 2923 κατά
3260 2869 3363 2939 τῆς
3418 2866 3698 2928 εύσεὸείας

2117 2972 2535 3042 βλαστήσαντες,
2584 2965 2680 3018 καὶ
2724 2962 3068 3034 Χριστιανῶν
3116 2960 3214 3031 μὲν
3259 2961 3437 3029 ὄνομα
3486 2960 3697 3019 ἑαυτοῖς

2114 3062 2413 3123 ἐπιθέντες,
2444 3060 2626 3112 πᾶσαν
2659 3057 2715 3110 δὲ
2744 3058 2842 3126 τὴν
2870 3055 3131 3109 πολύθεον
3157 3051 3266 3106 τῶν
3295 3052 3537 3105 εἰδώλων
3570 3052 3687 3104 πλα-

2114 3170 2213 3223 νην
2242 3149 2786 3221 ύπερακοντὶσαντες,
2816 3145 3102 3214 Μαρκίων,
3148 3145 3315 3214 φημὶ,
3350 3144 3449 3195 καὶ
3486 3143 3690 3210 Μάνης,

2114 3245 2207 3296 καὶ
2236 3243 2284 3297 οἱ
2311 3244 2409 3312 τῆς
2438 3241 2688 3310 λοιμικῆς
2712 3238 2891 3292 αὐτῶν
2919 3236 3189 3308 καθέδρας
3221 3236 3423 3307 μύσται
3468 3237 3564 3289 καὶ
3592 3236 3687 3300 γεί-

2112 3348 2282 3395 τονες,
2330 3330 2397 3385 δι’
2425 3330 2603 3383 αὐτῶν
2636 3327 2844 3381 τούτων
2870 3327 2980 3380 τῶν
3030 3327 3289 3398 ῥημάτων
3347 3325 3447 3395 τὴν
3494 3326 3693 3377 οἰκείαν

2111 3422 2498 3495 παραπληξίαν
2542 3421 2909 3492 μανθάνουσιο
2941 3418 3040 3488 τὴν
3074 3417 3213 3471 κατὰ
3255 3417 3439 3487 σάρκα
3469 3415 3577 3486 γὰρ
3609 3415 3691 3467 τοῦ

2112 3518 2317 3589 Κυρίου
2350 3516 2601 3585 γέννησίν
2628 3531 2687 3567 τε
2742 3512 2836 3566 καὶ
2858 3510 3273 3582 ὲνανθρὼπησιν
3300 3510 3363 3562 ού
3392 3510 3689 3579 δεχόμενοι,

2112 3610 2370 3663 ἀκούουσι
2414 3608 2507 3662 τοῦ
2555 3606 2831 3660 θειοτάτου
2872 3606 3085 3658 Παύλου
3117 3604 3489 3667 διδάσκοντος,
3545 3602 3621 3665 ὡς
3660 3602 3691 3672 ἡ

2110 3702 2204 3754 τοῦ
2233 3700 2367 3754 Θεοῦ
2400 3694 2581 3770 μορςὴ
2610 3697 2767 3749 ἔλαϐε
2798 3697 2897 3765 τὴν
2930 3696 3025 3750 τοῦ
3052 3694 3242 3750 δούλου
3277 3696 3496 3764 μορφήν
3518 3709 3535 3724 ⁸
3567 3696 3602 3764 ἠ
3640 3691 3690 3745 δὲ

2109 3794 2201 3846 τοῦ
2259 3793 2445 3847 δούλου
2497 3791 2677 3861 μορφὴ
2718 3791 2780 3843 οῦ
2808 3788 3078 3859 φαντασία
3103 3806 3186 3850 τις
3232 3782 3333 3858 ἦν,
3378 3786 3504 3841 οὐδὲ
3551 3784 3689 3843 σκιὰ.

2111 3884 2231 3936 οὐδὲ
2277 3884 2461 3952 ἀέριον
2516 3880 2782 3951 ἰνδαλμα,
2836 3880 2944 3932 οὐδ’
2990 3879 3119 3934 ἄλλο
3169 3897 3222 3931 τι
3266 3879 3378 3930 τῶν
3436 3878 3691 3931 τοιούτων

2114 3974 2600 4047 προσαγορεύεται,
2630 3972 2743 4025 ἀλλ’
2779 3974 2811 4042 ἡ
2846 3971 2941 4025 τοῦ
2964 3972 3152 4025 δούλου
3188 3971 3373 4039 φύσις.

2184 4068 2244 4118 Εἰ
2278 4066 2332 4119 δὲ
2363 4065 2429 4118 τὰ
2455 4064 2919 4135 ὲπαγόμεναὴμίν
2939 4063 3348 4133 προὸἀλλοιντο,
3376 4083 3395 4115 t
3429 4067 3484 4115 ὲν
3503 4064 3689 4133 ὁμοιώ-

2116 4174 2244 4224 ματι
2276 4154 2563 4228 ἀνθρώπου
2595 4156 2903 4225 γενόμενος,
2934 4154 3031 4207 καὶ
3070 4155 3310 4223 σχήματι
3345 4154 3594 4223 εὑρεθεὶς
3622 4152 3688 4215 ὡς

2112 4250 2417 4321 ἄνθρωπος.
2463 4269 2481 4299 ι
2511 4248 2603 4301 καὶ
2657 4247 2717 4301 τὸ
2773 4249 2834 4301 ἐν
2878 4251 2946 4319 τῇ
2979 4247 3113 4317 πρὸς
3165 4246 3496 4316 Ῥωμαίους,
3559 4266 3575 4297 ι
3638 4248 3690 4297 ὲν

2114 4340 2419 4412 ὁμοιώματι
2471 4340 2668 4409 σαρκὸς
2712 4340 3006 4409 ἁμαρτίας,
3050 4357 3068 4389 ι
3118 4336 3338 4408 πρῶτον
3381 4338 3563 4389 αὐτῶν
3601 4337 3689 4407 τὴν

2114 4434 2297 4487 ἄνοιαν
2330 4432 2691 4501 διελέγξωμεν
2713 4450 2726 4462 ·
2759 4433 2806 4484 εἰ
2844 4432 2951 4500 γὰρ
2979 4430 3059 4496 τὸ,
3104 4449 3122 4482 t
3160 4433 3217 4484 ἐν
3257 4429 3570 4501 ὁμοιώματι
3604 4434 3687 4484 ἀνι

2115 4524 2354 4595 θρώπου,
2382 4525 2474 4575 καί
2509 4525 2749 4593 σχήματι
2784 4522 3029 4593 εὑρεθεὶς
3055 4522 3130 4585 ὡς
3164 4522 3474 4593 ἄνθρωπος,
3512 4543 3532 4575 ι
3566 4540 3689 4591 φανο

1861 4613 2001 4664 schi
2040 4628 2081 4681 ο
2114 4616 2302 4668 ταοίαν
2336 4615 2458 4667 τινὰ
2487 4613 3035 4683 ἀνθρωπείαναδηλοῖ,
3068 4614 3100 4684 ἡ
3135 4614 3191 4667 δὲ
3226 4616 3410 4685 μορφὴ
3448 4615 3543 4668 τοῦ
3577 4614 3689 4669 56'3-

2109 4709 2221 4773 λου,
2255 4708 2415 4777 φύσις
2437 4707 2745 4779 ἀνθρώπου·
2770 4706 2989 4760 ἐναντία
3024 4706 3235 4775 τίθησιν
3260 4709 3288 4759 ὁ
3338 4708 3687 4773 Ἀπὸστολοςο

2111 4803 2158 4854 εἰ
2205 4802 2261 4855 δὲ
2294 4802 2393 4854 οὐκ
2426 4800 2639 4855 ἐναντία
2670 4800 2764 4854 τοῦ
2813 4800 3138 4854 ’Δτιοστὸλου
3182 4801 3249 4853 τὰ
3290 4801 3538 4872 ῥήματα,
3583 4803 3680 4874 μά-

2111 4897 2293 4965 θωμεν
2321 4893 2395 4958 ὼς
2426 4896 2458 4964 ἡ
2494 4894 2585 4946 τοῦ
2616 4894 2803 4948 δούλου
2837 4896 3043 4966 μορφὴ,
3074 4894 3232 4948 οὐσία
3261 4894 3450 4948 δούλου
3495 4899 3688 4966 τυγχάο

2111 5004 2211 5041 νει.
2245 4987 2319 5039 Τὸ
2350 4986 2406 5037 δὲ
2450 4988 2507 5039 ἐν
2540 4985 3167 5058 ὀμοιὼματιὰνθρώπων
3194 4986 3275 5058 (2)
3294 4988 3577 5055 γενέσθαι.
3603 4990 3687 5041 καὶ

2115 5078 2353 5147 σχήματι
2404 5076 2692 5147 εὑρεθῆναι
2730 5078 2806 5142 ὡς
2852 5078 3161 5149 ἄνθρωπον,
3196 5078 3371 5142 οὕτως
3405 5082 3684 5151 νοήσομεν,

2110 5170 2189 5221 ὅτι
2241 5168 2270 5219 ὁ
2312 5168 2514 5238 Κύριος
2561 5169 2717 5240 ἡμῶν
2756 5169 2961 5242 Ἰησοῦς
3006 5172 3239 5241 Χριστὸς
3276 5173 3377 5243 τὴν
3416 5176 3683 5247 ἡμετέραν

2109 5259 2245 5329 ἔχων
2280 5260 2461 5329 φύσιν,
2510 5260 2571 5312 ού
2607 5262 2749 5315 κατὰ
2790 5263 2969 5317 πάντα
3024 5264 3135 5327 ἴσος
3179 5266 3312 5334 ἡμῖν
3364 5266 3677 5335 ἐτύγχανενο

2108 5350 2371 5418 ἐγεννήθη
2406 5349 2507 5417 μὲν
2540 5350 2645 5419 γὰρ
2673 5352 2737 5404 ὲκ
2766 5354 3023 5419 γυναικὸς
3076 5353 3169 5404 καὶ
3217 5354 3403 5416 αὐτὸς,
3440 5356 3556 5407 ἀλλ’
3594 5357 3681 5425 οὐχ

2109 5438 2309 5507 ὁμοίως
2338 5439 2497 5509 ἡμῖν·
2523 5442 2587 5492 ἐκ
2614 5440 2949 5511 παρθενικῆς
2974 5441 3082 5512 γὰρ
3108 5442 3409 5515 tatam“
3441 5447 3645 5517 μήτρας
3665 5462 3677 5474 .

2112 5532 2203 5583 καὶ
2240 5531 2444 5595 τέλειος
2498 5534 2595 5602 μὲν
2642 5532 2926 5603 ἅνθρωπος
2973 5530 3041 5603 ἦν
3096 5534 3171 5599 ὡς
3223 5537 3421 5606 ἡμεῖς’
3470 5531 3583 5607 εἶχε
3629 5536 3677 5589 δὲ

2181 5890 2257 5962 (2)
2302 5890 2371 5946 ita
2408 5890 2491 5947 hic
2530 5891 2648 5949 cod.
2684 5899 2738 5947 ut
2777 5892 2824 5947 in
2866 5893 2990 5948 edit.
