3926 6478
132 497 166 553 1
183 497 340 556 633
1405 491 1493 549 DE
1531 486 1813 548 INCARNJ

1924 488 2064 548 ONE
2100 488 2365 551 DQHINI.
3383 480 3528 540 ιιει

136 615 380 671 πλέον
435 617 568 688 ἡμῖν
610 616 706 671 τοῦ
752 615 888 670 Θεοῦ
932 614 1106 685 Λόγου
1150 613 1251 685 τὴν
1302 611 1576 683 ἑνοίκησίν
1615 627 1675 663 τε
1719 609 1813 662 καὶ

1924 608 2194 678 perfectus
2221 615 2505 676 erutaque
2524 619 2589 659 ac
2616 618 2749 666 nos;
2781 603 2875 684 sed
2901 610 3100 673 praeter
3114 615 3228 656 rem
3249 608 3521 662 nostram.

135 710 462 764 ἕνωσιν·
499 709 594 762 καὶ
625 708 806 778 σάρκα
837 708 937 778 μὲν
967 703 1114 778 εἶχεν
1155 702 1398 775 ἔμψυχόν
1424 720 1485 755 τε
1526 701 1620 756 καὶ
1667 701 1813 770 λογι-

1925 700 2114 754 habuit
2135 699 2300 755 etiam
2337 697 2509 752 Deum
2537 693 2777 750 Verbum
2817 692 2986 765 διδ
3011 709 3084 746 ιιι.
3125 690 3442 746 inhabitans
3468 697 3526 743 et

133 800 286 869 κὴν
345 801 455 861 ὠς
500 797 680 870 ἡμεῖς,
714 799 822 852 τῶν
866 799 924 852 δὲ
970 798 1071 869 τῆς
1104 795 1380 869 ἁμαρτίας
1422 795 1523 848 οὐκ
1549 794 1813 865 ’ἠνέσχετο

1924 791 2158 846 unitum.
2211 789 2448 846 Carnem
2504 787 2697 842 habuit
2737 786 3038 840 animatam
3091 791 3146 838 et
3197 781 3522 836 rationalem

140 891 552 960 κινημάτων
583 889 775 962 ὥσπερ
805 892 987 961 ἡμεῖς,
1019 888 1134 943 ἀλλ’
1173 889 1232 941 ὲν
1263 886 1476 957 σώματι
1513 886 1606 955 ὑφ’
1639 886 1813 956 ἀμαρ-

1925 883 2000 938 uti
2032 897 2155 948 nos,
2183 891 2242 936 at
2289 879 2496 951 peccati
2553 878 2952 935 commotiones
2997 891 3104 931 non
3139 890 3294 946 anque
3323 890 3388 929 ac
3423 888 3526 927 nos

142 997 180 1032 1:
199 982 322 1044 ἔας
363 981 798 1052 πολεμουμένῳ,
817 983 918 1052 τὴν
942 981 1043 1052 τῆς
1074 977 1351 1051 ἁμαρτίας
1377 975 1671 1047 τυραννίδα
1690 991 1813 1030 κατ-

1925 983 2189 1044 expertus
2207 982 2336 1039 est;
2373 974 2466 1028 sed
2511 972 2565 1026 in
2617 984 2854 1038 corpore
2901 969 3043 1039 quod
3101 974 3332 1039 peccato
3383 964 3524 1020 solet

150 1071 372 1125 έλυπ
403 1091 418 1105 ·
473 1071 563 1124 διὰ
609 1073 769 1126 τοῦτο
835 1075 894 1127 ὲν
961 1071 1266 1144 ὁμοιώματι
1317 1069 1606 1141 ἀνθρώπου
1668 1067 1813 1136 γενόι

1924 1083 2047 1125 esse
2121 1063 2441 1132 obnoxium,
2473 1141 2478 1144 _
2512 1064 2724 1134 peccati
2793 1060 3137 1135 tyrannidem
3206 1056 3521 1115 debellavit.

154 1178 408 1232 μενος,
451 1164 546 1216 καὶ
595 1165 835 1234 σχήματι
867 1141 1110 1237 εὑρεΘεὶς
1141 1141 1237 1227 ἠώς
1289 1161 1597 1233 ἄνθρωπος,
1631 1159 1813 1214 ἑαυτὸν

1925 1160 2220 1232 Propterea
2259 1159 2312 1212 in
2365 1141 2776 1214 similitudinem
2809 1153 3051 1209 hominis
3099 1150 3301 1217 factus,
3330 1159 3389 1206 et
3419 1150 3522 1204 ha-

152 1253 618 1314 ὲταπείνωσεν.
653 1255 940 1325 γενόμενος
975 1255 1217 1326 ὑπήκοος
1249 1253 1413 1325 μέχρι
1446 1253 1700 1316 Θανάτου,
1726 1251 1813 1305 Θα-

1925 1249 2041 1305 bitu
2098 1249 2354 1304 inventus
2386 1258 2445 1302 ut
2497 1248 2682 1309 homo,
2731 1254 2909 1300 semet
2964 1242 3294 1306 humiliavit‘,
3345 1240 3525 1295 factus

149 1345 381 1399 νάτου
422 1344 480 1397 δὲ
510 1344 742 1415 σταυροῦ
765 1357 777 1374 ο
826 1344 919 1398 καὶ
946 1344 1080 1399 αὐτὸ
1109 1344 1167 1397 δὲ
1209 1343 1269 1398 τὸ
1305 1343 1478 1413 δνομα
1511 1343 1611 1414 τῆς
1639 1360 1813 1398 ταπει-

1924 1338 2184 1395 obediens
2234 1350 2410 1406 usque
2439 1338 2506 1391 ad
2561 1345 2817 1400 mortem,
2879 1343 3113 1389 mortem
3155 1341 3338 1386 autem
3395 1344 3526 1385 cru—

166 1433 452 1496 υὼσεως
496 1432 648 1505 δηλοί
686 1433 784 1504 τὴν
826 1434 925 1503 τῆς
969 1437 1231 1506 ταπεινῆς
1267 1434 1542 1506 ἀνάληψιν
1584 1433 1813 1504 (θύσεως.

1924 1427 2006 1482 cis
2027 1425 2142 1480 Μ’.
2195 1426 2262 1482 Et
2294 1426 2509 1496 quidem
2549 1424 2725 1495 ipsum
2772 1421 3168 1478 lmmiliationis
3199 1417 3522 1475 vocabulum

162 1525 448 1588 Ἀλλως
485 1543 543 1578 τε
573 1527 701 1594 περὶ
732 1526 826 1579 τοῦ
858 1527 916 1579 ιν
948 1529 1132 1598 μορφῇ
1167 1525 1304 1580 Θεοῦ
1332 1526 1672 1598 ὑπάρχοντος
1702 1526 1813 1579 δια-

1924 1520 2263 1575 demonstrat
2301 1514 2523 1571 humilis
2561 1525 2771 1570 natum
2792 1512 3245 1581 assumptiouem.
3287 1508 3524 1564 Aliunde

159 1617 544 1686 λεγόμενος,
594 1618 909 1688 ὲπήγαγεν’
966 1635 985 1670 ι
1046 1618 1135 1672 Ἐν
1164 1616 1472 1688 ὁμοιώματι
1518 1615 1822 1688 ἀνθρώπων

162 1705 544 1774 γενόμενος,
576 1706 670 1758 καὶ
716 1709 956 1776 σχήματι
1005 1706 1248 1777 εὑρεθεὶς
1303 1707 1380 1769 ώς
1426 1705 1735 1778 ἄνθρωπος,
1795 1726 1815 1760 ν

163 1795 498 1848 διδάσκων
527 1794 610 1848 ὅτι
656 1796 685 1848 ό
713 1795 1009 1866 ἀσώματος
1046 1795 1184 1850 Θεοῦ
1215 1796 1407 1865 Λόγος.
1429 1799 1505 1860 ὡς
1534 1795 1813 1869 ἄνθρωπος

1925 1792 2179 1847 inventus
2230 1801 2289 1845 ut
2348 1793 2566 1857 homo;
2631 1809 2650 1842 ι
2708 1791 2916 1846 docens
2967 1789 3349 1858 incorporeum
3428 1785 3524 1841 Dei

165 1883 403 1954 ὤφθη,
433 1882 596 1952 φύσιν
627 1883 976 1955 ἀνθρωπείαν
1004 1884 1324 1940 ἀναλαϐών·
1361 1885 1442 1939 διὸ
1481 1887 1576 1940 καὶ
1607 1886 1668 1940 τὸ
1696 1907 1714 1937 ι
1745 1887 1813 1952 ὡς

1927 1884 2162 1941 Verbum
2215 1885 2290 1940 uti
2343 1885 2618 1941 hominem
2648 1883 2996 1955 apparuisse,
3036 1883 3274 1936 humana
3314 1876 3526 1936 scilicet

167 1974 291 2028 ἄνθ
301 1990 514 2045 ρωπος
553 1993 570 2023 ι
604 1975 869 2040 τέθεικεν,
893 1977 982 2030 ἵνα
1012 1976 1089 2047 μὴ
1112 1977 1323 2048 τροπήν
1345 1995 1466 2031 τινα
1493 1978 1813 2048 γεγενῆσθαι

1926 1987 2204 2048 assumpta
2240 1989 2457 2033 natura.
2490 1975 2618 2032 Ideo
2643 1986 2697 2031 et
2723 1977 2862 2032 dixit
2897 1994 2917 2027 ι
2953 1985 3013 2030 ιιι
3037 1975 3221 2042 homo,
3259 1991 3279 2027 ι
3312 1988 3379 2028 ne
3406 1987 3524 2026 mu-

1927 2067 2190 2125 tationem
2257 2066 2494 2139 aliquam
2548 2067 2753 2122 factam
2809 2066 3191 2122 existimemus
3239 2062 3527 2131 invisibilis

1925 2159 2044 2227 Dei,
2091 2160 2190 2216 sed
2235 2160 2529 2216 credamus
2557 2159 2760 2228 potius,
2812 2156 2988 2227 ipsum
3028 2171 3198 2212 carne
3245 2161 3523 2223 assumpta

1926 2253 2162 2309 animata
2212 2267 2277 2308 ac
2314 2252 2593 2315 rationali,
2624 2266 2748 2308 cum
2797 2251 2942 2309 Deus
2981 2259 3151 2316 esset,
3185 2250 3241 2306 in
3266 2249 3528 2306 similitu-

1925 2349 2110 2402 dinem
2137 2330 2374 2402 hominis
2408 2344 2636 2412 l'actum,
2683 2353 2741 2400 et
2783 2345 2976 2400 habitu
3013 2345 3294 2401 inventum
3331 2354 3394 2397 ut
3425 2344 3526 2398 ho-

1926 2440 2148 2498 minem.
2183 2436 2276 2493 Sic
2311 2451 2542 2509 magnus
2577 2445 2742 2492 recta:
2767 2435 2892 2493 iidei
2930 2445 3328 2508 propugnator,
3387 2435 3524 2491 bea-

1928 2539 2031 2595 tus,
2056 2530 2305 2600 inquam,
2335 2526 2556 2595 Paulus,
2580 2527 2798 2584 diversa
2829 2543 2897 2585 ae
2930 2528 3084 2582 varia
3134 2527 3521 2582 haereticorum

1924 2636 2019 2676 ora
2050 2620 2355 2690 dissipavit.
2380 2619 2491 2674 Sed
2517 2618 2746 2674 ulterius
2761 2617 2782 2688 j
2799 2633 2889 2673 am
2914 2633 3014 2676 nos
3044 2633 3144 2690 pro
3157 2618 3305 2673 vexit
3337 2631 3526 2673 sermo

1922 1613 2111 1677 etiam,
2153 1610 2221 1666 de
2248 1625 2314 1665 eo
2335 1611 2426 1680 qui
2460 1610 2512 1664 in
2538 1610 2711 1663 forma
2751 1608 2842 1663 Dei
2879 1619 2998 1664 erat
3033 1607 3338 1675 disserens,
3370 1602 3526 1659 addi-

1924 1705 2002 1758 dit
2036 1718 2052 1757 :
2091 1720 2110 1755 ι
2143 1701 2200 1756 In
2226 1701 2639 1758 similitudinem
2663 1699 2947 1754 hominum
3000 1697 3203 1762 factus,
3244 1704 3300 1752 et
3330 1693 3522 1751 habitu

169 2065 544 2136 νομίσωμεν
568 2065 665 2120 τοῦ
695 2067 928 2138 ἀοράτου
971 2067 1132 2133 Θεοῦ,
1165 2069 1302 2124 ἀλλά
1336 2070 1720 2141 πιστεύσωμεν
1739 2072 1821 2126 ὅτι

171 2157 406 2229 σάρκα
441 2157 626 2211 λαϐὼν
654 2158 897 2232 ἔμψυχόν
939 2177 999 2214 τε
1037 2161 1136 2215 καὶ
1170 2160 1418 2234 λογικὴν,
1466 2162 1601 2228 Θεὸς
1644 2161 1721 2217 ὢν
1765 2165 1832 2217 ἐν

171 2246 539 2317 ὁμοιώματι
576 2247 869 2320 ἀνθρώπου
918 2251 1156 2320 ἐγένετο,
1204 2253 1299 2306 καὶ
1343 2254 1586 2325 σχήματι
1622 2252 1822 2326 εὑρέθη

171 2337 270 2402 ὡς
316 2337 663 2410 ἄνθρωπος·
705 2339 880 2405 οὕτως
926 2343 955 2396 6
1001 2343 1179 2413 μέγας
1217 2342 1318 2415 τῆς
1355 2343 1639 2409 εὐσεϐείας
1690 2361 1825 2417 προ-

176 2430 558 2499 αγωνιστὴς,
589 2434 619 2484 6
651 2432 924 2504 μακάριος
957 2433 1101 2505 λέγω
1129 2433 1362 2501 Παῦλος,
1382 2436 1451 2488 τὰ
1477 2436 1699 2491 ποικίλα
1727 2437 1824 2489 καὶ

175 2519 460 2590 διάφορα
513 2521 625 2574 τῶν
681 2523 976 2593 αίρετικῶν
1027 2523 1293 2577 κατέλυσε
1343 2524 1608 2594 στόματα.
1677 2523 1823 2578 Ἀλλ’

183 2612 470 2666 ἐνταῦθα
505 2614 606 2684 μὲν
653 2616 798 2686 ἡμᾶς
831 2618 859 2669 6
891 2617 1064 2684 Λόγος
1093 2619 1432 2689 παρήνεγκε,
1464 2619 1567 2690 τὴν
1599 2618 1711 2672 τῶν
1739 2622 1824 2674 αἱ·

183 2703 464 2774 ρετικῶν
493 2705 734 2776 ἐλέγχων
763 2705 1188 2777 ἐμϐροντησίαν,
1221 2707 1316 2761 καὶ
1345 2708 1483 2780 δῆλα
1512 2711 1685 2764 ποιῶν
1710 2713 1822 2775 τοῖς

182 2795 516 2866 τροφίμοις
546 2799 647 2868 τῆς
677 2797 960 2862 εὐσεϐείας
996 2799 1094 2870 τῆς
1130 2800 1391 2872 ἀληθείας
1437 2802 1510 2856 τὰ
1551 2803 1818 2872 δόγματα.

201 2887 569 2958 ’Δναχωρεῖν
601 2882 718 2948 οῦν,
746 2887 872 2941 ὅθεν
910 2890 1126 2962 ἐξέϐην,
1161 2895 1372 2964 καιρός.

192 3044 313 3102 IA'.
371 3045 548 3110 Τίνος
577 3046 755 3114 χάριν
781 3045 898 3118 τὴν
943 3047 1326 3115 ἀνθρωπίνην
1363 3048 1560 3118 φύσιν
1607 3052 1640 3104 ό
1676 3051 1822 3118 Θεὸς

758 3115 1016 3170 ἀνέλαϐε
1050 3119 1262 3186 Λόγος.

273 3225 489 3279 Τοίνυν
538 3226 638 3298 τὴν
676 3227 953 3298 ἡμετέραν
987 3228 1149 3297 φύσιν
1185 3231 1213 3282 ό
1248 3231 1491 3302 Ποιητὴς
1539 3233 1818 3304 οἰκτείρας

1927 2721 2134 2774 nostet,
2189 2710 2319 2765 dum
2376 2710 2764 2768 hzereticorum
2810 2711 3094 2768 vesaniam
3149 2710 3422 2781 coarguit,
3470 2717 3528 2765 et

1927 2813 2091 2859 recta:
2117 2803 2242 2858 iidei
2285 2803 2522 2861 alumnis
2550 2807 2804 2874 dogmata
2837 2804 3088 2859 veritatis
3112 2803 3323 2874 pandit.
3382 2802 3530 2872 Ergo

1920 2897 2032 2965 jam
2065 2905 2277 2965 tempus
2305 2904 2389 2950 est
2418 2895 2568 2964 illuc,
2605 2895 2749 2952 unde
2766 2895 3150 2962 discessimus,
3185 2893 3525 2953 revertendi.

1923 3047 2017 3103 Xl.
2055 3045 2224 3115 Cujus
2253 3064 2329 3101 ret
2363 3047 2538 3118 gratia
2580 3050 2870 3102 humanam
2901 3054 3154 3102 naturam
3197 3045 3342 3101 Data
3399 3040 3529 3100 Ver-

2453 3119 2574 3171 bum
2615 3119 2983 3187 «sumpserit.

2021 3231 2193 3302 igitur
2258 3241 2510 3284 naturam
2580 3237 2824 3283 nostram
2883 3227 3113 3284 Creator
3171 3228 3446 3281 miserans
3493 3240 3526 3280 a

190 3317 312 3372 ὑπὸ
335 3318 445 3372 τοῦ
475 3319 718 3390 Πονηροῦ
747 3320 1184 3393 πολεμουμένην,
1212 3323 1308 3376 καὶ
1336 3327 1451 3386 τοῖς
1469 3329 1687 3397 πικροῖς
1715 3327 1813 3396 τῆς

1925 3324 2067 3380 malo
2093 3323 2344 3377 daemone
2375 3332 2770 3392 oppugnatam,
2797 3330 2853 3375 et
2886 3320 3104 3376 acerbis
3131 3318 3344 3390 peccati
3363 3316 3528 3388 sagit-

195 3412 504 3484 ἁμαρτίας
535 3412 713 3483 βέλεσι
746 3412 1105 3486 βαλλομένην,
1156 3417 1252 3469 καὶ
1282 3417 1362 3488 τῷ
1397 3417 1611 3489 Θανάτῳ
1639 3437 1822 3490 παρα-

194 3506 610 3575 πεμπομένην,
651 3504 923 3578 ὲπαμύνει
960 3510 1026 3578 τῇ
1078 3508 1270 3573 εικόνι,
1326 3510 1421 3562 καὶ
1471 3511 1599 3573 τοὺς
1654 3510 1819 3565 πολε-

200 3597 459 3666 μοῦντας
489 3599 947 3667 καταγωνίζεται,
979 3600 1041 3652 οὐ
1084 3603 1264 3672 γυμνῇ
1313 3603 1381 3672 τῇ
1423 3601 1652 3671 δυνάμει
1681 3621 1818 3675 χρη-

199 3687 456 3755 σάμενος
485 3691 551 3759 τῇ
584 3688 820 3754 Θεότητι,
869 3688 992 3741 οὐδὲ
1029 3692 1097 3760 τῇ
1139 3689 1363 3760 ἐξουσίᾳ
1401 3690 1507 3759 τῆς
1540 3688 1820 3760 βασιλείας

201 3774 577 3845 καταπλήξας
594 3779 720 3839 τοὺς
747 3777 1097 3842 ἀντιπάλους,
1124 3779 1225 3832 οὐκ
1256 3779 1526 3848 ἀγγέλους
1557 3781 1818 3850 στρατεύ-

200 3882 332 3928 σας,
367 3866 496 3919 ούδὲ
535 3868 661 3930 τοὺς
703 3867 1077 3940 ἀρχαγγέλους
1126 3870 1208 3932 είς
1248 3870 1568 3940 συμμαχίαν
1613 3869 1815 3936 λαϐὼν,

199 3958 332 4012 οὐδὲ
399 3960 703 4030 κεραυνοὺς
755 3960 787 4030 ἢ
837 3961 1163 4031 πρηστῆρας
1213 3962 1356 4016 κατά
1403 3964 1513 4016 τῶν
1558 3964 1818 4018 ἐναντίων

198 4051 464 4115 ὁπλίσας,
508 4053 631 4105 οὐδὲ
682 4053 822 4122 μετά
870 4053 979 4106 τῶν
1035 4053 1301 4124 χερουὸὶμ
1346 4056 1536 4124 φανεὶς
1584 4057 1677 4108 ἐπὶ
1719 4059 1818 4127 τῆς

202 4143 446 4213 ἠπείρου
495 4145 590 4198 καὶ
638 4145 749 4197 τῶν
797 4147 1088 4217 ἡμετέρων
1142 4147 1436 4202 ἀντιδίκων
1483 4148 1817 4214 δικαστικῶς

201 4233 741 4305 καταψηφισάμενος
786 4236 932 4309 [cod.
996 4237 1260 4294 mendose
1303 4239 1811 4313 καταψησάμενοςῙ.

201 4321 320 4374 ἀλλ’
366 4321 451 4387 εἷς
477 4325 589 4379 τῶν
619 4326 938 4380 ὑπευθύνων
987 4329 1082 4381 καὶ
1130 4328 1560 4399 πολεμουμένων
1594 4332 1815 4400 γινόμε-

201 4430 316 4476 νος,
349 4417 450 4468 καὶ
483 4417 844 4488 κατακρύψας
871 4419 933 4471 τὸ
965 4419 1380 4490 μεγαλοπρεπὲς
1426 4421 1523 4491 τῆς
1559 4421 1814 4492 Θεότητος

203 4508 272 4574 τῇ
326 4506 578 4578 εὐτελείᾳ
625 4510 724 4578 τῆς
776 4508 1221 4581 ἀνθρωπότητος,
1267 4510 1359 4563 καὶ
1402 4510 1494 4564 τὸν
1532 4512 1813 4583 ὁρώμενον

200 4595 499 4667 ἄνθρωπον
533 4601 612 4664 εἰς
645 4601 823 4671 πάλην
854 4601 1105 4672 ἀλείψας,
1139 4605 1234 4656 καὶ
1263 4607 1567 4676 νικήσαντα
1614 4623 1814 4676 στεφα-

201 4687 386 4753 νώσας
409 4706 422 4720 ο
457 4691 553 4744 καὶ
583 4691 838 4746 παιδόθεν
871 4694 970 4764 μὲν
1014 4694 1115 4765 τὴν
1141 4696 1345 4767 ἀρετὴν
1373 4697 1678 4763 ἐκδιδάξας,
1722 4700 1814 4752 καὶ

212 4778 565 4855 δικαιοσύνης
595 4785 674 4847 είς
704 4786 1007 4856 ἀκρότατον
1048 4787 1292 4856 ἀγαγὼν,
1327 4790 1597 4861 ἀήττητον
1637 4791 1694 4843 δὲ
1717 4809 1816 4860 φυ-

1925 3419 1992 3473 tis
2014 3414 2383 3479 vulneratam,
2407 3414 2683 3481 mortique
2708 3412 3009 3474 addictam,
3055 3409 3333 3480 propriam
3380 3407 3528 3463 ultus

1921 3514 2004 3559 est
2055 3505 2372 3576 imaginem,
2409 3504 2712 3572 hostesque
2763 3501 3122 3574 pr0pulsavit,
3186 3499 3334 3556 haud
3390 3498 3527 3554 solis

1921 3595 2143 3651 deitatis
2189 3597 2396 3652 viribus
2453 3606 2645 3660 utens,
2685 3609 2863 3662 neque
2919 3593 3224 3664 majestatis
3277 3589 3525 3661 potentia

1922 3688 2314 3745 colluctatores
2377 3688 2696 3757 proﬂigatis,
2775 3702 2883 3741 non
2957 3687 3279 3754 angelorum
3346 3685 3522 3738 aciem

1923 3777 2224 3838 instruens,
2251 3790 2430 3845 neque
2459 3775 2819 3846 archangelos
2859 3768 3162 3830 auxiliares
3205 3788 3522 3838 assumens,

1923 3883 2030 3923 non
2066 3867 2292 3922 fulmina
2328 3877 2424 3921 aut
2459 3868 2705 3923 turbines
2736 3878 2929 3923 contra
2973 3868 3227 3923 inimicos
3271 3881 3524 3930 armans,

1920 3973 2098 4028 neque
2115 3974 2240 4013 eum
2283 3957 2600 4014 cherubinis
2626 3961 2678 4012 in
2709 3968 2852 4014 terra
2878 3973 3147 4028 apparens
3173 3957 3524 4014 adversarios

1919 4065 2018 4119 pro
2050 4050 2307 4106 tribunali
2352 4051 2726 4106 coudemuans
2770 4051 2915 4115 ;sed
2974 4060 3232 4121 tanquatn
3287 4065 3430 4105 unus
3456 4051 3525 4106 de

1919 4143 2029 4197 reis
2054 4145 2494 4213 oppugnatisque
2515 4142 2718 4212 lactus,
2774 4144 3108 4214 dcitatisque
3161 4143 3524 4215 magniﬁcen-

1921 4234 2048 4289 tiam
2078 4234 2290 4289 vilitate
2326 4235 2686 4291 bumanitatis
2731 4236 2937 4301 celans,
3003 4235 3176 4307 816
3208 4252 3280 4290 ut.
3331 4235 3523 4290 visibi-

1918 4327 2022 4382 lem
2046 4327 2320 4382 hominem
2358 4328 2424 4381 ad
2457 4343 2696 4400 pugnam
2728 4327 3133 4395 corroboravit,
3163 4338 3220 4383 et
3250 4330 3516 4382 victorem

1917 4421 2204 4476 coronavit
2244 4428 2341 4474 :et
2361 4418 2472 4488 jam
2504 4420 2634 4475 inde
2669 4435 2697 4473 a
2733 4420 2918 4490 pueris
2966 4419 3230 4476 virtutem
3276 4421 3520 4481 edocuit.

1921 4521 2085 4580 atque
2117 4511 2184 4567 ad
2221 4511 2456 4580 iustitia:
2485 4512 2702 4567 culmen
2749 4511 3022 4580 provexit,
3075 4511 3342 4565 invictum
3402 4524 3521 4564 ser-

1919 4619 2072 4670 vans,
2109 4617 2163 4660 et
2192 4605 2402 4676 peccati
2438 4605 2563 4660 telis
2595 4606 2920 4671 immunem,
2949 4639 2964 4652 ο
2994 4603 3323 4674 permittens
3357 4603 3519 4658 simul

1922 4708 1983 4754 ut
2047 4700 2211 4754 morti
2282 4700 2690 4763 succumberet,
2728 4686 2857 4768 quo
2916 4697 3125 4768 peccati
3197 4696 3523 4764 iniustitiam

1925 4800 2272 4861 coargueret,
2301 4799 2357 4845 et
2405 4793 2602 4845 mortis
2637 4787 2939 4857 potentiam
2973 4788 3305 4842 destrueret.

205 4867 395 4939 λάξας.
444 4875 538 4927 καὶ
597 4876 705 4929 τῶν
750 4876 921 4947 βελῶν
959 4880 1058 4950 τῆς
1120 4879 1395 4952 ἁμαρτίας
1459 4883 1766 4954 ἐλεύθερον,
1821 4887 2187 4956 συγχωρήσας
2229 4882 2289 4937 δὲ
2337 4882 2489 4954 ὅμως
2533 4883 2642 4936 ὑπὸ
2695 4880 2930 4935 Θάνατον
2981 4879 3258 4948 γενέσθαι,
3303 4879 3390 4933 ἵνα
3424 4878 3524 4952 τῆς

207 4960 484 5037 ἁμαρτίας
517 4967 616 5038 τὴν
689 4969 905 5022 ἀδικίαν
970 4971 1207 5045 ἐλέγξῃ,
1276 4961 1521 5028 καῖ’τοῦ
1589 4977 1822 5031 Θανάτου
1853 4977 2165 5063 ⁸καταλύσῃ
2226 4976 2288 5030 τὸ
2334 4977 2554 5048 κράτος.

275 5112 339 5167 Ei
372 5116 485 5185 γὰρ
510 5114 622 5168 τῶν
651 5115 760 5169 ὑπὸ
789 5117 891 5188 τὴν
920 5119 1199 5189 ἁμαρτίαν
1233 5124 1619 5194 γεγενημένων
1649 5125 1678 5178 ό
1711 5125 1808 5180 Θά-

204 5217 363 5270 νατος
395 5208 695 5278 ἐπιτίμιον,
721 5212 748 5264 6
774 5209 979 5280 ταύτης
1000 5212 1425 5284 ἀπηλλαγμένος
1457 5217 1801 5282 παντάπασι,

204 5291 446 5366 δηλονότι
481 5299 630 5370 ζωῆς
675 5301 993 5366 ἀπολαύειν,
1034 5303 1149 5356 ἀλλ’
1185 5305 1246 5357 οὐ
1299 5305 1556 5372 Θανάτου,
1601 5307 1806 5374 δίκαιος

205 5377 306 5454 ἦν’
339 5391 521 5444 τοίνυν
559 5391 853 5462 ήττηθείσα
899 5394 934 5464 ἡ
975 5394 1257 5466 ἁμαρτία,
1299 5397 1393 5449 καὶ
1439 5396 1531 5450 τὸν
1577 5399 1806 5470 νικητὴν

215 5484 590 5554 κατακρίνασα
632 5483 888 5558 Θανάτῳ,
930 5487 1026 5540 καὶ
1072 5486 1172 5558 τὴν
1219 5487 1391 5560 αὐτὴν
1444 5489 1808 5559 ὲξενεγκοῦσα

214 5573 353 5624 κατὰ
377 5574 476 5630 τοῦ
506 5579 856 5650 νενικηκότος
883 5578 1085 5650 ψῆφον,
1117 5582 1183 5652 ἦν
1209 5581 1299 5635 ἀεὶ
1328 5581 1473 5636 κατά
1497 5582 1606 5636 τῶν
1629 5584 1808 5652 ἡττω-

217 5663 384 5729 μένων
413 5669 693 5743 ἐξέφερεν,
721 5671 983 5726 ἁδικοῦσα
1016 5673 1177 5728 ἑάλω.
1200 5677 1378 5748 Μέχρι
1409 5674 1510 5747 μὲν
1533 5677 1647 5747 γὰρ
1676 5677 1804 5739 τοὺς

217 5751 480 5854 ὑπηκρους
507 5763 585 5834 τῷ
611 5764 827 5835 Θανάτῳ
852 5766 1237 5840 παρέπεμπεν,
1261 5768 1336 5833 ὡς
1356 5769 1541 5824 δίκαια
1576 5767 1804 5824 ποιοῦσα

287 5943 374 5971 ""
403 5945 630 6018 Philipp.
673 5963 733 6011 tt,
766 5949 818 6015 7,
858 5948 908 6004 8.

1989 5125 2122 5179 Nam
2168 5123 2214 5180 si
2254 5138 2442 5178 eorum
2494 5123 2584 5192 qui
2633 5131 2861 5193 peccato
2914 5121 3321 5176 succubuerunt
3357 5133 3521 5191 paena

1916 5233 2065 5274 mors
2112 5228 2216 5284 est,
2270 5218 2316 5272 is
2367 5221 2457 5286 qui
2510 5227 2736 5287 peccato
2785 5231 3012 5286 prorsus
3061 5213 3236 5269 fuerat
3287 5213 3522 5274 alienus,

1917 5313 2028 5365 vita
2079 5311 2294 5367 scilicet
2345 5309 2450 5365 frui
2478 5351 2493 5376 ,
2539 5325 2645 5364 non
2703 5317 2936 5364 mortem
2983 5308 3095 5378 pati
3140 5308 3336 5379 dignus
3381 5317 3522 5362 erat.

1917 5403 2088 5459 Porro
2111 5405 2321 5457 victum
2354 5412 2641 5472 peccatum
2699 5417 2822 5456 cum
2857 5403 3036 5471 ipsum
3065 5402 3326 5458 vietorem
3358 5402 3521 5455 morti

1909 5497 2233 5560 addixisset,
2261 5495 2621 5565 eamdemque
2639 5496 2906 5548 adversus
2934 5492 3331 5548 dominatorem
3357 5507 3518 5547 suum

1907 5587 2236 5643 sententiam
2268 5586 2502 5653 tulisset,
2537 5600 2703 5657 quam
2731 5595 2998 5656 perpetuo
3028 5595 3222 5640 contra
3263 5583 3522 5639 subditos

1905 5693 2036 5734 suos
2087 5680 2418 5743 exercebat,
2474 5676 2676 5746 injuste
2726 5691 2894 5748 agere
2943 5676 3350 5745 deprehensum
3409 5685 3516 5730 est.

1907 5770 2041 5828 Nam
2076 5771 2316 5843 quandiu
2355 5781 2638 5842 peccatum
2677 5770 2924 5827 subditos
2985 5784 3116 5827 suos
3155 5778 3331 5826 morte
3371 5767 3520 5825 mul-
