3926 6484
248 471 392 529 ΗνΞΊ

1442 473 1532 528 DE
1572 472 2096 531 ιΝοΑιιΝΑτιοΝΕ
2135 470 2395 529 ΒΟΜΙΝΙ.

3419 461 3559 522 M58

247 586 356 640 καί
381 586 483 650 δεῖ,
517 585 774 657 καθάπερ
794 587 990 657 ἐκείνῳ
1004 589 1105 656 τῆς
1135 572 1424 650 κοινωνίας
1456 587 1534 658 (1)
1562 590 1854 660 ἐκοινωνή-

1964 593 2163 654 vimus,
2205 590 2281 643 ita
2321 585 2482 644 bouis
2507 598 2607 640 nos
2639 583 2800 639 simul
2837 579 3044 654 perfrui
3076 595 3197 635 cum
3242 580 3332 636 illo
3363 582 3454 648 qui
3495 583 3566 637 de

253 694 458 748 σαμεν,
484 678 662 741 οὕτως
690 679 835 747 ἡμᾶς
863 679 1268 732 συναπολαῦσαι
1298 679 1407 732 τῶν
1435 678 1657 748 ἀγαθῶν
1690 681 1768 751 τῷ
1801 680 1863 745 ἐξ

247 769 423 840 ἡμῶν
451 770 549 840 μὲν
576 770 961 839 ἀναληφθέντι,
992 772 1130 842 ὑπὲρ
1160 771 1318 841 ἡμῶν
1343 771 1400 824 δὲ
1427 773 1857 839 στεφανωθέντιο

251 860 344 913 διὸ
372 863 466 912 καὶ
496 862 524 912 ὁ
555 860 698 924 θεῖος
722 861 1042 924 ’Λπόστολος
1068 861 1274 929 ἔλεγεν,
1302 863 1384 914 ὅτι
1420 883 1436 912 ι
1467 861 1573 925 Οὓς
1609 863 1863 932 προέγνω

251 949 362 1002 καὶ
396 948 672 1020 προώρισε
703 950 1066 1020 συμμόρφους
1094 949 1196 1018 τῆς
1230 949 1440 1012 εἰκόνος
1469 947 1562 1001 τοῦ
1599 947 1730 1002 Υἱοῦ
1767 948 1864 1001 αὑ-

252 1040 382 1104 τοῦ,
418 1043 497 1103 εἰς
524 1041 584 1092 τὸ
620 1036 759 1094 εἶναι
794 1043 957 1095 αὐτὸν
992 1042 1336 1113 πρωτότοκον
1371 1043 1430 1094 ἐν
1466 1041 1681 1105 πολλοῖς
1711 1042 1861 1094 ἁδελ-

255 1136 415 1199 φοῖςο
449 1131 540 1200 οὓς
571 1133 733 1196 αὐτὸς
763 1135 1060 1204 προώρισε,
1087 1133 1312 1196 τούτους
1342 1134 1434 1187 καὶ
1467 1134 1695 1186 ἐκάλεσε
1721 1151 1733 1163 '
1768 1124 1886 1187 καῖ’

253 1222 357 1286 οὓς
399 1224 659 1289 ἐκάλεσε,
695 1225 923 1288 τούτους
972 1227 1066 1279 καὶ
1114 1225 1438 1280 ἐδικαίωσε·
1476 1227 1570 1279 καὶ
1616 1225 1710 1289 οῦς
1760 1225 1864 1279 est.

255 1315 493 1379 καίωσε,
534 1317 757 1379 τούτους
785 1318 879 1369 καὶ
911 1316 1152 1380 ὲδόξασε.
1183 1335 1202 1367 ι
1241 1318 1348 1370 Καὶ
1378 1317 1645 1388 ἑτέρωθεν
1679 1317 1858 1385 λέγει’

264 1427 286 1461 ι
316 1409 382 1461 Et
405 1408 461 1460 δὲ
489 1409 674 1470 τέκνα,
704 1408 796 1460 καὶ
824 1408 1151 1479 κληρονόμοι
1174 1425 1186 1438 ’
1219 1409 1551 1480 κληρονόμοι
1585 1411 1684 1480 μὲν
1703 1410 1860 1474 Θεοῦ,

259 1498 704 1569 συγκληρονόμοι
728 1498 785 1550 δὲ
821 1494 1058 1569 Χριστοῦ
1082 1517 1095 1528 ·
1129 1501 1290 1570 εἴπερ
1319 1501 1415 1554 καὶ
1442 1502 1859 1570 συμπάσχομεν,

260 1590 357 1643 ἵνα
388 1592 481 1643 καὶ
509 1591 976 1661 συνδοξασθῶμεν.
1005 1611 1024 1643 ι
1057 1594 1169 1646 Καὶ
1198 1593 1433 1663 ἀλλαχοῦ
1461 1611 1474 1623 ·
1513 1612 1531 1644 ι
1561 1594 1624 1647 Εἰ
1656 1593 1862 1663 ὑπομέ-

258 1699 453 1752 νομεν,
489 1685 584 1736 καὶ
620 1683 1148 1754 συμὸασιλεύσομεν.
1177 1703 1195 1737 ι
1244 1685 1418 1756 ’Υπὲρ
1466 1687 1649 1753 πάσης
1681 1685 1862 1740 τοίνυν

257 1775 364 1843 τῆς
411 1775 684 1845 ἡμετέρας
721 1775 937 1843 φύσεως
976 1778 1004 1829 ὁ
1034 1775 1129 1829 τοῦ
1174 1776 1310 1829 Θεοῦ
1362 1777 1495 1840 Θεὸς
1540 1778 1713 1845 Λόγος
1761 1776 1863 1848 τὴν

257 1866 539 1937 ἡμετέραν
567 1868 822 1938 ἀπαρχὴν
846 1867 1158 1936 άνελάόετο,
1199 1869 1284 1923 ἵνα
1323 1869 1413 1924 διὰ
1453 1869 1638 1940 πάσης
1678 1869 1850 1939 αὐτὴν

1969 683 2124 737 nobis
2153 694 2402 750 sumptus
2446 686 2552 744 est,
2595 690 2650 732 et
2696 685 2794 746 pr’o
2829 674 2988 729 nobis
3026 683 3343 729 coronatus.
3382 673 3564 740 Quare

1966 779 2022 823 et
2079 768 2236 822 divus
2289 765 2584 836 Apostolus
2639 764 2818 818 aiebat
2862 781 2877 817 :
2935 781 2952 814 ι
2992 761 3147 829 Quos
3177 763 3454 832 praescivit
3506 775 3561 815 et

1965 861 2373 932 priedestinavit
2403 859 2712 915 conformes
2751 859 2865 912 fieri
2910 857 3166 925 imaginis
3208 855 3326 910 Filii
3360 857 3469 922 sui,
3503 864 3562 909 ut

1965 954 2035 1007 sit
2069 954 2185 1022 ipse
2214 952 2461 1022 818m.
2512 950 2910 1022 primogenitus
2944 953 2995 1003 iu
3041 949 3232 1002 multis
3269 947 3556 1002 fratribus.

1966 1045 2114 1110 Quos
2179 1044 2299 1114 ipse
2369 1042 2798 1111 ltrtedestinavit,
2841 1043 2937 1096 hos
2965 1052 3019 1095 et
3053 1041 3268 1094 vocavit
3301 1054 3314 1091 :
3345 1048 3399 1091 et
3425 1051 3559 1105 «pios

1965 1133 2202 1196 vocavit,
2240 1135 2338 1188 hos
2370 1142 2423 1186 et
2450 1131 2774 1202 justiticavit
2806 1153 2817 1186 :
2849 1147 2986 1199 quos
3017 1127 3558 1196 autemjustitieavit,

1966 1229 2068 1284 hos
2119 1236 2174 1282 et
2230 1225 2557 1295 glorificavit
2584 1227 2647 1279 η.
2681 1245 2699 1276 ι
2754 1225 2823 1278 Et
2855 1224 2982 1278 alibi
3019 1224 3095 1277 ait
3130 1242 3144 1279 :
3237 1241 3255 1273 ι
3290 1219 3344 1274 Si
3377 1230 3558 1272 autem

1966 1321 2085 1386 tilii,
2130 1320 2319 1388 utique
2361 1331 2417 1375 et
2445 1319 2692 1374 haeredes
2725 1334 2740 1371 :
2776 1318 3025 1373 haeredes
3057 1315 3278 1385 quidem
3322 1313 3436 1378 Dei,
3463 1325 3556 1365 co-

1967 1415 2211 1468 hmredes
2238 1423 2420 1468 autent
2454 1412 2661 1467 Christi
2699 1430 2710 1464 :
2768 1411 2814 1464 si
2860 1423 3041 1464 tamen
3073 1408 3463 1478 cumpatimur,
3504 1413 3563 1457 ut

1964 1518 2020 1564 et
2062 1505 2632 1578 eongloriticemur".
2667 1523 2686 1556 ι
2741 1502 2808 1556 Et
2857 1502 2987 1557 alibi
3019 1521 3031 1557 :
3069 1521 3087 1554 ι
3119 1501 3175 1555 Si
3230 1498 3562 1555 sustinueri-

1966 1617 2103 1663 mus,
2143 1600 2308 1653 etiam
2338 1597 2798 1664 conregnabimus
2827 1595 2892 1649 ".
2929 1613 2948 1646 ι
2994 1593 3098 1648 Pro
3133 1593 3385 1646 universa
3427 1606 3561 1659 ergo

1964 1703 2160 1746 natura
2197 1701 2382 1744 nostra
2419 1689 2512 1744 Dei
2550 1687 2790 1742 Verbum
2828 1685 2972 1739 Deus
3016 1682 3422 1738 inchoationem
3458 1696 3562 1735 no-

1963 1796 2132 1842 stram
2167 1784 2428 1852 suscepit,
2463 1791 2522 1836 ut
2551 1795 2672 1835 eam
2715 1794 2812 1848 per
2839 1792 3056 1834 omnem
3093 1775 3351 1829 virtutem
3390 1774 3562 1828 dedu—

1967 1893 2118 1941 cens,
2154 1877 2220 1930 ad
2261 1882 2540 1931 certamen
2588 1879 2918 1942 provocaret
2954 1868 3352 1932 adversarium,
3402 1881 3562 1920 suum

257 1958 470 2027 ἀρετῆς
501 1958 746 2026 ἀγαγὼν,
788 1960 869 2022 εἰς
919 1960 1096 2031 πάλην
1141 1960 1240 2030 μὲν
1274 1960 1561 2032 προτρέψῃ
1602 1960 1695 2014 τὸν
1728 1960 1854 2013 ἀντ-

1964 1984 2092 2024 vero
2121 1969 2388 2022 athletam
2427 1967 2694 2020 invictum
2720 1970 3006 2032 praestaret
3040 1979 3054 2014 :
3087 1971 3142 2014 et
3167 1961 3310 2014 hunc
3339 1959 3560 2028 quidem

257 2050 603 2120 αγωνιστὴν,
650 2050 800 2122 δείξῃ
848 2050 902 2103 δὲ
941 2052 1034 2104 τὸν
1089 2051 1332 2122 ἀθλητὴν
1415 2054 1725 2122 ἀήττητον·
1763 2053 1858 2105 καί¹

254 2141 450 2196 τοῦτον
485 2142 584 2211 μὲν
621 2141 964 2216 στεφανώσῃ,
990 2143 1200 2195 ἐκείνου
1221 2143 1279 2196 δὲ
1305 2143 1404 2214 τὴν
1424 2138 1592 2214 ἦτταν
1620 2143 1855 2214 κηρύξῃ,

256 2235 360 2287 καὶ
391 2234 762 2306 καταθαρρεῖν
786 2236 952 2288 αὑτοῦ
987 2235 1196 2298 πάντας
1224 2236 1655 2308 παρασκευάσῃ·
1689 2235 1771 2288 διὸ
1800 2238 1858 2288 ἐν

253 2331 375 2390 τοῖς
413 2329 577 2396 ἰεροῖς
615 2328 969 2395 Εὑαγγελὶοις
1005 2327 1180 2394 ἔλεγε,
1229 2327 1323 2381 νῦν
1359 2328 1490 2398 μέν’
1533 2348 1550 2378 ι
1583 2325 1737 2381 Εἶδον
1767 2329 1858 2382 τὸν

254 2420 505 2472 Σατανᾶν
548 2420 623 2482 ὡς
674 2421 963 2490 ἀστραπὴν
1009 2423 1073 2472 ἐκ
1116 2419 1210 2473 τοῦ
1260 2419 1492 2491 οὐρανοῦ
1527 2421 1797 2474 πεσόντα·
1832 2441 1850 2474 ι

254 2511 358 2563 νῦν
390 2511 482 2563 δέ’
520 2532 537 2563 ι
582 2512 706 2563 Ἐὰν
761 2513 834 2581 μή
875 2530 958 2575 τις
998 2512 1213 2583 εἰσέλοῃ
1268 2515 1350 2575 εἰς
1395 2513 1495 2582 τὴν
1546 2514 1725 2565 οἰκίαν
1761 2513 1854 2565 τοῦ

257 2601 510 2672 ἰσχυροῦ,
540 2603 636 2654 καὶ
672 2603 762 2655 τὸν
795 2603 1015 2672 ἰσχυρὸν
1043 2603 1202 2675 δήσῃ,
1240 2604 1358 2667 πῶς
1384 2605 1454 2657 τὰ
1491 2604 1662 2672 σκεύη
1691 2604 1856 2657 αὑτοῦ

250 2694 582 2764 διαρπάσει;
615 2715 632 2745 ι
668 2696 850 2747 οἰκίαν
889 2695 1065 2763 λέγων
1107 2696 1201 2748 τοῦ
1255 2696 1478 2768 ἰσχυροῦ
1511 2698 1610 2767 τὴν
1643 2696 1856 2768 ἀνθρω-

253 2785 420 2840 πείαν
469 2786 654 2855 φύσιν,
692 2788 768 2849 ὼς
804 2787 940 2856 πρὸς
987 2791 1193 2841 ἐκεῖνον
1239 2789 1716 2859 αὑτομολήσασαν,
1763 2790 1857 2842 καὶ

253 2880 372 2931 πᾶν
404 2880 466 2930 τὸ
499 2879 789 2933 κελευσθὲν
831 2882 922 2932 ὑπ’
974 2881 1184 2933 ἐκείνου
1238 2886 1413 2934 ποιεῖν
1453 2883 1851 2952 ἁνασχομένην,

253 2972 356 3024 καὶ
385 2971 706 3041 αὐθαίρετον
741 2973 985 3026 δουλείαν
1020 2975 1503 3044 ὲπισπασαμένην.
1544 2977 1653 3028 Καὶ
1693 2977 1856 3029 ἀλλα-

252 3063 357 3132 χοῦ
388 3063 466 3129 δὲ,
489 3085 504 3114 ι
529 3064 814 3135 Θαρσεῖτε,
834 3066 1018 3135 φησιν,
1040 3064 1150 3133 ἐγὼ
1181 3066 1442 3136 νενίκηκα
1471 3066 1563 3119 τὸν
1593 3069 1847 3138 κόσμον.»

254 3155 374 3208 Καὶ
400 3155 664 3224 ἑτέρωθεν
684 3174 698 3191 ο
731 3174 749 3206 ι
784 3155 898 3209 Νῦν
931 3157 1112 3226 κρίσις
1140 3157 1256 3208 ἐστί
1281 3156 1373 3211 τοῦ
1402 3159 1609 3229 κόσμου
1641 3160 1851 3222 τούτου,

254 3247 407 3300 vivo
438 3249 621 3317 ἄρχων
648 3248 743 3301 τοῦ
812 3248 1018 3318 κόσμου
1073 3248 1470 3318 ἐκϐληθήσεται
1514 3250 1646 3314 ἔξω·
1696 3251 1853 3320 κάγὼ

260 3338 363 3391 ἐὰν
429 3339 537 3391 ἀπὸ
594 3340 692 3409 τῆς
759 3341 862 3410 γῆς
916 3341 1136 3410 ὑψωθῶ,
1190 3341 1398 3405 πάντας
1450 3343 1662 3396 ἑλκύσω
1717 3346 1853 3416 πρὸς

256 3432 551 3499 ἐμαυτόν.»
586 3432 695 3485 Καὶ
735 3431 941 3502 προῖὼν
971 3433 1026 3486 δὲ
1055 3433 1214 3488 τοῦτο
1246 3434 1394 3503 λέγει
1424 3434 1787 3506 σαφέστερον·

257 3563 358 3617 ll".
400 3565 519 3616 Ὅτι
557 3565 726 3630 κοινὴ
773 3567 901 3640 etin:
921 3569 1247 3635 ἀνθρώπων
1288 3571 1609 3640 εὐεργεσία
1657 3573 1696 3639 ἠ
1751 3574 1857 3627 τοῦ

738 3638 1014 3704 Σωτῆρος
1040 3642 1374 3709 οἰκονομία.

337 3792 356 3823 ι
387 3773 458 3826 [la
472 3773 522 3842 ρὶ
554 3773 609 3824 δὲ
639 3773 895 3842 κρίσεως,
926 3774 1007 3825 ὅτι
1037 3775 1064 3826 ό
1091 3775 1276 3845 ἄρχων
1301 3776 1394 3828 τοῦ
1430 3775 1637 3844 κόσμου
1668 3777 1856 3830 τούτου

257 3865 549 3935 κέκριται’
578 3883 594 3914 ι
630 3865 724 3916 καὶ
759 3859 937 3926 αὖθις·
977 3885 993 3915 ι
1030 3867 1289 3935 Ἔρχεται
1315 3868 1343 3918 ὁ
1369 3868 1463 3920 τοῦ
1497 3869 1705 3936 κόσμου
1736 3870 1859 3922 τού-

256 3973 354 4009 του
388 3955 594 4026 ἄρχων,
625 3957 717 4008 καὶ
744 3958 801 4008 ἐν
833 3957 957 4026 ἐμοὶ
986 3957 1085 4009 οὐκ
1119 3958 1234 4027 ἔχει
1267 3959 1451 4012 οὐδέν’
1481 3980 1498 4010 ι
1535 3962 1717 4031 πάσης
1748 3962 1857 4032 γὰρ

257 4048 681 4120 ἀπηλλαγμένος
723 4050 924 4112 αἰτίας,
971 4050 1123 4102 οὐδὲν
1165 4048 1278 4121 εἶχε
1319 4051 1426 4104 τῶν
1460 4051 1554 4104 τοῦ
1607 4055 1855 4108 διαϐόλου

261 4143 616 4214 σπερμάτων.
647 4143 738 4194 Διὸ
785 4143 880 4194 καὶ
921 4143 984 4194 τὸ
1029 4147 1314 4214 τυραννεῖν
1349 4146 1716 4211 κατέπαυσεν,
1761 4151 1855 4202 καὶ

257 4233 516 4298 ἐξέϐαλεν
549 4231 674 4295 ἔξω,
706 4233 799 4285 καὶ
840 4233 944 4286 ὑπὸ
989 4234 1097 4287 τῶν
1145 4236 1314 4288 πάλαι
1352 4236 1716 4292 δουλευόντων
1747 4259 1853 4292 πα-

257 4327 472 4378 τεῖσθαι
518 4325 812 4395 πεποίηκε,
868 4327 1220 4396 παρεγγυῶν,
1264 4329 1357 4380 καὶ
1403 4329 1606 4398 λέγων·
1661 4351 1678 4383 ι
1721 4332 1854 4386 Ἰδοὺ

257 4416 454 4487 δίδωμι
484 4418 612 4486 ὑμῖν
636 4416 884 4482 ἐξουσίαν
910 4422 1103 4472 πατεῖν
1130 4421 1317 4474 ἐπάνω
1343 4406 1560 4490 bes-mw:
1574 4425 1669 4477 καὶ
1699 4444 1856 4498 σκορ-

259 4511 422 4572 πεων,
453 4510 548 4562 καὶ
574 4510 666 4561 ἐπὶ
699 4512 877 4563 πᾶσαν
907 4511 1008 4581 τὴν
1039 4511 1268 4582 δύναμιν
1296 4516 1657 4585 τοῦἘχθροῦ.
1690 4539 1706 4570 i
1741 4521 1855 4572 Ἴνα

258 4604 317 4657 δὲ
352 4604 443 4656 καὶ
494 4605 664 4675 αὐτὴν
724 4604 926 4674 ἴδωμεν
984 4605 1081 4676 τὴν
1142 4607 1278 4676 πρὸς
1313 4608 1405 4660 τὸν
1466 4609 1712 4663 διάϐολον
1748 4613 1853 4665 πά-

260 4693 382 4765 λην,
433 4693 675 4765 ἔλθωμεν
725 4696 819 4747 ἐπὶ
864 4697 960 4765 τὴν
1019 4698 1261 4768 ἱστορίαν
1316 4700 1422 4752 τῶν
1475 4704 1847 4771 Εὐαγγελίων.

273 4785 508 4858 Ἀνήχθη
540 4787 643 4838 ὑπὸ
678 4786 771 4839 τοῦ
806 4788 1118 4858 Πνεῦματος
1160 4791 1363 4858 Ἰησοῦς
1396 4795 1475 4856 εἰς
1506 4795 1602 4865 τὴν
1644 4796 1852 4867 ἔρημον

264 4879 404 4946 μετὰ
448 4878 508 4930 τὸ
547 4876 852 4946 βάπτισμα,
888 4881 1248 4950 πειρασθῆναι
1295 4884 1401 4936 ὑπὸ
1439 4887 1530 4938 τοῦ
1580 4887 1848 4944 διαδόλου.

273 4969 511 5040 ’Λνήχθη
547 4971 605 5024 δὲ
641 4972 739 5042 οὐχ
773 4973 800 5023 ὁ
841 4971 972 5034 Θεὸς
1002 4973 1192 5040 Λόγος,
1232 4975 1348 5028 ἀλλ’
1376 4979 1404 5029 ὁ
1435 4979 1497 5030 ὲκ
1538 4979 1852 5049 σπέρματος

261 5059 428 5113 Δαὸὶδ
454 5060 561 5113 ὑπὸ
584 5061 678 5114 τοῦ
709 5062 844 5115 Θεοῦ
877 5064 1050 5133 Λόγου
1091 5065 1320 5134 ληφθεὶς
1355 5069 1509 5131 ναός·
1536 5071 1597 5122 οὐ
1630 5071 1734 5141 γὰρ
1761 5073 1851 5126 τὸν

261 5154 394 5206 Θεὸν
417 5153 590 5222 Λόγον
619 5157 698 5218 εἰς
721 5156 821 5226 τὴν
846 5157 981 5227 πρὸς
1010 5158 1100 5211 τὸν
1121 5159 1366 5214 διάϐολον
1389 5162 1567 5231 πάλην
1593 5165 1851 5234 ἀπήγαγε

260 5249 324 5298 τὸ
349 5245 574 5316 Πνεῦμα
600 5248 661 5300 τὸ
691 5247 868 5316 ἅγιον,
898 5250 1012 5303 ἀλλ’
1031 5252 1088 5304 ὃν
1121 5253 1178 5304 ὲν
1209 5257 1275 5324 τῇ
1307 5255 1571 5326 Παρθένῳ
1596 5256 1851 5312 διεπλασε

263 5336 342 5406 τῷ
366 5335 484 5406 Θεῷ
523 5337 682 5410 Λόγῳ
720 5341 867 5396 ναόν.
906 5344 1122 5406 ’Λσιτος
1151 5344 1452 5398 διετέλεσεν
1485 5348 1699 5417 ἡμέρας
1731 5368 1853 5403 τεσ-

265 5427 593 5497 σαράκοντα,
629 5431 722 5482 καὶ
751 5430 952 5495 νύκτας
980 5433 1299 5503 ἰσαρίθμους
1320 5452 1332 5464 ·
1360 5435 1422 5487 οὐ
1451 5435 1559 5507 γὰρ
1591 5435 1855 5509 ἠθέλησεν

335 5607 378 5638 ⁸⁵
419 5607 580 5661 Rom.
612 5624 729 5670 νιιι,
769 5607 859 5667 99.
901 5611 989 5664 50.
1068 5611 1108 5643 ⁸⁷
1133 5612 1262 5668 ibid.
1299 5614 1386 5669 17.

263 5672 351 5730 55.
430 5679 476 5708 ³⁸
513 5675 670 5732 Joan.
707 5695 805 5744 xtl,
840 5680 929 5736 51.
991 5681 1037 5712 ³³
1071 5682 1199 5738 ibid.
1235 5683 1326 5740 52.

1471 5615 1513 5647 ⁸⁸
1543 5615 1582 5671 ll
1613 5617 1752 5672 Tim.
1787 5634 1844 5681 ιι,
1877 5619 1965 5673 12.

1403 5686 1449 5717 ³⁵
1485 5685 1641 5742 Joan.
1685 5705 1798 5756 XVI,
1833 5691 1920 5745 11.

1962 2069 2275 2123 coronaret,
2307 2057 2452 2112 illius
2480 2067 2662 2110 autem
2691 2057 2900 2109 cladem
2934 2052 3324 2123 proclamaret,
3356 2060 3410 2105 et
3437 2065 3562 2103 om-

1964 2153 2122 2206 nibus
2154 2150 2417 2205 adversus
2455 2148 2604 2201 illum
2642 2146 2929 2201 audaciam
2974 2155 3222 2215 augeret.
3257 2143 3472 2198 idcirco
3504 2144 3559 2196 in

1961 2243 2132 2298 sacris
2160 2242 2467 2311 Evangeliis
2499 2243 2658 2294 modo
2695 2239 2875 2294 aiebat
2913 2255 2927 2292 :
2959 2257 2976 2289 ι
3009 2237 3268 2291 Videbam
3299 2235 3559 2289 Satanam

1960 2337 2103 2391 sicut
2161 2336 2342 2404 fulgur
2386 2335 2453 2389 de
2497 2333 2636 2388 coelo
2685 2333 2971 2386 cadentem
2999 2331 3072 2396 ¹⁹;
3109 2347 3127 2379 ι
3182 2345 3326 2383 nunc
3383 2344 3558 2384 vero:

1968 2447 1985 2479 ι
2023 2427 2132 2480 Nisi
2177 2429 2299 2494 quis
2343 2425 2397 2478 in
2449 2425 2607 2477 fortis
2643 2423 2864 2476 donnnn
2908 2421 3220 2483 intraverit,
3257 2418 3563 2489 fortemque

1960 2518 2284 2588 alligaverit,
2313 2517 2587 2586 quomodo
2616 2532 2743 2571 vasa
2772 2517 2892 2584 ejus
2915 2514 3140 2583 diripiet
3167 2512 3255 2566 ὀἳ
3287 2533 3306 2565 ι
3341 2515 3560 2568 domum

1963 2611 2122 2666 fortis
2152 2613 2340 2666 dicens
2375 2613 2670 2664 humanam
2706 2618 2981 2672 naturam,
3021 2623 3118 2661 ceu
3147 2622 3265 2674 qlia:
3304 2608 3370 2660 ad
3411 2608 3560 2659 illuni

1961 2702 2284 2772 profugerit,
2323 2712 2379 2755 et
2407 2701 2588 2754 untnia
2633 2700 2804 2768 ipsius
2843 2699 3098 2751 mandata
3142 2698 3367 2767 exsequi
3402 2714 3562 2766 passa

1963 2797 2146 2860 fuerit,
2173 2796 2568 2862 servitiumque
2596 2793 2700 2847 sibi
2739 2801 2934 2861 sponte
2964 2792 3303 2859 imposuerit.
3336 2791 3399 2846 Et
3432 2792 3561 2845 alibi

1960 2902 2213 2954 quoque:
2253 2905 2269 2937 ι
2297 2885 2585 2948 Contiditc,
2641 2883 2839 2953 inquit,
2879 2897 2981 2952 ego
3011 2882 3116 2935 vici
3151 2883 3410 2935 mundum
3435 2882 3502 2934 ¹¹.
3538 2901 3556 2931 ι

1963 2981 2025 3033 Et
2050 2979 2154 3034 alio
2177 2980 2294 3034 loco
2321 2996 2335 3034 :
2361 2996 2378 3029 ι
2403 2976 2554 3031 Nune
2573 2975 2838 3044 judicium
2863 2985 2946 3030 est
2970 2973 3180 3039 mundi,
3209 2990 3351 3027 nunc
3375 2973 3560 3027 mundi

1961 3075 2211 3142 princeps
2269 3072 2518 3143 ejicietur
2565 3069 2711 3125 ioras
2742 3071 2816 3133 ";
2856 3089 2873 3120 i
2911 3078 2966 3122 et
2993 3088 3010 3119 ‹
3045 3066 3157 3136 Ego
3213 3067 3258 3122 si
3286 3067 3564 3120 exaltatns

1960 3167 2114 3222 t'uero
2147 3184 2176 3220 a
2226 3175 2395 3226 terra,
2431 3179 2623 3218 omnes
2657 3163 2870 3216 trahant
2907 3162 2971 3214 ad
3011 3175 3098 3213 me
3130 3160 3306 3228 ipsum
3334 3158 3400 3210 ".
3438 3174 3457 3207 ι
3497 3155 3564 3209 lit

1909 3305 1925 3325 ,
1964 3274 2126 3328 porro
2158 3273 2411 3326 pergens,
2454 3257 2504 3308 id
2545 3256 2719 3323 ipsum
2755 3254 2960 3309 clarius
2989 3252 3164 3305 dicit:

1960 3570 2098 3626 XI”.
2143 3568 2298 3634 Quod
2326 3583 2599 3623 cummune
2627 3584 2752 3633 erga
2791 3568 3027 3617 IlUllllllt’S
3060 3563 3366 3630 bene/icium
3397 3562 3560 3629 fuerit

2429 3637 2727 3693 Servatoris
2765 3637 3091 3690 inrui-natio.

2037 3799 2053 3830 ι
2092 3777 2395 3847 iiejudicio
2437 3776 2680 3845 quidem,
2717 3777 2842 3842 quia
2878 3777 3132 3843 pritireps
3175 3775 3359 3827 tnundi
3399 3775 3563 3846 hujus

1957 3869 2066 3936 iatn
2123 3867 2402 3936 judicatus
2442 3866 2616 3919 est“.
2654 3885 2670 3916 ι
2723 3865 2786 3917 Et
2841 3883 3068 3920 rursus:
3108 3885 3124 3916 (
3164 3865 3321 3919 Venit
3374 3869 3557 3922 tntindi

1960 3956 2119 4024 hujus
2152 3959 2426 4026 princeps,
2463 3964 2516 4008 et
2549 3955 2600 4007 in
2636 3970 2720 4008 me
2766 3972 2872 4008 non
2909 3956 3069 4008 habet
3097 3955 3394 4024 quidquam
3417 3957 3460 3987 ²⁸
3489 3973 3501 4009 :
3536 3977 3556 4009 ι

1960 4065 2218 4119 namque,
2240 4048 2386 4100 omni
2418 4048 2652 4102 crimine
2680 4047 2913 4112 alienus,
2951 4046 3093 4100 trulla
3123 4047 3324 4101 diaboli
3351 4049 3558 4103 semina

1961 4142 2217 4194 habebat.
2251 4138 2405 4193 Unde
2435 4151 2492 4192 et
2528 4139 2670 4192 hunc
2701 4139 2988 4210 tyrannide
3021 4141 3293 4207 deposuit,
3333 4154 3385 4194 et
3415 4145 3565 4195 t'oras

1958 4233 2142 4300 ejecit,
2182 4240 2235 4286 et
2274 4232 2492 4285 illorum
2535 4233 2626 4301 qui
2677 4245 2837 4285 antea
2876 4233 2924 4286 ei
2982 4233 3297 4286 serviebant
3335 4234 3561 4303 pedibus

1959 4323 2219 4391 subjecit,
2276 4324 2576 4377 adhortans
2635 4325 2931 4393 dicensque
2977 4342 2990 4378 ;
3033 4343 3051 4376 t
3084 4322 3228 4379 Ecce
3281 4342 3382 4394 ego
3438 4326 3561 4378 dedi

1959 4416 2113 4470 Vobis
2145 4425 2470 4485 potestatein
2501 4416 2750 4470 calcandi
2791 4432 2956 4486 supra
3000 4427 3286 4482 serpentes
3319 4427 3373 4470 et
3407 4432 3560 4470 scor-

1957 4513 2168 4580 piones,
2215 4523 2267 4566 et
2300 4529 2466 4582 super
2498 4527 2717 4565 omnem
2765 4512 3022 4565 virtutem
3065 4510 3276 4564 inimici
3307 4511 3376 4566 ".
3414 4527 3432 4561 ι
3465 4512 3562 4565 At-

1960 4622 2065 4675 que
2097 4618 2155 4658 ut
2191 4606 2363 4676 ipsam
2393 4608 2659 4659 adversus
2687 4603 2963 4656 diabolum
2993 4605 3195 4657 laetam
3227 4616 3559 4672 spectemus,

1961 4698 2025 4748 ad
2081 4692 2721 4764 evangelieam819m.
2772 4694 3058 4747 historiam
3102 4695 3409 4748 veniamus.
3452 4695 3553 4749 Du-

1960 4798 2081 4842 ctus
2125 4797 2209 4842 εει
2256 4805 2285 4841 a
2335 4787 2542 4856 Spiritu
2599 4788 2651 4840 iu
2700 4787 2976 4840 desertum
3025 4783 3183 4840 Jesus
3225 4797 3345 4856 post
3386 4788 3562 4856 bapti-

1960 4897 2136 4935 smum
2166 4890 2223 4934 ut
2269 4889 2574 4941 tentaretur
2607 4897 2632 4933 a
2660 4878 2876 4933 diabolo
2896 4879 2960 4932 ⁸⁷.
2993 4877 3228 4932 Dnctum
3262 4888 3346 4933 est
3377 4892 3558 4934 autem

1958 4989 2066 5027 non
2099 4973 2194 5028 Dei
2219 4971 2484 5036 Verbum,
2510 4973 2607 5028 sed
2637 4974 2768 5028 illud
2800 4990 2866 5028 ex
2901 4973 3125 5029 Davidis
3157 4976 3366 5029 semine
3394 4991 3422 5028 a
3453 4977 3562 5029 lien

1967 5065 2140 5121 Verbo
2178 5067 2435 5134 templum
2467 5077 2830 5136 assumptum.
2870 5065 2986 5120 Non
3023 5069 3170 5122 enim
3214 5067 3384 5122 Deum
3424 5067 3559 5122 Ver—

1953 5158 2080 5212 bum
2121 5158 2187 5211 ad
2225 5157 2541 5212 luctandum
2591 5175 2714 5213 eum
2767 5159 2988 5214 diabolo
3037 5161 3265 5214 abduxit
3319 5160 3560 5228 Spiritus

1953 5263 2196 5315 sanctus,
2233 5253 2326 5306 sed
2362 5252 2511 5316 illud,
2548 5253 2792 5318 inquam,
2833 5253 2975 5323 quod
3009 5269 3076 5308 ex
3104 5253 3325 5323 Virgine
3353 5252 3558 5307 [orma-

1956 5352 2106 5395 verat
2155 5339 2267 5396 Deo
2326 5342 2507 5397 Verbo
2568 5343 2852 5412 templum.
2921 5344 3300 5399 Perseveravit
3336 5344 3558 5414 jejunus

1954 5437 2316 5507 quadraginta
2351 5440 2564 5506 diebus,
2594 5439 2934 5510 totidemque
2965 5440 3239 5496 noctibus.
3269 5439 3385 5494 Non
3408 5439 3558 5494 enim

2050 5621 2089 5652 ¹⁹
2129 5619 2260 5675 Luc.
2296 5637 2354 5683 χ,
2396 5620 2483 5676 18.

1999 5693 2044 5724 ’⁸
2072 5691 2229 5747 Joan.
2266 5709 2374 5757 xiv,
2407 5692 2496 5748 30.

2563 5621 2832 5680 "Matth.
2863 5641 2962 5688 xtl,
2991 5627 3083 5682 29.

2573 5695 2620 5727 ¹⁶
2651 5694 2782 5751 Luc.
2827 5713 2880 5761 κ,
2912 5698 2999 5753 lt).

3183 5629 3225 5658 ²¹
3255 5627 3414 5681 .Ιο;ιιι.
3437 5642 3548 5685 xw.

3078 5699 3121 5728 ³⁷
3157 5698 3349 5753 Matth.
3389 5715 3462 5762 tv,
3497 5699 3550 5752 1.

453 5857 1245 5948 {$3.995'1_89tvw36q¢.quaeest
1315 5865 1474 5922 lectio
1535 5884 1665 5924 sana
1727 5882 1810 5926 est
1887 5872 2095 5929 niliilve
2145 5877 2320 5942 deest,
2356 5877 2572 5934 videtur
2628 5880 2960 5948 idiotismns,
3009 5883 3083 5938 uti
3136 5891 3216 5940 est
3265 5881 3443 5948 κοινὸς
3493 5883 3550 5940 in

267 5929 436 5986 sacris
463 5928 647 5986 Bibliis
674 5946 771 6000 pro
795 5928 1353 6000 pollutuﬂprafanus.
