3926 6502
460 488 605 548 “39

1434 484 1493 542 S.
1534 480 1816 541 CYBILLl
1849 477 2320 537 ALEXANDRINI
2357 475 2680 537 ARCUIEP.

3590 467 3693 527 ιω

462 601 635 655 voluit
654 613 841 654 eorum
864 596 957 667 qui
986 596 1117 653 olim
1134 596 1516 668 jejunaverant
1540 611 1846 651 mensuram
1870 608 2029 649 exce-

2133 592 2434 663 ὑπερϐῆναι
2465 592 2574 647 τῶν
2603 590 2771 646 πάλαι
2809 584 3266 659 νενηστευκότων
3293 580 3357 637 τὸ
3390 581 3602 676 μέτρον,

462 690 614 757 dere,
656 707 722 745 ne
752 691 1015 745 adversus
1050 704 1110 744 se
1143 704 1378 761 pugnam
1434 688 1783 743 advenerim
1810 688 2028 757 defuge-

2133 682 2208 754 μὴ
2235 683 2381 753 φύγῃ
2414 684 2516 753 τὴν
2547 681 2685 752 πρὸς
2708 679 2873 735 αὐτὸν
2896 682 2928 733 6
2950 677 3262 739 ἀντίπαλος
3294 675 3505 745 μάχην,
3537 674 3620 726 ἴνα
3646 674 3701 743 μή

464 792 566 845 ret.
596 799 683 844 ne,
711 780 952 849 inquam,
972 794 1041 837 eo
1071 781 1161 851 qui
1195 781 1441 836 occultus
1462 790 1579 836 erat
1602 781 1807 851 agnito,
1837 779 2026 835 luctari

461 888 583 927 cum
633 871 921 927 manifesto
975 883 1273 927 recusaret.
1322 871 1494 935 Huius
1539 872 1619 927 rei
1672 887 1859 935 causa,
1910 880 2029 940 post

463 965 780 1032 praedictum
813 963 1023 1019 dierum
1057 978 1361 1029 numerum,
1401 964 1649 1018 humane
1676 973 1881 1017 natura
1908 978 2031 1031 pas-

462 1056 670 1111 sionem
700 1054 982 1125 patefecit,
1011 1054 1259 1125 permisit
1294 1053 1420 1108 fami
1452 1054 1678 1119 aditum,
1708 1053 1850 1107 fame
1884 1054 2029 1108 vide-

462 1142 590 1199 licet
623 1158 809 1199 ansam
842 1143 1060 1200 diabolo
1099 1143 1365 1213 prtebens.
1412 1140 1529 1197 Non
1578 1144 1724 1197 enim
1772 1145 2031 1199 accedere

466 1237 721 1299 audebat,
754 1236 879 1303 quia
912 1235 1079 1290 multa
1113 1236 1178 1289 ab
1218 1250 1284 1291 eo
1319 1236 1478 1307 digna
1523 1235 1633 1291 Deo
1667 1235 1805 1318 facta
1833 1238 2030 1290 obser-

463 1344 703 1388 vaverat.
740 1333 985 1401 Namque
1016 1339 1076 1386 et
1116 1330 1290 1401 angeli
1322 1344 1388 1384 eo
1419 1338 1547 1383 nato
1580 1328 2031 1397 tripudiaverant,

463 1435 520 1483 et
550 1436 798 1482 exortum
822 1425 973 1480 sidus
999 1438 1189 1493 magos
1216 1423 1516 1478 deduxerat
1540 1422 1607 1477 ad
1633 1420 2030 1485 adorationem,

465 1532 657 1585 nempe
692 1517 934 1587 ejusdem
973 1516 1182 1571 ordinis
1211 1514 1614 1584 antesignanos,
1643 1522 1698 1567 et
1740 1512 1916 1579 Ipsum
1948 1511 2033 1587 ,νί-

463 1608 618 1664 derat
642 1606 753 1675 iam
786 1606 911 1663 inde
942 1622 972 1661 a
1005 1606 1235 1676 pueritia
1277 1604 1424 1660 omni
1446 1602 1676 1675 iustitiae
1702 1602 1966 1665 deditum,
2000 1615 2030 1653 a

464 1698 707 1768 nequitia
742 1699 1148 1761 abhorrentem,
1183 1694 1403 1750 malitia:
1435 1707 1687 1759 osorem;
1726 1697 1889 1761 attiue
1915 1692 2033 1746 haec

463 1790 759 1845 secundum
804 1788 1010 1844 editum
1078 1788 1146 1845 de
1195 1802 1261 1843 eo
1313 1802 1341 1841 a
1385 1787 1645 1858 praplteta
1692 1783 2030 1850 vaticinium,

461 1879 717 1951 quoniam
756 1898 776 1930 ι
806 1878 1123 1949 Priusquam
1173 1862 1464 1949 cognoscat
1521 1878 1636 1947 ipse
1689 1877 1887 1931 bonum
1943 1875 2030 1927 vel

2130 775 2399 845 γνωρίσας
2430 775 2521 828 τὸν
2558 772 2955 846 κρυπτόμενον,
2979 769 3135 841 φύγῃ
3160 769 3267 840 τὴν
3292 767 3437 851 πρὶς
3461 765 3524 818 τὸ
3551 764 3705 833 φαινό-

2133 884 2292 938 μενον
2334 867 2533 937 πάλην.
2564 864 2769 919 Τούτου
2804 863 2965 935 χάριν
3006 859 3150 933 μετά
3179 859 3278 913 τὸν
3318 855 3705 929 προειρημένοι

2129 959 2360 1030 ἀριθμὸν
2402 958 2513 1011 τῶν
2554 953 2799 1029 ήμερῶν,
2840 954 2943 1024 τῆς
2988 951 3351 1023 ἀνθρωπείας
3400 948 3620 1017 φύσεως
3664 946 3711 999 νδ

2132 1051 2302 1115 πάθος
2352 1049 2667 1120 ὑποφαίνει,
2717 1048 2811 1103 καὶ
2861 1046 3139 1116 συγχωρεῖ
3194 1046 3270 1115 τῇ
3317 1042 3487 1113 πείνη
3544 1039 3711 1112 χώραν

2130 1142 2335 1207 λαϐεῖν,
2368 1142 2536 1213 λαϐὴν
2559 1138 2751 1210 ἑκείνῳ
2775 1138 2865 1192 8ιά
2893 1136 2996 1206 τῆς
3035 1136 3231 1205 πείνης
3267 1133 3490 1196 διδούς·
3529 1132 3592 1185 οὐ
3622 1131 3719 1201 γὰρ

2132 1231 2452 1307 προσελθεῖν
2514 1232 2721 1303 ὶτόλμα
2744 1270 2761 1295 ,
2814 1227 2986 1283 πολλά
3036 1226 3166 1299 περὶ
3215 1223 3392 1278 αὑτὸν
3446 1221 3722 1293 θεοπρεπῆ

2130 1324 2391 1391 γινόμενα
2434 1318 2658 1389 θεωρῶν
2677 1336 2693 1349 ·
2722 1316 2817 1372 καὶ
2848 1315 2958 1386 γὰρ
2986 1313 3211 1382 ἄγγελοι
3256 1312 3561 1384 τεχθέντος
3614 1311 3722 1381 ἑχό-

2134 1426 2320 1481 ρευον,
2382 1408 2668 1472 ἀνατείλας
2723 1406 2900 1478 ἀστήρ
2960 1404 3172 1475 μάγους
3232 1404 3596 1474 ὲτσσδήτησεν
3657 1404 3727 1463 ti;

2135 1499 2505 1573 προσκύνησιν
2540 1501 2668 1563 τοὺς
2705 1498 2804 1569 τῆς
2832 1496 3003 1565 αὐτῆς
3036 1495 3325 1564 φάλαγγος
3368 1494 3725 1564 κορυφαίους.

2133 1592 2229 1644 καὶ
2260 1589 2422 1644 αὐτὸν
2448 1589 2595 1660 ἑώρα
2623 1590 2807 1642 πᾶσαν
2833 1590 2898 1641 ὲκ
2927 1586 3117 1647 παιδὸς
3153 1585 3422 1657 μετιόντα
3460 1582 3731 1637 δικαιοσύ-

2133 1699 2252 1751 νην,
2283 1680 2701 1752 βδελυττόμενον
2727 1680 2948 1741 κακίαν.
2978 1677 3397 1750 μυσαττόμενον
3430 1674 3728 1745 πονηρίαν·

2132 1772 2225 1827 καὶ
2256 1773 2427 1826 ταῦτα
2455 1771 2602 1846 [cod.
2623 1769 2851 1843 ταύτην]
2883 1770 3023 1824 κατά
3054 1768 3152 1839 τήν
3182 1769 3265 1830 είς
3294 1766 3471 1819 αὐτὸν
3497 1782 3731 1835 γεγενη-

2136 1862 2304 1933 μένην
2348 1862 2653 1935 πρόρρησιν
2701 1859 2807 1914 ὑπὸ
2854 1858 2955 1915 τοῦ
2994 1858 3299 1929 προφήτου.
3334 1857 3427 1909 ὅτι
3468 1874 3488 1907 ι
3520 1856 3663 1927 Πρὶν
3700 1854 3731 1921 ἢ

463 1945 686 2035 uitatum,
716 1985 822 2025 non
855 1945 1042 2025 credet
1080 1945 1319 2033 maliti-a2,
1358 1978 1414 2023 ut
1453 1945 1615 2038 eligat
1638 1968 1780 2036 quod
1828 1966 2029 2021 bonum

2133 1951 2338 2021 γνῶναι
2369 1953 2528 2005 αὑτὸν
2557 1951 2760 2021 ἀγαθὸν
2792 1950 2825 2021 ἦ
2860 1950 3052 2011 κακὸν,
3095 1948 3317 2002 ἀπειθεῖ
3354 1948 3615 2019 πονηρία
3643 1945 3733 1998 τοῦ

463 2061 613 2117 est"
644 2062 745 2132 (l).
779 2081 799 2114 ι
867 2060 1152 2118 Clamabat
1195 2076 1412 2131 quoque
1472 2060 1711 2115 Joannes
1765 2075 1780 2115 :
1832 2078 1851 2110 ι
1890 2048 2034 2113 Ecce

468 2166 640 2221 agnus
682 2151 801 2218 Dei,
844 2153 937 2223 qui
992 2151 1130 2208 tollit
1176 2162 1455 2221 peccatum
1504 2151 1690 2205 mundi
1714 2152 1781 2204 ".
1811 2168 1831 2202 ι
1871 2149 2035 2205 Pater

468 2242 697 2309 ωομεν
729 2242 1028 2295 testabatur
1056 2259 1071 2295 :
1109 2260 1127 2293 ι
1162 2240 1260 2294 Hic
1284 2250 1369 2294 est
1398 2239 1569 2294 Filius
1593 2254 1745 2294 meus
1774 2240 2033 2304 dilectus,

467 2333 521 2387 in
558 2346 665 2401 quo
698 2331 830 2386 mihi
872 2330 1174 2403 complacui
1200 2331 1269 2386 ³⁸.
1304 2350 1322 2382 ι
1360 2330 1543 2387 Gratia
1585 2329 1819 2400 denique
1859 2330 2033 2400 Spiri—

466 2431 553 2478 tus
582 2422 753 2477 sancti
784 2423 1118 2493 supervenit.
1147 2422 1272 2478 Haec
1304 2430 1360 2477 et
1397 2421 1662 2490 ejusmodi
1706 2421 1811 2477 alia
1848 2422 2030 2476 diabo-

466 2512 575 2566 lum
620 2511 1041 2578 terrefacientia,
1089 2529 1194 2567 non
1241 2513 1493 2569 sinebant
1535 2513 1796 2568 accedere
1824 2512 1889 2567 ad
1934 2527 2032 2567 no-

466 2611 595 2657 strae
631 2610 838 2657 natura:
882 2601 1160 2657 athletam.
1197 2601 1302 2657 Sed
1343 2612 1625 2672 postquam
1671 2602 1718 2657 is
1755 2601 1911 2657 fumis
1938 2616 2029 2655 ac-

465 2707 678 2747 cessum
706 2692 950 2759 admisit,
986 2694 1271 2762 ipsumque
1298 2694 1437 2748 vidit
1463 2694 1681 2748 humani
1714 2690 2033 2747 nutrimenti

467 2782 729 2854 mdignm,
766 2798 939 2855 neque
976 2786 1114 2839 ultra
1144 2785 1492 2853 antiquorum
1523 2783 1802 2839 hominum
1848 2793 2036 2839 termi-

470 2886 594 2927 num
628 2873 828 2928 durare
852 2874 1143 2938 valentem,
1179 2884 1305 2929 tunc
1339 2873 1593 2937 accessit.
1626 2888 1811 2929 ansam
1845 2875 2037 2929 existi-

469 2979 625 3020 mans
673 2979 733 3021 se
780 2966 992 3033 cepisse
1042 2966 1368 3030 maximam,
1423 2964 1748 3037 facilemque
1807 2966 2035 3023 credens

465 3052 750 3109 victoriam
794 3052 1114 3108 relaturum.

533 3164 769 3235 man.
815 3162 952 3220 XIV.
994 3162 1277 3235 Quomodo
1325 3166 1595 3221 diabolum
1627 3167 1961 3222 debellatum

980 3234 1214 3290 Christus
1256 3234 1527 3292 Dominus.

2132 2042 2453 2109 ἐκλέξασθαι
2482 2044 2543 2095 τὸ
2574 2041 2778 2111 ἀγαθόν
2799 2059 2814 2073 ·
2836 2060 2855 2092 ι
2890 2038 3094 2094 ὲϐόαδὶ
3121 2038 3217 2092 καὶ
3248 2039 3523 2108 Ἰωάννης
3544 2057 3559 2066 ο
3588 2056 3609 2087 ‹
3636 2035 3732 2087 Ἶῦε

2132 2137 2161 2187 6
2184 2135 2355 2205 ἀμνὸς
2376 2134 2472 2188 τοῦ
2490 2133 2651 2201 Θεοῦ,
2671 2135 2701 2186 6
2722 2132 2896 2205 αἴρων
2908 2131 3010 2203 τὴν
3024 2129 3301 2202 ἀμαρτίαν
3326 2128 3428 2181 τοῦ
3452 2129 3688 2198 κόσμου.
3711 2146 3729 2175 ο

2132 2227 2323 2295 Πατήρ
2374 2225 2580 2281 ἀνωθεν
2622 2223 3005 2296 δμαρτύρησεν
3031 2239 3045 2252 ·
3082 2239 3102 2273 t
3142 2214 3315 2282 οὗτός
3347 2221 3510 2273 ἐστιν
3550 2222 3583 2272 6
3615 2218 3733 2280 ne;

2134 2317 2280 2386 μουὸ
2308 2314 2614 2385 ἀγαπητὸς,
2639 2316 2697 2367 ὲν
2727 2307 2772 2383 ᾧ
2804 2314 3100 2384 ηὐδόκησα.
3126 2330 3145 2363 ι
3177 2309 3287 2364 Τοῦ
3330 2308 3665 2379 Πνεῦματιος
3700 2310 3730 2375 '1;

2130 2406 2292 2478 χάρις
2318 2407 2592 2478 ὲφοίτησε.
2620 2405 2806 2461 Ταῦτα
2836 2406 2930 2460 καὶ
2956 2408 3058 2459 ὅσα
3090 2403 3323 2458 τοιαῦτα
3356 2403 3459 2455 τὸν
3484 2402 3732 2457 διάϐολον

2130 2496 2580 2567 καταπλήττοντα
2613 2496 2929 2569 προσελθεῖν
2957 2496 3060 2549 οὐκ
3089 2497 3176 2549 εἷα
3202 2495 3287 2566 τῷ
3314 2498 3421 2565 τῆς
3449 2494 3729 2565 ἡμετέρας

2132 2585 2349 2655 φύσεως
2394 2585 2641 2658 ἀθλητῇ·
2672 2587 2751 2650 ὡς
2786 2585 2843 2639 δὲ
2881 2586 2980 2655 τῆς
3026 2584 3220 2655 πείνης
3264 2586 3369 2655 τὴν
3418 2584 3727 2655 προσϐολὴν

2134 2677 2449 2745 ὑπεδέξατο,
2482 2680 2577 2733 καὶ
2618 2680 2824 2750 τροφῆς
2852 2677 3018 2733 αὐτὸν
3050 2672 3194 2731 εῐδεν
3224 2675 3592 2748 ἀνθρωπίνης
3622 2677 3727 2729 δεό-

2138 2786 2318 2841 μενον,
2366 2771 2462 2824 καὶ
2509 2774 2799 2842 καρτερεῖν
2832 2769 3146 2841 περαιτέρω
3184 2769 3296 2823 τῶν
3339 2770 3597 2823 παλαιῶν
3635 2771 3723 2821 ἀν-

2133 2861 2275 2932 δρῶν
2297 2861 2359 2914 οὐ
2387 2861 2703 2931 δυνάμενον,
2736 2860 3122 2932 προσέρχεται,
3151 2858 3326 2931 λαϐὴν
3353 2861 3611 2931 οίὸμενος
3638 2860 3723 2912 εὖ·

2136 2952 2365 3024 ρηκὲναι
2396 2954 2684 3025 μεγίστην,
2713 2953 2807 3007 καὶ
2837 2954 3083 3024 νικήσειν
3116 2950 3320 3023 ῥᾳδίως
3349 2953 3653 3007 πιστεύων.

2208 3180 2309 3232 1Δ⁹υ
2352 3178 2473 3233 Τίνι
2504 3178 2701 3246 τρόπῳ
2731 3176 3181 3245 κατηγωνίσατο
3218 3178 3332 3232 τὸν
3367 3178 3657 3237 διάϐολον·

2580 3249 2619 3302 ὁ
2651 3248 2961 3312 Δεσπότης
2998 3249 3271 3315 Χριστός.

532 3353 611 3409 Ac
641 3352 1091 3422 quemadmodum
1128 3354 1180 3408 in
1234 3354 1440 3425 proeliis
1469 3369 1591 3410 cum
1625 3357 1749 3423 quis
1784 3356 1897 3410 vult
1927 3356 2030 3411 ali-

2204 3358 2317 3413 Καὶ
2361 3357 2615 3429 καθάπερ
2646 3358 2705 3411 ὲν
2735 3360 2849 3421 τοῖς
2878 3357 3138 3428 πολέμοις
3161 3358 3255 3412 τὸν
3290 3361 3633 3435 πανταχόθεν
3657 3365 3720 3433 τῇ

464 3460 626 3516 quem
653 3446 1058 3516 cataphractum
1095 3444 1201 3501 telo
1227 3455 1501 3517 appetere,
1525 3454 1696 3502 totum
1722 3448 1897 3503 oculis
1922 3449 2032 3504 cir-

464 3546 795 3603 cumtuetur,
819 3538 1031 3591 eminus
1051 3538 1367 3602 observans,
1397 3540 1595 3591 nudum
1620 3538 1834 3607 aliquod
1866 3554 2032 3595 mem-

462 3627 619 3682 brum
650 3627 961 3696 explorans,
992 3635 1049 3681 ut
1074 3625 1200 3681 illuc
1230 3626 1482 3707 sagittam
1516 3628 1754 3693 dirigens
1781 3628 2034 3684 adversa-

465 3720 603 3774 rium
633 3718 915 3783 vulneret;
944 3718 1024 3773 sic
1049 3716 1297 3773 diabolus
1326 3718 1472 3773 omni
1517 3717 1726 3786 iustitia
1753 3719 2031 3775 Christum

462 3810 655 3865 videns
702 3817 1006 3875 armatum,
1058 3810 1331 3879 situmque
1366 3809 1619 3865 idonenm
1663 3822 1912 3868 scrutans
1964 3818 2031 3868 ad

463 3914 623 3970 quem
662 3900 823 3955 telum
854 3900 1130 3971 dirigeret,
1162 3912 1219 3953 ut
1251 3911 1617 3971 emergentem
1644 3903 1779 3957 vidit
1812 3900 2032 3971 famem,

463 3991 719 4047 audacter
744 3991 955 4047 accedit
978 4006 1077 4048 ceu
1112 4007 1171 4048 re
1196 3994 1419 4062 quaesita
1462 3994 1685 4063 potitus,
1709 3995 1831 4063 quia
1864 3994 2032 4064 ipsam

465 4083 828 4155 progenitoris
859 4084 1163 4154 passionem
1199 4087 1252 4140 in
1289 4100 1355 4141 eo
1390 4086 1841 4157 deprehenderat.
1872 4087 2036 4145 Nam-

462 4188 569 4242 que
609 4181 665 4229 et
699 4173 845 4228 illum
894 4190 1019 4231 esca
1047 4174 1225 4231 oblata
1273 4174 1418 4235 felici
1447 4177 1553 4231 vita
1597 4178 1940 4247 spoliarent,
1982 4188 2035 4234 et

462 4264 668 4329 sudori,
700 4280 971 4330 erumnas,
1003 4281 1067 4321 ac
1099 4266 1257 4321 morti
1285 4267 1645 4338 implicuerat.
1682 4269 1823 4341 Ergo
1851 4271 1925 4325 ita
1954 4272 2032 4326 di-

463 4372 592 4412 cens
619 4358 822 4413 accedit
848 4375 874 4412 τι
896 4375 917 4410 ι
953 4357 1011 4413 Si
1040 4356 1209 4413 Filius
1252 4358 1342 4413 Dei
1376 4374 1456 4423 es,
1485 4359 1574 4414 die
1614 4370 1672 4414 ut
1712 4361 1919 4429 lapides
1946 4363 2031 4418 isti

461 4464 627 4519 partes
658 4448 791 4502 fiant
824 4449 889 4501 “.
926 4467 946 4503 ι
991 4448 1152 4505 Certe
1193 4450 1245 4504 id
1294 4465 1396 4505 non
1450 4449 1692 4517 fecisset,
1731 4453 1833 4506 nisi
1878 4452 2035 4509 famis

463 4541 766 4613 passionem
808 4540 1065 4600 Servator
1108 4542 1434 4598 admisisset.
1482 4542 1653 4610 Quam
1698 4558 1812 4598 rem
1856 4559 1923 4599 ex
1969 4547 2035 4601 iis

2134 3447 2407 3518 πανοπλίᾳ
2451 3446 2869 3518 κεκαλυμμένον
2916 3446 3315 3514 κατατοξεῦσαι
3366 3467 3458 3514 τις
3500 3449 3719 3509 ἐθέλων.

2132 3538 2253 3593 ὅλον
2286 3541 2399 3602 τοῖς
2427 3538 2726 3610 ὀφθαλμοῖς
2749 3539 3121 3611 περισκοπῶν,
3146 3541 3435 3612 πόρρωθεν
3462 3544 3718 3613 ἐρευνῶν,

2137 3631 2297 3702 μέλος
2324 3630 2745 3703 γεγυμνωμύνον
2768 3630 3064 3702 ἐπιζητῶν,
3102 3632 3189 3684 ἶνα
3221 3631 3282 3685 τὸ
3314 3632 3475 3703 βέλος
3500 3636 3621 3687 ἐκεῖ
3644 3636 3721 3705 ῥί-

2130 3723 2238 3793 ψας
2288 3721 2378 3775 τὸν
2418 3721 2713 3776 ἀντίπαλον
2758 3721 2958 3795 πλήξῃ,
2987 3721 3161 3786 οῦτως
3204 3725 3234 3776 6
3269 3722 3523 3788 διάϐολος
3576 3726 3720 3796 πάσῃ

2132 3812 2445 3887 δικαιοσύνῃ
2493 3813 2586 3867 τὸν
2629 3812 2866 3883 Χριστὸν
2910 3814 3361 3884 καθωπλισμένον
3398 3816 3588 3885 ὀρῶν,
3635 3819 3725 3873 καὶ

2132 3904 2300 3958 τόπον
2329 3903 2509 3974 ζητῶν
2540 3903 2820 3974 ἁρμόδιον,
2857 3903 2946 3957 ἵνα
2982 3905 3045 3958 τὺ
3080 3904 3235 3975 βέλος
3280 3907 3401 3960 ἐκεῖ
3438 3909 3721 3982 ἀκοντίσῃ,

2135 3993 2210 4056 ὡς
2236 3989 2344 4047 εἶδε
2368 3995 2467 4064 τὴν
2491 3996 2682 4049 πείναν
2710 3996 3097 4064 ἀναφανεῖσαν,
3123 3997 3491 4070 προσέρχεται
3522 3999 3725 4072 θαρσα-

2134 4085 2276 4148 λέως
2318 4085 2395 4149 ὡς
2433 4086 2619 4157 εὑρὼν
2647 4086 2708 4140 τὸ
2736 4086 3093 4158 ζητούμενον,
3130 4092 3207 4154 ὡς
3244 4090 3341 4144 τοῦ
3379 4092 3724 4164 προπάτορος

2136 4178 2194 4229 ὲν
2241 4176 2390 4248 αὐτῷ
2438 4177 2722 4250 θεωρήσας
2767 4178 2827 4232 τὸ
2868 4179 3060 4244 πάθος.
3101 4182 3210 4235 Καὶ
3246 4181 3357 4253 γὰρ
3396 4185 3611 4238 ἐκεῖνον
3642 4185 3725 4239 διὰ

2137 4267 2393 4340 βρώσεως
2446 4271 2716 4339 στερήσας
2757 4268 2860 4339 τῆς
2896 4269 3116 4324 ἀλύπου
3160 4270 3342 4343 ζωῆς,
3390 4273 3582 4345 ίδρῶτι
3638 4277 3725 4328 καὶ

2136 4360 2481 4431 ταλαιπωρίᾳ
2550 4360 2645 4413 καὶ
2694 4359 2913 4431 θανάτῳ
2975 4359 3293 4426 συνέζευξε·
3359 4363 3721 4435 προσέρχεται

2135 4452 2313 4505 τοίνυν
2336 4451 2511 4520 λέγων
2533 4470 2545 4483 ·
2585 4470 2603 4503 t
2635 4452 2698 4505 Ei
2731 4451 2861 4515 Υἱὸς
2893 4446 2945 4505 εἴ
2969 4451 3063 4505 τοῦ
3095 4452 3254 4516 Θεοῦ,
3288 4454 3414 4508 εἰπὲ
3448 4457 3539 4510 ἴνα
3564 4459 3623 4520 οἰ,
3647 4457 3720 4510 λί·

2136 4542 2219 4597 θοι
2250 4538 2397 4598 οὗτοι
2422 4544 2575 4615 ἄρτοι
2597 4543 2887 4613 γένωνται.
2923 4562 2942 4596 ι
2975 4544 3090 4600 Οὐκ
3114 4546 3179 4599 ἂν
3206 4546 3262 4599 δὲ
3291 4546 3457 4601 τοῦτο
3488 4550 3720 4620 πεποίη-

462 4650 582 4703 qna
615 4644 798 4703 postea
822 4644 1118 4690 evenerunt
1147 4635 1375 4704 quilibet
1403 4636 1686 4692 manifeste
1716 4648 2029 4708 cognoscet.

2136 4650 2250 4697 κεν,
2278 4635 2328 4687 εί
2366 4633 2442 4705 μή
2466 4632 2527 4687 τὸ
2548 4633 2720 4697 πάθος
2746 4634 2847 4704 τῆς
2877 4635 3070 4706 πείνης
3096 4636 3125 4687 6
3150 4634 3341 4707 Σωτὴρ
3373 4638 3717 4704 κατεδέξατο·

463 4726 739 4796 Siquidem
762 4727 941 4782 statim
968 4743 1032 4781 ac
1065 4727 1236 4781 victus
1267 4729 1319 4781 in
1345 4728 1486 4783 lucta
1520 4728 1640 4792 fuit.
1675 4741 2035 4801 expertusque

460 4817 647 4874 didicit
703 4819 848 4874 hunc
886 4833 1007 4874 esse
1046 4832 1203 4889 quem
1249 4820 1528 4890 prophetae
1552 4835 1742 4877 omnes
1766 4822 2032 4891 praedixe-

464 4920 619 4977 rant,
672 4926 739 4966 ne
796 4921 1071 4979 aspectum
1117 4910 1333 4981 quidem
1368 4912 1489 4982 ejus
1536 4913 1841 4969 accedentia
1894 4914 2037 4971 ferre

460 5017 624 5058 ausus
642 5014 749 5067 est,
771 5005 863 5057 sed
904 5003 1049 5058 illico
1072 5002 1302 5072 aufugit,
1345 5019 1487 5061 nunc
1520 5005 1805 5061 clamans:
1842 5022 1863 5059 t
1895 5005 2033 5074 Quid

463 5095 619 5149 nobis
639 5104 694 5149 et
730 5095 848 5158 tibi,
881 5094 979 5149 Fili
1017 5096 1107 5150 Dei
1131 5095 1271 5149 ?cur
1298 5096 1494 5152 venisti
1533 5108 1659 5153 ante
1690 5107 1899 5167 tempus
1925 5109 2036 5154 tor-

460 5200 627 5257 quere
650 5201 747 5241 nos
765 5185 854 5240 “'f
891 5204 910 5238 ι
946 5202 1091 5243 nunc
1124 5198 1303 5244 autem
1349 5206 1364 5243 :
1400 5189 1562 5244 «Novi
1586 5191 1726 5259 quod
1754 5189 1918 5245 Filius
1944 5191 2034 5246 Dei

461 5280 573 5333 sis:
622 5277 812 5348 adjuro
863 5288 932 5342 te,
981 5294 1051 5335 ne
1092 5294 1178 5335 me
1222 5288 1476 5351 torqueas
1511 5282 1577 5336 ³³.
1619 5301 1639 5334 ι
1696 5282 1843 5336 Adeo
1889 5282 2035 5335 illum

2133 4728 2227 4780 καὶ
2272 4725 2432 4780 τοῦτο
2479 4725 2642 4797 μάθοι
2676 4744 2757 4790 τις
2791 4729 2854 4780 ἐκ
2887 4728 2997 4781 τῶν
3031 4728 3169 4797 μετά
3197 4728 3371 4783 ταῦτα
3401 4732 3622 4801 σαφῶς·
3650 4731 3722 4797 ὥς

2132 4817 2241 4888 γὰρ
2285 4816 2495 4889 ήττήθη
2540 4818 2827 4881 παλαίσας,
2867 4819 2963 4871 καὶ
3007 4818 3096 4871 διὰ
3128 4818 3223 4889 τῆς
3262 4820 3464 4891 πείρας
3498 4822 3719 4893 ἔμαθεν,

2131 4908 2214 4961 ὅτι
2233 4909 2395 4974 αὐτός
2415 4910 2565 4962 ἐστιν
2589 4908 2649 4962 6v
2671 4910 2722 4963 ol
2744 4908 3021 4980 προφῆται
3048 4912 3437 4982 προεκήρυξαν
3459 4914 3717 4979 ἅπαντες,

2131 4998 2255 5052 οῦδὲ
2300 4999 2403 5070 τὴν
2435 4999 2565 5077 θέαν
2605 4999 2772 5054 αὐτοῦ
2812 5000 3134 5073 προσιόντος
3168 5002 3363 5074 φέρειν
3393 5005 3713 5077 ἐτόλμησεν.

2135 5091 2248 5145 ἀλλ’
2277 5092 2439 5155 εὐθὺς
2480 5072 2898 5164 ἐδραπέτευσεν,
2934 5092 3030 5147 νῦν
3078 5092 3177 5164 μὲν
3216 5072 3379 5165 βοῶν,
3420 5114 3441 5147 ι
3474 5072 3544 5151 Τί
3588 5072 3714 5168 itva

2138 5186 2231 5240 xui.
2265 5187 2369 5250 σοὶ,
2396 5186 2491 5240 Υἱὲ
2517 5185 2613 5240 τοῦ
2640 5186 2777 5241 Θεοῦ
2799 5204 2813 5252 ;
2854 5187 2908 5241 τί
2942 5182 3107 5259 ἦλθες
3133 5187 3241 5259 πρὸ
3267 5188 3466 5259 καιροῦ
3496 5189 3713 5262 βασανί-

2140 5294 2230 5331 σαι
2262 5278 2445 5347 ήμᾶςς
2474 5297 2491 5329 ι
2522 5275 2616 5332 νῦν
2640 5278 2721 5343 δὲ,
2759 5272 2922 5333 σΟῐδά
2957 5295 3017 5332 σε
3045 5279 3129 5344 τίς
3160 5274 3232 5340 εἴ,
3253 5281 3283 5331 6
3302 5279 3432 5345 Υἱὸς
3448 5281 3546 5335 τοῦ
3562 5280 3707 5343 Θεοῦ.

464 5372 704 5433 timebat,
742 5370 1087 5442 iudicemque
1136 5371 1443 5427 fatebatur!
1481 5372 1633 5428 Tunc
1685 5382 1865 5428 autem
1918 5386 2032 5428 ante

2136 5366 2340 5440 ὁρκίζω
2400 5386 2461 5422 σε
2506 5370 2580 5441 μή
2638 5387 2705 5441 με
2756 5370 3076 5445 βασανίσῃς.
3110 5390 3129 5424 ι
3181 5371 3373 5437 Οῦτως
3437 5374 3706 5435 ἐδεδοίκει,

460 5461 871 5531 experientiam,
898 5463 1039 5519 haud
1067 5462 1264 5519 talibus
1290 5462 1468 5519 verbis
1489 5466 1762 5529 utebatur,
1792 5464 1885 5517 sed
1911 5479 2040 5518 cou-

2141 5462 2235 5515 καὶ
2265 5461 2459 5533 κριτὴν
2486 5462 2754 5533 ὡμολόγει
2775 5480 2789 5494 ·
2818 5463 2939 5517 τότε
2971 5462 3078 5535 πρὸ
3098 5463 3201 5533 τῆς
3228 5465 3429 5537 πείρας
3456 5465 3521 5518 οὐ
3549 5464 3709 5518 τοιοὺ-

534 5618 580 5651 ⁸⁶
608 5620 714 5674 lsa.
736 5633 832 5687 νη,
876 5617 963 5674 16.
1025 5618 1070 5649 ¹⁹
1108 5617 1261 5673 Joan.
1297 5634 1335 5680 ι,
1369 5616 1457 5673 29.
1492 5618 1536 5649 ⁸⁸
1570 5617 1758 5671 Matth.
1793 5580 1875 5682 ut,
1905 5618 1987 5671 l7.

2146 5616 2334 5673 Matth.
2370 5633 2444 5679 tv.
2475 5617 2532 5675 ὅ.
2607 5617 2651 5650 ³¹
2687 5616 2877 5673 Matth.
2911 5633 3030 5685 vrtt,
3055 5617 3147 5674 29.
3224 5619 3269 5651 ⁸³
3302 5619 3438 5676 Luc.
3460 5637 3581 5689 vttt,
3613 5622 3698 5677 28.

538 5757 614 5823 (ι)
651 5754 728 5810 Ita
753 5770 813 5811 se
836 5757 1002 5815 habet
1026 5758 1247 5815 Graecus
1272 5765 1454 5813 textus
1482 5768 1592 5812 tum
1622 5760 1675 5813 in
1706 5756 1893 5812 Bibliis
1920 5768 2030 5813 tuttt

468 5827 605 5894 apud
628 5826 924 5899 Cyrillum;
949 5840 1113 5898 atque
1142 5830 1212 5882 ita
1244 5831 1382 5899 apud
1411 5827 1748 5883 Sabaterium
1779 5830 2035 5897 interpre-

474 5906 651 5953 tantur
678 5896 775 5954 SS.
801 5896 1117 5956 Ambrosius
1142 5896 1302 5968 atque
1326 5898 1669 5969 Fulgentius;
1696 5914 1867 5967 nequc
1890 5896 2035 5955 ablu-

2143 5760 2220 5813 dit
2258 5756 2525 5827 lrenasus,
2549 5760 2639 5827 qui
2681 5768 2857 5813 tamen
2893 5774 2992 5827 pro
3028 5775 3132 5816 non
3167 5762 3355 5823 credet,
3388 5761 3579 5815 scribit
3617 5778 3707 5816 seu

2145 5830 2445 5902 consentiet.
2486 5825 2747 5896 Vulgatus
2791 5825 2972 5883 autem
3024 5830 3291 5902 interpres
3340 5831 3551 5897 dill’ert,
3594 5832 3707 5901 quia

2146 5894 2468 5955 Hebraicqu
2501 5894 2705 5956 textum
2736 5910 2994 5957 sectatur.
