3926 6470
191 478 338 538 {Ml

1376 464 1466 520 DE
1505 451 2023 520 INCARDIA'I‘IONE
2059 459 2321 518 DOMINI.

3371 460 3515 522 “d2

188 609 321 656 τοις
341 591 614 663 ἐκέχρητο
641 588 902 660 ῥήμασιν,
932 584 1069 641 ἀλλά
1094 582 1313 656 θαρρῶν
1343 580 1576 654 προσῄει
1600 581 1795 649 λέγων’

1926 576 2136 633 ldentcr
2166 577 2460 633 accedebat
2489 577 2676 632 dicens
2710 593 2726 630 :
2769 594 2788 628 ι
2823 576 2917 632 Die
2949 585 3008 633 ut
3036 576 3244 648 lapides
3278 577 3369 633 isti
3409 592 3508 646 pa-

199 704 224 736 ι
269 682 408 737 Etruri
436 682 527 736 ἵνα
552 682 603 734 οἱ
635 678 777 733 λίθοι
803 669 949 731 οὗτοι
982 677 1139 748 ἄρτοι
1170 674 1459 743 γένωνται.
1493 692 1512 726 ι
1552 671 1665 741 Τῆς
1703 670 1804 742 μὲν

187 773 317 844 γὰρ
350 772 559 828 ἄνωθεν
592 768 858 841 ἐλθούσης
889 768 1074 840 φωνῆς
1102 768 1334 838 ηκουσα,
1363 762 1522 834 φησὶ,
1554 761 1713 817 τοῦτό
1742 777 1802 814 σε

192 864 543 934 καλεσάσης,
579 859 796 915 ἀπιστῶ
825 859 882 914 δὲ
913 859 1020 923 ἕως
1051 857 1119 912 ἂν
1161 855 1312 910 λάὸω
1343 854 1444 926 τὴν
1483 856 1680 923 πεῖραν
1725 851 1804 906 δι-

191 954 504 1009 δάσκαλον.
540 952 736 1006 Πεῖσόν
775 968 846 1022 με
888 951 978 1005 διὰ
1004 949 1115 1003 τῶν
1141 947 1506 1020 πραγμάτων,
1543 945 1619 1008 ὡς
1652 943 1681 998 ὃ
1706 943 1804 997 κέ·-

193 1047 313 1118 κλη
324 1063 432 1111 σαι,
466 1043 682 1114 ἀληθῶς
707 1043 1101 1115 ὑπάρχεις.“Αν
1129 1040 1239 1112 γὰρ
1265 1039 1427 1094 τοῦτο
1455 1036 1633 1108 μάθω,
1663 1035 1800 1105 φεύ-

192 1140 398 1207 ξομαι,
429 1134 526 1188 καὶ
551 1134 929 1205 δραπετεύσω,
959 1133 1056 1187 καὶ
1080 1133 1180 1202 τὴν
1213 1131 1352 1202 πρὸς
1380 1129 1442 1183 σὲ
1465 1127 1804 1198 παραιτήσο-

197 1241 314 1296 μαι
345 1222 524 1294 πάλην
545 1240 560 1254 ο
593 1217 711 1276 οἴδα
734 1223 846 1293 γὰρ
867 1222 992 1274 ὅσον
1023 1218 1158 1291 ἐμοῦ
1185 1223 1282 1273 καὶ
1312 1217 1407 1272 σοῦ
1436 1218 1498 1273 τὸ
1523 1217 1801 1287 διάφορον.

196 1312 396 1377 Δεῖξον
413 1311 596 1366 τοίνυν
620 1310 681 1364 τὸ
703 1309 888 1381 θαῦμα
917 1310 1013 1362 καὶ
1033 1310 1130 1382 τὴν
1157 1308 1630 1380 θαυματουργίαν,
1659 1306 1807 1387 δίδα-

198 1406 304 1470 ξον
349 1403 441 1458 τὸν
474 1403 572 1457 τοῦ
606 1401 883 1474 θαύματος
912 1403 1176 1474 ποιητήνο
1218 1421 1236 1455 ι
1271 1401 1407 1456 Εἰπὲ
1441 1401 1530 1455 ῐνα
1572 1402 1624 1453 οι
1667 1399 1806 1454 λίθοι

195 1490 357 1552 οὗτοι
395 1495 550 1566 ἄρτοι
587 1493 874 1562 γένωνται.
905 1512 926 1547 ι
1371 1483 1374 1486 ’

283 1584 504 1638 Τούτων
546 1583 788 1647 ἀκούσας
816 1581 1052 1654 κρύπτει
1092 1582 1191 1653 μὲν
1226 1581 1328 1652 τὴν
1370 1579 1623 1652 θεότητα,
1654 1581 1719 1634 ἐκ
1747 1578 1807 1633 δὲ

194 1679 310 1747 τῆς
342 1677 687 1748 ἀνθρωπείας
728 1659 1033 1744 διαλέγεται
1068 1674 1320 1744 φύσεως·
1353 1693 1372 1725 ι
1401 1673 1516 1728 υύκ
1545 1673 1632 1726 ἐπ’
1656 1673 1808 1743 ἄρτῳ

205 1767 384 1839 μόνῳ,
415 1766 612 1833 λέγων,
645 1763 882 1836 ζήσηται
915 1761 1225 1834 ἄνθρωπος,
1263 1759 1382 1815 ἀλλ’
1411 1763 1470 1814 ἐν
1505 1759 1672 1814 παντὶ
1707 1759 1808 1831 ρή-

206 1875 348 1930 ματι
393 1857 481 1911 διὰ
523 1858 792 1926 στόματος
820 1853 1241 1926 ἐκπορευομένῳ
1267 1851 1429 1907 Θεοῦ.
1467 1871 1487 1904 ι
1521 1851 1796 1922 Δύναμαι,

1906 684 2003 726 nes
2052 670 2204 725 nant.
2237 689 2257 722 ι
2291 669 2425 724 Nam
2466 684 2782 740 supernam,
2833 669 3030 739 inquit,
3064 683 3254 724 vocem
3306 668 3508 734 audivi,

1905 759 2104 816 Filium
2146 770 2198 818 te
2246 763 2612 830 vocitantem;
2647 763 2839 833 ignoro
2868 771 3076 829 autem,
3114 762 3291 818 donec
3338 777 3507 832 expe-
3550 809 3552 811 .

1907 851 2161 907 rieutiam
2195 853 2511 921 magistram
2543 864 2738 910 nactus
2771 851 2949 908 luero.
2994 852 3177 908 Factis
3216 853 3350 908 mihi
3384 867 3512 922 per-

1905 945 2094 1009 suade,
2129 945 2222 1013 qui
2267 944 2585 1016 appellat-is,
2616 960 2741 1001 eum
2771 955 2825 999 te
2856 959 2981 1002 esse
3024 959 3240 1000 revera.
3286 943 3420 998 Nam
3465 947 3512 997 si

1905 1035 2008 1091 hoc
2039 1037 2304 1102 didicero,
2336 1038 2560 1106 fugiam,
2593 1039 2846 1104 evadam,
2873 1037 3166 1107 quominus
3193 1047 3372 1092 tecum
3399 1036 3512 1089 col-

1907 1127 2085 1182 lucter
2110 1119 2466 1198 deprecabar.
2503 1126 2718 1182 Etenim
2761 1139 3026 1199 quantum
3065 1129 3211 1186 inter
3243 1144 3341 1182 nos
3374 1129 3512 1185 duos

1907 1219 2143 1285 intersit,
2182 1221 2315 1275 scio.
2357 1220 2679 1276 Demonstra
2714 1236 2846 1292 ergo
2885 1223 3214 1293 prodigium,
3247 1234 3513 1293 tuamque

1905 1309 2167 1364 miracula
2198 1310 2447 1379 patramli
2479 1309 2812 1375 elllcaciam;
2849 1310 2986 1366 doce
3019 1325 3106 1364 me
3136 1311 3373 1383 prodigii
3405 1327 3510 1366 au-

1906 1408 2143 1453 ctorem:
2181 1418 2200 1451 ι
2236 1399 2333 1455 Die
2367 1411 2424 1454 ut
2451 1401 2654 1473 lapides
2682 1401 2771 1456 isti
2805 1416 2974 1472 panes
3007 1401 3150 1458 ﬂant.
3194 1423 3215 1456 ι

1979 1572 2126 1644 Ergo
2162 1574 2247 1630 his
2284 1576 2508 1642 auditis,
2535 1576 2676 1632 celat
2716 1578 2976 1635 deitatem
3013 1579 3285 1649 Christus,
3316 1581 3512 1638 huma-

1913 1679 2106 1736 naeque
2125 1676 2332 1722 natura:
2348 1683 2500 1724 more
2521 1669 2762 1741 loquitur
2791 1689 2806 1726 :
2835 1671 3083 1743 821m.
3107 1692 3126 1726 ι
3149 1674 3264 1729 Non
3290 1689 3356 1730 ex
3387 1676 3512 1731 solo

1908 1771 2047 1825 pane
2072 1759 2206 1813 vivit
2251 1761 2432 1827 homo,
2474 1764 2570 1819 sed
2614 1778 2680 1819 ex
2710 1767 2858 1820 omni
2896 1767 3061 1821 verbo
3084 1767 3229 1836 quod
3259 1770 3509 1837 procedit

1909 1850 2098 1905 deore
2124 1849 2220 1906 Dei
2246 1851 2311 1906 “.
2345 1871 2365 1905 ι
2401 1853 2654 1920 Possum,
2699 1855 2896 1926 inquit,
2927 1857 3051 1911 sine
3098 1873 3238 1926 pane
3283 1862 3506 1915 nutriri.

201 1918 402 2021 ἑρησὶν.
431 1950 557 2004 ἀνευ
582 1918 750 2019 ἄρτου
774 1918 1182 2018 τραφῆναι..ού
1212 1918 1376 2016 μόνον
1404 1944 1515 2015 γὰρ
1545 1918 1734 2019 ἄρτοις
1766 1944 1800 2012 ἠ

1926 1941 2097 2012 Neque
2132 1945 2277 1998 enim
2319 1947 2548 2016 panibus
2581 1959 2789 2004 tantum
2830 1950 2938 2004 vita
2977 1951 3258 2006 hominum
3293 1965 3512 2010 susten-
3607 1954 3610 1956 ’

203 2038 324 2092 τῶν
371 2036 673 2108 ἀνθρώπων
725 2037 1107 2106 συγκροτεῖται
1154 2033 1291 2105 ζωὴ,
1321 2033 1459 2087 ἀλλὰ
1488 2034 1642 2106 ῥῆμα
1669 2032 1805 2087 Θεοῦ

205 2131 376 2200 ἀρκεῖ
422 2129 603 2182 πᾶσαν
654 2125 763 2180 τῶν
815 2125 1122 2197 ἀνθρώπων
1149 2125 1440 2198 διαθρέψαι
1467 2125 1568 2196 τὴν
1600 2124 1764 2195 φύσιν
1789 2142 1803 2156 °

206 2220 390 2283 οὕτως
419 2220 448 2271 ὁ
494 2217 887 2290 Ἰσραηλιτικὸς
917 2216 1183 2290 διετράφη
1211 2215 1361 2283 λαὸς,
1393 2217 1807 2292 τεσσαράκοντα

207 2317 311 2384 ἐτη
341 2311 612 2382 συλλέγων
635 2311 696 2366 τὸ
721 2311 917 2383 μάννα,
942 2310 1039 2364 καὶ
1065 2310 1240 2381 θήρας
1261 2309 1551 2364 ἀπολαύων
1577 2309 1809 2380 ὀρνίθων

211 2405 426 2474 πεπεδη
437 2404 603 2474 μένης
634 2401 796 2473 βουλῇ
820 2401 956 2455 Θεοῦ
981 2418 994 2432 ⁸
1020 2402 1112 2456 καὶ
1138 2401 1322 2465 Ἠλίας
1350 2402 1593 2472 κόρακας
1625 2402 1810 2455 ἐστιά-

211 2510 385 2564 τορας
437 2496 601 2563 ἐσχεο
655 2493 750 2547 καὶ
797 2492 1064 2556 Ἐλισαῐος
1114 2493 1326 2561 ἀγρίοις
1375 2491 1632 2562 λαχάνοις
1683 2494 1812 2555 τοὺς

215 2583 497 2649 θιασώτας
541 2583 795 2655 διέθρεψε
815 2600 829 2614 ο
881 2583 977 2636 καὶ
1005 2583 1059 2635 τί
1098 2599 1164 2653 με
1196 2582 1276 2635 δεῖ
1302 2581 1371 2636 τὰ
1400 2582 1606 2636 παλαιὰ
1646 2600 1814 2637 κατα-

214 2677 434 2745 λέγειν;
496 2674 752 2744 Ἰωάννης
795 2665 952 2737 οὗτος
997 2675 1028 2727 δ
1072 2672 1303 2743 ἔναγχος
1354 2673 1413 2726 ἐν
1462 2673 1538 2745 τῷ
1574 2673 1815 2748 Ἰορδάνῃ

217 2767 525 2839 βαπτίζων,
555 2765 738 2820 πᾶσάν
762 2782 822 2818 τε
847 2765 944 2836 τὴν
976 2764 1192 2836 ἠλικίαν
1221 2766 1279 2818 ὲν
1317 2768 1383 2836 τῇ
1413 2766 1610 2837 ἐρήμῳ
1630 2767 1814 2821 διατε-

217 2861 408 2925 λέσας,
435 2858 622 2931 ἀκρίσι
647 2856 926 2928 τρέφεται,
949 2857 1043 2909 καί
1066 2855 1335 2927 μελιττῶν
1357 2857 1567 2927 ἀγρίων
1589 2859 1811 2930 καρπῷο

215 2952 378 3006 οὐδὲν
400 2951 580 3004 τοίνυν
615 2949 866 3013 ἀπεικὸς,
892 2951 986 3003 καὶ
1012 2951 1162 3020 ἡμᾶς
1187 2949 1297 3003 ἀπὸ
1317 2948 1452 3002 Θεοῦ
1484 2950 1611 3024 ξένῃ
1635 2952 1818 3005 ἑστια-

219 3045 386 3116 θῆναι
423 3045 622 3114 τροφῇ,
659 3046 757 3096 καὶ
793 3034 961 3111 ἄρτου
1005 3039 1080 3112 μὴ
1116 3041 1398 3112 δεηθῆναι.

295 3135 513 3188 Τούτων
551 3133 792 3197 ἀκούσας
819 3135 847 3187 ὁ
878 3132 1146 3197 διάδολος,
1175 3133 1385 3205 ἧλγησε
1421 3138 1520 3208 μὲν
1555 3139 1631 3205 ὡς
1657 3143 1820 3214 ἡττη-

1911 2040 2078 2100 tatur,
2130 2037 2224 2090 sed
2260 2034 2357 2090 Dei
2401 2038 2630 2092 verbum
2665 2037 2864 2094 suﬂicit
2913 2041 3182 2095 universa:
3227 2042 3508 2101 hominum

1910 2126 2114 2182 alenda:
2147 2139 2376 2183 naturae.
2409 2127 2502 2186 Sic
2529 2130 2859 2186 lsraeliticus
2899 2143 3086 2202 pastus
3118 2132 3218 2188 fuit
3256 2136 3512 2206 populus,

1911 2219 2272 2290 quadraginta
2301 2221 2458 2277 annis
2483 2237 2683 2277 manna
2711 2224 2996 2293 colligens,
3026 2235 3081 2279 et
3105 2226 3283 2279 avium
3314 2239 3513 2282 venatu

1912 2312 2099 2368 fruens
2133 2328 2256 2382 quae
2293 2312 2387 2369 Dei
2422 2313 2705 2370 voluntate
2737 2315 3150 2372 irretiebantur.
3197 2317 3330 2373 Item
3365 2317 3514 2375 Elias

1913 2419 2110 2460 corvos
2141 2405 2342 2460 altores
2373 2406 2591 2472 habuit;
2628 2408 2852 2464 Elisaeus
2901 2419 3082 2466 autem
3124 2412 3326 2481 agresti
3361 2412 3513 2467 olere

1899 2495 2130 2567 sodales
2177 2514 2308 2552 suos
2358 2499 2606 2555 nutrivit.
2665 2500 2772 2555 Sed
2825 2518 2925 2558 cur
2979 2513 3160 2558 vetera
3210 2505 3520 2560 euumero?

1914 2584 2172 2654 Joannes,
2215 2589 2306 2659 qui
2340 2605 2515 2661 nuper
2548 2593 2689 2661 apud
2711 2591 3004 2649 Jordanem
3029 2595 3358 2665 baptizabat,
3386 2611 3511 2659 om-

1917 2694 2148 2749 nemque
2178 2691 2393 2736 ;etatem
2421 2683 2475 2736 in
2519 2684 2738 2739 deserto
2776 2687 3062 2752 transegit,
3095 2688 3324 2744 locustis
3349 2688 3516 2746 alitur

1916 2779 1969 2826 et
2011 2787 2172 2840 apum
2220 2772 2549 2830 silvestrium
2581 2776 2781 2831 l'ruetu.
2830 2777 2984 2835 llaud
3025 2795 3157 2850 ergo
3197 2781 3516 2836 incredibile

1917 2871 2024 2926 est,
2049 2878 2150 2917 nos
2172 2878 2389 2933 quoque
2433 2866 2653 2923 insolito
2676 2883 2705 2921 a
2741 2869 2850 2924 Deo
2875 2870 2998 2926 cibo
3029 2872 3252 2936 nutriri,
3286 2883 3341 2929 et
3374 2888 3520 2945 pane

1920 2968 2026 3008 non
2055 2956 2315 3024 indigere.

1994 3130 2120 3188 llaec
2147 3135 2378 3192 audiens
2406 3137 2680 3207 diabolus,
2707 3141 2912 3197 victum
2954 3145 3176 3212 quidem
3213 3161 3272 3201 se
3300 3147 3475 3204 doluit
3500 3165 3519 3214 ;

221 3227 362 3290 θεὶς,
387 3227 488 3279 οὐκ
515 3224 862 3296 ἀπηγόρευσε
894 3223 951 3277 δὲ
982 3223 1081 3294 τὴν
1121 3223 1301 3295 νίκην,
1338 3228 1578 3295 ἀκούσας
1613 3233 1690 3298 ὡς
1734 3239 1814 3292 ἄν.

1929 3231 2024 3280 sed
2055 3236 2236 3281 tamen
2254 3243 2375 3282 eum
2402 3229 2710 3299 intelligens
2736 3235 3010 3290 hominem
3040 3252 3181 3304 esse,
3206 3240 3272 3294 de
3295 3240 3521 3296 victoria

221 3321 444 3390 θρωπος
495 3316 616 3387 εἴη·
655 3315 735 3368 διὸ
783 3315 1045 3386 δευτέραν
1093 3316 1243 3388 αὑτῴ
1297 3320 1392 3372 καὶ
1438 3326 1629 3397 τρίτην
1663 3325 1820 3398 αὖθις

219 3413 424 3477 πεῖραν
449 3409 735 3478 προσάγει,
757 3409 834 3478 πὴ
860 3407 960 3478 μὲν
979 3406 1173 3475 λέγων,
1201 3429 1218 3460 ι
1239 3411 1302 3464 El
1326 3411 1450 3476 Υίὺς
1474 3410 1525 3467 εἷ
1542 3419 1634 3471 τοῦ
1658 3421 1816 3488 Θεοῦ,

225 3500 358 3569 βάλε
409 3499 634 3552 σεαυτὸν
670 3497 879 3553 ἄνωθεν
912 3500 1093 3553 κάτω·
1127 3519 1144 3552 ι
1195 3501 1271 3572 πὴ
1310 3503 1367 3556 δὲ
1407 3507 1505 3570 τὰς
1542 3509 1821 3580 βασιλείας

220 3596 328 3662 τῆς
368 3592 696 3662 οἰκουμένης
741 3591 1082 3657 ὑποδεικνὺς,
1114 3594 1208 3646 xui.
1256 3596 1460 3662 ταύτας
1507 3602 1821 3662 ἀντιδώσειν

224 3683 678 3753 ὑπισχνούμενος,
709 3683 756 3734 εί
788 3685 1051 3754 πρότερον
1082 3686 1210 3752 παρ’
1241 3689 1409 3742 αὑτοῦ
1441 3693 1538 3761 τὴν
1574 3701 1817 3765 προσκύ-

223 3789 384 3844 νησιν
420 3772 572 3825 λάϐοι
594 3789 608 3802 ο
647 3772 722 3836 ὡς
751 3772 809 3824 δὲ
852 3772 1013 3824 πάλιν
1047 3774 1209 3826 αὐτὸν
1239 3777 1346 3829 τῶν
1379 3779 1623 3836 παλαιῶν
1663 3788 1816 3857 νομί-

229 3884 350 3939 μων
377 3866 668 3935 ἀνέμνησε,
707 3881 724 3914 ι
755 3865 1091 3934 Γέγραπται,
1124 3867 1318 3936 λέγων,
1339 3871 1544 3942 Κύριον
1567 3876 1658 3930 τὸν
1682 3878 1814 3935 Θεόν

228 3975 326 4012 σου
360 3957 782 4027 προσκυνήσεις,
820 3956 911 4009 καὶ
946 3957 1093 4027 αὐτῷ
1126 3959 1270 4031 μόνῳ
1301 3961 1641 4032 λατρεύσεις,
1671 3989 1687 4021 ι
1723 3972 1820 4025 καὶ

227 4049 467 4115 ἐδίδαξεν
511 4049 593 4101 ὅτι
633 4048 734 4100 οὐκ
762 4048 1007 4114 ἀνέξεται
1039 4051 1209 4120 ἐτὲρῳ
1240 4053 1348 4106 τινὶ
1383 4054 1442 4107 τὸ
1474 4055 1616 4111 θεῖον
1650 4063 1818 4133 γέρας

228 4143 640 4213 προσενεγκεῖν,
680 4141 773 4193 καὶ
820 4141 1020 4212 ἐτέρων
1050 4143 1104 4195 δὲ
1145 4145 1500 4218 ύπομέμνησε
1558 4153 1818 4223 ῥημάτων

226 4232 323 4288 τοῦ
341 4231 475 4284 Θεοῦ
501 4231 594 4283 καὶ
616 4229 960 4299 διδαγμὰτων
985 4231 1411 4302 διαγορευόντων
1437 4237 1512 4309 μὴ
1544 4244 1820 4313 πειράζειν
1869 4229 1874 4234 ,

228 4325 324 4377 τὸν
369 4323 476 4376 τῶν
530 4321 666 4374 ὅλων
712 4319 865 4384 Θεὸν,
897 4321 924 4372 ὁ
962 4323 1059 4391 μὲν
1094 4324 1324 4396 ἀπέδρα,
1359 4327 1456 4396 τῆς
1505 4331 1675 4402 ἣττης
1720 4337 1820 4406 τὴν

230 4417 495 4486 αἰσχύνην
521 4415 581 4465 ού
608 4412 809 4483 φέρων,
835 4415 926 4466 καὶ
951 4415 1183 4480 δειλιῶν,
1214 4420 1306 4471 καὶ
1333 4420 1572 4491 τρέμων,
1604 4427 1696 4478 xui.
1721 4430 1820 4497 τῆς

232 4507 550 4580 τυραννίδος
597 4505 1034 4575 ὲκδληθὴσεσθαι
1081 4512 1419 4577 προσδοκῶν.
1475 4517 1659 4570 Πάντα
1711 4520 1821 4590 γὰρ

1929 3331 2037 3371 non
2059 3317 2390 3387 desperavit.
2418 3321 2715 3394 Propterea
2751 3329 3046 3382 secundam
3086 3331 3158 3383 illi
3193 3333 3525 3403 tertiamque

1928 3413 2182 3465 admovet
2219 3415 2604 3483 tentationem;
2640 3420 2800 3472 modo
2831 3420 3018 3475 dicens
3049 3440 3061 3476 :
3092 3443 3109 3474 ι
3149 3424 3204 3478 Si
3237 3425 3403 3482 Filius
3426 3428 3522 3483 Dei

1927 3513 2006 3560 es,
2035 3499 2189 3554 mitte
2229 3509 2281 3556 te
2323 3501 2452 3558 hinc
2482 3504 2736 3560 deorsum
2766 3489 2846 3573 '5;
2884 3529 2905 3562 ι
2936 3511 3097 3566 modo
3140 3530 3302 3581 regna
3335 3519 3525 3574 mundi

1927 3591 2249 3658 ostendens,
2274 3607 2446 3662 eaque
2472 3611 2531 3651 se
2561 3599 2816 3654 daturum
2846 3604 3188 3670 promittens,
3211 3608 3255 3660 si
3281 3623 3341 3662 se
3372 3610 3528 3678 prius

1928 3683 2235 3738 adorasset.
2262 3683 2368 3739 Sed
2398 3687 2486 3742 ubi
2511 3688 2764 3746 Christus
2794 3693 2868 3745 illi
2902 3695 3080 3762 prisca
3108 3698 3249 3750 dicta
3287 3699 3341 3752 in
3371 3716 3525 3756 men-

1932 3781 2036 3826 tem
2073 3777 2369 3840 revocavit,
2404 3797 2424 3830 ι
2472 3778 2746 3851 Scriptum
2791 3793 2893 3847 est,
2931 3784 3204 3855 inquiens,
3237 3788 3524 3849 Dominum

1931 3863 2100 3920 Deum
2129 3878 2278 3920 tuum
2311 3868 2586 3936 adorabis,
2621 3881 2674 3924 et
2709 3871 2781 3924 illi
2816 3873 2914 3927 soli
2939 3878 3146 3932 servies
3174 3878 3247 3943 ³⁶ς
3280 3898 3300 3930 ι
3335 3881 3528 3936 admo—

1929 3960 2174 4028 nuitque,
2219 3976 2494 4030 nunquam
2542 3978 2602 4018 se
2647 3967 3072 4021 commissurmn
3118 3981 3174 4023 ut
3217 3974 3390 4029 cuivis
3434 3977 3525 4032 alii

1928 4051 2168 4104 divinum
2202 4051 2526 4122 obsequium
2553 4054 2809 4125 oﬂ‘erret;
2841 4069 3004 4129 atque
3043 4063 3148 4116 alia
3185 4064 3406 4136 insuper
3429 4069 3526 4126 Dei

1927 4145 2086 4198 eﬂ'ala
2128 4161 2192 4200 ac
2237 4158 2505 4217 praecepta
2553 4156 3024 4216 commemoravit,
3078 4173 3198 4225 qua}
3236 4162 3524 4218 universa-

1930 4239 2033 4292 lem
2066 4239 2232 4293 Deum
2278 4251 2488 4298 lentare
2530 4245 2820 4315 vetabant;
2861 4248 2949 4303 ille
2995 4250 3213 4319 quidem
3262 4253 3523 4324 fugiebat,

1931 4331 2280 4397 ignominiam
2325 4333 2498 4387 cladis
2546 4352 2651 4389 non
2696 4337 2892 4401 ferens,
2925 4339 3122 4392 limem
3157 4349 3524 4412 tremensque,

1931 4432 1984 4477 et
2009 4438 2067 4478 se
2096 4426 2381 4494 tyrannide
2411 4427 2692 4496 depulsum
2735 4431 2798 4482 iri
2832 4443 3180 4500 exspectans.
3226 4433 3360 4488 Nam
3400 4450 3527 4491 cum
3555 4489 3558 4494 .

1933 4514 2034 4567 tela
2071 4517 2250 4570 omnia
2279 4518 2683 4588 iusumpsisset,
2721 4534 3058 4592 cunctasque
3112 4525 3320 4582 fraudis
3354 4526 3528 4584 luctas

232 4598 398 4652 αὑτοῦ
422 4597 663 4657 κενώσας
692 4595 759 4648 τὰ
791 4596 937 4665 βέλη,
966 4598 1058 4650 καὶ
1082 4599 1260 4662 πάσας
1289 4603 1452 4656 αὑτοῦ
1478 4604 1578 4674 τῆς
1602 4610 1814 4679 ἀπάτης

1933 4606 2032 4676 ipsi
2072 4608 2422 4675 admovisset,
2451 4612 2902 4668 invulnerabilem
2937 4616 3312 4688 invictumque
3349 4622 3529 4677 athle-

231 4694 331 4753 τὰς
355 4690 528 4752 πάλας
557 4689 954 4758 προσενεγκὼν,
986 4689 1227 4758 ἄτρωτον
1255 4688 1379 4763 εὗρε
1429 4697 1521 4747 καὶ
1551 4698 1818 4768 ἀήττητον

233 4787 326 4838 τὸν
372 4783 634 4852 ἀθλητήν.
662 4782 771 4833 Καὶ
805 4780 878 4843 ὡς
919 4779 998 4850 τῷ
1035 4781 1204 4852 Ἀδὰμ
1240 4785 1571 4853 προσελθὼν,
1599 4792 1696 4860 οὐχ
1735 4788 1823 4845 εὖ-

235 4895 330 4950 ρεν
381 4875 437 4928 ὃν
489 4873 921 4946 προσεδόκησεν·
961 4874 1180 4941 ἄγγελοι
1210 4876 1264 4928 δὲ
1297 4877 1374 4946 τῷ
1420 4884 1610 4950 νικητῇ
1659 4901 1826 4953 προσ-

239 4970 434 5030 ιὸντες,
465 4965 512 5018 οἳ
543 4964 824 5036 πόρρωθεν
854 4964 1038 5033 ἐώρων
1061 4966 1158 5036 τὴν
1175 4967 1371 5037 πάλην,
1405 4971 1656 5042 καθάπερ
1685 4977 1828 5040 τινὲς

237 5056 466 5128 ἐρασταὶ
502 5055 806 5125 διηκόνουν,
830 5056 1104 5125 ἐχόρευον,
1140 5058 1420 5128 εὐφήμουν
1447 5062 1539 5115 τὸν
1564 5065 1825 5136 ἀθλητὴν,

239 5148 591 5217 ἐστεφάνουν,
631 5146 1020 5218 ἀνεκήρυττον,
1061 5147 1278 5221 ἔχαιρον
1312 5153 1404 5205 ἐπὶ
1452 5157 1516 5224 τῇ
1562 5156 1667 5207 τῶν
1695 5160 1828 5226 ὁμο-

238 5242 438 5296 δούλων
465 5238 770 5310 ἀνθρώπων
809 5239 1112 5311 ἐλευθερίᾳ,
1151 5243 1440 5310 ἐγάννυντο
1468 5245 1564 5299 τοῦ
1596 5249 1828 5304 ἀντιπά·

241 5334 334 5386 λου
373 5333 472 5402 τὴν
509 5327 679 5387 ἧτταν
717 5332 975 5402 ὁρῶντες.

242 5427 344 5500 ΙΕ’.
367 5425 497 5478 ’Ὅτι
538 5426 589 5478 εὶ
627 5424 775 5500 νοῦς
799 5427 908 5500 oua;
929 5425 1254 5500 drédqé’er,
1290 5427 1472 5500 οὐδὲν
1499 5433 1647 5500 πρὸς
1675 5433 1830 5500 ἡμᾶς

314 5499 352 5563 ἡ
401 5499 548 5548 κατὰ
596 5495 698 5614 '70:}
738 5495 1020 5548 διαϐόλου
1056 5497 1215 5562 νίκη.
1250 5499 1408 5551 Κατὰ
1451 5499 1555 5552 τοῦ
1599 5495 1829 5557 Ἀπί)λᾴ

314 5570 524 5614 run-{ou
566 5571 576 5614 (
630 5577 661 5614 l.

313 5570 524 5634 νᾶμ’ου
566 5571 578 5630 (
597 5570 608 5614 Ι
625 5577 661 5633 ll.

313 5658 498 5711 ταῦτα
531 5659 630 5725 τὴν
669 5655 1040 5725 Ἀπολιναρίου
1083 5656 1292 5727 ἐλέγχει
1330 5663 1738 5732 ματαιολογίαν,
1770 5667 1826 5730 ὃς

314 5773 360 5805 ⁸⁸
391 5773 574 5827 Matth.
616 5789 686 5858 IV:
717 5773 770 5827 4.
859 5774 902 5806 ³⁸
935 5774 1061 5828 ibid.
1100 5774 1151 5840 ὅ,
1181 5774 1234 5828 6.
1311 5776 1355 5806 ³⁸
1383 5777 1508 5834 ibid.
1537 5779 1590 5846 9,
1622 5782 1704 5835 10.

1925 4709 2031 4752 tam
2059 4715 2179 4754 esse
2216 4703 2490 4770 cognovit.
2534 4705 2746 4759 Etenim
2792 4721 2915 4760 cum
2956 4723 3082 4762 eum
3120 4710 3312 4764 Adami
3357 4714 3530 4768 instar

1923 4790 2116 4846 luisset
2135 4811 2440 4863 aggrcsws,
2468 4813 2571 4851 non
2595 4800 2815 4867 qualem
2839 4809 3215 4872 exspectabat,
3241 4809 3526 4876 comperit.

1925 4882 2096 4939 Porro
2143 4888 2318 4955 aligeli
2367 4889 2432 4942 ad
2468 4892 2730 4947 victorem
2780 4900 3121 4961 accedentes,
3173 4899 3264 4967 qui
3314 4900 3532 4954 eminus

1929 4985 2088 5029 antea
2136 4977 2333 5033 luctam
2380 4994 2792 5053 spectaverant,
2844 5003 2942 5041 ceu
2981 4991 3198 5058 quidam
3256 5000 3532 5048 amatores

1926 5068 2037 5137 jam
2071 5071 2478 5140 ministrabant,
2519 5078 2775 5132 choream
2824 5081 3077 5149 agebant,
3118 5083 3378 5136 athletam
3417 5103 3535 5136 ma-

1928 5157 2281 5225 guiticabaut,
2319 5169 2674 5231 coronabant,
2706 5172 3094 5238 prazdicabant,
3134 5173 3379 5244 822m.
3409 5192 3535 5244 gru-

1931 5250 2244 5308 tulabantur
2275 5272 2668 5315 conservorum
2715 5263 2998 5319 hominum
3033 5267 3294 5334 libertati,
3338 5270 3534 5324 adver-

1928 5344 2058 5398 sarii
2090 5347 2295 5401 cladem
2323 5362 2636 5418 spectantes
2662 5358 2992 5423 gaudebant.

1930 5434 2069 5519 XVI'.”
2094 5438 2216 5491 Nisi
2247 5442 2486 5519 Christus
2521 5461 2740 5500 mentem
2779 5467 2985 5519 quoque
3019 5456 3409 5519 assumpsisscl,
3447 5458 3532 5508 ni—

1997 5508 2069 5630 IX'I
2114 5524 2349 5630 lllDSH'utli
2380 5517 2651 5571 {Mensam
2683 5508 2910 5573 t‘ictoiia'
2952 5529 3016 5575 de
3058 5508 3296 5577 diabolo.
3334 5508 3536 5579 Contra

2058 5595 2119 5630 uo
2147 5593 2387 5630 itnm'enL

2056 5593 2387 5645 poumarem.

2011 5668 2133 5727 lLec
2167 5677 2391 5730 stultum
2439 5680 2767 5749 Apollinaris
2803 5686 3223 5744 deliramentum
3273 5688 3535 5751 refutant.

319 5863 395 5970 (ί.)
439 5896 513 5952 De
555 5895 717 5951 variis
756 5896 1085 5967 Apollinaris
1133 5897 1412 5954 erroribus
1469 5903 1687 5960 memini
1745 5920 1829 5964 me
1868 5908 1996 5964 olim
2067 5910 2337 5967 disserere
2370 5910 2566 5982 Script.
2603 5925 2704 5969 ret.
2744 5926 2779 5970 t.
2815 5915 2852 5985 I,
2884 5919 2974 5975 ed.
3033 5922 3193 5990 prim.
3228 5940 3281 5994 p.
3319 5923 3445 5993 l85,
3476 5924 3533 5979 in
