3926 6484
458 482 483 537 Ι
494 481 599 535 ιιδ

1488 474 1543 525 S.
1582 469 1857 524 ιῖῖιιιιιι
1901 465 2366 522 ΑιεΧΑΝυιιιξιι
2408 466 2723 521 ARCHIEP.

3577 467 3715 521 ιιιι

450 600 539 669 qui
588 596 780 649 mentis
814 596 929 648 loco
964 595 1129 647 Deum
1181 590 1411 645 Verbum
1447 591 1495 643 in
1547 596 1817 656 assumpta
1861 601 2025 639 carne

2132 584 2246 637 ἀντὶ
2290 586 2381 637 νοῦ
2416 586 2504 637 τὸν
2532 584 2664 637 Θεὸν
2695 585 2868 651 Λόγον
2912 585 3208 657 ἑνοικῆσαι
3260 584 3400 652 λέγει
3448 586 3511 652 τῇ
3548 599 3713 652 προσ-

455 690 837 743 inbabitavisse
867 686 1015 741 dicit.
1048 684 1177 738 Nam
1217 685 1261 738 si
1302 684 1435 736 lorte
1475 684 1762 735 humanam
1788 690 2023 733 mentem

453 790 727 845 assumpta
774 788 961 830 natura
994 792 1097 829 non
1150 776 1449 835 habuisset,
1498 773 1635 826 Deus
1665 773 1851 840 utique
1882 771 2025 823 solus

452 887 571 924 cum
597 870 810 922 diabolo
842 869 1195 929 decertasset,
1230 868 1372 919 Deus
1404 864 1682 917 vietoriam
1717 864 2023 923 retulisset;

457 963 562 1014 Deo
587 973 759 1013 autem
787 960 1011 1019 victore,
1039 972 1139 1027 ego
1162 957 1289 1009 nihil
1320 959 1384 1009 de
1409 956 1630 1009 victoria
1656 954 2021 1023 profecissent,

453 1052 581 1119 quia
616 1052 681 1103 ad
718 1067 837 1104 eam
868 1049 941 1102 nil
980 1048 1351 1102 contulissem.
1397 1047 1503 1099 Sed
1531 1056 1585 1100 et
1612 1046 1759 1098 omni
1805 1048 1875 1098 ob
1906 1060 2022 1097 eam

453 1141 649 1209 gaudio
690 1156 950 1202 carerem,
1012 1139 1137 1207 quia
1180 1138 1358 1191 alieno
1401 1145 1609 1190 tantum
1656 1146 1854 1203 trepaeo
1906 1136 2025 1205 glo-

456 1234 649 1286 riarer;
681 1230 933 1283 Diabolus
968 1244 1093 1283 vero
1139 1229 1431 1293 laetaretur,
1464 1228 1809 1295 gloriaretur,
1841 1242 2028 1294 super-

459 1329 616 1393 biret,
642 1341 801 1395 seque
828 1326 1075 1392 jactarel,
1118 1340 1215 1378 ceu
1256 1339 1377 1378 cum
1413 1324 1518 1377 Deo
1555 1322 1856 1390 proeliatus,
1900 1332 1954 1375 et
1998 1337 2026 1374 a

460 1419 568 1473 Deo
606 1418 799 1469 victus.
850 1414 1097 1483 Magnum
1142 1415 1269 1483 quid
1315 1414 1457 1465 enim
1512 1413 1608 1480 ipsi
1659 1423 1799 1466 esset
1846 1427 1875 1465 a
1918 1412 2029 1465 Deo

459 1509 619 1562 vinci.
649 1506 778 1560 Nam
806 1508 847 1560 si
876 1506 1015 1558 Deus
1042 1504 1299 1565 Verbum,
1328 1504 1523 1557 mentis
1546 1505 1682 1567 loco,
1703 1504 1754 1555 in
1777 1514 2029 1570 suscepto

456 1613 681 1669 corpore
707 1599 913 1660 luisset,
950 1596 1312 1667 probabilibus
1339 1594 1565 1649 fortasse
1592 1596 2029 1649 excusationibus

457 1704 587 1743 usus
616 1699 757 1742 esset
782 1688 1057 1751 diabolus;
1094 1687 1293 1741 etenim
1324 1686 1461 1738 haud
1492 1684 1724 1739 absurde
1759 1686 1983 1738 dixisset
2010 1701 2025 1737 :

458 1779 591 1848 Ego,
620 1780 839 1833 Domine
867 1788 919 1832 et
946 1794 1127 1832 rerum
1156 1778 1391 1831 omnium
1426 1787 1634 1839 auctor,
1668 1777 1807 1830 haud
1838 1787 2024 1830 contra

458 1881 510 1923 te
537 1885 765 1939 pugnam
818 1871 1025 1936 suscepi
1073 1886 1085 1921 :
1137 1870 1254 1921 novi
1305 1868 1447 1921 enim
1499 1868 1811 1935 dignitatem
1858 1879 2024 1931 tuam,

2130 674 2393 746 ληφθείσῃ
2436 676 2617 746 σαρκί.
2668 676 2729 730 Εί
2763 677 2871 746 γὰρ
2902 676 3039 729 νοῦν
3073 678 3179 729 οὐκ
3210 671 3354 746 εἶχεν
3384 673 3716 744 άνθρὼτανον

2129 770 2162 835 ἡ
2194 767 2564 837 ἀναληφθεῖσα
2609 767 2789 837 φύσις,
2816 768 2950 833 Θεὸς
2998 770 3103 838 μὲν
3133 771 3163 821 6
3200 767 3337 839 πρὸς
3362 768 3453 820 τὸν
3480 766 3716 819 διάϐολον

2130 853 2537 922 ἀγωνισάμενος
2566 850 2654 923 ἦν,
2682 854 2813 917 Θεὸς
2834 855 2890 909 δὲ
2913 858 2940 909 ὁ
2968 857 3072 925 τὴν
3100 856 3260 926 νίκην
3287 858 3714 925 ἀναδησάμενος·

2128 944 2263 997 Θεοῦ
2294 945 2351 997 δὲ
2389 948 2755 1017 νενικηκότος,
2789 947 2900 1016 ἐγὼ
2940 948 3044 1018 μὲν
3074 948 3232 1000 οὐδὲν
3270 947 3586 1015 ἀπωνάμην
3628 948 3719 1014 τῆς

2128 1038 2302 1107 νίκης,
2331 1038 2407 1101 ὡς
2430 1038 2581 1091 οὐδὲν
2610 1042 2689 1103 είς
2718 1042 2919 1107 ταύτην
2939 1038 3274 1108 εἰσενεγκὼν
3294 1055 3309 1068 ο
3342 1038 3487 1091 ἀλλά
3516 1041 3605 1091 καὶ
3628 1040 3720 1107 τῆς

2128 1129 2374 1180 ἐντεῦθεν
2421 1130 2763 1200 εὐφροσύνης
2788 1131 3175 1201 γεγύμνωμαι,
3203 1130 3280 1185 ὡς
3314 1131 3409 1182 ἐπὶ
3441 1132 3721 1198 τροπαίοις

2127 1221 2367 1289 γαυριῶν
2396 1222 2731 1292 ἀλλοτρίοις⁶
2779 1225 2807 1275 6
2849 1222 2906 1276 δὲ
2940 1222 3189 1283 διάϐολος
3230 1222 3415 1290 αὐχεῖ,
3457 1224 3554 1273 καὶ
3593 1238 3719 1289 κομ-

2128 1310 2313 1373 πάζει,
2351 1312 2442 1363 καὶ
2482 1312 2626 1381 μέγα
2674 1315 2879 1383 φρονεῖ,
2929 1314 3024 1366 καὶ
3073 1313 3427 1383 σεμνύνεται,
3477 1311 3555 1373 ὡς
3610 1312 3719 1379 Θεῷ

2130 1404 2419 1465 παλαίσας,
2451 1405 2545 1456 καὶ
2594 1406 2700 1457 ὑπὸ
2742 1405 2874 1457 Θεοῦ
2918 1404 3209 1474 ἡττηθείς*
3248 1404 3396 1473 μέγα
3433 1404 3549 1474 γὰρ
3578 1402 3721 1471 αὐτῷ

2130 1495 2221 1546 καὶ
2248 1495 2305 1546 τὸ
2338 1494 2633 1564 ἡττηθῆναι
2663 1495 2767 1547 ὑπὸ
2797 1494 2931 1548 Θεοῦ
2954 1512 2967 1525 ·
3003 1496 3085 1547 ὅτι
3130 1497 3178 1547 εί
3222 1496 3251 1546 6
3290 1495 3430 1557 Θεὸς
3458 1496 3633 1560 Λόγος
3656 1488 3719 1563 ἦν

2130 1584 2249 1635 ἀντὶ
2271 1584 2362 1635 νοῦ
2386 1586 2443 1635 ἐν
2472 1585 2550 1653 τῷ
2578 1584 2858 1654 ληφθέντι,
2882 1586 2975 1638 καὶ
3000 1588 3028 1638 6
3053 1585 3303 1647 διάϐολος
3327 1586 3721 1650 δικαιολογίαις

2128 1676 2390 1744 χρήσαιτο
2425 1676 2489 1729 ἂν
2540 1677 2798 1745 εὐλόγοις,
2832 1678 2925 1730 καὶ
2956 1678 3100 1729 εἴποι
3138 1678 3205 1731 ἂν
3256 1679 3494 1740 εἰκότως
3517 1695 3529 1706 ·
3560 1677 3718 1744 Ἐγὼ,

2127 1768 2370 1818 Δέσποτα
2396 1768 2489 1819 καὶ
2518 1767 2715 1835 ποιητά
2744 1768 2853 1820 τῶν
2881 1769 3038 1830 ὅλων,
3058 1768 3118 1819 οῦ
3143 1769 3278 1838 πρὸς
3312 1770 3373 1821 σὲ
3401 1769 3505 1837 τὴν
3541 1770 3719 1837 μάχην

2127 1856 2488 1927 ἀνεδεξάμηνο
2524 1852 2639 1908 οἶδα
2664 1858 2772 1926 γάρ
2812 1874 2905 1909 σου
2935 1859 3033 1927 τὴν
3065 1858 3241 1922 ἀξίαν,
3280 1858 3595 1926 ἐπίσταμαι
3626 1856 3717 1924 τὴν

456 1964 567 2017 scio
600 1962 915 2028 potentiam,
945 1977 1139 2029 agosco
1172 1962 1527 2015 dominatum.
1564 1959 1735 2012 Meum
1767 1961 2025 2015 conﬁteor

2132 1947 2378 2013 ἐξουσίαν
2406 1987 2417 2009 ,
2470 1947 2722 2015 γινώσκω
2766 1947 2862 2018 τὴν
2911 1948 3248 2001 δεσποτείαν.
3284 1948 3575 2017 Ὁμολογὼ
3625 1948 3719 2016 τὴν

457 2051 799 2105 famulitium.
838 2066 1143 2120 quanquam
1186 2060 1428 2119 apostata
1481 2050 1654 2103 factus
1703 2066 1839 2104 sum.
1888 2052 2030 2105 Cedo

456 2154 630 2196 autem
669 2145 732 2194 de
764 2142 989 2195 victoria
1025 2143 1151 2210 ipsis
1182 2143 1389 2211 angelis
1432 2146 1748 2211 cunctisque
1788 2144 2027 2198 coelesti-

458 2242 556 2285 tius
585 2234 836 2295 coetibus,
871 2248 1095 2299 quorum
1128 2231 1313 2285 infelix
1348 2247 1447 2301 ego
1477 2248 1599 2299 pars
1628 2234 1755 2285 olim
1788 2234 1881 2286 l'ni.
1923 2234 2028 2288 Sed

455 2322 700 2391 praelium
748 2333 933 2374 contra
979 2322 1119 2375 hunc
1162 2323 1397 2390 suscepi,
1448 2338 1607 2389 quem
1642 2324 1706 2376 de
1747 2324 1874 2377 limo
1915 2324 2029 2378 for-

456 2418 655 2461 matum
686 2410 751 2460 ad
788 2410 1074 2477 imaginem
1110 2422 1253 2463 tuam
1293 2412 1603 2474 condidisti,
1660 2413 1885 2467 rationis
1929 2429 2025 2467 usu

453 2500 745 2563 exornasli,
771 2510 823 2552 et
844 2502 1075 2567 paradisi
1102 2501 1273 2554 civem
1311 2503 1656 2565 constituisti,
1684 2504 1945 2573 (ermque
1975 2514 2029 2560 et

455 2589 623 2641 maris
655 2590 930 2641 dominum
961 2590 1274 2643 exhibuisti.
1303 2588 1452 2643 llunc
1474 2606 1573 2660 ego
1597 2595 1661 2643 ad
1691 2594 1826 2646 lianc
1859 2608 2030 2663 usque

455 2682 593 2734 diem
633 2681 852 2733 vincens
879 2690 933 2735 et
958 2683 1247 2736 vulnerans
1274 2692 1330 2735 et
1361 2686 1517 2737 morti
1547 2684 1800 2737 addicens
1824 2698 2026 2752 persto.

457 2771 590 2825 lluic
618 2773 667 2824 in
708 2772 939 2824 stadium
979 2775 1233 2834 adducto,
1272 2784 1328 2827 et
1355 2790 1565 2828 mecum
1604 2776 1793 2830 luctari
1820 2788 2026 2843 coacto,

453 2862 612 2915 velim
660 2864 773 2931 ipse
811 2871 1081 2927 spectator
1128 2866 1273 2917 adsis
1316 2875 1370 2918 et
1416 2868 1766 2920 certaminum
1806 2884 2027 2936 praeses.

453 2951 605 3017 Quod
641 2956 684 3007 si
738 2956 977 3023 magistri
1014 2970 1223 3023 quoque
1267 2958 1344 3009 vis
1382 2958 1523 3025 [ungi
1575 2961 1707 3018 vice.
1744 2961 1876 3013 doce
1906 2976 2027 3014 eum

456 3046 667 3106 luctari,
712 3046 1019 3099 dcmOnstra
1057 3048 1130 3099 illi
1180 3050 1941 3113 victoria:antiﬁcia,-instrnc
1973 3063 2031 3106 ut

452 3135 686 3208 mm.
720 3138 799 3189 vis
825 3154 841 3204 ;
871 3148 1076 3191 tantum
1115 3155 1179 3192 ne
1207 3140 1317 3207 ipse
1342 3143 1663 3194 certaminis
1698 3143 1876 3195 socius
1910 3142 2023 3196 fias.

453 3226 568 3281 Non
604 3230 746 3281 enim
780 3246 877 3297 ego
920 3231 990 3282 ita
1026 3245 1145 3283 sum
1188 3232 1388 3293 audax,
1418 3242 1473 3285 et
1506 3244 1684 3287 mente
1727 3244 1937 3303 captus,
1972 3243 2029 3287 ut

457 3328 631 3371 tecum
656 3319 910 3372 Creatore
932 3329 1144 3373 certare
1166 3323 1464 3390 aggrediar.
1500 3322 1620 3375 "me
1642 3324 1761 3389 jure
1790 3325 2030 3379 diabolus

456 3410 732 3462 Servatori
759 3411 976 3464 Christo
1006 3412 1253 3475 dixisset,
1287 3415 1331 3467 si
1361 3424 1510 3467 certe
1535 3415 1674 3468 haud
1705 3417 1866 3469 homo
1897 3420 2025 3471 ruis-

456 3510 557 3560 set.
588 3504 678 3552 sed
717 3500 852 3554 Deus
900 3503 1015 3554 vice
1058 3502 1291 3555 hominis
1326 3504 1553 3559 luctans.
1613 3506 1743 3559 Nam
1794 3508 1837 3559 si
1883 3522 2031 3563 mens

458 3595 686 3643 humana
722 3594 772 3644 in
805 3608 869 3646 eo
898 3610 1000 3645 non
1025 3603 1162 3655 erat,
1196 3594 1334 3648 Dens
1361 3596 1477 3648 loco
1507 3599 1707 3651 mentis
1736 3599 2025 3663 inbarens,

454 3682 621 3735 odit-ia
640 3685 830 3736 mentis
847 3685 1139 3752 implesset,
1157 3685 1295 3739 Dens
1314 3688 1387 3755 (id
1400 3696 1483 3739 est
1504 3704 1647 3740 mera
1663 3692 1855 3757 deitas)
1872 3691 2030 3743 simul

456 3790 578 3829 cum
606 3790 831 3841 corpore
853 3777 1132 3842 esurisset,
1178 3778 1315 3833 Dens
1346 3781 1569 3843 sitisset,
1610 3780 1749 3835 Deus
1788 3782 2026 3837 laborem

456 3874 511 3920 et
559 3866 793 3934 reliquas
836 3882 1023 3922 omnes
1071 3884 1355 3937 perpessus
1404 3885 1543 3925 esset
1591 3873 1855 3929 humanas
1904 3889 2028 3943 pas-

456 3960 657 4013 siones.
700 3956 869 4011 Porro
916 3960 960 4013 si
996 3960 1133 4013 Deus
1162 3963 1393 4015 luctatus
1423 3972 1566 4017 esset
1592 3974 1757 4031 atque
1786 3965 2027 4029 vicisset,

455 4064 556 4117 cgo
584 4050 801 4116 quidem
850 4049 1071 4103 victoria
1105 4052 1421 4117 caruissem,
1469 4052 1605 4107 Dens
1640 4068 1769 4109 vero
1813 4070 2026 4110 omnem

451 4139 716 4206 justitiam
760 4138 1056 4208 implesset.
1105 4141 1405 4210 Siquidem,
1455 4152 1512 4197 ut
1554 4144 1705 4197 aiunt
1754 4146 2028 4213 Apollina-

462 4230 623 4282 rianm
649 4232 981 4299 garrulitatis
1017 4233 1367 4301 professores,
1400 4238 1521 4305 quia
1550 4238 1879 4305 impossibile
1910 4250 2028 4294 erat

461 4323 691 4374 humana
725 4323 1006 4388 praeditum
1041 4335 1238 4389 mente,
1266 4324 1489 4390 justitim
1527 4326 1673 4396 leges
1710 4330 2023 4399 adimplere,

457 4413 596 4469 bene
626 4415 827 4469 idcirco
852 4430 956 4469 non
987 4419 1224 4485 suscepit
1254 4418 1485 4473 Verbum
1522 4421 1679 4475 Dens.

2130 2040 2391 2105 δουλείαν,
2419 2041 2466 2091 εἰ
2506 2040 2599 2091 καὶ
2624 2040 2962 2092 ἀποστασίαν
2989 2040 3156 2091 νοσὼ’
3184 2040 3512 2109 παραχωρῶ
3539 2040 3600 2091 δὲ
3629 2041 3719 2091 καὶ

2132 2131 2381 2198 ἀγγέλοις
2409 2132 2507 2200 τῆς
2534 2130 2711 2199 νίκης,
2747 2132 2840 2183 καὶ
2879 2132 3011 2183 πᾶσι
3042 2134 3151 2194 τοῖς
3178 2131 3459 2200 οὐρανίοις
3498 2132 3715 2201 δήμοις,

2129 2216 2203 2275 ὧν
2238 2240 2364 2275 ποτε
2402 2223 2491 2274 καὶ
2532 2224 2560 2274 6
2597 2221 2943 2291 ταλαίπωρος
2965 2216 3044 2285 εἷς
3074 2222 3318 2292 ὑπῆρχον
3346 2220 3460 2290 ἐγώ
3481 2239 3495 2253 ’
3527 2224 3631 2289 τὴν
3664 2221 3716 2272 δὲ

2134 2313 2313 2382 μάχην
2363 2313 2499 2380 πρὸς
2550 2313 2737 2364 τοῦτον
2779 2313 3132 2382 ἀνεδεξάμην,
3162 2314 3220 2365 ὃν
3246 2314 3356 2365 ἀπὸ
3389 2314 3565 2383 πηλοῦ
3620 2315 3715 2381 μὲν

2128 2403 2439 2465 διέπλασας,
2465 2404 2778 2455 κατέίκόνα
2805 2403 2861 2455 δὲ
2892 2405 2991 2473 σὴν
3016 2406 3295 2473 ἐποίησας,
3322 2407 3419 2457 καὶ
3446 2406 3715 2475 ἐτίμησας

2128 2494 2204 2563 τῷ
2235 2495 2397 2561 λόγῳ,
2435 2494 2527 2545 καὶ
2575 2492 2901 2561 παραδείσου
2942 2493 3167 2561 πολίτην
3204 2496 3577 2563 κατέστησας,
3625 2500 3715 2547 καὶ

2128 2588 2231 2654 γῆς
2257 2588 2348 2638 καὶ
2382 2586 2651 2655 Θαλάττης
2685 2586 2950 2655 δεσπότην
2980 2586 3267 2655 ἀπέφηνας
3283 2604 3295 2617 ⁸
3325 2588 3521 2640 τοῦτον
3552 2591 3709 2658 μέκὲ⁹

2128 2678 2225 2747 τῆς
2248 2675 2496 2747 ’σήμερον
2524 2679 2734 2747 ἡμέρας
2762 2678 2950 2738 νικῶν,
2979 2678 3072 2730 καὶ
3110 2678 3343 2748 βάλλων,
3374 2681 3475 2733 καὶ
3507 2680 3587 2749 τῷ
3620 2680 3713 2731 θα-

2130 2770 2274 2837 νάτῳ
2309 2768 2696 2837 παραπέμπων
2738 2767 3002 2820 mamm-
3037 2768 3228 2821 τοῦτον
3270 2772 3353 2832 εἰς
3397 2771 3459 2821 τὸ
3505 2771 3713 2823 στάδιον

2131 2859 2374 2929 ἀγαγὼν.
2404 2860 2498 2912 καὶ
2531 2859 2781 2913 παλαίειν
2825 2862 2949 2930 ἐμοὶ
2992 2862 3275 2923 κελεύσας,
3304 2861 3469 2929 γενοῦ
3519 2861 3714 2931 θεατὴς

2130 2953 2289 3015 αὐτὸς
2311 2952 2404 3004 καδ-
2427 2952 2534 3004 τῶν
2558 2952 2953 3019 παλαισμάτων
2977 2952 3316 3021 ἀγωνοθέτης
3338 2968 3354 2982 ·
3385 2954 3433 3004 εἰ
3456 2953 3510 3005 δὲ
3536 2953 3713 3022 βούλει

2132 3044 2225 3095 καὶ
2254 3043 2320 3093 τά
2359 3040 2707 3109 παιδοτρίϐου
2737 3045 2931 3104 ποιεῖν,
2961 3041 3171 3106 δίδαξον
3200 3043 3481 3106 παλαίειν,
3510 3044 3721 3095 6:66a-

2132 3130 2220 3194 ξον
2254 3131 2401 3201 αὐτῷ
2446 3131 2543 3195 τάς
2594 3132 2691 3201 τῆς
2734 3130 2891 3200 νίκης
2923 3130 3114 3195 λαϐὰς,
3143 3130 3364 3199 ἄλειψον
3404 3132 3484 3194 ὡς
3520 3133 3712 3195 θέλεις,

2134 3226 2293 3295 μόνον
2324 3224 2396 3294 μὴ
2432 3226 2797 3294 συμμαχησῃς
2826 3223 3127 3277 παλαίοντι.
3159 3227 3231 3277 Οὐ
3266 3226 3377 3295 γὰρ
3411 3226 3559 3279 οὕτω
3593 3225 3716 3296 θρα-

2136 3318 2231 3378 σὺς
2272 3315 2402 3382 ἐγὼ,
2452 3318 2544 3369 καὶ
2592 3315 2683 3367 τοῦ
2734 3320 2946 3384 φρονεῖν
2993 3315 3336 3385 ἐξεστηκὼς,
3380 3320 3458 3381 ὡς
3514 3320 3597 3370 σοὶ
3642 3317 3715 3385 τῷ

2134 3412 2337 3478 Ποιητῇ
2367 3409 2617 3462 παλαίειν
2649 3409 3014 3478 ἐπιχειρῆσαι.
3041 3409 3225 3461 Ταῦτα
3264 3410 3328 3461 ἂν
3366 3406 3522 3461 εἶπεν
3549 3413 3575 3463 6
3604 3411 3715 3462 διά-

2134 3502 2287 3564 ϐολος
2315 3501 2537 3564 δικαίως
2582 3500 2717 3571 πρὸς
2746 3501 2836 3553 τὸν
2870 3503 3099 3573 Σωτῆρα
3129 3504 3387 3574 Χριστὸν,
3426 3505 3588 3574 εἴπερ
3619 3506 3710 3556 οὐκ

2135 3594 2420 3664 ἄνθρωπος
2448 3589 2539 3663 ἦν,
2573 3594 2709 3646 ἀλλά
2736 3594 2888 3656 Θεὸς,
2931 3597 2958 3646 ὁ
2979 3595 3096 3647 ἀντὶ
3119 3595 3411 3665 ἀνθρώπου
3448 3598 3707 3649 παλαίων.

2134 3684 2195 3735 Εἰ
2225 3684 2330 3752 γὰρ
2366 3682 2491 3745 νοῦς
2532 3681 2872 3752 ἀνθρώπινος
2910 3683 3009 3734 οὐκ
3046 3679 3113 3753 ἧν
3143 3685 3200 3735 ὲν
3230 3684 3399 3754 αὐτῷ,
3432 3686 3564 3748 Θεὸς
3594 3684 3707 3737 ἀντὶ

2131 3773 2219 3826 νοῦ
2257 3774 2516 3844 ὑπάρχων
2545 3774 2613 3826 τὰ
2654 3773 2729 3842 τῷ
2772 3773 2846 3843 νῷ
2889 3776 3107 3844 ἐνήργει
3152 3780 3536 3847 προσήκοντα’
3581 3777 3706 3838 Θεὸς

2134 3865 2231 3934 μὲν
2262 3860 2329 3935 ἦν
2359 3868 2387 3917 ὁ
2414 3864 2492 3934 τῷ
2518 3863 2726 3935 σώματι
2752 3869 3148 3935 συμπεινάσας,
3172 3868 3303 3929 Θεὸς
3325 3868 3382 3920 δὲ
3405 3870 3433 3919 6
3457 3870 3702 3937 διψήσας.

2132 3957 2225 4008 καὶ
2251 3956 2541 4019 κοπιάσας,
2566 3956 2661 4008 καὶ
2687 3956 2821 4010 ἄλλα
2853 3958 3029 4011 πάντα
3058 3961 3127 4012 τά
3148 3958 3467 4027 ἀνθρώπινα
3488 3961 3704 4030 ὑπομεί-

2129 4067 2224 4111 νας
2259 4048 2575 4118 παθήματα.
2607 4050 2669 4101 Εί
2698 4049 2753 4102 δὲ
2785 4049 2917 4111 Θεὸς
2945 4052 2974 4102 ὁ
3006 4049 3297 4112 παλαίσας,
3324 4052 3422 4102 καὶ
3456 4052 3699 4121 νικήσας.

2130 4139 2283 4209 κάγὼ
2301 4138 2393 4191 τοῦ
2418 4139 2596 4203 νίκους
2618 4140 2937 4210 ἐστέρημαι,
2959 4141 3092 4202 Θεὸς
3109 4140 3163 4193 δὲ
3185 4141 3212 4191 6
3232 4142 3332 4211 τὴν
3360 4140 3703 4209 δικαιοσύνην

2129 4231 2343 4284 ἃπασαν
2377 4230 2747 4299 κατορθώσας.
2784 4232 2977 4302 Εἴπερ,
3018 4230 3091 4294 ὣς
3126 4249 3288 4301 φασιν
3332 4234 3381 4284 οἱ
3415 4238 3516 4303 τῆς
3550 4236 3700 4285 Ἀπο-

2128 4320 2363 4391 λιναρεου
2410 4319 2694 4390 τερθρείας
2738 4321 3087 4391 δμολογηταὶ,
3122 4322 3309 4392 ἐπειδὴ
3345 4323 3612 4376 ἀδύνατον
3643 4320 3702 4392 ἦν

2129 4415 2223 4466 καὶ
2272 4414 2327 4463 ὲν
2373 4409 2700 4480 ἀνθρωπίνῳ
2731 4410 2855 4482 [νοῒ]
2892 4412 3179 4482 πληρῶσαι
3223 4412 3321 4482 τῆς
3362 4414 3703 4483 δικαιοσύνης

2126 4504 2251 4565 τοὺς
2290 4500 2507 4570 νόμους,
2548 4502 2648 4552 οὐκ
2686 4501 2979 4554 ἀνελάϐετο
3016 4504 3205 4556 τοῦτον
3241 4507 3269 4556 ὁ
3307 4504 3441 4568 Θεὸς
3480 4508 3667 4576 Λόγος.

459 4610 590 4665 XVI.
633 4610 784 4676 Quod
814 4612 1160 4690 defensionem
1193 4616 1413 4690 habeant
1449 4628 1764 4690 peceatores,
1800 4635 1843 4671 ei
1874 4635 2019 4673 men-

2132 4620 2244 4685 lq'.
2262 4616 2470 4690 ’Ὀτιρί
2496 4612 2937 4690 ᾀμαρτάνοντες
2969 4618 3304 4686 ἀπολογίαν
3328 4617 3611 4685 ἔχουσιν,
3652 4621 3701 4671 εἰ

522 4692 643 4762 tem,
701 4691 874 4750 utpote
934 4684 1221 4749 inﬁrmam,
1284 4686 1424 4739 Deus
1494 4685 1714 4739 Verbum
1772 4706 1873 4743 non
1911 4707 2031 4743 suv-

522 4763 673 4816 ceptt.
691 4770 697 4779 ί

528 4863 637 4917 lloc
691 4864 815 4917 dum
866 4866 1035 4929 aiunt,
1087 4866 1259 4932 primo
1308 4870 1522 4935 quidem
1580 4872 1719 4924 haud
1760 4872 2025 4928 modicam

456 4954 824 5022 impotentiam
860 4955 955 5024 ipsi
984 4955 1092 5010 Deo
1126 4956 1405 5027 allii-gout,
1442 4960 1727 5029 siquidem,
1762 4975 1817 5017 ut
1854 4966 2023 5027 aiunt,

458 5045 573 5099 ﬁeri
608 5063 711 5099 non
744 5054 953 5113 poterat
981 5058 1035 5099 ut
1057 5048 1099 5101 si
1141 5050 1373 5103 humana
1399 5066 1551 5106 mens
1582 5054 1628 5107 ei
1658 5055 1879 5119 inesset,
1922 5061 2020 5109 bo-

458 5140 652 5190 minem
685 5137 1030 5207 justiﬁcaret.
1070 5139 1269 5194 Deinde
1302 5142 1674 5209 peccatoribus
1705 5148 1937 5207 cunctis,
1971 5156 2026 5199 et

456 5230 759 5282 divinarum
789 5229 962 5301 legum
989 5231 1355 5297 violatoribus,
1387 5233 1718 5288 defensionis
1752 5234 1893 5289 fores
1926 5253 2021 5302 pa-

458 5322 733 5374 tefaciunt.
781 5320 910 5375 Jure
939 5324 1080 5376 enim
1118 5340 1295 5377 rerum
1323 5326 1562 5380 omnium
1598 5327 1707 5381 Deo
1736 5330 1975 5382 dicerent
2006 5346 2018 5381 :

455 5410 595 5463 Nihil
642 5413 791 5465 venia
822 5415 1397 5484 indignum,Domine,
1445 5422 1806 5486 peccavimus,
1850 5437 2021 5491 neque

455 5518 609 5571 pmtta
641 5505 894 5574 dignum;
926 5512 1353 5579 quandoquidem
1380 5512 1467 5565 inf.
1513 5529 1608 5567 aue
1640 5516 1835 5569 mentis
1858 5517 2018 5569 dnca~

458 5602 564 5645 tum
591 5596 767 5649 sortiti
798 5607 1003 5664 sumus,
1036 5616 1153 5670 quae
1185 5604 1326 5673 leges
1352 5612 1472 5659 tuas
1493 5604 1785 5660 observare
1812 5607 2017 5675 nequit.

456 5770 607 5852 adn...
628 5785 731 5850 quo
754 5780 993 5852 tempore
1016 5778 1263 5852 nonnulla
1286 5780 1402 5847 ejus
1426 5797 1476 5834 ιιι
1499 5781 1695 5837 Lucam
1720 5782 2015 5852 fragmenta

455 5854 518 5894 ex
537 5836 795 5895 Vaticano
820 5836 1001 5899 codice
1027 5847 1164 5902 edidi
1195 5869 1206 5903 :
1236 5836 1537 5921 quanquam
1568 5836 1733 5909 multo
1763 5836 2015 5910 lautiores

2195 4690 2273 4753 ὡς
2299 4685 2523 4749 ἀσθενῆ
2561 4689 2669 4738 τὸν
2710 4687 2858 4742 νοῦν
2890 4691 2999 4741 οὐκ
3031 4685 3324 4741 ἀνέλαϐεν
3348 4693 3381 4741 ό
3420 4692 3565 4753 Θεὸς
3594 4692 3699 4743 Ade

2195 4775 2319 4827 γος.

2196 4873 2364 4925 Τοῦτο
2406 4876 2460 4927 δὲ
2503 4876 2771 4941 λέγοντες,
2804 4872 3015 4944 πρῶτον
3062 4873 3159 4943 μὲν
3188 4872 3497 4943 ἀδυναμίαν
3541 4890 3700 4944 προσ·

2127 4963 2385 5017 ἅπτουσιν
2426 4967 2485 5017 οῦ
2528 4968 2627 5037 τὴν
2660 4964 2929 5034 τυχοῦσαν
2958 4964 3105 5034 αὐτῷ
3131 4965 3206 5034 τῷ
3241 4965 3382 5035 Θεῷ,
3418 4968 3599 5037 εἴπερ,
3632 4967 3699 5029 ὣς

2126 5075 2307 5126 φασιν,
2344 5059 2442 5127 οὐχ
2482 5053 2592 5111 οἶόν
2623 5075 2681 5110 τε
2713 5055 2780 5129 ἦν
2814 5058 2906 5111 τοῦ
2940 5058 3032 5110 νοῦ
3064 5057 3158 5111 τοῦ
3193 5059 3542 5127 ἀνθρωπίνου
3582 5078 3698 5113 ουν-

2125 5149 2273 5212 όντος
2311 5149 2591 5203 δικαιῶσαι
2622 5150 2710 5201 τὸν
2740 5150 3284 5220 ᾶνθρωπον.”επειτα
3329 5151 3385 5203 δὲ
3434 5155 3528 5205 καὶ
3578 5155 3700 5205 πᾶσι

2128 5242 2240 5302 τοῖς
2253 5242 2646 5311 ἁμαρτάνουσι,
2665 5242 2896 5305 καὶτοὺς
2917 5241 3094 5305 θείους
3113 5242 3308 5311 νόμους
3326 5244 3669 5314 παραϐαίνου
3684 5274 3696 5279 ~

2130 5349 2233 5396 σιν,
2258 5332 2548 5400 ἀπολογίας
2573 5334 2922 5402 ὑπανοίγουσι
2952 5334 3139 5405 θύραν.
3172 5335 3391 5387 Εἵποιεν
3424 5338 3533 5407 γὰρ
3565 5340 3695 5391 εἰκό-

2125 5438 2231 5483 τως
2276 5423 2414 5491 πρδς
2457 5423 2547 5474 τὸν
2592 5425 2701 5477 τῶν
2730 5425 2866 5477 ὅλων
2898 5424 3030 5477 Θεόν
3054 5444 3066 5454 ·
3096 5426 3207 5478 Οὐκ
3236 5426 3585 5494 ἀσύγνωστα,
3606 5430 3695 5481 Δέ-

2128 5528 2320 5576 σποτα,
2356 5514 2924 5587 πεπλημμελήκαμεν,
2962 5517 3080 5569 οὐδὲ
3113 5519 3380 5589 τιμωρίας
3406 5520 3555 5587 ἀξια,
3583 5521 3695 5575 νοῦν

2126 5605 2366 5673 ἡγεμόνα
2417 5606 2669 5672 λαϐόντες
2712 5610 2933 5679 ἀσθενῆ,
2969 5611 3063 5663 καὶ
3090 5610 3378 5677 φυλάττειν
3410 5616 3540 5678 τοὺς
3581 5617 3697 5679 σοὺς

2126 5785 2464 5865 Apollinaris.
2490 5786 2658 5855 copiae
2705 5802 2771 5843 ex
2815 5788 2936 5844 aliis
2974 5790 3148 5846 adhuc
3189 5790 3468 5850 codicibus
3509 5799 3691 5865 produ-

2122 5858 2302 5910 cenda:
2334 5857 2465 5911 mibi
2490 5871 2795 5929 supersunt.
