3926 6456
119 473 302 529 1455

1372 467 1461 522 DE
1500 460 2023 523 iNCARNATlONE
2066 457 2329 517 DOMINI.

3358 461 3503 517 μισ

118 594 193 647 οὺ
253 593 599 667 δυνάμενον
639 595 854 664 νόμους.
885 591 995 645 Καὶ
1038 590 1380 663 μαρτυροῦσι
1427 587 1788 661 πατριάρχαι,

1897 584 2088 638 Testes
2138 592 2266 635 sunt
2328 580 2651 649 patriarcha:
2706 589 2871 649 atque
2923 579 3223 649 prophetas,
3258 588 3329 631 .et
3386 578 3497 632 Deo

121 686 239 739 καὶ
272 686 612 757 προφῆται,
642 686 735 739 καὶ
778 685 886 738 τῶν
934 682 1201 753 θεοφιλῶν
1231 681 1536 754 ἀνθρώπων
1587 680 1656 733 τὰ
1696 680 1791 732 τά·-

123 796 157 846 1
176 795 382 849 ματα,
415 778 533 831 τῶν
562 795 620 830 τε
662 777 767 849 πρὸ
795 776 890 830 τοῦ
932 777 1117 847 νόμου,
1153 775 1245 828 καὶ
1274 775 1381 828 τῶν
1418 773 1558 844 μετὰ
1586 772 1677 827 τὸν
1706 771 1791 823 νό-

129 887 279 940 μον,
319 871 379 922 0!
423 872 487 923 ἑν
520 867 743 941 άζυγίᾳ,
787 869 838 921 oi
880 871 939 921 tv
974 867 1144 938 ζυγῷ,
1179 868 1229 919 oi
1273 868 1333 919 ὲν
1378 866 1615 933 πλούτῳ,
1650 866 1699 917 οἱ
1732 866 1789 916 ὲν

126 961 427 1032 ἁκτησίᾳ,
472 958 763 1032 πληρῶσαί
812 976 906 1013 σου
940 960 1041 1023 τὰς
1077 957 1298 1021 ὲντολάς
1346 958 1420 1029 μὴ
1466 955 1789 1027 δυνηθέντες

125 1055 233 1108 διὰ
289 1053 545 1107 τοῦτον·
598 1053 692 1105 καὶ
742 1052 918 1107 ταῦτα
951 1051 1028 1121 τῷ
1058 1050 1311 1121 παναγίῳ
1363 1068 1457 1103 σου
1507 1050 1788 1119 Πνεύματι

132 1143 577 1216 βοηθούμενοι.
620 1142 731 1197 Καὶ
756 1142 810 1196 τί
848 1142 931 1197 δεῖ
960 1142 1029 1195 τά
1059 1142 1234 1195 πολλὰ
1272 1142 1488 1209 λέγειν;
1518 1141 1710 1205 Αὐτὸς,
1744 1135 1788 1195 ὦ

131 1236 478 1297 Δέσποτα,
524 1232 585 1285 ὲν
633 1232 798 1303 σαρκὶ
841 1230 1257 1301 παραγέγονας,
1311 1229 1404 1282 καὶ
1456 1228 1637 1300 σάρκα
1689 1227 1790 1297 μὲν

130 1325 470 1398 ἡμετέραν
502 1324 783 1387 ἀνέλαὸες,
811 1323 903 1376 τὸν
952 1323 1009 1377 δὲ
1057 1322 1183 1375 νοῦν
1231 1321 1307 1386 ὡς
1360 1321 1639 1375 κωλύοντα
1688 1320 1790 1387 τῆς

136 1419 384 1489 ἀρετῆς
444 1418 542 1489 τὴν
594 1416 807 1482 κτῆσιν,
834 1415 931 1469 καὶ
972 1415 1071 1485 τῆς
1107 1414 1384 1485 ἁμαρτίας
1428 1412 1526 1485 τὴν
1570 1413 1789 1481 ἀπάτην

142 1510 386 1583 ῥᾳδίως
448 1508 847 1579 ὑποδεχόμενον
902 1507 1239 1579 ἀπέρριψας,
1272 1507 1367 1560 καὶ
1410 1508 1513 1559 οὐκ
1556 1505 1788 1576 ἠνέσχου

140 1603 363 1657 λαϐεῖν
390 1621 407 1635 ’
453 1601 685 1671 γέγονας
709 1600 766 1654 δὲ
794 1601 916 1655 ἀντὶ
942 1599 1033 1653 νοῦ
1061 1603 1125 1671 τῇ
1162 1603 1351 1675 σαρκὶ,
1376 1601 1472 1654 καὶ
1497 1600 1574 1670 τῷ
1600 1600 1789 1670 τρόπῳ

137 1692 351 1765 τούτῳ
420 1693 527 1764 τὴν
586 1691 936 1764 δικαιοσύνην
1002 1692 1395 1764 κατώρθωσας.
1452 1692 1640 1762 Τούτῳ
1712 1690 1791 1761 τῷ

140 1786 366 1858 τρόπῳ
424 1785 529 1855 τὴν
581 1785 859 1857 ἁμαρτίαν
906 1786 1223 1859 νενίκηκας.
1276 1785 1410 1851 Θεὸς
1459 1785 1569 1857 γὰρ
1608 1787 1789 1857 ὑπάρ-

140 1895 304 1948 χεις,
349 1876 531 1948 βουλῇ
558 1877 728 1932 ποιῶν
764 1878 826 1933 τὸ
855 1878 1068 1945 δοκοῦν,
1098 1878 1331 1949 νεύματι
1364 1877 1789 1949 μετασκευάζων

144 1968 225 2022 τὰ
251 1969 609 2040 πράγματα.
626 1969 819 2039 Ἡμεῖς
840 1968 894 2023 δὲ
920 1970 1044 2023 νοῦν
1070 1969 1287 2041 ἔχοντες
1307 1970 1397 2024 τὸν
1422 1969 1783 2041 ἀνθρώπινον,
1821 1955 1863 2009 Β

142 2059 211 2111 δν
272 2057 595 2112 ἀναλαϐεῖν
640 2058 742 2112 οὐκ
792 2058 1105 2129 ἠθέλησας,
1154 2059 1469 2129 ἀναγκαίως
1532 2060 1637 2114 ὑπὸ
1685 2060 1787 2131 τὴν

148 2148 473 2221 ἁμαρτίαν
500 2148 866 2219 τυγχάνομεν,
900 2152 1011 2213 τοῖς
1046 2152 1160 2213 σοῖς
1192 2149 1557 2220 ἀκολουθῆσαι
1581 2151 1785 2221 ἴχνεσιν

147 2242 263 2296 οὐκ
299 2240 666 2313 ίσχύσαντες.
702 2241 768 2295 Τί
796 2242 906 2313 γὰρ
932 2240 1058 2306 νοῦς
1088 2241 1428 2315 ἀνθρώπινος
1468 2243 1606 2315 πρὸς
1647 2242 1782 2297 Θεοῦ

151 2334 416 2405 δυνάμιν
456 2334 549 2388 καὶ
578 2333 715 2387 Θεοῦ
753 2334 966 2403 σοφίαν,
996 2336 1092 2389 καὶ
1126 2335 1262 2403 φῶς,
1295 2336 1390 2389 καὶ
1414 2334 1781 2405 δικαιοσύνην,

152 2425 262 2477 καὶ
302 2424 492 2497 ζωὴν,
526 2426 621 2479 καὶ
652 2424 749 2489 τὰς
793 2424 961 2489 ἄλλας
994 2425 1275 2498 ἐνεργείας
1307 2427 1407 2497 τῆς
1446 2427 1547 2497 σῆς
1573 2426 1785 2491 οὐσίας,

154 2515 217 2568 αἶ
250 2515 534 2588 καθάπερ
564 2518 783 2582 ἀκτῖνες
822 2519 918 2571 καὶ
964 2517 1308 2588 λαμπηδόνες
1333 2518 1399 2571 ἐκ
1435 2518 1536 2589 τῆς
1565 2518 1663 2587 σῆς
1693 2518 1787 2570 ἀν-

159 2609 399 2680 ίσχουσι
453 2610 699 2680 φύσεωςς
743 2610 906 2665 Ταῦτ’
957 2610 1024 2665 ἂν
1077 2610 1303 2673 είκότως
1360 2612 1566 2665 εῐποιεν
1613 2612 1662 2664 οί
1715 2614 1783 2683 τῇ

1892 676 2185 729 cltarorum
2218 674 2499 727 hoininum
2536 674 2775 743 agmina,
2815 682 2925 739 tum
2961 682 3088 725 ante
3124 680 3236 724 tum
3268 680 3389 739 post
3422 671 3497 725 le-

1893 783 2036 836 gem,
2068 776 2178 820 tum
2206 765 2441 831 ctelibes,
2474 776 2584 817 tmn
2607 764 2903 834 conjugati,
2940 773 3051 817 tum
3086 760 3353 831 epulenti,
3382 773 3495 818 tum

1894 861 2104 929 inopes,
2140 859 2232 929 qui
2265 859 2465 913 mentis
2501 872 2662 911 causa
2701 867 2825 913 tuas
2850 857 3149 927 adimplere
3179 856 3326 927 leges
3348 856 3494 911 haud

1892 960 2203 1022 potuerunt,
2222 952 2585 1020 nequidquam
2612 949 2818 1019 Spiritu
2842 958 2934 1005 tuo
2963 950 3311 1005 sanctissimo
3336 950 3497 1002 auxi-

1894 1044 2081 1099 liante.
2120 1042 2226 1099 Sed
2264 1058 2362 1096 cur
2404 1042 2651 1111 pluribus
2682 1043 2865 1098 verbis
2913 1057 3051 1111 opus
3082 1042 3195 1096 sit?
3241 1041 3320 1095 Tu
3358 1042 3495 1111 ipse,

1893 1136 2141 1199 Domine,
2175 1150 2340 1190 carne
2367 1122 2592 1189 indutus
2620 1136 2858 1202 venisti;
2888 1134 2982 1189 sed
3019 1148 3241 1189 carnem
3273 1134 3493 1203 quidem

1891 1234 2136 1282 nostram
2162 1226 2531 1293 assumpsisti.
2558 1237 2795 1282 mentem
2834 1236 3013 1283 tamen
3044 1235 3100 1279 ut
3125 1227 3343 1280 virtutis
3399 1227 3499 1279 ad-

1891 1320 2094 1389 eptioni
2118 1319 2546 1381 contrariam,et
2566 1318 2776 1387 peccati
2803 1318 2972 1371 errori
2990 1316 3148 1371 facile
3176 1316 3491 1380 obuoxiam,

1893 1411 2156 1467 recusasti
2184 1426 2285 1467 nee
2306 1425 2525 1466 sumere
2554 1424 2751 1479 passus
2772 1424 2832 1464 es
2860 1422 2875 1463 :
2898 1419 3065 1478 tuque
3092 1407 3337 1481 θεων».
3358 1408 3499 1462 adeo

1892 1504 2090 1559 mentis
2121 1505 2240 1560 vice
2272 1504 2323 1558 in
2360 1519 2525 1559 carne
2562 1503 2778 1559 functus
2814 1518 2893 1567 es,
2930 1512 3094 1573 atque
3123 1503 3198 1556 ita
3225 1501 3492 1571 justitiam

1892 1596 2036 1653 felici
2092 1614 2353 1655 successu
2422 1599 2700 1668 peregisti.
2770 1596 2885 1652 Hac
2956 1596 3208 1650 videlicet
3284 1595 3501 1649 ratione

1892 1700 2173 1761 peccatum
2205 1691 2410 1748 vicisti.
2448 1691 2589 1746 Deus
2624 1691 2769 1745 enim
2803 1706 2885 1753 es,
2920 1689 3220 1744 voluntatis
3255 1688 3303 1741 vi
3330 1686 3490 1756 quid-

1892 1784 2019 1853 quid
2052 1784 2270 1838 libuerit
2307 1800 2494 1857 agens,
2532 1794 2665 1839 nutu
2702 1794 2795 1839 tuo
2836 1782 3049 1854 negotia
3086 1796 3332 1837 versans.
3382 1776 3499 1833 Nos

1894 1890 2023 1930 vero
2052 1884 2233 1929 mente
2279 1875 2517 1930 humana
2556 1873 2790 1945 praediti,
2839 1889 3001 1943 quam
3047 1880 3101 1925 tu
3136 1872 3232 1926 tibi
3277 1883 3495 1925 sumere

1894 1966 2138 2034 noluisti,
2168 1970 2477 2025 necessario
2506 1968 2608 2024 sub
2638 1977 2865 2039 peccato
2897 1966 3168 2037 degimus,
3218 1975 3307 2017 tua
3340 1964 3493 2033 sequi

1894 2062 2122 2131 vestigia
2186 2076 2293 2116 non
2355 2061 2625 2117 valentes.
2695 2060 2835 2127 Quid
2921 2070 3006 2116 est
3053 2059 3201 2113 enim
3254 2057 3495 2112 humana

1895 2168 2051 2209 mens
2085 2169 2196 2223 prae
2234 2156 2325 2210 Dei
2376 2155 2616 2220 viribus,
2655 2154 2950 2225 sapientia,
2994 2153 3217 2216 lumine,
3253 2150 3497 2221 iustitia,

1892 2247 2027 2311 vita,
2075 2247 2310 2317 aliisque
2340 2249 2666 2304 substantiae
2698 2258 2802 2302 tua:
2845 2246 3125 2307 ellicaciis,
3173 2261 3293 2314 qum
3328 2242 3494 2297 veluti

1896 2339 2034 2394 radii
2069 2355 2131 2395 ac
2167 2339 2447 2410 lampades
2491 2356 2555 2395 ex
2605 2350 2801 2395 natura
2840 2350 2930 2395 tua
2975 2338 3325 2395 scaturiunt?
3370 2334 3497 2391 ﬂare

1895 2428 2231 2485 credibiliter
2267 2431 2511 2485 dicerent
2539 2430 2572 2482 ii
2607 2431 2699 2499 qui
2732 2440 2954 2501 peccato
2991 2430 3201 2484 servire
3226 2428 3497 2482 decrevis-

1894 2534 2037 2587 sent,
2062 2521 2107 2577 si
2137 2522 2276 2576 Deus
2292 2518 2531 2575 Verbum
2558 2520 2684 2573 dum
2712 2534 2839 2573 vere
2860 2520 3136 2573 hominem
3169 2529 3495 2577 assumeret,

1897 2613 1999 2667 bac
2033 2614 2245 2668 ratione
2279 2612 2697 2683 impeecantiam
2734 2628 2886 2666 suam
2920 2611 3026 2666 sibi
3056 2611 3422 2665 conciliasset.

159 2700 442 2775 ἁμαρτίᾳ
486 2702 759 2756 δουλεύειν
808 2704 1146 2775 αἱρούμενοι,
1179 2707 1341 2776 εἴπερ
1379 2706 1407 2757 ό
1454 2704 1587 2768 Θεὸς
1616 2703 1787 2771 Λόγος
1830 2703 2048 2774 ἀληθῶς
2098 2704 2165 2758 ἂν
2218 2705 2578 2760 συνανέλαὸεν
2613 2704 2923 2776 ἄνθρωπον,
2966 2702 3142 2775 τούτῳ
3182 2701 3261 2773 τῷ
3307 2703 3507 2773 τρόπῳ.

168 2794 660 2867 μηχανησάμενος
700 2795 763 2849 τὸ
801 2797 1211 2868 ἀναμάρτητον.

166 2991 273 3045 ιζ’.
300 2990 701 3057 Κατασκευή,
717 2990 805 3044 ὅτι
825 2992 1080 3115 εὔέριγοξ
1098 2994 1135 3060 ἡ
1155 2991 1260 3047 τοῦ
1278 2992 1389 3046 νοῦ
1409 2992 1791 3060 ἀνθρωπίνου

820 3079 901 3115 αν
986 3080 1153 3115 nmo.

820 3079 1153 3130 αναληψις.

257 3196 440 3251 Ἀλλά
475 3196 577 3267 τὴν
621 3198 719 3267 μὲν
762 3197 1082 3269 ἀδολεσχίαν
1119 3198 1348 3253 ἐκείνων
1392 3198 1786 3269 καταλίπωμεν

1898 2990 2061 3049 ΠΗ.
2105 2992 2431 3058 Argumenta
2484 2995 2553 3045 ad
2596 2993 3067 3046 demonstrandum
3115 3002 3252 3045 recte
3296 2990 3497 3059 fartum

2134 3064 2299 3133 fuisse
2329 3064 2515 3116 mentis
2552 3064 2801 3117 humane
2824 3073 3259 3129 assumptionem.

1968 3199 2075 3255 Sed
2121 3198 2234 3269 jam
2287 3199 2516 3253 istorum
2558 3214 2730 3271 nugas
2762 3200 2814 3253 in
2850 3198 3106 3269 praesenti
3154 3200 3497 3253 omittamus.

167 3288 268 3343 ὶπὶ
316 3288 424 3343 τοῦ
479 3289 781 3360 παρόντος·
824 3268 989 3362 ἡμεῖς
1032 3291 1088 3344 δὲ
1135 3292 1228 3344 ἐπὶ
1270 3291 1371 3363 τὴν
1416 3283 1787 3364 προκειμένην

1897 3288 2002 3344 Nos
2043 3304 2176 3345 vero
2208 3288 2273 3341 ad
2311 3289 2647 3357 propositum
2696 3300 3081 3359 argumentum
3132 3299 3499 3352 revertamur,

169 3378 455 3432 ὑπόθεσιν
478 3378 889 3449 ἐπανέλθωμεν,
924 3382 1019 3433 καὶ
1044 3381 1312 3453 δείξωμεν
1336 3383 1436 3453 τὴν
1467 3383 1562 3436 τοῦ
1597 3382 1785 3453 203?;-

171 3484 270 3541 ρος
300 3470 473 3542 ἡμῶν
496 3472 815 3541 οἰκονομίαν
846 3473 1165 3542 ἀναγκαίως
1195 3476 1593 3546 γεγενημένην.
1612 3477 1790 3529 Ἐπειο

169 3559 238 3630 δὴ
265 3562 387 3633 γὰρ
418 3562 571 3625 ἅπας
595 3564 624 3615 ὁ
650 3561 936 3633 ἄνθρωπος
961 3564 1241 3637 ἠπατήθη,
1269 3566 1363 3618 καὶ
1388 3566 1537 3629 ἄπας
1566 3566 1669 3619 ὑπὸ
1687 3564 1787 3637 τὴν

170 3654 473 3726 ἁμαρτίαν
496 3656 735 3724 ἐγένετο,
749 3656 845 3709 καὶ
868 3656 974 3725 πρὸ
996 3655 1089 3710 τοῦ
1111 3657 1366 3729 σώματος
1385 3659 1554 3731 δὲτὴν
1572 3660 1788 3731 ἀπάτην

173 3748 202 3799 ό
224 3747 359 3811 νοῦς
386 3748 691 3813 ὑπεδέξατο
707 3766 719 3777 ·
746 3752 779 3820 ἡ
803 3748 897 3802 τοῦ
921 3749 1013 3802 νοῦ
1037 3750 1144 3821 γὰρ
1167 3754 1434 3823 πρότερον
1455 3752 1789 3821 συγκατάθε-

175 3854 264 3903 σις
281 3840 388 3911 τὴν
413 3841 697 3912 ἁμαρτίαν
719 3846 1073 3915 σκιαγραφεῑ,
1098 3838 1198 3896 εἷθ’
1219 3836 1393 3908 οὕτως
1412 3845 1501 3899 διὰ
1522 3846 1621 3915 τῆς
1645 3848 1789 3917 ἐνερ-

176 3930 341 3998 γείας
382 3933 449 3986 τὸ
472 3932 656 4004 ’σῶμα
697 3933 904 4005 ταύτην
937 3938 1159 4005 μορφοϊ,
1203 3936 1431 3999 εἰκότως
1453 3939 1480 3989 ό
1504 3938 1787 4009 Δεσπότης

174 4023 429 4094 Χριστὸς
468 4024 572 4096 τὴν
606 4028 960 4079 πεπτωκυῖαν
1000 4026 1163 4095 φύσιν
1190 4026 1494 4098 ἀναστῆσαι
1526 4027 1789 4099 βουλόμε-

177 4130 294 4181 νος,
342 4118 488 4170 πᾶσι
527 4117 689 4187 χεῖρα
729 4115 949 4187 ὀρέγει,
994 4116 1090 4170 καὶ
1132 4116 1393 4188 κειμένην
1436 4118 1642 4191 ἐγείρει
1692 4120 1791 4189 τὴν

178 4204 391 4275 σάρκα,
418 4206 586 4277 φημὶ,
605 4206 808 4259 καὶτὸν
832 4204 981 4270 νοῦν,
997 4207 1055 4270 ὃς
1078 4209 1321 4277 ἐγεγόνει
1344 4211 1465 4263 κατ’
1487 4210 1673 4264 εἰκόνα
1694 4210 1789 4264 τοῦ

179 4297 527 4362 κτίσαντος·
552 4298 784 4370 ἀόρατός
818 4316 879 4352 τε
919 4302 1029 4372 γάρ
1070 4303 1210 4365 ἐστι,
1234 4302 1327 4355 καὶ
1350 4303 1601 4366 ἀθέατος,
1626 4304 1790 4375 ἀνέφ-

182 4405 337 4453 ικτος
374 4406 437 4444 τε
473 4389 569 4443 καὶ
602 4390 1011 4461 ἀκατάληπτος,
1034 4392 1141 4445 οὐδ’
1166 4393 1362 4447 ἑαυτὸν
1404 4395 1785 4466 ἐπιστάμενος,

184 4481 322 4552 πρὸς
368 4482 429 4537 δὲ
474 4481 688 4547 τούτοις
726 4484 820 4537 καὶ
844 4484 1255 4558 άπερίγραφος·
1279 4488 1438 4559 εἴπερ
1460 4491 1539 4553 είς
1560 4490 1658 4561 τὴν
1680 4490 1790 4543 τῶν

182 4569 472 4644 λογισμῶν
509 4573 923 4645 ἀποϐλέψαιμεν
960 4578 1283 4645 φαντασίαν,
1310 4581 1581 4651 ηγεμονίᾳ
1606 4598 1666 4633 τε
1693 4582 1787 4635 xui.

185 4662 414 4738 ὶξουσίᾳ
448 4668 838 4738 τετιμημένος,
862 4669 1079 4739 τέχναις
1124 4672 1219 4723 καὶ
1261 4673 1597 4745 ἐπιστήμαις
1632 4692 1792 4727 κεκο-

187 4760 504 4827 σμημένος,
532 4759 741 4831 βραχύς
780 4777 865 4824 τις
904 4763 998 4815 καὶ
1025 4763 1142 4826 νέος
1163 4763 1513 4836 δημιουργὸς,
1534 4767 1593 4839 ἦ,
1632 4767 1693 4821 τό
1727 4784 1791 4836 γε

187 4847 559 4923 ἀληθέστερον
601 4854 799 4918 εἰπεῖν,
839 4853 931 4907 τοῦ
956 4856 1301 4927 Δημιουργοῦ
1344 4858 1607 4929 μιμητὴς,
1637 4859 1791 4930 βασι-

187 4938 314 5006 λεὺς
333 4945 435 5015 τῆς
458 4946 744 5017 όρωμενης
767 4946 1070 5018 κτ“ἱσεως,ἥ
1100 4947 1365 5017 βασιλέως
1388 4950 1572 5014 είκὼν,
1592 4952 1792 5023 φόρους

193 5033 472 5104 συλλέγων
494 5037 557 5089 ἐκ
580 5037 703 5107 γῆς,
732 5039 796 5090 ὲκ
818 5037 1111 5110 θαλάττης,
1139 5038 1197 5105 ἐξ
1221 5041 1404 5113 ἀέρος,
1427 5041 1487 5107 ἐξ
1507 5042 1658 5113 ἡλίου
1696 5046 1791 5098 καὶ

191 5123 425 5200 σελήνης
454 5129 551 5183 καὶ
570 5129 839 5202 ἀστέρων,
864 5130 923 5197 ἐξ
952 5131 1186 5202 ούρανοῦ
1219 5134 1312 5186 καὶ
1340 5133 1539 5202 νεφῶν,
1564 5136 1629 5188 ἐκ
1652 5152 1789 5208 προ-

192 5217 375 5274 ϐάτων
416 5222 516 5275 καὶ
556 5221 695 5291 βοῶν
738 5224 838 5276 καὶ
874 5223 985 5276 τῶν
1024 5223 1199 5277 ἄλλων
1240 5226 1472 5294 κτηνῶν,
1501 5228 1701 5297 μᾶλλον
1734 5229 1789 5282 δὲ

195 5310 405 5377 πάντας
448 5313 630 5368 αὐτῶν
667 5313 795 5377 τοὺς
836 5315 1084 5385 καρποὺς
1119 5316 1481 5387 δρεπόμενος·
1524 5320 1594 5372 δι’
1627 5322 1790 5374 αὑτὸν

194 5401 300 5473 γὰρ
327 5405 545 5475 ἐγένετο
565 5405 633 5459 τὰ
653 5405 928 5477 ὁρώμεναο
944 5406 1076 5470 Θεὸς
1100 5409 1207 5479 γὰρ
1233 5410 1439 5463 τούτων
1456 5412 1784 5485 ἀπροσδεής.

264 5515 477 5572 Οὔκουν
520 5519 760 5589 ἠτίμασε
799 5520 889 5573 τὸν
930 5520 1074 5573 οὕτω
1112 5523 1321 5592 τίμιον,
1361 5524 1451 5577 τὸν
1493 5525 1790 5597 θεραπείας

196 5603 470 5677 δεόμενον·
495 5610 615 5663 οὐδὲ
638 5610 699 5663 τὸ
722 5610 1099 5683 φθειρόμενον,
1116 5614 1364 5685 καὶνόσῳ
1389 5616 1480 5667 καὶ
1504 5618 1652 5689 γήρᾳ
1672 5620 1789 5671 δου-

201 5693 354 5753 λεῦον
374 5704 468 5757 καὶ
483 5702 700 5774 θανάτῳ
717 5703 970 5769 ἀνέλαόε,
994 5705 1055 5757 τὸ
1076 5705 1132 5757 δὲ
1156 5704 1373 5774 λογικὸν
1398 5710 1492 5761 καὶ
1518 5709 1785 5765 ἀθάνατον

198 5789 290 5842 καὶ
301 5795 422 5847 κατ’
434 5813 457 5849 ε
467 5796 620 5850 ίκόνα
628 5812 828 5867 γεγενη
836 5796 994 5866 μένον
1008 5798 1035 5851 ύ
1044 5814 1109 5851 πε
1119 5798 1258 5869 ρεῑδε
1267 5839 1280 5862 ,
1290 5800 1565 5853 καὶταῦτα
1577 5804 1784 5872 κακῶς,

200 5878 273 5948 ὥς
286 5889 595 5954 “metu:
607 5889 809 5958 ίμενον*
827 5889 963 5944 ἀλλὰ
981 5894 1157 5946 πᾶσαν
1168 5893 1265 5962 τὴν
1279 5892 1439 5962 φύσιν
1454 5894 1783 5952 παλαιωθεῖ-

1892 3392 2055 3450 atque
2093 3381 2529 3434 demonstremus
2570 3380 2942 3435 necessariam
2979 3380 3151 3435 fuisse
3182 3380 3505 3434 Servatoris

1890 3472 2062 3529 nostri
2104 3471 2562 3526 incarnationem.
2605 3472 2741 3539 Quia
2776 3474 2921 3526 enim
2955 3482 3099 3527 totus
3130 3474 3295 3526 homo
3337 3472 3503 3528 dece-

1892 3576 2016 3635 ptus
2058 3564 2258 3629 fuerat,
2295 3573 2548 3631 totusque
2581 3566 2681 3619 sub
2733 3574 3021 3635 peceatum
3081 3565 3382 3628 deciderat,
3441 3574 3500 3620 et

1893 3669 2020 3713 ante
2059 3659 2235 3727 ipsum
2264 3672 2465 3723 corpus
2506 3672 2659 3711 mens
2688 3672 2932 3712 errorem
2966 3657 3303 3724 admiserat;
3343 3672 3503 3711 nam-

1894 3766 1998 3822 que
2020 3759 2177 3805 antea
2201 3750 2400 3803 mentis
2423 3764 2725 3803 consensus
2747 3760 3031 3819 peccatum
3066 3750 3322 3812 delineat,
3342 3750 3500 3803 dein-

1895 3846 1961 3899 de
2010 3844 2059 3898 id
2106 3858 2305 3912 corpus
2355 3859 2451 3912 per
2493 3857 2647 3896 suam
2706 3843 2976 3897 actionem
3028 3842 3241 3914 ﬁgurat,
3302 3844 3505 3899 merito

1894 3938 2144 3994 Christus
2181 3937 2439 3991 Dominus
2483 3936 2689 4006 lapsam
2737 3946 2985 3991 naturam
3030 3941 3244 4009 erigere
3286 3940 3501 4000 volens.

1898 4032 2114 4101 utrique
2146 4029 2307 4085 simul
2343 4045 2567 4083 manum
2618 4030 2873 4100 porrigit,
2906 4041 2960 4086 et
2998 4032 3270 4100 jacentem
3315 4034 3498 4101 erigit,

1895 4139 2145 4188 carnem,
2169 4123 2411 4191 inquam,
2440 4137 2504 4177 ac
2534 4134 2793 4177 mentem.
2824 4138 2947 4192 qua?
2975 4124 3039 4177 ad
3063 4122 3342 4180 Creatoris
3364 4126 3503 4180 ima-

1896 4217 2074 4285 ginem
2109 4216 2252 4270 facta
2291 4214 2411 4270 fuit.
2444 4215 2541 4269 Est
2571 4216 2714 4270 enim
2755 4232 2910 4271 mens
2952 4218 3263 4283 invisibilis,
3312 4221 3502 4275 incon-

1897 4310 2248 4380 templabilis,
2285 4312 2548 4382 impervia
2595 4320 2649 4365 et
2694 4311 3287 4381 incomprehensibilis,
3320 4329 3512 4385 neque

1896 4420 1955 4459 se
2001 4406 2172 4476 ipsam
2220 4421 2577 4477 cognoscens,
2620 4416 2675 4460 et
2725 4406 2948 4475 insuper
2977 4404 3496 4477 incircumscripta:

1896 4508 1949 4553 et
1997 4499 2039 4552 si
2087 4499 2480 4568 cogitationum
2516 4498 2865 4568 phantasiam
2914 4506 3247 4567 spectamus.
3298 4500 3499 4554 ducatu

1897 4600 1949 4643 et
1984 4598 2251 4660 potestate
2312 4591 2559 4659 praedita,
2620 4586 2828 4644 artibus
2877 4599 2931 4642 et
2985 4589 3233 4643 scientiis
3281 4602 3503 4654 ornata,

1901 4699 2064 4753 parva
2089 4685 2332 4753 quaedam
2357 4698 2573 4738 acuova
2594 4683 2854 4746 creatrix,
2872 4683 2978 4745 vel,
3003 4692 3061 4736 ul
3081 4686 3263 4739 verius
3290 4683 3506 4750 dicam,

1896 4776 2175 4830 Creatoris
2219 4776 2501 4840 imitatrix,
2556 4778 2741 4845 regina
2789 4787 3054 4832 crcatnrre
3106 4779 3364 4842 visib'lis,
3412 4781 3501 4834 vel

1898 4869 2041 4939 regis
2089 4869 2292 4940 imago,
2344 4869 2544 4924 tributa
2596 4870 2662 4924 de
2716 4879 2858 4925 terra
2907 4871 3190 4938 colligens,
3235 4887 3297 4924 ex
3336 4873 3501 4938 mari,

1896 4968 2059 5027 atque
2092 4974 2241 5026 aere,
2292 4977 2356 5016 ex
2391 4962 2504 5016 sole
2554 4978 2617 5017 ac
2662 4962 2785 5015 luna
2820 4973 2870 5017 et
2926 4964 3119 5025 stellis,
3153 4981 3216 5017 ex
3250 4965 3392 5019 caelo
3443 4976 3500 5022 et

1898 5051 2151 5116 nubibus,
2187 5069 2249 5108 ex
2296 5054 2510 5115 ovibus.
2556 5055 2750 5119 bobus,
2784 5054 3015 5125 aliisque
3042 5056 3285 5127 835m.
3334 5072 3502 5126 pecu~

1894 5143 2085 5206 dibus;
2118 5145 2228 5198 imo
2256 5161 2380 5199 vero
2407 5146 2647 5200 omnium
2676 5147 2883 5202 fructus
2907 5164 3137 5219 carpens
3164 5167 3177 5202 :
3209 5152 3325 5216 ejus
3351 5151 3502 5207 enim

1896 5238 2068 5304 gratia
2110 5237 2341 5291 visibilia
2378 5250 2574 5294 cuneta
2608 5249 2736 5295 sunt
2767 5239 2944 5295 facta:
2976 5258 3100 5295 nam
3135 5241 3275 5296 Deus
3302 5242 3501 5299 horum

1896 5343 2000 5381 non
2031 5340 2113 5383 est
2152 5330 2384 5397 indigus.

1964 5524 2079 5580 Non
2106 5542 2235 5599 ergo
2258 5533 2709 5601 eontempsittam
2728 5536 3021 5604 pretiosam
3048 5549 3257 5608 partem
3285 5542 3495 5597 medela

1892 5630 2145 5689 egentem
2173 5639 2188 5687 ;
2221 5626 2517 5687 morquue
2548 5636 2604 5678 et
2635 5638 2852 5681 senecta
2883 5641 3197 5699 corruptaut
3224 5635 3501 5702 mortique

1892 5710 2257 5779 mancipatam
2308 5714 2704 5773 humanitatem
2760 5736 2867 5775 non
2926 5720 2996 5775 ita
3061 5727 3382 5794 assumpsit,
3439 5739 3500 5782 ut

1892 5810 2101 5869 partem
2142 5804 2313 5874 ipsius
2354 5809 2673 5864 rationalem
2718 5820 2772 5865 et
2819 5812 3184 5871 immortalem
3221 5828 3383 5887 atque
3426 5822 3500 5875 ad

1892 5896 2182 5968 imaginem
2219 5918 2375 5958 suam
2413 5905 2609 5961 factam
2638 5909 2985 5979 despexerit;
3021 5912 3327 5980 praesertim
3367 5914 3497 5984 quia
