3926 6466
221 475 364 530 1149

1399 469 1484 524 ΜΞ
1524 469 1633 524 lNi‘.
1651 463 2036 523 \RNATlONE
2076 462 2333 521 DOMINI.

3363 462 3504 517 44ὺο

218 612 432 664 γυπτον
458 595 828 666 ἑϐδομήκοντα
869 594 1031 648 πέντε
1069 592 1164 662 (Ι).
1206 591 1446 663 Εὔδηλον
1480 594 1538 646 δὲ
1580 594 1656 657 ὡς
1701 593 1798 646 οὐκ

1911 591 2164 661 ingressa:
2204 599 2330 645 sunt
2379 604 2500 644 cum
2547 587 2750 644 Jacobo
2799 588 2852 642 in
2888 587 3182 658 .-Egyptum
3214 627 3229 650 .
3283 597 3506 656 septua-

211 688 504 758 ἀσώματοι
534 683 676 756 ἦσαν
716 685 901 739 οίτοῦ
947 685 1144 739 Ίακὼδ
1195 686 1299 740 υίοί
1331 704 1388 740 τε
1423 687 1517 740 καὶ
1565 685 1800 752 ἔκγονοι,

212 780 336 835 ἀλλ’
366 779 474 832 ἀπὸ
513 779 715 848 μέρους
755 778 816 830 τὸ
850 779 956 830 πᾶν
1013 779 1040 829 6
1088 778 1503 848 ἱστοριογράφος
1546 775 1801 843 ἐδήλωσε.

213 866 332 920 Καὶ
362 865 524 918 πάλιν
545 880 559 894 ο
606 883 623 916 ι
647 865 809 937 Ψυχὴ
839 868 873 936 ή
908 866 1318 936 ἁμαρτάνουσα,
1346 865 1486 937 αὑτὴ
1509 866 1801 919 ἀποθανεί-

214 973 332 1008 ται.
385 974 402 1006 ι
441 953 627 1017 Οὐδεὶς
659 955 716 1008 δὲ
738 955 878 1022 ἔγνω
909 954 1130 1008 πώποτε
1167 955 1345 1026 ψυχὴν
1388 955 1516 1009 ἀνευ
1552 955 1802 1024 σώματος

215 1045 468 1116 ἁμαρτίᾳ
510 1045 947 1116 περιπεσοῦσαν⁸
993 1046 1086 1098 καὶ
1133 1039 1310 1107 αὖθις,
1353 1063 1372 1096 ι
1409 1046 1484 1097 Ού
1530 1043 1604 1114 μὴ
1635 1060 1804 1097 κατα-

221 1138 384 1207 μείνῃ
413 1138 472 1188 τὸ
498 1137 723 1206 Πνεῦμά
755 1154 857 1206 μου
891 1139 946 1190 ὲν
975 1140 1084 1198 τοῖς
1108 1135 1416 1208 ἀνθρώποις
1451 1136 1684 1202 τούτοις,
1715 1137 1803 1190 διὰ

214 1230 280 1282 τὸ
304 1226 442 1282 εἶναι
487 1231 682 1293 αὐτοὺς
727 1230 922 1300 σάρκα.
958 1249 976 1281 ι
1019 1231 1130 1283 Καὶ
1170 1232 1198 1282 6
1234 1230 1519 1299 προφήτης
1552 1228 1800 1299 ἑτέρωθι,

221 1339 242 1370 ι
269 1322 427 1374 Πᾶσα
445 1321 578 1390 σὰρξ
595 1320 724 1390 χοῦς
745 1321 840 1392 [itu
858 1321 1001 1385 rod.,
1021 1335 1125 1375 non
1140 1321 1377 1394 χόρτος],
1395 1323 1487 1375 καὶ
1507 1325 1656 1376 πᾶσα
1676 1321 1804 1386 δόξα

213 1412 509 1481 ἀνθρώπου
534 1412 605 1474 ὡς
635 1411 792 1474 ἄνθος
817 1413 1011 1482 χόρτου
1032 1427 1045 1440 ⁸
1083 1431 1100 1464 ι
1135 1413 1227 1466 καὶ
1257 1416 1285 1466 6
1313 1415 1583 1485 μακάριος
1613 1415 1800 1479 Δαόὶδ,

221 1521 240 1554 ι
281 1501 577 1571 Ἐμνήσθη,
598 1505 782 1571 φησιν,
816 1503 896 1555 ὅτι
925 1502 1062 1573 σάρξ
1092 1506 1218 1567 είσι,
1252 1503 1470 1574 πνεῦμα
1501 1505 1805 1576 πορευόμε-

213 1610 330 1651 νον.
367 1593 461 1644 καὶ
480 1593 578 1644 οὐκ
609 1592 959 1662 ἐπιστρέφον.
988 1613 1005 1643 ι
1043 1594 1213 1646 Παντί
1235 1594 1291 1646 δὲ
1313 1595 1582 1665 δήπουθεν
1608 1595 1804 1667 γνώρι-

217 1701 342 1755 μον,
369 1681 441 1744 ὡς
469 1682 566 1735 ούκ
595 1681 790 1750 ἄψυχοι
816 1677 957 1752 ἦσαν
979 1677 1124 1736 οὗτοι
1154 1675 1228 1734 ὧν
1250 1683 1568 1753 κατηγορεῖ,
1599 1683 1693 1735 καί
1721 1677 1803 1746 οἷς

211 1771 520 1840 νομοθετεῖ,
562 1772 654 1823 καὶ
679 1764 752 1823 ὧν
777 1771 1074 1841 ὲρμηνεύει
1108 1773 1208 1842 τὴν
1240 1772 1422 1842 φύσιν.

287 1862 366 1914 Οὐ
399 1863 556 1932 μόνον
583 1861 639 1915 δὲ
675 1863 802 1925 τοὺς
846 1863 1351 1935 κατηγορουμένους
1381 1863 1552 1936 [λέγει
1593 1867 1625 1936 ἡ
1655 1865 1798 1936 Γραο

1913 685 2065 754 ginta
2104 684 2346 752 quinque
2377 682 2527 736 fuere
2559 681 2623 734 ³⁸.
2676 681 2906 736 Constat
2956 687 3139 735 autem
3183 693 3288 734 non
3335 678 3507 732 fuisse

1915 776 2264 841 incorporeos
2292 772 2478 827 Jacobi
2502 773 2643 828 Iilios
2675 781 2838 840 atque
2869 781 3127 841 nepotes;
3158 772 3250 826 sed
3268 786 3333 825 ex
3353 779 3507 840 parte

1916 873 2084 919 totum
2120 865 2414 918 historicus
2447 863 2864 918 demonstravit.
2893 863 2960 917 Et
2990 877 3180 917 rursus
3211 877 3224 913 :
3261 880 3279 913 ι
3307 861 3502 915 Anima

1913 970 2031 1023 qtue
2050 954 2378 1023 peccaverit,
2400 955 2514 1022 ipsa
2533 954 2796 1010 morietur
2817 954 2884 1006 ”.
2899 953 3101 1008 tNemo
3114 966 3244 1007 vero
3261 966 3504 1020 unquam

1913 1046 2325 1100 scivitanimam
2354 1048 2559 1116 absque
2598 1057 2828 1114 corpore
2866 1045 2917 1098 in
2951 1045 3170 1114 culpam
3205 1042 3491 1098 incidisse.

1915 1136 2202 1192 Etdenuo:
2236 1154 2253 1187 ι
2277 1135 2393 1190 Non
2426 1137 2769 1208 permanebit
2794 1134 3032 1206 Spiritus
3063 1150 3219 1190 meus
3249 1134 3506 1188 inhomi-

1915 1225 2073 1280 nibus
2101 1227 2246 1289 istis,
2285 1229 2408 1295 quia
2438 1227 2660 1297 827m
2690 1241 2818 1281 caro
2842 1226 3082 1281 sunt“.t
3121 1224 3189 1279 Et
3213 1224 3342 1280 alibi
3373 1239 3506 1293 pro-

1913 1322 2074 1390 pheta
2096 1336 2108 1371 :
2129 1319 2349 1374 «Omnis
2366 1335 2496 1375 caro
2514 1319 2710 1389 pulvis,
2737 1318 2985 1374 etomnis
3005 1319 3288 1373 hominum
3328 1317 3505 1389 gloria

1911 1428 2008 1466 ceu
2029 1411 2134 1466 feni
2152 1411 2250 1465 ﬂos
2275 1413 2376 1465 “.t
2402 1411 2599 1465 Beatus
2620 1427 2836 1480 quoque
2857 1410 3025 1465 David
3059 1429 3072 1464 :
3111 1430 3129 1463 ι
3161 1409 3504 1466 l‘tecordatus

1911 1513 2014 1566 est,
2039 1504 2234 1572 inquit,
2269 1504 2412 1573 quod
2437 1518 2568 1559 caro
2596 1514 2747 1570 sunt,
2802 1503 3030 1571 spiritus
3063 1504 3269 1558 vadens
3311 1510 3366 1557 et
3391 1516 3502 1557 non

1912 1597 2129 1650 rediens
2156 1597 2222 1649 δ’.
2263 1614 2280 1647 ι
2328 1594 2425 1651 Est
2448 1604 2628 1649 autem
2671 1595 2966 1664 unicuique
2996 1594 3363 1664 exploratum,
3391 1608 3500 1648 non

1912 1686 2078 1742 fuisse
2125 1689 2224 1741 hos
2280 1686 2548 1741 inanimes
2618 1701 2756 1755 quos
2805 1686 3182 1755 reprehendit,
3236 1685 3319 1740 vel
3379 1684 3503 1754 qni-

1910 1778 2198 1847 buslegem
2219 1777 2526 1841 constituit,
2553 1775 2635 1830 vel
2661 1791 2891 1845 quorum
2923 1787 3178 1830 naturam
3213 1775 3498 1830 describit.

1979 1867 2165 1937 Neque
2199 1869 2373 1924 solum
2420 1869 2489 1924 de
2539 1868 2873 1937 vituperatis
2929 1869 3003 1922 ita
3051 1867 3297 1938 loquitur
3338 1867 3499 1922 Scri-

210 1948 342 2024 φῆ],
368 1951 507 2005 ἀλλὰ
560 1951 655 2005 καὶ
685 1953 794 2004 τῶν
827 1954 1238 2024 ἐπαινουμένων
1273 1956 1400 2019 τοὺς
1434 1956 1763 2027 κορυφαίους
1784 1974 1796 1986 .

1907 1971 2084 2030 ptura,
2103 1977 2291 2015 verum
2313 1960 2489 2017 etiam
2516 1962 2581 2014 de
2610 1961 3025 2016 laudatissimis.
3056 1961 3238 2016 Testis
3271 1959 3496 2023 Paulus,

210 2043 315 2095 καὶ
350 2041 556 2094 τούτων
591 2043 802 2112 μάρτυς
828 2044 856 2095 6
898 2044 1168 2114 μακάριος
1215 2045 1424 2108 Παῦλος
1466 2046 1523 2098 ὲν
1556 2049 1621 2117 τῇ
1666 2047 1799 2116 πρὸς

210 2131 465 2194 Γαλάτας
494 2131 665 2199 λέγων
683 2146 694 2160 ·
731 2152 748 2182 ι
777 2133 908 2186 Ὅτε
940 2133 995 2187 δὲ
1029 2134 1322 2205 εὐδόκησεν
1354 2139 1381 2189 ὁ
1401 2136 1531 2200 Θεὸς
1557 2138 1584 2188 6
1609 2138 1802 2207 ἀφορί-

212 2237 320 2284 σας
355 2238 422 2290 με
447 2221 510 2272 ὲκ
547 2221 754 2282 κοιλίας
795 2222 1000 2291 μητρός
1035 2238 1159 2292 μου,
1191 2223 1284 2274 καὶ
1321 2221 1561 2285 καλέσας
1591 2221 1682 2274 6ιά
1703 2223 1801 2292 τῆς

209 2311 438 2383 χάριτος
472 2311 635 2364 αὐτοῦ
680 2311 1032 2382 ἀποκαλύψαι
1073 2313 1168 2366 τὸν
1195 2314 1322 2366 Υἱὸν
1363 2313 1529 2367 αὑτοῦ
1564 2315 1622 2366 ἐν
1656 2314 1798 2383 ἐμοὶ,

209 2404 420 2466 εὐθέως
454 2405 514 2456 ού
541 2404 958 2474 προσανεθέμην
995 2405 1162 2475 σαρκὶ
1202 2407 1295 2459 καὶ
1327 2407 1540 2476 αἵματι,
1563 2405 1698 2459 ἀλλὰ
1723 2406 1800 2474 (‘2)

208 2492 356 2565 πρὸς
386 2494 510 2555 τοὺς
540 2493 643 2563 πρὸ
690 2493 825 2563 ἐμοῦ
856 2495 1188 2558 ἀποστόλους
1224 2494 1477 2564 ἀνῆλθον.
1505 2515 1522 2546 ι
1552 2494 1614 2547 Εἰ
1653 2495 1710 2548 δὲ
1739 2496 1799 2547 ού

213 2583 384 2655 μόνον
414 2584 507 2635 ἐπὶ
533 2582 627 2635 τοῦ
664 2583 929 2653 σαρκικοῦ
964 2584 1310 2654 φρονήματος
1343 2585 1435 2638 καὶ
1467 2585 1565 2654 τῆς
1605 2584 1799 2655 θνητόν

209 2689 398 2743 τητος,
431 2673 491 2725 τὸ
526 2672 624 2742 τῆς
649 2673 848 2743 σαρκὸς
871 2673 1126 2744 φρόνημα
1158 2672 1511 2744 λαμϐάνεται,
1537 2674 1675 2729 ἀλλά
1702 2678 1796 2729 καὶ

209 2763 311 2814 ἰπὶ
341 2761 522 2831 πάσης
539 2763 636 2830 τῆς
661 2762 754 2815 τοῦ
778 2761 1066 2832 ἀνθρώπου
1099 2763 1335 2832 φύσεως,
1367 2763 1591 2834 εὔδηλον
1615 2766 1690 2828 ὡς
1716 2767 1796 2833 τὸ,

217 2871 239 2906 ι
275 2852 334 2906 '0
361 2853 534 2919 Λόγος
560 2853 698 2923 σὰρξ
729 2854 962 2922 ἐγένετο,
989 2874 1007 2907 ι
1030 2855 1090 2908 οὐ
1114 2855 1173 2908 τὸ
1194 2856 1515 2926 φαινόμενον
1535 2856 1630 2908 τοῦ
1659 2857 1798 2922 ξώου

215 2943 403 3014 μόνον,
448 2941 562 2994 ἀλλ’
596 2943 716 2995 ὅλον
747 2944 1002 3014 σημαίνει
1034 2945 1126 2998 τὸν
1165 2944 1481 3016 ἄνθρωπονο
1520 2946 1639 3000 οὐδὲ
1671 2965 1795 3017 τρο-

212 3034 333 3102 πήν
360 3048 480 3085 τινα
518 3031 617 3102 τῆς
661 3032 810 3096 Θείας
837 3033 1026 3097 οὐσίας
1056 3037 1136 3098 εἰς
1189 3036 1369 3106 σάρκα
1412 3037 1545 3106 φησι
1576 3038 1801 3109 γεγενῆ-

213 3124 366 3186 σθαι,
399 3123 536 3177 ἀλλὰ
575 3124 674 3194 τὴν
712 3125 816 3179 ὑπὸ
854 3126 948 3180 τοῦ
982 3126 1118 3180 Θεοῦ
1163 3129 1337 3196 Λόγου
1384 3129 1650 3200 ἀνάληψιν
1701 3131 1800 3201 τῆς

211 3214 566 3284 ἀνθρωπείας
599 3215 862 3286 κηρύττει
887 3217 1130 3284 φύσεωςο
1158 3217 1346 3290 ὥσπερ
1380 3219 1489 3290 γάρ
1511 3221 1592 3285 τὸ,
1626 3241 1644 3272 ι
1665 3222 1800 3293 Χρι·

216 3281 344 3365 οτὸς
389 3306 537 3374 ἡμᾶς
581 3281 916 3377 ἐξηγόρασεν
949 3309 1015 3361 ὲκ
1047 3309 1145 3379 τῆς
1189 3281 1436 3379 κατάρας
1460 3281 1796 3382 σοῦνόμίιυ,
1825 3281 1870 3341 C

215 3395 509 3461 γενόμενος
536 3395 676 3466 ὑπὲρ
703 3397 859 3467 ἡμῶν
903 3399 1137 3469 κατάρα,
1165 3418 1183 3450 ι
1212 3401 1273 3453 ού
1318 3401 1415 3472 τὴν
1447 3403 1526 3465 είς
1556 3403 1800 3474 κατάραν

219 3482 523 3556 μεταϐολὴν
550 3485 652 3555 τῆς
685 3487 793 3539 τῶν
826 3487 1050 3555 ἀγαθῶν
1095 3490 1278 3560 πηγῆς
1310 3492 1628 3556 αἰνίττεται,
1663 3494 1801 3548 ἀλλά

216 3568 319 3639 τὴν
360 3568 424 3621 δι’
463 3572 626 3624 αὑτοῦ
675 3576 974 3645 γενομένην
1014 3577 1116 3647 τῆς
1169 3579 1447 3649 ἀμαρτίας
1497 3583 1665 3652 ἤγουν
1702 3583 1800 3653 τῆς

215 3659 465 3729 κατάρας
512 3662 853 3734 ἀπαλλαγὴν,
897 3667 991 3719 καὶ
1035 3668 1120 3731 τὸ,
1159 3687 1178 3719 ι
1220 3669 1477 3724 Γενέσθαι
1525 3675 1800 3745 ἁμαρτίαν

217 3751 357 3820 ὑπὲρ
404 3753 562 3822 ἡμῶν
599 3756 690 3807 τὸν
747 3758 822 3828 μὴ
850 3757 1047 3825 γνόντα
1084 3760 1382 3832 ἁμαρτίαν,
1428 3782 1448 3816 ι
1483 3767 1543 3817 ού
1569 3767 1670 3837 τὴν
1700 3769 1802 3838 τῆς

217 3843 560 3910 δικαιοσύνης
578 3847 829 3915 σημαίνει
851 3850 1058 3920 τροπὴν
1081 3852 1374 3923 (ἄτρεπτον
1391 3855 1498 3927 γάρ
1531 3857 1592 3909 τὸ
1621 3857 1797 3926 Θεῖον,

220 3932 312 3983 καὶ
343 3933 720 4000 ἀναλλοίωτον,
751 3936 826 3999 ὡς
853 3936 942 3990 διὰ
989 3938 1084 3991 τοῦ
1130 3943 1412 4012 προφήτου
1442 3943 1541 4014 βοᾷ
1561 3963 1572 3976 ³
1615 3965 1633 3997 ι
1657 3947 1799 4015 Ἑγώ

219 4023 356 4091 ιίμι,
395 4025 489 4075 καί⁵
517 4024 616 4077 οὐκ
643 4026 702 4094 ἡ)
715 4026 944 4097 λοίωμαι
964 4068 978 4091 ,
1012 4029 1058 4098 ι)
1082 4031 1217 4086 ἀλλά
1245 4034 1346 4104 τὴν
1374 4035 1482 4089 τῶν
1515 4038 1800 4110 ἡμετέρων

219 4113 634 4185 ἁμαρτημάτων
659 4117 956 4188 ἀνάληψινο
985 4139 1005 4173 ι
1043 4123 1147 4175 Ἴδε
1180 4124 1309 4193 γάρ,
1339 4127 1522 4196 φησὶν,
1544 4130 1572 4180 6
1606 4129 1799 4200 Ἀμνὸς

217 4201 316 4256 τοῦ
353 4201 511 4269 Θεοῦ,
550 4201 677 4258 ιῖδεῖ
706 4209 877 4277 αῐρων
906 4210 1008 4280 τὴν
1051 4213 1326 4282 ἁμαρτίαν
1379 4216 1474 4269 τοῦ
1511 4218 1739 4289 κόσμου·
1773 4239 1793 4272 ι

218 4289 363 4345 οὕτω
382 4296 464 4359 τὸ,
497 4311 515 4345 ι
539 4295 595 4348 '0
623 4297 793 4365 Λόγος
817 4299 954 4371 σάρξ
981 4301 1218 4371 ἐγένετο,
1249 4323 1268 4355 ι
1298 4307 1360 4359 οὐ
1389 4307 1490 4377 τὴν
1513 4308 1800 4363 ἀλλοίωσιν

219 4381 371 4450 λέγει
408 4384 509 4454 τῆς
554 4385 836 4457 Θεότητος,
868 4391 1004 4446 ἀλλά
1030 4394 1130 4464 τῆς
1189 4395 1538 4468 ἀνθρωπίνης
1582 4403 1798 4469 φύσεως

220 4474 495 4543 ἀνάληψιν
520 4492 534 4507 ·
564 4477 662 4548 τὴν
700 4480 908 4549 ἄφατον
937 4484 1046 4555 γὰρ
1086 4487 1181 4540 τοῦ
1219 4488 1354 4542 Θεοῦ
1388 4491 1799 4563 φιλανθρωπίαν

219 4565 248 4615 6
270 4564 659 4636 εὐαγγελιστὴς
691 4572 1000 4642 κηρύττων,
1022 4575 1097 4638 ὡς
1128 4577 1370 4641 ἐδίδαξεν
1409 4580 1484 4642 ὡς
1507 4581 1535 4633 6
1563 4583 1623 4634 ὲν
1654 4584 1798 4656 ἀρχῇ
1836 4615 1876 4669 D

217 4672 294 4726 ὢν
330 4675 431 4743 (3),
458 4676 552 4729 καὶ
585 4679 717 4743 Θεὸς
737 4679 833 4748 ὢν,
870 4685 964 4736 καὶ
992 4685 1131 4756 πρὸς
1168 4688 1264 4740 τὸν
1291 4688 1422 4743 Θεὸν
1451 4688 1548 4753 ὢν,
1572 4694 1666 4746 καὶ
1703 4696 1798 4748 ού-

217 4762 414 4818 δέποτε
442 4767 518 4840 μὴ
547 4768 643 4835 ὢν,
680 4774 708 4824 6
728 4771 1140 4847 δημιουργήσας
1170 4779 1374 4845 πάντα,
1404 4783 1432 4834 6
1465 4781 1532 4834 τά
1572 4785 1646 4855 μὴ
1669 4785 1800 4841 ὄντα

294 4969 493 5026 “Gen.
529 4988 672 5040 nvi,
704 4973 795 5030 27.
874 4978 918 5010 "
949 4978 1146 5036 Ezeeh.
1178 4998 1333 5046 xvttt,
1368 4987 1419 5040 4.
1500 4989 1546 5019 ⁵⁸
1581 4990 1718 5042 Gen.
1763 5007 1788 5042 ι’

294 5040 358 5076 τις
457 5042 504 5074 u
533 5043 685 5076 nat...
855 5049 918 5076 az
1017 5050 1062 5076 ιι
1093 5053 1128 5076 ιι
1161 5057 1267 5076 ιι..-
1311 5071 1340 5076 -.
1388 5057 1447 5076 ..η
1553 5060 1599 5076 η
1638 5059 1679 5076 ,ι
1724 5063 1734 5076 .

1913 5035 1925 5057 ,
1954 4995 2042 5076 41‘.
2108 4999 2272 5076 "isa.
2304 5019 2393 5068 XL,
2420 5005 2472 5063 6.
2553 5012 2593 5040 δ’
2641 5012 2782 5068 l‘sal.
2817 5033 3020 5076 ινιτ-ιι.
3051 5022 3138 5076 59.

1553 5060 1600 5090 ιι
1633 5059 1860 5116 Malach.
1897 5081 1976 5127 ιιι,
2009 5070 2060 5121 6-
2144 5059 2434 5140 δ’δοεηῇι,
2459 5059 2557 5134 '29.
2641 5059 2657 5064 -
2817 5059 3020 5083 υ.......,

219 5040 381 5107 t,t5.
457 5042 504 5074 ιι
533 5043 709 5101 Gaiat.
743 5063 825 5111 ιιι,
855 5049 940 5104 ts.
1017 5050 1062 5082 ιι
1091 5053 1129 5106 ιι
1161 5057 1285 5110 cor.
1311 5040 1363 5120 ι,
1388 5057 1476 5110 2t.

293 5223 548 5303 (I)‘llunc
578 5226 948 5303 numerum_i_n
976 5227 1160 5283 Graeca
1195 5229 1388 5288 Genesi
1419 5235 1713 5303 scriptum,
1741 5248 1795 5294 et

217 5308 342 5374 cum
375 5296 495 5374 act.
525 5305 697 5374 apos-‘t.
729 5312 834 5360 νει,
997 5305 1459 5374 consentientem,
1494 5296 1796 5374 sequuntur

217 5363 588 5446 Latini-etiam
635 5362 823 5420 Patres
848 5367 1080 5435 aliquot,
1125 5381 1257 5446 teste
1299 5362 1612 5446 Satlut'terio';
1656 5362 1794 5446 apud

215 5450 376 5500 quem
415 5431 772 5504 Hieronymus
807 5431 1021 5506 quoque
1052 5449 1107 5492 et
1137 5444 1467 5510 Augustinus
1503 5448 1568 5498 de
1601 5431 1661 5501 re

216 5513 424 5556 serunt.

287 5572 364 5654 (Ξ)
383 5571 454 5625 Ita
487 5573 606 5627 cod.
633 5575 786 5639 ἀλλά,
821 5579 930 5638 sed,
959 5593 1056 5645 pro
1081 5581 1201 5635 οὐδὲ
1232 5601 1412 5654 neque,
1441 5590 1583 5653 quod
1613 5599 1790 5648 tamen

215 5653 418 5718 eontra
449 5659 786 5698 communem
839 5663 1056 5714 prorsus
1102 5653 1345 5709 codicum
1392 5666 1445 5710 et
1491 5662 1788 5718 editionum

215 5714 592 5767 auctoritatem
623 5731 743 5770 esse
769 5718 996 5772 videtur.

253 5851 262 5863 .
286 5783 362 5851 (3)
399 5785 711 5864 ppportnne
734 5802 957 5864 magnus
978 5788 1170 5847 Cicero
1195 5794 1243 5848 in
1268 5795 1536 5864 Scipionis
1563 5801 1787 5859 Somnio

217 5853 357 5906 cit-ea
397 5853 577 5916 finem,
611 5856 698 5910 ubi
735 5859 801 5911 de
828 5853 944 5911 'Deo
973 5875 1151 5914 rerum
1185 5853 1422 5923 omnium
1463 5853 1780 5929 moui-Ei}!

532 5947 805 6008 ΡΑτιιοῑ..
837 5949 952 6011 Gtt.
1005 5953 1228 6015 LXXV.

1906 2053 1995 2122 qui
2029 2053 2081 2106 itt
2116 2052 2350 2121 Epistula
2378 2054 2444 2106 ad
2475 2051 2698 2108 Galatas
2730 2054 2805 2106 ait
2832 2070 2846 2108 :
2885 2073 2902 2104 ι
2929 2054 3065 2108 Cum
3088 2062 3271 2107 autent
3293 2052 3500 2122 placuit

1904 2146 1977 2208 ei,
2012 2145 2100 2212 qui
2133 2159 2218 2199 me
2246 2146 2555 2215 segregavit
2581 2161 2648 2199 ex
2684 2157 2842 2201 utero
2886 2146 3078 2200 matris
3109 2161 3266 2211 mete,
3317 2155 3372 2200 et
3403 2159 3503 2223 vo-

1906 2237 2047 2291 cavit
2077 2251 2171 2304 per
2199 2236 2430 2305 gratiam
2462 2252 2642 2302 suam,
2691 2247 2751 2291 ut
2802 2237 3076 2293 revelaret
3106 2237 3306 2293 Filium
3336 2253 3497 2293 suum

1906 2327 2098 2392 inme,
2131 2328 2394 2384 continuo
2446 2343 2553 2383 non
2591 2330 2846 2398 acquievi
2896 2330 3052 2385 carni
3096 2338 3152 2385 et
3203 2329 3494 2399 sanguini,

1906 2416 2001 2472 sed
2033 2417 2098 2470 ad
2132 2432 2495 2486 praecessores
2526 2435 2676 2475 meos
2705 2421 2983 2489 apostolos
3012 2423 3219 2478 accessi
3252 2421 3320 2477 “.
3378 2443 3398 2476 ι
3432 2419 3497 2481 Si

1904 2525 2034 2580 ergo
2057 2525 2164 2565 non
2191 2519 2404 2566 tantum
2443 2513 2510 2567 de
2533 2514 2738 2567 carnali
2781 2514 3003 2579 aﬂ‘eetu,
3052 2525 3104 2570 et
3145 2517 3212 2572 de
3247 2521 3502 2575 mortali-

1907 2611 2050 2666 tate,
2094 2602 2278 2657 carnis
2328 2617 2525 2659 sensus
2567 2605 2919 2678 intelligitur,
2973 2621 3161 2663 verum
3208 2609 3373 2665 etiam
3431 2614 3500 2667 de

1906 2693 2158 2747 universa
2211 2693 2451 2749 hominis
2493 2704 2709 2761 natura,
2759 2707 2909 2767 patet
2939 2698 3257 2766 dictionem,
3286 2719 3305 2752 ι
3360 2701 3500 2756 Ver-

1903 2783 2029 2836 hum
2054 2799 2184 2839 caro
2215 2784 2418 2840 factum
2451 2794 2554 2851 est,
2577 2807 2596 2840 ι
2626 2803 2735 2842 non
2779 2789 2923 2858 quod
2956 2790 3171 2847 visibile
3199 2793 3498 2851 animantis

1904 2883 1982 2928 est
2021 2877 2433 2943 tantummodo,
2477 2883 2572 2934 sed
2605 2890 2775 2936 totum
2821 2882 3096 2937 hominem
3145 2884 3487 2955 signiﬁcare.

1904 2966 2088 3036 Neque
2137 2972 2554 3027 conversionem
2607 2975 2899 3044 quamdam
2930 2975 3131 3033 divinae
3172 2979 3499 3036 substantia:

1903 3057 1956 3110 in
1989 3072 2211 3113 carnem
2258 3060 2510 3115 evenisse
2564 3063 2718 3126 dicit,
2772 3065 2867 3118 sed
2918 3076 3260 3136 assumptam
3300 3087 3335 3124 a-
3383 3070 3498 3128 Deo

1905 3147 2085 3204 Verbo
2145 3151 2440 3206 humanam
2494 3161 2748 3209 naturam
2796 3159 3078 3225 praedicat.
3133 3159 3290 3217 Sicut
3346 3165 3496 3220 enim

1903 3242 2126 3307 locutio,
2159 3261 2178 3294 t
2219 3243 2471 3298 Christus
2512 3247 2745 3300 redemit
2783 3264 2883 3303 nos
2901 3252 2969 3305 de
3006 3253 3303 3312 maledicto
3333 3258 3496 3332 legis,

1902 3336 2077 3390 factus
2095 3350 2192 3404 pro
2223 3336 2381 3390 nobis
2411 3336 2758 3393 maledictum
2783 3340 2850 3407 “,
2897 3361 2915 3393 ι
2947 3356 3291 3416 nequaquam
3317 3351 3497 3410 innuit

1903 3429 2256 3484 mutationem
2303 3429 2470 3485 fontis
2521 3433 2790 3488 bonorum
2839 3437 2892 3489 itt
2944 3441 3293 3498 maledictum
3325 3484 3340 3510 ,
3397 3452 3495 3505 sed

1902 3523 2082 3592 potius
2106 3522 2300 3576 factam
2327 3537 2424 3591 per
2457 3523 2635 3592 ipsum
2676 3527 2886 3594 peccati
2927 3531 3046 3586 sive
3085 3534 3360 3593 maledicti
3392 3539 3494 3596 de-

1900 3610 2203 3680 pulsionem
2228 3628 2243 3676 ;
2276 3621 2330 3666 et
2359 3613 2522 3668 sicuti
2547 3617 2734 3681 verba,
2776 3635 2794 3668 ι
2834 3618 3040 3676 factum
3063 3641 3185 3681 esse
3205 3641 3492 3696 peccatum

1901 3717 2000 3771 pro
2023 3702 2178 3757 nobis
2205 3717 2328 3758 eum
2365 3705 2456 3772 qui
2486 3715 2767 3775 peccatum
2822 3727 2928 3767 non
2961 3730 3190 3774 noverat
3227 3721 3294 3786 “,
3337 3742 3355 3775 ι
3394 3741 3490 3781 tte-

1902 3809 2173 3864 quaquam
2208 3795 2436 3865 iustitia:
2471 3801 2833 3857 mutationem
2869 3805 3182 3874 signiﬁcant
3214 3813 3316 3882 (est
3344 3820 3492 3873 enim

1903 3886 2228 3942 invertibilis
2262 3887 2400 3942 Deus
2425 3898 2480 3942 et
2509 3889 2884 3960 immutabilis,
2918 3897 3077 3953 sicuti
3110 3917 3209 3971 per
3256 3909 3492 3976 ριόιιιιεε.

1904 3988 2013 4031 tam
2042 3977 2270 4032 clamat:
2304 3997 2323 4030 ι
2357 3978 2469 4050 Ego
2497 3995 2639 4048 sum,
2670 3992 2848 4039 etnon
2873 3999 3052 4043 mutor
3079 3993 3148 4056 “,
3184 3997 3496 4070 ))Se(|pt'c-

1903 4081 2150 4123 calorum
2197 4081 2508 4126 nostrorum
2550 4078 3020 4144 assumptionent:
3057 4104 3076 4136 ι
3129 4086 3267 4145 Ecce
3301 4095 3446 4150 enim
3475 4138 3492 4162 ,

1902 4159 1998 4254 ait,
2036 4161 2221 4254 Agnus
2255 4162 2369 4228 Dei,
2403 4177 2531 4220 ecce
2557 4168 2647 4235 qui
2677 4168 2816 4224 tollit
2845 4183 3131 4241 peccatum
3155 4183 3440 4254 mundi";

1901 4252 2010 4314 sic,
2054 4253 2296 4342 inquam,
2342 4255 2526 4319 dictio,
2566 4276 2584 4308 ι
2621 4255 2858 4315 Verbum
2898 4279 3027 4320 caro
3078 4269 3278 4326 factum
3328 4252 3434 4342 est,
3462 4301 3482 4332 ι

1903 4353 2007 4392 non
2041 4341 2395 4396 mutationem
2420 4343 2554 4399 dicit
2595 4346 2844 4414 Deitatis,
2870 4357 2965 4407 sed
2993 4356 3246 4418 humana:
3280 4341 3488 4424 naturae

1905 4431 2360 4521 assumptionem.
2404 4433 2651 4506 Namque
2694 4440 3025 4500 ineﬂ’abilem
3069 4446 3163 4505 Dei
3216 4470 3344 4521 erga
3391 4459 3493 4514 lto-

1907 4520 2081 4574 tnines
2133 4523 2458 4579 charitatem
2515 4527 2813 4594 praedicare
2870 4533 3057 4589 volens
3103 4520 3434 4613 evangelista
3473 4589 3490 4613 ,

1909 4613 2418 4702 postqttamdocuit,
2449 4617 2675 4688 828m
2705 4633 2828 4674 eum
2857 4625 2946 4692 qui
2984 4627 3052 4681 ab
3087 4629 3242 4686 initio
3266 4647 3408 4702 erat,
3439 4651 3496 4695 et

1906 4704 1997 4770 qui
2029 4701 2170 4759 Deus
2191 4716 2331 4771 erat,
2353 4717 2408 4762 et
2433 4713 2523 4779 qui
2566 4713 2708 4780 apud
2743 4714 2909 4769 Deunt
2947 4730 3085 4786 erat,
3119 4733 3174 4777 et
3207 4727 3299 4794 qui
3347 4701 3490 4784 nun-

1905 4807 2069 4860 quam
2100 4809 2208 4850 non
2245 4796 2461 4866 fuerat,
2507 4802 2598 4870 qui
2649 4805 2831 4860 omnia
2864 4823 3190 4883 creaverat,
3239 4820 3330 4887 qui
3381 4838 3489 4880 non

3237 5027 3282 5059 ”
3309 5027 3487 5086 Galat.

2169 5245 2439 5346 ljrinrt'pio
2474 5260 2620 5313 nulla
2655 5274 2728 5317 est
2765 5268 2933 5334 origo,
2970 5286 3088 5323 nam
3126 5291 3191 5328 ea:
3223 5278 3490 5346 principio

1904 5326 2148 5415 oritur-tur
2181 5326 2378 5415 omnia,
2417 5328 2588 5393 ipsum
2626 5347 2801 5388 autem
2837 5326 2982 5391 nulla
3017 5356 3083 5394 ea:
3123 5326 3181 5397 rei
3209 5326 3248 5398 εἴ

1907 5401 2412 5483 “ori-tur,
2470 5415 2532 5451 ne
2574 5406 2762 5483 occidit
2803 5409 3010 5475 quidem
3053 5401 3305 5483 unquan
3346 5401 3492 5475 Natis

1904 5470 2588 5553 prntemt‘u‘nt-ﬁastiuctuiu,
2610 5490 2701 5526 uec
2732 5470 2902 5553 ipsum
2933 5480 2996 5530 ab
3027 5470 3486 5553 altare-nascetur,

2115 5535 2349 5620 ἐς
2379 5539 2580 5619 creabit
2601 5583 2616 5603 ,
2647 5535 2759 5620 etc.
2785 5544 2839 5600 Si
2870 5563 2999 5616 ergo
3026 5535 3390 5620 νετὺίιῖιιῗξὶιῖ
3404 5535 3493 5614 ἶὲῖ

2391 5609 2462 5698 in
2506 5596 2772 5698 principio
2797 5596 3051 5680 veratf'et'
3328 5596 3492 5698 “apud

2438 5664 2606 5763 enipi}
2629 5723 2643 5744 ,
2671 5664 2725 5739 ert
2757 5664 3490 5763 ἱιιειιιῃίδειιιῧῖιὲίίδηιυὲξί

1901 5734 2327 5837 ξξξιιξξέροηψξξιε
2359 5734 2723 5837 ίρδιιεξηιοὶιη.
2757 5734 2875 5837 vni,
2897 5734 3493 5837 asj'iiiiéiibﬁlilliiiﬁlé

1895 5806 2094 5897 ittdzeis
2134 5828 2148 5863 :
2171 5811 2269 5897 .Tl‘t
2297 5818 2424 5897 quis
2466 5838 2519 5874 es
2541 5823 2575 5897 .°_
2603 5806 2887 5897 respondi’t
2923 5806 3186 5890 di'vini'tvu's'

1895 5895 2061 5945 ptum,
2092 5888 2180 5950 qui
2210 5892 2258 5938 et
2289 5888 2474 5958 loquor
2500 5895 2656 5948 vobis.

2979 5994 3051 6054 «£6
