3926 6438
490 484 618 539 lilii

1486 477 1543 530 S.
1582 471 1853 530 CYBILLI
1885 467 2354 525 ALI‘JXANDRINI
2402 469 2723 525 ARCIIIEP.

3643 465 3768 520 HE!

489 605 805 659 exsistcntia
834 603 899 656 ad
939 600 1308 656 exsistendum
1352 607 1615 660 traxerat,
1657 595 1747 663 qui
1786 593 1893 647 vita
1936 600 2042 646 eral

2158 590 2237 652 ei;
2260 591 2317 642 τὸ
2345 585 2483 643 εἶναι
2509 591 2762 658 ποιήσας,
2794 587 2985 659 ἠζωὴ,
3018 589 3078 640 τὸ
3104 586 3221 655 φῶς
3243 584 3306 639 τὸ
3340 584 3652 655 ἀληθινὸν,
3681 588 3765 652 τήν

490 710 543 750 ct
573 698 663 751 lus
692 710 848 756 vera;
884 695 991 755 hic,
1028 693 1122 755 ait,
1155 692 1432 757 hominum
1452 702 1577 765 suas
1606 687 1733 739 fecit
1756 684 2055 754 passiones,

492 788 617 841 dum
660 784 934 838 hominum
960 782 1189 835 salutem
1223 787 1563 845 operaretur.
1598 776 1841 843 Cumque
1883 772 2058 825 adhuc

494 878 665 949 magis
722 875 1104 930 benellciorum
1164 872 1307 926 illius
1370 869 1797 937 magnitudinem
1834 864 2058 918 demon-

494 977 667 1023 strare
692 965 868 1025 vellet,
898 975 1237 1031 nequaquam
1266 960 1333 1014 de
1364 956 1655 1012 immortali
1681 956 1858 1009 anima
1893 952 2054 1007 verba

492 1060 637 1124 fecit,
669 1060 762 1113 sed
803 1058 868 1112 de
892 1056 1131 1125 passibili
1161 1066 1344 1113 carne,
1370 1048 1581 1104 mortali
1613 1058 1665 1102 et
1694 1044 2053 1115 corruptibili,

492 1165 557 1203 ex
590 1150 715 1202 limo
740 1146 925 1210 facta;
975 1154 1135 1213 atque
1172 1157 1201 1194 a
1246 1148 1398 1210 parte
1450 1147 1613 1191 totam
1661 1145 1907 1189 naturam
1958 1136 2053 1187 de-

492 1237 753 1300 claravit,
795 1232 1156 1301 utsequentia
1188 1240 1458 1284 testantur
1495 1245 1507 1281 :
1545 1244 1563 1275 ι
1604 1226 1836 1279 Verbum
1866 1223 2008 1277 enim
2036 1264 2050 1287 ,

493 1328 707 1396 inquit,
779 1339 907 1379 caro
962 1323 1164 1377 factum
1225 1328 1307 1376 est
1343 1360 1357 1385 ,
1421 1326 1475 1372 et
1530 1317 1794 1371 habitavit
1846 1317 1896 1370 in
1954 1329 2051 1369 no-

493 1420 572 1473 bis
601 1418 663 1470 ⁸⁸.
705 1434 723 1467 ι

559 1528 710 1582 Alius
736 1540 866 1581 vero
898 1525 945 1579 is
970 1533 1111 1588 erat,
1158 1523 1246 1591 qui
1290 1523 1452 1576 modo
1509 1521 1737 1574 naturali
1788 1519 2057 1573 inhabita-

491 1623 601 1682 bat,
641 1617 784 1671 aliud
819 1631 945 1671 vero
980 1614 1259 1682 templum.
1294 1613 1471 1677 Quare
1502 1621 1555 1663 et
1587 1609 1785 1662 Judzeis
1834 1609 2049 1661 aiebat:

493 1727 512 1761 ι
552 1708 755 1763 Solvite
806 1706 1060 1775 templum
1098 1705 1217 1767 hoc,
1241 1713 1295 1757 et
1336 1716 1434 1770 ego
1481 1702 1651 1754 tribus
1681 1702 1868 1754 diebus
1903 1700 2055 1753 exci-

491 1799 615 1855 tabo
641 1799 786 1853 illud.
820 1796 887 1850 ‘9.
930 1815 947 1848 ι
988 1794 1193 1862 Templi
1234 1808 1363 1846 vero
1396 1791 1593 1845 solutio
1626 1800 1744 1844 erat
1775 1792 1971 1845 animae
2021 1807 2051 1845 a

2162 681 2410 751 φθαρτὴν
2438 681 2666 733 ἀνέλαϐε
2691 682 2873 751 φύσιν,
2889 681 2982 733 καὶ
3006 680 3073 731 τά
3088 680 3196 731 τῶν
3217 676 3557 749 ἀνθρώπων
3577 674 3767 745 ᾠκειύ-

2160 789 2292 826 σατο
2338 773 2507 843 πάθη,
2544 774 2641 843 τὴν
2688 772 2794 825 τῶν
2855 771 3163 842 ἀνθρώπων
3215 768 3761 839 πραγματευόμενος

2161 864 2455 934 σωτηρίαν.
2484 864 2595 917 Καὶ
2620 863 2881 932 μειζόνως
2906 862 3071 915 αὐτοῦ
3096 860 3267 923 δεῖξαι
3287 860 3395 930 τῆς
3428 856 3760 929 εὐεργεσίας

2157 952 2216 1004 τὺ
2248 951 2479 1020 μέγεθος
2510 952 2794 1022 ἐθελήσας,
2817 952 2878 1004 ού
2908 952 3009 1022 τῆς
3032 950 3215 1020 ψυχῆς
3245 950 3652 1019 ἐμνημόνευσε
3670 944 3759 1012 τῆς

2158 1043 2450 1106 ἀθανάτου,
2488 1044 2626 1097 ἀλλά
2658 1046 2753 1113 τῆς
2794 1044 2996 1114 σαρκὸς
3022 1044 3121 1113 τῆς
3156 1041 3438 1111 παθητῆς,
3475 1042 3587 1108 τῆς
3637 1038 3753 1105 θνη-

2156 1135 2273 1204 τῆς,
2306 1134 2407 1201 τῆς
2442 1132 2833 1203 φθειρομένης,
2883 1133 2982 1201 τῆς
3025 1134 3089 1185 ἐκ
3135 1130 3311 1201 πηλοῦ
3344 1128 3753 1199 versarat-LM?

2158 1226 2246 1277 καὶ
2270 1226 2377 1278 ἀπὸ
2420 1224 2515 1278 τοῦ
2552 1226 2750 1294 μέρους
2784 1225 2879 1293 τὴν
2907 1225 3090 1275 πᾶσαν
3122 1224 3286 1289 φύσιν
3335 1222 3655 1289 ἐδήλωσεν,
3685 1217 3753 1273 ὡς

2160 1319 2429 1385 μαρτυρεῖ
2470 1316 2539 1368 τὰ
2589 1316 2944 1384 ἐπαγόμενα·
2986 1333 3004 1364 ι
3044 1314 3103 1365 '0
3150 1312 3326 1379 Λόγος
3370 1312 3518 1380 γάρ,
3572 1311 3747 1377 φησὶν.

2165 1405 2296 1476 σάρξ
2323 1406 2561 1474 ἐγένετο,
2596 1407 2691 1459 καὶ
2712 1408 3022 1475 ἐσκήνωσεν
3046 1406 3103 1457 ἐν
3132 1406 3335 1473 ἡμῖνω

2227 1517 2454 1586 Ἕτερος
2492 1517 2549 1570 δὲ
2581 1519 2609 1569 6
2632 1516 2965 1586 κατοικήσας
3002 1513 3142 1567 κατά
3166 1513 3259 1564 τὸν
3303 1512 3465 1578 λόγον
3507 1511 3615 1578 τῆς
3654 1511 3747 1577 φύς

2157 1625 2312 1670 σεως,
2338 1610 2433 1661 καὶ
2456 1608 2643 1678 ἕτερος
2665 1610 2693 1660 6
2719 1608 2864 1668 ναός.
2881 1607 2971 1658 Διὸ
2992 1606 3085 1657 καί
3113 1606 3225 1667 τοῖς
3257 1604 3549 1666 Ἰουδαίοις
3574 1604 3741 1668 ελεγεδ

2162 1718 2179 1748 ι
2208 1697 2417 1750 Λύσατε
2450 1697 2538 1751 τὸν
2585 1697 2712 1751 ναὸν
2764 1697 2972 1761 τοῦτον,
3022 1697 3118 1749 καὶ
3169 1697 3227 1750 ἐν
3273 1698 3461 1766 τρισὶν
3507 1696 3746 1766 ἡμέραις

2154 1788 2331 1858 ἐγερῶ
2365 1788 2544 1841 αὐτόν.
2576 1807 2593 1838 ι
2617 1787 2784 1852 Λύσις
2812 1788 2869 1840 δὲ
2901 1788 2994 1841 τοῦ
3020 1788 3172 1851 ναοῦ,
3203 1788 3387 1856 ψυχῆς
3414 1788 3514 1839 καὶ
3558 1787 3739 1854 σώμα-

489 1904 714 1959 corpore
748 1886 1063 1942 dissolutio:
1088 1899 1209 1938 nam
1237 1898 1385 1937 mors
1418 1892 1502 1937 est
1526 1883 1720 1934 anima:
1761 1896 1788 1933 a
1820 1896 2042 1950 corpore

2151 1894 2243 1940 τος
2278 1880 2309 1947 ἡ
2348 1878 2652 1943 διάζευξις’
2696 1879 2925 1941 θάνατος
2965 1880 3070 1950 γάρ
3100 1880 3217 1930 ἐστι
3274 1879 3457 1945 ψυχῆς
3489 1879 3607 1930 ἀπὸ
3640 1876 3739 1927 σὼο

492 1997 753 2036 recessus.
786 1980 927 2047 Ergo
964 1978 1144 2046 templi
1195 1976 1515 2028 solutionem
1561 1981 1817 2042 operatur
1858 1974 2042 2027 animm

2157 1987 2322 2038 ματος
2348 1971 2696 2041 ἀναχώρησις
2714 1987 2727 2002 ’
2754 1970 2949 2023 οὐκοῦν
2974 1960 3073 2039 τὴν
3114 1969 3267 2022 λύσιν
3296 1970 3394 2023 τοῦ
3425 1968 3557 2021 ναοῦ
3590 1972 3619 2021 6
3644 1967 3736 2034 τῆς

486 2090 516 2126 a
544 2086 769 2140 corpore
803 2068 1093 2135 separatio.
1136 2066 1302 2135 Igitur
1355 2066 1396 2117 si
1439 2062 1608 2117 Judaei
1654 2063 1907 2131 templum
1948 2064 2053 2116 sol-

490 2172 720 2227 verunt,
773 2160 917 2214 cruci
972 2159 1242 2225 mortique
1300 2157 1575 2209 tradentes
1612 2194 1625 2216 ,
1686 2154 1885 2208 solutio
1925 2168 2054 2208 vero

490 2251 669 2319 templi
720 2250 1125 2315 conjunctorum
1172 2245 1443 2314 separatio
1482 2243 1582 2295 fuit
1614 2283 1629 2307 ,
1695 2243 1837 2296 Deus
1872 2252 2050 2296 autem

492 2343 720 2397 Verbum
755 2343 853 2395 hoc
884 2339 1201 2394 dissolutum
1267 2336 1617 2389 resuscitavit
1645 2375 1657 2397 ,
1706 2334 2051 2402 exploratum

486 2432 721 2487 arbitror
757 2447 879 2485 esse
931 2429 1307 2498 prudentibus,
1365 2442 1468 2480 non
1532 2428 1823 2479 inanimctn
1878 2441 2052 2494 neque

486 2535 666 2579 mente
710 2531 1004 2585 carentem,
1032 2522 1126 2575 sed
1176 2520 1475 2588 perfectum
1535 2520 1808 2573 hominem
1866 2534 1893 2571 a
1941 2519 2052 2572 Deo

490 2616 663 2668 Verbo
699 2620 1031 2680 assumptum
1093 2607 1278 2662 fuisse.
1340 2607 1471 2661 Nam
1514 2608 1559 2660 si
1613 2624 1708 2675 pro
1759 2607 2049 2661 immortali

484 2703 686 2768 anima,
725 2702 777 2754 in
822 2707 1102 2764 assumpto
1151 2710 1377 2765 corpore
1414 2696 1553 2749 Deus
1600 2695 1831 2749 Verbum
1883 2695 2050 2748 exsti-

485 2792 673 2857 tisset,
706 2790 889 2858 utique
926 2787 1124 2841 ludatis
1174 2787 1403 2841 dixisset
1451 2802 1465 2840 :
1504 2784 1791 2840 Dissolvite
1831 2802 1936 2850 me,
1996 2795 2050 2840 et

484 2883 662 2936 triduo
695 2894 991 2947 resurgam.
1025 2877 1179 2932 Nunc
1205 2891 1334 2931 vero
1366 2891 1487 2930 cum
1515 2876 1732 2940 doceat,
1763 2884 1817 2930 et
1866 2876 2049 2945 templi

482 2972 625 3028 illius
643 2972 1108 3031 mortalitatcm,et
1122 2968 1473 3022 inhabitantis
1487 2967 1713 3021 Deitatis
1729 2968 2048 3036 potentiam,

486 3082 508 3118 ι
548 3063 773 3127 Solvite,
808 3062 1008 3129 inquit,
1029 3060 1286 3129 templum
1324 3060 1447 3123 hoc,
1474 3067 1528 3112 et
1560 3073 1659 3127 ego
1697 3059 1874 3113 triduo
1899 3058 2051 3112 exci-

482 3156 607 3209 tabo
633 3155 779 3208 illud.
821 3172 839 3204 ι
885 3153 999 3204 Non
1026 3152 1170 3205 enim
1203 3163 1325 3217 ego,
1357 3150 1469 3214 ait,
1504 3164 1533 3203 a
1566 3149 1719 3203 vobis
1753 3150 2041 3215 dissolvar,

479 3247 572 3301 sed
603 3254 933 3309 assumptum
969 3258 999 3296 a
1028 3257 1113 3297 me
1147 3242 1441 3310 templum;
1497 3242 1684 3296 ethoc
1714 3242 1928 3309 quidem
1964 3243 2045 3312 ip-

2155 2060 2333 2130 ψυκῆς
2370 2062 2663 2132 ἐργάζεται
2695 2062 3006 2132 χωρισμός’
3058 2063 3107 2113 εἰ
3135 2054 3315 2113 τοίνυν
3360 2060 3609 2113 Ἰουδαῖοι
3654 2060 3736 2108 τὸν

2156 2152 2282 2203 ναὸν
2332 2151 2529 2203 ἔλυσαν
2570 2153 2791 2221 σταυρῷ
2838 2152 2933 2204 καὶ
2982 2150 3197 2219 θανάτῳ
3253 2149 3732 2219 παραδεδωκότες.

2156 2242 2309 2305 λύσις
2333 2242 2389 2294 δὲ
2422 2242 2550 2295 ναοῦ
2574 2242 2681 2294 τῶν
2704 2241 3067 2311 συνημμένων
3099 2244 3126 2293 6
3153 2241 3459 2310 χωρισμὸς,
3484 2242 3512 2293 6
3532 2240 3587 2292 δὲ
3611 2239 3737 2298 Θεὲς

2155 2333 2327 2398 Λόγος
2362 2332 2548 2384 τοῦτον
2597 2332 2828 2385 λυθέντα
2882 2333 3171 2401 ἀνέστησε,
3220 2333 3393 2400 σαφὲς
3423 2328 3579 2401 οἶμαι
3631 2329 3734 2392 τοῖς

2155 2423 2441 2491 ἔμφροσιν,
2480 2422 2554 2485 ὡς
2588 2423 2689 2475 οὐκ
2735 2424 2940 2491 ἄψυχον
2973 2423 3094 2475 οὐδὲ
3119 2424 3312 2485 ἄνουν,
3364 2422 3503 2474 ἀλλὰ
3538 2422 3732 2474 τέλειον

2152 2508 2441 2580 ἄνθρωπον
2475 2515 2502 2563 6
2532 2512 2665 2574 Θεὸς
2706 2512 2997 2564 ἀνελάϐετο
3023 2514 3195 2579 Λόγος
3217 2531 3230 2543 ·
3268 2516 3317 2565 εἰ
3354 2515 3466 2584 γὰρ
3496 2514 3615 2566 ἀντὶ
3642 2512 3732 2579 τῆς

2151 2600 2417 2654 ἀθανάτου
2445 2601 2642 2671 ψυχῆς,
2670 2604 2725 2655 ἐν
2755 2602 2831 2672 τῷ
2864 2603 3230 2671 άναληφθὲντι
3268 2605 3491 2673 σώματι
3522 2605 3729 2672 γέγονεν

2151 2690 2178 2741 6
2222 2692 2353 2752 Θεὸς
2377 2693 2566 2761 Λόγος,
2601 2688 2752 2745 εἶπεν
2785 2694 2850 2747 ἂν
2888 2697 3002 2755 τοῖς
3046 2694 3351 2758 Ἰουδαίοις·
3395 2696 3610 2749 Λύσατέ
3643 2711 3727 2761 με,

2160 2783 2253 2835 καὶ
2293 2785 2350 2836 ἐν
2406 2784 2580 2852 τρισὶν
2626 2784 2863 2854 ἡμέραις
2897 2786 3275 2855 ἀναστήσομαι
3299 2804 3311 2817 ·
3375 2787 3473 2839 νῦν
3501 2788 3556 2840 δὲ
3591 2786 3726 2839 διδάο

2155 2887 2321 2933 σκων,
2353 2872 2446 2923 καὶ
2480 2870 2574 2923 τοῦ
2615 2872 2744 2925 ναοῦ
2779 2873 2840 2925 τὸ
2866 2872 3164 2940 τηνικαῦτα
3194 2876 3256 2926 τὸ
3300 2875 3519 2943 θνητὸν,
3551 2876 3643 2927 καὶ
3673 2874 3727 2923 τὸ

2150 2959 2373 3013 δυνατὸν
2405 2960 2504 3030 τῆς
2538 2960 2855 3031 ἐνοικούσης
2899 2961 3186 3031 θεότητος,
3241 2981 3261 3013 ι
3304 2964 3547 3027 Λύσατε,
3579 2962 3722 3031 φησι,

2150 3050 2240 3102 τὸν
2266 3050 2392 3102 ναὸν
2435 3049 2656 3114 τοῦτον,
2706 3054 2798 3104 καὶ
2831 3055 2887 3105 ἐν
2931 3053 3108 3123 τρισὶν
3150 3053 3392 3123 ἡμέραις
3428 3054 3605 3125 ἐγερῶ
3631 3055 3722 3105 αὖ·

2148 3141 2269 3194 τόν·
2304 3162 2322 3192 ι
2351 3144 2413 3197 ού
2446 3143 2555 3215 γὰρ
2591 3144 2721 3212 ἐγὼ,
2740 3146 2925 3214 φησιν,
2954 3146 3045 3214 ὑφ’
3076 3145 3230 3216 ὑμῶν
3258 3147 3588 3217 λυθήσομαι,
3616 3146 3722 3201 ἀλλ’

2149 3232 2176 3283 6
2205 3232 2433 3301 ληφθεὶς
2470 3235 2562 3287 ὑπ’
2612 3235 2748 3305 ἐμοῦ
2790 3238 2948 3299 ναός’
2980 3236 3075 3289 καὶ
3108 3230 3263 3301 οὗτος
3292 3236 3350 3291 δὲ
3394 3238 3606 3303 λύεται,
3642 3239 3722 3291 ἵνα

478 3352 597 3393 sum
629 3337 701 3389 ita
729 3334 1041 3389 dissolvitur
1071 3372 1085 3397 ,
1120 3343 1178 3387 ut
1212 3332 1435 3386 meliore
1469 3334 1867 3387 resurrectione
1896 3310 2042 3404 post-

2149 3322 2457 3391 κρείττονος
2498 3326 2853 3390 ἀναστάσεως
2906 3326 3212 3399 ἀπολαύσῃ,
3266 3328 3356 3380 ἵνα
3394 3329 3494 3399 τὴν
3528 3330 3719 3400 θνητὴν

477 3444 540 3483 ea
580 3428 811 3492 fruatur,
845 3434 901 3479 ut
927 3422 1212 3479 mortalem
1244 3424 1479 3489 deponat
1515 3434 1789 3487 naturam,
1829 3435 1885 3475 ut
1920 3439 2043 3477 cor-

479 3520 779 3589 ruptionem
808 3524 971 3569 exuat
999 3522 1055 3567 et
1087 3514 1272 3567 induat
1298 3514 1781 3582 incorruptionem,
1821 3516 2041 3585 829m

477 3617 535 3661 ut
566 3607 757 3660 mortis
788 3603 1075 3674 imperium
1138 3604 1402 3665 destruat,
1432 3609 1489 3654 ut
1537 3602 1630 3654 ﬁat
1662 3602 2043 3659 dormientium

475 3698 765 3768 primitiae,
830 3705 887 3749 ut
936 3692 1305 3760 corruptionis
1355 3692 1633 3747 doloribus
1699 3694 1891 3749 solutis
1936 3711 2038 3763 ap-

475 3798 661 3856 pareat
684 3795 1013 3842 mortuorum
1046 3784 1457 3852 primogenitus,
1515 3794 1568 3837 et
1606 3788 1821 3853 propria
1862 3802 2042 3840 resur-

474 3879 715 3934 rectione
770 3877 1004 3933 omnium
1068 3875 1345 3929 hominum
1402 3878 1854 3931 resurrectionem
1908 3871 2037 3945 por-

474 3971 678 4027 tendat.

472 4105 614 4161 XIX.
654 4105 1037 4162 Demonstratio
1070 4143 1084 4167 ,
1141 4106 1281 4171 quod
1329 4105 1563 4157 animam
1632 4104 2040 4158 intellectualem

857 4174 998 4229 Deus
1042 4173 1259 4228 Verbum
1290 4176 1646 4241 assumpseril.

545 4288 698 4355 Quod
752 4296 932 4340 autem
982 4286 1097 4339 haec
1125 4286 1201 4339 ita
1234 4299 1292 4340 se
1329 4284 1582 4349 habeant,
1626 4294 1854 4340 testatur
1907 4300 2039 4356 apo-

471 4380 732 4435 stolorum
762 4378 1013 4448 princeps
1040 4378 1091 4430 in
1115 4376 1339 4431 Actibus
1361 4377 1677 4442 dicens,non
1704 4376 1868 4433 fuisse
1884 4378 2037 4433 dere-

469 4473 649 4527 lictam
678 4472 912 4525 animam
946 4468 1066 4539 ejus
1096 4469 1148 4522 in
1182 4468 1415 4530 inferno,
1446 4482 1622 4537 neque
1656 4483 1874 4523 carnem
1918 4470 2035 4539 ejus

470 4562 672 4617 vidisse
714 4560 1117 4629 corruptionem
1150 4558 1220 4612 '°.
1304 4556 1510 4625 Templi
1545 4570 1675 4629 ergo
1728 4558 1923 4613 solutio
1950 4569 2033 4613 est

2145 3413 2414 3483 ἀπόθηται
2447 3415 2632 3484 φύσιν,
2669 3417 2756 3470 ἵνα
2781 3418 2879 3487 τὴν
2907 3418 3117 3488 φθοράν
3150 3419 3491 3489 ἀποδύσηται
3519 3424 3611 3475 καὶ
3630 3422 3717 3491 τὴν

2145 3503 2455 3574 ἀφθαρσίαν
2494 3506 2806 3577 ἐνδύσηται,
2831 3510 2917 3561 ἴνα
2950 3510 3045 3562 τοῦ
3086 3510 3320 3563 θανάτου
3353 3512 3632 3585 καταλύσῃ
3658 3512 3717 3579 ,τὸ

2146 3594 2366 3663 κράτος,
2403 3596 2491 3648 ἵνα
2514 3596 2620 3648 τῶν
2655 3600 3070 3668 κεκοιμημένων
3092 3602 3322 3672 ἀπαρχὴ
3353 3604 3601 3674 γένηται,
3636 3605 3713 3657 ἶνα

2145 3682 2311 3747 λύσας
2340 3686 2441 3755 τῆς
2466 3687 2670 3758 φθορᾶς
2699 3690 2796 3754 τὰς
2832 3691 3027 3755 ὠδῖνας
3058 3692 3348 3765 ἀναδειχθῇ
3375 3696 3483 3747 τῶν
3514 3697 3711 3766 νεκρῶν

2144 3774 2510 3843 πρωτότοκος,
2540 3778 2634 3831 καὶ
2662 3778 2749 3832 διὰ
2782 3782 2881 3850 τῆς
2906 3783 3114 3846 οἰκείας
3153 3785 3510 3851 ἀναστάσεως
3561 3788 3708 3855 εὐαγ-

2141 3864 2421 3935 γελίσηται
2452 3868 2552 3933 τὴν
2579 3868 2797 3923 πάντων
2826 3871 3130 3943 ἀνθρώπων
3155 3876 3471 3930 ἀνάστασιν.

2143 4112 2239 4164 ΙΘ’.
2288 4112 2613 4177 Ἀπόδειξις
2656 4114 2744 4168 ὅτι
2784 4117 3245 4241 γοερὰν
3272 4127 3306 4193 d
3342 4124 3490 4190 Θεὸς·
3526 4129 3701 4198 Adam;

2956 4204 3044 4241 εν.

2210 4294 2330 4346 Ὅτι
2358 4294 2414 4347 δὲ
2442 4295 2615 4349 ταῦτα
2655 4296 2827 4362 οὕτως
2856 4299 2993 4370 ἔχει,
3037 4305 3308 4373 μαρτυρεῖ
3336 4305 3445 4359 τῶν
3477 4308 3699 4364 ἀποστό-

2136 4385 2242 4437 λων
2271 4386 2298 4438 6
2344 4391 2640 4455 κορυφαῖος
2679 4390 2738 4443 ἐν
2775 4392 2899 4454 ταῖς
2944 4392 3180 4463 Πράξεσι
3212 4414 3231 4424 ο
3253 4395 3461 4464 λέγων,
3498 4400 3579 4452 ὅτι
3614 4405 3699 4455 οὐκ

2138 4476 2591 4565 ἐκγατελείφθηή
2628 4479 2775 4551 ψυχὴ
2811 4481 2977 4535 αὑτοῦ
3011 4485 3091 4547 εἰς
3136 4484 3285 4555 ᾅδου,
3334 4489 3459 4542 οὐδὲ
3508 4493 3540 4562 ὴ
3578 4494 3699 4565 σὰρξ

2136 4567 2298 4621 αὑτοῦ
2344 4564 2451 4622 οἶδε
2504 4570 2819 4641 διαφθοράν.
2868 4574 3037 4637 Λύσις
3084 4579 3371 4649 τοιγαροῦν
3415 4582 3511 4637 τοῦ
3560 4564 3694 4651 ναοῦ,

466 4658 661 4711 animae
699 4668 727 4707 a
762 4667 987 4722 corpore
1015 4649 1286 4721 separatio
1321 4666 1335 4714 ;
1384 4650 1735 4720 vicissimque
1782 4665 2029 4707 resurre-

2149 4658 2312 4729 Ρυχῆς
2343 4662 2438 4713 καὶ
2464 4661 2716 4732 σώματος
2738 4668 3051 4737 χωρισμός·
3078 4670 3171 4723 καὶ
3196 4671 3360 4725 πάλιν
3392 4649 3691 4742 ἀνάστασις,

463 4749 571 4803 ctio
601 4756 685 4800 est
714 4746 779 4799 ad
820 4744 1092 4813 pr0priam
1138 4757 1360 4797 carnem
1401 4742 1628 4797 reditus.
1683 4743 1740 4798 Si
1776 4758 1935 4813 ergo,
1979 4754 2034 4800 ut

463 4839 733 4893 lmreseos
784 4835 1119 4905 antesignani
1178 4835 1351 4895 aiunt,
1409 4834 1622 4889 animas
1676 4834 1811 4888 duas
1860 4851 2031 4890 unus-

461 4931 689 4999 quisque
722 4929 883 4983 bomo
914 4928 1109 4993 habet,
1131 4925 1347 4979 vitalem
1375 4924 1652 4981 scilicetet
1687 4926 2025 4992 rationalem,

460 5030 514 5074 et
546 5034 613 5074 ne
642 5034 768 5073 caro
794 5018 1008 5087 quidem
1034 5016 1237 5086 absque
1263 5015 1411 5069 vitali
1448 5017 1628 5069 anima
1666 5017 1891 5087 cegitari
1926 5034 2023 5072 uno

461 5123 620 5177 quam
638 5116 810 5176 potest
833 5124 847 5173 ;
870 5122 993 5159 nam
1011 5119 1224 5174 corpus,
1245 5119 1349 5158 non
1374 5119 1524 5169 caro,
1555 5105 1749 5175 inquit,
1772 5107 1913 5174 quod
1943 5115 2025 5161 est

461 5200 787 5271 huiusmodi,
819 5198 1117 5268 appellatur
1143 5214 1159 5262 ;
1183 5198 1293 5251 etsi
1332 5196 1532 5252 Petrus
1564 5198 1659 5264 ait,
1693 5213 1797 5252 non
1823 5213 2023 5269 corpus

459 5289 696 5354 Domlni,
732 5288 824 5343 sed
878 5286 1087 5341 Domini
1142 5299 1363 5340 carnem
1410 5287 1553 5341 haud
1600 5287 1800 5342 vidisse
1841 5302 2025 5343 corru-

456 5381 717 5450 ptionem,
752 5394 923 5449 neque
952 5380 1186 5432 animam
1219 5378 1335 5448 ejus
1359 5381 1408 5432 in
1434 5378 1647 5433 inferno
1669 5378 1981 5435 derelictam
2004 5427 2017 5451 ,

456 5485 587 5525 sane
616 5480 828 5525 constat
856 5472 1071 5526 vitalem
1097 5470 1280 5542 (quam
1326 5472 1598 5539 quomodo
1644 5482 1891 5530 astruant
1928 5491 2023 5532 ne-

455 5560 588 5629 scio)
629 5561 908 5615 exstitisse
946 5563 999 5615 in
1061 5576 1225 5616 carne
1265 5571 1519 5629 corrupta
1575 5563 1812 5618 animam
1840 5604 1855 5629 ,
1902 5568 2021 5623 sine

455 5667 556 5717 qua
591 5665 656 5705 ne
687 5666 815 5705 caro
851 5653 1091 5721 quidem,
1153 5662 1211 5707 ut
1254 5654 1426 5718 aiunt,
1480 5655 1863 5723 appellaretur.
1916 5659 2018 5713 lm-

523 5820 566 5852 "
609 5823 761 5880 Joan.
796 5842 833 5893 I,
870 5829 952 5885 Η.
1028 5828 1069 5862 ⁸⁸
1099 5828 1254 5885 Joan.
1294 5845 1351 5895 ιι,
1385 5830 1467 5886 19.
1551 5833 1595 5864 ⁸⁰
1623 5833 1745 5888 Act.
1778 5850 1833 5901 ιι,
1868 5834 1957 5888 27.

2136 4750 2273 4822 πρὸς
2306 4752 2403 4820 τὴν
2434 4751 2611 4822 σάρκα
2639 4753 2737 4825 τὴν
2767 4756 2977 4809 οἰκείαν
3005 4758 3262 4823 ἐπάνοδος
3283 4778 3296 4791 ·
3335 4764 3384 4815 εἰ
3406 4764 3605 4833 τοίνυν,
3627 4767 3695 4832 ὥς

2129 4859 2292 4913 φασιν
2312 4843 2361 4894 οἱ
2391 4842 2493 4910 τῆς
2518 4844 2784 4915 αἱρέσεως
2810 4848 3134 4915 προστάται,
3165 4849 3345 4920 ψυχάς
3372 4853 3468 4907 δύο
3488 4858 3591 4909 τῶν
3612 4858 3693 4909 ἀν·

2127 4931 2361 5003 θρὼπων
2398 4932 2630 4999 ἕκαστος
2655 4936 2791 5007 ἔχει,
2815 4940 2918 5008 τήν
2944 4955 3005 4992 τε
3036 4937 3297 5013 ζωτικὴν,
3330 4946 3425 4999 καὶ
3445 4946 3545 5018 τὴν
3571 4948 3692 5017 λογι-

2133 5022 2254 5094 κὴν,
2283 5024 2378 5077 καὶ
2420 5026 2558 5097 σάρξ
2589 5027 2717 5081 ἄνευ
2752 5028 2931 5099 ψυχῆς
2967 5030 3068 5084 οὑκ
3093 5032 3159 5086 ἀν
3193 5051 3323 5089 ποτε
3365 5036 3581 5110 νοηθείη
3604 5040 3689 5109 τῆς

2134 5113 2368 5184 ζωτικῆς
2425 5116 2611 5188 (σῶμα
2636 5119 2767 5191 γὰρ,
2796 5120 2911 5175 ἀλλ’
2940 5124 3000 5175 οὑ
3035 5122 3191 5195 σὰρξ,
3212 5125 3366 5195 φησὶ,
3386 5127 3446 5180 τὸ
3471 5130 3688 5183 τοιοῦτον

2131 5207 2645 5282 προσαγορεύσεων
2666 5212 2875 5285 Πέτρος
2900 5213 2955 5268 δὲ
2982 5214 3105 5287 ἔφη,
3132 5218 3193 5269 οὗ
3217 5218 3279 5270 τὸ
3302 5218 3461 5289 σῶμα
3480 5219 3573 5274 τοῦ
3592 5222 3687 5275 Κυ-

2135 5297 2272 5367 ρίου,
2308 5296 2443 5352 ἀλλά
2475 5300 2576 5371 τὴν
2613 5302 2794 5375 σάρκα
2826 5305 2921 5359 τοῦ
2960 5307 3274 5380 Κυρίουμὴ
3320 5310 3449 5364 ἰδεῖν
3486 5311 3685 5381 διαφθο-

2132 5386 2252 5457 ρὰν,
2297 5387 2391 5441 καὶ
2420 5390 2518 5461 τὴν
2553 5391 2732 5465 ψυχὴν
2774 5397 2940 5452 αὑτοῦ
2992 5398 3066 5469 μὴ
3095 5400 3586 5473 ἐγκαταλειφθῆναι
3616 5407 3683 5468 εις

2130 5476 2279 5548 ᾅδου*
2314 5478 2537 5550 εὔδηλον
2568 5484 2642 5548 ὼς
2674 5487 2773 5557 τὴν
2798 5489 2893 5558 μὲν
2926 5487 3184 5560 ζωτικὴν,
3224 5493 3292 5563 ἢν
3314 5494 3416 5545 οὐκ
3442 5489 3681 5557 οἶδ’ὄπως

2128 5566 2395 5636 λέγουσιν,
2423 5567 2622 5645 εἷχενὴ
2657 5575 3018 5649 διαφθαρεῖσα
3055 5580 3213 5651 σὰρξ,
3258 5577 3325 5653 ἧς
3351 5584 3480 5637 ἄνευ
3506 5585 3597 5636 ούκ
3622 5584 3680 5638 ἂν

2127 5662 2617 5753 προσαγορευθείη,
2651 5665 2725 5730 ὥς
2754 5685 2911 5737 φασι,
2945 5671 3109 5742 σάρξο
3146 5674 3178 5743 ἡ
3225 5673 3281 5728 δὲ
3317 5674 3581 5742 ἀθάνατος
3602 5679 3677 5730 καὶ
