  <div class='ocr_page' id='page_1' title='image "/cluster/home/n/w/nwhite01/storage/ocr_20150623/75/uva.x030486936/738.png"; bbox 0 0 3926 6470; ppageno 0'>
   <div class='ocr_carea' id='block_1_1' title="bbox 100 501 3460 580">
    <p class='ocr_par' dir='ltr' id='par_1_1' title="bbox 100 501 3460 580">
     <span class='ocr_line' id='line_1_1' title="bbox 100 501 3460 580; baseline 0.001 -23"><span class='ocrx_word' id='word_1_1' title='bbox 100 523 299 580; x_wconf 56' lang='lat'><strong>{453</strong></span> <span class='ocrx_word' id='word_1_2' title='bbox 1344 509 1432 564; x_wconf 80' lang='lat' dir='ltr'><strong>DE</strong></span> <span class='ocrx_word' id='word_1_3' title='bbox 1473 503 1991 563; x_wconf 57' lang='lat' dir='ltr'><strong>INCARNATIONE</strong></span> <span class='ocrx_word' id='word_1_4' title='bbox 2032 501 2287 559; x_wconf 72' lang='lat' dir='ltr'><strong>l‘sOMlNi.</strong></span> <span class='ocrx_word' id='word_1_5' title='bbox 3321 504 3460 560; x_wconf 66' lang='grc'><strong>1434</strong></span> 
     </span>
    </p>
   </div>
   <div class='ocr_carea' id='block_1_2' title="bbox 114 619 1745 713">
    <p class='ocr_par' dir='ltr' id='par_1_2' title="bbox 114 627 1738 713">
     <span class='ocr_line' id='line_1_2' title="bbox 114 627 1738 713; baseline -0.012 -16"><span class='ocrx_word' id='word_1_6' title='bbox 114 641 374 713; x_wconf 76' lang='grc' dir='ltr'><strong>λογικὴ</strong></span> <span class='ocrx_word' id='word_1_7' title='bbox 413 635 637 692; x_wconf 76' lang='grc' dir='ltr'><strong>καὶτοῦ</strong></span> <span class='ocrx_word' id='word_1_8' title='bbox 668 631 807 699; x_wconf 75' lang='grc' dir='ltr'><strong>ζώου</strong></span> <span class='ocrx_word' id='word_1_9' title='bbox 854 631 951 702; x_wconf 69' lang='grc' dir='ltr'><strong>τὴν</strong></span> <span class='ocrx_word' id='word_1_10' title='bbox 987 629 1280 704; x_wconf 73' lang='grc' dir='ltr'><strong>ἡγεμονίαν</strong></span> <span class='ocrx_word' id='word_1_11' title='bbox 1327 627 1738 697; x_wconf 76' lang='grc' dir='ltr'><strong>πεπιστευμένη</strong></span> 
     </span>
    </p>
   </div>
   <div class='ocr_carea' id='block_1_3' title="bbox 1852 619 3461 713">
    <p class='ocr_par' dir='ltr' id='par_1_3' title="bbox 1869 619 3461 691">
     <span class='ocr_line' id='line_1_3' title="bbox 1869 619 3461 691; baseline 0 -14"><span class='ocrx_word' id='word_1_12' title='bbox 1869 621 2120 677; x_wconf 79' lang='lat' dir='ltr'><strong>mortalis</strong></span> <span class='ocrx_word' id='word_1_13' title='bbox 2144 629 2324 675; x_wconf 91' lang='lat' dir='ltr'><strong>autem</strong></span> <span class='ocrx_word' id='word_1_14' title='bbox 2366 627 2420 674; x_wconf 92' lang='lat' dir='ltr'><strong>et</strong></span> <span class='ocrx_word' id='word_1_15' title='bbox 2466 619 2773 686; x_wconf 74' lang='lat' dir='ltr'><strong>rationalis,</strong></span> <span class='ocrx_word' id='word_1_16' title='bbox 2833 619 2920 674; x_wconf 81' lang='lat' dir='ltr'><strong>cui</strong></span> <span class='ocrx_word' id='word_1_17' title='bbox 2967 622 3264 676; x_wconf 81' lang='lat' dir='ltr'><strong>animantis</strong></span> <span class='ocrx_word' id='word_1_18' title='bbox 3316 625 3461 691; x_wconf 60' lang='lat' dir='ltr'><strong>regi-</strong></span> 
     </span>
    </p>
   </div>
   <div class='ocr_carea' id='block_1_4' title="bbox 98 712 1745 820">
    <p class='ocr_par' dir='ltr' id='par_1_4' title="bbox 98 720 1745 820">
     <span class='ocr_line' id='line_1_4' title="bbox 98 720 1745 820; baseline -0.009 -34"><span class='ocrx_word' id='word_1_19' title='bbox 98 733 186 787; x_wconf 80' lang='grc' dir='ltr'><strong>οὐ</strong></span> <span class='ocrx_word' id='word_1_20' title='bbox 231 729 594 800; x_wconf 74' lang='grc' dir='ltr'><strong>κατελείφθη</strong></span> <span class='ocrx_word' id='word_1_21' title='bbox 618 730 699 790; x_wconf 83' lang='grc' dir='ltr'><strong>είς</strong></span> <span class='ocrx_word' id='word_1_22' title='bbox 720 725 869 797; x_wconf 72' lang='grc' dir='ltr'><strong>ᾅδου,</strong></span> <span class='ocrx_word' id='word_1_23' title='bbox 895 724 1028 779; x_wconf 78' lang='grc' dir='ltr'><strong>ἀλλὰ</strong></span> <span class='ocrx_word' id='word_1_24' title='bbox 1051 723 1184 795; x_wconf 82' lang='grc' dir='ltr'><strong>πρὸς</strong></span> <span class='ocrx_word' id='word_1_25' title='bbox 1218 723 1319 793; x_wconf 80' lang='grc' dir='ltr'><strong>τὴν</strong></span> <span class='ocrx_word' id='word_1_26' title='bbox 1346 720 1553 820; x_wconf 61' lang='grc' dir='ltr'><strong>οἰκείαν</strong></span> <span class='ocrx_word' id='word_1_27' title='bbox 1589 723 1745 820; x_wconf 61' lang='lat' dir='ltr'><strong>suav:</strong></span> 
     </span>
    </p>
   </div>
   <div class='ocr_carea' id='block_1_5' title="bbox 1852 712 3461 820">
    <p class='ocr_par' dir='ltr' id='par_1_5' title="bbox 1863 712 3461 778">
     <span class='ocr_line' id='line_1_5' title="bbox 1863 712 3461 778; baseline -0.001 -9"><span class='ocrx_word' id='word_1_28' title='bbox 1863 728 1988 769; x_wconf 88' lang='lat' dir='ltr'><strong>men</strong></span> <span class='ocrx_word' id='word_1_29' title='bbox 2045 722 2132 769; x_wconf 84' lang='lat' dir='ltr'><strong>est</strong></span> <span class='ocrx_word' id='word_1_30' title='bbox 2187 712 2563 778; x_wconf 82' lang='lat' dir='ltr'><strong>commissum,</strong></span> <span class='ocrx_word' id='word_1_31' title='bbox 2617 727 2722 767; x_wconf 90' lang='lat' dir='ltr'><strong>non</strong></span> <span class='ocrx_word' id='word_1_32' title='bbox 2779 722 2858 767; x_wconf 89' lang='lat' dir='ltr'><strong>est</strong></span> <span class='ocrx_word' id='word_1_33' title='bbox 2909 712 2960 767; x_wconf 93' lang='lat' dir='ltr'><strong>in</strong></span> <span class='ocrx_word' id='word_1_34' title='bbox 3024 712 3236 769; x_wconf 80' lang='lat' dir='ltr'><strong>inferno</strong></span> <span class='ocrx_word' id='word_1_35' title='bbox 3295 715 3461 770; x_wconf 69' lang='lat' dir='ltr'><strong>derc-</strong></span> 
     </span>
    </p>
   </div>
   <div class='ocr_carea' id='block_1_6' title="bbox 101 805 1745 909">
    <p class='ocr_par' dir='ltr' id='par_1_6' title="bbox 101 811 1745 909">
     <span class='ocr_line' id='line_1_6' title="bbox 101 811 1745 909; baseline -0.011 -29"><span class='ocrx_word' id='word_1_36' title='bbox 101 826 251 896; x_wconf 81' lang='grc' dir='ltr'><strong>ἦκε</strong></span> <span class='ocrx_word' id='word_1_37' title='bbox 339 824 554 894; x_wconf 75' lang='grc' dir='ltr'><strong>σάρκαο</strong></span> <span class='ocrx_word' id='word_1_38' title='bbox 618 821 714 872; x_wconf 77' lang='grc' dir='ltr'><strong>καὶ</strong></span> <span class='ocrx_word' id='word_1_39' title='bbox 773 818 950 888; x_wconf 84' lang='grc' dir='ltr'><strong>μάτην</strong></span> <span class='ocrx_word' id='word_1_40' title='bbox 1001 813 1415 886; x_wconf 80' lang='grc' dir='ltr'><strong>ἀδολεσχοῦσιν,</strong></span> <span class='ocrx_word' id='word_1_41' title='bbox 1473 811 1678 909; x_wconf 67' lang='grc' dir='ltr'><strong>ἄψυχον</strong></span> <span class='ocrx_word' id='word_1_42' title='bbox 1721 811 1745 879; x_wconf 61' lang='grc' dir='ltr'><strong>ἦ</strong></span> 
     </span>
    </p>
   </div>
   <div class='ocr_carea' id='block_1_7' title="bbox 1852 805 3456 909">
    <p class='ocr_par' dir='ltr' id='par_1_7' title="bbox 1862 805 3456 876">
     <span class='ocr_line' id='line_1_7' title="bbox 1862 805 3456 876; baseline 0.001 -15"><span class='ocrx_word' id='word_1_43' title='bbox 1862 805 2020 867; x_wconf 87' lang='lat' dir='ltr'><strong>licta.</strong></span> <span class='ocrx_word' id='word_1_44' title='bbox 2070 806 2168 863; x_wconf 78' lang='lat' dir='ltr'><strong>sed</strong></span> <span class='ocrx_word' id='word_1_45' title='bbox 2221 805 2290 860; x_wconf 88' lang='lat' dir='ltr'><strong>ad</strong></span> <span class='ocrx_word' id='word_1_46' title='bbox 2325 821 2477 860; x_wconf 86' lang='lat' dir='ltr'><strong>suam</strong></span> <span class='ocrx_word' id='word_1_47' title='bbox 2514 805 2680 860; x_wconf 89' lang='lat' dir='ltr'><strong>rediit</strong></span> <span class='ocrx_word' id='word_1_48' title='bbox 2726 821 2948 862; x_wconf 88' lang='lat' dir='ltr'><strong>carnem</strong></span> <span class='ocrx_word' id='word_1_49' title='bbox 2987 827 2999 862; x_wconf 91' lang='lat'><strong>:</strong></span> <span class='ocrx_word' id='word_1_50' title='bbox 3036 806 3269 876; x_wconf 85' lang='lat' dir='ltr'><strong>ideoque</strong></span> <span class='ocrx_word' id='word_1_51' title='bbox 3339 809 3456 863; x_wconf 77' lang='lat' dir='ltr'><strong>fru-</strong></span> 
     </span>
    </p>
   </div>
   <div class='ocr_carea' id='block_1_8' title="bbox 103 896 1745 977">
    <p class='ocr_par' dir='ltr' id='par_1_8' title="bbox 103 902 1745 977">
     <span class='ocr_line' id='line_1_8' title="bbox 103 902 1745 977; baseline -0.009 -6"><span class='ocrx_word' id='word_1_52' title='bbox 103 917 332 971; x_wconf 79' lang='grc' dir='ltr'>ἆνουν</span> <span class='ocrx_word' id='word_1_53' title='bbox 361 913 456 968; x_wconf 89' lang='grc' dir='ltr'><strong>τοῦ</strong></span> <span class='ocrx_word' id='word_1_54' title='bbox 502 908 642 963; x_wconf 82' lang='grc' dir='ltr'><strong>Θεοῦ</strong></span> <span class='ocrx_word' id='word_1_55' title='bbox 690 908 866 976; x_wconf 80' lang='grc' dir='ltr'>Λόγου</span> <span class='ocrx_word' id='word_1_56' title='bbox 903 907 994 960; x_wconf 84' lang='grc' dir='ltr'><strong>τὸν</strong></span> <span class='ocrx_word' id='word_1_57' title='bbox 1037 905 1163 959; x_wconf 74' lang='grc' dir='ltr'><strong>ναὸν</strong></span> <span class='ocrx_word' id='word_1_58' title='bbox 1229 902 1745 977; x_wconf 81' lang='grc' dir='ltr'><strong>προσαγορεύοντες.</strong></span> 
     </span>
    </p>
   </div>
   <div class='ocr_carea' id='block_1_9' title="bbox 1852 896 3461 977">
    <p class='ocr_par' dir='ltr' id='par_1_9' title="bbox 1865 896 3461 968">
     <span class='ocr_line' id='line_1_9' title="bbox 1865 896 3461 968; baseline 0.001 -16"><span class='ocrx_word' id='word_1_59' title='bbox 1865 907 1979 952; x_wconf 89' lang='lat' dir='ltr'><strong>stra</strong></span> <span class='ocrx_word' id='word_1_60' title='bbox 2011 905 2286 968; x_wconf 81' lang='lat' dir='ltr'><strong>nugantur</strong></span> <span class='ocrx_word' id='word_1_61' title='bbox 2327 896 2402 960; x_wconf 90' lang='lat' dir='ltr'><strong>bi,</strong></span> <span class='ocrx_word' id='word_1_62' title='bbox 2452 896 2544 965; x_wconf 89' lang='lat' dir='ltr'><strong>qui</strong></span> <span class='ocrx_word' id='word_1_63' title='bbox 2601 897 2842 952; x_wconf 84' lang='lat' dir='ltr'><strong>inanime</strong></span> <span class='ocrx_word' id='word_1_64' title='bbox 2886 905 2942 953; x_wconf 88' lang='lat' dir='ltr'><strong>et</strong></span> <span class='ocrx_word' id='word_1_65' title='bbox 2981 898 3210 953; x_wconf 90' lang='lat' dir='ltr'><strong>rationis</strong></span> <span class='ocrx_word' id='word_1_66' title='bbox 3260 912 3461 967; x_wconf 68' lang='lat' dir='ltr'><strong>etpers</strong></span> 
     </span>
    </p>
   </div>
   <div class='ocr_carea' id='block_1_10' title="bbox 119 989 1745 1078">
    <p class='ocr_par' dir='ltr' id='par_1_10' title="bbox 119 993 1745 1078">
     <span class='ocr_line' id='line_1_10' title="bbox 119 993 1745 1078; baseline -0.009 -18"><span class='ocrx_word' id='word_1_67' title='bbox 119 1007 211 1060; x_wconf 79' lang='grc' dir='ltr'><strong><em>Ἠ</em></strong></span> <span class='ocrx_word' id='word_1_68' title='bbox 224 1008 372 1078; x_wconf 81' lang='grc' dir='ltr'><strong>μεῐς</strong></span> <span class='ocrx_word' id='word_1_69' title='bbox 395 1003 451 1057; x_wconf 78' lang='grc' dir='ltr'><strong>δὲ</strong></span> <span class='ocrx_word' id='word_1_70' title='bbox 481 1001 678 1072; x_wconf 85' lang='grc' dir='ltr'><strong>Πέτρῳ</strong></span> <span class='ocrx_word' id='word_1_71' title='bbox 704 998 972 1069; x_wconf 80' lang='grc' dir='ltr'><strong>ἑψόμεθα,</strong></span> <span class='ocrx_word' id='word_1_72' title='bbox 997 998 1091 1050; x_wconf 67' lang='grc' dir='ltr'><strong>καὶ</strong></span> <span class='ocrx_word' id='word_1_73' title='bbox 1114 997 1293 1067; x_wconf 82' lang='grc' dir='ltr'><strong>σάρκα</strong></span> <span class='ocrx_word' id='word_1_74' title='bbox 1322 994 1646 1066; x_wconf 89' lang='grc' dir='ltr'><strong>κηρύττοντι</strong></span> <span class='ocrx_word' id='word_1_75' title='bbox 1679 993 1745 1063; x_wconf 59' lang='grc' dir='ltr'><strong>μίτ</strong></span> 
     </span>
    </p>
   </div>
   <div class='ocr_carea' id='block_1_11' title="bbox 1852 989 3459 1078">
    <p class='ocr_par' dir='ltr' id='par_1_11' title="bbox 1861 989 3459 1060">
     <span class='ocr_line' id='line_1_11' title="bbox 1861 989 3459 1060; baseline 0.002 -17"><span class='ocrx_word' id='word_1_76' title='bbox 1861 990 2029 1046; x_wconf 81' lang='lat' dir='ltr'><strong>fuisse</strong></span> <span class='ocrx_word' id='word_1_77' title='bbox 2055 991 2244 1046; x_wconf 90' lang='lat' dir='ltr'><strong>dicunt</strong></span> <span class='ocrx_word' id='word_1_78' title='bbox 2276 989 2370 1045; x_wconf 89' lang='lat' dir='ltr'><strong>Dei</strong></span> <span class='ocrx_word' id='word_1_79' title='bbox 2407 990 2568 1045; x_wconf 84' lang='lat' dir='ltr'><strong>Verbi</strong></span> <span class='ocrx_word' id='word_1_80' title='bbox 2606 990 2894 1060; x_wconf 76' lang='lat' dir='ltr'><strong>templum.</strong></span> <span class='ocrx_word' id='word_1_81' title='bbox 2938 990 3048 1047; x_wconf 87' lang='lat' dir='ltr'><strong>Nos</strong></span> <span class='ocrx_word' id='word_1_82' title='bbox 3077 1002 3260 1046; x_wconf 87' lang='lat' dir='ltr'><strong>autem</strong></span> <span class='ocrx_word' id='word_1_83' title='bbox 3293 991 3459 1047; x_wconf 85' lang='lat' dir='ltr'><strong>Petro</strong></span> 
     </span>
    </p>
   </div>
   <div class='ocr_carea' id='block_1_12' title="bbox 105 1082 1745 1165">
    <p class='ocr_par' dir='ltr' id='par_1_12' title="bbox 105 1085 1745 1165">
     <span class='ocr_line' id='line_1_12' title="bbox 105 1085 1745 1165; baseline -0.007 -16"><span class='ocrx_word' id='word_1_84' title='bbox 105 1096 466 1165; x_wconf 79' lang='grc' dir='ltr'><strong>δεξαμένην</strong></span> <span class='ocrx_word' id='word_1_85' title='bbox 493 1092 813 1162; x_wconf 75' lang='grc' dir='ltr'><strong>διαφθορὰν,</strong></span> <span class='ocrx_word' id='word_1_86' title='bbox 851 1090 944 1142; x_wconf 83' lang='grc' dir='ltr'><strong>καὶ</strong></span> <span class='ocrx_word' id='word_1_87' title='bbox 981 1088 1160 1159; x_wconf 75' lang='grc' dir='ltr'><strong>ψυχὴν</strong></span> <span class='ocrx_word' id='word_1_88' title='bbox 1195 1089 1268 1159; x_wconf 83' lang='grc' dir='ltr'><strong>μὴ</strong></span> <span class='ocrx_word' id='word_1_89' title='bbox 1299 1085 1745 1155; x_wconf 60' lang='grc' dir='ltr'><strong>καταλειφθεῖσακ</strong></span> 
     </span>
    </p>
   </div>
   <div class='ocr_carea' id='block_1_13' title="bbox 1852 1082 3461 1165">
    <p class='ocr_par' dir='ltr' id='par_1_13' title="bbox 1861 1082 3461 1152">
     <span class='ocr_line' id='line_1_13' title="bbox 1861 1082 3461 1152; baseline 0.001 -15"><span class='ocrx_word' id='word_1_90' title='bbox 1861 1083 2228 1138; x_wconf 74' lang='lat' dir='ltr'><strong>assentiamur</strong></span> <span class='ocrx_word' id='word_1_91' title='bbox 2287 1082 2382 1151; x_wconf 89' lang='lat' dir='ltr'><strong>qui</strong></span> <span class='ocrx_word' id='word_1_92' title='bbox 2427 1094 2481 1138; x_wconf 90' lang='lat' dir='ltr'><strong>et</strong></span> <span class='ocrx_word' id='word_1_93' title='bbox 2527 1097 2747 1137; x_wconf 87' lang='lat' dir='ltr'><strong>carnem</strong></span> <span class='ocrx_word' id='word_1_94' title='bbox 2795 1084 3054 1150; x_wconf 67' lang='lat' dir='ltr'><strong>praedicat</strong></span> <span class='ocrx_word' id='word_1_95' title='bbox 3107 1085 3461 1152; x_wconf 91' lang='lat' dir='ltr'><strong>corruptione</strong></span> 
     </span>
    </p>
   </div>
   <div class='ocr_carea' id='block_1_14' title="bbox 109 1173 1745 1257">
    <p class='ocr_par' dir='ltr' id='par_1_14' title="bbox 109 1177 1745 1257">
     <span class='ocr_line' id='line_1_14' title="bbox 109 1177 1745 1257; baseline -0.007 -16"><span class='ocrx_word' id='word_1_96' title='bbox 109 1190 218 1250; x_wconf 84' lang='grc' dir='ltr'><strong>εἰς</strong></span> <span class='ocrx_word' id='word_1_97' title='bbox 260 1186 420 1257; x_wconf 70' lang='grc' dir='ltr'>ᾅδου,</span> <span class='ocrx_word' id='word_1_98' title='bbox 464 1184 580 1238; x_wconf 83' lang='grc' dir='ltr'><strong>ἀλλ’</strong></span> <span class='ocrx_word' id='word_1_99' title='bbox 613 1181 1017 1239; x_wconf 75' lang='grc' dir='ltr'><strong>ἐπανελθοῦσαν</strong></span> <span class='ocrx_word' id='word_1_100' title='bbox 1049 1182 1142 1234; x_wconf 79' lang='grc' dir='ltr'><strong>καὶ</strong></span> <span class='ocrx_word' id='word_1_101' title='bbox 1185 1181 1263 1250; x_wconf 85' lang='grc' dir='ltr'><strong>τῷ</strong></span> <span class='ocrx_word' id='word_1_102' title='bbox 1315 1179 1500 1248; x_wconf 76' lang='grc' dir='ltr'><strong>οἰκείῳ</strong></span> <span class='ocrx_word' id='word_1_103' title='bbox 1541 1177 1745 1249; x_wconf 83' lang='grc' dir='ltr'><strong>σώματι</strong></span> 
     </span>
    </p>
   </div>
   <div class='ocr_carea' id='block_1_15' title="bbox 1852 1173 3456 1257">
    <p class='ocr_par' dir='ltr' id='par_1_15' title="bbox 1859 1173 3456 1244">
     <span class='ocr_line' id='line_1_15' title="bbox 1859 1173 3456 1244; baseline -0.001 -14"><span class='ocrx_word' id='word_1_104' title='bbox 1859 1185 2162 1244; x_wconf 81' lang='lat' dir='ltr'><strong>expertem,</strong></span> <span class='ocrx_word' id='word_1_105' title='bbox 2193 1181 2249 1228; x_wconf 88' lang='lat' dir='ltr'><strong>et</strong></span> <span class='ocrx_word' id='word_1_106' title='bbox 2284 1173 2524 1228; x_wconf 86' lang='lat' dir='ltr'><strong>animam</strong></span> <span class='ocrx_word' id='word_1_107' title='bbox 2572 1175 2624 1227; x_wconf 92' lang='lat' dir='ltr'><strong>in</strong></span> <span class='ocrx_word' id='word_1_108' title='bbox 2674 1174 2891 1230; x_wconf 80' lang='lat' dir='ltr'><strong>inferno</strong></span> <span class='ocrx_word' id='word_1_109' title='bbox 2941 1191 3051 1230; x_wconf 92' lang='lat' dir='ltr'><strong>non</strong></span> <span class='ocrx_word' id='word_1_110' title='bbox 3108 1175 3456 1242; x_wconf 75' lang='lat' dir='ltr'><strong>derelictam,</strong></span> 
     </span>
    </p>
   </div>
   <div class='ocr_carea' id='block_1_16' title="bbox 117 1267 1756 1345">
    <p class='ocr_par' dir='ltr' id='par_1_16' title="bbox 117 1267 1756 1345">
     <span class='ocr_line' id='line_1_16' title="bbox 117 1267 1756 1345; baseline -0.005 -15"><span class='ocrx_word' id='word_1_111' title='bbox 117 1276 570 1345; x_wconf 76' lang='grc' dir='ltr'><strong>συναφθεῖσαν·</strong></span> <span class='ocrx_word' id='word_1_112' title='bbox 601 1272 929 1342; x_wconf 82' lang='grc' dir='ltr'><strong>πιστεύομεν</strong></span> <span class='ocrx_word' id='word_1_113' title='bbox 956 1271 1014 1324; x_wconf 85' lang='grc' dir='ltr'><strong>δὲ</strong></span> <span class='ocrx_word' id='word_1_114' title='bbox 1045 1271 1138 1324; x_wconf 75' lang='grc' dir='ltr'><strong>καὶ</strong></span> <span class='ocrx_word' id='word_1_115' title='bbox 1172 1268 1322 1340; x_wconf 79' lang='grc' dir='ltr'><strong>αὐτῷ</strong></span> <span class='ocrx_word' id='word_1_116' title='bbox 1348 1270 1424 1340; x_wconf 87' lang='grc' dir='ltr'><strong>τῷ</strong></span> <span class='ocrx_word' id='word_1_117' title='bbox 1446 1269 1636 1340; x_wconf 82' lang='grc' dir='ltr'>Κυρίῳ</span> <span class='ocrx_word' id='word_1_118' title='bbox 1669 1267 1756 1321; x_wconf 85' lang='grc' dir='ltr'><strong>λέ-</strong></span> 
     </span>
    </p>
   </div>
   <div class='ocr_carea' id='block_1_17' title="bbox 117 1360 1749 1436">
    <p class='ocr_par' dir='ltr' id='par_1_17' title="bbox 117 1360 1749 1436">
     <span class='ocr_line' id='line_1_17' title="bbox 117 1360 1749 1436; baseline -0.003 -17"><span class='ocrx_word' id='word_1_119' title='bbox 117 1384 349 1435; x_wconf 76' lang='grc' dir='ltr'><strong>γοντιο</strong></span> <span class='ocrx_word' id='word_1_120' title='bbox 388 1386 408 1416; x_wconf 86' lang='grc'><strong>‹</strong></span> <span class='ocrx_word' id='word_1_121' title='bbox 433 1364 737 1436; x_wconf 80' lang='grc' dir='ltr'><strong>Περίλυπός</strong></span> <span class='ocrx_word' id='word_1_122' title='bbox 760 1367 907 1416; x_wconf 77' lang='grc' dir='ltr'>ἐστιν</span> <span class='ocrx_word' id='word_1_123' title='bbox 935 1363 967 1432; x_wconf 75' lang='grc' dir='ltr'><strong>ἡ</strong></span> <span class='ocrx_word' id='word_1_124' title='bbox 1002 1361 1148 1431; x_wconf 76' lang='grc' dir='ltr'><strong>ψυχή</strong></span> <span class='ocrx_word' id='word_1_125' title='bbox 1185 1379 1286 1431; x_wconf 92' lang='grc' dir='ltr'><strong>μου</strong></span> <span class='ocrx_word' id='word_1_126' title='bbox 1313 1361 1417 1424; x_wconf 76' lang='grc' dir='ltr'><strong>ἓως</strong></span> <span class='ocrx_word' id='word_1_127' title='bbox 1441 1360 1693 1415; x_wconf 81' lang='grc' dir='ltr'><strong>θανάτου.</strong></span> <span class='ocrx_word' id='word_1_128' title='bbox 1730 1379 1749 1414; x_wconf 73' lang='grc' dir='ltr'><strong>ι</strong></span> 
     </span>
    </p>
   </div>
   <div class='ocr_carea' id='block_1_18' title="bbox 118 1452 1752 1528">
    <p class='ocr_par' dir='ltr' id='par_1_18' title="bbox 118 1452 1752 1528">
     <span class='ocr_line' id='line_1_18' title="bbox 118 1452 1752 1528; baseline -0.003 -17"><span class='ocrx_word' id='word_1_129' title='bbox 118 1459 280 1528; x_wconf 67' lang='grc' dir='ltr'><strong>Τῆς</strong></span> <span class='ocrx_word' id='word_1_130' title='bbox 311 1458 420 1528; x_wconf 75' lang='grc' dir='ltr'><strong>γὰρ</strong></span> <span class='ocrx_word' id='word_1_131' title='bbox 449 1457 627 1525; x_wconf 84' lang='grc' dir='ltr'><strong>λύπης</strong></span> <span class='ocrx_word' id='word_1_132' title='bbox 650 1453 748 1524; x_wconf 82' lang='grc' dir='ltr'><strong>τὴν</strong></span> <span class='ocrx_word' id='word_1_133' title='bbox 769 1453 1020 1524; x_wconf 81' lang='grc' dir='ltr'><strong>αἴσθησιν</strong></span> <span class='ocrx_word' id='word_1_134' title='bbox 1047 1452 1107 1504; x_wconf 81' lang='grc' dir='ltr'><strong>τὸ</strong></span> <span class='ocrx_word' id='word_1_135' title='bbox 1137 1454 1195 1505; x_wconf 84' lang='grc' dir='ltr'><strong>ὲν</strong></span> <span class='ocrx_word' id='word_1_136' title='bbox 1221 1455 1354 1523; x_wconf 80' lang='grc' dir='ltr'><strong>ἡμῖν</strong></span> <span class='ocrx_word' id='word_1_137' title='bbox 1382 1453 1596 1520; x_wconf 76' lang='grc' dir='ltr'><strong>λογικὸν</strong></span> <span class='ocrx_word' id='word_1_138' title='bbox 1618 1453 1752 1506; x_wconf 84' lang='grc' dir='ltr'><strong>ὑπο-</strong></span> 
     </span>
    </p>
   </div>
   <div class='ocr_carea' id='block_1_19' title="bbox 119 1542 1755 1618">
    <p class='ocr_par' dir='ltr' id='par_1_19' title="bbox 119 1542 1755 1618">
     <span class='ocr_line' id='line_1_19' title="bbox 119 1542 1755 1618; baseline -0.004 -16"><span class='ocrx_word' id='word_1_139' title='bbox 119 1548 417 1618; x_wconf 77' lang='grc' dir='ltr'><strong>δέχεται·</strong></span> <span class='ocrx_word' id='word_1_140' title='bbox 455 1550 502 1599; x_wconf 84' lang='grc' dir='ltr'><strong>εί</strong></span> <span class='ocrx_word' id='word_1_141' title='bbox 555 1545 610 1597; x_wconf 81' lang='grc' dir='ltr'><strong>δὲ</strong></span> <span class='ocrx_word' id='word_1_142' title='bbox 653 1546 775 1599; x_wconf 77' lang='grc' dir='ltr'><strong>ἀντὶ</strong></span> <span class='ocrx_word' id='word_1_143' title='bbox 812 1542 918 1596; x_wconf 84' lang='grc' dir='ltr'><strong>νοῦ·</strong></span> <span class='ocrx_word' id='word_1_144' title='bbox 941 1544 969 1595; x_wconf 98' lang='lat'><strong>6</strong></span> <span class='ocrx_word' id='word_1_145' title='bbox 1002 1543 1132 1607; x_wconf 82' lang='grc' dir='ltr'><strong>Θεὸς</strong></span> <span class='ocrx_word' id='word_1_146' title='bbox 1177 1545 1347 1612; x_wconf 83' lang='grc' dir='ltr'><strong>Λόγος</strong></span> <span class='ocrx_word' id='word_1_147' title='bbox 1379 1543 1755 1614; x_wconf 79' lang='grc' dir='ltr'><strong>ύπάρχων,τὰ</strong></span> 
     </span>
    </p>
   </div>
   <div class='ocr_carea' id='block_1_20' title="bbox 122 1629 1754 1705">
    <p class='ocr_par' dir='ltr' id='par_1_20' title="bbox 122 1629 1754 1705">
     <span class='ocr_line' id='line_1_20' title="bbox 122 1629 1754 1705; baseline -0.004 -13"><span class='ocrx_word' id='word_1_148' title='bbox 122 1639 255 1692; x_wconf 77' lang='grc' dir='ltr'><strong>τοῦ</strong></span> <span class='ocrx_word' id='word_1_149' title='bbox 295 1636 388 1691; x_wconf 91' lang='grc' dir='ltr'><strong>νοῦ</strong></span> <span class='ocrx_word' id='word_1_150' title='bbox 421 1635 744 1705; x_wconf 81' lang='grc' dir='ltr'><strong>κατεδέχετο</strong></span> <span class='ocrx_word' id='word_1_151' title='bbox 781 1633 949 1703; x_wconf 76' lang='grc' dir='ltr'><strong>πάθη,</strong></span> <span class='ocrx_word' id='word_1_152' title='bbox 986 1633 1149 1695; x_wconf 82' lang='grc' dir='ltr'><strong>αὐτὸς</strong></span> <span class='ocrx_word' id='word_1_153' title='bbox 1186 1629 1254 1703; x_wconf 77' lang='grc' dir='ltr'><strong>ἦν</strong></span> <span class='ocrx_word' id='word_1_154' title='bbox 1283 1636 1310 1686; x_wconf 82' lang='grc' dir='ltr'><strong>ό</strong></span> <span class='ocrx_word' id='word_1_155' title='bbox 1338 1633 1622 1702; x_wconf 68' lang='grc' dir='ltr'><strong>λυπηθεὶς,</strong></span> <span class='ocrx_word' id='word_1_156' title='bbox 1661 1634 1754 1687; x_wconf 78' lang='grc' dir='ltr'><strong>καὶ</strong></span> 
     </span>
    </p>
   </div>
   <div class='ocr_carea' id='block_1_21' title="bbox 125 1725 1753 1797">
    <p class='ocr_par' dir='ltr' id='par_1_21' title="bbox 125 1725 1753 1797">
     <span class='ocr_line' id='line_1_21' title="bbox 125 1725 1753 1797; baseline -0.004 -16"><span class='ocrx_word' id='word_1_157' title='bbox 125 1728 452 1797; x_wconf 72' lang='grc' dir='ltr'><strong>φοϐηθεὶς,</strong></span> <span class='ocrx_word' id='word_1_158' title='bbox 490 1727 585 1779; x_wconf 79' lang='grc' dir='ltr'><strong>καὶ</strong></span> <span class='ocrx_word' id='word_1_159' title='bbox 625 1726 924 1795; x_wconf 81' lang='grc' dir='ltr'><strong>ἀγνοήσας,</strong></span> <span class='ocrx_word' id='word_1_160' title='bbox 950 1725 1044 1776; x_wconf 78' lang='grc' dir='ltr'><strong>καὶ</strong></span> <span class='ocrx_word' id='word_1_161' title='bbox 1092 1725 1426 1792; x_wconf 79' lang='grc' dir='ltr'><strong>ἀγωνιάσας,</strong></span> <span class='ocrx_word' id='word_1_162' title='bbox 1461 1726 1555 1776; x_wconf 76' lang='grc' dir='ltr'><strong>καὶ</strong></span> <span class='ocrx_word' id='word_1_163' title='bbox 1584 1725 1753 1792; x_wconf 85' lang='grc' dir='ltr'><strong>ἀγγε-</strong></span> 
     </span>
    </p>
   </div>
   <div class='ocr_carea' id='block_1_22' title="bbox 121 1815 1752 1890">
    <p class='ocr_par' dir='ltr' id='par_1_22' title="bbox 121 1815 1752 1890">
     <span class='ocr_line' id='line_1_22' title="bbox 121 1815 1752 1890; baseline -0.002 -19"><span class='ocrx_word' id='word_1_164' title='bbox 121 1822 294 1890; x_wconf 79' lang='grc' dir='ltr'><strong>λικῇ</strong></span> <span class='ocrx_word' id='word_1_165' title='bbox 319 1817 607 1887; x_wconf 68' lang='grc' dir='ltr'><strong>συμμαχίᾳ.</strong></span> <span class='ocrx_word' id='word_1_166' title='bbox 637 1816 864 1887; x_wconf 80' lang='grc' dir='ltr'><strong>ρωσθείς</strong></span> <span class='ocrx_word' id='word_1_167' title='bbox 887 1833 898 1846; x_wconf 91' lang='grc'><strong>·</strong></span> <span class='ocrx_word' id='word_1_168' title='bbox 930 1819 978 1868; x_wconf 81' lang='grc' dir='ltr'><strong>εἰ</strong></span> <span class='ocrx_word' id='word_1_169' title='bbox 1011 1816 1067 1868; x_wconf 79' lang='grc' dir='ltr'>δὲ</span> <span class='ocrx_word' id='word_1_170' title='bbox 1094 1817 1188 1868; x_wconf 75' lang='grc' dir='ltr'><strong>καὶ</strong></span> <span class='ocrx_word' id='word_1_171' title='bbox 1212 1815 1384 1869; x_wconf 86' lang='grc' dir='ltr'><strong>ταῦτα</strong></span> <span class='ocrx_word' id='word_1_172' title='bbox 1412 1818 1674 1886; x_wconf 76' lang='grc' dir='ltr'><strong>φήσουσιν</strong></span> <span class='ocrx_word' id='word_1_173' title='bbox 1704 1815 1752 1868; x_wconf 73' lang='lat' dir='ltr'><strong>ot</strong></span> 
     </span>
    </p>
   </div>
   <div class='ocr_carea' id='block_1_23' title="bbox 126 1903 1754 1979">
    <p class='ocr_par' dir='ltr' id='par_1_23' title="bbox 126 1903 1754 1979">
     <span class='ocr_line' id='line_1_23' title="bbox 126 1903 1754 1979; baseline -0.003 -17"><span class='ocrx_word' id='word_1_174' title='bbox 126 1910 263 1979; x_wconf 80' lang='grc' dir='ltr'><strong>τῆς</strong></span> <span class='ocrx_word' id='word_1_175' title='bbox 313 1906 692 1976; x_wconf 82' lang='grc' dir='ltr'><strong>Ἀπολιναρίου</strong></span> <span class='ocrx_word' id='word_1_176' title='bbox 754 1903 1142 1975; x_wconf 73' lang='grc' dir='ltr'><strong>ματαιολογίας</strong></span> <span class='ocrx_word' id='word_1_177' title='bbox 1191 1903 1560 1974; x_wconf 79' lang='grc' dir='ltr'><strong>κληρονόμοι,</strong></span> <span class='ocrx_word' id='word_1_178' title='bbox 1615 1904 1754 1973; x_wconf 82' lang='grc' dir='ltr'><strong>μετὰ</strong></span> 
     </span>
    </p>
   </div>
   <div class='ocr_carea' id='block_1_24' title="bbox 1858 1265 3456 1335">
    <p class='ocr_par' dir='ltr' id='par_1_24' title="bbox 1858 1265 3456 1335">
     <span class='ocr_line' id='line_1_24' title="bbox 1858 1265 3456 1335; baseline 0.001 -14"><span class='ocrx_word' id='word_1_179' title='bbox 1858 1267 1954 1321; x_wconf 82' lang='lat' dir='ltr'><strong>sed</strong></span> <span class='ocrx_word' id='word_1_180' title='bbox 1989 1266 2241 1321; x_wconf 85' lang='lat' dir='ltr'><strong>reducem</strong></span> <span class='ocrx_word' id='word_1_181' title='bbox 2272 1275 2438 1335; x_wconf 83' lang='lat' dir='ltr'><strong>atque</strong></span> <span class='ocrx_word' id='word_1_182' title='bbox 2479 1265 2546 1319; x_wconf 88' lang='lat' dir='ltr'><strong>ad</strong></span> <span class='ocrx_word' id='word_1_183' title='bbox 2604 1280 2806 1334; x_wconf 89' lang='lat' dir='ltr'><strong>corpus</strong></span> <span class='ocrx_word' id='word_1_184' title='bbox 2856 1281 3017 1320; x_wconf 91' lang='lat' dir='ltr'><strong>suum</strong></span> <span class='ocrx_word' id='word_1_185' title='bbox 3075 1266 3456 1322; x_wconf 89' lang='lat' dir='ltr'><strong>recollectam.</strong></span> 
     </span>
    </p>
   </div>
   <div class='ocr_carea' id='block_1_25' title="bbox 1859 1357 3461 1427">
    <p class='ocr_par' dir='ltr' id='par_1_25' title="bbox 1859 1357 3461 1427">
     <span class='ocr_line' id='line_1_25' title="bbox 1859 1357 3461 1427; baseline 0.002 -14"><span class='ocrx_word' id='word_1_186' title='bbox 1859 1357 2148 1413; x_wconf 82' lang='lat' dir='ltr'><strong>Credimus</strong></span> <span class='ocrx_word' id='word_1_187' title='bbox 2185 1358 2351 1414; x_wconf 88' lang='lat' dir='ltr'><strong>etiam</strong></span> <span class='ocrx_word' id='word_1_188' title='bbox 2383 1358 2614 1413; x_wconf 88' lang='lat' dir='ltr'><strong>Domino</strong></span> <span class='ocrx_word' id='word_1_189' title='bbox 2647 1359 2747 1427; x_wconf 90' lang='lat' dir='ltr'><strong>ipsi</strong></span> <span class='ocrx_word' id='word_1_190' title='bbox 2796 1358 3002 1414; x_wconf 87' lang='lat' dir='ltr'><strong>dicenti</strong></span> <span class='ocrx_word' id='word_1_191' title='bbox 3038 1376 3050 1412; x_wconf 90' lang='lat'>:</span> <span class='ocrx_word' id='word_1_192' title='bbox 3092 1379 3111 1412; x_wconf 82' lang='grc' dir='ltr'><strong>ι</strong></span> <span class='ocrx_word' id='word_1_193' title='bbox 3146 1359 3345 1416; x_wconf 81' lang='lat' dir='ltr'><strong>Tristis</strong></span> <span class='ocrx_word' id='word_1_194' title='bbox 3376 1371 3461 1416; x_wconf 87' lang='lat' dir='ltr'><strong>est</strong></span> 
     </span>
    </p>
   </div>
   <div class='ocr_carea' id='block_1_26' title="bbox 1860 1451 3460 1519">
    <p class='ocr_par' dir='ltr' id='par_1_26' title="bbox 1860 1451 3460 1519">
     <span class='ocr_line' id='line_1_26' title="bbox 1860 1451 3460 1519; baseline 0.003 -15"><span class='ocrx_word' id='word_1_195' title='bbox 1860 1451 2041 1504; x_wconf 87' lang='lat' dir='ltr'><strong>anima</strong></span> <span class='ocrx_word' id='word_1_196' title='bbox 2090 1464 2208 1504; x_wconf 86' lang='lat' dir='ltr'><strong>mea</strong></span> <span class='ocrx_word' id='word_1_197' title='bbox 2251 1464 2426 1519; x_wconf 91' lang='lat' dir='ltr'><strong>usque</strong></span> <span class='ocrx_word' id='word_1_198' title='bbox 2465 1451 2530 1505; x_wconf 88' lang='lat' dir='ltr'><strong>ad</strong></span> <span class='ocrx_word' id='word_1_199' title='bbox 2576 1460 2806 1505; x_wconf 91' lang='lat' dir='ltr'><strong>mortem</strong></span> <span class='ocrx_word' id='word_1_200' title='bbox 2852 1451 2935 1517; x_wconf 80' lang='grc'><strong>⁵¹;</strong></span> <span class='ocrx_word' id='word_1_201' title='bbox 2987 1470 3005 1503; x_wconf 73' lang='grc' dir='ltr'><strong>ι</strong></span> <span class='ocrx_word' id='word_1_202' title='bbox 3051 1467 3176 1506; x_wconf 86' lang='lat' dir='ltr'><strong>nam</strong></span> <span class='ocrx_word' id='word_1_203' title='bbox 3221 1453 3460 1509; x_wconf 63' lang='lat' dir='ltr'><strong>tristitia:</strong></span> 
     </span>
    </p>
   </div>
   <div class='ocr_carea' id='block_1_27' title="bbox 1858 1542 3456 1614">
    <p class='ocr_par' dir='ltr' id='par_1_27' title="bbox 1858 1542 3456 1614">
     <span class='ocr_line' id='line_1_27' title="bbox 1858 1542 3456 1614; baseline 0.002 -17"><span class='ocrx_word' id='word_1_204' title='bbox 1858 1556 2076 1597; x_wconf 85' lang='lat' dir='ltr'><strong>sensum</strong></span> <span class='ocrx_word' id='word_1_205' title='bbox 2111 1557 2236 1610; x_wconf 88' lang='lat' dir='ltr'><strong>pars</strong></span> <span class='ocrx_word' id='word_1_206' title='bbox 2287 1552 2475 1597; x_wconf 87' lang='lat' dir='ltr'><strong>nostra</strong></span> <span class='ocrx_word' id='word_1_207' title='bbox 2525 1542 2812 1598; x_wconf 81' lang='lat' dir='ltr'><strong>rationalis</strong></span> <span class='ocrx_word' id='word_1_208' title='bbox 2841 1543 3067 1614; x_wconf 63' lang='lat' dir='ltr'><strong>excipit.</strong></span> <span class='ocrx_word' id='word_1_209' title='bbox 3119 1544 3275 1611; x_wconf 87' lang='lat' dir='ltr'><strong>Quod</strong></span> <span class='ocrx_word' id='word_1_210' title='bbox 3322 1546 3368 1601; x_wconf 88' lang='lat' dir='ltr'><strong>si</strong></span> <span class='ocrx_word' id='word_1_211' title='bbox 3403 1547 3456 1600; x_wconf 84' lang='lat' dir='ltr'><strong>in</strong></span> 
     </span>
    </p>
   </div>
   <div class='ocr_carea' id='block_1_28' title="bbox 1860 1632 3458 1706">
    <p class='ocr_par' dir='ltr' id='par_1_28' title="bbox 1860 1632 3458 1706">
     <span class='ocr_line' id='line_1_28' title="bbox 1860 1632 3458 1706; baseline 0.003 -19"><span class='ocrx_word' id='word_1_212' title='bbox 1860 1634 2062 1688; x_wconf 89' lang='lat' dir='ltr'><strong>mentis</strong></span> <span class='ocrx_word' id='word_1_213' title='bbox 2107 1633 2224 1688; x_wconf 92' lang='lat' dir='ltr'><strong>loco</strong></span> <span class='ocrx_word' id='word_1_214' title='bbox 2274 1632 2415 1689; x_wconf 90' lang='lat' dir='ltr'><strong>Deus</strong></span> <span class='ocrx_word' id='word_1_215' title='bbox 2462 1632 2703 1688; x_wconf 77' lang='lat' dir='ltr'><strong>Verbum</strong></span> <span class='ocrx_word' id='word_1_216' title='bbox 2747 1636 3055 1700; x_wconf 68' lang='lat' dir='ltr'><strong>exsistens,</strong></span> <span class='ocrx_word' id='word_1_217' title='bbox 3104 1639 3303 1692; x_wconf 86' lang='lat' dir='ltr'><strong>mentis</strong></span> <span class='ocrx_word' id='word_1_218' title='bbox 3333 1653 3458 1706; x_wconf 49' lang='lat' dir='ltr'><strong>pas.</strong></span> 
     </span>
    </p>
   </div>
   <div class='ocr_carea' id='block_1_29' title="bbox 1858 1725 3454 1796">
    <p class='ocr_par' dir='ltr' id='par_1_29' title="bbox 1858 1725 3454 1796">
     <span class='ocr_line' id='line_1_29' title="bbox 1858 1725 3454 1796; baseline 0.004 -18"><span class='ocrx_word' id='word_1_219' title='bbox 1858 1725 2039 1780; x_wconf 88' lang='lat' dir='ltr'><strong>siones</strong></span> <span class='ocrx_word' id='word_1_220' title='bbox 2059 1726 2398 1795; x_wconf 78' lang='lat' dir='ltr'><strong>excipiebat,</strong></span> <span class='ocrx_word' id='word_1_221' title='bbox 2424 1727 2614 1796; x_wconf 83' lang='lat' dir='ltr'><strong>utique</strong></span> <span class='ocrx_word' id='word_1_222' title='bbox 2643 1728 2815 1794; x_wconf 87' lang='lat' dir='ltr'><strong>ipsum</strong></span> <span class='ocrx_word' id='word_1_223' title='bbox 2843 1725 3080 1783; x_wconf 85' lang='lat' dir='ltr'><strong>Verbum</strong></span> <span class='ocrx_word' id='word_1_224' title='bbox 3107 1729 3454 1794; x_wconf 86' lang='lat' dir='ltr'><strong>tristabatur,</strong></span> 
     </span>
    </p>
   </div>
   <div class='ocr_carea' id='block_1_30' title="bbox 1859 1815 3457 1890">
    <p class='ocr_par' dir='ltr' id='par_1_30' title="bbox 1859 1815 3457 1890">
     <span class='ocr_line' id='line_1_30' title="bbox 1859 1815 3457 1890; baseline 0.005 -22"><span class='ocrx_word' id='word_1_225' title='bbox 1859 1815 2156 1880; x_wconf 86' lang='lat' dir='ltr'><strong>metuebat,</strong></span> <span class='ocrx_word' id='word_1_226' title='bbox 2197 1816 2509 1886; x_wconf 78' lang='lat' dir='ltr'><strong>ignorabat,</strong></span> <span class='ocrx_word' id='word_1_227' title='bbox 2545 1817 2874 1888; x_wconf 78' lang='lat' dir='ltr'><strong>agonizabat</strong></span> <span class='ocrx_word' id='word_1_228' title='bbox 2901 1859 2916 1882; x_wconf 86' lang='lat'><strong>,</strong></span> <span class='ocrx_word' id='word_1_229' title='bbox 2959 1829 3014 1874; x_wconf 88' lang='lat' dir='ltr'><strong>et</strong></span> <span class='ocrx_word' id='word_1_230' title='bbox 3060 1821 3306 1890; x_wconf 74' lang='lat' dir='ltr'><strong>angelica</strong></span> <span class='ocrx_word' id='word_1_231' title='bbox 3351 1837 3457 1888; x_wconf 86' lang='lat' dir='ltr'><strong>ope</strong></span> 
     </span>
    </p>
   </div>
   <div class='ocr_carea' id='block_1_31' title="bbox 1859 1904 3457 1982">
    <p class='ocr_par' dir='ltr' id='par_1_31' title="bbox 1859 1904 3457 1982">
     <span class='ocr_line' id='line_1_31' title="bbox 1859 1904 3457 1982; baseline 0.004 -22"><span class='ocrx_word' id='word_1_232' title='bbox 1859 1904 2289 1962; x_wconf 82' lang='lat' dir='ltr'><strong>coniortabatur.</strong></span> <span class='ocrx_word' id='word_1_233' title='bbox 2321 1906 2440 1962; x_wconf 82' lang='lat' dir='ltr'><strong>Jam</strong></span> <span class='ocrx_word' id='word_1_234' title='bbox 2488 1908 2534 1962; x_wconf 91' lang='lat' dir='ltr'><strong>si</strong></span> <span class='ocrx_word' id='word_1_235' title='bbox 2561 1913 2675 1965; x_wconf 70' lang='lat' dir='ltr'><strong>haec</strong></span> <span class='ocrx_word' id='word_1_236' title='bbox 2701 1926 2919 1980; x_wconf 88' lang='lat' dir='ltr'><strong>quoque</strong></span> <span class='ocrx_word' id='word_1_237' title='bbox 2951 1913 3135 1966; x_wconf 86' lang='lat' dir='ltr'><strong>dicant</strong></span> <span class='ocrx_word' id='word_1_238' title='bbox 3173 1913 3457 1982; x_wconf 80' lang='lat' dir='ltr'><strong>Apollina-</strong></span> 
     </span>
    </p>
   </div>
   <div class='ocr_carea' id='block_1_32' title="bbox 147 1995 1745 2074">
    <p class='ocr_par' dir='ltr' id='par_1_32' title="bbox 147 1995 1745 2070">
     <span class='ocr_line' id='line_1_32' title="bbox 147 1995 1745 2070; baseline -0.003 -18"><span class='ocrx_word' id='word_1_239' title='bbox 147 1999 228 2052; x_wconf 78' lang='grc' dir='ltr'><strong>’Δ</strong></span> <span class='ocrx_word' id='word_1_240' title='bbox 241 1999 395 2070; x_wconf 84' lang='grc' dir='ltr'><strong>ρείου</strong></span> <span class='ocrx_word' id='word_1_241' title='bbox 417 1999 511 2051; x_wconf 72' lang='grc' dir='ltr'><strong>καὶ</strong></span> <span class='ocrx_word' id='word_1_242' title='bbox 538 1997 803 2066; x_wconf 75' lang='grc' dir='ltr'><strong>Εὑνομίου</strong></span> <span class='ocrx_word' id='word_1_243' title='bbox 828 1995 935 2048; x_wconf 83' lang='grc' dir='ltr'><strong>τῶν</strong></span> <span class='ocrx_word' id='word_1_244' title='bbox 959 1996 1339 2067; x_wconf 83' lang='grc' dir='ltr'><strong>χριστομάχων</strong></span> <span class='ocrx_word' id='word_1_245' title='bbox 1361 1995 1745 2065; x_wconf 81' lang='grc' dir='ltr'><strong>ταχθήτωσαν·</strong></span> 
     </span>
    </p>
   </div>
   <div class='ocr_carea' id='block_1_33' title="bbox 1852 1995 3456 2074">
    <p class='ocr_par' dir='ltr' id='par_1_33' title="bbox 1863 1999 3456 2070">
     <span class='ocr_line' id='line_1_33' title="bbox 1863 1999 3456 2070; baseline 0.007 -20"><span class='ocrx_word' id='word_1_246' title='bbox 1863 1999 2025 2052; x_wconf 67' lang='lat' dir='ltr'><strong>rianm</strong></span> <span class='ocrx_word' id='word_1_247' title='bbox 2053 2001 2299 2055; x_wconf 75' lang='lat' dir='ltr'><strong>stultitiae</strong></span> <span class='ocrx_word' id='word_1_248' title='bbox 2339 2001 2601 2066; x_wconf 82' lang='lat' dir='ltr'><strong>haeredes,</strong></span> <span class='ocrx_word' id='word_1_249' title='bbox 2624 2002 2657 2055; x_wconf 90' lang='lat' dir='ltr'><strong>ii</strong></span> <span class='ocrx_word' id='word_1_250' title='bbox 2687 2005 2932 2070; x_wconf 78' lang='lat' dir='ltr'><strong>profecto</strong></span> <span class='ocrx_word' id='word_1_251' title='bbox 2957 2020 3080 2059; x_wconf 86' lang='lat' dir='ltr'><strong>cum</strong></span> <span class='ocrx_word' id='word_1_252' title='bbox 3126 2004 3330 2060; x_wconf 89' lang='lat' dir='ltr'><strong>Christi</strong></span> <span class='ocrx_word' id='word_1_253' title='bbox 3359 2007 3456 2061; x_wconf 88' lang='lat' dir='ltr'><strong>ho-</strong></span> 
     </span>
    </p>
   </div>
   <div class='ocr_carea' id='block_1_34' title="bbox 129 2081 1752 2160">
    <p class='ocr_par' dir='ltr' id='par_1_34' title="bbox 129 2081 1752 2160">
     <span class='ocr_line' id='line_1_34' title="bbox 129 2081 1752 2160; baseline -0.004 -16"><span class='ocrx_word' id='word_1_254' title='bbox 129 2086 235 2144; x_wconf 77' lang='grc' dir='ltr'><strong>ὧν</strong></span> <span class='ocrx_word' id='word_1_255' title='bbox 276 2091 386 2160; x_wconf 71' lang='grc' dir='ltr'><strong>γὰρ</strong></span> <span class='ocrx_word' id='word_1_256' title='bbox 439 2091 529 2156; x_wconf 73' lang='grc' dir='ltr'><strong>ἴση</strong></span> <span class='ocrx_word' id='word_1_257' title='bbox 585 2091 618 2158; x_wconf 81' lang='grc' dir='ltr'>ἡ</span> <span class='ocrx_word' id='word_1_258' title='bbox 674 2087 1014 2158; x_wconf 77' lang='grc' dir='ltr'><strong>βλασφημία,</strong></span> <span class='ocrx_word' id='word_1_259' title='bbox 1045 2085 1250 2139; x_wconf 90' lang='grc' dir='ltr'><strong>τούτων</strong></span> <span class='ocrx_word' id='word_1_260' title='bbox 1287 2086 1418 2156; x_wconf 90' lang='grc' dir='ltr'><strong>μίαν</strong></span> <span class='ocrx_word' id='word_1_261' title='bbox 1466 2081 1605 2139; x_wconf 72' lang='grc' dir='ltr'><strong>εἶναι</strong></span> <span class='ocrx_word' id='word_1_262' title='bbox 1655 2087 1752 2157; x_wconf 79' lang='grc' dir='ltr'><strong>την</strong></span> 
     </span>
    </p>
   </div>
   <div class='ocr_carea' id='block_1_35' title="bbox 139 2177 1752 2253">
    <p class='ocr_par' dir='ltr' id='par_1_35' title="bbox 139 2177 1752 2253">
     <span class='ocr_line' id='line_1_35' title="bbox 139 2177 1752 2253; baseline -0.005 -15"><span class='ocrx_word' id='word_1_263' title='bbox 139 2182 414 2253; x_wconf 73' lang='grc' dir='ltr'><strong>ἑταιρίαν</strong></span> <span class='ocrx_word' id='word_1_264' title='bbox 441 2181 652 2233; x_wconf 87' lang='grc' dir='ltr'><strong>δίκαιον</strong></span> <span class='ocrx_word' id='word_1_265' title='bbox 677 2178 755 2250; x_wconf 78' lang='grc'><strong>(1)</strong></span> <span class='ocrx_word' id='word_1_266' title='bbox 774 2195 787 2209; x_wconf 89' lang='grc'><strong>·</strong></span> <span class='ocrx_word' id='word_1_267' title='bbox 815 2180 979 2248; x_wconf 79' lang='grc' dir='ltr'><strong>ἡμεῖς</strong></span> <span class='ocrx_word' id='word_1_268' title='bbox 997 2178 1052 2230; x_wconf 82' lang='grc' dir='ltr'><strong>δὲ</strong></span> <span class='ocrx_word' id='word_1_269' title='bbox 1077 2177 1404 2248; x_wconf 86' lang='grc' dir='ltr'><strong>ἀκούσωμεν</strong></span> <span class='ocrx_word' id='word_1_270' title='bbox 1423 2177 1518 2230; x_wconf 91' lang='grc' dir='ltr'><strong>τοῦ</strong></span> <span class='ocrx_word' id='word_1_271' title='bbox 1544 2178 1752 2247; x_wconf 83' lang='grc' dir='ltr'>Κυρίου</span> 
     </span>
    </p>
   </div>
   <div class='ocr_carea' id='block_1_36' title="bbox 139 2269 1755 2342">
    <p class='ocr_par' dir='ltr' id='par_1_36' title="bbox 139 2269 1755 2342">
     <span class='ocr_line' id='line_1_36' title="bbox 139 2269 1755 2342; baseline -0.002 -16"><span class='ocrx_word' id='word_1_272' title='bbox 139 2276 167 2326; x_wconf 88' lang='grc' dir='ltr'><strong>λ</strong></span> <span class='ocrx_word' id='word_1_273' title='bbox 184 2275 424 2339; x_wconf 70' lang='grc' dir='ltr'><strong>ἐγοντος</strong></span> <span class='ocrx_word' id='word_1_274' title='bbox 443 2289 457 2305; x_wconf 77' lang='grc'><strong><em>⁸</em></strong></span> <span class='ocrx_word' id='word_1_275' title='bbox 487 2292 504 2325; x_wconf 84' lang='grc' dir='ltr'><strong>ι</strong></span> <span class='ocrx_word' id='word_1_276' title='bbox 542 2271 824 2336; x_wconf 81' lang='grc' dir='ltr'><strong>Ἐξουσίαν</strong></span> <span class='ocrx_word' id='word_1_277' title='bbox 851 2270 959 2339; x_wconf 78' lang='grc' dir='ltr'><strong>ἔχω</strong></span> <span class='ocrx_word' id='word_1_278' title='bbox 984 2269 1153 2323; x_wconf 84' lang='grc' dir='ltr'><strong>θεῖναι</strong></span> <span class='ocrx_word' id='word_1_279' title='bbox 1181 2269 1277 2340; x_wconf 78' lang='grc' dir='ltr'><strong>τὴν</strong></span> <span class='ocrx_word' id='word_1_280' title='bbox 1300 2270 1477 2341; x_wconf 75' lang='grc' dir='ltr'><strong>ψυχήν</strong></span> <span class='ocrx_word' id='word_1_281' title='bbox 1509 2288 1632 2342; x_wconf 84' lang='grc' dir='ltr'><strong>μου,</strong></span> <span class='ocrx_word' id='word_1_282' title='bbox 1660 2272 1755 2326; x_wconf 77' lang='grc' dir='ltr'><strong>καὶ</strong></span> 
     </span>
    </p>
   </div>
   <div class='ocr_carea' id='block_1_37' title="bbox 141 2361 1754 2434">
    <p class='ocr_par' dir='ltr' id='par_1_37' title="bbox 141 2361 1754 2434">
     <span class='ocr_line' id='line_1_37' title="bbox 141 2361 1754 2434; baseline -0.003 -16"><span class='ocrx_word' id='word_1_283' title='bbox 141 2365 420 2432; x_wconf 68' lang='grc' dir='ltr'><strong>ἐξουσίαν</strong></span> <span class='ocrx_word' id='word_1_284' title='bbox 450 2363 557 2434; x_wconf 73' lang='grc' dir='ltr'><strong>ἔχω</strong></span> <span class='ocrx_word' id='word_1_285' title='bbox 580 2361 743 2417; x_wconf 84' lang='grc' dir='ltr'><strong>πάλιν</strong></span> <span class='ocrx_word' id='word_1_286' title='bbox 766 2363 952 2416; x_wconf 79' lang='grc' dir='ltr'><strong>λαϐεῖν</strong></span> <span class='ocrx_word' id='word_1_287' title='bbox 977 2363 1149 2432; x_wconf 80' lang='grc' dir='ltr'><strong>αὑτήν</strong></span> <span class='ocrx_word' id='word_1_288' title='bbox 1174 2379 1187 2392; x_wconf 90' lang='grc'><strong>·</strong></span> <span class='ocrx_word' id='word_1_289' title='bbox 1217 2361 1389 2424; x_wconf 72' lang='grc' dir='ltr'><strong>οὐδεὶς</strong></span> <span class='ocrx_word' id='word_1_290' title='bbox 1417 2361 1561 2431; x_wconf 82' lang='grc' dir='ltr'><strong>αῐρει</strong></span> <span class='ocrx_word' id='word_1_291' title='bbox 1587 2362 1754 2433; x_wconf 76' lang='grc' dir='ltr'><strong>αὐτὴν</strong></span> 
     </span>
    </p>
   </div>
   <div class='ocr_carea' id='block_1_38' title="bbox 141 2453 1747 2524">
    <p class='ocr_par' dir='ltr' id='par_1_38' title="bbox 141 2453 1747 2524">
     <span class='ocr_line' id='line_1_38' title="bbox 141 2453 1747 2524; baseline -0.002 -15"><span class='ocrx_word' id='word_1_292' title='bbox 141 2457 264 2510; x_wconf 80' lang='grc' dir='ltr'><strong>ἀπ’</strong></span> <span class='ocrx_word' id='word_1_293' title='bbox 289 2454 442 2524; x_wconf 78' lang='grc' dir='ltr'><strong>ἐμοῦ.</strong></span> <span class='ocrx_word' id='word_1_294' title='bbox 471 2472 491 2506; x_wconf 69' lang='grc' dir='ltr'><strong>ι</strong></span> <span class='ocrx_word' id='word_1_295' title='bbox 533 2454 628 2506; x_wconf 90' lang='grc' dir='ltr'><strong>Ἐκ</strong></span> <span class='ocrx_word' id='word_1_296' title='bbox 656 2455 765 2523; x_wconf 79' lang='grc' dir='ltr'><strong>γὰρ</strong></span> <span class='ocrx_word' id='word_1_297' title='bbox 793 2453 901 2506; x_wconf 86' lang='grc' dir='ltr'>τῶν</span> <span class='ocrx_word' id='word_1_298' title='bbox 932 2453 1106 2521; x_wconf 90' lang='grc' dir='ltr'><strong>λόγων</strong></span> <span class='ocrx_word' id='word_1_299' title='bbox 1129 2453 1336 2506; x_wconf 89' lang='grc' dir='ltr'><strong>τούτων</strong></span> <span class='ocrx_word' id='word_1_300' title='bbox 1366 2453 1747 2524; x_wconf 78' lang='grc' dir='ltr'><strong>μαθησόμεθα,</strong></span> 
     </span>
    </p>
   </div>
   <div class='ocr_carea' id='block_1_39' title="bbox 141 2546 1752 2619">
    <p class='ocr_par' dir='ltr' id='par_1_39' title="bbox 141 2546 1752 2619">
     <span class='ocr_line' id='line_1_39' title="bbox 141 2546 1752 2619; baseline -0.001 -18"><span class='ocrx_word' id='word_1_301' title='bbox 141 2549 242 2611; x_wconf 83' lang='grc' dir='ltr'><strong>ὡς</strong></span> <span class='ocrx_word' id='word_1_302' title='bbox 281 2549 468 2619; x_wconf 75' lang='grc' dir='ltr'><strong>ἕτερος</strong></span> <span class='ocrx_word' id='word_1_303' title='bbox 496 2546 595 2616; x_wconf 81' lang='grc' dir='ltr'><strong>μὲν</strong></span> <span class='ocrx_word' id='word_1_304' title='bbox 623 2547 651 2598; x_wconf 92' lang='lat'><strong>6</strong></span> <span class='ocrx_word' id='word_1_305' title='bbox 680 2547 875 2610; x_wconf 77' lang='grc' dir='ltr'><strong>τιθεὶς,</strong></span> <span class='ocrx_word' id='word_1_306' title='bbox 911 2546 1098 2618; x_wconf 75' lang='grc' dir='ltr'><strong>ἕτερον</strong></span> <span class='ocrx_word' id='word_1_307' title='bbox 1121 2546 1178 2598; x_wconf 84' lang='grc' dir='ltr'><strong>δὲ</strong></span> <span class='ocrx_word' id='word_1_308' title='bbox 1214 2546 1275 2599; x_wconf 81' lang='grc' dir='ltr'><strong>τὸ</strong></span> <span class='ocrx_word' id='word_1_309' title='bbox 1309 2546 1592 2617; x_wconf 81' lang='grc' dir='ltr'><strong>τιθέμενον</strong></span> <span class='ocrx_word' id='word_1_310' title='bbox 1614 2564 1627 2577; x_wconf 89' lang='grc'><strong>·</strong></span> <span class='ocrx_word' id='word_1_311' title='bbox 1659 2549 1752 2600; x_wconf 66' lang='grc' dir='ltr'><strong>καὶ</strong></span> 
     </span>
    </p>
   </div>
   <div class='ocr_carea' id='block_1_40' title="bbox 144 2636 1750 2709">
    <p class='ocr_par' dir='ltr' id='par_1_40' title="bbox 144 2636 1750 2709">
     <span class='ocr_line' id='line_1_40' title="bbox 144 2636 1750 2709; baseline -0.001 -17"><span class='ocrx_word' id='word_1_312' title='bbox 144 2639 302 2702; x_wconf 80' lang='grc' dir='ltr'><strong>Θεὸς</strong></span> <span class='ocrx_word' id='word_1_313' title='bbox 335 2639 433 2709; x_wconf 85' lang='grc' dir='ltr'><strong>μὲν</strong></span> <span class='ocrx_word' id='word_1_314' title='bbox 460 2640 488 2691; x_wconf 89' lang='lat'><strong>6</strong></span> <span class='ocrx_word' id='word_1_315' title='bbox 511 2638 680 2701; x_wconf 73' lang='grc' dir='ltr'><strong>τιθεὶς</strong></span> <span class='ocrx_word' id='word_1_316' title='bbox 708 2639 801 2691; x_wconf 73' lang='grc' dir='ltr'><strong>καὶ</strong></span> <span class='ocrx_word' id='word_1_317' title='bbox 821 2637 1134 2707; x_wconf 87' lang='grc' dir='ltr'><strong>λαμϐάνων,</strong></span> <span class='ocrx_word' id='word_1_318' title='bbox 1160 2636 1307 2708; x_wconf 71' lang='grc' dir='ltr'><strong>ψυχὴ</strong></span> <span class='ocrx_word' id='word_1_319' title='bbox 1336 2637 1392 2690; x_wconf 82' lang='grc' dir='ltr'><strong>δὲ</strong></span> <span class='ocrx_word' id='word_1_320' title='bbox 1426 2640 1458 2708; x_wconf 76' lang='grc' dir='ltr'><strong>η</strong></span> <span class='ocrx_word' id='word_1_321' title='bbox 1493 2637 1750 2709; x_wconf 83' lang='grc' dir='ltr'><strong>τιθεμένη</strong></span> 
     </span>
    </p>
   </div>
   <div class='ocr_carea' id='block_1_41' title="bbox 145 2727 1745 2800">
    <p class='ocr_par' dir='ltr' id='par_1_41' title="bbox 145 2727 1745 2800">
     <span class='ocr_line' id='line_1_41' title="bbox 145 2727 1745 2800; baseline -0.001 -17"><span class='ocrx_word' id='word_1_322' title='bbox 145 2732 264 2783; x_wconf 63' lang='lat' dir='ltr'><strong>acati.</strong></span> <span class='ocrx_word' id='word_1_323' title='bbox 292 2728 712 2800; x_wconf 79' lang='grc' dir='ltr'><strong>λαμϐανομένη·</strong></span> <span class='ocrx_word' id='word_1_324' title='bbox 746 2730 839 2781; x_wconf 75' lang='grc' dir='ltr'><strong>καὶ</strong></span> <span class='ocrx_word' id='word_1_325' title='bbox 865 2727 996 2791; x_wconf 80' lang='grc' dir='ltr'><strong>Θεὸς</strong></span> <span class='ocrx_word' id='word_1_326' title='bbox 1032 2728 1128 2799; x_wconf 80' lang='grc' dir='ltr'><strong>μὲν</strong></span> <span class='ocrx_word' id='word_1_327' title='bbox 1160 2729 1258 2799; x_wconf 81' lang='grc' dir='ltr'><strong>τὴν</strong></span> <span class='ocrx_word' id='word_1_328' title='bbox 1293 2728 1544 2795; x_wconf 79' lang='grc' dir='ltr'>ἐξουσίαν</span> <span class='ocrx_word' id='word_1_329' title='bbox 1588 2730 1745 2800; x_wconf 80' lang='grc' dir='ltr'><strong>ἔχων,</strong></span> 
     </span>
    </p>
   </div>
   <div class='ocr_carea' id='block_1_42' title="bbox 142 2819 1604 2893">
    <p class='ocr_par' dir='ltr' id='par_1_42' title="bbox 142 2819 1604 2893">
     <span class='ocr_line' id='line_1_42' title="bbox 142 2819 1604 2893; baseline 0.001 -21"><span class='ocrx_word' id='word_1_330' title='bbox 142 2819 312 2893; x_wconf 67' lang='grc' dir='ltr'><strong>ψυχὴ</strong></span> <span class='ocrx_word' id='word_1_331' title='bbox 338 2821 396 2875; x_wconf 82' lang='grc' dir='ltr'><strong>δὲ</strong></span> <span class='ocrx_word' id='word_1_332' title='bbox 428 2822 462 2892; x_wconf 77' lang='grc' dir='ltr'><strong>ἡ</strong></span> <span class='ocrx_word' id='word_1_333' title='bbox 491 2819 597 2874; x_wconf 75' lang='grc' dir='ltr'><strong>ὑπὸ</strong></span> <span class='ocrx_word' id='word_1_334' title='bbox 620 2819 719 2892; x_wconf 79' lang='grc' dir='ltr'><strong>τὴν</strong></span> <span class='ocrx_word' id='word_1_335' title='bbox 742 2819 988 2886; x_wconf 79' lang='grc' dir='ltr'>ἐξουσίαν</span> <span class='ocrx_word' id='word_1_336' title='bbox 1017 2820 1236 2891; x_wconf 78' lang='grc' dir='ltr'><strong>ἐκείνην</strong></span> <span class='ocrx_word' id='word_1_337' title='bbox 1273 2820 1604 2892; x_wconf 78' lang='grc' dir='ltr'><strong>τεταγμένη.</strong></span> 
     </span>
    </p>
   </div>
   <div class='ocr_carea' id='block_1_43' title="bbox 149 3087 1747 3182">
    <p class='ocr_par' dir='ltr' id='par_1_43' title="bbox 149 3087 1747 3182">
     <span class='ocr_line' id='line_1_43' title="bbox 149 3087 1747 3182; baseline 0.004 -21"><span class='ocrx_word' id='word_1_338' title='bbox 149 3107 252 3161; x_wconf 80' lang='lat' dir='ltr'><strong>K&#39;.</strong></span> <span class='ocrx_word' id='word_1_339' title='bbox 291 3107 419 3158; x_wconf 80' lang='grc' dir='ltr'><strong>Ὀτι</strong></span> <span class='ocrx_word' id='word_1_340' title='bbox 455 3108 509 3159; x_wconf 81' lang='grc' dir='ltr'><strong>οἱ</strong></span> <span class='ocrx_word' id='word_1_341' title='bbox 545 3087 842 3182; x_wconf 59' lang='grc' dir='ltr'><strong>προφῆται</strong></span> <span class='ocrx_word' id='word_1_342' title='bbox 877 3109 1262 3182; x_wconf 19' lang='grc' dir='ltr'><strong>τελείωςμτὴν</strong></span> <span class='ocrx_word' id='word_1_343' title='bbox 1299 3113 1490 3180; x_wconf 67' lang='grc' dir='ltr'><strong>φύσιν</strong></span> <span class='ocrx_word' id='word_1_344' title='bbox 1521 3114 1747 3182; x_wconf 72' lang='grc' dir='ltr'><strong>ἀναλη-</strong></span> 
     </span>
    </p>
   </div>
   <div class='ocr_carea' id='block_1_44' title="bbox 652 3177 1282 3245">
    <p class='ocr_par' dir='ltr' id='par_1_44' title="bbox 652 3177 1282 3245">
     <span class='ocr_line' id='line_1_44' title="bbox 652 3177 1282 3245; baseline 0.005 -14"><span class='ocrx_word' id='word_1_345' title='bbox 652 3177 874 3245; x_wconf 71' lang='grc' dir='ltr'><strong>φθῆναι</strong></span> <span class='ocrx_word' id='word_1_346' title='bbox 913 3179 1258 3240; x_wconf 80' lang='grc' dir='ltr'><strong>θεσπίζουσι</strong></span> <span class='ocrx_word' id='word_1_347' title='bbox 1270 3221 1282 3233; x_wconf 95' lang='grc'><strong>.</strong></span> 
     </span>
    </p>
   </div>
   <div class='ocr_carea' id='block_1_45' title="bbox 1857 2090 3450 2163">
    <p class='ocr_par' dir='ltr' id='par_1_45' title="bbox 1857 2090 3450 2163">
     <span class='ocr_line' id='line_1_45' title="bbox 1857 2090 3450 2163; baseline 0.008 -21"><span class='ocrx_word' id='word_1_348' title='bbox 1857 2090 2032 2143; x_wconf 90' lang='lat' dir='ltr'><strong>stibus</strong></span> <span class='ocrx_word' id='word_1_349' title='bbox 2059 2093 2189 2146; x_wconf 83' lang='lat' dir='ltr'><strong>Ario</strong></span> <span class='ocrx_word' id='word_1_350' title='bbox 2221 2101 2383 2160; x_wconf 90' lang='lat' dir='ltr'><strong>atque</strong></span> <span class='ocrx_word' id='word_1_351' title='bbox 2401 2093 2621 2163; x_wconf 74' lang='lat' dir='ltr'><strong>830m</strong></span> <span class='ocrx_word' id='word_1_352' title='bbox 2647 2093 2916 2150; x_wconf 85' lang='lat' dir='ltr'><strong>Eunomio</strong></span> <span class='ocrx_word' id='word_1_353' title='bbox 2940 2097 3450 2154; x_wconf 83' lang='lat' dir='ltr'><strong>collocentur.Nam</strong></span> 
     </span>
    </p>
   </div>
   <div class='ocr_carea' id='block_1_46' title="bbox 1855 2183 3453 2254">
    <p class='ocr_par' dir='ltr' id='par_1_46' title="bbox 1855 2183 3453 2254">
     <span class='ocr_line' id='line_1_46' title="bbox 1855 2183 3453 2254; baseline 0.009 -22"><span class='ocrx_word' id='word_1_354' title='bbox 1855 2195 2088 2249; x_wconf 87' lang='lat' dir='ltr'><strong>quorum</strong></span> <span class='ocrx_word' id='word_1_355' title='bbox 2128 2197 2228 2251; x_wconf 88' lang='lat' dir='ltr'><strong>par</strong></span> <span class='ocrx_word' id='word_1_356' title='bbox 2280 2191 2365 2237; x_wconf 89' lang='lat' dir='ltr'><strong>est</strong></span> <span class='ocrx_word' id='word_1_357' title='bbox 2412 2183 2752 2254; x_wconf 84' lang='lat' dir='ltr'><strong>blasphemia</strong></span> <span class='ocrx_word' id='word_1_358' title='bbox 2786 2228 2799 2253; x_wconf 95' lang='lat'><strong>,</strong></span> <span class='ocrx_word' id='word_1_359' title='bbox 2849 2187 3044 2242; x_wconf 85' lang='lat' dir='ltr'><strong>horum</strong></span> <span class='ocrx_word' id='word_1_360' title='bbox 3107 2206 3274 2244; x_wconf 88' lang='lat' dir='ltr'><strong>unam</strong></span> <span class='ocrx_word' id='word_1_361' title='bbox 3328 2207 3453 2247; x_wconf 85' lang='lat' dir='ltr'><strong>esse</strong></span> 
     </span>
    </p>
   </div>
   <div class='ocr_carea' id='block_1_47' title="bbox 1855 2271 3453 2342">
    <p class='ocr_par' dir='ltr' id='par_1_47' title="bbox 1855 2271 3453 2342">
     <span class='ocr_line' id='line_1_47' title="bbox 1855 2271 3453 2342; baseline 0.008 -17"><span class='ocrx_word' id='word_1_362' title='bbox 1855 2271 2205 2328; x_wconf 86' lang='lat' dir='ltr'><strong>sodalitatem</strong></span> <span class='ocrx_word' id='word_1_363' title='bbox 2233 2287 2447 2342; x_wconf 64' lang='lat' dir='ltr'><strong>aequum</strong></span> <span class='ocrx_word' id='word_1_364' title='bbox 2481 2285 2585 2329; x_wconf 91' lang='lat' dir='ltr'><strong>est.</strong></span> <span class='ocrx_word' id='word_1_365' title='bbox 2636 2275 2744 2330; x_wconf 81' lang='lat' dir='ltr'><strong>Nos</strong></span> <span class='ocrx_word' id='word_1_366' title='bbox 2771 2293 2902 2332; x_wconf 82' lang='lat' dir='ltr'><strong>vero</strong></span> <span class='ocrx_word' id='word_1_367' title='bbox 2935 2281 3224 2336; x_wconf 88' lang='lat' dir='ltr'><strong>Dominum</strong></span> <span class='ocrx_word' id='word_1_368' title='bbox 3265 2283 3453 2338; x_wconf 88' lang='lat' dir='ltr'><strong>dicen-</strong></span> 
     </span>
    </p>
   </div>
   <div class='ocr_carea' id='block_1_48' title="bbox 1857 2361 3448 2438">
    <p class='ocr_par' dir='ltr' id='par_1_48' title="bbox 1857 2361 3448 2438">
     <span class='ocr_line' id='line_1_48' title="bbox 1857 2361 3448 2438; baseline 0.008 -25"><span class='ocrx_word' id='word_1_369' title='bbox 1857 2370 1965 2414; x_wconf 88' lang='lat' dir='ltr'><strong>tem</strong></span> <span class='ocrx_word' id='word_1_370' title='bbox 2041 2361 2329 2416; x_wconf 86' lang='lat' dir='ltr'><strong>audiamus</strong></span> <span class='ocrx_word' id='word_1_371' title='bbox 2385 2378 2398 2414; x_wconf 91' lang='lat'>:</span> <span class='ocrx_word' id='word_1_372' title='bbox 2456 2381 2475 2413; x_wconf 79' lang='grc' dir='ltr'><strong>ι</strong></span> <span class='ocrx_word' id='word_1_373' title='bbox 2560 2362 2901 2420; x_wconf 91' lang='lat' dir='ltr'><strong>Potestatem</strong></span> <span class='ocrx_word' id='word_1_374' title='bbox 2962 2367 3138 2423; x_wconf 86' lang='lat' dir='ltr'><strong>habeo</strong></span> <span class='ocrx_word' id='word_1_375' title='bbox 3210 2373 3448 2438; x_wconf 85' lang='lat' dir='ltr'><strong>ponendi</strong></span> 
     </span>
    </p>
   </div>
   <div class='ocr_carea' id='block_1_49' title="bbox 1859 2452 3453 2522">
    <p class='ocr_par' dir='ltr' id='par_1_49' title="bbox 1859 2452 3453 2522">
     <span class='ocr_line' id='line_1_49' title="bbox 1859 2452 3453 2522; baseline 0.008 -17"><span class='ocrx_word' id='word_1_376' title='bbox 1859 2452 2097 2506; x_wconf 88' lang='lat' dir='ltr'><strong>animam</strong></span> <span class='ocrx_word' id='word_1_377' title='bbox 2154 2467 2354 2517; x_wconf 88' lang='lat' dir='ltr'><strong>meam,</strong></span> <span class='ocrx_word' id='word_1_378' title='bbox 2404 2461 2459 2506; x_wconf 89' lang='lat' dir='ltr'><strong>et</strong></span> <span class='ocrx_word' id='word_1_379' title='bbox 2512 2463 2838 2522; x_wconf 90' lang='lat' dir='ltr'><strong>potestatem</strong></span> <span class='ocrx_word' id='word_1_380' title='bbox 2891 2456 3066 2512; x_wconf 84' lang='lat' dir='ltr'><strong>habeo</strong></span> <span class='ocrx_word' id='word_1_381' title='bbox 3103 2460 3301 2516; x_wconf 88' lang='lat' dir='ltr'><strong>iterum</strong></span> <span class='ocrx_word' id='word_1_382' title='bbox 3356 2479 3453 2517; x_wconf 85' lang='lat' dir='ltr'><strong>stt-</strong></span> 
     </span>
    </p>
   </div>
   <div class='ocr_carea' id='block_1_50' title="bbox 1863 2544 3452 2623">
    <p class='ocr_par' dir='ltr' id='par_1_50' title="bbox 1863 2544 3452 2623">
     <span class='ocr_line' id='line_1_50' title="bbox 1863 2544 3452 2623; baseline 0.008 -25"><span class='ocrx_word' id='word_1_383' title='bbox 1863 2544 2039 2599; x_wconf 90' lang='lat' dir='ltr'><strong>mendi</strong></span> <span class='ocrx_word' id='word_1_384' title='bbox 2076 2559 2234 2610; x_wconf 89' lang='lat' dir='ltr'><strong>eam;</strong></span> <span class='ocrx_word' id='word_1_385' title='bbox 2272 2559 2431 2599; x_wconf 90' lang='lat' dir='ltr'><strong>nemo</strong></span> <span class='ocrx_word' id='word_1_386' title='bbox 2468 2545 2608 2599; x_wconf 90' lang='lat' dir='ltr'><strong>tollit</strong></span> <span class='ocrx_word' id='word_1_387' title='bbox 2640 2561 2758 2600; x_wconf 91' lang='lat' dir='ltr'><strong>eam</strong></span> <span class='ocrx_word' id='word_1_388' title='bbox 2801 2563 2828 2600; x_wconf 91' lang='lat' dir='ltr'><strong>a</strong></span> <span class='ocrx_word' id='word_1_389' title='bbox 2856 2563 2942 2604; x_wconf 91' lang='lat' dir='ltr'><strong>me</strong></span> <span class='ocrx_word' id='word_1_390' title='bbox 2967 2549 3034 2604; x_wconf 84' lang='grc'><strong>⁸¹.</strong></span> <span class='ocrx_word' id='word_1_391' title='bbox 3069 2569 3086 2602; x_wconf 76' lang='grc' dir='ltr'><strong>ι</strong></span> <span class='ocrx_word' id='word_1_392' title='bbox 3111 2550 3359 2623; x_wconf 67' lang='lat' dir='ltr'><strong>Namque</strong></span> <span class='ocrx_word' id='word_1_393' title='bbox 3382 2572 3452 2613; x_wconf 80' lang='lat' dir='ltr'><strong>ex</strong></span> 
     </span>
    </p>
   </div>
   <div class='ocr_carea' id='block_1_51' title="bbox 1860 2637 3449 2716">
    <p class='ocr_par' dir='ltr' id='par_1_51' title="bbox 1860 2637 3449 2716">
     <span class='ocr_line' id='line_1_51' title="bbox 1860 2637 3449 2716; baseline 0.008 -26"><span class='ocrx_word' id='word_1_394' title='bbox 1860 2637 2207 2691; x_wconf 89' lang='lat' dir='ltr'><strong>sermonibus</strong></span> <span class='ocrx_word' id='word_1_395' title='bbox 2261 2637 2346 2692; x_wconf 91' lang='lat' dir='ltr'><strong>his</strong></span> <span class='ocrx_word' id='word_1_396' title='bbox 2395 2637 2656 2694; x_wconf 89' lang='lat' dir='ltr'><strong>discimus</strong></span> <span class='ocrx_word' id='word_1_397' title='bbox 2726 2640 2892 2695; x_wconf 89' lang='lat' dir='ltr'><strong>alium</strong></span> <span class='ocrx_word' id='word_1_398' title='bbox 2946 2657 3068 2697; x_wconf 90' lang='lat' dir='ltr'><strong>esse</strong></span> <span class='ocrx_word' id='word_1_399' title='bbox 3111 2646 3202 2716; x_wconf 91' lang='lat' dir='ltr'><strong>qui</strong></span> <span class='ocrx_word' id='word_1_400' title='bbox 3258 2651 3449 2716; x_wconf 86' lang='lat' dir='ltr'><strong>ponit,</strong></span> 
     </span>
    </p>
   </div>
   <div class='ocr_carea' id='block_1_52' title="bbox 1857 2726 3454 2808">
    <p class='ocr_par' dir='ltr' id='par_1_52' title="bbox 1857 2726 3454 2808">
     <span class='ocr_line' id='line_1_52' title="bbox 1857 2726 3454 2808; baseline 0.011 -28"><span class='ocrx_word' id='word_1_401' title='bbox 1857 2726 2000 2780; x_wconf 84' lang='lat' dir='ltr'><strong>aliud</strong></span> <span class='ocrx_word' id='word_1_402' title='bbox 2032 2728 2172 2796; x_wconf 88' lang='lat' dir='ltr'><strong>quod</strong></span> <span class='ocrx_word' id='word_1_403' title='bbox 2206 2729 2582 2800; x_wconf 82' lang='lat' dir='ltr'><strong>estpositum;</strong></span> <span class='ocrx_word' id='word_1_404' title='bbox 2619 2730 2896 2802; x_wconf 88' lang='lat' dir='ltr'><strong>Deumque</strong></span> <span class='ocrx_word' id='word_1_405' title='bbox 2918 2749 3038 2788; x_wconf 88' lang='lat' dir='ltr'><strong>esse</strong></span> <span class='ocrx_word' id='word_1_406' title='bbox 3069 2737 3160 2806; x_wconf 89' lang='lat' dir='ltr'><strong>qui</strong></span> <span class='ocrx_word' id='word_1_407' title='bbox 3190 2740 3362 2808; x_wconf 84' lang='lat' dir='ltr'><strong>ponit.</strong></span> <span class='ocrx_word' id='word_1_408' title='bbox 3398 2753 3454 2796; x_wconf 90' lang='lat' dir='ltr'><strong>et</strong></span> 
     </span>
    </p>
   </div>
   <div class='ocr_carea' id='block_1_53' title="bbox 1861 2819 3444 2901">
    <p class='ocr_par' dir='ltr' id='par_1_53' title="bbox 1861 2819 3444 2901">
     <span class='ocr_line' id='line_1_53' title="bbox 1861 2819 3444 2901; baseline 0.009 -30"><span class='ocrx_word' id='word_1_409' title='bbox 1861 2819 1951 2888; x_wconf 89' lang='lat' dir='ltr'><strong>qui</strong></span> <span class='ocrx_word' id='word_1_410' title='bbox 1991 2820 2156 2875; x_wconf 87' lang='lat' dir='ltr'><strong>sumit</strong></span> <span class='ocrx_word' id='word_1_411' title='bbox 2185 2839 2200 2887; x_wconf 88' lang='lat'><strong>;</strong></span> <span class='ocrx_word' id='word_1_412' title='bbox 2235 2821 2472 2876; x_wconf 90' lang='lat' dir='ltr'><strong>animam</strong></span> <span class='ocrx_word' id='word_1_413' title='bbox 2497 2832 2679 2877; x_wconf 89' lang='lat' dir='ltr'><strong>autem</strong></span> <span class='ocrx_word' id='word_1_414' title='bbox 2716 2834 2770 2878; x_wconf 90' lang='lat' dir='ltr'><strong>et</strong></span> <span class='ocrx_word' id='word_1_415' title='bbox 2793 2826 3026 2892; x_wconf 88' lang='lat' dir='ltr'><strong>positam</strong></span> <span class='ocrx_word' id='word_1_416' title='bbox 3053 2838 3106 2882; x_wconf 90' lang='lat' dir='ltr'><strong>et</strong></span> <span class='ocrx_word' id='word_1_417' title='bbox 3131 2841 3403 2901; x_wconf 87' lang='lat' dir='ltr'><strong>sumptam</strong></span> <span class='ocrx_word' id='word_1_418' title='bbox 3430 2852 3444 2900; x_wconf 88' lang='lat'>;</span> 
     </span>
    </p>
   </div>
   <div class='ocr_carea' id='block_1_54' title="bbox 1859 2911 3451 2983">
    <p class='ocr_par' dir='ltr' id='par_1_54' title="bbox 1859 2911 3451 2983">
     <span class='ocr_line' id='line_1_54' title="bbox 1859 2911 3451 2983; baseline 0.01 -19"><span class='ocrx_word' id='word_1_419' title='bbox 1859 2919 1912 2965; x_wconf 89' lang='lat' dir='ltr'><strong>et</strong></span> <span class='ocrx_word' id='word_1_420' title='bbox 1944 2911 2034 2964; x_wconf 88' lang='lat' dir='ltr'><strong>Dei</strong></span> <span class='ocrx_word' id='word_1_421' title='bbox 2067 2911 2286 2980; x_wconf 88' lang='lat' dir='ltr'><strong>quidem</strong></span> <span class='ocrx_word' id='word_1_422' title='bbox 2329 2927 2451 2968; x_wconf 90' lang='lat' dir='ltr'><strong>esse</strong></span> <span class='ocrx_word' id='word_1_423' title='bbox 2489 2921 2836 2983; x_wconf 88' lang='lat' dir='ltr'><strong>potestatem,</strong></span> <span class='ocrx_word' id='word_1_424' title='bbox 2872 2916 3106 2973; x_wconf 81' lang='lat' dir='ltr'><strong>animum</strong></span> <span class='ocrx_word' id='word_1_425' title='bbox 3140 2930 3318 2977; x_wconf 87' lang='lat' dir='ltr'><strong>autem</strong></span> <span class='ocrx_word' id='word_1_426' title='bbox 3349 2929 3451 2980; x_wconf 85' lang='lat' dir='ltr'><strong>sub</strong></span> 
     </span>
    </p>
   </div>
   <div class='ocr_carea' id='block_1_55' title="bbox 1873 3003 2522 3070">
    <p class='ocr_par' dir='ltr' id='par_1_55' title="bbox 1873 3003 2522 3070">
     <span class='ocr_line' id='line_1_55' title="bbox 1873 3003 2522 3070; baseline 0.006 -17"><span class='ocrx_word' id='word_1_427' title='bbox 1873 3014 1937 3053; x_wconf 83' lang='lat' dir='ltr'><strong>ea</strong></span> <span class='ocrx_word' id='word_1_428' title='bbox 1970 3009 2234 3070; x_wconf 88' lang='lat' dir='ltr'><strong>potestate</strong></span> <span class='ocrx_word' id='word_1_429' title='bbox 2267 3003 2522 3058; x_wconf 84' lang='lat' dir='ltr'><strong>locatam.</strong></span> 
     </span>
    </p>
   </div>
   <div class='ocr_carea' id='block_1_56' title="bbox 1860 3110 3455 3197">
    <p class='ocr_par' dir='ltr' id='par_1_56' title="bbox 1860 3110 3455 3197">
     <span class='ocr_line' id='line_1_56' title="bbox 1860 3110 3455 3197; baseline 0.014 -34"><span class='ocrx_word' id='word_1_430' title='bbox 1860 3110 1974 3164; x_wconf 79' lang='lat' dir='ltr'><strong>XX.</strong></span> <span class='ocrx_word' id='word_1_431' title='bbox 2018 3111 2174 3179; x_wconf 81' lang='lat' dir='ltr'><strong>Quod</strong></span> <span class='ocrx_word' id='word_1_432' title='bbox 2200 3115 2467 3197; x_wconf 73' lang='lat' dir='ltr'><strong>prophetae</strong></span> <span class='ocrx_word' id='word_1_433' title='bbox 2495 3117 2782 3197; x_wconf 62' lang='lat' dir='ltr'><strong>perfectam</strong></span> <span class='ocrx_word' id='word_1_434' title='bbox 2810 3121 2975 3188; x_wconf 74' lang='lat' dir='ltr'><strong>fuisse</strong></span> <span class='ocrx_word' id='word_1_435' title='bbox 3002 3138 3326 3197; x_wconf 72' lang='lat' dir='ltr'><strong>assumptum</strong></span> <span class='ocrx_word' id='word_1_436' title='bbox 3357 3148 3455 3186; x_wconf 82' lang='lat' dir='ltr'><strong>ua-</strong></span> 
     </span>
    </p>
   </div>
   <div class='ocr_carea' id='block_1_57' title="bbox 2404 3190 2894 3258">
    <p class='ocr_par' dir='ltr' id='par_1_57' title="bbox 2404 3190 2894 3258">
     <span class='ocr_line' id='line_1_57' title="bbox 2404 3190 2894 3258; baseline 0.012 -20"><span class='ocrx_word' id='word_1_437' title='bbox 2404 3196 2580 3240; x_wconf 84' lang='lat' dir='ltr'><strong>turam</strong></span> <span class='ocrx_word' id='word_1_438' title='bbox 2613 3190 2894 3258; x_wconf 65' lang='lat' dir='ltr'><strong>afﬁrmant.</strong></span> 
     </span>
    </p>
   </div>
   <div class='ocr_carea' id='block_1_58' title="bbox 238 3283 1745 3379">
    <p class='ocr_par' dir='ltr' id='par_1_58' title="bbox 238 3283 1744 3366">
     <span class='ocr_line' id='line_1_58' title="bbox 238 3283 1744 3366; baseline 0.009 -32"><span class='ocrx_word' id='word_1_439' title='bbox 238 3283 462 3348; x_wconf 81' lang='grc' dir='ltr'><strong>Τούτοις</strong></span> <span class='ocrx_word' id='word_1_440' title='bbox 499 3287 710 3355; x_wconf 77' lang='grc' dir='ltr'>συνῳδὰ</span> <span class='ocrx_word' id='word_1_441' title='bbox 748 3289 842 3340; x_wconf 75' lang='grc' dir='ltr'><strong>καὶ</strong></span> <span class='ocrx_word' id='word_1_442' title='bbox 870 3289 1097 3351; x_wconf 79' lang='grc' dir='ltr'><strong>Ἡσαΐας</strong></span> <span class='ocrx_word' id='word_1_443' title='bbox 1125 3292 1152 3342; x_wconf 93' lang='grc' dir='ltr'><strong>ό</strong></span> <span class='ocrx_word' id='word_1_444' title='bbox 1180 3295 1468 3366; x_wconf 68' lang='grc' dir='ltr'><strong>προφήτης</strong></span> <span class='ocrx_word' id='word_1_445' title='bbox 1498 3295 1744 3359; x_wconf 76' lang='grc' dir='ltr'><strong>θεσπίζει</strong></span> 
     </span>
    </p>
   </div>
   <div class='ocr_carea' id='block_1_59' title="bbox 1852 3283 3450 3379">
    <p class='ocr_par' dir='ltr' id='par_1_59' title="bbox 1923 3295 3450 3379">
     <span class='ocr_line' id='line_1_59' title="bbox 1923 3295 3450 3379; baseline 0.014 -30"><span class='ocrx_word' id='word_1_446' title='bbox 1923 3295 2016 3351; x_wconf 90' lang='lat' dir='ltr'><strong>llis</strong></span> <span class='ocrx_word' id='word_1_447' title='bbox 2049 3313 2286 3352; x_wconf 88' lang='lat' dir='ltr'><strong>consona</strong></span> <span class='ocrx_word' id='word_1_448' title='bbox 2325 3300 2491 3354; x_wconf 81' lang='lat' dir='ltr'><strong>Isaias</strong></span> <span class='ocrx_word' id='word_1_449' title='bbox 2527 3318 2742 3373; x_wconf 86' lang='lat' dir='ltr'><strong>quoque</strong></span> <span class='ocrx_word' id='word_1_450' title='bbox 2778 3308 3037 3374; x_wconf 85' lang='lat' dir='ltr'><strong>propheta</strong></span> <span class='ocrx_word' id='word_1_451' title='bbox 3074 3311 3327 3379; x_wconf 77' lang='lat' dir='ltr'><strong>:iiIirmat,</strong></span> <span class='ocrx_word' id='word_1_452' title='bbox 3365 3316 3450 3370; x_wconf 88' lang='lat' dir='ltr'><strong>di-</strong></span> 
     </span>
    </p>
   </div>
   <div class='ocr_carea' id='block_1_60' title="bbox 153 3374 1746 3453">
    <p class='ocr_par' dir='ltr' id='par_1_60' title="bbox 153 3374 1746 3453">
     <span class='ocr_line' id='line_1_60' title="bbox 153 3374 1746 3453; baseline 0.008 -26"><span class='ocrx_word' id='word_1_453' title='bbox 153 3374 305 3445; x_wconf 82' lang='grc' dir='ltr'>βοῶν</span> <span class='ocrx_word' id='word_1_454' title='bbox 320 3390 365 3426; x_wconf 80' lang='grc'><strong>⁸(</strong></span> <span class='ocrx_word' id='word_1_455' title='bbox 389 3375 569 3446; x_wconf 71' lang='grc' dir='ltr'><strong>Ίδοὺή</strong></span> <span class='ocrx_word' id='word_1_456' title='bbox 598 3377 863 3447; x_wconf 85' lang='grc' dir='ltr'><strong>παρθένος</strong></span> <span class='ocrx_word' id='word_1_457' title='bbox 880 3380 935 3431; x_wconf 80' lang='grc' dir='ltr'><strong>ἐν</strong></span> <span class='ocrx_word' id='word_1_458' title='bbox 948 3383 1145 3451; x_wconf 80' lang='grc' dir='ltr'><strong>γαστρὶ</strong></span> <span class='ocrx_word' id='word_1_459' title='bbox 1165 3382 1415 3452; x_wconf 68' lang='grc' dir='ltr'><strong>λήψεται,</strong></span> <span class='ocrx_word' id='word_1_460' title='bbox 1432 3387 1522 3438; x_wconf 79' lang='grc' dir='ltr'><strong>καὶ</strong></span> <span class='ocrx_word' id='word_1_461' title='bbox 1535 3387 1746 3453; x_wconf 85' lang='grc' dir='ltr'><strong>τέξεται</strong></span> 
     </span>
    </p>
   </div>
   <div class='ocr_carea' id='block_1_61' title="bbox 151 3467 1747 3548">
    <p class='ocr_par' dir='ltr' id='par_1_61' title="bbox 151 3467 1747 3548">
     <span class='ocr_line' id='line_1_61' title="bbox 151 3467 1747 3548; baseline 0.008 -28"><span class='ocrx_word' id='word_1_462' title='bbox 151 3468 406 3530; x_wconf 77' lang='grc' dir='ltr'><strong>υίὸν,καὶ</strong></span> <span class='ocrx_word' id='word_1_463' title='bbox 452 3467 744 3521; x_wconf 83' lang='grc' dir='ltr'><strong>καλέσουσι</strong></span> <span class='ocrx_word' id='word_1_464' title='bbox 773 3470 832 3522; x_wconf 74' lang='grc' dir='ltr'>τὸ</span> <span class='ocrx_word' id='word_1_465' title='bbox 864 3470 1033 3541; x_wconf 82' lang='grc' dir='ltr'><strong>ὄνομα</strong></span> <span class='ocrx_word' id='word_1_466' title='bbox 1064 3474 1230 3527; x_wconf 77' lang='grc' dir='ltr'><strong>αὑτοῦ</strong></span> <span class='ocrx_word' id='word_1_467' title='bbox 1273 3477 1640 3548; x_wconf 76' lang='grc' dir='ltr'><strong>Ἐμμανουὴλ,</strong></span> <span class='ocrx_word' id='word_1_468' title='bbox 1671 3498 1688 3529; x_wconf 73' lang='grc' dir='ltr'><strong>ι</strong></span> <span class='ocrx_word' id='word_1_469' title='bbox 1720 3480 1747 3532; x_wconf 84' lang='grc' dir='ltr'><strong>ὃ</strong></span> 
     </span>
    </p>
   </div>
   <div class='ocr_carea' id='block_1_62' title="bbox 152 3560 1748 3638">
    <p class='ocr_par' dir='ltr' id='par_1_62' title="bbox 152 3560 1748 3638">
     <span class='ocr_line' id='line_1_62' title="bbox 152 3560 1748 3638; baseline 0.007 -25"><span class='ocrx_word' id='word_1_470' title='bbox 152 3563 278 3614; x_wconf 72' lang='grc' dir='ltr'><strong>ἐστι</strong></span> <span class='ocrx_word' id='word_1_471' title='bbox 307 3560 872 3632; x_wconf 86' lang='grc' dir='ltr'><strong>μεθερμηνευόμενον,</strong></span> <span class='ocrx_word' id='word_1_472' title='bbox 901 3563 1042 3618; x_wconf 78' lang='grc' dir='ltr'><strong>κατὰ</strong></span> <span class='ocrx_word' id='word_1_473' title='bbox 1067 3566 1288 3638; x_wconf 79' lang='grc' dir='ltr'>τὴντῶν</span> <span class='ocrx_word' id='word_1_474' title='bbox 1307 3568 1651 3638; x_wconf 72' lang='grc' dir='ltr'><strong>Εὑαγγεὶίων</strong></span> <span class='ocrx_word' id='word_1_475' title='bbox 1673 3572 1748 3624; x_wconf 86' lang='grc' dir='ltr'><strong>δι-</strong></span> 
     </span>
    </p>
   </div>
   <div class='ocr_carea' id='block_1_63' title="bbox 150 3651 1743 3729">
    <p class='ocr_par' dir='ltr' id='par_1_63' title="bbox 150 3651 1743 3729">
     <span class='ocr_line' id='line_1_63' title="bbox 150 3651 1743 3729; baseline 0.006 -24"><span class='ocrx_word' id='word_1_476' title='bbox 150 3651 622 3713; x_wconf 79' lang='grc' dir='ltr'><strong>δασκαλίαν,ΜεΟ⁹</strong></span> <span class='ocrx_word' id='word_1_477' title='bbox 641 3653 795 3721; x_wconf 79' lang='grc' dir='ltr'><strong>ἡμῶν</strong></span> <span class='ocrx_word' id='word_1_478' title='bbox 819 3656 845 3704; x_wconf 84' lang='lat'><strong>6</strong></span> <span class='ocrx_word' id='word_1_479' title='bbox 866 3654 1016 3718; x_wconf 87' lang='grc' dir='ltr'><strong>Θεός·</strong></span> <span class='ocrx_word' id='word_1_480' title='bbox 1035 3657 1095 3709; x_wconf 77' lang='grc' dir='ltr'><strong>τὸ</strong></span> <span class='ocrx_word' id='word_1_481' title='bbox 1116 3657 1193 3721; x_wconf 81' lang='grc' dir='ltr'><strong>δὲ,</strong></span> <span class='ocrx_word' id='word_1_482' title='bbox 1219 3658 1350 3711; x_wconf 84' lang='grc' dir='ltr'><strong>Μεθ’</strong></span> <span class='ocrx_word' id='word_1_483' title='bbox 1366 3660 1524 3729; x_wconf 76' lang='grc' dir='ltr'><strong>ἡμῶν</strong></span> <span class='ocrx_word' id='word_1_484' title='bbox 1542 3664 1568 3714; x_wconf 92' lang='lat'><strong>6</strong></span> <span class='ocrx_word' id='word_1_485' title='bbox 1591 3661 1743 3726; x_wconf 79' lang='grc' dir='ltr'><strong>Θεὸς,</strong></span> 
     </span>
    </p>
   </div>
   <div class='ocr_carea' id='block_1_64' title="bbox 155 3744 1746 3824">
    <p class='ocr_par' dir='ltr' id='par_1_64' title="bbox 155 3744 1746 3824">
     <span class='ocr_line' id='line_1_64' title="bbox 155 3744 1746 3824; baseline 0.004 -25"><span class='ocrx_word' id='word_1_486' title='bbox 155 3747 304 3814; x_wconf 74' lang='grc' dir='ltr'><strong>μετὰ</strong></span> <span class='ocrx_word' id='word_1_487' title='bbox 323 3744 626 3815; x_wconf 82' lang='grc' dir='ltr'><strong>ἀνθρώπων</strong></span> <span class='ocrx_word' id='word_1_488' title='bbox 642 3746 931 3815; x_wconf 81' lang='grc' dir='ltr'><strong>ἑρμηνεύει</strong></span> <span class='ocrx_word' id='word_1_489' title='bbox 946 3747 1094 3801; x_wconf 79' lang='grc' dir='ltr'><strong>Θεόν-</strong></span> <span class='ocrx_word' id='word_1_490' title='bbox 1113 3752 1160 3801; x_wconf 89' lang='grc' dir='ltr'><strong>εἰ</strong></span> <span class='ocrx_word' id='word_1_491' title='bbox 1174 3751 1351 3803; x_wconf 87' lang='grc' dir='ltr'>τοίνυν</span> <span class='ocrx_word' id='word_1_492' title='bbox 1369 3753 1426 3805; x_wconf 73' lang='grc' dir='ltr'><strong>τὸ</strong></span> <span class='ocrx_word' id='word_1_493' title='bbox 1444 3756 1631 3824; x_wconf 87' lang='grc' dir='ltr'><strong>κύημα</strong></span> <span class='ocrx_word' id='word_1_494' title='bbox 1648 3755 1746 3824; x_wconf 79' lang='grc' dir='ltr'><strong>τῆς</strong></span> 
     </span>
    </p>
   </div>
   <div class='ocr_carea' id='block_1_65' title="bbox 155 3835 1744 3917">
    <p class='ocr_par' dir='ltr' id='par_1_65' title="bbox 155 3835 1744 3917">
     <span class='ocr_line' id='line_1_65' title="bbox 155 3835 1744 3917; baseline 0.004 -26"><span class='ocrx_word' id='word_1_495' title='bbox 155 3836 444 3908; x_wconf 80' lang='grc' dir='ltr'><strong>Παρθένου</strong></span> <span class='ocrx_word' id='word_1_496' title='bbox 476 3835 684 3907; x_wconf 86' lang='grc' dir='ltr'><strong>ταύτην</strong></span> <span class='ocrx_word' id='word_1_497' title='bbox 727 3838 888 3892; x_wconf 72' lang='grc' dir='ltr'><strong>ἔλαϐε</strong></span> <span class='ocrx_word' id='word_1_498' title='bbox 936 3841 1034 3912; x_wconf 79' lang='grc' dir='ltr'><strong>τὴν</strong></span> <span class='ocrx_word' id='word_1_499' title='bbox 1078 3845 1449 3915; x_wconf 85' lang='grc' dir='ltr'><strong>προσηγορίαν</strong></span> <span class='ocrx_word' id='word_1_500' title='bbox 1475 3888 1487 3910; x_wconf 88' lang='grc'><strong>,</strong></span> <span class='ocrx_word' id='word_1_501' title='bbox 1524 3845 1744 3917; x_wconf 72' lang='grc' dir='ltr'><strong>εὔδηλον</strong></span> 
     </span>
    </p>
   </div>
   <div class='ocr_carea' id='block_1_66' title="bbox 154 3927 1740 4009">
    <p class='ocr_par' dir='ltr' id='par_1_66' title="bbox 154 3927 1740 4009">
     <span class='ocr_line' id='line_1_66' title="bbox 154 3927 1740 4009; baseline 0.008 -30"><span class='ocrx_word' id='word_1_502' title='bbox 154 3927 238 3992; x_wconf 85' lang='grc' dir='ltr'><strong>ὡς</strong></span> <span class='ocrx_word' id='word_1_503' title='bbox 259 3930 286 3980; x_wconf 90' lang='lat'><strong>6</strong></span> <span class='ocrx_word' id='word_1_504' title='bbox 315 3927 446 3990; x_wconf 82' lang='grc' dir='ltr'><strong>Θεὸς</strong></span> <span class='ocrx_word' id='word_1_505' title='bbox 470 3927 605 3997; x_wconf 84' lang='grc' dir='ltr'><strong>ὁμοῦ</strong></span> <span class='ocrx_word' id='word_1_506' title='bbox 637 3929 729 3980; x_wconf 69' lang='grc' dir='ltr'><strong>καὶ</strong></span> <span class='ocrx_word' id='word_1_507' title='bbox 752 3929 1039 4002; x_wconf 80' lang='grc' dir='ltr'><strong>ἄνθρωπος</strong></span> <span class='ocrx_word' id='word_1_508' title='bbox 1081 3930 1148 4003; x_wconf 71' lang='grc' dir='ltr'><strong>ἦν</strong></span> <span class='ocrx_word' id='word_1_509' title='bbox 1175 3929 1188 3965; x_wconf 64' lang='grc'><strong><em>³</em></strong></span> <span class='ocrx_word' id='word_1_510' title='bbox 1231 3936 1291 3988; x_wconf 81' lang='grc' dir='ltr'><strong>τὸ</strong></span> <span class='ocrx_word' id='word_1_511' title='bbox 1327 3936 1426 4006; x_wconf 74' lang='grc' dir='ltr'><strong>μὲν</strong></span> <span class='ocrx_word' id='word_1_512' title='bbox 1456 3937 1740 4009; x_wconf 77' lang='grc' dir='ltr'><strong>ὑπάρχων,</strong></span> 
     </span>
    </p>
   </div>
   <div class='ocr_carea' id='block_1_67' title="bbox 153 4017 1740 4100">
    <p class='ocr_par' dir='ltr' id='par_1_67' title="bbox 153 4017 1740 4100">
     <span class='ocr_line' id='line_1_67' title="bbox 153 4017 1740 4100; baseline 0.006 -27"><span class='ocrx_word' id='word_1_513' title='bbox 153 4019 220 4073; x_wconf 80' lang='grc' dir='ltr'>τὺ</span> <span class='ocrx_word' id='word_1_514' title='bbox 241 4019 298 4072; x_wconf 80' lang='grc' dir='ltr'><strong>δὲ</strong></span> <span class='ocrx_word' id='word_1_515' title='bbox 329 4017 529 4082; x_wconf 84' lang='grc' dir='ltr'><strong>λαϐὼν,</strong></span> <span class='ocrx_word' id='word_1_516' title='bbox 559 4019 679 4073; x_wconf 78' lang='grc' dir='ltr'><strong>καθ’</strong></span> <span class='ocrx_word' id='word_1_517' title='bbox 702 4022 963 4092; x_wconf 79' lang='grc' dir='ltr'><strong>ἑκάτερον</strong></span> <span class='ocrx_word' id='word_1_518' title='bbox 992 4024 1195 4089; x_wconf 84' lang='grc' dir='ltr'><strong>τέλειος</strong></span> <span class='ocrx_word' id='word_1_519' title='bbox 1213 4041 1225 4055; x_wconf 91' lang='grc'><strong>·</strong></span> <span class='ocrx_word' id='word_1_520' title='bbox 1249 4026 1338 4079; x_wconf 76' lang='grc' dir='ltr'><strong>διὰ</strong></span> <span class='ocrx_word' id='word_1_521' title='bbox 1370 4028 1468 4098; x_wconf 87' lang='grc' dir='ltr'><strong>μὲν</strong></span> <span class='ocrx_word' id='word_1_522' title='bbox 1492 4029 1599 4100; x_wconf 77' lang='grc' dir='ltr'><strong>γὰρ</strong></span> <span class='ocrx_word' id='word_1_523' title='bbox 1623 4030 1740 4095; x_wconf 89' lang='grc' dir='ltr'><strong>τοῦ,</strong></span> 
     </span>
    </p>
   </div>
   <div class='ocr_carea' id='block_1_68' title="bbox 161 4109 1740 4184">
    <p class='ocr_par' dir='ltr' id='par_1_68' title="bbox 161 4109 1740 4184">
     <span class='ocr_line' id='line_1_68' title="bbox 161 4109 1740 4184; baseline 0.007 -21"><span class='ocrx_word' id='word_1_524' title='bbox 161 4129 180 4163; x_wconf 80' lang='grc' dir='ltr'><strong>ι</strong></span> <span class='ocrx_word' id='word_1_525' title='bbox 219 4109 361 4164; x_wconf 78' lang='grc' dir='ltr'><strong>Μεθ’</strong></span> <span class='ocrx_word' id='word_1_526' title='bbox 385 4109 566 4181; x_wconf 78' lang='grc' dir='ltr'><strong>ἡμῶν,</strong></span> <span class='ocrx_word' id='word_1_527' title='bbox 593 4132 612 4163; x_wconf 72' lang='grc' dir='ltr'><strong>ι</strong></span> <span class='ocrx_word' id='word_1_528' title='bbox 647 4111 742 4165; x_wconf 91' lang='grc' dir='ltr'><strong>τοῦ</strong></span> <span class='ocrx_word' id='word_1_529' title='bbox 773 4113 1064 4184; x_wconf 81' lang='grc' dir='ltr'><strong>ἀνθρώπου</strong></span> <span class='ocrx_word' id='word_1_530' title='bbox 1094 4116 1153 4169; x_wconf 78' lang='grc' dir='ltr'><strong>τὸ</strong></span> <span class='ocrx_word' id='word_1_531' title='bbox 1194 4117 1403 4172; x_wconf 77' lang='grc' dir='ltr'><strong>τέλειον</strong></span> <span class='ocrx_word' id='word_1_532' title='bbox 1432 4119 1740 4174; x_wconf 84' lang='grc' dir='ltr'><strong>δείκνυται·</strong></span> 
     </span>
    </p>
   </div>
   <div class='ocr_carea' id='block_1_69' title="bbox 150 4201 1744 4285">
    <p class='ocr_par' dir='ltr' id='par_1_69' title="bbox 150 4201 1744 4285">
     <span class='ocr_line' id='line_1_69' title="bbox 150 4201 1744 4285; baseline 0.007 -30"><span class='ocrx_word' id='word_1_533' title='bbox 150 4201 379 4265; x_wconf 79' lang='grc' dir='ltr'><strong>τελείως</strong></span> <span class='ocrx_word' id='word_1_534' title='bbox 417 4203 527 4274; x_wconf 79' lang='grc' dir='ltr'><strong>γὰρ</strong></span> <span class='ocrx_word' id='word_1_535' title='bbox 570 4202 732 4274; x_wconf 74' lang='grc' dir='ltr'><strong>ἡμῶν</strong></span> <span class='ocrx_word' id='word_1_536' title='bbox 763 4204 996 4271; x_wconf 75' lang='grc' dir='ltr'><strong>ἕκαστος</strong></span> <span class='ocrx_word' id='word_1_537' title='bbox 1029 4207 1140 4277; x_wconf 81' lang='grc' dir='ltr'><strong>ἔχει</strong></span> <span class='ocrx_word' id='word_1_538' title='bbox 1187 4209 1282 4263; x_wconf 89' lang='grc' dir='ltr'><strong>τοῦ</strong></span> <span class='ocrx_word' id='word_1_539' title='bbox 1317 4209 1607 4282; x_wconf 85' lang='grc' dir='ltr'><strong>ἀνθρώπου</strong></span> <span class='ocrx_word' id='word_1_540' title='bbox 1643 4212 1744 4285; x_wconf 82' lang='grc' dir='ltr'><strong>τὴν</strong></span> 
     </span>
    </p>
   </div>
   <div class='ocr_carea' id='block_1_70' title="bbox 153 4292 1735 4375">
    <p class='ocr_par' dir='ltr' id='par_1_70' title="bbox 153 4292 1735 4375">
     <span class='ocr_line' id='line_1_70' title="bbox 153 4292 1735 4375; baseline 0.009 -31"><span class='ocrx_word' id='word_1_541' title='bbox 153 4292 352 4360; x_wconf 60' lang='grc' dir='ltr'><strong>φύσιν</strong></span> <span class='ocrx_word' id='word_1_542' title='bbox 387 4292 477 4346; x_wconf 74' lang='grc' dir='ltr'><strong>διὰ</strong></span> <span class='ocrx_word' id='word_1_543' title='bbox 504 4293 560 4347; x_wconf 79' lang='grc' dir='ltr'><strong>δὲ</strong></span> <span class='ocrx_word' id='word_1_544' title='bbox 586 4292 706 4358; x_wconf 90' lang='grc' dir='ltr'><strong>τοῦ,</strong></span> <span class='ocrx_word' id='word_1_545' title='bbox 743 4314 762 4347; x_wconf 81' lang='grc' dir='ltr'><strong>ι</strong></span> <span class='ocrx_word' id='word_1_546' title='bbox 798 4296 950 4361; x_wconf 80' lang='grc' dir='ltr'><strong>Θεὸς,</strong></span> <span class='ocrx_word' id='word_1_547' title='bbox 985 4318 1003 4350; x_wconf 71' lang='grc' dir='ltr'><strong>ι</strong></span> <span class='ocrx_word' id='word_1_548' title='bbox 1037 4299 1130 4352; x_wconf 74' lang='grc' dir='ltr'><strong>καὶ</strong></span> <span class='ocrx_word' id='word_1_549' title='bbox 1160 4300 1259 4370; x_wconf 80' lang='grc' dir='ltr'><strong>τῆς</strong></span> <span class='ocrx_word' id='word_1_550' title='bbox 1297 4303 1619 4375; x_wconf 84' lang='grc' dir='ltr'><strong>προσθήκης</strong></span> <span class='ocrx_word' id='word_1_551' title='bbox 1640 4305 1735 4358; x_wconf 90' lang='grc' dir='ltr'><strong>τοῦ</strong></span> 
     </span>
    </p>
   </div>
   <div class='ocr_carea' id='block_1_71' title="bbox 152 4385 1741 4463">
    <p class='ocr_par' dir='ltr' id='par_1_71' title="bbox 152 4385 1741 4463">
     <span class='ocr_line' id='line_1_71' title="bbox 152 4385 1741 4463; baseline 0.006 -22"><span class='ocrx_word' id='word_1_552' title='bbox 152 4385 450 4456; x_wconf 79' lang='grc' dir='ltr'><strong>ἄρθρου,ή</strong></span> <span class='ocrx_word' id='word_1_553' title='bbox 493 4386 584 4439; x_wconf 89' lang='grc' dir='ltr'><strong>τοῦ</strong></span> <span class='ocrx_word' id='word_1_554' title='bbox 620 4387 750 4442; x_wconf 89' lang='grc' dir='ltr'><strong>Υίοῦ</strong></span> <span class='ocrx_word' id='word_1_555' title='bbox 799 4389 989 4462; x_wconf 89' lang='grc' dir='ltr'><strong>θεότης</strong></span> <span class='ocrx_word' id='word_1_556' title='bbox 1016 4393 1369 4463; x_wconf 80' lang='grc' dir='ltr'><strong>γνωρίζεται·</strong></span> <span class='ocrx_word' id='word_1_557' title='bbox 1415 4397 1509 4449; x_wconf 74' lang='grc' dir='ltr'><strong>καὶ</strong></span> <span class='ocrx_word' id='word_1_558' title='bbox 1549 4396 1741 4450; x_wconf 87' lang='grc' dir='ltr'><strong>τούτου</strong></span> 
     </span>
    </p>
   </div>
   <div class='ocr_carea' id='block_1_72' title="bbox 153 4477 1738 4554">
    <p class='ocr_par' dir='ltr' id='par_1_72' title="bbox 153 4477 1738 4554">
     <span class='ocr_line' id='line_1_72' title="bbox 153 4477 1738 4554; baseline 0.006 -24"><span class='ocrx_word' id='word_1_559' title='bbox 153 4477 474 4541; x_wconf 76' lang='grc' dir='ltr'><strong>διδάσκαλος</strong></span> <span class='ocrx_word' id='word_1_560' title='bbox 508 4479 536 4532; x_wconf 89' lang='lat'><strong>6</strong></span> <span class='ocrx_word' id='word_1_561' title='bbox 571 4479 847 4551; x_wconf 77' lang='grc' dir='ltr'><strong>μακάριος</strong></span> <span class='ocrx_word' id='word_1_562' title='bbox 882 4480 1095 4546; x_wconf 78' lang='grc' dir='ltr'><strong>Παῦλος</strong></span> <span class='ocrx_word' id='word_1_563' title='bbox 1125 4483 1320 4552; x_wconf 79' lang='grc' dir='ltr'><strong>λέγων’</strong></span> <span class='ocrx_word' id='word_1_564' title='bbox 1357 4504 1374 4536; x_wconf 88' lang='grc' dir='ltr'><strong>ι</strong></span> <span class='ocrx_word' id='word_1_565' title='bbox 1417 4486 1506 4538; x_wconf 88' lang='grc' dir='ltr'>Ἐν</span> <span class='ocrx_word' id='word_1_566' title='bbox 1536 4480 1581 4554; x_wconf 82' lang='grc' dir='ltr'>ᾧ</span> <span class='ocrx_word' id='word_1_567' title='bbox 1606 4505 1738 4541; x_wconf 86' lang='grc' dir='ltr'><strong>κατ-</strong></span> 
     </span>
    </p>
   </div>
   <div class='ocr_carea' id='block_1_73' title="bbox 153 4569 1730 4648">
    <p class='ocr_par' dir='ltr' id='par_1_73' title="bbox 153 4569 1730 4648">
     <span class='ocr_line' id='line_1_73' title="bbox 153 4569 1730 4648; baseline 0.006 -25"><span class='ocrx_word' id='word_1_568' title='bbox 153 4571 297 4623; x_wconf 84' lang='grc' dir='ltr'><strong>οικεῖ</strong></span> <span class='ocrx_word' id='word_1_569' title='bbox 329 4571 438 4623; x_wconf 82' lang='grc' dir='ltr'><strong>πᾶν</strong></span> <span class='ocrx_word' id='word_1_570' title='bbox 464 4569 525 4624; x_wconf 78' lang='grc' dir='ltr'><strong>τὸ</strong></span> <span class='ocrx_word' id='word_1_571' title='bbox 573 4570 852 4644; x_wconf 82' lang='grc' dir='ltr'><strong>πλήρωμα</strong></span> <span class='ocrx_word' id='word_1_572' title='bbox 876 4573 976 4645; x_wconf 83' lang='grc' dir='ltr'><strong>τῆς</strong></span> <span class='ocrx_word' id='word_1_573' title='bbox 1023 4574 1275 4646; x_wconf 84' lang='grc' dir='ltr'><strong>θεότητος</strong></span> <span class='ocrx_word' id='word_1_574' title='bbox 1320 4579 1647 4648; x_wconf 83' lang='grc' dir='ltr'><strong>σωματικῶς</strong></span> <span class='ocrx_word' id='word_1_575' title='bbox 1668 4595 1679 4608; x_wconf 88' lang='grc'><strong>·</strong></span> <span class='ocrx_word' id='word_1_576' title='bbox 1713 4600 1730 4631; x_wconf 75' lang='grc' dir='ltr'><strong>ι</strong></span> 
     </span>
    </p>
   </div>
   <div class='ocr_carea' id='block_1_74' title="bbox 1855 3390 3445 3472">
    <p class='ocr_par' dir='ltr' id='par_1_74' title="bbox 1855 3390 3445 3472">
     <span class='ocr_line' id='line_1_74' title="bbox 1855 3390 3445 3472; baseline 0.013 -30"><span class='ocrx_word' id='word_1_577' title='bbox 1855 3403 1986 3442; x_wconf 86' lang='lat' dir='ltr'><strong>cens</strong></span> <span class='ocrx_word' id='word_1_578' title='bbox 2018 3407 2029 3441; x_wconf 90' lang='lat'><strong>:</strong></span> <span class='ocrx_word' id='word_1_579' title='bbox 2066 3390 2237 3443; x_wconf 71' lang='lat' dir='ltr'><strong>«Ecce</strong></span> <span class='ocrx_word' id='word_1_580' title='bbox 2279 3391 2427 3460; x_wconf 78' lang='lat' dir='ltr'><strong>virgo</strong></span> <span class='ocrx_word' id='word_1_581' title='bbox 2456 3394 2726 3463; x_wconf 86' lang='lat' dir='ltr'><strong>concipiet</strong></span> <span class='ocrx_word' id='word_1_582' title='bbox 2756 3406 2809 3450; x_wconf 90' lang='lat' dir='ltr'><strong>et</strong></span> <span class='ocrx_word' id='word_1_583' title='bbox 2841 3399 3014 3466; x_wconf 82' lang='lat' dir='ltr'><strong>pariet</strong></span> <span class='ocrx_word' id='word_1_584' title='bbox 3047 3402 3236 3472; x_wconf 81' lang='lat' dir='ltr'><strong>tilium,</strong></span> <span class='ocrx_word' id='word_1_585' title='bbox 3271 3417 3326 3460; x_wconf 89' lang='lat' dir='ltr'><strong>et</strong></span> <span class='ocrx_word' id='word_1_586' title='bbox 3352 3423 3445 3463; x_wconf 73' lang='lat' dir='ltr'><strong>vo-</strong></span> 
     </span>
    </p>
   </div>
   <div class='ocr_carea' id='block_1_75' title="bbox 1783 3479 3448 3568">
    <p class='ocr_par' dir='ltr' id='par_1_75' title="bbox 1783 3479 3448 3568">
     <span class='ocr_line' id='line_1_75' title="bbox 1783 3479 3448 3568; baseline 0.013 -37"><span class='ocrx_word' id='word_1_587' title='bbox 1783 3529 1785 3533; x_wconf 85' lang='grc'><strong>,</strong></span> <span class='ocrx_word' id='word_1_588' title='bbox 1851 3479 2064 3532; x_wconf 84' lang='lat' dir='ltr'><strong>cabitur</strong></span> <span class='ocrx_word' id='word_1_589' title='bbox 2083 3495 2278 3533; x_wconf 87' lang='lat' dir='ltr'><strong>nomen</strong></span> <span class='ocrx_word' id='word_1_590' title='bbox 2301 3481 2418 3549; x_wconf 79' lang='lat' dir='ltr'><strong>ejus</strong></span> <span class='ocrx_word' id='word_1_591' title='bbox 2441 3483 2756 3538; x_wconf 83' lang='lat' dir='ltr'><strong>Emmanuel</strong></span> <span class='ocrx_word' id='word_1_592' title='bbox 2777 3487 2841 3552; x_wconf 79' lang='grc'><strong>⁸³,</strong></span> <span class='ocrx_word' id='word_1_593' title='bbox 2867 3506 2886 3540; x_wconf 72' lang='grc' dir='ltr'><strong>ι</strong></span> <span class='ocrx_word' id='word_1_594' title='bbox 2911 3493 3052 3559; x_wconf 90' lang='lat' dir='ltr'><strong>quod</strong></span> <span class='ocrx_word' id='word_1_595' title='bbox 3075 3504 3158 3547; x_wconf 88' lang='lat' dir='ltr'><strong>est</strong></span> <span class='ocrx_word' id='word_1_596' title='bbox 3183 3496 3448 3568; x_wconf 90' lang='lat' dir='ltr'><strong>interpre-</strong></span> 
     </span>
    </p>
   </div>
   <div class='ocr_carea' id='block_1_76' title="bbox 1854 3575 3442 3654">
    <p class='ocr_par' dir='ltr' id='par_1_76' title="bbox 1854 3575 3442 3654">
     <span class='ocr_line' id='line_1_76' title="bbox 1854 3575 3442 3654; baseline 0.015 -30"><span class='ocrx_word' id='word_1_597' title='bbox 1854 3579 2047 3633; x_wconf 86' lang='lat' dir='ltr'><strong>tatum,</strong></span> <span class='ocrx_word' id='word_1_598' title='bbox 2082 3576 2380 3626; x_wconf 89' lang='lat' dir='ltr'><strong>secundum</strong></span> <span class='ocrx_word' id='word_1_599' title='bbox 2414 3575 2694 3647; x_wconf 79' lang='lat' dir='ltr'><strong>Evangelii</strong></span> <span class='ocrx_word' id='word_1_600' title='bbox 2729 3581 3035 3639; x_wconf 85' lang='lat' dir='ltr'><strong>doctrinam</strong></span> <span class='ocrx_word' id='word_1_601' title='bbox 3059 3589 3125 3654; x_wconf 76' lang='grc'><strong>⁸⁸,</strong></span> <span class='ocrx_word' id='word_1_602' title='bbox 3145 3588 3442 3648; x_wconf 86' lang='lat' dir='ltr'><strong>Nobiscum</strong></span> 
     </span>
    </p>
   </div>
   <div class='ocr_carea' id='block_1_77' title="bbox 1854 3663 3446 3741">
    <p class='ocr_par' dir='ltr' id='par_1_77' title="bbox 1854 3663 3446 3741">
     <span class='ocr_line' id='line_1_77' title="bbox 1854 3663 3446 3741; baseline 0.016 -26"><span class='ocrx_word' id='word_1_603' title='bbox 1854 3663 2013 3717; x_wconf 85' lang='lat' dir='ltr'><strong>Deus.</strong></span> <span class='ocrx_word' id='word_1_604' title='bbox 2051 3663 2220 3718; x_wconf 86' lang='lat' dir='ltr'><strong>Porro</strong></span> <span class='ocrx_word' id='word_1_605' title='bbox 2256 3663 2393 3720; x_wconf 80' lang='lat' dir='ltr'><strong>Deus</strong></span> <span class='ocrx_word' id='word_1_606' title='bbox 2432 3669 2703 3723; x_wconf 81' lang='lat' dir='ltr'><strong>nobiscum</strong></span> <span class='ocrx_word' id='word_1_607' title='bbox 2768 3674 2936 3728; x_wconf 88' lang='lat' dir='ltr'><strong>Deum</strong></span> <span class='ocrx_word' id='word_1_608' title='bbox 2976 3693 3096 3732; x_wconf 90' lang='lat' dir='ltr'><strong>cum</strong></span> <span class='ocrx_word' id='word_1_609' title='bbox 3134 3681 3446 3741; x_wconf 89' lang='lat' dir='ltr'><strong>hominibus</strong></span> 
     </span>
    </p>
   </div>
   <div class='ocr_carea' id='block_1_78' title="bbox 1849 3755 3447 3834">
    <p class='ocr_par' dir='ltr' id='par_1_78' title="bbox 1849 3755 3447 3834">
     <span class='ocr_line' id='line_1_78' title="bbox 1849 3755 3447 3834; baseline 0.016 -28"><span class='ocrx_word' id='word_1_610' title='bbox 1849 3755 2139 3824; x_wconf 78' lang='lat' dir='ltr'><strong>signiﬁcat.</strong></span> <span class='ocrx_word' id='word_1_611' title='bbox 2173 3759 2232 3812; x_wconf 74' lang='lat' dir='ltr'><strong>Si</strong></span> <span class='ocrx_word' id='word_1_612' title='bbox 2270 3774 2400 3828; x_wconf 81' lang='lat' dir='ltr'><strong>ergo</strong></span> <span class='ocrx_word' id='word_1_613' title='bbox 2430 3761 2664 3830; x_wconf 73' lang='lat' dir='ltr'><strong>Virginis</strong></span> <span class='ocrx_word' id='word_1_614' title='bbox 2698 3777 2997 3834; x_wconf 89' lang='lat' dir='ltr'><strong>conceptus</strong></span> <span class='ocrx_word' id='word_1_615' title='bbox 3031 3772 3173 3827; x_wconf 93' lang='lat' dir='ltr'><strong>banc</strong></span> <span class='ocrx_word' id='word_1_616' title='bbox 3205 3776 3447 3832; x_wconf 90' lang='lat' dir='ltr'><strong>obtinuit</strong></span> 
     </span>
    </p>
   </div>
   <div class='ocr_carea' id='block_1_79' title="bbox 1851 3847 3446 3924">
    <p class='ocr_par' dir='ltr' id='par_1_79' title="bbox 1851 3847 3446 3924">
     <span class='ocr_line' id='line_1_79' title="bbox 1851 3847 3446 3924; baseline 0.018 -27"><span class='ocrx_word' id='word_1_617' title='bbox 1851 3847 2290 3916; x_wconf 81' lang='lat' dir='ltr'><strong>appellationem,</strong></span> <span class='ocrx_word' id='word_1_618' title='bbox 2337 3861 2488 3919; x_wconf 88' lang='lat' dir='ltr'><strong>patet</strong></span> <span class='ocrx_word' id='word_1_619' title='bbox 2536 3852 2705 3908; x_wconf 84' lang='lat' dir='ltr'><strong>Deum</strong></span> <span class='ocrx_word' id='word_1_620' title='bbox 2756 3856 2925 3913; x_wconf 82' lang='lat' dir='ltr'><strong>fuisse</strong></span> <span class='ocrx_word' id='word_1_621' title='bbox 2967 3862 3129 3918; x_wconf 90' lang='lat' dir='ltr'><strong>simul</strong></span> <span class='ocrx_word' id='word_1_622' title='bbox 3172 3877 3226 3919; x_wconf 92' lang='lat' dir='ltr'><strong>et</strong></span> <span class='ocrx_word' id='word_1_623' title='bbox 3269 3866 3446 3924; x_wconf 88' lang='lat' dir='ltr'><strong>homi-</strong></span> 
     </span>
    </p>
   </div>
   <div class='ocr_carea' id='block_1_80' title="bbox 1851 3940 3443 4024">
    <p class='ocr_par' dir='ltr' id='par_1_80' title="bbox 1851 3940 3443 4024">
     <span class='ocr_line' id='line_1_80' title="bbox 1851 3940 3443 4024; baseline 0.015 -36"><span class='ocrx_word' id='word_1_624' title='bbox 1851 3951 2006 4000; x_wconf 82' lang='lat' dir='ltr'><strong>nem;</strong></span> <span class='ocrx_word' id='word_1_625' title='bbox 2038 3944 2150 3989; x_wconf 91' lang='lat' dir='ltr'><strong>tum</strong></span> <span class='ocrx_word' id='word_1_626' title='bbox 2179 3940 2668 4007; x_wconf 68' lang='lat' dir='ltr'><strong>praeexsistentem,</strong></span> <span class='ocrx_word' id='word_1_627' title='bbox 2697 3953 2808 3997; x_wconf 91' lang='lat' dir='ltr'><strong>tum</strong></span> <span class='ocrx_word' id='word_1_628' title='bbox 2838 3948 3001 4001; x_wconf 89' lang='lat' dir='ltr'><strong>etiam</strong></span> <span class='ocrx_word' id='word_1_629' title='bbox 3031 3953 3443 4024; x_wconf 85' lang='lat' dir='ltr'><strong>suscipientem,</strong></span> 
     </span>
    </p>
   </div>
   <div class='ocr_carea' id='block_1_81' title="bbox 1833 4029 3436 4101">
    <p class='ocr_par' dir='ltr' id='par_1_81' title="bbox 1833 4029 3436 4101">
     <span class='ocr_line' id='line_1_81' title="bbox 1833 4029 3436 4101; baseline 0.012 -20"><span class='ocrx_word' id='word_1_630' title='bbox 1833 4029 1902 4082; x_wconf 84' lang='lat' dir='ltr'><strong>&#39;in</strong></span> <span class='ocrx_word' id='word_1_631' title='bbox 1941 4037 2171 4098; x_wconf 90' lang='lat' dir='ltr'><strong>utroque</strong></span> <span class='ocrx_word' id='word_1_632' title='bbox 2203 4029 2526 4097; x_wconf 85' lang='lat' dir='ltr'><strong>perfectum.</strong></span> <span class='ocrx_word' id='word_1_633' title='bbox 2559 4031 2694 4087; x_wconf 77' lang='lat' dir='ltr'><strong>Nam</strong></span> <span class='ocrx_word' id='word_1_634' title='bbox 2729 4037 2992 4093; x_wconf 80' lang='lat' dir='ltr'><strong>vocabulo</strong></span> <span class='ocrx_word' id='word_1_635' title='bbox 3029 4060 3047 4091; x_wconf 83' lang='grc' dir='ltr'><strong>ι</strong></span> <span class='ocrx_word' id='word_1_636' title='bbox 3092 4043 3373 4101; x_wconf 89' lang='lat' dir='ltr'><strong>nobiscum</strong></span> <span class='ocrx_word' id='word_1_637' title='bbox 3417 4069 3436 4101; x_wconf 75' lang='grc' dir='ltr'><strong>ι</strong></span> 
     </span>
    </p>
   </div>
   <div class='ocr_carea' id='block_1_82' title="bbox 1848 4121 3444 4210">
    <p class='ocr_par' dir='ltr' id='par_1_82' title="bbox 1848 4121 3444 4210">
     <span class='ocr_line' id='line_1_82' title="bbox 1848 4121 3444 4210; baseline 0.013 -36"><span class='ocrx_word' id='word_1_638' title='bbox 1848 4121 2125 4176; x_wconf 86' lang='lat' dir='ltr'><strong>hominem</strong></span> <span class='ocrx_word' id='word_1_639' title='bbox 2164 4121 2467 4190; x_wconf 78' lang='lat' dir='ltr'><strong>perfectum</strong></span> <span class='ocrx_word' id='word_1_640' title='bbox 2512 4125 2733 4180; x_wconf 85' lang='lat' dir='ltr'><strong>denotat</strong></span> <span class='ocrx_word' id='word_1_641' title='bbox 2774 4147 2786 4182; x_wconf 94' lang='lat'><strong>:</strong></span> <span class='ocrx_word' id='word_1_642' title='bbox 2824 4133 3026 4186; x_wconf 90' lang='lat' dir='ltr'><strong>etenim</strong></span> <span class='ocrx_word' id='word_1_643' title='bbox 3069 4138 3444 4210; x_wconf 82' lang='lat' dir='ltr'><strong>unusquisque</strong></span> 
     </span>
    </p>
   </div>
   <div class='ocr_carea' id='block_1_83' title="bbox 1849 4213 3442 4286">
    <p class='ocr_par' dir='ltr' id='par_1_83' title="bbox 1849 4213 3442 4286">
     <span class='ocr_line' id='line_1_83' title="bbox 1849 4213 3442 4286; baseline 0.011 -18"><span class='ocrx_word' id='word_1_644' title='bbox 1849 4223 2094 4268; x_wconf 87' lang='lat' dir='ltr'><strong>tmstrum</strong></span> <span class='ocrx_word' id='word_1_645' title='bbox 2128 4213 2424 4284; x_wconf 83' lang='lat' dir='ltr'><strong>perfectam</strong></span> <span class='ocrx_word' id='word_1_646' title='bbox 2460 4216 2624 4273; x_wconf 88' lang='lat' dir='ltr'><strong>habet</strong></span> <span class='ocrx_word' id='word_1_647' title='bbox 2657 4220 2895 4276; x_wconf 85' lang='lat' dir='ltr'><strong>hominis</strong></span> <span class='ocrx_word' id='word_1_648' title='bbox 2931 4233 3199 4280; x_wconf 88' lang='lat' dir='ltr'><strong>naturam.</strong></span> <span class='ocrx_word' id='word_1_649' title='bbox 3233 4228 3310 4284; x_wconf 83' lang='lat' dir='ltr'><strong>Ex</strong></span> <span class='ocrx_word' id='word_1_650' title='bbox 3347 4246 3442 4286; x_wconf 77' lang='lat' dir='ltr'><strong>ro-</strong></span> 
     </span>
    </p>
   </div>
   <div class='ocr_carea' id='block_1_84' title="bbox 1847 4307 3441 4390">
    <p class='ocr_par' dir='ltr' id='par_1_84' title="bbox 1847 4307 3441 4390">
     <span class='ocr_line' id='line_1_84' title="bbox 1847 4307 3441 4390; baseline 0.011 -28"><span class='ocrx_word' id='word_1_651' title='bbox 1847 4308 2037 4363; x_wconf 87' lang='lat' dir='ltr'><strong>cabulo</strong></span> <span class='ocrx_word' id='word_1_652' title='bbox 2070 4318 2248 4363; x_wconf 89' lang='lat' dir='ltr'><strong>autem</strong></span> <span class='ocrx_word' id='word_1_653' title='bbox 2288 4327 2306 4360; x_wconf 81' lang='grc' dir='ltr'><strong>ι</strong></span> <span class='ocrx_word' id='word_1_654' title='bbox 2347 4307 2488 4365; x_wconf 87' lang='lat' dir='ltr'><strong>Deus</strong></span> <span class='ocrx_word' id='word_1_655' title='bbox 2524 4331 2542 4364; x_wconf 74' lang='grc' dir='ltr'><strong>ι</strong></span> <span class='ocrx_word' id='word_1_656' title='bbox 2574 4322 2628 4368; x_wconf 95' lang='lat' dir='ltr'><strong>et</strong></span> <span class='ocrx_word' id='word_1_657' title='bbox 2658 4314 2872 4368; x_wconf 89' lang='lat' dir='ltr'><strong>articuli</strong></span> <span class='ocrx_word' id='word_1_658' title='bbox 2906 4315 3079 4372; x_wconf 66' lang='lat' dir='ltr'><strong>Graeci</strong></span> <span class='ocrx_word' id='word_1_659' title='bbox 3135 4321 3441 4390; x_wconf 77' lang='lat' dir='ltr'><strong>adjectiouu</strong></span> 
     </span>
    </p>
   </div>
   <div class='ocr_carea' id='block_1_85' title="bbox 1849 4400 3441 4478">
    <p class='ocr_par' dir='ltr' id='par_1_85' title="bbox 1849 4400 3441 4478">
     <span class='ocr_line' id='line_1_85' title="bbox 1849 4400 3441 4478; baseline 0.013 -26"><span class='ocrx_word' id='word_1_660' title='bbox 1849 4400 1970 4454; x_wconf 86' lang='lat' dir='ltr'><strong>Filii</strong></span> <span class='ocrx_word' id='word_1_661' title='bbox 2013 4401 2277 4456; x_wconf 88' lang='lat' dir='ltr'><strong>divinitas</strong></span> <span class='ocrx_word' id='word_1_662' title='bbox 2312 4405 2668 4473; x_wconf 80' lang='lat' dir='ltr'><strong>conSpicitur.</strong></span> <span class='ocrx_word' id='word_1_663' title='bbox 2702 4408 2879 4478; x_wconf 86' lang='lat' dir='ltr'><strong>Atque</strong></span> <span class='ocrx_word' id='word_1_664' title='bbox 2916 4409 3058 4466; x_wconf 89' lang='lat' dir='ltr'><strong>hanc</strong></span> <span class='ocrx_word' id='word_1_665' title='bbox 3100 4427 3210 4467; x_wconf 86' lang='lat' dir='ltr'><strong>rem</strong></span> <span class='ocrx_word' id='word_1_666' title='bbox 3247 4414 3441 4473; x_wconf 87' lang='lat' dir='ltr'><strong>beatus</strong></span> 
     </span>
    </p>
   </div>
   <div class='ocr_carea' id='block_1_86' title="bbox 1845 4490 3442 4576">
    <p class='ocr_par' dir='ltr' id='par_1_86' title="bbox 1845 4490 3442 4576">
     <span class='ocr_line' id='line_1_86' title="bbox 1845 4490 3442 4576; baseline 0.011 -31"><span class='ocrx_word' id='word_1_667' title='bbox 1845 4493 1999 4547; x_wconf 89' lang='lat' dir='ltr'><strong>docet</strong></span> <span class='ocrx_word' id='word_1_668' title='bbox 2027 4490 2224 4547; x_wconf 84' lang='lat' dir='ltr'><strong>Paulus</strong></span> <span class='ocrx_word' id='word_1_669' title='bbox 2251 4493 2438 4549; x_wconf 90' lang='lat' dir='ltr'><strong>dicens</strong></span> <span class='ocrx_word' id='word_1_670' title='bbox 2470 4516 2486 4548; x_wconf 82' lang='grc' dir='ltr'><strong>ι</strong></span> <span class='ocrx_word' id='word_1_671' title='bbox 2521 4515 2534 4551; x_wconf 90' lang='lat'>:</span> <span class='ocrx_word' id='word_1_672' title='bbox 2564 4497 2617 4552; x_wconf 90' lang='lat' dir='ltr'><strong>In</strong></span> <span class='ocrx_word' id='word_1_673' title='bbox 2645 4513 2753 4568; x_wconf 92' lang='lat' dir='ltr'><strong>quo</strong></span> <span class='ocrx_word' id='word_1_674' title='bbox 2780 4500 3048 4555; x_wconf 89' lang='lat' dir='ltr'><strong>inhabitat</strong></span> <span class='ocrx_word' id='word_1_675' title='bbox 3069 4506 3247 4560; x_wconf 91' lang='lat' dir='ltr'><strong>omnis</strong></span> <span class='ocrx_word' id='word_1_676' title='bbox 3269 4507 3442 4576; x_wconf 83' lang='lat' dir='ltr'><strong>pleni-</strong></span> 
     </span>
    </p>
   </div>
   <div class='ocr_carea' id='block_1_87' title="bbox 1850 4583 3436 4670">
    <p class='ocr_par' dir='ltr' id='par_1_87' title="bbox 1850 4583 3436 4670">
     <span class='ocr_line' id='line_1_87' title="bbox 1850 4583 3436 4670; baseline 0.012 -34"><span class='ocrx_word' id='word_1_677' title='bbox 1850 4584 1982 4638; x_wconf 92' lang='lat' dir='ltr'><strong>tudo</strong></span> <span class='ocrx_word' id='word_1_678' title='bbox 2017 4583 2324 4641; x_wconf 86' lang='lat' dir='ltr'><strong>divinitatis</strong></span> <span class='ocrx_word' id='word_1_679' title='bbox 2356 4589 2719 4658; x_wconf 85' lang='lat' dir='ltr'><strong>corporaliter</strong></span> <span class='ocrx_word' id='word_1_680' title='bbox 2736 4592 2802 4646; x_wconf 81' lang='grc'><strong>⁵⁸.</strong></span> <span class='ocrx_word' id='word_1_681' title='bbox 2845 4610 2864 4643; x_wconf 73' lang='grc' dir='ltr'><strong>ι</strong></span> <span class='ocrx_word' id='word_1_682' title='bbox 2898 4591 3031 4648; x_wconf 88' lang='lat' dir='ltr'><strong>Item</strong></span> <span class='ocrx_word' id='word_1_683' title='bbox 3060 4609 3089 4649; x_wconf 90' lang='lat' dir='ltr'><strong>a</strong></span> <span class='ocrx_word' id='word_1_684' title='bbox 3122 4594 3231 4651; x_wconf 89' lang='lat' dir='ltr'><strong>Deo</strong></span> <span class='ocrx_word' id='word_1_685' title='bbox 3262 4598 3436 4670; x_wconf 88' lang='lat' dir='ltr'><strong>inspi-</strong></span> 
     </span>
    </p>
   </div>
   <div class='ocr_carea' id='block_1_88' title="bbox 153 4659 1745 4754">
    <p class='ocr_par' dir='ltr' id='par_1_88' title="bbox 153 4659 1737 4741">
     <span class='ocr_line' id='line_1_88' title="bbox 153 4659 1737 4741; baseline 0.007 -28"><span class='ocrx_word' id='word_1_686' title='bbox 153 4662 252 4714; x_wconf 72' lang='grc' dir='ltr'><strong>καὶ</strong></span> <span class='ocrx_word' id='word_1_687' title='bbox 281 4662 310 4716; x_wconf 90' lang='lat'><strong>6</strong></span> <span class='ocrx_word' id='word_1_688' title='bbox 349 4659 646 4733; x_wconf 87' lang='grc' dir='ltr'><strong>θεόληπτος</strong></span> <span class='ocrx_word' id='word_1_689' title='bbox 677 4663 733 4717; x_wconf 81' lang='grc' dir='ltr'><strong>δὲ</strong></span> <span class='ocrx_word' id='word_1_690' title='bbox 766 4667 979 4730; x_wconf 80' lang='grc' dir='ltr'><strong>Λουκᾶς</strong></span> <span class='ocrx_word' id='word_1_691' title='bbox 1009 4669 1036 4720; x_wconf 91' lang='lat'><strong>6</strong></span> <span class='ocrx_word' id='word_1_692' title='bbox 1062 4667 1459 4740; x_wconf 78' lang='grc' dir='ltr'><strong>εύαγγελιστὴς</strong></span> <span class='ocrx_word' id='word_1_693' title='bbox 1488 4671 1737 4741; x_wconf 80' lang='grc' dir='ltr'><strong>ἐναργῶς</strong></span> 
     </span>
    </p>
   </div>
   <div class='ocr_carea' id='block_1_89' title="bbox 1852 4659 3441 4754">
    <p class='ocr_par' dir='ltr' id='par_1_89' title="bbox 1852 4659 3441 4754">
     <span class='ocr_line' id='line_1_89' title="bbox 1852 4659 3441 4754; baseline 0.013 -26"><span class='ocrx_word' id='word_1_694' title='bbox 1852 4684 2000 4730; x_wconf 91' lang='lat' dir='ltr'><strong>ratus</strong></span> <span class='ocrx_word' id='word_1_695' title='bbox 2047 4674 2224 4733; x_wconf 84' lang='lat' dir='ltr'><strong>Lucas</strong></span> <span class='ocrx_word' id='word_1_696' title='bbox 2270 4681 2599 4749; x_wconf 73' lang='lat' dir='ltr'><strong>evangelista</strong></span> <span class='ocrx_word' id='word_1_697' title='bbox 2651 4685 2934 4754; x_wconf 88' lang='lat' dir='ltr'><strong>perspicue</strong></span> <span class='ocrx_word' id='word_1_698' title='bbox 2986 4687 3145 4744; x_wconf 85' lang='lat' dir='ltr'><strong>nobis</strong></span> <span class='ocrx_word' id='word_1_699' title='bbox 3197 4659 3441 4748; x_wconf 49' lang='lat' dir='ltr'><strong>esten-dit</strong></span> 
     </span>
    </p>
   </div>
   <div class='ocr_carea' id='block_1_90' title="bbox 153 4753 1740 4834">
    <p class='ocr_par' dir='ltr' id='par_1_90' title="bbox 153 4753 1740 4834">
     <span class='ocr_line' id='line_1_90' title="bbox 153 4753 1740 4834; baseline 0.007 -29"><span class='ocrx_word' id='word_1_700' title='bbox 153 4755 288 4823; x_wconf 80' lang='grc' dir='ltr'><strong>ἡμῖν</strong></span> <span class='ocrx_word' id='word_1_701' title='bbox 310 4753 554 4808; x_wconf 86' lang='grc' dir='ltr'><strong>δείκνυσι</strong></span> <span class='ocrx_word' id='word_1_702' title='bbox 579 4754 672 4807; x_wconf 79' lang='grc' dir='ltr'><strong>τὸν</strong></span> <span class='ocrx_word' id='word_1_703' title='bbox 713 4755 838 4810; x_wconf 91' lang='grc' dir='ltr'><strong>νοῦν</strong></span> <span class='ocrx_word' id='word_1_704' title='bbox 870 4758 962 4810; x_wconf 75' lang='grc' dir='ltr'><strong>τὸν</strong></span> <span class='ocrx_word' id='word_1_705' title='bbox 990 4758 1333 4830; x_wconf 84' lang='grc' dir='ltr'><strong>ἀνθρώπινον</strong></span> <span class='ocrx_word' id='word_1_706' title='bbox 1354 4761 1449 4814; x_wconf 87' lang='grc' dir='ltr'><strong>τοῦ</strong></span> <span class='ocrx_word' id='word_1_707' title='bbox 1485 4763 1740 4834; x_wconf 79' lang='grc' dir='ltr'><strong>Σωτῆρος</strong></span> 
     </span>
    </p>
   </div>
   <div class='ocr_carea' id='block_1_91' title="bbox 151 4841 1740 4922">
    <p class='ocr_par' dir='ltr' id='par_1_91' title="bbox 151 4841 1740 4922">
     <span class='ocr_line' id='line_1_91' title="bbox 151 4841 1740 4922; baseline 0.004 -24"><span class='ocrx_word' id='word_1_708' title='bbox 151 4841 398 4914; x_wconf 82' lang='grc' dir='ltr'><strong>Χριστοῦ</strong></span> <span class='ocrx_word' id='word_1_709' title='bbox 419 4859 432 4872; x_wconf 89' lang='grc'><strong>·</strong></span> <span class='ocrx_word' id='word_1_710' title='bbox 459 4861 476 4893; x_wconf 87' lang='grc' dir='ltr'><strong>ι</strong></span> <span class='ocrx_word' id='word_1_711' title='bbox 507 4843 581 4897; x_wconf 88' lang='grc' dir='ltr'><strong>Τδ</strong></span> <span class='ocrx_word' id='word_1_712' title='bbox 609 4844 820 4898; x_wconf 78' lang='grc' dir='ltr'><strong>παιδίον</strong></span> <span class='ocrx_word' id='word_1_713' title='bbox 852 4845 980 4919; x_wconf 76' lang='grc' dir='ltr'><strong>γὰρ,</strong></span> <span class='ocrx_word' id='word_1_714' title='bbox 998 4849 1181 4921; x_wconf 79' lang='grc' dir='ltr'><strong>φησὶν,</strong></span> <span class='ocrx_word' id='word_1_715' title='bbox 1215 4848 1437 4919; x_wconf 73' lang='grc' dir='ltr'><strong>ηὔξανε,</strong></span> <span class='ocrx_word' id='word_1_716' title='bbox 1464 4853 1556 4903; x_wconf 72' lang='grc' dir='ltr'><strong>καὶ</strong></span> <span class='ocrx_word' id='word_1_717' title='bbox 1578 4853 1740 4922; x_wconf 73' lang='grc' dir='ltr'><strong>ἐκρα-</strong></span> 
     </span>
    </p>
   </div>
   <div class='ocr_carea' id='block_1_92' title="bbox 151 4931 1739 5015">
    <p class='ocr_par' dir='ltr' id='par_1_92' title="bbox 151 4931 1739 5015">
     <span class='ocr_line' id='line_1_92' title="bbox 151 4931 1739 5015; baseline 0.006 -28"><span class='ocrx_word' id='word_1_718' title='bbox 151 4931 377 4987; x_wconf 84' lang='grc' dir='ltr'><strong>ταιοῦτο</strong></span> <span class='ocrx_word' id='word_1_719' title='bbox 416 4932 712 5003; x_wconf 84' lang='grc' dir='ltr'><strong>πνεύματι,</strong></span> <span class='ocrx_word' id='word_1_720' title='bbox 771 4935 1148 5010; x_wconf 87' lang='grc' dir='ltr'><strong>πληρούμενον</strong></span> <span class='ocrx_word' id='word_1_721' title='bbox 1184 4941 1394 5010; x_wconf 80' lang='grc' dir='ltr'><strong>σοφίας,</strong></span> <span class='ocrx_word' id='word_1_722' title='bbox 1442 4945 1535 4996; x_wconf 74' lang='grc' dir='ltr'><strong>καὶ</strong></span> <span class='ocrx_word' id='word_1_723' title='bbox 1577 4945 1739 5015; x_wconf 84' lang='grc' dir='ltr'><strong>χάρις</strong></span> 
     </span>
    </p>
   </div>
   <div class='ocr_carea' id='block_1_93' title="bbox 151 5019 1740 5109">
    <p class='ocr_par' dir='ltr' id='par_1_93' title="bbox 151 5019 1740 5109">
     <span class='ocr_line' id='line_1_93' title="bbox 151 5019 1740 5109; baseline 0.008 -31"><span class='ocrx_word' id='word_1_724' title='bbox 151 5023 292 5078; x_wconf 88' lang='grc' dir='ltr'>Θεοῦ</span> <span class='ocrx_word' id='word_1_725' title='bbox 313 5019 381 5094; x_wconf 75' lang='grc' dir='ltr'><strong>ἦν</strong></span> <span class='ocrx_word' id='word_1_726' title='bbox 402 5025 487 5078; x_wconf 74' lang='grc' dir='ltr'><strong>ἐπ’</strong></span> <span class='ocrx_word' id='word_1_727' title='bbox 506 5025 676 5098; x_wconf 85' lang='grc' dir='ltr'><strong>αὐτῷ.</strong></span> <span class='ocrx_word' id='word_1_728' title='bbox 703 5045 721 5079; x_wconf 77' lang='grc' dir='ltr'><strong>ι</strong></span> <span class='ocrx_word' id='word_1_729' title='bbox 749 5029 859 5085; x_wconf 72' lang='grc' dir='ltr'><strong>Καὶ</strong></span> <span class='ocrx_word' id='word_1_730' title='bbox 887 5034 1005 5101; x_wconf 82' lang='grc' dir='ltr'><strong>μετ’</strong></span> <span class='ocrx_word' id='word_1_731' title='bbox 1025 5032 1210 5101; x_wconf 81' lang='grc' dir='ltr'><strong>ὀλίγα·</strong></span> <span class='ocrx_word' id='word_1_732' title='bbox 1247 5053 1265 5087; x_wconf 84' lang='grc' dir='ltr'><strong>ι</strong></span> <span class='ocrx_word' id='word_1_733' title='bbox 1291 5036 1497 5107; x_wconf 84' lang='grc' dir='ltr'><strong>Ἰησοῦς</strong></span> <span class='ocrx_word' id='word_1_734' title='bbox 1525 5037 1583 5090; x_wconf 86' lang='grc' dir='ltr'><strong>δὲ</strong></span> <span class='ocrx_word' id='word_1_735' title='bbox 1608 5054 1740 5109; x_wconf 82' lang='grc' dir='ltr'><strong>προ-</strong></span> 
     </span>
    </p>
   </div>
   <div class='ocr_carea' id='block_1_94' title="bbox 152 5115 1739 5199">
    <p class='ocr_par' dir='ltr' id='par_1_94' title="bbox 152 5115 1739 5199">
     <span class='ocr_line' id='line_1_94' title="bbox 152 5115 1739 5199; baseline 0.009 -31"><span class='ocrx_word' id='word_1_736' title='bbox 152 5115 384 5168; x_wconf 74' lang='grc' dir='ltr'><strong>ἐκοπτεν</strong></span> <span class='ocrx_word' id='word_1_737' title='bbox 411 5116 619 5189; x_wconf 73' lang='grc' dir='ltr'><strong>ἡλικίᾳ,</strong></span> <span class='ocrx_word' id='word_1_738' title='bbox 645 5119 742 5172; x_wconf 74' lang='grc' dir='ltr'><strong>καὶ</strong></span> <span class='ocrx_word' id='word_1_739' title='bbox 774 5123 956 5193; x_wconf 76' lang='grc' dir='ltr'>σοφίᾳ,</span> <span class='ocrx_word' id='word_1_740' title='bbox 982 5125 1074 5178; x_wconf 69' lang='grc' dir='ltr'><strong>καὶ</strong></span> <span class='ocrx_word' id='word_1_741' title='bbox 1109 5125 1296 5195; x_wconf 80' lang='grc' dir='ltr'><strong>χάριτι</strong></span> <span class='ocrx_word' id='word_1_742' title='bbox 1322 5127 1475 5199; x_wconf 82' lang='grc' dir='ltr'><strong>παρὰ</strong></span> <span class='ocrx_word' id='word_1_743' title='bbox 1503 5128 1622 5199; x_wconf 86' lang='grc' dir='ltr'>Θεῷ</span> <span class='ocrx_word' id='word_1_744' title='bbox 1645 5130 1739 5182; x_wconf 79' lang='grc' dir='ltr'><strong>καὶ</strong></span> 
     </span>
    </p>
   </div>
   <div class='ocr_carea' id='block_1_95' title="bbox 154 5205 1738 5287">
    <p class='ocr_par' dir='ltr' id='par_1_95' title="bbox 154 5205 1738 5287">
     <span class='ocr_line' id='line_1_95' title="bbox 154 5205 1738 5287; baseline 0.008 -25"><span class='ocrx_word' id='word_1_745' title='bbox 154 5205 484 5278; x_wconf 77' lang='grc' dir='ltr'><strong>ἀνθρώποις.</strong></span> <span class='ocrx_word' id='word_1_746' title='bbox 523 5228 542 5261; x_wconf 77' lang='grc' dir='ltr'><strong>ι</strong></span> <span class='ocrx_word' id='word_1_747' title='bbox 577 5211 653 5263; x_wconf 90' lang='grc' dir='ltr'><strong>Το</strong></span> <span class='ocrx_word' id='word_1_748' title='bbox 679 5211 736 5263; x_wconf 71' lang='grc' dir='ltr'><strong>δὲ</strong></span> <span class='ocrx_word' id='word_1_749' title='bbox 785 5214 950 5285; x_wconf 82' lang='grc' dir='ltr'>σοφίᾳ</span> <span class='ocrx_word' id='word_1_750' title='bbox 987 5218 1342 5287; x_wconf 81' lang='grc' dir='ltr'><strong>προκόπτειν,</strong></span> <span class='ocrx_word' id='word_1_751' title='bbox 1376 5221 1437 5274; x_wconf 83' lang='grc' dir='ltr'><strong>ού</strong></span> <span class='ocrx_word' id='word_1_752' title='bbox 1468 5220 1604 5274; x_wconf 88' lang='grc' dir='ltr'><strong>Θεοῦ</strong></span> <span class='ocrx_word' id='word_1_753' title='bbox 1642 5221 1738 5274; x_wconf 90' lang='grc' dir='ltr'><strong>τοῦ</strong></span> 
     </span>
    </p>
   </div>
   <div class='ocr_carea' id='block_1_96' title="bbox 157 5298 1739 5387">
    <p class='ocr_par' dir='ltr' id='par_1_96' title="bbox 157 5298 1739 5387">
     <span class='ocr_line' id='line_1_96' title="bbox 157 5298 1739 5387; baseline 0.013 -36"><span class='ocrx_word' id='word_1_754' title='bbox 157 5298 346 5368; x_wconf 72' lang='grc' dir='ltr'><strong>σοφοῦ,</strong></span> <span class='ocrx_word' id='word_1_755' title='bbox 386 5299 481 5352; x_wconf 89' lang='grc' dir='ltr'><strong>τοῦ</strong></span> <span class='ocrx_word' id='word_1_756' title='bbox 524 5301 1020 5374; x_wconf 72' lang='grc' dir='ltr'><strong>ἀπροσδεοῦς,⁸καὶ</strong></span> <span class='ocrx_word' id='word_1_757' title='bbox 1055 5310 1141 5362; x_wconf 72' lang='grc' dir='ltr'><strong>ἀεὶ</strong></span> <span class='ocrx_word' id='word_1_758' title='bbox 1195 5312 1430 5379; x_wconf 89' lang='grc' dir='ltr'><strong>τελείου,</strong></span> <span class='ocrx_word' id='word_1_759' title='bbox 1461 5315 1556 5369; x_wconf 75' lang='grc' dir='ltr'><strong>καὶ</strong></span> <span class='ocrx_word' id='word_1_760' title='bbox 1605 5317 1739 5387; x_wconf 82' lang='grc' dir='ltr'><strong>μήτε</strong></span> 
     </span>
    </p>
   </div>
   <div class='ocr_carea' id='block_1_97' title="bbox 156 5390 1735 5471">
    <p class='ocr_par' dir='ltr' id='par_1_97' title="bbox 156 5390 1735 5471">
     <span class='ocr_line' id='line_1_97' title="bbox 156 5390 1735 5471; baseline 0.014 -29"><span class='ocrx_word' id='word_1_761' title='bbox 156 5390 416 5454; x_wconf 77' lang='grc' dir='ltr'><strong>ἐπίδοσιν,</strong></span> <span class='ocrx_word' id='word_1_762' title='bbox 445 5393 583 5463; x_wconf 87' lang='grc' dir='ltr'><strong>μήτε</strong></span> <span class='ocrx_word' id='word_1_763' title='bbox 607 5395 902 5451; x_wconf 79' lang='grc' dir='ltr'><strong>ἐλάττωσιν</strong></span> <span class='ocrx_word' id='word_1_764' title='bbox 918 5398 1234 5471; x_wconf 81' lang='grc' dir='ltr'><strong>δεχομένου,</strong></span> <span class='ocrx_word' id='word_1_765' title='bbox 1269 5403 1405 5459; x_wconf 83' lang='grc' dir='ltr'><strong>ἀλλὰ</strong></span> <span class='ocrx_word' id='word_1_766' title='bbox 1421 5406 1510 5461; x_wconf 90' lang='grc' dir='ltr'><strong>τοῦ</strong></span> <span class='ocrx_word' id='word_1_767' title='bbox 1529 5407 1622 5462; x_wconf 90' lang='grc' dir='ltr'><strong>νοῦ</strong></span> <span class='ocrx_word' id='word_1_768' title='bbox 1640 5407 1735 5463; x_wconf 90' lang='grc' dir='ltr'><strong>τοῦ</strong></span> 
     </span>
    </p>
   </div>
   <div class='ocr_carea' id='block_1_98' title="bbox 155 5481 1735 5568">
    <p class='ocr_par' dir='ltr' id='par_1_98' title="bbox 155 5481 1735 5568">
     <span class='ocr_line' id='line_1_98' title="bbox 155 5481 1735 5568; baseline 0.014 -34"><span class='ocrx_word' id='word_1_769' title='bbox 155 5481 522 5549; x_wconf 79' lang='grc' dir='ltr'><strong>ἀνθρωπίνου,</strong></span> <span class='ocrx_word' id='word_1_770' title='bbox 554 5485 646 5538; x_wconf 89' lang='grc' dir='ltr'><strong>τοῦ</strong></span> <span class='ocrx_word' id='word_1_771' title='bbox 669 5491 788 5552; x_wconf 88' lang='grc' dir='ltr'><strong>ταῖς</strong></span> <span class='ocrx_word' id='word_1_772' title='bbox 810 5490 1049 5560; x_wconf 75' lang='grc' dir='ltr'><strong>ἡλικίαις</strong></span> <span class='ocrx_word' id='word_1_773' title='bbox 1081 5499 1498 5568; x_wconf 86' lang='grc' dir='ltr'><strong>συμπροῖόντος,</strong></span> <span class='ocrx_word' id='word_1_774' title='bbox 1536 5503 1627 5554; x_wconf 71' lang='grc' dir='ltr'><strong>καὶ</strong></span> <span class='ocrx_word' id='word_1_775' title='bbox 1657 5502 1735 5555; x_wconf 73' lang='grc' dir='ltr'><strong>δια</strong></span> 
     </span>
    </p>
   </div>
   <div class='ocr_carea' id='block_1_99' title="bbox 226 5617 1794 5699">
    <p class='ocr_par' dir='ltr' id='par_1_99' title="bbox 226 5617 1794 5699">
     <span class='ocr_line' id='line_1_99' title="bbox 226 5617 1794 5699; baseline 0.016 -32"><span class='ocrx_word' id='word_1_776' title='bbox 293 5617 488 5699; x_wconf 55' lang='lat' dir='ltr'><strong>}!atth.</strong></span> <span class='ocrx_word' id='word_1_777' title='bbox 512 5637 659 5687; x_wconf 77' lang='lat' dir='ltr'><strong>nm,</strong></span> <span class='ocrx_word' id='word_1_778' title='bbox 691 5624 779 5678; x_wconf 85' lang='lat'><strong>&#39;58.</strong></span> <span class='ocrx_word' id='word_1_779' title='bbox 841 5627 885 5657; x_wconf 86' lang='lat'><strong>&quot;</strong></span> <span class='ocrx_word' id='word_1_780' title='bbox 917 5627 1076 5683; x_wconf 78' lang='lat' dir='ltr'><strong>Joan.</strong></span> <span class='ocrx_word' id='word_1_781' title='bbox 1110 5645 1167 5695; x_wconf 68' lang='grc' dir='ltr'><strong>π,</strong></span> <span class='ocrx_word' id='word_1_782' title='bbox 1201 5631 1284 5686; x_wconf 78' lang='lat' dir='ltr'><strong>ts.</strong></span> <span class='ocrx_word' id='word_1_783' title='bbox 1362 5635 1408 5666; x_wconf 86' lang='grc'><strong>⁸³</strong></span> <span class='ocrx_word' id='word_1_784' title='bbox 1437 5637 1541 5689; x_wconf 90' lang='lat' dir='ltr'><strong>lsa.</strong></span> <span class='ocrx_word' id='word_1_785' title='bbox 1572 5651 1667 5699; x_wconf 70' lang='lat' dir='ltr'><strong>ru.</strong></span> <span class='ocrx_word' id='word_1_786' title='bbox 1702 5639 1794 5692; x_wconf 77' lang='grc' dir='ltr'><strong>Η.</strong></span> 
     </span>
    </p>
   </div>
   <div class='ocr_carea' id='block_1_100' title="bbox 160 5689 493 5744">
    <p class='ocr_par' dir='ltr' id='par_1_100' title="bbox 160 5689 493 5744">
     <span class='ocr_line' id='line_1_100' title="bbox 160 5689 493 5744; baseline 0 -2"><span class='ocrx_word' id='word_1_787' title='bbox 160 5689 203 5719; x_wconf 84' lang='grc'>⁸’</span> <span class='ocrx_word' id='word_1_788' title='bbox 236 5689 364 5744; x_wconf 88' lang='lat' dir='ltr'><strong>ibid.</strong></span> <span class='ocrx_word' id='word_1_789' title='bbox 403 5689 493 5742; x_wconf 74' lang='grc'><strong>52.</strong></span> 
     </span>
    </p>
   </div>
   <div class='ocr_carea' id='block_1_101' title="bbox 1844 4767 3435 4848">
    <p class='ocr_par' dir='ltr' id='par_1_101' title="bbox 1844 4767 3435 4848">
     <span class='ocr_line' id='line_1_101' title="bbox 1844 4767 3435 4848; baseline 0.011 -27"><span class='ocrx_word' id='word_1_790' title='bbox 1844 4769 2132 4822; x_wconf 85' lang='lat' dir='ltr'><strong>humanam</strong></span> <span class='ocrx_word' id='word_1_791' title='bbox 2168 4767 2371 4826; x_wconf 89' lang='lat' dir='ltr'><strong>Christi</strong></span> <span class='ocrx_word' id='word_1_792' title='bbox 2409 4771 2718 4831; x_wconf 73' lang='lat' dir='ltr'><strong>Serratoris</strong></span> <span class='ocrx_word' id='word_1_793' title='bbox 2755 4786 2992 4832; x_wconf 79' lang='lat' dir='ltr'><strong>mentem</strong></span> <span class='ocrx_word' id='word_1_794' title='bbox 3032 4799 3044 4834; x_wconf 91' lang='lat'>:</span> <span class='ocrx_word' id='word_1_795' title='bbox 3087 4798 3106 4832; x_wconf 85' lang='grc' dir='ltr'><strong>ι</strong></span> <span class='ocrx_word' id='word_1_796' title='bbox 3151 4779 3311 4848; x_wconf 81' lang='lat' dir='ltr'><strong>Puer,</strong></span> <span class='ocrx_word' id='word_1_797' title='bbox 3347 4784 3435 4838; x_wconf 92' lang='lat' dir='ltr'><strong>iu-</strong></span> 
     </span>
    </p>
   </div>
   <div class='ocr_carea' id='block_1_102' title="bbox 1839 4859 3435 4943">
    <p class='ocr_par' dir='ltr' id='par_1_102' title="bbox 1839 4859 3435 4943">
     <span class='ocr_line' id='line_1_102' title="bbox 1839 4859 3435 4943; baseline 0.012 -32"><span class='ocrx_word' id='word_1_798' title='bbox 1839 4859 1987 4929; x_wconf 84' lang='lat' dir='ltr'><strong>quit,</strong></span> <span class='ocrx_word' id='word_1_799' title='bbox 2020 4863 2302 4918; x_wconf 79' lang='lat' dir='ltr'><strong>crescebat</strong></span> <span class='ocrx_word' id='word_1_800' title='bbox 2331 4873 2385 4919; x_wconf 87' lang='lat' dir='ltr'><strong>et</strong></span> <span class='ocrx_word' id='word_1_801' title='bbox 2416 4865 2827 4923; x_wconf 82' lang='lat' dir='ltr'><strong>confortabatur</strong></span> <span class='ocrx_word' id='word_1_802' title='bbox 2855 4870 3048 4938; x_wconf 86' lang='lat' dir='ltr'><strong>spiritu</strong></span> <span class='ocrx_word' id='word_1_803' title='bbox 3070 4912 3085 4937; x_wconf 91' lang='lat'><strong>,</strong></span> <span class='ocrx_word' id='word_1_804' title='bbox 3120 4873 3310 4943; x_wconf 89' lang='lat' dir='ltr'><strong>plenus</strong></span> <span class='ocrx_word' id='word_1_805' title='bbox 3343 4892 3435 4932; x_wconf 83' lang='lat' dir='ltr'><strong>sa-</strong></span> 
     </span>
    </p>
   </div>
   <div class='ocr_carea' id='block_1_103' title="bbox 1839 4954 3436 5037">
    <p class='ocr_par' dir='ltr' id='par_1_103' title="bbox 1839 4954 3436 5037">
     <span class='ocr_line' id='line_1_103' title="bbox 1839 4954 3436 5037; baseline 0.009 -31"><span class='ocrx_word' id='word_1_806' title='bbox 1839 4954 2064 5022; x_wconf 87' lang='lat' dir='ltr'><strong>pientia,</strong></span> <span class='ocrx_word' id='word_1_807' title='bbox 2109 4965 2162 5010; x_wconf 87' lang='lat' dir='ltr'><strong>et</strong></span> <span class='ocrx_word' id='word_1_808' title='bbox 2201 4958 2374 5024; x_wconf 76' lang='lat' dir='ltr'><strong>gratia</strong></span> <span class='ocrx_word' id='word_1_809' title='bbox 2417 4957 2512 5014; x_wconf 90' lang='lat' dir='ltr'><strong>Dei</strong></span> <span class='ocrx_word' id='word_1_810' title='bbox 2553 4970 2672 5014; x_wconf 88' lang='lat' dir='ltr'><strong>erat</strong></span> <span class='ocrx_word' id='word_1_811' title='bbox 2710 4976 2835 5015; x_wconf 90' lang='lat' dir='ltr'><strong>cum</strong></span> <span class='ocrx_word' id='word_1_812' title='bbox 2878 4962 2967 5018; x_wconf 91' lang='lat' dir='ltr'><strong>illo</strong></span> <span class='ocrx_word' id='word_1_813' title='bbox 2987 4963 3053 5017; x_wconf 84' lang='lat'><strong>“.</strong></span> <span class='ocrx_word' id='word_1_814' title='bbox 3100 4983 3120 5017; x_wconf 77' lang='grc' dir='ltr'><strong>ι</strong></span> <span class='ocrx_word' id='word_1_815' title='bbox 3167 4965 3233 5020; x_wconf 86' lang='grc' dir='ltr'><strong>Ει</strong></span> <span class='ocrx_word' id='word_1_816' title='bbox 3275 4969 3436 5037; x_wconf 91' lang='lat' dir='ltr'><strong>paulo</strong></span> 
     </span>
    </p>
   </div>
   <div class='ocr_carea' id='block_1_104' title="bbox 1839 5048 3437 5129">
    <p class='ocr_par' dir='ltr' id='par_1_104' title="bbox 1839 5048 3437 5129">
     <span class='ocr_line' id='line_1_104' title="bbox 1839 5048 3437 5129; baseline 0.011 -30"><span class='ocrx_word' id='word_1_817' title='bbox 1839 5056 1961 5115; x_wconf 92' lang='lat' dir='ltr'><strong>post</strong></span> <span class='ocrx_word' id='word_1_818' title='bbox 2002 5064 2015 5100; x_wconf 89' lang='lat'><strong>:</strong></span> <span class='ocrx_word' id='word_1_819' title='bbox 2069 5067 2086 5099; x_wconf 82' lang='grc' dir='ltr'><strong>ι</strong></span> <span class='ocrx_word' id='word_1_820' title='bbox 2137 5048 2296 5106; x_wconf 80' lang='lat' dir='ltr'><strong>.lesus</strong></span> <span class='ocrx_word' id='word_1_821' title='bbox 2341 5051 2662 5122; x_wconf 77' lang='lat' dir='ltr'><strong>proficiebat</strong></span> <span class='ocrx_word' id='word_1_822' title='bbox 2703 5063 2894 5118; x_wconf 59' lang='lat' dir='ltr'><strong>atate.</strong></span> <span class='ocrx_word' id='word_1_823' title='bbox 2935 5070 3001 5111; x_wconf 86' lang='lat' dir='ltr'><strong>ac</strong></span> <span class='ocrx_word' id='word_1_824' title='bbox 3044 5059 3340 5129; x_wconf 87' lang='lat' dir='ltr'><strong>sapientia,</strong></span> <span class='ocrx_word' id='word_1_825' title='bbox 3380 5072 3437 5117; x_wconf 90' lang='lat' dir='ltr'><strong>ct</strong></span> 
     </span>
    </p>
   </div>
   <div class='ocr_carea' id='block_1_105' title="bbox 1839 5137 3434 5208">
    <p class='ocr_par' dir='ltr' id='par_1_105' title="bbox 1839 5137 3434 5208">
     <span class='ocr_line' id='line_1_105' title="bbox 1839 5137 3434 5208; baseline 0.009 -19"><span class='ocrx_word' id='word_1_826' title='bbox 1839 5137 2014 5206; x_wconf 77' lang='lat' dir='ltr'><strong>gratia</strong></span> <span class='ocrx_word' id='word_1_827' title='bbox 2063 5140 2206 5208; x_wconf 81' lang='lat' dir='ltr'><strong>apud</strong></span> <span class='ocrx_word' id='word_1_828' title='bbox 2253 5141 2422 5196; x_wconf 91' lang='lat' dir='ltr'><strong>Deum</strong></span> <span class='ocrx_word' id='word_1_829' title='bbox 2466 5153 2521 5198; x_wconf 91' lang='lat' dir='ltr'><strong>et</strong></span> <span class='ocrx_word' id='word_1_830' title='bbox 2565 5143 2813 5199; x_wconf 88' lang='lat' dir='ltr'><strong>homines</strong></span> <span class='ocrx_word' id='word_1_831' title='bbox 2836 5145 2902 5196; x_wconf 85' lang='lat'><strong>&quot;&#39;.</strong></span> <span class='ocrx_word' id='word_1_832' title='bbox 2953 5165 2972 5198; x_wconf 76' lang='grc' dir='ltr'><strong>ι</strong></span> <span class='ocrx_word' id='word_1_833' title='bbox 3012 5145 3132 5201; x_wconf 85' lang='lat' dir='ltr'><strong>Jam</strong></span> <span class='ocrx_word' id='word_1_834' title='bbox 3171 5163 3300 5206; x_wconf 75' lang='lat' dir='ltr'><strong>veno</strong></span> <span class='ocrx_word' id='word_1_835' title='bbox 3340 5165 3434 5204; x_wconf 83' lang='lat' dir='ltr'><strong>sa-</strong></span> 
     </span>
    </p>
   </div>
   <div class='ocr_carea' id='block_1_106' title="bbox 1841 5230 3434 5314">
    <p class='ocr_par' dir='ltr' id='par_1_106' title="bbox 1841 5230 3434 5314">
     <span class='ocr_line' id='line_1_106' title="bbox 1841 5230 3434 5314; baseline 0.01 -32"><span class='ocrx_word' id='word_1_836' title='bbox 1841 5230 2041 5298; x_wconf 88' lang='lat' dir='ltr'><strong>pientia</strong></span> <span class='ocrx_word' id='word_1_837' title='bbox 2079 5233 2369 5301; x_wconf 79' lang='lat' dir='ltr'><strong>proﬁcere,</strong></span> <span class='ocrx_word' id='word_1_838' title='bbox 2408 5250 2514 5290; x_wconf 91' lang='lat' dir='ltr'><strong>nou</strong></span> <span class='ocrx_word' id='word_1_839' title='bbox 2553 5244 2637 5294; x_wconf 89' lang='lat' dir='ltr'><strong>est</strong></span> <span class='ocrx_word' id='word_1_840' title='bbox 2674 5237 2767 5291; x_wconf 91' lang='lat' dir='ltr'><strong>Dei</strong></span> <span class='ocrx_word' id='word_1_841' title='bbox 2806 5238 3086 5308; x_wconf 80' lang='lat' dir='ltr'><strong>sapientis.</strong></span> <span class='ocrx_word' id='word_1_842' title='bbox 3127 5241 3434 5314; x_wconf 87' lang='lat' dir='ltr'><strong>nulliusque</strong></span> 
     </span>
    </p>
   </div>
   <div class='ocr_carea' id='block_1_107' title="bbox 1839 5321 3435 5402">
    <p class='ocr_par' dir='ltr' id='par_1_107' title="bbox 1839 5321 3435 5402">
     <span class='ocr_line' id='line_1_107' title="bbox 1839 5321 3435 5402; baseline 0.01 -27"><span class='ocrx_word' id='word_1_843' title='bbox 1839 5321 1916 5376; x_wconf 88' lang='lat' dir='ltr'><strong>rei</strong></span> <span class='ocrx_word' id='word_1_844' title='bbox 1960 5322 2152 5392; x_wconf 81' lang='lat' dir='ltr'><strong>indigi,</strong></span> <span class='ocrx_word' id='word_1_845' title='bbox 2199 5341 2524 5397; x_wconf 87' lang='lat' dir='ltr'><strong>semperque</strong></span> <span class='ocrx_word' id='word_1_846' title='bbox 2569 5327 2830 5399; x_wconf 79' lang='lat' dir='ltr'><strong>perfecti,</strong></span> <span class='ocrx_word' id='word_1_847' title='bbox 2872 5331 2964 5384; x_wconf 88' lang='lat' dir='ltr'><strong>sed</strong></span> <span class='ocrx_word' id='word_1_848' title='bbox 3015 5332 3210 5385; x_wconf 90' lang='lat' dir='ltr'><strong>mentis</strong></span> <span class='ocrx_word' id='word_1_849' title='bbox 3255 5334 3435 5402; x_wconf 81' lang='lat' dir='ltr'><strong>potius</strong></span> 
     </span>
    </p>
   </div>
   <div class='ocr_carea' id='block_1_108' title="bbox 1837 5412 3435 5489">
    <p class='ocr_par' dir='ltr' id='par_1_108' title="bbox 1837 5412 3435 5489">
     <span class='ocr_line' id='line_1_108' title="bbox 1837 5412 3435 5489; baseline 0.01 -24"><span class='ocrx_word' id='word_1_850' title='bbox 1837 5412 2110 5478; x_wconf 76' lang='lat' dir='ltr'><strong>humanae,</strong></span> <span class='ocrx_word' id='word_1_851' title='bbox 2152 5430 2272 5484; x_wconf 65' lang='lat' dir='ltr'><strong>quae</strong></span> <span class='ocrx_word' id='word_1_852' title='bbox 2311 5418 2471 5471; x_wconf 91' lang='lat' dir='ltr'><strong>simul</strong></span> <span class='ocrx_word' id='word_1_853' title='bbox 2515 5433 2636 5472; x_wconf 93' lang='lat' dir='ltr'><strong>cum</strong></span> <span class='ocrx_word' id='word_1_854' title='bbox 2679 5430 2840 5475; x_wconf 82' lang='lat' dir='ltr'><strong>aetate</strong></span> <span class='ocrx_word' id='word_1_855' title='bbox 2885 5420 3118 5489; x_wconf 76' lang='lat' dir='ltr'><strong>proiicit,</strong></span> <span class='ocrx_word' id='word_1_856' title='bbox 3159 5432 3212 5477; x_wconf 92' lang='lat' dir='ltr'><strong>et</strong></span> <span class='ocrx_word' id='word_1_857' title='bbox 3252 5426 3435 5481; x_wconf 81' lang='lat' dir='ltr'><strong>erudi-</strong></span> 
     </span>
    </p>
   </div>
   <div class='ocr_carea' id='block_1_109' title="bbox 1841 5505 3436 5587">
    <p class='ocr_par' dir='ltr' id='par_1_109' title="bbox 1841 5505 3436 5587">
     <span class='ocr_line' id='line_1_109' title="bbox 1841 5505 3436 5587; baseline 0.01 -29"><span class='ocrx_word' id='word_1_858' title='bbox 1841 5505 1984 5559; x_wconf 91' lang='lat' dir='ltr'><strong>tione</strong></span> <span class='ocrx_word' id='word_1_859' title='bbox 2007 5517 2147 5574; x_wconf 79' lang='lat' dir='ltr'><strong>eget,</strong></span> <span class='ocrx_word' id='word_1_860' title='bbox 2172 5519 2225 5563; x_wconf 84' lang='lat' dir='ltr'><strong>et</strong></span> <span class='ocrx_word' id='word_1_861' title='bbox 2247 5511 2348 5564; x_wconf 91' lang='lat' dir='ltr'><strong>arti</strong></span> <span class='ocrx_word' id='word_1_862' title='bbox 2374 5509 2594 5581; x_wconf 78' lang='lat' dir='ltr'><strong>831m</strong></span> <span class='ocrx_word' id='word_1_863' title='bbox 2624 5523 2786 5582; x_wconf 87' lang='lat' dir='ltr'><strong>atque</strong></span> <span class='ocrx_word' id='word_1_864' title='bbox 2827 5514 3069 5570; x_wconf 70' lang='lat' dir='ltr'><strong>scientiae</strong></span> <span class='ocrx_word' id='word_1_865' title='bbox 3103 5518 3436 5587; x_wconf 68' lang='lat' dir='ltr'><strong>excipienda:</strong></span> 
     </span>
    </p>
   </div>
   <div class='ocr_carea' id='block_1_110' title="bbox 1885 5640 3362 5719">
    <p class='ocr_par' dir='ltr' id='par_1_110' title="bbox 1885 5640 3362 5719">
     <span class='ocr_line' id='line_1_110' title="bbox 1885 5640 3362 5719; baseline 0.011 -25"><span class='ocrx_word' id='word_1_866' title='bbox 1885 5641 1932 5672; x_wconf 80' lang='lat'>&quot;</span> <span class='ocrx_word' id='word_1_867' title='bbox 1960 5640 2153 5696; x_wconf 81' lang='lat' dir='ltr'><strong>Matth.</strong></span> <span class='ocrx_word' id='word_1_868' title='bbox 2184 5660 2220 5707; x_wconf 86' lang='grc' dir='ltr'><strong>ι,</strong></span> <span class='ocrx_word' id='word_1_869' title='bbox 2257 5644 2346 5700; x_wconf 72' lang='grc'><strong>25.</strong></span> <span class='ocrx_word' id='word_1_870' title='bbox 2427 5647 2472 5678; x_wconf 81' lang='grc'><strong><em>⁸⁸</em></strong></span> <span class='ocrx_word' id='word_1_871' title='bbox 2502 5648 2708 5704; x_wconf 84' lang='lat' dir='ltr'><strong>Coloss.</strong></span> <span class='ocrx_word' id='word_1_872' title='bbox 2731 5666 2788 5714; x_wconf 86' lang='grc' dir='ltr'><strong>ιι,</strong></span> <span class='ocrx_word' id='word_1_873' title='bbox 2815 5650 2868 5706; x_wconf 91' lang='lat'><strong>9.</strong></span> <span class='ocrx_word' id='word_1_874' title='bbox 2946 5651 2992 5682; x_wconf 88' lang='lat'><strong>&quot;</strong></span> <span class='ocrx_word' id='word_1_875' title='bbox 3023 5651 3153 5707; x_wconf 90' lang='lat' dir='ltr'><strong>Luc.</strong></span> <span class='ocrx_word' id='word_1_876' title='bbox 3181 5669 3239 5719; x_wconf 90' lang='lat' dir='ltr'><strong>ll,</strong></span> <span class='ocrx_word' id='word_1_877' title='bbox 3271 5654 3362 5715; x_wconf 76' lang='grc' dir='ltr'><strong>ιο.</strong></span> 
     </span>
    </p>
   </div>
   <div class='ocr_carea' id='block_1_111' title="bbox 230 5799 3435 5908">
    <p class='ocr_par' dir='ltr' id='par_1_111' title="bbox 230 5799 3435 5908">
     <span class='ocr_line' id='line_1_111' title="bbox 230 5799 3435 5908; baseline 0.003 -26"><span class='ocrx_word' id='word_1_878' title='bbox 230 5799 1119 5908; x_wconf 40' lang='grc' dir='ltr'><strong>ξίλιξὲοξξηξῗευηξκί’ἒξφίιυθ</strong></span> <span class='ocrx_word' id='word_1_879' title='bbox 1158 5812 1337 5866; x_wconf 71' lang='lat' dir='ltr'><strong>mima</strong></span> <span class='ocrx_word' id='word_1_880' title='bbox 1382 5827 1572 5871; x_wconf 73' lang='lat' dir='ltr'><strong>amens</strong></span> <span class='ocrx_word' id='word_1_881' title='bbox 1613 5830 1711 5884; x_wconf 81' lang='lat' dir='ltr'><strong>par</strong></span> <span class='ocrx_word' id='word_1_882' title='bbox 1754 5819 1880 5874; x_wconf 91' lang='lat' dir='ltr'><strong>nulli</strong></span> <span class='ocrx_word' id='word_1_883' title='bbox 1912 5835 2156 5893; x_wconf 81' lang='lat' dir='ltr'><strong>rcputata</strong></span> <span class='ocrx_word' id='word_1_884' title='bbox 2225 5827 2433 5886; x_wconf 80' lang='lat' dir='ltr'><strong>fuisset.</strong></span> <span class='ocrx_word' id='word_1_885' title='bbox 2486 5835 2652 5888; x_wconf 80' lang='lat' dir='ltr'><strong>Porro</strong></span> <span class='ocrx_word' id='word_1_886' title='bbox 2715 5834 2953 5890; x_wconf 87' lang='lat' dir='ltr'><strong>animam</strong></span> <span class='ocrx_word' id='word_1_887' title='bbox 2985 5851 3175 5908; x_wconf 82' lang='lat' dir='ltr'><strong>reapse</strong></span> <span class='ocrx_word' id='word_1_888' title='bbox 3205 5837 3254 5891; x_wconf 91' lang='lat' dir='ltr'><strong>iu</strong></span> <span class='ocrx_word' id='word_1_889' title='bbox 3281 5835 3435 5894; x_wconf 87' lang='lat' dir='ltr'><strong>Chri-</strong></span> 
     </span>
    </p>
   </div>
   <div class='ocr_carea' id='block_1_112' title="bbox 163 5871 1004 5942">
    <p class='ocr_par' dir='ltr' id='par_1_112' title="bbox 163 5871 1004 5942">
     <span class='ocr_line' id='line_1_112' title="bbox 163 5871 1004 5942; baseline 0.002 -13"><span class='ocrx_word' id='word_1_890' title='bbox 163 5881 244 5929; x_wconf 81' lang='lat' dir='ltr'><strong>sto</strong></span> <span class='ocrx_word' id='word_1_891' title='bbox 272 5871 462 5938; x_wconf 76' lang='lat' dir='ltr'><strong>fuisse,</strong></span> <span class='ocrx_word' id='word_1_892' title='bbox 496 5871 766 5942; x_wconf 73' lang='lat' dir='ltr'><strong>negabant</strong></span> <span class='ocrx_word' id='word_1_893' title='bbox 794 5876 1004 5931; x_wconf 79' lang='lat' dir='ltr'><strong>Ariani.</strong></span> 
     </span>
    </p>
   </div>
  </div>
