3926 6486
495 528 631 583 “55

1516 508 1576 564 S.
1620 502 1898 563 CYRILLI
1939 497 2408 553 Αιδλλικυιιιμι
2461 494 2783 549 Alililllhl’.

3656 484 3785 535 N56

490 642 682 694 itlottca
709 646 811 703 est,
841 644 893 691 et
918 647 1036 704 qua:
1062 628 1319 701 paulatim
1349 635 1459 683 tum
1487 624 1721 681 humana
1749 617 1927 684 discit,
1956 625 2067 670 tum

2178 610 2471 675 Βασκαλίας
2494 609 2774 681 δεομένου,
2804 608 2897 661 καὶ
2941 606 3144 678 τέχνης
3177 605 3271 657 καὶ
3315 599 3667 669 ἑπιστήμης
3700 594 3779 649 6:-

490 729 689 785 divina.

493 922 757 982 XXLEI
789 923 1028 992 Epistula
1059 921 1129 976 ad
1161 917 1831 992 Hebr¢o§_de_rt_tous_lratttr
1852 917 2069 963 natura-

843 983 959 1047 rum
990 991 1281 1054 distinctio,
1310 999 1357 1043 et
1387 986 1540 1041 Verbi
1572 983 1720 1037 sntio.

563 1174 801 1237 Clarius,
833 1169 1043 1238 opinor,
1076 1180 1140 1218 ex
1175 1162 1408 1231 Epistola
1444 1161 1509 1214 ad
1544 1157 1801 1213 Hebraeos
1830 1154 2068 1211 divinam

493 1267 652 1325 simul
676 1273 731 1321 et
757 1265 1044 1317 humanam
1075 1266 1326 1311 naturam
1355 1264 1681 1323 cognoscere
1710 1248 1858 1315 licet,
1878 1261 2070 1317 opera-

496 1360 728 1416 tionibus
762 1353 975 1424 quidem
1012 1349 1329 1413 distinctas,
1366 1358 1593 1415 persona
1628 1350 1806 1395 tamen
1839 1336 2069 1406 conjun-

495 1461 629 1514 ctas,
660 1458 820 1516 atque
854 1444 1068 1497 unicum
1103 1440 1538 1493 demonstrantes
1564 1430 1782 1486 Filium.
1816 1424 2071 1497 Epistula:

494 1534 1103 1613 apprimeprommium
1147 1532 1289 1586 hanc
1332 1528 1572 1583 continet
1614 1522 1934 1577 doctrinam.
1979 1520 2070 1574 Ait

492 1610 634 1687 enim
664 1631 816 1685 divus
846 1624 1044 1681 Paulus
1078 1640 1094 1679 :
1128 1639 1147 1673 ι
1185 1619 1284 1687 Qui
1316 1633 1438 1674 cum
1469 1616 1539 1671 sit
1568 1614 1823 1685 splendor
1849 1610 2064 1681 glorias,

492 1733 546 1778 et
586 1723 754 1792 ﬁgura
791 1716 1111 1774 substantia:
1144 1712 1292 1782 eius,
1325 1718 1657 1780 portansque
1689 1702 1869 1758 omnia
1898 1700 2067 1755 verbo

492 1814 711 1869 virtutis
738 1810 928 1866 suae".
964 1828 985 1862 ι
1018 1805 1267 1875 Cumque
1295 1802 1728 1857 demonstrasset
1759 1794 1907 1849 illum
1939 1802 2067 1847 ante

491 1920 651 1961 omne
684 1914 891 1972 tempus
917 1914 980 1954 ac
1004 1894 1198 1953 saacula
1226 1908 1345 1949 esse
1371 1894 1491 1963 (per
1514 1891 1688 1960 ipsum
1713 1886 1912 1957 quippe
1938 1884 2067 1939 fecit

838 1989 1044 2045 addidit
1071 2004 1084 2041 :
1116 2004 1135 2037 ι
1170 1984 1327 2040 Sedit
1454 1954 1744 2035 destean
1766 1954 2069 2043 maiestatis
2100 1954 2141 2010 Β

492 2087 545 2140 in
591 2082 819 2140 excelsis
858 2100 872 2136 :
916 2087 1065 2133 tanto
1110 2074 1302 2130 melior
1336 2071 1546 2143 angelis
1584 2069 1827 2132 euectus,
1866 2073 2069 2135 quanto

495 2176 831 2234 diﬁcrentius
857 2186 969 2244 prae
996 2169 1099 2224 illis
1129 2180 1323 2221 nomen
1348 2159 1774 2218 haereditavit".
1807 2176 1826 2210 ι
1854 2156 1949 2211 Est
1973 2170 2071 2210 au-

496 2275 601 2319 tem
659 2262 878 2316 verbum
920 2259 1047 2329 ιηῑεί
1087 2253 1419 2311 contrarium
1459 2250 1625 2304 verbo
1669 2264 1803 2303 esse.
1850 2245 1982 2301 Nam
2027 2245 2073 2301 is

492 2357 582 2426 qui
628 2364 711 2409 est
748 2352 1001 2421 splendor
1036 2347 1240 2417 gloriae,
1278 2355 1334 2398 et
1376 2343 1544 2413 ﬁgura
1587 2339 1923 2401 substantia,
1963 2352 2072 2391 non

490 2446 718 2504 cﬂlcitur
754 2441 945 2497 melior
980 2437 1207 2509 angelis,
1240 2434 1336 2491 sed
1371 2443 1453 2488 est
1484 2429 1695 2501 angelis
1732 2444 1838 2484 non
1879 2427 2071 2483 melior

492 2531 885 2595 tantummodo,
921 2543 1109 2583 verum
1145 2526 1308 2581 etiam
1346 2523 1586 2591 ipsorum
1623 2528 1840 2575 creator
1868 2532 1933 2572 ac
1971 2519 2068 2573 do-

492 2628 692 2681 minus.
733 2621 852 2678 lam
894 2620 940 2675 si
983 2617 1149 2673 verbo
1188 2631 1298 2671 em
1338 2612 1674 2669 contrarium
1718 2618 1801 2665 est
1842 2607 2070 2663 verbum

491 2715 641 2787 elici,
677 2727 772 2783 per
794 2711 929 2766 illud
961 2708 1177 2778 quidem
1234 2700 1690 2774 sempiternaliter
1716 2699 2069 2753 exsistentem

491 2806 876 2875 intclligemus,
901 2814 995 2871 per
1017 2800 1116 2853 hoc
1168 2805 1347 2851 autem
1380 2808 1503 2848 eum
1529 2792 1618 2860 qui
1648 2790 1714 2845 de
1743 2788 1899 2844 nobis
1923 2802 2074 2843 sum-

491 2904 613 2967 ptus
638 2893 758 2957 fuit,
780 2900 835 2947 et
854 2889 1060 2961 angelis
1084 2886 1275 2943 melior
1291 2893 1377 2939 est
1401 2882 1644 2947 effectus,
1671 2888 1891 2951 pr0pter
1913 2894 2069 2933 suam

492 3002 615 3041 cum
645 2990 950 3040 assumente
979 2978 1379 3035 adunationem.
1413 2971 1476 3029 Et
1508 2972 1668 3042 paulo
1720 2980 1840 3041 post
1886 2969 1952 3025 ad
1982 2969 2071 3023 Fi-

493 3074 622 3127 lium
653 3072 869 3141 quidem
901 3069 1032 3123 dicit
1063 3086 1077 3122 :
1115 3085 1134 3119 ι
1166 3065 1417 3120 'l'bronus
1447 3072 1588 3128 tuus,
1624 3063 1784 3126 Deus,
1817 3061 1870 3114 in
1901 3075 2073 3116 saecu-

494 3162 605 3216 lum
643 3160 857 3224 szeculi;
895 3159 1045 3226 virga
1086 3156 1376 3225 aequitatis,
1418 3156 1570 3223 virga
1613 3152 1764 3220 regni
1811 3151 1886 3205 tui
1930 3167 1945 3203 :
1990 3150 2073 3205 di-

2172 702 2395 768 κτικοῦ,
2440 702 2534 756 καὶ
2569 700 2711 755 κατά
2763 700 2937 771 βραχὺ
2972 700 3041 753 τά
3084 714 3142 751 τε
3182 690 3522 765 ἀνθρώπινα
3582 688 3682 743 καὶ
3720 687 3780 738 τά

2170 794 2290 850 θεῖα
2318 793 2680 865 γνωρίζοντος
2702 791 2751 862 (1
2764 794 2801 857 ).

2170 909 2301 963 KA'.
2341 905 2667 971 Ἀπόδειξις
2701 905 2772 959 ἐκ
2792 904 2900 973 τῆς
2933 901 3086 973 πρὸς
3130 900 3473 973 Ἑϐραίους
3493 900 3775 973 Ἐξιστος

2236 976 2355 1046 λῆς
2386 976 2496 1044 τῆς
2675 966 2923 1044 φύσεώ
2952 966 3338 1041 διαᾶιρίσέως,
3371 969 3477 1022 καὶ
3521 966 3641 1036 τῆς
3674 966 3772 1018 τοῦ

2243 1043 2454 1117 Λόγουί
2474 1043 2765 1112 ἐνώσεὼς.

2238 1160 2579 1232 Σαφὲστερον
2598 1159 2642 1212 δ’
2676 1158 2741 1211 ἄν
2776 1175 2857 1220 τις
2887 1158 2951 1210 ὲκ
2980 1154 3081 1226 τῆς
3103 1155 3242 1226 πρὸς
3279 1152 3587 1223 Ἑϐραίους
3630 1147 3772 1202 Ἐπι-

2171 1254 2361 1323 στολῆς
2393 1251 2491 1324 τὴν
2515 1250 2663 1305 θείαν
2687 1248 2848 1319 φύσιν
2893 1247 2990 1301 καὶ
3017 1246 3118 1316 τὴν
3148 1244 3509 1316 ἀνθρωπείαν
3538 1238 3771 1299 aus-itm.

2167 1348 2284 1408 ταῖς
2304 1343 2608 1414 ἐνεργείαις
2632 1341 2731 1412 μὲν
2756 1340 2917 1411 διῃρη
2927 1338 3119 1408 μένας,
3144 1336 3224 1407 τῷ
3253 1338 3553 1405 προσώπῳ
3576 1334 3639 1386 δὲ
3660 1347 3770 1385 σνν-

2169 1436 2439 1507 ημμένας,
2466 1434 2560 1488 καὶ
2586 1434 2676 1487 τὸν
2692 1434 2789 1486 ἕνα
2818 1428 3210 1492 ὑποδεικνύσας
3246 1427 3397 1481 Υὲόν.
3419 1427 3545 1496 Οὐχ
3570 1427 3767 1495 ἥκιστα

2167 1526 2226 1581 δὲ
2248 1527 2340 1579 καὶ
2367 1526 2465 1596 τῆς
2508 1523 2830 1593 Ἐπιστολῆς
2857 1521 2918 1574 τὸ
2944 1520 3257 1592 προοίμιον,
3292 1517 3507 1588 ταύτην
3535 1515 3767 1586 Exest-ip

2167 1616 2536 1671 διδασκαλίαν.
2563 1611 2699 1669 Εῐπε
2728 1613 2836 1684 γάρ
2858 1614 2886 1666 6
2907 1612 3198 1675 θεσπέσιος
3221 1610 3440 1674 Παῦλος
3462 1627 3478 1641 ο
3512 1628 3534 1661 ι
3573 1610 3675 1668 Ὃς
3693 1607 3764 1659 ὢν

2167 1706 2510 1777 ἀπαύγασμα
2555 1706 2655 1777 τῆς
2694 1704 2873 1775 δόξης,
2915 1704 3011 1756 καὶ
3064 1701 3353 1773 χαρακτὴρ
3384 1700 3490 1770 τῆς
3527 1698 3765 1752 ὑπστά-

2169 1816 2307 1862 σεως
2335 1796 2526 1862 αὑτοῦ,
2559 1797 2742 1868 φέρων
2777 1812 2837 1849 τε
2863 1794 2932 1849 τά
2974 1794 3155 1849 πάντα
3182 1792 3262 1863 τῷ
3293 1793 3509 1864 ῥήματι
3545 1794 3653 1862 τῆς
3680 1788 3762 1843 δν-

2168 1890 2389 1960 νάμεως
2417 1888 2605 1944 αὐτοῦ.
2643 1906 2662 1940 ι
2700 1887 2811 1941 Καὶ
2853 1885 3037 1953 δείξας
3089 1885 3254 1939 αὑτὸν
3281 1885 3637 1956 ὑπέρχρονον
3675 1880 3764 1935 καὶ

2172 1976 2502 2049 προαιώνιον
2539 1975 2639 2048 (δι’
2666 1974 2836 2029 αὐτοῦ
2880 1974 3011 2044 γὰρ,
3046 1974 3233 2044 φησὶν,
3277 1972 3377 2027 καὶ
3405 1974 3540 2036 τοὺς
3560 1971 3761 2033 αἰῶνας

2171 2066 2475 2137 ιποίησεν),
2503 2066 2805 2136 ἐπήγαγεν·
2834 2083 2853 2114 ι
2876 2062 3163 2116 Ἐκάθισεν
3196 2064 3257 2116 ὲν
3286 2061 3441 2134 δεξιᾷ
3458 2062 3561 2132 τῆς
3593 2077 3763 2133 μεγαο

2170 2158 2418 2229 λωσύνης
2466 2159 2523 2211 ἐν
2568 2157 2818 2227 ὑψηλοῖς,
2858 2155 3101 2225 τοσούτῳ
3152 2152 3426 2223 κρείττων
3471 2153 3763 2223 γενόμενος

2170 2246 2281 2301 τῶν
2304 2246 2577 2316 ἀγγέλων,
2604 2246 2715 2317 ὅσῳ
2748 2244 3153 2318 διαφορώτερον
3184 2245 3320 2313 παρ’
3345 2243 3538 2307 αὐτοῖς
3563 2242 3761 2311 πιλη-

2175 2339 2479 2410 ρονόμηκεν
2519 2336 2716 2408 δνομα.
2748 2355 2767 2389 s
2821 2336 3095 2392 Ἐναντίον
3127 2335 3184 2389 δὲ
3228 2334 3326 2390 τοῦ
3374 2333 3676 2404 γενέσθαι,
3708 2331 3762 2384 τὸ

2171 2425 2309 2483 εἷναι
2328 2446 2342 2459 ·
2372 2431 2400 2482 6
2423 2428 2532 2499 γάρ
2553 2426 2629 2481 ὢν
2651 2429 2997 2499 ἀπαύγασμα
3021 2428 3123 2499 τῆς
3153 2427 3335 2498 δόξης,
3356 2427 3455 2481 καὶ
3480 2424 3761 2498 χαρακτὴρ

2170 2520 2271 2591 τῆς
2298 2519 2674 2584 ὑποστάσεως,
2706 2520 2768 2573 οὐ
2798 2519 3005 2588 γίνεται
3037 2518 3305 2590 κρείττων
3338 2518 3617 2587 ἀγγέλων,
3649 2518 3759 2570 ἀλλ’

2170 2610 2317 2665 εστιν
2338 2610 2588 2680 ἀγγέλων
2608 2610 2669 2666 οὐ
2694 2610 2961 2683 κρείττων
2986 2609 3170 2680 μόνον,
3198 2608 3340 2664 ἀλλά
3371 2609 3469 2663 καὶ
3495 2609 3755 2680 Ποιητὴς,

2172 2702 2266 2755 καὶ
2299 2702 2581 2773 Δεσπότης
2601 2718 2618 2734 ·
2646 2704 2695 2755 εί
2728 2701 2785 2755 δὲ
2815 2700 3057 2754 ἐναντίον
3084 2699 3178 2753 τοῦ
3211 2695 3355 2753 εἶναι
3383 2699 3447 2753 τὸ
3482 2698 3757 2767 γενέσθαι.

2169 2794 2236 2848 δι’
2271 2793 2480 2847 ἐκείνου
2512 2793 2614 2865 μὲν
2641 2793 2732 2847 τὸν
2760 2794 2848 2847 ἀεὶ
2878 2791 3007 2845 ὂντα
3043 2797 3337 2863 νοησομεν,
3360 2791 3451 2845 διὰ
3486 2792 3681 2845 τούτου
3706 2790 3757 2843 δὲ

2170 2885 2231 2939 τὸ
2254 2886 2312 2951 ἐξ
2337 2887 2371 2957 ἡ
2380 2883 2497 2955 μῶν
2523 2885 2859 2955 ἀναληφθὲν,
2883 2884 2979 2938 καὶ
2999 2888 3247 2955 κρεῖττον
3267 2883 3378 2937 τῶν
3402 2869 3757 2953 ἀγγέλωνῄγε·

2171 2978 2491 3048 γενημένον,
2504 2976 2595 3030 διά
2611 2976 2710 3046 τὴν
2723 2976 2861 3048 πρὸς
2877 2976 2971 3030 τὸν
2991 2976 3329 3046 ἀνειληφότα
3350 2975 3549 3030 ἕνωσιν
3565 2992 3581 3006 ⁸
3603 2974 3757 3029 πάλιν

2175 3068 2293 3141 μετ’
2308 3068 2491 3137 ὀλίγα,
2534 3068 2675 3140 πρὸς
2697 3070 2796 3139 μὲν
2821 3068 2911 3123 τὸν
2936 3068 3065 3122 Υίόν
3085 3084 3251 3139 φησιν
3267 3084 3280 3098 ο
3302 3087 3322 3119 ι
3346 3069 3404 3121 Ὀ
3436 3067 3626 3139 θρόνος
3648 3084 3758 3127 σου.

2169 3163 2199 3215 6
2226 3160 2378 3225 Θεὸς,
2410 3162 2491 3224 εἰς
2511 3160 2603 3214 τὸν
2631 3160 2806 3215 αίῶνα
2824 3158 2918 3213 τοῦ
2954 3159 3149 3224 αἰῶνος
3174 3174 3188 3188 ·
3220 3158 3418 3229 ῥάϐδος
3447 3158 3757 3229 εὐθύτητος,

494 3252 670 3306 lexisti
708 3250 997 3318 justitiam,
1042 3258 1098 3303 et
1136 3246 1297 3302 odisti
1342 3244 1681 3316 iniquitatem
1725 3260 1739 3297 :
1784 3250 2067 3312 propterea

2178 3253 2205 3324 ἡ
2238 3252 2435 3323 ῥάϐδος
2462 3255 2564 3324 τῆς
2595 3252 2874 3324 βασιλείας
2903 3268 2998 3305 σου
3022 3269 3038 3284 ο
3060 3252 3363 3323 ἠγάπησας
3390 3251 3758 3321 δικαιοσύνην,

494 3342 651 3397 unxit
692 3352 744 3398 te
785 3340 953 3403 Deus,
999 3338 1141 3393 Deus
1182 3346 1338 3401 tuus,
1380 3338 1501 3391 oleo
1539 3334 1921 3390 exsultationis
1959 3347 2069 3402 pra

2178 3345 2265 3399 καὶ
2292 3345 2561 3416 ἐμίσησας
2598 3343 2830 3416 ἀνομίαν
2849 3358 2863 3373 ’
2890 3342 2980 3397 διὰ
3003 3342 3166 3397 τοῦτο
3196 3343 3386 3415 ἕχρισέ
3416 3360 3477 3397 σε
3507 3345 3535 3396 6
3556 3343 3706 3408 Θεὸς,
3732 3346 3760 3397 6

494 3432 851 3505 participibus
894 3431 1000 3486 tuis
1022 3429 1089 3482 °'.
1143 3446 1162 3481 ι
1209 3426 1328 3483 Jam
1371 3440 1499 3483 vero
1541 3426 1711 3490 Deus,
1754 3435 1807 3480 et
1850 3426 2069 3496 quidem

494 3526 685 3582 Gmco
710 3523 935 3580 articqu
963 3521 1253 3593 prmposito
1278 3520 1495 3591 proprie
1519 3520 1697 3574 dictus
1721 3517 1886 3584 Deus,
1914 3519 2069 3573 thro—

496 3631 734 3687 numque
769 3626 959 3671 tenens
992 3616 1044 3667 in
1084 3611 1340 3666 steculum
1380 3609 1583 3674 seculi,
1618 3611 1708 3679 qui
1748 3609 1862 3665 ﬁeri
1898 3619 2075 3679 potest

497 3718 555 3765 ut
594 3726 624 3764 a
668 3709 778 3764 Deo
817 3704 1083 3777 ungatur?
1117 3702 1395 3771 Quomodo
1432 3701 1502 3757 ab
1541 3700 1806 3757 electione
1848 3716 2073 3771 regnum

496 3801 781 3865 sortietur,
814 3799 904 3868 qui
932 3797 1057 3865 jure
1091 3793 1319 3849 naturali
1352 3808 1575 3863 regnum
1606 3792 1809 3847 habet?
1840 3811 1859 3845 ι
1899 3791 2074 3847 Thro-

497 3908 603 3950 nus
625 3895 767 3947 enim
803 3902 946 3955 tuus,
968 3888 1183 3960 833m
1208 3886 1402 3955 inquit,
1426 3884 1590 3949 Deus,
1615 3884 1667 3937 in
1688 3884 1943 3940 saeculum
1967 3899 2071 3940 sa:-

497 3984 628 4040 euli.
672 4000 694 4035 ι
733 3983 869 4038 Esse
903 3981 1086 4049 itaque
1123 3991 1329 4047 regem,
1363 3975 1694 4031 contrarium
1731 3985 1815 4031 est
1850 3975 2071 4031 dictioni

498 4075 626 4147 ungi
657 4076 711 4129 in
744 4088 947 4143 regem.
968 4070 1108 4137 Quia
1138 4067 1371 4123 dilexisti
1392 4066 1663 4135 justitiam
1691 4077 1745 4121 et
1775 4066 1940 4121 odisti
1969 4066 2076 4120 ini-

499 4170 785 4239 quitatem.
810 4163 945 4218 Nam
977 4163 1219 4218 laborum
1254 4159 1531 4230 premium
1562 4166 1647 4213 est
1680 4158 1789 4213 tale
1822 4173 2068 4231 regnum.

499 4260 708 4315 Rursus
748 4259 931 4327 itaque
976 4256 1143 4310 Deum
1171 4253 1323 4322 cuius
1355 4254 1582 4308 thronus
1610 4252 1663 4306 in
1690 4253 1946 4306 saeculum
1971 4265 2074 4306 sae-

498 4352 628 4419 culi,
652 4346 1112 4419 sempiternaliter
1132 4344 1280 4399 illum
1308 4344 1657 4399 exsistentem
1683 4342 2071 4414 intelligemus.

499 4442 636 4501 Eum
678 4453 859 4498 autem
900 4440 991 4509 qui
1033 4448 1222 4509 postea
1265 4446 1457 4492 unctus
1498 4433 1619 4500 fuit,
1661 4439 1883 4504 propter
1915 4448 2071 4489 suum

498 4534 707 4606 peccati
739 4532 947 4592 odium,
975 4537 1031 4584 et
1056 4526 1281 4597 iustitiae
1312 4538 1578 4589 amorem,
1607 4522 1755 4578 illum
1788 4522 2075 4578 credemus

2171 3436 2307 3501 Θεός
2334 3454 2451 3501 σου,
2502 3435 2682 3490 [λαιον
2730 3434 3109 3503 ἀγαλλιάσεως
3147 3436 3302 3506 παρά
3333 3436 3465 3499 τοὺς
3504 3435 3759 3507 μετόχους

2175 3546 2289 3583 σου.
2321 3548 2339 3580 ι
2381 3530 2441 3582 '0
2466 3529 2524 3582 δὲ
2552 3528 2711 3592 Θεὸς,
2742 3527 2837 3581 καὶ
2868 3525 3009 3598 μετά
3028 3526 3125 3581 τοῦ
3156 3526 3365 3598 ἄρθρου
3394 3545 3757 3601 προσαγορευ-

2173 3618 2286 3683 θεὶς
2309 3619 2464 3685 Θεὸς,
2484 3619 2582 3673 καὶ
2602 3618 2694 3671 τὸν
2716 3617 2903 3689 θρόνον
2925 3616 3067 3687 ἔχων
3090 3618 3171 3679 είς
3198 3616 3291 3670 τὸν
3317 3618 3497 3671 αίῶνα
3522 3618 3613 3672 τοῦ
3632 3618 3752 3672 altit-

2174 3728 2285 3774 νος,
2318 3709 2436 3774 πῶς
2462 3710 2530 3763 ἀν
2562 3708 2667 3763 ὑπὸ
2704 3708 2797 3762 τοῦ
2826 3707 2959 3762 Θεοῦ
2992 3708 3244 3781 χρισθείη
3270 3726 3284 3772 ;
3316 3709 3445 3772 Πῶς
3490 3710 3559 3764 ἂν
3584 3727 3753 3783 χειρο·

2172 3801 2403 3873 τονητὴν
2448 3800 2604 3856 λάσοι
2641 3799 2942 3872 βασιλείαν,
2991 3801 3231 3869 φυσικὴν
3268 3799 3410 3869 ἔχων
3446 3799 3747 3871 βασιλείαν;

2181 3912 2200 3944 ι
2229 3894 2287 3947 '0
2306 3892 2492 3965 θρόνος
2517 3910 2614 3947 σου
2644 3894 2778 3966 γὰρ,
2805 3893 2991 3963 φησὶν,
3016 3894 3045 3945 6
3070 3891 3227 3954 Θεὸς,
3255 3891 3446 3954 είςτὸν
3478 3892 3645 3946 αἰῶνα
3667 3892 3749 3946 τοῦ

2173 3986 2387 4048 αἰῶνος.
2416 4004 2434 4037 ι
2473 3983 2687 4038 Οὐκοῦν
2717 3984 2962 4040 ἰναντίον
3000 3983 3061 4037 τὸ
3107 3978 3252 4036 εἶναι
3286 3982 3521 4051 βασιλέα
3556 3984 3645 4038 τοῦ
3679 3986 3747 4048 εἰς

2177 4074 2399 4145 βασιλέα
2454 4074 2771 4146 χρισθῆναι,
2820 4074 2909 4128 διά
2950 4073 3013 4128 τὸ
3062 4074 3350 4144 ἀγαπῆσαι
3391 4073 3744 4145 δικαιοσύνην,

2176 4166 2271 4220 καὶ
2303 4166 2534 4237 μισῆσαι
2580 4166 2831 4237 ἀνομίαν,
2872 4166 3056 4219 Πόνων
3097 4168 3205 4237 γὰρ
3261 4162 3428 4221 ἆθλον
3469 4169 3506 4238 ἡ
3540 4167 3745 4239 τοιαύτη

2176 4257 2446 4329 βασιλεία.
2467 4257 2679 4312 Οὐκοῦν
2710 4257 2870 4314 πάλιν
2891 4258 2984 4312 τὸν
3014 4258 3114 4329 μὶν
3140 4258 3294 4324 Θεὸν,
3315 4251 3380 4313 οὗ
3401 4262 3432 4314 6
3465 4260 3649 4332 θρόνος
3678 4262 3747 4322 είς

2174 4347 2347 4401 αίῶνα
2375 4347 2593 4411 αἰῶνος,
2635 4347 2726 4401 τὸν
2750 4348 2839 4403 ἀεὶ
2858 4347 2990 4402 δντα
3011 4351 3277 4421 νοήσομεν
3293 4365 3307 4379 ·
3340 4348 3435 4403 τὸν
3455 4350 3515 4403 δὲ
3544 4350 3747 4422 ὕστερον

2174 4455 2307 4492 ποτε
2336 4438 2633 4509 χρισθέντα
2654 4438 2743 4493 διά
2774 4439 2835 4493 τὸ
2860 4440 2992 4511 περὶ
3016 4436 3117 4512 τὴν
3148 4441 3430 4511 ἁμαρτίαν
3465 4445 3637 4513 μῖσος,
3663 4442 3747 4496 καὶ

2174 4531 2273 4601 τὴν
2305 4529 2684 4601 ἀγαπηθεϊσαν
2715 4532 2807 4584 ὑπ’
2835 4531 3003 4584 αὑτοῦ
3036 4531 3409 4603 δικαιοσύνην,
3433 4534 3494 4586 τὸ
3524 4534 3583 4601 ἐξ
3604 4534 3746 4606 ἡμῶν

499 4627 565 4681 de
590 4623 750 4681 nobis
780 4630 1084 4691 sumptum,
1118 4629 1171 4674 et
1202 4631 1268 4672 ex
1309 4615 1507 4671 Davide
1542 4627 1703 4686 atque
1732 4615 2071 4683 Abrahamo,

2178 4618 2401 4695 ληφθὲν,
2432 4624 2495 4676 τὸ
2534 4624 2599 4677 ὲκ
2639 4623 2827 4688 Δασὶδ,
2871 4626 2933 4680 τὸ
2974 4624 3035 4691 ἐξ
3083 4624 3360 4697 Ἀϐραὰμ,
3405 4626 3470 4679 τὸ
3505 4628 3746 4698 μετόχους

497 4726 554 4773 et
591 4716 682 4786 qui
724 4714 860 4768 alios
900 4710 1191 4782 participes
1231 4708 1316 4762 sui
1355 4707 1540 4773 habet,
1577 4721 1714 4775 quos
1753 4706 1896 4761 inter
1932 4705 2077 4760 citri-

2177 4711 2323 4784 ἔχον,
2368 4707 2449 4778 οἷς
2480 4713 2799 4768 πλεονεκτεῖ
2833 4714 2912 4787 τῷ
2948 4716 3235 4788 χρίσματι,
3281 4718 3342 4770 δν
3396 4715 3576 4787 ἐαυτῷ
3608 4715 3746 4782 δεξα-

499 4817 673 4862 amate
708 4804 956 4867 excellit,
995 4804 1198 4873 quique
1237 4802 1420 4855 omnia
1477 4799 1801 4855 sanctissimi
1844 4797 2071 4869 Spiritus

2180 4822 2339 4878 μενον
2369 4807 2547 4861 πάντα
2579 4805 2649 4859 τά
2692 4806 3017 4879 χαρίσματα
3044 4806 3140 4861 τοῦ
3188 4809 3468 4876 παναγίον
3509 4808 3742 4881 Πνεῦμα-

498 4900 830 4956 charismata
873 4898 925 4951 in
964 4911 1023 4949 se
1063 4895 1285 4964 recepit.
1325 4894 1576 4963 Attamen
1615 4894 1669 4947 in
1711 4902 1940 4960 utraque
1978 4907 2077 4946 na-

500 5003 621 5047 tura
652 5006 813 5045 unum
846 4987 1038 5043 Filium
1068 4985 1435 5040 adorabimus.

573 5081 771 5137 lterum
811 5084 1001 5135 beatus
1039 5078 1239 5134 Paulus
1277 5077 1535 5131 Davidem
1572 5084 1769 5131 testem
1813 5075 2075 5132 invocans

500 5176 595 5247 qui
627 5176 705 5229 ait
736 5192 750 5229 :
788 5192 807 5225 ε
844 5172 1089 5236 Domine,
1123 5171 1250 5240 quid
1286 5176 1367 5224 est
1391 5171 1575 5233 homo,
1605 5170 1748 5239 quod
1780 5184 1987 5225 memor
2014 5184 2075 5224 es

499 5268 641 5337 ejus,
677 5274 769 5320 aut
806 5265 946 5319 illius
982 5264 1214 5317 hominis
1255 5262 1510 5329 quoniam
1549 5262 1739 5315 visitas
1773 5260 1937 5316 cum?
1971 5260 2072 5316 Mi-

502 5359 667 5413 nuisti
697 5372 818 5413 eum
841 5357 995 5427 paulo
1024 5357 1199 5409 minus
1226 5356 1291 5409 ab
1318 5354 1549 5425 angelis;
1580 5354 1751 5425 gloria
1781 5364 1835 5409 et
1865 5356 2072 5412 honore

502 5450 775 5505 coronasti
804 5467 927 5504 eum
958 5449 1037 5514 “;
1070 5467 1090 5501 ι
1118 5447 1361 5502 addidit:
1394 5465 1411 5497 ι
1445 5447 1579 5501 Eum
1614 5457 1792 5503 autem
1826 5448 1918 5516 qui
1951 5462 2067 5503 mo-

2174 4914 2265 4962 τος
2284 4915 2296 4926 ·
2328 4900 2386 4952 ἐν
2414 4897 2653 4970 ἑκατέρᾳ
2680 4898 2738 4954 δὲ
2762 4900 2923 4970 φύσει
2950 4898 3029 4972 (2)
3058 4900 3150 4953 τὸν
3174 4899 3272 4955 ενα
3297 4900 3430 4955 Υἱὸν
3451 4902 3738 4972 προσκυνη-

2178 5008 2384 5062 σωμεν,

2248 5084 2359 5138 Καὶ
2388 5078 2544 5148 αὖθις
2577 5078 2683 5147 δὲδ
2720 5084 2990 5157 μακάριος
3034 5082 3245 5148 Παῦλος
3277 5085 3373 5138 τὸν
3404 5084 3571 5140 Δασιδ
3601 5084 3739 5139 καλέ·

2181 5192 2280 5239 σας
2318 5178 2399 5240 είς
2444 5176 2752 5249 μαρτυρίαν
2790 5177 3018 5247 λέγοντα
3042 5194 3057 5209 ο
3091 5196 3110 5230 ι
3137 5178 3334 5248 Κύριε,
3376 5177 3429 5231 τί
3474 5179 3618 5232 ἔστιν
3655 5178 3733 5232 ἀνι

2176 5264 2394 5337 θρωπος
2429 5268 2511 5321 ὃτι
2554 5269 2843 5342 μιμνήσκῃ
2880 5268 3082 5337 αὐτοῦ,
3122 5269 3155 5340 ἢ
3188 5268 3306 5334 υίὸς
3666 5269 3733 5322 ὅτι

2176 5356 2487 5432 ἑπισκέπτῃ
2518 5360 2718 5427 αὖτόνς
2757 5362 3107 5426 Ἦλάττωσας
3142 5364 3306 5417 αὐτὸν
3346 5363 3524 5435 βραχύ
3550 5381 3598 5418 τι
3623 5361 3731 5431 παρ’

2177 5450 2463 5521 ἀγγέλους,
2501 5448 2626 5524 δόξῃ
2656 5454 2753 5507 καὶ
2781 5459 2916 5527 τιμῇ
2953 5455 3339 5523 ἐστεφάνωσας
3372 5456 3540 5511 αὐτόν
3560 5473 3573 5486 ·
3595 5474 3613 5507 ι
3645 5455 3730 5507 ιπ-

573 5630 619 5665 ⁵⁸
655 5629 817 5683 Hebr.
844 5645 885 5694 t,
921 5630 972 5682 5.
1049 5626 1095 5657 "
1128 5627 1257 5683 ibid.
1294 5626 1347 5681 4.
1427 5624 1471 5657 ⁸⁸
1503 5624 1631 5681 ibid.
1656 5625 1709 5692 8,
1738 5624 1790 5679 ο.
1871 5627 1911 5658 ⁶¹
1950 5624 2071 5683 llebi

2178 5645 2213 5693 I,
2258 5630 2313 5696 6,
2341 5630 2397 5689 '7.

574 5786 648 5854 (ί)
689 5785 767 5839 Ad
792 5785 931 5839 hunc
956 5782 1108 5837 Lucae
1132 5783 1309 5836 locum
1336 5782 1476 5854 quod
1505 5780 1696 5854 attinet
1719 5781 1926 5852 legatur
1956 5783 2072 5854 pul-

497 5852 637 5925 citra
664 5854 850 5925 Cyrilli
882 5856 1054 5925 nostri
1085 5853 1361 5925 enarratio
1388 5853 1547 5925 etiam
1590 5853 1644 5904 in
1674 5852 2076 5925 commgitariis

495 5924 614 5989 ejus
634 5918 766 5989 quos
794 5940 888 5982 nos
914 5924 1199 5981 edidimus.
1226 5920 1485 5992 (Hujusce
1506 5921 1710 5977 Patral.
1739 5933 1777 5980 t.
1810 5918 2072 5993 LXXII.)

2256 5787 2336 5859 (2)
2380 5786 2477 5843 Hic
2506 5803 2720 5860 quoque
2750 5791 2885 5843 duas
2902 5788 2963 5860 in
2985 5803 3100 5860 Auno
3123 5787 3348 5860 Christo
3375 5801 3596 5844 naturas
3617 5788 3734 5860 apud

2184 5857 2441 5931 Cyrillum
2479 5857 2728 5933 legimus,
2762 5858 2945 5917 invitia
2978 5857 3177 5915 frustra
3214 5859 3555 5915 Severianis.
