3926 6492
179 468 336 522 “57
1432 480 1519 535 DE
1557 478 2073 537 INCARNATIONE
2114 477 2372 536 DOMINI.
3411 470 3553 528 (453

170 586 422 659 ἤγαγε·
471 610 497 646 0
534 594 649 650 Τὸν
687 596 747 652 δὲ
787 598 962 671 βραχύ
1011 616 1064 653 τι
1108 599 1241 671 παρ’
1281 600 1551 670 ἀγγέλους
1596 604 1827 672 ἠλαττωι

1950 603 2075 660 dico
2118 618 2282 674 quam
2327 602 2506 673 angeli
2550 600 2859 657 minoralns
2902 607 3005 661 est,
3047 594 3295 651 videmus
3333 592 3545 655 Iesum,

177 681 373 750 μένον
424 683 729 759 βλέπομεν
764 690 995 759 Ἰησοῦν,
1037 690 1129 746 διὰ
1164 691 1227 746 τὸ
1269 692 1503 764 πάθημα
1543 691 1641 749 τοῦ
1676 692 1827 747 θανά-

1948 704 2174 766 propter
2201 696 2508 765 passionem
2541 692 2757 758 mortis,
2787 691 2959 762 gloria
2992 698 3046 745 et
3077 691 3285 745 honore
3314 701 3549 745 cumna-

169 788 323 838 του.
380 776 549 853 δόξῃ
588 781 686 835 καὶ
734 785 868 855 τιμῇ
920 783 1398 857 ἑστεφανωμένον,
1459 786 1605 849 ὅπως
1660 786 1827 855 χάριτη

1947 797 2093 852 tum,
2140 797 2200 841 ut
2244 786 2419 858 gratia
2468 783 2598 852 Dei,
2640 798 2741 856 pro
2782 780 3038 840 omnibus
3082 787 3315 835 mortem
3362 787 3547 849 gusta-

170 860 338 919 Θεοῦ
376 867 558 942 ὑπὲρ
585 872 789 936 παντὸς
814 873 1082 946 γεύσηται
1111 874 1368 930 Θανάτου.
1395 894 1413 927 ι
1449 875 1623 930 Τοῦτο
1651 876 1708 929 δὲ
1746 876 1827 947 μάε

1946 888 2030 934 ret
2055 879 2123 934 ⁶¹.
2164 898 2183 931 ι
2216 880 2331 935 Hoc
2362 886 2545 933 autem
2577 875 3030 934 manifestissime
3061 871 3331 940 assumpti
3366 865 3545 925 humi-

173 951 371 1011 λιστα
437 961 651 1030 σαφῶς
689 963 929 1019 δείκνυσι
958 966 1053 1021 τοῦ
1097 966 1501 1037 ἀναληφθέντος
1550 967 1827 1039 ἀνθρώπω.

1942 970 2032 1025 nis
2062 970 2455 1041 perfectionem
2489 968 2852 1025 demonstrat.
2883 966 2973 1020 Ait
3002 962 3148 1020 enim
3179 980 3195 1018 :
3234 980 3254 1014 ι
3292 960 3432 1028 Quid
3460 969 3548 1015 est

172 1046 247 1101 es
287 1050 576 1107 τέλειον·
606 1056 701 1110 καὶ
728 1059 840 1131 γάρ
893 1076 1026 1131 φησι
1046 1077 1060 1091 ·
1097 1079 1118 1113 ι
1146 1060 1213 1114 Τί
1242 1061 1391 1115 ἐστιν
1419 1060 1727 1133 ἄνθρωπος,
1759 1062 1827 1115 ὃτι

1944 1064 2127 1128 homo,
2162 1062 2307 1133 quod
2343 1075 2554 1116 memor
2582 1074 2645 1116 es
2679 1060 2835 1128 ejus?
2874 1077 2893 1110 ι
2936 1056 3044 1112 Sed
3080 1054 3209 1127 quid
3251 1060 3338 1109 est
3375 1053 3546 1109 homo

179 1144 539 1218 μιμνήσκῃ
594 1150 798 1219 αὐτοῦς
835 1170 855 1203 t
896 1153 1034 1207 ἀλλά
1078 1154 1132 1206 τί
1177 1153 1327 1209 ἐστιν
1374 1153 1696 1225 ἄνθρωπος,
1745 1155 1827 1207 καλ

1942 1157 2068 1211 dum
2112 1158 2207 1221 ait,
2247 1154 2560 1209 universam
2601 1152 2762 1208 simul
2801 1159 3056 1205 naturam
3099 1143 3541 1220 comprehendit.

1941 1247 2007 1302 Et
2046 1247 2173 1301 dum
2218 1246 2504 1301 Dominum
2546 1244 2805 1315 appellat,
2846 1241 3014 1297 Deum
3044 1237 3285 1295 Verbum
3327 1234 3546 1291 inhabi-

1942 1349 2063 1395 tans
2096 1339 2245 1405 dicit,
2270 1338 2416 1409 quod
2448 1352 2561 1392 sua:
2593 1335 2851 1404 imaginis
2882 1347 3092 1388 memor
3119 1326 3247 1394 fuit,
3276 1327 3423 1399 quod
3460 1326 3546 1381 in-

1938 1431 2207 1488 effabilem
2231 1429 2575 1486 clementiam
2598 1427 2957 1499 exprompsit.
2984 1422 3273 1479 Hominem
3298 1418 3540 1489 denique

1938 1526 2012 1579 ait
2064 1522 2193 1578 illud
2220 1522 2364 1593 quod
2390 1522 2458 1578 de
2485 1520 2643 1577 nobis
2670 1528 2948 1588 sumptum
2975 1527 3059 1573 est
3087 1512 3369 1586 templum,
3393 1512 3541 1582 quod

176 1238 403 1291 πᾶσαν
453 1242 603 1311 ὁμοῦ
634 1243 733 1316 τὴν
771 1245 935 1313 φύσιν
970 1245 1312 1317 περιλαϐών·
1347 1248 1443 1303 καὶ
1490 1248 1696 1319 Κύριον
1742 1248 1841 1318 μὲν

176 1335 735 1405 προσαγορεύσας,
780 1338 873 1392 τὸν
926 1341 1284 1411 ένοικήσαντα
1330 1339 1463 1394 Θεὸν
1505 1340 1702 1409 Λόγον,
1748 1340 1840 1395 τὸν

173 1422 299 1491 τῆς
344 1424 591 1489 οἰκείας
630 1429 837 1494 εἰκόνος
885 1431 1215 1501 μνησθέντα,
1261 1432 1355 1485 τὸν
1383 1434 1611 1504 ἀρρήτῳ
1651 1431 1840 1501 φιλαν-

179 1514 456 1590 θρωπίᾳ
523 1522 918 1592 χρησάμενονο
975 1522 1267 1595 ἄνθρωπον
1322 1523 1380 1578 δὲ
1424 1523 1514 1578 τὸν
1558 1524 1618 1591 ἑξ
1679 1523 1838 1595 ἡμῶν

179 1608 625 1682 ἀναληφθέντα
656 1612 803 1679 ναὸν,
833 1614 893 1669 ὃν
922 1619 991 1686 τῇ
1028 1616 1304 1689 παρουσίᾳ
1333 1616 1703 1686 ἐπεσκέψατο,
1741 1616 1827 1669 καῖ

1940 1614 2229 1686 ριάξεεηιῖιι
2256 1629 2355 1670 sua
2380 1612 2650 1679 visitavit,
2676 1612 2896 1683 sibique
2919 1608 3219 1681 capulavit,
3242 1619 3420 1675 eaque
3444 1604 3543 1658 sd-

181 1700 405 1773 ιαυτῷ
447 1705 684 1775 συνῆψε,
714 1707 810 1760 καὶ
838 1709 904 1779 τῇ
940 1708 1131 1762 ένώσει
1170 1708 1271 1779 τὴν
1316 1708 1594 1779 σωτηρίαν
1648 1707 1827 1778 εἰργά-

1939 1708 2198 1763 unatione
2222 1705 2451 1761 salutem
2478 1706 2709 1778 peregit.
2730 1702 2863 1773 Quae
2887 1702 3003 1773 ipse
3030 1701 3403 1772 interpretans
3425 1695 3536 1750 ait:

184 1806 351 1845 σατο
372 1809 393 1824 ο
431 1794 536 1847 καὶ
568 1794 728 1849 τοῦτο
776 1796 1098 1869 ἑρμηνεύων
1128 1797 1268 1869 ἔφη’
1302 1815 1321 1849 ι
1352 1798 1456 1852 Τὸν
1474 1797 1532 1851 δὲ
1568 1798 1745 1869 βραχύ
1785 1816 1827 1852 1t

1942 1818 1962 1852 ι
2008 1798 2143 1855 Ειιιη
2184 1810 2365 1856 autem
2402 1798 2496 1870 qui
2539 1798 2759 1855 modico
2800 1812 2964 1867 quam
3010 1793 3189 1864 angeli
3232 1792 3538 1846 minoratus

184 1881 349 1951 παρ’
374 1882 665 1951 ἀγγέλους
689 1884 1079 1957 ἠλαττωμένον
1108 1886 1383 1958 βλέπομεν
1419 1887 1628 1959 Ἰησοῦν
1656 1888 1747 1942 διὰ
1772 1888 1827 1943 τὸ

1936 1901 2046 1959 est,
2084 1891 2333 1949 videmus
2373 1891 2593 1959 Iesum,
2632 1899 2856 1963 propter
2894 1888 3091 1944 mortis
3126 1886 3464 1959 passionem.
3511 1900 3534 1935 ο

184 1972 475 2046 πάθημα
511 1972 609 2029 τοῦ
644 1975 899 2033 θανάτουε
924 1992 955 2030 t‘
992 1979 1261 2035 ’Δπέθανε
1290 1980 1349 2036 δὲ
1380 1958 1489 2053 οὐχ
1508 1984 1537 2036 0
1566 1981 1827 2046 ἀθάνατος

1938 1958 2184 2039 Mortuus
2206 1992 2291 2040 est
2316 1983 2500 2055 itaque
2523 1958 2991 2039 non-immortalis
3020 1977 3308 2045 Dens,sed
3338 1984 3538 2030 natura

183 2063 351 2129 Θαδς
389 2065 599 2136 Λόγος,
632 2066 750 2123 ἀλλ’
781 2070 815 2139 ἡ
850 2069 1022 2142 θνητὴ
1056 2070 1239 2143 φύσις.
1274 2072 1367 2126 Διὸ
1400 2074 1497 2127 καὶ
1534 2071 1838 2143 ἠλαττοῦτο

190 2151 408 2226 βραχύ
452 2171 507 2209 τι
569 2158 702 2229 παρ’
728 2154 1034 2226 ἀγγέλους,
1074 2158 1155 2230 τῷ
1196 2161 1323 2224 τούς
1390 2160 1489 2231 μὲν
1529 2160 1836 2227 ἀθανάτους

188 2242 393 2311 εῖναι,
433 2246 535 2321 τὴν
574 2248 631 2303 δὲ
663 2247 886 2321 θνητήν.
926 2249 988 2308 '0
1016 2250 1074 2307 δὲ
1094 2250 1230 2315 Θεὸς
1259 2252 1434 2321 Λόγος
1456 2254 1556 2306 οὐκ
1592 2254 1833 2308 ἐλάττων

192 2336 511 2409 ἀγγέλων,
552 2341 689 2397 ἀλλά
715 2343 985 2415 δεσπότης
1013 2343 1303 2415 ἀγγέλων
1344 2365 1363 2398 ι
1403 2345 1492 2399 Ἐν
1522 2344 1675 2416 αὐτῷ
1721 2344 1834 2417 γάρ

195 2431 467 2505 ὶκτίσθη
506 2433 577 2488 τά
616 2434 831 2502 πάντα,
863 2434 975 2511 εἴτε
1021 2436 1229 2505 ὁρατὰ,
1273 2437 1387 2492 εἴτε
1431 2436 1679 2510 ἀόρατα,
1720 2438 1833 2491 εἶτε

195 2520 453 2593 Θρόνοι,
484 2526 596 2578 εῐτε
627 2526 985 2599 κυριότητες,
1007 2528 1117 2603 εἴτε
1148 2528 1360 2600 ’Δρχαὶ,
1387 2528 1498 2583 εἴτε
1536 2528 1831 2597 Ἐξουσίαι,

198 2610 338 2669 εἴτε
372 2616 658 2685 ’Δγγελοι,
681 2618 791 2671 εἴτε
813 2619 1088 2691 Δυνάμεις
1103 2637 1116 2650 ·
1148 2622 1328 2678 πάντα
1352 2623 1410 2676 δὲ
1432 2623 1497 2678 δι’
1524 2624 1716 2689 αὐτοῦ,
1738 2626 1833 2681 καὶ

200 2706 299 2771 εἰς
338 2707 516 2763 αὐτὸν
547 2708 813 2766 ἔκτισται.
848 2731 867 2763 ι
920 2712 1033 2767 Καὶ
1074 2713 1216 2785 μετά
1247 2715 1418 2769 πολλά
1459 2716 1625 2770 πάλιν
1645 2735 1657 2748 ·
1690 2736 1709 2770 ι
1736 2720 1833 2783 Ὃς

202 2800 276 2853 ιν
302 2804 443 2865 ταῖς
472 2802 729 2873 ἡμέραις,
758 2806 914 2875 φησί,
941 2806 1043 2877 τῆς
1076 2807 1281 2878 σαρκὸς
1310 2809 1475 2863 αὐτοῦ
1500 2811 1712 2882 δεήσεις
1738 2815 1833 2867 καὶ

207 2891 525 2963 ἱκετηρίας
555 2895 693 2966 πρὸς
731 2896 826 2949 τὸν
867 2897 1166 2968 δυνάμενον
1190 2900 1352 2953 αὐτὸν
1377 2903 1441 2955 ὲκ
1472 2901 1704 2957 θανάτου
1739 2905 1833 2974 ῥύ-

211 2984 440 3039 σασθαι
488 2988 627 3055 μετά
678 2991 929 3060 κραυγῆς
970 2992 1197 3064 ἰσχυρᾶς
1241 2994 1619 3066 καὶνδακρύων
1662 3014 1832 3069 προσο

210 3077 509 3146 ινεγκὼν,
555 3080 653 3133 καὶ
715 3082 1093 3148 εἰσακουσθεὶς
1147 3085 1256 3138 ἀπὸ
1307 3086 1406 3157 τῆς
1453 3087 1762 3153 εὐλαϐείας.
1804 3109 1823 3142 t

214 3169 460 3243 Καίπερ
488 3169 564 3223 ὢν
599 3171 746 3237 Υἱὸς,
783 3173 989 3244 ἔμαθεν
1022 3176 1081 3242 ἐξ
1128 3170 1205 3231 ὧν
1231 3176 1400 3232 ἔπαθε
1430 3178 1531 3251 τὴν
1562 3181 1827 3254 ὑπακοὴν,

214 3259 327 3314 καὶ
352 3260 663 3327 τελειωθεὶς
693 3263 915 3333 γέγονεν
944 3266 1117 3320 ἀπασι
1144 3268 1255 3331 τοῖς
1281 3268 1649 3325 ὑπακούουσιν
1677 3272 1829 3346 αὐτῷ

215 3351 410 3416 αἴτιος
440 3354 715 3423 σωτηρίας
753 3357 998 3413 αἰωνίου.

298 3529 405 3594 Τίς
439 3530 619 3584 τοίνυν
644 3534 674 3586 0
703 3536 1173 3607 προσευχόμενος,
1215 3539 1310 3593 καὶ
1340 3540 1558 3613 δεήσεις
1587 3545 1681 3598 καὶ
1718 3545 1831 3599 ἰκε-

218 3621 431 3692 τηρίας
451 3622 590 3692 μετά
619 3625 870 3695 κραυγῆς
892 3627 1123 3699 ἰσχυρᾶς
1139 3630 1235 3685 καὶ
1254 3631 1510 3704 δακρύων
1531 3651 1834 3705 *ιιιροσενεγ⁶

221 3713 379 3779 κών;
429 3715 526 3778 Τίς
570 3717 599 3768 0
627 3718 685 3769 ὲν
717 3718 974 3791 εὐλαϐείᾳ
1012 3723 1285 3794 συζήσας,
1321 3726 1416 3779 καὶ
1445 3726 1534 3781 διὰ
1563 3728 1725 3784 τοῦτο
1770 3731 1831 3785 ὃν

222 3806 481 3860 ικέτευσε
537 3807 771 3875 πείσας;
803 3809 901 3874 Τίς
930 3813 960 3867 0
995 3813 1185 3883 μαθὼν
1231 3816 1327 3883 ἀφ’
1376 3811 1453 3871 ὧν
1504 3818 1676 3875 ἔπαθε
1730 3822 1830 3895 τὴν

220 3897 501 3971 ὑπακοὴν,
531 3901 623 3952 καὶ
649 3900 748 3971 τὴν
774 3905 974 3973 πεῖραν
1000 3904 1181 3960 λαϐὼν
1206 3908 1550 3976 διδάσκαλον,
1580 3912 1676 3966 καὶ
1708 3916 1833 3969 ταύ-

221 4005 330 4061 την
357 3989 571 4058 ἀγνοῶν
594 3992 699 4063 πρὸ
724 3996 823 4064 τῆς
851 3995 1045 4067 πείρας
1067 4016 1081 4062 ;
1107 3999 1203 4063 Τίς
1230 4002 1257 4053 0
1280 4000 1461 4055 λαϐὼν
1487 4005 1631 4059 κατά
1663 4008 1832 4078 μέρος

219 4081 330 4151 τὴν
368 4078 719 4153 τελειότητας
750 4086 866 4157 Οὐχ
907 4089 936 4138 0
974 4088 1107 4151 θεὸς
1138 4091 1334 4159 Λόγος,
1365 4095 1395 4146 0
1426 4093 1654 4161 τέλειος,
1689 4099 1718 4150 0
1752 4101 1831 4152 εἰ·

220 4171 552 4266 δὼςᾉπάντα
592 4175 724 4245 πρὶν
770 4180 1039 4245 γενέσεως
1072 4181 1272 4245 αὐτῶν,
1306 4183 1422 4237 ἀλλ’
1444 4189 1507 4240 οὐ
1547 4192 1614 4260 τῇ
1665 4191 1831 4266 πείρᾳ

227 4264 556 4338 μανθάνων
582 4267 613 4320 ὁ
659 4270 869 4335 πάντας
902 4272 1043 4342 ἔχων
1088 4274 1548 4347 εὐλαϐουμένους,
1584 4281 1699 4335 ἀλλ’
1725 4264 1829 4339 οὐκ

223 4357 397 4423 αὐτὸς
424 4358 822 4430 εὐλαϐούμενος
846 4380 859 4393 ·
892 4365 921 4415 0
953 4364 1289 4436 ἀφελόμενος
1315 4370 1424 4423 πᾶν
1455 4371 1692 4444 δάκρυον
1719 4376 1828 4431 ἀπὸ

224 4449 437 4514 παντὸς
474 4450 792 4519 προσώπου,
820 4452 937 4506 ἀλλ’
963 4456 1025 4507 οὐ
1056 4455 1317 4528 δακρύειν
1352 4461 1445 4514 ὐπ’
1470 4462 1663 4535 ὀδύνης
1696 4466 1827 4520 ἀνα-

223 4542 603 4613 γκαζόμενος*
639 4545 668 4596 0
696 4545 915 4615 ἀπαθὴς
956 4550 1051 4601 καὶ
1085 4548 1370 4616 ἀθάνατος,
1401 4554 1517 4607 ἀλλ’
1543 4558 1605 4609 οὐ
1638 4558 1825 4625 δεδιὼς

1940 2073 2210 2129 mortalis.
2257 2072 2382 2129 Ideo
2420 2081 2477 2131 et
2520 2073 2737 2129 modico
2779 2071 2922 2128 infra
2967 2068 3191 2140 angelos
3232 2065 3540 2122 minoratns

1935 2172 2043 2228 est,
2069 2164 2195 2232 quia
2224 2164 2277 2218 hi
2304 2173 2434 2219 sunt
2463 2161 2825 2226 immortales,
2852 2160 2944 2215 illa
2972 2173 3133 2215 secus
3164 2167 3361 2213 natura
3390 2169 3539 2210 mor-

1937 2255 2064 2311 talis
2089 2265 2193 2312 est.
2220 2254 2393 2314 Porro
2422 2255 2565 2311 Deus
2589 2254 2827 2311 Verbum
2854 2268 2961 2308 non
2991 2260 3078 2308 est
3105 2248 3247 2305 infra
3276 2247 3500 2317 angelos
3518 2286 3537 2310 ,

1934 2348 2032 2403 sed
2061 2347 2377 2415 angelorum
2404 2344 2625 2418 833m
2656 2344 2937 2400 Dominus.
2985 2360 3003 2393 ι
3035 2339 3305 2408 Quoniam
3332 2338 3386 2392 in
3418 2337 3539 2405 ipso

1935 2440 2157 2496 condita
2192 2447 2319 2494 sunt
2352 2438 2641 2500 universa,
2679 2436 2794 2492 sive
2830 2434 3099 2498 visibilia.
3138 2432 3254 2487 sive
3288 2429 3540 2484 invisibi-

1930 2530 2030 2598 ‘iia,
2062 2530 2179 2587 sive
2207 2529 2439 2597 Throni,
2471 2528 2591 2585 sive
2626 2527 3063 2591 Dominationes,
3098 2526 3215 2579 sive
3252 2522 3538 2592 Principa-

1936 2632 2055 2689 tus,
2081 2622 2196 2679 sive
2223 2619 2559 2687 Potestates,
2587 2621 2703 2676 sive
2722 2618 2918 2689 Angeli
2936 2658 2953 2684 ,
2980 2617 3095 2673 sive
3112 2612 3390 2679 Virtutes;
3416 2627 3536 2668 om-

1934 2715 2237 2771 niaautem
2270 2727 2367 2785 per
2393 2714 2593 2784 ipsum,
2618 2721 2677 2769 et
2704 2713 2760 2767 in
2794 2710 2916 2781 ipso
2946 2717 3132 2765 creata
3164 2716 3293 2761 sunt
3316 2705 3383 2759 ⁸³.
3420 2722 3441 2757 ι
3471 2702 3539 2758 Ει

1935 2808 2063 2864 alibi
2106 2807 2286 2863 denuo
2324 2823 2340 2862 :
2384 2825 2403 2859 ι
2448 2805 2553 2873 Qui
2596 2806 2651 2860 in
2696 2804 2914 2867 diebus,
2959 2802 3155 2870 inquit,
3194 2799 3380 2854 carnis
3422 2811 3537 2851 sua:

1933 2912 2127 2969 preces
2162 2896 2702 2968 supplicationesque
2737 2895 2803 2951 ad
2840 2910 3002 2959 eum,
3036 2892 3131 2963 qui
3171 2892 3353 2962 possit
3380 2888 3535 2943 illum

1932 2990 2142 3045 salvum
2177 2988 2360 3046 facere
2396 3004 2426 3045 a
2467 2998 2666 3056 morte,
2703 3003 2828 3045 cum
2863 2987 3102 3042 clamore
3136 2984 3325 3039 valido
3354 2990 3409 3036 et
3451 2981 3536 3036 la-

1931 3083 2136 3154 crymis
2178 3078 2445 3147 oﬂ‘erens,
2493 3080 2788 3136 exauditus
2838 3087 2924 3135 est
2975 3092 3074 3147 pro
3120 3090 3219 3131 sua
3271 3088 3536 3129 reveren-

1935 3178 2005 3230 tia
2032 3173 2099 3229 “.
2145 3192 2167 3228 ο
2204 3173 2270 3229 Et
2302 3174 2524 3245 quidem
2566 3189 2689 3229 cum
2728 3182 2874 3229 esset
2911 3170 3110 3236 Filius,
3148 3168 3338 3225 didicit
3362 3181 3429 3222 ex
3466 3168 3535 3222 iis

1935 3282 2056 3337 qua:
2092 3281 2287 3337 passus
2319 3276 2407 3322 est
2436 3265 2802 3321 obedientiam
2837 3283 2853 3321 :
2885 3276 2940 3320 et
2975 3271 3411 3326 consummatus,
3446 3259 3533 3315 fa-

1935 3368 2056 3413 ctus
2085 3366 2173 3415 est
2206 3357 2462 3413 omnibus
2491 3356 3002 3427 obtemperantibus
3032 3355 3156 3419 sibi.
3187 3367 3353 3411 causa
3387 3352 3533 3408 salu.

1934 3452 2002 3507 tis
2031 3461 2271 3508 eterna.

2002 3540 2137 3609 Quis
2165 3555 2299 3612 ergo
2333 3549 2420 3597 est
2450 3554 2639 3606 orans,
2670 3548 2726 3596 et
2759 3554 2955 3611 preces
2989 3537 3533 3609 supplicationesque

1931 3645 2055 3686 cum
2086 3632 2328 3686 clamore
2353 3632 2533 3687 valido
2562 3641 2617 3687 et
2647 3631 2905 3702 lacrymis
2935 3628 3208 3686 offerens?
3238 3628 3374 3696 Quis
3406 3644 3530 3683 eum

1932 3722 2184 3794 religiosa
2217 3725 2517 3780 reverentia
2546 3724 2757 3789 vivens,
2788 3724 3019 3793 ideoque
3048 3723 3116 3779 ab
3147 3737 3213 3777 eo
3244 3736 3406 3791 quem
3442 3736 3533 3777 ro-

1928 3816 2076 3888 gavit
2106 3815 2441 3887 impetrans?
2466 3816 2600 3881 Quis
2629 3817 2850 3873 discens
2875 3832 2941 3871 ex
2973 3817 3038 3871 iis
3066 3831 3190 3886 qua:
3219 3828 3417 3885 passus
3444 3823 3534 3870 est

1928 3908 2318 3976 obedientiam,
2346 3918 2402 3965 et
2432 3908 2681 3977 magistri
2714 3907 2835 3964 loco
2862 3907 3260 3976 experientiam
3294 3907 3531 3973 habens,

1930 4004 2155 4073 ignarus
2182 4004 2302 4072 ejus
2330 4001 2407 4057 rei
2440 4011 2740 4071 antequam
2769 4000 3152 4071 experiretur?
3199 4000 3337 4068 Quis
3366 4001 3533 4070 pede-

1931 4098 2122 4152 tentim
2158 4096 2391 4168 adeptus
2428 4106 2513 4152 est
2551 4093 2982 4165 perfectionem?
3020 4093 3173 4149 Haud
3212 4107 3345 4148 sane
3387 4093 3531 4149 Deus

1928 4188 2191 4256 Verbum,
2227 4189 2528 4259 perfectum
2566 4188 2717 4252 illud,
2743 4197 2799 4243 et
2834 4190 2978 4259 quod
3013 4188 3200 4243 omnia
3234 4196 3529 4256 antequam

1928 4283 2062 4337 [iant
2089 4283 2261 4348 novit,
2293 4282 2519 4337 minime
2547 4298 2676 4338 vero
2705 4280 3044 4352 experientia
3079 4280 3299 4335 discens
3334 4298 3348 4334 :
3382 4281 3531 4349 quod

1925 4389 2118 4431 omnes
2142 4374 2309 4429 habet
2327 4374 2412 4429 sui
2437 4374 2696 4439 cultores,
2720 4374 2850 4428 dum
2877 4372 2945 4427 ab
2966 4373 3085 4441 ipso
3107 4372 3307 4428 colitur
3328 4384 3529 4439 nemo;

1926 4465 2182 4523 auferens
2214 4466 2284 4520 ab
2310 4466 2458 4521 omni
2495 4466 2637 4521 facie
2668 4466 2989 4537 lacrymam,
3019 4465 3195 4535 ipsum
3222 4478 3355 4519 vero
3384 4463 3532 4518 nullo

1926 4562 2114 4617 dolore
2150 4560 2441 4632 laerymari
2477 4559 2819 4630 compulsum
2854 4576 2870 4626 ;
2905 4558 3272 4630 impossibile,
3309 4558 3531 4611 immor-

224 4634 322 4732 τον
354 4632 604 4732 θάνατον,
638 4635 731 4688 καὶ
784 4637 922 4704 μετά
972 4640 1225 4711 κραυγῆς
1270 4644 1531 4700 ἱκετεύων
1576 4648 1823 4703 ἀπαλλα-

1933 4655 2061 4720 tale,
2099 4670 2204 4709 non
2248 4662 2432 4708 autem
2476 4663 2707 4707 mortem
2757 4652 2978 4717 timens,
3028 4666 3205 4721 neque
3249 4659 3308 4704 ut
3352 4650 3421 4705 ab
3463 4666 3527 4704 ea

226 4725 395 4795 γῆναι
428 4724 682 4780 θανάτου.
716 4728 930 4782 Οὐκοῦν
960 4730 1065 4784 ῐδια
1092 4733 1267 4788 ταῦτα
1290 4738 1391 4807 τῆς
1422 4739 1826 4813 ἀναληφθείσης

226 4816 690 4889 ἀνθρωπύτητος,
726 4822 758 4889 ἧ
795 4821 889 4875 καὶ
932 4822 1024 4876 τὸν
1057 4823 1289 4881 θάνατον
1338 4828 1553 4896 ἐδεδίει,
1606 4834 1703 4886 καὶ
1743 4834 1823 4889 δι-

226 4908 405 4961 ετέλει
444 4911 897 4982 προσευχομένη,
944 4915 1042 4985 τῆς
1095 4919 1413 4993 ἑνοικούσης
1460 4922 1727 4997 Θεότητος
1749 4927 1827 4997 τῷ

227 5002 382 5073 φόϐῳ
422 5004 894 5076 παραγωρούσης,
934 5008 1021 5060 ἵνα
1053 5009 1142 5063 διὰ
1174 5012 1283 5066 τῶν
1321 5015 1664 5085 παθημάτων
1713 5020 1825 5074 δει-

228 5094 335 5166 χθῇ
381 5093 473 5148 τοῦ
508 5095 806 5166 ληφθέντος
849 5100 882 5170 ἡ
920 5099 1102 5169 φύσις.
1153 5105 1263 5159 Καὶ
1314 5107 1508 5160 πάλινο
1550 5131 1567 5163 ι
1598 5114 1673 5166 Οὐ
1717 5113 1827 5186 γὰρ

226 5188 402 5260 δήπου
466 5188 718 5257 ἀγγέλων
780 5191 1249 5264 ἐπιλαμϐάνεται,
1311 5198 1448 5253 ἀλλά
1509 5204 1827 5275 σπέρματος

242 5280 492 5351 Ἀϐραὰμ
542 5281 1012 5353 ἐπιλαμϐάνεται·
1050 5288 1173 5341 ὅθεν
1217 5289 1418 5359 ὤφειλε
1470 5296 1611 5351 κατά
1646 5298 1827 5353 πάντα

227 5375 341 5435 τοίς
387 5372 637 5441 ἀδελφοῖς
671 5377 1041 5449 ὁμοιωθῆναι,
1090 5383 1171 5444 εἰς
1214 5384 1277 5435 τὸ
1335 5385 1655 5443 ἱλάσκεσθαι
1700 5396 1820 5457 ταῖς

230 5464 530 5535 ἁμαρτίαις
570 5466 665 5518 τοῦ
711 5468 862 5524 λαοῦ.
896 5490 914 5523 t
966 5472 1053 5527 Ἑν
1097 5466 1140 5541 ᾧ
1180 5476 1291 5547 γὰρ
1340 5479 1609 5536 πέπονθεν
1664 5486 1826 5549 αὐτὸς

236 5557 578 5626 πειρασθεὶς,
627 5559 853 5617 δύναται
900 5569 1014 5631 τοῖς
1073 5572 1493 5641 πειραζομένοις
1534 5575 1821 5646 βοηθῆσαι.

236 5650 341 5702 Καὶ
375 5654 494 5719 μετ’
534 5652 725 5722 ὀλίγα·
764 5675 780 5705 ι
813 5658 885 5710 Οὐ
919 5660 1029 5730 γὰρ
1068 5662 1267 5733 ἔχομεν
1312 5667 1576 5738 ἀρχιερέα
1622 5670 1697 5739 μὴ
1732 5671 1824 5723 δυ-

235 5740 461 5809 νάμενον
510 5744 868 5815 συμπαθήσαι
903 5751 1023 5811 ταῖς
1051 5751 1360 5818 ἀσθενείαις
1407 5756 1587 5824 ἡμῶν,
1632 5775 1825 5812 πεπει-

301 5917 341 5946 ’¹
369 5917 533 5974 ιιιιπ.
567 5932 626 5990 ιι,
669 5922 721 5979 9.

801 5926 844 5950 ”
878 5926 1085 5985 Coloss.
1117 5947 1152 5997 ι,
1199 5930 1274 5984 Ιίῑ.
1438 5930 1597 5989 Hebr.
1633 5952 1679 6002 \,
1720 5940 1745 5989 7

1927 4748 2191 4803 liberetur
2224 4761 2349 4800 eum
2394 4743 2635 4799 clamore
2675 4743 3015 4812 supplicans.
3053 4741 3320 4808 Superest
3361 4740 3531 4810 igitur

1928 4848 1988 4894 ut
2022 4840 2137 4893 haec
2170 4836 2530 4891 humanitatis
2567 4847 2859 4904 assumpta:
2896 4835 3007 4889 sint
3042 4833 3285 4904 pr0pria,
3321 4848 3442 4901 quze
3475 4842 3530 4887 et

1931 4940 2161 4986 mortem
2191 4929 2489 4991 metuebat,
2514 4938 2569 4982 et
2599 4928 2650 4981 in
2681 4927 2933 4983 oratione
2962 4925 3374 4996 perseverabat,
3400 4938 3529 4994 qna-

1932 5035 2090 5079 tenus
2127 5022 2441 5078 inhabitans
2475 5022 2657 5077 Deitas
2686 5022 2867 5077 timori
2906 5020 3082 5074 locum
3119 5034 3243 5074 esse
3274 5019 3528 5083 sinebat;

1926 5128 1982 5171 ut
2020 5132 2089 5172 ex
2129 5116 2474 5186 passionibus
2515 5115 2779 5183 assumpti
2824 5113 3059 5167 hominis
3099 5122 3292 5167 natura
3336 5110 3531 5180 digno-

1925 5215 2193 5262 sceretur.
2228 5206 2293 5260 Et
2330 5220 2519 5260 rursus
2557 5226 2569 5261 :
2614 5224 2632 5257 ι
2677 5205 2955 5275 Nusquam
2993 5206 3139 5257 enim
3177 5203 3399 5272 angelos
3433 5217 3531 5271 ap-

1927 5299 2248 5370 prehendit,
2284 5300 2380 5353 sed
2426 5313 2610 5354 semen
2655 5300 2897 5353 Abrahae
2938 5297 3297 5367 apprehendit
3334 5312 3349 5349 :
3388 5300 3531 5351 unde

1930 5391 2118 5447 debuit
2154 5405 2250 5459 per
2282 5392 2468 5445 omnia
2506 5390 2767 5446 fratribus
2802 5390 3063 5455 similari,
3103 5400 3161 5444 ut
3197 5390 3393 5445 delicta
3429 5406 3530 5460 pu-

1925 5485 2035 5555 puli
2070 5485 2543 5555 repr0pitiaret".
2580 5505 2597 5538 ι
2632 5485 2687 5539 Ιιι
2715 5500 2782 5540 eo
2812 5486 2957 5541 enim
2991 5485 3047 5540 in
3079 5500 3189 5555 quo
3221 5499 3417 5554 passus
3447 5496 3530 5539 est

1926 5576 2041 5643 ipse
2076 5585 2134 5630 et
2178 5584 2450 5641 tentatus,
2494 5586 2690 5647 potens
2732 5587 2816 5633 est
2858 5587 2914 5632 et
2957 5578 3038 5633 eis
3083 5577 3175 5647 qui
3224 5584 3531 5640 tentantur,

1924 5668 2197 5722 auxiliari.
2236 5669 2301 5723 Et
2342 5670 2486 5725 haud
2531 5671 2716 5727 multis
2758 5671 3065 5741 iuterjectis
3101 5688 3113 5723 :
3158 5690 3174 5720 ι
3222 5667 3339 5723 Non
3382 5668 3529 5723 enim

1926 5760 2189 5817 habemus
2227 5763 2574 5832 pontificem,
2614 5765 2705 5835 qui
2748 5778 2854 5821 non
2894 5766 3064 5834 pOSsil
3102 5762 3340 5832 compati
3378 5760 3533 5816 infir-

1931 5938 2093 5996 licbt.
2133 5943 2196 6010 lt:
2240 5944 2315 5998 l5.
