3926 6478
529 460 659 513 ῒ-Ζὶὶξ)

1512 451 1566 505 S.
1610 451 1886 505 (;\'l:ll.Ll
1914 452 2384 507 ALEXANDRINI
2421 452 2743 509 AllClilEl‘.

3638 457 3657 508 l
3672 452 3759 511 6&0

526 576 798 629 mitatibus
822 571 1048 632 nostris,
1076 576 1331 621 lentatum
1352 575 1525 622 autem
1551 568 1765 639 835m
1794 586 1886 638 per
1916 571 2074 623 omni:

2194 572 2428 640 ραμένον
2462 571 2515 624 δὲ
2542 571 2681 623 κατὰ
2716 571 2889 623 πάντα
2928 570 3051 623 καθ’
3072 571 3361 639 ὁμοιότητα
3400 569 3567 640 χωρὶς
3600 572 3762 638 ἁμαρ-

520 684 617 735 pro
642 663 991 718 similitudine
1016 662 1215 727 absque
1242 667 1460 728 peccato
1479 658 1542 712 “.
1572 679 1588 709 1
1614 658 1705 712 Est
1732 663 1892 729 igitur
1914 662 2080 714 Abra-

526 757 665 810 hami
711 769 890 808 semen
936 754 1146 806 diversa
1192 767 1274 805 res
1314 752 1381 804 ab
1420 751 1506 804 illo
1545 752 1635 819 qui
1680 754 1729 804 id
1771 750 2075 818 aSsumpsiI.

525 846 716 899 Semen
757 858 882 897 \cro
924 842 1213 895 Abrahanii
1255 840 1460 893 sciebat
1502 842 1687 893 beatus
1724 839 1921 892 Paulus
1960 852 2079 891 esse

524 940 861 992 Servatorem
898 934 1168 988 Christum
1204 935 1494 985 secundum
1512 947 1781 985 carnem.r
1812 930 1925 983 Non
1946 930 2080 982 dixit

520 1039 573 1082 et
613 1026 907 1081 seminibus
949 1022 1085 1087 tuis,
1129 1022 1281 1091 quasi
1324 1022 1389 1076 de
1432 1020 1643 1084 multis;
1686 1022 1779 1073 sed
1819 1019 1971 1089 quasi
2014 1019 2078 1072 de

522 1133 627 1171 uno
654 1135 666 1169 :
700 1137 715 1168 ι
743 1114 806 1168 Ει
834 1114 1023 1169 semini
1060 1124 1172 1177 tuo,
1200 1116 1286 1181 qui
1317 1122 1399 1167 est
1425 1110 1675 1165 Christus
1695 1110 1759 1163 ⁸⁷.
1793 1128 1810 1161 1
1844 1110 2079 1179 Denique

518 1208 677 1262 etiam
711 1205 899 1257 tentari
934 1204 999 1257 ad
1032 1202 1431 1257 similitudinem
1462 1200 1664 1268 absque
1696 1208 1942 1269 peccato,
1972 1214 2077 1252 non

518 1305 599 1348 est
628 1294 718 1350 Dei
748 1293 924 1354 Verbi,
951 1293 1043 1347 sed
1073 1291 1333 1359 assumpti
1365 1290 1591 1344 seminis
1619 1290 1917 1358 proprium.

519 1402 678 1457 XXII.
719 1404 870 1467 Quod
901 1402 1053 1455 Iesus
1086 1410 1133 1455 et
1165 1400 1301 1453 Deus
1352 1399 1565 1452 Verbum
1597 1409 1642 1451 et
1681 1401 1834 1451 homo
1861 1398 2073 1450 dicitur.

548 1583 627 1638 Ita
649 1578 1087 1652 prxclarissimus
1116 1572 1311 1628 Paulus
1337 1587 1430 1641 per
1461 1581 1621 1626 totam
1652 1570 1937 1639 Epistulam
1966 1579 2075 1623 tum

517 1686 721 1729 natura:
756 1672 1131 1740 proprietates,
1172 1676 1279 1718 tum
1328 1675 1569 1732 personae
1619 1662 1871 1729 praedicat
1901 1661 2078 1713 unita—

516 1775 621 1817 tem
657 1780 670 1815 :
700 1762 925 1828 ideoque
949 1756 1130 1811 Jesum
1152 1754 1429 1808 Christum
1458 1762 1510 1806 et
1536 1752 1808 1805 hominem
1844 1752 2077 1819 appellat

512 1862 564 1905 et
608 1852 795 1905 Deum.
849 1866 866 1898 ι
897 1845 1065 1907 Unus,
1103 1844 1295 1911 inquit,
1339 1842 1596 1896 Dominus
1626 1839 1783 1895 Jesus
1810 1840 2072 1905 Christus,

512 1958 606 2011 per
624 1954 780 2008 quem
808 1937 988 1992 omnia
1012 1936 1077 1987 “.
1110 1955 1127 1986 1
1152 1934 1463 2001 Rursusque
1488 1932 1772 1986 Timotheo
1798 1930 2038 1984 scribens
2061 1951 2073 1985 :
2113 1915 2152 1970 Β

520 2052 537 2083 ι
574 2030 725 2086 Unus
762 2028 1043 2089 mediator,
1091 2027 1286 2091 inquit,
1339 2024 1432 2078 Dei
1480 2034 1534 2077 et
1586 2023 1882 2085 hominum,
1920 2022 2078 2073 homo

514 2121 759 2175 Christus
796 2116 953 2171 Jcsus
998 2116 1062 2169 ⁸⁸.
1098 2133 1115 2164 ι
1156 2113 1220 2166 Ει
1260 2114 1311 2165 in
1340 2112 1523 2166 eadem
1552 2112 1616 2163 ad
1670 2110 1920 2163 Hebraeos
1951 2107 2063 2175 Epi-

512 2214 645 2267 stola
690 2230 703 2265 :
756 2230 773 2262 ι
810 2208 969 2263 Iesus
1000 2207 1246 2261 Christus
1286 2204 1400 2257 heri
1446 2213 1497 2256 et
1534 2203 1711 2265 hodie,
1759 2202 1870 2270 ipse
1920 2209 1974 2254 et
2024 2200 2076 2252 in

510 2300 702 2357 saecula
753 2300 825 2352 ".
857 2318 876 2350 ι
912 2297 1027 2351 Alia
1082 2309 1316 2364 quoque,
1367 2293 1411 2347 si
1458 2292 1578 2361 quis
1629 2290 1793 2353 volet,
1842 2291 2078 2344 inveniet

510 2401 761 2447 sexcenta
807 2387 1112 2443 testimonia
1163 2386 1213 2438 in
1254 2383 1429 2437 divina
1476 2381 1753 2448 Scriptura
1799 2393 1916 2445 qua:
1949 2393 2067 2446 per-

513 2480 706 2535 fectum
766 2478 1033 2533 hominem
1094 2474 1407 2544 prredicant,
1480 2481 1641 2540 atque
1700 2470 2074 2524 bzereticorum

508 2568 1111 2637 coarguuntinsaniam.
1145 2564 1309 2619 Nobis
1336 2576 1514 2617 tamen
1539 2562 1704 2615 otium
1741 2562 1791 2613 in
1826 2560 2073 2628 pnesenti

508 2678 611 2718 non
640 2671 721 2715 est
750 2674 812 2715 ea
835 2658 1135 2726 colligendi.
1163 2654 1431 2709 Studiosis
1463 2653 1640 2719 itaque
1665 2650 1902 2703 laborem
1935 2648 2078 2702 hunc

508 2756 863 2815 dimittentes,
917 2765 1015 2805 nos
1047 2748 1260 2818 quidem
1314 2746 1643 2815 propositum
1696 2749 2076 2811 argumentum

508 2857 912 2916 prosequamur.

745 2956 929 3010 XXIII.
972 2955 1047 3010 De
1089 2952 1343 3022 ine/fabili
1384 2950 1609 3019 Virginis
1646 2958 1822 3016 partu.

576 3072 740 3141 Igitur
762 3070 1032 3141 propriam
1072 3066 1359 3135 imaginem
1406 3062 1546 3117 bello
1587 3061 1927 3114 fatiscentem
1972 3057 2075 3111 mi-

506 3173 719 3219 aeratus
749 3160 996 3224 Creator,
1027 3168 1079 3214 et
1106 3157 1263 3212 morti
1293 3156 1565 3217 traditam,
1600 3151 1877 3206 inclinavit
1906 3150 2074 3204 caelos

2186 661 2323 725 τίας.
2358 662 2584 732 Ἕτερον
2628 662 2806 736 τοίνυν
2838 662 2898 713 τὸ
2929 662 3023 715 τοῦ
3072 661 3316 731 Ἀϐραάμ
3367 662 3586 729 σπέρμα
3624 663 3762 727 παρὰ

2185 750 2275 802 τὸν
2316 752 2815 822 ἐπιλαμβανόμενον
2856 752 3067 806 τούτου.
3098 773 3115 804 1
3154 752 3384 823 Σπέρμα
3420 752 3477 803 δὲ
3519 752 3762 819 Ἀϐρααμ

2184 836 2325 893 οἶδεν
2351 842 2379 892 6
2415 844 2681 912 μακάριος
2710 844 2919 906 Παῦλος
2960 844 3055 896 τὸν
3089 844 3315 914 Σωτῆρα
3359 844 3595 911 Χριστὸν
3631 844 3762 894 κατὰ

2187 931 2383 1000 σάρκα·
2426 952 2444 982 ι
2468 933 2537 984 Οὐ
2566 931 2835 1003 γὰρεῖπε,
2866 934 3017 1002 φησὶ,
3044 934 3153 987 Kal
3184 938 3297 996 τοίς
3338 933 3620 1003 σπέρμασί
3655 948 3759 991 om,

2184 1022 2256 1083 ὠς
2284 1022 2377 1073 ἐπὶ
2407 1023 2633 1087 πολλῶν,
2662 1025 2772 1076 ἀλλ’
2796 1025 2869 1086 ὡς
2902 1024 2983 1092 ἐφ’
3010 1025 3148 1087 ἐνὸς,
3198 1025 3309 1077 Kal
3378 1024 3455 1092 τῷ
3490 1025 3759 1093 σπέρματί

2187 1128 2299 1173 σου,
2330 1112 2387 1175 ὃς
2422 1115 2534 1165 ἐστι
2572 1115 2822 1185 Χριστός.
2855 1133 2872 1165 1
2926 1115 3035 1166 Kal
3080 1114 3137 1166 τὸ
3184 1114 3517 1183 πειραθῆναι
3558 1115 3612 1167 δὲ
3647 1114 3758 1165 καθ’

2184 1204 2473 1271 ὁμοιότητα
2508 1204 2675 1274 χωρὶς
2706 1205 2999 1275 ἁμαρτίας,
3031 1204 3090 1256 οὐ
3116 1203 3209 1256 τοῦ
3240 1204 3379 1256 Θεοῦ
3405 1207 3581 1271 Λόγου
3611 1206 3759 1267 ἴδιον,

2184 1292 2317 1345 ἀλλὰ
2350 1293 2443 1345 τοῦ
2470 1294 2867 1364 ἀναληφθέντος
2895 1295 3226 1365 σπέρματος.

2185 1406 2309 1459 KB‘.
2346 1407 2464 1460 ’Ότι
2500 1408 2729 1473 Ἰησοῦς
2768 1408 3054 1530 ,κιὲἐθεύς
3083 1408 3272 1475 Λόγος
3323 1408 3423 1460 καὶ
3453 1409 3763 1475 ἅνθρωπος

2914 1493 3093 1530 rotat.

2914 1493 3093 1544 γεται.

2256 1582 2441 1647 Οῦτως
2466 1588 2494 1638 6
2510 1584 2780 1649 θειότατος
2800 1585 3029 1649 Παῦλος,
3060 1586 3147 1639 διὰ
3182 1587 3365 1656 πάσης
3389 1587 3494 1654 τῆς
3522 1588 3763 1641 Ἐπιστοο

2183 1676 2303 1744 λῆς,
2324 1676 2421 1738 τάς
2448 1693 2506 1728 τε
2532 1676 2638 1729 τῶν
2666 1677 2880 1743 φύσεων
2909 1678 3194 1746 ἰδιότητας,
3220 1678 3314 1729 καὶ
3342 1678 3440 1730 τοῦ
3470 1679 3759 1747 προσώπου

2182 1766 2440 1835 κηρύττει
2490 1766 2587 1837 τὴν
2632 1767 2855 1819 ἕνωσιν⁹
2894 1766 2974 1819 διὸ
3006 1766 3212 1837 Ἰησοῦν
3245 1768 3489 1837 Χριστὸν
3535 1770 3627 1821 ul
3668 1770 3758 1822 ἇν-

2184 1855 2400 1926 θρωπον
2454 1859 2547 1911 καὶ
2591 1857 2721 1909 Θεὸν
2757 1852 3184 1928 προσαγορεῦει·
3226 1878 3245 1910 ι
3281 1854 3379 1922 Εἷς
3424 1859 3559 1929 γὰρ,
3596 1862 3757 1929 φησι,

2183 1947 2383 2018 Κύριος
2414 1949 2619 2019 Ἰησοῦς
2644 1950 2899 2021 Χριστὸς.
2924 1951 2990 2001 δι’
3012 1945 3072 2003 οῦ
3095 1951 3163 2003 τὰ
3184 1950 3387 2004 πάντα.
3410 1970 3429 2002 1
3464 1953 3575 2006 Καὶ
3602 1953 3761 2005 πάλιν

2182 2037 2430 2107 Τιμοθέῳ
2489 2039 2714 2108 γράφων
2737 2055 2751 2070 ο
2790 2058 2807 2090 ι
2840 2033 2934 2101 Εἷς
2971 2039 3227 2109 μεσίτης,
3278 2042 3448 2108 φησὶ,
3486 2038 3619 2091 Θεοῦ
3667 2040 3758 2091 καὶ

2183 2127 2502 2198 ἀνθρώπων,
2520 2128 2802 2199 ἅνθρωπος
2824 2130 3057 2199 Χριστὸς
3088 2128 3292 2198 Ἰησοῦς
3314 2145 3326 2155 ·
3356 2147 3375 2179 1
3410 2131 3504 2181 καὶ
3532 2132 3590 2182 ἐν
3622 2131 3756 2196 αὐτῇ

2178 2216 2235 2269 δὲ
2276 2220 2340 2287 τῇ
2392 2218 2530 2287 πρὸς
2563 2218 2879 2291 Ἐϐραίους·
2919 2239 2937 2271 ι
2980 2218 3188 2289 Ἰησοῦς
3222 2219 3464 2290 Χριστὸς
3500 2219 3631 2288 χθὲς
3664 2221 3757 2271 καὶ

2182 2310 2421 2379 σήμερον
2448 2311 2475 2361 6
2502 2310 2683 2372 αὐτὸς,
2710 2313 2803 2364 καὶ
2825 2313 2906 2373 είς
2936 2313 3060 2373 τοὺς
3084 2311 3288 2373 αίῶνας
3307 2328 3320 2341 ο
3350 2330 3368 2362 1
3406 2314 3501 2363 καὶ
3526 2312 3686 2373 ἄλλας
3714 2310 3755 2361 6'

2180 2397 2244 2451 ἄν
2266 2415 2347 2460 τις
2372 2397 2628 2468 ἐθελήσας
2655 2398 2803 2467 εὖροι
2836 2399 3033 2469 μυρίας
3065 2398 3373 2469 μαρτυρίας
3401 2401 3468 2451 ὲκ
3490 2401 3587 2467 τῆς
3609 2400 3756 2461 Θείας

2179 2486 2401 2556 Γραφῆς
2431 2487 2525 2539 τὸν
2564 2487 2767 2539 τέλειον
2788 2487 3070 2557 ἄνθρωπον
3102 2488 3508 2559 κηρυττοῦσας.
3536 2490 3755 2541 καὶτῶν

2179 2576 2470 2645 αἰρετικῶν
2493 2575 2816 2644 ἐλεγχούσας
2837 2574 2935 2644 τὴν
2958 2575 3164 2629 ἄνοιαν.
3193 2576 3335 2627 Ἀλλ’
3360 2578 3493 2645 ἡμῖν
3515 2579 3573 2629 οὐ
3596 2578 3750 2646 σχολὴ

2176 2664 2350 2718 ταῦτα
2380 2665 2658 2731 συλλέγειν
2695 2666 2785 2717 ὲπί
2814 2664 2907 2718 τοῦ
2951 2666 3235 2734 παρόντος.
3279 2667 3408 2728 Τοῖς
3456 2667 3752 2735 φιλοπόνοις

2178 2753 2355 2804 τοίνυν
2381 2753 2469 2804 τὸν
2501 2754 2657 2806 πόνον
2682 2752 2866 2805 τοῦτον
2891 2753 3297 2817 καταλιπόντες,
3319 2757 3486 2823 ἡμεῖς
3513 2760 3607 2825 τῆς
3634 2772 3750 2825 πρίν

2179 2842 2437 2913 κειμένης
2471 2844 2851 2914 πραγματείας
2878 2842 3148 2914 ἐχώμεθα.

2178 2953 2304 3007 KI".
2338 2955 2475 3021 Περὶ
2502 2953 2611 3020 τῆς
2631 2954 2892 3022 ἀρῤήτου
2917 2955 3027 3024 τῆς
3050 2956 3363 3023 Παρθένου
3388 2957 3749 3025 γεννήσει-κ.

2248 3064 2545 3133 Τοιγαροῦν
2589 3065 2685 3136 τὴν
2735 3065 2939 3119 οἰκείαν
2990 3069 3171 3121 είκόνα
3227 3066 3645 3137 πολεμουμένην
3673 3069 3751 3120 οἰ-

2178 3155 2398 3223 κτείρας
2444 3156 2474 3206 6
2508 3152 2763 3224 Ποιητής,
2811 3155 2905 3206 καὶ
2958 3154 3750 3226 Θανάτῳπαραπεμπομένην,

508 3262 560 3307 et
580 3252 855 3307 descendit
876 3251 942 3313 ",
976 3247 1118 3303 haud
1143 3259 1275 3300 sane
1304 3244 1479 3298 locum
1509 3252 1744 3304 mutans,
1771 3254 1943 3306 neque
1967 3237 2071 3291 alio

2184 3244 2384 3298 ἔκλινεν
2436 3246 2717 3316 οὐρανοὺς,
2748 3246 2844 3297 καὶ
2869 3246 3096 3313 κατέϐη,
3152 3247 3212 3297 οῦ
3258 3247 3353 3298 τὸν
3390 3248 3555 3299 τόπον
3597 3249 3752 3316 ἀμεί-

510 3354 568 3395 se
598 3339 964 3403 transferens;
993 3335 1193 3390 etenim
1221 3334 1402 3387 omnia
1432 3331 1645 3401 implet;
1694 3333 1800 3383 imo
1831 3327 2073 3382 infinitus

508 3440 613 3494 est,
662 3430 809 3482 nullo
868 3428 1097 3481 termino
1147 3426 1591 3493 comprehensus,
1644 3430 1945 3484 cuncta,ut
2001 3419 2075 3471 ait

506 3521 789 3591 propheta,
826 3533 984 3572 manu
1039 3517 1322 3571 continens
1365 3532 1378 3567 :
1416 3532 1434 3563 ι
1471 3514 1601 3579 Quis
1660 3514 1825 3575 enim,
1881 3511 2071 3578 inquit,

511 3625 729 3665 mensus
760 3619 842 3663 est
874 3623 1030 3662 manu
1078 3623 1173 3661 sua
1226 3619 1413 3673 aquas,
1459 3613 1513 3657 et
1546 3602 1739 3657 caelum
1790 3602 1987 3670 palmo,
2022 3610 2077 3654 et

509 3702 815 3755 universam
843 3711 1037 3754 terram
1062 3696 1317 3767 pugillo"
1342 3696 1364 3748 ?
1389 3714 1407 3746 1
1432 3694 1667 3761 Itemque
1685 3693 1874 3745 David:
1897 3710 1913 3741 ι
1940 3690 2072 3755 Quia

508 3794 564 3849 in
599 3807 757 3847 manu
806 3790 923 3859 ejus
952 3802 1080 3844 sunt
1124 3802 1310 3842 omnes
1359 3785 1492 3840 lines
1518 3783 1763 3839 terrae".
1799 3802 1816 3833 1
1854 3782 1920 3836 Ει
1963 3782 2077 3849 ipse

510 3884 649 3937 Deus
677 3898 772 3951 per
818 3882 1131 3949 prophetam
1180 3896 1193 3931 :
1240 3896 1257 3929 ι
1288 3876 1493 3931 leum
1543 3875 1701 3929 sedes
1754 3887 1895 3935 mea,
1936 3882 2075 3926 terra

508 3986 686 4030 autem
715 3974 1004 4029 scabellum
1033 3972 1223 4039 pedum
1266 3984 1507 4025 meorum
1539 3966 1605 4020 ⁷⁸.
1646 3967 1821 4035 iErgo
1858 3966 2076 4036 335m

510 4069 827 4124 descensum
893 4063 1403 4119 condescensionem
1468 4060 1644 4129 potius
1684 4060 2071 4112 existimemus.

513 4158 791 4212 lnclinavit
816 4157 995 4222 itaque
1020 4152 1187 4207 cmlos
1214 4160 1269 4204 et
1298 4153 1595 4209 descendit,
1626 4158 1678 4202 et
1706 4148 1949 4218 virgineo
1982 4149 2075 4201 de-

512 4251 652 4302 lecto
680 4258 834 4301 utero
876 4259 1076 4299 saneta:
1115 4244 1302 4313 puellae
1348 4253 1507 4311 atque
1551 4243 1601 4295 iu
1643 4252 1785 4295 recta
1821 4241 2078 4310 religione

512 4341 744 4401 nutritae,
776 4338 1015 4404 angelica
1046 4350 1176 4390 voce
1204 4343 1411 4402 partum
1439 4334 1848 4400 prarnuntiante,
1874 4340 1926 4385 et
1950 4346 2075 4385 con-

512 4431 772 4499 ceptionis
807 4429 1068 4482 rationem
1118 4436 1272 4480 antea
1306 4425 1629 4491 explicantc,
1667 4423 2077 4490 virgineumque

2174 3334 2301 3403 ψας,
2326 3336 2433 3387 οὐδ’
2456 3336 2689 3405 ἑτέρωσε
2719 3335 2976 3405 μεταϐάς·
2998 3335 3195 3406 πληροῖ
3219 3334 3330 3405 γὰρ
3355 3337 3423 3389 τὰ
3447 3335 3751 3405 σύμπαντα,

2180 3426 2379 3493 μᾶλλον
2413 3427 2468 3478 δὲ
2495 3428 2720 3497 ἄπειρός
2761 3428 2910 3489 ἐστι,
2950 3427 3046 3479 καὶ
3086 3425 3395 3495 ἁχώρητος,
3443 3427 3538 3479 καὶ
3582 3427 3753 3479 πάντα

2176 3514 2481 3584 ἔχων,κατὰ
2500 3516 2589 3568 τὸν
2607 3517 2908 3585 προφήτην,
2928 3517 2985 3567 ὲν
3004 3518 3070 3586 τῇ
3090 3516 3394 3586 χειρί.ιΤίς
3416 3516 3548 3587 γὰρ,
3570 3518 3751 3585 φησὶν,

2175 3607 2445 3676 ἐμέτρησε
2475 3607 2541 3675 τῇ
2575 3607 2718 3675 χειρὶ
2762 3604 2927 3659 αὑτοῦ
2972 3606 3033 3659 τὸ
3078 3607 3241 3676 ῦδωρ.
3272 3606 3369 3658 καὶ
3400 3608 3496 3657 τὸν
3528 3604 3752 3675 οὐρανὸν

2179 3697 2456 3768 σπιθαμῇ,
2500 3700 2594 3751 καὶ
2629 3699 2809 3751 πᾶσαν
2838 3697 2936 3768 τὴν
2979 3699 3081 3768 γῆν
3110 3697 3305 3765 δρακί;
3334 3715 3353 3746 1
3393 3697 3507 3747 Kal
3542 3696 3701 3748 πάλιν
3727 3698 3753 3747 6

2177 3789 2338 3841 Δαϐίδ
2358 3806 2370 3818 ·
2402 3808 2419 3839 ι
2448 3790 2567 3842 ’Ὁτι
2597 3792 2654 3842 ὲν
2678 3792 2745 3859 τῇ
2774 3790 2915 3860 χειρὶ
2936 3788 3099 3841 αὐτοῦ
3126 3786 3194 3840 τὰ
3224 3788 3438 3860 πέρατα
3464 3788 3563 3857 τῆς
3593 3788 3745 3855 γῆςη

2180 3880 2287 3931 Kal
2313 3879 2471 3942 αὐτὸς
2499 3880 2554 3932 δὲ
2584 3884 2611 3933 6
2642 3881 2773 3943 Θεὸς
2799 3880 2885 3933 διὰ
2914 3881 3009 3933 τοῦ
3037 3881 3316 3950 προφήτου
3338 3896 3352 3907 ο
3394 3899 3412 3930 ι
3441 3879 3502 3932 '0
3528 3879 3752 3949 οὐρανός

2180 3988 2280 4041 μου
2321 3971 2535 4040 θρόνος,
2577 3975 2611 4041 ἡ
2662 3973 2717 4025 δὲ
2762 3974 2831 4041 γῆ
2870 3973 3158 4025 ὑποπόδιον
3205 3972 3315 4025 τῶν
3351 3972 3529 4023 ποδῶν
3579 3988 3698 4040 μου.
3728 3991 3745 4022 ι

2179 4062 2385 4116 Οὐκοῦν
2399 4063 2495 4131 τὴν
2518 4063 2815 4116 κατάϐασιν
2833 4065 3113 4133 νοήσωμεν
3131 4062 3561 4130 συγκατάϐασιν·
3581 4061 3750 4114 ἔκλινε

2177 4154 2355 4206 τοίνυν
2384 4154 2665 4224 οὐρανοὺς,
2706 4156 2799 4207 καὶ
2846 4156 3073 4225 κατέϐη,
3104 4157 3198 4208 καὶ
3232 4155 3571 4225 παρθενικὴν
3604 4155 3750 4207 ἐκλε-

2180 4245 2409 4315 ξάμενος
2444 4244 2602 4315 νηδὺν
2628 4246 2790 4316 κόρης
2829 4247 2991 4313 ἁγίας
3019 4248 3111 4299 καὶ
3146 4246 3398 4317 εὐσεϐείᾳ.
3423 4246 3750 4317 συντεθραμ-

2184 4338 2371 4407 μένης,
2402 4335 2470 4389 δι’
2496 4336 2793 4404 ἀγγελικῆς
2824 4339 3006 4405 φωνῆς
3050 4337 3141 4388 τὸν
3189 4337 3350 4389 τόκον
3401 4337 3751 4406 προμηνῦσα-

2182 4445 2299 4498 σης,
2332 4428 2425 4481 καὶ
2450 4427 2554 4495 τῆς
2584 4427 2893 4497 συλλήψεως
2936 4429 3029 4481 τὸν
3058 4428 3258 4497 τρόπον
3304 4428 3750 4497 προερμηνευσά-

511 4536 765 4589 pavorem
807 4534 867 4573 ea
916 4518 1278 4571 declaratione
1322 4517 1594 4577 solvente,
1644 4518 1918 4582 proprium
1974 4513 2074 4567 sibi

2184 4534 2301 4585 σης,
2341 4518 2435 4570 καὶ
2477 4519 2575 4587 τῆς
2610 4518 2899 4588 παρθενίας
2931 4519 3022 4570 τὸν
3067 4519 3229 4587 φόϐον
3258 4522 3327 4587 τῇ
3364 4520 3630 4588 ἑρμηνείᾳ
3665 4520 3751 4569 λυο

514 4612 643 4664 t’acit
672 4618 1053 4678 comparatque
1080 4608 1358 4673 templum,
1402 4615 1452 4658 et
1494 4621 1665 4671 neque
1698 4618 1869 4659 satam
1904 4619 2076 4673 neque

2184 4611 2374 4680 σάσης,
2398 4610 2747 4674 είσοικίζεταί
2767 4626 2847 4674 τε,
2873 4612 2965 4662 καὶ
2986 4609 3111 4662 ναὸν
3135 4610 3312 4677 ἑαυτῷ
3334 4609 3751 4673 κατασκευάζει,

515 4702 622 4755 ullo
658 4701 799 4755 cultu
834 4700 1147 4767 dispositam
1178 4698 1279 4751 sibi
1315 4696 1511 4749 format
1545 4696 1829 4749 stationem
1870 4714 1882 4748 :
1922 4695 2077 4748 sicuti

514 4790 602 4843 ille
637 4793 725 4857 qui
776 4789 979 4856 primus
1012 4786 1201 4840 swrviit
1247 4793 1487 4851 peccato,
1532 4784 1647 4837 sine
1689 4793 1841 4852 patre
1883 4783 2077 4848 fuerat,

515 4894 783 4945 unamque
811 4876 1039 4931 habebat
1068 4887 1265 4930 terram
1294 4886 1538 4929 matrem.
1588 4894 1605 4924 ι
1648 4871 1888 4941 Sumpsit
1913 4873 2078 4938 enim,

517 4970 712 5036 inquit,
757 4969 895 5021 Deus
943 4967 1211 5036 pulverem
1243 4967 1309 5020 de
1347 4977 1509 5031 terra,
1551 4967 1934 5033 hominemque
1966 4965 2079 5020 for-

516 5060 777 5115 mavitr".
816 5078 835 5111 1
874 5058 1229 5124 Quamobrem
1260 5059 1448 5113 beatus
1477 5073 1689 5127 quoque
1731 5057 1926 5111 Paulus
1957 5058 2033 5112 ait
2062 5074 2075 5111 :

520 5170 538 5201 ι
578 5151 791 5204 Primus
820 5150 979 5203 homo
1010 5153 1071 5201 de
1106 5161 1246 5203 terra
1299 5160 1577 5215 terrenus;
1615 5150 1883 5203 secundus
1917 5151 2079 5204 homo

519 5244 773 5297 Dominus
798 5243 861 5295 de
896 5242 1033 5295 cmlo
1060 5242 1123 5294 ⁷⁸.
1165 5260 1182 5291 1
1227 5239 1396 5309 Ilnjus
1426 5244 1497 5293 rei
1534 5244 1706 5309 gratia
1739 5242 2077 5311 unigenitum

518 5333 609 5387 Dci
645 5330 879 5385 Verbum
906 5347 971 5385 ex
1017 5331 1127 5384 sola
1162 5332 1380 5399 Virgine
1412 5332 1686 5385 materiam
1738 5331 1953 5386 fabrica:
1984 5348 2077 5388 su-

505 5436 691 5486 'mens,
722 5429 882 5491 atque
915 5423 982 5475 ita
1012 5420 1349 5474 illaboratum
1382 5422 1618 5475 formans
1651 5424 1926 5492 templum,
1954 5422 2084 5477 sibi-

516 5525 620 5579 que
662 5512 875 5573 uniens,
922 5512 1093 5580 prodit
1139 5526 1202 5564 ex
1260 5510 1491 5579 Virgine,
1532 5512 1675 5565 baud
1726 5513 1975 5581 equidem
2032 5513 2081 5564 in

520 5613 775 5670 Conceptu
833 5602 1045 5657 solvens
1094 5604 1387 5671 virgineam
1446 5618 1659 5669 zonam,
1722 5618 1895 5675 neque
1949 5604 2082 5658 hanc

586 5757 631 5787 ⁶⁶
663 5753 824 5808 Hebr.
859 5771 932 5815 tv,
957 5757 1041 5811 15,

518 5825 561 5853 ⁷²
590 5822 696 5880 lsa.
728 5836 817 5891 ιι,
854 5825 934 5879 li.
1014 5829 1056 5858 ⁷³
1088 5826 1230 5882 l‘sal.
1270 5844 1407 5895 \Ctr,
1442 5831 1490 5882 εί.

2180 4701 2275 4751 καὶ
2301 4704 2399 4770 τὴν
2430 4704 2729 4769 ἄσπαρτον,
2760 4702 2851 4753 καὶ
2878 4702 3140 4771 ἁνήροτον
3170 4702 3377 4769 σκηνὴν
3407 4701 3750 4752 διαπλάττει·

2181 4792 2367 4860 ἐπειδὴ
2413 4793 2440 4843 6
2480 4791 2707 4860 πρώτως
2750 4791 3041 4854 δουλεύσας
3084 4794 3150 4861 τῇ
3203 4792 3483 4860 ἁμαρτίᾳ,
3531 4792 3755 4860 ἀπάτωρ

2179 4879 2459 4948 ἐτύγχανε,
2499 4879 2711 4948 μητέρα
2738 4879 2794 4931 δὲ
2841 4879 3009 4949 μόνην
3044 4875 3157 4948 εἶχε
3183 4882 3283 4949 τὴν
3328 4884 3434 4949 γῆν
3460 4897 3473 4909 ·
3525 4880 3753 4932 «Ἐλαϐε

2182 4969 2309 5038 γὰρ,
2331 4968 2515 5036 φησὶν,
2536 4970 2564 5020 6
2588 4967 2718 5031 Θεὸς
2739 4967 2867 5037 χοῦν
2900 4970 3006 5021 ἀπὸ
3030 4970 3125 5038 τῆς
3153 4970 3287 5037 γῆς,
3314 4970 3411 5021 καί⁵
3448 4971 3648 5024 ἔπλασε
3670 4970 3754 5022 τὸν

2182 5058 2486 5129 ἄνθρωπον.
2508 5077 2523 5108 1
2562 5058 2650 5111 Διὸ
2682 5059 2773 5111 καὶ
2797 5060 2824 5111 6
2872 5060 3139 5129 μακάριος
3185 5058 3396 5121 [ἰαῦλός
3427 5077 3625 5129 φησιν·
3659 5077 3677 5110 ι
3697 5060 3753 5110 ’0

2184 5151 2397 5221 πρῶτος
2429 5150 2710 5221 ἄνθρωπος
2746 5154 2809 5203 ὲκ
2848 5152 2949 5220 γῆς
2980 5153 3184 5222 χοῐκὸς,
3214 5152 3241 5203 6
3269 5150 3524 5219 δεύτερος
3556 5150 3753 5220 ἄνθρω-

2187 5244 2339 5303 ποςό
2372 5242 2573 5311 Κύριος
2608 5242 2667 5306 ἐξ
2696 5242 2945 5311 οὐρανοῦ.
2974 5262 2992 5294 ι
3028 5242 3231 5295 Τούτου
3267 5241 3431 5312 χάριν
3465 5242 3495 5292 ὸ
3537 5257 3751 5310 μονογε-

2184 5332 2279 5401 νὴς
2318 5331 2415 5383 τοῦ
2444 5330 2577 5384 Θεοῦ
2608 5334 2777 5399 Λόγος
2822 5334 2885 5385 ὲκ
2920 5333 3086 5401 μόνης
3129 5332 3407 5400 Παρθένου
3453 5331 3551 5392 τας
3592 5336 3752 5401 isop-

2183 5421 2287 5491 μὰς
2313 5419 2492 5473 λαϐὼν
2520 5422 2615 5490 τῆς
2642 5421 3005 5484 διαπλάσεως,
3030 5422 3124 5473 καὶ
3153 5421 3326 5489 τούτῳ
3354 5419 3429 5489 τῷ
3455 5422 3641 5489 τρόπῳ
3666 5422 3751 5473 τὸν

2180 5511 2529 5581 ἀγεώργητον
2554 5513 2964 5582 δημιουργήσας
2989 5513 3133 5575 ναὸν,
3163 5512 3258 5565 καὶ
3287 5510 3467 5579 ἑαυτῷ
3496 5510 3748 5579 συνάψας,

2182 5605 2427 5675 πρόεισιν
2454 5606 2515 5657 ὲκ
2545 5606 2639 5675 τῆς
2666 5605 2963 5675 Παρθένου,
2990 5606 3048 5658 οῦ
3073 5605 3239 5667 λύσας
3271 5607 3333 5673 τῇ
3372 5604 3632 5674 συλλήψει
3658 5602 3753 5674 τὴν

1121 5760 1161 5788 ε’
1187 5756 1355 5811 Galal.
1384 5776 1464 5819 Ill,
1488 5762 1563 5814 lb'.
1643 5762 1684 5791 ⁸⁸
1714 5760 1993 5821 lCur.\'tn,
2022 5758 2072 5813 6.

2184 5757 2410 5811 'lTlni.
2446 5775 2505 5817 tt,
2533 5759 2582 5812 5.
2642 5758 2686 5787 ⁷⁰
2716 5756 2878 5812 Hebr.
2914 5774 3027 5820 stu,
3051 5760 3101 5813 8.
3181 5762 3218 5791 ⁷³
3251 5760 3289 5813 ll
3318 5760 3450 5828 Reg.
3491 5777 3626 5821 uti,
3667 5758 3747 5813 10.

1568 5831 1983 5891 τδιτλ1.ι.υι,ι.
2062 5830 2102 5859 ⁷⁵
2133 5827 2262 5884 Cen.
2294 5845 2348 5891 ιι,
2384 5832 2432 5882 7.

2512 5831 2554 5857 ⁷⁸
2585 5830 2597 5880 Ι
2626 5829 2748 5882 Cor.
2778 5845 2863 5892 av,
2895 5829 2982 5882 Π.
