3926 6484
273 416 404 475 ίισι

1451 426 1538 481 DE
1582 423 2105 482 INCARNATIONE
2146 423 2401 483 DOMINI.

3453 428 3479 481 l
3497 426 3594 483 162

271 537 619 611 παρθενικὴν
652 540 850 612 ζώνην,
884 544 944 595 οὺ
980 545 1047 614 τῇ
1083 545 1336 615 γεννήσει
1381 544 1716 618 διαρρήξας,
1752 543 1868 597 ἀλλ’

1979 546 2266 601 nativitate
2298 545 2642 613 dirumpens,
2691 543 2785 597 sed
2833 540 3164 597 incolumem
3209 539 3592 609 intactamque

270 630 553 701 ἀκήρατον
604 632 701 685 καὶ
743 634 1026 704 ἀνέπαφον
1082 636 1439 705 διαφυλάξας,
1483 638 1579 691 καὶ
1617 637 1680 691 τὸ
1729 636 1874 706 μέγα

269 717 439 772 τοῦτο
489 721 586 775 καὶ
636 722 877 794 ἄρρητον
933 724 1117 795 θαῦμα
1159 726 1693 798 θαυματουργήσας·
1733 726 1873 797 μέγα

269 810 387 882 γὰρ
414 810 493 884 τῷ
522 812 639 866 ὅντι
669 816 762 868 καὶ
806 817 1236 887 άνερμήνευτον,
1280 820 1381 873 καὶ
1428 819 1589 887 λόγου
1639 818 1873 888 δύναμιν

271 903 626 975 ύπερόαῖνον,
659 908 855 981 βότρυν
884 910 1011 963 ἰδεῖν
1038 912 1103 964 ἐκ
1135 913 1239 982 γῆς
1264 913 1393 965 ἄνευ
1421 912 1718 983 κλημάτων
1748 912 1874 982 βλα-

278 997 600 1067 στήσαντα,
652 1002 797 1054 σῖτον
847 1001 977 1055 ἄνευ
1020 1004 1355 1073 σπερμάτων
1410 1003 1617 1074 φύντα,
1668 1004 1872 1074 χιτῶνα

271 1092 451 1162 χωρὶς
501 1093 761 1164 νημάτων
807 1095 900 1147 καλ⁵
944 1094 1145 1164 χειρῶν
1180 1096 1494 1166 ὑφαντικῶν
1536 1095 1871 1167 ὑφασμένον,

270 1182 443 1254 ἄρτον
486 1186 545 1238 ού
586 1185 730 1259 μύλῃ
760 1186 852 1239 καὶ
885 1187 1041 1257 χερσὶ
1068 1187 1164 1240 καὶ
1197 1188 1334 1259 πυρὶ
1374 1186 1868 1260 δημιουργηθέντα,

270 1273 396 1327 ἀλλ’
419 1275 672 1347 ἀρρήτως
701 1277 766 1329 ἐκ
801 1275 1151 1347 παρθενικῶν
1193 1278 1443 1350 ἀλεύρων
1479 1277 1871 1350 γεγενημένον,

274 1364 376 1416 καὶ
420 1364 521 1435 τὴν
577 1365 907 1439 οξκουμένην
956 1367 1311 1437 καλύψαντα⁸
1346 1368 1485 1439 πρὸς
1528 1369 1586 1423 δέ
1636 1369 1870 1433 τούτοις,

271 1453 556 1526 Παρθένον
604 1454 791 1527 οίκείῳ
827 1456 1017 1528 βρέφει
1059 1458 1230 1531 θηλὴν
1274 1460 1601 1532 ὀρέγουσαν,
1639 1460 1735 1515 καὶ
1767 1460 1872 1529 γά-

267 1546 473 1612 λακτος
514 1548 861 1620 χορηγοῦσαν
907 1549 1122 1622 πηγάς,
1168 1553 1262 1607 καὶ
1310 1554 1523 1625 μητέρα
1572 1552 1874 1624 γενομένην

266 1639 376 1709 τὴν
409 1640 590 1712 γάμου
635 1640 803 1712 νόμον
846 1642 908 1696 ού
948 1642 1277 1715 δεξαμένην,
1320 1644 1533 1717 μητέρα
1572 1643 1873 1715 γενομένην

264 1732 375 1802 τὴν
410 1733 529 1798 πῶς
566 1734 777 1803 γίνεται
827 1736 1012 1807 μήτηρ
1057 1738 1158 1791 οὐκ
1204 1738 1601 1810 ἐπισταμένην,
1659 1737 1874 1809 μητέρα

266 1826 577 1898 γενομένην
605 1828 705 1899 τὴν
742 1831 978 1896 γυναῖκα
1012 1828 1278 1900 πρότερον
1308 1830 1369 1883 ού
1406 1830 1725 1900 γενομένην,
1754 1829 1871 1882 ἀλλ’

268 1919 334 1971 ἐν
369 1918 640 1992 παρθενίᾳ
686 1921 779 1973 καὶ
811 1921 905 1975 τὸν
949 1921 1114 1990 ὄγκον
1148 1923 1246 1992 τῆς
1292 1922 1529 1993 γαστρὸς
1568 1922 1876 1977 ἐπιδεικνῦ-
1907 1900 1951 1955 Β

269 2024 400 2072 σαν,
432 2011 526 2065 καὶ
567 2012 662 2064 τὸν
710 2013 922 2083 καρπὸν
964 2014 1024 2067 ἐν
1070 2016 1193 2077 ταῖς
1241 2016 1398 2085 χερσὶ
1448 2016 1873 2087 περιφέρουσαν,

265 2102 373 2155 καὶ
414 2101 482 2155 τὰ
514 2103 720 2174 μητρὸς
750 2103 1149 2176 ἐργαζομένην,
1187 2104 1503 2177 σωζομένης
1532 2107 1634 2176 τῆς
1663 2107 1873 2178 παρθε-

266 2193 419 2256 νίας,
449 2195 542 2247 καὶ
584 2194 853 2265 παρθένον
899 2198 1114 2268 μητέρα
1155 2198 1521 2269 καλουμένην,
1552 2200 1645 2252 καὶ
1673 2202 1873 2254 τάναν-

263 2298 366 2336 τια
414 2283 659 2356 όνόματά
702 2302 762 2339 τε
808 2288 905 2340 καὶ
954 2290 1257 2361 πράγματα
1306 2290 1449 2344 κατά
1493 2292 1692 2345 ταύτὸν
1745 2309 1871 2346 συν-

268 2374 414 2442 άγου
423 2391 581 2445 eam
634 2408 667 2421 ,η

266 2489 401 2543 KA'.
437 2489 534 2541 Ἐν
562 2493 872 2572 κεφαλαίῳ
895 2491 1180 2572 (διήγησις
1198 2493 1304 2572 τῆς
1330 2496 1479 2572 μετὰ
1509 2496 1625 2566 τὴν
1654 2499 1873 2567 γέννη-

630 2576 736 2614 σιν
765 2563 871 2615 τοῦ
896 2563 1155 2630 Χριστοῦ
1186 2568 1517 2633 πολιτείας.

348 2674 536 2741 Οὕτως
566 2678 781 2748 τεχθεὶς
803 2682 831 2733 ὁ
856 2681 1136 2752 Δεσπότης
1162 2683 1399 2753 Χριστὸς
1430 2684 1515 2754 (ού
1545 2683 1653 2755 γάρ
1673 2686 1871 2756 εὐαγὲς

274 2770 420 2842 μετὰ
460 2771 555 2825 τὸν
596 2771 754 2825 τόκον
805 2772 837 2844 ἢ
880 2772 1013 2827 Θεὸν
1061 2774 1236 2843 Λόγον
1286 2776 1446 2846 μόνον
1480 2776 1644 2829 αὐτὸν
1699 2794 1870 2848 προσ-

267 2862 561 2933 αγορεύειν
585 2903 602 2929 ,
658 2864 692 2935 ἢ
745 2864 1035 2937 ἄνθρωπον
1085 2867 1517 2937 γεγυμνωμένον
1591 2867 1869 2939 θεότητος,

268 2953 413 3008 ἀλλά
457 2955 715 3026 Χριστὸν,
756 2954 786 3007 ὃ
830 2956 1100 3027 ἑκατέραν
1145 2956 1309 3026 φύσιν
1346 2961 1447 3030 τήν
1484 2976 1546 3011 τε
1588 2958 1872 3013 λαϐοῦσαν

269 3048 369 3101 καὶ
395 3047 494 3118 τὴν
520 3046 817 3119 ληφθεῖσαν
837 3048 990 3118 δηλοῖ
1015 3051 1058 3117 ).
1094 3048 1317 3114 πάντως
1349 3051 1417 3103 τὰ
1444 3051 1692 3123 ἡμέτερα
1731 3050 1872 3119 πλὴν

268 3137 377 3207 τῆς
432 3138 712 3209 ἁμαρτίας
767 3139 1130 3209 καταδέχεται
1194 3140 1385 3211 πάθη,
1456 3143 1871 3213 σπαργανοῦται

1978 650 2349 700 conservans,
2392 643 2560 703 atque
2588 634 2661 688 ita
2694 647 2949 704 magnum
2990 634 3092 688 hoc.
3124 642 3177 687 et
3219 632 3591 687 inenarrabile

1979 739 2205 799 patrans
2246 727 2577 797 prodigium.
2610 726 2825 781 Etenim
2858 740 3116 795 magnum
3163 740 3355 794 reapse
3387 734 3495 789 est,
3536 732 3594 777 et

1979 820 2380 891 inexplicabile,
2422 829 2478 874 et
2507 818 2775 873 orationis
2822 817 2929 871 vim
2966 817 3264 883 excedens,
3308 829 3585 872 racemum

1976 929 2204 970 cernere
2243 914 2308 968 de
2336 921 2479 967 terra
2510 912 2628 965 sine
2658 908 2974 980 palmitibus
3014 908 3438 979 germinantem,
3475 907 3588 959 fru-

1977 1011 2215 1057 mentum
2239 1001 2357 1056 sine
2380 998 2683 1055 seminibus
2705 1006 2912 1061 ortum,
2937 998 3182 1052 tunicam
3205 998 3326 1052 sine
3346 996 3587 1051 stamine

1977 1104 2030 1150 et
2057 1094 2179 1149 sine
2211 1101 2428 1148 texente
2460 1106 2621 1145 manu
2652 1097 3005 1157 contextam;
3041 1103 3238 1159 panem
3276 1087 3396 1141 sine
3442 1086 3587 1141 mola

1977 1202 2041 1242 ac
2071 1186 2324 1241 manibus
2371 1193 2426 1240 et
2468 1184 2592 1253 igne
2623 1182 2977 1249 fabricatum,
3023 1183 3118 1238 sed
3150 1195 3353 1237 arcane
3378 1195 3445 1237 ex
3477 1179 3588 1233 vir-

1978 1276 2140 1348 ginali
2196 1277 2370 1331 farina
2423 1275 2767 1340 confectum,
2836 1282 2892 1330 et
2945 1274 3262 1330 universum
3323 1271 3583 1327 mundum

1977 1367 2375 1439 complentem;
2409 1377 2683 1438 prreterea
2720 1365 3004 1437 Virginem
3049 1366 3273 1437 proprio
3315 1361 3587 1419 infantulo

1979 1474 2270 1514 mammam
2303 1461 2694 1530 porrigentem,
2719 1459 2989 1529 lactisque
3019 1457 3201 1513 fontes
3226 1457 3581 1527 praebentem,

1978 1562 2208 1607 matrem
2247 1550 2495 1608 effectam
2541 1567 2664 1622 quae
2707 1553 3025 1621 nuptiarum
3069 1550 3243 1621 legem
3272 1563 3379 1604 non
3408 1547 3587 1603 admi-

1978 1654 2150 1711 serat,
2180 1656 2436 1709 matrem,
2459 1646 2703 1713 inquam,
2738 1643 2987 1710 effectam
3022 1657 3142 1712 qua:
3166 1642 3443 1709 quomodo
3491 1638 3585 1693 flat

1980 1748 2155 1794 mater
2204 1738 2529 1809 ignorabat,
2578 1746 2809 1791 matrem
2861 1734 3109 1804 denique
3159 1731 3409 1788 cll‘ectam
3463 1746 3587 1801 qua:

1980 1840 2223 1887 matrona
2248 1841 2410 1887 antea
2435 1845 2538 1885 non
2566 1829 2765 1896 fuerat,
2784 1828 2878 1884 sed
2901 1827 2954 1882 in
2974 1827 3291 1897 virginitate
3313 1811 3583 1881 tumorem

1978 1923 2185 1979 ventris
2216 1922 2618 1987 ostendentem,
2646 1922 2876 1990 ejusque
2918 1920 3156 1973 fructum
3187 1916 3441 1972 manibus
3472 1914 3584 1971 cir-

1978 2014 2393 2079 cumferentem,
2430 2022 2485 2068 et
2511 2011 2687 2068 ofﬁcia
2719 2012 2910 2067 matris
2951 2010 3102 2066 salva
3134 2009 3451 2079 virginitate
3490 2020 3588 2060 ex-

1977 2116 2315 2177 sequentem,
2341 2114 2397 2161 et
2429 2120 2554 2161 cum
2586 2105 2781 2160 matris
2801 2104 3021 2158 numine
3047 2102 3345 2169 virginem,
3372 2108 3582 2170 postre-

1979 2215 2066 2255 mo
2092 2198 2368 2254 contraria
2419 2196 2638 2251 nomina
2678 2204 2733 2252 et
2775 2194 3093 2251 contrarias
3124 2208 3211 2249 res
3238 2191 3402 2248 simul
3431 2203 3584 2246 com-

1977 2288 2423 2361 prehendentem.

1974 2495 2195 2568 836m
2245 2491 2435 2547 XXIV.
2491 2491 2589 2545 Res
2642 2500 2759 2573 post
2793 2489 3373 2573 Christunativitatem
3416 2503 3576 2555 gestu

2454 2569 2761 2617 summatim
2804 2569 3119 2613 narrantur.

2047 2678 2140 2735 Sic
2168 2689 2329 2733 natus
2358 2677 2614 2733 Christus
2651 2674 2917 2730 Dominus
2948 2678 3079 2739 (non
3112 2673 3260 2726 enim
3296 2672 3445 2741 pium
3487 2673 3581 2731 sit,

1974 2780 2096 2840 post
2136 2780 2352 2839 partum
2396 2767 2481 2823 vel
2529 2767 2701 2823 Deum
2739 2764 2977 2820 Verbum
3022 2763 3401 2819 tantummodo
3435 2762 3585 2817 illum

1960 2862 2270 2935 appellare,
2289 2861 2373 2917 vel
2394 2861 2693 2927 hominem,
2712 2859 3001 2916 divinitate
3022 2858 3309 2922 nudatum,
3325 2856 3420 2911 scd
3437 2856 3591 2911 Cliri.

1976 2965 2093 3010 stus
2139 2963 2225 3009 est
2277 2952 2666 3023 appellandus,
2716 2954 2862 3023 quod
2912 2951 3242 3006 vocabulum
3291 2958 3591 3017 utramque

1978 3058 2252 3115 naturam,
2273 3057 2329 3103 et
2348 3056 2655 3103 sumentem
2684 3044 2899 3101 scilicet
2925 3053 2980 3100 et
3004 3052 3303 3113 sumptam,
3329 3042 3588 3109 denotat)

1976 3142 2161 3195 omnia
2206 3148 2394 3195 nostra
2428 3148 2659 3205 excepto
2696 3145 2927 3206 peccato
2958 3136 3178 3206 recipit,
3216 3134 3401 3190 fasciis
3436 3148 3591 3189 more

271 3231 677 3302 παραπλησίως
722 3236 839 3295 τοῖς
884 3232 1135 3304 βρέφεσι,
1178 3236 1273 3289 καὶ
1317 3236 1553 3304 γάλακτι
1591 3238 1871 3308 τρέφεται,

1981 3233 2271 3288 infantium
2320 3230 2636 3294 involvitur,
2678 3229 2821 3285 lacte
2865 3228 3035 3283 alitur
3088 3238 3254 3297 atque
3299 3226 3588 3289 educatur,

274 3320 373 3374 καὶ
397 3320 720 3392 τιθηνεῖται,
755 3323 852 3376 καὶ
896 3325 1056 3394 χερσὶ
1087 3327 1468 3398 περιφέρεται,
1509 3328 1605 3381 καὶ
1650 3330 1872 3393 κόλποις

271 3410 567 3477 ἐντίθεται,
599 3413 692 3465 καὶ
724 3412 868 3466 κατὰ
898 3414 1063 3484 νόμον
1087 3416 1499 3486 περιτέμνεται,
1526 3418 1623 3471 καὶ
1658 3419 1871 3492 καθαρ-

274 3502 417 3564 σίοις
457 3501 675 3568 θυσίαις
735 3504 1083 3575 καθαίρεται,
1131 3509 1164 3575 ἡ
1212 3508 1373 3577 καινὴ
1439 3509 1536 3561 καὶ
1588 3511 1727 3581 μόνη
1772 3511 1874 3582 τῆς

273 3593 607 3663 οἰκουμένης
639 3593 821 3660 θυσία,
852 3596 881 3647 ὁ
909 3594 1006 3648 τοῦ
1044 3596 1253 3668 κόσμου
1288 3599 1388 3669 τὴν
1421 3598 1702 3671 ἁμαρτίαν
1735 3603 1874 3673 ἄρας

290 3685 490 3755 Ἀμνός
512 3702 525 3714 ·
554 3686 659 3739 ὑπὸ
694 3684 790 3739 τοῦ
824 3685 1053 3756 Συμεὼν
1084 3692 1498 3759 προσκυνεῖται,
1550 3692 1647 3745 καὶ
1684 3694 1875 3765 Σωτὴρ

273 3773 414 3846 ὁμοῦ
480 3775 576 3829 καὶ
629 3777 909 3848 Δεσπότης
963 3780 1461 3851 προσαγορεύεται·
1535 3783 1727 3852 φεύγει
1786 3787 1875 3841 τὸν

291 3864 544 3937 Ἡρώδην
605 3868 745 3955 μετὰ
793 3869 895 3939 τῆς
955 3870 1162 3942 μητρὸς
1230 3874 1325 3926 καὶ
1378 3873 1473 3927 τοῦ
1533 3876 1872 3948 κηδεμόνος,

277 3955 721 4027 καταλαμϐάνει““
749 3958 845 4031 τὴν
897 3961 1207 4031 Αἴγυπτον,
1261 3964 1627 4038 ἐπανέρχεται
1689 3971 1873 4035 πάλιν,

275 4050 513 4121 ἀγωνιᾷ,
542 4052 623 4115 είς
691 4049 791 4123 τὴν
824 4053 1083 4125 Ναζαρὲτ
1122 4057 1511 4129 παραγίνεται,
1556 4062 1742 4134 ἡλικίᾳ
1781 4066 1876 4118 καὶ

279 4139 445 4211 σοφίᾳ
474 4140 798 4209 προκόπτει,
830 4146 943 4208 τοῖς
986 4146 1237 4215 γονεῦσιν
1264 4149 1653 4217 ὑποτάσσεται,
1693 4154 1876 4226 πάσης

277 4232 449 4303 τιμῆς
476 4232 618 4297 ἀξιοῖ
642 4233 703 4287 ού
739 4235 899 4305 μόνον
934 4238 1034 4307 τὴν
1063 4239 1298 4309 μητέρα,
1331 4241 1469 4295 ἀλλὰ
1504 4244 1598 4297 καὶ
1642 4245 1733 4298 τὸν
1776 4248 1875 4317 τῆς

280 4325 491 4398 μητρὸς
536 4326 705 4380 πάλαι
753 4328 851 4398 μὲν
880 4332 1190 4403 μνηστῆρα,
1242 4334 1379 4404 μετὰ
1420 4335 1594 4389 ταῦτα
1626 4337 1682 4391 δὲ
1717 4340 1877 4410 κηδε-

280 4417 422 4489 μόνα
446 4419 542 4470 καὶ
576 4418 819 4487 φύλακα,
850 4421 949 4485 τὰς
977 4423 1242 4491 ἐννόμους
1268 4425 1463 4497 ἑορτὰς
1504 4429 1776 4501 ἑορτάζει,
1797 4431 1877 4503 τῷ

280 4510 415 4581 ἱερῷ
449 4511 828 4583 προσεδρεύει,
853 4514 955 4583 τὴν
993 4514 1293 4587 Ἰουδαῖκὴν
1319 4518 1533 4589 ἐλέγχει
1564 4521 1872 4593 παχύτητα’

1979 3327 2232 3383 manibus
2282 3323 2693 3388 circumfertur,
2747 3321 2873 3376 sinu
2909 3320 3202 3387 excipitur,
3266 3317 3426 3387 legali
3482 3316 3590 3371 ritu

1979 3417 2416 3485 circumciditur,
2444 3414 2767 3486 expiatoriis
2792 3411 3081 3469 sacriﬁciis
3104 3408 3428 3482 puriﬁcatur
3447 3423 3588 3464 nova

1980 3524 2036 3567 et
2068 3512 2229 3567 unica
2269 3509 2460 3565 mundi
2492 3508 2696 3571 hostia,
2720 3508 2908 3575 Agnus
2940 3503 3127 3558 mundi
3159 3509 3447 3573 peccatum
3490 3501 3593 3556 tol-

1978 3605 2116 3672 lens;
2142 3619 2171 3659 a
2194 3603 2449 3658 Simeone
2470 3603 2811 3664 adoratur,et
2835 3598 3095 3654 Servator
3119 3596 3283 3651 simul
3303 3595 3593 3651 Dominus-

1978 3715 2083 3771 que
2107 3696 2436 3769 appellatur.
2467 3693 2631 3760 Fugit
2661 3707 2786 3747 cum
2826 3699 3001 3745 matre
3034 3699 3089 3743 ct
3130 3688 3354 3745 custode
3381 3687 3450 3741 ab
3481 3684 3591 3742 lle-

1981 3794 2144 3857 rode,
2199 3792 2346 3845 venit
2402 3789 2454 3843 in
2513 3786 2852 3857 Aﬁgyptum,
2919 3784 3236 3845 revertitur,
3287 3779 3592 3851 periculum

1982 3892 2162 3954 pavet,
2198 3881 2571 3936 Nazarelhum
2603 3877 2845 3940 accedit,
2878 3884 3041 3931 natale
3070 3885 3123 3928 et
3156 3873 3425 3945 sapientia
3462 3886 3593 3942 pro.

1984 3977 2115 4043 licit,
2164 3974 2483 4046 parentibus
2529 3971 2895 4039 obtemperat,
2943 3967 3089 4023 omni
3142 3967 3353 4023 honore
3398 3979 3587 4035 prose-

1980 4067 2164 4137 quitur
2189 4079 2298 4118 non
2333 4073 2565 4117 matrem
2597 4059 3000 4123 tantummodo,
3038 4072 3226 4112 verum
3263 4055 3431 4111 etiam
3472 4071 3590 4108 mn-

1981 4160 2081 4214 tris
2110 4159 2239 4213 olim
2265 4154 2486 4226 quidem
2517 4168 2803 4221 sponsum,
2838 4150 3093 4220 posthinc
3120 4164 3250 4204 vero
3280 4157 3593 4204 curatorem

1978 4261 2143 4320 atque
2174 4249 2478 4311 custodem,
2524 4244 2719 4314 legalia
2754 4242 2893 4298 festa
2937 4241 3203 4306 celebrat,
3241 4241 3296 4295 in
3329 4243 3591 4313 templum

1979 4343 2239 4411 frequens
2267 4340 2443 4403 venit,
2479 4336 2831 4392 Judaicorum
2880 4334 3225 4402 ingeniorum
3274 4334 3590 4388 tarditatem

1979 4433 2264 4504 coarguit;
2299 4432 2463 4499 idque
2490 4428 2602 4499 agit
2633 4427 2721 4481 vix
2770 4425 3141 4481 duodecenuis
3171 4434 3296 4494 post
3330 4426 3591 4480 nativita-

1981 4536 2114 4580 tem.
2155 4522 2433 4589 Qumritur
2465 4537 2497 4575 a
2530 4519 2806 4591 cognatis,
2839 4516 3133 4572 derelictus
3169 4519 3593 4587 reprehenditur

279 4604 377 4657 καὶ
402 4602 565 4656 τοῦτο
589 4606 735 4657 ποιεῖ
761 4604 854 4657 δύο
884 4610 978 4659 καὶ
997 4607 1128 4660 δέκα
1159 4608 1401 4678 γεγονὼς
1431 4613 1591 4681 μόνον
1615 4613 1709 4684 ἔτη
1738 4614 1874 4680 τέως

1982 4634 2010 4671 a
2044 4623 2247 4677 matre,
2280 4612 2487 4669 factum
2521 4610 2787 4674 defendit,
2816 4618 2874 4665 et
2912 4609 3148 4666 latenter
3187 4611 3593 4679 quodammodo

280 4692 425 4765 μετὰ
469 4695 560 4748 τὸν
594 4696 790 4749 τόκον⁶
828 4698 1173 4769 ἐπιξητεῖται
1221 4703 1375 4773 παρά
1420 4704 1531 4757 τῶν
1572 4707 1881 4778 προσηκόν-

276 4803 389 4839 των
417 4784 517 4855 (1),
548 4787 905 4859 ἀπολειφθεὶς
940 4790 1261 4859 ἐγκαλεῖται
1292 4796 1446 4866 παρὰ
1495 4798 1593 4866 τῆς
1641 4800 1878 4869 μητρὸς,

280 4878 655 4946 ἀπολογεῖται,
708 4880 802 4933 καὶ
831 4880 1021 4951 ἡρέμα
1050 4901 1167 4946 πως
1214 4892 1570 4967 παραγυμνοῖ
1621 4889 1719 4961 τὴν
1760 4890 1881 4943 θεό-

280 4986 441 5036 τητα.
482 4990 499 5020 ι
532 4972 646 5025 Ούκ
690 4972 869 5026 οἴδατε
912 4974 1046 5047 γὰρ,
1094 4978 1280 5049 φησιν,
1314 4980 1395 5033 ὅτι
1420 4982 1476 5033 ἐν
1506 4985 1618 5044 τοῖς
1663 4984 1885 5048 οἰκείοις

279 5060 377 5114 τοῦ
407 5062 622 5132 Πατρός
657 5082 759 5134 μου
791 5065 871 5120 δεῖ
897 5062 1037 5120 εἷναί
1063 5086 1168 5139 με;
1212 5090 1229 5121 ι
1266 5074 1491 5136 Δεικνὺς
1527 5074 1601 5137 ὡς
1627 5076 1688 5127 ού
1719 5075 1877 5147 μόνον

282 5154 403 5208 ἐστι
440 5154 507 5229 ,τὸ
536 5155 837 5227 ὁρώμενον,
887 5158 1025 5213 ἀλλὰ
1076 5162 1173 5215 καὶ
1222 5162 1355 5226 Θεὸς
1402 5166 1460 5218 ἐν
1496 5166 1576 5237 τῷ
1617 5170 1879 5241 ὁρωμένῳ

281 5244 693 5316 κρυπτόμενος,
756 5250 1095 5323 ύπέρχρονος
1142 5254 1238 5307 καὶ
1282 5258 1608 5327 προαιώνιος
1656 5262 1720 5313 ἐκ
1784 5259 1879 5314 τοῦ

283 5337 499 5409 Πατρὸς
529 5340 839 5410 προελθών·
888 5345 984 5400 καὶ
1032 5346 1118 5399 ἵνα
1155 5349 1438 5420 συντόμως
1489 5352 1653 5419 εἴπω,
1699 5371 1878 5425 παρα-

282 5431 494 5497 γίνεται
528 5432 665 5502 πρὸς
703 5435 956 5510 Ἰωάννην
993 5442 1347 5511 βαπτίζοντα,
1389 5446 1568 5499 πείθει
1615 5446 1878 5517 βαπτίσαι

285 5523 753 5593 παραιτούμενον.
804 5538 1075 5601 προτυποῖ
1119 5536 1179 5590 τὸ
1217 5538 1482 5607 ἡμέτερον
1533 5542 1590 5593 ὲν
1630 5540 1706 5609 τῷ
1750 5542 1879 5610 Ἰορ-

358 5702 402 5733 ”
438 5702 573 5760 Luc.
618 5723 672 5770 ιι,
716 5706 804 5761 49.

359 5858 435 5929 (l)
480 5861 560 5916 Att
610 5862 895 5919 dicuntluttt
942 5867 996 5917 ἐν
1044 5867 1150 5927 τοῖς
1202 5867 1491 5935 συγγενέσι
1540 5868 1629 5922 καὶ
1678 5872 1730 5924 ἐν
1776 5878 1882 5935 τοῖς

1982 4707 2324 4763 divinitatem
2386 4718 2542 4758 suam
2610 4702 2823 4757 revelat
2872 4715 2887 4755 :
2941 4720 2959 4753 ‹
2994 4700 3356 4767 Nesciebatis,
3388 4702 3592 4772 inquit,

1983 4799 2243 4869 quoniam
2291 4796 2348 4851 in
2398 4796 2465 4849 iis
2504 4808 2625 4865 quae
2680 4792 2861 4848 Patris
2896 4792 3002 4847 mei
3037 4800 3187 4857 sunt,
3237 4801 3455 4860 oportet
3504 4809 3592 4849 me

1984 4908 2104 4948 esse
2128 4890 2218 4943 ’7?
2253 4909 2270 4941 ι
2300 4884 2629 4960 Significa'ns
2658 4900 2717 4941 se
2744 4900 2853 4940 non
2891 4900 3016 4940 eum
3056 4898 3177 4940 esse
3210 4889 3592 4941 tantummodo

1984 4986 2077 5055 qui
2126 4982 2473 5045 cernebatur,
2528 4981 2623 5035 sed
2676 4978 2843 5032 Deum
2896 4990 3115 5048 quoque
3163 4991 3289 5032 esse
3347 4980 3448 5033 sub
3500 4977 3592 5033 illo

1986 5086 2209 5147 aspectu
2271 5074 2530 5138 celatum,
2570 5081 2698 5127 ante
2729 5086 2894 5127 omne
2938 5081 3150 5141 tempus
3180 5080 3236 5125 et
3270 5070 3491 5137 saecula,
3524 5087 3591 5126 ex

1987 5170 2146 5225 Patre
2177 5168 2609 5240 provenientem.
2640 5164 2841 5233 Atque,
2868 5173 2924 5219 ut
2947 5163 3260 5218 summatim
3275 5164 3474 5230 dicam,
3502 5181 3590 5220 ve-

1981 5267 2060 5319 nit
2086 5264 2153 5318 ad
2186 5264 2451 5319 Joannem
2485 5261 2875 5331 baptizantem,
2910 5260 3207 5330 persuadet
3237 5258 3285 5313 ei
3312 5261 3591 5314 recusanti

1981 5367 2037 5412 ut
2082 5370 2140 5411 se
2185 5354 2450 5423 baptizet,
2503 5352 2816 5423 pra-figurat
2868 5351 2921 5405 in
2972 5348 3211 5406 Jordane
3258 5349 3591 5418 baptismum

1982 5455 2251 5509 nostrum,
2276 5443 2439 5499 linem
2460 5443 2564 5514 legi
2599 5443 2852 5511 imponit,
2877 5442 3069 5512 gratiae
3096 5440 3323 5511 januam
3360 5453 3591 5507 reserat,

1980 5557 2007 5591 ιι
2041 5536 2200 5591 Patre
2251 5534 2471 5591 coalitus
2516 5533 2844 5605 publicatur,
2882 5530 3121 5603 Spiritus
3156 5533 3446 5601 praesentia
3498 5534 3593 5587 de-

1935 5876 2209 5941 '."It')310i{,
2244 5874 2381 5930 inter
2444 5884 2692 5945 Cognatas
2727 5884 2771 5929 et
2808 5887 2981 5943 notos,
3014 5886 3070 5933 ut
3103 5876 3231 5934 an.
3264 5893 3322 5945 ιι,
3360 5875 3467 5933 442
