3926 6508
422 512 559 569 “63

1412 492 1469 548 S.
1511 484 1782 547 CYBILLI
1820 475 2284 538 ALEXANDRINI
2325 473 2647 531 ARClilEl’.

3548 460 3684 517 “(id

420 634 773 686 monstratur,
804 618 1018 675 ducitur
1053 617 1107 671 in
1145 615 1419 671 desertum
1453 613 1599 667 velut
1631 609 1696 663 ad
1742 606 1993 662 idoneam

2109 600 2233 669 δάνῃ
2262 598 2573 669 βάπτισμα,
2599 595 2779 650 δίδωσι
2816 592 2969 655 τέλος
2998 592 3076 662 τῷ
3104 593 3274 662 νόμῳ,
3310 589 3402 643 καί
3437 585 3543 659 τὴν
3584 580 3681 686 θύ-

421 717 706 787 quamdam
754 712 1097 784 palastram,
1150 718 1203 762 et
1247 706 1453 775 iejunat
1492 700 1709 773 837m
1752 698 1990 787 quidem,

424 825 530 864 non
560 819 737 861 tamen
767 805 906 858 ultra
931 809 1136 856 natura
1160 809 1501 859 mensuram;
1528 802 1583 846 et
1610 790 1751 845 vesci
1776 786 1990 860 quidem

421 900 592 968 cupit,
634 894 983 951 nihilominus
1024 888 1317 960 appetitum
1360 886 1598 946 cohibet,
1629 894 1802 950 neque
1837 877 1991 933 volu-

424 988 662 1059 ptatibus
690 986 877 1040 servit.
914 982 979 1036 Et
1010 979 1167 1033 famis
1193 976 1410 1047 quidem
1452 986 1613 1027 causa
1638 970 1874 1026 concitat
1900 968 1997 1021 ad-

425 1075 725 1131 versarium
752 1075 815 1127 ad
845 1072 1065 1135 luctam,
1097 1082 1256 1138 quem
1280 1075 1458 1120 tamen
1490 1062 1725 1117 humana
1758 1059 1993 1129 philoso-

424 1167 552 1238 phia
600 1173 840 1236 superat,
883 1178 991 1217 non
1045 1157 1344 1213 divinitatis
1384 1161 1684 1225 potestate;
1740 1151 1993 1214 luctatur,

426 1267 662 1327 superat,
687 1256 877 1318 vincit,
906 1252 1175 1324 proﬂigat,
1202 1246 1537 1321 tyrannidem
1555 1242 1821 1305 dissolvit,
1847 1240 1997 1294 infir-

426 1349 667 1404 mitatem
702 1346 845 1400 illius
892 1346 1246 1405 demonstrat,
1277 1338 1591 1406 clademque
1616 1332 1939 1404 depraedicat
1980 1345 1994 1383 :

432 1460 452 1493 ι
475 1439 758 1503 Conlldite,
784 1436 975 1507 inquit,
1004 1450 1104 1505 ego
1123 1433 1224 1488 vici
1248 1430 1505 1486 mundum
1528 1428 1609 1479 "z
1636 1445 1654 1478 ι
1688 1433 1916 1480 cunctos
1931 1422 1997 1475 ad

426 1533 676 1586 virtutem
705 1531 968 1590 hortatur,
989 1526 1289 1581 divinorum
1314 1523 1621 1590 dogmatum
1641 1515 1849 1571 tabulas
1865 1528 1997 1570 con-

426 1624 525 1689 dit,
560 1621 867 1676 nuntiatum
898 1633 993 1673 ore
1028 1617 1305 1687 propheta:
1350 1612 1756 1668 Testamentum
1800 1620 1995 1661 novum

428 1715 593 1767 tradit
618 1713 687 1778 ",
709 1711 967 1766 caelorum
996 1721 1222 1777 regnum
1246 1703 1532 1775 promittit,
1568 1699 1726 1756 cilicii
1753 1710 1997 1753 contem-

428 1805 672 1875 ptoribus
698 1804 956 1873 gehennae
997 1801 1171 1871 ignem
1208 1795 1587 1852 comminatur.

2104 710 2202 765 ραν
2234 690 2515 758 ὑπανοίγει
2539 689 2639 759 τῆς
2667 688 2907 759 χάριτος,
2934 686 3041 739 ὑπὸ
3074 684 3167 738 τοῦ
3197 684 3410 752 Πατρδς
3445 675 3685 751 οὐρανό-

2101 783 2193 836 θεν
2249 780 2703 853 ἀνακηρύττεται,
2757 781 2824 849 τῇ
2875 776 3147 847 παρουσίᾳ
3203 774 3297 827 τοῦ
3359 772 3687 840 Πνεύματος

2098 875 2399 935 δείκνυται,
2432 875 2695 941 ἀνάγεται
2726 874 2803 934 είς
2827 870 2924 942 τὴν
2958 870 3165 942 ἔρημον
3192 868 3266 931 ὡς
3297 869 3377 930 είς
3408 863 3688 935 ἁρμοδίαν

2093 966 2215 1021 τινά
2250 965 2592 1035 παλαίστραν
2634 963 2738 1017 ὑπὸ
2786 961 2881 1016 τοῦ
2921 961 3261 1032 Πνεύματος,
3297 959 3393 1011 καὶ
3427 953 3689 1026 νηστεύει

2097 1060 2237 1131 μὲν,
2288 1059 2351 1112 οὗ
2412 1057 2555 1129 πέρα
2611 1056 2670 1110 δὲ
2718 1056 2824 1109 τῶν
2879 1055 3092 1126 μέτρων
3143 1053 3245 1120 τῆς
3294 1052 3533 1119 φύσεως.
3589 1044 3688 1099 καὶ

2092 1151 2295 1224 τροφῆς
2329 1150 2429 1221 μὲν
2460 1149 2699 1218 ἐφίεται,
2747 1146 2884 1201 ἀλλά
2929 1146 3122 1217 κρατεῖ
3164 1144 3265 1213 τῆς
3311 1141 3547 1210 ὀρέξεως
3576 1180 3594 1203 ,
3625 1135 3688 1188 οὐ

2093 1242 2334 1297 δουλεύει
2376 1245 2497 1305 ταῖς
2538 1241 2782 1312 ἡδοναῖς’
2833 1240 2928 1293 καὶ
2972 1237 3129 1291 καλεῖ
3177 1235 3277 1306 μὲν
3304 1238 3370 1305 τῇ
3398 1234 3563 1302 πείνῃ
3597 1230 3690 1285 τὸν

2095 1332 2388 1388 ἀντίπαλον
2443 1334 2522 1395 είς
2571 1332 2669 1403 τὴν
2730 1330 2946 1402 πάλην,
3015 1328 3355 1400 περιγίνεται
3400 1325 3458 1377 δὲ
3512 1319 3691 1377 αὑτοῦ

2099 1423 2415 1496 ἀνθρωπίνῃ
2464 1422 2789 1495 φιλοσοφίᾳ,
2842 1421 2956 1476 ἀλλ’
3004 1421 3106 1474 οὐκ
3145 1418 3369 1487 ἐξουσία
3406 1416 3688 1485 θεότητος.

2100 1512 2430 1583 ἀγωνίζεται
2455 1554 2472 1579 ,
2518 1512 2945 1581 καταγωνίζεται
2970 1552 2987 1573 ,
3029 1513 3157 1582 νικᾷ
3181 1550 3196 1572 ,
3230 1508 3507 1576 ἐξελαύνει
3532 1548 3546 1566 .
3584 1505 3691 1575 τὴν

2100 1604 2389 1674 τυραννίδα
2420 1603 2680 1659 καταλύει
2699 1644 2715 1665 .
2762 1604 2823 1657 τὺ
2845 1603 3071 1667 ἀσθενὲς
3096 1602 3306 1671 ἐλέγχει
3332 1642 3347 1664 ,
3383 1599 3483 1671 τὴν
3513 1592 3690 1667 ἧτταν

2103 1693 2399 1763 κηρύττει’
2441 1712 2460 1745 ι
2492 1693 2757 1763 Θαρσεῖτε
2780 1692 2912 1763 γὰρ,
2946 1692 3130 1762 φησὶν,
3166 1689 3279 1759 ἐγὼ
3305 1687 3568 1757 νενίκηκα
3595 1685 3692 1736 τὸν

2105 1785 2310 1857 κόσμον
2350 1803 2366 1817 θ
2425 1804 2445 1839 a
2492 1786 2796 1858 προτρέπει
2862 1784 3068 1847 πάντας
3131 1785 3211 1846 είς
3274 1780 3513 1854 ἀρετὴν,
3584 1778 3691 1847 τὴν

430 1873 748 1966 νομοθεσίαν
778 1893 884 1948 τῶν
918 1891 1078 1946 θείων
1124 1888 1409 1960 δογμάτων
1446 1886 1610 1949 ποιεῖ,
1651 1884 1750 1956 τὴν
1807 1880 1899 1936 διά
1934 1880 2029 1934 τοῦ
2075 1880 2359 1950 προφήτου
2410 1878 2833 1951 ἐπηγγελμένην
2876 1877 3075 1949 καινὴν
3102 1874 3379 1947 Διαθηκην
3442 1873 3689 1931 δίδωσιν.

430 1985 671 2059 οὐρανῶν
739 1984 1019 2056 βασιλείαν
1073 1982 1434 2052 ὑπισχνεῖται,
1488 1982 1600 2043 τοῖς
1628 1975 1919 2048 ἀμελοῦσιν
1957 1973 2172 2029 ἀπειλεῖ
2196 1973 2295 2044 τῆς
2315 1973 2543 2044 γεέννης
2572 1971 2673 2042 τὴν
2698 1969 2890 2041 φλόγα.

490 2097 659 2154 XXV.
698 2096 1101 2167 Compettdiaria
1131 2095 1529 2167 Dominicorum
1559 2090 1939 2145 miraculorum

2109 2087 2238 2141 κε’.
2291 2088 2597 2157 Σύντομος
2636 2085 2754 2141 τῶν
2789 2083 3171 2167 demtoth
3221 2082 3542 2153 θαυμάτων
3597 2080 3688 2135 δι·

1087 2163 1344 2219 narratio.

502 2285 669 2341 Dictis
696 2283 857 2339 ﬂdem
897 2279 1030 2336 facit
1054 2278 1243 2351 grandi
1276 2285 1486 2348 patrato
1513 2274 1794 2339 miraculo,
1822 2274 2005 2328 vinum

434 2391 624 2445 nempe
655 2373 796 2428 nulla
820 2372 1027 2427 cultura
1055 2368 1380 2440 acquisitum
1412 2367 1611 2437 nuptiis
1634 2365 2003 2436 suppeditans,

430 2462 615 2517 vinum
653 2461 770 2515 sine
808 2458 1117 2529 palmitibus
1163 2473 1232 2513 ex
1277 2472 1417 2527 aqua
1470 2456 1789 2519 conficiens,
1820 2455 2004 2509 vinum

434 2550 639 2619 absque
679 2563 780 2603 uva
824 2547 1134 2618 nuptiarum
1163 2538 1407 2602 convivis
1440 2545 1695 2616 largiens,
1728 2545 1782 2599 in
1824 2545 2005 2599 vinum

436 2649 652 2693 mutans
683 2652 942 2708 aquarum
981 2648 1252 2701 naturam,
1293 2635 1440 2691 nulla
1482 2636 1874 2691 interveniente
1903 2636 2011 2691 vite

437 2732 716 2785 humorem
756 2741 915 2784 terra:
944 2729 1285 2798 deprzedans,
1330 2737 1493 2797 atque
1541 2728 1615 2783 ita
1649 2729 1863 2796 nuptias
1903 2741 2008 2781 non

434 2819 719 2888 pmsentia
744 2818 1136 2883 tantummodo,
1171 2833 1356 2873 verum
1375 2820 1537 2872 etiam
1567 2818 1811 2887 prodigio
1842 2818 2011 2872 hono-

436 2924 585 2964 rans.
619 2907 753 2963 Nam
790 2909 916 2980 quia
943 2910 1054 2978 ipse
1077 2908 1141 2964 de
1168 2908 1405 2978 virginea
1438 2909 1593 2963 vulva
1628 2909 1922 2978 prodierat,
1954 2917 2009 2963 et

435 2999 802 3069 virginitatem
837 3015 933 3053 usu
976 2999 1191 3068 proprio
1224 3006 1279 3053 et
1312 2998 1493 3053 verbis
1519 2998 1832 3064 extollebat,
1865 2999 2010 3054 caeli-

435 3092 726 3159 batumque
750 3104 912 3159 opere
951 3104 1015 3145 ac
1057 3090 1400 3145 sermonibus
1437 3090 1759 3156 honorabat,
1796 3106 1860 3145 ne
1891 3092 2012 3161 quis

440 3183 580 3237 forte
632 3182 941 3252 coniugium
981 3181 1412 3249 intemperantia
1461 3180 1579 3234 loco
1621 3180 1863 3247 haberet,
1908 3197 2011 3235 nu-

437 3272 687 3341 ptiasque
734 3285 831 3326 ceu
885 3270 1100 3325 illicitas
1146 3270 1474 3336 traduceret,
1521 3270 1734 3338 nuptias
1761 3270 2007 3326 honestat

437 3363 722 3433 pmsentia
783 3376 917 3428 sua,
979 3362 1237 3417 honorem
1308 3362 1504 3431 insigni
1553 3377 1779 3417 munere
1827 3372 2006 3431 auget,

438 3466 697 3521 sponsum
730 3454 1003 3506 anxietate
1026 3451 1265 3520 expedit,
1302 3452 1557 3506 convivas
1589 3452 1717 3505 facit
1758 3452 2013 3506 attonitos

438 3556 591 3596 novae
638 3542 712 3596 rei
770 3541 1091 3611 fragrantia,
1148 3556 1207 3596 se
1246 3542 1419 3610 ipsum
1476 3543 1576 3596 hoc
1604 3541 1745 3596 dono
1801 3542 2014 3610 publice

437 3632 771 3687 manifestat.
824 3631 958 3686 Nam
1008 3632 1102 3701 qui
1149 3632 1471 3693 naturaliter
1522 3632 1838 3687 illaboratus
1873 3642 2011 3699 erat,

438 3722 779 3777 illaboratum
834 3722 1015 3775 vinum
1054 3720 1433 3791 suppeditavit.
1480 3719 1737 3775 Posthinc
1781 3730 2013 3790 εει-οων

438 3823 615 3878 sanat,
655 3827 903 3868 sermone
949 3813 1165 3866 morbos
1205 3811 1444 3878 resolvit,
1481 3822 1612 3865 nutu
1654 3812 1846 3866 liberat
1886 3828 2010 3882 pas-

439 3905 683 3960 sionihus
717 3902 1046 3966 laborantes,
1094 3902 1454 3956 damoniacos
1486 3901 1633 3971 rabie
1677 3900 1890 3968 liberat,
1930 3902 2013 3957 fu-

440 4005 621 4051 rentes
660 3995 724 4047 ad
753 3994 992 4063 quietam
1025 4002 1258 4046 mentem
1302 4003 1537 4054 revocat,
1575 3992 1899 4065 paralyticos
1928 4007 2013 4047 so-

439 4088 592 4151 lidat,
620 4087 927 4140 claudurum
961 4084 1121 4153 pedes
1144 4084 1488 4152 redintegrat,
1524 4084 1691 4138 solem
1710 4086 1824 4139 visu
1843 4086 2013 4140 cassis

437 4176 656 4247 838m
699 4175 952 4237 ostendit,
989 4173 1133 4228 fores
1179 4175 1430 4227 nimirum
1469 4177 1715 4244 corporis
1762 4177 2013 4247 aperiens

441 4281 538 4336 per
556 4279 692 4335 quas
720 4264 913 4318 anima:
934 4264 1155 4317 visualis
1182 4263 1411 4318 facultas
1437 4274 1591 4318 extra
1616 4265 1817 4333 prodit;
1854 4265 2012 4335 idque

440 4358 601 4410 modo
639 4355 753 4410 solo
782 4369 1032 4410 sermone
1058 4354 1250 4421 efficit,
1284 4355 1440 4409 modo
1483 4365 1641 4425 sputo
1671 4370 1735 4410 ac
1780 4356 1892 4412 luto
1920 4359 2011 4413 de-

443 4446 709 4502 ticientetn
738 4456 942 4515 partem
985 4448 1215 4514 supplet,
1250 4445 1487 4516 facitque
1524 4447 1716 4513 lutum,
1740 4449 1883 4518 quod
1917 4466 2011 4520 per

442 4553 501 4593 se
529 4538 698 4593 oculis
733 4547 816 4591 est
846 4537 1121 4601 infestum,
1149 4537 1424 4591 oculorum
1460 4539 1749 4606 medicum,
1793 4551 1847 4595 et
1883 4558 2010 4597 con-

443 4629 610 4683 trario
640 4628 933 4697 pharmace
958 4628 1147 4693 utitur,
1194 4639 1249 4682 et
1287 4641 1398 4682 rem
1428 4631 1642 4683 noxiam
1682 4634 1895 4687 exhibet
1926 4650 2004 4688 sa-

2773 2155 3011 2227 ήγησις.

2176 2269 2472 2325 Πιστοῦται
2512 2270 2580 2325 τά
2605 2270 2874 2340 λεγόμενα
2898 2272 2965 2340 τῇ
2993 2269 3203 2341 μεγάλῃ
3244 2264 3684 2338 θαυματουργία.

2107 2361 2247 2420 οἶνον
2280 2366 2631 2437 ἀγεώργητον
2660 2364 2739 2435 τῷ
2767 2365 2932 2435 γάμῳ
2953 2362 3318 2434 δωρούμενος,
3348 2355 3494 2416 οἶνον
3517 2359 3689 2430 χωρὶς

2108 2457 2401 2529 κλημάτων
2433 2456 2494 2522 ἐξ
2532 2455 2720 2520 ὕδατος
2754 2455 3141 2528 ἐργαζόμενος,
3189 2449 3333 2507 οἶνον
3374 2450 3687 2519 ἀστάςρυὶον

2107 2551 2219 2611 τοῖς
2264 2546 2361 2601 τοῦ
2411 2547 2589 2617 γάμου
2630 2544 2916 2616 δαιτυμόσι
2973 2543 3359 2617 χαριζόμενος,
3412 2543 3493 2604 είς
3544 2536 3687 2593 οἶνον

2112 2637 2435 2711 μεταόαλὼν
2468 2638 2576 2693 τῶν
2597 2638 2804 2692 ὑδάτων
2830 2637 2931 2708 τὴν
2959 2636 3143 2706 φύσιν,
3180 2636 3255 2707 μὴ
3292 2633 3686 2706 μεσιτευούσης

2110 2730 2358 2800 ἀμπέλου
2384 2769 2399 2793 ,
2430 2730 2527 2783 καὶ
2570 2729 2669 2800 τῆς
2706 2728 2814 2798 γῆς
2846 2727 2945 2798 τὴν
2993 2727 3173 2781 νοτίδα
3215 2726 3479 2796 συλήσας,
3516 2724 3685 2793 τιμῶν

2109 2822 2201 2875 τὸν
2231 2821 2408 2891 γάμον
2439 2822 2501 2874 ού
2528 2823 2593 2891 τῇ
2644 2819 2919 2891 παρουσία
2947 2818 3129 2889 μόνον,
3158 2817 3294 2870 άλλά
3328 2818 3424 2870 καὶ
3465 2819 3529 2885 τῇ
3561 2816 3687 2868 θαυ-

2114 2912 2457 2983 ματουργίᾳο
2507 2911 2695 2981 ἐπειδὴ
2742 2909 2851 2981 γάρ
2892 2912 2955 2962 ἐκ
2998 2907 3339 2980 παρθενικῆς
3388 2905 3686 2974 ἐϐλάστησε

2113 3006 2324 3074 μήτρας
2348 3043 2363 3066 ,
2409 3006 2503 3056 καὶ
2535 3001 2832 3073 παρθενίαν
2861 3000 3067 3072 ἦσκησέ
3110 3016 3169 3053 τε
3214 2999 3311 3053 καὶ
3351 3002 3465 3061 τοῖς
3514 2998 3686 3064 λόγοις

2111 3095 2297 3166 ἐξῆρε,
2325 3094 2421 3147 καὶ
2458 3094 2557 3165 τὴν
2589 3093 2821 3162 ἀζυγίαν
2863 3091 3043 3162 ἔργοις
3068 3094 3164 3144 καὶ
3192 3092 3374 3160 λόγοις
3410 3091 3684 3161 ἐτίμησεν,

2112 3189 2199 3241 ἴνα
2251 3189 2327 3259 μή
2374 3204 2459 3250 τις
2504 3187 2800 3240 ἀκολασίαν
2838 3181 2978 3240 εἶναι
3008 3185 3205 3255 νομίζῃ
3251 3185 3352 3253 τὴν
3402 3183 3685 3252 συζυγίαν,

2112 3280 2207 3333 καὶ
2236 3279 2311 3343 ώς
2343 3280 2663 3349 παρανόμου
2692 3278 2786 3330 τοῦ
2817 3276 2999 3347 γάμου
3042 3276 3375 3345 κατηγοροίη
3394 3316 3408 3340 ,
3442 3277 3575 3345 τιμᾷ
3598 3275 3689 3327 τόν

2037 3406 2080 3463 C
2113 3371 2291 3438 γάμον
2320 3372 2387 3439 τῇ
2428 3369 2700 3440 παρουσίᾳ
2732 3367 2840 3439 (Ι),
2866 3365 3017 3431 αὔξει
3042 3367 3140 3435 τὴν
3179 3366 3347 3438 τιμὴν
3372 3370 3439 3437 τῇ
3465 3365 3558 3419 τοῦ
3585 3364 3686 3419 δώ-

2119 3474 2211 3526 ρου
2246 3457 2544 3528 φιλοτιμίᾳ,
2594 3456 2712 3510 λύει
2764 3455 2859 3509 τοῦ
2890 3456 3124 3526 νυμφίου
3162 3458 3263 3527 τὴν
3306 3458 3563 3528 ἀπορίαν,
3598 3459 3687 3510 ἐκ·

2115 3548 2340 3620 πλήττει
2402 3548 2530 3612 τοὺς
2564 3547 2843 3618 συμπότας
2879 3551 2945 3619 τῇ
2994 3547 3088 3601 τοῦ
3135 3547 3323 3601 καινοῦ
3370 3550 3686 3619 πράγματος

2114 3640 2365 3710 εὖοσμίᾳ,
2400 3640 2593 3693 ἐαυτὸν
2627 3638 2713 3691 διὰ
2754 3638 2845 3691 τοῦ
2875 3637 3049 3709 δώρου
3095 3638 3378 3709 κηρύττει.
3450 3637 3685 3707 Ἀγεώρ-

2111 3748 2275 3801 γητος
2301 3730 2408 3803 γάρ
2444 3730 2541 3791 ὢν,
2569 3730 2659 3784 τὸν
2684 3730 3036 3801 ἀγεώργητον
3058 3726 3202 3784 οἶνον
3224 3731 3480 3783 δέδωκεν.
3522 3730 3685 3783 Ἐκεῐ-

2115 3822 2206 3877 θεν
2230 3823 2357 3886 τοὺς
2380 3821 2701 3895 ἀρρώστους
2731 3824 3004 3886 linguai
3028 3821 3174 3893 λόγῳ
3206 3821 3325 3874 λύει
3347 3822 3448 3895 τὰς
3478 3821 3679 3883 νόσους,

2113 3916 2206 3969 καὶ
2230 3914 2459 3985 νεύματι
2488 3915 2598 3968 τῶν
2630 3913 2820 3966 παθῶν
2841 3913 3171 3968 ἀπαλλάττει
3203 3914 3330 3977 τοὺς
3350 3894 3678 3983 ἶιάμνοντας,

2114 4007 2238 4070 τοὺς
2291 4005 2665 4076 δαιμονῶντας
2714 4006 2815 4075 τῆς
2863 4004 3063 4076 λύττης
3106 4005 3401 4076 ἐλευθεροῖ,
3449 4005 3681 4058 δείκνυσι

2112 4098 2239 4159 τοὺς
2274 4096 2583 4166 μεμηνότας
2630 4096 3055 4166 καθεστηκότας,
3103 4098 3321 4166 σφίγγει
3369 4098 3497 4160 τοὺς
3546 4113 3678 4164 παρ·

2114 4187 2381 4257 ειμένους,
2413 4187 2706 4257 ἀρτίποδας
2738 4189 2867 4251 τοὺς
2892 4188 3101 4258 χωλοὺς
3147 4187 3547 4257 ἀπεργάζεται,
3576 4188 3678 4239 δεί-

2112 4295 2265 4331 κνυσι
2291 4277 2380 4330 τὸν
2413 4278 2563 4348 ἣλιον
2584 4281 2694 4342 τοῖς
2722 4278 2784 4332 τὸ
2813 4278 3032 4349 βλέπειν
3058 4281 3452 4351 ἀφῃρημένοις,
3484 4278 3678 4345 ἀνοίγει

2112 4368 2209 4431 τὰς
2239 4367 2408 4438 θύρας
2463 4368 2555 4421 τοῦ
2586 4369 2838 4440 σώματος
2881 4370 2950 4422 δι’
2977 4364 3052 4423 ὧν
3083 4371 3172 4423 ἐπὶ
3194 4371 3261 4422 τὰ
3290 4370 3395 4434 ἔξω
3420 4371 3679 4439 διαχεῖται

2110 4460 2171 4512 τὸ
2199 4460 2297 4529 τῆς
2323 4458 2503 4529 ψυχῆς
2536 4461 2780 4524 ὁπτικὸν,
2813 4463 2908 4515 καὶ
2936 4462 3031 4513 νῦν
3063 4462 3159 4531 μὲν
3191 4462 3335 4533 λόγῳ
3362 4463 3507 4533 μόνῳ
3528 4463 3680 4516 τοῦτο

2111 4554 2272 4614 ποιεῖ,
2300 4552 2392 4604 τὸν
2428 4553 2595 4622 πηλὸν
2619 4554 2711 4606 τὸν
2738 4554 2847 4607 τῶν
2880 4554 3145 4624 ὀμμάτων
3192 4556 3476 4607 ἐπίϐουλον
3502 4557 3678 4625 ὀμμά-

2112 4660 2216 4695 των
2249 4641 2607 4714 θεραπευτὴν,
2634 4645 2724 4697 καὶ
2751 4644 2827 4714 τῷ
2875 4644 3119 4714 πολεμίῳ
3165 4646 3443 4717 φαρμάκῳ
3481 4647 3677 4716 κέχρηο

443 4720 690 4774 lutarem.
719 4716 952 4771 Auribus
981 4718 1049 4771 ab
1078 4717 1342 4772 audiendo
1369 4720 1551 4783 dictis,
1577 4722 1669 4775 sed
1700 4732 1875 4777 tamen
1912 4739 2004 4777 au-

2109 4749 2214 4795 ται,
2241 4733 2335 4785 καὶ
2373 4732 2435 4785 τὸ
2477 4732 2805 4807 δηλητήριον
2855 4735 3211 4806 ἀλεξητήριον
3248 4716 3527 4790 δείκνυσι*
3556 4740 3679 4800 sai;

442 4808 553 4863 ditu
599 4809 929 4875 carentibus,
977 4810 1275 4863 naturalem
1311 4811 1547 4880 impertit
1581 4829 1755 4869 usum.
1814 4815 2007 4873 Paucis

442 4899 672 4968 panibus
698 4900 749 4953 in
792 4901 1005 4955 deserto
1038 4901 1201 4954 multa
1237 4902 1513 4957 hominum
1564 4905 1725 4959 millia
1769 4907 2004 4974 satiavit,

442 4993 681 5059 quinque
720 4991 924 5045 scilicet
957 5005 1144 5059 panes,
1180 5001 1433 5062 tanquam
1477 4993 1529 5047 in
1567 5011 1752 5049 arvum
1798 5012 2006 5064 semen,

442 5082 689 5136 manibus
728 5083 966 5145 tradens,
1008 5093 1061 5136 et
1098 5083 1297 5154 linguae
1323 5085 1747 5143 benedictionem
1787 5104 1883 5144 ceu
1931 5092 2004 5144 ri-

443 5184 604 5237 guum
630 5170 869 5224 nimbum
894 5172 1188 5235 adducens,
1213 5173 1429 5227 densam
1456 5174 1727 5243 altamque
1752 5190 2006 5249 segetem,

443 5269 497 5314 et
522 5260 736 5327 plenam
768 5276 948 5316 aream
973 5263 1336 5331 apostolorum
1365 5281 1556 5321 manus
1576 5266 1752 5323 effecit
1782 5287 1793 5322 ε
1829 5285 2009 5325 aream

444 5364 544 5404 nec
575 5351 874 5405 ventilabro
918 5366 1019 5405 nec
1054 5354 1365 5422 purgatorio
1411 5368 1677 5426 egentem,
1722 5375 1825 5413 non
1873 5362 2009 5415 mola

442 5457 541 5499 nec
571 5454 772 5497 mactra
814 5459 914 5500 nec
942 5445 1064 5514 igne
1092 5456 1181 5499 aut
1228 5446 1463 5513 clibano,
1506 5449 1599 5504 sed
1639 5450 1783 5518 ipsos
1812 5467 1907 5521 per
1952 5471 2011 5510 se

512 5603 555 5633 "
577 5603 729 5656 Joan.
757 5618 869 5665 xvt,
897 5602 987 5656 35.
1063 5603 1105 5631 "
1130 5600 1328 5658 Jcrem.
1354 5619 1503 5667 xxat,
1525 5604 1613 5660 5i.

511 5756 588 5825 (l)
627 5757 883 5811 Eamdem
922 5755 1243 5809 sententiam
1282 5758 1444 5811 habes
1483 5759 1534 5813 in
1574 5774 1712 5814 novo
1749 5761 1909 5815 etiam
1947 5772 1999 5815 et

441 5830 680 5894 apprime
719 5825 950 5892 genuino
990 5825 1161 5877 sancti
1199 5828 1473 5895 Augustini
1516 5844 1761 5883 sermone
1805 5832 1869 5884 de
1911 5849 2000 5884 nu-

441 5898 568 5962 ptiis
596 5897 733 5967 apud
766 5897 986 5960 (Lanam,
1018 5909 1174 5963 quem
1212 5910 1305 5951 nos
1339 5911 1401 5950 ex
1438 5899 1573 5952 miro
1609 5899 1790 5955 codice
1820 5903 1998 5957 saeculi

2111 4824 2300 4885 ἀκοαῖς
2329 4823 2709 4894 καλουμέναις,
2734 4825 2793 4878 τὸ
2820 4826 2875 4879 δὲ
2903 4826 3122 4880 ἀκούειν
3148 4829 3554 4899 ἀφῃρημένους,
3588 4828 3679 4899 τὴν

2111 4913 2315 4967 οἰκείαν
2339 4914 2618 4985 ἐνέργειαν
2640 4917 3163 4987 ἐπιδίδωσι.”Αρτοις
3180 4919 3383 4985 ὀλίγοις
3406 4921 3464 4970 ἐν
3496 4920 3679 4989 ἐρήμῳ

2112 5006 2312 5068 πολλάς
2360 5008 2581 5078 ἐκόρεσε
2610 5010 2874 5079 χιλιάδας,
2907 5011 3034 5074 τοὺς
3065 5012 3221 5063 πέντε
3249 5012 3471 5079 ἄρτους,
3496 5010 3677 5080 ὥσπερ

2113 5096 2191 5159 εἰς
2218 5096 2455 5168 ἄρουραν
2492 5101 2713 5170 σπέρμα
2734 5142 2748 5166 ,
2776 5104 2894 5163 ταῖς
2933 5103 3120 5171 χερσὶν
3150 5100 3427 5171 ἐμϐαλὼν,
3462 5103 3554 5153 καὶ
3584 5102 3675 5169 τῆς

2107 5186 2351 5255 γλώττης
2378 5189 2473 5259 τὴν
2498 5191 2748 5258 εὐλογίαν
2778 5188 2888 5245 οἷόν
2918 5210 2971 5245 τι
3000 5194 3158 5259 νέφος
3194 5194 3514 5262 ἐπαγαγὼν,
3548 5193 3673 5244 δασὺ

2108 5277 2200 5329 καὶ
2243 5276 2377 5346 βαθὺ
2408 5278 2556 5348 λήϊον
2602 5283 2696 5333 καὶ
2728 5280 2839 5335 ἅλω
2870 5282 3052 5352 πλήρη
3079 5283 3176 5346 τάς
3216 5284 3324 5335 τῶν
3369 5284 3671 5336 ἀποστόλων

2108 5368 2295 5437 χεῖρας
2338 5368 2648 5439 ἀπέφηνεν,
2681 5367 2793 5426 ἆλω
2823 5374 2884 5425 οὐ
2918 5373 3086 5425 πτύου
3128 5374 3392 5444 δεομένην
3436 5377 3530 5427 καὶ
3572 5376 3673 5427 δια-

2108 5462 2361 5529 κρίσεως,
2393 5464 2453 5515 ού
2486 5465 2653 5532 μύτου
2681 5468 2774 5520 καὶ
2820 5469 3067 5538 μάκτρας
3099 5469 3190 5520 καὶ
3225 5469 3398 5537 πυρὸς
3439 5469 3529 5521 καὶ
3564 5468 3669 5520 κλι-

2107 5769 2318 5893 Exilii?“
2363 5770 2622 5831 edidimus
2661 5775 2710 5830 in
2744 5774 3023 5847 ερὲτὶἕρῃὶο
3066 5780 3240 5848 [ωιτη
3296 5797 3331 5839 t.
3374 5786 3500 5853 Vlll,
3540 5790 3667 5843 ιὶικιι
