3926 6468
147 469 165 522 I
186 468 300 523 £65

1346 459 1435 517 DE
1475 456 1996 518 INCARNATIONF.
2036 454 2295 514 DOMINI.

3329 443 3500 510 “66‘

144 582 365 646 δάνοο,
421 576 539 635 ἀλλ⁴
584 578 782 642 αὐτοὺς
831 577 956 641 τοὺς
1008 576 1209 645 ἄρτους
1260 575 1531 647 βρύουσάν
1570 596 1629 631 τε
1672 578 1767 631 καὶ

1894 589 2039 630 ianos
2091 572 2493 646 germinantem
2545 576 2709 641 atque
2764 576 3128 625 eructantem.
3186 566 3365 638 Atque
3411 580 3475 626 ut

148 672 572 743 ηγάζωσαν·
623 670 716 722 καὶ
759 668 847 723 ἵνα
895 670 955 721 έν
993 666 1278 737 κεφαλαίῳ
1326 668 1488 731 εῐπω,
1531 668 1764 739 αἵματος

149 765 410 835 ιστησεν
452 761 679 833 ὀχετοὺς
707 760 808 831 τὴν
856 760 1001 814 ῐασιν
1031 758 1211 812 ἑκοντὶ
1252 758 1538 830 συληθείς’
1592 760 1764 830 κόρην

154 857 353 926 Ξυρον
381 855 731 925 ἁρπαγεῖσαν
760 850 864 905 ὑπὸ
887 850 1117 905 θανάτου
1143 850 1238 903 καὶ
1266 848 1639 921 πενθουμένην
1660 849 1767 903 ὑπὸ

153 948 274 1003 τῶν
310 946 542 1002 οἰκείων
579 943 938 1014 ἀνθαρπάσας
962 945 1074 1007 τοῖς
1105 944 1342 1014 φύσασιν
1379 942 1725 996 ἀποδέδωκεν
1748 956 1765 973 ο

152 1041 368 1112 ἔτερον
419 1037 637 1091 νεανίαν
684 1038 765 1099 είς
811 1034 904 1115 ⁴τὸν
949 1036 1119 1104 τάφον
1158 1034 1647 1106 προπεμπόμενον,
1689 1034 1769 1097 εἰς

155 1115 324 1200 ζωὴν
354 1130 699 1199 ἐπανήγαγε,
731 1127 827 1181 καὶ
858 1128 941 1191 εἰς
962 1126 1138 1198 χαρὰν
1167 1127 1227 1181 τὸ
1253 1126 1448 1190 πένθος
1479 1125 1767 1197 μετέϐαλε,

156 1222 265 1275 καὶ
293 1220 399 1275 τὸν
430 1220 717 1289 ἐπιτάφιον
746 1217 944 1290 θρῆνον
974 1220 1055 1280 εις
1077 1216 1262 1288 ὕμνων
1296 1216 1454 1290 λόγον
1484 1217 1770 1289 γαμηλίων

154 1313 380 1384 ιτρεψε
400 1327 415 1341 ·
445 1312 541 1365 καὶ
566 1310 658 1363 τὸν
687 1308 899 1380 δυσώδη
929 1310 1127 1381 νεκρὸν
1177 1310 1316 1379 μετά
1364 1309 1634 1381 τετάρτην
1671 1312 1772 1381 τῆς

156 1405 445 1473 τελευτῆς
481 1405 547 1456 ὲκ
573 1402 675 1472 τῆς
708 1401 885 1473 θήκης
916 1401 1181 1472 ἐξήγαγε,
1206 1403 1300 1453 καὶ
1332 1400 1421 1454 τὸν
1455 1400 1772 1471 πεπεδημέ-

160 1515 265 1550 νον
296 1494 544 1567 βαδίζειν
574 1492 883 1558 ὲκέλευσεν,
909 1492 1005 1546 καὶ
1030 1491 1376 1564 παραχρῆμα
1404 1491 1433 1544 δ
1461 1508 1521 1545 τε
1538 1491 1775 1554 θάνατος

162 1589 608 1662 ἐδραπέτευσεν,
658 1588 753 1641 καὶ
799 1589 829 1641 ό
861 1585 1053 1658 νεκρὸς
1092 1584 1295 1656 έδραμε
1340 1588 1443 1655 τῆς
1475 1584 1775 1654 σηπεδόνος

162 1680 560 1749 ἀπαλλαγεὶς,
612 1680 709 1733 καὶ
755 1679 856 1747 τὴν
913 1676 1012 1748 τῆς
1079 1676 1372 1746 σηπεδόνος
1433 1674 1777 1745 ἀποθέμενος

162 1772 478 1835 δυσωδζαν,
520 1772 615 1826 καὶ
638 1770 738 1835 τάς
765 1769 861 1823 τοῦ
892 1768 1124 1823 Θανάτου
1152 1768 1325 1832 πύλας
1354 1764 1655 1837 διαφυγὼν,
1679 1766 1778 1820 καὶ

1864 649 2031 724 τάδε
2062 665 2132 721 ad
2174 662 2563 733 compendium
2592 662 2898 728 conferam,
2942 659 3229 732 sanguinis
3261 660 3472 716 fluxum

1866 761 2131 824 cohibuit,
2160 759 2395 814 sanitate
2446 757 2515 812 ab
2540 770 2605 812 eo
2641 764 2836 825 sponte
2884 753 3129 826 quidem,
3168 753 3263 808 sed
3313 756 3473 823 quasi

1869 853 2081 915 furtim,
2115 851 2433 920 impetrata.
2460 846 2704 902 Puellam
2738 846 3079 915 impuberem
3113 856 3289 900 morte
3314 846 3477 898 abre-

1868 956 2015 1015 ptam
2042 982 2059 1007 ,
2091 950 2146 998 et
2171 957 2201 995 a
2232 942 2347 999 suis
2381 940 2655 1006 deﬂetam,
2683 939 2927 995 vicissim
2972 938 3235 1007 eripiens,
3280 950 3478 1007 paren-

1872 1040 2017 1095 tibus
2061 1036 2319 1092 reddidit.
2357 1035 2539 1089 Alium
2584 1031 2985 1087 adolescentem
3023 1031 3092 1084 ad
3134 1028 3473 1094 sepulturam

1870 1131 2097 1195 elatum,
2129 1128 2252 1183 vitae
2287 1126 2549 1189 restituit,
2595 1123 2738 1180 etin
2790 1122 3048 1193 gaudium
3098 1121 3302 1175 luctum
3345 1134 3479 1175 con-

1872 1221 2056 1283 vertit,
2088 1228 2144 1274 et
2170 1217 2451 1273 funebrem
2488 1214 2939 1271 lamentationem
2971 1211 3026 1266 in
3062 1209 3338 1279 nuptiales
3377 1211 3477 1282 hy-

1874 1326 2030 1366 mnos
2070 1307 2475 1364 transmutavit.
2532 1305 2802 1361 Praterea
2871 1301 3047 1357 feteus
3109 1309 3229 1372 post
3262 1300 3479 1371 quatri—

1876 1405 2042 1458 duum
2088 1404 2157 1457 ab
2190 1401 2340 1456 obitu
2369 1400 2605 1453 cadaver
2650 1412 2718 1453 ex
2758 1410 2884 1451 arca
2918 1396 3128 1459 eduxit,
3172 1403 3227 1447 et
3271 1392 3482 1449 institis

1877 1498 2140 1568 illigatum
2189 1494 2471 1550 ambulare
2505 1492 2706 1565 jussit;
2766 1506 2937 1563 reque
2990 1505 3119 1546 vera
3163 1487 3483 1559 dilfugiente

1877 1601 2072 1657 morte,
2105 1597 2355 1643 mortuus
2384 1585 2665 1651 discurrit,
2708 1583 3001 1655 putredine
3043 1581 3201 1649 liber,
3230 1582 3485 1651 putredi-

1879 1682 2074 1752 aisque
2126 1679 2303 1737 fetore
2354 1678 2725 1749 deposito,.e
2770 1676 2965 1731 mortis
3015 1674 3203 1743 ianuis
3256 1673 3480 1729 evasit:

1879 1782 2047 1844 atque
2080 1772 2155 1828 ita
2185 1770 2330 1827 haud
2356 1769 2471 1839 jam
2504 1767 2754 1838 iigaturis
2782 1783 2812 1822 a
2843 1781 3006 1822 cursu
3056 1765 3386 1837 prohibitus,
3425 1777 3485 1821 οι

168 1864 292 1918 ὑπὸ
338 1862 450 1917 τῶν
477 1862 695 1934 δεσμῶν
728 1863 945 1932 τρέχειν
968 1861 1030 1914 ού
1060 1862 1427 1931 κωλυόμενος,
1456 1862 1551 1915 καὶ
1574 1859 1651 1931 τῷ
1678 1862 1777 1932 μὲν

1894 1878 1912 1917 I
1957 1863 2182 1919 funereo
2212 1861 2372 1918 faciei
2415 1861 2535 1917 velo
2583 1860 2729 1916 haud
2783 1858 2983 1915 diutius
3025 1861 3147 1915 visu
3194 1858 3482 1929 spoliatus,

166 1954 277 2010 τοῦ
314 1952 613 2026 προσώπου
659 1952 981 2023 καλύμματι
1026 1952 1089 2005 τὸ
1136 1950 1355 2023 βλέπειν
1398 1950 1775 2024 ἀφῃρημένος,

170 2046 490 2110 ἀκωλύτως
520 2046 577 2099 δὲ
602 2046 813 2118 τρέχων
847 2044 987 2115 πρὸς
1024 2045 1117 2098 τὸν
1164 2044 1493 2109 καλέσαντα,
1545 2045 1643 2098 καὶ
1680 2041 1781 2114 τὴν

172 2139 533 2209 Δεσποτικὴν
562 2135 946 2206 ἑπιγινὼσκων
974 2137 1181 2209 φωνήν.

178 2255 341 2324 KG”.
360 2256 484 2308 Ὅτι
504 2254 802 2320 ἑκουσίως
825 2254 898 2308 τὰ
921 2251 1187 2322 σωτήρια
1208 2252 1371 2312 πάθη
1391 2238 1779 2315 κατεδέξατο.

259 2434 366 2488 Διά
395 2433 602 2487 τούτων
633 2432 727 2487 καὶ
751 2430 928 2486 ἄλλων
967 2427 1115 2501 [cod.
1154 2426 1267 2481 τῶν
1296 2442 1393 2497 pro
1418 2422 1619 2496 ἄλλων]
1646 2423 1781 2477 θαυ-

185 2527 409 2598 μάτων,
436 2524 545 2578 τῶν
589 2522 933 2594 ἀπαγγελιῶν
966 2519 1293 2591 ἑμπεδώσας
1316 2517 1375 2572 τδ
1410 2516 1659 2588 μέγεθος,
1690 2515 1783 2569 καὶ

182 2616 288 2669 τὸν
317 2614 481 2685 χορὸν
504 2612 615 2666 τῶν
640 2610 958 2665 ἀποστόλων
984 2613 1065 2673 εις
1097 2607 1301 2679 ἀρετὴν
1330 2604 1780 2677 παιδοτριδήσας,

184 2704 531 2777 προστρέχει
588 2706 704 2766 τοῖς
758 2699 1133 2771 ἀναγράπτοις
1182 2698 1412 2753 πάθεσιν
1465 2696 1782 2767 ἐθελοντής·

185 2796 464 2860 πολλάκις
518 2796 619 2865 μιν
661 2791 838 2847 ταῦτα
876 2794 991 2855 τοῖς
1047 2793 1332 2861 φοιτηταῖς
1383 2787 1782 2860 προμηνύσας,

184 2889 535 2958 ἀπιτιμήσας
567 2885 626 2939 δὲ
649 2884 725 2955 τῷ
750 2884 967 2954 Πέτρῳ,
992 2881 1111 2953 μεθ’
1138 2880 1334 2953 ἡδονῆς
1362 2881 1439 2951 μὴ
1474 2877 1783 2942 καταδεξα-

189 2981 349 3052 μένφ
396 2979 464 3033 ea
491 2978 601 3033 τῶν
643 2974 834 3029 παθῶν
864 2974 1183 3043 εὐαγγέλια,
1232 2974 1327 3027 καὶ
1372 2972 1553 3037 δείξας
1584 2969 1660 3032 ῶς
1697 2969 1787 3022 διὰ

183 3074 404 3128 τούτων
430 3069 791 3142 κατορθοῦται
825 3068 927 3137 τῆς
964 3065 1293 3137 οἰκουμένης
1328 3066 1362 3135 ὴ
1395 3063 1642 3133 σωτηρία
1663 3078 1676 3091 ⁸
1703 3060 1785 3114 διδ

188 3167 427 3226 καὶτοῖς
456 3161 775 3217 ἐπελθοῦσιν
813 3158 1005 3213 ἑαυτὸν
1039 3156 1323 3221 ὑπέδειξεν
1356 3157 1531 3225 λέγων
1550 3174 1561 3186 ’
1601 3175 1619 3207 t
1643 3153 1787 3223 Ἐγὼ

1882 1957 2001 2012 sine
2040 1955 2149 2011 ullo
2181 1954 2594 2026 impedimento,
2639 1952 2709 2010 ad
2758 1962 3070 2018 vocantem,
3117 1952 3310 2024 agnita
3350 1965 3486 2008 voce

1886 2047 2188 2123 Dominica,
2214 2047 2474 2102 accurrit.

1884 2246 2077 2305 XXVI.
2119 2248 2282 2315 Quod
2320 2255 2509 2315 sponte
2558 2243 2800 2329 (Iesus)
2837 2243 3130 2300 salutarem
3183 2245 3514 2313 passionum

2540 2326 2827 2386 exceperit.

1956 2428 2052 2485 IIis
2076 2428 2309 2499 aliisque
2338 2426 2618 2482 miraculis
2647 2425 3098 2496 promissionum’
3113 2441 3338 2482 suarum
3372 2441 3489 2481 ma-

1884 2521 2170 2593 gnitudine
2206 2518 2555 2585 conﬁrmata,
2588 2527 2643 2574 et
2672 2518 3047 2589 apostolorum
3083 2519 3257 2575 choro
3287 2518 3355 2574 ad
3377 2519 3490 2575 vir-

1888 2620 2055 2667 tutem
2101 2612 2338 2676 erudito,
2390 2619 2585 2679 sponte
2630 2610 2876 2665 accurrit
2916 2611 2984 2665 ad
3027 2624 3122 2665 cas
3152 2625 3276 2681 quze
3317 2609 3385 2665 de
3422 2626 3491 2667 eo

1886 2706 2104 2774 scriptae
2150 2702 2365 2757 fuerant
2407 2702 2628 2773 839m
2679 2703 2995 2771 passiones;
3038 2717 3173 2769 quas
3214 2715 3358 2771 sape
3403 2702 3490 2756 di-

1886 2795 2112 2864 scipulis
2137 2796 2252 2849 suis
2286 2796 2770 2863 praenuntiaverat,
2813 2791 2979 2847 Petro
3011 2793 3177 2847 etiam
3223 2793 3493 2862 increpito

1887 2887 1979 2956 qui
2026 2886 2168 2941 haud
2216 2886 2450 2940 libenter
2494 2886 2809 2955 passionum
2843 2886 3093 2939 nuntium
3142 2884 3489 2956 excipiebat;

1889 2978 2268 3032 demonstrans
2308 2977 2544 3046 denique
2592 2977 2826 3032 salutem
2876 2978 3064 3031 mundi
3097 2992 3194 3046 per
3238 2978 3336 3032 bas
3360 2994 3495 3033 con-

1891 3069 2029 3123 tleri.
2079 3067 2371 3137 Propterea
2428 3078 2483 3122 et
2531 3069 2947 3122 advenientibus
3010 3077 3182 3124 semet
3235 3068 3492 3122 exhibuit

1891 3160 2079 3214 dicens
2112 3177 2127 3213 :
2167 3179 2185 3211 ι
2222 3159 2333 3230 Ego
2359 3176 2477 3214 sum
2507 3176 2669 3230 quem
2698 3160 2944 3229 qumritis
2967 3161 3036 3216 ".
3062 3180 3082 3213 ο
3114 3161 3176 3215 Et
3203 3169 3495 3215 accusatus

188 3260 315 3327 εἰμι
342 3255 401 3309 ὃν
428 3253 664 3324 ζητεῖτε.
697 3271 716 3305 ι
739 3251 849 3305 Καὶ
870 3249 1348 3320 κατηγορούμενος
1377 3250 1477 3303 οὐκ
1510 3249 1785 3312 ἀντεῖπεν,

1894 3266 1996 3305 non
2025 3252 2325 3320 respondit,
2360 3261 2564 3306 etcum
2601 3265 2786 3322 posset
2817 3252 3009 3321 latere,
3046 3252 3258 3319 noluit;
3312 3269 3493 3321 quatt-

190 3350 295 3403 καὶ
336 3345 636 3416 δυνάμενος
683 3341 892 3401 λαθεῖν.
937 3341 1097 3394 τοῦτο
1146 3343 1318 3393 ποιεῖν
1354 3341 1457 3393 οὐκ
1496 3340 1789 3409 ἠνέσχετοο

191 3442 293 3495 καὶ
326 3438 502 3493 ταῦτα
544 3435 802 3499 πολλάκις
825 3434 990 3505 ήνίκα
1016 3432 1294 3503 ἠϐουλήθη
1323 3429 1634 3500 διαφυγών
1655 3431 1793 3485 ἀλλά

192 3533 295 3587 καὶ
329 3530 506 3584 κλαίει
538 3530 638 3600 μὲν
666 3526 767 3597 τὴν
800 3524 1180 3597 Ἰερουσαλὴμ,
1212 3524 1289 3587 ὡς
1314 3523 1378 3594 δὴ
1406 3525 1504 3594 τῆς
1535 3523 1795 3588 ἀπιστίας

192 3622 596 3691 ἀπισπωμένης
644 3616 740 3670 τὸν
771 3614 1015 3686 ὄλεθρον,
1064 3613 1506 3683 καταψηφίζεται
1555 3613 1613 3667 δὲ
1653 3631 1793 3667 παν-

194 3714 481 3785 ωλεθρίως
525 3712 621 3765 τού
650 3710 1098 3783 ,πολυθρυλλήτου
1143 3706 1313 3761 πάλαι
1353 3706 1490 3760 νεώ’
1538 3708 1793 3777 ἀνέχεται

198 3806 301 3860 καὶ
333 3804 427 3857 ἰπὶ
452 3806 629 3873 κάρης
657 3799 817 3873 [cod.
846 3800 1018 3869 κόρης
1044 3796 1066 3869 ]
1103 3796 1420 3867 παιόμενος,
1461 3796 1567 3850 ὑπὸ
1595 3795 1792 3866 διπλῆν

195 3896 450 3953 δουλείαν
480 3892 821 3956 δουλεύοντος
851 3890 997 3963 [cod.
1030 3887 1399 3961 δουλεύοντες]
1428 3887 1794 3958 κολαφιζόμε-

196 4006 332 4056 νος,
397 3986 807 4056 ὲμπτυόμενος,
855 3982 1276 4051 ὀνειδιζόμενος,
1338 3979 1791 4051 στρεϐλούμενος,

203 4078 679 4153 μαστιγούμενος,
731 4077 824 4129 καὶ
874 4076 937 4129 τὸ
986 4075 1298 4127 τελευταῖον
1364 4072 1789 4143 σταυρούμενος,

200 4175 303 4231 καὶ
335 4172 630 4243 λαμϐάνων
666 4168 871 4241 ληστάς
914 4168 1013 4240 τῆς
1045 4168 1317 4239 τιμωρίας
1344 4167 1634 4229 κοινωνοὺς
1666 4167 1795 4219 ἐκα-

199 4264 471 4338 τέρωθεν,
498 4263 591 4317 καὶ
619 4261 967 4331 ἀνδροφόνοις
1008 4261 1101 4314 καὶ
1132 4259 1467 4329 κακούργοις
1498 4257 1793 4311 συνταττό-

208 4373 396 4429 μενος,
428 4356 522 4409 καί
545 4354 667 4419 δξος
700 4354 794 4406 καὶ
833 4351 995 4423 χολὴν
1026 4351 1175 4421 παρὰ
1198 4349 1293 4405 τοῦ
1329 4349 1501 4403 κακοῦ
1533 4350 1793 4419 ἀμπελῶ-

204 4467 299 4513 νος
325 4446 731 4519 καρπούμενος,
774 4446 867 4498 καὶ
900 4443 1164 4507 ἀκάνθαις
1210 4443 1333 4495 ἀντὶ
1362 4442 1659 4511 κλημάτων
1698 4440 1792 4493 καὶ

1890 3357 2053 3413 quam
2099 3342 2207 3397 alio
2255 3357 2362 3397 non
2416 3344 2588 3398 semel
2618 3355 2879 3414 tempore
2930 3345 3204 3415 appetitus
3254 3344 3494 3409 insidiis,

1893 3432 2285 3488 declinaverat.
2336 3432 2563 3503 Insuper
2610 3444 2665 3490 et
2710 3434 3017 3491 Jerusalem
3069 3437 3337 3505 deplorat,
3374 3452 3498 3506 qua:

1893 3524 2275 3580 incredulitate
2316 3542 2414 3580 sua
2459 3527 2686 3581 exitium
2727 3527 2831 3582 sibi
2876 3529 3254 3597 comparabat,
3302 3537 3360 3582 et
3401 3543 3499 3583 su-

1892 3632 2097 3687 prema:
2143 3620 2315 3673 ruina
2345 3619 2549 3674 addicit
2598 3618 2858 3688 templum
2907 3620 3038 3675 olim
3088 3619 3494 3689 famigeratum.

1895 3705 2173 3762 Patienter
2194 3724 2410 3778 quoque
2441 3724 2501 3764 se
2529 3710 2580 3763 in
2606 3710 2791 3779 capite
2815 3725 3134 3779 percussum
3168 3710 3274 3765 fert
3295 3712 3365 3767 ab
3399 3710 3502 3766 lto-

1896 3800 2042 3855 mine
2075 3800 2367 3870 dupliciter
2414 3802 2621 3857 servili.
2668 3802 3024 3872 Esalapatus,
3061 3814 3380 3871 consputus,
3416 3804 3500 3857 vl-

1898 3900 2201 3961 tuperatus,
2237 3896 2604 3959 excruciatus,
2654 3893 2979 3963 ilagellatus,
3021 3904 3077 3949 et
3120 3904 3397 3965 postremo
3441 3895 3496 3950 in

1897 4000 2114 4041 crucem
2144 3995 2321 4052 actus,
2343 3996 2400 4041 et
2429 3988 2607 4043 socios
2629 3987 3198 4056 supplicii-admittens
3220 3987 3498 4057 utrimque

1902 4075 2159 4140 latrones,
2205 4089 2260 4134 et
2306 4094 2429 4134 eum
2480 4079 2769 4135 bomicidis
2800 4090 2964 4151 atque
2993 4080 3237 4137 scelestis
3277 4094 3502 4150 compu-

1905 4177 2070 4232 tatus,
2104 4179 2427 4240 acetumque
2474 4180 2526 4226 et
2582 4170 2653 4227 fei
2706 4187 2771 4227 ex
2824 4172 2964 4227 mala
3016 4174 3127 4227 vite
3172 4172 3499 4243 percipiens,

1902 4260 2180 4330 spinisque
2217 4276 2315 4331 pro
2349 4263 2666 4332 palmitibus
2697 4274 2861 4335 atque
2902 4267 3141 4320 racemis
3183 4274 3500 4328 coronatus,

1900 4360 1956 4406 et
2004 4366 2242 4423 purpura
2296 4356 2510 4421 illusus,
2568 4358 2889 4426 calamoque
2944 4374 3254 4426 percussus,
3315 4357 3502 4414 lancea

1901 4444 2044 4499 latus
2076 4444 2380 4513 perfossus,
2409 4456 2463 4500 et
2497 4446 2734 4518 denique
2762 4450 3014 4519 sepulcro
3044 4449 3251 4503 illatus.

209 4539 453 4611 βοτρύων
520 4536 867 4604 στεφόμενοῦ
918 4536 1011 4589 καὶ
1061 4531 1353 4604 πορφυρίδι
1396 4530 1816 4602 χλευαζόμενος,
1897 4536 1992 4588 καὶ
2042 4535 2276 4608 καλάμῳ
2334 4538 2673 4609 παιόμενος,
2724 4540 2819 4593 καὶ
2883 4542 3060 4614 λόγχη
3107 4541 3211 4611 τὴν
3261 4540 3507 4611 πλευρὰν

206 4633 591 4705 ὀρυττόμενος,
616 4632 711 4685 καὶ
734 4630 885 4693 τέλος
916 4628 1073 4697 τάφῳ
1104 4624 1635 4697 παραπεμπόμενος.

248 4755 373 4811 KZ’.
417 4754 511 4821 Τίς
540 4752 660 4807 τῶν
690 4749 1082 4807 Δεσποτικῶν
1112 4748 1477 4817 παθημάτων
1508 4750 1546 4817 ὴ
1580 4748 1760 4801 αἰτία.

1904 4745 2119 4801 XXVII.
2165 4745 2422 4812 Quwnam
2466 4746 2760 4800 Dominicte
2799 4746 3063 4813 passionis
3111 4762 3273 4799 causa
3320 4745 3505 4814 fuerit.

295 4863 585 4934 ’Υπέμεινε
632 4862 691 4915 δὲ
720 4860 913 4923 ταῦτα,
949 4859 1048 4930 τὴν
1083 4860 1359 4929 ἡμετέραν
1406 4857 1799 4929 μηχανώμενος

214 4957 491 5027 σωτηρίαν
512 4969 527 4985 ⁶
560 4953 749 5023 ἐπειδὴ
782 4954 892 5022 γὰρ
922 4953 971 5004 οἱ
1001 4954 1067 5021 τῇ
1119 4950 1365 5021 ἁμαρτίᾳ
1407 4949 1801 5014 δουλεύσαντες

212 5051 326 5110 τοῖς
359 5044 656 5115 ἐπιτιμίοις
691 5042 983 5096 ὑπεύθυνοι
1031 5041 1127 5110 τῆς
1175 5040 1449 5111 ἁμαρτίας
1480 5040 1797 5109 ἐτύγχανον,

215 5137 378 5199 αὐτὸς
402 5135 680 5207 ἁμαρτίας
712 5132 1156 5205 ἀπηλλαγμένος,
1197 5132 1292 5184 καὶ
1318 5131 1405 5184 διὰ
1433 5132 1611 5201 πάσης
1653 5130 1803 5184 ὁδεύ-

218 5248 320 5293 σας
369 5228 737 5297 δικαιοσύνης,
778 5226 877 5296 τὴν
928 5224 1037 5276 τῶν
1089 5222 1433 5293 ἁμαρτωλῶν
1483 5221 1805 5285 κατεδέξατο

217 5323 511 5392 τιμωρίαν,
546 5319 634 5372 διὰ.
667 5319 766 5389 μὲν
808 5316 904 5369 τοῦ
954 5314 1208 5384 σταυροῦ,
1242 5314 1340 5383 τῆς
1388 5314 1625 5375 παλαιᾶς
1672 5330 1807 5365 κατ-

221 5414 360 5484 άρας
413 5410 513 5479 τὴν
558 5411 832 5479 ἀπόφασιν
872 5407 1015 5460 λύων
1063 5425 1079 5456 ι
1116 5404 1388 5477 (Χριστὸς
1435 5404 1565 5475 γὰρ,
1618 5407 1803 5475 φησὶν,

222 5504 555 5576 ιξηγόρασεν
580 5503 727 5573 ἡμᾶς
757 5503 821 5553 ὲκ
858 5500 958 5569 τῆς
1002 5498 1248 5569 κατάρας
1291 5497 1386 5550 τοῦ
1432 5499 1619 5568 νόμου,
1654 5499 1809 5567 γενόο

226 5613 381 5668 μενος
446 5596 589 5666 ὑπὲρ
622 5594 778 5665 ἡμῶν
816 5593 1061 5662 κατάρα·
1120 5591 1433 5661 γέγραπται
1485 5592 1613 5663 γάρ’
1657 5593 1809 5646 Ἐπιο

225 5687 537 5759 κατάρατος
570 5687 676 5749 πᾶς
699 5686 727 5739 ὁ
748 5685 1095 5757 κρεμάμενος
1129 5684 1185 5735 ὲν
1227 5682 1371 5753 ξύλῳ
1399 5684 1465 5752 ι),
1490 5683 1575 5737 διὰ
1601 5684 1658 5737 δὲ
1699 5685 1805 5739 τῶν

294 5866 338 5899 ⁸⁹
368 5862 503 5921 Ioun
562 5878 715 5927 mn,
750 5863 801 5917 6.
876 5864 914 5893 "
944 5864 1118 5919 Gulat.
1152 5878 1235 5927 ιιι,
1278 5864 1356 5927 l5,
1394 5863 1475 5915 lt.

1982 4859 2108 4915 llmc
2139 4871 2318 4914 autem
2353 4874 2644 4930 perpessus
2679 4866 2788 4921 est,
2821 4859 2947 4913 dum
2988 4858 3149 4913 saluti
3188 4844 3387 4913 nestrm
3416 4862 3509 4914 dat

1908 4966 2152 5021 operam.
2188 4951 2319 5005 Nam
2342 4952 2467 5021 quia
2502 4953 2539 5006 ii
2569 4951 2661 5021 qui
2693 4958 2917 5020 peccato
2940 4950 3269 5015 servierant,
3298 4952 3508 5021 peccati

1908 5044 2083 5114 poenis
2116 5044 2239 5099 facti
2272 5053 2428 5097 erant
2450 5043 2695 5105 obnoxii,
2729 5041 2846 5110 ipse
2875 5041 3023 5095 omni
3059 5051 3283 5109 peccato
3310 5042 3511 5095 immu-

1910 5137 2016 5200 nis,
2056 5146 2109 5191 et
2137 5137 2228 5205 qui
2267 5135 2445 5189 omnis
2484 5135 2711 5202 justitim
2754 5149 2970 5188 cursum
3019 5132 3351 5199 confecerat,
3389 5148 3515 5198 pec-

1913 5229 2154 5282 cantium
2182 5228 2508 5297 supplicium
2548 5227 2739 5291 subiit,
2778 5226 2980 5280 veteris
3017 5226 3290 5279 maledicti
3318 5226 3512 5281 decre-

1915 5326 2026 5370 tum
2056 5332 2219 5372 cruce
2244 5333 2339 5371 sua
2372 5317 2581 5372 dolens.
2614 5337 2632 5369 s
2652 5317 2909 5372 Christus
2936 5317 3105 5380 enim,
3136 5318 3312 5385 inquit
3346 5317 3515 5387 (Pan-

1916 5409 2053 5480 lus),
2090 5425 2187 5464 nos
2218 5412 2449 5465 redemit
2479 5410 2544 5464 de
2578 5410 2866 5465 maledicto
2898 5410 3056 5481 legis,
3084 5409 3260 5463 factus
3292 5425 3390 5479 pro
3413 5426 3514 5464 no-

1917 5502 2002 5556 bis
2046 5501 2395 5556 maledictum
2435 5520 2448 5556 :
2499 5504 2628 5571 quia
2686 5504 2948 5572 scriptum
2998 5513 3081 5557 est
3127 5520 3141 5557 :
3194 5502 3515 5559 Maledictus

1915 5593 2096 5649 omnis
2126 5593 2217 5661 qui
2259 5594 2452 5664 pendet
2482 5595 2535 5648 in
2572 5595 2719 5666 ligno
2749 5595 2827 5660 ⁸¹;
2871 5615 2888 5647 ›
2921 5596 3108 5665 spinea
3144 5610 3270 5647 vero
3315 5612 3513 5649 corona

1917 5686 2075 5745 finem
2105 5686 2296 5742 Adami
2324 5687 2605 5758 suppliciis
2633 5690 2937 5758 imponens.
2982 5688 3199 5743 Etenim
3236 5699 3355 5759 post
3391 5704 3515 5758 pec-
