3926 6514
471 430 607 486 NB?

1488 439 1545 494 S.
1587 438 1865 499 CYRILLI
1892 438 2358 498 ALEXANDRINI
2394 439 2714 499 ARCHIEP.

3571 421 3703 479 {$68

474 554 652 598 catum
685 544 773 602 ille
803 546 1047 603 audierat
1082 570 1094 606 :
1135 568 1153 602 ι
1183 550 1463 608 Maledicta
1504 562 1647 608 terra
1695 555 1751 608 in
1782 554 2034 625 operibus
2062 612 2064 620 ,

2167 555 2411 620 ,κανθῶν,
2435 554 2590 617 τέλος
2627 550 2802 613 διδοὺς
2841 549 2961 609 ταῖς
2996 544 3170 615 ’Δδάμ
3200 536 3494 612 τιμωρίαις
3531 534 3705 605 (μετά

479 635 587 689 tuis
618 651 634 689 :
667 637 852 704 spinas
904 648 958 693 et
1001 640 1224 707 tribulos
1269 642 1589 713 genmlnabit
1621 642 1717 700 tibi
1744 644 1812 700 ⁸⁸.
1846 663 1865 697 ι
1900 644 2044 701 Fello

480 726 893 783 amaritudinem
936 745 999 785 ac
1036 732 1335 788 molestiam
1381 735 1626 790 mortalis
1666 736 2045 808 passibilisquc

480 813 757 869 hominum
804 817 923 872 vita:
958 818 1011 872 in
1058 835 1120 875 se
1164 821 1383 889 recepit.
1437 822 1603 876 Aceto
1652 821 1931 877 hominum
1989 823 2041 877 in

482 904 630 974 pejus
664 908 1015 963 mutationem
1047 909 1155 977 ipse
1186 910 1286 963 sibi
1321 909 1621 979 imputavit,
1648 919 1702 965 et
1730 909 1796 963 ad
1825 908 2042 963 meliora

482 997 714 1050 reditum
760 998 981 1067 largitus
1008 1007 1108 1053 est.
1146 1000 1387 1070 Purpura
1434 1016 1656 1071 regnum
1703 1000 2043 1071 signiﬁcavit,

481 1084 723 1158 mm
769 1089 972 1145 calamo
1020 1089 1384 1146 infirmitatem
1431 1090 1886 1160 fragilitatemque
1949 1105 2047 1162 po-

485 1177 667 1229 tentiae
694 1176 888 1231 diaboli
926 1178 1122 1244 innuit,
1168 1180 1322 1249 alapa
1372 1190 1612 1235 nostram
1650 1181 1942 1251 publicavit
1985 1181 2050 1234 li-

487 1267 768 1333 bertatem,
798 1268 950 1323 nobis
980 1270 1187 1325 debitas
1221 1272 1455 1328 tolerans
1487 1272 1599 1343 ipse
1645 1272 1890 1340 injurias,
1930 1287 2050 1327 cor-

486 1359 751 1415 rectiones
778 1371 938 1430 atque
956 1362 1155 1431 plagas.
1178 1363 1362 1430 Latus,
1379 1379 1534 1435 aque
1560 1379 1625 1419 ac
1648 1365 1911 1431 Adamus,
1927 1380 2051 1435 per-

487 1446 682 1517 fossus,
728 1462 1043 1508 nontamen
1095 1453 1347 1509 feminam
1400 1456 1525 1511 inde
1554 1466 1917 1526 emergentem
1958 1471 2055 1511 ex-

2143 647 2253 719 γάρ
2281 647 2380 717 τὴν
2415 642 2691 717 ἁμαρτίαν
2894 632 3213 708 τιμωρίαν],
3231 634 3464 703 ἡκουσεν
3488 629 3712 719 έκεῖνοςο

2150 755 2168 789 ι
2218 717 2647 805 Ἐπικατάρατος
2680 735 2713 804 ἡ
2744 730 2816 800 γῆ
2850 729 2907 782 ἑν
2933 728 3049 791 τοίς
3078 725 3262 797 έργοις
3319 738 3439 785 σου,
3479 717 3713 777 ἀκάνθας

2144 828 2239 881 καί⁸
2283 827 2563 898 τριϐόλους
2611 822 2861 879 ἀνατελεί
2890 836 2974 873 σοι
3007 820 3081 890 ι),
3111 816 3198 870 διά
3231 816 3291 870 δὲ
3334 814 3435 885 τῆς
3462 810 3620 880 χολῆς

2146 919 2340 987 πικρὸν
2370 920 2463 972 καὶ
2490 917 2748 972 έπίπονον
2778 913 2878 983 τῆς
2918 910 3120 982 θνητῆς
3158 907 3253 962 καὶ
3285 903 3539 975 παθητῆς
3579 897 3716 966 ζωῆς

2146 1010 2256 1062 τῶν
2289 1008 2593 1080 ἀνθρώπιον
2624 1009 2703 1070 εἰς
2732 1005 2923 1058 ἑαυτὸν
2949 1001 3351 1070 ἀναλαμϐάνων
3370 1013 3384 1027 ⁸
3423 994 3516 1048 διὰ
3543 992 3600 1046 δὲ
3626 989 3717 1043 τσῦ

2148 1095 2301 1159 δξους
2347 1095 2447 1164 τὴν
2492 1096 2585 1149 ἐπὶ
2612 1095 2672 1148 τὸ
2700 1095 2880 1165 χεῖρον
2927 1092 3037 1144 τῶν
3080 1088 3383 1159 ἀνθρώπων
3420 1081 3722 1155 μετασαῆν

2149 1184 2307 1246 αὐτὸς
2349 1183 2663 1254 δεχόμενος,
2703 1183 2797 1236 καὶ
2827 1181 2928 1253 τὴν
2958 1183 3037 1245 εἰς
3070 1179 3130 1233 τὸ
3162 1178 3414 1248 κρεῖττον
3470 1172 3727 1226 ἐπάνοδον

2149 1273 2540 1347 χαριζόμενος
2609 1277 2676 1345 τῇ
2726 1272 3019 1344 πορφυρίδι
3072 1268 3359 1340 σημαίνων
3418 1264 3521 1335 τὴν
3572 1262 3726 1332 βασι-

2149 1366 2329 1431 λείαν,
2376 1365 2455 1436 τῷ
2486 1364 2715 1435 καλάμῳ
2756 1364 2818 1418 τὸ
2855 1362 3081 1425 ἀσθενὲς
3121 1360 3215 1415 καὶ
3265 1348 3467 1429 σαθρὸν
3499 1356 3600 1426 τῆς
3634 1352 3729 1405 τοῦ

2151 1457 2400 1513 διαὸόλου
2439 1457 2719 1526 δυνάμεως
2744 1454 3114 1525 αἰνιττόμενος
3133 1490 3148 1516 ,
3177 1450 3256 1520 τῷ
3292 1447 3603 1522 ῥαπίσματι
3633 1441 3732 1513 τὴν

487 1539 695 1608 bibens,
727 1558 845 1611 quae
898 1555 1124 1600 mortem
1173 1562 1271 1601 suo
1318 1562 1505 1603 errore
1534 1549 1737 1618 genuit,
1788 1550 1881 1603 sed
1932 1549 2055 1603 vita:

2167 1548 2425 1622 ἡμετέραν
2450 1547 2737 1620 κηρύττων
2783 1544 3119 1615 ἐλευθερίαν,
3162 1543 3260 1605 τὰς
3292 1538 3574 1611 ἡμετέρας
3606 1536 3736 1588 ὕπο-

486 1630 687 1687 fontem
710 1637 800 1702 qui
828 1636 1025 1705 duplici
1059 1638 1227 1693 rivulo
1250 1640 1505 1693 mundum
1528 1639 1799 1706 viviﬁcat;
1824 1654 2052 1709 quorum

2167 1640 2333 1710 μένων
2377 1639 2564 1712 ῠσρεις
2593 1678 2609 1702 ,
2660 1639 2754 1693 καὶ
2791 1636 3074 1699 παιδείας,
3122 1635 3218 1688 καὶ
3270 1632 3565 1703 μάστιγας.
3625 1624 3735 1694 τὴν

486 1720 623 1777 alter
653 1724 705 1777 in
739 1726 1054 1793 baptisterio
1092 1743 1189 1782 nos
1236 1737 1461 1782 renovat
1491 1737 1547 1783 et
1591 1729 1881 1783 immortali
1915 1729 2053 1784 stola

2167 1729 2397 1801 πλευράν
2440 1729 2521 1800 τῷ
2566 1730 2739 1800 Ἀδάμ
2785 1726 3167 1800 παραπλήσιον
3214 1722 3580 1791 νυττόμενος,
3622 1715 3735 1769 ἀλλ’

485 1815 667 1878 vestit,
712 1814 847 1870 alter
877 1817 1087 1886 genitos
1123 1818 1218 1872 alit
1251 1821 1304 1874 in
1352 1820 1532 1874 divina
1577 1834 1784 1886 mensa,
1825 1834 1922 1875 ceu
1975 1821 2056 1876 lac

2167 1823 2218 1876 οὐ
2255 1823 2490 1891 γυναῖκα
2533 1819 2827 1887 προϊοῦσαν
2868 1817 3076 1873 ἐκεῖθεν
3109 1815 3345 1878 δεικνὺς,
3373 1812 3469 1865 τὸν
3508 1810 3737 1864 θάνατον

487 1906 759 1974 Ρπνυιοσ-
2092 1900 2134 1955 Β
2161 1913 2250 1967 διὰ
2288 1912 2388 1983 τῆς
2426 1910 2642 1983 ἀπάτης
2680 1913 3041 1983 γεννήσασαν,
3074 1906 3212 1962 ἀλλά
3240 1904 3430 1975 πηγὴν
3475 1900 3624 1969 ζωῆς
3661 1895 3739 1966 ’σεῖ’

487 1997 660 2068 διπλῷ
691 2002 892 2071 νάματι
924 2001 1023 2071 τὴν
1053 2003 1379 2074 οἰκουμένην
1424 2003 1831 2075 ζωογονοῦσανο
1877 1996 1955 2059 ὧν
1992 2003 2053 2058 τὸ
2093 2005 2191 2075 μιν
2222 2006 2369 2075 ἡμᾶς
2402 2007 2461 2059 έν
2528 2002 2884 2075 κολυμὸήθρᾳ
2946 2002 3200 2064 νεοποιεί,
3248 1997 3343 2049 καὶ
3371 1997 3443 2065 τῇ
3488 1989 3739 2057 ἀθανάτῳ

490 2093 806 2163 περιϐάλλει
837 2095 995 2167 στολῇ
1023 2113 1034 2126 ·
1070 2097 1129 2150 τδ
1170 2097 1227 2151 δὲ
1271 2098 1463 2169 τρέφει
1492 2100 1851 2171 γεννηθέντας
1890 2101 1949 2153 έν
1984 2101 2053 2169 τῇ
2091 2098 2338 2171 τραπέζῃ
2362 2102 2429 2171 τῇ
2458 2098 2599 2171 θείᾳ,
2632 2097 2888 2167 καθάπερ
2914 2094 2985 2149 τὰ
3019 2094 3195 2166 βρέφη
3222 2091 3282 2145 τδ
3315 2089 3484 2159 γάλα-

488 2226 720 2285 XXVIII.
780 2228 930 2293 Quod
964 2245 1030 2283 ex
1052 2226 1251 2351 Christ:
1304 2231 1621 2352 cr‘uciatibus
1680 2232 1826 2287 salus
1870 2237 2054 2285 nostra

616 2330 621 2335 ς
1160 2316 1219 2352 or
1244 2316 1276 2352 a
1301 2316 1345 2352 si
1376 2338 1391 2352 .

616 2330 621 2335 ‘
1160 2316 1276 2353 orta
1301 2316 1391 2354 εει.

556 2429 856 2486 Pbarmaca
896 2432 1079 2500 itaque
1111 2442 1295 2487 nostra
1338 2442 1465 2488 sunt
1516 2435 1827 2492 Servatoris
1889 2438 2062 2493 nostri

490 2526 779 2580 cruciatus.
810 2523 961 2590 Quod
988 2525 1244 2594 propheta
1264 2526 1465 2580 docens
1499 2527 1576 2581 ait
1604 2544 1619 2582 :
1649 2524 1811 2597 (Ipse
1840 2540 2061 2598 peccata

491 2622 673 2668 nostra
711 2613 930 2681 perfert,
969 2624 1023 2667 et
1054 2628 1150 2682 pro
1174 2614 1327 2669 nobis
1357 2616 1501 2670 dolet
1536 2635 1549 2670 :
1582 2632 1679 2673 nos
1705 2630 1882 2673 autem
1903 2634 2063 2688 repu-

492 2704 722 2758 tavimus
760 2719 881 2759 eum
938 2705 989 2758 in
1048 2704 1234 2760 labore
1270 2714 1326 2759 et
1361 2705 1513 2776 plaga
1561 2716 1724 2777 atque
1779 2708 2066 2764 alnictioue

492 2796 718 2849 versari.
754 2793 871 2863 ipse
909 2796 1219 2850 vulneratus
1249 2806 1331 2851 est
1360 2808 1580 2867 propter
1604 2809 1824 2868 peccata
1858 2814 2064 2866 nostra,

492 2886 711 2941 attritus
738 2896 823 2941 est
862 2895 1078 2955 propter
1112 2886 1317 2941 scelera
1346 2897 1528 2941 nostra
1566 2904 1581 2945 :
1610 2888 1895 2959 disciplina
1917 2891 2068 2960 pacis

497 2986 696 3032 nostrae
720 2992 881 3046 super
914 2992 1035 3031 eum
1066 2994 1079 3031 :
1117 2976 1285 3031 livore
1311 2978 1427 3046 ejus
1486 2992 1583 3031 nos
1637 2980 1812 3033 sanati
1858 2994 2066 3037 sumus.

496 3070 698 3123 Omnes
734 3071 888 3138 quasi
919 3083 1049 3123 oves
1084 3068 1387 3123 erravimus
1419 3085 1434 3135 ;
1478 3070 1597 3124 ideo
1652 3078 1905 3139 tanquam
1952 3072 2070 3128 ovis

496 3162 563 3216 ad
586 3160 907 3215 occisionem
944 3160 1135 3214 ductus
1154 3168 1255 3225 est,
1285 3169 1339 3213 et
1368 3160 1511 3214 sicut
1535 3174 1706 3227 agnus
1738 3176 1920 3214 coram
1952 3172 2069 3215 ton-

498 3253 659 3307 dente
700 3266 759 3307 se
802 3252 1073 3306 obmutuit
1098 3250 1166 3306 ⁸³.
1206 3268 1225 3301 ι
1278 3250 1346 3304 Et
1386 3250 1527 3305 sicut
1562 3262 1748 3321 pastor
1798 3250 2071 3321 dispersas

497 3359 627 3401 oves
650 3358 899 3408 cernens,
940 3358 1099 3397 unam
1127 3358 1192 3398 ex
1225 3343 1417 3397 ovibus
1470 3357 1629 3395 manu
1686 3352 1894 3407 tenens,
1926 3353 1981 3397 et
2002 3345 2069 3399 ad

2159 2229 2297 2282 κη’.
2331 2228 2462 2281 Ὀτι
2485 2224 2584 2279 διὰ
2605 2224 2724 2279 τῶν
2760 2223 2867 2278 τοῦ
2898 2221 3153 2291 Χριστοῦ
3179 2219 3387 2276 παθῶν
3418 2219 3458 2285 ἠ
3490 2218 3743 2289 ἡμετέρα

2676 2293 2886 2363 γέγονε
2932 2292 3216 2359 σωτηρία.

2229 2429 2502 2501 Φάρμακα
2525 2428 2704 2483 τοίνυν
2758 2424 2908 2479 ἐστὶν
2955 2423 3198 2495 ἡμέτερα
3247 2420 3318 2474 τά
3352 2419 3456 2474 τοῦ
3499 2418 3747 2490 Σωτῆρος

2161 2522 2319 2593 ἡμῶν
2348 2521 2687 2592 παθήματα’
2738 2518 2834 2573 καὶ
2879 2516 3037 2571 τοῦτο
3078 2515 3346 2570 διδάσκων
3384 2515 3415 2566 ὁ
3460 2513 3748 2584 προφήτης

2166 2613 2300 2685 βοᾷ⁹
2344 2634 2363 2667 ι
2391 2613 2563 2677 Αὐτὸς
2612 2612 2712 2676 τάς
2762 2610 3034 2683 ἁμαρτίας
3066 2609 3226 2680 ἡμῶν
3255 2609 3440 2681 φέρει,
3476 2609 3574 2661 καὶ
3613 2607 3749 2675 ὑπὲρ

2164 2705 2321 2775 ἡμῶν
2346 2704 2598 2758 ὀδυνᾶται
2618 2718 2632 2732 ·
2662 2706 2825 2774 ἡμεῐς
2849 2702 2905 2756 δὲ
2932 2702 3301 2772 ἐλογισάμεθα
3326 2701 3498 2754 αὐτὸν
3522 2697 3666 2753 εἶναι
3688 2701 3745 2752 ιν

2165 2796 2332 2866 πόνῳ,
2372 2795 2466 2848 καὶ
2512 2795 2570 2849 ἐν
2620 2794 2830 2865 πληγῇ.
2887 2794 2982 2847 καὶ
3032 2796 3091 2846 ὲν
3132 2790 3415 2845 κακώσειο
3478 2790 3648 2853 αὐτὸς
3695 2789 3749 2841 δὲ

2166 2887 2574 2962 ἐτρωματίσθη
2601 2887 2691 2941 διά
2718 2888 2819 2951 τάς
2851 2887 3127 2959 άμαρτίας
3155 2885 3338 2957 ἡμῶν,
3374 2885 3475 2939 καὶ
3505 2883 3752 2955 [sepulti-

2165 2996 2350 3033 κισται
2381 2978 2469 3033 διά
2497 2979 2596 3042 τὰς
2617 2978 2849 3049 ἀνομίας
2874 2978 3033 3048 ἡμῶν
3055 2994 3069 3007 °
3102 2975 3321 3029 παιδεία
3344 2976 3577 3046 εἰρήνης
3602 2973 3751 3043 ἡμῶν

2170 3072 2258 3123 ἀπ’
2280 3070 2429 3141 αὐτῷ
2455 3088 2467 3099 ·
2503 3069 2580 3139 τῷ
2610 3068 2838 3139 μώλωπι
2867 3068 3031 3122 αὑτοῦ
3060 3070 3225 3139 ἡμεῖς
3247 3066 3483 3135 ἰάθημεν
3506 3084 3521 3097 '
3556 3067 3753 3127 πάντες

2166 3160 2241 3224 ὡς
2272 3160 2524 3230 πρόόατα
2552 3159 2958 3231 ὲπλανὴθημεν,
2983 3159 3063 3212 διὸ
3084 3159 3161 3221 ὼς
3190 3155 3469 3227 πρόϐατον
3493 3156 3589 3207 ἐπὶ
3619 3170 3754 3221 σφα,

2166 3251 2269 3320 γὴν
2320 3250 2485 3322 ἢχθη,
2539 3251 2634 3304 καὶ
2675 3251 2752 3313 ὡς
2810 3251 2984 3320 ἀμνὸς
3030 3248 3272 3301 ἐναντίον
3322 3247 3419 3301 τοῦ
3473 3247 3753 3317 κείραντος

2168 3340 2331 3393 αὑτὸν
2361 3339 2595 3409 ἄφωνος.
2630 3358 2648 3391 ι
2700 3340 2811 3394 Καὶ
2857 3339 3107 3409 καθάπερ
3146 3338 3351 3409 ποιμὴν
3391 3338 3465 3390 τά
3514 3337 3755 3408 πρόϐατα

498 3435 753 3504 placitum
783 3434 882 3488 sibi
914 3449 1167 3503 pascuum
1195 3432 1424 3497 ducens,
1454 3433 1687 3502 reliquas
1717 3433 1880 3488 etiam
1906 3433 2064 3505 hujus

2172 3431 2605 3501 διεσκεδασμένα
2644 3431 2889 3504 θεωρῶν,
2924 3432 2983 3485 ἓν
3028 3432 3134 3485 τῶν
3164 3430 3455 3501 προϐάτων
3488 3430 3751 3499 κατέχων,

498 3524 747 3596 exemplo
793 3527 859 3579 ad
900 3539 958 3579 se
1011 3522 1432 3593 pertrahit;sic
1454 3521 1597 3577 Deus
1648 3520 1883 3577 Verbum
1942 3539 2064 3578 cum

498 3631 671 3687 genus
704 3618 979 3671 hominum
1010 3614 1370 3669 errabundum
1416 3612 1659 3676 vidisset,
1703 3615 1844 3668 servi
1896 3612 2067 3668 iorms

500 3716 801 3778 assumpta,
831 3721 1000 3775 eaque
1022 3705 1121 3760 sibi
1161 3702 1431 3773 copulata,
1471 3705 1538 3757 ad
1568 3720 1628 3759 se
1653 3719 1748 3775 per
1768 3705 1913 3760 illam
1939 3720 2069 3760 con-

501 3799 667 3851 vertit
718 3797 1023 3852 universam
1057 3797 1336 3849 bominum
1370 3804 1640 3858 naturam,
1672 3805 1837 3864 atque
1875 3796 1940 3849 ad
1984 3795 2070 3849 di-

501 3893 627 3947 vina
677 3906 874 3961 pascua
908 3890 1131 3944 deduxit
1183 3903 1276 3944 eos
1305 3887 1395 3957 qui
1438 3886 1576 3942 male
1610 3887 1971 3956 pascebantur
2018 3897 2074 3944 et

500 3982 643 4052 lupis
682 3992 838 4037 erant
867 3980 1086 4047 objecti.
1106 3980 1397 4047 Propterea
1416 3978 1673 4033 Servator
1700 3988 1885 4033 noster
1912 3988 2073 4034 natu-

502 4087 617 4126 ram
649 4080 888 4125 nostram
917 4069 1205 4139 assumpsit
1236 4087 1249 4123 :
1290 4080 1573 4139 pr0pterea
1605 4067 1854 4123 Christus
1894 4068 2074 4123 Domi-

504 4179 603 4217 nus
637 4162 968 4219 salutiferam
994 4161 1209 4230 excepit
1247 4159 1575 4229 passionem,
1614 4159 1883 4228 mortique
1921 4160 2073 4216 dedi-

503 4266 610 4320 tus,
652 4253 915 4324 sepulcro
943 4252 1191 4316 traditus,
1235 4252 1510 4320 antiquam
1546 4251 1690 4305 illam
1726 4252 2069 4323 tyrannidem

503 4346 727 4413 depulit,
759 4356 815 4400 et
861 4342 1164 4412 corruptela
1214 4344 1448 4398 detentis
1508 4343 2069 4413 incorruptibilitatem

503 4436 772 4507 promisit.
832 4431 965 4487 Nam
1006 4430 1327 4486 dissolutum
1388 4432 1646 4501 templum
1677 4441 1989 4487 restaurans
2019 4440 2074 4486 et

503 4526 858 4589 resuscitans,
880 4525 1108 4579 mortuis
1133 4538 1345 4593 quoque
1369 4533 1531 4592 atque
1573 4523 1691 4591 ejus
1726 4524 2075 4578 resurrectio-

501 4634 627 4675 nem
664 4616 1104 4687 exspectantibus
1156 4632 1312 4671 verus
1352 4616 1643 4683 lirmasque
1681 4615 1842 4689 841
1874 4633 1923 4669 m
1958 4632 2076 4687 pro-

499 4710 794 4768 missiones
853 4708 1107 4762 ostendit.
1161 4707 1297 4761 Nam
1346 4708 1821 4775 quemadmodum,
1874 4707 2069 4774 inquit,

2173 3522 2267 3575 καὶ
2291 3523 2377 3591 ἐφ’
2402 3522 2469 3593 ἡν
2499 3522 2751 3592 βούλεται
2788 3522 2959 3593 νομὴν
3002 3522 3173 3590 άγων,
3212 3521 3363 3575 ’ἑλκει
3392 3521 3466 3575 τά
3499 3522 3662 3576 λοιπὰ
3686 3521 3754 3575 δι’

2169 3612 2380 3666 έκείνου
2413 3612 2549 3683 πρὸς
2569 3614 2780 3668 ἑαυτόν·
2812 3613 2985 3678 οὕτως
3005 3617 3035 3668 ό
3054 3614 3189 3678 Θεὸς
3216 3613 3391 3681 Λόγος
3419 3615 3532 3667 τῶν
3555 3612 3753 3683 ἀνθρὼ-

2172 3720 2291 3757 πων
2324 3703 2386 3758 τδ
2414 3704 2576 3772 γένος
2612 3702 3037 3774 πεπλανημένον
3069 3704 3215 3768 ἰδὼν,
3249 3703 3344 3756 τοῦ
3367 3703 3560 3757 δούλου
3578 3700 3754 3757 λαθὼν

2171 3793 2268 3866 τὴν
2300 3795 2537 3867 μορφὴν,
2582 3795 2679 3848 καὶ
2710 3795 2918 3865 ταύτην
2949 3795 3196 3865 συνάψας
3229 3797 3431 3867 ἑαυτῷ,
3462 3797 3603 3867 πρὸς
3632 3799 3751 3850 ἑαυ-

2171 3884 2264 3938 τὸν
2290 3885 2359 3938 δι’
2390 3885 2609 3957 ἐκείνης
2642 3886 2944 3958 ἐπέστρεψε
2986 3888 3168 3941 πᾶσαν
3194 3888 3292 3958 τὴν
3316 3888 3425 3941 τῶν
3452 3888 3750 3959 ἀνθρώπιον

2174 3974 2356 4043 φύσιν,
2396 3976 2491 4029 καὶ
2532 3978 2611 4041 εἰς
2657 3978 2758 4048 τὴν
2798 3976 2951 4031 θείαν
2997 3979 3169 4049 νομὴν
3220 3979 3397 4049 ἡγαγε
3449 3981 3521 4035 τὰ
3573 3982 3752 4045 κακῶς

2173 4068 2468 4137 νεμόμενα,
2498 4070 2593 4123 καὶ
2622 4070 2734 4133 τοῖς
2766 4068 2953 4132 λύκοις
2984 4070 3345 4142 προκείμενα,
3389 4073 3493 4126 Διά
3534 4073 3705 4128 ταῦτα
3726 4076 3753 4126 ὸ

2173 4158 2364 4229 Σωτὴρ
2417 4159 2447 4212 δ
2498 4160 2773 4230 ἡμέτερος
2830 4160 2929 4231 τὴν
2976 4160 3252 4233 ἡμετέραν
3294 4163 3461 4231 φύσιν
3507 4164 3748 4219 ἀνέλαϐε.

2172 4248 2272 4302 Διά
2286 4248 2457 4304 ταῦτα
2481 4251 2803 4322 όΔεσπότης
2827 4252 3062 4324 Χριστὸς
3074 4253 3145 4305 τά
3161 4256 3403 4326 σωτήρια
3433 4256 3751 4324 κατεδέξατο

2175 4341 2347 4413 πάθη,
2376 4340 2475 4394 καὶ
2494 4340 2714 4413 θανάτῳ
2744 4344 3193 4416 παραπεμφθεκ,
3228 4348 3323 4401 καί
3348 4351 3497 4419 ταφῇ
3526 4348 3753 4419 παραδο-

2173 4434 2308 4497 θεὶς,
2338 4434 2399 4487 τὸ
2429 4433 2528 4504 μὲν
2570 4434 2803 4490 παλαιὸν
2832 4438 3008 4491 ἐκεῖνο
3038 4437 3132 4490 καὶ
3161 4437 3519 4509 πολυχρόνιον
3559 4442 3751 4510 κράτος

2174 4526 2349 4591 ἔλυσε,
2386 4530 2497 4591 τοῖς
2524 4528 2581 4582 δὲ
2608 4532 2674 4600 τῇ
2697 4529 2873 4601 φθορᾷ
2894 4531 3289 4601 πεπεδημένοις
3314 4533 3415 4603 τὴν
3447 4534 3753 4604 ἀφθαρσίαν

2175 4616 2467 4687 ὑπέσχετο.
2504 4618 2606 4671 Τὸν
2634 4618 2743 4688 γὰρ
2770 4618 3000 4673 λυθέντα
3032 4620 3156 4673 ναὸν
3182 4622 3632 4691 ἀνοικοδομήσας,
3666 4622 3755 4675 καὶ

2176 4709 2483 4781 ἀνεγείρας,
2544 4711 2638 4764 καὶ
2679 4715 2789 4775 τοῖς
2843 4712 3120 4782 κειμένοις
3169 4714 3261 4765 καὶ
3305 4714 3753 4785 προσδεχομένοις

498 4809 719 4869 sumpta
742 4815 807 4855 ex
833 4798 987 4854 vobis
1015 4808 1227 4863 natura,
1261 4798 1482 4853 deitatis
1506 4799 2064 4869 inhabitatloneatque

2177 4800 2341 4854 αὐτοῦ
2370 4801 2471 4871 τὴν
2504 4803 2802 4857 ἀνάστασιν
2832 4804 3053 4874 ἀληθεῖς
3082 4806 3175 4859 καὶ
3199 4805 3427 4876 βεὸαίας
3455 4808 3555 4871 τάς
3614 4808 3752 4860 ὑπο-

498 4890 853 4955 aclunatione,
874 4888 1323 4944 resurrectionem
1350 4888 1604 4954 obtinuit,
1628 4899 1681 4945 et
1710 4890 2076 4959 corruptibili-

500 4993 617 5038 tate
643 4982 1091 5051 passionibusqae
1114 4980 1391 5051 depositis,
1419 4981 1485 5034 ad
1505 4980 2073 5051 incorruptibilitatem

500 5073 1073 5141 immortalitatemqne
1102 5071 1370 5133 transivit,
1405 5071 1484 5125 sic
1514 5078 1569 5126 et
1595 5086 1688 5126 vos
1718 5071 1854 5126 dura
1881 5073 2072 5126 mortis

501 5164 767 5220 servitute
800 5162 1171 5228 absolvemini,
1194 5162 1519 5230 abjcctaque
1564 5163 1912 5233 corruptione
1948 5176 2069 5216 cum

504 5255 869 5327 passionihus,
925 5254 1356 5323 impassibilitate
1400 5254 1724 5309 vestiemioi.
1774 5251 1993 5307 ldcirco'
2026 5262 2080 5308 et

505 5346 761 5416 baptismi
822 5348 1019 5401 donum
1071 5346 1280 5400 cunctis
1324 5345 1633 5400 hominibus
1682 5360 1777 5413 per
1806 5344 2077 5413 apostolos

506 5439 675 5493 misit.
712 5454 731 5489 ι
766 5435 966 5491 Euntes
994 5438 1162 5503 enim,
1202 5437 1399 5507 inquit,
1429 5439 1615 5492 docete
1644 5451 1834 5491 omnes
1866 5446 2074 5505 gentes,

507 5531 848 5601 buptizantes
875 5546 969 5586 eas
1016 5533 1067 5585 in
1117 5532 1333 5588 nomine
1378 5529 1557 5585 Patris
1584 5537 1640 5585 et
1672 5528 1796 5583 Filii
1823 5538 1876 5583 et
1905 5527 2078 5599 Spiri-

509 5632 599 5677 tus
633 5624 803 5677 sancti
831 5623 896 5675 “.
942 5642 960 5675 ι
991 5621 1296 5692 Buptismus
1345 5620 1685 5676 adumbratio
1711 5618 1956 5687 quaedam
1991 5628 2077 5675 est

582 5799 630 5830 ⁸⁸
665 5800 798 5857 Gen.
832 5817 910 5869 ill,
940 5802 1021 5856 l7.
1099 5804 1141 5833 ⁸³
1173 5802 1270 5856 lsu.
1302 5817 1413 5864 Lm,
1448 5800 1467 5853 l
1502 5816 1654 5872 seqq.

2182 4891 2397 4961 σχέσεις
2417 4892 2711 4958 ὑπέδειξεν.
2741 4896 2838 4948 Ὃν
2857 4894 3059 4966 τρόπον
3088 4897 3217 4966 γὰρ,
3249 4898 3435 4967 φησιν,
3460 4900 3494 4968 ἡ
3524 4897 3583 4962 έξ
3609 4898 3752 4968 ὑμῶν

2176 4981 2548 5052 ἀναληφθεϊσα
2573 4983 2737 5052 φύσις
2758 4988 2826 5056 τῇ
2855 4988 2956 5057 τῆς
2989 4984 3242 5058 θεότητος
3268 4988 3538 5059 ἐνοικήσει
3572 5004 3634 5040 τε
3664 4988 3751 5041 καὶ

2180 5071 2390 5136 ὲνώσει,
2432 5077 2531 5146 τῆς
2558 5076 2909 5140 ἀναστάσεως
2937 5076 3119 5147 ἔτυχε,
3146 5078 3240 5131 καὶ
3275 5078 3338 5131 τὸ
3366 5078 3607 5149 φθαρτὸν
3632 5080 3751 5132 ἀνα-

2177 5165 2439 5237 τιθεμένη
2485 5168 2581 5222 σὺν
2636 5171 2749 5234 τοίς
2802 5169 3124 5241 παθήμασιν
3172 5170 3254 5232 εἰς
3300 5169 3617 5241 ἀφθαρσίαν
3665 5168 3751 5223 καὶ

2173 5258 2477 5312 ἀθανασίαν
2513 5260 2734 5335 μετέϐη·
2775 5261 2919 5316 οὕτω
2949 5263 3045 5315 καὶ
3077 5261 3235 5331 ὑμεῖς
3264 5261 3365 5333 τῆς
3388 5262 3630 5333 χαλεπῆς
3662 5259 3747 5316 τοῦ

2176 5350 2407 5405 θανάτου
2453 5351 2700 5418 δουλείας
2739 5354 3219 5424 ἀπαλλαγήσεσθε,
3274 5355 3372 5407 καὶ
3410 5355 3510 5424 τὴν
3553 5353 3748 5427 φθοράν

2175 5442 2577 5513 ἀπορρίψαντες
2603 5446 2701 5499 σὺν
2724 5448 2837 5510 τοῖς
2873 5444 3123 5509 πάθεσιν,
3147 5443 3443 5499 ένδύσασθε
3484 5444 3583 5519 τὴν
3618 5446 3748 5499 sas.

2175 5532 2345 5586 θειαν.
2388 5533 2479 5586 Διὸ
2509 5535 2601 5588 καί
2632 5537 2693 5589 τὸ
2737 5536 2908 5608 δῶρον
2935 5535 3031 5590 τοῦ
3065 5535 3441 5608 βαπτίσματος
3467 5539 3633 5591 πᾶσιν
3660 5536 3745 5589 άν-

2173 5622 2412 5694 θρώποις
2443 5623 2531 5679 διά
2554 5627 2662 5681 τῶν
2696 5627 3013 5682 ἀποστόλων
3059 5626 3356 5696 ἐξέπεμψε.
3415 5647 3433 5680 ι
3461 5625 3745 5701 Πορευθένο

1730 5801 1775 5831 “
1807 5800 1994 5857 Matth.
2029 5818 2225 5873 xxvut,
2254 5804 2337 5859 l9.
