3926 6498
194 453 368 510 1469
1439 456 1527 511 DE
1570 454 1843 512 INCARNA

1954 454 2085 513 ΟΝΕ
2126 452 2382 511 ΒΟΜΙΝΙ.
3421 447 3564 501 HTD

190 586 306 635 τες
346 570 519 641 γὰρ,
558 570 713 641 φησι,
754 572 1131 643 μαθητεύσατε
1180 572 1356 625 πάντα
1385 572 1453 625 τὰ
1497 572 1647 642 ἔθνη,
1675 573 1843 643 βαπτίι

1967 583 2021 629 et
2057 583 2216 645 typus
2272 570 2464 626 mortis
2528 567 2844 623 Dominicaa.
2879 584 2897 617 ι
2938 564 3071 619 Nam
3102 561 3145 617 si
3172 562 3551 631 complantati,

191 661 426 727 ζοντες
466 662 683 725 αὐτοὺς
713 663 792 727 είς
813 664 874 715 τὸ
896 664 1067 733 ὄνομα
1096 661 1186 714 τοῦ
1208 663 1320 714 Πατ
1331 662 1441 732 ρὸς,
1463 663 1558 716 καὶ
1580 662 1672 715 τοῦ
1701 662 1843 726 Υἱοῦ,

1961 665 2133 733 inquit
2201 663 2436 728 Paulus,
2507 660 2714 716 fuimus
2766 655 3108 713 similitudini
3171 655 3362 709 mortis
3427 652 3554 709 Filii

189 751 311 806 καὶ
344 751 469 803 τοῦ
506 753 671 820 ἁγίου
702 753 1033 823 Πνεύματος.
1065 772 1083 803 ι
1105 754 1175 805 Τὸ
1195 752 1477 823 βάπτισμα
1495 753 1586 805 τοῦ
1602 756 1843 806 Δεσποτι·

1960 753 2099 821 ejus,
2134 753 2339 807 erimus
2378 763 2431 805 et
2457 751 2880 807 resurrectionis
2907 749 2952 779 "
2987 767 3005 798 ι

194 843 312 896 χοῦ
352 843 625 897 Θανάτου
653 842 993 913 σκιαγραφία
1038 861 1122 907 τις
1165 844 1401 915 ὑπάρχει
1470 845 1564 898 καὶ
1606 845 1797 907 τύπος.
1841 863 1859 896 ι
1912 845 1974 899 Ei
2019 846 2129 917 γάρ
2168 844 2464 912 σύμφυτοι,
2529 844 2693 914 φησιν
2746 844 2774 895 6
2823 839 3053 902 Παῦλος,
3117 837 3423 905 γεγόναμεν
3472 830 3553 901 τῷ

192 934 573 1007 ὁμοιώματι
625 935 720 988 τοῦ
764 935 992 989 Θανάτου
1038 936 1133 988 τοῦ
1167 937 1297 990 Υἱοῦ
1329 937 1518 1001 αὐτοῦ,
1552 937 1691 991 ἀλλά
1736 938 1831 991 καὶ
1872 939 1973 1008 τῆς
2008 937 2360 1002 ἀναστάσεως
2401 936 2659 1007 ἐσόμεθα.
2692 953 2710 986 ι

198 1065 356 1119 ΚΘ.
445 1065 802 1146 ’ᾼπίίδειξις
850 1066 925 1146 ex
983 1065 1105 1146 ﬂD!‘
1151 1068 1568 1146 ςΛποστόλουΔ
1617 1070 1843 1139 γραφῶν

1963 1070 2155 1127 XXIX.
2178 1068 2262 1146 Eat
2285 1067 2761 1146 postolinscrjplis
2777 1066 2835 1133 ﬁt
2860 1060 3239 1146 demonstratio
3264 1056 3549 1126 perfectam

328 1134 501 1201 περὶ
549 1134 661 1202 τῆς
700 1137 934 1202 τελείας
976 1134 1084 1189 τοῦ
1130 1137 1447 1206 ἀνθρώπου
1490 1134 1751 1208 soricech

2231 1140 2395 1208 fuisse
2421 1141 2475 1192 in
2509 1136 2722 1192 Christo
2743 1135 2971 1188 hominis
3005 1141 3273 1184 naturam.

2036 1254 2128 1310 Sic
2159 1264 2323 1307 natus
2354 1252 2610 1307 Christus
2649 1247 2933 1308 Dominus,
2996 1244 3077 1297 sic
3131 1240 3424 1301 enutritus,
3468 1245 3549 1292 tot

1960 1346 2244 1401 miraculis
2280 1345 2467 1403 editis.
2496 1351 2663 1411 atque
2717 1340 2786 1393 ob
2849 1336 2963 1392 hac
3019 1333 3256 1404 passioni
3308 1331 3546 1393 deditus,

1959 1437 2277 1503 erucilixus,
2329 1443 2595 1499 mortuus,
2646 1426 3090 1501 praedicatoribus
3143 1424 3209 1477 ad
3265 1423 3547 1477 universos

1960 1528 2207 1583 homines
2231 1526 2410 1579 missis
2432 1525 2605 1579 sacris
2626 1520 2923 1590 discipulis,
2941 1518 2993 1571 in
3012 1515 3210 1572 caelum
3235 1521 3548 1581 assumptus

1959 1619 2083 1675 fuit.
2128 1617 2253 1672 Hac
2298 1616 2514 1687 quidem
2551 1612 2883 1675 summatim,
2922 1608 3050 1663 dum
3101 1607 3168 1661 ad
3200 1604 3546 1659 Timotheum

285 1245 488 1298 Οὕτω
540 1246 822 1314 γεννηθεὶς
865 1247 894 1298 6
937 1248 1221 1319 Δεσπότης
1258 1250 1515 1321 Χριστὸς,
1545 1251 1690 1305 οὕτω
1722 1270 1855 1320 τρα-

197 1334 376 1402 φεὶς,
453 1333 616 1387 οὕτω
679 1334 1190 1407 θαυματουργήσας,
1251 1338 1341 1394 διά
1401 1339 1576 1394 ταῦτα
1640 1341 1850 1407 παθὼν,

204 1424 627 1494 σταυρωθεὶς,
666 1425 972 1493 ἀποθανὼν,
1020 1429 1270 1499 κήρυκας
1317 1430 1645 1495 ἀποστείλας
1688 1434 1854 1486 πᾶσιν

200 1514 577 1585 ἀνθρώποις
619 1515 745 1578 τοὺς
787 1517 965 1586 ἱεροὺς
1006 1519 1276 1589 μαθητάς,
1342 1520 1424 1583 είς
1478 1521 1571 1574 τὸν
1625 1521 1853 1591 οὐρανὸν

207 1604 583 1675 ἀνελήφθη·
642 1606 735 1658 καὶ
779 1606 950 1659 ταῦτα
1012 1610 1070 1661 ἐν
1124 1610 1406 1680 κεφαλαίῳ
1458 1614 1516 1664 ἐν
1560 1614 1674 1674 τοῖς
1718 1612 1855 1683 πρὸς

204 1695 533 1765 Τιμόθεον
552 1700 864 1767 γραφεῖσιν.
880 1701 908 1752 6
926 1701 1245 1765 Ἀπὸστολος
1266 1704 1413 1773 ἡμᾶς
1435 1704 1640 1768 ἐδίδαξε
1660 1703 1843 1772 λέγων

1962 1708 2254 1770 scriberet,
2325 1719 2425 1760 nos
2481 1703 2670 1758 docuit
2733 1698 3025 1768 Apostolus
3081 1696 3311 1750 dicens:
3357 1712 3376 1745 ι
3416 1692 3549 1748 Siue

215 1807 237 1840 ι
264 1787 796 1859 Ὀμολογουμὲνως
824 1791 967 1861 μέγα
996 1793 1112 1845 ἐστὶ
1137 1793 1196 1845 τὸ
1223 1793 1323 1864 τῆς
1343 1794 1623 1858 εὐσεϐείας
1649 1796 1843 1865 μυστή-

1965 1797 2131 1853 dubio
2163 1810 2418 1867 magnum
2448 1802 2533 1848 est
2558 1790 2777 1861 pietatis
2813 1793 3238 1848 sacramentum,
3297 1783 3440 1837 Deus
3489 1778 3545 1836 in

211 1896 375 1951 ριον,
406 1880 564 1943 Θεὸς
602 1882 923 1953 ἐφανερώθη
960 1886 1017 1936 ἐν
1061 1885 1243 1955 σαρκὶ,
1279 1885 1568 1955 ἐδικαιώθη
1601 1888 1659 1939 ἐν
1688 1887 1843 1938 Ilvati-

1961 1903 2126 1944 carne
2175 1887 2449 1958 apparuit,
2509 1882 2837 1952 iustiﬁcatus
2882 1886 2966 1933 est
3010 1878 3063 1932 in
3117 1874 3349 1945 Spiritu,
3395 1874 3546 1927 visus

216 1988 399 2041 ματι,
458 1969 626 2042 ὤφθη
670 1974 945 2041 ἀγγέλοις,
989 1975 1267 2046 ἐκηρύχθη
1301 1976 1528 2043 ἔθνεσιν,
1574 1977 1843 2048 ἐπιστώθη

1957 1991 2041 2035 est
2078 1978 2306 2048 angelis,
2339 1976 2665 2045 prmdicatus
2713 1982 2797 2025 est
2836 1971 2890 2024 in
2945 1968 3218 2037 gentibus,
3273 1966 3542 2019 creditum

213 2065 282 2117 ἐν
324 2064 573 2134 κόσμῳ,
602 2065 879 2135 ἀνελήφθη
908 2068 965 2119 ἐν
991 2066 1138 2138 δόξῃ,
1170 2086 1189 2119 ι
1222 2069 1329 2121 Καὶ
1364 2069 1461 2139 τὴν
1484 2071 1583 2139 μὲν
1609 2072 1843 2141 φανέρω-

1955 2081 2042 2125 est
2092 2070 2137 2123 ei
2189 2069 2240 2122 in
2274 2066 2499 2129 mundo,
2547 2070 2860 2130 assumptus
2903 2059 3004 2113 fuit
3035 2058 3088 2111 in
3134 2056 3365 2126 gloriam
3404 2055 3474 2108 “.
3518 2068 3536 2101 ι

219 2171 319 2209 σιν
357 2155 677 2220 συνέζευξε
712 2160 777 2227 τῇ
824 2160 1010 2227 σαρκὶ,
1052 2159 1152 2229 τὴν
1186 2160 1241 2212 δὲ
1273 2162 1554 2215 δικαίωσιν
1584 2164 1724 2216 κατά
1758 2163 1843 2233 τὴν

1958 2159 2544 2216 Ettnanil'eStationem
2580 2156 2800 2226 quidem
2851 2153 2939 2206 hic
2971 2151 3267 2206 connexuit
3321 2156 3547 2217 propter

216 2248 345 2301 τῶν
375 2250 697 2319 αἱρετικῶν
728 2252 1091 2322 ἀϐελτηρίαν·
1139 2254 1434 2324 ἐδικαιώθη
1472 2256 1526 2307 δὲ
1563 2258 1629 2324 τῇ
1663 2271 1843 2325 συνερ-

1956 2268 2200 2314 carnem,
2228 2249 2670 2321 justiiicationem
2700 2252 2881 2300 autem
2914 2253 3135 2312 prepter
3155 2241 3541 2295 haereticorum

217 2340 367 2409 γαίᾳ
425 2340 537 2394 τοῦ
588 2342 926 2411 Πνεύμαιιος.
976 2339 1123 2408 Ἀρα
1169 2345 1231 2397 τὸ
1276 2345 1574 2399 δικαιῶσαν
1600 2345 1843 2414 Πνεῦμα,

1954 2344 2281 2401 stultitiam:
2308 2341 2641 2410 lustiilcatus
2668 2346 2751 2395 est
2790 2347 2971 2391 autem
3032 2342 3365 2403 cooperante
3418 2330 3544 2398 Spi-

220 2436 517 2503 κρεῖττον
564 2434 655 2485 τοῦ
695 2435 1075 2499 δικαιωθέντος
1107 2436 1270 2500 me;
1314 2437 1452 2490 Ἀλλ’
1469 2437 1653 2491 οὐκέτι
1679 2437 1843 2491 ταῦτα

1955 2438 2086 2492 ritu.
2119 2434 2256 2489 Num
2284 2449 2415 2505 ergo
2438 2432 2678 2502 Spiritus
2702 2430 3010 2500 justiilcans
3048 2428 3229 2497 potior
3253 2433 3338 2479 est
3374 2422 3542 2489 justi-

223 2523 341 2574 οὑκ
388 2522 563 2574 ἐστι·
608 2523 669 2575 τὸ
711 2524 819 2593 γάρ
873 2525 1143 2596 ἡμέτερον
1197 2526 1486 2597 ἐδικαιώθη
1525 2528 1612 2581 διά
1647 2528 1742 2581 τοῦ
1794 2545 1843 2583 εν

1956 2531 2119 2584 licato
2144 2528 2284 2583 Filio
2314 2528 2339 2580 ?
2388 2526 2536 2595 Nego
2564 2525 2846 2580 enimvero
2883 2541 2895 2577 :
2924 2537 3049 2577 nam
3118 2528 3302 2573 nostra
3364 2516 3543 2585 potius

224 2613 398 2682 αὐτῷ
434 2614 855 2682 φανερωθέντος
888 2616 1043 2682 Θεοῦ,
1094 2617 1152 2679 ὃς
1189 2618 1510 2688 ἀχωρίστως
1542 2619 1693 2689 αὐτῷ
1726 2636 1843 2672 συν-

1955 2630 2150 2676 natura
2178 2618 2477 2689 justiﬁcata
2517 2615 2639 2680 fuit,
2702 2623 2925 2685 propter
2980 2606 3454 2681 supervenientem
3488 2605 3537 2659 ei

220 2703 529 2771 ημμένος,
557 2705 657 2773 τήν
681 2720 738 2755 τε
769 2704 943 2775 ἄκραν
992 2707 1313 2759 ἐπαίδευσεν
1335 2710 1558 2779 ἀρετὴν,
1594 2712 1689 2763 καὶ
1736 2710 1843 2764 τῶν

1954 2710 2146 2775 Deum,
2178 2712 2271 2780 qui
2302 2708 2477 2763 eidem
2509 2704 2945 2776 inseparabiliter
2974 2699 3298 2767 conjunctus
3337 2704 3441 2759 est,
3486 2702 3543 2747 et

228 2791 423 2861 βελῶν
456 2796 562 2863 τῆς
585 2795 863 2864 ἁμαρτίας
923 2795 1187 2863 ἐφύλαξεν
1217 2799 1501 2866 ἄγευστον,
1544 2803 1636 2853 καὶ
1668 2802 1843 2874 ἀμύη-

1954 2815 2221 2858 summam
2253 2798 2735 2857 docuitvirtutem,
2782 2803 2891 2847 eta
2919 2788 3127 2860 peccati
3183 2784 3307 2841 telis
3358 2791 3543 2838 custo-

223 2901 352 2946 τον,
401 2887 511 2938 καὶ
538 2887 636 2955 τῆς
672 2886 981 2956 διαϐολικῆς
1012 2890 1226 2960 ἀπάτης
1268 2892 1596 2963 ὑπέρτερον·
1628 2895 1720 2948 καὶ
1758 2894 1843 2948 θα-

1954 2892 2089 2947 divit
2171 2890 2434 2945 intactam
2491 2898 2657 2957 atque
2712 2886 3112 2946 intenieratam,
3164 2890 3221 2934 et
3268 2874 3539 2932 diabolica

229 2977 412 3028 νάτου
467 2977 609 3043 πρὸς
657 2977 831 3047 βραχὺ
879 2979 1180 3045 γεύσασθαι
1227 2985 1612 3054 συγχωρήσας,
1640 3002 1843 3057 παραυ-

1954 2982 2146 3038 fraude
2169 2980 2506 3050 superiorem
2539 2994 2554 3044 ;
2587 2992 2751 3047 quam
2778 2990 2900 3029 eum
2930 2972 3080 3027 brevi
3117 2981 3362 3039 tempore
3394 2981 3542 3021 nzor-

227 3065 370 3117 τίκα
389 3067 503 3135 τῆς
524 3064 733 3118 ἐκείνου
758 3067 1071 3136 τυραννίδος
1093 3068 1391 3139 ἀπήλλαξε,
1413 3071 1624 3141 καὶτῆς
1644 3072 1843 3135 οἰκείας

1955 3084 2061 3128 tem
2092 3082 2311 3140 gustare
2367 3069 2730 3139 permisisset,
2778 3080 2902 3119 mox
2944 3063 3189 3135 ejusdem
3250 3057 3542 3130 tyrannide

231 3155 396 3225 αὐτῷ
429 3156 586 3224 ζωῆς
630 3156 989 3225 μεταδέδωκε,
1032 3160 1126 3211 καὶ
1158 3161 1233 3223 είς
1277 3161 1539 3231 οὐρανοὺς
1584 3164 1843 3232 ἀνήγαγε,

1955 3163 2121 3236 842
2152 3180 2199 3215 m
2233 3161 2454 3230 eripuit,
2488 3158 2645 3228 eique
2691 3157 2965 3227 propriam
3016 3155 3187 3207 vitam
3233 3149 3541 3220 impertitus

231 3247 335 3297 καὶ
376 3248 451 3299 ἐκ
485 3246 677 3309 δεξιῶν
705 3248 802 3316 τῆς
826 3249 1217 3320 μεγαλωσύνης
1243 3252 1515 3316 ἐκάθισεν,
1551 3255 1645 3306 καὶ
1675 3255 1843 3323 ὄνομα

1954 3265 2059 3319 est,
2097 3255 2150 3306 in
2187 3251 2383 3307 coelum
2418 3249 2636 3313 extulit,
2662 3257 2717 3301 et
2747 3249 2800 3301 in
2842 3247 3063 3301 dextera
3097 3241 3400 3310 maiestatis
3428 3238 3541 3292 col-

233 3337 398 3406 αὑτῴ
426 3338 730 3407 ἐχαρίσατο
746 3338 805 3391 τὸ
830 3339 970 3410 ὑπὲρ
1000 3343 1107 3393 πᾶν
1130 3341 1320 3411 ὄνομα,
1348 3344 1446 3412 τὴν
1472 3345 1677 3396 οίκείαν
1699 3344 1843 3414 αὐτῷ

1954 3345 2170 3405 locavit,
2201 3344 2361 3412 eique
2393 3354 2588 3395 nomen
2608 3338 2830 3392 donavit
2862 3336 3006 3407 quod
3034 3344 3121 3389 est
3163 3346 3329 3401 super
3376 3343 3541 3384 omne

232 3428 405 3492 ἀξίαν
432 3429 828 3499 δωρησάμενος
846 3448 859 3460 ·
893 3433 986 3484 καὶ
1014 3432 1111 3502 τὴν
1133 3433 1233 3502 τῆς
1262 3432 1474 3501 φύσεως
1498 3434 1660 3486 αὑτοῦ
1680 3452 1847 3506 προσ-

236 3521 489 3590 ηγορῐαν
539 3521 741 3583 λαϐὼν,
772 3523 899 3586 Υἱὸς
947 3522 1237 3595 ἀνθρώπου
1290 3527 1318 3577 6
1375 3527 1701 3598 προαιώνιος
1749 3527 1844 3581 τοῦ

234 3609 384 3663 Θεοῦ
426 3612 608 3680 Λόγος
640 3614 943 3684 ηὐδόκησεν
992 3616 1373 3686 ὀνομάζεσθαι.
1440 3636 1457 3667 ι
1484 3619 1671 3682 Οὐδεὶς
1712 3621 1842 3691 γάρ,

238 3700 440 3770 φησὶν,
472 3702 815 3774 ἀναϐέϐηκεν
840 3708 918 3770 είς
952 3707 1043 3759 τὸν
1075 3708 1322 3777 οὐρανὸν,
1358 3711 1407 3762 εί
1436 3708 1507 3781 μὴ
1537 3711 1565 3762 6
1598 3711 1654 3775 ἐξ
1682 3712 1846 3781 οὐρα-

236 3790 335 3843 νοῦ
370 3792 630 3856 καταϐάς
657 3795 685 3845 6
724 3793 851 3857 Υἱὸς
875 3794 969 3848 τοῦ
1011 3785 1323 3863 ἀνθρώπου,
1350 3802 1378 3851 6
1404 3797 1476 3851 ὢν
1503 3801 1559 3852 ἐν
1581 3798 1658 3868 τῷ
1684 3801 1845 3870 οὐρα-

239 3878 340 3951 νῷ.
373 3900 393 3934 ι
430 3884 659 3953 Κατέϐη
691 3885 743 3938 δὲ
772 3886 872 3956 οὐχ
899 3889 927 3939 6
965 3886 1028 3941 ἐκ
1070 3888 1385 3959 σπέρματος
1429 3890 1594 3943 Δαϐὶδ
1636 3893 1699 3944 ἐκ
1736 3892 1843 3945 τῶν

238 3972 525 4041 οὐρανῶν,
558 3974 673 4027 ἀλλ’
696 3976 724 4027 6
745 3976 853 4029 τῶν
892 3974 1209 4049 [οὐρανῶν]
1245 3980 1495 4049 ποιητὴς,
1526 3982 1554 4034 6
1577 3982 1844 4054 ὑπέρχρο-

239 4080 334 4121 νος
364 4064 510 4118 Θεοῦ
547 4066 740 4133 Λόγος,
768 4068 797 4119 6
820 4068 925 4138 πρὸ
951 4069 1059 4123 τῶν
1089 4069 1301 4123 αἰώνων
1329 4071 1619 4142 ὑπάρχων·
1664 4074 1754 4127 διὰ
1785 4075 1842 4127 δὲ

241 4154 345 4225 τὴν
374 4158 519 4227 πρὸς
546 4157 607 4210 τὸ
649 4157 988 4230 ἀνθρώπινον
1016 4160 1232 4227 ἕνωσιν,
1264 4162 1531 4234 λαμϐάνει
1577 4163 1667 4218 τοῦ
1706 4166 1839 4219 Υἱοῦ

242 4244 340 4297 τοῦ
372 4247 671 4317 ἀνθρώπου
706 4250 766 4301 τὸ
783 4250 953 4321 δνομα
978 4266 992 4280 ⁸
1014 4252 1111 4304 καὶ
1140 4252 1371 4322 ἑτέρωθι
1398 4254 1455 4307 δὲ
1480 4255 1640 4309 πάλιν
1668 4254 1841 4322 οὕτως

245 4333 414 4385 αὐτὸν
453 4337 884 4407 προσαγορεύει’
952 4359 970 4389 ι
994 4339 1118 4392 Ἐάν
1153 4340 1300 4411 ἴδητε
1329 4342 1421 4394 τὸν
1456 4343 1583 4397 Υίὺν
1622 4345 1715 4397 τοῦ
1747 4346 1841 4398 ἀν-

245 4421 477 4493 θρώπου
524 4428 886 4497 ἀνερχόμενον
928 4430 1064 4483 ὅπου
1104 4424 1172 4501 ἦν
1216 4431 1277 4485 τὸ
1332 4433 1595 4504 πρότερον
1622 4454 1635 4468 ο
1667 4455 1686 4489 ι
1742 4437 1839 4509 οὑχ

1951 3452 2149 3493 nomen
2180 3436 2251 3501 ⁸⁷,
2284 3449 2435 3489 suam
2474 3446 2667 3501 nempe
2702 3430 3021 3498 dignitatem
3058 3427 3159 3496 ipsi
3207 3422 3535 3480 conferens:

1949 3546 2011 3584 ac
2031 3537 2236 3582 naturai
2260 3524 2679 3595 appellationem
2711 3522 2856 3575 illius
2878 3534 3123 3580 sumens,
3153 3517 3243 3586 qui
3262 3523 3382 3569 erat
3405 3522 3535 3567 ante

1948 3619 2145 3675 sarcula
2176 3618 2271 3672 Dei
2296 3615 2558 3679 Verhutu,
2590 3613 2760 3669 Filius
2791 3610 3027 3664 hominis
3055 3608 3321 3662 nominari
3367 3606 3540 3658 liben-

1949 3721 2031 3765 ter
2069 3710 2256 3764 voluit.
2299 3726 2317 3759 ι
2356 3705 2526 3761 Nemo
2549 3706 2718 3767 enim,
2753 3704 2931 3772 inquit
2955 3700 3222 3770 (Paulus),
3255 3698 3308 3753 in
3337 3696 3535 3753 cmlum

1946 3800 2216 3863 ascendit,
2241 3799 2344 3854 nisi
2369 3798 2459 3867 qui
2494 3797 2560 3852 de
2587 3796 2729 3851 caelo
2763 3796 3042 3849 descendit
3073 3792 3239 3847 Filius
3276 3788 3536 3856 hominis,

1946 3898 2037 3967 qui
2072 3898 2125 3950 in
2162 3895 2316 3951 cretis
2378 3904 2464 3949 est
2496 3892 2563 3947 ⁸⁸.
2608 3908 2631 3945 ι
2688 3889 2979 3945 Descendit
3039 3898 3222 3943 autem
3274 3887 3341 3940 de
3396 3884 3536 3939 caelo

1948 4004 2056 4057 non
2084 3989 2129 4043 is
2155 3988 2247 4057 qui
2290 3994 2410 4039 erat
2439 3985 2506 4039 de
2561 3983 2779 4037 Davidis
2828 3981 3059 4045 semine,
3109 3979 3206 4035 sed
3264 3978 3532 4032 caelorum

1944 4090 2184 4145 creator,
2219 4078 2315 4134 Dei
2341 4086 2468 4132 ante
2505 4090 2667 4130 onme
2732 4082 2947 4141 tempus
3002 4071 3241 4126 Verbum
3299 4078 3357 4125 et
3409 4078 3535 4125 ante

1943 4170 2167 4227 saecula.
2198 4168 2297 4223 llic
2330 4176 2551 4237 propter
2578 4179 2735 4219 suam
2780 4178 2902 4218 cum
2944 4163 3282 4218 humanitate
3325 4161 3535 4215 aduna-

1944 4265 2169 4330 tionem,
2205 4262 2331 4316 Filii
2361 4259 2599 4317 hominis
2630 4255 3059 4324 nomenaccipit.
3089 4252 3157 4307 Et
3183 4254 3291 4308 alio
3338 4267 3531 4307 rursus

1944 4354 2063 4408 loco
2090 4353 2236 4407 hunc
2272 4352 2345 4408 ita
2366 4349 2643 4419 appellat:
2680 4365 2700 4400 ι
2737 4345 2795 4402 Si
2820 4346 3070 4401 videritis
3107 4343 3305 4399 Filium
3354 4343 3531 4398 homi-

1943 4446 2027 4501 nis
2053 4445 2180 4499 illuc
2204 4444 2593 4499 ascendentem
2622 4438 2713 4493 ubi
2744 4438 2899 4507 prius
2920 4445 3041 4491 erat
3070 4434 3139 4499 ",
3197 4453 3217 4488 ι
3255 4449 3360 4489 non
3389 4433 3533 4489 servi

247 4516 421 4631 ήητοῦ
467 4517 654 4631 δοηύίλου
705 4520 917 4631 μρρφὴέ
936 4519 1050 4623 ἀλλ’
1092 4524 1125 4590 ή
1178 4521 1271 4574 τοῦ
1318 4522 1453 4577 Θεοῦ
1485 4531 1702 4598 μορφή*
1743 4532 1838 4583 καὶ

1954 4538 2146 4604 forma,
2194 4535 2288 4590 sed
2339 4535 2514 4589 forma
2562 4530 2680 4585 Dei.
2747 4528 2816 4584 Et
2860 4543 3089 4582 rursus:
3127 4544 3146 4579 ι
3176 4524 3331 4593 Quod
3392 4525 3535 4581 Illius

246 4605 429 4710 αὖθις·
470 4627 487 4658 ι
518 4609 641 4660 Ὅτι
682 4608 793 4671 υἱὸς
824 4608 1109 4679 ἀνθρώπου
1143 4612 1279 4674 ἐστὶ,
1312 4613 1466 4681 φησὶ,
1521 4616 1593 4685 μή
1623 4616 1835 4687 θαυμά-

1954 4629 2181 4686 hominis
2203 4626 2295 4692 sit,
2322 4623 2516 4693 inquit,
2546 4636 2613 4677 ne
2647 4618 2918 4675 miremini
2954 4635 2968 4684 ;
3006 4617 3154 4671 venit
3178 4616 3324 4671 enim
3372 4616 3530 4683 hora,

249 4694 373 4758 ζετε
396 4700 580 4763 τοῦτο,
610 4700 691 4752 ὅτι
738 4700 952 4769 ἔρχεται
988 4701 1105 4770 ὥρα
1156 4704 1211 4755 ἐν
1325 4704 1648 4760 ἀκούσονται
1685 4711 1733 4761 οἱ
1778 4711 1834 4764 ἐν

1954 4737 2051 4792 qua
2082 4721 2118 4775 ii
2141 4719 2235 4789 qui
2270 4717 2322 4770 in
2348 4711 2715 4769 monumentis
2744 4709 3109 4764 suntaudient
3138 4722 3327 4763 vocem
3345 4706 3488 4761 illius
3514 4725 3527 4762 :

247 4795 359 4855 τοῖς
398 4798 647 4863 μνήμασι
673 4795 769 4863 τῆς
802 4795 983 4865 φωνῆς
1019 4795 1205 4859 αὐτοῦ,
1255 4798 1348 4850 καὶ
1391 4798 1761 4865 ἐξελεύσονται
1784 4804 1833 4855 οἱ

1954 4820 1996 4865 st
2030 4807 2325 4880 procedent
2356 4804 2451 4875 qui
2502 4803 2639 4857 bona
2698 4800 2951 4856 fecerunt
2976 4800 3029 4853 in
3072 4798 3530 4854 resurrectionem

250 4882 319 4935 τά
352 4884 540 4953 άγαθά
575 4887 919 4955 ποιήσαντες,
956 4888 1036 4949 εἰς
1066 4888 1363 4942 ἀνάστασιν
1393 4888 1566 4960 ζωῆς*
1598 4893 1648 4945 0i.
1678 4893 1734 4945 δὲ
1769 4894 1837 4948 τά

1954 4900 2110 4964 vitze;
2146 4899 2238 4968 qui
2281 4911 2411 4951 vero
2465 4894 2605 4949 mala
2660 4900 2909 4962 egerunt,
2963 4890 3016 4945 in
3075 4890 3531 4945 resurrectionem

252 4976 435 5043 φαῦλα
461 4977 791 5047 πράξαντες,
828 4981 904 5040 εἰς
938 4979 1237 5033 ἀνάστασιν
1281 4980 1537 5051 κρίσεως.
1566 5000 1585 5032 ›
1637 4985 1710 5036 Οὑ
1736 4983 1836 5055 τῆς

1954 4991 2127 5057 iudicii
2159 4991 2227 5043 ".
2252 5007 2269 5039 ι
2294 4987 2411 5043 Non
2446 4996 2523 5042 εει
2550 4986 2652 5040 hoc
2673 4985 2831 5040 unius
2856 4982 3211 5038 humanitatis
3227 4983 3530 5053 proprium,

252 5066 672 5137 ἀνθρωπότητος
721 5069 777 5122 δὲ
820 5069 980 5140 ψιλῆς
1022 5071 1181 5124 τοῦτο
1228 5072 1289 5125 τὸ
1345 5072 1495 5139 ἴδιον,
1553 5076 1692 5129 ἀλλά
1737 5077 1837 5148 τῆς

1954 5085 2029 5138 sed
2063 5082 2342 5151 operantis
2376 5079 2699 5141 divinitatis,
2734 5085 2789 5131 et
2814 5075 2973 5131 simul
3000 5074 3357 5129 humanitatis
3401 5089 3534 5127 con-

251 5156 584 5228 ἐνεργούσης
614 5160 887 5231 θεότητος,
930 5161 1026 5215 καὶ
1046 5164 1143 5232 τῆς
1169 5165 1501 5235 φαινομένης
1536 5166 1598 5238 δή
1627 5169 1837 5240 ἀνθρω-

1954 5170 2136 5237 ιρίευαι
2199 5178 2425 5237 propter
2479 5181 2633 5221 suam
2680 5180 2803 5219 cum
2847 5164 3135 5219 divinitate
3189 5163 3530 5233 conjunctio-

253 5248 488 5387 ;t6tr,10q
516 5250 605 5306 διά
630 5252 726 5324 τὴν
754 5253 889 5326 πρὸς
917 5254 1016 5325 τὴν
1056 5254 1282 5325 θεότητα
1325 5258 1621 5326 συνάφειάν
1653 5278 1707 5313 τε
1742 5262 1834 5315 καὶ

283 5354 463 5387 νωσιν-

1954 5276 2056 5317 tem
2091 5271 2257 5330 atque
2297 5260 2703 5313 adunatiouetn.

283 5354 464 5395 νωσιν.

258 5445 336 5499 Λ’.
391 5448 532 5548 ’Ἶέτι⁸
570 5451 700 5533 Υἱὸς
749 5454 787 5518 ἡ
829 5452 969 5538 ,τοῦ
1023 5453 1248 5507 δούλου
1301 5455 1504 5541 μορφή
1556 5455 1652 5510 διὰ
1718 5460 1833 5527 τὴν

1954 5462 2114 5517 XXX.
2153 5461 2307 5527 Quod
2339 5461 2512 5548 [orum
2538 5458 2773 5548 serv-inab
2824 5459 3060 5548 eamdem
3104 5460 3527 5529 conjunctione”:

431 5530 769 5588 συνάφειαν
809 5530 1091 5588 ὡσαύτως
1127 5530 1649 5593 προσαγορεύεται.

2345 5530 2519 5585 Filius
2543 5530 2784 5584 similiter
2808 5530 3118 5598 appetlelur.

326 5629 511 5697 Οῦτως
545 5635 573 5686 6
624 5635 757 5699 Θεὸς
798 5636 966 5705 Λόγος
1015 5636 1307 5691 οἰκειοῦται
1360 5640 1459 5709 τῆς
1498 5640 1591 5695 τοῦ
1643 5641 1828 5696 δούλου

2010 5644 2081 5699 Ita
2140 5645 2281 5701 Deus
2331 5618 2587 5700 Verbum.
2626 5644 2903 5716 prepriam
2959 5644 3062 5699 sibi
3120 5642 3248 5698 facit
3314 5643 3529 5700 servilis

326 5809 369 5842 "
394 5811 625 5879 Romm,
652 5816 701 5869 5.
738 5817 780 5846 ’⁸⁸
810 5817 825 5871 Ι
856 5816 1088 5873 Timotli.
1124 5833 1201 5883 ιιι,
1236 5817 1321 5877 l6.
1358 5820 1397 5846 ⁸⁷
1436 5818 1664 5893 Philipp.
1702 5838 1764 5888 tl,
1794 5822 1843 5879 9.

1954 5824 1970 5855 ⁵
1999 5823 2193 5894 Ephes.
2229 5841 2297 5891 tv,
2344 5825 2425 5881 10.
2470 5823 2693 5882 "Joan.
2734 5844 2804 5896 γι,
2836 5825 2925 5882 65.
2970 5823 3015 5857 ’⁸
3049 5822 3207 5879 Joan.
3246 5837 3301 5890 τ,
3326 5818 3526 5876 27-29.
