3926 6480
263 474 283 531 Ι
301 474 401 531 Πὸ

1434 474 1522 530 DE
1564 472 2080 533 INCARNATIONE
2120 472 2379 533 DOMINI.

3401 474 3543 529 ίιτε

257 588 681 663 συνεισφέρεται
703 604 717 621 ·
747 589 957 662 τροπῆς
999 590 1057 644 δὲ
1090 590 1386 661 εἰσιούσης,
1424 590 1548 645 οὕτε
1595 590 1727 655 Θεὸς
1757 591 1851 644 ἐπὶ

1955 591 2248 647 comitatur
2281 610 2295 648 :
2336 591 2480 646 facta
2538 589 2772 660 denique
2806 591 3130 655 mutatione,
3176 604 3353 661 neque
3393 590 3540 648 Deus

255 684 358 754 τῆς
389 683 524 747 ἰδίας
553 681 702 752 μένοι
740 680 806 735 ἂν
844 682 1081 751 φύσεως,
1124 682 1247 736 οὔτε
1292 682 1577 755 ἄνθρωπος
1610 684 1705 737 ἐπὶ
1748 683 1847 754 τῆς

254 776 487 839 οἰκείας.
548 774 786 845 ’Δνάγκη
863 774 973 844 γάρ
1026 773 1291 843 ἐκστῆναι
1335 775 1445 828 τῶν
1510 775 1610 845 τῆς
1657 774 1847 839 οὐσίας

253 866 404 939 ὅρων
433 867 717 938 ικάτερον,
747 866 841 920 καὶ
866 866 1002 936 μήτε
1029 863 1121 916 τδν
1149 862 1284 916 Θεὸν
1309 863 1675 934 γνωρίζεσθαι
1691 863 1846 928 Θεὸν,

259 959 404 1029 μήτε
447 958 540 1011 τὸν
581 957 889 1029 ἄνθρωπον,
934 955 1221 1025 ἄνθρωπον
1258 953 1357 1026 (1).
1401 954 1574 1008 Τοῦτο
1620 955 1676 1008 δὲ
1725 954 1848 1008 οὐδὲ

254 1050 355 1102 επὶ
379 1050 479 1120 τῆς
510 1048 603 1102 τοῦ
629 1049 923 1119 ἀνθρώπου
969 1045 1318 1117 κατασκευῆς
1360 1045 1515 1099 λάϐοι
1560 1047 1626 1100 ἀν
1665 1063 1750 1109 τις
1786 1040 1846 1100 εὖ

256 1141 496 1212 φρονῶν.
533 1142 608 1195 Οὐ
642 1140 751 1212 γάρ
795 1138 875 1209 τῷ
910 1138 1124 1208 σώματι
1156 1138 1258 1208 τὴν
1304 1137 1482 1207 ψυχὴν
1519 1137 1846 1208 κεκρᾶσθαι,

252 1230 377 1286 ἀλλ’
404 1229 666 1302 ἡνῶσθαι,
698 1230 792 1284 καὶ
823 1228 1113 1300 συνῆφθαι,
1140 1229 1234 1281 καί
1259 1229 1449 1291 οἰκεῖν,
1479 1228 1575 1280 καὶ
1601 1230 1847 1298 ἐνεργεῖν

251 1340 463 1393 φαμεν.
500 1324 609 1376 Καὶ
636 1322 761 1376 οὔτε
806 1322 905 1392 τὴν
934 1320 1115 1393 ψυχὴν
1147 1319 1368 1391 θνητὴν,
1412 1318 1535 1372 οὗτε
1575 1320 1638 1374 τὸ
1688 1321 1849 1390 σῶμα

250 1417 406 1469 εῐποι
436 1432 520 1479 τις
548 1414 615 1468 ἂν
640 1415 930 1478 ἀθάνατον,
978 1413 1053 1484 μὴ
1090 1412 1285 1483 κομιδῇ
1319 1412 1672 1483 παραπαίων,
1713 1412 1849 1466 ἀλλά

250 1507 362 1575 τὴν
406 1505 506 1575 μὲν
549 1506 818 1575 ἑκατέραν
857 1503 1094 1576 [φύσιν]
1141 1503 1482 1575 διαιροῦμεν,
1532 1503 1591 1556 ἓν
1625 1503 1681 1557 δὲ
1711 1502 1849 1568 ζῶον

254 1598 603 1669 γνωρίζομεν
624 1598 685 1650 τὸ
706 1598 763 1663 ἐξ
784 1597 1007 1650 ἐκείνων
1028 1596 1178 1668 [c0d.
1211 1595 1445 1667 ἐκείνου]
1468 1596 1845 1666 συγκείμενον⁸

256 1687 361 1741 καὶ
378 1687 641 1759 ἑκατέραν
676 1686 773 1757 μὲν
816 1685 980 1754 φύσιν
1031 1685 1384 1758 διῃρημένοις
1422 1685 1683 1755 ὀνόμασιν
1730 1685 1850 1737 ὀνο-

256 1777 532 1848 μάζομεν,
583 1778 683 1847 τὴν
718 1778 817 1847 μὲν
846 1776 1046 1848 ψυχὴν,
1077 1776 1138 1829 τὸ
1163 1777 1219 1830 δὲ
1255 1776 1435 1847 σῶμα,
1478 1777 1536 1829 τὸ
1575 1776 1632 1829 δὲ
1662 1775 1722 1841 ἐξ
1746 1778 1850 1847 ἀμ-

254 1871 508 1942 φοτέρων
542 1871 873 1940 συνεστηκὸς
904 1868 1043 1934 ζῶον
1085 1870 1258 1941 ἑτέρῳ
1287 1869 1563 1941 καλοῦμεν
1587 1869 1813 1941 ὀνόματι
1832 1885 1846 1900 ·

1953 685 2006 738 in
2062 685 2280 755 propria
2320 692 2510 738 natura
2557 683 2919 754 permanebit,
2977 700 3153 755 neque
3193 686 3321 740 item
3373 687 3541 743 homo

1950 777 2004 831 in
2036 791 2157 831 sua.
2204 776 2439 832 Necesse
2494 784 2583 831 est
2630 776 2776 830 enim
2824 787 2884 831 ut
2914 786 3142 847 uterque
3187 792 3255 832 ex
3306 779 3542 847 propria

1949 866 2265 922 substantiae
2322 866 2521 921 ﬁnibus
2576 866 2803 923 decedat
2856 884 2872 932 ;
2915 865 2988 920 ita
3051 878 3111 922 ut
3162 882 3341 937 neque
3395 866 3540 923 Deus

1949 959 2201 1012 videatur
2233 956 2343 1026 jam
2378 958 2540 1022 Deus,
2581 973 2758 1026 neque
2783 956 2944 1013 homo
2976 959 3102 1013 item
3152 960 3336 1016 homo.
3371 959 3537 1030 Atqui

1952 1049 2053 1103 hoc
2090 1062 2157 1103 ne
2190 1048 2243 1103 in
2278 1047 2513 1103 hominis
2544 1048 2765 1118 quidem
2792 1058 3063 1104 structura
3094 1051 3381 1120 quisquam
3410 1066 3543 1121 pru-

1949 1138 2082 1193 dens
2135 1139 2234 1193 sibi
2272 1139 2615 1207 persuadeat.
2663 1137 2780 1193 Non
2824 1138 2971 1194 enim
3032 1142 3249 1208 corpori
3294 1141 3537 1196 animam

1952 1239 2288 1294 concretam,
2316 1230 2408 1284 sed
2436 1229 2643 1283 unitam
2678 1228 3095 1299 copulatamque
3120 1231 3541 1287 inhabitantem-

1950 1335 2057 1391 que
2082 1331 2136 1376 et
2163 1320 2323 1375 simul
2352 1332 2667 1390 operantem
2711 1320 2963 1376 dicimus.
3008 1319 3191 1390 Neque
3230 1320 3360 1375 item
3420 1322 3542 1377 ani-

1952 1428 2093 1465 mam
2126 1413 2429 1477 mortalem,
2465 1426 2643 1480 neque
2676 1426 2875 1481 corpus
2904 1412 3213 1467 immortale
3242 1414 3536 1482 quisquam

1956 1502 2102 1558 dicet
2134 1504 2234 1557 nisi
2279 1504 2435 1570 plane
2472 1503 2774 1573 desipiens;
2818 1503 2915 1559 sed
2955 1514 3245 1574 utramque
3285 1514 3537 1561 naturam

1948 1593 2334 1659 discernimus,
2390 1610 2557 1650 unum
2605 1604 2783 1650 tamen
2825 1594 3028 1650 animal
3077 1597 3427 1667 agnoscimus
3472 1612 3540 1653 ex

1950 1684 2057 1743 illis
2087 1689 2449 1756 compositum
2484 1706 2496 1742 :
2533 1695 2587 1742 et
2644 1696 2933 1754 utramque
2982 1696 3235 1742 naturam
3306 1688 3541 1744 diversis

1952 1779 2267 1834 nominibus
2299 1779 2624 1844 vocitamus,
2646 1782 2884 1833 animam
2911 1778 3123 1834 scilicet
3146 1790 3311 1851 atque
3338 1796 3540 1851 corpus

1951 1868 2183 1925 dicimus
2216 1886 2229 1934 ;
2262 1870 2403 1939 quod
2437 1886 2566 1924 vero
2594 1884 2659 1925 ex
2693 1879 2924 1938 utraque
2942 1885 2999 1925 re
3023 1872 3537 1937 conﬂaturnnimal,

252 1962 549 2034 ἄνθρωπον
595 1964 704 2033 γὰρ
750 1962 1236 2033 προσαγορεύομεν
1280 1962 1378 2033 (2).
1431 1961 1614 2015 Ταῦτα
1664 1962 1846 2015 τοίνυν

1955 1957 2058 2014 alio
2076 1960 2295 2013 nomine
2317 1975 2598 2024 vocamus,
2622 1960 2896 2020 hominem
2929 1961 3141 2017 scilicet
3169 1962 3537 2017 nominamus.

254 2054 359 2107 καὶ
403 2055 495 2107 ἐπὶ
526 2058 626 2125 τῆς
661 2054 976 2124 οἰκονομίας
1029 2053 1125 2125 τὴν
1172 2054 1359 2108 εἰκόνα
1408 2053 1685 2119 λαϐόντες,
1744 2051 1847 2124 τῆς

255 2142 614 2216 βλασφημίας
634 2144 1039 2215 ἀπαλλαγῶμεν
1080 2145 1314 2216 ἐκείνης,
1362 2144 1457 2197 καί
1515 2144 1613 2215 τὴν
1649 2146 1848 2214 κρᾶσιν

254 2237 657 2301 καταλιπόντες
686 2237 879 2308 (5),τῷ
906 2238 1006 2307 τῆς
1034 2236 1281 2301 ὲνὼσεως
1297 2238 1392 2291 καὶ
1426 2236 1722 2306 συναφείας
1752 2236 1849 2290 καὶ

256 2330 548 2393 κοινωνίας
592 2329 816 2401 ὀνόματι
856 2330 1128 2401 χρώμενοι
1157 2329 1555 2399 διατελέσωμεν
1585 2345 1599 2358 ·
1634 2329 1848 2397 φύσεων

260 2420 365 2492 μιν
415 2420 577 2492 [cod.
616 2420 857 2493 φύσεως]
885 2421 1178 2493 διάκρισιν,
1214 2420 1508 2491 προσώπου
1552 2420 1609 2475 δὲ
1650 2420 1848 2475 ἕνωσιν

255 2511 708 2582 δογματίζοντες.
768 2510 928 2565 Οῦτω
976 2512 1078 2580 τὴν
1141 2511 1354 2581 Ἀρείου
1416 2511 1511 2563 καὶ
1578 2511 1848 2580 Εὑνομίου

260 2602 615 2675 βλασφημίαν
661 2603 1049 2675 ὲλέγξομεν,τά
1110 2605 1210 2673 μὲν
1261 2603 1535 2667 ταπεινῶς
1581 2604 1852 2674 εἰρημένα

259 2696 359 2749 καὶ
408 2696 771 2767 πεπραγμένα
798 2694 877 2766 τῷ
907 2695 1119 2766 Σωτῆρι
1152 2693 1394 2765 Χριστῷ,
1441 2694 1851 2765 προσάπτοντες

257 2788 329 2858 τῇ
359 2785 453 2840 τοῦ
482 2786 668 2839 δούλου
699 2788 902 2858 μορφῇ·
927 2785 995 2839 τά
1022 2786 1079 2839 δὲ
1108 2785 1288 2857 ὑψηλά
1319 2786 1413 2839 καὶ
1447 2785 1725 2856 θεοπρεπῆ
1756 2785 1851 2839 καὶ

261 2876 514 2948 μεγάλα,
578 2879 644 2947 τῇ
689 2875 865 2946 ὑψηλῇ
934 2875 1032 2928 καὶ
1091 2874 1302 2945 μεγάλῃ
1351 2876 1448 2927 καὶ
1496 2873 1675 2927 πάντα
1724 2872 1852 2927 νοῦν

261 2964 671 3037 ύπερϐαινούσῃ
719 2964 1066 3024 ἀνατιθέντες
1090 2963 1327 3032 θεότητι.

260 3057 386 3113 Al".
428 3058 559 3111 ὀτι
594 3056 704 3125 τῆς
734 3052 1023 3125 ἡμετέρας
1052 3055 1292 3122 φύσεως
1322 3053 1361 3121 ἠ
1412 3054 1502 3125 εἰς
1546 3052 1850 3125 οὐρανούς

336 3122 814 3197 ἀνάληψιξεᾶς
864 3122 971 3180 τοῦ
1028 3126 1378 3193 Πνεύματος
1429 3122 1653 3193 δωρεὰς
1706 3122 1853 3193 ἡμῖν

338 3198 753 3266 προεξένισεν.

1947 2049 2073 2106 Haec
2110 2051 2280 2121 igitur
2313 2052 2477 2105 etiam
2516 2054 2569 2106 in
2610 2053 2674 2107 iis
2722 2067 2847 2122 quae
2882 2052 3119 2107 attinent
3165 2054 3233 2108 ad
3285 2054 3542 2113 incarna-

1949 2144 2152 2199 tionem
2181 2143 2413 2212 exempli
2448 2144 2623 2199 instar
2652 2152 2951 2206 sumentes,
2995 2159 3024 2198 a
3075 2143 3412 2215 blasphemia
3450 2146 3539 2199 illa

1947 2235 2262 2292 cavebimus
2288 2252 2303 2301 ;
2338 2246 2391 2290 et
2409 2236 2615 2291 omissa
2638 2234 3010 2300 concretione,
3031 2236 3312 2291 vocabulis
3334 2236 3543 2291 aduna-

1952 2328 2135 2394 tionis,
2195 2328 2617 2399 coniunctionis,
2664 2338 2720 2382 et
2775 2327 3178 2385 communionis
3225 2338 3544 2385 constanter

1950 2428 2169 2475 utemur
2209 2436 2226 2485 ;
2258 2430 2583 2473 naturarum
2643 2417 3076 2483 distinctionem,
3125 2434 3373 2489 personae
3408 2433 3542 2475 vero

1949 2506 2214 2562 unitatem
2283 2507 2744 2576 dogtnatlzantes.
2814 2506 2908 2562 Sic
2973 2507 3089 2561 Arii
3162 2515 3219 2562 et
3288 2506 3540 2563 Eunomii

1952 2597 2345 2667 blasphemiam
2380 2598 2781 2663 refutabimus;
2809 2598 3094 2654 humiliter
3133 2598 3352 2669 quidem
3384 2599 3541 2655 'dicta

1949 2698 2005 2744 et
2025 2686 2168 2744 facta
2201 2704 2231 2743 a
2260 2688 2554 2746 Servatore
2590 2690 2812 2746 Christo
2874 2691 3017 2746 servi
3047 2688 3238 2747 forma:
3272 2693 3545 2763 applican-

1952 2791 2035 2838 tes
2067 2799 2083 2849 ;
2112 2783 2364 2837 sublimia
2424 2795 2604 2838 autem
2640 2792 2695 2838 et
2727 2784 2837 2839 Deo
2890 2785 3052 2854 digna
3087 2798 3152 2840 ac
3183 2800 3382 2856 magna
3438 2801 3537 2841 su-

1950 2872 2103 2928 blimi
2154 2887 2209 2928 et
2254 2889 2460 2944 magna:
2509 2886 2566 2930 et
2601 2876 2782 2930 omnia
2837 2876 3123 2933 excedenti
3179 2878 3546 2935 attribuentca

1952 2963 2245 3019 divinitati.

1954 3054 2121 3127 855
2156 3073 2203 3110 nt
2242 3055 2477 3116 XXXIII.
2536 3057 2689 3124 Quod
2750 3072 2943 3115 nostra:
2996 3071 3201 3115 natura
3250 3062 3307 3114 in
3358 3062 3545 3118 caelum

1953 3128 2265 3196 assumptio,
2297 3128 2526 3199 Spiritus
2554 3131 2724 3183 sancti
2753 3131 2893 3183 dona
2939 3132 3087 3185 nobis
3131 3136 3543 3202 comparaverit.

349 3289 512 3343 Ἀλλά
565 3287 757 3358 καιρὸς
816 3287 1149 3359 ἀναδραμεῖν
1211 3287 1305 3340 ἐπὶ
1352 3286 1414 3339 τὺ
1464 3286 1847 3358 προκείμενον.

2024 3282 2130 3339 Sed
2162 3282 2275 3352 jam
2310 3294 2522 3356 tempus
2576 3296 2661 3342 est
2700 3289 3013 3344 revertendi
3062 3289 3130 3344 ad
3178 3292 3544 3361 prepositum.

276 3380 640 3451 ’Δναληφθεὶς
672 3381 854 3433 τοίνυν
894 3380 973 3435 εἰς
1017 3377 1281 3449 οὐρανοὺς
1323 3380 1352 3431 ό
1391 3378 1671 3448 Δεσπότης
1718 3379 1853 3449 Χρι-

265 3473 414 3538 στὸς,
446 3474 542 3527 καὶ
592 3471 785 3525 ἑαυτὸν
820 3469 1007 3541 ὥσπερ
1046 3470 1305 3546 ἐχέγγυον
1338 3468 1440 3539 τῆς
1484 3468 1594 3522 τῶν
1638 3469 1856 3542 ἀνθρώ-

266 3582 388 3619 πων
436 3565 658 3636 εἰρήνης
712 3562 1094 3635 προσενεγκὼν
1126 3561 1205 3633 τῷ
1243 3563 1440 3632 Πατρί,
1486 3563 1695 3633 πέμπει
1740 3564 1855 3628 τοῖς

266 3656 576 3727 ἀνθρώποις
622 3656 725 3730 τὴν
774 3656 935 3728 χάριν
980 3653 1074 3708 τοῦ
1118 3656 1459 3725 Πνεύματος,
1492 3654 1682 3727 ὥσπερ
1732 3652 1858 3709 τινὰ

265 3750 379 3804 τῶν
425 3748 853 3820 ἐπηγγελμένων
905 3748 1127 3817 ἀγαθῶν
1212 3747 1529 3819 ἀρραϐῶνα,
1578 3749 1858 3822 παιδοτρί-

268 3842 411 3913 ϐην,
453 3842 549 3895 καὶ
601 3841 945 3912 γυμναστὴν,
1006 3839 1120 3893 τῶν
1181 3842 1281 3910 τῆς
1323 3839 1606 3905 εὐσεϐείας
1654 3843 1856 3910 ἀγωνι-

268 3931 422 4004 στὴν,
465 3930 685 4001 φύλακα
715 3930 824 3983 τῶν
856 3930 1220 3984 πιστευόντων
1250 3929 1571 4000 ἀκοίμητον,
1605 3932 1721 4001 φῶς
1745 3931 1857 3987 τῶν

267 4025 607 4097 προσιόντων
637 4021 898 4077 ἀσϐεστόν
922 4039 984 4075 τε
1011 4022 1107 4075 καὶ
1131 4022 1455 4094 ἀνέσπερον.
1481 4022 1588 4076 τῶν
1608 4022 1858 4093 ψυχικῶν

265 4115 601 4189 τραυμάτων
636 4113 1001 4185 θεραπευτὴν,
1050 4113 1234 4185 ἰατρὸν
1258 4115 1369 4168 τῶν
1403 4114 1508 4168 ὑπὸ
1543 4116 1641 4185 τῆς
1672 4115 1857 4185 ἀμαρ-

264 4209 390 4271 τίας
435 4207 738 4278 γινομένων
789 4206 1141 4278 τραυμάτων,
1185 4207 1492 4277 στρατηγὸν
1550 4206 1857 4278 ἀριστεύειν

265 4301 413 4357 κατά
441 4300 534 4354 τοῦ
572 4298 822 4352 διαϐόλου
854 4298 1199 4363 διδάσκοντα,
1236 4298 1577 4369 ὑποπτέρους
1604 4298 1729 4362 τοὺς
1758 4316 1859 4368 χα-

270 4394 560 4462 μαιπετεῖς
590 4388 980 4460 ἐργαζόμενον,
1015 4388 1141 4451 τοὺς
1174 4389 1398 4459 γηῖνους
1436 4389 1536 4458 τὴν
1563 4386 1671 4443 τῶν
1692 4389 1858 4461 οὐρα-

265 4480 375 4537 νῶν
410 4480 684 4535 πολιτείαν
713 4480 1057 4543 παιδεύοντα,
1087 4484 1448 4553 καταφρονεῖν
1478 4481 1701 4552 σαρκδς,
1733 4483 1847 4536 ἑπι-

270 4574 552 4648 μελεῖσθαι
584 4573 784 4645 ψυχῆς,
840 4572 1122 4627 διαπτύειν
1172 4572 1242 4627 τά
1298 4573 1565 4644 παρόντα,
1606 4572 1857 4643 ἐφίεσθαι

267 4667 379 4721 τῶν
411 4666 734 4739 μελλόντων,
765 4666 900 4737 δρᾷν
922 4666 991 4720 τά
1011 4664 1438 4738 προσδοκώμενα
1475 4665 1564 4718 διὰ
1597 4665 1853 4729 πίστεως,

272 4759 438 4832 μηδὲν
462 4758 716 4830 ἡγεῖσθαι
744 4757 852 4811 τῶν
877 4760 934 4811 ὲν
967 4757 1045 4829 τῷ
1080 4758 1178 4829 βίῳ
1201 4757 1473 4827 λαμπρὸν,
1498 4757 1657 4827 δόξης
1685 4774 1855 4812 κατα-

268 4852 457 4922 γελᾷν,
488 4851 598 4904 τῶν
634 4849 731 4904 τοῦ
780 4850 1010 4903 πλούτου
1045 4850 1333 4920 ῥευμάτων
1374 4849 1670 4920 ὑπερορᾷν,
1702 4849 1854 4922 ὥραν

220 4996 225 4997 ,
272 4943 526 5015 σώματος
572 4942 647 5005 ὡς
686 4941 846 5005 ἀνθος
894 4943 1027 5012 ὸρᾷν
1078 4942 1498 5013 μαραινόμενον,
1546 4940 1622 5012 μὴ
1668 4939 1860 5010 ἀλγεῖν

274 5036 623 5106 πενομένους,
667 5034 742 5104 μὴ
776 5033 1030 5087 ἀνιᾶσθαι
1060 5034 1369 5098 νοσοῦντας,
1400 5034 1610 5106 χαίρειν
1638 5034 1859 5088 ἀδικου-

276 5128 494 5201 μένους,
523 5125 986 5196 λεηλατουμένους
1017 5126 1427 5196 εὐφραίνεσθαι,
1456 5128 1643 5198 φέρειν
1668 5144 1859 5197 καρτε-

277 5220 445 5292 ρικῶς
490 5220 558 5273 τὰ
602 5219 772 5279 δεινὰ.
824 5218 1223 5290 ὑπερεύχεσθαι
1255 5219 1364 5273 τῶν
1410 5218 1855 5285 ἀντιδικούντων,

347 5377 423 5463 gl)
463 5378 784 5463 Perspicua,
822 5375 969 5463 mira,
1005 5391 1108 5463 ac“
1133 5377 1722 5463 peremptoriapyrilli
1740 5379 1853 5463 “aloe

272 5443 458 5520 ctrina
489 5449 557 5503 de
597 5443 913 5501 naturarum
958 5448 1011 5500 in
1047 5443 1269 5501 Christo
1293 5443 1687 5520 distinctione!
1740 5449 1849 5520 Ego

274 5534 406 5576 vero
449 5518 679 5575 lectores
724 5531 871 5571 meos
916 5530 1243 5585 magnopere
1286 5518 1493 5583 hortor,
1538 5529 1595 5574 ut
1637 5518 1845 5573 editam

275 5591 416 5658 apud
448 5604 547 5644 nos
562 5586 759 5658 Script.
789 5585 928 5650 Vat,
952 5595 990 5641 t.
1016 5584 1317 5658 _Vl,novam
1344 5586 1637 5643 Theoriani
1667 5588 1843 5657 Gragci

274 5656 397 5731 cum
430 5659 679 5731 Arinenis
714 5657 973 5731 Syrisque
1004 5656 1634 5731 Jacobitistheologicatn
1670 5656 1847 5731 dispu-

277 5730 535 5784 tationem
579 5726 807 5794 adeant,
851 5727 939 5781 ubi
985 5742 1073 5781 res
1116 5729 1230 5783 haec
1268 5726 1693 5784 luculentissime
1736 5726 1855 5785 illn-

274 5810 503 5857 stratur.

350 5869 427 5941 (2)
471 5869 547 5924 En
577 5869 770 5925 auimte
798 5878 850 5924 et
879 5868 1121 5938 corporis
1150 5868 1203 5924 in
1234 5869 1390 5926 unico
1419 5870 1637 5926 homine
1666 5886 1856 5942 propo-

1954 3374 2281 3445 Assumptus
2328 3376 2513 3445 itaque
2563 3378 2615 3432 in
2666 3378 2864 3433 caelum
2932 3378 3187 3436 Christus
3257 3382 3543 3449 Dominus,

1954 3481 2123 3537 seque
2160 3466 2327 3522 veluti
2360 3470 2612 3523 humana:
2640 3469 2793 3538 pacis
2829 3485 3148 3540 sponsorem
3186 3472 3339 3528 Patri
3386 3478 3546 3530 eahi-

1954 3558 2110 3623 bens,
2167 3559 2332 3614 mittit
2380 3563 2447 3615 ad
2492 3561 2742 3618 homines
2776 3562 3017 3631 Spiritus
3054 3566 3229 3621 sancti
3286 3570 3543 3639 gratiam,

1954 3663 2051 3705 ceu
2073 3651 2364 3720 quamdam
2391 3653 2789 3721 promissorum
2826 3654 3090 3712 bonorum
3136 3660 3381 3726 arrham,
3432 3677 3549 3718 ma-

1954 3741 2207 3812 gistrum,
2239 3754 2601 3813 gymnastam,
2640 3746 2851 3814 piorum
2885 3751 3291 3817 agonothetam,
3327 3752 3545 3823 vigilem

1955 3832 2297 3887 credentium
2326 3836 2630 3899 custodem,
2666 3837 2845 3891 lumen
2880 3837 3254 3895 accedentium
3292 3842 3358 3895 ad
3384 3842 3546 3899 iidem

1956 3922 2400 3993 inexstinguibile
2452 3935 2507 3980 et
2565 3926 2789 3981 minime
2839 3928 3153 3996 occiduum,
3212 3932 3545 4001 spiritalium

1964 4016 2252 4072 vulnerum
2288 4029 2621 4083 curatorem,
2660 4019 3101 4089 impositarum’a
3139 4024 3379 4089 peccatis
3423 4026 3538 4090 pla-

1959 4124 2151 4179 garum
2185 4110 2457 4165 medicum
2490 4125 2505 4175 ;
2535 4110 2726 4165 ducem
2756 4112 2850 4179 qui
2900 4111 3131 4167 feliciter
3159 4128 3284 4169 cum
3333 4116 3549 4175 diabolo

1958 4215 2203 4271 pugnare
2228 4202 2410 4267 docet,
2442 4211 2496 4257 et
2544 4201 2892 4257 altivolantes
2927 4202 3216 4260 facientem
3260 4208 3351 4278 qui
3396 4210 3547 4266 humi

1958 4290 2248 4358 reptabant
2272 4308 2288 4353 ;
2322 4292 2411 4359 qui
2435 4302 2681 4347 terrenos
2708 4292 2775 4345 ad
2798 4292 3075 4348 caelestem
3098 4288 3263 4350 vitam
3289 4298 3545 4366 instituit,

1960 4392 2125 4451 atque
2150 4391 2209 4436 ut
2231 4396 2451 4436 carnem
2485 4392 2857 4461 contemnant,
2888 4385 3085 4440 animat
3111 4402 3297 4443 curam
3328 4404 3545 4459 gerant,

1960 4470 2247 4541 presentia
2266 4474 2555 4541 despuant,
2580 4472 2777 4529 futuris
2798 4474 3026 4541 inhient,
3046 4490 3108 4531 ea
3132 4492 3251 4546 quae
3272 4493 3368 4549 per
3380 4479 3546 4536 iidem

1961 4572 2349 4631 exspectantur
2390 4577 2501 4632 prae
2542 4563 2720 4619 oculis
2752 4562 3011 4630 habeant,
3055 4566 3193 4621 nihil
3244 4568 3298 4622 in
3346 4571 3550 4628 mundo

1963 4654 2302 4723 splendidum
2354 4665 2569 4725 putent,
2623 4657 2853 4728 gloriam
2910 4658 3196 4726 irrideant,
3232 4662 3547 4718 divitiarum

1964 4752 2239 4801 torrentes
2293 4746 2622 4816 despiciant,
2669 4748 2913 4817 corporis
2954 4749 3412 4817 pulchritudinem
3449 4770 3549 4809 cett

1914 4878 1930 4893 .
1960 4835 2146 4891 liorem
2204 4837 2474 4893 caducum
2530 4848 2801 4908 spectent,
2848 4855 2913 4895 ne
2956 4841 3141 4910 inopes
3198 4844 3437 4913 doleant,
3482 4861 3551 4901 ne

1961 4924 2147 4993 egroti
2170 4939 2313 4995 a'gre
2338 4926 2538 4993 ferant,
2576 4938 2634 4982 ut
2666 4927 2777 4983 laesi
2809 4931 3103 5000 gaudeant,
3128 4933 3343 5001 spoliati
3371 4933 3555 4989 laten-

1962 5024 2073 5081 tur,
2103 5014 2319 5071 fortiter
2342 5034 2617 5075 aerumnas
2639 5021 2891 5086 tolerent,
2924 5034 3081 5078 orent
3118 5039 3217 5094 pro
3246 5025 3550 5082 adversan-

1960 5109 2133 5172 tibus,
2173 5108 2501 5164 benedicant
2560 5112 3035 5179 maledicentibus,
3077 5126 3240 5186 atque
3278 5118 3553 5174 omnimo-

1968 5200 2113 5266 dam,
2142 5210 2201 5255 ut
2222 5202 2393 5257 semel
2420 5204 2621 5271 dicam,
2656 5206 3053 5277 philosophiam
3085 5220 3388 5265 sectentur.
3425 5208 3553 5269 Haec

1957 5380 2120 5458 situm
2160 5391 2318 5458 recte
2358 5384 2694 5457 exemplum,
2738 5401 2845 5457 quo
2888 5402 3144 5458 perverse
3186 5389 3553 5447 abutebantur

1960 5450 2375 5526 Menophysita.

2028 5524 2104 5595 (5)
2148 5524 2435 5598 Sapienter
2475 5524 2618 5598 ha_nc
2658 5527 2925 5583 cautelam
2970 5540 3091 5598 post
3132 5538 3289 5585 natos
3329 5546 3550 5587 errores

1953 5594 2204 5670 exposcit
2234 5594 2498 5670 Cyrillus:
2522 5596 2735 5670 Etenim
2756 5599 2928 5670 paulo
2961 5594 3087 5655 ante
3118 5600 3416 5670 Gregorius
3450 5600 3550 5656 Na-

1954 5665 2439 5739 gianzenugorat.
2468 5666 2559 5731 58,
2588 5668 2676 5731 l3,
2706 5665 2795 5724 ed.
2824 5671 3052 5736 noviss.,
3086 5682 3122 5724 ι.
3154 5672 3196 5734 I,
3226 5665 3276 5739 5.
3306 5673 3433 5737 67!,
3460 5675 3553 5727 ad-

1954 5734 2060 5815 huc
2086 5736 2363 5815 scribebat
2387 5738 2453 5791 de
2482 5734 3069 5815 operejncarnationis
3094 5760 3107 5796 :
3133 5743 3197 5795 Ὢ
3222 5734 3321 5813 τῆς
3349 5734 3549 5815 καινῆς

1957 5802 2157 5874 μίξεως
2184 5808 2196 5859 l
2227 5804 2273 5859 ὣ
2302 5807 2400 5878 τῆς
2432 5802 2738 5880 παραδόξου
2771 5812 3061 5883 κράσεωςί
