3926 6478
156 501 190 555 Ι
208 501 325 555 8⁸77

166 703 452 772 γενέσθαι
494 701 661 768 Θεὸς,
699 702 792 753 καὶ
832 700 892 753 τὸ
937 694 1074 752 εἶναι
1128 693 1292 749 εἰκὼν
1336 692 1473 747 Θεοῦ
1530 708 1777 764 προσαπ-

160 792 386 847 «ὒλεσε.

160 906 314 960 AE'.
360 907 493 958 Ὀτι
530 904 648 975 χρὴ
688 903 983 958 Θεοτόκον
1029 899 1129 953 καὶ
1178 897 1635 967 ἀνθρωποτόκον
1681 894 1783 950 λέ-

918 988 1065 1042 τείν.

254 1085 455 1138 Τοίνυν
492 1085 621 1154 περὶ
664 1084 763 1155 τὴν
818 1083 1098 1151 θεολογίαν
1149 1082 1340 1153 μηδεὶς
1390 1080 1649 1135 ἀπιστίαν
1693 1097 1780 1134 νο-

172 1176 373 1243 σείτω,
425 1177 612 1247 μηδεὶς
665 1177 789 1247 περὶ
819 1177 919 1245 τὴν
946 1174 1260 1245 οξκονομξαν
1299 1174 1607 1244 χωλευέτω,
1645 1174 1782 1227 ἀλλὰ

167 1268 276 1320 τὸν
312 1270 374 1321 ὲκ
406 1267 685 1339 Παρθένου
712 1267 1039 1337 γεννηθέντα
1074 1268 1329 1339 Χριστὸν,
1360 1267 1493 1319 Θεὸν
1520 1266 1655 1337 ὁμοῦ
1689 1267 1781 1321 καὶ

169 1360 480 1430 ἄνθρωπον
514 1359 843 1430 ὀμολογείτω
883 1360 1006 1413 καθ’
1039 1360 1303 1429 ἑκάτερον
1326 1377 1338 1390 ο
1366 1358 1453 1412 διὰ
1486 1359 1645 1412 τοῦτο
1672 1358 1781 1429 γὰρ

172 1451 286 1503 καὶ
314 1451 578 1515 Θεοτὸκος
609 1452 703 1503 καί
733 1451 1146 1521 ἀνθρωποτόκος
1174 1452 1249 1521 (l)
1278 1452 1309 1521 ἡ
1346 1451 1474 1518 ἁγία
1506 1451 1782 1521 Παρθένος

171 1544 296 1597 ὑπὸ
327 1544 433 1597 τῶν
463 1549 561 1614 τῆς
602 1544 883 1607 εὐσεϐείας
915 1542 1249 1595 διδασκάλων
1278 1544 1777 1613 προσαγορεύεται·

168 1635 346 1691 τοῦτο
378 1638 476 1707 μὲν
506 1637 581 1713 ᾡς
625 1637 785 1704 φύσει
818 1635 908 1687 τὸν
934 1633 1147 1705 [δούλῳ]
1184 1636 1399 1687 ἐοικότα
1433 1636 1743 1705 γεννήσασα
1764 1651 1777 1664 ·

169 1731 366 1783 ἐκεῖνο
393 1728 472 1792 δὲ,
508 1727 582 1790 ὼς
604 1729 703 1798 τῆς
732 1726 823 1780 τοῦ
855 1727 1043 1779 δούλου
1092 1728 1330 1797 μορφῆς,
1378 1729 1471 1781 καὶ
1502 1726 1637 1780 Θεοῦ
1683 1727 1780 1797 τὴν

173 1818 402 1889 μορφὴν
442 1819 727 1889 ἡνωμένην
758 1818 988 1888 ἐχούσης
1068 1817 1211 1872 οὕτω
1245 1820 1334 1872 διὰ
1361 1820 1636 1889 θεολογίας
1686 1822 1781 1875 καὶ

168 1910 497 1980 οἰκονομίας
536 1910 626 1963 τὸν
657 1910 718 1963 τὸ
761 1911 1061 1981 μυστήριον
1100 1912 1232 1981 ἡμῖν
1266 1910 1326 1963 τὸ
1356 1914 1779 1983 ἀποκεκρυμμέο

168 2020 271 2056 νον
303 2003 649 2073 γνωρίσαντα
689 2004 1111 2073 ἀνυμνήσωμεν,
1143 2005 1237 2056 καὶ⁹
1278 2004 1365 2057 διὰ
1406 2004 1505 2074 τῆς
1534 2004 1629 2057 τοῦ
1662 2006 1775 2075 βίου

171 2091 559 2162 καθαρότητος
586 2091 749 2155 ναοὺς
796 2093 1024 2155 ἑαυτοὺς
1052 2092 1130 2163 τῷ
1168 2092 1287 2162 Θεῷ
1331 2096 1772 2149 κατασκευάσαν-

168 2200 271 2246 τας
322 2184 422 2251 (Ξ),
474 2184 679 2237 ἐνοικον
724 2184 885 2236 αὑτὸν
920 2184 1212 2254 λάϐωμεν·
1251 2186 1346 2239 καὶ
1394 2188 1516 2247 ταῖς
1561 2187 1779 2239 ἀκτῖσιν

171 2273 348 2327 αὑτοῦ
385 2274 766 2344 φωτιζόμενοι,
811 2274 887 2337 ὡς
933 2276 990 2326 ὲν
1020 2275 1203 2346 ἡμέρα
1231 2276 1585 2347 εὐσχημόνως
1619 2294 1779 2345 περι-

164 2366 537 2434 πατήσωμεν,
596 2365 1019 2434 προσδεχόμενοι
1088 2366 1186 2436 τὴν
1237 2367 1520 2437 μακαρίαν
1584 2366 1777 2420 ἐλπίδα

169 2455 275 2509 καὶ
299 2456 624 2523 ἐπιφάνειαν
653 2456 753 2525 τῆς
778 2456 939 2526 δόξης
977 2455 1072 2509 τοῦ
1116 2457 1351 2526 μεγάλου
1379 2456 1514 2510 Θεοῦ
1547 2458 1640 2510 καὶ
1672 2459 1778 2510 Et.»

166 2546 349 2617 τῆρος
396 2547 552 2616 ἡμῶν
608 2546 783 2616 Ἰησοῦ
814 2548 1072 2617 Χριστοῦ,
1108 2550 1226 2617 μεθ’
1270 2544 1332 2603 οὗ
1363 2548 1439 2618 τῷ
1470 2551 1643 2621 Πατρὶ
1679 2552 1776 2604 σὺν

167 2640 253 2709 τῷ
302 2639 443 2708 ἁγίῳ
477 2639 757 2710 Πνεύματι
784 2640 909 2705 δόξα
944 2642 1037 2694 καὶ
1082 2642 1279 2712 κράτος
1310 2642 1389 2703 εις
1419 2641 1544 2703 τοὺς
1570 2640 1775 2704 αἰῶνας

168 2732 286 2785 τῶν
314 2731 547 2785 αἰώνων.
598 2732 791 2803 Ἀμήν.

247 2913 296 2945 "
324 2912 482 2968 Rom.
512 2928 633 2982 xm,
659 2916 744 2971 l5.
825 2918 839 2949 ¹
879 2917 1029 2973 Tit."
1068 2918 1199 2981 ,15.

248 3094 329 3163 (1)
371 3091 643 3164 Recte,_si
682 3100 974 3164 utrumque
1011 3091 1174 3164 simul
1209 3091 1490 3164 epitheton
1528 3109 1765 3164 pronun-

168 3160 372 3227 tietur;
413 3162 620 3233 peperit
655 3162 797 3217 enim
840 3161 1003 3216 Maria
1049 3160 1326 3216 Christum
1376 3160 1541 3217 Deum
1578 3174 1633 3217 et
1675 3165 1766 3217 lto-

92 3240 97 3247 '
169 3232 615 3289 Ininem.’Secus
654 3242 865 3296 autem,
902 3233 945 3286 si
988 3234 1191 3287 omisSU
1224 3233 1521 3298 Θεοτόκος,
1558 3236 1769 3287 dicatur

170 3304 552 3375 tantummodo
574 3301 1011 3374 ἀνθρωποτόκος,
1035 3303 1087 3357 in
1114 3302 1495 3358 Nestorinuam
1521 3305 1768 3375 blasphe-

169 3376 342 3429 miam
373 3374 611 3429 incidere
652 3387 873 3428 necesse
902 3384 1004 3427 est.

1372 488 1460 539 DE
1503 477 2025 537 ΙΜΛΗΝΛῚΊΟΝΕ
2067 482 2323 535 υΟΜΙΝΙ.

147 612 274 667 Θεν
308 619 336 666 ὀ
364 608 663 682 προπάτωρ
712 607 879 678 Ἀδάμ
898 624 911 637 °
943 605 1035 660 xui.
1064 602 1172 675 γὰρ
1210 602 1414 663 ἐκεῖνος
1442 599 1776 670 ἐπιθυμήσας

1893 612 2111 669 quoque
2188 597 2510 653 excidamus
2563 614 2577 651 :

3347 483 3489 543 H78

2631 600 2776 666 quod
2859 600 3177 667 progenitor
3244 603 3491 657 Adamus

1888 707 2086 761 passus
2115 700 2219 755 est,
2246 692 2337 760 qui
2370 693 2497 745 dum
2528 690 2673 746 Deus
2701 690 2816 747 ﬁeri
2857 694 3033 760 cupit,
3061 703 3117 745 ut
3146 693 3327 762 imago
3352 709 3488 763 quo-

1883 796 1991 852 que
2027 781 2119 837 Dei
2148 792 2293 837 esset
2328 781 2533 836 amisit.

1883 896 2103 953 XXXV.
2143 897 2299 964 Quod
2339 907 2540 964 oportet
2579 896 2677 951 Dei
2707 905 2751 949 et
2791 898 3021 951 hominis
3052 907 3277 953 matrem
3310 899 3489 953 dicere

2362 972 2636 1039 (sanctam
2678 966 2999 1038 Virginem.)

1957 1082 2102 1153 Ergo
2153 1082 2205 1135 in
2257 1080 2532 1151 theologia
2585 1094 2748 1135 nemo
2800 1078 3192 1137 incredulitate
3250 1081 3484 1149 laboret,

1885 1187 2047 1227 nemo
2079 1172 2224 1227 circa
2251 1170 2648 1225 incarnationis
2680 1171 3005 1242 mysterium
3053 1171 3345 1241 claudicet,
3391 1176 3486 1231 sed

1885 1282 1948 1321 ex
1989 1265 2211 1335 Virgine
2240 1275 2428 1319 natum
2461 1264 2765 1329 Christum,
2797 1266 2965 1319 Deum
3008 1266 3173 1321 simul
3216 1276 3271 1323 et
3308 1270 3489 1324 homi-

1887 1376 2009 1415 nem
2065 1358 2409 1414 conﬁteatur.
2466 1357 2761 1427 Propterea
2794 1358 2940 1413 enim
2986 1368 3160 1414 mater
3202 1371 3259 1416 et
3310 1360 3404 1418 Dei
3432 1374 3490 1418 et

1888 1452 2129 1506 hominis
2189 1460 2377 1503 sancta
2417 1449 2581 1519 Virgo
2632 1466 2661 1503 ει
2695 1462 2859 1505 rectae
2893 1451 3173 1521 religionis
3210 1455 3489 1522 magistris

1886 1543 2193 1611 appellatur
2224 1558 2238 1605 ;
2273 1541 2375 1595 hoc
2410 1539 2656 1609 quidem,
2710 1541 2839 1609 quia
2894 1542 3219 1597 naturaliter
3242 1560 3365 1599 eum
3392 1546 3487 1614 qui

1885 1636 1938 1689 in
1971 1637 2141 1688 forma
2182 1634 2326 1706 seryi
2363 1642 2480 1686 crat
2515 1632 2736 1701 genuit;
2770 1633 2900 1687 illud
2940 1644 3148 1699 autem,
3188 1637 3312 1703 quia
3342 1638 3487 1693 servi

1886 1726 2057 1780 forma
2120 1725 2349 1778 lormam
2409 1726 2501 1779 Dei
2537 1728 2747 1778 unitum
2802 1725 2988 1781 habet.
3023 1728 3201 1795 Atque
3251 1729 3322 1781 ita
3360 1745 3486 1784 eum

1888 1819 2195 1885 laudemus,
2239 1819 2331 1887 qui
2395 1833 2490 1885 per
2545 1818 2870 1887 theologiam
2916 1830 2970 1871 et
3021 1819 3486 1889 dispensationem

1886 1913 2211 1983 mysterium
2252 1912 2409 1966 nobis
2441 1910 2821 1965 absconditum
2860 1913 3140 1967 revelavit.
3187 1913 3324 1967 Tum
3357 1931 3487 1971 vero

1883 2008 2006 2059 vitae
2053 2006 2289 2074 puritate
2322 2005 2519 2074 templa
2577 2015 2792 2059 nosmet
2826 2005 2919 2059 Dei
2959 2006 3291 2071 efﬁcientes,
3325 2011 3488 2063 hahi-

1883 2107 2117 2152 latorem
2163 2099 2412 2152 eumdem
2476 2100 2864 2153 nanciscamur
2897 2118 2908 2153 :
2941 2099 3171 2170 ejusque
3223 2102 3486 2171 splendo-

1879 2192 2030 2245 ribus
2097 2192 2410 2258 illuminati,
2477 2194 2619 2247 sicut
2676 2195 2731 2249 ln
2798 2194 2888 2250 die
2944 2197 3175 2251 honeste
3241 2198 3489 2251 ambule-

1880 2286 2096 2348 qus”,
2160 2295 2550 2353 exspectantes
2609 2286 2829 2340 beatam
2877 2304 3027 2357 spem
3082 2300 3134 2342 et
3188 2292 3485 2344 adventum

1884 2376 2069 2443 gloria:
2120 2377 2297 2444 magni
2365 2376 2459 2429 Dei
2497 2378 2882 2434 etSalvatoris
2910 2380 3083 2435 nostri
3142 2381 3269 2437 Jesu
3322 2382 3487 2438 Chri-

1883 2467 1950 2521 sti
1988 2468 2031 2530 ¹,
2066 2484 2186 2521 cum
2220 2483 2325 2536 quo
2354 2467 2499 2523 Patri
2555 2486 2771 2539 unaque
2802 2482 2995 2527 sancto
3036 2473 3267 2543 Spiritui
3309 2474 3485 2544 gloria

1880 2568 1935 2613 et
1963 2562 2203 2627 potentia
2243 2560 2296 2614 in
2333 2560 2528 2615 saecula
2574 2563 2925 2619 saeculorum.
2964 2566 3167 2620 Amen.

1946 3092 2024 3168 (ἓ)
2069 3093 2157 3149 Sic
2198 3096 2359 3151 etiam
2398 3097 2691 3168 prmdictus
2731 3093 2951 3168 Niretas
2989 3106 3280 3152 tractatum
3321 3113 3479 3152 suum

1876 3164 1953 3219 De
1984 3164 2187 3229 Spiritu
2219 3164 2409 3222 saneto
2435 3170 2743 3230 concludit,
2777 3183 2830 3234 ιι.
2858 3167 2964 3222 59.9
2998 3185 3009 3220 :
3042 3180 3089 3222 et
3121 3169 3363 3222 deinceps
3393 3187 3483 3234 pa-

1878 3252 1987 3308 rem
2025 3248 2071 3287 et
2108 3238 2443 3293 dilectionem
2480 3248 2779 3304 sectantes,
2816 3240 2964 3293 bonis
3001 3255 3205 3308 semper
3236 3241 3479 3308 operibus

1878 3307 2223 3375 abundemns,
2259 3322 2362 3365 etc-
