4048 6432
1462 445 1517 498 S.
1560 444 1833 498 CYBILLI
1881 443 2343 496 ALEXANDIUN
2386 443 2705 494 MlL'ﬂlEl’.

475 586 562 621 res
592 578 800 632 vestra,
830 565 953 634 quia
995 564 1218 619 audiunt
1258 566 1293 618 '.
1331 582 1347 614 ι
1383 564 1561 633 Neque
1597 573 1773 616 tamen
1812 573 2035 615 conatus

2147 561 2185 611 υί
2230 559 2531 630 ὀφθαλμοὶ,
2575 558 2657 611 δτι
2697 556 2987 626 βλέπουσι,
3034 554 3126 609 καὶ
3168 556 3234 608 τὰ
3266 548 3379 608 ὦτα
3428 554 3600 625 ὑμῶν,
3632 556 3713 606 ὅτι

476 659 856 711 detrectandns
894 656 1047 709 nobis
1088 663 1211 720 est;
1258 653 1350 707 sed
1380 653 1431 706 in
1480 655 1593 721 ipso
1618 652 1837 706 Christo
1881 665 2032 717 spem

473 745 824 809 collocantes,
852 744 1064 797 labores
1088 744 1255 796 etiam
1298 740 1503 793 viribus
1547 739 1746 793 nostris
1799 735 2032 805 majores

474 838 848 909 aggrediemur
872 875 886 899 ,
917 833 1215 888 certissima
1254 832 1446 886 fiducia
1473 828 1667 894 erecti,
1700 829 1848 881 illum
1880 826 2035 881 nobis

480 928 788 981 adfuturum
813 935 868 979 et
900 924 1133 993 Spiritus
1166 923 1339 977 sancti
1371 918 1807 990 prmlustratione
1842 916 1907 969 ad
1945 930 2035 969 ve-

478 1018 651 1072 ritatis
680 1016 1043 1070 inventionem
1077 1014 1385 1066 ducturum.
1418 1008 1625 1078 Scopus
1659 1008 1801 1059 enim
1835 1016 2034 1059 nostra:

474 1108 739 1175 orationis
777 1114 859 1160 est
901 1105 1083 1158 dicere
1148 1102 1290 1171 quod
1324 1099 1483 1154 Iesus
1517 1100 1589 1152 sit
1629 1097 1905 1151 Dominus.
1947 1095 2035 1148 Di-

474 1216 655 1255 cemus
679 1207 855 1251 autem
887 1196 939 1249 id
971 1194 1192 1249 omnino
1223 1192 1274 1245 in
1308 1189 1514 1260 Spiritu
1539 1198 1770 1251 sancto;
1797 1189 1869 1240 ita
1890 1187 2034 1239 enim

478 1289 669 1342 Paulus
722 1287 797 1339 ait
843 1303 856 1340 :
896 1301 914 1334 ι
949 1280 1115 1336 Nemo
1156 1288 1328 1349 potest
1380 1279 1579 1340 dicere,
1619 1278 1740 1347 quia
1777 1277 2034 1330 Dominus

472 1379 649 1442 Jesus,
687 1377 789 1429 nisi
813 1377 864 1428 in
894 1374 1097 1441 Spiritu
1136 1383 1324 1425 sancto
1348 1372 1387 1422 '.
1417 1388 1434 1419 ι
1463 1368 1597 1422 Cum
1627 1370 1767 1421 enim
1789 1364 2034 1419 nonnulli

475 1490 578 1526 nou
615 1478 902 1523 vereantur
924 1467 975 1519 in
998 1463 1278 1517 Beelsebul
1313 1462 1494 1515 dicere
1519 1462 1806 1513 anathema
1832 1456 2034 1521 Iesum,

474 1564 807 1632 Scripturatn
834 1574 1067 1620 sacram,
1110 1572 1215 1623 quo
1273 1554 1404 1622 ipsis
1434 1552 1643 1606 libitum
1684 1559 1789 1615 est,
1839 1550 2038 1603 distor-

475 1664 724 1723 quentes,
745 1662 793 1708 et
823 1665 915 1703 sua
947 1650 1181 1717 ipsorum
1212 1644 1406 1713 placita
1445 1642 1678 1711 Spiritus
1710 1639 1883 1693 sancti
1916 1652 2039 1693 ora-

476 1746 611 1798 culis
634 1750 1042 1811 anteponentes,
1078 1752 1138 1790 ac
1175 1736 1457 1789 Dominum
1499 1732 1586 1801 qui
1627 1733 1771 1801 ipsos
1813 1730 2040 1785 redemit

476 1839 823 1901 abnegantes,
865 1840 921 1882 ut
959 1828 1237 1896 Scriptura
1292 1824 1533 1891 loquitur
1561 1822 1580 1852 '
1614 1839 1627 1875 :
1668 1820 2033 1875 necessarium

476 1926 633 1995 plane
669 1922 905 1989 utileque
949 1928 1003 1971 et
1033 1917 1362 1970 conveniens
1401 1912 1736 1977 censuimus,
1770 1918 1864 1963 tuo
1901 1924 2036 1963 con-
2072 1896 2113 1952 Β

476 2016 595 2070 silio
626 2023 788 2081 atque
821 2011 1057 2070 hortatu,
1088 2006 1157 2059 mi
1190 2005 1374 2069 frater,
1410 2006 1551 2057 hanc
1578 2001 2035 2065 dissertationem,

476 2121 596 2175 quae
636 2118 842 2172 magna:
872 2100 925 2153 in
954 2109 1229 2167 posterum
1265 2094 1515 2149 utilitatis
1544 2092 1758 2147 occasio
1786 2090 2041 2145 Ecclesiae

478 2198 655 2251 futura
704 2204 806 2258 est,
853 2200 1164 2253 contexere,
1216 2197 1271 2241 et
1324 2186 1390 2239 ad
1441 2185 1649 2251 singula
1696 2198 1815 2252 quae
1855 2183 1923 2234 ab
1961 2182 2041 2234 eis

478 2293 792 2357 quaeruntur
820 2291 874 2335 et
902 2280 1255 2348 objiciuntur,
1290 2277 1597 2332 summatim
1629 2290 1692 2329 ac
1739 2291 1834 2345 per
1863 2274 2038 2342 capita

478 2374 826 2444 respondere.
856 2370 986 2436 Qum
1011 2370 1225 2438 quidem
1260 2368 1548 2423 lectoribus
1584 2382 1689 2420 non
1724 2381 1901 2433 parva:
1936 2364 2041 2417 nti—

477 2464 614 2519 litati
635 2462 748 2515 fore
774 2460 1049 2516 existimo.
1076 2458 1351 2528 Multiplex
1378 2460 1523 2512 enim
1558 2471 1623 2511 ac
1648 2454 2001 2511 multiformis
2023 2495 2038 2520 ,

476 2567 537 2611 ut
577 2558 651 2610 ita
698 2555 899 2618 dicam,
945 2561 1029 2607 est
1060 2551 1114 2603 in
1149 2550 1263 2604 Arii
1314 2558 1367 2603 et
1415 2544 1659 2602 Eunomii
1703 2545 2042 2616 dogmatibus

475 2663 652 2712 error,
696 2648 972 2714 variisque
1002 2644 1178 2697 modis
1206 2641 1452 2697 veritatis
1479 2638 1706 2695 formam
1734 2637 1921 2693 fucant
1958 2647 2043 2692 at-

478 2754 582 2809 que
630 2737 958 2791 adulteram.
991 2731 1456 2800 Quemadmodum
1493 2730 1637 2784 enim
1683 2728 2043 2783 meretricula

481 2832 555 2885 rei
589 2830 757 2901 ipsius
793 2827 1184 2897 turpitudinem
1220 2834 1339 2879 arte
1370 2823 1744 2891 industriaque
1771 2821 2043 2876 occultare

477 2932 755 2991 putantes,
797 2927 995 2973 ornant
1042 2929 1183 2980 sese,
1232 2914 1463 2983 fucoque
1498 2912 1769 2977 oblinunt,
1816 2913 2042 2981 aliisque

480 3016 529 3070 id
555 3027 718 3084 genus
742 3009 1077 3067 ornamentis
1107 3006 1385 3073 adhibitis,
1414 3006 1721 3075 speciosum
1764 3006 2041 3059 interitum

478 3102 817 3160 cernentium
868 3098 1039 3154 oculis
1066 3096 1374 3165 objiciunt:
1416 3095 1604 3151 eadem
1640 3095 1801 3164 plane
1835 3095 2044 3149 ratione

478 3195 852 3249 lizcreticorum
912 3203 1194 3245 sermones
1238 3187 1497 3241 uitiosos
1546 3185 1778 3241 fucatam
1826 3186 2043 3256 pietatis

479 3288 707 3340 formam
737 3300 842 3353 prre
872 3298 927 3337 se
956 3282 1097 3335 ferre
1122 3280 1329 3348 judico,
1360 3294 1519 3347 quam
1550 3280 1765 3347 quidem
1796 3279 2043 3334 veritatis

480 3376 662 3430 verbis
695 3387 964 3428 exornare
999 3378 1290 3433 conantur,
1323 3383 1443 3421 cum
1472 3366 1620 3421 nullo
1653 3368 1810 3419 modo
1842 3366 2045 3420 verita-

482 3481 588 3523 tem
622 3465 923 3539 proferant,
951 3462 1042 3515 sed
1072 3474 1291 3515 exosam
1323 3459 1430 3511 Deo
1459 3458 1791 3523 impietatem
1823 3457 2045 3510 menda-

480 3560 548 3612 cii
597 3557 810 3627 plenam
842 3556 893 3607 in
931 3561 1152 3623 pectore
1186 3560 1398 3621 gerant.
1430 3549 1697 3603 Ceterum
1732 3547 1823 3617 qui
1862 3546 2046 3603 solerti

479 3649 706 3704 rationis
737 3644 1005 3701 industria
1027 3651 1260 3697 mentem
1288 3640 1684 3703 communiunt,
1706 3652 2045 3708 nequaquam

478 3741 692 3795 illorum
741 3736 1083 3792 sermonibus
1118 3736 1428 3803 capiuntur,
1472 3730 1566 3786 sed
1610 3744 1752 3785 vera:
1792 3731 2048 3783 sincera:-

478 3847 583 3902 que
624 3830 745 3884 fidei
785 3828 1059 3882 mordicus
1100 3824 1467 3891 adhtcrentes,
1516 3822 1586 3877 de
1639 3823 1832 3892 seipsis
1866 3821 2050 3875 conci-

479 3930 638 3987 nunt,
666 3920 909 3973 dicentes
942 3936 955 3971 :
988 3936 1005 3967 ι
1036 3916 1367 3971 Benedictus
1402 3914 1663 3970 Dominus
1690 3913 1782 3983 qui
1813 3928 1919 3967 non
1952 3914 2048 3967 de-

480 4012 560 4065 dit
586 4025 683 4065 nos
710 4010 764 4063 in
798 4008 1103 4077 captionem
1134 4006 1384 4060 dentibus
1407 4020 1592 4059 eorum
1611 4004 1654 4060 ⁸.
1694 4023 1710 4057 ι
1736 4004 1919 4059 Visum
1950 4004 2051 4058 ita-

480 4117 585 4170 que
631 4100 787 4156 nobis
836 4106 920 4153 cst
960 4112 1079 4168 quae
1125 4110 1324 4166 magno
1368 4097 1549 4151 studio
1592 4096 2045 4165 comparavimns,

482 4204 796 4261 congerere,
848 4203 1023 4258 neque
1050 4202 1179 4241 vero
1210 4189 1311 4240 ulla
1345 4188 1555 4241 ratione
1584 4202 1891 4241 sermonem
1918 4201 2051 4241 con-

484 4282 732 4345 tundere,
758 4279 851 4333 sed
879 4278 1057 4349 potius
1080 4278 1366 4332 distinctas
1396 4278 1447 4330 in
1472 4276 1685 4347 singula
1719 4280 1895 4345 capita
1925 4291 2051 4345 pro-

484 4373 731 4426 bationes
765 4370 1131 4423 continentem
1166 4382 1457 4436 exponere.
1488 4368 1539 4437 3
1569 4368 1639 4420 lta
1670 4368 1815 4421 enim
1854 4367 1965 4433 fiet,
1996 4377 2053 4422 ut
2088 4438 2095 4441 _

483 4477 669 4518 eorum
712 4460 902 4529 qumin
934 4460 1038 4513 hoc
1060 4472 1228 4528 opere
1264 4468 1587 4522 tractantur,
1620 4458 1853 4527 cognitio
1883 4461 2051 4529 magis

2137 651 2443 705 ἀκούουσιν.
2474 671 2490 699 ι
2536 650 2650 703 Οὐκ
2700 649 2955 719 ὀκνητέον
3002 648 3047 701 δ’
3092 644 3186 702 οὖν
3232 649 3381 718 ὅμως
3435 648 3570 717 πρὸς
3616 646 3713 714 τὴν

2136 742 2474 812 ἐγχείρησιν·
2520 741 2633 793 ἀλλ’
2664 742 2751 794 ἐπ’
2784 739 2932 809 αὐτῷ
2964 739 3060 810 τὴν
3102 738 3289 791 ἐλπίδα
3334 737 3606 806 τιθέμενοι
3638 736 3715 805 τῷ

2143 831 2383 902 Χριστῷ,
2415 831 2508 885 καὶ
2536 831 2641 884 τῶν
2673 831 2814 900 ὺπέρ
2842 830 3074 900 δύναμιν
3108 829 3357 898 ἀψόμεθα
3397 830 3593 893 ⁴ιτόνων,
3634 828 3713 880 δτι

2142 923 2523 993 συμπαρέπεταί
2570 923 2662 974 καὶ
2703 923 3106 991 χειραγωγήσει
3139 921 3258 980 ταῖς
3287 919 3379 971 τοῦ
3410 918 3714 987 πνεύματος

2138 1013 2441 1082 δᾳδουχίαις
2480 1012 2571 1065 ἐπὶ
2614 1011 2710 1082 τὴν
2755 1012 2855 1081 τῆς
2888 1010 3145 1079 ἀληθείας
3197 1009 3412 1080 εὕρεσιν
3446 1008 3715 1061 ἁνενδοιάο

2141 1123 2279 1167 στως
2318 1105 2683 1167 πιστεύοντες.
2731 1102 2940 1164 Σκοπὸς
2984 1101 3094 1172 γὰρ
3159 1102 3333 1153 εἰπεῖν
3384 1102 3465 1153 ὅτι
3515 1098 3717 1169 Κύριος

2152 1196 2378 1267 Ἰησοῦς.
2420 1194 2681 1264 Ἐροῦμεν
2710 1193 2764 1247 δέ
2794 1193 3013 1257 πάντως
3040 1194 3118 1245 δτι
3152 1194 3208 1244 ἐν
3239 1192 3376 1262 ἁγίῳ
3406 1191 3681 1260 Πνεῦματι
3702 1208 3713 1219 ·

2138 1292 2279 1344 οὕτω
2318 1290 2423 1361 γὰρ
2464 1293 2491 1342 ό
2525 1289 2735 1351 Παῦλός
2767 1304 2961 1357 φησιν’
3006 1305 3023 1338 ι
3058 1286 3245 1349 Οὐδεὶς
3286 1286 3504 1338 δύναται
3544 1285 3720 1337 είπεῖν

2138 1383 2217 1435 ὅτι
2252 1381 2454 1450 Κύριος
2510 1379 2751 1449 Ἰησοῦς,
2805 1380 2852 1431 εί
2934 1380 3007 1450 μὴ
3059 1380 3116 1430 ἐν
3168 1377 3444 1447 Πνεύματι
3498 1378 3659 1446 ἁγίῳ.
3695 1394 3713 1425 ι

2150 1472 2368 1542 Ἐπειδὴ
2410 1472 2518 1541 γάρ
2568 1488 2711 1531 τινες
2758 1471 2815 1521 ἐν
2848 1468 3179 1531 Βεελζεόοὺλ
3215 1470 3315 1520 οὐκ
3368 1466 3719 1536 αίσχύνονται

2140 1560 2317 1628 λέγειν
2351 1560 2598 1629 ἀνάθεμα
2636 1559 2861 1628 Ἰησοῦν,
2892 1558 2989 1619 τὰς
3036 1557 3132 1626 μὲν
3183 1557 3360 1618 θείας,
3407 1556 3542 1623 πρὸς
3584 1556 3721 1625 ὅπερ

2140 1650 2208 1705 ἃν
2242 1651 2421 1713 αὐτοῖς
2445 1649 2636 1715 δόξειε,
2671 1648 3117 1718 παρατρέποντες
3146 1648 3387 1717 Γραφάς,
3416 1647 3523 1700 τῶν
3550 1647 3603 1700 δὲ
3626 1644 3721 1699 τοῦ

2142 1743 2279 1795 Πνεύ
2290 1759 2454 1813 ματος
2485 1741 2698 1808 λογίων,
2723 1740 2780 1791 τὸ
2810 1740 2867 1803 ἐξ
2897 1740 3108 1790 οίκείων
3143 1736 3461 1807 θελημάτων
3491 1737 3723 1807 προτάτ-

2140 1849 2321 1895 τοντες
2356 1832 2583 1900 κίνημα,
2614 1831 2707 1882 καὶ
2732 1830 2820 1881 τὸν
2850 1828 3195 1895 ἀγοράσαντα
3223 1828 3419 1889 αὐτοὺς
3449 1828 3724 1895 Δεσπότην

2142 1923 2484 1995 ἀρνούμενοι,
2524 1920 2670 1975 καθά
2704 1920 3048 1990 γέγραπται⁹
3081 1919 3377 1985 ἀναγκαῖον
3424 1919 3558 1989 όμοῦ
3595 1920 3725 1990 χρή-

2138 2014 2303 2084 σιμόν
2357 2030 2415 2066 τε
2458 2011 2557 2065 καὶ
2605 2011 2815 2082 πρέπον
2868 2009 3233 2078 ἐλογισάμεθα
3284 2011 3425 2062 κατά
3482 2009 3579 2080 τὴν
3625 2010 3725 2080 σὴν

2143 2102 2448 2174 ὑπόμνησίν
2477 2118 2537 2154 τε
2576 2100 2671 2153 καὶ
2700 2099 3035 2170 προτροπὴν,
3066 2097 3283 2166 ἀδελφέ,
3314 2100 3426 2161 τοῖς
3466 2098 3563 2167 τῆς
3598 2098 3723 2151 Ἐκ-

2140 2193 2370 2264 κλησίας
2394 2192 2622 2259 τέκνοις,
2655 2191 2753 2260 τῆς
2776 2190 2855 2252 είς
2880 2189 2941 2241 τὸ
2970 2189 3159 2258 μέλλον
3183 2188 3445 2257 ὠφελείας
3470 2188 3725 2241 ὑπόθεσιν

2141 2281 2402 2349 ἐξυφῆναι
2448 2279 2539 2332 τὸν
2568 2278 2753 2345 λόγον·
2786 2277 2879 2330 καὶ
2909 2278 2990 2339 είς
3032 2276 3237 2335 ἕκαστα
3266 2277 3372 2328 τῶν
3421 2280 3553 2347 παρ’
3582 2279 3727 2330 ἐκεί-

2142 2388 2252 2433 νοις
2303 2368 2651 2440 ζητουμένων
2695 2383 2753 2419 τε
2788 2365 2885 2420 καὶ
2932 2366 3305 2435 κεκινημένων
3342 2362 3728 2435 κεφαλαιωδῶς

2143 2460 2400 2524 ἐξειπεῖν,
2434 2460 2575 2533 ἀπερ
2606 2453 2761 2527 οἶμαι
2803 2456 2937 2528 πρὸς
2983 2457 3317 2521 λυσιτελείας
3347 2458 3565 2512 ἔσεσθαι
3616 2460 3730 2521 τοῖς

2143 2550 2544 2622 ἐντευξομένοις
2584 2550 2645 2603 οὐ
2683 2551 2903 2620 μικρᾶς.
2955 2550 3294 2620 Πολυσχιδὴς
3336 2551 3436 2620 μὲν
3483 2550 3592 2620 γάρ
3631 2550 3730 2603 καὶ

2145 2645 2609 2715 πολυπρόσωπος,
2658 2644 2725 2695 ἵν’
2770 2642 2943 2707 οὕτως
2990 2645 3257 2711 εἴπωμεν,
3302 2644 3478 2714 ἡτῶν
3517 2643 3730 2715 Ἀρείου

2142 2736 2241 2789 καὶ
2272 2734 2536 2805 Εὑνομίου
2569 2733 2853 2804 δογμάτων
2880 2732 3000 2787 ἐστὶ
3032 2736 3228 2806 πλάνη,
3263 2737 3357 2788 καὶ
3381 2736 3642 2800 ποικίλως
3670 2736 3732 2789 τὸ

2142 2827 2240 2899 τῆς
2279 2825 2539 2896 ἀληθείας
2574 2825 2867 2879 πλάττεται
2918 2826 3124 2895 σχῆμα.
3153 2827 3365 2896 Ὠσπερ
3402 2827 3510 2898 γάρ
3553 2826 3623 2880 τὰ
3669 2827 3731 2881 ἐν

2141 2920 2255 2980 τοῖς
2303 2919 2543 2987 γυναίοις
2577 2920 2994 2990 ἐταιριζόμενα,
3040 2919 3102 2971 τὸ
3146 2920 3211 2971 ἐκ
3258 2919 3353 2972 τοῦ
3404 2920 3728 2990 πράγματος

2144 3002 2332 3079 αἶσχος
2372 3011 2491 3071 ταῖς
2532 3010 2591 3075 ἐξ
2636 3011 2876 3074 ἐπινοίας
2908 3009 3187 3079 ἀφανίζειν
3226 3011 3447 3079 οἱόμενα
3488 3010 3728 3080 τέχναις,

2144 3098 2435 3171 ὡραΐζεταί
2478 3118 2537 3153 τε
2578 3101 2673 3154 καὶ
2712 3102 3084 3172 χρισιάζεται,
3126 3101 3218 3154 καὶ
3266 3103 3382 3163 ταῖς
3421 3100 3605 3164 ἀλλαις
3634 3102 3731 3154 τοῦ

2146 3192 2353 3262 κόσμου
2383 3190 2721 3261 προσθήκαις
2761 3192 3207 3263 εὐπρεπεστάτην
3238 3194 3350 3255 τοῖς
3381 3193 3578 3263 ὁρῶσιν
3612 3194 3733 3244 ἐπι-

2146 3281 2379 3335 δεικνύει
2410 3282 2508 3353 τὴν
2545 3280 2818 3336 ἀπώλειαν
2838 3300 2851 3313 ·
2886 3282 2979 3335 τδν
3020 3283 3181 3336 αὐτὸν
3222 3279 3375 3353 οἶμαι
3405 3282 3607 3352 τρόπον
3638 3284 3734 3335 καὶ⁵

2141 3372 2239 3436 τὰς
2268 3371 2539 3445 ὀλεθρίους
2571 3372 2679 3425 τῶν
2707 3372 3156 3444 ἐτεροδοξούντων
3202 3374 3386 3444 φωνὰς
3416 3373 3477 3427 τὺ
3505 3374 3603 3444 τῆς
3643 3373 3735 3426 εὐ-

2146 3465 2359 3529 σεϐείας
2405 3464 2831 3536 σχηματίζεσθαι
2890 3464 3116 3531 κάλλος,
3162 3466 3255 3518 καὶ
3298 3466 3410 3528 τοῖς
3454 3465 3552 3534 τῆς
3595 3464 3733 3535 ἀλη-

2146 3557 2294 3621 θείας
2326 3556 2618 3629 πειρᾶσθαι
2651 3555 3089 3627 περιανθίζεσθαι
3119 3556 3329 3625 λόγοιςο
3364 3555 3602 3627 οὐδαμοῦ
3633 3558 3735 3627 μιν

2145 3645 2332 3699 ὼδῖνον
2377 3645 2477 3717 τὴν
2506 3644 2783 3717 ἀλήθειαν,
2817 3644 3018 3698 ἔσωθεν
3062 3644 3119 3698 st
3170 3648 3562 3717 κεκρυμμένην
3612 3646 3735 3716 ἔγον

2146 3736 2246 3809 τὴν
2273 3736 2382 3790 ἀπὸ
2410 3737 2503 3790 τοῦ
2532 3737 2757 3807 ψεύδους
2787 3736 3250 3809 θεοστυγεστάτην
3278 3738 3552 3792 ἀσέδειαν.
3590 3734 3750 3791 Ἀλλ’

2147 3829 2197 3881 oi
2224 3829 2380 3899 νήψει
2410 3832 2476 3900 τῇ
2512 3831 2629 3884 κατ’
2656 3829 2969 3902 ἐντρέχειαν
3000 3830 3223 3900 λογικὴν
3252 3829 3344 3883 τὸν
3374 3832 3571 3884 οίκεῖον
3604 3832 3736 3883 ἀνα·

2148 3922 2475 3993 τειχίζοντες
2498 3912 2781 3989 νοῦν,’τοῖς
2818 3922 2918 3993 μὲν
2940 3922 3082 3993 παρ’
3104 3923 3335 3976 ἐκείνων
3355 3923 3459 3993 οὐχ
3486 3923 3736 3976 ἁλίσκον-

2148 4031 2239 4069 ται
2269 4014 2469 4084 λόγοις,
2500 4015 2598 4085 τῆς
2630 4015 2687 4068 δέ
2725 4015 2896 4079 ὅντως
2931 4013 3117 4082 ὑγιοῦς
3142 4014 3319 4084 »ἀπρὶξ
3348 4015 3597 4084 ἐχόμενοι
3644 4016 3737 4068 πί-

2151 4120 2359 4170 στεως,
2405 4106 2494 4174 ἐφ’
2539 4106 2753 4168 ἑαυτοῖς
2792 4103 3167 4175 ἀναμέλπουσι
3200 4103 3482 4171 λέγοντες·
3520 4122 3541 4155 ι
3569 4104 3739 4159 Εὐλο-

2149 4196 2313 4266 γητὸς
2348 4196 2555 4267 Κύριος
2598 4196 2656 4261 ὃς
2699 4196 2799 4249 οὐκ
2848 4195 3047 4248 ἔδωκεν
3080 4196 3227 4265 ἡμᾶς
3273 4196 3356 4259 είς
3404 4196 3577 4267 θήραν
3626 4201 3740 4259 τοῖς

2150 4286 2362 4341 ὀδοῦσιν
2402 4287 2599 4341 αὐτῶν.
2633 4305 2652 4339 ι
2681 4285 2865 4352 Ἔδοξε
2909 4286 3090 4339 τοίνυν
3135 4287 3267 4356 ἡμῖν
3309 4287 3376 4341 τὰ
3408 4288 3471 4340 ἐκ
3500 4287 3736 4359 φιλομα-

2154 4378 2305 4443 θείας
2346 4381 2688 4448 συνενεγκεῖν
2719 4380 3029 4450 εὐρήματα,
3072 4380 3167 4432 καὶ
3199 4379 3603 4449 συγκεχυμένον
3637 4381 3739 4450 μὲν

2151 4472 2403 4542 οὐδαμῶς
2440 4471 2711 4525 συνθεῖναι
2741 4472 2830 4524 τὸν
2865 4471 3043 4539 λόγον.
3075 4471 3492 4543 εὐκρινεστέραν
3521 4473 3577 4526 δέ
3609 4475 3739 4543 μᾶλ.

485 4556 767 4625 perspicua
799 4540 1474 4620 manifestaque'studioso
1515 4552 1747 4604 auditori
1788 4553 1859 4604 sit
1897 4549 2045 4605 futu-

2155 4561 2244 4615 λον
2273 4540 2351 4624 είς
2381 4564 2609 4615 ἕκαστον
2638 4562 2744 4614 τῶν
2791 4561 3099 4629 κεφαλαίων
3132 4540 3228 4630 την
3268 4540 3500 4632 βάσανον
3547 4540 3741 4634 ἔχοντα

486 4661 567 4699 ra.
597 4643 809 4697 Titulus
844 4655 972 4696 vero
1008 4640 1167 4706 hujus
1205 4639 1385 4708 operis
1418 4647 1518 4703 est,
1554 4638 1870 4704 Thesaurus,
1910 4642 2050 4709 quod

485 4738 759 4806 ingentem
792 4734 845 4787 in
880 4748 938 4787 se
966 4732 1271 4787 divinarum
1297 4732 1809 4801 contemplationum
1837 4733 2053 4787 thesau-

485 4844 603 4884 rum
645 4826 1077 4895 complectatur:
1118 4825 1328 4878 tametsi
1355 4838 1455 4891 (εκο
1501 4835 1554 4879 et
1584 4825 1890 4881 doctrinam
1942 4839 2052 4879 me-

486 4921 725 4972 diocrem
780 4927 837 4971 et
877 4916 1150 4985 ingenium
1188 4916 1253 4969 ad
1301 4916 1771 4985 contemplandum
1802 4933 1909 4971 non
1952 4917 2052 4969 ad-

492 5010 713 5065 modum
740 5023 866 5063 acre
894 5010 953 5061 in
982 5022 1067 5061 me
1102 5023 1408 5077 agnoscam.
1442 5006 1641 5062 Gratiae
1676 5023 1803 5063 vero
1835 5010 2053 5078 agendae

488 5107 612 5154 sunt
652 5100 894 5160 Christo,
930 5099 1021 5167 qui
1062 5098 1241 5152 omnia
1281 5098 1529 5151 omnibus
1563 5098 1774 5152 abunde
1806 5099 2053 5167 suppedi-

489 5200 585 5247 tat.
638 5188 892 5243 Monendi
931 5199 1108 5242 autem
1138 5198 1260 5242 sunt
1299 5188 1550 5251 lectores,
1597 5188 1770 5255 capita
1819 5188 1939 5241 libri
1986 5190 2049 5242 ad

488 5296 735 5335 normam
778 5280 936 5348 hujus
976 5278 1173 5333 tabula:
1208 5280 1321 5333 sive
1353 5278 1568 5344 indicis,
1605 5280 1696 5347 qui
1744 5280 2048 5348 subjicitur,

490 5384 609 5423 esse
652 5370 970 5438 composita.
1018 5368 1462 5436 Complectuntur
1496 5383 1624 5421 vero
1673 5368 1879 5437 singula
1915 5385 2055 5439 qure-

491 5470 595 5527 qtle
620 5461 798 5528 capita
831 5461 993 5514 etiam
1042 5474 1104 5515 ea
1132 5476 1252 5529 qua:
1280 5462 1343 5513 ad
1374 5461 1621 5514 eumdem
1653 5462 2055 5530 contemplatio-

492 5552 575 5603 nis
610 5566 831 5619 scopum
856 5553 1155 5619 pertinent,
1185 5562 1239 5605 et
1263 5569 1355 5621 per
1384 5552 1649 5607 circuitus
1676 5564 1839 5623 atque
1866 5554 2055 5608 anfra-

493 5652 611 5695 ctus
641 5642 708 5696 ad
738 5642 986 5697 eumdem
1022 5642 1181 5711 tituli,
1209 5643 1308 5699 sub
1336 5659 1444 5713 quo
1475 5647 1870 5715 comprehensa
1904 5661 2052 5714 sunt,

2159 4652 2497 4722 διεξαγαγεῖν
2516 4672 2527 4683 ·
2558 4654 2701 4707 οὕτω
2726 4654 2832 4724 γὰρ
2855 4654 2921 4707 ἂν
2937 4652 3264 4717 εὐσύνοπτος
3296 4671 3355 4707 τι
3387 4656 3479 4709 καὶ
3512 4657 3740 4725 εἰλικρι-

2161 4746 2387 4815 νεστέρα
2412 4748 2525 4808 τοῖς
2571 4744 3006 4816 φιλακροάμοσιν
3043 4747 3076 4813 ἡ
3125 4745 3231 4797 τῶν
3275 4746 3612 4816 ἐγκειμένων
3642 4748 3737 4815 γέ-

2160 4853 2303 4889 νοιτο
2336 4836 2556 4905 γνῶσις.
2600 4838 2882 4908 Θησαυρὸς
2910 4836 2967 4890 δὲ
2994 4836 3071 4907 τῷ
3105 4836 3293 4908 βιϐλίῳ
3321 4828 3514 4908 ὄνομα,
3541 4838 3742 4910 πολλὴν

2161 4926 2337 4997 ἔχοντι
2368 4927 2476 4980 τῶν
2516 4927 2674 4979 θείων
2718 4927 3091 4999 θεωρημάτων
3131 4930 3635 5002 τεθησαυρισμένην
3678 4912 3742 4985 ἐν

2161 5017 2339 5087 ἑαυτῷ
2376 5017 2473 5088 τὴν
2509 5018 2747 5087 πληθύν
2784 5021 2831 5072 εί
2876 5022 2971 5073 καὶ
3006 5020 3218 5091 μέτριοί
3257 5039 3399 5086 τινες
3446 5025 3502 5085 ἐς
3550 5022 3743 5091 λόγους

2158 5108 2337 5176 ἡμεῖς,
2372 5109 2466 5160 καὶ
2495 5108 2629 5179 πρὸς
2661 5109 2720 5162 τὸ
2746 5108 3005 5165 δύνασθαί
3038 5130 3090 5165 τι
3119 5116 3259 5166 νοεῖν
3288 5115 3353 5167 οὺ
3386 5113 3590 5184 σφόδρα
3620 5132 3744 5186 γορ-

2157 5198 2264 5265 γοί.
2307 5200 2637 5253 Ἀνακείσθω
2665 5202 2720 5254 δὲ
2760 5202 2919 5275 χάρις
2965 5203 3042 5273 τῷ
3088 5206 3264 5259 πάντα
3298 5209 3432 5260 πᾶσι
3470 5208 3742 5269 πλουσίως

2158 5289 2482 5359 χορηγοῦντι
2515 5293 2751 5364 Χριστῷ.
2793 5296 3003 5349 Εἱδέναι
3033 5296 3089 5349 δέ
3124 5297 3228 5367 χρὴ
3258 5298 3385 5361 τοὺς
3418 5298 3741 5369 ἐντευξομέ-

2155 5397 2298 5443 νους,
2337 5383 2417 5433 ὅτι
2452 5385 2785 5443 συντέθειται
2823 5386 2941 5455 μὲν,
2985 5388 3126 5441 κατά
3155 5388 3253 5457 τὴν
3290 5376 3740 5459 ὑποτέταγμένην

2162 5474 2508 5543 προγραφὴν,
2540 5477 2606 5530 τὰ
2650 5481 2707 5531 ἐν
2738 5479 2814 5549 τῷ
2864 5480 3051 5551 βιϐλίῳ
3085 5482 3379 5549 κεφάλαια(
3417 5482 3743 5553 Περιέχεται

2155 5553 2211 5614 δὲ
2261 5564 2473 5635 ἐκὰστῳ
2520 5570 2688 5623 πολλὰ
2727 5573 2867 5643 πρὸς
2902 5574 2994 5627 τὸν
3037 5573 3199 5626 αὐτὸν
3246 5575 3587 5627 συντείνοντα
3632 5575 3743 5626 τῶν

2161 5651 2529 5725 θεωρημάτων
2560 5662 2780 5729 σκοπὸν,
2815 5666 2908 5718 καὶ
2932 5665 3017 5719 διὰ
3050 5666 3249 5721 κύκλου
3289 5669 3377 5721 καὶ
3405 5666 3740 5741 περιδρομῆς

570 5819 586 5850 ¹
622 5817 804 5874 Matth.
841 5836 957 5885 xm,
994 5822 1077 5877 ιθ.
1150 5825 1169 5855 ⁸
1198 5821 1216 5875 Ι
1247 5822 1369 5879 Cor.
1408 5838 1505 5891 xit,
1543 5825 1595 5879 3.
1676 5826 1694 5857 ³
1732 5824 1772 5879 ll
1804 5826 1948 5882 Pctr.
1983 5844 2043 5895 ιι,

2211 5832 2230 5861 ⁸
2261 5832 2401 5889 Psal.
2438 5802 2627 5905 cuni,
2662 5841 2713 5892 6.
