4048 6426
287 435 356 493 Π
1709 431 1798 487 ΤΗ
1808 430 1856 485 Εε

1964 428 2151 490 JRUS.
3474 427 3552 484 ιε
3596 440 3601 444 ’

359 552 551 607 ’Δλλο
575 550 878 621 δεικνύον,
902 553 992 608 ὅτι
1018 554 1082 608 τὸ
1116 554 1187 608 ἐν
1220 554 1317 621 τῷ·
1333 551 1455 619 Θεῷ
1482 549 1753 623 γίνεσθαί
1779 565 1855 611 τι,

285 644 359 697 οὐ
387 645 623 712 φύσεως
650 644 930 713 σημαίνει
969 641 1333 715 μεταϐολὴν,
1360 641 1501 697 ἀλλ’
1531 639 1623 695 ὅτι
1650 639 1726 694 δι’
1751 640 1862 693 αὑ-

286 734 418 801 τοῦ,
456 734 495 803 ἢ
532 737 668 804 παρ’
698 734 905 789 αὐτοῦ.

360 826 563 891 Ἄλλο,
590 824 664 878 δι’
687 820 760 881 οὗ
786 823 1170 894 μανθάνομεν
1192 824 1354 892 ὅπως
1380 823 1674 894 προσήκει
1698 821 1865 878 νοεῖν

285 914 353 969 τὸ
373 915 585 983 ῥητὸν,
610 914 943 979 τουτέστιν,
979 914 1149 969 ιἸνα
1182 914 1386 984 ὥσπερ
1415 914 1531 984 ἐγὼ
1557 913 1656 969 και
1680 913 1763 968 σὺ
1794 912 1864 967 ἕν

281 1002 492 1072 ἐσμεν,
524 1004 675 1058 οὕτω
706 1004 803 1058 καὶ
831 1004 1001 1059 αὐτοὶ
1049 1004 1119 1057 ἐν
1158 1004 1303 1073 ἡμῖν
1328 1003 1400 1059 ἐν
1422 1000 1576 1059 ὦσιν
1600 1019 1613 1032 ·
1654 1002 1771 1071 ἐγὼ
1793 1002 1878 1056 ἐν’

281 1091 511 1159 αὐτοῖς,
545 1093 639 1146 καί
668 1093 750 1147 σὺ
768 1093 840 1147 ἐν
867 1093 997 1164 ἐμοί
1011 1112 1025 1126 ο
1054 1095 1157 1149 ἵνα
1184 1090 1297 1149 ὦσι
1317 1092 1754 1163 τετελειωμένοι
1775 1093 1863 1157 εὶς

281 1179 373 1234 ἓν.
387 1199 407 1234 s

364 1275 540 1328 Ἄλλο
569 1273 848 1329 δεικνύων
872 1275 1145 1344 ἀκριϐῶς,
1174 1275 1375 1345 ὅτιπερ
1397 1276 1470 1330 οὐ
1498 1274 1615 1343 τὴν
1632 1274 1863 1330 ἑαυτῶν

281 1364 536 1433 ἀφέντες
569 1366 759 1433 φύσιν
807 1365 957 1435 πρὸς
996 1365 1113 1434 τὴν
1158 1366 1326 1421 θείαν
1360 1368 1860 1436 μεταποιούμεθα,

280 1457 429 1512 ὅταν
471 1456 544 1511 έν
577 1458 849 1527 γίνεσθαι
885 1458 1037 1528 πρὸς
1072 1458 1219 1513 Θεὸν
1246 1457 1572 1527 λεγώμεθα,
1609 1458 1747 1512 ἀλλ’
1773 1457 1862 1514 ὅτι

274 1546 520 1616 μέτοχοι
557 1547 865 1616 γεγονότες
901 1546 1090 1611 αὐτοῦ
1124 1545 1302 1600 τοῦτο
1339 1546 1698 1616 καλούμεθα.

906 1639 1058 1694 A01".
1091 1636 1190 1693 ll".

347 1729 489 1797 Περὶ
540 1732 884 1801 ὁμοιότητος
936 1729 1044 1799 τῆς
1076 1730 1215 1786 Υίοῦ
1259 1730 1408 1801 πρὸς
1452 1730 1563 1785 τὸν
1605 1731 1857 1800 Πατέρα,

276 1821 378 1875 καὶ
412 1821 502 1875 ὅτι
534 1824 648 1876 οὐκ
672 1822 806 1875 ἐστι
833 1821 1091 1891 τρεπτῆς
1122 1824 1363 1893 φύσεως
1392 1825 1426 1877 ό
1458 1822 1613 1889 Υἱὸς,
1643 1823 1683 1892 ἢ
1714 1821 1861 1888 ἔξω·

276 1914 386 1963 θεν
411 1910 688 1977 ὑποστάς
708 1926 721 1940 ·
758 1911 897 1966 ἀλλ’
920 1912 990 1966 ὲκ
1030 1910 1143 1982 τῆς
1183 1912 1399 1980 οὐσίας
1430 1913 1618 1969 αὐτοῦ
1644 1916 1861 1982 προελ-

275 2001 400 2057 θὼν
436 2004 518 2071 ὡς
564 2005 717 2071 nec.
850 2054 861 2066 .

351 2091 533 2146 Ἄλλο
583 2091 672 2145 ὅτι
695 2093 807 2148 οὐκ
827 2092 899 2158 ἐξ
911 2092 1294 2159 ἀλλοιώσεως
1328 2092 1437 2164 τῆς
1472 2094 1590 2159 ἀπό
1614 2095 1722 2151 τοῦ
1738 2096 1863 2165 χείρ

267 2199 453 2251 ρονος
478 2181 577 2236 ἐπὶ
608 2182 672 2237 τὸ
702 2183 949 2253 ἄμεινον
976 2184 1178 2255 ὅμοιός
1202 2185 1374 2240 ἐστιν
1406 2187 1440 2241 ό
1477 2180 1609 2252 Υἱὸς
1629 2184 1709 2253 τῷ
1739 2189 1860 2242 Πα-

272 2275 387 2341 τρι.
427 2274 590 2329 ἀλλὰ
626 2274 916 2343 φυσικῶς.

346 2366 553 2428 Ἄλλο,
586 2367 890 2436 σημαῖνον
912 2367 1003 2423 ὅτι
1030 2367 1100 2424 ἐκ
1129 2367 1246 2439 τῆς
1258 2369 1479 2439 οὐσίας
1497 2368 1604 2426 τοῦ
1628 2371 1860 2441 Πατρός

268 2454 445 2510 ἐστιν
484 2459 519 2511 ό
573 2457 723 2524 Υἱὸς,
757 2458 857 2513 καὶ
898 2461 1010 2514 οὐκ
1055 2459 1299 2527 ἔξωθεν,
1327 2461 1596 2531 καθάπερ
1634 2467 1689 2518 ol
1725 2466 1859 2533 Χρι-

267 2544 564 2613 στομάχοι
604 2546 827 2615 φασίνο
875 2547 1084 2617 ἐπειδὴ
1124 2548 1194 2603 δὲ
1231 2551 1345 2605 οὐκ
1381 2550 1621 2619 ἔξωθεν,
1658 2552 1864 2623 ὅμοιος-

354 2728 679 2796 Ἄπόδειεις
727 2730 847 2786 ἀπὸ
895 2731 1007 2801 τῆς
1046 2732 1212 2800 θείας
1240 2732 1512 2803 Γραφήᾌ,
1548 2734 1752 2802 ὅτιπερ
1790 2734 1857 2788 ἐκ

265 2815 533 2888 μετοχῆς
554 2818 664 2889 τῆς
691 2819 843 2888 πρὸς
874 2820 940 2875 τὸ
974 2821 1145 2877 Θεῖον
1169 2823 1301 2877 κατ’
1325 2823 1531 2877 εἰκόνα
1566 2821 1683 2891 τὴν
1708 2822 1858 2892 πρὸς

267 2911 418 2964 αὐτὸ
456 2914 860 2983 μορφούμεθα.
891 2915 974 2968 Οὐ
1020 2915 1133 2984 γὰρ
1175 2913 1469 2985 ἐξήρκεσε
1510 2914 1586 2985 τῇ
1621 2915 1728 2971 τοῦ
1754 2916 1859 2971 ἀν-

268 3001 507 3071 θρώπου
552 3003 903 3072 κατασκευῇ
936 3004 1086 3075 πρὸς
1126 3006 1194 3060 τὸ
1230 3007 1552 3075 φαίνεσθαι
1573 3006 1677 3061 καί
1703 3004 1858 3063 εἶναι

265 3093 473 3146 εὶκόνα
510 3092 616 3147 τοῦ
660 3096 1086 3162 πεποιηκότος,
1122 3095 1190 3149 τὸ
1239 3097 1309 3150 ἐν
1339 3098 1553 3166 μόναις
1596 3098 1859 3165 ἐννοίαις

268 3182 376 3238 τὸν
411 3182 547 3253 περὶ
580 3185 767 3240 αὐτοῦ
804 3185 1036 3240 κεῖσθαι
1072 3188 1261 3255 λόγον
1299 3188 1589 3245 τοιοῦτον.

921 3274 1074 3329 ΔΟΓ.
1113 3276 1212 3330 IA'.

342 3365 467 3418 Ἕτι
490 3405 510 3431 ,
553 3364 687 3433 περὶ
731 3364 1078 3435 ὁμοιότητος
1101 3406 1117 3431 ,
1169 3366 1564 3439 προκειμένου
1619 3369 1809 3438 ῥητοῦ
1835 3411 1850 3436 ,

274 3455 539 3524 ιὨσπερ
567 3455 678 3524 γὰρ
704 3458 739 3509 ό
762 3455 968 3526 Πατὴρ
1001 3459 1128 3525 ἔχει
1162 3456 1318 3528 ζωὴν
1353 3459 1424 3512 ὲν
1459 3458 1672 3526 ἐαυτῷ,
1700 3460 1855 3515 οὕτω

267 3547 367 3601 καὶ
396 3545 477 3613 τῷ
511 3544 623 3611 Υιῷ
649 3546 868 3603 δέδωκε
909 3547 1061 3617 ζωὴν
1100 3548 1266 3619 ἔχειν
1288 3548 1357 3605 έν
1379 3550 1598 3616 ἐαυτῷ·
1635 3570 1655 3603 s
1688 3552 1758 3607 τὸ
1786 3550 1855 3605 δὲ

266 3639 688 3711 συναγόμενον
719 3638 789 3693 ἐκ
816 3638 937 3692 τῶν
960 3641 1414 3712 συλλογισμῶν,
1443 3641 1532 3696 ὅτι
1565 3642 1678 3713 ζ’ωὴ
1703 3643 1855 3698 κατὰ

267 3733 459 3802 φύσιν
495 3732 669 3789 ἐστὶν
708 3732 743 3787 ό
788 3731 942 3797 Υἱὸς,
980 3729 1185 3801 ὥσπερ
1222 3733 1323 3788 καὶ
1361 3738 1395 3789 ό
1432 3734 1654 3804 Πατήρ.

914 3824 1069 3879 ΛΟΓ.
1110 3824 1212 3879 IE'.

343 3914 444 3980 Εις
473 3913 538 3968 τὸ
564 3914 635 3968 ἐν
676 3913 807 3982 ταῖς
842 3913 1209 3985 Παροιμίαις,
1248 3932 1267 3965 ι
1296 3915 1510 3984 Κύριος
1547 3916 1752 3973 ἓκτισέ
1774 3937 1852 3989 με

262 4004 467 4075 ἀρχὴν
514 4005 672 4061 όδῶν
713 4008 921 4072 αὐτοῦ,
969 4011 1058 4075 εις
1101 4009 1249 4081 ἔργα
1296 4009 1519 4064 αὐτοῦ’
1556 4030 1573 4062 ι
1622 4011 1713 4065 ὅτι
1757 4014 1848 4076 τὸ,

272 4117 290 4147 ι
319 4096 584 4160 ἔκτισεν,
615 4115 634 4148 ι
659 4098 731 4152 οὐ
764 4099 917 4153 κατὰ
944 4098 1057 4167 τῆς
1080 4100 1296 4167 οὐσίας
1336 4098 1445 4155 τοῦ
1492 4101 1685 4170 Λόγου
1730 4103 1850 4157 κεῖ-

267 4203 381 4251 ται,
422 4185 570 4241 οὐδὲ
604 4186 829 4257 κτίσμα
864 4188 903 4258 ἢ
941 4190 1169 4260 ποίημα
1206 4194 1241 4246 ό
1287 4193 1442 4257 Υἱός.

354 4366 682 4433 Ἀπόδειξις
718 4366 788 4432 ἐξ
817 4367 1230 4438 ἐπιτηρήσεὼν
1247 4373 1589 4442 Γραφικῶν,
1630 4376 1723 4433 ὅτι
1769 4379 1849 4447 ὡς

270 4462 414 4529 Θεὸς
454 4463 637 4517 οὐδὲν
681 4461 1109 4531 προσκυνεῖται
1152 4462 1273 4517 τῶν
1306 4452 1679 4534 κτισμάτων
1712 4471 1852 4527 οὔτε

264 4554 390 4623 μὴν
435 4555 938 4623 προσκυνούμενα
984 4553 1263 4623 ἀνέχεται
1303 4558 1776 4627 προσκυνεῖσθαι
1810 4562 1846 4630 ἢ

269 4645 744 4716 ΰσξολογεῑσθαι.

350 4741 681 4808 Ἀντίθεσις
701 4742 817 4797 ἀπὸ
853 4743 973 4797 τῶν
1013 4742 1241 4811 ’Δρειου
1285 4743 1615 4813 δογμάτων,
1651 4748 1850 4801 αἰτίαν

268 4834 498 4902 ἔχουσα
521 4832 630 4888 τοῦ
655 4832 1020 4903 πεποιῆσθαι
1048 4834 1157 4889 τὸν
1186 4835 1341 4902 Υίόν,
1376 4836 1456 4902 ὡς
1479 4835 1651 4891 αὐτοὶ
1684 4839 1850 4907 νομί-

271 4924 493 4989 ζουσιν,
530 4923 751 4993 ἀληθῆ,
776 4924 875 4978 καὶ
909 4927 1092 4992 λύσις
1122 4924 1343 4995 ἐφεξῆς
1362 4925 1513 4996 μετὰ
1536 4930 1851 4998 πιθανότη-

269 5032 368 5081 τος
406 5015 857 5085 συλλογισμῶν.

343 5107 473 5159 Ἐτι
491 5106 577 5172 εἰς
602 5105 689 5171 τὸ,
722 5126 739 5157 ι
760 5107 974 5175 Κύριος
996 5108 1199 5162 ἔκτισε
1215 5125 1311 5178 με.
1337 5126 1355 5161 ι
1381 5109 1511 5167 Ὀτι
1532 5114 1605 5167 οὐ
1627 5116 1851 5187 κτίσμα

269 5200 302 5250 ό
347 5199 504 5262 Υἱός.

341 5290 533 5342 Ἀλλο
578 5286 699 5341 τῶν
742 5288 1077 5355 όρθοδόξων
1125 5293 1447 5361 λεγόντων,
1486 5313 1504 5346 ι
1534 5298 1601 5350 El
1630 5299 1849 5368 κτίσμα

269 5378 443 5433 ἐστὶν
471 5381 503 5432 ό
530 5380 681 5446 mg,
722 5377 847 5446 πῶς
872 5380 998 5449 ἔχει
1032 5382 1185 5437 κατὰ
1220 5385 1412 5452 φύσιν
1453 5387 1519 5439 τὸ
1557 5384 1710 5443 εἶναι
1752 5391 1854 5460 δη-

267 5473 583 5540 μιουργός;
604 5473 687 5525 Οὐ
704 5472 814 5541 γὰρ
842 5470 998 5526 Ζδιον
1022 5473 1140 5528 τῶν
1154 5478 1494 5546 κτισμάτων
1520 5481 1698 5535 τοῦτό
1722 5500 1811 5551 γε.
1827 5502 1845 5535 ι

288 5559 776 5629 Ἀνθυπήνεγκαν
806 5564 859 5615 ol
882 5563 1161 5629 alpetmol
1189 5565 1260 5619 τὰ
1280 5568 1748 5637 ὑποτεταγμένα,
1765 5567 1852 5626 ὧν

274 5653 333 5704 al
369 5650 583 5716 λύσεις
618 5652 778 5705 εισὶν
812 5651 1055 5721 ἐφεξῆς.

356 5739 744 5808 Ἐπιτήρησις
767 5741 1000 5809 ὁμοίως,
1030 5741 1100 5807 ἐξ
1127 5737 1202 5812 ἧς
1227 5745 1611 5815 μανθάνομεν
1635 5749 1725 5803 ὅτι
1757 5753 1858 5805 καί

276 5829 552 5899 ἀγγέλοις
598 5829 693 5882 καὶ
747 5830 937 5900 ἁγίοις
985 5831 1317 5901 προφήταις
1355 5833 1491 5903 ἔθος
1528 5837 1701 5894 ἐστίν
1724 5841 1850 5897 ἐπι-

2044 546 2085 599 1⁷
2096 548 2193 602 ieri
2226 546 2429 619 aliquid
2454 547 2508 603 in
2534 546 2666 615 Deo,
2702 563 2805 602 uon
2868 555 3072 601 natura
3130 543 3551 598 immutationem

1964 640 2249 710 signiﬁcat,
2275 642 2365 695 sed
2391 657 2482 711 per
2502 641 2693 710 ipsum,
2728 644 2804 695 net
2831 640 2895 692 ab
2922 640 3053 707 ipso.

1996 822 2154 890 ,Quo
2194 837 2351 891 pacto
2402 822 2808 892 intelligendum
2871 828 2938 873 sit
2995 818 3193 871 dictum
3241 814 3396 878 illud,
3426 831 3444 865 ι
3485 811 3548 867 Ut

1965 915 2413 988 quemadmodum
2461 930 2557 984 ego
2581 922 2628 969 et
2654 923 2712 967 tu
2734 927 2895 966 unum
2923 925 3127 973 sumus,
3149 909 3220 960 ita
3253 918 3298 960 et
3332 905 3436 973 ipsi
3497 904 3551 956 in

1966 1006 2116 1062 nobis
2156 1024 2318 1062 unum
2342 1007 2607 1076 sint;ego
2638 1006 2694 1059 iu
2737 1003 2865 1075 ipsis
2885 1012 2932 1058 et
2968 1011 3024 1056 tu
3072 1002 3129 1054 iu
3184 1014 3283 1065 me,
3335 1006 3392 1053 ut
3446 995 3551 1050 siut

1962 1099 2185 1167 perfecti
2223 1098 2282 1153 in
2311 1112 2498 1151 unum.
2529 1114 2549 1149 ι

2036 1272 2197 1328 Aliud
2222 1273 2496 1327 ostendens
2526 1279 2795 1350 accurate,
2833 1270 2975 1341 quod
3004 1284 3099 1324 nos
3128 1267 3346 1338 propria
3369 1273 3549 1321 nostra

1964 1376 2155 1421 natura
2194 1382 2297 1420 non
2321 1364 2523 1419 amissa
2549 1363 2609 1417 in
2634 1362 2865 1417 divinam
2924 1372 3168 1416 naturam
3220 1366 3549 1413 transmuta-

1964 1474 2104 1524 mur,
2129 1457 2338 1529 quando
2375 1472 2538 1511 unum
2571 1471 2690 1509 cum
2728 1453 2836 1508 Deo
2867 1453 2994 1524 epici
3022 1452 3271 1517 dicimur,
3295 1451 3386 1505 sed
3409 1450 3549 1521 quod

1960 1552 2242 1623 participes
2258 1552 2423 1623 ipsius
2450 1550 2601 1622 facti,
2628 1550 2705 1605 ita
2732 1561 3001 1603 vocamur.

2502 1637 2799 1701 ASSERT.
2836 1636 2981 1693 XIII.

2038 1735 2111 1791 De
2140 1734 2494 1790 similitudine
2534 1729 2668 1785 Filii
2697 1748 2817 1786 cum
2857 1728 3041 1795 Patre,
3068 1726 3283 1795 etquod
3339 1742 3441 1780 non
3470 1736 3547 1781 est

1964 1839 2173 1883 natura
2193 1825 2463 1881 ululabilis
2492 1822 2688 1889 Filius,
2714 1831 2806 1876 aut
2864 1821 3186 1876 extrinsecus
3232 1816 3547 1883 subsistens,

1961 1919 2053 1975 scd
2069 1937 2134 1975 ex
2149 1920 2261 1990 ejus
2290 1917 2513 1973 essentia
2541 1915 2852 1986 procedens,
2883 1922 2940 1969 ut
2975 1911 3173 1968 Filius.

2035 2095 2189 2162 Quod
2247 2112 2348 2150 non
2405 2111 2497 2165 per
2564 2093 2931 2149 alterationem
2986 2109 3019 2147 a
3075 2089 3332 2145 deteriore
3396 2098 3542 2145 statu

1960 2188 2016 2242 in
2042 2188 2456 2257 prtrstautiorem
2480 2185 2667 2241 similis
2699 2186 2766 2241 sit
2791 2182 2943 2239 Patri
2998 2181 3196 2248 Filius,
3237 2181 3327 2237 sed
3393 2190 3547 2237 uatu-

1962 2281 2165 2335 raliter.

2033 2374 2194 2428 Aliud
2222 2373 2506 2428 declarans
2532 2369 2730 2425 Filium
2758 2384 2870 2425 esse
2893 2384 2960 2423 ex
2990 2366 3289 2423 substantia
3328 2365 3538 2430 Patris,

1961 2473 2009 2520 et
2050 2479 2153 2519 uon
2181 2464 2499 2517 extrinsecus
2520 2460 2851 2529 productum,
2882 2454 3319 2526 quemadmodum
3368 2452 3544 2506 hostes

1962 2555 2162 2610 Christi
2189 2551 2546 2616 contendunt;
2576 2558 2647 2617 et,
2681 2549 2930 2619 quoniam
2983 2546 3308 2602 extrinsecus
3349 2544 3547 2612 produ-

1960 2657 2077 2704 ctus
2103 2662 2206 2701 non
2224 2651 2321 2709 est,
2338 2642 2527 2698 similis
2556 2641 2635 2694 illi
2659 2650 2757 2695 est.

2036 2735 2420 2792 Demonstratio
2452 2748 2519 2787 ea:
2542 2748 2694 2787 sacra
2721 2729 3020 2799 Scriptura,
3046 2727 3184 2799 quod
3251 2741 3345 2793 per
3375 2725 3544 2793 parti-

1961 2830 2273 2899 cipationem
2290 2826 2581 2881 divinitatis
2613 2824 2682 2877 ad
2712 2822 2992 2892 imaginem
3042 2820 3206 2889 ipsius
3230 2817 3538 2887 formentur.

1964 2920 2149 2991 Neque
2196 2920 2335 2974 enim
2388 2918 2517 2973 satis
2564 2916 2663 2986 [uit
2721 2914 2790 2969 ad
2851 2914 2907 2967 id
2936 2922 2991 2966 ut
3023 2901 3285 2966 videretur
3314 2919 3361 2963 et
3392 2907 3540 2977 ﬁeret

1961 3013 2116 3065 homo
2176 3010 2349 3081 imago
2413 3007 2697 3073 Creatoris,
2756 3004 2926 3061 solam
3002 3003 3370 3072 cogitationem
3446 3014 3542 3055 ex-

1961 3102 2140 3172 primi.

2494 3272 2787 3331 ASSERT.
2830 3272 2973 3330 XIV.

2030 3366 2106 3421 De
2132 3365 2480 3421 similitudine
2516 3364 2697 3420 Patris
2726 3374 2773 3420 et
2824 3363 2977 3430 Filii,
3005 3361 3269 3433 proposito
3298 3360 3349 3431 7
3397 3359 3539 3413 dicto

1961 3459 2081 3521 hoc.
2114 3476 2133 3510 ι
2179 3457 2331 3513 Sicut
2357 3458 2495 3512 enim
2517 3456 2682 3514 Pater
2700 3457 2853 3512 habet
2877 3457 3037 3511 vitam
3071 3455 3126 3509 in
3148 3454 3340 3527 seipse,
3373 3453 3450 3506 ita
3490 3461 3537 3505 et

1962 3548 2104 3603 Filio
2137 3549 2279 3603 dedit
2302 3548 2463 3603 vitam
2484 3550 2673 3605 habere
2710 3551 2765 3603 in
2794 3550 3022 3619 seipson
3057 3547 3143 3602 Ea:
3185 3564 3289 3617 quo
3312 3545 3541 3614 infertur

1958 3639 2271 3710 syllogistice
2294 3637 2495 3695 Filium
2529 3658 2639 3696 esse
2699 3642 3017 3697 naturaliter
3066 3642 3247 3707 vitam,
3301 3639 3437 3693 sicut
3490 3647 3538 3690 et

1964 3732 2139 3788 Pater.

2514 3823 2810 3883 ASSERT.
2854 3825 2974 3883 XV.

2036 3918 2102 3972 In
2138 3918 2270 3972 illud
2294 3919 2435 3987 quod
2454 3919 2510 3972 in
2558 3918 2647 3975 lib.
2687 3918 2938 3974 Proverb.
2974 3918 3187 3983 dicitur,
3222 3936 3241 3970 ι
3281 3916 3539 3971 Dominus

1959 4011 2152 4065 creavit
2170 4027 2249 4064 me
2274 4011 2589 4080 principium
2613 4012 2815 4075 uiarum
2840 4028 3084 4078 suarum,
3118 4011 3171 4065 in
3195 4026 3350 4079 Opera
3380 4026 3499 4062 sua.
3516 4028 3535 4059 s

1960 4104 2113 4167 Quod
2136 4102 2347 4156 verbum
2384 4102 2541 4169 illud,
2566 4122 2585 4155 ι
2606 4105 2822 4172 creavit,
2844 4123 2862 4157 s
2896 4120 3000 4159 non
3027 4104 3092 4159 de
3122 4106 3347 4159 essentia
3391 4100 3541 4155 Verbi

1958 4196 2187 4259 dicatur,
2275 4204 2323 4249 et
2364 4196 2504 4266 quod
2570 4193 2745 4250 Filius
2837 4212 2941 4249 non
3020 4196 3086 4249 sit
3141 4203 3387 4254 creatura
3462 4196 3545 4250 rel

1956 4302 2108 4353 opus.
2712 4330 2717 4333 .

2024 4379 2430 4433 Demonstratur
2494 4377 2903 4433 auctoritatibus
2976 4391 3145 4432 sacras
3219 4374 3538 4444 Scriptura,

1955 4469 2094 4540 quod
2122 4469 2266 4523 nulla
2298 4478 2661 4525 creaturarum
2694 4469 2948 4529 adoretur
3000 4468 3154 4538 quasi
3185 4466 3348 4532 Deus,
3373 4466 3553 4538 quod-

1957 4580 2057 4632 que
2080 4577 2274 4631 eaquae
2295 4560 2538 4628 adorant,
2578 4562 2795 4621 adorari
2823 4568 2916 4616 aut
2956 4559 3247 4632 gloriﬁcari
3286 4574 3390 4615 non
3423 4574 3545 4614 sus-

1956 4652 2180 4705 tineam.

2025 4740 2265 4811 Objectio
2303 4756 2368 4795 ea:
2395 4739 2728 4810 dogmatibus
2762 4741 2898 4806 Arii,
2932 4757 3051 4812 qua:
3105 4757 3301 4807 ueram,
3345 4750 3415 4794 ιιι·
3440 4739 3541 4810 ipsi

1957 4840 2167 4901 putant,
2202 4846 2419 4884 causam
2448 4832 2696 4896 continet,
2732 4840 2947 4900 propter
3014 4847 3173 4902 quam
3210 4831 3386 4901 factus
3472 4830 3538 4885 sit

1958 4918 2156 4987 Filius,
2205 4933 2257 4974 et
2291 4919 2524 4990 ejusdem
2563 4935 2656 4988 per
2704 4920 2903 4976 solidos
2947 4920 3281 4992 syllogismos
3339 4919 3540 4990 refuta-

1956 5013 2050 5069 tio.

2020 5101 2183 5156 Aliud
2214 5103 2267 5155 in
2289 5103 2443 5162 illud.
2478 5104 2648 5163 «Deus
2680 5104 2947 5175 formavit,
2967 5121 3066 5168 me,
3104 5122 3124 5156 s
3167 5114 3276 5160 etc.
3309 5103 3375 5158 Et
3403 5106 3542 5175 quod

1961 5191 2138 5248 Filius
2164 5212 2264 5250 non
2289 5198 2355 5250 sit
2394 5208 2661 5251 creatura.

2030 5284 2189 5339 Aliud
2217 5288 2652 5355 orthodoxorum,
2686 5287 2777 5344 «Si
2814 5298 3067 5344 creatura
3084 5299 3160 5344 est
3192 5287 3387 5355 Filius,
3408 5306 3541 5360 quo-

1961 5380 2115 5430 modo
2141 5391 2331 5433 natura
2380 5379 2605 5435 Creator
2660 5397 2771 5437 esse
2830 5382 3041 5450 potest?
3093 5380 3217 5435 Non
3256 5384 3394 5435 enim
3449 5379 3540 5435 hoc

1960 5480 2321 5523 creaturarum
2354 5474 2624 5540 proprium
2656 5481 2788 5527 εει..
2814 5472 2914 5527 Cui
2947 5472 3302 5542 subjiciuntur
3330 5474 3543 5529 licereli-

1964 5577 2145 5615 corum
2168 5564 2483 5634 objectiones
2521 5576 2568 5621 et
2596 5567 2959 5633 refutationes.

2032 5740 2364 5807 Observatio,
2390 5757 2455 5796 ea:
2487 5758 2589 5810 qua
2613 5743 2864 5798 discimus
2891 5742 3092 5811 uugelis
3115 5749 3165 5794 et
3198 5741 3395 5795 sanctis
3418 5758 3545 5808 pro-

1973 5837 2142 5906 phetis
2172 5835 2600 5891 consuetudinem
2632 5851 2739 5892 esse
2763 5836 2931 5905 jussis
2965 5851 2995 5889 ιι
3034 5833 3141 5889 Deo
3182 5836 3338 5888 etiam
3382 5836 3545 5889 inter-
