4048 6422
353 380 421 436 21
1785 376 2231 435 TIIESAURUS.
3532 372 3605 426 3'?-

353 494 573 550 δέδωκε
603 496 671 549 ἐν
696 494 771 562 τῆ
806 494 954 563 χειρὶ
986 495 1168 550 αὐτοῦ
1192 512 1207 526 ο
1244 515 1261 549 ι
1303 496 1399 550 καὶ
1427 499 1513 563 είς
1540 498 1628 563 τὸ,
1675 517 1692 550 ι
1726 499 1926 551 Πάντα

350 604 449 657 μοι
481 586 769 654 παρεδόθη
809 586 926 641 ὑπὸ
953 586 1058 641 τοῦ
1093 589 1321 655 Πατρός
1340 605 1458 656 μου
1485 605 1497 617 ·
1535 608 1553 638 ι
1588 590 1685 642 καὶ
1712 592 1798 653 είς
1836 591 1923 654 τὸ,

360 695 377 725 ι
407 678 488 729 Οὐ
519 676 769 744 δύναμαι
792 675 905 744 ἐγὼ
929 678 1027 730 ἀπ’
1043 677 1300 746 ἐμαυτοῦ
1322 678 1515 732 ποιεῖν
1543 678 1744 743 οὐδὲν,
1766 680 1928 733 ἀλλὰ

354 765 547 833 καθῲς
588 767 801 830 ἀκούω,
854 769 1059 836 κρίνω·
1097 786 1115 819 ι
1165 769 1264 823 καὶ
1308 769 1425 824 ὅσα
1476 770 1709 835 τούτοις
1758 768 1934 838 ὅμοιά

353 854 485 906 ἐστι
513 852 688 921 ῥητά.

997 948 1148 1003 ΛΟΓ.
1189 949 1313 1004 KA'.

424 1042 531 1107 Εἰς
572 1040 645 1095 τὰ
692 1042 991 1110 λεγόμενα
1030 1040 1165 1109 περὶ
1198 1040 1303 1094 τοῦ
1338 1039 1607 1109 Σωτῆρος
1638 1039 1929 1108 ἀνθρωπί-

350 1148 470 1197 νως
503 1131 658 1199 παρὰ
691 1132 813 1197 τοῖς
850 1130 1300 1200 εὐαγγελισταῶ
1324 1171 1339 1194 ,
1382 1132 1469 1196 είς
1508 1131 1595 1197 τὸ,
1641 1131 1926 1185 (Ἕκλαυ-

350 1236 446 1286 σε,
479 1240 497 1273 ι
534 1222 629 1275 καὶ
656 1224 741 1287 είς
772 1222 858 1285 τὸ,
892 1242 911 1273 ι
940 1222 1070 1276 Νῦν
1094 1223 1132 1291 ἠ
1163 1220 1333 1290 ψυχή
1354 1239 1473 1291 μου
1506 1222 1870 1289 τετάρακται,
1904 1240 1921 1273 ι

352 1310 453 1363 καί
498 1312 584 1376 εις
606 1310 693 1375 τὸ,
733 1329 751 1363 ι
785 1310 855 1364 Ei
880 1310 1164 1375 δυνατὸν,
1193 1309 1538 1377 παρελθέτω
1562 1310 1664 1365 ἀπ’
1689 1309 1835 1379 ἐμοῦ
1861 1310 1927 1363 τὸ

353 1400 637 1469 ποτήριον
663 1401 857 1465 τοῦτο,
880 1421 903 1455 ι
932 1401 1029 1457 καὶ
1054 1403 1140 1468 είς
1165 1402 1252 1465 τὸ,
1291 1420 1309 1453 ι
1337 1402 1675 1470 Περίλυπός
1699 1402 1869 1455 ἐστιν
1886 1401 1925 1468 η

351 1491 523 1561 ψυχή
557 1510 701 1562 μου,
728 1511 746 1545 s
784 1493 882 1546 καί
928 1492 1044 1546 ὅσα
1075 1496 1307 1557 τούτοις
1339 1492 1509 1561 ὅμοια
1528 1491 1704 1560 ῥητά.
1734 1495 1929 1560 Παρα-

352 1581 551 1648 θέσεις
577 1582 978 1637 ἀποδεικτικώ
1023 1584 1142 1638 ἀπὸ
1184 1582 1290 1652 τῆς
1316 1584 1493 1653 ,θείας
1516 1582 1784 1652 Γραφῆς,
1827 1584 1926 1638 καὶ

350 1672 776 1743 Χριστομάχων
803 1674 1249 1744 ἀποτρέπουσαι
1273 1674 1388 1744 τὴν
1410 1674 1753 1729 κακόνοιαν.

974 1766 1126 1820 ΛΟΓ.
1144 1800 1149 1803 -
1166 1766 1296 1820 KE’.

426 1856 530 1921 Εἰς
549 1854 637 1917 τὸ,
674 1874 692 1907 ι
717 1857 1095 1924 Πρωτότοκος
1124 1856 1328 1923 πάσης
1357 1857 1609 1921 κτίσεως
1633 1871 1648 1887 ’
1683 1874 1705 1909 ι
1741 1854 1922 1909 ὅτιού

350 1950 574 2015 κτίσμα
611 1949 645 2000 ό
687 1948 841 2013 Υἱός.

943 2035 1119 2089 .AOI‘.
1158 2035 1304 2101 Kcr.

423 2126 528 2192 Εἰς
550 2125 615 2178 τὸ
641 2125 952 2193 είρημένον
978 2123 1076 2177 ἐπὶ
1103 2126 1228 2190 τοῖς
1251 2124 1403 2191 υίοῖς
1426 2124 1764 2189 Ζεϐεδαίου,
1804 2142 1823 2176 ι
1856 2126 1926 2178 Τὸ

349 2215 591 2269 καθίσαι
614 2214 683 2267 ἐκ
707 2204 925 2279 δεξιῶν
934 2232 1069 2284 μου,
1090 2214 1131 2284 ἢ
1155 2214 1224 2280 ἐξ
1256 2216 1596 2285 εὐωνύμων,
1622 2217 1732 2270 οὐκ
1756 2215 1929 2270 ἐστιν

348 2306 497 2377 ἐμὸν
524 2304 753 2359 δοῦναι.

977 2395 1130 2451 ΛΟΓ.
1172 2396 1300 2450 ΚΖ’.

422 2492 526 2557 Είς
546 2491 634 2553 τὸ,
664 2489 827 2544 «Ἵνα
845 2486 1185 2559 γινώσκωσι
1206 2502 1281 2541 σε
1301 2487 1409 2542 τὸν
1424 2488 1618 2557 μόνον
1638 2488 1931 2556 ἀληθινὸν

351 2585 523 2647 Θεὸν.
554 2584 654 2639 καὶ
683 2582 753 2638 ὃν
778 2581 1146 2647 ἀπέστειλας
1179 2580 1415 2648 Ἰησοῦν
1434 2581 1744 2649 Χριστόν.»

966 2672 1122 2727 AOI‘.
1160 2672 1297 2725 κη’.
1407 2738 1410 2741 _

421 2771 524 2835 Εις
562 2767 628 2822 τὸ
672 2767 829 2836 παρὰ
870 2761 951 2831 τῷ
977 2763 1181 2833 Λουκᾷ
1208 2764 1481 2835 κείμενον
1500 2779 1514 2795 ο
1549 2781 1569 2815 ι
1593 2763 1833 2830 Ἰησοῦς
1863 2762 1931 2815 δὲ

347 2860 681 2929 προέκοπτε
699 2858 884 2929 σοφίᾳ
907 2856 1005 2912 καὶ
1027 2858 1250 2925 ἡλικίᾳ·
1266 2856 1363 2911 καὶ
1390 2853 1583 2926 χάριτι
1620 2853 1780 2925 παρὰ
1808 2850 1933 2919 Θεῷ

348 2954 446 3008 καί
475 2952 822 3022 ἀνθρώποις.
860 2970 884 3005 s
1628 2978 1631 2979 ν

980 3043 1130 3098 ΛΟΓ.
1163 3042 1294 3096 KO'.

415 3139 519 3204 εις
536 3138 621 3201 τὸ,
655 3136 873 3190 «Ὅταν
897 3135 966 3190 δὲ
989 3132 1264 3203 ὑποταγῇ
1288 3132 1449 3199 αὐτῷ
1468 3133 1541 3185 τὰ
1562 3130 1778 3193 πάντα,
1800 3130 1933 3183 τότε

351 3225 450 3281 καί
477 3226 660 3292 αὐτὸς
687 3228 720 3280 ό
749 3225 881 3292 Υίὸς
928 3224 1371 3293 ὑποταγήσεται
1407 3220 1530 3293 [τῷ]
1560 3219 1931 3286 ὑποτάξαντι

350 3319 511 3385 αὐτῷ
532 3320 603 3373 τὰ
638 3317 856 3373 πάντα.
880 3334 898 3369 ι

1004 3408 1154 3461 ΛΟΓ.
1195 3407 1273 3461 A'.

428 3502 534 3566 Είς
561 3500 648 3566 τὸ,
697 3518 716 3551 ι
742 3500 950 3569 Πάτερ,
975 3500 1245 3564 δόξασόν
1269 3514 1347 3568 με
1387 3496 1461 3567 τῇ
1496 3498 1644 3567 δόξῃ
1689 3491 1727 3569 ᾖ
1767 3493 1939 3566 εἷχον

354 3593 466 3662 πρὸ
507 3592 614 3647 τοῦ
654 3592 758 3647 τὸν
793 3595 1029 3662 κόσμον
1063 3588 1215 3646 εἶναι
1254 3591 1415 3660 παρὰ
1454 3592 1576 3645 σοί.
1591 3609 1617 3645 ,ι

978 3684 1129 3737 ΔΟΓ.
1173 3682 1298 3736 AA'.

424 3774 583 3842 Πρὸς
611 3775 754 3842 τοὺς
785 3773 1093 3845 λέγοντας,
1130 3775 1219 3829 ὅτι
1256 3777 1288 3828 ό
1322 3774 1462 3839 Θεὸς
1492 3773 1628 3842 περὶ
1652 3772 1763 3841 τῆς
1800 3772 1934 3825 ἐαυ-

354 3868 463 3922 τοῦ
496 3868 711 3934 οὐσίας
753 3867 933 3923 οὐδὲν
974 3867 1144 3935 ἡμῶν
1190 3865 1381 3920 πλέον
1414 3866 1753 3929 ἐπίσταται,
1788 3864 1935 3919 ἀλλ’

358 3961 502 4027 ὅπερ
526 3960 603 4013 ἂν
621 3959 804 4036 αὐτὸς
827 3959 1008 4027 είδείη
1032 3958 1163 4027 περὶ
1192 3956 1428 4023 ἑαυτοῦ,
1445 3956 1620 4011 τοῦτο
1645 3955 1743 4009 καί
1766 3954 1935 4026 ἡμεῖς

354 4049 851 4119 ἀπαραλλάκτως.
1190 4090 1193 4091 ν

986 4141 1135 4197 ΛΟΓ.
1174 4140 1295 4193 AB'.

443 4230 719 4301 Ἐκλογτιὶ
762 4232 960 4303 ῥητῶν
1017 4233 1166 4303 μετὰ
1228 4227 1662 4301 συλλογισμῶν
1706 4228 1773 4281 ἐκ
1828 4225 1941 4295 τῆς

359 4319 583 4387 Καινῆς
626 4321 951 4388 Διαθήκης,
989 4321 1079 4375 ὅτι
1118 4321 1260 4388 Θεὸς
1292 4322 1443 4375 κατὰ
1482 4322 1671 4389 φύσιν
1703 4321 1734 4373 ό
1781 4320 1936 4384 Υἱός.

363 4411 433 4465 Ei
458 4410 526 4465 δὲ
557 4412 751 4479 τοῦτο,
780 4413 851 4489 οὐ
876 4413 1100 4483 ποίημα
1138 4412 1279 4469 οὐδὲ
1306 4413 1549 4481 κτίσμα.

990 4589 1140 4643 ΔΗΓ.
1171 4589 1293 4645 AI".

433 4682 564 4734 Ὀτι
599 4680 742 4747 Θεὸς
776 4680 927 4734 κατὰ
954 4682 1144 4750 φύσιν
1170 4680 1234 4734 τὸ
1260 4681 1534 4749 Πνεῦμα,
1568 4679 1666 4733 καὶ
1710 4680 1777 4732 ὲκ
1826 4679 1935 4745 τῆς

361 4771 960 4838 οὐσίαςτοῦΠατρὸς,
980 4770 1051 4825 δι’
1084 4770 1218 4825 Υίοῦ
1242 4770 1309 4823 δὲ
1336 4768 1408 4838 τῇ
1433 4771 1624 4824 κτίσει
1652 4771 1937 4838 χορηγού-

356 4877 566 4928 μενον.

991 4954 1140 5008 ΔΟΓ.
1181 4955 1300 5010 ΛΔ⁰.

437 5042 805 5110 ΠαριιΟέσεις
825 5042 1026 5112 ῥητῶν
1052 5046 1295 5115 ἐφεξῆς,
1320 5047 1388 5100 ἐν
1414 5044 1504 5111 οἷς
1526 5046 1657 5101 ἐστι
1693 5046 1799 5099 τὸν
1818 5044 1941 5098 ἐπι-

366 5134 661 5200 τηροῦντα
704 5136 962 5205 θεωρεῖν,
992 5136 1082 5189 ὅτι
1119 5137 1281 5203 Θεὸς,
1308 5138 1374 5189 τὸ
1408 5138 1668 5205 Πνεῦμα,
1702 5135 1799 5189 καὶ
1827 5135 1941 5201 τὴν

364 5221 560 5289 αὐτὴν
592 5224 896 5293 ἐνέργειαν
922 5224 1066 5295 ἕχον
1094 5225 1173 5290 τῷ
1204 5224 1313 5290 Υίῷ
1334 5227 1665 5295 πανταχοῦ,
1698 5226 1793 5279 καὶ
1828 5226 1939 5277 οὐκ

366 5312 819 5384 ἁπεξενωμένον
843 5315 951 5383 τῆς
985 5318 1201 5383 οὐσίας
1229 5317 1433 5372 αὐτοῦ.
1454 5317 1631 5387 Ὁμοῦ
1668 5315 1737 5369 δὲ
1775 5314 1940 5367 διδά-

367 5417 650 5470 σκουσιν,
682 5404 769 5458 ὅτι
811 5405 958 5460 Θεοῦ
989 5408 1316 5477 λεγομένου
1355 5408 1651 5463 κατοικεῖν
1680 5408 1753 5460 ὲν
1776 5405 1940 5475 ἡμῖν,

371 5497 439 5552 τὸ
472 5495 711 5564 Πνεῦμα
740 5497 871 5550 ἐστι
897 5498 959 5551 τὸ
990 5499 1287 5554 ἐνοικοῦν.

994 5592 1146 5646 ΛΟΓ.
1188 5592 1312 5644 AE’.

442 5677 766 5744 Μαρτυρίαι
792 5678 911 5732 ἀπὸ
945 5678 1048 5747 τῆς
1084 5681 1245 5746 θείας
1270 5680 1535 5749 Γραφῆς,
1558 5681 1629 5734 δι’
1658 5672 1746 5731 ὧν
1776 5678 1946 5731 ἔστιν

375 5766 539 5833 ίδεῐν,
568 5766 657 5819 ὅτι
702 5768 948 5835 γενητὸς
989 5770 1054 5824 ἐκ
1102 5773 1327 5839 Πατρός
1374 5772 1541 5826 ἐστιν
1587 5776 1617 5826 0'
1666 5770 1814 5836 Υἱὸς,
1847 5766 1942 5821 καί

375 5859 506 5928 οὐχί
543 5859 957 5929 πεποιημένος.
1590 5859 1595 5865 ’

2027 499 2083 550 in
2108 514 2265 550 manu
2287 497 2400 567 ejus
2420 515 2467 563 ;s
2499 508 2547 550 et
2578 498 2629 550 in
2656 497 2808 563 illud,
2843 515 2861 546 ι
2899 496 3089 551 Omnia
3121 493 3248 548 mihi
3270 492 3465 544 tradita
3485 502 3603 544 sunt

2028 607 2058 641 a
2092 587 2274 655 Patre,
2320 609 2337 640 ι
2383 598 2430 643 et
2465 590 2516 643 in
2550 588 2701 650 illud,
2740 607 2759 640 ‹
2793 586 2915 640 Non
2937 602 3147 654 possum
3200 603 3231 639 a
3288 600 3367 637 me
3435 584 3603 652 facere

2026 674 2329 744 quidquam,
2364 677 2453 729 sed
2481 678 2613 729 sicut
2647 676 3068 743 audio,judico;
3105 692 3122 724 ι
3152 682 3197 728 ει
3248 676 3301 726 in
3328 674 3435 726 alia
3468 674 3605 725 dicta

2028 764 2108 817 his
2135 766 2357 819 similia.

2527 942 2587 1011 9
2611 940 2907 995 ASSEIIT.
2950 939 3143 996 XXIV.

2099 1031 2164 1086 In
2196 1048 2256 1087 ea
2290 1048 2406 1103 qui!
2435 1034 2671 1086 humano
2695 1049 2835 1087 more
2860 1033 3117 1085 dicuntur
3160 1030 3223 1083 ab
3274 1028 3603 1096 erangelistis

2029 1120 2091 1174 de
2121 1120 2419 1185 Servatore,
2448 1120 2699 1174 nimirum
2723 1123 2776 1175 in
2807 1121 2963 1184 illud,
3002 1139 3021 1171 ι
3064 1118 3254 1181 Flevit,
3300 1138 3317 1171 ι
3357 1128 3404 1171 et
3458 1118 3510 1168 in
3538 1118 3604 1169 il-

2028 1210 2141 1275 lud,
2177 1231 2195 1263 ι
2232 1209 2389 1265 Nunc
2418 1213 2593 1265 anima
2632 1228 2743 1266 mea
2769 1212 2979 1265 turbata
3000 1221 3098 1276 est,
3142 1230 3160 1261 ι
3202 1220 3269 1276 et,
3304 1227 3321 1259 ι
3381 1206 3440 1261 Si
3484 1224 3605 1277 pos-

2028 1302 2175 1355 sibile
2213 1312 2308 1369 est,
2346 1312 2581 1358 transeat
2612 1322 2644 1357 a
2670 1321 2749 1358 me
2779 1305 2921 1357 calix
2955 1305 3069 1371 iste,
3100 1321 3118 1354 ›
3156 1311 3228 1366 et,
3257 1320 3276 1353 ι
3321 1300 3503 1354 Tristis
3532 1310 3603 1351 est

2027 1394 2207 1445 anima
2236 1408 2369 1460 mea,
2403 1411 2422 1444 ι
2454 1392 2663 1461 aliaque
2687 1394 2846 1464 hujus
2873 1393 3080 1464 generis
3109 1392 3268 1445 dicta.
3300 1390 3604 1442 Auctorita-

2031 1492 2105 1537 tes
2149 1499 2318 1537 εστι-ιε
2368 1482 2656 1553 Scriptum
2695 1484 2863 1554 falsas
2913 1484 3280 1539 hereticorum
3337 1481 3606 1549 opiniones

2029 1576 2395 1631 subvertentes.

2564 1748 2857 1805 ASSERT.
2894 1747 3057 1803 XXV.

2102 1842 2171 1897 In
2192 1842 2347 1907 illud,
2381 1859 2401 1895 ι
2441 1839 2834 1911 Primogenitus
2871 1841 3038 1894 omnis
3070 1846 3348 1892 creatum.
3394 1852 3413 1885 ι
3451 1832 3605 1897 Quod

2033 1932 2208 1990 Filius
2231 1950 2334 1989 non
2353 1934 2424 1987 sit
2446 1944 2707 1987 creatura.

2557 2023 2851 2079 ASSER'I‘.
2892 2022 3081 2079 XXVI.

2097 2116 2165 2170 In
2206 2116 2340 2169 illud
2367 2114 2500 2183 ﬁliis
2535 2112 2774 2169 Zebedazi
2800 2112 3023 2176 dictum,
3054 2129 3073 2163 ‹
3133 2109 3323 2166 Sedere
3354 2125 3383 2161 a
3407 2104 3609 2161 dextris

2028 2208 2154 2260 meis
2188 2216 2276 2260 aut
2303 2224 2334 2261 a
2363 2207 2592 2260 sinistris
2622 2222 2724 2260 non
2753 2214 2827 2259 est
2856 2220 3026 2258 meum
3043 2204 3188 2257 dare.
3224 2220 3242 2252 ι

2558 2382 2855 2437 ASSER'I‘.
2922 2380 3139 2437 XXVII.

2100 2475 2167 2531 In
2196 2476 2350 2540 illud,
2385 2494 2403 2528 ι
2449 2473 2518 2530 Ut
2536 2485 2855 2545 cognoscant
2912 2485 2959 2529 te
2994 2474 3164 2529 solum
3205 2489 3379 2528 verum
3417 2471 3607 2537 Deum,

2028 2580 2077 2623 et
2104 2584 2255 2639 quem
2290 2567 2483 2621 misisti
2520 2566 2703 2621 Jesum
2736 2566 3026 2621 Christum.
3068 2584 3086 2618 ι

2538 2658 2831 2717 ASSEIIT.
2873 2658 3112 2715 XXVIII.

2103 2753 2169 2808 In
2189 2753 2324 2809 illud
2360 2752 2520 2809 Luca:
2541 2754 2763 2817 dictum,
2816 2771 2835 2804 ι
2876 2752 3034 2807 Jesus
3083 2762 3257 2805 autem
3310 2750 3612 2819 proﬁciebat

2032 2846 2293 2915 sapientia
2343 2856 2391 2900 et
2432 2855 2587 2900 wtate
2661 2861 2723 2898 ac
2770 2846 2946 2915 gratia
2994 2844 3136 2910 apud
3171 2842 3336 2897 Deum
3358 2856 3411 2911 ,ει
3441 2843 3611 2895 homi-
3672 2886 3673 2889 η

2036 2952 2144 2992 nes.
2188 2956 2207 2990 ι

2558 3026 2854 3083 ASSERT.
2893 3026 3086 3081 XXIX.

2107 3119 2175 3173 In
2234 3119 2386 3183 illud,
2427 3137 2446 3170 ι
2487 3118 2619 3172 Cum
2652 3136 2767 3172 vero
2820 3119 3053 3186 subjecta
3099 3118 3145 3171 ei
3190 3116 3384 3186 fuerint
3412 3116 3617 3170 omnia.

2036 3220 2160 3265 tunc
2188 3222 2233 3262 et
2254 3210 2362 3275 ipse
2385 3224 2588 3277 quoque
2614 3207 2789 3262 Filius
2809 3210 3119 3278 subjicietur
3156 3209 3204 3262 ei
3232 3208 3321 3277 qui
3354 3207 3453 3261 sibi
3486 3223 3615 3260 cun-

2032 3310 2115 3355 cta
2136 3299 2372 3368 subjecit.
2388 3318 2408 3351 ι

2585 3390 2874 3445 ASSERT.
2918 3390 3085 3446 XXX.

2105 3477 2173 3531 In
2199 3479 2357 3545 illud,
2400 3500 2419 3533 ι
2463 3480 2645 3547 Pater,
2678 3481 2918 3550 gloriﬁca
2969 3496 3049 3533 me
3119 3480 3212 3533 illa
3249 3479 3419 3548 gloria
3457 3494 3612 3547 quam

2034 3570 2195 3625 habui
2225 3574 2365 3641 apud
2393 3582 2461 3639 te,
2496 3584 2779 3642 antequam
2814 3575 3040 3626 mundus
3077 3581 3229 3626 esset.
3272 3590 3292 3622 ι

2560 3661 2849 3718 ASSERT.
2892 3661 3085 3718 XXXI.

2106 3755 2368 3810 Adversus
2406 3755 2659 3820 dicentes,
2695 3754 2833 3824 quod
2869 3753 3007 3807 Deus
3057 3754 3223 3808 nihilo
3268 3754 3381 3821 plus
3402 3752 3616 3806 sciatde

2036 3866 2133 3904 sua
2164 3850 2409 3914 essentia,
2432 3864 2600 3918 quam-
2640 3864 2754 3913 nos,
2809 3848 2899 3900 sed
2962 3846 3215 3916 quidquid
3264 3847 3370 3912 ipse
3422 3845 3519 3897 scit
3555 3846 3615 3896 de

2036 3943 2237 4009 seipse»,
2264 3942 2494 4009 idipsum
2512 3950 2565 4000 et
2597 3956 2688 3994 nos
2722 3955 2926 4011 quoque
2957 3940 3097 3993 circa
3148 3938 3310 3991 ullam
3366 3937 3615 4005 differen-

2038 4035 2164 4088 tiam
2184 4033 2334 4088 scire.

2532 4121 2826 4177 ASSERT.
2902 4118 3119 4175 XXXII.

2112 4214 2431 4269 Testimonia
2450 4232 2513 4270 ex
2539 4214 2686 4269 Novo
2729 4218 3077 4285 Testamento,
3115 4228 3395 4280 eorumque
3411 4212 3615 4277 exposi-

2040 4307 2233 4371 tiones,
2257 4322 2374 4360 cum
2404 4305 2736 4375 syllogismis,
2766 4306 2901 4374 quod
2936 4292 3110 4357 Filius
3166 4304 3234 4356 sit
3298 4304 3457 4367 Deus,
3539 4318 3614 4355 se-

2040 4401 2267 4453 cundum
2308 4408 2669 4462 naturam;ex
2690 4414 2791 4467 quo
2814 4397 3045 4465 infertur
3075 4412 3178 4449 non
3227 4411 3337 4449 esse
3380 4410 3508 4464 apus
3544 4396 3627 4449 rel»

2043 4501 2361 4545 creaturam.

2544 4582 2829 4639 ASSERT.
2871 4581 3113 4637 XXXIII.

2111 4676 2263 4741 Quod
2296 4676 2523 4745 Spiritus
2548 4687 2761 4731 sanctus
2806 4679 2870 4729 sit
2914 4676 3051 4729 Deus
3121 4678 3409 4730 secundant
3460 4684 3615 4727 natu-

2042 4783 2155 4819 ram
2180 4778 2226 4820 et
2264 4784 2326 4821 ea:
2360 4770 2584 4821 essentia
2616 4767 2814 4821 Patris.
2848 4767 2910 4820 Et
2966 4769 3105 4834 quod
3126 4786 3217 4838 per
3248 4765 3447 4820 Filium
3472 4782 3608 4819 crea-

2041 4862 2171 4914 turis
2195 4861 2438 4915 donetur.

2478 4952 2582 5021 ιο
2615 4950 2905 5008 ASSERT.
2948 4950 3187 5009 xxxw.

2119 5044 2433 5098 Testimonia
2466 5044 2757 5110 Scriptum
2799 5043 2989 5111 quibus
3020 5045 3255 5107 docetur,
3323 5046 3462 5113 quod
3500 5045 3612 5115 Spi.

2044 5135 2175 5189 ritus
2202 5136 2267 5189 sit
2294 5134 2456 5197 Deus,
2474 5144 2521 5188 et
2542 5138 2774 5186 eamdem
2800 5138 3012 5188 omnino
3035 5151 3149 5187 cum
3188 5134 3331 5188 Filio
3363 5143 3625 5203 operatio-

2045 5242 2162 5279 nem
2188 5227 2397 5288 habeat,
2426 5225 2665 5295 quodque
2706 5241 2806 5277 non
2837 5224 2901 5277 sit
2933 5225 3137 5279 alienus
3168 5227 3233 5279 ab
3264 5228 3427 5294 ipsius
3453 5246 3640 5282 essen-

2046 5317 2138 5369 tia.
2163 5315 2275 5369 Hoc
2296 5318 2454 5370 etiam
2485 5332 2548 5370 ea:
2574 5317 2638 5369 iis
2666 5316 2900 5379 docetur,
2942 5321 3079 5387 quod
3104 5335 3220 5371 cum
3260 5320 3397 5373 Deus
3448 5321 3501 5373 in
3533 5338 3634 5373 no-

2047 5408 2124 5461 bis
2154 5409 2388 5461 habitare
2417 5408 2635 5473 dicitur,
2662 5406 2895 5477 Spiritus
2922 5410 2989 5462 sit
3014 5412 3102 5477 qui
3131 5410 3409 5463 inhabitat.

2545 5585 2839 5641 ASSERT.
2878 5585 3091 5641 XXXV.

2121 5678 2437 5733 Testimonia
2497 5695 2662 5733 sacra:
2740 5678 3029 5744 Scriptura:
3103 5679 3290 5747 quibus
3354 5680 3625 5746 probatur.

2051 5773 2186 5837 quod
2248 5769 2419 5827 Filius
2476 5772 2545 5826 sit
2600 5771 2800 5841 genitus
2848 5785 2910 5824 ea:
2964 5768 3149 5838 Patre,
3198 5780 3248 5823 et
3305 5786 3406 5825 non
3482 5787 3628 5823 crca-

2040 5875 2145 5918 tus.
