4048 6436
443 428 514 486 35

1419 422 1475 478 S.
1517 418 1782 478 CYRILLI
1826 415 2282 473 ALEXANDRINI
2321 413 2633 472 ARCHIEP.

3596 412 3672 467 τι

965 758 1082 881 Η
1161 750 1744 883 ΒΙΒΛΟΣ
1820 752 2155 878 ΤΩΝ
2233 746 3143 881 ΘΗΣΑΥΡΩΝ

820 1031 1071 1117 ΠΕΡΙ
1141 1031 1355 1118 ΤΗΣ
1425 1024 1740 1118 ΑΓΙΑΣ
1811 1026 2002 1114 ΚΑΙ
2075 1029 2727 1120 ΟΜΟΟΥΣΙΟΥ
2799 1030 3281 1118 ΤΡΙΑΔΟΣ.

2002 1268 2075 1283 -ι

1629 1434 2462 1551 THESAURUS

1166 1697 1265 1759 DE
1306 1700 1589 1761 SANCTA
1630 1699 1723 1761 ET
1768 1700 2451 1761 CONSUBSTANTIAU
2494 1702 2927 1761 TRINI'I‘ATE.

2006 1924 2077 1935 ...ρ

867 2079 1429 2171 ASSERTIO
1508 2084 1580 2166 I.

929 2230 1004 2285 De
1027 2230 1197 2300 genito
1217 2240 1266 2283 et
1288 2231 1536 2299 ingenito.

519 2343 615 2415 ιι
667 2340 723 2397 Si
778 2342 961 2397 Ariani
1018 2356 1114 2396 nos
1153 2342 1567 2415 aggrediantur,
1616 2344 2009 2416 interrogantes

452 2448 627 2488 utrum
648 2448 810 2486 unum
831 2432 1204 2501 sitingenitutn
1228 2448 1293 2485 an
1311 2432 1435 2497 duo,
1458 2442 1515 2485 ut
1539 2448 1657 2487 cum
1681 2450 1839 2489 unum
1864 2446 2010 2492 certe

454 2538 571 2577 esse
600 2523 913 2587 dixerimus,
933 2523 997 2575 ad
1015 2520 1227 2583 Patrem
1252 2522 1305 2575 id
1327 2521 1636 2584 referentes,
1657 2524 1847 2579 Filium
1871 2528 2009 2582 inter

456 2623 732 2668 creaturas
747 2612 1067 2670 collocemus
1086 2630 1099 2665 :
1114 2612 1187 2667 ita
1204 2613 1524 2680 respondere
1534 2624 1743 2684 oportet
1764 2615 2007 2671 frivolam

457 2713 510 2757 et
533 2704 761 2771 ineptam
784 2702 1253 2771 interrogationem
1277 2716 1428 2757 esse:
1460 2705 1637 2759 varias
1667 2706 1807 2760 enim
1840 2706 2007 2775 signi-

460 2794 741 2848 ﬁcationes
772 2792 931 2846 habet
959 2792 1262 2860 ingenitum.
1288 2790 1423 2845 Nam
1448 2792 1732 2862 ingenitum
1759 2796 2003 2865 estquod

452 2882 688 2937 uenatum
719 2882 934 2951 quidem
964 2882 1161 2937 factum
1194 2890 1294 2947 est,
1330 2890 1384 2937 et
1413 2892 1591 2939 tamen
1634 2885 1749 2939 deri
1783 2894 1958 2955 potest
1989 2903 2003 2940 :

453 2972 595 3027 sicut
626 2986 656 3026 ο
690 2972 832 3042 ligno
859 2974 1080 3042 scapha,
1110 2984 1163 3028 et
1192 2988 1257 3027 ex
1300 2988 1411 3028 tere
1452 2984 1649 3029 statua.
1687 2974 1892 3029 Rursus
1921 2978 2007 3030 in-

454 3062 685 3127 genitum
717 3061 933 3127 dicitur,
972 3061 1115 3131 quod
1150 3078 1421 3132 nunquam
1455 3062 1656 3119 factum
1702 3074 1805 3128 eat,
1839 3080 2010 3133 neque

458 3148 572 3201 ﬁeri
604 3158 778 3215 potest
810 3166 825 3202 :
854 3158 930 3214 ut,
954 3150 1185 3218 exempli
1216 3152 1411 3219 gratia,
1433 3152 1731 3222 triangulus
1756 3166 1856 3205 nec
1883 3151 2006 3214 fuit,

458 3240 685 3294 necerit
715 3254 945 3308 unquam
979 3239 1399 3308 quadrangulus.
1452 3240 1625 3295 Simul
1677 3242 1820 3297 enim
1876 3242 2012 3311 perit

458 3328 707 3396 trianguli
744 3328 935 3398 ﬁgura,
978 3330 1081 3383 alia
1128 3328 1371 3397 quadam
1420 3345 1580 3400 quam
1620 3340 1757 3395 erat,
1796 3330 1875 3384 lit.
1930 3331 2010 3385 Ad

458 3417 571 3472 llaec
600 3420 885 3486 ingenitum
927 3418 1141 3481 dicitur,
1186 3420 1327 3488 quod
1357 3420 1604 3487 quamvis
1635 3421 1705 3475 sit
1754 3430 1807 3473 et
1838 3418 2012 3476 subsi-

2028 2088 2073 2142 Α

2434 2080 2795 2165 ΛΟΓΟΣ
2872 2080 3335 2166 ΠΡΩΤΟΣ.

2441 2219 2580 2285 Περὶ
2620 2220 2869 2286 τενητοῦ
2908 2220 3003 2273 καὶ
3044 2220 3359 2287 ἀγενήτου.

2182 2330 2241 2382 Εί
2290 2330 2547 2401 διερωτᾷν
2592 2334 2742 2401 ἡμᾶς
2786 2334 3111 2401 ἐπιχειροῖεν
3147 2331 3413 2403 Ἀρειαννοὶ
3441 2371 3455 2397 ,
3506 2331 3565 2386 ιν
3613 2331 3681 2385 ab

2108 2422 2421 2492 ἀγένητονῆ
2452 2416 2580 2487 δύο,’
2604 2423 2691 2477 ίνα
2727 2424 2883 2493 δῆθεν
2914 2423 2972 2475 ἒν
3001 2423 3245 2485 είπόντες
3288 2422 3437 2487 αὐτὸ,
3474 2424 3567 2475 καί
3596 2424 3678 2487 εις

2107 2513 2197 2567 τὸν
2220 2514 2436 2585 Πατέρα
2465 2515 2740 2584 φέροντες,
2768 2516 2824 2568 ὲν
2852 2517 2964 2577 τοῖς
2985 2516 3228 2583 γενητοῖς
3254 2514 3678 2585 καταριθμήσω-

2112 2621 2209 2673 μεν
2251 2605 2339 2658 τὸν
2373 2606 2521 2667 Υίὸν,
2551 2605 2951 2675 ἀποκρίνασθαι
2999 2604 3104 2676 χρὴ
3146 2603 3402 2657 τοιῶσδε·
3456 2604 3675 2673 πρῶτον

2111 2693 2209 2762 μὲν
2256 2688 2347 2747 οὖν
2395 2694 2611 2765 ἀμαθὴς
2660 2695 2754 2747 καὶ
2794 2694 3118 2757 ἀπαίδευτος
3143 2695 3176 2763 ἡ
3208 2694 3506 2763 ἐρώτησις·
3535 2692 3679 2747 κατά

2108 2779 2274 2843 πολλά
2302 2780 2407 2850 γὰρ
2431 2782 2798 2851 σημαινόμενα
2852 2783 2912 2833 τὸ
2939 2776 3231 2848 ἀγένητον
3254 2779 3673 2849 ἐπιλαμϐάνεται.

2120 2870 2432 2940 ’Λγένητόν
2463 2872 2665 2927 ἔστιτὸ
2705 2874 2876 2943 μήπω
2912 2873 3009 2941 μὲν
3052 2872 3361 2941 γενόμενον,
3397 2871 3679 2941 ινδεχόμε-

2107 2978 2196 3015 νον
2222 2962 2277 3015 δὲ
2302 2963 2573 3030 γενέσθαι,
2604 2962 2679 3025 ὡς
2702 2963 2808 3015 ἀπὸ
2846 2962 3004 3025 ξύλου
3037 2964 3261 3030 σκάφος,
3296 2964 3335 3032 ἢ»
3368 2965 3431 3015 ὲκ
3472 2960 3675 3033 χαλκοῦ

2108 3052 2345 3122 ἀνδριάς.
2379 3055 2488 3106 Καὶ
2520 3052 2677 3107 πάλιν
2710 3054 2999 3120 ἀγένητον
3022 3052 3239 3120 λέγεται
3269 3054 3331 3105 τὸ
3364 3054 3501 3124 μήτε
3532 3052 3677 3122 γινό-

2110 3159 2269 3211 μενον
2298 3143 2534 3204 πώποτε,
2574 3144 2713 3212 μήτε
2743 3141 2847 3212 μὴν
2896 3141 3147 3209 γενέσθαι
3175 3141 3471 3212 δυνάμενον
3493 3156 3508 3170 ⁸
3542 3141 3676 3213 φέρε

2107 3236 2299 3297 εἰπεῖν,
2338 3235 2397 3287 τὸ
2432 3235 2694 3305 τρίγωνον
2726 3236 2909 3305 σχῆμα
2934 3236 2995 3288 ού
3034 3235 3222 3303 γέγονέ
3256 3252 3384 3288 ποτε
3408 3235 3679 3306 τετράγω-

2110 3339 2223 3385 νον,
2260 3322 2369 3375 οῢτ’
2403 3322 2467 3376 ἂν
2501 3323 2708 3389 γένοιτό
2741 3338 2871 3375 ποτε
2893 3339 2905 3352 '
2940 3322 3059 3392 ἅμα
3084 3322 3193 3393 γὰρ
3233 3323 3553 3390 ἀφανίζεται
3581 3320 3677 3375 τοῦ

2110 3410 2375 3479 τριγώνου
2406 3410 2465 3462 τὸ
2489 3410 2692 3479 σχῆμα,
2728 3410 2914 3481 ἕτερόν
2942 3427 2992 3463 τι
3027 3410 3155 3479 παρ’
3184 3411 3319 3480 ὅπερ
3351 3405 3418 3481 ἦν
3445 3410 3678 3477 γίνεται.

458 3516 581 3567 stat,
604 3484 873 3577 nunquam
920 3517 1092 3561 tamen
1127 3484 1409 3578 ex‘aliquo
1445 3509 1643 3564 factum
1716 3508 1836 3564 fuit.
1872 3510 2006 3564 Cani

2115 3501 2343 3568 Λέγεται
2379 3501 2539 3555 πάλιν
2582 3502 2900 3570 ἀγένητον,
2930 3500 2991 3554 τδ
3022 3502 3263 3572 ὑπάρχον
3294 3501 3395 3571 μὲν
3430 3502 3523 3554 καὶ
3558 3500 3675 3569 ὐφ-

456 3612 583 3665 crgo
613 3597 791 3651 multis
829 3597 931 3666 12
977 3597 1149 3652 modis
1182 3598 1465 3667 ingenitum
1512 3599 1791 3668 capiatur,
1830 3599 2011 3653 dicant

2115 3592 2357 3663 εστηκὺς,
2379 3591 2461 3665 μὴ
2480 3592 2585 3662 μὴν
2603 3592 2965 3662 γεγενημένον
2982 3592 3084 3645 ὑπό
3105 3591 3429 3654 τινος.Κατά
3451 3590 3679 3652 πολλοὺς

456 3689 587 3757 quid
617 3688 777 3743 velint
804 3690 1090 3758 ingenitum
1127 3690 1179 3743 in
1217 3690 1325 3743 Deo
1362 3690 1689 3759 signiﬁcare.
1718 3692 1793 3744 Ac
1836 3690 2011 3746 dicent

2115 3682 2396 3754 τοιγαροῦν
2442 3683 2726 3753 νοουμένου
2760 3684 2989 3753 τρόπους
3022 3683 3117 3736 τοῦ
3152 3683 3464 3752 ἀγενήτου,
3488 3681 3541 3733 τί
3571 3682 3677 3749 ἄρα

460 3780 707 3846 fortasse,
742 3782 883 3849 quod
910 3796 1181 3850 nunquam
1214 3783 1452 3851 genitum
1491 3784 1563 3838 sit
1592 3800 1611 3837 :-
1640 3782 1873 3838 confessi
1899 3783 2011 3853 pri-

460 3885 601 3924 mum
633 3885 753 3925 sese
784 3872 999 3927 indocte
1046 3874 1433 3941 interrogasse.
1478 3874 1785 3929 Statuamus
1830 3876 2015 3944 itaque

458 3960 621 4013 etiam
653 3976 816 4014 unum
842 3976 962 4017 esse
990 3964 1307 4033 ingenitum.
1344 3964 1495 4030 Quod
1528 3965 1573 4019 si
1615 3979 1681 4019 ex
1722 3966 1824 4019 hoc
1872 3964 2014 4019 inl'e-

461 4059 600 4115 rant,
637 4065 855 4106 necesse
881 4053 1102 4108 omnino
1143 4068 1261 4109 esse
1292 4064 1349 4107 ut
1384 4054 1582 4108 factum
1608 4053 1801 4108 Filium
1839 4056 2014 4109 conti»

462 4149 689 4203 teamur,
724 4142 979 4209 quoniam
1023 4158 1161 4198 unus
1206 4143 1543 4198 solummodo
1598 4143 1867 4214 ingenitus
1908 4151 2012 4207 est,

460 4229 711 4283 nimirum
748 4229 941 4296 Pater;
973 4232 1086 4286 haec
1126 4242 1313 4287 contra
1339 4233 1559 4287 audient
1590 4251 1603 4286 :
1637 4231 1693 4287 Si
1727 4233 2011 4301 sapientia,

460 4330 516 4375 ct
543 4322 733 4387 virtus,
750 4334 804 4378 et
834 4330 1052 4379 verbum
1080 4324 1258 4381 Patris
1286 4335 1371 4381 est
1391 4326 1589 4391 Filius;
1620 4337 1847 4396 eratque
1873 4341 2015 4381 sem-

463 4426 557 4478 per
587 4412 639 4466 in
664 4412 819 4468 Patre
853 4414 1118 4482 Verbum,
1150 4425 1203 4471 et
1223 4417 1510 4484 sapientia,
1569 4426 1624 4470 et
1664 4418 1835 4471 virtus
1869 4434 1883 4470 :
1911 4432 2014 4472 non

464 4500 625 4569 igitur
653 4511 737 4556 est
762 4504 1026 4571 posterior
1055 4513 1176 4558 ortu
1208 4502 1400 4568 FlllllS,
1430 4504 1519 4572 qui
1550 4505 1661 4557 haec
1696 4503 1808 4572 ipsa
1852 4512 1907 4557 et
1936 4514 2016 4558 est

459 4602 513 4644 ot
543 4604 767 4646 vocatur
797 4610 810 4646 :
844 4596 936 4647 sed
973 4594 1419 4660 quemadmodqu
1444 4610 1507 4647 ex
1543 4593 1651 4649 Deo
1678 4594 1836 4659 Deus,
1868 4606 1921 4648 et
1952 4596 2016 4647 de

462 4680 662 4735 lumine
690 4681 865 4737 lumen
896 4681 1114 4747 elfulsit,
1148 4684 1227 4737 sic
1249 4698 1312 4738 ex
1345 4699 1448 4737 non
1494 4682 1640 4738 facto
1670 4699 1772 4737 non
1808 4683 2008 4737 factus.

460 4767 587 4823 Tale
617 4786 844 4840 namque
873 4783 1083 4842 oportet
1106 4787 1224 4828 esse
1245 4770 1500 4838 Verbum,
1529 4772 1708 4842 qualis
1742 4773 1903 4827 etiam
1934 4782 2014 4827 est

462 4862 553 4928 qui
585 4860 758 4926 ipsum
799 4864 1001 4929 genuit.
1034 4863 1109 4917 Ita
1135 4864 1279 4917 enim
1314 4863 1368 4918 id
1392 4866 1533 4934 quod
1557 4862 1732 4919 Patris
1758 4866 2010 4919 substan-

463 4950 549 5002 tia:
580 4951 849 5019 pr0prium
878 4960 980 5015 est.
1032 4968 1158 5007 vere
1186 4954 1395 5007 dicetur
1438 4954 1489 5007 in
1543 4969 1607 5009 eo
1644 4968 1785 5017 esse,
1820 4955 1909 5023 qui
1950 4970 2016 5008 ex

463 5038 580 5104 ipso
609 5041 819 5107 genitus
846 5053 947 5096 est.
991 5041 1133 5097 Nihil
1164 5044 1324 5113 igitur
1340 5044 1518 5098 obstat
1567 5045 1852 5114 quominus
1892 5060 2013 5098 cum

464 5146 600 5185 unus
635 5132 704 5184 sit
748 5130 907 5187 Pater
938 5150 1043 5189 non
1090 5135 1286 5201 factus,
1316 5135 1549 5191 Verbum
1583 5138 1745 5191 etiam
1776 5139 1916 5206 quod
1950 5152 2013 5191 ex

464 5221 578 5286 ipso
604 5230 708 5287 est,
738 5236 842 5276 non
872 5224 942 5277 sit
970 5224 1168 5279 factum
1229 5244 1241 5281 :
1271 5228 1468 5297 quippe
1494 5228 1635 5296 quod
1689 5242 1851 5281 unum
1886 5241 2007 5280 cum

468 5310 622 5365 Patre
653 5322 708 5367 et
736 5313 788 5367 in
820 5314 977 5371 Patre
1009 5327 1227 5386 propter
1267 5328 1475 5373 naturae
1510 5320 2015 5373 incommutabilita-

468 5410 571 5453 tem
600 5417 718 5457 esse
746 5404 1079 5475 intelligitur.
1101 5408 1251 5475 Quod
1273 5410 1486 5477 quidem
1526 5410 1685 5463 etiam
1724 5408 1837 5477 ipse
1857 5410 1921 5462 de
1959 5422 2017 5462 sc

469 5492 543 5542 ait
578 5509 590 5543 :
627 5509 645 5543 ι
687 5493 796 5561 Ego
850 5507 903 5549 et
952 5495 1112 5552 Pater
1155 5514 1316 5553 unum
1362 5513 1547 5554 sumus
1576 5500 1617 5551 ⁸.
1651 5517 1669 5549 ι
1708 5496 1837 5551 Nam
1898 5512 2014 5564 Der.

469 5594 666 5645 unum,
719 5582 1047 5639 identitatem
1097 5588 1407 5643 substantiae
1463 5586 1823 5659 significavit;
1887 5599 2013 5655 POT.

530 5757 552 5791 '
576 5753 726 5811 Joan.
767 5774 817 5821 κ,
849 5757 935 5810 50.

2043 4835 2083 4891 C

2115 3773 2399 3844 σημαίνειν
2431 3775 2523 3827 ἐπὶ
2544 3772 2683 3827 Θεοῦ
2712 3772 2987 3843 βούλονται
3018 3774 3099 3836 ab,
3140 3772 3471 3842 drérnror;
3502 3770 3677 3835 ,’Δλλ⁹

2114 3863 2244 3927 ἴσως
2292 3864 2354 3917 τὸ
2406 3864 2480 3934 μὴ
2520 3864 2844 3933 γεγενῆσθαι
2895 3865 3195 3935 φήσουσιν,
3250 3863 3681 3934 ὁμολογήσαντες

2115 3956 2380 4027 πρότερον
2417 3956 2751 4020 ἀπαιδεύτως
2795 3956 3123 4025 πεποιῆσθαι
3169 3957 3267 4027 τὴν
3317 3956 3677 4027 ὲπερὼτησιν.

2114 4044 2367 4113 Λεγέσθω
2390 4045 2565 4098 τοίνυν
2600 4046 2694 4099 καὶ
2740 4046 2868 4115 παρ’
2902 4047 3059 4114 ἡμῶν
3091 4046 3172 4098 ὅτι
3206 4044 3262 4096 ἓν
3307 4043 3366 4097 τὸ
3396 4044 3678 4113 ἀγένητον.

2113 4134 2175 4187 El
2222 4134 2277 4187 δὲ
2322 4135 2456 4204 πρὸς
2487 4134 2642 4188 τοῦτο
2671 4136 2845 4202 φαῖεν,
2875 4134 3084 4187 Οὐκοῦν
3121 4134 3334 4204 ἀνάγκη
3377 4136 3524 4188 πᾶσα
3559 4151 3681 4187 συν·

2114 4226 2389 4293 ομολογεῖν
2421 4224 2745 4294 γεγενῆσθαι
2783 4224 2873 4276 τὸν
2914 4224 3061 4288 Υίδν,
3095 4224 3281 4292 ἐπειδὴ
3326 4224 3385 4275 τὸ
3416 4209 3680 4293 ἀγένητον

2117 4317 2195 4378 ἓν,
2221 4317 2355 4385 ὅπερ
2396 4317 2539 4367 ἐστὶν
2585 4316 2613 4368 6
2659 4315 2865 4387 Πατὴρ,
2896 4315 3317 4369 ἀντακούσονται
3369 4314 3565 4368 πάλιν·
3616 4314 3677 4367 Et

2118 4404 2276 4472 σοφία
2309 4403 2402 4457 καὶ
2436 4403 2680 4474 δύναμις,
2724 4406 2817 4456 καὶ
2863 4403 3017 4470 λόγος
3061 4402 3151 4455 τοῦ
3199 4402 3411 4469 Πατρός
3458 4402 3605 4453 ἐστιν
3652 4400 3681 4452 ὁ

2118 4495 2272 4555 Υίός’
2303 4489 2371 4563 ἦν
2410 4492 2467 4546 δὲ
2496 4492 2583 4546 ἀεὶ
2621 4492 2679 4545 ὲν
2716 4492 2889 4562 Πατρὶ
2921 4491 3096 4559 λόγος,
3140 4492 3235 4543 καὶ
3266 4490 3443 4557 σοφία,
3474 4490 3567 4541 καὶ
3591 4488 3682 4541 δύο

2115 4601 2297 4653 ναμις,
2320 4584 2420 4635 ούκ
2450 4582 2762 4649 ὲπιγέγονεν
2792 4578 2883 4635 οὖν
2915 4583 2943 4633 6
2976 4582 3122 4643 Υίὺς,
3151 4580 3211 4643 ὃς
3241 4578 3415 4632 ταῦτά
3442 4579 3559 4631 ἐστι
3586 4577 3681 4631 καὶ

2116 4671 2531 4727 καλεῖται.’Δλλ⁹
2560 4672 2749 4739 ὥσπερ
2794 4670 2857 4721 ἐκ
2892 4667 3024 4721 Θεοῦ
3072 4668 3223 4731 Θεὸς,
3255 4668 3346 4719 καὶ
3392 4668 3456 4719 ἐκ
3506 4664 3681 4733 φωτὸς

2117 4760 2386 4833 ἐξέλαμψε
2418 4758 2555 4828 φῶς,
2588 4756 2731 4816 οὕτω
2758 4757 2853 4810 καὶ
2890 4755 2950 4821 ἐξ
2984 4756 3245 4825 ἀγενήτου
3274 4754 3555 4823 ἀγένητος.
3590 4754 3681 4806 Δεῖ

2119 4855 2223 4923 γὰρ
2249 4848 2385 4905 εἶναι
2413 4849 2649 4903 τοιοῦτον
2687 4848 2779 4901 τὸν
2800 4848 2989 4915 Λόγον,
3019 4846 3200 4907 ὁποῖός
3235 4847 3349 4896 ἐστι
3381 4843 3477 4897 καὶ
3502 4845 3531 4897 ὀ
3560 4859 3697 4911 γεν-·

2120 4948 2286 5016 νήσας
2318 4944 2496 4997 αὐτόν.
2527 4941 2680 4995 Οὕτω
2706 4942 2812 5010 γὰρ
2840 4940 2904 4993 ἂν
2929 4939 2989 4991 τὸ
3008 4938 3106 5007 τῆς
3135 4936 3229 4990 τοῦ
3257 4935 3469 5006 Πατρδς
3495 4933 3682 4997 οὐσίας

2120 5037 2339 5106 γνήσιον
2367 5032 2751 5101 ὲπαληθεύοιτο
2778 5031 2853 5101 τῷ
2892 5030 2951 5094 ἐξ
2987 5028 3149 5082 αὑτοῦ
3179 5025 3519 5096 γεννωμένῳ.
3559 5024 3682 5077 Κω-

2120 5128 2235 5179 λύει
2281 5125 2459 5179 τοίνυν
2505 5123 2654 5184 οὐδὲν
2686 5123 2800 5185 ἑνὸς
2824 5122 2971 5185 ὄντος
3017 5119 3111 5173 τοῦ
3156 5120 3417 5187 ἀγενήτου
3448 5114 3678 5186 Πατρὸς,

2120 5218 2384 5287 ἀγένητον
2408 5211 2544 5268 εἶναι
2569 5214 2662 5267 καὶ
2694 5214 2784 5266 τὸν
2804 5212 2862 5276 ἐξ
2889 5210 3050 5265 αὐτοῦ
3074 5211 3261 5279 Λόγον,
3278 5208 3350 5271 ὡς
3381 5208 3437 5261 ἓν
3464 5224 3515 5259 τι
3545 5204 3681 5275 μετά

2123 5312 2331 5381 Πατρδς
2380 5310 2473 5362 καὶ
2504 5308 2561 5359 ὲν
2593 5307 2766 5375 Πατρὶ
2805 5303 3089 5373 νοούμενον
3120 5300 3206 5353 διά
3232 5301 3293 5352 τὸ
3332 5300 3428 5368 τῆς
3467 5296 3680 5366 φύσεως

2121 5400 2569 5469 ἀπαράλλακτον·
2599 5395 2626 5447 ὃ
2670 5395 2733 5461 δὴ
2779 5394 2872 5447 καὶ
2916 5392 3075 5453 αὐτὸς
3104 5391 3229 5460 περὶ
3266 5387 3455 5441 ἑαυτοῦ
3486 5400 3676 5456 φησιν·

2131 5491 2311 5559 ‹,Ἑγὼ
2343 5490 2437 5543 καὶ
2460 5490 2486 5541 ὁ
2512 5488 2697 5557 Πατὴρ
2730 5484 2787 5538 ἓν
2818 5486 3003 5553 ἐσμεν,
3032 5502 3049 5533 ι
3081 5480 3167 5534 διὰ
3208 5481 3303 5549 μὲν
3331 5478 3445 5543 τοῦ,
3474 5476 3562 5539 ἓν,
3584 5476 3680 5543 τὴν

2123 5582 2423 5652 ταυτότητα
2455 5579 2554 5648 τῆς
2582 5576 2767 5640 οὐσίας
2797 5574 3071 5646 σημαίνων
3090 5590 3101 5602 ’
3131 5571 3214 5624 διὰ
3249 5571 3302 5623 δὲ
3334 5569 3444 5636 τοῦ,
3470 5567 3678 5637 ἐσμὲν,
