4048 6438
304 445 375 502 25
1732 447 2185 508 THESAURUS.
3521 446 3594 510 26

300 572 379 621 εις
403 556 573 612 δυάὀα
612 558 826 629 τέμνων
853 559 915 614 τὸ
942 560 1257 632 νοούμενον,
1298 562 1393 617 καὶ
1425 562 1587 618 πάλιν
1631 564 1711 627 εἰς
1758 562 1860 634 -μία

2000 580 2204 629 suntne,
2237 563 2290 619 in
2312 564 2420 619 dno
2443 562 2722 627 scindens,
2751 561 2803 616 id
2829 562 2974 633 quod
2996 559 3317 635 intelligitur
3344 560 3397 617 in
3428 578 3593 618 unam

300 647 681 718 περισφίγγων
707 648 977 721 Θεάτητα.

987 743 1191 798 ΔΛΛΟ.

365 830 431 885 El
470 833 565 888 τοῦ
608 834 826 907 Πατρὸς
857 834 1023 891 εἰκὼν
1051 837 1470 909 ἀπαράλλακτός
1495 838 1646 891 ἐστιν
1677 840 1706 892 ὁ
1736 837 1887 901 Υἱὸς,

291 922 369 987 ὡς
394 925 604 981 ἐκεῖνον
632 928 692 981 ὲν
724 928 876 1000 αὐτῷ
904 929 1212 999 φαίνεσθαι,
1245 931 1388 985 κατά
1428 930 1509 993 τὸ,
1558 950 1576 984 ι
1598 931 1657 983 '0
1708 931 1885 1001 ἑωρα-

291 1016 405 1081 κὼς
436 1019 559 1089 ἐμὲ,
596 1019 811 1092 ἑώρακε
845 1022 942 1076 καὶ
970 1023 1061 1077 τὸν
1088 1023 1334 1094 Πατέρα,
1369 1042 1388 1078 ι
1438 1024 1655 1095 ἀνάγκη
1681 1024 1883 1093 λέγειν,

288 1108 555 1181 ἀγένητον
587 1106 727 1167 εἶναι
753 1113 846 1170 τὸν
877 1114 937 1180 ἐξ
962 1115 1229 1186 ἁγενήτου
1261 1114 1595 1186 προελθόντα
1624 1115 1839 1187 Πατρός
1864 1131 1879 1146 '

288 1199 411 1256 ἐπεὶ
441 1203 561 1268 ruite
592 1204 658 1259 ἂν
686 1206 746 1259 ὲν
765 1201 842 1277 τῷ
870 1206 1087 1279 γενητῷ
1114 1206 1303 1279 ὀφθείη
1338 1208 1469 1261 ποτὲ
1497 1206 1556 1261 τὸ
1585 1207 1882 1277 ἀγένητονς

286 1292 354 1350 El
379 1293 491 1367 γὰρ
521 1295 583 1351 τὸ
610 1296 920 1368 ἀρχέτυπον
941 1300 1006 1360 ἐν
1023 1298 1102 1370 τῷ
1130 1298 1705 1371 μιμήματιφαίνοιτο,
1729 1298 1882 1353 ἔσται

284 1388 507 1453 πάντως
530 1388 674 1442 κατὰ
702 1389 860 1444 τοῦτο
891 1391 1284 1463 κάκεῖνο.⁶Ὠρα
1318 1390 1498 1459 λέγειν
1526 1387 1620 1444 οὖν
1654 1391 1881 1461 γενητὸν

282 1472 429 1534 εἶναι
467 1482 560 1536 καὶ
587 1482 678 1537 τὸν
705 1483 948 1555 Πατέρα,
980 1484 1105 1540 καθ’
1133 1484 1194 1539 ὅν
1218 1486 1253 1556 ἠ
1281 1482 1447 1539 εἰκὼν
1471 1481 1790 1555 ὲμορφώθη.
1814 1482 1879 1536 Ei

279 1572 338 1627 δὲ
366 1572 525 1629 τοῦτο
552 1575 771 1641 ἄτοπον,
803 1576 957 1633 ἔσται
984 1578 1205 1643 πάντως
1237 1576 1507 1648 ἀγενήτου
1531 1575 1591 1631 τὸ
1614 1574 1880 1647 ἀγένητον

279 1665 471 1723 εἰκών.

976 1848 1181 1902 ΑΛΛΟΑ

1997 669 2189 709 rursus
2217 653 2487 710 Deitatem
2521 653 2865 722 constringit.

2686 743 2919 801 ALIUD.

2068 835 2125 892 Si
2151 835 2329 893 Filius
2362 845 2449 893 est
2494 834 2962 894 incommutabilis
2990 832 3171 891 Patris
3211 835 3414 907 imago,
3456 836 3594 890 adeo

1994 943 2054 986 ut
2080 930 2241 987 Pater
2268 931 2321 986 in
2351 929 2491 986 Filio
2524 938 2809 1000 appareat,
2830 929 2973 985 sicut
3003 928 3270 998 scriptum
3298 940 3410 985 est:
3436 948 3455 981 ι
3485 929 3591 997 Qui

1993 1025 2139 1079 videt
2167 1039 2279 1091 me,
2309 1023 2457 1079 videt
2495 1032 2553 1079 et
2579 1022 2795 1078 Patrem
2825 1020 2869 1090 ⁸,
2911 1041 2930 1075 ι
2962 1035 3189 1077 necesse
3221 1022 3445 1078 omnino
3475 1020 3592 1076 fue-

1995 1118 2067 1172 rit
2096 1116 2370 1179 conﬁteri,
2408 1130 2514 1172 non
2544 1128 2668 1171 esse
2689 1112 2890 1169 factum
2922 1128 3046 1170 eum
3079 1113 3172 1183 qui
3204 1127 3273 1170 ex
3299 1129 3407 1169 non
3442 1111 3591 1169 facto

1989 1207 2151 1264 Patre
2172 1208 2435 1278 procedit.
2459 1206 2578 1276 Quo
2610 1216 2771 1277 pacto
2797 1207 2943 1281 enim
2973 1210 3025 1262 in
3067 1206 3216 1268 facto
3249 1215 3513 1278 appareat
3537 1206 3588 1261 id

1990 1304 2136 1374 quod
2169 1301 2370 1356 factum
2405 1315 2511 1356 non
2540 1299 2669 1355 est?
2703 1298 2840 1355 Nam
2866 1300 2911 1356 si
2952 1299 3311 1373 archetypum
3359 1299 3413 1353 in
3452 1299 3589 1353 ima-

1988 1396 2121 1467 gine
2143 1404 2425 1466 appareat,
2471 1402 2688 1463 oportet
2724 1402 2783 1447 ut
2813 1392 2930 1448 lucc
2975 1391 3175 1448 similis
3216 1391 3287 1447 sit
3323 1390 3420 1446 illi.
3474 1388 3588 1460 0p-

1989 1499 2221 1559 portune
2265 1486 2450 1558 itaque
2493 1487 2599 1542 dici
2652 1494 2831 1557 posset
2878 1485 3044 1541 etiam
3098 1484 3316 1540 Patrem
3374 1483 3580 1539 factum

1987 1596 2135 1644 esse,
2169 1579 2232 1634 ad
2256 1593 2418 1648 quem
2456 1577 2635 1646 imago
2666 1578 2903 1632 formata
2932 1582 3037 1631 est.
3072 1575 3144 1630 At
3184 1590 3307 1631 cum
3345 1574 3449 1631 hoc
3490 1574 3587 1629 ah-

1987 1674 2211 1729 surdum
2249 1675 2339 1741 sit,
2386 1673 2492 1729 erit
2525 1674 2753 1729 omnino
2801 1671 2981 1743 imago
3008 1685 3115 1727 non
3157 1669 3287 1727 facti
3329 1668 3587 1727 similiter

1990 1784 2093 1824 non
2128 1767 2291 1824 facta.

2671 1855 2903 1916 ALIUD.

360 1938 422 1994 ὀ
446 1936 717 2011 μακάριος
739 1936 946 2011 Μωσῆς
965 1937 1073 2011 τὴν·
1085 1937 1180 1992 τοῦ
1207 1936 1499 2010 ἀνθρώπου
1527 1937 1860 2010 κατασκευὴι

2052 1950 2255 2009 Beatus
2280 1950 2372 2007 ille
2401 1949 2617 2024 Moyses
2649 1950 2990 2007 creationem
3037 1947 3276 2006 hominis
3316 1961 3585 2005 enarrans

274 2028 663 2101 ἑξηγούμενος,
699 2029 946 2106 εἰσφέρει
992 2028 1222 2098 λέγοντα
1270 2027 1441 2083 Θεόν·
1501 2047 1519 2081 ι
1551 2029 1875 2100 Ποιήσωμεν

272 2123 563 2198 ἄνθρωπον
589 2124 709 2178 κατ’
728 2124 913 2178 εἰκόνα
942 2124 1224 2195 ἡμετέραν
1255 2123 1351 2177 καὶ
1381 2119 1505 2176 καθ’
1526 2120 1786 2193 ὁμοίωσιν
1806 2138 1820 2152 ο
1847 2138 1868 2174 ι

271 2217 338 2269 ἐν
363 2214 423 2270 δὲ
469 2215 545 2286 τῷ
587 2214 790 2284 λέγειν,
824 2213 1156 2285 ἡμετέραν,
1179 2212 1342 2267 πάλιν
1369 2214 1403 2281 ἡ
1440 2210 1573 2277 δυὰς
1608 2210 1873 2283 σημαίνε-

269 2327 363 2365 ται
384 2323 398 2337 ·
455 2310 706 2373 συνόντος
754 2306 999 2379 δηλονότι
1050 2308 1145 2361 καὶ
1199 2305 1727 2377 συνθεολογουμένου
1774 2303 1871 2358 τοῦ

269 2402 430 2472 ἁγίου
476 2400 815 2473 Πνεύματος.
842 2401 907 2455 Εἰ
931 2401 1008 2455 ’δὲ
1053 2402 1111 2454 ὲν
1146 2400 1229 2453 ἑνὶ
1257 2399 1336 2472 τῷ
1366 2398 1700 2471 ἀνθρώπιῳὴ
1733 2397 1871 2469 αὐτὴ

266 2494 363 2549 τοῦ
401 2494 615 2566 Πατρὸς
644 2494 739 2548 καὶ
769 2492 864 2547 τοῦ
902 2491 1034 2547 Υἱοῦ
1064 2493 1313 2561 φαίνεται
1343 2490 1530 2559 εἰκὼν,
1566 2492 1691 2547 κατ’
1720 2491 1872 2546 οὐδὲν

266 2588 379 2657 ἀρα
433 2589 535 2656 τῆς
581 2584 720 2655 πρὸς
764 2583 1033 2654 ἀλλήλους
1073 2581 1485 2636 διαλλάττουσιν
1530 2580 1870 2651 ὁμοιότητος.

278 2677 563 2747 Ἀνόμοιον
596 2675 655 2744 ᾃὲ
697 2673 913 2746 γενητῷ
950 2674 1012 2728 τὸ
1047 2672 1342 2743 ἀγένητονο
1375 2671 1477 2726 οὐκ
1504 2670 1613 2743 ἄρα
1641 2671 1871 2743 γενητὸς

264 2773 294 2825 ὁ
322 2770 469 2835 Υἱὸς,
503 2769 593 2825 ἵνα
626 2768 702 2841 μὴ
731 2768 986 2839 ἀνόμοιος
1017 2767 1303 2836 φαίνηται.

966 2860 1169 2913 ᾹΛΛΟ.

336 2952 580 3025 Λέγεται
621 2951 776 3024 παρά
800 2952 923 3015 ταῖς
953 2949 1129 3013 Θείαις
1164 2950 1412 3021 Γραφαῖς
1466 2947 1869 3022 παντοκράτωρ

262 3048 359 3102 καὶ
389 3047 597 3119 Κύριος
630 3047 659 3100 ὁ
690 3045 916 3117 Πατήρ’
948 3045 1065 3099 ἀλλ’
1094 3044 1195 3116 οὐχ
1230 3044 1307 3109 ὼς
1343 3043 1403 3097 ἓν
1426 3060 1478 3096 τι
1503 3042 1613 3096 τῶν
1639 3058 1871 3113 κρατου-

266 3140 447 3211 μένων
482 3138 516 3210 ἢ
550 3137 955 3211 κυριευομένων
1000 3140 1199 3192 νοεῖται
1251 3137 1348 3190 καὶ
1395 3137 1424 3190 ὁ
1477 3134 1627 3200 Υἱὸς,
1673 3135 1764 3189 διὰ
1808 3137 1870 3191 τὸ

261 3234 487 3288 πάντων
514 3223 737 3304 κρατεῖν
764 3247 825 3284 τε
856 3230 950 3284 καὶ
971 3230 1248 3302 κυριεύειν
1272 3230 1479 3284 ἐκεῖνον
1500 3246 1513 3261 ·
1544 3230 1740 3302 κρατεῖ
1757 3228 1866 3299 γὰρ

260 3325 487 3381 πάντων
521 3325 619 3379 καὶ
649 3324 897 3397 κυριεύει
927 3324 1064 3395 μετὰ
1095 3322 1332 3396 Πατρὸς,
1346 3321 1749 3393 παντοκράτωρ
1771 3320 1866 3375 καὶ

257 3418 425 3482 αὐτὸς
468 3418 734 3490 ὑπάρχων
783 3415 879 3471 καὶ
909 3415 1354 3488 Κύριος.”Ωσπερ
1406 3410 1498 3469 οὖν
1547 3417 1605 3468 ὲν
1652 3412 1865 3477 τούτοις

255 3508 360 3579 οὐχ
392 3508 471 3581 ὡς
506 3506 567 3562 ἓν
596 3506 705 3562 τῶν
736 3508 956 3585 πάντων
1009 3507 1158 3561 ἐστὶν
1204 3509 1233 3561 ὁ
1280 3507 1430 3573 Υἱὸς,
1478 3505 1593 3560 ἀλλ’
1622 3505 1718 3560 ἐπὶ
1764 3504 1863 3576 τὴν

255 3597 369 3651 τῶν
418 3598 667 3672 γενητῶν
716 3598 879 3670 φύσιν
914 3599 947 3671 ή
980 3598 1091 3653 τῶν
1119 3598 1320 3665 λέξεων
1350 3599 1581 3670 δύναμις
1610 3599 1859 3671 φέρεται,

253 3692 402 3746 οὕτω
423 3692 521 3744 καὶ
554 3691 648 3745 ἐπὶ
673 3692 968 3769 ἀγενήτου,
999 3693 1062 3747 οὐ
1096 3693 1229 3763 πρὸς
1260 3693 1352 3747 τὸν
1383 3692 1532 3757 Υίὸν,
1555 3692 1693 3747 ἀλλά
1724 3692 1862 3765 πρὸς

251 3783 357 3854 τὴν
385 3784 567 3838 κτίσιν
588 3784 622 3854 ἡ
655 3783 966 3857 σύγκρισις,
1003 3785 1107 3841 κᾶν
1131 3785 1189 3838 ἓν
1221 3780 1364 3839 εἶναι
1397 3784 1623 3857 λέγηται
1643 3786 1704 3840 τὸ
1727 3786 1859 3857 ἀγέ-

250 3893 415 3948 νητον
435 3892 449 3906 ⁸
482 3876 573 3931 διὰ
593 3877 655 3931 τὸ
686 3877 864 3934 πάντα
892 3877 1178 3949 γεγονέναι
1212 3877 1391 3951 παρὲξ
1410 3876 1571 3932 Θεοῦ.

292 4078 419 4134 Ὅτι
459 4078 731 4154 κρεῖττᾴν
766 4080 1039 4154 ἐστικαὶ
1076 4081 1551 4154 ἀξιολογώτερον
1588 4083 1823 4154 Πατέρα

500 4150 819 4207 καλεῖσθαι
858 4152 967 4206 τὸν
1005 4154 1176 4219 Θεὸν,
1218 4155 1254 4223 ἢ
1295 4150 1610 4226 ἀγόν-ἦτον.

323 4264 399 4319 Τὸ
425 4264 626 4333 πατὴρ
660 4264 966 4338 δνομα,τὴν
993 4268 1122 4337 περὶ
1149 4268 1266 4322 υἱοῦ
1296 4269 1517 4334 πάντως
1548 4269 1758 4327 ἔννοιαν
1793 4274 1853 4328 ὲν

244 4354 432 4427 ια’.»τῷ
478 4356 848 4427 συνεισφέρειν
870 4358 941 4411 τὰ
977 4357 1087 4429 γὰρ
1113 4358 1341 4413 τοιαῦτα
1372 4360 1442 4414 δι’
1472 4362 1718 4435 ἀλλήλων
1754 4382 1853 4434 ση-

245 4447 526 4519 μαίνεται.
556 4445 632 4499 Τὸ
662 4446 721 4499 δὲ
747 4446 1033 4516 ἀγένητος
1064 4448 1262 4520 ὄνομα,
1294 4448 1372 4519 τῷ
1407 4450 1483 4521 μὴ
1518 4453 1850 4523 γεγενῆσθαι

236 4541 420 4604 Θεὸν,
467 4540 568 4613 τὴν
626 4538 736 4593 τῶν
782 4541 1027 4611 γενητῶν
1084 4540 1546 4613 ἀντιπαρατίθησι
1602 4547 1844 4617 μνήμην.

1977 2044 2181 2100 inducit
2210 2042 2375 2100 Deum
2404 2043 2721 2107 dicentem:
2760 2061 2780 2095 ι
2820 2040 3110 2098 Faciamus
3158 2040 3436 2097 hominem
3489 2053 3582 2094 se-

1976 2137 2215 2193 cundant
2274 2136 2573 2207 imaginem
2605 2145 2660 2190 et
2716 2134 3129 2190 similitudinem
3192 2142 3435 2188 nostram
3468 2129 3510 2185 '.
3555 2148 3575 2181 ι

1975 2230 2113 2287 Cum
2173 2244 2304 2287 vero
2336 2229 2491 2294 dicit,
2512 2239 2770 2295 nautam,
2809 2241 3000 2284 rursus
3033 2224 3270 2281 dualitas
3303 2220 3582 2296 signiﬁca-

1982 2334 2070 2379 tur
2097 2338 2260 2381 :cum
2325 2322 2531 2393 alioqui
2570 2323 2738 2378 etiam
2770 2321 2932 2386 adsit,
2969 2327 3025 2377 et
3069 2318 3258 2375 deitati
3314 2329 3578 2373 annume-

1976 2426 2127 2474 retur
2155 2415 2396 2486 Spiritus
2424 2414 2763 2471 sanctum-Si
2794 2428 2926 2484 ergo
2961 2415 3016 2468 in
3048 2426 3158 2467 uno
3209 2409 3432 2466 homine
3469 2423 3576 2463 una

1974 2521 2137 2581 atque
2166 2510 2355 2566 eadem
2384 2507 2569 2563 Patris
2599 2517 2652 2563 et
2681 2506 2801 2561 Filii
2840 2506 3024 2577 imago
3059 2512 3310 2575 apparet,
3344 2502 3398 2557 in
3430 2500 3578 2558 nullo

1973 2612 2123 2658 certe
2158 2600 2299 2655 inter
2326 2613 2384 2654 se
2410 2597 2704 2652 dissimiles
2745 2604 2890 2652 sunt.
2931 2593 3211 2651 Dissimile
3254 2603 3436 2649 autem
3494 2600 3578 2647 est

1974 2692 2121 2749 facto
2155 2692 2207 2746 id
2234 2690 2379 2762 quod
2413 2688 2518 2761 13
2555 2688 2760 2743 factum
2794 2703 2902 2743 non
2939 2696 3044 2744 est.
3079 2684 3197 2742 Non
3222 2694 3464 2758 estergo
3489 2684 3577 2755 t‘a-

1973 2795 2093 2841 ctus
2114 2783 2307 2849 Filius,
2342 2798 2409 2838 ne
2432 2781 2717 2855 dissimilis
2740 2780 2889 2835 Patri
2923 2779 3254 2835 inveniatur.

2654 2856 2888 2930 ALIUD.

2043 2972 2208 3029 Pater
2257 2974 2311 3027 in
2343 2985 2500 3029 sacra
2553 2967 2840 3038 Scriptura
2887 2966 3133 3021 omnium
3173 2966 3477 3055 imperator
3520 2973 3576 3020 et

1975 3065 2234 3120 Dominus
2257 3062 2489 3131 dicitur;
2522 3061 2619 3117 sed
2654 3074 2762 3116 non
2786 3060 2859 3114 ita
2878 3058 3133 3115 utFilius
3156 3054 3470 3128 unumquid
3503 3054 3576 3110 sit

1972 3173 2182 3223 eorum,
2212 3170 2334 3227 qua
2367 3154 2539 3225 ipsius
2567 3151 2800 3223 imperio
2834 3159 2891 3205 et
2911 3148 3267 3206 dominationi
3326 3146 3573 3218 subjecta

1974 3259 2125 3313 sunt,
2160 3263 2283 3305 eam
2318 3244 2389 3302 ob
2418 3260 2641 3301 causam
2685 3245 2830 3314 quod
2860 3242 3025 3299 Pater
3051 3241 3307 3298 omnibus
3343 3241 3575 3311 imperet

1968 3353 2025 3399 et
2046 3342 2390 3409 dominetur;
2423 3341 2657 3411 imperat
2686 3335 2830 3393 enim
2872 3344 2929 3391 et
2956 3335 3275 3390 dominatur
3308 3331 3565 3389 omnibus

1964 3453 2087 3493 cum
2109 3437 2287 3501 Patre,
2308 3436 2530 3506 ipseque
2546 3433 2713 3489 etiam
2736 3430 3084 3500 omnipotens
3108 3436 3192 3484 est
3211 3438 3265 3484 et
3290 3426 3571 3483 Dominus.

1965 3529 2432 3597 Quemadmodum
2470 3527 2636 3598 igitur
2673 3526 2727 3581 in
2786 3523 2909 3581 istis
2952 3538 3057 3578 non
3087 3520 3253 3576 veluti
3296 3534 3438 3575 unus
3465 3515 3575 3574 all-

1962 3620 2086 3688 quis
2112 3634 2179 3674 ex
2231 3618 2502 3674 universis
2532 3626 2793 3673 censetur
2840 3613 3035 3679 Filius,
3078 3614 3176 3668 sed
3224 3611 3423 3667 horum
3450 3624 3576 3666 ver—

1962 3714 2161 3769 ltorum
2214 3712 2301 3767 vis
2349 3719 2561 3765 tantum
2613 3723 2702 3765 res
2750 3717 2970 3764 creatas
3031 3704 3439 3776 complectitur,
3496 3702 3571 3758 ita

1960 3803 2198 3859 etiamin
2230 3818 2339 3858 non
2380 3801 2547 3867 facto,
2583 3814 2689 3855 non
2721 3798 2789 3854 ad
2815 3796 3038 3861 Filium,
3069 3797 3162 3853 sed
3197 3797 3262 3851 ad
3281 3803 3572 3851 creaturas

1959 3895 2291 3966 comparatio
2319 3892 2518 3959 fertur,
2556 3891 2773 3948 tametsi
2850 3905 3019 3945 unum
3063 3888 3282 3944 dicatur
3316 3902 3427 3941 non
3492 3886 3573 3941 fa-

1957 3998 2102 4044 ctum
2124 4006 2139 4045 :
2166 3987 2424 4059 quoniam
2443 3995 2638 4057 pratter
2662 3998 2829 4040 unum
2860 3982 3030 4038 Deum
3048 3981 3229 4037 omnia
3257 3979 3399 4036 facta
3420 3988 3567 4055 sunt.

1958 4099 2114 4167 Quod
2140 4099 2327 4155 melius
2352 4109 2508 4171 atque
2534 4098 2751 4170 dignius
2785 4097 3056 4171 sitDeum
3094 4096 3272 4152 vocari
3325 4094 3569 4166 Patrem,

2507 4186 2667 4241 quam
2698 4170 3014 4241 ingenitum.

2026 4284 2207 4341 Patris
2240 4298 2436 4339 nomen
2485 4283 2734 4338 notitiam
2786 4282 2884 4338 lilii
2920 4282 3239 4339 necessario
3270 4293 3457 4337 secum
3481 4279 3568 4335 in-

1954 4379 2127 4435 ducit.
2160 4376 2395 4434 Nomina
2429 4378 2577 4431 enim
2622 4376 2933 4448 huiusmodi
2983 4390 3107 4432 sese
3150 4384 3337 4429 mutuo
3376 4371 3564 4428 decla-

1955 4480 2099 4527 rant.
2155 4469 2393 4538 Ingeniti
2419 4483 2550 4525 vero
2575 4482 2772 4525 nomen
2806 4484 2875 4524 ex
2904 4483 2970 4524 eo
3014 4467 3160 4539 quod
3192 4467 3338 4523 Deus
3379 4464 3563 4519 factus

1954 4580 2059 4620 non
2084 4572 2190 4629 est,
2221 4578 2322 4620 nos
2349 4564 2406 4618 in
2437 4576 2626 4619 eorum
2664 4577 2785 4630 quze
2829 4560 2970 4616 facta
3005 4568 3135 4615 sunt
3174 4599 3191 4625 ,
3223 4558 3561 4614 recordatio-

249 4634 564 4703 Ἀναγκαία
606 4632 663 4686 δὲ
709 4635 823 4696 τοῖς
874 4633 1150 4688 πιστεύειν
1196 4633 1475 4688 ἐθέλουσιν
1515 4635 1716 4707 ὀρθῶς,
1751 4641 1849 4709 τῆς

1972 4672 2080 4711 tem
2111 4655 2354 4713 vicissim
2392 4656 2636 4711 adducit.
2669 4652 2993 4710 Necessaria
3020 4661 3201 4709 autem
3238 4661 3324 4708 est
3367 4650 3435 4707 iis
3466 4653 3559 4722 qui

236 4727 410 4796 ἁγίας
436 4724 668 4797 Τριὰδος
694 4725 727 4796 ὴ
758 4724 981 4793 γνῶσις.
1012 4726 1075 4778 El
1101 4726 1280 4780 τοίνυν
1312 4728 1339 4780 ὁ
1370 4726 1470 4797 μὲν
1504 4729 1727 4799 Πατέρα
1758 4730 1846 4784 λέ-

234 4837 358 4891 γων
403 4819 511 4890 ὁρᾷ
553 4816 647 4870 τὸν
687 4816 810 4871 Υιὺν
840 4816 906 4871 δι’
937 4818 997 4872 ὃν
1025 4820 1141 4872 ἐστι
1169 4819 1362 4891 Πατήρ
1387 4835 1403 4849 ’
1434 4820 1464 4872 ὁ
1493 4821 1550 4875 δὲ
1582 4824 1848 4894 ἀγένητον

232 4910 528 4984 ὀνομάζων
566 4909 751 4973 αὐτὸν,
782 4910 886 4980 ὁρᾷ
908 4909 977 4963 τὰ
1009 4911 1299 4982 γενόμενα,
1323 4906 1406 4977 οἷς
1446 4914 1684 4985 εὐλόγως
1710 4918 1739 4969 ὁ
1771 4917 1846 4989 μὴ

233 5001 486 5075 γεγονὼς
515 5001 1040 5055 ἀντιδιαστέλλεται·
1085 5004 1221 5057 πολὺ
1251 5004 1313 5076 δὴ
1345 5009 1613 5077 κρεῖττον,
1648 5010 1744 5080 ἀφ’
1771 5004 1846 5065 ὧν

230 5097 270 5167 ἡ
314 5080 449 5164 πεᾷὶ
480 5089 577 5145 τοῦ
608 5090 741 5145 Υἱοῦ
780 5093 1023 5147 τίκτεται
1066 5094 1291 5164 γνῶσις,
1343 5098 1710 5168 σημαίνεσθαι
1754 5101 1847 5157 τὸν

230 5187 398 5251 θεδν,
431 5186 465 5256 ἦ
495 5183 555 5249 ἐξ
578 5177 653 5239 ὧν
689 5186 719 5256 ἡ
761 5183 873 5239 τῶν
896 5187 1216 5258 ποιημάτων
1238 5188 1596 5259 ἀναφαίνεται
1629 5194 1843 5266 μνήμη,

234 5276 575 5333 συντελοῦσα
606 5275 744 5349 πρὸς
783 5276 881 5348 τὴν
910 5276 1111 5345 γνῶσιν
1155 5279 1257 5348 τῆς
1300 5280 1463 5349 ἁγίας
1494 5283 1721 5355 Τριάδος
1752 5287 1843 5339 οὺ-

229 5370 348 5424 δέν.
382 5367 493 5422 Καὶ
521 5370 550 5421 ὁ
583 5369 683 5439 μὲν
728 5369 951 5442 Πατέρα
980 5368 1177 5440 λέγων,
1210 5374 1303 5442 ἀφ’
1330 5367 1404 5428 ὧν
1434 5374 1549 5430 ἐστι
1583 5378 1841 5449 σημαίνει

228 5460 402 5515 Θεὸν
448 5461 477 5513 ὁ
509 5460 566 5514 δὲ
604 5461 869 5533 ἀγένητον
908 5463 1099 5529 εἰπὼν,
1136 5465 1229 5535 ἀφ’
1260 5462 1334 5521 ὧν
1361 5469 1462 5523 οὐκ
1500 5470 1648 5525 ἐστιν
1673 5489 1685 5502 ·
1724 5474 1838 5526 ἔστι

230 5556 339 5625 μὲν
386 5552 493 5623 γὰρ
546 5553 675 5609 Υἱοῦ
722 5556 937 5628 Πατὴρ,
973 5560 1198 5631 γενητὸς
1230 5560 1288 5614 δὲ
1319 5562 1419 5615 οὐκ
1477 5563 1746 5620 ἔστι.⁸’οτι
1779 5567 1834 5621 δὲ

228 5643 441 5715 μᾶλλον
483 5644 543 5709 ἐξ
584 5638 660 5699 ὧν
690 5645 857 5715 ἐστιν,
890 5650 923 5721 ἢ
963 5650 1023 5716 ἐξ
1047 5644 1123 5705 ὧν
1155 5653 1255 5708 οὐκ
1303 5654 1472 5722 ἔστιν,
1502 5659 1833 5732 οἰκειότερον

226 5736 561 5809 σημαίνεται
585 5739 737 5809 Θεὸς,
766 5744 830 5795 ὲκ
848 5742 1004 5797 τοῦδε
1026 5744 1222 5813 γένοιτ’
1244 5749 1309 5803 ἂν
1335 5752 1495 5806 παντί
1519 5770 1595 5822 τῳ
1637 5753 1825 5824 σαφές.

302 5918 323 5944 ⁵
355 5914 511 5974 Joau.
549 5935 660 5999 xiv,
700 5923 751 5979 9.
827 5924 845 5954 "
882 5925 1019 5981 Gen.
1053 5942 1113 5997 ιι,
1139 5929 1226 5984 26.

1962 4759 2107 4803 recta
2135 4747 2239 4803 tide
2287 4748 2499 4818 przcditi
2533 4762 2657 4803 esse
2682 4746 2853 4802 velint
2882 4755 3088 4801 sanctae
3136 4744 3426 4800 Trinitatis
3465 4759 3559 4799 co—

1959 4838 2151 4907 gnitio.
2186 4838 2241 4897 Si
2277 4854 2408 4909 ergo
2440 4838 2485 4893 is
2511 4840 2607 4908 qui
2654 4838 2871 4893 Patrem
2906 4836 3153 4891 nominat
3208 4837 3429 4906 respicit
3466 4836 3559 4891 Fi-

1959 4931 2088 4983 lium
2121 4943 2219 4999 per
2248 4946 2407 5000 quem
2434 4930 2594 4987 Pater
2626 4940 2741 4997 est;
2772 4931 2868 5002 qui
2900 4946 3031 4986 vero
3085 4930 3388 5002 ingenitum
3441 4930 3559 4986 sive

1958 5019 2262 5075 increatum
2296 5022 2552 5091 appellat,
2586 5032 2773 5078 creata
2796 5021 2963 5088 videt,
3007 5022 3207 5091 quibus
3246 5022 3445 5078 merito
3474 5023 3559 5077 in-

1954 5122 2174 5169 creatus
2190 5116 2484 5184 opponitur
2509 5133 2523 5170 :
2552 5124 2704 5171 certe
2736 5116 2905 5170 multo
2936 5118 3109 5176 satius
3129 5124 3217 5171 est
3242 5116 3433 5172 Patris
3462 5132 3559 5187 ap-

1953 5204 2304 5271 pellationem
2332 5208 2459 5262 inde
2490 5209 2658 5274 sumi,
2677 5210 2819 5263 unde
2842 5208 2967 5264 Filii
3004 5210 3246 5280 cognitio
3270 5210 3552 5281 gignatur,

1952 5314 2116 5368 quam
2158 5300 2304 5364 inde,
2349 5302 2491 5355 unde
2532 5310 2913 5356 creaturarum
2977 5303 3171 5356 notitia
3236 5302 3533 5357 inducatur

1947 5405 2069 5459 quae
2126 5392 2195 5446 ad
2253 5393 2620 5463 cognitionem
2687 5393 2975 5449 Trinitatis
3014 5393 3149 5448 nihil
3208 5392 3371 5465 plane
3424 5409 3527 5449 con

1947 5484 2117 5539 ducit.
2152 5482 2219 5538 Et
2275 5485 2494 5553 quidem
2527 5486 2617 5555 qui
2655 5484 2873 5541 Patrem
2913 5485 3065 5548 dicit,
3095 5500 3251 5542 exeo
3287 5486 3434 5557 quod
3471 5502 3547 5545 es.

1944 5577 2192 5631 nominat
2241 5578 2450 5634 Deum:
2501 5579 2593 5650 qui
2635 5593 2765 5635 vero
2809 5579 3129 5651 ingenitum,
3187 5579 3256 5634 ab
3309 5595 3373 5635 eo
3405 5579 3549 5649 quod

1946 5685 2050 5725 non
2081 5678 2205 5726 est:
2241 5682 2327 5728 est
2360 5672 2504 5728 enim
2539 5673 2699 5729 Pater
2714 5672 2861 5738 Filii,
2904 5682 3126 5729 creatus
3150 5688 3278 5729 vero
3309 5684 3542 5729 nonest.

1942 5762 2098 5829 Quod
2132 5774 2310 5824 autem
2340 5768 2520 5837 potius
2542 5782 2605 5823 ex
2634 5782 2705 5823 eo.
2735 5768 2879 5838 quod
2915 5777 3021 5837 cst,
3058 5782 3223 5838 quam
3255 5768 3399 5838 quod
3431 5782 3539 5825 non
