4048 6458
528 462 591 515 επ
1501 446 1556 500 s.
1596 440 1868 498 CYRILLI
1912 438 2375 494 numnam
2418 438 2737 493 ancuter.
3679 443 3743 497 εδ

529 584 633 639 est,
658 574 745 627 Dei
774 568 1055 640 appcllatio
1090 566 1161 621 sit
1196 562 1473 626 sumenda,
1503 561 1624 613 inde
1654 559 1824 614 cuivis
1868 556 2076 626 perspi-

2190 556 2245 607 Εῖ
2273 574 2354 617 τις
2387 556 2492 625 γὰρ
2527 555 2740 622 ἐκείνην
2783 553 2879 624 τὴν
2920 552 3192 623 ἄφραστον
3239 553 3328 607 καὶ
3372 556 3743 626 ἀκατάληπτον

528 679 683 719 cuum
714 662 871 715 fuerit
899 699 913 714 .
945 657 999 712 Si
1024 657 1141 725 quis
1171 655 1311 709 enim
1347 653 1488 705 illam
1526 649 1841 702 ineffabilem
1879 648 2079 699 incom—

530 753 1048 826 prcbensibilemque
1083 758 1329 802 naturam
1366 744 1725 804 vocclﬂeunt,
1759 740 1823 791 ab
1843 755 1905 791 co
1944 737 2080 805 quod

527 855 608 900 est
642 853 783 897 recte
811 842 1071 901 nominat,
1131 846 1329 889 etcum
1368 833 1527 885 Deum
1561 830 1717 889 dixit,
1753 828 1895 880 illam
1930 836 2082 878 uatu-

530 952 643 991 ram
669 934 1003 1004 signiﬁcavit.
1051 929 1106 983 Si
1143 929 1264 997 quis
1295 940 1419 979 vero
1463 923 1530 975 ab
1566 938 1630 975 eo
1664 921 1804 991 quod
1854 934 1957 972 non
2002 927 2084 971 est

527 1043 650 1081 eum
683 1026 957 1079 nominare
1004 1020 1252 1079 voluerit.
1293 1017 1631 1070 innocentem
1691 1012 1773 1066 vel
1834 1010 2079 1077 indepra-

530 1124 708 1169 vatum
734 1125 853 1165 eum
881 1108 1167 1177 appellans,
1193 1120 1254 1160 eo
1291 1105 1432 1173 quod
1478 1101 1607 1155 nihil
1646 1099 1769 1153 mali
1799 1099 1879 1152 vel
1929 1099 2079 1166 pravi

532 1205 584 1259 in
607 1218 668 1259 ea
726 1200 829 1262 sit.
871 1214 997 1254 vere
1044 1198 1256 1269 quidem
1295 1196 1513 1257 dixerit,
1558 1194 1651 1248 sed
1706 1208 1809 1246 non
1863 1190 2083 1244 omnino

533 1302 694 1347 Deum
730 1288 1075 1359 signiﬁcabit.
1129 1286 1268 1341 Sunt
1295 1284 1439 1340 enim
1476 1284 1634 1337 etiam
1669 1281 1809 1333 inter
1839 1278 2083 1341 homines

533 1382 796 1446 nonnulli,
822 1381 944 1435 mali
975 1391 1027 1435 et
1056 1378 1337 1449 pravitatis
1366 1384 1630 1443 expertes.
1655 1370 1921 1439 Ejusmodi
1956 1384 2083 1423 vero

528 1473 689 1528 etiam
723 1480 937 1527 sanctos
970 1470 1187 1540 angelos
1215 1482 1333 1522 esse
1366 1466 1655 1521 credimus.
1685 1464 1874 1518 Verius
1904 1468 2083 1531 itaque

532 1565 805 1634 magisque
851 1562 1063 1629 proprie
1091 1561 1157 1613 ab
1200 1559 1266 1613 lis
1291 1572 1409 1626 qua!
1432 1564 1535 1623 est,
1567 1571 1726 1626 quam
1773 1555 1838 1608 ab
1870 1555 1935 1608 iis
1964 1567 2085 1622 qua:

531 1663 757 1718 nonest,
804 1647 1215 1718 signiﬁcabitur.

1117 1737 1221 1809 ιι
1260 1734 1486 1791 ALIUD.

598 1834 791 1888 Beatus
830 1832 988 1886 David
1014 1832 1256 1899 psallitet
1271 1830 1335 1882 ad
1360 1826 1551 1881 Filium
1583 1827 1741 1881 dicit:
1775 1843 1793 1876 ι
1830 1823 2079 1891 Propter-

529 1940 590 1982 ea
629 1927 783 1978 unxit
814 1934 863 1977 te
888 1922 1045 1986 Deus,
1082 1923 1219 1976 Deus
1255 1931 1378 1975 tuus
1417 1919 1534 1974 oleo
1567 1918 1943 1974 exsultationis
1976 1933 2081 1984 pra:

531 2016 880 2087 participibus
900 2015 1000 2067 tnis
1019 2012 1094 2067 ⁸.»
1119 2013 1172 2068 Si
1198 2028 1326 2082 ergo
1358 2012 1625 2067 diversum
1645 2020 1727 2065 est
1748 2010 1889 2079 quod
1921 2011 2084 2077 parti-

531 2108 671 2176 cipat
705 2108 771 2161 ab
794 2121 857 2161 eo
884 2106 1021 2174 quod
1054 2106 1405 2175 participatur
1436 2123 1449 2158 :
1486 2104 1629 2157 aliud
1682 2103 1824 2157 enim
1880 2102 1932 2155 in
1978 2101 2083 2154 alio

533 2195 933 2266 intelligendum
956 2204 1037 2249 est
1075 2213 1087 2247 :
1124 2194 1397 2263 particeps
1415 2202 1590 2246 autem
1630 2192 1686 2245 fit
1716 2201 1963 2245 creatura
1999 2188 2086 2241 [σ’ἱ-

535 2290 616 2353 lii,
651 2285 896 2342 diversus
929 2285 1169 2354 profecto
1193 2284 1354 2341 fuerit
1380 2300 1411 2339 a
1446 2293 1691 2339 creatura
1718 2296 1834 2351 qum
1860 2279 1941 2334 sui
1964 2296 2086 2349 par-

536 2382 701 2449 ticeps
726 2381 802 2436 ﬁt.
829 2379 1091 2446 Quocirca
1130 2395 1299 2449 neque
1325 2390 1558 2433 creatus.
1612 2376 1666 2430 Si
1706 2391 1834 2429 vero
1858 2390 1961 2428 non
2005 2383 2088 2427 est

532 2471 779 2527 diversus
807 2474 872 2525 ab
913 2470 999 2524 illa
1039 2469 1230 2529 Filius.
1270 2484 1445 2539 neque
1505 2468 1796 2521 secundum
1841 2473 2090 2517 naturam

535 2563 682 2618 abea
713 2565 1019 2628 distinctus,
1057 2565 1179 2633 quis
1222 2572 1303 2618 est
1332 2578 1461 2617 usus
1505 2559 1973 2632 partit-.ipatiouis?
2008 2559 2087 2613 vel

535 2656 800 2725 quomodo
832 2657 951 2724 quis
972 2656 1241 2724 particeps
1274 2653 1498 2722 fiatejus
1533 2654 1673 2722 quod
1721 2653 1944 2721 ipsemet
1969 2652 2089 2705 est?

916 2780 1476 2871 ASSERTIO
1554 2782 1683 2867 II.

606 2931 757 2997 Quod
783 2931 1066 3001 ingenitum
1101 2948 1199 2983 non
1228 2932 1293 3001 sit
1317 2929 1625 2993 substantia,
1659 2929 1751 2982 sed
1788 2928 2091 2982 substantia:

1125 2999 1548 3069 signiﬁcatiuum.

605 3113 900 3184 lngenitum
928 3114 1080 3183 quasi
1132 3114 1451 3184 principium
1491 3122 1543 3167 et
1584 3129 1743 3168 causa
1810 3122 1861 3169 et
1893 3113 2090 3168 intelli-

2186 649 2343 716 φύσιν
2383 647 2569 715 καλοίη
2626 648 2776 709 Θεὸν,
2816 646 2907 713 ἀφ’
2943 641 3016 698 ὧν
3062 646 3207 698 ἔστιν
3243 646 3497 717 ὀνομάζει
3548 649 3741 711 καλῶς,

2185 740 2275 791 καὶ
2308 740 2437 791 Θεὸν
2476 739 2659 799 εἰπὼν,
2698 737 2909 799 πάντως
2938 738 3149 805 εκείνην
3180 739 3449 807 ἐσήμηνεν
3472 756 3484 769 ·
3515 744 3560 793 εί
3587 740 3641 792 δέ
3667 758 3745 802 τις

2183 834 2274 901 ἀφ’
2296 826 2370 885 ὧν
2404 834 2501 885 οὐκ
2526 832 2670 884 ἔστιν
2697 832 2996 903 ἐπιχειροίη
3028 831 3309 900 σημαίνειν
3336 831 3526 900 αὐτὴν,
3545 832 3746 885 ἄκακον

2185 926 2275 978 καὶ
2300 926 2567 995 ἀπόνηρον
2604 926 2773 993 λέγων
2804 924 2889 977 διὰ
2920 924 2980 976 τὸ
3014 926 3089 994 μὴ
3120 925 3312 985 κακίαν
3340 923 3370 992 ἢ
3402 924 3664 994 πονηρίαν
3692 926 3745 975 ἐν

2183 1016 2319 1085 αὐτῇ
2351 1009 2521 1077 εῖναι,
2554 1014 2837 1083 ἀληθεύσει
2876 1013 2993 1083 μὲν,
3031 1012 3143 1063 ἀλλ’
3178 1012 3236 1064 οὐ
3292 1013 3506 1073 πάντως
3555 1009 3746 1079 μηνύει

2181 1105 2271 1157 τὸν
2294 1104 2424 1157 Θεόν
2445 1121 2457 1135 ’
2492 1106 2596 1157 eici.
2618 1105 2725 1173 γὰρ
2747 1106 2837 1157 καὶ
2864 1106 2919 1156 ἐν
2946 1102 3251 1174 ἀνθρώποις
3281 1103 3474 1156 ἄκακοι
3509 1102 3601 1155 καὶ
3623 1101 3747 1154 ἀπό-

2184 1212 2354 1265 νηροι.
2379 1196 2656 1259 Τοιούτους
2683 1195 2737 1247 δὲ
2772 1191 2911 1248 εἶναι
2947 1193 3270 1262 πιστεύομεν
3301 1196 3391 1247 καὶ
3411 1195 3535 1257 τοὺς
3565 1193 3748 1261 ἁγίους

2183 1288 2460 1355 ἀγγέλους.
2502 1287 2707 1340 Οὐκοῦν
2740 1289 2831 1356 ἀφ’
2862 1280 2936 1339 ὧν
2963 1288 3127 1351 ἔστιν,
3157 1287 3188 1356 ἢ
3221 1287 3311 1352 ἀφ’
3341 1279 3417 1338 ὦν
3448 1287 3547 1337 οὐκ
3583 1286 3749 1349 ἐστιν,

2183 1378 2537 1450 ἀληθέστερον
2561 1380 2652 1431 καὶ
2679 1379 3002 1449 οἰκειότερον
3031 1377 3463 1447 σημανθήσεται.

2864 1734 3068 1786 AAAO.

2264 1831 2320 1884 Ὀ
2347 1832 2610 1901 μακάριος
2626 1828 2785 1882 sane
2807 1828 3017 1897 ψάλλει.
3044 1826 3135 1879 καί
3158 1842 3290 1895 φησι
3321 1827 3454 1898 πρὸς
3474 1825 3564 1879 τὸν
3589 1825 3717 1878 Υἰὸν
3740 1861 3763 1877 .

2117 1884 2156 1937 Β
2191 1942 2207 1973 ι
2237 1884 2535 1986 Διάιτοῦτο
2584 1884 2764 1990 ἑχρισέ
2912 1922 2940 1972 ὁ
2978 1884 3129 1983 Sabe,
3170 1884 3383 1981 deed;
3434 1884 3529 1970 σου
3575 1916 3756 1970 ἔλαιον

2183 2015 2547 2083 ἀγαλλιάσεως
2596 2015 2746 2082 παρά
2792 2013 2915 2075 τοὺς
2970 2012 3226 2081 μετόχους
3264 2027 3375 2064 σου.
3409 2030 3425 2062 ι
3476 2011 3537 2063 Εί
3575 2011 3764 2063 τοίνυν

2183 2106 2366 2174 ἕτερόν
2395 2106 2445 2159 τί
2468 2107 2582 2158 ὲστι
2609 2108 2668 2159 τὸ
2702 2109 2925 2177 μετέχον
2971 2106 3116 2177 παρά
3143 2106 3202 2158 τὸ
3235 2103 3761 2176 μετεχόμενον·ἄλλο

2185 2200 2292 2269 γὰρ
2321 2201 2377 2251 ὲν
2409 2198 2553 2268 ἄλλῳ
2587 2200 2821 2252 νοεῖσθαι
2862 2202 2986 2269 χρή’
3025 2198 3237 2267 μετέχει
3280 2199 3336 2249 δὲ
3382 2199 3413 2266 ἡ
3450 2197 3628 2257 κτίσις
3661 2193 3758 2247 τοῦ

2188 2290 2339 2354 Vitr},
2370 2290 2555 2360 ἔτερος
2582 2289 2646 2341 ἄν
2680 2289 2761 2358 εἴη
2796 2289 2944 2359 παρά
2962 2290 3061 2357 τὴν
3091 2288 3423 2356 μετέχουσαν
3448 2286 3611 2338 αὐτοῦ
3636 2286 3757 2337 κτί-

2189 2397 2302 2433 σινο
2338 2380 2533 2434 οὐκοῦν
2578 2382 2695 2434 οὐδὲ
2746 2381 2985 2450 γενητὸς.
3025 2381 3085 2432 Εί
3139 2379 3196 2431 δὲ
3243 2380 3342 2431 οὐκ
3391 2379 3537 2430 ἐστιν
3569 2377 3763 2448 ἔτερος

2187 2476 2315 2544 παρ’
2346 2474 2559 2543 ἐκείνην
2581 2476 2608 2527 ὀ
2640 2474 2781 2536 Υἱὸς,
2814 2473 3069 2525 καὶκατὰ
3101 2471 3262 2539 φύσιν
3292 2472 3458 2539 αὐτῆς
3490 2467 3759 2539 διῃρημέ-

2187 2583 2292 2629 νος,
2330 2566 2413 2626 τίς
2455 2566 2488 2635 ἡ
2533 2564 2689 2634 χρεία
2716 2565 2813 2632 τῆς
2849 2563 3116 2633 μετοχῆςς
3154 2561 3184 2631 ἢ
3224 2562 3341 2624 πῶς
3367 2562 3431 2614 ἄν
3466 2578 3545 2623 τις
3587 2558 3765 2629 μετᾶ-

2190 2672 2305 2726 σχοι
2332 2655 2424 2710 τοῦ
2454 2657 2589 2727 ὅπερ
2615 2654 2760 2707 εστὶν
2800 2654 2992 2718 αὐτός;

2703 2778 3061 2862 ΛΟΓΟΣ
3138 2780 3246 2860 Bt.

2286 2938 2408 2990 ’Ὁτι
2444 2933 2510 2987 τὸ
2547 2933 2841 3003 ἀγένητον
2878 2935 2986 2986 οὐκ
3025 2933 3228 2997 οὐσία,
3267 2933 3407 2986 ἁλλ⁸
3446 2932 3662 2997 οὐσίας

2777 3003 3167 3072 σημαντικόν.

2260 3123 2331 3175 Τὸ
2377 3120 2639 3190 ἀγένητον
2684 3118 2758 3180 ὡς
2806 3118 2947 3187 ἀρχὴ
3000 3116 3092 3168 καὶ
3140 3115 3311 3168 αἴτιον
3344 3113 3543 3167 νοεῖταί
3573 3131 3630 3166 τε
3667 3115 3769 3167 καὶ

536 3206 678 3277 gitur
704 3214 757 3259 et
786 3213 885 3259 est.
920 3202 1130 3257 Nullum
1159 3214 1334 3257 autem
1374 3205 1712 3274 principium,
1757 3206 1806 3259 in
1832 3219 2086 3274 quantum

2192 3213 2353 3265 ἔστιν.
2396 3211 2635 3279 Οὐδεμία
2662 3210 2717 3262 δὲ
2744 3209 2903 3277 ἀρχὴ,
2938 3207 3068 3259 καθὸ
3115 3207 3253 3277 ἀρχή
3292 3209 3457 3268 ἐστιν,
3490 3204 3673 3275 ὅμοιόν
3708 3224 3764 3257 τι

539 3296 859 3369 principium
917 3305 1021 3361 est,
1075 3296 1249 3350 simile
1299 3296 1499 3363 aliquid
1537 3296 1744 3364 sibiipsi
1795 3308 1886 3349 aut
1938 3298 2094 3351 dissi-

539 3389 663 3443 mile
696 3388 979 3458 signiﬁcat.
1005 3388 1075 3442 At
1107 3402 1233 3441 vero
1257 3402 1358 3441 vox
1397 3388 1531 3447 haec.
1571 3388 1878 3456 ingenitum,
1928 3390 2095 3458 signi-

541 3481 663 3535 ficat
693 3480 743 3535 id
779 3480 919 3549 quod
954 3490 1195 3533 creatum
1246 3489 1347 3540 εει,
1402 3478 1660 3533 dissimile
1703 3481 1802 3533 sibi
1837 3495 1987 3545 esse;
2014 3490 2095 3535 est

539 3573 681 3628 enim
722 3573 823 3627 hoc
854 3573 900 3628 ei
932 3573 1257 3642 oppositum.
1307 3569 1420 3625 Non
1456 3578 1537 3625 est
1590 3570 1751 3639 igitur
1795 3572 2091 3641 ingenitum

539 3665 862 3730 substantia,
898 3663 990 3719 sed
1027 3664 1379 3718 substantiam
1418 3663 1500 3717 cui
1537 3662 1827 3733 opponitur
1870 3678 1973 3717 non
2020 3663 2093 3717 ita

540 3773 599 3815 se
632 3759 833 3815 habere
853 3758 1141 3828 signiﬁcat.

1196 3847 1425 3904 ALIUD.

610 3942 761 4009 Quod
795 3941 1007 4010 quidem
1039 3940 1331 4009 ingenitum
1363 3940 1659 3993 substantia
1703 3954 1805 3994 non
1850 3940 1938 4003 sit,
1979 3943 2093 4010 jam

540 4044 814 4088 ostensum
849 4043 951 4087 est.
987 4032 1091 4085 Sed
1123 4032 1261 4086 dicet
1328 4032 1562 4087 forsitan
1610 4032 1823 4101 aliquis,
1850 4034 2096 4086 substan-

544 4125 669 4177 tiam
704 4124 917 4192 quidem
950 4138 1052 4177 non
1093 4137 1234 4188 esse,
1276 4124 1369 4178 sed
1418 4122 1794 4178 diﬁcrentiam.
1831 4122 2094 4178 Caeterum

540 4216 701 4269 etiam
743 4216 841 4269 hoc
876 4214 1107 4270 absurde
1140 4214 1319 4271 dicere
1357 4217 1691 4270 ostendetur.
1718 4214 1773 4268 Si
1803 4215 1946 4269 enim
1978 4229 2095 4268 om-

544 4308 627 4361 nis
649 4305 946 4362 didere-mia
990 4307 1133 4362 circa
1186 4308 1512 4361 substantias
1565 4307 1642 4373 ﬁt,
1690 4307 1979 4375 quzerenda
2014 4314 2099 4360 est

542 4398 869 4462 substantia,
899 4397 1053 4466 cujus
1079 4396 1379 4451 differentia
1402 4398 1473 4451 sit
1506 4398 1822 4467 ingenitum.
1855 4397 2097 4466 Exempli

544 4490 733 4557 gratia,
761 4488 985 4543 deﬁnias
1015 4487 1212 4542 animal
1248 4488 1349 4542 boc
1384 4498 1539 4558 pacto
1572 4506 1585 4541 :
1622 4488 1927 4542 substantia
1977 4488 2097 4541 ani-

543 4588 683 4632 mata
714 4594 872 4633 sensu
900 4578 1141 4647 pmdita.
1178 4577 1329 4631 Circa
1371 4578 1509 4630 hanc
1551 4577 1908 4631 substantiam
1938 4577 2091 4632 diﬂ'e-
2125 4567 2169 4622 Β

547 4672 715 4725 rentia
751 4670 830 4723 ﬁt.
856 4671 1009 4723 Aliud
1031 4672 1171 4725 enim
1209 4670 1404 4723 animal
1434 4668 1692 4723 rationale
1716 4680 1814 4734 est,
1843 4669 2092 4732 mortale,

544 4760 907 4829 intelligentia:
943 4770 997 4815 et
1044 4763 1279 4815 scientia:
1326 4777 1515 4827 capax,
1569 4771 1625 4813 ut
1682 4762 1861 4815 homo.
1937 4762 2091 4815 Aliud

543 4854 740 4907 animal
773 4854 1099 4917 irrationale,
1147 4863 1205 4906 ut
1250 4870 1439 4923 equus.
1476 4854 1866 4921 Pracsupposita
1915 4853 2093 4922 itaque

544 4944 875 5008 substantia,
930 4943 1244 4999 differentia:
1316 4956 1497 5013 postea
1553 4946 1970 5000 constituuntur.
2038 4945 2092 4999 Si

544 5050 675 5103 ergo
728 5037 1021 5104 ingenitum
1077 5035 1380 5090 differentia
1444 5048 1544 5100 est,
1615 5035 1889 5105 quaeratur
1934 5040 2095 5093 etiam

546 5126 871 5189 substantia,
896 5123 1047 5192 cujus
1081 5127 1183 5179 erit
1224 5125 1549 5180 differentia.
1604 5129 1903 5181 Absurdum
1954 5130 2096 5182 enim

545 5226 627 5270 cst
689 5214 1046 5271 tliﬂ‘erentiam
1080 5218 1392 5271 substantia:
1418 5219 1679 5273 rationem
1714 5220 1977 5273 obtinere.

1220 5310 1443 5365 ALIUD.

622 5401 677 5454 Si
705 5402 994 5471 ingenitum
1027 5404 1325 5457 substantia
1349 5412 1451 5469 est,
1476 5418 1647 5472 neque
1679 5404 2095 5473 signiﬁcativum

553 5493 692 5556 quod
720 5493 767 5544 id
795 5494 859 5546 de
892 5508 996 5563 quo
1023 5494 1218 5547 dicitur
1260 5496 1495 5562 genitum
1537 5512 1641 5549 non
1693 5498 1783 5558 sit,
1838 5498 2103 5564 quomodo

2195 3307 2356 3373 ἑαυτῇ
2410 3303 2441 3373 ἢ
2492 3304 2740 3372 ἀνόμοιον
2790 3300 3138 3370 σημαίνει.Ἥ
3184 3299 3238 3350 δὲ
3284 3296 3571 3365 ἀγένητος
3608 3296 3765 3365 φωνὴ

2198 3395 2447 3465 σημαίνει
2481 3394 2540 3445 τὸ
2578 3392 2800 3462 γενητὸν
2833 3392 3079 3460 ἀνόμοιον
3113 3389 3355 3457 ὑπάρχον
3389 3386 3535 3455 αὐτῷ
3557 3404 3570 3417 ’
3603 3383 3777 3438 τοῦτο

2195 3490 2301 3558 γὰρ
2331 3488 2388 3540 τὸ
2422 3485 2813 3553 ἀντικείμενον.
2849 3484 2959 3535 Οὐκ
3009 3481 3115 3551 ἄρα
3159 3481 3220 3531 τὸ
3269 3479 3531 3548 ἀγένητον
3579 3476 3761 3533 οὐσία.

2195 3580 2331 3633 ἀ).ὶά
2378 3577 2468 3630 τοῦ
2518 3577 2591 3647 μὴ
2642 3574 2862 3628 τοιῶσδε
2912 3569 3048 3625 εἶναι
3081 3572 3178 3643 τὴν
3206 3571 3411 3635 οὐσίαν,
3448 3568 3570 3623 καθ’
3599 3564 3665 3639 ἦς
3696 3567 3767 3620 ἂν

2194 3673 2438 3726 τάττοιτο
2469 3671 2529 3723 τὸ
2564 3667 2915 3741 σημαντικόν.

2875 3850 3075 3902 ΔΛΛΟ.

2266 3948 2389 3999 Ὀτι
2438 3946 2535 4017 μὲν
2579 3945 2676 3997 οὐκ
2721 3941 2876 3996 οὐσία
2930 3942 2988 3993 τὸ
3037 3939 3317 4009 ἀγένητον,
3350 3938 3446 4008 ἠδη
3474 3937 3762 3991 δέδεικται.

2209 4040 2345 4093 Ἀλλ’
2379 4040 2491 4109 ὲρεῖ
2519 4054 2599 4101 τις
2626 4035 2805 4103 τυχὸν,
2834 4033 3017 4085 οὐσίαν
3051 4033 3147 4101 μὲν
3174 4032 3271 4083 οὐκ
3298 4026 3455 4093 εἶναι,
3501 4027 3785 4099 διαφορὰν.

2194 4133 2248 4184 δὲ
2274 4151 2283 4161 ·
2322 4129 2545 4199 ἀμαθῶς
2574 4128 2628 4179 δὲ
2649 4128 2741 4178 καὶ
2765 4124 2921 4177 τοῦτο
2944 4125 3113 4192 λέγων
3136 4122 3542 4192 ἐλεγχθήσεται.
3571 4120 3631 4171 Et
3654 4119 3766 4189 γὰρ

2198 4224 2343 4275 πᾶσα
2378 4220 2606 4290 διαφορά
2638 4218 2765 4287 περὶ
2794 4218 2890 4278 τὰς
2916 4216 3101 4277 οὐσίας
3133 4215 3362 4281 γίνεται,
3390 4213 3570 4281 ζητεῖν
3599 4209 3767 4277 ἀνάγ-

2196 4333 2295 4385 κης
2328 4314 2391 4365 ἂν
2414 4314 2495 4381 εἴη
2520 4314 2616 4379 τὴν
2644 4310 2851 4372 οὐσίαν,
2876 4304 2940 4378 ἦς
2970 4306 3363 4374 ἕσταιδιαφορά
3394 4306 3450 4357 τὸ
3478 4305 3775 4373 ἀγένητον.

2198 4402 2327 4460 Οἷονη
2346 4406 2475 4475 φέρε
2504 4405 2693 4465 εἰπεῖν,
2728 4401 2964 4471 ὁρίζεται
2991 4399 3127 4463 ζῶον
3151 4397 3225 4468 τῷ
3252 4398 3438 4468 τοιῷδε
3469 4397 3639 4466 λόγῳ·
3659 4395 3768 4448 Οὐ-

2199 4498 2287 4551 σία
2320 4496 2556 4566 ἔμψυχος
2596 4491 2906 4560 αἰσθητικὴ.
2942 4490 3073 4556 Περὶ
3120 4489 3322 4556 ταύτην
3368 4487 3466 4556 τὴν
3510 4485 3695 4538 οὐσίαν
3730 4485 3767 4554 ή

2196 4588 2423 4656 διαςρορὰ
2451 4586 2678 4653 γίνεται.
2701 4584 2772 4635 Τὸ
2809 4582 2906 4651 μὲν
2936 4580 3042 4650 γάρ
3076 4580 3190 4631 ἐστι
3220 4578 3355 4643 ζῶον
3376 4576 3611 4643 λογικὸν,
3637 4575 3769 4643 θνη-

2194 4680 2306 4743 τὸν,
2338 4678 2427 4731 νοῦ
2473 4677 2567 4729 καὶ
2600 4676 2907 4741 ἐπιστήμης
2955 4671 3216 4736 δεκτικὸν,
3242 4665 3351 4722 οἷον
3379 4672 3405 4722 ὁ
3438 4670 3723 4739 ἄνθρωπος
3749 4685 3763 4698 ·

2194 4771 2255 4823 τὸ
2303 4770 2359 4822 δὲ
2382 4768 2516 4833 ζῶον
2556 4768 2767 4832 ἄλογον,
2805 4758 2913 4817 οἷον
2946 4764 3131 4825 ἵππος.
3167 4760 3395 4823 Οὐκοῦν,
3432 4764 3768 4829 προῦποκει-

2199 4864 2361 4933 μένης
2392 4862 2487 4930 τῆς
2521 4859 2725 4920 οὐσίας,
2754 4858 2810 4909 αί
2859 4856 3114 4926 διαφοραὶ
3167 4854 3665 4924 προσεπινοοῦνται.
3705 4852 3767 4904 El

2194 4955 2371 5008 τοίνυν
2415 4950 2645 5021 διαφορά
2691 4950 2751 5001 τὸ
2794 4948 3074 5016 ἀγένητον,
3108 4946 3373 5016 ζητείσθω
3406 4945 3497 4997 καὶ
3529 4947 3557 5013 ἡ
3586 4944 3766 5003 οὐσία.

2196 5046 2339 5108 τίνος
2373 5043 2522 5095 ἐσται
2554 5041 2809 5109 διαφορά·
2849 5040 3127 5108 ἀμήχανον
3171 5037 3279 5107 γὰρ
3321 5036 3506 5097 οὐσίας
3539 5033 3769 5105 φορέσαι

2196 5137 2351 5205 λόγον
2381 5134 2479 5204 τὴν
2512 5132 2795 5201 διαφοράν.

2898 5304 3098 5355 ΑΛΛΟ.

2274 5402 2337 5455 Ei
2375 5374 2435 5453 τὸ
2478 5399 2737 5466 ἀγένητον
2772 5394 2946 5455 οὐσία,
2979 5395 3071 5445 καὶ
3120 5394 3179 5445 οὐ
3224 5391 3316 5445 τοῦ
3358 5394 3429 5461 μὴ
3474 5393 3774 5463 γενηθῆναι

2210 5492 2538 5562 σημαντικόν
2578 5491 2715 5555 ἐστι,
2748 5486 2886 5539 κατὰ
2912 5484 3027 5537 τίνα
3056 5487 3254 5555 τρόπον
3294 5488 3320 5537 ὁ
3361 5486 3485 5547 Υἱὸς
3520 5486 3776 5553 ἀνόμοιος

557 5580 722 5635 Filius
746 5584 1019 5638 dissimilis
1066 5587 1169 5639 erit
1218 5585 1385 5649 Patri,
1429 5603 1549 5641 cum
1608 5603 1673 5643 ex
1731 5589 1845 5655 ipso
1897 5590 2091 5656 genitu:

2211 5587 2361 5638 ἔσται
2388 5582 2463 5652 τῷ
2492 5582 2685 5652 Πατρὶ,
2710 5577 2979 5648 γεννητῶς
3004 5578 3260 5647 ὑπάρχων
3282 5577 3339 5640 ἐξ
3368 5576 3552 5635 absoni;
3582 5577 3643 5629 Εί
3663 5575 3776 5645 γὰρ

555 5673 662 5727 sit?
691 5675 819 5727 Nam
851 5677 893 5730 si
931 5677 1045 5731 haec
1071 5678 1282 5733 nomina
1314 5679 1514 5733 nullum
1543 5680 1680 5733 inter
1711 5694 1769 5734 se
1816 5681 2103 5734 discrimen

635 5856 827 5910 '~l'sal.
864 5876 1002 5925 λων,
1036 5862 1085 5914 9.

2218 5680 2289 5747 μή
2322 5684 2442 5729 τινα
2477 5673 2721 5743 διαφορεῖ
2746 5672 2812 5724 τά
2838 5670 3072 5739 ὀνόματα
3102 5670 3235 5738 πρὸς
3263 5669 3462 5737 ἄλληλα
3492 5668 3586 5737 τὴν
3620 5669 3775 5723 ἀντι-
