4048 6424
365 425 436 481 2‘3
1780 415 2220 475 THESAURUS.
3546 409 3615 463 50

361 531 659 602 διαστολὴν,
690 531 825 601 μηδὲ
852 531 1101 603 ἀλλήλοις
1136 532 1376 601 μάχεται
1395 530 1534 585 κατὰ
1563 530 1622 585 τὸ
1641 531 1702 597 ἐξ
1729 533 1919 602 ἁμφοίκ

2036 530 2262 595 habent,
2319 541 2491 597 neque
2524 525 2665 580 inter
2704 536 2762 580 se
2822 529 3084 594 pugnant,
3128 519 3284 589 iuxta
3332 518 3615 586 utriusque

363 623 777 693 σημαινόμενον,
805 622 956 675 οὐδὲν
982 623 1213 675 κωλύσει
1234 623 1354 674 κατ’
1374 623 1562 676 οὐσίαν
1584 623 1769 693 ὅμοιον
1792 620 1932 677 εἶναι

360 715 437 783 τῷ
469 715 640 785 Ilapr
684 712 775 768 τὸν
810 714 939 767 Υιὸν
964 732 977 744 ·
1018 713 1113 767 καὶ
1158 714 1251 767 τοῦ
1303 715 1570 784 ὰγενήτου
1620 716 1700 779 είς
1744 716 1934 769 οὐσίαν

360 801 788 873 λαμϐανομένου,
829 804 1028 873 ὁμοίως
1077 804 1131 857 δὲ
1184 804 1276 855 καὶ
1323 804 1416 856 τοῦ
1467 803 1716 874 γενητοῦ.
1763 806 1934 859 Οὐσία

360 894 469 964 γὰρ
499 893 574 956 ὡς
601 892 736 964 πρὸς
769 893 979 961 οὐσίαν,
1006 894 1105 947 οὐκ
1134 893 1287 950 ἔσται
1321 894 1561 963 ἐναντία,
1599 894 1731 953 καθὸ
1754 896 1933 953 οὐσίαι

360 984 684 1054 ἀμφότεραι.

1040 1096 1246 1151 AAAO.

428 1210 493 1265 EI
522 1212 628 1265 πᾶν
657 1212 919 1282 ἀγένητον
950 1212 1116 1265 παντὶ
1150 1210 1365 1283 γενητῷ
1404 1212 1678 1281 ἀνόμοιον,
1704 1210 1935 1281 ἀληθεύέ

359 1320 441 1356 σει
484 1320 567 1367 τις
608 1303 807 1371 λέγων,
842 1303 922 1355 ὅτι
953 1303 1048 1357 καὶ
1076 1302 1433 1373 πᾶνυγενητὸν
1472 1298 1647 1357 ’παντὶ
1690 1302 1931 1373 γεννητῷ

353 1396 558 1464 ὅμοιον.
606 1394 867 1463 Γεννητὸς
894 1394 952 1447 δὲ
988 1393 1249 1465 ὑπάρχων
1278 1396 1306 1447 ὁ
1332 1394 1481 1460 Υἱὸς,
1517 1394 1773 1464 οὐδεμίαν
1818 1394 1931 1464 ἔχει

354 1485 451 1556 τὴν
476 1485 768 1557 ὁμοιότητα
792 1486 925 1556 πρὸς
946 1485 1015 1539 τὰ
1038 1486 1167 1539 ὄντα
1194 1486 1493 1557 γεννητῶς·
1523 1486 1639 1540 ἔστι
1659 1486 1767 1555 γὰρ
1792 1486 1932 1556 ὑπὲρ

354 1580 536 1631 πᾶσαν
569 1577 667 1649 τὴν
699 1579 896 1632 κτίσιν.
922 1579 1035 1630 Οὐκ
1058 1577 1169 1649 ἄρα
1194 1576 1283 1631 διὰ
1307 1580 1369 1631 τὸ
1395 1579 1658 1650 ἀγένητον
1682 1573 1819 1631 εἶναι
1842 1578 1931 1631 τὸν

352 1665 593 1737 Πατέρα,
624 1666 873 1736 ἀνόμοιος
908 1665 1061 1719 ἔσται
1108 1666 1250 1721 κατὰ
1278 1667 1439 1737 φύσιν
1461 1667 1630 1739 αὐτῷ,
1658 1667 1932 1737 γεννητῶς

351 1751 612 1821 ὑπάρχων
666 1749 727 1817 ἐξ
770 1753 937 1806 αὐτοῦ
976 1752 1345 1825 Υἱός.Ὠσπερ
1387 1756 1498 1826 γὰρ
1538 1757 1637 1828 τὴν
1683 1755 1818 1827 πρὸς
1861 1754 1933 1808 τὰ

2034 620 2487 691 signiﬁcationem
2517 616 2649 671 nihil
2671 614 2909 670 obstabit
2964 616 3253 682 quominus
3284 608 3480 665 similis
3512 607 3615 677 15

2036 714 2327 769 secundum
2354 708 2713 764 substantiam
2748 704 2897 758 Patri
2926 704 2995 757 sit
3031 703 3223 759 Filius.
3252 701 3339 765 Et,
3372 701 3420 753 si
3460 699 3615 767 inge-

2036 805 2205 859 nitum
2240 816 2338 872 pro
2367 798 2670 856 substantia
2706 798 2947 864 capitur,
2979 793 3230 850 similiter
3272 800 3326 846 et
3348 791 3610 862 genitum.

2035 893 2167 948 Nam
2194 891 2523 953 substantia,
2557 898 2614 943 ut
2651 888 2716 943 ad
2750 886 3111 942 substantiam
3146 884 3370 943 collata.
3400 896 3505 936 non
3530 889 3615 935 est

2034 986 2332 1050 contraria,
2366 984 2418 1038 in
2448 989 2709 1053 quantum
2737 987 2970 1048 utraque
3004 977 3313 1032 substantia
3339 982 3446 1029 est.

2727 1090 2958 1146 ALlUD.

2106 1207 2168 1262 Si
2198 1220 2360 1261 omne
2405 1204 2704 1275 ingenitum
2750 1202 2898 1257 omni
2960 1200 3143 1272 genito
3200 1196 3466 1253 dissimile
3505 1203 3615 1262 est,

2036 1311 2162 1352 vere
2194 1294 2467 1365 quispiam
2498 1293 2724 1360 dixerit,
2770 1292 2940 1347 etiam
2978 1304 3141 1345 omne
3176 1288 3415 1360 genitum
3467 1290 3614 1343 omni

2036 1387 2217 1457 genito
2247 1385 2424 1441 simile
2443 1399 2598 1441 esse.
2622 1383 2755 1439 Cum
2779 1396 2907 1437 vero
2932 1381 3104 1436 Filius
3139 1380 3353 1451 genitus
3379 1380 3475 1445 sit,
3499 1376 3621 1432 nul-

2037 1479 2141 1533 Iam
2169 1487 2345 1532 tamen
2388 1476 2559 1530 habet
2617 1474 3029 1530 similitudinem
3086 1488 3208 1527 cum
3266 1469 3617 1525 creatiszest

2033 1569 2176 1624 enim
2208 1568 2352 1623 omni
2383 1576 2637 1622 creatura
2690 1566 2966 1636 superior.
3006 1562 3125 1619 Non
3162 1564 3327 1633 igitur
3376 1561 3500 1632 quia
3534 1560 3619 1614 in-

2033 1659 2347 1729 genitusest
2381 1656 2563 1721 Pater,
2598 1656 2887 1712 dissimilis
2919 1658 2968 1712 ei
3011 1655 3315 1711 secundum
3363 1662 3619 1707 naturam

2032 1751 2155 1813 erit,
2178 1750 2271 1818 qui
2294 1764 2366 1804 ex
2397 1750 2512 1818 ipso
2541 1747 2754 1818 genitus
2782 1755 2868 1802 est
2910 1745 3103 1801 Filius.
3134 1742 3608 1812 Quemadmodum

350 1840 553 1933 γενητὰ
618 1843 871 1913 γεννητὸς
925 1843 1187 1915 ὑπάρχων
1238 1844 1574 1919 ἀναῦέσηκέν
1624 1847 1919 1919 ὁμοίωσιν·

2033 1842 2175 1896 enim
2200 1841 2338 1911 ipse,
2370 1840 2588 1910 genitus
2616 1853 2738 1892 cum
2770 1836 2864 1903 sit,
2888 1850 3107 1891 omnem
3155 1849 3276 1889 cum
3306 1832 3514 1888 creatis
3534 1831 3610 1886 si-

348 1932 493 1987 οὕτω
517 1936 617 2006 τῆς
644 1934 779 2005 πρὸς
807 1934 869 1989 τὸ
901 1935 1165 2007 ἀγένητον
1197 1940 1497 2010 ὲμφερείας
1529 1940 1588 1994 οὐ
1620 1941 1927 2013 καταϐήσε-

346 2041 463 2091 ται,
494 2026 599 2081 κᾶν
624 2027 842 2099 ὑπάρχῃ
876 2029 1162 2099 γεννητός.

624 2137 1027 2207 Ἅνθυποφορὰ
1058 2140 1138 2205 ὡς
1162 2138 1231 2193 ἐκ
1256 2138 1376 2193 τῶν
1402 2139 1730 2209 αἱρετικῶν.

416 2243 493 2299 Τὸ
523 2245 811 2316 ἀγένητον,
831 2248 1019 2315 φασιν,
1046 2248 1148 2303 hri.
1172 2248 1331 2315 Θεοῦ,
1350 2249 1536 2305 οὐσίαν
1563 2246 1702 2304 εἶναι
1726 2267 1927 2322 φαμεν·

343 2338 440 2392 καὶ
469 2338 618 2392 ἔσται
655 2340 717 2391 τὸ
751 2339 923 2410 ὄνομα
956 2341 1160 2410 ὁρικὸν,
1183 2340 1372 2411 ῶσπερ
1399 2342 1466 2395 ἂν
1496 2342 1549 2395 ιτ
1568 2359 1653 2406 τις
1684 2343 1929 2413 ὁρίσαιτο

342 2429 437 2487 καὶ
461 2430 561 2499 τὴν
591 2430 778 2483 οὐσίαν
822 2430 927 2483 τοῦ
941 2431 1230 2501 ἀνθρώπου
1262 2433 1458 2501 λέγων’
1493 2434 1644 2488 Ζῶον
1675 2432 1921 2503 λογικὸν,

342 2519 558 2590 θνητὸν,
592 2519 686 2575 νοῦ
720 2521 814 2575 καὶ
848 2524 1158 2595 ἐπιστήμης
1181 2523 1449 2579 δεκτικόν.

832 2720 987 2787 Πρὸς
1016 2718 1195 2774 τοῦτο
1230 2720 1432 2786 λύσις.

424 2850 676 2921 ’Δμαθῶς
720 2850 817 2905 καὶ
860 2849 1019 2906 τοῦτο
1051 2853 1425 2923 προτείνοντες
1462 2834 1883 2924 ἐλεγχθήσονται
1908 2870 1921 2885 ·

339 2941 390 2992 si
428 2940 540 3013 γὰρ
563 2941 747 3009 ὁρικὸν
775 2936 915 2997 εἶναι
942 2941 1195 3014 βούλεσθε
1225 2943 1286 2996 τὸ
1313 2942 1602 3013 ἀγένητος
1616 2942 1819 3013 hepta,
1859 2945 1923 2996 ὲκ

2034 1930 2395 1987 militudinem
2450 1928 2719 1984 excedit:
2758 1928 2831 1982 ita
2888 1926 3054 1981 etiam
3104 1939 3210 1981 non
3264 1924 3371 1979 erit
3420 1935 3617 1993 expers

2033 2022 2403 2079 similitudinis
2432 2036 2553 2076 eum
2579 2018 2842 2090 ingenito,
2878 2017 3097 2073 tametsi
3132 2016 3348 2086 genitus
3378 2013 3471 2070 sit.

2210 2134 2444 2205 Objectie
2475 2144 2726 2203 tanquam
2764 2148 2829 2187 ea:
2861 2132 3022 2185 dictis
3069 2130 3461 2185 hwretirortmt.

2099 2250 2169 2305 At
2193 2250 2514 2320 ingenitum,
2546 2248 2815 2317 inquiunt,
2854 2247 2909 2300 in
2934 2245 3067 2309 Deo,
3106 2242 3466 2300 substantiam
3492 2255 3615 2296 esse

2028 2342 2359 2420 asseriinus:
2382 2340 2447 2395 Et
2487 2338 2594 2394 erit
2651 2351 2846 2393 nomen
2906 2335 3293 2399 deﬁnitivum;
3361 2332 3525 2387 veluti
3566 2334 3616 2387 si

2028 2431 2154 2500 quis
2188 2430 2411 2484 deﬁniat
2456 2430 2621 2484 etiam
2678 2428 3043 2484 substantiam
3096 2425 3334 2481 hominis
3380 2425 3611 2479 dicens:

2025 2522 2241 2576 Animal
2268 2521 2553 2585 rationale,
2577 2520 2824 2585 mortale,
2855 2518 3223 2589 intelligentia:
3249 2525 3414 2586 atque
3436 2516 3617 2570 scien-

2027 2616 2115 2667 tia:
2146 2627 2338 2682 capax.

2720 2727 2946 2782 Solatia.

2092 2859 2273 2930 Inepte
2316 2862 2480 2917 etiam
2536 2862 2639 2917 hoc
2683 2862 2920 2930 objicere
2967 2859 3346 2917 ostendentur.
3401 2857 3535 2912 Nam
3567 2857 3615 2912 si

2025 2966 2208 3007 vocem
2245 2954 2408 3018 hanc,
2446 2955 2756 3024 ingenitum,
2792 2952 3127 3008 deﬁnitivam
3170 2964 3293 3006 esse
3321 2949 3505 3021 vultis,
3538 2962 3615 3002 ex

339 3033 532 3103 γένους
580 3032 719 3086 ἔστω
763 3034 858 3087 καὶ
897 3034 1182 3107 διαφορᾶς,
1235 3035 1355 3106 ἦτοι
1397 3034 1704 3104 διαφορῶνο
1754 3035 1919 3105 χωρὶς

2025 3055 2225 3109 genere
2266 3043 2373 3097 erit
2400 3049 2563 3113 atque
2590 3042 2895 3098 differentia
2923 3040 3007 3096 vel
3033 3039 3353 3096 dill'erentiis
3388 3057 3401 3092 :
3438 3052 3614 3109 neque

338 3124 449 3201 γὰρ
478 3125 682 3179 τούτων
710 3128 834 3197 ὄρος
861 3128 960 3181 οὐκ
986 3127 1052 3181 ἂν
1086 3127 1296 3196 γένοιτὸ
1326 3144 1477 3180 ποτε.
1501 3127 1574 3179 Τὸ
1598 3126 1655 3180 δὲ
1681 3126 1919 3180 τοιοῦτον

2027 3132 2171 3186 enim
2204 3134 2322 3188 sine
2373 3134 2457 3189 his
2513 3134 2758 3189 deﬁnitio
2817 3148 3055 3203 unquam
3112 3140 3364 3187 constare
3414 3136 3610 3199 potest.

340 3215 624 3286 ἀγένητον,
662 3218 741 3279 είς
761 3215 913 3270 οὐδὲν
946 3216 1134 3281 οὐσίας
1174 3218 1419 3289 ὑπάρχον
1461 3219 1638 3286 γένος,
1666 3218 1793 3289 ὄρος
1819 3220 1919 3272 οὐκ

2025 3222 2321 3291 Ingenitum
2355 3226 2539 3296 itaque
2595 3240 2716 3280 cum
2756 3226 2809 3279 in
2852 3224 3000 3279 nullo
3033 3224 3351 3279 substantiae
3413 3234 3615 3291 genere

337 3306 404 3361 ἂν
434 3303 574 3361 εἶναι
602 3306 844 3360 δύναιτο·
874 3308 1011 3379 πρὸς
1035 3308 1092 3361 δέ
1124 3325 1187 3376 γε
1217 3308 1414 3379 τούτῳ,
1445 3308 1514 3361 τὰ
1539 3309 1670 3379 γένη
1719 3310 1919 3379 φιλοσό-

2026 3316 2494 3387 collocaripossit,
2533 3312 2782 3372 deﬁnitio
2818 3331 2941 3371 esse
2976 3331 3082 3370 non
3109 3323 3306 3386 potest.
3351 3314 3430 3367 Ad
3472 3312 3609 3381 haec,

340 3416 456 3468 φως
504 3396 811 3469 ὁριζόμενος
848 3401 977 3471 παρ’
1018 3400 1240 3454 ἐκείνων
1283 3400 1519 3471 ὁρῶμεν,
1559 3402 1663 3454 οὐκ
1713 3403 1770 3454 ὲν
1825 3402 1919 3472 μιᾷ

2024 3422 2223 3477 genera
2253 3424 2281 3462 a
2311 3410 2648 3478 philosophis
2701 3424 2806 3463 non
2841 3409 2890 3462 in
2925 3422 3033 3461 una
3068 3420 3132 3461 ac
3179 3405 3293 3461 sola
3342 3403 3603 3466 dictione,

338 3491 480 3555 λέξει
507 3493 600 3545 καὶ
631 3491 786 3563 μόνῃ,
820 3492 934 3568 ἀλλ’
964 3494 1022 3545 ὲν
1051 3493 1290 3547 πλείοσιν
1311 3509 1326 3525 ’
1352 3493 1426 3557 ὡς
1459 3493 1521 3546 τὸ
1550 3493 1709 3547 οὐσία
1747 3492 1925 3563 ἔμψυ-

337 3599 427 3653 xc;
456 3583 765 3653 αἰσθητικὴ.
797 3584 829 3655 ἢ
880 3583 1017 3647 ζῶον
1067 3584 1281 3653 λογικὸν
1332 3584 1548 3655 θνητόν.
1580 3584 1693 3639 Καὶ
1728 3586 1776 3636 εἰ
1806 3584 1923 3647 ἑνὸς

293 3660 303 3670 ’
334 3668 599 3738 ὀνόματος
636 3671 910 3739 ἀπόφασις
937 3672 1037 3725 οὐκ
1061 3667 1351 3747 ἐξαρκέσει
1370 3674 1505 3744 πρὸς
1527 3674 1717 3738 οὐσίας
1747 3672 1920 3745 δήλω-

339 3774 441 3824 σιν,
476 3758 577 3812 οὐκ
599 3759 706 3831 ἄρα
742 3761 925 3831 ὁρικὸν
951 3761 1011 3815 τὸ
1039 3762 1389 3833 ἀγέννητος.
1537 3788 1544 3795 -

1018 3956 1226 4011 AAAO.

404 4063 467 4116 EI
498 4065 606 4126 πᾶς
632 4063 759 4132 ὅρος
782 4064 846 4118 τὸ
868 4065 921 4119 τί
944 4067 1061 4120 ἐστι
1092 4067 1233 4123 κατά
1258 4069 1421 4139 φύσιν
1453 4071 1561 4124 τῶν
1586 4074 1919 4145 σημαινομέ-

330 4172 437 4207 νων
485 4156 717 4209 ἕκαστον
761 4157 1021 4229 είσφέρει,
1057 4161 1152 4216 καὶ
1199 4160 1320 4231 οὐχὶ⁹
1364 4162 1415 4215 τί
1445 4163 1544 4216 οὐκ
1574 4162 1720 4217 ἔστιν
1748 4181 1761 4194 '
1798 4166 1916 4237 ἡκ

330 4243 665 4313 ἀγέννητος
694 4247 869 4318 φωνὴ,
887 4247 948 4301 οὐ
968 4250 1223 4303 τίὲστινὸ
1247 4250 1401 4315 Θεὸς,
1427 4252 1562 4306 ἀλλὰ
1590 4253 1643 4306 τί
1668 4254 1768 4307 οὐκ
1792 4255 1909 4308 ἐστι

327 4336 481 4406 δηλοῖ
515 4336 631 4407 (ὅτι
674 4336 780 4409 γὰρ
822 4337 923 4391 οὐκ
966 4340 1218 4412 ἐγενήθη,
1250 4341 1339 4395 διὰ
1372 4342 1542 4402 τοῦτο
1566 4343 1867 4417 ἀγένητος)
1896 4363 1910 4377 ·

328 4430 430 4483 οὐκ
456 4426 524 4483 ἂν
554 4429 639 4500 εἴη
665 4428 790 4499 ὅρος
818 4428 879 4483 τὸ
909 4429 1198 4500 ἀγένητος
1231 4434 1437 4505 ὁνομαν

1023 4542 1228 4597 ΔΛΛΟ.

400 4653 522 4707 Τῶν
549 4652 745 4709 οὐσιῶν
769 4654 1078 4724 τοὺςτὸρους
1116 4657 1149 4725 ἦ
1192 4657 1325 4725 φέρε
1358 4658 1532 4714 εἰπεῖν
1562 4661 1907 4734 τῶνσυμᾶε-

329 4744 595 4815 σηκὸτων,
612 4745 661 4798 οἱ
691 4746 819 4813 περὶ
847 4745 1022 4799 ταῦτα
1057 4748 1229 4816 σοφοὶ,
1248 4750 1347 4802 οὐκ
1374 4753 1437 4803 ὲκ
1461 4752 1569 4805 τῶν
1596 4755 1908 4825 ἀντικειμέιι

325 4852 434 4888 νων
470 4835 715 4903 γίνεσθαι
746 4836 1043 4905 βούλονται,
1076 4838 1191 4892 ἀλλ’
1227 4840 1283 4907 ἐξ
1324 4834 1397 4894 ὦν
1427 4844 1565 4898 εἰσιν
1598 4846 1907 4915 ὁμολογου-

328 4926 507 4997 μένως
524 4941 539 4955 ’
563 4922 888 4999 οἵονρῶσπερ
916 4930 967 4981 ετ
994 4947 1078 4993 τις
1105 4932 1277 4987 εἰπεῖν
1300 4932 1695 5006 ἀπαιτούμενος
1716 4937 1768 4989 τί
1789 4938 1907 4991 ἐστι

325 5020 539 5086 λευκὸν,
569 5020 924 5092 ἀποκρίναιτο
955 5020 1016 5076 τὸ
1066 5023 1140 5095 μὴ
1187 5026 1377 5095 μέλαν.
1413 5025 1584 5080 Τοῦτο
1620 5028 1730 5101 γὰρ
1763 5029 1823 5082 οὐ
1851 5030 1903 5083 τί

325 5114 441 5166 ἔστι
470 5111 533 5167 τὸ
559 5112 895 5191 ὁριζόμενον,
926 5113 1061 5168 ἀλλὰ
1089 5115 1139 5166 τί
1172 5117 1271 5168 οὐκ
1301 5117 1413 5170 ἔστι
1440 5118 1610 5189 δηλοῖ.
1638 5120 1701 5172 Εἰ
1724 5120 1904 5174 τοίνυν

324 5206 362 5275 ἡ
392 5204 685 5276 ἀγένητος
732 5206 881 5278 φωνὴ
928 5206 991 5259 τὸ
1038 5206 1112 5278 μὴ
1158 5208 1487 5279 γεγενῆσθαι
1535 5212 1809 5282 σημαίνει,
1839 5213 1908 5269 ὲκ

319 5298 432 5351 τῶν
474 5299 863 5369 ἀντικειμένων
910 5298 1022 5370 ἔχει
1070 5299 1167 5373 τὴν
1201 5300 1452 5371 δήλωσιν,
1484 5304 1641 5373 ὑγιὴς
1680 5305 1737 5358 δὲ
1780 5308 1905 5377 ὅρος

316 5389 423 5441 οὐκ
457 5389 525 5442 ἂν
560 5389 767 5456 γένοιτο
797 5389 884 5444 διὰ
922 5390 1031 5449 τῶν
1066 5391 1342 5448 τοιούτων.
1372 5393 1486 5450 Οὐκ
1527 5395 1636 5466 ἄρα
1682 5395 1809 5465 ὄρος
1840 5395 1907 5450 τὸ

324 5482 639 5552 ἀγέννητον.

1011 5596 1214 5649 ΑΛΛΟ.

404 5708 470 5761 Ἡ
527 5708 817 5778 ἀγένητος
872 5711 1022 5780 φωνὴ
1085 5711 1193 5765 τῶν
1252 5711 1531 5783 πολλαχῶς
1586 5714 1898 5787 λεγομένων

314 5801 489 5855 νοοῖτο
544 5800 767 5867 κυρίως,
802 5803 896 5859 καὶ
942 5803 998 5859 ὲν
1044 5806 1155 5867 τοῖς
1202 5803 1512 5873 ὁμωνύμοις
1562 5807 1798 5876 εὐλόγως
1834 5810 1899 5865 ἂν

2022 3498 2117 3550 scd
2149 3497 2200 3550 in
2257 3496 2502 3567 pluribus
2570 3495 2788 3551 deﬁnita
2845 3496 3111 3562 videmus,
3171 3507 3232 3550 ut
3302 3495 3607 3549 substantia

2024 3582 2261 3638 animata
2292 3585 2573 3651 sensitiva,
2625 3584 2709 3640 vel
2759 3585 2957 3639 animal
2990 3583 3273 3649 rationale,
3356 3582 3605 3638 mortale.

2021 3672 2158 3727 Etsi
2201 3674 2362 3729 unius
2409 3676 2645 3730 nominis
2686 3676 2902 3744 negatio
2950 3690 3056 3729 non
3088 3674 3290 3730 suﬁicit
3358 3674 3425 3730 ad
3469 3677 3607 3730 sub-

2020 3765 2235 3820 stantiae
2263 3767 2680 3835 explicationem
2702 3807 2720 3834 ,
2762 3783 2869 3822 non
2924 3767 3031 3823 erit
3064 3777 3215 3824 certe
3246 3767 3471 3839 ingeniti
3504 3781 3605 3823 no-

2022 3870 2143 3910 men
2180 3854 2446 3912 deﬁnitio.

2678 3971 2911 4029 ALIUD.

2091 4081 2147 4136 Si
2186 4082 2363 4138 omnis
2397 4081 2638 4137 deﬁnitio
2678 4082 3051 4153 cujuscunque
3092 4083 3243 4139 vocis
3320 4083 3448 4153 quid
3490 4084 3600 4147 sit,

2017 4175 2159 4242 quod
2186 4176 2527 4246 proponitur,
2564 4189 2670 4229 non
2710 4176 2840 4245 quid
2872 4190 2980 4230 non
3011 4177 3106 4245 sit,
3138 4176 3394 4245 explicat,
3442 4177 3598 4247 inge—

2018 4268 2116 4322 niti
2147 4277 2327 4323 autem
2359 4284 2461 4323 vox
2492 4282 2597 4323 non
2632 4269 2763 4338 quid
2798 4268 2870 4323 sit
2926 4268 3090 4334 Deus,
3124 4270 3219 4323 sed
3243 4268 3373 4337 quid
3402 4284 3507 4323 non
3531 4269 3606 4323 sit

2016 4359 2256 4428 explicat
2283 4361 2444 4429 (quia
2473 4360 2615 4415 enim
2644 4360 2860 4431 genitus
2887 4375 2992 4414 non
3027 4369 3134 4424 est,
3168 4359 3288 4414 ideo
3323 4358 3605 4427 ingenitus

2017 4451 2243 4520 dicitur)
2296 4470 2309 4505 :
2346 4451 2565 4521 ingeniti
2601 4465 2799 4507 nomen
2838 4449 3085 4507 deﬁnitio
3113 4464 3236 4506 esse
3265 4464 3369 4505 non
3401 4459 3595 4520 potest.

2692 4564 2925 4622 ALIUD.

2089 4677 2523 4733 Substanliarum
2561 4687 2728 4749 atque
2758 4679 2893 4733 adeo
2930 4678 3293 4734 accidentium
3318 4660 3594 4735 deﬁnitio-

2012 4783 2105 4823 nes
2133 4768 2435 4838 philosophi
2461 4786 2565 4824 non
2591 4787 2619 4824 a
2647 4772 2939 4825 contrariis
2968 4772 3074 4841 peti
3099 4772 3307 4839 volunt,
3327 4771 3421 4828 sed
3448 4788 3511 4827 ex
3534 4773 3607 4828 iis

2010 4876 2040 4916 θ
2061 4862 2254 4928 quibus
2278 4876 2463 4915 revera
2496 4870 2751 4917 constant
2784 4880 2799 4917 :
2834 4864 2939 4934 ιθ
2969 4864 3130 4918 veluti
3156 4866 3200 4919 si
3239 4864 3359 4934 quis
3384 4874 3603 4933 rogatus

2009 4953 2230 5022 quidsit
2258 4951 2462 5019 album,
2510 4956 2857 5025 respondeat,
2917 4956 2972 5009 id
3026 4957 3171 5026 quod
3223 4957 3438 5025 nigrum
3488 4972 3599 5012 non

2007 5053 2107 5100 est.
2152 5043 2205 5098 Id
2236 5045 2381 5099 enim
2434 5061 2539 5100 non
2580 5048 2709 5116 quid
2782 5056 2889 5113 est,
2942 5048 3035 5103 sed
3090 5048 3220 5119 quid
3270 5064 3377 5102 non
3422 5058 3506 5103 est
3545 5046 3597 5103 id

2008 5136 2150 5204 quod
2180 5135 2435 5189 deﬁnitur
2478 5137 2736 5190 ostendit.
2773 5136 2830 5190 Si
2876 5150 3004 5207 ergo
3043 5151 3147 5192 vox
3194 5138 3437 5206 ingeniti,
3492 5152 3596 5192 non

2006 5242 2129 5282 esse
2163 5229 2404 5296 genitum
2436 5228 2698 5295 declarat,
2728 5243 2792 5283 ex
2838 5228 3130 5284 contrariis
3161 5243 3312 5283 suam
3348 5229 3595 5283 declarao

2014 5321 2213 5376 tionem
2265 5321 2433 5375 sumit
2471 5339 2485 5376 :
2522 5330 2668 5375 reeta
2709 5335 2837 5376 vero
2892 5321 3136 5376 definitio
3190 5334 3465 5387 nunquam
3527 5335 3597 5374 ex

2010 5412 2077 5467 iis
2105 5422 2336 5467 constat.
2367 5410 2484 5467 Non
2511 5420 2595 5467 est
2623 5428 2753 5482 ergo
2800 5427 2995 5468 nomen
3045 5411 3271 5483 ingeniti
3320 5411 3595 5468 deﬁnitio.

2675 5608 2905 5667 ALIUD.

2073 5717 2186 5774 Vox
2219 5721 2435 5790 ingeniti
2478 5721 2634 5779 exiis
2685 5732 2768 5779 cst
2823 5739 2944 5793 quae
2992 5724 3157 5778 variis
3214 5725 3391 5781 modis
3428 5726 3589 5781 intel-

2002 5810 2090 5878 ligi
2121 5822 2365 5881 possunt,
2404 5814 2708 5880 meritoque
2770 5816 2911 5871 inter
2961 5814 3266 5882 mquivocas
3310 5818 3586 5873 numerari
