4048 6420
439 432 500 488 81
1452 426 1510 482 8.
1551 419 1831 480 CYRILLI
1869 416 2338 475 ALEXANDRINI
2378 416 2698 474 ARCHIEP.
3629 422 3699 477 ῃ

440 551 615 605 debet.
656 548 711 604 Si
743 562 869 619 ergo
894 548 1319 605 substantiarnm
1358 542 1700 600 deﬁnitiones
1740 555 1845 595 non
1877 552 2009 595 con-

2116 538 2517 591 κατατάττοιτο.
2557 538 2619 590 ει
2664 537 2841 591 τοίνυν
2886 540 2935 593 oi
2979 537 3089 591 τῶν
3128 536 3325 591 οὐσιῶν
3358 536 3475 608 ὅροι
3505 534 3609 589 οὐκ
3638 538 3699 589 ἐκ

438 648 587 695 stant
608 653 673 695 ex
695 640 1010 710 cquivocis,
1040 654 1216 709 neque
1239 652 1306 693 ex
1340 636 1590 692 terminis
1619 633 1800 688 varias
1842 632 2011 702 signi-

2112 628 2219 682 τῶν
2270 628 2597 700 ὁμωνύμων,
2644 629 2752 682 οιίδ⁴
2789 632 2852 684 ἐκ
2904 631 3013 684 τῶν
3060 630 3341 700 πολλαχῶς
3389 627 3695 699 νοουμένων(

444 729 720 786 licationes
746 730 1067 787 habentibus
1093 734 1305 799 (neque
1332 726 1477 783 enim
1511 725 1561 781 id
1585 725 1728 794 quod
1756 723 2011 779 deﬁnitur

2113 720 2477 789 λαμϐἀνονται
2520 720 2659 789 (οὐδὲ
2694 720 2803 791 γὰρ
2852 720 3007 775 ισται
3056 721 3224 789 σαφὲς
3256 719 3317 779 τὸ
3356 717 3698 787 ὁριζόμενον.

442 820 817 891 explicabitur,
848 821 893 876 si
919 836 984 877 ex
1021 821 1085 875 iis
1128 818 1393 887 constet),
1424 817 1643 887 iugum
1706 829 1836 871 vero
1885 829 2009 880 vos,

2113 813 2162 865 si
2208 814 2272 865 ἐκ
2317 811 2522 865 τούτων
2568 811 2941 881 λαμϐάνοιτο),
2994 814 3028 883 ἡ
3081 812 3137 864 δὲ
3183 809 3471 881 ἀγένητος
3524 806 3694 878 φωνὴ

444 918 504 963 ιιι
538 912 697 966 modo
724 911 980 975 diximus,
1019 910 1293 980 mquivoca
1333 918 1418 965 est
1457 926 1471 964 :
1509 914 1660 964 certe
1708 906 2010 977 ingenitum

2113 903 2362 976 καθάπερ
2389 904 2488 975 ήδη
2518 902 2870 974 προείπομεν,
2909 904 3019 957 τῶν
3050 902 3359 975 ὁμωνύμων
3396 901 3572 965 εστὶν,
3602 900 3700 951 οὐν

445 999 685 1056 deﬁnitio
711 1015 831 1057 esse
861 1016 965 1055 non
996 1009 1193 1071 potest.

2116 994 2182 1048 ἀν
2211 996 2294 1067 εἴη
2322 996 2444 1066 ὅρος
2479 994 2539 1048 τὸ
2566 995 2857 1067 ἀγένητον.

1115 1109 1345 1193 suun.
1644 1124 1651 1127 ί
2806 1109 3009 1163 ΑΑΑο.

520 1222 573 1278 Si
610 1238 802 1280 nomen
829 1224 946 1279 sive
974 1238 1075 1278 vox
1123 1224 1363 1293 ingeniti,
1404 1221 1651 1285 deﬁnitio
1682 1230 1788 1287 est,
1832 1222 2015 1281 susci-

2185 1219 2246 1273 Ei
2273 1222 2396 1292 ὅρος
2424 1221 2537 1274 ἔστι
2569 1221 2629 1273 τὸ
2651 1220 2978 1290 ἀγέννητοι·
3005 1220 3174 1291 ὕνομα
3204 1220 3322 1290 ἦτοι
3346 1219 3519 1288 φωνὴ.
3558 1216 3707 1283 δεξε-

449 1317 557 1384 pici
590 1314 829 1386 proiecto
852 1316 1006 1385 juxta
1056 1314 1321 1370 rationem
1351 1314 1751 1378 deﬁnitionum,
1785 1327 2012 1368 conver-

2114 1329 2205 1365 ται
2230 1313 2473 1382 δηλονότι
2502 1314 2644 1367 κατὰ
2670 1312 2731 1366 τὸ
2762 1312 2869 1366 τῶν
2895 1314 3036 1384 ὅρων
3072 1313 3256 1383 σχῆμα
3285 1312 3385 1382 τὴν
3417 1312 3706 1380 ἀντιστρο-

448 1406 673 1462 sionem.
704 1406 876 1461 Veluti
905 1408 948 1460 si
976 1406 1099 1475 quis
1128 1406 1400 1462 hominem
1419 1406 1699 1467 deﬁniens,
1724 1405 1868 1459 dicat
1895 1417 2017 1460 esse

2117 1406 2251 1473 φήνσ
2289 1402 2477 1475 ὥσπερ
2524 1405 2577 1458 ετ
2621 1421 2707 1468 τις
2754 1403 2846 1459 τὸν
2892 1403 3177 1475 ἄνθρωπον
3223 1401 3440 1473 ὁρίζων,
3486 1402 3562 1461 ὡς
3618 1400 3706 1470 ιεη

450 1494 648 1548 animal
679 1494 961 1558 ratioiiaie,
989 1496 1236 1571 mortale,
1301 1495 1669 1566 intelligentia:
1736 1503 1793 1551 et
1842 1495 2016 1550 scieno

2119 1493 2256 1559 ζῶον
2301 1494 2537 1564 λογικὸν,
2571 1496 2781 1567 θνητὸν,
2818 1495 2911 1550 νοῦ
2948 1497 3041 1549 καὶ
3076 1496 3388 1565 ἐπιστήμης
3427 1492 3703 1557 δεκτικδν,

451 1587 539 1639 tia:
568 1599 769 1655 capas;
817 1588 1018 1656 poterit
1060 1588 1165 1642 hoc
1220 1587 1394 1655 ipsum
1443 1600 1633 1643 rursus
1673 1593 2013 1653 convertere,

2118 1585 2489 1655 ἀντιστρίφων
2523 1587 2685 1640 πάλιν
2722 1588 2853 1641 αὐτὸ
2880 1588 3028 1655 λέγοι
3048 1602 3061 1615 ·
3092 1587 3160 1642 Et
3192 1604 3277 1650 τις
3300 1585 3438 1649 ζῶον
3463 1583 3712 1652 λογικὸν.

450 1675 675 1731 dicens:
709 1676 763 1731 Si
799 1677 941 1747 quod
979 1678 1176 1733 animal
1206 1688 1291 1733 est
1333 1677 1615 1746 rationale,
1649 1677 1900 1742 mortale,
1934 1678 2017 1732 in-

2120 1676 2331 1748 θνητὸν,
2368 1677 2458 1732 νοῦ
2509 1680 2604 1732 καὶ
2638 1680 2954 1749 δπιστήμης
2985 1678 3255 1743 δεκτικὸν,
3292 1677 3452 1731 τοῦτο
3484 1678 3711 1741 πάντως

453 1765 759 1835 teiligentiac
780 1777 833 1820 et
856 1768 1096 1822 scientia.-
1121 1783 1312 1838 capas,
1344 1769 1396 1823 id
1417 1767 1636 1823 omnino
1652 1768 1829 1823 -etiam
1858 1766 2020 1823 homo

2122 1768 2218 1821 καὶ
2252 1768 2555 1838 ἄνθρωπος.
2586 1770 2649 1823 El
2672 1770 2849 1823 τοίνυν
2884 1770 2942 1823 τὸ
2970 1770 3255 1843 ἀγένητον,
3307 1770 3560 1839 καθάπερ
3591 1768 3709 1839 ἤδη

451 1863 556 1910 est.
589 1854 921 1927 Quapropter
945 1859 991 1915 si
1027 1859 1324 1930 ingenitum
1352 1861 1535 1931 (sicut
1562 1862 1719 1917 modo
1745 1859 2015 1932 diximus)

2120 1860 2475 1931 προείπομεν,
2500 1861 2623 1930 ὅρος
2646 1862 2782 1923 ἐστὶ,
2809 1860 2884 1931 μὴ
2909 1860 3281 1930 παραιτείσθω
3297 1861 3396 1929 τὴν
3425 1861 3712 1929 ἀντιστρο-

452 1944 694 2001 deﬁnitio
761 1956 866 2014 est,
916 1963 984 2004 ne
1031 1959 1245 2007 recuset
1278 1953 1707 2009 conversionem.
1760 1950 1817 2007 Si
1869 1954 2014 2008 enim

2123 1955 2265 2023 φην·
2318 1952 2367 2003 εἰ
2415 1951 2524 2022 γὰρ
2562 1952 2622 2004 τὸ
2655 1951 2915 2021 ἀγένητον
2945 1952 3120 2014 οὐσία,
3153 1953 3247 2005 καὶ
3296 1954 3329 2021 ἡ
3371 1952 3528 2003 οὐσία
3572 1950 3712 2017 ἀγέο

453 2036 746 2107 ingenitum
778 2035 1080 2096 substantia
1113 2050 1197 2098 est
1239 2061 1253 2097 :
1288 2043 1586 2099 substantia
1617 2044 1780 2099 etiam
1822 2052 1907 2099 est
1932 2044 2018 2098 in-

2122 2062 2312 2115 νητον·
2366 2044 2481 2097 ἀλλ’
2521 2045 2620 2098 οὐκ
2670 2046 3039 2115 ἀντιστρέφει.
3082 2047 3156 2099 Οὐ
3198 2046 3308 2117 γὰρ
3357 2047 3506 2099 πᾶσα
3547 2044 3710 2098 οὐσία

453 2127 712 2195 genitum,
749 2130 842 2185 sed
888 2146 992 2186 non
1033 2135 1387 2189 convertitur.
1435 2134 1622 2205 Neque
1665 2135 1810 2191 enim
1844 2134 2021 2191 omnis

2124 2136 2341 2197 πάντως
2368 2135 2485 2188 εστὶ
2524 2136 2617 2189 καὶ
2664 2136 2926 2207 ἀγένητος
2948 2152 2961 2166 ·
3000 2137 3145 2207 μόνῳ
3175 2138 3232 2191 δι
3263 2137 3382 2208 Θεῷ
3424 2137 3544 2190 κατ’
3570 2135 3714 2200 ἐξαί-

453 2217 753 2274 suhstantia
808 2221 859 2275 in
914 2223 1221 2279 universum
1270 2226 1432 2279 etiam
1484 2226 1719 2295 ingenita
1753 2234 1868 2292 est;
1917 2224 2019 2281 soli

2130 2241 2281 2296 ρετον
2310 2222 2465 2277 τοῦτό
2494 2225 2837 2295 ἑστιν.”ορος
2864 2220 2958 2279 οὗν
2983 2226 3082 2279 οὐκ
3112 2226 3179 2279 ἀν
3210 2227 3293 2298 εἴη
3323 2226 3382 2279 τὸ
3409 2226 3676 2296 ἀγένητον
3696 2240 3709 2253 ·

453 2310 595 2361 cnim
628 2312 733 2365 Deo
782 2312 882 2369 hoc
913 2314 1181 2383 peculiare
1216 2326 1316 2372 est.
1367 2313 1483 2371 Non
1521 2327 1604 2372 est
1648 2333 1776 2386 ergo
1821 2331 2014 2371 nomen

1685 2333 1776 2386 rgo
1821 2331 2014 2371 nomen
2122 2316 2239 2369 ἀλλ’
2268 2315 2349 2369 ὅτι
2386 2315 2461 2387 μὴ
2487 2314 2781 2386 γεγένηται
2814 2316 2973 2386 μόνον
3006 2317 3280 2387 σημαίνει.

456 2400 674 2468 iugeniti
704 2402 941 2459 deﬁnitio
975 2422 989 2458 :
1024 2406 1117 2461 sed
1146 2415 1350 2462 tantum
1386 2424 1492 2464 non
1517 2423 1639 2465 esse
1666 2410 1917 2481 genitum
1940 2408 2235 2479 signiﬁcat.

828 2534 1395 2629 ASSERTIO
1475 2540 1663 2626 III.

1590 2540 1663 2624 I.
2641 2529 3006 2615 ΛΟΓΟΣ
3079 2532 3188 2615 Γ.

458 2676 727 2764 Refutatio
774 2683 1109 2764 admerbstm,
1150 2686 1291 2764 σασα
1310 2686 1619 2764 Δἱιιςειιὸιιιηι
1667 2704 1773 2764 non
1796 2687 1865 2741 sit
1910 2690 2027 2742 sub-

2146 2683 2482 2764 Ἀπολογία·
2500 2685 2832 2764 αὐζολσξει,
2864 2686 3061 2764 (Staph
3089 2686 3161 2764 rd
3186 2686 3481 2764 ἀκέντητον
3506 2688 3712 2747 οὐσία.

528 2752 744 2817 stantia,
774 2753 863 2805 sed
909 2762 1114 2806 tantum
1160 2752 1411 2824 signiﬁcet
1453 2755 1620 2810 Deam
1655 2758 1889 2827 genitam
1922 2776 2026 2813 non

526 2834 654 2873 esse.

2195 2753 2392 2875 ﬁgor
2422 2752 2489 2805 δὲ
2520 2753 2627 2808 τοῦ
2648 2754 2735 2824 μὴ
2768 2752 3070 2825 γεγονέναι
3104 2755 3208 2810 τὸν
3234 2752 3401 2823 Θεὸν,
3430 2773 3713 2826 σημαντι-

2207 2839 2245 2874 κ
2322 2860 2336 2873 .

638 2858 654 2873 .
2207 2839 2336 2874 κον.

529 2928 585 2986 Si
623 2933 913 3003 ingenitum
964 2937 1260 2991 substantia
1288 2950 1395 3003 est,
1440 2951 1497 2995 et
1531 2940 1848 2996 substantia:
1892 2941 2027 2997 nihil

2208 2935 2269 2986 El.
2307 2934 2367 2987 τὸ
2402 2935 2666 3004 ἀγένητον
2701 2935 2879 3003 οὐσία,
2914 2939 2979 3007 τῇ
3006 2937 3061 2989 δὲ
3087 2938 3246 3007 οὐσίᾳ
3271 2938 3422 2991 οὐδὲν
3452 2939 3713 3005 ἐναντίον,

460 3030 544 3075 est
577 3026 932 3089 contrarium,
967 3026 1101 3079 nihil
1146 3028 1250 3081 erit
1292 3028 1528 3099 ingenito
1572 3031 1921 3084 contrarium.
1964 3029 2022 3084 Si

2134 3022 2283 3075 οὐδὲν
2332 3024 2440 3093 ἀρα
2494 3023 2645 3076 ἔσται
2677 3023 2753 3093 τῷ
2784 3026 3033 3096 ἀγενήτῳ
3078 3027 3337 3081 ἐναντίον.
3368 3028 3431 3080 El
3468 3028 3525 3081 δέ
3570 3030 3717 3081 ἐστιν

460 3128 590 3168 vero
648 3117 975 3169 contrarium
1030 3128 1111 3171 est
1160 3118 1399 3189 ingenito
1438 3121 1675 3189 genitum
1705 3160 1719 3186 ,
1765 3122 2021 3175 substan-

2130 3112 2370 3165 ἐναντίον
2420 3113 2497 3183 τῷ
2530 3116 2777 3185 ἀγενήτῳ
2811 3116 2871 3167 τὸ
2908 3117 3152 3186 γενητὸν,
3194 3121 3259 3187 τῇ
3290 3118 3344 3172 δὲ
3372 3119 3529 3190 οὐσίᾳ
3566 3121 3717 3174 οὐδὲν

466 3204 551 3257 tiu:
590 3214 767 3261 autem
818 3209 949 3263 nihil
995 3211 1362 3278 contrarium,
1420 3213 1719 3283 ingenitum
1768 3230 1871 3271 non
1921 3218 2064 3282 erit,

1712 3232 1719 3269 ι
1768 3230 1871 3271 non
1921 3218 2027 3271 em
2057 3234 2100 3292 ε
2134 3202 2394 3269 ἐναντίον,
2425 3203 2486 3256 τὸ
2523 3205 2785 3275 ἀγένητον
2819 3206 2918 3259 οὐκ
2946 3206 3097 3261 ἔσται
3133 3208 3310 3261 οὐσία.

463 3296 782 3353 substantia.

1061 3392 1163 3461 17
1205 3392 1437 3449 ALIUD.

1426 3432 1437 3449 .
2819 3390 3024 3443 ΔΑΜ).

539 3493 594 3551 Si
620 3497 910 3567 ingenitum
945 3511 1028 3555 est
1052 3502 1372 3571 substantia,
1399 3508 1712 3564 necessario
1742 3508 1904 3563 etiam
1938 3526 2035 3581 ge-

2208 3502 2270 3555 El
2312 3502 2375 3556 τὸ
2411 3502 2678 3574 ἀγίνητον
2724 3505 2903 3571 οὐσία,
2957 3506 3015 3571 ἐξ
3058 3506 3304 3577 ἀνάγκης
3348 3506 3498 3561 ἔσται
3533 3507 3719 3561 καὶτὸ

466 3586 636 3642 nitum
662 3590 765 3644 erit
802 3591 1099 3646 substantia
1140 3610 1153 3645 :
1189 3594 1232 3649 si
1265 3610 1391 3651 vero
1424 3605 1715 3669 utrumque
1759 3609 1842 3655 est
1902 3603 2033 3657 sub-

2168 3593 2361 3663 ‘evqthv
2388 3594 2544 3648 οὐσία
2565 3610 2580 3626 ο
2610 3596 2659 3647 εί
2690 3594 2746 3648 δὲ
2770 3596 2928 3649 οὐσία
2959 3596 3217 3667 ἑκάτερα,
3261 3599 3361 3651 οὐκ
3393 3598 3544 3651 ἔσται
3568 3602 3721 3653 ὲναν-
3756 3640 3766 3651 .

466 3681 687 3745 stantia,
720 3698 823 3735 nou
858 3686 960 3738 erit
989 3688 1319 3741 contrarium
1346 3688 1581 3759 ingenito
1615 3691 1876 3758 genitum,
1940 3696 2035 3749 sed

2134 3685 2248 3737 τίον
2287 3685 2364 3756 τῷ
2400 3687 2649 3757 ἀγενήτῳ
2678 3687 2738 3740 τὸ
2789 3689 3037 3757 γενητὸν,
3080 3689 3219 3744 ἀλλά
3264 3692 3481 3744 ταυτόν.
3508 3693 3583 3744 Οὐ
3611 3692 3720 3761 γέιρ

468 3769 627 3823 idem.
662 3770 847 3843 Neque
875 3774 1017 3828 enim
1046 3776 1347 3833 substantia
1402 3780 1719 3837 substantia:
1755 3785 2028 3844 contraria

1402 3780 1719 3837 substantia:
1755 3785 2028 3844 contraria
2136 3779 2373 3833 ἐναντίον
2398 3779 2556 3833 οὐσία
2587 3780 2723 3849 πρὸς
2751 3779 2955 3836 οὐσίαν.

463 3871 567 3915 CSI.

1126 3983 1361 4039 ALIUD.
2816 3977 3018 4034 AAAO.

540 4086 593 4143 Si
637 4085 930 4155 ingenitum
989 4091 1345 4147 substantiam
1410 4093 1502 4150 Dei
1573 4093 1864 4163 signiﬁcat,
1926 4112 2032 4151 non

2170 4089 2271 4163 ⁸Εἰ
2303 4089 2362 4141 τὸ
2404 4089 2664 4159 ἀγένητον
2702 4090 2891 4143 οὐσίαν
2932 4088 3067 4142 Θεοῦ
3102 4089 3375 4161 σημαίνει,
3402 4090 3517 4143 ἀλλ’
3564 4091 3625 4143 οὗ
3662 4090 3721 4144 τὺ

467 4190 598 4231 vero
629 4186 776 4233 notat
798 4180 1149 4236 substantiam
1180 4185 1415 4255 genitam
1471 4200 1573 4240 non
1598 4201 1737 4250 esse,
1798 4188 2035 4257 genitum

2141 4156 2215 4253 μδ
2248 4156 2499 4250 γενέσθαι
2527 4156 2625 4253 την
2658 4185 2867 4248 οὐσίαν,
2904 4185 2996 4236 καὶ
3036 4184 3096 4237 τὸ
3121 4156 3345 4255 γενητὸν
3373 4186 3597 4250 εἰκότως
3632 4188 3720 4239 οὐ-

469 4283 683 4339 quoque
707 4270 957 4326 similiter
984 4277 1339 4331 substantiam
1416 4277 1759 4346 signiﬁcabit,
1819 4292 1921 4332 nec
1947 4294 2039 4346 ge-

2142 4273 2282 4339 σίαν,
2311 4274 2426 4327 ἀλλ’
2460 4277 2517 4327 οἱ
2565 4274 2626 4327 τὸ
2666 4275 2940 4344 γενέσθαι.
2990 4276 3192 4330 Οὐσίαν
3244 4277 3301 4329 δὲ
3345 4278 3721 4348 σημαινόντων

473 4364 641 4419 nitum
672 4380 792 4423 esse
813 4365 1040 4421 notabit.
1072 4365 1206 4419 Cum
1237 4376 1415 4421 autem
1450 4376 1739 4437 utrumque
1788 4369 2040 4422 substan-

2142 4363 2437 4436 ἑκατέρων,
2470 4365 2633 4419 πόθεν
2675 4366 2786 4437 γνῷ
2832 4386 2916 4431 τις
2961 4369 3059 4439 τὴν
3091 4370 3187 4439 μὲν
3221 4368 3500 4434 ποιοῦσαν,
3534 4370 3633 4441 τὴν
3664 4369 3720 4423 δὲ

474 4458 599 4510 tiam
627 4456 907 4525 signiﬁcet,
938 4443 1079 4513 unde
1100 4467 1389 4528 cognoscet
1458 4459 1579 4529 quis
1646 4460 1870 4515 alteram
1920 4463 2041 4532 qui-

2140 4453 2449 4524 γινομένην,
2496 4454 2641 4521 ἅπαξ
2697 4455 2804 4507 τῶν
2852 4455 3135 4524 ὀνομάτων
3191 4456 3343 4509 οὐδὲν
3396 4454 3717 4526 δηλούντων,

472 4550 591 4603 deni
614 4548 941 4619 gignentem,
966 4549 1188 4602 alteram
1218 4550 1470 4619 genitam,
1496 4565 1615 4606 cum
1665 4554 1880 4609 nomina
1906 4556 2036 4609 nihil

1177 4567 1188 4602 I
1218 4550 1470 4619 genitam,
1496 4565 1615 4606 cum
1665 4554 1880 4609 nomina
1906 4556 2036 4609 nihil
2071 4585 2113 4638 υ
2141 4544 2255 4599 ἀλλ’
2288 4544 2321 4615 ἢ
2362 4546 2520 4615 μόνον
2554 4546 2774 4611 οὐσίανς

471 4638 777 4709 signiﬁcent
806 4638 905 4694 nisi
929 4640 1326 4694 substantiam?

1136 4746 1368 4804 ALIUD.
2833 4752 3035 4808 MAG.

544 4862 603 4919 Si
632 4864 926 4934 ingenitum
952 4863 1252 4919 substantia
1283 4872 1384 4926 est,
1413 4862 1720 4918 substantia
1769 4874 1949 4918 autem
1978 4865 2042 4919 de

2214 4865 2277 4919 Ei
2308 4864 2368 4918 τὸ
2394 4864 2654 4935 ἀγένητον
2675 4865 2835 4919 οὐσία
2854 4880 2866 4893 ·
2890 4866 2923 4936 ὴ
2960 4865 3016 4919 δὲ
3042 4866 3196 4919 οὐσία
3234 4866 3325 4919 ἐπὶ
3356 4868 3571 4923 πάντων
3598 4876 3724 4925 συν-

472 4954 725 5011 omnibus
772 4955 1002 5009 univoce
1054 4954 1293 5008 dicitur:
1348 4953 1644 5023 ingenitum
1698 4955 1761 5009 de
1788 4955 2041 5009 omnibus

2144 4955 2375 5025 ωνύμως
2416 4956 2666 5024 λέγεται’
2731 4956 2791 5008 τὸ
2836 4957 3093 5027 ἀγένητον
3133 4959 3225 5011 ἐπὶ
3269 4958 3457 5015 πασῶν
3488 4961 3595 5014 τῶν
3628 4963 3723 5015 οὑ-

475 5046 788 5102 substantiis
814 5046 1040 5111 dicetur,
1065 5055 1158 5099 aut
1179 5046 1245 5099 de
1304 5045 1554 5099 omnibus
1598 5061 1715 5115 quze
1744 5046 1845 5100 sub
1911 5046 2042 5115 ipsis

2146 5045 2277 5097 σιῶν
2306 5046 2649 5115 λεχθήσεται,
2683 5046 2717 5116 ἢ
2750 5048 2841 5099 ἐπὶ
2889 5048 3103 5100 πάντων
3138 5047 3246 5102 τῶν
3281 5050 3372 5101 ὑπ’
3408 5050 3621 5114 αὐταῖς.
3660 5053 3722 5105 Ei

476 5147 619 5194 sunt.
654 5136 709 5192 Si
728 5138 1165 5208 veroingenitum
1191 5138 1255 5192 de
1283 5138 1533 5191 omnibus
1564 5152 1668 5191 non
1698 5138 2041 5207 praedicatur,

2145 5137 2291 5189 δὲτὸ
2340 5138 2601 5207 ἀγένητον
2632 5138 2721 5189 ἐπὶ
2765 5138 2979 5190 πάντων
3022 5140 3083 5190 οὑ
3139 5143 3546 5209 κατηγορεῖται,
3595 5141 3628 5211 ἡ
3668 5142 3725 5194 δὲ

476 5230 774 5283 substantia
800 5240 980 5283 autem
1007 5228 1073 5283 de
1099 5230 1349 5283 omnibus
1372 5269 1386 5295 ,
1417 5244 1522 5299 quo
1550 5240 1708 5299 pacto
1733 5246 1894 5283 unum
1932 5231 2044 5285 fue-

2146 5228 2300 5281 οὐσία
2334 5228 2424 5280 ἐπὶ
2464 5230 2698 5293 πάντων,
2735 5228 2850 5292 πῶς
2878 5228 3073 5283 ταυτὸν
3101 5230 3256 5283 οὐσία
3290 5231 3383 5284 καὶ
3428 5232 3718 5299 ἀγένητον·

480 5324 588 5377 rint
616 5322 913 5378 substantia
943 5332 999 5377 et
1023 5322 1365 5393 ingenitum?

1142 5431 1371 5488 ALIUD.

2824 5434 3027 5486 AAAO.

553 5549 607 5603 Si
636 5547 931 5618 ingenitum
962 5547 1262 5603 substantia
1286 5555 1390 5613 est,
1444 5546 1497 5601 in
1560 5549 1856 5604 substantia
1916 5563 2049 5604 vero

2222 5550 2281 5601 Εἰ
2314 5549 2369 5599 τὸ
2414 5548 2675 5615 ἀγένητον
2721 5547 2895 5611 οὐσία,
2928 5549 3083 5603 οὐσία
3132 5550 3187 5603 δὲ
3240 5552 3425 5615 οὐσίας
3472 5552 3570 5604 οὐκ
3610 5551 3723 5603 ἐστι

482 5658 587 5696 nun
613 5640 757 5695 cadit
795 5640 963 5709 magis
990 5649 1043 5694 et
1106 5642 1305 5705 minus,
1388 5654 1493 5693 non
1547 5642 1653 5697 erit
1710 5644 1812 5697 hac
1842 5643 2050 5696 ratione

2155 5641 2351 5710 μᾶλλον
2380 5640 2473 5692 καὶ
2521 5635 2700 5709 ἦττον,
2736 5639 2834 5691 οὐκ
2877 5640 3026 5693 ἔσται
3068 5643 3205 5695 κατὰ
3234 5644 3391 5696 τοῦτο
3437 5643 3635 5712 μᾶλλον
3665 5641 3726 5693 τὸ

484 5733 654 5799 magis
680 5733 990 5803 ingenitum,
1023 5734 1116 5790 sed
1152 5750 1322 5805 neque
1352 5735 1527 5789 minus
1559 5733 1710 5803 quid.
1752 5734 1807 5787 Si
1865 5742 2046 5787 autem

2154 5734 2436 5802 ἀγένητον,
2488 5732 2600 5784 ἀλλ’
2635 5732 2753 5785 οὐδὲ
2784 5728 2946 5802 ἧττόν
2978 5751 3029 5785 τι
3079 5734 3263 5788 αὑτοῦ.
3315 5736 3377 5787 El
3408 5735 3462 5787 δὲ
3508 5735 3725 5787 πάντων

484 5825 660 5880 oiuuia
692 5827 899 5883 excedit
930 5827 1243 5897 ingenitum,
1311 5841 1643 5898 nequaquam
1692 5840 1816 5880 vero
1884 5824 2046 5880 etiam

2158 5826 2251 5897 μὲν
2286 5823 2539 5895 ὑπερέχει
2584 5824 2643 5876 τὸ
2698 5823 2977 5896 ἀγένητον,
3016 5826 3196 5880 οὐκέτι
3229 5826 3281 5879 δὲ
3332 5827 3420 5880 καὶ
3460 5828 3489 5892 ἠ
3534 5825 3720 5878 οὐσία·
