4048 6428
346 439 419 496 33
1757 423 1925 479 ἹΒΕΕ

2040 422 2203 480 BUS.
3557 426 3630 486 54

344 560 395 611 εί
419 556 478 612 ϐἀ
512 556 611 627 μὴ.
638 553 820 608 πάντα
843 551 1064 607 πάντων
1100 549 1354 623 ὑπερέξει
1379 565 1393 581 ·
1426 547 1527 603 οὐκ
1558 546 1669 621 ἄρα
1699 547 1851 602 εσται
1878 546 1925 600 τί

2044 544 2388 602 substantia:
2439 543 2640 614 alioqui
2691 546 2875 602 omnia
2945 547 3280 619 praestabunt
3338 551 3631 613 omnibus:

353 649 606 719 ὶτινητον
637 643 818 699 οὐσία.

1030 756 1234 810 ΔΑΜ).

416 872 479 928 El
512 872 574 925 τὸ
602 872 867 943 ἀγένητον
914 870 1103 925 οὐσίαν
1135 868 1270 924 Θεοῦ
1316 869 1594 941 σημαίνει,
1637 867 1752 922 ἀλλ’
1782 867 1842 922 οὐ
1870 868 1932 922 τδ

347 966 423 1037 μὴ
456 964 729 1033 γενέσθαι,
782 962 1062 1033 ὀνομάτων
1097 960 1246 1033 αὑτῷ
1290 960 1493 1031 ἑτέρων
1515 959 1675 1032 χρεία
1710 957 1817 1012 τῶν
1837 958 1930 1012 δυ-

352 1059 596 1130 δαμένων
639 1056 829 1122 δεῖξαι,
866 1057 928 1111 τὸ
962 1056 1039 1127 μὴ
1072 1055 1137 1110 ἐκ
1161 1071 1307 1119 τινος
1330 1053 1507 1108 αἰτίου
1538 1051 1794 1121 γενέσθαι
1838 1051 1932 1105 τὸν

344 1146 499 1204 Θιόν.
526 1149 710 1213 ’Δπαξ
732 1148 841 1220 γὰρ
868 1148 931 1200 τὸ
952 1147 1223 1219 ἀγένητον
1252 1144 1347 1200 τοῦ
1385 1144 1520 1199 Θεοῦ
1550 1143 1705 1199 οὐδὲν
1732 1142 1932 1214 σημαί-

344 1257 447 1309 νει,
474 1241 587 1297 ἀλλ’
617 1241 653 1311 ἢ
689 1240 849 1312 μόνον
879 1239 1069 1295 οὐσίαν
1090 1238 1249 1296 Θεοῦ.

1043 1442 1246 1497 AAAO.

272 1597 283 1605 -
417 1565 479 1619 Ei
509 1566 541 1634 ἡ
573 1560 733 1615 οὐσία
753 1558 847 1614 τοῦ
875 1556 1012 1612 Θεοῦ
1044 1548 1103 1609 ἓν
1130 1554 1182 1609 τί
1210 1556 1381 1618 ἐστιν.
1412 1555 1529 1610 ἀλλ’
1560 1555 1622 1609 οὐ
1648 1554 1819 1610 πολλά
1853 1554 1933 1625 τῷ

342 1654 586 1728 ἀριθμῷ,
617 1654 678 1707 τὸ
730 1650 800 1706 δὲ.
836 1649 1041 1718 ἀγένητ
1086 1665 1120 1713 ι,
1162 1644 1261 1702 καὶ
1308 1646 1684 1711 ἀϐασίλευτον,
1736 1644 1933 1701 καὶτὰ

342 1745 530 1809 λοιπά,
579 1743 772 1805 πολλὰ,
813 1740 929 1795 ἀλλ’
964 1739 1061 1809 οὐχ
1110 1737 1169 1791 ἓν
1222 1737 1300 1810 τῷ
1345 1736 1601 1808 ἀριθμῷ*
1645 1737 1748 1791 οὐκ
1778 1734 1931 1789 ἔσται

342 1838 453 1909 ἄρα
480 1835 677 1890 ταυτὸν
701 1836 736 1901 ἡ
766 1831 926 1887 οὐσία
954 1831 1034 1902 τῷ
1064 1830 1316 1903 ἀγενήτῳ
1345 1830 1441 1884 καὶ
1468 1827 1827 1897 ἀϐασιλεύτῳ,
1855 1827 1933 1892 ὡς

341 1929 465 1983 οὐδὲ
497 1928 558 1982 τὺ
584 1926 644 1981 ἓν
664 1927 777 1987 τοῖς
801 1922 1037 1987 πολλοῖς.

1036 2118 1241 2173 AAAO.

413 2236 479 2290 El
505 2233 566 2287 τδ
597 2231 993 2303 ἀγένητον,καὶ
1025 2229 1087 2283 τὸ
1107 2226 1354 2299 γενητὸν,
1392 2227 1486 2281 καὶ
1523 2226 1594 2281 τά
1623 2224 1807 2290 λοιπὰ,
1838 2225 1933 2279 οὒ-

342 2327 437 2380 σία
465 2324 623 2389 Θεοῦ,
657 2324 822 2395 ῐτερα
845 2321 902 2375 δέ
941 2324 1048 2375 είσι
1087 2319 1260 2374 ταῦτα
1302 2321 1423 2383 ταῖς
1460 2320 1687 2387 φωναῖς,
1716 2316 1930 2387 ἀνάγκη

338 2419 443 2490 τὴν
472 2417 659 2471 οὐσίαν
685 2414 903 2484 εκείνην
926 2412 1070 2467 οὕτω
1108 2410 1427 2481 συγκεῖσθαι
1454 2410 1595 2464 κατὰ
1616 2409 1716 2473 τὰς
1743 2408 1934 2479 διαφό·

340 2524 471 2578 ρους
531 2504 712 2574 φωνάς
735 2519 750 2533 ·
782 2502 850 2555 ἵν’
896 2501 1118 2565 οἰκείως
1160 2501 1219 2554 αἱ
1259 2499 1436 2569 φωναὶ
1470 2498 1591 2552 κατ’
1639 2498 1810 2568 αὐτῆς
1840 2497 1932 2550 λέ-

333 2611 578 2664 γωνται·
615 2592 648 2663 ἢ
699 2591 773 2664 μὴ
828 2590 1193 2662 συγκειμένης
1234 2589 1425 2661 αὐτῆς,
1469 2587 1761 2642 ἀκόλουθον
1790 2582 1931 2641 εῖναι

336 2687 513 2741 ταῦτα
540 2685 651 2737 τῶν
696 2675 1009 2756 προσόντων
1040 2685 1108 2755 τῇ
1134 2678 1293 2754 οὐσίᾳ
1336 2680 1670 2754 σημαντικὰ,
1720 2676 1833 2739 axx
1867 2680 1929 2733 οὐ

337 2779 465 2833 καθ’
496 2778 639 2832 αὑτά
672 2775 876 2841 οὐσίας.

1024 2889 1230 2943 ΑΛΛΟ.

407 3005 473 3058 Ei
502 3006 538 3075 ὴ
568 3002 726 3057 οὐσία
770 3001 865 3056 τοῦ
898 3000 1034 3055 Θεοῦ
1080 3000 1141 3053 οὐ
1168 2999 1256 3055 διά
1287 3016 1340 3052 τι
1378 2998 1595 3068 λέγεται
1635 2996 1775 3069 (ἔστι
1821 2997 1930 3069 γὰρ

332 3097 403 3151 δι’
433 3095 631 3165 οὐδὲν),
656 3096 690 3166 ἡ
718 3094 777 3148 δὲ
802 3092 1094 3163 ἀγένητος
1124 3090 1297 3162 φωνὴ,
1318 3090 1405 3144 διὰ
1432 3089 1495 3143 τὸ
1524 3090 1742 3144 πάντων
1766 3088 1930 3142 αὑτὸν

334 3182 477 3239 εἶναι
502 3184 739 3256 κρείττω
770 3182 863 3235 καὶ
902 3181 1193 3252 ὑπερέχειν
1215 3195 1230 3211 ο
1258 3180 1360 3233 οὐκ
1400 3178 1555 3233 ἕσται
1591 3179 1701 3248 ἄρα
1733 3176 1930 3232 ταυτὸν

330 3278 371 3347 ὴ
403 3276 481 3347 μὴ
512 3274 603 3331 διά
626 3291 680 3328 τι
712 3272 982 3345 λεγομένη
1013 3271 1092 3342 τῷ
1121 3270 1188 3324 δι’
1222 3268 1403 3326 αἰτίαν
1434 3268 1733 3341 λεγομένῳ.

1025 3474 1233 3529 AAAO.

404 3589 471 3645 Ei
500 3588 563 3644 τὸ
588 3589 853 3660 ἀγένητον
884 3587 1022 3660 πρὸς
1058 3586 1157 3659 τὴν
1188 3587 1487 3660 ἀγενησίαν
1515 3586 1629 3659 ἔχει
1653 3586 1753 3659 τὴν
1793 3588 1924 3645 ἀνα-

334 3682 532 3752 φορὰν,
558 3682 592 3751 ἡ
617 3678 676 3735 δὶ
713 3680 875 3734 οὐσία
902 3678 997 3733 τοῦ
1036 3678 1172 3732 Θεοῦ
1201 3679 1338 3749 πρὸς
1359 3678 1511 3733 οὑδὶν
1532 3680 1644 3750 ἔχει
1669 3679 1771 3749 τὴν
1795 3679 1922 3749 σχέ-

336 3789 441 3838 σιν,
481 3771 600 3836 πῶς
626 3771 823 3827 ταυτὸν
857 3770 1011 3825 ἔσται
1039 3770 1100 3823 τὸ
1138 3770 1276 3841 πρός
1305 3769 1356 3825 τί
1384 3786 1503 3835 πως
1544 3770 1667 3841 ἔχον
1686 3772 1755 3841 τῇ
1784 3771 1923 3841 πρὸς

335 3863 504 3935 μηδὲν
534 3862 737 3935 ἐχούσῃ
770 3862 929 3935 οὐσίᾳ
948 3879 967 3930 ;

1028 4040 1232 4097 ΔΛΛΟ.

402 4158 467 4211 El
494 4161 560 4229 τῇ
586 4157 679 4211 τοῦ
704 4157 839 4212 Θεοῦ
866 4157 1023 4228 οὐσίᾳ
1046 4157 1198 4210 οὐδὲν
1213 4155 1733 4223 ἀντιδιαστέλλεται,
1760 4155 1838 4227 τῷ
1859 4156 1917 4210 δὲ

327 4249 579 4318 ἀγενήτῳ
621 4244 1115 4301 ἀντιδιαστέλλεται
1161 4244 1224 4299 τὸ
1265 4244 1511 4317 γενητὸν,
1557 4245 1677 4308 πῶς
1713 4240 1825 4300 οἷόν
1855 4260 1916 4299 τε

326 4337 468 4393 εἶναι
491 4337 691 4393 ταυτὸν
714 4337 902 4391 οὐσίαν
927 4337 1021 4390 καὶ
1051 4338 1315 4408 ἀγένητον
1339 4354 1355 4403 ;

1020 4450 1225 4506 ΔΑΜ).

2036 644 2187 692 certe
2225 633 2521 704 ingenitum
2556 635 2861 692 substantia
2900 652 3006 694 non
3036 639 3164 694 erit.

2712 746 2948 803 ALIUD.

2110 857 2169 914 Si
2200 858 2497 930 ingenitum
2518 859 2879 915 substantiam
2904 860 2999 916 Dei
3015 861 3425 933 signiﬁcat,non
3448 872 3629 919 autem

2036 950 2180 1019 quod
2212 951 2429 1021 genitus
2483 966 2590 1007 non
2661 954 2755 1017 sit,
2797 952 2918 1007 aliis
2974 954 3288 1010 nominibus
3340 968 3479 1023 opus
3526 956 3633 1009 erit

2037 1053 2161 1109 qua:
2188 1039 2423 1097 habeant
2458 1042 2567 1096 vim
2602 1042 2918 1098 declarandi
2977 1044 3148 1099 Deum
3205 1060 3274 1100 ex
3332 1045 3436 1101 alia
3467 1061 3630 1101 causa

2037 1131 2155 1185 sive
2175 1132 2388 1203 origine
2408 1132 2652 1203 genitum
2680 1148 2787 1189 non
2828 1149 2971 1191 esse.
2992 1134 3299 1207 Iugenitum
3360 1137 3508 1193 enim
3535 1137 3630 1193 Dei

2038 1222 2172 1277 nihil
2223 1224 2449 1281 omnino
2506 1224 2807 1295 signiﬁcat,
2867 1226 2966 1284 sed
3008 1235 3219 1283 tantum
3270 1228 3632 1286 substantiam

2034 1312 2156 1368 Dei.

2714 1432 2948 1492 ALIUD.

2112 1540 2171 1597 Si
2194 1542 2497 1599 substantia
2533 1545 2628 1601 Dei
2674 1562 2843 1602 unum
2883 1547 3089 1620 aliquid
3140 1557 3244 1615 est,
3284 1566 3391 1607 non
3448 1562 3628 1608 autem

2038 1635 2211 1692 multa
2232 1652 2459 1696 numero
2482 1656 2497 1706 ;
2520 1641 2819 1712 ingenitum
2886 1656 3039 1710 vero,
3070 1653 3125 1699 et
3167 1643 3527 1698 ἀϐασίλευτον
3557 1645 3631 1715 (id

2034 1735 2142 1793 est,
2182 1728 2628 1803 nulliusimperio
2658 1732 2985 1808 subditum),
3012 1743 3069 1791 et
3101 1735 3209 1792 alia
3244 1736 3363 1807 ejus
3390 1739 3629 1808 generis,

2039 1829 2167 1877 sunt
2192 1822 2383 1889 multa,
2411 1838 2589 1894 neque
2617 1842 2787 1882 unum
2825 1842 3051 1887 numero
3090 1844 3241 1885 :non
3300 1831 3408 1885 erit
3445 1831 3632 1901 utique

1961 1918 2005 1974 Β
2035 1913 2175 1969 idem
2201 1916 2509 1973 substantia
2536 1933 2659 1975 cum
2690 1920 2932 1990 ingenito
2947 1931 3003 1977 et
3025 1922 3474 1993 nulliusltnperio
3502 1923 3621 1980 sub-

2036 2002 2171 2070 dito,
2197 2004 2339 2061 sicut
2367 2021 2468 2064 nec
2496 2024 2663 2065 unum
2691 2025 2819 2067 cum
2842 2012 3050 2070 multis.
3070 2020 3083 2044 ³

2710 2122 2951 2181 ALIUD.

2109 2226 2167 2283 Si
2196 2229 2500 2301 ingenitum
2536 2240 2590 2289 et
2610 2234 2877 2304 genitum,
2895 2244 2951 2292 et
2968 2245 3187 2306 caetera,
3212 2249 3341 2295 sunt
3373 2239 3628 2297 substan-

2039 2318 2110 2372 tia
2145 2319 2262 2385 Dei,
2290 2323 2507 2381 diversa
2542 2338 2676 2380 vero
2711 2337 2839 2382 sunt
2872 2328 2989 2385 haec
3015 2330 3296 2386 vocabulis
3340 2332 3491 2401 ipsis,
3535 2348 3624 2388 ne-

2034 2422 2193 2465 cesse
2220 2413 2688 2470 estsubstantiam
2726 2416 2873 2472 illam
2908 2418 2982 2475 ita
3016 2422 3375 2490 compositam
3397 2438 3519 2480 esse
3543 2441 3631 2481 se-

2034 2503 2272 2557 cundum
2333 2503 2637 2561 differentia
2708 2510 2995 2577 vocabula,
3032 2522 3091 2566 ut
3138 2515 3356 2583 proprie
3402 2516 3470 2571 de
3513 2517 3629 2586 ipsa

2034 2592 2140 2648 dici
2188 2596 2443 2666 possint:
2476 2607 2572 2654 aut
2595 2600 2640 2655 si
2672 2603 2973 2672 composita
3005 2603 3121 2672 ipsa
3156 2620 3263 2660 non
3304 2607 3400 2672 sit,
3436 2623 3630 2663 conse.

2031 2699 2204 2754 quens
2230 2697 2312 2742 est
2335 2687 2426 2742 illa
2466 2704 2573 2745 nou
2606 2706 2705 2762 per
2737 2706 2797 2748 se
2815 2693 3315 2763 substantiam,sed
3341 2713 3460 2769 qua:
3500 2701 3629 2757 sub-

2030 2777 2247 2834 stantia:
2277 2780 2536 2837 accidunt
2556 2783 2891 2855 signiﬁcare.

2675 2898 2784 2968 ιε
2816 2897 3053 2957 ALIUD.

2105 2999 2164 3055 Si
2198 2999 2507 3059 substantia
2523 3000 2618 3061 Dei
2640 3021 2747 3061 non
2776 3008 2959 3079 aliqua
2985 3012 3051 3066 ex
3083 3026 3247 3068 causa
3292 3014 3495 3070 dicitur
3526 3016 3617 3088 (ex

2032 3090 2176 3145 nulla
2199 3093 2343 3148 enim
2366 3108 2528 3151 causa
2552 3096 2680 3167 est),
2714 3114 2817 3154 vox
2853 3109 3037 3156 autem
3064 3102 3286 3174 ingenui
3314 3121 3376 3162 ea
3409 3108 3475 3163 de
3492 3124 3626 3164 cau-

2033 3197 2092 3237 sa
2122 3184 2324 3239 dicitur
2344 3186 2491 3256 quod
2518 3190 2771 3245 omnibus
2794 3191 3082 3248 antecellat
3136 3205 3191 3249 et
3222 3208 3482 3266 prmslet:
3516 3217 3622 3255 tum

1956 3246 1999 3305 (ἶ
2031 3272 2139 3326 erit
2170 3272 2312 3328 idem
2337 3246 2390 3330 id
2420 3276 2565 3345 quod
2595 3277 2739 3333 nulla
2771 3295 2837 3334 ex
2868 3295 3031 3337 causa
3088 3246 3310 3352 dicitur,
3371 3302 3499 3343 cum
3556 3304 3624 3345 eo

2027 3365 2170 3434 quod
2204 3366 2386 3436 aliqua
2418 3382 2486 3424 ex
2519 3384 2682 3427 causa
2706 3371 2923 3428 dicitur.

2701 3481 2937 3540 ALIUD.

2098 3588 2154 3644 Si
2188 3589 2489 3661 ingenitum
2517 3595 2837 3654 relationem
2875 3599 3039 3655 liabet
3070 3600 3137 3657 ad
3160 3602 3625 3675 ἀγενηόίαν,διώ-

2024 3682 2222 3737 stantia
2251 3698 2378 3740 vero
2410 3683 2503 3741 Dei
2526 3687 2726 3743 nullam
2760 3690 2830 3747 ad
2866 3691 3072 3762 aliquid
3118 3694 3437 3752 relationem
3500 3715 3625 3754 sus-

2025 3774 2159 3843 cipit
2190 3794 2203 3829 :
2235 3790 2344 3845 quo
2381 3786 2540 3845 pacto
2585 3779 2728 3836 idem
2777 3783 2901 3847 erit,
2936 3784 2988 3839 id
3017 3785 3160 3854 quod
3191 3787 3258 3841 ad
3303 3788 3504 3859 aliquid
3537 3806 3624 3846 re-

2021 3859 2197 3917 fertur
2223 3881 2345 3920 cum
2374 3866 2680 3926 substantia
2713 3870 2769 3926 in
2827 3887 2990 3943 quam
3048 3873 3240 3930 relatio
3298 3880 3368 3933 ad
3415 3879 3622 3949 aliquid

2022 3970 2129 4011 non
2177 3959 2364 4013 cadit?
2920 3984 2954 4015 ο

2698 4054 2936 4113 ALIUD.

2093 4166 2154 4221 Si
2190 4167 2281 4223 Dei
2302 4169 2619 4226 substantia:
2648 4171 2788 4227 nihil
2806 4174 3130 4243 opponitur.
3170 4179 3410 4249 ingenito
3433 4188 3621 4239 autem

2018 4259 2310 4327 apponitur
2341 4263 2583 4331 genitum
2617 4281 2629 4317 :
2657 4264 2933 4333 quomodo
2971 4265 3115 4321 idem
3147 4282 3268 4324 esse
3286 4272 3459 4340 possit
3485 4275 3617 4329 sub.

2018 4350 2220 4405 stantia
2238 4359 2294 4406 et
2311 4352 2652 4423 ingenitum?

2684 4463 2920 4529 ALIUD.

397 4564 462 4617 Ei
492 4564 643 4617 πᾶσα
678 4561 836 4616 οὐσία
880 4563 1108 4633 ῥηθεϊσα
1137 4561 1346 4629 θατέρα
1375 4562 1511 4634 πρὸς
1550 4561 1806 4632 θατέραν,
1848 4562 1912 4616 οὐ

2091 4574 2147 4631 Si
2177 4577 2355 4633 omnis
2379 4579 2682 4637 substantia
2702 4587 2995 4641 'nominata
3021 4586 3193 4644 altera
3241 4589 3310 4645 ad
3354 4590 3610 4662 alteram,

323 4654 474 4725 δηλοῖ
513 4653 613 4725 τὴν
644 4653 845 4725 εαυτῆς
888 4651 1183 4725 ὑπεροχὴν,
1226 4653 1303 4723 μὴ
1348 4653 1911 4725 συμπαραληφθέντος

324 4743 419 4800 τοῦ
447 4744 548 4814 τῆς
593 4744 870 4816 ὑπεροχῆς
915 4745 1199 4815 ὀνόματος,
1251 4743 1414 4815 ῥηθὲν
1457 4744 1510 4797 δὲ
1537 4746 1601 4799 τὸ
1647 4748 1911 4817 ἀγένητον

324 4835 485 4901 εὐθὺς
524 4836 778 4907 ἐμφαίνει
804 4836 1089 4907 διαφορὰν,
1111 4835 1231 4899 πῶς
1250 4836 1372 4906 οὐχὶ
1398 4837 1448 4889 οἱ
1472 4836 1741 4905 λέγοντες,
1769 4839 1913 4893 Ταυ-

322 4926 415 4981 τὸν
445 4926 609 4980 οὐσία
634 4926 729 4979 καὶ
752 4924 1041 4996 ἀγένητον,
1073 4926 1465 4997 ἀφρονέστατοι
1490 4942 1506 4993 ;

1006 5152 1214 5205 AAAO.
1288 5215 1291 5217 ς

389 5266 453 5318 El
479 5264 542 5318 τὸ
566 5263 829 5334 ἀγένητον
858 5262 1035 5329 οὐσία,
1065 5262 1222 5318 ἔσται
1254 5264 1404 5318 πᾶσα
1432 5264 1589 5318 οὐσία
1614 5266 1901 5337 ἀγένητον,

319 5354 459 5425 ὅπερ
497 5352 720 5417 ἀσεϐές.

1007 5464 1207 5519 AAAO.

388 5576 451 5629 El
505 5576 565 5629 τὸ
613 5576 879 5648 ἀγένητον
929 5578 1109 5642 οὐσία,
1144 5577 1274 5632 ῐδιον
1307 5579 1365 5633 δὲ
1405 5579 1593 5644 οὐσίας
1638 5582 1903 5637 τάναντία

314 5666 588 5737 δέχεσθαι,
620 5667 730 5720 τῶν
755 5668 1018 5722 ἐναντίων
1042 5669 1380 5724 ιπιεεκτικὺν
1412 5669 1565 5724 ἔσται
1594 5670 1657 5725 τὸ
1704 5673 1902 5745 ἀγένη-

311 5775 424 5814 τον.
454 5760 519 5816 Et
538 5760 594 5815 ϐε
616 5761 747 5816 rem
775 5762 875 5833 μὲν
897 5761 1055 5817 τοῦτο
1071 5763 1257 5827 οὐσίας
1279 5764 1380 5836 (τῷ
1405 5764 1512 5837 γὰρ
1544 5766 1617 5835 μὴ
1643 5765 1901 5838 δημιουρ-

2020 4680 2175 4721 suam
2202 4668 2374 4739 ipsius
2403 4675 2774 4741 praestantiam
2803 4692 2907 4732 non
2955 4678 3216 4745 declarat,
3253 4682 3355 4737 nisi
3411 4699 3610 4741 nomen

2020 4757 2196 4826 ipsum
2220 4764 2548 4829 praestantiae
2578 4765 2884 4834 adjiciatur,
2924 4768 3222 4840 ingenitum
3280 4785 3409 4829 vero
3447 4776 3607 4831 simul

2027 4861 2194 4922 atque
2218 4854 2531 4910 nominatur
2559 4856 2921 4914 diﬂ'erentiam
2979 4861 3264 4917 declarat:
3306 4878 3415 4933 quo
3449 4880 3611 4937 pacto

2021 4961 2126 4999 non
2154 4946 2435 5004 dementes
2463 4948 2743 5018 iudicandi
2778 4964 2929 5019 sunt,
2954 4955 3050 5025 qui
3084 4954 3228 5011 idem
3262 4972 3385 5016 esse
3420 4960 3613 5018 dicunt

2014 5037 2374 5094 substantiam
2408 5051 2463 5097 et
2493 5042 2825 5113 ingenitum?

2689 5152 2924 5211 ALIUD.

2087 5259 2144 5313 Si
2180 5261 2478 5330 ingenitum
2517 5264 2823 5320 substantia
2864 5280 2970 5336 est,
3038 5272 3144 5327 erit
3200 5274 3368 5330 etiam
3425 5277 3605 5335 omnis

2013 5346 2319 5406 substantia
2351 5354 2671 5425 ingenitum,
2694 5360 2838 5429 quod
2864 5360 3092 5432 impium
3118 5374 3222 5420 est.

2687 5470 2848 5531 ALIU
2862 5476 2923 5531 D.

2083 5576 2138 5633 Si
2172 5579 2468 5650 ingenitum
2506 5584 2807 5642 substantia
2833 5600 2937 5657 est,
2963 5592 3239 5661 proprium
3264 5602 3442 5650 autem
3474 5598 3605 5653 sub-

2013 5671 2231 5727 stantia
2262 5674 2545 5745 suscipere
2568 5682 2869 5747 contraria,
2930 5683 3231 5751 ingenitum
3280 5687 3443 5741 ctiam
3475 5703 3605 5743 con-

2011 5765 2175 5818 traria
2196 5766 2475 5835 suscipiet.
2506 5768 2564 5825 Si
2593 5786 2722 5827 vero
2770 5773 2871 5828 hoc
2918 5775 3140 5843 quidem
3197 5779 3476 5848 proprium
3516 5792 3600 5835 est

314 5852 431 5917 γεῖν
466 5851 527 5906 τὸ
575 5852 929 5925 δημιουργεῖν
986 5855 1308 5927 ἀντίκειται,
1347 5855 1531 5912 οὐκέτι
1586 5858 1642 5913 δὲ
1694 5858 1897 5931 καὶτῷ

2038 5857 2327 5915 ubstantiw
2354 5865 2567 5928 (creare
2600 5865 2745 5923 enim
2784 5868 3077 5937 opponitur
3098 5886 3204 5926 non
3243 5885 3451 5938 crearo,
3489 5888 3599 5928 non
