4048 6422
196 478 266 536 ιδ
1609 474 1833 539 τιιεειι
1843 473 2049 539 DRUS.
3385 469 3455 527 ιο

258 599 321 652 Ei
358 596 507 668 κατα
533 597 632 668 τὴν
669 595 942 668 ὑμετέραν
989 594 1266 660 ὑπόνοιαν,
1306 587 1352 647 ὦ
1382 591 1672 664 θεομάχοι,
1703 591 1764 659 ἐξ

1942 589 1999 645 Si
2027 592 2176 656 juxta
2211 599 2472 656 vestram,
2517 591 2702 646 hostes
2748 590 2866 655 Dei,
2914 589 3251 659 Opinionem,
3282 585 3455 644 Filius

185 690 285 744 οὐκ
327 691 498 744 ὄντων
524 690 675 742 ἐστὶν
698 691 730 743 -ό
768 688 922 754 Υἱὸς,
955 688 1050 741 καὶ
1091 687 1192 740 οὐκ
1238 681 1307 756 ἦν
1338 684 1467 756 πρὶν
1507 681 1766 755 γεννηθῇ,

185 780 327 835 κατὰ
360 779 422 832 τὸ
471 779 718 849 μετέχειν
755 779 850 833 τοῦ
903 777 1062 840 Θεοῦ,
1109 777 1352 846 δηλονότι
1401 775 1653 845 καθάπερ
1701 773 1771 829 τὰ

183 871 318 925 ἀλλα
343 869 560 938 λογικὰ,
593 871 687 924 καὶ
730 869 893 932 αὐτὸς
936 866 1137 938 ἐκλήθη
1167 865 1319 928 Θεὸς,
1360 864 1456 918 καὶ
1492 864 1642 927 Υἱὸς,
1676 864 1770 917 καὶ

153 963 373 1031 ’Σοφίιι
401 962 570 1014 Τοῦτο
596 961 705 1033 γὰρ
748 961 984 1030 ὑπάρχει
1027 962 1138 1022 τοῖς
1176 959 1413 1026 λογικοῖς
1451 957 1768 1026 κτίσμασιν,

179 1048 261 1116 οἷς
285 1053 348 1105 οὺ
387 1052 548 1121 φύσει
575 1051 636 1105 τδ
671 1052 772 1121 τῆς
803 1051 1058 1121 θεότητος
1102 1048 1501 1119 ἐπαληθεύεται
1544 1046 1766 1110 κάλλος,

174 1143 296 1197 ἀλλ’
321 1145 354 1213 ή
398 1143 492 1195 τοῦ
525 1143 761 1204 διδόντος
808 1143 966 1214 χάρις
1004 1141 1286 1213 προξενεϊ’
1331 1139 1407 1203 ὡς
1442 1140 1572 1193 ὅταν
1601 1138 1765 1212 λέγῃ·

181 1249 202 1284 ι
245 1233 396 1302 Ἐγὼ
425 1230 607 1287 εἷπον·
635 1232 759 1287 Θεοί
786 1235 928 1296 sese,
960 1233 1056 1288 καὶ
1083 1232 1189 1288 υἱοὶ
1221 1231 1478 1300 Ὑψίστου
1506 1229 1765 1292 πάντες.»

177 1322 375 1392 Ixion
425 1323 536 1393 γὰρ
563 1324 631 1395 τῇ
667 1322 804 1393 πρὸς
833 1321 964 1376 Θεὸν
995 1319 1397 1391 υίοποιηθέντες
1447 1320 1578 1390 παρ’
1605 1319 1769 1373 αὑτοῦ

177 1412 602 1484 θεοποιοὺμεθα.
633 1412 696 1466 Et
727 1413 907 1467 τοίνυν
934 1413 1073 1470 Θεοῦ
1108 1411 1469 1483 μετασχόντες
1496 1411 1637 1470 κατὰ
1668 1412 1772 1485 χά-

180 1521 284 1576 ριν,
313 1506 424 1557 υἱοὶ
449 1503 585 1557 Θεοῦ
613 1505 949 1576 κεκλήμεθα,
983 1504 1126 1567 τίνος
1163 1504 1230 1559 ἂν
1262 1504 1482 1576 δοίημεν
1525 1504 1771 1575 μετέχειν

175 1595 270 1648 τὸν
293 1596 497 1664 Λόγον,
525 1591 615 1650 ἴνα
639 1597 862 1668 γένηται
886 1596 1014 1660 Υἱὸς
1036 1597 1069 1667 ἢ
1096 1596 1259 1663 Θεός;
1296 1597 1486 1666 Ἡμεῖς
1515 1596 1615 1666 μὲν
1641 1595 1768 1666 γὰρ,

175 1689 268 1742 τοῦ
306 1690 468 1757 ἁγίου
514 1689 860 1760 Πνεῦματος·
895 1691 987 1742 ἐπὶ
1014 1689 1071 1743 δὲ
1099 1688 1191 1741 τοῦ
1219 1689 1395 1756 Λόγου
1424 1687 1581 1740 τοῦτο
1618 1687 1772 1758 νομί-

175 1779 314 1843 ζειν,
347 1781 582 1850 ἀμαθές.
613 1781 783 1844 Αὐτὸς
824 1782 932 1850 γάρ
957 1798 1094 1852 φησι
1141 1780 1270 1851 περὶ
1298 1779 1391 1832 τοῦ
1420 1779 1768 1848 Πνεῦματοςο

180 1871 337 1923 ιὈτι
363 1872 429 1922 ὲκ
449 1869 543 1923 τοῦ
569 1869 704 1940 ἐμοῦ
727 1870 994 1939 λαμϐάνει
1015 1884 1029 1899 ·
1057 1889 1078 1920 4
1098 1870 1258 1932 Τίνος
1278 1864 1370 1921 οὖν
1386 1869 1494 1938 ἄρα
1517 1869 1732 1938 μετέχει
1753 1884 1766 1932 ;

173 1962 439 2022 Λείπεται
469 1961 672 2030 λέγειν,
703 1961 797 2016 τοῦ
850 1962 1080 2032 Πατρός.
1133 1961 1242 2014 Καὶ
1287 1960 1370 2022 τίς
1413 1961 1558 2012 ἐστιν
1596 1960 1624 2010 ὁ
1668 1959 1766 2028 τῆς

175 2053 477 2124 μετουσίας
510 2054 742 2124 τρόπος;
779 2054 810 2125 ἢ
844 2054 894 2105 τί
923 2055 980 2106 τὸ
1010 2055 1072 2106 ἐκ
1115 2052 1210 2104 τοῦ
1248 2046 1462 2122 Πατρὸς
1491 2049 1630 2115 ἐξιὸν
1673 2046 1768 2102 καὶ

171 2147 231 2197 ἐν
269 2143 350 2214 τῷ
384 2146 532 2216 λόγῳ
573 2145 878 2215 γινόμενον.
917 2145 1003 2196 ἵνα
1035 2145 1126 2197 καὶ
1156 2143 1473 2214 μετέχηται.
1503 2143 1640 2212 Φέρε
1692 2143 1767 2193 εί-

171 2235 316 2294 πεῖν,
359 2233 437 2296 ὡς
466 2235 574 2286 ἀπὸ
614 2235 783 2302 πυρὸς
820 2232 1090 2304 θερμότης
1119 2236 1176 2285 ὲν
1205 2231 1435 2302 σώματι,
1464 2232 1496 2302 ἢ
1531 2231 1592 2284 ἐκ
1624 2247 1766 2294 τινος

171 2322 370 2383 ἄνθους
409 2323 640 2375 εὐωδίαν
669 2323 874 2392 μᾶλλον
902 2323 957 2374 δὲ
997 2323 1184 2386 ὥσπερ
1210 2325 1285 2386 είς
1315 2323 1472 2390 ἡμῶν
1511 2322 1571 2373 τὸ
1599 2321 1765 2374 Πνεῦ-

171 2433 267 2482 μα,
305 2415 437 2485 περὶ
481 2409 541 2468 οὗ
579 2432 741 2484 φησιν
784 2416 817 2484 ὴ
861 2415 1080 2485 Γραφή·
1121 2432 1136 2466 ι
1170 2416 1288 2467 Ὅτι
1320 2414 1382 2466 ἐκ
1413 2413 1507 2467 τοῦ
1552 2412 1765 2482 Πατρὸς

167 2505 554 2573 ἐκπορεύεται.
584 2525 600 2554 ι
642 2505 705 2556 Τί
743 2499 834 2557 οὖν
868 2507 982 2557 ἐστι
1031 2504 1092 2556 τὸ
1130 2507 1194 2556 ἐκ
1224 2502 1315 2554 τοῦ
1361 2503 1578 2573 Πατρὸς
1621 2502 1764 2568 ἐξιὸν

168 2601 260 2650 καὶ
293 2601 352 2650 ἐν
393 2597 472 2666 τῷ
507 2598 664 2666 Λόγῳ
694 2592 1158 2668 γινόμενον;⁷Αρ’
1185 2597 1249 2648 ὲκ
1286 2595 1386 2664 τῆς
1417 2595 1510 2646 τοῦ
1550 2595 1760 2665 Πατρὸς

165 2689 394 2752 οὐσίας,
441 2688 475 2757 ἢ
511 2687 712 2751 ἔξωθέν
763 2687 929 2740 ποθεν
967 2687 1058 2739 καὶ
1097 2687 1253 2740 τοῦτο
1307 2687 1367 2738 τὸ
1409 2685 1644 2754 ληφθέν,
1697 2687 1760 2737 ΕΞ

167 2781 266 2849 μὲν
325 2777 418 2832 οὖν
472 2777 668 2845 ἔξωθέν
731 2782 900 2841 ἐστιν,
944 2778 1065 2832 οὐδὲ
1114 2778 1221 2831 τοῦ⁹
1264 2777 1475 2848 Πατρὸς
1532 2779 1759 2847 μέτοχος

163 2875 312 2925 ἐστιν
368 2874 395 2924 ό
428 2872 579 2934 Υἱὸς,
611 2870 726 2923 ἀλλ’
757 2873 942 2941 ἑτέρου
977 2870 1122 2933 τίνος
1155 2871 1400 2941 μετέχων
1450 2870 1754 2938 ἁγιάζεται,

159 2966 299 3035 ὅπερ
326 2963 446 3016 ἐστὶ
477 2963 573 3016 καὶ
611 2962 771 3032 μόνον
800 2963 1050 3031 ἐννοῆσαι
1079 2962 1356 3024 δυσσεῦἑς.
1386 2963 1449 3013 Εί
1483 2962 1536 3017 δὲ
1568 2963 1630 3012 ἐκ
1657 2961 1756 3031 τῆς

159 3055 352 3117 οὐσίας
384 3054 480 3106 τοῦ
519 3053 732 3123 Πατρὸς
764 3055 1098 3124 συγχωρεῖτε
1130 3052 1369 3106 νοεῖσθαι
1399 3051 1460 3104 τὸ
1487 3051 1562 3121 τῷ
1596 3050 1755 3120 Λόγῳ

160 3146 299 3214 πρὸς
353 3144 593 3213 μετοχὴν
641 3143 772 3214 παρ’
816 3144 981 3196 αὐτοῦ
1031 3143 1457 3214 χορηγούμενον,
1503 3142 1535 3212 ἦ
1582 3144 1753 3213 τομήν

1873 695 1940 737 ex
1976 681 2146 736 nihilo
2183 682 2478 753 productus
2513 691 2617 749 est,
2650 697 2824 753 neque
2859 691 2978 736 erat
3021 682 3337 751 priusquam
3374 681 3457 748 gi-

1874 783 2150 842 gneretur,
2186 788 2248 828 ea
2283 775 2496 829 ratione
2527 789 2633 844 qua
2673 775 2950 845 particeps
2992 783 3075 830 est
3109 772 3224 838 Dei,
3260 787 3456 842 nempe

1875 867 2018 919 sicut
2071 865 2362 920 rationales
2399 877 2688 931 creature,
2729 867 2894 920 etiam
2945 866 3062 936 ipse
3111 874 3336 920 vocatus
3373 875 3459 918 est

1877 953 2038 1018 Deus,
2073 963 2127 1009 et
2154 953 2344 1022 Filius,
2379 963 2435 1010 et
2475 956 2775 1025 Sapientia.
2823 955 2879 1010 id
2918 957 3059 1010 eui'm
3097 954 3454 1009 rationalibus

1874 1047 2143 1100 creaturis
2193 1047 2473 1113 tribuitur,
2517 1047 2716 1118 quibus
2764 1048 2877 1116 ipsa
2923 1045 3142 1102 deitatis
3184 1045 3292 1117 25
3337 1043 3456 1116 pul-

1873 1137 2126 1192 chritudo
2176 1137 2498 1193 naturaliter
2543 1139 2719 1194 inesse
2765 1154 2890 1193 vere
2940 1139 3044 1192 dici
3099 1153 3205 1192 non
3241 1143 3452 1206 potest;

1874 1229 1970 1282 sed
2012 1228 2188 1299 gratia
2225 1229 2410 1286 dantis
2439 1230 2540 1286 hoc
2577 1231 2658 1286 eis
2703 1230 2995 1286 conciliat:
3031 1241 3090 1284 ut
3121 1245 3243 1285 cum
3277 1230 3408 1284 dicit
3439 1248 3453 1284 :

1878 1336 1897 1370 ι
1929 1317 2040 1389 Ego
2068 1320 2179 1376 dixi
2201 1336 2215 1374 :
2234 1319 2316 1374 Dii
2345 1320 2503 1385 estis,
2529 1329 2584 1376 et
2607 1320 2699 1376 filii
2732 1321 2940 1377 Exceisi
2971 1336 3161 1377 omnes
3186 1322 3272 1375 ιν.
3305 1340 3324 1374 ι
3348 1322 3456 1400 lie;-

1873 1408 2077 1465 latione
2115 1411 2259 1466 enim
2291 1413 2358 1466 ad
2389 1413 2557 1468 Deum
2593 1413 2834 1483 adoptati
2869 1414 2937 1468 ab
2964 1415 3079 1482 ipso
3115 1412 3453 1469 deiﬂcamur.

1874 1497 1929 1554 Si
1965 1502 2127 1571 igitur
2169 1502 2262 1558 Dei
2295 1503 2582 1575 participes
2613 1504 2740 1559 facti
2797 1518 2891 1572 per
2932 1505 3190 1575 gratiam,
3229 1506 3325 1559 lilii
3361 1505 3453 1559 Dei

1873 1592 2050 1645 vocati
2097 1607 2307 1657 sumus,
2355 1593 2638 1661 cujusnam
2671 1597 2944 1665 particeps
2985 1611 3107 1652 esse
3151 1605 3456 1650 statuemus

1874 1679 2128 1744 Verbum,
2173 1691 2231 1736 ut
2271 1683 2365 1738 ﬁat
2398 1683 2565 1740 Filius
2610 1694 2701 1740 aut
2744 1686 2919 1740 Deus?
2950 1686 3056 1742 Nos
3087 1688 3230 1741 enim
3281 1688 3456 1758 Spiri-

1873 1780 1958 1825 tus
1980 1774 2152 1827 sancti
2184 1776 2599 1845 participatione
2628 1779 2680 1833 id
2716 1781 3106 1848 consequimur
3137 1799 3149 1832 :
3184 1783 3248 1834 de
3272 1780 3454 1835 Verbo

1871 1874 2051 1917 autem
2114 1867 2378 1933 ejusmodi
2432 1869 2635 1937 aliquid
2697 1871 2939 1940 cogitare
2980 1872 3277 1927 absurdum
3348 1883 3449 1926 est.

1872 1950 1990 2021 lpse
2027 1953 2170 2007 enim
2200 1953 2268 2008 de
2300 1956 2502 2025 Spiritu
2532 1959 2665 2013 dicit
2697 1978 2710 2013 :
2746 1979 2763 2014 ι
2795 1961 3058 2026 Quoniam
3112 1965 3176 2016 de
3212 1977 3332 2016 meo
3362 1979 3455 2016 ac-

1869 2044 2086 2114 cipit“.
2127 2065 2144 2098 ι
2178 2046 2471 2113 Cujusnam
2507 2050 2673 2118 igitur
2708 2054 2981 2127 particeps
3006 2055 3130 2108 est?
3160 2055 3448 2124 Reliquum

1868 2146 1951 2190 est
1984 2145 2040 2189 ut
2071 2138 2314 2193 dicamus
2355 2139 2554 2195 Patris.
2585 2141 2840 2208 Quaenam
2877 2160 3004 2200 vero
3037 2156 3120 2200 est
3156 2149 3452 2216 participa-

1871 2227 2032 2281 tiouis
2072 2229 2247 2284 ratio?
2281 2241 2374 2284 aut
2399 2233 2526 2299 qttid
2565 2249 2594 2287 ιι
2636 2233 2798 2288 Patre
2832 2238 3075 2304 procedit
3108 2246 3160 2292 et
3192 2239 3243 2290 in
3275 2239 3450 2292 Verbo

1868 2328 1969 2382 est,
2011 2332 2068 2373 ut
2119 2322 2264 2377 illius
2301 2325 2571 2395 particeps
2616 2327 2990 2396 sitiiixempli
3033 2331 3228 2397 gratia,
3261 2347 3450 2398 quent-

1867 2411 2153 2465 admodum
2207 2430 2272 2468 ex
2329 2416 2450 2485 igne
2502 2419 2649 2472 calor
2684 2419 2736 2471 in
2775 2434 3022 2489 corpore,
3062 2423 3141 2476 vel
3198 2437 3261 2476 ex
3315 2425 3450 2478 [lore

1867 2503 2049 2572 aliquo
2079 2509 2259 2560 suavis
2306 2511 2440 2561 odor
2477 2527 2488 2562 :
2520 2520 2608 2563 aut
2652 2512 2831 2580 potius
2873 2513 3012 2565 sicut
3047 2515 3098 2566 in
3140 2530 3233 2567 nos
3280 2516 3451 2585 Spiri-

1868 2605 1970 2658 tus,
2005 2599 2069 2651 de
2100 2613 2205 2666 quo
2246 2601 2377 2654 dicit
2425 2601 2703 2668 Scriptura
2739 2620 2752 2655 :
2788 2623 2802 2652 ι
2841 2604 2993 2668 Quod
3027 2622 3091 2657 ex
3127 2605 3286 2658 Patre
3321 2625 3448 2676 pro-

1864 2688 2005 2737 cedit
2031 2687 2096 2742 ".
2131 2709 2149 2739 ι
2187 2690 2454 2754 Quidnam
2488 2692 2650 2759 igitur
2676 2705 2758 2748 est
2791 2698 2933 2763 quod
2960 2714 2986 2748 a
3013 2697 3172 2751 Patre
3196 2701 3448 2765 procedit

1861 2785 1915 2827 ct
1965 2778 2015 2828 in
2062 2777 2239 2833 Verbo
2291 2782 2417 2833 est?
2479 2783 2561 2834 An
2625 2799 2689 2837 ex
2740 2787 3042 2839 substantia
3109 2789 3307 2853 Patris,
3353 2805 3447 2846 aut

1859 2868 2200 2923 extrinsecus
2231 2882 2314 2926 est
2351 2873 2402 2925 id
2441 2876 2583 2942 quod
2618 2875 2916 2945 accipitur?
2947 2878 3115 2933 Porro
3155 2882 3198 2934 si
3242 2886 3444 2936 extrin-

1859 2973 2016 3012 secus
2041 2969 2145 3025 est,
2177 2976 2278 3014 non
2306 2973 2385 3015 est
2416 2966 2598 3033 utique
2624 2964 2798 3020 Patris
2824 2971 3096 3039 particeps
3127 2969 3317 3038 Filius,
3349 2975 3443 3028 sed

1860 3049 2082 3105 alterius
2119 3051 2345 3119 alicujus
2388 3056 2806 3124 participatione
2848 3062 3255 3129 sanctiﬁcatur;
3301 3069 3443 3134 quod

1857 3141 1938 3192 vel
1963 3142 2202 3212 cogitare
2235 3145 2518 3213 duntaxat,
2552 3149 2772 3218 impium
2807 3162 2908 3208 est.
2933 3154 3030 3208 Sin
3061 3172 3192 3210 vero
3222 3157 3271 3211 id
3298 3160 3440 3227 quod

154 3253 277 3289 τινα
312 3237 411 3288 καὶ
455 3234 728 3306 μερισμὸν
773 3236 864 3286 καὶ
903 3234 1072 3297 πάθος
1121 3233 1381 3287 δύνασθαι
1432 3234 1752 3304 συμϐαίνειν

1867 3247 1883 3283 t
1918 3231 2078 3286 Patre
2109 3232 2246 3287 Filio
2277 3238 2711 3307 participandum
2748 3245 3149 3311 suppeditatur,
3198 3262 3264 3301 ex
3307 3251 3439 3304 sub-

152 3329 283 3400 περὶ
325 3328 423 3398 τὴν
454 3326 553 3379 τοῦ
590 3325 727 3381 Θεοῦ
760 3325 920 3395 φύσιν
946 3324 1236 3389 δεδώκατε,
1265 3326 1297 3396 ἢ
1328 3325 1579 3394 λέγοντες
1606 3329 1748 3380 ἀπα-

1867 3325 2053 3377 ;tantia
2120 3327 2237 3394 ejus
2286 3342 2407 3382 esse
2471 3332 2790 3397 conceditis,
2843 3343 2934 3388 aut
2989 3339 3285 3393 sectionem
3340 3343 3443 3396 ali-

150 3419 261 3484 θῶς
289 3420 395 3474 καὶ·
425 3417 742 3488 άμερίστως
773 3420 831 3469 ὲν
859 3416 939 3487 τῷ
971 3417 1088 3487 Θεῷ
1120 3417 1190 3470 τὰ
1221 3416 1446 3472 τοιαῦτα
1474 3417 1742 3485 γίνεσθαι,

1867 3431 2041 3484 quam.
2074 3417 2395 3472 divisionem
2447 3424 2868 3494 passionemque
2895 3428 2946 3481 in
2977 3428 3068 3482 Dei
3105 3440 3295 3486 natura
3330 3446 3440 3488 sta~

153 3511 333 3581 μάτην
367 3507 709 3578 ἀνατρέπετε
739 3507 838 3578 τὴν
869 3506 962 3560 τοῦ
995 3507 1126 3562 Υίοῦ
1161 3507 1435 3578 γέννησιν.
1476 3508 1743 3580 μερισμὸν

1877 3505 1930 3558 ui
1963 3521 2120 3575 posse
2159 3512 2414 3575 censetis,
2447 3522 2539 3566 aut
2577 3516 2818 3572 dicentes
2848 3519 2986 3574 citra
3022 3521 3184 3576 ullam
3229 3528 3436 3590 passio-

149 3602 242 3654 καὶ
275 3600 450 3663 πάθος
486 3601 618 3670 περὶ
661 3599 828 3668 αὐτὴν
859 3597 1191 3668 εἰσάγοντες.
1233 3600 1296 3653 Εἰ
1341 3600 1398 3652 δὲ
1429 3600 1743 3672 ἀμερίστως

1867 3611 1972 3650 tcm
2017 3613 2082 3653 ac
2123 3599 2445 3658 divisionem
2492 3606 2758 3673 ejusmodi
2807 3608 2860 3661 in
2897 3610 3006 3665 Deo
3053 3613 3192 3676 ﬁeri,
3231 3626 3437 3672 temere

147 3693 320 3746 τίκτει
357 3692 513 3754 Θεὸς,
544 3693 710 3761 γεννᾷ
737 3707 795 3742 τε
837 3689 1063 3753 ἀπαθῶς
1092 3691 1151 3754 ἐξ
1181 3690 1397 3757 ἑαυτοῦ,
1439 3691 1591 3746 οὐδὲν
1630 3711 1741 3747 κω-

1867 3685 1972 3742 F’iiii
2009 3692 2416 3758 generationem
2464 3696 2801 3763 subvenitis,
2850 3700 3169 3757 divisionem
3213 3717 3268 3759 et
3318 3722 3437 3776 pas-

147 3783 263 3836 λύει
293 3782 354 3835 τὸ
382 3781 644 3850 γεννηθὲν
673 3779 1050 3851 ὁμολογεῖσθαι
1076 3782 1167 3834 τὸν
1196 3781 1374 3845 ζῶντα
1398 3783 1492 3835 τοῦ
1526 3785 1738 3856 Πατρὸς

1867 3783 2059 3835 sionem
2092 3783 2144 3835 in
2189 3785 2356 3852 ipsam
2387 3785 2727 3845 inducentes.
2767 3791 2826 3845 Si
2864 3808 2993 3848 vero
3026 3795 3164 3850 citra
3208 3799 3436 3854 divisio-

146 3872 342 3937 Λόγον.
401 3871 460 3923 Ὀ
506 3870 564 3922 δὲ
619 3870 679 3934 ἐξ
727 3870 899 3923 ἀϊδίου
949 3871 1163 3942 Πατρδς
1229 3872 1528 3943 προελθὼν,
1584 3873 1736 3927 ἔσται

1867 3886 1969 3924 tem
2002 3872 2174 3942 gignit
2208 3875 2371 3943 Deus,
2401 3887 2458 3931 et
2484 3881 2688 3948 absque
2717 3884 2975 3950 passione
3001 3901 3064 3940 ex
3092 3902 3154 3942 se
3181 3901 3430 3958 generat,

146 3965 365 4025 πάντως
403 3961 500 4015 καὶ
547 3963 748 4024 ἀΐδιος·
794 3961 937 4015 οὕτω
973 3962 1083 4033 γὰρ
1114 3962 1178 4015 ἂν
1215 3965 1310 4016 καὶ
1342 3965 1442 4036 τὴν
1474 3966 1735 4036 πατρῴαν

1867 3963 1977 4016 tiltil
2005 3965 2183 4020 obstat
2227 3973 2537 4036 quominus,
2568 3972 2618 4024 id
2644 3975 2789 4041 quod
2823 3977 3063 4045 genitum
3107 3990 3210 4048 est,
3241 3980 3425 4035 vivum

145 4053 429 4120 εὐγένειαν
476 4053 620 4122 ἔχων
670 4055 765 4105 καὶ
807 4053 1088 4118 διασώζων
1135 4054 1192 4106 ἐν
1225 4055 1432 4125 ἑαυτῷ,
1479 4055 1737 4126 ἀληθεύει

1867 4056 2020 4111 'atris
2073 4057 2310 4112 Verbum
2366 4075 2489 4115 esse
2550 4063 2923 4130 proﬁteamur.
2969 4066 3070 4134 Qui
3132 4080 3312 4123 autem
3362 4087 3426 4125 ex

143 4142 318 4212 λέγων
338 4161 351 4174 ·
389 4163 408 4194 ‹
449 4143 508 4195 '0
540 4142 802 4214 ἑωρακὼς
829 4143 929 4213 ἐμὲ
974 4144 1183 4216 ἑώρακε
1212 4145 1302 4200 τὸν
1336 4147 1572 4218 Πατέρα.
1606 4165 1625 4198 ι
1659 4147 1733 4201 Οὐ

1867 4156 2045 4201 εισι·ηο
2095 4147 2255 4203 Patre
2299 4153 2588 4218 processit,
2639 4155 2747 4210 erit
2793 4159 3013 4213 omnino
3051 4160 3216 4215 etiam
3266 4173 3426 4218 teter-

142 4238 250 4309 γὰρ
278 4241 336 4290 ὲν
366 4237 444 4307 τῷ
478 4236 693 4308 γενητῷ
718 4237 780 4291 τὸ
810 4238 1259 4319 ἀίδιονηφαίνεται

1867 4254 1946 4294 ms
1977 4257 1990 4291 :
2018 4239 2094 4293 ita
2123 4242 2270 4295 enim
2300 4245 2462 4298 etiam
2490 4257 2770 4314 paternam
2812 4249 3157 4308 nobilitatem
3201 4255 3412 4310 habens

144 4341 308 4400 atque
340 4332 393 4386 in
434 4347 494 4386 se
529 4346 864 4387 conservans
893 4349 1017 4388 vere
1050 4335 1199 4402 dicit,
1245 4334 1532 4404 inquiens:
1571 4355 1588 4386 ι
1622 4334 1725 4401 Qui
1768 4335 1900 4390 vidit
1933 4347 2038 4401 me,
2107 4335 2313 4389 viditet
2345 4335 2558 4390 Patrem
2585 4341 2652 4393 ".
2687 4358 2706 4393 ι
2742 4340 2928 4412 Neque
2992 4347 3136 4399 enim
3162 4357 3421 4402 aeternum

143 4424 193 4476 in
231 4434 488 4478 creatura
518 4422 747 4477 videtur.

836 4560 1037 4612 ΛΛΛΟ.
2510 4563 2739 4621 ALIUD.

204 4675 270 4728 Εί
303 4676 331 4726 ό
362 4673 611 4743 μετέχων
637 4672 731 4725 τοῦ
764 4671 890 4725 Υίοῦ
920 4673 1068 4737 θείας
1100 4673 1306 4742 γίνεται
1335 4675 1591 4740 κοινωνὸς
1623 4675 1722 4744 φύ-
1755 4647 1764 4705 1

1906 4667 1963 4721 Si
1990 4668 2080 4738 qui
2114 4669 2384 4740 particeps
2416 4680 2499 4726 est
2528 4671 2674 4739 Filii,
2714 4675 2908 4733 divinae
2941 4691 3150 4741 natura
3181 4703 3418 4744 commu-

135 4779 297 4828 σεως,
327 4762 472 4816 κατὰ
500 4763 602 4831 τὴν
627 4761 721 4815 τοῦ
754 4762 960 4833 Πέτρου
991 4763 1197 4835 φωνὴν,
1229 4765 1323 4817 καὶ
1352 4765 1402 4817 εί
1439 4765 1557 4819 ναοὶ
1585 4765 1722 4819 Θεοῦ

1875 4758 1979 4811 icat
2002 4758 2155 4829 juxta
2193 4757 2340 4814 Petri
2382 4765 2732 4833 sententiam,
2767 4777 2823 4822 et
2867 4771 2911 4824 si
2952 4775 3149 4844 templa
3189 4775 3279 4832 Dei
3319 4797 3414 4837 vo-

137 4851 575 4924 χρηματίζουσιν
616 4844 700 4915 οἷς
727 4853 757 4904 ό
803 4853 978 4920 Λόγος
1020 4853 1242 4919 ἐνοικεῖ,
1286 4854 1502 4928 ἀνάγκη
1541 4854 1721 4925 λέγειν

1867 4858 2027 4903 antur
2057 4865 2246 4906 omnes
2281 4853 2333 4906 in
2367 4854 2564 4924 quibus
2587 4857 2824 4915 Verbum
2861 4863 3072 4921 habitat
3094 4867 3161 4936 “,
3193 4885 3415 4929 necesse

132 4944 195 4995 ικ
226 4943 330 5012 τῆς
357 4942 549 5006 οὐσίας
576 4941 671 4995 τοῦ
698 4941 836 4996 Θεοῦ
866 4943 958 4996 τὸν
995 4943 1143 4999 Υίόν.
1182 4944 1293 5000 Καὶ
1326 4947 1378 4999 εί
1410 4948 1562 5002 οὐδὲν
1597 4949 1721 5002 ἐπι-

1868 4941 2050 4996 nmino
2077 4953 2160 4998 est
2195 4942 2393 4999 Filium
2420 4961 2484 5000 ex
2528 4947 2833 5007 substantia
2865 4953 2959 5009 D‘ei
2996 4971 3116 5014 esse
3147 4961 3409 5018 dicamus.

133 5034 358 5104 γενητὸν
405 5036 463 5086 ἐν
509 5031 629 5102 Θεῷ
673 5032 900 5102 (τέλειος
938 5036 1048 5106 γὰρ
1081 5037 1176 5090 καὶ
1215 5038 1576 5110 ἀπροσδεὴς),
1618 5043 1720 5096 οὐκ

1867 5032 1938 5105 ιθ
1961 5033 2027 5089 Ει
2056 5036 2101 5088 si
2136 5035 2270 5089 nihil
2307 5037 2359 5091 in
2397 5038 2505 5093 Deo
2531 5050 2617 5094 est
2643 5047 3029 5113 acceasorium,
3056 5050 3171 5106 sive
3202 5056 3409 5110 extrin-

135 5126 452 5194 ίπιγέγονεν
479 5125 510 5176 ό
539 5123 685 5191 Υἱδς;
716 5125 832 5178 ἀλλ’
859 5121 928 5196 ἦν
959 5125 1037 5196 τῷ
1073 5127 1247 5198 [Ιατρὶ¹
1283 5129 1570 5192 συναῖδιος.

1867 5137 1983 5179 ecus
1996 5127 2296 5182 adveniens
2315 5130 2614 5197 (perfectus
2628 5135 2773 5189 enim
2800 5145 2885 5191 est
2902 5151 2956 5193 et
2977 5141 3176 5197 nullius
3198 5148 3403 5215 egens),

1825 5231 1932 5269 non
1979 5227 2164 5287 postea
2220 5222 2450 5276 accessit
2498 5221 2700 5293 Filius,
2746 5231 2840 5284 sed
2887 5243 3007 5287 erat
3062 5234 3209 5291 Patri
3264 5253 3405 5293 coze-

1823 5317 2026 5365 ICI'I'IIIS.

417 5411 561 5478 Ἔτι,
591 5411 725 5482 περὶ
758 5412 1092 5483 ἁῐδιότητος
1126 5415 1232 5471 τοῦ
1270 5417 1426 5472 Υιοῦ.

197 5525 422 5600 Πατέρα
449 5526 685 5600 λέγομεν
715 5527 811 5582 τὸν
847 5527 1007 5593 Θεὸν,
1036 5531 1164 5585 Υίδν
1188 5531 1247 5584 δὲ
1279 5532 1372 5587 τὸν
1405 5532 1579 5602 Λόγον
1621 5536 1718 5590 καὶ

1887 5534 2103 5594 Patrem
2139 5539 2375 5596 dicimus
2402 5541 2592 5610 Deum,
2629 5547 2825 5606 Fiiium
2856 5563 3036 5609 autem
3073 5555 3304 5612 Verbum
3346 5569 3405 5615 et

132 5616 280 5684 θεον,
320 5617 418 5691 οὐχ
467 5616 556 5670 τνα
588 5616 680 5673 τὸν
714 5616 815 5692 μὶν
869 5621 1292 5692 προῡπάρχοντα
1313 5662 1329 5688 ,
1377 5625 1470 5677 τὸν
1506 5625 1564 5679 δὲ
1602 5628 1718 5694 μετ’

1867 5643 2023 5696 eum,
2072 5647 2180 5686 non
2226 5643 2285 5688 ut
2331 5635 2484 5690 illum
2536 5641 2690 5708 prius
2727 5647 3029 5714 exstitisse,
3084 5651 3226 5703 hunc
3276 5666 3405 5706 vero

135 5711 290 5763 αὑτὸν
343 5710 606 5779 γεγονότα
657 5710 891 5783 νοῶμεν,
944 5712 1087 5766 κατὰ
1145 5715 1243 5784 τὴν
1295 5717 1354 5768 ὲν
1404 5716 1720 5788 ἀνθρώποις

1867 5729 2000 5775 ›ειοιι
2051 5720 2252 5777 factum
2312 5726 2549 5784 humano
2602 5748 2752 5788 more
2800 5710 3165 5807 intelligamus
3197 5762 3209 5798 :
3242 5757 3402 5814 supe-

2162 5425 2432 5495 Διυρίίιη,
2466 5432 2532 5486 de
2567 5437 2862 5493 clamitat:
2897 5437 3048 5495 Filii.

199 5891 263 5918 ""
309 5889 443 5943 l‘sal.
481 5903 667 5955 LXIII,
709 5891 763 5947 θ.
841 5889 1061 5946 "Joan.
1103 5909 1211 5958 κεί,
1249 5893 1330 5947 Η.
1413 5896 1454 5925 δ’
1485 5893 1639 5950 Joau.
1672 5912 1760 5962 xv,

1875 5940 1886 5952 .
1967 5901 2011 5932 "
2044 5901 2200 5958 Joan.
2233 5921 2339 5971 xxv,
2381 5907 2431 5962 9.
2510 5910 2554 5943 “
2591 5911 2606 5965 l
2642 5912 2767 5969 Cor.
2801 5931 2881 5984 ιιι,
2913 5919 2997 5974 16.
