4048 6462
600 464 666 517 47
1589 461 1645 515 S.
1687 458 1958 515 CYRILLI
2000 457 2471 517 ALEXANDRINI
2512 458 2830 518 ARCHIEP.
3776 454 3837 509 ιι

605 584 713 636 rior
736 585 878 635 enim
904 590 985 635 est
1010 580 1153 635 omni
1186 589 1423 648 tempore
1452 579 1620 644 Deus;
1659 582 1751 634 sed
1779 590 1835 634 ut
1870 581 2017 635 illum
2042 582 2161 651 qui-

2280 581 2444 646 ιάξιν·
2492 582 2605 635 ἀνω
2654 581 2760 651 γάρ
2800 577 2999 641 παντὸς
3048 578 3242 649 χρόνον
3282 578 3450 642 Θεὸς,
3501 577 3619 631 ἀλλ’
3646 576 3727 630 ἵνα
3759 578 3840 629 τὸν

601 673 721 726 dem
751 682 804 724 ut
835 671 1164 735 Genitorem,
1197 678 1336 739 quod
1372 670 1540 736 patris
1568 677 1649 723 est
1674 668 1948 738 proprium
1976 686 1992 733 ;
2022 669 2165 723 hunc

604 778 727 817 vero
749 774 806 816 ut
834 763 1126 831 legitimum
1159 760 1351 814 Filium
1387 758 1729 814 incﬂ'abiliter
1755 775 1821 814 ex
1861 758 2162 814 substantia

605 854 777 907 Patris
804 852 1040 920 genitum
1065 852 1368 905 adoremus.
1399 850 1557 903 Pater
1582 848 1779 917 itaque,
1809 850 1932 917 quia
1956 848 2161 917 genuit,

601 945 789 1011 Filius,
822 945 946 1013 quia
988 943 1241 1013 genitus:
1271 951 1325 997 et
1372 943 1470 997 hoc
1505 943 1678 997 solum
1724 943 1997 995 nominum
2036 953 2165 993 usus

600 1052 665 1089 ex
716 1036 1071 1089 similitudine
1127 1034 1283 1089 nobis
1316 1034 1601 1097 signiﬁcat.
1639 1035 1694 1088 Si
1750 1036 1914 1101 igitur
1954 1034 2006 1086 in
2055 1030 2165 1085 Deo

601 1142 819 1191 nomen,
870 1124 1056 1189 Pater,
1092 1124 1261 1179 solum
1310 1135 1653 1194 generantem
1690 1123 1978 1194 significat,
2019 1121 2163 1175 nulla

601 1219 735 1271 ratio
763 1228 844 1271 est
874 1232 991 1285 quae
1019 1224 1177 1285 c‘ogat
1211 1226 1263 1269 ut
1307 1216 1467 1280 Deus,
1501 1216 1589 1284 qui
1638 1216 1757 1270 sine
1801 1225 2043 1283 tempore
2073 1228 2164 1283 ge-

602 1319 779 1373 nerat,
817 1310 1024 1377 primus
1062 1309 1339 1363 exstitisse
1381 1308 1613 1373 dicatur,
1644 1322 1803 1375 quam
1836 1307 1885 1360 id
1923 1305 2064 1373 quod
2098 1306 2165 1358 ab

598 1414 661 1452 eo
688 1399 925 1469 genitum
969 1406 1070 1451 est.
1102 1397 1169 1451 Et
1195 1399 1239 1451 si
1287 1398 1493 1451 nullum
1541 1407 1753 1466 tempus
1786 1395 2162 1463 interpositum

601 1491 700 1543 fuit
748 1490 888 1543 inter
918 1498 1266 1558 generantem
1302 1498 1352 1543 et
1408 1489 1667 1557 genitum,
1720 1502 1825 1541 non
1862 1488 2044 1555 utique
2084 1495 2165 1539 est

600 1578 866 1647 posterior
903 1587 1161 1646 tempore,
1198 1578 1289 1632 sed
1328 1586 1628 1631 coaeternus
1658 1588 1740 1631 est
1778 1574 1925 1630 Patri
1974 1574 2158 1630 Filius.

1259 1759 1488 1815 ALIUD.

670 1850 724 1904 Si
763 1849 902 1903 Deus
932 1863 997 1902 ex
1047 1856 1237 1901 natura
1285 1862 1386 1901 sua
1426 1856 1509 1901 est
1555 1855 1790 1911 creator,
1839 1858 2012 1914 neque
2050 1847 2164 1898 luet

2276 671 2371 740 μὲν
2400 672 2475 733 ὡς
2510 670 2548 722 Γ
2552 672 2868 739 εννήσαντα,
2898 671 3035 738 οπερ
3065 670 3181 722 ἐστὶ
3225 670 3432 740 πατρὸς
3481 668 3614 722 ἴδιον
3635 685 3647 698 ·
3680 668 3765 720 τὸν
3793 668 3841 718 δὲ

2271 764 2346 824 ὡς
2384 764 2606 832 γνήσιον
2641 761 2765 814 Υἱὸν
2799 760 3038 831 ἆρῤητον
3066 762 3129 813 ὲκ
3159 761 3256 830 τῆς
3301 761 3484 823 οὐσίας
3511 759 3606 812 τοῦ
3647 758 3844 825 Harpe;

2271 856 2543 925 ἐσχηκότα
2568 853 2666 925 τὴν
2693 855 2945 923 γέννησιν
2977 852 3394 924 προπυνῶμεν.
3430 852 3621 922 Πατὴρ
3652 846 3743 904 οὖν
3771 850 3844 901 ὅτι

2270 947 2627 1017 γεγέννηκεν⁸
2668 947 2799 1009 Υίὸς
2835 947 2915 1010 δὲ,
2954 948 3036 999 ὅτι
3084 945 3319 1016 ἐγενήθη
3342 962 3354 973 ·
3388 947 3484 997 καὶ
3522 944 3661 1013 ’πρὸς
3700 940 3846 1010 μόνον

2270 1038 2379 1091 τῶν
2412 1040 2689 1109 ὀνομάτων
2722 1039 2755 1107 ὴ
2795 1037 2955 1108 χρεία
2998 1039 3094 1090 καὶ
3128 1036 3186 1089 το
3220 1036 3307 1088 διά
3355 1036 3455 1104 τῆς
3509 1034 3647 1103 πρὸς
3702 1028 3845 1100 ήμῶν

2270 1128 2580 1199 ὁμοιώσεως
2641 1128 3063 1197 σημαινόμενον.
3113 1128 3175 1179 El
3234 1128 3413 1179 τοίνυν
3463 1124 3558 1176 ἐπὶ
3612 1121 3745 1174 Θεοῦ
3793 1119 3848 1171 τὸ

2270 1221 2472 1289 Πατὴρ
2521 1222 2693 1290 ὄνομα
2743 1220 2904 1289 μόνου
2948 1219 3043 1272 τοῦ
3093 1220 3286 1289 γεννᾷν
3332 1220 3451 1271 ἐστι
3502 1212 3846 1286 σημαντικὸν,

2270 1312 2453 1373 οὐδεὶς
2495 1310 2797 1377 ἀναγκάσει
2830 1310 2985 1376 λόγος
3020 1309 3396 1378 προϋπάρχειν
3437 1305 3532 1358 τοῦ
3569 1304 3697 1357 ίδίου
3742 1318 3851 1367 γεν-

2273 1405 2511 1473 νήματος
2542 1402 2631 1455 τὸν
2674 1402 2918 1472 ἀχρόνως
2964 1400 3234 1470 γεννῶντα
3262 1398 3415 1451 Θεόν.
3447 1398 3559 1450 Καὶ
3590 1398 3640 1448 εἰ
3672 1392 3851 1465 χρόνος

2268 1489 2336 1563 ἦν
2364 1494 2539 1557 οὐδεὶς
2578 1492 2783 1563 μεταξὺ
2822 1493 2916 1545 τοῦ
2964 1493 3323 1561 γεννήσαντος
3371 1490 3463 1543 καὶ
3512 1486 3849 1557 γενηθέντος.

2270 1584 2369 1635 οὐκ
2416 1583 2753 1651 ὲπιγέγονεν,
2802 1583 2916 1635 ἀλλ’
2957 1578 3025 1652 ἦν
3055 1584 3142 1636 ἀεὶ
3188 1581 3263 1651 τῷ
3313 1581 3489 1650 Harp!
3524 1575 3786 1637 συναῖὁιος
3824 1574 3852 1624 ό

2272 1676 2417 1738 Υἱός.

2964 1766 3173 1819 ΛΛΔυ.

2343 1859 2404 1911 Εί
2437 1860 2665 1929 ποιητής
2695 1861 2811 1911 ἐστι
2858 1856 2999 1911 κατά
3028 1858 3189 1927 φύσιν
3229 1860 3257 1910 ό
3290 1857 3442 1921 Θεὸς,
3476 1857 3571 1910 καὶ
3607 1856 3710 1908 οὐκ
3741 1854 3857 1904 ἑπι-

602 1939 823 1995 facultas
855 1940 1194 1992 extrinsecus
1224 1938 1469 1999 advenit,
1509 1949 1567 1991 ut
1605 1946 1788 2005 posset
1828 1950 1913 1989 res
1956 1941 2164 1989 creatas

2280 1950 2488 2017 γέγονεν
2516 1949 2664 2019 αὑτῷ
2690 1951 2749 2003 τὸ
2777 1950 3036 2003 δύνασθαι
3068 1951 3341 2021 παράγειν
3373 1952 3436 2001 ἐκ
3467 1947 3560 2001 τοῦ
3594 1947 3672 2017 μὴ
3712 1945 3858 2003 όντος

600 2047 666 2084 ex
691 2031 857 2084 nihilo
886 2030 1181 2097 producere
1210 2028 1274 2081 ad
1304 2041 1453 2094 esse;
1487 2029 1664 2081 omnia
1706 2042 1832 2081 vero
1855 2042 1950 2097 per
1972 2024 2165 2079 Filium

603 2123 731 2177 t'acit
766 2131 925 2189 atque
949 2130 1225 2188 operatur,
1255 2134 1360 2187 quo
1407 2129 1566 2188 pacto
1604 2134 1705 2172 non
1741 2120 1901 2173 fuerit
1948 2118 2167 2188 impium

603 2214 782 2266 dicere
814 2231 825 2265 :
879 2208 1007 2263 Erat
1045 2210 1255 2278 quando
1285 2226 1388 2263 non
1427 2207 1581 2264 erat?
1608 2210 1839 2267 Perinde
1869 2210 2014 2264 enim
2065 2210 2168 2262 hoc

601 2312 683 2357 est
719 2316 783 2357 ac
819 2302 864 2355 si
897 2302 1082 2355 dicas:
1118 2300 1245 2353 Erat
1271 2302 1486 2368 quando
1514 2316 1621 2355 non
1672 2311 1792 2355 erat
1833 2299 1992 2362 Deus,
2027 2298 2168 2369 quod

604 2396 872 2465 posterius
925 2393 1122 2447 factum
1172 2394 1242 2448 sit
1293 2392 1526 2447 Verbum
1581 2409 1676 2463 per
1721 2394 1862 2463 quod
1920 2394 2169 2446 universa

602 2496 779 2541 creata
818 2494 979 2539 sunt:
1019 2485 1192 2538 tSine
1241 2486 1358 2554 ipso
1393 2486 1534 2539 enim
1585 2484 1783 2538 factum
1832 2496 1911 2539 est
1958 2484 2113 2548 nihil,
2147 2502 2165 2534 ι

606 2587 662 2630 ιιι
706 2577 779 2629 ait
817 2574 1052 2629 Joannes
1076 2573 1142 2627 ⁸⁵.
1172 2574 1226 2627 Si
1261 2590 1386 2627 vero
1417 2590 1630 2643 semper
1667 2587 1719 2628 et
1757 2577 2046 2627 secundum
2086 2588 2175 2625 na-

605 2679 776 2722 turam
814 2677 1029 2722 creator
1060 2678 1140 2720 est
1174 2667 1313 2719 Deus
1345 2681 1409 2720 ac
1448 2665 1633 2730 l'ater,
1680 2679 1796 2720 erat
1831 2667 2014 2735 utique
2047 2680 2171 2719 cum

605 2762 722 2829 ipso
765 2759 811 2813 is
878 2768 971 2828 per
1015 2772 1172 2826 quem
1226 2766 1440 2811 creator
1489 2766 1602 2820 est,
1660 2758 1761 2811 hoc
1805 2767 1886 2811 est
1940 2754 2172 2813 Verbum

606 2850 795 2917 ipsius.
847 2846 1305 2914 Quemadmodum
1356 2848 1499 2902 enim
1565 2847 1616 2900 id
1666 2849 1809 2917 quod
1857 2848 2177 2902 naturaliter

606 2944 810 2999 homini
852 2944 1011 3009 inest,
1040 2942 1279 3010 separari
1321 2941 1388 2996 ah
1420 2956 1483 2995 eo
1518 2950 1622 2995 non
1655 2948 1853 3009 potest,
1908 2941 1980 2993 ita
2014 2954 2111 2995 nec
2146 2956 2177 2995 a

608 3038 715 3091 Deo
744 3035 1001 3104 quidquid
1049 3036 1100 3086 in
1138 3034 1253 3103 ipso
1298 3043 1351 3086 et
1382 3047 1445 3087 ex
1480 3031 1597 3101 ipso
1626 3040 1727 3085 est.
1765 3030 1861 3084 Est
1902 3039 2079 3083 autem
2124 3030 2175 3084 in

608 3126 767 3179 Patre
791 3132 845 3179 et
882 3140 948 3179 ex
996 3123 1157 3179 Patre
1187 3121 1423 3177 Verbum
1452 3141 1465 3175 :
1500 3121 1860 3192 inseparabile
1899 3124 2079 3191 itaque
2127 3132 2181 3176 et

608 3226 952 3272 coaeternum.

781 3308 1020 3374 ALIUD,
1060 3322 1151 3375 per
1198 3307 1549 3362 reductionem
1593 3310 1661 3361 ad
1693 3308 2000 3364 absurdum.

685 3421 741 3474 Si
790 3436 895 3474 non
967 3427 1050 3472 est
1100 3414 1270 3471 Filius
1311 3414 1455 3470 Patri
1507 3426 1847 3481 coaeternus,
1902 3414 1997 3471 sed
2050 3415 2179 3468 Erat

608 3516 815 3589 quando
840 3528 940 3565 non
965 3517 1101 3572 erat,
1127 3520 1183 3562 ut
1204 3524 1299 3564 vos
1326 3507 1645 3579 opinamini,
1674 3519 1897 3563 necesse
1921 3506 2025 3561 erit
2051 3521 2181 3563 con-

608 3610 801 3663 cedere
833 3604 1206 3675 imperfectam
1242 3601 1534 3674 aliquando
1563 3602 1733 3659 fuisse
1761 3616 2000 3660 sanctam
2056 3602 2180 3659 Tri-

612 3702 853 3753 nitatem.
890 3698 1019 3750 Erat
1053 3696 1194 3752 enitn
1233 3696 1432 3762 unitas,
1466 3704 1523 3747 ut
1547 3694 1779 3760 videtur,
1806 3705 1931 3750 ante
1962 3694 2175 3749 Filium.

612 3792 805 3844 Postea
849 3797 1026 3845 autem
1071 3786 1209 3840 facta
1259 3795 1343 3841 est
1377 3784 1633 3852 Trinitas,
1658 3786 1763 3855 27
1786 3801 1907 3841 cum
1952 3786 2181 3841 accessit

610 3881 751 3951 quod
791 3878 993 3933 deerat.
1037 3876 1169 3931 Cum
1202 3890 1331 3930 vero
1365 3875 1622 3944 quidquid
1661 3875 1972 3930 accessione
2005 3874 2179 3943 aliqua

612 3974 819 4035 erevit,
864 3968 1200 4023 detractione
1265 3968 1578 4021 decrescere
1626 3968 1829 4034 possit,
1890 3967 2179 4019 verendum

613 4076 695 4120 est
726 4079 793 4118 ne
814 4080 918 4133 qua
953 4063 1088 4115 ratio
1118 4075 1213 4115 nos
1239 4075 1397 4131 cogat
1425 4058 1695 4122 conﬁteri,
1726 4068 1969 4113 sanctam
2005 4057 2181 4112 Trini-

616 4165 778 4211 tatem
820 4170 1006 4209 rursus
1038 4154 1102 4205 ad
1160 4153 1422 4206 unitatem
1472 4149 1638 4219 redigi
1690 4164 1865 4218 posse.
1912 4150 1967 4202 Si
2001 4157 2177 4202 autem

617 4252 686 4302 ita
718 4248 925 4302 sentire
977 4244 1058 4299 vel
1111 4245 1255 4312 loqui
1287 4257 1501 4297 omnem
1537 4242 1871 4311 impietatem
1916 4250 2177 4310 superat;

613 4351 731 4394 erat
790 4338 1012 4391 omnino
1062 4350 1276 4404 semper
1329 4350 1451 4388 cum
1504 4343 1691 4389 sancta
1744 4331 2014 4386 Trinitate
2065 4332 2181 4394 ejus

614 4431 902 4502 plenitudo.

1097 4517 1304 4572 ALIUD
1343 4518 1463 4571 huic
1501 4518 1690 4571 simile.

2269 2043 2349 2103 εἰς
2390 2040 2449 2094 τὸ
2491 2035 2730 2095 εἶναιτὰ
2771 2042 2933 2094 ὄντα·
2970 2042 3149 2094 πάντα
3190 2042 3246 2094 δὲ
3280 2040 3347 2093 δι’
3393 2040 3522 2094 Υἱοῦ
3572 2041 3723 2092 ποιεῖ
3771 2037 3861 2090 καὶ

2272 2133 2700 2204 κατεργάζεται,
2745 2134 2861 2196 πῶς
2899 2134 2998 2185 οὐκ
3048 2133 3239 2194 ἀσεϐὲς
3282 2133 3341 2185 τὸ
3380 2132 3589 2199 λέγειν·
3622 2127 3736 2186 Ἦν
3770 2129 3863 2182 ὅτε

2271 2227 2382 2279 οὐκ
2420 2222 2532 2294 ἧν;
2582 2226 2694 2277 ἴσον
2729 2226 2834 2297 γάρ
2876 2227 3021 2277 ἐστιν
3073 2227 3282 2277 εἰπεῖν·
3314 2220 3421 2276 Ἦν
3453 2225 3542 2277 ὅτε
3584 2224 3692 2276 οὐκ
3736 2215 3803 2297 ἦν
3838 2237 3865 2272 ο

2271 2317 2423 2380 Θεὸς,
2458 2316 2681 2387 ὕστερον
2710 2316 3097 2387 ἐπιγενομένου
3129 2315 3223 2369 τοῦ
3258 2315 3477 2368 πάντων
3522 2296 3864 2385 δημιουῇῗοῦ

2273 2412 2475 2479 Λόγου·
2517 2430 2535 2462 ι
2568 2412 2749 2480 Χωρὶς
2792 2428 2899 2481 γαρ
2940 2410 3105 2463 αὑτοῦ
3141 2410 3357 2477 ἐγένετο
3389 2410 3511 2461 οὐδὲ
3556 2408 3639 2472 ἓν,
3674 2428 3689 2459 ι
3727 2404 3869 2460 κατὰ

2273 2505 2369 2572 τὴν
2408 2503 2654 2557 Ἰωάννου
2688 2504 2891 2572 φωνήν.
2924 2502 2983 2553 Εἰ
3013 2502 3068 2553 δὲ
3102 2502 3187 2553 ἀεὶ
3216 2503 3307 2553 καὶ
3336 2504 3476 2556 κατὰ
3506 2500 3675 2569 φύσιν
3712 2514 3868 2566 ποιη-

2275 2595 2373 2663 τὴς
2412 2598 2439 2647 ὁ
2469 2595 2600 2657 Θεὸς
2633 2595 2724 2646 καὶ
2752 2594 2965 2664 Πατὴρ,
2993 2589 3060 2663 ἦν
3093 2592 3199 2663 ἄρα
3231 2593 3327 2644 σὺν
3357 2592 3506 2661 αὐτῷ
3528 2593 3593 2645 δι’
3624 2588 3689 2645 οὗ
3728 2608 3876 2658 ποιη-

2275 2685 2373 2755 τὴς
2404 2686 2677 2753 ἐφαίνετο,
2704 2686 2984 2737 τουτέστιν
3014 2687 3042 2737 ὁ
3073 2686 3243 2752 Λόγος
3300 2684 3486 2738 αὗτοῦ.
3518 2684 3737 2753 Ὥσπερ
3767 2681 3874 2749 γὰρ

2282 2774 2584 2845 ἀχώριστον
2634 2775 2923 2845 ἀνθρώπου
2978 2777 3085 2827 πᾶν
3126 2775 3185 2825 τὸ
3240 2776 3399 2841 φύσει
3432 2774 3631 2845 προσὸν
3692 2771 3872 2840 αὐτῷ’

2278 2866 2423 2919 οὕτω
2454 2868 2546 2919 καὶ
2594 2866 2729 2919 Θεοῦ
2773 2869 2879 2919 πᾶν
2913 2866 2973 2919 τὸ
3020 2868 3077 2919 ὲν
3114 2867 3264 2935 αὑτῴ
3314 2868 3406 2919 καὶ
3451 2868 3509 2933 εξ
3552 2866 3749 2919 αὑτοῦ.
3790 2865 3876 2916 Ἐν

2281 2958 2453 3027 Πατρὶ
2491 2956 2547 3009 δὲ
2589 2957 2683 3008 καὶ
2728 2957 2792 3009 ὲκ
2837 2956 3047 3026 Πατρὺς
3090 2958 3117 3008 ό
3156 2958 3361 3023 Λόγος·
3408 2957 3718 3027 ἀχώριστος
3770 2956 3877 3024 ἄρα

2283 3047 2374 3099 καὶ
2404 3046 2690 3108 συναῖδιος.
3700 3050 3705 3051 ’

2476 3306 2682 3370 AAAO,
2713 3306 2945 3375 διὰτῆς
2979 3311 3065 3374 είς
3096 3308 3323 3363 ἄτοπον
3365 3311 3721 3382 ἀπατωγῆςι

2352 3418 2413 3470 El
2442 3425 2542 3470 οὐκ
2575 3420 2721 3473 ἐστιν
2748 3421 2775 3472 ὀ
2812 3422 2938 3483 Υἱὸς
2970 3422 3046 3493 τῷ
3082 3423 3255 3493 Πατρὶ
3293 3424 3581 3490 συναῖδιος,
3616 3425 3741 3479 ἀλλ’
3770 3422 3885 3481 Ἦν

2281 3509 2379 3563 ὅτε
2410 3513 2520 3564 οὐκ
2558 3507 2653 3580 ἦν,
2683 3512 2803 3565 καθ’
2850 3515 3015 3584 ὑμᾶς,
3042 3515 3253 3585 ἀνάγκη
3290 3518 3669 3586 συνομολογεῖν
3706 3519 3886 3587 ἀτελῆ

2280 3622 2409 3657 ποτε
2458 3604 2720 3675 ὑπάρχειν
2748 3606 2845 3676 τὴν
2883 3608 3043 3676 ἀγίαν
3087 3602 3318 3679 Τριάδα.
3349 3607 3459 3662 Ἷιν
3509 3610 3616 3682 γὰρ
3676 3613 3883 3681 μονὰς,

2278 3695 2352 3757 ὡς
2382 3696 2545 3761 είκὸς,
2577 3694 2862 3767 πρὸ-Υἱοῆῦ.
2894 3698 3089 3767 Γέγονε
3136 3700 3192 3752 δὲ
3233 3700 3460 3769 ὕστερον
3508 3700 3707 3771 Τριὰς,
3756 3705 3886 3754 ἐπι·

2279 3789 2571 3858 γενομένου
2618 3789 2711 3842 τοῦ
2746 3790 3042 3853 λείποντος.
3090 3790 3307 3863 Ἐπειδὴ
3350 3794 3410 3845 δὲ
3458 3794 3564 3845 πᾶν
3616 3793 3767 3864 ὅπερ
3812 3795 3889 3847 κᾶν

2282 3877 2483 3949 συμϐῇ,
2515 3880 2607 3931 καὶ
2654 3880 3039 3951 ἀποσυμὸῆναι
3090 3881 3339 3945 δύναται,
3385 3882 3503 3945 δέος
3540 3883 3615 3953 μὴ
3652 3885 3755 3937 καί
3800 3901 3887 3946 τις

2282 3972 2427 4040 ἡμᾶς
2456 3972 2743 4044 ἀναγκάσῃ
2771 3970 2926 4040 λόγος
2961 3972 3243 4041 ὁμολογεῖν
3273 3973 3533 4028 δύνασθαι
3572 3976 3673 4045 τὴν
3709 3978 3889 4045 ἁγίαν

2281 4061 2324 4112 Τ
2330 4060 2487 4131 ριάδα
2516 4061 2651 4131 πρὸς
2693 4063 2853 4115 ἐνάδα
2896 4064 3299 4134 παλινδρομεῖν.
3334 4066 3396 4118 El
3440 4066 3495 4118 δὲ
3532 4068 3693 4119 τοῦτο
3742 4086 3892 4139 φρο-

2279 4158 2389 4210 νεῖν
2419 4156 2450 4225 ἦ
2491 4155 2668 4223 λέγειν
2714 4158 2930 4227 ἀπάσης
2964 4160 3081 4211 ἐστὶ
3113 4159 3431 4224 δυσσεϐείας
3467 4163 3767 4229 ἐπέκεινα,
3817 4162 3888 4237 ἦν

2282 4245 2366 4297 ἀεί
2409 4246 2547 4313 μετά
2590 4247 2801 4315 Πατρὸς
2834 4248 2933 4317 τῆς
2962 4250 3119 4315 ἁγίας
3150 4251 3379 4318 Τριάδος
3407 4256 3466 4304 τὸ
3498 4254 3806 4325 πλήρωμα.

2742 4515 2948 4577 ΑΛΛΟ,
2972 4522 3155 4577 τούτῳ
3184 4517 3403 4581 ὅμοιον.

686 4635 743 4689 Si
788 4634 955 4688 Filius
997 4647 1098 4685 non
1142 4640 1225 4685 est
1264 4631 1536 4701 proprium
1578 4630 1825 4700 genimen
1867 4630 2172 4684 substantia

2357 4627 2419 4679 Εἰ
2458 4628 2554 4679 οὐκ
2592 4627 2735 4678 ἐστιν
2762 4629 2789 4677 ὁ
2826 4627 2951 4689 Υίὸς
2988 4627 3117 4679 ἴδιον
3152 4627 3395 4699 γέννημα
3426 4630 3525 4698 τῆς
3552 4634 3747 4698 οὐσίας
3785 4634 3884 4689 ’τοῦ

617 4728 823 4791 Patris,
855 4725 947 4779 sed
979 4743 1043 4779 ex
1079 4724 1244 4777 nihilo
1276 4722 1449 4777 factus
1478 4731 1592 4787 est,
1627 4721 1903 4776 dissimilis
1939 4722 2039 4777 sibi
2079 4722 2179 4791 ipsi

616 4819 988 4874 fuerit‘sancta
1012 4816 1251 4869 Trinitas
1277 4829 1341 4869 ex
1370 4813 1537 4868 nihilo
1562 4828 1713 4867 suam
1742 4814 2178 4869 constitutionem

618 4912 858 4966 trahens.
886 4911 1059 4979 Atque
1085 4908 1156 4962 ita
1186 4906 1439 4975 deinceps
1465 4915 1711 4960 creatura
1738 4906 1977 4962 Creatori
2006 4921 2177 4959 annu-

619 5002 931 5066 merabitur,
960 5010 1014 5053 et
1044 5012 1178 5068 opus
1211 4997 1450 5067 ejusdem
1487 4997 1589 5050 erit
1622 5011 1742 5051 eum
1776 4996 1969 5067 opiﬁce
2005 4994 2180 5065 digni-

620 5093 762 5148 tatis.
801 5092 869 5145 At
912 5091 958 5145 si
992 5092 1091 5144 hoe
1132 5090 1349 5159 impium
1392 5100 1505 5153 est,
1546 5103 1649 5142 una
1700 5088 1839 5143 enim
1881 5100 1964 5143 est
2007 5089 2183 5143 Deitas

618 5187 815 5234 sanctae
839 5177 1152 5244 Trinitatis,
1183 5193 1284 5232 una
1317 5178 1655 5246 gloriﬁcatio,
1682 5180 1976 5248 eademque
2008 5179 2181 5233 domi-

622 5271 800 5335 natio;
838 5269 1017 5337 inique
1054 5268 1216 5337 igitur
1250 5270 1299 5322 in
1336 5265 1645 5323 diﬂ‘erentes
1678 5268 1941 5322 essentias
1975 5269 2178 5331 scindi-

622 5377 725 5417 tur.
764 5362 881 5429 Quo
918 5372 1072 5429 pacto
1116 5370 1293 5415 autem
1339 5377 1441 5416 non
1484 5360 1645 5415 fuerit
1686 5360 2016 5424 absurdum,
2058 5374 2177 5413 cum

618 5456 773 5507 Pater
804 5453 874 5505 sit
904 5462 1156 5516 :eternus,
1192 5451 1391 5504 audere
1426 5452 1605 5508 dicere
1630 5452 1866 5507 Verbum
1904 5454 2047 5519 quod
2082 5452 2177 5519 ipsi

614 5546 817 5598 assidet
856 5557 1067 5611 unaque
1105 5554 1324 5612 regnat,
1364 5543 1653 5613 aliquando
1690 5560 1795 5598 non
1837 5543 2037 5608 fuisse;
2083 5543 2175 5597 sed

615 5634 891 5705 postmodo
927 5632 1122 5686 factum
1158 5646 1296 5697 esse,
1331 5643 1383 5687 et
1422 5650 1614 5688 novum
1656 5634 1942 5705 quemdam
1987 5648 2049 5687 ac
2095 5647 2176 5687 re-

616 5744 738 5784 cens
766 5727 961 5779 factum
994 5724 1158 5779 Deum
1189 5724 1484 5780 inducere?

675 5885 724 5917 "
747 5883 903 5940 Joan.
936 5903 974 5956 ι,
999 5888 1051 5943 3.

2288 4720 2529 4791 Πατρδς,
2557 4718 2667 4771 ἀλλ’
2710 4717 2766 4781 ἐξ
2800 4718 2897 4770 οὐκ
2939 4718 3104 4771 ὄντων
3133 4719 3366 4785 ἐγένετο,
3413 4720 3667 4790 ἀνόμοιος
3718 4724 3889 4779 ἔσται

2291 4812 2423 4884 πρὸς
2450 4812 2646 4881 ἑαυτὴν
2667 4813 2702 4881 ὴ
2741 4810 2870 4877 ἁγία
2902 4810 3070 4879 me;
3110 4812 3167 4874 ἐξ
3200 4812 3296 4864 οὐκ
3330 4813 3497 4864 όντων
3529 4813 3730 4883 ἔχουσα
3779 4817 3890 4886 τὴν

2289 4904 2563 4958 σύστασιν.
2606 4905 2714 4956 Καὶ
2754 4902 2935 4953 λοιπὸν
2964 4903 3025 4953 τὸ
3054 4904 3258 4972 κτίσμα
3287 4904 3363 4973 τῷ
3398 4904 3603 4974 Κτίστῃ
3651 4920 3893 4979 συναρι-

2289 4999 2523 5069 Θμεῖται,
2552 4998 2645 5051 καὶ
2682 4996 2743 5048 τὸ
2783 4996 2993 5063 ποίημα
3028 4996 3104 5064 τῷ
3142 5001 3337 5068 ποιητῇ
3372 4997 3779 5063 συνδοεάζεται.
3817 5003 3890 5055 ΕΞ

2289 5093 2344 5144 δὲ
2376 5090 2531 5143 τοῦτο
2568 5088 2782 5151 ἀσεϐὲς,
2819 5089 2913 5157 μία
2948 5089 3050 5159 γὰρ
3080 5088 3267 5159 θεότης
3298 5090 3393 5160 τῆς
3430 5090 3590 5157 ἀγίας
3620 5092 3890 5160 Τριάδος,

2295 5182 2390 5249 μία
2438 5178 2739 5245 δοξολογία,
2778 5179 3099 5248 κυριότηςή
3148 5180 3318 5247 αὐτὴ,
3366 5179 3467 5231 οὐκ
3502 5182 3741 5249 εὐλόγως
3795 5187 3892 5247 είς

2288 5272 2575 5346 διαφόρους
2617 5269 2802 5329 οὐσίας
2834 5270 3092 5338 σχίζεται.
3145 5271 3268 5331 Πῶς
3298 5271 3353 5322 δὲ
3388 5272 3486 5323 οὐκ
3521 5274 3724 5325 ἄτοπον
3778 5275 3888 5328 τοῦ

2290 5364 2499 5434 Πατρὸς
2559 5363 2708 5425 ὖντος
2740 5360 2931 5423 ἀϊδίου,
2981 5362 3067 5413 τὸν
3121 5362 3534 5431 συγκαθήμενον
3589 5366 3740 5436 αὐτῷ
3780 5370 3889 5421 καὶ

2290 5452 2755 5523 συμόασιλεύοντα
2804 5452 2973 5517 Λόγον
3028 5451 3296 5521 τολμῆσαι
3348 5451 3524 5520 λέγειν
3575 5456 3675 5508 οὐκ
3732 5450 3888 5510 εἶναι

2290 5546 2386 5615 μέν
2421 5560 2582 5596 ποτε·
2624 5542 2993 5609 ὲπιγεγονέναι
3028 5542 3081 5594 δὲ
3133 5542 3378 5613 ὕστερον,
3428 5544 3521 5598 καὶ
3560 5544 3888 5615 πρόσφατον

2286 5640 2415 5707 ἡμῖν
2447 5633 2794 5705 εἰσφέρεσθαι
2832 5632 2962 5686 Θεόν
2987 5652 3000 5699 ;
