4048 6426
192 375 259 434 49
1601 379 2041 438 TllESA-URUS.
3389 378 3462 434 50

874 495 1085 550 AAAO.

2549 493 2780 548 ALIUD.

259 602 416 673 Πηγὴ
447 605 639 672 σοφίας
679 606 773 660 καὶ
807 603 955 684 ζωῆς
978 608 1218 664 καλεῖται
1248 611 1340 662 καὶ
1367 609 1512 660 ἐστιν
1541 610 1568 660 6
1606 606 1754 668 956;.

1937 604 2075 660 Fons
2109 606 2385 673 sapientia!
2418 615 2473 660 et
2507 607 2626 661 vitae
2656 616 2882 660 vocatur
2911 597 3078 660 et‘est
3115 605 3276 666 Deus.
3312 604 3449 658 Nam

189 694 283 745 Διὰ
325 695 424 762 μὲν
468 695 577 766 γὰρ
613 696 872 769 Ἱερεμίου
922 699 1086 768 φησίν
1113 717 1128 732 ·
1171 719 1189 750 ι
1230 700 1358 769 Ἐμὲ
1409 697 1762 766 ἐγκατέλιπον

188 783 368 852 πηγὴν
399 783 588 847 ὓδατος
633 786 850 851 ζῶντος.
882 807 900 839 ι
938 790 1048 843 Καὶ
1093 791 1253 845 πάλιν
1275 808 1288 820 ·
1327 808 1345 841 ι
1378 788 1574 858 Θρόνος
1607 787 1764 856 δόξης

187 873 490 942 ὑψωμένος,
519 877 762 948 ἁγίασμα
793 880 970 951 ἡμῶν,
1002 882 1245 954 ὑπομονὴ
1278 881 1509 952 Ἰσραὴλ,
1537 881 1759 950 Κύριος.

187 961 398 1025 Πάντες
433 966 482 1016 οἱ
525 965 915 1033 καταλιπόντες
961 988 1020 1023 σε
1057 972 1624 1042 καταισχυνθήτωσαν,
1663 971 1762 1037 ἀφ-

186 1054 480 1120 εστηκότες
509 1057 600 1108 ἐπὶ
625 1042 725 1126 τῆς
755 1060 877 1136 γῆς.
910 1062 1282 1134 Γραφήτωσαν
1313 1064 1392 1116 ὅτι
1414 1061 1766 1130 ἐγκατέλιπον

188 1142 373 1212 πηγὴν
424 1143 570 1213 ζωῆς
623 1147 714 1200 τὸν
779 1149 996 1220 Κύριον.
1031 1169 1047 1200 ι
1104 1150 1202 1204 Διὰ
1255 1151 1312 1203 δὲ
1367 1150 1459 1203 τοῦ
1516 1149 1763 1218 Βαρούχ’

193 1248 211 1278 ι
255 1230 676 1297 Ἐγκατελίπετε
707 1237 804 1306 τὴν
837 1238 1017 1308 πηγὴν
1047 1239 1143 1310 τῆς
1173 1240 1382 1306 σοφίας.
1418 1258 1434 1290 ι
1477 1236 1631 1291 Οὑτω
1661 1237 1766 1289 τοί-

185 1336 280 1371 νυν
323 1321 476 1386 aveo;
527 1343 584 1378 τε
624 1327 713 1380 καὶ
764 1328 1096 1400 καλουμένου
1131 1330 1224 1384 τοῦ
1263 1329 1419 1393 Θεοῦ,
1474 1327 1767 1381 ἀκόλουθόν

185 1411 302 1462 ἐστι
339 1414 404 1481 τῇ
456 1417 604 1484 πηγῇ
653 1416 752 1486 τῆς
788 1418 979 1487 σοφίας
1035 1421 1400 1490 συνυπάρχειν
1445 1419 1513 1472 τὰ
1561 1417 1620 1481 ἐξ
1664 1419 1764 1470 αύ-

185 1501 281 1571 τῆς
303 1519 315 1530 ·
347 1505 470 1556 ἐπεὶ
497 1507 596 1558 οὑκ
627 1508 692 1561 ἂν
724 1509 810 1579 εἴη
843 1511 994 1582 πηγὴ
1040 1511 1204 1582 μηδὲν
1237 1511 1630 1575 ἀναϐλύζουσα.
1662 1511 1768 1563 Οὑ-

187 1593 316 1646 κοῧν
357 1596 416 1648 ὲν
453 1598 530 1667 τῷ
566 1600 780 1668 λέγειν’
815 1599 926 1656 Ἦν
969 1604 1067 1656 ὅτε
1099 1606 1212 1658 οὐκ
1255 1600 1334 1674 ἦν
1390 1604 1548 1669 Υἱὸς,
1596 1605 1623 1656 6
1679 1603 1768 1654 λέ-

187 1706 330 1755 γων-
375 1692 515 1760 Ἐγώ
554 1695 668 1763 εἰμι
697 1695 728 1764 ἡ
773 1692 906 1764 ζωὴ,
939 1696 1031 1747 καὶ
1067 1695 1176 1762 ἐγὼ
1206 1698 1238 1766 ἡ
1286 1695 1466 1764 σοφία,
1496 1693 1737 1760 κατεσκή

1872 713 1966 768 per
2005 698 2292 753 Jeremiam
2342 699 2411 752 ita
2459 699 2536 753 ait
2583 718 2594 754 :

1870 804 2023 857 aqua
2049 789 2265 842 vivae".
2300 807 2318 840 ι
2357 789 2422 842 Ει
2453 805 2666 842 rursum
2703 805 2717 842 :
2758 808 2775 839 ι
2811 787 3063 842 Thronus
3093 786 3276 854 gloria:
3302 785 3454 839 exal-

1873 889 2033 944 tatus,
2065 881 2421 937 sanctificatio
2454 891 2657 947 nostra,
2689 880 3025 949 exspectatio
3058 879 3243 942 Israel,
3279 877 3458 932 Domi—

1873 989 1991 1028 nus.
2041 973 2376 1028 Erubescant
2422 989 2608 1028 omnes
2654 974 2744 1042 qui
2794 973 3130 1040 reliquerunt
3178 979 3250 1034 te,
3303 983 3456 1023 rece-

1873 1062 2058 1115 dentes
2101 1077 2130 1114 a
2177 1072 2338 1116 terra.
2385 1062 2705 1116 Scribantur
2744 1062 3000 1134 quoniam
3046 1059 3459 1127 tlereliqtterunt

2647 717 2664 749 ι
2721 697 3079 766 Reliquerunt
3124 712 3209 750 me
3256 695 3458 750 fontem

1876 1151 2075 1207 fontem
2109 1153 2232 1207 vitae
2268 1152 2553 1208 Dominum
2573 1154 2640 1206 ιτ.
2681 1171 2698 1204 ι
2735 1153 2799 1207 Et
2833 1166 2928 1218 per
2957 1150 3167 1204 Baruch
3205 1168 3218 1203 :
3255 1168 3273 1200 ι
3312 1147 3456 1202 Fon—

1876 1253 1981 1298 tem
2026 1245 2304 1311 sapientiae
2342 1244 2710 1314 dereliquistis
2730 1243 2797 1296 ⁸⁸.
2847 1262 2864 1294 ι
2907 1243 3040 1298 Cum
3089 1243 3270 1311 itaque
3311 1241 3458 1312 ejus-

1876 1335 2017 1390 modi
2062 1337 2133 1388 sit
2173 1355 2227 1390 et
2266 1347 2487 1391 vocetur
2528 1337 2691 1402 Deus,
2737 1349 3079 1403 consequens
3122 1343 3207 1387 est
3252 1342 3311 1387 ut
3351 1349 3455 1386 una

1876 1440 1998 1477 cum
2031 1423 2176 1480 fonte
2207 1425 2473 1480 exsistant
2502 1441 2622 1495 quae
2649 1441 2712 1478 ex
2741 1439 2806 1480 eo
2834 1434 3072 1478 manant.
3101 1423 3286 1491 Neque
3313 1425 3456 1476 enim

1879 1517 2037 1571 fuerit
2082 1517 2202 1573 fons
2243 1519 2343 1572 nisi
2391 1527 2592 1573 manet.
2636 1518 2875 1573 Dicendo
2919 1518 3084 1587 igitur
3124 1535 3137 1570 :
3185 1515 3316 1569 Erat
3361 1515 3457 1569 ali-

1875 1613 2085 1678 quando
2132 1608 2340 1677 quando
2386 1626 2487 1662 non
2539 1618 2652 1663 erat
2704 1607 2907 1670 Filius,
2957 1609 3047 1676 qui
3101 1607 3232 1660 dicit
3284 1624 3297 1660 :
3350 1605 3460 1674 Ego

1876 1714 1992 1752 sum
2024 1700 2163 1762 vita,
2196 1709 2249 1753 et
2281 1713 2382 1768 ego
2414 1698 2688 1767 Sapientia
2721 1699 2955 1754 habitavi
2992 1698 3043 1750 in
3078 1696 3347 1760 consiliis,
3381 1695 3461 1749 fa—

185 1797 331 1834 νωσα
375 1781 589 1853 βουλὴν,
624 1789 1002 1855 συνομολογεῖν
1035 1787 1147 1840 ἔστι
1183 1787 1368 1854 σαφῶς
1417 1786 1584 1855 ξηράν
1634 1801 1764 1836 ποτε

1880 1791 2094 1844 tendum
2130 1792 2352 1845 omnino
2383 1791 2488 1845 erit
2522 1790 2724 1845 siccum
2761 1799 2923 1860 atque
2957 1789 3301 1844 infecundum
3341 1801 3461 1841 esse

185 1875 279 1925 καὶ
309 1874 500 1942 ἱγονον
529 1874 665 1930 εἶναι
704 1879 801 1949 τὴν
831 1881 1030 1952 πηγὴν.
1063 1881 1127 1932 Ei
1155 1879 1210 1932 δὲ
1242 1879 1398 1933 τοῦτο
1436 1880 1648 1942 ἀσεϐὲς,
1680 1879 1766 1930 ἀεὶ

184 1963 291 2034 γὰρ
321 1969 660 2036 καρπογόνος
686 1971 717 2040 ἡ
767 1971 883 2024 θεία
914 1971 1094 2040 φύσις,
1124 1974 1216 2025 καὶ
1253 1973 1404 2024 οὐδὲν
1446 1973 1502 2024 ὲν
1534 1972 1668 2042 αὑτῇ
1709 1969 1768 2023 τὺ

184 2058 388 2124 καινὸν,
418 2054 485 2129 ἦν
512 2061 620 2131 ἄρα
651 2061 728 2132 τῷ
764 2064 1106 2134 Γεννήσαντι
1138 2065 1404 2126 συναῖδιος
1438 2067 1465 2116 6
1509 2063 1566 2127 ἐξ
1601 2061 1766 2116 αὑτοῦ

182 2149 404 2218 γνήσιος
432 2152 622 2219 Λόγος,
650 2153 838 2226 ὥσπερ
865 2157 972 2208 ἀπό
1001 2173 1145 2219 τινος
1174 2157 1355 2227 πηγῆς
1383 2157 1480 2226 τῆς
1511 2153 1769 2226 πατρῴας

183 2238 504 2303 ἀναϐλύζων
532 2243 742 2306 οὐσίας.

511 2357 716 2410 ΑΛΛΟ.
749 2361 852 2425 Εἰς
883 2360 948 2412 τὸ
981 2361 1127 2414 αὐτὸ
1162 2361 1434 2416 πιθανόν.

266 2463 693 2532 Ἐπαγγέλλεται
744 2471 988 2541 ποιήσειν
1016 2474 1043 2524 6
1085 2471 1215 2534 Θεὸς
1265 2474 1388 2535 τοὺς
1419 2471 1770 2536 δουλεύοντας

183 2554 351 2624 «sua.
381 2557 459 2620 ὡς
495 2561 676 2630 πηγὴν
707 2562 773 2630 ἢν
806 2563 880 2633 μὴ
923 2563 1167 2628 ἐξέλιπεν
1210 2563 1370 2635 ὕδωρ.
1399 2565 1554 2625 Οὑτω
1593 2583 1652 2618 τε
1681 2565 1771 2618 διὰ

183 2647 274 2700 τοῦ
339 2653 621 2718 προφήτου
667 2656 830 2723 φησὶν
884 2657 1142 2709 Ἡσαΐου’
1198 2676 1216 2708 ι
1246 2659 1353 2710 Καὶ
1407 2658 1771 2729 ὲμπλησϐἡσῃ

185 2739 438 2810 καθάπερ
466 2743 776 2814 ἐπιθυμεῖὴ
805 2745 946 2816 ψυχή
976 2765 1090 2810 σου,
1117 2750 1209 2800 καὶ
1235 2750 1303 2802 τὰ
1327 2750 1462 2802 ὀστᾶ
1490 2767 1582 2801 σου
1613 2766 1771 2802 πιαν-

184 2833 410 2902 Θήσεται
431 2850 445 2863 ·
478 2835 570 2890 καὶ
606 2835 756 2888 ἔσται
789 2837 864 2900 ὠς
908 2842 1082 2909 κῆπος
1116 2841 1351 2910 μεθύων,
1392 2843 1485 2894 καὶ
1514 2841 1588 2903 ὼς
1621 2841 1770 2911 πηγὴ

183 2917 250 2991 ἦς
279 2923 356 2992 μὴ
385 2922 632 2987 ἐξέλιπεν
661 2927 857 3000 ὕδωρ.)
886 2931 1070 2984 Ταῦτα
1105 2932 1197 2984 τοὺ
1230 2932 1366 2985 Θεοῦ
1413 2934 1656 3001 ποιήσειν
1686 2932 1771 2984 ἐπ’

185 3011 491 3081 ἀνθρώπων
548 3017 995 3091 ὑπισχνουμένου,
1050 3023 1167 3084 πῶς
1226 3023 1286 3076 οὑ
1323 3023 1505 3094 πάσης
1550 3023 1614 3074 ἂν
1665 3017 1774 3074 εἷεν

187 3103 445 3167 ἀσεϐείας
492 3107 812 3174 ὑπεύθυνοι,
843 3113 890 3164 οἱ
925 3113 1022 3182 τὴν
1055 3112 1206 3164 Θείαν
1248 3113 1465 3183 ἐκείνην
1517 3114 1608 3165 καὶ
1637 3112 1776 3181 ἀκή-

1877 1879 2100 1932 fontem.
2139 1878 2194 1932 Si
2237 1893 2362 1934 vero
2405 1881 2506 1933 hoc
2545 1879 2768 1947 impium
2812 1887 2923 1943 est,
2963 1877 3191 1932 fecunda
3227 1877 3370 1930 enim
3407 1887 3460 1931 ct

1878 1967 2152 2024 fructifera
2186 1984 2399 2039 semper
2431 1976 2513 2024 est
2553 1969 2732 2023 divina
2770 1978 2990 2030 natura,
3030 1967 3274 2035 nihilque
3308 1967 3358 2020 in
3393 1981 3459 2020 ea

1878 2059 2055 2125 inane,
2085 2069 2201 2114 erat
2232 2061 2416 2131 utique
2444 2069 2772 2116 comternum
2805 2059 2951 2113 Patri
2982 2057 3213 2112 Verbum
3247 2073 3310 2112 ex
3344 2058 3463 2127 ipso

1876 2152 2136 2220 genitum,
2165 2165 2195 2206 e
2221 2160 2444 2221 paterna
2474 2153 2707 2207 essentia
2735 2150 2898 2206 veluti
2933 2151 3460 2219 l'ontepromanans.

2129 2353 2240 2422 28
2280 2350 2517 2414 ALIUD,
2557 2333 2791 2419 ejusdem
2833 2351 2906 2405 rei
2945 2349 3199 2420 probatio.

1947 2466 2218 2523 Promittit
2251 2467 2393 2521 Deus
2423 2466 2691 2520 facturum
2723 2481 2780 2520 se
2813 2479 2908 2520 eos
2937 2465 3027 2534 qui
3060 2465 3160 2531 ipsi
3192 2462 3460 2524 serviunt,

1879 2557 2024 2612 velut
2054 2557 2274 2619 fontem,
2306 2554 2462 2622 cuius
2497 2571 2635 2624 aqua
2670 2571 2945 2625 nunquam
2980 2556 3180 2609 deficit.
3211 2553 3284 2606 lta
3317 2551 3460 2606 enim

1877 2664 1974 2713 per
1998 2649 2147 2702 Isaiae
2174 2647 2448 2717 prophetae
2470 2659 2658 2702 vocem
2688 2650 2763 2700 alt
2792 2664 2805 2700 :
2841 2664 2860 2697 ι
2897 2645 2956 2699 Et
2989 2645 3298 2713 impleheris
3324 2644 3463 2697 sicut

1878 2741 2056 2796 anima
2100 2750 2186 2794 tua
2227 2737 2532 2800 desiderat,
2570 2749 2624 2791 et
2669 2737 3023 2807 pinguescent
3063 2750 3184 2790 ossa
3231 2743 3319 2788 tua
3360 2751 3371 2786 :
3410 2743 3462 2788 et

1879 2841 2038 2887 erunt
2081 2830 2232 2899 quasi
2278 2829 2469 2884 hortus
2518 2829 2792 2898 irriguus,
2840 2840 2894 2882 et
2935 2827 3098 2881 veluti
3148 2826 3268 2880 fons
3310 2825 3466 2892 cujus

1880 2937 2015 2991 aqua
2039 2936 2145 2976 non
2165 2919 2340 2974 deﬁcit
2366 2918 2431 2971 δ’.
2455 2937 2472 2969 ι
2501 2916 2626 2972 Haec
2658 2933 2779 2973 cum
2805 2915 2948 2972 Deus
2979 2917 3031 2971 itt
3066 2915 3374 2970 hominibus
3404 2928 3463 2968 se

1883 3015 2244 3087 prrestitnrnm
2283 3012 2592 3081 promittat,
2626 3026 2733 3080 quo
2767 3020 2921 3075 pacto
2951 3023 3055 3063 non
3085 3003 3328 3062 extre'me
3363 3005 3470 3059 im-

1883 3107 1954 3175 pii
1996 3102 2251 3160 censendi
2293 3112 2444 3167 sunt,
2482 3103 2572 3171 qui
2611 3101 2854 3156 divinum
2892 3100 3038 3154 illum
3077 3109 3236 3169 atque
3274 3111 3469 3167 peren-

189 3211 354 3264 ρατον
387 3197 568 3267 πηγὴν
603 3199 770 3270 ξηράν
817 3220 947 3255 ποτε
998 3204 1326 3274 γεγενῆσθαι
1369 3204 1647 3271 λέγοντες·
1688 3203 1771 3255 ἵνα

1883 3212 2003 3252 nem
2038 3195 2273 3258 fontem,
2306 3180 2511 3248 siceum
2546 3191 2838 3261 aliquando
2871 3190 3037 3245 fuisse
3067 3191 3286 3252 dicunt,
3320 3199 3376 3243 ut
3409 3195 3466 3242 et

189 3287 283 3338 καὶ
326 3287 631 3360 ἀνθρώπων
659 3291 908 3364 δεύτερος
956 3297 1212 3366 φαίνηται
1245 3297 1412 3360 Θεύςς
1444 3298 1504 3348 Εἰ
1537 3296 1592 3348 δὲ
1618 3295 1775 3348 τοῦτο

187 3378 410 3442 ἄτοπον,
443 3376 511 3451 ἦν
544 3382 652 3452 ἄρα
682 3385 738 3435 ἐν
766 3389 830 3456 τῇ
863 3391 1014 3457 πηγῆ
1045 3388 1105 3440 τὸ
1138 3389 1280 3460 ὕδωρ
1309 3390 1407 3460 τῆς
1438 3389 1584 3459 ζωῆς
1616 3391 1710 3441 καὶ
1741 3392 1774 3460 ἡ

188 3468 247 3534 ἐξ
274 3471 448 3542 αὐτῆς
479 3475 657 3541 σοφία,
691 3478 968 3532 τουτέστιν
994 3482 1022 3533 6
1051 3481 1197 3544 Υἱός.

367 3653 574 3719 ΔΛΛΟ,
603 3655 701 3709 διὰ
740 3656 847 3726 τῆς
875 3661 960 3725 εἰς
990 3660 1216 3714 ἄτοπον
1250 3663 1593 3734 ἀπαγωγῆς.

260 3764 578 3836 Γέγραπται
598 3784 613 3797 ο
654 3789 672 3822 ι
700 3765 795 3834 Εἷς
823 3773 954 3837 Θεὸς
982 3775 1010 3826 6
1043 3776 1251 3848 Πατὴρ,
1283 3778 1342 3842 ἐξ
1381 3775 1442 3832 οὗ
1471 3780 1538 3833 τὰ
1573 3783 1774 3846 πάντα,

186 3857 283 3908 καὶ
305 3859 470 3946 ᾗμεῖς
493 3859 572 3922 εἰς
609 3861 768 3914 αὐτόν
785 3881 797 3893 ·
829 3865 922 3917 καὶ
945 3859 1024 3928 εἷς
1051 3867 1255 3939 Κύριος
1288 3871 1494 3946 Ἰησοξς
1518 3874 1774 3943 Χριστὸς.

185 3946 254 3996 δι’
276 3940 338 3999 οὗ
371 3948 440 4001 τὰ
475 3949 672 4016 πάντα,
697 3955 789 4006 καὶ
830 3957 989 4025 ἡμεῖς
1011 3955 1075 4010 δι’
1103 3959 1288 4024 αὑτοῦ,
1320 3980 1336 4010 ι
1355 3940 1485 4016 ἀλλ’
1515 3940 1666 4028 εἴ-τις
1691 3964 1778 4017 τὸν

185 4037 251 4090 δι’
280 4035 341 4092 οὑ
378 4041 447 4094 (α
480 4041 657 4096 πάντα
689 4045 930 4114 γέγονεν,
962 4049 1056 4101 ’ἐνα
1090 4050 1198 4103 τῶν
1245 4054 1461 4106 πάντων
1501 4050 1639 4108 εἶναι
1688 4055 1777 4108 λέ-

185 4149 296 4199 γοι,
324 4132 387 4184 τὸ
418 4134 626 4188 κωλύον
659 4137 833 4200 οὐδὲν,
879 4141 972 4192 καὶ
1001 4141 1093 4194 τὸν
1137 4142 1195 4207 ἐξ
1233 4137 1294 4196 οὗ
1341 4143 1411 4197 τὰ
1456 4146 1632 4198 πάντα
1667 4149 1778 4210 τοῖς

185 4224 370 4287 αὑτοῖς
403 4225 727 4280 ὑποϐάλλειν
763 4229 1156 4302 συλλογισμοῖς.
1187 4235 1248 4286 Ei
1281 4235 1338 4287 δὲ
1369 4234 1527 4288 τοῦτο
1555 4237 1773 4304 ἀσεϐὲς,

184 4315 309 4368 οὑδὲ
340 4317 369 4368 6
405 4316 533 4380 Υἱὸς
565 4317 623 4370 ἓν
663 4317 808 4372 ἕ-σςαι
852 4321 958 4374 τῶν
1000 4323 1234 4389 πάντων,
1271 4325 1338 4378 δι’
1379 4318 1438 4377 οὗ
1488 4326 1556 4379 τὰ
1600 4330 1778 4382 πάντα

185 4407 432 4475 γέγονεν,
457 4409 625 4472 ἀῖδιος
648 4406 758 4465 οὖν.
780 4413 835 4466 ’0
865 4415 970 4484 γὰρ
1006 4415 1141 4478 ὅλως
1179 4417 1239 4468 τὸ
1273 4412 1409 4470 εἶναι
1448 4419 1652 4488 κτίσμα
1685 4421 1779 4473 καὶ¹

1884 3287 2151 3351 secundus
2181 3284 2402 3354 quidam
2435 3284 2716 3338 hominum
2751 3282 2892 3338 Deus
2927 3297 3049 3337 esse
3079 3279 3365 3334 videatur?
3395 3280 3466 3333 At

1885 3395 2011 3434 vero
2040 3379 2084 3433 si
2119 3379 2216 3431 hoc
2243 3376 2536 3431 absurdum
2565 3384 2670 3440 est,
2701 3383 2819 3429 erat
2845 3375 3033 3444 utique
3060 3375 3112 3426 in
3147 3372 3294 3427 fonte
3325 3387 3462 3442 aqua

1884 3473 2006 3525 vitae
2044 3479 2098 3526 et
2139 3468 2400 3539 sapientia
2441 3481 2564 3538 qua
2607 3466 2730 3521 inde
2768 3472 3072 3536 promanat,
3115 3465 3217 3520 hoc
3253 3474 3338 3519 est
3377 3463 3469 3517 Fi-

1885 3561 2008 3616 lms.
2060 3646 2299 3712 ALIUD,
2343 3662 2434 3715 per
2471 3646 2824 3699 reductionem
2866 3643 2934 3696 ad
2975 3643 3286 3696 absurdum.

1957 3761 2233 3830 Scriptum
2261 3769 2343 3816 est
2372 3776 2385 3812 :
2420 3777 2439 3810 ι
2473 3757 2622 3814 Unus
2651 3756 2793 3812 Deus
2820 3755 3002 3822 Pater,
3029 3772 3093 3810 ex
3124 3771 3234 3824 quo
3262 3755 3466 3818 omnia,

1885 3860 1939 3908 et
1965 3867 2062 3906 nos
2089 3851 2139 3904 in
2168 3852 2285 3920 ipso
2313 3868 2326 3903 :
2355 3856 2407 3902 et
2438 3861 2579 3902 unus
2607 3847 2867 3901 Dominus
2893 3845 3049 3902 Jesus
3074 3847 3345 3908 Christus,
3372 3861 3468 3913 per

1885 3957 2044 4010 quem
2081 3943 2258 3996 omnia
2281 3979 2295 4005 ,
2328 3950 2382 3995 et
2419 3956 2514 3995 nos
2552 3954 2646 4007 per
2676 3939 2847 4008 ipsum
2871 3937 2949 4001 l"‘;
2989 3957 3005 3988 ι
3048 3939 3092 3991 si
3128 3938 3248 4007 quis
3285 3949 3465 3992 autem

1887 4035 2034 4089 illum
2062 4049 2160 4102 per
2183 4047 2341 4103 quem
2369 4033 2548 4087 omnia
2582 4031 2724 4086 facta
2756 4039 2903 4094 siml,
2932 4045 3093 4083 unum
3123 4045 3187 4083 ex
3216 4028 3467 4084 omnibus

1886 4141 2006 4181 esse
2053 4127 2229 4190 dicat;
2284 4124 2418 4178 nihil
2467 4123 2644 4178 oberit
2687 4121 2978 4192 quominus
3021 4122 3182 4176 etiam
3230 4137 3352 4175 eum
3401 4137 3464 4174 ex

1885 4233 1994 4288 quo
2022 4218 2237 4282 omnia,
2271 4217 2458 4271 eodem
2493 4217 2544 4268 in
2576 4215 2765 4269 ordine
2795 4229 2916 4266 cum
2943 4213 3199 4267 omnibus
3231 4212 3466 4266 colloce—

1889 4328 2026 4366 mus.
2057 4310 2112 4365 Si
2141 4324 2268 4364 vero
2300 4309 2351 4363 id
2383 4307 2666 4363 manifeste
2699 4307 2925 4375 impium
2956 4316 3057 4372 est,
3094 4319 3267 4374 neque
3299 4305 3466 4359 Filius

1887 4418 2049 4455 tntum
2080 4402 2182 4455 erit
2206 4417 2269 4454 ex
2297 4399 2578 4462 omnibus,
2608 4414 2705 4468 per
2730 4415 2888 4468 quem
2921 4399 3101 4453 omnia
3133 4399 3273 4454 facta
3305 4410 3464 4462 sunt,

188 4497 406 4565 ποίημα
430 4499 827 4568 διαπεφευειγῖις,
857 4504 956 4556 οὑκ
982 4505 1039 4557 ὲν
1061 4509 1170 4568 τοῖς
1200 4507 1362 4560 πᾶσιν
1385 4506 1480 4572 ὣν,
1505 4508 1618 4561 ἀλλ’
1639 4509 1771 4580 ὑπὲρ

1887 4505 2119 4548 aeternus
2157 4493 2359 4561 itaque.
2395 4493 2439 4544 A
2475 4507 2580 4560 quo
2614 4494 2758 4546 enim
2796 4491 2848 4546 in
2888 4491 3198 4544 universum
3245 4491 3296 4543 id
3338 4491 3468 4544 alic-

188 4587 372 4639 πάντα
403 4589 499 4640 καὶ
533 4590 625 4642 ἐπὶ
660 4592 874 4645 πάντων
905 4593 1035 4656 Θεὸς
1066 4594 1408 4665 νοηοήσεται.

567 4875 747 4926 ΑΛΑΑ
782 4875 946 4929 ἁπλᾶ
987 4894 1085 4930 και
1118 4877 1411 4932 ἀπόλυτα.

263 4986 327 5038 Ei
361 4985 479 5053 φῶς
513 4987 660 5040 ἐστιν
695 4987 721 5038 6
759 4986 888 5050 Θεὸς
930 4988 1023 5040 καὶ
1066 4989 1278 5058 Πατὴρ,
1307 4985 1374 5059 ἦν
1404 4990 1491 5043 ἀεὶ
1533 4991 1590 5042 ὲν
1632 4989 1781 5060 αὑτῴ

189 5078 248 5129 τὸ
283 5077 629 5148 ἀπαύγασμα
653 5079 840 5133 αὑτοῦ.
873 5081 934 5132 Ei
970 5081 1255 5151 χαρακτήρ
1291 5082 1437 5134 ἐστιν
1466 5083 1494 5134 6
1521 5082 1652 5144 Υἱὸς
1678 5082 1779 5150 τῆς

189 5169 283 5221 τοῦ
319 5171 530 5238 [ἰατρὸς
576 5172 948 5235 ὑποστάσεως,
981 5173 1122 5226 κατὰ
1158 5173 1252 5244 τὴν
1281 5172 1375 5226 τοῦ
1418 5174 1629 5228 Παύλου
1663 5192 1775 5240 φω-

189 5260 311 5325 νὴν,
342 5261 651 5328 λεγέτωσαν
685 5264 734 5314 οί
769 5264 855 5315 ἐπ’
881 5263 1045 5316 αὑτοῦ
1072 5265 1153 5325 τὸ,
1185 5267 1306 5317 Οὐκ
1344 5262 1438 5334 ἦν,
1473 5264 1782 5335 τολμῶντες

192 5350 402 5421 φέρειν,
443 5353 572 5405 πότε
614 5356 960 5426 χαρακτῆρος
992 5357 1158 5426 χωρὶς
1200 5354 1267 5427 ἦν
1299 5360 1330 5426 ἡ
1363 5358 1656 5421 ὑπόστασις
1690 5357 1779 5410 τοῦ

193 5441 443 5509 Πατρ6;;
481 5442 648 5511 Ὀμοὺ
683 5443 792 5514 γὰρ
827 5447 890 5515 τῇ
922 5445 1216 5499 ὑποστάσει
1247 5449 1341 5500 καὶ
1383 5451 1409 5500 6
1448 5447 1647 5517 ταύτης
1691 5465 1784 5516 χα-

197 5533 411 5602 ρακτὴρ
447 5536 841 5603 συνεισάγεται.
876 5538 936 5590 Ei
975 5538 1202 5608 ἀλήθεια
1242 5541 1334 5593 καὶ
1389 5541 1550 5606 σοφία
1584 5542 1728 5592 ἐστιν
1759 5543 1785 5593 ὁ

265 5709 317 5738 ⁸⁸³
337 5706 538 5762 .lerent.
585 5726 642 5772 ll,
684 5712 761 5766 l3.

881 5713 1140 5769 δτιΙςιήῚιι.
1181 5730 1307 5776 xm,
1366 5717 1445 5770 1-2..
1493 5717 1572 5770 15.

196 5777 235 5804 θ’
277 5778 435 5830 llelir.
476 5795 513 5842 I,
556 5779 608 5831 5.

1691 5715 1966 5769 "Baruch
2029 5732 2109 5780 tu,
2157 5715 2236 5767 12.

1889 4605 2050 4650 num,
2081 4598 2140 4641 ut
2167 4602 2300 4656 opus
2331 4596 2424 4638 aut
2454 4594 2702 4639 creatura
2733 4584 2835 4646 sit,
2872 4584 2916 4638 is
2950 4599 3054 4637 non
3087 4597 3224 4636 unus
3254 4598 3317 4637 ex
3352 4597 3467 4637 om-

1889 4681 2068 4743 nibus,
2109 4680 2203 4733 scd
2247 4693 2407 4747 super
2444 4677 2627 4730 omnia
2672 4686 2726 4730 et
2768 4676 2822 4728 in
2872 4674 3122 4728 omnibus
3170 4674 3308 4728 Deus
3348 4689 3466 4728 esse

1888 4772 2215 4838 censebitur.

2179 4879 2336 4935 ΑΗΔ
2375 4880 2638 4949 simplicia
2678 4889 2721 4931 et
2764 4877 3172 4931 imlissolubilia.

1959 4991 2014 5046 Si
2055 4993 2191 5047 Deus
2225 5001 2280 5046 et
2311 4991 2473 5046 Pater
2505 4992 2684 5045 lumen
2719 4999 2831 5053 est,
2864 4998 2981 5045 erat
3014 5004 3228 5059 semper
3260 4989 3312 5043 in
3349 4991 3465 5059 ipso

1886 5084 2064 5137 lumen
2101 5084 2236 5149 ejus.
2270 5079 2328 5135 Si
2361 5082 2532 5136 Filius
2558 5090 2640 5136 est.
2670 5082 2955 5134 character
2987 5081 3102 5136 sive
3135 5079 3309 5135 forma
3341 5082 3467 5134 sub-

1883 5175 2097 5229 stantia-
2133 5173 2340 5236 Patris,
2378 5172 2530 5242 juxta
2567 5171 2718 5226 Pauli
2757 5187 2944 5226 vocem
2969 5173 3042 5236 ³⁸,
3083 5172 3264 5226 dicant
3302 5172 3337 5224 ii
3375 5173 3462 5238 qui

1883 5268 2006 5330 hoc,
2046 5264 2167 5318 Non
2209 5273 2341 5328 erat,
2384 5266 2451 5317 de
2493 5279 2558 5318 eo
2601 5265 2780 5317 dicere
2823 5265 3042 5326 audent,
3079 5263 3294 5331 quando
3338 5263 3467 5315 sub-

1883 5359 2080 5414 stantia
2113 5357 2290 5410 Patris
2323 5357 2527 5422 absque
2557 5372 2654 5410 sno
2687 5356 3003 5408 charactere
3033 5355 3340 5409 exstiterit?
3375 5355 3464 5409 Si-

1887 5449 1997 5503 mul
2031 5449 2174 5501 enim
2209 5463 2332 5502 cum
2368 5447 2666 5501 substantia
2703 5448 2866 5501 etiam
2901 5449 3185 5502 character
3217 5448 3336 5518 ejus
3380 5449 3463 5500 in-

1887 5539 2122 5592 ducitur.
2145 5537 2200 5591 Si
2226 5538 2423 5592 vcritas
2446 5545 2497 5589 et
2521 5538 2782 5606 sapientia
2807 5547 2890 5591 est
2911 5537 3103 5602 Filius,
3122 5539 3337 5606 quando
3359 5552 3464 5592 non

2353 5716 2394 5744 ⁵’
2432 5715 2532 5768 lsa.
2570 5729 2722 5774 LVIII,
2759 5715 2836 5768 ll.
2955 5715 2997 5747 ⁸ο
3037 5713 3053 5767 l
3093 5714 3214 5768 (lor.
3255 5729 3368 5778 νιιι,
3409 5712 3461 5769 6.
