4048 6436
317 400 385 452 51
1728 394 2169 452 THESAURUS.
3513 390 3582 445 58

318 518 437 570 ἔστι
468 517 559 569 τοῦ
594 515 892 577 ποιοῦντος,
927 514 1065 567 ἀλλὰ
1095 515 1285 584 τέχνης
1315 513 1554 584 εὕρημα·
1590 512 1700 583 ἠδὲ
1732 513 1895 582 τέχνη

2002 512 2126 576 lius,
2146 510 2305 565 simul
2336 523 2404 585 ac,
2427 507 2618 569 Filius.
2652 506 2835 559 statim
2863 514 2918 559 et
2938 501 3127 565 Pater,
3149 516 3322 570 neque
3352 504 3582 558 alterum

323 607 481 674 φύσις
511 607 609 659 οὐκ
632 604 798 667 ἐστιν,
834 605 947 682 sax
972 605 1029 657 ἓν
1056 605 1165 657 τῶν
1197 608 1263 674 τῇ
1314 603 1473 672 φύσει
1520 604 1895 675 προσόντων),

325 698 441 760 πῶς
466 715 606 761 τινες
625 699 717 750 ἐπὶ
746 697 879 758 Θεοῦ
905 698 978 759 ὼς
1001 696 1194 749 ταυτὸν
1218 683 1532 765 εἰσφέροοσι
1564 695 1776 767 ποίημα
1805 696 1900 748 καὶ

324 787 589 857 γέννημα,
632 788 849 858 Πατέρα
886 787 1143 841 δύνασθαι
1192 786 1380 840 καλεῖν
1419 786 1671 854 λέγοντες
1698 787 1859 840 αὐτὸν
1881 830 1896 852 ,

325 880 420 933 καὶ
456 881 555 933 οὐκ
588 880 733 943 ὄντος
762 878 931 943 Υἰοῦς
962 878 1178 949 Ἐπειδὴ
1208 879 1299 930 καὶ
1323 877 1656 948 δημιουργὸς
1686 878 1900 949 ὑπῆρχε

326 972 434 1042 πρὸ
465 972 571 1024 τῶν
604 972 1121 1042 δημιουργημιὴων.
1151 971 1375 1038 Ὅμοιον
1410 970 1519 1039 γάρ
1557 971 1703 1022 ἐστιν
1745 970 1822 1033 ὡς
1852 969 1907 1022 εῐ

324 1079 408 1123 τις
436 1062 639 1115 καὶτὸν
672 1061 1017 1132 ναυπηγικὴν
1051 1062 1247 1133 ἔχοντα
1300 1060 1516 1131 τέχνην,
1550 1060 1770 1132 Πατέρα
1803 1077 1903 1114 κα-

323 1148 444 1221 λοίη
478 1154 571 1205 καὶ
608 1153 682 1223 μὴ
722 1151 874 1216 ὄντος
908 1150 1063 1206 Υῑοῦ·
1095 1153 1218 1206 ἐπεὶ
1269 1153 1365 1205 καὶ
1418 1152 1700 1220 ναυπηγός
1756 1152 1903 1204 ἐστιν

324 1226 451 1296 ὅσον
478 1247 555 1308 εἰς
576 1245 674 1316 τὴν
695 1244 909 1315 τέχνην,
928 1246 1024 1299 καὶ
1050 1245 1146 1316 τὴν
1175 1244 1267 1298 τοῦ
1298 1244 1559 1311 δύνασθαι
1589 1245 1761 1296 ποιεῖν
1792 1245 1904 1296 ἐπι-

326 1336 646 1405 τηδειότητα
679 1336 813 1409 ἔχει,
836 1338 931 1391 καὶ
962 1339 1010 1390 εἰ
1032 1339 1104 1408 μή
1134 1337 1298 1390 meo
1316 1336 1525 1405 σκάφος
1558 1336 1901 1389 κατεσκεύα-

329 1445 443 1483 σεν.
485 1429 624 1481 Ἀλλ’
656 1431 684 1482 6
713 1428 956 1493 τοιοῦτος
998 1428 1278 1500 ναυπηγὸς
1325 1429 1424 1499 μὲν
1474 1428 1645 1489 ἔσται,
1678 1427 1771 1480 καὶ
1798 1425 1903 1496 πρὸ

323 1519 420 1575 τοῦ
453 1521 690 1591 σκάφους
717 1521 802 1574 διὰ
832 1521 931 1590 τὴν
956 1520 1171 1591 τέχνην.
1206 1519 1395 1590 Πατὴρ
1421 1519 1475 1571 δὲ
1505 1516 1687 1571 οὐκέτι
1717 1518 1789 1586 μή
1806 1503 1904 1569 πώ

324 1611 612 1677 γεγονότος
627 1610 722 1664 τοῦ
742 1610 876 1664 δι’ὄν
899 1612 1050 1663 ἔσται
1073 1612 1278 1681 πατήρ.
1294 1609 1406 1662 Καὶ
1423 1608 1488 1661 τὰ
1513 1609 1610 1679 μὲν
1629 1608 1906 1677 ποιήματα

325 1700 423 1753 καὶ
454 1702 527 1771 μὴ
548 1701 809 1769 γεγονότα
835 1701 936 1753 οὐκ
958 1700 1173 1770 ἀναιρεῖ
1204 1699 1264 1751 τὸ
1303 1696 1563 1751 δύνασθαί
1611 1713 1731 1749 τινα
1764 1691 1902 1748 εἶναι

324 1794 578 1860 ποιητήν·
602 1794 630 1845 6
657 1791 714 1845 δὲ
770 1791 882 1855 υἱὸς
912 1789 1062 1845 οὔπω
1100 1790 1408 1861 γενόμενος,
1444 1789 1729 1859 ἀναιρήσει
1764 1786 1902 1840 πάν·

2000 602 2205 669 absqne
2271 598 2441 652 altero
2492 595 2714 665 intelligi
2760 604 2955 663 potest.
3005 592 3154 662 Opus
3192 603 3372 646 autem
3415 593 3583 648 etiam

2001 708 2120 764 post
2154 693 2526 749 exsisteutiam
2557 691 2767 758 Opificis
2793 689 2963 757 possit
2992 688 3164 743 videri
3192 688 3402 756 (neque
3428 703 3577 741 enim

1999 794 2083 840 est
2116 799 2178 839 ex
2213 794 2402 838 natura
2431 782 2665 850 opiﬁcis,
2696 780 2789 834 sed
2815 782 2949 833 artis
2991 779 3271 832 inventum
3306 798 3319 831 :
3366 792 3460 833 ars
3483 793 3583 831 au-

2002 886 2110 930 tem
2143 889 2245 927 non
2283 882 2364 926 est
2396 880 2613 933 natura,
2642 870 2735 923 sed
2773 883 2939 921 unum
2989 866 3192 937 aliquid
3224 882 3413 921 eorum
3463 882 3583 934 qua:

2001 962 2495 1031 naturzeinsunt);
2551 960 2786 1030 quonam
2837 968 2996 1028 pacto
3058 957 3300 1013 nonnulli
3357 958 3410 1011 in
3474 956 3584 1011 Deo

2002 1066 2259 1125 tanquam
2285 1056 2426 1125 idem
2461 1062 2705 1108 statuunt
2730 1052 2932 1107 factum
2961 1060 3016 1106 et
3041 1050 3308 1120 genitum,
3334 1048 3580 1103 dicentes

2001 1164 2161 1218 posse
2194 1162 2317 1202 eum
2342 1132 2520 1200 iocari
2552 1144 2793 1205 Patrem.
2819 1143 2982 1196 etiam
3012 1152 3120 1195 non
3158 1134 3462 1194 exsistente
3499 1138 3585 1193 Fi-

2002 1239 2111 1294 lio?
2135 1237 2412 1307 Siquidem
2439 1244 2492 1289 et
2539 1232 2718 1304 opifex
2747 1233 2962 1287 exsistit
3008 1243 3137 1286 ante
3164 1229 3400 1300 opificia.
3440 1229 3579 1284 Per-

2002 1330 2126 1385 inde
2186 1328 2329 1383 enim
2359 1335 2443 1381 est
2475 1340 2539 1381 ac
2590 1325 2634 1380 si
2670 1324 2793 1393 quis
2818 1337 2940 1378 eum
2982 1323 3074 1392 qui
3129 1330 3247 1375 arte
3278 1320 3578 1375 fabricandi

2004 1435 2167 1476 naves
2189 1418 2447 1489 praeditus
2498 1418 2590 1484 sit,
2632 1424 2843 1485 patrem
2878 1427 3076 1469 vocare
3142 1413 3377 1467 voluerit
3404 1413 3575 1467 etiam

2004 1528 2110 1567 non
2147 1511 2444 1565 exsistente
2470 1508 2604 1574 ﬁlio,
2623 1507 2882 1577 quoniam
2937 1515 2991 1560 et
3040 1504 3337 1560 fabricator
3365 1506 3585 1559 navium

2004 1612 2087 1658 est
2106 1611 2368 1673 quantum
2394 1600 2586 1654 attinet
2611 1599 2679 1653 ad
2701 1604 2895 1662 artem,
2920 1606 2975 1652 et
2996 1595 3305 1650 facultatem
3330 1592 3585 1648 babilita-

2008 1707 2219 1764 temque
2233 1694 2299 1747 ad
2320 1690 2688 1748 fabricandum
2714 1690 2897 1754 habet,
2915 1688 3128 1744 etiamsi
3149 1688 3385 1742 nomium
3406 1687 3586 1740 navim

2004 1784 2497 1856 33construxerit.
2519 1780 3061 1849 Caeterumejusmodi
3077 1778 3273 1848 aliquis
3293 1776 3591 1831 fabricator

323 1900 435 1945 τως
465 1883 524 1935 τὸ
547 1878 686 1936 εἶναι
745 1882 956 1953 πατέρα
992 1883 1131 1936 τινά.
1189 1882 1353 1934 ’Ὥστε
1408 1882 1507 1933 οὐκ
1555 1879 1619 1933 ἂν
1674 1881 1786 1933 ἴσον
1814 1877 1898 1946 εἴη

2003 1876 2221 1946 quidem
2255 1875 2407 1929 navis
2452 1873 2579 1940 erit,
2621 1874 2789 1929 etiam
2836 1882 2963 1926 ante
3016 1870 3213 1925 tactam
3279 1868 3487 1934 navim,
3514 1869 3584 1922 ob

323 1973 539 2043 ποίημα
567 1973 658 2027 καὶ
688 1974 834 2035 rw;-
864 1976 956 2026 καὶ
1011 1972 1239 2045 ποιητὴς
1294 1973 1391 2042 μὲν
1432 1971 1604 2034 ἔστιν,
1647 1971 1770 2023 ὅσον
1823 1972 1902 2034 εἰς

321 2064 424 2134 τὴν
447 2064 651 2117 οἰκείαν
674 2065 855 2133 φύσιν,
891 2065 987 2117 καὶ
1047 2065 1151 2135 πᾷ)
1174 2064 1283 2116 τῶν
1326 2063 1649 2135 ποιημάτων
1671 2064 1699 2114 ὁ
1730 2060 1863 2124 Θεὸς
1885 2100 1902 2125 ,

325 2156 520 2226 Πατὴρ
546 2155 603 2207 δὲ
625 2154 872 2225 οὐδαμῶς
900 2155 1000 2207 οὐκ
1031 2153 1181 2216 ὄντος
1204 2153 1356 2206 Υἱοῦ.

2012 1975 2182 2020 artem
2213 1980 2317 2035 qua
2346 1964 2607 2034 praeditus
2638 1973 2741 2019 est.
2792 1961 2955 2017 Pater
2981 1976 3110 2014 vero
3158 1959 3302 2014 nulla
3345 1960 3592 2022 ratione,

2012 2073 2134 2112 cum
2152 2056 2387 2110 nondum
2412 2054 2615 2110 factum
2640 2056 2713 2110 sit
2744 2056 2793 2110 id
2814 2070 2911 2125 per
2930 2054 3072 2123 quod
3089 2052 3306 2107 futurus
3322 2061 3401 2105 est
3416 2059 3589 2119 pater.

2018 2151 2179 2218 Atqui
2198 2162 2363 2216 opera
2391 2148 2631 2217 quidem,
2651 2145 2863 2200 etiamsi
2889 2146 3127 2200 nondum
3152 2142 3289 2198 facta
3318 2144 3445 2207 sint,
3475 2156 3579 2195 non

324 2248 628 2316 impediunt
684 2249 974 2317 quominus
1000 2249 1264 2317 quispiam
1314 2247 1493 2317 opifex
1527 2260 1649 2300 esse
1680 2244 1895 2315 possit:
1940 2242 2084 2297 filius
2152 2257 2280 2297 vero
2341 2241 2575 2294 nondum
2641 2249 2799 2293 natus
2836 2238 2993 2309 plane
3030 2235 3332 2306 impoditut
3372 2235 3493 2304 quis
3522 2233 3593 2287 sit

322 2349 503 2406 pater.
534 2338 647 2392 Non
698 2351 782 2394 est
828 2356 956 2409 ergo
1022 2340 1197 2405 idem,
1243 2353 1377 2407 Opus
1433 2348 1485 2391 et
1526 2335 1742 2391 Filius:
1774 2334 1921 2403 alqui
1960 2331 2139 2403 opifex
2183 2334 2397 2402 quidem
2428 2342 2530 2397 est,
2564 2341 2826 2402 quantum
2867 2330 2935 2383 ad
2972 2329 3247 2399 propriam
3299 2342 3452 2381 suam
3490 2340 3586 2379 na-

328 2444 532 2499 turam,
569 2434 731 2489 etiam
754 2445 879 2489 ante
903 2449 1064 2505 opera
1095 2435 1258 2499 facta,
1292 2432 1432 2486 Deus
1460 2448 1476 2490 ς
1500 2429 1667 2485 Pater
1695 2438 1876 2483 autem
1918 2442 2283 2493 neouauuam,
2323 2441 2428 2479 non
2467 2427 2766 2479 exsistente
2805 2423 2964 2477 Filio.

838 2558 1206 2644 ΛΟΓΟΣ
1282 2557 1402 2641 Ε’.

322 2693 459 2745 Ὀτι
505 2693 578 2745 οὐ
641 2691 1011 2759 προϋπάρχει
1072 2691 1178 2745 τοῦ
1222 2690 1355 2744 γ’ἱοῦ
1412 2692 1445 2743 ὁ
1478 2686 1732 2759 Πατὴρ,
1796 2688 1913 2759 κᾶν

394 2757 691 2829 ἀγένητορ
716 2757 779 2831 ᾖ,
814 2757 951 2816 dli"
983 2758 1063 2831 ἦν
1087 2760 1248 2826 αὐτῷ
1274 2758 1589 2824 συναΐδιος
1624 2758 1912 2826 γεννητὸς

396 2835 429 2886 ό
464 2832 613 2897 Υἱός.

609 2944 926 3007 Ἀντίσεσις
963 2944 1043 3007 ὡς
1072 2944 1140 2995 ἐκ
1170 2940 1289 2994 τῶν
1315 2941 1631 2995 Εὑνοιιίου.

393 3060 457 3113 Ei
512 3060 659 3112 εστιν
711 3058 961 3127 ἀνάρκως
1013 3056 1105 3108 καὶ
1152 3058 1429 3123 ἀγενήτως
1464 3054 1550 3109 ἀεὶ
1606 3056 1636 3107 6
1691 3054 1903 3123 Πατὴρ.

2419 2550 2995 2641 ASSERTIO
3066 2554 3181 2642 V.

2014 2682 2167 2748 Quod
2200 2681 2358 2735 Pater
2385 2699 2487 2734 non
2516 2682 2719 2734 exsistit
2752 2691 2872 2734 ante
2902 2678 3132 2745 Filium,
3164 2678 3373 2731 ιιιιιιριεί
3396 2679 3592 2747 ingeni-

2153 2763 2236 2805 tus
2264 2753 2352 2817 sit,
2377 2754 2466 2823 sed
2492 2763 2601 2804 erat
2631 2753 2677 2804 ei
2706 2759 2995 2803 rowteruus
3027 2748 3201 2802 Filius
3227 2751 3450 2817 genitus.

2256 2949 2491 3018 Objectio
2525 2958 2771 3017 tauquam
2804 2961 2868 2999 ex
2895 2946 3053 2998 dictis
3084 2943 3379 3000 Eunomiiu

2087 3059 2141 3113 Si
2178 3058 2382 3127 absque
2413 3057 2677 3127 principio
2712 3065 2875 3125 atque
2904 3066 3022 3108 ortu
3060 3072 3274 3125 semper
3302 3065 3384 3108 cst
3413 3056 3594 3119 Pater,

320 3149 514 3220 ὥσπερ
548 3147 642 3202 οὖν
680 3151 772 3202 καὶ
810 3148 976 3211 ἐστιν,
1020 3147 1281 3216 ἐγεννήθη
1308 3148 1365 3200 δὲ
1403 3150 1431 3200 6
1474 3147 1621 3211 Υἱὸς,
1655 3146 1774 3210 πῶς
1804 3146 1898 3198 οὐκ

2008 3158 2063 3202 ιιι
2100 3164 2285 3203 revera
2323 3159 2436 3214 cst,
2474 3148 2645 3202 Filius
2679 3159 2859 3202 autem
2898 3149 3113 3218 genitus
3146 3158 3261 3213 est,
3296 3164 3404 3218 quo
3438 3162 3595 3219 pacto

319 3241 539 3310 ἀνάγκη
577 3244 725 3294 πᾶσα
753 3241 812 3295 τὸ
843 3241 1098 3311 γεννηθὲν
1132 3242 1273 3311 ἀρχῇ
1308 3238 1782 3309 περιγράφεσθαι;

809 3420 965 3487 Πρός
995 3419 1169 3473 τοῦτο
1198 3421 1401 3485 λύσις.

392 3534 583 3598 Οὐδεὶς
618 3534 917 3603 ἀναγκάσει
943 3535 1101 3603 λόγος
1134 3534 1480 3604 ἀνύπαρκτον
1509 3530 1645 3588 εἶναι.
1688 3534 1905 3600 πάντως

320 3627 428 3697 προ
471 3627 572 3697 τῆς
601 3627 875 3696 γενήσεως
915 3626 975 3680 τὸ
1006 3626 1251 3697 γενηθὲν,
1280 3626 1313 3697 ἦ
1342 3628 1435 3680 καὶ
1459 3628 1602 3699 ἀρχῇ
1638 3628 1905 3701 περιγρά-

319 3737 382 3788 φε
394 3718 537 3781 σθαι,
567 3717 669 3772 κᾶν
688 3720 716 3771 6
737 3719 941 3786 γεννῶν
965 3719 1223 3789 ἀγένητος
1248 3716 1336 3791 ἦν.
1365 3721 1440 3774 Οὐ
1464 3721 1571 3789 γὰρ
1601 3723 1729 3792 περί
1761 3737 1905 3785 τινος

319 3808 427 3860 τῶν
462 3806 586 3859 καθ’
611 3809 765 3877 ἡμᾶς
795 3810 823 3862 6
855 3807 1010 3877 λόγος
1038 3811 1191 3878 ἡμῖν,
1225 3804 1270 3862 ὦ
1312 3804 1489 3874 οὗτος,
1520 3811 1606 3864 ἵνα
1629 3812 1693 3882 δὴ
1726 3813 1823 3866 καὶ
1847 3814 1905 3866 ὲν

318 3899 499 3970 χρόνῳ
530 3899 593 3952 τὸ
629 3897 965 3970 γεννώμενον
1001 3900 1243 3970 φαίνοιτο
1298 3903 1393 3956 καὶ
1429 3902 1683 3975 καθάπερ
1727 3904 1793 3957 ἐκ
1828 3902 1904 3975 μὴ

317 3990 471 4053 ὄντος
500 3992 580 4053 εὶς
607 3989 668 4043 τὸ
698 3985 837 4044 εἶναι
865 3990 1095 4062 βαδίζον,
1128 3996 1271 4065 ἀρχῇ
1305 3994 1699 4065 περιγράφοιτο
1722 4012 1736 4026 ·
1766 3995 1904 4049 ἀλλὰ

320 4082 448 4152 περὶ
481 4081 581 4151 τῆς
611 4081 760 4145 θείας
784 4099 842 4135 τε
872 4084 967 4137 καὶ
990 4085 1344 4156 ἀπερινοήτω
1380 4085 1615 4157 φύσεως»
1646 4089 1902 4160 ἀῤῥήτωῖ

317 4174 498 4224 πάντα
533 4172 793 4243 ποιούσης
813 4175 907 4228 καὶ
929 4176 1266 4247 θεοπρεπῶς.
1298 4179 1507 4232 Οὐκοῦν
1529 4180 1901 4252 ὑπερϐήσεται

315 4263 415 4333 τὴν
459 4262 581 4316 καθ’
610 4266 759 4335 ἡμᾶς
797 4266 999 4333 γνῶσιν
1038 4269 1129 4321 καὶ
1176 4268 1206 4321 6
1254 4272 1354 4340 τῆς
1393 4269 1542 4333 θείας
1590 4272 1898 4341 γεννήσεως

314 4354 536 4422 τρόπος,
562 4357 656 4407 καὶ
687 4357 748 4408 οὗ
785 4359 896 4420 τοῖς
930 4358 1292 4429 ἀνθρωπίνοις
1325 4361 1548 4432 θεσμοῖς
1578 4364 1894 4419 undaret-car

312 4443 428 4498 ἀλλ’
460 4445 584 4497 ὅσον
616 4448 713 4516 τῆς
742 4448 799 4498 ὲν
826 4448 956 4517 ἡμῖν
996 4452 1465 4521 σμικροπρεπείας
1497 4455 1529 4522 ἠ
1582 4453 1701 4508 θεία
1734 4456 1894 4523 φύσις

310 4538 647 4609 ἀπῴκισται,
688 4539 942 4592 τοσοῦτον
986 4542 1045 4593 ὲν
1090 4545 1201 4605 τοῖς
1242 4543 1360 4596 καθ’
1394 4545 1593 4615 ἑαυτὴν
1638 4546 1897 4617 ὑπερέχει

310 4631 381 4683 τὰ
414 4630 679 4701 ἡμέτερα.
713 4632 1081 4686 Παυέσθωσαν
1122 4635 1301 4688 τοίνυν
1348 4637 1561 4709 ἀνάγκῃ
1610 4640 1705 4692 καὶ
1752 4640 1893 4711 ἀρχῇ

311 4721 746 4791 περιγράφοντες
794 4722 884 4776 τὸν
941 4726 1187 4796 ἀνάγκης
1234 4728 1537 4800 κρείττονα,
1584 4730 1679 4782 καὶ
1719 4730 1893 4802 ἀρχὴν

313 4812 412 4881 μὲν
455 4811 556 4883 τὴν
600 4814 657 4864 ἐν
700 4814 877 4884 χρόνῳ
910 4820 1341 4888 παραιτούμενον
1362 4834 1377 4850 ·
1406 4819 1630 4887 λέγοντα
1667 4822 1723 4875 δὲ
1756 4823 1894 4894 πρὸς

310 4903 518 4957 Μωσέα
547 4904 638 4957 τὸν
668 4905 1008 4974 σοφώτατον’
1046 4926 1064 4958 ι
1113 4908 1253 4976 Ἐγώ
1286 4912 1403 4981 εἰμι
1435 4914 1463 4965 ὁ
1495 4912 1591 4966 ὧν.
1641 4934 1660 4967 ι
1700 4917 1743 4969 Τ
1745 4916 1790 4985 ᾦ
1830 4917 1888 4969 δὲ

308 4995 401 5048 ἀεὶ
432 4995 543 5047 ὄντι
575 4995 751 5059 (τοῦτο
781 4997 890 5067 γὰρ
921 5000 1176 5071 σημαίνει
1210 5001 1270 5054 τὸ
1296 5002 1425 5072 ὢν),
1467 5005 1626 5059 ποίαν
1654 5024 1736 5070 τις
1775 5007 1889 5080 δοίη

306 5083 409 5155 τὴν
452 5086 545 5139 τοῦ
594 5082 732 5141 εἶναι
777 5090 918 5143 κατὰ
971 5090 1161 5160 χρόνον
1197 5094 1404 5165 ἀρχὴν;
1458 5097 1671 5162 ’Ἄλλως
1718 5117 1777 5152 τε
1827 5100 1890 5154 οὐ

310 5177 531 5238 πάντως
580 5177 715 5249 ὅπερ
754 5178 834 5231 -ἂν
890 5184 1002 5245 τοῖς
1050 5181 1144 5235 τοῦ
1193 5187 1553 5257 γεννήσαντος
1606 5189 1890 5261 ἰδιώμασιν

306 5267 549 5319 ἐναντίον
590 5264 729 5324 εἶναι
769 5270 919 5343 δοκῇ,
959 5273 1117 5327 τοῦτο
1162 5276 1240 5346 τῷ
1282 5278 1593 5349 γεννηθέντι
1640 5284 1888 5350 φαίνεται

306 5358 530 5429 προσόν.
579 5357 667 5422 Ὠς
712 5362 846 5429 γοῦν
894 5363 1042 5417 ἔστιν
1074 5368 1103 5417 6
1148 5366 1314 5431 Θεός·
1355 5370 1417 5422 τὸ
1454 5361 1527 5423 δὲ
1573 5374 1893 5428 ἀντιπῖπτον

314 5431 479 5515 τεύτῳ
509 5450 607 5505 καὶ
635 5450 1012 5520 ἀντικείμενον
1037 5454 1098 5505 οὐ
1131 5454 1283 5517 Θεός.
1326 5456 1467 5509 ‘AD.’
1499 5458 1614 5511 ἔστι
1642 5460 1772 5525 Θεὸς
1800 5463 1893 5515 καὶ

305 5539 331 5589 6
368 5538 513 5601 Υἱὸς,
552 5540 729 5593 καίτοι
772 5541 867 5595 τοῦ
912 5544 1123 5615 [Ia-cpit;
1148 5544 1300 5611 ὄντος
1340 5547 1493 5614 Θεοῦ,
1530 5549 1797 5620 βασιλέως
1832 5571 1892 5606 τε

305 5628 459 5694 ὄντος
496 5630 701 5699 ὁμοίως
732 5633 825 5686 τοῦ
854 5635 1086 5705 Πατρός,
1119 5636 1374 5706 βασιλεύς
1401 5642 1513 5696 ἐστι
1546 5646 1637 5697 καὶ
1681 5647 1709 5697 ὀ
1740 5646 1885 5709 Υἱός.

374 5807 419 5839 ⁵³
452 5808 621 5861 Exod.
650 5824 730 5874 ιιι,
775 5811 854 5864 l-t.

2011 3256 2116 3295 non
2142 3241 2365 3294 omnino
2399 3255 2622 3294 necesse
2649 3239 2842 3299 fuerit.
2871 3248 2929 3292 ut
2959 3240 3010 3292 id
3040 3240 3183 3309 quod
3213 3241 3453 3310 genitum
3483 3254 3595 3304 est,

2008 3334 2274 3405 principio
2302 3332 2820 3388 circumscribatur?

2509 3422 2720 3480 Salutio
2762 3424 3093 3496 objectionis.

2079 3538 2232 3592 Nulla
2276 3538 2435 3607 plane
2474 3539 2612 3594 ratio
2657 3548 2815 3610 coget
2856 3548 2917 3593 ut
2957 3538 3009 3593 id
3051 3537 3194 3609 quod
3236 3536 3475 3608 genitum
3518 3548 3600 3591 est

2009 3644 2136 3689 ante
2178 3633 2586 3703 generationem
2632 3646 2736 3685 nou
2776 3630 3077 3694 exstiterit,
3110 3638 3203 3685 aut
3238 3638 3297 3684 ut
3330 3629 3599 3699 principio

2006 3726 2507 3789 circumscribatur,
2529 3727 2741 3779 tametsi
2765 3725 2980 3791 genitor
3002 3723 3271 3794 ingenitus
3302 3723 3391 3777 sit.
3413 3722 3598 3791 Neque

2006 3819 2187 3884 enim,
2216 3834 2249 3873 ο
2286 3819 2457 3884 bone,
2485 3817 2553 3871 de
2583 3831 2854 3886 quoquam
2894 3824 3141 3870 nostrum
3176 3829 3359 3869 sermo
3396 3821 3508 3879 est,
3541 3822 3599 3866 nt

2008 3896 2260 3966 nimirum
2292 3910 2343 3964 id
2371 3909 2512 3978 quod
2545 3909 2789 3978 genitum
2820 3917 2923 3974 est,
2951 3907 3001 3960 in
3036 3917 3279 3977 tempore
3304 3921 3426 3960 esse
3451 3906 3599 3961 dica-

2008 4013 2115 4067 tur,
2140 4011 2194 4057 et
2218 4003 2373 4071 quasi
2405 4016 2436 4055 a
2470 4016 2573 4056 non
2601 4015 2724 4055 esse
2749 4000 2817 4053 ad
2842 4014 2964 4056 esse
2992 3998 3297 4053 traductum
3330 3999 3597 4068 principio

2004 4094 2516 4153 circumscribatur;
2547 4092 2641 4146 scd
2669 4091 2734 4145 de
2760 4091 2938 4145 divina
2969 4099 3024 4144 et
3048 4090 3588 4157 incompreltensibili

2002 4194 2353 4253 natura,qna:
2380 4182 2725 4237 ineﬂabiliter
2745 4196 2919 4251 eoque
2952 4182 3111 4237 modo
3138 4184 3227 4251 qui
3259 4180 3368 4236 Deo
3395 4198 3595 4239 conve-

2004 4278 2081 4331 nit
2102 4276 2279 4330 omnia
2308 4274 2450 4330 facit.
2475 4274 2705 4344 Superat
2729 4273 2912 4341 itaque
2940 4273 3233 4328 bmnannm
3260 4273 3592 4329 intellectum

2001 4368 2195 4423 divina:
2231 4365 2598 4437 generationis
2634 4365 2856 4427 modus,
2893 4378 3069 4432 neque
3105 4364 3354 4418 humanis
3388 4366 3594 4430 legibus

2001 4457 2241 4523 subjacet
2270 4473 2284 4507 :
2318 4455 2413 4510 sed
2445 4464 2649 4524 quanto
2679 4454 2857 4505 divina
2888 4464 3079 4507 natura
3112 4464 3296 4508 nostra
3332 4456 3595 4509 tenuitate

1931 4523 1973 4565 υ
2000 4561 2082 4603 est
2123 4547 2496 4611 excellentior,
2534 4554 2682 4599 tanto
2721 4545 2884 4599 etiam
2928 4547 3046 4613 ejus
3083 4546 3330 4600 actiones
3375 4556 3594 4602 nostras

1996 4650 2275 4710 superant.
2311 4639 2569 4694 Desinant
2609 4638 2791 4704 itaque
2851 4638 3180 4693 necessitate
3228 4646 3283 4691 et
3323 4638 3591 4709 principio

1995 4733 2444 4789 circumscribere
2478 4746 2602 4786 eum
2636 4734 2729 4801 qui
2762 4732 2910 4786 omni
2950 4732 3277 4786 necessitate
3310 4741 3393 4786 est
3427 4746 3591 4800 supe—

1992 4826 2124 4891 rior,
2144 4834 2200 4879 et
2229 4823 2556 4893 principium
2581 4822 2633 4876 in
2661 4832 2903 4892 tempore
2928 4824 3237 4877 consistens
3260 4838 3363 4877 non
3388 4838 3592 4894 cogna-

1988 4916 2120 4982 scit;
2164 4917 2291 4984 quin
2333 4915 2513 4986 potius
2550 4915 2621 4970 ad
2664 4914 3128 4983 sapientissimum
3175 4915 3356 4968 .‘iosen
3400 4915 3531 4969 rl‘tzit
3572 4932 3587 4965 :

2000 5008 2111 5078 Ego
2133 5024 2251 5062 sum
2268 5023 2367 5063 ens
2385 5007 2451 5061 ⁸³.
2468 5008 2527 5062 Ei
2553 5023 2680 5062 vero
2705 5008 2796 5077 qui
2824 5020 3036 5076 semper
3055 5006 3270 5061 exsistit
3295 5009 3420 5077 (hoc
3442 5009 3586 5062 enim

1998 5102 2269 5171 signiﬁcat
2290 5100 2427 5173 ens),
2450 5101 2722 5169 quodnam
2751 5100 3049 5155 exsistendi
3083 5100 3136 5153 in
3172 5109 3412 5167 tempore
3442 5099 3585 5168 prin-

1998 5195 2198 5265 cipium
2240 5195 2509 5264 quispiam
2555 5194 2785 5247 tribuet?
2820 5192 2995 5249 Aliter
3027 5207 3133 5246 non
3178 5193 3228 5245 in
3272 5193 3584 5246 unitezsnm

1998 5284 2053 5339 id
2099 5284 2241 5353 quod
2290 5284 2551 5352 genitoris
2601 5283 3024 5352 prpprietatibus
3070 5284 3404 5337 contrarium
3465 5297 3586 5337 esse

1991 5388 2263 5440 censetur,
2298 5376 2401 5430 boc
2428 5373 2539 5447 35.
2568 5376 2752 5443 genito
2789 5375 3077 5429 tribuetur.
3112 5374 3251 5428 Deus
3276 5375 3468 5443 itaque
3499 5385 3585 5429 est

1992 5467 2183 5534 Pater;
2227 5483 2533 5537 repugnans
2572 5482 2697 5522 vero
2734 5467 2859 5521 huic
2894 5476 3058 5535 atquc
3096 5468 3437 5536 oppositum,
3476 5484 3581 5521 non

1994 5557 2155 5611 Dens.
2181 5558 2342 5627 Atqui
2378 5558 2517 5612 Deus
2544 5569 2629 5613 est
2660 5559 2825 5613 etiam
2859 5557 3053 5623 Filius,
3085 5558 3299 5613 tametsi
3334 5568 3390 5613 et
3424 5557 3584 5613 Pater

1994 5650 2064 5705 sit
2100 5651 2274 5717 Dens;
2311 5658 2363 5703 et
2396 5649 2645 5705 similiter
2677 5667 2796 5705 cum
2836 5664 2926 5705 rex
2962 5651 3032 5705 sit
3066 5650 3247 5716 Pater,
3278 5666 3371 5705 rex
3416 5651 3579 5705 etiam
