4048 6426
407 337 466 394 5i
1819 340 1979 394 THE!

2086 337 2261 393 iRllS.
3605 323 3675 378 6‘).

411 464 574 516 ματος
602 450 634 518 ἡ
662 450 817 501 οὐσία
840 449 932 501 τοῦ
962 449 1120 514 Θεοῦ,
1152 449 1400 520 ἀνωτέρα
1423 449 1626 503 τούτων
1651 449 1801 504 ἔσται
1831 451 1926 503 καὶ
1953 451 1979 518 ἡ

2090 450 2323 517 spatium
2383 455 2637 512 superat,
2700 443 2983 514 generatio
3044 453 3262 509 quoque
3325 438 3439 490 haec
3493 435 3673 490 onmia

407 534 675 604 γέννησις,
704 537 797 590 καὶ
819 539 881 590 οὐ
908 537 1124 601 πάντως
1145 538 1508 610 ἀποστερήσει
1537 539 1634 609 τὴν
1656 539 1804 593 Θείαν
1827 539 1989 608 φύσιν

405 624 497 679 τοῦ
525 625 786 680 δύνασθαι
807 629 1024 699 γεννᾷν,
1064 629 1127 681 τὸ
1156 627 1230 699 μὴ
1273 630 1331 682 ἐν
1373 629 1552 700 χρόνῳ
1600 629 1760 683 τοῦτο
1791 611 1984 683 ποιεῖν.

407 716 634 788 Ἕτερος
657 717 764 789 γὰρ
785 719 940 790 παρὰ
961 718 1051 772 τὸν
1072 718 1410 792 ἀνθρώπινον
1434 722 1464 774 6
1486 721 1686 791 τρόπος
1709 721 1808 790 τῆς
1838 719 1989 783 θείας

407 812 734 879 γεννήσεως.
775 809 942 882 Ὁμοῦ
966 811 1074 881 γὰρ
1109 809 1187 881 τῷ
1215 806 1352 865 εἶναι
1378 812 1469 865 τὸν
1493 811 1622 865 Θεὸν
1652 811 1746 865 καὶ
1777 810 1838 863 τὸ
1859 827 1985 879 γεν-

405 895 503 968 νᾷν
529 896 681 968 αὐτῷ
713 901 1128 966 συνεπινοεῖται,
1164 900 1258 954 καὶ
1284 895 1352 971 ἦν
1392 901 1449 952 ὲν
1473 900 1623 972 αὐτῷ
1650 901 1926 970 γεννητῶς
1957 901 1986 954 6

407 991 555 1055 Υιὸς,
584 993 645 1045 οὐ
667 993 1077 1064 προτρέχουσαν
1102 992 1241 1063 ἔχων
1263 993 1361 1059 τὴν
1401 992 1654 1063 γέννησιν
1690 991 1790 1061 τῆς
1817 989 1987 1061 ὑπάρ-

409 1077 562 1146 ξεως,
593 1081 707 1134 ἀλλ’
731 1080 850 1152 ἅμα
872 1083 967 1136 καὶ
988 1080 1064 1134 ὢν
1090 1081 1178 1135 ἀεὶ
1207 1081 1502 1152 γεννητῶς.

1088 1195 1293 1249 ΑΛΛΟ.

487 1279 548 1335 '0
584 1283 862 1354 τολμήσας
889 1287 1090 1338 εἰπεῖν⁸
1125 1285 1486 1340 Κατέπαυσεν
1513 1285 1622 1355 ἄρα
1651 1282 1745 1338 τοῦ
1789 1284 1985 1351 γεννᾷν

401 1372 432 1425 6
455 1372 664 1446 Πατὴρ,
688 1375 918 1447 ἀφύκτῳ
943 1376 1251 1448 δυσφημίας
1279 1378 1448 1449 ὲγκλή
1459 1395 1585 1448 ματι
1611 1377 1984 1448 περιπεσεῖται

400 1463 643 1530 δικαίως.
681 1466 842 1538 Τρεῖς
879 1468 992 1541 γὰρ
1036 1466 1353 1532 ἀλλοιώσεις
1401 1469 1646 1540 εἰσφέρει
1704 1470 1835 1538 περὶ
1878 1465 1979 1538 τὴν

405 1552 557 1610 θείαν
595 1557 776 1626 φύσιν.
826 1561 1066 1630 Ἀνάγκη
1109 1559 1220 1632 γὰρ
1265 1563 1416 1616 πᾶσα
1460 1564 1526 1632 τῇ
1582 1560 1982 1632 διαστηματικῇ

400 1648 651 1718 γεννήσει
696 1651 846 1720 τρεῖς
901 1651 1083 1706 δοῦναι
1133 1653 1377 1723 χρόνους.
1409 1653 1544 1706 Ἕνα
1585 1653 1704 1724 μὲν,
1756 1653 1847 1705 τὸν
1879 1651 1985 1724 πρὸ

2092 537 2399 609 superabit;
2434 549 2608 604 neque
2638 536 2858 588 omnino
2885 532 3120 602 prirablt
3147 530 3387 584 divinam
3421 534 3673 581 naturam

2091 630 2348 685 facultate
2379 627 2697 700 generandi,
2716 626 2860 696 quod
2886 639 2990 679 non
3016 625 3068 678 in
3093 633 3333 691 tempore
3358 619 3463 675 hoc
3490 616 3671 672 iaciat.

2090 723 2347 778 Diversus
2391 721 2535 776 enim
2583 731 2668 776 est
2707 719 2906 774 divinae
2954 714 3328 788 generationis
3375 711 3567 765 modus
3606 709 3676 763 ab

2091 814 2346 868 humano.
2367 811 2539 868 Simul
2567 811 2710 867 enim
2739 819 2794 865 et
2817 823 2937 864 esse
2961 816 3018 864 et
3037 819 3300 879 generare
3324 803 3491 859 Deum
3519 800 3677 856 intel-

2090 905 2324 975 ligimus,
2351 913 2579 974 eratque
2613 904 2664 957 in
2701 903 2817 973 ipso
2848 899 3064 972 gen-itus
3090 897 3293 961 Filius;
3329 909 3507 964 neque
3531 907 3671 964 pra:-

2089 997 2234 1052 cedit
2255 995 2534 1066 generatio
2563 993 2678 1063 ejus
2707 991 3116 1056 essistentiam,
3145 988 3243 1044 sed
3270 985 3429 1043 simul
3453 992 3508 1041 et
3535 983 3677 1038 exsi-

2088 1086 2183 1140 stit
2212 1099 2428 1153 semper
2454 1094 2507 1140 et
2536 1093 2847 1155 generatur.

2769 1195 3002 1251 ALIUD.

2158 1291 2261 1359 Qui
2311 1306 2474 1345 ausus
2523 1299 2608 1346 est
2653 1289 2836 1343 dicere
2887 1307 2901 1342 :
2959 1285 3129 1341 Desiit
3183 1285 3364 1354 itaque
3415 1296 3675 1351 generare

2085 1382 2586 1459 Pater,_inevitabile
2610 1361 2957 1451 bdasplteriiim
2979 1380 3186 1432 crimen
3206 1375 3672 1431 meritoincurrct.

2086 1472 2222 1527 Tres
2255 1471 2398 1527 enim
2435 1469 2760 1524 mutationes
2794 1469 2846 1522 in
2882 1467 3124 1522 divinam
3161 1473 3412 1519 naturam
3446 1462 3674 1522 inducit.

2085 1565 2317 1621 Necesse
2344 1562 2608 1632 siquidem
2630 1563 2786 1616 estin
2809 1558 3158 1631 generatione
3197 1554 3539 1611 intervallata
3568 1552 3674 1607 tria

2086 1657 2202 1712 dari
2250 1665 2510 1724 tempora.
2553 1653 2726 1709 Unum
2773 1653 3022 1722 quidem,
3060 1658 3186 1705 ante
3229 1646 3671 1720 generationem;

397 1736 499 1839 τῆς
516 1739 844 1839 γεννῖίισιωςο
870 1740 1122 1813 δεύτερον
1156 1742 1234 1809 δὲ,
1265 1743 1355 1797 τὸν
1377 1745 1434 1797 ὲν
1466 1742 1616 1814 αὐτῷ
1645 1742 1722 1814 τῷ
1752 1745 1946 1813 γεννᾷν
1964 1760 1977 1773 ·

2088 1748 2350 1810 alterum,
2384 1747 2436 1799 in
2467 1746 2578 1814 ipsa
2609 1745 2992 1815 generatione;
3024 1741 3240 1796 tertium
3261 1782 3276 1807 ,
3303 1748 3422 1809 post
3451 1751 3677 1807 genera-

397 1827 583 1896 τρίτον
612 1827 690 1894 δὲ,
722 1829 814 1882 τὸν
861 1831 1000 1901 μετά
1027 1831 1128 1904 τὴν
1160 1832 1432 1904 γέννησιν.
1467 1833 1531 1886 El
1575 1831 1632 1884 δὲ
1672 1835 1730 1885 ὲν
1770 1830 1982 1895 τούτοις

399 1915 593 1984 γέγονε
630 1918 764 1984 Θεὸς
809 1921 1111 1994 ἀρχόμενος
1141 1924 1237 1980 τοῦ
1291 1927 1508 1998 γεννᾷν,
1551 1927 1644 1979 καὶ
1691 1925 1981 1994 γεννήσας.

400 2007 495 2058 καὶ
525 2011 904 2078 καταπαύσας,
931 2014 1051 2079 πῶς
1093 2017 1196 2070 οὐκ
1235 2015 1536 2088 ὴλλοιώθηξ
1576 2016 1692 2080 πῶς
1733 2017 1787 2069 δὲ
1818 2015 1982 2078 αὐτὸς

396 2095 552 2180 ἔσται
580 2098 689 2153 τῶν
725 2101 936 2158 αἰώνων
964 2109 1231 2177 ποιητήςς
1259 2109 1294 2180 ἢ
1335 2109 1452 2172 πῶς
1487 2107 1778 2177 ἀληθεύσει
1807 2106 1982 2174 λέγων

396 2188 426 2240 6
455 2174 665 2254 Παῦλος
717 2185 848 2265 περὶ
878 2174 1259 2268 Χριστοῦξὸτι
1281 2174 1292 2180 ’
1318 2221 1336 2252 ι
1382 2201 1458 2253 Δι’
1490 2174 1656 2254 αὐτοῦ
1700 2199 1889 2268 γέγονε
1915 2198 1982 2251 τὰ

396 2279 596 2380 “ibi”,
619 2299 636 2328 -‘
660 2283 854 2355 καιροῦ
887 2289 1315 2356 μεσολαϐοῦντος
1337 2293 1430 2346 καὶ
1448 2291 1707 2363 ἀνωτέρω
1726 2292 1980 2362 κειμένου

394 2374 498 2437 τῆς
525 2374 829 2444 γεννήσεως
880 2378 1067 2444 αὑτοῦ,
1123 2383 1265 2436 κατὰ
1312 2383 1411 2453 τὴν
1452 2381 1564 2436 τῶν
1601 2383 1982 2452 χριστομὰχων

396 2462 598 2531 μανίαν
618 2483 632 2530 ;

1081 2563 1287 2617 AAAO.

477 2671 565 2724 Ἐν
592 2672 765 2743 χρόνῳ
795 2674 892 2743 ps;
921 2674 982 2726 οὗ
1016 2674 1188 2728 τίκτει
1215 2675 1369 2738 Θεὸς,
1422 2676 1448 2727 6
1484 2675 1694 2746 χρόνων
1722 2669 1978 2741 ἀνωτέρω

393 2765 654 2832 κειμένην
679 2765 817 2833 ἔχων
846 2765 946 2834 τὴν
972 2766 1154 2834 φύσιν·
1183 2767 1303 2821 οὐδὲ
1331 2766 1599 2835 ἀνάγκαις
1630 2764 1978 2818 ὑποκείσεταί

393 2871 553 2919 τισιν,
581 2857 609 2906 6
635 2856 810 2908 πάντα
853 2857 1372 2928 ὑπεραναὸεὸηκώς,
1422 2861 1495 2911 Οὐ
1548 2859 1768 2921 πάντως
1810 2857 1866 2909 δὲ
1917 2855 1979 2909 τὸ

392 2945 597 3000 τίκτειν
631 2945 891 3016 πεφυκὸς,
925 2949 986 3002 ἐκ
1021 2947 1113 3003 τοῦ
1159 2948 1232 3021 μὴ
1258 2949 1460 3006 τίκτειν
1501 2952 1577 3012 εἰς
1611 2945 1768 3002 τοῦτο
1795 2947 1978 3020 ’ττρὸεισ⁴

391 3056 496 3100 σιν,
522 3037 641 3091 οὐδὲ
670 3040 856 3111 ἐπειδὴ
882 3041 1088 3094 τίκτειν
1119 3038 1247 3106 οἶδε,
1278 3043 1495 3104 παντως
1520 3044 1613 3095 καὶ
1643 3042 1971 3096 καταπαύει.

2092 1839 2314 1894 tionem.
2347 1837 2403 1892 Si
2457 1851 2586 1905 ergo
2639 1837 2712 1889 ita
2765 1835 2950 1900 genuit
2993 1833 3169 1897 Deus,
3207 1841 3266 1885 ut
3311 1839 3368 1886 et
3411 1826 3671 1897 inceperit

2087 1931 2329 2002 gignere,
2350 1939 2404 1982 et
2424 1928 2690 1997 genuerit.
2713 1935 2766 1980 et
2786 1924 3028 1988 desierit,
3050 1938 3157 1992 quo
3182 1911 3340 1991 pacto
3363 1917 3677 1974 mutationis

2092 2037 2292 2091 expers
2326 2019 2460 2074 fuit?
2497 2031 2590 2074 aut
2618 2034 2726 2088 quo
2763 2026 2920 2086 pacto
2954 2017 3069 2085 ipse
3104 2012 3302 2068 smcula
3337 2007 3680 2065 condiderit?

2085 2120 2179 2169 aut
2203 2127 2309 2182 quo
2339 2120 2498 2179 pacto
2526 2123 2649 2164 vere
2691 2109 2759 2163 de
2789 2107 3008 2163 Christo
3039 2106 3255 2169 dixerit,
3293 2123 3312 2155 ι
3346 2102 3533 2158 omnia
3582 2115 3678 2172 per

2084 2221 2206 2262 eum
2236 2205 2375 2258 facta
2406 2203 2517 2274 36
2543 2215 2665 2258 esse
2685 2200 2770 2254 “2
2797 2217 2816 2250 ι
2847 2200 2980 2253 Cum
3012 2205 3068 2252 et
3098 2206 3307 2266 tempus
3338 2195 3482 2249 inter
3505 2192 3678 2263 ipsius

2084 2298 2490 2369 generationem
2515 2293 2855 2362 interiectum
2880 2290 3066 2356 fuerit,
3085 2300 3312 2358 eamque
3333 2286 3678 2359 praecesserit

2081 2388 2237 2457 juxta
2273 2386 2519 2440 insanam
2554 2385 2793 2439 hostium
2821 2381 2913 2435 Dei
2947 2379 3281 2450 opinionem.

2772 2536 3005 2594 ALIUD.

2159 2657 2298 2712 Deus
2330 2672 2435 2710 non
2465 2654 2636 2724 gignit
2663 2653 2715 2706 iu
2753 2662 3025 2717 tempore,
3060 2646 3257 2716 quippe
3296 2643 3448 2711 cujus
3484 2652 3675 2694 natura

2084 2752 2229 2804 omni
2261 2761 2503 2814 tempore
2534 2745 2781 2814 superior
2810 2754 2894 2796 est
2921 2757 2933 2793 :
2967 2755 3139 2808 neque
3172 2739 3378 2805 legibus
3406 2735 3523 2788 ullis
3551 2736 3679 2786 sub-

2078 2841 2242 2908 jacet,
2272 2839 2360 2908 qui
2395 2837 2575 2889 omnia
2611 2835 2966 2888 transcendit.
2995 2829 3179 2900 Neque
3201 2841 3331 2880 vero
3369 2826 3421 2878 in
3461 2824 3678 2877 univer-

2083 2948 2202 2988 Stltn
2241 2933 2290 2984 id
2319 2930 2459 2999 quod
2489 2927 2741 2998 gignendi
2775 2924 3031 2978 facultate
3061 2920 3344 2989 praeditum
3375 2926 3482 2980 est,
3512 2931 3541 2969 a
3571 2930 3677 2969 nou

2085 3025 2350 3097 gignendo
2395 3021 2460 3075 ad
2516 3016 2840 3091 gignendum
2894 3011 3173 3082 procedit;
3211 3022 3393 3077 neque
3436 3005 3679 3075 quando-

371 3129 501 3181 ’Καὶ
527 3129 656 3196 γοῦν
677 3133 841 3201 γεννᾷ
871 3133 968 3202 μὲν
1016 3131 1075 3198 ἐξ
1106 3133 1298 3186 ἑαυτοῦ
1327 3133 1388 3186 τὸ
1420 3133 1532 3204 πῦρ
1584 3135 1683 3204 τήν
1724 3151 1782 3187 τε
1835 3134 1976 3186 κατά

2086 3095 2294 3187 quidem
2341 3115 2562 3184 gignere
2607 3108 2784 3172 novit,
2823 3106 3040 3177 gignere
3087 3101 3309 3154 omnino
3355 3098 3573 3151 desiuit.
3617 3095 3676 3148 Si

390 3221 555 3288 φύσιν
581 3222 729 3292 αὐτῷ
754 3224 1063 3294 προσοῦσαν
1098 3226 1411 3297 θερμότητα
1432 3229 1526 3279 καὶ
1556 3227 1647 3279 τὸν
1671 3226 1972 3296 φωτισμόν·

389 3311 514 3364 οὒτε
541 3311 596 3364 δὲ
619 3315 682 3365 ὲκ
710 3313 803 3366 τοῦ
834 3316 908 3386 μὴ
941 3312 1081 3369 εἶναι
1109 3317 1311 3387 θερμὸν
1363 3320 1443 3380 εἰς
1477 3316 1633 3370 τοῦτο
1674 3318 1975 3388 προῆλθεν,

389 3401 512 3454 οὔτε
541 3404 878 3458 πεπαύσεται
903 3406 1107 3475 γεννῶν
1128 3408 1188 3460 τὸ
1211 3409 1348 3461 κατὰ
1384 3407 1546 3478 φύσιν
1574 3409 1725 3478 αὐτῷ
1753 3408 1972 3479 προσόνο

389 3493 505 3546 ἀλλ’
536 3494 652 3564 ἅμα
693 3495 884 3565 γέγονε
947 3497 1077 3568 πῦρ,
1136 3500 1232 3553 καὶ
1286 3495 1355 3570 ἦν
1400 3498 1552 3569 αὐτῷ
1577 3500 1645 3553 τὰ
1674 3499 1859 3553 αὐτοῦ.
1913 3501 1976 3553 El

390 3587 568 3642 τοίνυν
593 3591 682 3643 καὶ
713 3589 934 3644 ἐπὶτῶν
970 3590 1358 3661 πεποιημένων
1386 3591 1537 3660 παρὰ
1566 3590 1703 3644 Θεοῦ
1732 3592 1973 3655 τοιοῦτος

394 3681 639 3750 φαίνεται
669 3685 976 3751 γεννήσεως
1005 3684 1225 3753 τρόπος,
1255 3684 1372 3749 πῶς
1419 3685 1520 3737 οὐκ
1559 3684 1754 3747 ἀσεϐὲς
1789 3685 1863 3755 μὴ
1898 3677 1979 3740 ’τὰ

391 3771 566 3843 μείζω
598 3777 948 3845 παραχωρεῖν
999 3775 1169 3844 αὐτῷ,
1217 3775 1324 3828 κᾶν
1375 3774 1448 3845 μὴ
1481 3775 1660 3846 φθάνῃ
1695 3775 1828 3847 πρὸς
1878 3793 1978 3828 κα-

389 3864 621 3936 τάληψιν
658 3867 754 3936 τῆς
805 3865 1046 3936 μεγάλης
1087 3866 1252 3918 αὐτοῦ
1286 3865 1500 3935 φύσεως
1560 3867 1588 3919 6
1638 3865 1978 3938 ἀνθρώπινος

390 3955 552 4022 νοῦς;

1084 4157 1288 4210 ΑΛΛΟ.

462 4265 536 4316 Τὸ
562 4265 783 4335 γενητὸν
808 4265 945 4335 πρὸς
969 4265 1030 4319 τὸ
1055 4265 1342 4336 ἀγένητον,
1377 4270 1471 4321 καὶ
1504 4267 1564 4321 τὸ
1592 4267 1810 4338 ποιηθὲν
1841 4267 1978 4337 πρὸς

391 4355 450 4410 τὸ
484 4357 557 4425 μὴ
591 4357 956 4427 πεποιημένον
984 4356 1182 4428 πολλὴν
1206 4358 1316 4426 ἔχει
1346 4359 1445 4428 τὴν
1473 4358 1777 4410 διάστασιν·
1823 4357 1980 4410 ἐναν-

2079 3183 2292 3276 quidem
2329 3183 2384 3256 et
2411 3202 2551 3272 ignis
2581 3199 2750 3268 gignit
2779 3211 2846 3249 ex
2878 3208 2936 3247 se
2966 3186 3287 3244 naturaliter
3314 3185 3414 3240 sibi
3456 3183 3676 3239 insitum

2077 3275 2313 3352 calorem
2357 3303 2411 3347 ει
2451 3292 2663 3354 lumen;
2713 3300 2889 3354 neque
2942 3297 3070 3335 vero
3116 3294 3184 3334 ex
3234 3293 3337 3332 non
3388 3276 3563 3330 calido
3613 3275 3678 3326 ad

2077 3389 2311 3444 Calidum
2357 3383 2657 3453 processit;
2702 3393 2877 3447 neque
2919 3375 3130 3430 desinet
3171 3373 3394 3442 gignere
3441 3369 3488 3422 id
3536 3368 3680 3436 quod

2079 3479 2403 3535 naturaliter
2434 3477 2486 3531 ei
2524 3477 2666 3530 inest
2703 3492 2717 3526 :
2757 3472 2851 3526 sed
2886 3467 3048 3523 simul
3083 3481 3145 3519 ac
3183 3464 3360 3519 factus
3396 3473 3482 3517 est
3513 3461 3676 3531 ignis,

2077 3582 2233 3627 erant
2265 3571 2433 3626 etiam
2475 3569 2527 3623 in
2567 3583 2632 3622 eo
2667 3580 2789 3632 qum
2824 3563 2942 3628 ejus
2966 3569 3112 3624 sunt,
3140 3557 3291 3612 calor
3330 3555 3582 3608 nimirum
3625 3565 3679 3604 et

2080 3665 2282 3720 lumen.
2341 3661 2397 3716 Si
2445 3674 2576 3728 ergo
2634 3658 2800 3712 etiam
2850 3656 2902 3707 in
2949 3653 3150 3708 creatis
3195 3665 3223 3702 a
3266 3651 3376 3702 Deo
3413 3643 3678 3713 ejusinodi

2077 3754 2446 3825 generationis
2473 3751 2664 3804 modus
2691 3747 2959 3807 cernitur,
2984 3760 3092 3813 quo
3128 3753 3286 3812 pacto
3321 3755 3424 3794 non
3456 3737 3679 3807 impiun.

2079 3846 2270 3908 fuerit,
2300 3845 2344 3899 si
2376 3857 2479 3897 non
2513 3839 2681 3893 multo
2718 3836 2923 3906 majora
2955 3834 3066 3889 Deo
3101 3833 3436 3895 tribuamus,
3467 3824 3676 3881 tametsi

2081 3940 2349 3993 humanus
2397 3933 2702 3988 intellectus
2746 3932 2942 3985 divina:
2987 3938 3196 4002 natura:
3243 3922 3674 3992 magnitudinem

2083 4029 2362 4101 percipere
2389 4039 2493 4080 non
2526 4021 2730 4092 possit?

2765 4152 2998 4210 ALIUD.

2147 4273 2403 4330 Genitum
2432 4271 2500 4326 ab
2531 4266 2772 4339 ingenito
2794 4308 2809 4332 ,
2836 4275 2889 4319 et
2920 4263 3124 4318 factum
3159 4276 3188 4314 a
3225 4276 3330 4314 non
3366 4257 3510 4313 iacto
3538 4271 3678 4310 mu.-

2082 4378 2198 4444 tum
2233 4370 2434 4424 distant
2464 4386 2480 4422 :
2515 4364 2786 4421 contraria
2818 4362 2966 4418 enim
2997 4362 3139 4414 inter
3164 4376 3222 4413 se
3254 4372 3374 4412 esse
3405 4356 3676 4411 videntur.

390 4447 479 4499 τία
506 4449 610 4518 γὰρ
640 4447 888 4517 ἀλλήλοις
917 4448 988 4501 τά
1011 4447 1247 4502 ,τοιαῦτα
1274 4450 1544 4517 φαίνεται.
1572 4450 1631 4500 Εἰ
1662 4448 1842 4503 τοίνυν
1869 4449 1975 4500 πᾶν

2087 4462 2140 4517 Si
2193 4461 2358 4531 igitur
2404 4474 2566 4513 omne
2613 4456 2757 4525 quod
2812 4471 2878 4507 ex
2923 4453 3066 4507 facto
3116 4452 3386 4522 gignitur,
3429 4457 3677 4501 naturain

390 4541 530 4608 ὅπερ
564 4539 627 4591 ἂν
660 4542 722 4592 ὲκ
749 4539 978 4611 γενητοῦ
1012 4540 1260 4610 γένηται,
1298 4541 1583 4594 ἀκολουθεῖ
1640 4541 1859 4603 πάντως
1910 4543 1974 4610 τῇ

392 4631 570 4701 οἰκεία
602 4630 783 4700 φύσει,
816 4631 911 4684 καὶ
942 4629 1058 4684 ἔστι
1078 4633 1303 4701 γενητὸν
1326 4631 1414 4684 διὰ
1435 4633 1495 4684 τὸ
1522 4634 1585 4684 ὲκ
1613 4631 1858 4684 τοιοῦτον)
1882 4631 1979 4701 τὴν

393 4720 628 4790 ὓπαρξιν
656 4721 818 4792 ἔχειν,
851 4722 1162 4791 ἀναγκαίως
1184 4722 1335 4775 ἔσται
1364 4723 1458 4776 καὶ
1487 4724 1546 4777 τὸ
1577 4723 1844 4788 ἐναντίον,
1885 4725 1980 4777 καὶ

324 4823 328 4826 ’
395 4814 503 4865 πᾶν
530 4814 668 4880 ὅπερ
714 4814 781 4867 ἂν
806 4813 864 4877 ἐξ
887 4815 1150 4884 ἀγενήτου
1202 4814 1462 4884 γεννηθῇ,
1488 4814 1648 4867 τοῦτό
1678 4816 1827 4867 ἐστιν
1851 4815 1980 4882 ἀγὲ-

394 4922 574 4974 νητον.
613 4903 876 4974 Ἐγενήθη
936 4904 992 4957 δὲ
1043 4906 1070 4957 6
1133 4904 1256 4972 Υἱὸς
1288 4905 1347 4969 ἐξ
1410 4906 1677 4975 ἀγενήτου
1727 4905 1942 4975 Πατρός
1961 4905 1979 4938 ·’

394 4996 655 5064 ἀγένητος
680 4997 787 5066 ἄρα
819 4995 913 5049 καὶ
941 4994 1104 5058 αὐτὸς
1157 4997 1253 5049 καὶ
1296 4995 1375 5068 τῷ
1427 4997 1643 5049 τεκόντι
1668 4997 1938 5063 συναῖδιος
1959 5044 1974 5064 ,

397 5086 584 5152 σώζων
622 5091 678 5140 ὲν
697 5087 874 5158 ἐαυτῷ
899 5089 998 5160 τῆς
1042 5088 1301 5160 πατρῴας
1341 5090 1557 5158 φύσεως
1574 5089 1635 5142 τὸ
1664 5088 1903 5161 ἀξίωμα.

656 5201 971 5268 Ὰντίθεσις
1019 5202 1099 5268 ὠς
1131 5203 1198 5256 ἐκ
1236 5202 1356 5257 τῶν
1396 5202 1726 5271 αἱρετικῶν.

469 5314 625 5367 Καιά
648 5313 804 5368 τοῦτό
839 5333 1017 5388 φαμεν
1064 5319 1158 5372 καὶ
1205 5317 1360 5372 αὐτοὶ
1411 5319 1678 5372 συναῒδιον
1712 5313 1850 5372 εἶναι
1903 5320 1980 5388 τῷ

401 5405 576 5477 Πατρῖ
604 5407 697 5459 τὸν
730 5407 877 5473 Υἰὸν,
912 5409 973 5461 οὐ
1016 5409 1152 5463 καθὸ
1181 5405 1250 5480 ἦν
1281 5411 1368 5464 ἀεὶ
1414 5412 1509 5464 σὺν
1559 5410 1728 5482 αὐτῷ,
1762 5411 1875 5464 ἀλλ’
1898 5411 1979 5464 ὅτι

395 5498 457 5550 τὸ
491 5497 666 5551 θέλειν
691 5498 778 5552 ἀεὶ
806 5499 898 5553 τὸν
921 5499 1050 5555 Υίὸν
1079 5495 1221 5573 εἶχεν
1251 5504 1279 5557 6
1306 5503 1494 5575 Πατὴρ
1520 5504 1577 5558 ὲν
1599 5503 1796 5575 ἐαυτῷ.

468 5759 514 5792 ⁸⁸
537 5757 693 5818 Joan.
728 5775 764 5827 l,
798 5760 855 5816 3.

2081 4570 2234 4610 suam
2266 4553 2487 4606 omnino
2514 4553 2784 4620 sequitur,
2807 4559 2855 4601 et
2881 4546 3084 4598 factum
3115 4555 3195 4598 est
3221 4553 3511 4612 preplerea
3537 4541 3678 4609 quod

2077 4661 2144 4702 ex
2171 4645 2257 4700 tali
2288 4644 2662 4700 cxsisteutiam
2689 4656 2840 4696 suam
2868 4640 3097 4698 habeat;
3126 4647 3462 4689 contrarium
3491 4632 3677 4698 eadem

2077 4737 2240 4791 etiam
2271 4737 2483 4790 ratione
2513 4750 2572 4790 se
2605 4736 2804 4789 habeat
2833 4745 3057 4784 necesse
3088 4738 3204 4790 est,
3233 4738 3283 4780 et
3314 4723 3577 4794 quidquid
3612 4738 3676 4775 ex

2079 4844 2186 4884 non
2229 4827 2374 4883 facto
2418 4828 2678 4897 gignitur,
2710 4840 2817 4878 non
2861 4822 3062 4876 factum
3105 4822 3268 4875 etiam
3313 4825 3416 4873 est.
3445 4815 3679 4870 Genitus

2083 4931 2266 4976 autem
2292 4918 2562 4974 estFilius
2592 4934 2657 4972 ex
2690 4933 2796 4970 non
2821 4914 2968 4969 factu
3003 4914 3193 4978 Patre;
3222 4926 3350 4982 ergo
3377 4919 3430 4964 et
3454 4910 3569 4976 ipse
3594 4917 3680 4961 est

2083 5030 2189 5068 non
2225 5013 2431 5074 lactus,
2463 5020 2516 5064 et
2553 5008 2786 5077 genituri
2821 5021 2921 5060 suo
2958 5015 3260 5060 comternus
3293 5011 3409 5066 est,
3438 5009 3678 5069 paterna:

2084 5117 2288 5163 natura:
2320 5105 2637 5175 dignitatem
2673 5103 2726 5155 in
2758 5117 2817 5155 se
2848 5102 3107 5154 retinens.

2543 5211 2780 5281 Objeclio
2825 5209 3213 5262 liwreticarum.

2155 5328 2263 5382 llac
2297 5327 2526 5388 ratione,
2555 5322 2826 5391 inquiunt,
2849 5319 3013 5374 etiam
3045 5331 3141 5369 nos
3169 5324 3497 5368 coazternum
3526 5309 3673 5362 Patri

2082 5420 2275 5475 Filium
2300 5435 2417 5474 esse
2441 5417 2697 5480 dicimus,
2716 5429 2823 5468 non
2847 5411 2988 5482 quod
3013 5423 3227 5476 semper
3247 5423 3366 5460 cum
3394 5406 3514 5474 ipso
3534 5414 3672 5466 erat.

2081 5513 2174 5568 sed
2207 5511 2351 5581 quod
2385 5510 2716 5564 voluntatem
2758 5503 2988 5561 habendi
3022 5500 3218 5556 Filium
3258 5498 3420 5552 Pater
3456 5511 3665 5568 semper

2103 5607 2154 5661 in
2190 5620 2249 5660 se
2284 5601 2550 5658 habuerit.
