4048 6432
437 438 505 497 δυ
1852 429 2302 489 τηεεΑυιιυδ.
3649 425 3719 481 ω

805 551 1007 616 ΑΛΛΟ,
1041 545 1636 617 ὄιηγηματικώτερον.

2584 545 2795 602 ALIUD
2827 584 2841 611 ,
2867 508 3200 616 explicatius.

503 665 564 717 Ei
591 662 794 725 τέλειός
821 664 966 715 ἐστιν
987 662 1015 714 ὁ
1043 660 1230 729 Πατὴρ
1260 660 1317 710 ἐν
1341 661 1407 728 τῇ
1431 656 1596 709 αὐτοῦ
1631 658 2007 725 μεγαλειότητι

2189 657 2245 711 Si
2277 656 2549 726 perfectus
2585 667 2670 712 est
2715 657 2878 712 Pater
2907 657 2960 710 in
3024 671 3122 711 sua
3174 655 3458 727 majestate
3501 656 3717 712 etiamsi

431 753 534 807 κᾶν
567 752 771 824 μηδένα
804 751 1014 821 καρπὸν
1051 748 1152 820 ἔχῃ
1184 746 1305 798 καθ’
1339 747 1504 814 ὑμᾶς,
1536 742 1736 810 ἔξωθεν
1767 742 1873 813 ἄρα
1918 742 2011 795 καὶ

430 847 530 901 οὒκ
557 847 620 898 ὲκ
649 845 752 913 τῆς
780 843 964 906 οὐσίας
993 839 1158 894 αὑτοῦ
1196 841 1422 908 γέγονεν
1453 836 1480 890 ὁ
1520 837 1670 900 Υἱὸς,
1701 836 1889 905 ὥσπερ
1919 835 2012 887 καὶ

429 940 496 992 τὰ
522 940 801 1007 ποιήματα
819 953 832 967 ο
873 933 1103 1005 περιττὴ
1143 932 1200 985 δὲ
1231 933 1360 995 ἴσως
1397 931 1490 983 καὶ¹
1519 929 1640 982 οὐδὲ
1684 929 1817 992 ὅλως
1843 929 2010 995 ἀναγ-

433 1030 561 1082 καία
596 1031 629 1099 ή
673 1030 753 1098 είς
793 1027 855 1080 τὸ
885 1022 1025 1078 εἶναι
1072 1023 1303 1094 πάροδος
1322 1021 1520 1089 αὑτοῦ,
1565 1019 1816 1092 καθάπερ
1851 1021 1885 1088 ἡ
1918 1013 2011 1073 ἀύ-

430 1120 663 1192 θρὼπων
693 1121 854 1190 τυχὸν
881 1119 975 1172 καὶ
1002 1120 1036 1188 ἡ
1058 1116 1167 1168 τῶν
1193 1116 1367 1170 ἄλλων
1393 1114 1734 1185 ποιημάτων.
1771 1113 1879 1166 Καὶ
1901 1112 2010 1183 γὰρ

428 1211 524 1264 καὶ
573 1211 700 1280 πρὶν
737 1209 895 1280 ἡμῶν
938 1206 1215 1276 γενέσθαι,
1246 1201 1314 1277 ἦν
1346 1205 1504 1258 τοῦτο
1549 1203 1682 1267 Θεὸς
1727 1203 1864 1275 ὅπερ
1914 1204 2010 1256 νῦν

427 1304 562 1366 ἑστι,
597 1302 690 1354 καὶ
717 1300 1023 1370 γενομένων
1047 1298 1226 1370 ήμῶν,
1256 1300 1314 1351 ἐν
1334 1296 1617 1367 ταυτότητι
1644 1295 1814 1366 μένει.
1845 1295 2012 1348 Οὐδὲν

429 1394 538 1464 γὰρ
561 1393 709 1461 αὐτῷ
746 1390 1110 1461 προστίθεμεν
1151 1391 1217 1443 ἐκ
1261 1388 1354 1444 τοῦ
1383 1389 1459 1458 μὴ
1489 1388 1642 1451 ὄντος
1680 1389 1760 1450 είς
1785 1387 1846 1440 τὸ
1870 1383 2010 1440 εἶναι

426 1483 776 1552 καλουμενοι·
826 1480 950 1534 οὔτε
997 1471 1101 1552 μὴν
1152 1477 1574 1550 ἀφαιρησόμεθα
1615 1495 1667 1532 τι
1716 1479 1815 1550 τὴν
1859 1479 2010 1532 θείαν

427 1573 589 1642 φύσιν
627 1571 813 1633 αὑτοῦ,
860 1570 1012 1624 οὔπω
1049 1571 1112 1623 τὸ
1150 1566 1288 1623 εἶναι
1334 1568 1610 1638 λαχόντες.
1655 1569 1869 1639 ’Ὥσπερ
1914 1563 2008 1622 οὖν

427 1665 604 1734 ἡμεῖς,
657 1662 841 1732 ἐπειδὴ
893 1661 1260 1732 πεποιήμεθα,
1309 1661 1468 1730 χάριν
1528 1659 1721 1729 ἔχομεν
1773 1658 1850 1729 τῷ
1899 1661 2008 1729 Δη-

429 1754 694 1826 μιουργῷ,
742 1751 1072 1824 ὁμολογείτω
1101 1753 1195 1805 καὶ⁵
1246 1753 1274 1804 ό
1325 1751 1486 1813 Υίός·
1527 1750 1621 1802 καὶ
1669 1749 1810 1802 ἔστω
1842 1749 2006 1804 πάλιν

426 1847 557 1916 ἡμῖν
593 1848 693 1898 κάν
721 1844 896 1914 τούτῳ
927 1842 1334 1912 παραπλήσιος,
1367 1839 1566 1905 ἔξωθεν
1600 1841 1690 1894 καὶ
1718 1841 1881 1902 αὐτὸς
1916 1857 2007 1909 γε-

425 1935 618 2004 γονὼς,
652 1935 902 2006 καθάπερ
932 1936 1110 2005 ἡμεῖς.
1155 1932 1294 1986 Ἀλλ’
1341 1933 1456 1984 ἐστι
1489 1931 1646 1985 τοῦτο
1687 1931 1849 2002 βυθὸς
1880 1931 2000 1986 δυσ-

425 2013 655 2098 φημίας.
715 2025 942 2094 Φεύγειν
986 2021 1079 2078 οὖν
1124 2025 1421 2092 ἀναγκαῖον
1456 2022 1609 2085 αὐτὸ,
1651 2023 1744 2075 καὶ
1773 2021 1850 2090 τῷ
1886 2039 2008 2089 γεν·

423 2121 625 2189 νήματι
669 2117 866 2181 σώζειν
909 2114 972 2168 τὸ
1021 2118 1084 2168 ἐκ
1129 2115 1230 2184 τῆς
1258 2113 1353 2195 τοῦ
1397 2113 1787 2183 γεγεννηκότος
1819 2111 2005 2176 οὐσίας

423 2208 690 2278 ὕπάρχειν
713 2205 906 2258 ’ποῦτω
940 2205 1046 2276 γὰρ
1078 2204 1142 2258 ἂν
1170 2203 1375 2275 εἴηικαὶ
1403 2203 1670 2273 γέννημα.
1721 2201 2006 2271 ’Λγένητος

423 2299 480 2351 δὲ
531 2300 561 2367 ή
611 2297 766 2349 οὐσία
813 2295 907 2348 τοῦ
957 2295 1206 2367 Πατρός·
1248 2295 1508 2363 ἀγένητον
1543 2293 1652 2362 ἄρα
1696 2293 1792 2346 καὶ
1839 2292 1901 2346 τὸ
1948 2291 2006 2356 ἐξ

421 2389 594 2456 αὐτῆς
623 2388 914 2458 προελθὸν,
946 2387 1226 2440 τουτέστιν
1259 2387 1286 2438 ὁ
1317 2383 1461 2448 Υἱός.

560 2501 764 2567 AAAO,
797 2502 878 2567 ὡς
907 2500 975 2566 ἐξ
1003 2498 1361 2564 ἀντιθέσεως
1399 2497 1520 2551 τῶν
1548 2497 1874 2566 αΙρετικῶν.

493 2595 567 2645 Οὐ
593 2592 833 2656 πάντως,
865 2593 1019 2662 φησι,
1044 2591 1132 2646 διὰ
1150 2602 1210 2645 το
1243 2586 1384 2644 εἶναι
1408 2589 1770 2660 καρπογόνον,
1797 2589 2004 2652 τέλειός

419 2684 571 2735 ἐστιν
603 2687 630 2735 ὁ
657 2683 808 2747 Θεός.
851 2683 1012 2736 Ἀλλὰ
1038 2682 1171 2746 Θεὸς
1196 2681 1293 2746 ὢν,
1327 2681 1419 2735 καὶ
1463 2681 1550 2734 διὰ
1584 2679 1743 2734 τοῦτο
1775 2682 2000 2747 τέλειος,

420 2775 611 2844 γέγονε
639 2777 732 2828 καὶ
766 2769 975 2846 Πατήρ.

915 2887 1070 2955 Πρὸς
1099 2885 1276 2939 τοῦτο
1312 2885 1513 2950 λύσις.

493 2980 695 3033 Εἴπατε
720 2978 1006 3050 τοιγαροῦν
1036 2979 1169 3048 ἡμῖν
1197 2977 1247 3029 οἱ
1274 2975 1409 3044 πρὸς
1443 2971 1711 3044 τοσαύτην
1747 2972 2002 3026 ἀσέϐειαν

419 3071 692 3126 ἐκϐαίνειν
739 3073 798 3123 οὐ
835 3069 1286 3141 παραιτούμενοι,
1326 3070 1374 3120 εί
1421 3064 1715 3136 ἐπισυνέϐη
1764 3063 1842 3135 τῷ
1883 3063 2002 3135 Θεῷ

420 3164 482 3218 τὸ
500 3161 753 3231 γενέσθαι
784 3161 1020 3230 Πατέρα,
1047 3159 1098 3212 τί
1125 3155 1191 3230 ἦν
1222 3159 1329 3229 ἄρα
1355 3158 1482 3228 πρὶν
1512 3158 1736 3226 γένηται
1771 3155 1998 3225 Πατήρ;

2119 747 2384 815 fecundus
2425 763 2530 803 non
2562 749 2735 814 sit,.ut
2760 765 2855 803 vos
2887 748 3210 816 opinamini,
3248 757 3303 802 et
3336 748 3715 813 extrinsecus,

2127 857 2233 896 non
2258 850 2438 895 autem
2473 856 2540 895 ex
2576 840 2693 908 ejus
2718 841 2954 896 essentia
3002 840 3178 894 factus
3223 848 3304 894 est
3339 839 3528 906 Filius,
3575 841 3718 894 sicut

2119 943 2171 985 et
2207 943 2508 988 creaturae:
2542 931 2812 1001 superﬂua
2845 931 3010 986 inerit
3045 945 3220 999 neque
3256 931 3478 985 omnino
3525 945 3718 986 neces-

2119 1023 2400 1091 sarias-jus
2431 1024 2641 1077 adesse
2671 1021 2973 1089 productio,
3018 1020 3473 1088 quemadmodum
3541 1021 3719 1075 honu-

2119 1128 2246 1165 num
2307 1110 2449 1166 forte
2506 1121 2562 1165 et
2618 1111 2850 1165 aliarum
2921 1121 3322 1165 creaturarum.
3390 1110 3715 1180 Priusquam

2117 1203 2260 1256 enim
2297 1216 2396 1256 nos
2429 1216 2760 1266 crearemur,
2789 1202 2929 1256 Deus
2962 1203 3011 1256 id
3045 1203 3220 1272 ipsum
3252 1211 3370 1258 erat
3400 1202 3545 1272 quod
3573 1217 3719 1258 nunc

2115 1305 2220 1358 est,
2254 1301 2309 1347 et
2340 1293 2545 1347 creatis
2576 1292 2732 1347 nobis
2757 1293 2899 1346 idem
2930 1293 3257 1361 permansit.
3294 1291 3440 1347 Nihil
3471 1293 3617 1348 enim
3664 1294 3717 1350 ei

2116 1386 2421 1440 addidimus
2447 1400 2513 1439 ex
2533 1385 2702 1440 nihilo
2732 1387 2800 1439 ad
2831 1399 2956 1440 esse
2987 1386 3220 1440 traducti
3248 1403 3264 1450 ;
3315 1400 3491 1456 neque
3554 1387 3715 1456 quid-

2115 1493 2276 1546 quam
2343 1477 2540 1531 divinae
2615 1477 2732 1545 ejus
2810 1488 3018 1533 naturae
3071 1479 3420 1533 detrahemus
3479 1480 3716 1535 nendum

2117 1566 2393 1621 consecuti
2431 1575 2489 1620 ut
2526 1567 2718 1622 simus.
2769 1565 3233 1632 Quemadmodum
3269 1567 3432 1637 igitur
3469 1583 3566 1623 nos
3585 1583 3716 1638 gra-

2119 1659 2220 1712 tias
2241 1658 2450 1724 agimus
2477 1658 2746 1722 Creatori,
2779 1662 2922 1726 quod
2947 1657 3076 1712 facti
3106 1673 3319 1723 sumus,
3351 1657 3524 1713 Filius
3573 1673 3716 1728 quo-

2115 1763 2220 1818 que
2244 1749 2497 1804 similiter
2520 1758 2643 1819 agat
2663 1767 2676 1803 :
2699 1749 2995 1820 eademque
3020 1751 3229 1806 ratione
3253 1761 3527 1806 statuatur
3550 1753 3714 1806 etiam

2116 1840 2272 1894 nobis
2306 1840 2522 1906 similis,
2541 1839 2795 1894 nimirum
2820 1842 3183 1908 extrinsecus,
3207 1842 3348 1897 sicut
3367 1857 3486 1908 nos,
3517 1842 3712 1898 factus.

2115 1931 2383 1985 (laterum
2420 1932 2536 1986 hzec
2563 1939 2621 1986 ut
2651 1942 2865 1988 summa
2895 1931 3235 2003 blasphemia
3263 1933 3582 1988 detestanda
3614 1948 3715 1989 no-

2116 2024 2197 2077 bis
2224 2033 2326 2086 est,
2363 2033 2414 2077 et
2437 2024 2697 2093 genimiui
2731 2027 2834 2081 hoc
2863 2026 3214 2082 tribuendum
3249 2034 3354 2090 est,
3383 2035 3442 2080 ut
3497 2041 3565 2080 ex
3604 2025 3716 2082 Ge-

2117 2116 2308 2168 nitoris
2362 2115 2596 2181 essentia
2673 2118 2922 2171 exsistat.
2988 2116 3080 2171 Sic
3127 2117 3272 2170 enim
3323 2115 3488 2172 etiam
3562 2118 3715 2188 geni-

2117 2224 2240 2262 men
2299 2208 2481 2262 fuerit.
2520 2206 2645 2262 Non
2707 2218 2789 2264 est
2856 2219 3034 2266 autem
3102 2210 3248 2265 Tacta
3309 2211 3549 2265 essentia
3608 2211 3713 2264 Pa-

2116 2300 2214 2353 tris
2247 2317 2261 2365 ;
2293 2316 2420 2370 ergo
2469 2316 2566 2354 nec
2623 2301 2673 2355 id
2726 2304 2870 2372 quod
2919 2318 2982 2355 ex
3034 2316 3098 2355 ea
3145 2301 3431 2371 procedit,
3483 2303 3583 2357 hoc
3629 2313 3716 2358 est

2116 2386 2303 2442 Filius.

2362 2503 2575 2559 ALIUD
2599 2545 2612 2568 ,
2652 2521 2716 2558 ea:
2749 2505 3036 2574 objections
3067 2505 3458 2558 haereticorum.

2185 2593 2301 2648 Non
2341 2595 2394 2649 in
2429 2601 2765 2661 universum,
2798 2596 3067 2664 inquiunt,
3106 2595 3229 2664 quia
3286 2594 3551 2649 fecundus
3603 2605 3708 2662 est,

2113 2685 2389 2754 perfectus
2427 2697 2509 2741 est
2543 2688 2703 2742 Deus.
2739 2687 2844 2741 Sed
2882 2688 3031 2741 Deus
3060 2704 3181 2740 cum
3237 2687 3328 2753 sit,
3375 2699 3538 2758 atque
3562 2679 3632 2744 ob
3662 2691 3713 2743 id

2115 2776 2411 2844 perfectus,
2441 2777 2616 2831 factus
2646 2788 2728 2833 est
2750 2779 2915 2831 etiam
2946 2777 3128 2831 Pater.

2799 2889 3028 2944 Salutio.

2174 2979 2357 3037 Dicite
2388 2996 2517 3051 ergo
2551 2981 2707 3036 nobis
2725 2983 2824 3051 qui
2851 2982 2903 3034 in
2953 2993 3160 3036 tantam
3187 2982 3523 3049 inmietatem
3576 3000 3703 3054 pro-

2112 3089 2364 3141 rumpere
2393 3089 2498 3127 non
2528 3074 2809 3137 veremini,
2841 3073 2886 3127 si
2936 3074 3039 3127 hoc
3075 3082 3255 3140 postea
3314 3075 3546 3128 accessit
3605 3077 3712 3129 Deo

2113 3176 2168 3216 ut
2195 3163 2356 3218 Pater
2406 3163 2578 3226 fieret,
2623 3163 2750 3230 quid
2777 3172 2896 3216 erat
2933 3163 3247 3230 priusquam
3308 3161 3460 3216 ﬂeret
3497 3163 3714 3218 Pater?

422 3257 497 3310 Τὸ
529 3256 636 3324 γὰρ
662 3255 797 3316 ὅλως
824 3254 902 3318 ὃν,
936 3252 1050 3307 ἐστι
1079 3270 1132 3305 τι
1167 3253 1384 3314 πάντως
1404 3266 1418 3281 ·
1440 3251 1473 3322 ἢ
1507 3251 1616 3320 γὰρ
1635 3249 1884 3318 λέγοντες
1905 3248 2005 3300 οὐκ

2118 3251 2250 3306 Nam
2281 3253 2331 3306 id
2367 3253 2510 3322 quod
2534 3261 2636 3316 est,
2671 3253 2872 3322 aliquid
2901 3253 3123 3307 omnino
3151 3252 3221 3305 sit
3250 3263 3496 3322 oportet;
3542 3266 3633 3308 aut
3665 3257 3710 3310 si

420 3343 562 3402 εἷναί
597 3363 724 3400 ποτε
760 3346 979 3416 Πατέρα
1020 3345 1111 3398 τὸν
1151 3343 1302 3405 Θεὸν,
1359 3341 1658 3414 μαχόμενοι
1691 3343 1891 3404 πάσαις
1918 3341 2008 3393 εὐ-

424 3437 721 3510 ρεθήσεσθε
744 3440 864 3500 ταῖς
895 3436 1138 3506 Γραφαῖς
1162 3451 1174 3462 ·
1209 3434 1270 3487 οὐ
1299 3431 1408 3502 γὰρ
1439 3433 1588 3484 ῐσασι
1617 3431 1708 3484 τὸν
1738 3431 1872 3484 Θεὸν
1909 3433 2010 3484 οὐκ

421 3531 550 3582 ὄντα
575 3528 793 3598 Πατέρα
815 3542 828 3556 ·
857 3527 890 3597 ἢ
921 3527 1014 3578 καὶ
1055 3526 1210 3578 αὐτοὶ¹
1241 3520 1651 3593 συγχωροῦντες
1681 3523 2010 3591 ἐνυπάρχειν

423 3621 512 3675 ἀεὶ
541 3619 618 3691 τῷ
649 3619 768 3690 Θεῷ
795 3619 895 3688 τὴν
928 3617 1022 3671 τοῦ
1067 3613 1282 3687 Πατρὸς
1315 3615 1656 3685 ἐπωνυμίαν,
1695 3613 2009 3681 ἀναγκαίως

423 3711 574 3782 αὐτῷ
620 3713 677 3765 τὸ
703 3711 760 3777 ἐξ
789 3709 956 3763 αὐτοῦ
1009 3707 1394 3761 συνεισοίσετε.
1444 3707 1519 3760 Οὐ
1555 3705 1662 3777 γὰρ
1699 3704 1766 3758 ἂν
1799 3704 2010 3773 λέγοιτο

426 3802 614 3874 Πατὴρ
651 3803 751 3856 οὐκ
783 3803 933 3865 ὄντος
968 3798 1120 3852 Υίοῦ.

1112 3979 1318 4032 ΔΛΛΟ.

497 4099 560 4152 Εἰ
603 4097 744 4167 μέγα
775 4113 828 4148 τι
862 4086 1181 4165 χαρίζεσθαι
1217 4091 1531 4163 νομίζουσιν
1565 4093 1612 4144 oi
1649 4091 2007 4163 χριστομάχοι

423 4188 504 4260 τῷ
536 4187 676 4258 Θεῷ,
725 4187 943 4257 Πατέρα
1000 4185 1096 4254 μὲν
1145 4184 1204 4250 ἐξ
1250 4178 1426 4255 ἀρχῆς
1477 4183 1576 4254 οὐχ
1620 4182 2009 4252 ὁμολογοῦντες

424 4274 607 4344 αὐτὸν,
650 4277 781 4330 Θεὸν
812 4277 867 4328 δὲ
897 4272 1034 4329 εἶναι
1079 4275 1333 4338 διδόντες,
1379 4275 1726 4346 ἀκουέτωσαν
1757 4275 1838 4328 ὃτι
1887 4273 2008 4327 λίαν

426 4371 728 4443 ὑϐρίζουσι,
755 4371 1077 4440 πράγματος
1112 4366 1536 4437 ἀξιολογωτέρου
1562 4365 1660 4436 τὴν
1690 4364 1838 4417 θείαν
1871 4366 2008 4419 ἀπο-

425 4462 746 4535 στεροῦντες
780 4461 960 4531 φύσιν.
997 4461 1128 4522 Θεὸς
1177 4459 1275 4528 μὲν
1308 4457 1417 4527 γὰρ
1457 4457 1533 4520 ὡς
1564 4457 1699 4527 πρὸς
1741 4456 1808 4510 τὰ
1845 4455 2008 4510 δοῦλα

426 4557 520 4610 καὶ
545 4554 613 4607 τὰ
639 4553 873 4624 γενητήν
907 4551 1098 4622 ἔχοντα
1139 4550 1236 4621 τὴν
1266 4550 1453 4603 οὐσίαν
1493 4549 1604 4620 ἔχει
1637 4550 1733 4622 τὴν
1781 4552 1964 4622 σχέσιν
1990 4567 2004 4580 ·

427 4646 616 4716 Πατὴρ
662 4645 718 4698 δὲ
747 4645 821 4707 ὡς
869 4643 1006 4713 πρὸς
1040 4642 1188 4696 Υίὸν.
1228 4642 1493 4711 Λέγοντες
1526 4640 1704 4696 τοίνυν
1745 4644 1825 4696 ὅτι
1873 4643 2006 4706 Θεὸς

431 4740 530 4811 μὲν
562 4735 629 4810 ἦν
665 4736 921 4807 ἐξαρχῆς,
954 4733 1108 4787 οὔπω
1155 4732 1213 4785 δέ
1257 4733 1352 4788 καὶ
1385 4733 1595 4804 Πατὴρ,
1642 4733 1739 4803 τὴν
1772 4734 1908 4804 πρὸς
1939 4734 2006 4787 τὰ

425 4834 588 4888 δοῦλα
641 4831 824 4900 σχέσιν
873 4829 1247 4900 προσάπτουσι
1294 4825 1372 4894 τῷ
1424 4827 1561 4896 Θεῷ,
1611 4828 1704 4880 τοῦ
1764 4829 2007 4898 μείζονος

426 4921 858 4994 ἀποστεροῦντες
885 4919 1049 4973 αὐτόν
1069 4935 1081 4948 ·
1119 4921 1369 4990 κρεῖττον
1405 4919 1513 4989 γὰρ
1543 4918 1602 4971 τὸ
1641 4920 1860 4988 Πατέρα
1886 4937 2008 4989 γεν-

429 5020 668 5087 νήματος
722 5010 880 5076 εἱναι,
928 5011 1027 5064 καὶ
1055 5009 1328 5075 τοσοῦτον,
1367 5010 1476 5080 ὅσῳ
1529 5012 1830 5082 ποιήματος
1885 5011 2007 5075 Υἱὸς

428 5107 696 5178 διαφέρει.
763 5102 1061 5174 Ἐφ’ἡμῶν
1117 5102 1215 5174 μὲν
1280 5102 1388 5173 γὰρ
1421 5103 1671 5171 λέγεται·
1732 5121 1750 5157 t
1817 5103 2007 5173 Ἡμεῖς

428 5201 556 5264 λαὸς
591 5198 759 5269 νομῆς
782 5195 970 5258 αὑτοῦ,
1003 5194 1096 5247 καὶ
1122 5194 1368 5263 πρόϐατα
1402 5195 1582 5265 χειρὸς
1608 5194 1796 5248 αὑτοῦ.
1827 5214 1844 5246 ι
1871 5197 2007 5267 Περὶ

430 5292 488 5347 δὲ
520 5290 649 5344 Υίοῦ
669 5306 686 5321 ⁶
725 5309 742 5340 ι
793 5289 888 5351 ’ος
918 5289 974 5340 ἐν
1008 5289 1187 5358 μορφῇ
1221 5285 1354 5338 Θεοῦ
1387 5287 1667 5357 ὑπάρχων,
1698 5288 1797 5358 οὐχ
1831 5289 2009 5359 ἁρπα-

430 5385 570 5453 γμὸν
602 5383 848 5452 ἡγήσατο
883 5378 941 5431 τὸ
993 5373 1129 5430 εἶναι
1179 5381 1268 5431 ἴσα
1297 5377 1449 5450 Θεῷ·
1490 5396 1508 5429 ι
1545 5380 1638 5432 καὶ
1673 5380 1832 5433 πάλιν
1873 5381 2009 5451 πρὸς

431 5475 593 5529 αὐτόν
615 5490 628 5502 ⁸
662 5491 679 5523 ι
713 5470 893 5525 Κάθου
927 5471 988 5521 ἐκ
1016 5468 1206 5534 δεξιῶν
1232 5486 1352 5539 μου.
1397 5488 1413 5520 ι
1454 5469 1594 5538 Ὂση
1623 5471 1706 5533 τίς
1737 5466 1829 5524 οὖν
1864 5473 2008 5524 ἐστιν

433 5563 466 5632 ή
499 5560 731 5630 διαφορὰ
761 5557 1063 5628 ποιήματος
1099 5557 1191 5609 καὶ
1227 5557 1378 5622 Υἱοῦ,
1431 5558 1525 5610 καὶ
1563 5558 1651 5612 διὰ
1689 5559 1892 5613 τούτων
1938 5564 2012 5613 εξ-

436 5650 658 5704 σόυιεθα.

495 5845 544 5878 ⁸⁵
587 5847 725 5902 Psal.
774 5863 914 5911 scas,
956 5849 1010 5916 5,.
1086 5851 1130 5882 ⁵⁸
1166 5848 1399 5918 Philipp.
1432 5867 1490 5914 tt,
1534 5850 1584 5904 7.

2114 3361 2219 3399 non
2255 3359 2377 3400 esse
2404 3344 2622 3400 Patrem
2654 3345 2820 3398 Deum
2853 3345 3070 3410 dicatis,
3112 3346 3365 3399 omnibus
3396 3347 3572 3400 sacris
3600 3346 3713 3401 Lit-

2116 3431 2244 3485 teris
2274 3446 2574 3502 repugnare
2599 3431 3117 3501 deprehendemini:
3173 3448 3351 3503 neque
3405 3437 3550 3488 enim
3607 3437 3713 3492 illa:

2112 3531 2409 3588 agnoscunt
2449 3520 2637 3585 Deum,
2681 3522 2769 3590 qui
2804 3520 2962 3575 Pater
2995 3539 3098 3576 non
3139 3524 3207 3577 sit
3235 3540 3249 3588 ;
3277 3532 3371 3578 aut
3401 3524 3442 3578 si
3480 3541 3574 3580 vos
3606 3527 3711 3596 ipsi

2110 3612 2412 3666 conceditis
2446 3628 2663 3683 semper
2697 3615 2876 3668 inesse
2903 3614 3009 3668 Deo
3035 3615 3214 3669 Patris
3263 3617 3708 3686 appellationem,

2113 3703 2422 3758 necessario
2479 3705 2643 3758 etiam
2705 3707 2756 3760 id
2803 3706 2945 3776 quod
3008 3722 3070 3759 ex
3146 3711 3261 3775 ipso
3343 3711 3590 3777 prueeiit
3657 3711 3709 3766 ei

2113 3793 2384 3848 tribuetis.
2426 3794 2623 3865 Neque
2678 3798 2819 3851 enim
2872 3795 3034 3851 Pater
3086 3797 3192 3850 dici
3251 3809 3428 3866 potest
3476 3814 3582 3852 non
3615 3815 3710 3855 ex-

2113 3885 2356 3941 sisteutis
2380 3885 2529 3941 Filii.

2535 3961 2543 3976 '
2745 3977 2856 4047 39
2895 3975 3128 4032 ALIUD.

2184 4088 2240 4145 Si
2265 4091 2502 4146 haeretici
2543 4091 2722 4160 magni
2753 4090 2955 4161 aliquid
2981 4106 3102 4144 sese
3131 4090 3370 4145 tribuere
3388 4089 3497 4146 Deo
3520 4091 3707 4148 existi-

2111 4195 2282 4247 munt,
2309 4185 2450 4253 quod
2490 4183 2701 4237 Patrem
2734 4185 2904 4254 ipsum
2934 4185 3001 4238 ab
3036 4184 3187 4238 initio
3239 4182 3405 4238 fuisse
3465 4199 3706 4255 negent,

2111 4276 2278 4330 Deum
2306 4276 2522 4329 interim
2561 4290 2678 4330 esse
2707 4276 3060 4340 cenlitentes,
3100 4276 3208 4330 imo
3259 4291 3456 4344 magna
3513 4290 3703 4334 contu-

2113 4367 2271 4423 melia
2304 4382 2423 4423 sese
2448 4383 2570 4422 eum
2608 4367 2820 4423 allicere
2849 4369 3095 4432 credant,
3128 4383 3253 4422 cum
3311 4368 3546 4422 divinam
3605 4388 3704 4424 na-

2116 4470 2285 4515 turam
2321 4461 2566 4531 digniore
2606 4460 2760 4516 titulo
2788 4462 3022 4530 privam.
3061 4459 3194 4513 Nam
3231 4468 3288 4514 ut
3320 4460 3463 4516 Deus
3488 4463 3707 4518 relatio-

2114 4568 2234 4605 nem
2272 4551 2433 4607 habet
2460 4553 2526 4605 ad
2562 4551 2777 4607 servilia
2807 4562 2863 4606 et
2889 4561 3128 4606 creatam
3183 4553 3541 4606 substantiam
3603 4556 3700 4608 hn-

2113 4645 2338 4698 bentia:
2375 4644 2448 4697 ita
2485 4643 2649 4698 Pater
2707 4644 2772 4697 ad
2822 4643 3051 4697 Filium.
3103 4640 3237 4697 Cum
3289 4642 3471 4708 itaque
3519 4645 3703 4701 dicunt

2110 4737 2274 4790 Deum
2313 4737 2528 4805 quidem
2564 4738 2631 4792 ab
2672 4737 2831 4792 initio
2865 4737 3163 4802 exstitisse,
3191 4735 3404 4791 Patrem
3435 4753 3563 4793 vero
3598 4757 3704 4794 ttutt

2109 4828 2259 4891 item,
2294 4829 2755 4898 comparationem
2820 4829 2937 4882 sive
2981 4827 3296 4884 relationem
3359 4831 3426 4883 ad
3487 4831 3702 4884 servilia

2112 4918 2221 4972 Deo
2246 4919 2677 4986 accommodant,
2713 4921 3112 4991 praestantiore-
3133 4920 3400 4975 relatione
3430 4936 3554 4974 eum
3587 4925 3701 4992 pri-

2115 5022 2307 5066 vantes
2337 5029 2351 5064 :
2383 5012 2733 5081 praestantius
2760 5014 2903 5068 enim
2933 5022 3015 5066 est
3043 5011 3255 5071 Patrem
3276 5013 3566 5080 geniminis
3583 5030 3704 5069 esse

2116 5113 2169 5154 et
2199 5104 2415 5171 quidem
2450 5113 2619 5165 tanto,
2657 5113 2857 5171 quanto
2890 5103 3057 5157 Filius
3082 5112 3330 5157 creatura
3376 5113 3459 5157 est
3518 5106 3703 5160 excel-

2119 5194 2331 5247 lentior.
2364 5193 2498 5248 Nam
2523 5196 2594 5250 de
2619 5196 2777 5250 nobis
2803 5195 3027 5250 dicitur:
3051 5215 3068 5246 ι
3102 5196 3210 5249 Nos
3231 5195 3460 5264 populus
3489 5211 3702 5264 pascua.-

2115 5287 2249 5352 ejus,
2283 5295 2336 5339 et
2369 5300 2714 5340 oves-manus
2749 5300 2858 5340 suae
2887 5286 2988 5338 ⁵⁸.)
3030 5286 3101 5338 De
3135 5283 3270 5339 Filio
3302 5296 3478 5339 autem
3501 5304 3514 5339 :
3541 5305 3558 5337 ‹
3598 5286 3698 5354 Qui

2107 5392 2228 5430 cum
2266 5386 2408 5430 esset
2451 5379 2501 5430 iu
2537 5378 2704 5431 forma
2743 5377 2858 5444 Dei,
2883 5392 2989 5431 non
3029 5378 3271 5446 rapinam
3297 5386 3385 5431 est
3407 5378 3702 5432 arbitratus

2108 5482 2166 5520 se
2189 5482 2310 5523 esse
2337 5469 2604 5538 :L-qualcnt
2645 5467 2756 5522 Deo
2803 5469 2850 5501 “
2884 5485 2898 5533 ;
2937 5489 2953 5520 ι
3013 5478 3068 5522 et
3103 5484 3314 5522 rursum
3358 5468 3423 5521 ad
3479 5470 3699 5537 ipsum:

2115 5575 2130 5606 ι
2165 5557 2304 5613 Sede
2361 5576 2390 5612 a
2432 5560 2639 5614 dextris
2697 5563 2834 5616 meis
2889 5561 2954 5614 ⁵⁷.
3003 5580 3020 5610 ι
3084 5558 3357 5626 Quantum
3414 5560 3576 5629 igitur
3621 5561 3702 5615 in-

2113 5651 2267 5703 tersit
2315 5651 2452 5707 inter
2500 5665 2805 5708 creaturam
2857 5663 2912 5708 et
2970 5652 3185 5716 Filium,
3238 5667 3302 5705 ex
3356 5652 3439 5706 itis
3501 5653 3697 5710 intelii-

2112 5757 2308 5806 gttnus.

1628 5852 1670 5880 ⁵⁷
1713 5850 1858 5908 Psal.
1900 5869 2007 5920 t'tx,
2057 5858 2106 5908 ί.
