4048 6448
330 469 407 525 69
1749 464 2189 523 THESAURUS.
3527 468 3596 523 70

327 581 517 635 θεσίαν
546 582 613 636 δι’
640 582 825 649 αὐτοῦ,
860 585 951 636 καὶ
982 583 1203 652 γέγονεν
1233 582 1391 653 ἡμῶν
1418 583 1558 637 κατὰ
1607 583 1766 655 χάριν
1796 586 1901 639 Πα-

2009 595 2065 639 et
2097 585 2269 639 factus
2298 593 2380 640 est
2407 584 2571 640 Pater
2614 599 2713 656 per
2739 585 2969 655 gratiam
3013 591 3219 648 noster,
3247 582 3337 653 qui
3370 599 3463 654 per
3495 599 3595 638 ua-

331 670 435 744 τὴρ
458 675 488 726 ὁ
510 674 672 727 αὐτοῦ
707 674 847 728 κατὰ
865 674 1045 742 φύσιν.
1082 674 1505 746 Ἀναλαμδάνων
1526 674 1583 728 δὲ
1608 677 1689 740 εἰς
1712 677 1901 731 ἑαυτὸν

331 762 403 828 τὰ
433 763 606 832 ἡμῶν,
644 765 735 817 καὶ
769 764 845 828 ὡς
875 763 975 836 τὴν
1002 763 1096 817 τοῦ
1121 763 1308 818 δούλου
1338 766 1573 836 φορέσας
1598 766 1811 839 μορφὴν
1836 768 1903 823 τὰ

331 852 443 905 τῶν
475 852 691 907 οδούλων
736 855 1124 925 οἰκειούμενος,
1161 854 1343 924 λέγει·
1386 875 1405 908 ι
1439 857 1548 911 Καὶ
1593 858 1724 911 Θεόν
1776 876 1899 929 μου,

331 945 427 997 καὶ
456 944 587 997 Θεον
631 945 803 1013 ὑμῶν.
841 965 859 998 ι
899 944 1104 999 Οὐκοῦν
1132 946 1297 1000 αὑτοῦ
1339 947 1438 1017 μὲν
1486 947 1645 1017 φύσει
1692 949 1899 1020 Πατὴρ,

330 1034 490 1105 ημῶν
532 1036 586 1089 δὲ
632 1035 784 1099 Θεός.
818 1037 928 1091 Καὶ
955 1036 1161 1108 ἐπειδὴ,
1196 1036 1447 1109 καθάπερ
1480 1040 1578 1110 ἤδη
1621 1044 1901 1111 προεῖπον,

329 1122 398 1176 δι’
428 1123 558 1177 Υἱοῦ
587 1124 954 1195 πεποιήμεθα,
994 1123 1208 1195 πρῶτον
1250 1124 1403 1179 ἔσται
1445 1127 1653 1197 Πατὴρ,
1684 1123 1782 1179 εἷθ’
1809 1126 1903 1180 οὓ-

331 1230 439 1277 τως
465 1212 616 1278 Θεὸς,
656 1215 704 1266 εἰ
734 1215 829 1268 καὶ
860 1216 975 1286 ἅμα
1002 1216 1094 1269 καὶ
1127 1217 1512 1288 συνημμένως.

459 1395 660 1455 ΑΔΛΟ,
699 1395 782 1460 ὡς
809 1393 878 1457 ἐξ
909 1393 1267 1459 ἀντιθέσεως
1294 1393 1416 1447 τῶν
1440 1394 1760 1463 Εσύνομίου.

405 1504 700 1568 Συναῖδιον,
747 1507 902 1575 φησι,
956 1508 1050 1560 καὶ
1098 1506 1253 1561 αὐτοὶ
1299 1507 1377 1577 τῷ
1432 1508 1609 1578 Πατρὶ
1649 1507 1742 1561 τὸν
1778 1506 1906 1561 Υῑὸν

330 1596 700 1666 ὁμολογοῦμεν
755 1592 922 1660 εἶναι,
968 1596 1101 1651 καθὸ
1142 1597 1240 1669 τὴν
1279 1598 1372 1650 τοῦ
1422 1596 1680 1651 δύνασθαι
1726 1600 1904 1650 τεκεῖν

330 1690 495 1743 αὑτὸν
550 1688 798 1752 ἐξουσίαν
853 1686 997 1759 εἶχεν
1059 1692 1117 1742 ὲν
1169 1688 1345 1759 ἑαυτῷ
1404 1689 1500 1743 καὶ
1565 1690 1692 1759 πρὶν
1746 1688 1906 1741 αὑτὸν

330 1805 387 1858 τέ
396 1822 486 1878 κῃ.

810 1920 967 1986 Πρὸς
1006 1919 1183 1972 τοῦτο
1223 1918 1421 1982 λύσις.

401 2033 466 2085 Εἰ
494 2032 554 2083 τὸ
588 2031 841 2085 δύνασθαι
869 2033 1063 2100 γεννᾷν
1091 2031 1180 2083 τὸν
1218 2031 1435 2100 Πατέρα
1464 2030 1733 2082 σνδναῖδιον
1756 2028 1906 2098 αὐτῷ

326 2124 421 2176 τὸν
457 2124 582 2177 Υἰὸν
611 2118 749 2176 εἶναι
780 2124 941 2184 ποιεῖ,
980 2123 1071 2173 καὶ
1100 2122 1197 2191 οὐχ
1227 2122 1309 2172 ὅτι
1346 2120 1511 2186 συνῆν
1542 2120 1687 2188 αὐτῷ
1720 2136 1907 2189 γεννη-

328 2216 457 2279 τῶς,
484 2215 536 2266 τί
582 2214 813 2266 κωλύσει
859 2214 1033 2281 λέγειν
1084 2214 1296 2281 ὅτιπερ,
1328 2212 1511 2281 ἐπειδὴ
1558 2212 1617 2263 τὸ
1649 2210 1905 2263 δύνασθαι

328 2305 536 2366 κτίζειν
565 2301 630 2375 ἦν
661 2306 717 2355 ἐν
748 2304 884 2373 Θεῷ,
927 2304 1076 2356 ἔσται
1103 2304 1318 2365 πάντως
1352 2303 1499 2371 αὐτῷ
1530 2304 1621 2353 καὶ
1654 2304 1721 2354 τὰ
1749 2304 1905 2371 ποιή-

331 2413 478 2463 ματα
510 2396 783 2460 συναῖδια;
817 2396 877 2448 ΕΞ
908 2396 1011 2465 γὰρ
1038 2395 1099 2447 τὸ
1123 2394 1381 2446 δύνασθαι
1414 2395 1571 2463 μόνον
1616 2392 1675 2444 τὸ
1709 2394 1764 2444 ἐν
1795 2394 1905 2451 τοῖς

326 2487 653 2555 πράγμασιν
686 2486 1032 2553 ἀποτέλεσμα
1066 2488 1240 2556 φορεῖ,
1279 2482 1346 2555 ἦν
1377 2486 1481 2554 ἄρα
1517 2486 1609 2535 καὶ
1654 2485 1782 2552 πρὶν
1811 2486 1905 2551 γέ-

326 2593 485 2646 νηται
530 2576 599 2627 τὰ
646 2573 1059 2645 nutriuntur.va
1086 2577 1194 2646 γὰρ
1228 2578 1285 2628 ὲν
1318 2577 1393 2647 τῷ
1423 2579 1623 2646 Ποιητῇ
1656 2577 1715 2628 τὸ
1749 2577 1905 2628 δύνα-

328 2668 454 2720 σθαι
500 2672 674 2720 ποιεῖν
705 2669 863 2721 αὐτὰ.
899 2670 957 2720 Εἰ
984 2669 1039 2720 δὲ
1074 2670 1228 2721 τοῦτο
1255 2670 1472 2730 ἄτοπον,
1511 2669 1603 2721 καὶ
1631 2668 1689 2720 οὐ
1719 2667 1779 2737 τὸ
1810 2667 1903 2720 δύ-

324 2757 523 2811 νασθαι
556 2759 757 2822 κτίζειν
799 2758 890 2810 τὸν
938 2759 1069 2811 Θεὸν
1098 2757 1256 2810 τοῦτό
1289 2760 1401 2810 ἐστι
1438 2759 1529 2809 καὶ
1559 2757 1809 2824 γενέσθαι
1839 2756 1905 2810 τὰ

324 2854 611 2921 ποιήματα
630 2868 643 2882 ο
675 2852 773 2905 οὐκ
802 2853 910 2920 ἄρα
954 2851 1014 2904 τὸ
1058 2851 1316 2904 δύνασθαι
1345 2854 1522 2903 τεκεῖν
1546 2851 1636 2902 τὸν
1665 2850 1902 2919 Πατέρα,

321 2945 386 2996 τὸ
423 2940 562 2996 εἷναί
591 2946 713 2995 ἐστι
740 2943 833 2996 τοῦ
864 2942 1017 3007 Υξοῢ,
1044 2942 1157 2998 ἀλλ’
1185 2946 1265 2996 ὅτι
1296 2943 1567 3013 γεννητῶς
1601 2944 1692 2993 καὶ
1722 2940 1780 3005 ἐξ
1806 2942 1901 2993 αὐ-

322 3034 421 3088 τοῦ
452 3035 595 3086 κατὰ
624 3035 782 3103 φύσιν
817 3036 965 3089 ἐστὶν
1006 3036 1121 3105 ἅμα
1154 3036 1247 3087 καὶ
1281 3036 1549 3098 συναΐδιος
1569 3050 1581 3062 ·
1617 3034 1692 3097 ὼς
1717 3034 1781 3086 ἐκ
1807 3051 1906 3087 πυ-

327 3127 419 3197 ρὸς
453 3126 744 3197 θερμότης,
772 3128 805 3198 ἢ
840 3128 935 3180 καὶ
964 3126 1023 3191 ἐξ
1054 3128 1247 3190 ἄνθους
1280 3127 1493 3179 εὐωδία.

1023 3240 1218 3293 ΔΑΜ).

396 3352 473 3407 Τὸ
505 3352 763 3408 δύνασθαι
790 3354 983 3422 γεννᾷν
1018 3351 1168 3405 οὖπω
1200 3352 1299 3422 τὴν
1328 3352 1414 3405 ἐπ’
1447 3350 1595 3422 αὐτῷ
1627 3351 1905 3421 ἐνέργειαν

322 3445 599 3516 ιχει.”οτε
644 3445 753 3515 γάρ
795 3462 881 3507 τις
928 3444 1120 3510 τίκτει,
1146 3444 1268 3496 τότε
1311 3444 1406 3496 καὶ
1437 3445 1665 3513 ἐνεργεῖ.
1696 3442 1906 3496 Οὐκοῦν

320 3540 386 3591 οὐ
414 3538 478 3591 τὸ
516 3537 774 3592 δύνασθαι
814 3539 1009 3607 γεννᾷν
1042 3537 1130 3588 τὸν
1158 3536 1380 3606 Πατέρα
1410 3534 1467 3588 τὸ
1496 3530 1635 3596 εἷναί
1668 3536 1782 3588 ἐστι
1810 3532 1903 3588 τοῦ

322 3628 478 3695 Tia-3,
503 3628 615 3682 ἀλλ’
642 3628 704 3681 ὲκ
730 3627 823 3680 τοῦ
853 3606 992 3680 εἶναι
1022 3625 1241 3697 Πατέρα
1268 3626 1358 3679 τὸν
1387 3623 1540 3688 Θεὸν,
1562 3625 1621 3677 τὸ
1650 3624 1709 3687 ἐξ
1738 3622 1904 3677 αὑτοῦ

325 3723 749 3782 συκπινοεῖται,
771 3719 849 3771 διὸ
882 3718 974 3771 καὶ
1005 3718 1195 3788 Πατήρ
1220 3718 1385 3769 ἐστιν.
1408 3716 1469 3768 Ei
1503 3715 1557 3768 δὲ
1580 3716 1695 3785 ἅμα
1718 3713 1904 3785 Πατὴρ

321 3816 419 3866 καὶ
464 3812 616 3875 Θεὸς,
646 3811 765 3881 ἅμα
812 3811 903 3863 καὶ
954 3809 1098 3875 Υἱὸς,
1135 3810 1441 3879 συντρέχων
1468 3811 1534 3878 τῇ
1568 3807 1660 3859 τοῦ
1692 3805 1903 3877 Πατρὸς

322 3904 588 3973 ἀῖδιότητι
638 3903 734 3955 καὶ
767 3903 1259 3971 συνεκτεινόμενος,
1286 3899 1376 3952 ἵνα
1405 3896 1642 3967 σώζηται
1673 3896 1749 3967 τῷ
1778 3913 1900 3964 γεν-

316 3998 550 4064 νήσαντι
579 3993 641 4045 τὸ
674 3989 814 4046 εἶναι
847 3993 1085 4062 Πατέρα.
1177 4042 1186 4049 .

429 4196 635 4250 AAAO.
690 4195 784 4261 Ὠς
821 4194 891 4259 ἐξ
927 4193 1283 4258 ἀντιθέσεως
1318 4192 1438 4246 τῶν
1476 4191 1795 4259 Εὐνομίου.

396 4333 457 4387 El
498 4331 620 4385 καθ’
652 4332 818 4402 ὑμᾶς,
847 4331 1001 4400 φησὶ,
1033 4331 1160 4391 τοὺς
1198 4328 1334 4399 ὀρθὰ
1379 4329 1595 4400 φρονεῖν
1645 4324 1902 4391 λέγοντας

326 4423 597 4485 συναῒδιός
624 4424 773 4475 ἐστιν
796 4425 823 4474 ὁ
850 4421 975 4484 Υἱὸς
1002 4418 1080 4489 τῷ
1113 4420 1311 4489 Πατρὶ,
1344 4417 1465 4470 οὐδέ
1492 4434 1621 4468 ποτε
1668 4415 1774 4483 ἄρα
1806 4414 1900 4481 γέ-

321 4533 482 4583 γονεν
515 4514 733 4585 ἐνεργὸς
763 4515 792 4565 ὁ
822 4513 1011 4585 Πατὴρ
1045 4511 1177 4581 περὶ
1208 4508 1269 4562 τὸ
1298 4510 1501 4561 τίκτειν
1526 4506 1707 4571 αὑτὸν,
1737 4506 1823 4558 ἀεὶ
1843 4504 1900 4558 δὲ

2002 856 2104 910 sibi
2163 858 2623 921 accommodans,
2667 857 2797 911 dicit

2008 687 2184 730 turam
2210 686 2296 730 est
2326 675 2491 730 illius.
2530 674 2727 733 Nostra
2761 690 2893 731 vero
2938 676 2991 730 in
3058 690 3120 731 se
3173 687 3476 731 assumens.
3528 688 3595 726 ac

2005 765 2167 821 veluti
2223 766 2364 820 servi
2392 765 2623 820 formam
2663 776 2901 837 gestans,
2947 779 3069 834 quae
3125 776 3401 818 servorum
3467 769 3593 815 sunt

2844 872 2918 909 ι(
2964 856 3029 909 Ει
3080 855 3246 909 Deum
3302 868 3479 907 meum
3540 862 3595 905 et

2006 946 2176 1000 Deum
2213 956 2471 1001 vestrum.
2512 966 2530 1000 ι
2566 946 2899 1001 Naturaliter
2924 948 3108 1017 itaque
3138 946 3285 999 illius
3305 944 3465 998 Pater
3485 954 3590 1007 est,

2007 1048 2199 1099 noster.
2254 1049 2431 1092 autem
2504 1039 2660 1093 Deus.
2703 1039 2767 1092 Et
2818 1038 3277 1109 quandoquidem,
3306 1046 3367 1091 ut
3435 1037 3593 1090 modo

2005 1128 2114 1183 dixi
2140 1170 2156 1195 ,
2188 1144 2285 1199 per
2329 1129 2526 1205 Filium
2558 1132 2681 1185 facti
2726 1145 2931 1194 sumus,
2972 1130 3203 1200 primunt
3248 1137 3329 1183 est
3382 1125 3543 1181 Pater
3575 1164 3592 1189 ,

2006 1234 2071 1274 ac
2107 1220 2301 1276 deinde
2365 1219 2544 1287 Deus,
2601 1221 2851 1291 quamvis
2922 1219 3085 1275 simul
3145 1230 3201 1274 et
3228 1218 3587 1285 coniunctim.

2360 1400 2590 1459 ALIUD.
2616 1399 2699 1455 Ex
2728 1401 3015 1470 objectioue
3043 1398 3316 1454 Eunomii.

2075 1518 2435 1581 Coaetcrnum,
2467 1518 2662 1587 inquit,
2705 1516 2865 1570 etiam
2902 1530 2997 1569 nos
3038 1513 3184 1569 Patri
3236 1513 3431 1568 Filium
3471 1529 3592 1569 esse

2009 1611 2264 1674 fatemur,
2299 1621 2568 1677 quatenus
2600 1607 2915 1660 facultatem
2950 1606 3000 1657 in
3044 1620 3103 1660 se
3126 1606 3311 1659 habuit
3340 1607 3590 1674 gignendi

2007 1702 2170 1753 etiam
2220 1708 2507 1766 antequam
2533 1712 2653 1749 eum
2684 1697 2946 1765 gigneret.

2606 1923 2710 1993 ὧι
2759 1921 2988 1978 Salutio.

2081 2036 2135 2089 Si
2189 2035 2416 2088 facultas
2455 2031 2747 2101 generandi
2801 2046 2905 2098 qua
2963 2030 3121 2084 Pater
3156 2029 3412 2098 prmditus
3449 2036 3588 2090 erat,

2008 2136 2334 2179 t‘Oa'ternum
2362 2124 2407 2175 ei
2442 2120 2636 2174 Filium
2672 2120 2819 2180 facit,
2854 2135 2958 2172 non
2998 2129 3176 2172 autem
3221 2119 3389 2188 ipsius
3423 2116 3587 2187 geniti

2010 2219 2313 2286 praesentia,
2348 2214 2478 2283 quid
2532 2213 2765 2266 obstabit
2824 2211 3113 2281 quominus
3152 2210 3417 2274 dicamus,
3464 2225 3586 2261 cum

2010 2308 2233 2361 facultas
2266 2304 2486 2359 creandi
2520 2303 2678 2357 fuerit
2711 2319 2927 2373 semper
2966 2304 3017 2356 in
3060 2304 3188 2366 Deo,
3223 2313 3504 2357 creaturas
3538 2303 3586 2356 ei

2008 2401 2170 2452 etiam
2211 2408 2508 2451 cozt'teruas
2539 2395 2697 2450 esse?
2731 2394 2787 2449 Si
2830 2395 2973 2448 enim
3026 2394 3162 2447 nuda
3195 2394 3427 2447 facultas
3468 2408 3590 2461 per-

2010 2491 2294 2543 fectionem
2346 2490 2508 2542 rebus
2551 2487 2726 2549 affert,
2766 2498 2913 2541 certe
2965 2494 3227 2541 creaturae
3265 2487 3428 2539 etiam
3476 2485 3590 2539 fue-

2010 2582 2117 2633 rint
2158 2582 2473 2647 priusquam
2514 2577 2729 2631 lierent.
2773 2577 2905 2631 Erat
2943 2578 3087 2631 enim
3124 2580 3174 2630 in
3218 2577 3475 2631 Creatore
3506 2579 3589 2629 fa-

2006 2672 2177 2724 cultas
2200 2686 2294 2724 eas
2322 2668 2574 2725 faciendi.
2606 2671 2671 2721 At
2700 2684 2826 2721 vero
2863 2669 2905 2721 si
2943 2669 3043 2723 hoc
3073 2671 3365 2723 absurdum
3395 2680 3501 2734 est,
3535 2679 3589 2723 et

2008 2778 2166 2831 posse
2199 2776 2386 2816 creare
2422 2761 2588 2815 Deum
2622 2775 2726 2811 non
2773 2772 2853 2812 est
2878 2758 3076 2815 creare
3110 2771 3392 2815 creaturas
3419 2778 3431 2813 :
3458 2777 3589 2832 ergo

2009 2871 2165 2921 posse
2188 2855 2410 2923 gignere
2441 2852 2675 2919 Patrem,
2712 2869 2816 2908 non
2861 2861 2944 2907 est
2977 2868 3099 2907 esse
3126 2852 3268 2917 Filii,
3313 2856 3404 2907 sed
3447 2854 3586 2921 quod

2008 2947 2343 3014 generative,
2377 2956 2428 2998 et
2458 2961 2519 2997 ex
2564 2946 2677 3011 ipso
2707 2948 3010 2999 secundum
3046 2957 3301 2998 naturam
3332 2962 3433 2998 una
3463 2962 3584 2998 cmn

2009 3038 2124 3106 ipso
2155 3046 2238 3091 est
2282 3044 2337 3090 et
2376 3044 2701 3095 coarteruus,
2748 3035 2888 3090 sicut
2918 3051 2985 3089 ex
3023 3035 3145 3105 igne
3176 3037 3343 3100 calor,
3393 3034 3486 3090 aut
3518 3051 3583 3090 ex

2006 3126 2138 3181 ﬂore
2164 3125 2348 3180 suavis
2376 3126 2529 3180 odor.

2680 3235 2940 3291 ALIUD.-

2077 3348 2323 3403 Potentia
2362 3350 2475 3403 sive
2510 3348 2739 3405 facultas
2777 3348 3071 3420 generandi
3108 3348 3344 3403 nomium
3383 3350 3586 3405 exserit

2006 3438 2301 3494 efficaciam
2333 3454 2508 3493 suam.
2530 3439 2756 3504 Quando
2791 3439 2935 3494 enim
2960 3439 3080 3507 quis
3103 3439 3292 3510 gignit,
3311 3449 3438 3493 'tum
3462 3449 3584 3496 actu

2006 3533 2193 3588 eflicax
2244 3541 2347 3587 est.
2386 3532 2503 3587 Non
2535 3532 2699 3603 igitur
2740 3534 2981 3602 potentia
3036 3536 3291 3606 gignendi
3331 3537 3381 3589 iu
3428 3536 3587 3592 Patre

2006 3635 2084 3679 est
2122 3624 2429 3679 substantia
2468 3623 2614 3690 Filii,
2642 3625 2737 3680 sed
2764 3640 2831 3680 ex
2860 3639 2926 3680 eo
2951 3629 3094 3694 quod
3126 3627 3287 3681 Pater
3313 3638 3394 3682 est
3424 3627 3584 3692 Deus,

2005 3717 2167 3773 etiam
2210 3716 2263 3771 id
2300 3717 2444 3788 quod
2473 3732 2540 3772 ex
2580 3732 2645 3773 eo
2684 3728 2791 3783 est,
2834 3718 3176 3789 intelligitur,
3215 3734 3312 3787 per
3353 3722 3494 3789 quod
3532 3730 3586 3775 et

2006 3810 2166 3864 Pater
2200 3819 2304 3865 est.
2343 3810 2399 3865 Si
2441 3819 2622 3864 autem
2667 3809 2826 3864 simul
2872 3820 2998 3866 sunt
3037 3810 3199 3864 Pater
3231 3820 3279 3866 et
3316 3811 3473 3872 Deus,
3514 3811 3585 3864 si-

2006 3899 2116 3954 mul
2144 3915 2361 3970 quoque
2392 3909 2445 3955 et
2479 3900 2670 3967 Filius,
2704 3915 3039 3956 concurrens
3072 3917 3177 3955 una
3214 3918 3333 3955 cum
3368 3903 3585 3955 aeterm-

2005 4000 2113 4044 tate
2154 3990 2354 4057 Patris,
2390 4006 2605 4063 unaque
2640 3993 2958 4064 productus,
3016 4003 3074 4046 ut
3126 4004 3376 4048 servetur
3421 3994 3585 4046 Geni-

2005 4085 2105 4136 tori
2142 4096 2263 4138 esse
2289 4081 2524 4138 Patrem.

2302 4195 2533 4254 ALIUD.
2576 4196 2662 4251 Ea:
2684 4197 2975 4266 objectiouc
3001 4195 3271 4250 Eunomii.

2074 4327 2131 4383 Si
2166 4345 2231 4385 ex
2266 4340 2469 4397 Vestra,
2506 4332 2703 4400 inquit,
2734 4332 2823 4399 qui
2859 4345 2955 4385 vos
2983 4339 3129 4385 recte
3159 4331 3361 4385 sentire
3382 4332 3582 4397 dicitis,

2002 4420 2273 4475 sententia
2314 4432 2621 4476 coaeternus
2644 4432 2725 4475 est
2755 4420 2925 4493 Filius
2947 4421 3115 4485 Patri,
3150 4437 3422 4491 mmquam
3456 4438 3585 4476 νει-ο

2002 4511 2191 4568 efﬁcax
2242 4514 2344 4569 fuit
2376 4513 2539 4568 Pater
2575 4516 2640 4568 ad
2683 4516 3006 4587 gignendum
3043 4517 3340 4585 ipsum,sed
3371 4532 3587 4586 semper

321 4605 515 4676 ἀργὸς.
556 4606 673 4669 πῶς
697 4600 792 4658 οὖν
823 4603 1083 4676 ἐγεννήθη
1106 4621 1120 4669 ;
1152 4602 1214 4655 Εἰ
1236 4601 1293 4654 δὲ
1314 4602 1537 4669 γέγονεν
1565 4599 1789 4670 ἐνεργὸς
1810 4598 1901 4651 καὶ

2005 4604 2232 4672 Otiosus,
2295 4620 2401 4674 quo
2430 4617 2587 4675 pacto
2614 4621 2744 4677 ergo
2777 4609 2993 4677 genitus
3031 4610 3154 4664 est?
3191 4609 3249 4663 Si
3288 4620 3468 4663 autem
3504 4610 3586 4661 ef-

322 4696 531 4759 ετεκεν,
561 4695 734 4766 ἀρχὴν
765 4696 875 4762 ἔξει
910 4696 1125 4757 πάντως
1156 4691 1251 4746 τοῦ
1279 4688 1416 4746 εἶναι
1451 4692 1514 4744 τὸ
1547 4690 1827 4762 γεννηθέν.

805 4891 952 4962 Πρὸ(
998 4892 1175 4946 τοῦτο
1211 4893 1412 4957 λύσις.

392 5024 456 5077 Εἰ
492 5023 593 5093 μὲν
626 5023 751 5095 περί
780 5042 924 5085 τινος
952 5025 1058 5077 τῶν
1092 5024 1476 5093 πεποιημένων
1503 5026 1531 5076 ὀ
1563 5023 1718 5090 λόγος
1747 5017 1835 5094 ἦν,
1855 5014 1900 5075 ὦ

318 5108 488 5180 οὗτοι,
519 5115 701 5179 καλῶς
737 5117 972 5186 ε’ργάτην
1003 5118 1133 5185 ἡμῖν
1178 5116 1460 5187 εἰσφέρετε
1494 5117 1586 5168 τὸν
1625 5114 1776 5180 Θεὸν,
1805 5115 1900 5169 καὶ

316 5207 441 5277 οὐχὶ
469 5206 668 5277 μᾶλλον
697 5208 1017 5277 γεννήτορα.
1036 5205 1256 5278 Ἐπειδὴ
1283 5208 1341 5261 δὲ
1366 5208 1466 5261 οὐκ
1491 5209 1749 5279 ἐργασίαν
1778 5208 1899 5262 τινὰ

316 5298 647 5369 γεγενῆσθαι
693 5298 843 5369 παρὰ
892 5297 981 5351 τοῦ
1030 5298 1241 5370 Πατρὸς
1290 5298 1659 5370 ὁμολογοῦμεν
1698 5302 1777 5363 εἰς
1808 5299 1898 5353 τὸν

318 5392 449 5445 Υἰὸν
474 5388 823 5460 (γεγενῆσθαι
843 5388 951 5461 γὰρ
972 5389 1135 5444 αὐτὸν
1157 5392 1221 5444 ἐκ
1245 5391 1344 5461 τῆς
1358 5390 1564 5457 οὐσίας,
1578 5392 1679 5444 οὐκ
1702 5390 1900 5457 ἔξωθεν

318 5483 646 5552 πεποιῆσθαι
676 5480 911 5554 φαμεν),
944 5483 1059 5547 πῶς
1090 5483 1151 5537 οὐ
1182 5484 1478 5556 διαρρήδην
1506 5483 1899 5555 βλασφημεῖτε,

316 5577 566 5645 λέγοντες
600 5578 817 5649 ἐνεργὸν
859 5576 1185 5647 γεγενῆσθαί
1216 5594 1346 5630 ποτε
1385 5577 1477 5629 τὸν
1505 5578 1725 5645 Πατέρα
1773 5577 1897 5649 περὶ

317 5668 413 5739 τὴν
440 5668 694 5737 γέννησιν
716 5667 811 5721 τοῦ
834 5669 986 5731 Tim},
1013 5667 1202 5721 τοῦτον
1228 5669 1330 5720 οὐκ
1364 5666 1595 5738 ἐχούσης
1620 5668 1710 5720 τὸν
1735 5668 1897 5737 νόμον

320 5759 416 5826 τῆς
448 5760 754 5829 γεννήσεως
790 5759 908 5813 οὐδὲ
950 5761 1035 5828 ἐφ’
1068 5760 1259 5831 ήμῶν;
1290 5760 1369 5813 Τὰ
1406 5760 1503 5829 μὲν
1534 5758 1642 5829 γὰρ
1676 5758 1895 5825 ἔξωθεν,

320 5851 689 5922 ἐραίιαζύμεθαι
752 5854 1004 5921 τίκτομεν
1058 5853 1111 5905 δὲ
1171 5852 1235 5905 τὰ
1288 5852 1344 5919 ἐξ
1398 5853 1621 5908 ἑαυτῶν.
1688 5854 1897 5907 οὐκοῦν

2006 4696 2140 4749 fleas
2190 4680 2291 4750 fuit.
2325 4706 2379 4751 et
2430 4705 2551 4751 actu
2586 4700 2773 4767 genuit
2809 4716 2822 4752 :
2867 4714 3089 4755 necesse
3130 4700 3353 4754 omnino
3387 4708 3490 4763 est,
3527 4707 3587 4753 ut

2002 4786 2145 4841 ouod
2181 4787 2421 4858 genitum
2448 4798 2532 4844 est
2558 4790 2860 4845 cxsisteudi
2890 4792 3218 4861 principium
3258 4790 3472 4845 habeat.

2677 4900 2909 4958 Salutio.

2064 5036 2130 5090 Si
2180 5037 2245 5092 de
2291 5049 2669 5094 creaturarum
2714 5040 2895 5111 aliqua
2941 5056 3123 5096 sermo
3159 5051 3322 5103 esset,
3360 5056 3393 5094 o
3434 5040 3581 5106 boui,

2004 5137 2152 5184 recte
2182 5129 2434 5200 opificem
2476 5132 2633 5187 nobis
2662 5132 2993 5187 induceretis
3030 5132 3221 5195 Deum,
3260 5143 3315 5186 et
3354 5148 3459 5186 non
3488 5147 3581 5201 po-

2005 5221 2112 5276 tius
2162 5222 2482 5289 genitorem.
2526 5224 2792 5278 Cmterum
2836 5239 2960 5279 cum
3005 5240 3109 5280 non
3140 5240 3278 5294 opus
3315 5224 3582 5293 quoddam

2002 5310 2198 5366 Filium
2246 5327 2273 5364 a
2312 5311 2474 5368 Patre
2525 5312 2727 5368 factum
2773 5328 2896 5370 esse
2936 5314 3286 5384 profiteamur
3321 5313 3581 5381 (genitum

1999 5404 2146 5456 enim
2182 5404 2353 5470 ipsum
2397 5419 2466 5460 ex
2509 5406 2810 5460 substantia
2854 5404 3053 5470 Patris,
3098 5421 3203 5459 non
3239 5406 3585 5460 extrinsecus

2002 5490 2203 5545 factum
2261 5492 2513 5563 dicimus)
2598 5509 2709 5562 quo
2752 5504 2914 5564 pacto
2963 5509 3070 5550 non
3124 5494 3408 5549 manifeste
3464 5495 3584 5548 bla-

2001 5581 2211 5649 spliemi
2262 5582 2418 5645 estis,
2478 5583 2720 5639 dicentes
2772 5595 3112 5656 operatorem
3168 5586 3463 5653 aliquando
3512 5585 3582 5639 fa.

2000 5682 2145 5725 ctum
2202 5672 2370 5727 fuisse
2402 5674 2618 5729 Patrem
2663 5678 2811 5732 circa
2843 5678 3248 5748 generatimicm
3285 5668 3427 5737 Filii,
3458 5691 3580 5730 cum

2000 5767 2279 5831 generatio
2309 5766 2473 5821 etiam
2502 5767 2555 5822 in
2592 5769 2748 5824 nobis
2774 5770 2915 5824 hanc
2947 5770 3117 5839 legem
3154 5786 3258 5823 non
3293 5769 3582 5823 observet?

1999 5854 2107 5928 42
2141 5855 2447 5928 Operamur
2478 5860 2620 5917 enim
2656 5876 2775 5931 qua:
2797 5872 2952 5916 extra
2990 5877 3090 5917 nos
3120 5870 3244 5915 sunt
3270 5878 3282 5912 :
3312 5861 3580 5929 gignimus
