4048 6468
295 451 371 514 τις
1701 419 2145 483 τιιεδΑυῐωε.
3494 410 3562 465 ἰι

301 564 365 632 ἐξ
393 561 584 626 αὑτοῦ,
623 559 737 614 ἀλλ’
771 556 992 625 ἔξωθεν,
1020 552 1274 608 καὶκατὰ
1294 551 1520 621 δύναμιν
1545 547 1644 618 τὴν
1669 548 1727 600 ἐν
1757 547 1877 616 βου-

2008 554 2157 608 ιεῳιο
2195 553 2262 593 ex
2291 537 2410 606 ipso
2440 547 2583 600 esse,
2637 533 2729 587 sed
2773 532 3118 586 extrinsecus
3161 535 3217 582 et
3261 524 3560 580 secundum

298 656 456 726 λήσει
492 653 627 724 μόνῃ
651 649 749 720 τὴν
780 645 1112 718 συνόπαρξιν
1140 644 1272 715 ἔχει.

782 867 941 934 Πρὸς
977 861 1150 918 τοῦτο
1185 861 1388 925 λύσις.

378 978 611 1050 Μικρὸν,
644 971 690 1031 ὢ
715 976 982 1049 βέλτιστε,
1019 972 1215 1028 σαυτὸν
1240 971 1353 1025 ἄνω
1383 969 1652 1037 σωμάτων
1673 965 1766 1037 ἔχε
1785 967 1879 1018 καὶ

297 1071 411 1125 τῶν
440 1072 569 1142 περὶ
593 1071 664 1125 τὰ
689 1068 918 1138 σώματα
945 1065 1162 1121 παθῶν·
1194 1061 1322 1134 περὶ
1347 1059 1483 1115 Θεοῦ
1516 1059 1627 1128 γὰρ
1648 1060 1678 1112 ὁ
1698 1057 1877 1125 λόγος.

299 1163 364 1216 Ei
412 1162 523 1231 γὰρ
567 1159 667 1214 olet
713 1157 965 1228 καθάπερ
994 1153 1280 1225 ἄνθρωπον
1310 1150 1562 1204 τίκτοντα
1603 1147 1696 1202 τὸν
1745 1144 1880 1200 Θεδν

297 1251 649 1307 ἐλαττοῦσθαί
673 1267 790 1313 πως
816 1250 936 1312 ταῖς
966 1243 1308 1318 ἀπορροίαις,
1347 1241 1442 1296 καὶ
1466 1240 1590 1310 δίχα
1620 1239 1764 1302 τινὸς
1785 1239 1882 1308 ζη-

302 1342 436 1412 μίας
473 1339 548 1411 μή
587 1338 849 1393 δύνασθαι
889 1331 1048 1391 τοῦτο
1074 1336 1271 1399 ποιεῖν,
1307 1331 1662 1405 μεριζόμενον
1692 1330 1882 1400 ὥσπερ

295 1435 381 1496 εις
411 1432 505 1484 τὸν
528 1431 593 1496 ’ἐξ
615 1430 780 1483 αὑτοῦ
825 1426 1160 1500 προελθόντα
1200 1424 1396 1493 Λόγον,
1419 1424 1474 1477 τί
1515 1420 1757 1476 κωλύσαι
1784 1419 1882 1491 τὴν

296 1522 473 1593 αὐτὴν
518 1523 814 1588 ἐπαγαγεῖν
852 1517 1234 1589 ⁴βλασφημίαν,
1263 1515 1358 1568 καὶ
1408 1513 1504 1567 ἐπὶ
1545 1514 1657 1574 τοῖς
1703 1509 1885 1572 ἄλλοις

297 1617 474 1670 ἅπασι
527 1615 640 1677 τοῖς
687 1611 988 1684 πῳσοῦσιν
1032 1608 1213 1679 aint};
1258 1608 1321 1660 Ei
1352 1605 1462 1677 γὰρ
1488 1603 1564 1667 ὡς
1597 1601 1886 1672 ἄνθρωπος

294 1706 475 1759 τίκτει
507 1702 762 1774 ῥευστῶς,
791 1701 1186 1773 δημιουργήσει
1212 1698 1306 1751 καὶ
1331 1695 1408 1758 ὠς
1435 1692 1720 1763 ἄνθρωπος
1745 1689 1887 1761 μετὰ

296 1797 488 1850 πόνου.
519 1795 582 1848 El
625 1793 683 1846 δέ
713 1791 874 1847 τοῦτο
900 1793 1101 1848 ἄτοπον
1137 1789 1235 1857 (οὐ
1266 1786 1372 1857 γὰρ
1423 1785 1500 1847 ὼς
1540 1777 1826 1859 ἄνθρωπος
1856 1781 1887 1832 ό

1977 630 2288 686 facultatem
2351 629 2467 682 sive
2510 623 2806 694 potentiam
2847 637 2968 691 qua:
3016 621 3072 675 in
3119 617 3237 674 sola
3286 614 3564 671 voluntate

1974 734 2076 788 est,
2109 720 2460 777 eoexsistere.

2478 852 2689 911 Solatia
2723 851 3049 924 objectionis.‘

2050 970 2214 1027 Paulo
2243 968 2429 1033 altius,
2472 968 2617 1023 bone
2646 966 2754 1029 vir,
2795 978 2958 1032 supra
3005 974 3234 1032 corpora
3269 969 3572 1027 eorumque

1979 1063 2296 1118 aﬂ'ectiunes
2321 1067 2558 1115 mentem
2588 1056 2780 1113 attolle
2813 1074 2828 1110 :
2855 1054 2923 1110 de
2955 1054 3065 1108 Deo
3097 1053 3242 1107 enim
3273 1053 3332 1104 tit
3361 1063 3566 1104 sermo.

1981 1154 2039 1210 Si
2068 1152 2213 1207 enim
2247 1165 2443 1207 censes
2475 1147 2590 1205 Deo
2619 1147 2847 1217 perinde
2883 1154 3049 1215 atque
3079 1141 3283 1198 homini
3317 1141 3370 1194 in
3400 1153 3569 1209 gene-

1982 1245 2155 1301 rando
2184 1242 2387 1312 aliquid
2417 1242 2710 1306 decedere,
2757 1253 2936 1309 neque
2966 1237 3019 1292 id
3058 1235 3432 1307 iacerelposse
3463 1231 3573 1286 nisi

1983 1336 2187 1406 aliquid
2205 1335 2282 1392 illi
2304 1337 2584 1405 depereat,
2619 1334 2695 1389 ita
2721 1342 2780 1388 ut
2807 1329 3206 1403 quodammodo
3227 1328 3281 1382 in
3310 1326 3572 1391 Verbum,

1984 1429 2128 1497 quod
2159 1442 2225 1483 ex
2255 1428 2370 1496 ipso
2392 1420 3120 1496 procedit,'dividatnr,quid
3141 1418 3414 1475 obstiterit
3433 1431 3575 1488 quo-

1987 1519 2168 1572 minus
2197 1517 2446 1572 eamdem
2472 1514 2866 1586 blasphemiam
2907 1513 2976 1567 ad
3017 1512 3257 1580 reliquas
3293 1508 3412 1579 ejus
3445 1521 3574 1577 pro-

1986 1610 2244 1679 prietates
2276 1606 2796 1664 aceommodemus?
2841 1604 2900 1660 Si
2943 1604 3088 1660 enim
3121 1617 3217 1672 per
3247 1599 3451 1656 ﬂuxum
3495 1599 3576 1669 gi-

1987 1702 2103 1771 gnit
2145 1710 2202 1756 ut
2245 1701 2429 1764 homo,
2466 1699 2675 1756 creabit
2702 1699 2870 1754 etiam
2907 1705 2965 1752 ut
3004 1696 3167 1751 homo
3193 1709 3317 1750 cum
3368 1692 3574 1749 labore.

1987 1792 2130 1847 At-si
2163 1791 2214 1846 id
2239 1790 2535 1846 absurdum
2557 1799 2642 1846 est
2670 1788 2872 1861 (neque
2888 1788 3032 1844 enim
3059 1789 3201 1844 Deus
3231 1788 3306 1844 ita
3331 1796 3390 1842 ut
3411 1787 3578 1842 homo

295 1885 434 1948 Θεὸς
461 1883 845 1956 δημιουργεῖ),
888 1881 1010 1935 οὐδὲ
1049 1879 1124 1944 ὡς
1148 1877 1438 1947 ἄνθρωπος
1464 1876 1592 1946 ἄρα,
1611 1873 1882 1943 γεννήσει,

2008 1891 2143 1937 :reat
2162 1881 2205 1953 ),
2237 1896 2416 1953 neque
2438 1881 2607 1952 igitur
2633 1882 2815 1952 gignet
2844 1887 2902 1934 ut
2930 1881 3117 1945 homo,
3147 1880 3241 1935 sed
3281 1879 3576 1934 humanam

297 1976 438 2032 em
465 1977 562 2047 τὴν
593 1973 887 2045 ἀνθρώπου
907 1974 1069 2042 φύσιν
1094 1971 1197 2025 κάν
1220 1967 1396 2038 τούτῳ
1419 1964 1584 2020 πάλιν
1608 1961 1880 2033 ἀναϐήσε-

296 2088 412 2136 ται,
447 2067 653 2138 γεννῶν
678 2065 1018 2138 ἀμερίστως.

1010 2179 1216 2233 AAAO.

372 2296 438 2349 El
467 2293 718 2365 καθάπερ
746 2291 1030 2364 ἄνθρωπος
1062 2289 1238 2343 τίκτει
1262 2286 1416 2350 Θεὸς,
1447 2283 1742 2357 ἐργάζεται
1791 2280 1888 2335 καὶ

296 2387 377 2452 ὥς
405 2386 711 2455 ἄνθρωπος.
739 2386 851 2439 Καὶ
879 2382 1179 2453 ἐπειδήπερ
1203 2381 1363 2451 ἡμεῖς
1391 2375 1526 2448 ὕλης
1545 2373 1890 2445 παρακειμὲο

299 2495 403 2549 νης
426 2477 570 2541 τινὸς
596 2477 687 2531 διὰ
713 2476 983 2543 κινήσεως
1027 2470 1226 2543 χειρῶν
1269 2465 1641 2538 ἀποτελοῦμεν
1678 2483 1733 2518 τι
1782 2462 1890 2517 τῶν

299 2573 404 2626 ὅσα
459 2572 634 2623 ποιεῖν
679 2566 1005 2640 βουλόμεθα,
1036 2565 1181 2620 οὕτω
1229 2562 1324 2617 καὶ
1367 2561 1520 2623 Θεός.
1573 2559 1637 2612 Et
1675 2556 1734 2610 δὲ
1764 2555 1892 2626 δίχα

299 2661 505 2732 χειρῶν
550 2660 646 2713 καὶ
683 2659 818 2729 ὕλης
849 2659 915 2711 ἐκ
958 2657 1053 2712 τοῦ
1103 2655 1178 2728 μὴ
1224 2654 1377 2717 ὄντος
1404 2652 1486 2714 είς
1537 2648 1599 2704 τὺ
1641 2642 1780 2702 εἶναι
1822 2644 1893 2700 τὰ

303 2751 488 2805 πάντα
522 2748 666 2820 λόγῳ
712 2748 975 2819 παράγει,
999 2746 1100 2816 τὴν
1147 2742 1435 2815 ἀνθρώπου
1486 2739 1652 2811 φύσιν
1701 2737 1892 2803 νικῶν,

301 2841 524 2913 νικήσει
553 2840 770 2903 πάντως
799 2838 970 2910 αὐτὴν
1002 2839 1098 2893 καὶ
1124 2836 1255 2909 περὶ
1282 2835 1374 2889 τὸν
1397 2832 1493 2888 τοῦ
1526 2833 1725 2905 γεννᾷν
1766 2831 1894 2903 τρό-

303 2948 411 2985 πον
416 2970 432 2987 ο

1002 3040 1206 3093 MAO.

376 3151 463 3206 Τὰ
513 3149 805 3221 συνείχοντά
851 3167 995 3217 τινα,
1046 3152 1212 3204 οἱονεὶ
1260 3150 1448 3221 κύκλῳ
1503 3146 1896 3221 περιτετάσθαι

1985 1984 2236 2029 naturam
2284 1974 2452 2028 etiam
2499 1972 2554 2029 in
2605 1972 2711 2028 hoc
2742 1971 3064 2042 superabit,
3111 1984 3381 2042 generans
3437 1968 3578 2024 citra

1988 2063 2333 2121 divisionem.

2673 2177 2902 2237 ALIUD.

2061 2294 2120 2349 Si
2145 2294 2289 2350 Deus
2315 2293 2487 2364 gignit
2513 2291 2705 2349 eadem
2729 2291 2942 2348 ratione
2968 2305 3074 2361 qua
3100 2293 3288 2357 homo,
3317 2298 3582 2361 operatur

1990 2386 2156 2442 etiam
2207 2395 2268 2441 ut
2313 2387 2497 2443 homo.
2534 2384 2600 2441 Et
2647 2401 2772 2442 cum
2798 2385 3078 2455 proposita
3119 2384 3303 2454 aliqua
3353 2384 3582 2439 materia

1993 2478 2325 2534 adminiculo
2351 2476 2607 2532 manuum
2639 2491 2703 2533 ea
2726 2491 2847 2547 qua:
2876 2475 3125 2531 volumus
3146 2475 3481 2545 perlicimns,
3507 2475 3582 2526 il:t

1993 2584 2123 2641 ergo
2151 2571 2318 2626 etiam
2368 2570 2532 2624 Deus.
2584 2569 2655 2623 At
2703 2569 2752 2624 si
2809 2568 2952 2622 Deus
2994 2569 3204 2638 absque
3231 2565 3485 2622 manibus
3530 2577 3586 2620 et

1997 2663 2224 2716 materia
2271 2676 2337 2718 ex
2387 2661 2556 2716 nihilo
2595 2668 2791 2715 cuncta
2843 2660 3010 2715 verbo
3053 2660 3121 2715 ad
3168 2675 3294 2716 esse
3328 2659 3579 2723 traducit,

1996 2753 2285 2807 humanam
2315 2761 2566 2807 naturam
2598 2751 2758 2819 longe
2792 2764 3084 2821 superans,
3107 2751 3274 2806 etiam
3307 2750 3588 2821 superabit

1997 2838 2170 2910 ipsam
2203 2839 2256 2894 in
2281 2840 2574 2910 generandi
2603 2839 2788 2896 modo.

2675 3043 2904 3100 ALIUD.

2073 3159 2148 3212 Ea
2178 3172 2300 3228 quae
2329 3158 2431 3212 alia
2465 3158 2520 3212 in
2545 3172 2604 3213 se
2634 3161 2939 3224 continent,
2970 3171 3197 3214 necesse
3226 3166 3310 3214 est
3337 3167 3396 3214 ut
3422 3156 3587 3213 veluti

304 3244 530 3308 πάντως
557 3243 853 3311 ἀναγκαῖον
883 3241 993 3295 τῶν
1011 3242 1114 3295 ὅσα
1140 3242 1376 3312 συνέχει.
1397 3240 1472 3294 Τὸ
1497 3240 1556 3293 δέ
1585 3242 1666 3302 είς
1690 3236 1893 3293 κύκλον

2008 3250 2056 3303 in
2089 3227 2276 3305 orbem
2313 3249 2662 3314 cireumjeeta
2705 3250 2818 3304 sint
2847 3250 3103 3305 omnibus
3153 3249 3222 3304 iis
3254 3264 3375 3319 qua:
3414 3249 3594 3305 conti-

305 3332 650 3389 ἐκτεινεσθαι
693 3332 963 3401 σωμάτων
993 3332 1142 3386 ἴδιον.
1175 3332 1302 3395 Πῶς
1332 3325 1425 3385 οὖν
1460 3331 1532 3384 τὰ
1563 3331 1742 3384 πάντα
1772 3345 1896 3382 συν-

305 3426 426 3497 έχει
467 3425 498 3478 ό
543 3423 676 3488 Θεδς
723 3423 1009 3494 ἀσώματος
1062 3422 1158 3488 ὢν,
1192 3425 1287 3477 καὶ
1331 3423 1421 3478 διὰ
1466 3421 1626 3476 τοῦτο
1673 3421 1809 3492 μηδέ
1836 3422 1894 3475 ἐν

305 3515 464 3586 τόπῳ
489 3515 723 3570 νοεῖσθαι
751 3513 1082 3585 δυνάμενοςς
1118 3513 1281 3568 Ἀλλὰ
1314 3514 1526 3584 συνέχει
1564 3513 1665 3583 τὴν
1688 3513 1748 3565 ἐν
1768 3511 1896 3565 τούς

306 3623 425 3669 τοις
455 3605 892 3670 ἀκολουθίαν,ὡς
935 3605 1091 3669 Θεὸς,
1123 3606 1451 3660 ἀναϐαίνων.
1481 3605 1598 3658 Οὐκ
1642 3602 1752 3674 ἄρα
1785 3604 1898 3667 τοῖς

310 3695 642 3768 σωματικῶν
671 3694 1018 3749 ὑποκείσεται
1041 3695 1228 3764 νόμοις
1245 3711 1258 3725 ·
1281 3691 1480 3750 οὐκοῦν
1501 3693 1621 3747 οὐδὲ
1639 3693 1715 3757 ὡς
1737 3691 1900 3763 σῶμα

309 3788 479 3858 γεννή
487 3802 590 3841 σει.
1074 3830 1085 3839 .

1012 3901 1215 3955 ΑΛΛΟ.

388 4018 465 4071 Τὸ
493 4019 552 4071 ἐν
578 4018 743 4072 πᾶσιν
768 4017 828 4070 δν
863 4017 957 4070 καὶ
986 4015 1075 4070 διὰ
1103 4015 1325 4070 πάντων
1351 4013 1558 4084 διῆκον,
1592 4015 1900 4086 συμπλέκε-

316 4109 444 4165 σθαι
475 4112 590 4174 τοῖς
616 4111 782 4164 πᾶσιν
813 4111 1129 4177 ἀναγκαῖον.
1167 4108 1324 4162 Οὕτω
1351 4109 1460 4180 γὰρ
1495 4108 1562 4163 ἂν
1591 4108 1678 4178 εἴη
1722 4110 1816 4163 καὶ
1844 4109 1902 4162 ἐν

316 4203 505 4257 πᾶσιν.
547 4200 686 4254 Ἀλλ’
715 4199 1239 4271 οὑοσυμπεπλέχθαι
1287 4200 1387 4271 μέν
1430 4199 1530 4272 τήν
1577 4200 1765 4254 οὐσίαν
1805 4197 1902 4252 τοῦ

314 4292 554 4368 Θεοῦετῇ-
576 4292 821 4369 ποικιλίᾳ
842 4293 951 4370 τῶν
1061 4293 1252 4364 κόσμῳ
1265 4359 1268 4363 ι
1282 4291 1551 4365 σωμᾲτων
1575 4291 1904 4363 ὁμολογήσω

320 4402 456 4455 μεν·
498 4386 649 4456 μένει
679 4384 787 4454 γὰρ
821 4384 904 4452 ἐφ’
927 4383 1127 4452 ἑαυτῆς
1159 4383 1381 4454 καθαρά
1407 4401 1468 4438 τε
1505 4383 1600 4437 καὶ⁹
1625 4384 1726 4454 τῆς
1766 4386 1905 4457 πρὸς

315 4477 510 4547 ἓτερον
547 4477 850 4542 κοινωνίας,
874 4475 1227 4547 ἀσύμπλοκος
1256 4478 1504 4546 φυσικῶς
1523 4494 1538 4509 ·
1588 4479 1766 4550 διήκει
1791 4479 1850 4533 δὲ
1877 4482 1908 4534 ό

2005 3350 2154 3396 nent.
2201 3341 2272 3394 At
2297 3355 2426 3396 vero
2454 3341 2508 3396 in
2541 3340 2729 3396 orbem
2773 3339 2918 3394 ﬂecti
2951 3349 3117 3409 atque
3143 3341 3362 3409 extendi
3397 3354 3595 3408 corpu.

2007 3448 2124 3487 rum
2150 3441 2254 3486 est.
2277 3432 2394 3500 Quo
2422 3441 2581 3501 pacto
2609 3432 2773 3500 igitur
2797 3430 2980 3485 omnia
2999 3431 3250 3485 continet
3273 3430 3436 3496 Deus,
3463 3445 3592 3485 cuin

2004 3524 2077 3579 sit
2105 3524 2474 3592 incorporeus,
2503 3520 2615 3595 Μ
2647 3531 2810 3593 atque
2838 3521 2909 3576 ob
2932 3522 2984 3577 id
3023 3537 3092 3577 ne
3136 3521 3189 3576 in
3227 3521 3344 3576 loco
3374 3521 3596 3591 quidem

2005 3628 2127 3670 esse
2164 3613 2389 3684 intelligi
2427 3614 2639 3684 possit?
2663 3611 2775 3668 Sed
2809 3613 3054 3668 continet
3094 3613 3343 3668 ordinem
3388 3628 3594 3681 rerum,

2008 3715 2067 3761 ut
2089 3705 2256 3771 Deus,
2285 3706 2699 3761 transcendens.
2724 3703 2840 3760 Non
2874 3705 3059 3776 itaque
3085 3705 3365 3774 corporeis
3386 3705 3600 3776 legibus

2008 3795 2311 3866 subiacebit
2337 3810 2356 3850 :
2387 3810 2519 3867 ergo
2549 3811 2726 3868 neque
2755 3806 2816 3852 ut
2850 3811 3050 3867 corpus
3078 3795 3384 3868 generabit.

2687 3904 2918 3963 ALIUD.

2080 4018 2140 4074 ld
2167 4019 2310 4089 quod
2352 4019 2407 4075 in
2450 4019 2704 4076 omnibus
2735 4019 2953 4076 exsistit
2987 4029 3292 4089 cunctaque
3333 4029 3599 4089 permeat,

2010 4111 2258 4168 conneeti
2284 4110 2540 4167 omnibus
2565 4125 2792 4167 necesse
2823 4120 2926 4166 est.
2963 4111 3042 4165 lta
3071 4111 3218 4166 enim
3257 4110 3313 4164 in
3349 4112 3604 4166 omnibus

2011 4203 2197 4259 fuerit.
2225 4203 2494 4260 Caeterum
2524 4219 2869 4275 nequaquam
2901 4202 3194 4259 fatebimur
3233 4203 3329 4258 Dei
3351 4203 3604 4259 substan-

2017 4297 2146 4363 tiam
2179 4295 2377 4360 _variis
2440 4297 2625 4358 mundi
2650 4295 3371 4368 -.eorp0t‘ibus"coitnex'a'm
3427 4294 3550 4352 esse
3587 4315 3603 4352 :
3642 4297 3646 4300 ’

2015 4400 2202 4445 manet
2233 4389 2378 4445 enim
2403 4389 2491 4442 illa
2526 4390 2672 4461 in.se
2701 4400 2838 4460 pura
2867 4398 2926 4444 et
2951 4387 3245 4455 naturalis,
3278 4403 3401 4443 cum
3434 4389 3607 4444 altero

2015 4482 2372 4537 connexiouis
2414 4496 2656 4553 expers;
2709 4491 2956 4552 permeat
2982 4490 3162 4537 tamen
3201 4481 3384 4536 omnia
3425 4482 3606 4536 admi-

322 4567 425 4638 μὶν
460 4566 549 4619 διὰ
587 4565 806 4620 πάντων
855 4566 1175 4637 παραδόξως
1209 4567 1304 4621 καὶ
1336 4568 1612 4639 ἀρρήτως.
1649 4569 1764 4623 Οὐκ
1799 4570 1896 4641 ἄρα

2017 4573 2188 4629 rando
2233 4573 2685 4644 quodamlatque
2737 4570 2995 4630 inell‘abili
3042 4573 3222 4628 modo.
3274 4571 3390 4629 Non
3445 4575 3608 4645 igitur

317 4658 444 4719 ταῖς
471 4656 740 4726 σωμάτων
780 4654 1122 4720 ἀκολουθίαις
1152 4656 1526 4713 ὑποκείσεται.
1558 4659 1759 4730 Διόπερ
1786 4660 1907 4714 οὐδὲ

321 4747 467 4802 κατὰ
498 4747 598 4819 τὴν
621 4746 729 4800 τῶν
765 4745 1034 4817 σωμάτων
1065 4747 1229 4817 φύσιν
1255 4749 1526 4818 γεννήσει.

988 4883 1205 4939 τΑΛΔΟ.

394 4995 462 5049 El.
510 4993 712 5058 ἁπλοῦς
748 4996 845 5048 καὶ
887 4974 1181 5058 ἀσύνθετός
1212 4995 1331 5048 ἐστι
1375 4996 1471 5049 καλ⁸
1513 4997 1714 5049 νοεῖται
1753 4995 1908 5065 Θεὸς,

326 5086 446 5148 πῶς
494 5085 786 5157 διαφόρους
841 5087 941 5140 καὶ⁵
992 5086 1242 5151 ποικίλας
1292 5086 1406 5157 ἔχει
1453 5087 1555 5151 τὰς
1608 5087 1909 5160 ἐνεργείας,
1946 5086 1952 5090 ’

323 5175 498 5229 πολλὰ
543 5176 862 5245 ποιημάτων
894 5176 1011 5247 εἴδη
1052 5177 1198 5231 κατά
1242 5179 1470 5248 καιροὺς
1511 5179 1910 5251 ὲργαζόμενος;

326 5265 392 5318 ΕΞ
418 5265 476 5318 δέ
509 5265 660 5318 οὐδὲν
687 5268 767 5329 εἰς
794 5266 858 5318 τὸ
884 5265 1089 5330 ἁπλοῦς
1115 5262 1255 5321 εἴναι
1280 5267 1608 5340 βλαϐήσεται
1641 5269 1915 5339 διαφόρως

326 5357 388 5409 ὲν
424 5357 640 5426 ἑκάστῳ
673 5358 783 5410 τῶν
815 5357 986 5412 ὄντων
1017 5359 1276 5428 ἐνεργῶν,
1313 5362 1434 5413 ἐπεὶ
1475 5361 1550 5431 μὴ
1585 5360 1724 5413 κατὰ
1756 5359 1916 5430 σῶμά

328 5451 502 5514 ἐστιν,
534 5447 647 5501 ἄνω
675 5448 944 5519 σωμάτων
979 5451 1072 5502 καὶ
1103 5452 1162 5503 ἐν
1189 5449 1269 5522 τῷ
1297 5453 1491 5523 γεννᾷν
1516 5451 1779 5506 κείσεται.

595 5651 925 5721 Ἀντιθεσις
960 5655 1042 5723 ὡς
1077 5657 1148 5711 ἐκ
1185 5656 1304 5710 τῶν
1341 5660 1669 5729 Εὐνομίου.

405 5763 470 5814 El
523 5761 797 5833 βούλεσθε,
822 5765 979 5835 φησὶ,
1009 5766 1101 5820 τὸν
1129 5767 1256 5821 Υίὸν
1304 5769 1371 5821 ἐκ
1415 5769 1514 5840 τῆς
1561 5767 1656 5822 τοῦ
1706 5735 1918 5842 [ίατρὸς

333 5852 524 5919 οὐσίας
555 5856 960 5928 προεληλυθότα
974 5858 1174 5928 λέγειν,
1197 5861 1412 5933 ἀνάγκη
1441 5863 1707 5936 πρότερον
1731 5865 1920 5938 ὁμολο-

660 5944 936 6015 Ριησιιυι..
977 5953 1099 6014 Ga.
1131 5953 1229 6015 LX
1247 5953 1378 6016 XV.

2015 4678 2304 4732 corporum
2354 4662 2682 4719 connexiuni
2727 4662 3006 4732 subjectus
3057 4672 3167 4717 est.
3233 4661 3377 4735 Ergo
3431 4679 3611 4735 neque

2013 4753 2166 4822 juxta
2194 4769 2485 4825 corporum
2521 4762 2772 4810 naturam
2803 4754 3108 4824 generabit.

2697 4888 2930 4947 ALIUD.

2090 5001 2149 5057 Si
2177 5003 2407 5073 simplex
2423 5012 2480 5059 et
2506 5017 2614 5058 non
2634 5003 2969 5072 compositus
2987 5012 3076 5059 est
3095 5012 3260 5074 atque
3288 5003 3613 5074 intelligitur

2022 5093 2185 5159 Deus,
2210 5110 2319 5163 quo
2350 5104 2510 5164 pacto
2541 5094 2784 5149 diversas
2818 5095 3108 5166 variasque
3133 5095 3296 5152 liabet
3335 5096 3612 5166 operatio-

2021 5202 2140 5251 nes,
2195 5186 2394 5241 multas
2415 5198 2793 5245 creaturarum
2825 5191 3038 5260 species
3067 5206 3164 5261 per
3187 5200 3432 5262 tempora
3476 5204 3612 5262 ope-

2023 5278 2195 5332 rans?
2223 5275 2282 5333 Si
2318 5294 2449 5335 vero
2484 5280 2699 5336 diversa
2742 5283 2860 5353 ejus
2886 5284 2938 5338 in
2964 5283 3191 5355 singulis
3221 5285 3474 5353 operatio
3503 5299 3611 5338 non

2024 5368 2251 5438 impedit
2277 5370 2570 5438 quominus
2615 5373 2846 5444 simplex
2879 5375 2970 5441 sit,
3008 5390 3132 5429 eum
3179 5391 3284 5430 non
3313 5376 3615 5431 secundum

2023 5472 2221 5528 Carpus
2276 5461 2532 5524 exsistat.
2580 5477 2874 5535 corporum
2933 5468 3098 5522 etiam
3146 5467 3520 5524 conditionem
3554 5467 3611 5522 in

2025 5551 2335 5618 generando
2372 5555 2675 5624 superabit.

2551 5669 2790 5741 Objectio
2821 5674 3090 5733 lt'unomii.

2103 5778 2159 5834 Si
2209 5778 2412 5849 velitis,
2463 5783 2663 5854 inquit,
2716 5782 2912 5840 Filium
2962 5800 3028 5842 ex
3084 5785 3262 5842 Patris
3311 5787 3616 5843 substantia

2029 5873 2382 5944 processisse,
2413 5874 2692 5934 latendum
2715 5878 2938 5936 omnino
2962 5890 3045 5937 est
3080 5896 3201 5937 eum
3235 5880 3389 5950 prius
3419 5883 3476 5935 in
3499 5879 3620 5952 ipso

3219 5970 3255 6034 3
