4048 6422
542 397 611 453 75
1569 389 1623 442 S.
1668 380 1940 441 LYlllLLl
1981 376 2441 435 Αιεχλξειῐιιιιι
2485 371 2800 430 ARCIIILP.
3723 362 3790 422 τθ

543 510 837 569 es'stitisse.
862 509 935 563 Ita
958 508 1099 562 enim
1122 521 1187 562 ex
1216 520 1279 561 eo
1303 510 1632 575 processisse
1657 504 1940 559 videbitur.
1968 505 2035 557 At
2057 503 2102 556 si

2221 500 2325 569 μίν
2353 498 2778 568 προῢποκεὶσθαι
2798 487 2983 541 τοῦτον
3010 487 3065 539 ὲν
3092 484 3259 554 αὐτῷ.
3288 482 3452 535 Οῦτω
3478 481 3589 549 γάρ
3616 478 3680 549 δὴ
3705 483 3789 532 καὶ

547 603 737 658 Filium
773 600 951 662 Pater,
983 598 1293 666 nullumque
1335 584 1498 648 alium
1530 602 1650 662 post
1679 608 1799 648 eum
1826 594 2106 664 geniturus

544 702 626 749 est
647 690 977 760 (unigenitus
1000 689 1142 742 enim
1165 691 1291 754 est),
1308 699 1526 739 necesse
1546 693 1627 738 est
1651 693 1707 736 ut
1725 684 1965 736 dicamus
1985 697 2105 735 eum

546 764 836 851 generandi
868 789 1129 850 potestate
1162 779 1427 846 privatum
1466 791 1609 839 esse,
1664 785 1822 842 atque
1852 787 1915 827 ex
1957 782 2108 841 parte

549 874 909 936 imminutum,
943 870 1122 940 genito
1158 868 1323 923 semel
1355 867 1516 933 Filio,
1551 881 1727 937 aequo
1774 864 2003 934 amplius
2054 864 2107 918 in

548 979 613 1019 eo
644 972 700 1017 ut
729 962 879 1032 prius
906 960 1215 1016 exsistente.

1212 1153 1435 1209 Salutio.

618 1292 825 1348 Rursus
853 1306 914 1346 ea
954 1305 1073 1359 quae
1100 1289 1416 1358 corporibus
1448 1288 1662 1357 propria
1710 1297 1837 1341 smit
1871 1286 1960 1339 Dei
2019 1302 2111 1338 na.

553 1394 683 1436 tum
704 1382 975 1436 ascribere
995 1396 1098 1433 non
1122 1378 1438 1432 erubescis?
1462 1376 1647 1444 Neque
1664 1378 1805 1431 enim
1839 1386 1894 1430 ut
1920 1390 2115 1445 corpus

552 1477 602 1527 in
628 1488 869 1541 corpore,
896 1473 967 1525 ita
1000 1470 1190 1524 Filium
1216 1470 1268 1523 in
1293 1469 1455 1525 Patre
1481 1469 1747 1523 contineri
1775 1470 2113 1538 cogitandum

548 1574 649 1619 est.
682 1564 863 1632 Neque
915 1561 1365 1632 quemadmodum
1390 1574 1509 1629 qua
1549 1575 1613 1615 ex
1648 1560 1800 1613 nobis
1830 1559 2117 1627 gignuntur

552 1658 603 1708 in
634 1661 915 1722 parentum
944 1650 1391 1719 lumbisjacuisse
1413 1650 1722 1712 creduntur,
1744 1647 1815 1699 ita
1838 1646 1905 1700 de
1934 1646 2117 1698 divino

548 1742 818 1813 genimine
850 1741 1188 1796 sentiendum
1218 1750 1320 1794 est.
1366 1740 1423 1793 Si
1472 1739 1593 1808 quis
1620 1739 1762 1793 enim
1786 1752 1851 1793 eo
1884 1736 2116 1790 audaciae

2210 588 2268 653 ἐξ
2308 586 2469 642 αὑτοῦ
2505 582 2780 655 προελθὼν
2830 579 3086 648 φαίνοιτο.
3124 576 3231 629 Καὶ
3265 576 3314 626 εί
3348 574 3444 626 τὸν
3479 572 3611 624 Υἱὸν
3640 570 3788 637 ἐγένο

2210 696 2370 750 νησεν
2394 682 2421 731 ὀ
2453 677 2663 746 Πατὴρ,
2698 674 2791 726 καὶ
2836 672 3023 740 ιτερον
3048 669 3133 721 tr.‘
3167 668 3317 737 αὐτῷ
3349 665 3551 718 οὐδένα
3587 662 3792 725 τέξεται

2211 768 2527 840 (μονογενὴς
2547 764 2701 837 γὰρ),
2722 761 3038 836 ἀφῃρῆσθαι
3071 760 3164 814 καὶ
3188 757 3351 811 αὐτὸν
3372 756 3598 822 ἀνάγκη
3625 752 3793 819 λέγειν

2210 862 2310 930 τῆς
2337 857 2659 927 γεννητικῆς
2686 855 2987 924 δυνάμεως,
3015 850 3355 921 ἡλαττῶσθαι
3386 849 3447 901 ὁὶ
3481 847 3581 901 καὶ
3612 846 3677 898 kz
3700 844 3793 915 μὲ-
3858 848 3885 864 ⁹

2213 968 2359 1025 ρους,
2390 948 2740 1019 γεννηθέντος
2775 946 2921 1011 ἀπαξ
2966 943 3058 997 τοῦ
3098 942 3227 995 Υίοῦ
3266 942 3362 996 καὶ
3412 940 3623 1011 μηκέτι
3652 938 3795 999 ὃντος

2213 1045 2270 1096 δν
2299 1040 2446 1111 αὐτῷ
2472 1038 2719 1108 καθάπερ
2755 1038 2849 1089 καὶ
2882 1036 3166 1107 πρόαρον.

2694 1148 2849 1218 Πρὸς
2885 1148 3061 1202 τοῦτο
3098 1148 3296 1207 λύσις.

2284 1283 2451 1336 Πάλιν
2480 1282 2547 1334 τὰ
2579 1281 2845 1349 σωμάτων
2872 1280 2980 1333 ίδια
3009 1283 3074 1349 τῇ
3112 1279 3206 1333 τοῦ
3234 1278 3367 1333 Θεοῦ
3400 1277 3566 1348 φύσει
3599 1293 3801 1349 περιτι-

2216 1375 2329 1437 θεὶς
2353 1374 2451 1427 οὐκ
2480 1373 2763 1443 ἐρυθριᾷς
2796 1372 2871 1424 Ού
2897 1372 3004 1441 γὰρ
3033 1371 3283 1438 καθάπερ
3312 1373 3476 1441 σῶμα
3508 1373 3567 1423 ὲν
3593 1370 3799 1440 σώματι

2215 1467 2305 1521 τὸν
2352 1467 2479 1519 Υίὸν
2536 1467 2594 1518 ιν
2650 1463 2822 1532 [lupi
2880 1463 3091 1516 κεῖσθαι
3144 1462 3351 1516 δίκαιον
3408 1465 3638 1517 ἐννοεῖν.
3670 1462 3799 1515 Οὐδὲ

2216 1558 2404 1626 ὥσπερ
2444 1556 2510 1608 τὰ
2562 1555 2620 1620 ἐξ
2664 1553 2820 1624 ἡμῶν
2856 1553 3171 1622 γεννώμενα
3215 1557 3279 1622 τῇ
3327 1553 3438 1606 τῶν
3486 1552 3801 1620 γεννώντων

2216 1648 2377 1715 ὀσφύϊ
2406 1646 2751 1716 περιέχεσθαι
2781 1645 3057 1699 πιστεύειν
3088 1646 3381 1716 εὐπρεπὲς,
3408 1645 3558 1699 οὕτω
3591 1645 3687 1699 καὶ
3714 1644 3801 1697 ἐπὶ

2218 1740 2310 1793 τοῦ
2337 1740 2481 1793 θείου
2503 1739 2839 1808 γεννήματος
2870 1736 3184 1806 φρονητέον.
3209 1738 3270 1789 El
3295 1737 3403 1807 γάρ
3427 1754 3512 1800 τις
3543 1738 3626 1799 είς
3650 1736 3803 1789 τοῦτο

550 1834 852 1903 proruperit
896 1844 954 1887 ut
1003 1832 1071 1887 ad
1129 1846 1414 1899 corporum
1469 1830 1742 1885 miseriam
1794 1826 2113 1882 ineffabilem

2221 1830 2498 1903 προϐαίνει
2522 1830 2726 1899 τόλμης
2751 1830 2824 1892 ὼς
2852 1830 2930 1890 είς
2953 1829 3053 1901 τὴν
3081 1829 3189 1881 τῶν
3214 1828 3483 1899 σωμάτων
3510 1828 3804 1897 ἀθλιότητα

550 1922 643 1975 Dei
688 1922 975 1977 essentiam
1024 1921 1326 1989 protrudat,
1355 1918 1485 1988 quid
1516 1918 1783 1973 obstiterit
1826 1919 2109 1983 quominus

550 2024 617 2064 ne
641 2022 923 2078 generasse
945 2008 1159 2076 quidem
1194 2007 1406 2061 Patrem
1446 2006 1775 2061 contendat?
1817 2004 1924 2076 5,5
1959 2004 2110 2070 Quod

552 2100 805 2153 nimirum
843 2113 1035 2167 parere
1071 2097 1230 2151 matri
1257 2096 1437 2165 potius
1469 2110 1629 2165 quam
1654 2095 1771 2149 viro
1790 2093 2115 2149 conveniat?

547 2189 680 2243 Cum
714 2203 841 2243 vero
868 2188 1010 2243 Deus
1058 2190 1409 2257 incorporeus
1448 2186 1540 2253 sit,
1582 2199 1751 2255 neque
1798 2183 2113 2239 differentiis

548 2294 669 2349 qtae
695 2281 746 2333 in
777 2293 1000 2348 corpora
1036 2278 1234 2333 cadunt
1254 2276 1523 2332 obnoxius
1553 2278 1572 2345 (
1594 2274 1864 2330 masculus
1893 2275 2033 2329 enim
2060 2282 2114 2328 et

551 2370 749 2423 femina
784 2380 990 2423 tantum
1017 2370 1069 2423 in
1101 2368 1287 2422 formis
1311 2368 1586 2437 corporeis
1614 2364 1985 2437 quaeruntur),
2019 2368 2111 2420 sed

551 2460 810 2530 simplicis
835 2461 1271 2529 incorporeaaque
1296 2471 1520 2524 naturae,
1538 2468 1592 2514 et
1620 2474 1772 2514 mens
1802 2457 2111 2527 purissima,

549 2567 667 2607 eam
696 2552 765 2607 ob
792 2566 1032 2616 causam,
1071 2552 1282 2618 opinor,
1327 2551 1371 2605 si
1402 2550 1525 2619 quis
1569 2550 1968 2619 generationem
1998 2563 2116 2616 qua:

553 2642 661 2696 Deo
692 2640 945 2695 convenit
974 2638 1301 2707 investigare
1327 2639 1475 2701 velit,
1499 2638 1880 2691 fecunditatem
1917 2651 2035 2705 qua:
2063 2638 2113 2688 in

551 2743 729 2788 mente
750 2731 998 2787 consistit
1022 2731 1366 2785 considerare
1395 2729 1570 2793 debet,
1605 2736 1768 2795 atque
1794 2727 1916 2779 hinc
1937 2726 2115 2795 potius

536 2823 711 2879 Nerbi
762 2821 1157 2891 generationem
1204 2834 1543 2889 comparare,
1590 2834 1695 2873 non
1727 2827 1905 2872 autem
1938 2818 2115 2873 dicere

554 2917 719 2969 Deum
772 2914 947 2968 minus
986 2927 1107 2967 esse
1178 2910 1462 2965 fecundum
1508 2926 1668 2980 quam
1712 2910 1819 2965 sint
1868 2925 2113 2979 corpora.

551 3007 737 3074 Neque
751 3004 890 3057 enim
909 3012 967 3057 ut
985 3017 1181 3072 corpus
1199 3011 1440 3068 generat,
1462 3002 1725 3070 siquidem
1747 3011 1802 3055 et
1825 3002 2116 3056 humanam

552 3108 787 3151 mentem
839 3095 1057 3165 gignere
1086 3093 1314 3147 dicimus
1340 3092 1690 3160 cogitationes
1713 3092 1903 3147 bonas.
1938 3092 2116 3147 Bonus

2212 1922 2311 1992 τὴν
2344 1922 2581 1992 ἀῤῥητον
2610 1918 2706 1972 τοῦ
2732 1917 2867 1971 Θεοῦ
2892 1919 3223 1990 καταφέρειν
3251 1920 3462 1984 οὐσίαν,
3488 1920 3545 1973 τί
3572 1920 3804 1973 κωλύσει

2212 2014 2388 2080 λέγειν
2425 2013 2557 2083 μηδὲ
2584 2012 2717 2075 ὅλως
2751 2013 3138 2082 γεγεννηκέναι
3186 2011 3275 2064 τὸν
3326 2012 3592 2082 Πατέρα;
3653 2011 3805 2065 Ἐπεὶ

2214 2104 2275 2157 τὸ
2304 2105 2507 2157 τίκτειν
2542 2104 2711 2173 μητρὶ
2765 2104 2966 2173 μᾶλλον
3014 2104 3046 2173 ἢ
3096 2103 3251 2173 ἀνδρὶ
3303 2102 3802 2173 πρεπωδέστερονς

2228 2194 2442 2263 Ἐπειδὴ
2488 2194 2544 2246 δὲ
2590 2192 2712 2246 οὔτε
2753 2193 2913 2264 σῶμα
2962 2193 3116 2257 θεὸς,
3147 2192 3270 2245 οὗτε
3322 2192 3429 2263 μὴν
3470 2192 3575 2261 τὴν
3610 2194 3668 2244 ὲν
3696 2194 3811 2254 τοῖς

2218 2284 2462 2353 σώμασιν
2498 2283 2609 2353 ἔχει
2636 2282 2895 2355 διαφορὰν
2923 2283 3111 2351 (άρσεν
3141 2282 3247 2352 γὰρ
3276 2283 3370 2335 καὶ
3402 2282 3536 2352 θῆλυ
3565 2282 3729 2353 μόνον
3749 2284 3805 2335 ἂν

2215 2378 2327 2438 τοῖς
2374 2374 2482 2427 τῶν
2533 2375 2799 2443 σωμάτων
2845 2375 3090 2444 ζητεῖται
3131 2374 3463 2443 σχήμασιν),
3501 2372 3717 2437 ἀπλοῦς
3751 2372 3806 2425 δὲ

2218 2467 2311 2520 καὶ
2346 2464 2651 2535 ἀσώματος,
2704 2465 2799 2518 καὶ
2844 2465 2975 2517 αὐτὸ
3019 2465 3083 2535 δὴ
3130 2464 3285 2517 τοῦτο
3341 2465 3466 2529 νοῦς
3504 2467 3536 2518 ὀ
3590 2466 3807 2519 πάντων

2219 2554 2622 2625 καθαρώτατος,
2654 2556 2741 2609 διὰ
2792 2556 2994 2625 ταύτην
3045 2552 3200 2625 οἶμαι
3246 2556 3343 2627 τὴν
3392 2556 3574 2610 αίτίαν
3609 2555 3807 2627 χρῆναι

2217 2648 2326 2702 δεῖν
2347 2649 2605 2712 τοὺς·ὅσοι
2636 2651 2732 2717 τὴν
2765 2649 2852 2701 ἐπ’
2880 2647 3044 2701 αὑτοῦ
3074 2649 3329 2718 γέννησιν
3374 2648 3654 2712 ἐξετάζειν
3682 2648 3807 2717 βού-

2219 2739 2416 2806 λονται,
2442 2738 2541 2802 τὰς
2581 2742 2644 2793 ιιι
2676 2738 2769 2792 νοῦ
2810 2739 3187 2810 καρποφορίας
3220 2738 3423 2805 ζητεῖν,
3453 2738 3550 2792 καὶ
3578 2740 3808 2804 ταύταις

2223 2831 2421 2904 μᾶλλον
2449 2830 2725 2900 ἐξομοιοῦν
2748 2830 3061 2899 ἐπείγεσθαι
3087 2828 3177 2883 τοῦ
3204 2829 3376 2897 Λόγου
3400 2831 3496 2899 τὴν
3522 2831 3805 2901 γέννησιν,

2221 2921 2315 2973 καὶ
2346 2918 2419 2989 μὴ
2447 2920 2623 2987 λέγειν
2670 2920 2935 2989 σωμάτων
2966 2915 3303 2988 ἀτονώτερον
3334 2912 3471 2970 εἶναι
3495 2917 3653 2986 Θεὸν,
3686 2920 3808 2972 ἐπεὶ

2223 3011 2297 3083 μὴ
2332 3012 2407 3075 ὼς
2441 3011 2599 3081 σῶμα
2638 3012 2818 3080 γεννᾷ.
2851 3011 3048 3080 Γεννᾷν
3087 3009 3186 3079 μιν
3208 3008 3315 3080 γὰρ
3340 3009 3436 3062 καὶ
3473 3009 3562 3063 τὸν
3590 3010 3802 3082 ἀνθρώ-

2220 3116 2371 3153 πινον
2419 3101 2542 3154 νοῦν
2592 3100 2809 3163 πάντως
2842 3101 2908 3154 ἂν
2949 3100 3386 3170 ὁμολογήσαιμεν
3419 3100 3808 3171 διαλογισμοὺς

552 3187 693 3241 enim
722 3185 824 3251 vir,
851 3183 1025 3254 inquit
1048 3182 1326 3248 Servator,
1367 3198 1398 3238 e
1438 3183 1598 3238 corde
1629 3184 1836 3252 profert
1870 3185 2007 3239 bona
2046 3184 2110 3237 ⁸⁸.

2221 3190 2475 3259 ἀγαθούς.
2532 3191 2665 3244 Ἀπὸ
2701 3190 2809 3261 γάρ
2834 3191 2931 3260 τῆς
2958 3190 3185 3260 καρδίας
3212 3192 3239 3241 ὁ
3268 3188 3469 3257 ἀγαθὸς
3492 3190 3807 3261 ἅνθρωπος,

557 3276 612 3330 Si
630 3291 756 3344 ergo
781 3275 1001 3344 impium
1022 3283 1104 3329 est
1127 3274 1306 3329 dicere
1324 3283 1555 3328 mentem
1576 3275 1865 3329 humanam
1889 3275 2117 3329 fructum

558 3368 757 3418 nullum
793 3363 1051 3432 proferre,
1102 3378 1219 3417 cum
1274 3364 1325 3417 id
1379 3364 1636 3419 Dominus
1674 3366 1785 3433 ipse
1818 3374 2040 3421 testetur
2070 3377 2124 3422 et

559 3472 642 3509 res
694 3456 805 3525 ipsa
854 3457 1061 3524 probet,
1097 3472 1201 3525 quo
1253 3466 1409 3524 pacto
1463 3471 1569 3510 non
1622 3458 1910 3511 absurdum
1964 3458 2121 3512 fuerit

557 3546 733 3599 dicere
788 3561 1092 3613 supremam
1148 3547 1388 3599 omnium
1463 3556 1693 3601 mentem
1754 3546 2119 3614 infrugiferam

556 3652 693 3699 esse,
731 3647 783 3691 et
805 3636 1134 3692 fecunditate
1167 3653 1286 3706 qua:
1312 3642 1361 3693 ei
1390 3641 1637 3692 convenit
1670 3640 1923 3707 privare;
1953 3652 2044 3694 aut
2077 3639 2121 3693 si

558 3732 756 3795 dicant,
792 3742 1073 3799 generare,
1113 3731 1385 3800 corporeis
1428 3731 1632 3800 legibus
1660 3732 1930 3799 subjicere
1964 3743 2122 3800 atque

560 3823 629 3873 ita
655 3819 874 3887 perinde
895 3835 957 3872 ac
981 3834 1174 3887 corpus
1195 3835 1477 3890 generare,
1500 3837 1622 3876 eum
1655 3838 1721 3877 ne
1742 3838 1893 3877 mens
1910 3824 2122 3891 quidem

558 3922 677 3974 quae
710 3912 762 3961 tn
806 3909 957 3962 nobis
988 3919 1071 3963 est
1116 3924 1374 3977 corporeo
1420 3912 1577 3967 modo
1613 3913 1870 3983 generet?
1908 3914 1974 3967 At
2003 3929 2125 3970 vero

560 4000 650 4067 qui
676 4000 923 4055 universa
950 4002 1281 4056 transcendit
1305 4002 1565 4072 longeque
1592 4014 1807 4072 superat
1832 4005 1989 4069 Deus,
2020 4020 2127 4073 quo

559 4099 715 4157 pacto
756 4106 859 4145 non
895 4101 1130 4145 mentem
1161 4092 1323 4146 etiam
1367 4094 1733 4162 generationis
1776 4095 1933 4149 modo
1975 4110 2129 4163 supe-

562 4177 717 4243 rabit,
765 4195 868 4233 non
903 4181 1193 4235 amissione
1234 4190 1322 4239 aut
1366 4183 1509 4237 fluxu
1550 4184 1860 4254 cujusquam
1901 4187 2041 4255 quod
2076 4186 2123 4240 ei

560 4268 708 4335 prius
740 4268 931 4335 inerat,
963 4272 1055 4325 sed
1086 4272 1439 4326 illustratione
1457 4273 1591 4327 citra
1620 4274 1779 4328 ullam
1807 4275 2123 4330 divisionem

559 4374 626 4410 cx
662 4345 844 4428 seipso
918 4362 1141 4429 gignens
1182 4361 1417 4427 Filium,
1473 4368 1762 4418 secundum
1810 4365 2126 4420 ineffabilem

559 4463 719 4519 atque
754 4453 1171 4509 inenarrabilem
1224 4456 1417 4511 divinae
1447 4458 1807 4528 generationis
1836 4458 2094 4512 modum?

1236 4653 1461 4709 ALIUD.

630 4782 896 4852 Quidquid
926 4786 990 4838 ad
1021 4786 1421 4841 similitudinem
1446 4790 1666 4843 alterius
1696 4793 1894 4846 factum
1928 4800 2032 4859 est,
2059 4797 2123 4846 ab

562 4872 861 4940 mqualitate
891 4876 1048 4943 primi
1075 4881 1401 4949 exemplaris
1431 4883 1651 4948 recedit,
1688 4896 1741 4938 ct
1772 4888 2033 4939 secundas
2056 4889 2121 4938 ab

566 4961 653 5013 illo
677 4973 861 5028 partes
887 4976 1047 5022 tenet.
1069 4969 1255 5023 Creata
1291 4974 1469 5040 itaque
1496 4985 1685 5026 natura
1713 4991 1808 5042 per
1829 4978 2119 5042 potentiam

566 5054 658 5106 Dei
700 5052 885 5109 effecta
921 5069 1004 5112 est
1035 5059 1285 5126 fecunda,
1328 5075 1382 5117 et
1429 5064 1603 5119 ellicta
1649 5082 1743 5135 per
1779 5068 2005 5137 gratiam
2056 5072 2119 5121 ad

565 5143 707 5196 illam
732 5161 848 5214 quae
868 5164 993 5205 vere
1015 5166 1075 5205 ac
1094 5156 1305 5222 proprie
1327 5156 1552 5211 fecunda
1572 5168 1672 5212 est.
1696 5158 1918 5213 Deficiet
1945 5162 2123 5229 itaque

564 5231 781 5285 omnino
809 5234 877 5287 ab
906 5236 989 5289 illa
1024 5239 1245 5294 veritate
1273 5258 1388 5309 qua:
1421 5245 1491 5297 illi
1521 5245 1658 5300 inest
1692 5248 1743 5299 in
1783 5251 1936 5304 modo
1965 5265 2127 5318 gene—

567 5319 751 5387 randi;
776 5330 827 5375 ct
856 5328 1133 5392 generabit
1162 5331 1401 5399 quidem,
1438 5337 1529 5389 sed
1557 5351 1664 5389 non
1694 5338 1767 5390 ita
1806 5348 1965 5408 atque
1990 5341 2127 5396 illius

566 5409 632 5461 ad
666 5411 817 5480 cujus
849 5416 1250 5475 similitudinem
1280 5422 1510 5479 eﬂictum
1537 5436 1638 5481 est.
1669 5429 1819 5495 Quod
1845 5433 1889 5484 si
1930 5434 1999 5485 ita
2026 5443 2127 5498 cst,

2224 3282 2365 3335 καθά
2410 3299 2574 3352 φησιν
2607 3284 2635 3335 ὁ
2659 3283 2870 3352 Σωτὴρ,
2902 3282 3168 3353 προφέρει
3197 3283 3264 3335 τὰ
3296 3282 3495 3350 ἀγαθά.
3534 3284 3598 3336 Ei
3626 3285 3809 3337 τοίνυν

2224 3371 2414 3434 ἀσεσὲς
2437 3375 2609 3425 είπεῖν
2634 3373 2723 3424 τὸν
2752 3371 3091 3441 ἀνθρώπινον
3125 3372 3249 3425 νοῦν
3279 3373 3490 3445 καρπὸν
3509 3374 3611 3427 οὐκ
3636 3374 3807 3445 ἔχειν,

2226 3462 2317 3514 καὶ
2346 3461 2439 3514 τοῦ
2471 3462 2675 3531 Κυρίου
2715 3462 3014 3530 φάσκοντος
3051 3464 3144 3515 καὶ
3177 3462 3339 3516 αὑτοῦ
3368 3463 3423 3515 δὲ
3452 3462 3687 3533 βοῶντος
3712 3464 3807 3517 τοῦ

2225 3552 2569 3622 πράγματος,
2602 3553 2719 3615 πῶς
2766 3554 2865 3605 ούκ
2902 3552 3102 3606 ἄτοπον
3134 3553 3226 3607 τὸν
3270 3554 3408 3624 ὑπὲρ
3450 3555 3628 3608 πάντα
3682 3555 3812 3609 νοῦν

2224 3641 2471 3710 ἄκαρπον
2498 3638 2635 3694 εἶναι
2665 3641 2868 3709 λέγειν,
2899 3643 2991 3695 καὶ
3018 3644 3116 3713 τῆς
3145 3644 3461 3716 πρεπούσης
3488 3645 3639 3715 αὑτῷ
3668 3664 3808 3717 καρ-

2226 3732 2488 3801 ποφορίας
2521 3734 2876 3802 ἀποστερεϊνς
2925 3732 2957 3803 ἢ
2986 3735 3034 3786 εί
3068 3733 3314 3801 λέγονται
3341 3739 3554 3807 γεννᾷν,
3584 3739 3811 3793 ύποκεῖο

2230 3823 2352 3875 σθαι
2385 3826 2504 3886 ταῖς
2538 3824 2645 3876 τῶν
2676 3824 2941 3894 σωμάτων
2968 3825 3232 3893 ἀνάγκαις
3265 3827 3693 3898 ὑπολαμϐάνειν,
3716 3832 3811 3885 καὶ

2226 3913 2395 3977 οὕτως
2441 3916 2601 3967 αὐτὸν
2632 3916 2707 3977 ὡς
2736 3915 2891 3985 σῶμα
2937 3919 3151 3987 γεννᾷν,
3176 3918 3297 3973 οὐδὲ
3324 3919 3415 3973 τοῦ
3444 3922 3501 3973 ὲν
3531 3923 3664 3992 ἡμῖν
3705 3924 3811 3977 ὑπ-

2228 4005 2482 4075 άρχοντος
2527 4008 2618 4059 νοῦ
2661 4006 2799 4059 κατὰ
2837 4008 2927 4061 τὸν
2955 4008 3062 4061 τῶν
3098 4012 3363 4081 σωμάτων
3392 4014 3691 4081 γεννῶντος
3725 4018 3813 4071 νό-

2229 4114 2328 4166 μον
2349 4114 2362 4161 ;
2396 4097 2450 4150 '0
2471 4098 2528 4150 δὲ
2558 4099 2670 4153 ἀνω
2697 4100 2913 4154 πάντων
2939 4100 3293 4172 ἀναῦεὸηκὼς
3316 4105 3409 4157 καὶ
3436 4107 3613 4159 πάντα
3636 4108 3811 4180 ὑπερ-

2229 4188 2475 4257 κείμενος
2501 4188 2653 4252 Θεὸς,
2685 4192 2803 4254 πῶς
2844 4193 2905 4244 οὐ
2952 4194 3204 4262 γεννήσει
3235 4196 3328 4249 καὶ
3354 4196 3495 4267 ὑπὲρ
3527 4197 3674 4263 νοῦν,
3707 4200 3811 4254 οὐκ

2228 4277 2499 4347 ἀποϐολὴν
2528 4280 2560 4347 ἢ
2594 4279 2894 4351 ἀπόρροιαν
2930 4283 3401 4353 προῦποκειμένου
3420 4285 3563 4349 τινὸς
3595 4287 3811 4358 ὑπομέ-

2228 4386 2352 4434 νων,
2387 4369 2501 4423 ἀλλ’
2534 4372 2819 4441 ἐκλάμψας
2862 4374 3174 4445 ἀμερίστως
3216 4375 3274 4441 ἐξ
3308 4375 3501 4430 ἑαυτοῦ
3534 4378 3625 4432 τὸν
3656 4380 3808 4446 Υίδν,

2228 4458 2368 4512 κατά
2401 4459 2488 4511 τὸν
2518 4461 2754 4531 ἄρῤητόν
2787 4480 2843 4517 τε
2879 4464 2972 4517 καὶ
3005 4464 3281 4535 ἄφραστον
3315 4466 3412 4535 τῆς
3441 4466 3589 4532 Θείας
3614 4458 3811 4542 γεννή-

2158 4529 2203 4582 D
2234 4566 2369 4610 σεως
2396 4529 2627 4619 τρόπονς

2912 4685 3113 4738 ΛΛΛο.

2300 4806 2412 4857 Πᾶν
2439 4807 2573 4875 ὅπερ
2616 4809 2680 4861 ἂν
2710 4810 2828 4861 καθ’
2854 4811 3110 4879 ὁμοίωσιν
3155 4813 3361 4879 γένοιτό
3396 4831 3559 4878 τινος,
3586 4816 3805 4869 ἀπολεί-

2229 4913 2387 4948 πεται
2424 4898 2637 4960 πάντως
2670 4900 2769 4967 τῆς
2793 4903 2928 4972 πρὸς
2955 4904 3014 4955 τὸ
3042 4906 3392 4974 πρωτότυπον
3419 4907 3681 4977 ἰσότητος,
3708 4910 3804 4962 καὶ

2228 4986 2326 5053 τῆς
2359 4990 2563 5039 ἐκείνου
2610 4990 2763 5059 δόξης
2799 4994 2915 5044 ἐστὶ
2953 4994 3460 5065 δεύτερον.”Λγεται
3505 5000 3684 5052 τοίνυν
3714 5000 3803 5052 διὰ

2229 5076 2507 5146 δυνάμεως
2557 5080 2686 5132 Θεοῦ
2743 5084 2876 5152 πρὸς
2925 5087 3573 5158 καρπογονίανὴγενητὴ
3620 5090 3798 5159 φύσις,

2230 5169 2366 5235 πρὸς
2393 5170 2606 5239 ἐκείνην
2637 5177 2983 5247 μορφουμένη
3013 5178 3098 5229 διὰ
3126 5179 3342 5248 χάριτος
3378 5178 3473 5249 τὴν
3501 5180 3669 5242 ὅντως
3709 5182 3802 5233 καὶ

2230 5261 2443 5329 ἀληθῶς
2470 5267 2955 5338 καρπογόνον.Ἀρ’
2980 5264 3072 5320 οὖν
3103 5270 3554 5341 ἀπολειφθήσεται
3583 5271 3801 5334 πάντως

2232 5353 2322 5403 καὶ
2352 5352 2449 5421 τῆς
2496 5354 2675 5424 ἐκείνη
2730 5358 3037 5426 προσούσης
3088 5360 3341 5427 ἀληθείας
3395 5361 3521 5429 περὶ
3567 5360 3656 5412 τὸν
3705 5361 3799 5413 τοῦ

2221 5445 2422 5513 γεννᾷν
2451 5446 2645 5513 τρόπον
2673 5463 2683 5474 ·
2735 5449 2826 5499 καὶ
2859 5452 3107 5520 γεννήσει
3152 5453 3266 5520 μὲν,
3296 5454 3392 5523 οὐχ
3419 5452 3493 5516 ὼς
3522 5455 3697 5504 ἐκεῖνο
3724 5454 3798 5519 δὲ,

564 5505 842 5568 generabit
894 5507 1048 5577 Deus,
1080 5529 1185 5567 non
1228 5526 1283 5569 ut
1322 5530 1566 5573 creatura
1604 5536 1720 5589 qua:
1767 5538 1861 5591 per
1900 5526 2116 5591 gratiam

2233 5505 2415 5601 mpm-6
2446 5505 2539 5586 κᾷι
2586 5505 2960 5607 μεμόρφωται.
2992 5505 3053 5594 bii
3083 5505 3321 5595 ὁίτοῦιτο
3355 5505 3569 5613 ἔληθες,
3605 5505 3798 5614 γεννήζ

649 5720 690 5751 ⁸³
714 5726 902 5785 Matth.
944 5746 1039 5798 xu,
1071 5734 1158 5787 55.
