4048 6466
209 452 267 507 77
1596 432 2040 492 THESAURUS.
3373 418 3441 469 78

210 586 285 625 σει
314 569 407 639 μὲν
448 570 475 620 ὁ
521 567 672 631 Θεὸς,
703 567 803 635 οὐχ
830 564 903 627 ὡς
948 565 979 633 ἠ
1028 563 1201 625 κτίσις
1230 560 1287 614 δὶ
1321 558 1459 612 κατὰ
1486 556 1647 627 χάριν
1674 532 1789 607 καὶ.

1898 564 2011 605 lane
2038 563 2159 603 cum
2183 562 2247 601 eo
2279 541 2689 601 similitudinem
2722 547 2802 595 est
2831 544 3138 597 consecuta,
3173 532 3266 588 sed
3293 528 3449 597 longe

208 659 397 729 ταύτην
428 657 663 715 λαϐοῦσα
693 656 789 726 τὴν
823 654 957 724 πρὸς
992 652 1150 705 αὐτὸν
1188 650 1465 721 ὁμοίωσιν,
1496 646 1608 703 ἀλλ’
1630 646 1767 715 ὑπὲρ

210 750 372 804 πάντα
405 749 469 802 τὰ
498 748 719 817 γενητὰ.

839 859 1040 911 ΛΑΜ).

474 969 789 1036 Ἐρώτησις
824 968 905 1033 ὡς
942 968 1010 1019 ἐκ
1048 964 1152 1019 τοῦ
1192 948 1511 1032 Ε’ὺνομίου.

288 1081 343 1135 Ὁ
376 1083 561 1153 Πατὴρ
592 1081 882 1150 ἐγέννησεν
912 1079 969 1144 ἐξ
1000 1076 1195 1131 ἑαυτοῦ
1227 1076 1316 1129 τὸν
1344 1060 1494 1138 Ῠίὸν,
1525 1072 1777 1143 καθάπερ

206 1174 361 1245 ὑμεῖς
410 1190 544 1241 φατε
591 1173 642 1224 oi
690 1173 783 1223 ἐπὶ
829 1171 995 1240 πολλῇ
1030 1169 1149 1222 λίαν
1197 1168 1448 1239 ὀρθότητι
1492 1166 1777 1234 δογμάτων

206 1261 730 1331 άποσεμνυνόμενοι·
782 1259 897 1313 ἀλλ’
922 1259 1086 1329 ὁρᾶτε
1130 1256 1225 1310 καὶ
1260 1255 1435 1309 τοῦτο.
1471 1254 1688 1317 Τέλειος
1711 1249 1778 1323 ἢν

207 1358 233 1409 ὁ
260 1356 447 1424 Πατὴρ
481 1354 586 1422 πρὸ
629 1351 731 1421 τῆς
776 1349 1081 1420 γεννήσεως
1122 1348 1215 1401 τοῦ
1251 1347 1402 1410 Υίοῢ,
1434 1345 1550 1400 ἀλλ’
1582 1346 1631 1398 εξ
1659 1362 1779 1414 γεν-

207 1448 367 1517 νήσας
397 1447 478 1507 εἰς
507 1443 673 1497 δυάδα
706 1443 1052 1513 μεμέρισται,
1081 1438 1201 1502 πῶς
1220 1438 1381 1491 ἔτιτὸ
1403 1436 1605 1491 τέλειον
1632 1434 1777 1501 ἔξεις

207 1540 253 1590 εί
282 1538 355 1607 μὴ
385 1537 491 1606 ἄρα
522 1535 715 1607 γέγονε
738 1533 868 1603 περὶ
896 1532 995 1602 τὴν
1024 1530 1213 1583 οὐσίαν
1244 1527 1408 1582 αὐτοῦ
1440 1525 1778 1597 πληθυσμιδς,

202 1624 365 1680 οἱονεὶ
397 1624 457 1675 τὸ
489 1608 722 1676 manu
750 1619 1098 1689 ἀναπληρῶν.
1118 1618 1354 1687 Ἀνάγκη
1387 1615 1498 1687 γὰρ
1532 1618 1682 1669 πᾶσα
1720 1616 1781 1668 τὸ

205 1719 261 1783 ἐξ
290 1716 474 1779 ὲνάδος
503 1715 583 1776 είς
604 1713 775 1766 δυάδα
804 1713 1155 1782 τεμνόμενον,
1187 1710 1409 1764 ἔλαττον
1437 1708 1631 1761 ἑαυτοῦ
1657 1709 1783 1777 φαί-

203 1812 409 1874 νεσθαι,
444 1811 491 1862 εί
527 1811 599 1879 μή
639 1826 723 1872 τις
756 1806 896 1877 αὔξη
924 1804 1407 1877 παρεισδραμοῦσα
1434 1800 1696 1874 προσθείη
1721 1800 1782 1854 τὸ

1875 640 2256 696 excellentiorc
2282 652 2444 706 quam
2474 648 2664 689 omnes
2689 640 2954 688 creaturae
2985 626 3163 682 modo.

2551 838 2782 895 ALIUD.

2129 955 2483 1024 Interrogatio
2521 969 2587 1008 ea:
2615 953 2903 1021 objectione
2941 946 3204 1036 Eunomit‘.

1949 1072 2112 1126 Pater
2141 1069 2325 1140 genuit
2356 1066 2553 1122 Filium
2588 1081 2655 1119 ex
2692 1064 2893 1132 seipso,
2934 1069 2992 1114 ut
3016 1074 3111 1113 vos
3138 1057 3252 1129 46
3279 1055 3460 1112 dicitis

1879 1163 1971 1233 qui
2015 1163 2082 1216 de
2130 1175 2339 1216 summa
2379 1160 2688 1229 dogmatum
2741 1155 3067 1210 rectitudine
3117 1150 3457 1221 gloriamini;

1881 1256 1974 1311 sed
2008 1254 2185 1309 videte
2216 1254 2380 1308 etiam
2412 1253 2535 1306 hoc.
2560 1250 2722 1304 Pater
2752 1258 2876 1302 ante
2904 1246 3304 1315 generationem
3341 1240 3463 1297 Filii

1881 1346 2156 1417 perfectus
2178 1353 2328 1411 erat;
2354 1346 2448 1398 sed
2476 1344 2518 1397 si
2552 1352 2832 1409 postquam
2864 1337 3050 1408 genuit
3078 1337 3130 1389 in
3154 1334 3464 1387 dualitatem

1882 1439 2087 1494 divisus
2113 1448 2217 1503 est,
2249 1452 2357 1507 qup
2393 1447 2547 1505 pacto
2577 1431 2816 1487 manebit
2860 1426 3169 1499 perfectus?
3209 1424 3313 1479 nisi
3357 1422 3467 1477 for—

1886 1543 2030 1587 tasse
2078 1533 2130 1585 in
2184 1530 2303 1601 ejus
2352 1526 2655 1582 substantia
2707 1522 2976 1593 suppletio
3022 1516 3265 1588 quaedam
3322 1513 3465 1568 facta

1884 1621 2071 1685 fuerit,
2105 1633 2223 1687 quae
2251 1617 2649 1689 quodammodo
2683 1615 2732 1668 id
2753 1613 2900 1684 quod
2932 1612 3253 1667 exhaustum
3293 1606 3469 1661 fuerat

1884 1714 2169 1783 supplevit.
2215 1708 2593 1765 Necessarium
2636 1708 2781 1761 enim
2830 1718 3053 1775 prorsus
3090 1711 3176 1756 est
3226 1709 3287 1754 ut
3326 1699 3469 1767 quod

1885 1820 1949 1858 ex
2007 1804 2214 1858 unitate
2269 1804 2321 1857 in
2383 1800 2700 1856 dualitatem
2757 1807 2996 1859 secatur,
3056 1795 3234 1848 minus
3289 1791 3471 1859 seipsn

202 1902 529 1965 ἑκλελοιπός.
560 1903 623 1955 Et
664 1900 721 1954 δὲ
760 1899 1000 1953 τοιοῦτον
1029 1898 1185 1951 οὐδὲν
1214 1898 1339 1967 περὶ
1370 1896 1471 1966 τὴν
1504 1894 1656 1947 θείαν
1688 1894 1781 1947 οὐ·

1898 1893 2175 1958 aﬂiciatur,
2218 1894 2321 1948 nisi
2368 1895 2762 1948 incrementum
2796 1887 3014 1957 aliquod
3058 1884 3282 1939 accedat
3326 1880 3469 1950 quod

202 1996 324 2050 σίαν
356 1993 677 2064 συμϐαίνειν
713 1991 957 2054 δύναται,
988 1990 1088 2043 οὐκ
1114 1988 1403 2059 ἐγέννησεν
1433 1988 1540 2057 ἄρα
1566 1985 1625 2051 ἐξ
1657 1986 1783 2039 ἑαυ-

200 2086 293 2140 τοῦ
323 2085 414 2138 τὸν
446 2085 572 2138 Υἱὸν
603 2085 631 2137 ὁ
660 2082 868 2152 Πατὴρ,
902 2082 988 2134 ἵνα
1015 2081 1089 2151 μὴ
1118 2080 1371 2150 φαίνηται
1404 2079 1778 2151 μεριζόμενοςο

202 2173 476 2243 animo:
505 2172 562 2226 δὲ
586 2171 751 2226 αὑτὸν
778 2172 963 2241 ὅμοιον
988 2168 1165 2239 ἑαυτῷ
1192 2168 1334 2222 κατὰ
1358 2169 1554 2223 πάντα.

678 2478 835 2545 Πρὸς
872 2476 1050 2532 τοῦτο
1066 2478 1289 2562 ιλιλιύσις.

273 2593 433 2646 Ἐστι
468 2591 567 2662 μὲν
614 2592 708 2644 καὶ
741 2592 800 2658 ἐξ
834 2591 1037 2665 ἑτέρων
1084 2591 1213 2645 ἰδεῖν
1245 2593 1327 2645 ὅτι
1362 2592 1559 2663 πολλὴν
1588 2593 1637 2646 οἱ
1670 2610 1789 2664 χρι-

1886 1984 2159 2040 defectum
2185 1978 2501 2052 comp°enset
2539 1998 2603 2037 ac
2640 1980 2907 2050 suppleat.
2947 1977 3002 2031 Si
3047 1989 3179 2029 vero
3215 1982 3470 2028 neutrum

1886 2077 2080 2131 horum
2124 2076 2176 2130 in
2220 2075 2401 2130 divina
2434 2085 2627 2129 natura
2668 2071 2920 2127 accidere
2954 2074 3155 2139 potest,
3193 2079 3323 2133 ergo
3364 2077 3471 2116 non

1887 2167 2073 2236 genuit
2099 2166 2259 2221 Pater
2283 2182 2347 2221 ex
2374 2166 2553 2236 seipso
2575 2162 2794 2227 Filium,
2824 2176 2891 2216 ne
2917 2159 3123 2214 divisus
3140 2171 3262 2212 esse
3290 2155 3476 2209 videa-

1889 2270 2018 2324 tur;
2047 2274 2169 2316 eum
2204 2274 2335 2315 vero
2361 2258 2462 2313 sibi
2489 2255 2727 2317 similem
2758 2254 2813 2309 in
2852 2252 3109 2309 omnibus
3146 2249 3276 2306 fecit
3312 2256 3476 2317 atque

1886 2350 2185 2406 constituit.

2398 2484 2608 2541 Salutio
2638 2481 2968 2551 objectionis.

1962 2595 2098 2650 Cum
2129 2609 2193 2650 ex
2218 2596 2339 2650 aliis
2365 2595 2550 2650 multis
2568 2604 2782 2650 constet
2806 2602 3008 2663 quanta
3055 2591 3253 2646 mentis
3295 2589 3478 2659 inopia

201 2683 467 2753 στομάχοι
492 2678 709 2736 νοσοῦσι
737 2682 951 2753 φρενῶν
980 2683 1235 2754 ἐρημίαν,
1258 2682 1406 2737 οὐδὲν
1429 2684 1486 2737 δὲ
1510 2680 1673 2755 ἦττον
1696 2686 1789 2740 καὶ

1898 2684 2142 2741 laborent
2194 2686 2379 2739 hostes
2440 2685 2569 2750 Dei,
2643 2682 3166 2745 tumvnihilominus
3217 2695 3283 2737 ex
3335 2680 3477 2735 istis.

196 2778 288 2832 διά
310 2775 539 2831 τούτων.
576 2774 892 2829 Πλανῶνται
938 2776 1049 2847 γάρ
1097 2776 1286 2841 ὅντως,
1325 2776 1398 2846 μὴ
1447 2777 1650 2841 εἰδότες
1692 2779 1791 2842 τὰς

1898 2777 2093 2831 Errant
2146 2777 2290 2832 enim
2348 2791 2591 2845 prorsus,
2642 2789 2819 2843 neque
2856 2774 3092 2829 scientes
3142 2772 3481 2841 Scripturas,

198 2867 427 2937 Γραφὰς
463 2865 597 2935 μηδὲ
628 2862 728 2935 τὴν
750 2863 981 2934 δύναμιν
1012 2863 1106 2917 τοῦ
1138 2863 1293 2917 Θεοῦ.
1324 2864 1447 2927 Πῶς
1474 2864 1583 2934 γάρ
1607 2867 1792 2936 ὅμοιον

1898 2882 2071 2937 neque
2109 2868 2369 2946 virtutem,
2418 2867 2509 2919 Dei
2543 2866 2607 2918 “.
2648 2864 2929 2931 Quomodo
2955 2865 3100 2917 enim
3133 2862 3341 2932 aequale
3385 2877 3486 2932 per

200 2961 357 3014 ἔσται
388 2959 534 3013 κατὰ
564 2959 743 3011 πάντα
771 2957 849 3027 τῷ
886 2957 1129 3027 ἀκτίστῳ
1166 2957 1262 3010 καὶ
1290 2957 1376 3010 ἀεὶ
1403 2957 1518 3010 ὄντι
1550 2958 1670 3029 Θεῷ
1696 2962 1792 3013 καὶ

1898 2960 2080 3014 omnia
2119 2958 2227 3012 Deo
2257 2973 2322 3012 ac
2362 2957 2508 3011 Patri
2553 2957 2796 3011 increato
2830 2969 3157 3027 semperque
3196 2955 3482 3009 exsisteuti

200 3052 401 3121 Πατρὶ,
434 3049 495 3102 re
535 3046 595 3112 ἐξ
635 3047 737 3100 οὐκ
776 3046 947 3100 ὅντων
976 3048 1058 3110 είς
1088 3048 1383 3102 ὑπόστασιν
1428 3050 1682 3120 ὲνεχθέν;
1728 3052 1791 3105 Εἰ

1898 3051 2062 3105 fuerit
2092 3050 2143 3104 id
2175 3049 2316 3118 quod
2350 3064 2418 3103 ex
2461 3047 2630 3114 nihle
2663 3047 2728 3100 ad
2770 3062 2893 3121 esse
2928 3049 3233 3102 traductum
3264 3047 3386 3101 est?
3424 3046 3484 3099 Si

198 3144 312 3215 γὰρ
341 3144 480 3205 ὅλως
509 3142 740 3212 ὑπέστη,
765 3141 865 3193 οὐκ
898 3135 966 3210 ἦν
1002 3139 1244 3211 δηλονότι
1270 3141 1423 3215 ποτέ.
1455 3141 1580 3206 Πῶς
1608 3142 1665 3196 δὲ
1694 3144 1794 3197 οὐκ

1898 3148 2042 3200 enim
2084 3145 2263 3199 factus
2304 3156 2359 3200 et
2397 3148 2728 3201 constitutus
2762 3144 2883 3211 fuit,
2933 3145 3123 3214 procul
3170 3144 3337 3199 dubio
3387 3145 3485 3197 ali-

196 3234 550 3304 αίσχύνονται
592 3232 897 3304 μερισμοὺς
925 3234 1019 3283 καὶ
1049 3218 1337 3301 ἀποτομὰς
1367 3233 1496 3302 περὶ
1522 3232 1620 3304 τὴν
1646 3233 1795 3287 Θείαν

1898 3235 2113 3303 quando
2155 3252 2259 3290 non
2292 3236 2414 3293 fuit.
2451 3235 2566 3303 Quo
2601 3246 2761 3306 pacto
2807 3246 2988 3290 autem
3034 3251 3140 3289 non
3180 3237 3347 3304 pudet
3392 3250 3487 3290 cos

204 3326 461 3409 γέννησιν
506 3323 875 3393 εἰσφέροντες,
919 3323 1016 3375 καὶ⁸
1045 3324 1158 3385 τοῖς
1187 3321 1289 3391 τῆς
1319 3322 1551 3394 γενητῆς
1582 3324 1795 3393 φύσεως

1900 3327 2196 3381 divisiones
2248 3336 2305 3381 et
2356 3328 2626 3382 sectiones
2675 3329 2728 3382 in
2779 3328 3016 3383 divinam
3078 3328 3485 3397 generationem

202 3418 394 3486 νόμοις
422 3414 771 3491 ὕποτιθέντες
815 3414 913 3484 τὴν
953 3413 1193 3486 ἄρρητον
1217 3414 1442 3480 οὐσίαν;
1487 3416 1560 3467 Οὐ
1593 3415 1703 3486 γὰρ
1731 3416 1794 3487 δή

199 3524 310 3562 που
362 3510 477 3571 τοῖς
526 3506 747 3570 οἰκείοις
795 3508 1094 3577 ποιήμασιν
1140 3508 1255 3570 ἶσος
1300 3506 1451 3560 ἔσται
1486 3507 1639 3573 Θεὸς,
1676 3509 1798 3561 οὐδὲ

202 3597 353 3654 οὕτω
389 3597 642 3667 γεννήσει
672 3595 926 3667 καθάπερ
957 3598 1161 3649 ἐκεῖνα·
1186 3596 1303 3648 ἀλλ’
1341 3595 1533 3667 ὥσπερ
1558 3599 1616 3650 ὲν
1648 3597 1796 3651 άπα-

205 3710 297 3746 ςιν
351 3689 612 3761 ὑπερέχει
661 3687 863 3751 αὐτῶν,
920 3687 1094 3751 οὕτως
1145 3687 1400 3761 ὑπερέξει
1450 3689 1552 3741 κάν
1600 3687 1795 3759 τούτῳ.

202 3782 318 3837 Καὶ
352 3783 400 3851 εί
431 3757 610 3849 πάσης
655 3778 769 3833 ἄνω
794 3778 1029 3849 γενητῆς
1075 3757 1267 3842 οὐσίας
1295 3757 1444 3832 ἔστιν
1483 3782 1512 3833 ὁ
1541 3779 1674 3843 Θεὸς
1704 3757 1801 3834 καὶ

200 3873 423 3942 Πατὴρ,
461 3872 572 3927 ἄνω
621 3870 786 3925 πάλιν
815 3870 986 3939 αὐτῆς
1023 3869 1172 3922 ἔσται
1216 3871 1312 3923 καὶ
1349 3870 1491 3923 κατὰ
1518 3870 1607 3923 τὸν
1635 3873 1692 3925 ὲν
1724 3870 1801 3941 τῷ

198 3966 406 4034 γεννᾷν
450 3964 673 4035 τρόπον,
716 3962 971 4032 αρῤήτως
1013 3960 1171 4014 τοῦτο
1218 3960 1387 4015 ποιῶν
1433 3962 1529 4017 καὶ
1576 3961 1801 4033 θεοπρε-

202 4054 353 4119 πῶς.

904 4166 1106 4220 ΑΛΛΟ.

280 4281 607 4355 Μερισμοῦς
623 4280 717 4333 καὶ
735 4277 1063 4341 ἐλαττώσεις
1082 4278 1399 4348 ὑπομένειν,
1429 4279 1603 4351 αὔξην
1623 4297 1683 4335 τε
1708 4283 1803 4336 καὶ

202 4372 566 4443 πληθυσμδν,
582 4372 675 4423 καὶ
707 4371 807 4432 τὰς
842 4372 898 4423 ὲν
941 4368 1018 4439 τῷ
1051 4370 1256 4423 τίκτειν
1286 4371 1587 4443 ἀπορροίας
1618 4374 1805 4443 σωμά-

1901 3415 2179 3483 inducere,
2204 3427 2258 3469 et
2285 3416 2609 3473 inetfabilem
2651 3417 3010 3472 substantiam
3053 3427 3249 3471 creata:
3281 3428 3487 3473 naturae

1900 3508 2110 3577 legibus
2156 3507 2472 3577 subjicere?
2519 3509 2705 3579 Neque
2755 3512 2901 3564 enim
2958 3511 3223 3564 creaturis
3277 3511 3373 3565 abs
3431 3526 3489 3566 se

1901 3598 2063 3653 t'actis
2083 3599 2312 3668 :cqualis
2334 3610 2421 3653 est
2445 3599 2608 3665 Deus,
2629 3615 2804 3669 neque
2823 3601 3010 3653 eadem
3032 3599 3246 3654 ratione
3264 3610 3490 3670 generat

1901 3704 2009 3759 qua
2038 3690 2163 3757 illa;
2197 3693 2290 3745 sed
2328 3693 2472 3746 sicut
2502 3693 2554 3745 in
2585 3692 2799 3745 caeteris
2824 3691 3079 3747 omnibus
3097 3691 3217 3745 illas
3243 3692 3488 3757 excellit,

1902 3782 1980 3836 ita
2008 3782 2170 3836 etiam
2206 3782 2258 3835 in
2284 3782 2408 3837 hoc.
2440 3780 2509 3835 Et
2538 3781 2583 3835 si
2611 3795 2825 3836 omnem
2856 3788 3093 3836 creatam
3125 3782 3489 3837 substantiam

1905 3872 2050 3926 Deus
2069 3887 2131 3927 ac
2163 3870 2328 3926 Pater
2362 3872 2520 3944 longe
2551 3881 2791 3941 superat,
2817 3871 2927 3927 erit
2954 3873 3119 3928 etiam
3143 3888 3205 3929 ea
3240 3874 3491 3945 superior

1904 3966 2202 4034 generandi
2238 3965 2420 4030 modo,
2471 3964 2819 4021 ineﬂabiliter
2854 3966 3141 4038 divineque
3172 3969 3224 4024 id
3260 3968 3486 4027 faciens.

2576 4164 2806 4221 ALIUD.

1991 4276 2293 4331 Divisiones
2373 4285 2429 4331 et
2507 4276 2935 4345 imminutiones,
3013 4279 3372 4347 incrementa,
3438 4291 3496 4337 et

1906 4369 2277 4438 suppletiones
2327 4382 2391 4423 ac
2437 4366 2684 4423 deﬂuxus
2732 4368 2786 4422 in
2839 4372 3150 4439 generando
3201 4386 3493 4439 corporum

198 4482 343 4529 των,
379 4464 510 4515 ἴδιον
544 4460 641 4514 καὶ
672 4460 780 4513 τῶν
813 4461 913 4512 ὅσα
940 4459 1043 4529 τῆς
1063 4461 1297 4537 γενητῇς
1329 4461 1517 4523 οὐσίας
1544 4463 1710 4516 ἐστίν.
1740 4464 1795 4516 El

1908 4461 2128 4536 prepria
2179 4469 2325 4525 sunt,
2366 4470 2421 4513 et
2449 4475 2638 4515 eorum
2689 4475 2811 4531 quae
2840 4471 3080 4517 creatam
3130 4464 3492 4519 substantiam

200 4556 395 4608 τοίνυν
423 4552 568 4606 οὕτω
591 4552 764 4605 τίκτει
804 4551 956 4614 Θεὸς,
986 4551 1175 4622 ὥσπερ
1204 4553 1298 4605 καὶ
1326 4553 1396 4607 τά
1429 4552 1675 4624 σώματα,
1708 4556 1795 4609 καὶ

1908 4552 2132 4607 habent.
2182 4552 2238 4606 Si
2288 4553 2452 4621 igitur
2496 4551 2644 4606 Deus
2707 4552 2781 4607 ita
2831 4554 3007 4624 gignit
3047 4554 3187 4608 sicut
3236 4569 3491 4625 corpora,

202 4646 485 4716 κρατήσει
511 4642 675 4711 νόμος
706 4642 793 4694 ἐπ’
816 4641 980 4695 αὑτοῦ
1009 4642 1250 4707 τοιοῦτος
1278 4644 1463 4707 ὁποῖος
1494 4648 1552 4698 ὲν
1574 4649 1686 4709 τοῖς
1706 4664 1795 4700 πε-

1910 4645 2211 4714 eademque
2245 4646 2360 4714 lege
2390 4654 2602 4699 tenetur
2623 4659 2729 4715 qua
2761 4656 3047 4711 creature,
3087 4648 3299 4703 creabit
3326 4649 3492 4703 etiam

202 4736 560 4807 ποιημένοις,
591 4734 735 4787 οὕτω
779 4732 874 4787 καὶ
901 4734 1297 4805 δημιουργήσει
1333 4736 1586 4807 καθάπερ
1613 4738 1708 4791 καὶ
1735 4739 1795 4793 τά

1913 4735 2375 4806 quemadmodum
2409 4750 2660 4805 corpora,
2711 4736 3091 4792 instrumentis
3138 4738 3394 4797 nimirum
3440 4750 3496 4795 et

205 4831 474 4902 σώματα,
505 4828 759 4899 ὀργάνοις
784 4827 983 4897 δηλαδὴ
1019 4827 1114 4880 καὶ
1146 4830 1299 4898 χερσὶ
1347 4830 1704 4901 κεχρημένος.
1741 4833 1795 4885 El

1914 4829 2169 4884 manibus
2210 4838 2389 4883 utens.
2442 4828 2498 4883 Si
2550 4842 2681 4883 vero
2731 4844 2855 4883 cum
2905 4843 3165 4898 corporea
3212 4839 3269 4885 et
3312 4841 3495 4885 creata

202 4924 268 4979 ἃ
294 4924 402 4993 τῆς
430 4920 749 4991 σωματικῆς
779 4920 874 4973 καὶ
902 4919 1136 4988 γενητῆς
1165 4919 1377 4986 φύσεως
1409 4916 1553 4975 οὕτω
1576 4924 1809 4993 δυναμέ-

206 5032 314 5086 νης
343 5014 705 5083 δημιουργεῖν
736 5011 832 5063 καὶ
855 5009 953 5079 οὐχ
979 5008 1199 5077 ἑτέρως,
1216 5010 1360 5081 λόγῳ
1388 5012 1453 5065 τὰ
1481 5013 1657 5067 πάντα
1678 5014 1810 5078 Θεὸς

205 5101 540 5177 ἐργάζεται,
588 5100 683 5154 καὶ
727 5100 785 5152 ὲν
818 5101 884 5169 τῇ
933 5096 1097 5152 αὖτοῦ
1138 5097 1388 5169 βουλήσει
1430 5101 1498 5154 τά
1540 5101 1666 5156 ὄντα
1711 5104 1810 5173 τὴν

208 5200 487 5253 σύστασιν
516 5194 650 5265 ἔχει,
668 5192 786 5256 πῶς
810 5192 871 5245 οὗ
900 5192 1105 5260 γελοῖον
1137 5195 1194 5246 ὲν
1223 5196 1337 5258 τοῖς
1366 5194 1812 5265 ἀξιολογωτέρας

211 5294 317 5347 καὶ
349 5289 565 5361 μείζοσι
599 5285 673 5357 μὴ
707 5285 820 5338 ἆνω
850 5284 1062 5339 κεῖσθαι
1091 5285 1300 5348 πάθους
1351 5285 1439 5339 τὸν
1484 5287 1637 5352 Θεὸν,
1676 5288 1809 5358 μηδὲ

209 5380 545 5449 ἐξάλλεσθαι
574 5378 643 5431 τά
670 5380 784 5440 τοῖς
810 5374 1055 5447 σώμασιν
1086 5378 1311 5430 εἰωθότα
1343 5380 1658 5450 συμϐαίνειν
1682 5382 1812 5451 περὶ

207 5473 275 5526 τὸ
301 5472 505 5541 γεννᾷν
530 5510 544 5535 ,
577 5467 693 5521 ἀλλ’
730 5466 806 5530 ὼς
841 5466 900 5532 ἐξ
933 5468 1181 5540 ἀνάγκης
1213 5468 1384 5532 οὕτως
1420 5467 1557 5523 εἶναι
1589 5489 1653 5524 πε
1664 5474 1718 5542 pl.
1751 5472 1812 5525 τὸ

208 5562 445 5632 γεννᾷν,
464 5558 833 5627 καθάπερσκαὶ
856 5559 925 5613 τά
951 5558 1414 5628 σώματα.”Ωσπερ
1438 5556 1533 5614 οὖν
1551 5562 1812 5632 δημιουρο

210 5656 310 5721 τεῖ
345 5650 447 5721 μὲν
503 5648 601 5719 οὐχ
627 5649 703 5710 ὼς
733 5647 1039 5717 ἄνθρωπος,
1079 5650 1199 5703 οὐδὲ
1244 5649 1319 5713 ὡς
1348 5650 1526 5721 σῶμα,
1550 5652 1693 5704 οὓτω
1720 5653 1815 5705 καὶ

213 5744 397 5814 γεννᾷ
417 5744 538 5804 ταῖς
557 5740 665 5793 τῶν
691 5741 961 5811 σωμάτων
982 5741 1288 5813 συνηθείαις
1307 5744 1402 5814 οὐχ
1431 5744 1808 5815 ὑποκείμενος.

299 5862 350 5894 ⁸⁵
391 5858 579 5916 Matth.
624 5871 758 5915 χχιι.
798 5856 886 5911 29.

1914 4932 2110 4976 natura
2162 4921 2233 4975 ita
2261 4920 2477 4989 operari
2517 4921 2687 4989 possit
2732 4936 2908 4990 neque
2938 4920 3113 4985 aliter,
3161 4921 3304 4977 Dens
3332 4923 3496 4979 verbo

1914 5012 2097 5065 omnia
2143 5020 2419 5080 operatur,
2466 5018 2522 5063 et
2564 5011 2619 5063 in
2656 5010 2774 5080 ejus
2812 5010 3090 5065 voluntate
3134 5013 3316 5066 omnia
3362 5028 3495 5067 con-

1919 5103 2137 5165 sistunt,
2172 5116 2277 5169 quo
2324 5110 2481 5170 pacto
2525 5115 2630 5155 non
2684 5100 2971 5155 ridiculum
3027 5100 3192 5158 fuerit
3232 5103 3287 5157 in
3337 5104 3499 5159 rebus

1919 5191 2261 5264 dignioribus
2303 5203 2358 5245 et
2392 5193 2648 5247 momenti
2704 5191 2874 5247 Deum
2922 5208 3027 5247 non
3059 5208 3180 5248 esse
3218 5205 3501 5264 expertem

1919 5285 2210 5353 passionis,
2243 5284 2349 5356 (‘7
2369 5299 2545 5354 neque
2571 5299 2855 5352 corporum
2888 5284 2940 5340 in
2965 5285 3275 5357 generando
3308 5287 3498 5341 condi~

1918 5377 2119 5431 tionem
2153 5391 2411 5446 superare
2431 5418 2446 5442 ,
2471 5377 2565 5430 sed
2594 5375 2756 5430 veluti
2799 5380 3128 5433 necessitate
3166 5380 3395 5447 quadam
3426 5381 3496 5434 ita

1918 5482 2178 5538 generare
2235 5476 2293 5520 ut
2333 5467 2567 5535 corpus?
2608 5466 3073 5533 Quemadmodum
3132 5469 3296 5536 igitur
3350 5482 3498 5525 creat

1919 5575 2022 5614 non
2054 5569 2111 5611 ut
2149 5561 2329 5623 homo,
2368 5573 2543 5628 neque
2589 5569 2646 5614 ut
2690 5574 2912 5629 corpus,
2951 5562 3023 5615 ita
3074 5562 3236 5615 etiam
3278 5576 3503 5632 generat

1918 5668 2205 5725 corporum
2230 5651 2607 5710 consuetudini
2644 5665 2986 5724 nequaquam
3018 5654 3299 5713 astrictus.
