4048 6422
631 421 702 478 79
1605 422 1659 478 S.
1698 418 1965 477 CYRILLI
2007 421 2470 479 ALEXANDRINI
2511 421 2832 481 AliClllEP.
3786 417 3844 475 $0

968 533 1193 601 ALIUD,
1220 537 1287 590 ad
1317 538 1387 591 rei
1421 539 1836 606 explicationem.

707 651 861 702 Pater
894 647 1082 701 Filium
1113 662 1175 701 ex
1207 647 1383 715 seipso
1409 648 1609 715 absque
1643 648 1909 701 divisione
1957 658 2049 701 aut
2096 649 2179 702 itt-

631 737 851 793 tervallo
890 736 1157 804 produxit,
1199 737 1653 803 quemadmodum
1700 745 1751 790 et
1804 736 1884 789 sol
1932 738 2181 804 splendo-

634 845 743 883 rem
771 842 833 881 ex
883 842 942 882 se
988 828 1267 881 emissum.
1310 828 1566 891 Quamvis
1608 827 1860 895 splendor
1894 828 2027 882 solis
2072 844 2177 881 nou

632 921 827 974 habeat
877 918 1144 987 prnpriam
1191 917 1544 985 Itypostasim,
1581 930 1755 983 neque
1793 916 2029 983 perfecte
2067 917 2181 986 ipse

632 1012 684 1062 in
726 1010 905 1078 seipse
937 1012 1171 1062 essentia
1219 1007 1292 1059 sit
1327 1023 1339 1058 :
1393 1007 1551 1060 habet
1584 1006 1729 1059 enim
1773 1021 1930 1060 suum
1961 1022 2081 1061 esse
2128 1009 2178 1061 in

629 1100 771 1163 sole;
818 1099 1059 1152 divinum
1102 1111 1232 1150 vero
1277 1096 1522 1163 genimen
1571 1098 1669 1150 huc
1722 1106 1926 1149 tantum
1971 1111 2033 1150 es
2080 1098 2179 1150 hoc

628 1192 869 1260 exemplo
890 1191 1053 1243 liabet
1100 1188 1239 1256 quod
1282 1201 1348 1240 ex
1387 1186 1549 1239 Patre
1588 1187 1842 1254 prochdat
1883 1187 2017 1239 citra
2048 1187 2181 1240 divi-

628 1283 833 1336 sionem
865 1281 1024 1334 ullam
1065 1288 1118 1334 et
1144 1278 1348 1347 absque
1386 1278 1581 1346 spatio,
1612 1279 1990 1345 propriamque
2022 1278 2180 1331 habet

631 1371 961 1441 hypostasim
990 1384 1093 1421 non
1121 1376 1424 1435 separatam
1466 1382 1494 1419 a
1521 1365 1698 1429 Patre,
1731 1368 1824 1420 sed
1857 1368 1909 1420 in
1934 1366 2093 1421 Patre
2126 1378 2181 1421 et

628 1477 747 1513 cum
802 1459 959 1513 Patre
997 1458 1321 1512 intellectam
1366 1464 1527 1523 atque
1580 1456 1950 1510 exsistentem.
1994 1455 2181 1509 Dicere

628 1560 805 1605 autem
847 1550 1137 1604 sectionem
1192 1557 1244 1602 et
1286 1546 1609 1600 decisiouem
1654 1546 1706 1600 in
1737 1546 1913 1600 divina
1966 1560 2182 1615 genera-

631 1641 774 1692 tione
801 1637 995 1691 factam
1023 1638 1205 1699 fuisse,
1240 1636 1491 1689 immanis
1523 1634 1744 1688 insaniae
1777 1644 1861 1688 est
1890 1636 2182 1688 documen-

630 1738 761 1781 tum.
794 1726 922 1781 Cum
953 1726 1093 1780 enim
1118 1726 1368 1779 divinitas
1401 1724 1517 1778 loco
1548 1740 1652 1777 non
1677 1723 2175 1787 circumscribatur,

630 1832 697 1872 ne
728 1819 775 1871 id
799 1816 1013 1885 quidem
1044 1816 1183 1884 quod
1206 1830 1272 1871 ex
1299 1830 1364 1870 eo
1383 1815 1624 1883 procedit
1648 1815 1699 1867 in
1731 1814 1848 1869 loco
1885 1814 2006 1868 erit.
2027 1812 2177 1879 Quod

630 1924 757 1963 vero
779 1923 949 1977 neque
974 1908 1025 1961 in
1062 1909 1178 1960 loco
1204 1916 1309 1970 est,
1338 1920 1511 1974 neque
1543 1921 1661 1960 esse
1690 1914 1885 1974 potest,
1915 1904 2181 1973 quomodo
2215 1896 2256 1955 Β

628 2001 863 2069 separari
887 1999 1095 2069 potest?
1114 1998 1357 2065 Quonam
1385 2000 1525 2051 enim
1552 1997 1648 2050 ibit
1670 1997 1813 2064 quod
1838 2004 2041 2049 sectum
2064 1994 2182 2047 est?

629 2100 721 2145 aut
745 2105 776 2144 e
811 2104 916 2159 quo
944 2090 994 2143 in
1018 2104 1176 2159 quem
1209 2085 1603 2141 transferetur?
1631 2086 1746 2139 luet:
1772 2083 2035 2153 siquidem
2062 2098 2183 2137 cor-

630 2195 817 2249 porum
867 2187 989 2233 sunt
1037 2177 1292 2246 propria,
1340 2176 1408 2230 ab
1461 2177 1957 2242 incorporeavero
1991 2183 2179 2227 natura

630 2285 849 2342 prorsus
895 2269 1089 2322 aliena.
1134 2266 1209 2321 Ne
1258 2268 1421 2335 igitur
1455 2267 1617 2335 impie
1647 2268 1699 2319 in
1747 2266 1926 2320 divina
1954 2280 2185 2336 genera-

634 2362 776 2415 tione
826 2355 1106 2419 deﬂuxus,
1164 2356 1554 2424 separatioues,
1623 2365 1785 2424 atque
1842 2356 1926 2411 his
1989 2356 2185 2410 similia

630 2448 1131 2503 comminiscautur.
1172 2443 1433 2513 Suprema
1486 2445 1626 2497 enim
1672 2444 1760 2497 illa
1800 2444 2040 2498 omnium
2086 2460 2184 2497 na-

633 2552 750 2594 tura
776 2538 906 2592 nulli
934 2537 1190 2605 passioni,
1224 2534 1545 2604 separationi
1582 2545 1673 2588 aut
1701 2535 1926 2590 sectioni
1976 2544 2059 2589 est
2087 2536 2185 2589 ob-

635 2629 815 2693 noxia,
872 2640 1047 2695 neque
1096 2640 1379 2693 corporum
1434 2625 1788 2693 proprietates
1839 2626 2047 2694 recipit.
2080 2623 2184 2679 Sed

632 2718 1075 2787 quemadmodum
1128 2722 1275 2768 creat
1335 2714 1693 2777 mirabiliter,
1750 2714 2017 2783 longeque
2080 2714 2187 2765 alio

632 2821 790 2875 quam
843 2814 1025 2858 nostra
1072 2802 1403 2857 consuetudo
1435 2802 1538 2856 fert
1571 2802 1748 2867 modo,
1806 2803 1878 2855 ita
1916 2802 2075 2856 etiam
2103 2814 2188 2868 ge-

635 2906 784 2951 nerat
809 2912 872 2949 ex
908 2910 967 2949 se
998 2892 1101 2947 alia
1135 2892 1341 2945 ratione
1369 2905 1529 2959 quam
1562 2906 1683 2945 nos.

637 3029 893 3096 Exempla
943 3026 1291 3094 particulatim
1338 3025 1661 3096 declarantia
1699 3040 1799 3091 quo
1826 3034 1976 3091 pacto
2016 3024 2189 3081 Filius

861 3092 991 3152 citra
1024 3096 1401 3166 reparationem
1441 3110 1467 3147 ε
1499 3092 1656 3147 Patre
1679 3098 1950 3161 processit.

706 3233 896 3286 Sermo
924 3229 1313 3291 euuntiativus,
1346 3242 1453 3295 quo
1484 3228 1705 3291 utimur,
1741 3228 1794 3281 in
1833 3238 2012 3283 mente
2042 3239 2095 3283 et
2122 3244 2187 3283 ex
2216 3223 2257 3278 C

636 3334 815 3377 mente
841 3321 1098 3391 gignitur,
1130 3330 1291 3387 atque
1313 3318 1453 3372 alius
1475 3318 1691 3388 quidem
1731 3318 1944 3371 videtur
1969 3334 2091 3372 esse
2121 3321 2190 3372 ab

634 3428 699 3467 eo
735 3412 824 3481 qui
866 3412 918 3463 in
960 3410 1121 3464 corde
1153 3407 1412 3477 agitatur,
1442 3416 1709 3476 quatenus
1743 3418 1896 3463 extra
1931 3422 1994 3462 os
2023 3408 2188 3463 veluti

634 3518 664 3558 e
692 3501 929 3557 tenebris
962 3502 1015 3555 in
1046 3499 1219 3553 lucem
1248 3498 1553 3562 emittitur;
1584 3506 1669 3554 est
1698 3507 1877 3554 autem
1915 3514 2105 3555 rursus
2137 3500 2187 3553 in

633 3610 719 3658 eo,
744 3593 1041 3661 similisque
1078 3592 1125 3645 ei
1176 3600 1260 3645 est
1300 3604 1395 3658 per
1426 3590 1629 3645 omnia.
1667 3590 1721 3644 in
1763 3604 2011 3645 sermone
2044 3590 2190 3646 enim

633 3685 844 3738 videtur
884 3682 1139 3751 cOgitatio
1169 3680 1370 3741 cordis,
1394 3688 1447 3733 et
1486 3695 1671 3735 rursus
1708 3680 1759 3733 in
1789 3689 1969 3734 mente
2012 3694 2191 3734 sermo

634 3776 869 3830 nondum
919 3770 1185 3840 loquendo
1222 3783 1535 3837 expressus.
1564 3770 1638 3822 Ita
1679 3770 1840 3824 etiam
1876 3770 2044 3824 Filius
2074 3769 2190 3832 Dei,

636 3870 837 3937 absque
880 3862 1225 3933 separatione
1267 3876 1299 3915 e
1341 3860 1501 3914 Patre
1550 3862 1865 3934 procedens,
1911 3860 2023 3932 48
2065 3861 2193 3915 cha-

637 3968 815 4013 racter
844 3966 925 4011 cst
950 3964 1000 4010 ct
1025 3967 1281 4023 expressa
1313 3952 1482 4021 ﬁgura
1510 3942 1858 4021 proprietatis
1879 3968 1988 4006 suae
2014 3970 2027 4005 :
2060 3952 2194 4007 Ver-

634 4050 760 4103 bum
797 4046 939 4101 enim
989 4054 1071 4099 est
1112 4042 1447 4112 ltypostatice
1490 4042 1758 4096 exsistens
1802 4050 1856 4096 et
1904 4042 2088 4096 vivens
2126 4057 2191 4096 ex

634 4142 754 4193 vivo
786 4136 962 4191 Patre.

1240 4276 1243 4279 '
1303 4260 1525 4318 ALIUD.

706 4379 780 4432 ita
813 4376 996 4447 genuit
1017 4391 1083 4429 ex
1110 4389 1168 4429 se
1199 4373 1358 4427 Pater
1381 4374 1573 4428 Filium
1606 4376 1809 4443 absque
1834 4376 2194 4445 separatione,

2728 541 2930 598 ΔΛΛΟ,
2960 533 3415 605 διηγηματικῶς.

2366 654 2423 705 '0
2455 653 2640 723 Πατὴρ
2674 649 2969 719 ἐξέλαμψεν
3018 649 3076 713 ἐξ
3117 647 3310 701 ἑαυτοῦ
3343 648 3439 698 τὸν
3497 646 3625 698 Υίδν
3671 646 3833 715 ἁμερίι

2286 758 2423 805 στως
2463 760 2522 794 τε
2562 744 2655 795 καί
2682 740 3037 801 ἀδιαστάτως,
3080 738 3267 806 ὥσπερ
3306 732 3401 789 οὖν
3431 736 3529 789 καὶ
3566 737 3595 787 ὁ
3620 736 3760 805 ἦλιος
3793 736 3844 787 τὸ

2285 830 2342 895 ἐξ
2380 828 2546 882 αὑτοῦ
2589 827 2937 899 πεμπόμενον
2979 828 3341 896 ἀπαύγασμα.
3385 826 3529 877 Ἀλλ’
3564 825 3734 877 ἐκεῖνο
3762 825 3846 893 μὶν

2282 922 2381 973 οὑκ
2426 920 2790 972 ἱδιοσύστατον
2831 917 2952 970 οὑδὲ
2978 917 3076 987 τὴν
3108 918 3294 969 οὐσίαν
3324 915 3545 977 ἐντελὲς
3579 916 3709 975 αὑτὸ
3737 912 3845 966 καθ’

2284 1010 2447 1065 αὑτό·
2481 1011 2593 1078 ἔχει
2646 1009 2753 1079 γὰρ
2799 1010 2856 1061 ἑν
2898 1006 2974 1077 τῷ
3009 1007 3147 1075 ἡλίῳ
3184 1006 3245 1058 τὸ
3291 1002 3473 1059 είναι·
3514 1004 3576 1055 τὸ
3621 1004 3677 1055 δὲ
3722 1003 3847 1055 θιῐον

2284 1100 2526 1169 γέννημα
2577 1100 2735 1169 μόνον
2786 1099 2908 1167 ἔχον
2954 1098 3020 1149 ἐκ
3062 1096 3155 1150 τοῦ
3204 1096 3661 1165 παραδείγματος
3693 1094 3750 1145 τὸ
3791 1095 3849 1145 ὲκ

2286 1188 2491 1258 [Iath;
2523 1186 2800 1258 προελθεῖν
2844 1186 3157 1255 ἁμερίστως
3189 1184 3281 1237 καὶ
3326 1184 3693 1245 ἀδιαστάτως,
3730 1180 3849 1233 ἰδίαν

2283 1279 2393 1347 ἔχει
2428 1279 2525 1347 τὴν
2560 1277 2791 1348 ὕπαρξιν
2820 1276 2881 1328 οὑ
2914 1274 3328 1345 κεχωρισμένην
3354 1274 3452 1326 τοῦ
3484 1274 3718 1342 Πατρὸς,
3747 1264 3848 1324 ἀλλ’

2283 1373 2340 1421 ὲν
2375 1368 2546 1436 [Itath
2576 1368 2669 1419 καὶ
2703 1366 2839 1435 μετὰ
2868 1366 3077 1436 Πατρδς
3121 1366 3420 1434 νοουμένην
3456 1364 3557 1417 καὶ
3596 1364 3849 1431 ὑπάρχουο

2286 1476 2403 1511 σαν.
2432 1458 2503 1509 Τὸ
2532 1458 2587 1510 δὲ
2625 1457 2800 1523 λέγειν
2844 1458 2925 1509 ὅτι
2958 1456 3099 1525 τομὴ
3153 1456 3245 1507 καὶ
3293 1455 3555 1525 ἁποκοπὴ
3601 1456 3728 1524 περὶ
3764 1453 3852 1522 τὴν

2284 1551 2532 1620 γέννησιν
2581 1550 2744 1603 αὑτοῦ
2804 1551 3029 1618 γέγονε,
3087 1549 3282 1619 μανίας
3339 1549 3587 1618 ἀμέτρου
3646 1548 3852 1617 σημεῖόν

2282 1643 2447 1695 ἐστιν.
2491 1640 2707 1708 Ἐπειδὴ
2760 1641 2867 1709 γὰρ
2916 1641 3017 1693 οὐκ
3050 1642 3106 1693 ὲν
3152 1640 3302 1707 τόπῳ
3361 1639 3754 1709 περιείληπται
3801 1637 3854 1689 τὺ

2284 1730 2446 1791 θεῖον,
2486 1731 2605 1784 οὑδὲ
2633 1733 2690 1782 ἑν
2720 1735 2870 1800 τόπῳ
2898 1730 3124 1801 τοιούτῳ
3152 1732 3211 1784 τὸ
3246 1730 3307 1795 ἐξ
3338 1730 3527 1783 αὑτοῦ.
3580 1730 3654 1781 Τὸ
3698 1729 3753 1782 δὲ
3785 1728 3853 1796 μὴ

2282 1818 2341 1871 ὃν
2372 1821 2430 1871 ἐν
2457 1821 2624 1889 τόπῳ,
2668 1822 2699 1889 ἦ
2733 1822 2826 1872 καὶ
2862 1821 2935 1891 μὴ
2981 1816 3118 1873 εἶναι
3163 1821 3482 1890 δυνάμενον,
3520 1819 3643 1882 πῶς
3687 1820 3853 1871 ἐπιδέ-

2285 1927 2433 1979 χεται
2479 1911 2773 1979 μερισμόν;
2821 1911 2917 1963 Ποῖ
2977 1910 3084 1979 γὰρ
3124 1913 3365 1981 χωρήσει
3394 1912 3457 1963 τὸ
3489 1910 3853 1980 τεμνόμενον;

2284 2003 2317 2071 ἢ
2345 2004 2408 2055 ὲκ
2434 2001 2575 2064 τίνος
2601 2003 2679 2063 είς
2707 2003 2759 2052 τί
2793 2005 3171 2072 μετοιχήσεται
3200 2021 3213 2067 ;
3244 2002 3419 2055 ταῦτα
3448 2002 3563 2071 γὰρ
3600 2002 3857 2072 σωμάτων

2288 2092 2386 2161 μὲν
2418 2091 2523 2145 ίδια
2542 2131 2555 2155 ,
2587 2092 2687 2159 τῆς
2729 2092 2786 2144 δὲ
2815 2094 3107 2162 ἀσωμάτου
3145 2093 3358 2161 φύσεως
3402 2091 3689 2154 παντελῶς
3716 2092 3858 2145 ἀλλό-

2285 2199 2429 2251 τρια.
2465 2182 2555 2251 Μὴ
2586 2181 2764 2233 τοίνυν
2788 2180 3062 2244 δυσσεϐῶς
3094 2182 3527 2235 ἁναπλὰττωσάν
3558 2198 3708 2244 τινες
3742 2181 3860 2251 περὶ

2283 2274 2383 2342 τὴν
2426 2272 2577 2326 θείαν
2623 2274 2872 2341 γέννησιν
2913 2273 3011 2335 τάς
3038 2291 3099 2326 τε
3150 2274 3494 2343 καλουμένας
3523 2272 3857 2345 ἀπορροίας,

2288 2363 2381 2415 καὶ
2417 2369 2737 2433 μερισμοὺς,
2782 2365 2877 2415 καὶ
2905 2363 3005 2416 ὅσα
3040 2365 3177 2435 πρὸς
3218 2365 3391 2418 ταῦτα
3416 2366 3515 2435 τὴν
3546 2366 3860 2433 συγγένειαν

2287 2450 2419 2519 ἔχει.
2452 2453 2599 2503 Ἀνω
2645 2454 2755 2519 γὰρ
2790 2451 2994 2514 πάθους
3028 2454 3124 2505 καὶ
3160 2454 3431 2524 μερισμοῦ
3463 2456 3561 2508 καὶ
3593 2456 3793 2525 τομῆς,
3830 2456 3860 2521 ή

2286 2541 2394 2593 τῶν
2425 2542 2640 2594 πάντων
2679 2542 3046 2611 ὑπερκειμένη
3078 2542 3259 2611 φύσις,
3287 2545 3382 2597 καὶ
3419 2546 3519 2597 οὑκ
3556 2544 3858 2608 ὲκιδέξεται

2287 2630 2356 2682 τὰ
2404 2632 2669 2701 σωμάτων
2702 2632 2826 2685 ῐδια.
2872 2633 3010 2685 Ἀλλ’
3040 2634 3231 2704 ὥσπερ
3270 2635 3600 2707 δημιουργεῖ
3630 2637 3861 2706 παραδό-

2289 2720 2426 2785 ξως,
2469 2722 2529 2773 οὑ
2561 2722 2701 2774 κατὰ
2744 2724 2834 2775 τὸν
2880 2725 2979 2793 τῆς
3022 2726 3329 2796 κρατούσης
3383 2727 3513 2798 παρ’
3561 2731 3701 2798 ἡμῖν
3744 2746 3863 2781 συν-

2286 2812 2472 2883 ηθείας
2505 2814 2685 2883 νόμον,
2716 2816 2857 2868 οὕτω
2890 2818 2980 2869 καὶ
3018 2818 3266 2887 γεννήσει
3294 2819 3354 2870 τὸ
3388 2818 3445 2883 ἑξ
3488 2820 3668 2889 αὐτῆς
3708 2821 3865 2886 ξένως

2288 2901 2321 2973 ἢ
2349 2901 2467 2956 καθ’
2498 2903 2677 2973 ήμῶν.

2304 3034 2736 3104 ’Υποὸείτματα
2828 3038 3055 3103 ιερικῶς
3125 3038 3499 3104 σημαίνοντα
3570 3040 3672 3100 τὸ,
3750 3038 3868 3103 πῶς

2432 3106 2765 3158 ἀαεοίστωσ
2792 3055 2860 3158 ἐκ
2902 3107 3131 3158 Πατοὸι-
3166 3106 3472 3158 προῆλθεν
3504 3110 3535 3158 ό
3569 3110 3729 3158 Υἱόίη-

2432 3106 2765 3173 ἀμερίστως
2792 3106 2860 3158 ἐκ
2902 3107 3131 3172 Πατρός
3166 3106 3472 3174 προῆλθεν
3504 3110 3535 3161 ό
3569 3110 3729 3173 Υἱός.

2372 3238 2428 3289 '0
2482 3236 2631 3304 λόγος
2670 3231 2822 3299 οὕτος
2870 3239 2898 3290 ὁ
2937 3238 3266 3307 προφορικὸς
3404 3238 3763 3309 κεχρήμεθα,
3795 3241 3871 3301 είς

2292 3327 2414 3381 νοῦν
2444 3330 2539 3381 κού⁴
2570 3329 2635 3381 ὲκ
2667 3328 2755 3381 νοῦ
2798 3331 3075 3397 γεννᾶται,
3109 3333 3203 3383 καὶ
3241 3331 3386 3383 δοκεῖ
3421 3333 3520 3401 μὲν
3560 3333 3753 3404 ἕτερος
3800 3329 3873 3387 εἷο

2295 3435 2379 3470 ναι
2412 3418 2561 3487 παρὰ
2590 3418 2680 3470 τὸν
2709 3420 2767 3471 ἐν
2796 3418 2992 3489 καρδία
3030 3424 3416 3490 στρεφόμενον,
3452 3420 3589 3473 καθὸ
3621 3421 3732 3486 ἔξω
3762 3424 3874 3475 στό-

2296 3523 2464 3575 ματος
2517 3506 2755 3575 γίγνεται
2800 3508 3150 3577 πεμπόμενος
3193 3508 3381 3579 ὥσπερ
3432 3510 3495 3561 ὲκ
3550 3509 3756 3579 βάθους
3799 3514 3874 3573 είς

2293 3596 2425 3665 φῶς.
2460 3598 2613 3650 Ἔστι
2645 3598 2701 3650 δὲ
2739 3597 2899 3649 πάλιν
2932 3600 2988 3651 ὲν
3017 3598 3185 3667 αὐτῷ,
3218 3600 3311 3651 καὶ
3339 3602 3523 3670 ὅμοιος
3553 3602 3709 3672 αὑτῷ
3738 3604 3874 3656 κατὰ

2293 3688 2487 3742 πάντα.
2516 3689 2668 3741 Ἔστι
2710 3689 2819 3759 γὰρ
2850 3690 2975 3741 ἰδεῖν
3020 3691 3076 3740 ἐν
3107 3690 3255 3760 αὑτῷ
3291 3691 3433 3763 λόγῳ
3465 3693 3556 3745 τὸν
3586 3694 3647 3759 ὲν
3678 3695 3875 3765 καρδία

2294 3778 2557 3846 κληθέντα
2586 3780 2865 3849 λογισμὸν,
2893 3781 2985 3832 καὶ
3010 3780 3174 3833 πάλιν
3204 3783 3260 3835 ὲν
3291 3782 3367 3852 τῷ
3390 3782 3464 3853 νῷ
3491 3784 3581 3837 τὸν
3606 3786 3772 3853 λόγον
3797 3786 3873 3838 ἔτι

2296 3874 2665 3945 σιωπώμενον.
2708 3874 2864 3928 Οὕτω
2897 3878 2990 3930 καὶ
3020 3878 3047 3930 ὁ
3081 3876 3209 3939 Υἱὸς
3244 3877 3334 3929 τοῦ
3368 3877 3527 3943 Θεοῦ,
3556 3880 3873 3951 ἀμερίστως

2294 3968 2358 4019 ἐκ
2381 3966 2591 4037 Πατρὸς
2615 3965 2910 4035 προελθὼν,
2932 3969 3218 4038 χαρακτήρ
3238 3970 3353 4021 ἐστι
3381 3970 3474 4022 καὶ
3494 3970 3749 4040 ὁμοίωμα
3778 3973 3876 4042 τῆς

2298 4060 2552 4130 ἰδιότητος
2598 4061 2782 4123 αὑτοῦ,
2811 4060 2979 4127 Λόγος
3009 4059 3085 4111 ὢν
3132 4060 3500 4123 ἐνυπόστατος
3547 4063 3641 4115 καὶ
3673 4061 3785 4125 ζῶν
3816 4065 3876 4116 ὲκ

2294 4151 2489 4215 ζῶντος
2530 4153 2757 4222 Πατρός.

2867 4284 2873 4287 ’
2975 4281 3179 4338 ΑΔᾹΟ.

2367 4397 2551 4461 Οὕτως
2612 4398 2900 4468 ἐγέννησεν
2948 4398 3008 4463 ιξ
3062 4398 3255 4451 ἑαυτοῦ
3305 4399 3397 4451 τὸν
3443 4399 3572 4451 Υἰδν
3619 4402 3648 4451 ὁ
3682 4401 3875 4471 Πατὴρ

634 4485 699 4524 ac
730 4471 773 4523 si
805 4467 1018 4534 sapiens
1044 4465 1241 4531 aliquis
1282 4465 1466 4533 gignat
1500 4464 1714 4534 aliquod
1754 4467 2051 4530 inventum,
2081 4467 2189 4522 sive

2297 4464 2747 4557 ἀμερίστωςξὼς
2782 4464 2848 4540 δν
2880 4489 2929 4539 εί
2971 4488 3134 4554 σοφὸς
3168 4486 3426 4539 ἀποτὲκοι
3471 4488 3650 4557 νόημα
3686 4464 3873 4558 σοφὸν,

639 4557 1031 4617 tuechanicum,
1068 4556 1179 4609 sive
1206 4556 1616 4623 geometricum,
1653 4556 1767 4610 sive
1800 4556 2061 4625 ejusmodi
2092 4559 2189 4610 ali-

2298 4556 2603 4643 μηχανικὴν
2649 4574 2831 4641 τυχὸν,
2878 4574 2912 4642 ἢ
2946 4575 3308 4644 γεωμετρίαν,
3356 4574 3389 4645 ἢ
3436 4556 3621 4646 ἕτερόν
3662 4596 3715 4631 τι
3767 4556 3876 4631 τῶν

636 4648 781 4718 quid.
808 4646 1069 4700 Videntur
1095 4644 1237 4696 enim
1271 4644 1670 4712 quodammodo
1694 4648 1971 4715 sapientiae
1988 4648 2194 4703 fructus

636 4754 775 4801 esse.
804 4747 963 4804 atque
992 4735 1062 4787 ita
1096 4741 1291 4787 natura
1321 4748 1379 4788 se
1423 4735 1655 4801 habent;
1684 4738 1833 4805 atqui
1868 4752 1973 4791 non
2001 4747 2083 4791 est
2112 4753 2195 4792 se-

638 4838 821 4897 parata
856 4841 883 4877 a
929 4822 1190 4891 sapientia
1237 4836 1324 4876 ars
1356 4838 1471 4890 qua:
1518 4840 1583 4878 ex
1630 4840 1691 4879 ea
1725 4836 1807 4880 est
1846 4827 2191 4895 excogitata:

638 4917 732 4973 sed
763 4927 843 4973 est
882 4931 947 4970 ex
996 4915 1109 4982 ipsa
1142 4925 1197 4967 et
1227 4914 1277 4966 in
1329 4915 1440 4981 ipsa
1467 4915 1743 4983 genitricis
1776 4932 1885 4971 sua:
1908 4918 2193 4986 imaginem

640 5010 943 5077 exprimens
968 5046 982 5070 ,
1034 5014 1088 5058 et
1124 5004 1256 5058 citra
1297 5008 1694 5073 separationem
1733 5009 1877 5063 aliud
1918 5011 2194 5079 quidpiam

643 5115 763 5154 esse
791 5100 1018 5151 videtur.
1045 5096 1123 5149 Ita
1169 5106 1221 5148 et
1256 5098 1529 5166 generatio
1559 5098 1701 5163 Filii,
1730 5116 1849 5152 eum
1882 5102 1952 5154 sit
1990 5103 2195 5171 absque

640 5193 977 5259 separatione
1024 5204 1087 5242 ex
1130 5187 1307 5252 Patre,
1358 5191 1408 5242 in
1458 5206 1551 5244 sua
1600 5193 1870 5261 ltypostasi
1910 5204 2193 5257 servatur,

638 5288 797 5352 longe
825 5294 1000 5336 tamen
1044 5279 1201 5346 hujus
1232 5282 1459 5349 exempli
1518 5283 1628 5336 sive
1662 5284 2029 5339 similitudinis
2089 5285 2193 5339 vim

637 5375 918 5427 excedens.

1301 5486 1527 5541 ALIUD.

708 5600 806 5666 Qui
834 5600 1131 5653 divinorum
1162 5600 1467 5667 dogmatutu
1491 5600 1771 5654 veritatem
1796 5614 2066 5671 quaerunt,
2090 5622 2193 5657 non

640 5690 981 5745 inhumanas
1032 5689 1265 5743 rationes
1303 5690 1498 5742 tuentis
1521 5691 1713 5745 oculos
1747 5693 2062 5759 conjiciunt.
2094 5693 2195 5747 Ne-

640 5796 743 5850 que
800 5782 924 5851 quia
958 5781 1117 5838 Pater
1153 5781 1335 5851 genuit
1382 5780 1619 5843 Filium.
1683 5783 2025 5841 imminutum
2071 5803 2191 5842 eum

2295 4664 2569 4717 τοιούτων.
2603 4666 2758 4717 Δοκεί
2793 4666 2891 4734 μὲν
2923 4665 3033 4735 γάρ
3072 4682 3189 4728 πως
3236 4668 3427 4735 σοφίας
3478 4663 3617 4721 εἶναι
3665 4672 3875 4740 καρπὸς

2295 4754 2361 4808 τὰ
2408 4754 2657 4818 τοιαῦτα,
2690 4757 2785 4807 xai.
2828 4754 3000 4818 οὕτως
3030 4754 3142 4826 ἔχει
3173 4756 3270 4827 τὴν
3304 4758 3496 4827 φύσιν·
3531 4759 3645 4812 ἀλλ’
3678 4761 3738 4813 οὑ
3776 4779 3876 4831 με-

2300 4847 2549 4916 μέρισται
2578 4848 2677 4914 τῆς
2709 4847 2898 4913 σοφίας
2938 4849 2970 4916 ἠ
3007 4846 3064 4911 ἑξ
3092 4849 3261 4919 αὑτῆς
3307 4849 3657 4918 ὲπινοηθεῖσα
3679 4852 3873 4921 τέχνη·

2295 4936 2407 4988 ἀλλ’
2431 4935 2579 4987 ἐστιν
2612 4935 2671 5001 ἐξ
2706 4936 2876 5004 αὑτῆς
2916 4937 3009 4989 καὶ
3046 4938 3104 4991 ὲν
3138 4937 3274 5009 αὑτῇ
3306 4938 3405 5008 τὴν
3443 4940 3709 4994 τεκοῦσαν
3734 4942 3878 5006 ἐξει-

2296 5026 2604 5090 κονίζουσα,
2646 5026 2741 5078 καὶ
2778 5027 3086 5097 ἀμερίστως
3116 5029 3300 5100 ἕτερόν
3332 5048 3384 5083 τι
3425 5034 3553 5102 παρ’
3589 5034 3757 5102 αὑτὴν
3794 5030 3874 5085 εῖ-

2297 5134 2383 5169 ναι
2409 5115 2661 5169 δοκοῦσα.
2687 5117 2868 5181 Οὕτως
2893 5122 2925 5187 ἡ
2950 5118 3080 5171 Υίοῦ
3107 5121 3377 5189 γέννησις,
3406 5123 3717 5193 ἀμερίστως
3738 5120 3877 5177 οὖσα

2298 5206 2360 5258 ὲκ
2405 5206 2638 5274 Πατρδς,
2669 5209 2723 5259 ὲν
2758 5207 2861 5278 ἰδίᾳ
2891 5210 3185 5262 ὑποστάσει
3232 5211 3483 5277 σώζεται,
3514 5216 3614 5282 τὴν
3647 5216 3739 5269 τοῦ
3770 5232 3879 5268 πα-

2303 5296 2657 5367 ραδείγματος
2686 5299 3053 5370 ὑπεραίρουσα
3084 5302 3329 5371 δύναμιν.

2370 5614 2431 5665 Οἱ
2462 5614 2560 5682 τὴν
2585 5616 2641 5664 ὲν
2670 5616 2779 5677 τοῖς
2806 5614 2966 5678 θείοις
2997 5618 3225 5687 δόγμασι
3254 5619 3539 5689 ζητοῦντες
3567 5621 3869 5690 ἀκρίϐειαν,

2298 5706 2358 5757 οὑ
2388 5706 2506 5765 ταῖς
2539 5704 2901 5773 ἀνθρωπίναις
2930 5709 3323 5773 ὲνατενίζουςιν
3352 5710 3714 5773 ἀκολουθίαις.
3740 5713 3870 5764 Οὐδὲ

2302 5796 2487 5865 ἐπειδὴ
2530 5797 2821 5866 γεγέννηκε
2876 5799 2965 5850 τὸν
3021 5800 3142 5851 Υἱὸν
3180 5804 3205 5852 ὁ
3254 5801 3475 5870 Πατὴρ,
3528 5801 3871 5870 ἠλαττῶσθαι
