  <div class='ocr_page' id='page_1' title='image "/cluster/home/n/w/nwhite01/storage/ocr_20150623/75/ien.35556001661032/050.png"; bbox 0 0 4048 6426; ppageno 0'>
   <div class='ocr_carea' id='block_1_1' title="bbox 201 376 3484 442">
    <p class='ocr_par' dir='ltr' id='par_1_1' title="bbox 201 376 3484 442">
     <span class='ocr_line' id='line_1_1' title="bbox 201 376 3484 442; baseline -0.003 0"><span class='ocrx_word' id='word_1_1' title='bbox 201 384 269 442; x_wconf 68' lang='grc'><strong>81</strong></span> <span class='ocrx_word' id='word_1_2' title='bbox 1614 379 2055 439; x_wconf 76' lang='lat' dir='ltr'><strong>THESAURUS.</strong></span> <span class='ocrx_word' id='word_1_3' title='bbox 3413 376 3484 433; x_wconf 71' lang='grc'><strong>82</strong></span> 
     </span>
    </p>
   </div>
   <div class='ocr_carea' id='block_1_2' title="bbox 199 495 1763 581">
    <p class='ocr_par' dir='ltr' id='par_1_2' title="bbox 199 502 1763 581">
     <span class='ocr_line' id='line_1_2' title="bbox 199 502 1763 581; baseline -0.001 -21"><span class='ocrx_word' id='word_1_4' title='bbox 199 508 467 578; x_wconf 75' lang='grc' dir='ltr'><strong>φήσουσιν</strong></span> <span class='ocrx_word' id='word_1_5' title='bbox 512 506 693 572; x_wconf 79' lang='grc' dir='ltr'>αὑτὸν,</span> <span class='ocrx_word' id='word_1_6' title='bbox 724 509 800 571; x_wconf 82' lang='grc' dir='ltr'><strong>ὡς</strong></span> <span class='ocrx_word' id='word_1_7' title='bbox 834 508 911 573; x_wconf 78' lang='grc' dir='ltr'>εἰς</span> <span class='ocrx_word' id='word_1_8' title='bbox 960 509 1129 564; x_wconf 80' lang='grc' dir='ltr'>δυάδα</span> <span class='ocrx_word' id='word_1_9' title='bbox 1180 506 1583 581; x_wconf 63' lang='grc' dir='ltr'><strong>μεμερισμένον</strong></span> <span class='ocrx_word' id='word_1_10' title='bbox 1622 502 1763 577; x_wconf 76' lang='grc' dir='ltr'>(οὒτο</span> 
     </span>
    </p>
   </div>
   <div class='ocr_carea' id='block_1_3' title="bbox 1868 495 3486 581">
    <p class='ocr_par' dir='ltr' id='par_1_3' title="bbox 1868 495 3486 570">
     <span class='ocr_line' id='line_1_3' title="bbox 1868 495 3486 570; baseline -0.007 -8"><span class='ocrx_word' id='word_1_11' title='bbox 1868 556 1870 562; x_wconf 77' lang='grc'><strong>,</strong></span> <span class='ocrx_word' id='word_1_12' title='bbox 1901 508 2147 567; x_wconf 88' lang='lat' dir='ltr'><strong>censent,</strong></span> <span class='ocrx_word' id='word_1_13' title='bbox 2180 498 2405 570; x_wconf 79' lang='lat' dir='ltr'><strong>perinde</strong></span> <span class='ocrx_word' id='word_1_14' title='bbox 2440 511 2503 553; x_wconf 88' lang='lat' dir='ltr'><strong>ac</strong></span> <span class='ocrx_word' id='word_1_15' title='bbox 2552 497 2597 553; x_wconf 87' lang='lat' dir='ltr'><strong>si</strong></span> <span class='ocrx_word' id='word_1_16' title='bbox 2653 499 2705 552; x_wconf 89' lang='lat' dir='ltr'><strong>in</strong></span> <span class='ocrx_word' id='word_1_17' title='bbox 2755 495 3072 553; x_wconf 87' lang='lat' dir='ltr'><strong>dualitatem</strong></span> <span class='ocrx_word' id='word_1_18' title='bbox 3102 495 3486 552; x_wconf 66' lang='lat' dir='ltr'><strong>divisusessct</strong></span> 
     </span>
    </p>
   </div>
   <div class='ocr_carea' id='block_1_4' title="bbox 199 596 1790 667">
    <p class='ocr_par' dir='ltr' id='par_1_4' title="bbox 199 596 1790 667">
     <span class='ocr_line' id='line_1_4' title="bbox 199 596 1790 667; baseline -0.001 -19"><span class='ocrx_word' id='word_1_19' title='bbox 199 598 309 667; x_wconf 75' lang='grc' dir='ltr'>γὰρ</span> <span class='ocrx_word' id='word_1_20' title='bbox 342 599 454 659; x_wconf 82' lang='grc' dir='ltr'>τοῖς</span> <span class='ocrx_word' id='word_1_21' title='bbox 492 598 877 667; x_wconf 82' lang='grc' dir='ltr'>χριστομάχοις</span> <span class='ocrx_word' id='word_1_22' title='bbox 906 600 934 650; x_wconf 84' lang='grc' dir='ltr'><strong>δ</strong></span> <span class='ocrx_word' id='word_1_23' title='bbox 965 598 1163 667; x_wconf 85' lang='grc' dir='ltr'>λόγος),</span> <span class='ocrx_word' id='word_1_24' title='bbox 1193 597 1316 652; x_wconf 78' lang='grc' dir='ltr'>οὔτε</span> <span class='ocrx_word' id='word_1_25' title='bbox 1354 596 1460 667; x_wconf 83' lang='grc' dir='ltr'>μὴν</span> <span class='ocrx_word' id='word_1_26' title='bbox 1488 596 1790 666; x_wconf 72' lang='grc' dir='ltr'>ἀπόρροιαν</span> 
     </span>
    </p>
   </div>
   <div class='ocr_carea' id='block_1_5' title="bbox 195 686 1783 760">
    <p class='ocr_par' dir='ltr' id='par_1_5' title="bbox 195 686 1783 760">
     <span class='ocr_line' id='line_1_5' title="bbox 195 686 1783 760; baseline 0.003 -23"><span class='ocrx_word' id='word_1_27' title='bbox 195 704 322 739; x_wconf 83' lang='grc' dir='ltr'>τινα</span> <span class='ocrx_word' id='word_1_28' title='bbox 368 686 650 753; x_wconf 81' lang='grc' dir='ltr'>γίγνεσθαι</span> <span class='ocrx_word' id='word_1_29' title='bbox 702 690 834 759; x_wconf 81' lang='grc' dir='ltr'>περὶ</span> <span class='ocrx_word' id='word_1_30' title='bbox 885 689 983 759; x_wconf 80' lang='grc' dir='ltr'>τὴν</span> <span class='ocrx_word' id='word_1_31' title='bbox 1047 690 1235 742; x_wconf 82' lang='grc' dir='ltr'>οὐσίαν</span> <span class='ocrx_word' id='word_1_32' title='bbox 1297 688 1463 743; x_wconf 84' lang='grc' dir='ltr'>αὐτοῦ</span> <span class='ocrx_word' id='word_1_33' title='bbox 1513 688 1783 760; x_wconf 75' lang='grc' dir='ltr'>νομιοῦσι.</span> 
     </span>
    </p>
   </div>
   <div class='ocr_carea' id='block_1_6' title="bbox 196 776 1787 850">
    <p class='ocr_par' dir='ltr' id='par_1_6' title="bbox 196 776 1787 850">
     <span class='ocr_line' id='line_1_6' title="bbox 196 776 1787 850; baseline 0.003 -22"><span class='ocrx_word' id='word_1_34' title='bbox 196 776 387 830; x_wconf 85' lang='grc' dir='ltr'>Ταῦτα</span> <span class='ocrx_word' id='word_1_35' title='bbox 419 777 528 848; x_wconf 72' lang='grc' dir='ltr'>γὰρ</span> <span class='ocrx_word' id='word_1_36' title='bbox 557 780 641 847; x_wconf 73' lang='grc' dir='ltr'><strong>ἐφ’</strong></span> <span class='ocrx_word' id='word_1_37' title='bbox 684 778 845 850; x_wconf 73' lang='grc' dir='ltr'>ἡμῶν</span> <span class='ocrx_word' id='word_1_38' title='bbox 876 780 976 849; x_wconf 86' lang='grc' dir='ltr'>μὲν</span> <span class='ocrx_word' id='word_1_39' title='bbox 1009 780 1302 834; x_wconf 80' lang='grc' dir='ltr'>ἀκόλουθον</span> <span class='ocrx_word' id='word_1_40' title='bbox 1333 782 1536 834; x_wconf 76' lang='grc' dir='ltr'><strong>ἐννοεῖν</strong></span> <span class='ocrx_word' id='word_1_41' title='bbox 1561 797 1574 809; x_wconf 87' lang='grc'><strong>·</strong></span> <span class='ocrx_word' id='word_1_42' title='bbox 1606 780 1700 833; x_wconf 73' lang='grc' dir='ltr'><strong>ἐπὶ</strong></span> <span class='ocrx_word' id='word_1_43' title='bbox 1730 780 1787 833; x_wconf 86' lang='grc' dir='ltr'>δὲ</span> 
     </span>
    </p>
   </div>
   <div class='ocr_carea' id='block_1_7' title="bbox 193 864 1788 941">
    <p class='ocr_par' dir='ltr' id='par_1_7' title="bbox 193 864 1788 941">
     <span class='ocr_line' id='line_1_7' title="bbox 193 864 1788 941; baseline 0.003 -25"><span class='ocrx_word' id='word_1_44' title='bbox 193 864 331 918; x_wconf 87' lang='grc' dir='ltr'>Θεοῦ</span> <span class='ocrx_word' id='word_1_45' title='bbox 363 865 482 920; x_wconf 86' lang='grc' dir='ltr'>λίαν</span> <span class='ocrx_word' id='word_1_46' title='bbox 507 867 724 931; x_wconf 73' lang='grc' dir='ltr'>ἀσεϐές.</span> <span class='ocrx_word' id='word_1_47' title='bbox 753 868 1018 921; x_wconf 75' lang='grc' dir='ltr'>Φευκτέον</span> <span class='ocrx_word' id='word_1_48' title='bbox 1043 869 1332 941; x_wconf 80' lang='grc' dir='ltr'>τοιγαροῦν</span> <span class='ocrx_word' id='word_1_49' title='bbox 1358 871 1459 941; x_wconf 85' lang='grc' dir='ltr'>τὴν</span> <span class='ocrx_word' id='word_1_50' title='bbox 1489 873 1547 924; x_wconf 82' lang='grc' dir='ltr'>ὲν</span> <span class='ocrx_word' id='word_1_51' title='bbox 1574 869 1788 932; x_wconf 82' lang='grc' dir='ltr'><strong>τούτοις</strong></span> 
     </span>
    </p>
   </div>
   <div class='ocr_carea' id='block_1_8' title="bbox 190 957 1786 1031">
    <p class='ocr_par' dir='ltr' id='par_1_8' title="bbox 190 957 1786 1031">
     <span class='ocr_line' id='line_1_8' title="bbox 190 957 1786 1031; baseline 0.004 -23"><span class='ocrx_word' id='word_1_52' title='bbox 190 957 451 1020; x_wconf 81' lang='grc' dir='ltr'>ἀτοπίαν,</span> <span class='ocrx_word' id='word_1_53' title='bbox 483 959 575 1013; x_wconf 79' lang='grc' dir='ltr'>καὶ</span> <span class='ocrx_word' id='word_1_54' title='bbox 608 960 827 1029; x_wconf 87' lang='grc' dir='ltr'>νοητέον</span> <span class='ocrx_word' id='word_1_55' title='bbox 864 960 1005 1014; x_wconf 79' lang='grc' dir='ltr'>οὕτω</span> <span class='ocrx_word' id='word_1_56' title='bbox 1039 960 1395 1031; x_wconf 81' lang='grc' dir='ltr'>γεγεννῆσθαι</span> <span class='ocrx_word' id='word_1_57' title='bbox 1427 961 1519 1014; x_wconf 81' lang='grc' dir='ltr'><strong>τὸν</strong></span> <span class='ocrx_word' id='word_1_58' title='bbox 1552 962 1680 1015; x_wconf 84' lang='grc' dir='ltr'>Υίὸν</span> <span class='ocrx_word' id='word_1_59' title='bbox 1723 963 1786 1015; x_wconf 78' lang='grc' dir='ltr'><strong>ἐκ</strong></span> 
     </span>
    </p>
   </div>
   <div class='ocr_carea' id='block_1_9' title="bbox 190 1048 1787 1125">
    <p class='ocr_par' dir='ltr' id='par_1_9' title="bbox 190 1048 1787 1125">
     <span class='ocr_line' id='line_1_9' title="bbox 190 1048 1787 1125; baseline 0.003 -23"><span class='ocrx_word' id='word_1_60' title='bbox 190 1048 289 1102; x_wconf 85' lang='grc' dir='ltr'><strong>τοῦ</strong></span> <span class='ocrx_word' id='word_1_61' title='bbox 339 1052 582 1120; x_wconf 76' lang='grc' dir='ltr'>Πατρὸς,</span> <span class='ocrx_word' id='word_1_62' title='bbox 617 1052 694 1116; x_wconf 82' lang='grc' dir='ltr'><strong>ὡς</strong></span> <span class='ocrx_word' id='word_1_63' title='bbox 728 1053 921 1121; x_wconf 75' lang='grc' dir='ltr'>σοφίαν</span> <span class='ocrx_word' id='word_1_64' title='bbox 964 1054 1029 1107; x_wconf 75' lang='grc' dir='ltr'><strong>ἐκ</strong></span> <span class='ocrx_word' id='word_1_65' title='bbox 1074 1054 1187 1119; x_wconf 91' lang='grc' dir='ltr'>νοῦ,</span> <span class='ocrx_word' id='word_1_66' title='bbox 1230 1055 1262 1125; x_wconf 75' lang='grc' dir='ltr'>ἢ</span> <span class='ocrx_word' id='word_1_67' title='bbox 1304 1053 1399 1107; x_wconf 75' lang='grc' dir='ltr'><strong>καὶ</strong></span> <span class='ocrx_word' id='word_1_68' title='bbox 1451 1053 1546 1108; x_wconf 87' lang='grc' dir='ltr'><strong>τοῦ</strong></span> <span class='ocrx_word' id='word_1_69' title='bbox 1594 1054 1787 1123; x_wconf 81' lang='grc' dir='ltr'>γεννή-</span> 
     </span>
    </p>
   </div>
   <div class='ocr_carea' id='block_1_10' title="bbox 191 1140 1786 1217">
    <p class='ocr_par' dir='ltr' id='par_1_10' title="bbox 191 1140 1786 1217">
     <span class='ocr_line' id='line_1_10' title="bbox 191 1140 1786 1217; baseline 0.006 -27"><span class='ocrx_word' id='word_1_70' title='bbox 191 1155 389 1202; x_wconf 82' lang='grc' dir='ltr'>σαντος</span> <span class='ocrx_word' id='word_1_71' title='bbox 412 1140 515 1204; x_wconf 78' lang='grc' dir='ltr'>ἔξω</span> <span class='ocrx_word' id='word_1_72' title='bbox 544 1158 661 1206; x_wconf 82' lang='grc' dir='ltr'>πως</span> <span class='ocrx_word' id='word_1_73' title='bbox 694 1143 948 1217; x_wconf 77' lang='grc' dir='ltr'>γενέσθαι</span> <span class='ocrx_word' id='word_1_74' title='bbox 969 1143 1200 1198; x_wconf 84' lang='grc' dir='ltr'>δοκοῦσα</span> <span class='ocrx_word' id='word_1_75' title='bbox 1232 1145 1373 1199; x_wconf 76' lang='grc' dir='ltr'>κατὰ</span> <span class='ocrx_word' id='word_1_76' title='bbox 1395 1145 1495 1217; x_wconf 83' lang='grc' dir='ltr'><strong>τὴν</strong></span> <span class='ocrx_word' id='word_1_77' title='bbox 1523 1145 1786 1215; x_wconf 78' lang='grc' dir='ltr'>ἔκφανσιν</span> 
     </span>
    </p>
   </div>
   <div class='ocr_carea' id='block_1_11' title="bbox 188 1231 1786 1309">
    <p class='ocr_par' dir='ltr' id='par_1_11' title="bbox 188 1231 1786 1309">
     <span class='ocr_line' id='line_1_11' title="bbox 188 1231 1786 1309; baseline 0.006 -28"><span class='ocrx_word' id='word_1_78' title='bbox 188 1231 385 1301; x_wconf 75' lang='grc' dir='ltr'>αὐτῆς,</span> <span class='ocrx_word' id='word_1_79' title='bbox 414 1233 575 1285; x_wconf 76' lang='grc' dir='ltr'>πάλιν</span> <span class='ocrx_word' id='word_1_80' title='bbox 605 1233 752 1289; x_wconf 74' lang='grc' dir='ltr'>ἔστιν</span> <span class='ocrx_word' id='word_1_81' title='bbox 778 1235 835 1289; x_wconf 85' lang='grc' dir='ltr'>ὲν</span> <span class='ocrx_word' id='word_1_82' title='bbox 862 1236 1031 1306; x_wconf 76' lang='grc' dir='ltr'>αὐτῷ,</span> <span class='ocrx_word' id='word_1_83' title='bbox 1056 1238 1117 1289; x_wconf 77' lang='grc' dir='ltr'><strong>οὐ</strong></span> <span class='ocrx_word' id='word_1_84' title='bbox 1151 1237 1570 1309; x_wconf 74' lang='grc' dir='ltr'>μεμερισμένοις</span> <span class='ocrx_word' id='word_1_85' title='bbox 1601 1237 1786 1309; x_wconf 85' lang='grc' dir='ltr'>προελ-</span> 
     </span>
    </p>
   </div>
   <div class='ocr_carea' id='block_1_12' title="bbox 188 1319 1781 1399">
    <p class='ocr_par' dir='ltr' id='par_1_12' title="bbox 188 1319 1781 1399">
     <span class='ocr_line' id='line_1_12' title="bbox 188 1319 1781 1399; baseline 0.006 -26"><span class='ocrx_word' id='word_1_86' title='bbox 188 1319 383 1376; x_wconf 80' lang='grc' dir='ltr'>θοῦσα.</span> <span class='ocrx_word' id='word_1_87' title='bbox 430 1322 568 1377; x_wconf 75' lang='grc' dir='ltr'>Οὔτε</span> <span class='ocrx_word' id='word_1_88' title='bbox 611 1326 720 1397; x_wconf 76' lang='grc' dir='ltr'><strong>μὴν</strong></span> <span class='ocrx_word' id='word_1_89' title='bbox 769 1326 1067 1397; x_wconf 72' lang='grc' dir='ltr'><strong>ἀπόῤῥοιάν</strong></span> <span class='ocrx_word' id='word_1_90' title='bbox 1104 1345 1226 1381; x_wconf 88' lang='grc' dir='ltr'>τινα</span> <span class='ocrx_word' id='word_1_91' title='bbox 1294 1328 1545 1397; x_wconf 84' lang='grc' dir='ltr'>γενέσθαι</span> <span class='ocrx_word' id='word_1_92' title='bbox 1602 1346 1781 1399; x_wconf 85' lang='grc' dir='ltr'>παρα-</span> 
     </span>
    </p>
   </div>
   <div class='ocr_carea' id='block_1_13' title="bbox 188 1399 1780 1491">
    <p class='ocr_par' dir='ltr' id='par_1_13' title="bbox 188 1399 1780 1491">
     <span class='ocr_line' id='line_1_13' title="bbox 188 1399 1780 1491; baseline 0.006 -28"><span class='ocrx_word' id='word_1_93' title='bbox 188 1399 511 1468; x_wconf 81' lang='grc' dir='ltr'>σκευάσασᾶ</span> <span class='ocrx_word' id='word_1_94' title='bbox 542 1416 674 1487; x_wconf 78' lang='grc' dir='ltr'>περὶ</span> <span class='ocrx_word' id='word_1_95' title='bbox 700 1418 791 1470; x_wconf 81' lang='grc' dir='ltr'><strong>τὸν</strong></span> <span class='ocrx_word' id='word_1_96' title='bbox 821 1417 946 1472; x_wconf 93' lang='grc' dir='ltr'>νοῦν</span> <span class='ocrx_word' id='word_1_97' title='bbox 970 1419 1061 1473; x_wconf 82' lang='grc' dir='ltr'><strong>τὸν</strong></span> <span class='ocrx_word' id='word_1_98' title='bbox 1104 1421 1558 1490; x_wconf 86' lang='grc' dir='ltr'>ἁπογεννήσαντα</span> <span class='ocrx_word' id='word_1_99' title='bbox 1590 1421 1780 1491; x_wconf 79' lang='grc' dir='ltr'>αὐτὴν,</span> 
     </span>
    </p>
   </div>
   <div class='ocr_carea' id='block_1_14' title="bbox 186 1502 1783 1584">
    <p class='ocr_par' dir='ltr' id='par_1_14' title="bbox 186 1502 1783 1584">
     <span class='ocr_line' id='line_1_14' title="bbox 186 1502 1783 1584; baseline 0.009 -31"><span class='ocrx_word' id='word_1_100' title='bbox 186 1502 308 1555; x_wconf 79' lang='grc' dir='ltr'>ἀλλ’</span> <span class='ocrx_word' id='word_1_101' title='bbox 333 1504 393 1557; x_wconf 79' lang='grc' dir='ltr'>ὲν</span> <span class='ocrx_word' id='word_1_102' title='bbox 424 1504 707 1578; x_wconf 76' lang='grc' dir='ltr'><strong>ὁλοκλήρῳ</strong></span> <span class='ocrx_word' id='word_1_103' title='bbox 732 1510 1065 1564; x_wconf 78' lang='grc' dir='ltr'>καταστάσει</span> <span class='ocrx_word' id='word_1_104' title='bbox 1102 1512 1421 1584; x_wconf 75' lang='grc' dir='ltr'>τηρήσασα,</span> <span class='ocrx_word' id='word_1_105' title='bbox 1454 1512 1548 1566; x_wconf 79' lang='grc' dir='ltr'>καὶ</span> <span class='ocrx_word' id='word_1_106' title='bbox 1579 1512 1698 1565; x_wconf 81' lang='grc' dir='ltr'>ὅλον</span> <span class='ocrx_word' id='word_1_107' title='bbox 1726 1514 1783 1567; x_wconf 83' lang='grc' dir='ltr'>ὲν</span> 
     </span>
    </p>
   </div>
   <div class='ocr_carea' id='block_1_15' title="bbox 185 1593 1669 1675">
    <p class='ocr_par' dir='ltr' id='par_1_15' title="bbox 185 1593 1669 1675">
     <span class='ocr_line' id='line_1_15' title="bbox 185 1593 1669 1675; baseline 0.006 -28"><span class='ocrx_word' id='word_1_108' title='bbox 185 1593 357 1666; x_wconf 72' lang='grc' dir='ltr'>ἑαυτῇ</span> <span class='ocrx_word' id='word_1_109' title='bbox 390 1594 777 1668; x_wconf 75' lang='grc' dir='ltr'>ζωγραφοῦσα,</span> <span class='ocrx_word' id='word_1_110' title='bbox 815 1601 907 1655; x_wconf 73' lang='grc' dir='ltr'>καὶ</span> <span class='ocrx_word' id='word_1_111' title='bbox 935 1602 1187 1674; x_wconf 80' lang='grc' dir='ltr'><strong>ὁρωμένη</strong></span> <span class='ocrx_word' id='word_1_112' title='bbox 1223 1603 1384 1657; x_wconf 85' lang='grc' dir='ltr'>πάλιν</span> <span class='ocrx_word' id='word_1_113' title='bbox 1418 1605 1475 1658; x_wconf 83' lang='grc' dir='ltr'>ὲν</span> <span class='ocrx_word' id='word_1_114' title='bbox 1499 1603 1669 1675; x_wconf 80' lang='grc' dir='ltr'>αὐτῷ.</span> 
     </span>
    </p>
   </div>
   <div class='ocr_carea' id='block_1_16' title="bbox 880 1810 1085 1864">
    <p class='ocr_par' dir='ltr' id='par_1_16' title="bbox 880 1810 1085 1864">
     <span class='ocr_line' id='line_1_16' title="bbox 880 1810 1085 1864; baseline 0.015 -3"><span class='ocrx_word' id='word_1_115' title='bbox 880 1810 1085 1864; x_wconf 80' lang='lat' dir='ltr'><strong>AAAO.</strong></span> 
     </span>
    </p>
   </div>
   <div class='ocr_carea' id='block_1_17' title="bbox 257 1910 1776 1993">
    <p class='ocr_par' dir='ltr' id='par_1_17' title="bbox 257 1910 1776 1993">
     <span class='ocr_line' id='line_1_17' title="bbox 257 1910 1776 1993; baseline 0.011 -28"><span class='ocrx_word' id='word_1_116' title='bbox 257 1910 515 1968; x_wconf 77' lang='grc' dir='ltr'>Τοιοῦτον</span> <span class='ocrx_word' id='word_1_117' title='bbox 562 1914 716 1971; x_wconf 78' lang='grc' dir='ltr'>ἔσται</span> <span class='ocrx_word' id='word_1_118' title='bbox 765 1918 825 1973; x_wconf 82' lang='grc' dir='ltr'>τὸ</span> <span class='ocrx_word' id='word_1_119' title='bbox 878 1921 1194 1993; x_wconf 80' lang='grc' dir='ltr'>γεννητικὸν</span> <span class='ocrx_word' id='word_1_120' title='bbox 1242 1924 1336 1977; x_wconf 87' lang='grc' dir='ltr'><strong>τοῦ</strong></span> <span class='ocrx_word' id='word_1_121' title='bbox 1384 1925 1541 1989; x_wconf 85' lang='grc' dir='ltr'>Θεοῦ,</span> <span class='ocrx_word' id='word_1_122' title='bbox 1593 1926 1776 1981; x_wconf 80' lang='grc' dir='ltr'>ὁποῖον</span> 
     </span>
    </p>
   </div>
   <div class='ocr_carea' id='block_1_18' title="bbox 180 2002 1777 2091">
    <p class='ocr_par' dir='ltr' id='par_1_18' title="bbox 180 2002 1777 2091">
     <span class='ocr_line' id='line_1_18' title="bbox 180 2002 1777 2091; baseline 0.012 -36"><span class='ocrx_word' id='word_1_123' title='bbox 180 2002 250 2055; x_wconf 78' lang='grc' dir='ltr'>ἄν</span> <span class='ocrx_word' id='word_1_124' title='bbox 307 2020 395 2068; x_wconf 85' lang='grc' dir='ltr'><strong>τις</strong></span> <span class='ocrx_word' id='word_1_125' title='bbox 436 2006 696 2062; x_wconf 76' lang='grc' dir='ltr'>ὑπολάϐοι</span> <span class='ocrx_word' id='word_1_126' title='bbox 760 2010 855 2063; x_wconf 70' lang='grc' dir='ltr'>καὶ</span> <span class='ocrx_word' id='word_1_127' title='bbox 884 2012 944 2065; x_wconf 83' lang='grc' dir='ltr'>τὸ</span> <span class='ocrx_word' id='word_1_128' title='bbox 992 2012 1402 2085; x_wconf 76' lang='grc' dir='ltr'>δημιουργικόν.</span> <span class='ocrx_word' id='word_1_129' title='bbox 1431 2018 1640 2091; x_wconf 86' lang='grc' dir='ltr'>Ὄνπερ</span> <span class='ocrx_word' id='word_1_130' title='bbox 1667 2019 1777 2090; x_wconf 87' lang='grc' dir='ltr'>γὰρ</span> 
     </span>
    </p>
   </div>
   <div class='ocr_carea' id='block_1_19' title="bbox 176 2091 1775 2177">
    <p class='ocr_par' dir='ltr' id='par_1_19' title="bbox 176 2091 1775 2177">
     <span class='ocr_line' id='line_1_19' title="bbox 176 2091 1775 2177; baseline 0.014 -34"><span class='ocrx_word' id='word_1_131' title='bbox 176 2091 387 2160; x_wconf 71' lang='grc' dir='ltr'>τρόπον</span> <span class='ocrx_word' id='word_1_132' title='bbox 408 2093 575 2149; x_wconf 78' lang='grc' dir='ltr'>πολλὰ</span> <span class='ocrx_word' id='word_1_133' title='bbox 594 2098 689 2150; x_wconf 83' lang='grc' dir='ltr'>καὶ</span> <span class='ocrx_word' id='word_1_134' title='bbox 708 2098 940 2172; x_wconf 83' lang='grc' dir='ltr'>διάφορα</span> <span class='ocrx_word' id='word_1_135' title='bbox 959 2103 1327 2177; x_wconf 79' lang='grc' dir='ltr'>δημιουργῶν,</span> <span class='ocrx_word' id='word_1_136' title='bbox 1350 2108 1450 2162; x_wconf 80' lang='grc' dir='ltr'>οὐκ</span> <span class='ocrx_word' id='word_1_137' title='bbox 1471 2110 1551 2173; x_wconf 84' lang='grc' dir='ltr'><strong>είς</strong></span> <span class='ocrx_word' id='word_1_138' title='bbox 1571 2110 1775 2165; x_wconf 77' lang='grc' dir='ltr'>ἕκαστα</span> 
     </span>
    </p>
   </div>
   <div class='ocr_carea' id='block_1_20' title="bbox 177 2181 1774 2268">
    <p class='ocr_par' dir='ltr' id='par_1_20' title="bbox 177 2181 1774 2268">
     <span class='ocr_line' id='line_1_20' title="bbox 177 2181 1774 2268; baseline 0.014 -35"><span class='ocrx_word' id='word_1_139' title='bbox 177 2181 292 2235; x_wconf 75' lang='grc' dir='ltr'>τῶν</span> <span class='ocrx_word' id='word_1_140' title='bbox 335 2185 639 2256; x_wconf 78' lang='grc' dir='ltr'>γινομένων</span> <span class='ocrx_word' id='word_1_141' title='bbox 675 2189 956 2260; x_wconf 74' lang='grc' dir='ltr'>μερίζεται</span> <span class='ocrx_word' id='word_1_142' title='bbox 1016 2195 1158 2249; x_wconf 76' lang='grc' dir='ltr'>κατὰ</span> <span class='ocrx_word' id='word_1_143' title='bbox 1195 2197 1295 2268; x_wconf 73' lang='grc' dir='ltr'><strong>τὴν</strong></span> <span class='ocrx_word' id='word_1_144' title='bbox 1340 2199 1547 2265; x_wconf 78' lang='grc' dir='ltr'>οὐσίαν,</span> <span class='ocrx_word' id='word_1_145' title='bbox 1596 2203 1774 2256; x_wconf 88' lang='grc' dir='ltr'>καίτοι</span> 
     </span>
    </p>
   </div>
   <div class='ocr_carea' id='block_1_21' title="bbox 174 2271 1774 2360">
    <p class='ocr_par' dir='ltr' id='par_1_21' title="bbox 174 2271 1774 2360">
     <span class='ocr_line' id='line_1_21' title="bbox 174 2271 1774 2360; baseline 0.012 -38"><span class='ocrx_word' id='word_1_146' title='bbox 174 2271 458 2343; x_wconf 78' lang='grc' dir='ltr'><strong>διαφόρως</strong></span> <span class='ocrx_word' id='word_1_147' title='bbox 507 2276 747 2346; x_wconf 78' lang='grc' dir='ltr'>ἐνεργῶν</span> <span class='ocrx_word' id='word_1_148' title='bbox 783 2281 867 2349; x_wconf 71' lang='grc' dir='ltr'><strong>ἐφ’</strong></span> <span class='ocrx_word' id='word_1_149' title='bbox 896 2282 1144 2355; x_wconf 76' lang='grc' dir='ltr'>ἑκάστῳ,</span> <span class='ocrx_word' id='word_1_150' title='bbox 1192 2285 1331 2340; x_wconf 62' lang='grc' dir='ltr'>ἀλλὰ</span> <span class='ocrx_word' id='word_1_151' title='bbox 1378 2287 1465 2342; x_wconf 72' lang='grc' dir='ltr'>διὰ</span> <span class='ocrx_word' id='word_1_152' title='bbox 1517 2291 1646 2360; x_wconf 83' lang='grc' dir='ltr'>μιᾶς</span> <span class='ocrx_word' id='word_1_153' title='bbox 1679 2289 1774 2343; x_wconf 74' lang='grc' dir='ltr'>καὶ</span> 
     </span>
    </p>
   </div>
   <div class='ocr_carea' id='block_1_22' title="bbox 175 2362 1773 2447">
    <p class='ocr_par' dir='ltr' id='par_1_22' title="bbox 175 2362 1773 2447">
     <span class='ocr_line' id='line_1_22' title="bbox 175 2362 1773 2447; baseline 0.013 -35"><span class='ocrx_word' id='word_1_154' title='bbox 175 2362 427 2433; x_wconf 63' lang='grc' dir='ltr'>ἀρρήτου</span> <span class='ocrx_word' id='word_1_155' title='bbox 464 2363 748 2437; x_wconf 75' lang='grc' dir='ltr'>δυνάμεως</span> <span class='ocrx_word' id='word_1_156' title='bbox 788 2368 857 2423; x_wconf 71' lang='grc' dir='ltr'>τὰ</span> <span class='ocrx_word' id='word_1_157' title='bbox 891 2371 1066 2425; x_wconf 78' lang='grc' dir='ltr'>πάντα</span> <span class='ocrx_word' id='word_1_158' title='bbox 1108 2372 1460 2447; x_wconf 80' lang='grc' dir='ltr'>δημιουργεῖ,</span> <span class='ocrx_word' id='word_1_159' title='bbox 1492 2379 1635 2433; x_wconf 74' lang='grc' dir='ltr'>οὓτω</span> <span class='ocrx_word' id='word_1_160' title='bbox 1677 2380 1773 2434; x_wconf 73' lang='grc' dir='ltr'>καὶ</span> 
     </span>
    </p>
   </div>
   <div class='ocr_carea' id='block_1_23' title="bbox 172 2454 1767 2535">
    <p class='ocr_par' dir='ltr' id='par_1_23' title="bbox 172 2454 1767 2535">
     <span class='ocr_line' id='line_1_23' title="bbox 172 2454 1767 2535; baseline 0.014 -33"><span class='ocrx_word' id='word_1_161' title='bbox 172 2454 363 2524; x_wconf 76' lang='grc' dir='ltr'>γεννᾷ.</span> <span class='ocrx_word' id='word_1_162' title='bbox 400 2455 460 2508; x_wconf 82' lang='grc' dir='ltr'>οὐ</span> <span class='ocrx_word' id='word_1_163' title='bbox 496 2458 870 2528; x_wconf 68' lang='grc' dir='ltr'>μεριζόμενος,</span> <span class='ocrx_word' id='word_1_164' title='bbox 900 2462 977 2525; x_wconf 87' lang='grc' dir='ltr'><strong>ὡς</strong></span> <span class='ocrx_word' id='word_1_165' title='bbox 1013 2465 1208 2519; x_wconf 79' lang='grc' dir='ltr'>ἐκεῖνοί</span> <span class='ocrx_word' id='word_1_166' title='bbox 1241 2484 1395 2535; x_wconf 79' lang='grc' dir='ltr'>φασι.</span> <span class='ocrx_word' id='word_1_167' title='bbox 1426 2469 1533 2522; x_wconf 72' lang='grc' dir='ltr'><strong>Καὶ</strong></span> <span class='ocrx_word' id='word_1_168' title='bbox 1568 2470 1732 2524; x_wconf 81' lang='grc' dir='ltr'>πάλιν</span> <span class='ocrx_word' id='word_1_169' title='bbox 1754 2490 1767 2503; x_wconf 74' lang='grc' dir='ltr'><strong>ο</strong></span> 
     </span>
    </p>
   </div>
   <div class='ocr_carea' id='block_1_24' title="bbox 174 2541 1769 2629">
    <p class='ocr_par' dir='ltr' id='par_1_24' title="bbox 174 2541 1769 2629">
     <span class='ocr_line' id='line_1_24' title="bbox 174 2541 1769 2629; baseline 0.014 -38"><span class='ocrx_word' id='word_1_170' title='bbox 174 2541 398 2611; x_wconf 78' lang='grc' dir='ltr'>’Ὥσπερ</span> <span class='ocrx_word' id='word_1_171' title='bbox 434 2543 496 2596; x_wconf 85' lang='grc' dir='ltr'><strong>τὸ</strong></span> <span class='ocrx_word' id='word_1_172' title='bbox 544 2545 767 2616; x_wconf 81' lang='grc' dir='ltr'>Πνεῦμα</span> <span class='ocrx_word' id='word_1_173' title='bbox 808 2550 870 2603; x_wconf 85' lang='grc' dir='ltr'><strong>τὸ</strong></span> <span class='ocrx_word' id='word_1_174' title='bbox 903 2550 1057 2618; x_wconf 74' lang='grc' dir='ltr'>ἅγιον</span> <span class='ocrx_word' id='word_1_175' title='bbox 1088 2554 1148 2605; x_wconf 76' lang='grc' dir='ltr'>οὗ</span> <span class='ocrx_word' id='word_1_176' title='bbox 1194 2556 1461 2627; x_wconf 76' lang='grc' dir='ltr'>μερισμὸν</span> <span class='ocrx_word' id='word_1_177' title='bbox 1509 2559 1769 2629; x_wconf 82' lang='grc' dir='ltr'>ὑπομένει</span> 
     </span>
    </p>
   </div>
   <div class='ocr_carea' id='block_1_25' title="bbox 176 2633 1770 2716">
    <p class='ocr_par' dir='ltr' id='par_1_25' title="bbox 176 2633 1770 2716">
     <span class='ocr_line' id='line_1_25' title="bbox 176 2633 1770 2716; baseline 0.014 -32"><span class='ocrx_word' id='word_1_178' title='bbox 176 2634 312 2704; x_wconf 75' lang='grc' dir='ltr'>περὶ</span> <span class='ocrx_word' id='word_1_179' title='bbox 352 2635 451 2706; x_wconf 82' lang='grc' dir='ltr'><strong>τὴν</strong></span> <span class='ocrx_word' id='word_1_180' title='bbox 487 2633 697 2703; x_wconf 76' lang='grc' dir='ltr'>οὐσίαν,</span> <span class='ocrx_word' id='word_1_181' title='bbox 728 2640 1016 2712; x_wconf 81' lang='grc' dir='ltr'>διαφόρους</span> <span class='ocrx_word' id='word_1_182' title='bbox 1062 2644 1347 2716; x_wconf 82' lang='grc' dir='ltr'>ὲκπέμπον</span> <span class='ocrx_word' id='word_1_183' title='bbox 1386 2650 1512 2713; x_wconf 77' lang='grc' dir='ltr'>τοὺς</span> <span class='ocrx_word' id='word_1_184' title='bbox 1555 2652 1615 2703; x_wconf 79' lang='grc' dir='ltr'><strong>ἐν</strong></span> <span class='ocrx_word' id='word_1_185' title='bbox 1656 2655 1770 2715; x_wconf 86' lang='grc' dir='ltr'>τοῖς</span> 
     </span>
    </p>
   </div>
   <div class='ocr_carea' id='block_1_26' title="bbox 172 2726 1768 2811">
    <p class='ocr_par' dir='ltr' id='par_1_26' title="bbox 172 2726 1768 2811">
     <span class='ocr_line' id='line_1_26' title="bbox 172 2726 1768 2811; baseline 0.013 -35"><span class='ocrx_word' id='word_1_186' title='bbox 172 2726 486 2797; x_wconf 76' lang='grc' dir='ltr'>χαρίσματι</span> <span class='ocrx_word' id='word_1_187' title='bbox 514 2730 754 2800; x_wconf 76' lang='grc' dir='ltr'>τρόπους</span> <span class='ocrx_word' id='word_1_188' title='bbox 783 2733 878 2786; x_wconf 77' lang='grc' dir='ltr'><strong>καὶ</strong></span> <span class='ocrx_word' id='word_1_189' title='bbox 911 2734 1047 2807; x_wconf 75' lang='grc' dir='ltr'>πρὸς</span> <span class='ocrx_word' id='word_1_190' title='bbox 1076 2736 1138 2789; x_wconf 85' lang='grc' dir='ltr'><strong>τὸ</strong></span> <span class='ocrx_word' id='word_1_191' title='bbox 1168 2736 1400 2791; x_wconf 83' lang='grc' dir='ltr'>ἑκάστου</span> <span class='ocrx_word' id='word_1_192' title='bbox 1426 2742 1624 2811; x_wconf 77' lang='grc' dir='ltr'>μέτρον</span> <span class='ocrx_word' id='word_1_193' title='bbox 1656 2746 1768 2807; x_wconf 84' lang='grc' dir='ltr'>τοῖς</span> 
     </span>
    </p>
   </div>
   <div class='ocr_carea' id='block_1_27' title="bbox 170 2815 1767 2898">
    <p class='ocr_par' dir='ltr' id='par_1_27' title="bbox 170 2815 1767 2898">
     <span class='ocr_line' id='line_1_27' title="bbox 170 2815 1767 2898; baseline 0.013 -31"><span class='ocrx_word' id='word_1_194' title='bbox 170 2815 349 2880; x_wconf 79' lang='grc' dir='ltr'>ἀξίοις</span> <span class='ocrx_word' id='word_1_195' title='bbox 378 2820 669 2889; x_wconf 82' lang='grc' dir='ltr'>χορηγοῦν,</span> <span class='ocrx_word' id='word_1_196' title='bbox 705 2822 820 2876; x_wconf 73' lang='grc' dir='ltr'>ἀλλ’</span> <span class='ocrx_word' id='word_1_197' title='bbox 842 2824 989 2878; x_wconf 72' lang='grc' dir='ltr'>ἔστιν</span> <span class='ocrx_word' id='word_1_198' title='bbox 1022 2824 1081 2879; x_wconf 80' lang='grc' dir='ltr'>ἓν</span> <span class='ocrx_word' id='word_1_199' title='bbox 1113 2828 1206 2881; x_wconf 78' lang='grc' dir='ltr'>καὶ</span> <span class='ocrx_word' id='word_1_200' title='bbox 1243 2829 1305 2882; x_wconf 71' lang='grc' dir='ltr'>τὸ</span> <span class='ocrx_word' id='word_1_201' title='bbox 1340 2830 1473 2884; x_wconf 77' lang='grc' dir='ltr'>αὐτὸ</span> <span class='ocrx_word' id='word_1_202' title='bbox 1507 2833 1767 2898; x_wconf 74' lang='grc' dir='ltr'>ποικίλως</span> 
     </span>
    </p>
   </div>
   <div class='ocr_carea' id='block_1_28' title="bbox 173 2910 1768 2995">
    <p class='ocr_par' dir='ltr' id='par_1_28' title="bbox 173 2910 1768 2995">
     <span class='ocr_line' id='line_1_28' title="bbox 173 2910 1768 2995; baseline 0.009 -32"><span class='ocrx_word' id='word_1_203' title='bbox 173 2910 271 2963; x_wconf 74' lang='grc' dir='ltr'>καὶ</span> <span class='ocrx_word' id='word_1_204' title='bbox 318 2911 547 2976; x_wconf 79' lang='grc' dir='ltr'><strong>ἀπαθῶς</strong></span> <span class='ocrx_word' id='word_1_205' title='bbox 589 2915 646 2966; x_wconf 76' lang='grc' dir='ltr'>ὲν</span> <span class='ocrx_word' id='word_1_206' title='bbox 680 2918 846 2969; x_wconf 73' lang='grc' dir='ltr'>πᾶσιν</span> <span class='ocrx_word' id='word_1_207' title='bbox 888 2917 1164 2988; x_wconf 79' lang='grc' dir='ltr'>ἐνεργοῦν,</span> <span class='ocrx_word' id='word_1_208' title='bbox 1208 2919 1349 2974; x_wconf 74' lang='grc' dir='ltr'>οὕτω</span> <span class='ocrx_word' id='word_1_209' title='bbox 1382 2923 1477 2975; x_wconf 84' lang='grc' dir='ltr'><strong>καὶ</strong></span> <span class='ocrx_word' id='word_1_210' title='bbox 1510 2923 1613 2995; x_wconf 80' lang='grc' dir='ltr'>τὴν</span> <span class='ocrx_word' id='word_1_211' title='bbox 1647 2942 1768 2993; x_wconf 85' lang='grc' dir='ltr'>γεν-</span> 
     </span>
    </p>
   </div>
   <div class='ocr_carea' id='block_1_29' title="bbox 170 3001 1767 3085">
    <p class='ocr_par' dir='ltr' id='par_1_29' title="bbox 170 3001 1767 3085">
     <span class='ocr_line' id='line_1_29' title="bbox 170 3001 1767 3085; baseline 0.011 -33"><span class='ocrx_word' id='word_1_212' title='bbox 170 3001 405 3072; x_wconf 80' lang='grc' dir='ltr'>νητικὴν</span> <span class='ocrx_word' id='word_1_213' title='bbox 431 3004 620 3058; x_wconf 77' lang='grc' dir='ltr'>οὐσίαν</span> <span class='ocrx_word' id='word_1_214' title='bbox 647 3005 739 3061; x_wconf 86' lang='grc' dir='ltr'><strong>τοῦ</strong></span> <span class='ocrx_word' id='word_1_215' title='bbox 770 3008 903 3061; x_wconf 78' lang='grc' dir='ltr'>Θεοῦ</span> <span class='ocrx_word' id='word_1_216' title='bbox 932 3010 1033 3063; x_wconf 78' lang='grc' dir='ltr'>οὐκ</span> <span class='ocrx_word' id='word_1_217' title='bbox 1070 3010 1133 3065; x_wconf 80' lang='grc' dir='ltr'>ἄν</span> <span class='ocrx_word' id='word_1_218' title='bbox 1164 3029 1248 3075; x_wconf 86' lang='grc' dir='ltr'><strong>τις</strong></span> <span class='ocrx_word' id='word_1_219' title='bbox 1276 3012 1384 3066; x_wconf 80' lang='grc' dir='ltr'>τῶν</span> <span class='ocrx_word' id='word_1_220' title='bbox 1414 3010 1472 3067; x_wconf 81' lang='grc' dir='ltr'>εὖ</span> <span class='ocrx_word' id='word_1_221' title='bbox 1508 3017 1767 3085; x_wconf 79' lang='grc' dir='ltr'>φρονούνο</span> 
     </span>
    </p>
   </div>
   <div class='ocr_carea' id='block_1_30' title="bbox 167 3092 1766 3177">
    <p class='ocr_par' dir='ltr' id='par_1_30' title="bbox 167 3092 1766 3177">
     <span class='ocr_line' id='line_1_30' title="bbox 167 3092 1766 3177; baseline 0.011 -34"><span class='ocrx_word' id='word_1_222' title='bbox 167 3106 284 3145; x_wconf 84' lang='grc' dir='ltr'><strong>των</strong></span> <span class='ocrx_word' id='word_1_223' title='bbox 307 3092 611 3149; x_wconf 81' lang='grc' dir='ltr'>ἀδικεῖσθαι</span> <span class='ocrx_word' id='word_1_224' title='bbox 635 3097 859 3177; x_wconf 74' lang='grc' dir='ltr'>φήσειεν</span> <span class='ocrx_word' id='word_1_225' title='bbox 880 3099 911 3169; x_wconf 77' lang='grc' dir='ltr'>ἦ</span> <span class='ocrx_word' id='word_1_226' title='bbox 947 3102 1233 3171; x_wconf 79' lang='grc' dir='ltr'>μερισμὸν,</span> <span class='ocrx_word' id='word_1_227' title='bbox 1259 3103 1292 3173; x_wconf 82' lang='grc' dir='ltr'>ἦ</span> <span class='ocrx_word' id='word_1_228' title='bbox 1319 3104 1620 3177; x_wconf 73' lang='grc' dir='ltr'>ἀπόρροιαν</span> <span class='ocrx_word' id='word_1_229' title='bbox 1647 3125 1766 3161; x_wconf 89' lang='grc' dir='ltr'>τινα</span> 
     </span>
    </p>
   </div>
   <div class='ocr_carea' id='block_1_31' title="bbox 1901 586 3588 665">
    <p class='ocr_par' dir='ltr' id='par_1_31' title="bbox 1901 586 3588 665">
     <span class='ocr_line' id='line_1_31' title="bbox 1901 586 3588 665; baseline -0.003 -19"><span class='ocrx_word' id='word_1_230' title='bbox 1901 595 1995 665; x_wconf 88' lang='lat' dir='ltr'><strong>(ita</strong></span> <span class='ocrx_word' id='word_1_231' title='bbox 2027 594 2171 650; x_wconf 88' lang='lat' dir='ltr'><strong>enim</strong></span> <span class='ocrx_word' id='word_1_232' title='bbox 2216 593 2401 648; x_wconf 86' lang='lat' dir='ltr'><strong>hostes</strong></span> <span class='ocrx_word' id='word_1_233' title='bbox 2431 589 2523 646; x_wconf 82' lang='lat' dir='ltr'><strong>Dei</strong></span> <span class='ocrx_word' id='word_1_234' title='bbox 2563 590 2907 661; x_wconf 79' lang='lat' dir='ltr'><strong>opinantur),</strong></span> <span class='ocrx_word' id='word_1_235' title='bbox 2938 603 3041 645; x_wconf 92' lang='lat' dir='ltr'><strong>nec</strong></span> <span class='ocrx_word' id='word_1_236' title='bbox 3066 587 3337 645; x_wconf 72' lang='lat' dir='ltr'><strong>deﬂuxum</strong></span> <span class='ocrx_word' id='word_1_237' title='bbox 3384 586 3483 642; x_wconf 86' lang='lat' dir='ltr'><strong>ali-</strong></span> <span class='ocrx_word' id='word_1_238' title='bbox 3568 593 3588 609; x_wconf 88' lang='lat'><strong>‘</strong></span> 
     </span>
    </p>
   </div>
   <div class='ocr_carea' id='block_1_32' title="bbox 1894 677 3478 754">
    <p class='ocr_par' dir='ltr' id='par_1_32' title="bbox 1894 677 3478 754">
     <span class='ocr_line' id='line_1_32' title="bbox 1894 677 3478 754; baseline -0.003 -17"><span class='ocrx_word' id='word_1_239' title='bbox 1894 699 2056 754; x_wconf 85' lang='lat' dir='ltr'><strong>quem</strong></span> <span class='ocrx_word' id='word_1_240' title='bbox 2108 685 2160 738; x_wconf 94' lang='lat' dir='ltr'><strong>in</strong></span> <span class='ocrx_word' id='word_1_241' title='bbox 2204 683 2387 737; x_wconf 83' lang='lat' dir='ltr'><strong>divina</strong></span> <span class='ocrx_word' id='word_1_242' title='bbox 2430 682 2667 737; x_wconf 73' lang='lat' dir='ltr'><strong>essentia</strong></span> <span class='ocrx_word' id='word_1_243' title='bbox 2715 680 3111 751; x_wconf 76' lang='lat' dir='ltr'><strong>imaginantur.</strong></span> <span class='ocrx_word' id='word_1_244' title='bbox 3158 677 3289 733; x_wconf 71' lang='lat' dir='ltr'><strong>llam</strong></span> <span class='ocrx_word' id='word_1_245' title='bbox 3335 679 3478 734; x_wconf 89' lang='lat' dir='ltr'><strong>enim</strong></span> 
     </span>
    </p>
   </div>
   <div class='ocr_carea' id='block_1_33' title="bbox 1891 770 3483 842">
    <p class='ocr_par' dir='ltr' id='par_1_33' title="bbox 1891 770 3483 842">
     <span class='ocr_line' id='line_1_33' title="bbox 1891 770 3483 842; baseline -0.003 -12"><span class='ocrx_word' id='word_1_246' title='bbox 1891 777 2038 830; x_wconf 85' lang='lat' dir='ltr'><strong>sicut</strong></span> <span class='ocrx_word' id='word_1_247' title='bbox 2072 775 2139 829; x_wconf 83' lang='lat' dir='ltr'><strong>de</strong></span> <span class='ocrx_word' id='word_1_248' title='bbox 2167 774 2323 829; x_wconf 77' lang='lat' dir='ltr'><strong>nobis</strong></span> <span class='ocrx_word' id='word_1_249' title='bbox 2348 789 2475 828; x_wconf 74' lang='lat' dir='ltr'><strong>vere</strong></span> <span class='ocrx_word' id='word_1_250' title='bbox 2522 773 2627 828; x_wconf 90' lang='lat' dir='ltr'><strong>diei</strong></span> <span class='ocrx_word' id='word_1_251' title='bbox 2665 780 2930 842; x_wconf 87' lang='lat' dir='ltr'><strong>possunt,</strong></span> <span class='ocrx_word' id='word_1_252' title='bbox 2960 771 3033 826; x_wconf 87' lang='lat' dir='ltr'><strong>ita</strong></span> <span class='ocrx_word' id='word_1_253' title='bbox 3067 772 3132 825; x_wconf 91' lang='lat' dir='ltr'><strong>de</strong></span> <span class='ocrx_word' id='word_1_254' title='bbox 3166 770 3275 825; x_wconf 83' lang='lat' dir='ltr'><strong>Deo</strong></span> <span class='ocrx_word' id='word_1_255' title='bbox 3318 770 3483 840; x_wconf 86' lang='lat' dir='ltr'><strong>impie</strong></span> 
     </span>
    </p>
   </div>
   <div class='ocr_carea' id='block_1_34' title="bbox 1892 860 3482 935">
    <p class='ocr_par' dir='ltr' id='par_1_34' title="bbox 1892 860 3482 935">
     <span class='ocr_line' id='line_1_34' title="bbox 1892 860 3482 935; baseline -0.003 -15"><span class='ocrx_word' id='word_1_256' title='bbox 1892 865 2219 935; x_wconf 79' lang='lat' dir='ltr'><strong>cegitantur.</strong></span> <span class='ocrx_word' id='word_1_257' title='bbox 2256 864 2583 920; x_wconf 81' lang='lat' dir='ltr'><strong>Detestanda</strong></span> <span class='ocrx_word' id='word_1_258' title='bbox 2613 865 2775 934; x_wconf 88' lang='lat' dir='ltr'><strong>igitur</strong></span> <span class='ocrx_word' id='word_1_259' title='bbox 2810 873 2896 919; x_wconf 90' lang='lat' dir='ltr'><strong>est</strong></span> <span class='ocrx_word' id='word_1_260' title='bbox 2930 864 3047 919; x_wconf 81' lang='lat' dir='ltr'><strong>haec</strong></span> <span class='ocrx_word' id='word_1_261' title='bbox 3069 860 3482 925; x_wconf 85' lang='lat' dir='ltr'><strong>absurditas,et</strong></span> 
     </span>
    </p>
   </div>
   <div class='ocr_carea' id='block_1_35' title="bbox 1896 951 3481 1025">
    <p class='ocr_par' dir='ltr' id='par_1_35' title="bbox 1896 951 3481 1025">
     <span class='ocr_line' id='line_1_35' title="bbox 1896 951 3481 1025; baseline -0.003 -15"><span class='ocrx_word' id='word_1_262' title='bbox 1896 954 2243 1011; x_wconf 89' lang='lat' dir='ltr'><strong>statuendum</strong></span> <span class='ocrx_word' id='word_1_263' title='bbox 2266 953 2425 1009; x_wconf 88' lang='lat' dir='ltr'><strong>nobis</strong></span> <span class='ocrx_word' id='word_1_264' title='bbox 2451 961 2536 1009; x_wconf 85' lang='lat' dir='ltr'><strong>est</strong></span> <span class='ocrx_word' id='word_1_265' title='bbox 2568 955 2642 1008; x_wconf 86' lang='lat' dir='ltr'><strong>ita</strong></span> <span class='ocrx_word' id='word_1_266' title='bbox 2672 968 2735 1009; x_wconf 77' lang='lat' dir='ltr'><strong>ex</strong></span> <span class='ocrx_word' id='word_1_267' title='bbox 2772 953 2937 1009; x_wconf 86' lang='lat' dir='ltr'><strong>Patre</strong></span> <span class='ocrx_word' id='word_1_268' title='bbox 2963 952 3209 1025; x_wconf 86' lang='lat' dir='ltr'><strong>genitum</strong></span> <span class='ocrx_word' id='word_1_269' title='bbox 3241 966 3362 1007; x_wconf 89' lang='lat' dir='ltr'><strong>esse</strong></span> <span class='ocrx_word' id='word_1_270' title='bbox 3387 951 3481 1007; x_wconf 84' lang='lat' dir='ltr'><strong>Fi-</strong></span> 
     </span>
    </p>
   </div>
   <div class='ocr_carea' id='block_1_36' title="bbox 1890 1044 3480 1117">
    <p class='ocr_par' dir='ltr' id='par_1_36' title="bbox 1890 1044 3480 1117">
     <span class='ocr_line' id='line_1_36' title="bbox 1890 1044 3480 1117; baseline 0 -18"><span class='ocrx_word' id='word_1_271' title='bbox 1890 1047 2041 1114; x_wconf 92' lang='lat' dir='ltr'><strong>lium,</strong></span> <span class='ocrx_word' id='word_1_272' title='bbox 2065 1054 2125 1101; x_wconf 86' lang='lat' dir='ltr'><strong>ut</strong></span> <span class='ocrx_word' id='word_1_273' title='bbox 2149 1046 2471 1117; x_wconf 79' lang='lat' dir='ltr'><strong>sapientiam</strong></span> <span class='ocrx_word' id='word_1_274' title='bbox 2492 1060 2557 1101; x_wconf 79' lang='lat' dir='ltr'><strong>ex</strong></span> <span class='ocrx_word' id='word_1_275' title='bbox 2591 1055 2773 1107; x_wconf 81' lang='lat' dir='ltr'><strong>mente</strong></span> <span class='ocrx_word' id='word_1_276' title='bbox 2802 1064 2817 1099; x_wconf 88' lang='lat'><strong>:</strong></span> <span class='ocrx_word' id='word_1_277' title='bbox 2842 1061 2963 1116; x_wconf 72' lang='lat' dir='ltr'><strong>qua:</strong></span> <span class='ocrx_word' id='word_1_278' title='bbox 2988 1054 3043 1102; x_wconf 87' lang='lat' dir='ltr'><strong>et</strong></span> <span class='ocrx_word' id='word_1_279' title='bbox 3079 1044 3480 1116; x_wconf 82' lang='lat' dir='ltr'><strong>quodammodo</strong></span> 
     </span>
    </p>
   </div>
   <div class='ocr_carea' id='block_1_37' title="bbox 1888 1135 3479 1209">
    <p class='ocr_par' dir='ltr' id='par_1_37' title="bbox 1888 1135 3479 1209">
     <span class='ocr_line' id='line_1_37' title="bbox 1888 1135 3479 1209; baseline -0.003 -14"><span class='ocrx_word' id='word_1_280' title='bbox 1888 1148 2043 1195; x_wconf 72' lang='lat' dir='ltr'><strong>extra</strong></span> <span class='ocrx_word' id='word_1_281' title='bbox 2073 1139 2375 1209; x_wconf 77' lang='lat' dir='ltr'><strong>genitorem</strong></span> <span class='ocrx_word' id='word_1_282' title='bbox 2428 1152 2550 1193; x_wconf 88' lang='lat' dir='ltr'><strong>esse</strong></span> <span class='ocrx_word' id='word_1_283' title='bbox 2598 1136 2837 1203; x_wconf 89' lang='lat' dir='ltr'><strong>videtur,</strong></span> <span class='ocrx_word' id='word_1_284' title='bbox 2868 1137 3080 1193; x_wconf 86' lang='lat' dir='ltr'><strong>ratione</strong></span> <span class='ocrx_word' id='word_1_285' title='bbox 3108 1135 3479 1207; x_wconf 75' lang='lat' dir='ltr'><strong>expressionis</strong></span> 
     </span>
    </p>
   </div>
   <div class='ocr_carea' id='block_1_38' title="bbox 1888 1228 3478 1300">
    <p class='ocr_par' dir='ltr' id='par_1_38' title="bbox 1888 1228 3478 1300">
     <span class='ocr_line' id='line_1_38' title="bbox 1888 1228 3478 1300; baseline -0.002 -15"><span class='ocrx_word' id='word_1_286' title='bbox 1888 1231 2006 1285; x_wconf 83' lang='lat' dir='ltr'><strong>sire</strong></span> <span class='ocrx_word' id='word_1_287' title='bbox 2030 1228 2551 1300; x_wconf 64' lang='lat' dir='ltr'><strong>repraesentationis,</strong></span> <span class='ocrx_word' id='word_1_288' title='bbox 2581 1236 2637 1284; x_wconf 89' lang='lat' dir='ltr'><strong>et</strong></span> <span class='ocrx_word' id='word_1_289' title='bbox 2661 1243 2854 1283; x_wconf 88' lang='lat' dir='ltr'><strong>rursus</strong></span> <span class='ocrx_word' id='word_1_290' title='bbox 2890 1228 2944 1283; x_wconf 91' lang='lat' dir='ltr'><strong>in</strong></span> <span class='ocrx_word' id='word_1_291' title='bbox 2982 1228 3103 1299; x_wconf 85' lang='lat' dir='ltr'><strong>ipso</strong></span> <span class='ocrx_word' id='word_1_292' title='bbox 3128 1236 3236 1293; x_wconf 88' lang='lat' dir='ltr'><strong>est,</strong></span> <span class='ocrx_word' id='word_1_293' title='bbox 3262 1242 3369 1283; x_wconf 92' lang='lat' dir='ltr'><strong>non</strong></span> <span class='ocrx_word' id='word_1_294' title='bbox 3394 1241 3478 1282; x_wconf 82' lang='lat' dir='ltr'><strong>se-</strong></span> 
     </span>
    </p>
   </div>
   <div class='ocr_carea' id='block_1_39' title="bbox 1888 1314 3479 1389">
    <p class='ocr_par' dir='ltr' id='par_1_39' title="bbox 1888 1314 3479 1389">
     <span class='ocr_line' id='line_1_39' title="bbox 1888 1314 3479 1389; baseline 0 -18"><span class='ocrx_word' id='word_1_295' title='bbox 1888 1318 2120 1384; x_wconf 86' lang='lat' dir='ltr'><strong>paratim</strong></span> <span class='ocrx_word' id='word_1_296' title='bbox 2155 1332 2464 1389; x_wconf 87' lang='lat' dir='ltr'><strong>progressa.</strong></span> <span class='ocrx_word' id='word_1_297' title='bbox 2498 1314 2687 1386; x_wconf 85' lang='lat' dir='ltr'><strong>Neque</strong></span> <span class='ocrx_word' id='word_1_298' title='bbox 2712 1314 2959 1372; x_wconf 82' lang='lat' dir='ltr'><strong>deﬂuxus</strong></span> <span class='ocrx_word' id='word_1_299' title='bbox 2998 1316 3198 1386; x_wconf 81' lang='lat' dir='ltr'><strong>aliquis</strong></span> <span class='ocrx_word' id='word_1_300' title='bbox 3242 1325 3337 1371; x_wconf 86' lang='lat' dir='ltr'><strong>aut</strong></span> <span class='ocrx_word' id='word_1_301' title='bbox 3383 1316 3479 1371; x_wconf 84' lang='lat' dir='ltr'><strong>im-</strong></span> 
     </span>
    </p>
   </div>
   <div class='ocr_carea' id='block_1_40' title="bbox 1888 1408 3475 1480">
    <p class='ocr_par' dir='ltr' id='par_1_40' title="bbox 1888 1408 3475 1480">
     <span class='ocr_line' id='line_1_40' title="bbox 1888 1408 3475 1480; baseline -0.001 -16"><span class='ocrx_word' id='word_1_302' title='bbox 1888 1411 2119 1467; x_wconf 88' lang='lat' dir='ltr'><strong>minutio</strong></span> <span class='ocrx_word' id='word_1_303' title='bbox 2156 1412 2323 1465; x_wconf 90' lang='lat' dir='ltr'><strong>menti</strong></span> <span class='ocrx_word' id='word_1_304' title='bbox 2363 1425 2486 1480; x_wconf 66' lang='lat' dir='ltr'><strong>qua:</strong></span> <span class='ocrx_word' id='word_1_305' title='bbox 2523 1408 2670 1463; x_wconf 87' lang='lat' dir='ltr'><strong>illam</strong></span> <span class='ocrx_word' id='word_1_306' title='bbox 2707 1409 2895 1480; x_wconf 87' lang='lat' dir='ltr'><strong>genuit</strong></span> <span class='ocrx_word' id='word_1_307' title='bbox 2946 1409 3072 1465; x_wconf 89' lang='lat' dir='ltr'><strong>inde</strong></span> <span class='ocrx_word' id='word_1_308' title='bbox 3118 1409 3336 1475; x_wconf 88' lang='lat' dir='ltr'><strong>accidit,</strong></span> <span class='ocrx_word' id='word_1_309' title='bbox 3378 1411 3475 1465; x_wconf 90' lang='lat' dir='ltr'><strong>sed</strong></span> 
     </span>
    </p>
   </div>
   <div class='ocr_carea' id='block_1_41' title="bbox 1887 1501 3472 1576">
    <p class='ocr_par' dir='ltr' id='par_1_41' title="bbox 1887 1501 3472 1576">
     <span class='ocr_line' id='line_1_41' title="bbox 1887 1501 3472 1576; baseline -0.002 -19"><span class='ocrx_word' id='word_1_310' title='bbox 1887 1503 2098 1576; x_wconf 74' lang='lat' dir='ltr'><strong>integra</strong></span> <span class='ocrx_word' id='word_1_311' title='bbox 2142 1503 2342 1559; x_wconf 89' lang='lat' dir='ltr'><strong>mentis</strong></span> <span class='ocrx_word' id='word_1_312' title='bbox 2392 1504 2740 1559; x_wconf 83' lang='lat' dir='ltr'><strong>conservatio</strong></span> <span class='ocrx_word' id='word_1_313' title='bbox 2786 1503 3071 1569; x_wconf 84' lang='lat' dir='ltr'><strong>retinetur,</strong></span> <span class='ocrx_word' id='word_1_314' title='bbox 3116 1511 3173 1557; x_wconf 88' lang='lat' dir='ltr'><strong>et</strong></span> <span class='ocrx_word' id='word_1_315' title='bbox 3209 1501 3472 1572; x_wconf 74' lang='lat' dir='ltr'><strong>sapientia</strong></span> 
     </span>
    </p>
   </div>
   <div class='ocr_carea' id='block_1_42' title="bbox 1887 1592 3473 1666">
    <p class='ocr_par' dir='ltr' id='par_1_42' title="bbox 1887 1592 3473 1666">
     <span class='ocr_line' id='line_1_42' title="bbox 1887 1592 3473 1666; baseline 0.001 -20"><span class='ocrx_word' id='word_1_316' title='bbox 1887 1593 2149 1665; x_wconf 83' lang='lat' dir='ltr'><strong>integram</strong></span> <span class='ocrx_word' id='word_1_317' title='bbox 2176 1592 2331 1651; x_wconf 85' lang='lat' dir='ltr'><strong>illam</strong></span> <span class='ocrx_word' id='word_1_318' title='bbox 2358 1593 2411 1648; x_wconf 84' lang='lat' dir='ltr'><strong>in</strong></span> <span class='ocrx_word' id='word_1_319' title='bbox 2435 1608 2494 1650; x_wconf 88' lang='lat' dir='ltr'><strong>se</strong></span> <span class='ocrx_word' id='word_1_320' title='bbox 2516 1594 2783 1666; x_wconf 82' lang='lat' dir='ltr'><strong>depingit,</strong></span> <span class='ocrx_word' id='word_1_321' title='bbox 2806 1604 2862 1651; x_wconf 89' lang='lat' dir='ltr'><strong>et</strong></span> <span class='ocrx_word' id='word_1_322' title='bbox 2883 1595 2936 1649; x_wconf 92' lang='lat' dir='ltr'><strong>in</strong></span> <span class='ocrx_word' id='word_1_323' title='bbox 2964 1593 3056 1649; x_wconf 93' lang='lat' dir='ltr'><strong>illa</strong></span> <span class='ocrx_word' id='word_1_324' title='bbox 3086 1594 3326 1649; x_wconf 82' lang='lat' dir='ltr'><strong>vicissim</strong></span> <span class='ocrx_word' id='word_1_325' title='bbox 3354 1606 3473 1650; x_wconf 80' lang='lat' dir='ltr'><strong>cor-</strong></span> 
     </span>
    </p>
   </div>
   <div class='ocr_carea' id='block_1_43' title="bbox 1886 1695 2051 1740">
    <p class='ocr_par' dir='ltr' id='par_1_43' title="bbox 1886 1695 2051 1740">
     <span class='ocr_line' id='line_1_43' title="bbox 1886 1695 2051 1740; baseline 0.006 -1"><span class='ocrx_word' id='word_1_326' title='bbox 1886 1695 2051 1740; x_wconf 70' lang='grc'><strong>1111111⁵.</strong></span> 
     </span>
    </p>
   </div>
   <div class='ocr_carea' id='block_1_44' title="bbox 2550 1797 2793 1880">
    <p class='ocr_par' dir='ltr' id='par_1_44' title="bbox 2550 1797 2793 1880">
     <span class='ocr_line' id='line_1_44' title="bbox 2550 1797 2793 1880; baseline 0.004 -29"><span class='ocrx_word' id='word_1_327' title='bbox 2550 1797 2793 1880; x_wconf 60' lang='lat' dir='ltr'><strong>ALIUD.</strong></span> 
     </span>
    </p>
   </div>
   <div class='ocr_carea' id='block_1_45' title="bbox 1955 1904 3470 1981">
    <p class='ocr_par' dir='ltr' id='par_1_45' title="bbox 1955 1904 3470 1981">
     <span class='ocr_line' id='line_1_45' title="bbox 1955 1904 3470 1981; baseline 0.003 -21"><span class='ocrx_word' id='word_1_328' title='bbox 1955 1904 2102 1963; x_wconf 83' lang='lat' dir='ltr'><strong>Talis</strong></span> <span class='ocrx_word' id='word_1_329' title='bbox 2139 1917 2221 1963; x_wconf 86' lang='lat' dir='ltr'><strong>est</strong></span> <span class='ocrx_word' id='word_1_330' title='bbox 2265 1908 2575 1978; x_wconf 71' lang='lat' dir='ltr'><strong>generativa</strong></span> <span class='ocrx_word' id='word_1_331' title='bbox 2628 1909 2855 1966; x_wconf 74' lang='lat' dir='ltr'><strong>facultas</strong></span> <span class='ocrx_word' id='word_1_332' title='bbox 2923 1911 3039 1975; x_wconf 90' lang='lat' dir='ltr'><strong>Dei,</strong></span> <span class='ocrx_word' id='word_1_333' title='bbox 3083 1910 3297 1981; x_wconf 86' lang='lat' dir='ltr'><strong>qualem</strong></span> <span class='ocrx_word' id='word_1_334' title='bbox 3347 1911 3470 1981; x_wconf 87' lang='lat' dir='ltr'><strong>quis</strong></span> 
     </span>
    </p>
   </div>
   <div class='ocr_carea' id='block_1_46' title="bbox 1880 1999 3468 2060">
    <p class='ocr_par' dir='ltr' id='par_1_46' title="bbox 1880 1999 3468 2060">
     <span class='ocr_line' id='line_1_46' title="bbox 1880 1999 3468 2060; baseline -0.001 -6"><span class='ocrx_word' id='word_1_335' title='bbox 1880 1999 2043 2055; x_wconf 89' lang='lat' dir='ltr'><strong>etiam</strong></span> <span class='ocrx_word' id='word_1_336' title='bbox 2075 1999 2373 2055; x_wconf 88' lang='lat' dir='ltr'><strong>creativam</strong></span> <span class='ocrx_word' id='word_1_337' title='bbox 2402 2016 2523 2057; x_wconf 87' lang='lat' dir='ltr'><strong>esse</strong></span> <span class='ocrx_word' id='word_1_338' title='bbox 2558 2004 2838 2057; x_wconf 85' lang='lat' dir='ltr'><strong>statuerit.</strong></span> <span class='ocrx_word' id='word_1_339' title='bbox 2872 2002 3075 2058; x_wconf 85' lang='lat' dir='ltr'><strong>Eodem</strong></span> <span class='ocrx_word' id='word_1_340' title='bbox 3116 2005 3263 2059; x_wconf 89' lang='lat' dir='ltr'><strong>enim</strong></span> <span class='ocrx_word' id='word_1_341' title='bbox 3308 2003 3468 2060; x_wconf 77' lang='lat' dir='ltr'><strong>modo</strong></span> 
     </span>
    </p>
   </div>
   <div class='ocr_carea' id='block_1_47' title="bbox 1879 2093 3465 2162">
    <p class='ocr_par' dir='ltr' id='par_1_47' title="bbox 1879 2093 3465 2162">
     <span class='ocr_line' id='line_1_47' title="bbox 1879 2093 3465 2162; baseline 0.001 -17"><span class='ocrx_word' id='word_1_342' title='bbox 1879 2101 2042 2162; x_wconf 88' lang='lat' dir='ltr'><strong>atque</strong></span> <span class='ocrx_word' id='word_1_343' title='bbox 2073 2093 2238 2147; x_wconf 85' lang='lat' dir='ltr'><strong>multa</strong></span> <span class='ocrx_word' id='word_1_344' title='bbox 2266 2108 2331 2147; x_wconf 91' lang='lat' dir='ltr'><strong>ac</strong></span> <span class='ocrx_word' id='word_1_345' title='bbox 2355 2094 2566 2149; x_wconf 86' lang='lat' dir='ltr'><strong>diversa</strong></span> <span class='ocrx_word' id='word_1_346' title='bbox 2592 2108 2807 2159; x_wconf 90' lang='lat' dir='ltr'><strong>creans,</strong></span> <span class='ocrx_word' id='word_1_347' title='bbox 2829 2110 2935 2149; x_wconf 92' lang='lat' dir='ltr'><strong>non</strong></span> <span class='ocrx_word' id='word_1_348' title='bbox 2972 2102 3148 2149; x_wconf 91' lang='lat' dir='ltr'><strong>tamen</strong></span> <span class='ocrx_word' id='word_1_349' title='bbox 3171 2095 3465 2150; x_wconf 86' lang='lat' dir='ltr'><strong>secundum</strong></span> 
     </span>
    </p>
   </div>
   <div class='ocr_carea' id='block_1_48' title="bbox 1878 2183 3462 2257">
    <p class='ocr_par' dir='ltr' id='par_1_48' title="bbox 1878 2183 3462 2257">
     <span class='ocr_line' id='line_1_48' title="bbox 1878 2183 3462 2257; baseline 0.002 -19"><span class='ocrx_word' id='word_1_350' title='bbox 1878 2183 2172 2239; x_wconf 89' lang='lat' dir='ltr'><strong>essentiam</strong></span> <span class='ocrx_word' id='word_1_351' title='bbox 2199 2199 2353 2240; x_wconf 89' lang='lat' dir='ltr'><strong>suam</strong></span> <span class='ocrx_word' id='word_1_352' title='bbox 2384 2186 2437 2241; x_wconf 92' lang='lat' dir='ltr'><strong>in</strong></span> <span class='ocrx_word' id='word_1_353' title='bbox 2468 2185 2677 2257; x_wconf 86' lang='lat' dir='ltr'><strong>singula</strong></span> <span class='ocrx_word' id='word_1_354' title='bbox 2706 2196 2887 2242; x_wconf 86' lang='lat' dir='ltr'><strong>creata</strong></span> <span class='ocrx_word' id='word_1_355' title='bbox 2920 2187 3204 2253; x_wconf 83' lang='lat' dir='ltr'><strong>dividitur,</strong></span> <span class='ocrx_word' id='word_1_356' title='bbox 3246 2186 3462 2243; x_wconf 81' lang='lat' dir='ltr'><strong>tametsi</strong></span> 
     </span>
    </p>
   </div>
   <div class='ocr_carea' id='block_1_49' title="bbox 1877 2274 3465 2351">
    <p class='ocr_par' dir='ltr' id='par_1_49' title="bbox 1877 2274 3465 2351">
     <span class='ocr_line' id='line_1_49' title="bbox 1877 2274 3465 2351; baseline 0.004 -23"><span class='ocrx_word' id='word_1_357' title='bbox 1877 2274 2238 2332; x_wconf 85' lang='lat' dir='ltr'><strong>diversimode</strong></span> <span class='ocrx_word' id='word_1_358' title='bbox 2293 2277 2347 2332; x_wconf 93' lang='lat' dir='ltr'><strong>in</strong></span> <span class='ocrx_word' id='word_1_359' title='bbox 2400 2278 2481 2335; x_wconf 91' lang='lat' dir='ltr'><strong>cis</strong></span> <span class='ocrx_word' id='word_1_360' title='bbox 2523 2275 2798 2348; x_wconf 80' lang='lat' dir='ltr'><strong>operetur,</strong></span> <span class='ocrx_word' id='word_1_361' title='bbox 2840 2281 2935 2334; x_wconf 88' lang='lat' dir='ltr'><strong>sed</strong></span> <span class='ocrx_word' id='word_1_362' title='bbox 2976 2295 3074 2351; x_wconf 87' lang='lat' dir='ltr'><strong>per</strong></span> <span class='ocrx_word' id='word_1_363' title='bbox 3099 2294 3263 2333; x_wconf 90' lang='lat' dir='ltr'><strong>unam</strong></span> <span class='ocrx_word' id='word_1_364' title='bbox 3302 2288 3465 2350; x_wconf 89' lang='lat' dir='ltr'><strong>atque</strong></span> 
     </span>
    </p>
   </div>
   <div class='ocr_carea' id='block_1_50' title="bbox 1877 2366 3461 2441">
    <p class='ocr_par' dir='ltr' id='par_1_50' title="bbox 1877 2366 3461 2441">
     <span class='ocr_line' id='line_1_50' title="bbox 1877 2366 3461 2441; baseline 0.004 -20"><span class='ocrx_word' id='word_1_365' title='bbox 1877 2366 2205 2425; x_wconf 77' lang='lat' dir='ltr'><strong>iucti&#39;abilem</strong></span> <span class='ocrx_word' id='word_1_366' title='bbox 2253 2371 2553 2441; x_wconf 84' lang='lat' dir='ltr'><strong>potentiam</strong></span> <span class='ocrx_word' id='word_1_367' title='bbox 2592 2381 2784 2429; x_wconf 86' lang='lat' dir='ltr'><strong>cuncta</strong></span> <span class='ocrx_word' id='word_1_368' title='bbox 2833 2382 3019 2440; x_wconf 85' lang='lat' dir='ltr'><strong>creat;</strong></span> <span class='ocrx_word' id='word_1_369' title='bbox 3065 2373 3136 2427; x_wconf 90' lang='lat' dir='ltr'><strong>ita</strong></span> <span class='ocrx_word' id='word_1_370' title='bbox 3174 2372 3338 2428; x_wconf 90' lang='lat' dir='ltr'><strong>etiam</strong></span> <span class='ocrx_word' id='word_1_371' title='bbox 3375 2388 3461 2441; x_wconf 79' lang='lat' dir='ltr'><strong>ge-</strong></span> 
     </span>
    </p>
   </div>
   <div class='ocr_carea' id='block_1_51' title="bbox 1876 2462 3457 2527">
    <p class='ocr_par' dir='ltr' id='par_1_51' title="bbox 1876 2462 3457 2527">
     <span class='ocr_line' id='line_1_51' title="bbox 1876 2462 3457 2527; baseline 0.006 -14"><span class='ocrx_word' id='word_1_372' title='bbox 1876 2467 2054 2527; x_wconf 89' lang='lat' dir='ltr'><strong>nerat,</strong></span> <span class='ocrx_word' id='word_1_373' title='bbox 2122 2474 2230 2515; x_wconf 90' lang='lat' dir='ltr'><strong>non</strong></span> <span class='ocrx_word' id='word_1_374' title='bbox 2295 2462 2522 2527; x_wconf 86' lang='lat' dir='ltr'><strong>divisus,</strong></span> <span class='ocrx_word' id='word_1_375' title='bbox 2578 2472 2636 2518; x_wconf 88' lang='lat' dir='ltr'><strong>ut</strong></span> <span class='ocrx_word' id='word_1_376' title='bbox 2683 2463 2762 2518; x_wconf 82' lang='lat' dir='ltr'><strong>illi</strong></span> <span class='ocrx_word' id='word_1_377' title='bbox 2835 2464 3045 2520; x_wconf 88' lang='lat' dir='ltr'><strong>volunt.</strong></span> <span class='ocrx_word' id='word_1_378' title='bbox 3099 2463 3167 2519; x_wconf 81' lang='lat' dir='ltr'><strong>Et</strong></span> <span class='ocrx_word' id='word_1_379' title='bbox 3223 2478 3457 2523; x_wconf 84' lang='lat' dir='ltr'><strong>rursus:</strong></span> 
     </span>
    </p>
   </div>
   <div class='ocr_carea' id='block_1_52' title="bbox 1875 2551 3459 2625">
    <p class='ocr_par' dir='ltr' id='par_1_52' title="bbox 1875 2551 3459 2625">
     <span class='ocr_line' id='line_1_52' title="bbox 1875 2551 3459 2625; baseline 0.003 -20"><span class='ocrx_word' id='word_1_380' title='bbox 1875 2551 2341 2618; x_wconf 84' lang='lat' dir='ltr'><strong>Quemadmodum</strong></span> <span class='ocrx_word' id='word_1_381' title='bbox 2369 2554 2607 2625; x_wconf 85' lang='lat' dir='ltr'><strong>Spiritus</strong></span> <span class='ocrx_word' id='word_1_382' title='bbox 2641 2565 2865 2613; x_wconf 84' lang='lat' dir='ltr'><strong>sanctus</strong></span> <span class='ocrx_word' id='word_1_383' title='bbox 2896 2556 3102 2611; x_wconf 89' lang='lat' dir='ltr'><strong>nullam</strong></span> <span class='ocrx_word' id='word_1_384' title='bbox 3132 2556 3185 2611; x_wconf 92' lang='lat' dir='ltr'><strong>in</strong></span> <span class='ocrx_word' id='word_1_385' title='bbox 3217 2557 3459 2612; x_wconf 80' lang='lat' dir='ltr'><strong>essentia</strong></span> 
     </span>
    </p>
   </div>
   <div class='ocr_carea' id='block_1_53' title="bbox 1872 2645 3459 2717">
    <p class='ocr_par' dir='ltr' id='par_1_53' title="bbox 1872 2645 3459 2717">
     <span class='ocr_line' id='line_1_53' title="bbox 1872 2645 3459 2717; baseline 0.003 -18"><span class='ocrx_word' id='word_1_386' title='bbox 1872 2645 2271 2715; x_wconf 85' lang='lat' dir='ltr'><strong>separationem</strong></span> <span class='ocrx_word' id='word_1_387' title='bbox 2311 2648 2481 2715; x_wconf 78' lang='lat' dir='ltr'><strong>subit,</strong></span> <span class='ocrx_word' id='word_1_388' title='bbox 2523 2649 2775 2717; x_wconf 78' lang='lat' dir='ltr'><strong>quamvis</strong></span> <span class='ocrx_word' id='word_1_389' title='bbox 2821 2649 3054 2705; x_wconf 80' lang='lat' dir='ltr'><strong>diversis</strong></span> <span class='ocrx_word' id='word_1_390' title='bbox 3090 2650 3265 2705; x_wconf 85' lang='lat' dir='ltr'><strong>modis</strong></span> <span class='ocrx_word' id='word_1_391' title='bbox 3319 2652 3459 2705; x_wconf 88' lang='lat' dir='ltr'><strong>dona</strong></span> 
     </span>
    </p>
   </div>
   <div class='ocr_carea' id='block_1_54' title="bbox 1873 2740 3462 2812">
    <p class='ocr_par' dir='ltr' id='par_1_54' title="bbox 1873 2740 3462 2812">
     <span class='ocr_line' id='line_1_54' title="bbox 1873 2740 3462 2812; baseline 0.004 -21"><span class='ocrx_word' id='word_1_392' title='bbox 1873 2752 1970 2791; x_wconf 84' lang='lat' dir='ltr'><strong>sua</strong></span> <span class='ocrx_word' id='word_1_393' title='bbox 2023 2740 2259 2803; x_wconf 86' lang='lat' dir='ltr'><strong>emittat,</strong></span> <span class='ocrx_word' id='word_1_394' title='bbox 2298 2748 2353 2795; x_wconf 90' lang='lat' dir='ltr'><strong>et</strong></span> <span class='ocrx_word' id='word_1_395' title='bbox 2404 2754 2500 2809; x_wconf 89' lang='lat' dir='ltr'><strong>pro</strong></span> <span class='ocrx_word' id='word_1_396' title='bbox 2545 2740 2979 2811; x_wconf 87' lang='lat' dir='ltr'><strong>uniuscujusque</strong></span> <span class='ocrx_word' id='word_1_397' title='bbox 3026 2740 3245 2797; x_wconf 91' lang='lat' dir='ltr'><strong>modulo</strong></span> <span class='ocrx_word' id='word_1_398' title='bbox 3281 2741 3462 2812; x_wconf 79' lang='lat' dir='ltr'><strong>dignis</strong></span> 
     </span>
    </p>
   </div>
   <div class='ocr_carea' id='block_1_55' title="bbox 1872 2830 3457 2905">
    <p class='ocr_par' dir='ltr' id='par_1_55' title="bbox 1872 2830 3457 2905">
     <span class='ocr_line' id='line_1_55' title="bbox 1872 2830 3457 2905; baseline 0.005 -22"><span class='ocrx_word' id='word_1_399' title='bbox 1872 2830 2171 2901; x_wconf 84' lang='lat' dir='ltr'><strong>largiatur,</strong></span> <span class='ocrx_word' id='word_1_400' title='bbox 2217 2832 2358 2887; x_wconf 89' lang='lat' dir='ltr'><strong>idem</strong></span> <span class='ocrx_word' id='word_1_401' title='bbox 2409 2841 2587 2889; x_wconf 89' lang='lat' dir='ltr'><strong>tamen</strong></span> <span class='ocrx_word' id='word_1_402' title='bbox 2638 2846 2744 2899; x_wconf 90' lang='lat' dir='ltr'><strong>est,</strong></span> <span class='ocrx_word' id='word_1_403' title='bbox 2778 2836 3033 2905; x_wconf 85' lang='lat' dir='ltr'><strong>idemque</strong></span> <span class='ocrx_word' id='word_1_404' title='bbox 3063 2836 3233 2891; x_wconf 86' lang='lat' dir='ltr'><strong>variis</strong></span> <span class='ocrx_word' id='word_1_405' title='bbox 3279 2835 3457 2891; x_wconf 78' lang='lat' dir='ltr'><strong>modis</strong></span> 
     </span>
    </p>
   </div>
   <div class='ocr_carea' id='block_1_56' title="bbox 1871 2921 3451 2999">
    <p class='ocr_par' dir='ltr' id='par_1_56' title="bbox 1871 2921 3451 2999">
     <span class='ocr_line' id='line_1_56' title="bbox 1871 2921 3451 2999; baseline 0.004 -24"><span class='ocrx_word' id='word_1_406' title='bbox 1871 2924 2005 2975; x_wconf 87' lang='lat' dir='ltr'><strong>citra</strong></span> <span class='ocrx_word' id='word_1_407' title='bbox 2049 2921 2212 2977; x_wconf 85' lang='lat' dir='ltr'><strong>ullam</strong></span> <span class='ocrx_word' id='word_1_408' title='bbox 2248 2924 2560 2991; x_wconf 84' lang='lat' dir='ltr'><strong>passionem</strong></span> <span class='ocrx_word' id='word_1_409' title='bbox 2604 2928 2657 2981; x_wconf 93' lang='lat' dir='ltr'><strong>in</strong></span> <span class='ocrx_word' id='word_1_410' title='bbox 2700 2926 2814 2999; x_wconf 67' lang='grc'><strong>49</strong></span> <span class='ocrx_word' id='word_1_411' title='bbox 2846 2925 3101 2983; x_wconf 83' lang='lat' dir='ltr'><strong>omnibus</strong></span> <span class='ocrx_word' id='word_1_412' title='bbox 3135 2935 3451 2997; x_wconf 80' lang='lat' dir='ltr'><strong>.operatur;</strong></span> 
     </span>
    </p>
   </div>
   <div class='ocr_carea' id='block_1_57' title="bbox 1871 3011 3455 3090">
    <p class='ocr_par' dir='ltr' id='par_1_57' title="bbox 1871 3011 3455 3090">
     <span class='ocr_line' id='line_1_57' title="bbox 1871 3011 3455 3090; baseline 0.006 -26"><span class='ocrx_word' id='word_1_413' title='bbox 1871 3011 1952 3067; x_wconf 87' lang='lat' dir='ltr'><strong>sic</strong></span> <span class='ocrx_word' id='word_1_414' title='bbox 1985 3013 2150 3067; x_wconf 88' lang='lat' dir='ltr'><strong>etiam</strong></span> <span class='ocrx_word' id='word_1_415' title='bbox 2185 3029 2346 3071; x_wconf 88' lang='lat' dir='ltr'><strong>nemo</strong></span> <span class='ocrx_word' id='word_1_416' title='bbox 2381 3024 2529 3073; x_wconf 89' lang='lat' dir='ltr'><strong>recte</strong></span> <span class='ocrx_word' id='word_1_417' title='bbox 2569 3018 2811 3074; x_wconf 87' lang='lat' dir='ltr'><strong>sentiens</strong></span> <span class='ocrx_word' id='word_1_418' title='bbox 2842 3018 3042 3073; x_wconf 83' lang='lat' dir='ltr'><strong>dixerit</strong></span> <span class='ocrx_word' id='word_1_419' title='bbox 3083 3019 3455 3090; x_wconf 86' lang='lat' dir='ltr'><strong>generativam</strong></span> 
     </span>
    </p>
   </div>
   <div class='ocr_carea' id='block_1_58' title="bbox 1875 3100 3457 3181">
    <p class='ocr_par' dir='ltr' id='par_1_58' title="bbox 1875 3100 3457 3181">
     <span class='ocr_line' id='line_1_58' title="bbox 1875 3100 3457 3181; baseline 0.006 -27"><span class='ocrx_word' id='word_1_420' title='bbox 1875 3100 1965 3156; x_wconf 87' lang='lat' dir='ltr'><strong>Dei</strong></span> <span class='ocrx_word' id='word_1_421' title='bbox 1991 3106 2284 3160; x_wconf 85' lang='lat' dir='ltr'><strong>essentiam</strong></span> <span class='ocrx_word' id='word_1_422' title='bbox 2327 3108 2581 3163; x_wconf 85' lang='lat' dir='ltr'><strong>damnum</strong></span> <span class='ocrx_word' id='word_1_423' title='bbox 2618 3110 2789 3165; x_wconf 88' lang='lat' dir='ltr'><strong>ullum</strong></span> <span class='ocrx_word' id='word_1_424' title='bbox 2818 3111 3089 3181; x_wconf 88' lang='lat' dir='ltr'><strong>accipere,</strong></span> <span class='ocrx_word' id='word_1_425' title='bbox 3117 3120 3206 3165; x_wconf 87' lang='lat' dir='ltr'><strong>aut</strong></span> <span class='ocrx_word' id='word_1_426' title='bbox 3236 3127 3457 3181; x_wconf 85' lang='lat' dir='ltr'><strong>separa-</strong></span> 
     </span>
    </p>
   </div>
   <div class='ocr_carea' id='block_1_59' title="bbox 168 3182 1763 3273">
    <p class='ocr_par' dir='ltr' id='par_1_59' title="bbox 168 3182 1760 3267">
     <span class='ocr_line' id='line_1_59' title="bbox 168 3182 1760 3267; baseline 0.009 -29"><span class='ocrx_word' id='word_1_427' title='bbox 168 3183 392 3251; x_wconf 81' lang='grc' dir='ltr'>παθείν,</span> <span class='ocrx_word' id='word_1_428' title='bbox 422 3182 519 3238; x_wconf 73' lang='grc' dir='ltr'>ἕνα</span> <span class='ocrx_word' id='word_1_429' title='bbox 546 3188 643 3240; x_wconf 76' lang='grc' dir='ltr'><strong>καὶ</strong></span> <span class='ocrx_word' id='word_1_430' title='bbox 686 3187 845 3259; x_wconf 82' lang='grc' dir='ltr'>μόνον</span> <span class='ocrx_word' id='word_1_431' title='bbox 882 3188 943 3255; x_wconf 72' lang='grc' dir='ltr'><strong>ἐξ</strong></span> <span class='ocrx_word' id='word_1_432' title='bbox 970 3191 1169 3262; x_wconf 77' lang='grc' dir='ltr'>εαυτῆς</span> <span class='ocrx_word' id='word_1_433' title='bbox 1210 3194 1571 3267; x_wconf 77' lang='grc' dir='ltr'>ἐκλάμψασαν</span> <span class='ocrx_word' id='word_1_434' title='bbox 1612 3198 1760 3253; x_wconf 79' lang='grc' dir='ltr'>Υίόν.</span> 
     </span>
    </p>
   </div>
   <div class='ocr_carea' id='block_1_60' title="bbox 1868 3182 3453 3273">
    <p class='ocr_par' dir='ltr' id='par_1_60' title="bbox 1873 3194 3453 3273">
     <span class='ocr_line' id='line_1_60' title="bbox 1873 3194 3453 3273; baseline 0.009 -27"><span class='ocrx_word' id='word_1_435' title='bbox 1873 3194 2073 3250; x_wconf 89' lang='lat' dir='ltr'><strong>tionem</strong></span> <span class='ocrx_word' id='word_1_436' title='bbox 2110 3197 2273 3251; x_wconf 85' lang='lat' dir='ltr'><strong>ullam</strong></span> <span class='ocrx_word' id='word_1_437' title='bbox 2311 3199 2394 3254; x_wconf 83' lang='lat' dir='ltr'><strong>vel</strong></span> <span class='ocrx_word' id='word_1_438' title='bbox 2420 3199 2672 3256; x_wconf 78' lang='lat' dir='ltr'><strong>emuxum</strong></span> <span class='ocrx_word' id='word_1_439' title='bbox 2706 3204 2842 3273; x_wconf 87' lang='lat' dir='ltr'><strong>pati,</strong></span> <span class='ocrx_word' id='word_1_440' title='bbox 2891 3218 3014 3259; x_wconf 87' lang='lat' dir='ltr'><strong>cum</strong></span> <span class='ocrx_word' id='word_1_441' title='bbox 3046 3219 3187 3260; x_wconf 82' lang='lat' dir='ltr'><strong>unus</strong></span> <span class='ocrx_word' id='word_1_442' title='bbox 3215 3218 3277 3261; x_wconf 87' lang='lat' dir='ltr'><strong>ac</strong></span> <span class='ocrx_word' id='word_1_443' title='bbox 3306 3204 3453 3261; x_wconf 87' lang='lat' dir='ltr'><strong>solus</strong></span> 
     </span>
    </p>
   </div>
   <div class='ocr_carea' id='block_1_61' title="bbox 868 3389 1070 3444">
    <p class='ocr_par' dir='ltr' id='par_1_61' title="bbox 868 3389 1070 3444">
     <span class='ocr_line' id='line_1_61' title="bbox 868 3389 1070 3444; baseline 0.01 -2"><span class='ocrx_word' id='word_1_444' title='bbox 868 3389 1070 3444; x_wconf 78' lang='lat' dir='ltr'><strong>AAAO.</strong></span> 
     </span>
    </p>
   </div>
   <div class='ocr_carea' id='block_1_62' title="bbox 466 3495 1497 3583">
    <p class='ocr_par' dir='ltr' id='par_1_62' title="bbox 466 3495 1497 3583">
     <span class='ocr_line' id='line_1_62' title="bbox 466 3495 1497 3583; baseline 0.016 -35"><span class='ocrx_word' id='word_1_445' title='bbox 466 3495 785 3565; x_wconf 71' lang='lat' dir='ltr'><strong>’Arddsmc</strong></span> <span class='ocrx_word' id='word_1_446' title='bbox 818 3500 991 3583; x_wconf 60' lang='grc' dir='ltr'><strong>ὠςάκ</strong></span> <span class='ocrx_word' id='word_1_447' title='bbox 1023 3501 1142 3557; x_wconf 79' lang='grc' dir='ltr'><strong>τῶν</strong></span> <span class='ocrx_word' id='word_1_448' title='bbox 1174 3508 1497 3577; x_wconf 79' lang='grc' dir='ltr'>Εὐνομίου.</span> 
     </span>
    </p>
   </div>
   <div class='ocr_carea' id='block_1_63' title="bbox 238 3598 1761 3679">
    <p class='ocr_par' dir='ltr' id='par_1_63' title="bbox 238 3598 1761 3679">
     <span class='ocr_line' id='line_1_63' title="bbox 238 3598 1761 3679; baseline 0.017 -26"><span class='ocrx_word' id='word_1_449' title='bbox 238 3598 307 3654; x_wconf 72' lang='lat' dir='ltr'><strong>El</strong></span> <span class='ocrx_word' id='word_1_450' title='bbox 361 3604 680 3676; x_wconf 75' lang='grc' dir='ltr'>γεγέννηκε,</span> <span class='ocrx_word' id='word_1_451' title='bbox 729 3609 914 3679; x_wconf 70' lang='grc' dir='ltr'>φησὶν,</span> <span class='ocrx_word' id='word_1_452' title='bbox 946 3612 1004 3679; x_wconf 79' lang='grc' dir='ltr'>ἐξ</span> <span class='ocrx_word' id='word_1_453' title='bbox 1053 3614 1246 3670; x_wconf 83' lang='grc' dir='ltr'>ἑαυτοῦ</span> <span class='ocrx_word' id='word_1_454' title='bbox 1280 3618 1373 3672; x_wconf 85' lang='grc' dir='ltr'><strong>τὸν</strong></span> <span class='ocrx_word' id='word_1_455' title='bbox 1417 3621 1542 3675; x_wconf 85' lang='grc' dir='ltr'>Υἱὸν</span> <span class='ocrx_word' id='word_1_456' title='bbox 1580 3625 1607 3677; x_wconf 88' lang='grc' dir='ltr'>ὁ</span> <span class='ocrx_word' id='word_1_457' title='bbox 1649 3626 1761 3678; x_wconf 89' lang='grc' dir='ltr'><strong>Πα-</strong></span> 
     </span>
    </p>
   </div>
   <div class='ocr_carea' id='block_1_64' title="bbox 162 3693 1758 3783">
    <p class='ocr_par' dir='ltr' id='par_1_64' title="bbox 162 3693 1758 3783">
     <span class='ocr_line' id='line_1_64' title="bbox 162 3693 1758 3783; baseline 0.018 -39"><span class='ocrx_word' id='word_1_458' title='bbox 162 3693 292 3764; x_wconf 71' lang='grc' dir='ltr'>τὴρ,</span> <span class='ocrx_word' id='word_1_459' title='bbox 324 3694 419 3747; x_wconf 79' lang='grc' dir='ltr'><strong>καὶ</strong></span> <span class='ocrx_word' id='word_1_460' title='bbox 458 3695 604 3750; x_wconf 77' lang='grc' dir='ltr'>ἐστιν</span> <span class='ocrx_word' id='word_1_461' title='bbox 640 3698 829 3770; x_wconf 76' lang='grc' dir='ltr'>ἕτερος</span> <span class='ocrx_word' id='word_1_462' title='bbox 857 3705 985 3774; x_wconf 85' lang='grc' dir='ltr'>παρ’</span> <span class='ocrx_word' id='word_1_463' title='bbox 1011 3705 1173 3760; x_wconf 80' lang='grc' dir='ltr'>αὐτὸν</span> <span class='ocrx_word' id='word_1_464' title='bbox 1206 3711 1263 3762; x_wconf 80' lang='grc' dir='ltr'><strong>ἐν</strong></span> <span class='ocrx_word' id='word_1_465' title='bbox 1298 3710 1401 3783; x_wconf 79' lang='grc' dir='ltr'>ίδίᾳ</span> <span class='ocrx_word' id='word_1_466' title='bbox 1427 3730 1486 3767; x_wconf 89' lang='grc' dir='ltr'><strong>τε</strong></span> <span class='ocrx_word' id='word_1_467' title='bbox 1514 3713 1589 3768; x_wconf 85' lang='grc' dir='ltr'>ὣν</span> <span class='ocrx_word' id='word_1_468' title='bbox 1627 3717 1758 3771; x_wconf 80' lang='grc' dir='ltr'>ὑπο-</span> 
     </span>
    </p>
   </div>
   <div class='ocr_carea' id='block_1_65' title="bbox 163 3786 1759 3881">
    <p class='ocr_par' dir='ltr' id='par_1_65' title="bbox 163 3786 1759 3881">
     <span class='ocr_line' id='line_1_65' title="bbox 163 3786 1759 3881; baseline 0.018 -44"><span class='ocrx_word' id='word_1_469' title='bbox 163 3786 380 3852; x_wconf 74' lang='grc' dir='ltr'>στάσει,</span> <span class='ocrx_word' id='word_1_470' title='bbox 423 3791 518 3845; x_wconf 72' lang='grc' dir='ltr'><strong>καὶ</strong></span> <span class='ocrx_word' id='word_1_471' title='bbox 554 3789 685 3844; x_wconf 83' lang='grc' dir='ltr'>Υἱοῦ</span> <span class='ocrx_word' id='word_1_472' title='bbox 717 3793 905 3866; x_wconf 82' lang='grc' dir='ltr'>Πατὴρ</span> <span class='ocrx_word' id='word_1_473' title='bbox 936 3798 1245 3870; x_wconf 84' lang='grc' dir='ltr'>νοούμενος,</span> <span class='ocrx_word' id='word_1_474' title='bbox 1298 3806 1627 3877; x_wconf 83' lang='grc' dir='ltr'>μεμέρισται</span> <span class='ocrx_word' id='word_1_475' title='bbox 1660 3811 1759 3881; x_wconf 82' lang='grc' dir='ltr'>δη-</span> 
     </span>
    </p>
   </div>
   <div class='ocr_carea' id='block_1_66' title="bbox 159 3878 1757 3975">
    <p class='ocr_par' dir='ltr' id='par_1_66' title="bbox 159 3878 1757 3975">
     <span class='ocr_line' id='line_1_66' title="bbox 159 3878 1757 3975; baseline 0.018 -46"><span class='ocrx_word' id='word_1_476' title='bbox 159 3878 299 3947; x_wconf 78' lang='grc' dir='ltr'>λαδὴ</span> <span class='ocrx_word' id='word_1_477' title='bbox 344 3879 437 3933; x_wconf 78' lang='grc' dir='ltr'><strong>καὶ</strong></span> <span class='ocrx_word' id='word_1_478' title='bbox 478 3881 657 3936; x_wconf 74' lang='grc' dir='ltr'>πάντα</span> <span class='ocrx_word' id='word_1_479' title='bbox 701 3886 769 3939; x_wconf 72' lang='grc' dir='ltr'>τὰ</span> <span class='ocrx_word' id='word_1_480' title='bbox 810 3887 902 3940; x_wconf 79' lang='grc' dir='ltr'><strong>τοῦ</strong></span> <span class='ocrx_word' id='word_1_481' title='bbox 948 3890 1189 3963; x_wconf 83' lang='grc' dir='ltr'>Πατρὸς,</span> <span class='ocrx_word' id='word_1_482' title='bbox 1234 3896 1330 3948; x_wconf 78' lang='grc' dir='ltr'>καὶ</span> <span class='ocrx_word' id='word_1_483' title='bbox 1374 3899 1473 3952; x_wconf 80' lang='grc' dir='ltr'><strong>οὐκ</strong></span> <span class='ocrx_word' id='word_1_484' title='bbox 1510 3902 1567 3953; x_wconf 80' lang='grc' dir='ltr'>ἐν</span> <span class='ocrx_word' id='word_1_485' title='bbox 1608 3904 1757 3975; x_wconf 82' lang='grc' dir='ltr'>αὑτῴ</span> 
     </span>
    </p>
   </div>
   <div class='ocr_carea' id='block_1_67' title="bbox 162 3970 1756 4065">
    <p class='ocr_par' dir='ltr' id='par_1_67' title="bbox 162 3970 1756 4065">
     <span class='ocr_line' id='line_1_67' title="bbox 162 3970 1756 4065; baseline 0.018 -44"><span class='ocrx_word' id='word_1_486' title='bbox 162 3970 431 4040; x_wconf 79' lang='grc' dir='ltr'>μείναντα</span> <span class='ocrx_word' id='word_1_487' title='bbox 480 3974 649 4045; x_wconf 79' lang='grc' dir='ltr'>μόνῳ,</span> <span class='ocrx_word' id='word_1_488' title='bbox 690 3977 827 4031; x_wconf 76' lang='grc' dir='ltr'>ἀλλὰ</span> <span class='ocrx_word' id='word_1_489' title='bbox 858 3981 949 4032; x_wconf 78' lang='grc' dir='ltr'>καὶ</span> <span class='ocrx_word' id='word_1_490' title='bbox 980 3982 1058 4045; x_wconf 83' lang='grc' dir='ltr'><strong>είς</strong></span> <span class='ocrx_word' id='word_1_491' title='bbox 1088 3984 1179 4038; x_wconf 74' lang='grc' dir='ltr'><strong>τὸν</strong></span> <span class='ocrx_word' id='word_1_492' title='bbox 1217 3986 1367 4053; x_wconf 76' lang='grc' dir='ltr'>Υίὸν,</span> <span class='ocrx_word' id='word_1_493' title='bbox 1393 3970 1756 4065; x_wconf 76' lang='grc' dir='ltr'>διαϐεϐηκότα</span> 
     </span>
    </p>
   </div>
   <div class='ocr_carea' id='block_1_68' title="bbox 158 4062 1756 4153">
    <p class='ocr_par' dir='ltr' id='par_1_68' title="bbox 158 4062 1756 4153">
     <span class='ocr_line' id='line_1_68' title="bbox 158 4062 1756 4153; baseline 0.016 -38"><span class='ocrx_word' id='word_1_494' title='bbox 158 4062 438 4129; x_wconf 76' lang='grc' dir='ltr'>φαίνεται.</span> <span class='ocrx_word' id='word_1_495' title='bbox 471 4066 681 4120; x_wconf 77' lang='grc' dir='ltr'>Οὐκοῦν</span> <span class='ocrx_word' id='word_1_496' title='bbox 714 4068 746 4141; x_wconf 85' lang='grc' dir='ltr'>ἢ</span> <span class='ocrx_word' id='word_1_497' title='bbox 782 4071 961 4125; x_wconf 79' lang='grc' dir='ltr'>οὐκέτι</span> <span class='ocrx_word' id='word_1_498' title='bbox 1007 4076 1219 4131; x_wconf 87' lang='grc' dir='ltr'>τελείαν</span> <span class='ocrx_word' id='word_1_499' title='bbox 1247 4078 1359 4150; x_wconf 77' lang='grc' dir='ltr'>ἔχει</span> <span class='ocrx_word' id='word_1_500' title='bbox 1406 4082 1502 4153; x_wconf 83' lang='grc' dir='ltr'>τὴν</span> <span class='ocrx_word' id='word_1_501' title='bbox 1539 4062 1698 4153; x_wconf 71' lang='grc' dir='ltr'>δόξαν</span> <span class='ocrx_word' id='word_1_502' title='bbox 1728 4090 1756 4141; x_wconf 79' lang='grc' dir='ltr'><strong><em>ὁ</em></strong></span> 
     </span>
    </p>
   </div>
   <div class='ocr_carea' id='block_1_69' title="bbox 158 4153 1753 4248">
    <p class='ocr_par' dir='ltr' id='par_1_69' title="bbox 158 4153 1753 4248">
     <span class='ocr_line' id='line_1_69' title="bbox 158 4153 1753 4248; baseline 0.016 -42"><span class='ocrx_word' id='word_1_503' title='bbox 158 4153 378 4226; x_wconf 81' lang='grc' dir='ltr'>Πατὴρ,</span> <span class='ocrx_word' id='word_1_504' title='bbox 418 4161 832 4231; x_wconf 74' lang='grc' dir='ltr'>μεμερισμένης</span> <span class='ocrx_word' id='word_1_505' title='bbox 875 4164 967 4217; x_wconf 72' lang='grc' dir='ltr'>καὶ</span> <span class='ocrx_word' id='word_1_506' title='bbox 1014 4168 1183 4239; x_wconf 75' lang='grc' dir='ltr'>αὐτῆς</span> <span class='ocrx_word' id='word_1_507' title='bbox 1223 4170 1281 4222; x_wconf 85' lang='grc' dir='ltr'>ἐν</span> <span class='ocrx_word' id='word_1_508' title='bbox 1314 4172 1391 4243; x_wconf 86' lang='grc' dir='ltr'>τῷ</span> <span class='ocrx_word' id='word_1_509' title='bbox 1444 4174 1578 4245; x_wconf 85' lang='grc' dir='ltr'>Υίῷ,</span> <span class='ocrx_word' id='word_1_510' title='bbox 1628 4177 1661 4248; x_wconf 80' lang='grc' dir='ltr'><strong>ἢ</strong></span> <span class='ocrx_word' id='word_1_511' title='bbox 1703 4180 1753 4231; x_wconf 86' lang='grc' dir='ltr'><strong>εί</strong></span> 
     </span>
    </p>
   </div>
   <div class='ocr_carea' id='block_1_70' title="bbox 154 4245 1752 4331">
    <p class='ocr_par' dir='ltr' id='par_1_70' title="bbox 154 4245 1752 4331">
     <span class='ocr_line' id='line_1_70' title="bbox 154 4245 1752 4331; baseline 0.015 -33"><span class='ocrx_word' id='word_1_512' title='bbox 154 4245 378 4300; x_wconf 85' lang='grc' dir='ltr'>τελείαν</span> <span class='ocrx_word' id='word_1_513' title='bbox 414 4246 527 4317; x_wconf 80' lang='grc' dir='ltr'>ἔχει</span> <span class='ocrx_word' id='word_1_514' title='bbox 557 4248 655 4321; x_wconf 82' lang='grc' dir='ltr'>τὴν</span> <span class='ocrx_word' id='word_1_515' title='bbox 680 4250 856 4316; x_wconf 78' lang='grc' dir='ltr'>δόξαν,</span> <span class='ocrx_word' id='word_1_516' title='bbox 886 4255 1182 4329; x_wconf 82' lang='grc' dir='ltr'>ἀποστερεῖ</span> <span class='ocrx_word' id='word_1_517' title='bbox 1211 4261 1303 4315; x_wconf 82' lang='grc' dir='ltr'><strong>τὸν</strong></span> <span class='ocrx_word' id='word_1_518' title='bbox 1334 4263 1482 4331; x_wconf 78' lang='grc' dir='ltr'>Υἱὸν,</span> <span class='ocrx_word' id='word_1_519' title='bbox 1511 4266 1573 4318; x_wconf 76' lang='grc' dir='ltr'>τὸ</span> <span class='ocrx_word' id='word_1_520' title='bbox 1601 4245 1752 4322; x_wconf 82' lang='grc' dir='ltr'>δοθὲν</span> 
     </span>
    </p>
   </div>
   <div class='ocr_carea' id='block_1_71' title="bbox 154 4337 1754 4430">
    <p class='ocr_par' dir='ltr' id='par_1_71' title="bbox 154 4337 1754 4430">
     <span class='ocr_line' id='line_1_71' title="bbox 154 4337 1754 4430; baseline 0.014 -40"><span class='ocrx_word' id='word_1_521' title='bbox 154 4337 355 4411; x_wconf 77' lang='grc' dir='ltr'>ὥσπερ</span> <span class='ocrx_word' id='word_1_522' title='bbox 395 4342 477 4404; x_wconf 83' lang='grc' dir='ltr'>εἰς</span> <span class='ocrx_word' id='word_1_523' title='bbox 524 4342 717 4396; x_wconf 81' lang='grc' dir='ltr'>ἑαυτὸν</span> <span class='ocrx_word' id='word_1_524' title='bbox 758 4338 920 4409; x_wconf 79' lang='grc' dir='ltr'>αὖθις</span> <span class='ocrx_word' id='word_1_525' title='bbox 968 4348 1371 4408; x_wconf 79' lang='grc' dir='ltr'>ὲπανακλίνων·</span> <span class='ocrx_word' id='word_1_526' title='bbox 1403 4356 1497 4409; x_wconf 72' lang='grc' dir='ltr'><strong>καὶ</strong></span> <span class='ocrx_word' id='word_1_527' title='bbox 1539 4358 1571 4429; x_wconf 82' lang='grc' dir='ltr'>ἡ</span> <span class='ocrx_word' id='word_1_528' title='bbox 1618 4360 1754 4430; x_wconf 83' lang='grc' dir='ltr'>πρό-</span> 
     </span>
    </p>
   </div>
   <div class='ocr_carea' id='block_1_72' title="bbox 153 4431 1750 4512">
    <p class='ocr_par' dir='ltr' id='par_1_72' title="bbox 153 4431 1750 4512">
     <span class='ocr_line' id='line_1_72' title="bbox 153 4431 1750 4512; baseline 0.015 -33"><span class='ocrx_word' id='word_1_529' title='bbox 153 4444 319 4498; x_wconf 84' lang='grc' dir='ltr'>τερον</span> <span class='ocrx_word' id='word_1_530' title='bbox 352 4431 410 4482; x_wconf 81' lang='grc' dir='ltr'>ὲν</span> <span class='ocrx_word' id='word_1_531' title='bbox 443 4431 632 4501; x_wconf 83' lang='grc' dir='ltr'>μονάδι</span> <span class='ocrx_word' id='word_1_532' title='bbox 665 4432 856 4505; x_wconf 80' lang='grc' dir='ltr'>θεότης</span> <span class='ocrx_word' id='word_1_533' title='bbox 886 4437 1095 4492; x_wconf 86' lang='grc' dir='ltr'>τελείαν</span> <span class='ocrx_word' id='word_1_534' title='bbox 1125 4440 1325 4512; x_wconf 81' lang='grc' dir='ltr'>ἔχουσα</span> <span class='ocrx_word' id='word_1_535' title='bbox 1353 4444 1529 4511; x_wconf 76' lang='grc' dir='ltr'>δόξαν,</span> <span class='ocrx_word' id='word_1_536' title='bbox 1565 4448 1662 4501; x_wconf 87' lang='grc' dir='ltr'><strong>νῦν</strong></span> <span class='ocrx_word' id='word_1_537' title='bbox 1691 4450 1750 4502; x_wconf 83' lang='grc' dir='ltr'>ὲν</span> 
     </span>
    </p>
   </div>
   <div class='ocr_carea' id='block_1_73' title="bbox 1870 3286 2519 3359">
    <p class='ocr_par' dir='ltr' id='par_1_73' title="bbox 1870 3286 2519 3359">
     <span class='ocr_line' id='line_1_73' title="bbox 1870 3286 2519 3359; baseline 0.012 -19"><span class='ocrx_word' id='word_1_538' title='bbox 1870 3300 1933 3340; x_wconf 78' lang='lat' dir='ltr'><strong>ex</strong></span> <span class='ocrx_word' id='word_1_539' title='bbox 1965 3300 2025 3341; x_wconf 88' lang='lat' dir='ltr'><strong>ea</strong></span> <span class='ocrx_word' id='word_1_540' title='bbox 2057 3286 2309 3359; x_wconf 83' lang='lat' dir='ltr'><strong>ell‘ulgcat</strong></span> <span class='ocrx_word' id='word_1_541' title='bbox 2329 3289 2519 3348; x_wconf 83' lang='lat' dir='ltr'><strong>Filius.</strong></span> 
     </span>
    </p>
   </div>
   <div class='ocr_carea' id='block_1_74' title="bbox 2524 3404 2752 3463">
    <p class='ocr_par' dir='ltr' id='par_1_74' title="bbox 2524 3404 2752 3463">
     <span class='ocr_line' id='line_1_74' title="bbox 2524 3404 2752 3463; baseline 0.009 -4"><span class='ocrx_word' id='word_1_542' title='bbox 2524 3404 2752 3463; x_wconf 86' lang='lat' dir='ltr'><strong>ALIUD.</strong></span> 
     </span>
    </p>
   </div>
   <div class='ocr_carea' id='block_1_75' title="bbox 2337 3515 2985 3585">
    <p class='ocr_par' dir='ltr' id='par_1_75' title="bbox 2337 3515 2985 3585">
     <span class='ocr_line' id='line_1_75' title="bbox 2337 3515 2985 3585; baseline 0.008 -14"><span class='ocrx_word' id='word_1_543' title='bbox 2337 3515 2573 3585; x_wconf 81' lang='lat' dir='ltr'><strong>Objeclio</strong></span> <span class='ocrx_word' id='word_1_544' title='bbox 2604 3536 2670 3574; x_wconf 82' lang='lat' dir='ltr'><strong>ea:</strong></span> <span class='ocrx_word' id='word_1_545' title='bbox 2699 3520 2985 3577; x_wconf 82' lang='lat' dir='ltr'><strong>Eunomia.</strong></span> 
     </span>
    </p>
   </div>
   <div class='ocr_carea' id='block_1_76' title="bbox 1936 3626 3449 3708">
    <p class='ocr_par' dir='ltr' id='par_1_76' title="bbox 1936 3626 3449 3708">
     <span class='ocr_line' id='line_1_76' title="bbox 1936 3626 3449 3708; baseline 0.012 -28"><span class='ocrx_word' id='word_1_546' title='bbox 1936 3626 1994 3681; x_wconf 88' lang='lat' dir='ltr'><strong>Si</strong></span> <span class='ocrx_word' id='word_1_547' title='bbox 2026 3626 2208 3693; x_wconf 83' lang='lat' dir='ltr'><strong>Pater,</strong></span> <span class='ocrx_word' id='word_1_548' title='bbox 2264 3630 2455 3701; x_wconf 83' lang='lat' dir='ltr'><strong>inquit,</strong></span> <span class='ocrx_word' id='word_1_549' title='bbox 2493 3634 2672 3703; x_wconf 80' lang='lat' dir='ltr'><strong>genuit</strong></span> <span class='ocrx_word' id='word_1_550' title='bbox 2711 3634 2907 3691; x_wconf 84' lang='lat' dir='ltr'><strong>Filium</strong></span> <span class='ocrx_word' id='word_1_551' title='bbox 2941 3651 3007 3694; x_wconf 78' lang='lat' dir='ltr'><strong>ex</strong></span> <span class='ocrx_word' id='word_1_552' title='bbox 3045 3639 3248 3708; x_wconf 88' lang='lat' dir='ltr'><strong>seipso,</strong></span> <span class='ocrx_word' id='word_1_553' title='bbox 3284 3634 3449 3697; x_wconf 52' lang='lat' dir='ltr'><strong>ct&#39;cst</strong></span> 
     </span>
    </p>
   </div>
   <div class='ocr_carea' id='block_1_77' title="bbox 1865 3716 3444 3799">
    <p class='ocr_par' dir='ltr' id='par_1_77' title="bbox 1865 3716 3444 3799">
     <span class='ocr_line' id='line_1_77' title="bbox 1865 3716 3444 3799; baseline 0.011 -31"><span class='ocrx_word' id='word_1_554' title='bbox 1865 3716 2004 3774; x_wconf 84' lang='lat' dir='ltr'><strong>alius</strong></span> <span class='ocrx_word' id='word_1_555' title='bbox 2027 3719 2093 3773; x_wconf 90' lang='lat' dir='ltr'><strong>ab</strong></span> <span class='ocrx_word' id='word_1_556' title='bbox 2118 3719 2233 3788; x_wconf 89' lang='lat' dir='ltr'><strong>ipso</strong></span> <span class='ocrx_word' id='word_1_557' title='bbox 2261 3720 2310 3774; x_wconf 85' lang='lat' dir='ltr'><strong>in</strong></span> <span class='ocrx_word' id='word_1_558' title='bbox 2344 3724 2558 3793; x_wconf 88' lang='lat' dir='ltr'><strong>propria</strong></span> <span class='ocrx_word' id='word_1_559' title='bbox 2591 3725 2863 3782; x_wconf 82' lang='lat' dir='ltr'><strong>exsistens</strong></span> <span class='ocrx_word' id='word_1_560' title='bbox 2900 3729 3204 3799; x_wconf 85' lang='lat' dir='ltr'><strong>hypostasi,</strong></span> <span class='ocrx_word' id='word_1_561' title='bbox 3232 3740 3287 3786; x_wconf 88' lang='lat' dir='ltr'><strong>et</strong></span> <span class='ocrx_word' id='word_1_562' title='bbox 3320 3731 3444 3786; x_wconf 83' lang='lat' dir='ltr'><strong>Filii</strong></span> 
     </span>
    </p>
   </div>
   <div class='ocr_carea' id='block_1_78' title="bbox 1864 3807 3445 3889">
    <p class='ocr_par' dir='ltr' id='par_1_78' title="bbox 1864 3807 3445 3889">
     <span class='ocr_line' id='line_1_78' title="bbox 1864 3807 3445 3889; baseline 0.01 -28"><span class='ocrx_word' id='word_1_563' title='bbox 1864 3807 2024 3863; x_wconf 75' lang='lat' dir='ltr'><strong>Pater</strong></span> <span class='ocrx_word' id='word_1_564' title='bbox 2074 3810 2399 3878; x_wconf 90' lang='lat' dir='ltr'><strong>intellectus,</strong></span> <span class='ocrx_word' id='word_1_565' title='bbox 2453 3815 2622 3871; x_wconf 86' lang='lat' dir='ltr'><strong>divisa</strong></span> <span class='ocrx_word' id='word_1_566' title='bbox 2680 3825 2824 3873; x_wconf 84' lang='lat' dir='ltr'><strong>certe</strong></span> <span class='ocrx_word' id='word_1_567' title='bbox 2872 3828 3033 3874; x_wconf 88' lang='lat' dir='ltr'><strong>erunt</strong></span> <span class='ocrx_word' id='word_1_568' title='bbox 3087 3824 3265 3875; x_wconf 88' lang='lat' dir='ltr'><strong>omnia</strong></span> <span class='ocrx_word' id='word_1_569' title='bbox 3322 3838 3445 3889; x_wconf 65' lang='lat' dir='ltr'><strong>quae</strong></span> 
     </span>
    </p>
   </div>
   <div class='ocr_carea' id='block_1_79' title="bbox 1861 3900 3443 3977">
    <p class='ocr_par' dir='ltr' id='par_1_79' title="bbox 1861 3900 3443 3977">
     <span class='ocr_line' id='line_1_79' title="bbox 1861 3900 3443 3977; baseline 0.007 -21"><span class='ocrx_word' id='word_1_570' title='bbox 1861 3900 2041 3957; x_wconf 83' lang='lat' dir='ltr'><strong>Patris</strong></span> <span class='ocrx_word' id='word_1_571' title='bbox 2067 3914 2212 3967; x_wconf 91' lang='lat' dir='ltr'><strong>sunt,</strong></span> <span class='ocrx_word' id='word_1_572' title='bbox 2233 3920 2333 3960; x_wconf 90' lang='lat' dir='ltr'><strong>nec</strong></span> <span class='ocrx_word' id='word_1_573' title='bbox 2355 3906 2408 3960; x_wconf 89' lang='lat' dir='ltr'><strong>in</strong></span> <span class='ocrx_word' id='word_1_574' title='bbox 2431 3907 2548 3975; x_wconf 89' lang='lat' dir='ltr'><strong>ipso</strong></span> <span class='ocrx_word' id='word_1_575' title='bbox 2570 3909 2685 3964; x_wconf 89' lang='lat' dir='ltr'><strong>solo</strong></span> <span class='ocrx_word' id='word_1_576' title='bbox 2717 3911 3015 3977; x_wconf 88' lang='lat' dir='ltr'><strong>manentia,</strong></span> <span class='ocrx_word' id='word_1_577' title='bbox 3043 3912 3138 3966; x_wconf 90' lang='lat' dir='ltr'><strong>sed</strong></span> <span class='ocrx_word' id='word_1_578' title='bbox 3172 3914 3223 3968; x_wconf 91' lang='lat' dir='ltr'><strong>in</strong></span> <span class='ocrx_word' id='word_1_579' title='bbox 3247 3912 3443 3968; x_wconf 82' lang='lat' dir='ltr'><strong>Filium</strong></span> 
     </span>
    </p>
   </div>
   <div class='ocr_carea' id='block_1_80' title="bbox 1862 4000 3442 4074">
    <p class='ocr_par' dir='ltr' id='par_1_80' title="bbox 1862 4000 3442 4074">
     <span class='ocr_line' id='line_1_80' title="bbox 1862 4000 3442 4074; baseline 0.008 -26"><span class='ocrx_word' id='word_1_580' title='bbox 1862 4009 2077 4064; x_wconf 84' lang='lat' dir='ltr'><strong>quoque</strong></span> <span class='ocrx_word' id='word_1_581' title='bbox 2096 4000 2411 4052; x_wconf 91' lang='lat' dir='ltr'><strong>transmissa</strong></span> <span class='ocrx_word' id='word_1_582' title='bbox 2434 4000 2775 4055; x_wconf 81' lang='lat' dir='ltr'><strong>videbuntur.</strong></span> <span class='ocrx_word' id='word_1_583' title='bbox 2797 4003 3061 4069; x_wconf 82' lang='lat' dir='ltr'><strong>Quocirca</strong></span> <span class='ocrx_word' id='word_1_584' title='bbox 3092 4014 3186 4058; x_wconf 88' lang='lat' dir='ltr'><strong>aut</strong></span> <span class='ocrx_word' id='word_1_585' title='bbox 3205 4020 3310 4059; x_wconf 89' lang='lat' dir='ltr'><strong>non</strong></span> <span class='ocrx_word' id='word_1_586' title='bbox 3330 4005 3442 4074; x_wconf 83' lang='lat' dir='ltr'><strong>jam</strong></span> 
     </span>
    </p>
   </div>
   <div class='ocr_carea' id='block_1_81' title="bbox 1858 4086 3440 4160">
    <p class='ocr_par' dir='ltr' id='par_1_81' title="bbox 1858 4086 3440 4160">
     <span class='ocr_line' id='line_1_81' title="bbox 1858 4086 3440 4160; baseline 0.011 -23"><span class='ocrx_word' id='word_1_587' title='bbox 1858 4086 2087 4157; x_wconf 87' lang='lat' dir='ltr'><strong>amplius</strong></span> <span class='ocrx_word' id='word_1_588' title='bbox 2098 4087 2391 4157; x_wconf 82' lang='lat' dir='ltr'><strong>perfectam</strong></span> <span class='ocrx_word' id='word_1_589' title='bbox 2409 4090 2629 4160; x_wconf 81' lang='lat' dir='ltr'><strong>gloriam</strong></span> <span class='ocrx_word' id='word_1_590' title='bbox 2652 4093 2813 4147; x_wconf 83' lang='lat' dir='ltr'><strong>habet</strong></span> <span class='ocrx_word' id='word_1_591' title='bbox 2833 4093 3013 4158; x_wconf 86' lang='lat' dir='ltr'><strong>Pater,</strong></span> <span class='ocrx_word' id='word_1_592' title='bbox 3036 4110 3157 4150; x_wconf 88' lang='lat' dir='ltr'><strong>cum</strong></span> <span class='ocrx_word' id='word_1_593' title='bbox 3176 4111 3296 4151; x_wconf 89' lang='lat' dir='ltr'><strong>eam</strong></span> <span class='ocrx_word' id='word_1_594' title='bbox 3316 4112 3440 4155; x_wconf 86' lang='lat' dir='ltr'><strong>eum</strong></span> 
     </span>
    </p>
   </div>
   <div class='ocr_carea' id='block_1_82' title="bbox 1856 4174 3437 4257">
    <p class='ocr_par' dir='ltr' id='par_1_82' title="bbox 1856 4174 3437 4257">
     <span class='ocr_line' id='line_1_82' title="bbox 1856 4174 3437 4257; baseline 0.009 -27"><span class='ocrx_word' id='word_1_595' title='bbox 1856 4174 1993 4231; x_wconf 89' lang='lat' dir='ltr'><strong>Filio</strong></span> <span class='ocrx_word' id='word_1_596' title='bbox 2026 4180 2257 4245; x_wconf 84' lang='lat' dir='ltr'><strong>partitus</strong></span> <span class='ocrx_word' id='word_1_597' title='bbox 2297 4181 2397 4247; x_wconf 88' lang='lat' dir='ltr'><strong>sit;</strong></span> <span class='ocrx_word' id='word_1_598' title='bbox 2429 4192 2521 4236; x_wconf 89' lang='lat' dir='ltr'><strong>aut</strong></span> <span class='ocrx_word' id='word_1_599' title='bbox 2560 4183 2606 4238; x_wconf 90' lang='lat' dir='ltr'><strong>si</strong></span> <span class='ocrx_word' id='word_1_600' title='bbox 2657 4183 2956 4252; x_wconf 79' lang='lat' dir='ltr'><strong>perfectam</strong></span> <span class='ocrx_word' id='word_1_601' title='bbox 2992 4187 3152 4241; x_wconf 83' lang='lat' dir='ltr'><strong>habet</strong></span> <span class='ocrx_word' id='word_1_602' title='bbox 3181 4187 3437 4257; x_wconf 77' lang='lat' dir='ltr'><strong>gloriam,</strong></span> 
     </span>
    </p>
   </div>
   <div class='ocr_carea' id='block_1_83' title="bbox 1856 4270 3442 4346">
    <p class='ocr_par' dir='ltr' id='par_1_83' title="bbox 1856 4270 3442 4346">
     <span class='ocr_line' id='line_1_83' title="bbox 1856 4270 3442 4346; baseline 0.011 -24"><span class='ocrx_word' id='word_1_603' title='bbox 1856 4270 2088 4340; x_wconf 87' lang='lat' dir='ltr'><strong>privabit</strong></span> <span class='ocrx_word' id='word_1_604' title='bbox 2117 4270 2335 4338; x_wconf 86' lang='lat' dir='ltr'><strong>Filium,</strong></span> <span class='ocrx_word' id='word_1_605' title='bbox 2361 4273 2615 4329; x_wconf 90' lang='lat' dir='ltr'><strong>nimirum</strong></span> <span class='ocrx_word' id='word_1_606' title='bbox 2649 4276 2701 4330; x_wconf 89' lang='lat' dir='ltr'><strong>id</strong></span> <span class='ocrx_word' id='word_1_607' title='bbox 2726 4278 2869 4346; x_wconf 88' lang='lat' dir='ltr'><strong>quod</strong></span> <span class='ocrx_word' id='word_1_608' title='bbox 2913 4278 2961 4333; x_wconf 89' lang='lat' dir='ltr'><strong>ei</strong></span> <span class='ocrx_word' id='word_1_609' title='bbox 3009 4280 3233 4335; x_wconf 89' lang='lat' dir='ltr'><strong>dederat</strong></span> <span class='ocrx_word' id='word_1_610' title='bbox 3270 4283 3339 4337; x_wconf 87' lang='lat' dir='ltr'><strong>ad</strong></span> <span class='ocrx_word' id='word_1_611' title='bbox 3380 4298 3442 4340; x_wconf 80' lang='lat' dir='ltr'><strong>se</strong></span> 
     </span>
    </p>
   </div>
   <div class='ocr_carea' id='block_1_84' title="bbox 1855 4361 3437 4440">
    <p class='ocr_par' dir='ltr' id='par_1_84' title="bbox 1855 4361 3437 4440">
     <span class='ocr_line' id='line_1_84' title="bbox 1855 4361 3437 4440; baseline 0.009 -25"><span class='ocrx_word' id='word_1_612' title='bbox 1855 4361 2151 4430; x_wconf 89' lang='lat' dir='ltr'><strong>recipiens;</strong></span> <span class='ocrx_word' id='word_1_613' title='bbox 2190 4373 2242 4418; x_wconf 90' lang='lat' dir='ltr'><strong>et</strong></span> <span class='ocrx_word' id='word_1_614' title='bbox 2270 4364 2444 4420; x_wconf 86' lang='lat' dir='ltr'><strong>deitas</strong></span> <span class='ocrx_word' id='word_1_615' title='bbox 2478 4380 2598 4437; x_wconf 64' lang='lat' dir='ltr'><strong>quae</strong></span> <span class='ocrx_word' id='word_1_616' title='bbox 2625 4368 2776 4437; x_wconf 87' lang='lat' dir='ltr'><strong>prius</strong></span> <span class='ocrx_word' id='word_1_617' title='bbox 2808 4369 2862 4423; x_wconf 91' lang='lat' dir='ltr'><strong>iu</strong></span> <span class='ocrx_word' id='word_1_618' title='bbox 2900 4370 3109 4426; x_wconf 89' lang='lat' dir='ltr'><strong>unitate</strong></span> <span class='ocrx_word' id='word_1_619' title='bbox 3142 4374 3437 4440; x_wconf 79' lang='lat' dir='ltr'><strong>perfectam</strong></span> 
     </span>
    </p>
   </div>
   <div class='ocr_carea' id='block_1_85' title="bbox 1854 4452 3438 4539">
    <p class='ocr_par' dir='ltr' id='par_1_85' title="bbox 1854 4452 3438 4539">
     <span class='ocr_line' id='line_1_85' title="bbox 1854 4452 3438 4539; baseline 0.014 -34"><span class='ocrx_word' id='word_1_620' title='bbox 1854 4452 2086 4507; x_wconf 83' lang='lat' dir='ltr'><strong>habebat</strong></span> <span class='ocrx_word' id='word_1_621' title='bbox 2113 4456 2360 4525; x_wconf 83' lang='lat' dir='ltr'><strong>gloriam,</strong></span> <span class='ocrx_word' id='word_1_622' title='bbox 2393 4476 2535 4514; x_wconf 85' lang='lat' dir='ltr'><strong>nunc</strong></span> <span class='ocrx_word' id='word_1_623' title='bbox 2575 4461 2627 4515; x_wconf 90' lang='lat' dir='ltr'><strong>in</strong></span> <span class='ocrx_word' id='word_1_624' title='bbox 2656 4462 2917 4520; x_wconf 88' lang='lat' dir='ltr'><strong>dualitate</strong></span> <span class='ocrx_word' id='word_1_625' title='bbox 2947 4466 3275 4537; x_wconf 89' lang='lat' dir='ltr'><strong>constituta,</strong></span> <span class='ocrx_word' id='word_1_626' title='bbox 3313 4486 3438 4539; x_wconf 83' lang='lat' dir='ltr'><strong>per-</strong></span> 
     </span>
    </p>
   </div>
   <div class='ocr_carea' id='block_1_86' title="bbox 152 4518 1763 4634">
    <p class='ocr_par' dir='ltr' id='par_1_86' title="bbox 152 4518 1748 4609">
     <span class='ocr_line' id='line_1_86' title="bbox 152 4518 1748 4609; baseline 0.017 -40"><span class='ocrx_word' id='word_1_627' title='bbox 152 4518 309 4571; x_wconf 73' lang='grc' dir='ltr'>δυάδι</span> <span class='ocrx_word' id='word_1_628' title='bbox 360 4520 663 4594; x_wconf 81' lang='grc' dir='ltr'>γενομένη,</span> <span class='ocrx_word' id='word_1_629' title='bbox 713 4524 774 4578; x_wconf 87' lang='grc' dir='ltr'>τὸ</span> <span class='ocrx_word' id='word_1_630' title='bbox 820 4527 1022 4583; x_wconf 79' lang='grc' dir='ltr'>τέλειον</span> <span class='ocrx_word' id='word_1_631' title='bbox 1066 4530 1164 4584; x_wconf 73' lang='grc' dir='ltr'><strong>οὐκ</strong></span> <span class='ocrx_word' id='word_1_632' title='bbox 1213 4533 1343 4603; x_wconf 80' lang='grc' dir='ltr'>ἔχει.</span> <span class='ocrx_word' id='word_1_633' title='bbox 1382 4538 1550 4602; x_wconf 85' lang='grc' dir='ltr'>Μόλις</span> <span class='ocrx_word' id='word_1_634' title='bbox 1599 4540 1655 4595; x_wconf 79' lang='grc' dir='ltr'>δὲ</span> <span class='ocrx_word' id='word_1_635' title='bbox 1689 4544 1748 4609; x_wconf 77' lang='grc' dir='ltr'>ἐξ</span> 
     </span>
    </p>
   </div>
   <div class='ocr_carea' id='block_1_87' title="bbox 1868 4518 3433 4634">
    <p class='ocr_par' dir='ltr' id='par_1_87' title="bbox 1868 4518 3433 4634">
     <span class='ocr_line' id='line_1_87' title="bbox 2116 4518 3399 4539; baseline 0.009 -25"><span class='ocrx_word' id='word_1_636' title='bbox 2116 4518 2139 4525; x_wconf 77' lang='lat'>_</span> <span class='ocrx_word' id='word_1_637' title='bbox 2347 4518 2354 4521; x_wconf 94' lang='lat'>_</span> <span class='ocrx_word' id='word_1_638' title='bbox 2897 4518 2909 4520; x_wconf 73' lang='lat'><strong>-</strong></span> <span class='ocrx_word' id='word_1_639' title='bbox 3313 4518 3399 4539; x_wconf 76' lang='lat'><strong>,--.</strong></span> 
     </span>
     <span class='ocr_line' id='line_1_88' title="bbox 1868 4545 3433 4634; baseline 0.013 -34"><span class='ocrx_word' id='word_1_640' title='bbox 1868 4545 2141 4601; x_wconf 74' lang='lat' dir='ltr'><strong>&#39;ectionezu</strong></span> <span class='ocrx_word' id='word_1_641' title='bbox 2202 4565 2307 4604; x_wconf 92' lang='lat' dir='ltr'><strong>non</strong></span> <span class='ocrx_word' id='word_1_642' title='bbox 2371 4550 2613 4610; x_wconf 85' lang='lat' dir='ltr'><strong>habebit.</strong></span> <span class='ocrx_word' id='word_1_643' title='bbox 2670 4554 2842 4627; x_wconf 56' lang='lat' dir='ltr'><strong>JEgre</strong></span> <span class='ocrx_word' id='word_1_644' title='bbox 2895 4570 3073 4614; x_wconf 90' lang='lat' dir='ltr'><strong>autem</strong></span> <span class='ocrx_word' id='word_1_645' title='bbox 3134 4577 3197 4617; x_wconf 82' lang='lat' dir='ltr'><strong>ex</strong></span> <span class='ocrx_word' id='word_1_646' title='bbox 3255 4565 3433 4634; x_wconf 79' lang='lat' dir='ltr'><strong>seipsa</strong></span> 
     </span>
    </p>
   </div>
   <div class='ocr_carea' id='block_1_88' title="bbox 153 4612 1746 4697">
    <p class='ocr_par' dir='ltr' id='par_1_88' title="bbox 153 4612 1746 4697">
     <span class='ocr_line' id='line_1_89' title="bbox 153 4612 1746 4697; baseline 0.016 -36"><span class='ocrx_word' id='word_1_647' title='bbox 153 4612 363 4680; x_wconf 77' lang='grc' dir='ltr'>ἑαυτῆς</span> <span class='ocrx_word' id='word_1_648' title='bbox 392 4613 699 4682; x_wconf 77' lang='grc' dir='ltr'>ἐρανίζεται</span> <span class='ocrx_word' id='word_1_649' title='bbox 742 4616 917 4685; x_wconf 88' lang='grc' dir='ltr'>τοῦτο,</span> <span class='ocrx_word' id='word_1_650' title='bbox 943 4622 1240 4692; x_wconf 82' lang='grc' dir='ltr'>κιχρῶντος</span> <span class='ocrx_word' id='word_1_651' title='bbox 1277 4628 1476 4697; x_wconf 82' lang='grc' dir='ltr'>τρόπον</span> <span class='ocrx_word' id='word_1_652' title='bbox 1503 4634 1623 4687; x_wconf 82' lang='grc' dir='ltr'>τινὰ</span> <span class='ocrx_word' id='word_1_653' title='bbox 1654 4633 1746 4687; x_wconf 89' lang='grc' dir='ltr'><strong>τοῦ</strong></span> 
     </span>
    </p>
   </div>
   <div class='ocr_carea' id='block_1_89' title="bbox 154 4699 1749 4794">
    <p class='ocr_par' dir='ltr' id='par_1_89' title="bbox 154 4699 1749 4794">
     <span class='ocr_line' id='line_1_90' title="bbox 154 4699 1749 4794; baseline 0.014 -41"><span class='ocrx_word' id='word_1_654' title='bbox 154 4699 378 4769; x_wconf 79' lang='grc' dir='ltr'>ιιατρδς</span> <span class='ocrx_word' id='word_1_655' title='bbox 418 4699 496 4770; x_wconf 84' lang='grc' dir='ltr'>τῷ</span> <span class='ocrx_word' id='word_1_656' title='bbox 547 4701 663 4773; x_wconf 83' lang='grc' dir='ltr'>Υἱῴ</span> <span class='ocrx_word' id='word_1_657' title='bbox 690 4704 790 4776; x_wconf 81' lang='grc' dir='ltr'>τὴν</span> <span class='ocrx_word' id='word_1_658' title='bbox 835 4708 1053 4774; x_wconf 81' lang='grc' dir='ltr'>ἑαυτοῦ,</span> <span class='ocrx_word' id='word_1_659' title='bbox 1099 4714 1191 4766; x_wconf 76' lang='grc' dir='ltr'><strong>καὶ</strong></span> <span class='ocrx_word' id='word_1_660' title='bbox 1224 4717 1384 4771; x_wconf 78' lang='grc' dir='ltr'>πάλιν</span> <span class='ocrx_word' id='word_1_661' title='bbox 1425 4720 1749 4794; x_wconf 80' lang='grc' dir='ltr'>ἁντικιχρω-</span> 
     </span>
    </p>
   </div>
   <div class='ocr_carea' id='block_1_90' title="bbox 156 4791 1280 4877">
    <p class='ocr_par' dir='ltr' id='par_1_90' title="bbox 156 4791 1280 4877">
     <span class='ocr_line' id='line_1_91' title="bbox 156 4791 1280 4877; baseline 0.016 -35"><span class='ocrx_word' id='word_1_662' title='bbox 156 4791 329 4858; x_wconf 80' lang='grc' dir='ltr'>μένου</span> <span class='ocrx_word' id='word_1_663' title='bbox 362 4793 493 4862; x_wconf 81' lang='grc' dir='ltr'>παρ’</span> <span class='ocrx_word' id='word_1_664' title='bbox 519 4796 685 4850; x_wconf 83' lang='grc' dir='ltr'>αὐτοῦ</span> <span class='ocrx_word' id='word_1_665' title='bbox 716 4799 814 4868; x_wconf 79' lang='grc' dir='ltr'>τὴν</span> <span class='ocrx_word' id='word_1_666' title='bbox 841 4800 1084 4856; x_wconf 82' lang='grc' dir='ltr'>δοθεῖσαν</span> <span class='ocrx_word' id='word_1_667' title='bbox 1113 4806 1280 4877; x_wconf 81' lang='grc' dir='ltr'>αὐτῷ.</span> 
     </span>
    </p>
   </div>
   <div class='ocr_carea' id='block_1_91' title="bbox 650 4935 1260 5010">
    <p class='ocr_par' dir='ltr' id='par_1_91' title="bbox 650 4935 1260 5010">
     <span class='ocr_line' id='line_1_92' title="bbox 650 4935 1260 5010; baseline 0.018 -24"><span class='ocrx_word' id='word_1_668' title='bbox 650 4935 806 5002; x_wconf 77' lang='grc' dir='ltr'>Πρὸς</span> <span class='ocrx_word' id='word_1_669' title='bbox 847 4937 1022 4993; x_wconf 84' lang='grc' dir='ltr'>τοῦτο</span> <span class='ocrx_word' id='word_1_670' title='bbox 1061 4943 1260 5010; x_wconf 83' lang='grc' dir='ltr'><strong>λύσις.</strong></span> 
     </span>
    </p>
   </div>
   <div class='ocr_carea' id='block_1_92' title="bbox 226 5063 1747 5159">
    <p class='ocr_par' dir='ltr' id='par_1_92' title="bbox 226 5063 1747 5159">
     <span class='ocr_line' id='line_1_93' title="bbox 226 5063 1747 5159; baseline 0.018 -43"><span class='ocrx_word' id='word_1_671' title='bbox 226 5063 404 5118; x_wconf 81' lang='grc' dir='ltr'>Πάλιν</span> <span class='ocrx_word' id='word_1_672' title='bbox 430 5065 499 5118; x_wconf 75' lang='grc' dir='ltr'><strong>τὰ</strong></span> <span class='ocrx_word' id='word_1_673' title='bbox 528 5068 795 5137; x_wconf 84' lang='grc' dir='ltr'>σωμάτων</span> <span class='ocrx_word' id='word_1_674' title='bbox 835 5070 939 5127; x_wconf 77' lang='grc' dir='ltr'>ἴδια</span> <span class='ocrx_word' id='word_1_675' title='bbox 965 5077 1030 5145; x_wconf 84' lang='grc' dir='ltr'>τῇ</span> <span class='ocrx_word' id='word_1_676' title='bbox 1078 5077 1356 5151; x_wconf 73' lang='grc' dir='ltr'>ἀσωμάτῳ</span> <span class='ocrx_word' id='word_1_677' title='bbox 1386 5083 1546 5152; x_wconf 80' lang='grc' dir='ltr'>φύσει</span> <span class='ocrx_word' id='word_1_678' title='bbox 1600 5105 1747 5159; x_wconf 86' lang='grc' dir='ltr'>περι-</span> 
     </span>
    </p>
   </div>
   <div class='ocr_carea' id='block_1_93' title="bbox 145 5153 1741 5247">
    <p class='ocr_par' dir='ltr' id='par_1_93' title="bbox 145 5153 1741 5247">
     <span class='ocr_line' id='line_1_94' title="bbox 145 5153 1741 5247; baseline 0.016 -40"><span class='ocrx_word' id='word_1_679' title='bbox 145 5153 398 5218; x_wconf 78' lang='grc' dir='ltr'>τιθέντες</span> <span class='ocrx_word' id='word_1_680' title='bbox 422 5156 523 5208; x_wconf 83' lang='grc' dir='ltr'><strong>οὑκ</strong></span> <span class='ocrx_word' id='word_1_681' title='bbox 551 5157 915 5229; x_wconf 73' lang='grc' dir='ltr'>αἰσχύνονται,</span> <span class='ocrx_word' id='word_1_682' title='bbox 967 5168 1270 5236; x_wconf 77' lang='grc' dir='ltr'>μερισμοὺς</span> <span class='ocrx_word' id='word_1_683' title='bbox 1310 5170 1405 5225; x_wconf 77' lang='grc' dir='ltr'>καὶ</span> <span class='ocrx_word' id='word_1_684' title='bbox 1438 5153 1741 5247; x_wconf 61' lang='grc' dir='ltr'>ἀποτομέις,</span> 
     </span>
    </p>
   </div>
   <div class='ocr_carea' id='block_1_94' title="bbox 144 5248 1745 5339">
    <p class='ocr_par' dir='ltr' id='par_1_94' title="bbox 144 5248 1745 5339">
     <span class='ocr_line' id='line_1_95' title="bbox 144 5248 1745 5339; baseline 0.008 -39"><span class='ocrx_word' id='word_1_685' title='bbox 144 5248 471 5311; x_wconf 80' lang='grc' dir='ltr'>διαστάσεις</span> <span class='ocrx_word' id='word_1_686' title='bbox 510 5266 570 5302; x_wconf 87' lang='grc' dir='ltr'><strong>τε</strong></span> <span class='ocrx_word' id='word_1_687' title='bbox 599 5251 693 5303; x_wconf 86' lang='grc' dir='ltr'><strong>καὶ</strong></span> <span class='ocrx_word' id='word_1_688' title='bbox 728 5257 1039 5325; x_wconf 83' lang='grc' dir='ltr'>χωρισμοῦς</span> <span class='ocrx_word' id='word_1_689' title='bbox 1085 5258 1177 5311; x_wconf 70' lang='grc' dir='ltr'><strong>ἐπὶ</strong></span> <span class='ocrx_word' id='word_1_690' title='bbox 1218 5260 1319 5330; x_wconf 78' lang='grc' dir='ltr'>τῆς</span> <span class='ocrx_word' id='word_1_691' title='bbox 1362 5262 1513 5329; x_wconf 78' lang='grc' dir='ltr'>θείας</span> <span class='ocrx_word' id='word_1_692' title='bbox 1561 5270 1745 5339; x_wconf 80' lang='grc' dir='ltr'>εἰσφέ-</span> 
     </span>
    </p>
   </div>
   <div class='ocr_carea' id='block_1_95' title="bbox 150 5339 1741 5427">
    <p class='ocr_par' dir='ltr' id='par_1_95' title="bbox 150 5339 1741 5427">
     <span class='ocr_line' id='line_1_96' title="bbox 150 5339 1741 5427; baseline 0.027 -56"><span class='ocrx_word' id='word_1_693' title='bbox 150 5354 346 5408; x_wconf 66' lang='grc' dir='ltr'>ροντες</span> <span class='ocrx_word' id='word_1_694' title='bbox 382 5339 570 5404; x_wconf 82' lang='grc' dir='ltr'>οὐσίας</span> <span class='ocrx_word' id='word_1_695' title='bbox 612 5341 872 5412; x_wconf 80' lang='grc' dir='ltr'>ἀμαθῶς·</span> <span class='ocrx_word' id='word_1_696' title='bbox 908 5345 1009 5399; x_wconf 81' lang='grc' dir='ltr'>οὐκ</span> <span class='ocrx_word' id='word_1_697' title='bbox 1054 5348 1255 5413; x_wconf 78' lang='grc' dir='ltr'>εἰδότες</span> <span class='ocrx_word' id='word_1_698' title='bbox 1289 5352 1371 5405; x_wconf 85' lang='grc' dir='ltr'>ὃτι</span> <span class='ocrx_word' id='word_1_699' title='bbox 1424 5356 1741 5427; x_wconf 78' lang='grc' dir='ltr'>μερίζεσθαι</span> 
     </span>
    </p>
   </div>
   <div class='ocr_carea' id='block_1_96' title="bbox 150 5428 1741 5522">
    <p class='ocr_par' dir='ltr' id='par_1_96' title="bbox 150 5428 1741 5522">
     <span class='ocr_line' id='line_1_97' title="bbox 150 5428 1741 5522; baseline 0.016 -42"><span class='ocrx_word' id='word_1_700' title='bbox 150 5428 405 5496; x_wconf 69' lang='grc' dir='ltr'>λέγοντες</span> <span class='ocrx_word' id='word_1_701' title='bbox 449 5433 689 5501; x_wconf 87' lang='grc' dir='ltr'>σχήματι</span> <span class='ocrx_word' id='word_1_702' title='bbox 747 5436 1077 5507; x_wconf 84' lang='grc' dir='ltr'>σωματικῷ,</span> <span class='ocrx_word' id='word_1_703' title='bbox 1124 5441 1204 5503; x_wconf 87' lang='grc' dir='ltr'><strong>είς</strong></span> <span class='ocrx_word' id='word_1_704' title='bbox 1241 5442 1340 5512; x_wconf 81' lang='grc' dir='ltr'>τὴν</span> <span class='ocrx_word' id='word_1_705' title='bbox 1386 5446 1480 5498; x_wconf 85' lang='grc' dir='ltr'><strong>τοῦ</strong></span> <span class='ocrx_word' id='word_1_706' title='bbox 1529 5448 1741 5522; x_wconf 58' lang='lat' dir='ltr'><strong>Harpe;</strong></span> 
     </span>
    </p>
   </div>
   <div class='ocr_carea' id='block_1_97' title="bbox 148 5520 1741 5611">
    <p class='ocr_par' dir='ltr' id='par_1_97' title="bbox 148 5520 1741 5611">
     <span class='ocr_line' id='line_1_98' title="bbox 148 5520 1741 5611; baseline 0.014 -38"><span class='ocrx_word' id='word_1_707' title='bbox 148 5520 340 5573; x_wconf 78' lang='grc' dir='ltr'>οὐσίαν</span> <span class='ocrx_word' id='word_1_708' title='bbox 371 5520 693 5577; x_wconf 74' lang='grc' dir='ltr'>δυσσεϐοῦσι</span> <span class='ocrx_word' id='word_1_709' title='bbox 725 5527 995 5594; x_wconf 79' lang='grc' dir='ltr'>μεγάλως,</span> <span class='ocrx_word' id='word_1_710' title='bbox 1027 5529 1353 5598; x_wconf 80' lang='grc' dir='ltr'>ἠλλοιῶσθαι</span> <span class='ocrx_word' id='word_1_711' title='bbox 1382 5537 1475 5590; x_wconf 76' lang='grc' dir='ltr'><strong>καὶ</strong></span> <span class='ocrx_word' id='word_1_712' title='bbox 1508 5520 1741 5611; x_wconf 83' lang='grc' dir='ltr'>παρατε-</span> 
     </span>
    </p>
   </div>
   <div class='ocr_carea' id='block_1_98' title="bbox 150 5612 1738 5705">
    <p class='ocr_par' dir='ltr' id='par_1_98' title="bbox 150 5612 1738 5705">
     <span class='ocr_line' id='line_1_99' title="bbox 150 5612 1738 5705; baseline 0.016 -43"><span class='ocrx_word' id='word_1_713' title='bbox 150 5612 393 5683; x_wconf 73' lang='grc' dir='ltr'>τράφθαι</span> <span class='ocrx_word' id='word_1_714' title='bbox 422 5613 674 5682; x_wconf 81' lang='grc' dir='ltr'>λέγοντες</span> <span class='ocrx_word' id='word_1_715' title='bbox 718 5618 899 5682; x_wconf 73' lang='grc' dir='ltr'>αὑτὸν,</span> <span class='ocrx_word' id='word_1_716' title='bbox 932 5621 1029 5673; x_wconf 72' lang='grc' dir='ltr'><strong>καὶ</strong></span> <span class='ocrx_word' id='word_1_717' title='bbox 1075 5623 1140 5674; x_wconf 81' lang='grc' dir='ltr'>ἐκ</span> <span class='ocrx_word' id='word_1_718' title='bbox 1184 5624 1390 5679; x_wconf 79' lang='grc' dir='ltr'>τελείου</span> <span class='ocrx_word' id='word_1_719' title='bbox 1435 5632 1738 5705; x_wconf 77' lang='grc' dir='ltr'>καταϐεῦη-</span> 
     </span>
    </p>
   </div>
   <div class='ocr_carea' id='block_1_99' title="bbox 153 5703 1735 5790">
    <p class='ocr_par' dir='ltr' id='par_1_99' title="bbox 153 5703 1735 5790">
     <span class='ocr_line' id='line_1_100' title="bbox 153 5703 1735 5790; baseline 0.015 -34"><span class='ocrx_word' id='word_1_720' title='bbox 153 5703 304 5757; x_wconf 67' lang='grc' dir='ltr'>κέναι</span> <span class='ocrx_word' id='word_1_721' title='bbox 341 5706 478 5776; x_wconf 72' lang='grc' dir='ltr'>πρὸς</span> <span class='ocrx_word' id='word_1_722' title='bbox 505 5708 567 5760; x_wconf 62' lang='grc' dir='ltr'><strong>τ’)</strong></span> <span class='ocrx_word' id='word_1_723' title='bbox 604 5709 811 5775; x_wconf 79' lang='grc' dir='ltr'>ἀτελές.</span> <span class='ocrx_word' id='word_1_724' title='bbox 845 5714 905 5765; x_wconf 82' lang='lat' dir='ltr'><strong>Ui</strong></span> <span class='ocrx_word' id='word_1_725' title='bbox 938 5714 1045 5785; x_wconf 77' lang='grc' dir='ltr'><strong>γὰρ</strong></span> <span class='ocrx_word' id='word_1_726' title='bbox 1072 5714 1207 5779; x_wconf 78' lang='grc' dir='ltr'>ὅλως</span> <span class='ocrx_word' id='word_1_727' title='bbox 1244 5716 1601 5790; x_wconf 74' lang='grc' dir='ltr'>ἐκϐεϐηκέναι</span> <span class='ocrx_word' id='word_1_728' title='bbox 1643 5703 1735 5779; x_wconf 78' lang='grc' dir='ltr'><strong>τοῦ</strong></span> 
     </span>
    </p>
   </div>
   <div class='ocr_carea' id='block_1_100' title="bbox 156 5795 1730 5880">
    <p class='ocr_par' dir='ltr' id='par_1_100' title="bbox 156 5795 1730 5880">
     <span class='ocr_line' id='line_1_101' title="bbox 156 5795 1730 5880; baseline 0.016 -33"><span class='ocrx_word' id='word_1_729' title='bbox 156 5795 365 5865; x_wconf 65' lang='grc' dir='ltr'>Ιίατρλις</span> <span class='ocrx_word' id='word_1_730' title='bbox 412 5799 525 5869; x_wconf 70' lang='grc' dir='ltr'><strong>τὴν⁸</strong></span> <span class='ocrx_word' id='word_1_731' title='bbox 550 5801 737 5854; x_wconf 65' lang='grc' dir='ltr'>οὐσίαν</span> <span class='ocrx_word' id='word_1_732' title='bbox 772 5804 1003 5873; x_wconf 60' lang='grc' dir='ltr'>οἰόμενοι</span> <span class='ocrx_word' id='word_1_733' title='bbox 1051 5806 1139 5861; x_wconf 70' lang='grc' dir='ltr'>τὸν</span> <span class='ocrx_word' id='word_1_734' title='bbox 1176 5808 1297 5864; x_wconf 65' lang='grc' dir='ltr'>Υξόν</span> <span class='ocrx_word' id='word_1_735' title='bbox 1344 5810 1641 5880; x_wconf 71' lang='grc' dir='ltr'>διαττατιτυς</span> <span class='ocrx_word' id='word_1_736' title='bbox 1678 5836 1730 5871; x_wconf 73' lang='grc' dir='ltr'><strong>τε</strong></span> 
     </span>
    </p>
   </div>
   <div class='ocr_carea' id='block_1_101' title="bbox 1852 4641 3437 4715">
    <p class='ocr_par' dir='ltr' id='par_1_101' title="bbox 1852 4641 3437 4715">
     <span class='ocr_line' id='line_1_102' title="bbox 1852 4641 3437 4715; baseline 0.013 -23"><span class='ocrx_word' id='word_1_737' title='bbox 1852 4652 1972 4692; x_wconf 87' lang='lat' dir='ltr'><strong>eam</strong></span> <span class='ocrx_word' id='word_1_738' title='bbox 2008 4641 2260 4710; x_wconf 88' lang='lat' dir='ltr'><strong>acquirit,</strong></span> <span class='ocrx_word' id='word_1_739' title='bbox 2296 4657 2418 4697; x_wconf 88' lang='lat' dir='ltr'><strong>cum</strong></span> <span class='ocrx_word' id='word_1_740' title='bbox 2455 4648 2855 4715; x_wconf 85' lang='lat' dir='ltr'><strong>quodammodo</strong></span> <span class='ocrx_word' id='word_1_741' title='bbox 2904 4649 3066 4707; x_wconf 86' lang='lat' dir='ltr'><strong>Pater</strong></span> <span class='ocrx_word' id='word_1_742' title='bbox 3113 4668 3267 4709; x_wconf 87' lang='lat' dir='ltr'><strong>suam</strong></span> <span class='ocrx_word' id='word_1_743' title='bbox 3303 4656 3437 4712; x_wconf 85' lang='lat' dir='ltr'><strong>Filio</strong></span> 
     </span>
    </p>
   </div>
   <div class='ocr_carea' id='block_1_102' title="bbox 1850 4728 3431 4803">
    <p class='ocr_par' dir='ltr' id='par_1_102' title="bbox 1850 4728 3431 4803">
     <span class='ocr_line' id='line_1_103' title="bbox 1850 4728 3431 4803; baseline 0.015 -26"><span class='ocrx_word' id='word_1_744' title='bbox 1850 4728 2193 4783; x_wconf 78' lang='lat' dir='ltr'><strong>commodan</strong></span> <span class='ocrx_word' id='word_1_745' title='bbox 2239 4732 2358 4797; x_wconf 87' lang='lat' dir='ltr'><strong>det;</strong></span> <span class='ocrx_word' id='word_1_746' title='bbox 2400 4732 2622 4802; x_wconf 89' lang='lat' dir='ltr'><strong>ipseque</strong></span> <span class='ocrx_word' id='word_1_747' title='bbox 2669 4752 2857 4794; x_wconf 88' lang='lat' dir='ltr'><strong>rursus</strong></span> <span class='ocrx_word' id='word_1_748' title='bbox 2889 4740 3033 4796; x_wconf 88' lang='lat' dir='ltr'><strong>illam</strong></span> <span class='ocrx_word' id='word_1_749' title='bbox 3070 4742 3139 4797; x_wconf 88' lang='lat' dir='ltr'><strong>ah</strong></span> <span class='ocrx_word' id='word_1_750' title='bbox 3180 4760 3245 4801; x_wconf 83' lang='lat' dir='ltr'><strong>eo</strong></span> <span class='ocrx_word' id='word_1_751' title='bbox 3280 4762 3431 4803; x_wconf 85' lang='lat' dir='ltr'><strong>com-</strong></span> 
     </span>
    </p>
   </div>
   <div class='ocr_carea' id='block_1_103' title="bbox 1852 4817 2900 4890">
    <p class='ocr_par' dir='ltr' id='par_1_103' title="bbox 1852 4817 2900 4890">
     <span class='ocr_line' id='line_1_104' title="bbox 1852 4817 2900 4890; baseline 0.014 -23"><span class='ocrx_word' id='word_1_752' title='bbox 1852 4817 2065 4871; x_wconf 84' lang='lat' dir='ltr'><strong>modato</strong></span> <span class='ocrx_word' id='word_1_753' title='bbox 2099 4819 2349 4889; x_wconf 86' lang='lat' dir='ltr'><strong>accipiat,</strong></span> <span class='ocrx_word' id='word_1_754' title='bbox 2379 4835 2540 4890; x_wconf 85' lang='lat' dir='ltr'><strong>quam</strong></span> <span class='ocrx_word' id='word_1_755' title='bbox 2578 4824 2626 4879; x_wconf 89' lang='lat' dir='ltr'><strong>ei</strong></span> <span class='ocrx_word' id='word_1_756' title='bbox 2659 4824 2900 4882; x_wconf 90' lang='lat' dir='ltr'><strong>dederat.</strong></span> 
     </span>
    </p>
   </div>
   <div class='ocr_carea' id='block_1_104' title="bbox 2355 4954 2927 5029">
    <p class='ocr_par' dir='ltr' id='par_1_104' title="bbox 2355 4954 2927 5029">
     <span class='ocr_line' id='line_1_105' title="bbox 2355 4954 2927 5029; baseline 0.016 -21"><span class='ocrx_word' id='word_1_757' title='bbox 2355 4954 2565 5011; x_wconf 80' lang='lat' dir='ltr'><strong>So‘lulio</strong></span> <span class='ocrx_word' id='word_1_758' title='bbox 2601 4959 2927 5029; x_wconf 74' lang='lat' dir='ltr'><strong>objectionir.</strong></span> 
     </span>
    </p>
   </div>
   <div class='ocr_carea' id='block_1_105' title="bbox 1920 5083 3425 5175">
    <p class='ocr_par' dir='ltr' id='par_1_105' title="bbox 1920 5083 3425 5175">
     <span class='ocr_line' id='line_1_106' title="bbox 1920 5083 3425 5175; baseline 0.019 -39"><span class='ocrx_word' id='word_1_759' title='bbox 1920 5083 2130 5142; x_wconf 81' lang='lat' dir='ltr'><strong>Rursus</strong></span> <span class='ocrx_word' id='word_1_760' title='bbox 2185 5088 2523 5157; x_wconf 88' lang='lat' dir='ltr'><strong>impudenter</strong></span> <span class='ocrx_word' id='word_1_761' title='bbox 2560 5105 2622 5148; x_wconf 89' lang='lat' dir='ltr'><strong>ea</strong></span> <span class='ocrx_word' id='word_1_762' title='bbox 2654 5110 2775 5164; x_wconf 66' lang='lat' dir='ltr'><strong>quae</strong></span> <span class='ocrx_word' id='word_1_763' title='bbox 2832 5101 3155 5170; x_wconf 88' lang='lat' dir='ltr'><strong>corporibus</strong></span> <span class='ocrx_word' id='word_1_764' title='bbox 3209 5109 3425 5175; x_wconf 88' lang='lat' dir='ltr'><strong>propria</strong></span> 
     </span>
    </p>
   </div>
   <div class='ocr_carea' id='block_1_106' title="bbox 1847 5179 3429 5262">
    <p class='ocr_par' dir='ltr' id='par_1_106' title="bbox 1847 5179 3429 5262">
     <span class='ocr_line' id='line_1_107' title="bbox 1847 5179 3429 5262; baseline 0.016 -33"><span class='ocrx_word' id='word_1_765' title='bbox 1847 5186 1994 5259; x_wconf 85' lang='lat' dir='ltr'><strong>sunt,</strong></span> <span class='ocrx_word' id='word_1_766' title='bbox 2035 5179 2368 5249; x_wconf 80' lang='lat' dir='ltr'><strong>incorporea:</strong></span> <span class='ocrx_word' id='word_1_767' title='bbox 2403 5191 2608 5239; x_wconf 73' lang='lat' dir='ltr'><strong>natura:</strong></span> <span class='ocrx_word' id='word_1_768' title='bbox 2639 5188 2937 5257; x_wconf 78' lang='lat' dir='ltr'><strong>ascribunt,</strong></span> <span class='ocrx_word' id='word_1_769' title='bbox 2969 5196 3352 5262; x_wconf 86' lang='lat' dir='ltr'><strong>partitionibus</strong></span> <span class='ocrx_word' id='word_1_770' title='bbox 3375 5211 3429 5257; x_wconf 90' lang='lat' dir='ltr'><strong>et</strong></span> 
     </span>
    </p>
   </div>
   <div class='ocr_carea' id='block_1_107' title="bbox 1848 5254 3426 5349">
    <p class='ocr_par' dir='ltr' id='par_1_107' title="bbox 1848 5254 3426 5349">
     <span class='ocr_line' id='line_1_108' title="bbox 1848 5254 3426 5349; baseline 0.015 -28"><span class='ocrx_word' id='word_1_771' title='bbox 1848 5254 2295 5335; x_wconf 84' lang='lat' dir='ltr'><strong>dissectiouibus,</strong></span> <span class='ocrx_word' id='word_1_772' title='bbox 2325 5271 2624 5330; x_wconf 88' lang='lat' dir='ltr'><strong>intervallis</strong></span> <span class='ocrx_word' id='word_1_773' title='bbox 2649 5286 2703 5332; x_wconf 87' lang='lat' dir='ltr'><strong>et</strong></span> <span class='ocrx_word' id='word_1_774' title='bbox 2726 5283 3164 5349; x_wconf 86' lang='lat' dir='ltr'><strong>scparatiouibus</strong></span> <span class='ocrx_word' id='word_1_775' title='bbox 3188 5287 3426 5345; x_wconf 87' lang='lat' dir='ltr'><strong>divinam</strong></span> 
     </span>
    </p>
   </div>
   <div class='ocr_carea' id='block_1_108' title="bbox 1845 5361 3427 5447">
    <p class='ocr_par' dir='ltr' id='par_1_108' title="bbox 1845 5361 3427 5447">
     <span class='ocr_line' id='line_1_109' title="bbox 1845 5361 3427 5447; baseline 0.015 -33"><span class='ocrx_word' id='word_1_776' title='bbox 1845 5361 2135 5415; x_wconf 73' lang='lat' dir='ltr'><strong>essentiam</strong></span> <span class='ocrx_word' id='word_1_777' title='bbox 2162 5362 2410 5432; x_wconf 89' lang='lat' dir='ltr'><strong>imperite</strong></span> <span class='ocrx_word' id='word_1_778' title='bbox 2432 5378 2758 5435; x_wconf 85' lang='lat' dir='ltr'><strong>ouerautes;</strong></span> <span class='ocrx_word' id='word_1_779' title='bbox 2785 5374 3091 5432; x_wconf 85' lang='lat' dir='ltr'><strong>nescientes</strong></span> <span class='ocrx_word' id='word_1_780' title='bbox 3109 5379 3275 5447; x_wconf 85' lang='lat' dir='ltr'><strong>quod,</strong></span> <span class='ocrx_word' id='word_1_781' title='bbox 3301 5383 3427 5437; x_wconf 89' lang='lat' dir='ltr'><strong>dum</strong></span> 
     </span>
    </p>
   </div>
   <div class='ocr_carea' id='block_1_109' title="bbox 1845 5454 3427 5530">
    <p class='ocr_par' dir='ltr' id='par_1_109' title="bbox 1845 5454 3427 5530">
     <span class='ocr_line' id='line_1_110' title="bbox 1845 5454 3427 5530; baseline 0.016 -26"><span class='ocrx_word' id='word_1_782' title='bbox 1845 5466 2106 5521; x_wconf 83' lang='lat' dir='ltr'><strong>corporea</strong></span> <span class='ocrx_word' id='word_1_783' title='bbox 2142 5454 2310 5523; x_wconf 82' lang='lat' dir='ltr'><strong>ﬁgura</strong></span> <span class='ocrx_word' id='word_1_784' title='bbox 2341 5461 2584 5527; x_wconf 85' lang='lat' dir='ltr'><strong>separari</strong></span> <span class='ocrx_word' id='word_1_785' title='bbox 2620 5462 2827 5530; x_wconf 87' lang='lat' dir='ltr'><strong>dicunt,</strong></span> <span class='ocrx_word' id='word_1_786' title='bbox 2857 5468 3205 5526; x_wconf 78' lang='lat' dir='ltr'><strong>vehementer</strong></span> <span class='ocrx_word' id='word_1_787' title='bbox 3236 5470 3288 5527; x_wconf 80' lang='lat' dir='ltr'><strong>in</strong></span> <span class='ocrx_word' id='word_1_788' title='bbox 3318 5473 3427 5530; x_wconf 79' lang='lat' dir='ltr'><strong>Pa-</strong></span> 
     </span>
    </p>
   </div>
   <div class='ocr_carea' id='block_1_110' title="bbox 1846 5544 3427 5623">
    <p class='ocr_par' dir='ltr' id='par_1_110' title="bbox 1846 5544 3427 5623">
     <span class='ocr_line' id='line_1_111' title="bbox 1846 5544 3427 5623; baseline 0.016 -28"><span class='ocrx_word' id='word_1_789' title='bbox 1846 5544 1942 5597; x_wconf 84' lang='lat' dir='ltr'><strong>tris</strong></span> <span class='ocrx_word' id='word_1_790' title='bbox 1999 5546 2288 5599; x_wconf 90' lang='lat' dir='ltr'><strong>essentiam</strong></span> <span class='ocrx_word' id='word_1_791' title='bbox 2340 5548 2639 5617; x_wconf 87' lang='lat' dir='ltr'><strong>blasphemi</strong></span> <span class='ocrx_word' id='word_1_792' title='bbox 2698 5566 2845 5623; x_wconf 81' lang='lat' dir='ltr'><strong>sunt,</strong></span> <span class='ocrx_word' id='word_1_793' title='bbox 2908 5561 3195 5617; x_wconf 86' lang='lat' dir='ltr'><strong>alteratnm</strong></span> <span class='ocrx_word' id='word_1_794' title='bbox 3249 5576 3427 5621; x_wconf 87' lang='lat' dir='ltr'><strong>muta-</strong></span> 
     </span>
    </p>
   </div>
   <div class='ocr_carea' id='block_1_111' title="bbox 1846 5640 3423 5723">
    <p class='ocr_par' dir='ltr' id='par_1_111' title="bbox 1846 5640 3423 5723">
     <span class='ocr_line' id='line_1_112' title="bbox 1846 5640 3423 5723; baseline 0.016 -36"><span class='ocrx_word' id='word_1_795' title='bbox 1846 5644 2066 5704; x_wconf 87' lang='lat' dir='ltr'><strong>tumque</strong></span> <span class='ocrx_word' id='word_1_796' title='bbox 2100 5652 2220 5693; x_wconf 88' lang='lat' dir='ltr'><strong>esse</strong></span> <span class='ocrx_word' id='word_1_797' title='bbox 2242 5640 2506 5707; x_wconf 74' lang='lat' dir='ltr'><strong>dicentes,</strong></span> <span class='ocrx_word' id='word_1_798' title='bbox 2534 5653 2589 5697; x_wconf 87' lang='lat' dir='ltr'><strong>et</strong></span> <span class='ocrx_word' id='word_1_799' title='bbox 2619 5661 2647 5697; x_wconf 85' lang='lat' dir='ltr'><strong>a</strong></span> <span class='ocrx_word' id='word_1_800' title='bbox 2682 5648 2926 5715; x_wconf 82' lang='lat' dir='ltr'><strong>perfecto</strong></span> <span class='ocrx_word' id='word_1_801' title='bbox 2951 5652 3015 5705; x_wconf 86' lang='lat' dir='ltr'><strong>ad</strong></span> <span class='ocrx_word' id='word_1_802' title='bbox 3048 5655 3423 5723; x_wconf 82' lang='lat' dir='ltr'><strong>imperfectum</strong></span> 
     </span>
    </p>
   </div>
   <div class='ocr_carea' id='block_1_112' title="bbox 1843 5729 3423 5813">
    <p class='ocr_par' dir='ltr' id='par_1_112' title="bbox 1843 5729 3423 5813">
     <span class='ocr_line' id='line_1_113' title="bbox 1843 5729 3423 5813; baseline 0.018 -36"><span class='ocrx_word' id='word_1_803' title='bbox 1843 5729 2140 5784; x_wconf 84' lang='lat' dir='ltr'><strong>redactum.</strong></span> <span class='ocrx_word' id='word_1_804' title='bbox 2197 5730 2297 5797; x_wconf 86' lang='lat' dir='ltr'><strong>Qui</strong></span> <span class='ocrx_word' id='word_1_805' title='bbox 2345 5733 2487 5787; x_wconf 88' lang='lat' dir='ltr'><strong>enim</strong></span> <span class='ocrx_word' id='word_1_806' title='bbox 2534 5735 2586 5788; x_wconf 90' lang='lat' dir='ltr'><strong>in</strong></span> <span class='ocrx_word' id='word_1_807' title='bbox 2624 5739 2937 5796; x_wconf 85' lang='lat' dir='ltr'><strong>universum</strong></span> <span class='ocrx_word' id='word_1_808' title='bbox 2991 5760 3269 5813; x_wconf 79' lang='lat' dir='ltr'><strong>egressum</strong></span> <span class='ocrx_word' id='word_1_809' title='bbox 3304 5764 3423 5807; x_wconf 82' lang='lat' dir='ltr'><strong>esse</strong></span> 
     </span>
    </p>
   </div>
   <div class='ocr_carea' id='block_1_113' title="bbox 1840 5816 3418 5899">
    <p class='ocr_par' dir='ltr' id='par_1_113' title="bbox 1840 5816 3418 5899">
     <span class='ocr_line' id='line_1_114' title="bbox 1840 5816 3418 5899; baseline 0.017 -26"><span class='ocrx_word' id='word_1_810' title='bbox 1840 5816 2033 5873; x_wconf 74' lang='lat' dir='ltr'><strong>Filium</strong></span> <span class='ocrx_word' id='word_1_811' title='bbox 2068 5826 2357 5877; x_wconf 68' lang='lat' dir='ltr'><strong>essentiam</strong></span> <span class='ocrx_word' id='word_1_812' title='bbox 2392 5823 2567 5891; x_wconf 62' lang='lat' dir='ltr'><strong>Patris</strong></span> <span class='ocrx_word' id='word_1_813' title='bbox 2600 5832 2921 5887; x_wconf 70' lang='lat' dir='ltr'><strong>existimant</strong></span> <span class='ocrx_word' id='word_1_814' title='bbox 2962 5837 3191 5891; x_wconf 73' lang='lat' dir='ltr'><strong>scut-sim</strong></span> <span class='ocrx_word' id='word_1_815' title='bbox 3231 5856 3292 5895; x_wconf 85' lang='lat' dir='ltr'><strong>ac</strong></span> <span class='ocrx_word' id='word_1_816' title='bbox 3330 5856 3418 5899; x_wconf 64' lang='lat' dir='ltr'><strong>se-</strong></span> 
     </span>
    </p>
   </div>
  </div>
