4048 6420
597 378 665 432 83
1576 370 1633 421 S.
1676 366 1951 422 (lYlilLLl
1990 362 2457 418 ALEXANDBINI
2498 364 2811 420 ARCIIIEP.
3760 351 3823 406 Μ

589 490 842 561 paratim,
878 496 1036 557 atque
1086 486 1204 540 ideo
1238 484 1402 538 divisa
1454 498 1573 538 esse
1633 484 1813 536 omnia
1858 496 1977 551 qum
2034 480 2148 549 ejus

2281 484 2343 534 αὶ
2388 481 2836 552 κεχωρισμένως.
2878 479 2966 532 καὶ
3007 478 3092 531 διὰ
3136 475 3290 528 τοῦτο
3324 473 3629 542 φάσκοντες
3672 486 3825 539 μεμε-

591 592 714 636 sunt
747 579 1097 639 contendunt,
1144 586 1197 630 et
1228 576 1293 628 ad
1346 575 1622 628 dimidium
1658 574 1840 641 gloria:
1869 571 2144 625 redactum

593 689 712 728 esse
741 674 926 727 dicunt
956 669 1095 740 quod
1121 668 1285 722 altera
1306 667 1563 721 medietas
1592 666 1644 718 in
1670 664 1860 718 Filium
1889 665 2147 718 translata

590 766 685 827 sit,
708 778 814 817 non
841 763 1144 828 intelligunt
1174 761 1226 813 in
1263 769 1515 827 quantam
1547 758 1933 811 absunlitatem
1971 756 2149 825 prola-

593 857 805 908 bantur.
846 854 901 907 Si
952 852 1190 920 quidem,
1225 859 1279 902 ut
1321 849 1419 918 ipsi
1475 848 1681 911 volunt,
1732 862 1850 900 cum
1902 848 2050 915 prius
2096 846 2150 899 in

594 946 796 998 unitate
826 943 1149 997 constitutus
1196 949 1360 1002 esset,
1404 940 1560 992 Pater
1589 938 1802 991 creandi
1842 936 2150 991 facultatem

595 1035 801 1089 habens
856 1034 907 1086 in
954 1048 1011 1087 se
1057 1033 1173 1102 ipso
1212 1030 1461 1099 produxit
1491 1026 1717 1092 Filium,
1746 1037 1801 1080 et
1847 1042 1941 1095 per
1980 1029 2151 1093 ipsum

595 1134 786 1179 cuncta
844 1133 1025 1189 creat,
1073 1105 1393 1191 onmemque
1441 1120 1658 1175 creandi
1712 1127 2032 1187 potestatem
2087 1132 2153 1171 ex

595 1216 828 1272 essentia
864 1230 957 1269 sua
991 1216 1221 1278 dimisit,
1252 1222 1306 1268 et
1346 1213 1485 1281 quod
1516 1220 1673 1264 antea
1712 1224 1813 1263 non
1844 1218 1981 1275 erat,
2016 1217 2156 1277 post-

598 1307 815 1361 modmn
848 1306 1021 1359 factus
1061 1314 1161 1369 est,
1191 1318 1384 1372 expers
1419 1302 1670 1355 nimirum
1702 1299 1951 1354 creativzn
1986 1297 2156 1350 virtu-

2254 576 2436 646 ρίσθαι
2467 576 2643 627 πάντα
2671 573 2738 626 τά
2770 571 2955 635 αὑτοῦ,
3005 572 3099 622 καὶ
3142 571 3220 631 είς
3247 568 3419 637 ήμισυ
3471 564 3631 631 δόξης
3681 560 3826 614 αὑτὸν

2253 665 2427 718 ὲλθεῖν
2474 663 2560 717 διὰ
2599 663 2658 715 τὸ
2714 661 2999 731 βεδηκὲναι
3057 658 3121 710 τὸ
3165 657 3350 708 λεῖπον
3401 655 3485 715 είς
3540 652 3633 703 τὸν
3678 650 3823 707 Υίδν,

2254 756 2537 823 ἀγνοοῦσιν
2584 754 2681 823 οἴῳ
2725 754 3145 822 περιπίπτουσιν
3180 748 3519 813 ἁτοπήματι.
3554 744 3693 811 ’Λρα
3729 738 3827 808 γὰρ

2255 850 2573 919 ἐπειδήπερ,
2604 847 2679 909 ὡς
2713 844 2863 899 αὐτοί
2906 860 3090 911 φασιν,
3130 842 3189 893 ἐν
3236 838 3424 910 μονάδι
3474 835 3736 907 πρότερον
3762 829 3827 882 ὢν

2254 942 2282 993 6
2326 940 2536 1009 Πατὴρ,
2586 936 2680 990 καὶ
2732 936 2829 1005 τὴν
2866 931 3263 1003 δημιουργικὴν
3313 928 3550 995 δύναμιν
3604 924 3735 991 ἔχων
3778 923 3827 971 ὲν

2256 1029 2453 1098 ἐαυτῷ,
2496 1026 2824 1099 προεϐάλετο
2856 1025 2946 1077 τὸν
3001 1023 3149 1085 Υίὸν,
3201 1020 3294 1072 καὶ
3338 1018 3405 1070 δι’
3449 1014 3619 1068 αὑτοῦ
3666 1012 3830 1063 πάντα

2256 1122 2597 1191 δημιουργεῖ,
2638 1118 2742 1185 ἔξω
2778 1119 2875 1187 τῆς
2912 1115 3098 1177 οὐσίας
3124 1114 3222 1183 τῆς
3260 1110 3458 1164 ἑαυτοῦ
3496 1109 3599 1177 τὴν
3634 1108 3721 1158 ἐπὶ
3761 1102 3830 1173 τῷ

2257 1209 2512 1263 δύνασθαι
2559 1210 2910 1279 δημιουργεῖν
2969 1202 3181 1273 ἔπεμψε
3230 1200 3503 1269 δύναμιν,
3549 1198 3645 1248 καὶ⁵
3689 1194 3716 1246 6
3764 1194 3829 1262 μὴ

2258 1302 2521 1372 πρότερον
2552 1295 2640 1371 ἦν,
2677 1298 2833 1350 τοῦτο
2868 1297 3087 1364 γέγονεν
3129 1294 3374 1360 ὕστερον,
3405 1288 3617 1360 ἔρημός
3649 1302 3705 1337 τε
3746 1283 3830 1337 νῦν

599 1398 668 1450 tis
701 1416 714 1450 :
752 1400 844 1451 sed
880 1397 981 1449 hoc
1014 1396 1094 1449 vel
1139 1396 1404 1465 cogitare,
1448 1394 1528 1447 vel
1559 1394 1737 1447 dicere
1770 1400 2013 1444 extreme
2053 1390 2155 1443 im-

2281 1409 2407 1445 ιστιν
2460 1389 2641 1458 ίσχύος
2676 1385 3105 1458 δημιουργικῆς·
3158 1380 3291 1434 ἀλλὰ
3343 1379 3504 1431 τοῦτο
3556 1373 3833 1465 φρονεῖνλῆ

597 1488 741 1556 pium
784 1496 863 1541 est
894 1505 909 1541 :
945 1485 1051 1557 50
1086 1504 1104 1537 ι
1130 1462 1289 1539 Pater
1330 1485 1471 1539 enim
1526 1484 1821 1553 usquedum
1882 1492 2159 1552 operatur,

2281 1484 2440 1551 λέγειν
2464 1483 2701 1551 ἄμετρον
2729 1478 2839 1548 ἔχει
2870 1477 2967 1546 τὴν
2998 1472 3315 1528 δυσσέϐειαν
3336 1488 3347 1497 ·
3380 1488 3397 1520 ι
3444 1470 3505 1521 ’0
3525 1466 3715 1536 Πατὴρ
3736 1462 3835 1531 γάρ

598 1554 655 1634 et
694 1594 792 1650 ego
820 1554 1034 1648 operor,
1064 1598 1083 1630 ι
1123 1578 1295 1646 inquit
1332 1577 1578 1631 Christus
1602 1577 1668 1630 ".
1699 1576 2159 1641 Quemadmodum

2281 1578 2363 1638 ὶως
2411 1574 2535 1644 ἄρτι
2593 1569 2915 1641 ἐργάζεται,
2969 1566 3124 1632 κάγὼ
3176 1563 3512 1650 ἐργάζομαι,
3534 1577 3578 1650 ζ
3612 1557 3769 1650 φησιν

602 1671 763 1740 igitur
794 1670 1027 1724 creativa
1059 1642 1283 1722 facultas
1313 1666 1490 1721 Patris
1520 1683 1625 1721 non
1660 1678 1742 1721 est
1770 1667 1961 1733 divisa,
1991 1680 2162 1734 neque

2281 1642 2516 1733 Ιίριστός.
2543 1660 2752 1727 Ὠσπερ
2795 1652 2887 1709 οὖν
2926 1656 2987 1707 οὐ
3025 1654 3351 1723 μεμέρισται
3385 1648 3481 1701 τοῦ
3533 1645 3744 1714 Πατρδς
3782 1642 3838 1740 τὸ

602 1759 915 1829 imperfecta
945 1769 1027 1813 est
1050 1760 1098 1812 iu
1132 1758 1246 1827 ejus
1273 1760 1531 1820 essentia,
1560 1757 1786 1812 habente
1814 1731 1975 1810 etiam
2018 1731 2160 1809 illam

2281 1748 2798 1821 5ημιουργικδν,οὑὸὲ
2821 1745 3014 1814 ἀτελής
3042 1746 3156 1795 ἔστι
3188 1740 3281 1794 νῦν
3303 1741 3360 1791 ἐν
3387 1741 3455 1808 τῇ
3480 1738 3641 1805 οὐσίᾳ
3662 1731 3838 1793 αὑτοῦ,

602 1850 838 1919 perfecte
863 1850 1039 1904 Filio:
1072 1854 1143 1903 ita
1183 1849 1345 1902 etiam
1391 1846 1684 1916 perfectam
1722 1847 1877 1900 habet
1915 1845 2161 1913 gloriam,

2281 1846 2479 1915 ἔχοντος
2502 1839 2718 1902 τελείως
2744 1838 2903 1891 τοῦτο
2925 1835 3018 1889 καὶ
3044 1832 3137 1885 τοῦ
3168 1831 3319 1895 Υἰοῦ,
3346 1830 3489 1882 οὕτω
3513 1828 3611 1880 καὶ
3641 1822 3839 1878 τελείαν

602 1958 723 1996 eum
748 1942 1016 2011 perfectus
1052 1943 1215 1995 etiam
1252 1942 1304 1994 in
1340 1940 1507 2008 gloria
1541 1941 1611 1995 sit
1641 1938 1831 1991 Filius.
1856 1938 1989 1991 Cum
2019 1938 2164 1991 enim

2281 1913 2383 2007 ἔχει
2416 1937 2511 2006 τὴν
2538 1932 2715 1997 δόξαν,
2742 1930 2953 1999 ἔχοντος
2980 1926 3141 1979 πάλιν
3160 1923 3253 1976 τοῦ
3281 1922 3412 1975 Υἱοῦ
3440 1922 3532 1972 καὶ
3559 1921 3615 1971 ὲν
3785 1913 3842 1966 τδ

604 2032 793 2086 similis
825 2047 919 2099 per
946 2032 1123 2085 omnia
1170 2032 1240 2085 sit
1285 2030 1526 2085 Geuitori
1570 2045 1697 2091 suo,
1729 2030 1849 2083 ideo
1876 2027 2165 2096 perfectam

2281 2030 2502 2081 τέλειον.
2527 2025 2749 2093 Ὀμοιος
2782 2021 2890 2087 γὰρ
2918 2017 2992 2071 ὣν
3026 2016 3167 2069 κατὰ
3191 2015 3367 2067 πάντα
3389 2012 3464 2082 τῷ
3498 2010 3843 2079 γεννήσαντι,

606 2122 764 2174 etiam
798 2123 955 2175 liabet
982 2121 1225 2189 gloriam,
1285 2120 1551 2188 siquidem
1581 2135 1643 2174 ex
1674 2119 1832 2173 Patre
1877 2117 2166 2187 perfectam

2281 2121 2358 2174 διὰ
2391 2118 2547 2170 τοῦτο
2583 2113 2788 2167 τελείαν
2832 2110 2942 2179 ἔχει
2983 2110 3082 2177 τὴν
3118 2106 3294 2171 δόξαν,
3328 2103 3631 2171 ἐπειδήπερ
3673 2100 3737 2152 ἐκ
3766 2114 3842 2152 τε·

608 2212 831 2280 gloriam
857 2212 1087 2266 habente
1108 2213 1321 2281 genitus
1355 2220 1459 2266 est.

949 2360 1519 2450 ASSERTWO
1601 2363 1821 2450 VlL

610 2511 865 2562 Adversus
913 2523 1000 2560 eos
1048 2508 1137 2575 qui
1184 2506 1473 2575 objiciunt:
1505 2506 1692 2560 Utrum
1743 2507 1903 2560 I’ater
1956 2506 2170 2574 fortuito

725 2578 895 2647 genuit
927 2575 1149 2641 Filium,
1180 2593 1246 2627 an
1280 2578 1537 2629 voluntate
1566 2594 1659 2629 sua
1693 2581 2010 2645 praecedente
2030 2577 2056 2626 .’

1006 2688 1356 2758 Interrogatio
1393 2690 1777 2744 Itwreticorum.

681 2799 942 2862 Fortuita,
990 2800 1257 2868 inquiunt,
1310 2810 1363 2855 et
1414 2801 1804 2856 inconsiderate
1849 2804 2030 2872 genuit
2082 2812 2175 2855 aut

616 2893 741 2945 fecit
773 2890 965 2945 Filium
994 2890 1179 2957 Pater,
1210 2901 1301 2945 aut
1335 2892 1607 2948 voluntate
1642 2909 1736 2948 sua
1774 2894 2177 2949 intercedente?

616 2982 773 3050 Atqui
803 2983 845 3035 si
891 2982 1112 3037 fortuito
1137 2984 1342 3050 genuit,
1378 2998 1567 3052 passus
1615 2996 1697 3039 est
1740 2985 1940 3054 aliquid
1984 2996 2178 3052 prmter

615 3072 974 3137 voluntatem;
1011 3072 1056 3127 si
1085 3083 1260 3126 autem
1294 3072 1495 3139 volens,
1533 3083 1585 3127 et
1628 3090 1850 3129 necesse
1890 3076 1960 3128 sit
1998 3075 2174 3129 consi-

2271 2213 2419 2265 λείαν
2449 2210 2661 2279 ἔχοντος
2686 2204 2843 2267 δόξαν
2872 2199 3134 2269 ἐγεννήθη
3163 2199 3425 2265 Πατρός..

2776 2341 3140 2430 ΛΟΓΟΣ
3228 2336 3334 2431 Ζ.

2276 2507 2427 2574 Πρός
2465 2504 2603 2568 τοὺς
2640 2503 3057 2574 προτείνοντας
3096 2500 3179 2574 τό·
3227 2489 3666 2574 Ἀξουῆήῖωςιῆ
3708 2484 3846 2541 κατὰ

2428 2558 2737 2639 ,βούλησῖν
2767 2558 3055 2639 ἐγέννησε
3088 2568 3194 2620 τὸν
3229 2564 3365 2617 Υίὺγ
3398 2565 3429 2615 ό
3462 2558 3690 2626 natm-,-

2552 2686 2865 2754 Ἐρώτησις
2897 2684 2973 2747 ὡς
3003 2681 3071 2734 ἐκ
3102 2678 3219 2731 τῶν
3253 2672 3587 2745 αίρετικῶγ.

3619 2299 3641 2349 \

2360 2798 2693 2868 ’Λδουλήτως
2726 2798 2850 2867 ἄρα,
2898 2796 3060 2864 φασὶ,
3092 2794 3187 2845 καὶ
3235 2790 3522 2851 ἀσκέπτως
3565 2786 3850 2853 ἐγέννησεν

2280 2890 2395 2957 ήτοι
2442 2887 2709 2955 πεποίηκε
2739 2885 2826 2937 τὸν
2876 2884 3004 2936 Υἱὸν
3048 2885 3075 2935 6
3108 2881 3316 2950 Πατὴρ,
3358 2880 3392 2948 ἢ
3426 2875 3567 2930 κατὰ
3602 2874 3852 2945 βούλησιν

2281 2979 2522 3041 οίκείαν;
2578 2977 2641 3030 Εἰ
2697 2976 2795 3045 μὲν
2828 2972 2919 3028 οὖν
2956 2974 3268 3042 ἀϐουλήτως
3330 2969 3621 3039 ἐγέννησεν
3671 2964 3851 3024 αὐτὸν.

2282 3068 2518 3121 πέπονθὲ
2548 3084 2599 3118 τι
2630 3067 2737 3119 τῶν
2773 3065 2921 3137 παρὰ
2950 3064 3195 3133 γνώμην·
3238 3063 3285 3114 εἰ
3314 3060 3371 3112 δὲ
3409 3058 3547 3113 κατὰ
3580 3056 3850 3126 βούλησιν,

615 3160 947 3213 derationem
985 3162 1050 3214 de
1096 3162 1271 3229 aliqua
1305 3178 1361 3216 re
1406 3164 1636 3231 priorem
1684 3179 1803 3219 esse
1854 3180 2010 3232 quam
2061 3166 2173 3234 ipsa

2282 3159 2654 3229 προϋπάρχειν
2682 3158 2736 3209 δὲ
2765 3156 2873 3209 τῶν
2903 3154 3203 3223 γινομένων
3230 3152 3444 3219 ἀνάγκη
3476 3149 3573 3218 τὴν
3607 3146 3739 3217 περὶ
3768 3142 3855 3197 αὺ-

618 3252 737 3315 tiat,
768 3252 911 3319 prior
962 3252 1140 3320 itaque
1188 3254 1284 3306 fuit
1335 3253 1493 3307 Pater
1538 3254 1695 3321 Filio,
1753 3271 1875 3309 cum
1938 3255 2180 3311 voluntas

620 3346 1020 3412 generationem
1052 3346 1407 3413 przecesserit.

1253 3449 1548 3519 Refutatt'o.

692 3561 863 3626 Unde,
895 3564 1141 3629 obsecro,
1178 3565 1320 3619 hunc
1370 3566 1618 3633 loquendi
1651 3582 1850 3622 morem
1894 3570 2182 3640 accepistis

621 3649 917 3715 dementes,
956 3657 1094 3722 quod
1127 3664 1220 3709 aut
1243 3671 1307 3709 ex
1341 3672 1432 3709 sua
1466 3660 1736 3713 voluntate
1764 3669 1854 3712 aut
1877 3660 2009 3715 citra
2030 3675 2181 3715 suam

621 3740 950 3797 voluntatem
979 3747 1225 3813 genuerit
1272 3746 1497 3811 Filium;
1530 3757 1621 3801 aut
1664 3764 1727 3802 ex
1756 3766 1860 3817 quo
1893 3751 2184 3817 Scriptura:

624 3830 743 3891 loco
800 3836 1167 3905 hnjnscemodi
1218 3838 1540 3905 quaestiones
1601 3841 1841 3908 proferre
1886 3841 2185 3897 didicistis?

626 3934 757 4001 Quis
794 3948 920 3988 vero
953 3942 1259 3986 sanctorum
1301 3931 1455 3998 dixit,
1487 3941 1581 3985 aut
1630 3948 1694 3985 ex
1748 3933 2039 3997 voluntate,
2098 3944 2187 3988 aut

627 4026 765 4078 citra
793 4022 1146 4086 voluntatem,
1174 4021 1365 4074 Filium
1401 4037 1465 4075 ex
1495 4021 1651 4076 Patre
1696 4025 2057 4091 processisse?
2084 4028 2189 4081 Aut

625 4114 745 4184 quis
788 4112 1089 4182 ltujusmodi
1123 4112 1395 4166 vocabulis
1426 4122 1507 4165 est
1554 4115 1727 4167 usus?
1772 4114 1921 4180 Quod
1974 4117 2187 4184 quidem

628 4216 745 4259 erat
772 4217 825 4259 et
850 4214 930 4258 est
968 4205 1056 4257 Dei
1100 4202 1351 4269 Verbum,
1383 4218 1445 4256 ex
1490 4219 1639 4258 saera
1673 4204 1953 4274 Scriptura
1992 4223 2191 4276 cogno-

630 4296 849 4351 Scimus.
890 4293 1019 4345 Illud
1047 4308 1192 4354 vero,
1228 4294 1359 4345 citra
1403 4297 1729 4347 voluntatem
1761 4306 1851 4347 aut
1882 4304 2090 4357 contra,
2125 4312 2187 4349 ex

631 4384 783 4437 vobis
831 4382 960 4437 solis
990 4382 1311 4435 audivimus.
1354 4380 1600 4435 Ostendit
1637 4384 1775 4436 enim
1808 4384 1998 4437 Filium
2033 4385 2189 4438 Pater

2280 3250 2386 3301 τῶν
2430 3250 2641 3316 σκέψιν,
2676 3247 2849 3315 προῆν
2883 3247 2989 3316 ἄρα
3029 3244 3121 3297 τοῦ
3162 3242 3295 3295 Υίοῦ
3320 3242 3348 3293 6
3384 3240 3591 3307 Πατὴρ,
3632 3234 3854 3305 μεσολαη

2283 3340 2479 3410 εούσης
2514 3339 2611 3409 τὴν
2639 3338 2890 3409 γέννησιν
2919 3337 3015 3405 τῆς
3047 3334 3175 3402 περὶ
3204 3332 3370 3385 αὑτοῦ
3400 3330 3733 3399 βουλήσεως.

2715 3449 3020 3519 Ἀπολογία
3056 3447 3204 3515 πρὸς
3235 3445 3429 3499 τοῦτο.

2357 3564 2522 3619 Πόθεν
2568 3566 2743 3635 ὑμεῖς,
2787 3557 2832 3616 ὦ
2860 3557 3036 3624 οὗτοι,
3084 3528 3224 3613 κέτά
3263 3557 3515 3628 βούλησιν
3554 3555 3587 3625 ἢ
3629 3552 3855 3622 ἀδουλήο

2282 3676 2388 3721 τως
2418 3654 2773 3724 γεγεννῆσθαι
2807 3653 2983 3720 λέγειν
3011 3651 3100 3703 τὸν
3132 3650 3278 3713 Υίδν,
3309 3649 3343 3719 ἢ
3381 3650 3472 3700 καὶ
3503 3646 3637 3707 ὅλως
3681 3641 3857 3705 τοιαῦτ

2284 3767 2381 3811 τας
2414 3751 2525 3809 τοῖς
2558 3745 2941 3813 ἐντυγχάνουσι
2992 3742 3090 3806 τὰς
3125 3741 3344 3803 πεύσεις
3390 3738 3711 3809 προσάγειν,
3756 3733 3859 3787 ἀπὸ

2289 3839 2445 3901 ποίας
2483 3837 2639 3889 τοῦτο
2672 3835 3024 3905 μεμαθήκατε
3058 3831 3305 3902 Γραφῆς;
3341 3829 3437 3892 Τίς
3460 3828 3516 3880 δὲ
3554 3827 3661 3879 τῶν
3691 3825 3859 3891 ἁγίων

2288 3931 2319 4000 ἢ
2348 3929 2487 3983 κατὰ
2532 3928 2781 3998 βούλησιν
2812 3928 2843 3997 ἢ
2877 3924 3188 3993 ἀϐουλήτως
3231 3921 3392 3975 αὑτὸν
3436 3920 3634 3987 ἔφησεν
3665 3919 3731 3969 ἐκ
3770 3914 3859 3968 τοῦ

2290 4021 2498 4091 Πατρὸς
2536 4018 2850 4088 προελθεῖν;
2899 4016 3058 4085 Παρὰ
3094 4016 3197 4066 τίνι
3227 4013 3281 4065 δὲ
3315 4012 3626 4080 ὠνόμασται
3658 4006 3727 4059 τὰ
3756 4021 3862 4057 τοι·

2288 4113 2423 4165 αὕτα
2453 4114 2704 4183 ρήματα;
2731 4110 2852 4162 Ὅτι
2886 4109 2981 4177 μὲν
3010 4106 3117 4177 γὰρ
3146 4101 3212 4175 ἦν
3243 4104 3336 4156 καὶ
3366 4103 3512 4154 ἔστιν
3544 4103 3571 4153 6
3600 4098 3694 4151 τοῦ
3727 4093 3861 4149 Θεοῦ

2291 4204 2479 4269 Λόγος,
2510 4203 2752 4272 ἔγνωμεν
2786 4200 2892 4253 άπὸ
2918 4200 3015 4268 τῆς
3042 4198 3189 4260 θείας
3224 4195 3464 4265 Γραφῖκ.
3494 4192 3567 4245 T6
3596 4192 3671 4257 δὲ,
3701 4189 3862 4243 ἀδου-

2290 4297 2466 4367 λήτως
2503 4295 2535 4365 ἢ
2580 4294 2685 4364 μὴ,
2724 4294 2874 4364 παρὰ
2912 4292 3085 4363 μόνων
3136 4288 3288 4359 ὑμῶν
3335 4286 3666 4357 ἠκούσαμεν.
3708 4283 3862 4334 Ἀπο-

2293 4388 2552 4441 καλύπτει
2595 4386 2691 4454 μὲν
2718 4386 2824 4453 γὰρ
2849 4385 2938 4437 τὸν
2966 4384 3091 4436 Υίδν
3116 4384 3143 4434 6
3178 4380 3364 4449 Πατὴρ
3401 4378 3460 4443 ἐξ
3488 4374 3743 4447 οὐρανοῦ,
3772 4371 3862 4427 καί

630 4489 695 4530 ex
732 4474 865 4528 coelo
890 4474 1108 4526 dicens:
1140 4492 1156 4523 ‹
1190 4473 1283 4527 llic
1316 4484 1397 4526 est
1430 4472 1594 4527 Filius
1629 4489 1779 4528 meus
1812 4476 2037 4531 dilectus
2063 4479 2128 4543 “;
2167 4498 2177 4529 ι

2296 4472 2457 4549 φησιν
2478 4494 2489 4507 ·
2533 4494 2551 4527 ι
2578 4471 2744 4536 Οὗτός
2778 4475 2923 4524 ἐστιν
2956 4473 2983 4523 6
3016 4471 3141 4531 Υἱός
3175 4486 3273 4539 μου
3302 4470 3329 4520 6
3361 4467 3677 4535 ἀγαπητός·
3714 4482 3733 4513 ›
3774 4460 3864 4514 καὶ

631 4575 685 4619 et
721 4579 815 4632 per
846 4564 1008 4616 David
1039 4580 1053 4617 ;
1090 4580 1107 4612 ι
1142 4563 1417 4617 Eructavit
1447 4580 1540 4617 cor
1581 4580 1753 4619 meum
1810 4564 2041 4621 Verbum
2096 4567 2191 4621 bo-

634 4670 758 4708 num
792 4655 869 4720 ‘7;
909 4673 926 4705 ι
973 4662 1027 4708 et;
1070 4654 1497 4722 sapientissimus
1538 4654 1815 4711 Joannes.
1857 4675 1875 4706 ι
1912 4657 1963 4711 ln
2000 4659 2195 4727 princi-

637 4747 744 4812 pio,
796 4746 989 4814 inquit,
1040 4755 1156 4799 erat
1208 4746 1465 4811 Verbum,
1518 4760 1572 4798 et
1623 4746 1852 4801 Verbum
1895 4759 2010 4802 erat
2056 4752 2193 4818 apud

639 4837 824 4899 Deum,
854 4843 909 4889 et
940 4834 1077 4888 Deus
1108 4844 1223 4888 erat
1260 4834 1486 4888 Verbum
1514 4836 1576 4887 ".
1620 4857 1636 4887 ι
1670 4837 1733 4890 Ει
1761 4838 2042 4892 Psalmista
2075 4855 2194 4893 rur-

638 4940 729 4979 sus
753 4930 815 4978 ad
841 4924 1052 4979 Patrem
1097 4926 1225 4978 dicit
1258 4940 1273 4976 :
1312 4943 1329 4975 ι
1365 4924 1624 4989 Quoniam
1651 4928 1786 4993 apud
1842 4937 1891 4980 te
1939 4938 2023 4982 est
2076 4927 2194 4981 fons

640 5018 781 5081 vitze,
809 5017 933 5070 etin
964 5017 1160 5071 lumine
1193 5027 1281 5070 tno
1314 5016 1612 5070 videbimus
1634 5018 1809 5071 lumen
1843 5018 1905 5071 σθ.
1941 5038 1959 5070 ι
1995 5020 2193 5074 Paulus

638 5108 995 5177 Splendorem,
1028 5117 1082 5161 et
1115 5108 1357 5172 formam,
1382 5118 1435 5160 et
1466 5109 1749 5179 imaginem
1778 5110 1877 5180 51
1913 5112 2193 5166 invisibilis

641 5200 731 5254 Dei
770 5208 925 5253 vocat
953 5199 1020 5252 "°.
1055 5197 1327 5253 Neminem
1372 5214 1498 5253 vero
1544 5203 1732 5254 borum
1792 5203 2056 5270 repereris
2104 5205 2193 5272 qui

640 5288 831 5343 Filium
896 5304 961 5342 ex
1018 5288 1291 5343 voluntate
1350 5299 1441 5342 aut
1491 5292 1622 5343 citra
1669 5292 1993 5345 voluntatem
2046 5293 2195 5361 geni-

644 5388 751 5431 tum
798 5378 960 5432 dicat.
995 5378 1098 5433 Sed
1132 5394 1252 5432 eum
1296 5380 1549 5445 dixerint,
1587 5391 1719 5445 erat,
1760 5391 1833 5446 et,
1866 5392 1960 5446 est,
1994 5384 2193 5437 nullum

642 5467 959 5537 principium
991 5470 1042 5522 in
1069 5478 1305 5537 tempore
1328 5472 1631 5526 tribuerunt
1658 5473 1703 5527 ei
1736 5477 1825 5541 qui
1851 5474 2042 5529 sarcula
2067 5490 2195 5530 con-

715 5664 759 5695 ⁶⁸
790 5662 946 5720 Joau.
987 5683 1039 5728 v,
1083 5667 1167 5720 l7.

648 5747 709 5801 tt,
734 5734 766 5786 ti
800 5753 812 5801 ;
854 5735 1013 5791 llebr.
1055 5752 1092 5801 ι,
1126 5738 1203 5803 2;
1238 5738 1441 5793 Coloss.
1486 5753 1521 5802 ι,
1571 5738 1651 5794 lii.

1279 5667 1325 5739 ’ἦ
1362 5666 1549 5719 Matth.
1578 5684 1675 5739 Vill.
1709 5671 1787 5725 l7.
1866 5674 1905 5704 ⁸⁷
1942 5673 2083 5728 Psal.
2124 5688 2266 5739 XLIV,
2307 5674 2362 5726 2.

2292 4572 2379 4625 διά
2425 4568 2519 4621 τοῦ
2558 4564 2719 4619 Δαὸὶδ
2766 4564 2945 4631 λέγει·
2988 4582 3004 4612 t
3050 4560 3407 4631 Ἐξηρεύξατο
3445 4560 3477 4627 ἡ
3518 4557 3713 4625 καρδία
3767 4570 3862 4623 μου

2293 4664 2461 4729 Λόγον
2479 4656 2674 4727 ἀγαθόν
2693 4672 2705 4684 ·
2734 4675 2752 4707 ι
2770 4654 2863 4707 καὶ
2884 4657 2910 4706 6
2926 4652 3226 4722 σοφώτατος
3258 4650 3531 4719 Ἰωάννης·
3558 4664 3574 4698 ι
3617 4648 3703 4700 Ἐν
3724 4646 3861 4716 ἀρχῇ

2292 4748 2379 4823 ἧν,
2413 4750 2596 4819 φησλν,
2626 4748 2653 4799 6
2680 4745 2850 4811 Λόγος
2869 4784 2883 4808 ,
2926 4743 3015 4795 καὶ
3044 4744 3071 4793 ὁ
3108 4741 3277 4809 Λόγος
3310 4735 3377 4808 ἦν
3423 4736 3560 4807 πρὸς
3590 4735 3680 4787 τὸν
3711 4733 3863 4815 Θεδν,

2294 4841 2387 4895 καὶ
2414 4839 2543 4901 Θεὸς
2564 4833 2631 4907 ἦν
2655 4838 2682 4887 6
2712 4835 2880 4901 Λόγος
2902 4849 2914 4861 ·
2947 4851 2963 4882 ι
2996 4833 3022 4885 6
3051 4829 3353 4900 Ψαλμῳδδς
3382 4828 3454 4890 ὡς
3483 4828 3619 4898 πρὸς
3649 4825 3737 4877 τὸν
3767 4824 3866 4877 Πα·

2301 4931 2433 5001 τέρα
2463 4928 2622 4982 πάλιν
2648 4926 2814 4996 φησί·
2852 4943 2870 4976 ι
2898 4923 3055 4993 Παρὰ
3085 4923 3167 4975 σοὶ
3208 4921 3357 4992 πηγὴ
3388 4920 3553 4989 ζωῆς,
3585 4918 3675 4971 καὶ
3706 4921 3761 4970 ὲν
3791 4916 3865 4985 τῷ

2301 5022 2438 5091 φωτί
2466 5037 2559 5073 σου
2587 5018 2826 5088 ὀψόμεθα
2851 5016 2986 5084 φῶς.
3014 5035 3032 5066 ι
3070 5016 3126 5069 '0
3152 5014 3358 5077 Παῦλος
3387 5012 3747 5081 ἀπαύγασμα,
3776 5010 3865 5062 καὶ

2304 5112 2538 5182 μορφὴν,
2578 5110 2671 5162 καὶ⁵
2723 5110 2905 5162 είκόνα
2949 5106 3041 5159 τοῦ
3082 5105 3214 5159 Θεοῦ
3261 5106 3494 5177 ἀοράτου
3535 5103 3709 5156 καλεῖ.
3761 5102 3865 5153 Καὶ

2298 5204 2501 5258 τούτων
2541 5201 2713 5263 οὐδεὶς
2758 5201 3071 5271 εὑρίσκεται
3098 5199 3269 5265 λέγων
3297 5196 3610 5266 ἀϐουλήτως
3648 5194 3681 5264 ἢ
3728 5190 3869 5246 κατὰ

2301 5294 2553 5364 βούλησιν
2586 5291 2934 5363 γεγεννῆσθαι
2958 5292 3049 5344 τὸν
3076 5292 3219 5343 Υἱόν.
3256 5287 3415 5341 Ἀλλὰ
3446 5287 3526 5351 τὸ,
3554 5282 3654 5356 ἦν,
3696 5284 3868 5337 εἰπόν-

2298 5402 2415 5447 τες,
2451 5385 2543 5437 καὶ
2584 5386 2663 5447 τὸ,
2710 5384 2899 5447 ἔστιν,
2942 5384 3197 5453 οὐδεμίαν
3247 5380 3420 5451 ἀρχὴν
3460 5378 3559 5448 τὴν
3605 5379 3665 5428 ὲν
3698 5376 3867 5447 χρόνῳ

2300 5478 2560 5532 δεδώκασι
2592 5477 2668 5547 τῷ
2695 5479 2800 5532 τῶν
2829 5480 3033 5550 χρόνων
3059 5480 3275 5548 ποιητῇ,
3306 5476 3473 5530 Πόθεν
3501 5470 3592 5528 οὖν
3620 5474 3771 5543 ὑμεῖς
3800 5469 3865 5523 τὰ

2439 5673 2481 5705 ⁸³
2521 5671 2672 5728 Joau.
2718 5690 2754 5736 l,
2794 5673 2841 5726 ι.

2923 5676 2963 5707 ν’
2994 5673 3131 5727 Psal.
3177 5688 3340 5735 xxxv,
3389 5672 3468 5725 lli.
3551 5671 3595 5700 ⁷⁰
3633 5664 3861 5736 Philip?-
