  <div class='ocr_page' id='page_1' title='image "/cluster/home/n/w/nwhite01/storage/ocr_20150623/75/ien.35556001661032/052.png"; bbox 0 0 4048 6430; ppageno 0'>
   <div class='ocr_carea' id='block_1_1' title="bbox 288 376 3552 442">
    <p class='ocr_par' dir='ltr' id='par_1_1' title="bbox 288 376 3552 442">
     <span class='ocr_line' id='line_1_1' title="bbox 288 376 3552 442; baseline 0.001 -12"><span class='ocrx_word' id='word_1_1' title='bbox 288 385 358 442; x_wconf 84' lang='lat'><strong>35</strong></span> <span class='ocrx_word' id='word_1_2' title='bbox 1674 376 2122 435; x_wconf 73' lang='lat' dir='ltr'><strong>THESAURUS.</strong></span> <span class='ocrx_word' id='word_1_3' title='bbox 3481 376 3552 432; x_wconf 75' lang='lat'><strong>88</strong></span> 
     </span>
    </p>
   </div>
   <div class='ocr_carea' id='block_1_2' title="bbox 283 489 1859 568">
    <p class='ocr_par' dir='ltr' id='par_1_2' title="bbox 283 495 1859 568">
     <span class='ocr_line' id='line_1_2' title="bbox 283 495 1859 568; baseline -0.002 -15"><span class='ocrx_word' id='word_1_4' title='bbox 283 498 508 554; x_wconf 78' lang='grc' dir='ltr'>τοιαῦτᾶ</span> <span class='ocrx_word' id='word_1_5' title='bbox 539 515 672 566; x_wconf 84' lang='grc' dir='ltr'>φατε</span> <span class='ocrx_word' id='word_1_6' title='bbox 698 515 711 562; x_wconf 90' lang='grc'>;</span> <span class='ocrx_word' id='word_1_7' title='bbox 755 496 890 550; x_wconf 80' lang='grc' dir='ltr'><strong>Ἀπὸ</strong></span> <span class='ocrx_word' id='word_1_8' title='bbox 930 495 1158 568; x_wconf 82' lang='grc' dir='ltr'>καρδίας</span> <span class='ocrx_word' id='word_1_9' title='bbox 1187 497 1287 567; x_wconf 82' lang='grc' dir='ltr'>τῆς</span> <span class='ocrx_word' id='word_1_10' title='bbox 1317 497 1526 551; x_wconf 78' lang='grc' dir='ltr'><strong>ἑαυτῶν</strong></span> <span class='ocrx_word' id='word_1_11' title='bbox 1559 495 1859 560; x_wconf 82' lang='grc' dir='ltr'>λαλοῦντες,</span> 
     </span>
    </p>
   </div>
   <div class='ocr_carea' id='block_1_3' title="bbox 1967 489 3552 568">
    <p class='ocr_par' dir='ltr' id='par_1_3' title="bbox 1973 489 3552 563">
     <span class='ocr_line' id='line_1_3' title="bbox 1973 489 3552 563; baseline -0.001 -14"><span class='ocrx_word' id='word_1_12' title='bbox 1973 494 2129 550; x_wconf 88' lang='lat' dir='ltr'><strong>didit.</strong></span> <span class='ocrx_word' id='word_1_13' title='bbox 2191 493 2344 548; x_wconf 84' lang='lat' dir='ltr'><strong>Unde</strong></span> <span class='ocrx_word' id='word_1_14' title='bbox 2394 491 2557 563; x_wconf 80' lang='lat' dir='ltr'><strong>igitur</strong></span> <span class='ocrx_word' id='word_1_15' title='bbox 2594 506 2690 548; x_wconf 80' lang='lat' dir='ltr'><strong>vos</strong></span> <span class='ocrx_word' id='word_1_16' title='bbox 2729 493 2845 546; x_wconf 70' lang='lat' dir='ltr'><strong>haec</strong></span> <span class='ocrx_word' id='word_1_17' title='bbox 2891 490 3247 562; x_wconf 87' lang='lat' dir='ltr'><strong>depromitis?</strong></span> <span class='ocrx_word' id='word_1_18' title='bbox 3280 489 3356 544; x_wconf 79' lang='lat' dir='ltr'><strong>Ex</strong></span> <span class='ocrx_word' id='word_1_19' title='bbox 3388 494 3552 547; x_wconf 81' lang='lat' dir='ltr'><strong>corde</strong></span> 
     </span>
    </p>
   </div>
   <div class='ocr_carea' id='block_1_4' title="bbox 283 587 1865 660">
    <p class='ocr_par' dir='ltr' id='par_1_4' title="bbox 283 587 1865 660">
     <span class='ocr_line' id='line_1_4' title="bbox 283 587 1865 660; baseline -0.003 -15"><span class='ocrx_word' id='word_1_20' title='bbox 283 591 424 646; x_wconf 78' lang='grc' dir='ltr'><strong>καθά</strong></span> <span class='ocrx_word' id='word_1_21' title='bbox 460 605 622 660; x_wconf 83' lang='grc' dir='ltr'>φησιν</span> <span class='ocrx_word' id='word_1_22' title='bbox 649 588 678 641; x_wconf 88' lang='lat'><strong>6</strong></span> <span class='ocrx_word' id='word_1_23' title='bbox 708 588 1015 659; x_wconf 78' lang='grc' dir='ltr'><strong>προφήτης,</strong></span> <span class='ocrx_word' id='word_1_24' title='bbox 1044 587 1137 643; x_wconf 76' lang='grc' dir='ltr'><strong>καὶ</strong></span> <span class='ocrx_word' id='word_1_25' title='bbox 1168 591 1267 641; x_wconf 88' lang='grc' dir='ltr'>οὑκ</span> <span class='ocrx_word' id='word_1_26' title='bbox 1296 588 1402 642; x_wconf 76' lang='grc' dir='ltr'><strong>ἀπὸ</strong></span> <span class='ocrx_word' id='word_1_27' title='bbox 1442 587 1710 654; x_wconf 78' lang='grc' dir='ltr'>στόματος</span> <span class='ocrx_word' id='word_1_28' title='bbox 1750 589 1865 642; x_wconf 85' lang='grc' dir='ltr'><strong>Κυ-</strong></span> 
     </span>
    </p>
   </div>
   <div class='ocr_carea' id='block_1_5' title="bbox 285 681 422 753">
    <p class='ocr_par' dir='ltr' id='par_1_5' title="bbox 285 681 422 753">
     <span class='ocr_line' id='line_1_5' title="bbox 285 681 422 753; baseline 0.015 -20"><span class='ocrx_word' id='word_1_29' title='bbox 285 681 422 753; x_wconf 81' lang='grc' dir='ltr'>ρίου.</span> 
     </span>
    </p>
   </div>
   <div class='ocr_carea' id='block_1_6' title="bbox 969 792 1170 846">
    <p class='ocr_par' dir='ltr' id='par_1_6' title="bbox 969 792 1170 846">
     <span class='ocr_line' id='line_1_6' title="bbox 969 792 1170 846; baseline 0.005 -1"><span class='ocrx_word' id='word_1_30' title='bbox 969 792 1170 846; x_wconf 78' lang='grc' dir='ltr'><strong>ΑΛΛΟ.</strong></span> 
     </span>
    </p>
   </div>
   <div class='ocr_carea' id='block_1_7' title="bbox 352 904 1864 978">
    <p class='ocr_par' dir='ltr' id='par_1_7' title="bbox 352 904 1864 978">
     <span class='ocr_line' id='line_1_7' title="bbox 352 904 1864 978; baseline 0.002 -20"><span class='ocrx_word' id='word_1_31' title='bbox 352 905 416 958; x_wconf 79' lang='lat' dir='ltr'><strong>Ei</strong></span> <span class='ocrx_word' id='word_1_32' title='bbox 453 904 702 978; x_wconf 81' lang='grc' dir='ltr'><strong>βουλήσει</strong></span> <span class='ocrx_word' id='word_1_33' title='bbox 735 905 1096 975; x_wconf 81' lang='grc' dir='ltr'>γεγεννῆσθαί</span> <span class='ocrx_word' id='word_1_34' title='bbox 1127 921 1264 974; x_wconf 81' lang='grc' dir='ltr'>φατε</span> <span class='ocrx_word' id='word_1_35' title='bbox 1293 904 1381 958; x_wconf 80' lang='grc' dir='ltr'><strong>τὸν</strong></span> <span class='ocrx_word' id='word_1_36' title='bbox 1405 905 1554 970; x_wconf 78' lang='grc' dir='ltr'>Υίδν,</span> <span class='ocrx_word' id='word_1_37' title='bbox 1600 906 1693 960; x_wconf 74' lang='grc' dir='ltr'>καὶ</span> <span class='ocrx_word' id='word_1_38' title='bbox 1747 906 1864 975; x_wconf 83' lang='grc' dir='ltr'><strong>βιά-</strong></span> 
     </span>
    </p>
   </div>
   <div class='ocr_carea' id='block_1_8' title="bbox 278 993 1866 1069">
    <p class='ocr_par' dir='ltr' id='par_1_8' title="bbox 278 993 1866 1069">
     <span class='ocr_line' id='line_1_8' title="bbox 278 993 1866 1069; baseline 0.002 -21"><span class='ocrx_word' id='word_1_39' title='bbox 278 993 440 1058; x_wconf 81' lang='grc' dir='ltr'>ζεσθε</span> <span class='ocrx_word' id='word_1_40' title='bbox 468 997 569 1068; x_wconf 82' lang='grc' dir='ltr'><strong>τὴν</strong></span> <span class='ocrx_word' id='word_1_41' title='bbox 601 999 728 1068; x_wconf 72' lang='grc' dir='ltr'>περὶ</span> <span class='ocrx_word' id='word_1_42' title='bbox 759 996 922 1052; x_wconf 88' lang='grc' dir='ltr'>αὑτοῦ</span> <span class='ocrx_word' id='word_1_43' title='bbox 951 997 1170 1067; x_wconf 85' lang='grc' dir='ltr'>Θέλησιν</span> <span class='ocrx_word' id='word_1_44' title='bbox 1197 998 1579 1068; x_wconf 78' lang='grc' dir='ltr'><strong>προϋπάρχειν</strong></span> <span class='ocrx_word' id='word_1_45' title='bbox 1613 998 1712 1069; x_wconf 84' lang='grc' dir='ltr'>τῆς</span> <span class='ocrx_word' id='word_1_46' title='bbox 1742 1015 1866 1067; x_wconf 88' lang='grc' dir='ltr'>γεν-</span> 
     </span>
    </p>
   </div>
   <div class='ocr_carea' id='block_1_9' title="bbox 277 1087 1861 1160">
    <p class='ocr_par' dir='ltr' id='par_1_9' title="bbox 277 1087 1861 1160">
     <span class='ocr_line' id='line_1_9' title="bbox 277 1087 1861 1160; baseline 0.003 -23"><span class='ocrx_word' id='word_1_47' title='bbox 277 1088 491 1156; x_wconf 89' lang='grc' dir='ltr'>νήσεως</span> <span class='ocrx_word' id='word_1_48' title='bbox 520 1088 707 1152; x_wconf 88' lang='grc' dir='ltr'>αὑτοῦ,</span> <span class='ocrx_word' id='word_1_49' title='bbox 737 1087 790 1141; x_wconf 85' lang='grc' dir='ltr'><strong>τί</strong></span> <span class='ocrx_word' id='word_1_50' title='bbox 816 1087 891 1160; x_wconf 83' lang='grc' dir='ltr'><strong>μή</strong></span> <span class='ocrx_word' id='word_1_51' title='bbox 929 1087 1100 1142; x_wconf 86' lang='grc' dir='ltr'>ταῦτά</span> <span class='ocrx_word' id='word_1_52' title='bbox 1129 1104 1293 1159; x_wconf 88' lang='grc' dir='ltr'>φησιν</span> <span class='ocrx_word' id='word_1_53' title='bbox 1322 1090 1354 1158; x_wconf 86' lang='grc' dir='ltr'><strong>ή</strong></span> <span class='ocrx_word' id='word_1_54' title='bbox 1388 1088 1579 1158; x_wconf 84' lang='grc' dir='ltr'>Γραφὴ</span> <span class='ocrx_word' id='word_1_55' title='bbox 1607 1090 1736 1160; x_wconf 81' lang='grc' dir='ltr'>περὶ</span> <span class='ocrx_word' id='word_1_56' title='bbox 1761 1089 1861 1142; x_wconf 61' lang='grc' dir='ltr'>αὑω</span> 
     </span>
    </p>
   </div>
   <div class='ocr_carea' id='block_1_10' title="bbox 275 1174 1862 1249">
    <p class='ocr_par' dir='ltr' id='par_1_10' title="bbox 275 1174 1862 1249">
     <span class='ocr_line' id='line_1_10' title="bbox 275 1174 1862 1249; baseline 0.004 -22"><span class='ocrx_word' id='word_1_57' title='bbox 275 1174 399 1241; x_wconf 87' lang='grc' dir='ltr'>τοῦ,</span> <span class='ocrx_word' id='word_1_58' title='bbox 425 1175 460 1229; x_wconf 73' lang='grc' dir='ltr'>ἃ</span> <span class='ocrx_word' id='word_1_59' title='bbox 495 1175 559 1244; x_wconf 86' lang='grc' dir='ltr'><strong>δὴ</strong></span> <span class='ocrx_word' id='word_1_60' title='bbox 585 1177 679 1229; x_wconf 76' lang='grc' dir='ltr'>καὶ</span> <span class='ocrx_word' id='word_1_61' title='bbox 735 1178 864 1249; x_wconf 78' lang='grc' dir='ltr'>περὶ</span> <span class='ocrx_word' id='word_1_62' title='bbox 912 1177 1020 1231; x_wconf 84' lang='grc' dir='ltr'>τῶν</span> <span class='ocrx_word' id='word_1_63' title='bbox 1071 1175 1247 1230; x_wconf 82' lang='grc' dir='ltr'>ἄλλων</span> <span class='ocrx_word' id='word_1_64' title='bbox 1279 1179 1600 1249; x_wconf 78' lang='grc' dir='ltr'><strong>ποιημάτων</strong></span> <span class='ocrx_word' id='word_1_65' title='bbox 1627 1179 1862 1248; x_wconf 78' lang='grc' dir='ltr'>λέγουσα</span> 
     </span>
    </p>
   </div>
   <div class='ocr_carea' id='block_1_11' title="bbox 278 1267 1856 1341">
    <p class='ocr_par' dir='ltr' id='par_1_11' title="bbox 278 1267 1856 1341">
     <span class='ocr_line' id='line_1_11' title="bbox 278 1267 1856 1341; baseline 0.001 -19"><span class='ocrx_word' id='word_1_66' title='bbox 278 1269 562 1336; x_wconf 78' lang='grc' dir='ltr'>φαίνεται;</span> <span class='ocrx_word' id='word_1_67' title='bbox 613 1271 736 1324; x_wconf 75' lang='grc' dir='ltr'>Ἐπὶ</span> <span class='ocrx_word' id='word_1_68' title='bbox 767 1268 866 1340; x_wconf 86' lang='grc' dir='ltr'><strong>μὲν</strong></span> <span class='ocrx_word' id='word_1_69' title='bbox 892 1267 1001 1340; x_wconf 79' lang='grc' dir='ltr'>γὰρ</span> <span class='ocrx_word' id='word_1_70' title='bbox 1033 1267 1141 1324; x_wconf 82' lang='grc' dir='ltr'><strong>τῶν</strong></span> <span class='ocrx_word' id='word_1_71' title='bbox 1171 1269 1468 1337; x_wconf 82' lang='grc' dir='ltr'><strong>γεγονότων</strong></span> <span class='ocrx_word' id='word_1_72' title='bbox 1507 1270 1656 1341; x_wconf 82' lang='grc' dir='ltr'>παρὰ</span> <span class='ocrx_word' id='word_1_73' title='bbox 1693 1270 1856 1335; x_wconf 83' lang='grc' dir='ltr'>Θεοῦ,</span> 
     </span>
    </p>
   </div>
   <div class='ocr_carea' id='block_1_12' title="bbox 278 1359 1861 1432">
    <p class='ocr_par' dir='ltr' id='par_1_12' title="bbox 278 1359 1861 1432">
     <span class='ocr_line' id='line_1_12' title="bbox 278 1359 1861 1432; baseline 0.003 -22"><span class='ocrx_word' id='word_1_74' title='bbox 278 1362 604 1430; x_wconf 85' lang='grc' dir='ltr'>προηγεῖται</span> <span class='ocrx_word' id='word_1_75' title='bbox 633 1359 875 1430; x_wconf 78' lang='grc' dir='ltr'>θέλησις,</span> <span class='ocrx_word' id='word_1_76' title='bbox 925 1359 999 1422; x_wconf 84' lang='grc' dir='ltr'>ὡς</span> <span class='ocrx_word' id='word_1_77' title='bbox 1027 1361 1084 1411; x_wconf 80' lang='grc' dir='ltr'>ὲν</span> <span class='ocrx_word' id='word_1_78' title='bbox 1105 1359 1200 1429; x_wconf 85' lang='grc' dir='ltr'>τῷ,</span> <span class='ocrx_word' id='word_1_79' title='bbox 1255 1377 1273 1410; x_wconf 84' lang='grc' dir='ltr'><strong>ι</strong></span> <span class='ocrx_word' id='word_1_80' title='bbox 1309 1361 1630 1429; x_wconf 81' lang='grc' dir='ltr'>Ποιήσωμεν</span> <span class='ocrx_word' id='word_1_81' title='bbox 1652 1360 1861 1432; x_wconf 81' lang='grc' dir='ltr'>ἄνθρω-</span> 
     </span>
    </p>
   </div>
   <div class='ocr_carea' id='block_1_13' title="bbox 276 1450 1852 1521">
    <p class='ocr_par' dir='ltr' id='par_1_13' title="bbox 276 1450 1852 1521">
     <span class='ocr_line' id='line_1_13' title="bbox 276 1450 1852 1521; baseline 0.001 -19"><span class='ocrx_word' id='word_1_82' title='bbox 276 1466 404 1514; x_wconf 75' lang='grc' dir='ltr'>πον,</span> <span class='ocrx_word' id='word_1_83' title='bbox 436 1467 454 1494; x_wconf 77' lang='grc' dir='ltr'><strong>ι</strong></span> <span class='ocrx_word' id='word_1_84' title='bbox 485 1451 594 1504; x_wconf 72' lang='grc' dir='ltr'><strong>Καὶ</strong></span> <span class='ocrx_word' id='word_1_85' title='bbox 628 1453 685 1504; x_wconf 86' lang='grc' dir='ltr'>ὲν</span> <span class='ocrx_word' id='word_1_86' title='bbox 712 1450 814 1521; x_wconf 83' lang='grc' dir='ltr'>τῷ.</span> <span class='ocrx_word' id='word_1_87' title='bbox 837 1468 858 1504; x_wconf 79' lang='grc' dir='ltr'><strong>ε</strong></span> <span class='ocrx_word' id='word_1_88' title='bbox 880 1450 1065 1504; x_wconf 81' lang='grc' dir='ltr'>Πάντα</span> <span class='ocrx_word' id='word_1_89' title='bbox 1088 1451 1190 1503; x_wconf 83' lang='grc' dir='ltr'>ὅσα</span> <span class='ocrx_word' id='word_1_90' title='bbox 1228 1450 1514 1520; x_wconf 72' lang='grc' dir='ltr'>ἠθέλησεν,</span> <span class='ocrx_word' id='word_1_91' title='bbox 1549 1451 1852 1521; x_wconf 72' lang='grc' dir='ltr'>εποίησεν.»</span> 
     </span>
    </p>
   </div>
   <div class='ocr_carea' id='block_1_14' title="bbox 291 1538 1859 1612">
    <p class='ocr_par' dir='ltr' id='par_1_14' title="bbox 291 1538 1859 1612">
     <span class='ocr_line' id='line_1_14' title="bbox 291 1538 1859 1612; baseline 0.003 -21"><span class='ocrx_word' id='word_1_92' title='bbox 291 1539 421 1591; x_wconf 74' lang='grc' dir='ltr'><strong>Ἐπὶ</strong></span> <span class='ocrx_word' id='word_1_93' title='bbox 476 1539 534 1592; x_wconf 78' lang='grc' dir='ltr'><strong>δὲ</strong></span> <span class='ocrx_word' id='word_1_94' title='bbox 557 1541 650 1592; x_wconf 89' lang='grc' dir='ltr'><strong>τοῦ</strong></span> <span class='ocrx_word' id='word_1_95' title='bbox 677 1539 813 1593; x_wconf 82' lang='grc' dir='ltr'>Θεοῦ</span> <span class='ocrx_word' id='word_1_96' title='bbox 853 1540 1030 1609; x_wconf 81' lang='grc' dir='ltr'>Λόγου</span> <span class='ocrx_word' id='word_1_97' title='bbox 1061 1538 1300 1610; x_wconf 70' lang='grc' dir='ltr'>οὐδαμοῦ</span> <span class='ocrx_word' id='word_1_98' title='bbox 1331 1539 1550 1610; x_wconf 83' lang='grc' dir='ltr'>θέλησις</span> <span class='ocrx_word' id='word_1_99' title='bbox 1579 1541 1696 1611; x_wconf 73' lang='grc' dir='ltr'>ἦτοι</span> <span class='ocrx_word' id='word_1_100' title='bbox 1731 1541 1859 1612; x_wconf 84' lang='grc' dir='ltr'><strong>βού-</strong></span> 
     </span>
    </p>
   </div>
   <div class='ocr_carea' id='block_1_15' title="bbox 284 1630 1862 1704">
    <p class='ocr_par' dir='ltr' id='par_1_15' title="bbox 284 1630 1862 1704">
     <span class='ocr_line' id='line_1_15' title="bbox 284 1630 1862 1704; baseline 0.004 -22"><span class='ocrx_word' id='word_1_101' title='bbox 284 1645 438 1700; x_wconf 64' lang='grc' dir='ltr'>«ησις</span> <span class='ocrx_word' id='word_1_102' title='bbox 464 1630 895 1702; x_wconf 78' lang='grc' dir='ltr'>προηγησαμένη</span> <span class='ocrx_word' id='word_1_103' title='bbox 952 1631 1220 1700; x_wconf 83' lang='grc' dir='ltr'>φαίνεται,</span> <span class='ocrx_word' id='word_1_104' title='bbox 1277 1631 1416 1684; x_wconf 82' lang='grc' dir='ltr'>Ἀλλ’</span> <span class='ocrx_word' id='word_1_105' title='bbox 1446 1634 1528 1686; x_wconf 86' lang='grc' dir='ltr'>ὃτι</span> <span class='ocrx_word' id='word_1_106' title='bbox 1583 1634 1745 1702; x_wconf 86' lang='grc' dir='ltr'>μόνον</span> <span class='ocrx_word' id='word_1_107' title='bbox 1783 1631 1862 1704; x_wconf 75' lang='grc' dir='ltr'><strong>ἦν</strong></span> 
     </span>
    </p>
   </div>
   <div class='ocr_carea' id='block_1_16' title="bbox 276 1720 1861 1792">
    <p class='ocr_par' dir='ltr' id='par_1_16' title="bbox 276 1720 1861 1792">
     <span class='ocr_line' id='line_1_16' title="bbox 276 1720 1861 1792; baseline 0.004 -19"><span class='ocrx_word' id='word_1_108' title='bbox 276 1721 374 1773; x_wconf 79' lang='grc' dir='ltr'><strong>καί</strong></span> <span class='ocrx_word' id='word_1_109' title='bbox 424 1721 596 1775; x_wconf 71' lang='grc' dir='ltr'>ἔστιν</span> <span class='ocrx_word' id='word_1_110' title='bbox 639 1720 928 1792; x_wconf 78' lang='grc' dir='ltr'>ἀκούομεν.</span> <span class='ocrx_word' id='word_1_111' title='bbox 972 1724 1103 1788; x_wconf 70' lang='grc' dir='ltr'>Καὶ,</span> <span class='ocrx_word' id='word_1_112' title='bbox 1167 1723 1232 1776; x_wconf 85' lang='lat' dir='ltr'><strong>i&#39;v‘</strong></span> <span class='ocrx_word' id='word_1_113' title='bbox 1271 1723 1442 1787; x_wconf 87' lang='grc' dir='ltr'>οὑτως</span> <span class='ocrx_word' id='word_1_114' title='bbox 1499 1725 1658 1791; x_wconf 72' lang='grc' dir='ltr'>εἴπω,</span> <span class='ocrx_word' id='word_1_115' title='bbox 1696 1725 1861 1790; x_wconf 81' lang='grc' dir='ltr'><strong>τόπος</strong></span> 
     </span>
    </p>
   </div>
   <div class='ocr_carea' id='block_1_17' title="bbox 273 1810 1860 1886">
    <p class='ocr_par' dir='ltr' id='par_1_17' title="bbox 273 1810 1860 1886">
     <span class='ocr_line' id='line_1_17' title="bbox 273 1810 1860 1886; baseline 0.003 -21"><span class='ocrx_word' id='word_1_116' title='bbox 273 1810 428 1881; x_wconf 76' lang='grc' dir='ltr'>αὑτῷ</span> <span class='ocrx_word' id='word_1_117' title='bbox 451 1811 675 1882; x_wconf 80' lang='grc' dir='ltr'>φυσικὸς</span> <span class='ocrx_word' id='word_1_118' title='bbox 698 1813 727 1864; x_wconf 97' lang='lat'><strong>6</strong></span> <span class='ocrx_word' id='word_1_119' title='bbox 759 1812 968 1884; x_wconf 88' lang='grc' dir='ltr'>Πατήρ.</span> <span class='ocrx_word' id='word_1_120' title='bbox 1003 1814 1066 1866; x_wconf 74' lang='grc' dir='ltr'><strong>Εἰ</strong></span> <span class='ocrx_word' id='word_1_121' title='bbox 1088 1813 1270 1868; x_wconf 79' lang='grc' dir='ltr'>τοίνυν</span> <span class='ocrx_word' id='word_1_122' title='bbox 1304 1811 1402 1868; x_wconf 77' lang='grc' dir='ltr'><strong>ὲπὶ</strong></span> <span class='ocrx_word' id='word_1_123' title='bbox 1437 1813 1539 1886; x_wconf 81' lang='grc' dir='ltr'><strong>μὲν</strong></span> <span class='ocrx_word' id='word_1_124' title='bbox 1585 1815 1696 1870; x_wconf 85' lang='grc' dir='ltr'><strong>τῶν</strong></span> <span class='ocrx_word' id='word_1_125' title='bbox 1742 1835 1860 1870; x_wconf 85' lang='grc' dir='ltr'>κτι-</span> 
     </span>
    </p>
   </div>
   <div class='ocr_carea' id='block_1_18' title="bbox 275 1873 1936 1978">
    <p class='ocr_par' dir='ltr' id='par_1_18' title="bbox 275 1873 1936 1978">
     <span class='ocr_line' id='line_1_18' title="bbox 275 1873 1936 1978; baseline 0.005 -25"><span class='ocrx_word' id='word_1_126' title='bbox 275 1873 502 1969; x_wconf 76' lang='grc' dir='ltr'>σμάτων</span> <span class='ocrx_word' id='word_1_127' title='bbox 525 1873 780 1956; x_wconf 77' lang='grc' dir='ltr'>ἁπάντων</span> <span class='ocrx_word' id='word_1_128' title='bbox 808 1873 1009 1973; x_wconf 54' lang='lat' dir='ltr'><strong>em;va</strong></span> <span class='ocrx_word' id='word_1_129' title='bbox 1039 1903 1288 1974; x_wconf 81' lang='grc' dir='ltr'>ἡγεῖσθαι</span> <span class='ocrx_word' id='word_1_130' title='bbox 1319 1873 1535 1976; x_wconf 69' lang='grc' dir='ltr'>Θὲλησιν</span> <span class='ocrx_word' id='word_1_131' title='bbox 1573 1908 1607 1978; x_wconf 84' lang='grc' dir='ltr'><strong>ή</strong></span> <span class='ocrx_word' id='word_1_132' title='bbox 1646 1907 1858 1978; x_wconf 80' lang='grc' dir='ltr'>Γραφή,</span> <span class='ocrx_word' id='word_1_133' title='bbox 1893 1873 1936 1932; x_wconf 72' lang='grc' dir='ltr'><strong>Β</strong></span> 
     </span>
    </p>
   </div>
   <div class='ocr_carea' id='block_1_19' title="bbox 272 1989 1859 2069">
    <p class='ocr_par' dir='ltr' id='par_1_19' title="bbox 272 1989 1859 2069">
     <span class='ocr_line' id='line_1_19' title="bbox 272 1989 1859 2069; baseline 0.007 -27"><span class='ocrx_word' id='word_1_134' title='bbox 272 1990 372 2042; x_wconf 67' lang='grc' dir='ltr'>ἐπὶ</span> <span class='ocrx_word' id='word_1_135' title='bbox 393 1991 449 2044; x_wconf 80' lang='grc' dir='ltr'><strong>δὲ</strong></span> <span class='ocrx_word' id='word_1_136' title='bbox 479 1990 572 2043; x_wconf 88' lang='grc' dir='ltr'><strong>τοῦ</strong></span> <span class='ocrx_word' id='word_1_137' title='bbox 606 1989 737 2044; x_wconf 84' lang='grc' dir='ltr'>Υίοῦ</span> <span class='ocrx_word' id='word_1_138' title='bbox 763 1991 916 2045; x_wconf 84' lang='grc' dir='ltr'>οὐδὲν</span> <span class='ocrx_word' id='word_1_139' title='bbox 955 1992 1196 2047; x_wconf 85' lang='grc' dir='ltr'>τοιοῦτον</span> <span class='ocrx_word' id='word_1_140' title='bbox 1253 1995 1558 2066; x_wconf 81' lang='grc' dir='ltr'>εὑρήσομεν</span> <span class='ocrx_word' id='word_1_141' title='bbox 1597 1997 1728 2069; x_wconf 83' lang='grc' dir='ltr'>παρ’</span> <span class='ocrx_word' id='word_1_142' title='bbox 1760 1999 1859 2052; x_wconf 87' lang='grc' dir='ltr'>αὑ·</span> 
     </span>
    </p>
   </div>
   <div class='ocr_carea' id='block_1_20' title="bbox 269 2078 1863 2159">
    <p class='ocr_par' dir='ltr' id='par_1_20' title="bbox 269 2078 1863 2159">
     <span class='ocr_line' id='line_1_20' title="bbox 269 2078 1863 2159; baseline 0.006 -26"><span class='ocrx_word' id='word_1_143' title='bbox 269 2081 401 2152; x_wconf 74' lang='grc' dir='ltr'>τῆς,</span> <span class='ocrx_word' id='word_1_144' title='bbox 426 2082 523 2134; x_wconf 85' lang='grc' dir='ltr'><strong>οὑκ</strong></span> <span class='ocrx_word' id='word_1_145' title='bbox 560 2081 666 2153; x_wconf 73' lang='grc' dir='ltr'>ἄρα</span> <span class='ocrx_word' id='word_1_146' title='bbox 696 2078 780 2146; x_wconf 75' lang='grc' dir='ltr'>εἷς</span> <span class='ocrx_word' id='word_1_147' title='bbox 804 2083 920 2136; x_wconf 77' lang='grc' dir='ltr'>ἐστι</span> <span class='ocrx_word' id='word_1_148' title='bbox 951 2083 1061 2136; x_wconf 79' lang='grc' dir='ltr'><strong>τῶν</strong></span> <span class='ocrx_word' id='word_1_149' title='bbox 1091 2083 1332 2151; x_wconf 82' lang='grc' dir='ltr'>πάντων,</span> <span class='ocrx_word' id='word_1_150' title='bbox 1357 2087 1480 2140; x_wconf 76' lang='grc' dir='ltr'>οὑδὲ</span> <span class='ocrx_word' id='word_1_151' title='bbox 1523 2087 1740 2159; x_wconf 84' lang='grc' dir='ltr'>θελήσει</span> <span class='ocrx_word' id='word_1_152' title='bbox 1771 2089 1863 2156; x_wconf 86' lang='grc' dir='ltr'><strong>γὲ-</strong></span> 
     </span>
    </p>
   </div>
   <div class='ocr_carea' id='block_1_21' title="bbox 271 2172 1862 2248">
    <p class='ocr_par' dir='ltr' id='par_1_21' title="bbox 271 2172 1862 2248">
     <span class='ocr_line' id='line_1_21' title="bbox 271 2172 1862 2248; baseline 0.006 -24"><span class='ocrx_word' id='word_1_153' title='bbox 271 2189 423 2239; x_wconf 87' lang='grc' dir='ltr'>γονε,</span> <span class='ocrx_word' id='word_1_154' title='bbox 455 2172 702 2243; x_wconf 82' lang='grc' dir='ltr'>καθάπερ</span> <span class='ocrx_word' id='word_1_155' title='bbox 732 2174 800 2227; x_wconf 78' lang='grc' dir='ltr'>τὰ</span> <span class='ocrx_word' id='word_1_156' title='bbox 831 2173 1029 2239; x_wconf 83' lang='grc' dir='ltr'>πάντα,</span> <span class='ocrx_word' id='word_1_157' title='bbox 1064 2175 1130 2228; x_wconf 76' lang='grc' dir='ltr'><strong>ὲκ</strong></span> <span class='ocrx_word' id='word_1_158' title='bbox 1183 2177 1400 2247; x_wconf 86' lang='grc' dir='ltr'>Πατρὸς</span> <span class='ocrx_word' id='word_1_159' title='bbox 1446 2177 1727 2248; x_wconf 80' lang='grc' dir='ltr'>προελθὼν</span> <span class='ocrx_word' id='word_1_160' title='bbox 1769 2181 1862 2232; x_wconf 70' lang='grc' dir='ltr'>καὶ</span> 
     </span>
    </p>
   </div>
   <div class='ocr_carea' id='block_1_22' title="bbox 268 2264 1713 2340">
    <p class='ocr_par' dir='ltr' id='par_1_22' title="bbox 268 2264 1713 2340">
     <span class='ocr_line' id='line_1_22' title="bbox 268 2264 1713 2340; baseline 0.006 -24"><span class='ocrx_word' id='word_1_161' title='bbox 268 2264 375 2335; x_wconf 80' lang='grc' dir='ltr'><strong>τῆς</strong></span> <span class='ocrx_word' id='word_1_162' title='bbox 403 2264 495 2317; x_wconf 86' lang='grc' dir='ltr'><strong>τοῦ</strong></span> <span class='ocrx_word' id='word_1_163' title='bbox 521 2265 883 2334; x_wconf 78' lang='grc' dir='ltr'>γεννήσαντος</span> <span class='ocrx_word' id='word_1_164' title='bbox 910 2266 1118 2330; x_wconf 79' lang='grc' dir='ltr'>οὐσίας,</span> <span class='ocrx_word' id='word_1_165' title='bbox 1142 2267 1400 2340; x_wconf 77' lang='grc' dir='ltr'>ὑπάρχων</span> <span class='ocrx_word' id='word_1_166' title='bbox 1433 2285 1494 2322; x_wconf 87' lang='grc' dir='ltr'><strong>τε</strong></span> <span class='ocrx_word' id='word_1_167' title='bbox 1522 2270 1713 2335; x_wconf 76' lang='grc' dir='ltr'>ἀΐδιος.</span> 
     </span>
    </p>
   </div>
   <div class='ocr_carea' id='block_1_23' title="bbox 961 2375 1172 2430">
    <p class='ocr_par' dir='ltr' id='par_1_23' title="bbox 961 2375 1172 2430">
     <span class='ocr_line' id='line_1_23' title="bbox 961 2375 1172 2430; baseline 0.014 -3"><span class='ocrx_word' id='word_1_168' title='bbox 961 2375 1172 2430; x_wconf 83' lang='grc' dir='ltr'><strong>ΛΛΛΟ.</strong></span> 
     </span>
    </p>
   </div>
   <div class='ocr_carea' id='block_1_24' title="bbox 345 2481 1861 2559">
    <p class='ocr_par' dir='ltr' id='par_1_24' title="bbox 345 2481 1861 2559">
     <span class='ocr_line' id='line_1_24' title="bbox 345 2481 1861 2559; baseline 0.003 -23"><span class='ocrx_word' id='word_1_169' title='bbox 345 2481 509 2550; x_wconf 77' lang='grc' dir='ltr'>Λέγει</span> <span class='ocrx_word' id='word_1_170' title='bbox 530 2499 633 2536; x_wconf 84' lang='grc' dir='ltr'><strong>που</strong></span> <span class='ocrx_word' id='word_1_171' title='bbox 668 2482 879 2546; x_wconf 80' lang='grc' dir='ltr'><strong>Παῦλος</strong></span> <span class='ocrx_word' id='word_1_172' title='bbox 925 2483 1056 2553; x_wconf 77' lang='grc' dir='ltr'>περὶ</span> <span class='ocrx_word' id='word_1_173' title='bbox 1104 2482 1200 2536; x_wconf 86' lang='grc' dir='ltr'><strong>τοῦ</strong></span> <span class='ocrx_word' id='word_1_174' title='bbox 1238 2484 1492 2556; x_wconf 83' lang='grc' dir='ltr'>Σωτῆρος</span> <span class='ocrx_word' id='word_1_175' title='bbox 1533 2485 1691 2556; x_wconf 85' lang='grc' dir='ltr'>ήμῶν</span> <span class='ocrx_word' id='word_1_176' title='bbox 1724 2488 1861 2559; x_wconf 89' lang='grc' dir='ltr'>Χρι-</span> 
     </span>
    </p>
   </div>
   <div class='ocr_carea' id='block_1_25' title="bbox 271 2573 1859 2648">
    <p class='ocr_par' dir='ltr' id='par_1_25' title="bbox 271 2573 1859 2648">
     <span class='ocr_line' id='line_1_25' title="bbox 271 2573 1859 2648; baseline 0.004 -22"><span class='ocrx_word' id='word_1_177' title='bbox 271 2574 426 2638; x_wconf 85' lang='grc' dir='ltr'>στοῦ,</span> <span class='ocrx_word' id='word_1_178' title='bbox 463 2577 546 2629; x_wconf 80' lang='grc' dir='ltr'>ὅτι</span> <span class='ocrx_word' id='word_1_179' title='bbox 575 2591 634 2627; x_wconf 87' lang='grc' dir='ltr'><strong>τε</strong></span> <span class='ocrx_word' id='word_1_180' title='bbox 661 2573 797 2628; x_wconf 91' lang='grc' dir='ltr'>Θεοῦ</span> <span class='ocrx_word' id='word_1_181' title='bbox 824 2575 1056 2646; x_wconf 79' lang='grc' dir='ltr'>δύναμις</span> <span class='ocrx_word' id='word_1_182' title='bbox 1106 2577 1191 2646; x_wconf 78' lang='grc' dir='ltr'>εἴη</span> <span class='ocrx_word' id='word_1_183' title='bbox 1251 2579 1345 2630; x_wconf 76' lang='grc' dir='ltr'>καὶ</span> <span class='ocrx_word' id='word_1_184' title='bbox 1372 2577 1509 2632; x_wconf 81' lang='grc' dir='ltr'>Θεοῦ</span> <span class='ocrx_word' id='word_1_185' title='bbox 1545 2581 1728 2648; x_wconf 84' lang='grc' dir='ltr'>σοφία.</span> <span class='ocrx_word' id='word_1_186' title='bbox 1795 2583 1859 2634; x_wconf 79' lang='grc' dir='ltr'><strong>Εἰ</strong></span> 
     </span>
    </p>
   </div>
   <div class='ocr_carea' id='block_1_26' title="bbox 269 2663 1862 2738">
    <p class='ocr_par' dir='ltr' id='par_1_26' title="bbox 269 2663 1862 2738">
     <span class='ocr_line' id='line_1_26' title="bbox 269 2663 1862 2738; baseline 0.004 -23"><span class='ocrx_word' id='word_1_187' title='bbox 269 2663 455 2718; x_wconf 78' lang='grc' dir='ltr'>τοίνυν</span> <span class='ocrx_word' id='word_1_188' title='bbox 487 2664 651 2732; x_wconf 81' lang='grc' dir='ltr'>σοφία</span> <span class='ocrx_word' id='word_1_189' title='bbox 676 2664 771 2717; x_wconf 75' lang='grc' dir='ltr'>καὶ</span> <span class='ocrx_word' id='word_1_190' title='bbox 814 2663 1044 2734; x_wconf 83' lang='grc' dir='ltr'>δύναμίς</span> <span class='ocrx_word' id='word_1_191' title='bbox 1068 2666 1186 2718; x_wconf 77' lang='grc' dir='ltr'>ἐστι</span> <span class='ocrx_word' id='word_1_192' title='bbox 1208 2663 1302 2718; x_wconf 86' lang='grc' dir='ltr'><strong>τοῦ</strong></span> <span class='ocrx_word' id='word_1_193' title='bbox 1354 2665 1564 2738; x_wconf 78' lang='grc' dir='ltr'>Πατρὸς</span> <span class='ocrx_word' id='word_1_194' title='bbox 1596 2669 1625 2718; x_wconf 84' lang='grc' dir='ltr'><strong>ὁ</strong></span> <span class='ocrx_word' id='word_1_195' title='bbox 1674 2667 1736 2732; x_wconf 71' lang='grc' dir='ltr'>ἐξ</span> <span class='ocrx_word' id='word_1_196' title='bbox 1767 2670 1862 2722; x_wconf 87' lang='grc' dir='ltr'>αὑ-</span> 
     </span>
    </p>
   </div>
   <div class='ocr_carea' id='block_1_27' title="bbox 267 2746 1861 2828">
    <p class='ocr_par' dir='ltr' id='par_1_27' title="bbox 267 2746 1861 2828">
     <span class='ocr_line' id='line_1_27' title="bbox 267 2746 1861 2828; baseline 0.003 -21"><span class='ocrx_word' id='word_1_197' title='bbox 267 2753 369 2807; x_wconf 80' lang='grc' dir='ltr'><strong>τοῦ</strong></span> <span class='ocrx_word' id='word_1_198' title='bbox 393 2755 488 2807; x_wconf 69' lang='grc' dir='ltr'>καὶ</span> <span class='ocrx_word' id='word_1_199' title='bbox 510 2755 569 2809; x_wconf 82' lang='grc' dir='ltr'>ὲν</span> <span class='ocrx_word' id='word_1_200' title='bbox 597 2754 747 2825; x_wconf 86' lang='grc' dir='ltr'>αὑτῷ</span> <span class='ocrx_word' id='word_1_201' title='bbox 776 2755 1039 2824; x_wconf 76' lang='grc' dir='ltr'>ὑπάρχων</span> <span class='ocrx_word' id='word_1_202' title='bbox 1077 2746 1269 2823; x_wconf 78' lang='grc' dir='ltr'>Λόγος,</span> <span class='ocrx_word' id='word_1_203' title='bbox 1316 2757 1480 2820; x_wconf 89' lang='grc' dir='ltr'>αὑτός</span> <span class='ocrx_word' id='word_1_204' title='bbox 1510 2760 1657 2811; x_wconf 76' lang='grc' dir='ltr'>ἐστιν</span> <span class='ocrx_word' id='word_1_205' title='bbox 1715 2760 1773 2812; x_wconf 85' lang='grc' dir='ltr'>ἐν</span> <span class='ocrx_word' id='word_1_206' title='bbox 1816 2752 1861 2828; x_wconf 84' lang='grc' dir='ltr'>ᾧ</span> 
     </span>
    </p>
   </div>
   <div class='ocr_carea' id='block_1_28' title="bbox 271 2836 1861 2913">
    <p class='ocr_par' dir='ltr' id='par_1_28' title="bbox 271 2836 1861 2913">
     <span class='ocr_line' id='line_1_28' title="bbox 271 2836 1861 2913; baseline 0.004 -19"><span class='ocrx_word' id='word_1_207' title='bbox 271 2842 613 2911; x_wconf 81' lang='grc' dir='ltr'>βουλεύεται,</span> <span class='ocrx_word' id='word_1_208' title='bbox 647 2844 740 2896; x_wconf 72' lang='grc' dir='ltr'><strong>καὶ</strong></span> <span class='ocrx_word' id='word_1_209' title='bbox 765 2843 831 2896; x_wconf 84' lang='grc' dir='ltr'><strong>δι’</strong></span> <span class='ocrx_word' id='word_1_210' title='bbox 872 2836 932 2896; x_wconf 75' lang='grc' dir='ltr'>οὗ</span> <span class='ocrx_word' id='word_1_211' title='bbox 954 2843 1025 2896; x_wconf 83' lang='grc' dir='ltr'>τὰ</span> <span class='ocrx_word' id='word_1_212' title='bbox 1054 2843 1232 2897; x_wconf 85' lang='grc' dir='ltr'>πάντα</span> <span class='ocrx_word' id='word_1_213' title='bbox 1267 2843 1585 2913; x_wconf 75' lang='grc' dir='ltr'>ἐργάζεται.</span> <span class='ocrx_word' id='word_1_214' title='bbox 1617 2846 1741 2911; x_wconf 85' lang='grc' dir='ltr'>Πῶς</span> <span class='ocrx_word' id='word_1_215' title='bbox 1767 2844 1861 2901; x_wconf 76' lang='grc' dir='ltr'>οὖν</span> 
     </span>
    </p>
   </div>
   <div class='ocr_carea' id='block_1_29' title="bbox 274 2923 1861 3003">
    <p class='ocr_par' dir='ltr' id='par_1_29' title="bbox 274 2923 1861 3003">
     <span class='ocr_line' id='line_1_29' title="bbox 274 2923 1861 3003; baseline 0.006 -21"><span class='ocrx_word' id='word_1_216' title='bbox 274 2931 532 3002; x_wconf 73' lang='grc' dir='ltr'>βουλήσει</span> <span class='ocrx_word' id='word_1_217' title='bbox 560 2931 782 3000; x_wconf 79' lang='grc' dir='ltr'>γέγονεν</span> <span class='ocrx_word' id='word_1_218' title='bbox 809 2933 836 2983; x_wconf 92' lang='lat'><strong>6</strong></span> <span class='ocrx_word' id='word_1_219' title='bbox 866 2933 924 2983; x_wconf 85' lang='grc' dir='ltr'>ὲν</span> <span class='ocrx_word' id='word_1_220' title='bbox 954 2923 1108 3001; x_wconf 79' lang='grc' dir='ltr'>ᾧπερ</span> <span class='ocrx_word' id='word_1_221' title='bbox 1135 2933 1168 3002; x_wconf 88' lang='grc' dir='ltr'><strong>ή</strong></span> <span class='ocrx_word' id='word_1_222' title='bbox 1201 2931 1452 3003; x_wconf 87' lang='grc' dir='ltr'>βούλησίς</span> <span class='ocrx_word' id='word_1_223' title='bbox 1477 2935 1594 2988; x_wconf 84' lang='grc' dir='ltr'>ἐστι</span> <span class='ocrx_word' id='word_1_224' title='bbox 1625 2936 1720 2988; x_wconf 87' lang='grc' dir='ltr'><strong>τοῦ</strong></span> <span class='ocrx_word' id='word_1_225' title='bbox 1748 2937 1861 2990; x_wconf 86' lang='grc' dir='ltr'><strong>[Ια-</strong></span> 
     </span>
    </p>
   </div>
   <div class='ocr_carea' id='block_1_30' title="bbox 269 3021 1862 3093">
    <p class='ocr_par' dir='ltr' id='par_1_30' title="bbox 269 3021 1862 3093">
     <span class='ocr_line' id='line_1_30' title="bbox 269 3021 1862 3093; baseline 0.004 -19"><span class='ocrx_word' id='word_1_226' title='bbox 269 3021 446 3092; x_wconf 80' lang='grc' dir='ltr'>τρός;</span> <span class='ocrx_word' id='word_1_227' title='bbox 491 3024 561 3075; x_wconf 82' lang='grc' dir='ltr'><strong>’Ἡ</strong></span> <span class='ocrx_word' id='word_1_228' title='bbox 618 3023 726 3092; x_wconf 78' lang='grc' dir='ltr'><strong>γὰρ</strong></span> <span class='ocrx_word' id='word_1_229' title='bbox 787 3023 978 3093; x_wconf 80' lang='grc' dir='ltr'>ἑτέραν</span> <span class='ocrx_word' id='word_1_230' title='bbox 1040 3024 1189 3092; x_wconf 80' lang='grc' dir='ltr'>ἡμᾶς</span> <span class='ocrx_word' id='word_1_231' title='bbox 1252 3023 1444 3091; x_wconf 86' lang='grc' dir='ltr'>σοφίαν</span> <span class='ocrx_word' id='word_1_232' title='bbox 1498 3027 1862 3081; x_wconf 82' lang='grc' dir='ltr'>ἀναπλάττειν</span> 
     </span>
    </p>
   </div>
   <div class='ocr_carea' id='block_1_31' title="bbox 270 3108 1862 3186">
    <p class='ocr_par' dir='ltr' id='par_1_31' title="bbox 270 3108 1862 3186">
     <span class='ocr_line' id='line_1_31' title="bbox 270 3108 1862 3186; baseline 0.006 -21"><span class='ocrx_word' id='word_1_233' title='bbox 270 3114 516 3183; x_wconf 77' lang='grc' dir='ltr'>ἀνάγκη,</span> <span class='ocrx_word' id='word_1_234' title='bbox 539 3114 597 3166; x_wconf 73' lang='grc' dir='ltr'>ιν</span> <span class='ocrx_word' id='word_1_235' title='bbox 683 3113 1111 3184; x_wconf 79' lang='grc' dir='ltr'>βουλευσάμενος</span> <span class='ocrx_word' id='word_1_236' title='bbox 1143 3115 1407 3184; x_wconf 80' lang='grc' dir='ltr'>πεποίηκε</span> <span class='ocrx_word' id='word_1_237' title='bbox 1435 3116 1526 3168; x_wconf 81' lang='grc' dir='ltr'><strong>τὸν</strong></span> <span class='ocrx_word' id='word_1_238' title='bbox 1552 3116 1700 3182; x_wconf 77' lang='grc' dir='ltr'>Υἰὸν,</span> <span class='ocrx_word' id='word_1_239' title='bbox 1729 3120 1862 3174; x_wconf 85' lang='grc' dir='ltr'><strong>καθ-</strong></span> 
     </span>
    </p>
   </div>
   <div class='ocr_carea' id='block_1_32' title="bbox 1968 585 3559 655">
    <p class='ocr_par' dir='ltr' id='par_1_32' title="bbox 1968 585 3559 655">
     <span class='ocr_line' id='line_1_32' title="bbox 1968 585 3559 655; baseline -0.004 -15"><span class='ocrx_word' id='word_1_240' title='bbox 1968 595 2154 640; x_wconf 87' lang='lat' dir='ltr'><strong>vestro</strong></span> <span class='ocrx_word' id='word_1_241' title='bbox 2206 587 2506 655; x_wconf 83' lang='lat' dir='ltr'><strong>loquentes.</strong></span> <span class='ocrx_word' id='word_1_242' title='bbox 2568 595 2626 638; x_wconf 94' lang='lat' dir='ltr'><strong>ut</strong></span> <span class='ocrx_word' id='word_1_243' title='bbox 2681 585 2862 655; x_wconf 88' lang='lat' dir='ltr'><strong>inquit</strong></span> <span class='ocrx_word' id='word_1_244' title='bbox 2892 585 3174 654; x_wconf 72' lang='lat' dir='ltr'><strong>propheta,</strong></span> <span class='ocrx_word' id='word_1_245' title='bbox 3210 593 3262 638; x_wconf 89' lang='lat' dir='ltr'><strong>et</strong></span> <span class='ocrx_word' id='word_1_246' title='bbox 3322 599 3427 640; x_wconf 90' lang='lat' dir='ltr'><strong>non</strong></span> <span class='ocrx_word' id='word_1_247' title='bbox 3483 600 3559 639; x_wconf 21' lang='lat' dir='ltr'><strong>ex,</strong></span> 
     </span>
    </p>
   </div>
   <div class='ocr_carea' id='block_1_33' title="bbox 1989 678 2637 735">
    <p class='ocr_par' dir='ltr' id='par_1_33' title="bbox 1989 678 2637 735">
     <span class='ocr_line' id='line_1_33' title="bbox 1989 678 2637 735; baseline -0.003 -3"><span class='ocrx_word' id='word_1_248' title='bbox 1989 693 2082 734; x_wconf 88' lang='lat' dir='ltr'><strong>ore</strong></span> <span class='ocrx_word' id='word_1_249' title='bbox 2118 678 2325 735; x_wconf 85' lang='lat' dir='ltr'><strong>Domini</strong></span> <span class='ocrx_word' id='word_1_250' title='bbox 2358 679 2424 730; x_wconf 87' lang='lat'><strong>&#39;“.</strong></span> <span class='ocrx_word' id='word_1_251' title='bbox 2629 688 2637 697; x_wconf 90' lang='lat'>&#39;</span> 
     </span>
    </p>
   </div>
   <div class='ocr_carea' id='block_1_34' title="bbox 2646 786 2873 843">
    <p class='ocr_par' dir='ltr' id='par_1_34' title="bbox 2646 786 2873 843">
     <span class='ocr_line' id='line_1_34' title="bbox 2646 786 2873 843; baseline -0.004 -2"><span class='ocrx_word' id='word_1_252' title='bbox 2646 786 2873 843; x_wconf 83' lang='lat' dir='ltr'><strong>ALIUD.</strong></span> 
     </span>
    </p>
   </div>
   <div class='ocr_carea' id='block_1_35' title="bbox 2037 899 3549 968">
    <p class='ocr_par' dir='ltr' id='par_1_35' title="bbox 2037 899 3549 968">
     <span class='ocr_line' id='line_1_35' title="bbox 2037 899 3549 968; baseline -0.001 -14"><span class='ocrx_word' id='word_1_253' title='bbox 2037 900 2092 954; x_wconf 89' lang='lat' dir='ltr'><strong>Si</strong></span> <span class='ocrx_word' id='word_1_254' title='bbox 2121 914 2186 955; x_wconf 83' lang='lat' dir='ltr'><strong>ex</strong></span> <span class='ocrx_word' id='word_1_255' title='bbox 2215 900 2488 956; x_wconf 94' lang='lat' dir='ltr'><strong>voluntate</strong></span> <span class='ocrx_word' id='word_1_256' title='bbox 2516 899 2709 954; x_wconf 84' lang='lat' dir='ltr'><strong>Filium</strong></span> <span class='ocrx_word' id='word_1_257' title='bbox 2741 899 2980 968; x_wconf 76' lang='lat' dir='ltr'><strong>genitum</strong></span> <span class='ocrx_word' id='word_1_258' title='bbox 3014 899 3216 963; x_wconf 86' lang='lat' dir='ltr'><strong>dicitis,</strong></span> <span class='ocrx_word' id='word_1_259' title='bbox 3242 908 3299 954; x_wconf 84' lang='lat' dir='ltr'><strong>et</strong></span> <span class='ocrx_word' id='word_1_260' title='bbox 3323 905 3549 953; x_wconf 86' lang='lat' dir='ltr'><strong>conten-</strong></span> 
     </span>
    </p>
   </div>
   <div class='ocr_carea' id='block_1_36' title="bbox 1965 987 3552 1058">
    <p class='ocr_par' dir='ltr' id='par_1_36' title="bbox 1965 987 3552 1058">
     <span class='ocr_line' id='line_1_36' title="bbox 1965 987 3552 1058; baseline -0.003 -14"><span class='ocrx_word' id='word_1_261' title='bbox 1965 989 2091 1045; x_wconf 88' lang='lat' dir='ltr'><strong>ditis</strong></span> <span class='ocrx_word' id='word_1_262' title='bbox 2119 990 2446 1045; x_wconf 80' lang='lat' dir='ltr'><strong>voluntatem</strong></span> <span class='ocrx_word' id='word_1_263' title='bbox 2475 989 2765 1057; x_wconf 72' lang='lat' dir='ltr'><strong>generandi</strong></span> <span class='ocrx_word' id='word_1_264' title='bbox 2791 987 2960 1058; x_wconf 82' lang='lat' dir='ltr'><strong>ipsius</strong></span> <span class='ocrx_word' id='word_1_265' title='bbox 2986 987 3387 1057; x_wconf 79' lang='lat' dir='ltr'><strong>generationem</strong></span> <span class='ocrx_word' id='word_1_266' title='bbox 3413 1003 3552 1057; x_wconf 80' lang='lat' dir='ltr'><strong>pra:-</strong></span> 
     </span>
    </p>
   </div>
   <div class='ocr_carea' id='block_1_37' title="bbox 1965 1077 3551 1148">
    <p class='ocr_par' dir='ltr' id='par_1_37' title="bbox 1965 1077 3551 1148">
     <span class='ocr_line' id='line_1_37' title="bbox 1965 1077 3551 1148; baseline -0.003 -11"><span class='ocrx_word' id='word_1_267' title='bbox 1965 1082 2215 1147; x_wconf 85' lang='lat' dir='ltr'><strong>cessisse,</strong></span> <span class='ocrx_word' id='word_1_268' title='bbox 2238 1096 2334 1136; x_wconf 91' lang='lat' dir='ltr'><strong>cur</strong></span> <span class='ocrx_word' id='word_1_269' title='bbox 2359 1095 2464 1135; x_wconf 91' lang='lat' dir='ltr'><strong>non</strong></span> <span class='ocrx_word' id='word_1_270' title='bbox 2501 1082 2615 1135; x_wconf 62' lang='lat' dir='ltr'><strong>haec</strong></span> <span class='ocrx_word' id='word_1_271' title='bbox 2643 1080 2710 1134; x_wconf 85' lang='lat' dir='ltr'><strong>de</strong></span> <span class='ocrx_word' id='word_1_272' title='bbox 2737 1093 2802 1134; x_wconf 89' lang='lat' dir='ltr'><strong>eo</strong></span> <span class='ocrx_word' id='word_1_273' title='bbox 2829 1078 2959 1133; x_wconf 86' lang='lat' dir='ltr'><strong>dicit</strong></span> <span class='ocrx_word' id='word_1_274' title='bbox 2985 1077 3291 1148; x_wconf 82' lang='lat' dir='ltr'><strong>Scriptura,</strong></span> <span class='ocrx_word' id='word_1_275' title='bbox 3314 1079 3456 1133; x_wconf 87' lang='lat' dir='ltr'><strong>sicut</strong></span> <span class='ocrx_word' id='word_1_276' title='bbox 3485 1079 3551 1132; x_wconf 90' lang='lat' dir='ltr'><strong>de</strong></span> 
     </span>
    </p>
   </div>
   <div class='ocr_carea' id='block_1_38' title="bbox 1964 1170 3550 1240">
    <p class='ocr_par' dir='ltr' id='par_1_38' title="bbox 1964 1170 3550 1240">
     <span class='ocr_line' id='line_1_38' title="bbox 1964 1170 3550 1240; baseline -0.003 -13"><span class='ocrx_word' id='word_1_277' title='bbox 1964 1173 2084 1228; x_wconf 78' lang='lat' dir='ltr'><strong>aliis</strong></span> <span class='ocrx_word' id='word_1_278' title='bbox 2116 1172 2406 1229; x_wconf 81' lang='lat' dir='ltr'><strong>creaturis.</strong></span> <span class='ocrx_word' id='word_1_279' title='bbox 2442 1171 2576 1225; x_wconf 86' lang='lat' dir='ltr'><strong>Nam</strong></span> <span class='ocrx_word' id='word_1_280' title='bbox 2615 1170 2670 1224; x_wconf 91' lang='lat' dir='ltr'><strong>in</strong></span> <span class='ocrx_word' id='word_1_281' title='bbox 2712 1171 2778 1224; x_wconf 90' lang='lat' dir='ltr'><strong>iis</strong></span> <span class='ocrx_word' id='word_1_282' title='bbox 2809 1185 2928 1239; x_wconf 78' lang='lat' dir='ltr'><strong>qua:</strong></span> <span class='ocrx_word' id='word_1_283' title='bbox 2966 1170 3108 1225; x_wconf 79' lang='lat' dir='ltr'><strong>Deus</strong></span> <span class='ocrx_word' id='word_1_284' title='bbox 3142 1170 3378 1236; x_wconf 85' lang='lat' dir='ltr'><strong>creavit,</strong></span> <span class='ocrx_word' id='word_1_285' title='bbox 3407 1185 3550 1240; x_wconf 70' lang='lat' dir='ltr'><strong>pra:-</strong></span> 
     </span>
    </p>
   </div>
   <div class='ocr_carea' id='block_1_39' title="bbox 1965 1256 3547 1325">
    <p class='ocr_par' dir='ltr' id='par_1_39' title="bbox 1965 1256 3547 1325">
     <span class='ocr_line' id='line_1_39' title="bbox 1965 1256 3547 1325; baseline -0.006 -8"><span class='ocrx_word' id='word_1_286' title='bbox 1965 1263 2126 1317; x_wconf 90' lang='lat' dir='ltr'><strong>cessit</strong></span> <span class='ocrx_word' id='word_1_287' title='bbox 2146 1260 2416 1325; x_wconf 80' lang='lat' dir='ltr'><strong>voluntas,</strong></span> <span class='ocrx_word' id='word_1_288' title='bbox 2442 1270 2498 1313; x_wconf 82' lang='lat' dir='ltr'><strong>ut</strong></span> <span class='ocrx_word' id='word_1_289' title='bbox 2524 1260 2575 1314; x_wconf 92' lang='lat' dir='ltr'><strong>in</strong></span> <span class='ocrx_word' id='word_1_290' title='bbox 2604 1259 2729 1312; x_wconf 89' lang='lat' dir='ltr'><strong>illo:</strong></span> <span class='ocrx_word' id='word_1_291' title='bbox 2760 1276 2779 1310; x_wconf 77' lang='grc' dir='ltr'><strong>ι</strong></span> <span class='ocrx_word' id='word_1_292' title='bbox 2811 1256 3099 1312; x_wconf 84' lang='lat' dir='ltr'><strong>Faciamus</strong></span> <span class='ocrx_word' id='word_1_293' title='bbox 3124 1258 3400 1313; x_wconf 85' lang='lat' dir='ltr'><strong>hominem</strong></span> <span class='ocrx_word' id='word_1_294' title='bbox 3427 1257 3494 1310; x_wconf 75' lang='grc' dir='ltr'><strong>τ’.</strong></span> <span class='ocrx_word' id='word_1_295' title='bbox 3529 1275 3547 1307; x_wconf 74' lang='grc' dir='ltr'><strong>ι</strong></span> 
     </span>
    </p>
   </div>
   <div class='ocr_carea' id='block_1_40' title="bbox 1966 1348 3551 1420">
    <p class='ocr_par' dir='ltr' id='par_1_40' title="bbox 1966 1348 3551 1420">
     <span class='ocr_line' id='line_1_40' title="bbox 1966 1348 3551 1420; baseline -0.003 -14"><span class='ocrx_word' id='word_1_296' title='bbox 1966 1351 2030 1406; x_wconf 85' lang='lat' dir='ltr'><strong>Et</strong></span> <span class='ocrx_word' id='word_1_297' title='bbox 2074 1353 2126 1406; x_wconf 93' lang='lat' dir='ltr'><strong>in</strong></span> <span class='ocrx_word' id='word_1_298' title='bbox 2171 1351 2272 1406; x_wconf 91' lang='lat' dir='ltr'><strong>hoc</strong></span> <span class='ocrx_word' id='word_1_299' title='bbox 2315 1370 2329 1405; x_wconf 88' lang='lat'>:</span> <span class='ocrx_word' id='word_1_300' title='bbox 2379 1369 2396 1402; x_wconf 86' lang='grc' dir='ltr'><strong>ι</strong></span> <span class='ocrx_word' id='word_1_301' title='bbox 2442 1352 2632 1405; x_wconf 81' lang='lat' dir='ltr'><strong>Omnia</strong></span> <span class='ocrx_word' id='word_1_302' title='bbox 2678 1365 2796 1420; x_wconf 76' lang='lat' dir='ltr'><strong>quze</strong></span> <span class='ocrx_word' id='word_1_303' title='bbox 2839 1349 3035 1412; x_wconf 89' lang='lat' dir='ltr'><strong>voluit,</strong></span> <span class='ocrx_word' id='word_1_304' title='bbox 3069 1348 3284 1403; x_wconf 76' lang='lat' dir='ltr'><strong>fecit&quot;.</strong></span> <span class='ocrx_word' id='word_1_305' title='bbox 3325 1367 3343 1398; x_wconf 74' lang='grc' dir='ltr'><strong>ι</strong></span> <span class='ocrx_word' id='word_1_306' title='bbox 3385 1348 3456 1401; x_wconf 85' lang='grc' dir='ltr'>Δι</span> <span class='ocrx_word' id='word_1_307' title='bbox 3499 1348 3551 1401; x_wconf 93' lang='lat' dir='ltr'><strong>in</strong></span> 
     </span>
    </p>
   </div>
   <div class='ocr_carea' id='block_1_41' title="bbox 1967 1437 3550 1510">
    <p class='ocr_par' dir='ltr' id='par_1_41' title="bbox 1967 1437 3550 1510">
     <span class='ocr_line' id='line_1_41' title="bbox 1967 1437 3550 1510; baseline -0.003 -14"><span class='ocrx_word' id='word_1_308' title='bbox 1967 1441 2142 1496; x_wconf 89' lang='lat' dir='ltr'><strong>Verbo</strong></span> <span class='ocrx_word' id='word_1_309' title='bbox 2175 1442 2265 1497; x_wconf 85' lang='lat' dir='ltr'><strong>Dei</strong></span> <span class='ocrx_word' id='word_1_310' title='bbox 2292 1442 2435 1495; x_wconf 89' lang='lat' dir='ltr'><strong>nulla</strong></span> <span class='ocrx_word' id='word_1_311' title='bbox 2468 1439 2715 1496; x_wconf 83' lang='lat' dir='ltr'><strong>voluntas</strong></span> <span class='ocrx_word' id='word_1_312' title='bbox 2750 1449 2843 1494; x_wconf 84' lang='lat' dir='ltr'><strong>aut</strong></span> <span class='ocrx_word' id='word_1_313' title='bbox 2878 1441 3165 1495; x_wconf 84' lang='lat' dir='ltr'><strong>consilium</strong></span> <span class='ocrx_word' id='word_1_314' title='bbox 3201 1437 3550 1510; x_wconf 67' lang='lat' dir='ltr'><strong>praecessisse</strong></span> 
     </span>
    </p>
   </div>
   <div class='ocr_carea' id='block_1_42' title="bbox 1964 1527 3548 1602">
    <p class='ocr_par' dir='ltr' id='par_1_42' title="bbox 1964 1527 3548 1602">
     <span class='ocr_line' id='line_1_42' title="bbox 1964 1527 3548 1602; baseline -0.001 -18"><span class='ocrx_word' id='word_1_315' title='bbox 1964 1532 2178 1602; x_wconf 79' lang='lat' dir='ltr'><strong>legitur.</strong></span> <span class='ocrx_word' id='word_1_316' title='bbox 2196 1530 2302 1586; x_wconf 85' lang='lat' dir='ltr'><strong>Sed</strong></span> <span class='ocrx_word' id='word_1_317' title='bbox 2328 1539 2557 1596; x_wconf 87' lang='lat' dir='ltr'><strong>tantum,</strong></span> <span class='ocrx_word' id='word_1_318' title='bbox 2576 1531 2720 1600; x_wconf 86' lang='lat' dir='ltr'><strong>quod</strong></span> <span class='ocrx_word' id='word_1_319' title='bbox 2742 1539 2877 1596; x_wconf 76' lang='lat' dir='ltr'><strong>erat,</strong></span> <span class='ocrx_word' id='word_1_320' title='bbox 2895 1539 3040 1585; x_wconf 76' lang='lat' dir='ltr'><strong>etest</strong></span> <span class='ocrx_word' id='word_1_321' title='bbox 3062 1529 3330 1587; x_wconf 83' lang='lat' dir='ltr'><strong>audimus.</strong></span> <span class='ocrx_word' id='word_1_322' title='bbox 3349 1527 3548 1596; x_wconf 84' lang='lat' dir='ltr'><strong>Atque,</strong></span> 
     </span>
    </p>
   </div>
   <div class='ocr_carea' id='block_1_43' title="bbox 1964 1615 3551 1687">
    <p class='ocr_par' dir='ltr' id='par_1_43' title="bbox 1964 1615 3551 1687">
     <span class='ocr_line' id='line_1_43' title="bbox 1964 1615 3551 1687; baseline -0.003 -15"><span class='ocrx_word' id='word_1_323' title='bbox 1964 1629 2022 1674; x_wconf 94' lang='lat' dir='ltr'><strong>ut</strong></span> <span class='ocrx_word' id='word_1_324' title='bbox 2049 1621 2120 1676; x_wconf 84' lang='lat' dir='ltr'><strong>ita</strong></span> <span class='ocrx_word' id='word_1_325' title='bbox 2149 1620 2322 1677; x_wconf 89' lang='lat' dir='ltr'><strong>dicam</strong></span> <span class='ocrx_word' id='word_1_326' title='bbox 2342 1660 2356 1684; x_wconf 95' lang='lat'><strong>,</strong></span> <span class='ocrx_word' id='word_1_327' title='bbox 2387 1618 2653 1673; x_wconf 85' lang='lat' dir='ltr'><strong>naturalis</strong></span> <span class='ocrx_word' id='word_1_328' title='bbox 2679 1618 2796 1687; x_wconf 84' lang='lat' dir='ltr'><strong>ejus</strong></span> <span class='ocrx_word' id='word_1_329' title='bbox 2830 1619 2979 1673; x_wconf 90' lang='lat' dir='ltr'><strong>locus</strong></span> <span class='ocrx_word' id='word_1_330' title='bbox 3014 1626 3136 1673; x_wconf 87' lang='lat' dir='ltr'><strong>erat</strong></span> <span class='ocrx_word' id='word_1_331' title='bbox 3163 1616 3344 1671; x_wconf 84' lang='lat' dir='ltr'><strong>Pater.</strong></span> <span class='ocrx_word' id='word_1_332' title='bbox 3372 1615 3551 1682; x_wconf 87' lang='lat' dir='ltr'><strong>Quare</strong></span> 
     </span>
    </p>
   </div>
   <div class='ocr_carea' id='block_1_44' title="bbox 1963 1709 3550 1780">
    <p class='ocr_par' dir='ltr' id='par_1_44' title="bbox 1963 1709 3550 1780">
     <span class='ocr_line' id='line_1_44' title="bbox 1963 1709 3550 1780; baseline -0.004 -11"><span class='ocrx_word' id='word_1_333' title='bbox 1963 1713 2008 1769; x_wconf 88' lang='lat' dir='ltr'><strong>si</strong></span> <span class='ocrx_word' id='word_1_334' title='bbox 2072 1714 2123 1768; x_wconf 92' lang='lat' dir='ltr'><strong>in</strong></span> <span class='ocrx_word' id='word_1_335' title='bbox 2178 1713 2432 1768; x_wconf 89' lang='lat' dir='ltr'><strong>omnibus</strong></span> <span class='ocrx_word' id='word_1_336' title='bbox 2490 1713 2755 1767; x_wconf 81' lang='lat' dir='ltr'><strong>creaturis</strong></span> <span class='ocrx_word' id='word_1_337' title='bbox 2813 1710 3144 1766; x_wconf 81' lang='lat' dir='ltr'><strong>voluntatem</strong></span> <span class='ocrx_word' id='word_1_338' title='bbox 3206 1709 3550 1780; x_wconf 63' lang='lat' dir='ltr'><strong>praecessisse</strong></span> 
     </span>
    </p>
   </div>
   <div class='ocr_carea' id='block_1_45' title="bbox 1965 1799 3551 1874">
    <p class='ocr_par' dir='ltr' id='par_1_45' title="bbox 1965 1799 3551 1874">
     <span class='ocr_line' id='line_1_45' title="bbox 1965 1799 3551 1874; baseline -0.004 -15"><span class='ocrx_word' id='word_1_339' title='bbox 1965 1804 2245 1874; x_wconf 85' lang='lat' dir='ltr'><strong>Scriptura</strong></span> <span class='ocrx_word' id='word_1_340' title='bbox 2281 1811 2530 1866; x_wconf 85' lang='lat' dir='ltr'><strong>testatur,</strong></span> <span class='ocrx_word' id='word_1_341' title='bbox 2559 1802 2624 1856; x_wconf 89' lang='lat' dir='ltr'><strong>de</strong></span> <span class='ocrx_word' id='word_1_342' title='bbox 2655 1800 2792 1856; x_wconf 90' lang='lat' dir='ltr'><strong>Filio</strong></span> <span class='ocrx_word' id='word_1_343' title='bbox 2819 1811 2995 1856; x_wconf 88' lang='lat' dir='ltr'><strong>autem</strong></span> <span class='ocrx_word' id='word_1_344' title='bbox 3025 1800 3159 1855; x_wconf 87' lang='lat' dir='ltr'><strong>nihil</strong></span> <span class='ocrx_word' id='word_1_345' title='bbox 3190 1799 3456 1867; x_wconf 85' lang='lat' dir='ltr'><strong>ejusmodi</strong></span> <span class='ocrx_word' id='word_1_346' title='bbox 3499 1800 3551 1854; x_wconf 88' lang='lat' dir='ltr'><strong>in</strong></span> 
     </span>
    </p>
   </div>
   <div class='ocr_carea' id='block_1_46' title="bbox 1964 1889 3551 1958">
    <p class='ocr_par' dir='ltr' id='par_1_46' title="bbox 1964 1889 3551 1958">
     <span class='ocr_line' id='line_1_46' title="bbox 1964 1889 3551 1958; baseline -0.004 -10"><span class='ocrx_word' id='word_1_347' title='bbox 1964 1892 2140 1948; x_wconf 88' lang='lat' dir='ltr'><strong>sacris</strong></span> <span class='ocrx_word' id='word_1_348' title='bbox 2182 1889 2405 1945; x_wconf 79' lang='lat' dir='ltr'><strong>Litteris</strong></span> <span class='ocrx_word' id='word_1_349' title='bbox 2452 1889 2725 1945; x_wconf 84' lang='lat' dir='ltr'><strong>invenitur</strong></span> <span class='ocrx_word' id='word_1_350' title='bbox 2773 1908 2786 1944; x_wconf 91' lang='lat'><strong>:</strong></span> <span class='ocrx_word' id='word_1_351' title='bbox 2844 1906 2948 1944; x_wconf 92' lang='lat' dir='ltr'><strong>non</strong></span> <span class='ocrx_word' id='word_1_352' title='bbox 2993 1897 3074 1946; x_wconf 88' lang='lat' dir='ltr'><strong>est</strong></span> <span class='ocrx_word' id='word_1_353' title='bbox 3124 1903 3257 1958; x_wconf 76' lang='lat' dir='ltr'><strong>ergo</strong></span> <span class='ocrx_word' id='word_1_354' title='bbox 3301 1905 3441 1944; x_wconf 89' lang='lat' dir='ltr'><strong>unus</strong></span> <span class='ocrx_word' id='word_1_355' title='bbox 3486 1904 3551 1943; x_wconf 75' lang='lat' dir='ltr'><strong>ex</strong></span> 
     </span>
    </p>
   </div>
   <div class='ocr_carea' id='block_1_47' title="bbox 1964 1981 3556 2050">
    <p class='ocr_par' dir='ltr' id='par_1_47' title="bbox 1964 1981 3556 2050">
     <span class='ocr_line' id='line_1_47' title="bbox 1964 1981 3556 2050; baseline -0.003 -11"><span class='ocrx_word' id='word_1_356' title='bbox 1964 1983 2193 2047; x_wconf 87' lang='lat' dir='ltr'><strong>creatis,</strong></span> <span class='ocrx_word' id='word_1_357' title='bbox 2227 1997 2400 2050; x_wconf 89' lang='lat' dir='ltr'><strong>neque</strong></span> <span class='ocrx_word' id='word_1_358' title='bbox 2445 1996 2512 2036; x_wconf 77' lang='lat' dir='ltr'><strong>ex</strong></span> <span class='ocrx_word' id='word_1_359' title='bbox 2553 1981 2828 2038; x_wconf 86' lang='lat' dir='ltr'><strong>voluntate</strong></span> <span class='ocrx_word' id='word_1_360' title='bbox 2869 1981 3046 2037; x_wconf 81' lang='lat' dir='ltr'><strong>factus</strong></span> <span class='ocrx_word' id='word_1_361' title='bbox 3101 1990 3221 2048; x_wconf 87' lang='lat' dir='ltr'><strong>est,</strong></span> <span class='ocrx_word' id='word_1_362' title='bbox 3258 1988 3317 2035; x_wconf 91' lang='lat' dir='ltr'><strong>ut</strong></span> <span class='ocrx_word' id='word_1_363' title='bbox 3366 1995 3556 2035; x_wconf 89' lang='lat' dir='ltr'><strong>omnes</strong></span> 
     </span>
    </p>
   </div>
   <div class='ocr_carea' id='block_1_48' title="bbox 1965 2069 3563 2141">
    <p class='ocr_par' dir='ltr' id='par_1_48' title="bbox 1965 2069 3563 2141">
     <span class='ocr_line' id='line_1_48' title="bbox 1965 2069 3563 2141; baseline -0.002 -13"><span class='ocrx_word' id='word_1_364' title='bbox 1965 2083 2259 2140; x_wconf 67' lang='lat' dir='ltr'><strong>creaturae,</strong></span> <span class='ocrx_word' id='word_1_365' title='bbox 2293 2086 2356 2126; x_wconf 82' lang='lat' dir='ltr'><strong>ex</strong></span> <span class='ocrx_word' id='word_1_366' title='bbox 2407 2070 2568 2126; x_wconf 84' lang='lat' dir='ltr'><strong>Patre</strong></span> <span class='ocrx_word' id='word_1_367' title='bbox 2615 2071 2918 2141; x_wconf 86' lang='lat' dir='ltr'><strong>procedens</strong></span> <span class='ocrx_word' id='word_1_368' title='bbox 2963 2079 3127 2141; x_wconf 89' lang='lat' dir='ltr'><strong>atque</strong></span> <span class='ocrx_word' id='word_1_369' title='bbox 3178 2085 3245 2127; x_wconf 82' lang='lat' dir='ltr'><strong>ex</strong></span> <span class='ocrx_word' id='word_1_370' title='bbox 3279 2069 3563 2126; x_wconf 73' lang='lat' dir='ltr'><strong>Geuitoris.</strong></span> 
     </span>
    </p>
   </div>
   <div class='ocr_carea' id='block_1_49' title="bbox 1964 2165 2876 2239">
    <p class='ocr_par' dir='ltr' id='par_1_49' title="bbox 1964 2165 2876 2239">
     <span class='ocr_line' id='line_1_49' title="bbox 1964 2165 2876 2239; baseline 0 -20"><span class='ocrx_word' id='word_1_371' title='bbox 1964 2165 2200 2239; x_wconf 83' lang='lat' dir='ltr'><strong>essentia</strong></span> <span class='ocrx_word' id='word_1_372' title='bbox 2221 2204 2235 2232; x_wconf 91' lang='lat'><strong>,</strong></span> <span class='ocrx_word' id='word_1_373' title='bbox 2262 2165 2329 2220; x_wconf 89' lang='lat' dir='ltr'><strong>ab</strong></span> <span class='ocrx_word' id='word_1_374' title='bbox 2354 2173 2558 2220; x_wconf 66' lang='lat' dir='ltr'><strong>aeterno</strong></span> <span class='ocrx_word' id='word_1_375' title='bbox 2584 2165 2876 2221; x_wconf 79' lang='lat' dir='ltr'><strong>exsisteus.</strong></span> 
     </span>
    </p>
   </div>
   <div class='ocr_carea' id='block_1_50' title="bbox 2640 2365 2872 2422">
    <p class='ocr_par' dir='ltr' id='par_1_50' title="bbox 2640 2365 2872 2422">
     <span class='ocr_line' id='line_1_50' title="bbox 2640 2365 2872 2422; baseline 0 -2"><span class='ocrx_word' id='word_1_376' title='bbox 2640 2365 2798 2422; x_wconf 82' lang='lat' dir='ltr'><strong>ALIU</strong></span> <span class='ocrx_word' id='word_1_377' title='bbox 2813 2366 2872 2420; x_wconf 91' lang='lat' dir='ltr'><strong>D.</strong></span> 
     </span>
    </p>
   </div>
   <div class='ocr_carea' id='block_1_51' title="bbox 2034 2473 3561 2532">
    <p class='ocr_par' dir='ltr' id='par_1_51' title="bbox 2034 2473 3561 2532">
     <span class='ocr_line' id='line_1_51' title="bbox 2034 2473 3561 2532; baseline -0.003 0"><span class='ocrx_word' id='word_1_378' title='bbox 2034 2477 2232 2532; x_wconf 86' lang='lat' dir='ltr'><strong>Paulus</strong></span> <span class='ocrx_word' id='word_1_379' title='bbox 2273 2476 2468 2532; x_wconf 91' lang='lat' dir='ltr'><strong>alicubi</strong></span> <span class='ocrx_word' id='word_1_380' title='bbox 2509 2477 2577 2531; x_wconf 90' lang='lat' dir='ltr'><strong>de</strong></span> <span class='ocrx_word' id='word_1_381' title='bbox 2621 2475 2912 2531; x_wconf 88' lang='lat' dir='ltr'><strong>Servatore</strong></span> <span class='ocrx_word' id='word_1_382' title='bbox 2953 2483 3137 2530; x_wconf 86' lang='lat' dir='ltr'><strong>nostro</strong></span> <span class='ocrx_word' id='word_1_383' title='bbox 3201 2474 3421 2531; x_wconf 90' lang='lat' dir='ltr'><strong>Christo</strong></span> <span class='ocrx_word' id='word_1_384' title='bbox 3478 2473 3561 2529; x_wconf 76' lang='lat' dir='ltr'><strong>ait</strong></span> 
     </span>
    </p>
   </div>
   <div class='ocr_carea' id='block_1_52' title="bbox 1965 2565 3552 2640">
    <p class='ocr_par' dir='ltr' id='par_1_52' title="bbox 1965 2565 3552 2640">
     <span class='ocr_line' id='line_1_52' title="bbox 1965 2565 3552 2640; baseline -0.003 -16"><span class='ocrx_word' id='word_1_385' title='bbox 1965 2571 2105 2640; x_wconf 89' lang='lat' dir='ltr'><strong>quod</strong></span> <span class='ocrx_word' id='word_1_386' title='bbox 2138 2570 2210 2625; x_wconf 90' lang='lat' dir='ltr'><strong>sit</strong></span> <span class='ocrx_word' id='word_1_387' title='bbox 2233 2570 2402 2625; x_wconf 91' lang='lat' dir='ltr'><strong>virtus</strong></span> <span class='ocrx_word' id='word_1_388' title='bbox 2431 2577 2485 2623; x_wconf 91' lang='lat' dir='ltr'><strong>et</strong></span> <span class='ocrx_word' id='word_1_389' title='bbox 2509 2568 2775 2638; x_wconf 84' lang='lat' dir='ltr'><strong>sapientia</strong></span> <span class='ocrx_word' id='word_1_390' title='bbox 2803 2568 2917 2622; x_wconf 90' lang='lat' dir='ltr'><strong>Dei.</strong></span> <span class='ocrx_word' id='word_1_391' title='bbox 2941 2565 2997 2622; x_wconf 89' lang='lat' dir='ltr'><strong>Si</strong></span> <span class='ocrx_word' id='word_1_392' title='bbox 3026 2582 3156 2638; x_wconf 76' lang='lat' dir='ltr'><strong>ergo</strong></span> <span class='ocrx_word' id='word_1_393' title='bbox 3181 2575 3264 2622; x_wconf 85' lang='lat' dir='ltr'><strong>est</strong></span> <span class='ocrx_word' id='word_1_394' title='bbox 3286 2566 3552 2637; x_wconf 86' lang='lat' dir='ltr'><strong>sapientia</strong></span> 
     </span>
    </p>
   </div>
   <div class='ocr_carea' id='block_1_53' title="bbox 1963 2655 3549 2729">
    <p class='ocr_par' dir='ltr' id='par_1_53' title="bbox 1963 2655 3549 2729">
     <span class='ocr_line' id='line_1_53' title="bbox 1963 2655 3549 2729; baseline -0.003 -16"><span class='ocrx_word' id='word_1_395' title='bbox 1963 2668 2018 2713; x_wconf 92' lang='lat' dir='ltr'><strong>et</strong></span> <span class='ocrx_word' id='word_1_396' title='bbox 2050 2661 2291 2729; x_wconf 88' lang='lat' dir='ltr'><strong>potentia</strong></span> <span class='ocrx_word' id='word_1_397' title='bbox 2323 2657 2504 2713; x_wconf 85' lang='lat' dir='ltr'><strong>Patris</strong></span> <span class='ocrx_word' id='word_1_398' title='bbox 2537 2656 2773 2713; x_wconf 90' lang='lat' dir='ltr'><strong>Verbum</strong></span> <span class='ocrx_word' id='word_1_399' title='bbox 2807 2672 2872 2711; x_wconf 85' lang='lat' dir='ltr'><strong>ex</strong></span> <span class='ocrx_word' id='word_1_400' title='bbox 2912 2658 3028 2725; x_wconf 88' lang='lat' dir='ltr'><strong>ipso</strong></span> <span class='ocrx_word' id='word_1_401' title='bbox 3062 2665 3116 2711; x_wconf 88' lang='lat' dir='ltr'><strong>et</strong></span> <span class='ocrx_word' id='word_1_402' title='bbox 3149 2657 3206 2710; x_wconf 89' lang='lat' dir='ltr'><strong>in</strong></span> <span class='ocrx_word' id='word_1_403' title='bbox 3244 2655 3549 2724; x_wconf 75' lang='lat' dir='ltr'><strong>ipsoexsi-</strong></span> 
     </span>
    </p>
   </div>
   <div class='ocr_carea' id='block_1_54' title="bbox 1964 2747 3550 2817">
    <p class='ocr_par' dir='ltr' id='par_1_54' title="bbox 1964 2747 3550 2817">
     <span class='ocr_line' id='line_1_54' title="bbox 1964 2747 3550 2817; baseline -0.003 -15"><span class='ocrx_word' id='word_1_404' title='bbox 1964 2755 2133 2810; x_wconf 88' lang='lat' dir='ltr'><strong>stens,</strong></span> <span class='ocrx_word' id='word_1_405' title='bbox 2182 2749 2356 2816; x_wconf 88' lang='lat' dir='ltr'><strong>ipsum</strong></span> <span class='ocrx_word' id='word_1_406' title='bbox 2385 2748 2550 2801; x_wconf 89' lang='lat' dir='ltr'><strong>etiam</strong></span> <span class='ocrx_word' id='word_1_407' title='bbox 2579 2757 2664 2802; x_wconf 92' lang='lat' dir='ltr'><strong>est</strong></span> <span class='ocrx_word' id='word_1_408' title='bbox 2691 2747 2744 2801; x_wconf 94' lang='lat' dir='ltr'><strong>in</strong></span> <span class='ocrx_word' id='word_1_409' title='bbox 2771 2761 2877 2816; x_wconf 88' lang='lat' dir='ltr'><strong>quo</strong></span> <span class='ocrx_word' id='word_1_410' title='bbox 2906 2747 3190 2813; x_wconf 86' lang='lat' dir='ltr'><strong>deliberat,</strong></span> <span class='ocrx_word' id='word_1_411' title='bbox 3211 2756 3264 2802; x_wconf 89' lang='lat' dir='ltr'><strong>et</strong></span> <span class='ocrx_word' id='word_1_412' title='bbox 3289 2762 3387 2817; x_wconf 88' lang='lat' dir='ltr'><strong>per</strong></span> <span class='ocrx_word' id='word_1_413' title='bbox 3408 2747 3550 2815; x_wconf 86' lang='lat' dir='ltr'><strong>quod</strong></span> 
     </span>
    </p>
   </div>
   <div class='ocr_carea' id='block_1_55' title="bbox 1964 2833 3554 2907">
    <p class='ocr_par' dir='ltr' id='par_1_55' title="bbox 1964 2833 3554 2907">
     <span class='ocr_line' id='line_1_55' title="bbox 1964 2833 3554 2907; baseline 0.001 -20"><span class='ocrx_word' id='word_1_414' title='bbox 1964 2838 2142 2891; x_wconf 81' lang='lat' dir='ltr'><strong>omnia</strong></span> <span class='ocrx_word' id='word_1_415' title='bbox 2175 2846 2449 2906; x_wconf 84' lang='lat' dir='ltr'><strong>operatur.</strong></span> <span class='ocrx_word' id='word_1_416' title='bbox 2481 2837 2764 2902; x_wconf 79' lang='lat' dir='ltr'><strong>Quomodo</strong></span> <span class='ocrx_word' id='word_1_417' title='bbox 2802 2836 2966 2906; x_wconf 83' lang='lat' dir='ltr'><strong>igitur</strong></span> <span class='ocrx_word' id='word_1_418' title='bbox 2999 2835 3290 2907; x_wconf 49' lang='lat' dir='ltr'><strong>voluntate.</strong></span> <span class='ocrx_word' id='word_1_419' title='bbox 3306 2835 3389 2889; x_wconf 88' lang='lat' dir='ltr'><strong>vel</strong></span> <span class='ocrx_word' id='word_1_420' title='bbox 3420 2833 3554 2889; x_wconf 88' lang='lat' dir='ltr'><strong>deli-</strong></span> 
     </span>
    </p>
   </div>
   <div class='ocr_carea' id='block_1_56' title="bbox 1965 2923 3557 2996">
    <p class='ocr_par' dir='ltr' id='par_1_56' title="bbox 1965 2923 3557 2996">
     <span class='ocr_line' id='line_1_56' title="bbox 1965 2923 3557 2996; baseline -0.002 -14"><span class='ocrx_word' id='word_1_421' title='bbox 1965 2929 2241 2983; x_wconf 87' lang='lat' dir='ltr'><strong>beratione</strong></span> <span class='ocrx_word' id='word_1_422' title='bbox 2269 2926 2446 2982; x_wconf 81' lang='lat' dir='ltr'><strong>factus</strong></span> <span class='ocrx_word' id='word_1_423' title='bbox 2474 2938 2557 2983; x_wconf 91' lang='lat' dir='ltr'><strong>est</strong></span> <span class='ocrx_word' id='word_1_424' title='bbox 2585 2928 2634 2982; x_wconf 86' lang='lat' dir='ltr'><strong>is</strong></span> <span class='ocrx_word' id='word_1_425' title='bbox 2663 2928 2715 2982; x_wconf 91' lang='lat' dir='ltr'><strong>in</strong></span> <span class='ocrx_word' id='word_1_426' title='bbox 2748 2943 2855 2996; x_wconf 85' lang='lat' dir='ltr'><strong>quo</strong></span> <span class='ocrx_word' id='word_1_427' title='bbox 2887 2937 2969 2982; x_wconf 90' lang='lat' dir='ltr'><strong>est</strong></span> <span class='ocrx_word' id='word_1_428' title='bbox 2995 2927 3313 2982; x_wconf 86' lang='lat' dir='ltr'><strong>deliberatio</strong></span> <span class='ocrx_word' id='word_1_429' title='bbox 3345 2923 3557 2980; x_wconf 79' lang='lat' dir='ltr'><strong>Patris?</strong></span> 
     </span>
    </p>
   </div>
   <div class='ocr_carea' id='block_1_57' title="bbox 1965 3014 3551 3084">
    <p class='ocr_par' dir='ltr' id='par_1_57' title="bbox 1965 3014 3551 3084">
     <span class='ocr_line' id='line_1_57' title="bbox 1965 3014 3551 3084; baseline -0.001 -16"><span class='ocrx_word' id='word_1_430' title='bbox 1965 3015 2068 3068; x_wconf 79' lang='lat' dir='ltr'><strong>Aut</strong></span> <span class='ocrx_word' id='word_1_431' title='bbox 2095 3016 2239 3069; x_wconf 83' lang='lat' dir='ltr'><strong>enim</strong></span> <span class='ocrx_word' id='word_1_432' title='bbox 2270 3014 2429 3068; x_wconf 88' lang='lat' dir='ltr'><strong>aliam</strong></span> <span class='ocrx_word' id='word_1_433' title='bbox 2462 3015 2786 3084; x_wconf 87' lang='lat' dir='ltr'><strong>sapientiam</strong></span> <span class='ocrx_word' id='word_1_434' title='bbox 2817 3014 3073 3083; x_wconf 80' lang='lat' dir='ltr'><strong>ellingere</strong></span> <span class='ocrx_word' id='word_1_435' title='bbox 3103 3030 3324 3070; x_wconf 88' lang='lat' dir='ltr'><strong>necesse</strong></span> <span class='ocrx_word' id='word_1_436' title='bbox 3349 3021 3464 3076; x_wconf 85' lang='lat' dir='ltr'><strong>est.</strong></span> <span class='ocrx_word' id='word_1_437' title='bbox 3498 3015 3551 3067; x_wconf 92' lang='lat' dir='ltr'><strong>in</strong></span> 
     </span>
    </p>
   </div>
   <div class='ocr_carea' id='block_1_58' title="bbox 1966 3103 3548 3172">
    <p class='ocr_par' dir='ltr' id='par_1_58' title="bbox 1966 3103 3548 3172">
     <span class='ocr_line' id='line_1_58' title="bbox 1966 3103 3548 3172; baseline 0.001 -17"><span class='ocrx_word' id='word_1_438' title='bbox 1966 3119 2068 3172; x_wconf 88' lang='lat' dir='ltr'><strong>qua</strong></span> <span class='ocrx_word' id='word_1_439' title='bbox 2106 3103 2414 3158; x_wconf 87' lang='lat' dir='ltr'><strong>deliberans</strong></span> <span class='ocrx_word' id='word_1_440' title='bbox 2449 3103 2578 3158; x_wconf 80' lang='lat' dir='ltr'><strong>fecit</strong></span> <span class='ocrx_word' id='word_1_441' title='bbox 2611 3104 2846 3168; x_wconf 90' lang='lat' dir='ltr'><strong>Filium,</strong></span> <span class='ocrx_word' id='word_1_442' title='bbox 2883 3114 2941 3158; x_wconf 94' lang='lat' dir='ltr'><strong>ut</strong></span> <span class='ocrx_word' id='word_1_443' title='bbox 2977 3120 3070 3159; x_wconf 89' lang='lat' dir='ltr'><strong>vos</strong></span> <span class='ocrx_word' id='word_1_444' title='bbox 3105 3106 3286 3159; x_wconf 88' lang='lat' dir='ltr'><strong>dicitis</strong></span> <span class='ocrx_word' id='word_1_445' title='bbox 3320 3122 3334 3158; x_wconf 86' lang='lat'><strong>:</strong></span> <span class='ocrx_word' id='word_1_446' title='bbox 3377 3116 3470 3159; x_wconf 89' lang='lat' dir='ltr'><strong>aut</strong></span> <span class='ocrx_word' id='word_1_447' title='bbox 3504 3105 3548 3158; x_wconf 89' lang='lat' dir='ltr'><strong>si</strong></span> 
     </span>
    </p>
   </div>
   <div class='ocr_carea' id='block_1_59' title="bbox 269 3193 1859 3272">
    <p class='ocr_par' dir='ltr' id='par_1_59' title="bbox 269 3199 1859 3272">
     <span class='ocr_line' id='line_1_59' title="bbox 269 3199 1859 3272; baseline 0.004 -21"><span class='ocrx_word' id='word_1_448' title='bbox 269 3202 354 3262; x_wconf 75' lang='grc' dir='ltr'>ὼς</span> <span class='ocrx_word' id='word_1_449' title='bbox 386 3202 548 3270; x_wconf 80' lang='grc' dir='ltr'>ὑμεῖς</span> <span class='ocrx_word' id='word_1_450' title='bbox 587 3205 746 3269; x_wconf 77' lang='grc' dir='ltr'>φατε,</span> <span class='ocrx_word' id='word_1_451' title='bbox 777 3201 810 3271; x_wconf 75' lang='grc' dir='ltr'>ἢ</span> <span class='ocrx_word' id='word_1_452' title='bbox 850 3203 897 3253; x_wconf 77' lang='grc' dir='ltr'>εἰ</span> <span class='ocrx_word' id='word_1_453' title='bbox 921 3200 1083 3270; x_wconf 76' lang='grc' dir='ltr'>ἑτέρα</span> <span class='ocrx_word' id='word_1_454' title='bbox 1108 3201 1207 3251; x_wconf 78' lang='grc' dir='ltr'>οὐκ</span> <span class='ocrx_word' id='word_1_455' title='bbox 1226 3199 1390 3266; x_wconf 80' lang='grc' dir='ltr'>ἐστιν,</span> <span class='ocrx_word' id='word_1_456' title='bbox 1422 3201 1536 3253; x_wconf 82' lang='grc' dir='ltr'>ἀλλ’</span> <span class='ocrx_word' id='word_1_457' title='bbox 1561 3202 1675 3256; x_wconf 78' lang='grc' dir='ltr'>ἔστι</span> <span class='ocrx_word' id='word_1_458' title='bbox 1700 3204 1859 3272; x_wconf 82' lang='grc' dir='ltr'>μόνος</span> 
     </span>
    </p>
   </div>
   <div class='ocr_carea' id='block_1_60' title="bbox 1967 3193 3551 3272">
    <p class='ocr_par' dir='ltr' id='par_1_60' title="bbox 1967 3193 3551 3266">
     <span class='ocr_line' id='line_1_60' title="bbox 1967 3193 3551 3266; baseline 0.001 -18"><span class='ocrx_word' id='word_1_459' title='bbox 1967 3196 2066 3248; x_wconf 85' lang='lat' dir='ltr'><strong>alia</strong></span> <span class='ocrx_word' id='word_1_460' title='bbox 2092 3193 2234 3248; x_wconf 83' lang='lat' dir='ltr'><strong>nulla</strong></span> <span class='ocrx_word' id='word_1_461' title='bbox 2258 3204 2362 3259; x_wconf 86' lang='lat' dir='ltr'><strong>est,</strong></span> <span class='ocrx_word' id='word_1_462' title='bbox 2381 3194 2476 3250; x_wconf 90' lang='lat' dir='ltr'><strong>sed</strong></span> <span class='ocrx_word' id='word_1_463' title='bbox 2501 3196 2610 3263; x_wconf 87' lang='lat' dir='ltr'><strong>ipse</strong></span> <span class='ocrx_word' id='word_1_464' title='bbox 2639 3204 2723 3249; x_wconf 89' lang='lat' dir='ltr'><strong>est</strong></span> <span class='ocrx_word' id='word_1_465' title='bbox 2745 3195 2892 3249; x_wconf 83' lang='lat' dir='ltr'><strong>solus</strong></span> <span class='ocrx_word' id='word_1_466' title='bbox 2918 3198 3186 3266; x_wconf 83' lang='lat' dir='ltr'><strong>sapientia</strong></span> <span class='ocrx_word' id='word_1_467' title='bbox 3211 3197 3412 3262; x_wconf 86' lang='lat' dir='ltr'><strong>Patris,</strong></span> <span class='ocrx_word' id='word_1_468' title='bbox 3435 3197 3551 3264; x_wconf 88' lang='lat' dir='ltr'><strong>ipse</strong></span> 
     </span>
    </p>
   </div>
   <div class='ocr_carea' id='block_1_61' title="bbox 270 3290 1861 3366">
    <p class='ocr_par' dir='ltr' id='par_1_61' title="bbox 270 3290 1861 3366">
     <span class='ocr_line' id='line_1_61' title="bbox 270 3290 1861 3366; baseline 0.003 -21"><span class='ocrx_word' id='word_1_469' title='bbox 270 3293 489 3362; x_wconf 75' lang='grc' dir='ltr'>αῦτδςή</span> <span class='ocrx_word' id='word_1_470' title='bbox 513 3292 671 3360; x_wconf 82' lang='grc' dir='ltr'>σοφία</span> <span class='ocrx_word' id='word_1_471' title='bbox 700 3290 794 3344; x_wconf 87' lang='grc' dir='ltr'><strong>τοῦ</strong></span> <span class='ocrx_word' id='word_1_472' title='bbox 824 3291 1056 3362; x_wconf 81' lang='grc' dir='ltr'>Πατρὸς,</span> <span class='ocrx_word' id='word_1_473' title='bbox 1087 3290 1248 3354; x_wconf 79' lang='grc' dir='ltr'>αὐτὸς</span> <span class='ocrx_word' id='word_1_474' title='bbox 1273 3292 1380 3361; x_wconf 72' lang='grc' dir='ltr'>ἄρα</span> <span class='ocrx_word' id='word_1_475' title='bbox 1410 3293 1524 3345; x_wconf 74' lang='grc' dir='ltr'>ἐστὶ</span> <span class='ocrx_word' id='word_1_476' title='bbox 1546 3295 1640 3347; x_wconf 76' lang='grc' dir='ltr'><strong>καὶ</strong></span> <span class='ocrx_word' id='word_1_477' title='bbox 1671 3297 1702 3366; x_wconf 89' lang='grc' dir='ltr'><strong>ἡ</strong></span> <span class='ocrx_word' id='word_1_478' title='bbox 1736 3295 1861 3365; x_wconf 81' lang='grc' dir='ltr'><strong>βού-</strong></span> 
     </span>
    </p>
   </div>
   <div class='ocr_carea' id='block_1_62' title="bbox 269 3382 1858 3454">
    <p class='ocr_par' dir='ltr' id='par_1_62' title="bbox 269 3382 1858 3454">
     <span class='ocr_line' id='line_1_62' title="bbox 269 3382 1858 3454; baseline 0.021 -45"><span class='ocrx_word' id='word_1_479' title='bbox 269 3383 453 3452; x_wconf 46' lang='grc' dir='ltr'><strong>λησις.</strong></span> <span class='ocrx_word' id='word_1_480' title='bbox 529 3384 615 3435; x_wconf 76' lang='grc' dir='ltr'><strong>Ἐν</strong></span> <span class='ocrx_word' id='word_1_481' title='bbox 665 3383 774 3454; x_wconf 71' lang='grc' dir='ltr'><strong>γὰρ</strong></span> <span class='ocrx_word' id='word_1_482' title='bbox 827 3382 987 3452; x_wconf 64' lang='grc' dir='ltr'>σοφίᾳ</span> <span class='ocrx_word' id='word_1_483' title='bbox 1039 3382 1254 3446; x_wconf 64' lang='grc' dir='ltr'>παντως</span> <span class='ocrx_word' id='word_1_484' title='bbox 1312 3387 1374 3436; x_wconf 84' lang='grc' dir='ltr'><strong>τὸ</strong></span> <span class='ocrx_word' id='word_1_485' title='bbox 1429 3384 1714 3453; x_wconf 83' lang='grc' dir='ltr'>βούλεσθαι</span> <span class='ocrx_word' id='word_1_486' title='bbox 1765 3389 1858 3444; x_wconf 84' lang='grc' dir='ltr'><strong>τοῦ</strong></span> 
     </span>
    </p>
   </div>
   <div class='ocr_carea' id='block_1_63' title="bbox 269 3473 1857 3551">
    <p class='ocr_par' dir='ltr' id='par_1_63' title="bbox 269 3473 1857 3551">
     <span class='ocr_line' id='line_1_63' title="bbox 269 3473 1857 3551; baseline 0 -22"><span class='ocrx_word' id='word_1_487' title='bbox 269 3474 433 3529; x_wconf 82' lang='grc' dir='ltr'>Θεοῦ.</span> <span class='ocrx_word' id='word_1_488' title='bbox 465 3475 575 3529; x_wconf 71' lang='grc' dir='ltr'><strong>Καὶ</strong></span> <span class='ocrx_word' id='word_1_489' title='bbox 609 3479 835 3544; x_wconf 77' lang='grc' dir='ltr'>μάταιος</span> <span class='ocrx_word' id='word_1_490' title='bbox 885 3475 1014 3544; x_wconf 89' lang='grc' dir='ltr'>ὑμῖν</span> <span class='ocrx_word' id='word_1_491' title='bbox 1044 3475 1072 3526; x_wconf 93' lang='lat'><strong>6</strong></span> <span class='ocrx_word' id='word_1_492' title='bbox 1099 3473 1275 3543; x_wconf 86' lang='grc' dir='ltr'>λόγος,</span> <span class='ocrx_word' id='word_1_493' title='bbox 1323 3479 1417 3529; x_wconf 72' lang='grc' dir='ltr'><strong>καὶ</strong></span> <span class='ocrx_word' id='word_1_494' title='bbox 1459 3478 1615 3532; x_wconf 84' lang='grc' dir='ltr'>κενὸν</span> <span class='ocrx_word' id='word_1_495' title='bbox 1645 3478 1857 3551; x_wconf 65' lang='grc' dir='ltr'>ἐδείχθη·</span> 
     </span>
    </p>
   </div>
   <div class='ocr_carea' id='block_1_64' title="bbox 271 3566 723 3638">
    <p class='ocr_par' dir='ltr' id='par_1_64' title="bbox 271 3566 723 3638">
     <span class='ocr_line' id='line_1_64' title="bbox 271 3566 723 3638; baseline -0.007 -16"><span class='ocrx_word' id='word_1_496' title='bbox 271 3568 339 3622; x_wconf 72' lang='grc' dir='ltr'>τὸ</span> <span class='ocrx_word' id='word_1_497' title='bbox 366 3566 723 3638; x_wconf 76' lang='grc' dir='ltr'>ἐπιχείρημα.</span> 
     </span>
    </p>
   </div>
   <div class='ocr_carea' id='block_1_65' title="bbox 761 3679 1372 3746">
    <p class='ocr_par' dir='ltr' id='par_1_65' title="bbox 761 3679 1372 3746">
     <span class='ocr_line' id='line_1_65' title="bbox 761 3679 1372 3746; baseline 0.007 -15"><span class='ocrx_word' id='word_1_498' title='bbox 761 3679 965 3744; x_wconf 74' lang='grc' dir='ltr'><strong>ΑΛΛΟ,</strong></span> <span class='ocrx_word' id='word_1_499' title='bbox 1001 3682 1087 3746; x_wconf 80' lang='grc' dir='ltr'>εις</span> <span class='ocrx_word' id='word_1_500' title='bbox 1111 3680 1177 3733; x_wconf 81' lang='grc' dir='ltr'>τὸ</span> <span class='ocrx_word' id='word_1_501' title='bbox 1206 3682 1372 3735; x_wconf 81' lang='grc' dir='ltr'>αὑτό.</span> 
     </span>
    </p>
   </div>
   <div class='ocr_carea' id='block_1_66' title="bbox 348 3811 1858 3886">
    <p class='ocr_par' dir='ltr' id='par_1_66' title="bbox 348 3811 1858 3886">
     <span class='ocr_line' id='line_1_66' title="bbox 348 3811 1858 3886; baseline 0.003 -19"><span class='ocrx_word' id='word_1_502' title='bbox 348 3813 465 3867; x_wconf 87' lang='grc' dir='ltr'>υὺκ</span> <span class='ocrx_word' id='word_1_503' title='bbox 482 3814 544 3866; x_wconf 82' lang='grc' dir='ltr'>ὲν</span> <span class='ocrx_word' id='word_1_504' title='bbox 566 3814 680 3875; x_wconf 85' lang='grc' dir='ltr'>τοῖς</span> <span class='ocrx_word' id='word_1_505' title='bbox 712 3813 1024 3882; x_wconf 83' lang='grc' dir='ltr'>γενομένοις</span> <span class='ocrx_word' id='word_1_506' title='bbox 1047 3815 1080 3883; x_wconf 85' lang='grc' dir='ltr'><strong>ή</strong></span> <span class='ocrx_word' id='word_1_507' title='bbox 1103 3811 1197 3866; x_wconf 88' lang='grc' dir='ltr'><strong>τοῦ</strong></span> <span class='ocrx_word' id='word_1_508' title='bbox 1226 3814 1358 3867; x_wconf 83' lang='grc' dir='ltr'>Θεοῦ</span> <span class='ocrx_word' id='word_1_509' title='bbox 1386 3814 1640 3886; x_wconf 81' lang='grc' dir='ltr'>βούλησις</span> <span class='ocrx_word' id='word_1_510' title='bbox 1662 3818 1858 3872; x_wconf 87' lang='grc' dir='ltr'>οὑσιω-</span> 
     </span>
    </p>
   </div>
   <div class='ocr_carea' id='block_1_67' title="bbox 275 3903 1859 3978">
    <p class='ocr_par' dir='ltr' id='par_1_67' title="bbox 275 3903 1859 3978">
     <span class='ocr_line' id='line_1_67' title="bbox 275 3903 1859 3978; baseline 0.004 -20"><span class='ocrx_word' id='word_1_511' title='bbox 275 3905 416 3977; x_wconf 78' lang='grc' dir='ltr'>μένη</span> <span class='ocrx_word' id='word_1_512' title='bbox 440 3903 713 3973; x_wconf 87' lang='grc' dir='ltr'>φαίνεται,</span> <span class='ocrx_word' id='word_1_513' title='bbox 749 3903 861 3956; x_wconf 84' lang='grc' dir='ltr'>ἀλλ’</span> <span class='ocrx_word' id='word_1_514' title='bbox 903 3904 1089 3975; x_wconf 81' lang='grc' dir='ltr'>ἕτερόν</span> <span class='ocrx_word' id='word_1_515' title='bbox 1139 3904 1191 3957; x_wconf 88' lang='grc' dir='ltr'><strong>τί</strong></span> <span class='ocrx_word' id='word_1_516' title='bbox 1223 3905 1338 3958; x_wconf 79' lang='grc' dir='ltr'>ἐστι</span> <span class='ocrx_word' id='word_1_517' title='bbox 1377 3907 1524 3978; x_wconf 84' lang='grc' dir='ltr'>παρὰ</span> <span class='ocrx_word' id='word_1_518' title='bbox 1558 3907 1626 3962; x_wconf 76' lang='grc' dir='ltr'>τὰ</span> <span class='ocrx_word' id='word_1_519' title='bbox 1653 3908 1720 3962; x_wconf 87' lang='grc' dir='ltr'>δι’</span> <span class='ocrx_word' id='word_1_520' title='bbox 1760 3911 1859 3964; x_wconf 85' lang='grc' dir='ltr'>αὑ-</span> 
     </span>
    </p>
   </div>
   <div class='ocr_carea' id='block_1_68' title="bbox 271 3987 1859 4064">
    <p class='ocr_par' dir='ltr' id='par_1_68' title="bbox 271 3987 1859 4064">
     <span class='ocr_line' id='line_1_68' title="bbox 271 3987 1859 4064; baseline 0.006 -20"><span class='ocrx_word' id='word_1_521' title='bbox 271 3996 378 4064; x_wconf 78' lang='grc' dir='ltr'><strong>τῆς</strong></span> <span class='ocrx_word' id='word_1_522' title='bbox 429 3993 749 4064; x_wconf 74' lang='grc' dir='ltr'>ποιούμενα.</span> <span class='ocrx_word' id='word_1_523' title='bbox 796 3987 940 4058; x_wconf 77' lang='grc' dir='ltr'>Οἷον,</span> <span class='ocrx_word' id='word_1_524' title='bbox 1011 3992 1225 4064; x_wconf 83' lang='grc' dir='ltr'>Θελήσει</span> <span class='ocrx_word' id='word_1_525' title='bbox 1275 3995 1454 4064; x_wconf 87' lang='grc' dir='ltr'>φαμὲν</span> <span class='ocrx_word' id='word_1_526' title='bbox 1487 3997 1739 4064; x_wconf 78' lang='grc' dir='ltr'>γενέσθαι</span> <span class='ocrx_word' id='word_1_527' title='bbox 1765 4000 1859 4053; x_wconf 83' lang='grc' dir='ltr'><strong>τὸν</strong></span> 
     </span>
    </p>
   </div>
   <div class='ocr_carea' id='block_1_69' title="bbox 271 4079 1860 4160">
    <p class='ocr_par' dir='ltr' id='par_1_69' title="bbox 271 4079 1860 4160">
     <span class='ocr_line' id='line_1_69' title="bbox 271 4079 1860 4160; baseline 0.003 -21"><span class='ocrx_word' id='word_1_528' title='bbox 271 4085 526 4156; x_wconf 74' lang='grc' dir='ltr'>οὐρανὸν,</span> <span class='ocrx_word' id='word_1_529' title='bbox 556 4085 657 4137; x_wconf 83' lang='grc' dir='ltr'><strong>οὑκ</strong></span> <span class='ocrx_word' id='word_1_530' title='bbox 686 4083 846 4138; x_wconf 72' lang='grc' dir='ltr'>αὑτὸν</span> <span class='ocrx_word' id='word_1_531' title='bbox 869 4079 1008 4137; x_wconf 80' lang='grc' dir='ltr'>εἶναι</span> <span class='ocrx_word' id='word_1_532' title='bbox 1037 4083 1136 4154; x_wconf 82' lang='grc' dir='ltr'><strong>τὴν</strong></span> <span class='ocrx_word' id='word_1_533' title='bbox 1167 4084 1410 4156; x_wconf 80' lang='grc' dir='ltr'>θέλησιν.</span> <span class='ocrx_word' id='word_1_534' title='bbox 1446 4087 1509 4140; x_wconf 77' lang='grc' dir='ltr'><strong>Εἰ</strong></span> <span class='ocrx_word' id='word_1_535' title='bbox 1534 4089 1716 4144; x_wconf 87' lang='grc' dir='ltr'>τοίνυν</span> <span class='ocrx_word' id='word_1_536' title='bbox 1745 4090 1860 4160; x_wconf 86' lang='grc' dir='ltr'>βου-</span> 
     </span>
    </p>
   </div>
   <div class='ocr_carea' id='block_1_70' title="bbox 271 4174 1858 4246">
    <p class='ocr_par' dir='ltr' id='par_1_70' title="bbox 271 4174 1858 4246">
     <span class='ocr_line' id='line_1_70' title="bbox 271 4174 1858 4246; baseline 0.002 -16"><span class='ocrx_word' id='word_1_537' title='bbox 271 4176 490 4230; x_wconf 77' lang='grc' dir='ltr'>λεύεται</span> <span class='ocrx_word' id='word_1_538' title='bbox 547 4176 643 4245; x_wconf 79' lang='grc' dir='ltr'><strong>μὲν</strong></span> <span class='ocrx_word' id='word_1_539' title='bbox 688 4176 746 4227; x_wconf 79' lang='grc' dir='ltr'>ὲν</span> <span class='ocrx_word' id='word_1_540' title='bbox 800 4175 959 4245; x_wconf 70' lang='grc' dir='ltr'>σοφία</span> <span class='ocrx_word' id='word_1_541' title='bbox 1007 4174 1158 4238; x_wconf 75' lang='grc' dir='ltr'>Θεὸς,</span> <span class='ocrx_word' id='word_1_542' title='bbox 1209 4178 1306 4229; x_wconf 76' lang='grc' dir='ltr'><strong>καὶ</strong></span> <span class='ocrx_word' id='word_1_543' title='bbox 1357 4177 1446 4230; x_wconf 82' lang='grc' dir='ltr'>ὅτε</span> <span class='ocrx_word' id='word_1_544' title='bbox 1478 4178 1569 4232; x_wconf 81' lang='grc' dir='ltr'><strong>τὸν</strong></span> <span class='ocrx_word' id='word_1_545' title='bbox 1600 4179 1746 4245; x_wconf 68' lang='grc' dir='ltr'>Υἱδν,</span> <span class='ocrx_word' id='word_1_546' title='bbox 1782 4181 1858 4246; x_wconf 83' lang='grc' dir='ltr'><strong>ὡς</strong></span> 
     </span>
    </p>
   </div>
   <div class='ocr_carea' id='block_1_71' title="bbox 273 4265 1856 4341">
    <p class='ocr_par' dir='ltr' id='par_1_71' title="bbox 273 4265 1856 4341">
     <span class='ocr_line' id='line_1_71' title="bbox 273 4265 1856 4341; baseline 0 -19"><span class='ocrx_word' id='word_1_547' title='bbox 273 4271 435 4339; x_wconf 84' lang='grc' dir='ltr'>ὑμεῖς</span> <span class='ocrx_word' id='word_1_548' title='bbox 459 4284 618 4336; x_wconf 84' lang='grc' dir='ltr'>φατε,</span> <span class='ocrx_word' id='word_1_549' title='bbox 641 4266 940 4338; x_wconf 75' lang='grc' dir='ltr'>ἀπογεννᾷν</span> <span class='ocrx_word' id='word_1_550' title='bbox 985 4265 1196 4336; x_wconf 77' lang='grc' dir='ltr'>ἤθελεν,</span> <span class='ocrx_word' id='word_1_551' title='bbox 1230 4268 1344 4321; x_wconf 78' lang='grc' dir='ltr'>ἔστι</span> <span class='ocrx_word' id='word_1_552' title='bbox 1398 4269 1455 4322; x_wconf 83' lang='grc' dir='ltr'><strong>δὲ</strong></span> <span class='ocrx_word' id='word_1_553' title='bbox 1483 4272 1515 4341; x_wconf 86' lang='grc' dir='ltr'>ἡ</span> <span class='ocrx_word' id='word_1_554' title='bbox 1571 4273 1732 4341; x_wconf 82' lang='grc' dir='ltr'>σοφία</span> <span class='ocrx_word' id='word_1_555' title='bbox 1762 4275 1856 4327; x_wconf 76' lang='grc' dir='ltr'><strong>τοῦ</strong></span> 
     </span>
    </p>
   </div>
   <div class='ocr_carea' id='block_1_72' title="bbox 1961 3283 3550 3363">
    <p class='ocr_par' dir='ltr' id='par_1_72' title="bbox 1961 3283 3550 3363">
     <span class='ocr_line' id='line_1_72' title="bbox 1961 3283 3550 3363; baseline 0.005 -28"><span class='ocrx_word' id='word_1_556' title='bbox 1961 3301 2174 3355; x_wconf 86' lang='lat' dir='ltr'><strong>quoque</strong></span> <span class='ocrx_word' id='word_1_557' title='bbox 2208 3285 2456 3340; x_wconf 89' lang='lat' dir='ltr'><strong>voluntas</strong></span> <span class='ocrx_word' id='word_1_558' title='bbox 2489 3283 2605 3353; x_wconf 83' lang='lat' dir='ltr'><strong>ejus</strong></span> <span class='ocrx_word' id='word_1_559' title='bbox 2638 3295 2743 3342; x_wconf 86' lang='lat' dir='ltr'><strong>est.</strong></span> <span class='ocrx_word' id='word_1_560' title='bbox 2771 3286 2902 3340; x_wconf 84' lang='lat' dir='ltr'><strong>Nam</strong></span> <span class='ocrx_word' id='word_1_561' title='bbox 2939 3288 2992 3341; x_wconf 91' lang='lat' dir='ltr'><strong>in</strong></span> <span class='ocrx_word' id='word_1_562' title='bbox 3026 3287 3292 3358; x_wconf 82' lang='lat' dir='ltr'><strong>sapientia</strong></span> <span class='ocrx_word' id='word_1_563' title='bbox 3327 3289 3550 3363; x_wconf 85' lang='lat' dir='ltr'><strong>omnino</strong></span> 
     </span>
    </p>
   </div>
   <div class='ocr_carea' id='block_1_73' title="bbox 1961 3372 3551 3443">
    <p class='ocr_par' dir='ltr' id='par_1_73' title="bbox 1961 3372 3551 3443">
     <span class='ocr_line' id='line_1_73' title="bbox 1961 3372 3551 3443; baseline 0.004 -17"><span class='ocrx_word' id='word_1_564' title='bbox 1961 3373 2208 3429; x_wconf 85' lang='lat' dir='ltr'><strong>voluntas</strong></span> <span class='ocrx_word' id='word_1_565' title='bbox 2232 3373 2327 3428; x_wconf 83' lang='lat' dir='ltr'><strong>Dei</strong></span> <span class='ocrx_word' id='word_1_566' title='bbox 2357 3373 2624 3429; x_wconf 88' lang='lat' dir='ltr'><strong>consistit.</strong></span> <span class='ocrx_word' id='word_1_567' title='bbox 2652 3372 2827 3443; x_wconf 79' lang='lat' dir='ltr'><strong>Atque</strong></span> <span class='ocrx_word' id='word_1_568' title='bbox 2862 3375 2933 3428; x_wconf 88' lang='lat' dir='ltr'><strong>ita</strong></span> <span class='ocrx_word' id='word_1_569' title='bbox 2964 3375 3142 3428; x_wconf 86' lang='lat' dir='ltr'><strong>inanis</strong></span> <span class='ocrx_word' id='word_1_570' title='bbox 3167 3390 3231 3429; x_wconf 89' lang='lat' dir='ltr'><strong>ac</strong></span> <span class='ocrx_word' id='word_1_571' title='bbox 3259 3390 3396 3430; x_wconf 81' lang='lat' dir='ltr'><strong>vana</strong></span> <span class='ocrx_word' id='word_1_572' title='bbox 3426 3391 3551 3432; x_wconf 86' lang='lat' dir='ltr'><strong>esse</strong></span> 
     </span>
    </p>
   </div>
   <div class='ocr_carea' id='block_1_74' title="bbox 1960 3464 3453 3536">
    <p class='ocr_par' dir='ltr' id='par_1_74' title="bbox 1960 3464 3453 3536">
     <span class='ocr_line' id='line_1_74' title="bbox 1960 3464 3453 3536; baseline 0 -16"><span class='ocrx_word' id='word_1_573' title='bbox 1960 3475 2142 3521; x_wconf 86' lang='lat' dir='ltr'><strong>vestra</strong></span> <span class='ocrx_word' id='word_1_574' title='bbox 2162 3466 2300 3520; x_wconf 87' lang='lat' dir='ltr'><strong>ratio</strong></span> <span class='ocrx_word' id='word_1_575' title='bbox 2321 3464 3089 3536; x_wconf 79' lang='lat' dir='ltr'><strong>frivolumque‘argumentum</strong></span> <span class='ocrx_word' id='word_1_576' title='bbox 3118 3468 3453 3522; x_wconf 84' lang='lat' dir='ltr'><strong>ostenditur.</strong></span> 
     </span>
    </p>
   </div>
   <div class='ocr_carea' id='block_1_75' title="bbox 2473 3668 3023 3735">
    <p class='ocr_par' dir='ltr' id='par_1_75' title="bbox 2473 3668 3023 3735">
     <span class='ocr_line' id='line_1_75' title="bbox 2473 3668 3023 3735; baseline 0.004 -14"><span class='ocrx_word' id='word_1_577' title='bbox 2473 3668 2800 3735; x_wconf 79' lang='lat' dir='ltr'><strong>ALIUD,&#39;de</strong></span> <span class='ocrx_word' id='word_1_578' title='bbox 2822 3670 3023 3724; x_wconf 78' lang='lat' dir='ltr'><strong>eodem.</strong></span> 
     </span>
    </p>
   </div>
   <div class='ocr_carea' id='block_1_76' title="bbox 2031 3802 3561 3870">
    <p class='ocr_par' dir='ltr' id='par_1_76' title="bbox 2031 3802 3561 3870">
     <span class='ocr_line' id='line_1_76' title="bbox 2031 3802 3561 3870; baseline 0.001 -14"><span class='ocrx_word' id='word_1_579' title='bbox 2031 3802 2291 3858; x_wconf 85' lang='lat' dir='ltr'><strong>Voluntas</strong></span> <span class='ocrx_word' id='word_1_580' title='bbox 2321 3802 2411 3858; x_wconf 91' lang='lat' dir='ltr'><strong>Dei</strong></span> <span class='ocrx_word' id='word_1_581' title='bbox 2445 3816 2551 3857; x_wconf 90' lang='lat' dir='ltr'><strong>non</strong></span> <span class='ocrx_word' id='word_1_582' title='bbox 2583 3812 2666 3858; x_wconf 88' lang='lat' dir='ltr'><strong>est</strong></span> <span class='ocrx_word' id='word_1_583' title='bbox 2701 3805 2752 3857; x_wconf 91' lang='lat' dir='ltr'><strong>in</strong></span> <span class='ocrx_word' id='word_1_584' title='bbox 2782 3804 2979 3857; x_wconf 89' lang='lat' dir='ltr'><strong>creatis</strong></span> <span class='ocrx_word' id='word_1_585' title='bbox 3008 3815 3285 3870; x_wconf 83' lang='lat' dir='ltr'><strong>concreta,</strong></span> <span class='ocrx_word' id='word_1_586' title='bbox 3318 3810 3411 3861; x_wconf 83' lang='lat' dir='ltr'><strong>sed</strong></span> <span class='ocrx_word' id='word_1_587' title='bbox 3441 3805 3561 3858; x_wconf 87' lang='lat' dir='ltr'><strong>alia-</strong></span> 
     </span>
    </p>
   </div>
   <div class='ocr_carea' id='block_1_77' title="bbox 1959 3894 3542 3967">
    <p class='ocr_par' dir='ltr' id='par_1_77' title="bbox 1959 3894 3542 3967">
     <span class='ocr_line' id='line_1_77' title="bbox 1959 3894 3542 3967; baseline -0.001 -16"><span class='ocrx_word' id='word_1_588' title='bbox 1959 3903 2042 3951; x_wconf 89' lang='lat' dir='ltr'><strong>est</strong></span> <span class='ocrx_word' id='word_1_589' title='bbox 2073 3897 2140 3950; x_wconf 88' lang='lat' dir='ltr'><strong>ab</strong></span> <span class='ocrx_word' id='word_1_590' title='bbox 2176 3896 2241 3950; x_wconf 91' lang='lat' dir='ltr'><strong>iis</strong></span> <span class='ocrx_word' id='word_1_591' title='bbox 2276 3910 2395 3965; x_wconf 74' lang='lat' dir='ltr'><strong>qua:</strong></span> <span class='ocrx_word' id='word_1_592' title='bbox 2431 3909 2526 3963; x_wconf 89' lang='lat' dir='ltr'><strong>per</strong></span> <span class='ocrx_word' id='word_1_593' title='bbox 2556 3909 2674 3950; x_wconf 88' lang='lat' dir='ltr'><strong>eam</strong></span> <span class='ocrx_word' id='word_1_594' title='bbox 2711 3894 2851 3949; x_wconf 79' lang='lat' dir='ltr'><strong>facta</strong></span> <span class='ocrx_word' id='word_1_595' title='bbox 2890 3905 3036 3950; x_wconf 90' lang='lat' dir='ltr'><strong>sunt.</strong></span> <span class='ocrx_word' id='word_1_596' title='bbox 3067 3895 3308 3967; x_wconf 82' lang='lat' dir='ltr'><strong>Exempli</strong></span> <span class='ocrx_word' id='word_1_597' title='bbox 3345 3899 3542 3966; x_wconf 80' lang='lat' dir='ltr'><strong>gratia,</strong></span> 
     </span>
    </p>
   </div>
   <div class='ocr_carea' id='block_1_78' title="bbox 1959 3985 3545 4058">
    <p class='ocr_par' dir='ltr' id='par_1_78' title="bbox 1959 3985 3545 4058">
     <span class='ocr_line' id='line_1_78' title="bbox 1959 3985 3545 4058; baseline 0 -18"><span class='ocrx_word' id='word_1_598' title='bbox 1959 3986 2152 4040; x_wconf 71' lang='lat' dir='ltr'><strong>emtum</strong></span> <span class='ocrx_word' id='word_1_599' title='bbox 2193 3986 2471 4041; x_wconf 79' lang='lat' dir='ltr'><strong>voluntate</strong></span> <span class='ocrx_word' id='word_1_600' title='bbox 2513 3985 2713 4048; x_wconf 79' lang='lat' dir='ltr'><strong>factum</strong></span> <span class='ocrx_word' id='word_1_601' title='bbox 2759 4001 2879 4041; x_wconf 87' lang='lat' dir='ltr'><strong>esse</strong></span> <span class='ocrx_word' id='word_1_602' title='bbox 2926 3985 3189 4053; x_wconf 72' lang='lat' dir='ltr'><strong>dicimus,</strong></span> <span class='ocrx_word' id='word_1_603' title='bbox 3224 4003 3328 4042; x_wconf 91' lang='lat' dir='ltr'><strong>non</strong></span> <span class='ocrx_word' id='word_1_604' title='bbox 3374 3988 3545 4058; x_wconf 88' lang='lat' dir='ltr'><strong>ipsum</strong></span> 
     </span>
    </p>
   </div>
   <div class='ocr_carea' id='block_1_79' title="bbox 1959 4079 3545 4149">
    <p class='ocr_par' dir='ltr' id='par_1_79' title="bbox 1959 4079 3545 4149">
     <span class='ocr_line' id='line_1_79' title="bbox 1959 4079 3545 4149; baseline 0.001 -16"><span class='ocrx_word' id='word_1_605' title='bbox 1959 4093 2080 4134; x_wconf 82' lang='lat' dir='ltr'><strong>esse</strong></span> <span class='ocrx_word' id='word_1_606' title='bbox 2106 4080 2459 4133; x_wconf 78' lang='lat' dir='ltr'><strong>voluntatem.</strong></span> <span class='ocrx_word' id='word_1_607' title='bbox 2481 4079 2537 4133; x_wconf 90' lang='lat' dir='ltr'><strong>Si</strong></span> <span class='ocrx_word' id='word_1_608' title='bbox 2567 4094 2697 4149; x_wconf 77' lang='lat' dir='ltr'><strong>ergo</strong></span> <span class='ocrx_word' id='word_1_609' title='bbox 2726 4079 2777 4132; x_wconf 90' lang='lat' dir='ltr'><strong>in</strong></span> <span class='ocrx_word' id='word_1_610' title='bbox 2803 4080 3067 4147; x_wconf 88' lang='lat' dir='ltr'><strong>sapientia</strong></span> <span class='ocrx_word' id='word_1_611' title='bbox 3094 4079 3356 4135; x_wconf 83' lang='lat' dir='ltr'><strong>deliberat</strong></span> <span class='ocrx_word' id='word_1_612' title='bbox 3384 4080 3545 4144; x_wconf 88' lang='lat' dir='ltr'><strong>Deus,</strong></span> 
     </span>
    </p>
   </div>
   <div class='ocr_carea' id='block_1_80' title="bbox 1959 4172 3540 4241">
    <p class='ocr_par' dir='ltr' id='par_1_80' title="bbox 1959 4172 3540 4241">
     <span class='ocr_line' id='line_1_80' title="bbox 1959 4172 3540 4241; baseline 0.002 -18"><span class='ocrx_word' id='word_1_613' title='bbox 1959 4172 2118 4224; x_wconf 80' lang='lat' dir='ltr'><strong>etiam</strong></span> <span class='ocrx_word' id='word_1_614' title='bbox 2148 4172 2362 4241; x_wconf 84' lang='lat' dir='ltr'><strong>quando</strong></span> <span class='ocrx_word' id='word_1_615' title='bbox 2391 4172 2610 4238; x_wconf 87' lang='lat' dir='ltr'><strong>Filium,</strong></span> <span class='ocrx_word' id='word_1_616' title='bbox 2633 4181 2689 4225; x_wconf 91' lang='lat' dir='ltr'><strong>ut</strong></span> <span class='ocrx_word' id='word_1_617' title='bbox 2717 4187 2810 4227; x_wconf 80' lang='lat' dir='ltr'><strong>vos</strong></span> <span class='ocrx_word' id='word_1_618' title='bbox 2840 4173 3041 4238; x_wconf 80' lang='lat' dir='ltr'><strong>dicitis,</strong></span> <span class='ocrx_word' id='word_1_619' title='bbox 3069 4186 3328 4241; x_wconf 75' lang='lat' dir='ltr'><strong>generare</strong></span> <span class='ocrx_word' id='word_1_620' title='bbox 3351 4173 3540 4234; x_wconf 85' lang='lat' dir='ltr'><strong>voluit.</strong></span> 
     </span>
    </p>
   </div>
   <div class='ocr_carea' id='block_1_81' title="bbox 1960 4261 3545 4333">
    <p class='ocr_par' dir='ltr' id='par_1_81' title="bbox 1960 4261 3545 4333">
     <span class='ocr_line' id='line_1_81' title="bbox 1960 4261 3545 4333; baseline 0 -17"><span class='ocrx_word' id='word_1_621' title='bbox 1960 4261 2064 4331; x_wconf 80' lang='lat'><strong>52</strong></span> <span class='ocrx_word' id='word_1_622' title='bbox 2094 4261 2259 4318; x_wconf 87' lang='lat' dir='ltr'><strong>Filius</strong></span> <span class='ocrx_word' id='word_1_623' title='bbox 2287 4278 2410 4316; x_wconf 84' lang='lat' dir='ltr'><strong>vero</strong></span> <span class='ocrx_word' id='word_1_624' title='bbox 2439 4273 2522 4317; x_wconf 90' lang='lat' dir='ltr'><strong>est</strong></span> <span class='ocrx_word' id='word_1_625' title='bbox 2547 4264 2810 4333; x_wconf 83' lang='lat' dir='ltr'><strong>sapientia</strong></span> <span class='ocrx_word' id='word_1_626' title='bbox 2841 4262 3018 4318; x_wconf 82' lang='lat' dir='ltr'><strong>Patris</strong></span> <span class='ocrx_word' id='word_1_627' title='bbox 3042 4263 3090 4296; x_wconf 69' lang='grc'><strong>⁷⁵</strong></span> <span class='ocrx_word' id='word_1_628' title='bbox 3120 4283 3133 4318; x_wconf 93' lang='lat'>:</span> <span class='ocrx_word' id='word_1_629' title='bbox 3179 4265 3545 4320; x_wconf 87' lang='lat' dir='ltr'><strong>necessarium</strong></span> 
     </span>
    </p>
   </div>
   <div class='ocr_carea' id='block_1_82' title="bbox 273 4357 1859 4433">
    <p class='ocr_par' dir='ltr' id='par_1_82' title="bbox 273 4357 1856 4433">
     <span class='ocr_line' id='line_1_82' title="bbox 273 4357 1856 4433; baseline 0.001 -19"><span class='ocrx_word' id='word_1_630' title='bbox 273 4359 492 4428; x_wconf 78' lang='grc' dir='ltr'>ῐιατρὺς</span> <span class='ocrx_word' id='word_1_631' title='bbox 519 4360 548 4412; x_wconf 94' lang='lat'><strong>6</strong></span> <span class='ocrx_word' id='word_1_632' title='bbox 592 4359 739 4423; x_wconf 72' lang='grc' dir='ltr'>Υἱὸς,</span> <span class='ocrx_word' id='word_1_633' title='bbox 771 4359 962 4429; x_wconf 76' lang='grc' dir='ltr'>ἑτέραν</span> <span class='ocrx_word' id='word_1_634' title='bbox 1016 4357 1095 4427; x_wconf 84' lang='grc' dir='ltr'><strong>τῷ</strong></span> <span class='ocrx_word' id='word_1_635' title='bbox 1127 4359 1300 4429; x_wconf 81' lang='grc' dir='ltr'>Πατρὶ</span> <span class='ocrx_word' id='word_1_636' title='bbox 1347 4364 1632 4432; x_wconf 77' lang='grc' dir='ltr'>προσεῖναι</span> <span class='ocrx_word' id='word_1_637' title='bbox 1664 4364 1856 4433; x_wconf 83' lang='grc' dir='ltr'>σοφίαν</span> 
     </span>
    </p>
   </div>
   <div class='ocr_carea' id='block_1_83' title="bbox 1967 4357 3546 4433">
    <p class='ocr_par' dir='ltr' id='par_1_83' title="bbox 1967 4357 3546 4428">
     <span class='ocr_line' id='line_1_83' title="bbox 1967 4357 3546 4428; baseline 0.005 -22"><span class='ocrx_word' id='word_1_638' title='bbox 1967 4357 2113 4422; x_wconf 77' lang='lat' dir='ltr'><strong>plane</strong></span> <span class='ocrx_word' id='word_1_639' title='bbox 2153 4366 2238 4409; x_wconf 89' lang='lat' dir='ltr'><strong>est</strong></span> <span class='ocrx_word' id='word_1_640' title='bbox 2278 4357 2502 4409; x_wconf 86' lang='lat' dir='ltr'><strong>alteram</strong></span> <span class='ocrx_word' id='word_1_641' title='bbox 2548 4358 2722 4412; x_wconf 90' lang='lat' dir='ltr'><strong>inesse</strong></span> <span class='ocrx_word' id='word_1_642' title='bbox 2762 4357 2907 4410; x_wconf 88' lang='lat' dir='ltr'><strong>Patri</strong></span> <span class='ocrx_word' id='word_1_643' title='bbox 2949 4357 3304 4428; x_wconf 89' lang='lat' dir='ltr'><strong>sapientiam,</strong></span> <span class='ocrx_word' id='word_1_644' title='bbox 3341 4360 3392 4411; x_wconf 90' lang='lat' dir='ltr'><strong>in</strong></span> <span class='ocrx_word' id='word_1_645' title='bbox 3439 4374 3546 4428; x_wconf 90' lang='lat' dir='ltr'><strong>qua</strong></span> 
     </span>
    </p>
   </div>
   <div class='ocr_carea' id='block_1_84' title="bbox 272 4446 1856 4524">
    <p class='ocr_par' dir='ltr' id='par_1_84' title="bbox 272 4446 1856 4524">
     <span class='ocr_line' id='line_1_84' title="bbox 272 4446 1856 4524; baseline 0.001 -17"><span class='ocrx_word' id='word_1_646' title='bbox 272 4454 512 4523; x_wconf 71' lang='grc' dir='ltr'>ἀνάγκη,</span> <span class='ocrx_word' id='word_1_647' title='bbox 539 4455 596 4505; x_wconf 71' lang='lat' dir='ltr'><strong>tv</strong></span> <span class='ocrx_word' id='word_1_648' title='bbox 685 4451 1106 4520; x_wconf 73' lang='grc' dir='ltr'>βουλευσάμενος</span> <span class='ocrx_word' id='word_1_649' title='bbox 1140 4450 1371 4502; x_wconf 79' lang='grc' dir='ltr'>ἀπέτεκε</span> <span class='ocrx_word' id='word_1_650' title='bbox 1401 4452 1662 4506; x_wconf 77' lang='grc' dir='ltr'>τὸν-Υίόν.</span> <span class='ocrx_word' id='word_1_651' title='bbox 1709 4455 1770 4507; x_wconf 82' lang='grc' dir='ltr'>Εἰ</span> <span class='ocrx_word' id='word_1_652' title='bbox 1800 4455 1856 4509; x_wconf 85' lang='grc' dir='ltr'><strong>δὲ</strong></span> 
     </span>
    </p>
   </div>
   <div class='ocr_carea' id='block_1_85' title="bbox 1958 4445 3544 4518">
    <p class='ocr_par' dir='ltr' id='par_1_85' title="bbox 1958 4445 3544 4518">
     <span class='ocr_line' id='line_1_85' title="bbox 1958 4445 3544 4518; baseline 0.001 -18"><span class='ocrx_word' id='word_1_653' title='bbox 1958 4447 2262 4503; x_wconf 85' lang='lat' dir='ltr'><strong>deliberans</strong></span> <span class='ocrx_word' id='word_1_654' title='bbox 2297 4450 2479 4518; x_wconf 80' lang='lat' dir='ltr'><strong>genuit</strong></span> <span class='ocrx_word' id='word_1_655' title='bbox 2516 4449 2736 4504; x_wconf 77' lang='lat' dir='ltr'><strong>Filium.</strong></span> <span class='ocrx_word' id='word_1_656' title='bbox 2777 4445 2848 4502; x_wconf 83' lang='lat' dir='ltr'><strong>At</strong></span> <span class='ocrx_word' id='word_1_657' title='bbox 2887 4464 3008 4502; x_wconf 91' lang='lat' dir='ltr'><strong>cum</strong></span> <span class='ocrx_word' id='word_1_658' title='bbox 3049 4450 3099 4503; x_wconf 89' lang='lat' dir='ltr'><strong>id</strong></span> <span class='ocrx_word' id='word_1_659' title='bbox 3137 4449 3359 4518; x_wconf 89' lang='lat' dir='ltr'><strong>impium</strong></span> <span class='ocrx_word' id='word_1_660' title='bbox 3399 4451 3544 4506; x_wconf 87' lang='lat' dir='ltr'><strong>dictu</strong></span> 
     </span>
    </p>
   </div>
   <div class='ocr_carea' id='block_1_86' title="bbox 269 4535 1859 4612">
    <p class='ocr_par' dir='ltr' id='par_1_86' title="bbox 269 4535 1850 4612">
     <span class='ocr_line' id='line_1_86' title="bbox 269 4535 1850 4612; baseline 0.002 -15"><span class='ocrx_word' id='word_1_661' title='bbox 269 4545 432 4599; x_wconf 84' lang='grc' dir='ltr'>τοῦτο</span> <span class='ocrx_word' id='word_1_662' title='bbox 467 4544 650 4611; x_wconf 79' lang='grc' dir='ltr'>λέγειν</span> <span class='ocrx_word' id='word_1_663' title='bbox 677 4540 870 4604; x_wconf 77' lang='grc' dir='ltr'>ἀσεὸὲς</span> <span class='ocrx_word' id='word_1_664' title='bbox 896 4535 1014 4610; x_wconf 77' lang='grc' dir='ltr'>(εἷς</span> <span class='ocrx_word' id='word_1_665' title='bbox 1045 4540 1154 4612; x_wconf 67' lang='grc' dir='ltr'>γὰρ</span> <span class='ocrx_word' id='word_1_666' title='bbox 1186 4540 1313 4604; x_wconf 68' lang='grc' dir='ltr'>Υἱὸς</span> <span class='ocrx_word' id='word_1_667' title='bbox 1344 4542 1437 4595; x_wconf 87' lang='grc' dir='ltr'><strong>τοῦ</strong></span> <span class='ocrx_word' id='word_1_668' title='bbox 1473 4544 1629 4608; x_wconf 88' lang='grc' dir='ltr'>Θεοῦ,</span> <span class='ocrx_word' id='word_1_669' title='bbox 1665 4548 1757 4599; x_wconf 78' lang='grc' dir='ltr'>καὶ</span> <span class='ocrx_word' id='word_1_670' title='bbox 1789 4548 1850 4600; x_wconf 81' lang='grc' dir='ltr'><strong>οὐ</strong></span> 
     </span>
    </p>
   </div>
   <div class='ocr_carea' id='block_1_87' title="bbox 1967 4535 3548 4612">
    <p class='ocr_par' dir='ltr' id='par_1_87' title="bbox 1967 4539 3548 4606">
     <span class='ocr_line' id='line_1_87' title="bbox 1967 4539 3548 4606; baseline 0.003 -14"><span class='ocrx_word' id='word_1_671' title='bbox 1967 4539 2028 4593; x_wconf 77' lang='lat' dir='ltr'><strong>sit</strong></span> <span class='ocrx_word' id='word_1_672' title='bbox 2078 4540 2240 4606; x_wconf 88' lang='lat' dir='ltr'><strong>(unus</strong></span> <span class='ocrx_word' id='word_1_673' title='bbox 2285 4541 2426 4593; x_wconf 90' lang='lat' dir='ltr'><strong>enim</strong></span> <span class='ocrx_word' id='word_1_674' title='bbox 2473 4549 2555 4595; x_wconf 87' lang='lat' dir='ltr'><strong>est</strong></span> <span class='ocrx_word' id='word_1_675' title='bbox 2602 4541 2770 4595; x_wconf 85' lang='lat' dir='ltr'><strong>Filius</strong></span> <span class='ocrx_word' id='word_1_676' title='bbox 2818 4539 2943 4603; x_wconf 91' lang='lat' dir='ltr'><strong>Dei,</strong></span> <span class='ocrx_word' id='word_1_677' title='bbox 2978 4556 3081 4595; x_wconf 88' lang='lat' dir='ltr'><strong>non</strong></span> <span class='ocrx_word' id='word_1_678' title='bbox 3129 4542 3267 4606; x_wconf 87' lang='lat' dir='ltr'><strong>duo,</strong></span> <span class='ocrx_word' id='word_1_679' title='bbox 3305 4557 3426 4598; x_wconf 90' lang='lat' dir='ltr'><strong>cum</strong></span> <span class='ocrx_word' id='word_1_680' title='bbox 3477 4543 3548 4597; x_wconf 76' lang='lat' dir='ltr'><strong>sit</strong></span> 
     </span>
    </p>
   </div>
   <div class='ocr_carea' id='block_1_88' title="bbox 270 4624 1847 4707">
    <p class='ocr_par' dir='ltr' id='par_1_88' title="bbox 270 4624 1847 4707">
     <span class='ocr_line' id='line_1_88' title="bbox 270 4624 1847 4707; baseline 0.008 -28"><span class='ocrx_word' id='word_1_681' title='bbox 270 4637 386 4701; x_wconf 71' lang='grc' dir='ltr'>δύο,</span> <span class='ocrx_word' id='word_1_682' title='bbox 421 4635 581 4704; x_wconf 76' lang='grc' dir='ltr'>σοφία</span> <span class='ocrx_word' id='word_1_683' title='bbox 606 4633 698 4687; x_wconf 88' lang='grc' dir='ltr'><strong>τοῦ</strong></span> <span class='ocrx_word' id='word_1_684' title='bbox 723 4633 934 4704; x_wconf 72' lang='grc' dir='ltr'>[ἰατρὸς</span> <span class='ocrx_word' id='word_1_685' title='bbox 961 4624 1219 4702; x_wconf 80' lang='grc' dir='ltr'>ὑπάρχων</span> <span class='ocrx_word' id='word_1_686' title='bbox 1244 4632 1270 4682; x_wconf 84' lang='grc' dir='ltr'>ὁ</span> <span class='ocrx_word' id='word_1_687' title='bbox 1313 4633 1407 4685; x_wconf 87' lang='grc' dir='ltr'><strong>τοῦ</strong></span> <span class='ocrx_word' id='word_1_688' title='bbox 1437 4633 1572 4686; x_wconf 83' lang='grc' dir='ltr'>Θεοῦ</span> <span class='ocrx_word' id='word_1_689' title='bbox 1603 4636 1809 4707; x_wconf 83' lang='grc' dir='ltr'>Λόγος)</span> <span class='ocrx_word' id='word_1_690' title='bbox 1833 4677 1847 4701; x_wconf 88' lang='grc'><strong>,</strong></span> 
     </span>
    </p>
   </div>
   <div class='ocr_carea' id='block_1_89' title="bbox 271 4716 1740 4790">
    <p class='ocr_par' dir='ltr' id='par_1_89' title="bbox 271 4716 1740 4790">
     <span class='ocr_line' id='line_1_89' title="bbox 271 4716 1740 4790; baseline -0.001 -11"><span class='ocrx_word' id='word_1_691' title='bbox 271 4723 434 4789; x_wconf 79' lang='grc' dir='ltr'>αὑτός</span> <span class='ocrx_word' id='word_1_692' title='bbox 467 4726 614 4776; x_wconf 74' lang='grc' dir='ltr'>ἐστιν</span> <span class='ocrx_word' id='word_1_693' title='bbox 638 4726 665 4777; x_wconf 84' lang='grc' dir='ltr'>ὁ</span> <span class='ocrx_word' id='word_1_694' title='bbox 695 4724 763 4776; x_wconf 85' lang='grc' dir='ltr'><strong>δι’</strong></span> <span class='ocrx_word' id='word_1_695' title='bbox 792 4716 853 4774; x_wconf 79' lang='grc' dir='ltr'><strong>οῦ</strong></span> <span class='ocrx_word' id='word_1_696' title='bbox 879 4721 1097 4775; x_wconf 81' lang='grc' dir='ltr'>πάντων</span> <span class='ocrx_word' id='word_1_697' title='bbox 1145 4723 1176 4790; x_wconf 86' lang='grc' dir='ltr'><strong>ή</strong></span> <span class='ocrx_word' id='word_1_698' title='bbox 1225 4720 1476 4790; x_wconf 76' lang='grc' dir='ltr'>βούλησις</span> <span class='ocrx_word' id='word_1_699' title='bbox 1513 4723 1740 4790; x_wconf 79' lang='grc' dir='ltr'>γίνεται.</span> 
     </span>
    </p>
   </div>
   <div class='ocr_carea' id='block_1_90' title="bbox 969 4834 1171 4886">
    <p class='ocr_par' dir='ltr' id='par_1_90' title="bbox 969 4834 1171 4886">
     <span class='ocr_line' id='line_1_90' title="bbox 969 4834 1171 4886; baseline 0.005 -1"><span class='ocrx_word' id='word_1_700' title='bbox 969 4834 1171 4886; x_wconf 78' lang='grc' dir='ltr'><strong>ΑΛΛΟ.</strong></span> 
     </span>
    </p>
   </div>
   <div class='ocr_carea' id='block_1_91' title="bbox 343 4943 1851 5016">
    <p class='ocr_par' dir='ltr' id='par_1_91' title="bbox 343 4943 1851 5016">
     <span class='ocr_line' id='line_1_91' title="bbox 343 4943 1851 5016; baseline -0.002 -15"><span class='ocrx_word' id='word_1_701' title='bbox 343 4945 468 5001; x_wconf 82' lang='grc' dir='ltr'>Τῶν</span> <span class='ocrx_word' id='word_1_702' title='bbox 493 4946 554 4999; x_wconf 84' lang='grc' dir='ltr'>ὲν</span> <span class='ocrx_word' id='word_1_703' title='bbox 579 4943 756 5016; x_wconf 82' lang='grc' dir='ltr'>χρόνῳ</span> <span class='ocrx_word' id='word_1_704' title='bbox 796 4943 1119 5012; x_wconf 86' lang='grc' dir='ltr'>γεγονότων,</span> <span class='ocrx_word' id='word_1_705' title='bbox 1174 4946 1496 5015; x_wconf 78' lang='grc' dir='ltr'>προηγεῖται</span> <span class='ocrx_word' id='word_1_706' title='bbox 1544 4944 1761 5008; x_wconf 77' lang='grc' dir='ltr'>πάντως</span> <span class='ocrx_word' id='word_1_707' title='bbox 1790 4948 1851 4998; x_wconf 76' lang='grc' dir='ltr'>τὸ</span> 
     </span>
    </p>
   </div>
   <div class='ocr_carea' id='block_1_92' title="bbox 277 5034 1849 5109">
    <p class='ocr_par' dir='ltr' id='par_1_92' title="bbox 277 5034 1849 5109">
     <span class='ocr_line' id='line_1_92' title="bbox 277 5034 1849 5109; baseline 0 -19"><span class='ocrx_word' id='word_1_708' title='bbox 277 5035 625 5109; x_wconf 75' lang='grc' dir='ltr'>βουλεύεσθαί</span> <span class='ocrx_word' id='word_1_709' title='bbox 652 5053 704 5089; x_wconf 90' lang='grc' dir='ltr'><strong>τι</strong></span> <span class='ocrx_word' id='word_1_710' title='bbox 726 5035 854 5104; x_wconf 70' lang='grc' dir='ltr'>περὶ</span> <span class='ocrx_word' id='word_1_711' title='bbox 875 5034 1072 5088; x_wconf 75' lang='grc' dir='ltr'>αὑτῶν.</span> <span class='ocrx_word' id='word_1_712' title='bbox 1127 5035 1187 5087; x_wconf 84' lang='grc' dir='ltr'>Εἰ</span> <span class='ocrx_word' id='word_1_713' title='bbox 1235 5037 1415 5088; x_wconf 83' lang='grc' dir='ltr'>τοίνυν</span> <span class='ocrx_word' id='word_1_714' title='bbox 1479 5035 1727 5106; x_wconf 80' lang='grc' dir='ltr'>βουλήσει</span> <span class='ocrx_word' id='word_1_715' title='bbox 1759 5055 1849 5106; x_wconf 81' lang='grc' dir='ltr'>γε-</span> 
     </span>
    </p>
   </div>
   <div class='ocr_carea' id='block_1_93' title="bbox 273 5125 1849 5198">
    <p class='ocr_par' dir='ltr' id='par_1_93' title="bbox 273 5125 1849 5198">
     <span class='ocr_line' id='line_1_93' title="bbox 273 5125 1849 5198; baseline -0.003 -16"><span class='ocrx_word' id='word_1_716' title='bbox 273 5130 519 5198; x_wconf 78' lang='grc' dir='ltr'>γένηται,</span> <span class='ocrx_word' id='word_1_717' title='bbox 551 5126 670 5180; x_wconf 81' lang='grc' dir='ltr'><strong>καθ’</strong></span> <span class='ocrx_word' id='word_1_718' title='bbox 696 5128 860 5196; x_wconf 76' lang='grc' dir='ltr'>ὑμᾶς,</span> <span class='ocrx_word' id='word_1_719' title='bbox 888 5128 916 5177; x_wconf 94' lang='lat'><strong>6</strong></span> <span class='ocrx_word' id='word_1_720' title='bbox 946 5125 1090 5188; x_wconf 75' lang='grc' dir='ltr'>Υἱὸς,</span> <span class='ocrx_word' id='word_1_721' title='bbox 1137 5125 1553 5197; x_wconf 77' lang='grc' dir='ltr'>προηγουμένην</span> <span class='ocrx_word' id='word_1_722' title='bbox 1609 5126 1722 5196; x_wconf 82' lang='grc' dir='ltr'>ἔχει</span> <span class='ocrx_word' id='word_1_723' title='bbox 1758 5129 1849 5180; x_wconf 79' lang='grc' dir='ltr'><strong>καὶ</strong></span> 
     </span>
    </p>
   </div>
   <div class='ocr_carea' id='block_1_94' title="bbox 275 5215 1849 5289">
    <p class='ocr_par' dir='ltr' id='par_1_94' title="bbox 275 5215 1849 5289">
     <span class='ocr_line' id='line_1_94' title="bbox 275 5215 1849 5289; baseline 0.005 -26"><span class='ocrx_word' id='word_1_724' title='bbox 275 5222 439 5284; x_wconf 60' lang='grc' dir='ltr'><strong>αθτδς</strong></span> <span class='ocrx_word' id='word_1_725' title='bbox 494 5220 593 5289; x_wconf 77' lang='grc' dir='ltr'><strong>τὴν</strong></span> <span class='ocrx_word' id='word_1_726' title='bbox 644 5219 770 5287; x_wconf 75' lang='grc' dir='ltr'>περὶ</span> <span class='ocrx_word' id='word_1_727' title='bbox 824 5215 988 5270; x_wconf 81' lang='grc' dir='ltr'>αὑτοῦ</span> <span class='ocrx_word' id='word_1_728' title='bbox 1048 5215 1331 5285; x_wconf 74' lang='grc' dir='ltr'>βούλησιν,</span> <span class='ocrx_word' id='word_1_729' title='bbox 1392 5215 1579 5287; x_wconf 77' lang='grc' dir='ltr'>ὥσπερ</span> <span class='ocrx_word' id='word_1_730' title='bbox 1629 5218 1723 5270; x_wconf 72' lang='grc' dir='ltr'>καὶ</span> <span class='ocrx_word' id='word_1_731' title='bbox 1781 5217 1849 5271; x_wconf 80' lang='grc' dir='ltr'>τὰ</span> 
     </span>
    </p>
   </div>
   <div class='ocr_carea' id='block_1_95' title="bbox 278 5304 1848 5384">
    <p class='ocr_par' dir='ltr' id='par_1_95' title="bbox 278 5304 1848 5384">
     <span class='ocr_line' id='line_1_95' title="bbox 278 5304 1848 5384; baseline -0.004 -15"><span class='ocrx_word' id='word_1_732' title='bbox 278 5315 582 5384; x_wconf 80' lang='grc' dir='ltr'>ποιήματα.</span> <span class='ocrx_word' id='word_1_733' title='bbox 627 5311 738 5365; x_wconf 80' lang='grc' dir='ltr'><strong>Καὶ</strong></span> <span class='ocrx_word' id='word_1_734' title='bbox 782 5309 882 5362; x_wconf 81' lang='grc' dir='ltr'><strong>οὑκ</strong></span> <span class='ocrx_word' id='word_1_735' title='bbox 922 5304 989 5380; x_wconf 78' lang='grc' dir='ltr'>ἦν</span> <span class='ocrx_word' id='word_1_736' title='bbox 1035 5325 1183 5361; x_wconf 85' lang='grc' dir='ltr'>ποτε.</span> <span class='ocrx_word' id='word_1_737' title='bbox 1228 5309 1337 5360; x_wconf 71' lang='grc' dir='ltr'><strong>Καὶ</strong></span> <span class='ocrx_word' id='word_1_738' title='bbox 1375 5309 1626 5378; x_wconf 67' lang='grc' dir='ltr'>ψεύδεται</span> <span class='ocrx_word' id='word_1_739' title='bbox 1674 5310 1848 5378; x_wconf 81' lang='grc' dir='ltr'>λέγων</span> 
     </span>
    </p>
   </div>
   <div class='ocr_carea' id='block_1_96' title="bbox 289 5396 1850 5476">
    <p class='ocr_par' dir='ltr' id='par_1_96' title="bbox 289 5396 1850 5476">
     <span class='ocr_line' id='line_1_96' title="bbox 289 5396 1850 5476; baseline -0.004 -16"><span class='ocrx_word' id='word_1_740' title='bbox 289 5407 544 5476; x_wconf 78' lang='grc' dir='ltr'>Ἰωάννης</span> <span class='ocrx_word' id='word_1_741' title='bbox 574 5406 702 5476; x_wconf 78' lang='grc' dir='ltr'>περὶ</span> <span class='ocrx_word' id='word_1_742' title='bbox 726 5401 910 5458; x_wconf 83' lang='grc' dir='ltr'>αὑτοῦ·</span> <span class='ocrx_word' id='word_1_743' title='bbox 971 5421 989 5452; x_wconf 81' lang='grc' dir='ltr'><strong>ι</strong></span> <span class='ocrx_word' id='word_1_744' title='bbox 1040 5401 1128 5454; x_wconf 85' lang='grc' dir='ltr'>Ἐν</span> <span class='ocrx_word' id='word_1_745' title='bbox 1156 5401 1296 5472; x_wconf 82' lang='grc' dir='ltr'>ἀρχῇ</span> <span class='ocrx_word' id='word_1_746' title='bbox 1338 5396 1402 5470; x_wconf 83' lang='grc' dir='ltr'>ἦν</span> <span class='ocrx_word' id='word_1_747' title='bbox 1429 5402 1457 5454; x_wconf 82' lang='lat'><strong>6</strong></span> <span class='ocrx_word' id='word_1_748' title='bbox 1501 5402 1690 5476; x_wconf 72' lang='grc' dir='ltr'>Λόγος.</span> <span class='ocrx_word' id='word_1_749' title='bbox 1729 5422 1746 5451; x_wconf 77' lang='grc' dir='ltr'><strong>ι</strong></span> <span class='ocrx_word' id='word_1_750' title='bbox 1787 5403 1850 5454; x_wconf 87' lang='grc' dir='ltr'><strong>Εἰ</strong></span> 
     </span>
    </p>
   </div>
   <div class='ocr_carea' id='block_1_97' title="bbox 277 5490 1851 5570">
    <p class='ocr_par' dir='ltr' id='par_1_97' title="bbox 277 5490 1851 5570">
     <span class='ocr_line' id='line_1_97' title="bbox 277 5490 1851 5570; baseline -0.005 -18"><span class='ocrx_word' id='word_1_751' title='bbox 277 5498 386 5570; x_wconf 66' lang='grc' dir='ltr'><strong>γὰρ</strong></span> <span class='ocrx_word' id='word_1_752' title='bbox 411 5496 512 5550; x_wconf 80' lang='grc' dir='ltr'><strong>οὑκ</strong></span> <span class='ocrx_word' id='word_1_753' title='bbox 539 5490 628 5564; x_wconf 78' lang='grc' dir='ltr'>ἦν,</span> <span class='ocrx_word' id='word_1_754' title='bbox 648 5493 768 5548; x_wconf 75' lang='grc' dir='ltr'>καθ’</span> <span class='ocrx_word' id='word_1_755' title='bbox 802 5493 966 5563; x_wconf 83' lang='grc' dir='ltr'>ὑμᾶς,</span> <span class='ocrx_word' id='word_1_756' title='bbox 1002 5492 1117 5554; x_wconf 85' lang='grc' dir='ltr'>πῶς</span> <span class='ocrx_word' id='word_1_757' title='bbox 1147 5494 1174 5545; x_wconf 90' lang='lat'><strong>6</strong></span> <span class='ocrx_word' id='word_1_758' title='bbox 1211 5491 1602 5562; x_wconf 80' lang='grc' dir='ltr'>εὐαγγελιστὴς</span> <span class='ocrx_word' id='word_1_759' title='bbox 1629 5492 1851 5563; x_wconf 78' lang='grc' dir='ltr'>ἁληοεὺ-</span> 
     </span>
    </p>
   </div>
   <div class='ocr_carea' id='block_1_98' title="bbox 282 5582 1849 5656">
    <p class='ocr_par' dir='ltr' id='par_1_98' title="bbox 282 5582 1849 5656">
     <span class='ocr_line' id='line_1_98' title="bbox 282 5582 1849 5656; baseline -0.002 -16"><span class='ocrx_word' id='word_1_760' title='bbox 282 5603 362 5642; x_wconf 70' lang='lat' dir='ltr'><strong>eat</strong></span> <span class='ocrx_word' id='word_1_761' title='bbox 389 5582 618 5653; x_wconf 73' lang='grc' dir='ltr'>τδ,⁷Ην,</span> <span class='ocrx_word' id='word_1_762' title='bbox 637 5584 785 5655; x_wconf 84' lang='grc' dir='ltr'><strong>αὑτῴ</strong></span> <span class='ocrx_word' id='word_1_763' title='bbox 821 5582 1149 5656; x_wconf 78' lang='grc' dir='ltr'>περιτιθείς;</span> <span class='ocrx_word' id='word_1_764' title='bbox 1191 5583 1326 5636; x_wconf 81' lang='grc' dir='ltr'>Ἀλλ’</span> <span class='ocrx_word' id='word_1_765' title='bbox 1348 5585 1445 5654; x_wconf 81' lang='grc' dir='ltr'><strong>οὑχ</strong></span> <span class='ocrx_word' id='word_1_766' title='bbox 1471 5583 1617 5654; x_wconf 84' lang='grc' dir='ltr'>ὑμῖν,</span> <span class='ocrx_word' id='word_1_767' title='bbox 1657 5583 1849 5656; x_wconf 77' lang='grc' dir='ltr'>ἐκείνῳ</span> 
     </span>
    </p>
   </div>
   <div class='ocr_carea' id='block_1_99' title="bbox 349 5763 1449 5831">
    <p class='ocr_par' dir='ltr' id='par_1_99' title="bbox 349 5763 1449 5831">
     <span class='ocr_line' id='line_1_99' title="bbox 349 5763 1449 5831; baseline -0.005 -12"><span class='ocrx_word' id='word_1_768' title='bbox 349 5765 392 5800; x_wconf 77' lang='grc'><strong>⁷⁸</strong></span> <span class='ocrx_word' id='word_1_769' title='bbox 435 5763 633 5821; x_wconf 78' lang='lat' dir='ltr'><strong>Jercm.</strong></span> <span class='ocrx_word' id='word_1_770' title='bbox 675 5779 825 5831; x_wconf 64' lang='grc' dir='ltr'>χχιιι,</span> <span class='ocrx_word' id='word_1_771' title='bbox 873 5765 950 5818; x_wconf 79' lang='lat' dir='ltr'><strong>IG.</strong></span> <span class='ocrx_word' id='word_1_772' title='bbox 1031 5766 1073 5795; x_wconf 72' lang='grc' dir='ltr'><strong>τι</strong></span> <span class='ocrx_word' id='word_1_773' title='bbox 1106 5763 1237 5818; x_wconf 67' lang='lat' dir='ltr'><strong>Gen.</strong></span> <span class='ocrx_word' id='word_1_774' title='bbox 1291 5778 1324 5828; x_wconf 86' lang='grc' dir='ltr'><strong>ι,</strong></span> <span class='ocrx_word' id='word_1_775' title='bbox 1365 5763 1449 5818; x_wconf 74' lang='lat'><strong>‘26.</strong></span> 
     </span>
    </p>
   </div>
   <div class='ocr_carea' id='block_1_100' title="bbox 1533 5761 2103 5829">
    <p class='ocr_par' dir='ltr' id='par_1_100' title="bbox 1533 5761 2103 5829">
     <span class='ocr_line' id='line_1_100' title="bbox 1533 5761 2103 5829; baseline 0 -13"><span class='ocrx_word' id='word_1_776' title='bbox 1533 5763 1576 5793; x_wconf 81' lang='grc'><strong>⁷³</strong></span> <span class='ocrx_word' id='word_1_777' title='bbox 1618 5761 1757 5819; x_wconf 74' lang='lat' dir='ltr'><strong>Psal.</strong></span> <span class='ocrx_word' id='word_1_778' title='bbox 1799 5777 2018 5829; x_wconf 66' lang='lat' dir='ltr'><strong>cxxxtr,</strong></span> <span class='ocrx_word' id='word_1_779' title='bbox 2055 5763 2103 5816; x_wconf 78' lang='lat'><strong>6..</strong></span> 
     </span>
    </p>
   </div>
   <div class='ocr_carea' id='block_1_101' title="bbox 1957 4629 3543 4705">
    <p class='ocr_par' dir='ltr' id='par_1_101' title="bbox 1957 4629 3543 4705">
     <span class='ocr_line' id='line_1_101' title="bbox 1957 4629 3543 4705; baseline 0.003 -22"><span class='ocrx_word' id='word_1_780' title='bbox 1957 4630 2215 4699; x_wconf 81' lang='lat' dir='ltr'><strong>sapientia</strong></span> <span class='ocrx_word' id='word_1_781' title='bbox 2264 4629 2442 4685; x_wconf 79' lang='lat' dir='ltr'><strong>Patris</strong></span> <span class='ocrx_word' id='word_1_782' title='bbox 2494 4632 2584 4686; x_wconf 88' lang='lat' dir='ltr'><strong>Dei</strong></span> <span class='ocrx_word' id='word_1_783' title='bbox 2632 4631 2919 4704; x_wconf 81' lang='lat' dir='ltr'><strong>Verbum),</strong></span> <span class='ocrx_word' id='word_1_784' title='bbox 2956 4633 3069 4702; x_wconf 81' lang='lat' dir='ltr'><strong>ipse</strong></span> <span class='ocrx_word' id='word_1_785' title='bbox 3116 4643 3197 4688; x_wconf 88' lang='lat' dir='ltr'><strong>est</strong></span> <span class='ocrx_word' id='word_1_786' title='bbox 3240 4650 3337 4704; x_wconf 89' lang='lat' dir='ltr'><strong>per</strong></span> <span class='ocrx_word' id='word_1_787' title='bbox 3384 4649 3543 4705; x_wconf 83' lang='lat' dir='ltr'><strong>quem</strong></span> 
     </span>
    </p>
   </div>
   <div class='ocr_carea' id='block_1_102' title="bbox 1958 4723 2662 4780">
    <p class='ocr_par' dir='ltr' id='par_1_102' title="bbox 1958 4723 2662 4780">
     <span class='ocr_line' id='line_1_102' title="bbox 1958 4723 2662 4780; baseline 0.004 -6"><span class='ocrx_word' id='word_1_788' title='bbox 1958 4723 2194 4776; x_wconf 88' lang='lat' dir='ltr'><strong>omnium</strong></span> <span class='ocrx_word' id='word_1_789' title='bbox 2237 4723 2552 4780; x_wconf 82' lang='lat' dir='ltr'><strong>deliberatio</strong></span> <span class='ocrx_word' id='word_1_790' title='bbox 2587 4724 2662 4778; x_wconf 80' lang='lat' dir='ltr'><strong>iit.</strong></span> 
     </span>
    </p>
   </div>
   <div class='ocr_carea' id='block_1_103' title="bbox 2645 4835 2872 4892">
    <p class='ocr_par' dir='ltr' id='par_1_103' title="bbox 2645 4835 2872 4892">
     <span class='ocr_line' id='line_1_103' title="bbox 2645 4835 2872 4892; baseline 0.009 -2"><span class='ocrx_word' id='word_1_791' title='bbox 2645 4835 2872 4892; x_wconf 87' lang='lat' dir='ltr'><strong>ALIUD.</strong></span> 
     </span>
    </p>
   </div>
   <div class='ocr_carea' id='block_1_104' title="bbox 2029 4947 3588 5019">
    <p class='ocr_par' dir='ltr' id='par_1_104' title="bbox 2029 4947 3588 5019">
     <span class='ocr_line' id='line_1_104' title="bbox 2029 4947 3588 5019; baseline 0.006 -19"><span class='ocrx_word' id='word_1_792' title='bbox 2029 4947 2158 5012; x_wconf 64' lang='lat' dir='ltr'><strong>Quae</strong></span> <span class='ocrx_word' id='word_1_793' title='bbox 2208 4948 2257 5002; x_wconf 91' lang='lat' dir='ltr'><strong>in</strong></span> <span class='ocrx_word' id='word_1_794' title='bbox 2313 4959 2554 5019; x_wconf 83' lang='lat' dir='ltr'><strong>tempore</strong></span> <span class='ocrx_word' id='word_1_795' title='bbox 2599 4951 2739 5006; x_wconf 77' lang='lat' dir='ltr'><strong>facta</strong></span> <span class='ocrx_word' id='word_1_796' title='bbox 2791 4962 2948 5018; x_wconf 85' lang='lat' dir='ltr'><strong>sunt,</strong></span> <span class='ocrx_word' id='word_1_797' title='bbox 2994 4953 3313 5009; x_wconf 86' lang='lat' dir='ltr'><strong>deliberatio</strong></span> <span class='ocrx_word' id='word_1_798' title='bbox 3366 4955 3431 5009; x_wconf 89' lang='lat' dir='ltr'><strong>de</strong></span> <span class='ocrx_word' id='word_1_799' title='bbox 3477 4955 3588 5009; x_wconf 87' lang='lat' dir='ltr'><strong>iis-</strong></span> 
     </span>
    </p>
   </div>
   <div class='ocr_carea' id='block_1_105' title="bbox 1958 5039 3538 5114">
    <p class='ocr_par' dir='ltr' id='par_1_105' title="bbox 1958 5039 3538 5114">
     <span class='ocr_line' id='line_1_105' title="bbox 1958 5039 3538 5114; baseline 0.005 -22"><span class='ocrx_word' id='word_1_800' title='bbox 1958 5039 2215 5094; x_wconf 81' lang='lat' dir='ltr'><strong>faciendis</strong></span> <span class='ocrx_word' id='word_1_801' title='bbox 2243 5042 2463 5094; x_wconf 88' lang='lat' dir='ltr'><strong>omnino</strong></span> <span class='ocrx_word' id='word_1_802' title='bbox 2495 5043 2792 5111; x_wconf 67' lang='lat' dir='ltr'><strong>praecessit.</strong></span> <span class='ocrx_word' id='word_1_803' title='bbox 2818 5043 2872 5097; x_wconf 90' lang='lat' dir='ltr'><strong>Si</strong></span> <span class='ocrx_word' id='word_1_804' title='bbox 2904 5059 3032 5114; x_wconf 82' lang='lat' dir='ltr'><strong>ergo</strong></span> <span class='ocrx_word' id='word_1_805' title='bbox 3057 5045 3336 5099; x_wconf 86' lang='lat' dir='ltr'><strong>voluntate</strong></span> <span class='ocrx_word' id='word_1_806' title='bbox 3364 5045 3538 5100; x_wconf 78' lang='lat' dir='ltr'><strong>factus</strong></span> 
     </span>
    </p>
   </div>
   <div class='ocr_carea' id='block_1_106' title="bbox 1959 5133 3537 5201">
    <p class='ocr_par' dir='ltr' id='par_1_106' title="bbox 1959 5133 3537 5201">
     <span class='ocr_line' id='line_1_106' title="bbox 1959 5133 3537 5201; baseline 0.005 -17"><span class='ocrx_word' id='word_1_807' title='bbox 1959 5142 2059 5195; x_wconf 83' lang='lat' dir='ltr'><strong>est,</strong></span> <span class='ocrx_word' id='word_1_808' title='bbox 2089 5140 2146 5185; x_wconf 89' lang='lat' dir='ltr'><strong>ut</strong></span> <span class='ocrx_word' id='word_1_809' title='bbox 2171 5146 2266 5186; x_wconf 81' lang='lat' dir='ltr'><strong>vos</strong></span> <span class='ocrx_word' id='word_1_810' title='bbox 2294 5133 2554 5197; x_wconf 86' lang='lat' dir='ltr'><strong>statuitis,</strong></span> <span class='ocrx_word' id='word_1_811' title='bbox 2583 5135 2768 5199; x_wconf 84' lang='lat' dir='ltr'><strong>Filius,</strong></span> <span class='ocrx_word' id='word_1_812' title='bbox 2795 5149 2941 5189; x_wconf 88' lang='lat' dir='ltr'><strong>certe</strong></span> <span class='ocrx_word' id='word_1_813' title='bbox 2980 5138 3142 5191; x_wconf 87' lang='lat' dir='ltr'><strong>etiam</strong></span> <span class='ocrx_word' id='word_1_814' title='bbox 3182 5138 3247 5190; x_wconf 90' lang='lat' dir='ltr'><strong>de</strong></span> <span class='ocrx_word' id='word_1_815' title='bbox 3277 5153 3357 5201; x_wconf 86' lang='lat' dir='ltr'><strong>eo,</strong></span> <span class='ocrx_word' id='word_1_816' title='bbox 3389 5147 3445 5192; x_wconf 91' lang='lat' dir='ltr'><strong>ut</strong></span> <span class='ocrx_word' id='word_1_817' title='bbox 3473 5139 3537 5192; x_wconf 82' lang='lat' dir='ltr'><strong>de</strong></span> 
     </span>
    </p>
   </div>
   <div class='ocr_carea' id='block_1_107' title="bbox 1958 5223 3536 5298">
    <p class='ocr_par' dir='ltr' id='par_1_107' title="bbox 1958 5223 3536 5298">
     <span class='ocr_line' id='line_1_107' title="bbox 1958 5223 3536 5298; baseline 0.005 -24"><span class='ocrx_word' id='word_1_818' title='bbox 1958 5224 2250 5288; x_wconf 76' lang='lat' dir='ltr'><strong>creaturis,</strong></span> <span class='ocrx_word' id='word_1_819' title='bbox 2295 5223 2606 5279; x_wconf 88' lang='lat' dir='ltr'><strong>deliberatio</strong></span> <span class='ocrx_word' id='word_1_820' title='bbox 2659 5228 3013 5294; x_wconf 70' lang='lat' dir='ltr'><strong>prmcesserit.</strong></span> <span class='ocrx_word' id='word_1_821' title='bbox 3066 5229 3243 5298; x_wconf 86' lang='lat' dir='ltr'><strong>Atque</strong></span> <span class='ocrx_word' id='word_1_822' title='bbox 3299 5230 3369 5282; x_wconf 85' lang='lat' dir='ltr'><strong>ita</strong></span> <span class='ocrx_word' id='word_1_823' title='bbox 3433 5230 3536 5283; x_wconf 89' lang='lat' dir='ltr'><strong>ali-</strong></span> 
     </span>
    </p>
   </div>
   <div class='ocr_carea' id='block_1_108' title="bbox 1959 5315 3540 5382">
    <p class='ocr_par' dir='ltr' id='par_1_108' title="bbox 1959 5315 3540 5382">
     <span class='ocr_line' id='line_1_108' title="bbox 1959 5315 3540 5382; baseline 0.006 -18"><span class='ocrx_word' id='word_1_824' title='bbox 1959 5315 2172 5382; x_wconf 74' lang='lat' dir='ltr'><strong>quando</strong></span> <span class='ocrx_word' id='word_1_825' title='bbox 2217 5329 2323 5370; x_wconf 90' lang='lat' dir='ltr'><strong>non</strong></span> <span class='ocrx_word' id='word_1_826' title='bbox 2368 5323 2502 5369; x_wconf 88' lang='lat' dir='ltr'><strong>erat.</strong></span> <span class='ocrx_word' id='word_1_827' title='bbox 2539 5315 2602 5369; x_wconf 82' lang='lat' dir='ltr'><strong>Et</strong></span> <span class='ocrx_word' id='word_1_828' title='bbox 2645 5319 2903 5373; x_wconf 87' lang='lat' dir='ltr'><strong>mentitur</strong></span> <span class='ocrx_word' id='word_1_829' title='bbox 2945 5318 3186 5375; x_wconf 83' lang='lat' dir='ltr'><strong>Joannes</strong></span> <span class='ocrx_word' id='word_1_830' title='bbox 3239 5321 3425 5375; x_wconf 88' lang='lat' dir='ltr'><strong>dicens</strong></span> <span class='ocrx_word' id='word_1_831' title='bbox 3473 5321 3540 5374; x_wconf 82' lang='lat' dir='ltr'><strong>de</strong></span> 
     </span>
    </p>
   </div>
   <div class='ocr_carea' id='block_1_109' title="bbox 1959 5403 3536 5481">
    <p class='ocr_par' dir='ltr' id='par_1_109' title="bbox 1959 5403 3536 5481">
     <span class='ocr_line' id='line_1_109' title="bbox 1959 5403 3536 5481; baseline 0.007 -24"><span class='ocrx_word' id='word_1_832' title='bbox 1959 5420 2022 5458; x_wconf 91' lang='lat' dir='ltr'><strong>eo</strong></span> <span class='ocrx_word' id='word_1_833' title='bbox 2058 5423 2069 5457; x_wconf 91' lang='lat'><strong>:</strong></span> <span class='ocrx_word' id='word_1_834' title='bbox 2109 5423 2126 5456; x_wconf 81' lang='grc' dir='ltr'><strong>ι</strong></span> <span class='ocrx_word' id='word_1_835' title='bbox 2167 5403 2220 5456; x_wconf 88' lang='lat' dir='ltr'><strong>In</strong></span> <span class='ocrx_word' id='word_1_836' title='bbox 2261 5404 2526 5474; x_wconf 87' lang='lat' dir='ltr'><strong>principio</strong></span> <span class='ocrx_word' id='word_1_837' title='bbox 2554 5416 2670 5461; x_wconf 86' lang='lat' dir='ltr'><strong>erat</strong></span> <span class='ocrx_word' id='word_1_838' title='bbox 2700 5408 2929 5463; x_wconf 87' lang='lat' dir='ltr'><strong>Verbum</strong></span> <span class='ocrx_word' id='word_1_839' title='bbox 2953 5411 3020 5466; x_wconf 84' lang='lat'><strong>&quot;.</strong></span> <span class='ocrx_word' id='word_1_840' title='bbox 3051 5431 3071 5463; x_wconf 77' lang='grc' dir='ltr'><strong>ι</strong></span> <span class='ocrx_word' id='word_1_841' title='bbox 3109 5411 3163 5465; x_wconf 93' lang='lat' dir='ltr'><strong>Si</strong></span> <span class='ocrx_word' id='word_1_842' title='bbox 3195 5413 3536 5481; x_wconf 75' lang='lat' dir='ltr'><strong>enim,jnxta</strong></span> 
     </span>
    </p>
   </div>
   <div class='ocr_carea' id='block_1_110' title="bbox 1958 5496 3534 5575">
    <p class='ocr_par' dir='ltr' id='par_1_110' title="bbox 1958 5496 3534 5575">
     <span class='ocr_line' id='line_1_110' title="bbox 1958 5496 3534 5575; baseline 0.008 -29"><span class='ocrx_word' id='word_1_843' title='bbox 1958 5503 2191 5549; x_wconf 75' lang='lat' dir='ltr'><strong>vestram</strong></span> <span class='ocrx_word' id='word_1_844' title='bbox 2223 5496 2554 5566; x_wconf 80' lang='lat' dir='ltr'><strong>Opinionem,</strong></span> <span class='ocrx_word' id='word_1_845' title='bbox 2578 5514 2683 5553; x_wconf 91' lang='lat' dir='ltr'><strong>non</strong></span> <span class='ocrx_word' id='word_1_846' title='bbox 2713 5509 2849 5563; x_wconf 84' lang='lat' dir='ltr'><strong>erat,</strong></span> <span class='ocrx_word' id='word_1_847' title='bbox 2876 5517 2982 5572; x_wconf 91' lang='lat' dir='ltr'><strong>quo</strong></span> <span class='ocrx_word' id='word_1_848' title='bbox 3015 5513 3170 5571; x_wconf 85' lang='lat' dir='ltr'><strong>pacto</strong></span> <span class='ocrx_word' id='word_1_849' title='bbox 3202 5505 3534 5575; x_wconf 80' lang='lat' dir='ltr'><strong>evangelista</strong></span> 
     </span>
    </p>
   </div>
   <div class='ocr_carea' id='block_1_111' title="bbox 1958 5586 3534 5664">
    <p class='ocr_par' dir='ltr' id='par_1_111' title="bbox 1958 5586 3534 5664">
     <span class='ocr_line' id='line_1_111' title="bbox 1958 5586 3534 5664; baseline 0.008 -24"><span class='ocrx_word' id='word_1_850' title='bbox 1958 5603 2083 5642; x_wconf 77' lang='lat' dir='ltr'><strong>vere</strong></span> <span class='ocrx_word' id='word_1_851' title='bbox 2110 5586 2271 5655; x_wconf 87' lang='lat' dir='ltr'><strong>dicet,</strong></span> <span class='ocrx_word' id='word_1_852' title='bbox 2298 5604 2418 5644; x_wconf 89' lang='lat' dir='ltr'><strong>cum</strong></span> <span class='ocrx_word' id='word_1_853' title='bbox 2453 5589 2574 5658; x_wconf 88' lang='lat' dir='ltr'><strong>hoc,</strong></span> <span class='ocrx_word' id='word_1_854' title='bbox 2601 5604 2735 5658; x_wconf 77' lang='lat' dir='ltr'><strong>erat,</strong></span> <span class='ocrx_word' id='word_1_855' title='bbox 2763 5591 2811 5646; x_wconf 87' lang='lat' dir='ltr'><strong>ei</strong></span> <span class='ocrx_word' id='word_1_856' title='bbox 2852 5593 3088 5648; x_wconf 81' lang='lat' dir='ltr'><strong>tribuat?</strong></span> <span class='ocrx_word' id='word_1_857' title='bbox 3117 5596 3185 5650; x_wconf 80' lang='lat' dir='ltr'><strong>At</strong></span> <span class='ocrx_word' id='word_1_858' title='bbox 3219 5611 3324 5652; x_wconf 90' lang='lat' dir='ltr'><strong>non</strong></span> <span class='ocrx_word' id='word_1_859' title='bbox 3362 5599 3534 5664; x_wconf 82' lang='lat' dir='ltr'><strong>vobis,</strong></span> 
     </span>
    </p>
   </div>
   <div class='ocr_carea' id='block_1_112' title="bbox 2183 5763 3105 5835">
    <p class='ocr_par' dir='ltr' id='par_1_112' title="bbox 2183 5763 3105 5835">
     <span class='ocr_line' id='line_1_112' title="bbox 2183 5763 3105 5835; baseline 0.005 -19"><span class='ocrx_word' id='word_1_860' title='bbox 2183 5763 2228 5795; x_wconf 71' lang='lat'><strong>7&quot;</strong></span> <span class='ocrx_word' id='word_1_861' title='bbox 2271 5763 2288 5817; x_wconf 87' lang='grc' dir='ltr'><strong>Ι</strong></span> <span class='ocrx_word' id='word_1_862' title='bbox 2329 5765 2452 5820; x_wconf 73' lang='grc' dir='ltr'><strong>(ΞΟΓ.</strong></span> <span class='ocrx_word' id='word_1_863' title='bbox 2497 5781 2534 5831; x_wconf 77' lang='grc' dir='ltr'><strong>ι,</strong></span> <span class='ocrx_word' id='word_1_864' title='bbox 2576 5766 2666 5820; x_wconf 61' lang='lat'><strong>21.</strong></span> <span class='ocrx_word' id='word_1_865' title='bbox 2738 5766 2957 5822; x_wconf 70' lang='lat' dir='ltr'><strong>7&quot;Jnau.</strong></span> <span class='ocrx_word' id='word_1_866' title='bbox 2991 5785 3026 5835; x_wconf 88' lang='grc' dir='ltr'><strong>ι,</strong></span> <span class='ocrx_word' id='word_1_867' title='bbox 3060 5770 3105 5823; x_wconf 90' lang='lat' dir='ltr'><strong>l.</strong></span> 
     </span>
    </p>
   </div>
  </div>
