4048 6416
535 350 607 404 8"
1515 346 1571 400 S.
1615 345 1880 400 CYIlILLI
1921 345 2390 401 ALEXANDRINI
2434 347 2750 403 ARCIIIEP.
3689 351 3762 408 88

534 465 626 521 sed
652 464 755 527 illi,
784 463 999 533 opinor,
1032 462 1251 518 credere
1279 477 1497 517 necesse
1526 474 1625 517 est.
1659 464 1783 517 Erat
1816 464 1995 532 igitur,
2029 477 2069 515 ll!

2186 465 2263 527 δὲ,
2289 461 2460 535 οἶμαι,
2492 464 2762 518 πιστεύειν
2812 465 3125 533 ἀναγκαῖον.
3155 459 3262 517 Ἦν
3306 464 3431 533 ἄρα,
3496 464 3638 515 κατὰ
3669 464 3760 515 τὸν

532 558 621 610 ille
649 556 797 617 dicit,
823 553 1011 618 Filius,
1044 562 1099 607 et
1126 554 1277 619 illud,
1310 570 1411 607 non
1446 564 1576 619 erat,
1610 569 1888 624 perperam
1924 556 1988 609 de
2022 569 2069 609 et

2190 554 2397 607 ἐκείνου
2454 554 2631 619 λόγον,
2684 555 2711 605 6
2758 555 2903 617 Υἱὸς,
2949 556 3041 606 καὶ
3073 554 3153 620 τὸ,
3194 556 3302 606 οὐκ
3332 549 3428 621 ἦν,
3474 552 3560 604 ἐπ’
3610 551 3763 622 αὑτῷ

530 647 740 699 dicitur.

1196 758 1423 813 ALIUD.

600 867 657 922 Si
694 883 753 922 ea
790 884 907 937 qua
935 883 999 923 ex
1034 869 1306 929 voluntate
1339 870 1476 923 facta
1513 882 1666 934 sunt,
1700 880 1906 941 tempus
1941 888 2080 941 pra!-

528 959 720 1021 cessit,
749 959 799 1011 in
836 974 940 1028 quo
971 959 1038 1015 de
1072 960 1199 1027 ipsis
1228 961 1576 1015 deliberatum
1610 971 1722 1023 est,
1751 962 1794 1016 sl
1830 963 2080 1033 exiguum

526 1048 739 1118 aiiquod
774 1050 1257 1119 brevissimumque
1292 1060 1500 1119 tempus
1531 1052 1745 1117 demus,
1775 1068 1878 1115 quo
1923 1063 2077 1120 pacto

524 1140 625 1191 erit
669 1148 965 1208 temporum
1009 1142 1252 1195 conditor
1294 1140 1489 1206 Filius,
1524 1142 1567 1196 si
1612 1142 1922 1197 deliberatio
1963 1144 2078 1211 ejus

523 1229 920 1296 generationem
954 1232 1265 1299 praecessit?
1295 1232 1451 1300 Atqui
1475 1241 1555 1286 est
1587 1234 1803 1287 omnino
1834 1235 2078 1288 conditor

524 1328 842 1385 temporum.
873 1318 999 1373 Erat
1033 1320 1239 1388 itaque,
1269 1331 1322 1375 et
1360 1322 1490 1375 nihil
1526 1321 1638 1389 ejus
1674 1325 2071 1391 generationem

519 1408 805 1473 pracessit.

1185 1522 1411 1577 ALIUD.

588 1632 644 1686 Si
676 1632 843 1689 Filius
867 1642 948 1689 est
975 1636 1237 1703 sapientia
1266 1636 1461 1700 Patris,
1486 1646 1545 1692 ut
1571 1653 1755 1693 revera
1780 1648 1881 1702 est,
1907 1641 2072 1707 quod-

516 1740 640 1777 nam
678 1734 884 1794 tempus
911 1735 1175 1779 statuetur
1220 1742 1325 1796 quo
1352 1744 1453 1782 non
1478 1738 1592 1782 erat
1614 1731 1663 1782 in
1688 1745 1752 1784 eo
1777 1731 2070 1798 sapientia?

2195 643 2421 711 μάταιόν
2444 660 2503 695 τε
2526 643 2619 695 καὶ
2646 643 3051 713 διεψευσμένον.

2865 755 3069 808 ΑΛΛυ.

2258 866 2318 918 Ei
2344 866 2451 918 τῶν
2480 867 2537 918 ιν
2563 866 2813 935 βουλήσει
2843 867 3148 935 γενομένων
3186 867 3507 935 προηγεῖται
3542 865 3756 933 χρόνος.

2186 956 2307 1008 καθ’
2340 956 2399 1008 ὃν
2428 959 2458 1026 ἡ
2488 961 2613 1026 περὶ
2647 958 2821 1009 αὐτῶν
2856 957 3043 1025 σκέψις
3074 956 3303 1024 ἐγίνετο,
3364 956 3455 1007 καὶ
3486 956 3534 1006 εἰ
3561 954 3758 1023 μικρόν

2184 1064 2301 1100 τινα
2333 1051 2424 1101 καὶ
2457 1050 2737 1117 ἀκαριαῖον
2768 1050 2987 1119 δοίημεν
3018 1048 3197 1108 αὐτὸν,
3222 1046 3335 1109 πῶς
3363 1047 3514 1098 ἔσται
3545 1045 3757 1114 χρόνων

2184 1136 2455 1207 ποιητὴςὸ
2482 1138 2627 1199 Υἱὸς,
2686 1140 2732 1189 εί
2777 1137 3025 1208 βούλησις
3073 1139 3395 1206 προηγεῖται
3426 1135 3523 1201 τῆς
3558 1131 3756 1200 γεννή-

2184 1240 2319 1283 σεως
2367 1225 2560 1290 αὑτοῦ;
2599 1225 2736 1277 Ἀλλ’
2782 1226 2893 1277 ἐστι
2950 1227 3156 1293 χρόνων
3202 1225 3449 1292 ποιητής.
3478 1217 3589 1274 Ἦν
3620 1220 3750 1289 ἄρα.

2181 1314 2273 1364 καὶ
2298 1314 2449 1367 οὐδέν
2474 1317 2586 1367 ἐστι
2620 1316 2723 1387 πρὸ
2752 1317 2848 1384 τῆς
2874 1318 3174 1386 γεννήσεως
3205 1313 3387 1368 αὑτοῦ.

2862 1516 3061 1569 ΑΛΛΟ.

2247 1628 2309 1681 Εἰ
2342 1630 2499 1696 σοφία
2520 1630 2614 1683 τοῦ
2645 1630 2855 1698 Πατρός
2882 1632 3027 1681 ἐστιν
3058 1630 3087 1682 6
3114 1627 3261 1691 Υἱὸς,
3286 1625 3473 1694 ὥσπερ
3508 1618 3602 1677 οὖν
3648 1621 3750 1675 καὶ

2178 1718 2314 1777 ἔστι.
2343 1720 2491 1782 ποῖός
2511 1721 2624 1772 ἐστι
2671 1722 2859 1789 χρόνος
2887 1720 2973 1771 ὅτε
3006 1718 3105 1770 οὐκ
3151 1712 3218 1787 ἦν
3264 1717 3319 1769 ὲν
3359 1714 3509 1783 αὐτῷ
3543 1712 3747 1780 σοφίας

516 1816 572 1869 Si
616 1826 792 1871 autem
838 1825 919 1871 est
961 1827 1195 1875 teternus
1241 1819 1293 1872 in
1335 1818 1491 1873 Patre
1531 1818 1767 1889 (semper
1808 1821 1951 1875 enim
1991 1834 2069 1877 est

2178 1810 2225 1859 εί
2256 1809 2312 1859 δέ
2347 1810 2491 1861 ἐστιν
2514 1810 2677 1871 ἀΐδιος
2699 1810 2756 1859 ὲν
2794 1809 2967 1876 Πατρὶ
2988 1806 3105 1874 (ἀεὶ
3138 1805 3244 1873 γάρ
3270 1803 3427 1869 σοφὸς
3447 1804 3474 1855 6
3498 1798 3686 1869 Πατὴρ
3703 1798 3746 1867 ).

514 1909 729 1976 sapiens
759 1908 971 1977 Pater),
997 1925 1103 1978 quo
1135 1920 1292 1979 pacto
1325 1910 1589 1980 prmeedet
1611 1913 1812 1981 aliquid
1847 1915 1896 1967 id
1930 1916 2070 1983 quod

512 2011 724 2066 semper
749 1998 992 2052 exsistit?
1021 2001 1137 2065 Quo
1166 2009 1323 2067 pacto
1354 2001 1492 2055 inter
1521 2016 1581 2055 ea
1610 2002 1923 2058 deliberatio
1953 2020 2073 2074 pro-

512 2086 695 2151 cedet,
727 2086 917 2141 Filium
953 2088 1235 2155 aliquando
1266 2105 1368 2144 non
1402 2092 1745 2145 exsistentem
1782 2094 2069 2152 inducens.

512 2192 631 2231 eum
662 2178 727 2232 sit
755 2176 991 2232 Genitori
1020 2188 1336 2244 coaeternus,
1360 2181 1611 2235 nimirum
1645 2184 1904 2251 sapientia
1921 2184 2073 2251 ejus?

1182 2292 1407 2350 ALIUD.

582 2405 639 2461 Si
672 2407 924 2477 prmeedit
949 2406 1266 2461 deliberatio
1292 2407 1505 2472 Filium,
1528 2416 1581 2461 et
1609 2422 1826 2463 necesse
1853 2410 2069 2463 omnino

513 2500 586 2552 sit
616 2513 734 2551 eam
774 2499 827 2552 in
870 2508 1110 2565 tempore
1148 2495 1345 2551 iactam
1384 2498 1546 2552 fuisse
1592 2517 1605 2552 :
1646 2501 1691 2553 si
1727 2504 2071 2568 quantumvis

508 2590 759 2657 exigmtm
804 2603 867 2642 ac
913 2589 1076 2643 breve
1122 2598 1329 2657 tempus
1376 2590 1561 2652 detur.
1606 2605 1712 2658 quo
1764 2601 1917 2658 pacto
1968 2595 2071 2645 erit

508 2680 745 2731 omnium
772 2679 1016 2733 creator?
1035 2677 1141 2731 Aut
1162 2694 1265 2747 quo
1297 2691 1453 2747 pacto
1482 2681 1749 2733 credimus
1776 2680 2069 2749 Scriptum

507 2771 702 2825 dicenti
756 2770 935 2825 omnia
966 2784 1062 2837 per
1090 2784 1211 2823 eum
1246 2769 1387 2824 facta
1430 2770 1585 2824 esse?
1623 2771 1730 2824 Aut
1760 2772 1848 2825 ubi
1891 2773 2066 2842 ipsum

509 2861 842 2924 praecesserit
871 2870 1109 2927 tempus,
1138 2862 1190 2913 in
1223 2877 1328 2929 quo
1360 2862 1424 2914 de
1457 2875 1522 2914 eo
1554 2861 1904 2916 deliberatum
1935 2862 2065 2928 luit,

506 2964 627 3003 cum
660 2950 859 3004 nullum
889 2958 1094 3017 tempus
1123 2959 1246 3003 ante
1278 2950 1447 3017 ipsum
1480 2950 1789 3005 exstiterit?

1162 3060 1389 3117 ALIUD.

880 3174 963 3227 Ea:
994 3174 1277 3243 objectioue
1307 3174 1685 3228 Itmreticorum.

579 3286 658 3350 Si,
686 3286 953 3354 inquiunt.
983 3285 1151 3339 Filius
1185 3284 1281 3339 Dei
1308 3285 1585 3340 voluntate
1618 3286 1791 3341 factus
1827 3302 1930 3343 non
1965 3298 2066 3353 est,

508 3378 808 3432 necessario
848 3377 1011 3445 igitur
1050 3376 1210 3431 Pater
1252 3392 1354 3431 non
1398 3379 1578 3432 volens
1622 3378 1814 3433 Filium
1862 3382 2065 3437 habuit.

506 3466 638 3535 Quis
689 3476 863 3521 autem
911 3476 992 3521 est
1042 3466 1212 3533 major
1255 3467 1434 3531 Patre,
1460 3477 1516 3521 ut
1565 3469 1638 3522 illi
1693 3472 2065 3527 necessitatem

508 3558 779 3626 imponat?
803 3556 929 3624 Quae
958 3558 1098 3611 enim
1130 3567 1322 3627 prmter
1344 3558 1672 3615 voluntatem
1700 3562 1973 3625 accidunt,
2000 3578 2062 3617 ex

506 3646 822 3701 necessitate
849 3646 1003 3700 ﬁunt.

936 3778 1041 3849 53
1060 3777 1260 3834 Salutio
1290 3782 1614 3849 objectionis.

574 3912 941 3983 lnterrogandi
970 3923 1095 3968 sunt
1122 3915 1354 3969 vicissim
1382 3914 1583 3971 Christi
1621 3917 1823 3982 hostes,
1892 3928 1943 3971 et
1973 3934 2068 3987 per

505 4018 565 4057 ea
609 4005 721 4072 ipsa
748 4020 865 4073 qua:
901 4006 1145 4073 imperite
1190 4007 1343 4062 nobis
1394 4008 1677 4075 objiciunt,
1742 4010 1844 4064 illis
1866 4025 2061 4065 occur-

504 4096 727 4150 rendum
754 4106 855 4160 est,
881 4097 1179 4167 similisque
1205 4100 1516 4166 opponenda
1551 4101 1865 4169 propositio.
1898 4099 2065 4155 Dicite

506 4187 686 4254 itaque
708 4187 889 4241 nobis:
929 4189 1065 4241 Deus
1098 4198 1250 4243 estne
1282 4190 1472 4253 bonus,
1509 4192 1814 4245 misericors
1862 4202 1917 4245 et
1935 4207 2063 4245 san-

504 4286 623 4330 ctus
648 4290 713 4329 ex
742 4276 1035 4342 voluntate,
1069 4293 1136 4331 an
1172 4290 1365 4345 praeter
1388 4280 1751 4332 voluntatem?
1814 4280 1868 4332 Si
1922 4281 2063 4334 enim

2178 1898 2294 1960 πῶς
2320 1899 2583 1968 ἡγήσεταί
2610 1915 2662 1950 τι
2694 1898 2787 1951 τοῦ
2821 1898 2906 1949 ἀεὶ
2942 1898 3126 1958 δντοςς
3150 1895 3272 1956 Πῶς
3305 1894 3362 1945 δὲ
3412 1894 3445 1961 ἡ
3487 1890 3748 1960 βούλησις

2174 1990 2412 2058 χωρήσει
2438 1989 2663 2057 μεταξὺ,
2689 1989 2763 2057 μὴ
2798 1988 2924 2039 ὄντα
2953 1986 3081 2038 ποτε
3103 1986 3195 2037 τὸν
3238 1983 3364 2037 Υἱδν
3388 1981 3747 2048 εἰσφέρουσα,

2174 2077 2265 2127 τὸν
2292 2074 2369 2145 τῷ
2386 2078 2701 2146 γεννήσαντι
2732 2075 2997 2127 συναῖδιον
3034 2074 3109 2137 ὡς
3150 2073 3339 2141 σοφίαν
3368 2069 3569 2132 abso-3;

2856 2346 3055 2399 ΛΛΛΟ.

2243 2458 2303 2510 Εἰ
2348 2459 2665 2527 προηγεῖται
2709 2457 2959 2526 βούλησις
3006 2455 3099 2508 τοῦ
3164 2454 3317 2519 Υἱοῦ,
3368 2454 3427 2506 ἓν
3481 2450 3658 2521 χρόνῳ
3687 2451 3748 2503 δι

2173 2550 2383 2617 ἀνάγκη
2412 2550 2509 2618 τὴν
2544 2550 2672 2617 περὶ
2701 2548 2865 2601 αὑτοῦ
2899 2546 3152 2614 γενέσθαι
3182 2546 3391 2615 σκέψιν,
3424 2544 3519 2596 καὶ
3561 2544 3610 2594 εί
3655 2559 3743 2611 μι-

2173 2642 2302 2709 κρός
2326 2658 2410 2703 τις
2460 2642 2543 2708 εἴη
2598 2640 2689 2692 καὶ
2717 2640 2837 2692 λίαν
2882 2639 3107 2709 βραχὺς,
3168 2636 3283 2699 πῶς
3326 2636 3479 2688 ἔσται
3525 2634 3747 2685 πάντων

2171 2744 2431 2800 ποιητηςς
2464 2730 2533 2781 Ἥ
2569 2730 2685 2791 πῶς
2733 2729 3058 2797 πιστεύομεν
3092 2730 3157 2797 τῇ
3190 2728 3410 2797 Γραφῇ,
3463 2724 3642 2777 πάντα
3674 2721 3747 2775 δι’

2171 2819 2333 2873 αὐτοῦ
2362 2819 2615 2888 γενέσθαι
2646 2818 2916 2888 λεγούση;
2954 2819 3125 2871 Ὀπου
3170 2816 3275 2885 πρὸ
3297 2813 3457 2868 αὑτοῦ
3493 2813 3748 2881 φαίνεται

2173 2912 2380 2981 χρόνος,
2412 2911 2533 2963 καθ’
2554 2911 2612 2962 ὃν
2644 2911 2676 2979 ἠ
2706 2910 2835 2978 περὶ
2872 2908 3038 2962 αὐτοῦ
3067 2908 3256 2975 γέγονε
3312 2905 3583 2975 βούλησις,
3610 2903 3746 2974 χρό-

2172 3020 2275 3055 νων
2295 3003 2391 3055 οὺκ
2420 3002 2587 3054 ὄντων
2616 3000 2718 3071 πρὸ
2740 2999 2902 3052 αὐτοῦ
2928 3016 2941 3061 ;

2852 3111 3059 3167 ΑΛΛΟ.

2378 3224 2472 3289 Ὠς
2507 3225 2575 3289 ἐξ
2618 3225 2971 3289 ἀντιθέσεως
3006 3222 3125 3275 τῶν
3172 3221 3497 3289 αἱρετικῶν.

2241 3314 2303 3367 Εἰ
2337 3314 2410 3385 μὴ
2443 3315 2714 3385 βουλήσει,
2770 3315 2924 3383 φησι,
2972 3314 3191 3382 γέγονεν
3218 3316 3246 3366 6
3282 3314 3411 3375 Υἱὸς
3440 3312 3533 3365 τοῦ
3581 3312 3743 3379 Θεοῦ,

2169 3403 2227 3467 ἐξ
2268 3403 2510 3470 ἀνάγκης
2542 3404 2648 3473 ἄρα
2674 3404 2767 3455 καὶ
2810 3403 2884 3471 μὴ
2919 3402 3086 3455 Θέλων
3114 3401 3270 3472 ἔσχεν
3313 3401 3440 3453 Υίδν
3470 3403 3498 3453 ὁ
3524 3402 3742 3472 Πατήρ.

2170 3492 2276 3543 Καὶ
2298 3493 2379 3553 τίς
2416 3495 2444 3544 6
2497 3492 2697 3563 μείζων
2732 3491 2897 3545 αὐτοῦ
2948 3492 3040 3544 καὶ
3084 3492 3180 3561 τὴν
3229 3491 3475 3561 ἀνάγκην
3529 3492 3745 3554 ἐπιθεὶς

2168 3578 2343 3649 αὑτῷ;
2376 3581 2457 3634 Τά
2512 3583 2619 3650 γὰρ
2662 3582 2811 3651 παρὰ
2859 3580 3085 3652 γνώμην
3146 3582 3632 3651 ὲπισυμὸαίνοντα,
3681 3584 3745 3648 ἐξ

2168 3674 2412 3743 ἀνάγκης
2440 3672 2667 3740 γίνεται.

2640 3800 2797 3871 Πρὸς
2830 3802 3013 3857 ταῦτα
3042 3804 3242 3869 λύσις.

2250 3933 2674 4003 ’Δντερωτητὲον
2703 3935 2829 3998 τοὺς
2849 3938 3267 4007 χριστομάχους,
3300 3939 3394 3991 καὶ
3423 3938 3487 3990 δι’
3511 3931 3588 3992 ὧν
3608 3941 3741 4009 ἡμῖν

2167 4024 2540 4093 προτείνουσιν
2575 4025 2821 4092 ἀμαθῶς,
2862 4026 2948 4078 διὰ
2969 4028 3173 4079 τούτων
3210 4029 3391 4091 αὐτοῖς
3423 4030 3741 4101 ὑπαντήσω-

2170 4132 2287 4185 μεν,
2318 4114 2415 4184 τὴν
2446 4115 2566 4183 ἴσην
2603 4117 2997 4185 ἀντεπάγοντες
3024 4119 3304 4188 πρότασιν.
3350 4121 3551 4174 Είπατε
3580 4123 3736 4191 ἡμῖν·

2179 4206 2402 4273 ’Δγαθὸς
2424 4209 2849 4278 καὶοίκτίρμων,
2868 4208 3113 4278 ἐλεήμων
3138 4228 3195 4263 τε
3220 4213 3312 4264 καὶ
3337 4212 3491 4279 ἅγιος
3517 4215 3582 4265 ὲκ
3608 4213 3738 4281 βου-

2166 4297 2369 4365 λήσεως
2395 4299 2540 4349 ἐστιν
2565 4300 2592 4350 6
2614 4298 2763 4361 Θεὸς,
2793 4301 2993 4370 ἢπαρὰ
3018 4302 3298 4373 βούλησιν;
3338 4304 3395 4355 El
3424 4306 3521 4373 μὲν
3547 4301 3643 4359 οὖν
3674 4308 3741 4359 ὲκ

505 4380 569 4418 ex
606 4365 894 4426 voluntate,
923 4365 1167 4421 voluntas
1197 4377 1373 4422 autem
1392 4382 1601 4436 semper
1632 4370 1887 4437 przecedit
1913 4385 1973 4423 ea
2000 4372 2066 4425 de

2171 4386 2487 4455 βουλήσεως,
2514 4391 2547 4457 ἡ
2576 4389 2633 4441 δὲ
2664 4365 2915 4459 βούλησις
2928 4365 3229 4461 -προτρέχει
3262 4365 3477 4456 πάντως
3510 4396 3739 4448 ἐκείνων

505 4456 699 4524 quibus
724 4456 813 4521 iit,
848 4465 966 4510 erat
1011 4457 1191 4525 itaque
1242 4468 1449 4527 tempus
1500 4460 1711 4527 quando
1767 4461 1905 4517 Deus
1954 4462 2066 4517 bmc
2100 4458 2143 4511 D

506 4562 611 4600 non
648 4558 783 4611 erat,
818 4564 939 4603 cum
978 4550 1227 4603 nimirum
1251 4550 1420 4604 adhuc
1444 4551 1509 4604 de
1534 4551 1599 4605 iis
1627 4551 1975 4607 deliberabat.
2008 4555 2061 4607 Si

506 4652 635 4692 vero
666 4648 861 4708 praeter
887 4639 1213 4694 voluntatem
1243 4653 1396 4694 suam
1427 4640 1599 4696 bonus
1631 4650 1714 4697 est
1766 4652 1819 4696 et
1853 4645 2064 4698 miseri-

506 4742 649 4791 cors,
678 4744 804 4798 ergo
832 4730 1154 4784 necessitate
1186 4731 1416 4799 quadam
1442 4732 1492 4785 id
1532 4743 1632 4786 cst.
1670 4732 1801 4799 Quis
1828 4749 1954 4789 vero
1981 4746 2065 4789 est

506 4817 598 4885 qui
650 4819 697 4872 ei
749 4820 1121 4874 necessitatem
1178 4829 1269 4873 aut
1315 4822 1420 4874 vim
1481 4822 1691 4889 inierat,
1727 4834 1783 4877 ut
1810 4842 1901 4880 vos
1963 4827 2064 4895 ipsi

508 4907 826 4975 loquimini?
875 4908 1093 4963 Constat
1148 4911 1309 4980 igitur
1357 4914 1772 4981 propositionem
1829 4928 2062 4973 vestram

508 5001 788 5055 tlementize
815 5000 1025 5071 plenam
1052 5016 1192 5068 esse,
1220 5003 1457 5073 nihilque
1477 5005 1597 5059 boni
1637 5006 1855 5062 inferre.

852 5132 1078 5201 ALIUD,
1115 5137 1182 5189 ad
1205 5153 1277 5191 ret
1308 5136 1727 5205 explicationem.

576 5245 630 5299 ln
661 5247 820 5301 rebus
845 5248 1178 5303 naturalibus
1230 5263 1333 5302 non
1397 5250 1652 5319 praecedit
1697 5252 2060 5309 deliberatio:

508 5345 752 5390 versatur
766 5339 909 5392 enim
943 5348 1147 5394 tantum
1178 5342 1317 5395 circa
1346 5356 1405 5394 ea
1436 5358 1557 5413 qua:
1609 5354 1735 5397 sunt
1792 5356 1939 5398 extra
1967 5352 2060 5401 dc-

510 5424 789 5480 liberantis
814 5429 1122 5482 essentiam.
1156 5429 1399 5499 Exempli
1434 5432 1605 5499 gratia
1635 5448 1651 5488 :
1713 5432 1925 5489 Plantat
1964 5439 2064 5491 ali-

508 5517 631 5582 quis
656 5517 840 5583 vitem,
871 5528 961 5571 aut
1000 5520 1174 5573 navim
1210 5524 1457 5587 aedificat,
1488 5523 1635 5591 prius
1667 5526 1731 5577 de
1772 5526 1836 5579 iis
1859 5526 2060 5582 delibe-

512 5620 669 5656 r::us:
708 5606 940 5675 gignitur
962 5619 1137 5663 autem
1170 5612 1481 5665 naturaliter
1514 5625 1575 5663 ex
1606 5612 1816 5666 homine
1862 5618 2059 5683 proles,

515 5692 657 5746 nulla
697 5697 1025 5763 prwcedente
1054 5699 1454 5755 deliberatione.
1489 5699 1544 5753 Si
1574 5700 1692 5766 quis
1726 5701 1885 5768 igitur
1942 5704 2056 5757 for-

2171 4480 2294 4549 περὶ
2327 4473 2399 4531 ὧν
2425 4481 2764 4547 καὶγίνεται,
2788 4478 2854 4551 ἦν
2877 4483 2986 4552 ἄρα
3017 4486 3207 4553 χρόνος
3233 4486 3321 4538 ὅτε
3344 4486 3443 4538 οὐκ
3464 4482 3533 4557 ἦν
3564 4488 3741 4542 ταῦτα

2167 4569 2316 4633 Θεὸς,
2334 4569 2411 4622 ἔτι
2424 4570 2519 4640 τὴν
2532 4572 2659 4641 περὶ
2675 4572 2852 4624 αὐτῶν
2870 4573 3058 4641 σκέψιν
3075 4576 3413 4645 ποιούμενος.
3432 4578 3558 4631 Είδὲ
3574 4578 3738 4632 ἀδου-

2165 4658 2339 4725 λήτως
2373 4658 2574 4725 ἀγαθός
2612 4661 2728 4713 ἐστι
2760 4662 2851 4713 καὶ
2902 4661 3146 4732 ἐλεήμων
3179 4664 3329 4733 παρὰ
3359 4666 3605 4735 γνώμην,
3628 4668 3737 4737 ἄρα

2164 4749 2320 4801 τοῦτό
2356 4752 2469 4802 ἐστι
2532 4752 2625 4803 καὶ
2658 4751 2717 4815 ἐξ
2767 4752 3031 4823 ἀνάγκης.
3093 4756 3201 4807 Καὶ
3236 4756 3317 4817 τίς
3361 4758 3507 4808 ἐστιν
3558 4758 3587 4808 6
3638 4758 3737 4826 τὴν

2165 4840 2407 4909 ἀνάγκην
2445 4840 2648 4903 ἐπιθεὶς
2677 4842 2843 4911 αὐτῷ,
2904 4844 3023 4896 καθ’
3046 4845 3225 4914 ὑμῶνς
3256 4846 3531 4898 Δέδεικται
3554 4847 3737 4900 τοίνυν

2169 4932 2374 5000 μωρίας
2395 4934 2694 5001 ἀνάμεστος
2726 4935 2758 5001 ἡ
2787 4935 2913 5003 παρ’
2934 4936 3075 5004 ὑμᾶς
3106 4937 3386 5006 πρότασις,
3411 4939 3504 4991 καὶ
3531 4938 3737 5005 ἀγαθὸν

2165 5022 2311 5075 οὐδὲν
2343 5023 2669 5093 εἰσφέρουσα
2707 5026 2903 5096 νόημα.

2598 5151 2799 5215 ΑΔΛΟ,
2832 5152 3284 5223 διηγηματικῶς.

2247 5262 2367 5316 Ἐπὶ
2420 5264 2527 5316 τῶν
2576 5265 2715 5317 κατὰ
2777 5265 2937 5333 φύσιν
2976 5267 3036 5319 οὑ
3095 5270 3413 5337 προηγεῖται
3455 5269 3732 5342 βούλησις,

2166 5357 2333 5425 χωρεί
2367 5355 2424 5407 δὲ
2460 5356 2616 5423 μόνον
2664 5356 2755 5409 ἐπὶ
2808 5357 2916 5409 τῶν
2982 5358 3179 5423 ἔξωθεν
3209 5360 3309 5429 τῆς
3343 5362 3529 5425 οὐσίας
3562 5364 3733 5419 ὄντων

2163 5444 2257 5497 τοῦ
2306 5446 2707 5515 βουλευομένου.
2736 5442 2857 5501 Οἷον
2900 5450 3028 5519 φέρε
3057 5452 3248 5503 εἰπεῖν’
3292 5454 3611 5522 ’Δμπελῶνά
3647 5475 3731 5520 τις

2166 5535 2459 5606 φυτεύει,ῆ
2503 5541 2857 5607 ναυπηγεῖται
2886 5542 3113 5608 σκάφος,
3135 5541 3560 5612 βουλευσάμενος
3590 5548 3726 5615 πρό-

2164 5643 2319 5695 τερον
2353 5628 2475 5697 περὶ
2502 5628 2701 5679 αὑτῶνο
2760 5628 3001 5681 τίκτεται
3061 5631 3117 5681 δὲ
3181 5632 3320 5683 κατὰ
3380 5633 3543 5700 φύσιν
3573 5636 3635 5685 τὸ
3669 5635 3725 5700 ἐξ

2166 5713 2453 5781 ἀνθρώπου
2492 5715 2717 5779 παιδίον,
2738 5717 2989 5785 οὐδεμιᾶς
3012 5719 3363 5787 ἡγηταμένης
3396 5720 3719 5789 βουλήσεως.
