4048 6426
321 358 394 418 89
1728 368 2175 427 mssaunus.
3314 319 3319 324 “
3526 360 3595 417 90

318 478 391 533 El
416 496 500 544 τις
527 474 622 536 οὑν
644 482 792 551 λέγοι
818 484 981 555 τυχὸν
1006 485 1099 539 ἐπί
1126 502 1270 548 τινος
1325 484 1431 539 τῶν
1483 486 1789 558 ἀνθρώπιον
1818 488 1898 540 ὅτι

2013 494 2156 541 tasse
2222 485 2366 541 dicat
2445 486 2510 539 de
2574 484 2755 553 aliquo
2821 482 3102 538 hominum
3166 478 3309 548 quod
3352 488 3595 547 °przeter

320 571 478 641 παρὰ
534 571 790 645 βούλησιν
839 574 999 647 ἔσχεν
1044 577 1159 631 υἱὸν
1187 619 1200 640 .
1246 577 1322 649 μὴ
1366 579 1529 643 εὐθὺς
1580 580 1675 633 ἐπὶ
1735 579 1795 632 τὸ
1842 579 1898 643 ἐξ

2013 580 2337 636 voluntatem
2402 578 2569 633 lilium
2638 580 2848 641 habuit,
2917 590 2986 631 ne
3042 575 3228 629 statim
3281 570 3346 627 ad
3402 585 3593 625 neces-

321 660 572 732 ἀνάγκης
606 662 869 733 τρεχέτω·
904 667 965 718 οὑ
994 666 1103 737 γὰρ
1143 668 1207 721 ἐκ
1240 685 1385 733 τινος
1423 670 1671 741 ἀνάγκης
1700 670 1858 740 ἔσχεν
1884 686 1896 699 ·

2013 672 2220 726 sitatem
2288 670 2570 741 confugiat
2618 688 2630 723 :
2704 684 2882 739 neque
2938 669 3083 723 enim
3139 663 3453 720 necessario
3509 663 3603 716 ha-

317 750 434 804 ἀλλ’
468 753 649 823 ὁράτω
673 754 876 823 μᾶλλον
903 758 986 811 ὅτι
1015 758 1123 811 τῶν
1148 760 1213 812 ἐκ
1241 760 1454 829 φύσεως
1476 760 1536 813 οὑ
1570 763 1897 833 προηγεῖται

2013 763 2153 829 buit,
2208 761 2299 818 sed
2364 762 2546 832 potius
2598 762 2899 832 intelligat,
2954 762 3008 814 in
3082 754 3421 811 naturalibus
3491 768 3598 806 non

318 840 596 913 βούλησις.
641 845 816 901 Ἐκὼν
837 850 947 919 γάρ
972 867 1057 913 τις
1111 853 1293 922 γεννᾷ,
1336 850 1593 921 οὐδεμιᾶς
1620 852 1749 924 περὶ
1780 853 1898 906 τοὺ-

2013 854 2309 927 ριτεεεόετε
2342 854 2808 909 deliberationem.
2868 852 3075 921 Sponte
3126 849 3273 904 enim
3326 846 3597 916 quispiam

312 947 411 986 του
438 937 859 1010 προηγουμένης
892 938 1219 1010 βουλήσεως.
1260 942 1514 1012 Θελητῶς
1554 938 1647 996 οὖν
1671 942 1780 1015 ἄρα
1808 943 1898 998 καὶ

2013 955 2247 1017 generat,
2268 946 2409 1000 nulla
2436 945 2832 1000 deliberatione
2857 943 3224 1014 praecedente.
3258 939 3462 1008 Sponte
3490 937 3599 1008 igi-

314 1022 633 1095 ἁϐουλήτως
654 1028 889 1101 ὑπάρχει
912 1032 1006 1085 καὶ
1028 1034 1056 1086 6
1081 1032 1252 1101 Λόγος
1292 1036 1350 1088 ὲν
1386 1034 1463 1105 τῷ
1484 1035 1680 1107 Πατρὶ,
1714 1034 1898 1107 ὥσπερ

2013 1051 2095 1094 ιιιι·
2120 1050 2175 1094 ει
2200 1040 2340 1094 citra
2388 1038 2849 1095 deliberationem
2890 1048 2970 1093 est
3014 1035 3252 1090 Verbum
3308 1034 3363 1087 in
3415 1032 3598 1094 Patre,

314 1117 467 1171 ἐστὶν
492 1119 551 1172 ὲν
582 1120 854 1192 ἀνθρώπῳ
880 1124 942 1177 τὸ
964 1124 1023 1191 ἐξ
1054 1124 1249 1179 ἑαυτοῦ
1286 1126 1521 1180 παιδίον.

2013 1132 2461 1203 quemadmodum
2493 1139 2578 1186 est
2616 1131 2672 1187 in
2706 1129 2928 1186 homine
2948 1127 3064 1197 ejus
3103 1125 3305 1197 proles.

1008 1332 1214 1385 AAAO.

2695 1321 2925 1381 ALIUD.

392 1436 454 1491 El
485 1439 627 1493 κατὰ
662 1438 822 1509 φύσιν
854 1441 1058 1509 ἀγαθός
1108 1445 1256 1496 ἐστιν
1286 1444 1314 1497 6
1344 1443 1476 1507 Θεὸς
1523 1446 1617 1499 καὶ
1672 1445 1898 1517 Πατὴρ,

2079 1441 2139 1497 Si
2174 1440 2494 1495 naturaliter
2517 1440 2693 1496 bonus
2725 1449 2810 1495 est
2860 1440 3004 1496 Deus
3054 1452 3116 1494 ac
3140 1437 3323 1505 Pater,
3354 1452 3461 1491 non
3530 1451 3597 1491 ex

314 1529 418 1583 οὑκ
445 1532 508 1583 ἐκ
535 1530 862 1602 βουλήσεως,
901 1535 989 1588 ἵνα
1024 1535 1099 1605 μὴ
1146 1535 1406 1607 φαίνηται
1446 1537 1656 1608 χρόνος,
1686 1539 1775 1592 ὅτε
1805 1540 1898 1591 οὑκ

2013 1535 2303 1600 voluntate,
2334 1549 2401 1589 ne
2423 1532 2671 1587 videatur
2689 1531 2908 1603 aliquod
2939 1540 3152 1602 tempus
3190 1531 3358 1585 luisse
3385 1532 3605 1598 quando

310 1616 384 1692 ἦν
407 1621 587 1687 τοῦτο,
630 1622 750 1677 καθ’
805 1623 866 1677 ὃν
895 1619 963 1696 ἦν
997 1626 1272 1697 βούλησις,
1320 1628 1381 1680 οὑ
1442 1628 1698 1699 βουλήσει
1742 1631 1898 1699 γεννᾷ

2013 1627 2113 1681 hoc
2142 1626 2317 1695 ipsum
2358 1639 2463 1680 non
2493 1625 2709 1687 erat,in
2734 1639 2842 1694 quo
2878 1622 3043 1678 ﬂebat
3078 1622 3423 1684 deliberatio,
3491 1636 3597 1674 non

311 1712 407 1766 τὸν
444 1714 609 1779 Υἰὸν,
649 1714 789 1770 ἀλλὰ
838 1715 1018 1785 φύσει.
1057 1717 1269 1789 Πρέπει
1328 1719 1437 1791 γὰρ
1493 1720 1694 1791 μᾶλλον
1748 1719 1898 1774 τοῦτο

2013 1717 2285 1772 voluntate
2310 1723 2533 1786 generat
2567 1714 2787 1781 Filium,
2816 1708 2911 1769 Sed
2945 1722 3163 1768 natura.
3198 1712 3312 1767 lIoe
3349 1713 3496 1767 enim
3550 1712 3600 1765 ei
3656 1706 3659 1709 ’

310 1802 483 1875 αὐτῷ.

2013 1809 2421 1867 convenientius
2446 1816 2550 1865 est.

1012 1921 1218 1976 AAAO.

393 2031 732 2106 Ἕρωτητὲον
768 2035 897 2100 τοὺς
943 2037 1367 2109 χριστομάχους,
1399 2037 1447 2091 εἰ
1500 2036 1664 2099 αὑτὸς
1712 2037 1740 2089 6
1797 2033 1893 2087 τοῦ

308 2124 488 2193 Λόγου
523 2126 716 2198 Πατὴρ
744 2128 809 2181 ὲκ
836 2127 1146 2199 βουλήσεως
1174 2128 1432 2199 ὑπάρχει,
1462 2128 1495 2198 ἤ
1526 2126 1676 2199 παρὰ
1709 2126 1903 2196 βούλη-

308 2232 398 2269 σιν
426 2216 643 2273 ἑαυτοῦ.
698 2218 761 2271 El
793 2220 893 2289 μὲν
920 2216 1013 2273 οὖν
1043 2224 1108 2275 ἐκ
1157 2220 1486 2291 βουλήσεως,
1536 2202 1899 2290 προῆγεῖσθαι

304 2307 365 2360 δὲ
390 2308 606 2377 ἀνάγκη
642 2310 740 2380 τῆς
796 2311 1084 2382 ὑπάρξεως
1128 2312 1229 2382 τὴν
1284 2312 1561 2383 βούλησιν,
1618 2311 1809 2363 σιωπῶ
1836 2311 1901 2363 τὸ

304 2396 613 2468 δύσφημον·
638 2402 685 2453 si
707 2400 764 2452 δὲ
790 2402 940 2473 παρὰ
964 2402 1240 2473 βούλησιν,
1261 2402 1318 2468 ἐξ
1344 2402 1590 2472 ἀνάγκης
1611 2401 1719 2472 ἄρα
1742 2400 1901 2454 τοῦτό

304 2491 477 2555 ἔστιν,
517 2492 654 2563 ὅπερ
691 2493 947 2564 ὑπάρχει.
981 2493 1091 2547 Καὶ
1121 2494 1205 2557 τίς
1229 2497 1257 2547 6
1295 2494 1393 2563 τὴν
1417 2494 1665 2563 ἀνάγκην
1692 2494 1901 2557 ἐπιθεὶς

306 2582 499 2651 αὑτῷ;
540 2585 681 2638 Εἱδὲ
720 2586 955 2657 ὑπάρχει
990 2586 1090 2657 μὲν
1128 2589 1156 2639 6
1202 2586 1411 2657 Πατὴρ,
1459 2586 1559 2639 οὑκ
1609 2588 1672 2638 ὲκ
1703 2585 1901 2656 βουλή-

308 2691 454 2739 σεως
478 2677 555 2737 δὲ,
579 2676 701 2729 οὔτε
734 2678 840 2747 μὴν
873 2680 1023 2749 παρὰ
1053 2678 1330 2749 βούλησιν.
1363 2682 1391 2731 ὁ
1435 2677 1598 2741 αὑτὸς
1627 2678 1899 2747 κρατείτω

305 2767 463 2836 λόγος
496 2770 952 2840 ἀπεριεργέιστως
981 2772 1075 2825 καὶ
1136 2773 1222 2841 ἐφ’
1247 2770 1401 2824 Υἱοῦ.
1457 2769 1765 2835 Ἐξετάζειν
1790 2770 1899 2841 γὰρ

302 2862 376 2916 τὰ
414 2861 640 2915 τοιαῦτα
669 2862 1055 2933 ῥιψοκινδύνως
1076 2864 1175 2918 οὑκ
1196 2861 1515 2917 ἀκόλουθον.
1541 2860 1661 2931 Χρὴ
1686 2860 1741 2913 δὲ
1773 2861 1901 2930 μᾶλ-

301 2954 398 3009 λον
417 2954 715 3018 ἀκούοντας
751 2956 880 3029 περὶ
910 2955 1045 3009 Θεοῦ
1096 2956 1316 3019 εἰδέναι,
1344 2956 1428 3008 ὅτι
1475 2955 1638 3016 αὑτός
1667 2955 1817 3006 ἐστιν
1868 2956 1900 3007 ό

300 3046 413 3114 ὢν,
443 3048 543 3101 οὑκ
599 3048 775 3119 ἀρχήν
807 3066 928 3102 τινα
970 3049 1063 3102 τοῦ
1123 3045 1263 3102 εἶναι
1313 3047 1517 3113 λαϐὼν,
1569 3046 1684 3100 ἀλλ’
1734 3045 1900 3109 αὑτὸς

301 3141 419 3203 τοῖς
450 3139 631 3202 ἄλλοις
656 3139 801 3212 ἀρχὴ
831 3140 926 3194 τοῦ
961 3134 1100 3195 εἶναι
1130 3141 1437 3211 γενόμενος.

770 3343 976 3409 AAAO,
1007 3342 1466 3413 διηγηματικῶς.

381 3457 619 3511 ’Δτοπον
649 3443 857 3528 σφόδρᾶ
893 3459 985 3511 καὶ
1019 3459 1357 3512 ἐπικίνδυνον
1407 3461 1491 3528 ἐφ’
1534 3458 1666 3513 Υιοῦ
1719 3460 1900 3525 λέγειν

297 3548 387 3609 τὸ,
420 3548 677 3619 Βουλήσει
704 3550 814 3621 ἄρα
841 3550 874 3620 ἢ
910 3550 1059 3621 παρὰ
1084 3550 1341 3621 βούλησιν
1380 3552 1671 3623 ἐγεννήθη.
1692 3553 1750 3605 '0
1791 3554 1898 3624 γὰρ

298 3640 405 3693 οὑκ
428 3640 493 3691 ὲκ
522 3638 828 3711 βουλήσεως
864 3641 1126 3710 ὑπάρχων
1160 3641 1313 3703 Θεὸς,
1346 3642 1447 3694 οὑκ
1478 3644 1542 3695 ὲκ
1591 3642 1899 3713 βουλήσεως

300 3728 419 3797 ἔχει
457 3728 551 3780 τὸν
606 3728 671 3780 ὲκ
712 3729 810 3798 τῆς
861 3728 1049 3792 οὑσίας
1111 3728 1275 3781 αὑτοῦ
1336 3730 1674 3801 προελθόντα
1705 3733 1896 3801 Λόγον,

301 3820 444 3873 ἀλλὰ
484 3819 751 3888 ῳυσικῶς.
794 3820 893 3889 Εέη
931 3819 1037 3891 γὰρ
1067 3821 1160 3874 καὶ
1191 3819 1364 3884 οὑτως
1396 3822 1560 3875 εἰκὼν
1584 3822 1751 3876 αὑτοῦ
1804 3823 1899 3877 καὶ

300 3911 597 3983 χαρακτὴρ
626 3911 687 3964 οὑ
716 3912 1123 3983 διεψευσμένος.

998 4026 1204 4081 ΔΛΛΟ.

376 4132 440 4185 Εἰ
471 4131 724 4203 βούλησις
756 4136 849 4190 καὶ
872 4136 1061 4207 σκέψις
1097 4141 1423 4209 προηγεῖται
1463 4140 1563 4211 τῆς
1605 4140 1897 4213 ὑπάρξεως

299 4223 399 4277 τοῦ
432 4224 584 4290 Υἱοῦ,
618 4226 721 4279 ὀδὲ
752 4227 883 4291 Υἱὸς
912 4230 1071 4297 copia
1130 4231 1222 4283 καὶ
1270 4232 1444 4300 Λόγος
1490 4232 1605 4285 ἐστὶ
1644 4232 1739 4285 τοῦ
1788 4234 1899 4286 Πα-

300 4319 457 4390 τρδς,
486 4318 605 4382 πῶς
635 4317 883 4372 ἐϐούλετο
902 4322 930 4372 6
956 4321 1084 4385 Θεὸς
1108 4324 1301 4391 ἄλογός
1330 4343 1389 4377 τε
1415 4326 1508 4379 καὶ
1563 4326 1767 4396 ἄσοφος
1795 4328 1894 4393 ὢν,

2682 1912 2915 1979 ALIUD.

2067 2036 2438 2108 lnterrogandi
2476 2046 2604 2093 sunt
2633 2036 2820 2091 hostes
2855 2033 3087 2096 Christi,
3123 2048 3254 2087 num
3300 2033 3419 2103 ipse
3440 2030 3602 2087 Verbi

2003 2133 2164 2187 Pater
2200 2134 2475 2187 voluntate
2504 2132 2759 2196 exsistat,
2793 2145 2860 2184 an
2904 2138 3101 2199 praeter
3146 2144 3301 2183 suam
3357 2126 3602 2183 volunta-

2008 2224 2151 2279 tem?
2180 2224 2311 2278 Nam
2344 2226 2388 2279 si
2420 2238 2488 2278 ex
2524 2218 2828 2286 voluntate,
2860 2229 2914 2275 et
2950 2235 3175 2276 necesse
3219 2229 3302 2274 est
3355 2219 3605 2274 volunta-

2005 2325 2112 2370 tem
2148 2316 2387 2384 priorem
2416 2313 2586 2369 luisse
2623 2313 2965 2375 exsistentia,
3027 2320 3183 2366 taceo
3208 2310 3604 2381 blasphemiam

2004 2423 2123 2478 quae
2153 2406 2278 2461 inde
2305 2416 2601 2476 sequetur;
2625 2405 2668 2459 si
2702 2414 2901 2473 praeter
2920 2402 3281 2466 voluntatem,
3312 2416 3379 2455 ex
3410 2415 3605 2454 neces-

2003 2500 2164 2555 sitate
2197 2498 2362 2565 igitur
2390 2508 2476 2551 est
2526 2496 2747 2565 idqqu
2801 2507 2907 2550 est.
2946 2494 3015 2548 At
3041 2494 3163 2563 quis
3214 2495 3261 2547 ei
3305 2495 3605 2564 necessita-

2006 2603 2112 2646 tem
2142 2590 2428 2661 imposuit?
2452 2588 2563 2661 55
2597 2590 2652 2645 Si
2676 2604 2801 2643 vero
2861 2573 3105 2642 exsistit.
3143 2586 3362 2657 quidem
3417 2583 3602 2649 Pater,

2003 2697 2179 2751 neque
2204 2696 2270 2737 ex
2301 2682 2601 2747 voluntate,
2646 2696 2819 2749 neque
2866 2690 3066 2749 prmter
3122 2678 3483 2745 voluntatem,
3512 2691 3605 2733 ea-

2004 2777 2123 2827 dem
2158 2788 2290 2827 sane
2333 2773 2470 2827 ratio
2498 2773 2743 2827 obtineat
2771 2771 3007 2826 etiamin
3037 2770 3195 2826 Filio.
3241 2769 3425 2837 Neque
3458 2769 3603 2824 enim

2002 2864 2119 2918 luce
2161 2863 2322 2917 nimis
2366 2864 2625 2919 audacter
2657 2875 2710 2917 ct
2743 2861 3038 2917 temerarie
3086 2861 3413 2931 inquirenda
3454 2869 3601 2915 sunt.

2004 2956 2118 3011 lloc
2149 2970 2277 3011 vero
2301 2956 2499 3024 potius,
2525 2971 2651 3011 cum
2687 2956 2751 3008 de
2774 2956 2883 3017 Deo
2923 2954 3130 3024 agitur,
3169 2952 3465 3008 tenendum
3493 2962 3601 3017 est,

2004 3048 2179 3117 ipsum
2202 3061 2321 3101 esse
2347 3047 2558 3115 quiest,
2592 3046 2795 3115 quique
2831 3044 3037 3098 nullum
3078 3046 3241 3099 habet
3301 3044 3602 3101 cxsistendi

2008 3140 2362 3208 principium,
2389 3139 2484 3193 sed
2511 3137 2735 3207 reliquis
2773 3138 3031 3192 omnibus
3099 3138 3316 3194 essendi
3377 3138 3597 3193 initium

1936 3221 1980 3281 C
2011 3229 2179 3287 dedit.

2351 3344 2586 3410 ALIUD,
2615 3346 2686 3398 ad
2712 3345 2787 3399 rei
2814 3345 3245 3414 explicationem.

2074 3458 2381 3515 Absurdum
2407 3469 2463 3515 et
2490 3460 2851 3528 periculosum
2880 3460 3049 3515 estde
3072 3436 3210 3514 Filio
3260 3460 3443 3516 dicere
3474 3477 3487 3513 :
3524 3460 3603 3516 Ex

2004 3554 2285 3608 voluntate
2306 3562 2398 3607 aut
2443 3560 2643 3622 praeter
2703 3554 3038 3608 voluntatem
3094 3553 3271 3607 factus
3327 3564 3429 3624 est,
3502 3553 3602 3619 Qui

2002 3645 2147 3700 enim
2174 3660 2279 3700 non
2309 3658 2375 3698 ex
2410 3645 2692 3700 voluntate
2722 3645 2943 3701 exsistit
2972 3644 3156 3717 Deus,
3177 3659 3282 3697 non
3317 3658 3380 3698 ex
3408 3643 3603 3699 volun-

2006 3748 2116 3793 tate
2138 3738 2295 3793 habet
2336 3738 2569 3793 Verbum
2593 3743 2736 3808 quod
2767 3753 2833 3793 ex
2876 3737 2995 3806 ejus
3030 3738 3269 3791 essentia
3315 3737 3602 3808 processit,

2002 3830 2096 3884 sed
2140 3829 2482 3884 naturaliter.
2524 3829 2599 3883 Ita
2626 3829 2773 3885 enim
2810 3828 2991 3899 imago
3018 3827 3138 3898 ejus
3198 3837 3252 3883 et
3308 3830 3603 3884 character

2002 3936 2130 3978 vere
2167 3920 2327 3977 fuerit
2360 3922 2431 3977 ".
2773 3966 2776 3969 η

2678 4032 2909 4089 ALIUD.

2074 4144 2131 4199 Si
2169 4146 2419 4201 voluntas
2450 4156 2505 4200 et
2544 4146 2866 4201 deliberatio
2898 4146 3022 4201 Filii
3060 4146 3437 4201 exsistentiam
3472 4159 3608 4214 pra:-

2005 4238 2171 4305 cedit,
2211 4236 2378 4292 Filius
2413 4249 2595 4293 autem
2626 4248 2710 4293 est
2731 4238 2995 4306 sapientia
3026 4251 3080 4292 et
3132 4236 3365 4291 Verbum
3404 4232 3606 4301 Patris,

2001 4346 2109 4396 quo
2153 4338 2311 4399 pacto
2341 4330 2671 4410 deliberavit.
2718 4329 2900 4393 Pater,
2966 4327 3147 4395 Verbo
3206 4340 3259 4384 et
3316 4308 3619 4398 sapientia,

303 4410 430 4464 καθ’
460 4412 638 4481 iam;
671 4410 978 4485 Oﬁmjitp
1008 4410 1076 4484 ἦν
1096 4416 1124 4468 ὁ
1156 4415 1301 4481 Υἱὸς,
1338 4418 1419 4471 ἔτι
1444 4421 1545 4490 τῆς
1570 4422 1701 4491 περὶ
1724 4420 1893 4475 αὑτοῦ

2013 4423 2154 4484 juxta
2195 4430 2440 4477 vestram
2475 4423 2825 4492 sententiam,
2848 4422 3081 4477 carens?
3108 4420 3295 4492 Neque
3329 4422 3474 4475 enim
3503 4423 3605 4475 ad-

302 4504 601 4572 γινομένης
657 4502 919 4573 σκέψεως.
980 4505 1103 4570 Πῶς
1139 4506 1196 4559 δὲ
1228 4508 1328 4561 οὑκ
1382 4510 1582 4565 ἄτοπον
1614 4513 1889 4584 εἰσφέρειν

2005 4512 2106 4566 huc
2130 4522 2247 4566 erat
2272 4512 2463 4577 Filius,
2491 4527 2612 4566 cum
2649 4512 2826 4567 adhuc
2842 4513 2907 4567 de
2933 4526 2999 4565 eo
3026 4512 3440 4567 deliberaretur.
3486 4512 3604 4580 Quo

303 4592 435 4663 περὶ
469 4592 664 4647 ἑαυτοῦ
701 4594 1086 4667 βουλευόμενον
1106 4598 1199 4651 τὸν
1235 4600 1477 4673 Πατέρα,
1505 4576 1734 4675 πότερόν
1764 4576 1895 4659 ⁸ποτε

2013 4612 2159 4673 pacto
2196 4618 2328 4658 vero
2359 4618 2465 4658 non
2514 4604 2810 4659 absurdum
2870 4603 3039 4659 fuerit
3092 4592 3351 4660 inducere
3390 4604 3603 4659 Patrem

305 4685 412 4755 χρὴ
441 4684 636 4751 σοφίαν
661 4684 804 4756 ἔχειν
859 4688 953 4741 καὶ
1002 4689 1269 4762 Λόγον,ἢ
1328 4694 1434 4763 μή;
1499 4696 1894 4765 Παραιτεῖσοαι

303 4774 599 4847 τοιγαροῦν
622 4777 921 4846 ἀναγκαῖον
943 4779 1040 4843 τὰς
1070 4782 1427 4847 ἀπαιδεύτους
1458 4785 1567 4837 τῶν
1597 4789 1894 4859 χριστομά-

304 4881 419 4936 χων
451 4868 761 4937 προτάσεις,
796 4870 856 4921 οὑ
890 4871 1092 4942 σφόδρα
1148 4872 1508 4929 διατείνεσθαι
1546 4879 1683 4947 πρὸς
1706 4880 1766 4931 τὸ
1805 4881 1899 4933 ἁν-

302 4958 542 5027 τιλέγειν
569 4960 777 5024 αὑταῖς.

743 5166 946 5231 ΑΛΔΟ,
1006 5165 1465 5237 διηγηματικῶς.

386 5276 487 5329 Διὰ
515 5275 725 5329 πολλῶν
748 5277 848 5348 ήδη
880 5277 1147 5333 δέδεικται
1199 5280 1372 5349 λόγων
1392 5282 1475 5334 ὅτι
1502 5284 1609 5336 τῶν
1660 5288 1897 5358 ποιημά-

306 5385 419 5421 των
440 5370 686 5437 ἡγήσατο
716 5366 987 5439 βούλησις.
1029 5369 1117 5433 Ἐξ
1142 5370 1257 5432 ἐνὸς
1279 5370 1335 5422 δὲ
1358 5372 1417 5425 τὸ
1455 5375 1563 5427 πᾶν
1592 5377 1897 5449 γνωρισθή-

309 5477 483 5517 σεται,
538 5459 659 5511 Ἐπὶ
708 5459 816 5531 γὰρ
862 5459 1047 5530 τῇτοῦ
1094 5459 1381 5529 ἀνθρώπου
1430 5468 1767 5537 κατασκευῇ,
1800 5469 1887 5532 τὸ,

314 5570 333 5603 ι
371 5552 697 5622 Ποιήσωμεν
748 5550 1055 5621 ἄνθρωπον,
1089 5570 1108 5602 ι
1142 5552 1234 5603 καὶ
1271 5553 1352 5618 τὸ,
1405 5572 1423 5603 ι
1460 5555 1747 5626 Γενηθήτω
1780 5576 1900 5611 στε-

313 5642 526 5714 ρέωμα.
568 5661 585 5693 ι
624 5642 718 5695 καὶ
744 5642 824 5703 τὺ,
879 5641 1165 5713 Γενηθήτω
1202 5643 1319 5697 τόδε
1372 5647 1463 5698 καὶ
1516 5648 1655 5714 τόδε,
1707 5649 1900 5721 βουλῆς

406 5794 613 5852 7"'IICIH'
668 5813 703 5859 ι,
745 5799 798 5853 5-
870 5800 911 5831 ⁷⁷
956 5800 1087 5854 (icti.
1136 5817 1171 5855 l.
1217 5802 1267 5864 (κ,
1302 5804 1388 5855 ‘2'“.

2001 4711 2188 4751 secum
2214 4695 2630 4760 deliberantem,
2655 4711 2721 4749 an
2750 4705 3035 4766 oporteret
3064 4695 3360 4765 aliquando
3387 4698 3606 4767 sapien-

2004 4789 2133 4841 tiam
2166 4799 2221 4842 ει
2246 4785 2483 4841 Verbum
2514 4786 2821 4851 liabere,an
2861 4790 3006 4843 non?
3038 4787 3355 4856 Rejicieuda
3440 4790 3605 4859 igitur

2005 4891 2227 4947 prorsus
2249 4886 2374 4932 sunt
2404 4877 2619 4932 indocta
2675 4878 2913 4931 hostium
2968 4879 3171 4934 Christi
3244 4890 3602 4950 argumenta,

2009 4985 2116 5023 non
2172 4980 2352 5025 autem
2424 4972 2588 5026 anxie
2652 4970 3037 5042 laborioseqtie
3090 4973 3159 5028 iis
3220 4975 3604 5030 contradicen-

2000 5061 2153 5115 dum.

2492 5175 2722 5243 ALIUD,
2761 5177 3092 5246 explicatius.

2079 5288 2388 5358 Multisjam
2420 5288 2602 5343 verbis
2622 5300 2899 5345 ostensum
2958 5300 3042 5345 est
3097 5290 3434 5347 voluntatem
3482 5292 3602 5349 sive

2006 5380 2451 5435 deliberationem
2478 5390 2854 5436 creaturarum
2898 5383 3233 5438 creationem
3264 5386 3596 5454 praecedere.

2010 5471 2083 5524 Ex
2113 5486 2222 5526 uno
2263 5482 2441 5526 autem
2478 5479 2647 5527 totum
2678 5472 3026 5543 intelligetur.
3048 5472 3180 5528 Nam
3220 5478 3270 5530 in
3322 5480 3602 5532 creatione

2010 5560 2281 5617 hominis:
2313 5580 2331 5613 ι
2376 5562 2682 5625 Faciamus,
2722 5565 2916 5635 inquit,
2942 5568 3235 5631 hominem,
3269 5587 3287 5618 ι
3319 5576 3396 5631 et,
3430 5587 3447 5619 ι
3477 5565 3600 5624 Fiat

2013 5651 2495 5719 liz'uiiaiiietitiiin'i,
2530 5674 2547 5706 ν
2589 5665 2750 5725 atque
2792 5660 2910 5722 hoc,
2943 5656 3178 5713 ιε’ἰειιιιοο
3224 5668 3275 5712 ει
3327 5659 3476 5727 illud,
3516 5676 3599 5713 νυ·
