4048 6418
482 364 546 422 9|
1509 361 1566 417 S.
1606 357 1883 415 CYRILLI
1918 353 2383 412 ALEXANDRINI
2417 350 2739 408 ARCHIEP.
3642 336 3710 392 9:3

479 487 696 542 luntatis
719 486 1129 558 significativum
1161 493 1260 548 est,
1294 498 1410 552 quae
1438 485 1501 536 ad
1524 481 1766 568 singulas
1820 491 2036 536 creatu-

2164 478 2206 528 ιν
2245 475 2329 546 εἴη
2358 472 2689 545 σημαντικὸν
2721 470 2818 541 τῆς
2843 471 2928 538 ἐφ’
2957 469 3168 538 ἑκάστῳ
3200 468 3306 521 τῶν
3334 465 3722 538 πεποιημένων

481 592 568 630 ras
591 576 860 631 faciendas
908 592 935 629 a
996 576 1102 630 Deo
1155 573 1396 629 adhibita
1445 581 1550 636 est,
1615 572 1832 625 tametsi
1865 573 2044 626 statim

479 682 616 736 opus
649 667 994 722 subsecutum
1026 673 1299 735 appareat.
1328 663 1383 718 Si
1415 678 1540 732 ergo
1601 672 1884 717 creaturas
1913 677 2046 731 prae--

477 757 620 812 cedit
642 757 910 822 voluntas,
943 758 1122 812 omnia
1173 771 1298 810 vero
1329 755 1465 811 facta
1495 762 1621 808 sunt
1661 768 1758 822 per
1807 753 2000 807 Filium
2031 792 2046 813 .

478 857 628 900 certe
660 847 899 902 omnium
931 861 1151 900 numero
1181 859 1285 898 non
1344 843 1825 912 comprehenditur
1867 844 1912 898 is
1954 858 2049 912 per

478 953 636 1005 quem
662 938 838 992 omnia
867 936 1002 991 facta
1021 944 1164 990 sunt.
1206 936 1267 990 Et
1311 935 1356 990 si
1407 935 1542 988 alius
1571 945 1654 989 est
1703 935 1772 989 ab
1823 935 1888 990 iis
1930 950 2047 1002 quae

480 1027 750 1095 praecessit
776 1027 1041 1091 voluntas,
1075 1041 1180 1080 non
1210 1035 1293 1080 est
1324 1024 1499 1080 factus
1526 1040 1593 1080 ex
1628 1025 1900 1079 voluntate
1934 1027 2046 1079 sic.

481 1116 798 1186 utiliaJpse
837 1118 979 1171 enim
1021 1126 1102 1172 est
1125 1118 1242 1169 viva
1302 1117 1552 1169 voluntas
1618 1114 1817 1177 Patris,
1853 1116 1902 1168 in
1938 1130 2043 1182 qua

479 1206 656 1259 omnia
683 1215 950 1270 operatur.
994 1203 1156 1260 Vocat
1214 1214 1392 1257 autem
1449 1207 1610 1258 etiam
1668 1205 1837 1271 ipsum
1897 1201 2047 1256 Psal-

481 1297 636 1350 mista
670 1295 997 1350 voluntatem
1030 1295 1226 1359 Patris,
1259 1296 1479 1350 dicens:
1515 1315 1532 1346 ι
1572 1297 1624 1350 In
1659 1296 1925 1350 voluntate
1959 1306 2044 1349 tua

481 1384 749 1438 deduxisti
783 1399 866 1437 me
894 1383 958 1437 ".
1004 1401 1021 1433 ι

1152 1497 1381 1552 ALIUD.

555 1614 613 1668 Si
639 1613 916 1668 consilium
944 1622 998 1668 et
1024 1610 1268 1665 voluntas
1297 1610 1472 1665 Patris
1515 1619 1598 1664 est
1638 1609 1824 1676 Filius,
1863 1619 1921 1663 ut
1971 1624 2046 1663 re-

482 1717 612 1758 vera
640 1711 742 1763 est,
781 1716 884 1768 quo
905 1709 1058 1770 pacto
1082 1700 1334 1769 praecedit
1361 1700 1604 1752 voluntas
1635 1699 1752 1767 ejus
1782 1699 2048 1753 exsisten-

487 1787 654 1840 tiam?
692 1785 971 1840 Videbitur
995 1789 1136 1842 enim
1172 1787 1284 1854 ipse
1309 1786 1543 1854 seipsum
1576 1785 1787 1841 fecisse.
1838 1785 1944 1856 55
1982 1787 2048 1842 Et

485 1879 575 1947 qui
604 1878 834 1933 nondum
867 1878 1036 1932 factus
1058 1887 1194 1942 erat,
1222 1887 1277 1930 ut
1327 1877 1561 1932 haeretici
1609 1879 1814 1942 volunt,
1878 1881 1945 1932 de
1993 1894 2051 1934 se

487 1967 604 2034 ipso
627 1968 958 2040 deliberasse
985 1969 1208 2022 dicetur.
1260 1970 1326 2022 At
1349 1970 1392 2022 si
1432 1970 1530 2023 hoc
1558 1971 1849 2024 absurdum
1901 1970 2046 2025 dictu

490 2069 596 2125 est,
627 2076 730 2113 non
758 2075 887 2128 ergo
911 2059 1182 2114 voluntate
1211 2060 1383 2115 factus
1441 2071 1544 2124 est,
1593 2062 2049 2130 quemadmodum

489 2157 785 2216 creaturzc;
818 2149 909 2204 sed
938 2161 1129 2204 eratut
1161 2151 1405 2206 voluntas
1438 2152 1614 2206 Patris
1639 2154 1689 2205 in
1720 2155 1854 2223 ipso,
1887 2164 2052 2223 atque

488 2243 624 2296 adeo
653 2243 822 2311 ipsius
843 2241 1116 2297 Genitoris
1137 2243 1387 2297 essentia:
1411 2245 1732 2313 proprietas.

1156 2350 1384 2406 ALIUD.

559 2458 810 2514 Christus
837 2459 1034 2514 alicubi
1065 2459 1239 2528 inquit
1274 2481 1286 2514 :
1332 2460 1440 2532 Ego
1483 2462 1534 2515 in
1569 2461 1748 2527 Patre,
1783 2475 1837 2519 et
1896 2465 2056 2521 Pater

493 2550 546 2603 in
575 2564 679 2615 me,
708 2549 870 2605 veluti
901 2551 1075 2605 locum
1111 2551 1422 2619 quemdam,
1461 2553 1549 2620 qui
1584 2568 1640 2606 se
1671 2553 1843 2608 solum
1879 2555 2054 2609 conti-

495 2649 640 2705 neat,
704 2642 1016 2710 significans
1065 2641 1303 2707 Patrem,
1337 2653 1388 2696 et
1422 2660 1608 2698 rursus
1638 2645 1853 2701 Patrem
1884 2648 2055 2702 solum

496 2733 547 2784 in
578 2731 691 2800 ipso
721 2731 1089 2785 exsisteutem.
1150 2732 1204 2785 Si
1237 2747 1366 2801 ergo
1397 2733 1537 2786 aliud
1583 2736 1860 2807 quidpiam
1894 2737 2054 2790 estin

497 2821 654 2875 Patre
688 2821 939 2876 voluntas
968 2822 1139 2890 ipsius
1189 2838 1349 2891 quam
1386 2822 1574 2886 Filius,
1605 2840 1710 2892 quo
1748 2833 1902 2894 pacto
1927 2841 2056 2881 vero

495 2911 612 2966 hac
646 2912 884 2966 dixerit?
921 2913 1239 2981 Reperictur
1274 2914 1440 2980 enim,
1483 2914 1634 2981 juxta
1673 2918 1916 2970 insanam
1949 2917 2060 2972 ha:-

498 3003 787 3057 reticorum
819 3003 1145 3072 Opinionem,
1201 3013 1322 3058 ante
1382 3007 1752 3061 cxsisteutiam
1785 3005 1928 3073 Filii,
1966 3022 2058 3061 vo-

499 3093 677 3146 luntas
740 3092 794 3147 in
844 3091 1003 3147 Patre
1053 3095 1337 3159 exsisteus,
1381 3110 1476 3161 per
1534 3111 1694 3166 quam
1743 3099 1914 3153 factus
1952 3107 2058 3164 est,

2150 567 2442 636 γενομένης
2482 562 2628 632 παρὰ
2661 561 2817 624 Θεοῦ,
2854 563 2902 614 εί
2949 561 3043 612 καὶ
3091 559 3431 630 παραχρῆμα
3452 559 3514 611 τὸ
3557 559 3723 628 ἔργον

2149 655 2469 709 ἀκολουθοῦν
2492 655 2757 721 φαίνεται.
2811 652 2873 704 Ei
2926 651 3102 704 τοίνυν
3131 650 3238 703 τῶν
3276 652 3374 720 μὲν
3402 651 3722 720 κτισμάτων

2149 749 2362 816 ἡγεῖται
2399 745 2666 814 βούλησις,
2712 745 2902 812 γέγονε
2951 743 3008 796 δὲ
3052 743 3227 796 πάντα
3289 742 3354 794 δι’
3388 741 3538 805 Υἱοῦ,
3565 743 3724 805 ἐκτός

2149 838 2264 888 ἐστι
2287 835 2394 888 τῶν
2426 836 2640 888 πάντων
2694 835 2722 886 ὁ
2779 834 2844 887 δι’
2877 827 2939 887 οὗ
2968 832 3034 886 τά
3075 833 3251 886 πάντα
3282 833 3491 900 γέγονε.
3536 831 3649 884 Καὶ
3673 833 3721 884 εί

2147 925 2331 995 ἕτερός
2363 927 2507 978 ἐστιν
2559 924 2782 978 ἐκείνων
2817 917 2891 976 ὧν
2935 925 3179 994 ἡγήσατο
3230 923 3502 994 βούλησις,
3527 924 3627 976 οὑκ
3655 923 3724 976 ἂν

2148 1016 2233 1083 εἴη
2265 1015 2403 1067 κατὰ
2435 1015 2684 1084 βούλησιν
2716 1014 2952 1082 γεγονὼς
2981 1013 3167 1084 ὥσπερ
3197 1014 3353 1067 αὑτά.
3402 1013 3574 1075 Αὐτὸς
3613 1013 3723 1083 γάρ

2148 1106 2293 1154 ἐστιν
2334 1102 2538 1172 ήζῶσα
2561 1103 2721 1172 βουλὴ
2762 1103 2856 1156 τοῦ
2885 1102 3116 1173 Πατρὸς,
3171 1103 3229 1170 ὲν
3270 1096 3394 1174 ᾖτά
3426 1101 3606 1154 πάντα
3633 1102 3724 1170 ἐρ-

2149 1194 2391 1259 γάζεται.
2423 1193 2590 1247 Καλεῖ
2634 1194 2691 1246 δὲ
2748 1193 2908 1246 αὑτὸν
2930 1194 3024 1246 καὶ
3064 1194 3256 1263 βουλὴν
3300 1192 3391 1246 τοῦ
3440 1193 3652 1262 Πατρδς
3693 1193 3722 1244 ό

2149 1283 2447 1352 Ψαλμιίίιὸς
2477 1325 2489 1348 ,
2531 1283 2702 1350 λέγων
2735 1300 2748 1315 ο
2817 1303 2834 1334 ι
2885 1284 2973 1336 Ἐν
3019 1286 3084 1353 τῇ
3154 1282 3314 1352 βουλῇ
3365 1299 3456 1334 σου
3517 1281 3725 1354 ὡδήγη-

2149 1373 2246 1436 σάς
2280 1389 2366 1442 με.
2401 1392 2420 1424 ι

2810 1487 3015 1540 ΑΛΛΟτ

2221 1597 2282 1651 Ei
2315 1597 2477 1668 βουλὴ
2531 1597 2624 1652 καὶ
2676 1597 2887 1668 θέλημα
2917 1598 3010 1652 τοῦ
3044 1600 3254 1669 Πατρός
3301 1601 3448 1652 ἐστιν
3497 1601 3525 1652 ὁ
3563 1599 3725 1662 Υἱὸς,

2148 1692 2331 1761 ὥσπερ
2369 1686 2461 1743 οὖν
2494 1690 2584 1742 καὶ
2614 1689 2747 1753 ἔστι,
2798 1691 2914 1753 πῶς
2945 1693 3158 1759 ἡγεῖται
3187 1691 3404 1760 Θὲλησις
3430 1691 3524 1760 τῆς
3548 1691 3726 1760 ὑπάρ-

2082 1815 2124 1873 B
2154 1782 2285 1846 ξεως
2315 1780 2478 1836 αὑτοῦ
2499 1799 2512 1847 ;
2531 1780 2701 1843 Αὑτδς
2730 1781 2838 1851 γάρ
2867 1782 3057 1834 ἑαυτὸν
3080 1783 3230 1835 ἔσται
3261 1781 3596 1852 πεποιηκώς.
3619 1781 3730 1833 Καὶ

2158 1875 2184 1926 ό
2220 1872 2384 1944 μήπω
2434 1869 2692 1939 γεγονὼς,
2749 1871 2890 1924 κατὰ
2941 1872 3067 1936 τοὺς
3119 1873 3537 1942 χριστομάχους,
3601 1869 3733 1940 περὶ

2159 1962 2350 2018 ἑαυτοῦ
2389 1965 2633 2031 φανεῖται
2689 1961 3091 2033 βουλευόμενος.
3155 1964 3217 2016 Ei
3267 1963 3323 2014 δὲ
3357 1962 3514 2016 τοῦτο
3549 1961 3733 2028 λέγειν

2159 2054 2374 2116 ἄτοπον,
2408 2053 2508 2103 οὑκ
2534 2050 2639 2120 ἄρα
2666 2051 2914 2122 βουλήσει
2955 2055 3196 2122 γέγονεν,
3241 2054 3427 2124 ὥσπερ
3483 2053 3548 2106 τὰ
3574 2055 3734 2123 ποιή-

2164 2160 2324 2213 ματασ
2367 2144 2478 2196 ἀλλ’
2509 2141 2575 2214 ἦν
2599 2145 2672 2208 ὡς
2698 2144 2859 2216 βουλὴ
2911 2144 3007 2197 τοῦ
3053 2147 3265 2216 Πατρὸς
3288 2148 3345 2198 ὲν
3381 2144 3550 2214 αὐτῷ,
3602 2143 3738 2197 αὑτὸ

2160 2237 2254 2305 τῆς
2283 2235 2466 2298 οὐσίας
2501 2237 2762 2307 ὑπάρχων
2791 2237 2881 2289 τοῦ
2910 2239 3268 2308 γεννήσαντος
3297 2239 3356 2291 τὸ
3389 2237 3538 2292 ἴδιον.

2854 2353 3056 2406 ΑΛΛΟ.

2233 2461 2392 2529 Λέγει
2419 2479 2521 2514 που
2552 2461 2802 2532 Χριστός·
2847 2481 2864 2514 ι
2914 2462 3053 2530 Ἐγὼ
3111 2464 3169 2516 ὲν
3221 2463 3296 2532 τῷ
3337 2465 3532 2535 Πατρὶ,
3568 2467 3663 2519 καὶ
3709 2467 3741 2519 ό

2164 2553 2352 2622 Πατὴρ
2375 2555 2431 2604 έν
2453 2553 2598 2622 ἐμοὶ,
2637 2570 2654 2603 ι
2720 2553 2908 2624 ὥσπερ
2956 2552 3075 2606 τινά
3125 2554 3290 2608 τόπον
3321 2557 3512 2608 ἑαυτὸν
3545 2556 3738 2626 ἔχοντα

2167 2644 2323 2711 μόνον
2364 2643 2642 2711 σημαίνων
2664 2642 2754 2694 τὸν
2791 2643 3026 2712 Πατέρα,
3054 2644 3148 2698 καὶ
3193 2645 3354 2698 πάλιν
3391 2645 3466 2708 ὼς
3498 2645 3592 2700 τοῦ
3626 2648 3740 2700 Πα-

2162 2732 2287 2802 τρὸς
2322 2732 2471 2794 ὄντος
2503 2733 2560 2783 ὲν
2595 2731 2743 2800 αὑτῷ
2773 2732 2950 2801 μόνον.
2983 2733 3045 2786 Ei
3069 2735 3246 2786 τοίνυν
3285 2735 3471 2804 ἕτερόν
3502 2735 3554 2788 τί
3588 2737 3738 2789 ἐστιν

2165 2822 2220 2873 ὲν
2246 2820 2322 2890 τῷ
2349 2821 2524 2890 Πατρὶ
2553 2820 2704 2890 παρὰ
2731 2823 2819 2872 τὸν
2859 2822 2984 2873 Υἱὸν
3025 2824 3058 2892 ἡ
3106 2822 3358 2892 βούλησις
3390 2823 3575 2887 αὑτοῦ,
3623 2824 3742 2886 πῶς

2166 2908 2452 2979 ἀληθεύσει
2481 2909 2550 2962 τὰ
2581 2909 2803 2962 τοιαῦτα
2845 2910 3052 2977 λέγων;
3079 2911 3402 2981 εὑρίσκεται
3439 2912 3566 2982 γὰρ,
3599 2913 3741 2966 κατὰ

2166 3001 2262 3068 τὴν
2299 2999 2404 3050 τῶν
2438 2999 2816 3068 χριστομάχων
2874 3001 3094 3069 μανίαν,
3138 3003 3242 3070 πρὸ
3305 3002 3403 3071 τῆς
3454 3001 3740 3073 ὑπάρξεως

2167 3089 2260 3142 τοῦ
2292 3089 2442 3155 Υίοῦ,
2477 3090 2729 3159 βούλησις
2749 3087 2882 3144 οὖσα
2923 3094 2979 3144 ἐν
3011 3093 3204 3163 Πατρὶ,
3234 3093 3354 3145 καθ’
3382 3095 3448 3164 ἦν
3472 3094 3697 3162 γέγονεν
3723 3136 3739 3160 ,

499 3185 648 3239 utilli
679 3184 884 3240 dicunt.
925 3185 979 3239 Si
1009 3197 1186 3240 autem
1245 3203 1367 3240 vere
1401 3189 1528 3242 dicit
1554 3204 1613 3242 se
1658 3191 1711 3242 in
1742 3189 1895 3244 Patre
1920 3203 2059 3257 esse,

2165 3181 2236 3242 ὼς
2277 3181 2473 3233 ἐκεῖνοί
2505 3198 2686 3250 φασιν.
2717 3183 2776 3234 Εί
2817 3182 2874 3234 δὲ
2905 3181 3179 3252 ἀληθεύει,
3232 3185 3421 3236 ἑαυτὸν
3469 3187 3527 3237 ὲν
3569 3186 3744 3254 Πατρ¹ι¹

499 3282 554 3328 et
591 3289 796 3340 rursus,
826 3274 997 3328 solum
1022 3276 1072 3328 in
1107 3290 1165 3330 se
1195 3291 1312 3330 esse
1342 3276 1551 3330 Patrem
1572 3317 1586 3339 .
1619 3278 1834 3332 ubinam
1863 3282 2063 3334 consti-

506 3375 684 3419 tuetur
728 3365 996 3427 voluntas,
1054 3381 1174 3419 cum
1238 3367 1368 3420 nihil
1426 3368 1526 3422 loci
1600 3370 1668 3422 sit
1715 3369 2066 3424 intermedii?

506 3457 655 3520 Quod
691 3457 736 3512 si
761 3471 944 3511 verum
971 3465 1076 3523 est,
1126 3471 1229 3512 non
1280 3473 1408 3526 ergo
1439 3459 1714 3516 voluntate
1745 3461 1921 3516 factus
1944 3470 2063 3526 est,

506 3547 599 3601 sed
639 3547 751 3616 ipse
779 3556 861 3602 est
890 3545 1141 3602 voluntas
1177 3547 1376 3603 Patris.

1178 3659 1402 3715 ALIUD.

574 3770 628 3826 Si
671 3772 1124 3840 quemadmodum
1172 3786 1467 3840 creaturas,
1500 3776 1570 3828 ita
1620 3778 1780 3831 etiam
1806 3778 2072 3834 exsisten-

511 3868 634 3919 tiam
660 3863 776 3918 Filii
814 3868 1088 3935 praecessit
1116 3868 1384 3932 voluntas,
1414 3884 1511 3923 cur
1541 3884 1659 3938 qua:
1699 3871 1836 3924 idem
1870 3871 2073 3926 habent

510 3956 870 4023 generationis
903 3956 1221 4026 principium
1248 3967 1298 4013 et
1345 3973 1440 4028 per
1466 3961 1707 4014 eamdem
1739 3961 2068 4016 voluntatem

511 4047 651 4100 facta
685 4057 828 4110 sunt,
857 4057 1136 4118 tantopere
1165 4051 1304 4104 inter
1327 4065 1385 4106 se
1419 4061 1609 4105 natura
1635 4051 1907 4115 diﬂerunt,
1938 4054 2070 4108 adeo

511 4144 567 4190 ut
594 4137 680 4192 illc
719 4138 976 4194 Dominus
1007 4140 1074 4194 sit
1109 4150 1162 4194 et
1221 4141 1379 4207 Deus,
1414 4143 1493 4196 ha:
1523 4142 1743 4197 serviles
1783 4145 1888 4196 sint
1914 4159 2070 4198 crea-

512 4228 669 4282 tum?
692 4227 1031 4285 Manifestum
1063 4240 1242 4286 autern
1278 4241 1360 4287 est
1386 4235 1524 4302 quod
1566 4234 1735 4289 Filius
1762 4236 1946 4290 deitati
1971 4236 2074 4291 Pa-

514 4319 612 4374 tris
641 4319 958 4374 naturaliter
989 4320 1172 4374 unitus
1227 4323 1483 4378 Dominus
1534 4333 1586 4378 et
1639 4325 1836 4378 dicitur
1859 4335 2018 4380 etest
2058 4345 2070 4380 :

513 4419 756 4463 creatura
789 4424 918 4465 vero
955 4425 1135 4477 serva,
1173 4413 1296 4481 quia
1352 4425 1502 4467 extra
1527 4415 1820 4469 essentiam
1860 4427 2071 4471 creato-

2174 3271 2271 3340 μὲν
2303 3267 2441 3324 εἶναι
2475 3273 2720 3340 φάσκων,
2751 3274 2842 3326 καὶ
2877 3274 3060 3336 πάλιν,
3091 3275 3164 3338 ὼς
3189 3275 3347 3344 μόνον
3389 3278 3444 3329 ἐν
3482 3276 3630 3346 αὑτῷ
3652 3277 3744 3330 τὸν

2171 3363 2405 3429 Πατέρα,
2424 3363 2524 3416 ποῦ
2554 3367 2586 3433 ἡ
2613 3365 2862 3436 βούλησις
2881 3367 3146 3431 κείσεται,
3166 3369 3379 3431 οὐδενὸς
3399 3369 3548 3431 ὄντος
3575 3368 3743 3420 τόπου

2174 3453 2375 3524 μεταξύ
2401 3471 2413 3519 ;
2452 3456 2512 3509 Εἰ
2537 3455 2593 3509 δὲ
2617 3457 2794 3519 τοῦτο,
2817 3457 2913 3510 οὑκ
2939 3458 3046 3528 ἄρα
3084 3458 3334 3530 βουλήσει
3370 3461 3608 3531 γέγονεν,
3629 3459 3744 3513 ἀλλ’

2171 3546 2330 3610 αὑτός
2358 3549 2503 3601 ἐστιν
2534 3551 2566 3618 ἡ
2605 3547 2698 3602 τοῦ
2726 3551 2939 3620 Πατρὸς
2969 3550 3242 3621 βούλησις.

2861 3665 3064 3716 ΑΛΛΟ.

2243 3777 2305 3829 Ei
2357 3777 2604 3847 καθάπερ
2652 3776 2760 3829 τῶν
2802 3778 3122 3847 ποιημάτων
3175 3779 3417 3848 ἡγήσατο
3463 3778 3741 3848 βούλησις,

2173 3867 2313 3920 οὓτω
2340 3868 2432 3919 καὶ
2460 3867 2558 3934 τῆς
2589 3867 2874 3935 ὑπάρξεως
2903 3866 2993 3919 τοῦ
3027 3868 3283 3938 Χριστοῦ,
3329 3868 3450 3920 ὅτου
3477 3868 3539 3938 δὴ
3585 3869 3748 3938 χάριν

2173 3958 2240 4010 τὰ
2278 3958 2374 4028 τὴν
2405 3957 2571 4025 αὐτὴν
2631 3955 2818 4025 ἔχοντα
2848 3957 2947 4026 τῆς
2977 3957 3243 4024 γενέσεως
3285 3959 3457 4028 ἀρχὴν
3506 3958 3599 4009 καὶ
3657 3958 3746 4010 διὰ

2173 4049 2270 4118 τῆς
2302 4049 2468 4116 αὐτῆς
2503 4048 2762 4114 γεγονότα
2826 4047 3043 4116 βουλῆς,
3091 4047 3343 4100 τοσοῦτον
3379 4047 3619 4116 ἀλλήλων
3648 4048 3745 4117 τὴν

2175 4139 2334 4208 φύσιν
2363 4140 2660 4207 διέστηκεν,
2695 4137 2770 4200 ὡς
2793 4139 2882 4190 τὸν
2916 4139 3012 4208 μὲν
3047 4138 3249 4208 Κύριον
3287 4138 3456 4200 οὕτως
3490 4133 3747 4190 εἶναικαὶ

2175 4231 2323 4294 Θεὸν,
2371 4230 2438 4283 τὰ
2471 4231 2525 4282 δὲ
2549 4229 2707 4284 δοῦλά
2730 4247 2787 4282 τε
2814 4231 2906 4283 καὶ
2930 4231 3243 4300 ποιήματας
3287 4231 3423 4282 Ἀλλ’
3459 4231 3574 4283 ἔστι
3593 4231 3748 4300 δῆλον

2175 4324 2250 4386 ὡς
2278 4325 2305 4376 ό
2338 4322 2432 4392 μὲν
2461 4321 2585 4384 Υἱὸς
2638 4324 2702 4391 τῇ
2734 4325 2826 4374 τοῦ
2865 4321 3079 4391 ιιατρὸς
3135 4322 3346 4391 θεότητι
3407 4323 3545 4373 κατὰ
3589 4321 3748 4388 φύσιν

2178 4415 2461 4485 ἑνούμενος
2499 4413 2700 4484 Κύριος
2761 4413 2977 4482 εἴρηται
3042 4413 3131 4464 καὶ
3181 4411 3348 4464 ἐστιν·
3378 4413 3408 4480 ἡ
3443 4411 3497 4461 δὲ
3551 4410 3746 4474 κτίσις,

517 4501 588 4554 ris
615 4508 718 4567 est,
753 4509 808 4555 et
849 4516 879 4554 a
912 4501 1140 4556 naturali
1192 4503 1258 4556 ad
1311 4504 1523 4558 Patrem
1576 4505 1835 4560 relatione
1878 4508 2059 4568 aliena.

2177 4507 2356 4577 δούλη,
2377 4507 2466 4560 διὰ
2497 4507 2556 4558 τὸ
2581 4505 2684 4570 ἔξω
2721 4504 2934 4557 κεῖσθαι
2959 4502 3059 4572 τῆς
3084 4503 3271 4564 οὑσίας
3325 4502 3419 4554 τοῦ
3457 4503 3750 4570 πεποιηκό-

515 4593 882 4648 Necessarium
917 4596 1078 4662 igitur
1097 4605 1178 4650 est
1209 4606 1268 4650 ut
1307 4614 1424 4666 qua:
1476 4605 1675 4652 tantam
1715 4599 1856 4654 inter
1889 4616 1947 4655 se
1973 4603 2070 4654 ha-

520 4685 1059 4753 bentdiii‘erentiam,
1105 4707 1206 4745 non
1255 4706 1418 4745 unum
1466 4692 1697 4746 habeant
1725 4694 2072 4763 principium.

2180 4617 2288 4664 τος,
2336 4600 2428 4652 καὶ
2478 4598 2578 4666 τῆς
2628 4598 2763 4666 πρὸς
2816 4597 2906 4648 τὸν
2955 4596 3175 4664 Πατέρα
3231 4594 3464 4664 σχέσεως
3491 4595 3746 4662 φυσικῆς.

2195 4692 2428 4762 ’Δνάγκη
2457 4690 2634 4743 τοίνυν
2656 4690 2724 4742 τὰ
2757 4688 3023 4758 τοσαύτην
3047 4688 3236 4756 ἔχοντα
3268 4687 3399 4757 πρὸς
3430 4686 3630 4755 ἄλληλα
3652 4687 3750 4754 τὴν

517 4775 624 4831 Sed
660 4776 741 4830 ha:
774 4779 1010 4845 quidem,
1049 4791 1108 4836 ut
1151 4792 1434 4845 creatum,
1485 4797 1549 4837 ex
1603 4784 1877 4839 voluntate
1925 4785 2059 4840 facta

2180 4784 2460 4856 διαφορὰν,
2513 4783 2586 4852 μὴ
2629 4782 2758 4852 μίαν
2793 4780 2932 4849 ἔχειν
2979 4781 3171 4850 ἀρχὴν.
3223 4778 3383 4831 Ἀλλὰ
3421 4779 3487 4830 τά
3523 4779 3640 4846 μὲν,
3675 4778 3750 4840 ὡς

516 4875 662 4921 sunt.
713 4866 881 4924 Filius
937 4881 1135 4938 autem,
1163 4873 1360 4943 .quippe
1389 4875 1476 4944 qui
1509 4885 1590 4930 cst
1632 4876 1745 4945 ipsa
1792 4877 2077 4944 voluntas,

517 4967 636 5012 erat
665 4959 732 5013 ab
756 4969 956 5016 mterno
980 4962 1028 5014 in
1064 4961 1245 5021 Patre.

865 5074 1094 5142 ALIUD,
1123 5080 1191 5132 ad
1219 5080 1293 5132 rei
1315 5081 1729 5149 explicationem.

589 5180 883 5250 Oportebat
929 5194 1106 5242 autem
1146 5188 1308 5245 hosce
1364 5191 1563 5246 Christi
1617 5193 1799 5248 hostes
1851 5195 1940 5263 qui
1985 5209 2090 5248 non

523 5280 776 5323 verentur
840 5272 1176 5344 interrogare
1216 5292 1282 5332 an
1317 5280 1589 5337 voluntate
1617 5282 1808 5338 Filium
1834 5288 2080 5353 genuerit

522 5358 697 5425 Pater,
725 5362 885 5416 etiam
942 5365 1042 5420 hoc
1086 5367 1262 5423 dicere
1297 5387 1310 5422 :
1370 5369 1451 5423 An
1498 5372 1548 5426 in
1581 5376 1860 5442 prudentia
1891 5375 2080 5430 Filium

521 5449 764 5516 genuerit
787 5448 963 5504 Pater.
1003 5451 1146 5507 Idem
1181 5456 1321 5510 enim
1347 5457 1597 5512 videntur
1621 5475 1742 5514 esse
1766 5461 2079 5518 deliberatio

524 5545 576 5590 et
608 5537 904 5605 prudentia.
937 5540 1210 5612 Siquidem
1246 5546 1490 5618 quisquis
1553 5551 1750 5619 aliquid
1783 5551 2080 5619 deliberat,

617 5709 816 5770 7'i‘sal.
855 5733 1021 5782 ωιτη,
1064 5723 1150 5774 2i.

2183 4875 2483 4943 ποιήματα,
2540 4874 2602 4923 ἐκ
2653 4869 2955 4939 βουλήσεως
3016 4868 3255 4935 γέγονεν.
3306 4868 3362 4920 '0
3409 4868 3464 4919 δὲ
3498 4867 3646 4930 Υἱὸς,
3676 4865 3752 4929 ὡς

2185 4967 2341 5029 αὑτὸς
2364 4965 2492 5035 ὢνή
2527 4963 2796 5032 βούλησις,
2823 4957 2889 5032 ἦν
2922 4960 3103 5022 ὀιῖδίως
3138 4962 3194 5013 ὲν
3237 4959 3431 5029 Πατρέ.

2613 5076 2792 5127 ΑΛΛΟ
2812 5115 2826 5139 ,
2855 5070 3306 5142 διηγηματικῶς.

2248 5191 2394 5245 Ἔδει
2422 5187 2547 5249 τοὺς
2599 5186 3001 5256 χριστομάχους
3046 5182 3468 5252 ἀποτολμῶντας
3522 5181 3749 5250 ἐρωτᾷν,

2184 5286 2230 5337 εί
2275 5282 2521 5353 βουλήσει
2553 5279 2643 5331 τὸν
2673 5279 2800 5331 Υἱὸν
2839 5277 3128 5345 ἐγέννησεν
3158 5277 3184 5327 ὁ
3233 5275 3444 5343 Πατὴρ,
3473 5273 3566 5325 καὶ
3596 5272 3752 5325 τοῦτο

2184 5376 2381 5442 λέγειν’
2417 5373 2478 5425 Εἰ
2510 5373 2567 5423 ὲν
2596 5371 2853 5441 φρονήσει
2878 5367 2968 5420 τὸν
3006 5365 3132 5418 Υἱὸν
3157 5366 3440 5435 ἐγέννησεν
3469 5367 3496 5417 ὁ
3542 5365 3750 5433 Πατήρ.

2187 5454 2394 5519 Ταυτὸν
2416 5463 2522 5532 γὰρ
2553 5460 2816 5530 ὑπάρχειν
2857 5458 3103 5525 φαίνεται
3145 5455 3305 5528 βουλὴ
3340 5457 3436 5510 καὶ
3473 5454 3750 5524 φρόνησις.

2201 5555 2414 5625 Ἐπειδὴ
2458 5555 2561 5607 πᾶν
2618 5553 2752 5624 ὅπερ
2807 5552 2869 5606 ἄν
2923 5567 3001 5612 τις
3043 5548 3387 5620 βουλεύηται,
3451 5545 3606 5599 τοῦτο
3663 5544 3751 5598 καὶ
