4048 6426
385 383 457 444 ss
1708 372 1713 375 ‘
1796 372 2241 432 meswnus.
3590 372 3661 429 ,ς

389 501 595 572 φρονεῖ·
622 499 715 553 καὶ
755 498 917 551 πάλιν
954 497 1149 567 ὥσπερ
1174 496 1234 561 ἐξ
1264 495 1735 566 ἀντιστρέφοντος,
1775 496 1804 548 6
1842 514 1969 567 φρο-

2093 496 2212 551 dem
2241 494 2406 549 etiam
2443 493 2678 564 prudens
2701 502 2787 548 est
2816 512 2829 547 :
2861 501 2912 547 et
2946 494 3064 548 vice
3093 507 3268 557 versa,
3307 494 3397 562 qui
3425 491 3664 563 prudens

388 595 488 654 νεῖ,
532 592 627 645 κα)⁵
670 586 1004 659 βουλεύεται.
1067 585 1395 656 Εύρίσκεται
1432 584 1561 652 γοῦν
1600 585 1678 647 ὡς
1722 585 1970 638 ίσοδυνα-

391 683 595 754 μοῦντα
630 681 919 735 συνάπτων
946 679 1088 731 αὐτὰ
1107 678 1203 732 καὶ
1232 680 1261 731 6
1302 678 1489 748 Σωτὴρ
1513 678 1597 745 ἐφ’
1627 676 1843 742 ἑαυτοῦ,
1872 676 1970 732 xui.

389 775 581 843 λέγων·
629 772 766 842 Ἐμὴ
806 770 971 842 βουλή
1025 770 1116 823 καὶ
1153 769 1446 836 ἀσφάλεια,
1490 768 1600 838 ὲμὴ
1663 770 1966 839 φρόνησις,

389 862 496 933 ἐμὴ
514 861 570 913 δὲ
598 860 772 929 ίσχύς.
797 860 1009 929 Ὠσπερ
1053 856 1160 927 γὰρ
1184 855 1453 925 ἀσφάλεια
1480 856 1574 907 καὶ
1599 854 1754 923 ίσχὺς
1776 853 1970 905 ταυτόν

388 954 557 1015 ἑστιν,
597 948 741 1003 οὕτω
795 933 889 1001 καὶ
936 946 1098 1018 βουλὴ
1151 946 1245 998 καὶ
1300 942 1584 1013 φρόνησις.
1621 941 1686 994 ΕΞ
1743 940 1841 1010 μὲν
1879 934 1970 992 οὖν

387 1042 597 1113 ἆξρρονά
638 1058 765 1094 ποτε
820 1037 1140 1092 πιστεύουσι
1202 1034 1533 1106 γεγενῆσθαι
1585 1033 1677 1086 τὸν
1710 1030 1967 1105 Πατέρα..

387 1135 749 1205 ὲρωτᾶτωσαν
778 1133 828 1185 εί
865 1132 922 1183 ὲν
953 1130 1212 1200 φρονήσει
1271 1127 1571 1197 γεγέννηκε
1591 1124 1685 1177 τὸν
1707 1122 1856 1177 Υίόν.
1902 1123 1965 1174 Ei

386 1227 446 1280 δὲ
465 1226 744 1297 φρίττουσι
792 1223 953 1276 τοῦτο
998 1224 1092 1275 καὶ
1158 1220 1318 1289 μόνον
1362 1218 1672 1280 ἀκούοντες,
1704 1214 1821 1277 πῶς
1872 1215 1973 1268 οὐκ

389 1317 587 1380 ἀσεϐὲς
623 1317 685 1369 τὸ
716 1316 927 1386 ἐρωτᾷν
957 1313 1052 1367 καὶ
1079 1311 1257 1379 λέγειν
1292 1311 1374 1379 ἐφ’
1408 1308 1538 1362 Υίοῦ
1580 1307 1661 1361 τό’
1698 1306 1962 1376 Βουλήσει

389 1407 756 1479 γεγένηται,ή
789 1407 862 1477 μή
883 1422 898 1471 ;
923 1403 1194 1473 τοσαύτην
1226 1401 1319 1456 τοῦ
1349 1401 1507 1470 λόγου
1534 1398 1631 1471 τὴν
1661 1396 1973 1468 δυσφημίαν

390 1497 752 1569 εἰσφέροντος.

1082 1608 1287 1661 AAAO.

473 1722 531 1777 Ὀ
562 1721 831 1793 μακάριος
868 1718 1078 1783 Παῦλος
1106 1720 1204 1791 τὴν
1232 1720 1653 1789 ἀπαράλλακτον
1680 1719 1976 1790 ὁμοιότητα

389 1812 672 1877 δεικνύων,
706 1812 774 1882 ῆν
799 1814 826 1865 6
854 1812 981 1874 Υίὸς
1030 1810 1145 1882 ἔχει
1175 1811 1311 1882 πρὸς
1347 1812 1439 1864 τὸν
1475 1809 1674 1864 ἑαυτοῦ
1717 1810 1935 1879 Πατέρα
1957 1851 1973 1875 ,

2076 598 2181 649 est.
2207 588 2347 641 idem
2378 597 2433 641 et
2465 587 2749 641 deliberat.
2777 586 2952 655 Atque
2996 587 3067 639 ita
3112 586 3375 640 Servator
3405 587 3517 653 ipse
3547 584 3665 639 haec

2076 682 2240 735 veluti
2271 680 2668 751 mquipollentia
2698 679 2980 749 conjungit
3007 680 3196 734 dicens
3225 680 3290 734 de
3337 693 3396 733 se
3434 697 3447 733 :
3486 678 3667 731 Meum

2078 784 2161 828 est
2199 772 2482 827 consilium
2512 783 2568 825 et
2620 772 2807 837 tutela,
2836 786 2953 825 mea
3006 770 3115 841 53
3149 771 3430 839 prudentia
3479 779 3533 823 et
3562 785 3653 837 po-

2082 862 2265 916 tenlia.
2294 860 2759 927 Quemadmodum
2793 862 2934 917 enim
2972 862 3136 916 tutela
3168 872 3221 915 et
3251 861 3490 929 potentia
3522 860 3665 913 idem

2079 960 2245 1015 sunt;
2297 953 2370 1005 ita
2418 954 2583 1007 etiam
2641 953 2962 1007 deliberatio
2994 962 3048 1006 et
3082 953 3394 1022 prudentia.
3438 953 3494 1005 Si
3534 966 3669 1020 ergo

2081 1044 2471 1113 imprudentem
2509 1044 2801 1114 aliquando
2829 1043 3002 1099 fuisse
3031 1044 3248 1098 Patrem
3313 1043 3662 1103 existimant,

2079 1138 2414 1206 interrogent
2442 1151 2510 1190 an
2540 1137 2591 1190 in
2624 1136 2907 1206 prudentia
2953 1134 3206 1204 genuerit
3249 1134 3467 1189 Filium.
3520 1132 3589 1185 At
3621 1132 3673 1186 si

2081 1228 2163 1282 vel
2206 1230 2256 1281 id
2290 1227 2573 1282 audientes
2601 1228 3048 1298 perhorrescant,
3080 1242 3191 1295 quo
3215 1234 3379 1294 pacto
3411 1240 3518 1277 non
3562 1223 3667 1277 im-

2082 1319 2227 1387 pium
2256 1320 2418 1373 fuerit
2443 1319 2784 1388 interrogare
2804 1334 2869 1374 ac
2896 1319 3079 1373 dicere
3126 1322 3192 1372 de
3236 1317 3374 1371 Filio
3414 1334 3428 1369 :
3460 1317 3541 1369 An
3576 1329 3670 1368 vo-

2082 1413 2290 1467 luntate
2322 1411 2497 1466 factus
2517 1412 2607 1477 sit,
2658 1411 2872 1465 necne?
2902 1426 3021 1465 cum
3051 1413 3152 1464 hoc
3174 1412 3240 1463 ad
3271 1420 3477 1462 tantam
3507 1415 3672 1475 atque

2083 1504 2214 1561 illud
2243 1504 2297 1558 in
2325 1502 2558 1559 Verbum
2590 1501 2983 1572 blasphemiam
3012 1502 3307 1573 pertineat.

2756 1614 2993 1672 ALIUD.

2156 1732 2355 1787 Beatus
2393 1730 2613 1799 Paulus,
2661 1730 3073 1787 similitudinem
3112 1742 3275 1798 quam
3308 1724 3479 1780 Filius
3511 1721 3675 1777 habet

2085 1840 2207 1879 cum
2240 1824 2399 1880 Patre
2419 1825 2736 1885 ostendens.
2790 1823 2867 1877 ita
2918 1821 3162 1877 scribit:
3225 1837 3243 1871 ι
3282 1818 3383 1885 Qui
3436 1830 3558 1871 cum
3602 1817 3675 1895 sit

389 1906 593 1977 γράφει
623 1905 750 1976 περὶ
778 1903 962 1958 αὑτοῦ·
1018 1923 1037 1955 r
1076 1904 1172 1968 Ὃς
1215 1903 1291 1957 ὣν
1326 1902 1668 1974 ἀπαύγασμα
1693 1903 1791 1972 τῆς
1819 1902 1979 1971 δόξης

2091 1916 2334 1985 splendor
2362 1915 2546 1986 gloriae
2569 1924 2624 1970 et
2662 1917 2951 1969 character
3000 1912 3356 1981 hypostaseos
3388 1906 3534 1962 illius
3566 1904 3671 1959 τ’.»

391 2003 488 2055 καὶ
516 2001 804 2072 χαρακτὴρ
834 2001 933 2071 τῆς
997 2000 1348 2065 ὑποστάσεως
1403 1998 1589 2055 αὑτοῦ.
1630 2019 1649 2050 ι
1689 2001 1751 2053 Et
1796 1998 1978 2053 τοίνυν

391 2093 681 2164 χαρακτήρ
718 2092 835 2145 ἐστι
869 2092 961 2146 καὶ
1005 2092 1173 2145 εἰκὼν
1214 2092 1308 2146 τοῦ
1335 2094 1697 2163 γεννήσαντος
1752 2094 1780 2145 6
1813 2091 1977 2157 Υἱὸς,

390 2181 657 2252 ἐγεννήθη
685 2182 762 2248 δὲ,
795 2182 920 2235 καθ’
943 2183 1109 2252 ὑμᾶς,
1140 2183 1609 2254 προηγησαμένης
1634 2182 1944 2253 βουλήσεως
1962 2222 1976 2247 ,

391 2274 606 2343 ἀνάγκη
634 2276 784 2326 πᾶσα
806 2275 899 2327 καὶ
936 2272 1027 2326 τὸν
1059 2274 1282 2343 Πατέρα
1326 2272 1501 2337 οὕτως
1530 2270 1690 2341 εἶναι,
1726 2273 1918 2344 ὥσπερ
1945 2275 1979 2344 ή

392 2363 558 2418 εἰκὼν
586 2362 751 2418 αὑτοῦ
782 2365 878 2418 καὶ
910 2364 971 2417 τὸ
1022 2364 1386 2435 ἀπαύγασμα*
1436 2364 1514 2428 ὡς
1557 2365 1654 2418 καὶ
1676 2364 1807 2417 αὐτὸ
1836 2364 1981 2435 ἔχειν

393 2454 812 2527 προηγουμένην
840 2455 1006 2509 αὐτοῦ
1033 2456 1134 2527 τὴν
1181 2455 1458 2527 βούλησιν.
1482 2457 1545 2509 Et
1570 2457 1628 2509 δὲ
1672 2455 1829 2509 τοῦτο
1856 2457 1981 2509 ἀσε-

392 2548 488 2611 ϐὲς
516 2547 613 2617 (ού
646 2550 754 2618 γὰρ
785 2550 849 2601 ἐκ
882 2546 1191 2618 βουλήσεῶς
1217 2549 1367 2601 ἐστιν
1391 2551 1424 2619 ή
1454 2549 1549 2601 τοῦ
1589 2548 1802 2619 Πατρὸς
1824 2548 1984 2603 οὐσία

393 2640 492 2691 καὶ
548 2638 879 2709 ὑπόστασις)
906 2679 922 2705 ,
980 2639 1195 2709 ἀνάγκη
1248 2642 1398 2694 πᾶσα
1441 2638 1575 2711 μηδὲ
1626 2640 1718 2693 τὸν
1750 2640 1878 2693 Υἱὺν
1919 2641 1986 2693 ὲκ

396 2732 705 2802 βουλήσεως
734 2729 892 2797 εἶναι,
919 2732 1189 2802 φρονεῖνῆ
1212 2731 1410 2800 λέγειν.

1099 2848 1305 2900 ΑΛΛΟ.

615 2963 713 3027 Ὡς
736 2962 806 3026 ἐξ
852 2960 1213 3026 ἀντιθέσεως
1265 2958 1387 3013 τῶν
1430 2959 1764 3029 αἰρετικῶν.

471 3074 584 3132 Καὶ
609 3074 746 3139 πῶς,
778 3072 967 3144 φησὶν,
995 3073 1095 3125 οὐκ
1119 3072 1331 3141 ἀνάγκη
1366 3072 1770 3141 συνομολογεῖν,
1792 3073 1985 3144 ὅτιπερ

397 3166 659 3238 ἁθέλητός
687 3168 801 3221 ἐστι
848 3166 925 3237 τῷ
975 3166 1153 3237 Πατρὶ
1181 3169 1208 3219 6
1241 3167 1392 3229 Υἱὸς,
1423 3166 1541 3234 ήτοι
1574 3166 1904 3236 ἁδούλητος,
1936 3169 1985 3220 εί

403 3261 481 3333 μή
505 3262 569 3315 lx
600 3260 907 3331 βουλήσεως
940 3260 1035 3313 καὶ
1073 3258 1345 3329 Θελήσεως
1379 3261 1602 3328 γέγονεν
1628 3277 1642 3325 ;

894 3460 1049 3529 Πρὸς
1078 3460 1254 3514 τοῦτο
1288 3460 1491 3527 λύσις.

472 3594 801 3648 Δυσωπείτω
819 3592 929 3647 τῶν
960 3594 1346 3665 χριστομάχων
1368 3595 1466 3667 τὴν
1489 3596 1794 3667 πάντολμον
1820 3597 1986 3666 γλῶτ-

400 3702 502 3739 ταν
528 3685 558 3737 6
591 3684 782 3755 Σωτὴρ
812 3685 940 3755 περὶ
987 3685 1181 3738 ἑαυτοῦ
1202 3686 1398 3754 λέγων·
1462 3706 1479 3738 ε
1530 3687 1586 3739 ὐ
1618 3687 1811 3759 Πατὴρ
1842 3689 1989 3757 φιλεῖ

402 3776 493 3830 ei»:
518 3777 667 3830 Υίόν.
698 3796 717 3827 ι
754 3777 968 3849 ’Ὠσπερ
1009 3781 1119 3847 γὰρ
1164 3777 1266 3847 ήδη
1325 3778 1691 3851 προείρηται,
1742 3781 1803 3833 τὸ
1848 3776 1987 3834 εἶναι

402 3869 608 3939 ἁγαθός
632 3887 690 3922 τε
710 3871 805 3923 καὶ
836 3870 1105 3941 ἐλεήμων,
1146 3869 1259 3940 ἔχει
1302 3871 1423 3940 μὲν,
1450 3872 1549 3924 οὐκ
1583 3874 1645 3925 ὲκ
1674 3872 1985 3943 βουλήσεως

402 3965 482 4029 δὲ,
513 3962 637 4017 οὗτε
672 3964 779 4034 μὴν
806 3962 1121 4033 ἀϐουλήτως
1148 3962 1324 4018 ταῦτα
1354 3966 1490 4018 ἐστι.
1530 3965 1684 4018 Θέλει
1708 3966 1818 4038 γὰρ
1850 3964 1986 4021 εἶναι

402 4055 563 4109 τοῦτο
586 4057 725 4127 ὅπερ
755 4055 903 4108 ἐστὶν
938 4055 1024 4109 ἀεὶ
1055 4056 1149 4109 καὶ
1196 4056 1370 4111 ἔσται.
1422 4056 1582 4111 Οὖτω
1620 4060 1714 4111 καὶ
1738 4061 1784 4111 εί
1814 4059 1888 4129 μὴ
1922 4061 1987 4112 ὲκ

404 4146 710 4216 βουλήσεως
743 4144 1000 4214 ἐγέννησε
1037 4144 1129 4198 τὸν
1181 4145 1330 4209 Υίὸν,
1389 4146 1504 4200 ἀλλ’
1536 4148 1637 4200 οὐκ
1672 4147 1988 4219 ἀϐουλήτως

401 4238 565 4292 αὐτὸν
590 4236 723 4307 ἔχει.
774 4236 927 4289 Θέλει
950 4236 1059 4305 γὰρ
1092 4236 1183 4289 τὸν
1219 4237 1345 4290 Υἱὸν
1378 4239 1472 4291 καὶ
1499 4239 1665 4308 φιλεῖ,
1690 4237 1873 4302 καθὼς
1895 4238 1989 4307 γέ-

400 4345 668 4399 γραπται.
710 4328 819 4385 Καὶ
881 4327 1132 4398 καθάπερ
1177 4331 1206 4381 6
1254 4330 1446 4401 Πατὴρ
1495 4332 1593 4402 τῆς
1634 4331 1987 4395 ὑποστάσεως

399 4421 498 4491 τῆς
534 4418 724 4472 ἑαυτοῦ
749 4417 980 4488 Θελητής
1012 4421 1182 4482 ἐστιν,
1224 4420 1325 4473 οὐκ
1366 4422 1428 4474 ὲκ
1477 4422 1787 4493 βουλήσεως
1841 4441 1989 4487 τινος

399 4510 558 4565 τοῦτο
583 4511 658 4563 ὣν
683 4511 818 4581 ὅπερ
856 4510 1025 4575 ἐστὶν,
1083 4511 1226 4565 οὕτω
1288 4514 1384 4566 καὶ
1432 4514 1459 4565 6
1494 4515 1618 4577 Υἱὸς
1652 4516 1717 4568 ἐκ
1768 4516 1865 4586 τῆς
1892 4514 1986 4569 τοῦ

2083 2009 2139 2063 Si
2174 2023 2304 2078 ergo
2332 2008 2504 2063 Filius
2527 2016 2612 2063 est
2640 2006 2932 2060 character
2960 2014 3013 2057 et
3041 2003 3222 2073 imago
3249 1998 3553 2059 Genitoris,
3581 2010 3671 2067 ge.

2083 2102 2227 2155 nitus
2247 2108 2425 2155 autem
2458 2110 2564 2168 est,
2597 2109 2656 2153 ut
2698 2114 2796 2153 vos
2840 2096 3044 2161 dicitis,
3084 2093 3433 2165 prmcedente
3459 2089 3671 2145 delibe~

2084 2193 2316 2256 ratione,
2344 2192 2707 2247 necessarium
2747 2188 2972 2245 omnino
3013 2185 3181 2240 fuerit
3222 2183 3446 2237 Patrem
3503 2180 3575 2235 ita
3618 2192 3678 2233 se

2085 2284 2306 2349 habere,
2338 2292 2398 2338 ut
2418 2284 2594 2354 imago
2616 2294 2671 2338 et
2693 2280 2955 2352 splendor
3005 2276 3220 2347 ipsius:
3259 2275 3397 2330 adeo
3428 2272 3676 2327 utetiam

2086 2376 2259 2443 ipsum
2288 2376 2629 2446 prazcesserit
2660 2372 3006 2428 deliberatio.
3037 2370 3094 2426 Si
3131 2383 3263 2425 vero
3302 2369 3410 2422 hoc
3450 2362 3679 2434 impium

2085 2476 2169 2522 est
2196 2468 2215 2537 (
2244 2481 2417 2536 neque
2441 2467 2582 2521 enim
2624 2479 2691 2520 ex
2725 2461 3120 2518 deliberatione
3143 2466 3226 2513 est
3266 2455 3459 2511 Patris
3483 2466 3675 2508 esseu-

2090 2556 2162 2610 tia
2189 2566 2349 2625 atque
2371 2554 2681 2626 hypostasis
2703 2553 2720 2623 )
2744 2591 2759 2617 ,
2787 2565 2919 2621 ergo
2944 2565 3047 2605 nec
3088 2547 3283 2603 Filium
3305 2561 3372 2601 ex
3400 2542 3683 2598 delibera-

2089 2650 2233 2706 tione
2263 2647 2465 2703 l'actum
2500 2661 2620 2703 esse
2644 2644 2727 2703 vel
2760 2644 3009 2709 credere,
3034 2640 3120 2697 vel
3152 2638 3338 2695 dicere
3364 2643 3601 2705 oportet.

2757 2836 2992 2894 ALIUD.

2463 2956 2547 3011 Ex
2585 2954 2869 3025 objections
2895 2953 3286 3007 Iamrelicorum.

2162 3074 2229 3125 At
2254 3086 2361 3142 quo
2382 3080 2561 3139 pacto,
2597 3070 2871 3139 inquiunt,
2908 3083 3013 3122 non
3043 3065 3210 3119 fuerit
3242 3070 3469 3117 necesse
3518 3053 3681 3109 fateri

2092 3162 2285 3217 Filium
2335 3164 2470 3216 citra
2531 3162 2868 3217 voluntatem
2936 3168 3031 3213 aut
3070 3154 3355 3213 consilium
3406 3147 3555 3204 Patri
3600 3159 3686 3199 ac-

2014 3251 2056 3308 C
2091 3256 2343 3318 cessisse.
2368 3255 2472 3309 nisi
2504 3254 2730 3309 coasilio
2781 3260 2838 3308 et
2896 3250 3180 3337 voluntate
3232 3242 3575 3316 praecedente
3612 3236 3691 3292 la-

2095 3356 2216 3403 ctus
2242 3346 2360 3402 est?

2621 3458 2825 3514 Salutio
2858 3457 3180 3528 objectionis.

2166 3595 2438 3650 Retundat
2476 3594 2844 3663 impudentem
2894 3595 3129 3650 hostium
3184 3592 3387 3649 Christi
3438 3594 3683 3664 linguam

2097 3687 2357 3742 Servator
2383 3689 2497 3758 ipse
2528 3688 2600 3742 ita
2660 3688 2727 3743 de
2775 3702 2834 3743 se
2874 3687 3065 3743 dicens
3104 3705 3117 3741 :
3157 3705 3175 3737 ι
3207 3685 3370 3741 Pater
3404 3695 3553 3739 amat
3598 3683 3691 3739 Fio

2092 3780 2223 3835 lium
2249 3780 2316 3835 ⁸⁸.
2360 3800 2397 3839 »γ
2437 3779 2901 3847 Quemadmodum
2955 3779 3099 3834 enim
3184 3777 3299 3846 jam
3352 3777 3555 3831 dictum
3607 3787 3692 3830 est

2095 3873 2237 3944 quod
2269 3873 2444 3928 bonus
2476 3874 2549 3928 sit
2603 3881 2656 3928 et
2706 3871 3042 3935 misericors,
3072 3870 3235 3925 habet
3268 3870 3319 3925 id
3354 3884 3461 3923 non
3495 3884 3559 3924 ex
3591 3883 3689 3923 vo-

2095 3967 2322 4031 luntate,
2382 3965 2476 4021 sed
2528 3980 2706 4035 neque
2762 3966 2971 4034 absque
3023 3963 3307 4018 voluntate
3361 3964 3476 4016 lucc
3542 3970 3685 4015 sunt.

2096 4057 2387 4114 Vultenim
2414 4070 2536 4112 esse
2568 4058 2620 4111 id
2640 4056 2781 4125 quod
2808 4065 2891 4111 est
2916 4068 3134 4124 semper
3165 4064 3219 4108 et
3241 4052 3363 4108 erit.
3390 4050 3467 4105 Ita
3498 4051 3687 4117 etiam,

2095 4150 2221 4205 licet
2255 4164 2358 4204 non
2389 4165 2457 4204 ex
2481 4148 2761 4204 voluntate
2794 4150 3042 4218 genuerit
3095 4148 3315 4215 Filium,
3361 4163 3467 4201 non
3498 4157 3679 4201 tamen

2095 4244 2299 4313 absque
2326 4242 2605 4297 voluntate
2638 4242 2786 4295 illum
2813 4242 2996 4299 habet.
3032 4240 3158 4295 Vult
3192 4244 3338 4295 enim
3380 4240 3579 4295 Filium
3636 4250 3690 4295 et

2096 4344 2265 4403 amat,
2298 4337 2438 4391 sicut
2464 4336 2726 4405 scriptum
2778 4345 2883 4390 est.
2915 4335 2983 4389 Et
3030 4334 3489 4405 quemadmodum
3528 4333 3691 4388 Pater

2095 4445 2248 4485 suam
2300 4430 2469 4499 ipsius
2514 4420 2849 4500 hypostasim
2896 4428 3027 4495 vult,
3081 4443 3257 4496 neque
3290 4437 3471 4482 tamen
3500 4442 3564 4482 ex
3594 4442 3687 4481 vo-

2097 4522 2303 4576 luntate
2327 4530 2411 4576 est
2440 4520 2490 4575 id
2521 4522 2663 4590 quod
2688 4532 2773 4578 est
2799 4562 2813 4588 ,
2852 4522 2925 4576 ita
2952 4522 3118 4576 etiam
3144 4521 3315 4577 Filius
3340 4538 3404 4577 ex
3450 4522 3687 4577 essentia

401 4602 616 4671 Πατρδς
641 4603 827 4667 οὐσίας
877 4603 1176 4673 προελθὼν,
1206 4605 1305 4657 οὐκ
1332 4605 1591 4677 ἀοέλητός
1628 4608 1775 4660 ἐστιν
1808 4607 1979 4678 αὐτῷ,

2096 4615 2276 4670 Patris
2314 4617 2639 4684 procedens,
2672 4630 2777 4669 non
2812 4617 2862 4669 ei
2901 4616 3057 4670 adest
3095 4624 3290 4685 praeter
3314 4614 3483 4684 ipsius
3506 4614 3693 4671 volun.-

400 4695 450 4746 εί
470 4694 564 4746 καὶ
597 4693 847 4765 βούλησις
872 4696 1111 4767 οὐδαμοῦ
1128 4697 1227 4766 τῆς
1251 4700 1559 4769 γεννήσεως
1592 4699 1985 4771 προδραμοῦσα

402 4785 672 4855 φαίνεται.

1083 4903 1287 4957 ΔΛΛΟ.

473 5012 537 5066 El
563 5012 903 5083 ἀπαύγασμα
941 5015 1034 5067 καὶ
1062 5018 1347 5087 χαρακτήρ
1400 5018 1514 5071 ἐστι
1560 5017 1654 5071 τοῦ
1698 5019 1911 5091 Πατρὸς
1959 5021 1988 5074 6

404 5102 553 5167 Υἱὸς,
578 5103 769 5173 γέγονε
798 5104 854 5158 δὲ
883 5104 1122 5175 Θελήσει,
1146 5107 1269 5160 καθ’
1298 5109 1463 5178 ὑμᾶς,
1512 5104 1580 5181 ἧν
1624 5110 1732 5181 ἄρα
1788 5113 1980 5181 χρόνος

2091 4717 2277 4776 tatem,
2313 4709 2527 4763 tametsi
2574 4707 2825 4761 voluntas
2851 4710 2965 4763 sive
3021 4706 3347 4762 deliberatio
3372 4707 3689 4776 generatio-

2090 4816 2214 4857 nem
2254 4814 2593 4871 nequaquam
2620 4800 2985 4870 praecesserit.

2778 4911 3011 4969 ALIUD.

2165 5025 2221 5083 Si
2252 5026 2505 5098 splendor
2530 5036 2583 5081 et
2605 5028 2893 5082 character
2930 5025 3111 5080 Patris
3159 5035 3241 5080 est
3274 5024 3466 5090 Filius,
3511 5023 3690 5079 factus

2088 5129 2266 5173 autem
2290 5128 2452 5173 estex
2479 5119 2783 5185 voluntate,
2807 5126 2866 5171 ul.
2892 5125 3070 5172 vestra
3097 5117 3202 5172 fert
3226 5118 3433 5187 opinio,
3450 5124 3570 5171 erat
3588 5116 3692 5169 ita-

402 5196 492 5249 ὅτι
515 5196 614 5249 οὐκ
644 5192 731 5267 ἦν,
762 5197 884 5250 καθ’
928 5184 988 5251 ὃν
1041 5201 1073 5269 ή
1127 5200 1254 5269 περ)⁵
1300 5200 1463 5254 αὑτοῦ
1513 5201 1732 5275 θέλησις
1754 5205 1979 5260 ἐκινεῖτο

2091 5228 2191 5283 que
2230 5222 2438 5283 tempus
2484 5213 2699 5283 quando
2731 5184 2837 5267 non
2883 5221 3018 5275 erat,
3062 5210 3113 5264 in
3153 5184 3453 5281 quo—Pater
3505 5209 3691 5263 consi-

405 5287 553 5359 παρὰ
584 5288 661 5360 τῷ
715 5288 910 5361 Πατρί.
958 5290 1167 5344 Οὐκοῦν
1200 5286 1268 5362 ἦν
1320 5310 1451 5346 ποτε
1495 5295 1585 5348 ὅτε
1616 5297 1784 5367 χωρὶς
1811 5298 1986 5351 ἀπαυ-

402 5379 681 5449 γάσματος
701 5377 767 5452 ἦν
805 5383 833 5435 6
865 5381 997 5446 Θεὸς
1037 5382 1131 5436 καὶ
1163 5383 1283 5453 δίχα
1335 5388 1704 5458 χαρακτῆρος.
1764 5391 1893 5455 Καὶ,
1939 5391 1987 5443 εί

402 5468 465 5521 τὸ
492 5467 621 5523 ἴδιον
648 5470 746 5541 τῆς
784 5472 973 5536 οὐσίας
1032 5474 1125 5526 τοῦ
1162 5476 1375 5546 Πατρὸς
1426 5480 1573 5530 ἐστιν
1628 5481 1655 5531 6
1707 5480 1855 5545 Υἱὸς,
1888 5482 1988 5535 οὐκ

404 5552 473 5629 ἦν
502 5557 559 5613 δέ
582 5577 733 5625 ποτε,
759 5562 879 5615 καθ’
904 5563 1067 5634 ὑμᾶς,
1121 5564 1235 5618 ἴσον
1262 5568 1401 5619 ἐστὶ.
1429 5568 1506 5639 τῷ
1559 5568 1758 5636 λέγειν·
1791 5574 1891 5626 οὐκ
1920 5568 1987 5643 ἧν

405 5668 535 5706 ποτε
560 5653 853 5726 γεννητική
887 5654 980 5709 τοῦ
1012 5656 1223 5727 Πατρὸς
1256 5658 1287 5727 ή
1321 5658 1497 5713 οὐσία·
1560 5662 1673 5715 ἀλλ’
1708 5663 1896 5737 ὥσπερ
1924 5666 1984 5720 ἔκ

477 5830 520 5867 "
564 5833 723 5890 llehr.
768 5853 803 5896 ι.
846 5836 899 5891 5.
978 5838 1021 5868 ⁸⁸
1062 5835 1216 5892 Juau.
1260 5856 1338 5904 lli,
1374 5842 1464 5914 ὃὸ,

2087 5302 2219 5358 lium
2262 5319 2418 5358 suum
2468 5304 2535 5359 de
2590 5303 2681 5358 illo
2730 5303 2991 5374 agitabat.
3033 5302 3159 5358 Fuit
3186 5302 3353 5374 igitur
3387 5302 3552 5355 etiam
3587 5300 3690 5353 ali-

2090 5391 2307 5458 quando
2335 5394 2475 5449 Deus
2507 5393 2714 5463 absque
2757 5408 2857 5449 suo
2910 5393 3198 5463 Splendore
3234 5402 3289 5448 et
3337 5392 3683 5445 charactere.

2092 5482 2178 5552 Et,
2211 5484 2255 5539 si
2287 5487 2566 5555 proprium
2594 5487 2848 5543 essentia:
2870 5486 3050 5543 Patris
3078 5487 3185 5557 57
3217 5494 3299 5542 est
3327 5484 3684 5554 Filius,atqni

2092 5576 2138 5631 is
2176 5576 2599 5647 aliquandonon
2630 5577 2758 5644 fuit,
2784 5588 2840 5633 nt
2870 5594 2966 5634 vos
3001 5579 3206 5644 dicitis,
3250 5577 3391 5632 idem
3431 5585 3514 5631 est
3549 5591 3613 5630 ac
3639 5576 3686 5630 si

2092 5671 2243 5727 dicas
2275 5674 2642 5742 generativam
2672 5672 2850 5731 Patris
2900 5673 3200 5731 essentiam
3236 5670 3532 5743 aliquando
3578 5684 3685 5725 non

2068 5756 2095 5784 1
