4048 6430
400 364 473 423 95
1426 365 1483 420 S.
1526 361 1799 419 Cl'RlLLI
1839 358 2303 417 ALEXANDRINI
2330 358 2657 416 'ARCHIEP.
3578 361 3644 417 96

398 482 690 545 exstitisse,
731 482 825 537 sed
860 482 1022 543 veluti
1067 498 1132 537 ex
1179 483 1480 539 mulatione
1501 484 1733 553 quadam
1764 496 1831 537 eo
1863 493 1959 535 tra-

2072 498 2215 544 τινος
2252 480 2554 551 μεταϐολῆς
2588 480 2667 541 είς
2731 476 2889 529 τοῦτο
2950 475 3225 546 παρῆλθεν
3278 475 3644 546 ἀποκυήσασα

402 573 619 627 ductam
650 572 819 628 luisse
846 582 903 627 ut
940 574 1184 644 gigneret
1211 573 1422 629 Filium.
1462 573 1517 628 Si
1553 588 1680 629 vero
1717 574 1766 627 id
1796 583 1847 628 et
1875 588 1967 627 co-

400 664 571 731 gitatu
601 673 656 717 et
688 664 831 719 dictu
870 664 1091 733 impium
1121 672 1223 729 est,
1258 680 1323 719 ne
1369 664 1521 727 illud,
1566 664 1871 727 Voluntate,
1897 678 1965 716 an

402 769 527 818 non,
554 756 619 808 de
644 753 782 809 Filio
806 754 1086 823 objiciaut.
1117 755 1269 811 Sicut
1287 756 1434 810 enim
1469 755 1626 809 Pater
1648 754 1968 814 naturaliter

401 854 484 898 est
522 844 713 911 bonus,
746 846 817 899 ita
842 846 1004 899 etiam
1026 845 1343 901 naturaliter
1364 846 1729 916 generativus.

787 976 1011 1044 ALIUD,
1054 979 1122 1032 ad
1159 979 1577 1048 explicationem.

472 1083 528 1138 Si
561 1085 739 1139 omnis
768 1080 1014 1141 voluntas
1042 1101 1160 1154 qua:
1192 1087 1243 1141 in
1277 1104 1545 1159 quoquam
1578 1088 1636 1143 lit
1694 1104 1798 1144 non
1848 1091 1967 1143 abs-

402 1190 505 1243 que
534 1177 698 1231 verbo
737 1178 795 1231 lit
837 1177 1117 1248 (voluntas
1148 1178 1288 1233 enim
1325 1190 1408 1235 est
1438 1182 1660 1236 verbum
1699 1180 1964 1235 occultum

402 1268 543 1336 quod
580 1268 632 1323 in
669 1270 832 1323 corde
869 1270 1166 1343 agitatur),
1200 1269 1371 1325 Filius
1407 1280 1585 1325 autem
1620 1280 1701 1325 est
1738 1269 1965 1324 Verbum

401 1356 606 1421 Patris,
642 1358 780 1414 idem
812 1359 975 1429 igitur
1003 1363 1165 1416 etiam
1195 1370 1279 1416 est
1306 1362 1557 1417 voluntas
1588 1362 1773 1428 ipsius.
1804 1361 1964 1429 Atqui

401 1461 507 1515 quo
536 1459 690 1515 pacto
716 1448 962 1503 voluntas
994 1451 1045 1503 in
1074 1451 1343 1505 voluntate
1374 1451 1465 1504 lit?
1492 1459 1584 1504 aut
1614 1450 1702 1518 qui
1731 1449 1966 1504 Verbum

402 1538 455 1590 in
478 1538 691 1593 Verbo?
716 1537 906 1593 Omnia
940 1540 1105 1610 igitur
1133 1541 1245 1594 base
1273 1551 1355 1595 est
1385 1540 1551 1595 Filius
1579 1538 1723 1593 Patri
1756 1558 1771 1594 :
1797 1548 1850 1595 et
1879 1554 1967 1593 vo-

401 1623 578 1681 lunias
606 1636 658 1681 et
684 1626 943 1692 Verbum,
977 1641 1030 1681 et
1060 1629 1323 1698 sapientia
1358 1644 1374 1683 :
1407 1628 1649 1699 nihilque
1677 1637 1759 1684 est
1790 1630 1841 1682 iu
1868 1627 1968 1682 Pa-

405 1724 487 1768 tre
513 1724 639 1770 ante
669 1718 860 1785 ipsum.

969 1826 1177 1883 ALIUD
1214 1828 1401 1883 simile.

471 1933 643 1990 liabet
685 1935 785 1991 sibi
833 1937 993 1993 b‘omo
1033 1938 1350 1994 naturaliter
1385 1938 1599 1993 insitam
1646 1938 1963 2007 procreandi

401 2025 542 2080 ﬁlios
580 2036 937 2096 potestatem,
978 2040 1032 2083 et
1073 2044 1177 2084 non
1219 2031 1667 2099 quemadmodum
1709 2034 1869 2087 homo
1900 2046 1963 2086 ex

400 2117 678 2173 voluntate
714 2128 795 2174 est
832 2121 1003 2175 bonus
1035 2129 1127 2175 aut
1159 2122 1358 2187 malus,
1390 2122 1463 2175 ita
1494 2122 1655 2176 etiam
1690 2135 1754 2176 ex
1784 2121 1970 2175 volun-

400 2217 510 2262 tate
532 2217 616 2263 est
642 2219 811 2278 pater.
842 2209 946 2264 Sed
975 2211 1078 2265 hoc
1101 2226 1163 2266 ex
1196 2222 1382 2265 natura
1402 2252 1417 2275 ,
1444 2211 1573 2265 illud
1600 2226 1663 2266 ex
1692 2211 1966 2266 voluntate

400 2295 576 2350 habet.
610 2297 674 2351 Et
707 2297 851 2352 illius
883 2298 1096 2368 quidem
1128 2299 1331 2353 domini
1365 2313 1583 2365 sumus;
1618 2300 1671 2352 in
1704 2299 1805 2353 hoc
1839 2313 1965 2353 vero

398 2396 654 2456 perpetua
704 2397 866 2459 atque
913 2390 1370 2444 incommutabilis
1423 2397 1629 2445 naturai
1675 2390 1757 2445 lex
1800 2390 1959 2460 viget.

400 2478 551 2533 Sicut
589 2480 749 2550 igitur
784 2496 882 2535 nos
920 2495 1023 2535 non
1059 2495 1122 2535 ex
1148 2480 1455 2549 voluntate,
1492 2480 1583 2535 sed
1619 2489 1830 2542 natura,
1868 2480 1964 2535 ba-

398 2570 587 2624 bemus
610 2580 667 2623 ttt
692 2572 861 2625 simus
888 2581 1065 2641 patres
1090 2572 1319 2625 filiorum
1346 2580 1673 2634 nostrorum,
1700 2572 1772 2625 ita
1798 2572 1960 2625 etiam

402 2660 540 2714 Dens
568 2676 632 2715 ac
658 2662 817 2716 Pater
842 2678 946 2716 non
976 2678 1039 2717 ex
1069 2662 1339 2717 voluntate
1368 2662 1524 2717 Pater
1547 2672 1652 2728 cst,
1680 2665 1774 2718 sed
1806 2672 1964 2716 natu-

397 2751 602 2806 raliter.
641 2753 707 2807 Et
748 2754 1199 2822 quemadmodum
1240 2754 1329 2823 qui
1370 2768 1434 2807 cx
1479 2755 1631 2809 nobis
1671 2756 1963 2821 gignuntur

395 2844 602 2899 similes
632 2860 852 2914 prorsus
890 2845 1044 2901 nobis
1081 2854 1205 2900 sunt
1238 2848 1531 2901 secundum
1570 2846 1958 2910 substantiam,

398 2935 469 2988 ita
498 2936 658 2989 etiam
691 2936 859 2992 Filius
892 2951 995 2991 non
1027 2937 1365 2993 extrinsecus
1400 2937 1548 2991 Patri
1580 2950 1834 3002 accessit,
1867 2937 1960 2991 sed

398 3040 583 3080 revera
610 3042 676 3081 ex
704 3029 937 3082 essentia
966 3028 1137 3098 ipsius
1161 3031 1458 3099 procedens
1485 3043 1580 3096 per
1605 3030 1784 3083 omnia
1813 3029 1961 3084 simi-

398 3114 461 3170 lis
485 3126 569 3171 est
597 3116 856 3173 Genitori.
886 3118 949 3172 Et
970 3120 1419 3188 quemadmodum
1454 3120 1613 3175 Pater
1639 3136 1744 3176 non
1775 3136 1838 3176 ex
1868 3137 1960 3175 vo-

398 3204 601 3261 luntate
627 3218 708 3262 est
738 3207 917 3273 Pater,
946 3208 1016 3262 ita
1044 3218 1097 3264 et
1125 3210 1293 3265 Filius
1323 3226 1425 3264 non
1458 3224 1522 3264 ex
1550 3210 1837 3276 voluntate,
1866 3212 1959 3267 sed

397 3308 461 3346 ex
501 3306 688 3348 natura
728 3305 830 3362 est,
868 3297 1117 3365 splendor
1151 3307 1202 3353 et
1239 3299 1519 3353 character
1550 3300 1816 3356 exsistens
1849 3300 1963 3368 ejus

398 3384 492 3454 qui
525 3384 697 3453 ipsum
730 3386 932 3456 genuit.
1941 3386 1948 3393 ’

1059 3495 1281 3552 ALIUD.

847 3587 1086 3658 Objectio
1123 3604 1187 3642 ea:
1227 3576 1506 3643 Eunomia.

462 3700 827 3771 lnterrogandi
865 3712 1023 3766 sunt,
1058 3703 1261 3772 inquit,
1298 3703 1460 3771 ii-qui
1494 3716 1552 3758 se
1587 3710 1730 3757 recte
1760 3702 1960 3757 sentire

392 3793 723 3855 existimant,
754 3801 930 3847 utrum
963 3794 1253 3863 aliquando
1300 3795 1577 3849 voluntate
1603 3793 1845 3863 genuerit
1874 3793 1960 3847 Fi~

396 3882 520 3935 lium
548 3882 726 3946 Pater,
754 3897 819 3935 an
851 3884 983 3937 citra
1014 3886 1369 3939 voluntatem.
1414 3884 1469 3939 Si
1497 3885 1639 3939 enim
1669 3886 1876 3939 exstitit
1906 3886 1957 3938 in

392 3975 621 4027 essentia
654 3974 859 4038 Patris,
893 3975 1031 4029 alius
1062 3976 1129 4030 ab
1160 3976 1275 4045 ipso
1305 3975 1498 4039 Filius,
1534 3990 1637 4030 non
1665 3976 1961 4031 voluntarie

394 4066 596 4133 genuit.
619 4064 851 4122 Necesse
876 4067 1018 4121 enim
1050 4078 1165 4121 erat
1198 4058 1384 4137 parere
1413 4083 1536 4122 eum
1566 4069 1653 4137 qui
1688 4069 1739 4121 in
1771 4077 1957 4123 natura

392 4165 528 4209 erat.
561 4154 615 4209 Si
649 4171 773 4211 vero
802 4173 905 4211 non
936 4166 1052 4211 erat
1085 4158 1136 4211 iu
1166 4156 1352 4222 Patre,
1386 4158 1478 4213 sed
1514 4156 1687 4213 lactus
1715 4166 1796 4212 est
1828 4157 1959 4211 deli-

392 4248 672 4303 beratione
706 4248 881 4305 Patris
911 4250 1148 4309 adhibita
1168 4289 1183 4313 ,
1223 4264 1441 4304 necesse
1469 4259 1550 4304 est
1577 4249 1797 4304 omnino
1826 4249 1959 4303 deli-

393 4339 722 4395 berationem
763 4341 1125 4410 praecessisse.
1165 4340 1279 4395 Non
1320 4350 1435 4395 erat
1479 4341 1646 4411 igitur
1679 4339 1828 4395 Patri
1862 4352 1990 4401 00-.

367 4424 647 4487 "aeternus.
1378 4502 1381 4503 ν

893 4544 1100 4599 Salutio
1136 4544 1455 4615 objectionis.

460 4681 695 4736 Primum
728 4680 942 4750 quidem
975 4679 1236 4749 stupenda
1272 4694 1355 4733 res
1385 4688 1468 4734 est
1500 4692 1604 4749 quo
1633 4686 1790 4748 pacto
1822 4678 1950 4736 adeo

391 4774 672 4828 temerarie
711 4782 764 4827 et
806 4780 1113 4841 portentosa
1149 4772 1293 4825 velut
1330 4772 1597 4840 imperitia
1641 4758 1693 4825 in
1736 4785 1949 4826 omnem

358 4900 363 4905 ι
392 4864 971 4939 blasphemiam‘ruant.
990 4862 1173 4932 Neque
1197 4863 1305 4933 58
1327 4865 1467 4917 enim
1492 4863 1649 4931 pudet
1672 4878 1765 4918 eos
1787 4864 1949 4917 etiam

388 4955 560 5023 ipsum
592 4953 758 5009 Deum
791 4954 1096 5009 necessitati
1131 4954 1429 5022 subjicere,
1461 4956 1698 5009 dicentes
1733 4956 1951 5023 perinde

389 5058 547 5116 atque
577 5048 626 5098 iu
659 5046 905 5100 humanis
934 5046 1250 5115 corporibus
1281 5045 1481 5113 aliquid
1512 5043 1687 5100 Patris
1714 5044 1947 5100 essentia

387 5138 785 5205 rutiipreliendi,
827 5153 889 5192 ac
930 5137 1083 5207 quasi
1119 5151 1213 5191 vas
1258 5136 1310 5189 in
1349 5152 1497 5201 vase,
1532 5138 1607 5213 ita
1657 5136 1851 5191 Filium
1896 5138 1947 5192 in

387 5227 548 5285 Patre
590 5232 777 5284 teneri.
820 5228 930 5283 Nos
971 5234 1119 5291 vero,
1153 5230 1242 5298 qui
1290 5238 1434 5283 recte
1480 5244 1541 5281 ac
1582 5228 1720 5297 iuste
1750 5231 1951 5283 sentire

389 5319 693 5384 studemus,
721 5320 1008 5375 essentiam
1050 5319 1140 5374 Dei
1180 5319 1323 5373 omni
1362 5320 1678 5375 necessitate
1710 5322 1951 5390 superio-

390 5424 500 5461 rem
534 5424 655 5464 esse
692 5410 947 5479 dicimus;
979 5423 1033 5467 et
1062 5413 1257 5469 Filium
1288 5430 1407 5470 esse
1442 5417 1491 5468 in
1526 5414 1716 5479 Patre,
1748 5432 1852 5471 non
1893 5425 1958 5470 ut

390 5512 581 5568 corpus
612 5500 663 5553 in
696 5516 940 5571 corpore,
969 5505 1061 5558 sed
1094 5513 1151 5559 ut
1181 5506 1591 5574 inseparabilem
1625 5506 1693 5560 ab
1723 5506 1836 5573 ejus
1864 5522 1949 5562 es-

388 5588 557 5642 sentia
597 5600 647 5644 et
685 5592 752 5645 ab
790 5594 904 5663 ipso
939 5597 1319 5664 procedentem
1354 5598 1689 5653 naturaliter.
1731 5598 1785 5653 Si
1823 5614 1949 5654 vero

391 5682 702 5739 existimant
744 5701 801 5741 se
842 5696 1054 5743 acutum
1095 5690 1293 5760 aliquid
1338 5704 1667 5763 proponere,
1714 5691 1948 5746 dicentes

397 5774 665 5833 voluntate
692 5789 775 5833 aut
805 5780 937 5835 citra
964 5783 1289 5839 voluntatem
1320 5800 1437 5838 eum
1469 5782 1665 5839 factum
1695 5798 1830 5843 esse.
1864 5786 1942 5839 vi-

2069 572 2161 628 τδν
2192 572 2340 625 Υίόν.
2378 569 2440 624 El
2467 570 2522 622 δὲ
2570 567 2728 622 τοῦτο
2748 566 2940 629 ἀσεϐὲς
2974 571 3188 637 φρονεῖν
3218 583 3277 619 τε
3313 568 3406 619 καὶ
3438 568 3639 636 λέγειν,

2074 664 2148 735 μὴ
2170 662 2596 735 προτεινέτωσάν
2627 677 2767 723 τινες
2794 661 2877 727 ἐφ’
2914 659 3045 712 Υἱοῦ
3066 659 3146 721 τὸ,
3187 659 3447 729 Βουλήσει
3476 660 3508 730 ἦ
3541 661 3638 729 μή.

2074 756 2285 823 ’Ὠσπερ
2310 754 2417 823 γάρ
2452 752 2651 820 ἀγαθὸς
2681 749 2821 803 κατά
2854 748 3016 818 φύσιν
3038 750 3185 803 ἐστιν
3212 752 3239 803 6
3270 750 3479 821 Πατὴρ,
3498 748 3644 802 οὕτω

2071 848 2165 899 καί
2192 844 2506 915 γεννητικὸς
2533 844 2673 897 κατά
2702 846 2881 912 φύσιν.

2490 977 2671 1029 ΑΛΔΟ
2693 1016 2708 1041 ,
2756 976 2850 1044 διη
2859 978 3207 1046 γηματικῶς.

2143 1092 2208 1143 El
2246 1092 2396 1145 πᾶσα
2445 1090 2697 1160 βούλησις
2726 1092 2759 1161 ή
2793 1089 2849 1142 εν
2876 1107 2983 1143 τισι
3018 1089 3276 1159 γινομένη
3306 1090 3369 1142 οὐ
3406 1090 3529 1159 δίχα
3561 1089 3646 1143 16-

2071 1199 2168 1251 γου
2191 1182 2432 1253 γίνεται(
2448 1181 2603 1249 λόγος
2628 1182 2735 1251 γάρ
2766 1183 2914 1233 ἐστιν
2934 1180 3157 1249 ἀφανῶς
3186 1182 3243 1232 ὲν
3270 1180 3463 1251 καρδία
3493 1198 3646 1252 στρε-

2074 1273 2362 1342 φόμενοςή
2400 1271 2721 1342 βούλησις),
2782 1271 2895 1324 ἔστι
2955 1272 3010 1324 δὲ
3054 1274 3081 1324 6
3108 1270 3234 1334 Υίὸς
3266 1274 3294 1325 6
3344 1274 3513 1338 Λόγος
3550 1273 3644 1325 τοῦ

2074 1361 2306 1433 Πατρὶς,
2364 1362 2525 1424 αὐτὸς
2574 1361 2681 1430 ἄρα
2704 1362 2849 1413 ἐστὶν
2907 1362 2939 1429 ή
2981 1360 3231 1431 βούλησις
3283 1362 3467 1415 αὑτοῦ.
3510 1358 3647 1416 Εἶτα

2073 1454 2191 1515 πῶς
2229 1455 2261 1522 ή
2299 1453 2551 1523 βούλησις
2594 1453 2652 1504 ὲν
2686 1452 2937 1522 βουλήσει
2977 1451 3222 1519 γίνεται;
3259 1453 3290 1523 ἢ
3336 1452 3449 1516 πῶς
3483 1455 3511 1506 6
3540 1453 3646 1507 A6-

2073 1560 2167 1609 γος
2189 1544 2245 1595 έν
2272 1543 2461 1614 Λόγῳ;
2499 1544 2683 1596 Πάντα
2730 1542 2907 1595 τοίνυν
2935 1542 3083 1595 ἐστὶν
3116 1544 3143 1594 6
3178 1542 3305 1603 Υἱὸς
3333 1542 3409 1612 τῷ
3434 1544 3605 1612 Πατρὶ
3629 1584 3643 1605 ,

2073 1635 2167 1688 καὶ
2220 1634 2382 1705 βουλὴ
2412 1636 2503 1687 καὶ
2536 1636 2729 1703 Λόγος,
2764 1634 2855 1686 καὶ
2881 1634 3059 1702 σοφία·
3096 1633 3188 1686 καὶ
3210 1633 3362 1687 οὐδέν
3393 1633 3540 1686 ἐστιν
3585 1635 3647 1685 ὲν

2075 1726 2248 1797 llath
2274 1724 2378 1796 πρὸ
2418 1725 2599 1779 αὑτοῦ.

2632 1837 2813 1890 ΑΛΛΟ
2848 1837 3073 1906 ὅμοιον.

2144 1953 2298 2021 Ἔχει
2330 1952 2469 2005 κατά
2503 1950 2663 2020 φύσιν
2692 1953 2719 2003 6
2760 1950 3044 2020 ἄνθρωπος
3071 1949 3131 2002 τὸ
3154 1948 3416 2003 δύνασθαι
3436 1950 3645 2004 τέκνων

2068 2040 2228 2094 αὐτὸν
2249 2041 2500 2110 γενέσθαι
2531 2040 2761 2111 πατέρα·
2787 2040 2879 2091 καὶ
2906 2038 3001 2108 οὐχ
3028 2039 3214 2109 ὥσπερ
3243 2040 3306 2091 ἐκ
3340 2038 3645 2110 βουλήσεως

2066 2132 2266 2201 ἀγαθός
2293 2134 2443 2186 ἐστιν
2475 2132 2507 2202 ἢ
2548 2132 2802 2203 πονηρὸς,
2827 2129 2971 2183 οὕτω
3006 2131 3099 2183 καὶ
3127 2132 3331 2201 πατήρ.
3388 2132 3548 2185 Ἀλλά
3581 2130 3645 2184 τὸ

2069 2223 2167 2295 μὲν
2206 2222 2383 2292 φύσει,
2415 2220 2474 2274 τὸ
2494 2221 2549 2273 δὲ
2583 2220 2832 2290 βουλήσει
2877 2218 3014 2273 ἐστί.
3068 2220 3178 2272 Καὶ
3230 2219 3324 2271 τοῦ
3357 2220 3453 2289 μὲν
3476 2220 3643 2289 ὶσμὲν

2066 2316 2265 2385 κύριοι·
2300 2312 2394 2366 τοῦ
2424 2312 2478 2365 δὲ
2526 2313 2557 2382 ή
2614 2311 2772 2379 φύσις
2807 2307 3162 2379 ἀπαράϐατον
3194 2308 3304 2379 ἔχει
3335 2309 3427 2363 τὸν
3454 2311 3636 2380 νόμον.

2066 2407 2275 2475 Ὠσπερ
2302 2399 2394 2458 οὖν
2420 2403 2517 2456 οὒκ
2550 2402 2616 2455 ἐκ
2646 2400 2947 2470 βουλήσεως
2984 2399 3178 2470 ἔχομεν
3208 2403 3369 2469 ἡμεῖς
3409 2401 3470 2453 τὸ
3495 2397 3637 2456 εἶναι

2062 2494 2297 2565 πατέρες
2340 2493 2449 2546 τῶν
2506 2491 2564 2557 ἐξ
2618 2491 2793 2561 ἡμῶν,
2843 2490 2978 2543 ἀλλὰ
3028 2489 3290 2557 φυσικῶς,
3319 2489 3581 2546 οὕτωκαὶ
3610 2497 3639 2547 6

2064 2582 2194 2646 Θεὸς
2243 2584 2335 2635 καὶ
2383 2582 2572 2651 Πατὴρ
2623 2582 2721 2633 οὐκ
2786 2582 2849 2631 ὲκ
2896 2578 3203 2649 βουλήσεως
3242 2583 3432 2652 Πατήρ
3467 2584 3634 2647 ἐστιν,

2063 2673 2198 2727 ἀλλά
2228 2672 2491 2741 φυσικῶς.
2557 2672 2666 2724 Καὶ
2718 2670 2909 2739 ὥσπερ
2940 2672 2990 2723 οί
3039 2671 3095 2736 ἐξ
3145 2670 3302 2740 ἡμῶν
3328 2674 3637 2743 τικτόμενοι

2061 2768 2231 2836 ὅμοιοι
2257 2767 2471 2827 πάντως
2489 2766 2619 2833 ἡμῖν
2648 2765 2768 2816 κατ’
2790 2763 2977 2816 οὐσίαν
2996 2763 3152 2827 εἰσὶν,
3179 2762 3322 2816 οὕτω
3356 2766 3449 2818 καὶ
3468 2768 3495 2819 6
3512 2763 3638 2831 Υἱὸς

2061 2855 2158 2907 οὐκ
2189 2854 2384 2919 ἔξωθεν
2414 2854 2492 2923 τῷ
2517 2854 2689 2923 [lasz
2728 2854 3182 2923 προσγενόμενος,
3224 2855 3340 2908 ἀλλ’
3375 2857 3543 2921 ὅντως
3572 2860 3639 2913 ἑκ

2062 2946 2158 3015 τῆς
2182 2946 2369 3008 οὐσίας
2402 2934 2566 2999 αὺτοῦ
2595 2943 2873 3015 προελθὼν
2929 2944 3113 3012 ὅμοιός
3145 2945 3257 2999 ἔστι
3292 2946 3433 3000 κατὰ
3462 2949 3636 3002 πάντα

2062 3036 2140 3105 τῷ
2188 3035 2543 3104 γεγεννηκότι.
2579 3036 2687 3087 Καὶ
2719 3035 2910 3105 ὥσπερ
2944 3036 3044 3088 οὐκ
3077 3035 3140 3087 ἐκ
3186 3035 3492 3108 βουλήσεὼς
3519 3040 3635 3091 ἐστι

2062 3128 2272 3197 Πατὴρ,
2313 3126 2454 3180 οὕτω
2500 3126 2593 3179 καὶ
2626 3128 2654 3179 6
2704 3126 2829 3190 Υἱὸς
2860 3126 2958 3179 οὐκ
3006 3128 3069 3179 ὲκ
3112 3126 3421 3198 βουλήσεώς
3457 3131 3633 3197 ἐστιν,

2064 3217 2199 3270 ἀλλά
2231 3216 2371 3269 κατά
2393 3216 2574 3285 φύσιν,
2597 3217 2937 3288 ἀπαύγασμα
2958 3218 3050 3270 καὶ
3073 3220 3357 3292 χαρακτὴρ
3377 3221 3636 3293 ὑπάρχων

2062 3308 2155 3361 τοῦ
2185 3310 2537 3378 γεννήσαντος
2572 3308 2753 3362 αὐτόν.

2752 3509 2952 3563 ΑΛΛΟ.

2320 3618 2638 3685 Ἀντίθεσις
2694 3620 2773 3685 ὡς
2804 3621 2871 3673 ἐκ
2910 3618 3025 3673 τῶν
3061 3623 3381 3692 Εὐνομίου.

2145 3709 2491 3780 Ἐρωτητέον,
2529 3712 2683 3781 φησι,
2720 3712 2846 3775 τοὺς
2880 3712 3014 3783 ὀροά
3066 3718 3280 3784 φρονεῖν
3311 3717 3591 3788 οἰομένους
3614 3759 3629 3783 ,

2061 3801 2287 3873 πότερόν
2311 3818 2443 3854 ποτε
2480 3800 2734 3873 βουλήσει
2765 3804 3061 3873 γεγέννηκε
3088 3806 3180 3859 τὸν
3213 3807 3340 3859 Υἱὸν
3364 3811 3391 3861 6
3420 3810 3630 3879 Πατὴρ,

2060 3892 2091 3961 ἢ
2127 3891 2456 3962 ἀϐουλήτως.
2523 3894 2583 3946 Εἰ
2611 3894 2709 3963 μὲν
2743 3896 2852 3965 γὰρ
2877 3896 3149 3966 ἐνυπῆρχε
3190 3901 3255 3967 τῇ
3298 3898 3391 3951 τοῦ
3421 3900 3633 3970 Harp-5;

2058 3983 2234 4054 οὐσίᾳ,
2274 3984 2457 4053 ἕτερος
2491 3984 2566 4037 ὣν
2598 3988 2727 4055 παρ’
2763 3988 2923 4040 αὐτὸν
2964 3988 2991 4039 ὁ
3029 3989 3173 4050 Υἱὸς,
3223 3991 3282 4041 οὐ
3310 3993 3631 4062 προαιρέσει

2057 4072 2288 4127 τέτοκεν.
2336 4069 2443 4128 Ἦν
2490 4074 2597 4145 γὰρ
2647 4076 2857 4145 ἀνάγκη
2913 4079 3092 4130 τεκεῖν
3146 4078 3236 4129 τὸν
3270 4080 3327 4130 ὲν
3372 4082 3434 4149 τῇ
3473 4080 3633 4148 φύσει

2059 4165 2325 4234 κείμενον.
2356 4166 2420 4218 El
2440 4166 2496 4218 δὲ
2524 4166 2623 4219 οὐκ
2648 4161 2714 4236 ἦν
2756 4166 2812 4218 ὲν
2843 4168 3038 4239 Πατρὶ,
3070 4169 3329 4240 ἐγεννήθη
3363 4170 3417 4223 δὲ
3442 4171 3633 4242 βουλη-

2059 4253 2243 4318 θέντος
2273 4255 2365 4308 τοῦ
2400 4257 2634 4328 Πατρὶς.
2676 4256 2887 4327 ἀνάγκη
2924 4261 3298 4330 προϋπάρχειν
3331 4262 3492 4313 αὐτοῦ
3532 4262 3629 4333 τὴν

2058 4342 2330 4416 βούλησιν.
2355 4347 2467 4399 Οὐκ
2497 4343 2563 4417 ἧν
2592 4341 2684 4399 οὖν
2730 4347 2838 4416 ἄρα
2874 4347 2949 4418 τῷ
2996 4352 3314 4421 γεννήσαντι
3345 4352 3626 4415 συναῒδιος.

2546 4546 2699 4614 Πρός
2721 4546 2905 4599 ταῦτα
2932 4546 3130 4612 λύσις.

2126 4681 2349 4753 Πρῶτον
2392 4681 2489 4751 μὲν
2514 4680 2923 4751 ἀποθαυμάζειν
2967 4682 3115 4745 ἀξιον
3146 4684 3269 4745 τοὺς
3300 4684 3625 4753 ἀφυλάκτως

2052 4775 2131 4838 είς
2162 4776 2341 4827 πᾶσαν
2368 4772 2657 4843 τρέχοντας
2692 4772 3025 4841 δυσφημίαν,
3064 4773 3263 4843 πολλήν
3294 4791 3356 4826 τε
3382 4774 3624 4844 ἀμαθίαν

2052 4868 2234 4929 αὐτοῖς
2288 4864 2557 4934 ἐγκαλεῖν,
2630 4865 2705 4917 Οὐ
2761 4864 2867 4935 γάρ
2927 4864 3273 4933 αἰσχύνονται
3332 4866 3424 4918 καὶ
3462 4867 3624 4921 αὑτὸν

2052 4957 2319 5023 ἀνάγκαις
2347 4956 2688 5017 ὐποτιθέντες
2716 4954 2805 5006 τὸν
2830 4954 2981 5017 Θεὸν,
3008 4956 3100 5006 καὶ
3132 4954 3381 5024 καθάπερ
3404 4958 3495 5009 ἐπὶ
3523 4974 3625 5010 σω-

2057 5050 2241 5119 μάτων
2293 5047 2644 5119 ἀνθρωπίνων
2703 5044 3126 5115 ὲμπεριέχεσθαί
3178 5063 3228 5098 τι
3281 5047 3621 5119 λέγοντεςτῇ

2052 5140 2147 5193 τοῦ
2180 5141 2389 5210 Πατρός
2418 5138 2597 5209 οὐσίᾳ,
2627 5137 2658 5205 ἢ
2692 5136 2879 5207 ὥσπερ
2903 5154 2954 5188 τι
2984 5136 3172 5199 σκεῦος
3201 5140 3257 5190 ἐν
3298 5139 3480 5191 σκεύει
3512 5142 3624 5191 κεῖ-

2054 5233 2175 5285 σθαι
2202 5234 2291 5286 τὸν
2342 5232 2469 5285 Υἱὸν
2518 5233 2577 5282 ὲν
2629 5231 2821 5301 Πατρί.
2884 5232 3073 5301 Ἡμεῖς
3124 5229 3180 5281 δὲ
3234 5226 3313 5293 οἷς
3358 5229 3492 5300 ὀρθὰ
3530 5231 3623 5283 καὶ

2052 5322 2233 5374 δίκαια
2257 5323 2471 5391 φρονεῖν
2501 5319 2885 5384 ἐσπούδασται,
2904 5319 3014 5373 ἀνω
3041 5320 3137 5389 μὲν
3164 5319 3343 5387 πάσης
3374 5319 3620 5389 ἀνάγκης

2053 5408 2192 5465 εἷναί
2221 5430 2397 5481 φαμεν
2428 5412 2525 5481 τὴν
2565 5410 2749 5463 οὐσίαν
2771 5410 2864 5463 τοῦ
2895 5410 3055 5463 Θεοῦο
3087 5406 3224 5462 εἷναι
3252 5409 3308 5462 δὲ
3341 5410 3502 5462 πάλιν
3533 5411 3621 5463 τὸν

2052 5505 2179 5557 Υίὺν
2207 5506 2261 5556 ὲν
2294 5504 2469 5572 Πατρὶ
2490 5542 2504 5566 ,
2540 5503 2637 5572 οὐχ
2664 5504 2737 5564 ὡς
2768 5503 2925 5572 σῶμα
2963 5502 3065 5554 ὑπὸ
3097 5500 3345 5570 σώματος
3376 5503 3623 5572 περιεχό-

2057 5613 2237 5667 μενον,
2270 5596 2381 5649 ἀλλ’
2410 5596 2483 5657 ὡς
2518 5593 2818 5665 ἀχώριστον
2848 5595 2945 5664 τῆς
3001 5594 3187 5655 οὐσίας
3238 5591 3400 5644 αὐτοῦ
3433 5592 3525 5645 καὶ
3563 5592 3623 5649 ἐξ

2053 5689 2223 5758 αὐτῆς
2255 5686 2584 5759 προελθόντα
2622 5686 2761 5739 κατὰ
2797 5685 2885 5737 τὸν
2930 5685 3028 5753 τῆς
3066 5683 3281 5750 φύσεως
3321 5683 3503 5752 νόμον.
3558 5683 3619 5735 El

2053 5782 2107 5833 δὲ
2135 5779 2333 5832 τῖον-ται
2369 5778 2527 5846 carpi)
2564 5796 2609 5831 τι
2646 5776 2967 5846 προτείνειν.
3001 5776 3247 5843 βουλήσει
3286 5775 3530 5843 ὶέγοντες
3581 5772 3611 5839 ἦ
