4048 6428
407 437 474 497 ειη
1831 417 2279 479 rassae-nus.
3623 407 3693 467 sa

403 552 720 624 ἀϐουλήτως
749 551 908 604 αὑτὸν
940 547 1285 623 γεγενῆσθαι,
1312 549 1403 598 καὶ
1440 544 1570 613 παρ’
1603 539 1764 611 ἡμῶν
1793 540 1978 592 ἀκουέ-

2093 533 2277 589 cissim
2304 534 2403 586 hoc
2434 546 2460 583 a
2498 530 2651 585 nobis
2682 528 2905 583 audiant
2937 546 2950 582 :
2984 526 3127 595 Ergo
3168 528 3307 598 ignis
3343 527 3506 582 etiam
3541 527 3686 581 ralo-

403 661 606 698 τωσαν·
630 640 891 709 Βουλήσει
918 634 1029 709 ἄρα
1053 639 1116 691 τὸ
1165 638 1276 707 πὺρ
1298 636 1398 704 τὴν
1415 631 1657 699 ὲξαὺτοῦ
1684 630 1996 700 θερμότητα

402 734 626 805 γεννᾷῆ
667 731 1021 801 ἀϐουλήτωςς
1087 729 1227 781 Ἀλλ’
1259 726 1412 779 οὐδὲν
1440 724 1623 788 ἕξουσι
1672 722 1808 792 πρὸς
1834 718 1995 772 τοῦτο

404 827 603 879 εἰπεῖν.
631 822 713 875 Τὰ
743 822 851 891 γὰρ
870 822 936 875 ὲκ
962 819 1176 889 φύσεως
1206 818 1461 890 προϊόντα
1480 857 1495 881 ,
1544 812 1669 868 οὔτε
1706 812 1959 884 βούλησιν
1977 854 1991 876 ,

403 915 530 971 οὔτε
560 912 890 984 ἀϐουλησιαν
917 911 1243 981 ἐπιδέχεται.
1292 910 1416 962 Ἐπὶ
1448 907 1507 960 δὲ
1529 905 1642 961 τῶν
1677 905 1874 971 ἔξωθεν
1898 904 1995 957 καὶ

403 1000 481 1060 ὧν
509 1008 677 1076 ἐσμεν
696 1007 754 1058 ὲν
780 1002 1018 1071 ἐξουσίᾳ,
1045 1001 1297 1071 βούλησις
1321 1000 1416 1053 καὶ
1445 998 1745 1068 ἀδουλησία
1774 996 1990 1068 κρατεῖ.

406 1094 619 1163 Ὠσπερ
647 1088 741 1145 οὖν
800 1091 893 1146 καὶ
932 1092 1081 1161 ἡμᾶς
1144 1084 1490 1161 ἐργαζόμεθα
1523 1106 1576 1140 τι
1606 1086 1989 1158 βουληθέντες,

404 1186 664 1255 τίκτομεν
721 1184 778 1236 δὲ
827 1182 888 1247 ἐξ
932 1182 1177 1246 ἑαυτῶν,
1220 1180 1411 1234 οὐδένα
1455 1180 1623 1231 τόπον
1664 1177 1894 1248 ἐχούσης
1933 1178 1993 1233 ὲν

402 1275 583 1346 τούτῳ
613 1274 919 1345 βουλήσεως
945 1274 979 1345 ἢ
1010 1272 1365 1343 ἀδουλησίας,
1409 1270 1553 1324 οὕτω
1592 1270 1687 1323 καὶ
1730 1268 1865 1333 Θεὸς
1895 1270 1989 1338 ἐρ-

403 1366 633 1433 γάζεται
666 1366 763 1435 μὲν
797 1363 1053 1434 βουλήσει
1081 1364 1151 1417 τὰ
1171 1364 1347 1428 ἐκτὸς,
1380 1362 1639 1431 ἐγέννησε
1665 1359 1721 1413 δὲ
1745 1359 1993 1430 ἀχρόνως

402 1456 498 1509 τὸν
521 1455 649 1507 Υἱὸν
676 1454 735 1519 ἐξ
755 1456 974 1519 ἑαυτοῦ,
1017 1455 1209 1508 οὐδένα
1259 1454 1422 1507 τόπον
1449 1450 1679 1523 ἐχούσης
1708 1453 1768 1506 ὲν
1814 1449 1991 1519 τούτῳ

404 1544 708 1617 βουλήσεως
731 1546 823 1598 καὶ
848 1544 1197 1615 ἀδουλησίας,
1219 1545 1268 1597 εξ
1292 1549 1385 1598 καὶ
1407 1544 1509 1597 οὐκ
1532 1543 1791 1612 ἀθέλητός
1816 1543 1987 1594 ἐστιν.

414 1636 473 1688 '0
507 1637 615 1707 γὰρ
642 1635 831 1707 Πατὴρ
865 1636 1058 1707 ἀγαπᾷ
1095 1636 1185 1689 τὸν
1215 1634 1366 1697 Υἱδν,
1388 1634 1465 1699 ὡς
1490 1635 1822 1705 γέγραπται.

1094 1812 1299 1865 ΑΛΛΟ.

650 1925 742 1991 Ὠς
764 1924 835 1989 ἐξ
868 1923 1230 1991 ἀντιθέσεως
1267 1923 1387 1978 τῶν
1419 1924 1741 1993 Εὐνομίου.

466 2039 531 2091 El
571 2038 645 2108 μὴ
675 2037 947 2109 βουλήσει,
977 2040 1165 2109 φησὶν,
1224 2039 1484 2108 ἐγέννησε
1509 2039 1601 2091 τὸν
1645 2037 1775 2090 Υἰὺν
1804 2036 1833 2088 6
1874 2037 1984 2091 Πα-

394 2128 521 2199 τὴρ,
555 2128 666 2197 ἔχει
698 2129 756 2181 δὲ
794 2129 959 2181 αὐτὸν
980 2130 1045 2182 ὲκ
1066 2129 1306 2197 φύσεως,
1332 2129 1576 2198 δηλονότι
1604 2129 1699 2181 καὶ
1727 2128 1827 2198 τὴν
1854 2127 1985 2197 περὶ

392 2221 560 2274 αὐτὸν
589 2219 790 2288 γνῶσιν
823 2220 925 2273 οὐκ
953 2219 1095 2291 ἔχων
1126 2221 1310 2285 αὐτὸς,
1346 2221 1459 2292 ἔχει
1486 2221 1648 2275 πάλιν
1682 2220 1851 2290 αὐτὴν
1874 2218 1984 2273 ἀπὸ

392 2312 497 2381 τῆς
525 2312 761 2380 φύσεως.
807 2310 1052 2382 Ἐμαθεν
1083 2309 1177 2367 οὖν
1206 2315 1288 2366 ὅτι
1313 2316 1408 2367 καὶ
1430 2314 1558 2376 Υἱὸς
1587 2312 1752 2367 αὑτοῦ
1793 2311 1947 2365 ἔσται
1965 2353 1979 2377 ,

391 2404 490 2455 καὶ
533 2403 1026 2474 συνδημιουργήσει
1062 2405 1132 2458 τὰ
1176 2404 1374 2458 πάντα’
1432 2406 1526 2458 καὶ
1565 2402 1981 2475 ἐπισυμϐέὸηκε

388 2492 471 2563 τῷ
501 2493 674 2562 Πατρὶ
696 2495 728 2562 ἡ
748 2493 878 2564 περὶ
912 2493 1038 2547 Υἱοῦ
1058 2494 1259 2563 γνῶσις
1288 2497 1353 2548 ἐκ
1374 2497 1473 2565 τῆς
1494 2496 1703 2558 οἰκείας
1736 2494 1982 2547 διδασκο-

393 2585 537 2655 μένη
577 2583 811 2652 φύσεως.
856 2584 917 2639 Εἰ
976 2586 1036 2639 δὲ
1086 2588 1245 2641 τοῦτο
1281 2588 1504 2654 ἄτοπον,
1549 2588 1801 2658 βουλήσει
1842 2586 1980 2656 ἄρα,

389 2675 554 2739 εἰδὼς
599 2678 681 2731 ὅτι
735 2675 910 2741 ἔσται,
950 2680 1251 2751 προέσαλεν
1314 2681 1502 2746 αὐτὸν,
1547 2680 1643 2734 καὶ
1690 2680 1982 2750 προτρέχει

389 2769 614 2833 πάντως
638 2770 737 2839 τῆς
763 2772 1073 2841 γεννήσεως
1105 2774 1139 2843 ἡ
1185 2773 1458 2843 βούλησις.

892 2885 1052 2952 Πρὸς
1080 2884 1256 2963 τοῦτο
1281 2888 1483 2952 λύσις.
1969 2951 1972 2954 ,

475 2974 565 3035 '0:
588 2976 744 3047 ἡμῶν
777 2977 1204 3050 ὁμολογούντων,
1254 2976 1337 3029 ὅτι
1369 2977 1586 3048 πρῶτον
1623 2977 1875 3048 ἐδιδάχθη
1898 2978 1982 3041 τίς

388 3067 544 3121 ἔσται
576 3071 605 3121 6
626 3070 770 3134 Υἱὸς,
794 3065 894 3124 εἶθ’
917 3070 1092 3133 οὕτως
1116 3069 1449 3139 γεγέννηκεν
1491 3070 1654 3123 αὑτὸν
1683 3071 1712 3123 6
1749 3071 1941 3141 Πατὴρ
1964 3111 1978 3134 ,

390 3159 794 3212 κατασκευάσει
828 3159 927 3229 τὴν
961 3160 1223 3229 πρότασιν
1244 3157 1272 3209 6
1305 3157 1433 3229 περὶ
1460 3156 1631 3210 ταῦτα
1652 3158 1845 3221 δεινὸς,
1880 3158 1982 3210 οὐκ

2101 638 2212 677 rem
2252 634 2316 675 cx
2360 636 2417 674 se
2454 619 2756 674 voluntarie
2795 617 2965 689 gignit
3004 627 3096 672 aut
3134 617 3539 673 involuntarie?
3582 614 3688 671 Sed

2097 713 2231 769 nihil
2261 711 2537 767 habebunt
2564 711 2706 781 quod
2736 711 2801 765 ad
2831 711 2932 764 hoc
2955 710 3158 765 dicant.
3186 708 3319 763 Nam
3347 724 3469 777 quae
3496 724 3559 763 ex
3592 724 3689 761 na-

2101 812 2221 857 tura
2251 802 2538 872 prodeunt,
2571 814 2745 869 neque
2769 799 2928 866 velle,
2955 799 3039 853 vel
3068 813 3174 852 non
3202 798 3339 853 velle
3368 798 3688 853 admittunt.

2098 894 2153 949 ln
2194 895 2354 949 rebus
2384 908 2513 949 vero
2552 908 2671 963 qua:
2708 903 2867 947 extra
2898 906 2999 946 nos
3027 900 3082 945 et
3112 892 3165 945 in
3201 901 3387 945 nostra
3418 900 3688 961 potestate

2096 990 2243 1047 sunt,
2273 990 2366 1035 aut
2387 982 2654 1047 volumus,
2683 990 2775 1035 aut
2797 980 3067 1036 nolumus.
3092 978 3561 1047 Quemadmodum
3590 978 3692 1049 igi-

2098 1084 2186 1129 tur
2212 1074 2376 1129 etiam
2409 1088 2509 1128 nos
2540 1088 2831 1143 operamur
2858 1070 3061 1141 aliquid
3091 1072 3366 1127 voluntate
3397 1073 3511 1127 sive
3541 1071 3687 1125 deli-

2095 1166 2375 1220 beratione
2416 1164 2685 1229 adhibita,
2727 1162 2997 1233 gignimus
3038 1176 3167 1216 vero
3207 1175 3276 1215 ex
3320 1160 3476 1216 nobis
3518 1161 3686 1230 ipsis,

2096 1271 2272 1324 neque
2315 1255 2481 1310 ullum
2524 1256 2578 1309 in
2626 1252 2937 1325 generando
2982 1252 3158 1309 locum
3204 1252 3369 1307 habet
3407 1252 3551 1307 velle
3592 1263 3687 1307 aut

2094 1348 2258 1415 nolle,
2300 1349 2371 1403 ita
2414 1349 2576 1403 etiam
2619 1346 2763 1401 Deus
2800 1355 3061 1416 operatur
3124 1344 3341 1413 quidem
3380 1344 3688 1399 voluntarie

2096 1455 2217 1509 qme
2240 1449 2394 1494 extra
2423 1439 2600 1507 ipsum
2628 1446 2780 1503 sunt,
2826 1436 3025 1491 Filium
3055 1446 3237 1492 autem
3266 1436 3454 1507 genuit
3481 1437 3687 1505 absque

2095 1541 2337 1600 tempore
2372 1545 2436 1586 ex
2472 1543 2552 1596 se,
2589 1544 2768 1598 neque
2805 1528 2971 1584 ullum
3010 1544 3071 1584 ea
3114 1531 3166 1584 in
3210 1544 3268 1583 re
3306 1529 3481 1583 locum
3522 1529 3687 1583 habet

2094 1625 2231 1680 velle
2255 1633 2350 1680 aut
2375 1623 2544 1690 nolle,
2575 1623 2789 1677 tametsi
2818 1637 2925 1678 non
2952 1632 3038 1678 est
3064 1623 3234 1677 invito
3261 1621 3423 1675 Patre
3445 1623 3680 1691 genitus.

2093 1716 2259 1774 Pater
2284 1720 2453 1782 enim,
2482 1728 2542 1773 ut
2569 1717 2855 1787 Scriptura
2889 1714 3165 1785 loquitur,
3183 1722 3329 1769 amat
3357 1713 3577 1768 Filium.

2766 1826 2994 1882 ALIUD.

2526 1919 2609 1973 Ea:
2650 1921 2939 1988 objectione
2978 1917 3251 1973 Eunomii.

2162 2033 2221 2088 Si
2252 2046 2354 2088 non
2381 2032 2679 2098 voluntate,
2711 2032 2904 2103 inquit,
2933 2030 3131 2086 Filium
3162 2030 3348 2103 genuit
3375 2028 3561 2097 Pater,
3586 2030 3685 2086 sed

2089 2139 2154 2179 ex
2188 2131 2394 2176 natura
2442 2122 2618 2191 ipsum
2661 2122 2847 2187 habet,
2894 2120 3184 2177 manifesto
3226 2121 3391 2176 etiam
3434 2121 3681 2175 notitiam

2088 2216 2154 2266 de
2182 2226 2248 2267 eo
2277 2227 2382 2267 non
2411 2211 2618 2267 habens
2650 2212 2797 2281 ipse,
2826 2227 2947 2269 eam
2980 2229 3010 2267 a
3042 2222 3234 2266 natura
3267 2212 3450 2266 habet.
3484 2208 3683 2266 Didicit

2086 2304 2275 2374 itaque
2326 2304 2472 2373 quod
2503 2303 2675 2359 Filius
2704 2319 2835 2359 suus
2864 2304 3077 2359 futurus
3109 2311 3277 2367 esset,
3302 2313 3357 2357 et
3382 2302 3564 2357 omnia
3593 2316 3683 2356 se-

2086 2411 2210 2452 cum
2236 2406 2554 2461 creaturus;
2581 2406 2745 2466 atque
2772 2396 2847 2451 ita
2873 2396 3065 2452 netitia
3092 2395 3218 2449 Filii
3244 2395 3479 2451 accessit
3534 2394 3680 2448 Patri

2086 2503 2116 2541 a
2155 2502 2255 2543 sua
2294 2499 2489 2542 natura
2527 2488 2741 2543 edocto.
2775 2486 2829 2543 Si
2864 2503 2993 2542 vero
3028 2487 3081 2542 id
3116 2486 3414 2556 absurdum
3453 2495 3557 2552 est,
3587 2502 3683 2541 vo-

2086 2577 2295 2633 luntate
2332 2579 2515 2649 igitur,
2547 2579 2728 2633 sciens
2758 2580 2902 2647 quod
2936 2570 3155 2632 futurus
3183 2586 3361 2640 esset,
3395 2592 3519 2631 eum
3552 2590 3681 2645 pro-

2087 2667 2272 2733 duxit,
2304 2668 2672 2737 praeceditque
2708 2668 2934 2722 omnino
2971 2667 3379 2738 generationem
3410 2667 3677 2725 voluntas.

2591 2863 2801 2919 Salutio
2837 2863 3171 2931 objectionis.

2155 2954 2385 3009 Perinde
2433 2969 2497 3009 ac
2547 2957 2591 3009 si
2642 2955 3082 3021 consideremus,
3136 2956 3374 3023 primum
3403 2956 3679 3010 .edoctum

2086 3045 2253 3099 fuisse
2292 3045 2509 3101 Patrem
2552 3048 2674 3115 quis
2715 3057 2860 3101 esset
2901 3047 3116 3102 futurus
3161 3047 3355 3111 Filius,
3397 3057 3564 3117 atque
3607 3050 3681 3104 ita

2085 3136 2338 3205 deinceps
2378 3152 2502 3190 eum
2545 3137 2819 3206 genuisse,
2857 3137 2930 3190 ita
2972 3146 3224 3191 versutus
3267 3139 3354 3193 hic
3393 3154 3681 3207 argumen-

387 3249 550 3313 εἰδὼς
601 3251 703 3312 ὅτι,
752 3251 1131 3321 διαστήματος
1168 3249 1381 3311 οὐδενὸς
1442 3248 1593 3311 ὄντος
1651 3249 1855 3319 μεταξὺ
1883 3248 1978 3303 τοῦ

2088 3239 2198 3280 tum
2236 3243 2396 3281 suum
2430 3228 2645 3292 astruit,
2680 3228 2918 3297 ignarus,
2953 3243 3074 3282 cum
3118 3229 3252 3283 nihil
3288 3230 3361 3283 sit
3397 3230 3560 3299 Spatii
3598 3230 3682 3283 in-

391 3339 824 3411 μεσοὶιαΰοῦντος
854 3340 920 3393 τὸ
945 3336 1086 3393 εἷναι
1112 3338 1207 3393 τοῦ
1232 3338 1458 3409 Πατρδς,
1483 3339 1576 3391 καὶ
1598 3339 1695 3410 τὴν
1719 3339 1978 3411 γέννησιν

384 3432 484 3485 τοῦ
509 3431 660 3496 Υἱοῦ,
699 3434 733 3503 ἡ
761 3433 889 3504 περὶ
924 3432 1086 3486 αὑτοῦ
1125 3432 1437 3501 πρόγνωσις
1494 3431 1594 3485 οὐκ
1638 3431 1753 3502 ἔχει
1790 3433 1974 3487 τόπον.

388 3524 453 3575 Εἰ
481 3522 591 3594 γὰρ
614 3512 1101 3596 προεϐουλεύσατο,
1138 3522 1231 3575 καὶ
1274 3521 1661 3593 προεδιδὰχθη.
1698 3526 1758 3575 ἐν
1800 3523 1978 3594 χρόνῳ

386 3612 443 3665 δὲ
470 3611 687 3676 πάντως
706 3612 879 3666 ταῦτα
908 3613 1136 3681 ἐγενετο,
1169 3612 1320 3665 κάτω
1345 3612 1553 3683 χρόνων
1582 3613 1610 3664 6
1641 3611 1792 3676 Υἱός.
1822 3612 1886 3664 Ei
1919 3612 1977 3665 δὲ

385 3702 553 3765 αὑτός
580 3705 728 3757 ἐστιν
754 3705 783 3756 6
842 3703 950 3756 τῶν
982 3703 1194 3775 χρόνων
1253 3701 1507 3773 ποιητὴς,
1550 3702 1605 3755 τί
1656 3704 1833 3772 μάτην
1878 3702 1979 3771 τῆς

388 3792 540 3856 θείας
568 3794 780 3862 φύσεως
807 3794 1201 3866 καταφλυαρεί,
1237 3793 1631 3865 διδασκομένην
1662 3795 1832 3864 αὐτὴν
1863 3794 1977 3846 εἰσ-

386 3881 571 3953 φέρων
609 3883 717 3935 ἀπὸ
749 3884 846 3953 τῆς
887 3881 1125 3951 φύσεως,
1160 3881 1236 3944 ὡς
1270 3882 1435 3944 αὐτός
1468 3898 1623 3951 φησι,
1667 3882 1736 3935 τὰ.
1776 3884 1977 3953 ἐσόμε-

386 3989 475 4037 να,
531 3974 626 4026 καὶ
681 3974 844 4027 πλέον
890 3973 1043 4026 οὐδὲν
1094 3971 1370 4044 ἀνθρώπῳ
1416 3973 1590 4036 διδοὺς
1642 3972 1674 4045 ἢ
1720 3974 1799 4045 τῷ
1833 3976 1975 4044 ὑπὲρ

386 4064 598 4127 πάντας
638 4064 750 4118 ὄντι
804 4065 957 4136 Θεῷ;
1004 4067 1153 4119 Ἀνω
1205 4064 1387 4118 τοίνυν
1440 4065 1701 4135 κειμένης
1763 4065 1975 4120 αἰώνων

385 4156 481 4209 καὶ
513 4156 720 4227 χρόνων
773 4156 876 4226 τῆς
939 4157 1245 4228 γεννήσεως
1267 4155 1361 4214 τοῦ
1406 4155 1559 4219 Υἱοῦ,
1597 4155 1883 4226 δύσφημόν
1912 4175 1972 4210 τε

318 4311 323 4316 ,
389 4245 483 4313 καὶ
520 4245 1190 4326 ἀμαθὲςλείκότως-ἂνεῖη
1215 4245 1277 4326 τὸ
1306 4245 1483 4313 λέγειν
1510 4244 2004 4320 προϐουλεύεσθαι.

384 4352 459 4397 τι,
483 4336 515 4405 ἢ
550 4321 1007 4405 προδιδάσκέσθαι
1030 4336 1120 4389 τὸν
1139 4324 1358 4407 Πατέρα
1384 4332 1513 4407 περὶ
1540 4336 1728 4390 αὑτοῦ.
1755 4332 1979 4402 Τέλειος

383 4426 495 4495 γὰρ
537 4427 630 4479 καὶ
659 4429 718 4479 ὲν
752 4426 832 4497 τῷ
883 4429 1060 4481 πάντα
1105 4427 1305 4480 εἰδέναι
1352 4430 1380 4479 ὁ
1418 4428 1632 4498 Πατὴρ,
1665 4430 1759 4481 καὶ
1807 4430 1973 4484 τόπον

384 4517 576 4571 οὐδένα
602 4519 707 4588 πρὸ
746 4518 877 4573 Υἱοῦ
903 4522 936 4591 ἡ
968 4522 1098 4591 περὶ
1126 4519 1293 4573 αὐτοῦ
1337 4519 1591 4590 βούλησις
1622 4519 1756 4590 ἔχει.

1070 4627 1276 4682 ΑΛΛΟ.

454 4740 521 4794 Εἰ
553 4734 692 4794 οἶδεν
735 4740 927 4793 ἑαυτὸν
979 4740 1066 4792 ἀεὶ
1118 4739 1246 4793 ὄντα
1286 4740 1506 4809 Πατέρα
1539 4742 1567 4792 6
1596 4740 1807 4811 Πατὴρ,
1855 4740 1968 4812 ἔχει

383 4832 603 4893 πὰντως
632 4831 727 4883 καὶ⁵
759 4834 817 4884 ὲν
847 4831 1026 4901 ἑαυτῷ
1054 4831 1146 4884 τοῦ
1176 4832 1307 4885 Υἱοῦ
1340 4832 1439 4902 τὴν
1466 4832 1685 4901 γνῶσιν.
1729 4832 1816 4885 Ἐν
1860 4832 1969 4903 γὰρ

381 4921 461 4989 τῷ
502 4921 702 4973 εἰδέναι
752 4921 887 4991 ὅπερ
914 4921 1083 4973 -ὲστὶν
1114 4921 1297 4985 αὐτὸς,
1333 4921 1427 4974 καὶ
1456 4921 1554 4989 τῆς
1598 4920 1844 4989 υἱὸτητος
1869 4923 1969 4990 τὴν

381 5009 587 5078 γνῶσιν
615 5013 803 5082 φορεῖ·
833 5009 1023 5080 Πατὴρ
1057 5008 1164 5080 γὰρ
1192 5010 1267 5073 ὡς
1299 5010 1432 5080 πρὸς
1472 5010 1599 5062 Υῑὸν
1630 5010 1744 5082 ἐστι
1774 5028 1832 5063 τε
1875 5014 1967 5065 καὶ

381 5102 729 5172 ὀνομάζεται.
782 5104 893 5156 Καὶ
933 5103 1097 5156 πάλιν
1145 5105 1208 5156 ὲκ
1261 5101 1369 5154 τῶν
1418 5103 1706 5156 ὲνο.ντίων’
1758 5098 1911 5156 Οἶδεν
1940 5107 1969 5156 6

384 5193 513 5257 Υἱὸς
546 5194 639 5246 τὸν
668 5194 906 5263 Πατέρα,
933 5194 1088 5257 εἰδὼς
1122 5195 1259 5264 ὅπερ
1289 5194 1434 5246 ἐστὶν
1468 5195 1649 5257 αὑτός.
1695 5195 1827 5247 ’Λπὸ
1860 5194 1968 5265 γὰρ

380 5283 483 5353 τῆς
515 5283 764 5353 υἱότητος
804 5288 838 5356 ἡ
877 5284 1154 5356 πατρὸτης
1183 5288 1384 5338 νοεῖται
1410 5303 1423 5315 ο
1457 5288 1549 5339 καὶ
1590 5286 1651 5337 τὸ
1688 5287 1969 5356 ἀντίστρο-

382 5394 501 5443 φον,
537 5378 601 5428 ἐκ
627 5376 725 5445 τῆς
760 5378 1098 5449 πατρότητος
1132 5381 1165 5448 ἡ
1201 5379 1382 5448 υἱὸτης
1406 5397 1417 5407 ·
1449 5375 1516 5450 ἦν
1550 5373 1641 5432 οὖν
1668 5380 1752 5431 ἀεὶ
1780 5379 1967 5450 Πατὴρ

381 5470 409 5519 6
442 5466 594 5529 Θεὲς,
622 5461 689 5537 ἦν
724 5468 830 5538 ἄρα
874 5469 969 5521 καὶ
1017 5471 1044 5520 6
1091 5469 1231 5532 Υἱός.
1272 5470 1566 5539 Δύσφημον
1609 5470 1663 5523 δὲ
1703 5469 1764 5521 τὸ
1790 5470 1968 5537 λέγειν

386 5558 460 5629 μὴ
495 5558 691 5611 εἰδέναι
724 5562 815 5611 τὸν
862 5560 1079 5631 Πατέρα
1133 5561 1193 5626 ἐξ
1244 5563 1440 5615 ἑαυτοῦ
1489 5564 1579 5614 τὸν
1628 5562 1775 5624 NN,
1826 5563 1969 5616 διδά-

384 5649 611 5702 σκεσθαι
643 5648 697 5701 δὲ
728 5651 834 5703 ἀπὸ
866 5652 964 5721 τῆς
998 5652 1235 5720 φύσεως,
1264 5654 1497 5705 ἑκάστου
1531 5652 1729 5724 δηλαδὴ
1768 5655 1861 5720 ἀφ’
1890 5647 1964 5706 ὧν

384 5747 526 5797 Esau
554 5744 715 5805 αὐτὸς
749 5742 847 5812 τὴν
877 5744 970 5796 τοῦ
1013 5746 1200 5815 δτέρου
1231 5743 1431 5812 γνῶσιν
1483 5743 1717 5815 ἔχοντος.
1754 5744 1962 5807 Ἄλλως

380 5852 437 5889 τε
472 5838 657 5907 ἕτερον
688 5839 786 5891 οὐκ
820 5839 882 5893 ἂν
912 5841 996 5909 sin
1029 5840 1189 5909 φύσις
1217 5839 1353 5894 Θεοῦ
1386 5842 1515 5910 παρ’
1552 5841 1735 5894 αὐτόν’
1766 5838 1970 5903 ἀτελοῦς

2085 3325 2167 3370 ter
2193 3330 2313 3371 esse
2347 3315 2526 3370 Patris
2562 3327 2615 3370 et
2651 3318 3059 3386 generationem
3098 3316 3256 3383 Filii,
3290 3316 3679 3388 praenotionem

2082 3409 2149 3463 de
2178 3423 2243 3464 eo
2273 3408 2479 3463 nullum
2511 3408 2713 3464 habere
2746 3408 2945 3463 locum.
2978 3407 3115 3462 Nam
3146 3408 3193 3463 si
3226 3409 3377 3479 prius
3405 3409 3680 3465 delibera-

2083 3500 2187 3563 vit,
2219 3509 2273 3553 et
2309 3500 2461 3570 prius
2498 3501 2781 3571 cognovit,
2815 3512 2979 3570 atque
3014 3501 3130 3555 hzee
3169 3502 3221 3555 in
3260 3510 3502 3571 tempore
3534 3503 3678 3557 iacta

2082 3590 2281 3645 fuerint
2317 3606 2542 3647 necesse
2577 3592 2683 3660 sit,
2725 3593 2955 3660 tempori
2992 3607 3123 3664 ergo
3158 3594 3428 3649 obnoxius
3463 3603 3546 3648 est
3582 3593 3676 3649 Fi-

2080 3683 2201 3739 lius.
2240 3686 2310 3739 At
2343 3699 2467 3739 cum
2503 3687 2620 3754 ipse
2658 3685 2731 3741 sit
2774 3695 3081 3756 temporum
3122 3686 3391 3751 conditor,
3430 3685 3560 3755 quid
3599 3694 3678 3739 te-

2080 3789 2228 3829 mere
2249 3777 2509 3831 adversus
2534 3776 2772 3830 divinam
2798 3785 3049 3830 naturam
3074 3774 3401 3841 deblaterat,
3428 3777 3675 3830 edoctum

2078 3866 2225 3919 illam
2266 3879 2391 3921 esse
2430 3865 2540 3937 59
2580 3881 2609 3921 a
2653 3864 2845 3921 natura
2888 3869 2955 3922 de
2996 3869 3159 3923 rebus
3204 3866 3402 3922 futuris
3440 3867 3671 3938 ﬁngens,

2079 3972 2253 4025 neque
2282 3958 2578 4028 quidquam
2610 3958 2844 4027 amplius
2876 3961 3197 4030 prtepotcnti
3234 3958 3347 4013 Deo
3382 3974 3545 4028 quam
3580 3962 3673 4013 ho-

2077 4048 2209 4103 mini
2238 4048 2517 4105 tribuens?
2540 4051 2672 4105 Cum
2707 4053 2888 4121 itaque
2917 4051 3200 4121 generatio
3230 4050 3352 4105 Filii
3383 4050 3582 4105 sa‘cula
3611 4066 3675 4105 ac

2079 4146 2322 4208 tempora
2354 4142 2602 4205 excedat,
2634 4142 2933 4197 absurdum
2964 4157 3029 4196 ac
3059 4142 3440 4211 blasphcmum
3470 4151 3556 4197 est
3588 4144 3673 4195 di-

2076 4242 2211 4299 cere
2236 4229 2601 4305 deliberasse,
2631 4234 2876 4310 etprius
2916 4234 3172 4299 edoctum
3214 4235 3487 4305 fuissetle
3530 4236 3673 4310 illius

2068 4311 2428 4390 generatione
2467 4322 2705 4377 Patrem.
2744 4323 3026 4380 Perfectus
3067 4314 3211 4382 enim
3240 4337 3344 4381 est
3386 4328 3440 4381 in
3487 4320 3673 4396 cog-nt-

2077 4414 2223 4469 tione
2248 4417 2490 4470 omnium
2524 4432 2704 4471 rerum
2740 4416 2921 4481 Pater,
2952 4419 3267 4489 nullumque
3299 4418 3478 4474 locum
3509 4420 3671 4476 habet

2076 4506 2421 4577 deliberatio,
2448 4507 2646 4564 Filium
2680 4511 3013 4581 przecedens.

2761 4620 2998 4679 ALIUD.

2148 4729 2205 4786 Si
2258 4730 2418 4787 Pater
2466 4746 2682 4804 semper
2731 4736 2880 4789 novit
2926 4751 2986 4791 se
3039 4751 3161 4792 esse
3207 4736 3444 4803 Patrem,
3506 4737 3670 4794 habet

2075 4824 2297 4878 Omnino
2343 4824 2505 4879 etiam
2538 4825 2590 4880 in
2618 4840 2678 4880 se
2709 4826 2955 4881 notitiam
3000 4826 3145 4885 Filii.
3188 4830 3264 4884 Bo
3317 4830 3461 4885 enim
3525 4833 3667 4901 quod

2075 4919 2311 4985 seipsum
2362 4918 2553 4983 novit,
2601 4918 2748 4974 novit
2800 4928 2855 4974 et
2884 4919 3121 4975 Filium:
3181 4922 3344 4976 Pater
3368 4924 3511 4977 enim
3577 4941 3667 4979 ra-

2077 5008 2222 5060 tione
2261 5005 2384 5060 Filii
2414 5017 2497 5062 est
2534 5018 2589 5063 et
2619 5010 2841 5065 dicitur.
2900 5012 2966 5065 Et
3020 5027 3050 5068 e
3087 5015 3362 5068 contrario
3427 5033 3441 5068 :
3508 5014 3668 5071 Novit

2075 5099 2245 5154 Filius
2283 5099 2522 5166 Patrem,
2552 5118 2783 5159 noscens
2823 5094 3087 5175 seipsmn.
3136 5106 3269 5161 Nam
3305 5123 3372 5161 ex
3407 5108 3667 5166 liliatione

2076 5192 2395 5263 intelligitur
2433 5195 2751 5263 paternitas,
2782 5207 2838 5251 ct
2899 5200 3175 5268 reciproco
3227 5214 3289 5253 ex
3340 5208 3666 5267 paternitate

2076 5284 2264 5340 ﬁliatio
2298 5305 2312 5339 :
2344 5294 2462 5340 erat
2520 5302 2651 5355 ergo
2685 5304 2900 5357 semper
2930 5290 3088 5345 Pater
3121 5291 3294 5359 Dens;
3333 5303 3449 5347 erat
3476 5296 3665 5362 utique

2074 5386 2129 5429 et
2167 5375 2358 5431 Filius.
2402 5376 2625 5448 lmpium
2672 5391 2853 5433 autem
2894 5383 3038 5436 dictu
3082 5395 3165 5437 est
3195 5399 3299 5437 non
3348 5400 3510 5439 nosse
3561 5385 3667 5439 Pa-

2075 5480 2210 5523 trem
2241 5471 2459 5535 Filium,
2497 5473 2587 5541 qni
2632 5489 2697 5526 ex
2743 5490 2802 5529 se
2852 5484 2952 5539 est,
2998 5476 3090 5530 sed
3135 5478 3316 5530 doceri
3364 5495 3393 5531 ιι
3443 5485 3667 5540 natura,

2072 5580 2195 5615 cum
2231 5576 2456 5633 uterque
2500 5582 2566 5619 cx
2610 5582 2676 5621 ρο
2717 5567 2834 5636 ipso
2862 5570 3004 5636 quod
3029 5580 3113 5623 est
3152 5571 3377 5624 alterius
3412 5572 3660 5624 notitiam

2072 5654 2288 5708 habent.
2326 5656 2386 5709 Et
2430 5656 2631 5726 alioqui
2671 5670 2862 5713 natura
2894 5660 2983 5714 Dei
3029 5677 3134 5714 non
3183 5664 3253 5716 sit
3297 5663 3438 5717 aliud
3497 5678 3659 5733 quam

2073 5745 2183 5810 ipse
2219 5761 2233 5809 ;
2280 5746 2508 5813 simplex
2536 5750 2679 5805 enim
2711 5760 2764 5807 ct
2791 5750 3178 5822 incompositus
3211 5764 3314 5808 est.

2058 5838 2066 5851 \

2012 5856 2116 5909 τας)
2157 5841 2248 5892 καὶ
2281 5842 2589 5907 ᾇςὺνοζῖςς.
