4048 6422
440 400 513 455 99

1118 519 1348 576 ALIUD.

909 631 989 684 Ex
1018 633 1299 701 objectione
1330 632 1592 685 Eunomii.

524 743 826 808 \‘oluntate,
856 744 1045 813 inquit,
1078 756 1130 799 et
1170 745 1369 813 judicio
1392 745 1574 812 genuit
1613 744 1768 798 Pater
1799 755 1889 797 aut
1917 760 2011 796 ua-

452 840 715 894 turaliter.
739 840 807 891 At
830 840 873 893 si
904 839 1216 892 naturaliter
1238 846 1467 901 tantum,
1502 853 1607 890 non
1632 845 1807 889 autem
1835 834 2014 887 volun-

448 930 921 997 tateautjudicio,
975 929 1330 983 involuutarie
1365 929 1543 997 itaque
1601 936 1654 981 et
1716 927 2015 981 inconside-

448 1029 567 1071 rate
608 1021 817 1085 genitus
852 1028 953 1073 est.
980 1020 1033 1073 Si
1060 1034 1185 1073 vero
1242 1029 1549 1086 utrumque,
1597 1017 1705 1085 jam
1748 1018 2014 1087 composi-

454 1119 561 1161 tum
607 1108 785 1162 facitis
845 1110 1033 1171 Deum.
1087 1111 1347 1178 judicium
1380 1110 1537 1163 simul
1577 1122 1629 1162 et
1672 1119 1917 1162 naturam
1965 1112 2011 1162 ei

449 1196 770 1251 tribuentes.
804 1198 919 1263 Quo
948 1211 1102 1265 pacto
1126 1201 1266 1254 enim
1316 1199 1407 1267 qui
1462 1213 1527 1253 ex
1570 1198 1653 1253 bis
1687 1198 2015 1268 compositus

450 1296 549 1351 est,
594 1287 816 1357 simplex
847 1288 1047 1341 fuerit?

902 1399 1107 1453 Salutio
1160 1400 1479 1465 objectionir.

514 1509 806 1563 Geueratio
830 1508 950 1562 Filii
1004 1525 1176 1579 neque
1201 1511 1403 1577 judicio
1433 1524 1603 1578 neque
1649 1510 1905 1564 voluntati
1934 1522 2017 1563 est

445 1596 695 1649 obnoxia.
730 1597 872 1650 Velle
903 1599 1044 1650 enim
1093 1598 1413 1666 etjudicare
1449 1598 1499 1649 in
1544 1604 1788 1666 tempore
1828 1597 1965 1651 ﬁunt
1997 1614 2012 1652 :

451 1686 617 1740 Filius
645 1702 768 1741 vero
802 1698 1099 1755 temporum
1129 1689 1375 1742 conditor
1403 1700 1507 1743 est.
1540 1688 1656 1753 Quo
1715 1698 1870 1755 pacto
1917 1690 2005 1756 igi-

448 1786 539 1829 tur
578 1775 627 1828 id
654 1776 795 1844 quod
820 1776 1093 1828 conditum
1129 1786 1213 1829 est
1261 1775 1597 1829 conditorem
1631 1776 2015 1846 praecesserit?

1438 407 1501 461 S.
1544 405 1811 461 CYRILIJ
1849 399 2312 458 ALEXANDRINI
2356 400 2671 456 ARCIIIEP.

2044 526 2086 580 A

3576 396 3673 453 100

2793 516 2994 566 ΛΑΛΟ.

2358 629 2450 691 Ὠς
2477 626 2545 689 ἐξ
2584 625 2934 689 ἀντιθέσεως
2973 622 3092 676 τῶν
3130 624 3448 692 Εὐνομίου.

2182 738 2427 807 θελήσει,
2465 737 2645 805 φησὶν,
2700 738 2817 805 ήτοι
2860 736 3036 806 κρίσει
3074 736 3165 787 τὸν
3198 734 3323 787 Υἱδν
3353 730 3683 804 γεγέννηκεν

2117 828 2223 896 ἀρα
2253 832 2280 881 ό
2311 829 2516 898 Πατὴρ,
2546 828 2577 896 ἢ
2620 828 2757 879 κατά
2798 827 2976 894 φύσιν.
3014 827 3074 878 Εί
3105 828 3201 893 μὲν
3224 822 3315 878 οῦν
3343 826 3481 878 κατά
3518 823 3682 892 φύσιν

2120 919 2295 987 μόνον,
2329 919 2427 971 οὐκ
2467 919 2545 969 ἔτι
2593 917 2648 969 δὲ
2681 918 2820 969 κατά
2851 916 3067 984 θέλησιν
3099 916 3131 984 ἢ
3179 915 3375 985 κρίσιν,
3407 914 3682 983 ἀθελήτως

2115 1009 2232 1059 ἐστὶ
2260 1010 2353 1061 καὶ
2385 1008 2621 1076 ἀκρίτως
2646 1006 2941 1075 γεννηθείς.
2978 1008 3039 1058 Ei
3072 1006 3127 1058 δὲ
3161 1006 3219 1057 τὸ
3254 1005 3682 1074 συναμφότερον,

2118 1097 2367 1149 σύνθετον
2394 1101 2592 1149 ποιεῖτε
2620 1097 2709 1149 τὸν
2733 1097 2884 1162 Θεὸν,
2908 1098 2999 1149 καὶ
3030 1097 3209 1166 κρίσιν
3231 1095 3377 1165 αὐτῷ
3401 1096 3495 1147 καὶ
3521 1095 3683 1162 φύσιν

2114 1188 2363 1251 διδόντες.
2400 1189 2522 1251 Πῶς
2550 1188 2658 1259 γὰρ
2685 1190 2713 1240 6
2744 1189 2807 1240 ἐκ
2849 1187 3051 1241 τούτων
3083 1188 3432 1257 συγκείμενος
3476 1186 3683 1250 ἀτελοῦς

2113 1279 2299 1343 (atat;

2588 1393 2743 1459 Πρὸς
2782 1393 2956 1445 τοῦτο
2990 1393 3190 1457 λύσις.

2187 1504 2332 1556 ’Λνω
2364 1505 2461 1573 μὲν
2492 1506 2722 1575 κρίσεως
2760 1506 2853 1559 καὶ
2881 1506 3184 1575 βουλήσεως
3211 1508 3241 1575 ή
3276 1504 3365 1557 τοῦ
3407 1506 3537 1558 Υίοῦ
3570 1508 3682 1559 κεί-

2114 1610 2202 1644 ται
2232 1593 2499 1662 γέννησις.
2534 1594 2609 1646 Τὸ
2632 1596 2736 1665 γάρ
2770 1595 3049 1664 βούλεσθαι
3072 1597 3164 1647 καὶ
3190 1594 3391 1665 κρίνειν
3422 1597 3477 1647 ὲν
3502 1596 3680 1665 χρόνῳ

2115 1684 2330 1745 παντως
2376 1684 2520 1735 ἐστί’
2565 1686 2771 1754 χρόνων
2802 1686 2857 1738 δὲ
2904 1685 3130 1755 ποιητὴς
3168 1686 3197 1737 6
3239 1686 3381 1747 Υἱός.
3432 1684 3555 1746 Πῶς
3586 1679 3679 1737 οῦν

2115 1771 2266 1824 ἔσται
2309 1773 2369 1824 τὸ
2418 1773 2625 1843 ποίημα
2665 1774 2767 1843 πρὸ
2800 1776 2893 1828 τοῦ
2932 1774 3189 1844 ποιητοῦς
3237 1775 3298 1828 Et
3331 1775 3387 1827 δὲ
3429 1774 3683 1827 σύνθετον

452 1866 508 1921 Si
550 1881 675 1919 vero
702 1867 1057 1936 compositum
1113 1867 1439 1921 existimatis
1495 1866 1609 1920 ﬁeri
1665 1866 1853 1930 Deum,
1896 1867 2010 1921 ideo

2115 1860 2288 1912 οἴεσθε
2321 1862 2563 1928 γίνεσθαι
2592 1863 2722 1915 Θεὸν
2750 1864 2835 1915 διὰ
2878 1864 2937 1917 τὸ
2964 1865 3123 1933 φύσιν
3165 1865 3307 1933 ἔχειν
3350 1866 3442 1917 καὶ
3477 1865 3680 1933 κρίσιν,

446 1957 591 2026 quod
623 1965 869 2010 naturam
895 1958 1113 2020 habeat,
1142 1965 1195 2009 et
1218 1955 1499 2024 judicium,
1522 1958 1635 2011 sive
1660 1956 2008 2022 voluntatem,

451 2047 627 2101 videte
653 2048 811 2099 etiam
845 2048 946 2100 hoc
978 2063 993 2100 :
1023 2044 1183 2099 Pater
1218 2055 1439 2113 generat
1467 2045 1782 2099 naturaliter
1810 2063 1827 2109 ι
1865 2058 2012 2099 creat

450 2145 628 2189 autem
660 2148 755 2203 per
779 2134 970 2188 Filium
1001 2143 1264 2203 quatenus
1288 2134 1487 2202 Opifex.
1518 2133 1698 2202 Neque
1720 2135 1839 2189 ideo
1868 2151 2014 2189 com-

448 2225 655 2291 positus
697 2232 815 2278 est:
856 2224 1014 2278 unius
1042 2224 1184 2277 enim
1239 2231 1442 2277 naturze
1497 2222 1718 2278 eilectns
1767 2224 1818 2277 bi
1863 2236 2009 2278 sunt.

449 2315 651 2369 Eadem
702 2329 827 2369 vero
854 2315 992 2369 ratio
1038 2325 1119 2369 est
1152 2315 1277 2369 boni
1308 2355 1322 2381 ,
1368 2314 1685 2367 inunortalis
1729 2323 1784 2368 et
1832 2315 2013 2368 invisi-

452 2404 591 2464 bilis.
648 2414 809 2473 atque
855 2403 1077 2459 aliorum
1121 2404 1449 2473 ejuscemodi
1503 2419 1622 2473 qua:
1668 2403 1861 2459 divinat
1916 2419 2013 2457 na-

450 2502 584 2545 tura:
623 2493 828 2546 insunt.

1111 2604 1266 2661 ALIU
1280 2606 1334 2658 D.

843 2715 926 2768 Ea:
951 2717 1232 2783 objections
1266 2718 1530 2771 Eunomii.

520 2826 692 2880 Dicite
728 2827 901 2890 nobis,
932 2828 1122 2896 inquit,
1173 2842 1289 2892 vos,
1326 2830 1414 2898 qni
1460 2830 1655 2883 Filium
1700 2831 1859 2883 vultis
1895 2846 2014 2885 esse

452 2916 787 2987 splendorem
848 2916 1045 2981 Patris,
1087 2920 1341 2985 quidnam
1377 2920 1717 2975 existimatis.
1750 2921 2013 2985 Qnmstioo

453 3009 534 3063 uis
561 3017 738 3063 autem
770 3009 902 3061 ratio
932 3009 1043 3062 haec
1060 3018 1177 3062 est:
1212 3008 1429 3070 Lumen,
1452 3009 1566 3063 sive
1596 3010 1753 3077 ignis,
1783 3010 2012 3077 exempli

2113 1951 2227 2019 ήτοι
2274 1951 2507 2021 θέλησιν,
2554 1954 2712 2021 ὁρᾶτε
2747 1955 2839 2007 καὶ
2872 1954 3061 2007 τοῦτο’
3114 1955 3264 2024 Ἔχει
3309 1954 3369 2007 τὸ
3418 1956 3611 2025 γεννᾷν
3651 1954 3682 2006 6

2114 2041 2302 2111 Πατὴρ
2322 2042 2587 2108 φυσικῶς,
2612 2042 2723 2112 ἔχει
2749 2045 2842 2096 καὶ
2865 2043 2925 2097 τὸ
2954 2044 3155 2108 κτίζειν
3177 2045 3244 2098 δι’
3270 2043 3400 2097 Υίοῦ
3421 2045 3681 2115 δημιουρο

2125 2130 2317 2197 γικῶς,
2350 2133 2439 2183 καὶ
2464 2132 2524 2183 οὐ
2557 2132 2705 2202 παρὰ
2734 2134 2891 2187 τοῦτο
2924 2134 3174 2198 σύνθετός
3203 2137 3349 2187 ἔστιν
3399 2137 3530 2205 μιᾶς
3571 2138 3685 2205 γὰρ

2114 2216 2325 2284 φύσεως
2369 2219 2437 2271 τὰ
2481 2221 2701 2275 τοιαῦτα
2742 2223 2970 2293 καρπός.
3021 2225 3078 2278 '0
3121 2226 3177 2277 δι
3220 2225 3380 2288 αὐτὸς
3417 2226 3683 2296 κρατήσει

2115 2307 2270 2377 λόγος
2299 2310 2390 2362 ὲπί
2416 2300 2473 2363 τε
2506 2313 2599 2365 τοῦ
2633 2314 2837 2381 ἀγαθοῦ
2868 2317 2961 2368 καὶ
2994 2316 3274 2389 ἀφθάρτου
3305 2318 3400 2371 καὶ
3423 2316 3681 2388 ἀοράτου.

2116 2400 2206 2453 καὶ
2229 2401 2329 2453 ὅσα
2359 2401 2617 2471 πρόσεστι
2648 2408 2711 2476 τῇ
2745 2404 2864 2476 θεία
2891 2406 3068 2474 φύσει.
3128 2406 3131 2409 ’

2788 2602 2990 2655 AAAO.

2381 2708 2469 2773 Ὡς
2500 2709 2568 2771 ἐξ
2599 2710 2955 2776 ἀντιθέσεως
2984 2710 3099 2763 τῶν
3126 2712 3445 2782 Εὐνομίου.

2184 2818 2405 2881 Εἴπατε,
2435 2821 2619 2888 φησὶν,
2649 2823 2802 2889 ἡμῖν,
2833 2823 2881 2874 oi
2911 2824 3249 2895 ἀπαύγασμα
3277 2826 3527 2893 λέγοντες
3548 2823 3711 2882 εἶναι·

2114 2905 2207 2957 τοῦ
2240 2908 2448 2977 Πατρὸς
2476 2910 2567 2961 τὸν
2613 2909 2759 2973 Υἱὸν,
2787 2911 2840 2963 τί
2882 2930 3011 2966 ποτε
3051 2915 3159 2985 ἀρα
3202 2916 3501 2984 λογίζεσθε.
3542 2920 3601 2972 '0
3628 2920 3685 2973 δὲ

2116 2994 2211 3064 τῆς
2241 2998 2556 3066 ἐρωτήσεως
2585 3002 2803 3070 τρόπος,
2835 2995 2987 3065 οὗτος
3007 3021 3022 3037 ο
3054 3006 3125 3058 Τὸ
3160 3008 3273 3074 φῶς
3313 3010 3430 3078 ήτοι
3460 3008 3520 3061 τδ
3550 3010 3679 3081 πῦρ,

449 3098 640 3168 gratia,
658 3098 709 3151 in
726 3098 938 3151 lucerna
958 3101 1179 3165 positus,
1205 3098 1592 3169 extct'ioraeo
1608 3094 1885 3165 illuminat;
1904 3102 2010 3168 ipse

2118 3084 2247 3153 φέρε
2278 3088 2472 3151 είπείν,
2508 3090 2565 3140 ἐν
2612 3090 2785 3160 λύχνῳ
2824 3094 3070 3162 κείμενον
3122 3097 3461 3163 φωτίζει-τὰ
3506 3101 3682 3166 ἐκτὸς,

451 3204 577 3243 vero
600 3202 701 3241 non
732 3188 911 3241 omnia
938 3188 1139 3257 implet,
1168 3188 1261 3242 sed
1294 3188 1345 3242 in
1375 3188 1492 3243 loco
1518 3190 1652 3242 situs
1680 3200 1780 3250 est,
1801 3200 1853 3241 et
1874 3190 2010 3242 circa

2116 3174 2230 3225 ἀλλ’
2274 3175 2404 3228 αὐτὸ
2447 3176 2543 3245 μὲν
2575 3178 2635 3229 οὐ
2664 3179 2837 3233 πάντα
2870 3183 3099 3252 πληροῖ,
3138 3188 3310 3238 κεῖται
3342 3187 3397 3239 δὲ
3431 3190 3489 3240 ὲν
3512 3190 3682 3261 τόπῳ,

450 3294 512 3333 ea
544 3288 668 3347 qua:
702 3280 941 3333 exterius
976 3287 1122 3342 sunt,
1157 3288 1213 3330 ut
1243 3278 1373 3342 dixi,
1400 3277 1516 3345 ejus
1548 3277 1865 3332 illuminatio
1898 3294 2016 3333 ver-

451 3380 620 3424 satur.
648 3370 704 3423 Si
753 3370 914 3439 igitur
947 3370 1125 3423 lumen
1176 3382 1297 3423 esse
1342 3370 1523 3423 dicitis
1553 3368 1787 3432 Patrem,
1832 3370 2015 3437 splen-

449 3462 637 3516 dorem
665 3477 791 3515 vero
818 3462 909 3530 qui
936 3476 1001 3515 ex
1034 3460 1233 3514 lumine
1266 3461 1523 3530 gignitur,
1548 3460 1759 3525 Filium,
1798 3474 2017 3514 necesse

448 3562 531 3608 est
558 3552 710 3607 fateri
743 3552 1029 3606 essentiam
1056 3549 1233 3604 Patris
1274 3551 1454 3603 omnia
1500 3549 1722 3618 implere
1762 3566 1864 3603 non
1892 3565 2016 3618 pos-

448 3659 526 3709 se,
558 3654 615 3697 ut
664 3644 812 3697 locus
839 3643 1179 3712 relinquatur
1209 3642 1484 3709 splendori
1508 3642 1597 3709 qui
1632 3657 1698 3695 ex
1724 3642 1837 3710 ipso
1866 3642 2015 3695 emit-

452 3731 595 3787 titur.
630 3734 684 3786 Si
716 3748 841 3786 vero
872 3733 1051 3786 omnia
1083 3733 1267 3801 implet
1291 3730 1465 3796 Pater,
1502 3732 1716 3785 ubinam
1754 3732 2015 3786 consistet

448 3824 677 3879 essentia
714 3823 993 3893 geniminis
1016 3824 1038 3875 ἓ

955 3932 1159 3988 Salutio
1199 3935 1519 4002 objectionis.

520 4046 575 4102 Si
610 4048 661 4102 in
700 4048 813 4101 loco
850 4048 1125 4101 constituit
1154 4047 1395 4111 Patrem,
1425 4057 1479 4102 et
1518 4048 1737 4117 perinde
1765 4062 1829 4102 ac
1884 4064 2011 4103 cer-

448 4154 546 4207 pus
580 4139 824 4207 progredi
856 4138 1145 4202 existimat,
1172 4147 1378 4206 quaarat
1406 4138 1567 4191 etiam
1623 4138 1875 4206 genimiui
1933 4138 2013 4191 lo-

446 4244 590 4285 cum.
618 4228 673 4280 Si
703 4242 827 4281 vero
854 4227 1030 4281 Patris
1062 4230 1294 4281 essentia
1331 4242 1437 4280 non
1489 4227 1735 4281 consistit
1777 4229 1827 4280 in
1890 4228 2010 4281 loco

448 4321 468 4390 (
498 4333 662 4387 neque
695 4319 836 4371 enim
872 4318 1124 4371 divinitas
1172 4318 1289 4371 loco
1316 4317 1686 4371 circumscribi
1746 4328 1917 4383 potest
1949 4318 1967 4389 )
1995 4361 2008 4385 ,

447 4421 544 4461 cur
597 4423 654 4459 5e
693 4413 901 4474 torquet
930 4405 983 4457 in
1028 4406 1189 4459 rebus
1222 4419 1351 4473 qua!
1390 4404 1533 4457 nulla
1581 4407 1874 4474 quaestione
1932 4410 2010 4461 in-

2115 3264 2207 3315 καὶ
2235 3266 2361 3334 περὶ
2386 3267 2453 3319 τὰ
2478 3269 2649 3333 ἐκτὸς,
2682 3270 2933 3341 καθάπερ
2960 3276 3203 3344 εἴπομεν,
3228 3279 3255 3329 6
3285 3278 3342 3341 ἐξ
3373 3279 3537 3331 αὐτοῦ
3571 3298 3685 3349 φω-

2114 3355 2303 3423 τισμὸς
2351 3357 2613 3426 γίγνεται.
2655 3364 2717 3416 El
2744 3364 2919 3417 τοίνυν
2953 3366 3067 3433 φῶς
3100 3368 3199 3435 μὲν
3237 3364 3376 3421 εἷναί
3422 3388 3557 3438 φατε
3590 3372 3684 3427 τὸν

2116 3442 2355 3513 Πατέρα,
2385 3448 2447 3499 ἐκ
2482 3451 2655 3517 φωτὸς
2684 3453 2738 3504 δὲ
2769 3453 3106 3524 ἀπαύγασμα
3152 3456 3243 3509 τὸν
3288 3458 3433 3524 Υἱὺν,
3466 3460 3680 3532 ἀνάγκη

2114 3533 2289 3601 λέγειν
2321 3538 2412 3590 τοῦ
2442 3541 2649 3611 Πατρὸς
2684 3542 2780 3611 τὴν
2809 3545 2993 3598 οὐσίαν
3026 3546 3099 3617 μὴ
3124 3547 3381 3602 δύνασθαι
3410 3551 3479 3604 τὰ
3503 3552 3683 3607 πάντα

2117 3624 2372 3696 πληροῦν,
2416 3629 2516 3681 ἵνα·
2536 3632 2698 3683 τόπον
2731 3634 2840 3703 ἔχοι
2866 3635 2958 3687 καὶ
2987 3640 3231 3707 χωρῆσαί
3262 3657 3352 3693 ποι
3377 3641 3593 3697 δύναιτο
3624 3644 3683 3698 τὸ

2114 3717 2174 3779 ἐξ
2207 3720 2371 3771 αὐτοῦ
2400 3723 2747 3792 πεμπόμενον
2773 3726 3128 3797 ἀπαύγασμα.
3160 3731 3223 3782 Εἰ
3251 3732 3307 3783 δὲ
3342 3734 3517 3787 πάντα
3546 3736 3683 3806 πλη-

2119 3809 2201 3875 ροῖ
2226 3810 2253 3859 6
2293 3810 2499 3881 Πατὴρ,
2530 3812 2632 3865 ποῦ
2665 3817 2903 3886 χωρήσει
2932 3818 3023 3871 τοῦ
3055 3822 3393 3891 γεννήματος
3424 3826 3457 3895 ή
3494 3826 3680 3893 οὐσία,

2593 3928 2749 3995 Πρὸς
2778 3930 2961 3983 ταῦτα
2997 3933 3195 3999 λύσις.

2182 4032 2245 4085 El
2292 4035 2388 4103 μὲν
2428 4038 2485 4088 ὲν
2516 4038 2665 4108 τόπῳ
2694 4040 2873 4109 τίθησι
2899 4042 2991 4095 τὸν
3024 4045 3264 4115 Πατέρα,
3308 4049 3401 4101 καὶ
3431 4049 3681 4122 καθάπερ

2111 4142 2163 4175 τι
2197 4126 2354 4195 σῶμα
2386 4129 2679 4199 χωρεῖσθαι
2726 4131 2992 4199 βούλεται,
3037 4134 3269 4204 ζητείτω
3307 4140 3401 4190 καὶ
3442 4141 3520 4209 τῷ
3556 4160 3679 4210 γεν-

2110 4220 2307 4289 νήματι
2336 4221 2517 4273 τόπον.
2547 4223 2609 4275 Εἰ
2634 4223 2690 4274 δὲ
2721 4225 2819 4277 οὐκ
2845 4226 2900 4277 ὲν
2931 4227 3077 4296 τόπῳ
3097 4228 3189 4281 τοῦ
3220 4230 3429 4299 Πατρός
3460 4236 3492 4302 ή
3525 4235 3680 4287 οὐσία

2112 4310 2193 4380 (οὐ
2230 4310 2336 4379 γὰρ
2365 4312 2512 4381 τόπῳ
2544 4315 2879 4383 περιληπτὸν
2908 4316 2968 4368 τὸ
3011 4317 3192 4389 Οεῖον),
3225 4322 3274 4372 τί
3312 4324 3486 4392 μάτην
3521 4338 3677 4393 περι-

2112 4399 2400 4469 εργάζεται
2428 4402 2496 4455 τὰ
2540 4404 2807 4473 μηδεμίαν
2847 4406 3037 4475 ἔχοντα
3080 4409 3327 4479 ζήτησιν,
3372 4414 3467 4465 καὶ
3505 4415 3679 4486 τολμᾷ

449 4498 652 4566 digent,
690 4498 955 4564 audetque
993 4497 1170 4548 dicere
1203 4514 1217 4549 :
1248 4494 1496 4560 Quonam
1526 4496 1717 4549 evadet
1748 4497 1866 4551 Filii
1933 4514 2010 4553 cs-

2116 4490 2292 4557 λέγειν
2319 4510 2331 4521 ·
2366 4492 2474 4544 Ποῦ
2502 4496 2742 4564 χωρήσει
2779 4497 2873 4547 τοῦ
2902 4501 3236 4567 γεννήματος
3267 4504 3299 4571 ἡ
3330 4504 3505 4565 οὐσία,
3538 4504 3678 4573 πλη-

449 4585 645 4643 sentia,
685 4596 805 4635 cum
832 4580 993 4634 Pater
1017 4582 1194 4639 omnia
1224 4583 1719 4651 repleatYApparet
1751 4586 1931 4655 itaque
1958 4598 2010 4642 et

2116 4582 2331 4648 ροῦντος
2376 4584 2443 4634 τὰ
2474 4585 2651 4637 πάντα
2688 4585 2779 4637 τοῦ
2822 4588 3066 4658 Πατρός;
3110 4592 3359 4645 Φαίνεται
3406 4596 3503 4663 μὲν
3532 4592 3623 4649 οὖν
3651 4600 3679 4649 6

446 4678 529 4723 est
567 4668 725 4723 Pater
765 4670 816 4722 in
855 4669 1012 4732 Filio,
1058 4678 1112 4723 et
1150 4670 1319 4725 Filius
1359 4671 1412 4725 in
1459 4670 1641 4736 Patre,
1674 4689 1779 4727 non
1834 4684 2007 4731 tamen

2114 4673 2298 4742 Πατὴρ
2327 4675 2417 4725 καὶ
2440 4674 2583 4726 ἔστιν
2614 4677 2670 4727 ὲν
2704 4676 2836 4746 Υίῷ,
2868 4680 2959 4732 καὶ
2990 4680 3114 4744 Υίὸς
3152 4683 3209 4733 ὲν
3240 4684 3411 4753 Πατρί
3432 4704 3443 4715 ·
3474 4687 3570 4756 οὑχ
3601 4688 3677 4750 ὡς

450 4772 508 4817 ut
537 4764 671 4815 idem
701 4763 1042 4827 exsisleutes,
1072 4778 1242 4831 neque
1274 4774 1332 4817 ut
1376 4781 1536 4818 unum
1603 4782 1845 4822 numero.
1915 4771 2011 4823 Est.

449 4852 585 4907 inim
620 4852 773 4907 Pater
800 4854 849 4907 in
882 4869 973 4907 sua
1004 4856 1353 4921 proprietate,
1394 4865 1446 4909 ct
1478 4868 1563 4910 est
1604 4856 1773 4913 Filius
1830 4861 1880 4914 in
1926 4877 2010 4929 pc-

448 4945 634 4997 cnliaii
677 4961 768 4997 sua
820 4946 1161 5013 pr0prietate,
1191 4947 1328 5000 hanc
1360 4947 1525 5001 solam
1552 4964 1580 5001 a
1641 4949 1803 5003 Patre
1858 4951 2011 5004 dine--

450 5036 673 5087 rcntiam
731 5035 951 5098 habens,
986 5036 1125 5104 quod
1180 5035 1338 5089 Pater
1380 5038 1592 5103 quidem
1628 5055 1719 5108 per
1780 5055 1837 5093 sc
1880 5054 1959 5095 est
1993 5083 2007 5107 ,

448 5140 619 5192 neque
660 5135 740 5177 cst
780 5122 989 5188 Filius;
1049 5125 1215 5180 Filius
1242 5129 1403 5181 etiam
1444 5144 1538 5196 per
1591 5144 1647 5183 se
1704 5142 1804 5196 est,
1839 5147 2007 5200 neque

446 5224 528 5267 cst
573 5213 750 5267 Pater.
780 5216 882 5269 Sed
935 5216 1033 5270 hac
1082 5218 1293 5285 quidem
1345 5220 1456 5272 sola
1498 5219 1793 5277 diii’erentia
1847 5240 1874 5275 a
1908 5224 2007 5277 Pa-

450 5315 531 5358 tre
575 5307 878 5368 distiuetus,
926 5308 1167 5361 eamdem
1201 5310 1360 5362 habet
1392 5319 1623 5374 paterna:
1660 5322 1859 5373 natura:
1892 5330 2007 5382 pro-

448 5398 763 5463 prietatem;
822 5409 1007 5465 estque
1078 5414 1267 5453 rursus
1319 5403 1367 5453 in
1421 5401 1614 5464 l’atre,
1662 5406 2005 5470 quemadmo-

446 5486 570 5537 dum
600 5486 846 5552 spiendor
873 5487 958 5554 qui
988 5502 1016 5540 e
1056 5486 1165 5540 sole
1207 5489 1487 5551 emittitur,
1521 5491 1607 5558 qui
1638 5490 1848 5557 quidem
1883 5508 2004 5559 pro-

450 5576 590 5629 cedit
635 5592 698 5629 ex
730 5578 861 5643 ipso,
895 5577 1034 5629 aliud
1058 5576 1328 5645 quidpiam
1363 5578 1429 5631 ab
1473 5581 1603 5646 ipso,
1636 5594 1795 5631 unum
1827 5589 1999 5632 tamen

450 5677 637 5719 natura
654 5668 937 5721 cxsistens.
958 5666 1090 5720 Nam
1108 5669 1208 5721 hoc
1227 5678 1307 5723 est
1326 5668 1423 5732 sol,
1446 5670 1571 5723 illud
1587 5685 1713 5725 vero
1728 5672 1997 5739 splendor.

450 5756 607 5812 Pater
637 5760 814 5820 itaque
840 5759 1108 5815 exsistcns
1135 5760 1312 5813 emisit
1353 5758 1553 5826 lumen,
1581 5758 1771 5816 Filium
1798 5803 1812 5829 ,
1847 5762 1994 5832 sigil-

2108 4762 2303 4813 ταυτὸν
2337 4761 2392 4812 δὲ
2439 4762 2611 4827 ὄντες,
2641 4764 2759 4817 οὐδὲ
2800 4766 2874 4828 ὡς
2925 4766 2982 4819 ἓν
3026 4770 3262 4840 ἀριθμῷ.
3297 4774 3452 4825 Ἔστι
3496 4775 3603 4845 γὰρ
3647 4778 3675 4827 6

2110 4850 2297 4918 Πατὴρ
2329 4852 2384 4901 ὲν
2415 4854 2479 4919 τῇ
2509 4852 2671 4903 αὑτοῦ
2704 4854 2920 4923 ἰδιότητι
2941 4871 2953 4885 ·
2986 4858 3079 4909 καὶ
3118 4859 3263 4911 ἔστιν
3301 4862 3327 4911 6
3358 4862 3483 4924 Υἱὸς
3528 4865 3583 4915 ἐν
3607 4867 3671 4935 τῇ

2114 4940 2219 5009 ἰδία
2254 4941 2489 5010 ἰδιότητι,
2519 4945 2719 5014 ταύτην
2751 4945 2885 5014 ἔχων
2915 4949 3082 5019 μόνην
3114 4952 3249 5020 πρὸς
3286 4952 3376 5005 τὸν
3414 4954 3675 5025 Γεγεννη-

2110 5030 2243 5081 χότα
2287 5030 2386 5099 τὴν
2422 5031 2715 5103 διαφοράν·
2758 5035 2784 5085 6
2815 5038 2910 5104 μὲν
2946 5039 3052 5107 γὰρ
3081 5040 3287 5111 Πατὴρ,
3336 5043 3457 5095 καθ’
3485 5046 3675 5098 ἑαυτὸν

2109 5122 2245 5183 ὲστι,
2271 5123 2361 5173 καὶ
2388 5123 2485 5174 οὐκ
2510 5123 2655 5176 ἔστιν
2685 5126 2839 5189 Υἱὸς·
2872 5132 2899 5182 ὁ
2920 5130 2975 5182 δὲ
3006 5131 3131 5192 Υἱὸς
3159 5132 3278 5183 καθ’
3304 5134 3492 5185 ἑαυτὸν
3534 5136 3671 5195 ἐστι,

2109 5213 2202 5263 καὶ
2245 5214 2347 5282 ρῦκ
2394 5214 2505 5266 ἔστι
2551 5216 2760 5287 Πατήρ.
2824 5220 2979 5274 Ἀλλὰ
3020 5222 3157 5273 κατά
3202 5222 3356 5275 τοῦτο
3399 5225 3558 5292 μόνον
3600 5226 3673 5290 ὡς

2108 5302 2243 5372 πρὸς
2293 5304 2382 5355 τὸν
2437 5307 2654 5383 Πατέρα
2699 5310 2793 5378 τὴν
2840 5310 3118 5381 διαστολὴν
3168 5313 3327 5382 ἔχων,
3375 5316 3528 5386 φέρει
3576 5317 3673 5385 μὲν

2106 5394 2236 5446 αὐτὸ
2266 5396 2363 5465 τῆς
2394 5399 2661 5467 πατρικῆς
2689 5400 2900 5467 φύσεως
2937 5402 2997 5452 τὸ
3034 5403 3249 5472 ἰδίωμα,
3290 5404 3402 5455 ἔστι
3429 5406 3483 5457 δὲ
3513 5407 3669 5458 πάλιν

2106 5486 2161 5535 ἐν
2203 5484 2279 5553 τῷ
2325 5488 2516 5557 Πατρὶ,
2553 5488 2738 5557 ὥσπερ
2782 5492 2839 5543 τὸ
2885 5495 2947 5544 ἐκ
2989 5493 3081 5544 τοῦ
3124 5494 3271 5563 ἡλίου
3322 5497 3671 5565 πεμπόμενον

2105 5578 2461 5647 ἀπαύγασμα,
2491 5582 2700 5649 πρόεισι
2731 5583 2825 5651 μὲν
2850 5584 2907 5647 ἐξ
2944 5585 3129 5648 αὐτοῦ,
3165 5586 3347 5655 ἕτερον
3376 5586 3428 5638 δέ
3460 5605 3509 5639 τι
3542 5594 3671 5653 παρ’

2106 5672 2266 5723 αὐτόν
2299 5674 2463 5733 ἐστιν,
2494 5670 2549 5723 ἓν
2594 5675 2731 5725 κατά
2781 5674 2942 5741 φύσιν
2988 5677 3243 5747 ὑπάρχον.
3281 5678 3351 5728 Τὸ
3396 5678 3491 5747 μὲν
3537 5681 3665 5748 γὰρ,

2106 5766 2252 5835 ἥλιος
2275 5804 2287 5829 ,
2313 5764 2371 5816 τὸ
2405 5764 2480 5830 δὲ,
2512 5764 2866 5835 ἀπαύγασμα.
2901 5769 2990 5821 Ὧν
3027 5764 3115 5822 οὖν
3145 5770 3354 5840 Πατὴρ,
3384 5771 3666 5841 ἀπηύγασε
