4048 6454
302 443 399 498 101

1716 419 2164 485 τηεδλυιιυε.

3468 408 3571 463 1οἓ

300 556 397 607 τὸν
432 553 576 613 Υίὺν,
625 549 894 620 σφραγῖδα
928 548 1021 601 καὶ
1064 548 1246 600 είκόνα
1286 546 1380 617 τῆς
1428 545 1619 599 ἐαυτοῦ
1671 540 1883 611 φύσεως

2007 548 2093 585 um
2126 540 2179 586 et
2234 529 2523 601 imaginem
2565 524 3020 597 perfectissimam
3074 538 3182 577 sine
3248 519 3419 592 ipsius
3476 537 3573 572 mu

302 640 706 711 ἀκριϐεστάτην

816 758 1184 845 ΛΟΓΟΣ
1258 759 1390 840 H’.

300 916 465 985 Πρὸς
500 916 639 981 τοὺς
671 915 985 985 λέγοντας,
1024 914 1115 985 ὅμτι
1143 915 1214 985 οὐ
1243 910 1323 985 τῷ
1367 908 1767 985 Πατρί,ῃιζ.ι.ιὰ
1807 906 1883 974 τῇ

478 978 781 1053 ,βουλήσει
814 978 1000 1038 αὐτοῦ
1038 982 1240 1052 ὅμοιός
1267 982 1437 1035 ἐστιν
1474 983 1507 1034 ό
1550 978 1707 1039 Υἱός.

376 1097 586 1169 Πολλὴν
615 1098 678 1152 ἄν
702 1114 788 1158 τις
814 1095 1039 1158 εἰκότως
1071 1092 1325 1148 ἀδουλίαν
1354 1091 1461 1145 τῶν
1502 1088 1882 1161 χριπομάχων

306 1189 778 1261 καταψηφίσαιτο,
830 1187 865 1257 ἢ
916 1188 1173 1255 λογιεῖται
1221 1184 1395 1255 ὀρθῶς
1440 1183 1748 1254 μαίνεσθαι,
1794 1199 1885 1235 πι-

308 1279 518 1333 στεύων
538 1281 651 1342 τοϊς
687 1277 785 1346 τῆς
814 1276 1121 1348 βουλήσεως
1156 1274 1247 1328 τοῦ
1281 1273 1496 1345 Πατρός
1529 1274 1713 1344 ὅμοιον
1747 1267 1887 1326 εἶναι

307 1369 529 1437 λέγουσι
557 1368 647 1420 τὸν
676 1366 827 1428 Υἳὸν,
867 1365 967 1417 οὐκ
1012 1364 1161 1434 αὐτῷ
1200 1363 1279 1433 τῷ
1321 1362 1527 1435 Πατρίο
1580 1360 1755 1416 καίτοι
1789 1361 1887 1430 τῆς

309 1460 463 1521 θείας
486 1460 706 1530 Γραφῆς
748 1457 809 1510 οὗ
846 1455 1036 1510 τοῦτον
1069 1455 1407 1525 ἐκφερούσης
1445 1455 1573 1527 περὶ
1601 1452 1768 1507 αὐτοῦ
1797 1454 1887 1507 τὸν

307 1553 456 1622 ὅρον,
489 1550 603 1603 ἀλλ’
622 1549 741 1602 οὐδὲ
770 1547 939 1602 αὐτοῦ
969 1547 1063 1600 τοῦ
1095 1548 1347 1619 Σωτῆρος
1370 1548 1617 1616 λέγοντος
1639 1564 1652 1576 ·
1697 1546 1754 1600 Ὀ
1790 1547 1885 1598 ἐω-

313 1640 497 1711 ρακὼς
522 1638 641 1709 ἐμὲ,
668 1638 879 1708 ἑώρακε
905 1636 1002 1707 τὴν
1029 1636 1280 1706 βούλησιν
1300 1636 1394 1688 τοῦ
1420 1636 1652 1703 Πατρός.
1694 1634 1889 1706 Ἐχρῆν

304 1730 368 1782 δέ
398 1746 461 1796 γε
490 1727 583 1780 τὸν
617 1728 839 1781 εἰπόντα
863 1728 1097 1798 Χριστόν
1119 1740 1131 1756 ’
1162 1746 1179 1778 ι
1229 1725 1368 1796 Ἐγώ
1391 1728 1507 1797 είμι
1534 1729 1567 1796 ή
1592 1726 1837 1797 ἀλήθεια,
1864 1744 1883 1777 ›

313 1819 390 1891 μὴ
412 1819 492 1890 τῷ
524 1820 695 1889 Πατρὶ
737 1820 880 1873 κατὰ
914 1819 1077 1888 φύσιν
1103 1818 1295 1872 ἑαυτὸν
1324 1818 1627 1889 ἐξομοιοῦν,
1661 1820 1729 1889 τῇ
1769 1817 1891 1887 βου-

308 1912 468 1983 λήσει
503 1910 560 1964 δὲ
604 1909 803 1980 μᾶλλον
846 1906 1035 1972 αὐτοῦ,
1080 1910 1237 1980 εἴπερ
1271 1906 1443 1972 οὕτως
1471 1907 1608 1978 ἔχει,
1636 1908 1889 1979 καθάπερ

309 2002 511 2056 ἐκεῖνοί
536 2018 718 2071 φασιν.
760 2001 899 2054 Ἀλλ’
925 2001 1159 2072 οὐδαμοῦ
1186 2002 1284 2071 τὴν
1316 2001 1569 2070 βούλησιν
1593 2002 1884 2071 ὀνομάσας,

309 2094 497 2152 εἰκόνα
521 2093 577 2145 δέ
594 2091 686 2145 τοῦ
720 2091 930 2162 [ἰατρὸς
957 2093 1146 2145 ἐαυτὸν
1179 2090 1511 2163 προσειπὼν,
1532 2090 1688 2163 δῆλος
1715 2092 1781 2146 ἂν
1803 2091 1888 2163 εἴη

310 2185 412 2257 τὴν
442 2184 670 2237 ἐκείνων
701 2183 960 2236 ὑπόνοιαν
994 2183 1253 2253 ἀναιρῶν.

996 2298 1203 2353 ΔΛΛΟ.

399 2404 732 2477 Ἐρωτητέον
748 2408 876 2470 τοὺς
901 2408 1301 2479 χριστομάχους
1320 2425 1333 2437 ο
1379 2409 1443 2462 Ἦ
1474 2409 1728 2480 βούλησις
1752 2410 1891 2476 αὕτη

313 2496 412 2550 τοῦ
439 2496 673 2566 Πατρός,
702 2491 770 2568 ἧς
808 2498 995 2566 ὅμοιον
1019 2494 1160 2552 εἶναί
1184 2516 1322 2567 φατε
1347 2501 1438 2554 τὸν
1482 2501 1629 2565 Υίδν,
1667 2502 1892 2572 πότερόν

313 2604 449 2641 ποτε
478 2588 636 2641 οὐσία
671 2588 755 2651 τίς
800 2589 934 2653 ἐστι,
979 2589 1074 2642 καὶ
1106 2589 1314 2658 ὑπέστη
1346 2591 1484 2662 αὐτὴ
1523 2589 1644 2643 καθ’
1670 2591 1889 2663 ἑαυτὴν,

314 2679 351 2748 ἢ
381 2677 542 2748 οὐχί;
577 2680 642 2731 Et
686 2677 785 2748 μὲν
823 2679 933 2751 γὰρ
960 2678 1190 2750 οὺσιὼδη
1230 2682 1325 2733 καὶ
1365 2681 1730 2751 ὑποστατικὴν
1755 2677 1893 2734 εἶναι

310 2769 517 2822 δώσετε
546 2769 769 2839 ταύτην,
801 2769 914 2834 πῶς
939 2770 1019 2825 ἔτι
1049 2772 1342 2841 μονογενὴς
1374 2773 1401 2823 ὁ
1427 2771 1577 2835 Υἱὸς,
1608 2772 1787 2842 τρίτος
1816 2773 1892 2826 ὣν

310 2862 378 2914 ἐκ
406 2861 651 2933 Πατρός;
687 2863 936 2916 Φαίνεται
962 2862 1071 2931 γὰρ
1111 2863 1483 2934 μεσολασοῦσα
1516 2863 1613 2935 τὴν
1643 2868 1893 2935 γέννησιν

312 2953 485 3009 αὖτοῦ
512 2954 766 3025 βούλησίς
790 2972 873 3018 τις
900 2955 1261 3019 ἐνυπόστατος
1301 2956 1396 3008 καὶ
1430 2956 1599 3020 ζῶσα,
1626 2956 1769 3010 κατὰ
1797 2957 1894 3026 τήν

312 3046 591 3118 ὑμετέραν
630 3048 913 3117 πρότασιν.
963 3048 1024 3101 Εἰ
1064 3047 1120 3100 δὲ
1154 3047 1311 3101 τοῦτο
1342 3047 1790 3117 παραιτούμενοι,
1832 3048 1893 3100 οὐ

313 3136 442 3190 καθ’
468 3137 762 3190 ὑπόστασιν
790 3141 888 3207 τὴν
919 3137 1173 3208 βούλησιν
1194 3137 1499 3191 διακεῖσθαι
1529 3137 1750 3203 δώσετε,
1775 3138 1895 3192 οὐδὲ

1987 633 2142 678 tum.

2301 744 2878 837 ASSERTIO
2971 745 3253 834 VIII.

2021 919 2285 974 Adversus
2304 915 2551 980 dicentes,
2586 930 2691 968 non
2712 914 2885 974 Patri.
2908 913 2997 965 sed
3020 912 3279 966 voluntati
3296 910 3412 979 ejus
3469 908 3543 961 εἰ·

2487 984 2663 1039 milem
2685 1000 2797 1038 esse
2833 981 3065 1036 Filium.

2059 1100 2251 1155 Merito
2272 1100 2395 1169 quis
2428 1110 2676 1167 magnam
2706 1094 2940 1150 hostium
2977 1092 3180 1148 Christi
3211 1092 3574 1146 temeritatem

1986 1192 2224 1253 damnet,
2257 1196 2349 1242 aut
2404 1186 2603 1242 rectius
2651 1184 2891 1239 insanire
2934 1182 3139 1252 indicet
3180 1197 3272 1236 eos
3310 1182 3401 1250 qui
3468 1196 3576 1234 non

1990 1281 2089 1348 ipsi
2126 1280 2302 1344 Patri,
2349 1278 2442 1333 sed
2471 1274 2731 1330 voluntati
2756 1273 2871 1342 eius
2923 1273 3154 1328 similem
3203 1286 3326 1326 esse
3381 1270 3576 1325 FlIIlIIII

1989 1370 2363 1432 contendunt,
2409 1382 2532 1422 cum
2578 1365 2779 1435 alioqui
2830 1379 2985 1419 sacra
3024 1363 3301 1431 Scriptura
3341 1376 3449 1416 non
3505 1360 3577 1414 ita

1991 1464 2057 1517 de
2131 1462 2247 1531 ipso
2303 1461 2570 1522 deﬁniat,
2622 1459 2717 1512 sed
2778 1471 2954 1525 neque
3020 1456 3134 1526 ipse
3189 1453 3446 1508 Servatur
3496 1452 3580 1505 di-

1990 1564 2127 1607 cat:
2172 1552 2272 1619 Qui
2332 1552 2461 1606 vidit
2524 1565 2608 1607 me
2641 1591 2657 1614 ,
2713 1550 2847 1604 vidit
2903 1556 2957 1601 et
3008 1549 3348 1601 voluntatem
3402 1545 3581 1598 Patris

1988 1644 2093 1715 61
2134 1646 2257 1698 mei.
2294 1640 2546 1713 Oportuit
2577 1657 2708 1697 vero
2745 1640 3018 1696 Christum
3066 1639 3333 1693 dicentem
3365 1675 3381 1701 ,
3413 1654 3431 1687 ι
3471 1635 3583 1704 Ego

1990 1750 2109 1789 sum
2135 1735 2335 1790 veritas
2364 1734 2432 1801 ιι,
2466 1751 2485 1785 ι
2520 1746 2859 1802 nequaquam
2886 1746 2943 1785 se
2974 1730 3120 1784 Patri
3150 1727 3447 1783 secundum
3487 1742 3581 1779 na-

1995 1837 2171 1881 turam
2220 1840 2565 1895 comparare,
2592 1824 2692 1881 sed
2733 1823 2912 1893 potius
2943 1821 3060 1891 ejus
3090 1819 3377 1883 voluntati,
3419 1817 3464 1871 si
3502 1817 3573 1869 ita

1993 1927 2099 1983 est,
2140 1926 2202 1972 ut
2252 1917 2353 1987 ipsi
2408 1918 2621 1972 Volunt.
2686 1917 2756 1971 At
2791 1928 2923 1969 cum
2966 1927 3027 1969 se
3074 1927 3181 1967 non
3251 1910 3583 1965 voluntatem

1996 2006 2314 2071 nominarit,
2340 2009 2443 2071 ,sed
2474 2006 2735 2077 adiecerit
2769 2020 2828 2060 se
2873 2018 2994 2059 esse
3049 2001 3343 2072 imaginem
3379 1998 3580 2064 Patris,

1996 2099 2285 2159 manifeste
2316 2113 2506 2155 eorum
2537 2098 2850 2170 opinionem
2876 2094 3163 2151 subvertit.

2679 2291 2909 2348 ALIUD.

2071 2408 2444 2481 [interrogandi
2480 2416 2607 2461 sunt
2647 2406 2837 2460 hostes
2874 2403 3075 2458 Christi
3126 2418 3139 2456 :
3180 2401 3442 2457 Voluntas
3475 2401 3588 2456 bro

2000 2502 2197 2566 Patris,
2228 2504 2314 2558 cui
2350 2499 2585 2554 similem
2634 2497 2818 2552 dicitis
2860 2510 2981 2552 esse
3032 2494 3251 2558 Filium,
3310 2504 3463 2548 estne
3503 2510 3589 2549 es-

1999 2594 2195 2657 sentia,
2251 2590 2577 2659 exstititquc
2632 2589 2746 2657 ipsa
2790 2602 2886 2657 per
2921 2601 3002 2653 se,
3054 2601 3121 2638 an
3174 2586 3319 2638 non?
3350 2583 3486 2640 Nam
3542 2585 3588 2639 si

2000 2684 2345 2740 essentialem
2394 2696 2518 2736 esse
2556 2680 2751 2735 dicetis
2798 2687 2854 2745 et
2904 2693 3002 2746 per
3039 2692 3097 2732 se
3130 2678 3428 2743 exstitisse,
3480 2692 3590 2747 quo

2000 2784 2159 2846 pacto
2190 2774 2447 2843 deinceps
2502 2771 2677 2827 Filius
2713 2771 2820 2825 erit
2851 2773 3183 2840 unigenitus,
3215 2784 3336 2823 cum
3378 2769 3489 2839 jam
3520 2769 3591 2823 sit

2002 2868 2195 2923 tertius
2232 2881 2299 2921 ex
2340 2865 2502 2920 Patre
2528 2864 2813 2933 lApparet
2846 2863 2989 2916 enim
3026 2862 3377 2931 prmcessisse
3420 2862 3591 2931 ipsius

2000 2957 2399 3026 generationem
2459 2954 2788 3008 voluntatem
2840 2954 3131 3023 quamdam
3192 2966 3379 3006 revera
3439 2954 3589 3007 exsi-

2003 3053 2235 3100 stentem
2259 3054 2314 3099 et
2333 3042 2639 3112 vivam,jux
2652 3053 2701 3096 ta
2719 3050 2953 3096 vestram
2974 3040 3418 3110 prepositionem.
3436 3039 3591 3107 Quod

2003 3136 2047 3190 si
2094 3150 2224 3189 vero
2271 3136 2375 3189 hoc
2432 3144 2715 3202 negantes,
2772 3147 2877 3186 non
2928 3133 2981 3185 in
3034 3132 3253 3201 prepria
3308 3130 3589 3203 liypostasi

310 3228 506 3282 οὐσίαν
529 3223 670 3282 εἶναι
700 3229 880 3294 ζῶσαν
904 3231 997 3283 καὶ
1018 3231 1385 3302 ὑπάρχουσαν,
1410 3231 1599 3302 ὥσπερ
1632 3230 1722 3284 τὸν
1749 3228 1891 3291 Υἰὶλν1

2006 3227 2306 3280 subsistere
2329 3225 2468 3279 hanc
2494 3224 2827 3278 voluntatem
2852 3223 3071 3287 dabitis,
3100 3237 3273 3291 neque
3297 3225 3591 3278 essentiam

312 3319 661 3383 ἀπαιδεύτως
694 3319 897 3389 σφόδρα
930 3320 1023 3373 καὶ
1054 3320 1282 3391 ἀμαθῶς
1321 3322 1395 3391 μή
1429 3320 1525 3374 δύο
1561 3319 1898 3391 παραθέντες

313 3409 508 3473 οὐσίας
539 3410 835 3481 ὁμοιότητα
861 3409 1093 3480 ζητεῖτε.
1126 3410 1250 3473 Πῶς
1286 3411 1395 3480 γὰρ
1427 3410 1579 3463 ἔσται
1614 3410 1674 3462 τὸ
1704 3410 1898 3463 ἐνυπό·

316 3518 515 3555 στατον
546 3499 628 3572 τῷ
664 3501 737 3571 μὴ
764 3500 990 3572 τοιούτῳ
1022 3502 1373 3573 προσεοικός;
1410 3502 1441 3573 ἢ
1474 3500 1589 3564 πῶς
1617 3502 1677 3555 τὸ
1709 3501 1783 3572 μὴ
1819 3502 1900 3565 είς

312 3590 506 3644 οὐσίαν
534 3590 750 3660 ἐνεχθὲν
787 3590 863 3661 τῷ
901 3592 1231 3661 ὑφεστηκότι
1272 3592 1413 3646 κατὰ
1442 3593 1533 3645 τὸν
1578 3593 1676 3661 τῆς
1723 3594 1895 3663 ἐμφε-

316 3680 473 3750 ρείας
502 3680 707 3751 τρόπον
736 3680 1170 3747 ἅντεξετὰζοιτο;

1008 3872 1212 3925 AAAO.

388 3984 499 4038 Καὶ
525 3983 607 4047 τίς
632 3984 732 4037 οὐκ
760 3983 825 4038 ἂν
852 3986 1208 4057 ὁμολογήσειε
1239 3984 1362 4039 νοῦν
1393 3985 1532 4054 ἔχων
1564 3987 1644 4039 ὅτι
1672 3986 1750 4059 τῷ
1774 3984 1898 4057 (die)

316 4073 453 4143 πρὸς
504 4074 567 4127 τὸ
607 4073 747 4138 ζῶον
805 4076 837 4147 ή
882 4077 1156 4147 ὁμοιότης,
1204 4078 1297 4130 καὶ
1345 4077 1420 4147 τῷ
1462 4078 1536 4149 μὴ
1588 4078 1711 4149 (ibi?
1762 4081 1898 4149 πρὸς

313 4165 376 4218 τὸ
406 4165 481 4235 μὴ
510 4163 685 4230 ζῶονς
722 4166 803 4219 Τὰ
832 4166 939 4237 γὰρ
970 4168 1260 4238 ἑτερογενῆ
1295 4168 1389 4220 καὶ
1419 4168 1594 4238 πάντη
1634 4169 1731 4239 τῆς
1762 4170 1899 4240 πρὸς

312 4255 524 4325 ἄλληλα
570 4256 810 4326 σχέσεως
842 4257 1086 4327 φυσικῶς
1119 4258 1546 4329 διακεκομμένα,
1579 4261 1679 4314 οὐκ
1709 4263 1774 4316 ἄν
1815 4280 1898 4326 τις

312 4343 373 4401 εὖ
433 4347 647 4418 φρονῶν
699 4348 1043 4413 ἀντεξετάζοι
1098 4351 1232 4420 πρὸς
1286 4351 1529 4421 ἄλληλα,
1568 4352 1689 4405 οὐδὲ
1739 4355 1897 4407 τοῦτο

311 4439 511 4509 ἐκείνῳ
527 4439 999 4510 προσεοικὸς,οὖτε
1026 4442 1132 4512 μὴν
1158 4444 1332 4496 ἐκεῖνο
1359 4444 1533 4515 τούτῳ
1562 4448 1785 4516 φήσειεν
1809 4448 1893 4501 ἄν.

2002 3329 2123 3370 esse
2154 3316 2330 3368 vivam
2381 3324 2548 3383 atque
2602 3314 2981 3379 exsisteutem,
3042 3324 3098 3367 ut
3157 3313 3375 3380 Filium,
3413 3315 3597 3383 inepte

2000 3415 2151 3459 certe
2199 3419 2306 3459 non
2372 3404 2567 3473 positis
2622 3403 2829 3457 duabus
2877 3404 3134 3458 essentiis
3180 3403 3595 3459 similitudinem

2000 3494 2265 3562 quaeritis.
2304 3494 2423 3559 Quo
2458 3503 2618 3562 pacto
2662 3493 2806 3547 enim
2853 3491 2905 3545 id
2941 3493 3083 3561 quod
3121 3492 3462 3563 hypostatice
3498 3506 3597 3547 ex-

2001 3583 2166 3648 sistit,
2216 3598 2323 3638 non
2375 3582 2665 3637 exsistenti
2712 3581 2888 3636 simile
2935 3582 3043 3636 dici
3089 3581 3301 3651 possit?
3347 3591 3441 3637 aut
3488 3597 3597 3652 quo

2003 3684 2161 3743 pacto
2189 3676 2239 3729 id
2270 3675 2413 3742 quod
2460 3676 2702 3729 nondum
2754 3675 2819 3727 ad
2852 3687 2975 3728 esse
3024 3675 3347 3744 perductum
3383 3686 3491 3740 est,
3542 3674 3593 3731 ei

2000 3768 2144 3836 quod
2168 3767 2281 3835 iam
2312 3776 2418 3832 est,
2452 3766 2829 3822 similitudinis
2862 3767 3075 3823 ratione
3101 3766 3344 3823 conferri
3377 3768 3597 3839 potest!

2679 3880 2911 3936 ALIUD.

2072 3994 2205 4061 Quis
2236 3994 2378 4048 enim
2416 4005 2564 4047 sanas
2596 3992 2796 4047 mentis
2837 4006 2942 4046 non
2985 3991 3221 4047 fateatur
3255 3993 3477 4048 animali
3525 3995 3593 4048 ad

2001 4086 2202 4140 animal
2233 4083 2643 4141 similitudinem
2675 4085 3032 4150 intercedere,
3065 4092 3119 4139 et
3142 4100 3247 4139 non
3273 4085 3493 4140 animali
3525 4086 3595 4140 ad

2006 4192 2111 4232 non
2140 4176 2385 4231 animal?
2429 4176 2564 4230 Nam
2599 4190 2720 4244 quae
2757 4175 2957 4230 diversi
2990 4175 3206 4243 generis
3254 4186 3402 4243 sunt,
3438 4188 3493 4231 et
3525 4179 3591 4231 ad

2001 4270 2231 4324 invicem
2278 4269 2471 4332 relata,
2521 4266 2843 4322 naturaliter
2887 4267 3184 4331 dissident,
3238 4282 3397 4321 nemo
3448 4281 3596 4323 recte

2000 4359 2237 4412 sentietis
2268 4358 2408 4411 inter
2440 4371 2499 4411 se
2522 4365 2822 4425 comparet,
2858 4370 3033 4424 neque
3068 4356 3170 4411 hoc
3199 4356 3297 4420 illi,
3326 4369 3420 4411 aut
3461 4359 3593 4412 illud

2002 4451 2126 4504 huic
2166 4449 2346 4504 simile
2390 4463 2513 4503 esse
2549 4447 2713 4501 dicat.
2744 4445 2949 4511 Veluti,
2981 4450 3212 4516 exempli
3246 4451 3442 4518 gratia,
3478 4462 3589 4506 sta-

311 4527 442 4585 Οἷον
474 4530 607 4602 φέρε
640 4532 848 4585 εἰπεῖν’
870 4533 1191 4604 Ἄνθρωπος
1235 4535 1602 4605 προσκείσθω,
1640 4538 1671 4609 ἢ
1708 4538 1891 4611 ἕτερόν

2003 4552 2187 4597 luatur
2211 4543 2392 4609 homo,
2430 4550 2523 4595 aut
2555 4539 2659 4592 alia
2689 4540 2956 4609 qmcpiam
2990 4542 3291 4594 substantia
3336 4557 3456 4610 qua:
3494 4543 3595 4598 sub

310 4639 364 4675 τι
398 4622 508 4674 τῶν
542 4621 712 4675 ὄντων
758 4624 858 4675 ὅσα
899 4624 1088 4677 πίπτει
1128 4624 1262 4692 πρὸς
1294 4625 1388 4677 τὸν
1428 4626 1553 4695 ὅρον
1592 4626 1685 4679 τοῦ
1731 4627 1891 4695 (tuon,

313 4714 518 4767 κείσθω
563 4716 659 4767 καὶ
698 4715 1002 4785 ἐπιστήμη,
1057 4717 1175 4786 ήτοι
1211 4717 1392 4785 σοφία,
1449 4719 1567 4789 ήτοι
1621 4718 1894 4791 βούλησις,

310 4805 343 4879 ἢ
382 4804 569 4875 ἕτερόν
609 4822 661 4857 τι
704 4805 811 4859 τῶν
865 4806 966 4859 ὅσα
1019 4807 1143 4860 καθ’
1188 4808 1357 4861 ἑαυτὰ
1400 4809 1499 4862 οὐκ
1563 4810 1897 4864 ἐνυπόστατα

314 4898 436 4966 μὲν,
482 4895 779 4965 ἐνυπάρχει
826 4896 883 4948 δὲ
926 4898 1074 4967 ὅμως
1117 4898 1223 4952 τῶν
1262 4902 1430 4956 ὄντων
1479 4906 1641 4969 τισὶν,
1686 4904 1897 4976 ἀνθρὼ-

314 5005 435 5050 ποις
474 4988 638 5057 τυχὸν
693 4987 726 5058 ἢ
783 4988 1055 5055 ἀγγέλοις.
1107 4986 1232 5062 ⁷Αρ’
1263 4988 1391 5058 οὖν,
1439 4995 1613 5059 εἴτις
1654 4998 1746 5049 τὸν
1804 4999 1896 5052 ἄν·

311 5078 530 5148 Θρωπον
585 5078 617 5147 ἢ
666 5079 851 5150 ἕτερόν
903 5097 956 5133 τι
1014 5079 1152 5145 ζῶον
1192 5085 1257 5153 τῇ
1318 5086 1596 5158 ἐπιστήμῃ
1653 5088 1770 5158 ήτοι
1828 5092 1893 5158 τῇ

314 5171 477 5242 σοφίᾳ
512 5170 544 5241 ἢ
594 5174 659 5242 τῇ
708 5172 958 5241 βουλήσει
1001 5177 1377 5245 προσεοικέναι
1419 5181 1664 5248 φήσειεν,
1696 5181 1793 5233 οὐκ
1828 5181 1893 5233 ἂν

312 5263 545 5324 εἰκότως
578 5264 790 5333 μωρίας
816 5264 1043 5335 όιξλήσοι
1079 5266 1309 5335 γέλωτα,
1341 5270 1410 5322 τὰ
1452 5270 1615 5340 μηδὲν
1646 5271 1894 5341 ἀλλήλοις

314 5355 677 5423 προσεοικότα
712 5356 1027 5426 δοκιμάζειν
1056 5377 1114 5412 τε
1148 5360 1239 5414 καὶ
1269 5362 1645 5427 ἀντεξετάζειν
1688 5366 1893 5435 ἐπιχει-

316 5445 454 5516 ρῶν;
507 5445 718 5499 Οὐκοῦν
757 5449 1114 5513 ἐνυπόστατος
1146 5450 1221 5504 ὢν
1264 5454 1291 5505 ὁ
1322 5453 1447 5517 Υἱὸς
1490 5455 1584 5507 τοῦ
1633 5456 1789 5521 Θεοῦ,
1826 5460 1889 5527 τῇ

312 5537 668 5606 ἀνυποστάτῳ
704 5539 954 5610 βουλήσει
997 5546 1117 5595 κατ’
1144 5544 1295 5595 obesa
1338 5546 1486 5599 ἔσται
1532 5548 1888 5619 προσεοικώς.

318 5625 385 5680 'II
415 5629 524 5700 γὰρ
554 5631 845 5701 ἀποτόμως
880 5634 1127 5706 ἀνόμοιον
1157 5632 1296 5693 εἶναι
1335 5640 1410 5709 τῷ
1446 5641 1619 5709 “arpi
1653 5641 1888 5710 λεγέτω-

382 5810 428 5841 “
456 5808 613 5865 Ioan.
657 5826 769 5879 xiv,
800 5813 853 5867 6.

2000 4635 2371 4690 definitionem
2396 4632 2643 4687 animalis
2665 4630 2840 4685 cadit:
2860 4639 3130 4685 statuatur
3151 4634 3315 4687 etiam
3343 4633 3592 4700 scientia,

2003 4726 2087 4780 vel
2122 4727 2412 4796 sapientia,
2462 4724 2548 4780 vel
2577 4722 2848 4788 voluntas,
2897 4724 2981 4776 vel
3034 4723 3181 4778 aliud
3229 4726 3358 4793 quid
3405 4738 3592 4780 eorum

2004 4834 2124 4887 qua:
2150 4834 2254 4872 non
2283 4817 2551 4872 exsistunt
2585 4831 2681 4885 per
2715 4829 2795 4882 se,
2824 4817 3004 4868 insunt
3034 4826 3212 4870 tamen
3241 4817 3383 4881 aliis,
3414 4819 3593 4873 homi-

2007 4908 2168 4965 nibus
2194 4910 2447 4963 nimirum
2478 4909 2560 4961 vel
2594 4908 2819 4977 angelis.
2846 4906 2900 4959 Si
2939 4907 3060 4975 quis
3094 4908 3256 4976 igitur
3287 4907 3593 4972 hominem,

2008 5014 2099 5057 aut
2121 5002 2263 5057 aliud
2289 5002 2508 5071 aliquod
2532 5001 2737 5055 animal
2763 5000 3023 5064 scientim,
3048 5008 3141 5053 aut
3165 5001 3473 5069 sapientize,
3500 5010 3595 5055 aut

2007 5094 2269 5147 voluntati
2310 5092 2488 5147 simile
2509 5106 2630 5147 esse
2660 5092 2883 5155 dixerit,
2913 5107 3091 5145 nonne
3117 5092 3315 5146 merito
3344 5094 3593 5148 stultitite

2005 5187 2221 5239 nomine
2252 5184 2531 5239 rideatur?
2565 5182 2764 5253 quippe
2798 5184 2890 5251 qui
2917 5199 2976 5237 ea
3009 5185 3202 5251 quibus
3238 5184 3378 5237 nulla
3424 5186 3594 5238 inter-

2000 5276 2142 5330 ccdit
2176 5277 2573 5343 convenientia,
2624 5291 2941 5345 comparare
2976 5287 3137 5345 atque
3168 5276 3421 5330 conferre
3454 5278 3594 5331 inter

2000 5384 2057 5424 se
2114 5369 2263 5423 velit.
2322 5368 2487 5423 Filius
2552 5370 2732 5439 itaque
2776 5370 2865 5423 Dei
2924 5368 3258 5439 Itypostalice
3301 5370 3591 5433 exsistcns,

2000 5458 2259 5513 voluntati
2306 5458 2641 5528 Itypostatice
2685 5473 2789 5512 non
2833 5458 3115 5513 exsistenti
3154 5458 3295 5519 nulla
3339 5475 3400 5512 ex
3440 5471 3592 5525 parte

2002 5551 2197 5606 similis
2237 5560 2342 5603 est.
2385 5550 2490 5603 Aul
2536 5551 2678 5603 enim
2734 5550 2894 5619 plane
2926 5543 3241 5604 dissimilem
3288 5549 3427 5602 I‘atri
3472 5565 3591 5603 esse

2002 5642 2204 5705 dicant,
2250 5651 2304 5697 et
2360 5650 2547 5710 aperte
2595 5640 3034 5710 blaspbetnantes
3075 5642 3380 5695 detestandi
3430 5642 3588 5698 sint:
