4048 6458
530 419 629 476 105

1512 415 1571 469 S.
1615 412 1893 469 CYlilLLI
1934 407 2085 469 Αιιςῑ

2189 404 2409 465 ιυιιξκι
2446 406 2774 464 Αῐιιῑιιικν.
3667 403 3756 462 ἰοί

530 548 627 592 aut
673 532 716 589 si
770 529 1078 585 necessario
1127 529 1533 584 similitudinem
1580 546 1699 584 cum
1753 530 1913 585 Patre
1964 530 2085 584 Fiiic

2204 544 2320 593 σαν,
2375 528 2466 579 καὶ
2523 525 2769 595 φανερῶς
2828 520 3235 591 δυσφημοῦντες
3284 518 3669 591 μισείσοωσαν·
3732 522 3765 593 ή

531 628 772 682 tribuere
823 620 1040 685 debent,
1080 620 1441 674 necessarium
1488 622 1647 674 etiam
1680 622 1899 676 omnino
1933 620 2094 675 fuerit

529 734 634 772 non
654 732 774 772 esse
799 716 1059 771 voluntati
1084 714 1335 780 similem,
1361 716 1469 786 62
1495 717 1590 769 sed
1610 714 1873 769 Genitori.
1899 713 2092 768 Osten-

526 822 644 861 sum
676 807 819 861 enim
854 818 936 862 est
970 805 1110 876 quod
1140 806 1204 859 iis
1237 821 1355 874 quae
1387 806 1441 858 in
1476 806 1713 860 essentia
1741 813 1795 857 et
1822 804 2091 875 liypostasi

525 898 816 960 exsistunt,
840 898 905 951 ad
930 912 992 950 ea
1018 911 1135 965 qua:
1161 896 1467 949 cssentiaiia
1499 905 1553 950 et
1590 895 1921 965 hypostatica
1946 903 2091 961 sunt,

525 988 821 1043 similitudo
872 988 983 1041 hac
1027 998 1309 1053 servatur;
1353 1002 1461 1041 non
1497 986 1565 1039 ad
1599 1002 1660 1040 ea
1702 1001 1822 1056 qua:
1869 987 2093 1041 alterius

526 1084 655 1129 sunt
683 1076 919 1146 generis,
946 1084 1001 1129 et
1030 1076 1084 1129 in
1121 1074 1241 1129 aliis
1276 1090 1433 1130 suum
1466 1088 1587 1129 esse
1619 1074 1820 1128 habent
1853 1092 1866 1128 :
1904 1088 2092 1143 quem-

524 1164 810 1219 admodum
860 1164 1123 1233 sapientia
1172 1164 1225 1216 in
1272 1162 1534 1231 sapiente,
1580 1174 1637 1217 et
1680 1163 1929 1218 voluntas
1977 1165 2092 1220 sive

520 1254 804 1309 consilium
837 1255 888 1308 in
922 1254 1135 1309 volente
1166 1254 1247 1309 vel
1274 1252 1639 1308 consultante.

730 1363 962 1429 ALIUD,
987 1380 1075 1431 per
1098 1364 1446 1418 adactionem
1476 1365 1547 1417 ad
1573 1365 1877 1419 absurdum.

588 1476 647 1530 Si
703 1474 962 1528 voluntati
997 1472 1176 1529 Patris
1222 1474 1415 1537 similis
1461 1475 1749 1540 exsistens,
1788 1490 1855 1528 ex
1908 1485 2085 1531 vestra

518 1568 805 1627 sententia,
841 1565 1009 1619 Filius
1029 1565 1303 1619 dissimilis
1332 1574 1413 1619 est
1440 1567 1685 1634 genitori,
1716 1569 2080 1623 necessarium

518 1659 738 1714 omnino
774 1656 959 1722 fuerit,
992 1672 1164 1726 neque
1199 1656 1525 1711 voluntatem
1560 1658 1790 1711 similem
1828 1673 1951 1713 esse
1986 1660 2093 1713 Deo

518 1764 585 1803 ac
614 1747 791 1811 Patri;
822 1747 973 1816 cujus
1004 1749 1310 1812 character,
1341 1761 1463 1800 cum
1489 1747 1559 1801 sit
1592 1746 1779 1811 Filius,
1812 1749 2093 1805 dissimilis

2199 616 2358 687 εἴπερ
2389 618 2600 684 ἀνάγκη
2627 616 2725 685 τήν
2749 614 3039 684 ὁμοιότητα
3064 612 3245 665 δοῦναι
3278 612 3355 682 τῷ
3383 610 3493 680 Υίῴ
3517 610 3651 679 πρὸς
3676 609 3761 663 τὸν

2200 709 2439 779 Πατέρα.
2473 708 2685 776 ἀνάγκη
2730 704 2796 775 δή
2830 706 2979 757 πᾶσα
3012 704 3086 767 ὡς
3116 705 3215 757 οὐκ
3255 704 3409 757 ἔσται
3440 702 3536 770 τῆς
3574 700 3761 772 βουλήο

2202 816 2337 861 σεως
2381 799 2583 866 ὅμοιος,
2632 795 2770 849 ἀλλά
2826 794 3029 864 μᾶλλον
3075 793 3171 847 τοῦ
3210 794 3618 863 γεγεννηκότος.
3667 792 3760 843 Δέ-

2200 888 2405 941 δεικται
2431 889 2537 957 γὰρ
2574 888 2654 939 ὅτι
2689 887 2801 947 τοῖς
2829 887 2887 937 ἐν
2911 886 3067 956 οὐσία
3096 886 3190 938 καὶ⁸
3219 885 3511 938 ὑποστάσει
3540 884 3672 954 πρὸς
3698 880 3763 934 τὰ

2198 978 2414 1033 ἐνούσιά
2438 994 2497 1030 τε
2524 977 2617 1029 καὶ
2649 975 2991 1028 ὲνυπόστατα
3025 976 3058 1045 ή
3093 975 3346 1045 ὁμοιότης
3372 976 3404 1042 ἡ
3446 972 3587 1026 κατά
3614 969 3764 1025 τοῦτο

2202 1066 2449 1134 σώζεται,
2473 1067 2535 1121 οὑ
2562 1064 2695 1135 πρὸς
2715 1064 2783 1118 τὰ
2804 1065 3111 1135 ἑτερογενῆ,
3142 1065 3238 1118 καὶ
3264 1067 3322 1117 ἐν
3344 1063 3551 1133 ἑτέροις
3579 1062 3764 1131 ἔχοντα

2196 1160 2257 1211 τὸ
2284 1156 2443 1225 εἶναι,
2476 1158 2665 1227 ὥσπερ
2706 1158 2739 1225 ή
2789 1156 2951 1224 σοφία
2990 1157 3238 1226 τυχὸνεὲν
3262 1155 3340 1228 τῷ
3388 1154 3555 1225 σοφῷ,
3601 1152 3694 1207 καὶ
3730 1152 3763 1221 ἡ

2200 1249 2451 1321 βούλησις
2480 1253 2539 1304 εν
2562 1250 2641 1321 τῷ
2672 1250 3061 1321 βουλευομένῳ.

2370 1365 2573 1429 ΑΛΔΟ,
2603 1362 2701 1416 διὰ
2737 1362 2848 1431 τῆς
2878 1364 2965 1427 εις
2990 1362 3219 1416 ἄτοπον
3246 1360 3586 1431 ἀπαγωγῆς.

2266 1475 2328 1527 El
2347 1475 2446 1545 τῆς
2468 1473 2770 1545 βουλήσεως
2787 1472 2882 1527 τοῦ
2909 1473 3120 1544 Πατρὸς
3139 1474 3321 1543 ὅμοιος
3346 1472 3443 1537 ὢν,
3461 1472 3579 1525 καθ’
3603 1469 3759 1541 ὑμᾶς.

2192 1566 2221 1617 6
2248 1564 2374 1629 Υίὸς
2410 1564 2661 1630 ἀνόμοιός
2688 1566 2803 1617 ἐστι
2840 1564 2919 1635 τῷ
2963 1564 3331 1633 γεγεννηκότι,
3370 1563 3585 1631 ἀνάγκη
3619 1562 3763 1614 πᾶσα

2192 1656 2291 1723 τήν
2320 1655 2572 1725 βούλησιν
2606 1656 2758 1709 οὐδὲν
2798 1657 3173 1727 προσεοικέναι
3212 1655 3290 1725 τῷ
3320 1654 3440 1725 Θεῷ
3469 1656 3561 1708 καὶ
3588 1652 3759 1719 Πατρι

2191 1745 2390 1815 λέγειν,
2418 1741 2486 1817 ἧς
2511 1746 2797 1820 χαρακτήρ
2832 1747 3089 1817 ὑπάρχων
3114 1748 3142 1799 6
3165 1747 3309 1809 Υἱὸς,
3342 1746 3588 1815 ἀνόμοιός
3622 1745 3759 1804 ἐστι.

515 1848 621 1903 est,
659 1839 954 1893 secundum
989 1852 1105 1905 vos,
1139 1837 1306 1892 Patri.
1343 1838 1459 1893 Erit
1498 1838 1681 1908 itaque
1705 1839 1869 1894 etiam
1905 1840 2085 1894 volun-

2190 1836 2310 1889 καθ’
2350 1837 2515 1907 ὑμᾶς,
2565 1836 2643 1906 τῷ
2687 1838 2880 1907 Πατρί.
2919 1838 3113 1891 Ἔσται
3142 1832 3235 1890 οὖν
3268 1836 3365 1889 καὶ
3395 1838 3462 1907 τῇ
3510 1835 3763 1906 βουλήσει

520 1940 631 1985 tate
660 1944 755 1983 sua
804 1929 1083 1984 dissimilis
1126 1928 1304 1984 Pater.
1361 1930 1484 1984 llaec
1527 1930 1671 1985 enim
1722 1930 1969 1999 impietas
2015 1946 2084 1985 ex

517 2021 661 2075 uictu
686 2028 865 2073 vestro
904 2021 1169 2088 sequitur.
1205 2022 1274 2074 At
1310 2021 1356 2075 si
1384 2020 1714 2075 voluntatem
1748 2021 1947 2091 aliquid
1985 2021 2085 2091 hy-

518 2111 783 2179 postatice
813 2112 1083 2164 exsistens
1116 2124 1237 2165 esse
1274 2110 1486 2175 dicetis,
1515 2113 1619 2165 erit
1663 2112 1848 2182 utique
1898 2114 1950 2166 in
2000 2125 2087 2167 es-

515 2202 689 2257 sentia
732 2200 821 2254 Dei
854 2200 1058 2271 aliquid
1098 2203 1197 2270 ipsi
1247 2202 1527 2256 dissimile.
1575 2201 1710 2256 Nam
1764 2204 1924 2257 etiam
1986 2206 2087 2260 hoc

518 2291 653 2345 ratio
682 2305 775 2346 vos
804 2290 1049 2345 confiteri
1075 2301 1250 2361 coget.
1277 2292 1545 2347 Caeterum
1576 2294 1664 2348 hic
1685 2296 1972 2363 quaerentia
1996 2306 2084 2352 est

516 2384 656 2437 ratio
697 2384 1153 2438 dissimilitudinis
1196 2399 1315 2453 qua:
1348 2384 1614 2438 voluntati
1647 2385 1933 2441 intercedit
1964 2402 2085 2443 cum

516 2472 694 2529 Patre.
736 2473 792 2529 Si
830 2474 971 2529 enim
1016 2489 1079 2528 ea
1121 2474 1329 2529 ratione
1372 2474 1647 2531 dissimilis
1689 2484 1772 2530 est
1816 2477 1957 2544 quod
2020 2492 2086 2533 ex

516 2565 692 2633 aliqua
737 2574 889 2633 parte
936 2564 1007 2618 sit
1051 2563 1225 2619 minor
1284 2580 1350 2619 eo
1418 2565 1471 2618 id
1521 2566 1664 2633 quod
1715 2566 1978 2633 processit
2018 2581 2083 2621 es

522 2655 817 2710 substantia
851 2654 1047 2718 Patris,
1080 2656 1182 2707 erit
1224 2654 1378 2723 pejus
1420 2669 1479 2709 se
1526 2669 1591 2710 ac
1632 2656 1814 2710 minus
1862 2675 1873 2709 :
1910 2672 2083 2727 neque

514 2748 657 2802 enim
687 2747 1027 2800 extrinsecus
1065 2747 1231 2799 ascita
1268 2759 1350 2800 est
1401 2746 1668 2808 voluntas.
1707 2746 1801 2802 sed
1850 2762 1912 2801 ex
1966 2748 2082 2816 ipso

513 2846 567 2891 et
592 2836 643 2890 in
670 2837 804 2904 ipso.
834 2836 1022 2905 Pt-jora
1051 2846 1226 2890 autem
1252 2851 1313 2889 ex
1339 2852 1395 2890 se
1426 2836 1665 2905 gignere,
1690 2839 1843 2893 neiis
1864 2839 2083 2901 quidem

514 2929 604 2996 qui
624 2940 859 2982 creatam
880 2930 1077 2983 habent
1099 2942 1369 2992 naturain,
1404 2930 1652 2984 accidere
1677 2940 1870 2999 potest.
1901 2930 2085 2999 Neque

515 3016 659 3072 enim
697 3017 857 3072 homo
890 3018 1033 3072 aliud
1064 3020 1192 3087 quid
1226 3020 1497 3073 diversum
1536 3034 1563 3073 a
1588 3034 1646 3075 se
1674 3024 1955 3090 generabit
1986 3041 1999 3077 :
2027 3032 2087 3075 nt

515 3124 616 3162 nec
643 3108 787 3162 aliud
813 3109 1040 3177 quodvis
1062 3110 1375 3173 animalium
1415 3111 1621 3165 ratione
1654 3114 1973 3166 carentium.
2026 3112 2083 3167 Si

511 3212 668 3264 vero,
700 3200 841 3267 quod
872 3199 1024 3253 nefas
1058 3198 1200 3252 dictu
1227 3208 1330 3266 est,
1359 3200 1535 3255 Patris
1566 3204 1809 3256 voluntas
1833 3216 1899 3256 eo
1930 3204 2081 3257 adni-
2111 3187 2152 3241 ο

515 3299 635 3344 tcns
663 3298 721 3342 ut
768 3289 939 3357 majus
981 3289 1181 3357 aliquid
1240 3291 1455 3355 haheat,
1500 3291 1818 3345 dissimilem
1874 3307 1934 3347 se
1982 3295 2083 3349 sibi

513 3380 665 3443 facit,
696 3390 877 3448 utpOte
908 3377 1018 3447 jam
1057 3381 1234 3434 minor
1276 3396 1339 3435 ac
1389 3381 1539 3451 pejor
1573 3398 1631 3435 se
1680 3384 1939 3450 redditus,
1981 3401 2088 3454 quo

513 3478 674 3539 pacto
709 3484 814 3523 non
869 3470 1089 3536 impium
1141 3470 1301 3523 fuerit
1335 3471 1478 3525 dictu
1510 3472 1712 3541 aliquid
1755 3488 1875 3529 esse
1916 3476 2088 3545 majus

512 3569 566 3618 et
598 3559 785 3612 melius
818 3558 1017 3612 Patre?
1061 3559 1116 3631 Si
1163 3575 1291 3615 vero
1344 3577 1519 3631 neque
1563 3564 1684 3629 hoc,
1736 3579 1910 3633 neque
1958 3565 2084 3620 illud

511 3651 836 3713 concedetis,
875 3659 930 3704 et
962 3649 1289 3704 voluntatem
1323 3667 1427 3706 non
1475 3668 1570 3721 per
1600 3670 1659 3709 se
1704 3655 2084 3712 subsistentem

510 3753 632 3791 esse
661 3738 851 3793 dicetis
882 3748 1044 3807 atque
1071 3738 1145 3793 ita
1186 3748 1244 3793 ut
1290 3741 1341 3795 in
1388 3742 1544 3797 nobis
1585 3743 1932 3810 intellectam,
1980 3763 2085 3817 quo

513 3838 667 3896 pacto
696 3832 857 3882 etiam
892 3829 1019 3884 hinc
1050 3833 1303 3885 statuetis
1336 3832 1651 3887 dissimilem
1682 3851 1803 3890 esse
1834 3838 2081 3892 volunta-

515 3930 619 3972 tem
644 3918 790 3973 Patri
812 3920 835 3972 ‘l
859 3916 991 3973 Nam
1030 3921 1075 3973 si
1108 3921 1180 3973 ita
1210 3931 1315 3985 est,
1353 3923 1623 3977 videbitur
1658 3924 1815 3978 Pater
1856 3925 2086 3983 voluisse

513 4024 632 4078 quin
663 4011 763 4063 sibi
792 4010 1014 4065 minime
1038 4012 1367 4066 conveniunt
1399 4030 1410 4067 :
1444 4016 1594 4083 quod
1621 4015 1703 4071 vel
1732 4016 1846 4071 sola
1881 4019 2083 4089 cogita-

516 4104 659 4156 tiuno
686 4101 975 4155 absurdum
1007 4112 1109 4157 est.

1188 4193 1415 4250 ALIUD.

585 4284 885 4377 Datio‘ipsa
914 4322 1006 4361 vos
1026 4318 1183 4376 coget
1215 4286 1279 4361 uti
1300 4311 1461 4363 etiam
1495 4311 1649 4365 inviti
1674 4307 1809 4367 Filio
1841 4314 2083 4368 similitu-

514 4398 692 4453 dinem
719 4412 840 4450 cum
878 4396 1038 4450 Patre
1080 4400 1347 4454 tribuatis.
1375 4401 1806 4456 Demonstratum
1833 4405 1974 4457 enim
2000 4415 2083 4458 est

2186 1930 2253 1997 τῇ
2284 1926 2478 1981 ἑαυτοῦ
2508 1928 2759 1997 ἀνόμοιος
2790 1930 2819 1980 6
2848 1928 3060 1999 Πατήρ.
3110 1927 3280 1981 Τοῦτο
3305 1928 3415 1999 γὰρ
3444 1930 3507 1980 ἐκ
3540 1926 3634 1979 τοῦ
3672 1924 3761 1977 λό-

2188 2035 2287 2085 γου
2319 2018 2611 2086 συνάγεται
2651 2019 2711 2071 τὸ
2755 2018 3029 2089 ἀσέϐημα.
3067 2019 3175 2071 Καὶ
3207 2021 3255 2071 εί
3299 2017 3663 2071 ἔνυπόστατόν
3710 2030 3763 2067 τι

2187 2108 2286 2179 τὴν
2316 2108 2567 2179 βούλησιν
2592 2106 2729 2164 εἶναί
2761 2127 2918 2179 φατε,
2944 2111 3056 2163 ἐστι
3085 2128 3137 2162 τι
3170 2110 3387 2173 πάντως
3421 2110 3477 2161 ἑν
3505 2111 3570 2178 τῇ
3605 2107 3764 2176 οὑσίᾳ

2187 2202 2282 2257 τοῦ
2305 2202 2441 2255 Θεοῦ
2469 2202 2531 2254 τὸ
2565 2200 2817 2270 ἀνόμοιον
2844 2201 3030 2254 αὑτοῦ.
3068 2201 3179 2253 Καὶ
3208 2198 3366 2253 τοῦτο
3396 2200 3502 2266 γὰρ
3536 2200 3564 2251 6
3607 2197 3763 2264 λόγος

2190 2294 2613 2364 προσομολογεῦρ
2654 2293 2797 2363 ὑμᾶς
2830 2293 3149 2360 ἀναγκάσει,
3200 2288 3559 2345 mman
3598 2289 3765 2359 ζητη-

2188 2384 2309 2437 τέον
2355 2384 2455 2453 τῆς
2488 2384 2869 2453 ἀνομοιότητος
2916 2383 3009 2435 τὸν
3049 2382 3269 2454 τρόπον,
3320 2383 3387 2453 ἢν
3424 2384 3459 2452 ή
3510 2381 3763 2451 βούλησις

2191 2474 2303 2543 ἔχει
2337 2474 2474 2544 πρὸς
2492 2474 2583 2526 τὸν
2612 2473 2848 2542 Πατέρα.
2884 2471 2945 2525 Ei
2970 2473 3067 2541 μὲν
3092 2473 3200 2543 γάρ
3226 2472 3300 2535 ὡς
3333 2473 3567 2526 ἐλάττων
3594 2470 3762 2523 αὑτοῦ

2191 2565 2333 2618 κατά
2368 2582 2422 2617 τι
2450 2563 2810 2633 τυγχάνουσα,
2848 2563 2945 2634 τὴν
2972 2565 3262 2633 ὁμοιότητα
3291 2565 3390 2634 τὴν
3433 2564 3568 2633 πρὸς
3599 2562 3765 2616 αὑτὸν

2185 2654 2286 2706 οὑκ
2319 2652 2453 2723 ἔχει,
2479 2651 2541 2704 τὸ
2569 2651 2932 2721 προεληλυθδς
2964 2654 3029 2705 ὲκ
3055 2654 3151 2723 τῆς
3182 2654 3368 2715 οὐσίας
3397 2651 3490 2706 τοῦ
3525 2652 3761 2724 Πατρὸς,

2184 2747 2365 2815 χεῖρον
2416 2742 2579 2797 αὑτοῦ
2634 2744 2729 2795 καὶ⁵
2783 2742 3034 2796 ἔλαττον·
3086 2744 3147 2796 οὑ
3202 2744 3312 2813 γὰρ
3364 2742 3581 2807 ἔξωθεν,
3639 2743 3762 2796 οὐδὲ

2186 2835 2508 2888 ἐπείσακτον
2552 2836 2584 2903 ή
2636 2832 2910 2902 βούλησις,
2938 2832 3051 2885 ἀλλ’
3089 2833 3147 2897 ἐξ
3175 2832 3341 2886 αὑτοῦ
3370 2834 3465 2887 καὶ
3499 2835 3557 2886 εν
3588 2833 3761 2901 αὐτῷ.

2189 2928 2263 2980 Τὸ
2292 2928 2349 2980 δὲ
2378 2928 2594 2998 χείρονα
2622 2927 2850 2989 τίκτειν,
2892 2926 3010 2978 οὑδὲ
3042 2929 3153 2989 τοῖς
3182 2926 3415 2997 γενητήν
3449 2926 3633 2996 ἔχουσι
3660 2926 3763 2996 τὴν

2191 3019 2350 3087 φύσιν
2379 3014 2487 3073 οἶδε
2515 3019 2852 3087 συμϐαίνειν.
2881 3018 3013 3072 osa:
3040 3018 3147 3087 γὰρ
3179 3017 3463 3088 ἄνθρωπος
3488 3018 3675 3081 ἕτερόν
3705 3036 3765 3073 τι

2191 3113 2440 3182 γεννήσει
2469 3113 2598 3181 παρ’
2622 3112 2759 3181 ὅπερ
2780 3112 2926 3163 ἐστὶν
2956 3110 3117 3172 αὑτός
3139 3125 3151 3137 ·
3185 3109 3299 3161 ἀλλ’
3332 3110 3452 3163 οὐδὲ
3481 3111 3666 3180 ἕτερόν
3704 3128 3763 3164 τι

2187 3202 2295 3255 τῶν
2323 3202 2531 3271 ἀλόγων
2564 3200 2739 3265 ζώων.
2794 3204 2859 3255 Et
2902 3202 2981 3263 δὲ,
3028 3202 3165 3271 ὅπερ
3198 3202 3259 3253 οὑ
3304 3200 3521 3271 θεμιτὸν
3557 3202 3762 3271 λέγειν,

2189 3294 2283 3347 ἐπὶ
2311 3293 2371 3347 τὸ
2408 3294 2589 3363 μεῖζον
2617 3294 2762 3364 ἔχειν
2797 3312 2851 3347 τι
2878 3293 3162 3364 δραμοῦσα
3194 3292 3289 3346 τοῦ
3324 3295 3532 3365 [ἰατρὸς
3572 3297 3606 3365 ή
3638 3294 3765 3365 βοῦ-

2189 3386 2342 3455 λησις
2362 3384 2527 3439 αὑτοῦ
2550 3386 2648 3455 τὴν
2682 3387 2818 3457 πρὸς
2859 3386 3019 3439 αὑτὸν
3050 3385 3410 3457 ἀνομοιότητα
3437 3386 3573 3439 κατὰ
3605 3384 3766 3440 τοῦτο

2190 3480 2364 3548 φορεῖν
2407 3477 2482 3539 ὼς
2514 3478 2649 3548 πρὸς
2698 3477 2955 3530 ἐλάττονα
3005 3478 3037 3547 ἢ
3085 3477 3225 3531 κατά
3266 3494 3319 3529 τι
3358 3466 3595 3548 χείρονα,
3643 3478 3764 3542 πῶς

2187 3568 2286 3620 οὐκ
2313 3566 2508 3629 ἀσεϐὲς
2539 3566 2722 3635 μεῖζόν
2760 3583 2812 3618 τι
2843 3566 2937 3618 καὶ
2966 3569 3211 3637 κρεῖττον
3253 3565 3347 3619 τοῦ
3379 3566 3590 3637 Πατρὸς
3620 3564 3761 3621 εἶναι

2187 3657 2400 3725 λέγειν;
2431 3656 2493 3709 Ei
2538 3656 2595 3709 δὲ
2631 3657 2768 3727 μήτε
2803 3656 2960 3709 τοῦτο
2991 3655 3212 3722 δώσετε,
3262 3659 3398 3729 μήτε
3432 3660 3627 3723 ἐκεῖνο,
3673 3661 3765 3714 ἀν-

2187 3749 2483 3802 υπόστατόν
2528 3764 2589 3800 τε
2640 3749 2737 3818 τὴν
2772 3747 3025 3817 βούλησιν
3062 3744 3200 3801 εἶναι
3250 3749 3615 3821 ὁμολογήσετε
3664 3754 3761 3806 καὶ

2185 3839 2329 3892 οῦτω
2379 3839 2672 3908 νοουμένην
2724 3836 2912 3907 ὥσπερ
2960 3838 3045 3905 ἐφ’
3084 3838 3262 3909 ήμῶν,
3310 3839 3427 3902 πῶς
3479 3841 3756 3896 κάνταῦθα

2188 3931 2380 4003 θήσετε
2406 3931 2655 4000 ἀνόμοιον
2674 3925 2811 3983 εἶναι
2834 3930 2933 3999 τὴν
2961 3928 3215 4001 βούλησιν
3232 3931 3309 4001 τῷ
3331 3933 3505 4003 Πατρί
3525 3951 3539 3998 ;
3563 3934 3757 3989 Ἔσται

2185 4025 2314 4093 γάρ,
2347 4024 2414 4077 ἂν
2456 4021 2625 4084 οὕτως
2664 4021 2781 4093 ἔχῃ,
2822 4022 2890 4073 τὰ
2927 4021 3103 4091 ἐαυτῷ
3140 4023 3214 4093 μὴ
3254 4022 3528 4093 πρέποντα
3564 4020 3753 4100 βουληὲ.

2186 4115 2297 4175 θείς
2321 4133 2332 4145 ·
2368 4117 2502 4183 ὅπερ
2528 4114 2645 4166 ἐστὶ
2677 4112 2769 4166 καὶ
2799 4112 2956 4182 μόνον
2987 4114 3187 4165 ἐννοεῖν
3226 4114 3594 4173 ἀτοπώτατον.

2875 4201 3060 4253 ΔΛΛο
3071 4242 3083 4255 .

2267 4314 2323 4364 '0
2354 4294 2507 4379 λόγος
2546 4313 2845 4378 ἀναγκάσει
2891 4296 2984 4363 καὶ
3007 4311 3245 4375 ’ἄκοντας
3273 4315 3440 4383 ὑμᾶς.
3463 4301 3644 4369 δοῦναι
3668 4314 3755 4387 τῷ
3812 4304 3815 4305 ν

2185 4405 2295 4474 Υἰῷ
2324 4406 2420 4474 τὴν
2456 4404 2748 4472 ὁμοιότητα
2791 4402 2889 4473 τὴν
2925 4404 3060 4473 πρὸς
3100 4404 3192 4456 τὸν
3224 4404 3462 4475 Πατέρα.
3510 4406 3751 4479 Ἐὂείχθη

514 4487 958 4542 absurdissimum
990 4502 1129 4552 esse,
1180 4489 1223 4542 si
1256 4490 1376 4557 quis
1421 4492 1607 4545 credat
1648 4490 1814 4546 Deum
1851 4495 2079 4551 voluisse

2189 4495 2288 4563 γὰρ
2317 4492 2437 4545 λίαν
2463 4494 2808 4544 ἀτοπώτατον
2836 4492 2894 4543 ὃν
2925 4494 2984 4543 τὸ
3019 4491 3310 4557 πιστεύειν,
3358 4492 3427 4546 τὰ
3476 4495 3553 4564 μὴ
3602 4497 3754 4567 αὑτῴ

514 4594 577 4632 ea
602 4594 722 4647 qua:
754 4578 855 4632 sibi
897 4592 1231 4648 nequaquam
1276 4582 1623 4645 conveniunt,
1668 4584 1739 4636 ita
1778 4595 1835 4637 ut
1863 4600 2079 4641 necesse

2189 4583 2459 4653 πρέποντα
2492 4580 2846 4649 βεδουλῆσθαι
2872 4580 3026 4641 Θεὸν,
3055 4581 3130 4643 ὼς
3169 4582 3413 4653 ἀνάγκην
3452 4580 3590 4637 εἶναι
3641 4588 3752 4639 πᾶ·-

512 4672 732 4725 omnino
765 4670 837 4723 sit
880 4670 1205 4724 voluntatem
1244 4687 1394 4725 suam
1436 4673 1667 4728 similem
1703 4674 1803 4729 sibi
1846 4691 1989 4733 esse.
2018 4676 2075 4731 Si

513 4778 640 4832 ergo
670 4762 913 4817 voluntas
946 4762 1136 4816 similis
1164 4772 1248 4816 est
1284 4763 1449 4829 Patri,
1484 4764 1650 4819 Filius
1680 4776 1859 4820 autem
1892 4767 2079 4822 volun-

514 4855 611 4909 tati
643 4873 658 4908 :
691 4855 794 4909 erit
814 4855 1116 4908 necessario
1141 4856 1334 4908 tertius
1357 4855 1551 4910 similis
1579 4858 1769 4925 primo.
1805 4857 2076 4927 Namqua:

514 4946 566 5000 in
586 4946 759 5000 medio
777 4947 946 5015 posita
962 4956 1040 5000 est
1056 4945 1322 5007 voluntas.
1336 4946 1444 5016 63
1460 4947 1753 5002 naturalem
1767 4948 2075 5003 similitudi-

513 5051 637 5090 nem
664 5036 778 5103 ejus
808 5040 895 5104 qui
918 5051 1034 5091 eam
1062 5037 1227 5107 gignit
1253 5038 1583 5105 exprimens,
1609 5040 1751 5093 dedit
1775 5055 1891 5093 eam
1921 5038 2071 5105 Filio,

509 5124 661 5193 juxta
692 5137 921 5181 vestram
946 5128 1269 5181 sententiam
1296 5143 1310 5179 :
1341 5130 1439 5181 itac
1464 5128 1626 5197 igitur
1649 5132 1853 5184 ratione
1881 5130 2072 5185 similis

515 5217 658 5271 Patri
683 5217 869 5281 Filius,
894 5218 1056 5270 etiam
1088 5219 1393 5273 nolentibus
1421 5219 1589 5282 vobis,
1625 5220 2071 5288 deprehendetur.

513 5312 645 5363 (lum
679 5324 805 5363 vero
846 5308 1146 5363 intermedii
1184 5309 1312 5362 nihil
1347 5313 1416 5363 sit
1462 5310 1602 5362 inter
1640 5310 1847 5365 Patrem
1888 5326 1942 5365 et
1983 5312 2073 5365 Fi-

518 5401 662 5467 lium,
707 5400 941 5453 cessabit
980 5402 1197 5454 omnino
1231 5410 1284 5453 et
1319 5416 1711 5469 supervacanea
1750 5403 1855 5454 erit
1900 5412 2073 5457 vestra

513 5496 579 5545 de
607 5491 889 5546 .soluntate
930 5492 1065 5544 ratio
1104 5510 1117 5545 :
1172 5493 1419 5558 nulloque
1465 5491 1853 5544 interveniente
1907 5491 2073 5547 Filius

513 5586 615 5640 erit
648 5583 957 5639 immediate
986 5585 1275 5638 secundum
1308 5594 1556 5635 naturam
1586 5583 1777 5636 similis
1810 5583 1975 5638 l’atri.

1167 5693 1392 5748 ALIUD.

584 5786 830 5848 Christus
858 5791 909 5847 in
941 5790 1217 5851 Scriptura
1252 5798 1468 5845 vocatur
1515 5787 1751 5858 potentia
1776 5798 1830 5845 et
1862 5788 2074 5855 sapien-

2185 4693 2283 4729 σαν
2327 4677 2564 4727 ἐοικυῖαν
2602 4674 2751 4744 αὐτῷ
2796 4674 2893 4745 τὴν
2943 4675 3197 4745 βούλησιν
3245 4678 3410 4731 αὑτοῦ
3455 4680 3650 4747 λέγειν.
3687 4684 3753 4737 Εἰ

2180 4768 2357 4819 τοίνυν
2387 4768 2420 4834 ή
2466 4764 2561 4834 μὲν
2606 4763 2855 4833 βούλησις
2883 4763 3025 4817 ἔοικε
3053 4765 3129 4835 τῷ
3166 4767 3360 4838 ﬂat-pi,
3390 4770 3417 4820 ὁ
3448 4770 3502 4822 δὲ
3528 4770 3656 4835 Υἱὸς
3683 4777 3751 4844 τῇ

2183 4855 2454 4926 βουλήσει,
2483 4855 2635 4907 ἐσται
2662 4856 2871 4919 πάντως
2902 4858 2930 4909 6
2956 4857 3139 4926 τρίτος
3168 4858 3245 4925 τῷ
3276 4860 3475 4929 πρώτῳ
3506 4880 3753 4931 προσεοι-

2182 4943 2309 5007 κώς.
2358 4945 2423 4997 Ἦ
2455 4944 2563 5014 γὰρ
2591 4946 2649 4997 ἐν
2676 4943 2753 5013 τῷ
2795 4946 2943 5015 μέσῳ
2972 4947 3198 5017 κειμένη
3230 4947 3501 5019 βούλησις,
3536 4953 3631 5019 τὴν
3654 4940 3751 5006 τάς

2178 5036 2432 5099 τεκόντος
2486 5035 2647 5088 αὑτὸν
2700 5036 2936 5105 φυσικὴν
2985 5039 3283 5108 ἐμφέρειαν
3327 5037 3749 5113 ἀναμαξαμένη,

2180 5128 2408 5180 δέδωκεν
2452 5126 2624 5196 αὑτὴν
2677 5126 2754 5195 τῷ
2794 5126 2927 5197 Tit},
2978 5128 3097 5181 καθ’
3135 5131 3303 5199 ὑμᾶς·
3352 5131 3491 5183 οῦτω
3529 5132 3626 5201 μὲν
3656 5130 3753 5187 οὖν

2178 5220 2256 5289 τῷ
2287 5219 2461 5289 Πατρὶ
2508 5217 2861 5287 προσεοικὼς,
2899 5221 2991 5272 καὶ
3024 5219 3097 5291 μὴ
3142 5220 3479 5291 βουλομένων
3515 5224 3687 5293 ὑμῶν,
3720 5228 3754 5278 6

2182 5308 2307 5372 Υἱὸς
2326 5308 2711 5379 ⁴εὑρεθήσεται.
2753 5307 2968 5379 Ἐπειδὴ
3016 5308 3070 5362 δὲ
3114 5310 3264 5362 οὐδέν
3296 5312 3409 5362 ἐστι
3441 5311 3502 5363 τὸ
3546 5312 3751 5380 μεταξὺ

2182 5399 2389 5473 Πατρὸς
2430 5400 2522 5451 καὶ
2554 5395 2706 5460 Υἱοῦ,
2741 5398 2972 5468 ἀργήσει
3024 5400 3121 5469 μὲν
3166 5402 3383 5463 πάντως
3415 5403 3443 5453 6
3475 5401 3604 5471 περὶ
3648 5406 3751 5473 τῆς

2182 5490 2485 5563 βουλήσεως
2540 5490 2731 5557 λόγος,
2786 5492 2881 5543 καὶ
2930 5491 3142 5554 οὐδενὸς
3192 5491 3271 5544 ἔτι
3326 5492 3751 5561 μεσολαῦοῦντος

2181 5583 2461 5653 προσεχῶς
2487 5586 2514 5635 6
2548 5583 2671 5645 Υἱὸς
2704 5582 2854 5635 ἔσται
2884 5583 3024 5635 κατὰ
3060 5586 3219 5651 φύσιν
3240 5585 3421 5653 ἓμοιος
3444 5585 3521 5660 τῷ
3553 5586 3751 5658 Πατρί.

2864 5698 3065 5751 ΛΛΛυ.

2244 5791 2557 5864 Γέγραπται
2588 5789 2822 5860 Χριστὸς
2848 5789 2981 5844 Θεοῦ
3012 5789 3239 5861 δύναμις
3269 5791 3361 5845 καὶ
3390 5789 3524 5845 Θεοῦ
3566 5788 3749 5859 σοᾳῖα.
