4048 6428
288 439 395 495 105

1706 415 2157 473 TllESAUllUS.

3455 419 3557 475 l06

286 552 348 602 Εί
374 550 554 602 τοίνυν
591 550 623 617 ή
658 546 909 617 βούλησις
952 545 1045 599 τοῦ
1088 544 1299 614 Πατρὸς
1334 536 1730 611 χαρακτηρίζει
1756 538 1858 604 τήν

1974 535 2049 587 tia
2082 534 2174 589 Dei
2202 534 2268 588 ⁸³.
2299 533 2356 589 Si
2386 548 2516 603 ergo
2556 535 2809 590 voluntas
2860 536 2951 591 Dei
3004 535 3258 605 CXpl‘lliiil
3307 549 3370 587 ac
3409 544 3558 587 notat

281 656 343 691 τε
390 638 619 708 δύναμιν
668 638 761 689 καὶ
812 636 1004 705 σοφίαν
1056 633 1244 698 αὑτοῦ,
1284 631 1533 685 τουτέστι
1575 630 1667 682 τὸν
1713 628 1861 695 Υἰὸν,

280 731 501 801 ἀνάγκη
540 730 688 783 πᾶσα
734 729 809 799 μὴ
858 727 1117 798 ἀνομοίαν
1149 725 1319 795 αὐτὴν
1373 720 1510 777 εἶναι
1559 722 1739 793 λέγειν
1786 719 1864 790 τῷ

280 823 481 891 Πατρὶ,
521 821 605 873 ἵνα
639 820 713 890 μὴ
746 819 1001 889 φαίνηται
1033 818 1263 887 δύναμιν
1297 817 1389 870 καὶ
1427 814 1629 884 σοφίαν
1659 813 1797 883 ἔχων
1834 815 1863 865 6

280 912 478 982 Πατὴρ
506 911 605 980 οὑχ
631 910 824 981 ὁμοίαν
860 908 1060 979 ἑαυτῷ.
1096 908 1161 963 Ei
1210 907 1266 961 δὲ
1315 906 1496 971 τοῦτο,
1542 905 1728 960 λοιπὸν
1778 906 1864 961 ὲν-

275 1001 575 1054 νοείτωσαν
612 1000 661 1052 ei
696 998 1057 1077 χριστομάχω
1094 998 1196 1069 τῆς
1242 997 1451 1051 ἑαυτῶν
1497 995 1756 1058 ἀϐουλίας
1803 994 1865 1048 τὸ

278 1089 535 1161 μέγεθος.
591 1089 1020 1162 Παραιτούμενοι
1066 1089 1174 1160 γὰρ
1225 1090 1319 1149 ἕνα
1377 1088 1507 1143 ὄντα
1557 1088 1649 1141 τὸν
1712 1088 1859 1152 Υἰὺν,

270 1181 467 1251 ὅμοιον
505 1177 641 1239 εἶναι
674 1180 853 1249 λέγειν
881 1180 960 1252 τῷ
991 1181 1186 1253 Πατρὶ,
1225 1180 1320 1235 δύο
1345 1179 1664 1243 δεδώκασιν,
1704 1179 1863 1248 εἴπερ

271 1268 421 1331 εἶναι
468 1290 522 1329 τι
565 1273 664 1342 τήν
701 1271 955 1343 βούλησιν
993 1272 1212 1343 ἐροῦσιν
1251 1272 1635 1329 ὲνυπόστατον.
1694 1272 1757 1325 El
1805 1271 1862 1324 δὲ

271 1364 647 1426 ἀνυπόστατός
673 1363 839 1429 ἐστιν,
864 1363 964 1416 οὐκ
992 1362 1143 1417 ἔσται
1178 1361 1461 1436 χαρακτὴρ
1493 1362 1588 1416 τοῦ
1620 1362 1862 1431 ὑφεστῶ-

271 1473 368 1521 τος
414 1457 476 1510 τὸ
532 1455 607 1526 μή
656 1454 984 1525 ὑφεστηκὸς,
1027 1456 1150 1511 κατ’
1180 1456 1314 1511 αὐτὸ
1364 1456 1430 1534 δή
1466 1455 1625 1519 τοῦτο
1673 1453 1736 1521 τὸ
1783 1454 1860 1525 μὴ

272 1547 664 1621 ὑφεστηκέναι.

965 1663 1146 1716 ΑΛΛΟ

343 1767 430 1825 Τὰ
468 1769 569 1842 τὴν
612 1772 779 1842 αὑτὴν
818 1750 1101 1846 ἒνξργειαν
1146 1771 1338 1844 ἔχοντα
1386 1772 1481 1826 καὶ
1513 1772 1631 1834 ταῖς
1668 1737 1859 1833 αὑτατς

1978 624 2276 694 potentiam
2314 634 2371 680 et
2415 628 2741 694 sapientiam
2818 640 3009 690 suam,
3063 627 3168 680 hoc
3212 634 3296 680 est
3344 624 3560 687 Filium,

1976 717 2348 773 necessarium
2382 715 2542 785 plane
2581 725 2667 770 est
2701 726 2757 769 ut
2787 731 2906 771 eam
2938 731 3044 769 non
3077 714 3383 772 absimilem
3416 712 3561 781 Patri

1973 823 2097 864 esse
2128 808 2401 873 dicamus,
2445 822 2512 861 ne
2548 806 2795 862 videatur
2823 805 2986 860 Pater
3034 805 3236 860 habere
3267 804 3560 873 potentiam

1973 909 2027 955 et
2057 899 2379 967 sapientiam
2404 914 2474 968 qu
2496 914 2541 952 aa
2576 913 2681 952 non
2715 900 2786 953 sit
2815 897 3012 953 similis
3042 896 3144 951 sibi
3180 896 3302 965 ipsi.
3330 894 3480 962 Quod
3514 895 3558 948 si

1972 992 2045 1045 ita
2081 999 2185 1057 est,
2224 987 2529 1059 intelligam
2564 989 2786 1044 tandem
2819 989 3009 1044 hostes
3033 987 3237 1042 Christi
3270 986 3558 1040 dementia:

1973 1097 2087 1146 suae
2120 1083 2569 1153 magnitudinem.
2590 1080 2725 1136 Cum
2758 1081 2902 1136 enim
2930 1088 3186 1147 recusent
3217 1077 3437 1141 Filium,
3465 1076 3557 1144 qui

1974 1188 2114 1228 unus
2137 1182 2240 1239 est,
2280 1172 2427 1227 Patri
2463 1172 2695 1228 similem
2725 1172 2928 1237 dicere,
2958 1171 3094 1226 duos
3129 1168 3550 1231 constituerunt,

1970 1267 2020 1323 si
2064 1267 2395 1321 voluntatem
2423 1280 2519 1334 per
2557 1279 2617 1319 se
2647 1264 2946 1321 subsistere
2965 1261 3171 1317 volunt.
3202 1260 3274 1316 At
3299 1275 3420 1314 cum
3462 1272 3556 1311 vo-

1972 1357 2152 1413 luntas
2183 1371 2281 1427 per
2307 1372 2366 1412 se
2391 1370 2501 1411 non
2534 1355 2820 1420 subsistat,
2852 1369 2959 1409 non
2994 1353 3100 1408 erit
3127 1352 3413 1408 character
3439 1350 3558 1418 ejus

1970 1453 2112 1520 quod
2140 1448 2391 1506 subsistit
2422 1449 2473 1502 id
2504 1450 2648 1517 quod
2674 1462 2786 1503 non
2818 1446 3088 1512 subsistit,
3112 1460 3177 1501 ea
3205 1445 3322 1515 ipsa
3346 1443 3557 1498 ratione

1969 1541 2113 1616 quod
2145 1555 2250 1597 non
2280 1539 2549 1596 subsistit.

2649 1654 2877 1711 ALIUD.

2038 1766 2172 1835 Quae
2194 1769 2438 1824 eamdem
2467 1769 2667 1825 habent
2693 1770 2961 1824 actionem
2994 1768 3297 1837 iisdemque
3327 1772 3554 1819 natura-

266 1859 541 1931 δυνάμεσι
574 1864 832 1931 φυσικαῖς
872 1863 1319 1935 ἀποκεχρημένα,
1365 1862 1466 1933 τῆς
1508 1862 1677 1932 αὐτῆς
1720 1860 1858 1917 εἶναι

1969 1856 2109 1913 libus
2144 1857 2497 1915 facultatibus
2540 1867 2811 1923 utuntur,
2856 1858 3100 1927 ejusdem
3145 1858 3401 1915 essentia:
3444 1855 3556 1910 sint

271 1950 497 2014 πάντως
546 1953 739 2016 οὐσίας
787 1951 1106 2023 ἀναγκαῖον.
1164 1954 1331 2008 Οὐδὲν
1383 1953 1492 2025 γὰρ
1541 1952 1650 2009 τῶν
1693 1952 1858 2009 ὅντων

1969 1960 2191 2002 necesse
2219 1954 2324 2003 est.
2356 1946 2497 2002 Nihil
2524 1948 2669 2004 enim
2699 1963 2888 2003 eorum
2916 1963 3036 2017 quae
3068 1951 3122 2002 in
3149 1960 3328 2014 rerum
3359 1955 3552 2001 natura

269 2040 411 2113 πρὸς
439 2040 502 2094 τὸ
531 2043 848 2114 ἑτερογενὲς
877 2045 971 2102 καὶ
1003 2044 1313 2120 ἑτερούσιον
1344 2044 1445 2109 τὰς
1484 2045 1652 2109 αὑτὰς
1681 2045 1863 2117 ἀπαρ-

269 2129 560 2196 αλλάκτως
586 2134 808 2206 φορέσει
848 2135 1108 2205 δυνάμεις
1156 2152 1216 2190 τε
1266 2136 1362 2196 καὶ
1410 2135 1726 2209 ἐνεργείας·
1766 2153 1860 2190 κε-

269 2222 542 2294 χρήσεται
570 2222 627 2277 δὲ
658 2225 844 2294 μόνοις
890 2228 1002 2290 τοῖς
1034 2226 1171 2290 ῐσοις
1216 2226 1469 2299 ίδιώμασι
1508 2227 1579 2281 τά
1610 2227 1739 2299 μίαν
1768 2226 1862 2280 λα-

269 2329 439 2383 χυντα
472 2314 572 2393 τὴν
606 2315 766 2383 φύσιν
788 2333 802 2345 ·
835 2310 915 2379 οἷς
946 2312 1005 2374 δὲ
1034 2316 1067 2388 ἡ
1092 2320 1149 2371 ὲν
1187 2320 1253 2390 τῇ
1282 2317 1438 2388 οὐσίᾳ
1464 2318 1713 2390 κοινότης
1739 2318 1858 2389 μία,

266 2405 486 2471 τούτοις
539 2407 899 2480 ἀκολουθήσει
938 2410 1036 2465 καὶ
1072 2409 1133 2464 τὸ
1187 2410 1444 2481 ἀλλήλοις
1494 2411 1634 2464 κατά
1681 2411 1860 2465 πάντα

267 2499 678 2572 ⁴προσεοικέναι.
716 2498 782 2553 Εἰ
823 2500 1002 2555 τοίνυν
1054 2502 1153 2573 μία
1200 2503 1300 2574 μὲν
1348 2502 1596 2574 ἐνέργεια
1646 2502 1861 2575 Πατρὸς

269 2588 369 2642 καὶ
402 2587 560 2657 Υἱοῢ,
603 2592 636 2661 ή
687 2589 827 2663 αὐτὴ
856 2591 913 2645 δὲ
949 2591 1177 2665 δύναμις
1208 2594 1266 2647 ὲν
1310 2595 1478 2648 πᾶσιν
1511 2596 1726 2666 ὁρᾶται,
1760 2597 1860 2669 οὐχ

265 2681 586 2752 ἑτερούσιος
632 2683 707 2746 ὡς
755 2682 892 2754 πρὸς
943 2684 1143 2755 ἑαυτήν
1197 2686 1230 2754 ἡ
1281 2684 1432 2748 δυάς.
1481 2685 1545 2738 El
1579 2684 1635 2739 δὲ
1675 2685 1855 2754 τοῦτο,

265 2770 496 2851 φορέσει
544 2772 762 2837 πάντως
808 2774 905 2827 καὶ
946 2775 1048 2847 τὴν
1093 2776 1387 2861 φοιότητα
1436 2778 1531 2830 τοῦ
1580 2778 1793 2849 Πατρὺς
1829 2779 1859 2831 6

268 2863 425 2928 Υίδς,
459 2864 536 2929 ὡς
566 2864 868 2937 ὁμοούσιος,
920 2868 1015 2921 καὶ
1058 2867 1158 2922 οὐκ
1203 2866 1354 2920 ἔσται
1400 2872 1499 2945 τῆς
1551 2868 1858 2940 βουλήσεως

266 2955 458 3010 ιίκῶν.

966 3075 1167 3129 AAAO.

344 3185 407 3240 El
438 3184 540 3239 ὅσα
578 3183 891 3256 βουλεύεται
930 3190 960 3241 6
1003 3188 1135 3252 Θεὸς
1170 3192 1262 3244 καὶ
1294 3190 1502 3263 Πατὴρ,
1530 3191 1702 3247 ταῦτα
1731 3192 1853 3263 βου-

266 3276 488 3332 λεύεται
533 3250 628 3332 κᾶιι
663 3281 693 3332 ὀ
720 3280 847 3344 Υἱὸς
877 3250 1129 3352 (οὐδεμία
1162 3282 1272 3355 γὰρ
1319 3250 1509 3349 mg}.
1541 3285 1573 3356 ἢ
1619 3250 1855 3358 διχόνοια
1884 3250 1927 3309 C

266 3371 515 3441 χωρήσει
545 3369 676 3423 ποτὲ
710 3371 768 3422 ἐν
796 3373 860 3441 τῇ
896 3372 994 3443 μιᾷ
1035 3373 1131 3426 καὶ
1160 3373 1412 3445 ἀχράντῳ
1440 3376 1676 3446 Τριάδι),
1703 3379 1856 3431 ποῖον

266 3460 383 3526 ιξει
429 3459 597 3513 τόπον
642 3461 1004 3525 ἑνυπόστατος
1055 3462 1330 3534 βούλησις,
1385 3464 1569 3535 τρίτον
1616 3466 1854 3536 ἀποφαί-

267 3569 435 3607 νουσα
470 3553 562 3607 τὺν
582 3552 711 3606 Υίὸν
731 3553 823 3607 τὸν
853 3555 1092 3627 προσεχῆ
1116 3555 1195 3627 τῷ
1216 3556 1413 3627 Πατρὶ,
1448 3557 1582 3611 καθὸ
1607 3558 1702 3612 καὶ
1728 3559 1857 3624 Υίὺς

266 3645 423 3699 οὐδὲν
452 3644 594 3715 ιχων
630 3645 964 3717 μισολαῦούν
990 3648 1089 3719 τὴν
1111 3648 1365 3718 γέννησιν
1404 3649 1571 3704 αὐτοῦ
1595 3668 1611 3718 ;
1642 3651 1731 3705 Διὸ
1761 3652 1856 3705 καὶ

268 3737 434 3802 αὐτός
466 3739 616 3793 ἐστιν
643 3741 677 3812 ή
716 3740 867 3804 ζῶσα
892 3741 992 3796 -καὶ
1017 3742 1259 3806 ἑκούσιος
1286 3744 1320 3813 ἡ
1354 3742 1609 3815 βούλησις
1637 3742 1731 3800 τοῦ
1772 3760 1854 3812 γε⁴

267 3830 617 3900 γιννηκὸτος.

953 3947 1157 4002 AAAO.

338 4046 457 4121 Τῆς
481 4049 791 4125 βουλήσεως
817 4054 911 4116 τοῦ
942 4056 1156 4130 Πατρὺς
1184 4059 1510 4133 χαρακτῆρα
1542 4064 1638 4116 καὶ
1664 4054 1856 4133 ὁμοίω-

266 4158 357 4196 σιν
382 4137 522 4195 ιῐναι
544 4143 636 4197 τὸν
663 4144 792 4198 Υίὸν
813 4142 1264 4223 καταψεύδονται,
1294 4149 1410 4205 ἀλλ’
1430 4152 1531 4206 οὐκ
1562 4153 1729 4209 αὐτοῦ
1758 4152 1852 4208 τοῦ

266 4232 506 4303 Πατρός.
537 4234 628 4287 Διὸ
660 4234 724 4307 δὴ
752 4235 916 4299 πάλιν
947 4239 1248 4310 ιρωτητέον
1274 4243 1400 4307 τοὺς
1427 4247 1852 4317 χριστομάχους,

266 4320 332 4377 ει
368 4323 556 4394 ὅμοιός
588 4324 737 4380 ἐστιν
774 4328 804 4381 6
838 4329 1030 4401 Πατήρ
1068 4332 1171 4402 τῆς
1211 4334 1409 4388 ἑαυτυῦ
1447 4336 1775 4409 βουλήσεως,
1817 4339 1851 4409 ἢ

264 4413 420 4484 οὐχίς
478 4414 543 4467 Εί
594 4417 693 4484 μὲν
742 4417 852 4488 γὰρ
907 4419 1182 4489 ἀνόμοιος,
1232 4424 1493 4495 ἀνομοίαν
1532 4426 1710 4498 ἑαυτῷ
1752 4428 1852 4500 τὴν

266 4502 526 4576 βούλησιν
548 4504 660 4576 ἔχει
679 4521 692 4534 ·
724 4507 817 4560 καὶ
849 4508 1039 4563 σιωπῶ
1072 4511 1210 4583 πρὸς
1246 4513 1405 4567 τοῦτο
1440 4515 1503 4569 τὸ
1533 4515 1815 4587 δύσφημον
1834 4534 1848 4547 ‘

263 4597 314 4650 el
351 4596 411 4649 δι
442 4596 635 4663 ὁμοίαν
663 4598 842 4671 ἑαυτῷ
870 4600 969 4671 τὴν
1006 4600 1260 4674 βούλησιν
1290 4603 1423 4674 ἔχει,
1450 4601 1540 4677 ἦς,
1580 4605 1656 4671 ὥς
1691 4625 1851 4677 φατε,
1884 4589 1932 4648 D

261 4688 554 4759 χαρακτήρ
593 4689 709 4741 ἐστι
753 4690 848 4744 καὶ
890 4690 1056 4745 είκὼν
1094 4694 1124 4747 6
1159 4695 1306 4761 Υἱὸς,
1345 4697 1521 4753 ἔοικεν
1564 4700 1673 4772 ἀρα
1705 4703 1847 4757 κατὰ

260 4778 423 4832 τοῦτο
448 4778 528 4848 τῷ
561 4779 755 4849 Πατρί.
789 4781 913 4846 Πῶς
951 4778 1045 4837 οὖν
1087 4785 1341 4856 ἀνόμοιος
1381 4788 1535 4845 ἔσται
1567 4794 1708 4847 κατὰ
1751 4793 1848 4865 τὴν

259 4868 452 4929 οὐσίαν
478 4869 645 4940 αὐτῷ,
675 4872 703 4924 6
746 4870 836 4925 διὰ
873 4873 936 4926 τὸ
964 4877 1028 4945 τῇ
1064 4876 1313 4948 βουλήσει
1347 4884 1725 4955 προσεοικέναι
1751 4902 1848 4955 χα-

262 4960 480 5032 ρακτήρ
511 4960 587 5013 ὢν
616 4962 818 5029 αύτοῠ;
852 4965 1208 5033 Συγκείσεται
1250 4972 1380 5043 γάρ,
1417 4973 1484 5029 ἀν
1523 4975 1695 5041 οὕτως
1724 4977 1845 5050 ἔχῃ,

260 5051 386 5104 καθ’
414 5053 582 5124 ὑμᾶς,
624 5055 683 5122 ἐξ
711 5056 897 5125 ὁμοίου
929 5059 1023 5112 καὶ
1061 5059 1121 5127 ἐξ
1153 5062 1409 5132 ἀνομοίου
1451 5066 1481 5118 6
1514 5066 1660 5132 Υἱὸς,
1705 5071 1847 5125 κατά

258 5158 312 5194 τι
341 5142 444 5211 μιν
472 5143 664 5208 ἐοικὼς
694 5145 771 5217 τῷ
814 5148 1011 5221 Πατρὶ,
1042 5153 1184 5208 κατά
1209 5171 1261 5207 τι
1300 5154 1358 5208 δὲ
1396 5156 1847 5231 ἀλλοτριούμενος

257 5233 361 5314 τῆς
393 5234 533 5305 πρὸς
560 5235 723 5291 αὑτὸν
755 5239 1093 5309 ὁμοιότητος.
1124 5238 1280 5309 Εἶτα,
1313 5251 1466 5311 ποῖος
1498 5254 1844 5324 συγχωρήσει

258 5324 419 5393 λόγος
442 5326 505 5379 τὸ
536 5326 594 5396 ἒν
619 5330 738 5381 κατ’
765 5329 954 5384 οὐσίαν
984 5333 1228 5406 ὑπάρχον
1270 5338 1363 5391 καὶ
1388 5340 1446 5391 ὲν
1470 5341 1710 5413 ἀριθμῷ,
1734 5338 1851 5399 οἷον

261 5414 476 5468 Παῦλον
504 5416 667 5486 τυχὸν
706 5418 739 5489 ἣ
785 5417 1013 5491 Πέτρον,
1042 5423 1136 5483 δύο
1165 5428 1353 5498 φέρειν
1381 5430 1438 5481 ἐν
1482 5432 1667 5503 ταυτῷ
1706 5437 1846 5491 κατά

262 5504 423 5573 φύσιν
450 5505 519 5559 τά
549 5507 796 5575 ἐναντίω
824 5511 900 5566 Οὐ
930 5512 1041 5585 γὰρ
1068 5516 1358 5587 δυνήσεταί
1386 5539 1468 5585 τις
1494 5524 1668 5577 εἰπεῖν
1695 5541 1707 5554 ο
1738 5526 1842 5579 Λο-

265 5598 410 5689 γικὸς
444 5596 657 5689 τέλείμι
698 5603 793 5656 καὶ
838 5603 1067 5675 ἄλογος·
1098 5610 1210 5669 οὐδ’
1240 5607 1307 5665 αὖ
1349 5613 1409 5666 τὸ
1450 5614 1559 5689 πῦρ
1600 5617 1719 5686 ἐρεῖ
1759 5628 1842 5680 τις

262 5686 460 5762 θερμὸν
487 5684 625 5748 εἶναι
668 5709 729 5745 τε
762 5696 857 5749 και
898 5695 1140 5770 ψυχρόνο
1170 5701 1251 5755 δεῖ
1278 5704 1408 5775 γὰρ,
1440 5684 1557 5770 an,»
1602 5684 1838 5781 ἐνυπάρ-

326 5850 373 5885 ¹¹
403 5851 421 5906 l
452 5852 577 5908 Cor.
613 5867 653 5919 I,
681 5852 771 5908 24.

575 5952 845 6036 Panos.
894 5953 1010 6016 Gn.
1060 5957 1311 6022 LXXV.

1965 2039 2259 2107 exsistunt,
2290 2043 2508 2096 easdem
2538 2044 2745 2113 absque
2776 2043 2884 2107 ulla
2916 2042 3222 2099 diﬂ‘erentia
3268 2041 3558 2098 facultates

1965 2132 2322 2201 actionesque
2360 2132 2506 2197 edet,
2556 2149 2680 2197 eum
2726 2148 2793 2194 eo
2843 2134 2985 2214 quod
3018 2148 3219 2212 genere
3266 2144 3430 2204 atque
3465 2150 3553 2191 es-

1965 2221 2140 2275 sentia
2168 2220 2392 2289 diﬂ‘ert;
2426 2230 2653 2285 utentur
2691 2237 2820 2283 vero
2846 2236 2910 2287 ea
2942 2233 3154 2279 tantum
3194 2225 3389 2283 iisdem
3424 2240 3554 2298 pro-

1964 2310 2451 2383 prietatibus,_quae
2485 2327 2589 2369 una
2620 2323 2785 2384 atque
2813 2315 3002 2371 eadem
3028 2317 3258 2387 prmdita
3293 2328 3424 2373 sunt
3451 2334 3553 2373 na-

1965 2412 2086 2455 tura
2115 2420 2129 2455 :
2166 2412 2220 2458 at
2254 2392 2457 2473 quibus
2493 2419 2597 2460 una
2628 2407 2856 2478 contigit
2885 2408 3143 2463 essentia:
3184 2409 3439 2477 societas,
3485 2425 3552 2466 ea

1962 2493 2130 2547 etiam
2170 2494 2425 2550 omnibus
2460 2494 2662 2549 similia
2698 2496 2843 2551 inter
2875 2511 2935 2552 se
2960 2505 3140 2553 erunt.
3170 2497 3227 2553 Si
3272 2514 3405 2568 ergo
3442 2515 3548 2553 una

1964 2589 2049 2637 est
2076 2581 2324 2650 operatio
2373 2582 2553 2640 Patris
2589 2594 2644 2640 et
2673 2585 2821 2654 Filii,
2865 2587 3169 2663 eademque
3210 2570 3455 2665 potentia
3494 2589 3549 2643 in

1964 2672 2216 2728 omnibus
2245 2673 2516 2738 cernitur,
2560 2689 2671 2730 non
2711 2686 2796 2732 est
2826 2676 3059 2734 dualilas
3096 2680 3327 2743 diversa:
3366 2694 3553 2736 essen-

1965 2766 2075 2823 tia.
2101 2765 2169 2821 Et
2191 2766 2236 2821 si
2268 2767 2339 2821 ita
2367 2777 2476 2836 est,
2498 2770 2731 2838 gestabit
2755 2772 2981 2834 omnino
3001 2771 3413 2838 similitudinem
3443 2773 3549 2833 Pa-

1964 2856 2065 2912 tris
2108 2856 2299 2926 Filius,
2349 2870 2409 2914 ut
2446 2861 2963 2935 eonsubstantialis;
3002 2877 3179 2934 neque
3219 2865 3324 2920 erit
3370 2866 3551 2937 imago

1964 2947 2277 3014 voluntatis,

2636 3070 2871 3129 ALIUD.

2033 3176 2089 3232 Si
2117 3193 2455 3251 quaecunque
2499 3184 2692 3239 statuit
2725 3184 2868 3243 Deus
2896 3196 2956 3243 et
2988 3189 3170 3256 Pater,
3196 3192 3387 3247 eadem
3434 3203 3546 3248 sta-

1963 3271 2064 3326 tuit
2092 3285 2147 3351 et
2173 3271 2345 3329 Filius
2368 3273 2539 3345 (nulla
2566 3277 2713 3331 enim
2752 3278 3021 3335 dissensio
3051 3282 3103 3335 in
3141 3298 3245 3336 una
3276 3292 3331 3337 et
3358 3284 3540 3339 incor—

1962 3371 2121 3432 rupta
2152 3362 2472 3436 Trinitate).
2510 3382 2670 3437 quem
2705 3368 2886 3425 locum
2916 3372 3137 3427 habebit
3172 3374 3424 3431 voluntas
3453 3392 3549 3445 per

1962 3469 2022 3509 se
2048 3457 2375 3522 subsistens,
2396 3459 2616 3514 tertium
2637 3464 2977 3518 constituens
3003 3462 3202 3521 Filium
3231 3468 3567 3533 immediate

1960 3550 2314 3617 coniunctum
2342 3547 2515 3615 Patri,
2550 3561 2808 3622 tanquam
2853 3564 2909 3611 et
2932 3554 3105 3614 Filius
3147 3560 3238 3629 qui
3286 3561 3419 3615 nihil
3452 3562 3548 3618 ha-

1960 3640 2053 3694 bet
2098 3641 2480 3699 intermedium
2521 3643 2667 3701 inter
2708 3662 2866 3703 suam
2916 3651 3362 3720 generationem?
3397 3654 3546 3721 Quo-

1958 3732 2105 3787 circa
2141 3733 2257 3803 ipse
2288 3744 2371 3790 est
2402 3735 2593 3794 vivens
2622 3748 2786 3810 atque
2818 3742 3134 3799 essentialis
3164 3743 3417 3803 voluntas
3450 3762 3545 3819 ge-

1959 3825 2175 3881 nitoris.

2640 3946 2877 4005 ALIUD.

2031 4052 2343 4112 Voluntati:
2364 4067 2627 4129 paternae,
2665 4075 2773 4115 non
2810 4070 2990 4117 autem
3018 4064 3189 4129 ipsius
3221 4064 3333 4139 64
3366 4066 3547 4123 Patris

1958 4144 2339 4202 characterem
2366 4159 2421 4204 et
2450 4148 2863 4219 similitudinem
2888 4167 3011 4209 esse
3033 4152 3232 4211 Filium
3266 4159 3543 4213 mentiun-

1961 4247 2068 4290 tur.
2099 4239 2278 4309 Atqne
2310 4239 2517 4296 ideirco
2550 4254 2743 4301 rursus
2789 4239 3163 4316 interrogandi
3193 4257 3322 4301 sunt
3357 4242 3545 4303 hostes

1959 4326 2091 4395 Dei,
2143 4344 2211 4385 an
2256 4331 2452 4389 similis
2502 4333 2577 4391 sit
2618 4332 2784 4389 Pater
2827 4352 2942 4391 sua:
2992 4335 3290 4403 voluntati,
3344 4356 3539 4395 necne.

1956 4416 2091 4473 Nam
2115 4422 2159 4474 si
2194 4422 2480 4478 dissimilis
2510 4435 2616 4491 est,
2651 4441 2780 4496 ergo
2808 4427 3130 4493 dissimilem
3162 4428 3266 4483 sibi
3299 4430 3545 4485 volunta-

1962 4518 2069 4562 tem
2103 4511 2265 4567 habet
2289 4528 2305 4567 :
2333 4524 2387 4569 et
2433 4525 2587 4571 taceo
2621 4517 3015 4587 blasphemiam
3045 4534 3167 4599 qua:
3200 4521 3324 4576 inde
3357 4525 3545 4600 sequi-

1960 4605 2079 4666 tur;
2116 4603 2161 4656 si
2186 4618 2316 4661 vero
2339 4606 2573 4661 similem
2598 4607 2703 4663 sibi
2738 4608 2840 4683 ipsi
2875 4610 3209 4666 voluntatem
3236 4609 3422 4678 habet,
3452 4630 3543 4667 cu-

1957 4691 2064 4761 jus,
2095 4704 2152 4747 ut
2181 4696 2385 4761 dicitis,
2421 4697 2708 4756 character
2726 4712 2810 4758 est
2832 4712 2886 4757 et
2914 4700 3091 4775 imago
3122 4698 3312 4769 Filius,
3347 4707 3543 4759 similis

1955 4786 2121 4856 igitur
2164 4788 2267 4848 hac
2313 4804 2379 4843 ex
2428 4801 2583 4858 parte
2611 4801 2696 4846 est
2744 4790 2914 4847 Patri.
2965 4793 3249 4861 Quomodo
3282 4792 3446 4867 igitur
3491 4798 3540 4850 ei

1952 4876 2234 4933 dissimilis
2266 4879 2374 4933 erit
2412 4877 2571 4948 juxta
2616 4882 2912 4945 essentiam
2959 4882 3004 4936 is
3051 4883 3144 4961 qui
3177 4883 3248 4937 ob
3293 4885 3345 4941 id
3393 4889 3537 4955 quod

1949 4969 2227 5026 voluntate
2256 4973 2452 5028 similis
2483 4974 2573 5040 sit,
2609 4973 2894 5029 character
2931 4976 3099 5044 ipsius
3148 4977 3268 5033 est?
3294 4977 3351 5032 Si
3394 4980 3540 5034 enim

1951 5061 2023 5117 ita
2066 5070 2184 5126 est,
2244 5072 2300 5117 ut
2347 5079 2442 5120 vos
2492 5064 2819 5135 Opinamini,
2861 5079 2927 5119 ex
2977 5065 3144 5122 simili
3196 5078 3251 5122 et
3282 5068 3539 5124 dissimili

1952 5157 2289 5229 compositus
2320 5158 2427 5221 erit
2450 5157 2623 5215 Filius
2651 5177 2667 5215 :
2698 5159 2881 5229 aliqua
2924 5176 2993 5219 ex
3021 5172 3178 5234 parte
3212 5164 3407 5221 similis
3433 5164 3539 5220 Pa-

1955 5247 2045 5315 tri,
2090 5264 2157 5302 ex
2205 5250 2310 5303 alia
2348 5265 2479 5305 vero
2521 5266 2550 5302 a
2595 5252 2951 5309 similitudine
2982 5270 3107 5309 cum
3143 5255 3259 5325 ipso
3300 5256 3535 5313 alienus.

1954 5340 2180 5407 Deinde,
2210 5356 2333 5411 qua:
2360 5343 2501 5397 ratio
2528 5342 2635 5397 huc.
2660 5336 2789 5413 fert,
2818 5356 2878 5398 ut
2902 5345 2953 5400 id
2983 5345 3127 5416 quod
3150 5347 3460 5409 substantia
3482 5362 3539 5405 et

1955 5447 2184 5487 numero
2217 5449 2382 5488 unum
2418 5444 2523 5502 est,
2566 5443 2621 5491 ut
2653 5436 2873 5499 l‘aulus,
2911 5437 2993 5491 vel
3018 5438 3234 5505 Petrus,
3267 5441 3372 5496 duo
3398 5442 3454 5498 in
3480 5460 3538 5498 se

1956 5524 2153 5579 habeat
2182 5525 2506 5581 naturaliter
2533 5526 2807 5584 contraria
2831 5526 2853 5578 ?
2878 5524 3061 5599 Neque
3077 5529 3220 5582 enim
3248 5532 3537 5603 quisquam

1953 5621 2138 5679 dicere
2172 5624 2410 5690 poterit:
2458 5624 2594 5679 Sum
2629 5625 2840 5683 ratione
2885 5629 3163 5696 prmditus,
3195 5640 3250 5683 et
3281 5646 3402 5686 sum
3445 5650 3535 5687 ra-

1959 5712 2120 5767 tionis
2169 5728 2400 5781 expers;
2457 5729 2632 5785 neque
2690 5716 2828 5771 ullus
2894 5718 3071 5786 ignem
3127 5719 3364 5778 calidum
3412 5740 3536 5782 esse

3088 5969 3128 6033 [ι
