4048 6462
592 419 693 471 107

1611 414 1666 467 S.
1704 411 1974 467 ειίιιιιι
2021 403 2486 467 Αιεχλιιυιιιιςι
2528 408 2846 464 ARCIIle.

3717 408 3809 461 108

591 534 788 589 dixerit
820 532 974 589 simul
1021 540 1075 586 ct
1114 530 1367 597 frigidum
1404 546 1417 582 :
1453 542 1671 583 necesse
1722 528 1863 582 enim
1901 538 2006 592 est,
2036 543 2126 581 uur

2244 542 2446 595 χοντος,
2502 524 2849 597 ἀναρρεῖσθαι
2887 522 2991 575 τῶν
3044 524 3457 593 σημαινομένων
3511 523 3567 575 τὺ
3612 522 3805 593 ἕτερον.

589 626 902 685 exsistcnte,
925 622 1147 676 alterum
1176 635 1360 675 eorum
1403 633 1520 689 qua:
1547 618 1916 689 signiﬁcantur
1948 619 2144 688 perire.

590 712 731 768 Fieri
764 714 941 782 itaque
974 727 1079 767 non
1114 720 1290 781 potest
1317 719 1373 764 ut
1402 710 1455 763 in
1491 708 1626 764 Filio
1658 708 1953 765 similitudo
1986 708 2145 763 simul

586 807 659 858 sit
687 812 741 857 et
767 803 1172 858 dissimilitudo.
1197 801 1328 857 Cum
1357 815 1486 855 vero
1511 814 1665 854 sacra
1691 799 1967 868 Scriptura
1992 798 2146 854 simi-

587 891 693 950 lem
727 892 871 948 Patri
904 908 1022 947 esse
1056 900 1307 954 testetur,
1334 905 1563 961 cumque
1605 891 1718 961 ipse
1756 892 1903 946 dicat
1941 908 1956 946 :
1993 910 2012 942 ι
2043 890 2143 958 Qui

586 982 722 1037 vidit
747 998 859 1046 nte,
887 982 1018 1037 vidit
1048 989 1104 1036 et
1130 980 1340 1035 Patrem
1360 980 1457 1046 “,n
1492 981 1980 1036 dissimilitudinem
2007 983 2146 1035 hanc

584 1085 690 1125 non
708 1071 1067 1133 admittemus,
1093 1082 1188 1139 per
1219 1068 1335 1122 haec
1371 1069 1670 1122 testimonia
1708 1069 1772 1127 ad
1796 1068 1851 1123 id
1883 1070 2025 1137 quod
2057 1083 2146 1122 re—

582 1160 697 1216 rius
722 1161 1239 1229 convenientiusque
1256 1170 1339 1215 est
1352 1160 1587 1213 adducti.
1615 1158 1815 1213 Etcum
1854 1174 1957 1213 non
1991 1162 2141 1217 dise-

582 1255 694 1309 rit:
722 1253 821 1321 Qui
857 1254 989 1308 vidit
1020 1266 1133 1321 me,
1166 1255 1296 1309 vidit
1335 1267 1383 1310 et
1424 1254 1747 1309 voluntatem
1788 1254 1965 1310 Patris
1998 1259 2134 1321 mei,

581 1356 685 1395 non
730 1343 1051 1409 voluntatis,
1099 1344 1193 1399 sed
1237 1342 1414 1399 Patris
1453 1344 1740 1413 imaginem
1789 1359 1908 1400 esse
1946 1345 2137 1402 Filium

579 1432 883 1488 fatebimur.

1244 1545 1475 1601 ALIUD.

647 1662 779 1726 Quae
819 1674 848 1713 a
890 1669 1071 1713 mutua
1110 1658 1486 1728 conjunctione
1524 1667 1578 1713 et
1618 1659 1846 1713 naturali
1888 1659 2135 1713 similitu-

578 1750 705 1804 dine
733 1752 1023 1813 recedunt,
1050 1760 1103 1804 et
1129 1750 1432 1804 essentialis
1459 1750 1734 1819 qualitatis
1765 1751 1969 1805 ratione
2001 1752 2139 1804 inter

2256 616 2460 671 Οὐκοῦν
2487 618 2762 687 ἀμήχανον
2793 616 2850 667 ὲν
2880 614 2993 682 Υίῷ
3019 616 3111 667 καὶ
3135 614 3197 667 τὸ
3238 616 3418 684 ὅμοιον
3446 610 3584 667 εἶναι
3624 616 3712 667 καὶ
3738 597 3807 667 ’τὲ

2253 708 2526 777 ἀνόμοιον.
2567 706 3079 776 Ἐπιμαρτυροὺσης
3099 706 3155 758 δὶ
3183 706 3281 774 τῆς
3317 704 3465 768 θείας
3496 704 3642 774 αὑτῷ
3683 705 3807 775 Γραο

2253 798 2361 867 φῆς
2400 796 2495 868 τὴν
2524 796 2816 866 ὁμοιότητα
2858 796 2957 862 τὴν
2987 794 3122 864 πρὸς
3147 795 3235 847 τὸν
3266 795 3508 865 Πατέρα,
3536 796 3627 847 καὶ
3653 794 3807 847 αὑτοῦ

2250 888 2306 940 δὲ
2340 886 2634 955 φάσκοντος
2656 903 2669 919 ·
2716 904 2735 938 ι
2792 886 2848 939 '0
2877 886 3136 956 ἑωρακὼς
3184 884 3305 955 litt,
3339 885 3550 955 ἑώρακε
3592 885 3677 938 τὸν
3708 886 3808 938 Ila-

2248 978 2403 1048 τέρα,
2448 996 2466 1028 ι
2503 978 2561 1030 τὸ
2588 977 2837 1047 ἀνόμοιον
2867 978 2925 1029 οὑ
2960 974 3391 1048 παραδεξόμεθα,
3430 978 3808 1047 ποδηγούμενοι

2248 1067 2333 1121 διὰ
2386 1066 2589 1119 τούτων
2632 1068 2723 1119 ἐπὶ
2767 1066 2829 1118 τὸ
2871 1066 3230 1136 ἀληθέστερόν
3276 1083 3334 1119 τι
3394 1068 3488 1119 καὶ
3536 1067 3808 1136 πρεπωδέ-

2250 1174 2458 1227 στερον.
2518 1157 2734 1227 Ἐπειδὴ
2777 1156 2833 1209 δὲ
2881 1157 3041 1211 πάλιν
3080 1157 3179 1209 οὑκ
3222 1152 3407 1211 εἶπεν·
3449 1158 3509 1210 ὐ
3560 1154 3808 1227 ἑωρακὼς

2248 1246 2367 1315 ιμὲ,
2402 1245 2497 1316 τὴν
2528 1244 2779 1316 βούλησιν
2821 1243 3029 1314 ἑώρακε
3077 1244 3171 1299 τοῦ
3206 1248 3413 1317 Πατρός
3457 1265 3582 1318 μου,
3617 1248 3675 1299 οὑ
3715 1246 3807 1315 τῆς

2249 1333 2551 1403 βουλήσεως
2582 1334 2761 1386 εἰκόνα
2788 1332 2877 1385 τὸν
2910 1332 3034 1385 Υίδν
3063 1334 3489 1405 ὁμολογήσομεν,
3514 1335 3626 1387 ἀλλ’
3651 1333 3807 1387 αὑτοῦ

2244 1422 2337 1477 τοῦ
2368 1422 2576 1493 Πατρδς
2602 1421 2677 1487 ὼς
2716 1423 2864 1475 Υίόν.

2927 1534 3129 1588 AAAO.

2313 1646 2392 1697 Τὰ
2430 1646 2528 1715 τῆς
2558 1647 2693 1717 πρὸς
2722 1644 2924 1716 ἄλληλα
2971 1647 3262 1715 συναφείας
3298 1648 3328 1718 ἢ
3371 1650 3607 1718 φυσικῆς
3648 1651 3809 1719 ἐμφε-

2244 1736 2393 1806 ριίας
2437 1736 2885 1807 ἀναχωρήσαντα,
2928 1739 3021 1790 καὶ
3065 1739 3205 1792 κατὰ
3246 1739 3336 1791 τὸν
3374 1740 3473 1809 τῆς
3526 1738 3809 1801 οὑσιὼὁους

575 1853 637 1895 se
666 1838 955 1902 dissident,
984 1852 1047 1891 ea
1084 1846 1177 1891 aut
1208 1838 1356 1900 loco,
1383 1848 1473 1890 aut
1510 1838 1620 1892 sola
1658 1839 1863 1894 ratione
1896 1839 2126 1905 seiuncta

2243 1828 2521 1897 ποιότητος
2553 1827 2706 1894 λόγον
2751 1830 3226 1898 ἁπεσχοινισμένα,
3280 1832 3613 1902 διίσταταιῆ
3662 1830 3809 1897 τόπῳ

574 1939 719 1985 sunt.
744 1929 810 1982 Et
834 1928 951 1983 loco
976 1928 1190 1997 quidem
1219 1942 1247 1979 a
1274 1935 1456 1981 mutua
1484 1927 1856 1995 conjunctione
1886 1944 2137 1999 separan-

577 2030 662 2074 tur
691 2034 810 2088 quae
840 2032 1155 2087 corpoream
1189 2018 1627 2073 constitutionem
1662 2020 1890 2086 habent;
1931 2021 2136 2078 ratione

576 2121 755 2165 autem
790 2109 1170 2178 disjunguntur
1204 2109 1491 2173 nonnulla,
1518 2124 1635 2177 qum
1675 2112 1945 2165 essentiali
1982 2112 2134 2167 Με-

574 2200 745 2256 renlia
778 2198 1051 2262 dilferunt,
1077 2207 1135 2252 ut
1166 2198 1323 2251 homo
1355 2199 1422 2252 ab
1453 2213 1611 2266 equo.
1642 2198 1983 2267 Quaecunque
2009 2217 2135 2257 vero

570 2284 1013 2356 signiﬁcationem
1058 2295 1113 2339 el.
1155 2285 1297 2354 quod
1338 2298 1403 2339 ex
1446 2284 1574 2353 ipsis
1616 2285 1841 2339 ellicitur
1877 2289 2135 2345 dissimile

572 2374 807 2441 habent,
844 2390 906 2430 ea
966 2376 1177 2432 ratione
1225 2376 1656 2445 cogitationeque
1707 2377 2128 2447 distinguuntur,

568 2463 1016 2533 quemadmodum
1078 2465 1283 2519 sanitas
1338 2474 1394 2519 et
1445 2469 1681 2521 morbus.
1737 2468 1814 2523 Ex
1871 2474 1953 2529 his
2008 2485 2133 2525 vero

568 2570 901 2624 quaecunque
928 2556 1038 2609 sola
1071 2555 1277 2610 ratione
1300 2566 1353 2610 ct
1384 2556 1573 2613 eﬂ’ectu
1603 2562 1873 2613 contraria
1909 2563 2046 2616 inter
2074 2578 2131 2617 se

569 2656 731 2713 sunt,
789 2648 1073 2718 peritiores
1133 2648 1435 2718 philosophi
1492 2654 1763 2706 contraria
1822 2654 2127 2719 iuunediata

567 2748 790 2801 vocant;
846 2738 951 2792 alia
995 2753 1123 2793 vero
1176 2740 1426 2795 mediata.
1471 2744 1786 2797 lmmediata
1835 2746 2024 2811 igitur,
2073 2756 2129 2800 ut

568 2828 724 2881 modo
758 2827 1020 2892 diximus,
1048 2838 1171 2881 sunt
1204 2829 1407 2885 sanitas
1447 2841 1501 2884 et
1538 2832 1755 2886 morbus
1798 2850 1809 2885 :
1849 2832 1969 2904 65,
1998 2836 2126 2889 nihil

2237 1920 2559 1989 τεμνόμενα,
2591 1920 2623 1990 ἢ
2671 1920 2860 1989 μόναις
2902 1922 3019 1982 ταῖς
3055 1921 3339 1984 ἐπινοίαις.
3390 1922 3551 1990 Τόπῳ
3586 1922 3683 1991 μὲν
3719 1916 3809 1973 οὖν

2234 2014 2332 2081 τῆς
2361 2010 2495 2082 πρὸς
2522 2009 2725 2079 ἄλληλα
2763 2011 3055 2078 συναφείας
3082 2010 3348 2064 διίσταται
3378 2012 3445 2063 τὰ
3491 2009 3808 2080 σωματικὴν

2236 2103 2426 2172 ἔχοντα
2482 2103 2761 2165 σύστασιν,
2819 2101 3083 2154 διίσταται
3121 2102 3177 2154 δὲ
3221 2103 3315 2155 καὶ
3358 2103 3499 2172 λόγῳ
3538 2104 3659 2155 τινὰ
3702 2100 3807 2152 τῶν

2236 2194 2375 2245 κατὰ
2432 2192 2528 2262 τὴν
2578 2191 2806 2262 οὑσιώδη
2868 2192 3148 2263 διαφορὰν,
3216 2193 3293 2255 ὼς
3364 2192 3650 2263 ἅνθρωπος
3722 2194 3808 2243 i1:-

2233 2300 2357 2335 που.
2390 2282 2470 2335 Τὰ
2498 2282 2555 2335 δὶ
2586 2283 2685 2335 ὅσα
2716 2282 2813 2353 τὴν
2842 2281 3071 2350 δήλωσιν
3106 2284 3199 2337 καὶ
3243 2283 3305 2336 τὸ
3350 2284 3408 2348 EE
3447 2285 3626 2337 αὑτῶν
3671 2286 3804 2338 ἀπυ-

2232 2371 2553 2442 τελούμενον
2606 2372 2856 2442 ἀνόμοιον
2906 2374 3037 2441 ἔχει,
3090 2374 3231 2444 λόγῳ
3275 2374 3414 2443 ψιλῷ
3454 2378 3548 2427 καὶ
3590 2374 3806 2444 ἐπινοίᾳ

2235 2462 2566 2533 μεριζόμενα
2605 2463 2873 2531 φαίνεται,
2906 2460 3015 2515 οἷον
3054 2464 3235 2531 ὑγίεια
3282 2466 3373 2517 καὶ
3403 2466 3573 2529 νόσος.
3628 2466 3717 2517 Ἐν
3747 2463 3804 2516 δὲ

2230 2550 2436 2613 τούτοις
2471 2552 2569 2604 ὅσα
2603 2550 2746 2622 λόγῳ
2779 2552 2923 2622 μόνῳ
2970 2553 3063 2605 καὶ
3096 2554 3175 2622 τῷ
3207 2553 3265 2620 ἐξ
3293 2554 3471 2607 αὑτῶν
3512 2554 3805 2607 ἀποτελου-

2233 2642 2378 2713 μένῳ
2404 2644 2523 2695 κατ’
2554 2646 2899 2713 ἐναντιότητα
2942 2643 3211 2715 διέστηκε,
3244 2646 3310 2698 τὰ
3341 2646 3439 2714 μὲν
3485 2644 3667 2715 ἄμεσα
3709 2663 3805 2698 κα-

2226 2712 2406 2787 λοῦσιν
2446 2735 2494 2787 οί
2528 2735 2595 2788 τὰ
2637 2738 2735 2803 τῆς
2781 2712 3433 2805 φνιλοσοφίαςνὴσκημένοι
3476 2712 3801 2805 μαθήματα,

2226 2824 2295 2876 τὰ
2317 2822 2373 2875 δὲ
2403 2823 2637 2893 ἔμμεσα.
2674 2824 2885 2893 ’Δμεσα
2920 2825 3021 2895 μὲν
3051 2820 3163 2888 οὖν,
3192 2824 3444 2896 καθάπερ
3472 2825 3569 2897 ήδη
3618 2828 3807 2897 προεῖ-

565 2918 706 2975 cnini
737 2918 875 2971 inter
903 2919 1015 2973 haec
1042 2927 1124 2973 est
1157 2920 1408 2973 medium.
1439 2920 1493 2974 Si
1525 2922 1666 2977 enim
1701 2922 1899 2991 aliquid
1934 2924 2124 2980 borum

2229 2932 2345 2979 πον,
2379 2916 2555 2982 ὑγίεια
2588 2915 2681 2968 καὶ
2721 2916 2904 2979 νόσος*
2953 2915 3106 2968 οὐδὲν
3137 2915 3245 2985 γὰρ
3276 2916 3478 2969 τούτων
3525 2919 3642 2970 ἐστὶ
3698 2934 3801 2987 με-

565 3007 764 3060 homini
799 3008 1027 3071 accidat,
1052 3009 1103 3061 id
1128 3009 1297 3062 solum
1330 3012 1382 3063 in
1414 3011 1528 3080 ipso
1554 3022 1656 3065 est.
1682 3014 1789 3065 Aut
1809 3017 1953 3067 enim
1989 3016 2124 3070 bene

2229 3004 2373 3068 ταξύ.
2412 3005 2472 3056 Εἰ
2498 3005 2606 3075 γὰρ
2635 3005 2719 3056 ἐπ’
2747 3004 3030 3074 ἀνθρώπου
3059 3006 3219 3075 τυχὸν
3252 3006 3469 3076 φέροιτό
3494 3024 3546 3059 τι
3571 3007 3801 3073 τούτων,

564 3098 722 3160 valet,
746 3109 834 3151 aut
856 3108 1110 3168 mgrotat;
1140 3099 1450 3169 nullumque
1480 3104 1619 3155 inter
1642 3115 1909 3171 egmtare
1938 3113 1991 3157 et
2018 3120 2121 3159 non

2229 3094 2281 3147 ἑν
2315 3093 2461 3147 ἔσται
2492 3096 2705 3158 πάντως
2734 3095 2789 3147 ὲν
2823 3094 2991 3165 αὐτῷ.
3037 3095 3108 3147 Ἢ
3143 3096 3249 3167 γὰρ
3281 3096 3530 3164 ὑγιαίνει,
3564 3098 3595 3167 ἢ
3627 3100 3799 3164 νοσεῖ,

560 3198 820 3256 aegrotare
852 3198 937 3242 est
967 3189 1219 3244 medium.
1245 3190 1470 3245 διδάξειε
1506 3207 1631 3246 vero
1662 3196 1932 3248 contraria
1963 3195 2119 3264 justi-

2229 3185 2316 3237 καὶ
2346 3186 2406 3237 τὸ
2442 3186 2601 3254 μέσον
2631 3185 2722 3238 τοῦ
2757 3189 2927 3238 νοσεῖν
2957 3186 2989 3256 ἢ
3026 3188 3097 3256 μὴ
3134 3190 3329 3253 νοσεῖν,
3364 3188 3538 3241 οὐδέν.
3580 3190 3801 3259 Ἐμμε-

561 3280 689 3331 tiam
726 3289 779 3333 et
810 3279 1119 3346 iniustitiam
1152 3294 1273 3336 esse
1307 3282 1510 3337 volunt.
1545 3282 1731 3353 Neque
1770 3286 1914 3338 enim
1951 3289 2126 3341 omnis

2229 3293 2318 3329 σον
2354 3274 2410 3328 δὲ
2440 3276 2536 3346 τὴν
2560 3276 2909 3347 δικαιοσύνην
2932 3272 3068 3330 εἷναί
3116 3294 3244 3345 φασι
3287 3279 3381 3331 καὶ
3419 3278 3515 3349 τήν
3556 3280 3798 3333 ἀδικίαν.

562 3371 723 3423 homo
764 3381 857 3425 aut
894 3372 948 3425 in
994 3372 1302 3426 universum
1343 3373 1551 3441 justus,
1588 3386 1677 3429 aut
1719 3376 1772 3429 in
1818 3377 2125 3430 universum

2239 3366 2565 3439 Ἐπειδὴ-περ
2599 3369 2659 3420 οὑ
2682 3370 2787 3431 πᾶς
2810 3368 3091 3438 ἄνθρωπος
3120 3369 3152 3439 ἢ
3178 3369 3478 3441 ὁλοκλήρως
3502 3370 3730 3436 δίκαιος,
3762 3370 3799 3442 ἢ

559 3460 789 3527 iniustus
825 3472 927 3516 est.
952 3462 1095 3517 Fieri
1133 3463 1276 3515 enim
1318 3475 1493 3531 potest
1525 3476 1583 3519 ut
1616 3467 1848 3521 medium
1891 3468 2123 3536 aliquem

2229 3457 2402 3520 ἄδικός
2436 3461 2572 3512 ἐστι.
2611 3460 2842 3515 Δυνατδν
2876 3462 2984 3528 γὰρ
3029 3460 3192 3529 μέσον
3242 3460 3430 3533 ὥσπερ
3481 3464 3600 3516 τινὰ
3628 3464 3800 3516 τόπον

557 3549 731 3605 locum
764 3553 1096 3608 inveniamus
1116 3594 1132 3615 ,
1158 3555 1409 3609 nimirum
1443 3562 1502 3609 ut
1530 3558 1653 3625 quis
1675 3571 1739 3609 ea
1771 3565 1920 3624 parte
1945 3558 2126 3624 justus

2229 3549 2475 3619 εὑρέσθαι
2504 3552 2566 3603 ὲκ
2594 3552 2795 3621 μέρους
2818 3550 3029 3604 δικαίου
3062 3551 3205 3615 τινὸς
3234 3550 3403 3617 ὄντος,
3422 3554 3523 3638 ,καὶ
3554 3555 3615 3606 οὑ
3650 3572 3798 3618 παν-

554 3641 647 3706 ait,
676 3655 778 3694 non
808 3652 983 3696 autem
1013 3643 1263 3697 omnibus
1284 3645 1527 3714 partibus
1558 3646 1813 3715 injustus.
1838 3645 1931 3701 llis
1958 3648 2121 3716 igitur

2229 3639 2385 3701 τελῶς
2409 3640 2613 3695 ἀδίκου.
2646 3641 2859 3694 Τούτων
2889 3641 3175 3711 τοιγαροῦν
3206 3642 3345 3696 κατὰ
3373 3644 3521 3697 τόνδε
3550 3646 3640 3698 τὸν
3665 3647 3799 3716 τρό-

554 3729 656 3785 Ιιοε
684 3731 839 3786 modo
867 3733 1241 3800 consideratis,
1265 3745 1319 3789 et
1344 3736 1784 3795 dissimilitudine
1813 3740 1866 3794 in
1895 3740 2119 3810 singulis

553 3820 715 3872 rebus
751 3822 1134 3891 pervestigata,
1170 3824 1443 3876 videamus
1476 3838 1706 3892 quonam
1751 3830 1908 3882 modo
1946 3843 2009 3883 es
2053 3831 2118 3885 iis

551 3922 671 3974 quae
701 3907 841 3961 dicta
875 3918 999 3963 sunt
1032 3910 1201 3964 Filius
1234 3926 1262 3963 ι
1299 3912 1645 3967 similitudine
1672 3915 1854 3970 Patris
1881 3916 2111 3974 diﬂerat.

551 3996 695 4051 Loco
728 4010 874 4053 certe
906 4000 1143 4068 separari
1183 4016 1341 4055 nemo
1372 4004 1571 4057 dixerit
1604 4023 1617 4058 :
1656 4021 1827 4075 neque
1858 4010 1998 4061 enim
2035 4021 2117 4063 est

550 4101 764 4155 corpus,
784 4101 1068 4157 corporum
1094 4098 1271 4145 autem
1300 4091 1575 4161 preprium
1603 4104 1686 4148 est
1707 4095 1961 4150 localibus
1990 4112 2115 4167 spa-

549 4177 641 4232 tiis
682 4178 894 4245 dirimi;
934 4180 1196 4249 reliquum
1244 4196 1373 4251 ergo
1405 4192 1489 4237 est
1520 4192 1576 4238 ut
1611 4185 1816 4239 ratione
1848 4184 2058 4241 differat
2095 4206 2109 4242 :

549 4270 758 4323 ratione
799 4279 977 4325 autem
1012 4270 1130 4341 dico
1171 4272 1422 4327 naturali.
1452 4274 1521 4327 At
1553 4276 1594 4329 si
1631 4286 1821 4329 natura
1858 4287 1939 4330 est
1975 4279 2111 4332 Deus

2217 3745 2318 3783 πον
2366 3731 2496 3801 ήμτν
2536 3732 2964 3802 διεσκεμμένων,
3016 3733 3111 3786 καὶ
3158 3736 3257 3803 τῆς
3293 3735 3676 3805 ἀνομοιότητος
3730 3740 3793 3790 ὲν

2216 3818 2424 3882 τούτοις
2450 3819 2843 3891 ἐξεταζομένης
2870 3824 2960 3875 ἐπὶ
2984 3823 3183 3886 παντὸς
3208 3825 3552 3894 πράγματος,
3587 3826 3794 3898 ἴδωμεν

2215 3907 2357 3960 κατὰ
2391 3912 2539 3961 ποῖον
2567 3910 2673 3962 τῶν
2722 3914 3022 3982 εἰρημένων
3063 3914 3217 3981 λόγον
3260 3916 3535 3984 ἀφέστηκε
3565 3918 3664 3986 τῆς
3691 3918 3793 3971 τοῦ

2215 3998 2424 4068 Πατρὺς
2456 4000 2771 4071 ὁμοιότητος
2801 4005 2828 4054 6
2857 4002 3000 4065 Υἱός.
3035 4003 3195 4073 Τόπῳ
3222 4004 3321 4073 μὲν
3346 4002 3438 4058 οὖν
3468 4007 3566 4059 οὑκ
3607 4010 3673 4062 ἄν
3700 4026 3793 4073 τις

2212 4088 2373 4141 αὑτὸν
2404 4089 2718 4160 μερίζεσθαι
2747 4091 2929 4160 λέγοι,
2962 4093 3083 4146 ἐπεὶ
3118 4095 3251 4165 μήτε
3287 4096 3445 4165 σῶμα
3475 4098 3590 4150 ἐστι
3615 4115 3627 4129 ·
3676 4116 3793 4153 σω-

2214 4178 2398 4248 μάτων
2431 4182 2536 4251 γὰρ
2592 4182 2721 4235 ἴδιον
2763 4187 3016 4246 τοπικαῖς
3065 4184 3381 4255 μερίζεσθαι
3429 4187 3784 4243 διαστάσεσι·

2210 4269 2453 4324 λείπεται
2482 4272 2661 4329 τοίνυν
2687 4273 2771 4339 τὸ,
2806 4274 2947 4345 λόγῳ
2986 4276 3310 4346 χωρίζεσθαι
3333 4292 3348 4307 ⁸
3384 4278 3524 4349 λόγῳ
3549 4279 3605 4332 δέ
3638 4298 3785 4351 φημι

2209 4359 2284 4431 τῷ
2312 4362 2451 4416 κατὰ
2480 4363 2579 4434 τὴν
2623 4364 2804 4432 φύσιν.
2849 4366 2986 4421 Ἀλλ’
3017 4367 3174 4438 εἰπερ
3225 4369 3383 4437 φύσει
3430 4370 3564 4433 θεὸς
3605 4372 3633 4423 6
3661 4373 3784 4424 lla.-

2208 4452 2330 4522 τὴρ,
2368 4455 2463 4507 καὶ
2491 4454 2649 4522 φύσει
2676 4456 2806 4520 Θεὸς
2849 4458 2877 4509 6
2920 4457 3066 4523 Υίὸς,
3098 4462 3249 4522 ποῖος
3281 4460 3441 4513 αὑτὸν
3482 4462 3781 4533 ἀποτέμνει

546 4359 727 4426 Pater,
753 4371 807 4415 et
834 4372 1026 4417 natura
1055 4361 1196 4417 Deus
1222 4364 1410 4429 Filius,
1438 4365 1735 4433 qualisnam
1768 4368 1907 4422 ratio
1939 4370 2109 4436 ipsum

547 4451 863 4519 distinguit?
890 4452 1019 4517 Quis
1048 4460 1225 4506 autem
1254 4468 1358 4507 non
1388 4454 1620 4507 fateatur
1641 4470 1701 4509 ea
1734 4472 1851 4523 quae
1872 4457 2107 4526 ejusdem

546 4543 795 4596 essentia:
825 4551 981 4607 sunt,
1012 4542 1209 4597 similia
1243 4544 1383 4598 inter
1412 4560 1470 4598 se
1499 4545 1652 4599 esse?
1682 4544 1975 4612 Praeterea,
2005 4565 2107 4602 non

2229 4543 2390 4611 ιόγοςς
2416 4545 2512 4607 Τίς
2531 4545 2586 4598 δὲ
2614 4547 2675 4599 οὑ
2714 4550 3054 4619 συγχωρήσει
3081 4550 3179 4619 τὴν
3203 4550 3339 4619 πρὸς
3364 4550 3567 4621 ἄλληλα
3594 4528 3783 4622 φορεῖν

543 4632 706 4689 veluti
736 4634 1453 4705 contrarium'distinguetur
1479 4634 1645 4689 Filius
1672 4652 1701 4689 a
1729 4637 1906 4704 Patre,
1933 4646 1991 4692 ut
2018 4640 2103 4693 illa

2229 4632 2499 4702 ,μοιότητα
2548 4632 2647 4702 τῆς
2698 4634 2863 4687 αὑτοῦ
2909 4632 3094 4699 οὐσίας
3140 4636 3479 4707 ὑπάρχοντας
3538 4638 3658 4691 Ἔτι
3715 4656 3777 4693 τε

543 4738 664 4793 qua:
693 4724 949 4779 dicuntur
977 4724 1307 4780 immediata.
1340 4722 1527 4794 Neque
1559 4726 1701 4781 enim
1733 4738 1790 4780 ut
1819 4730 2020 4783 sanitas
2052 4741 2105 4784 et

2229 4723 2340 4792 πρὸς
2374 4723 2568 4794 τούτῳ,
2603 4726 2721 4778 οὐδὲ
2749 4726 2824 4789 ὡς
2857 4728 3097 4781 ἐναντίον
3130 4728 3237 4795 ἔξει
3267 4748 3317 4783 τι
3348 4730 3483 4801 πρὸς
3524 4730 3615 4783 τὸν
3646 4731 3776 4785 Υίὸν

544 4813 766 4868 morbus
812 4814 953 4867 inter
996 4828 1057 4869 se
1099 4814 1394 4879 dissident;
1438 4831 1611 4884 neque
1656 4819 2100 4883 quemadmodum

2229 4813 2460 4884 Πατὴρ,
2485 4814 2560 4876 ὡς
2588 4814 2656 4868 τὰ
2678 4817 2854 4884 ἄμεσα
2884 4817 3205 4887 καλούμενα.
3239 4820 3313 4873 Οὐ
3343 4820 3451 4889 γὰρ
3490 4820 3565 4883 ὼς
3594 4821 3773 4888 ὑγίεια

541 4916 709 4957 υιιιιιιι
754 4902 955 4973 aliquid
987 4917 1173 4959 eorum
1202 4918 1319 4969 quae
1361 4904 1593 4959 diximus
1629 4905 1681 4958 in
1718 4907 1935 4960 homine
1971 4910 2100 4961 reti-

2229 4904 2294 4955 :al.
2330 4904 2482 4966 νόσος
2528 4904 2778 4973 ἀλλήλοις
2807 4905 3167 4960 ἁντίκεινται·
3202 4908 3321 4961 οὑδὲ
3373 4908 3562 4979 ὥσπερ
3608 4911 3667 4962 ἓν
3718 4929 3771 4980 τι

541 4990 655 5044 neri
674 5030 691 5056 ,
721 4991 859 5045 ratio
886 4992 1153 5057 ostendit,
1182 4994 1255 5046 ita
1285 4992 1447 5047 etiam
1476 4992 1559 5047 est
1587 4995 1640 5047 in
1669 4992 1827 5051 Patre
1857 5009 1912 5050 et
1942 4998 2095 5054 Filio.

2229 4995 2416 5047 ιάντων
2438 4994 2546 5048 τῶν
2568 4996 2690 5064 ειρη
2700 4995 2872 5064 μένων
2900 4997 2958 5048 ὲν
2981 4995 3288 5069 ἀνθρώποις
3316 4999 3584 5063 σώζεσθαι
3614 5004 3640 5053 6
3661 5002 3769 5054 τῶν

538 5074 813 5133 luhabitat
839 5080 983 5133 enim
1014 5094 1067 5133 In
1098 5080 1278 5149 aliquo
1300 5076 1462 5133 Pater
1495 5096 1509 5133 :
1539 5078 1803 5134 inhabitat
1826 5090 1882 5135 et
1907 5081 2092 5136 Filius.

2229 5085 2542 5155 ιραγμάτων
2600 5088 2897 5155 ἀναγκάσει
2931 5089 3109 5157 λόγος,
3135 5089 3277 5144 οὕτω
3304 5092 3397 5143 καὶ
3430 5092 3522 5143 ἐπὶ
3555 5092 3768 5161 [ἰατρὸς

537 5166 743 5237 Neque,
773 5169 1221 5238 quemadmodum
1252 5169 1339 5223 illa
1365 5170 1524 5224 simul
1554 5172 1717 5237 coire,
1748 5172 2009 5242 simulque
2042 5176 2092 5227 in

2229 5176 2294 5228 nl
2325 5176 2475 5231 Υίοῦ.
2514 5178 2744 5229 Ἐνοικεϊ
2772 5178 2879 5249 γάρ
2906 5196 3047 5232 τισιν
3074 5182 3101 5232 6
3126 5179 3335 5251 Πατὴρ,
3371 5182 3566 5233 ἐνοικεῖ
3589 5182 3644 5235 δὲ
3673 5184 3767 5235 καὶ

537 5260 724 5315 eodem
768 5260 1006 5328 subjecto
1044 5260 1341 5315 subsistere
1384 5274 1687 5330 nequeunt,
1725 5264 1794 5316 ita
1837 5262 2002 5318 Filius
2043 5277 2097 5319 et

2264 5267 2408 5331 Υίός.
2440 5268 2550 5321 Καὶ
2574 5268 2635 5319 οὑ
2666 5267 2913 5340 καθάπερ
2946 5272 3125 5323 ἐκεῖνα
3152 5274 3231 5334 είς
3251 5272 3445 5325 ταυτὸν
3472 5272 3767 5342 ἀσύμϐατά

537 5350 699 5406 Pater
741 5366 800 5406 se
843 5353 1039 5407 habent
1080 5369 1095 5404 :
1149 5371 1167 5403 ι
1222 5352 1357 5406 Ecce
1402 5355 1576 5418 enim,
1606 5354 1776 5422 inquit
1813 5354 2092 5422 Christus,

2232 5375 2257 5409 ε
2304 5366 2398 5411 καὶ
2437 5358 2830 5427 ἀσυνὺπαρκτά
2870 5362 3036 5423 ἐστιν,
3068 5360 3210 5414 οὑτω
3238 5364 3330 5415 καὶ
3376 5364 3404 5414 6
3436 5362 3561 5424 Υἱὸς
3608 5364 3699 5415 καὶ
3737 5366 3767 5415 6

2200 5450 2425 5519 Πατήρ·
2466 5468 2485 5500 ι
2537 5449 2667 5502 Ἰδοὺ
2701 5448 2828 5520 γὰρ,
2881 5452 3044 5521 φησιν
3084 5452 3113 5503 6
3159 5446 3409 5521 Χρισῶς,
3460 5450 3759 5503 είσελευσό-

2202 5538 2341 5608 μεθα
2371 5539 2481 5607 ἐγὼ
2514 5540 2608 5593 καὶ
2636 5541 2663 5591 6
2703 5541 2907 5611 Πατὴρ,
2937 5542 3029 5593 καὶ
3066 5541 3230 5611 μονὴν
3260 5541 3388 5611 παρ’
3411 5540 3558 5609 αὑτῷ
3602 5542 3763 5609 ποιή-

2200 5646 2381 5698 σομεν.
2433 5650 2450 5682 ι
2506 5630 2643 5683 Ἀλλ’
2690 5631 2807 5683 οὑδὲ
2843 5632 3011 5695 οὑτισις
3050 5631 3288 5701 έμμεσον
3332 5632 3480 5685 ἔσται
3528 5635 3760 5704 πρᾶγμα

540 5444 812 5497 veniemus
852 5458 953 5509 ego
988 5453 1043 5498 et
1079 5442 1256 5508 Pater,
1286 5452 1339 5497 et
1372 5444 1423 5495 in
1457 5445 1573 5513 ipso
1613 5446 1947 5499 manebimus
1968 5446 2032 5500 ".
2071 5466 2088 5496 ι

538 5531 644 5587 Sed
686 5549 855 5603 neque
899 5536 971 5589 ita
1018 5536 1191 5589 media
1224 5549 1311 5589 res
1346 5535 1448 5590 erit
1483 5535 1643 5591 Pater
1678 5540 1744 5590 ad
1780 5536 2005 5604 Fliilllll,
2040 5551 2095 5594 ut

531 5621 759 5691 iustitia.
788 5623 970 5693 Neque
993 5624 1136 5679 enim
1167 5625 1345 5679 minus
1373 5626 1476 5680 erit
1504 5624 1683 5692 Pater,
1711 5625 1889 5694 Pater,
1922 5644 2092 5699 neque

611 5777 653 5810 ³⁸
689 5781 841 5835 Juztn.
874 5797 979 5841 ιμ’,
1013 5782 1064 5834 9.
1143 5781 1187 5812 “
1220 5782 1349 5834 Illitl.
1387 5783 1476 5835 9.5.
