  <div class='ocr_page' id='page_1' title='image "/cluster/home/n/w/nwhite01/storage/ocr_20150623/75/ien.35556001661032/065.png"; bbox 0 0 4048 6492; ppageno 0'>
   <div class='ocr_carea' id='block_1_1' title="bbox 1590 423 2817 478">
    <p class='ocr_par' dir='ltr' id='par_1_1' title="bbox 1590 423 2817 478">
     <span class='ocr_line' id='line_1_1' title="bbox 1590 423 2817 478; baseline 0.002 -3"><span class='ocrx_word' id='word_1_1' title='bbox 1590 426 1643 475; x_wconf 70' lang='grc' dir='ltr'><strong>δ.</strong></span> <span class='ocrx_word' id='word_1_2' title='bbox 1688 424 1960 477; x_wconf 55' lang='grc' dir='ltr'><strong>ωιιιιδω</strong></span> <span class='ocrx_word' id='word_1_3' title='bbox 2004 423 2463 476; x_wconf 67' lang='grc' dir='ltr'><strong>ΑιελΑΜηιιΜ</strong></span> <span class='ocrx_word' id='word_1_4' title='bbox 2500 423 2817 478; x_wconf 75' lang='lat' dir='ltr'><strong>AllCillEP.</strong></span> 
     </span>
    </p>
   </div>
   <div class='ocr_carea' id='block_1_2' title="bbox 3708 435 3800 489">
    <p class='ocr_par' dir='ltr' id='par_1_2' title="bbox 3708 435 3800 489">
     <span class='ocr_line' id='line_1_2' title="bbox 3708 435 3800 489; baseline -0.033 0"><span class='ocrx_word' id='word_1_5' title='bbox 3708 435 3800 489; x_wconf 67' lang='lat' dir='ltr'><strong>ll!</strong></span> 
     </span>
    </p>
   </div>
   <div class='ocr_carea' id='block_1_3' title="bbox 563 542 2101 619">
    <p class='ocr_par' dir='ltr' id='par_1_3' title="bbox 563 545 2101 616">
     <span class='ocr_line' id='line_1_3' title="bbox 563 545 2101 616; baseline -0.007 -10"><span class='ocrx_word' id='word_1_6' title='bbox 563 550 903 607; x_wconf 74' lang='lat' dir='ltr'><strong>accumulant</strong></span> <span class='ocrx_word' id='word_1_7' title='bbox 935 567 946 602; x_wconf 90' lang='lat'>:</span> <span class='ocrx_word' id='word_1_8' title='bbox 984 562 1099 616; x_wconf 62' lang='lat' dir='ltr'><strong>qur</strong></span> <span class='ocrx_word' id='word_1_9' title='bbox 1130 547 1261 600; x_wconf 84' lang='lat' dir='ltr'><strong>adeo</strong></span> <span class='ocrx_word' id='word_1_10' title='bbox 1292 554 1530 599; x_wconf 85' lang='lat' dir='ltr'><strong>atrocem</strong></span> <span class='ocrx_word' id='word_1_11' title='bbox 1561 545 1951 613; x_wconf 75' lang='lat' dir='ltr'><strong>blasphemiam</strong></span> <span class='ocrx_word' id='word_1_12' title='bbox 1991 545 2040 597; x_wconf 91' lang='lat' dir='ltr'><strong>in</strong></span> <span class='ocrx_word' id='word_1_13' title='bbox 2078 558 2101 595; x_wconf 81' lang='grc' dir='ltr'><strong>ε</strong></span> 
     </span>
    </p>
   </div>
   <div class='ocr_carea' id='block_1_4' title="bbox 2203 542 3799 619">
    <p class='ocr_par' dir='ltr' id='par_1_4' title="bbox 2203 542 3799 619">
     <span class='ocr_line' id='line_1_4' title="bbox 2203 542 3799 619; baseline 0.006 -26"><span class='ocrx_word' id='word_1_14' title='bbox 2203 589 2207 602; x_wconf 77' lang='grc'><strong>,</strong></span> <span class='ocrx_word' id='word_1_15' title='bbox 2241 542 2352 611; x_wconf 82' lang='grc' dir='ltr'>ἔχει</span> <span class='ocrx_word' id='word_1_16' title='bbox 2391 543 2486 614; x_wconf 74' lang='grc' dir='ltr'>τὴν</span> <span class='ocrx_word' id='word_1_17' title='bbox 2520 544 2849 613; x_wconf 70' lang='grc' dir='ltr'><strong>δυσφημίαν,</strong></span> <span class='ocrx_word' id='word_1_18' title='bbox 2887 546 2958 607; x_wconf 81' lang='grc' dir='ltr'><strong>ὡς</strong></span> <span class='ocrx_word' id='word_1_19' title='bbox 3001 548 3159 599; x_wconf 79' lang='grc' dir='ltr'>παντί</span> <span class='ocrx_word' id='word_1_20' title='bbox 3189 566 3264 618; x_wconf 81' lang='grc' dir='ltr'>τῳ</span> <span class='ocrx_word' id='word_1_21' title='bbox 3294 548 3547 616; x_wconf 79' lang='grc' dir='ltr'>γενέσθαι</span> <span class='ocrx_word' id='word_1_22' title='bbox 3579 560 3799 619; x_wconf 68' lang='grc' dir='ltr'><strong>φευκτὰ.</strong></span> 
     </span>
    </p>
   </div>
   <div class='ocr_carea' id='block_1_5' title="bbox 557 636 2123 705">
    <p class='ocr_par' dir='ltr' id='par_1_5' title="bbox 557 636 2123 705">
     <span class='ocr_line' id='line_1_5' title="bbox 557 636 2123 705; baseline -0.006 -7"><span class='ocrx_word' id='word_1_23' title='bbox 557 644 869 705; x_wconf 72' lang='lat' dir='ltr'><strong>continent,</strong></span> <span class='ocrx_word' id='word_1_24' title='bbox 904 653 961 694; x_wconf 90' lang='lat' dir='ltr'><strong>ut</strong></span> <span class='ocrx_word' id='word_1_25' title='bbox 1009 642 1203 692; x_wconf 87' lang='lat' dir='ltr'><strong>merito</strong></span> <span class='ocrx_word' id='word_1_26' title='bbox 1240 638 1489 692; x_wconf 86' lang='lat' dir='ltr'><strong>omnibus</strong></span> <span class='ocrx_word' id='word_1_27' title='bbox 1534 639 1857 691; x_wconf 76' lang='lat' dir='ltr'><strong>exsecranda</strong></span> <span class='ocrx_word' id='word_1_28' title='bbox 1906 640 2031 690; x_wconf 82' lang='lat' dir='ltr'><strong>sint.</strong></span> <span class='ocrx_word' id='word_1_29' title='bbox 2065 636 2123 689; x_wconf 80' lang='lat' dir='ltr'><strong>Si</strong></span> 
     </span>
    </p>
   </div>
   <div class='ocr_carea' id='block_1_6' title="bbox 559 727 2125 806">
    <p class='ocr_par' dir='ltr' id='par_1_6' title="bbox 559 727 2125 806">
     <span class='ocr_line' id='line_1_6' title="bbox 559 727 2125 806; baseline -0.008 -16"><span class='ocrx_word' id='word_1_30' title='bbox 559 750 692 806; x_wconf 66' lang='lat' dir='ltr'><strong>ergo</strong></span> <span class='ocrx_word' id='word_1_31' title='bbox 719 749 834 789; x_wconf 80' lang='lat' dir='ltr'><strong>eam</strong></span> <span class='ocrx_word' id='word_1_32' title='bbox 866 748 985 800; x_wconf 69' lang='lat' dir='ltr'><strong>qua:</strong></span> <span class='ocrx_word' id='word_1_33' title='bbox 1019 733 1068 785; x_wconf 87' lang='lat' dir='ltr'><strong>in</strong></span> <span class='ocrx_word' id='word_1_34' title='bbox 1104 733 1259 785; x_wconf 85' lang='lat' dir='ltr'><strong>dictis</strong></span> <span class='ocrx_word' id='word_1_35' title='bbox 1295 745 1476 783; x_wconf 78' lang='lat' dir='ltr'><strong>eorum</strong></span> <span class='ocrx_word' id='word_1_36' title='bbox 1512 738 1593 782; x_wconf 90' lang='lat' dir='ltr'><strong>est</strong></span> <span class='ocrx_word' id='word_1_37' title='bbox 1625 728 2004 781; x_wconf 81' lang='lat' dir='ltr'><strong>absurditatem</strong></span> <span class='ocrx_word' id='word_1_38' title='bbox 2033 727 2125 778; x_wconf 88' lang='lat' dir='ltr'><strong>de-</strong></span> 
     </span>
    </p>
   </div>
   <div class='ocr_carea' id='block_1_7' title="bbox 572 820 2122 890">
    <p class='ocr_par' dir='ltr' id='par_1_7' title="bbox 572 820 2122 890">
     <span class='ocr_line' id='line_1_7' title="bbox 572 820 2122 890; baseline -0.006 -9"><span class='ocrx_word' id='word_1_39' title='bbox 572 827 753 881; x_wconf 66' lang='grc' dir='ltr'><strong>κείω-ἰ</strong></span> <span class='ocrx_word' id='word_1_40' title='bbox 790 823 1078 885; x_wconf 83' lang='lat' dir='ltr'><strong>convenit,</strong></span> <span class='ocrx_word' id='word_1_41' title='bbox 1116 836 1451 890; x_wconf 75' lang='lat' dir='ltr'><strong>consequens</strong></span> <span class='ocrx_word' id='word_1_42' title='bbox 1492 830 1575 874; x_wconf 89' lang='lat' dir='ltr'><strong>est</strong></span> <span class='ocrx_word' id='word_1_43' title='bbox 1604 829 1661 871; x_wconf 92' lang='lat' dir='ltr'><strong>ut</strong></span> <span class='ocrx_word' id='word_1_44' title='bbox 1692 820 1973 873; x_wconf 77' lang='lat' dir='ltr'><strong>credamus</strong></span> <span class='ocrx_word' id='word_1_45' title='bbox 2018 833 2122 871; x_wconf 91' lang='lat' dir='ltr'><strong>non</strong></span> 
     </span>
    </p>
   </div>
   <div class='ocr_carea' id='block_1_8' title="bbox 563 908 2121 975">
    <p class='ocr_par' dir='ltr' id='par_1_8' title="bbox 563 908 2121 975">
     <span class='ocr_line' id='line_1_8' title="bbox 563 908 2121 975; baseline -0.008 -6"><span class='ocrx_word' id='word_1_46' title='bbox 563 915 800 969; x_wconf 84' lang='lat' dir='ltr'><strong>additum</strong></span> <span class='ocrx_word' id='word_1_47' title='bbox 830 926 958 966; x_wconf 73' lang='lat' dir='ltr'><strong>esse</strong></span> <span class='ocrx_word' id='word_1_48' title='bbox 990 911 1185 965; x_wconf 79' lang='lat' dir='ltr'><strong>Filium</strong></span> <span class='ocrx_word' id='word_1_49' title='bbox 1217 908 1391 971; x_wconf 83' lang='lat' dir='ltr'><strong>Patri,</strong></span> <span class='ocrx_word' id='word_1_50' title='bbox 1424 909 1515 962; x_wconf 81' lang='lat' dir='ltr'><strong>sed</strong></span> <span class='ocrx_word' id='word_1_51' title='bbox 1554 922 1764 975; x_wconf 82' lang='lat' dir='ltr'><strong>semper</strong></span> <span class='ocrx_word' id='word_1_52' title='bbox 1798 916 2121 959; x_wconf 70' lang='lat' dir='ltr'><strong>coaeternnm</strong></span> 
     </span>
    </p>
   </div>
   <div class='ocr_carea' id='block_1_9' title="bbox 561 996 2122 1076">
    <p class='ocr_par' dir='ltr' id='par_1_9' title="bbox 561 996 2122 1076">
     <span class='ocr_line' id='line_1_9' title="bbox 561 996 2122 1076; baseline -0.006 -17"><span class='ocrx_word' id='word_1_53' title='bbox 561 1022 625 1059; x_wconf 78' lang='lat' dir='ltr'><strong>ex</strong></span> <span class='ocrx_word' id='word_1_54' title='bbox 658 1007 769 1076; x_wconf 89' lang='lat' dir='ltr'><strong>ipso</strong></span> <span class='ocrx_word' id='word_1_55' title='bbox 793 1004 975 1057; x_wconf 81' lang='lat' dir='ltr'><strong>fuisse.</strong></span> <span class='ocrx_word' id='word_1_56' title='bbox 994 1000 1061 1055; x_wconf 88' lang='lat' dir='ltr'><strong>Et</strong></span> <span class='ocrx_word' id='word_1_57' title='bbox 1082 1000 1551 1070; x_wconf 87' lang='lat' dir='ltr'><strong>quemadmodum,</strong></span> <span class='ocrx_word' id='word_1_58' title='bbox 1572 998 1615 1053; x_wconf 86' lang='lat' dir='ltr'><strong>si</strong></span> <span class='ocrx_word' id='word_1_59' title='bbox 1646 998 1855 1051; x_wconf 81' lang='lat' dir='ltr'><strong>additus</strong></span> <span class='ocrx_word' id='word_1_60' title='bbox 1879 996 1996 1060; x_wconf 80' lang='lat' dir='ltr'><strong>fuit,</strong></span> <span class='ocrx_word' id='word_1_61' title='bbox 2019 1010 2122 1049; x_wconf 92' lang='lat' dir='ltr'><strong>non</strong></span> 
     </span>
    </p>
   </div>
   <div class='ocr_carea' id='block_1_10' title="bbox 562 1086 2121 1152">
    <p class='ocr_par' dir='ltr' id='par_1_10' title="bbox 562 1086 2121 1152">
     <span class='ocr_line' id='line_1_10' title="bbox 562 1086 2121 1152; baseline -0.01 0"><span class='ocrx_word' id='word_1_62' title='bbox 562 1106 677 1151; x_wconf 83' lang='lat' dir='ltr'><strong>erat</strong></span> <span class='ocrx_word' id='word_1_63' title='bbox 711 1091 1186 1149; x_wconf 73' lang='lat' dir='ltr'><strong>eonsubstsntialis</strong></span> <span class='ocrx_word' id='word_1_64' title='bbox 1224 1110 1236 1145; x_wconf 87' lang='lat'><strong>:</strong></span> <span class='ocrx_word' id='word_1_65' title='bbox 1277 1090 1349 1144; x_wconf 88' lang='lat' dir='ltr'><strong>ita</strong></span> <span class='ocrx_word' id='word_1_66' title='bbox 1381 1090 1581 1152; x_wconf 84' lang='lat' dir='ltr'><strong>etiam,</strong></span> <span class='ocrx_word' id='word_1_67' title='bbox 1615 1102 1737 1142; x_wconf 89' lang='lat' dir='ltr'><strong>cum</strong></span> <span class='ocrx_word' id='word_1_68' title='bbox 1774 1086 1984 1140; x_wconf 86' lang='lat' dir='ltr'><strong>additus</strong></span> <span class='ocrx_word' id='word_1_69' title='bbox 2018 1100 2121 1138; x_wconf 88' lang='lat' dir='ltr'><strong>non</strong></span> 
     </span>
    </p>
   </div>
   <div class='ocr_carea' id='block_1_11' title="bbox 562 1178 2122 1253">
    <p class='ocr_par' dir='ltr' id='par_1_11' title="bbox 562 1178 2122 1253">
     <span class='ocr_line' id='line_1_11' title="bbox 562 1178 2122 1253; baseline -0.007 -11"><span class='ocrx_word' id='word_1_70' title='bbox 562 1187 737 1251; x_wconf 80' lang='lat' dir='ltr'><strong>fuerit,</strong></span> <span class='ocrx_word' id='word_1_71' title='bbox 768 1185 861 1240; x_wconf 87' lang='lat' dir='ltr'><strong>sed</strong></span> <span class='ocrx_word' id='word_1_72' title='bbox 891 1197 1103 1251; x_wconf 81' lang='lat' dir='ltr'><strong>semper</strong></span> <span class='ocrx_word' id='word_1_73' title='bbox 1131 1198 1249 1235; x_wconf 90' lang='lat' dir='ltr'><strong>cum</strong></span> <span class='ocrx_word' id='word_1_74' title='bbox 1276 1182 1392 1253; x_wconf 82' lang='lat' dir='ltr'><strong>ipso</strong></span> <span class='ocrx_word' id='word_1_75' title='bbox 1411 1180 1695 1243; x_wconf 71' lang='lat' dir='ltr'><strong>exstiterit,</strong></span> <span class='ocrx_word' id='word_1_76' title='bbox 1716 1180 1934 1234; x_wconf 87' lang='lat' dir='ltr'><strong>omnino</strong></span> <span class='ocrx_word' id='word_1_77' title='bbox 1963 1178 2122 1231; x_wconf 82' lang='lat' dir='ltr'><strong>etiam</strong></span> 
     </span>
    </p>
   </div>
   <div class='ocr_carea' id='block_1_12' title="bbox 558 1273 1247 1333">
    <p class='ocr_par' dir='ltr' id='par_1_12' title="bbox 558 1273 1247 1333">
     <span class='ocr_line' id='line_1_12' title="bbox 558 1273 1247 1333; baseline -0.009 0"><span class='ocrx_word' id='word_1_78' title='bbox 558 1273 1033 1333; x_wconf 79' lang='lat' dir='ltr'><strong>consubstantialis</strong></span> <span class='ocrx_word' id='word_1_79' title='bbox 1065 1274 1111 1328; x_wconf 88' lang='lat' dir='ltr'><strong>ei</strong></span> <span class='ocrx_word' id='word_1_80' title='bbox 1146 1282 1247 1328; x_wconf 82' lang='lat' dir='ltr'><strong>est.</strong></span> 
     </span>
    </p>
   </div>
   <div class='ocr_carea' id='block_1_13' title="bbox 1223 1384 1431 1443">
    <p class='ocr_par' dir='ltr' id='par_1_13' title="bbox 1223 1384 1431 1443">
     <span class='ocr_line' id='line_1_13' title="bbox 1223 1384 1431 1443; baseline -0.014 -2"><span class='ocrx_word' id='word_1_81' title='bbox 1223 1384 1431 1443; x_wconf 85' lang='lat' dir='ltr'><strong>ALIUD</strong></span> 
     </span>
    </p>
   </div>
   <div class='ocr_carea' id='block_1_14' title="bbox 623 1492 2117 1569">
    <p class='ocr_par' dir='ltr' id='par_1_14' title="bbox 623 1492 2117 1569">
     <span class='ocr_line' id='line_1_14' title="bbox 623 1492 2117 1569; baseline -0.007 -14"><span class='ocrx_word' id='word_1_82' title='bbox 623 1498 857 1555; x_wconf 79' lang='lat' dir='ltr'><strong>Tametsi</strong></span> <span class='ocrx_word' id='word_1_83' title='bbox 893 1497 1071 1569; x_wconf 79' lang='lat' dir='ltr'><strong>aliquo</strong></span> <span class='ocrx_word' id='word_1_84' title='bbox 1106 1497 1261 1551; x_wconf 91' lang='lat' dir='ltr'><strong>modo</strong></span> <span class='ocrx_word' id='word_1_85' title='bbox 1292 1495 1503 1550; x_wconf 73' lang='lat' dir='ltr'><strong>differat</strong></span> <span class='ocrx_word' id='word_1_86' title='bbox 1535 1493 1704 1548; x_wconf 77' lang='lat' dir='ltr'><strong>Filius</strong></span> <span class='ocrx_word' id='word_1_87' title='bbox 1737 1508 1764 1545; x_wconf 82' lang='lat' dir='ltr'><strong>a</strong></span> <span class='ocrx_word' id='word_1_88' title='bbox 1798 1507 1896 1547; x_wconf 88' lang='lat' dir='ltr'><strong>suo</strong></span> <span class='ocrx_word' id='word_1_89' title='bbox 1930 1492 2117 1555; x_wconf 82' lang='lat' dir='ltr'><strong>Patre,</strong></span> 
     </span>
    </p>
   </div>
   <div class='ocr_carea' id='block_1_15' title="bbox 552 1582 2121 1655">
    <p class='ocr_par' dir='ltr' id='par_1_15' title="bbox 552 1582 2121 1655">
     <span class='ocr_line' id='line_1_15' title="bbox 552 1582 2121 1655; baseline -0.006 -10"><span class='ocrx_word' id='word_1_90' title='bbox 552 1608 612 1646; x_wconf 79' lang='lat' dir='ltr'><strong>ea</strong></span> <span class='ocrx_word' id='word_1_91' title='bbox 647 1592 897 1645; x_wconf 84' lang='lat' dir='ltr'><strong>nimirum</strong></span> <span class='ocrx_word' id='word_1_92' title='bbox 929 1590 1137 1643; x_wconf 85' lang='lat' dir='ltr'><strong>ratione</strong></span> <span class='ocrx_word' id='word_1_93' title='bbox 1162 1602 1263 1655; x_wconf 81' lang='lat' dir='ltr'><strong>qna</strong></span> <span class='ocrx_word' id='word_1_94' title='bbox 1294 1586 1453 1640; x_wconf 79' lang='lat' dir='ltr'><strong>Pater</strong></span> <span class='ocrx_word' id='word_1_95' title='bbox 1478 1585 1799 1655; x_wconf 84' lang='lat' dir='ltr'><strong>principium</strong></span> <span class='ocrx_word' id='word_1_96' title='bbox 1828 1593 1931 1647; x_wconf 89' lang='lat' dir='ltr'><strong>est,</strong></span> <span class='ocrx_word' id='word_1_97' title='bbox 1953 1582 2121 1637; x_wconf 76' lang='lat' dir='ltr'><strong>Filius</strong></span> 
     </span>
    </p>
   </div>
   <div class='ocr_carea' id='block_1_16' title="bbox 554 1676 2121 1751">
    <p class='ocr_par' dir='ltr' id='par_1_16' title="bbox 554 1676 2121 1751">
     <span class='ocr_line' id='line_1_16' title="bbox 554 1676 2121 1751; baseline -0.005 -16"><span class='ocrx_word' id='word_1_98' title='bbox 554 1692 731 1737; x_wconf 84' lang='lat' dir='ltr'><strong>autem</strong></span> <span class='ocrx_word' id='word_1_99' title='bbox 760 1697 823 1737; x_wconf 77' lang='lat' dir='ltr'><strong>ex</strong></span> <span class='ocrx_word' id='word_1_100' title='bbox 857 1681 1139 1751; x_wconf 88' lang='lat' dir='ltr'><strong>principio,</strong></span> <span class='ocrx_word' id='word_1_101' title='bbox 1166 1694 1270 1733; x_wconf 88' lang='lat' dir='ltr'><strong>non</strong></span> <span class='ocrx_word' id='word_1_102' title='bbox 1300 1686 1479 1732; x_wconf 80' lang='lat' dir='ltr'><strong>tamen</strong></span> <span class='ocrx_word' id='word_1_103' title='bbox 1509 1678 1710 1731; x_wconf 86' lang='lat' dir='ltr'><strong>ideirco</strong></span> <span class='ocrx_word' id='word_1_104' title='bbox 1736 1676 1875 1728; x_wconf 88' lang='lat' dir='ltr'><strong>idem</strong></span> <span class='ocrx_word' id='word_1_105' title='bbox 1908 1690 2027 1729; x_wconf 89' lang='lat' dir='ltr'><strong>cum</strong></span> <span class='ocrx_word' id='word_1_106' title='bbox 2054 1690 2121 1729; x_wconf 88' lang='lat' dir='ltr'><strong>eo</strong></span> 
     </span>
    </p>
   </div>
   <div class='ocr_carea' id='block_1_17' title="bbox 552 1764 2116 1833">
    <p class='ocr_par' dir='ltr' id='par_1_17' title="bbox 552 1764 2116 1833">
     <span class='ocr_line' id='line_1_17' title="bbox 552 1764 2116 1833; baseline -0.007 -7"><span class='ocrx_word' id='word_1_107' title='bbox 552 1783 603 1826; x_wconf 89' lang='lat' dir='ltr'><strong>et</strong></span> <span class='ocrx_word' id='word_1_108' title='bbox 634 1770 1123 1827; x_wconf 80' lang='lat' dir='ltr'><strong>consubstantialis</strong></span> <span class='ocrx_word' id='word_1_109' title='bbox 1157 1782 1277 1822; x_wconf 79' lang='lat' dir='ltr'><strong>esse</strong></span> <span class='ocrx_word' id='word_1_110' title='bbox 1310 1769 1538 1821; x_wconf 81' lang='lat' dir='ltr'><strong>desinet.</strong></span> <span class='ocrx_word' id='word_1_111' title='bbox 1574 1764 1754 1833; x_wconf 76' lang='lat' dir='ltr'><strong>Neque</strong></span> <span class='ocrx_word' id='word_1_112' title='bbox 1787 1765 1927 1817; x_wconf 83' lang='lat' dir='ltr'><strong>enim</strong></span> <span class='ocrx_word' id='word_1_113' title='bbox 1959 1764 2116 1832; x_wconf 87' lang='lat' dir='ltr'><strong>quid-</strong></span> 
     </span>
    </p>
   </div>
   <div class='ocr_carea' id='block_1_18' title="bbox 2231 634 3800 708">
    <p class='ocr_par' dir='ltr' id='par_1_18' title="bbox 2231 634 3800 708">
     <span class='ocr_line' id='line_1_18' title="bbox 2231 634 3800 708; baseline 0.006 -25"><span class='ocrx_word' id='word_1_114' title='bbox 2231 634 2291 684; x_wconf 79' lang='grc' dir='ltr'><strong>ΕΞ</strong></span> <span class='ocrx_word' id='word_1_115' title='bbox 2324 635 2501 687; x_wconf 79' lang='grc' dir='ltr'><strong>τοίνυν</strong></span> <span class='ocrx_word' id='word_1_116' title='bbox 2539 636 2638 706; x_wconf 80' lang='grc' dir='ltr'><strong>τήν</strong></span> <span class='ocrx_word' id='word_1_117' title='bbox 2671 638 2727 687; x_wconf 86' lang='grc' dir='ltr'><strong>ἐν</strong></span> <span class='ocrx_word' id='word_1_118' title='bbox 2768 640 2879 699; x_wconf 80' lang='grc' dir='ltr'>τοῖς</span> <span class='ocrx_word' id='word_1_119' title='bbox 2910 639 3219 707; x_wconf 74' lang='grc' dir='ltr'>εἰρημένοις</span> <span class='ocrx_word' id='word_1_120' title='bbox 3262 640 3490 691; x_wconf 78' lang='grc' dir='ltr'><strong>ἀτοπίαν</strong></span> <span class='ocrx_word' id='word_1_121' title='bbox 3522 643 3800 708; x_wconf 74' lang='grc' dir='ltr'>παραιτεῖ-</span> 
     </span>
    </p>
   </div>
   <div class='ocr_carea' id='block_1_19' title="bbox 2230 724 3803 802">
    <p class='ocr_par' dir='ltr' id='par_1_19' title="bbox 2230 724 3803 802">
     <span class='ocr_line' id='line_1_19' title="bbox 2230 724 3803 802; baseline 0.006 -26"><span class='ocrx_word' id='word_1_122' title='bbox 2230 724 2549 789; x_wconf 71' lang='grc' dir='ltr'>σθαικαλὸν,</span> <span class='ocrx_word' id='word_1_123' title='bbox 2572 728 2849 779; x_wconf 80' lang='grc' dir='ltr'><strong>πιστεύειν</strong></span> <span class='ocrx_word' id='word_1_124' title='bbox 2870 729 3162 781; x_wconf 81' lang='grc' dir='ltr'>ἀκόλουθον</span> <span class='ocrx_word' id='word_1_125' title='bbox 3187 731 3261 792; x_wconf 77' lang='grc' dir='ltr'><strong>ὡς</strong></span> <span class='ocrx_word' id='word_1_126' title='bbox 3298 731 3358 784; x_wconf 83' lang='grc' dir='ltr'>οὐ</span> <span class='ocrx_word' id='word_1_127' title='bbox 3401 733 3761 802; x_wconf 76' lang='grc' dir='ltr'><strong>προσγέγονεν</strong></span> <span class='ocrx_word' id='word_1_128' title='bbox 3777 735 3803 785; x_wconf 86' lang='lat'><strong>6</strong></span> 
     </span>
    </p>
   </div>
   <div class='ocr_carea' id='block_1_20' title="bbox 2229 814 3802 890">
    <p class='ocr_par' dir='ltr' id='par_1_20' title="bbox 2229 814 3802 890">
     <span class='ocr_line' id='line_1_20' title="bbox 2229 814 3802 890; baseline 0.005 -24"><span class='ocrx_word' id='word_1_129' title='bbox 2229 815 2355 877; x_wconf 74' lang='grc' dir='ltr'><strong>Υἱὸς</strong></span> <span class='ocrx_word' id='word_1_130' title='bbox 2381 815 2459 885; x_wconf 78' lang='grc' dir='ltr'>τῷ</span> <span class='ocrx_word' id='word_1_131' title='bbox 2485 818 2677 885; x_wconf 80' lang='grc' dir='ltr'>Πατρὶ,</span> <span class='ocrx_word' id='word_1_132' title='bbox 2712 819 2827 870; x_wconf 84' lang='grc' dir='ltr'><strong>ἀλλ’</strong></span> <span class='ocrx_word' id='word_1_133' title='bbox 2858 814 2925 890; x_wconf 75' lang='grc' dir='ltr'>ἦν</span> <span class='ocrx_word' id='word_1_134' title='bbox 2953 822 3040 873; x_wconf 79' lang='grc' dir='ltr'><strong>ἀεὶ</strong></span> <span class='ocrx_word' id='word_1_135' title='bbox 3077 821 3341 884; x_wconf 82' lang='grc' dir='ltr'>συναῖδιος</span> <span class='ocrx_word' id='word_1_136' title='bbox 3373 822 3432 886; x_wconf 82' lang='grc' dir='ltr'>ἐξ</span> <span class='ocrx_word' id='word_1_137' title='bbox 3477 823 3662 875; x_wconf 77' lang='grc' dir='ltr'>αὐτοῦ.</span> <span class='ocrx_word' id='word_1_138' title='bbox 3701 824 3802 876; x_wconf 78' lang='grc' dir='ltr'><strong>Καὶ</strong></span> 
     </span>
    </p>
   </div>
   <div class='ocr_carea' id='block_1_21' title="bbox 2225 905 3800 985">
    <p class='ocr_par' dir='ltr' id='par_1_21' title="bbox 2225 905 3800 985">
     <span class='ocr_line' id='line_1_21' title="bbox 2225 905 3800 985; baseline 0.006 -27"><span class='ocrx_word' id='word_1_139' title='bbox 2225 905 2435 977; x_wconf 83' lang='grc' dir='ltr'>ὥσπερ,</span> <span class='ocrx_word' id='word_1_140' title='bbox 2474 909 2523 961; x_wconf 76' lang='grc' dir='ltr'><strong>εί</strong></span> <span class='ocrx_word' id='word_1_141' title='bbox 2549 910 2928 978; x_wconf 82' lang='grc' dir='ltr'>προσγεγονὼς</span> <span class='ocrx_word' id='word_1_142' title='bbox 2962 912 3229 981; x_wconf 83' lang='grc' dir='ltr'>ἐφαίνετο,</span> <span class='ocrx_word' id='word_1_143' title='bbox 3277 915 3377 965; x_wconf 74' lang='grc' dir='ltr'>οὐκ</span> <span class='ocrx_word' id='word_1_144' title='bbox 3407 914 3473 967; x_wconf 82' lang='grc' dir='ltr'><strong>ἂν</strong></span> <span class='ocrx_word' id='word_1_145' title='bbox 3504 911 3572 985; x_wconf 79' lang='grc' dir='ltr'>ἦν</span> <span class='ocrx_word' id='word_1_146' title='bbox 3611 915 3800 984; x_wconf 76' lang='grc' dir='ltr'><strong>ὀμοοὺ-</strong></span> 
     </span>
    </p>
   </div>
   <div class='ocr_carea' id='block_1_22' title="bbox 2227 1000 3799 1078">
    <p class='ocr_par' dir='ltr' id='par_1_22' title="bbox 2227 1000 3799 1078">
     <span class='ocr_line' id='line_1_22' title="bbox 2227 1000 3799 1078; baseline 0.004 -27"><span class='ocrx_word' id='word_1_147' title='bbox 2227 1016 2357 1063; x_wconf 82' lang='grc' dir='ltr'>σιος,</span> <span class='ocrx_word' id='word_1_148' title='bbox 2404 1000 2593 1065; x_wconf 74' lang='grc' dir='ltr'>οὕτως,</span> <span class='ocrx_word' id='word_1_149' title='bbox 2642 1003 2763 1055; x_wconf 81' lang='grc' dir='ltr'>ἐπεὶ</span> <span class='ocrx_word' id='word_1_150' title='bbox 2811 1003 2886 1073; x_wconf 81' lang='grc' dir='ltr'><strong>μὴ</strong></span> <span class='ocrx_word' id='word_1_151' title='bbox 2914 1003 3071 1057; x_wconf 83' lang='grc' dir='ltr'>τοῦτό</span> <span class='ocrx_word' id='word_1_152' title='bbox 3099 1007 3281 1069; x_wconf 80' lang='grc' dir='ltr'>ἐστιν,.</span> <span class='ocrx_word' id='word_1_153' title='bbox 3310 1005 3424 1058; x_wconf 78' lang='grc' dir='ltr'>ἀλλ’</span> <span class='ocrx_word' id='word_1_154' title='bbox 3466 1002 3534 1078; x_wconf 77' lang='grc' dir='ltr'>ἦν</span> <span class='ocrx_word' id='word_1_155' title='bbox 3576 1008 3663 1059; x_wconf 75' lang='grc' dir='ltr'>ἀεὶ</span> <span class='ocrx_word' id='word_1_156' title='bbox 3708 1006 3799 1058; x_wconf 76' lang='grc' dir='ltr'><strong>σὺν</strong></span> 
     </span>
    </p>
   </div>
   <div class='ocr_carea' id='block_1_23' title="bbox 2224 1091 3300 1169">
    <p class='ocr_par' dir='ltr' id='par_1_23' title="bbox 2224 1091 3300 1169">
     <span class='ocr_line' id='line_1_23' title="bbox 2224 1091 3300 1169; baseline 0.009 -26"><span class='ocrx_word' id='word_1_157' title='bbox 2224 1091 2393 1162; x_wconf 80' lang='grc' dir='ltr'>αὐτῷ,</span> <span class='ocrx_word' id='word_1_158' title='bbox 2428 1092 2645 1159; x_wconf 78' lang='grc' dir='ltr'>πάντως</span> <span class='ocrx_word' id='word_1_159' title='bbox 2678 1092 2832 1147; x_wconf 66' lang='grc' dir='ltr'>ἕσται</span> <span class='ocrx_word' id='word_1_160' title='bbox 2871 1098 2967 1149; x_wconf 77' lang='grc' dir='ltr'><strong>καὶ</strong></span> <span class='ocrx_word' id='word_1_161' title='bbox 2999 1096 3300 1169; x_wconf 79' lang='grc' dir='ltr'><strong>ὀμοοὺσιος.</strong></span> 
     </span>
    </p>
   </div>
   <div class='ocr_carea' id='block_1_24' title="bbox 2905 1384 3109 1444">
    <p class='ocr_par' dir='ltr' id='par_1_24' title="bbox 2905 1384 3109 1444">
     <span class='ocr_line' id='line_1_24' title="bbox 2905 1384 3109 1444; baseline 0.01 -7"><span class='ocrx_word' id='word_1_162' title='bbox 2905 1384 3109 1444; x_wconf 74' lang='grc' dir='ltr'><strong>ΔΛΛΟ.</strong></span> 
     </span>
    </p>
   </div>
   <div class='ocr_carea' id='block_1_25' title="bbox 2291 1490 3795 1569">
    <p class='ocr_par' dir='ltr' id='par_1_25' title="bbox 2291 1490 3795 1569">
     <span class='ocr_line' id='line_1_25' title="bbox 2291 1490 3795 1569; baseline 0.005 -25"><span class='ocrx_word' id='word_1_163' title='bbox 2291 1490 2407 1544; x_wconf 82' lang='grc' dir='ltr'>Κᾶν</span> <span class='ocrx_word' id='word_1_164' title='bbox 2433 1495 2525 1563; x_wconf 79' lang='grc' dir='ltr'><strong>ἔχῃ</strong></span> <span class='ocrx_word' id='word_1_165' title='bbox 2555 1494 2672 1547; x_wconf 78' lang='grc' dir='ltr'>τινὰ</span> <span class='ocrx_word' id='word_1_166' title='bbox 2694 1495 2956 1566; x_wconf 83' lang='grc' dir='ltr'>διαφορὰν</span> <span class='ocrx_word' id='word_1_167' title='bbox 2980 1500 3007 1549; x_wconf 96' lang='lat'><strong>6</strong></span> <span class='ocrx_word' id='word_1_168' title='bbox 3040 1498 3166 1560; x_wconf 81' lang='grc' dir='ltr'>Υίὸς</span> <span class='ocrx_word' id='word_1_169' title='bbox 3196 1498 3271 1559; x_wconf 81' lang='grc' dir='ltr'><strong>ὡς</strong></span> <span class='ocrx_word' id='word_1_170' title='bbox 3304 1499 3438 1569; x_wconf 74' lang='grc' dir='ltr'>πρὸς</span> <span class='ocrx_word' id='word_1_171' title='bbox 3468 1499 3558 1551; x_wconf 82' lang='grc' dir='ltr'>τὸν</span> <span class='ocrx_word' id='word_1_172' title='bbox 3605 1498 3795 1552; x_wconf 72' lang='grc' dir='ltr'>ἑαυτοῦ</span> 
     </span>
    </p>
   </div>
   <div class='ocr_carea' id='block_1_26' title="bbox 2220 1582 3795 1658">
    <p class='ocr_par' dir='ltr' id='par_1_26' title="bbox 2220 1582 3795 1658">
     <span class='ocr_line' id='line_1_26' title="bbox 2220 1582 3795 1658; baseline 0.006 -24"><span class='ocrx_word' id='word_1_173' title='bbox 2220 1582 2458 1653; x_wconf 69' lang='grc' dir='ltr'>Πατέρα,</span> <span class='ocrx_word' id='word_1_174' title='bbox 2488 1584 2607 1637; x_wconf 81' lang='grc' dir='ltr'>καθ’</span> <span class='ocrx_word' id='word_1_175' title='bbox 2633 1586 2700 1655; x_wconf 75' lang='grc' dir='ltr'>ἡν</span> <span class='ocrx_word' id='word_1_176' title='bbox 2729 1588 2757 1638; x_wconf 98' lang='lat'><strong>6</strong></span> <span class='ocrx_word' id='word_1_177' title='bbox 2784 1586 2882 1655; x_wconf 81' lang='grc' dir='ltr'><strong>μὲν</strong></span> <span class='ocrx_word' id='word_1_178' title='bbox 2922 1588 3111 1658; x_wconf 84' lang='grc' dir='ltr'>Πατὴρ</span> <span class='ocrx_word' id='word_1_179' title='bbox 3140 1590 3279 1658; x_wconf 83' lang='grc' dir='ltr'>ἀρχή</span> <span class='ocrx_word' id='word_1_180' title='bbox 3307 1592 3477 1656; x_wconf 84' lang='grc' dir='ltr'>ἐστιν,</span> <span class='ocrx_word' id='word_1_181' title='bbox 3508 1594 3535 1643; x_wconf 92' lang='lat'><strong>6</strong></span> <span class='ocrx_word' id='word_1_182' title='bbox 3563 1592 3623 1643; x_wconf 76' lang='grc' dir='ltr'><strong>δὲ</strong></span> <span class='ocrx_word' id='word_1_183' title='bbox 3667 1591 3795 1652; x_wconf 81' lang='grc' dir='ltr'><strong>Υἱὸς</strong></span> 
     </span>
    </p>
   </div>
   <div class='ocr_carea' id='block_1_27' title="bbox 2218 1675 3793 1752">
    <p class='ocr_par' dir='ltr' id='par_1_27' title="bbox 2218 1675 3793 1752">
     <span class='ocr_line' id='line_1_27' title="bbox 2218 1675 3793 1752; baseline 0.004 -27"><span class='ocrx_word' id='word_1_184' title='bbox 2218 1676 2281 1725; x_wconf 84' lang='grc' dir='ltr'><strong>ἐκ</strong></span> <span class='ocrx_word' id='word_1_185' title='bbox 2305 1675 2400 1745; x_wconf 83' lang='grc' dir='ltr'><strong>τῆς</strong></span> <span class='ocrx_word' id='word_1_186' title='bbox 2431 1676 2623 1745; x_wconf 82' lang='grc' dir='ltr'>ἀρχῆς,</span> <span class='ocrx_word' id='word_1_187' title='bbox 2657 1676 2771 1729; x_wconf 78' lang='grc' dir='ltr'><strong>ἀλλ’</strong></span> <span class='ocrx_word' id='word_1_188' title='bbox 2803 1678 2864 1729; x_wconf 76' lang='grc' dir='ltr'><strong>οὐ</strong></span> <span class='ocrx_word' id='word_1_189' title='bbox 2908 1678 2993 1731; x_wconf 81' lang='grc' dir='ltr'>διὰ</span> <span class='ocrx_word' id='word_1_190' title='bbox 3019 1678 3175 1731; x_wconf 79' lang='grc' dir='ltr'>τοῦτο</span> <span class='ocrx_word' id='word_1_191' title='bbox 3205 1680 3299 1748; x_wconf 79' lang='grc' dir='ltr'><strong>τῆς</strong></span> <span class='ocrx_word' id='word_1_192' title='bbox 3329 1682 3659 1752; x_wconf 80' lang='grc' dir='ltr'>ταυτότητος</span> <span class='ocrx_word' id='word_1_193' title='bbox 3699 1681 3793 1734; x_wconf 58' lang='grc' dir='ltr'><strong>καὶ¹</strong></span> 
     </span>
    </p>
   </div>
   <div class='ocr_carea' id='block_1_28' title="bbox 2218 1765 3795 1843">
    <p class='ocr_par' dir='ltr' id='par_1_28' title="bbox 2218 1765 3795 1843">
     <span class='ocr_line' id='line_1_28' title="bbox 2218 1765 3795 1843; baseline 0.006 -29"><span class='ocrx_word' id='word_1_194' title='bbox 2218 1765 2315 1835; x_wconf 78' lang='grc' dir='ltr'><strong>τῆς</strong></span> <span class='ocrx_word' id='word_1_195' title='bbox 2357 1767 2492 1835; x_wconf 79' lang='grc' dir='ltr'>πρὸς</span> <span class='ocrx_word' id='word_1_196' title='bbox 2524 1767 2686 1819; x_wconf 84' lang='grc' dir='ltr'>αὑτὸν</span> <span class='ocrx_word' id='word_1_197' title='bbox 2716 1768 3135 1839; x_wconf 79' lang='grc' dir='ltr'>ὀμοουσιότητος</span> <span class='ocrx_word' id='word_1_198' title='bbox 3164 1770 3551 1841; x_wconf 79' lang='grc' dir='ltr'>ἐξωσθήσεται.</span> <span class='ocrx_word' id='word_1_199' title='bbox 3585 1774 3659 1825; x_wconf 86' lang='grc' dir='ltr'><strong>Οὐ</strong></span> <span class='ocrx_word' id='word_1_200' title='bbox 3689 1772 3795 1843; x_wconf 73' lang='grc' dir='ltr'>γὰρ</span> 
     </span>
    </p>
   </div>
   <div class='ocr_carea' id='block_1_29' title="bbox 551 1854 2101 1943">
    <p class='ocr_par' dir='ltr' id='par_1_29' title="bbox 551 1854 2101 1930">
     <span class='ocr_line' id='line_1_29' title="bbox 551 1854 2101 1930; baseline -0.006 -16"><span class='ocrx_word' id='word_1_201' title='bbox 551 1877 710 1930; x_wconf 77' lang='lat' dir='ltr'><strong>quam</strong></span> <span class='ocrx_word' id='word_1_202' title='bbox 744 1860 906 1913; x_wconf 80' lang='lat' dir='ltr'><strong>fuerit</strong></span> <span class='ocrx_word' id='word_1_203' title='bbox 932 1866 1257 1913; x_wconf 69' lang='lat' dir='ltr'><strong>cowtertium</strong></span> <span class='ocrx_word' id='word_1_204' title='bbox 1288 1854 1468 1923; x_wconf 79' lang='lat' dir='ltr'><strong>Patri,</strong></span> <span class='ocrx_word' id='word_1_205' title='bbox 1495 1855 1634 1924; x_wconf 88' lang='lat' dir='ltr'><strong>quod</strong></span> <span class='ocrx_word' id='word_1_206' title='bbox 1666 1869 1729 1907; x_wconf 78' lang='lat' dir='ltr'><strong>ex</strong></span> <span class='ocrx_word' id='word_1_207' title='bbox 1761 1855 1873 1923; x_wconf 86' lang='lat' dir='ltr'><strong>ipso</strong></span> <span class='ocrx_word' id='word_1_208' title='bbox 1902 1862 2101 1906; x_wconf 74' lang='lat' dir='ltr'><strong>natura</strong></span> 
     </span>
    </p>
   </div>
   <div class='ocr_carea' id='block_1_30' title="bbox 2203 1854 3799 1943">
    <p class='ocr_par' dir='ltr' id='par_1_30' title="bbox 2217 1856 3799 1933">
     <span class='ocr_line' id='line_1_30' title="bbox 2217 1856 3799 1933; baseline 0.006 -25"><span class='ocrx_word' id='word_1_209' title='bbox 2217 1856 2369 1909; x_wconf 77' lang='grc' dir='ltr'>ἐσται</span> <span class='ocrx_word' id='word_1_210' title='bbox 2407 1874 2458 1910; x_wconf 85' lang='grc' dir='ltr'>τι</span> <span class='ocrx_word' id='word_1_211' title='bbox 2500 1859 2767 1911; x_wconf 82' lang='grc' dir='ltr'>συναῖὅιον</span> <span class='ocrx_word' id='word_1_212' title='bbox 2795 1860 2873 1929; x_wconf 85' lang='grc' dir='ltr'>τῷ</span> <span class='ocrx_word' id='word_1_213' title='bbox 2909 1862 3104 1931; x_wconf 77' lang='grc' dir='ltr'>Πατρὶ,</span> <span class='ocrx_word' id='word_1_214' title='bbox 3149 1862 3224 1933; x_wconf 80' lang='grc' dir='ltr'><strong>μὴ</strong></span> <span class='ocrx_word' id='word_1_215' title='bbox 3254 1863 3312 1913; x_wconf 85' lang='grc' dir='ltr'>ὃν</span> <span class='ocrx_word' id='word_1_216' title='bbox 3347 1862 3406 1927; x_wconf 80' lang='grc' dir='ltr'><strong>ἐξ</strong></span> <span class='ocrx_word' id='word_1_217' title='bbox 3435 1865 3603 1917; x_wconf 80' lang='grc' dir='ltr'>αὑτοῦ</span> <span class='ocrx_word' id='word_1_218' title='bbox 3639 1881 3799 1933; x_wconf 81' lang='grc' dir='ltr'>φυσι-</span> 
     </span>
    </p>
   </div>
   <div class='ocr_carea' id='block_1_31' title="bbox 551 1944 2111 2014">
    <p class='ocr_par' dir='ltr' id='par_1_31' title="bbox 551 1944 2111 2014">
     <span class='ocr_line' id='line_1_31' title="bbox 551 1944 2111 2014; baseline -0.007 -8"><span class='ocrx_word' id='word_1_219' title='bbox 551 1952 671 2007; x_wconf 87' lang='lat' dir='ltr'><strong>iiter</strong></span> <span class='ocrx_word' id='word_1_220' title='bbox 697 1966 800 2005; x_wconf 87' lang='lat' dir='ltr'><strong>non</strong></span> <span class='ocrx_word' id='word_1_221' title='bbox 833 1949 1020 2014; x_wconf 80' lang='lat' dir='ltr'><strong>fuerit;</strong></span> <span class='ocrx_word' id='word_1_222' title='bbox 1054 1964 1120 2002; x_wconf 92' lang='lat' dir='ltr'><strong>ne</strong></span> <span class='ocrx_word' id='word_1_223' title='bbox 1153 1949 1313 2001; x_wconf 83' lang='lat' dir='ltr'><strong>etiam</strong></span> <span class='ocrx_word' id='word_1_224' title='bbox 1344 1946 1607 2001; x_wconf 84' lang='lat' dir='ltr'><strong>creaturis</strong></span> <span class='ocrx_word' id='word_1_225' title='bbox 1636 1945 1736 1999; x_wconf 86' lang='lat' dir='ltr'><strong>hoc</strong></span> <span class='ocrx_word' id='word_1_226' title='bbox 1768 1946 1942 1997; x_wconf 84' lang='lat' dir='ltr'><strong>inesse</strong></span> <span class='ocrx_word' id='word_1_227' title='bbox 1968 1944 2111 1997; x_wconf 80' lang='lat' dir='ltr'><strong>dica-</strong></span> 
     </span>
    </p>
   </div>
   <div class='ocr_carea' id='block_1_32' title="bbox 552 2037 2111 2114">
    <p class='ocr_par' dir='ltr' id='par_1_32' title="bbox 552 2037 2111 2114">
     <span class='ocr_line' id='line_1_32' title="bbox 552 2037 2111 2114; baseline -0.008 -14"><span class='ocrx_word' id='word_1_228' title='bbox 552 2062 701 2111; x_wconf 81' lang='lat' dir='ltr'><strong>mus,</strong></span> <span class='ocrx_word' id='word_1_229' title='bbox 733 2046 873 2114; x_wconf 89' lang='lat' dir='ltr'><strong>quod</strong></span> <span class='ocrx_word' id='word_1_230' title='bbox 904 2044 1001 2098; x_wconf 86' lang='lat' dir='ltr'><strong>soli</strong></span> <span class='ocrx_word' id='word_1_231' title='bbox 1034 2043 1227 2096; x_wconf 64' lang='lat' dir='ltr'><strong>divina:</strong></span> <span class='ocrx_word' id='word_1_232' title='bbox 1258 2051 1461 2094; x_wconf 74' lang='lat' dir='ltr'><strong>natura:</strong></span> <span class='ocrx_word' id='word_1_233' title='bbox 1493 2041 1650 2093; x_wconf 88' lang='lat' dir='ltr'><strong>inest.</strong></span> <span class='ocrx_word' id='word_1_234' title='bbox 1678 2037 1938 2104; x_wconf 80' lang='lat' dir='ltr'><strong>Quocirca</strong></span> <span class='ocrx_word' id='word_1_235' title='bbox 1974 2046 2111 2088; x_wconf 81' lang='lat' dir='ltr'><strong>tam-</strong></span> 
     </span>
    </p>
   </div>
   <div class='ocr_carea' id='block_1_33' title="bbox 549 2132 2110 2202">
    <p class='ocr_par' dir='ltr' id='par_1_33' title="bbox 549 2132 2110 2202">
     <span class='ocr_line' id='line_1_33' title="bbox 549 2132 2110 2202; baseline -0.008 -9"><span class='ocrx_word' id='word_1_236' title='bbox 549 2137 648 2193; x_wconf 87' lang='lat' dir='ltr'><strong>etsi</strong></span> <span class='ocrx_word' id='word_1_237' title='bbox 675 2137 838 2191; x_wconf 80' lang='lat' dir='ltr'><strong>Filius</strong></span> <span class='ocrx_word' id='word_1_238' title='bbox 860 2134 1072 2188; x_wconf 87' lang='lat' dir='ltr'><strong>Patrem</strong></span> <span class='ocrx_word' id='word_1_239' title='bbox 1094 2148 1248 2187; x_wconf 71' lang='lat' dir='ltr'><strong>suum</strong></span> <span class='ocrx_word' id='word_1_240' title='bbox 1277 2132 1595 2202; x_wconf 89' lang='lat' dir='ltr'><strong>principium</strong></span> <span class='ocrx_word' id='word_1_241' title='bbox 1622 2132 1909 2195; x_wconf 76' lang='lat' dir='ltr'><strong>habent,en</strong></span> <span class='ocrx_word' id='word_1_242' title='bbox 1934 2139 2110 2181; x_wconf 81' lang='lat' dir='ltr'><strong>tamen</strong></span> 
     </span>
    </p>
   </div>
   <div class='ocr_carea' id='block_1_34' title="bbox 550 2220 2113 2296">
    <p class='ocr_par' dir='ltr' id='par_1_34' title="bbox 550 2220 2113 2296">
     <span class='ocr_line' id='line_1_34' title="bbox 550 2220 2113 2296; baseline -0.006 -14"><span class='ocrx_word' id='word_1_243' title='bbox 550 2228 754 2282; x_wconf 78' lang='lat' dir='ltr'><strong>ratione</strong></span> <span class='ocrx_word' id='word_1_244' title='bbox 805 2242 909 2296; x_wconf 80' lang='lat' dir='ltr'><strong>qua</strong></span> <span class='ocrx_word' id='word_1_245' title='bbox 963 2240 1027 2279; x_wconf 82' lang='lat' dir='ltr'><strong>ex</strong></span> <span class='ocrx_word' id='word_1_246' title='bbox 1084 2224 1346 2293; x_wconf 85' lang='lat' dir='ltr'><strong>principio</strong></span> <span class='ocrx_word' id='word_1_247' title='bbox 1400 2233 1508 2287; x_wconf 89' lang='lat' dir='ltr'><strong>est,</strong></span> <span class='ocrx_word' id='word_1_248' title='bbox 1561 2236 1773 2289; x_wconf 72' lang='lat' dir='ltr'><strong>unaque</strong></span> <span class='ocrx_word' id='word_1_249' title='bbox 1822 2236 1943 2275; x_wconf 91' lang='lat' dir='ltr'><strong>cum</strong></span> <span class='ocrx_word' id='word_1_250' title='bbox 1998 2220 2113 2289; x_wconf 82' lang='lat' dir='ltr'><strong>ipso</strong></span> 
     </span>
    </p>
   </div>
   <div class='ocr_carea' id='block_1_35' title="bbox 546 2310 2108 2375">
    <p class='ocr_par' dir='ltr' id='par_1_35' title="bbox 546 2310 2108 2375">
     <span class='ocr_line' id='line_1_35' title="bbox 546 2310 2108 2375; baseline -0.007 -5"><span class='ocrx_word' id='word_1_251' title='bbox 546 2316 783 2375; x_wconf 80' lang='lat' dir='ltr'><strong>exsistit.</strong></span> <span class='ocrx_word' id='word_1_252' title='bbox 813 2314 1091 2368; x_wconf 74' lang='lat' dir='ltr'><strong>dissimilis</strong></span> <span class='ocrx_word' id='word_1_253' title='bbox 1123 2314 1173 2366; x_wconf 89' lang='lat' dir='ltr'><strong>ei</strong></span> <span class='ocrx_word' id='word_1_254' title='bbox 1208 2312 1499 2365; x_wconf 88' lang='lat' dir='ltr'><strong>secundum</strong></span> <span class='ocrx_word' id='word_1_255' title='bbox 1532 2310 1818 2364; x_wconf 84' lang='lat' dir='ltr'><strong>essentiam</strong></span> <span class='ocrx_word' id='word_1_256' title='bbox 1852 2324 1967 2363; x_wconf 86' lang='lat' dir='ltr'><strong>esse</strong></span> <span class='ocrx_word' id='word_1_257' title='bbox 2005 2325 2108 2360; x_wconf 84' lang='lat' dir='ltr'><strong>non</strong></span> 
     </span>
    </p>
   </div>
   <div class='ocr_carea' id='block_1_36' title="bbox 546 2400 2106 2475">
    <p class='ocr_par' dir='ltr' id='par_1_36' title="bbox 546 2400 2106 2475">
     <span class='ocr_line' id='line_1_36' title="bbox 546 2400 2106 2475; baseline -0.003 -17"><span class='ocrx_word' id='word_1_258' title='bbox 546 2414 738 2475; x_wconf 82' lang='lat' dir='ltr'><strong>potest.</strong></span> <span class='ocrx_word' id='word_1_259' title='bbox 766 2405 1037 2474; x_wconf 80' lang='lat' dir='ltr'><strong>Siquidem</strong></span> <span class='ocrx_word' id='word_1_260' title='bbox 1064 2403 1187 2471; x_wconf 85' lang='lat' dir='ltr'><strong>quia</strong></span> <span class='ocrx_word' id='word_1_261' title='bbox 1216 2417 1279 2457; x_wconf 82' lang='lat' dir='ltr'><strong>ex</strong></span> <span class='ocrx_word' id='word_1_262' title='bbox 1305 2401 1570 2474; x_wconf 85' lang='lat' dir='ltr'><strong>principio</strong></span> <span class='ocrx_word' id='word_1_263' title='bbox 1593 2410 1693 2463; x_wconf 90' lang='lat' dir='ltr'><strong>est,</strong></span> <span class='ocrx_word' id='word_1_264' title='bbox 1720 2401 1919 2454; x_wconf 88' lang='lat' dir='ltr'><strong>ideirco</strong></span> <span class='ocrx_word' id='word_1_265' title='bbox 1945 2400 2106 2453; x_wconf 86' lang='lat' dir='ltr'><strong>etiam</strong></span> 
     </span>
    </p>
   </div>
   <div class='ocr_carea' id='block_1_37' title="bbox 545 2492 2108 2565">
    <p class='ocr_par' dir='ltr' id='par_1_37' title="bbox 545 2492 2108 2565">
     <span class='ocr_line' id='line_1_37' title="bbox 545 2492 2108 2565; baseline -0.007 -11"><span class='ocrx_word' id='word_1_266' title='bbox 545 2495 1020 2553; x_wconf 84' lang='lat' dir='ltr'><strong>consubstantialis</strong></span> <span class='ocrx_word' id='word_1_267' title='bbox 1047 2492 1313 2565; x_wconf 86' lang='lat' dir='ltr'><strong>principio</strong></span> <span class='ocrx_word' id='word_1_268' title='bbox 1341 2504 1445 2547; x_wconf 83' lang='lat' dir='ltr'><strong>est.</strong></span> <span class='ocrx_word' id='word_1_269' title='bbox 1472 2492 1524 2547; x_wconf 88' lang='lat' dir='ltr'><strong>Id</strong></span> <span class='ocrx_word' id='word_1_270' title='bbox 1557 2507 1683 2545; x_wconf 75' lang='lat' dir='ltr'><strong>vero</strong></span> <span class='ocrx_word' id='word_1_271' title='bbox 1709 2494 1849 2559; x_wconf 83' lang='lat' dir='ltr'><strong>quod</strong></span> <span class='ocrx_word' id='word_1_272' title='bbox 1880 2492 2108 2544; x_wconf 85' lang='lat' dir='ltr'><strong>consub-</strong></span> 
     </span>
    </p>
   </div>
   <div class='ocr_carea' id='block_1_38' title="bbox 545 2584 2108 2651">
    <p class='ocr_par' dir='ltr' id='par_1_38' title="bbox 545 2584 2108 2651">
     <span class='ocr_line' id='line_1_38' title="bbox 545 2584 2108 2651; baseline -0.005 -8"><span class='ocrx_word' id='word_1_273' title='bbox 545 2588 794 2643; x_wconf 80' lang='lat' dir='ltr'><strong>stantiale</strong></span> <span class='ocrx_word' id='word_1_274' title='bbox 825 2585 972 2640; x_wconf 88' lang='lat' dir='ltr'><strong>Patri</strong></span> <span class='ocrx_word' id='word_1_275' title='bbox 1016 2595 1119 2649; x_wconf 85' lang='lat' dir='ltr'><strong>est,</strong></span> <span class='ocrx_word' id='word_1_276' title='bbox 1165 2584 1452 2639; x_wconf 84' lang='lat' dir='ltr'><strong>ascititiutu</strong></span> <span class='ocrx_word' id='word_1_277' title='bbox 1497 2599 1601 2639; x_wconf 86' lang='lat' dir='ltr'><strong>non</strong></span> <span class='ocrx_word' id='word_1_278' title='bbox 1655 2595 1756 2649; x_wconf 84' lang='lat' dir='ltr'><strong>est,</strong></span> <span class='ocrx_word' id='word_1_279' title='bbox 1802 2599 1869 2639; x_wconf 88' lang='lat' dir='ltr'><strong>ne</strong></span> <span class='ocrx_word' id='word_1_280' title='bbox 1915 2594 1967 2637; x_wconf 88' lang='lat' dir='ltr'><strong>et</strong></span> <span class='ocrx_word' id='word_1_281' title='bbox 2000 2584 2108 2651; x_wconf 84' lang='lat' dir='ltr'><strong>ipse</strong></span> 
     </span>
    </p>
   </div>
   <div class='ocr_carea' id='block_1_39' title="bbox 548 2677 1311 2750">
    <p class='ocr_par' dir='ltr' id='par_1_39' title="bbox 548 2677 1311 2750">
     <span class='ocr_line' id='line_1_39' title="bbox 548 2677 1311 2750; baseline -0.005 -17"><span class='ocrx_word' id='word_1_282' title='bbox 548 2679 808 2750; x_wconf 77' lang='lat' dir='ltr'><strong>ejusmodi</strong></span> <span class='ocrx_word' id='word_1_283' title='bbox 840 2693 960 2733; x_wconf 85' lang='lat' dir='ltr'><strong>esse</strong></span> <span class='ocrx_word' id='word_1_284' title='bbox 990 2677 1311 2747; x_wconf 85' lang='lat' dir='ltr'><strong>reperiatur.</strong></span> 
     </span>
    </p>
   </div>
   <div class='ocr_carea' id='block_1_40' title="bbox 1219 2766 1440 2823">
    <p class='ocr_par' dir='ltr' id='par_1_40' title="bbox 1219 2766 1440 2823">
     <span class='ocr_line' id='line_1_40' title="bbox 1219 2766 1440 2823; baseline 0.005 -2"><span class='ocrx_word' id='word_1_285' title='bbox 1219 2766 1440 2823; x_wconf 80' lang='lat' dir='ltr'><strong>ALIUD.</strong></span> 
     </span>
    </p>
   </div>
   <div class='ocr_carea' id='block_1_41' title="bbox 980 2876 1667 2949">
    <p class='ocr_par' dir='ltr' id='par_1_41' title="bbox 980 2876 1667 2949">
     <span class='ocr_line' id='line_1_41' title="bbox 980 2876 1667 2949; baseline -0.007 -15"><span class='ocrx_word' id='word_1_286' title='bbox 980 2881 1060 2934; x_wconf 69' lang='lat' dir='ltr'><strong>E1</strong></span> <span class='ocrx_word' id='word_1_287' title='bbox 1091 2878 1373 2949; x_wconf 72' lang='lat' dir='ltr'><strong>objections</strong></span> <span class='ocrx_word' id='word_1_288' title='bbox 1402 2876 1667 2929; x_wconf 72' lang='lat' dir='ltr'><strong>Eunoni&quot;.</strong></span> 
     </span>
    </p>
   </div>
   <div class='ocr_carea' id='block_1_42' title="bbox 614 2989 2099 3063">
    <p class='ocr_par' dir='ltr' id='par_1_42' title="bbox 614 2989 2099 3063">
     <span class='ocr_line' id='line_1_42' title="bbox 614 2989 2099 3063; baseline -0.009 -11"><span class='ocrx_word' id='word_1_289' title='bbox 614 2997 730 3052; x_wconf 76' lang='lat' dir='ltr'><strong>Non</strong></span> <span class='ocrx_word' id='word_1_290' title='bbox 757 2995 1185 3063; x_wconf 39' lang='lat' dir='ltr'><strong>recipityinquit,</strong></span> <span class='ocrx_word' id='word_1_291' title='bbox 1210 2992 1605 3059; x_wconf 74' lang='lat' dir='ltr'><strong>generationem</strong></span> <span class='ocrx_word' id='word_1_292' title='bbox 1634 2989 1809 3042; x_wconf 75' lang='lat' dir='ltr'><strong>Patris</strong></span> <span class='ocrx_word' id='word_1_293' title='bbox 1837 2990 2099 3054; x_wconf 72' lang='lat' dir='ltr'><strong>essentia;</strong></span> 
     </span>
    </p>
   </div>
   <div class='ocr_carea' id='block_1_43' title="bbox 547 3082 2103 3161">
    <p class='ocr_par' dir='ltr' id='par_1_43' title="bbox 547 3082 2103 3161">
     <span class='ocr_line' id='line_1_43' title="bbox 547 3082 2103 3161; baseline -0.008 -14"><span class='ocrx_word' id='word_1_294' title='bbox 547 3091 760 3161; x_wconf 74' lang='lat' dir='ltr'><strong>geuitus</strong></span> <span class='ocrx_word' id='word_1_295' title='bbox 804 3100 982 3141; x_wconf 73' lang='lat' dir='ltr'><strong>autem</strong></span> <span class='ocrx_word' id='word_1_296' title='bbox 1033 3094 1114 3138; x_wconf 88' lang='lat' dir='ltr'><strong>est</strong></span> <span class='ocrx_word' id='word_1_297' title='bbox 1155 3083 1339 3137; x_wconf 80' lang='lat' dir='ltr'><strong>Filius.</strong></span> <span class='ocrx_word' id='word_1_298' title='bbox 1372 3082 1485 3147; x_wconf 85' lang='lat' dir='ltr'><strong>Quo</strong></span> <span class='ocrx_word' id='word_1_299' title='bbox 1529 3092 1687 3148; x_wconf 77' lang='lat' dir='ltr'><strong>pacto</strong></span> <span class='ocrx_word' id='word_1_300' title='bbox 1728 3084 1885 3149; x_wconf 73' lang='lat' dir='ltr'><strong>igitur</strong></span> <span class='ocrx_word' id='word_1_301' title='bbox 1930 3083 1975 3134; x_wconf 80' lang='lat' dir='ltr'><strong>is</strong></span> <span class='ocrx_word' id='word_1_302' title='bbox 2015 3084 2103 3149; x_wconf 88' lang='lat' dir='ltr'><strong>qui</strong></span> 
     </span>
    </p>
   </div>
   <div class='ocr_carea' id='block_1_44' title="bbox 547 3171 2105 3252">
    <p class='ocr_par' dir='ltr' id='par_1_44' title="bbox 547 3171 2105 3252">
     <span class='ocr_line' id='line_1_44' title="bbox 547 3171 2105 3252; baseline -0.008 -15"><span class='ocrx_word' id='word_1_303' title='bbox 547 3184 756 3252; x_wconf 74' lang='lat' dir='ltr'><strong>genitus</strong></span> <span class='ocrx_word' id='word_1_304' title='bbox 784 3190 861 3233; x_wconf 90' lang='lat' dir='ltr'><strong>est</strong></span> <span class='ocrx_word' id='word_1_305' title='bbox 886 3179 987 3232; x_wconf 78' lang='lat' dir='ltr'><strong>erit</strong></span> <span class='ocrx_word' id='word_1_306' title='bbox 1018 3174 1494 3230; x_wconf 82' lang='lat' dir='ltr'><strong>consubstantialis</strong></span> <span class='ocrx_word' id='word_1_307' title='bbox 1518 3171 1687 3238; x_wconf 83' lang='lat' dir='ltr'><strong>Patri,</strong></span> <span class='ocrx_word' id='word_1_308' title='bbox 1712 3175 1798 3240; x_wconf 91' lang='lat' dir='ltr'><strong>qui</strong></span> <span class='ocrx_word' id='word_1_309' title='bbox 1830 3188 1934 3225; x_wconf 90' lang='lat' dir='ltr'><strong>non</strong></span> <span class='ocrx_word' id='word_1_310' title='bbox 1969 3174 2073 3226; x_wconf 86' lang='lat' dir='ltr'><strong>reci</strong></span> <span class='ocrx_word' id='word_1_311' title='bbox 2093 3203 2105 3212; x_wconf 93' lang='lat'><strong><em>-</em></strong></span> 
     </span>
    </p>
   </div>
   <div class='ocr_carea' id='block_1_45' title="bbox 540 3268 1077 3344">
    <p class='ocr_par' dir='ltr' id='par_1_45' title="bbox 540 3268 1077 3344">
     <span class='ocr_line' id='line_1_45' title="bbox 540 3268 1077 3344; baseline -0.009 -20"><span class='ocrx_word' id='word_1_312' title='bbox 540 3275 617 3344; x_wconf 90' lang='lat' dir='ltr'><strong>pit</strong></span> <span class='ocrx_word' id='word_1_313' title='bbox 640 3281 1033 3343; x_wconf 69' lang='lat' dir='ltr'><strong>gettcratzouent</strong></span> <span class='ocrx_word' id='word_1_314' title='bbox 1056 3268 1077 3320; x_wconf 76' lang='grc' dir='ltr'>τ</span> 
     </span>
    </p>
   </div>
   <div class='ocr_carea' id='block_1_46' title="bbox 1044 3374 1603 3443">
    <p class='ocr_par' dir='ltr' id='par_1_46' title="bbox 1044 3374 1603 3443">
     <span class='ocr_line' id='line_1_46' title="bbox 1044 3374 1603 3443; baseline -0.014 -11"><span class='ocrx_word' id='word_1_315' title='bbox 1044 3376 1251 3432; x_wconf 75' lang='lat' dir='ltr'><strong>Salutio</strong></span> <span class='ocrx_word' id='word_1_316' title='bbox 1282 3374 1603 3443; x_wconf 67' lang='lat' dir='ltr'><strong>objectionis.</strong></span> 
     </span>
    </p>
   </div>
   <div class='ocr_carea' id='block_1_47' title="bbox 611 3486 2103 3555">
    <p class='ocr_par' dir='ltr' id='par_1_47' title="bbox 611 3486 2103 3555">
     <span class='ocr_line' id='line_1_47' title="bbox 611 3486 2103 3555; baseline -0.008 -6"><span class='ocrx_word' id='word_1_317' title='bbox 611 3497 797 3549; x_wconf 74' lang='lat' dir='ltr'><strong>liieant</strong></span> <span class='ocrx_word' id='word_1_318' title='bbox 824 3492 1006 3553; x_wconf 75' lang='lat' dir='ltr'><strong>nobis,</strong></span> <span class='ocrx_word' id='word_1_319' title='bbox 1035 3492 1292 3549; x_wconf 77' lang='lat' dir='ltr'><strong>obsecro,</strong></span> <span class='ocrx_word' id='word_1_320' title='bbox 1324 3487 1412 3555; x_wconf 91' lang='lat' dir='ltr'><strong>qui</strong></span> <span class='ocrx_word' id='word_1_321' title='bbox 1448 3486 1749 3554; x_wconf 83' lang='lat' dir='ltr'><strong>bujusmodi</strong></span> <span class='ocrx_word' id='word_1_322' title='bbox 1785 3486 1944 3538; x_wconf 86' lang='lat' dir='ltr'><strong>stulte</strong></span> <span class='ocrx_word' id='word_1_323' title='bbox 1981 3499 2103 3550; x_wconf 83' lang='lat' dir='ltr'><strong>pro-</strong></span> 
     </span>
    </p>
   </div>
   <div class='ocr_carea' id='block_1_48' title="bbox 536 3561 2103 3653">
    <p class='ocr_par' dir='ltr' id='par_1_48' title="bbox 536 3561 2103 3653">
     <span class='ocr_line' id='line_1_48' title="bbox 536 3561 2103 3653; baseline -0.01 -8"><span class='ocrx_word' id='word_1_324' title='bbox 536 3592 749 3645; x_wconf 82' lang='lat' dir='ltr'><strong>ferunt:</strong></span> <span class='ocrx_word' id='word_1_325' title='bbox 782 3586 835 3638; x_wconf 79' lang='lat' dir='ltr'><strong>Si</strong></span> <span class='ocrx_word' id='word_1_326' title='bbox 872 3582 1383 3653; x_wconf 64' lang='lat' dir='ltr'><strong>per‘generationem</strong></span> <span class='ocrx_word' id='word_1_327' title='bbox 1409 3579 1609 3630; x_wconf 86' lang='lat' dir='ltr'><strong>tollitur</strong></span> <span class='ocrx_word' id='word_1_328' title='bbox 1630 3561 2103 3630; x_wconf 79' lang='lat' dir='ltr'><strong>consubstantiali-</strong></span> 
     </span>
    </p>
   </div>
   <div class='ocr_carea' id='block_1_49' title="bbox 539 3667 2098 3750">
    <p class='ocr_par' dir='ltr' id='par_1_49' title="bbox 539 3667 2098 3750">
     <span class='ocr_line' id='line_1_49' title="bbox 539 3667 2098 3750; baseline -0.012 -14"><span class='ocrx_word' id='word_1_329' title='bbox 539 3693 645 3743; x_wconf 81' lang='lat' dir='ltr'><strong>tas,</strong></span> <span class='ocrx_word' id='word_1_330' title='bbox 687 3695 780 3750; x_wconf 83' lang='lat' dir='ltr'><strong>per</strong></span> <span class='ocrx_word' id='word_1_331' title='bbox 821 3692 979 3745; x_wconf 78' lang='lat' dir='ltr'><strong>quam</strong></span> <span class='ocrx_word' id='word_1_332' title='bbox 1036 3690 1144 3727; x_wconf 86' lang='lat' dir='ltr'><strong>rem</strong></span> <span class='ocrx_word' id='word_1_333' title='bbox 1199 3669 1636 3724; x_wconf 74' lang='lat' dir='ltr'><strong>conservabitur?</strong></span> <span class='ocrx_word' id='word_1_334' title='bbox 1680 3667 1744 3720; x_wconf 85' lang='lat' dir='ltr'><strong>Et</strong></span> <span class='ocrx_word' id='word_1_335' title='bbox 1779 3684 2023 3731; x_wconf 78' lang='lat' dir='ltr'><strong>rursum,</strong></span> <span class='ocrx_word' id='word_1_336' title='bbox 2056 3669 2098 3723; x_wconf 90' lang='lat' dir='ltr'><strong>si</strong></span> 
     </span>
    </p>
   </div>
   <div class='ocr_carea' id='block_1_50' title="bbox 536 3760 2096 3843">
    <p class='ocr_par' dir='ltr' id='par_1_50' title="bbox 536 3760 2096 3843">
     <span class='ocr_line' id='line_1_50' title="bbox 536 3760 2096 3843; baseline -0.009 -17"><span class='ocrx_word' id='word_1_337' title='bbox 536 3774 771 3843; x_wconf 80' lang='lat' dir='ltr'><strong>genitum</strong></span> <span class='ocrx_word' id='word_1_338' title='bbox 802 3786 905 3823; x_wconf 88' lang='lat' dir='ltr'><strong>non</strong></span> <span class='ocrx_word' id='word_1_339' title='bbox 940 3778 1021 3821; x_wconf 85' lang='lat' dir='ltr'><strong>est</strong></span> <span class='ocrx_word' id='word_1_340' title='bbox 1053 3762 1511 3820; x_wconf 83' lang='lat' dir='ltr'><strong>cousubstautiale</strong></span> <span class='ocrx_word' id='word_1_341' title='bbox 1547 3760 1779 3830; x_wconf 74' lang='lat' dir='ltr'><strong>genitori</strong></span> <span class='ocrx_word' id='word_1_342' title='bbox 1802 3798 1815 3821; x_wconf 91' lang='lat'><strong>,</strong></span> <span class='ocrx_word' id='word_1_343' title='bbox 1844 3761 2096 3827; x_wconf 82' lang='lat' dir='ltr'><strong>quidnam</strong></span> 
     </span>
    </p>
   </div>
   <div class='ocr_carea' id='block_1_51' title="bbox 537 3853 2099 3920">
    <p class='ocr_par' dir='ltr' id='par_1_51' title="bbox 537 3853 2099 3920">
     <span class='ocr_line' id='line_1_51' title="bbox 537 3853 2099 3920; baseline -0.01 -1"><span class='ocrx_word' id='word_1_344' title='bbox 537 3866 641 3919; x_wconf 83' lang='lat' dir='ltr'><strong>erit</strong></span> <span class='ocrx_word' id='word_1_345' title='bbox 666 3856 1155 3916; x_wconf 81' lang='lat' dir='ltr'><strong>censubstautiale?</strong></span> <span class='ocrx_word' id='word_1_346' title='bbox 1184 3856 1342 3909; x_wconf 82' lang='lat' dir='ltr'><strong>Certe</strong></span> <span class='ocrx_word' id='word_1_347' title='bbox 1372 3856 1419 3905; x_wconf 84' lang='lat' dir='ltr'><strong>id</strong></span> <span class='ocrx_word' id='word_1_348' title='bbox 1449 3854 1587 3920; x_wconf 84' lang='lat' dir='ltr'><strong>quod</strong></span> <span class='ocrx_word' id='word_1_349' title='bbox 1620 3853 1855 3920; x_wconf 82' lang='lat' dir='ltr'><strong>genitum</strong></span> <span class='ocrx_word' id='word_1_350' title='bbox 1889 3866 1989 3903; x_wconf 91' lang='lat' dir='ltr'><strong>non</strong></span> <span class='ocrx_word' id='word_1_351' title='bbox 2018 3860 2099 3903; x_wconf 83' lang='lat' dir='ltr'><strong>est</strong></span> 
     </span>
    </p>
   </div>
   <div class='ocr_carea' id='block_1_52' title="bbox 536 3940 2099 4007">
    <p class='ocr_par' dir='ltr' id='par_1_52' title="bbox 536 3940 2099 4007">
     <span class='ocr_line' id='line_1_52' title="bbox 536 3940 2099 4007; baseline -0.01 -2"><span class='ocrx_word' id='word_1_352' title='bbox 536 3965 591 4007; x_wconf 89' lang='lat' dir='ltr'><strong>et</strong></span> <span class='ocrx_word' id='word_1_353' title='bbox 619 3953 846 4005; x_wconf 77' lang='lat' dir='ltr'><strong>alienum</strong></span> <span class='ocrx_word' id='word_1_354' title='bbox 873 3956 956 4002; x_wconf 88' lang='lat' dir='ltr'><strong>est</strong></span> <span class='ocrx_word' id='word_1_355' title='bbox 980 3947 1044 3999; x_wconf 79' lang='lat' dir='ltr'><strong>ab</strong></span> <span class='ocrx_word' id='word_1_356' title='bbox 1072 3944 1329 4004; x_wconf 79' lang='lat' dir='ltr'><strong>essentia,</strong></span> <span class='ocrx_word' id='word_1_357' title='bbox 1356 3952 1444 3994; x_wconf 83' lang='lat' dir='ltr'><strong>aut</strong></span> <span class='ocrx_word' id='word_1_358' title='bbox 1479 3943 1529 3993; x_wconf 91' lang='lat' dir='ltr'><strong>id</strong></span> <span class='ocrx_word' id='word_1_359' title='bbox 1555 3940 1693 4007; x_wconf 81' lang='lat' dir='ltr'><strong>quod</strong></span> <span class='ocrx_word' id='word_1_360' title='bbox 1724 3950 1989 4007; x_wconf 86' lang='lat' dir='ltr'><strong>sumptum</strong></span> <span class='ocrx_word' id='word_1_361' title='bbox 2018 3949 2099 3991; x_wconf 86' lang='lat' dir='ltr'><strong>est</strong></span> 
     </span>
    </p>
   </div>
   <div class='ocr_carea' id='block_1_53' title="bbox 537 4029 2097 4111">
    <p class='ocr_par' dir='ltr' id='par_1_53' title="bbox 537 4029 2097 4111">
     <span class='ocr_line' id='line_1_53' title="bbox 537 4029 2097 4111; baseline -0.012 -13"><span class='ocrx_word' id='word_1_362' title='bbox 537 4043 606 4098; x_wconf 77' lang='lat' dir='ltr'><strong>ab</strong></span> <span class='ocrx_word' id='word_1_363' title='bbox 646 4043 823 4111; x_wconf 84' lang='lat' dir='ltr'><strong>aliquo</strong></span> <span class='ocrx_word' id='word_1_364' title='bbox 868 4052 1050 4091; x_wconf 92' lang='lat' dir='ltr'><strong>eorum</strong></span> <span class='ocrx_word' id='word_1_365' title='bbox 1094 4048 1214 4104; x_wconf 71' lang='lat' dir='ltr'><strong>qua:</strong></span> <span class='ocrx_word' id='word_1_366' title='bbox 1254 4034 1394 4086; x_wconf 71' lang='lat' dir='ltr'><strong>circa</strong></span> <span class='ocrx_word' id='word_1_367' title='bbox 1436 4031 1697 4084; x_wconf 81' lang='lat' dir='ltr'><strong>essentins</strong></span> <span class='ocrx_word' id='word_1_368' title='bbox 1735 4039 1859 4080; x_wconf 87' lang='lat' dir='ltr'><strong>sunt</strong></span> <span class='ocrx_word' id='word_1_369' title='bbox 1898 4046 1911 4083; x_wconf 90' lang='lat'><strong>:</strong></span> <span class='ocrx_word' id='word_1_370' title='bbox 1952 4029 2097 4095; x_wconf 75' lang='lat' dir='ltr'><strong>utqui</strong></span> 
     </span>
    </p>
   </div>
   <div class='ocr_carea' id='block_1_54' title="bbox 539 4119 2097 4201">
    <p class='ocr_par' dir='ltr' id='par_1_54' title="bbox 539 4119 2097 4201">
     <span class='ocr_line' id='line_1_54' title="bbox 539 4119 2097 4201; baseline -0.013 -12"><span class='ocrx_word' id='word_1_371' title='bbox 539 4139 637 4189; x_wconf 85' lang='lat' dir='ltr'><strong>hoc</strong></span> <span class='ocrx_word' id='word_1_372' title='bbox 669 4128 993 4201; x_wconf 88' lang='lat' dir='ltr'><strong>impossibile</strong></span> <span class='ocrx_word' id='word_1_373' title='bbox 1020 4140 1119 4179; x_wconf 88' lang='lat' dir='ltr'><strong>est.</strong></span> <span class='ocrx_word' id='word_1_374' title='bbox 1154 4124 1307 4176; x_wconf 84' lang='lat' dir='ltr'><strong>Dices</strong></span> <span class='ocrx_word' id='word_1_375' title='bbox 1338 4123 1496 4190; x_wconf 80' lang='lat' dir='ltr'><strong>igitur</strong></span> <span class='ocrx_word' id='word_1_376' title='bbox 1531 4121 1824 4187; x_wconf 79' lang='lat' dir='ltr'><strong>ingenitum</strong></span> <span class='ocrx_word' id='word_1_377' title='bbox 1860 4119 2097 4185; x_wconf 77' lang='lat' dir='ltr'><strong>ingenito</strong></span> 
     </span>
    </p>
   </div>
   <div class='ocr_carea' id='block_1_55' title="bbox 2215 1948 3797 2025">
    <p class='ocr_par' dir='ltr' id='par_1_55' title="bbox 2215 1948 3797 2025">
     <span class='ocr_line' id='line_1_55' title="bbox 2215 1948 3797 2025; baseline 0.006 -26"><span class='ocrx_word' id='word_1_378' title='bbox 2215 1948 2358 2010; x_wconf 84' lang='grc' dir='ltr'><strong>κῶς·</strong></span> <span class='ocrx_word' id='word_1_379' title='bbox 2394 1949 2481 2001; x_wconf 73' lang='grc' dir='ltr'>ἵνα</span> <span class='ocrx_word' id='word_1_380' title='bbox 2521 1950 2595 2020; x_wconf 79' lang='grc' dir='ltr'><strong>μὴ</strong></span> <span class='ocrx_word' id='word_1_381' title='bbox 2631 1951 2725 2004; x_wconf 77' lang='grc' dir='ltr'><strong>καὶ</strong></span> <span class='ocrx_word' id='word_1_382' title='bbox 2762 1954 2874 2014; x_wconf 80' lang='grc' dir='ltr'>τοῖς</span> <span class='ocrx_word' id='word_1_383' title='bbox 2907 1954 3169 2023; x_wconf 79' lang='grc' dir='ltr'><strong>κτίσμασι</strong></span> <span class='ocrx_word' id='word_1_384' title='bbox 3205 1954 3359 2007; x_wconf 76' lang='grc' dir='ltr'>τοότο</span> <span class='ocrx_word' id='word_1_385' title='bbox 3393 1959 3679 2025; x_wconf 86' lang='grc' dir='ltr'>προσεῖναι</span> <span class='ocrx_word' id='word_1_386' title='bbox 3709 1956 3797 2008; x_wconf 80' lang='grc' dir='ltr'><strong>λι-</strong></span> 
     </span>
    </p>
   </div>
   <div class='ocr_carea' id='block_1_56' title="bbox 2212 2039 3797 2116">
    <p class='ocr_par' dir='ltr' id='par_1_56' title="bbox 2212 2039 3797 2116">
     <span class='ocr_line' id='line_1_56' title="bbox 2212 2039 3797 2116; baseline 0.006 -26"><span class='ocrx_word' id='word_1_387' title='bbox 2212 2055 2421 2108; x_wconf 85' lang='grc' dir='ltr'>γωμεν,</span> <span class='ocrx_word' id='word_1_388' title='bbox 2452 2039 2480 2092; x_wconf 82' lang='lat'><strong>6</strong></span> <span class='ocrx_word' id='word_1_389' title='bbox 2514 2040 2649 2113; x_wconf 82' lang='grc' dir='ltr'><strong>μόνῃ</strong></span> <span class='ocrx_word' id='word_1_390' title='bbox 2678 2043 2937 2112; x_wconf 81' lang='grc' dir='ltr'><strong>πρόσεστι</strong></span> <span class='ocrx_word' id='word_1_391' title='bbox 2962 2046 3026 2113; x_wconf 77' lang='grc' dir='ltr'><strong>τῇ</strong></span> <span class='ocrx_word' id='word_1_392' title='bbox 3066 2044 3185 2116; x_wconf 73' lang='grc' dir='ltr'>θείᾳ</span> <span class='ocrx_word' id='word_1_393' title='bbox 3226 2047 3405 2113; x_wconf 82' lang='grc' dir='ltr'>φύσει.</span> <span class='ocrx_word' id='word_1_394' title='bbox 3444 2047 3656 2099; x_wconf 80' lang='grc' dir='ltr'>Οὐκοῦν</span> <span class='ocrx_word' id='word_1_395' title='bbox 3692 2046 3797 2100; x_wconf 77' lang='grc' dir='ltr'><strong>κᾶν</strong></span> 
     </span>
    </p>
   </div>
   <div class='ocr_carea' id='block_1_57' title="bbox 2211 2130 3797 2206">
    <p class='ocr_par' dir='ltr' id='par_1_57' title="bbox 2211 2130 3797 2206">
     <span class='ocr_line' id='line_1_57' title="bbox 2211 2130 3797 2206; baseline 0.006 -24"><span class='ocrx_word' id='word_1_396' title='bbox 2211 2130 2385 2201; x_wconf 77' lang='grc' dir='ltr'>ἀρχὴν</span> <span class='ocrx_word' id='word_1_397' title='bbox 2422 2133 2450 2183; x_wconf 85' lang='lat'><strong>6</strong></span> <span class='ocrx_word' id='word_1_398' title='bbox 2492 2133 2617 2197; x_wconf 76' lang='grc' dir='ltr'><strong>Υἱὸς</strong></span> <span class='ocrx_word' id='word_1_399' title='bbox 2650 2134 2748 2206; x_wconf 75' lang='grc' dir='ltr'>ἔχῃ</span> <span class='ocrx_word' id='word_1_400' title='bbox 2778 2134 2867 2187; x_wconf 76' lang='grc' dir='ltr'><strong>τὸν</strong></span> <span class='ocrx_word' id='word_1_401' title='bbox 2898 2135 3089 2188; x_wconf 82' lang='grc' dir='ltr'>ἐαυτοῦ</span> <span class='ocrx_word' id='word_1_402' title='bbox 3133 2138 3373 2204; x_wconf 81' lang='grc' dir='ltr'>Πατέρα,</span> <span class='ocrx_word' id='word_1_403' title='bbox 3404 2139 3537 2191; x_wconf 72' lang='grc' dir='ltr'>ἀλλὰ</span> <span class='ocrx_word' id='word_1_404' title='bbox 3563 2140 3701 2192; x_wconf 79' lang='grc' dir='ltr'>καθὸ</span> <span class='ocrx_word' id='word_1_405' title='bbox 3731 2142 3797 2191; x_wconf 83' lang='grc' dir='ltr'><strong>ἐκ</strong></span> 
     </span>
    </p>
   </div>
   <div class='ocr_carea' id='block_1_58' title="bbox 2212 2222 3794 2298">
    <p class='ocr_par' dir='ltr' id='par_1_58' title="bbox 2212 2222 3794 2298">
     <span class='ocr_line' id='line_1_58' title="bbox 2212 2222 3794 2298; baseline 0.005 -25"><span class='ocrx_word' id='word_1_406' title='bbox 2212 2222 2311 2290; x_wconf 80' lang='grc' dir='ltr'><strong>τῆς</strong></span> <span class='ocrx_word' id='word_1_407' title='bbox 2353 2224 2527 2292; x_wconf 80' lang='grc' dir='ltr'><strong>ἀρχῆς</strong></span> <span class='ocrx_word' id='word_1_408' title='bbox 2568 2226 2703 2287; x_wconf 85' lang='grc' dir='ltr'>ἐστι,</span> <span class='ocrx_word' id='word_1_409' title='bbox 2744 2225 3038 2296; x_wconf 84' lang='grc' dir='ltr'>σύνδρομον</span> <span class='ocrx_word' id='word_1_410' title='bbox 3067 2228 3203 2297; x_wconf 80' lang='grc' dir='ltr'><strong>αὐτῇ</strong></span> <span class='ocrx_word' id='word_1_411' title='bbox 3235 2229 3293 2280; x_wconf 76' lang='grc' dir='ltr'>τὸ</span> <span class='ocrx_word' id='word_1_412' title='bbox 3322 2225 3463 2281; x_wconf 77' lang='grc' dir='ltr'>εἶναι</span> <span class='ocrx_word' id='word_1_413' title='bbox 3490 2230 3653 2298; x_wconf 80' lang='grc' dir='ltr'><strong>ἔχων.</strong></span> <span class='ocrx_word' id='word_1_414' title='bbox 3701 2232 3794 2283; x_wconf 86' lang='grc' dir='ltr'><strong>ἀν-</strong></span> 
     </span>
    </p>
   </div>
   <div class='ocr_carea' id='block_1_59' title="bbox 2210 2310 3795 2389">
    <p class='ocr_par' dir='ltr' id='par_1_59' title="bbox 2210 2310 3795 2389">
     <span class='ocr_line' id='line_1_59' title="bbox 2210 2310 3795 2389; baseline 0.008 -28"><span class='ocrx_word' id='word_1_415' title='bbox 2210 2310 2391 2379; x_wconf 85' lang='grc' dir='ltr'>όμοιος</span> <span class='ocrx_word' id='word_1_416' title='bbox 2420 2313 2519 2364; x_wconf 82' lang='grc' dir='ltr'>οὐκ</span> <span class='ocrx_word' id='word_1_417' title='bbox 2544 2312 2695 2365; x_wconf 76' lang='grc' dir='ltr'>ἔσται</span> <span class='ocrx_word' id='word_1_418' title='bbox 2726 2314 2863 2365; x_wconf 75' lang='grc' dir='ltr'>κατὰ</span> <span class='ocrx_word' id='word_1_419' title='bbox 2894 2314 2990 2384; x_wconf 80' lang='grc' dir='ltr'>τὴν</span> <span class='ocrx_word' id='word_1_420' title='bbox 3017 2316 3204 2367; x_wconf 83' lang='grc' dir='ltr'>οὐσίαν</span> <span class='ocrx_word' id='word_1_421' title='bbox 3237 2319 3391 2387; x_wconf 73' lang='grc' dir='ltr'><strong>αὐτῇ.</strong></span> <span class='ocrx_word' id='word_1_422' title='bbox 3434 2320 3652 2389; x_wconf 80' lang='grc' dir='ltr'><strong>Ἐπειδὴ</strong></span> <span class='ocrx_word' id='word_1_423' title='bbox 3684 2321 3795 2388; x_wconf 72' lang='grc' dir='ltr'>γὰρ</span> 
     </span>
    </p>
   </div>
   <div class='ocr_carea' id='block_1_60' title="bbox 2210 2400 3789 2483">
    <p class='ocr_par' dir='ltr' id='par_1_60' title="bbox 2210 2400 3789 2483">
     <span class='ocr_line' id='line_1_60' title="bbox 2210 2400 3789 2483; baseline 0.006 -32"><span class='ocrx_word' id='word_1_424' title='bbox 2210 2401 2271 2451; x_wconf 84' lang='grc' dir='ltr'><strong>ἐκ</strong></span> <span class='ocrx_word' id='word_1_425' title='bbox 2306 2400 2405 2469; x_wconf 85' lang='grc' dir='ltr'><strong>τῆς</strong></span> <span class='ocrx_word' id='word_1_426' title='bbox 2433 2401 2605 2470; x_wconf 83' lang='grc' dir='ltr'>ἀρχῆς</span> <span class='ocrx_word' id='word_1_427' title='bbox 2630 2404 2763 2467; x_wconf 85' lang='grc' dir='ltr'>ἐστι,</span> <span class='ocrx_word' id='word_1_428' title='bbox 2792 2404 2877 2456; x_wconf 83' lang='grc' dir='ltr'>διὰ</span> <span class='ocrx_word' id='word_1_429' title='bbox 2901 2402 3057 2457; x_wconf 82' lang='grc' dir='ltr'>τοῦτο</span> <span class='ocrx_word' id='word_1_430' title='bbox 3086 2406 3179 2458; x_wconf 74' lang='grc' dir='ltr'>καὶ</span> <span class='ocrx_word' id='word_1_431' title='bbox 3209 2409 3493 2477; x_wconf 83' lang='grc' dir='ltr'>ὀμοούσιος</span> <span class='ocrx_word' id='word_1_432' title='bbox 3527 2413 3592 2482; x_wconf 76' lang='grc' dir='ltr'><strong>τῇ</strong></span> <span class='ocrx_word' id='word_1_433' title='bbox 3620 2414 3789 2483; x_wconf 75' lang='grc' dir='ltr'>ἀρχῇ.</span> 
     </span>
    </p>
   </div>
   <div class='ocr_carea' id='block_1_61' title="bbox 2210 2490 3792 2568">
    <p class='ocr_par' dir='ltr' id='par_1_61' title="bbox 2210 2490 3792 2568">
     <span class='ocr_line' id='line_1_61' title="bbox 2210 2490 3792 2568; baseline 0.009 -26"><span class='ocrx_word' id='word_1_434' title='bbox 2210 2491 2281 2541; x_wconf 77' lang='grc' dir='ltr'><strong>Τὸ</strong></span> <span class='ocrx_word' id='word_1_435' title='bbox 2310 2490 2365 2544; x_wconf 82' lang='grc' dir='ltr'><strong>δέ</strong></span> <span class='ocrx_word' id='word_1_436' title='bbox 2402 2492 2684 2561; x_wconf 82' lang='grc' dir='ltr'>ὁμοούσιον</span> <span class='ocrx_word' id='word_1_437' title='bbox 2716 2493 2792 2563; x_wconf 83' lang='grc' dir='ltr'><strong>τῷ</strong></span> <span class='ocrx_word' id='word_1_438' title='bbox 2822 2496 3013 2566; x_wconf 73' lang='grc' dir='ltr'>Πατρὶ,</span> <span class='ocrx_word' id='word_1_439' title='bbox 3051 2499 3370 2568; x_wconf 83' lang='grc' dir='ltr'>ἐπιγενητὸν</span> <span class='ocrx_word' id='word_1_440' title='bbox 3399 2503 3498 2554; x_wconf 77' lang='grc' dir='ltr'><strong>οὐκ</strong></span> <span class='ocrx_word' id='word_1_441' title='bbox 3534 2502 3673 2567; x_wconf 76' lang='grc' dir='ltr'>ἔστι,</span> <span class='ocrx_word' id='word_1_442' title='bbox 3704 2504 3792 2556; x_wconf 68' lang='grc' dir='ltr'>ἵνα</span> 
     </span>
    </p>
   </div>
   <div class='ocr_carea' id='block_1_62' title="bbox 2212 2576 3274 2657">
    <p class='ocr_par' dir='ltr' id='par_1_62' title="bbox 2212 2576 3274 2657">
     <span class='ocr_line' id='line_1_62' title="bbox 2212 2576 3274 2657; baseline 0.009 -23"><span class='ocrx_word' id='word_1_443' title='bbox 2212 2583 2285 2653; x_wconf 84' lang='grc' dir='ltr'>μή</span> <span class='ocrx_word' id='word_1_444' title='bbox 2317 2583 2471 2636; x_wconf 81' lang='grc' dir='ltr'>τοῦτο</span> <span class='ocrx_word' id='word_1_445' title='bbox 2503 2576 2577 2638; x_wconf 80' lang='grc' dir='ltr'>ὣν</span> <span class='ocrx_word' id='word_1_446' title='bbox 2615 2586 2937 2657; x_wconf 77' lang='grc' dir='ltr'><strong>εὑρίσκηται</strong></span> <span class='ocrx_word' id='word_1_447' title='bbox 2972 2589 3065 2643; x_wconf 73' lang='grc' dir='ltr'>καὶ</span> <span class='ocrx_word' id='word_1_448' title='bbox 3092 2590 3274 2653; x_wconf 78' lang='grc' dir='ltr'><strong>αὑτός.</strong></span> 
     </span>
    </p>
   </div>
   <div class='ocr_carea' id='block_1_63' title="bbox 2889 2762 3092 2817">
    <p class='ocr_par' dir='ltr' id='par_1_63' title="bbox 2889 2762 3092 2817">
     <span class='ocr_line' id='line_1_63' title="bbox 2889 2762 3092 2817; baseline 0.03 -6"><span class='ocrx_word' id='word_1_449' title='bbox 2889 2762 3092 2817; x_wconf 83' lang='grc' dir='ltr'><strong>ΔΛΛΟ.</strong></span> 
     </span>
    </p>
   </div>
   <div class='ocr_carea' id='block_1_64' title="bbox 2455 2871 3530 2951">
    <p class='ocr_par' dir='ltr' id='par_1_64' title="bbox 2455 2871 3530 2951">
     <span class='ocr_line' id='line_1_64' title="bbox 2455 2871 3530 2951; baseline 0.012 -27"><span class='ocrx_word' id='word_1_450' title='bbox 2455 2871 2543 2937; x_wconf 84' lang='grc' dir='ltr'><strong>Ὠς</strong></span> <span class='ocrx_word' id='word_1_451' title='bbox 2572 2872 2641 2937; x_wconf 80' lang='grc' dir='ltr'>ἐξ</span> <span class='ocrx_word' id='word_1_452' title='bbox 2671 2874 3027 2944; x_wconf 75' lang='grc' dir='ltr'><strong>ἀντιθέσεως</strong></span> <span class='ocrx_word' id='word_1_453' title='bbox 3062 2878 3181 2933; x_wconf 84' lang='grc' dir='ltr'>τῶν</span> <span class='ocrx_word' id='word_1_454' title='bbox 3210 2881 3530 2951; x_wconf 76' lang='grc' dir='ltr'><strong>Εὐνομίου.</strong></span> 
     </span>
    </p>
   </div>
   <div class='ocr_carea' id='block_1_65' title="bbox 2276 2985 3789 3065">
    <p class='ocr_par' dir='ltr' id='par_1_65' title="bbox 2276 2985 3789 3065">
     <span class='ocr_line' id='line_1_65' title="bbox 2276 2985 3789 3065; baseline 0.009 -30"><span class='ocrx_word' id='word_1_455' title='bbox 2276 2985 2387 3036; x_wconf 72' lang='grc' dir='ltr'><strong>Οὐκ</strong></span> <span class='ocrx_word' id='word_1_456' title='bbox 2441 2985 2767 3054; x_wconf 84' lang='grc' dir='ltr'>ἐπιδέχεται,</span> <span class='ocrx_word' id='word_1_457' title='bbox 2828 2990 2982 3055; x_wconf 76' lang='grc' dir='ltr'>φησὶ,</span> <span class='ocrx_word' id='word_1_458' title='bbox 3023 2992 3276 3059; x_wconf 76' lang='grc' dir='ltr'>γέννησιν</span> <span class='ocrx_word' id='word_1_459' title='bbox 3334 2995 3367 3061; x_wconf 84' lang='grc' dir='ltr'>ἠ</span> <span class='ocrx_word' id='word_1_460' title='bbox 3421 2994 3514 3047; x_wconf 81' lang='grc' dir='ltr'>τοῦ</span> <span class='ocrx_word' id='word_1_461' title='bbox 3569 2995 3789 3065; x_wconf 74' lang='grc' dir='ltr'>Πατρὸς</span> 
     </span>
    </p>
   </div>
   <div class='ocr_carea' id='block_1_66' title="bbox 2205 3076 3791 3156">
    <p class='ocr_par' dir='ltr' id='par_1_66' title="bbox 2205 3076 3791 3156">
     <span class='ocr_line' id='line_1_66' title="bbox 2205 3076 3791 3156; baseline 0.008 -30"><span class='ocrx_word' id='word_1_462' title='bbox 2205 3077 2360 3126; x_wconf 77' lang='grc' dir='ltr'>οὐσία</span> <span class='ocrx_word' id='word_1_463' title='bbox 2382 3092 2394 3103; x_wconf 91' lang='grc'><strong>·</strong></span> <span class='ocrx_word' id='word_1_464' title='bbox 2428 3076 2690 3146; x_wconf 80' lang='grc' dir='ltr'>ἐγεννήθη</span> <span class='ocrx_word' id='word_1_465' title='bbox 2722 3077 2776 3129; x_wconf 88' lang='grc' dir='ltr'><strong>δέ</strong></span> <span class='ocrx_word' id='word_1_466' title='bbox 2816 3080 2843 3130; x_wconf 92' lang='lat'><strong>6</strong></span> <span class='ocrx_word' id='word_1_467' title='bbox 2873 3079 3020 3141; x_wconf 80' lang='grc' dir='ltr'><strong>Υἱός.</strong></span> <span class='ocrx_word' id='word_1_468' title='bbox 3053 3082 3173 3145; x_wconf 84' lang='grc' dir='ltr'><strong>Πῶς</strong></span> <span class='ocrx_word' id='word_1_469' title='bbox 3205 3078 3297 3136; x_wconf 81' lang='grc' dir='ltr'><strong>οὖν</strong></span> <span class='ocrx_word' id='word_1_470' title='bbox 3330 3086 3358 3135; x_wconf 88' lang='lat'><strong>6</strong></span> <span class='ocrx_word' id='word_1_471' title='bbox 3388 3089 3791 3156; x_wconf 77' lang='grc' dir='ltr'>γεγεννημένος</span> 
     </span>
    </p>
   </div>
   <div class='ocr_carea' id='block_1_67' title="bbox 2204 3166 3789 3249">
    <p class='ocr_par' dir='ltr' id='par_1_67' title="bbox 2204 3166 3789 3249">
     <span class='ocr_line' id='line_1_67' title="bbox 2204 3166 3789 3249; baseline 0.011 -34"><span class='ocrx_word' id='word_1_472' title='bbox 2204 3166 2487 3234; x_wconf 78' lang='grc' dir='ltr'>ὁμοούσιος</span> <span class='ocrx_word' id='word_1_473' title='bbox 2520 3166 2670 3219; x_wconf 81' lang='grc' dir='ltr'>ἔσται</span> <span class='ocrx_word' id='word_1_474' title='bbox 2703 3167 2779 3237; x_wconf 83' lang='grc' dir='ltr'><strong>τῷ</strong></span> <span class='ocrx_word' id='word_1_475' title='bbox 2810 3170 3003 3242; x_wconf 75' lang='grc' dir='ltr'>Πατρὶ,</span> <span class='ocrx_word' id='word_1_476' title='bbox 3034 3172 3112 3242; x_wconf 83' lang='grc' dir='ltr'><strong>τῷ</strong></span> <span class='ocrx_word' id='word_1_477' title='bbox 3142 3174 3215 3245; x_wconf 81' lang='grc' dir='ltr'>μή</span> <span class='ocrx_word' id='word_1_478' title='bbox 3245 3177 3614 3248; x_wconf 76' lang='grc' dir='ltr'>ἐπιδεχομένῳ</span> <span class='ocrx_word' id='word_1_479' title='bbox 3653 3181 3789 3249; x_wconf 77' lang='grc' dir='ltr'>γέν·</span> 
     </span>
    </p>
   </div>
   <div class='ocr_carea' id='block_1_68' title="bbox 2132 3233 2390 3329">
    <p class='ocr_par' dir='ltr' id='par_1_68' title="bbox 2132 3233 2390 3329">
     <span class='ocr_line' id='line_1_68' title="bbox 2132 3233 2390 3329; baseline 0 -20"><span class='ocrx_word' id='word_1_480' title='bbox 2132 3233 2172 3288; x_wconf 77' lang='lat' dir='ltr'><strong>C</strong></span> <span class='ocrx_word' id='word_1_481' title='bbox 2207 3275 2390 3329; x_wconf 84' lang='grc' dir='ltr'>νησιν;</span> 
     </span>
    </p>
   </div>
   <div class='ocr_carea' id='block_1_69' title="bbox 2688 3377 3275 3448">
    <p class='ocr_par' dir='ltr' id='par_1_69' title="bbox 2688 3377 3275 3448">
     <span class='ocr_line' id='line_1_69' title="bbox 2688 3377 3275 3448; baseline 0.015 -21"><span class='ocrx_word' id='word_1_482' title='bbox 2688 3377 2843 3442; x_wconf 82' lang='grc' dir='ltr'><strong>Πρὸς</strong></span> <span class='ocrx_word' id='word_1_483' title='bbox 2873 3378 3047 3433; x_wconf 87' lang='grc' dir='ltr'>τοῦτο</span> <span class='ocrx_word' id='word_1_484' title='bbox 3072 3383 3275 3448; x_wconf 74' lang='grc' dir='ltr'><strong>λύσις.</strong></span> 
     </span>
    </p>
   </div>
   <div class='ocr_carea' id='block_1_70' title="bbox 2272 3488 3787 3569">
    <p class='ocr_par' dir='ltr' id='par_1_70' title="bbox 2272 3488 3787 3569">
     <span class='ocr_line' id='line_1_70' title="bbox 2272 3488 3787 3569; baseline 0.01 -30"><span class='ocrx_word' id='word_1_485' title='bbox 2272 3488 2589 3555; x_wconf 73' lang='grc' dir='ltr'>Λεγέτωσαν</span> <span class='ocrx_word' id='word_1_486' title='bbox 2619 3492 2748 3559; x_wconf 79' lang='grc' dir='ltr'>ἡμῖν</span> <span class='ocrx_word' id='word_1_487' title='bbox 2781 3493 2830 3542; x_wconf 76' lang='lat' dir='ltr'><strong>oi</strong></span> <span class='ocrx_word' id='word_1_488' title='bbox 2864 3493 2931 3543; x_wconf 82' lang='grc' dir='ltr'><strong>τὰ</strong></span> <span class='ocrx_word' id='word_1_489' title='bbox 2966 3493 3189 3545; x_wconf 77' lang='grc' dir='ltr'>τοιαῦτα</span> <span class='ocrx_word' id='word_1_490' title='bbox 3226 3496 3599 3563; x_wconf 82' lang='grc' dir='ltr'>προτείνοντες</span> <span class='ocrx_word' id='word_1_491' title='bbox 3627 3500 3787 3569; x_wconf 80' lang='grc' dir='ltr'><strong>ἁμα-</strong></span> 
     </span>
    </p>
   </div>
   <div class='ocr_carea' id='block_1_71' title="bbox 2203 3577 3785 3658">
    <p class='ocr_par' dir='ltr' id='par_1_71' title="bbox 2203 3577 3785 3658">
     <span class='ocr_line' id='line_1_71' title="bbox 2203 3577 3785 3658; baseline 0.009 -28"><span class='ocrx_word' id='word_1_492' title='bbox 2203 3577 2329 3642; x_wconf 82' lang='grc' dir='ltr'>θῶς,</span> <span class='ocrx_word' id='word_1_493' title='bbox 2366 3579 2424 3632; x_wconf 80' lang='grc' dir='ltr'><strong>Εἰ</strong></span> <span class='ocrx_word' id='word_1_494' title='bbox 2458 3581 2542 3633; x_wconf 68' lang='grc' dir='ltr'><strong>διὰ</strong></span> <span class='ocrx_word' id='word_1_495' title='bbox 2577 3583 2673 3651; x_wconf 80' lang='grc' dir='ltr'><strong>τῆς</strong></span> <span class='ocrx_word' id='word_1_496' title='bbox 2707 3586 3012 3653; x_wconf 81' lang='grc' dir='ltr'>γεννήσεως</span> <span class='ocrx_word' id='word_1_497' title='bbox 3046 3586 3349 3658; x_wconf 80' lang='grc' dir='ltr'>ἀναιρεῖται</span> <span class='ocrx_word' id='word_1_498' title='bbox 3375 3589 3433 3641; x_wconf 74' lang='grc' dir='ltr'>τὸ</span> <span class='ocrx_word' id='word_1_499' title='bbox 3469 3591 3785 3658; x_wconf 79' lang='grc' dir='ltr'>ὁμοούσιον,</span> 
     </span>
    </p>
   </div>
   <div class='ocr_carea' id='block_1_72' title="bbox 2202 3670 3786 3756">
    <p class='ocr_par' dir='ltr' id='par_1_72' title="bbox 2202 3670 3786 3756">
     <span class='ocr_line' id='line_1_72' title="bbox 2202 3670 3786 3756; baseline 0.009 -34"><span class='ocrx_word' id='word_1_500' title='bbox 2202 3670 2287 3722; x_wconf 84' lang='grc' dir='ltr'>διὰ</span> <span class='ocrx_word' id='word_1_501' title='bbox 2314 3672 2464 3725; x_wconf 75' lang='grc' dir='ltr'>ποίου</span> <span class='ocrx_word' id='word_1_502' title='bbox 2503 3674 2804 3743; x_wconf 78' lang='grc' dir='ltr'>σωθήσεται</span> <span class='ocrx_word' id='word_1_503' title='bbox 2851 3674 3211 3745; x_wconf 80' lang='grc' dir='ltr'>πράγματος;</span> <span class='ocrx_word' id='word_1_504' title='bbox 3260 3680 3370 3731; x_wconf 76' lang='grc' dir='ltr'><strong>Καὶ</strong></span> <span class='ocrx_word' id='word_1_505' title='bbox 3403 3681 3582 3746; x_wconf 84' lang='grc' dir='ltr'>πάλιν,</span> <span class='ocrx_word' id='word_1_506' title='bbox 3614 3686 3661 3735; x_wconf 80' lang='grc' dir='ltr'>εἰ</span> <span class='ocrx_word' id='word_1_507' title='bbox 3699 3686 3786 3756; x_wconf 79' lang='grc' dir='ltr'>τῷ</span> 
     </span>
    </p>
   </div>
   <div class='ocr_carea' id='block_1_73' title="bbox 2200 3765 3785 3838">
    <p class='ocr_par' dir='ltr' id='par_1_73' title="bbox 2200 3765 3785 3838">
     <span class='ocr_line' id='line_1_73' title="bbox 2200 3765 3785 3838; baseline 0.011 -24"><span class='ocrx_word' id='word_1_508' title='bbox 2200 3765 2551 3833; x_wconf 82' lang='grc' dir='ltr'>γεγεννηκότι</span> <span class='ocrx_word' id='word_1_509' title='bbox 2580 3766 2639 3818; x_wconf 80' lang='grc' dir='ltr'>τὸ</span> <span class='ocrx_word' id='word_1_510' title='bbox 2674 3767 2932 3836; x_wconf 77' lang='grc' dir='ltr'>γεννηθὲν</span> <span class='ocrx_word' id='word_1_511' title='bbox 2968 3769 3065 3838; x_wconf 82' lang='grc' dir='ltr'>οὐχ</span> <span class='ocrx_word' id='word_1_512' title='bbox 3093 3772 3398 3837; x_wconf 76' lang='grc' dir='ltr'>ὁμοούσιον,</span> <span class='ocrx_word' id='word_1_513' title='bbox 3436 3778 3589 3827; x_wconf 85' lang='grc' dir='ltr'>ποῖον</span> <span class='ocrx_word' id='word_1_514' title='bbox 3614 3778 3785 3832; x_wconf 74' lang='grc' dir='ltr'>ἔσται</span> 
     </span>
    </p>
   </div>
   <div class='ocr_carea' id='block_1_74' title="bbox 2197 3855 3784 3939">
    <p class='ocr_par' dir='ltr' id='par_1_74' title="bbox 2197 3855 3784 3939">
     <span class='ocr_line' id='line_1_74' title="bbox 2197 3855 3784 3939; baseline 0.01 -33"><span class='ocrx_word' id='word_1_515' title='bbox 2197 3855 2257 3907; x_wconf 80' lang='grc' dir='ltr'>τὸ</span> <span class='ocrx_word' id='word_1_516' title='bbox 2298 3856 2612 3925; x_wconf 76' lang='grc' dir='ltr'>ὁμοούσιον;</span> <span class='ocrx_word' id='word_1_517' title='bbox 2662 3861 2803 3929; x_wconf 79' lang='grc' dir='ltr'><strong>Ἀρα</strong></span> <span class='ocrx_word' id='word_1_518' title='bbox 2854 3859 2914 3911; x_wconf 82' lang='grc' dir='ltr'>τὸ</span> <span class='ocrx_word' id='word_1_519' title='bbox 2964 3860 3037 3929; x_wconf 85' lang='grc' dir='ltr'><strong>μὴ</strong></span> <span class='ocrx_word' id='word_1_520' title='bbox 3082 3858 3338 3930; x_wconf 83' lang='grc' dir='ltr'>γεννηθὲν</span> <span class='ocrx_word' id='word_1_521' title='bbox 3370 3865 3464 3917; x_wconf 66' lang='grc' dir='ltr'><strong>καὶ</strong></span> <span class='ocrx_word' id='word_1_522' title='bbox 3495 3866 3784 3939; x_wconf 76' lang='grc' dir='ltr'>ἀλλότριον</span> 
     </span>
    </p>
   </div>
   <div class='ocr_carea' id='block_1_75' title="bbox 2196 3952 3785 4029">
    <p class='ocr_par' dir='ltr' id='par_1_75' title="bbox 2196 3952 3785 4029">
     <span class='ocr_line' id='line_1_75' title="bbox 2196 3952 3785 4029; baseline 0.006 -26"><span class='ocrx_word' id='word_1_523' title='bbox 2196 3952 2294 4018; x_wconf 81' lang='grc' dir='ltr'><strong>τῆς</strong></span> <span class='ocrx_word' id='word_1_524' title='bbox 2320 3953 2578 4019; x_wconf 71' lang='grc' dir='ltr'>οὐσίας,ἢ</span> <span class='ocrx_word' id='word_1_525' title='bbox 2615 3953 2672 4003; x_wconf 78' lang='grc' dir='ltr'>τὸ</span> <span class='ocrx_word' id='word_1_526' title='bbox 2695 3954 2802 4005; x_wconf 78' lang='grc' dir='ltr'><strong>ἀπό</strong></span> <span class='ocrx_word' id='word_1_527' title='bbox 2828 3970 2973 4015; x_wconf 76' lang='grc' dir='ltr'>τινος</span> <span class='ocrx_word' id='word_1_528' title='bbox 3001 3953 3203 4023; x_wconf 72' lang='grc' dir='ltr'>ληφθὲν</span> <span class='ocrx_word' id='word_1_529' title='bbox 3241 3956 3347 4008; x_wconf 83' lang='grc' dir='ltr'><strong>τῶν</strong></span> <span class='ocrx_word' id='word_1_530' title='bbox 3370 3958 3467 4009; x_wconf 80' lang='grc' dir='ltr'>ὅσα</span> <span class='ocrx_word' id='word_1_531' title='bbox 3499 3960 3617 4010; x_wconf 82' lang='grc' dir='ltr'>ἐστὶ</span> <span class='ocrx_word' id='word_1_532' title='bbox 3645 3960 3785 4029; x_wconf 76' lang='grc' dir='ltr'>περὶ</span> 
     </span>
    </p>
   </div>
   <div class='ocr_carea' id='block_1_76' title="bbox 2196 4043 3782 4115">
    <p class='ocr_par' dir='ltr' id='par_1_76' title="bbox 2196 4043 3782 4115">
     <span class='ocr_line' id='line_1_76' title="bbox 2196 4043 3782 4115; baseline 0.007 -22"><span class='ocrx_word' id='word_1_533' title='bbox 2196 4043 2289 4104; x_wconf 71' lang='grc' dir='ltr'><strong>τὰς</strong></span> <span class='ocrx_word' id='word_1_534' title='bbox 2328 4043 2545 4105; x_wconf 80' lang='grc' dir='ltr'>οὐσίας·</span> <span class='ocrx_word' id='word_1_535' title='bbox 2579 4044 2711 4096; x_wconf 78' lang='grc' dir='ltr'><strong>ἀλλὰ</strong></span> <span class='ocrx_word' id='word_1_536' title='bbox 2744 4045 2898 4096; x_wconf 81' lang='grc' dir='ltr'>τοῦτο</span> <span class='ocrx_word' id='word_1_537' title='bbox 2942 4045 3219 4097; x_wconf 80' lang='grc' dir='ltr'>ἀδύνατον.</span> <span class='ocrx_word' id='word_1_538' title='bbox 3271 4048 3443 4115; x_wconf 62' lang='grc' dir='ltr'>Ἐρεῖς</span> <span class='ocrx_word' id='word_1_539' title='bbox 3481 4045 3573 4102; x_wconf 82' lang='grc' dir='ltr'><strong>οὖν</strong></span> <span class='ocrx_word' id='word_1_540' title='bbox 3602 4052 3782 4104; x_wconf 79' lang='grc' dir='ltr'>ὅτιτὸ</span> 
     </span>
    </p>
   </div>
   <div class='ocr_carea' id='block_1_77' title="bbox 2197 4134 3777 4207">
    <p class='ocr_par' dir='ltr' id='par_1_77' title="bbox 2197 4134 3777 4207">
     <span class='ocr_line' id='line_1_77' title="bbox 2197 4134 3777 4207; baseline 0.007 -23"><span class='ocrx_word' id='word_1_541' title='bbox 2197 4134 2485 4203; x_wconf 75' lang='grc' dir='ltr'>ἀγέννητον</span> <span class='ocrx_word' id='word_1_542' title='bbox 2534 4134 2612 4203; x_wconf 82' lang='grc' dir='ltr'>τῷ</span> <span class='ocrx_word' id='word_1_543' title='bbox 2665 4136 2943 4205; x_wconf 82' lang='grc' dir='ltr'>ἀγεννήτῳ</span> <span class='ocrx_word' id='word_1_544' title='bbox 2994 4137 3207 4199; x_wconf 79' lang='grc' dir='ltr'>πάντως</span> <span class='ocrx_word' id='word_1_545' title='bbox 3260 4139 3563 4207; x_wconf 84' lang='grc' dir='ltr'>ὀμοούσιον,</span> <span class='ocrx_word' id='word_1_546' title='bbox 3607 4142 3667 4193; x_wconf 83' lang='grc' dir='ltr'>τὸ</span> <span class='ocrx_word' id='word_1_547' title='bbox 3713 4142 3777 4195; x_wconf 85' lang='grc' dir='ltr'><strong>δὲ</strong></span> 
     </span>
    </p>
   </div>
   <div class='ocr_carea' id='block_1_78' title="bbox 536 4210 2095 4296">
    <p class='ocr_par' dir='ltr' id='par_1_78' title="bbox 536 4210 2095 4296">
     <span class='ocr_line' id='line_1_78' title="bbox 536 4210 2095 4296; baseline -0.012 -17"><span class='ocrx_word' id='word_1_548' title='bbox 536 4227 695 4296; x_wconf 83' lang='lat' dir='ltr'><strong>plane</strong></span> <span class='ocrx_word' id='word_1_549' title='bbox 728 4217 1185 4276; x_wconf 79' lang='lat' dir='ltr'><strong>consubstantiale</strong></span> <span class='ocrx_word' id='word_1_550' title='bbox 1216 4229 1362 4276; x_wconf 85' lang='lat' dir='ltr'><strong>esse,</strong></span> <span class='ocrx_word' id='word_1_551' title='bbox 1396 4213 1684 4279; x_wconf 75' lang='lat' dir='ltr'><strong>ingenitum</strong></span> <span class='ocrx_word' id='word_1_552' title='bbox 1718 4218 1890 4262; x_wconf 81' lang='lat' dir='ltr'><strong>autem</strong></span> <span class='ocrx_word' id='word_1_553' title='bbox 1919 4210 2095 4275; x_wconf 68' lang='lat' dir='ltr'><strong>genitu</strong></span> 
     </span>
    </p>
   </div>
   <div class='ocr_carea' id='block_1_79' title="bbox 1587 4224 3777 4312">
    <p class='ocr_par' dir='ltr' id='par_1_79' title="bbox 1587 4224 3777 4312">
     <span class='ocr_line' id='line_1_79' title="bbox 1587 4224 3777 4312; baseline 0.008 -45"><span class='ocrx_word' id='word_1_554' title='bbox 1587 4227 1684 4262; x_wconf 71' lang='lat' dir='ltr'><strong>.UIII</strong></span> <span class='ocrx_word' id='word_1_555' title='bbox 1718 4224 1890 4262; x_wconf 70' lang='grc' dir='ltr'><strong>ειυιειιι</strong></span> <span class='ocrx_word' id='word_1_556' title='bbox 1919 4224 2095 4312; x_wconf 55' lang='grc' dir='ltr'>βθιιίιίξ</span> <span class='ocrx_word' id='word_1_557' title='bbox 2194 4224 2483 4295; x_wconf 84' lang='grc' dir='ltr'>ἀγέννητον</span> <span class='ocrx_word' id='word_1_558' title='bbox 2512 4226 2587 4294; x_wconf 81' lang='grc' dir='ltr'>τῷ</span> <span class='ocrx_word' id='word_1_559' title='bbox 2612 4226 2853 4295; x_wconf 88' lang='grc' dir='ltr'>γεννητῷ</span> <span class='ocrx_word' id='word_1_560' title='bbox 2874 4228 2971 4295; x_wconf 83' lang='grc' dir='ltr'><strong>οὐχ</strong></span> <span class='ocrx_word' id='word_1_561' title='bbox 2993 4229 3193 4297; x_wconf 80' lang='grc' dir='ltr'>ὅμοιον.</span> <span class='ocrx_word' id='word_1_562' title='bbox 3235 4230 3443 4281; x_wconf 77' lang='grc' dir='ltr'>Οὐκοῦν</span> <span class='ocrx_word' id='word_1_563' title='bbox 3470 4231 3777 4305; x_wconf 77' lang='grc' dir='ltr'>ἐπειδήπερ</span> 
     </span>
    </p>
   </div>
   <div class='ocr_carea' id='block_1_80' title="bbox 535 4302 2092 4379">
    <p class='ocr_par' dir='ltr' id='par_1_80' title="bbox 535 4302 2092 4379">
     <span class='ocr_line' id='line_1_80' title="bbox 535 4302 2092 4379; baseline -0.012 -8"><span class='ocrx_word' id='word_1_564' title='bbox 535 4332 640 4371; x_wconf 90' lang='lat' dir='ltr'><strong>non</strong></span> <span class='ocrx_word' id='word_1_565' title='bbox 672 4316 817 4367; x_wconf 87' lang='lat' dir='ltr'><strong>item.</strong></span> <span class='ocrx_word' id='word_1_566' title='bbox 842 4310 1125 4379; x_wconf 84' lang='lat' dir='ltr'><strong>Quocirca,</strong></span> <span class='ocrx_word' id='word_1_567' title='bbox 1149 4321 1269 4359; x_wconf 89' lang='lat' dir='ltr'><strong>cum</strong></span> <span class='ocrx_word' id='word_1_568' title='bbox 1292 4306 1460 4358; x_wconf 75' lang='lat' dir='ltr'><strong>Adam</strong></span> <span class='ocrx_word' id='word_1_569' title='bbox 1481 4304 1692 4372; x_wconf 80' lang='lat' dir='ltr'><strong>genitus</strong></span> <span class='ocrx_word' id='word_1_570' title='bbox 1718 4318 1823 4357; x_wconf 91' lang='lat' dir='ltr'><strong>non</strong></span> <span class='ocrx_word' id='word_1_571' title='bbox 1854 4304 1943 4365; x_wconf 91' lang='lat' dir='ltr'><strong>sit,</strong></span> <span class='ocrx_word' id='word_1_572' title='bbox 1964 4302 2092 4355; x_wconf 84' lang='lat' dir='ltr'><strong>Abel</strong></span> 
     </span>
    </p>
   </div>
   <div class='ocr_carea' id='block_1_81' title="bbox 2193 4315 3774 4387">
    <p class='ocr_par' dir='ltr' id='par_1_81' title="bbox 2193 4315 3774 4387">
     <span class='ocr_line' id='line_1_81' title="bbox 2193 4315 3774 4387; baseline 0.007 -22"><span class='ocrx_word' id='word_1_573' title='bbox 2193 4315 2291 4365; x_wconf 76' lang='grc' dir='ltr'><strong>οὐκ</strong></span> <span class='ocrx_word' id='word_1_574' title='bbox 2342 4316 2603 4385; x_wconf 78' lang='grc' dir='ltr'>ἐγεννήθη</span> <span class='ocrx_word' id='word_1_575' title='bbox 2656 4315 2751 4384; x_wconf 80' lang='grc' dir='ltr'><strong>μὲν</strong></span> <span class='ocrx_word' id='word_1_576' title='bbox 2784 4319 2811 4368; x_wconf 94' lang='lat'><strong>6</strong></span> <span class='ocrx_word' id='word_1_577' title='bbox 2854 4317 3039 4385; x_wconf 73' lang='grc' dir='ltr'>Ἀδὰμ,</span> <span class='ocrx_word' id='word_1_578' title='bbox 3079 4318 3340 4387; x_wconf 82' lang='grc' dir='ltr'>ἐγεννήθη</span> <span class='ocrx_word' id='word_1_579' title='bbox 3390 4319 3445 4371; x_wconf 82' lang='grc' dir='ltr'><strong>δὲ</strong></span> <span class='ocrx_word' id='word_1_580' title='bbox 3485 4321 3649 4373; x_wconf 74' lang='grc' dir='ltr'>Ἀϐε).</span> <span class='ocrx_word' id='word_1_581' title='bbox 3703 4325 3774 4376; x_wconf 83' lang='grc' dir='ltr'>ἐκ</span> 
     </span>
    </p>
   </div>
   <div class='ocr_carea' id='block_1_82' title="bbox 534 4394 2101 4479">
    <p class='ocr_par' dir='ltr' id='par_1_82' title="bbox 534 4394 2093 4467">
     <span class='ocr_line' id='line_1_82' title="bbox 534 4394 2093 4467; baseline -0.011 -5"><span class='ocrx_word' id='word_1_582' title='bbox 534 4420 711 4462; x_wconf 79' lang='lat' dir='ltr'><strong>autem</strong></span> <span class='ocrx_word' id='word_1_583' title='bbox 745 4420 810 4458; x_wconf 86' lang='lat' dir='ltr'><strong>ex</strong></span> <span class='ocrx_word' id='word_1_584' title='bbox 843 4400 1063 4457; x_wconf 86' lang='lat' dir='ltr'><strong>muliere</strong></span> <span class='ocrx_word' id='word_1_585' title='bbox 1094 4399 1329 4467; x_wconf 72' lang='lat' dir='ltr'><strong>genitus,</strong></span> <span class='ocrx_word' id='word_1_586' title='bbox 1363 4412 1464 4449; x_wconf 87' lang='lat' dir='ltr'><strong>non</strong></span> <span class='ocrx_word' id='word_1_587' title='bbox 1499 4395 1602 4448; x_wconf 89' lang='lat' dir='ltr'><strong>erit</strong></span> <span class='ocrx_word' id='word_1_588' title='bbox 1630 4395 1830 4446; x_wconf 82' lang='lat' dir='ltr'><strong>Adamn</strong></span> <span class='ocrx_word' id='word_1_589' title='bbox 1864 4394 2093 4446; x_wconf 84' lang='lat' dir='ltr'><strong>consub-</strong></span> 
     </span>
    </p>
   </div>
   <div class='ocr_carea' id='block_1_83' title="bbox 2203 4394 3771 4479">
    <p class='ocr_par' dir='ltr' id='par_1_83' title="bbox 2203 4405 3771 4479">
     <span class='ocr_line' id='line_1_83' title="bbox 2203 4405 3771 4479; baseline 0.006 -25"><span class='ocrx_word' id='word_1_590' title='bbox 2203 4406 2466 4470; x_wconf 77' lang='grc' dir='ltr'>γυναικὸς,</span> <span class='ocrx_word' id='word_1_591' title='bbox 2488 4407 2583 4460; x_wconf 77' lang='grc' dir='ltr'>οὐκ</span> <span class='ocrx_word' id='word_1_592' title='bbox 2614 4407 2765 4459; x_wconf 74' lang='grc' dir='ltr'>ἔσται</span> <span class='ocrx_word' id='word_1_593' title='bbox 2795 4405 2871 4475; x_wconf 85' lang='grc' dir='ltr'><strong>τῷ</strong></span> <span class='ocrx_word' id='word_1_594' title='bbox 2908 4408 3075 4475; x_wconf 77' lang='grc' dir='ltr'><strong>Ἀδὰμ</strong></span> <span class='ocrx_word' id='word_1_595' title='bbox 3099 4408 3398 4477; x_wconf 80' lang='grc' dir='ltr'>ὁμοούσιος.</span> <span class='ocrx_word' id='word_1_596' title='bbox 3436 4409 3498 4461; x_wconf 88' lang='grc' dir='ltr'>Εἰ</span> <span class='ocrx_word' id='word_1_597' title='bbox 3528 4409 3583 4461; x_wconf 87' lang='grc' dir='ltr'><strong>δὲ</strong></span> <span class='ocrx_word' id='word_1_598' title='bbox 3612 4413 3771 4479; x_wconf 83' lang='grc' dir='ltr'>ἐγεν-</span> 
     </span>
    </p>
   </div>
   <div class='ocr_carea' id='block_1_84' title="bbox 531 4484 2101 4572">
    <p class='ocr_par' dir='ltr' id='par_1_84' title="bbox 531 4484 2088 4560">
     <span class='ocr_line' id='line_1_84' title="bbox 531 4484 2088 4560; baseline -0.011 -7"><span class='ocrx_word' id='word_1_599' title='bbox 531 4496 815 4553; x_wconf 79' lang='lat' dir='ltr'><strong>stntttialis.</strong></span> <span class='ocrx_word' id='word_1_600' title='bbox 838 4492 891 4547; x_wconf 84' lang='lat' dir='ltr'><strong>Si</strong></span> <span class='ocrx_word' id='word_1_601' title='bbox 918 4506 1039 4545; x_wconf 79' lang='lat' dir='ltr'><strong>vero</strong></span> <span class='ocrx_word' id='word_1_602' title='bbox 1063 4490 1273 4560; x_wconf 77' lang='lat' dir='ltr'><strong>genitus</strong></span> <span class='ocrx_word' id='word_1_603' title='bbox 1294 4487 1506 4555; x_wconf 78' lang='lat' dir='ltr'><strong>quidem</strong></span> <span class='ocrx_word' id='word_1_604' title='bbox 1532 4496 1635 4546; x_wconf 86' lang='lat' dir='ltr'><strong>est,</strong></span> <span class='ocrx_word' id='word_1_605' title='bbox 1653 4484 1887 4551; x_wconf 86' lang='lat' dir='ltr'><strong>ejusdem</strong></span> <span class='ocrx_word' id='word_1_606' title='bbox 1914 4493 2088 4537; x_wconf 80' lang='lat' dir='ltr'><strong>tamen</strong></span> 
     </span>
    </p>
   </div>
   <div class='ocr_carea' id='block_1_85' title="bbox 2203 4484 3771 4572">
    <p class='ocr_par' dir='ltr' id='par_1_85' title="bbox 2203 4493 3771 4572">
     <span class='ocr_line' id='line_1_85' title="bbox 2203 4493 3771 4572; baseline 0.007 -29"><span class='ocrx_word' id='word_1_607' title='bbox 2203 4493 2328 4563; x_wconf 76' lang='grc' dir='ltr'>νήθη</span> <span class='ocrx_word' id='word_1_608' title='bbox 2364 4495 2480 4563; x_wconf 79' lang='grc' dir='ltr'>μὲν,</span> <span class='ocrx_word' id='word_1_609' title='bbox 2513 4494 2624 4564; x_wconf 78' lang='grc' dir='ltr'>ἔχει</span> <span class='ocrx_word' id='word_1_610' title='bbox 2670 4496 2724 4547; x_wconf 83' lang='grc' dir='ltr'><strong>δέ</strong></span> <span class='ocrx_word' id='word_1_611' title='bbox 2753 4499 2851 4565; x_wconf 78' lang='grc' dir='ltr'><strong>τῆς</strong></span> <span class='ocrx_word' id='word_1_612' title='bbox 2904 4498 3118 4563; x_wconf 76' lang='grc' dir='ltr'>φύσεως</span> <span class='ocrx_word' id='word_1_613' title='bbox 3147 4497 3241 4567; x_wconf 79' lang='grc' dir='ltr'><strong>τὴν</strong></span> <span class='ocrx_word' id='word_1_614' title='bbox 3278 4498 3584 4568; x_wconf 82' lang='grc' dir='ltr'>ταυτότητα</span> <span class='ocrx_word' id='word_1_615' title='bbox 3632 4503 3771 4572; x_wconf 82' lang='grc' dir='ltr'>πρὸς</span> 
     </span>
    </p>
   </div>
   <div class='ocr_carea' id='block_1_86' title="bbox 531 4560 2101 4657">
    <p class='ocr_par' dir='ltr' id='par_1_86' title="bbox 531 4577 2089 4647">
     <span class='ocr_line' id='line_1_86' title="bbox 531 4577 2089 4647; baseline -0.008 -3"><span class='ocrx_word' id='word_1_616' title='bbox 531 4600 615 4644; x_wconf 85' lang='lat' dir='ltr'><strong>est</strong></span> <span class='ocrx_word' id='word_1_617' title='bbox 641 4604 759 4641; x_wconf 88' lang='lat' dir='ltr'><strong>cum</strong></span> <span class='ocrx_word' id='word_1_618' title='bbox 788 4585 991 4637; x_wconf 82' lang='lat' dir='ltr'><strong>Adatno</strong></span> <span class='ocrx_word' id='word_1_619' title='bbox 1017 4582 1178 4634; x_wconf 81' lang='lat' dir='ltr'><strong>etiam</strong></span> <span class='ocrx_word' id='word_1_620' title='bbox 1234 4595 1340 4632; x_wconf 87' lang='lat' dir='ltr'><strong>non</strong></span> <span class='ocrx_word' id='word_1_621' title='bbox 1372 4578 1551 4647; x_wconf 72' lang='lat' dir='ltr'><strong>genito</strong></span> <span class='ocrx_word' id='word_1_622' title='bbox 1584 4588 1807 4640; x_wconf 66' lang='lat' dir='ltr'><strong>naturte,</strong></span> <span class='ocrx_word' id='word_1_623' title='bbox 1835 4577 1960 4644; x_wconf 81' lang='lat' dir='ltr'><strong>quid</strong></span> <span class='ocrx_word' id='word_1_624' title='bbox 1996 4579 2089 4631; x_wconf 82' lang='lat' dir='ltr'><strong>eb-</strong></span> 
     </span>
    </p>
   </div>
   <div class='ocr_carea' id='block_1_87' title="bbox 2203 4560 3771 4657">
    <p class='ocr_par' dir='ltr' id='par_1_87' title="bbox 2203 4560 3771 4657">
     <span class='ocr_line' id='line_1_87' title="bbox 2203 4560 3771 4657; baseline 0.008 -22"><span class='ocrx_word' id='word_1_625' title='bbox 2203 4560 2280 4635; x_wconf 60' lang='grc' dir='ltr'><strong>τον</strong></span> <span class='ocrx_word' id='word_1_626' title='bbox 2320 4560 2510 4653; x_wconf 58' lang='grc' dir='ltr'><strong>Ἃδὰμ,</strong></span> <span class='ocrx_word' id='word_1_627' title='bbox 2542 4560 2720 4638; x_wconf 46' lang='grc' dir='ltr'>παίτοι</span> <span class='ocrx_word' id='word_1_628' title='bbox 2776 4560 2848 4657; x_wconf 57' lang='grc' dir='ltr'><strong>μὴ</strong></span> <span class='ocrx_word' id='word_1_629' title='bbox 2894 4560 3306 4657; x_wconf 75' lang='grc' dir='ltr'>γεγεννημένον,</span> <span class='ocrx_word' id='word_1_630' title='bbox 3338 4590 3391 4642; x_wconf 82' lang='grc' dir='ltr'><strong>τί</strong></span> <span class='ocrx_word' id='word_1_631' title='bbox 3428 4560 3623 4644; x_wconf 30' lang='grc' dir='ltr'>κωυλύει</span> <span class='ocrx_word' id='word_1_632' title='bbox 3671 4560 3771 4647; x_wconf 52' lang='grc' dir='ltr'><strong>ξιαέ</strong></span> 
     </span>
    </p>
   </div>
   <div class='ocr_carea' id='block_1_88' title="bbox 533 4665 2101 4751">
    <p class='ocr_par' dir='ltr' id='par_1_88' title="bbox 533 4665 2089 4746">
     <span class='ocr_line' id='line_1_88' title="bbox 533 4665 2089 4746; baseline -0.008 -13"><span class='ocrx_word' id='word_1_633' title='bbox 533 4686 643 4734; x_wconf 85' lang='lat' dir='ltr'><strong>stat</strong></span> <span class='ocrx_word' id='word_1_634' title='bbox 676 4677 962 4746; x_wconf 79' lang='lat' dir='ltr'><strong>quominus</strong></span> <span class='ocrx_word' id='word_1_635' title='bbox 998 4672 1163 4726; x_wconf 84' lang='lat' dir='ltr'><strong>Filius</strong></span> <span class='ocrx_word' id='word_1_636' title='bbox 1206 4686 1271 4724; x_wconf 83' lang='lat' dir='ltr'><strong>ex</strong></span> <span class='ocrx_word' id='word_1_637' title='bbox 1319 4670 1553 4737; x_wconf 76' lang='lat' dir='ltr'><strong>ingenito</strong></span> <span class='ocrx_word' id='word_1_638' title='bbox 1596 4665 1754 4719; x_wconf 81' lang='lat' dir='ltr'><strong>Patre</strong></span> <span class='ocrx_word' id='word_1_639' title='bbox 1795 4670 2004 4737; x_wconf 78' lang='lat' dir='ltr'><strong>genitus</strong></span> <span class='ocrx_word' id='word_1_640' title='bbox 2044 4670 2089 4721; x_wconf 87' lang='lat' dir='ltr'><strong>ei</strong></span> 
     </span>
    </p>
   </div>
   <div class='ocr_carea' id='block_1_89' title="bbox 2203 4665 3766 4751">
    <p class='ocr_par' dir='ltr' id='par_1_89' title="bbox 2203 4678 3766 4751">
     <span class='ocr_line' id='line_1_89' title="bbox 2203 4678 3766 4751; baseline 0.007 -22"><span class='ocrx_word' id='word_1_641' title='bbox 2203 4678 2280 4729; x_wconf 74' lang='grc' dir='ltr'>τὸν</span> <span class='ocrx_word' id='word_1_642' title='bbox 2324 4678 2459 4729; x_wconf 74' lang='grc' dir='ltr'>Υἱὺν</span> <span class='ocrx_word' id='word_1_643' title='bbox 2492 4679 2549 4741; x_wconf 82' lang='grc' dir='ltr'><strong>ἐξ</strong></span> <span class='ocrx_word' id='word_1_644' title='bbox 2587 4680 2880 4749; x_wconf 84' lang='grc' dir='ltr'>ἀγεννήτου</span> <span class='ocrx_word' id='word_1_645' title='bbox 2927 4680 3137 4749; x_wconf 85' lang='grc' dir='ltr'>Πατρὸς</span> <span class='ocrx_word' id='word_1_646' title='bbox 3175 4680 3303 4733; x_wconf 76' lang='grc' dir='ltr'>ὄντα</span> <span class='ocrx_word' id='word_1_647' title='bbox 3338 4684 3592 4751; x_wconf 86' lang='grc' dir='ltr'>γεννητὸν</span> <span class='ocrx_word' id='word_1_648' title='bbox 3626 4681 3766 4740; x_wconf 73' lang='grc' dir='ltr'>εἶναι</span> 
     </span>
    </p>
   </div>
   <div class='ocr_carea' id='block_1_90' title="bbox 532 4761 2101 4840">
    <p class='ocr_par' dir='ltr' id='par_1_90' title="bbox 532 4761 1138 4827">
     <span class='ocr_line' id='line_1_90' title="bbox 532 4761 1138 4827; baseline -0.023 0"><span class='ocrx_word' id='word_1_649' title='bbox 532 4772 597 4827; x_wconf 83' lang='lat' dir='ltr'><strong>sit</strong></span> <span class='ocrx_word' id='word_1_650' title='bbox 632 4761 1138 4823; x_wconf 78' lang='lat' dir='ltr'><strong>consubstantialis?</strong></span> 
     </span>
    </p>
   </div>
   <div class='ocr_carea' id='block_1_91' title="bbox 2203 4761 2627 4840">
    <p class='ocr_par' dir='ltr' id='par_1_91' title="bbox 2203 4770 2627 4840">
     <span class='ocr_line' id='line_1_91' title="bbox 2203 4770 2627 4840; baseline 0.007 -20"><span class='ocrx_word' id='word_1_651' title='bbox 2203 4770 2285 4821; x_wconf 65' lang='grc' dir='ltr'><strong>καὶ</strong></span> <span class='ocrx_word' id='word_1_652' title='bbox 2312 4770 2593 4840; x_wconf 81' lang='grc' dir='ltr'>ὁμοούσιον</span> <span class='ocrx_word' id='word_1_653' title='bbox 2615 4789 2627 4835; x_wconf 91' lang='grc'>;</span> 
     </span>
    </p>
   </div>
   <div class='ocr_carea' id='block_1_92' title="bbox 944 4875 1668 4951">
    <p class='ocr_par' dir='ltr' id='par_1_92' title="bbox 944 4875 1668 4951">
     <span class='ocr_line' id='line_1_92' title="bbox 944 4875 1668 4951; baseline 0 -22"><span class='ocrx_word' id='word_1_654' title='bbox 944 4879 1055 4951; x_wconf 76' lang='lat'><strong>68</strong></span> <span class='ocrx_word' id='word_1_655' title='bbox 1086 4875 1310 4941; x_wconf 86' lang='lat' dir='ltr'><strong>ALIUD,</strong></span> <span class='ocrx_word' id='word_1_656' title='bbox 1342 4877 1668 4942; x_wconf 69' lang='lat' dir='ltr'><strong>explicatius.</strong></span> 
     </span>
    </p>
   </div>
   <div class='ocr_carea' id='block_1_93' title="bbox 600 4990 2087 5059">
    <p class='ocr_par' dir='ltr' id='par_1_93' title="bbox 600 4990 2087 5059">
     <span class='ocr_line' id='line_1_93' title="bbox 600 4990 2087 5059; baseline -0.005 -6"><span class='ocrx_word' id='word_1_657' title='bbox 600 4998 846 5053; x_wconf 88' lang='lat' dir='ltr'><strong>Genitum</strong></span> <span class='ocrx_word' id='word_1_658' title='bbox 887 5009 1004 5051; x_wconf 86' lang='lat' dir='ltr'><strong>esse</strong></span> <span class='ocrx_word' id='word_1_659' title='bbox 1040 4993 1235 5049; x_wconf 80' lang='lat' dir='ltr'><strong>Filium</strong></span> <span class='ocrx_word' id='word_1_660' title='bbox 1278 5007 1343 5044; x_wconf 77' lang='lat' dir='ltr'><strong>ex</strong></span> <span class='ocrx_word' id='word_1_661' title='bbox 1374 4990 1531 5045; x_wconf 84' lang='lat' dir='ltr'><strong>Patre</strong></span> <span class='ocrx_word' id='word_1_662' title='bbox 1566 4993 1727 5045; x_wconf 88' lang='lat' dir='ltr'><strong>etiam</strong></span> <span class='ocrx_word' id='word_1_663' title='bbox 1766 4991 1862 5059; x_wconf 90' lang='lat' dir='ltr'><strong>ipsi</strong></span> <span class='ocrx_word' id='word_1_664' title='bbox 1905 4991 2087 5046; x_wconf 79' lang='lat' dir='ltr'><strong>hostes</strong></span> 
     </span>
    </p>
   </div>
   <div class='ocr_carea' id='block_1_94' title="bbox 529 5085 2085 5154">
    <p class='ocr_par' dir='ltr' id='par_1_94' title="bbox 529 5085 2085 5154">
     <span class='ocr_line' id='line_1_94' title="bbox 529 5085 2085 5154; baseline -0.006 -9"><span class='ocrx_word' id='word_1_665' title='bbox 529 5091 728 5145; x_wconf 81' lang='lat' dir='ltr'><strong>Christi</strong></span> <span class='ocrx_word' id='word_1_666' title='bbox 770 5088 1123 5151; x_wconf 77' lang='lat' dir='ltr'><strong>conﬁtentur;</strong></span> <span class='ocrx_word' id='word_1_667' title='bbox 1169 5100 1339 5154; x_wconf 88' lang='lat' dir='ltr'><strong>neque</strong></span> <span class='ocrx_word' id='word_1_668' title='bbox 1386 5085 1697 5153; x_wconf 80' lang='lat' dir='ltr'><strong>quisquam,</strong></span> <span class='ocrx_word' id='word_1_669' title='bbox 1732 5085 1986 5146; x_wconf 81' lang='lat' dir='ltr'><strong>arbitror,</strong></span> <span class='ocrx_word' id='word_1_670' title='bbox 2020 5100 2085 5137; x_wconf 80' lang='lat' dir='ltr'><strong>eo</strong></span> 
     </span>
    </p>
   </div>
   <div class='ocr_carea' id='block_1_95' title="bbox 530 5176 2082 5251">
    <p class='ocr_par' dir='ltr' id='par_1_95' title="bbox 530 5176 2082 5251">
     <span class='ocr_line' id='line_1_95' title="bbox 530 5176 2082 5251; baseline -0.006 -16"><span class='ocrx_word' id='word_1_671' title='bbox 530 5182 777 5250; x_wconf 63' lang='lat' dir='ltr'><strong>nequitiae</strong></span> <span class='ocrx_word' id='word_1_672' title='bbox 805 5178 1036 5244; x_wconf 88' lang='lat' dir='ltr'><strong>devenit,</strong></span> <span class='ocrx_word' id='word_1_673' title='bbox 1065 5187 1123 5230; x_wconf 93' lang='lat' dir='ltr'><strong>ut</strong></span> <span class='ocrx_word' id='word_1_674' title='bbox 1148 5178 1343 5230; x_wconf 84' lang='lat' dir='ltr'><strong>audeat</strong></span> <span class='ocrx_word' id='word_1_675' title='bbox 1368 5176 1549 5251; x_wconf 86' lang='lat' dir='ltr'><strong>dicere</strong></span> <span class='ocrx_word' id='word_1_676' title='bbox 1577 5176 1745 5243; x_wconf 84' lang='lat' dir='ltr'><strong>ipsum</strong></span> <span class='ocrx_word' id='word_1_677' title='bbox 1777 5176 1997 5241; x_wconf 88' lang='lat' dir='ltr'><strong>perinde</strong></span> <span class='ocrx_word' id='word_1_678' title='bbox 2020 5190 2082 5227; x_wconf 82' lang='lat' dir='ltr'><strong>ac</strong></span> 
     </span>
    </p>
   </div>
   <div class='ocr_carea' id='block_1_96' title="bbox 525 5265 2079 5325">
    <p class='ocr_par' dir='ltr' id='par_1_96' title="bbox 525 5265 2079 5325">
     <span class='ocr_line' id='line_1_96' title="bbox 525 5265 2079 5325; baseline -0.004 -1"><span class='ocrx_word' id='word_1_679' title='bbox 525 5284 801 5325; x_wconf 84' lang='lat' dir='ltr'><strong>creaturas</strong></span> <span class='ocrx_word' id='word_1_680' title='bbox 836 5271 1047 5325; x_wconf 90' lang='lat' dir='ltr'><strong>ratione</strong></span> <span class='ocrx_word' id='word_1_681' title='bbox 1068 5277 1272 5323; x_wconf 68' lang='lat' dir='ltr'><strong>natura:</strong></span> <span class='ocrx_word' id='word_1_682' title='bbox 1310 5276 1461 5320; x_wconf 75' lang='lat' dir='ltr'><strong>extra</strong></span> <span class='ocrx_word' id='word_1_683' title='bbox 1530 5265 1769 5319; x_wconf 84' lang='lat' dir='ltr'><strong>divinam</strong></span> <span class='ocrx_word' id='word_1_684' title='bbox 1792 5266 2079 5320; x_wconf 86' lang='lat' dir='ltr'><strong>essentiam</strong></span> 
     </span>
    </p>
   </div>
   <div class='ocr_carea' id='block_1_97' title="bbox 523 5356 2079 5431">
    <p class='ocr_par' dir='ltr' id='par_1_97' title="bbox 523 5356 2079 5431">
     <span class='ocr_line' id='line_1_97' title="bbox 523 5356 2079 5431; baseline -0.003 -17"><span class='ocrx_word' id='word_1_685' title='bbox 523 5378 665 5417; x_wconf 68' lang='lat' dir='ltr'><strong>esse.</strong></span> <span class='ocrx_word' id='word_1_686' title='bbox 698 5360 753 5416; x_wconf 88' lang='lat' dir='ltr'><strong>Si</strong></span> <span class='ocrx_word' id='word_1_687' title='bbox 795 5361 954 5431; x_wconf 74' lang='lat' dir='ltr'><strong>igitur</strong></span> <span class='ocrx_word' id='word_1_688' title='bbox 994 5359 1177 5427; x_wconf 74' lang='lat' dir='ltr'><strong>genuit</strong></span> <span class='ocrx_word' id='word_1_689' title='bbox 1209 5374 1274 5413; x_wconf 74' lang='lat' dir='ltr'><strong>ex</strong></span> <span class='ocrx_word' id='word_1_690' title='bbox 1309 5373 1367 5413; x_wconf 88' lang='lat' dir='ltr'><strong>se</strong></span> <span class='ocrx_word' id='word_1_691' title='bbox 1402 5357 1559 5410; x_wconf 83' lang='lat' dir='ltr'><strong>Pater</strong></span> <span class='ocrx_word' id='word_1_692' title='bbox 1592 5356 1816 5423; x_wconf 85' lang='lat' dir='ltr'><strong>Filium,</strong></span> <span class='ocrx_word' id='word_1_693' title='bbox 1844 5373 1939 5410; x_wconf 90' lang='lat' dir='ltr'><strong>cur</strong></span> <span class='ocrx_word' id='word_1_694' title='bbox 1977 5374 2079 5411; x_wconf 83' lang='lat' dir='ltr'><strong>nou</strong></span> 
     </span>
    </p>
   </div>
   <div class='ocr_carea' id='block_1_98' title="bbox 524 5447 2079 5507">
    <p class='ocr_par' dir='ltr' id='par_1_98' title="bbox 524 5447 2079 5507">
     <span class='ocr_line' id='line_1_98' title="bbox 524 5447 2079 5507; baseline -0.003 0"><span class='ocrx_word' id='word_1_695' title='bbox 524 5456 628 5507; x_wconf 89' lang='lat' dir='ltr'><strong>erit</strong></span> <span class='ocrx_word' id='word_1_696' title='bbox 659 5451 1158 5507; x_wconf 75' lang='lat' dir='ltr'><strong>consubstantialis?</strong></span> <span class='ocrx_word' id='word_1_697' title='bbox 1193 5451 1377 5505; x_wconf 82' lang='lat' dir='ltr'><strong>Dieant</strong></span> <span class='ocrx_word' id='word_1_698' title='bbox 1419 5451 1573 5504; x_wconf 86' lang='lat' dir='ltr'><strong>nobis</strong></span> <span class='ocrx_word' id='word_1_699' title='bbox 1604 5448 1695 5502; x_wconf 87' lang='lat' dir='ltr'><strong>Dei</strong></span> <span class='ocrx_word' id='word_1_700' title='bbox 1727 5447 1885 5503; x_wconf 85' lang='lat' dir='ltr'><strong>Verbi</strong></span> <span class='ocrx_word' id='word_1_701' title='bbox 1921 5467 2079 5503; x_wconf 87' lang='lat' dir='ltr'><strong>accu-</strong></span> 
     </span>
    </p>
   </div>
   <div class='ocr_carea' id='block_1_99' title="bbox 523 5542 2077 5612">
    <p class='ocr_par' dir='ltr' id='par_1_99' title="bbox 523 5542 2077 5612">
     <span class='ocr_line' id='line_1_99' title="bbox 523 5542 2077 5612; baseline -0.003 -15"><span class='ocrx_word' id='word_1_702' title='bbox 523 5553 749 5597; x_wconf 79' lang='lat' dir='ltr'><strong>satores.</strong></span> <span class='ocrx_word' id='word_1_703' title='bbox 780 5543 910 5596; x_wconf 81' lang='lat' dir='ltr'><strong>Nam</strong></span> <span class='ocrx_word' id='word_1_704' title='bbox 946 5552 1036 5595; x_wconf 88' lang='lat' dir='ltr'><strong>aut</strong></span> <span class='ocrx_word' id='word_1_705' title='bbox 1067 5544 1189 5612; x_wconf 81' lang='lat' dir='ltr'><strong>quia</strong></span> <span class='ocrx_word' id='word_1_706' title='bbox 1226 5558 1328 5595; x_wconf 83' lang='lat' dir='ltr'><strong>non</strong></span> <span class='ocrx_word' id='word_1_707' title='bbox 1365 5544 1567 5610; x_wconf 84' lang='lat' dir='ltr'><strong>potuit,</strong></span> <span class='ocrx_word' id='word_1_708' title='bbox 1594 5551 1684 5594; x_wconf 82' lang='lat' dir='ltr'><strong>aut</strong></span> <span class='ocrx_word' id='word_1_709' title='bbox 1718 5542 1839 5611; x_wconf 81' lang='lat' dir='ltr'><strong>quia</strong></span> <span class='ocrx_word' id='word_1_710' title='bbox 1879 5542 2077 5605; x_wconf 89' lang='lat' dir='ltr'><strong>noluit,</strong></span> 
     </span>
    </p>
   </div>
   <div class='ocr_carea' id='block_1_100' title="bbox 524 5635 2073 5705">
    <p class='ocr_par' dir='ltr' id='par_1_100' title="bbox 524 5635 2073 5705">
     <span class='ocr_line' id='line_1_100' title="bbox 524 5635 2073 5705; baseline 0 -19"><span class='ocrx_word' id='word_1_711' title='bbox 524 5638 680 5688; x_wconf 84' lang='lat' dir='ltr'><strong>talem</strong></span> <span class='ocrx_word' id='word_1_712' title='bbox 731 5638 899 5703; x_wconf 87' lang='lat' dir='ltr'><strong>ipsum</strong></span> <span class='ocrx_word' id='word_1_713' title='bbox 946 5643 1185 5705; x_wconf 74' lang='lat' dir='ltr'><strong>generat.</strong></span> <span class='ocrx_word' id='word_1_714' title='bbox 1233 5635 1288 5687; x_wconf 83' lang='lat' dir='ltr'><strong>Si</strong></span> <span class='ocrx_word' id='word_1_715' title='bbox 1332 5635 1511 5688; x_wconf 88' lang='lat' dir='ltr'><strong>dicant</strong></span> <span class='ocrx_word' id='word_1_716' title='bbox 1560 5636 1681 5703; x_wconf 82' lang='lat' dir='ltr'><strong>quia</strong></span> <span class='ocrx_word' id='word_1_717' title='bbox 1728 5651 1831 5687; x_wconf 86' lang='lat' dir='ltr'><strong>non</strong></span> <span class='ocrx_word' id='word_1_718' title='bbox 1875 5639 2073 5703; x_wconf 85' lang='lat' dir='ltr'><strong>potuit,</strong></span> 
     </span>
    </p>
   </div>
   <div class='ocr_carea' id='block_1_101' title="bbox 523 5723 2073 5793">
    <p class='ocr_par' dir='ltr' id='par_1_101' title="bbox 523 5723 2073 5793">
     <span class='ocr_line' id='line_1_101' title="bbox 523 5723 2073 5793; baseline 0.003 -19"><span class='ocrx_word' id='word_1_719' title='bbox 523 5729 714 5793; x_wconf 61' lang='lat' dir='ltr'><strong>pudu&#39;ut</strong></span> <span class='ocrx_word' id='word_1_720' title='bbox 761 5726 875 5778; x_wconf 87' lang='lat' dir='ltr'><strong>illos</strong></span> <span class='ocrx_word' id='word_1_721' title='bbox 914 5723 1090 5777; x_wconf 83' lang='lat' dir='ltr'><strong>Patris</strong></span> <span class='ocrx_word' id='word_1_722' title='bbox 1134 5726 1420 5778; x_wconf 83' lang='lat' dir='ltr'><strong>essentiam</strong></span> <span class='ocrx_word' id='word_1_723' title='bbox 1465 5726 1787 5779; x_wconf 88' lang='lat' dir='ltr'><strong>contumelia</strong></span> <span class='ocrx_word' id='word_1_724' title='bbox 1834 5728 2073 5788; x_wconf 81' lang='lat' dir='ltr'><strong>allicere,</strong></span> 
     </span>
    </p>
   </div>
   <div class='ocr_carea' id='block_1_102' title="bbox 523 5812 2073 5879">
    <p class='ocr_par' dir='ltr' id='par_1_102' title="bbox 523 5812 2073 5879">
     <span class='ocr_line' id='line_1_102' title="bbox 523 5812 2073 5879; baseline -0.001 -14"><span class='ocrx_word' id='word_1_725' title='bbox 523 5831 640 5865; x_wconf 75' lang='lat' dir='ltr'><strong>eum</strong></span> <span class='ocrx_word' id='word_1_726' title='bbox 682 5814 1041 5876; x_wconf 77' lang='lat' dir='ltr'><strong>impotentiam</strong></span> <span class='ocrx_word' id='word_1_727' title='bbox 1083 5812 1155 5865; x_wconf 81' lang='lat' dir='ltr'><strong>liii</strong></span> <span class='ocrx_word' id='word_1_728' title='bbox 1196 5814 1428 5866; x_wconf 85' lang='lat' dir='ltr'><strong>tribuere</strong></span> <span class='ocrx_word' id='word_1_729' title='bbox 1463 5812 1688 5879; x_wconf 78' lang='lat' dir='ltr'><strong>autleut;</strong></span> <span class='ocrx_word' id='word_1_730' title='bbox 1726 5812 1769 5865; x_wconf 79' lang='lat' dir='ltr'><strong>Si</strong></span> <span class='ocrx_word' id='word_1_731' title='bbox 1804 5827 1930 5865; x_wconf 78' lang='lat' dir='ltr'><strong>vero</strong></span> <span class='ocrx_word' id='word_1_732' title='bbox 1968 5814 2073 5865; x_wconf 82' lang='lat' dir='ltr'><strong>alio</strong></span> 
     </span>
    </p>
   </div>
   <div class='ocr_carea' id='block_1_103' title="bbox 2623 4883 3308 4952">
    <p class='ocr_par' dir='ltr' id='par_1_103' title="bbox 2623 4883 3308 4952">
     <span class='ocr_line' id='line_1_103' title="bbox 2623 4883 3308 4952; baseline 0.001 -16"><span class='ocrx_word' id='word_1_733' title='bbox 2623 4883 2824 4946; x_wconf 79' lang='lat' dir='ltr'><strong>AAAO,</strong></span> <span class='ocrx_word' id='word_1_734' title='bbox 2863 4883 3308 4952; x_wconf 77' lang='grc' dir='ltr'><strong>διηγηματικῶς.</strong></span> 
     </span>
    </p>
   </div>
   <div class='ocr_carea' id='block_1_104' title="bbox 2258 4997 3759 5070">
    <p class='ocr_par' dir='ltr' id='par_1_104' title="bbox 2258 4997 3759 5070">
     <span class='ocr_line' id='line_1_104' title="bbox 2258 4997 3759 5070; baseline 0.005 -23"><span class='ocrx_word' id='word_1_735' title='bbox 2258 4997 2617 5063; x_wconf 73' lang='grc' dir='ltr'>Γεγεννῆσθαι</span> <span class='ocrx_word' id='word_1_736' title='bbox 2644 4998 2732 5050; x_wconf 80' lang='grc' dir='ltr'><strong>τὸν</strong></span> <span class='ocrx_word' id='word_1_737' title='bbox 2766 4997 2889 5049; x_wconf 84' lang='grc' dir='ltr'>Υίὸν</span> <span class='ocrx_word' id='word_1_738' title='bbox 2913 5000 2976 5050; x_wconf 89' lang='grc' dir='ltr'>ἐκ</span> <span class='ocrx_word' id='word_1_739' title='bbox 3007 4998 3218 5069; x_wconf 80' lang='grc' dir='ltr'>Πατρὸς</span> <span class='ocrx_word' id='word_1_740' title='bbox 3245 5000 3338 5051; x_wconf 76' lang='grc' dir='ltr'><strong>καὶ</strong></span> <span class='ocrx_word' id='word_1_741' title='bbox 3372 5000 3421 5050; x_wconf 77' lang='grc' dir='ltr'><strong>οἱ</strong></span> <span class='ocrx_word' id='word_1_742' title='bbox 3463 5003 3759 5070; x_wconf 82' lang='grc' dir='ltr'>χριστομὰ-</span> 
     </span>
    </p>
   </div>
   <div class='ocr_carea' id='block_1_105' title="bbox 2190 5085 3757 5157">
    <p class='ocr_par' dir='ltr' id='par_1_105' title="bbox 2190 5085 3757 5157">
     <span class='ocr_line' id='line_1_105' title="bbox 2190 5085 3757 5157; baseline 0.004 -21"><span class='ocrx_word' id='word_1_743' title='bbox 2190 5104 2272 5155; x_wconf 81' lang='grc' dir='ltr'><strong>χοι</strong></span> <span class='ocrx_word' id='word_1_744' title='bbox 2304 5085 2685 5152; x_wconf 76' lang='grc' dir='ltr'>συνθήσονται’</span> <span class='ocrx_word' id='word_1_745' title='bbox 2741 5087 2833 5138; x_wconf 76' lang='grc' dir='ltr'>καὶ</span> <span class='ocrx_word' id='word_1_746' title='bbox 2856 5087 2953 5138; x_wconf 88' lang='grc' dir='ltr'><strong>οὐκ</strong></span> <span class='ocrx_word' id='word_1_747' title='bbox 3006 5086 3070 5139; x_wconf 81' lang='grc' dir='ltr'>ἄν</span> <span class='ocrx_word' id='word_1_748' title='bbox 3099 5104 3199 5148; x_wconf 88' lang='grc' dir='ltr'>τις,</span> <span class='ocrx_word' id='word_1_749' title='bbox 3250 5087 3424 5156; x_wconf 78' lang='grc' dir='ltr'>οἶμαι,</span> <span class='ocrx_word' id='word_1_750' title='bbox 3456 5089 3589 5157; x_wconf 77' lang='grc' dir='ltr'>πρὸς</span> <span class='ocrx_word' id='word_1_751' title='bbox 3626 5106 3757 5142; x_wconf 70' lang='grc' dir='ltr'>τοσο</span> 
     </span>
    </p>
   </div>
   <div class='ocr_carea' id='block_1_106' title="bbox 2190 5176 3759 5247">
    <p class='ocr_par' dir='ltr' id='par_1_106' title="bbox 2190 5176 3759 5247">
     <span class='ocr_line' id='line_1_106' title="bbox 2190 5176 3759 5247; baseline 0.002 -18"><span class='ocrx_word' id='word_1_752' title='bbox 2190 5176 2359 5246; x_wconf 75' lang='grc' dir='ltr'>αὐτην</span> <span class='ocrx_word' id='word_1_753' title='bbox 2390 5176 2577 5229; x_wconf 77' lang='grc' dir='ltr'>ἐλάσαι</span> <span class='ocrx_word' id='word_1_754' title='bbox 2621 5176 2835 5241; x_wconf 80' lang='grc' dir='ltr'>κακίαν,</span> <span class='ocrx_word' id='word_1_755' title='bbox 2880 5177 2955 5239; x_wconf 80' lang='grc' dir='ltr'><strong>ὡς</strong></span> <span class='ocrx_word' id='word_1_756' title='bbox 2986 5176 3251 5246; x_wconf 81' lang='grc' dir='ltr'>τολμῆσαι</span> <span class='ocrx_word' id='word_1_757' title='bbox 3281 5177 3531 5247; x_wconf 83' lang='grc' dir='ltr'>καθάπερ</span> <span class='ocrx_word' id='word_1_758' title='bbox 3568 5181 3661 5229; x_wconf 75' lang='grc' dir='ltr'><strong>καὶ</strong></span> <span class='ocrx_word' id='word_1_759' title='bbox 3690 5181 3759 5232; x_wconf 79' lang='grc' dir='ltr'><strong>τὰ</strong></span> 
     </span>
    </p>
   </div>
   <div class='ocr_carea' id='block_1_107' title="bbox 2189 5269 3757 5339">
    <p class='ocr_par' dir='ltr' id='par_1_107' title="bbox 2189 5269 3757 5339">
     <span class='ocr_line' id='line_1_107' title="bbox 2189 5269 3757 5339; baseline 0.002 -18"><span class='ocrx_word' id='word_1_760' title='bbox 2189 5270 2467 5338; x_wconf 84' lang='grc' dir='ltr'>ποιήματα</span> <span class='ocrx_word' id='word_1_761' title='bbox 2505 5270 2597 5321; x_wconf 72' lang='grc' dir='ltr'>καὶ</span> <span class='ocrx_word' id='word_1_762' title='bbox 2642 5269 2801 5323; x_wconf 78' lang='grc' dir='ltr'>αὐτὸν</span> <span class='ocrx_word' id='word_1_763' title='bbox 2835 5270 2937 5333; x_wconf 75' lang='grc' dir='ltr'><strong>ἔξω</strong></span> <span class='ocrx_word' id='word_1_764' title='bbox 2973 5269 3180 5322; x_wconf 83' lang='grc' dir='ltr'>κεῖσθαι</span> <span class='ocrx_word' id='word_1_765' title='bbox 3220 5271 3319 5339; x_wconf 79' lang='grc' dir='ltr'><strong>τῆς</strong></span> <span class='ocrx_word' id='word_1_766' title='bbox 3367 5270 3515 5333; x_wconf 82' lang='grc' dir='ltr'>Θείας</span> <span class='ocrx_word' id='word_1_767' title='bbox 3566 5272 3757 5335; x_wconf 79' lang='grc' dir='ltr'>οὐσίας</span> 
     </span>
    </p>
   </div>
   <div class='ocr_carea' id='block_1_108' title="bbox 2183 5358 3755 5429">
    <p class='ocr_par' dir='ltr' id='par_1_108' title="bbox 2183 5358 3755 5429">
     <span class='ocr_line' id='line_1_108' title="bbox 2183 5358 3755 5429; baseline 0 -17"><span class='ocrx_word' id='word_1_768' title='bbox 2183 5360 2323 5412; x_wconf 76' lang='grc' dir='ltr'>κατὰ</span> <span class='ocrx_word' id='word_1_769' title='bbox 2361 5360 2450 5412; x_wconf 76' lang='grc' dir='ltr'><strong>τὸν</strong></span> <span class='ocrx_word' id='word_1_770' title='bbox 2479 5359 2574 5427; x_wconf 88' lang='grc' dir='ltr'><strong>τῆς</strong></span> <span class='ocrx_word' id='word_1_771' title='bbox 2607 5358 2817 5425; x_wconf 79' lang='grc' dir='ltr'>φύσεως</span> <span class='ocrx_word' id='word_1_772' title='bbox 2848 5359 3021 5427; x_wconf 83' lang='grc' dir='ltr'>λόγον.</span> <span class='ocrx_word' id='word_1_773' title='bbox 3067 5360 3127 5410; x_wconf 82' lang='grc' dir='ltr'>Εἰ</span> <span class='ocrx_word' id='word_1_774' title='bbox 3166 5359 3347 5411; x_wconf 81' lang='grc' dir='ltr'>τοίνυν</span> <span class='ocrx_word' id='word_1_775' title='bbox 3383 5359 3669 5429; x_wconf 79' lang='grc' dir='ltr'>ἐγέννησεν</span> <span class='ocrx_word' id='word_1_776' title='bbox 3695 5362 3755 5425; x_wconf 76' lang='grc' dir='ltr'><strong>ἐξ</strong></span> 
     </span>
    </p>
   </div>
   <div class='ocr_carea' id='block_1_109' title="bbox 2182 5448 3754 5519">
    <p class='ocr_par' dir='ltr' id='par_1_109' title="bbox 2182 5448 3754 5519">
     <span class='ocr_line' id='line_1_109' title="bbox 2182 5448 3754 5519; baseline 0.002 -19"><span class='ocrx_word' id='word_1_777' title='bbox 2182 5448 2373 5501; x_wconf 81' lang='grc' dir='ltr'>ἑαυτοῦ</span> <span class='ocrx_word' id='word_1_778' title='bbox 2392 5449 2479 5501; x_wconf 81' lang='grc' dir='ltr'><strong>τὸν</strong></span> <span class='ocrx_word' id='word_1_779' title='bbox 2496 5450 2619 5500; x_wconf 73' lang='grc' dir='ltr'>Υἱὸν</span> <span class='ocrx_word' id='word_1_780' title='bbox 2636 5452 2661 5502; x_wconf 93' lang='lat'><strong>6</strong></span> <span class='ocrx_word' id='word_1_781' title='bbox 2686 5450 2892 5519; x_wconf 80' lang='grc' dir='ltr'>Πατὴρ,</span> <span class='ocrx_word' id='word_1_782' title='bbox 2908 5450 3046 5501; x_wconf 81' lang='grc' dir='ltr'>διατί</span> <span class='ocrx_word' id='word_1_783' title='bbox 3081 5450 3153 5519; x_wconf 82' lang='grc' dir='ltr'><strong>μὴ</strong></span> <span class='ocrx_word' id='word_1_784' title='bbox 3184 5449 3494 5518; x_wconf 80' lang='grc' dir='ltr'>ὁμοούσιος;</span> <span class='ocrx_word' id='word_1_785' title='bbox 3515 5452 3754 5517; x_wconf 83' lang='grc' dir='ltr'><strong>Λεγὲτω-</strong></span> 
     </span>
    </p>
   </div>
   <div class='ocr_carea' id='block_1_110' title="bbox 2182 5527 3753 5611">
    <p class='ocr_par' dir='ltr' id='par_1_110' title="bbox 2182 5541 3753 5611">
     <span class='ocr_line' id='line_1_110' title="bbox 2182 5541 3753 5611; baseline 0.001 -18"><span class='ocrx_word' id='word_1_786' title='bbox 2182 5559 2279 5594; x_wconf 86' lang='grc' dir='ltr'><strong>σαν</strong></span> <span class='ocrx_word' id='word_1_787' title='bbox 2306 5543 2436 5611; x_wconf 79' lang='grc' dir='ltr'>ἡμῖν</span> <span class='ocrx_word' id='word_1_788' title='bbox 2463 5543 2508 5593; x_wconf 90' lang='grc' dir='ltr'>οἱ</span> <span class='ocrx_word' id='word_1_789' title='bbox 2541 5542 2631 5593; x_wconf 81' lang='grc' dir='ltr'>τοῦ</span> <span class='ocrx_word' id='word_1_790' title='bbox 2661 5541 2794 5593; x_wconf 77' lang='grc' dir='ltr'>Θεοῦ</span> <span class='ocrx_word' id='word_1_791' title='bbox 2828 5543 2998 5608; x_wconf 85' lang='grc' dir='ltr'>Λόγου</span> <span class='ocrx_word' id='word_1_792' title='bbox 3032 5543 3347 5609; x_wconf 79' lang='grc' dir='ltr'>κατήγοροι.</span> <span class='ocrx_word' id='word_1_793' title='bbox 3389 5542 3753 5609; x_wconf 75' lang='grc' dir='ltr'>Ἀὂυνατησας</span> 
     </span>
    </p>
   </div>
   <div class='ocr_carea' id='block_1_111' title="bbox 2178 5629 3753 5701">
    <p class='ocr_par' dir='ltr' id='par_1_111' title="bbox 2178 5629 3753 5701">
     <span class='ocr_line' id='line_1_111' title="bbox 2178 5629 3753 5701; baseline -0.001 -18"><span class='ocrx_word' id='word_1_794' title='bbox 2178 5629 2284 5701; x_wconf 84' lang='grc' dir='ltr'><strong>ἆρα</strong></span> <span class='ocrx_word' id='word_1_795' title='bbox 2313 5632 2547 5684; x_wconf 80' lang='grc' dir='ltr'>τοιοῦτον</span> <span class='ocrx_word' id='word_1_796' title='bbox 2579 5632 2738 5684; x_wconf 71' lang='grc' dir='ltr'>αὐτὸν</span> <span class='ocrx_word' id='word_1_797' title='bbox 2791 5632 3037 5701; x_wconf 76' lang='grc' dir='ltr'>γεννᾷ,ἢ</span> <span class='ocrx_word' id='word_1_798' title='bbox 3090 5632 3161 5700; x_wconf 83' lang='grc' dir='ltr'>μὴ</span> <span class='ocrx_word' id='word_1_799' title='bbox 3218 5632 3485 5701; x_wconf 75' lang='grc' dir='ltr'>θελήσαςς</span> <span class='ocrx_word' id='word_1_800' title='bbox 3545 5632 3605 5685; x_wconf 82' lang='grc' dir='ltr'>Εἰ</span> <span class='ocrx_word' id='word_1_801' title='bbox 3652 5632 3753 5701; x_wconf 81' lang='grc' dir='ltr'><strong>μὲν</strong></span> 
     </span>
    </p>
   </div>
   <div class='ocr_carea' id='block_1_112' title="bbox 2176 5721 3750 5793">
    <p class='ocr_par' dir='ltr' id='par_1_112' title="bbox 2176 5721 3750 5793">
     <span class='ocr_line' id='line_1_112' title="bbox 2176 5721 3750 5793; baseline -0.001 -17"><span class='ocrx_word' id='word_1_802' title='bbox 2176 5721 2268 5776; x_wconf 79' lang='grc' dir='ltr'><strong>οὖν</strong></span> <span class='ocrx_word' id='word_1_803' title='bbox 2322 5724 2660 5793; x_wconf 78' lang='grc' dir='ltr'>ἁδυνατήσας</span> <span class='ocrx_word' id='word_1_804' title='bbox 2713 5725 2980 5791; x_wconf 81' lang='grc' dir='ltr'>λέγουσιν,</span> <span class='ocrx_word' id='word_1_805' title='bbox 3026 5724 3464 5791; x_wconf 71' lang='grc' dir='ltr'>αἰσχυνέσθωσαν</span> <span class='ocrx_word' id='word_1_806' title='bbox 3512 5724 3607 5791; x_wconf 80' lang='grc' dir='ltr'><strong>τὴν</strong></span> <span class='ocrx_word' id='word_1_807' title='bbox 3650 5722 3750 5775; x_wconf 74' lang='grc' dir='ltr'><strong>τοῦ</strong></span> 
     </span>
    </p>
   </div>
   <div class='ocr_carea' id='block_1_113' title="bbox 2179 5809 3750 5883">
    <p class='ocr_par' dir='ltr' id='par_1_113' title="bbox 2179 5809 3750 5883">
     <span class='ocr_line' id='line_1_113' title="bbox 2179 5809 3750 5883; baseline -0.002 -14"><span class='ocrx_word' id='word_1_808' title='bbox 2179 5817 2387 5883; x_wconf 55' lang='lat' dir='ltr'><strong>Harpe;</strong></span> <span class='ocrx_word' id='word_1_809' title='bbox 2427 5818 2613 5870; x_wconf 69' lang='grc' dir='ltr'>οὐσίαν</span> <span class='ocrx_word' id='word_1_810' title='bbox 2648 5816 2975 5883; x_wconf 73' lang='grc' dir='ltr'>ὑϐρίζοντες,</span> <span class='ocrx_word' id='word_1_811' title='bbox 3024 5816 3087 5866; x_wconf 83' lang='grc' dir='ltr'><strong>δι’</strong></span> <span class='ocrx_word' id='word_1_812' title='bbox 3127 5809 3198 5867; x_wconf 79' lang='grc' dir='ltr'>ὧν</span> <span class='ocrx_word' id='word_1_813' title='bbox 3232 5815 3364 5883; x_wconf 79' lang='grc' dir='ltr'><strong>αὑτῇ</strong></span> <span class='ocrx_word' id='word_1_814' title='bbox 3418 5814 3750 5883; x_wconf 58' lang='grc' dir='ltr'>προσάπτειν</span> 
     </span>
    </p>
   </div>
  </div>
