4048 6456
255 435 357 491 H3

1673 394 2129 479 TUESAURUS.

3432 415 3453 467 l
3473 412 3535 469 14

249 552 306 605 τὸ
346 544 702 621 μὴδύνασθαι
727 542 1149 612 τετολμήκασιν.
1191 541 1252 593 Ei
1282 540 1326 592 δ’
1352 542 1444 593 ἐπὶ
1478 539 1708 611 θάτερον
1739 555 1835 610 με·

1963 540 2279 611 :onl'ugianl,
2308 549 2364 595 et
2390 538 2635 595 noluisse
2665 534 2853 590 dicant
2877 529 3400 589 consubstantialem
3430 529 3533 584 sibi

248 642 634 711 ταστήσονται,
683 632 776 689 καὶ
819 636 896 704 μὴ
940 628 1193 704 ἐθελῆσαι
1230 634 1496 702 φήσουσιν
1545 631 1833 700 ὁμοούσιον

249 727 395 797 αύτῷ
424 724 687 794 γεννῆσαι
718 722 810 775 τὸν
845 722 993 783 Υἱὸν,
1036 718 1238 790 ἑτέρως
1271 721 1553 792 ὑϐρίζουσι
1598 721 1835 791 πρᾶγμα

248 819 486 892 χαλεπὸν
506 819 600 871 καὶ
618 816 681 869 τὸ
712 815 931 869 πάντων
955 813 1234 884 αἴσχιστον
1265 811 1639 883 περιτιθέντες
1662 812 1832 882 αὐτῷ,

248 912 337 966 τὸν
366 910 461 963 ἐπὶ
489 911 603 972 τοῖς
636 906 919 979 ἀμείνοσιν
944 904 1121 957 ὄκνον.
1153 904 1217 955 EE
1251 901 1361 974 γὰρ
1395 903 1642 975 κρεῖττον
1674 897 1742 974 ἦν
1772 901 1836 955 τὸ

248 998 534 1069 ὀμοούσιον
561 998 654 1052 τοῦ
689 997 763 1068 μὴ
791 994 1054 1058 τοιούτου,
1080 994 1196 1058 πῶς
1226 995 1326 1049 οὐκ
1347 994 1501 1048 ἔσται
1525 994 1836 1066 δυσφημίας

250 1092 472 1163 ἁπάσης
514 1091 771 1145 ἐπέκεινα
799 1088 862 1142 τὸ
893 1086 1071 1156 λέγειν
1098 1087 1325 1157 ὀκνῆσαι
1372 1087 1501 1158 περὶ
1541 1086 1611 1140 τὰ
1653 1086 1837 1159 κρείτ-

248 1199 377 1237 τονα
422 1182 523 1236 καὶ
571 1179 999 1252 πρεπωδέστερα
1028 1179 1130 1249 τὴν
1177 1176 1327 1231 θείαν
1374 1178 1584 1244 οὐσίαν,
1622 1178 1716 1232 καὶ
1760 1176 1836 1249 μὴ

253 1274 453 1343 μᾶλλον
504 1272 755 1343 ἐθελῆσαι
794 1271 857 1326 τὸ
890 1270 1108 1324 κάλλιον
1140 1270 1173 1341 ἢ
1214 1270 1272 1324 τὺ
1306 1271 1399 1342 ’μὴ
1451 1269 1625 1333 οὕτως
1673 1270 1834 1340 έχονς

263 1365 422 1420 Ἀλλὰ
476 1365 656 1419 πάντα
697 1363 924 1416 δύναται
980 1364 1154 1415 ποιεῖν
1186 1362 1488 1433 -ὁΠατὴρ,
1542 1361 1637 1415 καὶ
1695 1350 1851 1415 θέλει

251 1459 457 1530 μᾶλλον
475 1448 536 1512 τδ
566 1459 816 1529 κρεῖττον
838 1472 852 1488 ⁸
883 1456 1035 1511 οὐδὲν
1056 1450 1151 1511 οὖν
1170 1456 1289 1510 ἐστι
1309 1454 1374 1509 τὸ
1405 1453 1613 1510 κωλύεν
1644 1453 1839 1526 ύμοού-

252 1564 365 1604 σιον
392 1542 535 1603 εἶναι
566 1548 658 1603 τὸν
691 1547 842 1602 Υίὸν.

936 1786 1141 1844 ΑΛᾹΟ.

524 1895 856 1966 Ἀντίθεσις
884 1898 969 1965 ὡς
993 1898 1063 1952 ἐκ
1093 1895 1213 1952 τῶν
1245 1897 1569 1968 Εὐνομίου.
1871 1907 1913 1961 Β
1950 1874 1953 1875 ν

317 1986 395 2045 τὸ
448 1990 510 2056 ἐξ
554 1990 733 2044 αετίου
791 1989 937 2054 τινὸς
969 1989 1050 2053 ὃν,
1101 1989 1135 2060 ἢ
1179 1990 1606 2060 γεγεννημένον,
1648 1990 1837 2060 φησιν,

250 2081 466 2152 ἀνάγκη
496 2079 748 2151 δεύτερον
770 2074 911 2134 εἶναι
940 2080 1155 2147 τούτου,
1176 2077 1205 2133 ὃ
1230 2080 1294 2151 δὴ
1320 2080 1415 2135 καὶ
1444 2079 1667 2150 γέγονεν
1688 2079 1840 2150 αὐτῷ

249 2172 342 2225 τοῦ
379 2169 519 2227 εἶναι
546 2171 744 2227 αῐτιον.
786 2170 994 2226 Οὐκοῦν
1032 2172 1285 2244 δεύτερος
1318 2171 1471 2225 ἔσται
1497 2171 1592 2225 τοῦ
1628 2173 1843 2242 Πατρδς

249 2264 278 2316 6
305 2262 437 2326 Υίὺς
465 2261 638 2315 αῐτιον
672 2258 837 2314 αὐτὸν
865 2260 1034 2331 ἔχωνο
1067 2261 1161 2314 καὶ
1202 2259 1305 2317 διὰ
1324 2259 1483 2314 τοῦτο
1509 2261 1607 2332 οὐχ
1648 2261 1844 2332 ὁμοσύ-

252 2372 391 2419 σιος.
441 2356 514 2408 Ἦ
558 2352 1028 2425 ἁφιλονεικότερον
1074 2352 1397 2423 ἐνστήσεται
1430 2370 1512 2417 τις
1555 2354 1845 2424 ὁμοούσιον

250 2445 416 2499 αὐτὸν
448 2440 591 2499 εῖναι
623 2444 821 2513 λέγων,
867 2444 902 2514 ἡ
953 2443 1051 2513 μία
1095 2441 1310 2514 θεότης,
1344 2443 1470 2514 ἄρα,
1521 2444 1696 2515 τομήν
1725 2462 1845 2498 τινα

251 2535 578 2605 χωρήσασα,
606 2533 832 2602 γέγονεν
871 2533 950 2596 είς
993 2530 1162 2585 δυάδα
1182 2546 1197 2561 ⁸
1241 2532 1303 2585 ού
1345 2534 1455 2603 γὰρ
1484 2534 1689 2603 ἑτέρως
1719 2535 1848 2604 ὁμο-

250 2626 435 2689 ούσιος
466 2621 605 2679 εῐναι
631 2625 874 2680 δύναται.
922 2625 1161 2695 Ἀνάγκη
1192 2619 1286 2678 οὖν
1311 2624 1493 2694 λέγειν
1520 2626 1619 2695 οὐχ
1651 2625 1846 2695 ὁμοσύ-

254 2736 370 2772 σιον
404 2713 549 2773 εἶναι
575 2718 667 2773 τὸν
701 2718 850 2772 Υίόν.

746 2928 903 2998 Πρὸς
936 2922 1124 2983 ταῦτα
1152 2930 1356 2994 λύσις.

326 3042 447 3095 Οὐκ
473 3039 790 3094 αἰσθάνεται
835 3040 999 3094 πάλιν
1029 3039 1244 3111 μεθύων
1271 3042 1299 3093 6
1330 3037 1720 3110 χρισωμάχος,
1760 3040 1853 3093 καὶ

259 3133 442 3204 μάτην
470 3132 880 3203 καταφλυαρῶν
924 3132 1027 3202 τῆς
1073 3130 1226 3197 θείας
1256 3131 1465 3193 οὐσίας.
1504 3131 1577 3183 Τὸ
1606 3130 1705 3201 μὲν
1745 3131 1855 3202 γὰρ

254 3224 561 3296 τέμνεσθαι
590 3224 686 3278 καὶ
704 3224 983 3279 διάστασίν
1005 3240 1126 3277 τινα
1151 3221 1351 3293 μεταξὺ
1367 3222 1467 3293 τὴν
1491 3220 1853 3293 πρὸςᾶλληλα

255 3317 527 3371 δύνασθαι
572 3314 778 3382 λαϐεῖν,
830 3316 1101 3387 σωμάτων
1151 3316 1304 3371 ἴδιον.
1369 3316 1433 3369 Ἡ
1482 3315 1541 3369 δὲ
1591 3313 1712 3367 θεία
1756 3314 1850 3368 τοῦ

260 3409 477 3481 Πατρὸς
508 3408 688 3474 οὐσία,
722 3407 1013 3479 ἀσώματος
1038 3402 1196 3475 οὖσα,
1229 3409 1406 3478 τομῆς
1428 3424 1489 3460 τε
1518 3407 1614 3461 καὶ
1644 3405 1853 3478 διαιρέ-

260 3518 403 3567 σεως
448 3500 802 3563 ἅνεπῶεκτὸς
831 3502 1010 3554 ἐστιν·
1042 3498 1167 3554 οὔτε
1214 3494 1273 3552 δὲ
1310 3501 1367 3552 ἐν
1397 3498 1549 3570 τόπῳ
1593 3498 1854 3569 μένουσα,

258 3591 387 3647 οὔτε
420 3592 527 3647 ὑπό
569 3576 727 3656 τινος⁸
758 3588 893 3647 οὖσα
936 3591 1183 3665 χωρητὴ,
1224 3592 1340 3647 ἀλλ’
1388 3592 1447 3645 ἐν
1480 3592 1707 3664 ἀρρήτῳ
1747 3591 1857 3644 τινὶ

262 3687 361 3740 καὶ
376 3685 659 3767 ,ἀφράστῳ
678 3667 1014 3740 καταστάσει
1036 3683 1289 3755 κειμένη,
1309 3682 1403 3736 τὸν
1425 3682 1554 3737 Υιὸν
1575 3682 1633 3749 ἐξ
1658 3681 1859 3751 ἑαυτῆς

262 3773 613 3838 ἁδιαστάτως
641 3775 944 3846 ἐξέλαμψεν
965 3791 979 3806 ·
1012 3775 1113 3829 οὐκ
1140 3773 1206 3830 ἂν
1240 3774 1442 3845 ἐτέρως
1463 3772 1609 3843 ἔχειν
1631 3772 1701 3826 τὸ
1721 3768 1861 3827 εἷναι

262 3867 450 3921 τελεία
478 3866 777 3938 δυναμένη,
813 3868 860 3920 ει
894 3865 969 3938 μὴ
1003 3866 1263 3935 ἐγέννησε
1310 3865 1401 3919 τὸν
1434 3864 1586 3929 Υίδν,
1620 3865 1716 3919 καὶ
1762 3866 1860 3929 ἀνέ

264 3954 482 4026 εδείχθη
510 3955 848 4026 καρπογόνος
864 3973 878 3987 ⁸
905 3957 999 4010 καὶ
1016 3955 1176 4009 πάλιν
1198 3957 1298 4010 οὐκ
1314 3956 1380 4011 ἂν
1402 3955 1603 4025 ἑτέρως
1624 3954 1860 4026 ἐσομένη

264 4048 623 4120 δημιουργὸς,
664 4049 715 4102 εί
746 4048 821 4119 μὴ
849 4048 1067 4103 τέτοκεν
1097 4047 1157 4113 ἐξ
1189 4048 1389 4119 ἑαυτῆς
1428 4047 1741 4120 ἁμερίστως
1771 4047 1863 4100 τὸν

266 4137 419 4205 Υὶδν,
454 4140 523 4193 δι’
556 4132 617 4195 οὗ
645 4139 924 4206 τὰπάντα
972 4139 1287 4211 ἐργάζεται.
1324 4142 1513 4195 Ἔστιν
1540 4135 1635 4195 οὖν
1665 4143 1693 4193 6
1735 4140 1865 4203 Υἱὸς

265 4227 554 4300 γεννηθεὶς
580 4231 646 4282 ἐκ
688 4229 924 4300 Πατρὸς,
955 4231 1017 4284 οὐ
1058 4227 1204 4284 κατά
1230 4249 1356 4285 τινα
1391 4232 1586 4303 τομὴν,
1622 4233 1655 4303 ἢ
1691 4232 1865 4304 ἀπόρ-

270 4324 447 4392 ροιαν,
496 4319 750 4391 καθάπερ
798 4321 957 4393 ὑμεῖς
1001 4322 1374 4391 φαντάζεσθε·
1424 4321 1541 4376 ἀλλ’
1576 4321 1765 4393 ὥσπερ
1800 4323 1866 4375 ἐκ

268 4412 444 4483 πυρὸς
491 4410 787 4483 θερμότης,
842 4412 1158 4485 ἀμερίστως
1207 4416 1272 4468 ἐκ
1321 4412 1559 4486 τῆςτοῦ
1610 4414 1863 4478 τεκόντος

270 4501 557 4577 προελθὼν
590 4503 802 4569 οὐσίας.
1096 4518 1099 4521 ⁷
1316 4538 1321 4542 ι
1590 4506 1596 4511 ’
1711 4527 1720 4534 -

428 4584 435 4590 ’
966 4582 1169 4653 ΑΑΑο.

526 4710 624 4779 Ὠς
652 4710 724 4778 ἐξ
759 4710 1119 4778 ἀντιθέσεως
1152 4709 1273 4765 τῶν
1303 4712 1627 4781 Εηὺνομίου.

268 4840 273 4843 ,
342 4827 410 4881 ει
436 4822 723 4896 ὀμοούσιὸς
746 4825 887 4891 ἐστι,
915 4825 1099 4894 φησιν,
1135 4827 1163 4877 ὁ
1206 4824 1335 4887 Υἱὸς
1363 4824 1441 4895 τῷ
1470 4822 1671 4894 [Ia-:91,
1702 4822 1755 4875 τί
1790 4823 1866 4895 μὴ
1895 4838 1899 4842 .
1960 4856 1963 4857 ν

274 4916 372 4969 καὶ
395 4913 561 4977 αὐτός
583 4914 732 4966 ἐστιν
746 4913 951 4982 ἀγαθὸς
975 4912 1147 4977 οὕτως
1163 4913 1239 4976 ὡς
1255 4914 1284 4966 6
1306 4915 1533 4983 Πατήρ;
1571 4913 1737 4981 Λέγει
1762 4914 1871 4985 γάρ

273 5023 381 5059 που
423 5005 565 5075 πρός
607 5022 731 5057 τινα
757 5006 787 5058 6
820 5004 1092 5077 Χριστόςο
1135 5024 1154 5056 ι
1193 5004 1259 5057 Τί
1307 5021 1375 5075 με
1412 5004 1592 5073 λέγεις
1621 5005 1868 5073 ἀγαθόν;

274 5098 467 5161 Οὐδεὶς
515 5095 719 5167 ἀγαθὸς
748 5097 800 5150 εί
857 5096 931 5168 μὴ
975 5078 1063 5160 ἐἷς
1105 5098 1134 5150 6
1162 5096 1314 5164 Θεός.
1356 5114 1375 5148 ι
1406 5096 1556 5159 Ἕνα
1587 5096 1644 5151 δέ
1672 5096 1868 5161 εἰπὼν,

276 5191 473 5246 ἑαυτὸν
505 5190 611 5257 ἔξω
634 5190 900 5263 τέθεικεν,
929 5191 1006 5254 ὡς
1034 5183 1254 5259 ἀγαθὸν
1278 5193 1380 5261 μὲν
1406 5190 1535 5244 ὄντα
1561 5191 1659 5265 καὶ
1682 5190 1869 5258 αὐτὸν,

274 5286 378 5357 οὐχ
406 5283 552 5338 οὕτω
579 5283 637 5337 δὲ
666 5282 859 5355 ὥσπερ
891 5282 958 5338 ἂν
992 5282 1078 5353 εἴη
1110 5284 1205 5337 καὶ
1234 5283 1263 5336 6
1301 5283 1514 5355 Πατήρ.

762 5395 920 5464 Πρὸς
945 5394 1134 5451 ταῦτα
1169 5396 1377 5461 λύσις.

353 5511 566 5583 Κύριον
600 5507 984 5572 ἀποκαλούσης
1022 5508 1116 5563 τὸν
1155 5508 1284 5563 Υίδν
1321 5511 1419 5579 τῆς
1446 5509 1599 5574 θείας
1627 5510 1871 5582 Γραφῆςο

281 5605 474 5666 δώσεις
499 5599 611 5670 ἄρα
649 5599 745 5653 καῖ
784 5598 949 5653 αὐτὸν
989 5594 1130 5653 εῖναι
1163 5600 1391 5670 Κύριον,
1426 5600 1697 5654 καὶτοῦτο
1731 5604 1877 5657 κατὰ

283 5694 567 5764 ἀλήθειαν,
597 5690 630 5760 ἦ
661 5689 799 5759 πρὸς
819 5691 934 5752 τοῖς
962 5688 1142 5754 ἄλλοις
1165 5691 1378 5761 ἀρνήσῃ
1408 5691 1505 5745 καὶ
1525 5691 1667 5744 τόδε.
1693 5693 1756 5745 Εἰ
1778 5694 1876 5762 μὲν

286 5785 395 5855 γὰρ
415 5784 517 5838 οὐκ
552 5776 690 5835 εἶναι
738 5778 944 5849 Κύριον
978 5780 1153 5851 ἐρεῖς,
1189 5782 1451 5835 τάναντία
1494 5786 1711 5853 φρονεῖς
1755 5789 1876 5849 ταῖς

290 5879 463 5942 θείαις
495 5874 743 5946 Γραφαίς
773 5872 867 5925 καὶ
908 5872 986 5943 τῷ
1016 5871 1189 5928 ταῦτα
1233 5873 1529 5944 λαλήσαντι
1576 5876 1874 5934 Πνεύιιατι.

1884 3266 1925 3322 C

1941 652 2204 708 generare
2233 635 2464 699 Filium,
2491 632 2652 687 aliam
2688 627 3079 686 contumeliam
3112 625 3161 678 ei
3193 624 3532 693 impingunt,

1944 731 2311 801 turpissimam
2374 727 2777 797 pessimamque
2838 737 2953 776 rem
3016 718 3089 774 illi
3155 716 3532 777 ascribentes,

1945 822 2321 893 negligentiam
2347 819 2603 873 nimirum
2636 824 2801 885 atque
2831 811 3104 883 ignaviam
3135 807 3190 861 in
3218 806 3537 860 metiar-ibus

1942 929 2008 967 ac
2048 908 2518 982 praestantioribus
2560 903 2847 960 faciendis.
2885 900 2954 956 Si
2987 899 3133 955 enim
3182 894 3380 952 melius
3418 900 3539 949 crat

1944 1000 2405 1060 consubstantiale
2445 1013 2610 1070 quam
2655 996 2708 1051 id
2749 995 2896 1065 quod
2943 990 3211 1063 ejusmodi
3259 1003 3365 1043 non
3410 994 3535 1052 est,

1944 1111 2051 1167 quo
2077 1104 2233 1165 pacm
2264 1109 2369 1149 non
2394 1091 2545 1148 omni
2577 1085 2913 1155 blasphemia
2952 1083 3129 1153 majus
3160 1079 3325 1136 fuerit
3350 1078 3540 1167 dicere

1945 1188 2181 1243 divinam
2212 1182 2507 1240 essentiam
2538 1179 2590 1234 in
2622 1178 2688 1233 iis
2716 1190 2839 1247 quae
2870 1172 3095 1228 meliora
3128 1166 3537 1225 convenientia.

1946 1295 2116 1349 raque
2159 1285 2318 1347 erant
2360 1271 2625 1328 faciendis
2673 1268 3037 1339 negligentem
3081 1262 3285 1343 fuisse,
3330 1269 3384 1314 et
3433 1274 3539 1313 non

1944 1372 2123 1445 potius
2158 1367 2394 1423 voluisse
2434 1360 2583 1435 quod
2621 1359 2817 1415 melius
2863 1370 3031 1427 quam
3075 1352 3221 1425 quod
3269 1351 3541 1445 deterius?

1944 1442 2106 1534 Atqui
2143 1460 2306 1515 Pater
2339 1457 2521 1514 omnia
2555 1462 2728 1523 potest
2760 1444 3303 1517 lacere,'magisqne
3338 1442 3451 1497 vult
3485 1442 3541 1497 id

1944 1558 2091 1630 quod
2132 1552 2327 1610 melius
2358 1558 2442 1605 est
2476 1566 2491 1603 :
2530 1545 2661 1601 nihil
2695 1552 2780 1600 est
2809 1542 2979 1613 igitur
3010 1538 3157 1611 quod
3188 1535 3371 1616 obstet
3401 1550 3541 1607 quo-

1947 1651 2127 1706 minus
2149 1637 2635 1703 consubstantialis
2658 1637 2729 1694 sit
2756 1634 2951 1691 Filius.

2626 1770 2860 1831 ALIUD.

2383 1875 2469 1932 Ea:
2502 1872 2789 1943 objections
2824 1866 3105 1923 Eunomii.

2015 1998 2167 2069 Quod
2195 2012 2260 2052 ex
2292 2006 2453 2049 causa
2486 1989 2665 2059 aliqua
2693 1996 2797 2053 est,
2820 1983 2904 2039 vel
2936 1982 3184 2052 genitum
3214 1986 3319 2044 est,
3344 1976 3542 2046 inquit,

1946 2067 2325 2151 necessarium,
2364 2093 2447 2141 est
2488 2091 2547 2137 ut
2591 2082 2665 2138 sit
2708 2076 3008 2135 secundum
3054 2074 3125 2130 ab
3167 2074 3262 2128 illo
3300 2072 3445 2142 quod
3492 2067 3545 2125 el

1947 2199 2111 2242 causa
2142 2180 2475 2237 exsistentiaa
2503 2174 2623 2229 fuit.
2654 2173 2938 2229 Secundus
2969 2170 3155 2241 itaque
3184 2168 3287 2226 erit
3317 2168 3485 2223 Filius
3513 2178 3546 2218 ε

1948 2279 2110 2332 Patre
2131 2316 2146 2340 ,
2177 2274 2378 2345 quippe
2404 2270 2495 2341 qui
2530 2267 2744 2324 Patrem
2779 2275 2839 2321 ut
2867 2279 3089 2321 causam
3119 2264 3316 2319 habeat
3346 2282 3357 2317 ι
3386 2270 3549 2329 atque

1951 2370 2157 2426 idcirco
2199 2380 2266 2420 ne
2308 2358 2793 2418 consubstantialis
2830 2357 3069 2428 quidem.
3097 2355 3146 2409 ei
3188 2354 3315 2409 erit.
3352 2350 3460 2406 Aut
3500 2350 3547 2407 si
3588 2410 3594 2415 ς

1950 2460 2074 2530 quis
2130 2451 2518 2512 contentiosius
2578 2457 2801 2518 urgeat,
2850 2443 3367 2501 consubstantialem
3421 2456 3549 2495 eum

1949 2565 2073 2607 esse
2099 2549 2321 2610 dicens,
2349 2558 2455 2598 una
2495 2539 2857 2601 certedeitas
2912 2537 3212 2593 sectionem
3256 2534 3551 2588 admittens

1954 2643 2005 2696 in
2033 2640 2347 2694 dualitatem
2373 2633 2550 2689 divisa
2576 2630 2680 2685 erit
2708 2648 2723 2685 :
2752 2643 2927 2698 neque
2956 2628 3100 2682 enim
3134 2627 3291 2681 aliter
3314 2623 3553 2680 consub-

1953 2717 2228 2791 stantialis
2257 2746 2380 2786 esse
2406 2736 2604 2800 potest.
2622 2722 3004 2780 Necessarium
3032 2720 3196 2792 igitur
3215 2726 3300 2775 est
3323 2725 3379 2771 ut
3402 2715 3553 2771 dica-

1954 2844 2074 2885 mus
2105 2821 2620 2882 ro:.substantialem
2648 2834 2755 2875 non
2782 2831 2906 2873 esse
2929 2814 3147 2870 Filium.

2638 2931 2866 2987 Salutio.

2029 3053 2407 3108 Debaccliatur
2457 3062 2677 3104 rursum
2730 3045 2936 3104 Christi
2998 3041 3195 3107 hostis,
3237 3050 3556 3107 temercqne

1956 3146 2220 3200 adversus
2260 3144 2497 3200 divinam
2540 3140 2837 3199 essentiam
2886 3137 3135 3194 blaterat.
3174 3132 3363 3191 Secari
3407 3131 3554 3185 enim

1958 3247 2012 3293 et
2057 3237 2376 3293 divisionem
2429 3236 2667 3305 aliquam
2721 3233 2963 3300 recipere
3024 3244 3215 3299 posse,
3260 3239 3556 3294 corporum

1959 3329 2238 3400 proprium
2267 3336 2371 3384 est.
2400 3327 2591 3382 Divina
2622 3334 2802 3382 autem
2842 3322 3019 3379 Patris
3048 3320 3310 3384 essentia,
3335 3333 3457 3372 cum
3487 3316 3559 3371 sit

1958 3423 2313 3491 incorporea,
2339 3420 2604 3476 sectionis
2643 3427 2736 3474 aut
2770 3415 3053 3479 divisionis
3093 3427 3266 3483 capax
3302 3425 3407 3465 non
3443 3418 3558 3475 est;

1961 3515 2229 3585 neque‘in
2272 3513 2391 3581 loco
2428 3513 2674 3576 exsiSIit,
2705 3525 2881 3579 neque
2923 3524 2951 3562 ε
2994 3520 3267 3578 quoquam
3309 3502 3562 3559 contine-

1961 3615 2081 3673 tur;
2115 3607 2208 3663 sed
2240 3606 2294 3662 in
2328 3620 2533 3662 arcano
2561 3615 2724 3674 atque
2755 3601 3011 3658 inell'abili
3049 3612 3195 3655 statu
3227 3596 3558 3658 consistens,

1962 3696 2164 3752 Filium
2194 3711 2263 3751 ex
2291 3711 2352 3751 se
2382 3696 2692 3751 immediate
2719 3692 2977 3763 protulit;
3011 3705 3188 3760 neque
3212 3688 3317 3743 alia
3348 3685 3563 3740 ratione

1956 3790 2202 3858 perfecta
2228 3801 2349 3842 esse
2374 3789 2581 3856 potest,
2601 3785 2701 3840 nisi
2731 3783 2926 3839 Filium
2959 3781 3228 3850 genuerit,
3250 3787 3304 3833 ct
3332 3776 3563 3833 fecunda

1965 3888 2187 3934 ostensa
2215 3877 2317 3942 sit;
2349 3890 2525 3945 neque
2555 3890 2770 3928 rursum
2803 3872 3039 3926 creatrix
3070 3884 3196 3925 esse
3228 3877 3429 3938 potest,
3458 3865 3563 3920 nisi

1966 3969 2212 4039 genuerit
2256 3983 2321 4022 ex
2365 3981 2424 4036 se
2467 3966 2735 4021 iudivnlse
2775 3964 3006 4031 Filium,
3048 3976 3145 4031 per
3181 3976 3341 4031 quem
3381 3961 3565 4014 omnia

1964 4059 2078 4131 69
2100 4068 2376 4128 operatur.
2404 4056 2499 4111 Est
2527 4056 2689 4125 igitur
2715 4055 2931 4127 genitus
2963 4068 3030 4108 ex
3058 4051 3217 4106 Patre
3242 4050 3430 4117 Filius,
3458 4065 3564 4103 non

1967 4140 2209 4208 séctione
2242 4160 2336 4203 aut
2372 4147 2586 4204 deﬂuxu
2619 4148 2831 4216 aliquo,
2858 4147 2999 4202 sicut
3035 4160 3128 4199 vos
3163 4142 3561 4214 imaginatnini;

1967 4241 2063 4296 sed
2096 4238 2554 4310 quemadmodum
2594 4236 2843 4292 caliditas
2886 4250 2952 4291 ex
2997 4234 3154 4305 igne,
3186 4230 3454 4288 iudivulse
3495 4244 3561 4285 ex

1969 4332 2204 4389 essentia
2238 4328 2514 4403 gignentis
2540 4324 2805 4400 procedit.

2653 4590 2881 4649 ALIUD.

2405 4708 2489 4764 Ea:
2525 4707 2821 4780 objections
2862 4705 3138 4763 Eunomii.

2050 4823 2130 4887 Si,
2170 4821 2366 4891 inquit,
2400 4819 2572 4875 Filius
2613 4829 2697 4875 est
2728 4818 3234 4877 .consubstantialis
3265 4816 3433 4884 Patri,
3472 4833 3565 4873 cur

1981 4930 2087 4969 non
2111 4914 2273 4969 etiam
2301 4914 2416 4983 ipse
2435 4924 2520 4969 est
2538 4914 2715 4969 bonus
2737 4912 2812 4967 ita
2843 4923 2900 4968 ut
2923 4908 3124 4968 Pater?
3148 4913 3404 4969 Christus
3425 4914 3570 4969 enim

1980 5008 2177 5063 alicubi
2228 5006 2293 5060 ad
2326 5007 2618 5075 quemdam
2665 5008 2738 5061 ita
2787 5008 2909 5061 ait:
2946 5026 2965 5058 ι
2997 5005 3110 5061 Cur
3159 5020 3245 5059 me
3294 5006 3433 5061 dicis
3474 5006 3572 5062 bo-

1982 5099 2156 5155 num?
2204 5095 2377 5155 Nemo
2406 5098 2581 5154 bonus
2622 5098 2726 5153 nisi
2777 5114 2919 5153 unus
2968 5097 3135 5154 Deus.
3166 5116 3184 5150 ι
3222 5096 3399 5153 Unum
3443 5113 3573 5152 vero

1982 5205 2103 5245 cum
2134 5190 2294 5255 dixit,
2325 5190 2563 5260 seipsum
2591 5192 2828 5261 excepit,
2855 5190 3056 5261 quippe
3080 5189 3174 5259 qui
3210 5190 3387 5246 bonus
3406 5192 3571 5246 etiam

1984 5281 2100 5351 ipse
2130 5281 2223 5347 sit,
2250 5298 2355 5337 non
2391 5292 2570 5338 tamen
2608 5282 2682 5337 ita
2713 5282 2890 5339 bonus
2924 5293 2980 5336 ut
3009 5281 3190 5337 Pater.

2496 5388 2700 5449 Salutio
2727 5394 3061 5465 objectionis.

2055 5507 2188 5562 Cum
2219 5522 2377 5563 sacra
2410 5507 2693 5577 Scriptura
2724 5507 2921 5563 Filium
2957 5509 3248 5563 Dominum
3280 5520 3457 5575 vocct,
3490 5510 3573 5564 fa-

1987 5601 2189 5655 teberis
2240 5599 2487 5669 proiecto
2537 5602 2701 5655 etiam
2758 5602 2934 5670 ipsum
2984 5602 3273 5656 Dominum
3328 5618 3470 5666 esse.
3519 5612 3576 5658 et

1984 5692 2206 5760 quidem
2236 5706 2383 5755 vere,
2418 5702 2513 5746 aut
2543 5708 2647 5746 una
2679 5708 2803 5748 cum
2833 5693 2953 5747 aliis
2985 5693 3152 5747 etiam
3188 5696 3289 5748 hoc
3327 5694 3570 5765 negabis.

1985 5785 2053 5836 At
2111 5782 2154 5836 si
2208 5784 2430 5853 negabis
2484 5782 2772 5837 Dominum
2821 5799 2963 5845 esse,
3023 5786 3355 5839 Contrarium
3413 5786 3571 5855 plane

1986 5873 2156 5930 scutis
2194 5888 2223 5927 a
2272 5872 2571 5942 Scripturis
2626 5886 2678 5931 et
2730 5891 2758 5930 a
2808 5874 3011 5945 Spiritu
3061 5877 3164 5932 hoc
3200 5876 3469 5941 loquente.
3504 5876 3568 5930 Si
