4048 6432
508 394 612 449 H5

1498 399 1552 454 S.
1597 398 1867 455 εγιιιιιι
1911 398 2380 454 ALEXANDRINI
2421 398 2741 453 AKCIIIEP.

505 520 839 575 concesseris
870 520 1181 590 dixerisqne
1224 523 1505 577 Dominum
1540 540 1681 591 esse,
1712 526 1873 597 impie
1914 542 2069 599 agere

2180 525 2602 597 Συντεθειμένος
2634 523 2691 577 δὲ
2728 521 2819 575 καὶ
2871 521 3098 591 φάσκων
3151 518 3316 575 αὑτὸν
3354 514 3493 572 εῖναι
3530 516 3763 587 Κύριον,

505 612 945 679 deprehenderis,
970 614 1165 683 quippe
1193 616 1283 683 qui
1310 614 1591 670 Dominum
1615 632 1775 673 voces
1799 628 1853 673 et
1877 621 2070 675 adores

502 717 625 757 eum
659 718 817 771 quem
846 705 1363 761 consubstantialem
1396 722 1517 763 esse
1550 707 1657 763 Deo
1686 724 1749 764 ac
1788 708 1933 764 Patri
1974 726 2069 765 ne-

501 809 619 863 gas,
651 805 705 848 et
749 808 1055 851 creaturam
1086 800 1266 867 potius
1298 814 1458 869 quam
1490 815 1678 855 verum
1709 800 1873 856 Deum
1909 804 2063 859 coiis.

501 874 655 950 Quod
702 888 845 940 enim
880 886 1101 940 alterius
1146 898 1353 941 natura:
1382 898 1466 943 est
1495 887 1563 943 ab
1598 902 1663 943 eo
1702 888 1793 958 qui
1825 904 1952 944 vere
1985 900 2069 945 est

501 975 667 1039 Deus,
708 977 761 1031 id
797 986 986 1030 natura
1018 978 1159 1034 Dens
1190 992 1308 1033 esse
1345 995 1450 1032 non
1494 989 1691 1049 potest.
1722 980 1874 1047 Quod
1903 983 2065 1036 etiam

501 1065 617 1133 ipsa
662 1080 815 1120 sacra
870 1064 1146 1136 Scriptura
1192 1077 1443 1131 testatur,
1494 1069 1728 1123 dicens:
1763 1086 1783 1120 ι
1812 1069 2068 1125 Dominus

501 1157 642 1210 Deus
676 1167 885 1222 noster,
922 1158 1178 1214 Dominus
1208 1172 1347 1216 unus
1378 1169 1460 1215 est
1480 1160 1520 1192 ⁸⁷
1551 1179 1567 1215 :
1607 1180 1625 1212 ι
1666 1176 1768 1215 una
1797 1162 1942 1217 enim
1983 1171 2069 1218 est

500 1249 723 1303 deitatis
774 1260 987 1303 natura.
1046 1250 1199 1317 Quod
1256 1266 1383 1307 vero
1428 1250 1569 1307 hanc
1624 1253 1795 1307 solam
1837 1254 2068 1309 adorare

499 1351 766 1409 oporteat,
809 1343 997 1397 audies
1029 1358 1241 1398 rursum
1273 1360 1289 1397 :
1326 1361 1347 1396 s
1380 1343 1667 1399 Dominum
1713 1345 1879 1400 Deum
1913 1355 2064 1400 tuum

498 1432 776 1497 adorabis,
806 1443 860 1487 et
886 1434 935 1488 ei
969 1434 1068 1488 soli
1098 1434 1304 1490 servies
1324 1434 1391 1488 ⁸³.
1423 1452 1443 1486 ι
1484 1434 1542 1489 Si
1579 1436 1740 1503 igitur
1773 1436 1899 1506 quia
1926 1436 2067 1493 Deus

500 1536 567 1576 ac
592 1521 751 1577 Pater
784 1523 931 1578 solus
958 1524 1154 1579 dicitur
1180 1526 1370 1588 bonus,
1407 1524 1575 1581 Filius
1600 1526 1775 1581 bonus
1805 1542 1927 1584 esse
1958 1542 2064 1582 nou

499 1624 677 1682 potest
705 1614 845 1670 sicut
873 1614 1052 1679 Pater,
1080 1616 1376 1686 eademque
1403 1617 1611 1673 ratione
1641 1634 1763 1674 cum
1796 1634 1933 1674 unus
1961 1619 2065 1674 Pa-

503 1718 584 1763 ter
611 1709 809 1764 dicitur
836 1708 1088 1764 Dominus
1118 1720 1171 1763 et
1204 1711 1364 1773 Deus,
1404 1710 1646 1780 sequitur
1670 1715 1831 1768 etiam
1878 1726 2065 1767 neces-

502 1800 648 1855 sario
674 1816 739 1855 es
782 1802 968 1855 eodem
1003 1811 1320 1873 argumento
1344 1792 1539 1859 Filium
1576 1818 1751 1874 neque
1779 1802 2063 1859 Dominum

2178 616 2392 681 ἀσεϐῶς
2418 614 2724 686 ιλεγχθήσῃ
2742 614 2839 667 καὶ
2860 611 3066 683 Κύριον
3094 611 3272 679 λέγων
3312 610 3406 664 καὶ
3439 607 3767 679 προσκυνῶν

2176 709 2235 763 ὃν
2258 710 2319 763 οὐ
2370 708 2476 780 φὴς
2521 706 2809 777 θμοούσιον
2838 698 2978 756 εἶναι
3023 702 3101 772 τῷ
3138 699 3258 771 Θεῷ
3305 703 3399 755 καὶ
3433 700 3636 771 Πατρὶ.
3672 698 3766 752 καὶ

2177 800 2439 870 κτίσματι
2476 798 2676 870 μᾶλλον
2722 798 2757 867 ἢ
2810 794 2930 865 Θεῷ
2961 793 3105 847 κατά
3146 790 3311 864 φύσιν
3350 792 3659 861 λατρεύεις.
3690 789 3765 842 Τὸ

2176 892 2285 963 γὰρ
2306 892 2499 961 ιτερας
2525 889 2773 961 ὑπάρχον
2797 886 2983 949 οὐσίας
3023 886 3176 957 παρά
3200 885 3293 939 τὸν
3324 878 3454 937 δντα
3480 882 3639 941 Θεὸν.
3663 881 3763 933 οὐκ

2176 983 2242 1037 ἂν
2265 984 2349 1053 ειη
2368 982 2527 1053 φύσει
2554 980 2708 1043 Θεός.
2731 981 2842 1034 Καὶ
2868 977 3059 1033 τούτου
3084 977 3296 1048 μάρτυς
3318 978 3353 1047 ἠ
3379 974 3499 1028 θεία
3522 974 3763 1042 λέγουσα

2175 1072 2396 1144 Γραφή’
2442 1089 2461 1123 t
2498 1068 2703 1141 Κύριος
2742 1072 2770 1123 6
2796 1068 2927 1131 Θεὸς
2976 1066 3155 1139 ἡμῶν,
3201 1064 3411 1137 Κύριος
3435 1058 3518 1126 εἷς
3547 1063 3697 1114 ἐστι·
3736 1072 3757 1113 t

2177 1164 2275 1236 μία
2304 1162 2413 1233 γὰρ
2463 1159 2717 1232 θεότητος
2769 1162 2951 1230 φύσις.
3008 1160 3119 1213 Καὶ
3148 1159 3230 1211 δἐι
3274 1155 3447 1225 ταύτῃ
3490 1156 3630 1224 μόνῃ
3680 1152 3764 1206 δεῖ

2175 1256 2519 1325 προσκυνεῖν,
2568 1252 2778 1325 ἀκούσῃ
2810 1252 3004 1305 πάλιν·
3066 1268 3084 1300 ι
3122 1248 3330 1318 Κύριον
3367 1246 3457 1299 τὸν
3504 1244 3643 1298 Θεόν
3668 1260 3762 1297 σου

2174 1346 2593 1418 προσκυνήσεις,
2634 1344 2729 1397 καὶ
2759 1342 2910 1413 αὺτῷ
2950 1342 3099 1410 μόνῳ
3125 1338 3470 1409 λατρεύσεις.
3496 1357 3513 1389 r
3549 1337 3615 1389 Et
3647 1336 3759 1389 τοί-

2172 1454 2266 1489 νυν
2287 1435 2374 1489 διά
2398 1434 2459 1489 τὸ
2492 1437 2651 1505 μόνον
2676 1432 2882 1501 ἀγαθὸν
2912 1431 3166 1496 λέγεσθαι
3189 1429 3281 1483 τὸν
3306 1428 3437 1480 Θεὸν
3462 1428 3555 1479 καὶ
3587 1425 3762 1479 [Iast-

2174 1548 2261 1601 ρα,
2294 1532 2607 1584 δκπεσεῖται
2648 1528 2742 1583 τοῦ
2776 1523 2916 1581 εἶναι
2951 1526 3158 1596 ἀγαθὸς
3181 1529 3211 1579 ό
3253 1525 3383 1588 Υἱὸς
3420 1524 3595 1588 οὕτως
3622 1522 3701 1586 ὡς
3731 1523 3760 1574 6

2172 1623 2381 1693 Πατὴρ,
2413 1623 2507 1674 καὶ
2550 1620 2635 1674 διά
2677 1619 2738 1673 τὸ
2770 1620 2866 1673 ἕνα
2910 1618 3167 1685 λέγεσθαι
3230 1617 3435 1687 Κύριον
3476 1616 3572 1675 καὶ
3625 1614 3758 1667 Θεὸν

2171 1709 2260 1761 τὸν
2283 1709 2531 1780 Πατέρα,
2571 1709 2878 1762 ἱκπεσεῖται
2908 1704 3007 1779 τοῦ
3046 1699 3188 1758 εἶναι
3214 1704 3417 1775 Κύριος
3473 1704 3568 1757 καὶ
3623 1702 3760 1765 Θεὸς

2174 1800 2203 1852 6
2242 1800 2387 1864 Υίὸς,
2443 1799 2585 1853 κατά
2633 1799 2733 1868 τὴν
2781 1796 2876 1850 τοῦ
2922 1797 3191 1867 νοήματος
3249 1793 3608 1847 ἀκολουθίαν·
3640 1791 3760 1856 πῶς

501 1905 678 1960 neque
703 1892 869 1947 Deum
897 1907 1017 1948 esse
1043 1914 1055 1948 :
1086 1910 1193 1964 quo
1219 1904 1379 1965 pacto
1410 1896 1573 1967 igitur
1604 1896 1798 1952 adoras
1826 1910 1949 1951 eum
1973 1894 2065 1966 qui

2174 1887 2261 1946 οὖν
2290 1892 2613 1963 προσκυνεῖς
2639 1889 2718 1961 τῷ
2748 1889 2884 1961 μήτε
2906 1888 3100 1959 Κυρίῳ
3124 1887 3264 1958 μήτε
3284 1884 3405 1955 Θεῷ
3427 1902 3443 1952 ;
3474 1885 3537 1938 Ei
3560 1884 3621 1938 δὲ
3641 1885 3760 1943 Κυ-

500 1998 599 2039 nec
624 1984 904 2053 Dominus,
937 2001 1037 2043 nec
1075 1985 1216 2044 Deus
1242 1989 1356 2044 est?
1387 1988 1442 2043 Si
1480 2002 1628 2057 vero,
1656 2002 1779 2043 cum
1807 1987 1969 2043 Pater
1996 1989 2069 2044 sit

499 2073 759 2133 Dominus
805 2089 860 2133 et
917 2075 1082 2143 Deus,
1135 2080 1293 2134 simul
1342 2080 1505 2135 etiam
1549 2080 1826 2135 inducitur
1873 2079 2064 2145 Filius,

498 2170 744 2227 eundem
774 2170 979 2228 habens
1013 2173 1421 2242 proprietatem,
1456 2182 1640 2242 utpote
1660 2188 1724 2228 ex
1757 2174 1872 2243 ipso
1903 2182 2065 2228 natu-

499 2257 689 2314 raliter
727 2261 1042 2331 procedens,
1095 2272 1151 2317 et
1205 2271 1290 2318 est
1322 2279 1444 2319 cunt
1497 2262 1656 2318 Patre
1696 2263 1955 2318 Dominus
2001 2277 2066 2319 ac

501 2349 666 2415 Deos,
707 2354 1016 2407 necessario
1052 2354 1215 2409 etlam
1248 2353 1423 2410 bonus
1462 2356 1585 2422 erit,
1618 2364 1677 2411 ut
1724 2354 1907 2421 Pater,
1941 2370 2064 2409 cum

498 2452 719 2510 paterna
748 2444 1049 2513 proprietas
1076 2444 1236 2499 etiam
1274 2447 1373 2500 hac
1404 2447 1457 2501 in
1482 2458 1635 2516 parte
1681 2448 1735 2501 in
1768 2447 1885 2516 ipso
1918 2446 2061 2501 easi-

499 2542 630 2599 stat,
666 2534 887 2603 perinde
924 2545 1084 2602 atque
1119 2536 1169 2589 in
1207 2536 1315 2590 illo.

1172 2665 1397 2720 ALIUD.

569 2794 733 2854 multa
783 2801 848 2853 de
880 2800 1038 2855 Patre
1082 2808 1134 2853 et
1182 2799 1319 2854 Filio
1351 2813 1503 2853 sacra
1542 2800 1822 2870 Scriptura
1868 2801 2064 2871 pragdia

500 2900 608 2957 rat,
663 2905 836 2958 neque
886 2900 1063 2944 tamen
1118 2889 1422 2944 differentia
1482 2891 1763 2944 nominum
1816 2893 2066 2947 essentia

500 2984 764 3036 rationem
801 2983 853 3036 in
902 2982 1211 3036 univessum
1257 2982 1559 3051 distinguit,
1595 2982 1668 3034 ita
1705 2990 1760 3036 ut
1798 2982 1921 3037 inde
1950 2984 2063 3038 dis-

500 3070 795 3125 similitudo
822 3070 1061 3139 quadam
1088 3084 1182 3123 eos
1206 3080 1438 3138 separet.
1473 3066 1588 3122 Una
1616 3068 1758 3123 enim
1785 3077 1868 3121 est
1892 3068 2064 3122 deitas

499 3160 677 3217 Patris
720 3172 773 3217 ct
802 3162 946 3227 Filii,
996 3163 1206 3215 etiamsi
1255 3171 1485 3230 uterque
1536 3174 1631 3228 per
1660 3161 1808 3213 varia
1845 3160 2061 3215 nomina

499 3256 815 3312 dill’erenter
863 3256 1197 3324 signiﬁcetur
1234 3274 1246 3309 :
1286 3269 1389 3308 non
1436 3255 1579 3323 quod
1633 3254 1896 3307 alteruter
1937 3250 2061 3322 pr'o-
2092 3230 2134 3287 θ

501 3350 676 3420 prium
708 3346 814 3418 7o
842 3347 1038 3417 aliquid
1097 3347 1150 3399 in
1200 3360 1257 3399 se
1304 3345 1523 3407 habeat,
1562 3346 1706 3414 quod
1753 3344 1912 3400 alteri
1962 3358 2067 3399 non

503 3439 651 3501 insit,
683 3441 775 3492 sed
820 3440 959 3506 quod
1004 3440 1066 3491 tle
1096 3448 1323 3504 utroque
1367 3436 1471 3488 dici
1505 3436 1674 3504 possit
1706 3436 1966 3505 quidquid
1994 3438 2069 3511 de

503 3547 611 3586 uno
637 3532 852 3592 dicitur,
892 3543 1110 3598 excepta
1152 3530 1491 3585 solummodo
1521 3528 1698 3583 Patris
1731 3536 1785 3584 et
1813 3524 1932 3583 Filii
1969 3544 2066 3597 ape-

502 3623 787 3690 pcllatione
833 3638 895 3675 ac
926 3638 1002 3676 re.
1040 3622 1171 3675 Nam
1219 3622 1380 3677 Pater
1417 3637 1631 3692 semper
1661 3632 1746 3677 est
1771 3619 1950 3686 Pater,
1974 3638 2069 3676 ne-

502 3731 609 3782 que
658 3729 893 3782 unquam
947 3715 1105 3769 fuerit
1147 3714 1355 3779 Filius;
1402 3714 1573 3768 Filius
1621 3723 1809 3767 contra
1856 3728 2069 3781 semper

504 3819 584 3863 est
630 3809 819 3874 Filius,
880 3821 1055 3877 neque
1105 3822 1339 3877 unquam
1388 3807 1551 3860 fuerit
1596 3806 1781 3860 Pater.
1838 3805 1893 3858 Si
1949 3805 2071 3873 quis

503 3916 632 3957 vero
666 3902 894 3955 voluerit
947 3900 1127 3953 dicere
1169 3914 1273 3953 non
1314 3912 1471 3970 posse
1518 3899 1737 3966 utrique
1782 3897 2071 3951 convenire

507 3990 919 4059 appellationem
961 4004 1080 4058 qua:
1115 3988 1206 4042 uni
1242 3990 1529 4052 tribuatur,
1561 3989 1612 4041 in
1642 3988 1929 4041 niaximum
1963 4001 2069 4041 ma-

508 4085 611 4134 lum
680 4082 894 4134 incidet.
945 4080 1080 4147 Quid
1136 4081 1277 4134 enim
1331 4080 1530 4143 faciat,
1585 4081 1799 4134 dicente
1846 4078 2007 4133 Paulo
2055 4100 2066 4133 :

512 4194 527 4220 s
560 4170 708 4225 Unus
733 4170 869 4223 Deus
902 4169 1061 4223 Pater
1085 4182 1151 4223 ex
1183 4184 1288 4237 quo
1318 4170 1519 4232 omnia,
1547 4179 1601 4223 et
1631 4185 1771 4225 unus
1804 4168 2069 4224 Dominus

505 4263 659 4316 Jesus
700 4264 944 4316 Christus
996 4276 1089 4329 per
1139 4274 1297 4327 quem
1348 4261 1525 4313 omnia
1555 4260 1638 4312 ⁸θῖ
1677 4280 1693 4311 ι
1734 4260 1875 4315 Ecce
1911 4277 2070 4329 quam

513 4362 698 4419 aperte
729 4348 871 4401 Patri
906 4349 1110 4401 tribuat
1144 4347 1309 4399 Deum
1341 4363 1457 4402 esse
1488 4358 1541 4401 ct
1574 4365 1737 4401 unum
1768 4364 1911 4413 esse,
1938 4351 2073 4406 Filio

508 4450 684 4491 autem
720 4439 1000 4492 Dominum
1030 4454 1149 4491 esse
1189 4448 1240 4491 et
1278 4454 1463 4491 unum.
1500 4438 1633 4491 Num
1670 4442 1833 4511 igitur
1872 4443 2073 4497 idcirco

507 4532 675 4584 Filius
726 4548 828 4584 non
877 4531 978 4585 erit
1019 4530 1179 4595 Deus,
1215 4533 1338 4599 quia
1373 4529 1534 4583 Pater
1580 4543 1801 4585 vocatur
1836 4534 1972 4587 Deus
2019 4544 2072 4588 et

508 4626 683 4677 unus?
732 4635 822 4677 aut
867 4624 1026 4679 Pater
1084 4640 1187 4679 non
1247 4628 1351 4679 erit
1404 4626 1676 4688 Dominus,
1727 4627 1851 4693 quia
1905 4626 2073 4681 Filius

508 4717 806 4784 appr-“allis
834 4726 917 4769 est
945 4716 1201 4769 Dominus
1231 4726 1285 4769 et
1313 4716 1492 4769 unus?
1543 4716 1761 4769 Minime
1797 4731 1941 4779 vero,
1974 4717 2068 4770 ab—

508 4812 617 4862 sit!
671 4810 799 4862 Cum
850 4808 993 4861 enim
1040 4806 1203 4861 Pater
1234 4809 1302 4860 sit
1342 4806 1501 4869 Deus,
1554 4807 1723 4862 Filius
1774 4809 1937 4861 etiam
1992 4818 2073 4862 est

510 4902 652 4955 Deus
687 4921 699 4954 :
733 4914 782 4953 et
818 4915 1029 4965 rursus,
1082 4915 1202 4953 cum
1248 4900 1506 4953 Dominus
1553 4900 1623 4953 sit
1655 4899 1844 4962 Filius,
1894 4901 2075 4955 Domi-

509 5008 609 5046 nus
641 5003 723 5046 est
748 5005 799 5045 ιιι
833 4992 1008 5045 Pater.
1043 4991 1204 5061 Atqui
1248 4991 1291 5045 si
1326 5007 1443 5059 qua:
1474 4998 1614 5044 esset
1639 4993 1890 5046 essentia:
1918 4992 2070 5046 dilic-

512 5084 681 5135 rcntia
734 5097 850 5148 qme
893 5081 1009 5135 illos
1048 5083 1099 5135 in
1144 5082 1247 5135 duo
1294 5081 1578 5141 divideret,
1622 5091 1795 5150 neque
1840 5082 2070 5136 naturali

511 5162 789 5226 identitate
830 5173 1120 5227 convenire
1169 5172 1522 5241 permitteret,
1579 5173 1735 5226 unius
1785 5174 2076 5243 appellatio

513 5265 663 5317 nitcri
700 5267 910 5332 proprie
941 5265 1097 5317 tribui
1134 5280 1234 5316 non
1276 5274 1476 5333 posset.
1507 5263 1772 5331 Quocirca
1806 5282 1928 5319 cum
1960 5281 2075 5320 om-

514 5356 600 5408 nia
619 5372 735 5424 qure
764 5356 937 5409 Patris
964 5366 1084 5407 sunt
1115 5353 1249 5409 Filio
1280 5357 1469 5419 insint,
1492 5366 1546 5411 et
1576 5368 1787 5423 contra,
1813 5350 2075 5427 qumF’ilii

516 5457 658 5507 sunt,
712 5448 873 5499 insint
925 5447 1089 5503 Patri.
1131 5448 1201 5499 ita
1258 5456 1313 5498 ut
1372 5446 1516 5501 nulla
1568 5449 1707 5501 ratio
1743 5449 2076 5503 identitatem

519 5537 772 5607 impedire
806 5537 989 5603 possit,
1026 5539 1129 5589 erit
1159 5538 1317 5588 etiam
1356 5538 1469 5605 ipse
1508 5538 1699 5601 bonus,
1737 5540 2075 5604 quemadmo-

517 5629 640 5681 dum
678 5629 854 5693 I‘ater,
895 5640 1052 5697 atque
1090 5630 1207 5683 ideo
1236 5628 1396 5681 etiam
1435 5630 1937 5684 consubstantialis.

588 5804 631 5835 ⁸⁷
655 5806 805 5872 Dgut.
840 5821 910 5873 vr,
946 5805 993 5859 ιι.
1073 5805 1115 5836 ⁸⁸
1141 5806 1290 5861 Deut.
1323 5821 1373 5872 χ,
1409 5806 1502 5869 20;
1544 5805 1726 5861 Matth.
1766 5823 1835 5875 tv,
1874 5807 1953 5861 l0.

2171 1984 2289 2058 ρίου
2322 1985 2419 2039 καὶ
2450 1982 2587 2037 Θεοῦ
2627 1982 2723 2036 τοῦ
2752 1980 2983 2051 ιΠατρὸς
3016 1980 3204 2043 δντος,
3256 1976 3623 2043 συνεπάγεται
3655 1976 3757 2029 καὶ

2168 2077 2197 2128 6
2226 2072 2353 2138 Υἱὸς
2385 2074 2483 2145 τὴν
2510 2072 2720 2127 ικεῖθεν
2763 2071 3002 2141 ἰδιότητα
3050 2070 3191 2141 ῑχων
3213 2066 3290 2131 ὡς
3315 2068 3375 2132 ἐξ
3409 2066 3574 2121 αὑτοῦ
3608 2067 3758 2126 κατὰ

2169 2165 2329 2234 φύσιν
2358 2164 2617 2235 ὑπάρχων
2645 2203 2659 2226 ,
2694 2165 2788 2217 καὶ
2818 2162 2933 2215 ῑστι
2976 2160 3115 2231 μετά
3160 2159 3376 2229 Πατρὸς
3424 2156 3629 2229 Κύριος
3658 2157 3758 2211 και

2167 2256 2319 2321 Θεὸς,
2354 2254 2464 2322 ῑξει
2505 2256 2725 2318 πάντως
2762 2254 2857 2307 καὶ
2882 2252 2944 2305 τὸ
2974 2247 3115 2304 εῖναι
3144 2250 3348 2319 ἀγαθὸς
3384 2248 3459 2312 ὡς
3480 2251 3508 2301 ό
3539 2249 3755 2319 Πατὴρ,

2166 2348 2266 2418 τῆς
2296 2347 2564 2418 πατρικῆς
2592 2346 2850 2416 ἰδιότητος
2875 2344 2977 2397 κάν
3007 2342 3183 2412 τούτῳ
3212 2342 3378 2395 πάλιν
3398 2340 3756 2412 ὑπαρχούσης

2168 2440 2225 2492 6v
2257 2438 2425 2508 αὐτῷ,
2456 2436 2711 2507 καθάπερ
2740 2434 2835 2489 καὶ
2862 2436 2919 2487 6v
2948 2434 3163 2504 ἐκείνῳ.

2852 2666 3056 2721 ΔΛΛΟ.

2236 2796 2414 2858 Πολλά
2439 2804 2566 2874 περί
2596 2821 2651 2857 τε
2674 2803 2766 2856 τοῦ
2795 2803 3005 2871 [Ia-:96;
3026 2800 3119 2853 καὶ
3146 2799 3241 2851 τοῦ
3265 2797 3397 2851 Υἱοῦ
3421 2798 3673 2866 λέγουσιν
3696 2796 3755 2852 αι

2168 2896 2309 2949 θεῖαι
2334 2896 2573 2965 Γραφαὶ,
2598 2894 2693 2948 καὶ
2717 2895 2777 2947 ού
2807 2894 2868 2946 τὸ
2896 2892 3005 2946 τῶν
3035 2890 3317 2961 ὀνομάτων
3355 2889 3611 2959 διάφορον
3635 2888 3755 2942 δια.

2170 2989 2377 3042 στέλλει
2399 2989 2616 3049 πάντως
2645 2988 2827 3048 αὐτοῖς
2855 2984 2948 3038 καὶ
2976 2984 3073 3054 τῆς
3102 2983 3291 3043 οὐσίας
3324 2981 3415 3035 τὸν
3449 2980 3607 3049 λόγον
3628 3022 3643 3047 ,
3674 2981 3755 3043 ὡς

2167 3077 2528 3150 ἀνομοιότητά
2558 3094 2679 3130 τινα
2704 3076 2792 3129 διά
2817 3074 3022 3128 τούτων
3057 3076 3304 3144 χωρῆσαι
3340 3071 3567 3142 μεταξύ.
3593 3071 3755 3123 Ἔστι

2169 3171 2277 3243 γὰρ
2310 3169 2409 3239 μία
2439 3168 2629 3239 θεότης
2675 3168 2888 3238 Πατρὸς
2922 3166 3017 3219 καὶ
3048 3164 3204 3228 Υίοῦ,
3250 3162 3353 3217 κᾶν
3391 3164 3651 3234 ἑκάτερος
3682 3164 3753 3232 τῇ

2170 3262 2277 3316 τῶν
2300 3261 2579 3331 ὀνομάτων
2606 3259 2851 3329 ποικιλίᾳ
2868 3257 3140 3327 διαφόρως
3174 3255 3531 3325 σημαίνηται,
3553 3254 3651 3325 οὐχ
3675 3254 3755 3317 ὡς

2170 3352 2302 3406 ῖδιον
2334 3351 2475 3423 ἔχων
2504 3369 2555 3405 τι
2591 3352 2688 3406 καὶ
2716 3350 2840 3405 καθ’
2864 3344 3076 3414 ἑαυτὸν,
3100 3343 3129 3401 δ
3166 3348 3242 3419 μὴ
3277 3347 3354 3417 τῷ
3377 3348 3552 3419 ἑτέρῳ
3580 3347 3753 3417 πρόσ-

2169 3459 2340 3507 εστιν,
2375 3442 2490 3495 ἀλλ’
2514 3442 2591 3504 ὡς
2635 3443 2722 3494 tn‘
2751 3442 2953 3511 ἀμφοῖν
2982 3442 3181 3511 χωρεῖν
3210 3438 3509 3509 δυναμένου
3550 3438 3754 3501 παντὸς

2168 3535 2306 3604 ὅπερ
2338 3533 2404 3588 ἂν
2435 3534 2521 3603 ιφ’
2550 3533 2667 3595 ινὸς
2684 3533 2915 3601 λέγοιτο,
2941 3533 3063 3603 δίχα
3093 3531 3265 3603 μόνης
3289 3531 3387 3601 τῆς
3411 3530 3505 3584 τοῦ
3539 3532 3755 3601 Πατρὸς

2170 3622 2380 3677 καὶτοῦ
2409 3621 2544 3675 Υιοῦ
2583 3621 2955 3693 προσηγορίας
2999 3639 3056 3675 τε
3086 3622 3182 3675 καὶ
3216 3622 3564 3692 πράγματος.
3595 3622 3754 3674 Ἐστι

2170 3716 2278 3785 γάρ
2310 3715 2339 3767 6
2365 3713 2555 3785 Πατὴρ
2598 3714 2686 3767 ἀεὶ
2741 3714 2953 3783 Πατὴρ.
3005 3713 3099 3765 καὶ
3141 3712 3269 3775 Υίὸς
3316 3712 3419 3767 οὑκ
3447 3712 3515 3764 ἂν
3544 3712 3755 3780 γένοιτό

2173 3818 2303 3857 ποτε
2328 3819 2342 3835 ⁸
2378 3805 2472 3858 καὶ¹
2494 3805 2689 3856 ἑστινό
2723 3803 2850 3868 Υἱὸς
2890 3803 2979 3857 ἀεὶ
3010 3805 3157 3869 Υίὸς,
3200 3805 3295 3858 καὶ
3334 3804 3522 3875 Πατὴρ
3557 3805 3655 3857 οὐκ
3685 3804 3756 3859 ἂν

2173 3897 2255 3965 εἴη
2300 3896 2450 3948 ποτέ.
2479 3896 2540 3947 Ei
2572 3895 2627 3947 δέ
2674 3912 2756 3957 τις
2807 3894 3047 3964 βούλοιτο
3100 3897 3330 3963 φάσκειν
3388 3897 3462 3967 μὴ
3493 3897 3769 3951 δύνασθαιί

2174 3988 2372 4057 χωρεῖν
2406 3985 2491 4038 ἐπ’
2522 3987 2721 4055 ἀμφοῖν
2747 3987 2884 4057 ὅπερ
2913 3987 2980 4041 ἂν
3012 3988 3095 4055 ἐφ’
3128 3986 3247 4051 ἑνὸς
3273 3989 3491 4059 φέροιτο
3513 3992 3756 4061 πρόσρη-

2178 4096 2272 4146 μα,
2308 4079 2527 4147 μεγάλῳ
2558 4082 2937 4147 περιπεσεῖται
2978 4078 3152 4147 κακῷ.
3186 4079 3250 4131 Τί
3275 4079 3384 4149 γὰρ
3412 4080 3478 4133 ἂν
3512 4082 3752 4151 ποιήσοι,

2174 4169 2421 4237 λέγοντος
2450 4168 2545 4223 τοῦ
2570 4169 2779 4222 Παύλου
2802 4186 2814 4199 ·
2847 4188 2864 4220 t
2899 4163 2993 4232 Εἷς
3014 4172 3042 4223 6
3066 4170 3200 4233 Θεὸς
3228 4170 3257 4220 6
3288 4170 3478 4240 Πατὴρ
3511 4171 3571 4234 ἐξ
3597 4164 3657 4223 οὗ
3685 4172 3755 4224 τὰ

2174 4265 2380 4317 πάντα·
2427 4264 2521 4317 καὶ
2563 4257 2643 4327 εἷς
2690 4265 2891 4334 Κύριος
2958 4262 3166 4333 Ἰησοῦς
3217 4264 3454 4334 Χριστὸς
3496 4264 3563 4316 δι’
3593 4259 3653 4318 οὗ
3687 4266 3756 4317 τὰ

2175 4356 2371 4409 πάντα.
2423 4374 2440 4406 ι
2491 4356 2619 4409 Ἰδοὺ
2660 4357 2769 4427 γὰρ
2790 4355 2867 4425 τῷ
2895 4357 3072 4422 Πατρὶ
3102 4354 3163 4406 τὸ
3184 4351 3329 4408 εἶναι
3370 4355 3501 4407 Θεὸν
3535 4356 3628 4408 καὶ
3659 4355 3758 4410 ἕνα

2175 4446 2407 4499 δέδωκεσ
2440 4446 2519 4515 τῷ
2559 4447 2615 4497 δὲ
2652 4448 2764 4514 Υἱῷ
2811 4440 2871 4499 τὸ
2912 4443 3048 4498 εἶναι
3094 4444 3299 4514 Κύριον
3342 4445 3437 4497 καὶ
3474 4445 3589 4498 ἕνα.
3624 4442 3754 4516 Ἆρ’

2106 4562 2148 4617 D
2178 4535 2268 4593 οὖν
2294 4540 2382 4593 διὰ
2405 4539 2565 4592 τοῦτο
2586 4539 2716 4600 Θεὸς
2736 4540 2834 4608 μὲν
2864 4538 2963 4590 οὐκ
2991 4537 3142 4591 ἔσται
3173 4540 3202 4589 6
3235 4539 3380 4603 Υἱὸς,
3412 4539 3597 4609 ἐπειδὴ
3623 4540 3755 4604 Θεὸς

2180 4634 2273 4685 καὶ
2303 4628 2382 4694 εἷς
2405 4633 2432 4684 ὀ
2457 4632 2645 4700 Πατὴρ
2680 4631 3094 4699 κατωνόμασται
3117 4647 3132 4695 ;
3159 4630 3362 4699 Κύριος
3387 4631 3440 4682 δὲ
3476 4630 3577 4683 οὐκ
3602 4630 3755 4685 ἔσται

2180 4726 2207 4775 6
2247 4718 2457 4792 Πατὴρ,
2489 4722 2671 4791 ἐπειδὴ
2707 4722 2909 4792 Κύριος
2931 4721 3023 4773 καὶ
3046 4715 3124 4783 εἷς
3145 4722 3173 4772 ὁ
3197 4722 3320 4784 Υἱὸς
3351 4723 3551 4792 ἐκλήθη
3576 4739 3590 4787 ;
3614 4724 3755 4777 Ἀλλ’

2180 4815 2278 4865 οὐκ
2299 4813 2412 4865 ἐστι
2434 4811 2610 4871 τοῦτο,
2656 4811 2727 4881 μὴ
2755 4812 2981 4878 γένοιτο.
3015 4812 3149 4865 Θεοῦ
3188 4813 3291 4883 γὰρ
3326 4814 3476 4874 δντος
3508 4813 3600 4865 τοῦ
3641 4816 3754 4866 ﬂa-

2179 4906 2325 4973 τρὸς,
2361 4896 2491 4964 Θεός
2523 4904 2637 4955 ἐστι
2664 4903 2757 4955 καὶ
2788 4905 2815 4955 6
2850 4903 3009 4964 Υἱός·
3043 4908 3135 4955 καὶ
3168 4905 3375 4973 Κυρίου
3413 4905 3574 4956 πάλιν
3605 4903 3756 4969 ὄντος

2181 4995 2274 5047 τοῦ
2308 4994 2458 5059 Υἱοῦ,
2496 4994 2697 5064 Κύριός
2729 4996 2875 5046 ἐστιν
2906 4997 2932 5047 ὁ
2960 4996 3167 5065 Πατήρ.
3210 4995 3344 5047 Ἀλλ’
3396 4998 3549 5066 εἴπερ
3578 4992 3645 5067 ἦν
3674 5015 3756 5061 τις

2180 5087 2366 5150 οὐσίας
2394 5088 2622 5157 διαφορά
2670 5088 2766 5158 τὴν
2816 5088 2984 5141 δυάδα
3020 5089 3419 5158 διατειχίζουσα
3448 5131 3461 5154 ,
3524 5092 3615 5145 καὶ
3658 5093 3755 5143 οὐκ

2186 5178 2327 5231 ἐῶσα
2357 5178 2649 5248 μίσγεσθαι
2694 5180 2935 5245 φυσικῶς
2965 5182 3044 5243 είς
3066 5183 3365 5251 ταυτότητα
3388 5222 3401 5245 ,
3434 5183 3532 5234 οὐκ
3564 5182 3648 5245 ἂν,
3678 5179 3752 5235 οἶ-

2183 5285 2300 5336 μαι,
2328 5269 2531 5338 κυρίως
2554 5270 2611 5320 τὸ
2630 5268 2722 5321 τοῦ
2747 5270 2936 5341 ἐτέρου
2964 5271 3259 5341 πρόσρημα
3292 5271 3367 5340 τῷ
3398 5272 3567 5341 ὲτέρῳ
3590 5288 3756 5341 προσα-

2181 5360 2266 5430 ἦν.
2294 5359 2513 5429 Ἐπειδὴ
2560 5360 2613 5412 δὲ
2650 5362 2823 5414 πάντα
2861 5362 2925 5413 τὰ
2946 5361 3040 5414 τοῦ
3090 5362 3303 5431 Πατρὸς
3330 5364 3387 5415 ἐν
3425 5362 3536 5431 Υίῷ
3567 5362 3757 5429 φαίνει·

2180 5467 2287 5509 ται,
2325 5449 2501 5501 καὶτὰ
2530 5450 2621 5502 τοῦ
2664 5452 2791 5503 Υἱοῦ
2823 5451 2982 5505 πάλιν
3010 5453 3066 5503 ἐν
3102 5453 3299 5523 Πατρὶ,
3332 5454 3405 5515 ὡς
3439 5454 3648 5515 οὐδενὸς
3676 5453 3757 5505 ἔτι

2184 5541 2270 5593 τὶν
2298 5542 2397 5609 τῆς
2428 5542 2750 5611 ταυτότητος
2786 5542 3111 5612 διείργοντος
3151 5543 3326 5609 λόγον,
3355 5543 3505 5594 ἔσται
3539 5544 3631 5595 καὶ
3665 5545 3756 5595 αὖ·

2186 5634 2273 5696 τὸς
2301 5634 2524 5702 ἀγαθὸς,
2559 5634 2630 5697 ὡς
2654 5636 2679 5685 ὁ
2713 5635 2920 5704 Πατὴρ,
2953 5634 3046 5687 καὶ
3075 5634 3162 5687 διὰ
3202 5635 3353 5687 τοῦτο
3384 5636 3682 5704 ὀμοεξῖιος.

2034 5806 2074 5839 ’³
2119 5806 2281 5862 iCor.
2310 5821 2421 5875 vm,
2460 5808 2510 5860 ti.
