4048 6432
304 411 415 465 ΙΞὸ

802 518 958 587 Πρὸς
980 517 1167 571 ταῦτα
1186 518 1390 582 λύσις.

381 632 497 687 Οὐκ
523 628 839 686 αἰσθάνεται
873 630 1037 683 πάλιν
1070 629 1098 681 ὁ
1126 627 1494 697 χριστομάχος
1526 626 1735 694 κτίσμα
1770 624 1891 695 μὲν,

307 721 561 793 οὑχὙίὸν
584 721 853 791 εἰσφέρων
878 719 969 773 τὸν
997 717 1222 788 Κύριον,
1248 716 1434 771 δοῦλον
1454 715 1512 769 δὲ
1544 715 1666 768 ἀντὶ
1686 714 1894 766 Δεσπό-

310 833 430 878 του,
456 812 550 866 καὶ
577 812 767 881 λάτριν
792 809 915 863 ἀντὶ
940 806 1099 862 Θεοῦ.
1132 808 1196 861 Εἰ
1222 808 1331 878 γὰρ
1362 806 1503 861 κατὰ
1529 806 1690 874 φύσιν
1720 806 1895 859 οἴεται

308 904 447 957 Θεὸν
480 900 619 958 εἶναι
649 901 744 955 τοῦ
765 900 897 961 Υίοῦ
930 898 1022 953 τὸν
1052 898 1292 969 Πατέρα,
1326 897 1421 951 καὶ
1445 897 1547 969 τὴν
1570 898 1628 948 ὲν
1658 899 1770 960 τοίς
1802 895 1897 949 άλ-

306 996 425 1060 λοις
452 993 761 1065 οἰκονομίαν
790 989 886 1062 οὐχ
918 991 1040 1062 ὁρᾷ,
1076 987 1199 1042 οὔτε
1230 987 1516 1058 ὁμοούσιος
1557 986 1733 1049 ἔσται,
1767 982 1894 1038 οὔτε

306 1085 609 1155 Δεσπότης.
642 1082 767 1137 οὒτε
794 1082 947 1146 Θεὸς.
990 1079 1186 1143 Καλῶς
1225 1078 1337 1149 γάρ
1378 1077 1444 1147 δὴ
1467 1076 1595 1149 τῇδε
1621 1076 1895 1147 διῖσχυρί-

306 1178 485 1241 ξιτατ.
530 1174 835 1229 Ἐκὸαλίτω
859 1170 1150 1244 τοιγαροῦν
1173 1168 1426 1243 φανερῶς
1454 1172 1549 1225 καὶ
1576 1169 1680 1239 τῆς
1710 1168 1893 1239 θεότη-

303 1279 400 1331 τος
425 1267 521 1321 καὶ
543 1266 862 1338 κυριότητος
893 1263 987 1319 τὸν
1008 1264 1156 1327 Υἶὺν,
1193 1262 1289 1316 καὶ
1316 1262 1427 1325 τοῖς
1466 1261 1737 1333 ποιήμασι
1764 1275 1892 1313 συν-

302 1359 573 1421 τάττεται,
611 1359 700 1412 ἱνα
741 1358 922 1429 σαφὴς
977 1356 1158 1412 αὐτῶν
1188 1358 1222 1427 η
1263 1353 1548 1424 δυσφημία
1596 1352 1889 1423 γινομένη,

304 1452 520 1513 πάντας
547 1449 850 1523 άναπείσῃς
876 1450 1054 1518 λέγειν
1079 1464 1093 1477 ·
1127 1448 1408 1502 Πλανᾶσθε
1457 1446 1532 1518 μὴ
1566 1447 1768 1509 εἰδότες
1790 1448 1891 1510 τὰς

305 1540 552 1611 Γραφάς.
590 1542 716 1594 Δέον
745 1542 855 1611 γὰρ
896 1539 1172 1606 ἐξετάζειν
1213 1539 1312 1609 τὴν
1356 1535 1748 1609 κεκρυμμένην
1794 1535 1891 1589 τοῦ

302 1632 482 1700 Λόγου
504 1632 748 1702 δύναμιν,
767 1632 1140 1703 δυσφημοῦσιν
1162 1630 1508 1699 ἀφυλάκτως,
1531 1629 1715 1682 οὐκέτι
1732 1627 1888 1690 θεὸν,

1722 398 2167 456 THESAURUS.

1921 516 1969 571 Α

3482 403 3579 463 ΙΞ6

2498 514 2708 571 Salutio
2742 515 3064 583 objectionis.

2067 624 2182 679 Non
2215 625 2381 681 sentit
2417 626 2615 682 iterum
2643 627 2815 683 hostis
2836 625 3040 683 Christi
3068 641 3127 683 se
3157 626 3442 683 Dominum
3464 644 3577 685 non

1993 726 2049 771 ut
2081 717 2301 783 Filium,
2332 720 2427 775 sed
2462 728 2521 773 ut
2556 727 2862 774 creaturam
2914 720 3196 783 inducere,
3242 730 3299 775 et
3334 735 3575 785 servum,

1993 822 2101 861 non
2147 806 2468 873 Dominum,
2504 808 2765 863 famulum
2788 848 2801 873 ,
2834 825 2938 864 non
2975 808 3164 865 Deum.
3201 810 3258 865 Si
3296 812 3439 866 enim
3480 827 3574 866 ex-

1994 898 2201 956 istimat
2227 898 2440 955 Patrem
2472 901 2771 955 secundum
2812 909 3062 956 naturam
3090 916 3211 957 esse
3242 900 3407 956 Deum
3432 900 3577 969 Filii,

1992 998 2048 1043 et
2076 1004 2181 1044 non
2212 992 2394 1058 potius
2428 992 2641 1045 ratione
2669 991 3088 1057 incarnationis,
3126 1007 3302 1061 neque
3343 994 3579 1048 consub-

1992 1080 2261 1136 stantialis
2285 1081 2410 1145 erit,
2433 1096 2610 1152 neque
2633 1082 2918 1146 Dominus,
2956 1098 3133 1152 neque
3163 1082 3328 1138 Deus.
3358 1082 3577 1153 Optime

1992 1172 2140 1226 enim
2192 1172 2294 1226 hac
2328 1174 2537 1228 ratione
2563 1174 2847 1243 probatur.
2878 1174 3140 1229 Deturbet
3179 1175 3360 1243 itaque
3394 1184 3579 1244 aperte

1992 1278 2023 1318 a
2049 1263 2251 1319 deitate
2283 1272 2339 1318 et
2362 1263 2737 1317 dominatione
2766 1264 2981 1331 Filium,
3018 1276 3074 1320 et
3098 1267 3368 1321 creaturis
3398 1281 3578 1321 annu-

1994 1365 2186 1423 meret,
2224 1366 2304 1421 ut,
2340 1355 2627 1411 manifesta
2666 1356 2878 1411 illorum
2906 1357 3247 1428 blasphemia
3276 1358 3575 1427 patefacta,

1994 1448 2185 1501 merito
2202 1462 2391 1502 omnes
2423 1446 2725 1501 exclamem
2759 1465 2772 1501 :
2802 1447 3043 1502 «Erratis
3075 1448 3387 1503 nescientes
3417 1448 3575 1503 Scri-

1990 1548 2179 1608 pturas
2195 1539 2288 1594 ".t
2310 1536 2441 1592 Cum
2459 1538 2603 1591 enim
2626 1537 2896 1593 occultam
2916 1538 3075 1593 Verbi
3103 1538 3399 1607 potentiam
3424 1553 3579 1593 scru-

1993 1629 2095 1683 tari
2144 1628 2427 1694 deberent,
2477 1627 2826 1698 blasphemiis
2867 1630 3047 1698 potius
3113 1629 3414 1699 indulgent,
3471 1645 3575 1685 non

300 1723 444 1776 ἀλλὰ
460 1723 585 1776 ναὸν
613 1724 769 1791 Θεοῦ,
799 1724 889 1777 τὸν
912 1722 1040 1777 Υἰὸν
1068 1724 1431 1795 εἰσφέροντες,
1463 1716 1656 1790 ὥσπερ
1684 1714 1753 1789 ἦν
1780 1718 1881 1771 τῶν

1996 1723 2185 1785 Deum,
2228 1723 2323 1778 sed
2371 1722 2628 1791 templum
2678 1723 2795 1787 Dei,
2830 1716 3027 1777 Filium
3069 1736 3189 1778 esse
3234 1732 3576 1789 statuentes;

304 1816 480 1883 ἁγίων
501 1816 751 1881 ἕκαστος,
784 1815 914 1887 περὶ
941 1809 1017 1871 ὧν
1047 1826 1210 1888 φησιν
1230 1833 1245 1848 ’
1294 1834 1313 1867 ι
1359 1812 1657 1883 Ἐνοικήσω
1691 1814 1749 1866 ὲν
1784 1812 1881 1865 αὖ·

1996 1811 2221 1880 perinde
2266 1823 2431 1877 atque
2470 1813 2848 1884 unusquisque
2888 1824 3226 1880 sanctorum,
3262 1814 3332 1870 de
3379 1816 3579 1883 quibus

299 1907 441 1971 τοίς,
490 1906 587 1960 καὶ
625 1908 1082 1979 ὲμπεριπατήσω.
1119 1925 1138 1959 ι
1179 1907 1374 1961 Ἔσται
1415 1902 1708 1977 τοιγαροῦν
1742 1904 1881 1959 κατὰ

1994 1900 2242 1956 dicitur:
2297 1918 2317 1953 ι
2351 1899 2620 1957 Habitabo
2670 1900 2726 1957 in
2778 1902 2930 1972 ipsis,
2978 1912 3036 1957 et
3083 1901 3507 1959 deambulabo'.
3549 1920 3570 1955 ι

299 1995 402 2067 τὴν
434 1996 657 2053 εκείνων
702 1991 901 2068 μανίαν
950 1994 1031 2061 εἷς
1074 1998 1168 2053 καὶ
1212 1997 1375 2061 αὐτὸς
1416 1998 1524 2053 τῶν
1555 2000 1696 2054 κατὰ
1727 1998 1881 2069 χάριν

1990 1989 2111 2048 Erit
2155 1991 2337 2063 itaque
2368 1992 2521 2061 juxta
2573 1994 2792 2050 illorum
2840 1994 3105 2050 insaniam
3138 1995 3363 2063 perinde
3414 2003 3578 2072 atque

301 2086 659 2156 ηκλημινων
686 2083 819 2141 υἱῶν
848 2086 943 2141 καὶ
963 2085 1122 2151 θεῶν,
1152 2089 1285 2159 πρὸς
1311 2088 1405 2154 οὓς
1428 2090 1678 2163 εἴρηκενο
1705 2106 1723 2140 ι
1748 2085 1881 2155 Ἐγὼ

1990 2098 2133 2141 unus
2158 2086 2389 2139 iiliorum
2418 2095 2472 2141 et
2494 2086 2720 2142 deorum
2746 2086 2837 2157 qui
2871 2087 3045 2144 vocati
3077 2094 3206 2142 sunt
3228 2087 3293 2141 ad
3321 2088 3573 2158 gratiam,

299 2173 437 2232 σῐπα
458 2193 473 2208 ⁸
506 2180 630 2233 Θεοί
662 2180 788 2233 ἐστε
816 2180 912 2233 καὶ
940 2180 1061 2233 Υίοὶ
1090 2180 1316 2251 ὑψίστου
1342 2181 1567 2245 πάντες.
1620 2199 1638 2233 ι
1674 2175 1777 2235 Ὧν
1798 2180 1881 2233 ὅτι

1990 2175 2056 2231 ad
2089 2190 2224 2245 quos
2257 2176 2388 2231 dicit
2418 2195 2432 2230 :
2467 2194 2486 2229 ι
2516 2176 2627 2246 Ego
2659 2177 2768 2231 dixi
2797 2194 2810 2231 :
2844 2176 2921 2231 Dii
2955 2178 3110 2241 estis,
3145 2185 3199 2232 et
3226 2175 3319 2231 lilii
3356 2176 3569 2233 Excelsi

301 2273 589 2337 παντελῶς
635 2274 948 2345 ἀφέστηκε,
991 2275 1084 2328 καὶ
1121 2274 1335 2343 φύσεως
1372 2275 1612 2347 ὑπεροχῇ
1658 2274 1888 2345 μεμέρι-

302 2378 451 2427 σται,
481 2362 679 2428 διδάξει
714 2363 903 2433 σαφῶς
934 2363 993 2416 ἑν
1020 2362 1339 2434 Εὑαγγελίῳ
1370 2364 1627 2435 Χριστὸς,
1663 2363 1839 2432 λέγων
1867 2379 1885 2394 ο

303 2473 326 2504 ε
379 2454 570 2523 Ὑμεῖς
592 2456 659 2507 ὲκ
691 2455 800 2506 τῶν
839 2455 988 2509 κάτω
1016 2454 1161 2517 ἐστὲ,
1188 2454 1300 2522 ἐγὼ
1322 2458 1388 2507 ὲκ
1417 2454 1527 2508 τῶν
1550 2455 1663 2508 άνω
1690 2455 1827 2524 εἰμί·
1858 2473 1876 2505 ι

299 2544 451 2597 κάτω
482 2543 657 2612 λέγων
685 2544 784 2614 τὴν
818 2542 1244 2615 βασιλευομένην
1270 2544 1365 2597 καὶ
1388 2544 1757 2615 ὑποκειμένην
1783 2544 1885 2613 τὴν

299 2634 465 2703 φύσιν
484 2651 495 2663 ·
530 2636 644 2688 ἄνω
669 2637 722 2689 δὲ
753 2636 916 2690 πάλιν
943 2636 1043 2707 τῂν
1084 2634 1473 2705 βασιλεύουσαν
1518 2638 1613 2689 καὶ
1640 2638 1752 2699 τοῖς
1780 2638 1884 2689 πᾶ·-

299 2741 385 2776 σιν
414 2726 785 2795 ἐποχουμένην
822 2726 1072 2796 θεότητα.
1121 2726 1357 2795 Ἀληθῶς
1396 2726 1576 2779 τοίνυν
1620 2726 1714 2779 τοῦ
1748 2728 1883 2796 Χρι-

297 2814 427 2867 στοῦ
450 2815 700 2883 λέγοντος
724 2815 928 2869 ἄνωθεν
951 2812 1111 2883 εἰναι,
1133 2809 1286 2880 οὗτος
1312 2818 1475 2871 αὑτὸν
1502 2821 1566 2870 ἐκ
1604 2817 1711 2870 τῶν
1730 2818 1883 2870 κάτω

296 2908 454 2976 φησὶ,
483 2907 734 2978 φανερῶς
757 2907 846 2960 τοῦ
880 2907 1011 2961 Υίοῦ
1039 2908 1135 2978 τὴν
1163 2907 1352 2961 οὐσίαν
1379 2908 1755 2975 συκοφαντῶν.

569 3129 697 3183 Ὀτι
729 3129 1048 3198 ὀμοούσιος
1072 3128 1151 3194 τῷ
1172 3131 1356 3197 Harp!
1384 3132 1418 3183 ὀ
1452 3130 1607 3196 Υἱός.

524 3219 851 3286 Ἀντίθεσις
899 3221 981 3285 ὡς
1034 3220 1104 3274 ἐκ
1172 3219 1291 3274 τῶν
1335 3221 1657 3290 Εὐνομιου.

364 3353 479 3406 Καὶ
510 3350 647 3418 πῶς,
679 3352 863 3423 φησὶν,
884 3353 1037 3406 ἔσται
1062 3352 1140 3424 τῷ
1165 3353 1343 3426 Πατρί⁵
1369 3354 1655 3425 ὀμοούσιος
1674 3356 1703 3411 ό
1726 3354 1879 3425 Υἱὸς,

290 3444 470 3497 αἴτιον
493 3442 655 3497 αὑτὸν
680 3445 777 3498 τοῦ
809 3440 947 3499 εἶναι
976 3444 1149 3515 ἔχωνς
1177 3448 1240 3501 "0
1264 3447 1339 3519 μὴ
1373 3449 1639 3519 πρόσεστι
1666 3450 1744 3521 τῷ
1764 3432 1878 3503 Ila-

288 3533 401 3607 τρί.
436 3532 510 3587 Οὐ
534 3532 642 3607 γὰρ
666 3533 724 3601 ἐξ
750 3533 921 3590 αἰτίου
956 3534 1123 3601 τινὸς,
1150 3536 1287 3609 ὅπερ
1322 3536 1410 3605 ἂν,
1447 3537 1523 3602 ὡς
1565 3534 1741 3609 οἶμαι,
1768 3539 1878 3601 πᾶς

286 3644 374 3693 τις
398 3625 493 3684 οὖν
510 3627 709 3699 ἀληθὲς
735 3623 877 3681 εἶναι
912 3629 1156 3699 φήσειεν.

768 3829 923 3898 Πρὸς
967 3829 1142 3885 τοῦτο
1185 3832 1394 3896 λύσις.

361 3944 571 4013 Πολλὴν
598 3942 664 3997 ἄν
685 3960 767 4005 τις
796 3942 1019 4005 εἰκότως
1043 3942 1283 4011 ἀμαθίαν
1307 3942 1748 4014 καταψηφίσαιτο
1764 3944 1873 3999 τῶν

286 4037 356 4089 τὰ
402 4034 628 4088 τοιαῦτα
673 4034 994 4104 τολμώντων
1047 4033 1245 4087 λαλεῖν.
1294 4035 1422 4087 Υἰὸν
1456 4036 1563 4106 γὰρ
1593 4036 1868 4104 λέγοντες.

284 4130 384 4197 οὐχ
426 4125 712 4197 ὀμοούσιον
765 4120 905 4178 εἷναί
939 4141 1103 4193 φασιν
1126 4164 1142 4191 ,
1176 4126 1275 4179 οὐκ
1324 4126 1702 4198 αἰσθανομενοι
1730 4130 1873 4199 τάχα

286 4220 423 4288 πρὸς
446 4219 514 4289 ἢν
542 4216 889 4288 ἐμϐαίνουσιν
918 4217 1124 4272 ἄνοιαν.
1163 4218 1225 4271 Εἰ
1254 4217 1363 4288 γὰρ
1387 4217 1515 4283 Υἱός
1551 4220 1719 4284 ἐστιν,
1757 4220 1871 4274 ῶσ-

284 4326 393 4381 περ
414 4306 509 4365 οὖν
542 4309 634 4364 καὶ
672 4309 821 4364 ἐστιν
848 4310 1086 4383 άληθῶς,
1120 4310 1274 4365 ἔσται
1311 4310 1530 4375 πάντως
1568 4311 1647 4383 τῷ
1678 4327 1871 4381 γεγεν-

282 4404 471 4473 νηκότι
494 4402 639 4457 κατὰ
663 4403 760 4473 τὴν
781 4403 970 4457 οὐσίαν
988 4407 1016 4457 ὁ
1041 4405 1222 4468 αὐτός.
1247 4406 1310 4458 Εἰ
1339 4405 1396 4458 δὲ
1416 4405 1517 4458 οὐκ
1541 4404 1690 4459 ἔστιν
1716 4405 1865 4468 Υἰὸς,

1987 2281 2175 2322 omnes
2195 2266 2237 2321 ⁸.
2273 2286 2291 2319 ι
2330 2266 2375 2321 Α
2402 2269 2599 2337 quibus
2632 2269 2775 2338 quod
2810 2269 2863 2322 in
2905 2269 3219 2324 universum
3249 2268 3487 2333 din‘erat,
3519 2279 3576 2324 et

1986 2364 2193 2412 natura
2226 2359 2336 2430 76
2364 2359 2682 2415 excellentia
2715 2370 3002 2430 separatus
3033 2361 3123 2426 sit,
3155 2361 3384 2430 ipsemet
3408 2361 3568 2417 Chri-

1990 2457 2107 2504 stus
2150 2452 2201 2503 in
2233 2451 2523 2522 Evangelio
2555 2461 2742 2520 aperte
2773 2452 3011 2519 docebit,
3061 2452 3314 2523 inquiens
3344 2472 3357 2506 :
3400 2472 3417 2505 ι
3460 2452 3564 2508 Vos

1985 2540 2050 2595 de
2083 2541 2337 2597 deorsum
2360 2544 2513 2606 estis,
2542 2557 2640 2612 ego
2667 2559 2732 2598 ex
2763 2546 3012 2612 supernis
3032 2561 3151 2601 sum
3171 2548 3229 2611 ’;
3265 2565 3285 2599 ι
3316 2547 3569 2601 deorsum

1985 2632 2259 2701 appellans
2302 2644 2551 2687 naturam
2584 2644 2823 2689 creatam
2860 2645 2915 2691 et
2962 2636 3191 2706 imperio
3216 2637 3515 2707 subjectam
3552 2656 3567 2692 :

1984 2738 2198 2777 sursum
2251 2738 2381 2777 vero
2442 2723 2781 2779 divinitatem
2844 2740 3008 2794 supra
3079 2727 3261 2781 omnia
3324 2737 3569 2781 erectam

1983 2814 2342 2884 omnibusque
2383 2816 2762 2885 imperantem.
2814 2815 2947 2869 Cum
3002 2817 3163 2885 igitur
3194 2818 3443 2871 Christus
3487 2817 3570 2871 di-

1983 2912 2070 2958 cat
2103 2918 2160 2959 se
2198 2920 2264 2958 ex
2300 2907 2550 2974 supernis
2576 2921 2713 2972 esse,
2755 2908 2857 2963 iste
2890 2908 3039 2962 illum
3088 2909 3140 2961 in
3178 2909 3365 2964 inTeris
3399 2908 3565 2964 collo-

1983 3003 2090 3060 cat,
2119 2995 2408 3052 manifeste
2441 2996 2561 3052 Filii
2598 2999 2891 3053 essentiam
2923 3000 3287 3055 calumnians.

2179 3127 2334 3194 Quod
2368 3127 2540 3183 Filius
2577 3131 2646 3185 sit
2687 3132 3153 3188 consubstantialis
3184 3134 3382 3201 lPam'.

2460 3215 2695 3289 Objectio
2723 3237 2788 3276 ea:
2818 3218 3099 3278 Eunomia.

2054 3351 2161 3411 Sed
2194 3368 2300 3425 quo
2326 3364 2505 3422 pacto,
2544 3355 2744 3425 inquit,
2777 3356 2883 3412 erit
2914 3358 3395 3413 consubstantialis
3419 3358 3567 3416 Patri

1979 3443 2170 3509 Filius,
2217 3462 2340 3500 cum
2391 3445 2552 3501 Pater
2596 3448 2645 3501 ei
2698 3463 2862 3503 eausa
2918 3449 3215 3503 exsistendi
3266 3451 3380 3505 sit?
3412 3452 3567 3518 Quod

1978 3533 2195 3601 quidem
2236 3534 2304 3590 de
2335 3534 2496 3591 Patre
2530 3536 2636 3591 dici
2691 3552 2794 3592 non
2832 3547 3031 3607 potest.
3080 3538 3266 3609 Neque
3306 3541 3447 3594 enim
3482 3550 3567 3597 est

1976 3635 2041 3677 ex
2091 3622 2269 3692 aliqua
2320 3640 2507 3691 causa,
2552 3626 2698 3694 quod
2749 3636 2920 3683 certe.
2974 3636 3033 3682 ut
3076 3628 3334 3694 arbitror,
3375 3643 3567 3687 omnes

1978 3725 2163 3768 verum
2194 3728 2317 3771 esse
2347 3713 2683 3771 fatebuntur.

2472 3828 2682 3885 Salutio
2734 3830 3069 3900 objectionis.

2048 3938 2240 3995 Merito
2272 3950 2417 3996 certe
2454 3941 2575 4011 quis
2614 3958 2800 3997 eorum
2844 3944 3168 4015 imperitiam
3200 3947 3440 4013 damnet,
3471 3948 3563 4016 qui

1972 4033 2235 4102 ejusmodi
2280 4034 2480 4089 audent
2523 4035 2724 4091 dicere.
2765 4034 2961 4091 Filium
3007 4039 3151 4093 enim
3189 4056 3310 4093 cum
3344 4041 3556 4109 dicunt,

1972 4124 2493 4180 consubstantialem
2541 4142 2663 4181 esse
2712 4137 2935 4195 negant,
2993 4145 3098 4183 non
3156 4132 3457 4185 sentientes
3506 4133 3562 4187 in

1972 4233 2133 4287 quam
2165 4216 2556 4273 absurditatem
2591 4217 2865 4273 labantur.
2902 4218 2959 4274 Si
2993 4222 3137 4275 enim
3164 4220 3335 4276 Filius
3360 4232 3465 4286 est,
3501 4233 3563 4279 nt

1974 4307 2224 4377 proiecto
2258 4317 2365 4374 est,
2408 4310 2515 4363 erit
2546 4310 2769 4364 omnino
2795 4310 3035 4380 ejusdem
3083 4311 3400 4367 substantize
3433 4330 3558 4370 cum

1970 4398 2249 4455 Genitore.
2290 4398 2347 4454 Si
2394 4414 2521 4453 vero
2564 4398 2736 4455 Filius
2784 4416 2888 4454 non
2936 4409 3039 4466 est,
3096 4402 3392 4457 secundum
3440 4419 3557 4470 vos,

282 4495 407 4548 καθ’
440 4496 608 4565 ὑμᾶς,
637 4494 845 4559 δείξατε
872 4496 1085 4566 γυμνὴν
1123 4496 1332 4550 ἑαυτῶν
1354 4497 1455 4568 τὴν
1492 4497 1864 4569 βλασφημίαν,

1983 4492 2172 4545 nudam
2219 4500 2458 4545 vestram
2512 4491 2905 4558 blasnhemiam
2942 4492 3251 4561 patefacite,
3306 4504 3362 4549 et
3397 4495 3561 4551 dicite

282 4586 375 4637 καὶ
399 4585 592 4652 λέγετε
622 4586 833 4655 ποίημα
866 4582 1026 4647 εἶναι.
1064 4586 1151 4640 ἵνα
1180 4587 1316 4658 μηδὲ
1348 4588 1633 4659 ὀμοούσιος
1752 4590 1864 4642 Καὶ

279 4679 403 4731 τότε
432 4678 783 4749 δειχθήσεσθε
814 4679 1016 4742 πάσαις
1042 4678 1338 4749 μαχόμενοι
1370 4681 1491 4743 ταις
1522 4680 1695 4743 θείαις
1718 4681 1866 4750 Γρα-

280 4773 430 4839 φαίς.
462 4770 590 4823 Υίὸν
616 4770 724 4841 γὰρ
748 4770 964 4839 λέγουσι
992 4770 1086 4823 τὸν
1116 4770 1266 4833 Υίδν,
1302 4773 1400 4826 καὶ
1434 4772 1497 4826 οὐ
1521 4773 1755 4845 ποίημα.

969 4968 1152 5022 ΑΛΛΟ

351 5084 531 5138 Αἴτιον
570 5081 899 5153 γεγενῆσθαι
932 5080 1027 5135 τοῦ
1067 5076 1203 5133 εἷναι
1253 5079 1329 5151 τῷ
1356 5077 1473 5153 Υίῷ
1515 5081 1606 5137 τὸν
1636 5081 1854 5155 Πατέρα

1973 4591 2277 4638 creaturam
2308 4597 2449 4648 esse,
2475 4593 2534 4637 ut
2561 4598 2623 4635 ea
2653 4584 2862 4637 ratione
2892 4585 3370 4640 consubstantialis
3391 4588 3555 4643 etiam

1971 4687 2079 4726 non
2105 4672 2195 4725 sit.
2218 4673 2294 4727 Ac
2317 4684 2428 4726 tum
2458 4674 2726 4729 universa:
2745 4689 2915 4731 sacrm
2935 4672 3232 4746 Scriptum
3254 4692 3560 4749 repugnare

1969 4766 2356 4848 Ostendgmini.
2392 4765 2588 4829 Filium
2618 4768 2763 4821 enim
2802 4769 3087 4824 nominant
3118 4764 3338 4837 Filium,
3364 4782 3421 4827 et
3450 4786 3556 4827 non

1970 4864 2300 4912 creaturam.

2638 4972 2869 5029 ALIUD.

2037 5086 2229 5144 Dicitis
2276 5085 2495 5143 Patrem
2547 5086 2711 5144 fuisse
2766 5089 2902 5144 Filio
2950 5105 3169 5146 causam
3220 5093 3552 5159 exSIstendi;

277 5174 437 5242 φατὲ,
470 5174 610 5228 κατὰ
635 5173 754 5225 τίνα
786 5174 1005 5243 τρόπον,
1034 5166 1079 5225 ὦ
1099 5173 1457 5245 χριπομάχι)ι
1483 5191 1495 5237 ;
1528 5175 1589 5227 Εἰ
1632 5174 1731 5245 μὲν
1764 5171 1858 5227 οὖν

1983 5196 2196 5252 [nonam
2233 5195 2363 5237 vero
2398 5182 2576 5244 modo,
2624 5197 2657 5237 ο
2686 5182 2888 5236 Christi
2940 5183 3167 5239 hostes?
3196 5183 3365 5249 Nam,
3402 5187 3448 5239 si
3499 5188 3557 5238 nt

274 5264 354 5326 ὡς
386 5263 718 5335 δημιουργόν
768 5280 888 5316 τινα
944 5263 1154 5334 ποίημα
1209 5264 1565 5329 φαντάζεσθε,
1618 5266 1713 5318 καὶ
1760 5266 1857 5335 οὐχ

1983 5273 2435 5341 :reatorem,jam
2483 5284 2792 5328 creaturam
2847 5290 2967 5331 esse
3016 5276 3411 5345 imaginamini,
3447 5296 3550 5331 non

276 5355 429 5415 Τίδν,
458 5355 552 5407 καὶ
585 5354 884 5426 διαρρήδην
922 5355 1157 5424 μάχεσθε
1182 5354 1257 5425 τῷ
1284 5356 1455 5425 Πατρὶ
1488 5356 1698 5423 λέγοντι
1731 5356 1856 5425 περὶ

1983 5364 2179 5428 Filium,
2216 5375 2271 5419 et
2302 5365 2593 5421 manifeste
2635 5366 2777 5420 Patri
2818 5368 3154 5437 repugnatis,
3191 5370 3279 5439 qui
3321 5371 3386 5425 de
3416 5372 3552 5425 Filio

276 5446 373 5499 τοῦ
409 5446 537 5498 ἰδίου
571 5448 935 5517 γεννήματος
983 5467 1001 5497 ‹
1027 5446 1119 5500 Ἐκ
1143 5448 1378 5520 γαστρὸς
1430 5450 1533 5517 πρὸ
1576 5448 1854 5519 ἑωσφόρον

1983 5471 2060 5507 mo
2083 5455 2153 5509 ita
2190 5456 2267 5509 ait
2298 5475 2309 5511 :
2346 5474 2364 5507 t
2402 5456 2477 5510 Ex
2504 5468 2658 5510 utero
2686 5464 2811 5511 ante
2838 5456 3124 5511 luciferum
3155 5460 3315 5529 genui
3353 5470 3404 5516 te
3430 5459 3492 5515 ’°.
3529 5477 3546 5512 ι

278 5540 476 5606 ἐξεγέν*
500 5539 604 5608 ηςά
646 5555 725 5591 σε.
762 5558 778 5587 ι
818 5540 876 5591 ΕΞ
921 5539 975 5591 δὲ
1011 5540 1135 5592 Υἱὺν
1174 5540 1340 5601 ὅντως
1382 5542 1689 5609 ομιλτγεῐτε
1714 5583 1726 5606 ,
1762 5544 1855 5595 κλὶ

1983 5546 2021 5600 Si
2060 5562 2185 5601 vero
2209 5545 2405 5601 Filium
2464 5562 2653 5603 revera
2686 5564 2807 5603 esse
2839 5548 3105 5616 fatemini,
3138 5560 3301 5621 atque
3336 5553 3407 5607 ita
3434 5567 3553 5607 esse

1965 5639 2209 5703 creditis,
2240 5640 2609 5695 necessarium
2644 5639 2801 5709 plane
2849 5650 2932 5697 est
2973 5651 3030 5697 ut
3072 5642 3312 5711 Patrem,
3346 5660 3450 5702 nm.
3492 5652 3551 5700 ut

1762 5544 1855 5595 κλῖ

277 5631 451 5695 οὕτως
481 5626 619 5684 εἶναι
642 5631 943 5695 πιστεύετε,
987 5632 1196 5703 ἀνάγκη
1234 5636 1373 5687 πᾶσα
1498 5635 1853 5705 ῶςιζημιίυυρ-

354 5808 395 5841 ⁸*
426 5808 614 5863 Matth.
652 5823 785 5875 xm,
816 5808 905 5865 29.
979 5810 997 5842 ⁷
1035 5810 1174 5867 l'snl.
1221 5826 1270 5866 ι’.
1307 5812 1386 5866 l2.
1464 5814 1483 5840 ¹¹
1518 5813 1657 5868 l‘sal.
1691 5830 1870 5882 ιιιλι,

2040 5817 2059 5848 ⁹
2093 5815 2245 5873 Joan.
2280 5831 2391 5883 rm,
2436 5816 2523 5873 23.
2606 5820 2647 5851 “‘
2673 5818 2815 5876 Psal.
2850 5836 2957 5887 Ctx,
2984 5821 3039 5878 ὅ.
