  <div class='ocr_page' id='page_1' title='image "/cluster/home/n/w/nwhite01/storage/ocr_20150623/75/ien.35556001661032/073.png"; bbox 0 0 4048 6420; ppageno 0'>
   <div class='ocr_carea' id='block_1_1' title="bbox 500 396 599 453">
    <p class='ocr_par' dir='ltr' id='par_1_1' title="bbox 500 396 599 453">
     <span class='ocr_line' id='line_1_1' title="bbox 500 396 599 453; baseline -0.02 -1"><span class='ocrx_word' id='word_1_1' title='bbox 500 396 599 453; x_wconf 67' lang='lat'><strong>“7</strong></span> 
     </span>
    </p>
   </div>
   <div class='ocr_carea' id='block_1_2' title="bbox 1477 379 2702 448">
    <p class='ocr_par' dir='ltr' id='par_1_2' title="bbox 1477 379 2702 448">
     <span class='ocr_line' id='line_1_2' title="bbox 1477 379 2702 448; baseline -0.014 0"><span class='ocrx_word' id='word_1_2' title='bbox 1477 393 1533 448; x_wconf 86' lang='lat' dir='ltr'><strong>S.</strong></span> <span class='ocrx_word' id='word_1_3' title='bbox 1575 388 1845 447; x_wconf 71' lang='lat' dir='ltr'><strong>CYRiLlJ</strong></span> <span class='ocrx_word' id='word_1_4' title='bbox 1884 381 2347 442; x_wconf 74' lang='lat' dir='ltr'><strong>ALEXANDRINI</strong></span> <span class='ocrx_word' id='word_1_5' title='bbox 2385 379 2702 435; x_wconf 79' lang='lat' dir='ltr'><strong>ARCHIEP.</strong></span> 
     </span>
    </p>
   </div>
   <div class='ocr_carea' id='block_1_3' title="bbox 3634 359 3734 414">
    <p class='ocr_par' dir='ltr' id='par_1_3' title="bbox 3634 359 3734 414">
     <span class='ocr_line' id='line_1_3' title="bbox 3634 359 3734 414; baseline -0.01 0"><span class='ocrx_word' id='word_1_6' title='bbox 3634 359 3734 414; x_wconf 66' lang='grc'><strong>128</strong></span> 
     </span>
    </p>
   </div>
   <div class='ocr_carea' id='block_1_4' title="bbox 500 474 2056 570">
    <p class='ocr_par' dir='ltr' id='par_1_4' title="bbox 500 503 2052 570">
     <span class='ocr_line' id='line_1_4' title="bbox 500 503 2052 570; baseline -0.006 -4"><span class='ocrx_word' id='word_1_7' title='bbox 500 522 799 566; x_wconf 74' lang='lat' dir='ltr'><strong>creatorem</strong></span> <span class='ocrx_word' id='word_1_8' title='bbox 843 525 1058 567; x_wconf 79' lang='lat' dir='ltr'><strong>causam</strong></span> <span class='ocrx_word' id='word_1_9' title='bbox 1104 508 1397 570; x_wconf 76' lang='lat' dir='ltr'><strong>exsistendi</strong></span> <span class='ocrx_word' id='word_1_10' title='bbox 1451 508 1587 562; x_wconf 85' lang='lat' dir='ltr'><strong>Filio</strong></span> <span class='ocrx_word' id='word_1_11' title='bbox 1634 507 1798 561; x_wconf 84' lang='lat' dir='ltr'><strong>fuisse</strong></span> <span class='ocrx_word' id='word_1_12' title='bbox 1842 503 2052 564; x_wconf 88' lang='lat' dir='ltr'><strong>dicatis,</strong></span> 
     </span>
    </p>
   </div>
   <div class='ocr_carea' id='block_1_5' title="bbox 2158 474 3737 570">
    <p class='ocr_par' dir='ltr' id='par_1_5' title="bbox 2160 474 3737 570">
     <span class='ocr_line' id='line_1_5' title="bbox 2160 474 3737 570; baseline -0.016 -19"><span class='ocrx_word' id='word_1_13' title='bbox 2160 500 2253 566; x_wconf 72' lang='grc' dir='ltr'><strong>τὸν</strong></span> <span class='ocrx_word' id='word_1_14' title='bbox 2280 500 2451 552; x_wconf 77' lang='grc' dir='ltr'><strong>αἴτιον</strong></span> <span class='ocrx_word' id='word_1_15' title='bbox 2486 496 2579 550; x_wconf 78' lang='grc' dir='ltr'><strong>τοῦ</strong></span> <span class='ocrx_word' id='word_1_16' title='bbox 2611 493 2752 548; x_wconf 77' lang='grc' dir='ltr'><strong>εἶναι</strong></span> <span class='ocrx_word' id='word_1_17' title='bbox 2788 492 2865 562; x_wconf 83' lang='grc' dir='ltr'><strong>τῷ</strong></span> <span class='ocrx_word' id='word_1_18' title='bbox 2906 488 3019 559; x_wconf 86' lang='grc' dir='ltr'><strong>Υίῷ</strong></span> <span class='ocrx_word' id='word_1_19' title='bbox 3065 482 3390 555; x_wconf 71' lang='grc' dir='ltr'><strong>γεγενῆσθαι</strong></span> <span class='ocrx_word' id='word_1_20' title='bbox 3422 478 3605 570; x_wconf 54' lang='grc' dir='ltr'><strong>λέγειν</strong></span> <span class='ocrx_word' id='word_1_21' title='bbox 3641 474 3737 570; x_wconf 54' lang='grc' dir='ltr'><strong>τύν</strong></span> 
     </span>
    </p>
   </div>
   <div class='ocr_carea' id='block_1_6' title="bbox 498 598 2054 673">
    <p class='ocr_par' dir='ltr' id='par_1_6' title="bbox 498 598 2054 673">
     <span class='ocr_line' id='line_1_6' title="bbox 498 598 2054 673; baseline -0.006 -17"><span class='ocrx_word' id='word_1_22' title='bbox 498 603 594 656; x_wconf 87' lang='lat' dir='ltr'><strong>sed</strong></span> <span class='ocrx_word' id='word_1_23' title='bbox 646 612 707 656; x_wconf 92' lang='lat' dir='ltr'><strong>ut</strong></span> <span class='ocrx_word' id='word_1_24' title='bbox 742 604 1041 673; x_wconf 70' lang='lat' dir='ltr'><strong>genitorem</strong></span> <span class='ocrx_word' id='word_1_25' title='bbox 1099 601 1436 657; x_wconf 69' lang='lat' dir='ltr'><strong>naturaliter.</strong></span> <span class='ocrx_word' id='word_1_26' title='bbox 1486 598 1627 654; x_wconf 80' lang='lat' dir='ltr'><strong>Nihil</strong></span> <span class='ocrx_word' id='word_1_27' title='bbox 1684 612 1811 651; x_wconf 81' lang='lat' dir='ltr'><strong>vero</strong></span> <span class='ocrx_word' id='word_1_28' title='bbox 1854 598 2054 657; x_wconf 93' lang='lat' dir='ltr'><strong>obstat,</strong></span> 
     </span>
    </p>
   </div>
   <div class='ocr_carea' id='block_1_7' title="bbox 500 684 2057 759">
    <p class='ocr_par' dir='ltr' id='par_1_7' title="bbox 500 684 2057 759">
     <span class='ocr_line' id='line_1_7' title="bbox 500 684 2057 759; baseline -0.006 -14"><span class='ocrx_word' id='word_1_29' title='bbox 500 693 607 747; x_wconf 78' lang='lat' dir='ltr'><strong>imo</strong></span> <span class='ocrx_word' id='word_1_30' title='bbox 641 708 770 748; x_wconf 84' lang='lat' dir='ltr'><strong>vero</strong></span> <span class='ocrx_word' id='word_1_31' title='bbox 813 692 1179 749; x_wconf 89' lang='lat' dir='ltr'><strong>necessarium</strong></span> <span class='ocrx_word' id='word_1_32' title='bbox 1219 701 1326 755; x_wconf 91' lang='lat' dir='ltr'><strong>est,</strong></span> <span class='ocrx_word' id='word_1_33' title='bbox 1373 700 1432 744; x_wconf 92' lang='lat' dir='ltr'><strong>ut</strong></span> <span class='ocrx_word' id='word_1_34' title='bbox 1468 689 1518 742; x_wconf 90' lang='lat' dir='ltr'><strong>id</strong></span> <span class='ocrx_word' id='word_1_35' title='bbox 1552 688 1697 759; x_wconf 90' lang='lat' dir='ltr'><strong>quod</strong></span> <span class='ocrx_word' id='word_1_36' title='bbox 1740 684 2057 740; x_wconf 85' lang='lat' dir='ltr'><strong>naturaliter</strong></span> 
     </span>
    </p>
   </div>
   <div class='ocr_carea' id='block_1_8' title="bbox 498 774 2053 851">
    <p class='ocr_par' dir='ltr' id='par_1_8' title="bbox 498 774 2053 851">
     <span class='ocr_line' id='line_1_8' title="bbox 498 774 2053 851; baseline -0.002 -19"><span class='ocrx_word' id='word_1_37' title='bbox 498 794 567 833; x_wconf 80' lang='lat' dir='ltr'><strong>ex</strong></span> <span class='ocrx_word' id='word_1_38' title='bbox 606 780 788 849; x_wconf 82' lang='lat' dir='ltr'><strong>aliquo</strong></span> <span class='ocrx_word' id='word_1_39' title='bbox 826 781 1112 851; x_wconf 92' lang='lat' dir='ltr'><strong>processit,</strong></span> <span class='ocrx_word' id='word_1_40' title='bbox 1135 776 1310 835; x_wconf 89' lang='lat' dir='ltr'><strong>simile</strong></span> <span class='ocrx_word' id='word_1_41' title='bbox 1345 779 1392 834; x_wconf 90' lang='lat' dir='ltr'><strong>ei</strong></span> <span class='ocrx_word' id='word_1_42' title='bbox 1426 777 1719 833; x_wconf 81' lang='lat' dir='ltr'><strong>secundum</strong></span> <span class='ocrx_word' id='word_1_43' title='bbox 1759 774 2053 829; x_wconf 87' lang='lat' dir='ltr'><strong>essentiam</strong></span> 
     </span>
    </p>
   </div>
   <div class='ocr_carea' id='block_1_9' title="bbox 497 863 1920 943">
    <p class='ocr_par' dir='ltr' id='par_1_9' title="bbox 497 863 1920 943">
     <span class='ocr_line' id='line_1_9' title="bbox 497 863 1920 943; baseline -0.004 -18"><span class='ocrx_word' id='word_1_44' title='bbox 497 871 589 938; x_wconf 89' lang='lat' dir='ltr'><strong>sit,</strong></span> <span class='ocrx_word' id='word_1_45' title='bbox 620 872 831 929; x_wconf 85' lang='lat' dir='ltr'><strong>tametsi</strong></span> <span class='ocrx_word' id='word_1_46' title='bbox 862 872 1090 943; x_wconf 84' lang='lat' dir='ltr'><strong>idipsum</strong></span> <span class='ocrx_word' id='word_1_47' title='bbox 1124 863 1419 926; x_wconf 71' lang='lat' dir='ltr'><strong>exsistendi</strong></span> <span class='ocrx_word' id='word_1_48' title='bbox 1452 882 1671 924; x_wconf 85' lang='lat' dir='ltr'><strong>causam</strong></span> <span class='ocrx_word' id='word_1_49' title='bbox 1704 865 1920 921; x_wconf 83' lang='lat' dir='ltr'><strong>habeat.</strong></span> 
     </span>
    </p>
   </div>
   <div class='ocr_carea' id='block_1_10' title="bbox 1155 978 1385 1038">
    <p class='ocr_par' dir='ltr' id='par_1_10' title="bbox 1155 978 1385 1038">
     <span class='ocr_line' id='line_1_10' title="bbox 1155 978 1385 1038; baseline 0.013 -3"><span class='ocrx_word' id='word_1_50' title='bbox 1155 978 1385 1038; x_wconf 78' lang='lat' dir='ltr'><strong>ALIUD.</strong></span> 
     </span>
    </p>
   </div>
   <div class='ocr_carea' id='block_1_11' title="bbox 566 1091 2056 1163">
    <p class='ocr_par' dir='ltr' id='par_1_11' title="bbox 566 1091 2056 1163">
     <span class='ocr_line' id='line_1_11' title="bbox 566 1091 2056 1163; baseline -0.001 -15"><span class='ocrx_word' id='word_1_51' title='bbox 566 1092 625 1148; x_wconf 80' lang='lat' dir='ltr'><strong>Si</strong></span> <span class='ocrx_word' id='word_1_52' title='bbox 665 1092 922 1163; x_wconf 83' lang='lat' dir='ltr'><strong>quidquid</strong></span> <span class='ocrx_word' id='word_1_53' title='bbox 953 1106 1019 1148; x_wconf 74' lang='lat' dir='ltr'><strong>ex</strong></span> <span class='ocrx_word' id='word_1_54' title='bbox 1058 1106 1223 1148; x_wconf 88' lang='lat' dir='ltr'><strong>causa</strong></span> <span class='ocrx_word' id='word_1_55' title='bbox 1262 1091 1441 1162; x_wconf 88' lang='lat' dir='ltr'><strong>aliqua</strong></span> <span class='ocrx_word' id='word_1_56' title='bbox 1489 1091 1571 1156; x_wconf 77' lang='lat' dir='ltr'><strong>ﬁt,</strong></span> <span class='ocrx_word' id='word_1_57' title='bbox 1613 1093 1664 1147; x_wconf 90' lang='lat' dir='ltr'><strong>id</strong></span> <span class='ocrx_word' id='word_1_58' title='bbox 1694 1092 1917 1150; x_wconf 80' lang='lat' dir='ltr'><strong>omnino</strong></span> <span class='ocrx_word' id='word_1_59' title='bbox 1948 1092 2056 1148; x_wconf 87' lang='lat' dir='ltr'><strong>erit</strong></span> 
     </span>
    </p>
   </div>
   <div class='ocr_carea' id='block_1_12' title="bbox 495 1181 2047 1254">
    <p class='ocr_par' dir='ltr' id='par_1_12' title="bbox 495 1181 2047 1254">
     <span class='ocr_line' id='line_1_12' title="bbox 495 1181 2047 1254; baseline 0.002 -18"><span class='ocrx_word' id='word_1_60' title='bbox 495 1181 772 1237; x_wconf 77' lang='lat' dir='ltr'><strong>dissimilis</strong></span> <span class='ocrx_word' id='word_1_61' title='bbox 804 1197 926 1237; x_wconf 92' lang='lat' dir='ltr'><strong>cum</strong></span> <span class='ocrx_word' id='word_1_62' title='bbox 976 1183 1094 1254; x_wconf 91' lang='lat' dir='ltr'><strong>ipso</strong></span> <span class='ocrx_word' id='word_1_63' title='bbox 1122 1183 1459 1247; x_wconf 69' lang='lat' dir='ltr'><strong>substantiae,</strong></span> <span class='ocrx_word' id='word_1_64' title='bbox 1502 1184 1772 1252; x_wconf 86' lang='lat' dir='ltr'><strong>quomodo</strong></span> <span class='ocrx_word' id='word_1_65' title='bbox 1814 1183 1947 1239; x_wconf 81' lang='lat' dir='ltr'><strong>Abel</strong></span> <span class='ocrx_word' id='word_1_66' title='bbox 1979 1198 2047 1239; x_wconf 78' lang='lat' dir='ltr'><strong>es</strong></span> 
     </span>
    </p>
   </div>
   <div class='ocr_carea' id='block_1_13' title="bbox 494 1273 2055 1344">
    <p class='ocr_par' dir='ltr' id='par_1_13' title="bbox 494 1273 2055 1344">
     <span class='ocr_line' id='line_1_13' title="bbox 494 1273 2055 1344; baseline 0.003 -20"><span class='ocrx_word' id='word_1_67' title='bbox 494 1273 703 1328; x_wconf 77' lang='lat' dir='ltr'><strong>Adamo</strong></span> <span class='ocrx_word' id='word_1_68' title='bbox 726 1284 982 1344; x_wconf 88' lang='lat' dir='ltr'><strong>tanquam</strong></span> <span class='ocrx_word' id='word_1_69' title='bbox 1008 1289 1075 1328; x_wconf 76' lang='lat' dir='ltr'><strong>ex</strong></span> <span class='ocrx_word' id='word_1_70' title='bbox 1110 1288 1273 1329; x_wconf 90' lang='lat' dir='ltr'><strong>causa</strong></span> <span class='ocrx_word' id='word_1_71' title='bbox 1305 1274 1539 1343; x_wconf 86' lang='lat' dir='ltr'><strong>genitus,</strong></span> <span class='ocrx_word' id='word_1_72' title='bbox 1563 1273 1757 1329; x_wconf 83' lang='lat' dir='ltr'><strong>similis</strong></span> <span class='ocrx_word' id='word_1_73' title='bbox 1783 1274 1832 1329; x_wconf 89' lang='lat' dir='ltr'><strong>ei</strong></span> <span class='ocrx_word' id='word_1_74' title='bbox 1856 1288 2055 1329; x_wconf 82' lang='lat' dir='ltr'><strong>secun-</strong></span> 
     </span>
    </p>
   </div>
   <div class='ocr_carea' id='block_1_14' title="bbox 494 1362 2058 1434">
    <p class='ocr_par' dir='ltr' id='par_1_14' title="bbox 494 1362 2058 1434">
     <span class='ocr_line' id='line_1_14' title="bbox 494 1362 2058 1434; baseline 0.001 -17"><span class='ocrx_word' id='word_1_75' title='bbox 494 1364 623 1417; x_wconf 87' lang='lat' dir='ltr'><strong>dum</strong></span> <span class='ocrx_word' id='word_1_76' title='bbox 657 1363 1014 1418; x_wconf 89' lang='lat' dir='ltr'><strong>substantiam</strong></span> <span class='ocrx_word' id='word_1_77' title='bbox 1051 1362 1196 1417; x_wconf 69' lang='lat' dir='ltr'><strong>fuit?</strong></span> <span class='ocrx_word' id='word_1_78' title='bbox 1228 1362 1607 1419; x_wconf 79' lang='lat' dir='ltr'><strong>Necessarium</strong></span> <span class='ocrx_word' id='word_1_79' title='bbox 1638 1364 1799 1434; x_wconf 93' lang='lat' dir='ltr'><strong>igitur</strong></span> <span class='ocrx_word' id='word_1_80' title='bbox 1833 1366 2058 1420; x_wconf 84' lang='lat' dir='ltr'><strong>omnino</strong></span> 
     </span>
    </p>
   </div>
   <div class='ocr_carea' id='block_1_15' title="bbox 494 1452 2058 1524">
    <p class='ocr_par' dir='ltr' id='par_1_15' title="bbox 494 1452 2058 1524">
     <span class='ocr_line' id='line_1_15' title="bbox 494 1452 2058 1524; baseline 0.003 -18"><span class='ocrx_word' id='word_1_81' title='bbox 494 1460 578 1506; x_wconf 78' lang='lat' dir='ltr'><strong>est</strong></span> <span class='ocrx_word' id='word_1_82' title='bbox 611 1461 669 1505; x_wconf 91' lang='lat' dir='ltr'><strong>ut</strong></span> <span class='ocrx_word' id='word_1_83' title='bbox 693 1453 870 1507; x_wconf 88' lang='lat' dir='ltr'><strong>omnis</strong></span> <span class='ocrx_word' id='word_1_84' title='bbox 902 1452 956 1507; x_wconf 91' lang='lat' dir='ltr'><strong>in</strong></span> <span class='ocrx_word' id='word_1_85' title='bbox 984 1453 1293 1508; x_wconf 79' lang='lat' dir='ltr'><strong>universum</strong></span> <span class='ocrx_word' id='word_1_86' title='bbox 1325 1454 1637 1524; x_wconf 81' lang='lat' dir='ltr'><strong>generativa</strong></span> <span class='ocrx_word' id='word_1_87' title='bbox 1665 1463 1878 1520; x_wconf 90' lang='lat' dir='ltr'><strong>natura,</strong></span> <span class='ocrx_word' id='word_1_88' title='bbox 1907 1455 2058 1511; x_wconf 88' lang='lat' dir='ltr'><strong>simi-</strong></span> 
     </span>
    </p>
   </div>
   <div class='ocr_carea' id='block_1_16' title="bbox 495 1542 2054 1618">
    <p class='ocr_par' dir='ltr' id='par_1_16' title="bbox 495 1542 2054 1618">
     <span class='ocr_line' id='line_1_16' title="bbox 495 1542 2054 1618; baseline 0.003 -22"><span class='ocrx_word' id='word_1_89' title='bbox 495 1542 565 1596; x_wconf 89' lang='lat' dir='ltr'><strong>lia</strong></span> <span class='ocrx_word' id='word_1_90' title='bbox 595 1542 695 1597; x_wconf 84' lang='lat' dir='ltr'><strong>sibi</strong></span> <span class='ocrx_word' id='word_1_91' title='bbox 738 1556 805 1597; x_wconf 78' lang='lat' dir='ltr'><strong>ex</strong></span> <span class='ocrx_word' id='word_1_92' title='bbox 855 1558 917 1598; x_wconf 87' lang='lat' dir='ltr'><strong>se</strong></span> <span class='ocrx_word' id='word_1_93' title='bbox 964 1543 1246 1613; x_wconf 84' lang='lat' dir='ltr'><strong>producat,</strong></span> <span class='ocrx_word' id='word_1_94' title='bbox 1296 1545 1514 1601; x_wconf 88' lang='lat' dir='ltr'><strong>tametsi</strong></span> <span class='ocrx_word' id='word_1_95' title='bbox 1564 1546 1619 1601; x_wconf 90' lang='lat' dir='ltr'><strong>id</strong></span> <span class='ocrx_word' id='word_1_96' title='bbox 1668 1546 1810 1613; x_wconf 88' lang='lat' dir='ltr'><strong>quod</strong></span> <span class='ocrx_word' id='word_1_97' title='bbox 1860 1545 2054 1618; x_wconf 89' lang='lat' dir='ltr'><strong>gignit,</strong></span> 
     </span>
    </p>
   </div>
   <div class='ocr_carea' id='block_1_17' title="bbox 494 1628 1824 1705">
    <p class='ocr_par' dir='ltr' id='par_1_17' title="bbox 494 1628 1824 1705">
     <span class='ocr_line' id='line_1_17' title="bbox 494 1628 1824 1705; baseline 0.005 -22"><span class='ocrx_word' id='word_1_98' title='bbox 494 1643 659 1684; x_wconf 85' lang='lat' dir='ltr'><strong>causa</strong></span> <span class='ocrx_word' id='word_1_99' title='bbox 689 1629 761 1684; x_wconf 90' lang='lat' dir='ltr'><strong>sit</strong></span> <span class='ocrx_word' id='word_1_100' title='bbox 787 1628 1105 1695; x_wconf 72' lang='lat' dir='ltr'><strong>naturaliter</strong></span> <span class='ocrx_word' id='word_1_101' title='bbox 1128 1630 1177 1686; x_wconf 86' lang='lat' dir='ltr'><strong>ei</strong></span> <span class='ocrx_word' id='word_1_102' title='bbox 1210 1632 1355 1700; x_wconf 87' lang='lat' dir='ltr'><strong>quod</strong></span> <span class='ocrx_word' id='word_1_103' title='bbox 1376 1646 1443 1688; x_wconf 78' lang='lat' dir='ltr'><strong>ex</strong></span> <span class='ocrx_word' id='word_1_104' title='bbox 1477 1646 1536 1689; x_wconf 85' lang='lat' dir='ltr'><strong>se</strong></span> <span class='ocrx_word' id='word_1_105' title='bbox 1565 1634 1824 1705; x_wconf 72' lang='lat' dir='ltr'><strong>gignitur.</strong></span> 
     </span>
    </p>
   </div>
   <div class='ocr_carea' id='block_1_18' title="bbox 1090 1738 1323 1798">
    <p class='ocr_par' dir='ltr' id='par_1_18' title="bbox 1090 1738 1323 1798">
     <span class='ocr_line' id='line_1_18' title="bbox 1090 1738 1323 1798; baseline 0.013 -3"><span class='ocrx_word' id='word_1_106' title='bbox 1090 1738 1323 1798; x_wconf 76' lang='lat' dir='ltr'><strong>ALIUD.</strong></span> 
     </span>
    </p>
   </div>
   <div class='ocr_carea' id='block_1_19' title="bbox 2160 564 3737 667">
    <p class='ocr_par' dir='ltr' id='par_1_19' title="bbox 2160 564 3737 667">
     <span class='ocr_line' id='line_1_19' title="bbox 2160 564 3737 667; baseline -0.016 -26"><span class='ocrx_word' id='word_1_107' title='bbox 2160 564 2399 658; x_wconf 75' lang='grc' dir='ltr'><strong>Πατέρα,</strong></span> <span class='ocrx_word' id='word_1_108' title='bbox 2424 586 2535 639; x_wconf 83' lang='grc' dir='ltr'><strong>ἀλλ’</strong></span> <span class='ocrx_word' id='word_1_109' title='bbox 2561 585 2635 647; x_wconf 83' lang='grc' dir='ltr'><strong>ὡς</strong></span> <span class='ocrx_word' id='word_1_110' title='bbox 2665 584 2966 652; x_wconf 77' lang='grc' dir='ltr'><strong>γεννήτορα</strong></span> <span class='ocrx_word' id='word_1_111' title='bbox 3000 573 3265 667; x_wconf 76' lang='grc' dir='ltr'><strong>φυσικῶς.</strong></span> <span class='ocrx_word' id='word_1_112' title='bbox 3303 568 3517 625; x_wconf 74' lang='grc' dir='ltr'><strong>κωλύει</strong></span> <span class='ocrx_word' id='word_1_113' title='bbox 3560 567 3621 619; x_wconf 64' lang='grc' dir='ltr'><strong>δὲ</strong></span> <span class='ocrx_word' id='word_1_114' title='bbox 3644 564 3737 667; x_wconf 57' lang='grc' dir='ltr'><strong>οὐ·</strong></span> 
     </span>
    </p>
   </div>
   <div class='ocr_carea' id='block_1_20' title="bbox 2154 664 3731 749">
    <p class='ocr_par' dir='ltr' id='par_1_20' title="bbox 2154 664 3731 749">
     <span class='ocr_line' id='line_1_20' title="bbox 2154 664 3731 749; baseline -0.016 -16"><span class='ocrx_word' id='word_1_115' title='bbox 2154 680 2264 740; x_wconf 76' lang='grc' dir='ltr'><strong>ὁὲν,</strong></span> <span class='ocrx_word' id='word_1_116' title='bbox 2302 679 2501 749; x_wconf 76' lang='grc' dir='ltr'><strong>μᾶλλον</strong></span> <span class='ocrx_word' id='word_1_117' title='bbox 2552 675 2609 729; x_wconf 67' lang='grc' dir='ltr'><strong>δὲ</strong></span> <span class='ocrx_word' id='word_1_118' title='bbox 2641 673 2855 742; x_wconf 78' lang='grc' dir='ltr'><strong>ἀνάγκη</strong></span> <span class='ocrx_word' id='word_1_119' title='bbox 2911 670 3060 723; x_wconf 81' lang='grc' dir='ltr'><strong>πᾶσα</strong></span> <span class='ocrx_word' id='word_1_120' title='bbox 3092 666 3153 719; x_wconf 81' lang='grc' dir='ltr'><strong>τὸ</strong></span> <span class='ocrx_word' id='word_1_121' title='bbox 3198 664 3261 718; x_wconf 73' lang='grc' dir='ltr'><strong>εκ</strong></span> <span class='ocrx_word' id='word_1_122' title='bbox 3291 679 3434 725; x_wconf 87' lang='grc' dir='ltr'><strong>τινος</strong></span> <span class='ocrx_word' id='word_1_123' title='bbox 3479 664 3731 729; x_wconf 77' lang='grc' dir='ltr'><strong>φυσικῶς</strong></span> 
     </span>
    </p>
   </div>
   <div class='ocr_carea' id='block_1_21' title="bbox 2156 751 3735 840">
    <p class='ocr_par' dir='ltr' id='par_1_21' title="bbox 2156 751 3735 840">
     <span class='ocr_line' id='line_1_21' title="bbox 2156 751 3735 840; baseline -0.016 -18"><span class='ocrx_word' id='word_1_124' title='bbox 2156 762 2437 840; x_wconf 69' lang='grc' dir='ltr'><strong>προελθὸν,</strong></span> <span class='ocrx_word' id='word_1_125' title='bbox 2463 768 2644 836; x_wconf 83' lang='grc' dir='ltr'><strong>ὅμοιον</strong></span> <span class='ocrx_word' id='word_1_126' title='bbox 2664 760 2802 817; x_wconf 71' lang='grc' dir='ltr'><strong>εἶναι</strong></span> <span class='ocrx_word' id='word_1_127' title='bbox 2828 762 2949 816; x_wconf 84' lang='grc' dir='ltr'><strong>κατ’</strong></span> <span class='ocrx_word' id='word_1_128' title='bbox 2982 756 3167 813; x_wconf 89' lang='grc' dir='ltr'><strong>οὐσίαν</strong></span> <span class='ocrx_word' id='word_1_129' title='bbox 3201 752 3390 818; x_wconf 79' lang='grc' dir='ltr'><strong>αὐτοῦ,</strong></span> <span class='ocrx_word' id='word_1_130' title='bbox 3431 752 3536 805; x_wconf 73' lang='grc' dir='ltr'><strong>κᾶν</strong></span> <span class='ocrx_word' id='word_1_131' title='bbox 3559 751 3735 802; x_wconf 74' lang='grc' dir='ltr'><strong>αἴτιον</strong></span> 
     </span>
    </p>
   </div>
   <div class='ocr_carea' id='block_1_22' title="bbox 2156 852 2743 926">
    <p class='ocr_par' dir='ltr' id='par_1_22' title="bbox 2156 852 2743 926">
     <span class='ocr_line' id='line_1_22' title="bbox 2156 852 2743 926; baseline -0.01 -11"><span class='ocrx_word' id='word_1_132' title='bbox 2156 858 2285 915; x_wconf 79' lang='grc' dir='ltr'><strong>αὐτὸ</strong></span> <span class='ocrx_word' id='word_1_133' title='bbox 2320 857 2413 913; x_wconf 75' lang='grc' dir='ltr'><strong>τώ</strong></span> <span class='ocrx_word' id='word_1_134' title='bbox 2440 852 2577 912; x_wconf 73' lang='grc' dir='ltr'><strong>εῖναι</strong></span> <span class='ocrx_word' id='word_1_135' title='bbox 2606 854 2743 926; x_wconf 66' lang='grc' dir='ltr'><strong>ἔχοι.</strong></span> 
     </span>
    </p>
   </div>
   <div class='ocr_carea' id='block_1_23' title="bbox 2834 966 3043 1024">
    <p class='ocr_par' dir='ltr' id='par_1_23' title="bbox 2834 966 3043 1024">
     <span class='ocr_line' id='line_1_23' title="bbox 2834 966 3043 1024; baseline -0.01 0"><span class='ocrx_word' id='word_1_136' title='bbox 2834 966 3043 1024; x_wconf 77' lang='grc' dir='ltr'><strong>ΔΛΛΟ.</strong></span> 
     </span>
    </p>
   </div>
   <div class='ocr_carea' id='block_1_24' title="bbox 2226 1066 3739 1157">
    <p class='ocr_par' dir='ltr' id='par_1_24' title="bbox 2226 1066 3739 1157">
     <span class='ocr_line' id='line_1_24' title="bbox 2226 1066 3739 1157; baseline -0.015 -15"><span class='ocrx_word' id='word_1_137' title='bbox 2226 1088 2288 1142; x_wconf 81' lang='lat' dir='ltr'><strong>Ei</strong></span> <span class='ocrx_word' id='word_1_138' title='bbox 2310 1088 2421 1142; x_wconf 75' lang='grc' dir='ltr'><strong>πᾶν</strong></span> <span class='ocrx_word' id='word_1_139' title='bbox 2442 1087 2578 1157; x_wconf 71' lang='grc' dir='ltr'><strong>ὅπερ</strong></span> <span class='ocrx_word' id='word_1_140' title='bbox 2595 1084 2663 1139; x_wconf 74' lang='grc' dir='ltr'><strong>ἀν</strong></span> <span class='ocrx_word' id='word_1_141' title='bbox 2691 1082 2754 1147; x_wconf 78' lang='grc' dir='ltr'>ιε</span> <span class='ocrx_word' id='word_1_142' title='bbox 2773 1080 2947 1137; x_wconf 73' lang='grc' dir='ltr'><strong>αἰτίου</strong></span> <span class='ocrx_word' id='word_1_143' title='bbox 2966 1076 3114 1140; x_wconf 80' lang='grc' dir='ltr'><strong>τινὸς</strong></span> <span class='ocrx_word' id='word_1_144' title='bbox 3144 1075 3389 1145; x_wconf 79' lang='grc' dir='ltr'><strong>γίνηται,</strong></span> <span class='ocrx_word' id='word_1_145' title='bbox 3413 1069 3577 1124; x_wconf 80' lang='grc' dir='ltr'><strong>τοῦτο</strong></span> <span class='ocrx_word' id='word_1_146' title='bbox 3600 1066 3739 1120; x_wconf 83' lang='grc' dir='ltr'><strong>πάν-</strong></span> 
     </span>
    </p>
   </div>
   <div class='ocr_carea' id='block_1_25' title="bbox 2154 1158 3738 1259">
    <p class='ocr_par' dir='ltr' id='par_1_25' title="bbox 2154 1158 3738 1259">
     <span class='ocr_line' id='line_1_25' title="bbox 2154 1158 3738 1259; baseline -0.013 -27"><span class='ocrx_word' id='word_1_147' title='bbox 2154 1195 2262 1241; x_wconf 88' lang='grc' dir='ltr'><strong>τως</strong></span> <span class='ocrx_word' id='word_1_148' title='bbox 2306 1178 2458 1231; x_wconf 67' lang='grc' dir='ltr'><strong>ἔσται</strong></span> <span class='ocrx_word' id='word_1_149' title='bbox 2508 1175 2645 1248; x_wconf 77' lang='grc' dir='ltr'><strong>πρὸς</strong></span> <span class='ocrx_word' id='word_1_150' title='bbox 2682 1173 2817 1231; x_wconf 79' lang='grc' dir='ltr'><strong>αὐτὸ</strong></span> <span class='ocrx_word' id='word_1_151' title='bbox 2860 1172 2954 1226; x_wconf 78' lang='grc' dir='ltr'><strong>καὶ</strong></span> <span class='ocrx_word' id='word_1_152' title='bbox 2983 1166 3360 1259; x_wconf 76' lang='grc' dir='ltr'><strong>ἀνομοιούσιον</strong></span> <span class='ocrx_word' id='word_1_153' title='bbox 3404 1162 3523 1259; x_wconf 59' lang='grc' dir='ltr'><strong>(1)ζ</strong></span> <span class='ocrx_word' id='word_1_154' title='bbox 3701 1158 3738 1259; x_wconf 65' lang='lat'><strong>6</strong></span> 
     </span>
    </p>
   </div>
   <div class='ocr_carea' id='block_1_26' title="bbox 2158 1247 3739 1335">
    <p class='ocr_par' dir='ltr' id='par_1_26' title="bbox 2158 1247 3739 1335">
     <span class='ocr_line' id='line_1_26' title="bbox 2158 1247 3739 1335; baseline -0.014 -11"><span class='ocrx_word' id='word_1_155' title='bbox 2158 1269 2322 1323; x_wconf 77' lang='grc' dir='ltr'><strong>Ἀσελ</strong></span> <span class='ocrx_word' id='word_1_156' title='bbox 2353 1268 2412 1335; x_wconf 80' lang='grc' dir='ltr'>ιε</span> <span class='ocrx_word' id='word_1_157' title='bbox 2441 1247 2614 1322; x_wconf 70' lang='grc' dir='ltr'><strong>αιτιου</strong></span> <span class='ocrx_word' id='word_1_158' title='bbox 2633 1264 2911 1335; x_wconf 73' lang='grc' dir='ltr'><strong>γεννηθεὶς</strong></span> <span class='ocrx_word' id='word_1_159' title='bbox 2939 1261 3033 1315; x_wconf 79' lang='grc' dir='ltr'><strong>τοῦ</strong></span> <span class='ocrx_word' id='word_1_160' title='bbox 3064 1258 3255 1329; x_wconf 75' lang='grc' dir='ltr'><strong>Ἀδὰμ,</strong></span> <span class='ocrx_word' id='word_1_161' title='bbox 3284 1257 3468 1326; x_wconf 76' lang='grc' dir='ltr'><strong>ὅμοιος</strong></span> <span class='ocrx_word' id='word_1_162' title='bbox 3494 1247 3564 1323; x_wconf 73' lang='grc' dir='ltr'><strong>ἦν</strong></span> <span class='ocrx_word' id='word_1_163' title='bbox 3586 1247 3739 1319; x_wconf 81' lang='grc' dir='ltr'><strong>αὐτῷ</strong></span> 
     </span>
    </p>
   </div>
   <div class='ocr_carea' id='block_1_27' title="bbox 2155 1345 3739 1425">
    <p class='ocr_par' dir='ltr' id='par_1_27' title="bbox 2155 1345 3739 1425">
     <span class='ocr_line' id='line_1_27' title="bbox 2155 1345 3739 1425; baseline -0.016 -9"><span class='ocrx_word' id='word_1_164' title='bbox 2155 1362 2275 1416; x_wconf 84' lang='grc' dir='ltr'><strong>κατ’</strong></span> <span class='ocrx_word' id='word_1_165' title='bbox 2299 1361 2523 1425; x_wconf 85' lang='grc' dir='ltr'><strong>οὐσίαν;</strong></span> <span class='ocrx_word' id='word_1_166' title='bbox 2551 1356 2759 1413; x_wconf 77' lang='grc' dir='ltr'><strong>Οὐκοῦν</strong></span> <span class='ocrx_word' id='word_1_167' title='bbox 2794 1354 3007 1423; x_wconf 80' lang='grc' dir='ltr'><strong>ἀνάγκη</strong></span> <span class='ocrx_word' id='word_1_168' title='bbox 3037 1352 3221 1406; x_wconf 72' lang='grc' dir='ltr'><strong>πᾶσαν</strong></span> <span class='ocrx_word' id='word_1_169' title='bbox 3267 1345 3452 1407; x_wconf 80' lang='grc' dir='ltr'><strong>ἁπλῶς</strong></span> <span class='ocrx_word' id='word_1_170' title='bbox 3481 1357 3739 1411; x_wconf 83' lang='grc' dir='ltr'><strong>γεννητι-</strong></span> 
     </span>
    </p>
   </div>
   <div class='ocr_carea' id='block_1_28' title="bbox 2157 1432 3737 1524">
    <p class='ocr_par' dir='ltr' id='par_1_28' title="bbox 2157 1432 3737 1524">
     <span class='ocr_line' id='line_1_28' title="bbox 2157 1432 3737 1524; baseline -0.006 -18"><span class='ocrx_word' id='word_1_171' title='bbox 2157 1453 2259 1524; x_wconf 70' lang='grc' dir='ltr'><strong>κὴν</strong></span> <span class='ocrx_word' id='word_1_172' title='bbox 2284 1452 2445 1523; x_wconf 77' lang='grc' dir='ltr'><strong>φύσιν</strong></span> <span class='ocrx_word' id='word_1_173' title='bbox 2470 1492 2485 1515; x_wconf 85' lang='grc'><em>,</em></span> <span class='ocrx_word' id='word_1_174' title='bbox 2518 1451 2680 1520; x_wconf 78' lang='grc' dir='ltr'><strong>ὃμοια</strong></span> <span class='ocrx_word' id='word_1_175' title='bbox 2707 1446 2926 1509; x_wconf 70' lang='grc' dir='ltr'><strong>πάντως</strong></span> <span class='ocrx_word' id='word_1_176' title='bbox 2958 1445 3095 1514; x_wconf 77' lang='grc' dir='ltr'><strong>αὐτῇ</strong></span> <span class='ocrx_word' id='word_1_177' title='bbox 3138 1441 3209 1495; x_wconf 78' lang='grc' dir='ltr'><strong>τὰ</strong></span> <span class='ocrx_word' id='word_1_178' title='bbox 3252 1438 3311 1505; x_wconf 64' lang='grc' dir='ltr'><strong>ἑξ</strong></span> <span class='ocrx_word' id='word_1_179' title='bbox 3362 1434 3533 1505; x_wconf 78' lang='grc' dir='ltr'><strong>αὐτῆς</strong></span> <span class='ocrx_word' id='word_1_180' title='bbox 3564 1432 3737 1502; x_wconf 66' lang='grc' dir='ltr'><strong>ἔχειν.</strong></span> 
     </span>
    </p>
   </div>
   <div class='ocr_carea' id='block_1_29' title="bbox 2156 1525 3742 1611">
    <p class='ocr_par' dir='ltr' id='par_1_29' title="bbox 2156 1525 3742 1611">
     <span class='ocr_line' id='line_1_29' title="bbox 2156 1525 3742 1611; baseline -0.016 -11"><span class='ocrx_word' id='word_1_181' title='bbox 2156 1544 2259 1599; x_wconf 73' lang='grc' dir='ltr'><strong>κᾶν</strong></span> <span class='ocrx_word' id='word_1_182' title='bbox 2293 1543 2355 1597; x_wconf 85' lang='grc' dir='ltr'><strong>τὸ</strong></span> <span class='ocrx_word' id='word_1_183' title='bbox 2380 1542 2564 1595; x_wconf 86' lang='grc' dir='ltr'><strong>τίκτον</strong></span> <span class='ocrx_word' id='word_1_184' title='bbox 2592 1538 2764 1593; x_wconf 84' lang='grc' dir='ltr'><strong>αίτιον</strong></span> <span class='ocrx_word' id='word_1_185' title='bbox 2862 1533 3109 1606; x_wconf 81' lang='grc' dir='ltr'><strong>φυσικῶς</strong></span> <span class='ocrx_word' id='word_1_186' title='bbox 3137 1530 3215 1602; x_wconf 82' lang='grc' dir='ltr'><strong>τῷ</strong></span> <span class='ocrx_word' id='word_1_187' title='bbox 3256 1528 3316 1597; x_wconf 66' lang='grc' dir='ltr'><strong>ἕξ</strong></span> <span class='ocrx_word' id='word_1_188' title='bbox 3347 1525 3511 1583; x_wconf 77' lang='grc' dir='ltr'><strong>αὐτοῦ</strong></span> <span class='ocrx_word' id='word_1_189' title='bbox 3552 1538 3742 1577; x_wconf 85' lang='grc' dir='ltr'><strong>τικτο-</strong></span> 
     </span>
    </p>
   </div>
   <div class='ocr_carea' id='block_1_30' title="bbox 2159 1635 2325 1707">
    <p class='ocr_par' dir='ltr' id='par_1_30' title="bbox 2159 1635 2325 1707">
     <span class='ocr_line' id='line_1_30' title="bbox 2159 1635 2325 1707; baseline -0.012 0"><span class='ocrx_word' id='word_1_190' title='bbox 2159 1635 2325 1707; x_wconf 68' lang='grc' dir='ltr'><strong>μένῳ·</strong></span> 
     </span>
    </p>
   </div>
   <div class='ocr_carea' id='block_1_31' title="bbox 2835 1734 3039 1789">
    <p class='ocr_par' dir='ltr' id='par_1_31' title="bbox 2835 1734 3039 1789">
     <span class='ocr_line' id='line_1_31' title="bbox 2835 1734 3039 1789; baseline 0 0"><span class='ocrx_word' id='word_1_191' title='bbox 2835 1734 3039 1789; x_wconf 73' lang='lat' dir='ltr'><strong>MAO.</strong></span> 
     </span>
    </p>
   </div>
   <div class='ocr_carea' id='block_1_32' title="bbox 565 1836 2056 1923">
    <p class='ocr_par' dir='ltr' id='par_1_32' title="bbox 565 1844 2054 1923">
     <span class='ocr_line' id='line_1_32' title="bbox 565 1844 2054 1923; baseline 0.007 -19"><span class='ocrx_word' id='word_1_192' title='bbox 565 1851 621 1905; x_wconf 88' lang='lat' dir='ltr'><strong>Si</strong></span> <span class='ocrx_word' id='word_1_193' title='bbox 672 1852 875 1908; x_wconf 81' lang='lat' dir='ltr'><strong>ideirco</strong></span> <span class='ocrx_word' id='word_1_194' title='bbox 920 1844 1109 1923; x_wconf 19' lang='lat' dir='ltr'><strong>Filius,</strong></span> <span class='ocrx_word' id='word_1_195' title='bbox 1137 1868 1244 1912; x_wconf 88' lang='lat' dir='ltr'><strong>non</strong></span> <span class='ocrx_word' id='word_1_196' title='bbox 1292 1860 1377 1911; x_wconf 81' lang='lat' dir='ltr'><strong>est</strong></span> <span class='ocrx_word' id='word_1_197' title='bbox 1428 1856 1724 1915; x_wconf 85' lang='lat' dir='ltr'><strong>secundum</strong></span> <span class='ocrx_word' id='word_1_198' title='bbox 1763 1858 2054 1915; x_wconf 82' lang='lat' dir='ltr'><strong>essentiam</strong></span> 
     </span>
    </p>
   </div>
   <div class='ocr_carea' id='block_1_33' title="bbox 2158 1836 3744 1923">
    <p class='ocr_par' dir='ltr' id='par_1_33' title="bbox 2226 1836 3744 1909">
     <span class='ocr_line' id='line_1_33' title="bbox 2226 1836 3744 1909; baseline -0.013 -2"><span class='ocrx_word' id='word_1_199' title='bbox 2226 1853 2290 1907; x_wconf 79' lang='lat' dir='ltr'><strong>Et</strong></span> <span class='ocrx_word' id='word_1_200' title='bbox 2320 1851 2409 1906; x_wconf 85' lang='lat' dir='ltr'><strong>6t&amp;</strong></span> <span class='ocrx_word' id='word_1_201' title='bbox 2438 1850 2596 1907; x_wconf 80' lang='grc' dir='ltr'><strong>τοῦτο</strong></span> <span class='ocrx_word' id='word_1_202' title='bbox 2616 1851 2741 1904; x_wconf 81' lang='grc' dir='ltr'><strong>κατ’</strong></span> <span class='ocrx_word' id='word_1_203' title='bbox 2768 1846 2957 1903; x_wconf 89' lang='grc' dir='ltr'><strong>οὐσίαν</strong></span> <span class='ocrx_word' id='word_1_204' title='bbox 2980 1846 3009 1899; x_wconf 91' lang='lat'><strong>6</strong></span> <span class='ocrx_word' id='word_1_205' title='bbox 3029 1843 3159 1909; x_wconf 81' lang='grc' dir='ltr'><strong>Υίδς</strong></span> <span class='ocrx_word' id='word_1_206' title='bbox 3191 1841 3292 1897; x_wconf 85' lang='grc' dir='ltr'><strong>οὐκ</strong></span> <span class='ocrx_word' id='word_1_207' title='bbox 3316 1840 3469 1895; x_wconf 77' lang='grc' dir='ltr'><strong>ῑσται</strong></span> <span class='ocrx_word' id='word_1_208' title='bbox 3502 1836 3583 1909; x_wconf 81' lang='grc' dir='ltr'><strong>τῷ</strong></span> <span class='ocrx_word' id='word_1_209' title='bbox 3620 1836 3744 1890; x_wconf 79' lang='lat' dir='ltr'><strong>Ila-</strong></span> 
     </span>
    </p>
   </div>
   <div class='ocr_carea' id='block_1_34' title="bbox 492 1934 2058 2019">
    <p class='ocr_par' dir='ltr' id='par_1_34' title="bbox 492 1934 2058 2019">
     <span class='ocr_line' id='line_1_34' title="bbox 492 1934 2058 2019; baseline 0.009 -25"><span class='ocrx_word' id='word_1_210' title='bbox 492 1940 688 1995; x_wconf 82' lang='lat' dir='ltr'><strong>similis</strong></span> <span class='ocrx_word' id='word_1_211' title='bbox 714 1934 821 2012; x_wconf 78' lang='grc'><strong>77</strong></span> <span class='ocrx_word' id='word_1_212' title='bbox 854 1936 1000 1997; x_wconf 86' lang='lat' dir='ltr'><strong>Patri</strong></span> <span class='ocrx_word' id='word_1_213' title='bbox 1024 1948 1199 2016; x_wconf 89' lang='lat' dir='ltr'><strong>neque</strong></span> <span class='ocrx_word' id='word_1_214' title='bbox 1224 1945 1716 2017; x_wconf 74' lang='lat' dir='ltr'><strong>consubstantiaiis,</strong></span> <span class='ocrx_word' id='word_1_215' title='bbox 1744 1950 1871 2019; x_wconf 91' lang='lat' dir='ltr'><strong>quia</strong></span> <span class='ocrx_word' id='word_1_216' title='bbox 1899 1946 2058 2009; x_wconf 87' lang='lat' dir='ltr'><strong>Pater</strong></span> 
     </span>
    </p>
   </div>
   <div class='ocr_carea' id='block_1_35' title="bbox 495 2027 2059 2111">
    <p class='ocr_par' dir='ltr' id='par_1_35' title="bbox 495 2027 2059 2111">
     <span class='ocr_line' id='line_1_35' title="bbox 495 2027 2059 2111; baseline 0.012 -32"><span class='ocrx_word' id='word_1_217' title='bbox 495 2040 561 2079; x_wconf 79' lang='lat' dir='ltr'><strong>ex</strong></span> <span class='ocrx_word' id='word_1_218' title='bbox 605 2027 745 2082; x_wconf 87' lang='lat' dir='ltr'><strong>nulla</strong></span> <span class='ocrx_word' id='word_1_219' title='bbox 795 2038 958 2087; x_wconf 81' lang='lat' dir='ltr'><strong>causa</strong></span> <span class='ocrx_word' id='word_1_220' title='bbox 990 2031 1106 2087; x_wconf 81' lang='lat' dir='ltr'><strong>sive</strong></span> <span class='ocrx_word' id='word_1_221' title='bbox 1150 2030 1418 2105; x_wconf 89' lang='lat' dir='ltr'><strong>principio</strong></span> <span class='ocrx_word' id='word_1_222' title='bbox 1458 2045 1559 2111; x_wconf 80' lang='lat' dir='ltr'><strong>est,</strong></span> <span class='ocrx_word' id='word_1_223' title='bbox 1591 2033 1761 2094; x_wconf 81' lang='lat' dir='ltr'><strong>Filius</strong></span> <span class='ocrx_word' id='word_1_224' title='bbox 1784 2054 1911 2096; x_wconf 75' lang='lat' dir='ltr'><strong>vero</strong></span> <span class='ocrx_word' id='word_1_225' title='bbox 1949 2039 2059 2096; x_wconf 87' lang='lat' dir='ltr'><strong>Pa-</strong></span> 
     </span>
    </p>
   </div>
   <div class='ocr_carea' id='block_1_36' title="bbox 498 2116 2057 2200">
    <p class='ocr_par' dir='ltr' id='par_1_36' title="bbox 498 2116 2057 2200">
     <span class='ocr_line' id='line_1_36' title="bbox 498 2116 2057 2200; baseline 0.013 -32"><span class='ocrx_word' id='word_1_226' title='bbox 498 2123 633 2171; x_wconf 90' lang='lat' dir='ltr'><strong>trem</strong></span> <span class='ocrx_word' id='word_1_227' title='bbox 678 2116 1000 2195; x_wconf 84' lang='lat' dir='ltr'><strong>principium</strong></span> <span class='ocrx_word' id='word_1_228' title='bbox 1049 2120 1235 2189; x_wconf 85' lang='lat' dir='ltr'><strong>habet,</strong></span> <span class='ocrx_word' id='word_1_229' title='bbox 1270 2125 1397 2194; x_wconf 91' lang='lat' dir='ltr'><strong>quid</strong></span> <span class='ocrx_word' id='word_1_230' title='bbox 1459 2127 1727 2184; x_wconf 83' lang='lat' dir='ltr'><strong>obstiterit</strong></span> <span class='ocrx_word' id='word_1_231' title='bbox 1772 2132 2057 2200; x_wconf 83' lang='lat' dir='ltr'><strong>quominus</strong></span> 
     </span>
    </p>
   </div>
   <div class='ocr_carea' id='block_1_37' title="bbox 494 2205 2056 2283">
    <p class='ocr_par' dir='ltr' id='par_1_37' title="bbox 494 2205 2056 2283">
     <span class='ocr_line' id='line_1_37' title="bbox 494 2205 2056 2283; baseline 0.012 -23"><span class='ocrx_word' id='word_1_232' title='bbox 494 2205 737 2262; x_wconf 86' lang='lat' dir='ltr'><strong>dicamus</strong></span> <span class='ocrx_word' id='word_1_233' title='bbox 760 2205 893 2265; x_wconf 81' lang='lat' dir='ltr'><strong>Cain</strong></span> <span class='ocrx_word' id='word_1_234' title='bbox 924 2211 1087 2267; x_wconf 88' lang='lat' dir='ltr'><strong>etiam</strong></span> <span class='ocrx_word' id='word_1_235' title='bbox 1112 2215 1252 2283; x_wconf 86' lang='lat' dir='ltr'><strong>patri</strong></span> <span class='ocrx_word' id='word_1_236' title='bbox 1281 2229 1381 2271; x_wconf 91' lang='lat' dir='ltr'><strong>suo</strong></span> <span class='ocrx_word' id='word_1_237' title='bbox 1406 2218 1919 2278; x_wconf 81' lang='lat' dir='ltr'><strong>consubstantialem</strong></span> <span class='ocrx_word' id='word_1_238' title='bbox 1950 2239 2056 2279; x_wconf 88' lang='lat' dir='ltr'><strong>non</strong></span> 
     </span>
    </p>
   </div>
   <div class='ocr_carea' id='block_1_38' title="bbox 497 2294 2055 2380">
    <p class='ocr_par' dir='ltr' id='par_1_38' title="bbox 497 2294 2055 2380">
     <span class='ocr_line' id='line_1_38' title="bbox 497 2294 2055 2380; baseline 0.014 -33"><span class='ocrx_word' id='word_1_239' title='bbox 497 2294 699 2350; x_wconf 70' lang='lat' dir='ltr'><strong>fuisse!</strong></span> <span class='ocrx_word' id='word_1_240' title='bbox 730 2296 785 2352; x_wconf 85' lang='lat' dir='ltr'><strong>Si</strong></span> <span class='ocrx_word' id='word_1_241' title='bbox 820 2298 1039 2369; x_wconf 81' lang='lat' dir='ltr'><strong>quidem</strong></span> <span class='ocrx_word' id='word_1_242' title='bbox 1074 2301 1246 2358; x_wconf 83' lang='lat' dir='ltr'><strong>Adam</strong></span> <span class='ocrx_word' id='word_1_243' title='bbox 1279 2318 1309 2359; x_wconf 89' lang='lat' dir='ltr'><strong>a</strong></span> <span class='ocrx_word' id='word_1_244' title='bbox 1348 2308 1565 2364; x_wconf 86' lang='lat' dir='ltr'><strong>nemine</strong></span> <span class='ocrx_word' id='word_1_245' title='bbox 1592 2321 1885 2380; x_wconf 86' lang='lat' dir='ltr'><strong>generatus</strong></span> <span class='ocrx_word' id='word_1_246' title='bbox 1911 2313 2055 2369; x_wconf 80' lang='lat' dir='ltr'><strong>fuit:</strong></span> 
     </span>
    </p>
   </div>
   <div class='ocr_carea' id='block_1_39' title="bbox 496 2385 2054 2470">
    <p class='ocr_par' dir='ltr' id='par_1_39' title="bbox 496 2385 2054 2470">
     <span class='ocr_line' id='line_1_39' title="bbox 496 2385 2054 2470; baseline 0.015 -34"><span class='ocrx_word' id='word_1_247' title='bbox 496 2386 705 2452; x_wconf 82' lang='lat' dir='ltr'><strong>primus</strong></span> <span class='ocrx_word' id='word_1_248' title='bbox 731 2385 877 2441; x_wconf 67' lang='lat' dir='ltr'><strong>enim</strong></span> <span class='ocrx_word' id='word_1_249' title='bbox 926 2388 1203 2447; x_wconf 81' lang='lat' dir='ltr'><strong>hominum</strong></span> <span class='ocrx_word' id='word_1_250' title='bbox 1235 2391 1358 2448; x_wconf 74' lang='lat' dir='ltr'><strong>fuit.</strong></span> <span class='ocrx_word' id='word_1_251' title='bbox 1393 2396 1524 2452; x_wconf 87' lang='lat' dir='ltr'><strong>Cain</strong></span> <span class='ocrx_word' id='word_1_252' title='bbox 1570 2413 1698 2455; x_wconf 80' lang='lat' dir='ltr'><strong>vero</strong></span> <span class='ocrx_word' id='word_1_253' title='bbox 1730 2399 1905 2470; x_wconf 78' lang='lat' dir='ltr'><strong>ipsum</strong></span> <span class='ocrx_word' id='word_1_254' title='bbox 1952 2418 2054 2459; x_wconf 80' lang='lat' dir='ltr'><strong>au-</strong></span> 
     </span>
    </p>
   </div>
   <div class='ocr_carea' id='block_1_40' title="bbox 496 2477 2060 2562">
    <p class='ocr_par' dir='ltr' id='par_1_40' title="bbox 496 2477 2060 2562">
     <span class='ocr_line' id='line_1_40' title="bbox 496 2477 2060 2562; baseline 0.015 -37"><span class='ocrx_word' id='word_1_255' title='bbox 496 2485 699 2528; x_wconf 87' lang='lat' dir='ltr'><strong>ctorem</strong></span> <span class='ocrx_word' id='word_1_256' title='bbox 731 2484 787 2531; x_wconf 86' lang='lat' dir='ltr'><strong>et</strong></span> <span class='ocrx_word' id='word_1_257' title='bbox 818 2477 1143 2550; x_wconf 87' lang='lat' dir='ltr'><strong>principium</strong></span> <span class='ocrx_word' id='word_1_258' title='bbox 1185 2480 1392 2551; x_wconf 80' lang='lat' dir='ltr'><strong>habuit,</strong></span> <span class='ocrx_word' id='word_1_259' title='bbox 1435 2501 1559 2542; x_wconf 90' lang='lat' dir='ltr'><strong>nam</strong></span> <span class='ocrx_word' id='word_1_260' title='bbox 1588 2502 1657 2544; x_wconf 76' lang='lat' dir='ltr'><strong>ex</strong></span> <span class='ocrx_word' id='word_1_261' title='bbox 1704 2491 1821 2559; x_wconf 87' lang='lat' dir='ltr'><strong>ipso</strong></span> <span class='ocrx_word' id='word_1_262' title='bbox 1847 2496 2060 2562; x_wconf 87' lang='lat' dir='ltr'><strong>genitus</strong></span> 
     </span>
    </p>
   </div>
   <div class='ocr_carea' id='block_1_41' title="bbox 495 2562 2059 2645">
    <p class='ocr_par' dir='ltr' id='par_1_41' title="bbox 495 2562 2059 2645">
     <span class='ocr_line' id='line_1_41' title="bbox 495 2562 2059 2645; baseline 0.013 -28"><span class='ocrx_word' id='word_1_263' title='bbox 495 2572 598 2617; x_wconf 84' lang='lat' dir='ltr'><strong>est.</strong></span> <span class='ocrx_word' id='word_1_264' title='bbox 637 2562 793 2634; x_wconf 79' lang='lat' dir='ltr'><strong>Atqui</strong></span> <span class='ocrx_word' id='word_1_265' title='bbox 832 2566 877 2621; x_wconf 93' lang='lat' dir='ltr'><strong>si</strong></span> <span class='ocrx_word' id='word_1_266' title='bbox 910 2567 1014 2623; x_wconf 89' lang='lat' dir='ltr'><strong>hoc</strong></span> <span class='ocrx_word' id='word_1_267' title='bbox 1040 2569 1234 2626; x_wconf 78' lang='lat' dir='ltr'><strong>falsum</strong></span> <span class='ocrx_word' id='word_1_268' title='bbox 1276 2583 1357 2630; x_wconf 89' lang='lat' dir='ltr'><strong>est</strong></span> <span class='ocrx_word' id='word_1_269' title='bbox 1389 2576 1887 2645; x_wconf 85' lang='lat' dir='ltr'><strong>(consubstantiaiis</strong></span> <span class='ocrx_word' id='word_1_270' title='bbox 1916 2584 2059 2638; x_wconf 82' lang='lat' dir='ltr'><strong>enim</strong></span> 
     </span>
    </p>
   </div>
   <div class='ocr_carea' id='block_1_42' title="bbox 495 2650 2062 2730">
    <p class='ocr_par' dir='ltr' id='par_1_42' title="bbox 495 2650 2062 2730">
     <span class='ocr_line' id='line_1_42' title="bbox 495 2650 2062 2730; baseline 0.015 -25"><span class='ocrx_word' id='word_1_271' title='bbox 495 2653 703 2708; x_wconf 78' lang='lat' dir='ltr'><strong>Adamo</strong></span> <span class='ocrx_word' id='word_1_272' title='bbox 727 2664 811 2711; x_wconf 88' lang='lat' dir='ltr'><strong>est</strong></span> <span class='ocrx_word' id='word_1_273' title='bbox 842 2656 1017 2728; x_wconf 79' lang='lat' dir='ltr'><strong>Cain),</strong></span> <span class='ocrx_word' id='word_1_274' title='bbox 1054 2662 1157 2716; x_wconf 87' lang='lat' dir='ltr'><strong>erit</strong></span> <span class='ocrx_word' id='word_1_275' title='bbox 1183 2650 1427 2730; x_wconf 78' lang='lat' dir='ltr'><strong>profecto</strong></span> <span class='ocrx_word' id='word_1_276' title='bbox 1462 2667 1935 2727; x_wconf 87' lang='lat' dir='ltr'><strong>oonsubstantialis</strong></span> <span class='ocrx_word' id='word_1_277' title='bbox 1958 2670 2062 2729; x_wconf 85' lang='lat' dir='ltr'><strong>Pa-</strong></span> 
     </span>
    </p>
   </div>
   <div class='ocr_carea' id='block_1_43' title="bbox 495 2741 2057 2827">
    <p class='ocr_par' dir='ltr' id='par_1_43' title="bbox 495 2741 2057 2827">
     <span class='ocr_line' id='line_1_43' title="bbox 495 2741 2057 2827; baseline 0.017 -33"><span class='ocrx_word' id='word_1_278' title='bbox 495 2742 562 2794; x_wconf 89' lang='lat' dir='ltr'><strong>tri</strong></span> <span class='ocrx_word' id='word_1_279' title='bbox 602 2741 788 2809; x_wconf 81' lang='lat' dir='ltr'><strong>Filius,</strong></span> <span class='ocrx_word' id='word_1_280' title='bbox 820 2748 1033 2802; x_wconf 86' lang='lat' dir='ltr'><strong>tametsi</strong></span> <span class='ocrx_word' id='word_1_281' title='bbox 1067 2749 1216 2805; x_wconf 91' lang='lat' dir='ltr'><strong>illum</strong></span> <span class='ocrx_word' id='word_1_282' title='bbox 1253 2766 1474 2809; x_wconf 88' lang='lat' dir='ltr'><strong>causam</strong></span> <span class='ocrx_word' id='word_1_283' title='bbox 1514 2758 1808 2815; x_wconf 81' lang='lat' dir='ltr'><strong>exsistendi</strong></span> <span class='ocrx_word' id='word_1_284' title='bbox 1840 2762 2057 2827; x_wconf 82' lang='lat' dir='ltr'><strong>habeat,</strong></span> 
     </span>
    </p>
   </div>
   <div class='ocr_carea' id='block_1_44' title="bbox 503 2835 2067 2917">
    <p class='ocr_par' dir='ltr' id='par_1_44' title="bbox 503 2835 2067 2917">
     <span class='ocr_line' id='line_1_44' title="bbox 503 2835 2067 2917; baseline 0.015 -32"><span class='ocrx_word' id='word_1_285' title='bbox 503 2835 799 2903; x_wconf 77' lang='lat' dir='ltr'><strong>procedens</strong></span> <span class='ocrx_word' id='word_1_286' title='bbox 830 2850 897 2891; x_wconf 81' lang='lat' dir='ltr'><strong>ex</strong></span> <span class='ocrx_word' id='word_1_287' title='bbox 942 2837 1059 2908; x_wconf 90' lang='lat' dir='ltr'><strong>ipso</strong></span> <span class='ocrx_word' id='word_1_288' title='bbox 1105 2841 1311 2913; x_wconf 87' lang='lat' dir='ltr'><strong>absque</strong></span> <span class='ocrx_word' id='word_1_289' title='bbox 1338 2852 1602 2917; x_wconf 89' lang='lat' dir='ltr'><strong>tempore,</strong></span> <span class='ocrx_word' id='word_1_290' title='bbox 1657 2857 1712 2905; x_wconf 92' lang='lat' dir='ltr'><strong>et</strong></span> <span class='ocrx_word' id='word_1_291' title='bbox 1750 2850 1818 2904; x_wconf 90' lang='lat' dir='ltr'><strong>ab</strong></span> <span class='ocrx_word' id='word_1_292' title='bbox 1858 2858 2067 2908; x_wconf 71' lang='lat' dir='ltr'><strong>aeterno</strong></span> 
     </span>
    </p>
   </div>
   <div class='ocr_carea' id='block_1_45' title="bbox 493 2924 1074 2995">
    <p class='ocr_par' dir='ltr' id='par_1_45' title="bbox 493 2924 1074 2995">
     <span class='ocr_line' id='line_1_45' title="bbox 493 2924 1074 2995; baseline 0.005 -15"><span class='ocrx_word' id='word_1_293' title='bbox 493 2936 617 2980; x_wconf 85' lang='lat' dir='ltr'><strong>cum</strong></span> <span class='ocrx_word' id='word_1_294' title='bbox 650 2924 764 2995; x_wconf 86' lang='lat' dir='ltr'><strong>ipso</strong></span> <span class='ocrx_word' id='word_1_295' title='bbox 784 2926 1074 2985; x_wconf 77' lang='lat' dir='ltr'><strong>exsisteus.</strong></span> 
     </span>
    </p>
   </div>
   <div class='ocr_carea' id='block_1_46' title="bbox 1164 3038 1392 3103">
    <p class='ocr_par' dir='ltr' id='par_1_46' title="bbox 1164 3038 1392 3103">
     <span class='ocr_line' id='line_1_46' title="bbox 1164 3038 1392 3103; baseline 0.018 -6"><span class='ocrx_word' id='word_1_296' title='bbox 1164 3038 1392 3103; x_wconf 80' lang='lat' dir='ltr'><strong>ALIUD.</strong></span> 
     </span>
    </p>
   </div>
   <div class='ocr_carea' id='block_1_47' title="bbox 919 3154 1623 3228">
    <p class='ocr_par' dir='ltr' id='par_1_47' title="bbox 919 3154 1623 3228">
     <span class='ocr_line' id='line_1_47' title="bbox 919 3154 1623 3228; baseline 0.003 -13"><span class='ocrx_word' id='word_1_297' title='bbox 919 3154 1009 3215; x_wconf 74' lang='lat' dir='ltr'><strong>Ea:</strong></span> <span class='ocrx_word' id='word_1_298' title='bbox 1035 3158 1326 3228; x_wconf 75' lang='lat' dir='ltr'><strong>objections</strong></span> <span class='ocrx_word' id='word_1_299' title='bbox 1352 3158 1623 3217; x_wconf 70' lang='lat' dir='ltr'><strong>Brittaniis.</strong></span> 
     </span>
    </p>
   </div>
   <div class='ocr_carea' id='block_1_48' title="bbox 566 3262 2059 3344">
    <p class='ocr_par' dir='ltr' id='par_1_48' title="bbox 566 3262 2059 3344">
     <span class='ocr_line' id='line_1_48' title="bbox 566 3262 2059 3344; baseline 0.007 -23"><span class='ocrx_word' id='word_1_300' title='bbox 566 3262 831 3323; x_wconf 71' lang='lat' dir='ltr'><strong>Cmterum</strong></span> <span class='ocrx_word' id='word_1_301' title='bbox 853 3268 1144 3337; x_wconf 88' lang='lat' dir='ltr'><strong>quomodo,</strong></span> <span class='ocrx_word' id='word_1_302' title='bbox 1169 3269 1366 3340; x_wconf 90' lang='lat' dir='ltr'><strong>inquit,</strong></span> <span class='ocrx_word' id='word_1_303' title='bbox 1396 3269 1691 3340; x_wconf 88' lang='lat' dir='ltr'><strong>ingenitum</strong></span> <span class='ocrx_word' id='word_1_304' title='bbox 1718 3273 1900 3344; x_wconf 86' lang='lat' dir='ltr'><strong>genito</strong></span> <span class='ocrx_word' id='word_1_305' title='bbox 1926 3290 2059 3331; x_wconf 87' lang='lat' dir='ltr'><strong>con-</strong></span> 
     </span>
    </p>
   </div>
   <div class='ocr_carea' id='block_1_49' title="bbox 494 3353 2059 3423">
    <p class='ocr_par' dir='ltr' id='par_1_49' title="bbox 494 3353 2059 3423">
     <span class='ocr_line' id='line_1_49' title="bbox 494 3353 2059 3423; baseline 0.01 -16"><span class='ocrx_word' id='word_1_306' title='bbox 494 3353 843 3413; x_wconf 82' lang='lat' dir='ltr'><strong>substantiale</strong></span> <span class='ocrx_word' id='word_1_307' title='bbox 878 3357 1016 3413; x_wconf 76' lang='lat' dir='ltr'><strong>erit?</strong></span> <span class='ocrx_word' id='word_1_308' title='bbox 1061 3356 1282 3413; x_wconf 74' lang='lat' dir='ltr'><strong>lultum</strong></span> <span class='ocrx_word' id='word_1_309' title='bbox 1314 3360 1456 3415; x_wconf 86' lang='lat' dir='ltr'><strong>enim</strong></span> <span class='ocrx_word' id='word_1_310' title='bbox 1496 3361 1636 3418; x_wconf 89' lang='lat' dir='ltr'><strong>inter</strong></span> <span class='ocrx_word' id='word_1_311' title='bbox 1680 3377 1745 3419; x_wconf 92' lang='lat' dir='ltr'><strong>ea</strong></span> <span class='ocrx_word' id='word_1_312' title='bbox 1777 3371 1861 3420; x_wconf 86' lang='lat' dir='ltr'><strong>est</strong></span> <span class='ocrx_word' id='word_1_313' title='bbox 1907 3364 2059 3423; x_wconf 65' lang='grc' dir='ltr'>αισα-</span> 
     </span>
    </p>
   </div>
   <div class='ocr_carea' id='block_1_50' title="bbox 496 3448 702 3501">
    <p class='ocr_par' dir='ltr' id='par_1_50' title="bbox 496 3448 702 3501">
     <span class='ocr_line' id='line_1_50' title="bbox 496 3448 702 3501; baseline 0.005 -1"><span class='ocrx_word' id='word_1_314' title='bbox 496 3448 702 3501; x_wconf 66' lang='lat' dir='ltr'><strong>renum.</strong></span> 
     </span>
    </p>
   </div>
   <div class='ocr_carea' id='block_1_51' title="bbox 988 3557 1551 3635">
    <p class='ocr_par' dir='ltr' id='par_1_51' title="bbox 988 3557 1551 3635">
     <span class='ocr_line' id='line_1_51' title="bbox 988 3557 1551 3635; baseline 0.005 -18"><span class='ocrx_word' id='word_1_315' title='bbox 988 3557 1195 3618; x_wconf 73' lang='lat' dir='ltr'><strong>Salutio</strong></span> <span class='ocrx_word' id='word_1_316' title='bbox 1224 3564 1551 3635; x_wconf 72' lang='lat' dir='ltr'><strong>objectionis.</strong></span> 
     </span>
    </p>
   </div>
   <div class='ocr_carea' id='block_1_52' title="bbox 562 3670 2059 3747">
    <p class='ocr_par' dir='ltr' id='par_1_52' title="bbox 562 3670 2059 3747">
     <span class='ocr_line' id='line_1_52' title="bbox 562 3670 2059 3747; baseline 0.007 -20"><span class='ocrx_word' id='word_1_317' title='bbox 562 3670 744 3728; x_wconf 83' lang='lat' dir='ltr'><strong>Ardua</strong></span> <span class='ocrx_word' id='word_1_318' title='bbox 771 3674 989 3743; x_wconf 63' lang='lat' dir='ltr'><strong>scilicet</strong></span> <span class='ocrx_word' id='word_1_319' title='bbox 1022 3675 1255 3732; x_wconf 91' lang='lat' dir='ltr'><strong>hostium</strong></span> <span class='ocrx_word' id='word_1_320' title='bbox 1283 3675 1485 3733; x_wconf 85' lang='lat' dir='ltr'><strong>Christi</strong></span> <span class='ocrx_word' id='word_1_321' title='bbox 1529 3676 1765 3747; x_wconf 73' lang='lat' dir='ltr'><strong>obiectio</strong></span> <span class='ocrx_word' id='word_1_322' title='bbox 1796 3694 1901 3735; x_wconf 90' lang='lat' dir='ltr'><strong>non</strong></span> <span class='ocrx_word' id='word_1_323' title='bbox 1945 3680 2059 3737; x_wconf 81' lang='lat' dir='ltr'><strong>etil-</strong></span> 
     </span>
    </p>
   </div>
   <div class='ocr_carea' id='block_1_53' title="bbox 494 3763 2059 3839">
    <p class='ocr_par' dir='ltr' id='par_1_53' title="bbox 494 3763 2059 3839">
     <span class='ocr_line' id='line_1_53' title="bbox 494 3763 2059 3839; baseline 0.006 -22"><span class='ocrx_word' id='word_1_324' title='bbox 494 3764 601 3818; x_wconf 79' lang='lat' dir='ltr'><strong>ciet</strong></span> <span class='ocrx_word' id='word_1_325' title='bbox 641 3774 693 3817; x_wconf 89' lang='lat' dir='ltr'><strong>ut</strong></span> <span class='ocrx_word' id='word_1_326' title='bbox 726 3763 895 3820; x_wconf 78' lang='lat' dir='ltr'><strong>Filius</strong></span> <span class='ocrx_word' id='word_1_327' title='bbox 926 3781 1034 3823; x_wconf 91' lang='lat' dir='ltr'><strong>non</strong></span> <span class='ocrx_word' id='word_1_328' title='bbox 1077 3767 1150 3823; x_wconf 88' lang='lat' dir='ltr'><strong>sit</strong></span> <span class='ocrx_word' id='word_1_329' title='bbox 1198 3766 1677 3826; x_wconf 88' lang='lat' dir='ltr'><strong>consubstantialis</strong></span> <span class='ocrx_word' id='word_1_330' title='bbox 1720 3769 1891 3839; x_wconf 87' lang='lat' dir='ltr'><strong>Patri,</strong></span> <span class='ocrx_word' id='word_1_331' title='bbox 1937 3775 2059 3829; x_wconf 88' lang='lat' dir='ltr'><strong>ideo</strong></span> 
     </span>
    </p>
   </div>
   <div class='ocr_carea' id='block_1_54' title="bbox 492 3855 2058 3932">
    <p class='ocr_par' dir='ltr' id='par_1_54' title="bbox 492 3855 2058 3932">
     <span class='ocr_line' id='line_1_54' title="bbox 492 3855 2058 3932; baseline 0.009 -25"><span class='ocrx_word' id='word_1_332' title='bbox 492 3855 617 3923; x_wconf 82' lang='lat' dir='ltr'><strong>quia</strong></span> <span class='ocrx_word' id='word_1_333' title='bbox 669 3855 828 3911; x_wconf 90' lang='lat' dir='ltr'><strong>Pater</strong></span> <span class='ocrx_word' id='word_1_334' title='bbox 875 3855 1149 3927; x_wconf 81' lang='lat' dir='ltr'><strong>ingenitus</strong></span> <span class='ocrx_word' id='word_1_335' title='bbox 1195 3866 1300 3923; x_wconf 86' lang='lat' dir='ltr'><strong>est,</strong></span> <span class='ocrx_word' id='word_1_336' title='bbox 1335 3856 1507 3919; x_wconf 82' lang='lat' dir='ltr'><strong>Filius</strong></span> <span class='ocrx_word' id='word_1_337' title='bbox 1548 3875 1678 3917; x_wconf 74' lang='lat' dir='ltr'><strong>vero</strong></span> <span class='ocrx_word' id='word_1_338' title='bbox 1717 3863 1950 3932; x_wconf 83' lang='lat' dir='ltr'><strong>genitus.</strong></span> <span class='ocrx_word' id='word_1_339' title='bbox 2000 3865 2058 3921; x_wconf 91' lang='lat' dir='ltr'><strong>Si</strong></span> 
     </span>
    </p>
   </div>
   <div class='ocr_carea' id='block_1_55' title="bbox 496 3944 2058 4017">
    <p class='ocr_par' dir='ltr' id='par_1_55' title="bbox 496 3944 2058 4017">
     <span class='ocr_line' id='line_1_55' title="bbox 496 3944 2058 4017; baseline 0.01 -20"><span class='ocrx_word' id='word_1_340' title='bbox 496 3946 641 3999; x_wconf 81' lang='lat' dir='ltr'><strong>enim</strong></span> <span class='ocrx_word' id='word_1_341' title='bbox 664 3944 881 4003; x_wconf 80' lang='lat' dir='ltr'><strong>diﬂ‘erre</strong></span> <span class='ocrx_word' id='word_1_342' title='bbox 911 3948 965 4002; x_wconf 90' lang='lat' dir='ltr'><strong>iu</strong></span> <span class='ocrx_word' id='word_1_343' title='bbox 997 3946 1177 4017; x_wconf 84' lang='lat' dir='ltr'><strong>aliquo</strong></span> <span class='ocrx_word' id='word_1_344' title='bbox 1204 3946 1335 4004; x_wconf 74' lang='lat' dir='ltr'><strong>facit</strong></span> <span class='ocrx_word' id='word_1_345' title='bbox 1369 3959 1427 4004; x_wconf 93' lang='lat' dir='ltr'><strong>ut</strong></span> <span class='ocrx_word' id='word_1_346' title='bbox 1453 3950 1663 4007; x_wconf 82' lang='lat' dir='ltr'><strong>diversa</strong></span> <span class='ocrx_word' id='word_1_347' title='bbox 1700 3954 1773 4007; x_wconf 90' lang='lat' dir='ltr'><strong>sit</strong></span> <span class='ocrx_word' id='word_1_348' title='bbox 1805 3954 1857 4009; x_wconf 91' lang='lat' dir='ltr'><strong>in</strong></span> <span class='ocrx_word' id='word_1_349' title='bbox 1896 3957 2058 4012; x_wconf 85' lang='lat' dir='ltr'><strong>rebus</strong></span> 
     </span>
    </p>
   </div>
   <div class='ocr_carea' id='block_1_56' title="bbox 498 4039 2057 4107">
    <p class='ocr_par' dir='ltr' id='par_1_56' title="bbox 498 4039 2057 4107">
     <span class='ocr_line' id='line_1_56' title="bbox 498 4039 2057 4107; baseline 0.009 -20"><span class='ocrx_word' id='word_1_350' title='bbox 498 4043 715 4099; x_wconf 85' lang='lat' dir='ltr'><strong>natura,</strong></span> <span class='ocrx_word' id='word_1_351' title='bbox 742 4043 795 4091; x_wconf 84' lang='lat' dir='ltr'><strong>et</strong></span> <span class='ocrx_word' id='word_1_352' title='bbox 817 4051 1011 4107; x_wconf 87' lang='lat' dir='ltr'><strong>genera</strong></span> <span class='ocrx_word' id='word_1_353' title='bbox 1042 4053 1073 4093; x_wconf 92' lang='lat' dir='ltr'><strong>a</strong></span> <span class='ocrx_word' id='word_1_354' title='bbox 1103 4048 1287 4094; x_wconf 87' lang='lat' dir='ltr'><strong>mutua</strong></span> <span class='ocrx_word' id='word_1_355' title='bbox 1320 4039 1459 4105; x_wconf 85' lang='lat' dir='ltr'><strong>inter</strong></span> <span class='ocrx_word' id='word_1_356' title='bbox 1479 4054 1538 4096; x_wconf 85' lang='lat' dir='ltr'><strong>se</strong></span> <span class='ocrx_word' id='word_1_357' title='bbox 1562 4043 1933 4100; x_wconf 85' lang='lat' dir='ltr'><strong>convenientia</strong></span> <span class='ocrx_word' id='word_1_358' title='bbox 1961 4060 2057 4100; x_wconf 82' lang='lat' dir='ltr'><strong>ua-</strong></span> 
     </span>
    </p>
   </div>
   <div class='ocr_carea' id='block_1_57' title="bbox 497 4125 2052 4204">
    <p class='ocr_par' dir='ltr' id='par_1_57' title="bbox 497 4125 2052 4204">
     <span class='ocr_line' id='line_1_57' title="bbox 497 4125 2052 4204; baseline 0.007 -27"><span class='ocrx_word' id='word_1_359' title='bbox 497 4125 762 4195; x_wconf 88' lang='lat' dir='ltr'><strong>turalique</strong></span> <span class='ocrx_word' id='word_1_360' title='bbox 807 4127 1161 4184; x_wconf 86' lang='lat' dir='ltr'><strong>similitudine</strong></span> <span class='ocrx_word' id='word_1_361' title='bbox 1213 4140 1461 4199; x_wconf 88' lang='lat' dir='ltr'><strong>separat,</strong></span> <span class='ocrx_word' id='word_1_362' title='bbox 1502 4133 1838 4204; x_wconf 84' lang='lat' dir='ltr'><strong>distinguant</strong></span> <span class='ocrx_word' id='word_1_363' title='bbox 1888 4136 2052 4189; x_wconf 83' lang='lat' dir='ltr'><strong>etiam</strong></span> 
     </span>
    </p>
   </div>
   <div class='ocr_carea' id='block_1_58' title="bbox 493 4212 2055 4293">
    <p class='ocr_par' dir='ltr' id='par_1_58' title="bbox 493 4212 2055 4293">
     <span class='ocr_line' id='line_1_58' title="bbox 493 4212 2055 4293; baseline 0.006 -25"><span class='ocrx_word' id='word_1_364' title='bbox 493 4213 714 4268; x_wconf 84' lang='lat' dir='ltr'><strong>Paulum</strong></span> <span class='ocrx_word' id='word_1_365' title='bbox 746 4229 775 4268; x_wconf 93' lang='lat' dir='ltr'><strong>a</strong></span> <span class='ocrx_word' id='word_1_366' title='bbox 807 4212 965 4273; x_wconf 84' lang='lat' dir='ltr'><strong>Petro</strong></span> <span class='ocrx_word' id='word_1_367' title='bbox 994 4217 1202 4273; x_wconf 87' lang='lat' dir='ltr'><strong>ratione</strong></span> <span class='ocrx_word' id='word_1_368' title='bbox 1245 4217 1521 4289; x_wconf 65' lang='lat' dir='ltr'><strong>essentia,</strong></span> <span class='ocrx_word' id='word_1_369' title='bbox 1577 4222 1844 4292; x_wconf 88' lang='lat' dir='ltr'><strong>siquidem</strong></span> <span class='ocrx_word' id='word_1_370' title='bbox 1884 4227 2055 4293; x_wconf 90' lang='lat' dir='ltr'><strong>parti-</strong></span> 
     </span>
    </p>
   </div>
   <div class='ocr_carea' id='block_1_59' title="bbox 494 4303 2059 4375">
    <p class='ocr_par' dir='ltr' id='par_1_59' title="bbox 494 4303 2059 4375">
     <span class='ocr_line' id='line_1_59' title="bbox 494 4303 2059 4375; baseline 0.007 -16"><span class='ocrx_word' id='word_1_371' title='bbox 494 4303 731 4359; x_wconf 86' lang='lat' dir='ltr'><strong>cularem</strong></span> <span class='ocrx_word' id='word_1_372' title='bbox 778 4308 1066 4375; x_wconf 85' lang='lat' dir='ltr'><strong>quamdam</strong></span> <span class='ocrx_word' id='word_1_373' title='bbox 1118 4309 1320 4365; x_wconf 85' lang='lat' dir='ltr'><strong>habent</strong></span> <span class='ocrx_word' id='word_1_374' title='bbox 1356 4324 1421 4366; x_wconf 88' lang='lat' dir='ltr'><strong>ac</strong></span> <span class='ocrx_word' id='word_1_375' title='bbox 1469 4313 1631 4366; x_wconf 81' lang='lat' dir='ltr'><strong>veluti</strong></span> <span class='ocrx_word' id='word_1_376' title='bbox 1676 4312 1729 4367; x_wconf 91' lang='lat' dir='ltr'><strong>in</strong></span> <span class='ocrx_word' id='word_1_377' title='bbox 1781 4314 2059 4370; x_wconf 76' lang='lat' dir='ltr'><strong>individuo</strong></span> 
     </span>
    </p>
   </div>
   <div class='ocr_carea' id='block_1_60' title="bbox 495 4393 2060 4473">
    <p class='ocr_par' dir='ltr' id='par_1_60' title="bbox 495 4393 2060 4473">
     <span class='ocr_line' id='line_1_60' title="bbox 495 4393 2060 4473; baseline 0.009 -26"><span class='ocrx_word' id='word_1_378' title='bbox 495 4394 636 4448; x_wconf 84' lang='lat' dir='ltr'><strong>inter</strong></span> <span class='ocrx_word' id='word_1_379' title='bbox 684 4407 743 4449; x_wconf 88' lang='lat' dir='ltr'><strong>se</strong></span> <span class='ocrx_word' id='word_1_380' title='bbox 788 4393 1345 4466; x_wconf 76' lang='lat' dir='ltr'><strong>diﬂerentiam,]uxta</strong></span> <span class='ocrx_word' id='word_1_381' title='bbox 1387 4415 1549 4470; x_wconf 88' lang='lat' dir='ltr'><strong>quam</strong></span> <span class='ocrx_word' id='word_1_382' title='bbox 1597 4402 1684 4458; x_wconf 89' lang='lat' dir='ltr'><strong>hic</strong></span> <span class='ocrx_word' id='word_1_383' title='bbox 1714 4402 1929 4473; x_wconf 90' lang='lat' dir='ltr'><strong>quidem</strong></span> <span class='ocrx_word' id='word_1_384' title='bbox 1974 4414 2060 4461; x_wconf 87' lang='lat' dir='ltr'><strong>est</strong></span> 
     </span>
    </p>
   </div>
   <div class='ocr_carea' id='block_1_61' title="bbox 2155 1926 3738 2013">
    <p class='ocr_par' dir='ltr' id='par_1_61' title="bbox 2155 1926 3738 2013">
     <span class='ocr_line' id='line_1_61' title="bbox 2155 1926 3738 2013; baseline -0.011 -18"><span class='ocrx_word' id='word_1_385' title='bbox 2155 1941 2245 2013; x_wconf 75' lang='grc' dir='ltr'><strong>τρὶ</strong></span> <span class='ocrx_word' id='word_1_386' title='bbox 2276 1938 2611 2011; x_wconf 78' lang='grc' dir='ltr'><strong>προσεοικὼς</strong></span> <span class='ocrx_word' id='word_1_387' title='bbox 2630 1937 2753 1992; x_wconf 61' lang='grc' dir='ltr'><strong>οὐδὲ</strong></span> <span class='ocrx_word' id='word_1_388' title='bbox 2778 1936 3084 2007; x_wconf 80' lang='grc' dir='ltr'><strong>ὁμοούσιος,</strong></span> <span class='ocrx_word' id='word_1_389' title='bbox 3111 1930 3411 2001; x_wconf 71' lang='grc' dir='ltr'><strong>ιπειδήπερ</strong></span> <span class='ocrx_word' id='word_1_390' title='bbox 3431 1928 3460 1981; x_wconf 82' lang='grc'>6</span> <span class='ocrx_word' id='word_1_391' title='bbox 3493 1926 3593 1998; x_wconf 69' lang='grc' dir='ltr'><strong>μιν</strong></span> <span class='ocrx_word' id='word_1_392' title='bbox 3615 1926 3738 1979; x_wconf 86' lang='grc' dir='ltr'><strong>Πα-</strong></span> 
     </span>
    </p>
   </div>
   <div class='ocr_carea' id='block_1_62' title="bbox 2156 2016 3739 2117">
    <p class='ocr_par' dir='ltr' id='par_1_62' title="bbox 2156 2016 3739 2117">
     <span class='ocr_line' id='line_1_62' title="bbox 2156 2016 3739 2117; baseline -0.013 -30"><span class='ocrx_word' id='word_1_393' title='bbox 2156 2034 2261 2103; x_wconf 84' lang='grc' dir='ltr'><strong>τὴρ</strong></span> <span class='ocrx_word' id='word_1_394' title='bbox 2296 2031 2397 2085; x_wconf 86' lang='grc' dir='ltr'><strong>οὐκ</strong></span> <span class='ocrx_word' id='word_1_395' title='bbox 2427 2030 2485 2097; x_wconf 68' lang='grc' dir='ltr'><strong>ἐξ</strong></span> <span class='ocrx_word' id='word_1_396' title='bbox 2513 2030 2687 2084; x_wconf 83' lang='grc' dir='ltr'><strong>αίτίου</strong></span> <span class='ocrx_word' id='word_1_397' title='bbox 2717 2028 2864 2091; x_wconf 85' lang='grc' dir='ltr'><strong>τινός</strong></span> <span class='ocrx_word' id='word_1_398' title='bbox 2883 2028 3050 2089; x_wconf 68' lang='grc' dir='ltr'><strong>ἔστιν,</strong></span> <span class='ocrx_word' id='word_1_399' title='bbox 3079 2026 3107 2078; x_wconf 91' lang='lat'><strong>6</strong></span> <span class='ocrx_word' id='word_1_400' title='bbox 3132 2022 3192 2076; x_wconf 75' lang='grc' dir='ltr'><strong>δὲ</strong></span> <span class='ocrx_word' id='word_1_401' title='bbox 3217 2018 3538 2117; x_wconf 38' lang='grc' dir='ltr'><strong>Υἱὸς-αἴτιον</strong></span> <span class='ocrx_word' id='word_1_402' title='bbox 3570 2016 3739 2117; x_wconf 47' lang='grc' dir='ltr'><strong>αὐτὸν</strong></span> 
     </span>
    </p>
   </div>
   <div class='ocr_carea' id='block_1_63' title="bbox 2158 2107 3738 2193">
    <p class='ocr_par' dir='ltr' id='par_1_63' title="bbox 2158 2107 3738 2193">
     <span class='ocr_line' id='line_1_63' title="bbox 2158 2107 3738 2193; baseline -0.012 -17"><span class='ocrx_word' id='word_1_403' title='bbox 2158 2123 2292 2193; x_wconf 68' lang='grc' dir='ltr'><strong>ἔχει,</strong></span> <span class='ocrx_word' id='word_1_404' title='bbox 2316 2122 2370 2174; x_wconf 92' lang='grc' dir='ltr'><strong>τί</strong></span> <span class='ocrx_word' id='word_1_405' title='bbox 2396 2119 2628 2173; x_wconf 72' lang='grc' dir='ltr'><strong>κωλύσει</strong></span> <span class='ocrx_word' id='word_1_406' title='bbox 2651 2119 2829 2187; x_wconf 77' lang='grc' dir='ltr'><strong>λέγειν</strong></span> <span class='ocrx_word' id='word_1_407' title='bbox 2857 2118 2939 2170; x_wconf 80' lang='grc' dir='ltr'><strong>ὅτι</strong></span> <span class='ocrx_word' id='word_1_408' title='bbox 2970 2116 3063 2169; x_wconf 80' lang='grc' dir='ltr'><strong>καὶ</strong></span> <span class='ocrx_word' id='word_1_409' title='bbox 3086 2114 3115 2165; x_wconf 94' lang='lat'><strong>6</strong></span> <span class='ocrx_word' id='word_1_410' title='bbox 3143 2113 3284 2167; x_wconf 77' lang='grc' dir='ltr'><strong>Κάῖν</strong></span> <span class='ocrx_word' id='word_1_411' title='bbox 3306 2110 3407 2163; x_wconf 84' lang='grc' dir='ltr'><strong>οὐκ</strong></span> <span class='ocrx_word' id='word_1_412' title='bbox 3444 2108 3510 2163; x_wconf 76' lang='grc' dir='ltr'><strong>ἂν</strong></span> <span class='ocrx_word' id='word_1_413' title='bbox 3539 2107 3627 2177; x_wconf 71' lang='grc' dir='ltr'><strong>εἴη</strong></span> <span class='ocrx_word' id='word_1_414' title='bbox 3656 2107 3738 2176; x_wconf 82' lang='grc' dir='ltr'><strong>τῷ</strong></span> 
     </span>
    </p>
   </div>
   <div class='ocr_carea' id='block_1_64' title="bbox 2158 2197 3739 2281">
    <p class='ocr_par' dir='ltr' id='par_1_64' title="bbox 2158 2197 3739 2281">
     <span class='ocr_line' id='line_1_64' title="bbox 2158 2197 3739 2281; baseline -0.012 -16"><span class='ocrx_word' id='word_1_415' title='bbox 2158 2208 2327 2281; x_wconf 71' lang='grc' dir='ltr'><strong>πατρὶ</strong></span> <span class='ocrx_word' id='word_1_416' title='bbox 2362 2208 2674 2280; x_wconf 70' lang='grc' dir='ltr'><strong>ὀμοούσιοςς</strong></span> <span class='ocrx_word' id='word_1_417' title='bbox 2730 2206 3059 2276; x_wconf 79' lang='grc' dir='ltr'><strong>Ἐπειδήπιρ</strong></span> <span class='ocrx_word' id='word_1_418' title='bbox 3101 2205 3131 2257; x_wconf 97' lang='lat'><strong>6</strong></span> <span class='ocrx_word' id='word_1_419' title='bbox 3162 2198 3469 2271; x_wconf 71' lang='grc' dir='ltr'><strong>μὶν-Ἀδὰμ</strong></span> <span class='ocrx_word' id='word_1_420' title='bbox 3497 2198 3589 2249; x_wconf 79' lang='grc' dir='ltr'><strong>ὑπ’</strong></span> <span class='ocrx_word' id='word_1_421' title='bbox 3638 2197 3739 2248; x_wconf 80' lang='grc' dir='ltr'><strong>οὐ·</strong></span> 
     </span>
    </p>
   </div>
   <div class='ocr_carea' id='block_1_65' title="bbox 2156 2286 3733 2371">
    <p class='ocr_par' dir='ltr' id='par_1_65' title="bbox 2156 2286 3733 2371">
     <span class='ocr_line' id='line_1_65' title="bbox 2156 2286 3733 2371; baseline -0.011 -15"><span class='ocrx_word' id='word_1_422' title='bbox 2156 2302 2303 2365; x_wconf 81' lang='grc' dir='ltr'><strong>δενδς</strong></span> <span class='ocrx_word' id='word_1_423' title='bbox 2327 2300 2611 2371; x_wconf 71' lang='grc' dir='ltr'><strong>ἐγεννήθη·</strong></span> <span class='ocrx_word' id='word_1_424' title='bbox 2638 2300 2853 2370; x_wconf 82' lang='grc' dir='ltr'><strong>πρῶτος</strong></span> <span class='ocrx_word' id='word_1_425' title='bbox 2876 2296 2985 2367; x_wconf 94' lang='lat'><strong>7&amp;9</strong></span> <span class='ocrx_word' id='word_1_426' title='bbox 3008 2291 3076 2367; x_wconf 77' lang='grc' dir='ltr'><strong>ἦν</strong></span> <span class='ocrx_word' id='word_1_427' title='bbox 3094 2292 3398 2363; x_wconf 74' lang='grc' dir='ltr'><strong>ἄνθρωπος.</strong></span> <span class='ocrx_word' id='word_1_428' title='bbox 3432 2287 3491 2342; x_wconf 84' lang='lat'><strong>&#39;0</strong></span> <span class='ocrx_word' id='word_1_429' title='bbox 3506 2288 3564 2341; x_wconf 65' lang='grc' dir='ltr'><strong>δὲ</strong></span> <span class='ocrx_word' id='word_1_430' title='bbox 3584 2286 3733 2341; x_wconf 81' lang='grc' dir='ltr'><strong>Κάἴν</strong></span> 
     </span>
    </p>
   </div>
   <div class='ocr_carea' id='block_1_66' title="bbox 2157 2376 3738 2462">
    <p class='ocr_par' dir='ltr' id='par_1_66' title="bbox 2157 2376 3738 2462">
     <span class='ocr_line' id='line_1_66' title="bbox 2157 2376 3738 2462; baseline -0.011 -15"><span class='ocrx_word' id='word_1_431' title='bbox 2157 2392 2330 2447; x_wconf 70' lang='grc' dir='ltr'><strong>αἴτιον</strong></span> <span class='ocrx_word' id='word_1_432' title='bbox 2358 2392 2519 2462; x_wconf 74' lang='grc' dir='ltr'><strong>ἔσχεν</strong></span> <span class='ocrx_word' id='word_1_433' title='bbox 2544 2389 2727 2444; x_wconf 79' lang='grc' dir='ltr'><strong>αὐτόν’</strong></span> <span class='ocrx_word' id='word_1_434' title='bbox 2754 2387 2814 2453; x_wconf 73' lang='grc' dir='ltr'><strong>ἑξ</strong></span> <span class='ocrx_word' id='word_1_435' title='bbox 2840 2386 3004 2441; x_wconf 78' lang='grc' dir='ltr'><strong>αὐτοῦ</strong></span> <span class='ocrx_word' id='word_1_436' title='bbox 3031 2384 3140 2455; x_wconf 83' lang='grc' dir='ltr'><strong>γὰρ</strong></span> <span class='ocrx_word' id='word_1_437' title='bbox 3160 2381 3402 2452; x_wconf 67' lang='grc' dir='ltr'><strong>γέγονεν.</strong></span> <span class='ocrx_word' id='word_1_438' title='bbox 3427 2381 3493 2435; x_wconf 78' lang='lat' dir='ltr'><strong>Et</strong></span> <span class='ocrx_word' id='word_1_439' title='bbox 3524 2377 3582 2433; x_wconf 79' lang='grc' dir='ltr'><strong>δὲ</strong></span> <span class='ocrx_word' id='word_1_440' title='bbox 3601 2376 3738 2447; x_wconf 75' lang='grc' dir='ltr'><strong>ψεύ-</strong></span> 
     </span>
    </p>
   </div>
   <div class='ocr_carea' id='block_1_67' title="bbox 2161 2469 3738 2546">
    <p class='ocr_par' dir='ltr' id='par_1_67' title="bbox 2161 2469 3738 2546">
     <span class='ocr_line' id='line_1_67' title="bbox 2161 2469 3738 2546; baseline -0.012 -7"><span class='ocrx_word' id='word_1_441' title='bbox 2161 2500 2311 2539; x_wconf 82' lang='grc' dir='ltr'><strong>σεται</strong></span> <span class='ocrx_word' id='word_1_442' title='bbox 2342 2480 2559 2545; x_wconf 84' lang='grc' dir='ltr'><strong>πάντως</strong></span> <span class='ocrx_word' id='word_1_443' title='bbox 2586 2483 2614 2534; x_wconf 94' lang='lat'><strong>6</strong></span> <span class='ocrx_word' id='word_1_444' title='bbox 2633 2480 2790 2533; x_wconf 82' lang='grc' dir='ltr'><strong>τοῦτο</strong></span> <span class='ocrx_word' id='word_1_445' title='bbox 2810 2478 2984 2546; x_wconf 76' lang='grc' dir='ltr'><strong>λέγων</strong></span> <span class='ocrx_word' id='word_1_446' title='bbox 3005 2474 3312 2546; x_wconf 80' lang='grc' dir='ltr'><strong>(ὁμοούσιος</strong></span> <span class='ocrx_word' id='word_1_447' title='bbox 3336 2471 3443 2542; x_wconf 89' lang='lat'><strong>7&amp;9</strong></span> <span class='ocrx_word' id='word_1_448' title='bbox 3466 2469 3738 2540; x_wconf 72' lang='grc' dir='ltr'><strong>τῷἋδάμ.</strong></span> 
     </span>
    </p>
   </div>
   <div class='ocr_carea' id='block_1_68' title="bbox 2159 2560 3735 2642">
    <p class='ocr_par' dir='ltr' id='par_1_68' title="bbox 2159 2560 3735 2642">
     <span class='ocr_line' id='line_1_68' title="bbox 2159 2560 3735 2642; baseline -0.011 -15"><span class='ocrx_word' id='word_1_449' title='bbox 2159 2573 2188 2629; x_wconf 93' lang='lat'><strong>6</strong></span> <span class='ocrx_word' id='word_1_450' title='bbox 2212 2574 2394 2642; x_wconf 83' lang='grc' dir='ltr'><strong>Κάῖν),</strong></span> <span class='ocrx_word' id='word_1_451' title='bbox 2422 2572 2573 2625; x_wconf 65' lang='grc' dir='ltr'><strong>ἔσται</strong></span> <span class='ocrx_word' id='word_1_452' title='bbox 2614 2570 2692 2640; x_wconf 85' lang='grc' dir='ltr'><strong>τῷ</strong></span> <span class='ocrx_word' id='word_1_453' title='bbox 2734 2569 2909 2639; x_wconf 84' lang='grc' dir='ltr'><strong>Πατρὶ</strong></span> <span class='ocrx_word' id='word_1_454' title='bbox 2958 2567 3175 2629; x_wconf 83' lang='grc' dir='ltr'><strong>πάντως</strong></span> <span class='ocrx_word' id='word_1_455' title='bbox 3208 2562 3487 2635; x_wconf 77' lang='grc' dir='ltr'><strong>ὁμοούσιος</strong></span> <span class='ocrx_word' id='word_1_456' title='bbox 3524 2560 3553 2612; x_wconf 91' lang='lat'><strong>6</strong></span> <span class='ocrx_word' id='word_1_457' title='bbox 3585 2560 3735 2621; x_wconf 67' lang='grc' dir='ltr'><strong>Υἱὸς,</strong></span> 
     </span>
    </p>
   </div>
   <div class='ocr_carea' id='block_1_69' title="bbox 2159 2649 3739 2729">
    <p class='ocr_par' dir='ltr' id='par_1_69' title="bbox 2159 2649 3739 2729">
     <span class='ocr_line' id='line_1_69' title="bbox 2159 2649 3739 2729; baseline -0.009 -12"><span class='ocrx_word' id='word_1_458' title='bbox 2159 2664 2265 2717; x_wconf 82' lang='grc' dir='ltr'><strong>κᾶν</strong></span> <span class='ocrx_word' id='word_1_459' title='bbox 2290 2664 2459 2716; x_wconf 83' lang='grc' dir='ltr'><strong>αῐτιον</strong></span> <span class='ocrx_word' id='word_1_460' title='bbox 2488 2660 2650 2713; x_wconf 83' lang='grc' dir='ltr'><strong>αὐτὸν</strong></span> <span class='ocrx_word' id='word_1_461' title='bbox 2674 2658 2771 2729; x_wconf 77' lang='grc' dir='ltr'><strong>ἔχῃ</strong></span> <span class='ocrx_word' id='word_1_462' title='bbox 2810 2657 2904 2711; x_wconf 83' lang='grc' dir='ltr'><strong>τοῦ</strong></span> <span class='ocrx_word' id='word_1_463' title='bbox 2951 2652 3111 2719; x_wconf 75' lang='grc' dir='ltr'><strong>εἶναι,</strong></span> <span class='ocrx_word' id='word_1_464' title='bbox 3147 2655 3208 2719; x_wconf 80' lang='grc' dir='ltr'><strong>ὲξ</strong></span> <span class='ocrx_word' id='word_1_465' title='bbox 3254 2651 3419 2708; x_wconf 84' lang='grc' dir='ltr'><strong>αὐτοῦ</strong></span> <span class='ocrx_word' id='word_1_466' title='bbox 3449 2649 3739 2723; x_wconf 76' lang='grc' dir='ltr'><strong>προελθὼν</strong></span> 
     </span>
    </p>
   </div>
   <div class='ocr_carea' id='block_1_70' title="bbox 2159 2744 3187 2827">
    <p class='ocr_par' dir='ltr' id='par_1_70' title="bbox 2159 2744 3187 2827">
     <span class='ocr_line' id='line_1_70' title="bbox 2159 2744 3187 2827; baseline -0.009 -17"><span class='ocrx_word' id='word_1_467' title='bbox 2159 2755 2425 2827; x_wconf 85' lang='grc' dir='ltr'><strong>ἀχρόνως,</strong></span> <span class='ocrx_word' id='word_1_468' title='bbox 2454 2751 2553 2806; x_wconf 74' lang='grc' dir='ltr'><strong>καὶ</strong></span> <span class='ocrx_word' id='word_1_469' title='bbox 2574 2749 2760 2814; x_wconf 81' lang='grc' dir='ltr'><strong>ἀῑδίως</strong></span> <span class='ocrx_word' id='word_1_470' title='bbox 2778 2748 2854 2801; x_wconf 80' lang='grc' dir='ltr'><strong>ὢν</strong></span> <span class='ocrx_word' id='word_1_471' title='bbox 2886 2746 2985 2801; x_wconf 80' lang='grc' dir='ltr'><strong>σύν</strong></span> <span class='ocrx_word' id='word_1_472' title='bbox 3016 2744 3187 2817; x_wconf 83' lang='grc' dir='ltr'><strong>αὐτῷ.</strong></span> 
     </span>
    </p>
   </div>
   <div class='ocr_carea' id='block_1_71' title="bbox 2840 3044 3045 3101">
    <p class='ocr_par' dir='ltr' id='par_1_71' title="bbox 2840 3044 3045 3101">
     <span class='ocr_line' id='line_1_71' title="bbox 2840 3044 3045 3101; baseline -0.005 -1"><span class='ocrx_word' id='word_1_473' title='bbox 2840 3044 3045 3101; x_wconf 82' lang='grc' dir='ltr'><strong>ΑΔΔΟ.</strong></span> 
     </span>
    </p>
   </div>
   <div class='ocr_carea' id='block_1_72' title="bbox 2414 3149 3478 3231">
    <p class='ocr_par' dir='ltr' id='par_1_72' title="bbox 2414 3149 3478 3231">
     <span class='ocr_line' id='line_1_72' title="bbox 2414 3149 3478 3231; baseline -0.009 -13"><span class='ocrx_word' id='word_1_474' title='bbox 2414 3160 2512 3231; x_wconf 76' lang='grc' dir='ltr'><strong>Ὠς</strong></span> <span class='ocrx_word' id='word_1_475' title='bbox 2535 3161 2605 3227; x_wconf 77' lang='grc' dir='ltr'><strong>ἐξ</strong></span> <span class='ocrx_word' id='word_1_476' title='bbox 2633 3156 2991 3224; x_wconf 76' lang='grc' dir='ltr'><strong>ἀντιθέσεως</strong></span> <span class='ocrx_word' id='word_1_477' title='bbox 3016 3149 3134 3210; x_wconf 77' lang='grc' dir='ltr'><strong>τῶν</strong></span> <span class='ocrx_word' id='word_1_478' title='bbox 3158 3151 3478 3225; x_wconf 77' lang='grc' dir='ltr'><strong>Εὐνομίου.</strong></span> 
     </span>
    </p>
   </div>
   <div class='ocr_carea' id='block_1_73' title="bbox 2229 3261 3735 3341">
    <p class='ocr_par' dir='ltr' id='par_1_73' title="bbox 2229 3261 3735 3341">
     <span class='ocr_line' id='line_1_73' title="bbox 2229 3261 3735 3341; baseline -0.009 -11"><span class='ocrx_word' id='word_1_479' title='bbox 2229 3278 2338 3332; x_wconf 76' lang='grc' dir='ltr'><strong>Καὶ</strong></span> <span class='ocrx_word' id='word_1_480' title='bbox 2374 3276 2490 3337; x_wconf 80' lang='grc' dir='ltr'><strong>πῶς</strong></span> <span class='ocrx_word' id='word_1_481' title='bbox 2517 3276 2690 3338; x_wconf 72' lang='grc' dir='ltr'><strong>ἔσται,</strong></span> <span class='ocrx_word' id='word_1_482' title='bbox 2728 3273 2899 3341; x_wconf 64' lang='lat' dir='ltr'><strong>moi...</strong></span> <span class='ocrx_word' id='word_1_483' title='bbox 2934 3270 2993 3322; x_wconf 77' lang='grc' dir='ltr'><strong>τὸ</strong></span> <span class='ocrx_word' id='word_1_484' title='bbox 3028 3268 3322 3337; x_wconf 77' lang='grc' dir='ltr'><strong>ἀγέννητον</strong></span> <span class='ocrx_word' id='word_1_485' title='bbox 3361 3266 3441 3336; x_wconf 82' lang='grc' dir='ltr'><strong>τῷ</strong></span> <span class='ocrx_word' id='word_1_486' title='bbox 3488 3261 3735 3337; x_wconf 78' lang='grc' dir='ltr'><strong>γεννητῷ</strong></span> 
     </span>
    </p>
   </div>
   <div class='ocr_carea' id='block_1_74' title="bbox 2158 3358 3461 3442">
    <p class='ocr_par' dir='ltr' id='par_1_74' title="bbox 2158 3358 3461 3442">
     <span class='ocr_line' id='line_1_74' title="bbox 2158 3358 3461 3442; baseline -0.012 -17"><span class='ocrx_word' id='word_1_487' title='bbox 2158 3369 2478 3442; x_wconf 73' lang='grc' dir='ltr'><strong>ὁμοούσιονς</strong></span> <span class='ocrx_word' id='word_1_488' title='bbox 2508 3365 2683 3436; x_wconf 78' lang='grc' dir='ltr'><strong>Πολλὴ</strong></span> <span class='ocrx_word' id='word_1_489' title='bbox 2719 3363 2829 3433; x_wconf 90' lang='lat'><strong>7&amp;9</strong></span> <span class='ocrx_word' id='word_1_490' title='bbox 2849 3362 2907 3414; x_wconf 74' lang='grc' dir='ltr'><strong>ἑν</strong></span> <span class='ocrx_word' id='word_1_491' title='bbox 2928 3360 3113 3423; x_wconf 76' lang='grc' dir='ltr'><strong>αὐτοῖς</strong></span> <span class='ocrx_word' id='word_1_492' title='bbox 3142 3360 3177 3431; x_wconf 88' lang='grc' dir='ltr'><strong>ή</strong></span> <span class='ocrx_word' id='word_1_493' title='bbox 3212 3358 3461 3429; x_wconf 62' lang='grc' dir='ltr'><strong>διαφορά.</strong></span> 
     </span>
    </p>
   </div>
   <div class='ocr_carea' id='block_1_75' title="bbox 2636 3556 3237 3631">
    <p class='ocr_par' dir='ltr' id='par_1_75' title="bbox 2636 3556 3237 3631">
     <span class='ocr_line' id='line_1_75' title="bbox 2636 3556 3237 3631; baseline -0.008 -16"><span class='ocrx_word' id='word_1_494' title='bbox 2636 3557 2794 3631; x_wconf 80' lang='grc' dir='ltr'><strong>Πρὸς</strong></span> <span class='ocrx_word' id='word_1_495' title='bbox 2830 3558 3006 3615; x_wconf 84' lang='grc' dir='ltr'><strong>τοῦτο</strong></span> <span class='ocrx_word' id='word_1_496' title='bbox 3034 3556 3237 3623; x_wconf 70' lang='grc' dir='ltr'><strong>λύσις.</strong></span> 
     </span>
    </p>
   </div>
   <div class='ocr_carea' id='block_1_76' title="bbox 2227 3665 3739 3747">
    <p class='ocr_par' dir='ltr' id='par_1_76' title="bbox 2227 3665 3739 3747">
     <span class='ocr_line' id='line_1_76' title="bbox 2227 3665 3739 3747; baseline -0.018 -12"><span class='ocrx_word' id='word_1_497' title='bbox 2227 3682 2341 3735; x_wconf 83' lang='grc' dir='ltr'><strong>Οὐκ</strong></span> <span class='ocrx_word' id='word_1_498' title='bbox 2362 3674 2653 3747; x_wconf 62' lang='grc' dir='ltr'><strong>ἀνατρέψει</strong></span> <span class='ocrx_word' id='word_1_499' title='bbox 2679 3671 2739 3725; x_wconf 79' lang='grc' dir='ltr'><strong>τὸ</strong></span> <span class='ocrx_word' id='word_1_500' title='bbox 2760 3669 2921 3741; x_wconf 81' lang='grc' dir='ltr'><strong>σοφὸν</strong></span> <span class='ocrx_word' id='word_1_501' title='bbox 2948 3669 3057 3723; x_wconf 83' lang='grc' dir='ltr'><strong>τῶν</strong></span> <span class='ocrx_word' id='word_1_502' title='bbox 3077 3666 3459 3740; x_wconf 81' lang='grc' dir='ltr'><strong>χριστομάχων</strong></span> <span class='ocrx_word' id='word_1_503' title='bbox 3494 3665 3739 3739; x_wconf 71' lang='grc' dir='ltr'><strong>πρόδλη-</strong></span> 
     </span>
    </p>
   </div>
   <div class='ocr_carea' id='block_1_77' title="bbox 2162 3759 3737 3844">
    <p class='ocr_par' dir='ltr' id='par_1_77' title="bbox 2162 3759 3737 3844">
     <span class='ocr_line' id='line_1_77' title="bbox 2162 3759 3737 3844; baseline -0.01 -18"><span class='ocrx_word' id='word_1_504' title='bbox 2162 3791 2238 3844; x_wconf 87' lang='grc' dir='ltr'><strong>μα</strong></span> <span class='ocrx_word' id='word_1_505' title='bbox 2268 3772 2329 3825; x_wconf 75' lang='grc' dir='ltr'><strong>τὸ</strong></span> <span class='ocrx_word' id='word_1_506' title='bbox 2350 3765 2491 3823; x_wconf 77' lang='grc' dir='ltr'><strong>εἶναι</strong></span> <span class='ocrx_word' id='word_1_507' title='bbox 2528 3768 2618 3820; x_wconf 81' lang='grc' dir='ltr'><strong>τὸν</strong></span> <span class='ocrx_word' id='word_1_508' title='bbox 2642 3765 2771 3819; x_wconf 81' lang='grc' dir='ltr'><strong>Υίὸν</strong></span> <span class='ocrx_word' id='word_1_509' title='bbox 2799 3761 3083 3833; x_wconf 83' lang='grc' dir='ltr'><strong>ὀμοούσιον</strong></span> <span class='ocrx_word' id='word_1_510' title='bbox 3102 3759 3180 3829; x_wconf 84' lang='grc' dir='ltr'><strong>τῷ</strong></span> <span class='ocrx_word' id='word_1_511' title='bbox 3208 3759 3407 3830; x_wconf 80' lang='grc' dir='ltr'><strong>Πατρὶ,</strong></span> <span class='ocrx_word' id='word_1_512' title='bbox 3436 3760 3737 3829; x_wconf 78' lang='grc' dir='ltr'><strong>ἐπειδήπερ</strong></span> 
     </span>
    </p>
   </div>
   <div class='ocr_carea' id='block_1_78' title="bbox 2158 3845 3737 3933">
    <p class='ocr_par' dir='ltr' id='par_1_78' title="bbox 2158 3845 3737 3933">
     <span class='ocr_line' id='line_1_78' title="bbox 2158 3845 3737 3933; baseline -0.009 -17"><span class='ocrx_word' id='word_1_513' title='bbox 2158 3864 2188 3916; x_wconf 93' lang='lat'><strong>6</strong></span> <span class='ocrx_word' id='word_1_514' title='bbox 2222 3862 2319 3933; x_wconf 81' lang='grc' dir='ltr'><strong>μὲν</strong></span> <span class='ocrx_word' id='word_1_515' title='bbox 2352 3857 2538 3929; x_wconf 78' lang='grc' dir='ltr'><strong>Πατήρ</strong></span> <span class='ocrx_word' id='word_1_516' title='bbox 2562 3851 2857 3925; x_wconf 76' lang='grc' dir='ltr'><strong>ἀγέννητὸς</strong></span> <span class='ocrx_word' id='word_1_517' title='bbox 2896 3850 3063 3913; x_wconf 67' lang='grc' dir='ltr'><strong>ἔστιν,</strong></span> <span class='ocrx_word' id='word_1_518' title='bbox 3098 3845 3226 3912; x_wconf 82' lang='grc' dir='ltr'><strong>Υίδς</strong></span> <span class='ocrx_word' id='word_1_519' title='bbox 3267 3848 3324 3901; x_wconf 81' lang='grc' dir='ltr'><strong>δὲ</strong></span> <span class='ocrx_word' id='word_1_520' title='bbox 3352 3847 3629 3918; x_wconf 76' lang='grc' dir='ltr'><strong>γεννητός.</strong></span> <span class='ocrx_word' id='word_1_521' title='bbox 3668 3848 3737 3901; x_wconf 81' lang='lat' dir='ltr'><strong>Ei</strong></span> 
     </span>
    </p>
   </div>
   <div class='ocr_carea' id='block_1_79' title="bbox 2158 3935 3737 4023">
    <p class='ocr_par' dir='ltr' id='par_1_79' title="bbox 2158 3935 3737 4023">
     <span class='ocr_line' id='line_1_79' title="bbox 2158 3935 3737 4023; baseline -0.008 -17"><span class='ocrx_word' id='word_1_522' title='bbox 2158 3952 2267 4023; x_wconf 87' lang='lat'><strong>7&amp;9</strong></span> <span class='ocrx_word' id='word_1_523' title='bbox 2292 3946 2352 4005; x_wconf 73' lang='grc' dir='ltr'><strong>τὸ</strong></span> <span class='ocrx_word' id='word_1_524' title='bbox 2374 3950 2516 4003; x_wconf 84' lang='grc' dir='ltr'><strong>κατά</strong></span> <span class='ocrx_word' id='word_1_525' title='bbox 2547 3965 2600 4001; x_wconf 87' lang='grc' dir='ltr'><strong>τι</strong></span> <span class='ocrx_word' id='word_1_526' title='bbox 2633 3945 2950 4016; x_wconf 81' lang='grc' dir='ltr'><strong>διαφέρειν,</strong></span> <span class='ocrx_word' id='word_1_527' title='bbox 2999 3942 3216 4003; x_wconf 79' lang='grc' dir='ltr'><strong>πάντως</strong></span> <span class='ocrx_word' id='word_1_528' title='bbox 3252 3939 3349 3993; x_wconf 71' lang='grc' dir='ltr'><strong>καὶ</strong></span> <span class='ocrx_word' id='word_1_529' title='bbox 3384 3935 3639 4011; x_wconf 78' lang='grc' dir='ltr'><strong>διάφορον</strong></span> <span class='ocrx_word' id='word_1_530' title='bbox 3674 3942 3737 3995; x_wconf 78' lang='grc' dir='ltr'><strong>ὲν</strong></span> 
     </span>
    </p>
   </div>
   <div class='ocr_carea' id='block_1_80' title="bbox 2156 4027 3738 4109">
    <p class='ocr_par' dir='ltr' id='par_1_80' title="bbox 2156 4027 3738 4109">
     <span class='ocr_line' id='line_1_80' title="bbox 2156 4027 3738 4109; baseline -0.011 -14"><span class='ocrx_word' id='word_1_531' title='bbox 2156 4043 2267 4105; x_wconf 79' lang='grc' dir='ltr'><strong>τοῖς</strong></span> <span class='ocrx_word' id='word_1_532' title='bbox 2290 4036 2409 4093; x_wconf 75' lang='grc' dir='ltr'><strong>οὖσι</strong></span> <span class='ocrx_word' id='word_1_533' title='bbox 2433 4037 2530 4109; x_wconf 87' lang='grc' dir='ltr'><strong>τήν</strong></span> <span class='ocrx_word' id='word_1_534' title='bbox 2548 4035 2711 4105; x_wconf 82' lang='grc' dir='ltr'><strong>φύσιν</strong></span> <span class='ocrx_word' id='word_1_535' title='bbox 2732 4030 3125 4102; x_wconf 74' lang='grc' dir='ltr'><strong>ἀπεργάζεται,</strong></span> <span class='ocrx_word' id='word_1_536' title='bbox 3141 4028 3234 4108; x_wconf 77' lang='grc' dir='ltr'><strong>καὶ</strong></span> <span class='ocrx_word' id='word_1_537' title='bbox 3255 4028 3354 4099; x_wconf 85' lang='grc' dir='ltr'><strong>τῆς</strong></span> <span class='ocrx_word' id='word_1_538' title='bbox 3378 4028 3515 4098; x_wconf 61' lang='grc' dir='ltr'><strong>προς</strong></span> <span class='ocrx_word' id='word_1_539' title='bbox 3529 4027 3738 4099; x_wconf 73' lang='grc' dir='ltr'><strong>ἄλληλα</strong></span> 
     </span>
    </p>
   </div>
   <div class='ocr_carea' id='block_1_81' title="bbox 2158 4119 3736 4194">
    <p class='ocr_par' dir='ltr' id='par_1_81' title="bbox 2158 4119 3736 4194">
     <span class='ocr_line' id='line_1_81' title="bbox 2158 4119 3736 4194; baseline -0.006 -11"><span class='ocrx_word' id='word_1_540' title='bbox 2158 4128 2441 4192; x_wconf 78' lang='grc' dir='ltr'><strong>κοινωνίας</strong></span> <span class='ocrx_word' id='word_1_541' title='bbox 2460 4144 2521 4181; x_wconf 69' lang='grc' dir='ltr'><strong>τε</strong></span> <span class='ocrx_word' id='word_1_542' title='bbox 2566 4126 2661 4180; x_wconf 63' lang='grc' dir='ltr'><strong>καὶ⁵</strong></span> <span class='ocrx_word' id='word_1_543' title='bbox 2695 4123 2932 4194; x_wconf 79' lang='grc' dir='ltr'><strong>φυσικῆς</strong></span> <span class='ocrx_word' id='word_1_544' title='bbox 2980 4119 3299 4191; x_wconf 83' lang='grc' dir='ltr'><strong>ὁμοιότητος</strong></span> <span class='ocrx_word' id='word_1_545' title='bbox 3328 4119 3629 4191; x_wconf 73' lang='grc' dir='ltr'><strong>ἀποτέμνει</strong></span> <span class='ocrx_word' id='word_1_546' title='bbox 3664 4120 3736 4174; x_wconf 80' lang='grc' dir='ltr'><strong>τὰ</strong></span> 
     </span>
    </p>
   </div>
   <div class='ocr_carea' id='block_1_82' title="bbox 2158 4210 3736 4291">
    <p class='ocr_par' dir='ltr' id='par_1_82' title="bbox 2158 4210 3736 4291">
     <span class='ocr_line' id='line_1_82' title="bbox 2158 4210 3736 4291; baseline -0.005 -18"><span class='ocrx_word' id='word_1_547' title='bbox 2158 4221 2310 4290; x_wconf 79' lang='grc' dir='ltr'><strong>γένη’</strong></span> <span class='ocrx_word' id='word_1_548' title='bbox 2332 4219 2736 4291; x_wconf 78' lang='grc' dir='ltr'><strong>διοριζέτωσαν,</strong></span> <span class='ocrx_word' id='word_1_549' title='bbox 2767 4216 2902 4285; x_wconf 72' lang='grc' dir='ltr'><strong>φέρε</strong></span> <span class='ocrx_word' id='word_1_550' title='bbox 2924 4214 3117 4277; x_wconf 70' lang='grc' dir='ltr'><strong>εἰπεῖν,</strong></span> <span class='ocrx_word' id='word_1_551' title='bbox 3147 4211 3241 4265; x_wconf 69' lang='grc' dir='ltr'><strong>καὶ</strong></span> <span class='ocrx_word' id='word_1_552' title='bbox 3264 4211 3356 4265; x_wconf 84' lang='grc' dir='ltr'><strong>τὸν</strong></span> <span class='ocrx_word' id='word_1_553' title='bbox 3384 4210 3597 4266; x_wconf 83' lang='grc' dir='ltr'><strong>Παῦλον</strong></span> <span class='ocrx_word' id='word_1_554' title='bbox 3625 4212 3736 4265; x_wconf 76' lang='grc' dir='ltr'><strong>ἀπὸ</strong></span> 
     </span>
    </p>
   </div>
   <div class='ocr_carea' id='block_1_83' title="bbox 2158 4301 3737 4379">
    <p class='ocr_par' dir='ltr' id='par_1_83' title="bbox 2158 4301 3737 4379">
     <span class='ocr_line' id='line_1_83' title="bbox 2158 4301 3737 4379; baseline -0.004 -15"><span class='ocrx_word' id='word_1_555' title='bbox 2158 4310 2250 4364; x_wconf 83' lang='grc' dir='ltr'><strong>τοῦ</strong></span> <span class='ocrx_word' id='word_1_556' title='bbox 2265 4310 2470 4379; x_wconf 84' lang='grc' dir='ltr'><strong>Πέτρου</strong></span> <span class='ocrx_word' id='word_1_557' title='bbox 2490 4307 2632 4361; x_wconf 87' lang='grc' dir='ltr'><strong>κατά</strong></span> <span class='ocrx_word' id='word_1_558' title='bbox 2657 4306 2748 4360; x_wconf 79' lang='grc' dir='ltr'><strong>τὸν</strong></span> <span class='ocrx_word' id='word_1_559' title='bbox 2762 4306 2861 4375; x_wconf 80' lang='grc' dir='ltr'><strong>τῆς</strong></span> <span class='ocrx_word' id='word_1_560' title='bbox 2885 4304 3071 4367; x_wconf 88' lang='grc' dir='ltr'><strong>οὐσίας</strong></span> <span class='ocrx_word' id='word_1_561' title='bbox 3092 4302 3271 4371; x_wconf 82' lang='grc' dir='ltr'><strong>λόγον.</strong></span> <span class='ocrx_word' id='word_1_562' title='bbox 3292 4301 3587 4373; x_wconf 71' lang='grc' dir='ltr'><strong>ἐπειδήπερ</strong></span> <span class='ocrx_word' id='word_1_563' title='bbox 3612 4302 3737 4357; x_wconf 78' lang='grc' dir='ltr'><strong>τινὰ</strong></span> 
     </span>
    </p>
   </div>
   <div class='ocr_carea' id='block_1_84' title="bbox 2162 4392 3736 4473">
    <p class='ocr_par' dir='ltr' id='par_1_84' title="bbox 2162 4392 3736 4473">
     <span class='ocr_line' id='line_1_84' title="bbox 2162 4392 3736 4473; baseline -0.004 -19"><span class='ocrx_word' id='word_1_564' title='bbox 2162 4400 2391 4473; x_wconf 80' lang='grc' dir='ltr'><strong>μερικὴν</strong></span> <span class='ocrx_word' id='word_1_565' title='bbox 2403 4400 2583 4469; x_wconf 77' lang='grc' dir='ltr'><strong>ἔχουσι</strong></span> <span class='ocrx_word' id='word_1_566' title='bbox 2600 4398 2693 4452; x_wconf 80' lang='grc' dir='ltr'><strong>καὶ</strong></span> <span class='ocrx_word' id='word_1_567' title='bbox 2709 4397 2785 4461; x_wconf 84' lang='grc' dir='ltr'><strong>ὡς</strong></span> <span class='ocrx_word' id='word_1_568' title='bbox 2802 4398 2859 4449; x_wconf 80' lang='grc' dir='ltr'><strong>ὲν</strong></span> <span class='ocrx_word' id='word_1_569' title='bbox 2880 4395 3067 4465; x_wconf 83' lang='grc' dir='ltr'><strong>ἀτόμῳ</strong></span> <span class='ocrx_word' id='word_1_570' title='bbox 3083 4392 3219 4465; x_wconf 75' lang='grc' dir='ltr'><strong>πρὸς</strong></span> <span class='ocrx_word' id='word_1_571' title='bbox 3234 4394 3495 4463; x_wconf 77' lang='grc' dir='ltr'><strong>ἀλλήλους</strong></span> <span class='ocrx_word' id='word_1_572' title='bbox 3519 4393 3617 4464; x_wconf 77' lang='grc' dir='ltr'><strong>τήν</strong></span> <span class='ocrx_word' id='word_1_573' title='bbox 3628 4394 3736 4447; x_wconf 79' lang='grc' dir='ltr'><strong>δια·</strong></span> 
     </span>
    </p>
   </div>
   <div class='ocr_carea' id='block_1_85' title="bbox 495 4480 2056 4561">
    <p class='ocr_par' dir='ltr' id='par_1_85' title="bbox 495 4480 2056 4561">
     <span class='ocr_line' id='line_1_85' title="bbox 495 4480 2056 4561; baseline 0.006 -26"><span class='ocrx_word' id='word_1_574' title='bbox 495 4480 705 4547; x_wconf 80' lang='lat' dir='ltr'><strong>Petrus,</strong></span> <span class='ocrx_word' id='word_1_575' title='bbox 737 4481 825 4537; x_wconf 87' lang='lat' dir='ltr'><strong>hic</strong></span> <span class='ocrx_word' id='word_1_576' title='bbox 870 4497 1000 4539; x_wconf 79' lang='lat' dir='ltr'><strong>vero</strong></span> <span class='ocrx_word' id='word_1_577' title='bbox 1027 4484 1245 4543; x_wconf 84' lang='lat' dir='ltr'><strong>Paulus.</strong></span> <span class='ocrx_word' id='word_1_578' title='bbox 1296 4485 1549 4544; x_wconf 81' lang='lat' dir='ltr'><strong>Videmus</strong></span> <span class='ocrx_word' id='word_1_579' title='bbox 1593 4499 1769 4545; x_wconf 84' lang='lat' dir='ltr'><strong>autem</strong></span> <span class='ocrx_word' id='word_1_580' title='bbox 1817 4505 2056 4561; x_wconf 59' lang='lat' dir='ltr'><strong>sa‘penu-</strong></span> 
     </span>
    </p>
   </div>
   <div class='ocr_carea' id='block_1_86' title="bbox 2158 4480 3736 4561">
    <p class='ocr_par' dir='ltr' id='par_1_86' title="bbox 2160 4481 3736 4561">
     <span class='ocr_line' id='line_1_86' title="bbox 2160 4481 3736 4561; baseline -0.003 -17"><span class='ocrx_word' id='word_1_581' title='bbox 2160 4491 2350 4561; x_wconf 82' lang='grc' dir='ltr'><strong>φορὰν,</strong></span> <span class='ocrx_word' id='word_1_582' title='bbox 2382 4490 2503 4543; x_wconf 84' lang='grc' dir='ltr'><strong>καθ’</strong></span> <span class='ocrx_word' id='word_1_583' title='bbox 2527 4491 2593 4559; x_wconf 81' lang='grc' dir='ltr'><strong>ήν</strong></span> <span class='ocrx_word' id='word_1_584' title='bbox 2616 4489 2645 4540; x_wconf 89' lang='lat'><strong>6</strong></span> <span class='ocrx_word' id='word_1_585' title='bbox 2671 4488 2768 4558; x_wconf 82' lang='grc' dir='ltr'><strong>μὲν</strong></span> <span class='ocrx_word' id='word_1_586' title='bbox 2794 4486 2909 4539; x_wconf 77' lang='grc' dir='ltr'><strong>ἐστι</strong></span> <span class='ocrx_word' id='word_1_587' title='bbox 2937 4485 3164 4555; x_wconf 81' lang='grc' dir='ltr'><strong>Πέτρος,</strong></span> <span class='ocrx_word' id='word_1_588' title='bbox 3183 4486 3211 4537; x_wconf 93' lang='lat'><strong>6</strong></span> <span class='ocrx_word' id='word_1_589' title='bbox 3230 4484 3287 4537; x_wconf 72' lang='grc' dir='ltr'><strong>δὲ</strong></span> <span class='ocrx_word' id='word_1_590' title='bbox 3319 4481 3548 4548; x_wconf 81' lang='grc' dir='ltr'><strong>Παῦλος.</strong></span> <span class='ocrx_word' id='word_1_591' title='bbox 3572 4483 3736 4555; x_wconf 81' lang='grc' dir='ltr'><strong>ὀρῶο</strong></span> 
     </span>
    </p>
   </div>
   <div class='ocr_carea' id='block_1_87' title="bbox 496 4575 2057 4652">
    <p class='ocr_par' dir='ltr' id='par_1_87' title="bbox 496 4575 2057 4652">
     <span class='ocr_line' id='line_1_87' title="bbox 496 4575 2057 4652; baseline 0.008 -26"><span class='ocrx_word' id='word_1_592' title='bbox 496 4585 645 4627; x_wconf 90' lang='lat' dir='ltr'><strong>mero</strong></span> <span class='ocrx_word' id='word_1_593' title='bbox 683 4575 848 4629; x_wconf 89' lang='lat' dir='ltr'><strong>etiam</strong></span> <span class='ocrx_word' id='word_1_594' title='bbox 890 4589 953 4652; x_wconf 87' lang='lat' dir='ltr'><strong>ea</strong></span> <span class='ocrx_word' id='word_1_595' title='bbox 991 4589 1111 4646; x_wconf 66' lang='lat' dir='ltr'><strong>qua:</strong></span> <span class='ocrx_word' id='word_1_596' title='bbox 1158 4576 1285 4633; x_wconf 50' lang='lat' dir='ltr'><strong>alio.</strong></span> <span class='ocrx_word' id='word_1_597' title='bbox 1320 4579 1478 4635; x_wconf 89' lang='lat' dir='ltr'><strong>modo</strong></span> <span class='ocrx_word' id='word_1_598' title='bbox 1504 4594 1532 4649; x_wconf 88' lang='lat' dir='ltr'><strong>a</strong></span> <span class='ocrx_word' id='word_1_599' title='bbox 1588 4590 1769 4634; x_wconf 90' lang='lat' dir='ltr'><strong>mutua</strong></span> <span class='ocrx_word' id='word_1_600' title='bbox 1812 4581 1954 4637; x_wconf 89' lang='lat' dir='ltr'><strong>inter</strong></span> <span class='ocrx_word' id='word_1_601' title='bbox 1998 4597 2057 4639; x_wconf 90' lang='lat' dir='ltr'><strong>se</strong></span> 
     </span>
    </p>
   </div>
   <div class='ocr_carea' id='block_1_88' title="bbox 494 4662 2057 4733">
    <p class='ocr_par' dir='ltr' id='par_1_88' title="bbox 494 4662 2057 4733">
     <span class='ocr_line' id='line_1_88' title="bbox 494 4662 2057 4733; baseline 0.006 -16"><span class='ocrx_word' id='word_1_602' title='bbox 494 4662 847 4719; x_wconf 84' lang='lat' dir='ltr'><strong>similitudine</strong></span> <span class='ocrx_word' id='word_1_603' title='bbox 900 4666 1130 4721; x_wconf 81' lang='lat' dir='ltr'><strong>uiuitum</strong></span> <span class='ocrx_word' id='word_1_604' title='bbox 1184 4668 1482 4733; x_wconf 87' lang='lat' dir='ltr'><strong>dissident,</strong></span> <span class='ocrx_word' id='word_1_605' title='bbox 1534 4671 1787 4725; x_wconf 61' lang='lat' dir='ltr'><strong>essentia</strong></span> <span class='ocrx_word' id='word_1_606' title='bbox 1844 4673 2057 4728; x_wconf 85' lang='lat' dir='ltr'><strong>ratione</strong></span> 
     </span>
    </p>
   </div>
   <div class='ocr_carea' id='block_1_89' title="bbox 493 4753 2053 4829">
    <p class='ocr_par' dir='ltr' id='par_1_89' title="bbox 493 4753 2053 4829">
     <span class='ocr_line' id='line_1_89' title="bbox 493 4753 2053 4829; baseline 0.006 -20"><span class='ocrx_word' id='word_1_607' title='bbox 493 4755 802 4809; x_wconf 80' lang='lat' dir='ltr'><strong>convenire.</strong></span> <span class='ocrx_word' id='word_1_608' title='bbox 826 4753 960 4810; x_wconf 78' lang='lat' dir='ltr'><strong>Nam</strong></span> <span class='ocrx_word' id='word_1_609' title='bbox 985 4756 1147 4814; x_wconf 81' lang='lat' dir='ltr'><strong>homo</strong></span> <span class='ocrx_word' id='word_1_610' title='bbox 1180 4760 1329 4828; x_wconf 83' lang='lat' dir='ltr'><strong>niger</strong></span> <span class='ocrx_word' id='word_1_611' title='bbox 1355 4761 1580 4815; x_wconf 90' lang='lat' dir='ltr'><strong>multum</strong></span> <span class='ocrx_word' id='word_1_612' title='bbox 1609 4761 1787 4817; x_wconf 81' lang='lat' dir='ltr'><strong>diﬂ‘ert</strong></span> <span class='ocrx_word' id='word_1_613' title='bbox 1813 4763 1881 4817; x_wconf 85' lang='lat' dir='ltr'><strong>ab</strong></span> <span class='ocrx_word' id='word_1_614' title='bbox 1909 4764 2053 4829; x_wconf 90' lang='lat' dir='ltr'><strong>albo,</strong></span> 
     </span>
    </p>
   </div>
   <div class='ocr_carea' id='block_1_90' title="bbox 495 4841 2059 4908">
    <p class='ocr_par' dir='ltr' id='par_1_90' title="bbox 495 4841 2059 4908">
     <span class='ocr_line' id='line_1_90' title="bbox 495 4841 2059 4908; baseline 0.005 -10"><span class='ocrx_word' id='word_1_615' title='bbox 495 4844 589 4899; x_wconf 90' lang='lat' dir='ltr'><strong>sed</strong></span> <span class='ocrx_word' id='word_1_616' title='bbox 628 4845 743 4900; x_wconf 67' lang='lat' dir='ltr'><strong>haec</strong></span> <span class='ocrx_word' id='word_1_617' title='bbox 774 4841 1075 4901; x_wconf 73' lang='lat' dir='ltr'><strong>diﬂerentia</strong></span> <span class='ocrx_word' id='word_1_618' title='bbox 1131 4861 1317 4908; x_wconf 87' lang='lat' dir='ltr'><strong>eorum</strong></span> <span class='ocrx_word' id='word_1_619' title='bbox 1363 4851 1719 4906; x_wconf 86' lang='lat' dir='ltr'><strong>substantiam</strong></span> <span class='ocrx_word' id='word_1_620' title='bbox 1769 4867 1873 4907; x_wconf 89' lang='lat' dir='ltr'><strong>non</strong></span> <span class='ocrx_word' id='word_1_621' title='bbox 1929 4852 2059 4906; x_wconf 81' lang='lat' dir='ltr'><strong>facit</strong></span> 
     </span>
    </p>
   </div>
   <div class='ocr_carea' id='block_1_91' title="bbox 496 4925 2055 5011">
    <p class='ocr_par' dir='ltr' id='par_1_91' title="bbox 496 4925 2055 5011">
     <span class='ocr_line' id='line_1_91' title="bbox 496 4925 2055 5011; baseline 0.006 -24"><span class='ocrx_word' id='word_1_622' title='bbox 496 4934 785 4990; x_wconf 77' lang='lat' dir='ltr'><strong>diversam.</strong></span> <span class='ocrx_word' id='word_1_623' title='bbox 817 4934 877 4991; x_wconf 86' lang='lat' dir='ltr'><strong>Si</strong></span> <span class='ocrx_word' id='word_1_624' title='bbox 916 4951 1053 5011; x_wconf 81' lang='lat' dir='ltr'><strong>ergo</strong></span> <span class='ocrx_word' id='word_1_625' title='bbox 1097 4938 1260 4992; x_wconf 73' lang='lat' dir='ltr'><strong>etiam</strong></span> <span class='ocrx_word' id='word_1_626' title='bbox 1304 4938 1357 4992; x_wconf 88' lang='lat' dir='ltr'><strong>in</strong></span> <span class='ocrx_word' id='word_1_627' title='bbox 1401 4940 1555 4994; x_wconf 89' lang='lat' dir='ltr'><strong>nobis</strong></span> <span class='ocrx_word' id='word_1_628' title='bbox 1598 4925 1729 5009; x_wconf 89' lang='lat' dir='ltr'><strong>ipsis</strong></span> <span class='ocrx_word' id='word_1_629' title='bbox 1758 4942 2055 4997; x_wconf 81' lang='lat' dir='ltr'><strong>diﬂ&#39;erentia</strong></span> 
     </span>
    </p>
   </div>
   <div class='ocr_carea' id='block_1_92' title="bbox 496 5025 2059 5102">
    <p class='ocr_par' dir='ltr' id='par_1_92' title="bbox 496 5025 2059 5102">
     <span class='ocr_line' id='line_1_92' title="bbox 496 5025 2059 5102; baseline 0.006 -23"><span class='ocrx_word' id='word_1_630' title='bbox 496 5025 788 5080; x_wconf 87' lang='lat' dir='ltr'><strong>secundum</strong></span> <span class='ocrx_word' id='word_1_631' title='bbox 837 5026 1039 5096; x_wconf 84' lang='lat' dir='ltr'><strong>aliquid</strong></span> <span class='ocrx_word' id='word_1_632' title='bbox 1093 5043 1198 5083; x_wconf 90' lang='lat' dir='ltr'><strong>non</strong></span> <span class='ocrx_word' id='word_1_633' title='bbox 1252 5030 1502 5083; x_wconf 86' lang='lat' dir='ltr'><strong>immutat</strong></span> <span class='ocrx_word' id='word_1_634' title='bbox 1545 5044 1666 5087; x_wconf 86' lang='lat' dir='ltr'><strong>esse</strong></span> <span class='ocrx_word' id='word_1_635' title='bbox 1710 5032 1882 5102; x_wconf 87' lang='lat' dir='ltr'><strong>ipsum</strong></span> <span class='ocrx_word' id='word_1_636' title='bbox 1928 5034 2059 5089; x_wconf 85' lang='lat' dir='ltr'><strong>sub-</strong></span> 
     </span>
    </p>
   </div>
   <div class='ocr_carea' id='block_1_93' title="bbox 496 5115 2055 5191">
    <p class='ocr_par' dir='ltr' id='par_1_93' title="bbox 496 5115 2055 5191">
     <span class='ocr_line' id='line_1_93' title="bbox 496 5115 2055 5191; baseline 0.004 -20"><span class='ocrx_word' id='word_1_637' title='bbox 496 5115 729 5189; x_wconf 64' lang='lat' dir='ltr'><strong>stantiae,</strong></span> <span class='ocrx_word' id='word_1_638' title='bbox 760 5130 825 5171; x_wconf 82' lang='lat' dir='ltr'><strong>ex</strong></span> <span class='ocrx_word' id='word_1_639' title='bbox 854 5130 961 5185; x_wconf 87' lang='lat' dir='ltr'><strong>qua</strong></span> <span class='ocrx_word' id='word_1_640' title='bbox 1002 5124 1254 5179; x_wconf 83' lang='lat' dir='ltr'><strong>constant</strong></span> <span class='ocrx_word' id='word_1_641' title='bbox 1296 5117 1367 5171; x_wconf 89' lang='lat' dir='ltr'><strong>illi</strong></span> <span class='ocrx_word' id='word_1_642' title='bbox 1399 5119 1491 5188; x_wconf 91' lang='lat' dir='ltr'><strong>qui</strong></span> <span class='ocrx_word' id='word_1_643' title='bbox 1539 5135 1569 5174; x_wconf 89' lang='lat' dir='ltr'><strong>a</strong></span> <span class='ocrx_word' id='word_1_644' title='bbox 1604 5122 1757 5176; x_wconf 87' lang='lat' dir='ltr'><strong>nobis</strong></span> <span class='ocrx_word' id='word_1_645' title='bbox 1780 5122 2055 5191; x_wconf 74' lang='lat' dir='ltr'><strong>differunt,</strong></span> 
     </span>
    </p>
   </div>
   <div class='ocr_carea' id='block_1_94' title="bbox 496 5194 2055 5285">
    <p class='ocr_par' dir='ltr' id='par_1_94' title="bbox 496 5194 2055 5285">
     <span class='ocr_line' id='line_1_94' title="bbox 496 5194 2055 5285; baseline 0.008 -29"><span class='ocrx_word' id='word_1_646' title='bbox 496 5194 626 5285; x_wconf 64' lang='lat' dir='ltr'><strong>quid</strong></span> <span class='ocrx_word' id='word_1_647' title='bbox 651 5208 828 5261; x_wconf 88' lang='lat' dir='ltr'><strong>obstat</strong></span> <span class='ocrx_word' id='word_1_648' title='bbox 856 5207 1145 5276; x_wconf 83' lang='lat' dir='ltr'><strong>quominus</strong></span> <span class='ocrx_word' id='word_1_649' title='bbox 1194 5199 1357 5263; x_wconf 83' lang='lat' dir='ltr'><strong>etiam</strong></span> <span class='ocrx_word' id='word_1_650' title='bbox 1393 5209 1565 5265; x_wconf 88' lang='lat' dir='ltr'><strong>Filius</strong></span> <span class='ocrx_word' id='word_1_651' title='bbox 1598 5210 1669 5265; x_wconf 87' lang='lat' dir='ltr'><strong>sit</strong></span> <span class='ocrx_word' id='word_1_652' title='bbox 1696 5214 2055 5270; x_wconf 83' lang='lat' dir='ltr'><strong>consubstan-</strong></span> 
     </span>
    </p>
   </div>
   <div class='ocr_carea' id='block_1_95' title="bbox 500 5294 2059 5374">
    <p class='ocr_par' dir='ltr' id='par_1_95' title="bbox 500 5294 2059 5374">
     <span class='ocr_line' id='line_1_95' title="bbox 500 5294 2059 5374; baseline 0.009 -28"><span class='ocrx_word' id='word_1_653' title='bbox 500 5294 645 5349; x_wconf 87' lang='lat' dir='ltr'><strong>tialis</strong></span> <span class='ocrx_word' id='word_1_654' title='bbox 684 5295 851 5363; x_wconf 83' lang='lat' dir='ltr'><strong>Patri,</strong></span> <span class='ocrx_word' id='word_1_655' title='bbox 898 5297 1109 5351; x_wconf 90' lang='lat' dir='ltr'><strong>etiamsi</strong></span> <span class='ocrx_word' id='word_1_656' title='bbox 1143 5298 1195 5351; x_wconf 92' lang='lat' dir='ltr'><strong>in</strong></span> <span class='ocrx_word' id='word_1_657' title='bbox 1240 5312 1304 5353; x_wconf 86' lang='lat' dir='ltr'><strong>eo</strong></span> <span class='ocrx_word' id='word_1_658' title='bbox 1349 5298 1489 5355; x_wconf 85' lang='lat' dir='ltr'><strong>inter</strong></span> <span class='ocrx_word' id='word_1_659' title='bbox 1533 5316 1594 5356; x_wconf 91' lang='lat' dir='ltr'><strong>se</strong></span> <span class='ocrx_word' id='word_1_660' title='bbox 1634 5299 1884 5357; x_wconf 76' lang='lat' dir='ltr'><strong>diﬂ‘erant</strong></span> <span class='ocrx_word' id='word_1_661' title='bbox 1916 5306 2059 5374; x_wconf 85' lang='lat' dir='ltr'><strong>quod</strong></span> 
     </span>
    </p>
   </div>
   <div class='ocr_carea' id='block_1_96' title="bbox 503 5383 2057 5467">
    <p class='ocr_par' dir='ltr' id='par_1_96' title="bbox 503 5383 2057 5467">
     <span class='ocr_line' id='line_1_96' title="bbox 503 5383 2057 5467; baseline 0.01 -29"><span class='ocrx_word' id='word_1_662' title='bbox 503 5383 662 5438; x_wconf 82' lang='lat' dir='ltr'><strong>Pater</strong></span> <span class='ocrx_word' id='word_1_663' title='bbox 690 5386 760 5441; x_wconf 90' lang='lat' dir='ltr'><strong>sit</strong></span> <span class='ocrx_word' id='word_1_664' title='bbox 788 5387 1073 5457; x_wconf 76' lang='lat' dir='ltr'><strong>ingenitus,</strong></span> <span class='ocrx_word' id='word_1_665' title='bbox 1096 5387 1266 5444; x_wconf 88' lang='lat' dir='ltr'><strong>Filius</strong></span> <span class='ocrx_word' id='word_1_666' title='bbox 1284 5401 1462 5447; x_wconf 87' lang='lat' dir='ltr'><strong>autem</strong></span> <span class='ocrx_word' id='word_1_667' title='bbox 1491 5395 1745 5463; x_wconf 84' lang='lat' dir='ltr'><strong>genitus?</strong></span> <span class='ocrx_word' id='word_1_668' title='bbox 1776 5394 1895 5450; x_wconf 89' lang='lat' dir='ltr'><strong>Una</strong></span> <span class='ocrx_word' id='word_1_669' title='bbox 1916 5398 2057 5467; x_wconf 86' lang='lat' dir='ltr'><strong>enim</strong></span> 
     </span>
    </p>
   </div>
   <div class='ocr_carea' id='block_1_97' title="bbox 504 5477 2059 5559">
    <p class='ocr_par' dir='ltr' id='par_1_97' title="bbox 504 5477 2059 5559">
     <span class='ocr_line' id='line_1_97' title="bbox 504 5477 2059 5559; baseline 0.008 -30"><span class='ocrx_word' id='word_1_670' title='bbox 504 5477 571 5559; x_wconf 82' lang='lat' dir='ltr'><strong>in.</strong></span> <span class='ocrx_word' id='word_1_671' title='bbox 597 5478 727 5545; x_wconf 85' lang='lat' dir='ltr'><strong>ipsis</strong></span> <span class='ocrx_word' id='word_1_672' title='bbox 761 5487 843 5532; x_wconf 88' lang='lat' dir='ltr'><strong>est</strong></span> <span class='ocrx_word' id='word_1_673' title='bbox 868 5479 1059 5547; x_wconf 86' lang='lat' dir='ltr'><strong>deitas,</strong></span> <span class='ocrx_word' id='word_1_674' title='bbox 1088 5495 1151 5535; x_wconf 84' lang='lat' dir='ltr'><strong>ex</strong></span> <span class='ocrx_word' id='word_1_675' title='bbox 1183 5480 1343 5539; x_wconf 86' lang='lat' dir='ltr'><strong>Patre</strong></span> <span class='ocrx_word' id='word_1_676' title='bbox 1375 5482 1615 5553; x_wconf 82' lang='lat' dir='ltr'><strong>ingenito</strong></span> <span class='ocrx_word' id='word_1_677' title='bbox 1658 5486 1977 5544; x_wconf 86' lang='lat' dir='ltr'><strong>naturaliter</strong></span> <span class='ocrx_word' id='word_1_678' title='bbox 2007 5489 2059 5541; x_wconf 89' lang='lat' dir='ltr'><strong>in</strong></span> 
     </span>
    </p>
   </div>
   <div class='ocr_carea' id='block_1_98' title="bbox 504 5564 1036 5637">
    <p class='ocr_par' dir='ltr' id='par_1_98' title="bbox 504 5564 1036 5637">
     <span class='ocr_line' id='line_1_98' title="bbox 504 5564 1036 5637; baseline 0.008 -17"><span class='ocrx_word' id='word_1_679' title='bbox 504 5564 696 5620; x_wconf 85' lang='lat' dir='ltr'><strong>Fiiium</strong></span> <span class='ocrx_word' id='word_1_680' title='bbox 728 5568 1036 5637; x_wconf 81' lang='lat' dir='ltr'><strong>procedens.</strong></span> 
     </span>
    </p>
   </div>
   <div class='ocr_carea' id='block_1_99' title="bbox 2165 4572 3737 4652">
    <p class='ocr_par' dir='ltr' id='par_1_99' title="bbox 2165 4572 3737 4652">
     <span class='ocr_line' id='line_1_99' title="bbox 2165 4572 3737 4652; baseline -0.004 -18"><span class='ocrx_word' id='word_1_681' title='bbox 2165 4597 2263 4652; x_wconf 81' lang='grc' dir='ltr'><strong>μεν</strong></span> <span class='ocrx_word' id='word_1_682' title='bbox 2281 4580 2339 4633; x_wconf 81' lang='grc' dir='ltr'><strong>δὲ</strong></span> <span class='ocrx_word' id='word_1_683' title='bbox 2376 4580 2457 4633; x_wconf 82' lang='grc' dir='ltr'><strong>ὅτι</strong></span> <span class='ocrx_word' id='word_1_684' title='bbox 2484 4578 2745 4642; x_wconf 78' lang='grc' dir='ltr'><strong>πολλάκις</strong></span> <span class='ocrx_word' id='word_1_685' title='bbox 2767 4576 2861 4629; x_wconf 78' lang='grc' dir='ltr'><strong>καὶ</strong></span> <span class='ocrx_word' id='word_1_686' title='bbox 2891 4574 2960 4628; x_wconf 82' lang='grc' dir='ltr'><strong>τά</strong></span> <span class='ocrx_word' id='word_1_687' title='bbox 3001 4574 3124 4627; x_wconf 80' lang='grc' dir='ltr'><strong>καθ’</strong></span> <span class='ocrx_word' id='word_1_688' title='bbox 3170 4573 3355 4645; x_wconf 71' lang='grc' dir='ltr'><strong>ἔτερόν</strong></span> <span class='ocrx_word' id='word_1_689' title='bbox 3382 4586 3503 4628; x_wconf 84' lang='grc' dir='ltr'><strong>τινα</strong></span> <span class='ocrx_word' id='word_1_690' title='bbox 3534 4572 3737 4646; x_wconf 81' lang='grc' dir='ltr'><strong>τρόπον</strong></span> 
     </span>
    </p>
   </div>
   <div class='ocr_carea' id='block_1_100' title="bbox 2159 4661 3738 4741">
    <p class='ocr_par' dir='ltr' id='par_1_100' title="bbox 2159 4661 3738 4741">
     <span class='ocr_line' id='line_1_100' title="bbox 2159 4661 3738 4741; baseline -0.005 -17"><span class='ocrx_word' id='word_1_691' title='bbox 2159 4672 2257 4741; x_wconf 78' lang='grc' dir='ltr'><strong>τῆς</strong></span> <span class='ocrx_word' id='word_1_692' title='bbox 2294 4661 2542 4739; x_wconf 80' lang='grc' dir='ltr'><strong>ἀλλήλων</strong></span> <span class='ocrx_word' id='word_1_693' title='bbox 2586 4665 2903 4737; x_wconf 81' lang='grc' dir='ltr'><strong>ὁμοιότητος</strong></span> <span class='ocrx_word' id='word_1_694' title='bbox 2943 4664 3077 4717; x_wconf 80' lang='grc' dir='ltr'><strong>πολύ</strong></span> <span class='ocrx_word' id='word_1_695' title='bbox 3100 4663 3425 4733; x_wconf 81' lang='grc' dir='ltr'><strong>διεστηκότα</strong></span> <span class='ocrx_word' id='word_1_696' title='bbox 3445 4704 3458 4725; x_wconf 87' lang='grc'>,</span> <span class='ocrx_word' id='word_1_697' title='bbox 3490 4666 3738 4717; x_wconf 79' lang='grc' dir='ltr'><strong>κοινωνεῖ</strong></span> 
     </span>
    </p>
   </div>
   <div class='ocr_carea' id='block_1_101' title="bbox 2161 4753 3738 4845">
    <p class='ocr_par' dir='ltr' id='par_1_101' title="bbox 2161 4753 3738 4845">
     <span class='ocr_line' id='line_1_101' title="bbox 2161 4753 3738 4845; baseline -0.006 -30"><span class='ocrx_word' id='word_1_698' title='bbox 2161 4761 2303 4817; x_wconf 88' lang='grc' dir='ltr'><strong>κατά</strong></span> <span class='ocrx_word' id='word_1_699' title='bbox 2331 4760 2421 4813; x_wconf 78' lang='grc' dir='ltr'><strong>τὸν</strong></span> <span class='ocrx_word' id='word_1_700' title='bbox 2450 4760 2547 4829; x_wconf 79' lang='grc' dir='ltr'><strong>τῆς</strong></span> <span class='ocrx_word' id='word_1_701' title='bbox 2566 4758 2752 4821; x_wconf 80' lang='grc' dir='ltr'><strong>οὐσίας</strong></span> <span class='ocrx_word' id='word_1_702' title='bbox 2782 4753 2960 4825; x_wconf 82' lang='grc' dir='ltr'><strong>λόγον.</strong></span> <span class='ocrx_word' id='word_1_703' title='bbox 3003 4755 3061 4809; x_wconf 90' lang='lat'><strong>&#39;0</strong></span> <span class='ocrx_word' id='word_1_704' title='bbox 3090 4755 3189 4845; x_wconf 69' lang='grc' dir='ltr'><strong>μὲν</strong></span> <span class='ocrx_word' id='word_1_705' title='bbox 3214 4755 3322 4825; x_wconf 83' lang='grc' dir='ltr'><strong>γὰρ</strong></span> <span class='ocrx_word' id='word_1_706' title='bbox 3342 4755 3507 4825; x_wconf 82' lang='grc' dir='ltr'><strong>μέλας</strong></span> <span class='ocrx_word' id='word_1_707' title='bbox 3533 4754 3738 4845; x_wconf 63' lang='grc' dir='ltr'><strong>ἀνθραι-</strong></span> 
     </span>
    </p>
   </div>
   <div class='ocr_carea' id='block_1_102' title="bbox 2162 4844 3737 4919">
    <p class='ocr_par' dir='ltr' id='par_1_102' title="bbox 2162 4844 3737 4919">
     <span class='ocr_line' id='line_1_102' title="bbox 2162 4844 3737 4919; baseline -0.001 -18"><span class='ocrx_word' id='word_1_708' title='bbox 2162 4865 2262 4913; x_wconf 89' lang='grc' dir='ltr'><strong>πος</strong></span> <span class='ocrx_word' id='word_1_709' title='bbox 2292 4848 2453 4919; x_wconf 79' lang='grc' dir='ltr'><strong>τυχὸν</strong></span> <span class='ocrx_word' id='word_1_710' title='bbox 2488 4848 2563 4911; x_wconf 86' lang='grc' dir='ltr'><strong>ὡς</strong></span> <span class='ocrx_word' id='word_1_711' title='bbox 2600 4848 2737 4918; x_wconf 74' lang='grc' dir='ltr'><strong>πρὸς</strong></span> <span class='ocrx_word' id='word_1_712' title='bbox 2774 4846 2865 4899; x_wconf 84' lang='grc' dir='ltr'><strong>τὸν</strong></span> <span class='ocrx_word' id='word_1_713' title='bbox 2889 4845 3080 4900; x_wconf 74' lang='grc' dir='ltr'><strong>λευκὸν</strong></span> <span class='ocrx_word' id='word_1_714' title='bbox 3111 4844 3311 4915; x_wconf 82' lang='grc' dir='ltr'><strong>πολλὴν</strong></span> <span class='ocrx_word' id='word_1_715' title='bbox 3342 4845 3454 4915; x_wconf 76' lang='grc' dir='ltr'><strong>ἔχει</strong></span> <span class='ocrx_word' id='word_1_716' title='bbox 3491 4846 3589 4915; x_wconf 85' lang='grc' dir='ltr'><strong>τήν</strong></span> <span class='ocrx_word' id='word_1_717' title='bbox 3622 4844 3737 4899; x_wconf 68' lang='lat' dir='ltr'><strong>6m-</strong></span> 
     </span>
    </p>
   </div>
   <div class='ocr_carea' id='block_1_103' title="bbox 2164 4936 3736 5011">
    <p class='ocr_par' dir='ltr' id='par_1_103' title="bbox 2164 4936 3736 5011">
     <span class='ocr_line' id='line_1_103' title="bbox 2164 4936 3736 5011; baseline -0.003 -18"><span class='ocrx_word' id='word_1_718' title='bbox 2164 4939 2358 5010; x_wconf 81' lang='grc' dir='ltr'><strong>φορὰν,</strong></span> <span class='ocrx_word' id='word_1_719' title='bbox 2389 4938 2504 4992; x_wconf 82' lang='grc' dir='ltr'><strong>ἀλλ’</strong></span> <span class='ocrx_word' id='word_1_720' title='bbox 2533 4938 2594 4990; x_wconf 91' lang='grc' dir='ltr'><strong>οὐ</strong></span> <span class='ocrx_word' id='word_1_721' title='bbox 2618 4937 2775 5011; x_wconf 82' lang='grc' dir='ltr'><strong>τοῦτο</strong></span> <span class='ocrx_word' id='word_1_722' title='bbox 2804 4936 2903 5007; x_wconf 81' lang='grc' dir='ltr'><strong>τὴν</strong></span> <span class='ocrx_word' id='word_1_723' title='bbox 2930 4936 3119 4991; x_wconf 84' lang='grc' dir='ltr'><strong>οὐσίαν</strong></span> <span class='ocrx_word' id='word_1_724' title='bbox 3148 4938 3330 4999; x_wconf 79' lang='grc' dir='ltr'><strong>αὐτοῖς</strong></span> <span class='ocrx_word' id='word_1_725' title='bbox 3350 4936 3646 5005; x_wconf 82' lang='grc' dir='ltr'><strong>διατέμνει.</strong></span> <span class='ocrx_word' id='word_1_726' title='bbox 3672 4938 3736 4989; x_wconf 79' lang='lat' dir='ltr'><strong>Ei</strong></span> 
     </span>
    </p>
   </div>
   <div class='ocr_carea' id='block_1_104' title="bbox 2163 5024 3737 5100">
    <p class='ocr_par' dir='ltr' id='par_1_104' title="bbox 2163 5024 3737 5100">
     <span class='ocr_line' id='line_1_104' title="bbox 2163 5024 3737 5100; baseline -0.001 -15"><span class='ocrx_word' id='word_1_727' title='bbox 2163 5031 2339 5085; x_wconf 81' lang='grc' dir='ltr'><strong>τοίνυν</strong></span> <span class='ocrx_word' id='word_1_728' title='bbox 2356 5030 2450 5083; x_wconf 69' lang='grc' dir='ltr'><strong>καὶ</strong></span> <span class='ocrx_word' id='word_1_729' title='bbox 2480 5028 2562 5097; x_wconf 76' lang='grc' dir='ltr'><strong>ἐφ’</strong></span> <span class='ocrx_word' id='word_1_730' title='bbox 2583 5028 2741 5099; x_wconf 85' lang='grc' dir='ltr'><strong>ήμῶν</strong></span> <span class='ocrx_word' id='word_1_731' title='bbox 2763 5028 2942 5083; x_wconf 86' lang='grc' dir='ltr'><strong>αὐτῶν</strong></span> <span class='ocrx_word' id='word_1_732' title='bbox 2963 5031 2997 5100; x_wconf 90' lang='grc' dir='ltr'><strong>ή</strong></span> <span class='ocrx_word' id='word_1_733' title='bbox 3021 5028 3160 5083; x_wconf 84' lang='grc' dir='ltr'><strong>κατά</strong></span> <span class='ocrx_word' id='word_1_734' title='bbox 3179 5045 3232 5081; x_wconf 86' lang='grc' dir='ltr'><strong>τι</strong></span> <span class='ocrx_word' id='word_1_735' title='bbox 3256 5028 3487 5098; x_wconf 78' lang='grc' dir='ltr'><strong>διαφορὰ</strong></span> <span class='ocrx_word' id='word_1_736' title='bbox 3510 5029 3571 5083; x_wconf 82' lang='grc' dir='ltr'><strong>τὺ</strong></span> <span class='ocrx_word' id='word_1_737' title='bbox 3597 5024 3737 5083; x_wconf 74' lang='grc' dir='ltr'><strong>εἶναι</strong></span> 
     </span>
    </p>
   </div>
   <div class='ocr_carea' id='block_1_105' title="bbox 2160 5109 3793 5194">
    <p class='ocr_par' dir='ltr' id='par_1_105' title="bbox 2160 5109 3793 5194">
     <span class='ocr_line' id='line_1_105' title="bbox 2160 5109 3793 5194; baseline -0.001 -19"><span class='ocrx_word' id='word_1_738' title='bbox 2160 5122 2258 5192; x_wconf 85' lang='grc' dir='ltr'><strong>τῆς</strong></span> <span class='ocrx_word' id='word_1_739' title='bbox 2288 5121 2458 5189; x_wconf 85' lang='grc' dir='ltr'><strong>αὐτῆς</strong></span> <span class='ocrx_word' id='word_1_740' title='bbox 2480 5120 2665 5183; x_wconf 85' lang='grc' dir='ltr'><strong>οὐσίας</strong></span> <span class='ocrx_word' id='word_1_741' title='bbox 2685 5120 2785 5173; x_wconf 89' lang='grc' dir='ltr'><strong>οὐκ</strong></span> <span class='ocrx_word' id='word_1_742' title='bbox 2819 5119 3135 5191; x_wconf 82' lang='grc' dir='ltr'><strong>ἀνατρέπει,</strong></span> <span class='ocrx_word' id='word_1_743' title='bbox 3163 5114 3231 5190; x_wconf 86' lang='grc' dir='ltr'><strong>ἦς</strong></span> <span class='ocrx_word' id='word_1_744' title='bbox 3254 5118 3327 5172; x_wconf 76' lang='grc' dir='ltr'><strong>ἂν</strong></span> <span class='ocrx_word' id='word_1_745' title='bbox 3352 5115 3461 5194; x_wconf 85' lang='grc' dir='ltr'><strong>εἶεν</strong></span> <span class='ocrx_word' id='word_1_746' title='bbox 3494 5109 3761 5173; x_wconf 65' lang='grc' dir='ltr'><strong>κάκεῖνοι</strong></span> <span class='ocrx_word' id='word_1_747' title='bbox 3790 5148 3793 5149; x_wconf 52' lang='grc' dir='ltr'><strong>ν</strong></span> 
     </span>
    </p>
   </div>
   <div class='ocr_carea' id='block_1_106' title="bbox 2162 5210 3735 5282">
    <p class='ocr_par' dir='ltr' id='par_1_106' title="bbox 2162 5210 3735 5282">
     <span class='ocr_line' id='line_1_106' title="bbox 2162 5210 3735 5282; baseline -0.001 -18"><span class='ocrx_word' id='word_1_748' title='bbox 2162 5211 2298 5282; x_wconf 79' lang='grc' dir='ltr'><strong>πρὸς</strong></span> <span class='ocrx_word' id='word_1_749' title='bbox 2328 5210 2419 5273; x_wconf 88' lang='grc' dir='ltr'><strong>οὒς</strong></span> <span class='ocrx_word' id='word_1_750' title='bbox 2442 5210 2507 5264; x_wconf 82' lang='grc' dir='ltr'><strong>ἂν</strong></span> <span class='ocrx_word' id='word_1_751' title='bbox 2536 5210 2969 5280; x_wconf 77' lang='grc' dir='ltr'><strong>διακρινοίμεθαο</strong></span> <span class='ocrx_word' id='word_1_752' title='bbox 3019 5210 3072 5262; x_wconf 83' lang='grc' dir='ltr'><strong>τί</strong></span> <span class='ocrx_word' id='word_1_753' title='bbox 3121 5210 3317 5263; x_wconf 80' lang='grc' dir='ltr'><strong>κωλύει</strong></span> <span class='ocrx_word' id='word_1_754' title='bbox 3363 5211 3457 5264; x_wconf 67' lang='grc' dir='ltr'><strong>καὶ</strong></span> <span class='ocrx_word' id='word_1_755' title='bbox 3490 5211 3581 5263; x_wconf 88' lang='grc' dir='ltr'><strong>τὸν</strong></span> <span class='ocrx_word' id='word_1_756' title='bbox 3607 5211 3735 5264; x_wconf 79' lang='grc' dir='ltr'><strong>Υἱὸν</strong></span> 
     </span>
    </p>
   </div>
   <div class='ocr_carea' id='block_1_107' title="bbox 2160 5283 3734 5373">
    <p class='ocr_par' dir='ltr' id='par_1_107' title="bbox 2160 5283 3734 5373">
     <span class='ocr_line' id='line_1_107' title="bbox 2160 5283 3734 5373; baseline -0.001 -17"><span class='ocrx_word' id='word_1_757' title='bbox 2160 5283 2444 5373; x_wconf 72' lang='grc' dir='ltr'><strong>ὁμοοῦσιον</strong></span> <span class='ocrx_word' id='word_1_758' title='bbox 2476 5296 2617 5353; x_wconf 78' lang='grc' dir='ltr'><strong>εἶναι</strong></span> <span class='ocrx_word' id='word_1_759' title='bbox 2667 5299 2745 5370; x_wconf 84' lang='grc' dir='ltr'><strong>τῷ</strong></span> <span class='ocrx_word' id='word_1_760' title='bbox 2784 5294 2977 5372; x_wconf 72' lang='grc' dir='ltr'><strong>Πατρὶ,</strong></span> <span class='ocrx_word' id='word_1_761' title='bbox 3013 5301 3155 5354; x_wconf 86' lang='grc' dir='ltr'><strong>κατά</strong></span> <span class='ocrx_word' id='word_1_762' title='bbox 3199 5301 3357 5353; x_wconf 81' lang='grc' dir='ltr'><strong>τοῦτο</strong></span> <span class='ocrx_word' id='word_1_763' title='bbox 3409 5302 3734 5371; x_wconf 81' lang='grc' dir='ltr'><strong>διαφέροντα</strong></span> 
     </span>
    </p>
   </div>
   <div class='ocr_carea' id='block_1_108' title="bbox 2161 5392 3733 5464">
    <p class='ocr_par' dir='ltr' id='par_1_108' title="bbox 2161 5392 3733 5464">
     <span class='ocr_line' id='line_1_108' title="bbox 2161 5392 3733 5464; baseline -0.003 -14"><span class='ocrx_word' id='word_1_764' title='bbox 2161 5395 2282 5450; x_wconf 82' lang='grc' dir='ltr'><strong>καθ’</strong></span> <span class='ocrx_word' id='word_1_765' title='bbox 2315 5394 2344 5447; x_wconf 83' lang='lat'><strong>6</strong></span> <span class='ocrx_word' id='word_1_766' title='bbox 2378 5393 2476 5462; x_wconf 81' lang='grc' dir='ltr'><strong>μὲν</strong></span> <span class='ocrx_word' id='word_1_767' title='bbox 2505 5392 2694 5462; x_wconf 84' lang='grc' dir='ltr'><strong>Πατὴρ</strong></span> <span class='ocrx_word' id='word_1_768' title='bbox 2719 5392 3015 5464; x_wconf 74' lang='grc' dir='ltr'><strong>ἀγέννητὸς</strong></span> <span class='ocrx_word' id='word_1_769' title='bbox 3044 5393 3213 5457; x_wconf 85' lang='grc' dir='ltr'><strong>ἐστιν,</strong></span> <span class='ocrx_word' id='word_1_770' title='bbox 3248 5396 3276 5446; x_wconf 93' lang='lat'><strong>6</strong></span> <span class='ocrx_word' id='word_1_771' title='bbox 3306 5393 3362 5446; x_wconf 86' lang='grc' dir='ltr'><strong>δὲ</strong></span> <span class='ocrx_word' id='word_1_772' title='bbox 3389 5394 3515 5457; x_wconf 80' lang='grc' dir='ltr'><strong>Υἱὸς</strong></span> <span class='ocrx_word' id='word_1_773' title='bbox 3540 5410 3733 5464; x_wconf 85' lang='grc' dir='ltr'><strong>γεννη-</strong></span> 
     </span>
    </p>
   </div>
   <div class='ocr_carea' id='block_1_109' title="bbox 2161 5482 3733 5554">
    <p class='ocr_par' dir='ltr' id='par_1_109' title="bbox 2161 5482 3733 5554">
     <span class='ocr_line' id='line_1_109' title="bbox 2161 5482 3733 5554; baseline -0.001 -17"><span class='ocrx_word' id='word_1_774' title='bbox 2161 5484 2285 5549; x_wconf 73' lang='grc' dir='ltr'><strong>τόςς</strong></span> <span class='ocrx_word' id='word_1_775' title='bbox 2317 5483 2431 5539; x_wconf 86' lang='grc' dir='ltr'><strong>Μία</strong></span> <span class='ocrx_word' id='word_1_776' title='bbox 2454 5482 2560 5551; x_wconf 83' lang='grc' dir='ltr'><strong>γὰρ</strong></span> <span class='ocrx_word' id='word_1_777' title='bbox 2594 5484 2652 5533; x_wconf 80' lang='grc' dir='ltr'><strong>ὲν</strong></span> <span class='ocrx_word' id='word_1_778' title='bbox 2688 5482 2871 5544; x_wconf 74' lang='grc' dir='ltr'><strong>αὐτοῖς</strong></span> <span class='ocrx_word' id='word_1_779' title='bbox 2909 5482 3177 5553; x_wconf 85' lang='grc' dir='ltr'><strong>ήθεότης,</strong></span> <span class='ocrx_word' id='word_1_780' title='bbox 3218 5483 3280 5534; x_wconf 82' lang='grc' dir='ltr'><strong>ὲκ</strong></span> <span class='ocrx_word' id='word_1_781' title='bbox 3319 5484 3530 5554; x_wconf 63' lang='lat' dir='ltr'><strong>ila-:96;</strong></span> <span class='ocrx_word' id='word_1_782' title='bbox 3572 5486 3733 5552; x_wconf 75' lang='grc' dir='ltr'><strong>ἀγεν-</strong></span> 
     </span>
    </p>
   </div>
   <div class='ocr_carea' id='block_1_110' title="bbox 2163 5572 3375 5646">
    <p class='ocr_par' dir='ltr' id='par_1_110' title="bbox 2163 5572 3375 5646">
     <span class='ocr_line' id='line_1_110' title="bbox 2163 5572 3375 5646; baseline -0.001 -19"><span class='ocrx_word' id='word_1_783' title='bbox 2163 5578 2323 5646; x_wconf 86' lang='grc' dir='ltr'><strong>νήτου</strong></span> <span class='ocrx_word' id='word_1_784' title='bbox 2354 5574 2618 5645; x_wconf 76' lang='grc' dir='ltr'><strong>τρέχουσα</strong></span> <span class='ocrx_word' id='word_1_785' title='bbox 2649 5572 2891 5642; x_wconf 81' lang='grc' dir='ltr'><strong>φυσικῶς</strong></span> <span class='ocrx_word' id='word_1_786' title='bbox 2913 5573 3003 5627; x_wconf 73' lang='grc' dir='ltr'><strong>ἐπὶ</strong></span> <span class='ocrx_word' id='word_1_787' title='bbox 3026 5574 3087 5626; x_wconf 72' lang='grc' dir='ltr'><strong>τὸ</strong></span> <span class='ocrx_word' id='word_1_788' title='bbox 3114 5574 3375 5644; x_wconf 72' lang='grc' dir='ltr'><strong>γέννημα.</strong></span> 
     </span>
    </p>
   </div>
   <div class='ocr_carea' id='block_1_111' title="bbox 504 5720 2056 5825">
    <p class='ocr_par' dir='ltr' id='par_1_111' title="bbox 504 5720 2056 5825">
     <span class='ocr_line' id='line_1_111' title="bbox 504 5720 2056 5825; baseline 0.009 -33"><span class='ocrx_word' id='word_1_789' title='bbox 504 5720 509 5724; x_wconf 42' lang='grc'><em>’</em></span> <span class='ocrx_word' id='word_1_790' title='bbox 574 5743 650 5815; x_wconf 82' lang='grc'><strong>(1)</strong></span> <span class='ocrx_word' id='word_1_791' title='bbox 688 5743 803 5807; x_wconf 71' lang='lat' dir='ltr'><strong>Ed.</strong></span> <span class='ocrx_word' id='word_1_792' title='bbox 834 5744 1199 5813; x_wconf 79' lang='grc' dir='ltr'><strong>ἁνομοούσιον.</strong></span> <span class='ocrx_word' id='word_1_793' title='bbox 1240 5745 1369 5805; x_wconf 81' lang='lat' dir='ltr'><strong>Vide</strong></span> <span class='ocrx_word' id='word_1_794' title='bbox 1407 5738 1728 5825; x_wconf 70' lang='lat' dir='ltr'><strong>Culclet&#39;ium</strong></span> <span class='ocrx_word' id='word_1_795' title='bbox 1762 5752 1813 5807; x_wconf 86' lang='lat' dir='ltr'><strong>in</strong></span> <span class='ocrx_word' id='word_1_796' title='bbox 1854 5762 1965 5808; x_wconf 88' lang='lat' dir='ltr'><strong>not.</strong></span> <span class='ocrx_word' id='word_1_797' title='bbox 1992 5752 2056 5807; x_wconf 84' lang='lat' dir='ltr'><strong>ad</strong></span> 
     </span>
    </p>
   </div>
   <div class='ocr_carea' id='block_1_112' title="bbox 2158 5720 3090 5825">
    <p class='ocr_par' dir='ltr' id='par_1_112' title="bbox 2160 5748 3090 5821">
     <span class='ocr_line' id='line_1_112' title="bbox 2160 5748 3090 5821; baseline 0.001 -16"><span class='ocrx_word' id='word_1_798' title='bbox 2160 5767 2337 5806; x_wconf 86' lang='lat' dir='ltr'><strong>onum.</strong></span> <span class='ocrx_word' id='word_1_799' title='bbox 2371 5748 2507 5804; x_wconf 76' lang='lat' dir='ltr'><strong>Ercl.</strong></span> <span class='ocrx_word' id='word_1_800' title='bbox 2544 5749 2661 5819; x_wconf 61' lang='lat' dir='ltr'><strong>(In,</strong></span> <span class='ocrx_word' id='word_1_801' title='bbox 2698 5767 2747 5821; x_wconf 86' lang='lat' dir='ltr'><strong>p.</strong></span> <span class='ocrx_word' id='word_1_802' title='bbox 2776 5751 2900 5806; x_wconf 79' lang='grc'><strong>551.</strong></span> <span class='ocrx_word' id='word_1_803' title='bbox 2935 5750 3090 5806; x_wconf 77' lang='lat' dir='ltr'><strong>Eutr.</strong></span> 
     </span>
    </p>
   </div>
  </div>
