4048 6420
527 399 622 462 ιιι

1506 387 1562 443 S.
1602 386 1872 444 CYRILLl
1915 378 2382 439 ALEXANDRINI
2421 376 2757 435 ARCHIEP..

3663 370 3767 423 {3'3

526 517 630 573 hoc
677 512 743 566 ad
773 508 1059 565 essentiam
1088 505 1280 575 ipsius,
1307 510 1361 555 et
1399 498 1541 571 quod
1589 500 1742 555 initio
1773 515 1878 554 non
1918 499 2081 551 habe-

2190 512 2343 562 γονεν
2365 494 2469 562 ἄρα
2507 495 2574 562 τῇ
2600 490 2758 560 οὐσίᾳ
2786 488 2949 544 αὐτοῦ
2978 486 3155 549 τοῦτο,
3187 485 3281 540 καὶ
3314 483 3448 553 ὅπερ
3485 482 3581 534 οὐκ
3616 476 3766 550 εἶχεν

526 606 637 669 bat,
671 612 857 672 postea
894 597 1121 665 accepit.
1149 594 1301 661 Quod
1344 608 1467 661 vero
1510 592 1830 647 incrementi
1860 590 2086 659 alicujus

526 707 609 752 est
648 709 838 763 capax,
868 688 1246 759 imperfectum
1284 686 1494 741 censeri
1541 686 1719 750 debet,
1762 698 1866 737 non
1905 691 2084 736 autem

526 788 842 861 perfectum.
883 781 993 855 79
1036 783 1142 837 Sed
1200 782 1301 836 hoc
1349 778 1638 832 absurdum
1693 786 1815 831 est:
1851 774 2085 843 perfecta

524 881 667 936 eiiim
710 888 793 931 est
824 874 1004 932 Patris
1044 871 1301 927 essentia.
1336 868 1613 923 Generare
1660 866 1823 937 igitur
1854 880 1957 919 non
1990 863 2090 918 fuit

527 966 581 1021 in
614 981 679 1023 eo
722 961 1107 1024 necessarium,
1161 958 1253 1015 sed
1312 958 1473 1013 infuit
1522 958 1625 1012 hoc
1666 958 1715 1013 ei
1763 957 1831 1014 ab
1863 965 2087 1021 aeterno,

526 1070 700 1126 neque
730 1068 963 1123 unquam
998 1066 1119 1107 esse
1153 1038 1339 1119 capit.
1378 1046 1631 1103 Siautem
1666 1062 1769 1101 non
1804 1046 1969 1115 cmpit
1992 1060 2087 1115 ge-

525 1153 1063 1205 nerare.cocternus
1096 1157 1225 1211 ergo
1249 1150 1333 1196 est
1373 1139 1520 1194 Patri
1552 1137 1593 1192 Ε
1598 1138 1723 1193 ilius
1749 1151 1816 1193 es
1862 1136 1976 1205 ipso
1996 1151 2088 1204 ge-

526 1242 690 1294 nitus.
718 1230 784 1292 Ei
812 1233 1262 1307 quemadmodum
1284 1273 1299 1299 ,
1328 1231 1374 1287 si
1407 1228 1616 1285 initium
1660 1226 1950 1283 exsistendi
1991 1226 2089 1281 ba-

525 1329 755 1392 buisset,
796 1342 899 1383 non
940 1334 1089 1379 esset
1128 1320 1607 1379 consubstantialis
1634 1319 1777 1373 Patri
1803 1334 1818 1372 :
1846 1319 1939 1383 ita,
1962 1317 2090 1387 quia

524 1434 633 1477 non
690 1417 877 1473 habuit
926 1415 1138 1471 initium
1189 1412 1244 1469 in
1294 1424 1574 1483 tempore,
1616 1408 2092 1468 consubstantialis

524 1508 745 1566 omnino
773 1508 895 1566 erit.

1000 1593 1231 1661 ALIUD,
1274 1593 1609 1663 explicatius.

596 1732 1059 1800 Quemadmdum
1104 1730 1180 1789 illi
1219 1730 1308 1799 qui
1341 1729 1552 1784 veritati
1592 1734 1911 1795 repugnant,
1939 1721 2088 1796 prin-

2187 589 2244 639 ἐν
2268 587 2431 656 ἀρχῇ,
2462 582 2792 655 προσέλασιν
2816 580 3057 651 ὕστερον.
3076 579 3149 633 Τὸ
3167 578 3222 631 δὶ
3246 572 3560 649 προσθήκην
3583 573 3766 625 ἐπιδε-

2187 678 2414 747 χόμενόν
2459 693 2599 739 τινα,
2655 673 2841 735 ἀτελὲς
2868 671 2933 726 ἂν
2958 670 3064 740 εῐη,
3096 670 3190 721 καὶ
3230 668 3295 720 οὐ
3336 666 3556 721 τέλειον.
3602 661 3769 717 Ἀλλὰ

2187 768 2344 845 τοῦτο
2369 767 2566 825 ἄτοπον
2590 781 2607 797 ·
2640 763 2819 818 τελεία
2851 762 2961 833 γὰρ
2997 764 3030 833 ἡ
3056 758 3148 815 τοῦ
3183 758 3396 829 Πατρδς
3425 756 3616 845 ῌοΰσία.
3649 756 3766 808 Οὐκ

2188 842 2689 932 ἄραίπροσγιγονιν
2735 853 2871 925 αὐτῇ
2907 851 2967 907 τὸ
2998 851 3193 921 γεννᾷν
3215 892 3232 913 ν
3277 847 3393 902 ἀλλ’
3419 842 3486 918 ἦν
3533 848 3589 899 ἓν
3624 846 3765 914 αἵδτῇ

2187 953 2346 1007 τοῦτο
2373 952 2474 1011 οὐκ
2506 948 2833 1023 ἀρξάμενον.
2862 944 2925 1001 Εἰ
2945 944 3003 1006 δὶ
3030 944 3131 998 οὐκ
3154 940 3357 1013 ἧρεατο
3396 939 3611 1011 γεννᾷν,
3638 954 3767 989 συν-

2189 1044 2356 1107 αῑδιος
2390 1043 2500 1115 ἄρα
2522 1042 2639 1095 lati.
2660 1039 2738 1111 τῷ
2762 1037 2941 1109 Πατρὶ
2962 1038 2992 1091 ό
3018 1034 3079 1105 ιξ
3104 1032 3267 1088 αὑτοῦ
3304 1031 3582 1101 γεννηθεὶς
3611 1029 3762 1093 Υἱός.

2190 1137 2301 1191 Καὶ
2322 1131 2509 1205 ὥσπερ
2534 1134 2581 1187 si
2602 1132 2777 1203 ἀρχὴν
2800 1130 2924 1201 ῑσχι
2945 1127 3039 1183 τοῦ
3069 1124 3227 1191 εἶναι,
3256 1126 3356 1179 οὐκ
3380 1124 3445 1179 ἂν
3469 1119 3537 1194 ἦν
3565 1122 3766 1193 ὁμοσύ-

2191 1246 2325 1292 σιος,
2352 1226 2526 1291 οὕτως
2548 1227 2670 1281 ιπιὶ
2698 1224 2776 1297 μὴ
2806 1222 2962 1299 ισχιν
2982 1220 3157 1297 ἀρχὴν
3175 1219 3275 1297 τὴν
3300 1219 3357 1272 ὲν
3389 1217 3586 1292 χρόνῳ,
3609 1214 3766 1277 ἔσται

2190 1320 2407 1384 πάντως
2436 1317 2741 1393 spondam.

2632 1576 2837 1644 ΔΛΛΟ,
2869 1572 3323 1646 διηγηματικῶς.

2264 1706 2475 1780 Ὠσπερ
2503 1708 2551 1761 οἰ
2578 1710 2642 1780 τῇ
2673 1707 2902 1780 ἀληθείᾳ
2927 1706 3243 1779 μαχόμενοι,
3275 1702 3450 1775 ἀρχὴν
3490 1704 3580 1756 καὶ
3612 1702 3768 1769 τέλος

524 1792 721 1894 cipiunt
743 1834 798 1877 et
824 1822 982 1877 linem
1014 1792 1350 1891 uenerationi
1378 1819 1502 1875 Filii
1529 1792 1883 1881 amittentes,
1916 1792 2087 1884 ipsum

2192 1801 2257 1868 τῇ
2280 1799 2372 1851 τοῦ
2400 1798 2526 1851 Υἰοῦ
2555 1799 2805 1867 γεννήσει
2821 1796 3210 1868 περιτιθέντες,
3235 1794 3584 1849 ἐκϐάλλουσιν
3604 1792 3768 1844 αὐτὸν

527 1916 595 1970 ab
654 1913 1008 1969 similitudine
1069 1928 1190 1967 cum
1248 1910 1408 1967 Patre
1462 1908 1789 1974 excludunt;
1850 1908 1921 1960 ita
1972 1919 2087 1968 nos,

525 2018 701 2071 neque
757 2004 1075 2073 principium
1120 2016 1293 2071 neque
1334 1996 1491 2053 tinem
1547 1995 1909 2067 generationis
1971 1992 2089 2047 Filii

524 2103 897 2162 agnoscentes,
961 2092 1326 2144 omnimodam
1378 2090 1428 2143 ei
1494 2086 1906 2142 similitudinem
1969 2098 2091 2138 cum

524 2182 683 2237 Patre
726 2183 1029 2237 tribuimus.
1072 2180 1224 2249 Quod
1271 2194 1400 2235 vero
1437 2193 1535 2249 per
1575 2177 1755 2233 omnia
1784 2176 1960 2231 simile
1990 2184 2091 2239 est,

526 2272 989 2330 consubstantiale
1012 2272 1174 2327 etiam
1200 2280 1300 2325 est.

686 2406 839 2473 Quod
896 2403 1357 2461 contribuendum
1408 2402 1475 2457 sit
1528 2400 1704 2455 Filius
1764 2398 1933 2453 Patri.

1111 2495 1349 2565 Objectio
1372 2496 1525 2550 Aetii.

594 2611 712 2679 Quo
752 2619 911 2681 pacto
935 2610 1105 2680 possit
1134 2611 1361 2673 servari,
1399 2609 1594 2677 inquit,
1633 2606 1887 2662 identitas
1918 2617 2095 2661 essen-

525 2704 614 2757 tize
652 2706 705 2755 in
752 2701 915 2757 Patre
965 2711 1019 2755 et
1060 2699 1220 2769 Filio,
1269 2702 1313 2755 si
1359 2698 1520 2755 Pater
1570 2700 1783 2769 quidem
1824 2697 2095 2764 ingenitus

520 2806 625 2860 est,
663 2794 833 2848 Filius
877 2803 1058 2847 autem
1109 2792 1361 2862 genitus?
1402 2789 1779 2846 Necessarium
1832 2791 1975 2844 enim
2013 2796 2097 2842 est

524 2888 687 2957 plane
723 2885 879 2938 fateri
923 2884 1065 2937 nulla
1116 2898 1179 2937 ex
1212 2894 1363 2952 parte
1412 2881 1609 2937 similia
1641 2897 1764 2935 esse
1797 2879 2092 2949 ingenitum

521 2987 578 3029 et
604 2975 866 3043 genitum.
898 2974 969 3027 At
1000 2974 1043 3026 si
1075 2973 1270 3029 similia
1308 2983 1455 3037 sunt,
1489 2973 1621 3025 nihil
1647 2971 1923 3026 obstiterit
1960 2984 2094 3038 quo—

523 3064 701 3117 minus
744 3072 799 3115 et
852 3060 1067 3115 Patrem
1122 3062 1384 3131 genitum,
1443 3070 1498 3115 et
1553 3059 1746 3116 Filium
1796 3060 2092 3129 ingenitum

521 3151 851 3223 appellemus
908 3151 1198 3220 omniaque
1224 3148 1641 3204 confundamus.

1021 3262 1229 3317 Salutio
1275 3261 1600 3331 objectiom's.

594 3382 694 3447 Qui
746 3381 858 3433 haec
906 3378 978 3432 ita
1031 3378 1280 3447 imperite
1324 3374 1532 3444 objicit,
1580 3373 1813 3428 vicissim
1863 3391 1891 3425 a
1942 3372 2095 3426 nobis

522 3475 747 3529 audiet:
778 3472 894 3538 Quo
936 3480 1093 3539 pacto
1133 3483 1239 3523 non
1289 3469 1458 3536 possit
1486 3470 1688 3521 servari
1724 3468 1973 3521 identitas
2007 3480 2093 3520 es-

522 3566 706 3619 sentia:
740 3566 791 3618 in
820 3564 980 3617 Patre
1007 3572 1062 3616 et
1092 3562 1248 3623 Filio,
1281 3563 1323 3614 si
1354 3559 1521 3614 Filius
1560 3569 1641 3615 est
1671 3560 1846 3624 imago
1896 3556 2089 3619 Patris,

520 3666 577 3711 et
615 3658 667 3709 in
703 3656 882 3725 seipso
916 3653 1154 3707 ostendit
1190 3650 1439 3705 Patrem?
1468 3650 1806 3705 Manifestum
1836 3649 1979 3703 enim
2009 3657 2092 3702 est

520 3758 576 3805 et
606 3751 673 3803 ah
706 3748 957 3801 omnibus
990 3746 1311 3808 admissum,
1368 3745 1635 3797 neminem
1679 3743 1732 3795 in
1760 3742 1862 3794 alia
1898 3752 2090 3795 natura

521 3843 681 3895 aliam
719 3854 982 3901 cernere;
1032 3851 1206 3905 neque
1249 3838 1531 3905 quisquam
1572 3836 1751 3889 dicere
1789 3834 1958 3903 possit
1994 3847 2087 3896 se,

523 3948 647 3987 cum
678 3947 874 4000 equum
907 3932 1121 3996 viderit,
1145 3930 1422 3984 hominum
1450 3928 1685 3995 aliquem
1715 3927 1931 3980 vidisse.
1957 3922 2089 3979 Nam

524 4026 578 4079 in
618 4025 685 4079 iis
713 4038 833 4094 qua:
869 4024 1107 4094 ejusdem
1136 4030 1343 4076 natura:
1390 4028 1516 4073 sunt
1541 4019 1737 4073 similia
1771 4019 1933 4073 etiam
1971 4030 2090 4071 cer-

524 4126 756 4182 nuntur,
780 4130 885 4168 non
918 4115 970 4167 in
1000 4115 1066 4169 iis
1107 4127 1229 4183 quae
1274 4112 1416 4166 inter
1457 4125 1515 4164 se
1543 4110 1843 4175 dissident,
1882 4110 2090 4163 ratione

525 4208 667 4261 modi
709 4221 814 4274 quo
847 4207 1134 4259 exsistunt.
1165 4202 1223 4258 Si
1272 4217 1399 4272 ergo
1428 4203 1673 4269 Philippo
1716 4200 1949 4270 cupienti
1987 4198 2087 4253 Pa-

524 4312 659 4355 trem
711 4301 892 4353 videre
950 4297 1202 4351 Christus
1256 4297 1493 4363 seipsum
1549 4294 1801 4356 ostendit,
1860 4294 2083 4345 dicens:

528 4411 548 4445 ‹
583 4394 681 4458 Qui
733 4393 864 4444 vidit
905 4406 1009 4453 me,
1041 4390 1177 4442 vidit
1223 4398 1277 4441 et
1322 4387 1631 4451 Patrem“;
1672 4405 1688 4436 ι
1740 4399 1957 4439 necesse
2004 4392 2085 4439 cst

519 4482 742 4538 omnino
785 4490 843 4533 ut
890 4480 1128 4546 ejusdem
1171 4478 1421 4533 essentia:
1450 4477 1692 4530 dicamus
1733 4489 1851 4528 esse
1891 4474 2082 4529 Filium
2117 4516 2159 4571 D

520 4589 645 4628 cum
682 4571 861 4637 Patre,
896 4582 954 4624 ut
995 4570 1366 4625 omnimodam
1406 4567 1689 4637 imaginem
1718 4578 1772 4622 et
1805 4569 2083 4621 characte-

522 4678 636 4719 rem
662 4679 771 4719 suaa
804 4664 1173 4732 hypostaseos.

1183 4771 1408 4827 ALIUD.

590 4888 871 4951 Dominus,
906 4884 1119 4941 etiamsi
1166 4886 1377 4955 genitus
1441 4884 1545 4951 sit,
1590 4888 1786 4955 passim
1843 4886 2080 4955 seipsum

520 4976 1040 5037 consubstantialem
1088 4976 1235 5031 Patri
1268 4990 1388 5031 esse
1430 4979 1626 5032 docet:
1664 4978 1928 5046 siquidem
1975 4993 2083 5049 quo

522 5082 680 5141 pacto
709 5072 941 5140 seipsum
973 5069 1166 5124 Filium
1207 5084 1330 5125 esse
1366 5070 1534 5123 dicit?
1564 5070 1601 5123 Ε
1631 5071 1865 5133 diverso,
1902 5071 2083 5125 hostes

518 5164 722 5219 Christi
758 5163 1023 5217 imbecilla
1077 5178 1171 5216 sua
1230 5172 1532 5217 commenta
1573 5173 1926 5233 opponentes,
1969 5164 2082 5217 ﬂeri

521 5265 627 5304 non
676 5264 830 5319 posse
868 5251 1017 5305 aiunt
1048 5252 1161 5321 80
1202 5261 1279 5319 ut,
1313 5266 1434 5306 cum
1473 5252 1544 5306 sit
1578 5254 1814 5320 genitus,
1846 5252 2082 5321 ejusdem

519 5339 770 5391 essentia:
818 5340 892 5392 sit
935 5355 1057 5394 cum
1108 5339 1268 5395 Patre
1313 5341 1403 5411 qui
1452 5351 1535 5395 est
1583 5341 1873 5410 ingenitus.
1920 5342 2082 5411 Atqui

520 5444 643 5481 cum
674 5428 920 5485 Christus
950 5431 1037 5485 illa
1068 5432 1133 5486 de
1169 5433 1346 5503 seipse
1374 5433 1540 5497 dicat,
1575 5433 1688 5489 haec
1720 5448 1854 5488 vero
1881 5431 2083 5488 Christi

521 5517 726 5581 hastes,
758 5520 1031 5587 quisnam,
1057 5524 1301 5588 obsecro,
1330 5538 1394 5579 co
1426 5526 1708 5581 dementia:
1728 5526 1994 5597 pervenit,
2025 5535 2083 5581 ut

520 5622 739 5665 censeat
768 5610 1074 5671 hominibus
1106 5616 1281 5687 potius
1310 5618 1634 5675 credendum
1671 5634 1831 5689 quam
1859 5619 1990 5685 Deo,
2030 5631 2083 5673 et

594 5785 633 5813 ”
656 5782 807 5839 Juan.
844 5803 948 5854 xxv,
981 5794 1031 5845 9.

2193 1890 2290 1958 τῆς
2316 1890 2629 1959 ὁμοιότητος
2655 1889 2756 1960 τῆς
2786 1892 2918 1959 πρὸς
2944 1888 3036 1941 τὸν
3067 1885 3435 1957 Γέγεννηκότα
3456 1901 3469 1913 '
3502 1883 3646 1936 οὕτω
3670 1884 3766 1936 καὶ

2194 1983 2353 2051 ἡμεῖς
2381 1980 2502 2031 οὔτε
2530 1981 2725 2050 ἀρχὴν,
2755 1979 2877 2033 οὗτε
2900 1978 3052 2042 τέλος
3089 1980 3217 2049 περὶ
3239 1978 3334 2048 τὴν
3368 1976 3459 2030 τοῦ
3496 1973 3623 2027 Υἰοῐ
3648 1976 3769 2042 γέν-

2194 2092 2345 2143 νησιν
2382 2072 2829 2144 παραδεχόμενοι,
2866 2072 3190 2141 εἰσφέρομεν
3219 2069 3381 2122 αὐτὸν
3406 2068 3484 2130 εἰς
3518 2066 3767 2136 ἀπαραλ-

2194 2165 2390 2218 λακτον
2427 2166 2716 2237 ὁμοιότητα
2746 2164 2838 2234 τὴν
2861 2163 2996 2233 πρὸς
3024 2161 3112 2215 τὸν
3141 2160 3379 2232 Πατέρα.
3409 2158 3483 2213 Τὸ
3505 2157 3562 2211 δὲ
3582 2159 3769 2228 ὅμοιον

2194 2257 2335 2313 κατὰ
2368 2258 2566 2320 πάντα,
2602 2257 2698 2313 καὶ
2722 2255 3023 2326 ὁμοούσιον.

2407 2395 2537 2449 Ὀτι
2584 2396 2907 2464 ὀμοούσιος
2962 2397 2995 2447 ό
3060 2393 3191 2459 Υἱὸς
3229 2391 3309 2457 τῷ
3349 2392 3551 2455 ιιωρι.

2508 2485 2805 2555 Πρότασις
2834 2487 2914 2553 ὠς
2945 2486 3012 2539 ὲκ
3040 2484 3159 2539 τῶν
3199 2484 3444 2542 Ἀετίου,

2266 2599 2377 2653 Καὶ
2404 2598 2521 2661 πῶς
2556 2597 2620 2650 ἂν
2652 2598 2887 2663 δύναιτο,
2940 2597 3095 2666 φησι,
3146 2596 3409 2665 ταυτότης
3436 2592 3641 2656 οὐσίας¹
3674 2591 3768 2649 ἐπί

2194 2707 2253 2745 τε
2285 2690 2497 2762 Πατρός
2550 2691 2645 2743 καὶ
2691 2688 2821 2742 Υίοῦ
2878 2687 3166 2752 σώζεσθαι,
3206 2688 3257 2738 εί
3287 2702 3348 2753 γε
3388 2687 3415 2738 ὁ
3445 2684 3541 2754 μὲν
3576 2681 3769 2753 Πατὴρ

2194 2781 2486 2850 ἀγέννητός
2532 2780 2669 2843 ἐστι,
2724 2780 2978 2849 γεννητὸς
3024 2778 3080 2831 δί
3108 2779 3135 2828 ό
3177 2778 3336 2842 Υἱός;
3383 2774 3620 2843 Ἀνάγκη
3658 2775 3768 2847 γὰρ

2196 2876 2345 2928 πᾶσα
2394 2873 2570 2940 λέγειν
2606 2874 2663 2927 ὲν
2702 2872 2875 2923 οὐδενὶ
2921 2868 3316 2944 παραλλάττειν
3366 2866 3425 2919 τὸ
3474 2864 3769 2934 ἀγέννητον

2196 2964 2332 3034 πρὸς
2360 2964 2419 3017 τὸ
2450 2962 2727 3033 γεννητόν.
2755 2963 2815 3016 Εἰ
2845 2962 2900 3015 δὲ
2926 2960 3102 3024 τοῦτο,
3126 2960 3277 3013 οὐδὲν
3306 2957 3535 3012 κωλύσει
3564 2958 3769 3009 καὶτὸν

2182 3058 2412 3127 ,Πατέρα
2442 3056 2699 3127 γεννητὸν
2722 3050 2861 3108 εἶναι
2891 3052 3069 3121 λέγειν
3100 3053 3193 3105 καὶ
3226 3051 3315 3104 τὸν
3358 3050 3482 3103 Υἱὸν
3531 3049 3770 3119 ἀγέννη-

2148 3183 2161 3236 ε
2194 3168 2305 3213 τον,
2337 3149 2430 3202 καὶ
2470 3148 2801 3218 συγκέχυται
2822 3146 2881 3203 τὸ
2912 3146 3039 3199 πᾶν.

2684 3259 2839 3327 Πρὸς
2865 3258 3049 3312 ταῦτα
3078 3260 3278 3323 λύσις.

2279 3376 2334 3427 Ὀ
2366 3374 2538 3427 ταῦτα
2571 3373 2870 3443 προτείνων
2914 3371 3141 3441 ἀμαθῶς
3164 3411 3177 3433 ,
3210 3370 3602 3423 ἀντακούσεται
3638 3372 3769 3440 παρ’

2194 3466 2349 3537 ἡμῶν
2371 3483 2382 3495 ·
2423 3466 2533 3520 Καὶ
2567 3465 2682 3532 πῶς
2708 3464 2774 3517 ἂν
2806 3463 3019 3517 δύναιτο
3046 3462 3309 3532 ταυτότης
3330 3462 3515 3525 οὐσίας
3553 3462 3626 3532 μὴ
3657 3462 3766 3514 σώ-

2192 3560 2380 3626 ζεσθαι
2424 3564 2515 3615 ἐπί
2568 3579 2627 3614 τε
2668 3563 2878 3632 Πατρὸς
2914 3563 3007 3614 καὶ
3043 3562 3203 3627 Υἰοῦ,
3240 3561 3293 3615 εί
3320 3580 3382 3631 γε
3420 3563 3512 3615 τοῦ
3554 3566 3769 3633 Πατρὶς

2192 3653 2354 3707 εἰκών
2381 3656 2527 3707 ἐστιν
2556 3656 2584 3707 ό
2611 3654 2754 3717 Υἱὸς,
2779 3655 2871 3706 καὶ
2901 3656 2959 3707 ιν
2988 3654 3167 3725 ἑαυτῷ
3187 3655 3425 3708 δείκνυσι
3464 3656 3553 3708 τὸν
3587 3657 3766 3709 Πατέ-

2194 3761 2293 3815 ρα;
2328 3744 2563 3815 Εὔδηλον
2588 3745 2696 3816 γὰρ
2729 3744 2790 3816 δή
2827 3745 3024 3798 πουοέν
3063 3746 3178 3804 ἐστι
3235 3746 3327 3800 καὶ
3363 3748 3527 3798 πᾶσιν
3576 3745 3767 3815 ὁμολο-

2190 3840 2474 3909 γούμενον,
2504 3838 2578 3899 ὡς
2606 3838 2779 3900 οὐδεὶς
2805 3839 2861 3889 ὲν
2899 3837 3065 3906 ἑτέρᾳ
3102 3836 3258 3904 φύσει
3298 3836 3395 3906 τὴν
3422 3836 3612 3905 ἑτέραν
3639 3836 3767 3905 ὕψι.

2190 3948 2280 3983 ται
2302 3947 2316 3961 ·
2342 3929 2451 3982 οὐδ’
2478 3930 2543 3983 ἄν
2579 3946 2662 3991 τις
2710 3928 2822 3997 ἔχοι
2852 3926 3031 3997 λέγειν
3082 3927 3247 3982 ἵππον
3275 3927 3554 3998 ἑωρακὼς,
3593 3928 3674 3981 ὅτι
3697 3928 3762 3998 δή

2189 4036 2309 4075 τινα
2333 4018 2441 4075 τῶν
2468 4017 2767 4091 ἀνθρώπων
2787 4018 3058 4073 τεθέαται.
3091 4017 3179 4071 Ἐν
3201 4018 3310 4090 γὰρ
3341 4021 3450 4079 τοῖς
3469 4017 3765 4087 όμοφυέσιν

2188 4114 2222 4183 ἠ
2248 4112 2355 4165 τῶν
2384 4113 2585 4183 ὁμοίων
2608 4110 2903 4176 ἀπόδειξις,
2927 4111 3026 4163 οὐκ
3051 4112 3108 4163 ὲν
3134 4112 3246 4173 τοῖς
3283 4110 3523 4181 αλλήλων
3545 4111 3763 4181 διεστη-

2188 4205 2327 4268 κόσι,
2360 4204 2498 4260 κατὰ
2526 4205 2614 4258 τὸν
2634 4204 2727 4257 τοῦ
2752 4204 2869 4266 πῶς
2886 4200 3211 4271 εἷναιλόγον.
3240 4204 3300 4257 Εἰ
3320 4204 3495 4257 τοίνυν
3513 4202 3761 4274 ζητοῦντι

2187 4297 2265 4367 τῷ
2291 4296 2541 4363 Φιλίππῳ
2594 4294 2685 4347 τὸν
2741 4295 2960 4365 Πατέρα
3015 4293 3164 4358 ἰδεῖν,
3189 4294 3381 4347 ἑαυτὸν
3435 4294 3763 4355 ἐπιδεικνύει

2188 4387 2440 4458 Χριστὸς,
2463 4386 2635 4454 λέγων
2653 4402 2665 4417 ’
2704 4404 2722 4436 ι
2768 4385 2826 4438 '0
2860 4383 3119 4455 ἑωρακὼς
3140 4385 3256 4454 ἐμὲ,
3296 4384 3506 4455 ἑώρακε
3534 4386 3624 4438 τὸν
3649 4387 3763 4439 Ila,

2188 4480 2339 4549 τέρα,
2373 4497 2391 4530 ι
2422 4479 2635 4547 ἀνάγκη
2668 4479 2816 4531 πᾶσα
2848 4479 2947 4549 τῆς
2972 4478 3139 4548 αὐτῆς
3184 4478 3369 4540 οὐσίας
3402 4474 3539 4531 εἶναι
3580 4478 3761 4545 λέγειν

2189 4574 2280 4624 τὸν
2308 4571 2434 4625 Υἰὸν
2460 4572 2535 4641 τῷ
2558 4572 2753 4641 Πατρὶ,
2784 4571 2857 4633 ὡς
2892 4570 3305 4640 ἀπαράλλακτον
3329 4570 3511 4624 εἰκόνα
3539 4572 3632 4624 καὶ
3660 4588 3760 4641 χο..

2195 4666 2444 4735 ρακτῆρα
2463 4664 2562 4734 τῆς
2587 4664 2936 4726 ὑποστάσεως
2961 4662 3145 4717 αὑτοῦ.

2876 4776 3075 4828 ΑΛΛΟ.

2274 4888 2586 4958 Ὀμοούσιον
2613 4887 2802 4941 ἑαυτὸν
2829 4887 2956 4941 ἰὂντα
2981 4888 3059 4958 τῷ
3093 4889 3267 4960 Πατρὶ
3296 4888 3561 4945 διδάσκων
3586 4892 3615 4943 ὁ
3642 4890 3759 4944 Κύ-

2195 4998 2307 5053 ριος
2335 4981 2526 5049 ὁρᾶται
2576 4978 2874 5049 πανταχοῦ,
2924 4980 3101 5034 καίτοι
3146 4982 3403 5052 γεννητὸς
3453 4982 3757 5054 ὑπάρχων·

2189 5076 2311 5127 ἐπεὶ
2337 5073 2454 5137 πῶς
2496 5072 2685 5127 ἑαυτὸν
2732 5073 2857 5127 Υἰδν
2909 5068 3045 5128 εἷναί
3078 5074 3414 5146 φησι;ῐΙρδς
3436 5074 3608 5129 ταῦτα
3659 5078 3760 5149 τὴν

2192 5164 2298 5218 ἀπὸ
2323 5165 2429 5217 τῶν
2444 5163 2659 5217 οἰκείων
2684 5164 2955 5234 λογισμῶν
2976 5166 3260 5220 ἀσθένειαν
3284 5167 3679 5235 ἁντεπάγοντες
3708 5170 3759 5221 οί

2186 5254 2565 5324 κριστρμάχοι.
2605 5255 2679 5325 μὴ
2709 5255 2967 5309 δύνασθαί
3017 5274 3177 5325 φασιν
3208 5298 3221 5322 ,
3270 5258 3458 5329 ἐπειδὴ
3502 5258 3759 5329 γεννητὸς

2187 5348 2322 5410 ἐστι,
2349 5346 2450 5415 τῆς
2495 5346 2667 5415 αὐτῆς
2713 5347 2897 5410 οὐσίας
2936 5343 3074 5400 εἶναι
3113 5349 3191 5420 τῷ
3238 5352 3514 5421 ἁγεννήτῳ
3559 5351 3752 5421 Πατρί.

2198 5438 2412 5491 Ἐκεῖνα
2443 5436 2732 5507 τοιγαροῦν
2767 5440 2895 5508 περὶ
2932 5438 3126 5493 ἑαυτοῦ
3172 5442 3470 5510 φάσκοντος
3498 5441 3589 5495 τοῦ
3620 5442 3759 5512 Χρι-

2186 5527 2335 5593 στοῦ,
2371 5528 2543 5580 ταῦτα
2567 5527 2622 5580 δὲ
2656 5528 2762 5581 τῶν
2792 5532 3195 5601 χριστομάχων,
3221 5532 3304 5596 τίς
3335 5534 3414 5597 εἰς
3456 5532 3612 5585 τοῦτο
3643 5550 3758 5603 μω-

2188 5622 2305 5692 ρίας
2330 5619 2641 5690 ἐκϐήσεται,
2670 5621 2745 5685 ὡς
2786 5621 2991 5676 οἴεσθαι
3020 5622 3130 5677 δεῖν
3174 5620 3446 5695 ἀνθρώπῳ
3490 5622 3690 5692 μᾶλλον
3721 5623 3755 5695 ἢ
