4048 6444
306 425 411 482 153

1720 410 2168 469 TllESAURL’S.

3472 398 3572 457 tu

303 539 426 609 6εῴ
458 537 756 601 πιστεύειν,
786 535 880 591 καὶ
914 534 987 607 μὴ
1019 534 1117 604 τὴν
1146 530 1318 603 καλὴν
1359 529 1573 599 εκείνην
1617 528 1724 584 τῶν
1755 530 1889 583 ἀπο-

1997 542 2101 580 ιιοη
2132 525 2308 592 potius
2337 522 2484 576 illam
2521 516 2872 590 apostolicam
2905 515 3230 571 sententiam
3246 512 3573 579 exclament,

309 629 513 681 στόλων
551 626 888 695 φθέγγεσθαι
934 624 1136 695 φωνὴν,
1172 622 1349 690 λέγειν
1384 637 1442 673 τε
1482 620 1617 691 πρὸς
1640 621 1763 683 τοὺς
1793 622 1887 673 άν-

303 718 490 783 οσίους
523 717 856 789 αίρετικούςθ
910 726 929 768 ι
976 714 1300 783 Πειθαρχεῖν
1332 712 1414 765 δεῖ
1450 710 1569 781 Θεῷ
1618 710 1817 781 μᾶλλον
1854 711 1887 782 ἢ

305 808 653 880 ἁνθρώποιςς
690 826 709 859 ι
739 807 803 863 El
831 807 939 878 γὰρ
970 804 1217 862 άτονοῦσι
1240 804 1368 875 περὶ
1396 804 1494 874 τὴν
1506 807 1608 880 τῆς
1634 803 1890 874 ἀληθείας

308 898 654 967 κατάληψιν,
704 899 806 952 οὐκ
856 898 1102 968 ἀδικήσει
1149 894 1308 949 τοῦτο
1361 894 1668 966 προσούσης
1707 894 1891 956 αὐτοῖς

305 988 586 1052 ἀϐουλίας.

992 1100 1197 1153 ΔΛΛΟ.

383 1207 747 1278 Γεγεννῆσθαι
786 1206 879 1261 τὸν
927 1208 1053 1260 Υίδν
1080 1209 1145 1261 ὲκ
1170 1208 1413 1280 Πατρὸς,
1446 1207 1540 1265 καὶ
1566 1206 1720 1261 αὐτοὶ
1752 1210 1889 1262 πάν⁶

304 1301 781 1370 τωςὸμολογεῖτε·
818 1302 880 1353 οὐ
918 1300 1026 1371 γὰρ
1056 1299 1132 1363 ὡς
1158 1298 1217 1353 ἓν
1265 1302 1373 1355 τῶν
1424 1299 1742 1370 ποιημάτων
1782 1299 1888 1368 ἔξω

305 1390 411 1462 τῆς
439 1392 625 1454 οὐσίας
654 1389 747 1442 τοῦ
771 1392 1020 1454 τεκόντος
1047 1391 1309 1447 κείσεται.
1338 1390 1447 1445 Καὶ
1470 1391 1587 1454 πῶς
1608 1392 1707 1445 οὐκ
1736 1389 1888 1446 ἔσται

303 1480 392 1549 τῷ
418 1481 629 1534 τεκόντι
654 1481 873 1543 πάντως
895 1481 1198 1552 ὁμοούσιος,
1224 1482 1276 1535 ετ
1304 1498 1369 1551 γε
1406 1481 1574 1545 ὅντως
1603 1482 1723 1536 tari
1764 1482 1890 1550 γέν-

304 1583 483 1638 νημα,
539 1567 751 1639 καρπὸς
794 1566 987 1639 ὥσπερ
1018 1585 1099 1631 τις
1143 1568 1371 1637 φυσικὸς
1404 1566 1496 1621 τοῦ
1530 1567 1889 1638 γεννήσαντος

305 1657 608 1727 ὑπάρχων;
639 1657 701 1709 Εἰ
734 1656 833 1726 μὲν
854 1652 949 1710 οὗν
974 1656 1163 1710 τοῦτον
1202 1658 1346 1727 ἔχειν
1395 1657 1597 1712 δώσετε
1637 1658 1727 1712 τὸν
1757 1656 1885 1731 τρό-

310 1762 435 1809 πον,
469 1748 621 1799 ἔσται
650 1747 866 1810 πάντως
896 1748 991 1801 καὶ
1017 1747 1300 1819 δμοούσιος
1322 1766 1336 1779 ·
1360 1750 1409 1801 εί
1442 1748 1497 1801 δὲ
1521 1748 1683 1820 μέχρι
1708 1747 1886 1801 διακό-

1995 615 2284 684 impiisque
2327 609 2599 664 barelieis
2650 603 2910 674 obiiciant
2964 619 2980 658 :
3028 620 3048 654 ι
3080 601 3315 661 Obedire
3363 610 3579 671 oportet

1994 706 2103 760 Deo
2146 702 2319 774 magis
2360 716 2520 770 quam
2554 694 2995 753 hominibus“‘?
3021 712 3041 747 ι
3084 693 3142 748 Si
3165 694 3308 749 enim
3341 693 3393 747 in
3430 708 3577 746 com-

1992 791 2375 865 prebendeuda
2415 789 2645 847 veritate
2682 786 2819 842 adeo
2853 793 3070 856 torpent
3103 794 3159 839 et
3196 781 3577 853 languescunt,

1992 885 2217 950 nullam,
2245 884 2461 953 opinor,
2493 880 2745 949 injuriam
2787 878 2979 933 inferri
3018 876 3123 933 sibi
3154 886 3576 948 conquerantur,

1990 994 2114 1033 cum
2139 985 2291 1031 tanta
2323 974 2522 1031 mentis
2544 973 2792 1030 excitate.
2818 972 3086 1036 laborent.

2657 1083 2889 1141 ALIUD.

2059 1200 2314 1258 Genitum
2342 1214 2462 1257 esse
2486 1198 2694 1256 'Filium
2723 1210 2788 1253 ex
2824 1194 3009 1263 Patre,
3033 1211 3132 1252 vos
3158 1198 3321 1254 etiam
3355 1196 3579 1256 omnino

1990 1291 2231 1347 fatemini
2265 1307 2280 1344 :
2312 1304 2488 1361 neque
2510 1288 2656 1344 enim
2683 1286 2846 1342 veluti
2875 1302 2980 1341 una
3009 1297 3393 1343 creaturarum
3421 1296 3576 1341 extra

1988 1384 2281 1440 essentiam
2311 1381 2590 1439 Genitoris
2634 1379 2848 1456 positus
2874 1378 3000 1433 erit.
3035 1378 3154 1446 Quo
3192 1389 3353 1448 pacto
3395 1388 3576 1432 autem

1988 1486 2097 1531 n‘on
2128 1477 2233 1532 erit
2274 1476 2330 1531 in
2363 1476 2679 1530 universum
2706 1472 3194 1529 eonsubstantialis
3224 1470 3497 1537 Genitori,
3528 1471 3577 1526 si

1989 1582 2179 1623 revera
2229 1575 2313 1623 est
2355 1568 2641 1637 cenitnen,
2693 1579 2761 1621 ac
2811 1564 2978 1619 veluti
3036 1563 3303 1631 naturalis
3354 1564 3577 1635 quidam

1987 1658 2202 1715 [ructus
2235 1657 2556 1715 Genitoris?
2585 1656 2643 1712 Si
2672 1671 2801 1713 vero
2828 1656 2931 1711 bac
2966 1657 3177 1711 ratione
3210 1655 3360 1712 illum
3396 1670 3455 1712 se
3483 1656 3578 1711 ba-

1987 1749 2116 1805 bere
2146 1748 2446 1805 conceditis
2468 1788 2485 1814 ,
2517 1749 2622 1804 erit
2653 1747 2896 1817 proiecto
2938 1747 3104 1803 etiam
3138 1745 3577 1802 consubstantia-

302 1853 402 1890 νου
427 1838 612 1908 φωνῆς
641 1838 735 1891 καὶ
765 1840 1135 1911 προσηγορίας
1154 1839 1317 1910 ψιλῆς
1343 1842 1589 1911 γέννημα
1617 1838 1881 1903 καλεῖται,

1996 1839 2096 1908 Ιίε;
2128 1851 2185 1894 at
2210 1841 2257 1895 si
2291 1840 2467 1895 solum
2507 1838 2814 1894 ministerio
2860 1838 3013 1894 vocis
3048 1837 3299 1907 nudaque
3340 1833 3577 1905 appella-

301 1928 551 1996 λεγέσθω
583 1930 792 2000 ποίημα
822 1932 948 1999 παρ’
982 1931 1156 2002 ὑμῶν,
1194 1932 1279 1985 ἵνα
1300 1931 1365 2003 δὴ
1407 1934 1502 1989 καὶ
1550 1932 1883 2005 σαφέστερον

1996 1931 2135 1985 tione
2170 1931 2423 2001 genimen
2458 1939 2708 1995 vocatur,
2742 1929 2949 1984 dicatur
2977 1932 3145 1983 etiam
3170 1942 3201 1980 a
3234 1924 3386 1981 vobis
3419 1939 3577 1979 crea-

302 2017 366 2071 δυ
375 2016 716 2088 σφημοῦντες
745 2018 1028 2091 φαίνησθε.

994 2130 1198 2185 AAAO.

593 2244 687 2309 Ὠς
707 2244 776 2309 ἐξ
801 2244 1161 2311 ἀντιθέσεως
1188 2242 1310 2297 τῶν
1355 2244 1595 2299 Ἀετίου.

381 2354 446 2409 Ei
472 2358 774 2428 άμέριστός
804 2360 941 2423 ἐστι,
980 2360 1132 2429 φησὶ,
1183 2358 1283 2429 τὴν
1312 2360 1502 2413 οὐσίαν
1534 2362 1561 2413 6
1599 2359 1751 2425 Θεδς,
1783 2359 1885 2414 οὐκ

301 2449 494 2512 οὐσίας
533 2450 805 2503 διαστάσει
837 2450 895 2503 τὸ
925 2448 1182 2520 γεννηθὲν
1215 2451 1499 2522 ἐγεννήθη,
1530 2451 1642 2504 ἀλλ’
1676 2452 1885 2525 ὑπέστη

304 2542 432 2592 κατ’
456 2540 725 2604 ἐξουσίαν.
758 2542 866 2593 Καὶ
892 2542 1007 2603 πῶς
1040 2541 1108 2594 ἂν
1153 2542 1240 2613 εἴη
1283 2542 1382 2612 τῆς
1424 2544 1593 2614 αὐτῆς
1626 2543 1812 2607 οὐςίας
1849 2546 1881 2614 ή

304 2632 593 2685 ὑποστᾶσα
622 2630 783 2701 φύσις
822 2631 957 2704 πρὸς
989 2632 1087 2703 τὴν
1111 2632 1499 2704 ὑποστήσασαν
1542 2635 1741 2701 αὖιόνς

788 2828 947 2897 Πρὸς
980 2829 1167 2885 ταῦτα
1190 2831 1394 2897 λύσις.

379 2942 457 2996 Τὸ
488 2940 631 3012 μέγα
678 2941 837 2997 τοῦτο
864 2944 958 2997 καὶ
983 2943 1141 3013 βαθὺ,
1174 2942 1429 3016 καθάπερ
1467 2945 1702 3014 οἴονται,
1735 2948 1887 3019 σόφιο

307 3054 447 3107 σμα,
481 3037 542 3091 τὸ
578 3038 651 3109 μὴ
686 3037 1001 3110 μερίζεσθαι
1051 3038 1145 3092 τοῦ
1190 3038 1327 3093 Θεοῦ
1381 3040 1481 3111 τὴν
1510 3042 1723 3109 οὐσίαν,
1784 3045 1885 3115 τῆς

304 3129 482 3199 αὐτῆς
513 3130 695 3194 οὐσίας
726 3126 864 3183 εἷναι
887 3130 977 3184 τὸν
1016 3130 1144 3184 Υίὺν
1168 3132 1245 3204 τῷ
1279 3134 1472 3205 Πατρὶ,
1499 3135 1614 3200 πῶς
1642 3137 1742 3189 οὑκ
1764 3139 1886 3191 επις

304 3221 500 3293 τρέψει
527 3224 674 3293 παρά
707 3225 819 3286 τοῖς
843 3223 1019 3293 ὀρθῶς
1045 3224 1359 3296 δοκιμάζειν
1382 3228 1595 3282 είωθόσι
1616 3230 1683 3283 τά
1709 3232 1885 3301 πράγ-
1915 3212 1957 3270 C

308 3333 497 3387 μάτας
532 3316 851 3384 Λεγὲτωσαν
885 3320 1017 3388 ἡμῖν
1064 3320 1114 3372 οἱ
1161 3319 1324 3373 δεινοὶ
1349 3322 1441 3374 καὶ
1481 3323 1755 3391 φιλαίτιοι.
1810 3327 1884 3379 Οὐ

304 3408 419 3478 γὰρ
474 3406 772 3479 ἐπειδήπερ
820 3407 1112 3479 άμέριστός
1168 3411 1286 3465 ἔστι
1332 3412 1429 3481 τὴν
1463 3412 1700 3470 οὐσίανό
1733 3414 1884 3479 Θεὸς,

302 3497 397 3553 διὰ
420 3495 580 3550 τοῦτο
600 3497 809 3568 καὶτῆς
833 3499 1158 3569 γεννητικῆς
1177 3500 1459 3573 δυνάμεως
1485 3504 1688 3575 ἔρημος
1710 3505 1883 3571 ἔσται,

306 3586 435 3641 καθ’
467 3589 633 3658 ὑμᾶς.
674 3588 785 3641 Καὶ
820 3589 921 3643 οὐκ
953 3590 1226 3659 ἀπόδειξιν
1257 3592 1370 3664 ἔχει
1398 3595 1491 3648 τοῦ
1525 3599 1601 3667 μὴ
1629 3596 1887 3654 δύνασθαι

307 3678 507 3748 γεννᾷν
538 3679 722 3743 αὑτὸν,
744 3679 806 3733 τδ
837 3681 1133 3752 ἀμέριστον
1172 3680 1314 3740 εἶναι
1342 3688 1485 3741 κατὰ
1525 3688 1625 3759 τὴν
1676 3691 1883 3745 οὐσίαν.

307 3769 373 3823 Et
398 3769 456 3823 δὲ
491 3772 660 3841 τιμᾷν
683 3771 884 3827 οῐονται
912 3774 1003 3827 τὸν
1030 3774 1184 3843 Θεὸν,
1222 3777 1488 3844 σώζοντες
1519 3781 1618 3851 μὲν
1652 3783 1797 3853 αὐτῷ
1827 3784 1889 3838 τὸ

312 3859 635 3931 μερίζεσθαι
659 3862 949 3934 μηδαμῶς,
972 3866 1400 3939 ἀποστεροῦντες
1430 3870 1487 3925 δὲ
1512 3871 1608 3925 τοῦ
1629 3872 1887 3930 δύνασθαι

307 3952 529 4022 γεννᾲν,
561 3951 637 4015 ὡς
663 3952 752 4007 διὰ
797 3953 955 4008 τοῦτο
998 3959 1117 4012 κατ’
1156 3958 1406 4025 ἐξουσίαν
1445 3962 1750 4033 ὑποστῆσαι
1795 3964 1887 4019 τὸν

311 4039 463 4101 Υίὸν.
496 4040 845 4097 άκουέτωσαν
873 4042 956 4097 ὅτι
1000 4043 1135 4099 πολὺ
1172 4047 1357 4117 μεῖζον
1405 4047 1501 4101 καὶ
1535 4048 1753 4103 κάλλιον
1790 4050 1889 4121 τῆς

308 4130 433 4186 κατ’
459 4130 581 4196 ἔξου
593 4132 712 4185 σίαν
737 4132 1115 4205 λαμπρότητος
1142 4137 1242 4206 τῆς
1272 4138 1509 4209 φυσικῆς
1540 4140 1819 4211 ἐνεργείας
1852 4144 1887 4213 ἡ

308 4223 491 4294 χάρις.
533 4221 975 4298 Ἀξιολογώτερον
997 4226 1107 4297 γὰρ
1134 4227 1197 4282 τὸ
1227 4229 1539 4301 άμερίστως
1564 4230 1772 4285 οῐεσθαι
1797 4232 1889 4287 τὸν

309 4312 447 4367 Θεὸν
473 4316 669 4385 γεννᾷν
698 4314 757 4381 ἐξ
787 4317 949 4371 αὐτοῦ
985 4319 1209 4392 ἀρρήτῳ
1248 4323 1354 4375 τινὶ
1394 4323 1487 4375 καὶ
1519 4323 1889 4396 άκαταλήπτῳ

308 4406 519 4477 τρόπῳ,
546 4408 579 4478 ἢ
609 4408 696 4461 διὰ
718 4407 779 4461 τὸ
804 4410 879 4480 μὴ
901 4410 1235 4482 μερίζεσθαι,
1264 4413 1385 4470 καθ’
1412 4416 1575 4488 ὑμᾶς,
1604 4417 1740 4487 μηδὲ
1764 4434 1890 4485 γεν-

312 4499 411 4569 νᾷν
442 4498 666 4570 ἰσχύειν.

999 4698 1206 4753 ΔΛΛΟ.

381 4805 448 4861 Et
480 4806 601 4859 κατ’
638 4808 907 4874 ἐξουσίαν,
938 4810 1014 4876 ὣς
1042 4829 1201 4882 φατε,
1235 4813 1327 4868 τὸν
1356 4815 1483 4870 Υίὸν
1524 4818 1834 4890 ὐπέστησεν
1860 4820 1890 4875 ό

305 4897 526 4968 Πατὴρ,
556 4899 825 4969 περιττῶς
854 4902 1099 4957 καλεῖται
1142 4904 1234 4957 καὶ
1283 4906 1428 4970 Υἱός.
1463 4908 1536 4962 Τὸ
1560 4910 1669 4983 γὰρ
1697 4913 1797 4965 οὐκ
1822 4914 1889 4966 ἐκ

310 4992 411 5061 τῆς
438 4988 629 5052 οὐσίας
648 4990 741 5042 τοῦ
773 4991 983 5062 [ἰατρὸς
1008 4994 1289 5065 προελθὸν,
1311 4999 1429 5061 πῶς
1459 4999 1525 5054 ἂν
1555 5001 1767 5070 λέγοιτο
1792 5005 1889 5056 καὶ

306 5082 349 5135 δ
378 5083 544 5147 nec;
579 5082 653 5133 Τὸ
678 5082 734 5135 δὲ
764 5081 828 5136 εκ
848 5101 992 5147 τινος
1022 5086 1163 5141 κατὰ
1196 5087 1359 5158 φύσιν
1385 5092 1665 5162 προελθὸν,
1686 5095 1885 5167 ἐπαλη-

312 5170 576 5226 θεύουσαν
614 5173 727 5242 ἔχει
775 5177 871 5226 καὶ
901 5174 1000 5246 τὴν
1040 5176 1134 5231 τοῦ
1167 5182 1507 5252 γεννήματος
1546 5186 1887 5256 ἐπωνυμίαν.

322 5262 623 5333 Ἐγεννήθη
654 5263 942 5335 τοιγαροῦν
980 5268 1009 5320 ὁ
1041 5267 1190 5333 mg,
1214 5272 1495 5341 δμοούσιος
1523 5273 1630 5346 ἄρα
1658 5276 1735 5347 τῷ
1775 5279 1885 5331 Πα-

309 5356 422 5425 τρί.
454 5355 563 5408 Καὶ
592 5356 692 5427 μία
713 5356 822 5424 γὰρ
848 5359 959 5421 τοῖς
985 5362 1343 5431 γεννωμένοις
1373 5366 1509 5436 πρὸς
1531 5368 1597 5420 τά
1616 5369 1891 5435 γεννῶντα

312 5463 494 5515 φυσις.

995 5549 1199 5605 ΔΛΛΟ.

383 5650 447 5704 Εἰ
482 5649 732 5725 καθάπερ
773 5657 931 5728 ὑμεῖς
962 5661 1139 5715 οἴεσθε
1171 5661 1483 5728 πλανῶντὲς
1535 5681 1593 5717 τε
1629 5667 1723 5719 καὶ
1757 5666 1891 5719 1:1:-

389 5812 449 5842 "'
469 5815 590 5870 Act.
622 5832 671 5881 v,
692 5815 782 5870 29.

1916 4556 1969 4617 D

1990 2030 2109 2077 tura
2150 2035 2292 2089 esse,
2326 2030 2384 2075 ut
2419 2021 2764 2078 manifestior
2793 2019 2867 2075 sit
2897 2028 3081 2075 vestra
3104 2017 3465 2087 blasphemia.

2667 2130 2903 2186 ALIUD.

2472 2246 2559 2302 Ex
2597 2246 2888 2317 objections
2928 2243 3084 2297 Aetii.

2058 2359 2115 2416 Si
2163 2358 2531 2424 indivisibilis,
2575 2359 2773 2427 inquit,
2816 2359 3117 2413 secundum
3164 2358 3455 2413 essentiam
3494 2364 3576 2411 est

1987 2452 2151 2516 Deus,
2182 2467 2285 2506 non
2327 2452 2582 2505 essentia:
2611 2451 2954 2519 separatione
2982 2449 3230 2516 genimen
3258 2458 3572 2519 generatum

1986 2554 2091 2609 est,
2121 2543 2214 2597 sed
2265 2540 2621 2596 constitutum
2670 2550 2752 2593 est
2810 2555 2875 2594 ex
2928 2539 3227 2595 voluntate.
3262 2540 3379 2608 Quo
3417 2551 3576 2609 pacto

1988 2645 2169 2687 autem
2197 2633 2441 2702 ejusdem
2480 2631 2730 2686 essentia:
2765 2644 2888 2685 esse
2918 2631 3089 2700 possit
3130 2640 3322 2685 natura
3366 2632 3574 2687 consti-

1988 2734 2105 2781 tuta
2136 2740 2259 2779 cum
2298 2738 2418 2778 eam
2451 2720 2861 2777 constituente?

2489 2836 2697 2892 Salutio
2750 2836 3077 2907 objectionis.

2054 2953 2253 3023 lugens
2316 2950 2421 3004 hoc
2484 2964 2549 3003 ac
2602 2947 2957 3017 praeclarum,
3007 2956 3067 3003 ut
3118 2947 3456 3019 existimant,
3495 2964 3579 3003 so—

1990 3045 2223 3115 phisma,
2263 3057 2369 3113 quo
2404 3041 2663 3111 colligunt
2709 3054 2777 3094 ex
2822 3053 2888 3094 eo
2921 3040 3068 3109 quod
3111 3042 3358 3109 separari
3397 3041 3575 3094 divina

1990 3137 2225 3191 essentia
2262 3149 2367 3188 non
2404 3133 2593 3202 possit,
2633 3130 2876 3198 ejusdem
2922 3131 3176 3185 essentia
3219 3144 3340 3186 esse
3380 3130 3576 3185 Filium

1991 3243 2112 3283 eum
2160 3227 2347 3288 Patre,
2384 3240 2492 3294 quo
2536 3234 2698 3291 pacto
2740 3235 2848 3277 non
2897 3223 3232 3277 concedatur
3278 3226 3347 3277 ab
3388 3223 3455 3278 iis
3486 3228 3576 3292 qui

1990 3329 2139 3372 reete
2171 3318 2236 3368 de
2264 3311 2727 3383 rebusjudicant?
2753 3312 2823 3364 At
2857 3311 3042 3366 dicant
3069 3312 3227 3367 nobis
3254 3315 3579 3368 contemiosi

1991 3409 2100 3463 isti.
2133 3406 2247 3461 Non
2295 3406 2439 3460 enim
2474 3403 2600 3474 quia
2632 3402 2980 3457 iudivisibilis
3013 3414 3098 3459 est
3141 3406 3441 3459 secundum
3485 3412 3579 3460 es-

1989 3499 2217 3555 sentiam
2250 3496 2415 3563 Dens,
2469 3496 2589 3549 ideo
2623 3495 2789 3549 etiam
2841 3496 3159 3566 generativa
3186 3494 3443 3553 facultate
3489 3512 3581 3552 ca-

1990 3604 2095 3659 ret,
2131 3592 2281 3662 juxta
2332 3603 2568 3643 vestram
2606 3587 2943 3657 opinionem.
2985 3586 3175 3659 Neque
3225 3603 3413 3644 rursus
3451 3591 3581 3659 quia

1992 3682 2336 3740 indivisibilis
2391 3691 2474 3736 est
2524 3680 2821 3735 secundum
2877 3681 3215 3746 essentiam,
3272 3682 3583 3737 declaratur

1990 3787 2255 3846 generare
2291 3788 2395 3827 non
2428 3786 2609 3841 posse.
2648 3770 2719 3825 At
2747 3783 2878 3825 vero
2913 3772 2957 3825 si
3006 3786 3066 3825 se
3098 3770 3265 3825 Deum
3311 3772 3581 3830 honorare
3656 3800 3663 3816 ι

1989 3868 2329 3929 existimant,
2375 3864 2676 3918 tribuentes
2725 3861 2799 3917 illi
2847 3862 2995 3933 quod
3030 3864 3194 3918 dividi
3237 3879 3342 3919 non
3385 3868 3580 3935 possit,

1990 3959 2085 4019 sed
2135 3956 2433 4030 generandi
2472 3954 2732 4011 facultate
2754 3957 3065 4025 Aprivantes,
3104 3965 3161 4009 ut
3202 3971 3269 4012 ex
3309 3958 3410 4013 boc
3444 3959 3581 4015 infe-

1991 4058 2115 4103 rant
2160 4047 2328 4104 Deum
2376 4060 2442 4100 ex
2492 4046 2773 4101 voluntate
2814 4046 3166 4102 constituisse
3212 4046 3429 4115 Filium,
3478 4051 3581 4108 hoc

1991 4153 2180 4198 contra
2236 4138 2460 4193 audiant
2507 4137 2665 4209 longe
2721 4138 2982 4210 majorem
3039 4140 3583 4214 praestantioremqne

1990 4232 2280 4304 splendore
2314 4230 2626 4284 voluntatis
2678 4244 2801 4285 esse
2860 4230 3126 4285 naturalis
3175 4233 3405 4287 actionis
3454 4250 3581 4302 gra-

1996 4326 2149 4380 tiam.
2187 4322 2410 4393 Dignius
2434 4323 2577 4376 enim
2602 4332 2680 4376 est
2711 4324 2779 4375 ita
2806 4322 3028 4387 sentire,
3055 4320 3224 4377 Deum
3254 4324 3484 4379 indivise
3507 4341 3575 4381 ex

1992 4429 2052 4469 se
2078 4427 2364 4483 generare,
2393 4410 2651 4465 ineffabili
2684 4411 2918 4480 quodam
2948 4419 3006 4465 et
3036 4398 3577 4481 incompreltensibili

1996 4508 2177 4571 modo,
2198 4520 2395 4573 quam,
2430 4511 2487 4557 ut
2514 4518 2609 4557 vos
2641 4504 2964 4571 opinamini,
2988 4504 3114 4573 quia
3143 4505 3308 4560 dividi
3346 4518 3401 4561 et
3432 4494 3584 4576 sepa-

1999 4596 2105 4650 rari
2137 4612 2242 4651 non
2268 4604 2466 4665 potest,
2500 4611 2680 4664 neque
2702 4611 2966 4667 generare
2993 4610 3143 4666 posse
3160 4634 3174 4650 .

2602 4708 2711 4779 οι
2744 4706 2977 4763 suun.

2068 4818 2125 4874 Si
2179 4819 2481 4886 voluntate,
2510 4827 2569 4872 ut
2597 4820 2799 4886 dicitis,
2824 4818 3024 4874 Filium
3080 4822 3364 4877 constituit
3396 4822 3581 4890 Pater,

1996 4921 2201 4968 temere
2260 4914 2425 4968 etiam
2466 4921 2689 4966 vocatur
2706 4908 2894 4966 Filius.
2923 4911 3078 4979 Quod
3104 4915 3249 4968 enim
3285 4929 3350 4969 ex
3396 4931 3583 4972 essen-

1998 5006 2066 5059 tia
2102 5004 2276 5059 Patris
2301 5020 2407 5060 non
2438 5002 2725 5074 processit,
2756 5019 2864 5073 quo
2894 5015 3054 5074 pacto
3076 5016 3307 5061 vocetur
3370 5006 3581 5064 Filius?

1996 5094 2146 5161 Quod
2186 5109 2315 5150 vero
2352 5107 2416 5148 ex
2453 5094 2634 5161 aliquo
2680 5095 2977 5148 secundum
3022 5107 3273 5150 naturam
3310 5101 3581 5168 procedit,

2001 5202 2183 5241 verum
2216 5186 2378 5239 etiam
2402 5185 2689 5253 genitninis
2728 5185 3143 5255 appellationem
3186 5188 3367 5243 habet.
3415 5192 3581 5246 Genio

2010 5289 2095 5333 tus
2119 5281 2305 5348 itaque
2328 5294 2458 5333 cum.
2482 5278 2552 5332 sit
2587 5276 2785 5345 Filius,
2812 5277 3187 5333 coessentialis
3227 5282 3390 5334 etiam
3434 5281 3584 5338 l’atrt

1997 5383 2101 5427 est.
2139 5372 2253 5428 Una
2283 5372 2425 5426 enim
2467 5382 2551 5427 est
2592 5379 2791 5425 natura
2822 5370 3155 5441 gignentium
3188 5383 3445 5431 eteorum
3466 5391 3585 5445 qua:

1990 5464 2307 5535 gignuntur.

2663 5552 2894 5609 ALIUD.

2070 5667 2152 5729 Si,
2190 5668 2656 5735 quemadmodum
2689 5683 2785 5724 vos
2815 5670 3053 5727 censetis
3082 5670 3198 5727 falsi
3228 5684 3274 5728 et
3308 5672 3574 5737 fallentes,
