4048 6448
293 459 398 522 ηπ
1696 439 2140 503 russwnus.
3454 438 3558 499 iss

291 576 403 634 τῶν
432 575 578 635 κατὰ
612 574 780 637 θέσιν,
834 571 1121 645 ὁμοοόσιος
1167 573 1278 645 ἄρα
1327 571 1406 642 τῷ
1452 568 1570 623 κατ’
1622 564 1853 637 ἀλήθεια

1984 556 2155 612 Filius
2194 563 2376 610 autem
2408 562 2493 610 est
2523 567 2587 609 es
2622 553 2688 608 iis
2710 552 2802 623 qui
2833 565 2961 611 vere
2988 552 3160 623 geniti
3192 560 3344 622 sunt,
3367 554 3555 626 longe-

294 668 479 735 αὐτὸν,
505 668 623 723 ἀλλ’
647 667 707 721 οὔ
740 644 912 730 θέσει,
942 665 1292 738 γεγεννηκότι
1321 661 1461 734 Θεῷ.

1976 662 2082 719 que
2097 647 2442 719 praestantior
2462 660 2622 732 quam
2641 645 2733 717 qui
2756 644 3083 715 adoptione;
3109 645 3555 720 consubstantia-

1242 796 1245 797 ν
1974 740 2246 810 lisitaque
2265 746 2350 794 est
2382 737 2494 795 Deo
2524 740 2617 809 qui
2643 752 2767 794 eum
2799 751 2907 795 non
2928 737 3240 808 adoptione,
3275 738 3373 796 sed
3428 754 3557 797 vere

1977 844 2041 885 ac
2065 830 2391 886 naturaliter
2415 831 2623 907 genuit.

2641 943 2877 1003 ALIUD.

359 1066 427 1120 Et
474 1065 536 1119 τὸ
570 1064 842 1129 οὐσιωδῶς
885 1062 1229 1136 γεννώμενον
1263 1061 1606 1136 ξκληρονομεῖ
1637 1060 1737 1133 τὴν
1778 1057 1853 1114 τοῐ

2048 1058 2108 1115 Si
2147 1059 2292 1130 quod
2314 1057 2745 1114 substantialiter
2772 1058 3015 1130 genitum
3047 1068 3149 1125 est,
3175 1061 3442 1132 genitoris
3470 1077 3561 1120 es-

283 1156 679 1228 γεγεννηκότος
701 1155 913 1224 οὐσίαν,
949 1155 1072 1227 ἔχον
1099 1155 1305 1224 ταύτην
1351 1156 1408 1208 ἐν
1437 1152 1637 1223 ἑαυτῷ,
1668 1152 1782 1223 ἔχει
1814 1151 1853 1205 64‘

1974 1151 2203 1207 sentiam
2232 1150 2493 1222 possidet,
2516 1150 2722 1208 habens
2753 1165 2877 1208 eam
2901 1151 2954 1206 in
2981 1166 3041 1207 se
3061 1170 3075 1207 :
3093 1152 3260 1209 Filius
3283 1167 3414 1209 vero
3433 1168 3560 1226 pos-

286 1249 467 1304 πάντα
494 1248 565 1302 τὰ
593 1248 687 1302 τοῦ
716 1247 933 1319 Πατρὸς
964 1248 993 1301 '6
1028 1247 1158 1313 Υἱὸς
1177 1286 1193 1315 ,
1234 1243 1511 1318 οὐσιωδῷς
1541 1244 1651 1316 ἄρα
1678 1244 1853 1315 γεγέν-

1973 1243 2117 1298 sidet
2144 1242 2330 1298 omnia
2353 1257 2471 1314 qua:
2494 1241 2674 1299 Patris
2711 1250 2880 1313 sunt;
2917 1243 3286 1301 essentialiter
3312 1259 3446 1317 ergo
3463 1260 3560 1317 ge-

285 1355 469 1412 νηται.
1455 1333 1461 1338 ’

1971 1333 2120 1389 nitus
2148 1340 2253 1390 est.

984 952 1194 1007 ΔΔΔΟ.
1564 948 1601 975 '

2641 1446 2876 1504 ALIUD.

351 1561 419 1615 ιι
468 1560 633 1632 μηδιν
657 1561 769 1615 τῶν
808 1560 947 1631 μετὰ
974 1558 1067 1614 τὸν
1098 1558 1227 1614 Υίὸν
1276 1560 1341 1613 εκ
1373 1559 1450 1631 μὴ
1483 1559 1654 1613 ὅντων
1680 1556 1853 1619 οὐσίας

2045 1554 2107 1612 Si
2140 1569 2301 1611 nemo
2329 1563 2451 1626 post
2478 1553 2679 1610 Filium
2711 1569 2777 1610 ex
2810 1554 2984 1610 nihilo
3032 1554 3371 1613 substantias
3430 1572 3560 1629 pro-

278 1650 595 1723 ὑφεστησιν,
644 1651 908 1723 ὕφίστησι
955 1652 1013 1706 δὲ
1060 1653 1090 1706 6
1138 1652 1290 1719 Υἱὸς,
1328 1653 1427 1707 οὐκ
1470 1653 1579 1725 ἄρα
1608 1652 1718 1705 τῶν
1753 1664 1853 1722 μετ

1974 1647 2145 1714 ducit,
2178 1647 2432 1717 producit
2459 1656 2642 1702 autem
2668 1645 2880 1703 Filius:
2912 1662 3019 1703 non
3054 1648 3223 1718 igitur
3244 1649 3354 1706 erit
3405 1650 3559 1721 ejus-
3614 1652 3624 1662 '

963 1450 1175 1504 ΔΛΛΟ.

278 1740 445 1798 αὐτὸν
493 1740 643 1796 ἔσται
677 1741 985 1815 συγγενὴς,
1021 1742 1161 1797 ἀλλὰ
1199 1743 1281 1814 τῷ
1330 1745 1396 1799 ἑκ
1432 1740 1508 1814 μὴ
1546 1731 1718 1796 ὅντων
1759 1741 1865 1811 ὑφ-

1974 1738 2096 1794 dem
2123 1738 2346 1810 generis
2379 1754 2505 1796 cum
2531 1739 2599 1795 iis
2634 1738 2727 1809 qui
2759 1748 2883 1810 post
2915 1740 3090 1810 ipsum
3114 1749 3264 1808 sunt,
3323 1742 3419 1798 sed
3478 1744 3556 1798 illi

276 1832 505 1888 ιστῶντι
533 1833 841 1905 όμοούσιος.
859 1833 942 1887 Τὰ
963 1833 1073 1906 γὰρ
1085 1834 1184 1906 τῆς
1213 1834 1385 1906 αὐτῆς
1412 1833 1696 1907 ὶνεργείας
1714 1833 1853 1897 6m,

1974 1829 2068 1898 qui
2103 1845 2169 1885 ex
2197 1829 2369 1885 nihilo
2400 1830 2655 1900 producit
2684 1830 3196 1886 consubstantialis.
3221 1831 3354 1899 Qua:
3409 1835 3557 1889 enim

275 1922 375 1979 καὶ
398 1924 499 1994 τῆς
527 1923 697 1994 αὐτῆς
723 1923 912 1988 οὐσίας
942 1922 1344 1997 ὡμολόγηνται.

955 2127 1161 2181 ΑΛΛΟ.

347 2239 413 2294 Et
444 2238 512 2293 τὰ
536 2239 635 2310 τῆς
676 2240 847 2311 αὐτῆς
888 2241 1172 2313 ἐνεργείας
1214 2238 1651 2312 ἀπαραλλάκτως
1683 2240 1864 2313 ὑπάρ-

271 2346 461 2403 χοντα,
511 2332 606 2386 καὶ
649 2334 751 2404 τῆς
780 2333 955 2397 αὐτῆς
985 2332 1173 2396 οὐσίας
1207 2333 1607 2405 ὡμολόγηνται,
1658 2332 1773 2386 ἔστι
1806 2334 1863 2388 δὲ

270 2423 375 2494 τῆς
406 2424 576 2494 αὐτῆς
618 2422 697 2495 τῷ
730 2416 906 2496 nam
955 2423 1239 2495 ἐνεργείας
1279 2426 1309 2478 6
1355 2424 1505 2494 Υἱὸς,
1548 2424 1728 2478 πάντα
1762 2424 1865 2479 ὅσα

273 2517 426 2570 ποιεῖ
446 2517 539 2569 ut
570 2516 734 2580 αὐτὸς
764 2516 967 2587 ὁμοίως
1002 2517 1199 2581 ποιῶν,
1226 2515 1677 2587 ὁμολογουμένως
1708 2516 1861 2572 ἔσται

271 2607 372 2662 καὶ
410 2607 509 2678 τῆς
556 2608 729 2680 αὐτῆς
758 2608 980 2675 οὐσίας,
1026 2608 1115 2663 διὰ
1161 2608 1223 2662 τὸ
1256 2608 1352 2663 καὶ
1390 2608 1488 2678 τῆς
1518 2607 1689 2680 αὐτῆς
1718 2604 1863 2664 εἶναι

272 2699 580 2771 ἐνεργείας.

955 2819 1159 2873 ΔΛΛΟ.

346 2926 412 2982 ει
442 2927 603 2998 φύσει
628 2912 761 2994 Θεός
791 2931 939 2983 ἐστιν
969 2930 999 2983 6
1025 2929 1236 3001 Πατὴρ,
1265 2929 1383 2985 ἀλλ’
1405 2928 1467 2983 οὗ
1498 2934 1725 3003 μετοχῇ,
1745 2929 1861 2985 εστι

267 3016 331 3071 δδ
363 3018 525 3089 φύσει
549 3018 683 3084 Θεὸς
728 3021 822 3073 καὶ
850 3022 880 3074 6
917 3019 1063 3084 Υἱός.
1101 3021 1273 3093 Εἵπερ
1300 3022 1410 3075 τῶν
1449 3023 1590 3077 κατὰ
1624 3024 1859 3095 μετοχὴν

270 3109 569 3182 ὑπερέχει,
619 3111 719 3183 τῆς
746 3111 917 3185 αὐτῆς
946 3112 1055 3185 ἄρα
1106 3112 1329 3183 φύσεως
1354 3112 1504 3171 ἔσται
1546 3115 1625 3188 τῷ
1656 3116 1853 3189 Πατρὶ,

268 3200 392 3257 ἀλλ’
418 3202 478 3255 οὐ
508 3205 622 3266 τοῖς
648 3203 793 3259 κατὰ
827 3207 1084 3278 μετοχήν.

1893 1899 1942 1960 Β
1967 1920 2209 1990 ejusdem
2232 1899 2461 1978 actionis
2478 1921 2923 1994 operationisque
2954 1931 3100 1991 sunt,
3119 1924 3360 1994 ejusdem
3389 1926 3558 1981 etiam

1966 2021 2094 2069 sunt
2120 2013 2459 2071 substantiae.

2640 2126 2802 2187 ALIU
2812 2130 2873 2185 D.

2040 2235 2096 2292 Si
2131 2252 2250 2307 quat
2278 2237 2521 2308 ejusdem
2540 2252 2767 2309 prorsus
2817 2238 3072 2297 actionis
3104 2242 3558 2313 operationisque

1968 2339 2114 2397 sunt,
2144 2331 2390 2405 ejusdem
2410 2339 2464 2387 et
2494 2332 2813 2387 substantia
2845 2342 2993 2402 sunt,
3027 2340 3083 2389 et
3116 2333 3289 2390 Filius
3309 2334 3553 2404 ejusdem

1967 2429 2053 2476 est
2070 2435 2189 2476 cum
2220 2421 2380 2478 Patre
2397 2422 2654 2488 actionis,
2689 2425 2870 2480 omnia
2892 2440 3015 2496 qua
3048 2425 3178 2483 facit
3199 2426 3363 2483 Pater
3394 2431 3553 2484 suni-

1966 2509 2092 2567 liter
2118 2521 2174 2566 et
2202 2513 2315 2582 ipse
2334 2512 2562 2579 faciens,
2581 2508 2685 2570 erit
2709 2526 2858 2572 certe
2887 2519 3050 2574 etiam
3085 2508 3330 2591 ejusdem
3363 2534 3552 2578 essen-

1970 2602 2076 2670 tia,
2106 2603 2225 2660 ideo
2246 2605 2386 2674 quod
2410 2605 2650 2675 ejusdem
2681 2608 2754 2664 sit
2783 2610 3136 2680 operationis.

2646 2806 2876 2864 ALIUD.

2038 2918 2095 2974 Si
2121 2921 2280 2978 Pater
2305 2932 2385 2979 cst
2404 2923 2726 2981 naturaliter
2756 2923 2923 2991 Deus,
2947 2940 3051 2981 non
3090 2936 3272 2983 autem
3327 2931 3553 2998 partici-

1965 3012 2203 3080 patione,
2232 3025 2318 3069 est
2342 3030 2471 3070 vero
2495 3016 2657 3070 etiam
2681 3014 2856 3071 Filius
2886 3018 3207 3073 naturaliter
3242 3020 3405 3079 Deus.
3474 3023 3552 3078 At

1964 3103 2010 3156 si
2045 3102 2112 3159 iis
2136 3103 2227 3174 qui
2249 3105 2662 3176 participatione
2694 3107 2765 3162 dii
2794 3108 2924 3163 ﬁunt
2952 3109 3108 3181 longe
3138 3121 3222 3169 est
3256 3116 3507 3185 superior
3526 3132 3546 3173 :

1886 3235 1929 3292 ο
1963 3195 2205 3264 ejusdem
2234 3211 2363 3267 ergo
2390 3207 2599 3253 natura:
2651 3198 2757 3253 erit
2786 3214 2907 3255 cum
2956 3200 3136 3269 Patre,
3196 3220 3304 3261 non
3364 3219 3545 3266 autem

1857 3315 1864 3323 -
1894 3286 1927 3292 '
1965 3300 2085 3339 cum
2120 3286 2184 3341 iis
2215 3288 2306 3356 qui
2357 3289 2701 3357 participant.

942 3402 1147 3460 AAAO.

339 3532 405 3591 Et
440 3533 674 3604 μετοχῇ,
707 3530 821 3585 ἀλλ’
861 3532 921 3586 οὐ
955 3533 1137 3603 φύσει,
1166 3535 1300 3602 Θεὸς
1336 3538 1366 3590 6
1396 3537 1543 3603 Υἱὸς,
1571 3537 1757 3591 πολλοὶ
1792 3539 1851 3592 δὲ

264 3626 321 3683 οι
372 3624 515 3680 κατὰ
570 3624 806 3696 μετοχὴν
855 3624 1003 3691 θεοὶ,
1056 3628 1208 3682 οὐδὲν
1248 3628 1355 3700 ἄρα
1400 3629 1684 3695 πλεονάζει
1743 3629 1853 3682 τῶν

267 3714 485 3770 πολλῶν
514 3716 595 3778 είς
623 3713 898 3786 ὑπεροχὴν
922 3716 1133 3781 οὐσίας.
1166 3717 1229 3771 Εἰ
1260 3717 1315 3772 δὲ
1342 3719 1417 3789 μὴ
1444 3718 1597 3772 ἔσται
1625 3720 1847 3790 μετοχῇ,

265 3807 353 3862 ὅτι
383 3806 491 3859 τῶν
515 3804 658 3857 κατὰ
687 3807 922 3878 μετοχὴν
950 3808 1113 3873 αὑτός
1138 3809 1252 3863 ἐστι
1280 3810 1529 3881 ποιητὴς,
1560 3812 1660 3881 τῆς
1682 3810 1853 3881 αὐτῆς

265 3902 382 3974 ἄρα
428 3898 644 3969 φύσεως
694 3896 847 3953 ἔσται
896 3899 975 3971 τῷ
1033 3901 1233 3974 Πατρὶ,
1281 3899 1396 3956 ἀλλ’
1440 3901 1502 3955 οὺ
1547 3904 1658 3965 τοῖς
1709 3899 1853 3955 κατὰ

270 3992 529 4067 μετοχὴν·

944 4102 1149 4157 ΔΛΔΟ.

340 4221 405 4275 Et
445 4222 597 4275 πᾶσα
628 4219 785 4289 οζδσία
824 4216 1039 4289 λογικὴ,
1071 4215 1134 4269 οὒ
1182 4214 1331 4287 μόνῳ
1364 4210 1455 4286 ’τῷ
1488 4215 1686 4285 θέλειν,
1714 4216 1852 4271 ἀλλὰ

264 4313 365 4367 καὶ
392 4310 474 4382 τῷ
505 4312 749 4382 ἐνεργεῖν
777 4310 870 4363 καὶ
913 4309 1143 4379 πάσχειν
1180 4307 1524 4379 δημιουργεῖ,
1563 4308 1697 4379 μόνη
1731 4308 1790 4362 δὲ
1814 4311 1848 4381 ἡ

265 4402 567 4475 ἁγέννητος
600 4401 760 4456 οὐσία
783 4400 861 4471 τῷ
887 4400 1064 4455 θέλειν
1091 4400 1184 4453 καὶ
1218 4400 1292 4471 μὴ
1320 4400 1572 4471 πάσχειν,
1597 4400 1767 4457 θέλων
1792 4403 1850 4456 δὲ

266 4495 363 4550 καὶ
400 4495 477 4566 μὴ
523 4494 748 4563 πάσχων
782 4492 1105 4563 δημιουργεῖ
1131 4492 1160 4544 6
1192 4490 1341 4554 Υἱὸς,
1379 4491 1478 4561 τῆς
1521 4492 1581 4545 ὲν
1626 4491 1846 4565 θελήσει

2647 3402 2879 3459 ALIUD.

2035 3531 2090 3586 Si
2127 3534 2560 3603 participatione,
2591 3551 2696 3591 non
2764 3547 2944 3592 autem
2990 3546 3205 3605 natura,
3251 3544 3363 3615 33
3399 3525 3555 3602 Deus

1962 3632 2043 3678 cst
2103 3623 2295 3691 Filius,
2331 3625 2485 3681 multi
2521 3641 2650 3682 vero
2679 3637 2805 3681 sunt
2834 3629 3253 3698 participatione
3280 3635 3375 3699 dii,
3408 3633 3541 3689 nihil

1963 3717 2147 3786 itaque
2166 3718 2429 3787 dignitate
2446 3720 2700 3776 essentia:
2728 3710 2851 3774 aliis
2869 3724 3158 3777 antecellit.
3194 3723 3249 3778 Si
3269 3739 3398 3780 vero
3433 3741 3541 3781 non

1960 3808 2377 3877 participatione
2403 3811 2541 3881 (ipse
2562 3811 2705 3867 enim
2739 3820 2821 3867 est
2842 3812 3083 3869 omnium
3107 3814 3199 3883 qui
3215 3816 3543 3886 participant

1959 3900 2481 3972 creator),ejusdem
2513 3902 2678 3973 igitur
2702 3906 2806 3961 erit
2833 3916 3041 3963 natura:
3074 3924 3195 3963 cum
3226 3909 3543 3979 Patre,'uon

1959 4006 2081 4046 cum
2111 3993 2180 4049 iis
2212 3996 2306 4064 qui
2329 3994 2677 4065 participant.

2631 4109 2864 4167 ALIUD.

2034 4219 2089 4275 Si
2122 4220 2299 4277 omnis
2325 4223 2560 4278 essentia
2593 4225 2893 4291 rationalis,
2925 4242 3033 4283 non
3081 4227 3360 4287 voluntate
3393 4233 3538 4302 sola,

1960 4312 2053 4368 sed
2084 4313 2295 4382 agendo
2313 4323 2370 4368 et
2398 4315 2653 4383 patiendo
2676 4327 2935 4385 operatur
2969 4334 2985 4371 :
3013 4319 3125 4374 sola
3159 4330 3339 4377 autem
3385 4318 3539 4396 inge-

1958 4406 2071 4459 nita
2106 4406 2343 4461 essentia
2378 4406 2609 4462 voleudo
2642 4417 2697 4462 et
2718 4425 2825 4488 non
2852 4410 3104 4480 patiendo
3139 4427 3155 4467 :
3191 4415 3379 4472 volens
3405 4432 3535 4473 vero

1958 4509 2146 4555 etnon
2179 4500 2391 4570 patiens
2432 4509 2691 4572 operatur
2731 4501 2937 4571 Filius;
2970 4506 3089 4575 ejus
3118 4522 3247 4578 ergo
3288 4512 3540 4569 essentia

269 4587 409 4659 μόνῃ
441 4583 886 4656 δημιουργούσης
932 4582 1121 4645 οὐσίας
1168 4580 1341 4650 ὸστὶν,
1393 4581 1509 4635 ἀλλ’
1536 4584 1596 4636 οὐ
1623 4584 1724 4656 τῆς
1761 4586 1850 4637 εν-

1960 4600 2042 4647 est
2060 4608 2179 4662 qua:
2209 4592 2486 4650 voluntate
2523 4592 2641 4650 sola
2688 4604 2969 4665 Operatur,
3028 4612 3133 4652 non
3185 4613 3282 4670 per
3327 4602 3537 4671 passio.

265 4676 538 4748 εργούσης
564 4673 706 4728 κατὰ
733 4672 929 4739 πάθος.

942 4786 1146 4842 ΛΛΔΟ.

336 4904 400 4958 El
440 4904 549 4959 πᾶν
593 4900 655 4956 τὸ
696 4903 965 4972 γεννῆσαν
1004 4901 1065 4956 οὐ
1108 4900 1281 4965 νόθον,
1334 4900 1623 4971 όμοούσιον
1669 4901 1849 4973 ἑαυτῷ

264 4996 587 5067 γεγέννηκε,
619 4994 917 5066 γεγέννηκε
962 4992 1019 5045 δὲ
1062 4993 1090 5046 6
1118 4992 1250 5055 Θεὸς
1279 4992 1370 5045 τὸν
1398 4994 1679 5064 Μονογεννῆ
1699 5034 1713 5055 ,
1749 4995 1849 5048 οὐκ

267 5085 400 5139 ὄντα
425 5085 602 5150 νόθον,
644 5084 928 5155 δμοοὺσιον
958 5081 1066 5152 ἄρα
1106 5080 1283 5152 έαυτῷ
1308 5081 1657 5152 γεγέννηκεν.
1692 5083 1755 5135 Ei
1790 5082 1848 5135 δὲ

267 5176 435 5242 γεννᾷ
490 5174 612 5245 μὲν,
647 5173 800 5234 νόθον
832 5174 888 5227 δὲ
914 5172 1181 5245 γεννήσας
1213 5173 1276 5227 οὐ
1306 5173 1623 5245 γεγέννηκε.
1653 5175 1850 5247 Χεῖρον

268 5265 379 5338 γὰρ
404 5266 468 5319 τὸ
498 5265 651 5344 παρὰ
683 5264 844 5336 φύσιν
868 5261 963 5319 τοῦ
997 5264 1241 5336 αηδόλως
1269 5265 1652 5336 γεγεννῆσθαι.

938 5472 1141 5526 ΔᾹΔΟ.

337 5585 403 5643 EI
449 5586 542 5641 τὸν
591 5587 869 5660 Μονογενῆ
942 5588 1210 5658 γεννήσας
1257 5588 1287 5641 6
1342 5588 1475 5652 Θεὸς
1521 5589 1615 5642 καὶ
1659 5592 1848 5663 Πατὴρ

267 5683 593 5755 κρειττόνως
632 5681 791 5753 ἡμῶν
844 5681 1183 5752 γεγέννηκε,
1234 5681 1530 5748 γεννῶντες
1580 5682 1636 5736 δὲ
1685 5685 1848 5753 ἡμεῖς

267 5770 699 5843 προῦπάρχομεν
726 5770 835 5824 τῶν
863 5773 1301 5845 γεγεννημένων,
1329 5775 1463 5840 Θεὸς
1506 5778 1613 5848 ἄρα
1641 5780 1847 5847 γεννῶν

266 5863 328 5916 οὐ
386 5863 753 5937 προῦπάρχει.
807 5864 872 5917 EI
918 5864 977 5919 δὲ
1029 5866 1293 5931 ὡσαύτως
1337 5869 1469 5940 ἡμῖν
1517 5872 1845 5944 γεγέννηκεν

583 5960 851 6022 Parnm.
899 5960 1014 6022 Gtt.
1066 5963 1290 6027 LXXV.

1954 4699 2098 4740 nem.

2617 4799 2850 4856 ALIUD.

2026 4909 2081 4964 Si
2110 4911 2372 4982 quidquid
2399 4915 2588 4985 genuit
2614 4930 2721 4971 non
2760 4915 3031 4985 spurium,
3068 4921 3539 4977 consubstantiale

1953 5000 2057 5056 sibi
2083 5003 2183 5073 ipsi
2215 5005 2419 5072 genuit,
2444 5005 2587 5061 Deus
2610 5015 2791 5061 autem
2818 5008 3004 5076 genuit
3030 5007 3402 5080 Unigenitum,
3426 5028 3535 5068 non

1953 5096 2234 5164 spurium;
2266 5097 2930 5169 ergo’cousubstantialem
2961 5101 3062 5157 sibi
3086 5104 3293 5172 genuit.
3326 5102 3383 5159 Si
3412 5104 3539 5175 qui-

1952 5185 2076 5243 dem
2106 5188 2299 5258 gignit,
2330 5189 2423 5245 sed
2453 5192 2699 5260 spurium
2730 5191 3085 5262 gignensuon
3112 5195 3319 5263 genuit.
3378 5194 3538 5266 Pejus

1952 5280 2097 5335 enim
2130 5291 2210 5337 est
2246 5292 2444 5351 praeter
2472 5292 2722 5339 naturam
2750 5297 2895 5352 esse,
2930 5301 3092 5355 quam
3140 5287 3192 5342 in
3220 5288 3535 5343 universum

1954 5371 2197 5439 genitum
2229 5386 2333 5427 non
2361 5388 2501 5430 esse.

2626 5487 2856 5546 ALIUD.

2024 5598 2080 5653 Si
2112 5614 2232 5653 cum
2270 5598 2414 5654 Deus
2463 5615 2526 5655 ac
2556 5599 2714 5656 Pater
2752 5601 3099 5673 Unigenitum
3148 5606 3333 5676 genuit
3382 5606 3538 5674 longe

1952 5690 2325 5759 praestantiore
2357 5691 2516 5746 modo
2559 5707 2721 5761 quam
2750 5709 2849 5748 nos
2872 5695 3090 5765 genuit;
3124 5711 3224 5751 uos
3256 5712 3385 5753 vero
3413 5712 3536 5750 cum

1954 5792 2277 5849 generamus
2328 5780 2540 5845 priores
2590 5795 2749 5850 quam
2793 5784 2883 5851 qui
2931 5800 2997 5840 ex
3040 5787 3194 5841 nobis
3244 5788 3539 5858 gignuntur

1954 5871 2299 5939 exsistimus;
2330 5869 2475 5928 Deus
2495 5885 2625 5945 ergo
2644 5872 2836 5931 Filium
2856 5876 3081 5948 gignens
3108 5878 3257 5945 prior
3280 5882 3397 5949 ipso
3427 5895 3534 5936 non

3147 5974 3182 6035 5
