4048 6420
1517 415 1573 470 8.
1618 410 1891 471 CYRILLI
1934 408 2106 463 ALEX

2218 405 2401 461 DlllNl
2443 401 2763 460 ARCHIEP.
3687 400 3781 454 ιιι

1211 536 1438 589 ALIUD.
2137 531 2180 586 Α
2890 520 3094 575 ΑΛΛΟ.

603 661 730 727 Qua:
759 656 999 724 ejusdem
1036 651 1353 707 substantia:
1383 656 1509 703 sunt
1540 654 1595 701 et
1650 655 1881 708 naturae,
1926 643 2101 711 magis

2276 637 2358 689 Τὰ
2386 637 2486 705 τῆς
2525 636 2694 704 αὐτῆς
2738 634 2925 698 οὐσίας
2967 633 3097 686 ὄντα
3148 631 3243 683 καὶ
3292 629 3510 698 φύσεως
3552 628 3644 681 καὶ
3688 629 3781 698 τὴν

532 723 695 805 etiam
735 747 951 819 proprie
977 745 1121 798 inter
1151 756 1210 797 se
1243 738 1476 795 conferri
1506 745 1761 807 possunt;
1794 749 1913 805 qua:
1973 747 2103 788 vero

2210 729 2344 800 πρὸς
2374 728 2578 797 ἄλληλα
2625 728 2913 797 σύγκρισιν
2944 723 3288 795 κυριωτέραν
3335 723 3674 793 ἐπιδέχεται⁹
3718 733 3783 774 τι

534 844 607 895 ita
635 811 755 895 sese
780 811 889 893 non
923 837 1144 898 habent,
1169 833 1262 887 sed
1286 831 1514 885 diversa:
1542 836 1754 881 natura:
1774 835 1920 886 sunt,
1940 834 2102 893 atque

2210 821 2257 874 δὲ
2293 820 2366 891 μὴ
2391 820 2559 883 οὕτως
2588 818 2800 890 ιχοντα,
2832 814 3099 888 ἑτεροφυῆ
3123 815 3181 869 δὲ
3203 815 3356 878 ὄντα,
3378 814 3476 868 καὶ
3506 814 3593 867 διὰ
3631 811 3784 865 τοῦτο

530 946 593 986 ea
630 934 695 986 de
723 942 886 985 causa
910 924 1229 982 diversitate
1256 919 1497 991 quadam
1530 918 1673 973 inter
1706 932 1767 972 se
1824 916 2099 979 distincta,

2210 913 2513 983 τεμνόμενα
2568 912 2700 983 πρὸς
2756 909 3181 980 ἀλλοτριότητα,
3239 907 3339 960 οὐκ
3398 907 3467 960 ἂν
3537 904 3783 976 ἀλλήλοις

532 1019 830 1092 comparari
878 1016 982 1073 sibi
1022 1014 1250 1071 invicem
1303 1026 1407 1065 non
1446 1017 1696 1080 possunt.
1746 1005 1929 1075 Neque
1954 1004 2101 1059 enim

2210 1007 2556 1075 συγκρίνοιτο
2576 1021 2589 1035 ο
2619 1003 2945 1058 ἀπαιδευσία
2979 1003 3088 1073 γὰρ
3119 1001 3279 1053 τοῦτό
3323 1016 3408 1068 γε.
3455 1001 3533 1053 οὐ
3565 998 3673 1070 γάρ
3722 997 3786 1051 ἄν

532 1088 817 1183 quicquam
839 1110 943 1165 nisi
965 1106 1153 1177 judicii
1182 1106 1359 1173 inops,
1386 1100 1619 1157 hominis
1650 1108 1899 1153 naturam
1925 1096 2103 1165 inqui-

2210 1111 2288 1157 τις
2318 1095 2461 1148 sirm
2486 1094 2609 1148 νοῦν
2641 1093 2797 1163 ἔχων,
2826 1092 3050 1161 μείζονα
3071 1091 3167 1144 τοῦ
3192 1090 3484 1160 ἀνθρώπου
3520 1092 3615 1142 τὸν
3638 1088 3783 1158 βοῦν,

532 1178 845 1269 τρυε-ἀίσσω
876 1202 1066 1258 bovem
1091 1197 1311 1255 homine
1338 1193 1604 1263 majorem
1632 1203 1777 1253 esse,
1818 1197 1910 1243 aut
1940 1188 2101 1242 vicis-

2210 1186 2311 1255 τὴν
2340 1186 2627 1255 ἀνθρώπου
2654 1186 2814 1254 φύσιν
2844 1182 3113 1253 ἐρευνῶν·
3146 1182 3257 1235 οὐδ’
3286 1178 3354 1235 αὖ
3390 1181 3554 1234 πάλιν
3573 1180 3674 1251 τὴν
3694 1179 3785 1234 τοῦ

531 1297 632 1353 sim
645 1295 797 1351 bovis
815 1303 1063 1348 naturam
1109 1304 1268 1347 nosse
1297 1286 1506 1348 volens,
1536 1282 1680 1338 dicat
1707 1280 1980 1337 hominem
2030 1293 2097 1333 eo

2212 1278 2331 1348 βοὸς
2356 1277 2620 1347 ἐκμαθεῖν
2652 1277 2912 1348 βούλοιτο,
2932 1275 3155 1347 μείζονα
3170 1275 3364 1327 τούτου
3388 1275 3481 1326 τὸν
3502 1274 3786 1345 ἄνθρωπον

530 1389 789 1457 majorem
817 1399 957 1440 esse.
1004 1382 1134 1449 Qum
1175 1381 1317 1435 enim
1350 1375 1590 1447 ejusdem
1624 1383 1832 1429 natura:
1872 1385 1937 1425 ac
1975 1384 2102 1440 spe-

2210 1373 2371 1440 λέγοι,
2406 1371 2487 1425 Τά
2515 1370 2625 1440 γὰρ
2662 1372 2874 1440 ὁμοφυῆ
2906 1385 2966 1421 τε
2998 1369 3093 1421 καὶ
3121 1366 3343 1437 όμοειδῆ
3370 1405 3384 1428 ,
3427 1366 3685 1437 καθάπερ
3714 1364 3789 1416 εῖ-

530 1454 632 1535 eiei
659 1486 802 1541 sunt,
828 1485 888 1530 ut
914 1475 1114 1529 dictum
1142 1480 1246 1535 est,
1279 1484 1340 1523 ea
1367 1465 1651 1522 commode
1684 1474 1919 1532 apteque
1961 1461 2104 1515 inter

2210 1478 2393 1533 ρηται,
2426 1460 2527 1531 τὴν
2555 1460 2690 1530 πρὸς
2718 1458 2924 1528 άλληλα
2951 1456 3243 1527 σύγκρισιν
3277 1454 3577 1508 ἀκόλουθόν
3600 1470 3661 1507 τε
3692 1454 3789 1507 καὶ

539 438 639 492 145

529 1569 979 1627 seconforuntur.
1018 1565 1073 1619 Si
1116 1565 1298 1632 itaque
1325 1560 1625 1621 confertur,
1649 1557 1943 1612 secundum
1986 1568 2103 1618 vos,

532 1662 700 1717 Filius
724 1676 845 1715 cum
867 1657 1044 1720 Patre,
1079 1655 1289 1709 ratione
1321 1649 1541 1719 majoris
1574 1656 1629 1704 et
1680 1647 1931 1711 minoris,
1971 1660 2107 1699 eon-

531 1750 902 1809 substantialis
929 1756 1079 1804 certe
1103 1759 1276 1815 neque
1309 1742 1559 1797 diversus
1587 1740 1654 1795 ab
1682 1752 1747 1793 eo
1804 1738 1931 1793 erit.
1962 1737 2105 1792 Con-

529 1840 877 1897 substantiale
907 1847 1085 1891 autem
1116 1850 1223 1888 non
1260 1840 1436 1902 potest
1500 1826 1954 1885 censubstantiall
1992 1840 2105 1879 ma-

2210 1552 2525 1622 πρέπουσαν
2553 1551 2689 1635 εχει.
2719 1551 2781 1603 Εἰ
2819 1549 3002 1602 τοίνυν
3030 1549 3419 1619 συγκρίνεται,
3457 1549 3584 1602 καθ’
3622 1548 3788 1618 ὑμᾶς.

2202 1646 2233 1697 6
2259 1645 2386 1707 Υἱὸς
2412 1644 2489 1714 τῷ
2521 1645 2695 1714 Ilath
2724 1642 2863 1696 κατὰ
2892 1642 2953 1694 τὸ
2988 1640 3174 1711 μεῖζον
3199 1642 3295 1696 καὶ
3328 1641 3573 1705 ιλα-ττον,
3599 1640 3790 1711 όμοού-

2208 1757 2322 1803 σιος
2360 1740 2469 1810 ἄρα
2501 1738 2593 1792 καὶ
2615 1738 2715 1791 οὐκ
2746 1738 3025 1809 ἀλλότριος
3053 1734 3220 1791 αὐτοῦ
3255 1737 3423 1789 ἐστιν.
3470 1734 3791 1805 Ὀμοούσιον

2208 1828 2266 1880 δὲ
2292 1826 2581 1896 όμοουσίου
2608 1826 2708 1879 οὐκ
2739 1823 2805 1878 ἂν
2831 1825 3041 1893 γένσιτο
3072 1825 3255 1895 μεῖζον
3278 1824 3370 1877 καὶ
3400 1822 3628 1877 ἔλαττον
3652 1824 3793 1876 κατὰ

525 1933 613 1999 jus
636 1928 922 1984 autminus
959 1940 1080 1982 esse
1106 1896 1315 1979 ratione
1337 1920 1655 1977 substantiae
1692 1936 1707 1974 :
1755 1933 1931 1989 neque
1959 1917 2103 1972 enim

2210 1921 2299 1973 τὸν
2330 1920 2429 1990 τῆς
2462 1919 2648 1980 οὐσίας
2677 1919 2830 1987 λόγον
2860 1936 2873 1947 ·
2902 1918 2963 1971 οὐ
2996 1918 3103 1988 γὰρ
3132 1916 3335 1988 μείζων
3362 1917 3655 1986 ἄνθρωπος
3694 1918 3789 1969 ἀν-

531 2026 693 2078 homo
722 2021 938 2075 homine
967 2017 1140 2087 major
1164 2025 1269 2079 est,
1295 2024 1564 2084 quatenus
1600 2014 1756 2069 homo
1779 2022 1880 2067 est.
1906 2010 2105 2081 Equa-

530 2114 597 2168 lis
632 2112 793 2183 igitur
822 2119 905 2166 est
933 2107 1487 2164 etconsubstantialis
1554 2104 1696 2157 Patri
1770 2103 1975 2168 Filius;
2020 2119 2107 2157 ra-

531 2209 677 2261 tione
701 2219 829 2261 vero
858 2201 1243 2258 incarnationis
1276 2199 1546 2255 credimus
1579 2196 1789 2250 Patrem
1820 2194 2089 2263 majorem

529 2314 559 2352 a
591 2296 726 2352 Filio
754 2294 1272 2361 vocatum.Quando
1286 2292 1432 2348 enim
1452 2290 1843 2346 humanitatem
1858 2302 2105 2358 assump-

531 2391 622 2457 sit,
654 2398 767 2444 tum
799 2386 959 2443 etiam
995 2394 1053 2439 ut
1082 2385 1243 2439 homo
1272 2384 1374 2438 hoc
1409 2381 1571 2439 dixit.

1197 2494 1428 2553 ALIUD.

597 2613 939 2683 Quatcunque
966 2610 1183 2680 proprie
1220 2613 1683 2680 comparatlonem
1713 2608 1853 2663 inter
1910 2621 1968 2662 se
2010 2606 2105 2660 ad—

532 2706 776 2770 mittunt,
806 2702 1291 2759 consubstantialia
1319 2702 1483 2756 etiam
1536 2714 1659 2755 sunt
1694 2719 1705 2751 :
1756 2701 1916 2754 homo
1959 2698 2106 2753 enim

534 2796 760 2862 homini,
800 2804 853 2850 et
880 2810 1056 2865 equus
1083 2808 1223 2862 equo
1257 2791 1556 2847 confertur.
1610 2789 1922 2843 Diffcrentia
1979 2803 2107 2843 vero

530 2889 715 2959 quaein
746 2887 810 2941 iis
840 2896 920 2941 est
939 2900 1058 2955 qua:
1083 2884 1320 2951 ejusdem
1348 2881 1545 2950 speciei
1574 2892 1720 2942 sunt,
1764 2880 1818 2933 in
1850 2878 2105 2933 acciden-

534 2980 676 3034 tihus
710 2975 997 3041 consistit;
1045 2984 1205 3042 atque
1254 2972 1386 3037 luce,
1428 2980 1484 3023 ut
1514 2968 1829 3039 plurimum,
1879 2982 1944 3021 ex
1984 2982 2108 3036 pas-

533 3071 823 3133 sione,aut
851 3070 954 3121 alia
989 3064 1243 3133 quapiam
1278 3076 1437 3115 causa
1463 3059 1617 3122 fiunt,
1653 3074 1759 3113 non
1798 3059 1851 3112 in
1900 3060 2109 3112 ratione

533 3157 851 3213 substantiae
880 3156 983 3209 sita
1016 3163 1160 3217 sunt,
1188 3154 1253 3206 de
1280 3167 1384 3221 qua
1417 3152 1743 3220 praedicetur
1764 3151 1977 3220 aliquod
2014 3165 2108 3205 ac-

2207 2010 2451 2080 θρώπου,
2484 2011 2619 2064 καθὸ
2650 2010 2956 2082 ἄνθρωπος.
2995 2011 3139 2073 Ἴσος
3173 2010 3281 2081 ἄρα
3306 2009 3384 2079 τῷ
3416 2009 3595 2079 Πατρὶ
3636 2008 3732 2062 καὶ
3763 2010 3791 2060 6

2206 2104 2333 2167 Υἱὸς
2385 2104 2481 2157 καὶ
2522 2103 2843 2173 όμοούσιος’
2891 2103 3251 2173 οἰκονομικῶς
3298 2102 3353 2155 δὲ
3405 2101 3659 2172 εἰρῆσθαι
3708 2118 3792 2152 πι-

2212 2196 2479 2267 στεύομεν
2513 2197 2608 2248 ἐπὶ
2642 2195 2737 2248 τοῦ
2787 2196 2999 2267 Πατρδς
3040 2198 3101 2249 τὸ
3144 2193 3349 2265 μεῖζον.
3376 2194 3504 2247 Ὀτε
3553 2192 3666 2263 γάρ
3704 2194 3790 2246 ὲν-

2209 2288 2583 2358 ανθρωπήσας
2613 2287 2897 2357 φαίνεται,
2931 2288 3052 2339 τότε
3089 2287 3185 2341 καὶ
3214 2284 3370 2340 τοῦτό
3396 2301 3563 2355 φησιν
3588 2284 3666 2348 ὡς
3695 2284 3791 2341 ἄν·

2206 2376 2445 2447 θρωπος.

2876 2494 3085 2548 ΑΛΛΟ.

2279 2608 2418 2662 Ὀσσ
2478 2608 2577 2677 τὴν
2631 2607 2766 2677 πρὸς
2817 2607 3021 2677 ἄλληλα
3070 2606 3361 2676 σύγκρισιν
3410 2606 3616 2676 κυρίως
3679 2607 3795 2659 ἑπι-

2206 2698 2443 2769 δέχεται,
2476 2698 2650 2754 ταῦτα
2680 2698 2899 2761 πάντως
2926 2700 3043 2752 ἐστὶ
3064 2699 3159 2752 καὶ
3182 2698 3447 2770 ὁμοούσια
3466 2715 3479 2728 ·
3502 2697 3792 2769 ἄνθρωπος

2207 2790 2316 2857 γὰρ
2349 2788 2622 2861 ἀνθρώπῳ
2647 2829 2661 2853 ,
2706 2791 2799 2842 καὶ
2831 2790 2995 2852 ῖππος
3032 2791 3183 2860 ῖππῳ
3224 2789 3597 2860 συγκρίνεται.
3645 2790 3707 2843 Ἦ
3736 2790 3793 2843 δι

2206 2880 2264 2932 ἐν
2287 2881 2399 2943 τοῖς
2426 2880 2694 2950 ὁμοειδέσι
2720 2880 2954 2951 διαφορὰ
2984 2881 3115 2951 περὶ
3143 2880 3215 2933 τὰ
3243 2880 3632 2951 συμϐεβηκότα
3651 2879 3789 2932 ἐστί·

2208 2971 2302 3025 καὶ
2336 2971 2531 3034 ταῦτα,
2558 2972 2634 3035 ὡς
2661 2973 2754 3024 επὶ
2778 2972 3048 3033 πλεῖστον,
3079 2974 3143 3025 ἐκ
3172 2972 3377 3035 πάθους
3408 2972 3638 3039 γίνεται,
3672 2969 3706 3041 ἦ
3734 2970 3793 3036 ἐξ

2210 3061 2401 3132 ἑτέρας
2424 3062 2568 3125 τινὸς
2592 3062 2795 3127 αἰτίας,
2827 3062 2927 3115 οὐκ
2958 3064 3015 3116 ἐν
3042 3062 3119 3133 τῷ
3143 3064 3286 3134 λόγῳ
3314 3063 3417 3133 τῆς
3452 3064 3643 3126 οὐσίας
3679 3062 3794 3116 κεί-

2213 3170 2368 3222 μενα,
2398 3152 2520 3206 καθ’
2549 3148 2721 3225 οὗπερ
2766 3154 2833 3207 ἂν
2872 3155 3233 3225 κατηγοροῖτο
3275 3172 3327 3207 τι
3365 3152 3475 3207 τῶν
3526 3151 3795 3225 συμδεδη·

533 3251 849 3306 cidentium.
884 3247 954 3305 Ut
996 3246 1227 3315 exempli
1260 3246 1458 3315 gratia,
1499 3244 1660 3298 homo
1715 3246 1931 3299 homine
1988 3258 2105 3297 ma-

2211 3244 2403 3297 κότων.
2436 3239 2561 3297 Οἷον
2591 3244 2722 3315 φέρε
2754 3246 2926 3297 είπεῖν
2948 3285 2961 3309 ,
3008 3244 3297 3313 ἄνθρωπος
3342 3243 3633 3315 ἀνθρώπου
3680 3242 3796 3309 μεί-

528 3343 613 3410 jor
643 3351 748 3408 est,
774 3340 1149 3409 magnitudine
1184 3338 1431 3407 corporis
1458 3346 1513 3391 et
1547 3337 1757 3399 robore,
1780 3335 1947 3388 animi
1970 3351 2109 3404 prae-

534 3434 728 3499 sentia,
772 3432 969 3485 mentis
1003 3429 1288 3493 acumine;
1324 3429 1416 3483 sed
1466 3443 1568 3480 una
1591 3428 1840 3481 omnibus
1875 3434 1957 3479 est
1987 3425 2111 3480 sub-

535 3526 745 3579 stantia:
773 3524 935 3585 ratio,
969 3536 1073 3574 non
1103 3535 1229 3574 vero
1260 3519 1555 3587 separatim
1583 3520 1633 3571 in
1684 3517 1909 3588 singulis
1940 3518 2112 3571 diver-

535 3628 614 3666 sa.
662 3610 975 3665 Accidentia
1054 3617 1235 3661 autem
1303 3622 1366 3661 ex
1424 3607 1676 3677 passione
1746 3607 1908 3661 veluti
1971 3609 2113 3661 radi-

535 3719 597 3757 ce
674 3703 973 3757 oriuntur:
1034 3714 1100 3754 ex
1168 3700 1420 3767 passione
1489 3699 1632 3753 enim
1706 3699 1953 3753 infirmus
2017 3700 2106 3768 qui

533 3803 616 3849 est
680 3792 959 3854 inﬁrmus,
1044 3800 1098 3845 et
1204 3794 1391 3845 tardus
1474 3790 1742 3844 intellectu
1816 3789 2109 3859 timidoque

536 3884 738 3938 animo.
767 3882 832 3937 Si
864 3897 993 3951 ergo
1014 3896 1119 3935 una
1139 3891 1219 3935 est
1244 3890 1436 3935 natura
1462 3882 1761 3950 eademque
1792 3882 2111 3936 substantia:

540 3976 679 4028 ratio
713 3975 779 4028 iis
803 3988 921 4041 qua
939 3973 1156 4042 praprie
1216 3972 1358 4027 inter
1398 3986 1457 4025 se
1494 3972 1793 4040 comparari
1822 3980 2055 4040 possunt
2091 3990 2106 4025 :

534 4080 655 4136 qua:
678 4081 803 4120 vero
826 4064 1148 4120 substantiis
1179 4063 1434 4117 accidunt
1468 4078 1534 4117 ex
1581 4064 1834 4132 passione
1864 4062 2111 4118 oriuntur

535 4166 714 4211 autex
744 4171 807 4211 eo
831 4156 974 4225 quod
1019 4172 1124 4211 non
1170 4156 1449 4225 patiuntur
1489 4170 1503 4205 :
1548 4162 1893 4223 comparatur
1931 4161 2108 4207 autem

539 4246 703 4301 Filius
729 4244 875 4300 Patri
910 4247 1117 4299 ratione
1150 4242 1372 4311 majoris
1401 4252 1455 4298 et
1476 4244 1723 4311 minoris,
1766 4245 1985 4313 ipseque
2014 4258 2110 4296 ex-

540 4350 618 4391 tra
653 4353 866 4392 omnem
898 4338 1204 4407 passionem
1238 4344 1321 4391 est
1350 4336 1513 4406 (Deus
1546 4339 1688 4389 enim
1743 4336 1848 4405 pati
1880 4352 1985 4390 non
2024 4350 2111 4404 po-

538 4429 687 4496 test),
712 4426 851 4480 nulla
875 4431 1030 4495 plane
1056 4426 1265 4480 ratione
1290 4423 1564 4494 superabit
1590 4422 1752 4476 Pater
1780 4421 1995 4485 Filium,
2016 4423 2108 4492 qui

537 4520 776 4589 ejusdem
794 4534 916 4573 cum
948 4533 1011 4573 eo
1059 4518 1305 4571 essentite
1345 4526 1448 4581 est,
1488 4515 1776 4583 omnisque
1830 4516 2107 4583 passionis

540 4624 734 4676 expers
763 4618 863 4662 est.
889 4606 996 4677 87
1025 4607 1235 4661 Dicitur
1266 4620 1393 4660 vero
1456 4604 1648 4673 major,
1686 4616 1737 4657 ut
1779 4604 2106 4673 principium

540 4700 793 4756 comterni
824 4699 1129 4766 geniminis.

574 4811 640 4868 In
670 4814 833 4872 illud,
871 4832 888 4863 ι
928 4812 1086 4867 Pater
1112 4813 1200 4879 qui
1232 4813 1368 4865 misit
1404 4828 1510 4873 me,
1544 4812 1712 4880 major
1739 4826 1817 4864 me
1844 4820 1919 4864 est
1943 4811 2008 4862 “.
2050 4834 2068 4860 ι

980 4987 1060 5042 Ea:
1092 4988 1374 5054 obiectione
1407 4986 1673 5044 Eunomii.

608 5103 767 5171 Atqui
801 5100 1057 5156 Servatur
1084 5103 1198 5171 ipse
1228 5117 1331 5155 non
1362 5102 1614 5164 obscure,
1646 5102 1841 5170 inquit,
1870 5111 1963 5156 aut
1992 5118 2108 5156 am-

542 5193 729 5263 higue,
765 5196 859 5248 sed
894 5194 1234 5262 apertissime
1271 5193 1485 5247 Patrem
1527 5192 1782 5261 majorem
1823 5208 1882 5247 se
1916 5205 2107 5260 vocat,

542 5298 661 5335 cum
694 5283 823 5337 dicit
859 5301 870 5337 :
911 5302 927 5335 ι
970 5285 1127 5337 l‘ater
1157 5284 1246 5351 qui
1286 5284 1430 5337 misit
1464 5298 1581 5348 me,
1619 5282 1791 5352 major
1822 5298 1905 5338 me
1937 5294 2041 5340 est.
2079 5305 2097 5336 ι

546 5373 599 5426 Si
636 5383 811 5428 autem
846 5376 1125 5429 veritatem
1160 5391 1341 5428 verum
1380 5375 1561 5430 dicere
1601 5374 1871 5439 fatemini,
1912 5376 2109 5431 veritas

544 5475 717 5517 autem
759 5464 1037 5530 Christus,
1076 5478 1222 5521 certe
1270 5464 1524 5533 majorem
1570 5480 1627 5520 se
1669 5465 1827 5519 habet
1872 5465 2106 5523 Patrem.

545 5555 693 5619 Quod
721 5556 762 5609 si
795 5557 865 5609 ita
896 5570 997 5619 est,
1026 5558 1303 5613 dissimilis
1330 5560 1491 5612 etiam
1525 5560 1599 5613 illi
1634 5559 1756 5614 erit.
1787 5559 1855 5614 At
1882 5560 1926 5615 si
1956 5560 2111 5615 dissi-

546 5647 707 5713 milis,
741 5663 842 5701 non
876 5664 1003 5716 ergo
1033 5652 1528 5706 consubstantialis.

614 5830 657 5861 ”
680 5828 837 5885 Joan.
883 5844 989 5892 xxv,
1025 5830 1113 5882 28.

2210 3330 2339 3397 ζων,
2381 3335 2602 3403 μεγέθει
2635 3334 2887 3405 σώματος
2938 3335 3033 3387 καὶ
3083 3334 3265 3403 ἰσχύϊ,
3295 3334 3477 3403 ψυχῆς
3507 3336 3793 3405 παραστή·

2214 3444 2366 3497 ματι,
2399 3428 2638 3491 διανοίας
2662 3427 2883 3498 ὀξύτητι
2905 3443 2920 3459 θ
2961 3427 3076 3479 ἀλλ’
3123 3422 3204 3489 εἷς
3255 3426 3355 3496 μὲν
3398 3426 3601 3480 ἅπασιν
3626 3429 3655 3479 6
3690 3426 3792 3494 τῆς

2210 3518 2395 3581 οὐσίας
2439 3517 2618 3586 λόγος,
2667 3518 2759 3571 καὶ
2788 3519 2850 3571 οὐ
2881 3518 3302 3589 μεμερισμένως
3332 3519 3389 3569 ἐν
3420 3517 3635 3586 ἑκάστῳ
3671 3518 3790 3570 διά·

2212 3625 2394 3679 φορος.
2422 3609 2502 3661 Τά
2535 3609 2591 3661 δὲ
2630 3609 3015 3679 συμϐεϐηκότα
3052 3608 3209 3679 ῥίζαν
3260 3608 3369 3677 ἔχει
3398 3607 3462 3661 τὸ
3492 3608 3663 3671 πάθος
3684 3624 3700 3639 ·
3728 3610 3793 3661 ὲκ

2212 3699 2419 3763 πάθους
2460 3700 2567 3771 γὰρ
2598 3699 2829 3771 ἀσθενὴς
2875 3704 2905 3753 6
2948 3700 3219 3769 ἀσθενὴς,
3252 3701 3349 3752 καὶ
3392 3703 3420 3752 6
3450 3699 3656 3770 νωθρὸς
3693 3700 3793 3769 τὴν

2209 3790 2467 3857 διάνοιαν,
2501 3791 2594 3844 καὶ
2626 3793 2654 3844 6
2687 3791 2890 3845 δειλίαν
2924 3791 3063 3861 ἔχων
3091 3792 3149 3843 ὲν
3179 3791 3350 3862 ψυχῇ.
3379 3791 3443 3843 Ei
3475 3791 3657 3844 τοίνυν
3692 3792 3793 3860 μία

2214 3883 2311 3950 μὲν
2351 3884 2385 3953 ὴ
2420 3882 2583 3950 φύσις
2613 3884 2708 3936 καὶ
2735 3883 2834 3953 τῆς
2869 3884 3057 3946 οὐσίας
3082 3886 3111 3936 6
3134 3883 3294 3951 λόγος
3317 3886 3345 3935 6
3374 3882 3537 3945 αὐτὸς
3558 3884 3671 3946 τοῖς
3690 3883 3793 3951 τὴν

2214 3972 2351 4043 πρὸς
2380 3973 2582 4044 ἄλληλα
2608 3974 2895 4045 σύγκρισιν
2928 3975 3133 4045 κυρίως
3164 3973 3592 4044 ἐπιδεχομένοις,
3626 3973 3695 4027 τὰ
3732 3973 3792 4026 δὲ

2211 4067 2309 4119 ὅσα
2342 4066 2471 4137 περὶ
2514 4066 2614 4130 τὰς
2646 4067 2832 4131 οὐσίας
2882 4067 3017 4121 εἰσὶν
3052 4070 3115 4120 ἐκ
3147 4068 3355 4131 πάθους
3403 4067 3614 4135 γίνεται
3657 4067 3689 4138 ἢ
3726 4068 3793 4121 ὲκ

2212 4154 2305 4208 τοῦ
2342 4157 2417 4227 μὴ
2447 4155 2639 4209 παθεῖν
2662 4197 2676 4221 ,
2711 4156 3060 4226 συγκρίνεται
3087 4156 3142 4209 δὲ
3176 4158 3203 4209 6
3231 4157 3359 4218 Υἱὸς
3389 4156 3527 4227 πρὸς
3555 4157 3647 4209 τὸν
3676 4158 3792 4211 Ha-

2208 4248 2344 4317 τέρα
2386 4247 2530 4301 κατὰ
2568 4249 2628 4301 τὸ
2679 4250 2861 4318 μεῖζον
2902 4250 2993 4301 καὶ
3019 4248 3239 4303 ἔλαττον
3270 4249 3660 4319 εἰσφερομένου
3693 4249 3789 4303 τοῦ

2211 4337 2339 4406 περὶ
2371 4336 2533 4389 αὐτὸν
2573 4336 2755 4405 λόγου,
2790 4338 2884 4390 καὶ
2930 4337 3044 4389 ἔστι
3079 4336 3287 4401 πάθους
3328 4338 3485 4402 ἐκτὸς
3536 4336 3791 4408 (ἀπαθὴς

2211 4425 2319 4496 γὰρ
2344 4426 2420 4487 ὡς
2442 4426 2618 4498 Θεὸς),
2656 4429 2777 4481 κατ’
2803 4429 2995 4482 οὐδένα
3022 4430 3226 4499 τρόπον
3249 4431 3277 4481 6
3309 4428 3499 4501 Πατὴρ
3532 4431 3790 4500 ὑπερέξει

2208 4518 2302 4571 τοῦ
2337 4518 2470 4572 Υἱοῦ
2497 4521 2591 4573 καὶ
2627 4522 2726 4591 τὴν
2770 4520 2940 4591 αὐτὴν
2973 4520 3190 4591 ἔχοντος
3239 4521 3427 4573 οὐσίαν
3469 4523 3563 4575 καὶ
3594 4522 3791 4575 παθεῖν

2215 4610 2367 4663 οὐδὲν
2411 4610 2729 4681 δυναμένου.
2776 4612 3009 4679 Λέγεται
3053 4610 3109 4663 δὲ
3161 4610 3362 4680 μείζων
3390 4612 3467 4675 ὡς
3512 4613 3658 4685 ἀρχὴ
3692 4613 3788 4667 τοῦ

2217 4700 2488 4752 συναῖδίου
2517 4703 2874 4770 γεννήματος.

2216 4809 2317 4871 Εἰς
2355 4808 2457 4871 τὸ,
2512 4828 2527 4858 ι
2571 4808 2633 4859 '0
2678 4809 2948 4890 Πατὴρῤ
2994 4809 3235 4878 πέμψας
3277 4828 3355 4879 με
3410 4811 3620 4879 μείζων
3670 4813 3790 4883 μού

2880 4896 3068 4933 εστιν.
3094 4900 3112 4930 ι

2531 4992 2860 5059 Ἀντίθεσις
2896 4992 2965 5047 ἐκ
3004 4992 3121 5046 τῶν
3156 4994 3477 5064 Εὑνομίου.

2283 5103 2453 5169 Αὐτὸς
2489 5107 2516 5158 6
2544 5107 2733 5178 Σωτὴρ
2773 5108 2873 5160 οὐκ
2914 5108 3458 5179 ἐπικεκαλυμμένως,
3485 5110 3789 5181 τρανότατα

2212 5197 2267 5250 δὲ
2297 5199 2515 5267 μείζονα
2544 5199 2737 5251 ἑαυτοῦ
2770 5200 2860 5252 τὸν
2886 5200 3104 5271 Πατέρα
3149 5203 3304 5270 φησί,
3336 5201 3422 5254 διὰ
3448 5202 3540 5254 τοῦ
3572 5202 3751 5272 λέγειν
3771 5222 3785 5235 ο

2218 5306 2237 5339 ι
2260 5288 2316 5342 Ὀ
2348 5289 2535 5359 Πατὴρ
2562 5291 2589 5341 6
2614 5290 2830 5360 πέμψας
2857 5307 2923 5361 με
2963 5290 3162 5361 μείζων
3213 5290 3313 5359 μού
3346 5294 3509 5345 ἐστιν.
3539 5311 3557 5343 ι
3593 5293 3655 5345 Εἰ
3680 5293 3790 5345 τοί-

2212 5394 2306 5429 νυν
2358 5376 2640 5446 ἀληθεύειν
2685 5377 2881 5455 δώσετε
2926 5380 3025 5449 τὴν
3069 5379 3349 5449 ἀλήθειαν,
3387 5379 3613 5450 ἀλήθεια
3658 5382 3713 5433 δὲ
3761 5379 3789 5431 6

2212 5468 2464 5540 Χριστὸς,
2501 5468 2721 5539 μείζονα
2777 5470 2890 5540 ἔχει
2942 5473 3032 5524 τὸν
3081 5471 3321 5541 Πατέρα.
3356 5472 3467 5523 Καὶ
3518 5475 3565 5524 εἰ
3610 5472 3785 5534 τοῦτο,

2215 5560 2428 5624 πάντως
2461 5561 2611 5615 ἔσται
2642 5562 2735 5615 καὶ
2763 5564 3033 5635 ἀνόμοιος.
3054 5563 3271 5634 Ἐπειδὴ
3290 5564 3346 5617 δὲ
3373 5564 3647 5633 ἀνόμοιος,
3672 5564 3792 5619 οὐδέ

2214 5652 2519 5723 ὁμοούσιος.
