4048 6444
302 458 409 519 145

784 574 940 645 Πρός
976 574 1155 631 τοῦτο
1190 573 1391 640 λύσις.

383 712 709 782 ’Δναγκαῖον
732 711 900 784 ὑμᾶς,
926 706 974 767 ὦ
1001 712 1380 785 χριστομάχοι.
1400 709 1496 766 καὶ
1519 709 1616 765 νῦν
1644 708 1888 782 ἐρέσθαι,

300 805 435 859 πότε
466 801 564 857 τοῦ
593 802 726 857 Υίοῦ
760 802 964 874 μείζων
987 806 1017 857 6
1049 803 1239 875 Πατὴρ
1276 801 1310 874 ἢ
1345 802 1572 871 γέγονεν
1602 800 1635 872 ἢ
1665 799 1887 872 εὑρέθη,

296 894 332 965 ἢ
370 894 510 965 ὅπερ
535 892 604 947 ἂν
642 892 922 964 βούλοισθε
959 892 1159 962 λέγειν.
1192 892 1398 964 Χρόνον
1427 892 1527 963 μὲν
1553 888 1647 947 οὖν
1677 891 1889 963 όριζόν-

294 1000 410 1037 των
444 982 598 1054 ὑμῶν
630 986 730 1038 οὐκ
768 984 835 1040 ἀν
859 1000 943 1048 τις
971 984 1264 1055 ἀνάσχοιτο
1286 1001 1300 1015 ·
1345 983 1556 1055 χρόνων
1587 987 1697 1056 γάρ
1732 1000 1891 1056 ποιη-

296 1074 400 1146 τὴς
424 1076 456 1129 6
478 1076 626 1143 Υίδς,
642 1076 739 1130 καὶ
766 1076 875 1147 πρὸ
898 1075 1011 1151 τῶν
1038 1074 1251 1130 αίώνων
1275 1076 1410 1142 ἐστὶ,
1429 1074 1575 1129 κατά
1594 1075 1694 1139 τὰς
1718 1074 1888 1145 ἀψευ-

294 1166 408 1232 δεῖς
432 1167 544 1222 τῶν
575 1168 747 1237 άγίων
782 1154 987 1239 φωνάς.
1029 1168 1234 1239 Χρόνου
1268 1168 1327 1222 δὲ
1348 1168 1717 1240 ἀνῃρημένου,
1746 1170 1889 1223 πάν-

295 1272 409 1321 τως
433 1258 681 1313 λείπεται
702 1258 885 1328 λέγειν
915 1260 1054 1313 κατά
1076 1258 1176 1331 τὴν
1206 1258 1362 1330 ὑμῶν
1387 1259 1653 1331 πρότασιν
1682 1258 1771 1313 ἀεὶ
1795 1258 1890 1313 καὶ

295 1347 553 1420 ἀνάρχως
577 1348 667 1403 τὸν
701 1350 922 1421 Πατέρα
949 1349 1172 1421 μείζονα
1198 1348 1294 1403 τοῦ
1323 1348 1474 1405 Υῖοῧ.
1510 1349 1671 1413 Ἀλλ’,
1690 1343 1735 1403 ὦ
1765 1348 1889 1421 βέλ-

293 1450 491 1500 τιστοι,
531 1436 727 1510 μικρὸν
762 1439 1138 1510 ἀνανήψαντες
1166 1440 1345 1494 ἐκεῖνο
1387 1439 1509 1494 καθ’
1540 1441 1769 1504 ἑαυτοὺς
1805 1442 1891 1495 ὲν-

295 1524 603 1597 θυμήθητε,
628 1528 712 1581 ὃτι
734 1527 793 1582 16
823 1529 1084 1602 διαφέρον
1102 1528 1249 1593 τινὸς
1282 1530 1424 1589 κατά
1445 1530 1505 1585 16
1530 1527 1671 1586 εἶναι
1700 1530 1889 1602 μεῖζον

295 1615 329 1681 ἢ
380 1613 655 1684 λέγεσθαι,
690 1621 1098 1690 παρακείμενον
1131 1621 1246 1693 ἔχει
1276 1622 1370 1676 καὶ
1400 1622 1889 1694 συνεισφερόμενον

1720 445 2164 506 THESAURUS.

1912 571 1967 629 Δ

3490 449 3590 500 H6

2505 564 2712 623 Salutio
2741 563 3074 635 objectionir.

2066 695 2444 768 lnterrogandi
2482 697 2640 754 nobis
2674 707 2804 755 sunt
2838 697 3029 753 hostes
3065 695 3302 762 Christi,
3341 698 3593 768 quando-

1992 805 2118 846 nam
2155 789 2330 859 major
2366 791 2507 848 Filio
2539 790 2700 847 Pater
2738 800 2831 847 aut
2861 790 3042 846 factus
3076 790 3147 846 sit
3180 799 3273 846 aut
3320 790 3592 856 inventus,

1994 892 2089 938 aut
2113 883 2604 955 quomodocunque
2634 883 2766 940 illud
2792 884 2999 939 dicant.
3021 881 3260 954 Tempus
3284 884 3429 939 enim
3455 898 3596 954 prae-

1992 975 2244 1031 ﬁnientes
2273 989 2370 1032 vos
2402 989 2562 1033 nemo
2593 975 2734 1032 ferat
2764 992 2778 1028 :
2819 976 3072 1032 conditor
3106 976 3252 1031 enim
3286 984 3593 1047 temporum

1992 1072 2078 1121 est
2102 1063 2297 1135 Filius,
2319 1075 2376 1122 et
2401 1078 2530 1124 ante
2555 1065 2752 1123 saecula
2777 1067 2897 1137 ipse
2921 1067 3151 1122 exsistit.
3184 1066 3341 1137 juxta
3371 1074 3594 1122 sancto-

1994 1172 2116 1213 rum
2158 1158 2250 1227 qui
2292 1158 2512 1214 mentiri
2557 1174 2665 1214 non
2704 1168 2934 1229 possunt
2973 1160 3318 1216 verissimum
3360 1158 3587 1215 dictum.

1993 1242 2217 1302 Sublato
2244 1256 2426 1303 autem
2453 1256 2716 1318 tempore,
2733 1257 3006 1319 superest,
3040 1263 3107 1304 ex
3134 1258 3319 1306 vestra
3347 1249 3589 1320 ipsorum

1990 1340 2523 1411 sententia,semper
2545 1351 2601 1397 et
2627 1341 2747 1397 sine
2774 1342 3041 1415 principio
3064 1342 3281 1397 Patrem
3309 1342 3445 1399 Filio
3472 1357 3593 1397 ma-

1983 1429 2162 1500 jorem
2199 1430 2390 1489 fuisse.
2425 1433 2496 1488 At
2526 1445 2644 1498 vos,
2685 1432 2812 1489 boni
2848 1434 2973 1497 viri,
3010 1434 3259 1490 nonnihil
3295 1436 3363 1490 ad
3398 1435 3590 1490 melio-

1988 1538 2107 1579 rem
2138 1532 2378 1580 mentem
2410 1524 2704 1582 redeuntes
2735 1526 2812 1580 ita
2840 1523 3126 1583 vobiscum
3157 1526 3415 1596 cogitate,
3443 1526 3589 1595 quod

1990 1614 2044 1670 id
2086 1616 2231 1686 quod
2272 1615 2457 1672 diﬂ‘ert
2490 1620 2559 1671 ab
2592 1617 2778 1689 aliquo
2811 1633 2876 1674 ea
2914 1618 3125 1674 ratione
3157 1632 3266 1688 qua
3302 1616 3474 1686 majus
3506 1627 3592 1673 est

295 1704 479 1775 ιαυτῷ
510 1706 573 1759 16
612 1708 853 1773 ἔλαττον,
887 1702 951 1762 οὗ
986 1708 1081 1765 καὶ
1122 1711 1241 1765 ἐστὶ
1272 1711 1655 1784 μεῖζον.’οταν
1689 1714 1797 1785 γάρ
1830 1713 1881 1765 16

1990 1715 2086 1762 aut
2114 1706 2335 1773 dicitur,
2370 1706 2739 1779 propinquum
2774 1708 2876 1763 sibi
2910 1707 3081 1763 habet
3106 1717 3162 1763 et
3191 1706 3448 1770 collatum
3485 1708 3589 1763 sibi

297 1790 485 1861 μεῖζον
511 1794 832 1867 θελήσωμεν
859 1798 1074 1870 μαθεῖν,
1093 1802 1187 1854 ἐπὶ
1212 1804 1311 1875 τὴν
1336 1802 1431 1857 τοῦ
1453 1804 1736 1869 ἐλάττονος
1759 1806 1893 1875 δρα·

296 1884 495 1955 μόντες
538 1888 864 1961 κατάληψιν,
894 1892 994 1967 τὴν
1021 1892 1235 1949 ἐκείνου
1276 1893 1553 1967 βλέπομεν
1590 1898 1883 1971 ὑπεροχήν.

292 1975 363 2033 ΕΙ
393 1977 576 2031 τοίνυν
608 1980 694 2033 ἀεὶ
723 1981 930 2051 μείζων
958 1984 987 2036 6
1011 1986 1204 2058 Πατὴρ
1234 1986 1328 2042 τοῦ
1366 1986 1521 2053 Υἱοῦ,
1551 1984 1619 2060 ἦν
1649 1990 1749 2062 μὲν
1786 1992 1886 2045 αὑ-

291 2068 385 2132 16;
424 2070 514 2124 ἀεί
534 2086 547 2100 ·
581 2066 651 2143 ἦν
676 2070 734 2127 δὲ
766 2075 864 2129 σὺν
909 2076 1059 2148 αὐτῷ
1092 2079 1186 2132 καὶ
1213 2080 1243 2132 6
1277 2078 1426 2145 Υίδς,
1453 2073 1516 2134 οὖ
1556 2082 1649 2136 καὶ
1682 2083 1884 2153 μείζων

290 2154 434 2219 εἶναι
468 2161 705 2231 λέγεται.
736 2164 861 2219 καθ’
883 2167 1047 2239 ὑμᾶς.
1077 2169 1152 2223 Τὸ
1194 2171 1253 2225 δὲ
1286 2171 1376 2225 ἀεὶ
1414 2171 1496 2240 δν,
1530 2174 1607 2245 τῷ
1639 2176 1727 2229 ἀεὶ
1771 2177 1883 2231 δντι

291 2253 414 2317 πῶς
442 2254 698 2326 ἀνόμοιον
730 2257 923 2327 lerat;
967 2262 1170 2327 Μεῖζον
1215 2263 1274 2317 δὲ
1314 2266 1453 2331 πῶς,
1482 2269 1884 2340 συντρεχούσης

290 2344 371 2417 πῖ)
418 2348 771 2420 γεγεννηκότι
819 2351 931 2423 τῆς.
966 2353 1254 2426 ὑπάρξεως
1277 2356 1373 2411 τοῦ
1400 2359 1759 2429 γεννήματος,
1790 2362 1885 2415 καὶ

292 2435 476 2491 πάντα
502 2436 717 2509 ἔχοντος
748 2443 997 2511 φυσικῶς
1023 2448 1124 2501 δσα
1154 2450 1529 2523 πρόσεστιτῷ
1559 2450 1772 2522 Haupt;

286 2966 393 3043 vos,
424 2950 523 3005 xci
548 2954 620 3024 τῇ·
639 2952 909 3027 δεινότητι
927 2958 1027 3030 τῆς
1051 2960 1111 3013 ἐν
1137 2961 1329 3034 κόσμῳ
1354 2965 1547 3034 σοφίας
1570 2967 1884 3043 ἀποκεχρη-

291 3041 469 3112 μόνοι,
510 3043 753 3111 κτύπους
789 3048 1062 3120 ἐγείρουσι
1096 3053 1361 3126 ῥημάτων
1383 3056 1576 3125 κενῶν,
1615 3059 1716 3114 οὐκ
1744 3041 1883 3116 είδό-

284 3147 381 3197 τις
408 3133 491 3224 δτι
520 3137 615 3188 καὶ
644 3138 783 3209 πρὸς
803 3140 1009 3214 ταύτην
1031 3143 1261 3215 ἀμαθῶς
1284 3146 1501 3218 ἔχοντες
1529 3149 1884 3224 ιλεγχθήσον-

284 3236 399 3313 ται.
434 3222 726 3313 Θαυμάσαι
766 3227 876 3302 γάρ
907 3230 1077 3297 ὅντως
1108 3233 1405 3289 ἀκόλουθον
1431 3237 1514 3291 ὅτι
1541 3236 1606 3310 δὴ
1630 3238 1723 3293 τὸν
1746 3222 1882 3313 περὶ

284 3309 386 3363 τοῦ
435 3312 685 3381 μείζονος
726 3318 821 3371 καὶ
864 3318 958 3373 τοῦ
1004 3320 1287 3388 ἐλάττονος
1330 3309 1676 3394 ἐξετάζοντες
1704 3309 1883 3399 λόγον,

287 3400 385 3455 ἓ.πὶ
412 3402 507 3456 τὸν
534 3406 665 3477 περὶ
692 3407 787 3461 τοῦ
818 3410 1007 3484 ὁμοίου
1037 3414 1134 3466 καὶ
1163 3415 1416 3487 ἀνομοίου
1446 3420 1885 3489 μεταπεπτὼκα-

290 3494 537 3585 autem
558 3497 764 3563 είδότες
785 3502 891 3568 ὅτι,
924 3504 1067 3560 κατά
1106 3506 1206 3578 τὴν
1250 3508 1657 3580 Ἀριστοτέλους
1687 3512 1884 3585 τέχνην

287 3580 434 3662 ὲφ⁹ᾗ
460 3588 698 3658 μάλιστα
724 3595 1151 3669 μεγαλοφρονεῖν
1182 3599 1437 3657 εἰώθασιν
1473 3603 1650 3669 αὐτοὶ,
1680 3580 1783 3659 οὐκ
1804 3580 1885 3671 είς

286 3679 486 3735 ταυτὸν
532 3684 930 3742 κατατάττεται
957 3690 1118 3758 γένος
1144 3692 1206 3745 τό
1237 3710 1299 3747 τε
1330 3694 1517 3765 ὅμοιον
1547 3696 1642 3751 καὶ
1685 3698 1748 3751 16
1789 3698 1885 3752 άν-

284 3769 500 3865 όμοιον,
625 3778 721 3831 καὶ
752 3779 816 3833 16
844 3781 1033 3852 μεῖζον
1066 3786 1244 3840 καὶτὸ
1275 3786 1523 3844 ἔλαττον.
1553 3791 1627 3844 Τὸ
1654 3792 1884 3865 μὲνγὰρ

290 3858 481 3955 μεῖζον
525 3864 622 3917 καὶ
657 3865 717 3919 16
749 3866 989 3939 ἔλαττον,
1020 3873 1131 3927 τῶν
1179 3876 1317 3948 πρός
1361 3895 1413 3931 τι
1458 3858 1690 3951 ἐχόντων
1740 3858 1885 3955 παρ’

286 3949 522 4047 ἀκείνοις
565 3955 803 4025 λέγεται.
846 3960 921 4016 T6
970 3964 1027 4018 δὲ
1073 3965 1337 4041 ὄμοιονῆ
1388 3949 1590 4027 καῖ-τὸ
1629 3949 1883 4047 ἀνόμοιον

286 4043 483 4115 ἑτέρας
521 4047 640 4102 ἐστὶ
667 4054 1005 4125 κατηγορίας
1044 4057 1166 4128 ἦτοι
1200 4058 1549 4131 διαιρέσεως,
1570 4043 1743 4120 Πόθεν
1771 4068 1881 4122 τοί-

284 4152 381 4191 νυν
412 4138 541 4210 ὑμῖν
562 4141 673 4195 ἀπὸ
692 4143 787 4197 τοῦ
812 4144 1060 4215 μείζονος
1083 4150 1176 4202 ἐπὶ
1194 4153 1257 4205 16
1276 4153 1462 4224 ᾶμοιον
1485 4156 1518 4227 ἡ
1544 4157 1879 4227 μετάϐασις;

275 4228 380 4281 καὶ
407 4228 466 4296 εξ
492 4229 781 4298 ἐλάττονος
822 4236 945 4318 ἦτοι
967 4239 1063 4293 τοῦ
1093 4242 1339 4312 μείζονος
1365 4245 1465 4317 τὴν
1494 4247 1760 4319 πρότασιν
1790 4250 1882 4318 ἑξ-

282 4319 625 4411 ικραίνοντες,
671 4324 986 4397 ἑτερογενὲς
1042 4331 1327 4403 είσςρέρετε
1370 4335 1432 4389 16
1484 4338 1878 4411 συμπέρασμα,

282 4406 569 4499 λέγοντες
606 4412 670 4465 El
703 4413 943 4472 ἐλάττων
977 4419 1126 4473 ἐστὶν
1163 4422 1193 4474 6
1227 4421 1356 4487 Υίδς
1387 4424 1482 4478 τοῦ
1520 4406 1755 4499 Πατρός,
1782 4406 1882 4485 άνὲ

279 4498 470 4595 δμοιος
503 4501 613 4574 ἀρα
632 4522 646 4535 ο
680 4505 854 4579 ἐχρῆν
881 4508 990 4582 γάρ
1017 4511 1219 4582 μᾶλλον
1242 4516 1439 4583 εἰπεῖν,
1465 4518 1568 4574 οὐκ
1601 4498 1716 4586 (eo;
1747 4523 1877 4595 ἄρα,

280 4592 318 4667 ἢ
344 4595 405 4648 οὐ
443 4595 702 4662 τοσοῦτος
729 4600 858 4672 ἄρα,
892 4602 980 4657 ἵνα
1010 4604 1090 4677 μὴ
1130 4607 1294 4663 πάλιν
1322 4610 1556 4681 ἀμαθεῖς
1594 4614 1747 4680 ὄντες
1788 4592 1879 4682 ἐξ-

280 4685 694 4762 ελεγχθήσησθε
728 4693 806 4765 τῷ
834 4711 895 4748 τε
915 4696 1121 4768 μείζονι
1137 4700 1233 4755 καὶ
1252 4701 1330 4774 τῷ
1353 4703 1595 4761 ἐλάττονι
1628 4708 1688 4762 16
1712 4711 1877 4765 ποσὸν

281 4780 660 4851 ιπιφέροντες.
678 4787 752 4839 Οὐ
788 4787 899 4861 γάρ
932 4790 1001 4845 τά
1023 4792 1161 4863 πρός
1195 4795 1250 4848 τί
1278 4812 1394 4861 πως
1424 4796 1632 4870 ἔχοντα,
1661 4802 1795 4859 ἀλλά
1816 4804 1879 4859 16

285 4872 472 4966 μεῖζον
499 4876 533 4944 ἢ
565 4876 787 4932 ἔλαττον
814 4882 1136 4939 ὑποκεῖσθαι
1160 4884 1238 4957 τῷ
1269 4888 1429 4960 ποσῷ
1448 4892 1876 4966 νενομοθέτηκεν

279 4964 318 5035 ἠ
356 4965 766 5037 Ἀριστοτέλους
792 4973 979 5045 τέχνη.
1017 4977 1146 5051 Είδη
1186 4979 1248 5035 δὲ
1290 4982 1441 5054 αὐτῷ
1463 4985 1678 5056 τίθησιν
1711 4964 1873 5055 ἑπτὰ,

278 5057 541 5131 ἀριθμὸν,
576 5061 671 5117 καὶ
714 5060 894 5132 λόγον,
929 5066 1026 5120 καὶ
1073 5071 1362 5144 γραμμὴν,
1395 5076 1491 5129 καὶ
1525 5078 1868 5147 ἐπιφάνειαν,

279 5150 377 5244 καὶ
406 5151 589 5223 σῶμα.
622 5156 718 5210 καὶ
757 5158 968 5229 χρόνον,
1003 5162 1098 5215 καὶ
1129 5164 1314 5219 τόπον.
1349 5166 1542 5225 Μόνων
1585 5171 1875 5244 τοιγαροῦν

276 5243 389 5297 τῶν
425 5245 735 5317 εἰρημένων
766 5250 1015 5322 δέχεσθαι
1053 5254 1113 5310 16
1143 5257 1311 5313 ποσὸν
1337 5261 1680 5330 πεφυκότων,
1709 5243 1875 5321 πόθεν

277 5336 463 5407 ὑμεῖς,
491 5332 538 5392 ὦ
565 5335 733 5408 οὗτοι,
767 5344 845 5415 τῷ
876 5345 1082 5416 μείζονι
1110 5349 1206 5403 καὶ
1228 5349 1307 5422 τῷ
1341 5352 1585 5409 ἐλάττονι
1613 5354 1676 5409 16
1708 5358 1874 5413 ποσὸν

278 5429 615 5501 ἑπιφέρετε,
668 5434 842 5509 ἑτέρῳ
888 5439 1037 5506 γένει
1091 5440 1265 5497 ταῦτα
1319 5443 1415 5498 τοῦ
1467 5446 1874 5517 Ἀριστοτέλους

277 5521 727 5590 ἀνατεθεικότοςς
756 5529 975 5602 Ἐπειδὴ
1011 5533 1189 5589 τοίνυν
1222 5536 1315 5589 τὸν
1346 5540 1475 5609 περὶ
1497 5539 1590 5593 τοῦ
1627 5538 1873 5611 μείζονος

278 5617 376 5670 καὶ
422 5617 522 5671 τοῦ
575 5618 862 5688 ἐλάττονος
910 5626 1255 5694 ἐξετάζοντες
1306 5630 1485 5701 λόγον,
1531 5634 1873 5701 ἀπαιδεύτως

277 5706 374 5761 επὶ
410 5708 512 5779 τὴν
545 5710 639 5765 τοῦ
673 5713 863 5784 ὁμοίου
906 5720 999 5773 καὶ
1030 5721 1288 5793 ἀνομοίου
1332 5726 1637 5797 παράθεσιν
1664 5729 1873 5796 ἐξεκλί-

278 5814 430 5869 νατε,
464 5802 748 5874 λέγοντες·
778 5809 842 5864 Εἰ
868 5810 1103 5866 ἐλάττων
1128 5815 1275 5869 ἐστὶν
1301 5818 1329 5871 6
1354 5817 1481 5883 Υἱὸς
1511 5819 1605 5874 τοῦ
1636 5822 1869 5893 Πατρδς,

279 5897 536 5969 ἀνόμοιος
587 5902 726 5970 ἄρα·
776 5906 1151 5985 χαλεπωτὲρω
1201 5910 1256 5967 δὲ
1306 5915 1469 5972 πάλιν
1518 5916 1871 5983 ἀπαιδευσίας

1910 3304 1957 3366 σ

1991 1794 2200 1861 minus,
2233 1809 2340 1865 quo
2373 1796 2629 1852 nimirum
2662 1796 2837 1865 majus
2866 1806 2970 1854 est.
3008 1796 3142 1853 Cum
3174 1798 3320 1853 enim
3356 1798 3408 1854 id
3442 1800 3588 1868 quod

1992 1887 2169 1957 majus
2191 1896 2277 1944 est
2302 1902 2643 1961 cognoscere
2667 1889 2948 1955 volumus,
2976 1890 3044 1945 ad
3076 1889 3306 1945 minoris
3334 1890 3586 1947 notitiam

1992 1975 2390 2048 confugientes,
2411 1979 2635 2048 majoris
2652 1978 3030 2035 excellentiam
3052 1982 3349 2036 cernimus.
3374 1980 3431 2036 Si
3456 1995 3589 2051 ergo

1992 2067 2155 2124 Pater
2176 2084 2393 2141 semper
2417 2070 2595 2141 major
2618 2080 2701 2125 est
2730 2069 2891 2137 Filio,
2920 2069 3023 2125 fuit
3049 2072 3269 2143 quidem
3300 2072 3416 2142 ipse
3444 2086 3589 2129 sem-

1991 2176 2091 2232 per
2124 2181 2137 2217 :
2175 2161 2278 2218 fuit
2312 2177 2441 2220 vero
2476 2164 2642 2219 etiam
2674 2177 2802 2221 cum
2836 2179 2903 2221 eo
2941 2164 3141 2234 Filius,
3178 2180 3287 2236 quo
3320 2174 3376 2223 et
3417 2165 3590 2237 major

1989 2269 2113 2311 esse
2141 2255 2363 2323 dicitur,
2395 2264 2693 2312 secundum
2722 2272 2841 2313 vos.
2871 2256 3030 2324 Quod
3062 2272 3193 2313 vero
3222 2272 3442 2330 semper
3467 2268 3585 2325 est,

1990 2362 2227 2418 quonam
2259 2357 2421 2420 pacto
2448 2347 2719 2407 dissimile
2747 2352 2855 2407 erit
2886 2352 2962 2408 illi
2995 2354 3137 2422 quod
3170 2351 3337 2408 etiam
3372 2366 3587 2423 semper

1990 2439 2106 2495 est?
2132 2440 2241 2494 Aut
2268 2440 2545 2510 quomodo
2575 2442 2784 2512 majus,
2814 2459 2938 2500 cum
2973 2445 3089 2515 ipsa
3116 2443 3287 2514 geniti
3314 2444 3588 2500 exsisteu-

1990 2532 2065 2585 tia
2094 2545 2216 2585 cum
2247 2530 2499 2601 genitore
2526 2536 2820 2589 conveniat
2846 2535 3145 2605 omniaque
3177 2535 3500 2593 naturaliter
3532 2536 3583 2590 in

1990 2636 2050 2678 se
2081 2622 2277 2680 habeat
2305 2638 2425 2694 quae
2454 2622 2600 2681 Patri
2632 2625 2857 2682 insunt?

2666 2760 2895 2817 ALIUD.

2060 2872 2137 2927 Ex
2184 2871 2538 2930 AriStotellca
2587 2870 2872 2945 disciplina
2922 2878 3079 2934 nobis
3125 2879 3482 2949 insultantes,
3530 2891 3584 2938 et

1990 2964 2278 3021 mundana:
2308 2966 2592 3037 sapientiae
2623 2966 2767 3023 fastu
2802 2959 3011 3041 turgidi
3021 3010 3035 3035 ,
3070 2970 3262 3027 inanes
3291 2972 3578 3029 verborum

1988 3056 2229 3126 crepitus
2263 3057 2536 3124 excitant,
2577 3073 2769 3129 parum
2801 3059 2905 3115 sibi
2940 3062 3332 3131 persuadentes
3364 3078 3424 3120 se
3453 3062 3580 3119 Ari-

1988 3148 2253 3206 stotelicas
2290 3149 2593 3221 disciplina:
2633 3152 2854 3223 ignaros
2897 3155 3114 3210 ostendi
3155 3170 3336 3226 posse.
3375 3156 3581 3229 Miran—

1990 3241 2116 3296 dum
2150 3242 2297 3297 enim
2332 3250 2416 3297 est
2447 3243 2626 3313 quod,
2661 3258 2785 3299 cum
2823 3245 3091 3301 rationem
3128 3247 3351 3317 majoris
3382 3257 3438 3303 et
3479 3251 3583 3303 mi-

1988 3334 2141 3391 noris
2170 3336 2473 3401 excutiant,
2502 3337 2570 3390 ad
2603 3351 2913 3393 sermonem
2944 3339 3012 3394 de
3042 3340 3208 3395 simili
3240 3351 3297 3397 et
3327 3342 3578 3398 dissimili

1986 3424 2373 3495 prolabantur,
2412 3426 2767 3494 nescientes,
2808 3430 2962 3500 juxta
3008 3430 3325 3487 Aristotelis
3373 3432 3576 3503 placita

1986 3528 2096 3585 qun
2124 3515 2224 3586 ipsi
2256 3517 2549 3587 plurimum
2577 3532 2703 3574 sese
2724 3518 3006 3588 jaetitant,
3040 3521 3219 3577 simile
3246 3522 3363 3594 88
3388 3533 3444 3580 et
3470 3525 3584 3581 dis-

1986 3605 2164 3662 simile
2196 3622 2301 3663 non
2333 3608 2390 3663 in
2420 3609 2611 3665 eodem
2642 3625 2843 3681 genere
2871 3610 3155 3676 collocari,
3186 3612 3239 3668 in
3266 3628 3374 3683 quo
3404 3615 3580 3686 majus

1985 3704 2041 3749 et
2078 3698 2278 3754 minus.
2311 3697 2369 3754 Si
2405 3700 2625 3770 quidem
2662 3700 2837 3772 majus
2873 3711 2931 3757 et
2970 3702 3152 3758 minus
3189 3703 3413 3758 relativo
3461 3706 3578 3760 sive

1986 3786 2054 3839 ad
2089 3786 2294 3859 aliquid
2331 3790 2399 3846 ab
2434 3791 2499 3845 iis
2532 3791 2812 3846 dicuntur.
2844 3793 3036 3849 Simile
3068 3808 3196 3850 vero
3229 3804 3285 3850 et
3316 3796 3580 3851 dissimile

1984 3874 2213 3933 alterius
2236 3879 2447 3936 ordinis
2475 3880 2589 3937 sive
2618 3882 3027 3951 pradicamenti
3054 3896 3201 3941 sunt.
3232 3884 3389 3942 Unde
3413 3887 3579 3957 igitur

1986 3981 2083 4023 vos
2112 3968 2186 4024 ita
2214 3984 2247 4025 a
2272 3969 2478 4039 majore
2503 3973 2571 4027 ad
2600 3972 2778 4028 simile
2808 3975 3135 4033 trausilitisl
3160 3988 3217 4034 et
3242 3994 3312 4034 ex
3340 3979 3573 4048 majore,

1983 4068 2100 4124 sive
2139 4069 2349 4126 minore
2378 4071 2804 4141 propositionem
2834 4074 3192 4142 deducentes,
3239 4076 3441 4132 diversi
3483 4094 3578 4149 ge-

1984 4162 2134 4217 neris
2163 4163 2573 4219 conclusionem
2601 4164 2838 4231 inl'ertis,
2870 4166 3117 4224 dicentes
3148 4186 3163 4223 :
3200 4166 3257 4224 Si
3289 4169 3468 4225 minor
3492 4182 3578 4225 est

1984 4252 2153 4310 Filius
2179 4253 2373 4323 Patre,
2404 4255 2686 4313 dissimilis
2712 4258 2908 4328 igitur;
2938 4274 3058 4314 cum
3087 4261 3266 4331 potius
3291 4262 3365 4315 ita
3388 4261 3576 4318 dicen-

1982 4346 2110 4402 dum
2145 4346 2314 4404 fuerit
2345 4367 2357 4403 :
2399 4347 2514 4405 Non
2545 4365 2675 4419 ergo
2706 4352 2963 4421 aequalis,
2996 4363 3090 4407 aut
3122 4368 3227 4409 non
3261 4364 3474 4424 tantus,
3509 4374 3576 4412 ne

1982 4438 2311 4509 imperitiam
2339 4450 2577 4497 vestram
2606 4444 2932 4515 proderetis,
2956 4459 3031 4501 ex.
3052 4444 3258 4514 majore
3281 4458 3335 4502 et
3363 4448 3577 4505 minore

1981 4534 2339 4603 quantitatem
2376 4533 2690 4592 inferentes.
2734 4535 3095 4607 Nequeenim
3126 4554 3249 4609 qua:
3273 4539 3570 4611 ad-aliquld

1983 4635 2133 4688 sunt.
2166 4626 2261 4681 sed
2300 4624 2477 4696 majus
2513 4638 2568 4682 et
2604 4630 2809 4696 minus,
2842 4631 3135 4700 quantitati
3173 4633 3414 4702 subjecta
3448 4648 3573 4691 esse.

1979 4719 2329 4775 Aristotelica
2356 4720 2641 4791 disciplina
2672 4723 2856 4779 tradit.
2884 4722 3109 4795 Species
3130 4735 3309 4781 autem
3338 4725 3414 4781 illi
3440 4742 3573 4783 con-

1979 4810 2156 4864 stituit
2189 4821 2395 4879 septem
2433 4829 2447 4867 :
2483 4827 2805 4881 numerum,
2838 4816 3177 4882 orationem,
3212 4817 3441 4886 lineam,
3476 4835 3571 4875 su-

1978 4902 2277 4973 perﬁciem,
2305 4919 2526 4975 corpus,
2558 4916 2772 4979 tempus
2798 4919 2855 4963 et
2884 4909 3083 4965 locum.
3111 4909 3245 4965 Cum
3275 4911 3421 4966 enim
3454 4912 3568 4968 haec

1976 4992 2318 5051 solummodo
2343 5007 2607 5067 quantum
2636 5000 2925 5069 recipiant,
2953 5002 3223 5057 undenam
3250 5017 3345 5057 vos
3374 5002 3567 5075 majori

1977 5096 2038 5141 et
2077 5085 2275 5142 minori
2319 5098 2581 5157 quantum
2630 5091 2898 5158 tribuitis,
2944 5107 3066 5146 cum
3108 5092 3434 5150 Aristoteles
3477 5093 3566 5150 illa

1978 5177 2077 5232 sub
2108 5177 2213 5232 alio
2244 5194 2445 5249 genere
2473 5180 2909 5238 collocet‘HJum
2941 5184 3107 5255 igitur
3134 5199 3231 5241 vos
3262 5186 3485 5257 majoris
3511 5197 3569 5242 et

1978 5269 2206 5325 minoris
2236 5271 2499 5327 rationem
2530 5273 2952 5343 investigantes,
2990 5275 3243 5345 imperite
3272 5278 3338 5331 ad
3370 5278 3568 5334 similis

1976 5368 2030 5413 et
2060 5359 2340 5416 dissimilis
2370 5363 2834 5431 comparationem
2864 5364 3240 5433 devolvimini,
3267 5366 3519 5423 dicentes
3548 5388 3562 5424 :

1979 5448 2035 5506 Si
2081 5450 2251 5508 Filius
2294 5452 2475 5510 minor
2513 5466 2599 5511 est
2638 5454 2821 5523 Patre,
2864 5472 2995 5528 ergo
3033 5458 3200 5514 etiam
3243 5459 3564 5525 dissimilis;

1974 5548 2193 5618 gravius
2223 5547 2407 5601 statim
2435 5549 2654 5616 erratis,
2684 5549 2856 5620 majus
2886 5559 2939 5604 et
2971 5551 3153 5607 minus
3183 5551 3249 5605 ad
3280 5552 3528 5623 quantita
3548 5583 3563 5592 -

1976 5645 2082 5690 tem
2128 5634 2460 5702 referentes,
2503 5652 2625 5693 cum
2666 5638 2847 5694 dicitis
2889 5658 2903 5694 :
2946 5639 3002 5695 Si
3046 5639 3216 5698 Filius
3258 5653 3343 5699 est
3387 5644 3563 5699 minor

1974 5726 2157 5795 Patre,
2195 5742 2325 5798 ergo
2367 5743 2473 5784 non
2513 5730 2755 5799 aequalis,
2798 5746 2972 5803 neque
2996 5720 3215 5792 'tantus.
3258 5737 3392 5793 Cum
3432 5753 3561 5795 vero

1976 5836 2130 5877 mens
2156 5821 2310 5877 vobis
2339 5820 2481 5875 nulla
2513 5836 2578 5877 ex
2611 5832 2765 5892 parte
2797 5840 2929 5883 sana
2960 5827 3051 5897 sit,
3085 5829 3266 5887 inanis
3298 5831 3463 5886 etiam
3495 5845 3561 5889 ac

1974 5930 2111 5972 vana
2146 5924 2231 5971 cst
2260 5922 2437 5971 vestra
2469 5915 2784 5986 propositio.
