4048 6424
514 418 614 472 H7

1493 417 1546 472 S.
1590 416 1867 473 CYRILLI
1908 413 2373 470 ALEXANDRINI
2412 413 2730 469 ARCHIEP.

3651 420 3756 478 ηε

514 537 812 608 ὶγκλήματι
844 535 1199 608 περιπίπτετι
1235 535 1376 589 κατὰ
1421 535 1512 588 τοῦ
1549 534 1791 603 μείζονος
1829 533 2040 587 καὶτοῦ
2082 533 2361 596 ἐλάττονος
2401 535 2461 586 τὸ
2487 534 2650 588 ποσὸν
2676 533 2936 601 τιθέντες,
2976 535 3105 588 ὅταν
3135 534 3360 608 λέγητεο
3409 538 3470 592 El
3514 538 3754 592 ἐλάττων

513 634 657 686 ἐστὶν
683 632 713 684 6
742 632 866 694 Υἱὸς
894 631 985 684 τοῦ
1028 632 1258 703 Πατρὺς,
1291 632 1389 684 οὐκ
1431 632 1544 693 leo;
1592 631 1718 701 ἄρα.
1749 631 1866 685 οὐδὲ
1922 628 2192 694 τοσοῦτος.
2214 631 2526 701 Οὑδαμόθεν
2589 631 2634 684 δ’
2659 631 2788 701 ὑμῖν
2836 630 3167 699 ὑγιαίνοντος
3229 628 3322 684 τοῦ
3344 629 3521 698 λόγου,
3549 631 3755 700 ματαία

513 723 730 788 πάντως
757 723 869 776 ἐστὶ
901 724 993 775 καὶ
1022 722 1245 793 [κούφη]
1273 725 1304 793 ἡ
1336 723 1619 794 πρότασις.

1188 838 1398 895 ALIUD

518 951 715 1005 Decem
757 950 1200 1018 quod,proposito
1246 950 1445 1018 majore
1483 960 1529 1002 et
1575 950 1796 1013 minore,
1839 951 2074 1014 imperite

582 967 715 1005 acetis
757 966 1200 1018 quoa,propomo
1246 966 1328 1003 ma
1393 966 1445 1002 re
1483 966 1529 1002 et
1575 966 1796 1013 rumore,
1839 966 2074 1014 imperite

582 1024 862 1072 admodum
890 1020 1217 1087 inmqualitas
1244 966 1523 1086 iugatur,
1552 1036 1669 1072 cum
1689 1020 1845 1088 juxta
1873 1020 2074 1074 Aristo-

583 1090 696 1144 telis
727 1089 1057 1155 disciplinam
1088 1089 1312 1143 alterius
1339 1090 1403 1142 sit
1434 1092 1655 1158 generis.

582 1265 810 1320 Nomina
850 1279 972 1335 quze
1005 1265 1071 1320 ad
1111 1263 1315 1334 aliquid
1351 1274 1512 1330 sunt,
1549 1273 1710 1334 atque
1749 1265 1822 1319 ita
1861 1266 1928 1321 ab
1971 1265 2075 1320 illis

513 1366 793 1420 vocantur,
817 1371 938 1410 cum
964 1357 1282 1411 Aristoteles
1309 1356 1530 1424 hujusce
1556 1356 1690 1410 artis
1717 1357 1965 1412 inventor
1981 1373 2075 1411 ex-

515 1450 695 1517 plicat,
725 1449 798 1502 ita
826 1447 1011 1502 deﬁnit
1041 1466 1053 1502 :
1087 1449 1163 1501 Ad
1192 1447 1413 1517 aliquid,
1443 1448 1640 1518 inquit,
1671 1459 1930 1503 vocantur
1955 1465 2075 1520 quae

512 1536 564 1589 id
594 1536 764 1606 ipsum
790 1536 933 1605 quod
957 1544 1113 1599 sunt,
1137 1535 1364 1590 aliorum
1387 1549 1506 1593 esse
1531 1537 1800 1601 dicuntur,
1828 1548 1920 1592 aut
1944 1554 2076 1608 quo-

510 1627 804 1682 modolibet
830 1628 988 1682 aliter
1017 1631 1082 1682 ad
1111 1627 1253 1682 aliud
1285 1641 1300 1681 :
1332 1638 1386 1682 ut
1418 1630 1611 1700 majus,
1642 1631 1694 1684 id
1730 1632 1900 1700 ipsum
1931 1635 2076 1703 quod

512 1729 600 1773 cst
631 1729 876 1788 respectu
908 1720 1132 1774 alterius
1162 1736 1282 1775 esse
1313 1722 1531 1777 dicitur.
1564 1721 1630 1776 Et
1663 1723 1904 1793 duplum,
1937 1725 2074 1793 idip-

510 1825 628 1863 sum
662 1812 804 1879 quod
840 1819 952 1874 est,
988 1811 1213 1866 alterius
1247 1821 1329 1865 est
1364 1825 1378 1864 :
1413 1812 1642 1880 alicujus
1676 1817 1819 1868 enim
1855 1817 2073 1884 duplum

509 1901 729 1956 dicitur.
763 1901 896 1956 Cum
934 1903 1094 1972 igitur
1125 1905 1236 1958 lucc
1269 1903 1338 1958 sit
1371 1919 1553 1959 eorum
1585 1906 1699 1977 89
1733 1922 1849 1976 quas
1883 1910 1947 1962 ad
1979 1909 2077 1962 ali-

509 1992 636 2058 quid
664 2003 788 2046 sunt
813 1993 1074 2060 dellnitio,
1100 1995 1282 2049 dicant
1310 1995 1464 2050 nobis
1491 1997 1607 2058 isti,
1636 1998 1723 2066 qui
1756 1997 1887 2053 nihil
1915 2014 2074 2068 quam

511 2083 851 2140 Aristotelem
881 2095 1123 2154 erepant,
1150 2095 1201 2141 et
1233 2087 1375 2142 illius
1400 2090 1577 2158 potius
1608 2087 1886 2158 disciplina
1915 2105 2074 2158 quam

2869 833 3069 888 ΑΛΛΟ.

2177 950 2472 1004 moderator
2499 949 2609 1012 ὅτι,
2647 949 3040 1016 προκειμένου
3073 947 3182 1000 τοῦ
3205 947 3475 1016 μείζονος
3512 949 3609 1003 καί
3645 948 3754 1002 τοῦ

2248 1020 2589 1082 ἐλάττονος,
2635 1021 3002 1082 ἀπαιδεύτως
3055 1018 3121 1070 τὸ
3165 1020 3449 1088 ἀνόμοιον
3495 1019 3755 1088 διο-φέρε-

2246 1106 2339 1142 ται
2363 1130 2376 1151 ,
2435 1090 2771 1158 sapores-ec
2833 1089 2905 1142 ὃν
2949 1088 3099 1140 κατά
3150 1089 3266 1158 τὴν
3306 1089 3757 1156 Ἀριστοτέλους

2245 1159 2488 1228 τέχνην.

2245 1271 2326 1324 Τὰ
2379 1272 2515 1342 πρός
2563 1289 2615 1324 τι
2657 1272 2847 1341 ἔχοντα
2880 1272 2990 1325 τῶν
3036 1272 3318 1342 ὀνομάτων
3349 1271 3494 1326 οὕτω
3524 1290 3583 1326 τε
3614 1271 3772 1349 παρ’.

2176 1357 2405 1420 ἐκείνοις
2432 1357 2758 1427 καλούμενα,
2785 1361 2993 1430 φανερὰ
3023 1359 3295 1413 καθιστῶν
3318 1363 3346 1414 ὁ
3373 1366 3474 1431 τῆς
3502 1361 3757 1432 τοιαύτης

2175 1450 2369 1520 τέχνης
2407 1450 2635 1522 εὑρετὴς
2670 1451 3063 1521 Ἀριστοτέλης,
3108 1450 3350 1504 τοιοῦτον
3397 1452 3616 1522 ἐκφέρει
3664 1451 3755 1504 τὸν

2175 1543 2300 1614 ὅρον
2321 1559 2335 1574 ·
2369 1542 2511 1612 Πρός
2532 1560 2584 1595 τι
2613 1541 2669 1594 δὲ
2691 1542 2758 1594 τὰ
2793 1543 3016 1595 τοιαῦτα
3048 1543 3288 1610 λέγεται,
3323 1544 3423 1596 ὅσα
3452 1544 3592 1596 αὑτά
3611 1543 3757 1613 ἅπερ

2178 1636 2347 1697 ἐστὶν,
2377 1635 2579 1704 ἑτέρων
2617 1628 2757 1686 εἶναι
2802 1635 3016 1702 λέγεται
3049 1634 3080 1704 ἢ
3117 1633 3368 1686 ὁπωσοῦν
3404 1632 3578 1695 ἄλλως
3620 1633 3757 1700 πρὸς

2176 1725 2395 1794 ἕτερον·
2431 1718 2540 1776 οἷον
2591 1722 2651 1774 τὸ
2696 1722 2877 1791 μεῖζον
2924 1721 3071 1775 τοῦθ’
3096 1721 3232 1790 ὅπερ
3265 1721 3412 1772 ἐστὶν
3446 1719 3631 1788 ἑτέρου
3672 1715 3758 1768 λέ-

2177 1833 2354 1883 γεται.
2384 1815 2492 1868 Καὶ
2535 1815 2595 1866 τὸ
2638 1814 2920 1866 διπλάσιον
2968 1812 3157 1882 ἑτέρου
3208 1811 3425 1878 λέγεται
3454 1807 3599 1862 τοῦθ’
3618 1809 3760 1876 ὅπερ

2178 1906 2293 1958 ἐστί
2314 1921 2327 1935 ·
2355 1905 2496 1968 τινος
2523 1905 2630 1974 γὰρ
2657 1905 2936 1958 διπλάσιον
2975 1903 3215 1971 λέγεται.
3238 1900 3441 1954 Τοῦτον
3467 1898 3761 1969 τοιγαροῦν

2180 1997 2409 2067 ἑχόντων
2435 1997 2543 2049 τῶν
2573 1997 2704 2065 πρός
2735 2014 2784 2048 τι
2828 1995 2919 2048 τὸν
2964 1997 3107 2065 ὅρον,
3144 1995 3508 2047 δεικνύτωσαν
3544 1993 3676 2062 ἡμῖν
3708 1990 3760 2043 οι

2178 2090 2278 2158 τὴν
2312 2087 2712 2158 Ἀριστοτέλους
2739 2087 3087 2158 ἐρευγόμενοι
3114 2086 3328 2156 τέχνην,
3359 2085 3450 2136 καὶ
3476 2084 3588 2146 τοῖς
3613 2083 3760 2134 btet-

508 2193 784 2233 sacrarum
831 2178 1236 2249 Scripturarnm
1281 2183 1587 2253 cognitione
1625 2196 1746 2238 sese
1782 2183 2071 2251 iactitant,

2177 2181 2266 2234 θεν
2293 2181 2630 2252 μαθήμασιν,
2660 2181 2719 2232 οὺ
2754 2183 2865 2243 τοῖς
2907 2179 3015 2232 ἀπὸ
3043 2180 3142 2248 τῆς
3180 2179 3332 2240 θείας
3370 2176 3595 2247 Γραφῆς
3637 2176 3771 2228 ἑαυ-

507 2286 574 2323 au
610 2271 788 2326 simile
830 2271 881 2325 id
915 2271 1089 2342 ipsum
1137 2272 1278 2341 quod
1312 2283 1392 2328 est
1434 2273 1656 2328 alterius
1686 2275 1784 2340 sit,
1820 2275 2076 2343 quemad-

510 2361 724 2415 modum
774 2363 946 2432 majus
989 2372 1042 2418 et
1091 2364 1330 2434 duplum.
1379 2365 1678 2436 Opponitur
1718 2370 1860 2422 enim
1910 2369 2074 2423 simili

506 2451 790 2516 dissimile,
813 2453 955 2508 sicut
980 2453 1190 2521 majori,
1216 2456 1419 2521 minus;
1449 2459 1540 2512 sed
1570 2474 1673 2512 non
1700 2461 1885 2513 eodem
1916 2463 2076 2516 modo

505 2552 670 2610 atque
698 2544 924 2599 ratione.
953 2544 1121 2615 Majus
1149 2547 1292 2601 enim
1329 2548 1526 2602 dicitur
1554 2560 1611 2602 ut
1642 2551 1846 2604 minore
1879 2553 2071 2621 majus.

508 2630 695 2686 Simile
723 2642 902 2687 autem
934 2650 1212 2705 nunquam
1243 2636 1488 2693 dissimili
1522 2640 1694 2709 majus
1721 2643 1952 2706 dicitur,
1982 2659 2076 2698 ne-

505 2735 610 2788 que
642 2725 1091 2792 quemadmodum
1120 2725 1314 2797 majus,
1344 2729 1436 2798 qui
1466 2732 1768 2800 oppositum
1800 2747 1955 2785 suum
1985 2749 2074 2786 su-

507 2820 690 2878 perat,
733 2822 814 2867 est
862 2814 912 2868 id
955 2817 1098 2883 quod
1145 2832 1265 2873 esse
1309 2819 1539 2886 dicitur;
1585 2821 1658 2874 ita
1699 2821 1902 2885 simile,
1946 2827 2072 2892 quia

507 2899 680 2968 majus
715 2912 799 2957 est
833 2904 1118 2971 dissimili,
1152 2907 1255 2962 hoc
1288 2912 1430 2978 quod
1466 2922 1548 2966 est
1581 2927 1703 2967 esse
1737 2917 2068 2970 censebitur.

511 2993 712 3048 Diversi
752 2995 916 3065 igitur
949 2999 1162 3068 generis
1201 3015 1421 3070 prorsus
1455 3013 1514 3059 ιιι
1551 3005 1660 3059 sint
1696 3021 1917 3060 necesse
1955 3019 2073 3071 est,

505 3098 629 3150 qua:
650 3087 894 3142 eamdem
922 3089 1238 3146 divisionem
1265 3094 1739 3166 deﬁnitionemque
1768 3113 1870 3151 non
1900 3102 2073 3154 susci-

506 3185 674 3242 piunt.

1178 3297 1403 3352 ALIL‘D.

577 3398 802 3458 Nomina
833 3418 953 3473 qum
983 3407 1047 3461 ad
1080 3407 1279 3480 aliquid
1312 3422 1470 3476 sunt,
1505 3425 1595 3471 aut
1626 3432 1947 3485 quacunque
1978 3433 2070 3472 ra-

2173 2272 2299 2335 τοῦς
2347 2271 2837 2340 ἀποσεμνύνοντες,
2868 2271 2915 2321 εί
2965 2271 3059 2322 καὶ
3107 2267 3168 2319 τὸ
3217 2268 3402 2337 ὅμοιον
3447 2264 3590 2317 τοῦθ’
3620 2264 3760 2332 ὅπερ

2175 2367 2324 2418 ἐστὶν
2361 2366 2547 2435 ἑτέρου
2578 2364 2815 2431 λέγεται,
2848 2361 3100 2432 καθάπερ
3131 2362 3224 2413 καί
3255 2359 3316 2412 τδ
3345 2358 3527 2428 μεῖζον
3570 2356 3662 2410 καὶ
3698 2356 3760 2408 τδ

2173 2459 2474 2512 διπλάσιον.
2491 2457 2814 2510 Ἀντίκειται
2849 2454 2947 2525 μὲν
2971 2453 3078 2523 γὰρ
3101 2453 3180 2522 τῷ
3203 2452 3374 2522 ὁμοίῳ
3397 2449 3458 2502 τὸ
3482 2448 3758 2518 ἀνόμοιον,

2175 2551 2360 2620 ὥσπερ
2395 2550 2490 2602 καὶ
2533 2547 2612 2616 τῷ
2652 2547 2859 2617 μείζονι
2892 2545 2952 2598 τὸ
3002 2545 3246 2602 ἔλαττον,
3292 2539 3407 2594 ἀλλ’
3438 2539 3536 2608 οὐχ
3583 2537 3757 2599 οὕτως

2173 2642 2292 2694 οὐδὲ
2326 2639 2610 2702 ὡσαύτως.
2640 2639 2714 2691 Τὸ
2751 2639 2850 2708 μὲν
2875 2636 2984 2708 γὰρ
3011 2637 3195 2706 μεῖζον
3225 2635 3300 2697 ὡς
3325 2634 3606 2695 ὲλάττονος
3640 2629 3766 2701 μετ-

2173 2732 2266 2796 ζον
2295 2733 2530 2798 λέγεται.
2560 2731 2633 2783 Τὸ
2659 2730 2715 2783 δὲ
2741 2731 2926 2798 ὅμοιον
2955 2729 3056 2780 οὐκ
3088 2727 3157 2781 ἀν
3189 2727 3264 2790 ὼς
3292 2724 3548 2794 ἀνομοίου
3572 2722 3760 2794 μεῖζον

2173 2821 2389 2891 λεχθείη
2427 2821 2580 2885 ποτὲ,
2625 2819 2744 2872 οὐδὲ
2765 2819 2954 2887 ὥσπερ
2979 2817 3039 2870 τὸ
3064 2817 3249 2884 μεῖζον
3273 2816 3359 2868 διὰ
3385 2815 3443 2867 τὸ
3465 2814 3759 2883 ὑπερέχειν

2174 2911 2266 2965 τοῦ
2331 2911 2707 2979 ἀντικειμένου
2746 2910 2906 2963 τοῦτό
2945 2910 3095 2962 ἐστιν
3140 2909 3278 2978 ὅπερ
3319 2903 3459 2958 εἶναι
3500 2905 3754 2973 λέγεταιο

2173 3001 2314 3056 οὓτω
2341 3002 2434 3056 καὶ
2471 3003 2532 3054 τὸ
2570 3005 2754 3072 ὅμοιον
2788 3003 2874 3055 διὰ
2917 3002 2976 3053 τὸ
3018 3001 3203 3071 μεῖζον
3225 2996 3365 3053 εἶναι
3387 2998 3478 3052 τοῦ
3502 2997 3757 3068 ἀνομοίου

2173 3093 2496 3162 νοηθήσεται
2539 3092 2713 3146 τοῦτο.
2740 3091 2948 3144 Οὐκοῦν
2971 3092 3259 3163 ἑτερογενῆ
3282 3090 3496 3153 πάντως
3515 3088 3667 3141 ἔσται
3689 3088 3761 3145 τὰ

2171 3186 2269 3255 τὴν
2293 3185 2463 3256 αὐτὴν
2483 3185 2746 3255 διαίρεσίν
2766 3202 2824 3239 τε
2849 3185 2941 3240 καί
2967 3187 3090 3255 ὅρον
3113 3186 3214 3237 οὐκ
3238 3182 3623 3252 ὲπιδεχόμενα.

2870 3299 3075 3351 ΑΛΛΟ.

2242 3410 2321 3462 Τὰ
2359 3411 2494 3480 πρός
2532 3428 2584 3463 τι
2623 3409 2813 3479 ἔχοντα
2847 3409 2956 3461 τῶν
3000 3408 3360 3477 ὀνομάτων,ἢ
3404 3408 3496 3460 καὶ
3525 3407 3671 3469 ὅπως
3693 3407 3755 3476 δή

504 3494 652 3550 tione
680 3507 924 3568 respectu
957 3499 1178 3556 alterius
1210 3503 1481 3569 dicuntur,
1513 3508 1672 3562 simul
1708 3520 1759 3563 et
1791 3511 2064 3566 intellectu

2177 3497 2401 3554 ποτόὖν
2442 3502 2576 3571 πρὸς
2616 3501 2802 3570 ἕτερον
2843 3519 2896 3554 τι
2935 3501 3225 3570 λεγόμενα,
3251 3501 3368 3568 ἅμα
3411 3502 3528 3551 ἐστὶ.
3561 3501 3656 3551 καὶ
3689 3503 3755 3570 τῇ

503 3595 557 3639 et
591 3598 778 3642 natura
814 3599 971 3655 sunt,
1011 3601 1068 3646 ut
1107 3596 1338 3665 exempli
1375 3598 1579 3667 gratia,
1620 3602 1836 3669 duplum
1871 3613 1921 3657 et
1960 3620 2073 3656 ma-

503 3693 689 3744 gnum.
721 3680 946 3750 Duplum
976 3684 1117 3738 enim
1146 3687 1368 3742 omnino
1394 3704 1572 3744 secum
1607 3693 1808 3746 inducit
1837 3694 1886 3746 id
1918 3695 2072 3762 cujus

499 3778 586 3822 est
611 3771 850 3839 duplum,
875 3783 929 3829 et
955 3791 1208 3845 magnum
1237 3792 1416 3833 secum
1445 3781 1606 3835 etiam
1637 3782 1793 3837 affert
1823 3801 2068 3852 parvum,

501 3860 659 3929 cujus
693 3870 1094 3933 comparatione
1129 3879 1213 3924 est
1251 3887 1522 3942 magnum.
1563 3873 1747 3942 Neque
1785 3879 1928 3929 enim
1965 3880 2071 3932 erit

503 3956 721 4025 duplum
748 3973 852 4013 non
882 3960 1176 4015 exsistente
1206 3965 1378 4017 medio
1409 3983 1422 4018 :
1452 3980 1626 4032 neque
1656 3983 1905 4036 magnum
1927 4011 1939 4032 ,
1968 3972 2068 4023 nisi

504 4053 771 4100 statuatur
791 4047 1004 4117 aliquod
1029 4065 1272 4119 parvum.
1300 4051 1422 4107 llaec
1449 4063 1530 4107 est
1559 4056 1720 4124 igitur
1743 4071 1924 4111 eorum
1951 4074 2069 4126 qua:

505 4136 572 4189 ad
607 4136 808 4206 aliquid
840 4148 963 4193 sunt
998 4141 1269 4207 deﬁnitio;
1308 4143 1483 4197 simile
1513 4159 1640 4198 vero
1680 4161 1783 4199 non
1821 4163 2072 4202 necessa-

503 4229 586 4284 rio
631 4244 734 4282 una
776 4243 896 4284 cum
942 4231 1187 4286 dissimili
1237 4233 1577 4303 intelligitur,
1618 4237 2067 4306 quemadmodum

505 4320 624 4383 illa,
657 4320 800 4376 sicut
831 4336 1004 4390 neque
1032 4321 1236 4390 justum
1271 4339 1390 4378 cum
1433 4325 1657 4391 injusto,
1694 4343 1866 4396 neque
1901 4331 2069 4384 virtus

503 4428 625 4466 cum
662 4413 814 4468 vitio.
853 4413 984 4467 Nam
1029 4415 1291 4481 ejusmodi
1335 4417 1663 4485 privationes
1708 4421 1882 4486 potius
1923 4433 2067 4488 sunt,

501 4515 558 4560 et
585 4519 772 4560 eorum
802 4521 920 4575 qua:
953 4509 1003 4561 in
1040 4509 1222 4562 habitu
1255 4511 1551 4564 consistunt
1584 4515 1906 4566 mutationes
1927 4557 1940 4578 ,
1976 4532 2069 4570 ne-

501 4609 607 4663 que
640 4598 1088 4666 quemadmodum
1124 4614 1184 4653 ea
1222 4606 1340 4668 qum
1374 4603 1438 4655 ad
1478 4603 1680 4671 aliquid
1719 4614 1868 4668 sunt,
1907 4607 2067 4660 simul

502 4706 625 4744 cum
660 4689 773 4744 suis
805 4691 1065 4758 oppositis
1102 4692 1490 4764 intelliguntur.
1524 4696 1730 4751 Similis
1767 4699 1907 4751 enim
1950 4715 2067 4753 mu-

504 4781 634 4834 tatio
665 4778 906 4850 quaedam
936 4792 1020 4834 est
1051 4783 1339 4848 dissimile,
1366 4782 1590 4852 justitia:
1617 4802 1745 4841 vero
1779 4789 2062 4858 injustitia.

2177 3593 2358 3662 νοήσει
2396 3594 2488 3644 καὶ
2525 3595 2587 3662 τῇ
2631 3592 2823 3661 φύσει·
2868 3587 2979 3644 οἷον
3005 3594 3133 3664 φέρε
3177 3594 3370 3655 εἰπεῖν,
3397 3592 3455 3644 τὸ
3476 3592 3756 3644 διπλάσιον

2177 3684 2268 3736 καὶ
2315 3683 2374 3734 τὸ
2415 3683 2674 3757 μέγαητὸ
2717 3684 2814 3752 μὲν
2858 3685 2967 3754 γὰρ
3015 3683 3313 3742 διπλάσιον,
3342 3685 3754 3754 συνεισφέρειτι

2177 3771 2392 3834 πάντως
2434 3773 2610 3841 ἑαυτῴ
2653 3765 2713 3824 οὗ
2756 3774 2850 3824 καὶ
2889 3775 3002 3824 ἐστὶ
3046 3774 3344 3836 διπλάσιον,
3373 3775 3464 3826 καὶ
3509 3773 3568 3825 τὸ
3614 3774 3757 3843 μέγα

2180 3863 2497 3915 συνεισοίσει
2537 3864 2753 3927 πάντως
2799 3863 2976 3933 ἑαυτῴ
3001 3865 3060 3916 τὸ
3096 3865 3290 3934 μικρὸν
3322 3865 3455 3935 πρὸς
3482 3865 3508 3917 ὃ
3542 3865 3638 3917 καὶ
3670 3864 3757 3918 λέ-

2179 3967 2330 4018 γεται
2365 3952 2523 4020 μέγα.
2562 3953 2635 4003 Οὐ
2667 3953 2774 4022 γὰρ
2808 3953 2872 4004 ἂν
2918 3955 3001 4022 είη
3053 3954 3351 4015 διπλάσιον,
3385 3955 3608 4024 ἡμίσεος
3654 3955 3756 4007 οὐκ

2177 4043 2348 4107 ὄντος,
2383 4044 2495 4094 ἀλλ’
2523 4045 2641 4097 οὐδὲ
2685 4046 2844 4114 μέγα,
2886 4046 3082 4115 μικροῦ
3130 4047 3203 4116 μὴ
3253 4048 3540 4115 νοουμένου
3588 4049 3752 4110 τινός.

2176 4134 2257 4187 Τὰ
2294 4137 2389 4204 μὲν
2421 4132 2510 4187 οὖν
2547 4137 2681 4205 πρός
2728 4154 2779 4188 τι
2808 4137 2993 4189 τοῦτον
3042 4138 3152 4208 ἔχει
3195 4140 3286 4194 τὸν
3333 4140 3484 4209 ὀρον’
3514 4139 3574 4191 τὸ
3602 4138 3660 4191 δέ
3689 4154 3754 4206 γε

2176 4228 2359 4296 ὅμοιον
2408 4229 2506 4280 οὐκ
2557 4229 2616 4294 ἐξ
2664 4229 2910 4299 ἀνάγκης
2956 4229 3193 4302 ἆμα,τῷ
3249 4231 3480 4300 ἀνομοίῳ
3527 4233 3750 4290 νοεῖται.

2177 4321 2427 4392 καθάπερ
2474 4324 2720 4376 κάκεῖνα·
2758 4323 2945 4395 ὥσπερ
2984 4325 3102 4378 οὐδὲ
3146 4326 3208 4377 τὸ
3258 4327 3464 4379 δίκαιον
3512 4325 3626 4394 ἅμα
3674 4324 3754 4393 τῷ

2175 4414 2365 4483 ἀδίκῳ,
2404 4415 2522 4468 οὐδὲ
2563 4418 2594 4484 ἡ
2645 4418 2812 4487 ἀρετὴ
2864 4417 2974 4487 ἆμα
3023 4421 3088 4487 τῇ
3141 4419 3327 4488 κακίᾳ.
3361 4419 3442 4471 Τὰ
3494 4418 3592 4486 μὲν
3643 4419 3753 4490 γὰρ

2173 4505 2393 4559 τοιαῦτα
2425 4509 2707 4578 στερήσεις
2743 4511 2939 4579 μᾶλλόν
2970 4513 3074 4563 εἰσι
3123 4514 3216 4562 καὶ
3259 4511 3523 4581 ἐκτροπαὶ
3554 4509 3660 4562 τῶν
3694 4513 3752 4562 ἐν

2174 4598 2282 4663 ἕξει
2311 4601 2598 4668 κειμένων,
2623 4601 2682 4652 οὐ
2719 4602 3163 4672 συνεισφέρεσοαι
3200 4603 3412 4664 πάντως
3444 4603 3748 4671 ὀφείλοντα,

2174 4690 2423 4759 καθάπερ
2454 4693 2544 4744 καὶ
2575 4694 2666 4744 ἐπὶ
2695 4692 2802 4745 τῶν
2844 4696 2977 4764 πρός
3023 4711 3074 4748 τι
3123 4695 3190 4746 τὰ
3239 4693 3607 4763 ἀντικείμενα.
3641 4695 3750 4749 Τοῦ

2176 4781 2275 4850 μὲν
2305 4782 2412 4851 γὰρ
2441 4782 2626 4851 ὁμοίου
2656 4784 2895 4852 ἐκτροπή
2927 4784 3008 4846 τίς
3038 4785 3151 4836 ἐστι
3180 4785 3240 4836 τὸ
3268 4785 3538 4853 ἀνόμοιον,
3567 4787 3664 4853 τῆς
3692 4785 3750 4838 δὲ

500 4873 636 4926 Cum
673 4887 832 4939 vero,
870 4872 1021 4942 juxta
1066 4873 1277 4928 illorum
1320 4875 1689 4944 disciplinam,
1734 4880 2066 4947 privationes

2177 4875 2513 4944 δικαιοσύνης
2560 4877 2593 4944 ἡ
2638 4874 2838 4928 ἀδικία.
2857 4877 3074 4946 Ἐπειδὴ
3102 4876 3179 4938 δὲ,
3213 4878 3352 4929 κατά
3389 4876 3485 4946 τὴν
3526 4879 3750 4938 ἐκείνων

503 4965 774 5019 habilibus
803 4966 912 5018 sint
940 4965 1287 5032 posteriores,
1321 4980 1426 5020 non
1457 4969 1562 5022 erit
1593 4969 1773 5039 itaque
1802 4971 2068 5027 dissimile

2177 4967 2382 5036 τέχνην,
2416 4967 2472 5017 αἱ
2504 4967 2786 5037 στερήσεις
2817 4967 2924 5018 τῶν
2954 4966 3118 5030 ἕξεων
3144 4967 3415 5038 δεύτεραι,
3439 4968 3538 5020 οὐκ
3570 4968 3634 5021 ἂν
3661 4961 3748 5039 εἴη

503 5070 568 5108 cx
598 5056 665 5109 iis
691 5071 808 5126 qum
835 5072 937 5110 una
968 5057 1360 5129 intelliguntur,
1386 5074 1510 5114 cum
1541 5064 1717 5130 potius
1741 5065 1811 5118 sit
1838 5065 2067 5135 privatio

2177 5057 2275 5111 τῶν
2314 5059 2430 5126 ἅμα
2463 5058 2762 5124 νοουμένων
2816 5058 2875 5110 τὸ
2905 5060 3174 5130 ἀνόμοιον,
3213 5060 3464 5130 στέρησις
3512 5061 3604 5113 καὶ
3652 5063 3748 5113 ὲκ-

502 5156 558 5199 et
589 5147 815 5204 mutatio
844 5146 1053 5203 similis.

2177 5147 2344 5216 τροπὴ
2377 5146 2470 5198 τοῦ
2509 5146 2692 5217 ὁμοίου
2727 5149 3011 5217 τυγχάνον.

1174 5263 1396 5320 ALIUD.

2855 5267 3059 5321 AAAO.

573 5369 856 5441 Nominum
886 5387 1003 5443 quae
1031 5374 1096 5428 ad
1128 5375 1326 5445 aliquid
1354 5389 1509 5443 sunt,
1538 5379 1766 5434 alterum
1799 5384 2058 5453 quodam-

2246 5385 2326 5437 Τά
2360 5385 2494 5453 πρός
2525 5401 2576 5436 τι
2604 5383 2793 5454 ἔχοντα
2827 5383 2936 5438 τῶν
2964 5365 3243 5456 ὀνομάτων
3273 5381 3382 5440 οἷον
3411 5388 3466 5439 ὲν
3495 5387 3748 5458 ἀλλήλοις

505 5463 665 5516 modo
697 5463 746 5515 in
782 5461 949 5517 altero
977 5477 1095 5519 esse
1123 5481 1279 5521 suum
1313 5469 1492 5536 habet,
1525 5482 1578 5523 et
1608 5474 1819 5528 sublato
1851 5493 1954 5529 uno
1984 5478 2061 5530 al-

2177 5475 2280 5547 Ξχει
2307 5477 2366 5528 τὸ
2395 5472 2552 5538 εἶναι,
2606 5477 2698 5528 καὶ
2721 5477 2839 5539 ἑνὸς
2869 5478 3245 5549 ἀναιρεθέντος
3270 5481 3367 5532 οὐκ
3391 5480 3506 5532 ἐστι
3535 5481 3599 5534 τὸ
3625 5482 3746 5535 δεύο

507 5563 677 5606 terum
716 5556 879 5608 etiam
917 5555 1120 5611 interit.
1159 5558 1617 5625 Quemadmodum
1658 5566 1818 5633 igitur
1854 5569 2064 5624 sublato

2177 5583 2346 5636 τερον.
2375 5567 2586 5637 Ὥσπερ
2629 5562 2724 5620 οὖν
2767 5567 2860 5620 καὶ
2906 5570 3286 5637 ἀναιρεθέντος
3329 5573 3423 5626 τοῦ
3475 5572 3741 5641 μείζονος,

507 5644 729 5713 majore.
776 5645 978 5700 tollitur
1016 5648 1178 5702 etiam
1225 5651 1430 5717 minus;
1480 5671 1652 5724 neque
1696 5658 1837 5711 enim
1887 5660 2063 5714 minus

2177 5660 2574 5728 συναναιρεῖται
2598 5658 2814 5722 πάντως
2834 5660 2894 5713 τὸ
2921 5660 3138 5714 ἔλαττον
3160 5678 3172 5693 ο
3205 5665 3264 5715 οὐ
3295 5663 3402 5735 γὰρ
3431 5664 3496 5718 ἂν
3522 5664 3743 5719 ἔλαττον

507 5733 709 5802 aliquid
755 5733 937 5801 fuerit,
980 5737 1081 5793 nisi
1123 5740 1349 5795 exsistat
1391 5744 1582 5814 majus,
1622 5746 1771 5813 cujus
1818 5760 2061 5817 respectu

2177 5749 2249 5817 εἴη
2286 5768 2359 5810 τι,
2401 5751 2474 5820 μὴ
2507 5751 2657 5814 δντος
2696 5753 2958 5821 μείζονος,
2995 5749 3055 5808 οὗ
3088 5755 3181 5807 καὶ
3214 5756 3358 5808 ἔστιν
3403 5756 3642 5811 ἔλαττον.
3679 5757 3741 5810 Εἰ

509 5824 688 5880 minus
715 5836 811 5882 cst.
842 5825 896 5881 Si
925 5841 1050 5897 ergo
1079 5829 1249 5887 simile
1277 5833 1510 5902 ejusdem
1551 5841 1761 5906 generis
1791 5856 1906 5895 ersc
1936 5859 2054 5897 cum

2177 5842 2338 5894 τοίνυν
2371 5844 2626 5912 ὁμογενὲς
2649 5840 2781 5899 εἶναί
2807 5863 2938 5915 φατε
2970 5849 3079 5910 τοις
3105 5849 3230 5917 πρός
3257 5867 3304 5902 τι
3335 5852 3422 5904 καὶ
3456 5850 3508 5902 τὸ
3533 5851 3734 5915 ὅμοιον,
