4048 6440
313 419 412 476 ΝΘ

1730 397 2176 458 TﬂESAURUS.

3473 401 3572 455 150

311 536 594 608 ἀναιρεθὲν
624 533 804 600 αὑτὸν,
838 529 1226 604 συναναιρείτω
1252 529 1312 582 τὸ
1349 527 1622 599 ἀνόμοιον,
1657 525 1753 578 καὶ
1779 541 1900 578 συν-

2005 515 2315 573 nominibus
2343 529 2463 588 quae
2491 516 2558 572 ad
2588 515 2790 586 aiiquid
2819 524 2947 570 sunt
2977 515 3231 583 censetis,
3258 514 3470 572 sublato
3501 523 3574 575 si-

311 629 638 700 αναιρείσθω
692 626 854 682 πάλιν
908 626 1123 695 ἐκείνῳ.
1161 621 1298 675 Ἀλλ’
1346 619 1406 674 οὐ
1464 621 1888 689 συναναιρεῖται,

311 719 430 773 οὐδὲ
461 721 571 791 μὴν
599 720 840 790 ἀναιρεῖ·
884 718 1034 781 ὄντος
1063 717 1172 786 γάρ
1203 730 1348 776 τινος
1389 711 1698 782 ἀνθρώπου,
1729 709 1892 780 τυχὸν

311 818 465 872 ἔσται
496 834 548 870 τι
575 815 634 869 τὸ
658 813 909 884 ἀνόμοιον
938 808 1085 880 αὐτῷ
1107 828 1119 839 ·
1141 808 1236 862 καὶ
1269 803 1648 876 ἀναιρεθέντος
1679 803 1774 858 τοῦ
1807 804 1893 856 ἀν-

311 910 524 981 ομοίου,
554 909 615 962 οὐ
649 906 1050 977 συναναιρεῖται
1090 903 1150 956 τὸ
1184 900 1267 965 δν,
1297 900 1575 954 τουτέστιν
1604 899 1633 951 6
1678 897 1895 969 ἀνθρω-

310 1017 433 1066 πος,
469 995 530 1054 οὗ
563 1000 658 1054 καὶ
686 999 912 1067 γέγονεν
935 997 1188 1065 ἀνόμοιον
1215 992 1276 1047 τδ
1299 990 1606 1063 ἀναιρεθέν.
1642 990 1755 1043 Οὐκ
1783 988 1894 1059 ἄρα

308 1094 419 1149 τῶν
467 1095 604 1165 πρὸς
636 1091 838 1162 ἄλληλα
885 1087 1191 1159 λεγομένων
1224 1084 1284 1139 τὸ
1323 1086 1507 1156 ὅμοιον
1546 1082 1639 1136 καὶ
1687 1081 1749 1135 τὸ
1798 1083 1899 1135 ἀν-

308 1184 517 1254 ὀμοιον.

999 1292 1200 1347 ΑΛΛΟ.

391 1409 517 1463 Ἐπὶ
556 1408 649 1461 τοῦ
684 1407 868 1479 ὁμοίου
918 1407 1013 1461 καὶ
1039 1407 1141 1477 τῆς
1168 1405 1370 1478 ἀρετῆς
1396 1404 1490 1459 καὶ
1516 1402 1626 1456 τῶν
1654 1403 1891 1456 ἀντικει·

310 1496 491 1568 μένων
534 1497 743 1562 τούτοις
779 1497 1022 1568 χωρήσει
1059 1494 1121 1548 τδ
1167 1494 1375 1565 μᾶλλον·
1411 1493 1507 1546 καὶ
1539 1487 1894 1563 ﬁcto-v.16“

306 1589 419 1660 γὰρ
463 1591 638 1642 εἰπεῖν
681 1591 742 1643 οὐ
786 1589 1116 1658 ψευδόμενον
1147 1586 1296 1640 τόνδε
1342 1585 1465 1638 τινὰ
1509 1584 1672 1653 τυχὸν
1705 1584 1889 1652 ὅμοιον

306 1681 464 1750 τῷδε,
483 1681 578 1734 καὶ
605 1674 766 1752 ἦττον
794 1679 828 1750 ἢ
863 1678 1062 1748 μᾶλλον
1087 1679 1290 1750 ὅμοιον,
1313 1677 1404 1730 καὶ
1431 1675 1630 1747 μᾶλλον
1657 1674 1886 1755 δίκαιον,

307 1771 404 1824 καὶ
435 1772 641 1825 δίκαιον
673 1766 858 1842 ἦττον.
878 1771 1000 1824 Ἐπὶ
1033 1769 1133 1840 μέν
1180 1787 1284 1823 τοι.
1310 1768 1404 1822 τοῦ
1457 1769 1700 1838 μείζονος
1728 1766 1759 1836 ἢ
1794 1767 1889 1819 καὶ

305 1863 400 1917 τοῦ
452 1862 749 1926 ἐλάττονος,
780 1861 1123 1922 διπλασίονός
1167 1877 1228 1912 τε
1276 1859 1370 1912 καὶ
1416 1859 1662 1929 ἡμίσεος,
1697 1857 1793 1910 οὐκ
1824 1857 1889 1910 ἂν
1923 1891 1964 1946 Β

305 1956 453 2010 εἴποι
481 1971 587 2018 τις,
625 1953 825 2022 μᾶλλον
859 1952 1098 2023 μεῖζονῆ
1134 1951 1332 2021 μᾶλλον
1366 1950 1657 2020 ἐλαττον,ῆ
1693 1950 1890 2019 μᾶλλον

306 2041 587 2095 διπλάσιον
606 2041 637 2108 ἢ
665 2040 866 2110 μᾶλλον
891 2041 1084 2110 ἥμισυ.
1104 2040 1454 2094 Ἀνεπίδεκτα
1474 2040 1583 2110 γὰρ
1604 2040 1696 2093 τοῦ
1723 2039 1892 2093 ποσοῦ

306 2131 376 2185 τά
417 2135 517 2203 τῆς
557 2133 847 2203 ποιότητος
888 2133 1002 2204 είδη
1038 2132 1125 2186 διὰ
1159 2133 1368 2187 πολλῶν
1398 2135 1796 2188 ἀποδέδεικται.
1828 2135 1891 2188 Εἰ

307 2224 485 2278 τοίνυν
509 2225 568 2278 τὸ
593 2227 779 2295 ὅμοιον
807 2225 901 2279 τοῦ
932 2225 1097 2279 ποσοῦ
1126 2227 1430 2297 χωρητικόν
1456 2230 1591 2291 ἐστι,
1621 2228 1713 2280 καὶ
1739 2228 1892 2298 δέχε-

306 2334 398 2370 ται
424 2317 486 2370 τὸ
519 2318 718 2388 μᾶλλον
747 2319 842 2372 καὶ
870 2317 931 2371 τὸ
963 2317 1204 2383 ἔλαττον,
1225 2320 1286 2371 οὗ
1309 2320 1611 2390 δεχομένων
1643 2321 1773 2374 αὐτὸ
1797 2321 1892 2374 τοῦ

308 2407 554 2476 ἡμίσεως
590 2409 689 2461 καὶ
721 2408 1026 2475 διπλασίου,
1062 2411 1158 2479 οὐχ
1187 2411 1443 2480 ὁμογενὲς
1472 2410 1580 2480 ἄρα
1613 2414 1725 2476 τοῖς
1757 2412 1899 2483 πρός

305 2497 362 2552 τί
395 2498 559 2555 ἔστιν.

995 2617 1196 2672 ΑΛΛΟ.

379 2723 453 2777 T6
484 2725 685 2796 μᾶλλον
716 2728 833 2799 ἦτοι
862 2729 924 2782 τὸ
952 2731 1134 2801 μεῖζον
1167 2730 1420 2796 ἐπίτασίς
1450 2734 1567 2786 ἐστι
1601 2735 1696 2788 καὶ
1731 2733 1899 2804 ὑπερ-

307 2813 437 2887 ϐολή
487 2833 636 2881 τινος
681 2820 1006 2889 πράγματος
1055 2822 1457 2894 οίουδηποτοῦν,
1488 2825 1590 2879 οὐκ
1641 2826 1896 2896 ἀνομοίου

307 2907 452 2970 τινὸς
499 2909 595 2962 καὶ
643 2909 1025 2981 ἀντικειμένου
1075 2913 1306 2985 δήλωσιν
1353 2914 1486 2986 ἔχει.
1521 2916 1594 2970 Τὸ
1631 2916 1687 2970 δὲ
1712 2918 1899 2988 ὅμοιον

306 2999 408 3069 οὐχ
439 2998 634 3064 οὕτως.
663 3002 922 3074 Εἱσφέρει
955 3004 1063 3074 γὰρ
1095 3005 1188 3058 τοῦ
1219 3007 1474 3078 ἀνομοίου
1504 3008 1601 3080 τὴν
1635 3009 1897 3081 ἔμφασιν.

311 3091 528 3155 Ἀλλως
558 3110 614 3145 τε
642 3092 720 3163 τῷ
747 3095 845 3164 μὲν
868 3097 1105 3167 ἀνομοίῳ
1138 3099 1394 3171 στέρησις
1425 3102 1726 3157 ἀκολουθεῖ.
1744 3105 1903 3160 Ἀποο

308 3182 440 3250 ϐολὴ
479 3185 589 3256 γὰρ
624 3186 717 3239 τοῦ
751 3188 936 3257 ὁμοίου
972 3189 1032 3241 τὸ
1075 3189 1329 3260 ἀνόμοιον
1374 3194 1688 3262 ἐργάζεται.
1725 3195 1796 3248 Τὸ
1840 3195 1899 3248 δὲ

311 3274 514 3344 μᾶλλον
543 3278 647 3329 ικαὶ
697 3278 882 3348 μεῖζον
932 3280 1183 3344 ὲπίτασίς
1219 3298 1364 3346 τινος
1395 3284 1542 3346 ὄντα,
1575 3286 1736 3339 ποίαν
1788 3287 1896 3351 ἕξει

307 3366 408 3437 τὴν
433 3367 777 3441 ἀποϐολὴν,ἢ
801 3370 919 3434 πῶς
941 3372 1028 3425 ἐπ’
1048 3373 1213 3426 αὑτοῦ
1239 3375 1493 3446 στέρησις
1515 3377 1688 3445 ἔσται,
1709 3378 1898 3450 ὥσπερ

308 3456 405 3509 καὶ
455 3458 545 3511 ἐπὶ
571 3460 665 3511 τοῦ
697 3461 988 3531 ἀνομοίου;
1037 3463 1174 3515 Ἀλλ’
1209 3465 1308 3518 οὐκ
1344 3466 1411 3519 ἂν
1444 3466 1669 3537 ἔχοι-τις
1700 3469 1902 3524 εἰπεῖν.

322 3545 669 3617 Ἐτερογενὲς
699 3549 807 3618 ἄρα
834 3550 914 3621 τῷ
947 3553 1119 3622 ὁμοίῳ
1152 3554 1212 3606 τὸ
1245 3555 1449 3626 μεῖζον.

309 3658 517 3741 ΔΛᾸΚΟ,
566 3663 878 3741 ἀπόδειξίν
905 3663 1050 3733 ἔχον
1078 3665 1165 3719 ὅτι
1207 3665 1305 3741 διὰ
1337 3668 1442 3723 τοῦ
1470 3670 1751 3739 λέγεσθαι
1772 3674 1899 3741 μεί-

383 3729 525 3810 {erat
555 3733 661 3810 τρν
693 3729 946 3810 Πατέρα,
960 3729 1426 3810 ὀίυῗνεισφέρεται
1459 3729 1576 3806 per"
1605 3729 1842 3810 πάντίος
1867 3746 1899 3797 ό

393 3801 546 3867 Υἱὸς,
586 3803 718 3856 ἐστι
748 3802 816 3855 δὲ
854 3807 965 3858 οὐκ
992 3801 1488 3864 ἐλάττὼνάὺτοῦ.

385 3917 459 3971 Τὸ
493 3916 680 3987 μεῖζον
712 3920 868 3982 εἴτις
897 3921 1181 3990 ὀνομάσαι,
1211 3925 1535 3977 συνεισοίσει
1562 3927 1780 3992 πάντως
1805 3929 1904 3983 καὶ·

313 4008 630 4076 ἀναγκαίως
663 4010 849 4080 ἔτερόν
895 4027 947 4063 τι
995 4014 1122 4082 παρ’
1157 4012 1288 4066 αὐτὸ
1317 4009 1376 4068 οὗ
1405 4017 1497 4069 καὶ
1528 4017 1644 4071 ἔστι
1695 4019 1895 4089 μεῖζον.

313 4100 473 4154 υῦτω
516 4099 804 4172 τοιγαροῦν
850 4102 1064 4172 ἔχοντος
1109 4104 1204 4157 τοῦ
1253 4107 1543 4176 νοήματος,
1583 4109 1714 4181 φέρε
1768 4114 1901 4165 κατ’

311 4191 447 4243 αὐτὸ
487 4191 587 4260 τὴν
639 4189 788 4272 Θείαν
838 4193 1180 4263 ἐξετάσωμεν
1214 4196 1487 4268 γέννησιν,
1516 4201 1609 4252 καὶ
1654 4200 1744 4254 τὸν
1773 4203 1900 4273 περὶ

314 4283 533 4353 Πατρδς
585 4284 677 4337 καὶ
726 4267 853 4337 Ῡίοῦ
901 4286 1270 4357 γυμνάσωμεν
1321 4267 1674 4358 λὸγον.”Οταν
1720 4267 1900 4349 τοίνυν

313 4374 544 4444 λέγηται
577 4376 779 4445 μείζων
813 4379 840 4429 6
865 4379 1076 4449 Πατὴρ,
1109 4381 1447 4451 συνεισφέρει
1469 4382 1568 4452 μὲν
1594 4384 1812 4448 πάντως
1842 4387 1901 4438 τὸ

313 4468 374 4519 ἐν
415 4466 597 4535 σχέσει
643 4470 708 4538 τῇ
763 4469 897 4538 πρὸς
926 4471 1108 4537 αὐτὸν,
1136 4472 1234 4542 τὴν
1261 4471 1391 4526 Υἰοῢ
1430 4475 1704 4544 σημασίαν
1735 4478 1909 4548 φημὶ,

1995 609 2131 672 mili,
2176 609 2362 663 interit
2403 608 2566 662 etiam
2613 617 2670 662 et
2713 607 2996 673 dissimile,
3039 606 3307 677 simulque
3350 619 3570 677 pereant

1992 713 2213 754 necesse
2251 706 2355 754 est.
2393 697 2506 769 90
2541 696 2646 753 Sed
2682 712 2856 768 neque
2892 698 3244 765 interimitur,
3281 715 3456 768 neque
3495 701 3573 755 iu-

1994 790 2195 844 terimit
2225 809 2239 844 :
2270 805 2391 844 cum
2422 789 2566 844 enim
2601 789 2806 860 aliquid
2838 790 2909 844 sit
2940 790 3123 854 homo,
3151 790 3255 843 erit
3282 790 3443 844 etiam
3478 791 3575 844 ali-

1991 883 2118 951 quid
2149 883 2198 938 ei
2229 881 2517 946 dissimile,
2548 890 2603 936 et
2632 881 2849 937 sublato
2882 880 3156 945 dissimili,
3191 896 3298 935 non
3335 881 3477 950 perit
3505 881 3578 935 si-

1992 977 2104 1033 mul
2134 977 2185 1032 id
2211 978 2356 1047 quod
2382 984 2521 1039 erat,
2560 975 2664 1031 hoc
2694 983 2777 1030 est
2814 975 3001 1040 homo,
3048 974 3135 1029 cui
3166 973 3431 1029 dissimile
3459 983 3574 1028 erat

1991 1071 2132 1139 quod
2169 1069 2352 1140 periit.
2390 1067 2580 1123 Simile
2617 1067 2783 1137 igitur
2813 1077 2869 1122 et
2902 1066 3168 1122 dissimile
3201 1081 3308 1121 non
3347 1072 3477 1121 sunt
3509 1066 3572 1119 ad

1991 1159 2215 1230 atiquid.

2666 1268 2900 1325 ALIUD.

2066 1387 2139 1443 De
2166 1385 2328 1442 simili
2356 1395 2410 1440 et
2433 1384 2632 1440 virtute
2657 1394 2820 1454 atque
2851 1385 3046 1438 horum
3077 1385 3342 1456 oppositis
3376 1385 3578 1440 dicitur

1991 1478 2164 1548 magis
2196 1485 2250 1532 et
2286 1477 2486 1532 minus.
2508 1473 2648 1530 Vere
2677 1475 2822 1530 enim
2858 1476 2965 1529 dici
3000 1485 3198 1544 potest,
3227 1476 3368 1531 hunc
3392 1475 3469 1530 illi
3503 1477 3580 1530 si-

1991 1566 2172 1621 milem
2204 1580 2354 1631 esse,
2385 1573 2438 1619 et
2476 1566 2657 1620 minus
2686 1573 2780 1619 aut
2811 1565 2984 1632 magis
3015 1565 3250 1621 similem
3271 1605 3286 1631 ,
3319 1575 3374 1620 et
3405 1569 3579 1635 magis

1993 1667 2087 1714 aut
2128 1658 2307 1714 minus
2361 1657 2593 1728 justum.
2624 1654 2796 1710 Et'de
2841 1657 3013 1727 magis
3085 1657 3248 1727 duplo
3287 1667 3342 1712 et
3403 1660 3579 1713 medio

1990 1748 2097 1803 dici
2143 1763 2246 1803 non
2291 1755 2472 1817 potest
2525 1748 2698 1818 magis
2748 1747 2947 1816 majus,
2998 1747 3084 1802 vel
3131 1748 3303 1816 magis
3362 1749 3580 1814 minus,

1991 1849 2085 1895 aut
2108 1840 2280 1910 magis
2297 1840 2540 1910 duplum,
2560 1840 2646 1894 vel
2664 1840 2835 1906 magis
2855 1839 3415 1917 m_edium.Qualitatis
3433 1841 3579 1895 enim

1994 1931 2200 2002 species
2234 1931 2518 2001 incapaces
2540 1945 2661 1986 esse
2687 1930 3009 2001 quantitatis
3041 1945 3109 1986 ex
3140 1932 3326 1986 multis
3355 1933 3581 1987 demon-

1995 2031 2220 2076 stratum
2255 2032 2356 2077 est.
2389 2023 2447 2078 Si
2491 2037 2620 2093 ergo
2660 2023 2841 2078 simile
2887 2023 3210 2093 quantitatis
3250 2039 3422 2093 capax
3465 2035 3581 2089 est,

1997 2113 2297 2182 recipitque
2323 2116 2492 2186 magis
2511 2123 2563 2168 et
2581 2115 2777 2179 minus,
2798 2115 3081 2169 dimidium
3117 2131 3247 2170 vero
3275 2126 3330 2172 et
3363 2117 3581 2187 duplum

1997 2204 2050 2258 id
2070 2221 2173 2259 non
2196 2208 2463 2277 .ecipiunt
2487 2225 2500 2271 ;
2530 2224 2636 2262 non
2663 2223 2792 2278 ergo
2817 2207 3062 2276 ejusdem
3092 2207 3311 2278 generis
3331 2211 3438 2264 erit
3457 2224 3581 2264 cum

1997 2296 2064 2353 iis
2094 2315 2212 2370 qtae
2241 2309 2371 2354 sunt
2398 2300 2466 2354 ad
2497 2301 2724 2370 aliquid.

2675 2616 2910 2674 ALlUD.

2069 2724 2238 2798 Magis
2273 2728 2387 2784 sive
2417 2730 2589 2801 majus
2617 2731 2975 2788 intentionem
3007 2741 3171 2803 atque
3206 2735 3584 2791 excellentiam

1998 2816 2225 2889 alicujus
2263 2822 2338 2875 rei
2379 2822 2679 2892 significat,
2714 2839 2820 2880 non
2860 2835 3040 2881 autem
3082 2827 3347 2882 dissimile
3382 2828 3587 2898 aliquid

1997 2917 2053 2964 et
2093 2913 2400 2980 oppositum
2448 2913 2675 2969 indicat.
2721 2913 2913 2972 Simile
2954 2932 3086 2972 vero
3136 2934 3241 2972 non
3289 2920 3418 2973 item
3449 2936 3462 2972 :
3493 2919 3589 2974 de-

2000 3011 2269 3059 monstrat
2299 3005 2441 3060 enim
2478 3006 2530 3061 id
2565 3006 2706 3076 quod
2741 3008 3004 3065 dissimile
3035 3018 3140 3066 est.
3173 3010 3410 3080 Amissio
3439 3013 3582 3065 enim

2002 3095 2221 3161 similis,
2247 3097 2513 3152 dissimile
2540 3097 2706 3153 efﬁcit
2734 3117 2747 3154 :
2776 3099 2912 3154 adde
2939 3104 3082 3170 quod
3111 3101 3377 3156 dissimile
3404 3104 3589 3171 sequi-

2003 3194 2090 3242 tur
2118 3188 2369 3257 privatio.
2401 3187 2572 3259 Magis
2601 3205 2731 3246 vero
2760 3200 2816 3246 et
2847 3193 3026 3247 minus
3056 3207 3177 3247 cum
3211 3193 3320 3248 sint
3349 3193 3588 3251 intensio

2000 3277 2227 3346 alicujus
2271 3277 2369 3344 rei,
2413 3293 2659 3347 quamam
2707 3280 2758 3334 in
2801 3280 2884 3335 his
2927 3282 3173 3346 amissio,
3219 3293 3314 3337 aut
3353 3285 3586 3353 privatio

2000 3369 2166 3422 statui
2209 3377 2404 3438 potest,
2443 3377 2500 3422 ut
2543 3370 2594 3422 in
2641 3370 2928 3425 dissimili?
2966 3370 3124 3428 Nulla
3168 3384 3336 3430 certe.
3377 3374 3586 3432 Diversi

2001 3458 2166 3525 igitur
2196 3461 2412 3528 generis
2443 3470 2570 3514 sunt
2602 3460 2781 3516 simile
2810 3472 2865 3518 et
2897 3465 3094 3534 majus.

2002 3658 2238 3732 ALIUD,
2268 3661 2635 3714 demonstrans
2671 3679 2762 3730 per
2790 3665 2843 3715 id
2875 3666 3014 3732 quod
3047 3665 3246 3720 dicitur
3279 3667 3439 3725 Pater
3466 3689 3581 3725 mrt-

2067 3729 2179 3798 jor,
2209 3731 2367 3784 simul
2396 3735 2552 3786 etiam
2584 3729 2779 3801 inferre
2808 3729 3032 3802 Filium,
3069 3739 3242 3791 minor
3269 3751 3443 3795 autem
3473 3744 3588 3812 ipso

2073 3816 2174 3853 non
2203 3811 2300 3856 881.

2077 3925 2134 3982 Si
2168 3929 2290 3997 quis
2322 3930 2565 3987 nominet
2602 3933 2809 4004 majus,
2843 3935 3154 3990 necessario
3187 3937 3350 3991 etiam
3392 3937 3588 3994 inferet

2003 4016 2146 4070 aliud
2175 4018 2448 4087 quidpiam
2482 4030 2675 4089 praeter
2723 4024 2775 4077 id
2803 4025 2963 4092 cujus
2996 4035 3244 4095 respectu
3274 4028 3452 4097 majus
3481 4039 3586 4085 εει.

2004 4109 2155 4176 Quod
2186 4125 2308 4164 cum
2338 4111 2412 4164 ita
2446 4115 2666 4168 omnino
2698 4130 2757 4170 sc
2790 4117 3018 4182 habeat,
3049 4135 3148 4189 age
3177 4121 3279 4175 hac
3309 4125 3473 4177 etiam
3505 4139 3590 4177 ra-

2007 4199 2150 4254 tione
2181 4200 2413 4254 divinam
2446 4209 2848 4270 generationem
2887 4209 3264 4277 exploremus,
3293 4223 3346 4267 et
3375 4229 3589 4267 sermo-

2004 4303 2126 4344 nem
2162 4291 2228 4346 de
2259 4290 2420 4347 Patre
2450 4303 2504 4347 et
2537 4294 2672 4349 Filio
2703 4298 3110 4369 investigemus.
3141 4301 3276 4358 Cum
3312 4305 3476 4370 igitur
3505 4308 3589 4361 di-

2005 4383 2146 4437 citur
2183 4386 2355 4453 major
2386 4385 2569 4452 Pater,
2609 4388 2840 4444 infertur
2876 4393 3099 4448 omnino
3141 4395 3302 4449 etiam
3351 4398 3400 4450 id
3442 4401 3586 4466 quod

2005 4473 2326 4532 relationem
2374 4478 2440 4532 ad
2491 4479 2668 4548 ipsum
2717 4482 2909 4547 habet,
2960 4485 3214 4538 nimirum
3262 4487 3588 4557 significatio

316 4558 442 4612 καθ’
470 4555 537 4629 ἧς
577 4563 639 4611 το
668 4559 887 4613 ἔλαττον
919 4561 1130 4615 νοοῦσιν
1173 4565 1222 4616 οί
1268 4567 1645 4637 χριστομάχοι.
1679 4569 1900 4622 Συνεισ-

2010 4564 2153 4631 Filii,
2180 4568 2230 4621 in
2257 4583 2361 4638 qua
2386 4571 2564 4626 minus
2585 4573 2926 4627 constituunt
2951 4576 3133 4631 hostes
3157 4578 3382 4634 Christi.
3409 4581 3591 4646 Quan-

316 4651 632 4720 ενεχϐέντος
662 4653 950 4722 τοιγαροῦν
990 4656 1300 4725 ἀναγκαίως
1333 4657 1408 4728 τῷ
1432 4660 1606 4728 Harp!
1629 4660 1721 4713 τοῦ
1747 4661 1899 4730 Υἱοῦ,

318 4742 458 4812 φέρε
503 4743 888 4814 δοκιμάζωμεν
921 4745 1033 4811 πῶς
1068 4747 1179 4812 ἔξει
1226 4748 1288 4800 τὸ
1325 4750 1509 4819 μεῖζον
1535 4753 1562 4804 ὁ
1596 4752 1806 4823 Πατήρ.
1840 4755 1904 4807 Εἰ

318 4832 430 4902 γὰρ
461 4830 620 4898 φύσει
656 4832 786 4894 Θεὸς
813 4834 842 4884 ὁ
875 4833 1020 4898 Υἱὸς,
1046 4835 1296 4905 καθάπερ
1325 4837 1419 4889 καὶ
1448 4839 1477 4890 6
1510 4838 1720 4910 Πατὴρ,
1746 4839 1904 4908 φύσει

317 4921 546 4989 ἀγαθὸς,
598 4920 756 4989 φύσει
800 4921 1148 4994 δημιουργὸς,
1200 4925 1360 4994 φύσει
1417 4926 1691 4997 βασιλεὺς,
1754 4933 1905 4985 ποῖον

318 5011 476 5064 ἔσται
504 5012 565 5064 τὸ
602 5011 785 5082 μεῖζον
815 5015 870 5066 ὲν
901 5015 1096 5085 Πατρὶ,
1131 5015 1345 5086 ἔχοντος
1377 5019 1518 5072 αὐτὰ
1555 5021 1776 5085 τελείως
1811 5023 1906 5076 καὶ

317 5105 416 5159 τοῦ
447 5106 612 5170 Υῐοῦ;
641 5107 703 5159 Εί
737 5106 794 5160 δὲ
830 5109 905 5178 μὴ
953 5107 1065 5178 ἔχει
1104 5109 1342 5175 τελείως,
1375 5111 1493 5174 πῶς
1527 5111 1659 5175 Θεὸς
1697 5114 1812 5166 ἐστι
1846 5114 1911 5168 τὸ

317 5191 363 5268 ᾧ
382 5216 436 5252 τι
452 5199 562 5251 τῶν
585 5198 806 5266 ἀγαθῶν
829 5201 1028 5265 ὲνδεεῖ;
1049 5201 1122 5253 Τὸ
1138 5200 1247 5270 γὰρ
1276 5199 1428 5255 οὔπω
1455 5203 1551 5272 τῆς
1581 5204 1906 5277 ὀφειλούσης

320 5294 604 5361 προσεῖναι
638 5289 756 5361 Θεῷ
789 5291 1121 5364 τελειότητος
1147 5293 1567 5363 ἐπειλημμένον,
1597 5298 1697 5349 οὐκ
1730 5297 1794 5350 ἂν
1821 5301 1906 5372 εἴη

321 5379 486 5450 φύσει
519 5381 652 5443 Θεός
672 5396 685 5409 ·
724 5380 884 5449 φύσει
911 5381 969 5434 δὲ
990 5382 1121 5446 Θεὸς
1149 5384 1177 5435 ὁ
1199 5381 1345 5446 Υἱός*
1375 5384 1578 5449 τέλειος
1605 5385 1713 5456 ἄρα
1740 5387 1909 5440 καθά-

322 5488 434 5542 περ
477 5473 572 5524 καὶ
599 5472 627 5523 ὁ
655 5475 866 5544 Πατήρ.
886 5474 1099 5545 Ἐπειδὴ
1146 5476 1203 5529 δὲ
1249 5477 1453 5540 τέλειος
1492 5481 1521 5531 ὁ
1556 5480 1766 5550 Πατὴρ,
1810 5481 1911 5534 οὐκ

323 5565 564 5618 ἐλάττων
593 5564 816 5637 δηλαδή.
845 5568 1218 5638 Οἰκονομικῶς
1253 5569 1311 5623 δέ
1341 5588 1516 5641 φησιν
1562 5573 1754 5626 ἑαυτοῦ
1792 5575 1911 5646 μεί-

324 5657 459 5721 ζονα
485 5657 576 5709 τὸν
607 5657 894 5729 Πατέρα,ἢ
922 5659 1056 5713 καθὸ
1081 5661 1302 5729 γέγονεν
1332 5661 1639 5734 ἄνθρωπος,
1659 5682 1913 5736 παραχω-

329 5749 440 5810 ρῶν
465 5751 530 5820 τῇ
558 5749 654 5820 τῆς
678 5749 928 5821 Θεότητος
949 5751 1106 5820 φύσει
1131 5753 1189 5806 τὸ
1208 5754 1496 5825 ὑπερέχειν
1518 5756 1624 5809 τῶν
1647 5758 1906 5830 γενητῶν·

330 5842 425 5896 καὶ
452 5841 530 5910 τῷ
559 5843 701 5898 κατά
733 5843 894 5912 φύσιν
920 5845 1107 5915 Κυρίῳ
1134 5845 1195 5900 τὸ
1221 5847 1331 5902 ἄνω
1367 5849 1576 5904 κεῖσθαι
1605 5850 1779 5916 διδοὺς
1815 5853 1911 5920 τῆς

2010 4659 2298 4727 doquidetn
2334 4676 2462 4732 ergo
2498 4665 2810 4719 necessario
2851 4682 2957 4722 una
2994 4683 3118 4720 cum
3157 4667 3320 4725 Patre
3358 4671 3592 4726 infertur

2008 4747 2199 4815 Filius,
2225 4765 2340 4820 age,
2361 4753 2736 4809 exaruinemus
2769 4770 2875 4824 quo
2913 4769 3070 4826 pacto
3105 4758 3266 4814 Pater
3296 4764 3467 4831 major
3497 4764 3586 4819 sit.

2007 4838 2063 4892 Si
2102 4839 2244 4894 enim
2279 4841 2449 4895 Filius
2485 4849 2571 4896 cst
2603 4852 2798 4898 natura
2836 4846 3005 4913 Deus,
3040 4851 3499 4918 quemadmodum
3537 4864 3592 4908 ει

2005 4931 2166 4987 Pater
2193 4943 2274 4989 est
2301 4943 2492 4989 natura
2525 4936 2720 5001 bonus,
2751 4947 2941 4993 natura
2971 4949 3208 5006 creator,
3243 4951 3437 4998 natura
3467 4960 3586 5010 rex,

2005 5024 2289 5091 qualenam
2320 5027 2428 5081 erit
2456 5028 2628 5098 majus
2661 5031 2712 5084 in
2746 5029 2926 5096 Patre,
2955 5032 3061 5103 91
3093 5049 3214 5088 cum
3244 5045 3297 5089 et
3327 5036 3496 5092 Filius
3528 5055 3590 5092 ca

2006 5114 2245 5184 perfecte
2288 5118 2518 5174 habeat?
2557 5119 2615 5174 Si
2659 5135 2786 5176 vero
2826 5123 3062 5191 perfecte
3103 5140 3212 5179 non
3259 5125 3441 5193 habet,
3485 5143 3594 5197 quo

2008 5217 2167 5276 pacto
2190 5210 2294 5264 dici
2318 5220 2495 5280 potest
2521 5217 2661 5267 Deus
2689 5213 2732 5268 is
2757 5215 2842 5268 cui
2873 5215 3089 5283 aliquod
3117 5217 3380 5271 honorum
3408 5218 3594 5273 deest?

2011 5295 2067 5352 Id
2101 5300 2245 5354 enim
2279 5305 2420 5370 quod
2448 5317 2568 5357 eam
2601 5320 2724 5374 qua:
2757 5306 2933 5359 inesse
2964 5305 3073 5361 Deo
3105 5307 3264 5362 debet
3302 5308 3592 5378 perfectio-

2013 5403 2138 5442 nem
2171 5405 2273 5444 non
2306 5392 2499 5459 habet,
2527 5394 2668 5451 Deus
2696 5409 2886 5451 natura
2915 5411 3038 5451 esse
3065 5413 3169 5452 non
3201 5408 3410 5466 potest;
3443 5403 3592 5471 atqui

2011 5481 2180 5537 Filius
2221 5493 2307 5538 cst
2348 5486 2488 5540 Deus
2533 5497 2724 5542 natura
2762 5509 2774 5543 :
2813 5489 3089 5558 perfectus
3129 5492 3292 5561 igitur
3326 5495 3592 5561 quemad-

2011 5576 2231 5630 modum
2257 5587 2309 5630 et
2333 5576 2513 5632 Pater.
2535 5577 2670 5632 Cum
2697 5593 2825 5634 vero
2851 5582 3122 5649 perfectus
3145 5582 3215 5635 sit
3240 5579 3422 5648 Pater,
3446 5597 3592 5638 certe

2014 5668 2192 5720 minor
2216 5684 2319 5722 non
2346 5679 2452 5725 est.
2477 5670 2746 5726 Cazterum
2775 5681 3022 5742 respectu
3051 5675 3445 5729 incarnationis
3474 5692 3591 5730 ma-

2009 5758 2184 5828 jorem
2215 5761 2341 5816 dicit
2371 5762 2607 5829 Patrem,
2637 5765 2751 5820 sive
2777 5775 3047 5834 quatenus
3080 5767 3258 5823 factus
3285 5779 3368 5824 est
3400 5770 3590 5837 homo;

2020 5851 2262 5909 tribuens
2305 5853 2407 5910 hoc
2451 5864 2653 5913 natura:
2695 5857 2994 5916 divinitatis
3037 5870 3095 5916 ιιι
3139 5861 3406 5918 creaturis
3445 5874 3588 5917 antc-
