4048 6424
495 394 590 447 ml
1504 391 1563 445 S.
1600 389 1875 446 CYRILLI
1916 392 2380 450 ALEXANDRINI
2419 394 2737 451 ARCIIIEP.

3618 394 3724 448 152

492 508 683 574 cellat;
731 516 785 562 et
829 505 1055 561 Domino
1101 502 1395 561 secundum
1442 512 1690 559 naturam
1737 506 1841 560 hoc
1884 506 2043 560 ascri-

2150 505 2239 560 τοῦ
2262 505 2447 559 δούλου
2468 505 2703 577 μορφῆς,
2722 506 2769 557 εί
2794 503 2887 557 καὶ
2913 504 2995 557 ὅτι
3028 505 3261 575 μάλιστα
3284 504 3375 558 καὶ
3394 504 3555 568 αὑτὸς
3577 507 3725 560 κατὰ

492 604 625 655 bene
650 600 791 669 quod
816 597 998 654 servili
1026 595 1199 652 forma
1230 594 1387 665 longe
1416 594 1659 663 superior
1680 603 1763 651 est
1787 634 1802 660 ,
1831 596 2045 651 tametsi

490 690 651 744 etiam
694 690 806 759 ipse
840 688 1136 743 secundum
1173 696 1417 741 naturam
1453 684 1713 741 Dominus
1745 687 1849 751 sit;
1885 696 2047 755 atque

491 782 563 834 ita
599 780 816 850 quidem
858 780 1097 835 tribuens
1133 778 1301 843 Patri,
1342 786 1399 831 ut
1435 777 1605 847 major
1637 777 1727 845 sit,
1766 786 1827 830 ut
1866 786 2045 831 tamen

489 872 606 937 ipse
639 872 771 925 nihil
810 873 986 925 minus
1020 869 1213 925 habeat
1243 870 1454 923 ratione
1484 868 1749 924 essentia.
1787 869 1862 923 Ita
1898 870 2045 924 enim

487 962 593 1016 erit
619 976 803 1016 verum
833 961 1079 1030 genimen
1110 970 1270 1029 atque
1299 960 1476 1029 imago
1500 959 1794 1024 Gsnitoris,
1821 973 1927 1013 non
1953 959 2047 1014 ali-

487 1064 590 1118 qua
621 1064 684 1104 ex
717 1059 871 1117 parte
900 1062 1186 1117 expressa,
1221 1048 1315 1103 sed
1346 1048 1711 1103 omnimodam
1741 1049 2045 1105 similitudi-

488 1153 609 1193 nem
646 1153 765 1193 cum
806 1140 921 1207 ipso
956 1138 1194 1204 habens;
1227 1138 1394 1193 solius
1421 1153 1552 1193 vero
1580 1140 1762 1196 decori
1796 1154 1959 1196 causa
1988 1150 2047 1196 ut

486 1228 653 1284 Filius
682 1228 943 1298 majorem
977 1229 1237 1283 honorem
1268 1228 1411 1284 Patri
1444 1229 1650 1285 tribuit.

568 1367 825 1421 Adversus
861 1366 1104 1431 dicentes,
1135 1367 1274 1435 quod
1311 1364 1471 1420 Pater
1496 1367 1567 1420 sit
1600 1366 1771 1435 major
1796 1364 1959 1421 Filio.

925 1545 1162 1612 Objectio
1194 1546 1581 1601 Ittereticorum.

551 1656 736 1725 Pater,
777 1659 1060 1728 inquiunt,
1106 1672 1323 1729 semper
1361 1667 1515 1722 erat,
1560 1656 1728 1713 Filius
1770 1672 1897 1712 vero
1938 1671 2043 1713 non

482 1763 695 1817 semper
726 1766 739 1801 :
773 1764 879 1818 quo
912 1758 1069 1819 pacto
1106 1748 1269 1817 igitur
1300 1763 1404 1803 non
1442 1750 1547 1803 erit
1582 1748 1751 1815 major
1780 1748 1870 1818 qui
1905 1762 2043 1802 sem-

2153 596 2315 666 φὺσιν
2354 596 2574 665 Κύριος,
2622 597 2656 666 ἢ
2706 596 2766 648 τὸ
2808 596 2990 665 μεῖζον
3030 596 3371 667 παραχωρῶν
3411 596 3486 659 ὡς
3519 596 3722 667 Πατρὶ,

2152 690 2302 743 οὐδὲν
2340 689 2439 760 μὶν
2468 684 2628 759 ἦττον
2657 687 2794 758 ἔχων
2824 687 2986 741 αὑτοῦ
3016 688 3157 740 κατὰ
3186 688 3276 740 τὸν
3295 689 3393 759 τῆς
3426 688 3612 750 οὐσίας
3635 687 3727 740 λό-

2151 800 2267 852 γον.
2287 782 2444 836 Οὕτω
2469 781 2577 853 γὰρ
2600 782 2665 835 ἀν
2697 780 2781 850 εἴη
2811 781 2907 833 καὶ
2932 782 3153 850 γνήσιον
3179 781 3421 851 γέννημα
3442 782 3535 834 καὶ
3556 778 3723 833 εἰκὼν

2149 875 2318 938 ιντως
2341 874 2435 929 τοῦ
2461 874 2868 943 γεγεννηκότος,
2896 874 2957 925 οὑ
2985 873 3124 925 κατά
3146 889 3197 925 τι
3223 870 3725 943 παρακεχαραγμέ-

2152 984 2239 1035 νη,
2269 966 2383 1020 ἀλλ’
2421 966 2711 1036 ὀλόκληρον
2756 964 2893 1034 πρὸς
2941 964 3103 1016 αὑτὸν
3141 962 3386 1026 σώζουσα
3410 963 3509 1034 τὴν
3544 962 3722 1033 ὲμφὲο

2156 1075 2305 1129 ριιαν
2329 1075 2341 1088 ’
2388 1058 2477 1112 διὰ
2526 1059 2581 1111 δὲ
2633 1056 2793 1127 μόνον
2825 1056 2885 1108 τὸ
2914 1055 3124 1124 πρέπον
3169 1056 3245 1119 ὡς
3274 1055 3401 1119 Υἱὸς
3437 1054 3515 1125 τῷ
3543 1052 3723 1125 Πατρὶ

2149 1149 2317 1221 τιμὴν
2345 1149 2632 1221 ἀπονέμων
2660 1148 2756 1218 τὴν
2789 1147 3028 1217 μείζονα.

2149 1371 2307 1439 Πρὸς
2355 1371 2497 1436 τοὺς
2542 1372 2830 1439 λέγοντας
2855 1371 3000 1494 ,Γροτὲ
3036 1370 3251 1439 μείζων
3289 1374 3321 1423 ὁ
3358 1371 3561 1441 Πατὴρ
3613 1372 3722 1427 τοῦ

2408 1554 2727 1619 Ἀντίθεσις
2764 1553 2843 1618 ὡς
2879 1552 2947 1605 ἐκ
2984 1552 3103 1606 τῶν
3138 1554 3469 1622 αίρετικῶν.

2232 1667 2291 1719 '0
2318 1665 2527 1735 Πατὴρ,
2562 1664 2744 1735 φησὶν,
2776 1660 2844 1735 ἦν
2876 1664 2979 1728 ἀεὶ,
3011 1666 3110 1718 οὑκ
3140 1665 3227 1719 ἀεὶ
3251 1666 3309 1718 δὲ
3345 1667 3373 1717 ό
3404 1664 3529 1728 Υἱός
3554 1680 3568 1693 ⁵
3606 1663 3724 1726 πῶς

2148 1754 2241 1812 οὖν
2269 1756 2369 1809 οὑκ
2400 1756 2549 1808 ἔσται
2587 1755 2786 1823 μείζων
2814 1756 2841 1806 6
2869 1754 2957 1805 ἀεὶ
2990 1755 3247 1825 ὑπάρχων
3289 1755 3383 1808 τοῦ
3430 1754 3505 1824 μὴ
3548 1752 3724 1815 οὑτως

482 1855 577 1910 per
613 1839 831 1895 exsistit
863 1855 927 1895 eo
953 1840 1043 1909 qui
1074 1855 1178 1894 non
1208 1839 1456 1909 semper?
1480 1840 1587 1892 Aut
1614 1854 1720 1909 quo
1746 1851 1903 1908 pacto
1931 1854 2034 1894 non

2150 1851 2321 1909 5ντοςς
2356 1844 2479 1906 Πῶς
2508 1843 2565 1896 δὲ
2590 1844 2691 1895 οὑκ
2723 1842 2959 1895 ιλάττων
2987 1843 3079 1895 τοῦ
3109 1843 3296 1907 ἀῖδίως
3321 1845 3661 1913 ὑπάρχοντος
3693 1843 3725 1895 ό

479 1934 552 1987 sit
584 1932 759 1987 minor
788 1946 852 1986 eo
884 1932 974 2002 qui
1008 1933 1074 1987 ab
1110 1942 1313 1987 aeterno
1341 1932 1557 1987 exsistit
1591 1932 1636 1986 is
1665 1933 1755 2000 qui
1805 1941 2041 1987 aeternus

480 2036 587 2075 non
631 2022 751 2078 est?
794 2020 851 2076 Si
892 2036 1018 2076 vero
1065 2021 1235 2089 major
1274 2030 1357 2077 est
1401 2021 1565 2078 Pater
1604 2021 1773 2087 Filio,
1820 2022 2045 2079 diversa:

478 2112 641 2167 etiam
668 2114 917 2169 essentize
944 2112 1014 2168 ab
1042 2112 1157 2182 ipso
1187 2112 1312 2169 erit.

970 2243 1177 2299 Salutio
1211 2245 1541 2315 objectionis.

553 2359 849 2432 Oportebat
876 2373 1005 2415 sane
1038 2375 1142 2415 non
1178 2360 1251 2427 ita
1288 2362 1467 2430 inepte
1497 2369 1657 2431 atque
1689 2360 1897 2416 rnditer
1924 2376 2045 2430 pro-

475 2450 603 2519 poni
634 2463 853 2517 gravem
885 2450 1023 2503 bane
1044 2489 1059 2513 ,
1092 2457 1149 2502 et
1186 2448 1471 2519 imperitiae
1498 2458 1689 2504 vestrae
1718 2452 2045 2505 convenien-

475 2552 587 2596 tem
615 2542 991 2611 quaestionem.
1016 2538 1150 2595 Nam
1176 2556 1297 2597 cum
1322 2542 1688 2597 diversitatem
1714 2544 1963 2597 essentia:
1990 2543 2043 2597 in

475 2629 639 2685 Patre
662 2638 716 2684 et
740 2629 879 2685 Filio
903 2631 1127 2700 urgetis,
1155 2631 1405 2700 imperite
1432 2632 1720 2688 admodum
1749 2648 1815 2687 ex
1843 2633 2046 2701 majore

475 2730 533 2777 et
558 2722 767 2777 minore
792 2722 844 2777 id
870 2721 1100 2791 probare
1124 2722 1357 2777 studetis
1388 2740 1401 2776 :
1431 2724 1653 2793 proinde
1677 2739 1740 2778 ac
1765 2724 1809 2777 si
1838 2740 1897 2778 ea
1924 2739 2044 2793 quas

474 2812 667 2869 horum
702 2814 919 2883 capacia
955 2822 1101 2877 sunt,
1135 2814 1442 2869 necessario
1478 2816 1617 2870 inter
1646 2829 1706 2870 se
1740 2814 2040 2869 substantia

474 2903 746 2960 diaerant.
772 2904 934 2975 Atqui
964 2904 1159 2975 lapidis
1187 2906 1404 2975 quidem
1433 2907 1499 2960 ad
1528 2906 1784 2975 lapidem,
1812 2907 1937 2976 ligni
1973 2906 2041 2960 ad

476 2994 713 3065 lignum,
744 2994 976 3049 hominis
1007 2994 1071 3049 ad
1103 2994 1377 3050 hominem
1397 3035 1410 3060 ,
1444 2995 1761 3050 substantia:
1793 2996 1929 3049 ratio
1960 3002 2043 3047 est

474 3086 684 3142 eadem.
715 3087 926 3141 Accidit
959 3096 1136 3141 tamen
1176 3086 1304 3156 ipsis
1336 3096 1391 3142 et
1426 3087 1597 3157 majus
1630 3098 1682 3141 et
1721 3088 1923 3140 minus.
1956 3086 2044 3139 Li-

475 3190 637 3243 gnum
666 3175 810 3230 enim
839 3176 984 3246 ligno
1016 3175 1191 3245 majus
1221 3176 1516 3231 secundum
1547 3178 1770 3246 aliquid,
1800 3189 1851 3231 ct
1882 3176 2040 3230 vicis-

476 3267 579 3321 sim
613 3266 791 3324 minus
822 3278 1064 3337 apparet.
1093 3268 1227 3324 Cum
1262 3270 1427 3340 igitur
1452 3270 1614 3325 etiam
1650 3272 1714 3325 iis
1744 3287 1862 3341 ane
1895 3270 2039 3336 ejus-

477 3360 597 3413 dem
624 3359 938 3415 substantiae
964 3370 1085 3415 sunt
1114 3363 1289 3432 majus
1313 3370 1368 3416 et
1396 3362 1572 3415 minus
1601 3363 1828 3427 accidat,
1863 3363 2044 3426 inepte

475 3464 575 3505 vos
612 3464 678 3505 ex
716 3451 817 3505 hoc
850 3452 1219 3508 diversitatem
1256 3455 1508 3509 essentia:
1541 3455 1593 3508 in
1628 3453 1787 3509 Patre
1818 3467 1872 3509 et
1903 3454 2042 3525 Filio

475 3544 853 3598 demonstrare
898 3544 1163 3609 mtimini,
1201 3554 1544 3612 vestramque
1588 3548 1909 3600 dementiam
1956 3546 2041 3599 ni-

478 3634 770 3689 hilominus
809 3651 905 3704 per
936 3636 1053 3691 hac
1083 3636 1394 3692 declaratis.
1432 3636 1680 3707 Equalis
1713 3638 1857 3692 enim
1893 3636 2039 3692 Patri

475 3724 745 3781 exsistens
770 3724 972 3792 Filius,
1004 3728 1267 3782 minorem
1298 3741 1356 3783 se
1388 3727 1514 3782 facit
1548 3728 1753 3784 ratione
1783 3727 2038 3783 incarna-

478 3816 657 3885 tionis,
688 3827 749 3873 ut
773 3817 1027 3874 diximus.

1055 4113 1165 4183 93
1204 4111 1432 4169 ALIUD.

546 4248 681 4313 Qum
721 4246 949 4302 naturali
996 4250 1137 4302 inter
1174 4262 1235 4303 se
1279 4246 1631 4302 similitudine
1672 4263 1777 4303 non
1826 4248 2043 4316 conjun-

478 4349 696 4408 gunlur,
729 4349 784 4393 et
816 4340 1025 4394 ratione
1056 4339 1306 4394 essentia:
1339 4338 1611 4403 dill‘ernnt,
1651 4354 1746 4407 per
1777 4340 1958 4393 simile
1990 4350 2046 4392 et

478 4431 769 4496 dissimile,
800 4445 907 4485 non
940 4446 1069 4487 vero
1100 4446 1194 4499 per
1226 4431 1397 4499 majus
1424 4439 1478 4483 et
1510 4431 1685 4483 minus
1714 4430 2042 4484 discernun-

2150 1939 2223 2009 μὴ
2256 1936 2420 1999 ἀΐδιος
2451 1935 2559 2001 ῶν;
2608 1934 2669 1987 El
2700 1934 2756 1987 δὲ
2802 1933 3005 2004 μείζων
3034 1937 3061 1988 6
3090 1935 3279 2007 Πατὴρ
3308 1935 3400 1989 τοῦ
3434 1934 3589 2001 Υίοῦ,
3626 1932 3727 1987 καὶ

2147 2026 2481 2099 ἑτιροοὺσιος
2511 2026 2616 2096 ἀρα
2652 2024 2787 2095 πρὸς
2813 2024 2997 2081 αὐτόν.

2615 2246 2771 2313 Πρὸς
2809 2244 2995 2299 ταῦτα
3031 2244 3231 2313 λύσις.

2233 2360 2447 2430 Ἐχρῆν,
2481 2353 2527 2414 ῶ
2554 2357 2843 2428 βέλτιστοι,
2876 2358 2951 2427 μὴ
2998 2357 3117 2410 λίαν
3168 2357 3312 2411 οὕτω
3346 2356 3531 2420 κακῶς
3588 2354 3728 2426 μηδὲ

2147 2452 2385 2520 ἀτέχνως
2412 2446 2732 2519 προκεῖσθαι
2758 2448 2818 2500 τὸ
2842 2449 3005 2517 σοφὸν
3029 2448 3095 2519 δὴ
3119 2447 3275 2502 τοῦτο
3306 2449 3405 2518 τῆς
3434 2448 3565 2517 ὑμῖν
3588 2464 3725 2519 πρε-

2148 2543 2354 2611 πούσης
2401 2540 2640 2610 ἀμαθίας
2690 2538 3003 2608 πρόϐλημα.
3038 2540 3395 2610 Είσφέροντες
3438 2540 3545 2610 γὰρ
3594 2541 3729 2610 ἡμῖν

2146 2632 2239 2686 ιπί
2267 2650 2325 2685 τι
2354 2631 2567 2700 Πατρὺς
2596 2628 2691 2682 καὶ
2722 2628 2851 2681 Υίοῢ
2880 2628 2940 2681 τὸ
2970 2630 3325 2699 ἑτεροοὺσιον,
3353 2630 3462 2683 ἀπὸ
3488 2630 3581 2683 τοῦ
3609 2629 3731 2700 μεί-

2147 2722 2297 2788 ζονος
2320 2722 2413 2775 καὶ
2444 2720 2537 2773 τοῦ
2572 2720 2852 2783 ἐλάττονος
2878 2719 2975 2789 τὴν
3000 2720 3273 2787 ἀπόδειξιν
3294 2720 3527 2792 ἀμαθῶς
3553 2723 3731 2774 ποιεῖ-

2148 2814 2271 2868 σθαι
2329 2812 2679 2877 σπουδάζετε,
2729 2810 2919 2883 ῶσπερ
2960 2813 3272 2880 ἀναγκαίως
3310 2812 3544 2883 ἑχόντων
3592 2811 3731 2882 πρὸς

2146 2906 2349 2976 ἀλληλα
2376 2906 2472 2974 τὴν
2502 2904 2970 2974 ἑτεροουσιότητα,
2990 2904 3097 2955 τῶν
3126 2904 3224 2955 ὅσα
3250 2901 3455 2957 τούτων
3483 2904 3730 2973 πέφυκεν

2146 2993 2284 3049 εἶναι
2330 2996 2573 3049 δεκτικά.
2609 2995 2801 3049 Καίτοι
2835 2996 2974 3065 ξύλῳ
3015 2995 3113 3065 μὲν
3163 2996 3325 3047 παντὶ
3372 2994 3510 3064 πρὸς
3545 2988 3728 3060 ξύλον,

2146 3088 2240 3140 καὶ
2272 3086 2403 3156 λίθῳ
2448 3088 2582 3157 πρὸς
2613 3086 2781 3150 λίθον,
2815 3087 2909 3140 καὶ
2940 3085 3209 3156 ἀνθρώπῳ
3254 3085 3388 3155 πρὸς
3421 3084 3729 3155 ἄνθρωπον,

2090 3232 2110 3251 τ
2145 3178 2243 3245 τῆς
2280 3176 2376 3246 μὲν
2409 3176 2596 3239 οὐσίας
2639 3179 2668 3229 ό
2714 3175 2870 3243 λόγος
2898 3178 2925 3229 ό
2951 3176 3131 3237 αὑτός.
3186 3175 3457 3246 Πρόσεστι
3490 3174 3547 3227 δὲ
3577 3175 3732 3240 ὅμως

2152 3269 2247 3320 καὶ
2276 3268 2335 3319 τὸ
2366 3268 2547 3337 μεῖζον
2584 3267 2679 3321 καὶ
2723 3268 2781 3320 τὸ
2811 3267 3061 3320 ἔλαττον·
3095 3266 3251 3333 ξύλον
3278 3267 3386 3337 γὰρ
3418 3265 3595 3330 ξύλου.
3607 3268 3733 3336 μεῖ-

2154 3360 2245 3423 ζον
2298 3361 2438 3412 κατά
2474 3377 2546 3423 τι,
2580 3361 2673 3411 καὶ
2730 3360 2893 3412 πάλιν
2947 3360 3147 3429 ὁμοίιος
3204 3359 3422 3411 ἔλαττον
3456 3360 3729 3428 φαίνεται.

2164 3450 2542 3519 Ἐμόαίνοντος
2571 3450 2748 3503 τοίνυν
2791 3452 2884 3503 καὶ
2927 3453 3020 3505 ἐπὶ
3069 3451 3177 3502 τῶν
3212 3451 3512 3520 όμοουσίων
3548 3449 3642 3503 τοῦ
3668 3467 3731 3504 τι

2152 3542 2396 3613 μείζονος
2427 3543 2519 3593 καὶ
2548 3542 2640 3593 τοῦ
2672 3542 2974 3606 ἐλάττονος,
3010 3544 3279 3615 περιττῶς
3314 3544 3473 3613 ὑμεῖς
3497 3544 3590 3595 ἐπὶ
3617 3543 3733 3597 Πα-

2146 3634 2275 3703 τρὸς
2318 3634 2411 3687 καὶ
2445 3632 2574 3686 Υἱοῦ
2613 3633 2818 3704 ταύτην
2845 3634 3117 3701 ἀπόδειξιν
3147 3635 3385 3689 ποιεῖσθε
3411 3634 3505 3687 τοῦ
3541 3635 3729 3707 ἑτερο-

2145 3725 2357 3778 ουσίου·
2392 3726 2483 3777 καὶ
2514 3724 2604 3777 διὰ
2625 3724 2829 3777 τούτων
2856 3725 2913 3777 δὲ
2938 3726 3090 3778 οῦδὲν
3121 3718 3283 3795 ἧττον
3308 3726 3373 3797 λη
3385 3725 3603 3797 ροῦντες
3636 3726 3730 3781 εὑ-

2151 3817 2570 3889 ρίσκεσθε.”ισος
2609 3816 2717 3885 γὰρ
2764 3816 3024 3887 ὑπάρχων
3074 3818 3102 3869 6
3132 3817 3260 3880 Υἱὸς
3304 3819 3382 3889 τῷ
3421 3819 3616 3889 Πατρὶ,
3662 3816 3727 3870 τὸ

2150 3913 2366 3967 ἔλαττον
2416 3914 2497 3981 ἐφ’
2526 3910 2717 3966 ἑαυτοῦ
2762 3910 2973 3983 τίθησιν
3007 3912 3385 3982 οἰκονομικῶς,
3436 3915 3511 3977 ὠς
3556 3912 3731 3968 δέξει-

2154 4020 2295 4058 κται.

2830 4119 3032 4173 ΔΔΛΟ.

2212 4245 2297 4298 Τὰ
2326 4245 2426 4313 τῆς
2454 4246 2588 4315 πρὸς
2620 4246 2824 4317 ἄλληλα
2869 4249 3104 4318 φυσικῆς
3149 4249 3463 4321 ὁμοιότητος
3495 4250 3725 4324 ἑστερη-

2150 4338 2304 4404 μένα,
2338 4338 2430 4388 καὶ
2464 4336 2603 4389 κατά
2628 4337 2721 4391 τὸν
2748 4338 2843 4391 τοῦ
2880 4357 2994 4403 πως
3026 4336 3166 4393 εἶναι
3196 4340 3352 4408 λόγον
3380 4343 3727 4413 διεστηκότα,

2145 4425 2223 4496 τῷ
2250 4428 2421 4496 ὁμοίῳ
2455 4428 2550 4481 καὶ
2574 4428 2651 4498 τῷ
2686 4430 2922 4501 ἀνομοίῳ
2954 4433 3199 4501 κρίνεται
3236 4433 3458 4504 μᾶλλον,
3483 4436 3577 4489 καὶ
3604 4437 3727 4490 οέιδέ

480 4533 586 4575 tur.
610 4520 667 4575 Si
690 4534 817 4589 ergo
841 4535 1003 4575 unum
1028 4532 1110 4576 est
1136 4520 1293 4575 Pater
1314 4530 1367 4574 et
1392 4519 1557 4574 Filius
1583 4522 1791 4575 ratione
1818 4532 2041 4587 natura,

2150 4536 2252 4571 που
2299 4519 2376 4589 τῷ
2408 4537 2467 4571 τε
2507 4520 2713 4590 μείζονι
2766 4524 2857 4575 καὶ
2902 4523 2979 4593 τῷ
3026 4524 3291 4578 ἐλάττονι.
3322 4527 3383 4581 Ei
3416 4528 3515 4597 μὲν
3543 4525 3637 4583 οὖν
3668 4530 3729 4583 ’ἐν

480 4614 661 4666 dicant
686 4613 841 4667 nobis
864 4612 1043 4668 acerbi
1072 4614 1159 4667 isti
1184 4613 1595 4682 disceptatores,
1622 4616 1895 4683 quomodo
1923 4629 2040 4667 ma-

474 4702 563 4768 jus
588 4711 642 4757 et
670 4703 845 4757 minus
874 4704 954 4758 eis
980 4713 1285 4773 competere
1317 4705 1553 4774 poterit?
1580 4703 1635 4757 Si
1665 4719 1793 4759 vero
1822 4706 2043 4759 alterius

480 4793 635 4861 plane
668 4794 1003 4864 diversmque
1036 4811 1066 4848 ιι
1102 4794 1263 4849 Patre
1295 4798 1549 4851 essentia:
1585 4796 1778 4851 Filium
1814 4812 1935 4852 esse
1970 4798 2045 4851 ili-

479 4884 619 4948 citis,
647 4898 753 4953 quo
778 4894 935 4955 pacto
962 4900 1023 4939 ea
1051 4900 1170 4954 qua:
1199 4886 1354 4954 plane
1381 4887 1628 4942 essentia:
1656 4889 1865 4944 ratione
1897 4890 2037 4943 inter

478 4991 538 5029 se
575 4976 872 5043 dissident,
911 4980 1216 5049 comparari
1258 4981 1398 5034 inter
1433 4994 1491 5035 se
1530 4983 1819 5049 poterunt?
1858 4982 2042 5051 Neque

478 5068 624 5120 enim
668 5082 772 5121 non
815 5068 1070 5124 ridiculus
1109 5084 1232 5124 esse
1272 5072 1461 5139 possit,
1502 5071 1593 5140 qui
1635 5086 1751 5140 qua:
1791 5071 1931 5125 nulla
1979 5088 2047 5126 ex

480 5168 631 5227 parte
658 5160 981 5214 conveniant
1012 5162 1152 5215 inter
1180 5176 1239 5217 se
1270 5162 1617 5231 compararit,
1650 5167 1847 5233 quique
1875 5163 2040 5217 solem

482 5252 623 5320 ligno
665 5250 1079 5320 splendidiorem
1128 5254 1312 5309 dicere
1355 5254 1600 5309 voluerit.
1644 5255 1699 5309 Si
1749 5272 1875 5324 ergo
1930 5272 2046 5323 qua:

482 5344 676 5398 diversi
708 5345 921 5413 generis
947 5353 1092 5409 sunt,
1116 5361 1145 5399 a
1175 5355 1356 5400 mutua
1384 5347 1523 5402 inter
1548 5362 1605 5403 se
1630 5350 2045 5415 comparatione

481 5434 776 5489 abhorrent
806 5456 817 5490 :
851 5436 1031 5506 inepta
1068 5447 1213 5493 certe
1247 5448 1330 5493 est
1364 5440 1675 5509 propositio,
1712 5456 1834 5508 quae
1874 5442 2046 5510 majus

480 5534 534 5578 et
568 5524 744 5579 minus
777 5524 921 5580 Patri
958 5536 1013 5581 et
1051 5527 1185 5583 Filio
1220 5531 1588 5585 accommodat
1615 5572 1629 5596 ,
1666 5533 1709 5587 si
1749 5531 1904 5585 modo
1938 5548 2043 5586 non

481 5617 717 5683 ejusdem
743 5658 757 5680 ,
781 5616 933 5685 juxta
963 5630 1198 5676 vestram
1228 5622 1569 5691 opinionem,
1602 5634 1728 5679 sunt
1755 5624 2007 5679 essentia:
2031 5663 2048 5690 ,

483 5716 539 5760 et
560 5722 677 5776 qua:
700 5724 820 5763 eam
844 5713 1092 5767 essentia:
1116 5714 1478 5769 diversitatem
1504 5716 1859 5780 demonstrat,
1885 5732 2044 5786 quam

481 5799 673 5857 nescio
693 5803 829 5860 unde
848 5804 1203 5875 excogitarint
1222 5806 1284 5862 de
1303 5815 1494 5863 natura
1514 5807 1750 5865 omnium
1768 5823 2041 5881 suprema,

2152 4611 2297 4662 ἔστιν
2324 4611 2351 4661 6
2379 4606 2565 4681 Πατὴρ
2596 4612 2671 4675 ὼς
2698 4613 2834 4683 πρὸς
2853 4616 2943 4666 τόν
2971 4615 3095 4668 Υἱὸν
3123 4617 3261 4671 κατὰ
3281 4618 3372 4671 τὸν
3394 4619 3492 4689 τῆς
3514 4620 3731 4688 φύσεως

2148 4699 2323 4767 λόγον,
2357 4701 2660 4769 λεγέτωσαν
2707 4705 2837 4773 ἡμῖν
2886 4708 2933 4757 oi
2984 4708 3170 4777 πικροὶ
3226 4710 3543 4780 συζητηταὶ,
3589 4713 3729 4767 κατά

2152 4792 2271 4845 τίνα
2319 4795 2517 4863 τρόπον
2554 4797 2791 4865 χωρήσει
2836 4797 3128 4852 ὲπ⁹αὑτῶν
3176 4801 3237 4853 τὸ
3291 4801 3473 4871 μεῖξον
3525 4805 3618 4856 καὶ
3665 4806 3729 4877 τί)

2152 4884 2387 4951 Elia-trav;
2407 4884 2470 4939 Εἰ
2494 4885 2550 4937 δὲ
2571 4886 2745 4955 πάντη
2766 4887 3057 4956 διεστηκὼς
3087 4891 3176 4942 καὶ
3205 4892 3606 4962 κεχωρισμένος
3627 4896 3728 4965 τῆς

2154 4977 2244 5031 τοῦ
2278 4978 2489 5049 Πατρός
2516 4978 2703 5040 οὐσίας
2728 4980 2754 5030 ό
2784 4978 2910 5042 Υίδς
2948 4982 3276 5053 εἰσφέρεται,
3308 4985 3500 5055 ἐτέρας
3531 5003 3589 5039 τε
3622 4987 3727 5056 φύ-

2157 5085 2290 5131 σεως
2315 5069 2643 5139 ὑπείληπται
2668 5073 2797 5140 παρ’
2814 5071 2960 5142 ὑμῖν,
2977 5074 3094 5136 πῶς
3115 5074 3182 5127 τὰ
3206 5076 3381 5146 πάντη
3404 5076 3728 5148 διεστηκότα

2156 5163 2295 5214 κατά
2322 5162 2412 5215 τὸν
2457 5162 2550 5216 τοῦ
2587 5181 2699 5227 πως
2730 5162 2868 5219 εἶναι
2895 5166 3053 5233 λόγον
3078 5166 3174 5237 τὴν
3202 5168 3334 5238 πρὸς
3360 5168 3563 5239 ἀλληλα
3594 5171 3727 5241 σύγ-

2159 5268 2333 5323 κρισιν
2373 5253 2709 5318 ὲπιδέξεται;
2739 5258 2812 5309 Οὑ
2851 5257 2957 5326 γὰρ
2996 5258 3059 5327 δή
3111 5276 3193 5321 τις
3235 5258 3338 5325 ἔξω
3384 5260 3729 5333 γελοιότητπ

2157 5346 2394 5398 κείσεται
2410 5347 2477 5400 τὰ
2505 5348 2643 5401 κατὰ
2673 5349 2835 5419 μηδὲν
2855 5349 3105 5419 ἀλλήλοις
3125 5350 3481 5406 κοινωνοῦντα
3502 5356 3728 5426 συγκρί.

2158 5455 2283 5503 νων,
2319 5441 2411 5492 καὶ
2442 5440 2591 5510 ἥλιον
2622 5440 2776 5504 ξύλου
2819 5442 2991 5510 λέγων
3037 5438 3176 5495 εἶναι
3224 5443 3620 5516 λαμπρότερον.
3657 5448 3725 5502 Εἰ

2154 5531 2335 5583 τοίνυν
2368 5530 2434 5583 τὰ
2462 5534 2745 5602 ἑτερογενῆ
2777 5535 2868 5587 καὶ
2900 5533 2995 5603 τὴν
3034 5536 3170 5604 πρὸς
3199 5535 3401 5604 ἄλληλα
3434 5536 3722 5607 σύγκρισιν

2156 5622 2568 5692 παραιτούμεναι
2614 5624 2873 5692 φαίνεται,
2907 5626 3226 5691 ἀπαίδευτος
3277 5630 3308 5697 ἠ
3365 5629 3625 5699 πρότασις
3662 5630 3723 5683 τὸ

2163 5714 2343 5785 μεῖζον
2388 5716 2480 5769 καὶ
2513 5716 2573 5767 τὸ
2604 5714 2820 5770 ἔλαττον
2851 5718 2942 5770 ἐπὶ
2990 5718 3120 5771 Υίοῦ
3153 5721 3243 5772 καὶ
3278 5720 3490 5789 Πατρός
3538 5721 3722 5789 εἰσφέ-

2160 5822 2342 5876 ρουσα,
2376 5806 2529 5878 εἴπερ
2567 5808 2699 5863 εἰσὶν
2736 5810 2791 5862 οὑ
2838 5810 2935 5881 τῆς
2964 5811 3134 5883 αὐτῆς
3166 5812 3373 5877 οὐσίας,
3401 5812 3519 5867 καθ’
3548 5814 3715 5886 ὑμᾶς,
