4048 6448
296 414 401 475 153

1718 422 1996 483 THESAU
2008 424 2166 484 RUS.

3470 435 3572 492 154

296 531 389 587 καὶ
420 529 628 602 ταύτην
656 531 933 623 ἀπόδειξιν
977 536 1274 610 ποιουμένη
1321 538 1418 611 τῆς
1473 541 1868 621 ἐτεροουσιότη-

1986 556 2043 602 et
2078 548 2130 602 in
2169 561 2334 616 quam
2369 548 2549 606 minus
2582 549 2727 606 nulla
2760 549 2970 607 ratione
3005 550 3201 607 cadere
3234 560 3440 623 potest,
3475 557 3571 611 sed

292 640 406 717 τος,
437 624 505 695 ἢν
536 626 637 717 οὑκ
671 620 789 680 οἶδα
826 626 992 684 πόθεν
1018 629 1324 686 ἐπινοοῦσιν
1357 634 1449 687 ἐπὶ
1473 634 1576 705 τῆς
1604 634 1674 690 τὰ
1700 620 1868 693 πάντα

1982 654 2105 709 qua
2147 640 2328 710 potius
2362 639 2750 712 perfectionem
2790 642 2898 699 sibi
2936 620 3349 700 convenientem
3386 620 3573 717 requi-

294 714 703 785 ὑπερκειμένης
734 716 942 785 οὐσίας,
965 719 1058 773 καὶ
1081 719 1142 773 τὸ
1162 719 1383 776 ἔλαττον
1421 724 1724 794 οὐδαμόθεν
1767 744 1878 797 χω-

296 807 413 874 ρετν
455 805 796 877 δυναμένηςο
848 808 1187 881 ἀπαιτούσης
1231 812 1290 866 δὲ
1343 813 1546 882 μᾶλλον
1584 815 1685 887 τὴν
1740 817 1877 889 αὑτῇ

293 898 615 967 πρέπουσαν
658 898 992 970 τελειότητα,
1027 902 1261 975 ἐπείπερ
1295 903 1449 959 οὐδὲν
1489 905 1711 960 ἔλαττον
1755 906 1878 960 οὑδὲ

294 988 487 1053 ἀτελὲς
513 990 677 1064 ἐντῷ
706 994 848 1047 κατὰ
874 990 1035 1062 φύσιν
1065 994 1207 1066 Θεῷ,
1226 997 1366 1068 ὅπερ
1391 998 1539 1053 ἐστὶν
1568 1000 1597 1052 6
1631 998 1782 1064 Υἱός.

980 1129 1177 1186 ΔΛΛΟ.

360 1260 601 1326 Μείζονά
625 1278 787 1332 φασιν
810 1266 857 1316 οἰ
888 1267 1245 1339 χριστομάχοι
1273 1268 1369 1323 τοῦ
1385 1252 1515 1325 Υίοῦ
1536 1270 1629 1326 τὸν
1651 1272 1876 1346 Πατέρα

287 1348 704 1423 δυσφημοῦντες
750 1354 1098 1425 ἀφυλάκτως,
1137 1360 1232 1414 καὶ
1294 1359 1371 1433 μὴ
1423 1361 1694 1431 νοοῦντες,
1730 1364 1876 1420 καθὰ

286 1440 624 1513 γέγραπται,
666 1446 808 1517 μήτε
839 1446 875 1502 ἃ
907 1448 1144 1519 λέγουσι,
1182 1452 1322 1521 μήτε
1353 1453 1484 1525 περὶ
1514 1454 1677 1508 τίνων
1702 1455 1876 1510 διαδε-

286 1532 592 1589 6αιοῦνται.
627 1537 721 1589 Διὸ
751 1538 816 1609 δὴ
857 1538 1020 1594 πάλιν
1067 1543 1190 1605 ταῖς
1231 1542 1460 1598 ἐκείνων
1512 1546 1737 1617 μανίαις
1781 1547 1875 1602 τὸν

283 1622 447 1693 ὀρθὸν
481 1626 999 1698 ἁντιστρατεὺοντες
1040 1629 1220 1701 λόγον,
1254 1634 1603 1706 ἐρωτήοομεν
1645 1635 1870 1701 αὐτούς’

282 1714 491 1784 Λέγετε
530 1718 693 1772 πάλιν
723 1720 875 1791 ἡμῖν,
914 1715 958 1775 ὧ
989 1715 1157 1790 οὗτοι,
1188 1724 1418 1796 πότερόν
1443 1743 1595 1794 ποτε,
1618 1727 1874 1799 καθάπερ

282 1806 446 1875 ὑμεῖς
471 1824 632 1877 φατε,
670 1810 871 1880 μείζων
904 1806 972 1883 ἦν
999 1813 1085 1867 ἀεὶ
1113 1815 1141 1867 6
1176 1814 1366 1886 Πατὴρ
1400 1815 1493 1869 τοῦ
1521 1816 1677 1882 Υίοῦ,
1710 1817 1743 1888 ἢ
1778 1816 1873 1886 γέ-

279 1914 441 1965 γονεν
465 1898 725 1971 ὖστερονς
762 1903 825 1956 Ei
863 1904 963 1975 μὲν
990 1900 1083 1958 οὖν
1117 1905 1261 1960 κατά
1289 1924 1410 1961 τινα
1436 1908 1630 1980 χρόνον
1665 1907 1870 1979 μείζων

277 1989 534 2057 ἐφαίνετο
561 1992 656 2045 τοῦ
676 1991 829 2059 Υἱοῦ,
862 1996 1201 2066 προσγέγονι
1216 2014 1269 2051 τι
1293 1997 1373 2069 τῷ
1395 1999 1514 2071 Θεῷ
1543 2000 1633 2054 καὶ
1656 2001 1833 2073 Πατρί
1850 2018 1865 2033 ⁸

277 2079 374 2133 καὶ
390 2079 421 2133 δ
441 2080 520 2152 μὴ
542 2082 809 2155 πρότερον
837 2086 1081 2157 ὑπῆρχεν
1108 2087 1277 2160 αὐτῷ,
1305 2088 1402 2143 νῦν
1426 2088 1566 2161 ἔχων
1593 2091 1865 2161 φαίνεταγ

276 2170 399 2235 πῶς
428 2167 522 2225 οὖν
564 2173 771 2238 τέλειος
809 2171 877 2247 ἦν
913 2178 942 2231 6
979 2177 1168 2232 τούτου
1211 2179 1534 2251 λειπόμενος
1565 2181 1622 2249 ἐξ
1657 2183 1867 2253 ἀρχῆς

288 2262 434 2317 Ἀλλ’
455 2259 527 2336 ἦν
554 2266 643 2319 ἀεὶ
672 2266 898 2333 τέλειος,
930 2270 1030 2323 οὑκ
1058 2271 1167 2341 ἄρα
1189 2270 1434 2325 ἐλείπετο
1467 2273 1561 2326 τοῦ
1588 2274 1864 2343 μείζονος·

272 2348 344 2425 ἦν
377 2354 436 2408 δὲ
470 2356 557 2409 ἀεὶ
588 2355 766 2425 τοῦτο,
803 2358 928 2412 καθ’
959 2360 1123 2430 ὑμᾶς.
1143 2360 1305 2427 Ἀλλ’,
1340 2355 1386 2415 ὦ
1418 2360 1705 2432 βέλτιστοι,
1742 2379 1869 2416 συν-

272 2446 441 2517 ορᾶτε
486 2446 549 2518 δή
599 2464 702 2501 που
755 2448 850 2503 καὶ
897 2449 1057 2521 ὑμεῖς
1086 2452 1168 2504 ὅτι
1201 2451 1291 2506 διὰ
1320 2452 1381 2505 τὸ
1410 2452 1631 2507 ἔλαττον
1666 2454 1761 2509 καὶ
1808 2454 1871 2507 τὸ

276 2536 467 2607 μεῖζον
515 2537 644 2609 ὑμῖν
687 2539 928 2609 εὐλόγως
977 2540 1331 2609 κινδυνεύσει,
1383 2547 1477 2597 κα)⁵
1526 2543 1870 2614 δειχθήσεται

272 2628 463 2684 λοιπὸν
487 2630 655 2695 ἕωλος
689 2632 845 2703 ὑμῶν
878 2635 911 2706 ἡ
940 2634 1225 2706 πρότασις.
1258 2636 1333 2690 Τὸ
1362 2636 1472 2705 γὰρ
1515 2637 1699 2708 μεῖζόν
1723 2655 1869 2704 τινος

273 2720 591 2791 λεγόμενον,
622 2723 722 2777 οὐκ
750 2723 815 2778 ἂν
847 2725 931 2796 εἴη
962 2727 1170 2797 μεῖζον,
1205 2727 1280 2798 μὴ
1325 2728 1515 2799 ἑτέρου
1550 2730 1697 2793 τινὸς
1728 2730 1869 2785 πάν-

272 2828 385 2877 τως
415 2815 822 2886 παρακειμένου
853 2818 948 2870 καὶ⁵
974 2817 1276 2883 ἐλάττονος,
1319 2819 1456 2889 πρὸς
1483 2820 1511 2873 6
1543 2820 1607 2891 δὴ
1645 2822 1739 2875 καὶ
1770 2839 1872 2893 με·

272 2903 600 2977 τροὺμενον,
637 2905 823 2978 μεῖζον
856 2908 933 2973 ὠς
961 2909 1097 2981 πρὸς
1130 2910 1264 2964 αὑτδ
1293 2912 1568 2981 φαίνεται.
1598 2914 1661 2967 Ei
1687 2914 1871 2969 τοίνυν

271 2996 363 3051 ἀεὶ
410 2997 618 3069 μείζων
652 2995 719 3071 ἦν
752 3002 993 3074 ὁΠατὴρ
1030 3002 1127 3057 τοῦ
1155 3003 1305 3070 Υίοῦ,
1339 3006 1555 3078 ἀνάγκη
1599 3008 1755 3062 πᾶσα
1778 3010 1872 3063 τὸν

270 3088 406 3145 Υίδν
458 3093 906 3163 συνεισφέρεσθαι
947 3094 1025 3166 τῷ
1071 3097 1265 3168 Πατρὶ,
1307 3098 1443 3169 πρὸς
1482 3099 1541 3152 ὃν
1589 3100 1685 3165 ὼς,
1737 3102 1872 3156 καθ’

271 3181 442 3254 ὑμᾶς,
471 3183 731 3239 ἐλάττονα
746 3185 875 3239 ὄντα
898 3188 1349 3259 συγκρινόμενος,
1372 3189 1574 3259 μείζων
1592 3192 1866 3262 ἐφαίνετο.

1985 732 2075 797 rit,
2103 732 2373 817 siquidem
2412 734 2547 789 nihil
2574 735 2755 791 minus
2781 743 2878 791 aut
2906 734 3285 807 imperfectum
3315 752 3398 794 est
3427 739 3479 795 in
3506 755 3572 796 eo

1981 825 2075 897 qui
2107 826 2434 883 naturaliter
2462 825 2603 885 Deus
2631 836 2738 897 est,
2767 829 2872 885 hoc
2899 836 2982 885 est
3013 827 3067 883 in
3097 826 3258 883 Filio.

2653 1132 2887 1191 ALIUD.

2050 1272 2250 1345 Hostes
2278 1272 2484 1329 Christi
2516 1272 2781 1343 majorem
2817 1271 2980 1327 Patre
3006 1271 3205 1328 Filium
3238 1286 3357 1327 esse
3386 1269 3576 1327 dicunt

1977 1367 2217 1437 graviter
2240 1365 2699 1437 blasphemantes,
2724 1374 2779 1421 et
2806 1381 2912 1421 non
2938 1364 3326 1437 intelligentes,
3352 1372 3410 1418 ut
3432 1364 3573 1420 scri-

1976 1468 2129 1530 ptum
2159 1465 2244 1513 est
2265 1459 2336 1523 ”,
2365 1471 2544 1528 neque
2568 1471 2632 1512 ea
2662 1472 2783 1527 quae
2814 1457 3032 1523 dicunt,
3065 1471 3242 1526 neque
3269 1471 3390 1526 qua:
3420 1469 3571 1511 asse-

1975 1558 2187 1604 verant.
2222 1548 2493 1615 Quocirca
2530 1562 2722 1603 rursus
2759 1547 2975 1605 illorum
3015 1547 3245 1604 insaniae
3278 1547 3570 1603 veritatem

1974 1650 2333 1712 opponentes,
2368 1654 2464 1696 eos
2501 1634 2981 1713 inter‘rogabimus.
3016 1640 3190 1695 Dicite
3226 1639 3406 1707 nobis,
3442 1639 3572 1694 boni

1976 1732 2127 1797 viri,
2149 1732 2345 1788 Fuitne
2393 1746 2610 1803 semper
2639 1732 2830 1803 major,
2861 1740 2922 1788 ut
2962 1747 3057 1788 vos
3088 1731 3399 1802 loquimini,
3431 1729 3591 1786 Filio

1976 1822 2160 1891 Pater,
2193 1839 2259 1878 an
2296 1823 2584 1894 postmodo
2615 1824 2668 1879 id
2703 1822 2882 1879 factus
2914 1823 3041 1878 est?
3068 1822 3202 1878 Nam
3242 1823 3289 1877 si
3326 1831 3572 1889 tempore

1972 1914 2156 1985 aliquo
2182 1914 2353 1982 major
2372 1912 2511 1970 Filio
2535 1913 2761 1970 eﬂ'ectus
2784 1923 2890 1981 est,
2913 1914 3147 1970 accessit
3176 1913 3341 1984 igitur
3364 1912 3573 1983 aliquid

1973 2007 2083 2062 Deo
2120 2021 2184 2061 ac
2220 2005 2370 2061 Patri
2410 1990 2520 2063 :‘et
2559 2005 2703 2076 quod
2742 2015 2903 2060 antea
2942 2005 2993 2061 ei
3032 2020 3138 2062 non
3177 2005 3382 2066 inerat.
3424 2018 3574 2060 nunc

1973 2098 2177 2155 habere
2201 2098 2478 2166 cernitur;
2506 2098 2782 2169 quomodo
2811 2096 2978 2165 igitur
3003 2096 3283 2166 perfectus
3311 2104 3451 2161 erat,
3481 2094 3572 2151 cui

1972 2192 2026 2247 id
2069 2193 2137 2247 ab
2180 2192 2337 2246 initio
2371 2190 2596 2246 deerat?
2628 2190 2795 2261 Atqui
2832 2204 3052 2260 semper
3083 2196 3204 2245 erat
3244 2186 3517 2259 perfectus
3553 2203 3569 2241 :

1972 2300 2079 2339 non
2109 2284 2277 2354 igitur
2297 2284 2476 2338 caruit
2502 2283 2712 2353 majore
2737 2302 2751 2336 :
2781 2296 2997 2351 semper
3019 2280 3167 2335 enim
3195 2280 3248 2334 id
3274 2286 3393 2333 erat
3413 2278 3572 2348 juxta

1973 2390 2089 2431 vos.
2118 2374 2385 2429 Caeterum
2416 2374 2609 2429 videtis
2641 2374 2805 2429 etiam
2836 2388 2931 2428 vos
2963 2386 3060 2442 per
3090 2372 3272 2426 minus
3304 2379 3359 2426 et
3389 2370 3571 2438 majus

1973 2466 2295 2537 periclitari,
2332 2480 2640 2536 vanamque
2671 2464 3011 2534 deprehendi
3047 2473 3286 2518 vestram
3319 2461 3571 2533 proposi-

1975 2562 2200 2615 tionem.
2240 2560 2396 2627 Quod
2437 2559 2582 2613 enitn
2632 2556 2808 2627 majus
2852 2558 3035 2625 aliquo
3078 2555 3297 2620 dicitur,
3339 2569 3448 2609 non
3499 2552 3573 2608 sit

1973 2652 2181 2723 majus,
2210 2652 2314 2705 nisi
2347 2652 2493 2706 aliud
2523 2649 2802 2721 quidpiam
2830 2648 2975 2721 quod
3007 2648 3189 2703 minus
3218 2648 3290 2703 sit
3323 2660 3573 2717 appona-

1975 2755 2085 2808 tur,
2120 2745 2186 2797 ad
2228 2744 2370 2812 quod
2412 2742 2665 2797 collatum
2707 2740 2880 2809 majus
2916 2754 2983 2796 eo
3019 2748 3300 2810 appareat.
3342 2738 3398 2794 Si
3438 2752 3572 2807 ergo

1971 2829 2133 2883 Pater
2159 2845 2372 2901 semper
2398 2828 2500 2884 fuit
2529 2830 2700 2902 major
2725 2829 2883 2895 Filio,
2914 2829 3286 2885 necessarium
3314 2827 3424 2900 93
3454 2844 3571 2885 om-

1974 2922 2106 2977 nino
2129 2932 2212 2977 est
2235 2933 2294 2977 ut
2316 2938 2421 2976 una
2443 2938 2567 2978 cum
2592 2921 2754 2977 Patre
2777 2921 3046 2977 inferatur
3065 2919 3264 2988 Filius,
3287 2923 3354 2975 ad
3380 2936 3566 2990 quem,

1974 3018 2271 3070 secundum
2314 3026 2555 3071 vestram
2596 3015 2932 3086 opinionem,
2974 3023 3348 3084 comparatus,
3395 3017 3572 3084 major

1973 3107 2242 3177 apparuit.
2276 3106 2333 3161 Si
2366 3123 2519 3177 ergo,
2555 3118 2613 3162 ut
2644 3121 2738 3163 vos
2772 3106 3093 3176 opinamini,
3130 3104 3254 3160 ideo
3289 3102 3455 3159 Pater
3483 3112 3572 3159 est

1975 3199 2150 3267 major
2180 3197 2351 3264 Filio,
2386 3200 2512 3268 quia
2544 3198 2635 3252 ille
2663 3198 2731 3252 ab
2761 3207 2969 3251 aeterno
2999 3207 3149 3262 erat,
3180 3197 3272 3252 hic
3302 3211 3429 3251 vero
3461 3211 3569 3252 nou

270 3275 338 3329 Εί
364 3275 570 3342 τοίνυν,
606 3275 749 3330 κατὰ
792 3278 892 3347 τὴν
941 3279 1215 3351 ὑμετέραν
1263 3282 1551 3353 πρότασιν,
1581 3284 1670 3338 διὰ
1707 3284 1867 3339 τοῦτο

1974 3291 2122 3355 item,
2155 3306 2277 3345 cum
2309 3290 2421 3360 jam
2456 3300 2737 3345 emensum
2769 3291 2842 3343 sit
2873 3303 2997 3343 eum
3031 3302 3250 3359 semper
3305 3303 3430 3342 cum
3469 3287 3569 3342 Pa-

274 3366 482 3439 μείζων
529 3369 679 3423 ἐστὶν
722 3371 752 3423 6
803 3369 993 3442 Πατὴρ
1024 3372 1120 3425 τοῦ
1155 3371 1310 3437 Υίοῦ,
1357 3376 1659 3447 ἐπειδήπερ
1704 3376 1867 3450 αὐτὸς

268 3461 460 3524 ἀῖδίως
496 3461 595 3531 μὲν
626 3457 762 3532 ἦν,ό
788 3459 845 3513 δὲ
872 3461 999 3526 Υἱὸς
1025 3462 1125 3533 οὑχ
1153 3461 1349 3528 οὕτως,
1378 3465 1567 3538 ἐπειδὴ
1596 3464 1866 3520 δέδεικται

270 3553 450 3607 συνὼν
480 3553 567 3607 ἀεὶ
588 3554 683 3607 καὶ
712 3554 1076 3627 συνυπάρχων
1103 3553 1181 3626 τῷ
1206 3556 1402 3626 “arpi,
1425 3558 1525 3610 οὐκ
1546 3556 1700 3611 ἔσται
1725 3558 1869 3612 κατά

266 3663 321 3700 τι
349 3646 483 3715 γοῦν
517 3646 778 3708 ἐλάττων,
809 3645 843 3716 ἢ
883 3646 1222 3717 ὲτεροοὺσιος
1265 3642 1530 3720 αὑτοῦ.ᾯ
1565 3648 1673 3720 γὰρ
1722 3648 1868 3719 λόγῳ

269 3738 347 3811 μὴ
380 3736 558 3792 συνὼν
584 3737 912 3792 ἀπελείπετο
951 3739 1053 3810 τῆς
1097 3740 1362 3813 ίσότητος,
1394 3740 1474 3812 τῷ
1513 3741 1661 3813 αὑτῴ
1703 3743 1867 3797 πάλιν

267 3832 367 3885 καὶ
412 3831 472 3899 ἐξ
509 3832 875 3904 ἁντιστροφῆς
904 3831 1069 3904 λόγῳ,
1102 3833 1289 3906 ἐπειδὴ
1330 3836 1689 3908 συνυπάρχει,
1732 3838 1868 3897 κατ’

266 3923 461 3979 οὐδένα
492 3924 693 3995 τρόπον
737 3924 1219 3996 ἀπολειφθήσεται.
1240 3926 1364 3980 Ἐπὶ
1390 3926 1447 3981 δὲ
1477 3927 1589 3982 τῶν
1614 3928 1868 4000 ἀλλήλοις

268 4017 414 4070 κατὰ
454 4016 634 4071 πάντα
672 4018 1071 4088 προσεοικότων
1101 4018 1370 4088 φυσικῶς,
1404 4022 1499 4073 καὶ
1529 4021 1751 4091 μεγέθει
1788 4023 1865 4094 μὴ

270 4109 682 4186 μετρουμένων,
713 4109 816 4165 ποῦ
853 4111 1096 4183 χωρήσει
1127 4111 1405 4184 τὸμεϊζον
1452 4114 1548 4167 καὶ
1589 4115 1650 4167 τὸ
1704 4113 1861 4169 ἔλατ-

266 4218 359 4257 τον
379 4220 396 4270 ;

968 4341 1169 4396 ΔΛΛΟ.

338 4480 403 4534 Εἰ
432 4477 634 4549 μείζων
663 4478 692 4530 6
722 4477 913 4549 Πατὴρ
941 4477 1034 4531 τοῦ
1065 4478 1220 4543 Υίοῦ,
1262 4479 1404 4533 κατὰ
1448 4482 1545 4552 τὴν
1588 4483 1863 4553 ὑμετέραν

265 4573 555 4642 πρότασιν,
610 4563 656 4623 ὧ
695 4568 1073 4641 χριστομάχοι,
1129 4570 1245 4633 πῶς
1289 4570 1438 4642 αὑτῴ
1487 4572 1585 4644 τὴν
1638 4575 1863 4644 ἰσότητα

266 4664 481 4728 Παῦλος
527 4663 839 4727 ἀποδίδωσι,
872 4664 1045 4733 λέγων
1065 4680 1078 4695 ·
1114 4667 1246 4728 «⁸ος
1272 4667 1329 4719 ὲν
1364 4668 1546 4736 μορφῇ
1583 4665 1720 4719 Θεοῦ
1755 4668 1861 4720 ὑπ-
1894 4650 1940 4704 Ῑ)

264 4757 473 4826 ἅρχων,
504 4757 603 4824 οὐχ
649 4755 942 4827 ἁρπαγμὸν
981 4758 1226 4827 ἡγήσατο
1264 4758 1325 4810 τὸ
1370 4754 1505 4811 εἶναι
1560 4758 1649 4811 ἴσα
1697 4759 1816 4830 Θεῷ
1846 4776 1859 4789 ⁸

263 4847 380 4903 ἀλλ’
410 4848 604 4901 ἑαυτὸν
635 4850 893 4911 ὲκένωσε,
924 4850 1137 4921 μορφὴν
1168 4850 1355 4903 δοὺλου
1390 4850 1591 4916 λαϐὼν,
1615 4853 1708 4905 καί⁵
1731 4856 1861 4924 σχή-

267 4959 401 5012 ματι
439 4940 689 5011 εὑρεθεὶς
716 4941 792 5004 ὡς
823 4941 1129 5012 ἄνθρωπος,
1166 4943 1532 4996 ἐταπείνωσεν
1570 4945 1796 5009 ἑαυτὸν;
1833 4962 1851 4995 ›

264 5032 330 5085 Εἰ
355 5029 538 5084 τοίνυν
561 5032 591 5084 6
619 5034 717 5101 τῆς
750 5030 1217 5103 ὲνανθρωπήσεως
1242 5033 1443 5102 τρόπος
1472 5033 1569 5106 τὴν
1596 5035 1859 5088 ταπείνω-

266 5139 354 5175 σιν
382 5122 518 5192 ἔχει,
548 5123 642 5176 καὶ
669 5122 767 5200 τὴν
797 5122 1097 5196 λεγομένην
1129 5124 1318 5178 ἐνθάδε
1358 5125 1608 5191 κένωσιν,
1642 5127 1853 5199 ἀνάγκη

265 5214 418 5266 πᾶσα
469 5212 738 5277 σώζεσθαι
768 5213 828 5266 τὸ
853 5214 1055 5268 τέλειον
1081 5215 1158 5286 τῷ
1189 5215 1303 5287 Υίῴ
1334 5219 1457 5270 κατ’
1492 5218 1714 5288 ἰσότητα
1756 5218 1857 5288 τὴν

262 5303 405 5375 πρὸς
436 5304 530 5357 τὸν
558 5304 692 5357 Θεὸν
726 5307 819 5359 καὶ
852 5307 1070 5378 Πατέρα
1102 5308 1207 5378 πρὸ
1238 5310 1338 5378 τῆς
1369 5310 1854 5383 ὲνανθρωπήσεως.

275 5396 563 5451 Ἐντεῦθεν
594 5396 703 5467 γὰρ
734 5399 866 5468 ἡμῖν
893 5403 1142 5467 φανεῖται
1183 5402 1277 5454 καὶ
1323 5403 1356 5472 ἡ
1407 5403 1755 5468 ταπείνωσις.
1792 5405 1856 5458 Εί

264 5487 379 5557 γὰρ
405 5483 473 5558 ἦν
500 5487 740 5542 ἐλάττων
763 5490 824 5557 ἐξ
853 5491 1049 5545 ἑαυτοῦ
1074 5495 1172 5547 καὶ
1194 5494 1298 5565 πρὸ
1323 5495 1421 5565 τῆς
1451 5498 1853 5564 ταπεινώσεως,

264 5583 362 5633 ποῖ
387 5582 452 5651 δὴ
483 5581 594 5652 ἄρα
646 5582 1043 5657 καταδεσηκὼς
1068 5587 1384 5660 ὀφθήσεται,
1423 5591 1517 5645 καὶ
1547 5591 1629 5656 τίς
1668 5594 1798 5664 ἡμῖν
1830 5594 1857 5645 6

266 5674 369 5744 τῆς
397 5674 784 5741 ταπεινώσεως
810 5679 1040 5749 τρόπος;

346 5854 387 5885 ³⁸
424 5853 441 5907 l
473 5853 709 5912 Timotb.
746 5871 784 5928 ι,
816 5856 867 5913 7.
948 5860 991 5891 ³³
1021 5857 1253 5932 Philipp.
1286 5878 1344 5931 tt,
1383 5862 1433 5933 ii,
1470 5863 1519 5918 7.

1972 3391 2056 3437 tre
2085 3383 2357 3437 exsistere
2388 3400 2402 3436 :
2434 3397 2540 3438 non
2572 3382 2679 3436 erit
2708 3391 2855 3436 certe
2886 3382 3186 3435 secundum
3221 3378 3429 3449 aliquid
3465 3379 3569 3433 mi-

1970 3491 2091 3542 nor,
2130 3485 2223 3529 ant
2259 3475 2492 3530 diversa:
2528 3474 2597 3529 ab
2630 3489 2697 3529 eo
2732 3472 3009 3528 essentire.
3048 3470 3248 3526 Eadem
3286 3471 3433 3526 enim
3470 3486 3563 3525 ra-

1970 3570 2119 3623 ιὶοιιο
2148 3583 2254 3637 qua
2288 3568 2574 3638 probatur,
2605 3568 2649 3621 si
2685 3582 2790 3620 una
2822 3580 2946 3620 eum
2980 3562 3143 3619 Patre
3174 3579 3281 3618 non
3312 3563 3563 3629 exsistit,

1969 3658 2037 3713 ab
2074 3657 2385 3726 aequalitate
2420 3655 2656 3711 deiicere
2698 3674 2711 3710 :
2749 3657 2939 3709 eadem
2976 3653 3143 3710 etiam
3185 3667 3253 3708 ex
3296 3652 3565 3715 adverso,

1969 3752 2095 3823 quia
2132 3766 2239 3805 una
2277 3766 2401 3807 cum
2442 3750 2604 3805 Patre
2636 3749 2878 3812 exsistit,
2914 3746 3062 3802 nullo
3103 3744 3264 3816 plane
3298 3743 3460 3798 modo
3495 3744 3565 3798 ab

1966 3862 2031 3903 eo
2070 3846 2254 3915 dispar
2286 3844 2414 3900 erit.
2451 3842 2511 3897 1n
2552 3843 2621 3898 iis
2651 3857 2780 3897 vero
2818 3856 2938 3911 quze
2975 3855 3073 3910 per
3104 3838 3289 3893 omnia
3328 3838 3469 3891 inter
3503 3850 3565 3891 se

1968 3921 2292 3993 naturaliter
2319 3935 2518 3991 similia
2560 3941 2731 4001 sunt,
2761 3942 2817 3988 et
2855 3931 3227 4003 magnitudine
3260 3944 3367 3984 non
3404 3943 3559 3982 mett-

1966 4038 2250 4097 surantur,
2281 4039 2441 4099 quem
2480 4025 2658 4081 locum
2693 4024 2915 4080 habebit
2948 4022 3123 4093 majus
3153 4032 3210 4079 et
3248 4018 3471 4078 minus?

2655 4341 2879 4399 ALIUD.

2040 4479 2097 4535 Si
2142 4478 2306 4534 Pater
2344 4476 2518 4545 major
2556 4487 2637 4533 est
2679 4476 2848 4541 Filio,
2888 4475 3185 4530 secundum
3225 4484 3497 4543 vestram,
3530 4490 3563 4531 ο

1963 4573 2150 4629 hostes
2180 4571 2416 4637 Christi,
2451 4570 2879 4640 prepositioneni
2901 4609 2914 4631 ,
2948 4583 3056 4638 quo
3088 4578 3248 4638 pacto
3279 4567 3560 4623 Paulus’ei

1964 4668 2328 4737 mqttalitatem
2378 4664 2597 4729 tribuit,
2643 4664 2827 4719 dicens
2866 4682 2878 4717 :
2931 4681 2949 4714 ι
2996 4662 3099 4730 Qui
3145 4662 3197 4715 in
3244 4661 3418 4716 forma
3468 4663 3561 4717 Dei

1966 4762 2271 4827 exsistens,
2304 4774 2408 4813 non
2438 4758 2681 4827 rapinam
2712 4757 3009 4811 arbitratus
3035 4765 3115 4810 est
3146 4770 3203 4809 se
3229 4770 3350 4809 esse
3376 4770 3563 4824 mqua-

1967 4856 2071 4909 lem
2105 4852 2246 4917 Deo,
2279 4853 2373 4905 sed
2405 4852 2641 4920 seipsum
2674 4849 3004 4912 exiuanivit,
3039 4846 3269 4901 formam
3299 4846 3438 4901 servi
3473 4861 3564 4900 ac-

1966 4945 2205 5015 cipiens,
2236 4954 2400 5013 atque
2432 4942 2617 4996 habitu
2650 4941 2902 4994 inventus
2934 4948 2991 4993 ut
3024 4938 3218 5001 homo,
3252 4934 3563 4991 ltumiliavit

1966 5035 2305 5107 seipsum"?
2350 5055 2369 5087 ι
2418 5035 2476 5089 Si
2522 5048 2652 5104 ergo
2691 5030 3083 5086 incarnationis
3128 5030 3339 5083 ratione
3382 5027 3563 5082 humi-

1969 5131 2131 5185 liatus
2166 5139 2328 5197 atque
2363 5127 2676 5183 exinanitus
2708 5124 2928 5189 dicitur,
2965 5136 3187 5177 necesse
3220 5119 3445 5174 onmiuo
3477 5125 3563 5171 est

1966 5235 2025 5277 ut
2052 5221 2314 5292 perfectio
2341 5219 2462 5274 Filii
2492 5217 2818 5278 retineatur,
2846 5213 3058 5267 ratione
3083 5210 3413 5282 mqualitatis
3441 5224 3561 5277 qua:

1964 5320 2011 5373 ei
2046 5332 2168 5372 cum
2207 5315 2314 5370 Deo
2348 5323 2401 5367 ct
2434 5311 2592 5365 Patre
2627 5307 2912 5363 intercedit
2945 5314 3070 5361 ante
3106 5304 3556 5359 incarnationem.

1968 5413 2104 5467 llinc
2138 5411 2283 5466 enim
2318 5417 2371 5463 et
2406 5405 2711 5462 butniliatio
2744 5419 2773 5458 a
2812 5405 2970 5458 nobis
3008 5408 3387 5472 cognoscatur.
3423 5395 3557 5450 Nam

1965 5505 2012 5560 si
2044 5520 2140 5574 per
2169 5518 2227 5558 se
2256 5504 2436 5557 minor
2461 5511 2580 5557 erat
2605 5502 2769 5557 etiam
2800 5508 2926 5553 ante
2955 5492 3384 5551 incarnationem
3407 5530 3422 5552 ,
3451 5502 3559 5557 quo

1967 5607 2128 5666 pacto
2158 5596 2512 5651 descendisse
2540 5603 2817 5659 ccrnetur,
2850 5600 2941 5646 aut
2968 5601 3217 5659 quamam
3247 5583 3353 5641 erit
3381 5580 3558 5637 itumi-

1968 5689 2206 5746 liationis
2240 5687 2416 5743 ratio?
