4048 6420
499 393 601 446 155

570 620 623 671 Si
662 633 755 686 per
787 617 1090 685 passionem
1128 616 1318 671 mortis
1354 617 1692 671 imminutum
1727 617 1908 672 Jesum
1943 633 2063 671 cer-

501 710 710 769 nimus,
746 707 897 775 juxta
941 709 1086 762 Pauli
1125 723 1309 762 vocem
1333 709 1397 774 “,
1434 725 1559 778 ergo
1595 719 1720 762 ante
1756 711 2067 776 passionem

502 801 678 854 minus
715 801 766 853 in
807 802 920 868 ipso
959 815 1060 853 non
1097 811 1233 854 erat.
1269 800 1400 854 Cum
1438 817 1562 854 vero
1601 801 1687 855 hic
1723 802 1899 864 dicat,
1939 816 2060 869 per-

500 889 698 944 fectum
726 892 894 960 ipsum
923 907 1039 945 esse
1065 907 1284 946 necesse
1308 902 1410 946 est.
1435 893 1566 946 Cum
1593 903 1768 947 autem
1797 893 2069 962 perfectus

502 982 573 1034 sit
604 981 784 1045 FlliUS,
816 992 868 1036 et
901 981 1211 1050 perfectioni
1246 981 1422 1037 Patris
1452 984 1781 1052 adaequatus,
1818 995 1965 1037 certe
1997 984 2063 1036 il-

502 1071 592 1126 lud
620 1074 991 1128 haereticorum
1018 1075 1212 1137 minus,
1243 1073 1415 1128 locum
1451 1075 1503 1128 in
1536 1077 1652 1144 ipso
1685 1090 1789 1129 non
1823 1075 2061 1129 habebit.

1167 1275 1394 1330 ALIUD.

569 1407 785 1473 Paulus,
824 1408 1120 1464 testiﬁcans
1148 1412 1512 1479 mqualitatem
1532 1427 1648 1481 qua:
1669 1411 1804 1466 Filio
1822 1427 1939 1467 cum
1971 1413 2068 1465 Pa-

501 1508 580 1552 tre
624 1499 929 1563 intercedit,
966 1501 1160 1553 alicubi
1207 1501 1277 1552 ita
1327 1502 1498 1570 inquit
1537 1521 1547 1554 :
1593 1521 1610 1553 ι
1652 1502 1750 1568 Qui
1799 1505 1849 1556 in
1897 1504 2065 1557 forma

497 1589 672 1643 Patris
706 1591 971 1645 exsistens
1007 1607 1108 1645 non
1149 1594 1385 1662 rapinam
1422 1596 1712 1649 arbitratus
1747 1606 1826 1649 est
1862 1611 1917 1648 se
1951 1611 2068 1649 esse

498 1681 757 1749 :equalem
790 1683 914 1736 lleo.
952 1703 969 1734 ι
1006 1684 1142 1737 Dicit
1175 1701 1303 1740 vero
1331 1688 1492 1740 etiam
1523 1688 1693 1755 ipsum
1727 1689 2066 1740 imminutum

500 1775 666 1827 fuisse
711 1789 806 1844 per
841 1777 1140 1844 passionem
1183 1780 1392 1833 mortis.
1432 1781 1563 1833 Cum
1607 1781 1770 1849 igitur
1807 1781 1918 1834 ﬁeri
1963 1797 2065 1835 non

1521 389 1574 442 S.
1620 387 1884 454 CTHHLI
1925 388 2390 445 ALEXANDRIM
2433 390 2748 446 ARCIIIEP.
3637 393 3743 448 156

1165 503 1390 558 ALIUD.
2092 512 2136 566 Δ

2848 504 3046 559 AAAO.

2239 618 2297 669 Εἰ
2326 617 2412 669 διὰ
2445 617 2503 670 τὸ
2537 614 2762 685 πάθημα
2791 616 2886 669 τοῦ
2922 616 3150 670 θανάτου
3193 617 3459 688 βλέπομεν
3497 618 3739 686 ἠλαττω-

2169 709 2325 778 μένον
2356 709 2444 760 τὸν
2489 707 2712 775 Ἰησοῦν,
2749 710 2889 762 κατὰ
2913 710 3013 780 τὴν
3045 709 3138 761 τοῦ
3166 709 3378 762 Παύλου
3415 711 3617 780 φωνὴν,
3638 711 3743 779 πρὸ

2165 797 2258 848 τοῦ
2288 796 2492 860 πάθους
2514 797 2622 866 ἄρα
2649 797 2710 848 τὸ
2744 796 2962 850 ἔλαττον
2991 797 3091 850 οὐκ
3115 793 3183 867 ἧν
3206 799 3262 850 ὲν
3296 799 3463 867 αὐτῷ.
3483 799 3744 861 Εἰπόντος

2165 887 2222 939 δὶ
2261 886 2467 949 τούτου,
2485 888 2546 938 τὸ
2569 883 2706 939 εἶναι
2731 886 2940 939 τέλειον
2973 888 3137 940 αὑτὸν
3165 887 3456 941 εἰσϐαίνειν
3499 890 3738 960 ἀνάγκη.

2215 979 2380 1042 ἕλειος
2417 981 2473 1032 δὲ
2503 979 2577 1031 ὢν
2615 981 2642 1032 6
2679 979 2825 1042 Υἱὸς,
2859 979 2950 1032 καὶ
2973 981 3040 1048 τῇ
3077 979 3169 1032 τοῦ
3209 979 3420 1049 Πατρδς
3444 979 3741 1048 τελειότητι

2167 1070 2588 1139 παρισούμενος,
2618 1069 2716 1122 οὐκ
2743 1068 3045 1134 ὲπιδέξεται
3079 1068 3322 1138 δηλονότι
3343 1068 3451 1122 τῶν
3469 1068 3740 1137 ἀνομοίων

2167 1161 2227 1214 τὸ
2257 1161 2527 1216 ἔλαττον.

2847 1274 3054 1328 ΛΑΜ).

2237 1410 2348 1480 Τὴν
2379 1411 2595 1478 ἰσότητα
2624 1409 2699 1479 τῷ
2728 1409 2842 1478 Υἱῷ
2888 1406 3330 1478 προσμαρτυρῶν
3358 1408 3388 1461 6
3422 1406 3637 1472 Παῦλος
3682 1408 3748 1478 ἢν

2169 1503 2279 1573 ἔχει
2329 1505 2462 1575 πρὸς
2513 1503 2600 1554 τὸν
2646 1501 2894 1571 Πατέρα,
2933 1500 3066 1569 φησί
3102 1516 3203 1552 που
3238 1498 3455 1566 σαφῶς·
3511 1501 3643 1562 ι’ος
3693 1501 3752 1551 ἐν

2172 1593 2350 1660 μορφῇ
2404 1589 2537 1641 Θεοῦ
2585 1589 2864 1658 ὑπάρχων,
2906 1589 3003 1657 οὐχ
3055 1588 3350 1656 ἁρπαγμὸν
3401 1589 3650 1658 ἡγήσατο
3690 1589 3753 1640 τὸ

2169 1678 2305 1733 εῖναι
2337 1683 2426 1733 ῐσα
2451 1680 2588 1749 Θεῷ.
2626 1700 2642 1732 s
2701 1681 2862 1747 Λέγει
2887 1680 2944 1732 δὲ
2976 1679 3139 1732 αὑτὸν
3171 1680 3264 1731 καὶ
3291 1679 3636 1748 ὴλαττῶσθαι
3663 1679 3753 1733 διὰ

2170 1771 2230 1822 τὸ
2261 1770 2488 1839 πάθημα
2519 1770 2611 1822 τοῦ
2648 1770 2901 1823 Θανάτου.
2939 1771 3052 1823 Οὐκ
3089 1771 3437 1840 ἐνδεχομένου
3461 1769 3754 1841 τοιγαροῦν

498 1866 667 1933 possit
709 1876 762 1918 ut
808 1868 871 1921 de
913 1883 1018 1922 uno
1060 1878 1222 1938 atque
1263 1871 1450 1924 eodem
1495 1872 1657 1924 simul
1698 1873 2066 1942 signiﬁcentur

2187 1864 2249 1931 φ’
2282 1863 2398 1923 ἑνὸς
2439 1864 2532 1916 καὶ
2568 1863 2660 1914 τοῦ
2698 1861 2864 1915 αὑτοῦ
2897 1863 3260 1932 σημαίνεσθαι
3285 1862 3421 1932 ὁμοῦ
3455 1863 3516 1915 τό
3544 1878 3602 1914 τε
3629 1862 3753 1931 μεῖ-

498 1957 668 2026 majns
709 1968 764 2012 et
811 1960 988 2014 minus
1035 1963 1391 2028 naturaliter;
1443 1967 1789 2032 qumrettdum
1838 1974 1918 2018 est
1961 1981 2067 2032 quo

498 2058 654 2116 pacto
690 2059 976 2118 utrumque
1012 2051 1062 2105 in
1106 2053 1211 2106 Deo
1248 2054 1422 2108 Verbo
1461 2056 1746 2117 tuebimur,
1785 2067 1838 2110 et
1877 2059 1927 2110 in
1966 2074 2070 2111 uno

496 2154 557 2192 ac
593 2140 706 2194 solo
742 2144 846 2195 duo
880 2144 989 2196 hare
1024 2145 1126 2197 sita
1163 2159 1281 2197 esse
1315 2155 1637 2199 statuemus.
1668 2147 1777 2218 94
1810 2147 2067 2213 Quocirca

496 2240 762 2297 quatenus
799 2244 986 2286 natura
1025 2250 1118 2288 sua
1159 2234 1298 2289 Deus
1331 2246 1432 2299 est,
1465 2237 1690 2306 arqualis
1721 2250 1802 2292 est
1839 2240 1944 2293 Deo
1977 2241 2066 2309 qui

497 2337 617 2376 cum
653 2325 870 2394 genuit;
907 2336 1172 2395 quatenus
1200 2343 1328 2382 vero
1358 2329 1529 2383 factus
1558 2342 1639 2385 est
1669 2331 1860 2395 homo,
1896 2331 2073 2385 itumi-

499 2427 659 2470 nutus
682 2431 799 2470 esse
820 2418 1033 2472 dicitur.
1055 2421 1110 2473 Si
1135 2421 1254 2489 quis
1279 2432 1455 2476 autem
1481 2439 1509 2476 a
1537 2425 1766 2478 naturali
1790 2425 1906 2493 ejus
1929 2427 2074 2478 exsi-

500 2506 694 2559 stentia
730 2509 1092 2576 :rqualitatem
1127 2513 1350 2577 adimat,
1385 2530 1557 2584 neque
1592 2515 1728 2568 hanc
1761 2516 1810 2567 in
1848 2532 1910 2570 eo
1942 2533 2072 2570 con-

499 2598 700 2650 servari
727 2603 1040 2664 contendat,
1068 2603 1282 2656 ubinam
1313 2605 1475 2671 igitur
1495 2607 1598 2658 sita
1625 2607 1762 2658 erit?
1787 2607 1891 2659 Aut
1916 2623 2071 2676 quem

499 2687 670 2740 locum
710 2689 925 2744 habebit
962 2691 1081 2745 Filii
1119 2696 1468 2761 excellentia,
1505 2713 1624 2749 eum
1664 2701 1775 2751 sola
1816 2700 2072 2751 immittu-

501 2779 572 2832 tio
602 2792 857 2848 appareat
887 2784 1031 2838 circa
1069 2785 1463 2840 incarnationis
1498 2787 1810 2841 rationem?

497 2905 736 2980 Infidem
770 2929 786 2965 :
823 2912 972 2976 Quod
1009 2912 1180 2966 Filius
1221 2932 1315 2980 per
1346 2935 1520 2970 omnia
1554 2919 1740 2971 similis
1772 2921 1840 2972 sit
1879 2919 1983 2973 Deo
2015 2939 2076 2974 ac

577 2979 755 3041 Patri,
796 2987 1057 3049 proposito
1090 2997 1134 3037 et
1173 2979 1477 3040 erantinato
1511 2991 1650 3040 dicto
1682 2991 1771 3041 illo
1805 3006 1822 3041 .·
1859 3010 1877 3040 ι
1916 2993 2074 3043 Amen

575 3049 692 3128 dico
721 3053 879 3128 vobis.
907 3071 1008 3106 non
1032 3058 1257 3107 surrexit
1283 3058 1412 3109 inter
1431 3069 1580 3110 natos
1605 3059 1878 3112 mulierum
1906 3063 2078 3128 major

568 3113 779 3173 Joanne
807 3120 1064 3190 Baptista,
1103 3144 1120 3175 ι
1155 3138 1259 3179 etc.

957 3322 1193 3392 Objectio
1234 3328 1619 3380 Ittrreticorum.

573 3455 642 3510 At
687 3459 973 3526 quomodo,
1026 3461 1295 3527 inquiunt,
1345 3463 1417 3515 sit
1467 3466 1689 3532 asqualis
1742 3478 1831 3519 aut
1885 3468 2075 3521 similis

505 3549 779 3615 Christus,
820 3551 922 3606 hoc
966 3564 1045 3606 est
1093 3553 1284 3619 Filius,
1333 3555 1474 3609 Patri
1520 3559 1945 3625 perfectissimo,
1985 3564 2074 3629 qui

509 3643 703 3695 alicubi
733 3654 914 3710 aperte
940 3644 1056 3697 ait:
1091 3663 1108 3693 ι
1141 3645 1416 3700 Neminem
1447 3649 1588 3703 inter
1615 3663 1765 3704 natos
1793 3655 2075 3707 mulierum

511 3733 765 3800 majorem
803 3731 1007 3788 Joanne
1060 3734 1297 3804 Baptista
1339 3742 1669 3803 surrexisse;
1726 3754 1775 3795 et
1818 3745 2076 3798 minorem

511 3824 562 3875 in
591 3840 750 3892 regno
776 3826 1327 3896 cmlorum,majorem
1357 3830 1470 3896 ipso
1492 3834 1716 3886 esse"?
1749 3853 1765 3884 ι
1795 3835 1908 3902 Ipse
1932 3838 2076 3889 enim

511 3915 687 3968 minor
715 3918 1010 3984 exsistens,
1048 3922 1252 3975 ratione
1289 3925 1546 3992 temporis
1577 3941 1684 3993 quo
1717 3937 1871 3980 natus
1901 3943 1981 3982 est
2016 3947 2081 3983 ex

515 4018 701 4060 sancta
733 4009 983 4077 Virgine,
1023 4023 1131 4064 tum
1170 4015 1380 4068 demum
1417 4031 1474 4070 se
1509 4017 1572 4069 ad
1614 4034 1874 4072 summam
1911 4023 2080 4074 virtu-

518 4107 626 4150 tum
653 4113 953 4155 mensuram
979 4114 1358 4171 perventurum
1385 4107 1602 4174 fatetur,
1625 4111 1836 4176 quando
1862 4126 2082 4180 regnum

517 4190 772 4246 caelorum
810 4195 1120 4259 advenerit,
1161 4213 1220 4252 ac
1256 4201 1416 4254 veluti
1455 4205 1756 4256 mercedem
1793 4205 2082 4271 quamdam

519 4291 734 4350 propter
768 4284 1287 4342 administrationem
1329 4302 1522 4345 nostra:
1557 4293 1745 4346 salutis
1785 4304 2088 4360 reportatu-

521 4387 658 4424 rum.
687 4374 788 4437 Qui
817 4390 942 4428 vero
970 4379 1226 4442 ejusmodi
1261 4390 1484 4445 naturze,
1513 4397 1618 4449 quo
1651 4393 1807 4447 pacto
1840 4385 1909 4437 sit
1937 4385 2088 4438 simi—

522 4460 615 4524 Iis,
646 4471 737 4514 aut
766 4478 871 4531 quo
903 4474 1060 4532 pacto
1089 4475 1359 4520 statuatur
1385 4470 1607 4538 aequalis
1637 4469 1823 4524 Patri?

1022 4669 1227 4725 Salutio
1264 4673 1589 4742 objectionis.

593 4797 841 4866 lmperite
873 4801 1157 4856 admodum
1190 4814 1352 4871 atque
1386 4806 1563 4873 inepte
1593 4808 1681 4874 qui
1717 4808 1786 4860 ita
1819 4809 2091 4876 seruiunt,

523 4905 710 4944 eorum
757 4908 873 4960 quae
909 4908 937 4945 a
976 4893 1261 4950 Servatore
1319 4909 1502 4953 nostro
1537 4900 1750 4954 Christo
1784 4903 1923 4955 dicta
1971 4912 2096 4955 sunt

524 4983 630 5035 vim
669 4983 1107 5051 interpretantur.
1146 4986 1330 5056 Neque
1364 4991 1505 5043 enim
1546 5003 1600 5044 ut
1636 4995 1904 5061 propriam
1944 5011 2095 5048 suam

530 5082 773 5128 naturam
799 5089 1036 5140 accuset,
1063 5082 1174 5134 haec
1198 5083 1347 5145 dicit,
1377 5099 1546 5151 neque
1570 5094 1820 5153 tanquam
1847 5102 2095 5155 magnum

527 5171 581 5216 et
613 5166 923 5232 praeclarum
960 5169 1158 5238 aliquid
1193 5174 1381 5227 statuit
1415 5172 1620 5228 Joanne
1656 5175 1910 5242 majorem
1944 5193 2095 5243 esse,

529 5255 620 5323 qui
661 5256 749 5309 Dei
784 5273 846 5310 ac
879 5257 1053 5315 Patris
1086 5263 1341 5330 dignitate
1379 5265 1660 5332 gloriatur,
1692 5277 1742 5318 et
1781 5268 2100 5322 naturaliter

530 5348 708 5399 omnia
747 5364 863 5416 qure
903 5351 1075 5406 Patris
1113 5363 1266 5417 sunt,
1309 5355 1359 5408 in
1407 5371 1465 5410 se
1509 5357 1704 5421 habet,
1743 5367 1901 5428 atque
1942 5360 2010 5413 ob
2052 5363 2100 5414 id

534 5438 872 5506 proclamans
899 5458 914 5496 :
946 5461 963 5493 ι
993 5443 1180 5497 Omnia
1206 5461 1322 5512 qua:
1347 5447 1504 5500 habet
1529 5447 1685 5502 Pater
1710 5465 1824 5501 mea
1852 5452 2051 5506 sunt".
2080 5470 2097 5502 ι

540 5529 814 5586 Perfectus
845 5544 1021 5590 autem
1053 5546 1134 5589 est
1166 5537 1354 5592 Pater:
1383 5541 1580 5594 nullius
1607 5542 1785 5610 itaque
1815 5544 2057 5609 indigens
2086 5562 2100 5609 ;

539 5620 919 5691 perfectusque
949 5635 1032 5681 est
1061 5627 1224 5682 Filius
1252 5644 1314 5682 ex
1350 5631 1463 5696 ipso
1491 5633 1721 5699 genitus.
1749 5634 1849 5700 Qui
1879 5650 2005 5689 vero
2033 5637 2102 5689 ita

617 5797 658 5828 "‘
694 5797 852 5856 Hebr.
886 5820 942 5870 tt,
968 5806 1018 5857 7.
1099 5809 1139 5836 ’⁵
1175 5806 1298 5862 Luc.
1338 5824 1430 5876 \‘ll,
1460 5809 1548 5864 '28.
1627 5813 1665 5843 τ’
1699 5811 1850 5865 Juan.
1878 5827 1981 5878 xw,
2021 5813 2097 5866 li).

2171 1951 2261 2015 ζον
2293 1952 2384 2004 καὶ
2412 1952 2470 2004 τὸ
2501 1953 2719 2006 ἔλαττον
2762 1953 3028 2021 φυσικῶς,
3070 1953 3327 2023 ζητητέον
3359 1954 3506 2016 ὅπως
3536 1953 3632 2005 ἰπὶ
3658 1952 3757 2004 τοῦ

2170 2043 2304 2095 Θεοῦ
2335 2044 2507 2110 Λόγου
2536 2043 2874 2112 διασώσομεν
2911 2045 3216 2114 ἀμφότερα,
3249 2044 3344 2097 καὶ
3388 2045 3514 2114 περὶ
3536 2044 3627 2097 τὸν
3657 2044 3758 2096 ἕνα

2172 2132 2263 2182 καὶ
2292 2132 2451 2202 μόνον
2485 2133 2551 2184 τὰ
2579 2131 2671 2183 δύο
2703 2132 2915 2184 κεῖσθαι
2941 2131 3207 2201 δώσομεν.
3247 2132 3455 2184 Οὐκοῦν
3485 2132 3619 2183 καθὸ
3648 2131 3757 2200 φύ-

2173 2239 2252 2274 σει
2293 2223 2443 2290 Θεὸς,
2482 2226 2593 2286 ῐσος
2633 2223 2784 2277 ἔσται
2823 2223 2900 2292 τῷ
2950 2224 3267 2294 γεγενηκότι
3317 2221 3468 2292 Θεῷ’
3522 2221 3658 2273 καθὸ
3701 2220 3760 2273 δὲ

2172 2316 2395 2382 γέγονεν
2443 2316 2746 2385 ἄνθρωπος,
2781 2314 3130 2384 ὴλαττῶσθαι
3177 2314 3417 2382 λέγεται.
3455 2314 3517 2365 El
3565 2313 3624 2365 δέ
3672 2329 3760 2374 τις

2172 2406 2360 2474 ἀφέλοι
2383 2408 2480 2476 τῆς
2510 2408 2744 2476 φυσικῆς
2773 2406 3061 2476 ὑπάρξεως
3090 2405 3254 2460 αὑτοῦ
3284 2405 3381 2475 τὴν
3405 2405 3762 2474 ἰσότητα,καὶ

2178 2500 2250 2569 μὴ
2295 2502 2351 2552 ἐν
2396 2499 2569 2568 τούτῳ
2600 2499 2803 2568 ταύτην
2842 2498 3112 2562 σώζεσθαι
3142 2498 3312 2565 λέγοι,
3342 2499 3433 2549 ποῖ
3478 2495 3541 2566 δὴ
3572 2496 3762 2548 λοιπὸν

2176 2593 2449 2655 κεὶσεται;
2490 2592 2558 2643 Ἢ
2592 2594 2740 2643 ποῖον
2776 2590 2887 2654 ἕξει
2927 2591 3018 2642 τὸν
3049 2590 3212 2642 τόπον
3241 2590 3334 2642 τοῦ
3362 2587 3490 2640 Υἱοῦ
3520 2587 3580 2639 τὸ
3612 2585 3764 2651 ἐξαί-

2178 2701 2350 2753 ρετον,
2389 2683 2558 2752 μόνης
2601 2684 2699 2752 τῆς
2753 2682 3102 2744 ἐλαττώσεως
3135 2681 3466 2751 φαινομένης
3510 2678 3638 2748 περὶ
3671 2679 3766 2730 τὸν

2175 2775 2274 2843 τῆς
2304 2772 2774 2844 ένανθρωπήσεως
2803 2772 3005 2842 τρόπον
3022 2787 3036 2836 ;

2181 2909 2302 2959 Ἔτι
2333 2910 2418 2972 εις
2447 2909 2510 2960 τὸ
2543 2909 2692 2960 αὑτό
2711 2925 2724 2939 ο
2759 2907 2886 2959 Ὀτι
2917 2906 3052 2969 ἴσος
3073 2907 3104 2957 ό
3131 2904 3261 2968 Υῐὸς
3291 2900 3439 2972 κατὰ
3465 2901 3659 2972 ad"?
3682 2900 3765 2962 τῷ

2252 2978 2372 3041 Θεῷ
2397 2969 2503 3050 ⁷ξιαὶ
2537 2977 2738 3050 Ilatpl,
2776 2976 3168 3050 προκειμὲζου
3210 2973 3306 3050 καὶ
3338 2969 3766 3050 ἐξεταζομένην

2243 3049 2430 3115 ῥητοῦ
2459 3062 2470 3073 ·
2507 3047 2739 3120 ξἊμὴν
2783 3046 2938 3120 λέγω
2985 3044 3307 3120 ἡμῖν’,ῌοὺνι
3353 3043 3766 3120 ἐγήγερςαι-ἑν

2251 3112 2556 3184 γεννητοῖς
2591 3112 2890 3186 furatum?
2915 3114 3125 3186 μείζων
3167 3112 3439 3166 Ἰωάννου
3494 3112 3598 3164 τοῦ
3650 3113 3756 3164 Βα-

2244 3187 2517 3251 πτιστοῦ,
2561 3206 2577 3238 ι
2598 3183 2607 3186 ’
2627 3187 2766 3257 μετὰ
2789 3185 2896 3237 τῶν
2923 3183 3143 3254 ἑφεξῆς.

2406 3325 2720 3389 ’Λντίθεσις
2758 3325 2836 3388 ὠς
2873 3323 2940 3376 ἐκ
2980 3321 3099 3375 τῶν
3136 3321 3207 3374 δι’
3243 3321 3547 3387 ἐναντίας.

2256 3461 2361 3512 Καὶ
2389 3459 2503 3522 πῶς
2534 3460 2598 3512 ἂν
2632 3459 2737 3527 εἴη,
2769 3458 2950 3528 φησὶν,
2981 3459 3012 3528 ἦ
3045 3458 3158 3521 ἶσος
3189 3458 3220 3527 ἤ
3253 3460 3438 3528 ὅμοιος
3461 3460 3488 3511 6
3510 3457 3767 3528 Χριστὸς,

2185 3555 2478 3608 τουτέστιν.
2513 3556 2538 3607 6
2569 3555 2695 3615 Υἱὸς
2722 3552 2798 3622 τῷ
2833 3552 3136 3622 παντελείῳ
3161 3553 3359 3622 Πατρὶ,
3386 3552 3444 3615 ὃς
3481 3569 3545 3619 γε
3583 3553 3770 3621 σαφῶς

2187 3643 2288 3695 που
2325 3661 2486 3713 φησιν
2517 3645 2614 3704 ὡς·
2641 3663 2657 3693 ‹
2689 3644 2800 3695 Οὐκ
2828 3644 3125 3712 ἐγήγερται
3161 3642 3259 3711 μὲν
3285 3645 3339 3694 ἐν
3368 3646 3645 3712 γεννητοῖς
3672 3661 3770 3710 γυ-

3207 3736 3234 3786 6
3263 3733 3318 3785 δὲ
3362 3733 3688 3803 μικρότερος
3717 3736 3773 3787 ἐν

2187 3830 2252 3894 τῇ
2310 3826 2554 3894 βασιλείᾳ
2600 3826 2708 3877 τῶν
2753 3825 3021 3894 οὐρανῶν,
3081 3825 3279 3894 μείζων
3333 3825 3496 3878 αὐτοῦ
3547 3828 3715 3879 ἐστιν.
3750 3845 3767 3878 ι

2187 3736 2387 3787 vani.th
2429 3735 2671 3788 Ἰωάννου
2711 3734 2910 3802 μείζων
2949 3733 3158 3796 οὐδείς·

2191 3919 2358 3981 Αὐτὸς
2386 3920 2491 3988 γάρ
2520 3918 2593 3970 ὢν
2619 3920 2644 3970 6
2677 3918 2997 3988 μικρότερος
3030 3919 3169 3971 κατά
3197 3919 3286 3970 τὸν
3315 3921 3371 3972 ἐν
3402 3919 3477 3989 τῷ
3508 3921 3773 3988 γεγεννῆ-

2194 4013 2314 4064 σθαι
2353 4012 2542 4080 χρόνον
2567 4012 2653 4063 διά
2680 4011 2777 4079 τῆς
2808 4011 2966 4078 ἁγίας
3010 4012 3309 4082 Παρθένου,
3339 4011 3460 4064 τότε
3501 4013 3652 4081 μόλις
3683 4013 3778 4066 καὶ

2190 4103 2249 4154 τὸ
2298 4103 2402 4154 τῶν
2439 4104 2518 4165 εἰς
2550 4105 2715 4173 ἄκρον
2751 4102 2991 4171 ἡκόντων
3023 4103 3224 4172 ἀρετῆς
3263 4102 3777 4175 ὑπεραναὸήσεσθαι

2199 4193 2393 4262 μέτρον
2417 4193 2605 4245 ἑαυτὸν
2625 4192 2896 4260 ὁμολογεῖ,
2925 4194 3048 4245 ὅταν
3071 4195 3102 4261 ἠ
3129 4193 3235 4246 τῶν
3263 4194 3506 4264 οὐρανῶν
3531 4193 3777 4264 βασιλεία

2196 4285 2592 4353 παραγένηται,
2621 4285 2808 4353 μισθὸν
2837 4284 3028 4356 ὥσπερ
3047 4286 3166 4339 τινά
3195 4284 3381 4340 τοῦτον
3406 4286 3503 4356 τῆς
3528 4289 3606 4350 εἰς
3630 4289 3777 4357 ἡμᾶς

2195 4373 2460 4435 διακονίας
2486 4375 2983 4444 ἀντικομιζὸμενον.
3003 4375 3060 4427 ’0
3086 4375 3138 4428 δὲ
3169 4374 3340 4439 οὕτως
3372 4375 3509 4444 ἔχων
3535 4376 3776 4444 φύσεως,

2196 4466 2312 4527 πῶς
2343 4466 2406 4517 ἂν
2441 4462 2506 4533 ἦν
2534 4468 2736 4536 ὅμοιος,
2762 4468 2794 4536 ἢ
2822 4470 2914 4519 καὶ
2946 4468 3001 4520 ἐν
3028 4468 3232 4537 ἰσότητι
3260 4468 3503 4536 φαξνοιτο
3523 4469 3615 4522 τοῦ
3641 4470 3779 4524 Θεοῦ

2125 4571 2165 4624 D
2199 4560 2293 4608 καὶ
2326 4557 2570 4626 [lact/5;;

2545 4669 2699 4736 Πρὸς
2740 4671 2922 4724 ταῦτα
2957 4672 3135 4738 λύσις
3172 4671 3416 4741 ἐφεξῆς.

2282 4803 2542 4872 ’Λνοήτως
2571 4805 2773 4873 σφόδρα
2809 4806 2901 4857 καὶ
2935 4806 3161 4875 ἀμαθῶς
3188 4808 3234 4858 οἱ
3262 4806 3421 4876 τῆσδε
3453 4806 3782 4876 διεσκεμμέ-

2199 4911 2275 4947 νοι
2303 4894 2399 4963 τὴν
2424 4895 2529 4947 τῶν
2560 4896 2862 4967 εἰρημένων
2890 4898 3036 4969 παρὰ
3062 4897 3154 4951 τοῦ
3187 4899 3435 4969 Σωτῆρος
3464 4897 3622 4968 ἡμῶν
3647 4900 3783 4969 Χρι-

2202 4987 2323 5039 στοῦ
2355 4987 2662 5058 διειλὴφασι
2684 4988 2929 5059 δύναμιν.
2957 4991 3030 5043 Οὐ
3049 4991 3155 5062 γὰρ
3179 4991 3266 5043 ἴνα
3289 4993 3384 5060 τῆς
3413 4989 3621 5052 οἰκείας
3645 5008 3782 5044 κατ-

2201 5079 2444 5148 ηγορήσῃ
2484 5080 2715 5146 φύσεως,
2746 5080 2812 5132 τά
2843 5081 3067 5134 τοιαῦτά
3101 5082 3419 5151 φησιν,οὑδὲ
3453 5083 3528 5143 ὡς
3561 5082 3705 5151 μέγα
3728 5099 3782 5134 τι

2202 5173 2296 5223 καὶ
2348 5171 2702 5240 ἀξιοζήλωτον
2751 5175 3008 5242 καύχημα
3063 5173 3402 5244 περιτίθησιν
3453 5173 3628 5243 ἐαυτῷ
3673 5174 3782 5225 τῶν

2217 5265 2460 5318 Ἰωάννου
2495 5267 2707 5335 μέτρων
2734 5265 2829 5336 τὴν
2859 5267 3150 5337 ὑπεροχὴν,
3187 5270 3214 5320 6
3250 5270 3363 5332 τοῖς
3394 5266 3486 5319 τοῦ
3526 5266 3661 5319 Θεοῦ
3688 5267 3783 5319 καὶ

2205 5357 2416 5426 Ιῐατρδς
2449 5357 2840 5426 ὲπικομπάζων
2869 5358 3166 5426 ἀξιώμασι,
3194 5360 3286 5410 καὶ
3328 5357 3504 5411 πάντα
3551 5357 3690 5425 ἔχων
3724 5359 3783 5408 ὲν

2207 5451 2381 5519 ἑαυτῷ
2436 5451 2503 5502 τά
2558 5451 2762 5502 ἐκείνου
2826 5452 3088 5520 φυσικῶς,
3139 5452 3229 5504 διά
3283 5469 3345 5518 γε
3401 5451 3556 5503 τοῦτο
3607 5450 3779 5519 βοῶν’

2213 5561 2230 5592 ι
2264 5544 2442 5595 Πάντα
2487 5545 2584 5594 ὅσα
2633 5543 2742 5611 ἔχει
2786 5546 2813 5595 ὁ
2862 5544 3050 5614 Πατὴρ
3090 5545 3197 5613 ἐμά
3243 5545 3409 5596 ἐστιν.
3443 5542 3626 5610 »Ἔχει
3665 5538 3720 5591 δὲ
3756 5541 3783 5590 6

2210 5637 2394 5708 Πατὴρ
2430 5637 2488 5690 τὸ
2521 5637 2832 5692 παντέλειον
2856 5656 2869 5670 ⁸
2909 5639 3208 5710 ἀπροσδεὴς
3238 5639 3345 5709 ἄρα
3378 5635 3472 5692 καὶ
3495 5633 3698 5696 τέλειος
3723 5632 3782 5698 ἐξ
