  <div class='ocr_page' id='page_1' title='image "/cluster/home/n/w/nwhite01/storage/ocr_20150623/75/ien.35556001661032/088.png"; bbox 0 0 4048 6448; ppageno 0'>
   <div class='ocr_carea' id='block_1_1' title="bbox 317 449 416 505">
    <p class='ocr_par' dir='ltr' id='par_1_1' title="bbox 317 449 416 505">
     <span class='ocr_line' id='line_1_1' title="bbox 317 449 416 505; baseline -0.03 1"><span class='ocrx_word' id='word_1_1' title='bbox 317 449 416 505; x_wconf 75' lang='grc'><strong>157</strong></span> 
     </span>
    </p>
   </div>
   <div class='ocr_carea' id='block_1_2' title="bbox 1737 441 2182 500">
    <p class='ocr_par' dir='ltr' id='par_1_2' title="bbox 1737 441 2182 500">
     <span class='ocr_line' id='line_1_2' title="bbox 1737 441 2182 500; baseline 0.004 -5"><span class='ocrx_word' id='word_1_2' title='bbox 1737 441 2182 500; x_wconf 79' lang='lat' dir='ltr'><strong>THESAURUS.</strong></span> 
     </span>
    </p>
   </div>
   <div class='ocr_carea' id='block_1_3' title="bbox 3505 440 3610 494">
    <p class='ocr_par' dir='ltr' id='par_1_3' title="bbox 3505 440 3610 494">
     <span class='ocr_line' id='line_1_3' title="bbox 3505 440 3610 494; baseline -0.019 0"><span class='ocrx_word' id='word_1_3' title='bbox 3505 440 3610 494; x_wconf 68' lang='lat' dir='ltr'><strong>iSR</strong></span> 
     </span>
    </p>
   </div>
   <div class='ocr_carea' id='block_1_4' title="bbox 313 550 1908 636">
    <p class='ocr_par' dir='ltr' id='par_1_4' title="bbox 313 561 1901 636">
     <span class='ocr_line' id='line_1_4' title="bbox 313 561 1901 636; baseline -0.003 -16"><span class='ocrx_word' id='word_1_4' title='bbox 313 563 481 621; x_wconf 73' lang='grc' dir='ltr'><strong>αὐτοῦ</strong></span> <span class='ocrx_word' id='word_1_5' title='bbox 516 564 915 636; x_wconf 71' lang='grc' dir='ltr'><strong>γεγεννημένος</strong></span> <span class='ocrx_word' id='word_1_6' title='bbox 937 567 966 620; x_wconf 86' lang='grc' dir='ltr'><strong>ὀ</strong></span> <span class='ocrx_word' id='word_1_7' title='bbox 988 565 1134 629; x_wconf 84' lang='grc' dir='ltr'><strong>Υἱός.</strong></span> <span class='ocrx_word' id='word_1_8' title='bbox 1155 563 1212 618; x_wconf 86' lang='lat'><strong>&#39;0</strong></span> <span class='ocrx_word' id='word_1_9' title='bbox 1234 564 1291 618; x_wconf 80' lang='grc' dir='ltr'><strong>δὲ</strong></span> <span class='ocrx_word' id='word_1_10' title='bbox 1319 562 1492 629; x_wconf 77' lang='grc' dir='ltr'><strong>οὕτως</strong></span> <span class='ocrx_word' id='word_1_11' title='bbox 1527 561 1664 633; x_wconf 79' lang='grc' dir='ltr'><strong>ἔχων</strong></span> <span class='ocrx_word' id='word_1_12' title='bbox 1685 562 1901 631; x_wconf 82' lang='grc' dir='ltr'><strong>φύσεως</strong></span> 
     </span>
    </p>
   </div>
   <div class='ocr_carea' id='block_1_5' title="bbox 2019 550 3608 636">
    <p class='ocr_par' dir='ltr' id='par_1_5' title="bbox 2019 550 3608 625">
     <span class='ocr_line' id='line_1_5' title="bbox 2019 550 3608 625; baseline -0.006 -9"><span class='ocrx_word' id='word_1_13' title='bbox 2019 576 2064 616; x_wconf 71' lang='grc' dir='ltr'><strong>ιε</strong></span> <span class='ocrx_word' id='word_1_14' title='bbox 2101 557 2427 613; x_wconf 75' lang='lat' dir='ltr'><strong>naturaliter</strong></span> <span class='ocrx_word' id='word_1_15' title='bbox 2462 556 2657 623; x_wconf 89' lang='lat' dir='ltr'><strong>habet,</strong></span> <span class='ocrx_word' id='word_1_16' title='bbox 2695 570 2802 625; x_wconf 89' lang='lat' dir='ltr'><strong>quo</strong></span> <span class='ocrx_word' id='word_1_17' title='bbox 2837 564 3000 624; x_wconf 88' lang='lat' dir='ltr'><strong>pacto</strong></span> <span class='ocrx_word' id='word_1_18' title='bbox 3038 568 3143 609; x_wconf 90' lang='lat' dir='ltr'><strong>non</strong></span> <span class='ocrx_word' id='word_1_19' title='bbox 3179 553 3248 609; x_wconf 91' lang='lat' dir='ltr'><strong>sit</strong></span> <span class='ocrx_word' id='word_1_20' title='bbox 3284 550 3475 608; x_wconf 85' lang='lat' dir='ltr'><strong>similis</strong></span> <span class='ocrx_word' id='word_1_21' title='bbox 3513 568 3608 623; x_wconf 84' lang='lat' dir='ltr'><strong>per</strong></span> 
     </span>
    </p>
   </div>
   <div class='ocr_carea' id='block_1_6' title="bbox 313 654 1908 729">
    <p class='ocr_par' dir='ltr' id='par_1_6' title="bbox 313 654 1908 729">
     <span class='ocr_line' id='line_1_6' title="bbox 313 654 1908 729; baseline -0.002 -18"><span class='ocrx_word' id='word_1_22' title='bbox 313 658 457 711; x_wconf 82' lang='grc' dir='ltr'><strong>κατὰ</strong></span> <span class='ocrx_word' id='word_1_23' title='bbox 485 659 576 711; x_wconf 74' lang='grc' dir='ltr'><strong>τὸν</strong></span> <span class='ocrx_word' id='word_1_24' title='bbox 601 659 731 729; x_wconf 82' lang='grc' dir='ltr'><strong>παρ’</strong></span> <span class='ocrx_word' id='word_1_25' title='bbox 761 658 984 712; x_wconf 76' lang='grc' dir='ltr'><strong>ἐκείνων</strong></span> <span class='ocrx_word' id='word_1_26' title='bbox 1019 657 1194 726; x_wconf 82' lang='grc' dir='ltr'><strong>λόγον,</strong></span> <span class='ocrx_word' id='word_1_27' title='bbox 1225 655 1342 718; x_wconf 85' lang='grc' dir='ltr'><strong>πῶς</strong></span> <span class='ocrx_word' id='word_1_28' title='bbox 1381 657 1482 709; x_wconf 86' lang='grc' dir='ltr'><strong>οὐκ</strong></span> <span class='ocrx_word' id='word_1_29' title='bbox 1511 654 1578 708; x_wconf 85' lang='grc' dir='ltr'><strong>ἂν</strong></span> <span class='ocrx_word' id='word_1_30' title='bbox 1606 657 1690 725; x_wconf 72' lang='grc' dir='ltr'><strong>εἴη</strong></span> <span class='ocrx_word' id='word_1_31' title='bbox 1722 654 1908 708; x_wconf 83' lang='grc' dir='ltr'><strong>λοιπὸν</strong></span> 
     </span>
    </p>
   </div>
   <div class='ocr_carea' id='block_1_7' title="bbox 313 747 1640 819">
    <p class='ocr_par' dir='ltr' id='par_1_7' title="bbox 313 747 1640 819">
     <span class='ocr_line' id='line_1_7' title="bbox 313 747 1640 819; baseline -0.002 -17"><span class='ocrx_word' id='word_1_32' title='bbox 313 749 501 819; x_wconf 83' lang='grc' dir='ltr'><strong>ὅμοιός</strong></span> <span class='ocrx_word' id='word_1_33' title='bbox 529 766 592 802; x_wconf 89' lang='grc' dir='ltr'><strong>τε</strong></span> <span class='ocrx_word' id='word_1_34' title='bbox 622 749 715 803; x_wconf 75' lang='grc' dir='ltr'><strong>καὶ</strong></span> <span class='ocrx_word' id='word_1_35' title='bbox 748 748 864 813; x_wconf 74' lang='grc' dir='ltr'><strong>ἴσος</strong></span> <span class='ocrx_word' id='word_1_36' title='bbox 889 750 1030 803; x_wconf 84' lang='grc' dir='ltr'><strong>κατά</strong></span> <span class='ocrx_word' id='word_1_37' title='bbox 1055 748 1230 803; x_wconf 79' lang='grc' dir='ltr'><strong>πάντα</strong></span> <span class='ocrx_word' id='word_1_38' title='bbox 1262 747 1341 819; x_wconf 81' lang='grc' dir='ltr'><strong>τῷ</strong></span> <span class='ocrx_word' id='word_1_39' title='bbox 1373 747 1640 817; x_wconf 61' lang='lat' dir='ltr'><strong>(ptimum;</strong></span> 
     </span>
    </p>
   </div>
   <div class='ocr_carea' id='block_1_8' title="bbox 311 860 1907 931">
    <p class='ocr_par' dir='ltr' id='par_1_8' title="bbox 311 860 1907 931">
     <span class='ocr_line' id='line_1_8' title="bbox 311 860 1907 931; baseline -0.001 -18"><span class='ocrx_word' id='word_1_40' title='bbox 311 863 520 925; x_wconf 75' lang='grc' dir='ltr'><strong>ΑΛΛΟ,</strong></span> <span class='ocrx_word' id='word_1_41' title='bbox 557 862 656 917; x_wconf 81' lang='grc' dir='ltr'><strong>διὰ</strong></span> <span class='ocrx_word' id='word_1_42' title='bbox 684 862 793 931; x_wconf 83' lang='grc' dir='ltr'><strong>τῆς</strong></span> <span class='ocrx_word' id='word_1_43' title='bbox 821 865 910 930; x_wconf 75' lang='grc' dir='ltr'><strong>εἰς</strong></span> <span class='ocrx_word' id='word_1_44' title='bbox 940 863 1167 917; x_wconf 76' lang='grc' dir='ltr'><strong>ἄτοπον</strong></span> <span class='ocrx_word' id='word_1_45' title='bbox 1189 860 1527 931; x_wconf 67' lang='grc' dir='ltr'><strong>ἀπαγωγῆς.</strong></span> <span class='ocrx_word' id='word_1_46' title='bbox 1565 861 1788 929; x_wconf 78' lang='grc' dir='ltr'><strong>ἐνάγον</strong></span> <span class='ocrx_word' id='word_1_47' title='bbox 1817 861 1907 931; x_wconf 79' lang='grc' dir='ltr'><strong>εὶς</strong></span> 
     </span>
    </p>
   </div>
   <div class='ocr_carea' id='block_1_9' title="bbox 383 929 1905 1002">
    <p class='ocr_par' dir='ltr' id='par_1_9' title="bbox 383 929 1905 1002">
     <span class='ocr_line' id='line_1_9' title="bbox 383 929 1905 1002; baseline -0.002 -17"><span class='ocrx_word' id='word_1_48' title='bbox 383 929 749 1002; x_wconf 67' lang='grc' dir='ltr'><strong>ὁμολογίαν,</strong></span> <span class='ocrx_word' id='word_1_49' title='bbox 777 933 868 986; x_wconf 82' lang='grc' dir='ltr'><strong>ὅτι</strong></span> <span class='ocrx_word' id='word_1_50' title='bbox 887 929 894 930; x_wconf 23' lang='grc' dir='ltr'><strong>ί</strong></span> <span class='ocrx_word' id='word_1_51' title='bbox 916 933 1208 1002; x_wconf 67' lang='grc' dir='ltr'><strong>κίϐδηλον</strong></span> <span class='ocrx_word' id='word_1_52' title='bbox 1247 930 1374 1002; x_wconf 63' lang='grc' dir='ltr'><strong>τῶν</strong></span> <span class='ocrx_word' id='word_1_53' title='bbox 1406 929 1486 985; x_wconf 74' lang='grc' dir='ltr'><strong>δι’</strong></span> <span class='ocrx_word' id='word_1_54' title='bbox 1529 931 1810 996; x_wconf 82' lang='grc' dir='ltr'><strong>ἐναντίας</strong></span> <span class='ocrx_word' id='word_1_55' title='bbox 1837 929 1905 983; x_wconf 84' lang='grc' dir='ltr'><strong>τὸ</strong></span> 
     </span>
    </p>
   </div>
   <div class='ocr_carea' id='block_1_10' title="bbox 384 996 1705 1073">
    <p class='ocr_par' dir='ltr' id='par_1_10' title="bbox 384 996 1705 1073">
     <span class='ocr_line' id='line_1_10' title="bbox 384 996 1705 1073; baseline -0.003 -15"><span class='ocrx_word' id='word_1_56' title='bbox 384 996 657 1073; x_wconf 55' lang='grc' dir='ltr'><strong>θεώρημα</strong></span> <span class='ocrx_word' id='word_1_57' title='bbox 679 1021 694 1035; x_wconf 76' lang='grc' dir='ltr'><strong>ο</strong></span> <span class='ocrx_word' id='word_1_58' title='bbox 718 996 822 1056; x_wconf 63' lang='grc' dir='ltr'><strong>’καὶ</strong></span> <span class='ocrx_word' id='word_1_59' title='bbox 858 1003 948 1057; x_wconf 86' lang='grc' dir='ltr'><strong>ὅτι</strong></span> <span class='ocrx_word' id='word_1_60' title='bbox 975 996 1040 1056; x_wconf 85' lang='grc' dir='ltr'><strong>τό</strong></span> <span class='ocrx_word' id='word_1_61' title='bbox 1071 996 1226 1057; x_wconf 74' lang='grc' dir='ltr'><strong>οὕτω</strong></span> <span class='ocrx_word' id='word_1_62' title='bbox 1257 1001 1439 1069; x_wconf 84' lang='grc' dir='ltr'><strong>νοεῖν,</strong></span> <span class='ocrx_word' id='word_1_63' title='bbox 1464 1001 1705 1072; x_wconf 82' lang='grc' dir='ltr'><strong>ἀμαθές.</strong></span> 
     </span>
    </p>
   </div>
   <div class='ocr_carea' id='block_1_11' title="bbox 381 1106 1963 1188">
    <p class='ocr_par' dir='ltr' id='par_1_11' title="bbox 381 1106 1963 1188">
     <span class='ocr_line' id='line_1_11' title="bbox 381 1106 1963 1188; baseline 0.001 -21"><span class='ocrx_word' id='word_1_64' title='bbox 381 1114 524 1185; x_wconf 67' lang='grc' dir='ltr'><strong>Φησί</strong></span> <span class='ocrx_word' id='word_1_65' title='bbox 553 1133 655 1168; x_wconf 83' lang='grc' dir='ltr'><strong>που</strong></span> <span class='ocrx_word' id='word_1_66' title='bbox 685 1116 921 1188; x_wconf 84' lang='grc' dir='ltr'><strong>Χριστός</strong></span> <span class='ocrx_word' id='word_1_67' title='bbox 943 1133 959 1149; x_wconf 73' lang='grc' dir='ltr'><strong>ο</strong></span> <span class='ocrx_word' id='word_1_68' title='bbox 999 1134 1017 1167; x_wconf 78' lang='grc' dir='ltr'><strong>ι</strong></span> <span class='ocrx_word' id='word_1_69' title='bbox 1048 1118 1162 1171; x_wconf 81' lang='grc' dir='ltr'><strong>Οὐκ</strong></span> <span class='ocrx_word' id='word_1_70' title='bbox 1193 1116 1489 1188; x_wconf 70' lang='grc' dir='ltr'><strong>ἐγήγερται</strong></span> <span class='ocrx_word' id='word_1_71' title='bbox 1533 1117 1592 1169; x_wconf 84' lang='grc' dir='ltr'><strong>ἐν</strong></span> <span class='ocrx_word' id='word_1_72' title='bbox 1625 1117 1907 1186; x_wconf 80' lang='grc' dir='ltr'><strong>γεννητοῖς</strong></span> <span class='ocrx_word' id='word_1_73' title='bbox 1961 1106 1963 1108; x_wconf 51' lang='grc'><em>’</em></span> 
     </span>
    </p>
   </div>
   <div class='ocr_carea' id='block_1_12' title="bbox 311 1203 1904 1276">
    <p class='ocr_par' dir='ltr' id='par_1_12' title="bbox 311 1203 1904 1276">
     <span class='ocr_line' id='line_1_12' title="bbox 311 1203 1904 1276; baseline 0.001 -20"><span class='ocrx_word' id='word_1_74' title='bbox 311 1203 592 1268; x_wconf 82' lang='grc' dir='ltr'><strong>γυναικῶν</strong></span> <span class='ocrx_word' id='word_1_75' title='bbox 628 1203 831 1274; x_wconf 84' lang='grc' dir='ltr'><strong>μείζων</strong></span> <span class='ocrx_word' id='word_1_76' title='bbox 874 1206 1121 1261; x_wconf 80' lang='grc' dir='ltr'><strong>Ἰωάννου</strong></span> <span class='ocrx_word' id='word_1_77' title='bbox 1147 1205 1242 1260; x_wconf 81' lang='grc' dir='ltr'><strong>τοῦ</strong></span> <span class='ocrx_word' id='word_1_78' title='bbox 1275 1204 1586 1260; x_wconf 81' lang='grc' dir='ltr'><strong>Βαπτιστοῦ</strong></span> <span class='ocrx_word' id='word_1_79' title='bbox 1611 1221 1624 1233; x_wconf 93' lang='grc'><strong>·</strong></span> <span class='ocrx_word' id='word_1_80' title='bbox 1671 1208 1700 1259; x_wconf 84' lang='grc' dir='ltr'>ὁ</span> <span class='ocrx_word' id='word_1_81' title='bbox 1724 1206 1780 1258; x_wconf 84' lang='grc' dir='ltr'><strong>δὲ</strong></span> <span class='ocrx_word' id='word_1_82' title='bbox 1816 1223 1904 1276; x_wconf 82' lang='grc' dir='ltr'><strong>μι-</strong></span> 
     </span>
    </p>
   </div>
   <div class='ocr_carea' id='block_1_13' title="bbox 311 1295 1900 1370">
    <p class='ocr_par' dir='ltr' id='par_1_13' title="bbox 311 1295 1900 1370">
     <span class='ocr_line' id='line_1_13' title="bbox 311 1295 1900 1370; baseline 0.003 -24"><span class='ocrx_word' id='word_1_83' title='bbox 311 1295 575 1365; x_wconf 83' lang='grc' dir='ltr'><strong>κρότερος</strong></span> <span class='ocrx_word' id='word_1_84' title='bbox 609 1298 668 1348; x_wconf 86' lang='grc' dir='ltr'><strong>ἐν</strong></span> <span class='ocrx_word' id='word_1_85' title='bbox 696 1300 762 1368; x_wconf 79' lang='grc' dir='ltr'><strong>τῇ</strong></span> <span class='ocrx_word' id='word_1_86' title='bbox 791 1297 1040 1369; x_wconf 73' lang='grc' dir='ltr'><strong>βασιλείᾳ</strong></span> <span class='ocrx_word' id='word_1_87' title='bbox 1066 1297 1176 1351; x_wconf 83' lang='grc' dir='ltr'><strong>τῶν</strong></span> <span class='ocrx_word' id='word_1_88' title='bbox 1202 1298 1448 1370; x_wconf 75' lang='grc' dir='ltr'><strong>οὐρανῶν</strong></span> <span class='ocrx_word' id='word_1_89' title='bbox 1481 1298 1688 1368; x_wconf 77' lang='grc' dir='ltr'><strong>μείζων</strong></span> <span class='ocrx_word' id='word_1_90' title='bbox 1731 1297 1900 1352; x_wconf 75' lang='grc' dir='ltr'><strong>αὑτοῦ</strong></span> 
     </span>
    </p>
   </div>
   <div class='ocr_carea' id='block_1_14' title="bbox 310 1385 1904 1460">
    <p class='ocr_par' dir='ltr' id='par_1_14' title="bbox 310 1385 1904 1460">
     <span class='ocr_line' id='line_1_14' title="bbox 310 1385 1904 1460; baseline 0.001 -23"><span class='ocrx_word' id='word_1_91' title='bbox 310 1386 480 1438; x_wconf 80' lang='grc' dir='ltr'><strong>ἐστιν.</strong></span> <span class='ocrx_word' id='word_1_92' title='bbox 517 1404 535 1437; x_wconf 75' lang='grc' dir='ltr'><strong>ι</strong></span> <span class='ocrx_word' id='word_1_93' title='bbox 557 1385 699 1440; x_wconf 76' lang='grc' dir='ltr'><strong>Ἀλλ’</strong></span> <span class='ocrx_word' id='word_1_94' title='bbox 729 1388 888 1460; x_wconf 84' lang='grc' dir='ltr'><strong>εῐπερ</strong></span> <span class='ocrx_word' id='word_1_95' title='bbox 933 1388 1147 1458; x_wconf 79' lang='grc' dir='ltr'><strong>ἐνεχθὲν</strong></span> <span class='ocrx_word' id='word_1_96' title='bbox 1182 1387 1277 1443; x_wconf 69' lang='grc' dir='ltr'><strong>ἐπὶ</strong></span> <span class='ocrx_word' id='word_1_97' title='bbox 1318 1389 1412 1442; x_wconf 80' lang='grc' dir='ltr'><strong>τοῦ</strong></span> <span class='ocrx_word' id='word_1_98' title='bbox 1449 1387 1690 1458; x_wconf 79' lang='grc' dir='ltr'><strong>Χριστοῦ</strong></span> <span class='ocrx_word' id='word_1_99' title='bbox 1718 1389 1777 1440; x_wconf 84' lang='grc' dir='ltr'><strong>τὺ</strong></span> <span class='ocrx_word' id='word_1_100' title='bbox 1815 1406 1904 1459; x_wconf 84' lang='grc' dir='ltr'><strong>μι-</strong></span> 
     </span>
    </p>
   </div>
   <div class='ocr_carea' id='block_1_15' title="bbox 312 1476 1904 1552">
    <p class='ocr_par' dir='ltr' id='par_1_15' title="bbox 312 1476 1904 1552">
     <span class='ocr_line' id='line_1_15' title="bbox 312 1476 1904 1552; baseline 0.003 -23"><span class='ocrx_word' id='word_1_101' title='bbox 312 1476 573 1547; x_wconf 86' lang='grc' dir='ltr'><strong>κρότερον</strong></span> <span class='ocrx_word' id='word_1_102' title='bbox 601 1479 701 1550; x_wconf 75' lang='grc' dir='ltr'><strong>τὴν</strong></span> <span class='ocrx_word' id='word_1_103' title='bbox 750 1480 808 1532; x_wconf 83' lang='grc' dir='ltr'><strong>ἐν</strong></span> <span class='ocrx_word' id='word_1_104' title='bbox 857 1482 1034 1552; x_wconf 82' lang='grc' dir='ltr'><strong>χρόνῳ</strong></span> <span class='ocrx_word' id='word_1_105' title='bbox 1063 1481 1337 1550; x_wconf 76' lang='grc' dir='ltr'><strong>ποσότητα</strong></span> <span class='ocrx_word' id='word_1_106' title='bbox 1368 1482 1647 1552; x_wconf 75' lang='grc' dir='ltr'><strong>σημαίνει,</strong></span> <span class='ocrx_word' id='word_1_107' title='bbox 1675 1482 1770 1534; x_wconf 77' lang='grc' dir='ltr'><strong>καὶ</strong></span> <span class='ocrx_word' id='word_1_108' title='bbox 1803 1482 1904 1533; x_wconf 80' lang='grc' dir='ltr'><strong>ἐπ’</strong></span> 
     </span>
    </p>
   </div>
   <div class='ocr_carea' id='block_1_16' title="bbox 310 1568 1904 1642">
    <p class='ocr_par' dir='ltr' id='par_1_16' title="bbox 310 1568 1904 1642">
     <span class='ocr_line' id='line_1_16' title="bbox 310 1568 1904 1642; baseline 0.003 -22"><span class='ocrx_word' id='word_1_109' title='bbox 310 1568 480 1621; x_wconf 80' lang='grc' dir='ltr'><strong>αὑτοῦ</strong></span> <span class='ocrx_word' id='word_1_110' title='bbox 517 1573 782 1642; x_wconf 83' lang='grc' dir='ltr'><strong>κρατήσει</strong></span> <span class='ocrx_word' id='word_1_111' title='bbox 818 1572 916 1624; x_wconf 77' lang='grc' dir='ltr'><strong>τοῦ</strong></span> <span class='ocrx_word' id='word_1_112' title='bbox 950 1572 1107 1640; x_wconf 84' lang='grc' dir='ltr'><strong>ἁγίου</strong></span> <span class='ocrx_word' id='word_1_113' title='bbox 1139 1572 1445 1625; x_wconf 83' lang='grc' dir='ltr'><strong>Βαπτιστοῦ</strong></span> <span class='ocrx_word' id='word_1_114' title='bbox 1479 1572 1538 1625; x_wconf 74' lang='grc' dir='ltr'><strong>τὸ</strong></span> <span class='ocrx_word' id='word_1_115' title='bbox 1571 1573 1686 1626; x_wconf 81' lang='grc' dir='ltr'><strong>ἴσον</strong></span> <span class='ocrx_word' id='word_1_116' title='bbox 1712 1572 1904 1624; x_wconf 75' lang='grc' dir='ltr'><strong>ἀναλό-</strong></span> 
     </span>
    </p>
   </div>
   <div class='ocr_carea' id='block_1_17' title="bbox 310 1659 1902 1733">
    <p class='ocr_par' dir='ltr' id='par_1_17' title="bbox 310 1659 1902 1733">
     <span class='ocr_line' id='line_1_17' title="bbox 310 1659 1902 1733; baseline 0.002 -22"><span class='ocrx_word' id='word_1_117' title='bbox 310 1676 424 1728; x_wconf 87' lang='grc' dir='ltr'><strong>γως</strong></span> <span class='ocrx_word' id='word_1_118' title='bbox 452 1662 568 1723; x_wconf 77' lang='grc' dir='ltr'><strong>τοῖς</strong></span> <span class='ocrx_word' id='word_1_119' title='bbox 601 1660 943 1732; x_wconf 74' lang='grc' dir='ltr'><strong>θεωρήμασι.</strong></span> <span class='ocrx_word' id='word_1_120' title='bbox 975 1662 1241 1733; x_wconf 84' lang='grc' dir='ltr'><strong>Σημαίνει</strong></span> <span class='ocrx_word' id='word_1_121' title='bbox 1269 1661 1326 1715; x_wconf 81' lang='grc' dir='ltr'><strong>δέ</strong></span> <span class='ocrx_word' id='word_1_122' title='bbox 1357 1661 1560 1732; x_wconf 84' lang='grc' dir='ltr'><strong>ὁμοίως</strong></span> <span class='ocrx_word' id='word_1_123' title='bbox 1593 1660 1682 1715; x_wconf 85' lang='grc' dir='ltr'><strong>τὸν</strong></span> <span class='ocrx_word' id='word_1_124' title='bbox 1709 1659 1902 1731; x_wconf 84' lang='grc' dir='ltr'><strong>χρόνον</strong></span> 
     </span>
    </p>
   </div>
   <div class='ocr_carea' id='block_1_18' title="bbox 309 1748 1902 1823">
    <p class='ocr_par' dir='ltr' id='par_1_18' title="bbox 309 1748 1902 1823">
     <span class='ocr_line' id='line_1_18' title="bbox 309 1748 1902 1823; baseline 0.002 -23"><span class='ocrx_word' id='word_1_125' title='bbox 309 1748 392 1812; x_wconf 76' lang='grc' dir='ltr'><strong>τὸ,</strong></span> <span class='ocrx_word' id='word_1_126' title='bbox 433 1768 452 1800; x_wconf 76' lang='grc' dir='ltr'><strong>ι</strong></span> <span class='ocrx_word' id='word_1_127' title='bbox 484 1749 600 1802; x_wconf 85' lang='grc' dir='ltr'><strong>Οὐκ</strong></span> <span class='ocrx_word' id='word_1_128' title='bbox 625 1750 922 1821; x_wconf 79' lang='grc' dir='ltr'><strong>ἐγήγερται</strong></span> <span class='ocrx_word' id='word_1_129' title='bbox 953 1750 1176 1820; x_wconf 78' lang='grc' dir='ltr'><strong>μείζων.</strong></span> <span class='ocrx_word' id='word_1_130' title='bbox 1212 1771 1230 1802; x_wconf 76' lang='grc' dir='ltr'><strong>ι</strong></span> <span class='ocrx_word' id='word_1_131' title='bbox 1250 1749 1388 1823; x_wconf 82' lang='grc' dir='ltr'><strong>Ἀλλ’</strong></span> <span class='ocrx_word' id='word_1_132' title='bbox 1416 1751 1516 1804; x_wconf 81' lang='grc' dir='ltr'><strong>οὐκ</strong></span> <span class='ocrx_word' id='word_1_133' title='bbox 1541 1751 1747 1822; x_wconf 79' lang='grc' dir='ltr'><strong>ἀληθὴς</strong></span> <span class='ocrx_word' id='word_1_134' title='bbox 1769 1752 1902 1822; x_wconf 80' lang='grc' dir='ltr'><strong>ημῖν</strong></span> 
     </span>
    </p>
   </div>
   <div class='ocr_carea' id='block_1_19' title="bbox 309 1841 1902 1914">
    <p class='ocr_par' dir='ltr' id='par_1_19' title="bbox 309 1841 1902 1914">
     <span class='ocr_line' id='line_1_19' title="bbox 309 1841 1902 1914; baseline 0 -20"><span class='ocrx_word' id='word_1_135' title='bbox 309 1843 338 1894; x_wconf 85' lang='grc' dir='ltr'>ὀ</span> <span class='ocrx_word' id='word_1_136' title='bbox 362 1841 457 1893; x_wconf 70' lang='grc' dir='ltr'><strong>ἐπὶ</strong></span> <span class='ocrx_word' id='word_1_137' title='bbox 477 1841 654 1912; x_wconf 85' lang='grc' dir='ltr'><strong>τούτῳ</strong></span> <span class='ocrx_word' id='word_1_138' title='bbox 673 1841 996 1912; x_wconf 79' lang='grc' dir='ltr'><strong>λεχθήσεται</strong></span> <span class='ocrx_word' id='word_1_139' title='bbox 1027 1842 1204 1911; x_wconf 88' lang='grc' dir='ltr'><strong>λόγος,</strong></span> <span class='ocrx_word' id='word_1_140' title='bbox 1241 1843 1669 1913; x_wconf 81' lang='grc' dir='ltr'><strong>ἀντελεγχούσης</strong></span> <span class='ocrx_word' id='word_1_141' title='bbox 1701 1843 1902 1914; x_wconf 86' lang='grc' dir='ltr'><strong>τρόπον</strong></span> 
     </span>
    </p>
   </div>
   <div class='ocr_carea' id='block_1_20' title="bbox 2009 645 2892 718">
    <p class='ocr_par' dir='ltr' id='par_1_20' title="bbox 2009 645 2892 718">
     <span class='ocr_line' id='line_1_20' title="bbox 2009 645 2892 718; baseline -0.005 -14"><span class='ocrx_word' id='word_1_142' title='bbox 2009 650 2190 704; x_wconf 84' lang='lat' dir='ltr'><strong>omnia</strong></span> <span class='ocrx_word' id='word_1_143' title='bbox 2220 657 2275 704; x_wconf 90' lang='lat' dir='ltr'><strong>et</strong></span> <span class='ocrx_word' id='word_1_144' title='bbox 2308 648 2536 718; x_wconf 70' lang='lat' dir='ltr'><strong>aequalis</strong></span> <span class='ocrx_word' id='word_1_145' title='bbox 2570 661 2668 702; x_wconf 88' lang='lat' dir='ltr'><strong>suo</strong></span> <span class='ocrx_word' id='word_1_146' title='bbox 2704 645 2892 701; x_wconf 81' lang='lat' dir='ltr'><strong>Patri?</strong></span> 
     </span>
    </p>
   </div>
   <div class='ocr_carea' id='block_1_21' title="bbox 2009 844 3606 923">
    <p class='ocr_par' dir='ltr' id='par_1_21' title="bbox 2009 844 3606 923">
     <span class='ocr_line' id='line_1_21' title="bbox 2009 844 3606 923; baseline -0.008 -15"><span class='ocrx_word' id='word_1_147' title='bbox 2009 852 2248 918; x_wconf 85' lang='lat' dir='ltr'><strong>ALIUD,</strong></span> <span class='ocrx_word' id='word_1_148' title='bbox 2294 869 2387 923; x_wconf 84' lang='lat' dir='ltr'><strong>per</strong></span> <span class='ocrx_word' id='word_1_149' title='bbox 2428 848 2782 923; x_wconf 78' lang='lat' dir='ltr'><strong>reductionem</strong></span> <span class='ocrx_word' id='word_1_150' title='bbox 2835 848 2905 902; x_wconf 86' lang='lat' dir='ltr'><strong>ad</strong></span> <span class='ocrx_word' id='word_1_151' title='bbox 2953 844 3276 923; x_wconf 72' lang='lat' dir='ltr'><strong>absurdum,</strong></span> <span class='ocrx_word' id='word_1_152' title='bbox 3327 844 3606 923; x_wconf 68' lang='lat' dir='ltr'><strong>ostendens</strong></span> 
     </span>
    </p>
   </div>
   <div class='ocr_carea' id='block_1_22' title="bbox 2082 915 3606 992">
    <p class='ocr_par' dir='ltr' id='par_1_22' title="bbox 2082 915 3606 992">
     <span class='ocr_line' id='line_1_22' title="bbox 2082 915 3606 992; baseline -0.009 -15"><span class='ocrx_word' id='word_1_153' title='bbox 2082 915 2424 992; x_wconf 59' lang='lat' dir='ltr'><strong>falsam&#39;eue</strong></span> <span class='ocrx_word' id='word_1_154' title='bbox 2462 922 2895 975; x_wconf 72' lang='lat' dir='ltr'><strong>adversariorum</strong></span> <span class='ocrx_word' id='word_1_155' title='bbox 2936 918 3383 987; x_wconf 78' lang='lat' dir='ltr'><strong>propositionem;</strong></span> <span class='ocrx_word' id='word_1_156' title='bbox 3424 924 3471 967; x_wconf 83' lang='lat' dir='ltr'><strong>et</strong></span> <span class='ocrx_word' id='word_1_157' title='bbox 3514 915 3606 965; x_wconf 81' lang='lat' dir='ltr'><strong>ub-</strong></span> 
     </span>
    </p>
   </div>
   <div class='ocr_carea' id='block_1_23' title="bbox 2081 992 2801 1049">
    <p class='ocr_par' dir='ltr' id='par_1_23' title="bbox 2081 992 2801 1049">
     <span class='ocr_line' id='line_1_23' title="bbox 2081 992 2801 1049; baseline -0.004 -2"><span class='ocrx_word' id='word_1_158' title='bbox 2081 996 2300 1049; x_wconf 79' lang='lat' dir='ltr'><strong>surdum</strong></span> <span class='ocrx_word' id='word_1_159' title='bbox 2336 1008 2449 1047; x_wconf 71' lang='lat' dir='ltr'><strong>esse</strong></span> <span class='ocrx_word' id='word_1_160' title='bbox 2477 992 2556 1045; x_wconf 80' lang='lat' dir='ltr'><strong>ita</strong></span> <span class='ocrx_word' id='word_1_161' title='bbox 2586 992 2801 1044; x_wconf 82' lang='lat' dir='ltr'><strong>sentire.</strong></span> 
     </span>
    </p>
   </div>
   <div class='ocr_carea' id='block_1_24' title="bbox 2078 1096 3603 1162">
    <p class='ocr_par' dir='ltr' id='par_1_24' title="bbox 2078 1096 3603 1162">
     <span class='ocr_line' id='line_1_24' title="bbox 2078 1096 3603 1162; baseline -0.01 -1"><span class='ocrx_word' id='word_1_162' title='bbox 2078 1106 2328 1162; x_wconf 77' lang='lat' dir='ltr'><strong>Christus</strong></span> <span class='ocrx_word' id='word_1_163' title='bbox 2359 1103 2558 1160; x_wconf 81' lang='lat' dir='ltr'><strong>alicubi</strong></span> <span class='ocrx_word' id='word_1_164' title='bbox 2592 1104 2666 1158; x_wconf 90' lang='lat' dir='ltr'><strong>ita</strong></span> <span class='ocrx_word' id='word_1_165' title='bbox 2698 1101 2775 1156; x_wconf 86' lang='lat' dir='ltr'><strong>ait</strong></span> <span class='ocrx_word' id='word_1_166' title='bbox 2804 1119 2819 1156; x_wconf 90' lang='lat'><strong>:</strong></span> <span class='ocrx_word' id='word_1_167' title='bbox 2856 1118 2876 1152; x_wconf 81' lang='grc' dir='ltr'><strong>ι</strong></span> <span class='ocrx_word' id='word_1_168' title='bbox 2909 1098 3027 1153; x_wconf 80' lang='lat' dir='ltr'><strong>Non</strong></span> <span class='ocrx_word' id='word_1_169' title='bbox 3057 1096 3295 1153; x_wconf 80' lang='lat' dir='ltr'><strong>surrexit</strong></span> <span class='ocrx_word' id='word_1_170' title='bbox 3330 1096 3475 1150; x_wconf 89' lang='lat' dir='ltr'><strong>inter</strong></span> <span class='ocrx_word' id='word_1_171' title='bbox 3505 1108 3603 1147; x_wconf 85' lang='lat' dir='ltr'><strong>na-</strong></span> 
     </span>
    </p>
   </div>
   <div class='ocr_carea' id='block_1_25' title="bbox 2011 1189 3603 1265">
    <p class='ocr_par' dir='ltr' id='par_1_25' title="bbox 2011 1189 3603 1265">
     <span class='ocr_line' id='line_1_25' title="bbox 2011 1189 3603 1265; baseline -0.009 -13"><span class='ocrx_word' id='word_1_172' title='bbox 2011 1208 2094 1253; x_wconf 92' lang='lat' dir='ltr'><strong>tos</strong></span> <span class='ocrx_word' id='word_1_173' title='bbox 2124 1197 2413 1252; x_wconf 86' lang='lat' dir='ltr'><strong>mulierum</strong></span> <span class='ocrx_word' id='word_1_174' title='bbox 2447 1195 2624 1265; x_wconf 84' lang='lat' dir='ltr'><strong>major</strong></span> <span class='ocrx_word' id='word_1_175' title='bbox 2648 1193 2857 1251; x_wconf 89' lang='lat' dir='ltr'><strong>Joanne</strong></span> <span class='ocrx_word' id='word_1_176' title='bbox 2887 1190 3130 1262; x_wconf 84' lang='lat' dir='ltr'><strong>Baptista</strong></span> <span class='ocrx_word' id='word_1_177' title='bbox 3163 1208 3178 1245; x_wconf 85' lang='lat'><strong>:</strong></span> <span class='ocrx_word' id='word_1_178' title='bbox 3215 1189 3394 1243; x_wconf 91' lang='lat' dir='ltr'><strong>minor</strong></span> <span class='ocrx_word' id='word_1_179' title='bbox 3421 1196 3603 1240; x_wconf 88' lang='lat' dir='ltr'><strong>autem</strong></span> 
     </span>
    </p>
   </div>
   <div class='ocr_carea' id='block_1_26' title="bbox 2009 1282 3600 1361">
    <p class='ocr_par' dir='ltr' id='par_1_26' title="bbox 2009 1282 3600 1361">
     <span class='ocr_line' id='line_1_26' title="bbox 2009 1282 3600 1361; baseline -0.008 -14"><span class='ocrx_word' id='word_1_180' title='bbox 2009 1293 2062 1347; x_wconf 91' lang='lat' dir='ltr'><strong>in</strong></span> <span class='ocrx_word' id='word_1_181' title='bbox 2100 1306 2264 1361; x_wconf 89' lang='lat' dir='ltr'><strong>regno</strong></span> <span class='ocrx_word' id='word_1_182' title='bbox 2295 1292 2560 1346; x_wconf 74' lang='lat' dir='ltr'><strong>caelorum</strong></span> <span class='ocrx_word' id='word_1_183' title='bbox 2608 1288 2784 1357; x_wconf 85' lang='lat' dir='ltr'><strong>major</strong></span> <span class='ocrx_word' id='word_1_184' title='bbox 2839 1285 2950 1357; x_wconf 81' lang='lat'><strong>95</strong></span> <span class='ocrx_word' id='word_1_185' title='bbox 2983 1285 3101 1354; x_wconf 92' lang='lat' dir='ltr'><strong>ipso</strong></span> <span class='ocrx_word' id='word_1_186' title='bbox 3132 1293 3236 1338; x_wconf 86' lang='lat' dir='ltr'><strong>est.</strong></span> <span class='ocrx_word' id='word_1_187' title='bbox 3277 1301 3295 1333; x_wconf 73' lang='grc' dir='ltr'><strong>ι</strong></span> <span class='ocrx_word' id='word_1_188' title='bbox 3331 1282 3600 1336; x_wconf 69' lang='lat' dir='ltr'><strong>Caeterum</strong></span> 
     </span>
    </p>
   </div>
   <div class='ocr_carea' id='block_1_27' title="bbox 2007 1371 3600 1451">
    <p class='ocr_par' dir='ltr' id='par_1_27' title="bbox 2007 1371 3600 1451">
     <span class='ocr_line' id='line_1_27' title="bbox 2007 1371 3600 1451; baseline -0.008 -15"><span class='ocrx_word' id='word_1_189' title='bbox 2007 1383 2053 1437; x_wconf 84' lang='lat' dir='ltr'><strong>si</strong></span> <span class='ocrx_word' id='word_1_190' title='bbox 2102 1382 2152 1436; x_wconf 88' lang='lat' dir='ltr'><strong>id</strong></span> <span class='ocrx_word' id='word_1_191' title='bbox 2197 1380 2340 1451; x_wconf 89' lang='lat' dir='ltr'><strong>quod</strong></span> <span class='ocrx_word' id='word_1_192' title='bbox 2381 1377 2608 1434; x_wconf 68' lang='lat' dir='ltr'><strong>affertur</strong></span> <span class='ocrx_word' id='word_1_193' title='bbox 2651 1378 2716 1432; x_wconf 91' lang='lat' dir='ltr'><strong>de</strong></span> <span class='ocrx_word' id='word_1_194' title='bbox 2759 1375 2978 1432; x_wconf 77' lang='lat' dir='ltr'><strong>Christo</strong></span> <span class='ocrx_word' id='word_1_195' title='bbox 3018 1375 3197 1428; x_wconf 89' lang='lat' dir='ltr'><strong>minus</strong></span> <span class='ocrx_word' id='word_1_196' title='bbox 3238 1371 3600 1442; x_wconf 90' lang='lat' dir='ltr'><strong>quantitatem</strong></span> 
     </span>
    </p>
   </div>
   <div class='ocr_carea' id='block_1_28' title="bbox 2007 1461 3602 1540">
    <p class='ocr_par' dir='ltr' id='par_1_28' title="bbox 2007 1461 3602 1540">
     <span class='ocr_line' id='line_1_28' title="bbox 2007 1461 3602 1540; baseline -0.007 -16"><span class='ocrx_word' id='word_1_197' title='bbox 2007 1471 2273 1540; x_wconf 78' lang='lat' dir='ltr'><strong>temporis</strong></span> <span class='ocrx_word' id='word_1_198' title='bbox 2309 1468 2616 1539; x_wconf 89' lang='lat' dir='ltr'><strong>significat,</strong></span> <span class='ocrx_word' id='word_1_199' title='bbox 2653 1467 2844 1522; x_wconf 87' lang='lat' dir='ltr'><strong>eadem</strong></span> <span class='ocrx_word' id='word_1_200' title='bbox 2883 1465 3095 1518; x_wconf 87' lang='lat' dir='ltr'><strong>ratione</strong></span> <span class='ocrx_word' id='word_1_201' title='bbox 3131 1463 3297 1516; x_wconf 90' lang='lat' dir='ltr'><strong>etiam</strong></span> <span class='ocrx_word' id='word_1_202' title='bbox 3335 1461 3602 1516; x_wconf 83' lang='lat' dir='ltr'><strong>Joannem</strong></span> 
     </span>
    </p>
   </div>
   <div class='ocr_carea' id='block_1_29' title="bbox 2007 1553 3602 1633">
    <p class='ocr_par' dir='ltr' id='par_1_29' title="bbox 2007 1553 3602 1633">
     <span class='ocr_line' id='line_1_29' title="bbox 2007 1553 3602 1633; baseline -0.007 -16"><span class='ocrx_word' id='word_1_203' title='bbox 2007 1563 2305 1633; x_wconf 70' lang='lat' dir='ltr'><strong>Baptista!“</strong></span> <span class='ocrx_word' id='word_1_204' title='bbox 2344 1563 2460 1616; x_wconf 69' lang='lat' dir='ltr'><strong>haec</strong></span> <span class='ocrx_word' id='word_1_205' title='bbox 2495 1558 2944 1631; x_wconf 69' lang='lat' dir='ltr'><strong>comprehendet.</strong></span> <span class='ocrx_word' id='word_1_206' title='bbox 2980 1556 3268 1627; x_wconf 87' lang='lat' dir='ltr'><strong>Significat</strong></span> <span class='ocrx_word' id='word_1_207' title='bbox 3305 1563 3486 1607; x_wconf 91' lang='lat' dir='ltr'><strong>autem</strong></span> <span class='ocrx_word' id='word_1_208' title='bbox 3524 1553 3602 1606; x_wconf 80' lang='lat' dir='ltr'><strong>si-</strong></span> 
     </span>
    </p>
   </div>
   <div class='ocr_carea' id='block_1_30' title="bbox 2009 1645 3602 1724">
    <p class='ocr_par' dir='ltr' id='par_1_30' title="bbox 2009 1645 3602 1724">
     <span class='ocr_line' id='line_1_30' title="bbox 2009 1645 3602 1724; baseline -0.008 -14"><span class='ocrx_word' id='word_1_209' title='bbox 2009 1656 2218 1710; x_wconf 87' lang='lat' dir='ltr'><strong>militer</strong></span> <span class='ocrx_word' id='word_1_210' title='bbox 2247 1665 2483 1724; x_wconf 86' lang='lat' dir='ltr'><strong>tempus,</strong></span> <span class='ocrx_word' id='word_1_211' title='bbox 2517 1652 2648 1707; x_wconf 91' lang='lat' dir='ltr'><strong>illud</strong></span> <span class='ocrx_word' id='word_1_212' title='bbox 2684 1670 2697 1706; x_wconf 93' lang='lat'><strong>:</strong></span> <span class='ocrx_word' id='word_1_213' title='bbox 2737 1669 2754 1703; x_wconf 84' lang='lat' dir='ltr'><strong>t</strong></span> <span class='ocrx_word' id='word_1_214' title='bbox 2790 1648 2906 1707; x_wconf 80' lang='lat' dir='ltr'><strong>Non</strong></span> <span class='ocrx_word' id='word_1_215' title='bbox 2938 1648 3180 1704; x_wconf 78' lang='lat' dir='ltr'><strong>surrexit</strong></span> <span class='ocrx_word' id='word_1_216' title='bbox 3213 1646 3409 1714; x_wconf 83' lang='lat' dir='ltr'><strong>major.</strong></span> <span class='ocrx_word' id='word_1_217' title='bbox 3445 1662 3465 1698; x_wconf 74' lang='grc' dir='ltr'><strong>ι</strong></span> <span class='ocrx_word' id='word_1_218' title='bbox 3499 1645 3602 1699; x_wconf 84' lang='lat' dir='ltr'><strong>At-</strong></span> 
     </span>
    </p>
   </div>
   <div class='ocr_carea' id='block_1_31' title="bbox 2007 1738 3604 1817">
    <p class='ocr_par' dir='ltr' id='par_1_31' title="bbox 2007 1738 3604 1817">
     <span class='ocr_line' id='line_1_31' title="bbox 2007 1738 3604 1817; baseline -0.008 -16"><span class='ocrx_word' id='word_1_219' title='bbox 2007 1747 2097 1817; x_wconf 85' lang='lat' dir='ltr'><strong>qui</strong></span> <span class='ocrx_word' id='word_1_220' title='bbox 2143 1749 2246 1802; x_wconf 90' lang='lat' dir='ltr'><strong>hoc</strong></span> <span class='ocrx_word' id='word_1_221' title='bbox 2280 1761 2468 1800; x_wconf 88' lang='lat' dir='ltr'><strong>verum</strong></span> <span class='ocrx_word' id='word_1_222' title='bbox 2503 1759 2610 1799; x_wconf 93' lang='lat' dir='ltr'><strong>non</strong></span> <span class='ocrx_word' id='word_1_223' title='bbox 2644 1753 2751 1810; x_wconf 90' lang='lat' dir='ltr'><strong>est,</strong></span> <span class='ocrx_word' id='word_1_224' title='bbox 2786 1758 2910 1797; x_wconf 90' lang='lat' dir='ltr'><strong>cum</strong></span> <span class='ocrx_word' id='word_1_225' title='bbox 2953 1741 3071 1811; x_wconf 85' lang='lat' dir='ltr'><strong>ipsa</strong></span> <span class='ocrx_word' id='word_1_226' title='bbox 3117 1755 3272 1795; x_wconf 89' lang='lat' dir='ltr'><strong>saera</strong></span> <span class='ocrx_word' id='word_1_227' title='bbox 3316 1738 3604 1811; x_wconf 83' lang='lat' dir='ltr'><strong>Scriptura</strong></span> 
     </span>
    </p>
   </div>
   <div class='ocr_carea' id='block_1_32' title="bbox 2010 1831 3603 1908">
    <p class='ocr_par' dir='ltr' id='par_1_32' title="bbox 2010 1831 3603 1908">
     <span class='ocr_line' id='line_1_32' title="bbox 2010 1831 3603 1908; baseline -0.007 -17"><span class='ocrx_word' id='word_1_228' title='bbox 2010 1848 2292 1908; x_wconf 79' lang='lat' dir='ltr'><strong>repugnet,</strong></span> <span class='ocrx_word' id='word_1_229' title='bbox 2320 1845 2373 1892; x_wconf 93' lang='lat' dir='ltr'><strong>et</strong></span> <span class='ocrx_word' id='word_1_230' title='bbox 2396 1836 2664 1890; x_wconf 80' lang='lat' dir='ltr'><strong>Adamum</strong></span> <span class='ocrx_word' id='word_1_231' title='bbox 2697 1833 2914 1905; x_wconf 78' lang='lat' dir='ltr'><strong>generis</strong></span> <span class='ocrx_word' id='word_1_232' title='bbox 2947 1831 3121 1886; x_wconf 89' lang='lat' dir='ltr'><strong>nostri</strong></span> <span class='ocrx_word' id='word_1_233' title='bbox 3151 1840 3431 1884; x_wconf 91' lang='lat' dir='ltr'><strong>auctorem</strong></span> <span class='ocrx_word' id='word_1_234' title='bbox 3464 1843 3603 1881; x_wconf 85' lang='lat' dir='ltr'><strong>non-</strong></span> 
     </span>
    </p>
   </div>
   <div class='ocr_carea' id='block_1_33' title="bbox 309 1914 1908 2006">
    <p class='ocr_par' dir='ltr' id='par_1_33' title="bbox 309 1931 1905 2006">
     <span class='ocr_line' id='line_1_33' title="bbox 309 1931 1905 2006; baseline 0.003 -22"><span class='ocrx_word' id='word_1_235' title='bbox 309 1931 435 1986; x_wconf 78' lang='grc' dir='ltr'><strong>τινὰ</strong></span> <span class='ocrx_word' id='word_1_236' title='bbox 459 1935 559 2003; x_wconf 79' lang='grc' dir='ltr'><strong>τῆς</strong></span> <span class='ocrx_word' id='word_1_237' title='bbox 591 1932 744 1997; x_wconf 82' lang='grc' dir='ltr'><strong>θείας</strong></span> <span class='ocrx_word' id='word_1_238' title='bbox 776 1933 1000 2003; x_wconf 76' lang='grc' dir='ltr'><strong>Γραφῆς</strong></span> <span class='ocrx_word' id='word_1_239' title='bbox 1034 1935 1129 1988; x_wconf 79' lang='grc' dir='ltr'><strong>καὶ</strong></span> <span class='ocrx_word' id='word_1_240' title='bbox 1167 1933 1357 2005; x_wconf 84' lang='grc' dir='ltr'><strong>βιῶναι</strong></span> <span class='ocrx_word' id='word_1_241' title='bbox 1387 1935 1651 2006; x_wconf 79' lang='grc' dir='ltr'><strong>λεγούσης</strong></span> <span class='ocrx_word' id='word_1_242' title='bbox 1679 1935 1771 1988; x_wconf 80' lang='grc' dir='ltr'><strong>τὸν</strong></span> <span class='ocrx_word' id='word_1_243' title='bbox 1806 1933 1905 2005; x_wconf 80' lang='grc' dir='ltr'><strong>μὲν</strong></span> 
     </span>
    </p>
   </div>
   <div class='ocr_carea' id='block_1_34' title="bbox 2019 1914 3606 2006">
    <p class='ocr_par' dir='ltr' id='par_1_34' title="bbox 2019 1921 3606 2002">
     <span class='ocr_line' id='line_1_34' title="bbox 2019 1921 3606 2002; baseline -0.006 -17"><span class='ocrx_word' id='word_1_244' title='bbox 2019 1939 2198 2002; x_wconf 73' lang='lat' dir='ltr'><strong>gentos</strong></span> <span class='ocrx_word' id='word_1_245' title='bbox 2223 1927 2612 1999; x_wconf 78' lang='lat' dir='ltr'><strong>quinquaginta</strong></span> <span class='ocrx_word' id='word_1_246' title='bbox 2644 1941 2817 1981; x_wconf 89' lang='lat' dir='ltr'><strong>annos</strong></span> <span class='ocrx_word' id='word_1_247' title='bbox 2845 1925 3047 1980; x_wconf 75' lang='lat' dir='ltr'><strong>vixisse</strong></span> <span class='ocrx_word' id='word_1_248' title='bbox 3075 1931 3325 1986; x_wconf 89' lang='lat' dir='ltr'><strong>testetnr,</strong></span> <span class='ocrx_word' id='word_1_249' title='bbox 3358 1921 3606 1988; x_wconf 88' lang='lat' dir='ltr'><strong>aliosque</strong></span> 
     </span>
    </p>
   </div>
   <div class='ocr_carea' id='block_1_35' title="bbox 309 2022 1908 2096">
    <p class='ocr_par' dir='ltr' id='par_1_35' title="bbox 309 2022 1908 2096">
     <span class='ocr_line' id='line_1_35' title="bbox 309 2022 1908 2096; baseline 0.001 -20"><span class='ocrx_word' id='word_1_250' title='bbox 309 2022 407 2076; x_wconf 81' lang='grc' dir='ltr'><strong>τοῦ</strong></span> <span class='ocrx_word' id='word_1_251' title='bbox 442 2023 634 2092; x_wconf 84' lang='grc' dir='ltr'><strong>γένους</strong></span> <span class='ocrx_word' id='word_1_252' title='bbox 675 2024 836 2096; x_wconf 79' lang='grc' dir='ltr'><strong>ἡμῶν</strong></span> <span class='ocrx_word' id='word_1_253' title='bbox 881 2025 1195 2095; x_wconf 76' lang='grc' dir='ltr'><strong>ἀρχηγέτην</strong></span> <span class='ocrx_word' id='word_1_254' title='bbox 1247 2024 1421 2095; x_wconf 70' lang='grc' dir='ltr'><strong>Ἀδὰμ</strong></span> <span class='ocrx_word' id='word_1_255' title='bbox 1450 2026 1537 2095; x_wconf 77' lang='grc' dir='ltr'><strong>ἐφ’</strong></span> <span class='ocrx_word' id='word_1_256' title='bbox 1560 2027 1703 2089; x_wconf 82' lang='grc' dir='ltr'><strong>ὅλοις</strong></span> <span class='ocrx_word' id='word_1_257' title='bbox 1732 2026 1908 2079; x_wconf 79' lang='grc' dir='ltr'><strong>ἐτεσιν</strong></span> 
     </span>
    </p>
   </div>
   <div class='ocr_carea' id='block_1_36' title="bbox 309 2115 1908 2188">
    <p class='ocr_par' dir='ltr' id='par_1_36' title="bbox 309 2115 1908 2188">
     <span class='ocr_line' id='line_1_36' title="bbox 309 2115 1908 2188; baseline 0.003 -22"><span class='ocrx_word' id='word_1_258' title='bbox 309 2115 681 2180; x_wconf 77' lang='grc' dir='ltr'><strong>ἐννεακοσίοις</strong></span> <span class='ocrx_word' id='word_1_259' title='bbox 727 2117 818 2170; x_wconf 74' lang='grc' dir='ltr'><strong>τὸν</strong></span> <span class='ocrx_word' id='word_1_260' title='bbox 867 2116 1101 2188; x_wconf 83' lang='grc' dir='ltr'><strong>ἀριθμὸν</strong></span> <span class='ocrx_word' id='word_1_261' title='bbox 1148 2118 1242 2172; x_wconf 77' lang='grc' dir='ltr'><strong>καὶ</strong></span> <span class='ocrx_word' id='word_1_262' title='bbox 1289 2119 1656 2186; x_wconf 82' lang='grc' dir='ltr'><strong>πεντήκοντα·</strong></span> <span class='ocrx_word' id='word_1_263' title='bbox 1688 2117 1908 2187; x_wconf 83' lang='grc' dir='ltr'><strong>ἐτέρους</strong></span> 
     </span>
    </p>
   </div>
   <div class='ocr_carea' id='block_1_37' title="bbox 307 2203 1909 2280">
    <p class='ocr_par' dir='ltr' id='par_1_37' title="bbox 307 2203 1909 2280">
     <span class='ocr_line' id='line_1_37' title="bbox 307 2203 1909 2280; baseline 0.002 -22"><span class='ocrx_word' id='word_1_264' title='bbox 307 2203 368 2259; x_wconf 81' lang='grc' dir='ltr'><strong>δέ</strong></span> <span class='ocrx_word' id='word_1_265' title='bbox 403 2206 568 2260; x_wconf 78' lang='grc' dir='ltr'><strong>πάλιν</strong></span> <span class='ocrx_word' id='word_1_266' title='bbox 596 2207 790 2278; x_wconf 85' lang='grc' dir='ltr'><strong>ἐκείνῳ</strong></span> <span class='ocrx_word' id='word_1_267' title='bbox 821 2208 1063 2280; x_wconf 86' lang='grc' dir='ltr'><strong>τιθείσης</strong></span> <span class='ocrx_word' id='word_1_268' title='bbox 1091 2211 1170 2273; x_wconf 83' lang='grc' dir='ltr'><strong>είς</strong></span> <span class='ocrx_word' id='word_1_269' title='bbox 1200 2209 1473 2279; x_wconf 83' lang='grc' dir='ltr'><strong>ποσότητα</strong></span> <span class='ocrx_word' id='word_1_270' title='bbox 1503 2209 1601 2280; x_wconf 83' lang='grc' dir='ltr'><strong>τὴν</strong></span> <span class='ocrx_word' id='word_1_271' title='bbox 1643 2212 1698 2262; x_wconf 86' lang='grc' dir='ltr'><strong>ἐν</strong></span> <span class='ocrx_word' id='word_1_272' title='bbox 1730 2210 1909 2280; x_wconf 84' lang='grc' dir='ltr'><strong>χρόνῳ</strong></span> 
     </span>
    </p>
   </div>
   <div class='ocr_carea' id='block_1_38' title="bbox 309 2295 1906 2369">
    <p class='ocr_par' dir='ltr' id='par_1_38' title="bbox 309 2295 1906 2369">
     <span class='ocr_line' id='line_1_38' title="bbox 309 2295 1906 2369; baseline 0.003 -21"><span class='ocrx_word' id='word_1_273' title='bbox 309 2295 582 2363; x_wconf 79' lang='grc' dir='ltr'><strong>γείτονας,</strong></span> <span class='ocrx_word' id='word_1_274' title='bbox 606 2299 899 2369; x_wconf 78' lang='grc' dir='ltr'><strong>γεννητοὺς</strong></span> <span class='ocrx_word' id='word_1_275' title='bbox 921 2298 1082 2362; x_wconf 73' lang='grc' dir='ltr'><strong>ὄντας</strong></span> <span class='ocrx_word' id='word_1_276' title='bbox 1109 2301 1172 2353; x_wconf 89' lang='grc' dir='ltr'><strong>ἐκ</strong></span> <span class='ocrx_word' id='word_1_277' title='bbox 1200 2301 1495 2368; x_wconf 84' lang='grc' dir='ltr'><strong>γυναικῶν,</strong></span> <span class='ocrx_word' id='word_1_278' title='bbox 1527 2300 1668 2353; x_wconf 77' lang='grc' dir='ltr'><strong>κατὰ</strong></span> <span class='ocrx_word' id='word_1_279' title='bbox 1694 2300 1791 2369; x_wconf 75' lang='grc' dir='ltr'><strong>τὴν</strong></span> <span class='ocrx_word' id='word_1_280' title='bbox 1815 2297 1906 2352; x_wconf 77' lang='grc' dir='ltr'><strong>τοῦ</strong></span> 
     </span>
    </p>
   </div>
   <div class='ocr_carea' id='block_1_39' title="bbox 308 2388 1910 2464">
    <p class='ocr_par' dir='ltr' id='par_1_39' title="bbox 308 2388 1910 2464">
     <span class='ocr_line' id='line_1_39' title="bbox 308 2388 1910 2464; baseline 0.002 -22"><span class='ocrx_word' id='word_1_281' title='bbox 308 2388 568 2462; x_wconf 84' lang='grc' dir='ltr'><strong>Σωτῆρος</strong></span> <span class='ocrx_word' id='word_1_282' title='bbox 601 2389 807 2460; x_wconf 77' lang='grc' dir='ltr'><strong>φωνὴν,</strong></span> <span class='ocrx_word' id='word_1_283' title='bbox 847 2390 1025 2445; x_wconf 82' lang='grc' dir='ltr'><strong>καίτοι</strong></span> <span class='ocrx_word' id='word_1_284' title='bbox 1056 2391 1150 2446; x_wconf 80' lang='grc' dir='ltr'><strong>τοῦ</strong></span> <span class='ocrx_word' id='word_1_285' title='bbox 1188 2392 1661 2464; x_wconf 85' lang='grc' dir='ltr'><strong>προκηρύττοντος</strong></span> <span class='ocrx_word' id='word_1_286' title='bbox 1703 2393 1910 2446; x_wconf 72' lang='lat' dir='ltr'><strong>Barm-</strong></span> 
     </span>
    </p>
   </div>
   <div class='ocr_carea' id='block_1_40' title="bbox 309 2480 1905 2555">
    <p class='ocr_par' dir='ltr' id='par_1_40' title="bbox 309 2480 1905 2555">
     <span class='ocr_line' id='line_1_40' title="bbox 309 2480 1905 2555; baseline 0.005 -23"><span class='ocrx_word' id='word_1_287' title='bbox 309 2480 441 2534; x_wconf 83' lang='grc' dir='ltr'><strong>στοῦ</strong></span> <span class='ocrx_word' id='word_1_288' title='bbox 476 2482 674 2554; x_wconf 73' lang='grc' dir='ltr'><strong>κομιδῇ</strong></span> <span class='ocrx_word' id='word_1_289' title='bbox 711 2481 832 2537; x_wconf 84' lang='grc' dir='ltr'><strong>νέον</strong></span> <span class='ocrx_word' id='word_1_290' title='bbox 861 2483 954 2537; x_wconf 79' lang='grc' dir='ltr'><strong>τὸν</strong></span> <span class='ocrx_word' id='word_1_291' title='bbox 998 2484 1118 2537; x_wconf 79' lang='grc' dir='ltr'><strong>καθ’</strong></span> <span class='ocrx_word' id='word_1_292' title='bbox 1150 2486 1296 2555; x_wconf 76' lang='grc' dir='ltr'><strong>ἡμᾶς</strong></span> <span class='ocrx_word' id='word_1_293' title='bbox 1344 2484 1711 2549; x_wconf 83' lang='grc' dir='ltr'><strong>ἀναλύσαντος</strong></span> <span class='ocrx_word' id='word_1_294' title='bbox 1765 2484 1905 2555; x_wconf 79' lang='grc' dir='ltr'><strong>βίον.</strong></span> 
     </span>
    </p>
   </div>
   <div class='ocr_carea' id='block_1_41' title="bbox 309 2571 1906 2648">
    <p class='ocr_par' dir='ltr' id='par_1_41' title="bbox 309 2571 1906 2648">
     <span class='ocr_line' id='line_1_41' title="bbox 309 2571 1906 2648; baseline 0.003 -24"><span class='ocrx_word' id='word_1_295' title='bbox 309 2571 526 2648; x_wconf 77' lang='grc' dir='ltr'><strong>υῦκοῦν</strong></span> <span class='ocrx_word' id='word_1_296' title='bbox 575 2573 636 2625; x_wconf 77' lang='grc' dir='ltr'><strong>οὐ</strong></span> <span class='ocrx_word' id='word_1_297' title='bbox 684 2573 776 2625; x_wconf 83' lang='grc' dir='ltr'><strong>τὸν</strong></span> <span class='ocrx_word' id='word_1_298' title='bbox 810 2574 1003 2644; x_wconf 86' lang='grc' dir='ltr'><strong>χρόνον</strong></span> <span class='ocrx_word' id='word_1_299' title='bbox 1046 2575 1137 2628; x_wconf 84' lang='grc' dir='ltr'><strong>ἐπ’</strong></span> <span class='ocrx_word' id='word_1_300' title='bbox 1167 2574 1334 2629; x_wconf 83' lang='grc' dir='ltr'><strong>αὑτοῦ</strong></span> <span class='ocrx_word' id='word_1_301' title='bbox 1379 2575 1440 2627; x_wconf 82' lang='grc' dir='ltr'><strong>τὸ</strong></span> <span class='ocrx_word' id='word_1_302' title='bbox 1492 2575 1696 2645; x_wconf 73' lang='grc' dir='ltr'><strong>μείζων</strong></span> <span class='ocrx_word' id='word_1_303' title='bbox 1736 2575 1906 2646; x_wconf 82' lang='grc' dir='ltr'><strong>δηλοῖ,</strong></span> 
     </span>
    </p>
   </div>
   <div class='ocr_carea' id='block_1_42' title="bbox 311 2661 1910 2735">
    <p class='ocr_par' dir='ltr' id='par_1_42' title="bbox 311 2661 1910 2735">
     <span class='ocr_line' id='line_1_42' title="bbox 311 2661 1910 2735; baseline 0.003 -22"><span class='ocrx_word' id='word_1_304' title='bbox 311 2661 521 2731; x_wconf 78' lang='grc' dir='ltr'><strong>μᾶλλον</strong></span> <span class='ocrx_word' id='word_1_305' title='bbox 544 2661 602 2715; x_wconf 73' lang='grc' dir='ltr'><strong>δὲ</strong></span> <span class='ocrx_word' id='word_1_306' title='bbox 629 2662 721 2715; x_wconf 78' lang='grc' dir='ltr'><strong>τὸν</strong></span> <span class='ocrx_word' id='word_1_307' title='bbox 747 2663 806 2715; x_wconf 81' lang='grc' dir='ltr'><strong>ὲν</strong></span> <span class='ocrx_word' id='word_1_308' title='bbox 831 2663 1000 2735; x_wconf 81' lang='grc' dir='ltr'><strong>ἀρετῇ</strong></span> <span class='ocrx_word' id='word_1_309' title='bbox 1025 2663 1326 2735; x_wconf 82' lang='grc' dir='ltr'><strong>κεκτῆσθαι</strong></span> <span class='ocrx_word' id='word_1_310' title='bbox 1354 2663 1413 2716; x_wconf 82' lang='grc' dir='ltr'><strong>τὸ</strong></span> <span class='ocrx_word' id='word_1_311' title='bbox 1440 2664 1662 2734; x_wconf 73' lang='grc' dir='ltr'><strong>ὑψηλὸν,</strong></span> <span class='ocrx_word' id='word_1_312' title='bbox 1689 2665 1782 2717; x_wconf 79' lang='grc' dir='ltr'><strong>καὶ</strong></span> <span class='ocrx_word' id='word_1_313' title='bbox 1811 2666 1910 2717; x_wconf 85' lang='grc' dir='ltr'><strong>ἐπ’</strong></span> 
     </span>
    </p>
   </div>
   <div class='ocr_carea' id='block_1_43' title="bbox 309 2752 1910 2826">
    <p class='ocr_par' dir='ltr' id='par_1_43' title="bbox 309 2752 1910 2826">
     <span class='ocr_line' id='line_1_43' title="bbox 309 2752 1910 2826; baseline 0.001 -20"><span class='ocrx_word' id='word_1_314' title='bbox 309 2753 514 2817; x_wconf 82' lang='grc' dir='ltr'><strong>αὐτοὺς</strong></span> <span class='ocrx_word' id='word_1_315' title='bbox 547 2752 816 2825; x_wconf 76' lang='grc' dir='ltr'><strong>ἀναϐῆναι</strong></span> <span class='ocrx_word' id='word_1_316' title='bbox 856 2752 1044 2809; x_wconf 75' lang='grc' dir='ltr'><strong>λοιπὸν</strong></span> <span class='ocrx_word' id='word_1_317' title='bbox 1087 2757 1188 2825; x_wconf 79' lang='grc' dir='ltr'><strong>τῆς</strong></span> <span class='ocrx_word' id='word_1_318' title='bbox 1216 2755 1445 2826; x_wconf 80' lang='grc' dir='ltr'><strong>ἐνούσης</strong></span> <span class='ocrx_word' id='word_1_319' title='bbox 1479 2754 1794 2826; x_wconf 82' lang='grc' dir='ltr'><strong>ἀνθρώποις</strong></span> <span class='ocrx_word' id='word_1_320' title='bbox 1829 2756 1910 2808; x_wconf 87' lang='grc' dir='ltr'><strong>δι-</strong></span> 
     </span>
    </p>
   </div>
   <div class='ocr_carea' id='block_1_44' title="bbox 310 2842 1908 2915">
    <p class='ocr_par' dir='ltr' id='par_1_44' title="bbox 310 2842 1908 2915">
     <span class='ocr_line' id='line_1_44' title="bbox 310 2842 1908 2915; baseline 0.003 -21"><span class='ocrx_word' id='word_1_321' title='bbox 310 2842 613 2912; x_wconf 81' lang='grc' dir='ltr'><strong>καιοσύνης,</strong></span> <span class='ocrx_word' id='word_1_322' title='bbox 638 2845 766 2907; x_wconf 84' lang='grc' dir='ltr'><strong>τοὺς</strong></span> <span class='ocrx_word' id='word_1_323' title='bbox 793 2845 954 2915; x_wconf 78' lang='grc' dir='ltr'><strong>ὅρους</strong></span> <span class='ocrx_word' id='word_1_324' title='bbox 975 2861 986 2872; x_wconf 71' lang='grc'><strong><em>⁸</em></strong></span> <span class='ocrx_word' id='word_1_325' title='bbox 1013 2846 1226 2909; x_wconf 82' lang='grc' dir='ltr'><strong>τούτοις</strong></span> <span class='ocrx_word' id='word_1_326' title='bbox 1255 2845 1563 2909; x_wconf 80' lang='grc' dir='ltr'><strong>ἀκολούθως</strong></span> <span class='ocrx_word' id='word_1_327' title='bbox 1584 2847 1679 2900; x_wconf 77' lang='grc' dir='ltr'><strong>καὶ</strong></span> <span class='ocrx_word' id='word_1_328' title='bbox 1699 2847 1791 2898; x_wconf 76' lang='grc' dir='ltr'><strong>ἐπὶ</strong></span> <span class='ocrx_word' id='word_1_329' title='bbox 1815 2845 1908 2898; x_wconf 82' lang='grc' dir='ltr'><strong>τοῦ</strong></span> 
     </span>
    </p>
   </div>
   <div class='ocr_carea' id='block_1_45' title="bbox 309 2934 1910 3008">
    <p class='ocr_par' dir='ltr' id='par_1_45' title="bbox 309 2934 1910 3008">
     <span class='ocr_line' id='line_1_45' title="bbox 309 2934 1910 3008; baseline -0.001 -19"><span class='ocrx_word' id='word_1_330' title='bbox 309 2935 568 3006; x_wconf 80' lang='grc' dir='ltr'><strong>Σωτῆρος</strong></span> <span class='ocrx_word' id='word_1_331' title='bbox 612 2934 772 3005; x_wconf 76' lang='grc' dir='ltr'><strong>ἡμῶν</strong></span> <span class='ocrx_word' id='word_1_332' title='bbox 825 2935 1062 3008; x_wconf 76' lang='grc' dir='ltr'><strong>Χριστοῦ</strong></span> <span class='ocrx_word' id='word_1_333' title='bbox 1108 2936 1170 2989; x_wconf 84' lang='grc' dir='ltr'><strong>τὸ</strong></span> <span class='ocrx_word' id='word_1_334' title='bbox 1220 2936 1542 3007; x_wconf 88' lang='grc' dir='ltr'><strong>μικρότερος</strong></span> <span class='ocrx_word' id='word_1_335' title='bbox 1587 2935 1668 3006; x_wconf 84' lang='grc' dir='ltr'><strong>τῷ</strong></span> <span class='ocrx_word' id='word_1_336' title='bbox 1702 2935 1910 3006; x_wconf 78' lang='grc' dir='ltr'><strong>μείζονι</strong></span> 
     </span>
    </p>
   </div>
   <div class='ocr_carea' id='block_1_46' title="bbox 308 3025 1904 3098">
    <p class='ocr_par' dir='ltr' id='par_1_46' title="bbox 308 3025 1904 3098">
     <span class='ocr_line' id='line_1_46' title="bbox 308 3025 1904 3098; baseline 0.001 -20"><span class='ocrx_word' id='word_1_337' title='bbox 308 3025 846 3098; x_wconf 80' lang='grc' dir='ltr'><strong>ἁντιπαρακείμενον</strong></span> <span class='ocrx_word' id='word_1_338' title='bbox 885 3027 946 3080; x_wconf 80' lang='grc' dir='ltr'><strong>οὐ</strong></span> <span class='ocrx_word' id='word_1_339' title='bbox 981 3026 1177 3098; x_wconf 79' lang='grc' dir='ltr'><strong>χρόνου</strong></span> <span class='ocrx_word' id='word_1_340' title='bbox 1204 3025 1417 3091; x_wconf 83' lang='grc' dir='ltr'><strong>δέξεταί</strong></span> <span class='ocrx_word' id='word_1_341' title='bbox 1456 3044 1507 3079; x_wconf 90' lang='grc' dir='ltr'><strong>τι</strong></span> <span class='ocrx_word' id='word_1_342' title='bbox 1546 3025 1904 3095; x_wconf 84' lang='grc' dir='ltr'><strong>σημαντικόν.</strong></span> 
     </span>
    </p>
   </div>
   <div class='ocr_carea' id='block_1_47' title="bbox 309 3115 1910 3188">
    <p class='ocr_par' dir='ltr' id='par_1_47' title="bbox 309 3115 1910 3188">
     <span class='ocr_line' id='line_1_47' title="bbox 309 3115 1910 3188; baseline -0.001 -17"><span class='ocrx_word' id='word_1_343' title='bbox 309 3116 414 3186; x_wconf 76' lang='grc' dir='ltr'><strong>Εἴη</strong></span> <span class='ocrx_word' id='word_1_344' title='bbox 447 3116 560 3188; x_wconf 84' lang='grc' dir='ltr'><strong>γὰρ</strong></span> <span class='ocrx_word' id='word_1_345' title='bbox 592 3117 659 3171; x_wconf 82' lang='grc' dir='ltr'><strong>ἂν</strong></span> <span class='ocrx_word' id='word_1_346' title='bbox 690 3115 864 3181; x_wconf 78' lang='grc' dir='ltr'><strong>οὕτως</strong></span> <span class='ocrx_word' id='word_1_347' title='bbox 909 3117 1004 3170; x_wconf 80' lang='grc' dir='ltr'><strong>καὶ</strong></span> <span class='ocrx_word' id='word_1_348' title='bbox 1055 3117 1292 3185; x_wconf 80' lang='grc' dir='ltr'><strong>γέλωτος</strong></span> <span class='ocrx_word' id='word_1_349' title='bbox 1334 3117 1482 3183; x_wconf 77' lang='grc' dir='ltr'><strong>ἄξιον</strong></span> <span class='ocrx_word' id='word_1_350' title='bbox 1529 3118 1592 3169; x_wconf 85' lang='grc' dir='ltr'><strong>τὸ</strong></span> <span class='ocrx_word' id='word_1_351' title='bbox 1639 3119 1698 3168; x_wconf 89' lang='grc' dir='ltr'><strong>ἐν</strong></span> <span class='ocrx_word' id='word_1_352' title='bbox 1731 3118 1910 3187; x_wconf 85' lang='grc' dir='ltr'><strong>χρόνῳ</strong></span> 
     </span>
    </p>
   </div>
   <div class='ocr_carea' id='block_1_48' title="bbox 310 3207 1909 3280">
    <p class='ocr_par' dir='ltr' id='par_1_48' title="bbox 310 3207 1909 3280">
     <span class='ocr_line' id='line_1_48' title="bbox 310 3207 1909 3280; baseline 0.001 -21"><span class='ocrx_word' id='word_1_353' title='bbox 310 3207 502 3271; x_wconf 77' lang='grc' dir='ltr'><strong>ποσὸν,</strong></span> <span class='ocrx_word' id='word_1_354' title='bbox 533 3207 641 3262; x_wconf 84' lang='grc' dir='ltr'><strong>τῶν</strong></span> <span class='ocrx_word' id='word_1_355' title='bbox 675 3208 815 3262; x_wconf 73' lang='grc' dir='ltr'><strong>κατὰ</strong></span> <span class='ocrx_word' id='word_1_356' title='bbox 848 3207 1048 3280; x_wconf 80' lang='grc' dir='ltr'><strong>ἀρετὴν</strong></span> <span class='ocrx_word' id='word_1_357' title='bbox 1096 3208 1406 3278; x_wconf 81' lang='grc' dir='ltr'><strong>ὑψωμάτων</strong></span> <span class='ocrx_word' id='word_1_358' title='bbox 1449 3207 1669 3260; x_wconf 73' lang='grc' dir='ltr'><strong>ἔσεσθαι</strong></span> <span class='ocrx_word' id='word_1_359' title='bbox 1724 3207 1909 3277; x_wconf 81' lang='grc' dir='ltr'><strong>μεῖζον</strong></span> 
     </span>
    </p>
   </div>
   <div class='ocr_carea' id='block_1_49' title="bbox 2015 2015 3604 2092">
    <p class='ocr_par' dir='ltr' id='par_1_49' title="bbox 2015 2015 3604 2092">
     <span class='ocr_line' id='line_1_49' title="bbox 2015 2015 3604 2092; baseline -0.004 -16"><span class='ocrx_word' id='word_1_360' title='bbox 2015 2031 2294 2078; x_wconf 85' lang='lat' dir='ltr'><strong>recenseat</strong></span> <span class='ocrx_word' id='word_1_361' title='bbox 2321 2022 2411 2092; x_wconf 91' lang='lat' dir='ltr'><strong>qui</strong></span> <span class='ocrx_word' id='word_1_362' title='bbox 2442 2019 2782 2091; x_wconf 72' lang='lat' dir='ltr'><strong>longitudine</strong></span> <span class='ocrx_word' id='word_1_363' title='bbox 2811 2019 2937 2073; x_wconf 59' lang='lat' dir='ltr'><strong>vita;</strong></span> <span class='ocrx_word' id='word_1_364' title='bbox 2964 2017 3211 2088; x_wconf 72' lang='lat' dir='ltr'><strong>proxime</strong></span> <span class='ocrx_word' id='word_1_365' title='bbox 3239 2016 3304 2068; x_wconf 88' lang='lat' dir='ltr'><strong>ad</strong></span> <span class='ocrx_word' id='word_1_366' title='bbox 3335 2015 3604 2070; x_wconf 82' lang='lat' dir='ltr'><strong>Adamum</strong></span> 
     </span>
    </p>
   </div>
   <div class='ocr_carea' id='block_1_50' title="bbox 2014 2103 3605 2178">
    <p class='ocr_par' dir='ltr' id='par_1_50' title="bbox 2014 2103 3605 2178">
     <span class='ocr_line' id='line_1_50' title="bbox 2014 2103 3605 2178; baseline -0.005 -13"><span class='ocrx_word' id='word_1_367' title='bbox 2014 2121 2397 2178; x_wconf 87' lang='lat' dir='ltr'><strong>accesserunt,</strong></span> <span class='ocrx_word' id='word_1_368' title='bbox 2430 2121 2485 2167; x_wconf 93' lang='lat' dir='ltr'><strong>et</strong></span> <span class='ocrx_word' id='word_1_369' title='bbox 2512 2127 2578 2166; x_wconf 80' lang='lat' dir='ltr'><strong>ex</strong></span> <span class='ocrx_word' id='word_1_370' title='bbox 2613 2108 2934 2165; x_wconf 90' lang='lat' dir='ltr'><strong>mulieribus</strong></span> <span class='ocrx_word' id='word_1_371' title='bbox 2966 2108 3114 2171; x_wconf 89' lang='lat' dir='ltr'><strong>nati,</strong></span> <span class='ocrx_word' id='word_1_372' title='bbox 3148 2115 3206 2160; x_wconf 93' lang='lat' dir='ltr'><strong>ut</strong></span> <span class='ocrx_word' id='word_1_373' title='bbox 3237 2106 3493 2160; x_wconf 87' lang='lat' dir='ltr'><strong>Christus</strong></span> <span class='ocrx_word' id='word_1_374' title='bbox 3524 2103 3605 2157; x_wconf 87' lang='lat' dir='ltr'><strong>lo-</strong></span> 
     </span>
    </p>
   </div>
   <div class='ocr_carea' id='block_1_51' title="bbox 2002 2195 3606 2272">
    <p class='ocr_par' dir='ltr' id='par_1_51' title="bbox 2002 2195 3606 2272">
     <span class='ocr_line' id='line_1_51' title="bbox 2002 2195 3606 2272; baseline -0.006 -18"><span class='ocrx_word' id='word_1_375' title='bbox 2002 2203 2217 2272; x_wconf 76' lang='lat' dir='ltr'><strong>“quitur,</strong></span> <span class='ocrx_word' id='word_1_376' title='bbox 2251 2203 2494 2267; x_wconf 84' lang='lat' dir='ltr'><strong>fuerant,</strong></span> <span class='ocrx_word' id='word_1_377' title='bbox 2527 2216 2649 2255; x_wconf 93' lang='lat' dir='ltr'><strong>cum</strong></span> <span class='ocrx_word' id='word_1_378' title='bbox 2684 2213 2988 2269; x_wconf 74' lang='lat' dir='ltr'><strong>prmcursor</strong></span> <span class='ocrx_word' id='word_1_379' title='bbox 3015 2196 3215 2253; x_wconf 83' lang='lat' dir='ltr'><strong>Christi</strong></span> <span class='ocrx_word' id='word_1_380' title='bbox 3249 2195 3491 2263; x_wconf 86' lang='lat' dir='ltr'><strong>Baptista</strong></span> <span class='ocrx_word' id='word_1_381' title='bbox 3517 2199 3606 2260; x_wconf 81' lang='lat' dir='ltr'><strong>ju-</strong></span> 
     </span>
    </p>
   </div>
   <div class='ocr_carea' id='block_1_52' title="bbox 2013 2287 3604 2356">
    <p class='ocr_par' dir='ltr' id='par_1_52' title="bbox 2013 2287 3604 2356">
     <span class='ocr_line' id='line_1_52' title="bbox 2013 2287 3604 2356; baseline -0.005 -10"><span class='ocrx_word' id='word_1_382' title='bbox 2013 2296 2168 2349; x_wconf 83' lang='lat' dir='ltr'><strong>venis</strong></span> <span class='ocrx_word' id='word_1_383' title='bbox 2202 2293 2491 2348; x_wconf 84' lang='lat' dir='ltr'><strong>admodum</strong></span> <span class='ocrx_word' id='word_1_384' title='bbox 2528 2307 2557 2346; x_wconf 92' lang='lat' dir='ltr'><strong>e</strong></span> <span class='ocrx_word' id='word_1_385' title='bbox 2587 2291 2726 2344; x_wconf 84' lang='lat' dir='ltr'><strong>vivis</strong></span> <span class='ocrx_word' id='word_1_386' title='bbox 2760 2291 3076 2345; x_wconf 76' lang='lat' dir='ltr'><strong>excesserit.</strong></span> <span class='ocrx_word' id='word_1_387' title='bbox 3115 2287 3239 2342; x_wconf 70' lang='lat' dir='ltr'><strong>[iam</strong></span> <span class='ocrx_word' id='word_1_388' title='bbox 3274 2287 3438 2356; x_wconf 79' lang='lat' dir='ltr'><strong>igitur</strong></span> <span class='ocrx_word' id='word_1_389' title='bbox 3470 2301 3604 2349; x_wconf 76' lang='lat' dir='ltr'><strong>vox,</strong></span> 
     </span>
    </p>
   </div>
   <div class='ocr_carea' id='block_1_53' title="bbox 2015 2369 3607 2454">
    <p class='ocr_par' dir='ltr' id='par_1_53' title="bbox 2015 2369 3607 2454">
     <span class='ocr_line' id='line_1_53' title="bbox 2015 2369 3607 2454; baseline -0.009 -14"><span class='ocrx_word' id='word_1_390' title='bbox 2015 2384 2208 2454; x_wconf 89' lang='lat' dir='ltr'><strong>major,</strong></span> <span class='ocrx_word' id='word_1_391' title='bbox 2245 2369 2352 2440; x_wconf 78' lang='lat' dir='ltr'><strong>nou</strong></span> <span class='ocrx_word' id='word_1_392' title='bbox 2388 2394 2601 2453; x_wconf 53' lang='lat' dir='ltr'><strong>tempus</strong></span> <span class='ocrx_word' id='word_1_393' title='bbox 2630 2380 2939 2451; x_wconf 75' lang='lat' dir='ltr'><strong>significat,</strong></span> <span class='ocrx_word' id='word_1_394' title='bbox 2973 2378 3069 2434; x_wconf 87' lang='lat' dir='ltr'><strong>sed</strong></span> <span class='ocrx_word' id='word_1_395' title='bbox 3101 2377 3282 2448; x_wconf 82' lang='lat' dir='ltr'><strong>potius</strong></span> <span class='ocrx_word' id='word_1_396' title='bbox 3313 2375 3457 2445; x_wconf 91' lang='lat' dir='ltr'><strong>quod</strong></span> <span class='ocrx_word' id='word_1_397' title='bbox 3493 2375 3607 2427; x_wconf 82' lang='lat' dir='ltr'><strong>vir-</strong></span> 
     </span>
    </p>
   </div>
   <div class='ocr_carea' id='block_1_54' title="bbox 2015 2464 3608 2545">
    <p class='ocr_par' dir='ltr' id='par_1_54' title="bbox 2015 2464 3608 2545">
     <span class='ocr_line' id='line_1_54' title="bbox 2015 2464 3608 2545; baseline -0.008 -13"><span class='ocrx_word' id='word_1_398' title='bbox 2015 2479 2146 2532; x_wconf 88' lang='lat' dir='ltr'><strong>tutis</strong></span> <span class='ocrx_word' id='word_1_399' title='bbox 2179 2475 2453 2545; x_wconf 79' lang='lat' dir='ltr'><strong>fastigium</strong></span> <span class='ocrx_word' id='word_1_400' title='bbox 2488 2475 2562 2529; x_wconf 91' lang='lat' dir='ltr'><strong>sit</strong></span> <span class='ocrx_word' id='word_1_401' title='bbox 2595 2481 2958 2534; x_wconf 85' lang='lat' dir='ltr'><strong>consecutus,</strong></span> <span class='ocrx_word' id='word_1_402' title='bbox 2990 2479 3044 2525; x_wconf 87' lang='lat' dir='ltr'><strong>et</strong></span> <span class='ocrx_word' id='word_1_403' title='bbox 3076 2469 3143 2521; x_wconf 91' lang='lat' dir='ltr'><strong>ad</strong></span> <span class='ocrx_word' id='word_1_404' title='bbox 3180 2467 3353 2534; x_wconf 89' lang='lat' dir='ltr'><strong>ipsam</strong></span> <span class='ocrx_word' id='word_1_405' title='bbox 3382 2464 3608 2533; x_wconf 70' lang='lat' dir='ltr'><strong>justitia:</strong></span> 
     </span>
    </p>
   </div>
   <div class='ocr_carea' id='block_1_55' title="bbox 2013 2558 3604 2639">
    <p class='ocr_par' dir='ltr' id='par_1_55' title="bbox 2013 2558 3604 2639">
     <span class='ocr_line' id='line_1_55' title="bbox 2013 2558 3604 2639; baseline -0.008 -16"><span class='ocrx_word' id='word_1_406' title='bbox 2013 2583 2134 2639; x_wconf 67' lang='lat' dir='ltr'><strong>quat</strong></span> <span class='ocrx_word' id='word_1_407' title='bbox 2180 2568 2232 2623; x_wconf 91' lang='lat' dir='ltr'><strong>in</strong></span> <span class='ocrx_word' id='word_1_408' title='bbox 2282 2566 2530 2621; x_wconf 87' lang='lat' dir='ltr'><strong>homines</strong></span> <span class='ocrx_word' id='word_1_409' title='bbox 2577 2564 2723 2620; x_wconf 90' lang='lat' dir='ltr'><strong>cadit</strong></span> <span class='ocrx_word' id='word_1_410' title='bbox 2772 2573 2971 2618; x_wconf 89' lang='lat' dir='ltr'><strong>metam</strong></span> <span class='ocrx_word' id='word_1_411' title='bbox 3023 2558 3366 2629; x_wconf 89' lang='lat' dir='ltr'><strong>pervenerit;</strong></span> <span class='ocrx_word' id='word_1_412' title='bbox 3414 2559 3604 2612; x_wconf 78' lang='lat' dir='ltr'><strong>eadem</strong></span> 
     </span>
    </p>
   </div>
   <div class='ocr_carea' id='block_1_56' title="bbox 2015 2651 3611 2730">
    <p class='ocr_par' dir='ltr' id='par_1_56' title="bbox 2015 2651 3611 2730">
     <span class='ocr_line' id='line_1_56' title="bbox 2015 2651 3611 2730; baseline -0.006 -18"><span class='ocrx_word' id='word_1_413' title='bbox 2015 2660 2175 2730; x_wconf 91' lang='lat' dir='ltr'><strong>plane</strong></span> <span class='ocrx_word' id='word_1_414' title='bbox 2223 2659 2436 2712; x_wconf 89' lang='lat' dir='ltr'><strong>ratione</strong></span> <span class='ocrx_word' id='word_1_415' title='bbox 2475 2655 2545 2712; x_wconf 88' lang='lat' dir='ltr'><strong>de</strong></span> <span class='ocrx_word' id='word_1_416' title='bbox 2586 2655 2881 2711; x_wconf 87' lang='lat' dir='ltr'><strong>Servatore</strong></span> <span class='ocrx_word' id='word_1_417' title='bbox 2929 2662 3115 2708; x_wconf 89' lang='lat' dir='ltr'><strong>nostro</strong></span> <span class='ocrx_word' id='word_1_418' title='bbox 3160 2651 3381 2708; x_wconf 84' lang='lat' dir='ltr'><strong>Christo</strong></span> <span class='ocrx_word' id='word_1_419' title='bbox 3429 2651 3611 2704; x_wconf 88' lang='lat' dir='ltr'><strong>minor</strong></span> 
     </span>
    </p>
   </div>
   <div class='ocr_carea' id='block_1_57' title="bbox 2015 2741 3610 2819">
    <p class='ocr_par' dir='ltr' id='par_1_57' title="bbox 2015 2741 3610 2819">
     <span class='ocr_line' id='line_1_57' title="bbox 2015 2741 3610 2819; baseline -0.006 -14"><span class='ocrx_word' id='word_1_420' title='bbox 2015 2750 2206 2818; x_wconf 84' lang='lat' dir='ltr'><strong>majori</strong></span> <span class='ocrx_word' id='word_1_421' title='bbox 2244 2751 2527 2819; x_wconf 87' lang='lat' dir='ltr'><strong>oppositus</strong></span> <span class='ocrx_word' id='word_1_422' title='bbox 2576 2763 2680 2802; x_wconf 91' lang='lat' dir='ltr'><strong>non</strong></span> <span class='ocrx_word' id='word_1_423' title='bbox 2727 2757 2942 2815; x_wconf 89' lang='lat' dir='ltr'><strong>tempus</strong></span> <span class='ocrx_word' id='word_1_424' title='bbox 2982 2744 3274 2816; x_wconf 70' lang='lat' dir='ltr'><strong>significat.</strong></span> <span class='ocrx_word' id='word_1_425' title='bbox 3325 2741 3610 2797; x_wconf 81' lang='lat' dir='ltr'><strong>Ridiculus</strong></span> 
     </span>
    </p>
   </div>
   <div class='ocr_carea' id='block_1_58' title="bbox 2011 2834 3605 2911">
    <p class='ocr_par' dir='ltr' id='par_1_58' title="bbox 2011 2834 3605 2911">
     <span class='ocr_line' id='line_1_58' title="bbox 2011 2834 3605 2911; baseline -0.008 -13"><span class='ocrx_word' id='word_1_426' title='bbox 2011 2844 2156 2898; x_wconf 86' lang='lat' dir='ltr'><strong>enim</strong></span> <span class='ocrx_word' id='word_1_427' title='bbox 2193 2843 2264 2897; x_wconf 91' lang='lat' dir='ltr'><strong>sit</strong></span> <span class='ocrx_word' id='word_1_428' title='bbox 2298 2841 2390 2911; x_wconf 88' lang='lat' dir='ltr'><strong>qui</strong></span> <span class='ocrx_word' id='word_1_429' title='bbox 2433 2841 2483 2894; x_wconf 88' lang='lat' dir='ltr'><strong>id</strong></span> <span class='ocrx_word' id='word_1_430' title='bbox 2528 2841 2670 2911; x_wconf 89' lang='lat' dir='ltr'><strong>quod</strong></span> <span class='ocrx_word' id='word_1_431' title='bbox 2716 2839 2976 2907; x_wconf 86' lang='lat' dir='ltr'><strong>temporis</strong></span> <span class='ocrx_word' id='word_1_432' title='bbox 3011 2837 3372 2907; x_wconf 82' lang='lat' dir='ltr'><strong>quantitatem</strong></span> <span class='ocrx_word' id='word_1_433' title='bbox 3413 2834 3605 2897; x_wconf 82' lang='lat' dir='ltr'><strong>habet,</strong></span> 
     </span>
    </p>
   </div>
   <div class='ocr_carea' id='block_1_59' title="bbox 2014 2926 3607 3002">
    <p class='ocr_par' dir='ltr' id='par_1_59' title="bbox 2014 2926 3607 3002">
     <span class='ocr_line' id='line_1_59' title="bbox 2014 2926 3607 3002; baseline -0.006 -14"><span class='ocrx_word' id='word_1_434' title='bbox 2014 2936 2232 2990; x_wconf 89' lang='lat' dir='ltr'><strong>virtutis</strong></span> <span class='ocrx_word' id='word_1_435' title='bbox 2264 2935 2585 2990; x_wconf 89' lang='lat' dir='ltr'><strong>celsitudine</strong></span> <span class='ocrx_word' id='word_1_436' title='bbox 2616 2933 2793 3002; x_wconf 89' lang='lat' dir='ltr'><strong>majus</strong></span> <span class='ocrx_word' id='word_1_437' title='bbox 2821 2931 3116 2986; x_wconf 74' lang='lat' dir='ltr'><strong>existimet.</strong></span> <span class='ocrx_word' id='word_1_438' title='bbox 3149 2929 3432 2996; x_wconf 84' lang='lat' dir='ltr'><strong>Quomodo</strong></span> <span class='ocrx_word' id='word_1_439' title='bbox 3462 2926 3607 2982; x_wconf 90' lang='lat' dir='ltr'><strong>enim</strong></span> 
     </span>
    </p>
   </div>
   <div class='ocr_carea' id='block_1_60' title="bbox 2015 3016 3612 3094">
    <p class='ocr_par' dir='ltr' id='par_1_60' title="bbox 2015 3016 3612 3094">
     <span class='ocr_line' id='line_1_60' title="bbox 2015 3016 3612 3094; baseline -0.003 -15"><span class='ocrx_word' id='word_1_440' title='bbox 2015 3028 2144 3080; x_wconf 89' lang='lat' dir='ltr'><strong>talia</strong></span> <span class='ocrx_word' id='word_1_441' title='bbox 2195 3027 2338 3082; x_wconf 89' lang='lat' dir='ltr'><strong>inter</strong></span> <span class='ocrx_word' id='word_1_442' title='bbox 2385 3041 2444 3082; x_wconf 87' lang='lat' dir='ltr'><strong>se</strong></span> <span class='ocrx_word' id='word_1_443' title='bbox 2494 3025 2799 3094; x_wconf 89' lang='lat' dir='ltr'><strong>comparari</strong></span> <span class='ocrx_word' id='word_1_444' title='bbox 2848 3021 3110 3093; x_wconf 83' lang='lat' dir='ltr'><strong>possint?</strong></span> <span class='ocrx_word' id='word_1_445' title='bbox 3157 3022 3226 3075; x_wconf 82' lang='lat' dir='ltr'><strong>At</strong></span> <span class='ocrx_word' id='word_1_446' title='bbox 3274 3016 3402 3074; x_wconf 86' lang='lat' dir='ltr'><strong>ve&#39;ro</strong></span> <span class='ocrx_word' id='word_1_447' title='bbox 3431 3019 3612 3087; x_wconf 83' lang='lat' dir='ltr'><strong>potius</strong></span> 
     </span>
    </p>
   </div>
   <div class='ocr_carea' id='block_1_61' title="bbox 2013 3112 3608 3182">
    <p class='ocr_par' dir='ltr' id='par_1_61' title="bbox 2013 3112 3608 3182">
     <span class='ocr_line' id='line_1_61' title="bbox 2013 3112 3608 3182; baseline -0.006 -11"><span class='ocrx_word' id='word_1_448' title='bbox 2013 3119 2323 3172; x_wconf 85' lang='lat' dir='ltr'><strong>necessaria</strong></span> <span class='ocrx_word' id='word_1_449' title='bbox 2360 3117 2573 3171; x_wconf 88' lang='lat' dir='ltr'><strong>ratione</strong></span> <span class='ocrx_word' id='word_1_450' title='bbox 2609 3117 2875 3170; x_wconf 90' lang='lat' dir='ltr'><strong>minorem</strong></span> <span class='ocrx_word' id='word_1_451' title='bbox 2911 3114 3258 3168; x_wconf 86' lang='lat' dir='ltr'><strong>sanctitatem</strong></span> <span class='ocrx_word' id='word_1_452' title='bbox 3296 3112 3608 3182; x_wconf 81' lang='lat' dir='ltr'><strong>signiﬁcat,</strong></span> 
     </span>
    </p>
   </div>
   <div class='ocr_carea' id='block_1_62' title="bbox 2015 3201 3612 3275">
    <p class='ocr_par' dir='ltr' id='par_1_62' title="bbox 2015 3201 3612 3275">
     <span class='ocr_line' id='line_1_62' title="bbox 2015 3201 3612 3275; baseline -0.003 -16"><span class='ocrx_word' id='word_1_453' title='bbox 2015 3217 2072 3260; x_wconf 91' lang='lat' dir='ltr'><strong>ttt</strong></span> <span class='ocrx_word' id='word_1_454' title='bbox 2110 3210 2210 3261; x_wconf 90' lang='lat' dir='ltr'><strong>hoc</strong></span> <span class='ocrx_word' id='word_1_455' title='bbox 2247 3216 2409 3275; x_wconf 84' lang='lat' dir='ltr'><strong>pacto</strong></span> <span class='ocrx_word' id='word_1_456' title='bbox 2441 3207 2697 3261; x_wconf 89' lang='lat' dir='ltr'><strong>Christus</strong></span> <span class='ocrx_word' id='word_1_457' title='bbox 2729 3206 2853 3259; x_wconf 76' lang='lat' dir='ltr'><strong>vita:</strong></span> <span class='ocrx_word' id='word_1_458' title='bbox 2887 3203 3248 3260; x_wconf 86' lang='lat' dir='ltr'><strong>sanctimonia</strong></span> <span class='ocrx_word' id='word_1_459' title='bbox 3285 3201 3494 3257; x_wconf 85' lang='lat' dir='ltr'><strong>Joanne</strong></span> <span class='ocrx_word' id='word_1_460' title='bbox 3528 3203 3612 3254; x_wconf 89' lang='lat' dir='ltr'><strong>iu-</strong></span> 
     </span>
    </p>
   </div>
   <div class='ocr_carea' id='block_1_63' title="bbox 308 3285 1908 3369">
    <p class='ocr_par' dir='ltr' id='par_1_63' title="bbox 308 3296 1908 3369">
     <span class='ocr_line' id='line_1_63' title="bbox 308 3296 1908 3369; baseline 0.001 -19"><span class='ocrx_word' id='word_1_461' title='bbox 308 3300 534 3352; x_wconf 78' lang='grc' dir='ltr'><strong>ἐννοεῖν.</strong></span> <span class='ocrx_word' id='word_1_462' title='bbox 568 3299 704 3352; x_wconf 86' lang='grc' dir='ltr'><strong>Ποῖα</strong></span> <span class='ocrx_word' id='word_1_463' title='bbox 744 3296 854 3367; x_wconf 76' lang='grc' dir='ltr'><strong>γὰρ</strong></span> <span class='ocrx_word' id='word_1_464' title='bbox 885 3297 1021 3360; x_wconf 82' lang='grc' dir='ltr'><strong>ὅλως</strong></span> <span class='ocrx_word' id='word_1_465' title='bbox 1049 3297 1117 3351; x_wconf 75' lang='grc' dir='ltr'><strong>τὰ</strong></span> <span class='ocrx_word' id='word_1_466' title='bbox 1144 3297 1370 3352; x_wconf 84' lang='grc' dir='ltr'><strong>τοιαῦτα</strong></span> <span class='ocrx_word' id='word_1_467' title='bbox 1411 3298 1549 3368; x_wconf 84' lang='grc' dir='ltr'><strong>πρὸς</strong></span> <span class='ocrx_word' id='word_1_468' title='bbox 1576 3296 1782 3367; x_wconf 79' lang='grc' dir='ltr'><strong>ἄλληλα</strong></span> <span class='ocrx_word' id='word_1_469' title='bbox 1811 3297 1908 3369; x_wconf 79' lang='grc' dir='ltr'><strong>τὴν</strong></span> 
     </span>
    </p>
   </div>
   <div class='ocr_carea' id='block_1_64' title="bbox 2019 3285 3612 3369">
    <p class='ocr_par' dir='ltr' id='par_1_64' title="bbox 2019 3294 3612 3369">
     <span class='ocr_line' id='line_1_64' title="bbox 2019 3294 3612 3369; baseline -0.003 -17"><span class='ocrx_word' id='word_1_470' title='bbox 2019 3297 2187 3352; x_wconf 82' lang='lat' dir='ltr'><strong>ferior</strong></span> <span class='ocrx_word' id='word_1_471' title='bbox 2221 3299 2522 3369; x_wconf 86' lang='lat' dir='ltr'><strong>judicetnr.</strong></span> <span class='ocrx_word' id='word_1_472' title='bbox 2557 3297 2710 3364; x_wconf 83' lang='lat' dir='ltr'><strong>Quod</strong></span> <span class='ocrx_word' id='word_1_473' title='bbox 2756 3312 2878 3350; x_wconf 90' lang='lat' dir='ltr'><strong>cum</strong></span> <span class='ocrx_word' id='word_1_474' title='bbox 2925 3311 3022 3366; x_wconf 90' lang='lat' dir='ltr'><strong>per</strong></span> <span class='ocrx_word' id='word_1_475' title='bbox 3059 3311 3120 3351; x_wconf 90' lang='lat' dir='ltr'><strong>se</strong></span> <span class='ocrx_word' id='word_1_476' title='bbox 3161 3310 3314 3350; x_wconf 89' lang='lat' dir='ltr'><strong>suam</strong></span> <span class='ocrx_word' id='word_1_477' title='bbox 3360 3294 3612 3364; x_wconf 70' lang='lat' dir='ltr'><strong>blaspheo</strong></span> 
     </span>
    </p>
   </div>
   <div class='ocr_carea' id='block_1_65' title="bbox 311 3386 1905 3458">
    <p class='ocr_par' dir='ltr' id='par_1_65' title="bbox 311 3386 1905 3458">
     <span class='ocr_line' id='line_1_65' title="bbox 311 3386 1905 3458; baseline 0.001 -17"><span class='ocrx_word' id='word_1_478' title='bbox 311 3387 603 3458; x_wconf 81' lang='grc' dir='ltr'><strong>σύγκρισιν</strong></span> <span class='ocrx_word' id='word_1_479' title='bbox 637 3386 976 3452; x_wconf 81' lang='grc' dir='ltr'><strong>ἐπιδέξεται;</strong></span> <span class='ocrx_word' id='word_1_480' title='bbox 1021 3387 1254 3458; x_wconf 84' lang='grc' dir='ltr'><strong>δηλώσει</strong></span> <span class='ocrx_word' id='word_1_481' title='bbox 1294 3388 1349 3441; x_wconf 81' lang='grc' dir='ltr'><strong>δὲ</strong></span> <span class='ocrx_word' id='word_1_482' title='bbox 1389 3387 1589 3458; x_wconf 79' lang='grc' dir='ltr'><strong>μᾶλλον</strong></span> <span class='ocrx_word' id='word_1_483' title='bbox 1618 3388 1694 3451; x_wconf 84' lang='grc' dir='ltr'><strong>ὡς</strong></span> <span class='ocrx_word' id='word_1_484' title='bbox 1722 3386 1781 3452; x_wconf 79' lang='grc' dir='ltr'><strong>ἐξ</strong></span> <span class='ocrx_word' id='word_1_485' title='bbox 1813 3391 1905 3442; x_wconf 84' lang='grc' dir='ltr'><strong>ἁν-</strong></span> 
     </span>
    </p>
   </div>
   <div class='ocr_carea' id='block_1_66' title="bbox 2015 3390 3120 3451">
    <p class='ocr_par' dir='ltr' id='par_1_66' title="bbox 2015 3390 3120 3451">
     <span class='ocr_line' id='line_1_66' title="bbox 2015 3390 3120 3451; baseline -0.005 -6"><span class='ocrx_word' id='word_1_486' title='bbox 2015 3393 2178 3445; x_wconf 80' lang='lat' dir='ltr'><strong>ntiam</strong></span> <span class='ocrx_word' id='word_1_487' title='bbox 2208 3391 2484 3451; x_wconf 88' lang='lat' dir='ltr'><strong>ostendat.</strong></span> <span class='ocrx_word' id='word_1_488' title='bbox 2517 3390 2712 3444; x_wconf 88' lang='lat' dir='ltr'><strong>merito</strong></span> <span class='ocrx_word' id='word_1_489' title='bbox 2742 3403 3120 3442; x_wconf 75' lang='lat' dir='ltr'><strong>exsecramur.</strong></span> 
     </span>
    </p>
   </div>
   <div class='ocr_carea' id='block_1_67' title="bbox 309 3479 3611 3570">
    <p class='ocr_par' dir='ltr' id='par_1_67' title="bbox 309 3479 3611 3570">
     <span class='ocr_line' id='line_1_67' title="bbox 309 3479 3611 3570; baseline -0 -33"><span class='ocrx_word' id='word_1_490' title='bbox 309 3481 545 3550; x_wconf 85' lang='grc' dir='ltr'><strong>αγκαίου</strong></span> <span class='ocrx_word' id='word_1_491' title='bbox 580 3481 738 3549; x_wconf 84' lang='grc' dir='ltr'><strong>λόγου</strong></span> <span class='ocrx_word' id='word_1_492' title='bbox 770 3481 830 3534; x_wconf 83' lang='grc' dir='ltr'><strong>τὺ</strong></span> <span class='ocrx_word' id='word_1_493' title='bbox 857 3482 914 3533; x_wconf 83' lang='grc' dir='ltr'><strong>ἐν</strong></span> <span class='ocrx_word' id='word_1_494' title='bbox 942 3480 1204 3552; x_wconf 84' lang='grc' dir='ltr'><strong>ἁγιασμῷ</strong></span> <span class='ocrx_word' id='word_1_495' title='bbox 1274 3483 1647 3552; x_wconf 85' lang='grc' dir='ltr'><strong>μειονέκτημα</strong></span> <span class='ocrx_word' id='word_1_496' title='bbox 1667 3500 1680 3512; x_wconf 88' lang='grc'><strong>·</strong></span> <span class='ocrx_word' id='word_1_497' title='bbox 1712 3483 1800 3536; x_wconf 82' lang='grc' dir='ltr'><strong>ἵνα</strong></span> <span class='ocrx_word' id='word_1_498' title='bbox 1821 3483 2009 3537; x_wconf 80' lang='grc' dir='ltr'><strong>λοιπὸν</strong></span> <span class='ocrx_word' id='word_1_499' title='bbox 2074 3486 2168 3538; x_wconf 74' lang='grc' dir='ltr'><strong>καὶ</strong></span> <span class='ocrx_word' id='word_1_500' title='bbox 2233 3485 2332 3555; x_wconf 85' lang='grc' dir='ltr'><strong>τῆς</strong></span> <span class='ocrx_word' id='word_1_501' title='bbox 2377 3484 2627 3570; x_wconf 61' lang='grc' dir='ltr'><strong>Ἰωάννου</strong></span> <span class='ocrx_word' id='word_1_502' title='bbox 2667 3482 2949 3545; x_wconf 77' lang='grc' dir='ltr'><strong>πολιτείας</strong></span> <span class='ocrx_word' id='word_1_503' title='bbox 3014 3481 3275 3554; x_wconf 82' lang='grc' dir='ltr'><strong>φαίνηται</strong></span> <span class='ocrx_word' id='word_1_504' title='bbox 3300 3479 3552 3552; x_wconf 87' lang='grc' dir='ltr'><strong>δεύτερος</strong></span> <span class='ocrx_word' id='word_1_505' title='bbox 3581 3481 3611 3536; x_wconf 78' lang='grc' dir='ltr'>ὁ</span> 
     </span>
    </p>
   </div>
   <div class='ocr_carea' id='block_1_68' title="bbox 309 3569 2864 3644">
    <p class='ocr_par' dir='ltr' id='par_1_68' title="bbox 309 3569 2864 3644">
     <span class='ocr_line' id='line_1_68' title="bbox 309 3569 2864 3644; baseline -0.001 -15"><span class='ocrx_word' id='word_1_506' title='bbox 309 3574 460 3638; x_wconf 78' lang='grc' dir='ltr'><strong>Υἱός.</strong></span> <span class='ocrx_word' id='word_1_507' title='bbox 480 3571 742 3643; x_wconf 84' lang='grc' dir='ltr'><strong>Ἐχούσης</strong></span> <span class='ocrx_word' id='word_1_508' title='bbox 767 3570 822 3624; x_wconf 71' lang='grc' dir='ltr'><strong>δέ</strong></span> <span class='ocrx_word' id='word_1_509' title='bbox 839 3569 1049 3625; x_wconf 71' lang='grc' dir='ltr'><strong>οἴκοθεν</strong></span> <span class='ocrx_word' id='word_1_510' title='bbox 1074 3573 1172 3640; x_wconf 82' lang='grc' dir='ltr'><strong>τῆς</strong></span> <span class='ocrx_word' id='word_1_511' title='bbox 1197 3572 1508 3643; x_wconf 66' lang='grc' dir='ltr'><strong>δυσφημίας</strong></span> <span class='ocrx_word' id='word_1_512' title='bbox 1530 3574 1622 3628; x_wconf 75' lang='grc' dir='ltr'><strong>τὸν</strong></span> <span class='ocrx_word' id='word_1_513' title='bbox 1649 3572 1892 3644; x_wconf 77' lang='grc' dir='ltr'><strong>ἔλεγχον,</strong></span> <span class='ocrx_word' id='word_1_514' title='bbox 1934 3576 1993 3628; x_wconf 77' lang='grc' dir='ltr'><strong>τὺ</strong></span> <span class='ocrx_word' id='word_1_515' title='bbox 2027 3574 2170 3630; x_wconf 74' lang='grc' dir='ltr'><strong>οὕτω</strong></span> <span class='ocrx_word' id='word_1_516' title='bbox 2204 3577 2347 3628; x_wconf 85' lang='grc' dir='ltr'><strong>νοεῖν</strong></span> <span class='ocrx_word' id='word_1_517' title='bbox 2383 3569 2834 3644; x_wconf 84' lang='grc' dir='ltr'><strong>παραιτούμεθα.</strong></span> <span class='ocrx_word' id='word_1_518' title='bbox 2860 3612 2864 3614; x_wconf 94' lang='grc'><strong>-</strong></span> 
     </span>
    </p>
   </div>
   <div class='ocr_carea' id='block_1_69' title="bbox 715 3685 1511 3753">
    <p class='ocr_par' dir='ltr' id='par_1_69' title="bbox 715 3685 1511 3753">
     <span class='ocr_line' id='line_1_69' title="bbox 715 3685 1511 3753; baseline 0 -13"><span class='ocrx_word' id='word_1_519' title='bbox 715 3686 813 3752; x_wconf 84' lang='grc' dir='ltr'><strong>Ὠς</strong></span> <span class='ocrx_word' id='word_1_520' title='bbox 848 3685 916 3739; x_wconf 86' lang='grc' dir='ltr'><strong>ἐκ</strong></span> <span class='ocrx_word' id='word_1_521' title='bbox 951 3686 1070 3740; x_wconf 82' lang='grc' dir='ltr'><strong>τῶν</strong></span> <span class='ocrx_word' id='word_1_522' title='bbox 1107 3685 1182 3740; x_wconf 78' lang='grc' dir='ltr'><strong>δι’</strong></span> <span class='ocrx_word' id='word_1_523' title='bbox 1214 3687 1511 3753; x_wconf 74' lang='grc' dir='ltr'><strong>ἐναντίας.</strong></span> 
     </span>
    </p>
   </div>
   <div class='ocr_carea' id='block_1_70' title="bbox 381 3799 1909 3872">
    <p class='ocr_par' dir='ltr' id='par_1_70' title="bbox 381 3799 1909 3872">
     <span class='ocr_line' id='line_1_70' title="bbox 381 3799 1909 3872; baseline 0 -18"><span class='ocrx_word' id='word_1_524' title='bbox 381 3800 494 3872; x_wconf 84' lang='grc' dir='ltr'><strong>Τὴν</strong></span> <span class='ocrx_word' id='word_1_525' title='bbox 540 3799 739 3871; x_wconf 81' lang='grc' dir='ltr'><strong>ἁπλῆν,</strong></span> <span class='ocrx_word' id='word_1_526' title='bbox 771 3799 920 3868; x_wconf 71' lang='grc' dir='ltr'><strong>φασὶ,</strong></span> <span class='ocrx_word' id='word_1_527' title='bbox 954 3799 1050 3854; x_wconf 73' lang='grc' dir='ltr'><strong>καὶ</strong></span> <span class='ocrx_word' id='word_1_528' title='bbox 1083 3800 1549 3871; x_wconf 85' lang='grc' dir='ltr'><strong>ἀπεριεργοτέραν</strong></span> <span class='ocrx_word' id='word_1_529' title='bbox 1595 3801 1708 3863; x_wconf 84' lang='grc' dir='ltr'><strong>τοῖς</strong></span> <span class='ocrx_word' id='word_1_530' title='bbox 1759 3799 1909 3870; x_wconf 67' lang='grc' dir='ltr'><strong>παρὰ</strong></span> 
     </span>
    </p>
   </div>
   <div class='ocr_carea' id='block_1_71' title="bbox 308 3888 1910 3961">
    <p class='ocr_par' dir='ltr' id='par_1_71' title="bbox 308 3888 1910 3961">
     <span class='ocr_line' id='line_1_71' title="bbox 308 3888 1910 3961; baseline -0.001 -18"><span class='ocrx_word' id='word_1_531' title='bbox 308 3889 405 3943; x_wconf 78' lang='grc' dir='ltr'><strong>τοῦ</strong></span> <span class='ocrx_word' id='word_1_532' title='bbox 437 3888 690 3959; x_wconf 77' lang='grc' dir='ltr'><strong>Σωτῆρος</strong></span> <span class='ocrx_word' id='word_1_533' title='bbox 729 3888 1040 3958; x_wconf 74' lang='grc' dir='ltr'><strong>εἰρημένοις</strong></span> <span class='ocrx_word' id='word_1_534' title='bbox 1075 3889 1309 3961; x_wconf 83' lang='grc' dir='ltr'><strong>θεωρίαν</strong></span> <span class='ocrx_word' id='word_1_535' title='bbox 1338 3891 1653 3958; x_wconf 80' lang='grc' dir='ltr'><strong>ἐπάγοντες,</strong></span> <span class='ocrx_word' id='word_1_536' title='bbox 1689 3889 1910 3960; x_wconf 87' lang='grc' dir='ltr'><strong>χαριέν-</strong></span> 
     </span>
    </p>
   </div>
   <div class='ocr_carea' id='block_1_72' title="bbox 310 3981 1910 4054">
    <p class='ocr_par' dir='ltr' id='par_1_72' title="bbox 310 3981 1910 4054">
     <span class='ocr_line' id='line_1_72' title="bbox 310 3981 1910 4054; baseline -0.001 -19"><span class='ocrx_word' id='word_1_537' title='bbox 310 3999 422 4046; x_wconf 83' lang='grc' dir='ltr'><strong>τως</strong></span> <span class='ocrx_word' id='word_1_538' title='bbox 452 3981 616 4035; x_wconf 82' lang='grc' dir='ltr'><strong>αὑτὸν</strong></span> <span class='ocrx_word' id='word_1_539' title='bbox 639 3982 921 4052; x_wconf 78' lang='grc' dir='ltr'><strong>εἰρηκέναι</strong></span> <span class='ocrx_word' id='word_1_540' title='bbox 944 3982 1273 4053; x_wconf 82' lang='grc' dir='ltr'><strong>πιστεύομεν</strong></span> <span class='ocrx_word' id='word_1_541' title='bbox 1298 3983 1490 4054; x_wconf 82' lang='grc' dir='ltr'><strong>ὅτιπερ</strong></span> <span class='ocrx_word' id='word_1_542' title='bbox 1521 3985 1547 4036; x_wconf 77' lang='grc' dir='ltr'>ὁ</span> <span class='ocrx_word' id='word_1_543' title='bbox 1582 3983 1910 4054; x_wconf 85' lang='grc' dir='ltr'><strong>μικρότερος</strong></span> 
     </span>
    </p>
   </div>
   <div class='ocr_carea' id='block_1_73' title="bbox 301 4071 1908 4146">
    <p class='ocr_par' dir='ltr' id='par_1_73' title="bbox 301 4071 1908 4146">
     <span class='ocr_line' id='line_1_73' title="bbox 301 4071 1908 4146; baseline 0.001 -20"><span class='ocrx_word' id='word_1_544' title='bbox 301 4073 389 4137; x_wconf 79' lang='grc' dir='ltr'><strong>-ὼς</strong></span> <span class='ocrx_word' id='word_1_545' title='bbox 428 4073 487 4124; x_wconf 83' lang='grc' dir='ltr'><strong>ἐν</strong></span> <span class='ocrx_word' id='word_1_546' title='bbox 527 4071 786 4142; x_wconf 86' lang='grc' dir='ltr'><strong>ποσότητι</strong></span> <span class='ocrx_word' id='word_1_547' title='bbox 821 4074 1011 4143; x_wconf 83' lang='grc' dir='ltr'><strong>χρόνου</strong></span> <span class='ocrx_word' id='word_1_548' title='bbox 1042 4073 1133 4126; x_wconf 80' lang='grc' dir='ltr'><strong>τοῦ</strong></span> <span class='ocrx_word' id='word_1_549' title='bbox 1184 4074 1324 4127; x_wconf 69' lang='grc' dir='ltr'><strong>κατὰ</strong></span> <span class='ocrx_word' id='word_1_550' title='bbox 1375 4074 1474 4143; x_wconf 85' lang='grc' dir='ltr'><strong>τὴν</strong></span> <span class='ocrx_word' id='word_1_551' title='bbox 1524 4075 1779 4146; x_wconf 82' lang='grc' dir='ltr'><strong>γέννησιν</strong></span> <span class='ocrx_word' id='word_1_552' title='bbox 1807 4076 1908 4146; x_wconf 79' lang='grc' dir='ltr'><strong>τὴν</strong></span> 
     </span>
    </p>
   </div>
   <div class='ocr_carea' id='block_1_74' title="bbox 313 4162 1911 4239">
    <p class='ocr_par' dir='ltr' id='par_1_74' title="bbox 313 4162 1911 4239">
     <span class='ocr_line' id='line_1_74' title="bbox 313 4162 1911 4239; baseline 0.004 -24"><span class='ocrx_word' id='word_1_553' title='bbox 313 4163 455 4234; x_wconf 82' lang='grc' dir='ltr'><strong>μετὰ</strong></span> <span class='ocrx_word' id='word_1_554' title='bbox 490 4163 714 4234; x_wconf 79' lang='grc' dir='ltr'><strong>σαρκὸς,</strong></span> <span class='ocrx_word' id='word_1_555' title='bbox 739 4162 892 4217; x_wconf 79' lang='grc' dir='ltr'><strong>ἔσται</strong></span> <span class='ocrx_word' id='word_1_556' title='bbox 926 4164 1130 4235; x_wconf 79' lang='grc' dir='ltr'><strong>μείζων</strong></span> <span class='ocrx_word' id='word_1_557' title='bbox 1159 4169 1216 4218; x_wconf 86' lang='grc' dir='ltr'><strong>ἐν</strong></span> <span class='ocrx_word' id='word_1_558' title='bbox 1242 4168 1307 4237; x_wconf 81' lang='grc' dir='ltr'><strong>τῇ</strong></span> <span class='ocrx_word' id='word_1_559' title='bbox 1337 4165 1584 4238; x_wconf 75' lang='grc' dir='ltr'><strong>βασιλείᾳ</strong></span> <span class='ocrx_word' id='word_1_560' title='bbox 1611 4167 1720 4220; x_wconf 79' lang='grc' dir='ltr'><strong>τῶν</strong></span> <span class='ocrx_word' id='word_1_561' title='bbox 1749 4167 1911 4239; x_wconf 86' lang='grc' dir='ltr'><strong>ούρα-</strong></span> 
     </span>
    </p>
   </div>
   <div class='ocr_carea' id='block_1_75' title="bbox 310 4256 1909 4332">
    <p class='ocr_par' dir='ltr' id='par_1_75' title="bbox 310 4256 1909 4332">
     <span class='ocr_line' id='line_1_75' title="bbox 310 4256 1909 4332; baseline 0.003 -24"><span class='ocrx_word' id='word_1_562' title='bbox 310 4256 420 4309; x_wconf 82' lang='grc' dir='ltr'><strong>νῶν</strong></span> <span class='ocrx_word' id='word_1_563' title='bbox 447 4256 542 4309; x_wconf 77' lang='grc' dir='ltr'><strong>καὶ</strong></span> <span class='ocrx_word' id='word_1_564' title='bbox 576 4257 671 4309; x_wconf 78' lang='grc' dir='ltr'><strong>τοῦ</strong></span> <span class='ocrx_word' id='word_1_565' title='bbox 701 4256 905 4310; x_wconf 84' lang='grc' dir='ltr'><strong>τελείου</strong></span> <span class='ocrx_word' id='word_1_566' title='bbox 940 4257 1076 4328; x_wconf 84' lang='grc' dir='ltr'><strong>πρὸς</strong></span> <span class='ocrx_word' id='word_1_567' title='bbox 1120 4257 1220 4328; x_wconf 82' lang='grc' dir='ltr'><strong>τὴν</strong></span> <span class='ocrx_word' id='word_1_568' title='bbox 1250 4259 1309 4311; x_wconf 85' lang='grc' dir='ltr'><strong>ἐν</strong></span> <span class='ocrx_word' id='word_1_569' title='bbox 1350 4257 1659 4328; x_wconf 82' lang='grc' dir='ltr'><strong>ἀνθρώποις</strong></span> <span class='ocrx_word' id='word_1_570' title='bbox 1685 4258 1909 4332; x_wconf 81' lang='grc' dir='ltr'><strong>ἀρετήν.</strong></span> 
     </span>
    </p>
   </div>
   <div class='ocr_carea' id='block_1_76' title="bbox 311 4349 1915 4422">
    <p class='ocr_par' dir='ltr' id='par_1_76' title="bbox 311 4349 1915 4422">
     <span class='ocr_line' id='line_1_76' title="bbox 311 4349 1915 4422; baseline 0.001 -19"><span class='ocrx_word' id='word_1_571' title='bbox 311 4349 523 4403; x_wconf 68' lang='grc' dir='ltr'><strong>Οὐκοῦν</strong></span> <span class='ocrx_word' id='word_1_572' title='bbox 548 4349 609 4401; x_wconf 82' lang='grc' dir='ltr'><strong>τὸ</strong></span> <span class='ocrx_word' id='word_1_573' title='bbox 639 4351 737 4418; x_wconf 76' lang='grc' dir='ltr'><strong>μὲν</strong></span> <span class='ocrx_word' id='word_1_574' title='bbox 762 4352 1085 4422; x_wconf 85' lang='grc' dir='ltr'><strong>μικρότερος</strong></span> <span class='ocrx_word' id='word_1_575' title='bbox 1107 4351 1165 4403; x_wconf 76' lang='grc' dir='ltr'><strong>τὸ</strong></span> <span class='ocrx_word' id='word_1_576' title='bbox 1185 4351 1465 4422; x_wconf 83' lang='grc' dir='ltr'><strong>Κυριακὸν</strong></span> <span class='ocrx_word' id='word_1_577' title='bbox 1494 4351 1716 4405; x_wconf 76' lang='grc' dir='ltr'><strong>εἰσοίσει</strong></span> <span class='ocrx_word' id='word_1_578' title='bbox 1742 4351 1915 4422; x_wconf 83' lang='grc' dir='ltr'><strong>πρόσ-</strong></span> 
     </span>
    </p>
   </div>
   <div class='ocr_carea' id='block_1_77' title="bbox 309 4436 1914 4514">
    <p class='ocr_par' dir='ltr' id='par_1_77' title="bbox 309 4436 1914 4514">
     <span class='ocr_line' id='line_1_77' title="bbox 309 4436 1914 4514; baseline 0.003 -20"><span class='ocrx_word' id='word_1_579' title='bbox 309 4457 462 4494; x_wconf 86' lang='grc' dir='ltr'><strong>ωπον</strong></span> <span class='ocrx_word' id='word_1_580' title='bbox 502 4442 665 4512; x_wconf 74' lang='grc' dir='ltr'><strong>ἡμῖν·</strong></span> <span class='ocrx_word' id='word_1_581' title='bbox 715 4436 776 4496; x_wconf 75' lang='grc' dir='ltr'><strong>τὸ</strong></span> <span class='ocrx_word' id='word_1_582' title='bbox 809 4443 865 4495; x_wconf 83' lang='grc' dir='ltr'>δὲ</span> <span class='ocrx_word' id='word_1_583' title='bbox 909 4445 966 4495; x_wconf 86' lang='grc' dir='ltr'><strong>ἐν</strong></span> <span class='ocrx_word' id='word_1_584' title='bbox 1013 4444 1314 4512; x_wconf 83' lang='grc' dir='ltr'><strong>τελειότητι</strong></span> <span class='ocrx_word' id='word_1_585' title='bbox 1361 4446 1425 4514; x_wconf 78' lang='grc' dir='ltr'><strong>τῇ</strong></span> <span class='ocrx_word' id='word_1_586' title='bbox 1476 4445 1597 4498; x_wconf 82' lang='grc' dir='ltr'><strong>κατ’</strong></span> <span class='ocrx_word' id='word_1_587' title='bbox 1627 4444 1914 4500; x_wconf 77' lang='grc' dir='ltr'><strong>εὐσέϐειαν</strong></span> 
     </span>
    </p>
   </div>
   <div class='ocr_carea' id='block_1_78' title="bbox 314 4533 1904 4610">
    <p class='ocr_par' dir='ltr' id='par_1_78' title="bbox 314 4533 1904 4610">
     <span class='ocr_line' id='line_1_78' title="bbox 314 4533 1904 4610; baseline 0.005 -25"><span class='ocrx_word' id='word_1_588' title='bbox 314 4533 784 4605; x_wconf 79' lang='grc' dir='ltr'><strong>ἁνθρωποπρεπεί</strong></span> <span class='ocrx_word' id='word_1_589' title='bbox 820 4536 1034 4589; x_wconf 85' lang='grc' dir='ltr'><strong>κεῖσθαι</strong></span> <span class='ocrx_word' id='word_1_590' title='bbox 1084 4536 1175 4589; x_wconf 83' lang='grc' dir='ltr'><strong>τὸν</strong></span> <span class='ocrx_word' id='word_1_591' title='bbox 1234 4536 1390 4604; x_wconf 73' lang='grc' dir='ltr'><strong>ἅγιον</strong></span> <span class='ocrx_word' id='word_1_592' title='bbox 1441 4538 1780 4610; x_wconf 78' lang='grc' dir='ltr'><strong>Βαπτιστὴν,</strong></span> <span class='ocrx_word' id='word_1_593' title='bbox 1821 4539 1904 4606; x_wconf 83' lang='grc' dir='ltr'><strong>τὸ,</strong></span> 
     </span>
    </p>
   </div>
   <div class='ocr_carea' id='block_1_79' title="bbox 327 4627 1911 4703">
    <p class='ocr_par' dir='ltr' id='par_1_79' title="bbox 327 4627 1911 4703">
     <span class='ocr_line' id='line_1_79' title="bbox 327 4627 1911 4703; baseline 0.004 -25"><span class='ocrx_word' id='word_1_594' title='bbox 327 4628 417 4678; x_wconf 83' lang='grc' dir='ltr'><strong>Ἐν</strong></span> <span class='ocrx_word' id='word_1_595' title='bbox 443 4627 1028 4696; x_wconf 70' lang='grc' dir='ltr'><strong>γεννητοῖςαγυναικῶν</strong></span> <span class='ocrx_word' id='word_1_596' title='bbox 1058 4629 1133 4700; x_wconf 80' lang='grc' dir='ltr'><strong>μὴ</strong></span> <span class='ocrx_word' id='word_1_597' title='bbox 1159 4628 1464 4702; x_wconf 77' lang='grc' dir='ltr'><strong>ὴγηγέρθαι</strong></span> <span class='ocrx_word' id='word_1_598' title='bbox 1493 4628 1739 4699; x_wconf 79' lang='grc' dir='ltr'><strong>μείζονα,</strong></span> <span class='ocrx_word' id='word_1_599' title='bbox 1769 4648 1911 4703; x_wconf 84' lang='grc' dir='ltr'><strong>μαρ-</strong></span> 
     </span>
    </p>
   </div>
   <div class='ocr_carea' id='block_1_80' title="bbox 315 4719 1911 4796">
    <p class='ocr_par' dir='ltr' id='par_1_80' title="bbox 315 4719 1911 4796">
     <span class='ocr_line' id='line_1_80' title="bbox 315 4719 1911 4796; baseline 0.006 -26"><span class='ocrx_word' id='word_1_600' title='bbox 315 4722 508 4792; x_wconf 67' lang='grc' dir='ltr'><strong>τυρεῖο</strong></span> <span class='ocrx_word' id='word_1_601' title='bbox 540 4719 678 4773; x_wconf 78' lang='grc' dir='ltr'><strong>ἀλλὰ</strong></span> <span class='ocrx_word' id='word_1_602' title='bbox 715 4721 809 4773; x_wconf 73' lang='grc' dir='ltr'><strong>καὶ</strong></span> <span class='ocrx_word' id='word_1_603' title='bbox 847 4721 938 4774; x_wconf 72' lang='grc' dir='ltr'><strong>τὸν</strong></span> <span class='ocrx_word' id='word_1_604' title='bbox 983 4722 1126 4774; x_wconf 78' lang='grc' dir='ltr'><strong>οὕτω</strong></span> <span class='ocrx_word' id='word_1_605' title='bbox 1176 4723 1351 4792; x_wconf 89' lang='grc' dir='ltr'><strong>μέγαν</strong></span> <span class='ocrx_word' id='word_1_606' title='bbox 1387 4724 1741 4796; x_wconf 83' lang='grc' dir='ltr'><strong>ὑπεραλεῖται</strong></span> <span class='ocrx_word' id='word_1_607' title='bbox 1772 4726 1911 4796; x_wconf 84' lang='grc' dir='ltr'><strong>Χρι-</strong></span> 
     </span>
    </p>
   </div>
   <div class='ocr_carea' id='block_1_81' title="bbox 317 4811 1358 4885">
    <p class='ocr_par' dir='ltr' id='par_1_81' title="bbox 317 4811 1358 4885">
     <span class='ocr_line' id='line_1_81' title="bbox 317 4811 1358 4885; baseline 0.008 -21"><span class='ocrx_word' id='word_1_608' title='bbox 317 4811 468 4876; x_wconf 76' lang='grc' dir='ltr'><strong>στός.</strong></span> <span class='ocrx_word' id='word_1_609' title='bbox 514 4815 672 4867; x_wconf 84' lang='grc' dir='ltr'><strong>Ποῖον</strong></span> <span class='ocrx_word' id='word_1_610' title='bbox 707 4816 765 4868; x_wconf 87' lang='grc' dir='ltr'><strong>ἐν</strong></span> <span class='ocrx_word' id='word_1_611' title='bbox 794 4816 1006 4880; x_wconf 88' lang='grc' dir='ltr'><strong>τούτοις</strong></span> <span class='ocrx_word' id='word_1_612' title='bbox 1033 4817 1093 4870; x_wconf 84' lang='grc' dir='ltr'><strong>τὸ</strong></span> <span class='ocrx_word' id='word_1_613' title='bbox 1125 4817 1358 4885; x_wconf 77' lang='grc' dir='ltr'><strong>ἆτοπονς</strong></span> 
     </span>
    </p>
   </div>
   <div class='ocr_carea' id='block_1_82' title="bbox 800 4929 1422 4998">
    <p class='ocr_par' dir='ltr' id='par_1_82' title="bbox 800 4929 1422 4998">
     <span class='ocr_line' id='line_1_82' title="bbox 800 4929 1422 4998; baseline 0.008 -16"><span class='ocrx_word' id='word_1_614' title='bbox 800 4929 957 4997; x_wconf 81' lang='grc' dir='ltr'><strong>Πρὸς</strong></span> <span class='ocrx_word' id='word_1_615' title='bbox 994 4929 1182 4985; x_wconf 82' lang='grc' dir='ltr'><strong>ταῦτα</strong></span> <span class='ocrx_word' id='word_1_616' title='bbox 1219 4933 1422 4998; x_wconf 78' lang='grc' dir='ltr'><strong>λύσις.</strong></span> 
     </span>
    </p>
   </div>
   <div class='ocr_carea' id='block_1_83' title="bbox 383 5039 1903 5116">
    <p class='ocr_par' dir='ltr' id='par_1_83' title="bbox 383 5039 1903 5116">
     <span class='ocr_line' id='line_1_83' title="bbox 383 5039 1903 5116; baseline 0.005 -21"><span class='ocrx_word' id='word_1_617' title='bbox 383 5041 448 5095; x_wconf 87' lang='grc' dir='ltr'><strong>Εἰ</strong></span> <span class='ocrx_word' id='word_1_618' title='bbox 485 5039 653 5109; x_wconf 81' lang='grc' dir='ltr'><strong>μηδὲν</strong></span> <span class='ocrx_word' id='word_1_619' title='bbox 689 5042 745 5094; x_wconf 82' lang='grc' dir='ltr'><strong>ἐν</strong></span> <span class='ocrx_word' id='word_1_620' title='bbox 773 5042 982 5107; x_wconf 82' lang='grc' dir='ltr'><strong>τούτοις</strong></span> <span class='ocrx_word' id='word_1_621' title='bbox 1015 5044 1076 5096; x_wconf 82' lang='grc' dir='ltr'><strong>τὺ</strong></span> <span class='ocrx_word' id='word_1_622' title='bbox 1103 5045 1324 5108; x_wconf 85' lang='grc' dir='ltr'><strong>ἄτοπον,</strong></span> <span class='ocrx_word' id='word_1_623' title='bbox 1357 5046 1455 5116; x_wconf 80' lang='grc' dir='ltr'><strong>οὐχ</strong></span> <span class='ocrx_word' id='word_1_624' title='bbox 1486 5048 1672 5112; x_wconf 83' lang='grc' dir='ltr'><strong>ἁπλῶς</strong></span> <span class='ocrx_word' id='word_1_625' title='bbox 1705 5049 1903 5111; x_wconf 81' lang='grc' dir='ltr'><strong>εἰπεῖν,</strong></span> 
     </span>
    </p>
   </div>
   <div class='ocr_carea' id='block_1_84' title="bbox 312 5130 1904 5212">
    <p class='ocr_par' dir='ltr' id='par_1_84' title="bbox 312 5130 1904 5212">
     <span class='ocr_line' id='line_1_84' title="bbox 312 5130 1904 5212; baseline 0.005 -26"><span class='ocrx_word' id='word_1_626' title='bbox 312 5133 450 5186; x_wconf 71' lang='grc' dir='ltr'><strong>ἀλλὰ</strong></span> <span class='ocrx_word' id='word_1_627' title='bbox 492 5130 676 5202; x_wconf 79' lang='grc' dir='ltr'><strong>ζητεῖν</strong></span> <span class='ocrx_word' id='word_1_628' title='bbox 723 5131 1058 5203; x_wconf 58' lang='grc' dir='ltr'><strong>ἀναγκαίομ’</strong></span> <span class='ocrx_word' id='word_1_629' title='bbox 1108 5136 1307 5207; x_wconf 83' lang='grc' dir='ltr'><strong>χρῆναι</strong></span> <span class='ocrx_word' id='word_1_630' title='bbox 1338 5137 1446 5208; x_wconf 81' lang='grc' dir='ltr'><strong>γὰρ</strong></span> <span class='ocrx_word' id='word_1_631' title='bbox 1489 5136 1644 5211; x_wconf 75' lang='grc' dir='ltr'><strong>οἶμαι</strong></span> <span class='ocrx_word' id='word_1_632' title='bbox 1689 5140 1904 5212; x_wconf 87' lang='grc' dir='ltr'><strong>γοργῶς</strong></span> 
     </span>
    </p>
   </div>
   <div class='ocr_carea' id='block_1_85' title="bbox 312 5216 1907 5310">
    <p class='ocr_par' dir='ltr' id='par_1_85' title="bbox 312 5216 1907 5310">
     <span class='ocr_line' id='line_1_85' title="bbox 312 5216 1907 5310; baseline 0.005 -28"><span class='ocrx_word' id='word_1_633' title='bbox 312 5231 428 5291; x_wconf 82' lang='grc' dir='ltr'><strong>τοῖς</strong></span> <span class='ocrx_word' id='word_1_634' title='bbox 458 5228 625 5293; x_wconf 83' lang='grc' dir='ltr'><strong>θείοις</strong></span> <span class='ocrx_word' id='word_1_635' title='bbox 652 5216 1089 5299; x_wconf 70' lang='grc' dir='ltr'><strong>ἐπαγωνίζεσθαι</strong></span> <span class='ocrx_word' id='word_1_636' title='bbox 1124 5233 1325 5303; x_wconf 84' lang='grc' dir='ltr'><strong>λόγοις,</strong></span> <span class='ocrx_word' id='word_1_637' title='bbox 1355 5237 1416 5290; x_wconf 76' lang='grc' dir='ltr'><strong>οὐ</strong></span> <span class='ocrx_word' id='word_1_638' title='bbox 1462 5238 1680 5302; x_wconf 79' lang='grc' dir='ltr'><strong>πάντως</strong></span> <span class='ocrx_word' id='word_1_639' title='bbox 1715 5241 1813 5310; x_wconf 78' lang='grc' dir='ltr'><strong>τὴν</strong></span> <span class='ocrx_word' id='word_1_640' title='bbox 1847 5238 1907 5304; x_wconf 80' lang='grc' dir='ltr'><strong>ἐξ</strong></span> 
     </span>
    </p>
   </div>
   <div class='ocr_carea' id='block_1_86' title="bbox 312 5319 1907 5398">
    <p class='ocr_par' dir='ltr' id='par_1_86' title="bbox 312 5319 1907 5398">
     <span class='ocr_line' id='line_1_86' title="bbox 312 5319 1907 5398; baseline 0.008 -24"><span class='ocrx_word' id='word_1_641' title='bbox 312 5319 698 5392; x_wconf 78' lang='grc' dir='ltr'><strong>ἁπλουστέρων</strong></span> <span class='ocrx_word' id='word_1_642' title='bbox 730 5320 1104 5394; x_wconf 83' lang='grc' dir='ltr'><strong>θεωρημάτων</strong></span> <span class='ocrx_word' id='word_1_643' title='bbox 1150 5327 1421 5398; x_wconf 73' lang='grc' dir='ltr'><strong>ἐρανίζειν</strong></span> <span class='ocrx_word' id='word_1_644' title='bbox 1463 5330 1779 5396; x_wconf 82' lang='grc' dir='ltr'><strong>διάγνωσιν,</strong></span> <span class='ocrx_word' id='word_1_645' title='bbox 1818 5334 1907 5386; x_wconf 82' lang='grc' dir='ltr'><strong>ὅτε</strong></span> 
     </span>
    </p>
   </div>
   <div class='ocr_carea' id='block_1_87' title="bbox 312 5410 1902 5494">
    <p class='ocr_par' dir='ltr' id='par_1_87' title="bbox 312 5410 1902 5494">
     <span class='ocr_line' id='line_1_87' title="bbox 312 5410 1902 5494; baseline 0.009 -31"><span class='ocrx_word' id='word_1_646' title='bbox 312 5410 378 5479; x_wconf 72' lang='grc' dir='ltr'><strong>δὴ</strong></span> <span class='ocrx_word' id='word_1_647' title='bbox 409 5411 646 5480; x_wconf 76' lang='grc' dir='ltr'><strong>μάλιστα</strong></span> <span class='ocrx_word' id='word_1_648' title='bbox 679 5412 880 5485; x_wconf 80' lang='grc' dir='ltr'><strong>πολλὴν</strong></span> <span class='ocrx_word' id='word_1_649' title='bbox 908 5418 1040 5486; x_wconf 79' lang='grc' dir='ltr'><strong>ἡμῖν</strong></span> <span class='ocrx_word' id='word_1_650' title='bbox 1073 5418 1375 5488; x_wconf 75' lang='grc' dir='ltr'><strong>ἐμποιοῦσα</strong></span> <span class='ocrx_word' id='word_1_651' title='bbox 1407 5421 1504 5492; x_wconf 79' lang='grc' dir='ltr'><strong>τὴν</strong></span> <span class='ocrx_word' id='word_1_652' title='bbox 1532 5421 1737 5493; x_wconf 74' lang='grc' dir='ltr'><strong>ζημίαν</strong></span> <span class='ocrx_word' id='word_1_653' title='bbox 1769 5425 1902 5494; x_wconf 75' lang='grc' dir='ltr'><strong>ὁρᾶ-</strong></span> 
     </span>
    </p>
   </div>
   <div class='ocr_carea' id='block_1_88' title="bbox 315 5502 1908 5584">
    <p class='ocr_par' dir='ltr' id='par_1_88' title="bbox 315 5502 1908 5584">
     <span class='ocr_line' id='line_1_88' title="bbox 315 5502 1908 5584; baseline 0.007 -27"><span class='ocrx_word' id='word_1_654' title='bbox 315 5502 552 5557; x_wconf 84' lang='grc' dir='ltr'><strong>ται.Ἶνα</strong></span> <span class='ocrx_word' id='word_1_655' title='bbox 583 5504 693 5576; x_wconf 81' lang='grc' dir='ltr'><strong>γὰρ</strong></span> <span class='ocrx_word' id='word_1_656' title='bbox 720 5505 814 5559; x_wconf 67' lang='grc' dir='ltr'><strong>καλ⁸</strong></span> <span class='ocrx_word' id='word_1_657' title='bbox 841 5509 1123 5580; x_wconf 76' lang='grc' dir='ltr'><strong>νοήσωμεν</strong></span> <span class='ocrx_word' id='word_1_658' title='bbox 1166 5508 1340 5575; x_wconf 76' lang='grc' dir='ltr'><strong>οὕτως</strong></span> <span class='ocrx_word' id='word_1_659' title='bbox 1378 5511 1438 5564; x_wconf 82' lang='grc' dir='ltr'><strong>τὸ</strong></span> <span class='ocrx_word' id='word_1_660' title='bbox 1489 5513 1798 5584; x_wconf 87' lang='grc' dir='ltr'><strong>εἰρημένον,</strong></span> <span class='ocrx_word' id='word_1_661' title='bbox 1831 5515 1908 5580; x_wconf 83' lang='grc' dir='ltr'><strong>ὡς</strong></span> 
     </span>
    </p>
   </div>
   <div class='ocr_carea' id='block_1_89' title="bbox 316 5595 1914 5678">
    <p class='ocr_par' dir='ltr' id='par_1_89' title="bbox 316 5595 1914 5678">
     <span class='ocr_line' id='line_1_89' title="bbox 316 5595 1914 5678; baseline 0.01 -32"><span class='ocrx_word' id='word_1_662' title='bbox 316 5595 475 5664; x_wconf 83' lang='grc' dir='ltr'><strong>ὑμεῖς</strong></span> <span class='ocrx_word' id='word_1_663' title='bbox 519 5612 657 5664; x_wconf 87' lang='grc' dir='ltr'><strong>φατε</strong></span> <span class='ocrx_word' id='word_1_664' title='bbox 701 5599 798 5651; x_wconf 77' lang='grc' dir='ltr'><strong>καὶ</strong></span> <span class='ocrx_word' id='word_1_665' title='bbox 842 5598 1181 5670; x_wconf 79' lang='grc' dir='ltr'><strong>βουλεύεσθε,</strong></span> <span class='ocrx_word' id='word_1_666' title='bbox 1211 5604 1562 5674; x_wconf 83' lang='grc' dir='ltr'><strong>σημαινέσθω</strong></span> <span class='ocrx_word' id='word_1_667' title='bbox 1609 5608 1914 5678; x_wconf 83' lang='grc' dir='ltr'><strong>χαριέντως</strong></span> 
     </span>
    </p>
   </div>
   <div class='ocr_carea' id='block_1_90' title="bbox 312 5680 1908 5766">
    <p class='ocr_par' dir='ltr' id='par_1_90' title="bbox 312 5680 1908 5766">
     <span class='ocr_line' id='line_1_90' title="bbox 312 5680 1908 5766; baseline 0.013 -32"><span class='ocrx_word' id='word_1_668' title='bbox 312 5680 403 5736; x_wconf 72' lang='grc' dir='ltr'><strong>διὰ</strong></span> <span class='ocrx_word' id='word_1_669' title='bbox 451 5681 547 5736; x_wconf 81' lang='grc' dir='ltr'><strong>τοῦ</strong></span> <span class='ocrx_word' id='word_1_670' title='bbox 597 5685 959 5757; x_wconf 82' lang='grc' dir='ltr'><strong>Μικρότερος</strong></span> <span class='ocrx_word' id='word_1_671' title='bbox 990 5693 1018 5744; x_wconf 77' lang='grc' dir='ltr'>ὁ</span> <span class='ocrx_word' id='word_1_672' title='bbox 1046 5692 1691 5766; x_wconf 81' lang='grc' dir='ltr'><strong>Σωτήρ.⁶Υπερκείσεται</strong></span> <span class='ocrx_word' id='word_1_673' title='bbox 1729 5698 1908 5755; x_wconf 84' lang='grc' dir='ltr'><strong>τοίνυν</strong></span> 
     </span>
    </p>
   </div>
   <div class='ocr_carea' id='block_1_91' title="bbox 388 5857 847 5925">
    <p class='ocr_par' dir='ltr' id='par_1_91' title="bbox 388 5857 847 5925">
     <span class='ocr_line' id='line_1_91' title="bbox 388 5857 847 5925; baseline 0.017 -13"><span class='ocrx_word' id='word_1_674' title='bbox 388 5858 433 5890; x_wconf 85' lang='lat'><strong>&quot;</strong></span> <span class='ocrx_word' id='word_1_675' title='bbox 462 5857 594 5918; x_wconf 80' lang='lat' dir='ltr'><strong>Lur.</strong></span> <span class='ocrx_word' id='word_1_676' title='bbox 631 5876 724 5925; x_wconf 76' lang='lat' dir='ltr'><strong>vn.</strong></span> <span class='ocrx_word' id='word_1_677' title='bbox 762 5861 847 5920; x_wconf 78' lang='lat'><strong>‘28.</strong></span> 
     </span>
    </p>
   </div>
   <div class='ocr_carea' id='block_1_92' title="bbox 1943 4493 1990 4553">
    <p class='ocr_par' dir='ltr' id='par_1_92' title="bbox 1943 4493 1990 4553">
     <span class='ocr_line' id='line_1_92' title="bbox 1943 4493 1990 4553; baseline 0 0"><span class='ocrx_word' id='word_1_678' title='bbox 1943 4493 1990 4553; x_wconf 91' lang='lat' dir='ltr'>D</span> 
     </span>
    </p>
   </div>
   <div class='ocr_carea' id='block_1_93' title="bbox 2446 3683 3180 3756">
    <p class='ocr_par' dir='ltr' id='par_1_93' title="bbox 2446 3683 3180 3756">
     <span class='ocr_line' id='line_1_93' title="bbox 2446 3683 3180 3756; baseline 0 -17"><span class='ocrx_word' id='word_1_679' title='bbox 2446 3683 2688 3756; x_wconf 72' lang='lat' dir='ltr'><strong>Objectio</strong></span> <span class='ocrx_word' id='word_1_680' title='bbox 2733 3685 3180 3741; x_wconf 79' lang='lat' dir='ltr'><strong>adversariorum.</strong></span> 
     </span>
    </p>
   </div>
   <div class='ocr_carea' id='block_1_94' title="bbox 2088 3800 3609 3870">
    <p class='ocr_par' dir='ltr' id='par_1_94' title="bbox 2088 3800 3609 3870">
     <span class='ocr_line' id='line_1_94' title="bbox 2088 3800 3609 3870; baseline -0.001 -15"><span class='ocrx_word' id='word_1_681' title='bbox 2088 3800 2440 3869; x_wconf 80' lang='lat' dir='ltr'><strong>Simplicem,</strong></span> <span class='ocrx_word' id='word_1_682' title='bbox 2485 3801 2673 3865; x_wconf 86' lang='lat' dir='ltr'><strong>aiunt,</strong></span> <span class='ocrx_word' id='word_1_683' title='bbox 2725 3801 3058 3870; x_wconf 84' lang='lat' dir='ltr'><strong>minimeque</strong></span> <span class='ocrx_word' id='word_1_684' title='bbox 3102 3801 3374 3855; x_wconf 88' lang='lat' dir='ltr'><strong>curiosam</strong></span> <span class='ocrx_word' id='word_1_685' title='bbox 3421 3815 3609 3854; x_wconf 83' lang='lat' dir='ltr'><strong>eorum</strong></span> 
     </span>
    </p>
   </div>
   <div class='ocr_carea' id='block_1_95' title="bbox 2015 3893 3605 3964">
    <p class='ocr_par' dir='ltr' id='par_1_95' title="bbox 2015 3893 3605 3964">
     <span class='ocr_line' id='line_1_95' title="bbox 2015 3893 3605 3964; baseline -0.001 -19"><span class='ocrx_word' id='word_1_686' title='bbox 2015 3908 2136 3963; x_wconf 75' lang='lat' dir='ltr'><strong>qua:</strong></span> <span class='ocrx_word' id='word_1_687' title='bbox 2173 3909 2198 3946; x_wconf 86' lang='lat' dir='ltr'><strong>a</strong></span> <span class='ocrx_word' id='word_1_688' title='bbox 2236 3893 2455 3948; x_wconf 90' lang='lat' dir='ltr'><strong>Christo</strong></span> <span class='ocrx_word' id='word_1_689' title='bbox 2491 3893 2632 3948; x_wconf 85' lang='lat' dir='ltr'><strong>dicta</strong></span> <span class='ocrx_word' id='word_1_690' title='bbox 2671 3903 2797 3947; x_wconf 90' lang='lat' dir='ltr'><strong>sunt</strong></span> <span class='ocrx_word' id='word_1_691' title='bbox 2833 3895 3342 3964; x_wconf 86' lang='lat' dir='ltr'><strong>interpretationem</strong></span> <span class='ocrx_word' id='word_1_692' title='bbox 3377 3908 3605 3960; x_wconf 80' lang='lat' dir='ltr'><strong>sequen-</strong></span> 
     </span>
    </p>
   </div>
   <div class='ocr_carea' id='block_1_96' title="bbox 2018 3985 3610 4057">
    <p class='ocr_par' dir='ltr' id='par_1_96' title="bbox 2018 3985 3610 4057">
     <span class='ocr_line' id='line_1_96' title="bbox 2018 3985 3610 4057; baseline -0.001 -19"><span class='ocrx_word' id='word_1_693' title='bbox 2018 3995 2119 4046; x_wconf 86' lang='lat' dir='ltr'><strong>tes,</strong></span> <span class='ocrx_word' id='word_1_694' title='bbox 2153 3986 2360 4040; x_wconf 86' lang='lat' dir='ltr'><strong>urbane</strong></span> <span class='ocrx_word' id='word_1_695' title='bbox 2393 3986 2543 4040; x_wconf 90' lang='lat' dir='ltr'><strong>illunt</strong></span> <span class='ocrx_word' id='word_1_696' title='bbox 2577 3986 2782 4040; x_wconf 69' lang='lat' dir='ltr'><strong>dixisse</strong></span> <span class='ocrx_word' id='word_1_697' title='bbox 2814 3987 3088 4041; x_wconf 90' lang='lat' dir='ltr'><strong>credimus</strong></span> <span class='ocrx_word' id='word_1_698' title='bbox 3120 3987 3288 4057; x_wconf 90' lang='lat' dir='ltr'><strong>quod,</strong></span> <span class='ocrx_word' id='word_1_699' title='bbox 3322 3986 3500 4038; x_wconf 84' lang='lat' dir='ltr'><strong>minor</strong></span> <span class='ocrx_word' id='word_1_700' title='bbox 3527 3985 3610 4037; x_wconf 92' lang='lat' dir='ltr'><strong>ni-</strong></span> 
     </span>
    </p>
   </div>
   <div class='ocr_carea' id='block_1_97' title="bbox 2015 4078 3608 4148">
    <p class='ocr_par' dir='ltr' id='par_1_97' title="bbox 2015 4078 3608 4148">
     <span class='ocr_line' id='line_1_97' title="bbox 2015 4078 3608 4148; baseline -0.003 -15"><span class='ocrx_word' id='word_1_701' title='bbox 2015 4078 2214 4133; x_wconf 89' lang='lat' dir='ltr'><strong>mirum</strong></span> <span class='ocrx_word' id='word_1_702' title='bbox 2249 4079 2556 4148; x_wconf 88' lang='lat' dir='ltr'><strong>quantitate</strong></span> <span class='ocrx_word' id='word_1_703' title='bbox 2589 4080 2855 4148; x_wconf 85' lang='lat' dir='ltr'><strong>temporis</strong></span> <span class='ocrx_word' id='word_1_704' title='bbox 2889 4080 2958 4133; x_wconf 90' lang='lat' dir='ltr'><strong>ab</strong></span> <span class='ocrx_word' id='word_1_705' title='bbox 2991 4089 3115 4134; x_wconf 92' lang='lat' dir='ltr'><strong>ortu</strong></span> <span class='ocrx_word' id='word_1_706' title='bbox 3150 4080 3449 4134; x_wconf 87' lang='lat' dir='ltr'><strong>secundmn</strong></span> <span class='ocrx_word' id='word_1_707' title='bbox 3483 4091 3608 4130; x_wconf 86' lang='lat' dir='ltr'><strong>car-</strong></span> 
     </span>
    </p>
   </div>
   <div class='ocr_carea' id='block_1_98' title="bbox 2015 4170 3614 4243">
    <p class='ocr_par' dir='ltr' id='par_1_98' title="bbox 2015 4170 3614 4243">
     <span class='ocr_line' id='line_1_98' title="bbox 2015 4170 3614 4243; baseline -0.001 -19"><span class='ocrx_word' id='word_1_708' title='bbox 2015 4186 2162 4236; x_wconf 89' lang='lat' dir='ltr'><strong>nem,</strong></span> <span class='ocrx_word' id='word_1_709' title='bbox 2195 4173 2368 4242; x_wconf 87' lang='lat' dir='ltr'><strong>major</strong></span> <span class='ocrx_word' id='word_1_710' title='bbox 2395 4174 2611 4227; x_wconf 83' lang='lat' dir='ltr'><strong>futurus</strong></span> <span class='ocrx_word' id='word_1_711' title='bbox 2642 4172 2713 4227; x_wconf 90' lang='lat' dir='ltr'><strong>sit</strong></span> <span class='ocrx_word' id='word_1_712' title='bbox 2746 4173 2799 4226; x_wconf 90' lang='lat' dir='ltr'><strong>in</strong></span> <span class='ocrx_word' id='word_1_713' title='bbox 2837 4187 3005 4243; x_wconf 87' lang='lat' dir='ltr'><strong>regno</strong></span> <span class='ocrx_word' id='word_1_714' title='bbox 3035 4171 3319 4237; x_wconf 76' lang='lat' dir='ltr'><strong>cmlorum,</strong></span> <span class='ocrx_word' id='word_1_715' title='bbox 3350 4170 3514 4226; x_wconf 85' lang='lat' dir='ltr'><strong>etiam</strong></span> <span class='ocrx_word' id='word_1_716' title='bbox 3545 4183 3614 4223; x_wconf 92' lang='lat' dir='ltr'><strong>eo</strong></span> 
     </span>
    </p>
   </div>
   <div class='ocr_carea' id='block_1_99' title="bbox 2015 4264 3607 4336">
    <p class='ocr_par' dir='ltr' id='par_1_99' title="bbox 2015 4264 3607 4336">
     <span class='ocr_line' id='line_1_99' title="bbox 2015 4264 3607 4336; baseline -0.001 -20"><span class='ocrx_word' id='word_1_717' title='bbox 2015 4264 2106 4332; x_wconf 91' lang='lat' dir='ltr'><strong>qui</strong></span> <span class='ocrx_word' id='word_1_718' title='bbox 2146 4264 2399 4319; x_wconf 76' lang='lat' dir='ltr'><strong>humanae</strong></span> <span class='ocrx_word' id='word_1_719' title='bbox 2433 4265 2653 4320; x_wconf 86' lang='lat' dir='ltr'><strong>virtutis</strong></span> <span class='ocrx_word' id='word_1_720' title='bbox 2695 4266 3084 4336; x_wconf 85' lang='lat' dir='ltr'><strong>perfectionem</strong></span> <span class='ocrx_word' id='word_1_721' title='bbox 3130 4273 3216 4320; x_wconf 87' lang='lat' dir='ltr'><strong>est</strong></span> <span class='ocrx_word' id='word_1_722' title='bbox 3259 4271 3607 4318; x_wconf 88' lang='lat' dir='ltr'><strong>consecutus.</strong></span> 
     </span>
    </p>
   </div>
   <div class='ocr_carea' id='block_1_100' title="bbox 2017 4354 3612 4428">
    <p class='ocr_par' dir='ltr' id='par_1_100' title="bbox 2017 4354 3612 4428">
     <span class='ocr_line' id='line_1_100' title="bbox 2017 4354 3612 4428; baseline -0.002 -18"><span class='ocrx_word' id='word_1_723' title='bbox 2017 4357 2191 4411; x_wconf 79' lang='lat' dir='ltr'><strong>Minor</strong></span> <span class='ocrx_word' id='word_1_724' title='bbox 2222 4357 2401 4428; x_wconf 84' lang='lat' dir='ltr'><strong>itaque</strong></span> <span class='ocrx_word' id='word_1_725' title='bbox 2436 4372 2726 4427; x_wconf 87' lang='lat' dir='ltr'><strong>personam</strong></span> <span class='ocrx_word' id='word_1_726' title='bbox 2761 4357 2972 4413; x_wconf 91' lang='lat' dir='ltr'><strong>Domini</strong></span> <span class='ocrx_word' id='word_1_727' title='bbox 3014 4359 3171 4412; x_wconf 91' lang='lat' dir='ltr'><strong>nobis</strong></span> <span class='ocrx_word' id='word_1_728' title='bbox 3205 4356 3508 4427; x_wconf 80' lang='lat' dir='ltr'><strong>significat;</strong></span> <span class='ocrx_word' id='word_1_729' title='bbox 3547 4354 3612 4407; x_wconf 87' lang='lat' dir='ltr'><strong>il-</strong></span> 
     </span>
    </p>
   </div>
   <div class='ocr_carea' id='block_1_101' title="bbox 2021 4449 3612 4518">
    <p class='ocr_par' dir='ltr' id='par_1_101' title="bbox 2021 4449 3612 4518">
     <span class='ocr_line' id='line_1_101' title="bbox 2021 4449 3612 4518; baseline -0.001 -17"><span class='ocrx_word' id='word_1_730' title='bbox 2021 4449 2108 4504; x_wconf 91' lang='lat' dir='ltr'><strong>lud</strong></span> <span class='ocrx_word' id='word_1_731' title='bbox 2144 4465 2274 4504; x_wconf 85' lang='lat' dir='ltr'><strong>vero</strong></span> <span class='ocrx_word' id='word_1_732' title='bbox 2314 4466 2417 4506; x_wconf 91' lang='lat' dir='ltr'><strong>non</strong></span> <span class='ocrx_word' id='word_1_733' title='bbox 2460 4451 2765 4506; x_wconf 83' lang='lat' dir='ltr'><strong>surrexisse</strong></span> <span class='ocrx_word' id='word_1_734' title='bbox 2806 4450 3067 4518; x_wconf 89' lang='lat' dir='ltr'><strong>majorem</strong></span> <span class='ocrx_word' id='word_1_735' title='bbox 3113 4451 3255 4505; x_wconf 90' lang='lat' dir='ltr'><strong>inter</strong></span> <span class='ocrx_word' id='word_1_736' title='bbox 3291 4458 3450 4503; x_wconf 86' lang='lat' dir='ltr'><strong>natos</strong></span> <span class='ocrx_word' id='word_1_737' title='bbox 3491 4463 3612 4500; x_wconf 82' lang='lat' dir='ltr'><strong>mu-</strong></span> 
     </span>
    </p>
   </div>
   <div class='ocr_carea' id='block_1_102' title="bbox 2020 4540 3609 4612">
    <p class='ocr_par' dir='ltr' id='par_1_102' title="bbox 2020 4540 3609 4612">
     <span class='ocr_line' id='line_1_102' title="bbox 2020 4540 3609 4612; baseline -0.002 -18"><span class='ocrx_word' id='word_1_738' title='bbox 2020 4542 2248 4607; x_wconf 87' lang='lat' dir='ltr'><strong>lierum,</strong></span> <span class='ocrx_word' id='word_1_739' title='bbox 2283 4541 2557 4611; x_wconf 83' lang='lat' dir='ltr'><strong>significat</strong></span> <span class='ocrx_word' id='word_1_740' title='bbox 2589 4553 2838 4597; x_wconf 87' lang='lat' dir='ltr'><strong>sanctum</strong></span> <span class='ocrx_word' id='word_1_741' title='bbox 2875 4541 3176 4612; x_wconf 87' lang='lat' dir='ltr'><strong>Baptistam</strong></span> <span class='ocrx_word' id='word_1_742' title='bbox 3216 4540 3609 4611; x_wconf 82' lang='lat' dir='ltr'><strong>perfectionem</strong></span> 
     </span>
    </p>
   </div>
   <div class='ocr_carea' id='block_1_103' title="bbox 2021 4633 3610 4705">
    <p class='ocr_par' dir='ltr' id='par_1_103' title="bbox 2021 4633 3610 4705">
     <span class='ocr_line' id='line_1_103' title="bbox 2021 4633 3610 4705; baseline -0.001 -19"><span class='ocrx_word' id='word_1_743' title='bbox 2021 4633 2236 4702; x_wconf 87' lang='lat' dir='ltr'><strong>pietatis</strong></span> <span class='ocrx_word' id='word_1_744' title='bbox 2267 4648 2387 4699; x_wconf 61' lang='lat' dir='ltr'><strong>quae</strong></span> <span class='ocrx_word' id='word_1_745' title='bbox 2415 4635 2468 4688; x_wconf 92' lang='lat' dir='ltr'><strong>in</strong></span> <span class='ocrx_word' id='word_1_746' title='bbox 2499 4635 2774 4689; x_wconf 90' lang='lat' dir='ltr'><strong>hominem</strong></span> <span class='ocrx_word' id='word_1_747' title='bbox 2801 4634 3000 4689; x_wconf 90' lang='lat' dir='ltr'><strong>cadere</strong></span> <span class='ocrx_word' id='word_1_748' title='bbox 3031 4633 3226 4705; x_wconf 87' lang='lat' dir='ltr'><strong>possit,</strong></span> <span class='ocrx_word' id='word_1_749' title='bbox 3256 4640 3610 4688; x_wconf 83' lang='lat' dir='ltr'><strong>consecuttnn</strong></span> 
     </span>
    </p>
   </div>
   <div class='ocr_carea' id='block_1_104' title="bbox 2017 4720 3613 4796">
    <p class='ocr_par' dir='ltr' id='par_1_104' title="bbox 2017 4720 3613 4796">
     <span class='ocr_line' id='line_1_104' title="bbox 2017 4720 3613 4796; baseline -0.001 -19"><span class='ocrx_word' id='word_1_750' title='bbox 2017 4725 2187 4780; x_wconf 84' lang='lat' dir='ltr'><strong>fuisse</strong></span> <span class='ocrx_word' id='word_1_751' title='bbox 2222 4743 2236 4782; x_wconf 90' lang='lat'><strong>:</strong></span> <span class='ocrx_word' id='word_1_752' title='bbox 2277 4735 2533 4781; x_wconf 68' lang='lat' dir='ltr'><strong>caeterum</strong></span> <span class='ocrx_word' id='word_1_753' title='bbox 2576 4727 2721 4781; x_wconf 89' lang='lat' dir='ltr'><strong>hunc</strong></span> <span class='ocrx_word' id='word_1_754' title='bbox 2758 4727 3114 4796; x_wconf 84' lang='lat' dir='ltr'><strong>quantumvis</strong></span> <span class='ocrx_word' id='word_1_755' title='bbox 3154 4741 3412 4794; x_wconf 88' lang='lat' dir='ltr'><strong>magnum</strong></span> <span class='ocrx_word' id='word_1_756' title='bbox 3451 4720 3613 4777; x_wconf 83' lang='lat' dir='ltr'><strong>Chri-</strong></span> 
     </span>
    </p>
   </div>
   <div class='ocr_carea' id='block_1_105' title="bbox 2019 4819 3368 4890">
    <p class='ocr_par' dir='ltr' id='par_1_105' title="bbox 2019 4819 3368 4890">
     <span class='ocr_line' id='line_1_105' title="bbox 2019 4819 3368 4890; baseline -0.001 -14"><span class='ocrx_word' id='word_1_757' title='bbox 2019 4830 2134 4876; x_wconf 88' lang='lat' dir='ltr'><strong>stus</strong></span> <span class='ocrx_word' id='word_1_758' title='bbox 2166 4819 2473 4890; x_wconf 86' lang='lat' dir='ltr'><strong>superabit.</strong></span> <span class='ocrx_word' id='word_1_759' title='bbox 2504 4820 2645 4887; x_wconf 84' lang='lat' dir='ltr'><strong>Quid</strong></span> <span class='ocrx_word' id='word_1_760' title='bbox 2678 4821 2780 4875; x_wconf 88' lang='lat' dir='ltr'><strong>hac</strong></span> <span class='ocrx_word' id='word_1_761' title='bbox 2814 4822 2864 4875; x_wconf 90' lang='lat' dir='ltr'><strong>in</strong></span> <span class='ocrx_word' id='word_1_762' title='bbox 2899 4835 2958 4876; x_wconf 89' lang='lat' dir='ltr'><strong>re</strong></span> <span class='ocrx_word' id='word_1_763' title='bbox 2990 4830 3076 4875; x_wconf 89' lang='lat' dir='ltr'><strong>est</strong></span> <span class='ocrx_word' id='word_1_764' title='bbox 3107 4820 3368 4876; x_wconf 88' lang='lat' dir='ltr'><strong>absurdi?</strong></span> 
     </span>
    </p>
   </div>
   <div class='ocr_carea' id='block_1_106' title="bbox 2529 4930 3099 5003">
    <p class='ocr_par' dir='ltr' id='par_1_106' title="bbox 2529 4930 3099 5003">
     <span class='ocr_line' id='line_1_106' title="bbox 2529 4930 3099 5003; baseline 0.002 -17"><span class='ocrx_word' id='word_1_765' title='bbox 2529 4930 2734 4986; x_wconf 83' lang='lat' dir='ltr'><strong>Salutio</strong></span> <span class='ocrx_word' id='word_1_766' title='bbox 2770 4932 3099 5003; x_wconf 76' lang='lat' dir='ltr'><strong>objectionis.</strong></span> 
     </span>
    </p>
   </div>
   <div class='ocr_carea' id='block_1_107' title="bbox 2084 5045 3609 5116">
    <p class='ocr_par' dir='ltr' id='par_1_107' title="bbox 2084 5045 3609 5116">
     <span class='ocr_line' id='line_1_107' title="bbox 2084 5045 3609 5116; baseline 0.003 -18"><span class='ocrx_word' id='word_1_767' title='bbox 2084 5046 2164 5099; x_wconf 84' lang='grc' dir='ltr'><strong>Λιι</strong></span> <span class='ocrx_word' id='word_1_768' title='bbox 2193 5047 2324 5102; x_wconf 88' lang='lat' dir='ltr'><strong>nihil</strong></span> <span class='ocrx_word' id='word_1_769' title='bbox 2353 5049 2405 5102; x_wconf 93' lang='lat' dir='ltr'><strong>in</strong></span> <span class='ocrx_word' id='word_1_770' title='bbox 2435 5047 2519 5102; x_wconf 88' lang='lat' dir='ltr'><strong>his</strong></span> <span class='ocrx_word' id='word_1_771' title='bbox 2543 5046 2766 5103; x_wconf 88' lang='lat' dir='ltr'><strong>absurdi</strong></span> <span class='ocrx_word' id='word_1_772' title='bbox 2793 5047 2884 5111; x_wconf 89' lang='lat' dir='ltr'><strong>sit,</strong></span> <span class='ocrx_word' id='word_1_773' title='bbox 2912 5061 3020 5100; x_wconf 91' lang='lat' dir='ltr'><strong>non</strong></span> <span class='ocrx_word' id='word_1_774' title='bbox 3050 5045 3382 5115; x_wconf 88' lang='lat' dir='ltr'><strong>simpliciter</strong></span> <span class='ocrx_word' id='word_1_775' title='bbox 3404 5047 3609 5116; x_wconf 85' lang='lat' dir='ltr'><strong>dicere,</strong></span> 
     </span>
    </p>
   </div>
   <div class='ocr_carea' id='block_1_108' title="bbox 2014 5139 3610 5210">
    <p class='ocr_par' dir='ltr' id='par_1_108' title="bbox 2014 5139 3610 5210">
     <span class='ocr_line' id='line_1_108' title="bbox 2014 5139 3610 5210; baseline 0.002 -18"><span class='ocrx_word' id='word_1_776' title='bbox 2014 5139 2108 5192; x_wconf 86' lang='lat' dir='ltr'><strong>sed</strong></span> <span class='ocrx_word' id='word_1_777' title='bbox 2136 5140 2411 5210; x_wconf 87' lang='lat' dir='ltr'><strong>inquirere</strong></span> <span class='ocrx_word' id='word_1_778' title='bbox 2433 5149 2688 5210; x_wconf 88' lang='lat' dir='ltr'><strong>oportet;</strong></span> <span class='ocrx_word' id='word_1_779' title='bbox 2716 5154 2912 5209; x_wconf 86' lang='lat' dir='ltr'><strong>magna</strong></span> <span class='ocrx_word' id='word_1_780' title='bbox 2940 5139 3397 5209; x_wconf 79' lang='lat' dir='ltr'><strong>enimdiligentia</strong></span> <span class='ocrx_word' id='word_1_781' title='bbox 3425 5139 3610 5194; x_wconf 85' lang='lat' dir='ltr'><strong>divina</strong></span> 
     </span>
    </p>
   </div>
   <div class='ocr_carea' id='block_1_109' title="bbox 2016 5230 3612 5302">
    <p class='ocr_par' dir='ltr' id='par_1_109' title="bbox 2016 5230 3612 5302">
     <span class='ocr_line' id='line_1_109' title="bbox 2016 5230 3612 5302; baseline 0.003 -18"><span class='ocrx_word' id='word_1_782' title='bbox 2016 5230 2227 5301; x_wconf 86' lang='lat' dir='ltr'><strong>Scripta</strong></span> <span class='ocrx_word' id='word_1_783' title='bbox 2265 5231 2677 5302; x_wconf 84' lang='lat' dir='ltr'><strong>pervestiganda</strong></span> <span class='ocrx_word' id='word_1_784' title='bbox 2712 5241 2874 5296; x_wconf 87' lang='lat' dir='ltr'><strong>sunt,</strong></span> <span class='ocrx_word' id='word_1_785' title='bbox 2908 5247 3088 5302; x_wconf 83' lang='lat' dir='ltr'><strong>neque</strong></span> <span class='ocrx_word' id='word_1_786' title='bbox 3121 5233 3346 5286; x_wconf 90' lang='lat' dir='ltr'><strong>omnino</strong></span> <span class='ocrx_word' id='word_1_787' title='bbox 3379 5233 3612 5302; x_wconf 81' lang='lat' dir='ltr'><strong>simplex</strong></span> 
     </span>
    </p>
   </div>
   <div class='ocr_carea' id='block_1_110' title="bbox 2007 5324 3609 5397">
    <p class='ocr_par' dir='ltr' id='par_1_110' title="bbox 2007 5324 3609 5397">
     <span class='ocr_line' id='line_1_110' title="bbox 2007 5324 3609 5397; baseline 0.002 -19"><span class='ocrx_word' id='word_1_788' title='bbox 2007 5338 2072 5378; x_wconf 86' lang='lat' dir='ltr'><strong>ac</strong></span> <span class='ocrx_word' id='word_1_789' title='bbox 2110 5326 2262 5380; x_wconf 91' lang='lat' dir='ltr'><strong>rudis</strong></span> <span class='ocrx_word' id='word_1_790' title='bbox 2316 5325 2584 5381; x_wconf 83' lang='lat' dir='ltr'><strong>sententia</strong></span> <span class='ocrx_word' id='word_1_791' title='bbox 2635 5325 2936 5397; x_wconf 86' lang='lat' dir='ltr'><strong>colligenda</strong></span> <span class='ocrx_word' id='word_1_792' title='bbox 2972 5335 3077 5380; x_wconf 90' lang='lat' dir='ltr'><strong>est.</strong></span> <span class='ocrx_word' id='word_1_793' title='bbox 3127 5324 3423 5380; x_wconf 82' lang='lat' dir='ltr'><strong>Maximum</strong></span> <span class='ocrx_word' id='word_1_794' title='bbox 3462 5328 3609 5381; x_wconf 88' lang='lat' dir='ltr'><strong>enim</strong></span> 
     </span>
    </p>
   </div>
   <div class='ocr_carea' id='block_1_111' title="bbox 2012 5418 3612 5490">
    <p class='ocr_par' dir='ltr' id='par_1_111' title="bbox 2012 5418 3612 5490">
     <span class='ocr_line' id='line_1_111' title="bbox 2012 5418 3612 5490; baseline 0.001 -18"><span class='ocrx_word' id='word_1_795' title='bbox 2012 5419 2270 5473; x_wconf 90' lang='lat' dir='ltr'><strong>damnum</strong></span> <span class='ocrx_word' id='word_1_796' title='bbox 2305 5419 2357 5473; x_wconf 92' lang='lat' dir='ltr'><strong>id</strong></span> <span class='ocrx_word' id='word_1_797' title='bbox 2391 5419 2545 5473; x_wconf 90' lang='lat' dir='ltr'><strong>nobis</strong></span> <span class='ocrx_word' id='word_1_798' title='bbox 2577 5418 2780 5473; x_wconf 83' lang='lat' dir='ltr'><strong>inferre</strong></span> <span class='ocrx_word' id='word_1_799' title='bbox 2813 5419 2925 5490; x_wconf 77' lang='lat'><strong>96</strong></span> <span class='ocrx_word' id='word_1_800' title='bbox 2952 5419 3221 5474; x_wconf 88' lang='lat' dir='ltr'><strong>cernitur.</strong></span> <span class='ocrx_word' id='word_1_801' title='bbox 3254 5419 3388 5472; x_wconf 84' lang='lat' dir='ltr'><strong>Nam</strong></span> <span class='ocrx_word' id='word_1_802' title='bbox 3421 5430 3481 5473; x_wconf 93' lang='lat' dir='ltr'><strong>ut</strong></span> <span class='ocrx_word' id='word_1_803' title='bbox 3513 5436 3612 5475; x_wconf 92' lang='lat' dir='ltr'><strong>nos</strong></span> 
     </span>
    </p>
   </div>
   <div class='ocr_carea' id='block_1_112' title="bbox 1995 5506 3700 5584">
    <p class='ocr_par' dir='ltr' id='par_1_112' title="bbox 1995 5506 3700 5584">
     <span class='ocr_line' id='line_1_112' title="bbox 1995 5506 3700 5584; baseline -0.002 -18"><span class='ocrx_word' id='word_1_804' title='bbox 1995 5513 2174 5582; x_wconf 84' lang='lat' dir='ltr'><strong>etiam</strong></span> <span class='ocrx_word' id='word_1_805' title='bbox 2208 5514 2280 5566; x_wconf 89' lang='lat' dir='ltr'><strong>ita</strong></span> <span class='ocrx_word' id='word_1_806' title='bbox 2316 5513 2517 5567; x_wconf 84' lang='lat' dir='ltr'><strong>dictum</strong></span> <span class='ocrx_word' id='word_1_807' title='bbox 2553 5512 2943 5584; x_wconf 89' lang='lat' dir='ltr'><strong>intelligamus,</strong></span> <span class='ocrx_word' id='word_1_808' title='bbox 2975 5522 3034 5567; x_wconf 89' lang='grc' dir='ltr'><strong>ιιι</strong></span> <span class='ocrx_word' id='word_1_809' title='bbox 3064 5529 3162 5568; x_wconf 88' lang='lat' dir='ltr'><strong>vos</strong></span> <span class='ocrx_word' id='word_1_810' title='bbox 3197 5513 3377 5567; x_wconf 84' lang='lat' dir='ltr'><strong>dicitis</strong></span> <span class='ocrx_word' id='word_1_811' title='bbox 3408 5520 3462 5567; x_wconf 86' lang='lat' dir='ltr'><strong>et</strong></span> <span class='ocrx_word' id='word_1_812' title='bbox 3494 5522 3611 5566; x_wconf 85' lang='lat' dir='ltr'><strong>sta-</strong></span> <span class='ocrx_word' id='word_1_813' title='bbox 3697 5506 3700 5509; x_wconf 76' lang='grc'><em>’</em></span> 
     </span>
    </p>
   </div>
   <div class='ocr_carea' id='block_1_113' title="bbox 2014 5604 3610 5678">
    <p class='ocr_par' dir='ltr' id='par_1_113' title="bbox 2014 5604 3610 5678">
     <span class='ocr_line' id='line_1_113' title="bbox 2014 5604 3610 5678; baseline -0.004 -16"><span class='ocrx_word' id='word_1_814' title='bbox 2014 5608 2194 5672; x_wconf 85' lang='lat' dir='ltr'><strong>luitis,</strong></span> <span class='ocrx_word' id='word_1_815' title='bbox 2235 5608 2427 5662; x_wconf 87' lang='lat' dir='ltr'><strong>demus</strong></span> <span class='ocrx_word' id='word_1_816' title='bbox 2464 5607 2754 5678; x_wconf 86' lang='lat' dir='ltr'><strong>significari</strong></span> <span class='ocrx_word' id='word_1_817' title='bbox 2798 5607 3146 5662; x_wconf 82' lang='lat' dir='ltr'><strong>Servatorem</strong></span> <span class='ocrx_word' id='word_1_818' title='bbox 3188 5622 3285 5675; x_wconf 89' lang='lat' dir='ltr'><strong>per</strong></span> <span class='ocrx_word' id='word_1_819' title='bbox 3321 5620 3504 5659; x_wconf 86' lang='lat' dir='ltr'><strong>vocem</strong></span> <span class='ocrx_word' id='word_1_820' title='bbox 3545 5604 3610 5657; x_wconf 85' lang='lat' dir='ltr'><strong>il-</strong></span> 
     </span>
    </p>
   </div>
   <div class='ocr_carea' id='block_1_114' title="bbox 2016 5696 3612 5771">
    <p class='ocr_par' dir='ltr' id='par_1_114' title="bbox 2016 5696 3612 5771">
     <span class='ocr_line' id='line_1_114' title="bbox 2016 5696 3612 5771; baseline -0.001 -17"><span class='ocrx_word' id='word_1_821' title='bbox 2016 5699 2143 5767; x_wconf 88' lang='lat' dir='ltr'><strong>lam,</strong></span> <span class='ocrx_word' id='word_1_822' title='bbox 2173 5699 2371 5755; x_wconf 80' lang='lat' dir='ltr'><strong>Minor.</strong></span> <span class='ocrx_word' id='word_1_823' title='bbox 2401 5699 2646 5769; x_wconf 89' lang='lat' dir='ltr'><strong>Quanam</strong></span> <span class='ocrx_word' id='word_1_824' title='bbox 2679 5700 2843 5771; x_wconf 75' lang='lat' dir='ltr'><strong>igitur</strong></span> <span class='ocrx_word' id='word_1_825' title='bbox 2873 5701 3086 5755; x_wconf 85' lang='lat' dir='ltr'><strong>ratione</strong></span> <span class='ocrx_word' id='word_1_826' title='bbox 3117 5699 3392 5771; x_wconf 88' lang='lat' dir='ltr'><strong>superabit</strong></span> <span class='ocrx_word' id='word_1_827' title='bbox 3427 5696 3612 5768; x_wconf 80' lang='lat' dir='ltr'><strong>Bapti-</strong></span> 
     </span>
    </p>
   </div>
  </div>
