4048 6426
509 436 612 495 159

1488 427 1546 484 S.
1589 421 1861 485 ρῐιιιιιι
1900 413 2363 475 ALEXANDle
2406 412 2727 471 ABCBIEP.

3140 295 3163 335 ι

3645 397 3749 455 160

508 560 649 605 stam
689 549 741 604 in
783 563 949 621 regno
986 547 1268 614 ctelorum,
1308 554 1403 602 aut
1443 547 1711 618 quomodo
1752 546 1855 601 erit
1898 543 2064 613 major

2169 532 2311 587 κατά
2340 548 2462 587 τινα
2497 531 2696 603 τρόπον
2722 530 2813 583 τὸν
2848 528 3003 597 ιγιον
3386 521 3447 621 tv
3487 520 3555 621 τῇ
3590 517 3750 621 Etet:

506 637 613 693 eo?
652 637 959 705 Quantitate
1004 638 1147 692 enim
1196 636 1451 708 temporis
1488 649 1552 691 ex
1600 650 1709 706 quo
1754 645 1907 690 natus
1949 645 2069 701 est,

508 742 688 792 nemo,
710 736 769 783 ut
792 728 1045 793 arbitror,
1070 742 1291 798 compos
1310 728 1510 782 mentis
1533 726 1751 782 dixerit.
1774 726 1890 794 Quo
1911 736 2071 798 pacto

507 818 654 874 enim
705 818 970 889 quispiam
1020 826 1301 888 prctereat
1349 819 1401 874 id
1449 818 1590 890 quod
1640 833 1853 890 semper
1898 820 2070 891 ipsum

510 910 800 980 pracodit,
833 920 994 979 atque
1027 925 1131 964 una
1165 898 1288 967 cum
1329 911 1444 980 ipsa
1484 912 1741 980 temporis
1770 910 2074 968 evohitione

510 1009 754 1069 raptatur
787 1010 949 1072 atque
990 1002 1292 1070 percurrit?
1332 1000 1793 1069 Quemadmodum
1834 1002 1979 1057 enim
2019 1001 2072 1057 in

512 1094 748 1143 rota‘rum
794 1090 1158 1160 volutatione,
1202 1094 1534 1149 auteriorum
1584 1108 1801 1163 semper
1843 1092 1902 1147 fit
1949 1108 2075 1162 pro-

508 1192 758 1248 gressus,
801 1182 1153 1251 sequentibus
1202 1199 1415 1254 semper
1456 1184 1511 1239 in
1551 1184 1854 1255 posteriore
1893 1184 1998 1237 situ
2041 1197 2074 1239 a

513 1279 664 1341 tergo
701 1272 932 1341 relictis;
972 1275 1042 1328 ita
1076 1274 1237 1330 etiam
1275 1276 1327 1331 in
1366 1289 1662 1345 progressu
1691 1274 1948 1343 temporis
1980 1274 2073 1345 qui

508 1362 659 1431 prior
692 1374 795 1430 est,
831 1367 1218 1436 posterioribus
1267 1366 1439 1436 major
1474 1374 1577 1421 est.
1615 1365 1729 1422 Non
1770 1367 1935 1437 igitur
1972 1366 2075 1421 hoc

511 1454 669 1509 modo
704 1458 945 1526 superari
979 1457 1272 1526 Baptistam
1305 1472 1335 1512 a
1365 1455 1604 1522 Christo,
1639 1459 1731 1513 sed
1770 1457 2075 1514 sanctitatis

510 1541 769 1599 duntaxat
799 1547 1032 1613 ratione,
1056 1562 1193 1616 opus
1218 1556 1305 1603 est
1326 1547 1592 1619 proﬁteri.
1623 1545 1903 1613 Quomodo
1928 1547 2074 1602 enim

508 1636 776 1705 quispiam
807 1636 965 1697 aliter
993 1638 1045 1692 in
1077 1638 1208 1706 ipsis
1240 1636 1419 1708 majus
1450 1637 1747 1710 intelligere
1777 1638 1983 1707 possit?
2010 1638 2080 1694 At

506 1726 552 1782 si
595 1742 713 1780 eum
753 1742 975 1797 regnum
1014 1728 1273 1783 caelorum
1315 1728 1591 1783 advenerit
1634 1730 1806 1799 major
1836 1728 1925 1785 ilio
1960 1743 2078 1786 cerb

508 1826 687 1884 netur,
730 1834 873 1874 nunc
914 1828 1061 1876 certe
1104 1829 1196 1875 aut
1234 1822 1479 1891 aequalis,
1522 1832 1617 1878 aut
1657 1825 1931 1887 miner_eo
1972 1834 2074 1880 est.

2171 624 2291 696 λείᾳ
2314 623 2425 678 τῶν
2446 621 2711 695 οὐρανῶν,
2736 621 2775 693 ἢ
2798 619 2914 684 πῶς
2942 618 3095 672 ισται
3125 615 3328 687 μείζων
3359 609 3527 667 αὐτοῦ
3550 626 3566 676 ;
3590 608 3751 663 Κατὰ

2174 716 2274 786 μιν
2319 710 2412 770 οὖν
2457 714 2549 768 τὸν
2596 714 2656 767 ιν
2704 712 2962 781 ποσότητι
3002 707 3101 763 τοῦ
3132 702 3495 777 γεγεννῆσθαι
3533 701 3748 773 χρόνον,

2170 806 2272 859 οὐκ
2296 804 2363 859 ἂν
2391 821 2497 869 τις,
2530 798 2707 875 οἶμαι,
2744 799 3039 873 σωφρονῶν
3064 798 3358 867 ιννοήσειε.
3392 794 3517 857 Πῶς
3546 792 3655 863 7&9
3684 790 3750 845 άν

2171 914 2257 961 τις
2282 896 2377 951 καὶ
2404 895 2606 967 φθάσαι
2630 894 2693 948 τὸ
2720 893 2808 949 άεῐ
2839 888 3160 961 προδαδίζον
3186 885 3373 949 αὑτοῦ,
3398 884 3633 945 καὶτοῖς
3655 880 3751 935 τοῦ

2172 987 2366 1058 χρόνον
2398 986 2667 1059 περιόδοις
2711 985 2801 1040 ἀεὶ
2852 982 3146 1055 συντρίχον
3178 978 3274 1035 καὶ
3317 974 3749 1044 συνιλκόμενονς

2176 1076 2387 1147 ὐνπερ
2411 1075 2521 1147 7&9
2550 1074 2749 1146 τρδπον
2774 1072 2846 1126 τά
2867 1073 2927 1126 tv
2949 1072 3073 1134 ταῐς
3090 1068 3199 1123 τῶν
3222 1066 3437 1121 κύκλων
3458 1078 3753 1135 περιστρο-

2174 1169 2303 1239 φαῐς
2348 1167 2435 1221 ἀεὶ
2484 1167 2619 1237 πρὸς
2668 1165 2730 1219 τὸ
2777 1164 2965 1236 πρόσω
3013 1162 3183 1233 χωρεῖ
3208 1159 3308 1231 τὴν
3334 1155 3430 1212 τοῦ
3462 1154 3769 1217 διώκοντος

2173 1258 2271 1313 καὶ
2312 1258 2550 1313 κατόπιν
2570 1256 2821 1327 κειμένου
2855 1250 3267 1326 παρεκνεύοντα
3290 1248 3461 1312 θέσιν,
3496 1244 3671 1309 οὕτως
3702 1246 3753 1298 oi

2173 1345 2235 1400 τὸ
2260 1346 2319 1399 tv
2350 1346 2526 1417 χρόνῳ
2560 1343 2837 1416 τρίϐοντες
2882 1342 3100 1414 μέτρον,
3125 1340 3214 1394 άεὶ
3262 1338 3448 1410 μεῖζον
3493 1339 3552 1391 tv
3600 1333 3755 1406 αὐτῷ

2175 1436 2317 1490 κατὰ
2341 1435 2451 1489 τῶν
2479 1434 2707 1506 ὕστερον
2733 1430 3068 1504 κεκτήμεθα.
3108 1428 3316 1485 Οὐκοῦν
3340 1429 3401 1483 ού
3429 1429 3569 1483 κατὰ
3591 1426 3755 1480 τοῦτο

2175 1527 2562 1597 πλεονεκτήσει
2604 1523 2834 1595 Χριστὸς
2880 1522 2973 1577 τὸν
3020 1522 3178 1589 άγιον
3218 1518 3549 1587 Βαπτιστὴν,
3574 1518 3754 1571 λείπει

2174 1616 2239 1689 δὴ
2267 1616 2453 1670 λοιπὸν
2496 1615 2571 1678 ὡς
2612 1613 2673 1678 ιε
2699 1614 2946 1684 ἀνάγκης
2976 1613 3171 1676 εἰπεῖν,
3198 1611 3280 1664 ὅτι
3323 1607 3464 1663 κατά
3508 1607 3602 1661 τὸν
3651 1606 3755 1676 τῆς

2176 1707 2461 1777 ἁγιότητος
2484 1705 2707 1777 τρόπον.
2742 1702 2865 1768 Πῶς
2892 1703 3001 1773 7&9
3042 1702 3107 1757 ἂν
3134 1718 3220 1766 τις
3249 1701 3452 1772 ἑτέρως
3479 1700 3538 1751 tv
3566 1698 3756 1761 αὐτοις

2176 1799 2480 1869 επινοήσειε
2528 1796 2591 1849 τὺ
2637 1793 2857 1867 μεῖζονς
2896 1792 3036 1847 Ἀλλ’
3061 1793 3111 1847 εί
3164 1794 3285 1846 τότε
3329 1789 3474 1845 κατά
3514 1790 3607 1843 τὸν
3651 1789 3756 1857 τῆς

505 1908 638 1964 Cum
673 1878 807 1965 vero
853 1911 1004 1981 impii
1048 1911 1141 1967 isti
1182 1878 1479 1973 Christum,
1502 1878 1710 1969 Joanne
1751 1878 2064 1971 inferiorem

2166 1886 2445 1959 βασιλείας
2466 1885 2708 1981 eam
2737 1883 2931 1981 καξρδν
2964 1882 3168 1981 ξιίείίιγ
3189 1880 3507 1981 ἔφθισετιιε
3529 1878 3755 1981 νῦνέτι

505 1998 843 2067 existiment,
886 2002 1249 2071 :cqualitatem
1294 2004 1369 2059 illi
1407 2005 1667 2061 tribuent.
1705 2004 1812 2061 Sed
1848 2006 2069 2062 videant

505 2105 726 2160 prorsus
763 2107 923 2162 quam
964 2094 1219 2150 imbecilli
1260 2105 1577 2165 argumento
1614 2088 1872 2152 nitantur.
1908 2096 2067 2165 Qua:-

504 2197 627 2236 natn
655 2183 798 2238 enim
828 2184 1108 2255 aequalitas
1136 2187 1440 2242 sanctitatis
1468 2202 1531 2243 ex
1564 2188 1649 2245 his
1679 2190 1935 2256 constitui
1968 2204 2067 2261 po-

506 2272 651 2331 test?
678 2273 786 2329 Aut
816 2289 924 2345 quo
954 2284 1112 2345 pacto
1145 2290 1250 2333 non
1285 2278 1779 2349 incomparabiliter
1806 2295 2067 2351 superare

502 2364 813 2420 censebitur
838 2364 1109 2433 Christus.
1144 2383 1267 2425 cum
1297 2370 1575 2427 videamus
1602 2372 1774 2441 ipsum
1798 2371 2063 2429 Joannem

502 2453 575 2509 ita
603 2455 669 2509 ad
698 2452 973 2513 Christum
1002 2458 1310 2529 loquean
1342 2478 1357 2516 :
1394 2479 1415 2514 ι
1452 2460 1582 2517 libi
1609 2476 1747 2536 opus
1770 2473 1855 2520 eat
1885 2464 1983 2520 abs
2012 2472 2066 2521 te

502 2544 765 2614 baptizari
788 2547 855 2601 ".
897 2567 918 2601 ι
953 2549 1009 2605 Id
1043 2565 1169 2606 vero
1202 2560 1355 2607 extra
1388 2567 1599 2608 omnem
1641 2556 2063 2610 controversiam

500 2646 619 2703 est.
653 2638 706 2692 id
739 2641 882 2709 quod
917 2642 1095 2701 minus
1133 2654 1218 2700 est
1254 2660 1287 2700 a
1330 2648 1701 2716 praestantiore
1734 2649 1975 2706 benedici
2008 2658 2065 2705 et

501 2727 846 2787 aediﬁcari.

1166 2956 1391 3014 ALIUD.

570 3090 772 3148 Beatus
795 3090 1032 3163 Baptista
1058 3091 1271 3149 Iudaeos
1303 3094 1374 3148 ita
1404 3092 1697 3181 alloquitur
1729 3114 1741 3149 :
1776 3115 1795 3148 ι
1831 3096 1942 3167 Ego
1968 3112 2061 3154 vos

499 3182 713 3253 baptizo
749 3183 802 3237 in
842 3197 981 3253 aqua
997 3198 1020 3236 -:
1056 3183 1151 3240 sed
1187 3192 1305 3253 post
1340 3196 1426 3238 me
1455 3181 1601 3239 venit
1630 3185 1732 3249 vir,
1764 3186 1919 3254 cujus
1953 3202 2061 3243 non

2168 1978 2231 2032 τὸ
2262 1979 2374 2032 ἴσον
2405 1978 2439 2048 ἢ
2462 1976 2525 2029 τδ
2546 1974 2767 2030 ιλαττον
2795 1974 2929 2045 εχει.
2948 1972 3168 2044 Ἐπειδὴ
3189 1972 3267 2037 δι,
3294 1972 3370 2035 ὡς
3402 1971 3571 2037 είκδς,
3598 1970 3660 2023 τὸ
3692 1971 3756 2023 tv

2168 2068 2413 2123 ιλάττοσι
2458 2064 2568 2119 τῶν
2607 2064 2854 2120 Ἰωάννου
2906 2063 3122 2118 κεῖσθαι
3160 2062 3397 2134 Χριστὸν
3444 2061 3755 2130 λογιοῦνται

2166 2157 2463 2223 δυσσεϐεῖς,
2493 2156 2867 2211 ἀποδώσουσιν
2910 2156 3019 2227 ἄρα
3056 2154 3117 2209 τδ
3143 2155 3278 2209 ἴσον.
3297 2154 3437 2207 ’Δλλ’
3467 2153 3755 2225 ὀράτωσαν

2168 2250 2263 2304 καὶ
2283 2247 2470 2303 τοῦτον
2498 2250 2682 2313 αὐτοῖς
2708 2246 3042 2302 ἀσθενοῦντα
3061 2246 3152 2300 τὸν
3176 2246 3457 2316 λογισμόν.
3486 2245 3621 2300 Ποία
3642 2247 3756 2317 7&9

2172 2340 2352 2411 ίσότης
2382 2336 2564 2404 αὐτοῖς
2595 2341 2653 2393 tv
2690 2336 2947 2409 ἁγιασμῷ
2977 2336 3322 2409 σωθήσεταις
3353 2335 3477 2399 Πῶς
3502 2335 3558 2388 δὲ
3580 2336 3641 2389 ού
3672 2353 3755 2388 νι-

2168 2433 2326 2505 κήσει
2359 2431 2590 2505 Χριστὸς
2612 2432 2968 2502 άσυγκρίτοις
3001 2430 3318 2501 ὑπεροχαῖς,
3352 2429 3480 2483 ὅταν
3515 2426 3631 2500 ίδῃς
3658 2427 3754 2481 τὸν

2171 2524 2437 2595 μακάριον
2450 2524 2703 2595 Ἰωάννην
2720 2522 2947 2592 λέγοντα
2970 2521 3105 2593 πρὸς
3129 2520 3295 2574 αὐτόν
3310 2536 3327 2553 ο
3357 2537 3375 2571 ι
3401 2518 3755 2590 Ἐιγὼχρείαν

2167 2616 2275 2684 rx...
2308 2614 2413 2669 ὑπὸ
2439 2613 2533 2668 σού
2557 2613 2921 2684 βαπτισθῆναι
2943 2630 2958 2679 ;
2988 2631 3007 2664 ο
3034 2611 3221 2683 xum
3248 2610 3306 2664 δι
3336 2610 3518 2681 πάσης
3536 2609 3752 2665 ἀντιλο-

2166 2706 2292 2774 γίας
2325 2706 2385 2759 τὸ
2410 2706 2639 2765 ιλαττον
2663 2706 2770 2761 ὑπὸ
2818 2704 2912 2760 τοῦ
2963 2704 3276 2777 κρείττονος
3324 2702 3628 2771 εὐλογεῖται
3655 2702 3752 2756 καὶ

2168 2795 2478 2866 ἁγιάζεται.

2852 2934 3056 2989 ΔΔΔΟ.

2238 3094 2586 3165 Προσεφὼνει
2612 3096 2725 3158 τοῖς
2759 3092 3029 3157 Ἰουδαίοις
3052 3094 3081 3148 ὁ
3112 3092 3381 3165 μακάριος
3412 3092 3759 3165 Βαπτιστήςο-

2173 3206 2193 3240 ι
2213 3186 2355 3257 Ἐγὼ
2384 3188 2529 3257 ὑμᾶς
2560 3186 2832 3242 δδάπτισα
2859 3187 2918 3241 tv
2948 3184 3122 3241 ὕδατι.
3142 3184 3347 3239 Ὀπίσω
3377 3202 3477 3257 μου
3524 3185 3747 3257 ἔρχεται

502 3290 623 3331 sum
653 3275 851 3345 dignus
872 3286 930 3330 ut
953 3290 1157 3346 pronus
1178 3274 1379 3330 solvam
1403 3275 1688 3344 corrigiam
1719 3277 2064 3335 calceamenti

2167 3277 2325 3348 ἀνὴρ,
2344 3272 2406 3333 οὗ
2434 3278 2536 3333 οὐκ
2560 3279 2678 3350 είμὶ
2706 3278 2893 3343 ίκανδς
2922 3278 3009 3333 ἴνα
3038 3277 3217 3347 κύψας
3247 3276 3394 3331 λύσω
3417 3276 3509 3331 τδν
3546 3275 3749 3348 ἱμάντα

498 3368 638 3435 ejus.
672 3366 767 3422 Ille
798 3382 894 3423 vos
929 3352 1222 3437 baptizabit
1261 3365 1315 3420 in
1355 3364 1558 3436 Spiritu
1599 3377 1787 3423 sancto
1824 3378 1881 3424 et
1921 3372 2061 3440 igne.

498 3457 665 3528 Cujus
691 3457 1047 3512 ventilabrum
1079 3457 1130 3511 iu
1163 3471 1322 3510 manu
1351 3456 1489 3526 ejus,
1518 3464 1572 3512 et
1600 3459 1851 3527 purgabit
1875 3475 2063 3517 aream

500 3563 653 3603 suam
675 3585 692 3611 ,
721 3556 777 3602 et
808 3547 1159 3619 congregabit
1189 3546 1429 3606 triticum
1462 3548 1515 3602 in
1550 3550 1757 3605 horreis
1786 3551 1899 3606 suis
1921 3593 1934 3618 ,
1967 3567 2063 3620 pa-

500 3640 636 3693 leam
664 3630 803 3694 vero
841 3647 1033 3694 exuret
1076 3639 1197 3709 igne
1238 3638 1685 3711 iuexstinguibili.
1736 3660 1756 3695 ι
1804 3642 2061 3711 Quanam

498 3728 661 3799 igitur
688 3726 831 3783 inter
858 3728 959 3783 bos
986 3728 1309 3799 :eqttalitatis
1340 3730 1481 3786 ratio
1510 3742 1763 3788 constare
1792 3743 1969 3803 potest
1991 3738 2058 3802 ι’,

496 3817 750 3885 Joannis,
783 3820 1033 3889 inquam,
1062 3830 1116 3873 et
1143 3819 1386 3875 Christi?
1414 3819 1658 3877 Nondum
1690 3820 1833 3878 enim
1868 3826 2059 3896 major,

500 3910 547 3965 si
576 3908 865 3981 aliquando
891 3910 1103 3966 futurus
1130 3916 1267 3978 erat,
1293 3912 1446 3981 juxta
1473 3912 1701 3988 istorum
1730 3917 2062 3984 opinionem,

498 4016 597 4058 cur
627 4003 863 4072 seipsum
902 4017 1041 4073 aqua
1076 4004 1383 4072 baptizare,
1414 3997 1686 4061 Christum
1724 4018 1901 4063 autem
1924 4009 2063 4080 ~Spi-

498 4094 636 4148 ritus
662 4092 902 4147 datorem
930 4091 1170 4147 futurum
1201 4094 1475 4149 aliis-mat?
1498 4096 1677 4166 Atque
1706 4098 1794 4154 hic
1816 4100 2059 4169 quidem,

500 4194 562 4241 ut
590 4184 839 4253 famulus,
869 4200 937 4239 ne
960 4185 1246 4253 corrigiam
1275 4187 1492 4257 quidem
1519 4189 1867 4246 calceamenti
1895 4194 2059 4249 attin-

495 4290 626 4351 gere
660 4281 844 4346 audet,
887 4279 1029 4334 hunc
1063 4295 1193 4334 vero
1232 4296 1373 4337 area
1414 4281 1700 4337 Dominum
1745 4300 1868 4341 esse
1909 4286 2057 4342 dicit.

498 4370 611 4428 Hoc
628 4373 775 4427 enim
795 4370 1063 4441 signiﬁcat
1081 4370 1235 4435 illud,
1256 4388 1275 4421 ι
1298 4372 1553 4441 Purgabit
1575 4388 1756 4429 aream
1778 4391 1926 4431 suam
1943 4377 2009 4432 θ’.
2036 4398 2055 4431 ι

498 4464 911 4520 Distributorem
936 4463 1079 4517 enim
1108 4476 1172 4517 ac
1197 4461 1359 4517 veluti
1386 4463 1780 4534 designatorem
1812 4467 1925 4524 fore
1949 4470 2059 4541 97

496 4560 575 4613 ait
597 4571 783 4613 eorum
816 4571 932 4625 qum.
960 4554 1185 4624 -iugulis
1214 4556 1543 4612 conveniunt
1572 4575 1585 4613 :
1615 4558 1687 4613 ita
1716 4568 1774 4614 ut
1795 4559 1971 4629 justas
1997 4578 2058 4619 ac

494 4653 673 4708 honos
698 4650 872 4704 instar
899 4646 1022 4703 boni
1062 4646 1223 4701 tritici
1260 4648 1314 4702 in
1346 4648 1598 4706 ctrlestcs
1630 4652 1934 4708 mansiones
1970 4655 2055 4710 in-

494 4744 755 4799 ducturus
790 4739 892 4803 sit,
924 4738 1118 4808 impios
1147 4753 1275 4793 vero
1312 4741 1482 4794 instar
1510 4741 1783 4811 palearum
1822 4744 1927 4814 igni
1962 4760 2059 4815 pa.

493 4832 677 4889 bulum
715 4828 1073 4900 proiecturus.
1105 4828 1177 4884 At
1211 4830 1257 4884 si
1292 4840 1411 4885 erat
1440 4832 1663 4901 aqualis
1691 4833 1741 4887 ei
1773 4835 1861 4903 qui
1896 4836 2056 4905 paulo

492 4932 614 4996 post
638 4931 755 4978 erat
779 4921 991 4979 iuturus
1016 4920 1212 4990 major,
1235 4936 1334 4977 cur
1356 4937 1461 4977 non
1486 4922 1646 4978 etiam
1675 4924 1787 4994 ipse
1813 4924 2054 4995 baptiza-

492 5016 572 5071 vit
607 5014 661 5068 in
705 5012 944 5083 Spiritu,
980 5026 1273 5081 areamque
1310 5026 1463 5067 suam
1498 5016 1837 5086 expurgavit,
1864 5025 1921 5072 et
1950 5016 2053 5073 Do-

492 5106 626 5161 mini
654 5105 967 5176 dignitatem
993 5104 1095 5159 sibi
1122 5119 1401 5175 arrogans,
1422 5104 1682 5174 judicavit
1710 5110 1967 5166 mundum
1998 5112 2051 5167 in

490 5195 736 5264 iustitia?
776 5195 911 5250 Cum
958 5209 1085 5251 vero
1128 5194 1316 5250 beatus
1361 5195 1599 5263 Baptista
1642 5196 1875 5255 Joannes
1919 5200 2052 5256 nihil

491 5288 683 5343 horum
732 5287 1049 5356 pmtitisse
1095 5286 1421 5352 inveniatur,
1466 5287 1716 5345 Christus
1762 5301 1944 5347 autem
1995 5293 2047 5348 in

491 5386 751 5449 potestate
784 5378 961 5432 divina
995 5376 1248 5448 prmetitit
1285 5398 1298 5434 :
1340 5394 1444 5433 non
1480 5389 1595 5435 erat
1634 5381 1798 5452 igitur
1827 5384 2050 5455 aequalis

492 5469 565 5524 illi
597 5470 688 5541 qui
722 5478 868 5525 tanto
900 5469 1180 5527 intervallo
1210 5484 1332 5526 eunt
1362 5472 1667 5543 superabat.

560 5818 607 5853 "
632 5818 816 5876 Matth.
856 5837 936 5891 ιιι,
978 5821 1059 5878 14.
1137 5824 1179 5856 ¹⁹
1212 5822 1341 5881 ibid.
1388 5824 1472 5895 il,
1510 5825 1591 5881 l2.
1670 5828 1711 5861 "
1736 5826 1861 5885 Luc.
1900 5846 1977 5897 ill,
2016 5832 2095 5887 Π.

2164 3368 2257 3422 τοῦ
2293 3368 2657 3440 ὑποδήματος.
2676 3369 2915 3433 Ἐκεῖνος
2936 3370 3080 3440 ὑμᾶς
3101 3368 3352 3439 βαπτίσει
3378 3370 3435 3422 tv
3465 3356 3747 3439 Πνεύματι

2162 3459 2303 3531 ἁγίῳ
2336 3461 2433 3514 καὶ
2465 3461 2617 3533 πυρί.
2646 3452 2723 3514 05
2765 3460 2828 3514 τὸ
2869 3458 3035 3515 πτύον
3062 3461 3122 3513 tv
3151 3463 3218 3530 τῇ
3246 3460 3391 3530 χειρὶ
3418 3457 3609 3525 αὐτοῦ,
3649 3460 3747 3516 καὶ

2162 3550 2508 3623 διακαθαριεῖ
2544 3552 2645 3623 τὴν
2674 3550 2855 3606 ἅλωνα
2881 3548 3071 3615 αὑτοῦ,
3102 3550 3197 3604 καὶ
3227 3549 3444 3614 συνάξει
3473 3548 3566 3601 τὸν
3599 3550 3747 3603 σῖτον

2162 3646 2243 3709 εις
2280 3645 2377 3717 τὴν
2429 3646 2751 3717 ἀποθήκην,
2782 3644 2847 3699 τὺ
2890 3644 2949 3698 δι
2992 3643 3193 3715 ἄχυρον
3241 3642 3577 3697 κατακαύσει
3608 3642 3747 3713 πυρὶ

2162 3737 2428 3808 ἀσϐέστῳ.
2461 3756 2481 3789 ι
2534 3738 2690 3799 nolo;
2744 3731 2837 3789 οὖν
2882 3736 2990 3807 ἄρα
3042 3734 3175 3804 πρὸς
3231 3734 3406 3788 ταῦτα
3453 3734 3745 3804 γενήσεται

2162 3826 2317 3897 λόγος
2358 3832 2469 3892 τοῖς
2519 3830 2577 3882 tv
2628 3828 2831 3899 ἰσότητι
2870 3826 2977 3881 τῶν
3020 3826 3267 3881 Ἰωάννου
3303 3826 3515 3897 μέτρων
3547 3824 3743 3879 τιθεῖσι

2161 3919 2254 3973 τὸν
2292 3919 2527 3991 Κύριον;
2559 3919 2731 3975 Οὔπω
2778 3918 2887 3991 7&9
2942 3917 3165 3989 μείζων,
3196 3917 3357 3989 εἴπερ
3399 3916 3553 3971 ἔσται
3585 3916 3740 3979 ποτε,

2162 4010 2303 4066 κατὰ
2332 4010 2431 4083 τὴν
2464 4012 2687 4067 εκείνων
2733 4010 3007 4083 διάληψιν.
3041 4011 3162 4064 ὅτου
3214 4009 3374 4082 χάριν
3420 4008 3613 4063 ιαυτδν
3643 4008 3744 4079 μὲν

2162 4101 2315 4155 ὕδατι
2349 4100 2656 4172 βαπτίζειν,
2684 4102 2777 4156 τὸν
2807 4103 2867 4156 δι
2897 4101 2993 4157 τοῦ
3024 4101 3343 4173 Πνεύματος
3383 4099 3603 4155 ῑσεσθαι
3652 4118 3744 4171 χο-

2163 4193 2331 4263 ρηγὸν
2376 4192 2801 4265 διῖσχυρίζεταις
2845 4194 2956 4248 Καὶ
3004 4192 3165 4257 αὐτὸς
3218 4192 3339 4263 μὲν,
3378 4192 3455 4255 ὡς
3496 4191 3740 4261 οίκέτης,

2161 4282 2267 4343 οὐδ’
2292 4282 2416 4338 ὅσον
2444 4283 2727 4354 άποθίγειν
2772 4283 2866 4338 τοῦ
2921 4284 3144 4355 ίμάντος
3190 4282 3509 4355 άποτολμᾷιο
3558 4282 3654 4335 τὸν
3682 4282 3743 4337 δὲ

2160 4374 2260 4443 τῆς
2289 4374 2403 4429 um
2434 4376 2711 4447 Δεσπάτην
2756 4370 2898 4430 εἶναι
2943 4392 3096 4447 φησι.
3132 4376 3303 4429 Τοῦτο
3332 4373 3441 4446 7&9
3484 4374 3742 4454 σημαίνει

2159 4466 2240 4533 τὸ,
2272 4484 2292 4518 ι
2311 4466 2669 4539 Διακαθαριεῐ
2690 4467 2789 4538 τὴν
2809 4466 2991 4521 άλωνα
3018 4466 3241 4521 αὑτοῦ.»
3270 4465 3379 4520 Καὶ
3400 4463 3661 4535 διανομὲα
3678 4480 3739 4518 τε

2160 4556 2254 4611 καὶ
2283 4558 2443 4610 οἱονεὶ
2470 4557 2785 4629 σημάντορα
2822 4556 2931 4610 τῶν
2959 4557 3175 4629 ἑκάστῳ
3214 4561 3535 4627 πρεπόντων
3562 4557 3739 4628 ὀφθή-

2162 4645 2353 4700 σεσθαι
2376 4646 2522 4715 λέγει
2542 4663 2557 4676 ·
2588 4646 2664 4711 ὡς
2690 4646 2783 4701 τὸν
2809 4646 2909 4717 μὲν
2927 4646 3133 4702 δίκαιόν
3157 4663 3215 4700 τε
3244 4646 3339 4699 καὶ
3358 4645 3563 4715 άγαθδν
3586 4646 3739 4700 σίτου

2159 4739 2314 4809 δίκην
2358 4741 2477 4803 ταῖς
2523 4739 2795 4811 οὐρανίοις
2848 4739 3184 4809 είσκομίζειν
3235 4738 3653 4809 αὑλατςιπυρδς
3681 4738 3741 4793 δὲ

2157 4830 2427 4885 ποιεῖσθαι
2469 4832 2674 4903 τροφὴν
2708 4830 2915 4903 άχύρου
2944 4831 3146 4903 τρόπον
3184 4830 3617 4901 άποτιναχθέντα
3644 4831 3740 4888 τὸν

2156 4922 2360 4977 ἄδικον.
2378 4913 2517 4975 Ἀλλ’
2546 4922 2704 4993 εἴπερ
2730 4918 2799 4994 ἦν
2830 4925 2887 4976 tv
2915 4924 3015 4993 ίσῳ
3047 4923 3230 4995 μέτρῳ
3251 4921 3329 4993 τῷ
3362 4922 3558 4993 μικρὸν
3578 4921 3738 4976 ὕστε-

2156 5028 2249 5084 ρον
2277 5010 2519 5083 ἑσομένῳ
2552 5012 2779 5083 μείζονι,
2804 5012 2857 5065 τί
2898 5012 2975 5084 μὴ
3010 5012 3108 5067 καὶ
3138 5012 3299 5075 αὐτὸς
3347 5009 3597 5083 βαπτίζει
3633 5011 3737 5083 μὲν

2160 5106 2218 5159 tv
2252 5104 2389 5177 ἁγίῳ
2420 5104 2726 5176 Πνεύματιο
2754 5106 3098 5177 διακαθαίρει
3127 5104 3182 5159 δὲ
3208 5104 3305 5177 τὴν
3334 5104 3516 5159 άλωνα
3541 5104 3732 5167 αὐτοῦ.

2157 5200 2251 5253 καὶ
2283 5200 2344 5252 τὸ
2375 5198 2697 5252 Δεσποτικδν
2742 5196 2956 5269 ἀξίωμα
3002 5195 3387 5267 περικείμενος
3421 5196 3595 5268 κρίνει
3630 5196 3733 5266 τὴν

2152 5288 2476 5359 οἰκουμένην
2524 5290 2581 5341 tv
2622 5288 2967 5359 δικαιοσύνης
3008 5285 3226 5357 Ἐπειδὴ
3257 5285 3313 5339 δὲ
3342 5284 3551 5339 τούτων
3577 5285 3732 5340 οὐδὲν

2152 5381 2181 5432 ὁ
2204 5380 2472 5453 μακάριος
2492 5379 2800 5451 Βαπτιστὴς
2831 5380 3084 5449 Ἰωάννης
3102 5377 3367 5433 ἐπιτελῶν
3388 5378 3726 5449 εὑρίσκεται,

2154 5473 2382 5546 πράττει
2414 5473 2469 5527 δὲ
2494 5475 2522 5527 ὁ
2545 5473 2777 5545 Χριστὸς
2808 5475 2864 5527 tv
2898 5473 3117 5545 ἐξουσίᾳ
3146 5473 3457 5543 θεοπρεπεϊ,
3484 5471 3585 5524 οὐκ
3614 5469 3729 5535 ῐσος

2153 5566 2261 5635 ἄρα
2295 5566 2499 5630 ἐκεῖνος
2547 5564 2624 5636 τῷ
2675 5565 2926 5620 τοσοῦτον
2976 5565 3318 5637 ὲξαλλομένῳ
3367 5566 3460 5620 καὶ
3504 5561 3730 5619 ἀναϐαί-

2150 5672 2315 5709 νοντι.
