4048 6450
302 426 398 486 (61

992 537 1199 593 ΔΛΛΟ.

370 657 483 728 Τὴν
508 653 597 710 διὰ
626 654 865 717 πίστεως
894 652 1091 722 ἄφεσιν
1120 648 1555 722 ὑπισχνούμενος
1585 647 1719 717 ἡμῖν
1748 645 1777 699 6
1798 642 1896 697 τοῦ

297 749 438 803 Θεοῦ
493 748 687 816 Λόγος,
741 746 830 799 διὰ
892 744 990 798 τοῦ
1050 744 1331 817 προφήτου
1394 741 1558 813 φησὶν
1631 739 1895 793 Ἠσατουο

304 860 323 892 ι
378 839 523 908 Ἑγὼ
548 840 664 909 εἰμι
693 838 722 890 6
743 836 1044 904 ὲξαλείφων
1072 816 1169 899 τὰς
1199 834 1432 906 ἀνομίας
1460 851 1574 899 σου,
1606 833 1702 886 καὶ
1729 832 1791 885 οὐ
1820 816 1913 902 ph”

302 932 712 1003 μνησθήσομαι.
753 947 772 981 ι
820 926 1043 998 Ἐπειδὴ
1074 927 1131 979 δὲ
1161 927 1263 998 ἤδη
1315 927 1517 999 παρῆν,
1550 924 1647 977 κα)⁸
1682 922 1768 977 διὰ
1796 923 1898 993 τῆς

296 1025 461 1093 ἁγίας
494 1023 764 1094 mqu
818 1019 1121 1091 Παρθένου.
1165 1020 1259 1072 ἐπὶ
1286 1019 1389 1090 γῆς
1427 1034 1488 1071 τε
1518 1016 1697 1087 ὤφθη,
1750 1014 1896 1069 καθὰ

295 1119 611 1189 γέγραπται
634 1155 649 1179 ,
706 1115 803 1168 καὶ
870 1115 981 1177 τοῖς
1043 1108 1354 1184 ἀνθρώποις
1411 1109 1895 1180 συνανεστρὲφετο,

296 1208 703 1280 κατασημαίνει
746 1209 862 1271 τοῖς
913 1206 1115 1278 ὁρῶσιν
1157 1205 1321 1258 αὐτὸν
1362 1206 1391 1258 6
1418 1204 1590 1277 κήρυξ
1626 1203 1720 1257 καὶ⁵
1754 1202 1895 1274 πρό-

293 1304 519 1373 δρομος,
562 1305 658 1356 καὶ
690 1301 755 1373 δὴ
800 1299 895 1355 καί
943 1316 1108 1371 φησιν
1151 1300 1181 1350 6
1229 1299 1499 1369 μακάριος
1543 1297 1891 1368 Βαίττισιιής⁶

302 1414 322 1448 ι
366 1389 475 1449 Ἴδε
499 1397 528 1448 6
558 1394 731 1464 ἀμνὸς
755 1393 853 1448 τοῦ
887 1392 1046 1456 Θεοῦ,
1080 1395 1110 1447 6
1138 1393 1311 1463 αἴρων
1338 1392 1440 1461 τὴν
1477 1388 1754 1461 ἁμαρτίαν
1795 1388 1893 1443 τοῦ

294 1484 529 1555 κόσμου.
594 1502 614 1536 ι
672 1482 848 1554 Εἴπερ
891 1478 984 1537 οὖν
1026 1482 1201 1547 ἔσται,
1256 1482 1400 1536 κατᾶ
1446 1498 1635 1545 τινας,
1693 1479 1895 1550 μείζων

308 1576 559 1631 Ἰωάννου
590 1576 825 1647 Χριστὸς
856 1578 914 1630 ἐν
955 1578 1023 1646 τῇ
1069 1574 1322 1645 βασιλείᾳ
1352 1574 1463 1628 τῶν
1500 1572 1770 1644 οὐρανῶν,
1799 1571 1895 1626 καὶ

294 1665 456 1721 τοῦτο
500 1667 560 1721 ἐν
587 1667 801 1722 ἐλπίσιν
831 1667 944 1737 ἔχει
988 1669 1051 1721 τὸ
1077 1668 1267 1739 γέρας,
1291 1662 1360 1737 ἦν
1402 1665 1512 1737 ἄρα
1548 1666 1767 1728 πάντως
1795 1664 1895 1717 οὐκ

293 1761 355 1812 ὲν
386 1758 704 1827 ἐλαττώσει,
728 1760 787 1813 ἑν
817 1760 1025 1829 ἰσότητι
1056 1759 1137 1825 δὲ,
1158 1759 1302 1813 κατὰ
1324 1758 1387 1813 τὸ
1414 1758 1582 1820 είκός.
1617 1752 1753 1811 Εἶτα
1775 1756 1895 1820 πῶς

1735 406 2179 468 TIIESAURUS.

1923 542 1974 599 Α

3496 401 3602 458 ιη

2683 521 2912 580 ALIUD.

2074 642 2217 698 Deus
2265 654 2366 711 per
2394 637 2723 711 prephetam
2756 638 2955 693 Isaiam
2981 635 3364 693 remissionem
3399 650 3498 706 per
3530 639 3595 694 tl-

1999 735 2125 792 dem
2158 734 2487 805 promittens
2532 749 2547 788 :
2600 749 2619 784 ι
2652 730 2766 801 Ego
2789 775 2803 798 ,
2870 731 3047 800 inquit
3076 771 3092 798 ,
3158 743 3280 785 sum
3313 720 3404 800 qui
3444 729 3600 787 deleo

2004 827 2326 897 iniquitates
2361 835 2504 893 tuas,
2538 834 2593 880 et
2630 839 2738 880 non
2760 823 3091 880 recordabor
3122 824 3165 857 "
3188 863 3203 879 .
3247 842 3266 875 ι
3295 823 3431 879 Cum
3464 839 3600 881 vero

1998 935 2067 976 ex
2097 928 2287 976 sancta
2318 917 2547 991 Virgine
2586 929 2750 974 natus
2802 928 2888 974 est
2938 927 2993 975 et
3028 920 3082 975 in
3130 927 3280 975 terra
3320 920 3599 991 apparuit,

1999 1014 2141 1069 sicut
2170 1013 2433 1082 scriptum
2467 1023 2555 1069 est
2576 1012 2622 1045 “
2646 1054 2662 1079 ,
2713 1026 2947 1083 cumque
2993 1012 3310 1069 hominibus
3338 1024 3597 1070 versatus

1998 1114 2103 1172 eat,
2130 1105 2368 1161 Joannes
2404 1104 2647 1175 Baptista
2675 1104 2795 1175 ejus
2844 1122 3025 1177 praeco
3067 1116 3237 1178 atque
3281 1123 3594 1179 praecursor-

1997 1199 2238 1254 ostendit
2273 1199 2508 1263 dicens;
2549 1218 2568 1252 ι
2604 1199 2745 1255 Ecce
2790 1198 2980 1270 Agnus
3013 1200 3107 1256 Dei
3140 1201 3234 1272 qui
3285 1202 3427 1258 tollit
3458 1217 3591 1273 pec-

1998 1300 2121 1347 cata
2181 1290 2367 1348 mundi
2426 1292 2493 1346 ³³.
2554 1311 2575 1345 ι
2641 1291 2701 1348 Si
2748 1294 2937 1365 igitur,
2968 1303 3028 1350 ut
3079 1296 3326 1351 nonnulli
3378 1298 3591 1364 volunt,

1998 1383 2250 1439 Christus
2296 1384 2510 1439 futurus
2544 1393 2629 1440 est
2654 1385 2830 1453 major
2884 1385 3096 1444 Joanne
3130 1386 3185 1442 in
3216 1403 3385 1459 regno
3427 1389 3601 1446 cmlo-

1998 1490 2140 1542 rum,
2175 1484 2338 1546 atque
2368 1479 2471 1533 hoc
2502 1479 2785 1548 praemium
2820 1494 2881 1537 se
2915 1490 3348 1537 consecuturum
3385 1494 3596 1553 sperat,

1998 1576 2117 1621 erat
2138 1568 2324 1638 igitur,
2347 1580 2405 1622 ut
2423 1568 2589 1625 verisi
2607 1570 2732 1626 mile
2751 1580 2857 1638 est,
2880 1587 2985 1627 non
3011 1574 3213 1634 minor.
3228 1575 3325 1631 sed
3348 1576 3597 1647 aqualis.

1997 1658 2069 1712 At
2118 1673 2250 1713 vero
2305 1675 2427 1729 qum
2481 1662 2713 1732 mqualia
2755 1673 2908 1728 sunt,
2969 1680 3079 1735 quo
3106 1680 3267 1736 paeto
3316 1678 3602 1739 tantopere

2000 1750 2144 1806 inter
2176 1765 2238 1806 se
2266 1752 2618 1824 discrepant,
2673 1766 2730 1808 ut
2760 1754 2851 1809 hic
2889 1757 3110 1826 quidem
3139 1768 3368 1828 peccata
3410 1759 3601 1815 mundi

284 1849 366 1903 τὰ
393 1853 453 1903 ὲν
489 1850 591 1919 ῐσῳ
627 1848 818 1920 μέτρῳ
850 1848 1104 1903 τοσοῦτον
1131 1849 1200 1903 δι’
1230 1848 1479 1920 ἀλλήλων
1521 1848 1898 1919 ἀπολιμπάνε-

2007 1842 2195 1898 tollere
2227 1845 2423 1913 possit,
2460 1855 2626 1916 atque
2653 1846 2758 1901 hoc
2786 1862 2853 1901 ex
2880 1863 2978 1903 sua
3029 1859 3301 1919 potestate
3333 1861 3599 1921 praestet;

292 1958 409 2006 ται,
448 1941 524 2005 ὡς
559 1939 651 1994 τδν
684 1940 785 2015 μὲν
814 1940 1077 1996 δύνασθαι
1122 1940 1216 1994 τοῦ
1252 1941 1462 2011 κόσμου
1490 1940 1591 2012 τὴν
1624 1940 1902 2010 ἁμαρτίαν

295 2029 579 2101 ἀφαιρεῖν,
623 2031 720 2084 καὶ
757 2029 918 2085 τοῦτο
946 2031 1189 2102 ἐνεργεῖν
1220 2031 1646 2097 ὲξουσιαστικῶς
1665 2049 1679 2064 ο
1724 2033 1817 2087 τὸν
1842 2032 1903 2086 δὲ

294 2121 393 2175 τοῦ
442 2121 800 2193 καθαίροντος
834 2123 930 2176 καὶ
958 2122 1278 2190 ἁγιάζοντος
1308 2124 1502 2177 ἐπιδεᾶ
1535 2123 1901 2191 καθεστάναι;

302 2231 321 2265 ι
376 2212 580 2285 Χρείαν
607 2213 719 2285 γὰρ
764 2212 897 2282 ἐγὼ,
952 2214 1138 2285 φησὶν,
1174 2213 1285 2285 ἔχω
1321 2213 1427 2267 ὑπὸ
1460 2214 1554 2267 σοῦ
1601 2214 1905 2285 βαπτισθῆ-

294 2322 407 2359 ναι.
442 2324 462 2355 ι
506 2304 728 2376 Ἐπειδὴ
777 2305 834 2359 δὲ
871 2305 972 2358 οὐκ
1018 2306 1077 2358 ἐν
1120 2308 1236 2369 τοῖς
1268 2322 1415 2369 τινος
1452 2305 1751 2377 δεομένοις,
1786 2307 1902 2361 ἀλλ’

296 2400 358 2451 ἐν
395 2399 508 2460 τοῖς
537 2395 836 2467 χορηγοῦσι
877 2397 938 2449 τὸ
977 2398 1162 2467 μεῖζον
1197 2398 1415 2469 ὁρᾶται,
1451 2401 1547 2451 καὶ
1578 2400 1607 2452 6
1661 2400 1783 2469 μὲν,
1825 2400 1903 2465 ὡς

296 2487 453 2554 Θεὸς,
482 2486 709 2558 ἀφίησιν
752 2488 1054 2557 ἁμαρτίας,
1096 2489 1125 2541 6
1158 2488 1216 2541 δὲ
1262 2487 1485 2541 δύναται
1526 2489 1686 2541 τοῦτο
1726 2493 1902 2545 ποιεῖν

295 2579 573 2650 οὐδαμῶς,
622 2579 724 2632 οὐκ
771 2578 887 2642 ίσος
919 2580 1029 2650 ἄρα
1072 2578 1153 2651 τῷ
1194 2581 1449 2634 τοσοῦτον
1490 2581 1899 2653 ἐξηλλαγμένῳ.

479 2710 686 2777 ΔΛΛΟ,
727 2709 809 2776 ὠς
840 2710 912 2764 ἐν
942 2709 1197 2780 ἐπιτομῇ
1239 2711 1337 2765 καί
1387 2710 1703 2779 ἁπλότητι.

373 2826 437 2878 El
483 2824 685 2895 μείζων
711 2823 864 2877 ἔσται
892 2823 987 2877 τοῦ
1017 2824 1175 2892 ἁγίου
1207 2824 1537 2890 Βαπτιστοῦ,
1562 2825 1708 2879 κατά
1730 2842 1898 2887 τινας,

296 2918 327 2970 6
368 2914 560 2985 Σωτὴρ
602 2916 663 2993 εν
706 2916 773 2985 τῇ
809 2912 1058 2982 βασιλείᾳ
1084 2911 1191 2994 τῶν
1221 2912 1492 2983 οὐρανῶν,
1527 2912 1726 2983 ῆίσος,
1769 2913 1803 2983 ἡ
1844 2915 1902 2965 ὲν

298 2988 610 3060 ἐλαττώσει
632 3005 750 3058 ἐστὶ
775 3005 919 3058 κατὰ
944 3005 1037 3057 τὸν
1061 2988 1164 3075 τῆς
1192 3004 1660 3076 ὲνανθρωπήσεως
1686 3005 1897 3076 χρόνον.

311 3097 403 3149 Ἐν
427 3096 529 3167 μὲν
553 3091 647 3149 οὖν
668 3092 986 3161 ἐλαττώσει,
1006 3094 1281 3166 οὐδαμῶς.
1317 3095 1406 3148 Ἐν
1426 3094 1631 3165 ίσότητι
1657 3094 1715 3148 δέ
1732 3111 1744 3123 ·
1774 3093 1902 3147 τοῦ·

298 3206 360 3241 το
376 3188 484 3256 γάρ
506 3186 624 3251 πώς
648 3190 764 3241 ἐστι
790 3187 851 3241 τὸ
872 3186 1341 3259 πρεπωδέστερον.
1378 3186 1517 3241 Ἀλλ’
1536 3188 1696 3261 είπερ
1725 3187 1898 3251 ὅντως

296 3284 326 3334 ὁ
341 3282 439 3353 τῆς
459 3282 701 3353 ίσότητος
721 3280 809 3333 ἐπ’
827 3280 1031 3350 ἀμφοῖν
1059 3277 1293 3345 σώζεται
1312 3279 1488 3347 λόγος,
1513 3280 1788 3333 καλείσθω
1804 3279 1899 3332 καὶ

310 3374 567 3442 Ἰωάννης
587 3372 750 3441 σοφία
773 3372 869 3426 καὶ
888 3370 1119 3442 δύναμις
1139 3369 1234 3425 τοῦ
1251 3372 1489 3442 Πατρὺς,
1510 3371 1902 3442 χρηματιζᾱω

292 3466 355 3519 δὲ
388 3484 406 3517 ι
432 3466 598 3519 εἰκὼν
616 3465 1038 3537 καὶχαρακτὴρ,
1061 3465 1158 3518 καὶ
1175 3466 1521 3535 ἀπαύγασμα
1538 3465 1636 3535 τῆς
1658 3464 1900 3519 ὑποστά-

301 3574 439 3621 σεως
468 3556 657 3611 αὐτοῦ.
695 3556 914 3629 Φερέτω
939 3557 1035 3611 καὶ
1064 3554 1229 3621 αὐτὸς
1267 3556 1336 3611 τὰ
1361 3555 1541 3611 πάντα
1575 3555 1655 3626 τῷ
1692 3557 1903 3628 ῥήματι

296 3651 399 3719 τῆς
421 3648 707 3719 δυνάμεως
734 3647 902 3702 αὑτοῦ
926 3666 938 3678 ·
971 3667 990 3701 ι
1032 3649 1281 3703 ἀκουέτω
1306 3649 1401 3703 xui.
1434 3647 1598 3711 αὐτὸς
1625 3648 1780 3719 παρὰ
1806 3646 1903 3700 τοῦ

296 3740 517 3809 Πατρός
538 3757 551 3768 ·
581 3757 602 3792 t
638 3739 767 3802 γίός
798 3755 901 3807 μου
936 3733 988 3791 εί
1029 3740 1116 3801 σὺ,
1166 3738 1279 3808 ἐγὼ
1321 3739 1565 3808 σήμερον
1595 3735 1904 3806 γεγέννηκά

305 3851 369 3888 σε
399 3851 414 3865 ο
447 3853 467 3885 ι
513 3834 610 3888 καί
638 3850 651 3863 ·
691 3850 709 3884 ι
744 3831 928 3886 Κάθου
958 3832 1023 3884 ὲκ
1056 3829 1245 3895 δεξιῶν
1291 3847 1415 3901 μου,
1440 3828 1545 3893 ἕως
1585 3828 1653 3882 ἂν
1677 3827 1754 3880 θῶ
1778 3828 1906 3888 τοὺς

297 3923 528 3995 ὶχθρούς
559 3940 657 3976 σου
687 3922 982 3976 ὑποπόδιον
1014 3921 1124 3993 τῶν
1155 3921 1332 3975 ποδῶν
1374 3938 1490 3974 σου.
1531 3940 1549 3973 ι
1582 3919 1903 3989 Είσαγέσθω

298 4018 393 4070 καὶ
416 4016 583 4081 αὐτὸς
611 4014 688 4080 ὡς
712 4015 1056 4087 πρωτότοκος
1091 4015 1173 4079 εἰς
1212 4014 1313 4086 τὴν
1341 4013 1693 4085 οἰκουμένην,
1722 4029 1899 4083 προσ-

296 4108 570 4164 κυνείσθω
633 4106 789 4178 παρὰ
846 4106 956 4159 τῶν
1011 4106 1186 4174 ἁγίων
1255 4105 1539 4175 ἀγγέλων,
1595 4104 1802 4173 λεγέτω
1845 4104 1904 4158 δὲ

294 4198 653 4270 ἀνεγκλήτως
679 4199 812 4270 περὶ
841 4195 1038 4251 ἑαυτοῦ
1062 4212 1075 4226 ⁸
1114 4216 1134 4251 ι
1195 4198 1338 4266 Ἐγὼ
1386 4198 1482 4252 καὶ
1533 4198 1562 4250 6
1610 4195 1804 4268 Πατὴρ
1843 4196 1903 4250 ἓν

296 4294 487 4363 ἔσμεν.
531 4292 593 4344 '0
622 4290 885 4361 ἑωρακὼς
914 4291 1036 4363 ἐμὲ,
1078 4290 1292 4363 ἑώρακε
1323 4290 1414 4344 τὸν
1444 4289 1664 4361 Πατέρα
1693 4306 1710 4322 ·
1751 4307 1770 4341 ι
1806 4290 1902 4343 καὶ

296 4382 498 4441 πάλιν
535 4402 556 4436 ι
600 4382 743 4452 Ἐγώ
769 4384 885 4453 είμι
910 4386 945 4454 ὴ
989 4384 1288 4446 ἀνάστασις
1318 4383 1411 4437 καὶ
1457 4381 1668 4455 ήζωὴ’
1706 4400 1726 4435 ι
1760 4381 1895 4435 καί·

302 4495 324 4528 σ
371 4475 515 4546 Ἐγώ
545 4476 660 4546 εἰμι
703 4477 733 4528 6
774 4475 939 4546 ἄρτος
969 4478 999 4528 6
1042 4475 1153 4541 ζῶν
1179 4476 1208 4528 6
1237 4479 1301 4528 ἐκ
1328 4473 1425 4528 τοῦ
1460 4472 1693 4547 οὐρανοῦ
1725 4490 1897 4526 κατα-

1920 3230 1967 3287 C

2006 1934 2147 1991 alter
2167 1951 2298 1993 vero
2316 1948 2584 2009 purgante
2604 1948 2661 1996 et
2690 1940 3073 1998 sanctiﬁcante
3098 1944 3375 2015 indigeat?
3405 1963 3426 1999 ι
3453 1945 3604 2019 Opus

2005 2030 2154 2083 enim
2183 2038 2287 2096 est,
2317 2028 2516 2100 inquit,
2551 2039 2613 2085 ut
2649 2034 2747 2087 abs
2786 2041 2839 2089 te
2864 2033 3115 2103 baptizer
3138 2034 3207 2090 ³⁸.
3241 2054 3261 2089 ι
3299 2036 3437 2092 Cum
3470 2053 3604 2095 vero

2007 2135 2116 2175 non
2155 2120 2204 2177 is
2232 2122 2324 2192 qui
2350 2122 2536 2192 aliquo
2567 2123 2794 2194 indiget,
2844 2127 2941 2182 sed
2968 2127 3014 2182 is
3065 2128 3159 2197 qui
3220 2128 3271 2182 id
3317 2145 3426 2201 quo
3462 2130 3606 2185 alius

2006 2222 2128 2283 eget
2148 2215 2496 2284 suppeditare
2520 2226 2721 2286 potest,
2771 2217 2948 2287 major
2976 2219 3086 2285 sit,
3130 2228 3187 2275 et
3215 2221 3360 2279 Deus
3384 2222 3603 2291 quidem

2007 2308 2256 2361 remittat
2306 2319 2526 2378 peccata
2555 2350 2569 2374 ,
2626 2310 2718 2367 hic
2763 2326 2895 2367 vero
2945 2312 3095 2368 nullo
3152 2322 3315 2383 pacto
3363 2315 3415 2371 id
3465 2329 3621 2392 pm-g

2007 2407 2156 2455 stare
2190 2411 2355 2470 queat
2388 2418 2402 2456 :
2436 2417 2544 2458 non
2570 2413 2658 2460 est
2709 2404 2875 2473 igitur
2903 2406 3134 2477 aequalis
3182 2407 3257 2462 illi
3288 2422 3318 2462 a
3341 2422 3452 2478 quo
3482 2416 3605 2463 tan-

2009 2501 2195 2562 t0pere
2218 2504 2532 2556 superatur.

2358 2709 2589 2777 ALIUD,
2615 2714 2879 2769 succincte
2908 2724 2957 2769 et
3006 2716 3230 2771 ruditer.

2076 2820 2135 2877 Si
2170 2822 2453 2893 Set-valor,
2507 2838 2564 2882 ut
2620 2828 2867 2883 nonnulli
2925 2832 3245 2901 opinantur,
3305 2831 3483 2903 major
3520 2842 3604 2889 est

2003 2914 2213 2973 Joanne
2243 2921 2484 2990 Baptista
2520 2922 2572 2975 in
2616 2938 2783 2992 regno
2808 2922 3071 2978 caelorum
3096 2962 3111 2989 ,
3164 2934 3335 3007 certe.
3358 2940 3425 2981 eo
3458 2937 3602 2982 tem-

2004 3029 2136 3083 pore
2165 3028 2273 3083 quo
2305 3014 2448 3069 inter
2484 3015 2735 3071 lioiiiines
2759 3026 3009 3072 versatus
3057 3026 3162 3083 est,
3222 3028 3317 3073 aut
3350 3020 3602 3092 :equalis,

2004 3113 2099 3158 aut
2118 3105 2298 3159 minor
2314 3118 2379 3160 eo
2403 3106 2525 3161 fuit.
2552 3104 2727 3162 Minor
2749 3117 2929 3163 autem
2952 3108 3098 3163 nulla
3124 3109 3361 3167 ratione.
3393 3110 3605 3183 Equa-

2003 3196 2070 3253 lis
2102 3198 2287 3268 igitur.
2348 3197 2458 3253 lloc
2494 3200 2637 3254 enim
2670 3211 2753 3254 est
2783 3202 3218 3257 conuenientius.
3250 3206 3318 3257 At
3348 3205 3393 3260 si
3421 3220 3605 3276 arqua-

2005 3292 2085 3346 les
2118 3292 2344 3347 omnino
2374 3292 2523 3346 inter
2547 3307 2605 3347 se
2636 3291 2882 3357 fuerunt,
2912 3305 3143 3349 vocetur
3166 3296 3330 3351 etiam
3358 3296 3603 3356 Joannes

2004 3384 2270 3454 sapientia
2292 3394 2347 3436 et
2368 3385 2606 3454 potentia
2630 3383 2811 3440 Patris
2833 3384 2903 3452 ";
2919 3396 3145 3442 vocetur
3166 3388 3334 3443 etiam
3366 3408 3387 3443 ι
3421 3390 3603 3462 imago

2001 3486 2058 3532 et
2091 3476 2401 3541 character,
2436 3491 2501 3530 ac
2532 3477 2791 3545 splendor
2816 3478 3154 3535 exsistentiaa
3183 3480 3387 3553 ipsius:
3416 3482 3603 3541 Portet

2003 3570 2171 3623 etiam
2225 3569 2413 3623 omnia
2458 3573 2627 3624 verbo
2678 3572 2939 3639 potentia:
2988 3587 3103 3627 suae
3136 3572 3207 3639 ³⁸,
3249 3593 3267 3627 ι
3318 3576 3507 3632 audiat
3546 3587 3604 3634 et

2003 3661 2121 3730 ipse
2154 3674 2184 3713 a
2217 3661 2382 3715 Patre
2409 3679 2422 3714 :
2461 3680 2479 3712 ι
2521 3661 2689 3715 Filius
2721 3678 2875 3718 meus
2923 3679 2984 3719 es
3011 3675 3086 3729 tu,
3111 3679 3212 3733 ego
3244 3666 3405 3723 hodie
3440 3670 3601 3739 genui

2004 3762 2060 3806 te
2086 3751 2155 3819 ’7;
2190 3773 2210 3806 ι
2242 3751 2356 3823 98
2381 3764 2436 3808 et
2468 3772 2487 3804 ι
2532 3754 2671 3809 Sede
2698 3769 2726 3808 a
2756 3755 2965 3812 dextris
3001 3757 3157 3822 meis,
3189 3760 3362 3815 donec
3402 3775 3601 3830 ponam

2004 3845 2256 3902 inimicos
2295 3857 2415 3902 tuos
2448 3847 2746 3902 scabellum
2788 3850 2986 3917 pedum
3032 3859 3248 3905 tuorum
3276 3852 3341 3906 ³⁸.
3372 3871 3392 3904 ι
3428 3851 3600 3909 intro-

2004 3940 2234 3995 ducatur
2267 3941 2431 3995 etiam
2463 3942 2579 4011 ipse
2606 3942 2657 3995 in
2681 3945 2869 3998 orbem
2902 3953 3173 3999 terrarum
3201 3950 3597 4019 tanquampri-

2003 4033 2353 4106 mogenitus;
2387 4034 2653 4091 adoretur
2703 4052 2733 4090 a
2780 4037 2989 4093 sanctis
3031 4040 3281 4109 angelis,
3335 4052 3599 4112 recteque

2006 4127 2072 4183 de
2099 4127 2285 4199 seipso
2316 4128 2463 4184 dicat
2496 4145 2511 4183 :
2552 4149 2571 4183 ι
2629 4129 2745 4201 Ego
2774 4140 2831 4186 et
2857 4130 3024 4188 Pater
3055 4144 3224 4188 unum
3250 4150 3461 4191 sumus.
3496 4134 3601 4205 Qui

2003 4220 2139 4276 vidit
2169 4235 2277 4290 me,
2306 4219 2444 4276 vidit
2471 4230 2528 4276 et
2553 4222 2770 4278 Patrem
2790 4224 2836 4257 ”
2855 4240 2903 4291 ς»
2942 4233 2997 4281 et
3025 4240 3242 4281 rursum
3271 4244 3287 4283 :
3312 4227 3458 4300 «Ego
3480 4244 3600 4285 sum

2002 4315 2336 4372 resurrectio
2366 4325 2424 4371 et
2449 4316 2556 4371 vita
2582 4334 2598 4385 ;
2628 4316 2674 4348 “
2712 4336 2731 4370 ι
2765 4325 2821 4373 et
2854 4336 2875 4369 ι
2910 4318 3023 4388 Ego
3055 4334 3175 4375 sum
3208 4322 3367 4390 panis
3410 4323 3601 4379 vivens

2002 4408 2097 4479 qui
2130 4424 2161 4463 e
2209 4408 2353 4465 caelo
2387 4410 2669 4479 descendi,
2722 4418 2780 4468 et
2819 4412 2989 4467 vitam
3042 4413 3179 4468 dans
3220 4415 3424 4471 mundo
3456 4416 3525 4474 “.
3571 4436 3593 4470 ι

2004 4499 2063 4556 Si
2097 4515 2230 4558 vero
2261 4502 2375 4557 haec
2402 4503 2585 4558 omnia
2621 4512 2707 4559 est
2726 4502 3004 4571 Christus,
3027 4518 3134 4559 non
3165 4516 3350 4561 autem
3384 4507 3475 4563 ille
3503 4510 3597 4579 qui

295 4567 421 4631 ϐὰς,
456 4570 553 4621 καὶ
579 4566 727 4638 ζωὴν
759 4566 934 4631 διδοὺς
960 4565 1039 4636 τῷ
1066 4566 1279 4636 κόσμῳ.
1322 4586 1340 4618 ι
1395 4564 1460 4619 Εἰ
1504 4566 1562 4619 δὲ
1591 4564 1766 4619 ταῦτα
1794 4563 1893 4635 μὲν

2007 4592 2254 4661 imperite
2284 4594 2513 4662 mqualis
2542 4608 2668 4651 esse
2718 4594 2921 4651 dicitur
2954 4612 2969 4650 :
3008 4611 3116 4667 quo
3160 4610 3320 4667 pacto
3350 4613 3456 4654 non
3491 4563 3595 4656 ah-

294 4659 413 4713 ἔστι
454 4658 637 4713 πάντα
685 4658 942 4729 Χριστὸς,
984 4658 1167 4712 οὐκέτι
1208 4658 1266 4712 δὲ
1297 4658 1394 4712 καὶ
1424 4660 1453 4712 ὀ
1483 4658 1621 4729 πρὸς
1672 4658 1894 4726 ἰσότητα

293 4751 393 4822 τὴν
430 4751 569 4823 πρὸς
616 4752 781 4805 αὐτὸν
829 4750 1167 4821 καλούμενος
1200 4749 1451 4821 ἀμαθῶς,
1507 4749 1628 4813 πῶς
1670 4749 1733 4802 οὐ
1770 4748 1892 4804 λίαν

294 4840 627 4895 ἀπαίδευτον
648 4841 806 4895 παντί
829 4859 908 4912 τῳ
930 4844 1181 4912 φανεῖται
1201 4842 1410 4908 λοιπὸν,
1429 4842 1491 4895 τὸ
1516 4841 1739 4915 μείζονά
1760 4858 1892 4896 ποτε

295 4933 631 5005 γενήσεσθαι
659 4933 905 5005 νομίζειν
933 4934 1123 5001 αὑτοῦ,
1148 4936 1241 4989 τὸν
1278 4936 1366 4990 ἀεὶ
1393 4935 1552 4990 τοῦτο
1577 4936 1892 5008 ὑπάρχοντα

297 5024 571 5093 φυσικῶς,
603 5023 678 5089 ὡς
702 5023 836 5077 Θεόν
860 5040 875 5089 ;

978 5112 1203 5197 ’AAAO.

368 5252 432 5306 Εἰ
478 5254 537 5306 ἐν
563 5252 644 5324 τῷ
689 5253 820 5309 ποτὲ
864 5253 965 5327 τὴν
1007 5255 1258 5310 Ἰωᾶννου
1305 5256 1723 5331 πλεονεκτήσειν
1767 5260 1896 5331 ἀρε-

292 5341 392 5414 τὴν
421 5343 753 5412 ἁξιάγαστος
776 5344 1073 5417 ὀφθήσεται
1102 5348 1359 5418 Χριστὸς,
1384 5350 1535 5403 οὐδὲν
1558 5350 1618 5403 ἐν
1650 5351 1800 5421 αὐτῷ
1836 5351 1897 5404 τὸ

297 5436 444 5507 μέγα
462 5454 475 5466 ’
505 5438 629 5491 ἐπεὶ
653 5438 749 5493 καὶ
771 5439 995 5508 ἄγγελοι
1020 5441 1305 5513 κρείττους
1340 5442 1508 5496 αὑτοῦ
1544 5444 1686 5497 κατά
1715 5461 1777 5512 γε
1806 5444 1898 5496 τὸν

293 5530 454 5599 λόγον
492 5530 593 5600 τῆς
631 5533 838 5596 οίκείας
884 5533 1123 5603 φύσεως,
1176 5537 1271 5590 καὶ
1308 5537 1406 5607 τῆς
1448 5538 1526 5601 εἰς
1563 5537 1695 5590 Θεὸν
1740 5538 1897 5591 εὐτε-

294 5628 449 5691 δείας
474 5628 572 5697 τὴν
608 5627 901 5699 ὑπεροχήν.
941 5624 1071 5684 Εἶτα
1105 5632 1198 5683 ποῖ
1233 5648 1361 5683 ποτε
1396 5630 1659 5698 βαδιεῖται
1688 5632 1902 5695 Παῦλος

2005 4687 2233 4739 surdum
2265 4685 2413 4741 dictu
2458 4686 2673 4743 censeri
2717 4687 2947 4750 debeat.
2976 4687 3257 4746 Christum
3304 4691 3600 4763 aliquando

2000 4774 2213 4834 Joanne
2259 4776 2520 4848 majorem
2566 4779 2831 4848 futurum,
2866 4782 2961 4851 qui
3000 4792 3195 4854 suapte
3226 4793 3423 4841 natura
3451 4798 3598 4841 sem-

2000 4885 2099 4941 per
2130 4870 2307 4942 major
2337 4871 2462 4941 iuit,
2497 4872 2755 4929 nimirum
2783 4871 2977 4931 Dens?

2677 5140 2912 5200 ALIUD.

2074 5254 2131 5312 Si
2166 5256 2221 5311 in
2252 5255 2439 5312 luturo
2463 5254 2664 5312 saeculo
2697 5264 2911 5311 tantum
2939 5254 3194 5313 Christus
3227 5255 3458 5315 Joannis
3487 5258 3595 5315 vir-

2000 5358 2168 5404 tutem
2200 5358 2560 5419 superaturus
2594 5358 2697 5414 est,
2728 5358 2882 5406 certe
2929 5349 3137 5405 nihilin
3163 5352 3285 5422 ipso
3329 5368 3591 5425 magnum

2002 5455 2086 5500 est
2125 5462 2140 5498 :
2182 5459 2305 5499 cum
2338 5454 2393 5497 et
2432 5443 2612 5513 angeli
2657 5444 2915 5501 meliores
2962 5445 3485 5517 praestantioresque
3525 5462 3594 5503 eo

2011 5538 2123 5591 sint
2169 5539 2407 5609 propriae
2438 5553 2550 5592 suae
2593 5548 2803 5593 natura:
2838 5538 3087 5604 ratione,
3124 5547 3180 5593 et
3210 5538 3430 5608 pietatis
3462 5555 3593 5610 erga

2004 5629 2173 5685 Deum
2191 5630 2543 5686 excellentia.
2574 5630 2775 5686 Deinde
2794 5631 2927 5700 quid
2949 5632 3015 5687 de
3029 5630 3421 5701 sapientissimi
3446 5630 3593 5687 illius

367 5805 409 5879 ξι
440 5805 543 5879 lsa.
574 5819 725 5879 una,
768 5804 881 5879 ⁸ὶῆ.⁸
939 5808 984 5845 ³³
1020 5806 1228 5873 Baruch
1264 5823 1348 5865 ιιι.
1390 5810 1480 5863 '58.
1560 5810 1603 5842 ³³
1637 5808 1794 5863 Joan.
1830 5824 1867 5875 ι,

2075 5809 2119 5841 ³⁸
2152 5809 2344 5865 Matth.
2379 5826 2462 5874 tu,
2497 5811 2582 5865 ιι.
2662 5809 2708 5842 ³⁸
2748 5811 2761 5863 Ι
2793 5810 2921 5866 Cor.
2956 5827 2992 5879 ι,
3026 5811 3117 5866 94.
3198 5811 3243 5843 ³⁸
3275 5809 3442 5866 Hebr.
3466 5823 3505 5877 ι,
3534 5808 3588 5867 5.

299 5875 340 5907 "
376 5875 517 5931 l’sal.
552 5892 606 5944 ιι,
648 5876 697 5930 7.
791 5878 833 5910 ³⁸
864 5872 1155 5948 ιἐίιΙβςιι,
1190 5882 1236 5933 l.
1316 5879 1356 5911 ”
1386 5880 1535 5935 Jnan.
1574 5898 1681 5947 xlv,
1726 5884 1776 5935 9.

1859 5880 2082 5934 “1min.
2121 5897 2195 5947 XI,
2224 5881 2312 5937 25.

2393 5884 2432 5913 ’⁶¹
2472 5882 2602 5937 Juazt
2653 5898 2726 5946 γι,
2762 5883 2849 5936 53.
