4048 6450
303 452 408 508 165

1713 439 1747 493 Ἰ
1765 441 1942 492 ιιιυδιι
1954 442 1991 490 U
2003 441 2158 491 “Ub.

3465 440 3570 496 ιοο

303 575 436 635 θεῖν,
479 571 574 626 καὶ
606 570 707 625 οὐκ
752 571 930 624 εῐασεν
979 569 1176 634 αὖτοὺς
1223 568 1284 622 τὺ
1326 564 1550 636 Πνεῦμα
1602 562 1798 633 Ἰησοῦ.
1858 579 1866 611 ι

1990 557 2045 611 Si
2078 571 2208 626 ergo
2233 555 2484 612 Christus
2507 566 2564 611 ut
2603 557 2898 627 aliquando
2923 560 3138 615 futurus
3159 559 3331 626 major
3353 557 3570 619 Joanne

298 661 478 732 Εἴπερ
514 656 606 714 οὖν
644 661 722 724 ὡς
760 659 1019 730 ἐσόμενος
1052 677 1179 712 ποτε
1214 657 1415 729 μείζων
1461 654 1709 708 Ἰωάννου
1739 653 1880 722 Χρι-

301 754 448 818 στὸς,
489 755 547 807 ὲν
580 753 785 822 ἰσότητι
829 752 968 816 τέως
999 754 1063 821 τῇ
1114 750 1248 820 πρὸς
1297 747 1457 800 αὑτὸν
1500 744 1878 816 εὑρεθήσεται,

300 846 610 902 ἀνανεούτω
638 846 892 907 κάκεῖνος
919 844 977 898 ὲν
1009 843 1136 912 ἡμῖν
1168 840 1263 912 τὴν
1308 837 1403 892 τοῦ
1443 837 1756 904 Πνεύματος
1782 833 1881 902 χά-

303 953 409 1006 ριν,
440 935 534 989 καὶ
563 934 868 1006 χορηγείτω
887 933 979 986 καὶ
1007 930 1188 994 αὐτὸς,
1209 929 1399 998 ὥσπερ
1427 922 1519 980 οὖν
1551 925 1723 978 ἐποίει
1752 923 1882 993 Χρι-

1987 647 2214 718 aqualis
2244 649 2451 704 interea
2480 651 2529 703 ei
2558 648 2686 716 fuit,
2730 651 3001 706 instauret
3036 651 3202 705 etiam
3236 651 3475 707 Joannes
3513 656 3567 708 iu

1989 739 2146 794 nobis
2177 741 2408 809 gratiam
2445 739 2704 810 Spiritus,
2751 743 3022 812 ducatque
3050 744 3216 798 etiam
3276 746 3392 814 ipse
3442 762 3565 811 nos,

1988 842 2046 884 ut
2076 829 2208 884 fecit
2238 831 2515 899 Christus;
2539 835 2752 888 dicatur
2781 843 2833 888 et
2853 835 3022 903 ipsius
3053 850 3176 892 esse
3205 835 3448 906 Spiritus
3470 837 3564 893 Dei

1985 936 2049 976 ac
2078 923 2257 978 Patris
2293 942 2306 979 :
2343 925 2542 980 clamet
2593 928 2756 981 etiam
2812 929 2930 997 ipse
2961 934 3026 983 de
3057 928 3263 1000 Spiritu
3309 947 3325 988 :
3374 948 3394 982 ι
3429 930 3564 997 Quia

303 1025 447 1090 στδς,
482 1023 723 1093 λεγέσθω
748 1023 806 1077 δὲ
834 1022 929 1076 καὶ
959 1020 1121 1074 αὑτοῦ
1159 1017 1381 1087 Πνεῦμα
1422 1014 1486 1068 τὸ
1531 1016 1587 1066 ὲν
1623 1011 1742 1082 Θεῴ
1784 1011 1866 1063 καπ

1981 1013 2050 1068 de
2077 1029 2200 1069 meo
2232 1015 2484 1084 accipiet.
2522 1016 2834 1073 iCielerum
2862 1020 2965 1074 hoc
2982 1021 3064 1074 vel
3093 1019 3205 1074 sola
3231 1019 3567 1090 cogitatione

302 1115 500 1187 Πατρὶ,
535 1114 710 1185 βοάτω
734 1114 827 1168 καὶ
847 1112 1008 1175 αὐτὸς
1037 1110 1164 1181 περὶ
1188 1108 1284 1161 τοῦ
1314 1105 1632 1176 Πνεῦματος
1653 1117 1666 1130 ·
1698 1119 1717 1152 ι
1757 1100 1866 1152 Ὀτι

1983 1104 2208 1174 impium
2243 1116 2348 1160 est.
2375 1106 2490 1162 Non
2521 1121 2605 1163 est
2641 1110 2806 1179 igitur
2851 1112 3078 1180 aequalis
3109 1111 3351 1176 Christo,
3388 1127 3566 1181 neque

300 1207 367 1257 ὲκ
392 1203 490 1258 τοῦ
538 1201 668 1272 ἐμοῦ
698 1199 988 1272 λαμϐάνει.
1027 1217 1044 1249 ι
1088 1196 1248 1250 Ἀλλά
1279 1195 1437 1247 τοῦτο
1465 1193 1559 1246 καὶ
1592 1191 1750 1262 μόνον
1785 1189 1877 1241 ὲν-

1984 1195 2035 1250 in
2063 1195 2248 1249 {utero
2275 1197 2478 1252 sazculo
2515 1199 2730 1254 desinet
2764 1214 2888 1255 esse
2934 1199 3131 1268 major,
3174 1215 3299 1255 cum
3353 1216 3568 1272 semper

299 1297 464 1360 νοεῖν,
500 1293 714 1357 ἀσεϐὲς.
751 1293 866 1346 Οὐκ
899 1291 1006 1362 ἄρα
1041 1287 1154 1351 ἶσος
1201 1287 1317 1362 ἐστὶ
1357 1283 1435 1356 τῷ
1472 1281 1715 1356 Χριστῷ,
1755 1279 1866 1332 οὐδὲ

1980 1287 2160 1342 minor
2189 1287 2377 1355 fuerit,
2403 1298 2664 1361 tantoque
2693 1290 2942 1359 interior,
2966 1301 3026 1348 ut
3053 1293 3216 1350 homo
3245 1292 3382 1352 Deo.

285 1386 396 1456 ὀψὲ
447 1385 839 1456 παραχωρήσει
869 1359 1172 1453 ἰδ-μεῖζον,
1217 1359 1304 1432 ἀεὶ
1354 1377 1415 1429 τὸ
1448 1376 1670 1429 ἔλαττον
1714 1371 1875 1442 ἔχων,

298 1479 394 1532 καὶ
417 1475 672 1531 τοσοῦτον
699 1472 1034 1546 ἡττώμενος,
1067 1473 1191 1526 ὅσον
1223 1469 1508 1541 ἄνθρωπος
1539 1465 1699 1520 Θεοῦ.

981 1585 1188 1642 ΑΔΔΟ.

364 1703 499 1757 Θεὸν
536 1703 665 1758 ὄντα
696 1701 836 1756 κατά
863 1703 1023 1771 φύσιν
1058 1695 1412 1751 ἐπιδεικνύων
1440 1695 1634 1750 ἑαυτὸν
1659 1694 1688 1747 6
1722 1692 1872 1758 Υῐδς,

294 1793 712 1849 ἀντιδιαστέλλει
745 1795 811 1864 τῇ
842 1791 1037 1855 κτίσει,
1065 1789 1160 1842 καί
1192 1805 1356 1859 φησιν
1381 1804 1394 1818 '
1433 1805 1452 1838 ι
1504 1784 1644 1854 Ἐγὼ
1675 1787 1738 1838 ὲκ
1764 1781 1871 1838 τῶν

2642 1568 2871 1625 ALIUD.

2045 1681 2219 1737 Filius
2255 1682 2422 1738 Deum
2465 1698 2525 1739 se
2578 1685 2903 1739 naturaliter
2942 1698 3064 1739 esse
3104 1685 3424 1753 ostendens,
3466 1701 3563 1756 op-

1974 1776 2123 1843 ponit
2147 1790 2206 1831 se
2229 1785 2494 1830 creatura:
2523 1777 2710 1831 dicens
2739 1775 2908 1846 :tEgo
2926 1789 2993 1830 ex
3023 1778 3277 1847 supernis
3301 1793 3440 1842 sum,
3467 1794 3564 1832 vos

293 1886 404 1940 ἄνω
434 1884 572 1954 εἰμὶ,
603 1883 762 1954 ὑμεῖς
788 1883 852 1934 ἑκ
877 1881 982 1935 τῶν
1012 1879 1162 1932 κάτω
1191 1877 1333 1933 ἐστέ.
1371 1896 1389 1929 ι
1431 1875 1640 1930 Οὐκοῦν
1667 1875 1866 1943 λεγέτω

1976 1883 2036 1922 ex
2066 1869 2292 1924 internis
2319 1870 2451 1924 estis
2477 1869 2543 1922 ".
2579 1887 2599 1920 ι
2630 1869 2964 1940 Dicatigitur
2981 1874 3146 1924 etiam
3185 1872 3288 1926 hoc
3318 1869 3557 1928 Joannes

291 1976 448 2030 τοῦτο
475 1975 570 2029 καὶ
595 1976 624 2027 6
653 1972 921 2044 μακάριος
946 1969 1275 2039 Βαπτιστὴς,
1308 1968 1384 2030 ὡς
1411 1965 1563 2020 οὔπω
1587 1966 1646 2018 τὸ
1669 1967 1727 2018 ὲν
1751 1964 1870 2035 μεί-

281 2067 441 2132 -ζοσιν
468 2061 606 2119 εἶναι
634 2060 976 2135 παραχωρῶν
996 2060 1075 2131 τῷ
1095 2058 1334 2131 Χριστῷ,
1362 2058 1518 2129 εἴπερ
1540 2057 1690 2111 ἔσται
1710 2056 1870 2110 τοῦτό

291 2172 445 2217 ποτε,
493 2152 638 2207 κατά
667 2154 767 2224 τήν
796 2168 958 2204 τινων
988 2150 1266 2203 ὑπόνοιαν.
1324 2148 1487 2203 ’Λλλά
1524 2146 1630 2219 μὴν
1653 2148 1719 2200 ἐκ
1759 2146 1861 2216 τῆς

279 2248 393 2319 γῆς
427 2242 570 2301 εἷναί
599 2262 764 2316 φησιν
795 2242 1006 2309 ἑαυτὸν,
1039 2241 1220 2296 καὶτὸ
1250 2243 1448 2296 οἰκεῖον
1485 2241 1586 2295 οὐκ
1631 2239 1867 2310 ἠγνόησε

279 2340 510 2411 μέτρον.
547 2338 766 2404 Μεῐζων
813 2338 922 2410 ἄρα
973 2339 1228 2411 Χριστὸς,
1270 2339 1370 2391 οὒκ
1413 2337 1670 2408 ἐσόμενος
1712 2335 1869 2389 τοῦτο

270 2431 444 2497 ποτε,
490 2429 604 2484 ἀλλ’
637 2429 776 2502 ἔχων
824 2431 914 2484 ἀεὶ
958 2430 1020 2485 τὸ
1072 2431 1235 2484 πλέον
1283 2429 1358 2492 ὡς
1406 2428 1536 2492 Θεὸς
1581 2431 1646 2482 ἐκ
1693 2427 1829 2481 Θεοῦ
1852 2440 1866 2456 ·

281 2519 446 2574 τοῦτο
481 2519 586 2591 γὰρ
611 2520 874 2592 σημαίνει
903 2519 982 2586 τὸ,
1023 2538 1042 2572 ι
1087 2521 1181 2574 Ἐκ
1220 2519 1331 2572 τῶν
1360 2520 1471 2573 ἀνω
1500 2518 1635 2588 εἰμί.
1682 2536 1706 2571 ο

975 2630 1181 2685 ΑΛΔΟ.

367 2741 428 2795 ⁸0
491 2741 759 2812 μακάριος
816 2741 1211 2817 εὐαγγελιστὴς
1283 2742 1538 2812 Ἰωάννης
1589 2741 1650 2795 τὺ
1708 2742 1867 2812 φύσει

282 2832 494 2905 προσὸν
529 2832 748 2903 ἀξίωμα
791 2831 870 2903 τῷ
910 2833 1026 2903 Υἱῷ
1062 2832 1434 2904 διερμηνεύων
1470 2832 1730 2903 ἀκριϐῶς,
1772 2835 1868 2886 καὶ⁹

276 2925 350 2978 τὸ
400 2925 648 2978 Ἰωάννου
685 2925 882 2996 μέτρον
913 2926 988 2990 ὡς
1026 2927 1236 2980 οἰκέτου
1266 2927 1492 2997 γνησίου
1522 2927 1864 2997 παρατιθεὶς,

275 3013 432 3069 ὀὕτω
470 3015 634 3086 φησιν
655 3031 669 3044 ·
734 3033 755 3067 ι
827 3015 1072 3084 Ἐγένετο
1124 3015 1410 3086 ἄνθρωπος
1457 3016 1868 3088 ἀπεσταλμένος

277 3106 440 3180 παρά
477 3105 634 3175 Θεοῦ,
671 3106 843 3179 ὄνομα
876 3107 1024 3179 αὐτῷ
1076 3107 1360 3179 Ἰωάννηςο
1403 3099 1557 3174 οὗτος
1589 3103 1752 3180 ἦλθεν
1788 3107 1867 3171 εἰς

281 3199 617 3271 μαρτυρίαν.
653 3201 741 3253 ἴνα
782 3201 1106 3272 μαρτυρήσῃ
1138 3201 1266 3271 περὶ
1301 3200 1398 3254 τοῦ
1430 3202 1624 3270 φωτός.
1665 3201 1774 3258 Ἠν
1805 3199 1866 3254 τὸ

286 3291 404 3360 φῶς
442 3290 504 3344 τὸ
544 3290 818 3362 ἀληθινὸν,
855 3291 884 3344 6
906 3291 1138 3360 φωτίζει
1179 3293 1356 3346 πάντα
1387 3291 1672 3362 ἄνθρωπον
1707 3293 1864 3362 ἐρχό-

288 3401 454 3454 μενον
480 3385 560 3446 είς
593 3383 685 3437 τὸν
727 3384 949 3454 κόσμον.
996 3405 1016 3438 ι
1055 3387 1154 3439 Ποῖ
1182 3403 1310 3439 ποτε
1341 3380 1434 3439 οὖν
1469 3385 1574 3456 ἄρα
1603 3385 1868 3457 προκόιιιει

283 3473 524 3544 Χριστος
568 3476 679 3536 τοῖς
731 3473 975 3528 Ἰωάννου
1010 3476 1433 3546 συγκρινόμενος
1487 3475 1739 3546 μέτροις;
1796 3476 1869 3529 Ἦ

286 3563 403 3626 πῶς
432 3564 493 3615 οὐ
525 3564 711 3633 μεῖζον
748 3546 836 3618 ἀεὶ
864 3565 924 3618 es
960 3567 1216 3635 φωτίζειν
1251 3567 1390 3630 είδὸς
1422 3567 1516 3619 καὶ
1547 3567 1864 3635 δυνάμενον,

283 3656 381 3708 τοῦ
419 3655 675 3726 δεομένου
709 3657 1058 3725 φωτίζεσθαι,
1094 3659 1188 3712 καὶ
1219 3659 1319 3728 τῆς
1350 3660 1456 3711 ἀπὸ
1489 3659 1582 3711 τοῦ
1613 3660 1867 3731 λαμπρύ-

287 3764 470 3810 νοντος
512 3747 806 3819 χρῄζοντος
847 3751 1144 3820 χορηγίας;
1185 3751 1308 3813 Πῶς
1337 3751 1394 3804 δὲ
1436 3751 1558 3820 οὐχὶ
1589 3751 1809 3813 πάντως
1839 3755 1868 3805 6

285 3837 424 3909 πρὸς
456 3839 626 3908 μόνην
669 3839 975 3911 μαρτυρίαν
1014 3841 1387 3910 παραληφθεὶς
1419 3842 1514 3893 καὶ
1543 3841 1700 3895 τοῦτο
1729 3843 1866 3912 ἔχων

281 3929 528 3998 ἀξίωμα,
561 3931 953 4002 παραχωρήσει
991 3932 1050 3986 τὺ
1086 3932 1273 4002 μεῖζον
1305 3933 1390 3986 ἀεὶ
1427 3932 1502 4004 τῷ
1533 3935 1598 3988 δι’
1629 3935 1685 3989 ὃν
1721 3937 1866 3988 ἐστιν

286 4019 567 4091 ἐξαίρετος
586 4037 602 4086 ;

978 4224 1181 4278 ΑΛΛΟ.

367 4332 794 4405 Ἀναλεγὸμενὸς
826 4351 952 4388 ποτε
978 4337 1088 4398 τοῖς
1125 4335 1394 4399 Ἰουδαίοις
1436 4337 1636 4406 ἔφησεν
1672 4341 1700 4393 6
1734 4342 1865 4411 Χρι-

282 4425 410 4488 στός
431 4441 443 4452 ’
484 4445 501 4476 ι
555 4425 743 4493 Ὑμεῖς
768 4426 1141 4478 ἀπεστάλκατε
1167 4426 1301 4494 πρὸς
1326 4419 1616 4498 Ἰωάννην,
1653 4430 1744 4481 καὶ
1771 4448 1862 4499 με-

1972 1961 2234 2031 Baptista,
2263 1970 2322 2016 ut
2344 1961 2437 2030 qui
2465 1961 2705 2016 nondum
2729 1959 3123 2030 majoritatem,
3153 1969 3212 2016 ut
3247 1961 3324 2017 ita
3356 1962 3560 2031 dicam,

1967 2053 2083 2107 sive
2112 2051 2488 2108 excellentiam
2524 2067 2676 2108 suam
2705 2052 2923 2108 Christo
2949 2052 3182 2109 cesserit
3212 2094 3229 2122 ,
3289 2067 3552 2110 cessurus

1967 2159 2088 2200 eam
2121 2145 2172 2199 in
2205 2143 2390 2199 futuro
2423 2145 2651 2207 saeculo.
2677 2152 2735 2198 ut
2769 2143 3018 2200 nonnulli
3047 2144 3362 2215 Opinantur.
3396 2143 3562 2215 Atqui

1970 2237 2086 2308 ipse
2110 2252 2168 2294 se
2203 2247 2476 2293 terrenum
2517 2252 2643 2293 esse
2673 2237 2771 2302 ait,
2805 2250 2981 2306 neque
3007 2252 3164 2292 suam
3189 2237 3562 2294 conditionem

1971 2329 2202 2401 ignorat.
2240 2329 2412 2401 Major
2438 2331 2621 2401 itaque
2647 2339 2728 2386 est
2761 2330 3034 2394 Christus,
3060 2344 3168 2384 non
3209 2329 3261 2384 id
3293 2329 3553 2401 aliquan-

1969 2421 2040 2476 do
2070 2421 2311 2489 i'uturus,
2344 2423 2438 2477 sed
2473 2437 2690 2491 semper
2723 2421 2995 2492 superior,
3033 2429 3093 2476 ut
3122 2421 3267 2478 Deus
3295 2437 3364 2478 ex
3401 2423 3514 2478 Deo
3541 2437 3556 2474 :

1972 2513 2076 2569 hoc
2101 2514 2248 2569 enim
2281 2513 2561 2584 signiﬁcat
2591 2514 2747 2580 illud,
2783 2518 2801 2565 i
2839 2513 2949 2585 Ego
2981 2528 3047 2568 ex
3070 2515 3326 2584 supernis
3351 2529 3498 2571 sum.
3532 2532 3555 2570 ι

2647 2625 2881 2682 ALIUD.

2041 2741 2241 2797 Beatus
2319 2740 2655 2812 evangelista
2739 2741 2980 2800 Joannes
3053 2743 3376 2813 dignitatem
3439 2757 3563 2813 quae

1961 2833 2108 2888 Filio
2142 2833 2650 2898 uaturaiiterinest,
2705 2843 2894 2902 aperte
2929 2833 3232 2902 explicans,
3287 2833 3448 2902 100
3503 2841 3560 2886 et

1975 2926 2204 2982 Joannis
2234 2925 2598 2981 conditionem
2628 2935 2686 2981 ut
2713 2927 2861 2981 servi
2884 2925 3061 2980 ﬁdelis
3099 2926 3441 3002 describens,
3485 2928 3560 2980 ita

1969 3017 2084 3071 ait:
2126 3036 2148 3069 ‹
2179 3016 2314 3071 Erat
2361 3017 2525 3071 homo
2567 3017 2769 3072 missus
2811 3031 2842 3072 ιι
2877 3017 3008 3082 Deo,
3057 3017 3147 3072 cui
3198 3031 3396 3072 nomen
3443 3028 3564 3073 erat

1966 3103 2212 3161 Joannes
2247 3106 2385 3162 :hic
2415 3107 2562 3160 venit
2618 3106 2674 3160 in
2735 3107 3105 3160 testimonium
3135 3149 3151 3173 ,
3204 3116 3264 3162 ut
3317 3107 3565 3162 testimo-

1970 3196 2117 3252 nium
2148 3195 2458 3268 perhiberet
2483 3197 2552 3252 de
2580 3194 2807 3260 lumine,
2835 3202 2894 3247 ut
2917 3209 3110 3252 omnes
3133 3194 3425 3249 crederent
3457 3209 3556 3264 per

1972 3290 2169 3360 ipsum.
2216 3290 2346 3344 Erat
2371 3289 2461 3344 lux
2488 3302 2618 3342 vera
2649 3303 2768 3358 quae
2800 3286 3070 3342 illuminat
3112 3302 3332 3342 omnem
3378 3286 3562 3342 homi-

1971 3397 2092 3436 nem
2131 3383 2434 3436 venientem
2478 3381 2532 3434 in
2581 3381 2721 3434 hunc
2755 3381 3036 3447 ‘mundum
3084 3379 3154 3434 '°.
3200 3397 3219 3431 ι
3251 3379 3368 3447 Quo
3401 3390 3563 3449 pacto

1970 3471 2135 3539 igitur
2167 3472 2582 3541 promovebitur
2631 3470 2882 3526 Christus
2916 3468 3114 3524 Joanui
3159 3480 3510 3539 comparatus
3541 3470 3564 3522 ’ἲ

1967 3565 2077 3618 Aut
2107 3566 2378 3633 quomodo
2437 3579 2546 3618 non
2603 3577 2820 3633 semper
2879 3562 3056 3632 major
3097 3562 3561 3631 priestautiorque

1969 3661 2078 3715 erit
2116 3660 2209 3728 qui
2258 3659 2564 3713 illuminare
2607 3659 2756 3713 novit
2801 3667 2859 3714 et
2902 3667 3084 3727 potest
3125 3671 3189 3710 eo
3232 3657 3324 3726 qui
3359 3656 3560 3711 illumi-

1973 3754 2194 3808 natioue
2225 3751 2476 3822 indiget?
2505 3751 2786 3818 Quomodo
2832 3766 2962 3806 vero
2994 3764 3100 3804 non
3137 3751 3359 3806 omnino
3389 3750 3433 3804 is
3463 3750 3556 3819 qui

1971 3843 2144 3899 solum
2183 3844 2248 3898 ad
2309 3842 2691 3899 testimonium
2744 3842 3140 3911 perhibendum
3179 3849 3423 3910 sumptus
3453 3850 3558 3902 est,

1969 3951 2143 4004 eaque
2200 3936 2314 3990 sola
2363 3935 2628 4006 dignitate
2689 3949 2753 3989 ac
2797 3947 3022 3988 munere
3072 3932 3344 4004 iungitur,
3401 3933 3562 3987 cedat

1969 4045 2124 4084 suam
2181 4028 2560 4083 excellentiam
2621 4029 2737 4083 sive
2804 4026 3167 4096 majoritatem
3220 4026 3292 4080 illi
3340 4036 3562 4095 propter

1968 4136 2130 4190 quem
2176 4120 2383 4175 electus
2415 4122 2536 4191 est?

2645 4229 2879 4288 ALIUD.

2038 4343 2289 4398 Christus
2315 4357 2435 4396 cum
2496 4341 2697 4396 Judzuis
2751 4343 3064 4404 disserens,
3117 4341 3189 4394 ita
3245 4339 3444 4393 alicubi
3482 4339 3556 4390 in-

1965 4435 2120 4503 quit:
2157 4452 2172 4484 ι
2211 4431 2320 4487 Vos
2373 4432 2600 4486 misistis
2633 4432 2698 4485 ad
2750 4430 3034 4494 Joannem,
3085 4439 3139 4484 et
3179 4429 3267 4483 ille
3310 4431 3556 4483 testimo-

285 4517 611 4589 μαρτύρηκε
646 4519 710 4586 τῇ
746 4515 991 4586 ἀληθείᾳ.
1046 4515 1185 4584 Ἐγὼ
1212 4516 1267 4568 δὲ
1307 4517 1364 4568 οὐ
1402 4519 1548 4588 παρὰ
1575 4520 1861 4591 ἀνθρώπου

1976 4531 2114 4581 nium
2150 4525 2424 4594 perhibuit
2464 4525 2702 4577 veritati.
2734 4523 2847 4592 Ego
2873 4534 3054 4576 autem
3091 4536 3195 4574 non
3233 4522 3300 4576 ab
3333 4521 3552 4576 homine

283 4611 385 4680 τὴν
408 4608 714 4679 μαρτυρίαν
747 4606 1028 4676 λαμὸἀνω.
1073 4626 1093 4659 ι
1141 4607 1278 4658 Ἀλλ’
1308 4607 1462 4678 εἴπερ
1498 4611 1612 4663 ἐστὶ
1645 4613 1737 4663 καὶ
1765 4613 1862 4683 τῆς

1976 4617 2344 4670 testimonium
2373 4616 2584 4683 accipio
2607 4615 2674 4667 5‘.
2701 4632 2718 4664 ›
2745 4616 2906 4682 Atqui
2932 4629 2974 4668 SI
3003 4613 3307 4668 testimonio
3329 4613 3554 4668 Joannis

297 4702 546 4753 Ἰωάννου
613 4698 920 4769 μαρτυρίας
968 4697 1229 4767 κρείττων
1281 4701 1307 4751 6
1357 4699 1565 4769 Σωτὴρ,
1608 4703 1707 4753 οὐκ
1755 4703 1861 4772 ἄρα

286 4791 418 4853 τσος,
449 4789 586 4842 ἀλλά
614 4790 813 4858 μείζων
831 4790 918 4842 ἀεὶ
946 4791 1034 4841 καὶ
1055 4788 1493 4861 ἀξιολογώτερος,
1529 4795 1585 4844 ὐ
1611 4792 1666 4851 δὲ
1691 4794 1861 4859 οὕτω,ς

283 4881 422 4952 ἔχων
461 4881 555 4931 ποῖ
591 4897 719 4931 ποτε
777 4881 883 4949 ἄρα
930 4879 1282 4949 προϐήσεται,
1319 4881 1351 4950 ἢ
1389 4881 1530 4951 πρὸς
1581 4885 1730 4935 ποῖον
1778 4885 1857 4937 ἔτι

283 4970 469 5042 μεῖζον
498 4970 672 5040 ἀναϐή
681 4987 830 5023 σεται
855 4987 868 5034 ;

968 5082 1172 5134 ΑΛΛΟ.

363 5194 423 5247 '0
478 5194 746 5264 μακάριος
793 5192 1064 5262 Ζαχαρίας
1109 5192 1136 5243 6
1178 5189 1270 5243 τοῦ
1322 5192 1476 5258 ἁγίου
1522 5194 1854 5262 Βαπτιστοῦ,

281 5287 423 5340 κατὰ
458 5286 636 5357 σάρκα
689 5285 891 5355 πατὴρ,
921 5285 1007 5336 ὅτε
1055 5284 1152 5352 τὴν
1195 5283 1332 5354 ὑπὲρ
1376 5285 1538 5337 αὑτοῦ
1583 5288 1855 5356 προσῆγεν

280 5379 634 5450 εὐχαριστίαν
689 5379 805 5440 ταῖς
868 5379 930 5428 ἐκ
1002 5376 1336 5446 προφητείας
1403 5377 1857 5448 ἀναμεμιγμένην

282 5473 509 5539 φωναῖς.
543 5468 919 5538 ἀπεφθέγγετο
940 5485 953 5499 ·
985 5487 1001 5518 ι
1040 5469 1150 5520 Καὶ
1192 5468 1278 5533 σὺ,
1311 5469 1541 5529 παιδίον,
1574 5472 1859 5540 προφήτης

281 5562 504 5631 ὑψίστου
550 5559 832 5631 κληθήσῃ·
882 5560 1230 5630 προπορεύσῃ
1271 5559 1379 5630 γὰρ
1427 5561 1531 5631 πρὸ
1564 5563 1856 5632 προσώπου

282 5654 489 5721 Κυρίου
537 5652 824 5721 ἑτοιμάσαι
869 5650 1014 5721 αυτῷ
1062 5651 1186 5704 λαὸν
1249 5652 1773 5720 κατεσκευασμένον.
1834 5672 1851 5702 ι

357 5860 396 5890 ι’
423 5857 578 5911 Joan.
608 5871 728 5924 vni,
750 5855 839 5912 9.3.

917 5856 961 5887 ⁸ο
988 5855 1141 5911 Juan.
1187 5873 1224 5920 ι,
1256 5857 1309 5910 6-
1332 5857 1383 5912 9.
1461 5859 1501 5890 ⁸¹
1535 5857 1687 5912 Joan.
1719 5873 1767 5923 ν,
1794 5859 1998 5921 55,51.

1967 4708 2216 4775 superior
2247 4716 2329 4759 est
2357 4705 2639 4767 Servator,
2673 4720 2776 4757 non
2805 4704 2970 4772 igitur
2995 4703 3242 4773 :equalis,
3266 4705 3358 4757 sed
3378 4705 3555 4771 major

1963 4814 2180 4867 semper
2202 4807 2255 4851 et
2281 4798 2511 4863 dignior.
2546 4796 2644 4861 Qui
2681 4811 2807 4849 vero
2843 4796 2916 4849 ita
2956 4811 3014 4847 sc
3042 4795 3223 4859 habet,
3257 4810 3366 4863 quo
3393 4806 3552 4862 pacto

1963 4890 2395 4958 promovebitur,
2421 4897 2511 4940 aut
2540 4888 2607 4940 ad
2637 4887 2798 4956 quale
2836 4887 3010 4956 majus
3039 4887 3344 4942 evchetur?

2651 5078 2882 5135 ALIUD.

2038 5197 2235 5252 Beatus
2287 5194 2622 5259 Zacharias,
2682 5194 2856 5247 sancti
2925 5190 3180 5260 Baptista:
3244 5192 3538 5246 secundum

1967 5306 2185 5343 carnem
2225 5298 2396 5357 pater,
2427 5301 2549 5340 cum
2577 5287 2874 5354 gratiarqu
2922 5286 3188 5338 actionem
3218 5297 3314 5350 pro
3359 5298 3424 5335 eo
3469 5281 3547 5334 of—

1971 5381 2166 5442 ferret,
2225 5379 2488 5447 ejusmodi
2520 5391 2704 5432 vocem
2743 5377 3058 5445 prophetico
3089 5374 3280 5444 spiritu
3333 5375 3546 5443 plenam

1965 5475 2134 5527 edidit
2169 5491 2182 5526 :
2222 5491 2240 5523 ι
2274 5473 2339 5525 Et
2369 5482 2446 5533 tu,
2471 5486 2623 5538 puer,
2653 5469 2913 5538 propheta
2930 5467 3194 5521 Altissimi
3225 5466 3504 5519 vocaberis
3533 5486 3544 5516 ;

1969 5564 2183 5632 praeibis
2214 5564 2356 5616 enim
2398 5571 2523 5613 ante
2559 5562 2754 5614 faciem
2810 5559 3020 5613 Domini
3060 5558 3125 5610 ad
3165 5559 3464 5624 parandum
3501 5557 3546 5607 ei

1967 5655 2221 5724 pOpulum
2256 5654 2671 5708 instructum".
2707 5672 2724 5704 ι
2775 5653 2890 5720 Ipse
2936 5652 3101 5706 etiam
3147 5664 3174 5702 a
3219 5647 3419 5704 Judaeis
3465 5648 3539 5701 in-

2078 5861 2120 5890 "
2157 5859 2286 5914 Luc.
2324 5874 2360 5926 ι,
2391 5859 2474 5911 7G.
