4048 6444
497 432 596 489 187

1513 411 1569 466 8.
1608 402 1895 465 ῦιιιιιιι
1926 396 2394 457 ALEXANDle
2432 390 2753 452 ARCHIEP.

3627 382 3726 437 168

493 544 796 610 terrogatus
822 534 1082 605 quisnam
1100 538 1281 588 esset:
1328 547 1347 582 ι
1399 529 1532 600 Ego,
1563 528 1765 599 inquit,
1790 540 1908 581 sum
1950 538 2051 579 vos

2174 520 2261 574 [αὶ
2294 518 2456 581 αὑτὸς
2490 516 2546 571 δέ
2586 531 2691 569 που
2718 509 2867 582 παρά
2894 506 3003 562 τῶν
3045 505 3312 561 Ἰουδαίων
3343 502 3404 556 τδ
3436 503 3518 567 τίς
3546 501 3615 556 ἀν
3640 505 3726 573 εἴη

492 630 773 687 clamantis
798 628 851 699 in
873 626 1091 681 deserto
1118 642 1134 680 :
1171 622 1480 696 Prmparate
1507 620 1647 675 viam
1678 615 1897 672 Domini
1930 614 2000 668 ⁸³.
2033 631 2052 664 ι

493 720 665 777 Dicito
695 718 857 788 igitur
886 714 1042 777 nobis
1071 713 1163 782 qui
1187 711 1433 780 imperite
1463 709 1743 764 Christum
1771 704 2059 775 aliquando

498 808 922 879 promerendum
995 804 1336 876 opinamini,
1401 810 1459 856 et
1518 798 1744 855 Joannis
1805 797 2057 851 virtutem

493 903 711 957 vixdum
740 901 792 954 in
831 898 1019 954 futuro
1040 895 1238 953 saculo
1268 901 1667 964 superaturum,
1697 892 1911 959 quando
1935 901 2061 957 pro-

495 994 657 1058 pheta
681 988 939 1046 Altissimi
970 1003 1089 1043 non
1108 985 1305 1043 merito
1333 984 1511 1040 minor
1538 982 1748 1039 censeri
1777 977 2063 1035 debuerit?

494 1082 719 1148 Quaado
772 1094 903 1134 vero
949 1092 1126 1148 praeco
1186 1084 1241 1131 et
1288 1089 1633 1146 praecursor,
1660 1072 1876 1141 quique
1915 1068 2058 1125 servi

494 1170 669 1226 ofﬁcio
695 1170 954 1239 fungitur,
996 1165 1219 1236 aqualis
1241 1166 1510 1220 habeatur
1541 1164 1589 1218 ei
1614 1163 1708 1233 qui
1737 1159 2061 1216 naturaliter

501 1262 754 1316 Dominus
810 1258 926 1315 est?
977 1257 1149 1325 Quam
1189 1257 1404 1327 quidem
1463 1270 1574 1311 rem
1626 1254 1884 1309 omnibus
1930 1251 2063 1307 satis

498 1352 766 1422 cognitam
796 1364 917 1405 esse
955 1348 1211 1402 arbitror.
1240 1346 1518 1413 Quomodo
1542 1345 1707 1413 igitur
1729 1343 1819 1413 qui
1849 1354 2063 1409 semper

500 1443 671 1511 major
703 1439 826 1506 fuit,
868 1448 1166 1507 temporum
1202 1437 1510 1499 evolutione
1548 1435 1666 1491 talis
1690 1434 1799 1500 lict,
1838 1433 1884 1487 si
1909 1430 2064 1487 Chri-

500 1542 616 1586 stus
670 1539 924 1598 tanquam
980 1528 1194 1583 iuturus
1231 1526 1407 1595 major
1454 1522 1659 1580 Joanne
1705 1525 1942 1593 Baptista
1993 1525 2063 1577 ita

501 1624 576 1677 ait
629 1636 643 1676 :
701 1639 719 1672 ι
770 1619 943 1676 liuor
1002 1618 1055 1673 in
1137 1631 1305 1687 regno
1362 1615 1619 1673 caelorum
1702 1618 1876 1687 major
1949 1615 2064 1684 ipso

500 1712 606 1765 erit
639 1709 723 1764 "i
761 1728 781 1763 ι

2157 608 2594 681 διερωτώμενος·
2632 622 2651 655 ι
2701 600 2843 667 Ἐγὼ
2868 598 3017 670 φωνὴ
3052 597 3281 668 βοιῖιντος
3322 596 3379 648 ἓν
3408 596 3472 664 τῇ
3515 592 3727 663 ιρήμφν

2159 700 2322 770 φησίν
2340 716 2354 729 ·
2418 696 2771 765 Ἑτοιμάσατε
2799 693 2899 761 τὴν
2930 689 3046 743 όδδν
3073 686 3300 757 Κυρίου.
3336 702 3355 735 ι
3391 683 3591 755 Δέγετε
3620 682 3729 734 τοί-

2158 808 2253 844 νυν
2291 791 2421 860 ἡμῖν
2449 789 2499 841 οι
2535 782 2941 857 προϐεϐλῆσθαί
2974 796 3104 834 ποτε
3138 778 3229 831 τὸν
3268 777 3502 848 Χριστὸν
3532 773 3625 827 ἀπὶ
3666 771 3731 825 τὸ

2163 881 2345 952 μεῖζον
2390 876 2614 949 ἀμαθῶς
2644 874 3061 935 ὑποπτεύοντες,
3111 870 3205 923 καὶ
3248 868 3311 921 τὸ
3353 867 3595 921 Ἰωάννου
3632 862 3732 933 μέ-

2158 988 2287 1042 τρον
2320 967 2704 1040 ὑπεραλεῖσθαι
2737 967 2890 1037 μόλις
2922 968 2981 1018 ιν
3021 966 3084 1034 τῇ
3132 959 3378 1031 βασιλείᾳ
3416 958 3526 1011 τῶν
3562 956 3732 1024 οὐρα-

2160 1064 2287 1126 νῶν,
2335 1063 2465 1115 πότε
2494 1060 2587 1113 τοῦ
2638 1058 2894 1127 Ὑψίστου
2943 1055 3227 1126 προφήτης
3263 1052 3361 1105 οὐκ
3399 1050 3467 1104 ἄν
3496 1049 3733 1103 ἐλάττων

2161 1156 2334 1209 νοοῖτο
2354 1153 2579 1215 δικαίως
2602 1169 2616 1215 ;
2649 1150 2786 1204 Πότε
2808 1149 2865 1203 δὲ
2911 1150 2939 1201 ό
2963 1145 3139 1218 κήρυξ
3166 1145 3259 1199 καὶ
3287 1143 3589 1213 πρόδρομος
3636 1138 3733 1193 καὶ

2160 1242 2259 1313 τὴν
2285 1243 2470 1313 οἰκέτῃ
2510 1238 2826 1311 πρέπουσαν
2860 1236 3129 1290 διακονίαν
3175 1231 3525 1303 ἀποπληρῶν,
3560 1231 3641 1292 είς
3670 1228 3734 1281 τὸ

2164 1336 2277 1387 ῐσον
2308 1332 2582 1387 ἀναϐαίνει
2613 1333 2807 1402 μέτρον
2837 1329 2913 1398 τῷ
2944 1328 3082 1381 κατά
3110 1326 3271 1395 φύσιν
3303 1322 3525 1394 Κυρίῳς
3568 1319 3730 1381 Ἀλλ’,

2160 1421 2335 1496 οἶμαι,
2382 1424 2548 1477 πᾶσίν
2588 1424 2735 1475 ἐστιν
2763 1424 2792 1474 ό
2836 1421 2990 1488 λόγος
3033 1416 3378 1478 εὐσύνοπτος.
3422 1412 3548 1475 Πῶς
3582 1406 3677 1465 οὖν
3706 1409 3736 1461 ὁ

2165 1517 2367 1589 μείζων
2392 1516 2499 1579 ἀεὶ,
2527 1513 2685 1567 τοῦτο
2705 1512 2855 1566 ἔσται
2890 1510 3029 1563 κατά
3052 1508 3295 1579 καιροὺς,
3318 1504 3476 1576 εἴπερ
3507 1503 3582 1565 ὼς
3611 1501 3734 1554 ἰσό-

490 1904 605 1968 Ρίσ
645 1909 802 1965 totius
838 1907 1027 1974 capitis
1084 1905 1387 1974 explicatio,
1440 1919 1650 1974 sensum
1695 1904 1801 1958 sine
1846 1887 2060 1969 scopam

2175 1904 2488 1973 ἘἘήγησις
2518 1888 2777 1969 εὐσεϐὴς
2816 1896 3099 1974 (novam?
3132 1892 3483 1974 apazlalov,
3520 1889 3630 1970 te!
3666 1888 3739 1940 ἐν

851 1972 998 2031 illius
1030 1972 1159 2029 dicti
1189 1984 1434 2028 accurate
1457 1972 1751 2027 declarans.

572 2090 708 2145 Cum
755 2087 866 2157 jam
918 2085 1052 2142 satis
1105 2100 1203 2153 pro
1256 2098 1373 2138 meo
1420 2082 1733 2145 intellectu,
1777 2081 2064 2151 proposita

504 2177 823 2250 quaestionis
843 2175 1109 2231 rationem
1130 2172 1587 2243 investigaverim,
1620 2170 1772 2240 101
1804 2170 2067 2241 singulas-

504 2283 608 2337 que
638 2266 754 2338 ejus
789 2275 971 2336 partes
990 2271 1249 2317 accurate
1298 2261 1675 2330 pertractarim
1705 2299 1720 2323 ,
1766 2269 1821 2314 et
1870 2262 2067 2314 adver-

502 2357 770 2413 sariorum
812 2353 1097 2424 opiniones
1144 2361 1201 2406 ut
1240 2351 1406 2405 falsas
1446 2348 1725 2404 refutarim
1752 2388 1768 2414 ,
1820 2358 2067 2417 superest

506 2458 565 2503 ut
630 2461 815 2501 verum
877 2443 1036 2511 hujus
1092 2442 1219 2496 dicti
1266 2456 1483 2497 sensum
1533 2438 1815 2510 explicem.
1884 2437 2067 2511 Neque

504 2541 649 2595 enim
684 2538 920 2593 arbitror
950 2534 1194 2590 suiﬁcere
1219 2575 1234 2597 ,
1283 2543 1344 2588 ut
1373 2546 1466 2589 eos
1498 2533 1588 2602 qui
1640 2531 1777 2585 male
1826 2531 2069 2586 sentiunt

506 2634 828 2702 (statuentes
884 2627 1137 2682 nimirum
1196 2626 1470 2680 Christum
1530 2624 1760 2692 quodam
1825 2630 2069 2692 tempore

510 2721 769 2790 majorem
798 2716 1005 2772 Joanne
1042 2714 1327 2782 futurum),
1356 2714 1813 2783 reprehendamus
1835 2752 1851 2777 ,
1882 2725 2067 2765 verum

508 2808 671 2862 etiam
697 2802 1057 2860 necessarium
1082 2816 1214 2856 esse
1269 2812 1347 2867 ut,
1383 2802 1543 2855 allata
1576 2802 1628 2855 in
1673 2800 1907 2855 medium
1941 2812 2067 2853 vera

507 2898 796 2963 sententia,
824 2894 1153 2964 intelligatur
1201 2908 1307 2949 non
1352 2902 1553 2947 temere
1586 2906 1682 2946 nos
1728 2892 1795 2946 ad
1838 2904 1931 2947 eos
1984 2906 2070 2946 re-

508 2988 916 3060 prehendendos
974 2983 1289 3039 accessisse.
1364 2983 1475 3051 Age
1521 2981 1682 3051 igitur
1730 2990 1890 3034 totam
1955 2996 2068 3036 rem

508 3081 685 3135 denuo
714 3078 1021 3140 recitemus,
1073 3083 1342 3128 eteorum
1402 3086 1524 3141 qua:
1583 3086 1611 3124 a
1658 3070 1874 3125 Christo
1928 3070 2069 3124 dicta

508 3180 633 3229 sunt
655 3183 872 3225 causam
896 3167 1132 3222 breviter
1164 3171 1505 3219 recensentes
1532 3201 1549 3227 ,
1596 3160 1886 3217 doceamus
1919 3160 2069 3214 audi-

512 3276 695 3329 tores,
755 3262 1007 3333 quisnam
1055 3259 1127 3314 sit
1154 3257 1311 3327 hujus
1368 3255 1494 3310 dicti
1539 3269 1752 3323 scopus.
1807 3251 2067 3319 Quocirca
2098 3244 2139 3302 C

511 3359 659 3425 (nam
688 3355 811 3410 inde
830 3352 1041 3408 initium
1068 3349 1359 3412 iaciemus,
1377 3362 1498 3402 cum
1518 3347 1569 3401 in
1597 3360 1817 3401 carcere
1838 3344 2072 3401 Joannes

514 3444 773 3500 miracula
800 3440 1003 3498 Christi
1044 3438 1381 3501 audivisset,
1430 3435 1609 3491 missis
1661 3434 1869 3488 duobus
1910 3432 2071 3487 disci-

458 3562 459 3565 η
512 3535 652 3602 pulis
680 3534 792 3589 suis
834 3532 972 3586 dixit
1019 3530 1062 3586 ei
1100 3544 1113 3577 τ
1152 3547 1172 3580 ι
1214 3526 1295 3583 Tu
1349 3542 1410 3581 es
1456 3526 1546 3595 qui
1602 3533 1859 3580 venturus
1884 3538 1963 3590 es,
2002 3538 2071 3577 an

520 3628 683 3681 alium
719 3621 1135 3694 exspectamus?
1167 3638 1186 3671 ι
1218 3618 1298 3673 Ad
1334 3619 1435 3673 hoc
1472 3616 1718 3672 Christus
1750 3615 2024 3687 respondit
2054 3631 2067 3667 :

518 3738 538 3771 ι
568 3717 766 3772 Euntes
798 3716 959 3769 dicite
986 3712 1176 3768 Joanni
1208 3725 1326 3782 qua
1357 3708 1584 3765 audistis
1607 3717 1663 3764 et
1684 3708 1895 3762 vidistis
1939 3708 2005 3771 ",,
2044 3726 2064 3759 ι

513 3818 567 3863 et
600 3807 859 3878 praeclara
897 3802 1152 3859 miracula
1182 3803 1275 3856 abs
1306 3815 1365 3856 sc
1408 3800 1551 3855 edita
1580 3808 1882 3854 enumerat.
1938 3798 2071 3853 Cum

515 3914 645 3953 vero
670 3895 914 3965 discipuli
960 3894 1026 3948 ad
1061 3892 1325 3947 Joannem
1376 3890 1684 3965 rediisseut,
1722 3888 1969 3943 Christus
1998 3890 2071 3942 ita

518 3991 586 4045 ad
633 3987 1013 4043 circumfusam
1066 3983 1397 4053 Judaeorum
1436 3962 1647 4036 titrbam
1694 3980 1903 4035 locutus
1946 3992 2071 4035 est:

523 4100 543 4132 ι
583 4079 719 4146 Quid
784 4077 973 4132 existis
1022 4077 1074 4129 iu
1138 4075 1410 4128 desertum
1462 4071 1644 4126 videre
1677 4111 1691 4137 ,
1756 4072 2075 4126 arundinem

516 4182 679 4226 vento
714 4168 1012 4241 agitatam?
1042 4182 1109 4220 an
1142 4166 1414 4221 hominem
1449 4164 1699 4218 mollibus
1740 4163 2077 4217 vestimentis

518 4264 761 4318 indutum
784 4259 807 4313 ?
829 4275 895 4313 an
922 4255 1277 4329 prophetam?
1323 4264 1469 4310 certe
1511 4254 1634 4309 dico
1663 4254 1814 4309 vobis
1871 4263 1924 4309 et
1958 4254 2077 4323 plus

520 4369 679 4423 quam
724 4352 1064 4421 prophetam.
1103 4348 1200 4402 llic
1239 4347 1382 4402 enim
1434 4354 1515 4401 est
1564 4346 1632 4402 de
1679 4360 1785 4415 quo
1818 4349 2075 4417 scriptum

520 4456 603 4501 est
634 4460 647 4498 :
684 4443 821 4497 Ecce
853 4455 951 4509 ego
986 4440 1191 4492 mittam
1223 4437 1466 4506 angelum
1508 4451 1684 4490 meum
1716 4448 1843 4493 ante
1884 4438 2076 4491 faciem

2233 1964 2658 2042 ré'osaaﬁrjpatt
2686 1964 2923 2025 dicitur
2945 1964 3392 2038 ,ἀπογυμνοῦσα
3418 1964 3663 2032 reprim.

2250 2086 2649 2158 Ἑξαρκούντως
2677 2084 2778 2156 ήδη
2805 2082 2946 2136 κατά
2973 2097 3038 2151 γε
3070 2080 3162 2132 τὸν
3196 2077 3461 2149 ήμέτερον
3481 2072 3607 2127 νοῦν
3643 2072 3741 2125 τὸν

2166 2179 2223 2231 ἀν
2252 2180 2361 2253 τοῖς
2385 2174 2711 2246 προλαὸοὖσι
2739 2171 3125 2244 βασανίσαντες
3144 2168 3320 2236 λόγον,
3347 2166 3440 2221 καὶ
3468 2164 3579 2218 τῶν
3602 2162 3741 2217 θεω-

2170 2270 2426 2341 ρημάτων
2458 2268 2684 2321 ἱκαστον
2714 2264 2853 2335 μετά
2888 2265 2986 2333 τῆς
3024 2262 3249 2331 δεούσης
3279 2257 3563 2330 ἀκριϐείας
3600 2255 3742 2308 διευ-

2167 2360 2552 2431 κρινησάμενοι
2613 2358 2703 2410 τόν
2734 2373 2791 2408 τε
2830 2354 2939 2408 τῶν
2966 2353 3033 2406 δι’
3075 2351 3319 2413 ἐναντίας
3366 2350 3440 2413 ὡς
3482 2348 3583 2400 οὐκ
3625 2344 3741 2414 ἔχοι

2168 2451 2345 2513 καλῶς
2368 2446 2741 2517 διελέγξαντες
2774 2444 2992 2505 σκοπὸν,
3024 2444 3109 2495 ἐπ’
3130 2440 3268 2495 αύτά
3302 2438 3365 2509 δὴ
3389 2436 3576 2491 λοιπὸν
3600 2435 3741 2488 ἱέναι

2170 2544 2465 2613 προσήκειν
2506 2540 2867 2609 ἐνενοήσαμεν
2907 2536 2977 2589 τὰ
3008 2534 3067 2599 ἐξ
3103 2532 3354 2603 ἀληθείας
3408 2528 3743 2599 θεωρήματα

2170 2635 2263 2687 καὶ
2314 2632 2413 2703 τὴν
2445 2633 2503 2684 έν
2535 2632 2613 2703 τῷ
2665 2628 3009 2699 παροισθέντι
3048 2623 3195 2697 ρητῷ
3228 2620 3574 2676 διαπτύσσειν
3621 2617 3744 2671 διά-

2170 2739 2337 2777 νοιαν.
2371 2722 2444 2776 Οὐ
2472 2720 2580 2791 γάρ
2602 2715 2754 2789 οἶμαι
2785 2718 2914 2781 δεῖν,
2946 2715 3021 2779 ὡς
3048 2715 3147 2767 οὐκ
3178 2714 3376 2783 ἄριστα
3403 2707 3603 2771 νοοῦσι,
3644 2707 3743 2776 μό-

2170 2832 2258 2869 νον
2289 2813 2545 2881 ἐπιτιμᾷν
2574 2813 2683 2873 τοῖς
2705 2811 2784 2862 ὅτι
2813 2806 3013 2879 μείζων
3044 2805 3195 2858 ἔσται
3224 2801 3455 2874 Χριστὸς
3488 2800 3739 2853 Ἰωάννου

2170 2905 2310 2959 κατά
2326 2921 2444 2956 τινα
2463 2904 2650 2973 χρόνον
2674 2900 3021 2970 διειληφόσιν,
3046 2896 3178 2950 ἀλλὰ
3198 2895 3290 2949 καὶ
3316 2894 3452 2963 αὐτῇ
3473 2894 3539 2962 τῇ
3561 2907 3742 2961 παρα-

2172 2999 2317 3051 θέσει
2358 2996 2466 3049 τῶν
2515 2994 2888 3065 ἀληθεστέρων
2936 2990 3151 3045 ὲννοιῶν
3203 2984 3604 3057 ἀποκρούεσθαι
3661 2979 3742 3053 τῷ

2176 3088 2248 3158 μὴ
2280 3088 2456 3141 δοκεῖν
2506 3086 2566 3138 οὐ
2610 3078 3236 3152 δεόντως’ὲπισκήπτειν
3265 3080 3465 3140 αὐτοῖς.
3498 3074 3632 3145 Φέρε
3674 3073 3741 3144 δὴ

2172 3173 2265 3228 οὖν
2297 3176 2380 3227 ἐπ’
2415 3173 2544 3227 αὐτὸ
2587 3172 2772 3226 λοιπὸν
2807 3171 2973 3241 ῐωμεν
3018 3170 3077 3223 τὸ
3113 3169 3465 3237 ἀνάγνωσμα,
3507 3164 3602 3217 καὶ
3632 3163 3742 3216 τῶν

2174 3263 2477 3334 εἰρημένων
2528 3262 2677 3333 παρά
2728 3259 2823 3313 τοῦ
2862 3260 3111 3331 Σωτῆρος
3164 3258 3320 3327 ἡμῶν
3359 3253 3596 3327 Χριστοῦ
3643 3253 3743 3324 τὴν

2174 3344 2351 3408 αἰτίαν
2398 3352 2974 3422 ἀνακεφαλαιούμενοι,
3022 3353 3147 3413 τοὺς
3176 3342 3571 3420 ἀκροωμένους
3600 3346 3745 3399 διδά-

2175 3463 2413 3517 σκωμεν,
2446 3447 2529 3508 τίς
2560 3445 2627 3498 ἂν
2657 3444 2740 3516 εἴη
2772 3444 2955 3497 λοιπὸν
2977 3444 3003 3495 ὁ
3040 3442 3133 3495 τοῦ
3158 3442 3315 3510 λόγου
3341 3441 3558 3503 σκοπός.
3592 3440 3742 3492 Ούκ-

2173 3535 2286 3601 οὖν,
2336 3534 2583 3588 ἐντεῦθεν
2632 3533 2739 3602 γὰρ
2785 3533 2884 3603 ήδη
2939 3533 3033 3601 τὴν
3088 3530 3261 3601 ἀρχὴν
3316 3527 3673 3598 ποιησόμεθα,
3714 3529 3743 3579 ό

2187 3629 2437 3697 Ἰωάννης
2468 3630 2525 3680 ὲν
2572 3628 2648 3697 τῷ
2695 3618 3048 3695 δεσμωτηρίῳ
3094 3622 3331 3687 ἀκούσας
3362 3621 3429 3675 τά
3467 3620 3605 3691 ἔργα
3644 3618 3740 3671 τοῦ

2174 3718 2443 3788 Χριστοῦ,
2492 3713 2714 3786 πέμψας
2773 3715 2865 3768 δύο
2915 3715 3021 3767 τῶν
3071 3714 3328 3785 μαθητῶν
3383 3712 3546 3766 αὐτοῦ
3590 3707 3743 3765 εἶπεν

2174 3810 2322 3882 αὑτῷ
2340 3825 2352 3837 ’
2384 3830 2401 3862 ι
2430 3810 2502 3862 Σὺ
2527 3806 2573 3861 εἷ
2602 3810 2629 3861 ό
2654 3808 2965 3878 ἐρχόμενος,
2993 3807 3024 3877 ἢ
3055 3806 3240 3876 ἕτερον
3268 3804 3691 3876 προσδοκῶμεν;
3717 3821 3735 3853 ι

2177 3902 2319 3973 Πρὸς
2351 3899 2778 3970 ταῦτα-Χριστὸς
2812 3897 3139 3967 ἀπεκρίνατο
3160 3914 3172 3927 ·
3214 3914 3233 3948 ι
3268 3895 3628 3967 Πορευθέντες
3661 3891 3743 3946 εῖ-

2179 4009 2316 4045 πατε
2358 3991 2579 4063 Ἰωάννῃ
2621 3991 2656 4044 ἃ
2691 3990 2958 4060 ἠκούσατε
3006 3990 3096 4043 καὶ
3125 3988 3371 4058 βλέπετε,
3432 4006 3450 4037 ι
3504 3988 3597 4041 καὶ
3644 3986 3745 4057 τὴν

2178 4083 2285 4136 τῶν
2328 4082 2567 4154 σημείων
2615 4081 2902 4149 καταλέγει
2954 4079 3373 4151 μεγαλουργίαν.
3428 4079 3643 4150 Ἐπειδὴ
3686 4080 3745 4131 δὲ

2179 4171 2314 4241 πρὸς
2351 4175 2442 4225 τὸν
2491 4171 2758 4242 μακάριον
2799 4171 3107 4242 Βαπτιστὴν
3158 4170 3320 4223 πάλιν
3362 4170 3747 4242 ἀνεκομίζοντο

2179 4267 2227 4317 οί
2256 4265 2512 4336 μαθηταὶ,
2544 4241 2690 4332 λέγει
2720 4263 2851 4334 πρὸς
2881 4263 2977 4332 τὴν
3010 4262 3376 4333 περιεστῶσαν
3403 4241 3610 4333 πληθύν
3638 4262 3747 4316 τῶν

2195 4356 2453 4409 Ἰουδαίων
2499 4358 2527 4408 ὁ
2564 4356 2783 4425 Σωτήρ*
2836 4374 2853 4405 ι
2887 4354 2950 4406 Τί
2980 4352 3235 4424 ἐξήλθετε
3266 4356 3345 4417 εἰς
3397 4354 3494 4424 τήν
3539 4352 3748 4424 ἔρημον

2186 4447 2330 4511 ἰδεῖν,
2379 4445 2621 4516 κάλαμον
2672 4445 2775 4498 ὑπὸ
2828 4444 3027 4514 ἀνέμου
3079 4445 3470 4514 σαλευόμενονς
3520 4443 3637 4497 ἀλλ’
3690 4445 3749 4497 ἐν

525 4549 693 4602 tuam,
754 4535 843 4604 qui
903 4532 1225 4602 prmparabit
1273 4531 1411 4584 viam
1473 4540 1615 4584 tuam
1667 4538 1791 4582 ante
1842 4538 1892 4582 te
1921 4528 1985 4581 “.
2056 4546 2071 4579 ι

2188 4538 2447 4607 μαλακοῖς
2473 4538 2487 4589 ί
2497 4537 2702 4606 ματίοις
2722 4537 3003 4607 ἄνθρωπον
3023 4536 3423 4607 ὴμφιεσμένον;
3450 4534 3581 4589 ἀλλά
3610 4553 3750 4607 προ-⁸

525 4630 725 4683 Deinde
756 4627 903 4680 addit
933 4624 984 4678 id
1017 4623 1156 4693 quod
1183 4624 1546 4691 interrogatur
1574 4638 1586 4674 :
1622 4640 1641 4672 ι
1675 4622 1842 4676 Amen
1864 4661 1878 4686 ,
1923 4636 2071 4677 amen

2185 4630 2361 4699 φήτην
2381 4630 2529 4703 ;.7Ναὶ
2559 4628 2700 4695 λέγω
2733 4629 2858 4697 ὑμῖν
2889 4628 2981 4681 καὶ
3018 4629 3397 4699 περισσότερον
3430 4627 3736 4698 προφήτου.

523 4723 646 4777 dico
702 4718 875 4781 vobis,
922 4730 1028 4770 non
1072 4715 1307 4769 surrexit
1362 4715 1504 4769 inter
1546 4725 1700 4770 natos
1741 4714 2025 4769 mulierum
2064 4752 2079 4777 ,

524 4814 693 4882 major
725 4810 931 4864 Joanne
960 4806 1227 4875 Baptista,
1281 4810 1373 4860 sed
1411 4808 1585 4861 minor
1618 4807 1673 4860 in
1712 4820 1875 4876 regno
1916 4808 2083 4860 coelo-

525 4920 641 4959 rum
678 4902 845 4969 major
883 4902 995 4968 ipso
1026 4908 1109 4952 cst
1150 4898 1219 4950 ".
1257 4916 1275 4949 ι
1325 4898 1509 4968 Neque
1538 4899 1624 4952 hic
1679 4898 1839 4952 linem
1884 4898 2080 4952 verbo-

526 5013 639 5051 rum
672 4994 823 5047 fecit.
858 4991 1017 5045 Addit
1047 4990 1190 5045 enim
1228 4991 1409 5043 statim
1448 5006 1463 5043 :
1503 5008 1521 5041 ι
1578 4990 1621 5042 Α
1667 4990 1859 5045 diebus
1901 5000 2077 5043 autem

529 5086 747 5143 Joannis
775 5098 945 5152 usque
978 5098 1122 5137 nunc
1145 5096 1366 5151 regnum
1403 5080 1660 5134 emlorum
1707 5082 1813 5135 vim
1859 5082 2080 5150 patitur,

526 5185 579 5229 ct
609 5174 830 5229 violenti
858 5173 1068 5242 rapiunt
1099 5172 1226 5226 illud
1254 5171 1326 5225 ³⁸.
1354 5189 1373 5223 ι
1406 5171 1581 5241 Atque
1625 5172 1738 5227 limo
1759 5173 1977 5242 quidem
2003 5183 2085 5227 est

530 5269 692 5323 totius
721 5267 915 5334 capitis
945 5279 1173 5319 summa.
1208 5264 1358 5319 Nunc
1386 5279 1516 5319 vero
1546 5274 1756 5334 oportet
1788 5275 1845 5320 ut
1872 5266 2078 5335 singula

528 5360 908 5425 percurrentes
952 5354 1216 5417 dicamus,
1264 5369 1422 5419 quam
1473 5355 1543 5410 ob
1598 5369 1812 5409 causam
1850 5353 2083 5411 Joannes

527 5447 767 5516 Baptista
802 5447 854 5500 in
887 5459 1158 5500 carcerem
1190 5445 1466 5514 coniectus
1498 5445 1699 5513 fuerit;
1734 5448 2084 5514 quamobrem

530 5540 691 5591 etiam
749 5551 846 5605 per
880 5534 1170 5604 discipulos
1206 5548 1333 5589 suos
1380 5534 1650 5590 Christum
1702 5536 2080 5605 iutcrrogarit,

533 5640 709 5683 utrum
742 5629 853 5698 ipse
880 5628 1098 5682 omnino
1133 5634 1277 5683 esset
1299 5628 1389 5697 qui
1422 5636 1679 5683 venturus
1705 5638 1859 5694 erat;
1891 5627 2086 5683 deinde

2186 4712 2351 4781 Οὗτος
2381 4719 2488 4788 γάρ
2526 4718 2639 4770 ἐστι
2669 4719 2794 4788 περ).
2816 4712 2877 4771 οὗ
2907 4718 3247 4789 γέγραπται·
3303 4717 3431 4770 Ἰδοὺ
3466 4716 3751 4771 ἀποστελῶ

2183 4810 2272 4863 τὸν
2301 4809 2529 4878 ἄγγελόν
2554 4826 2654 4878 μου
2675 4808 2781 4878 πρὸ
2811 4809 3101 4877 προσώπου
3128 4826 3240 4874 σου,
3268 4808 3326 4871 ὃς
3352 4809 3749 4861 κατασκευάσει

2184 4902 2279 4972 τὴν
2313 4901 2430 4954 ὀδόν
2464 4918 2555 4953 σου
2604 4899 2909 4971 ἔμπροσθέν
2952 4917 3066 4954 σου.
3119 4920 3137 4952 ι
3190 4897 3323 4955 Εἶτα
3374 4901 3510 4972 πρὸς
3541 4902 3752 4966 τούτοις

2185 4995 2319 5065 φησὶ
2351 4992 2706 5063 ζητούμενον·
2760 5009 2778 5042 ι
2831 4990 3020 5061 Ἀμὴν,
3074 4992 3221 5061 ἀμὴν
3255 4991 3401 5059 λέγω
3450 4992 3597 5061 ὑμῖν,
3650 4993 3753 5046 οὐκ

2184 5086 2481 5154 ἐγήγερται
2529 5085 2585 5135 ὲν
2631 5085 2905 5151 γεννητοῖς
2943 5082 3213 5150 γυναικῶν
3256 5083 3455 5153 μείζων
3504 5082 3752 5138 Ἰωάννου

2184 5174 2279 5229 τοῦ
2318 5173 2653 5228 Βαπτιστοῦ·
2695 5174 2723 5225 ὁ
2748 5172 2803 5225 δὲ
2844 5172 3162 5243 μικρότερος
3186 5175 3242 5227 ὲν
3268 5178 3333 5245 τῇ
3367 5174 3609 5246 βασιλείᾳ
3642 5173 3755 5228 τῶν

2184 5265 2450 5339 οὐρανῶν,
2481 5263 2679 5334 μείζων
2708 5264 2869 5317 αὐτοῦ
2904 5266 3041 5319 ἐστι.
3082 5283 3100 5316 ι
3139 5264 3242 5319 Καὶ
3269 5265 3327 5317 οὐ
3358 5265 3518 5335 μέχρι
3546 5265 3754 5321 τούτων

2184 5358 2213 5409 ὁ
2245 5356 2420 5424 λόγος.
2455 5353 2731 5425 Ἐπιφὲρει
2753 5354 2860 5426 γὰρ
2877 5354 3038 5417 εὐθύς
3057 5372 3070 5385 ·
3103 5371 3122 5406 t
3166 5354 3297 5407 Ἀπὸ
3319 5353 3376 5407 δὲ
3402 5353 3510 5406 τῶν
3530 5356 3754 5424 ἡμερῶν

2199 5448 2443 5501 Ἰωάννου
2476 5445 2570 5498 τοῦ
2612 5445 2915 5498 Βαπτιστοῦ
2967 5445 3073 5508 ἕως
3107 5445 3230 5516 ἄρτι
3273 5447 3305 5516 ἡ
3354 5444 3601 5515 βασιλεία
3644 5445 3757 5505 τῶν

2186 5538 2429 5608 οὐρανῶν
2466 5536 2728 5607 βιάζεται,
2762 5537 2856 5589 καὶ
2892 5536 3103 5606 βιασταὶ
3135 5537 3467 5608 ἁρπάζουσιν
3502 5536 3692 5606 αὑτήν.
3730 5556 3750 5589 s

2190 5630 2349 5682 Ὃλον
2380 5631 2436 5682 ἐν
2475 5627 2701 5696 τούτοις,
2734 5629 2806 5692 ὡς
2852 5630 2978 5692 ἔπος
3007 5629 3200 5692 εἰπεῖν,
3231 5628 3292 5681 τὸ
3334 5628 3629 5697 κεφάλαιον
3656 5628 3756 5699 τὴν

607 5780 655 5811 ⁸³
678 5780 808 5835 Luc.
843 5796 926 5847 ιιι,
953 5780 1023 5848 4;
1057 5778 1156 5837 lsa.
1184 5795 1272 5850 aL,
1298 5781 1352 5835 5.
1432 5782 1477 5814 ’δ
1503 5781 1632 5836 Luc.
1664 5798 1758 5849 vn,
1785 5784 1876 5837 28.
1954 5784 1999 5815 "
2024 5782 2067 5836 Μ

2178 5783 2501 5851 ι.κι,5,4.
2580 5782 2780 5840 "ibid.
2815 5782 2962 5837 7-10.
3041 5783 3361 5843 "lbith.
3443 5786 3753 5843 πωπω.
