4048 6472
292 420 375 475 Ιθῦ
1705 398 1858 457 Ύίιίίῖε

1974 402 2153 456 fliUS.

3460 391 3562 447 l70

291 532 657 603 συμπλήρωσιν
708 531 837 599 ἔχει.
891 527 1104 597 Χρῆναι
1144 526 1199 578 δὲ
1235 522 1385 596 οἶμαι
1430 526 1535 577 τῶν
1574 526 1858 595 νοημάτων

1972 523 2100 590 quid
2130 530 2299 575 eteur
2331 517 2381 571 id
2416 515 2669 571 Christus
2702 513 2877 568 turbis
2911 509 3277 581 responderit.
3326 508 3561 562 Praeter-

291 625 497 676 ἕκαστον
530 620 898 690 ἐπιδρομάδην
932 619 1223 684 διεξιόντας
1251 621 1447 681 εἰπεῖν,
1475 618 1557 680 τίς
1586 618 1684 687 μὲν
1710 617 1857 669 αἰτία

288 714 546 783 δεσμώτην
574 713 747 765 ἐποίει
774 712 863 765 τὸν
891 712 1043 779 ἆγιον
1081 711 1413 780 Βαπτιστὴν,
1456 713 1576 763 ὅτου
1607 710 1661 763 δὲ
1697 710 1857 780 χάριν

288 804 661 856 ἀνεπυνθάνετο
682 801 777 855 τοῦ
810 802 1047 873 Χριστοῦ
1081 801 1169 854 διὰ
1199 801 1307 853 τῶν
1332 802 1546 854 οἰκείων
1570 800 1852 871 μαθητῶν,

288 895 423 963 εἴπερ
454 894 532 962 εἴη
574 893 761 961 σαφῶς
792 892 952 955 αὐτὸς
985 895 1012 945 6
1040 892 1332 963 ἐρχόμενος
1356 907 1368 919 ·
1404 891 1496 943 καὶ
1528 891 1607 953 τίς
1635 891 1666 960 ἢ
1694 890 1853 942 πόθεν

287 986 462 1055 ήπρὸς
496 989 622 1050 τοὺς
666 987 858 1056 ὄχλους
904 986 1198 1055 ἀπόκρισις
1228 986 1419 1053 γέγονε
1456 984 1549 1037 τοῦ
1589 981 1851 1052 Χριστοῦ.

1966 629 2026 667 ea
2061 612 2188 684 quid
2235 611 2385 665 illum
2444 608 2677 663 moverit
2722 616 2780 658 ut
2829 606 3056 667 diceret,
3104 620 3206 655 non
3258 600 3563 654 surrexisse

1970 721 1998 760 e
2056 707 2196 758 natis
2254 703 2544 757 mulierum
2597 699 2856 766 majorem
2916 696 3125 751 Joanne
3182 694 3470 763 Baptista,
3511 701 3566 745 ct

1968 810 2148 852 tamen
2184 796 2443 865 majorem
2487 808 2550 848 eo
2611 807 2731 847 esse
2777 806 2901 845 cum
2944 792 3035 857 qui
3080 792 3135 841 in
3186 802 3352 856 regno
3394 784 3564 839 coelo-

1968 907 2087 945 rum
2143 890 2323 944 minor
2372 896 2535 942 esset.
2593 884 2975 939 Acecdendum
3034 882 3223 948 itaque
3280 878 3439 931 nobis
3493 876 3562 926 ad

1967 998 2154 1037 eorum
2187 997 2306 1052 qua:
2341 980 2616 1050 preposita
2652 986 2779 1031 sunt
2809 976 2963 1029 nobis
2987 972 3436 1040 explicationem.

288 1073 347 1130 Ἢ
375 1078 420 1129 τί
458 1080 514 1132 τὸ
544 1081 804 1142 πεπεικὺς
830 1080 903 1142 ὼς
948 1080 1275 1151 Ἐγήγερται
1319 1083 1417 1151 μὲν
1489 1079 1663 1140 οὐδεὶς
1719 1081 1775 1129 ἐν
1837 1082 2116 1147 γεννητοῖς
2168 1077 2442 1145 γυναικῶν
2504 1076 2706 1146 μείζων
2743 1074 2992 1125 Ἰωάννου
3065 1070 3265 1136 λέγειν,
3316 1061 3458 1118 εἷναί
3498 1078 3564 1129 γε

284 1172 378 1239 μὴν
409 1170 496 1224 τοῦ
535 1170 787 1223 τοσούτου
837 1170 1057 1238 μείζονα
1106 1171 1195 1224 τον
1242 1172 1300 1222 ἐν
1352 1173 1418 1241 τῇ
1482 1171 1730 1240 βασιλεία
1803 1170 1912 1223 τῶν
1952 1171 2201 1241 οὐρανῶν
2250 1168 2613 1239 μικρότερον;
2664 1164 2871 1218 ()ὖκοῦν
2924 1164 3009 1215 ἐπ’
3061 1160 3231 1229 αὐτὴν
3282 1159 3420 1210 ἰτέον
3464 1154 3563 1224 τὴν

282 1263 374 1314 τῶν
401 1262 765 1331 προτεθέντων
798 1263 1077 1331 ἐξήγησιν.

345 1352 781 1425 Παράδοξόντινα
814 1354 907 1406 καὶ
939 1354 1096 1422 ξένην
1130 1354 1488 1425 ἐπιτηδεύσας
1514 1358 1783 1412 πολιτείαν
1818 1364 1844 1413 ὁ

322 1449 532 1515 αγὰριος
568 1444 898 1517 Βαπτιστὴς,
931 1446 1022 1498 καὶ
1041 1445 1157 1513 βίον
1180 1449 1362 1518 τρίδον
1392 1450 1589 1515 ἐλάσας
1607 1453 1849 1522 ἁσυνὴοη

279 1541 381 1600 τοῖς
422 1539 594 1600 ἄλλοις
638 1541 731 1591 καὶ
772 1538 832 1589 οὐ
866 1541 976 1601 τοῖς
1012 1539 1235 1608 τυχοῦσι
1272 1541 1461 1611 βατὴν,
1512 1542 1855 1613 ἐθαυμάζετο

283 1629 391 1696 μὲν,
426 1630 514 1681 καὶ
547 1629 665 1683 λίαν
711 1628 955 1693 είκοτως,
992 1631 1139 1699 παρὰ
1188 1631 1294 1683 τῶν
1334 1617 1629 1687 Ἰουδαίωνῖ
1676 1636 1766 1688 τον
1800 1638 1855 1690 δὲ

279 1722 388 1772 ὅσον
413 1721 640 1784 οὐδέπω,
677 1720 877 1791 μᾶλλον
901 1721 956 1773 δὲ
988 1722 1087 1791 ἤδη
1119 1723 1383 1792 παρόντα,
1413 1726 1695 1796 κηρύττων
1730 1728 1854 1798 Χρισ

2032 1353 2192 1422 102
2221 1351 2416 1404 Beatus
2449 1348 2718 1416 Baptista,
2755 1347 3055 1401 inauditum
3081 1344 3351 1413 quoddam
3385 1354 3437 1397 et
3480 1345 3561 1398 in-

1953 1447 2207 1501 usitatum
2258 1444 2382 1495 vita:
2442 1456 2615 1511 genus
2646 1440 2892 1504 ducens,
2946 1439 3198 1507 quodque
3228 1437 3315 1489 alii
3357 1437 3557 1490 imitari

1956 1553 2060 1591 non
2108 1543 2368 1603 possent,
2435 1545 2685 1600 magnam
2744 1529 2942 1584 merito
2988 1529 3071 1582 sui
3131 1527 3560 1580 admirationem

1957 1630 2095 1697 apud
2124 1625 2339 1679 .lndaeos
2372 1624 2650 1688 excitavit,
2680 1630 2733 1674 et
2762 1622 3041 1675 Christum
3071 1621 3160 1689 qui
3196 1630 3406 1673 tantum
3452 1635 3556 1673 neu

1960 1722 2220 1785 venisset,
2251 1719 2493 1785 imojam
2520 1714 2852 1780 advenisset,
2893 1712 3221 1781 praadicans,
3271 1711 3555 1799 digitoqu:

282 1811 413 1873 στὸν,
452 1814 731 1883 μονονουχὶ
763 1814 854 1866 καὶ
887 1817 1045 1884 χεῖρα
1079 1816 1351 1885 προτείνει
1386 1818 1559 1886 λέγων
1582 1835 1597 1850 ·
1638 1841 1654 1871 ι
1692 1823 1797 1875 Ἴδε
1821 1820 1848 1872 ὁ

1970 1814 2110 1869 illum
2141 1819 2613 1873 commoustrans,
2668 1807 2743 1859 ait
2780 1828 2788 1861 :
2830 1823 2847 1855 ι
2897 1806 3036 1859 Ιίρορ
3067 1806 3252 1873 Agnus
3319 1802 3437 1866 Dei,
3469 1808 3558 1870 qui

289 1903 470 1973 Ἀμνδς
484 1904 575 1955 τοῦ
596 1902 749 1967 Θεοῦ,
773 1906 801 1957 6
828 1905 995 1974 αἴρων
1028 1905 1126 1975 τὴν
1157 1908 1431 1976 ἁμαρτίαν
1463 1910 1552 1963 τοῦ
1586 1911 1811 1981 κόσμου.
1831 1931 1847 1963 ι

291 1994 494 2065 Ἐπειδὴ
533 1995 589 2047 δὲ
636 1998 663 2047 6
698 1997 825 2065 παρ’
872 1994 1036 2048 αὑτοῦ
1095 1999 1545 2069 μαρτυρούμενος
1611 2003 1850 2073 Κύριος,

278 2084 440 2137 λιπεῖν
480 2085 654 2137 ἐδόκει
689 2086 787 2155 τὴν
833 2087 896 2138 ἐκ
941 2089 1107 2155 νόμον
1140 2089 1228 2141 διὰ
1276 2092 1521 2155 Μωσέως
1572 2094 1850 2164 λατρείαν,

278 2176 365 2244 τὴν
427 2176 788 2247 εὐαγγελικὴν
854 2178 968 2229 ἀντ’
1038 2181 1253 2249 ἐκείνης
1324 2184 1604 2237 πολιτείαν
1670 2187 1855 2255 εἰσφέ-

281 2286 411 2336 ρων,
450 2270 651 2338 μᾶλλον
686 2270 742 2321 δὲ
778 2270 845 2323 τὰ
900 2272 956 2322 ἐν
997 2271 1152 2341 τύπῳ
1202 2292 1299 2327 και
1348 2277 1474 2345 σκιᾷ
1510 2279 1855 2349 μεταρυθμί-

279 2358 376 2420 ξων
402 2362 476 2421 εἰς
506 2362 784 2431 ἀλήθειαν,
815 2363 915 2414 οὐκ
942 2362 1043 2426 ἔξω
1079 2367 1301 2435 μομφῆς
1323 2370 1353 2419 ’ὁ
1388 2370 1655 2438 μακάριος
1680 2371 1856 2425 ἔκειτο

280 2450 608 2522 ῐῖαπτιστὴς,
653 2454 747 2507 ἆτε
783 2454 847 2525 δὴ
888 2460 1205 2526 συνηγορεῖν
1276 2460 1744 2533 ἀναπεπεισμένος
1778 2465 1856 2533 τῷ

277 2542 367 2608 τὴν
396 2545 623 2613 νομικὴν
676 2546 1034 2615 ἀνατρέποντι
1093 2550 1391 2614 παίδευσιν,
1434 2553 1575 2605 κατά
1624 2571 1685 2619 γε
1731 2557 1856 2619 τοὺς

277 2632 373 2684 τῶν
416 2636 654 2704 ἀνοήτων
701 2635 913 2703 λόγους.
966 2638 1025 2689 Εἰ
1062 2638 1168 2708 γὰρ
1214 2635 1280 2709 ἦν
1319 2636 1472 2705 οὗτος
1508 2645 1657 2711 παρὰ
1696 2644 1853 2710 Θεοῦ,

278 2723 520 2792 ἔφασκον,
545 2730 571 2778 6
614 2728 922 2797 ἅνθρωπος,
956 2730 1055 2781 οὑκ
1091 2729 1155 2782 ἂν
1189 2731 1306 2781 ἕλυε
1347 2732 1407 2783 τὸ
1456 2734 1752 2788 Σάϐϐατον,
1793 2736 1857 2788 Τί

277 2811 360 2868 οὖν
398 2819 501 2888 ἄρα
550 2823 861 2889 μηχανᾶται
898 2821 1033 2890 πρὸς
1072 2821 1257 2885 τοῦτο;
1294 2823 1405 2887 Τὰς
1449 2825 1555 2878 τῶν
1590 2828 1858 2881 Ἰουδαίων

275 2907 333 2961 οὐ
363 2911 574 2973 παντως
606 2914 1067 2983 ἀποκρουόμενος,
1096 2913 1231 2977 ἀλλ’,
1264 2915 1327 2965 ἵν’
1355 2916 1526 2981 οὕτως
1557 2919 1714 2987 εἴπω,
1743 2922 1858 2974 δια-

278 3002 544 3071 χλευάζων
601 3008 846 3070 ἐννοίας,
907 3008 1286 3077 συναγορεύειν
1344 3013 1859 3083 προσποιεῖται,τῷ

277 3092 433 3163 νόμῳ,
468 3097 559 3147 καὶ
594 3097 908 3149 Μωσαῖκῶν
951 3098 1459 3168 ὑπεραγωνίζεσοαι
1502 3119 1831 3173 προςταγμα

1964 1903 2102 1959 tollit
2144 1910 2426 1970 peccatum
2462 1899 2645 1954 mundi
2678 1898 2745 1950 5°.
2791 1916 2806 1947 ι
2847 1896 2984 1949 Cum
3022 1910 3150 1949 vero
3184 1894 3468 1957 Dominus,
3498 1895 3563 1946 de

1963 2010 2071 2066 quo
2119 1992 2487 2048 testimonium
2554 1990 2909 2059 perhibuerat
2945 2029 2959 2053 ,
3012 1989 3229 2040 deserto
3296 1985 3444 2039 cultu
3493 1984 3568 2037 lc.-

1964 2087 2067 2157 gali
2104 2101 2197 2153 per
2226 2086 2407 2139 Mosen
2448 2083 2804 2153 "prmscripto,
2845 2081 2963 2135 loco
3014 2078 3156 2133 iilins
3186 2077 3560 2146 evangelicum

1967 2182 2133 2234 vitam
2179 2181 2487 2241 induceret,
2526 2188 2576 2231 et
2611 2190 2732 2245 qua:
2766 2176 2816 2228 in
2854 2183 2982 2244 typo
3025 2184 3189 2242 atque
3239 2175 3434 2225 umbra
3474 2173 3561 2224 in-

1964 2273 2145 2326 voluta
2196 2280 2394 2334 erant,
2441 2270 2507 2322 ad
2560 2268 2844 2321 veritatem
2897 2265 3254 2327 transferret,
3318 2262 3560 2332 Baptista

1968 2363 2447 2433 reprehensionem
2475 2360 2730 2423 incurrit,
2764 2358 2963 2427 quippe
2994 2358 3083 2426 qui
3119 2356 3565 2425 patrocinarctur

1966 2457 2070 2520 illi,
2116 2456 2206 2526 qui
2234 2455 2460 2524 legalem
2498 2455 2839 2515 doctrinam,
2885 2452 3038 2520 juxta
3071 2453 3311 2517 ipsorum
3350 2464 3561 2503 sermo-

1970 2563 2112 2613 nem,
2166 2556 2459 2601 everteret.
2499 2546 2555 2598 Si
2589 2548 2734 2598 enim
2801 2545 2965 2596 homo
2995 2543 3082 2595 hic
3126 2582 3140 2605 ,
3180 2542 3433 2596 dicebant
3462 2580 3476 2604 ,
3533 2556 3563 2591 a

1972 2641 2079 2693 Deo
2113 2647 2279 2702 esset,
2320 2638 2745 2705 haudquaquam
2805 2636 3135 2688 ὁμοσίτοισι
3162 2635 3464 2688 Sabbatum
3492 2632 3560 2683 ⁸ο.

1968 2730 2109 2795 Quid
2179 2730 2342 2797 igitur
2403 2728 2664 2782 adversus
2729 2726 2843 2780 lucc
2904 2726 3177 2795 excogitat
3238 2734 3293 2778 et
3347 2724 3567 2777 molitur

1968 2822 2250 2891 Baptista?
2284 2823 2596 2877 Jndaeorum
2616 2821 2927 2891 Opinionem
2956 2836 3059 2873 non
3086 2819 3242 2887 plane
3276 2818 3563 2889 rejieiens,

1969 2916 2087 2982 sed,
2118 2926 2175 2970 ut
2213 2918 2284 2969 ita
2340 2915 2559 2981 dicam,
2627 2915 2883 2975 irridens,
2920 2912 3281 2979 patrocinium
3326 2912 3460 2980 legis
3512 2925 3567 2963 et

1968 3009 2333 3064 Mosaicorum
2368 3018 2764 3078 praeceptorum
2791 2984 3284 3074 piopuguatiouem
3317 3001 3560 3057 simulat.

1972 3103 2106 3156 Cum
2168 3102 2313 3156 enim
2374 3111 2501 3155 tunc
2551 3100 2813 3168 temporis
2860 3100 3029 3152 variis
3083 3099 3258 3151 modis
3300 3098 3351 3151 in
3392 3096 3563 3166 legent

276 3202 392 3238 των.
426 3188 644 3239 Πολλῶν
676 3190 782 3257 γὰρ
812 3189 887 3260 τῷ
916 3190 1169 3259 τηνικάδε
1202 3190 1345 3243 κατά
1376 3193 1654 3257 ποικίλους
1688 3213 1858 3264 παρα-

1974 3203 2313 3263 peccaretur,
2347 3191 2520 3245 solum
2555 3190 2821 3244 llerodem
2862 3191 3293 3257 reprehensurus
3332 3190 3564 3252 accedit,

275 3278 575 3348 νομούντων
632 3282 901 3350 τρόπους,
957 3282 1207 3352 πρόσεισι
1262 3283 1424 3353 μόνον
1469 3282 1558 3337 τὸν
1615 3286 1862 3356 Ἡρώδην

274 3368 578 3442 διελέγχων,
627 3373 723 3424 καὶ
781 3373 1167 3455 ῥιψοκινδύνως
1224 3376 1353 3446 περὶ
1395 3376 1493 3446 τῆς
1537 3377 1862 3447 Ἡρωδιάδος

276 3461 432 3529 βοῶν·
472 3484 489 3514 ι
519 3466 634 3517 Οὐκ
683 3465 863 3529 ἒξεστί
905 3485 983 3519 σοι
1020 3468 1165 3537 ἔχειν
1217 3470 1421 3540 αὑτήν·
1459 3489 1475 3519 ι
1523 3471 1711 3523 οὐδένα
1756 3472 1863 3541 γαρ

273 3554 400 3618 ὅλως
425 3557 517 3609 τοῦ
558 3558 752 3611 παθεῖν
785 3560 1018 3613 ἐποιεῖτο
1048 3561 1227 3628 λόγον,
1258 3562 1417 3633 ἄχρις
1450 3563 1515 3615 ἂν
1544 3564 1691 3634 αὖτῷ
1722 3566 1865 3618 κατά

272 3644 357 3698 τὸν
390 3648 732 3717 προτεθέντα
762 3649 964 3701 σκοπὸν
992 3649 1175 3714 διεξίοι
1205 3650 1271 3702 τὰ
1299 3650 1617 3721 πράγματα.
1646 3649 1866 3719 Δεσμώ-

273 3753 364 3807 της
400 3740 583 3792 τοίνυν
610 3742 637 3792 ὁ
673 3740 880 3803 δίκαιος
908 3744 972 3794 ὲκ
1008 3742 1345 3812 τυραννικῶν
1387 3742 1597 3811 ἐγίνετο
1630 3761 1866 3812 προστα-

272 3831 515 3899 γμάτων,
562 3834 659 3884 και
698 3834 759 3884 τὸ
795 3834 967 3896 πάθος
1016 3835 1282 3887 ἐδυσώπει
1316 3836 1403 3887 τὸν
1455 3835 1866 3907 φιλεγκλήμονα

272 3919 373 3973 τῶν
410 3922 686 3977 Ἰουδαίων
716 3925 866 3978 λαόν.
911 3926 1000 3988 Ὠς
1033 3926 1142 3996 γὰρ
1191 3927 1330 3996 ὑπὲρ
1383 3927 1549 3997 νόμου
1587 3928 1865 3997 πάσχοντα

274 4012 470 4081 λοιπὸν,
500 4018 724 4089 ἀγαπᾷν
753 4018 1114 4088 ἠναγκάζετο,
1165 4021 1509 4091 ἑτοιμότερος
1540 4038 1595 4073 τε
1624 4022 1722 4092 ἤδη
1754 4024 1867 4085 τοῖς

274 4106 399 4177 παρ’
428 4109 597 4162 αὐτοῦ
625 4111 1051 4181 κηρυττομένοις
1078 4113 1214 4181 πρὸς
1241 4113 1299 4165 τὸ
1332 4113 1605 4167 πιστεύειν
1635 4114 1863 4182 ἐγίνετο.

274 4199 476 4253 Οὐκοῦν
526 4203 630 4265 τὰς
678 4201 789 4255 τῶν
838 4204 1108 4256 Ἰουδαίων
1170 4204 1415 4270 εὐνοίας,
1466 4206 1561 4257 καὶ
1611 4206 1709 4276 τὴν
1759 4207 1866 4259 τῶν

275 4291 655 4363 σκληροτέρων
698 4294 980 4349 ἀπείθειαν
1030 4295 1319 4367 ἀγοράζειν
1362 4296 1551 4368 ὥσπερ
1592 4299 1620 4351 ὀ
1665 4299 1868 4352 Βαπτι-

276 4383 399 4454 στὴς
448 4386 538 4438 διὰ
592 4384 686 4438 τοῦ
733 4388 965 4457 πάσχειν
1012 4389 1290 4457 ἠπείγετο.
1341 4389 1556 4461 Ἐπειδὴ
1598 4390 1653 4444 δὲ
1695 4390 1865 4445 Πνεύ-

277 4492 442 4543 ματος
489 4477 649 4546 ἁγίου
701 4478 926 4549 μέτοχος
975 4478 1071 4544 ὢν,
1124 4482 1216 4534 καὶ
1266 4483 1613 4551 προφητικῆς
1663 4483 1869 4535 ἀναπε-

1973 3285 2313 3339 ctaudacter
2356 3284 2421 3337 de
2476 3282 2779 3337 llerodiade
2822 3282 3065 3334 clamans
3113 3298 3125 3333 :
3183 3298 3199 3331 ‹
3251 3279 3363 3333 Νοιι
3413 3280 3566 3339 licet,

1968 3377 2162 3446 inquit,
2190 3377 2281 3429 tihi
2307 3391 2425 3430 eam
2460 3375 2661 3428 habere.
2688 3374 2728 3404 ⁶¹
2754 3389 2768 3438 ;
2796 3391 2814 3423 ι
2849 3381 3162 3441 contempto
3190 3372 3349 3441 plane
3373 3372 3567 3426 mortis

1967 3469 2231 3538 periculo,
2261 3469 2386 3521 dum
2413 3468 2459 3520 ei
2485 3468 2548 3520 ad
2574 3467 2938 3536 prmStitutum
2968 3482 3190 3533 scopum
3227 3480 3315 3520 res
3335 3480 3567 3535 ageren-

1974 3572 2080 3618 tur.
2126 3561 2363 3633 Tyranni
2400 3564 2582 3629 itaque
2613 3560 2767 3627 jussu
2803 3559 2856 3612 in
2892 3560 3107 3613 vincula
3136 3557 3439 3625 coniectus,
3467 3558 3565 3613 Ju-

1969 3656 2110 3710 dreos
2129 3656 2194 3709 ad
2214 3656 2573 3709 accusandum
2598 3667 2797 3721 pronus
2814 3652 2913 3706 sibi
2935 3651 3261 3706 conciliavit.
3281 3651 3416 3704 Nam
3438 3652 3563 3721 quia

1970 3764 2066 3819 pro
2102 3747 2215 3817 lege
2251 3747 2577 3815 patiebatur,
2607 3761 2791 3801 amare
2817 3761 2937 3800 eum
2976 3747 3341 3814 cogebantur,
3384 3760 3568 3814 prom-

1968 3841 2280 3908 ptioresque
2326 3842 2393 3893 ad
2427 3839 2791 3894 adhibendum
2832 3839 3203 3909 prmdicationi
3246 3838 3365 3907 ejus
3405 3839 3565 3893 {idem

1970 3930 2358 3984 reddebantur.
2405 3928 2715 3983 Judmorum
2773 3929 2953 3999 itaque
2999 3930 3469 3995 benevolentiam,
3514 3942 3568 3985 et

1970 4023 2247 4077 duriorum
2300 4022 2737 4077 incredulitatem
2788 4031 2965 4078 morte
3020 4039 3113 4077 sua
3158 4023 3566 4093 quodammodo

1972 4114 2204 4169 mercari
2243 4113 2487 4185 Baptista
2522 4114 2715 4170 voluit.
2767 4114 2904 4170 Cum
2941 4131 3070 4172 vero
3106 4115 3347 4184 Spiritus
3382 4119 3558 4169 sancti

1982 4208 2255 4277 particeps
2282 4218 2331 4260 ct
2365 4209 2683 4278 prophetica
2717 4209 2893 4277 gratia
2927 4224 2990 4262 ex
3032 4218 3189 4262 utero
3225 4210 3415 4263 matris
3454 4224 3567 4263 sua:

1974 4299 2164 4367 plenus
2194 4310 2362 4367 esset,
2418 4300 2879 4371 tyrannieumquc
2921 4315 3105 4354 ensem
3153 4302 3263 4367 jam
3305 4301 3561 4356 strictum

1971 4400 2025 4443 et
2060 4390 2259 4451 cervici
2298 4406 2409 4445 sua:
2445 4391 2821 4444 imminentem
2854 4392 3219 4460 prmvidissct,
3264 4392 3566 4462 diripimus

1972 4496 2099 4537 suos
2132 4483 2183 4536 in
2221 4482 2324 4537 fide
2360 4498 2489 4551 erga
2519 4483 2796 4539 Christum
2830 4482 3181 4537 Servatorem
3234 4483 3568 4538 conﬁrmare

273 4564 589 4638 πλησμένος
620 4568 840 4638 χάριτος
871 4568 951 4622 ἔτι
992 4571 1054 4622 ὲκ
1093 4570 1293 4634 κοιλίας
1340 4571 1544 4643 μητρὸς
1583 4572 1769 4636 αὑτοῦ,
1805 4573 1858 4625 τὸ

1973 4591 2036 4630 ac
2082 4576 2329 4630 stabilire
2364 4576 2556 4643 voluit,
2598 4587 2765 4645 utque
2800 4575 2851 4629 id
2884 4576 3018 4630 citra
3082 4592 3300 4631 omnem
3351 4575 3568 4633 dubita-

272 4659 595 4727 τυραννικὸν
629 4657 851 4729 ἐθεώρει
884 4659 1036 4729 ξίφος
1078 4663 1561 4733 ἁπογυμνούμενον
1598 4665 1731 4736 ἤδη,
1774 4667 1865 4719 καί⁵

272 4744 360 4799 τὸν
395 4747 491 4800 τοῦ
536 4746 790 4817 σώματος
815 4750 1211 4820 ἀπαστράπτον
1250 4751 1499 4819 θάνατον,
1525 4753 1708 4824 ἐζήτει
1736 4756 1863 4819 τοὺς

274 4838 505 4903 οἰκείους
560 4839 808 4911 μαθητὰς
860 4842 1155 4912 βεϐαιῶσαι
1203 4844 1337 4908 πρὸς
1382 4846 1481 4915 τὴν
1536 4847 1717 4900 πίστιν
1765 4847 1863 4918 τὴν

274 4929 363 4982 ἐπὶ
395 4930 472 5000 τῷ
504 4932 719 5002 Σωτῆρι
762 4934 980 5004 Χριστῷ
1002 4952 1015 4965 ο
1051 4935 1246 4989 εἰδέναι
1275 4954 1333 4989 τε
1367 4939 1461 4991 καὶ
1496 4938 1642 5007 μάλα
1677 4938 1865 5005 σαφῶς

274 5022 539 5093 ἐπεθύμει
565 5024 685 5076 κατ’
710 5023 859 5077 οὐδὲν
886 5025 1277 5093 ἐνδοιάζοντας,
1308 5030 1499 5099 ὅτιπερ
1522 5032 1685 5093 αὑτός
1719 5033 1863 5084 ἐστιν

270 5116 297 5167 6
324 5116 417 5169 ἐπὶ
454 5117 705 5188 σωτηρία
740 5119 954 5172 πάντων
998 5120 1145 5189 ἥξειν
1177 5122 1647 5194 προσδοκώμενος.
1684 5127 1861 5196 Προσ-

274 5208 505 5260 ποιεῖται
534 5209 713 5260 τοίνυν
742 5210 1100 5280 οἰκονομικῶς
1130 5212 1365 5280 ἀγνοεῖν,
1391 5214 1479 5268 ἵνα
1512 5215 1863 5269 πιστεύσαντι

274 5299 564 5371 σύνδρομοι
601 5302 760 5357 πάλιν
788 5304 835 5355 οἰ
875 5304 1113 5375 μαθηταὶ
1162 5306 1300 5377 πρὸς
1340 5310 1400 5361 τὸ
1443 5310 1722 5364 πιστεύειν
1769 5312 1861 5363 εὑ-

274 5390 565 5458 ρίσκοιντο.
589 5388 699 5445 ’Ἦν
739 5394 847 5465 γὰρ
871 5396 934 5465 δὴ
966 5398 1060 5449 καὶ
1095 5400 1443 5469 φρονήματος
1470 5402 1531 5453 οὐ
1565 5402 1768 5473 μικρὰν
1805 5406 1862 5455 ὲν

272 5483 446 5553 ἑαυτῷ
479 5485 580 5554 τὴν
615 5484 933 5549 ἀλαζονείαν
966 5488 1267 5553 ὼδίνοντος,
1308 5491 1381 5562 μὴ
1426 5496 1544 5555 ταῖς
1575 5492 1665 5546 τοῦ
1714 5494 1859 5545 διδα-

272 5574 468 5628 σκάλου
520 5576 742 5646 μᾶλλον,
772 5578 908 5633 ἀλλὰ
948 5584 1068 5645 ταῖς
1112 5583 1340 5647 οἰκείαις
1388 5585 1858 5654 παιδαγωγεῖσθαι

272 5665 485 5733 βουλαῖς
566 5670 771 5723 Οὐκοῦν
809 5674 1200 5744 οἰκονομικῶς,
1248 5679 1339 5730 καὶ
1376 5679 1440 5732 ἵν’
1484 5679 1655 5743 οὕτως
1691 5680 1856 5733 εἴπω-

336 5844 379 5874 δ¹³
410 5843 568 5899 Jnan.
605 5861 640 5909 t,
676 5846 765 5898 εἶθ.
844 5847 885 5877 ⁸ο
910 5850 1166 5913 Joan.1x,
1210 5854 1290 5909 l6.

615 5946 881 6006 Ρι-ινιυι..
924 5948 1039 6007 Gn.
1081 5950 1317 6015 LXXV.

1368 5856 1408 5885 Μ
1438 5857 1621 5912 Matth.
1662 5874 1769 5922 XIV,
1802 5858 1852 5912 4.

1978 4666 2525 4735 tioncmpcrsuasum
2579 4668 2864 4731 haberent,
2919 4665 3193 4735 cupiebat,
3251 4667 3393 4736 quod
3452 4666 3567 4735 ipse

1966 4767 2110 4812 esset
2134 4760 2222 4827 qui
2262 4775 2359 4827 pro
2392 4758 2565 4813 salute
2590 4760 2831 4812 omnium
2881 4770 3146 4814 venturus
3191 4773 3313 4813 esse
3364 4773 3566 4827 exspe-

1969 4852 2238 4904 ctabatur.
2273 4849 2438 4905 Certo
2471 4852 2654 4921 itaque
2688 4852 2925 4907 consilio
2960 4853 3181 4908 simulat
3212 4868 3271 4907 se
3313 4854 3523 4907 nescire
3548 4894 3562 4916 ,

1972 4952 2028 4995 ιιι
2094 4943 2342 4997 credenti
2403 4944 2502 5011 ipsi
2581 4943 2974 5013 discipulorum
3047 4946 3180 5000 lldes
3238 4962 3564 5016 aggregare-

1972 5044 2078 5088 tnr.
2142 5035 2423 5105 Regnabat
2482 5038 2626 5090 enim
2677 5052 2783 5092 non
2847 5041 3040 5108 exigua
3102 5041 3154 5093 in
3222 5041 3423 5094 animis
3479 5055 3566 5094 c0-

1974 5143 2092 5182 rum
2151 5132 2507 5199 arrogantia,
2584 5147 2761 5202 neque
2824 5148 2883 5186 se
2930 5141 3037 5185 tam
3095 5134 3343 5205 magistri
3401 5149 3562 5203 quam

1981 5222 2095 5276 suis
2159 5223 2397 5291 ipsorum
2444 5224 2689 5279 consiliis
2748 5226 3038 5294 gubernari
3080 5227 3351 5282 volebant.
3407 5228 3564 5297 103

1972 5313 2135 5369 Certo
2173 5315 2334 5385 igitur
2386 5317 2642 5379 consilio,
2698 5330 2890 5388 atque,
2950 5328 3007 5373 ut
3066 5321 3138 5373 ita
3194 5320 3411 5387 dicam,
3453 5320 3563 5370 vcl-

1972 5408 2047 5460 uti
2095 5409 2145 5461 in
2180 5424 2338 5465 scena
2369 5408 2733 5480 ignorantium
2783 5428 3070 5482 personam
3107 5414 3358 5476 induens,
3399 5412 3561 5465 mittit

1970 5513 2036 5553 ex
2064 5500 2179 5555 suis
2206 5502 2493 5571 discipulis
2524 5504 2659 5560 duos
2686 5506 2914 5576 reliquis
2947 5507 3422 5576 iutelligcntiores,
3457 5506 3563 5560 eis-

1969 5607 2074 5661 que
2121 5593 2278 5663 jubet
2326 5604 2385 5649 ut
2438 5598 2807 5663 sciscitentur,
2856 5609 2909 5655 et
2972 5616 3036 5655 ex
3090 5600 3207 5653 viva
3254 5598 3562 5653 Servatoris

1972 5699 2100 5739 voce
2127 5697 2479 5757 cognoscant,
2508 5705 2576 5744 an
2604 5690 2718 5760 ipse
2746 5691 2814 5745 sit
2843 5692 2888 5746 is
2918 5692 3007 5763 qui
3034 5699 3400 5761 exspectatur.
3428 5689 3560 5745 Cum
