4048 6440
553 370 656 430 171

1532 360 1589 417 S.
1630 357 1901 418 crtum
1942 355 2406 415 ALEXANDRINI
2447 357 2764 416 ARCHIEP.

3678 359 3782 415 ΓΒ

554 502 685 545 vero
736 487 771 541 li
818 484 885 541 ad
934 482 1210 540 Christum
1264 481 1569 547 venissent,
1626 480 1730 537 hoc
1776 479 2110 551 intelligens.

2220 496 2340 551 μεν,
2370 478 2559 551 ὥσπερ
2608 480 2697 533 ἐπὶ
2736 475 2939 549 σκηνῆς
2975 478 3036 532 τὸ
3068 478 3174 532 τῶν
3220 478 3555 548 ἀγνοούντων
3610 495 3782 549 προσ-

554 579 751 650 quippe
782 577 873 647 qui
902 585 1061 632 verus
1086 570 1229 629 Deus
1254 583 1389 638 erat,
1414 568 1755 644 prcciariora
1779 571 1919 627 circa
1950 583 2113 641 egro-

557 676 639 723 tos
689 676 851 736 opera
904 665 1270 733 miraculaque
1321 664 1552 728 edebat,
1604 676 1764 733 quam
1815 670 2002 729 antea;
2045 675 2110 718 ea

556 771 683 813 vero
714 767 863 812 certo
884 757 1111 812 consilio
1138 766 1237 826 per
1268 750 1393 809 iiiud
1424 764 1629 823 tempus
1656 753 1963 821 prestahat,
1992 764 2111 821 qua

552 849 754 920 ipsum,
789 858 911 903 cum
942 848 1008 901 ad
1036 860 1133 901 nos
1160 845 1415 907 venisset,
1451 844 1726 913 propheta
1752 840 2111 911 prazstiturum

553 939 929 1011 przedixerant.
960 935 1330 1006 interregatus
1361 936 1542 1004 itaque
1587 948 1693 989 non
1734 932 1914 987 statim
1947 931 2113 1001 proii-

556 1040 696 1083 tetur
734 1041 794 1083 se
827 1026 974 1082 illum
1021 1039 1158 1091 esse,
1189 1026 1284 1081 sed
1317 1023 1643 1095 propheticis
1668 1022 2108 1095 pradictionibus

554 1116 819 1173 factorum
854 1126 909 1171 et
940 1116 1317 1175 miraculorum
1354 1113 1775 1184 magnitudinem
1810 1112 2108 1182 adaptans:

556 1226 576 1261 s
611 1208 709 1272 Ite,
753 1207 952 1278 inquit,
1002 1216 1055 1261 et
1086 1205 1390 1261 renuntiate
1421 1203 1613 1258 Joauni
1639 1220 1758 1275 qua
1801 1203 2029 1257 audistis
2060 1210 2114 1256 et

550 1300 799 1368 vidistis;
841 1317 859 1351 ι
897 1298 1126 1354 audistis
1152 1298 1295 1353 enim
1320 1312 1415 1367 per
1443 1298 1751 1368 prophetas,
1780 1295 1991 1351 vidistis
2014 1310 2109 1351 au-

551 1400 657 1445 tem
690 1403 788 1461 per
816 1400 903 1445 me
946 1386 1184 1458 implete.
1218 1388 1361 1443 Cum
1402 1389 1592 1458 itaque
1637 1389 1688 1443 hi
1736 1387 2017 1451 abiissent,
2056 1397 2114 1443 ut

548 1481 878 1552 evangelista
917 1480 1031 1548 ipse
1061 1488 1311 1546 testatur,
1346 1480 1511 1549 coepit
1541 1478 1786 1534 Christus
1819 1478 1959 1547 loqui
1997 1490 2110 1532 tur-

551 1572 635 1627 bis
686 1572 751 1624 de
805 1567 1053 1625 Joanne:
1093 1588 1110 1620 t
1148 1568 1287 1637 Quid
1330 1569 1523 1623 existis
1568 1566 1786 1622 videre?
1814 1585 1831 1619 ι
1890 1578 1944 1621 ct
1994 1582 2112 1635 qnze

551 1659 804 1729 deinceps
849 1668 1171 1728 sequuntur.
1212 1657 1585 1712 Necessarium
1626 1668 1756 1711 vero
1793 1652 1949 1724 plane
1990 1653 2107 1721 fuit,

510 1740 519 1747 ’
550 1756 607 1803 ιιι
632 1746 882 1802 Christus
912 1746 976 1800 de
998 1744 1205 1801 Joanne
1233 1760 1534 1801 sermonem
1567 1743 1786 1800 faceret.
1811 1742 1945 1800 Cum
1967 1742 2108 1799 enint

2211 573 2411 626 ωπεῖον
2455 571 2631 642 ἑαυτῷ
2666 571 2929 642 περιθεὶς,
2967 573 3177 642 πέμπει
3204 572 3313 625 τῶν
3345 571 3557 626 οἰκείων
3601 573 3787 643 μαθη-

2210 659 2342 729 τῶν,
2367 663 2526 734 οῖπερ
2563 658 2702 733 ἦσαν
2742 661 3127 731 συνετώτεροι,
3168 666 3262 717 καὶ
3306 662 3371 733 δὴ
3402 665 3494 717 καὶ
3540 663 3784 717 ἀναπυν-

2214 749 2471 805 θάνεσθαι
2501 747 2729 815 κελεύει,
2763 747 2857 802 καὶ
2885 748 2972 802 ste
3000 750 3179 820 ζώσης
3206 752 3297 802 τοῦ
3326 751 3574 821 Σωτῆρος
3601 752 3785 820 φωνῆς

2212 839 2491 908 ἰκμαθεῐν,
2542 841 2589 892 εί
2642 838 2803 901 αὑτός
2851 839 3000 892 ἔστιν
3053 839 3518 909 προσδοκώμενος.
3568 840 3786 910 Ἐπειδὴ

2211 926 2265 980 ϐὶ
2294 922 2427 999 ἧκον
2454 929 2552 999 ᾕδη
2582 928 2714 998 πρὸς
2748 927 2836 979 τὸν
2873 925 3078 997 Ἰησοῦν
3107 928 3156 980 οἱ
3186 927 3599 998 ἀπεσταλμένοι,
3627 926 3786 980 τοῦτο

2214 1020 2420 1087 συνεὶς,
2470 1019 2563 1072 ars
2605 1018 2669 1089 δὴ
2712 1018 2842 1081 Θεὸς
2895 1017 3155 1087 ὑπάρχων
3202 1017 3470 1089 ἀληθινὸς,
3521 1016 3789 1071 πλουσιω-

2210 1110 2374 1181 τέραν
2400 1112 2633 1164 εποιεῖτο
2658 1111 2755 1180 τὴν
2780 1110 2871 1162 επὶ
2895 1111 3007 1171 τοῖς
3034 1108 3300 1178 κάμνουσι
3335 1102 3661 1179 φιλοτιμίαν,
3689 1108 3789 1162 καὶ⁸

2215 1200 2531 1271 παραδόξων
2577 1201 2867 1271 ηὑρίσκετο
2901 1200 3130 1270 ποιητὴς
3160 1198 3279 1251 τότε
3335 1198 3532 1268 μᾶλλον
3580 1200 3611 1269 ἢ
3648 1200 3791 1269 πρό-

2211 1309 2399 1365 τερον*
2434 1294 2618 1346 εκεῖνα
2648 1294 2700 1345 δὲ
2740 1290 3096 1362 οἰκονομικῶς
3139 1291 3422 1361 εἰργάζετο
3466 1294 3584 1344 κατ’
3611 1295 3792 1346 ἐκεῖνο

2217 1383 2448 1456 μάλιστα
2503 1381 2714 1452 καιροῦ,
2744 1381 2884 1451 ἅπερ
2928 1380 3089 1432 αὑτὸν
3128 1379 3479 1446 επιτελέσειν,
3507 1382 3631 1433 ὅταν
3658 1382 3791 1450 ἡκοι

2212 1474 2351 1545 πρὸς
2391 1473 2558 1543 ἡμᾶς,
2608 1474 2655 1525 oi
2693 1471 2968 1542 προφῆται
3014 1471 3346 1542 διήγγελλον.
3402 1471 3792 1541 Ἐρωτώμενος

2210 1566 2411 1631 τοίνυν,
2446 1566 2543 1618 οὐκ
2581 1564 2738 1626 εὐθὺς
2786 1564 2997 1633 ὑπαντᾷ
3030 1564 3118 1615 καί
3167 1580 3297 1633 φησι
3328 1562 3410 1626 τὸ,
3446 1560 3586 1629 Ἐγὼ
3618 1564 3738 1632 είμι
3770 1602 3788 1628 ,

2213 1656 2345 1710 ἀλλά
2378 1658 2487 1718 τοῖς
2517 1654 2871 1725 προφητικοῖς
2909 1652 3224 1722 κηρύγμασι
3254 1652 3349 1721 τὴν
3378 1653 3434 1703 ὲν
3455 1652 3562 1717 τοῖς
3592 1653 3795 1703 ἀποτε-

2212 1747 2446 1800 λεσθεῖσι
2473 1745 2735 1815 παραθεὶς
2762 1744 3190 1813 μεγαλουργίαν
3229 1764 3248 1795 ι
3280 1741 3661 1812 Πορευθέντες,
3691 1759 3794 1813 φη.

549 1837 876 1897 circutuiusa
929 1838 1234 1891 auditorum
1275 1837 1429 1890 turba
1470 1837 1831 1904 cognovisset,
1880 1832 2110 1905 discipu-

2216 1839 2317 1902 aiv,
2352 1836 2715 1904 ἀπαγγείλατε
2763 1835 2979 1905 Ἰωάννῃ
3010 1835 3044 1887 ἀ
3073 1834 3242 1888 εἴδετε
3292 1834 3382 1886 καὶ
3424 1834 3729 1902 ἠκούσατε·
3764 1853 3789 1886 ι

551 1930 631 1985 los
664 1912 887 1984 Joannis
915 1940 1056 1991 esse,
1096 1928 1185 1995 qui
1217 1927 1692 1996 interrogationem
1722 1925 1868 1979 illam
1894 1926 2108 1981 Christo

550 2019 973 2089 proposuissent,
1005 2032 1235 2087 cumque
1270 2018 1367 2085 ipsi
1400 2031 1505 2071 non
1537 2024 1595 2071 ut
1624 2031 1719 2071 sua
1747 2018 1983 2085 ipsorum
2005 2018 2107 2070 du-

546 2111 814 2167 bitatione
870 2123 990 2165 sese
1044 2109 1360 2172 liberarent,
1396 2109 1688 2171 venissent,
1737 2109 1829 2163 sed
1882 2110 2027 2163 illum
2078 2119 2106 2163 a

548 2217 656 2272 quo
686 2201 833 2257 missi
856 2208 1030 2265 erant,
1055 2201 1252 2270 quique
1279 2201 1357 2254 eis
1385 2209 1443 2253 ut
1478 2198 1528 2252 id
1558 2200 1989 2263 sciscitarentur,
2029 2196 2108 2252 in-

546 2294 828 2364 jnnxerat;
888 2291 1153 2346 intellexit
1204 2290 1386 2345 statim
1431 2290 1711 2356 Christus,
1774 2294 1971 2359 quippe
2017 2291 2107 2360 qui

548 2385 713 2441 corda
767 2391 825 2438 et
875 2382 1228 2452 cogitationes
1271 2382 1546 2435 hominum
1592 2380 1828 2448 novit",
1873 2383 2109 2435 dicturos

546 2489 669 2529 esse
710 2470 1016 2535 nonnullos,
1060 2480 1151 2525 aut
1180 2470 1380 2539 alioqui
1430 2484 1611 2525 secum
1644 2471 1971 2539 cogitaturos
2003 2489 2015 2523 :
2051 2467 2106 2525 Si

552 2565 605 2619 in
636 2564 779 2617 hunc
814 2574 983 2631 usque
1012 2560 1153 2615 diem
1177 2559 1412 2614 Joannes
1438 2559 1673 2629 Baptista
1700 2559 1975 2613 Christum
2003 2576 2106 2614 non

551 2654 721 2719 novit,
746 2662 853 2723 quo
878 2658 1036 2721 pacto
1059 2650 1213 2705 nobis
1236 2649 1382 2703 illum
1405 2650 1643 2703 ostendit
1666 2650 1850 2703 dicens
1877 2668 1887 2702 :
1920 2665 1937 2701 t
1973 2650 2109 2705 Ecce

549 2747 732 2814 Agnus
761 2744 876 2810 Dei,
900 2742 989 2813 qui
1016 2740 1155 2795 toUit
1179 2748 1459 2810 peccatum
1493 2740 1716 2794 mundi?
1749 2759 1766 2791 ι
1805 2739 1868 2794 Ει
1894 2744 2108 2811 quidem

550 2838 842 2892 verendum
882 2843 1003 2889 oret
1054 2848 1122 2889 ne
1173 2848 1277 2888 non
1326 2846 1511 2901 parum
1538 2832 1717 2887 damni
1756 2833 1876 2887 inde
1910 2835 1958 2886 in
1998 2844 2110 2887 tur-

547 2928 674 2981 bam
714 2923 1035 2993 perveniret.
1070 2922 1457 2988 Quamobrem,
1499 2931 1558 2975 ut
1604 2922 1913 2991 scrupulum
1965 2923 2109 2976 illum

550 3015 747 3069 animis
783 3026 971 3068 eorum
1014 3012 1278 3067 eximeret
1312 3019 1366 3063 et
1412 3010 1649 3064 scandali
1703 3025 1886 3063 unsum
1922 3011 2109 3078 prarrio

548 3114 719 3173 pet-et,
766 3104 839 3159 ita
877 3103 944 3157 ad
990 3112 1085 3158 eos
1114 3102 1225 3156 ait:
1268 3119 1286 3152 ι
1314 3099 1452 3165 Quid
1501 3101 1691 3155 existis
1737 3101 1791 3153 in
1837 3102 2107 3156 desertum

2216 1929 2483 1997 ἠκούσατε
2515 1926 2609 1997 μὲν
2634 1927 2742 1995 γάρ
2771 1924 2859 1977 διά
2882 1925 2989 1978 τῶν
3025 1924 3340 1994 προφητῶν,
3375 1923 3539 1976 εἴδετε
3569 1924 3624 1977 δὲ
3657 1925 3796 1993 πλη-

2217 2018 2454 2089 ρωθέντα
2484 2018 2549 2069 δι’
2588 2016 2742 2086 ἐμοῦ.
2798 2015 2960 2068 Ἀλλά
3005 2016 3209 2079 τούτων
3260 2015 3658 2085 πορευομένων,
3713 2018 3794 2080 ὼς

2216 2111 2375 2173 αὑτός
2402 2124 2568 2179 φησιν
2589 2110 2615 2160 6
2642 2108 3052 2177 εύαγγελιστὴς,
3074 2108 3274 2177 ἤρξατο
3296 2108 3326 2161 ὀ
3351 2109 3580 2178 Χριστὸς
3610 2110 3793 2176 λέγειν

2215 2204 2322 2264 τοῖς
2349 2202 2524 2271 ὄχλοις
2550 2200 2677 2269 περὶ
2714 2199 2987 2253 Ἰωάννου·
3023 2219 3040 2250 ι
3071 2201 3135 2252 Τί
3169 2200 3418 2269 ἐξήλθετε
3450 2200 3610 2261 ίδεῖν;
3638 2218 3655 2250 ›
3694 2203 3791 2253 καὶ

2214 2292 2281 2345 τά
2311 2292 2519 2353 τούτοις
2554 2290 2747 2361 ἐφεξῆς
2788 2292 3032 2359 κείμενα.
3076 2291 3393 2358 Ἀναγκαῖον
3420 2290 3474 2343 δὲ
3503 2290 3662 2343 πάλιν
3692 2293 3789 2343 καὶ

2215 2382 2304 2435 τὸν
2348 2380 2474 2452 περὶ
2516 2380 2704 2432 τούτου
2741 2380 2895 2446 λόγον
2936 2381 3231 2449 ἐποιήσατο
3275 2381 3522 2450 Χριστός.
3566 2378 3788 2451 Ἐπειδὴ

2214 2473 2320 2543 γὰρ
2353 2472 2651 2541 ἐμάνθανεν
2684 2473 2715 2541 ἠ
2752 2488 2815 2522 πε
2829 2472 3098 2540 ριεστῶσα
3127 2471 3233 2523 τῶν
3260 2472 3621 2539 ἀκροωμένων
3649 2470 3791 2540 πλη-

2398 2564 2471 2625 ὠς
2509 2558 2646 2632 ἦσαν
2699 2564 2794 2631 μὲν
2849 2562 2955 2613 τῶν
2993 2562 3235 2615 Ἰωάννου
3292 2561 3544 2632 μαθητῶν
3585 2562 3633 2613 oi
3688 2561 3789 2631 τὴν

2217 2652 2407 2706 πεῦσιν
2432 2655 2814 2721 προσάγοντες,
2839 2646 2971 2724 ἧκον
2994 2652 3048 2705 δὲ
3074 2653 3172 2703 ούκ
3198 2651 3331 2715 ιδίας
3356 2653 3540 2722 ὥσπερ
3566 2654 3790 2720 ἀγνοίας

2217 2564 2345 2627 θὺς,

2217 2742 2501 2813 ζητοῦντες
2543 2744 2881 2812 ἀπαλλαγὴν,
2913 2742 3052 2797 ἀλλά
3086 2743 3183 2810 τῆς
3226 2742 3390 2796 αὑτοῦ
3440 2744 3789 2813 πεπομφότος

2217 2836 2309 2886 καὶ
2339 2834 2598 2904 διερωτᾷν
2642 2814 3052 2897 ἀναπείθοντος,
3101 2833 3423 2901 κατενόησεν
3467 2834 3570 2885 ᾰτε
3594 2834 3657 2905 δὴ
3694 2835 3790 2888 καὶ

2216 2924 2441 2994 καρδίας
2486 2922 2659 2988 εἰδὼς,
2693 2926 2785 2976 καὶ
2824 2925 2891 2976 τά
2921 2926 2977 2976 ὲν
3015 2924 3091 2991 τῷ
3137 2924 3407 2997 ἀνθρώπῳ
3440 2928 3784 2995 γιγνώσκων,

2217 3014 2295 3067 ὅτι
2333 3015 2547 3077 πάντως
2588 3014 2772 3084 ὲροῦσί
2820 3030 2962 3077 τινες
3009 3016 3102 3067 καὶ
3153 3015 3456 3083 λογιοῦνται
3503 3018 3623 3071 καθ’
3654 3020 3783 3072 ἑαυ-

2215 3101 2373 3164 τούς’
2422 3103 2483 3155 Ei
2532 3103 2690 3173 μέχρι
2742 3104 2977 3173 σήμερον
3029 3104 3211 3172 ἀγνοεῖ
3260 3106 3349 3158 τὸν
3384 3106 3587 3176 Ἰησοῦν
3622 3109 3649 3161 ὁ
3685 3127 3789 3180 μα-

549 3196 771 3253 videre?
835 3195 1170 3251 Arundinem
1222 3203 1383 3247 vento
1438 3193 1731 3256 agitatum?
1768 3212 1785 3243 ι
1844 3194 2107 3248 Admirati

2214 3194 2400 3263 κάριος
2436 3194 2719 3263 Ἰωάννης,
2768 3192 2883 3255 πῶς
2927 3194 3059 3263 ἡμῖν
3093 3195 3254 3248 αὑτὸν
3304 3196 3540 3251 ἐδείκνυε
3584 3200 3785 3267 λέγων·

550 3287 707 3351 estis,
764 3286 970 3354 inquit,
1011 3281 1276 3337 Joannem
1314 3282 1645 3349 Baptistam,
1704 3291 1757 3337 et
1809 3284 2113 3353 frequenter

553 3377 707 3445 longa
758 3388 858 3445 per
893 3374 1240 3430 Solitudinem
1289 3371 1625 3441 profectione
1672 3373 1819 3427 illum
1868 3374 2110 3439 adiistis,

554 3464 736 3519 multis
766 3464 1040 3518 laboribus
1066 3462 1375 3529 utilitatem,
1411 3477 1575 3531 quam
1606 3462 1731 3518 inde
1764 3466 2116 3533 exspectabue

553 3554 641 3620 tis,
672 3554 1021 3609 redimentes.
1052 3552 1319 3607 Caeterum
1348 3554 1634 3609 temerarie
1675 3553 1915 3623 proiecto
1940 3556 2113 3610 nulla-

552 3659 657 3711 que
688 3644 880 3697 idonea
918 3645 984 3699 de
1023 3658 1185 3698 causa
1233 3643 1381 3697 illum
1415 3644 1665 3697 admirati
1708 3645 1865 3709 estis,
1900 3646 1945 3700 si
1988 3659 2111 3701 cum

552 3738 687 3791 adeo
732 3736 905 3791 levent
954 3735 1305 3801 existimatis,
1345 3744 1404 3789 ut
1443 3736 1696 3789 arundini
1747 3747 2109 3805 comparetur,

552 3842 671 3893 quae
707 3826 961 3881 facillime
994 3828 1046 3879 in
1074 3826 1323 3895 quamvis
1362 3835 1567 3894 partem
1603 3836 1762 3881 vento
1805 3826 2110 3896 impellitur.

554 3918 830 3983 Quomodo
855 3916 1012 3987 105.
1038 3917 1181 3970 enim
1224 3932 1329 3971 non
1362 3916 1621 3983 ejusmodi
1660 3932 1781 3971 esse
1812 3918 2112 3984 deprehen-

555 4009 734 4072 datur,
790 4008 859 4072 si,
904 4020 1013 4075 pru:
1046 4021 1238 4075 magna
1287 4007 1449 4060 animi
1492 4005 1727 4071 levitate,
1762 4022 1919 4077 quem
1967 4010 2115 4062 novit

556 4112 713 4153 nosse
736 4097 1126 4152 seinliciatur?
1158 4098 1228 4149 At
1256 4112 1359 4151 non
1390 4099 1703 4152 arundinem
1728 4108 1897 4152 certe.
1928 4117 1944 4150 ι
1976 4097 2113 4164 Quid

560 4196 737 4240 tamen
792 4186 983 4239 existis
1015 4183 1233 4237 videre?
1264 4182 1617 4238 Hominemne
1665 4183 1915 4238 mollibus
1947 4184 2112 4238 vcsti-

558 4278 752 4333 tneutis
788 4277 1074 4331 indutum?
1106 4275 1245 4330 Ecce
1290 4276 1379 4345 qui
1425 4274 1673 4328 mollibus
1704 4275 2017 4339 induuntur,
2061 4274 2113 4328 in

556 4366 809 4421 domibus
844 4381 1028 4435 regum
1073 4375 1221 4420 sunt.
1254 4383 1277 4416 ο
1313 4365 1487 4433 Atque
1536 4365 1604 4419 iis
1642 4364 1882 4433 quidem,
1921 4364 2114 4433 inquit,

556 4455 963 4511 convenientius
977 4454 1049 4509 sit
1078 4454 1295 4510 levitate
1316 4455 1477 4509 animi
1504 4455 1773 4512 iaborare.
1798 4455 1950 4513 Unde
1972 4460 2113 4513 enim

556 4547 645 4615 qui
673 4547 943 4617 perpetuis
972 4546 1246 4601 laboribus
1288 4561 1409 4601 sese
1436 4557 1674 4614 exercet,
1710 4564 2112 4620 corporeasque

555 4636 871 4691 aﬂ'ectiottes
917 4637 1136 4691 assidue
1180 4638 1429 4705 reprimit
1475 4652 1539 4692 ac
1586 4640 1791 4704 domet,
1822 4639 1874 4693 in
1907 4649 2112 4695 tantum

561 4728 837 4783 levitatem
881 4728 988 4783 labi
1021 4729 1247 4799 posset?
1292 4728 1425 4783 Nam
1479 4730 1847 4799 hujuscemodi
1898 4732 2113 4789 levitate

557 4820 752 4875 tuentis
789 4818 1037 4873 laborare
1077 4828 1161 4872 est
1208 4819 1397 4884 animi,
1451 4820 1641 4889 inquit,
1691 4824 1780 4890 qni
1841 4839 1947 4878 non
2002 4835 2110 4879 tam

556 4924 747 4979 aspera
773 4909 983 4965 vivendi
1012 4912 1245 4977 ratione,
1272 4926 1433 4980 quam
1470 4913 1755 4969 mundanis
1787 4916 1993 4973 deliciis
2020 4918 2112 4973 deo

558 5002 803 5056 lectetur.
834 4999 893 5055 Si
923 5014 1051 5071 ergo
1074 5015 1197 5057 eum
1232 5002 1569 5057 admiremini
1608 5012 1860 5073 tanquam
1884 5020 1914 5060 a
1938 5007 2115 5062 molli-

560 5089 630 5142 tie
648 5086 1051 5153 abhorrentem,
1083 5089 1307 5143 tribuite
1327 5089 1490 5144 etiam
1516 5090 1589 5145 illi
1620 5092 1926 5147 ﬁrmitatem
1950 5096 2113 5153 animi

556 5177 817 5246 ejusmodi
864 5176 1146 5234 laboriose
1180 5180 1303 5235 vitae
1331 5184 1759 5239 convenientem.
1806 5184 1863 5241 Si
1895 5198 2021 5241 vero
2049 5187 2108 5242 in

556 5266 765 5336 optimo
791 5266 914 5323 vitae
942 5282 1142 5338 genere
1182 5270 1314 5325 nihil
1340 5272 1572 5343 amplius
1602 5274 1860 5343 statuitls,
1896 5278 1991 5333 sed
2017 5291 2112 5333 eo-

559 5359 679 5411 dem
712 5357 901 5412 ordiue
952 5358 1164 5416 habetis
1202 5375 1325 5417 eum
1352 5364 1441 5433 qui
1492 5365 1703 5421 laborat
1751 5382 1870 5421 cum
1916 5382 1986 5423 eo
2017 5370 2111 5438 qui

560 5445 863 5513 deiiciatur,
910 5462 1027 5515 cur,
1076 5452 1397 5523 contemptis
1425 5455 1491 5509 iis
1519 5455 1612 5525 qni
1662 5456 1850 5512 sericis
1876 5459 2112 5513 vestibus

562 5544 785 5589 utuntur
815 5544 870 5591 et
913 5537 966 5592 in
1014 5538 1151 5595 auiis
1194 5555 1379 5611 regum
1412 5554 1730 5613 versantur,
1772 5560 1896 5603 eum
1934 5548 2026 5617 qui
2058 5547 2113 5602 iu

638 5715 680 5744 ⁶¹
710 5714 845 5770 Psai.
881 5731 1033 5784 xcm,
1075 5718 1157 5771 li.

2220 3300 2237 3332 ι
2271 3284 2375 3335 Ἰδε
2402 3283 2640 3352 ὀ¹Δμνδς
2672 3282 2764 3334 τοῦ
2802 3281 2958 3348 Θεοῦ,
2988 3284 3015 3335 ὀ
3047 3284 3215 3354 αἴρων
3260 3286 3359 3354 τὴν
3395 3288 3669 3360 ἁμαρτίαν
3693 3290 3787 3345 τοῦ

2214 3373 2500 3441 κόσμους»
2548 3372 2656 3426 Καὶ
2715 3369 2781 3443 ἦν
2827 3373 2887 3425 οὐ
2942 3375 3137 3444 μικρὸν
3187 3375 3437 3431 ἐντεῦθεν
3498 3379 3787 3435 ὑπολαϐεῖν

2214 3461 2430 3513 ἔσεσθαι
2451 3464 2561 3525 τοῖς
2588 3461 2762 3531 ϐχλοις
2786 3463 2845 3515 τὸ
2877 3462 3089 3534 βλάϐος.
3116 3464 3324 3518 Οὐκοῦν
3353 3465 3413 3519 τὸ
3442 3468 3789 3541 συμϐεϐηκὸς

2214 3552 2394 3613 αὐτοῖς
2430 3546 2747 3622 θεραπεύων
2782 3552 2971 3618 πάθος,
3003 3554 3098 3606 και
3142 3554 3240 3625 τὴν
3261 3540 3381 3610 ‘aue
3413 3557 3504 3609 τοῦ
3556 3540 3786 3614 σκανδά-

2213 3643 2325 3713 λου]
2360 3642 2560 3714 ζημίαν
2609 3642 2941 3714 ἀπορῤιζῶν,
2999 3644 3147 3713 λέγει
3194 3645 3329 3717 πρὸς
3385 3647 3613 3712 αὐτούς’
3654 3672 3671 3701 ε
3722 3650 3787 3704 Τί

2213 3734 2460 3802 ἐξήλθετε
2494 3735 2573 3796 είς
2604 3732 2702 3804 τὴν
2734 3733 2936 3803 ἔρημον
2974 3734 3137 3799 ίδεῐν;
3167 3736 3412 3807 κάλαμον
3445 3737 3555 3790 ὑπὸ
3584 3740 3785 3809 ἀνέμου

2218 3824 2608 3894 σαλευόμενονς
2642 3843 2661 3875 ι
2707 3823 3116 3894 Ἐθαυμάσατε,
3163 3827 3324 3897 φησὶ,
3370 3828 3461 3881 τὶν
3518 3832 3786 3901 μακάριον

2216 3914 2544 3982 Βαπτιστὴν,
2577 3914 2673 3965 καὶ
2713 3913 2776 3980 δὴ
2814 3914 2907 3965 καὶ
2940 3916 3037 3983 τὴν
3077 3916 3210 3985 πρὸς
3260 3917 3423 3969 αὑτὸν
3475 3918 3785 3989 ἀποδημίαν

2215 4003 2536 4057 ὲπονίσασθε
2580 4002 2857 4067 πολλάκις,
2891 4003 2988 4066 τὰς
3026 4003 3167 4055 οὕτω
3201 4006 3413 4075 μακρὰς
3444 4010 3541 4072 τῆς
3578 4010 3783 4080 ἐρήμου

2215 4094 2628 4165 κατατρίϐοντες
2659 4095 2831 4159 ὁδοὺς,
2867 4097 2959 4148 καὶ
2991 4095 3172 4167 ἱδρῶτι
3201 4098 3380 4168 πολλῷ
3412 4098 3508 4169 τὴν
3537 4101 3784 4158 ὲντεῦθεν

2216 4187 2478 4256 ὠφέλειαν
2527 4185 2843 4255 ὠνούμενοι.
2878 4188 2999 4257 Ἆρ’
3038 4182 3130 4241 οὖν
3160 4188 3284 4258 εικῆ
3326 4191 3419 4242 καὶ
3456 4193 3783 4264 προχείρως,

2218 4278 2399 4346 φησὶν,
2434 4275 2787 4347 ἐθαυμάζετε,
2818 4278 2975 4348 εἴπερ
3001 4277 3172 4342 οὓτως
3197 4280 3356 4332 αὑτὸν
3391 4281 3621 4351 ἐλαφρὸν
3642 4284 3785 4355 ἔχειν

2215 4368 2389 4421 οἴεσθε
2427 4368 2519 4421 τὸν
2556 4368 2699 4435 νοῦν,
2741 4370 2817 4432 ὡς
2856 4371 3231 4440 προσεοικέναι
3280 4372 3509 4442 καλάμῳ
3546 4374 3624 4445 τῷ
3667 4374 3784 4430 λίαν

2217 4456 2443 4527 ἑτοίμως
2480 4459 2564 4525 ἐφ’
2590 4459 2727 4527 ὅπερ
2762 4459 2828 4512 ἂν
2859 4458 3070 4529 συνωθῇ
3114 4459 3174 4512 τὸ
3204 4460 3419 4531 πνεῦμα
3454 4464 3780 4521 συννεύοντι.

2147 4534 2190 4588 Ῐ)
2221 4547 2341 4610 Πῶς
2368 4547 2475 4619 γὰρ
2502 4549 2619 4617 οὐχὶ
2646 4548 2880 4611 τοιοῦτος
2901 4548 2977 4601 ὢν
3000 4550 3373 4620 εὑρεθήσεται,
3406 4554 3563 4625 εἴπερ
3591 4556 3781 4623 ὅντως,

2213 4638 2270 4691 ὃν
2285 4638 2441 4704 οἶδεν,
2456 4641 2668 4708 ἀγνοεῖν
2681 4639 2948 4710 ὁμολογεῖ,
2964 4642 3028 4693 ὲκ
3044 4641 3244 4713 πολλῆς
3260 4658 3407 4706 τινος
3420 4644 3577 4699 τοῦτο
3595 4642 3783 4701 παθὼν

2215 4731 2508 4801 ἐλαφρίαςς
2544 4729 2681 4783 Ἀλλ’
2709 4732 2766 4783 ού
2796 4731 3037 4802 κάλαμον
3073 4732 3170 4801 μέν
3193 4746 3207 4762 ’
3241 4753 3263 4784 ε
3292 4732 3356 4786 Τί
3388 4735 3444 4787 δὲ
3474 4736 3621 4805 ὅμως
3658 4738 3784 4791 [δεῖν

2214 4821 2494 4892 ὲξήλθετες
2520 4820 2835 4893 Ἄνθρωπον
2856 4823 2912 4875 εν
2938 4822 3197 4892 μαλακοῖς
3219 4824 3621 4894 ἠμφιεσμένονς
3654 4827 3784 4882 ’1δοῦ

2214 4911 2263 4963 oi
2292 4910 2360 4963 τὰ
2392 4908 2613 4980 μαλακά
2640 4908 2928 4980 φοροῦντες
2962 4912 3021 4966 ὲν
3051 4913 3163 4975 τοῖς
3191 4912 3361 4976 οῖκοις
3382 4912 3491 4965 τῶν
3520 4912 3785 4983 βασιλέων

2219 5002 2374 5056 είσίν.
2398 5020 2421 5053 δ
2454 4997 2547 5065 Οἷς
2586 5001 2648 5070 δὴ
2684 5002 2773 5053 καὶ
2814 5002 3014 5072 μᾶλλον
3044 5003 3111 5056 ἀν
3155 5004 3262 5073 εἴη,
3297 5004 3482 5074 φησιν,
3517 5007 3787 5075 ἁρμοδιώ-

2218 5109 2373 5165 τερον
2415 5093 2477 5146 τδ
2516 5093 2577 5145 ἐν
2609 5094 2796 5162 φρεσὶν
2826 5094 3091 5163 ὑπάρχειν
3135 5094 3412 5165 ἐλαφραῖς.
3454 5096 3622 5150 Πόθεν
3680 5099 3786 5171 γὰρ

2218 5184 2247 5235 ὁ
2275 5182 2522 5247 σύντονος
2559 5181 2702 5235 οὕτω
2746 5184 2870 5256 περὶ
2918 5184 3015 5255 τὴν
3062 5184 3315 5255 ἄσκησιν,
3351 5184 3564 5256 βέϐαιός
3597 5203 3658 5241 τε
3696 5192 3787 5242 καὶ

2220 5274 2386 5338 πολὺς
2423 5276 2506 5339 είς
2544 5274 2607 5327 τὸ
2637 5275 2729 5328 καὶ
2764 5275 2939 5329 utiqu
2962 5275 3071 5329 τῶν
3102 5276 3202 5345 τῆς
3234 5277 3436 5347 σαρκὸς
3478 5281 3785 5347 καταγωνί-

2223 5363 2407 5427 ζεσθαι
2442 5364 2648 5428 παθῶν,
2677 5366 2758 5427 εἰς
2789 5365 3057 5437 τοσαύτην
3088 5366 3327 5436 ἀμαθίαν
3359 5368 3684 5437 ὺιϐήσεταη
3714 5371 3788 5424 Τὸ

2222 5457 2329 5527 γὰρ
2369 5459 2426 5509 ὲν
2457 5456 2680 5528 τοιαύτῃ
2723 5459 2934 5512 κεῖσθαι
2973 5460 3209 5522 διανοίας
3258 5460 3567 5531 κουφότητι,
3610 5462 3788 5533 ψυχῆς

2223 5549 2288 5601 ἂν
2316 5548 2423 5619 εἴη,
2460 5550 2641 5620 φησιν,
2671 5549 2729 5602 ού
2764 5550 3204 5621 σκληραγωγίαις
3245 5550 3466 5620 μᾶλλον,
3494 5552 3629 5607 άλλά
3673 5556 3787 5616 ταῖς
