4048 6496
271 426 376 484 173

1697 405 1972 465 THESAU
1983 407 2074 465 ιιυ
2086 407 2144 464 S.

3435 393 3544 452 174

269 545 330 596 ἐν
376 538 568 608 κόσμῳ
613 535 848 606 τρυφαῖς
911 529 1198 602 ἡδομένης.
1228 530 1293 584 El
1352 546 1449 600 μεν
1494 523 1587 582 οῦν
1632 529 1706 592 ὡς
1752 528 1852 581 οὐκ

1983 526 2249 594 οιίιιιιιίιιε
2277 525 2442 595 degit,
2488 521 2688 590 vilique
2717 518 2916 575 vestitu
2949 532 3043 574 seu
3077 516 3257 588 potius
3299 514 3424 586 pilis
3444 530 3540 574 ca-

270 633 399 686 ὅντα
441 632 501 683 ἐν
543 627 810 700 μαλακοῖς
859 621 1186 694 θαυμάζετε,
1214 621 1334 674 δότε
1379 624 1445 691 τῇ
1479 621 1711 690 ἀσκήσει
1757 618 1859 688 τὴν

271 723 410 792 αὐτῇ
475 717 797 790 πρέπουσαν
862 714 1183 783 ἀσφάλειαν.
1236 711 1301 764 Ei
1351 711 1408 764 δὲ
1464 712 1522 763 ὲν
1569 708 1647 780 τῷ
1711 707 1859 780 βιοῦν

269 814 472 884 ἄριστα
502 811 564 863 τὸ
593 807 756 865 πλέον
784 805 958 870 οὐδὲν,
990 806 1047 856 ὲν
1073 803 1130 856 δὲ
1161 802 1251 876 [an
1279 800 1429 867 τάξει
1464 800 1554 854 τὸν
1595 800 1862 855 πονοῦντα

271 903 348 972 τῷ
380 901 656 974 τρυφῶντι
693 900 907 969 θήσετε,
939 895 992 948 τί
1032 895 1092 948 τὸ
1138 892 1421 965 σεμνύνειν
1469 892 1698 961 ἀφέντες
1737 891 1862 954 τοὺς

269 995 432 1061 οἷπερ
472 991 610 1044 εἰσιν
651 992 708 1045 ἐν
748 988 1010 1061 μαλακοῖς
1048 986 1272 1056 ἀμφίοις
1304 983 1399 1038 καὶ
1433 986 1491 1039 ὲν
1531 983 1723 1047 αὐλαῖς
1764 982 1864 1053 βα-

273 1083 490 1148 σιλέων,
539 1081 637 1146 τὰς
680 1083 737 1136 ὲν
780 1081 972 1151 ἐρήμῳ
1018 1076 1326 1147 διατριϐὰς,
1378 1076 1472 1132 καὶ
1518 1074 1864 1146 περιϐόλαιον

272 1175 514 1239 εὐτελὲς,
550 1173 750 1243 μᾶλλον
779 1171 836 1225 δὲ
869 1171 966 1234 τὰς
1001 1172 1066 1225 ἐκ
1103 1169 1367 1242 καμήλων
1414 1167 1605 1239 τρίχας
1652 1165 1866 1236 θαυμά-

272 1265 428 1331 ζετε;
483 1263 623 1316 Ἀλλ’
662 1257 821 1332 οἶμαι
870 1261 1214 1331 δυσωπήσειν
1254 1259 1400 1330 ὑμᾶς
1440 1258 1502 1311 τὸ
1548 1258 1606 1312 ὲν
1651 1254 1865 1319 τούτοις

272 1357 500 1421 ἄτοπον,
551 1352 911 1422 ἀξιοζήλωτον
943 1351 998 1405 δὲ
1042 1351 1212 1413 ὅντως
1249 1350 1424 1421 ὲρεῖτε
1454 1348 1546 1403 τὸν
1597 1347 1865 1418 μακάριον

273 1447 611 1517 Βαπτιστήν.
639 1440 765 1514 τΔρ’
791 1438 887 1495 οῦν
914 1440 1091 1494 οἴεσθε
1143 1440 1430 1512 προφήτην
1476 1438 1744 1508 ὑπάρχειν
1771 1436 1867 1489 αύ-

272 1542 400 1604 τόν;
433 1540 545 1592 Ναὶ
573 1536 882 1607 προφήτην,
927 1533 1126 1604 μᾶλλον
1155 1533 1210 1586 δὲ
1241 1532 1336 1586 καὶ
1363 1531 1644 1603 προφήτου
1672 1531 1865 1583 πλεον-

277 1629 548 1684 εκτοῦντα
569 1627 630 1680 τὸ
656 1626 875 1695 μέτρον.
905 1624 967 1675 Οἱ
997 1623 1096 1692 μὲν
1129 1621 1238 1691 γὰρ
1264 1621 1339 1682 ὼς
1371 1621 1490 1691 ἥξει
1533 1620 1868 1690 προεκήρυτσ

276 1738 390 1783 τον,
419 1718 573 1770 οῦπω
605 1715 845 1786 παρόντα
873 1712 1164 1782 θεώμενοι·
1197 1713 1225 1764 ὁ
1251 1711 1310 1764 δὲ
1343 1710 1404 1764 τὸ
1436 1710 1864 1780 συναμφότερον.

279 1807 625 1878 Πανταχόθεν
646 1802 937 1874 τοιγαροῦν
955 1805 985 1855 ὁ
1006 1802 1194 1872 Σωτὴρ
1219 1800 1546 1870 άξιάγαστον
1568 1795 1732 1853 οὖσαν
1752 1802 1870 1853 ἑπι-

1962 619 2231 676 melorum
2259 617 2522 682 induitur,
2553 611 2932 670 admiremini?
2961 609 3067 666 Sed
3094 619 3224 680 puto
3247 624 3342 665 vos
3368 612 3543 665 vereri

1961 710 2355 768 absurditatem
2395 708 2555 778 hujus
2601 706 2714 773 rei;
2765 703 3031 760 Joannem
3078 717 3209 758 vero
3242 701 3544 771 Baptistam

1963 801 2329 858 admiratione
2363 800 2585 870 dignum
2629 812 2752 854 esse
2803 793 3019 852 dicetis.
3068 793 3414 850 Existimatis
3445 795 3548 849 ita-

1963 910 2072 966 que
2118 894 2438 966 prophetam
2488 893 2662 962 ipsum
2703 890 2868 947 esse?
2913 889 3073 944 Certe
3125 888 3392 959 prepheta
3442 899 3548 954 est,

1967 986 2077 1041 imo
2106 987 2286 1057 potius
2309 981 2695 1055 prophetarum
2718 979 3085 1036 conditionem
3117 979 3279 1050 longe
3304 988 3549 1048 superat.

1965 1078 2251 1148 Propheta!
2290 1078 2436 1136 enim
2484 1076 2770 1133 venturum
2815 1087 2940 1128 eum
2979 1072 3369 1142 praedixerunt,
3416 1087 3554 1142 prm-

1966 1179 2178 1228 sentem
2229 1177 2408 1225 tamen
2453 1182 2559 1222 non
2603 1165 2860 1223 viderunt
2893 1182 2906 1219 :
2939 1163 3028 1219 hic
3075 1177 3207 1217 vero
3238 1172 3551 1231 utrumque.

1967 1262 2049 1316 lta
2076 1259 2328 1317 Christus
2375 1258 2758 1314 admirandum
2796 1256 3052 1312 omnibus
3091 1254 3268 1311 modis
3296 1253 3557 1324 Baptistae

1971 1351 2276 1407 institutum
2315 1363 2437 1404 esse
2475 1348 2732 1411 ostendit,
2765 1355 2825 1404 ut
2867 1347 3126 1402 credatur
3168 1361 3296 1402 vera
3355 1347 3557 1415 praedi-

1969 1456 2134 1508 care;
2184 1455 2250 1495 ac
2293 1449 2527 1496 testatur
2575 1437 2794 1507 quidem
2830 1436 2948 1506 ipse
2999 1437 3052 1492 in
3093 1435 3382 1492 sublimem
3430 1451 3554 1491 eum

1972 1531 2293 1602 dignitatem
2331 1529 2622 1592 extollens.
2667 1537 2722 1583 et
2763 1530 3061 1598 prophetas
3102 1528 3372 1585 excellere
3421 1526 3560 1582 amr-

1971 1638 2149 1678 muns.
2177 1621 2380 1694 Adjicit
2407 1635 2539 1679 vero
2568 1620 2752 1674 statim
2780 1634 2888 1690 quo
2917 1629 3076 1690 pacto
3096 1620 3211 1675 suis
3244 1620 3425 1676 verbis
3449 1620 3558 1677 Pa-

1974 1715 2075 1772 tris
2110 1714 2276 1770 etiam
2309 1729 2408 1768 vox
2448 1711 2802 1784 respondeat,
2846 1720 2905 1775 ut
2951 1712 3352 1780 quodammodo
3384 1714 3555 1770 etiam

1972 1821 2042 1862 ex
2080 1806 2238 1878 legali
2280 1805 2495 1880 justitia
2553 1802 2925 1865 testimoniqu
2971 1804 3037 1858 de
3079 1818 3145 1858 eo
3185 1804 3559 1875 consignetur.

276 1887 634 1966 ὃεικνύει⁶τὴν
662 1894 753 1947 ἐπὶ
776 1892 854 1964 τῷ
878 1891 1168 1963 προδρόμῳ
1193 1891 1466 1961 διάληψιν,
1496 1889 1582 1942 ἵνα
1610 1891 1870 1961 φαίνηται

1983 1916 2000 1950 ι
2033 1895 2130 1953 llic
2163 1898 2309 1952 enim
2352 1903 2458 1963 est,
2492 1893 2690 1964 inquit,
2727 1893 2796 1948 de
2821 1907 2929 1962 quo
2970 1893 3234 1963 scriptum
3267 1902 3388 1948 est:
3419 1893 3562 1949 Bero

279 1989 528 2061 κηρύξας
561 1986 736 2056 άληθῆ
756 2001 769 2014 °
807 1986 899 2038 καὶ
934 1985 1202 2055 μαρτυρεί
1234 1983 1332 2051 μὲν
1367 1981 1530 2048 αὐτὸς
1561 1984 1640 2045 εἰς
1672 1981 1873 2054 ὑψηλὸν

277 2079 571 2150 ἀναφέρων
613 2077 852 2147 ἀξίωμα,
888 2075 982 2130 καὶ
1028 2073 1382 2147 προφητικῶν
1425 2072 1743 2139 ἐξάλλεσθαι
1786 2073 1876 2127 τό·

279 2188 399 2224 πων
429 2170 522 2223 τὸν
550 2168 718 2239 ἄνδρα
739 2165 1240 2238 διαϐεϐαιούμενος.
1265 2165 1604 2237 Παρατίθησι
1633 2166 1690 2218 δὲ
1715 2165 1876 2230 εὐθὺς

279 2263 357 2322 ὡς
393 2262 510 2322 τοῖς
542 2258 736 2312 ἑαυτοῦ
781 2259 962 2325 λόγοις
1002 2259 1238 2310 ἐποιεῖτο
1279 2258 1496 2324 γείτονα
1523 2255 1618 2309 τοῦ
1662 2256 1876 2327 Πατρὸς

279 2352 377 2422 τὴν
424 2351 632 2422 φωνὴν,
661 2351 748 2404 ἵνα
775 2351 975 2422 τρόπον
1003 2335 1126 2404 τινὰ
1157 2349 1251 2404 καὶ
1295 2351 1360 2402 ὲκ
1388 2347 1614 2418 νομικοῦ
1656 2347 1878 2402 δικαιώ-

283 2461 458 2514 ματος
489 2447 522 2512 ή
564 2443 650 2497 ἐπ’
677 2441 828 2510 αὺτῷ
876 2440 1153 2512 μαρτυρία
1218 2438 1606 2508 σφραγίζηται.
1659 2457 1678 2491 ι
1708 2433 1876 2503 Οὗτος

280 2535 390 2605 γάρ
417 2535 556 2598 ἐστι,
586 2526 755 2601 φησι,
790 2530 917 2598 περὶ
949 2525 1009 2584 οῦ
1045 2529 1384 2601 γέγραπται·
1425 2526 1556 2581 Ἰδοὺ
1596 2526 1704 2595 ἐγὼ
1739 2527 1876 2580 ἀπο·-

283 2624 491 2678 στέλλω
517 2623 608 2675 τὸν
635 2618 868 2692 ἄγγελόν
898 2637 1001 2688 μου
1035 2619 1138 2693 πρὸ
1169 2617 1461 2692 προσώπου
1492 2635 1608 2685 σου,
1637 2618 1693 2681 ὃς
1719 2634 1880 2672 καιαι

283 2714 545 2770 σκευάσει
593 2714 691 2786 τὴν
738 2714 858 2766 ὀδόν
915 2729 1010 2766 σου
1065 2712 1374 2784 ἔμπροσθέν
1427 2729 1544 2765 σου.
1574 2732 1591 2763 ι
1646 2708 1780 2765 Εἶτα
1827 2712 1879 2765 τί

283 2822 452 2876 φησιν
483 2805 576 2857 ἐπὶ
600 2802 814 2864 τούτοις
839 2801 969 2872 περὶ
995 2801 1157 2854 αὑτοῦ
1181 2818 1194 2865 ;
1231 2803 1402 2873 ’Λμήν
1430 2801 1572 2871 λέγω
1601 2803 1751 2873 ὑμῖν,
1779 2803 1880 2855 οὐκ

283 2898 588 2966 ἐγήγερται
633 2896 691 2946 ἐν
736 2896 1016 2962 γεννητοῖς
1060 2894 1336 2961 γυναικῶν
1385 2883 1587 2963 μείζων
1633 2894 1879 2948 Ἰωάννου

281 2987 380 3041 τοῦ
413 2986 745 3050 Βαπτιστοῦ,
771 2990 798 3040 ὁ
834 2981 892 3038 δὲ
923 2985 1244 3057 μικρότερος
1273 2988 1329 3038 ὲν
1359 2987 1424 3057 τῇ
1477 2984 1727 3055 βασιλεία
1771 2985 1880 3037 τῶν

281 3083 556 3155 οὐρανῶν,
595 3080 797 3152 μείζων
849 3079 1013 3132 αὑτοῦ
1065 3080 1231 3131 ἐστιν.
1258 3096 1274 3128 ι
1317 3079 1459 3149 Ὅρα
1497 3078 1560 3149 δὴ
1614 3078 1774 3130 πάλιν
1823 3079 1882 3131 ὲν

282 3174 498 3237 τούτοις
549 3174 680 3243 ὅσην
731 3171 1026 3241 ἐποιήσατο
1083 3169 1179 3240 τὴν
1229 3169 1543 3239 οἰκονομίαν
1590 3167 1618 3220 ὁ
1666 3169 1880 3238 Σωτήρ.

1974 2008 2076 2064 ego
2107 1993 2318 2047 mittam
2359 1991 2611 2062 angelum
2644 2004 2823 2045 meum
2870 1997 2998 2047 ante
3038 1988 3238 2045 faciem
3266 1998 3436 2056 tuam,
3465 1992 3562 2061 qui

1977 2085 2191 2156 parabit
2231 2084 2375 2139 viam
2421 2093 2568 2138 tuam
2617 2091 2746 2139 ante
2778 2093 2849 2138 te.
2887 2101 2906 2134 ι
2953 2081 3092 2149 Quid
3123 2096 3256 2137 vero
3296 2090 3561 2151 praetcrea

1978 2180 2043 2234 de
2075 2192 2144 2233 eo
2178 2176 2522 2247 praedicant
2554 2177 2727 2230 Amen
2779 2175 2900 2230 dico
2950 2173 3126 2238 vobis,
3172 2188 3277 2228 non
3323 2177 3565 2230 surrexit

1978 2265 2126 2322 inter
2167 2275 2324 2320 natos
2365 2264 2651 2320 mulierum
2702 2263 2875 2332 major
2913 2261 3122 2320 Joanne
3152 2262 3428 2332 Baptista;
3464 2267 3565 2321 mi-

1979 2372 2081 2413 nor
2113 2367 2295 2412 autem
2341 2358 2394 2412 in
2444 2371 2611 2427 regno
2645 2354 2908 2411 caelorum
2956 2356 3132 2426 major
3170 2369 3236 2410 eo
3267 2365 3370 2414 est.
3411 2375 3430 2409 ι
3468 2357 3566 2412 llic

1977 2445 2104 2501 Vide
2143 2459 2329 2501 rursus
2372 2455 2574 2515 quanta
2625 2444 2931 2500 meonomia
2985 2460 3120 2501 usus
3160 2447 3235 2505 sit
3280 2446 3564 2504 Servatur.

1979 2533 2256 2591 Prolixum
2287 2535 2434 2590 enim
2467 2535 2534 2593 de
2574 2534 2817 2606 Baptista
2853 2535 3044 2591 habuit
3077 2551 3407 2593 sermonem.
3447 2537 3571 2607 Opi-

1954 2628 2199 2708 nionem
2237 2628 2382 2684 enim
2415 2642 2554 2697 quae,
2584 2638 2643 2681 ut
2675 2627 2975 2683 verisimile
3009 2639 3114 2694 est,
3144 2628 3317 2686 fraudi
3351 2629 3452 2700 ipsi
3487 2631 3570 2684 [ιι-

1985 2731 2106 2774 tura
2151 2725 2288 2784 erat,
2345 2719 2559 2788 repulit.
2602 2717 2847 2790 Cumque
2891 2717 3040 2773 illum
3091 2719 3296 2788 aliquid
3337 2721 3570 2792 amplius

1982 2824 2148 2879 quam
2178 2810 2497 2878 prephetam
2544 2810 2743 2865 habere
2771 2810 3020 2873 dixisset,
3071 2810 3434 2866 admiratione
3485 2823 3572 2863 at-

1983 2913 2092 2968 que
2147 2913 2335 2956 amore
2384 2900 2607 2966 dignum
2661 2900 3002 2955 auditoribus
3046 2901 3336 2979 ostendit“
3368 2902 3574 2958 Deinde

1987 2988 2147 3059 105
2178 3004 2283 3043 non
2324 2991 2628 3045 surrexisse
2662 2991 2835 3062 inquit
2869 3005 2899 3045 e
2931 2992 3074 3047 natis
3120 2992 3412 3049 mulierum
3459 3009 3575 3054 ma-

1979 3081 2178 3152 jorem.
2225 3081 2358 3136 Cum
2411 3082 2575 3150 igitur
2628 3081 2779 3138 illum
2813 3084 2977 3138 veluti
3014 3084 3307 3153 imaginem
3343 3102 3575 3143 summa:

1988 3172 2226 3236 virtutis,
2257 3185 2378 3241 qua:
2407 3172 2460 3226 in
2485 3183 2642 3226 natos
2667 3186 2697 3226 e
2725 3173 3047 3228 mulieribus
3077 3175 3320 3241 caderet,
3353 3177 3577 3233 statuis-

285 3269 467 3331 Πολὺς
508 3264 658 3333 αὐτῷ
695 3264 790 3316 καὶ
832 3261 1040 3335 μακρὸς
1071 3260 1200 3331 περὶ⁵
1233 3260 1330 3314 τοῦ
1370 3260 1526 3328 ἁγίου
1577 3259 1878 3312 Βαπτιστοῦ

1989 3271 2093 3330 set,
2133 3261 2308 3330 majus
2337 3261 2537 3316 bonum
2585 3261 2833 3330 opponit,
2866 3263 2969 3316 hoc
3001 3271 3107 3327 est,
3140 3264 3234 3334 qui
3270 3279 3462 3320 recens
3486 3281 3578 3322 re-

283 3359 575 3428 κεκίνηται
603 3356 780 3425 λόγος.
820 3355 931 3424 Τὴν
965 3353 1061 3424 μὲν
1094 3351 1223 3422 γὰρ,
1249 3351 1371 3405 ὅθεν
1409 3347 1476 3420 ἦν
1509 3352 1657 3414 είκδς
1695 3351 1884 3420 ἀδικη-

286 3449 555 3523 θήσεσθαί
588 3465 701 3509 πως
744 3445 928 3509 αὐτὸν,
973 3441 1351 3513 ἀπεκρούσατο
1387 3442 1565 3506 δόξαν.
1598 3443 1883 3512 Προφήτου

318 3545 344 3597 έ
385 3560 442 3597 τι
490 3542 653 3594 πλέον
704 3531 850 3608 ῑχέιν
899 3533 1091 3599 εἰπὼν,
1141 3531 1578 3603 ἀξιοθαύμαστον
1646 3532 1745 3604 ἤδη
1793 3533 1887 3585 καὶ

288 3633 744 3707 ἀξιεραστότατον
763 3631 874 3691 τοῖς
896 3625 1266 3696 ἀκροωμένοις
1286 3625 1576 3678 ἐδείκνυεν.
1599 3619 1731 3677 Εἶτα
1751 3621 1886 3692 πρὸς

291 3730 508 3790 τούτοις
538 3729 639 3778 οὐκ
673 3723 968 3795 ὲγηγέρθαι
999 3718 1164 3788 φησιν
1200 3720 1255 3770 ὲν
1296 3718 1574 3787 γεννητοῖς
1613 3714 1887 3782 γυναικῶν

295 3822 544 3891 μεέςονα.
571 3815 772 3869 Εἰκόνα
797 3810 1086 3885 τοιγαροῦν
1115 3810 1304 3879 ὥσπερ
1333 3809 1495 3862 αὐτὸν
1530 3808 1752 3870 ἀναθεὶς
1786 3807 1887 3878 τῆς

292 3911 524 3980 ἐνούσης
574 3906 778 3978 ἀρετῆς
819 3906 877 3958 ὲν
915 3905 1196 3974 γεννητοῖς
1240 3900 1512 3968 γυναικῶν
1548 3899 1778 3969 ἔχουσαν
1827 3897 1889 3951 τὸ

291 4001 625 4070 ἀκρότατον,
680 3992 1173 4064 ἁντιπαρατίθησιν
1226 3991 1287 4044 τὸ
1354 3989 1615 4061 μειζόνως
1664 3987 1886 4056 ἀγαθὸν,

293 4092 568 4153 τουτέστι,
611 4089 705 4140 τὸν
743 4087 870 4157 ἄρτι
901 4087 1002 4157 τῆς
1037 4083 1315 4154 βασιλείας
1353 4082 1655 4152 ἁψάμενον,
1689 4082 1781 4134 καὶ
1810 4082 1890 4145 εἰς

294 4183 410 4234 υίον
455 4176 895 4248 ἀναγεννηοέντα
926 4174 1061 4228 Θεοῦ
1092 4175 1179 4228 διὰ
1210 4173 1304 4228 τοῦ
1335 4172 1683 4251 Πνεύματοςς
1721 4173 1786 4224 ἵν’
1831 4173 1889 4243 ἐξ

293 4268 368 4326 ῶν
407 4273 617 4332 ἐκεῖνος
661 4267 720 4321 τὸ
753 4267 971 4321 ἔλαττον
1013 4267 1151 4337 ἔχων
1185 4263 1556 4336 θαυμάζεται,
1600 4261 1892 4331 ἀξιολογώ-

294 4382 450 4418 τατοι
487 4361 766 4430 φαίνοιντο
800 4362 897 4429 τῆς
932 4357 1208 4428 βασιλείας
1246 4358 1294 4410 οί
1341 4355 1578 4426 μέτοχοι,
1627 4353 1892 4425 βαδίζοιεν

292 4452 350 4506 δὲ
385 4449 688 4526 προθύμως
719 4447 863 4511 τινὲς
909 4447 1001 4499 ἐπὶ
1037 4445 1100 4498 τὸ
1145 4444 1410 4516 ἁρπάζειν
1454 4445 1644 4514 αὐτὴν,
1694 4446 1758 4497 ἐκ
1795 4446 1894 4516 τῆς

309 4543 562 4598 Ἰωάννου
596 4539 766 4610 τιμῆς
791 4539 854 4592 τὸ
883 4537 1191 4608 ὑπερφέρον
1225 4536 1398 4606 αὐτῆς
1426 4536 1891 4607 ἁναμετρούμενοι

1987 3370 2152 3423 gnum
2188 3353 2449 3409 ctelorum
2497 3363 2828 3410 consecutus
2859 3364 3024 3419 esset,
3075 3365 3132 3412 et
3173 3356 3227 3411 in
3273 3356 3443 3413 lilium
3479 3358 3576 3415 Dei

1992 3455 2344 3516 regeneratus
2375 3459 2472 3514 per
2491 3445 2787 3515 Spiritum,
2843 3455 2901 3500 ιιι
2928 3463 2992 3502 ex
3029 3448 3230 3518 quibus
3267 3448 3354 3506 ille
3395 3451 3576 3508 minus

1990 3537 2221 3603 habens,
2254 3536 2596 3591 admirationi
2630 3545 2796 3606 esset,
2827 3536 2979 3607 regni
3014 3538 3305 3609 participes
3339 3539 3576 3598 admira-

1992 3628 2142 3683 tione
2170 3626 2478 3696 dignissimi
2510 3627 2819 3692 videantur,
2869 3638 3035 3697 utque
3085 3630 3178 3684 alii
3211 3631 3469 3686 alacriter
3509 3635 3577 3692 ad

1989 3719 2387 3789 capessendum
2434 3717 2565 3773 illud
2615 3719 2976 3785 contendant,
3035 3733 3103 3774 ex
3142 3718 3366 3778 Joannis
3405 3721 3577 3792 gloria

1991 3809 2313 3865 immensam
2367 3809 2511 3864 illius
2557 3809 3023 3877 pulchritudinem
3072 3812 3429 3869 aestimantes.
3474 3813 3579 3870 Ne-

1990 3917 2097 3971 que
2123 3902 2266 3956 enim
2291 3901 2384 3972 qui
2411 3916 2536 3957 cum
2560 3917 2728 3972 parva
2756 3919 2813 3958 re
2848 3903 3154 3970 contendit,
3186 3919 3437 3976 magnam
3464 3907 3580 3977 glu-

1994 3987 2129 4042 riam
2158 3990 2415 4059 consequi
2441 3999 2641 4059 potest,
2669 3993 2763 4046 sed
2793 3992 2840 4045 si
2867 4007 2990 4048 cum
3021 4005 3218 4063 magno
3240 3993 3578 4062 conferatur,

1992 4077 2198 4144 majore
2254 4091 2506 4133 mensura
2555 4079 2738 4136 vincit.
2788 4080 3033 4150 Regnum
3084 4093 3265 4138 autem
3313 4085 3578 4141 ccelorunt

1993 4167 2230 4238 Spiritus
2280 4169 2482 4224 donum
2534 4184 2659 4225 esse
2694 4171 2947 4239 dicimus,
2977 4170 3132 4243 juxta
3196 4174 3325 4229 illud
3372 4175 3580 4231 Christi

1991 4261 2195 4316 dictum
2232 4279 2244 4315 :
2279 4279 2298 4311 ι
2333 4259 2578 4330 Regnum
2611 4262 2874 4318 cmlorum
2913 4264 3056 4319 intra
3079 4279 3180 4321 vos
3209 4266 3379 4320 est".
3412 4285 3431 4319 ι
3465 4266 3579 4320 Ma-

1987 4353 2076 4427 jor
2107 4353 2289 4422 itaque
2316 4352 2570 4408 omnibus
2602 4354 2746 4409 natis
2769 4370 2799 4408 ε
2831 4355 3058 4412 muliere
3084 4367 3186 4423 cst,
3211 4358 3302 4428 qui
3335 4374 3430 4427 per
3459 4359 3582 4430 Spi-

1996 4442 2160 4496 ritum
2208 4452 2560 4512 rrgeneratns
2603 4452 2704 4496 est.
2754 4442 2836 4497 llli
2869 4444 3013 4498 enim
3058 4445 3232 4500 adhuc
3270 4447 3366 4502 lilii
3401 4448 3582 4502 carnis

1998 4532 2364 4602 appellantur;
2417 4531 2469 4585 hi
2508 4546 2636 4587 vero
2667 4532 2834 4587 Deum
2868 4535 3032 4588 totius
3075 4537 3316 4593 universi
3364 4537 3580 4593 Patrem

297 4634 519 4696 κάλλος.
547 4634 623 4685 υὺ
661 4631 769 4702 γάρ
808 4631 869 4683 τὸ
926 4628 1105 4700 μικρῷ
1143 4645 1250 4681 τινι
1304 4627 1639 4696 φιλονεικοῦν
1681 4630 1760 4692 εἰς
1793 4645 1878 4680 πο-

2005 4630 2290 4685 vocantes,
2325 4630 2382 4675 ut
2410 4620 2506 4677 ﬁlii
2549 4638 2672 4676 eum
2702 4624 2977 4691 invocant,
3023 4627 3268 4682 dicentes
3301 4645 3314 4682 :
3353 4647 3371 4681 ι
3404 4630 3580 4698 Abba,

299 4727 524 4794 σότητα,
553 4723 656 4793 τὴν
689 4720 782 4775 τοῦ
827 4722 1060 4791 μεγάλου
1093 4720 1250 4786 δόξαν
1278 4721 1583 4785 ἀποίσεται,
1614 4721 1728 4775 ἀλλ’
1751 4721 1805 4775 εί
1832 4738 1887 4775 τι

298 4817 439 4887 πρὸς
475 4814 623 4886 μέγα
669 4813 767 4884 τήν
799 4813 1085 4882 σύγκρισιν
1132 4810 1275 4882 ἔχοι,
1320 4811 1399 4883 τῷ
1447 4812 1650 4866 πλείονι
1701 4813 1887 4884 μέτρῳ

297 4909 424 4978 νικᾷ
450 4905 546 4960 καὶ
569 4904 966 4973 ὑπερτείνεται.
994 4903 1280 4958 Βασιλείαν
1301 4904 1357 4957 δὲ
1391 4903 1637 4976 οὐρανῶν
1661 4904 1759 4973 τὴν
1788 4903 1884 4957 τοῦ

297 4999 623 5069 Πνεῦματος
669 4997 818 5052 δόσιν
859 4993 1001 5050 εἶναί
1055 5013 1254 5067 φαμεν,
1303 4995 1445 5050 κατὰ
1489 4995 1549 5049 τὸ
1599 4996 1885 5068 εἰρημένον

295 5091 456 5161 παρὰ
504 5087 776 5160 Χριστοῦ·
817 5107 834 5140 ι
874 5088 940 5141 Ἥ
990 5085 1237 5156 βασιλεία
1281 5085 1391 5139 τῶν
1446 5085 1693 5159 οὐρανῶν
1740 5087 1888 5150 ἐντὸς

298 5179 456 5248 ὑμῶν
503 5181 642 5233 ἐστι.
667 5177 945 5241 ’.Μείζων
982 5170 1076 5230 οὖν
1115 5175 1224 5244 ἄρα
1255 5176 1456 5240 παντὸς
1487 5175 1748 5247 γεννητοῦ
1793 5194 1891 5245 γυ-

296 5272 488 5334 ναικὸς
509 5273 539 5324 ό
563 5272 631 5341 τῇ
658 5269 752 5323 τοῦ
781 5269 1099 5340 Πνεύματος
1119 5269 1477 5339 ἀναγεννήσει
1505 5268 1887 5339 τετιμημένος.

297 5360 364 5412 οι
401 5359 500 5430 μὲν
527 5362 638 5430 γὰρ
683 5357 761 5411 Eat
804 5358 970 5413 τέκνα
1003 5356 1292 5411 καλοῦνται
1340 5356 1565 5428 σαρκὸς,
1595 5359 1644 5409 oi
1686 5357 1742 5411 δὲ
1774 5358 1890 5410 Πα-

298 5447 434 5519 τέρα
485 5445 578 5499 τὸν
616 5444 727 5498 τῶν
785 5445 920 5500 ὅλων
972 5444 1404 5518 ἐπιγραφόμενοι
1457 5445 1611 5510 Θεὸν,
1663 5445 1738 5508 ὡς
1781 5446 1888 5498 υἱοὶ

299 5537 718 5609 προσεύχονται,
741 5537 994 5604 ,λέγοντες
1015 5554 1028 5567 ·
1062 5556 1081 5589 ι
1117 5536 1306 5602 Ἀϐὁᾶ,
1337 5538 1365 5590 ό
1394 5538 1638 5608 Πατήρ.»
1672 5537 1884 5591 Οὐκοῦν

299 5629 347 5680 εί
384 5628 478 5682 καὶ
508 5626 816 5697 ὲνυπάρχῃ,
844 5627 997 5696 φησὶ,
1045 5625 1287 5697 γεννητῷ
1316 5627 1571 5694 γυναικὸς
1600 5627 1660 5679 τὸ
1703 5628 1760 5680 ἐν
1793 5627 1884 5698 ἕρ-

377 5804 418 5837 “
455 5805 590 5861 Luc.
623 5822 756 5872 .xrtt,
787 5806 878 5861 2i.

957 5806 1000 5837 “
1031 5805 1187 5862 Rom.
1226 5821 1339 5872 \‘llt,
1384 5804 1466 5860 15.
1545 5805 1590 5837 ⁸³
1618 5803 1659 5858 ll
1701 5803 1846 5858 I‘etr.
1881 5821 1920 5872 ι,
1963 5806 2008 5858 ί.

1998 4710 2250 4766 Pater“.
2281 4731 2299 4763 ι
2346 4710 2610 4778 Quocirca
2651 4716 2867 4770 tametsi
2917 4715 3195 4787 Baptistae,
3249 4732 3310 4774 ut
3361 4737 3427 4777 ex
3473 4739 3583 4776 mu-

1999 4801 2134 4858 liere
2175 4811 2326 4869 nato,
2358 4819 2568 4858 summa
2599 4819 2822 4873 Operunt
2858 4809 3172 4877 praestantia
3205 4810 3372 4865 insit:
3405 4791 3582 4884 major

1999 4906 2179 4951 tamen
2227 4909 2293 4949 eo
2341 4895 2448 4949 erit
2498 4897 2590 4964 qui
2641 4896 2710 4950 ad
2755 4911 2979 4969 regnum
3033 4901 3296 4958 etelorum
3357 4914 3582 4960 vocatus

1998 4987 2199 5054 fuerit;
2236 4987 2359 5056 quia
2393 5001 2498 5042 non
2533 4989 2768 5058 amplius
2810 4991 3098 5047 vocabitur
3134 4993 3276 5049 (ilius
3314 4996 3578 5063 mulieris,

1999 5078 2094 5132 sed
2121 5077 2319 5132 divina:
2347 5087 2553 5131 natura:
2585 5079 2860 5150 particeps
2884 5081 2976 5137 llet
2999 5083 3067 5147 ",
3097 5091 3153 5138 et
3182 5084 3326 5141 [llius
3357 5087 3454 5142 Dei
3483 5105 3579 5142 vo-

2001 5168 2217 5224 cabitur
2239 5167 2285 5199 “
2310 5185 2324 5222 :
2354 5169 2571 5225 tametsi
2601 5171 2778 5227 minor
2801 5171 2872 5229 sit
2892 5174 2958 5229 iis
2981 5176 3073 5245 qui
3105 5177 3430 5247 perfectiora
3456 5194 3582 5235 sunt

2002 5258 2209 5325 habitu,
2261 5267 2317 5312 et
2345 5259 2573 5329 pusillus
2622 5261 2803 5318 infans
2855 5265 3030 5321 adhuc
3077 5282 3375 5339 recensque
3422 5279 3582 5328 natus

1998 5351 2266 5406 videatur.
2299 5351 2438 5418 Quia
2464 5367 2595 5408 vero
2622 5357 2961 5424 regeneratio
2993 5373 3091 5428 per
3123 5358 3387 5429 Spiritum
3415 5361 3580 5418 Joan-

2001 5440 2088 5498 nis
2113 5453 2166 5498 et
2204 5443 2447 5498 omnium
2480 5445 2572 5514 qui
2612 5461 2676 5501 ex
2722 5448 3041 5506 mulieribus
3083 5452 3196 5508 nati
3239 5463 3365 5508 sunt
3395 5455 3580 5508 condi-

2005 5537 2207 5591 tionem
2242 5536 2427 5591 multis
2453 5537 2756 5596 intervallis
2784 5542 2856 5596 sit
2881 5555 3224 5612 superatura,
3256 5560 3361 5600 non
3394 5556 3582 5600 extra-

2003 5642 2138 5681 neus
2177 5625 2336 5681 nobis
2365 5627 2692 5697 quaerendus
2722 5641 2804 5687 est
2848 5635 3025 5701 testis,
3058 5635 3154 5690 sed
3185 5633 3423 5693 Joannes
3465 5636 3580 5706 ipse

2088 5807 2129 5837 δε
2160 5805 2176 5858 1
2209 5806 2365 5863 Joatt.
2401 5823 2481 5871 ιιι,
2520 5809 2568 5862 l.
