4048 6464
266 468 362 524 17⁸1

766 591 1135 681 ΛΟΓΟΣ
1212 594 1313 677 IB
1337 655 1355 674 .

271 771 368 836 Εἰς
395 770 481 836 τὸ,
511 788 529 821 ι
563 769 705 839 Ἐγὼ
725 769 797 822 ἐν
817 769 901 836 τῷ
927 768 1131 838 Πατρί,
1158 768 1260 823 καὶ
1282 772 1315 823 ὁ
1341 768 1544 837 Πατὴρ

477 838 600 907 καὶ,
632 838 659 892 ⁷(
696 841 840 910 Ἐγὼ
866 841 966 895 καί
997 845 1030 895 ὁ
1064 839 1268 910 Πατὴρ
1297 839 1368 893 ἓν
1390 839 1596 910 ἐσμεν.
1624 859 1644 892 ο

541 975 865 1042 Ἀντίθεσις
896 975 976 1043 ὡς
1013 975 1081 1028 ἐκ
1119 973 1240 1030 τῶν
1276 971 1606 1042 αἰρετικῶν.

335 1088 527 1154 οὐδὲν,
558 1090 712 1160 φασὶ,
741 1088 1077 1158 θαυμαστὸν,
1108 1090 1158 1141 εί
1187 1089 1214 1141 6
1245 1088 1439 1159 Πατήρ
1469 1089 1615 1142 ἐστιν
1641 1092 1698 1139 ὲν
1726 1085 1862 1156 Υῖῷ,

263 1181 357 1235 καὶ
383 1183 414 1234 6
443 1180 576 1245 Υἱὸς
604 1182 664 1234 ὲν
697 1181 912 1252 Πατρὶ,
958 1181 1092 1235 ὅπου
1127 1181 1221 1234 καὶ
1267 1180 1396 1250 περὶ
1440 1178 1597 1250 ἡμῶν
1629 1179 1686 1232 αἱ
1727 1178 1865 1232 θεῖαι

262 1269 483 1338 λέγουσι
511 1271 726 1344 Γραφαὶ
753 1272 837 1325 ὄτι
867 1289 886 1323 ‹
910 1272 999 1326 Ἐν
1027 1271 1179 1343 αὑτῷ
1207 1270 1392 1342 ζῶμεν
1417 1271 1512 1323 καὶ
1541 1269 1863 1340 κινούμεθα,

263 1362 357 1414 καὶ
392 1363 585 1432 ἐσμέν.
612 1381 632 1414 ι
669 1363 883 1436 Ὠσπερ
912 1359 1006 1418 οὖν
1035 1363 1132 1417 καὶ
1173 1365 1348 1435 ἡμεῖς
1376 1365 1434 1418 ὲν
1470 1363 1621 1434 αὑτῷ
1659 1359 1864 1435 ζῶμεν,

262 1452 356 1506 καὶ
403 1451 727 1524 κινούμεθα,
773 1455 870 1509 καὶ
911 1453 1102 1525 ὲσμὲν,
1146 1453 1401 1527 καθάπερ
1431 1455 1680 1524 εἴρηται,
1725 1451 1869 1505 οὕτω

265 1543 360 1597 καὶ
387 1543 418 1596 6
448 1543 580 1608 Υίός
608 1545 758 1599 ἐστιν
789 1545 847 1598 ὲν
875 1544 1070 1615 Πατρί.
1114 1543 1238 1606 Πῶς
1263 1542 1376 1615 γὰρ
1405 1538 1517 1598 οἷόν
1550 1559 1611 1595 τε
1645 1539 1874 1613 μείζονα.

263 1638 394 1691 ὑντα
431 1625 527 1690 τοῧ
561 1636 688 1692 Υἱοῦ
728 1640 930 1709 χωρεῖν
959 1640 1016 1692 ὲν
1048 1636 1199 1707 αὑτῷ
1227 1636 1320 1691 τὸν
1360 1635 1615 1706 Πατέρα-;
1642 1634 1714 1686 Ἦ
1750 1632 1868 1696 πῶς

266 1735 408 1788 κατά
437 1734 574 1792 πολὺ
601 1737 696 1790 τοῦ
735 1737 950 1808 Πατρὸς
981 1735 1375 1807 ἐλαττούμενος
1400 1737 1430 1789 6
1453 1735 1603 1800 Υἱὸς,
1635 1735 1692 1787 ὲν
1721 1731 1870 1803 αὑτῷ

264 1827 518 1899 χωρῆσαι
543 1830 833 1902 δυνήσεται
862 1831 957 1885 καὶ
989 1830 1276 1901 πληρῶσαι
1308 1830 1368 1885 τὸ
1403 1828 1631 1900 μεῖζον;

768 1943 927 2011 Πρὸς
955 1943 1132 1997 τοῦτο
1166 1943 1371 2010 λύσις.

337 2049 400 2102 El
418 2051 672 2123 καθάπερ
699 2051 862 2123 σῶμα
882 2054 943 2106 νιν
967 2051 1180 2124 σώματι
1207 2055 1407 2126 χωρεῖν
1428 2054 1604 2108 οῖεσθε
1629 2053 1720 2109 τὸν
1743 2053 1871 2108 Υίδν

266 2142 324 2193 ἑν
361 2142 562 2213 Πατρὶ,
590 2143 821 2206 εἰκότως
849 2142 938 2205 ἂν.
983 2138 1162 2216 οἶμαι,
1193 2145 1290 2199 καὶ
1324 2143 1508 2218 ζητεῖν
1536 2145 1747 2200 ἕλοισθε
1778 2146 1872 2200 τὸν

265 2237 345 2298 είς
380 2234 647 2304 ἀλλήλους
687 2235 1156 2308 ἀντεμὸιὸασμόν.
1194 2237 1319 2291 ’Enl
1362 2236 1463 2308 μὲν
1491 2237 1602 2308 γὰρ
1644 2237 1874 2302 σκεύους

263 2325 590 2396 όστρακίνου
617 2327 781 2397 τυχὸν
813 2327 846 2398 ἢ
880 2327 947 2394 ἐξ
969 2328 1162 2400 ἐτέρας
1192 2329 1339 2393 τινὸς
1369 2327 1502 2400 ὕλης
1537 2346 1873 2384 κατεσκευαο

267 2418 493 2488 σμένον,
521 2419 623 2472 οὑκ
651 2417 901 2490 ἄκομψον
935 2419 1065 2482 ῖσως
1096 2419 1156 2473 τὸ
1188 2420 1371 2490 λέγειν
1400 2419 1476 2493 μὴ
1511 2420 1771 2476 δύνασθαι
1812 2420 1874 2475 τὸ

268 2507 456 2576 μεῖζον
524 2504 603 2576 τῷ
662 2506 910 2560 ἐλάττονι
962 2508 1218 2576 γενέσθαι
1281 2511 1566 2582 χωρητὸν,
1634 2511 1756 2584 μηδ’
1802 2505 1870 2566 αὖ

264 2599 429 2652 πάλιν
457 2598 520 2652 τδ
551 2598 771 2654 ἔλαττον
810 2600 1160 2671 ἀναπληροῦν
1190 2603 1251 2655 τὸ
1283 2603 1488 2673 μεῖζον.
1525 2604 1650 2657 Ἐπὶ
1675 2604 1732 2658 δὲ
1764 2605 1874 2659 τῶν

263 2690 598 2760 ἀσωμάτων,
640 2691 735 2745 καὶ
780 2684 858 2746 ὧν
892 2693 924 2754 ἠ
975 2692 1138 2762 φύσις
1174 2692 1234 2746 τὸ
1269 2693 1331 2748 ἔκ
1371 2711 1517 2758 τινος
1564 2694 1700 2768 ὕλης
1735 2693 1872 2750 εἶναι

261 2782 632 2851 διαπέφευγε,
676 2786 828 2836 ποῖον
865 2783 933 2837 ἂν
973 2782 1087 2854 ἔχει
1133 2784 1294 2856 λόγον
1333 2787 1367 2857 ἡ
1421 2788 1726 2858 πρότασιςς
1762 2790 1873 2844 Καὶ

261 2872 442 2929 ταῦτά
479 2891 660 2945 φαμεν
702 2876 779 2938 ὼς
809 2877 946 2949 πρὸς
977 2876 1038 2930 τὸ
1069 2878 1264 2949 παρὸν,
1297 2879 1358 2933 τὸ
1398 2881 1528 2952 παρ’
1557 2882 1686 2951 ὑμῖν
1726 2885 1873 2953 ἀμα-

265 2966 377 3031 θῶς
402 2967 800 3038 ὑπονοούμενον
842 2970 1322 3041 συγχωρήσαντες,
1352 2973 1447 3026 καὶ
1476 2973 1730 3046 καθάπερ
1771 2977 1874 3028 αὑ-

262 3061 352 3114 τοὶ
418 3058 772 3131 πλανώμενοι
815 3061 1244 3126 πεπιστεύκατε,
1294 3063 1521 3134 μείζονα
1587 3066 1682 3120 τοῦ
1737 3066 1871 3122 Υίοῦ

263 3149 410 3206 εἶναι
443 3151 627 3221 λέγειν
662 3152 753 3206 τὸν
778 3153 1020 3224 Πατέρα·
1051 3156 1080 3208 6
1110 3154 1166 3209 δὲ
1189 3156 1290 3226 τῆς
1313 3157 1571 3228 ἀληθείας
1591 3158 1754 3229 λόγος
1773 3161 1873 3232 οὐχ

261 3243 441 3308 οὓτως
470 3243 604 3314 ἔχει.
637 3245 797 3298 Ἐστι
834 3244 942 3318 γὰρ
973 3247 1088 3308 ῖσος
1132 3247 1210 3318 τῷ
1256 3250 1436 3320 Πατρὶ
1475 3251 1618 3305 κατὰ
1661 3252 1862 3308 πάντα.

1695 428 2136 519 Tussaunus.

3455 459 3554 515 178

2322 597 2898 720 ASSERTIO
2971 599 3202 687 xu.

1567 768 1638 823 ἐν
1667 768 1814 840 ἐμοὶ,
1837 787 1856 821 ι

1977 771 2029 826 In
2079 769 2213 826 illud
2239 787 2258 826 :
2296 789 2314 822 ι
2352 769 2464 841 Ego
2504 773 2561 826 in
2603 770 2788 835 Patre,
2838 781 2886 826 et
2923 770 3082 826 Pater
3129 772 3184 825 in
3230 770 3396 837 me";
3435 786 3454 822 ι
3488 779 3560 837 el,

2255 860 2274 893 ι
2307 841 2418 913 Ego
2451 853 2498 897 et
2537 841 2702 898 Pater
2741 859 2903 898 unum
2944 842 3215 897 sumus".
3251 860 3270 893 ι

2419 975 2662 1048 Objectio
2708 977 3103 1033 haereticorum.

2038 1089 2182 1145 Nihil
2215 1090 2412 1147 mirum
2457 1102 2562 1157 est,
2602 1092 2875 1162 inquiunt,
2923 1091 2967 1147 si
3001 1090 3161 1146 Pater
3191 1101 3285 1145 est.
3316 1089 3368 1144 iu
3401 1087 3559 1152 Filio,

1967 1193 2022 1240 et
2051 1183 2224 1240 Filius
2270 1183 2323 1239 iu
2370 1185 2556 1252 Patre,
2611 1200 2736 1242 cum
2786 1187 2853 1240 de
2894 1184 3051 1240 nobis
3085 1184 3250 1242 etiam
3285 1183 3442 1254 107
3478 1197 3567 1237 sa-

1968 1289 2075 1331 cra:
2116 1275 2414 1349 Scriptura:
2461 1276 2666 1346 dicant,
2703 1278 2846 1347 quod
2882 1297 2900 1330 ‹
2934 1279 2992 1332 1η
3042 1277 3159 1348 ipso
3211 1275 3472 1342 vivimus,
3511 1286 3562 1328 et

1968 1383 2289 1435 movemur,
2343 1379 2398 1426 et
2463 1370 2744 1428 sumus".
2778 1389 2797 1422 ι
2870 1369 3342 1437 Quemadmodum
3399 1369 3564 1440 igitur

1968 1461 2133 1516 etiam
2175 1476 2277 1518 nos
2308 1461 2361 1517 in
2406 1462 2523 1533 ipso
2545 1462 2803 1527 vivimus,
2839 1472 2893 1517 et
2928 1475 3232 1527 movemur,
3268 1472 3323 1518 et
3349 1477 3560 1529 sumus,

1969 1553 2114 1609 sicut
2152 1553 2416 1624 scriptum
2453 1563 2556 1620 est,
2602 1555 2676 1610 ita
2709 1564 2764 1610 et
2808 1554 2981 1610 Filius
3013 1564 3098 1610 est
3134 1556 3188 1610 iu
3221 1553 3402 1609 Patre.
3446 1555 3566 1621 Quo

1971 1650 2129 1713 pacto
2170 1643 2312 1699 enim
2341 1641 2458 1698 ﬁeri
2485 1651 2684 1713 potest,
2713 1653 2772 1698 ut
2815 1642 2977 1700 Pater
3013 1659 3133 1698 cum
3172 1643 3347 1712 major
3370 1643 3444 1696 sit
3475 1640 3567 1694 Fi-

1970 1734 2064 1799 lio,
2121 1732 2176 1787 in
2227 1748 2292 1789 eo
2326 1733 2726 1789 contineatur?
2768 1733 2877 1789 Aut
2907 1732 3196 1800 quomodo
3237 1731 3424 1797 Filius,
3476 1732 3568 1800 qui

1973 1824 2143 1880 multo
2181 1825 2362 1880 minor
2389 1833 2495 1893 est,
2536 1823 2799 1895 majorem
2838 1823 3066 1893 implere
3095 1823 3297 1894 possit?

2502 1937 2708 1994 Salutio
2737 1939 3067 2008 objectiom'r.

2047 2054 2104 2110 Si
2144 2063 2202 2111 ut
2230 2069 2429 2127 corpus
2477 2070 2709 2127 corpore
2760 2055 3098 2119 continetur,
3153 2054 3229 2108 ita
3271 2053 3468 2109 Filium
3517 2055 3571 2108 iu

1975 2145 2139 2212 Patre
2164 2146 2434 2203 contineri
2466 2146 2823 2215 existimatis,
2853 2145 3051 2202 merito
3087 2144 3320 2200 fortasse
3348 2144 3575 2199 alterius

1976 2237 2031 2292 in
2079 2235 2254 2292 altero
2305 2235 2708 2307 impositionem
2776 2234 3058 2305 qumratis.
3135 2230 3270 2286 Nam
3332 2232 3386 2286 in
3446 2245 3575 2290 vase

1977 2326 2220 2398 ﬂgulino,
2267 2337 2362 2384 aut
2401 2343 2471 2385 ex
2509 2328 2614 2383 alia
2659 2327 2843 2397 aliqua
2892 2326 3120 2382 materia
3158 2324 3417 2398 conﬂato,
3465 2340 3573 2381 non

1975 2423 2161 2491 inepte
2217 2421 2501 2487 dixeritis,
2555 2420 2734 2488 majus
2785 2421 2838 2475 in
2888 2420 3101 2475 minore
3145 2417 3418 2474 contineri
3466 2433 3573 2473 nou

1975 2529 2176 2585 posse:
2208 2528 2385 2585 neque
2425 2528 2618 2569 rursus
2642 2513 2824 2568 minus
2850 2527 3013 2582 posse
3062 2510 3289 2583 implere
3334 2509 3386 2564 id
3429 2511 3575 2579 quod

1977 2604 2153 2675 majus
2183 2616 2285 2662 est.
2333 2603 2392 2659 lu
2427 2605 2766 2676 incorporcis
2815 2620 2970 2670 vero,
3015 2612 3072 2659 ει
3103 2617 3334 2674 quorum
3382 2612 3574 2656 natura

1974 2698 2156 2754 omnis
2176 2697 2422 2753 materiae
2442 2712 2638 2767 expers
2655 2707 2761 2762 est,
2782 2711 2942 2766 quem
2968 2696 3144 2750 locum
3169 2694 3370 2749 habeat
3396 2700 3576 2752 vestra

1974 2786 2502 2858 propositiu?Atque
2528 2786 2644 2841 haec
2672 2787 2891 2855 quidem
2915 2786 2966 2839 in
2992 2785 3285 2854 praesentia
3318 2782 3576 2846 diximus,

1976 2880 2179 2949 aliquid
2223 2895 2254 2933 a
2311 2880 2465 2934 vobis
2517 2878 2769 2945 imperite
2818 2879 3024 2936 dictum
3077 2876 3460 2938 concedentes,
3525 2886 3582 2930 et

1976 2971 2432 3041 quemadmodum
2466 2985 2564 3025 vos
2590 2978 2840 3024 errantes
2865 2968 3201 3034 credidistis,
3233 2967 3450 3022 Patrem
3486 2965 3578 3021 Fi-

1976 3061 2048 3115 lio
2081 3058 2345 3128 majorem
2401 3059 2725 3124 dicendum;
2770 3059 3019 3114 veritatis
3066 3068 3248 3113 autem
3283 3058 3421 3112 ratio
3472 3073 3577 3114 nou

1975 3149 2049 3228 ita
2077 3164 2138 3205 se
2163 3149 2326 3204 habet
2357 3167 2371 3202 :
2398 3160 2480 3204 est
2509 3149 2655 3204 enim
2682 3148 2911 3219 aequalis
2935 3148 3081 3202 Patri
3111 3162 3208 3217 per
3234 3148 3439 3202 omnia.
3471 3147 3579 3206 Sed

1977 3257 2156 3313 neque
2193 3254 2289 3296 vos
2319 3241 2587 3312 ejusmodi
2636 3241 2821 3296 verbis
2866 3255 3065 3296 usuros
3094 3239 3485 3306 existimarint,
3534 3242 3580 3294 si

264 3325 437 3404 Οἶμαι
485 3336 528 3389 δ’
567 3333 634 3392 αὖ
668 3337 769 3391 οὑκ
814 3338 884 3392 ἂν
929 3339 1075 3408 ὑμᾶς
1121 3339 1260 3404 ὅλως
1303 3342 1518 3406 τούτοις
1557 3344 1870 3414 χρήσασθαι

1981 3330 2354 3402 intelligeretis
2378 3331 2508 3401 quid
2543 3331 2615 3386 slt
2635 3345 2797 3386 verus
2823 3329 3006 3396 Pater,
3043 3332 3170 3401 quid
3197 3347 3357 3386 verus
3384 3331 3576 3398 Filius,

260 3430 382 3491 τοῖς
406 3427 608 3496 λόγοις,
638 3431 797 3499 εἴπερ
823 3428 1002 3500 ᾔδειτε
1036 3429 1089 3482 τί
1119 3430 1266 3483 ἐστιν
1298 3430 1555 3502 ἀληθινὸς
1596 3436 1625 3487 6
1655 3437 1869 3509 Πατὴρ,

263 3520 362 3573 καὶ
397 3518 652 3590 ἀληθινὸς
678 3522 706 3574 6
736 3519 887 3589 Υἱὸς,
920 3522 1015 3576 καὶ
1046 3523 1100 3576 τί
1135 3523 1251 3593 φῶς
1284 3524 1519 3596 ἀόρατον
1561 3527 1653 3581 καὶ
1679 3529 1870 3597 ἀΐδιον,

263 3612 393 3666 καῖ’
414 3613 478 3666 τὸ
514 3613 864 3684 ἀπαύγασμα
907 3614 1097 3680 αὑτοῦ,
1142 3619 1240 3671 καὶ
1272 3618 1326 3672 τί
1357 3618 1521 3674 πάλιν
1552 3620 1700 3675 ἐστὶν
1735 3622 1875 3677 ἀσώ-

268 3723 444 3779 ματος
474 3707 774 3772 ὑπόστασις
792 3708 886 3762 καὶ
912 3709 1199 3782 χαρακτὴρ
1219 3711 1532 3782 ἀσώματος.
1557 3713 1619 3766 Εἰ
1641 3713 1750 3785 γὰρ
1773 3715 1875 3780 τὰς

264 3799 401 3870 περὶ
436 3797 548 3852 τῶν
593 3799 853 3852 τοιούτων
902 3804 1125 3873 μνήμας
1159 3803 1302 3857 κατά
1331 3803 1430 3874 τὴν
1460 3804 1664 3877 ἀκριϐῆ
1700 3807 1874 3861 κατά-

262 3888 432 3960 ληψιν
467 3890 548 3952 εἰς
581 3887 710 3942 νοῦν
760 3891 1082 3961 ὲμφορεῖτε,
1130 3893 1349 3957 πάντως
1392 3893 1457 3948 ἂν
1493 3897 1588 3950 καὶ
1633 3896 1732 3968 τὴν
1778 3898 1872 3953 τοῦ

265 3979 406 4033 Θεοῦ
461 3980 626 4048 φύσιν
690 3980 1075 4052 ὲννοήσαντες,
1124 3985 1225 4038 οὑκ
1281 3984 1345 4038 ἂν
1395 3986 1472 4049 ὡς
1511 3989 1641 4059 περί
1680 3991 1875 4061 σωμά-

263 4091 376 4127 των
419 4071 828 4142 ἐφαντάζεσθε,
877 4075 996 4128 ἀλλ’
1042 4077 1356 4144 ἀκολούθως
1406 4082 1520 4144 τοῖς
1561 4082 1874 4155 εἰρημένοις

265 4166 517 4235 ἀκριϐῶς
551 4167 818 4236 ἐζητεῖτε,
852 4168 971 4231 πῶς
1003 4170 1104 4240 μὲν
1128 4173 1156 4225 6
1193 4171 1322 4235 Υἱὸς
1349 4173 1407 4226 ὲν
1444 4173 1642 4245 Πατρὶ,
1670 4174 1788 4240 πῶς
1818 4176 1875 4230 δέ

263 4261 418 4313 ἐστιν
446 4259 476 4310 6
519 4259 716 4329 Πατὴρ
750 4260 809 4313 ὲν
844 4259 980 4333 Υἱῷ.
1030 4261 1118 4326 Ὠς
1151 4263 1260 4334 γὰρ
1305 4265 1616 4336 χαρακτὴρ,
1661 4268 1758 4322 καὶ
1793 4270 1875 4321 εἰ·

263 4349 403 4414 κὼν,
434 4349 528 4402 καὶ
556 4349 904 4421 ἀπαύγασμα
947 4353 1043 4405 καὶ
1085 4355 1361 4426 ὁμοιότης,
1403 4349 1559 4419 οὗτος
1590 4358 1648 4409 ὲν
1679 4358 1876 4429 ἐκείνῳ

264 4443 527 4505 κάκεῖνος
556 4441 615 4493 ἐν
646 4441 823 4513 τούτῳ
872 4444 1144 4512 φαίνεται.
1188 4446 1407 4519 Ἐπειδὴ
1437 4447 1493 4500 δέ
1528 4465 1666 4517 φατε
1704 4449 1876 4523 μηδὲν

263 4529 408 4585 εἶναι
451 4531 791 4604 θαυμαστὸν,
830 4534 880 4586 εἰ
911 4536 1006 4590 καὶ
1033 4539 1061 4590 6
1097 4536 1226 4600 Υἱός
1259 4540 1406 4592 ἐστιν
1445 4540 1503 4592 ὲν
1537 4539 1742 4611 Πατρὶ,
1786 4540 1876 4595 διὰ

261 4625 328 4677 τὸ
356 4625 455 4678 καὶ
503 4626 652 4696 ἡμᾶς
682 4627 741 4679 ὲν
772 4624 922 4698 αὑτῷ
956 4629 1223 4683 κινεῖσθαι
1258 4631 1354 4684 καὶ
1403 4629 1524 4701 ζῇν,
1575 4633 1874 4701 ἀναγκαῖον

1979 3436 2034 3482 ει
2068 3425 2197 3496 quid
2233 3425 2412 3480 lumen
2459 3422 2753 3487 invisibile,
2799 3433 2856 3481 et
2885 3435 3174 3490 aeternum,
3223 3435 3278 3480 et
3322 3426 3582 3495 splendor

1976 3517 2122 3588 ejus,
2159 3517 2366 3588 etquid
2401 3531 2620 3575 rursum
2653 3517 2966 3590 hypostasis
3004 3518 3327 3587 incorporea
3369 3527 3422 3572 et
3449 3518 3582 3574 cha-

1978 3618 2159 3665 ractcr
2184 3609 2560 3680 incorporeus.
2589 3607 2726 3663 Nam
2756 3611 2800 3665 si
2835 3609 2952 3664 haec
2981 3609 3034 3664 in
3073 3610 3391 3665 memoriam
3423 3624 3578 3666 revo-

1978 3711 2165 3759 cantes
2185 3712 2498 3759 accuratam
2521 3701 2935 3774 perfectamque
2952 3717 3140 3758 eorum
3162 3702 3580 3774 intelligentiam

1979 3800 2163 3851 mente
2191 3795 2579 3865 conceperitis.
2607 3804 2754 3851 certe
2787 3795 3060 3851 intellecta
3096 3805 3292 3851 natura
3319 3795 3437 3863 Dei,
3471 3813 3580 3852 non

1977 3887 2096 3945 hac
2131 3904 2393 3961 corporea
2438 3889 2900 3961 imaginaremini,
2933 3891 3050 3954 sed,
3073 3905 3136 3944 ea
3175 3889 3387 3945 ratione
3416 3905 3578 3959 quam

1979 3980 2237 4047 diximus,
2277 3981 2519 4051 perfecte
2551 3981 2902 4051 iuquireretis
2953 3998 3067 4051 quo
3109 3992 3268 4051 pacto
3319 3981 3489 4039 Filius
3525 3983 3578 4037 iu

1977 4069 2140 4126 Patre
2156 4069 2247 4136 sit,
2269 4080 2325 4126 et
2348 4086 2455 4141 quo
2474 4083 2632 4142 pacto
2654 4071 2818 4127 Pater
2841 4071 2894 4126 iu
2920 4071 3078 4127 Filio.
3109 4073 3577 4140 Quemadmodum

1979 4162 2125 4218 enim
2158 4163 2476 4230 character,
2509 4174 2564 4221 et
2610 4164 2809 4237 imago,
2849 4176 2903 4221 et
2933 4165 3229 4236 splendor,
3284 4176 3451 4236 atque
3498 4167 3578 4222 si-

1981 4248 2227 4310 militudo
2253 4255 2319 4320 ",
2358 4257 2448 4311 hic
2480 4258 2531 4310 iu
2562 4255 2750 4322 illo,et
2782 4257 2873 4312 ille
2905 4259 2960 4311 in
3001 4259 3105 4312 hoc
3139 4259 3407 4313 cernitur.
3438 4257 3575 4314 Cum

1978 4360 2110 4402 vero
2138 4348 2331 4403 dicatis
2364 4348 2497 4403 nihil
2528 4348 2724 4403 mirum
2759 4364 2903 4416 esse,
2926 4350 2971 4404 si
3006 4349 3180 4406 Filius
3211 4350 3284 4406 sit
3309 4352 3364 4406 in
3391 4349 3573 4420 Patre,

1978 4439 2106 4509 quia
2129 4449 2187 4494 et
2211 4454 2309 4495 nos
2335 4440 2388 4494 iu
2408 4441 2524 4509 ipso
2547 4455 2832 4496 movemur
2849 4451 2905 4498 et
2928 4443 3183 4508 vivimus,
3205 4445 3576 4500 necessarium

1978 4533 2204 4588 omnino
2239 4533 2518 4589 declarare
2555 4544 2894 4604 quautOpet-e
2923 4535 3088 4590 etiam
3125 4537 3229 4592 hac
3263 4537 3317 4593 in
3361 4549 3516 4609 parte
3547 4555 3577 4594 a

1980 4641 2111 4680 vero
2134 4627 2421 4682 aberretis.
2451 4625 2638 4697 Neque
2660 4627 2805 4683 enim
2835 4631 3292 4698 quemadmodum
3331 4631 3472 4687 Deus
3495 4644 3580 4688 est

263 4717 417 4786 ὑμᾶς
439 4716 544 4769 κάν
569 4716 746 4786 τούτῳ
772 4716 906 4771 πολὺ
937 4717 1329 4788 πλανωμένους
1356 4720 1622 4786 ἐπιδεῖξαι
1647 4722 1748 4776 καὶ
1769 4721 1870 4792 τῆς

1981 4715 2033 4770 in
2056 4730 2382 4787 tIanuoque
2411 4725 2723 4771 sanctorqu
2749 4732 2953 4788 eosque
2970 4717 3299 4783 sanctiﬁcat,
3322 4719 3392 4773 ita
3412 4720 3578 4774 etiam

263 4807 532 4878 ἀληθείας
568 4808 947 4879 ἐκϐεϐηκότας
983 4811 1074 4864 τὸν
1104 4813 1248 4882 ὅρον.
1279 4815 1354 4868 Οὐ
1390 4815 1499 4886 γὰρ
1533 4815 1787 4886 καθάπερ
1816 4819 1874 4870 ἐν

263 4901 492 4972 ἑκάστῳ
534 4901 646 4955 τῶν
693 4901 866 4970 ἁγίων
905 4903 1190 4974 γινόμενος
1235 4907 1264 4958 6
1295 4905 1429 4971 Θεὸς
1488 4907 1705 4976 ἁγιάζει
1742 4907 1872 4962 τού-

260 5010 415 5059 τους,
452 4991 632 5057 οῢτως
678 4995 795 5047 ἐστὶ
831 4997 927 5049 καὶ
959 4997 1018 5050 ὲν
1050 4996 1130 5066 τῷ
1170 4998 1413 5069 Χριστῷ.
1469 5001 1610 5054 Ἀλλ’
1639 5001 1802 5066 αὐτὸς
1845 5004 1874 5056 6

259 5085 400 5148 Υἱὸς
441 5083 677 5156 δύναμίς
709 5086 828 5138 ἐστι
860 5085 955 5139 καὶ
992 5088 1155 5156 σοφία
1199 5089 1293 5142 τοῦ
1329 5090 1574 5162 Πατρὸς,
1624 5091 1870 5159 ἁγιάζων

261 5181 449 5233 πάντα
484 5178 553 5232 τὰ
589 5177 890 5248 μετέχοντα
914 5180 1082 5233 αὑτοῦ
1112 5181 1170 5233 ὲν
1201 5182 1400 5254 Πατρὶ,
1429 5183 1591 5246 αὐτὸς
1619 5185 1677 5237 δὲ
1708 5185 1872 5239 πάλιν

259 5272 326 5326 δύ
355 5271 500 5326 κατά
529 5287 652 5324 τινα
685 5271 979 5340 μετουσίαν
1004 5272 1161 5341 ἆγιος
1189 5272 1264 5327 ὢν
1305 5273 1498 5347 ὥσπερ
1525 5277 1707 5346 ἡμεῖς,
1747 5276 1872 5330 οὐδὲ

260 5365 413 5419 κατά
443 5365 606 5435 χάριν
644 5365 765 5428 Υἱὸς
793 5365 1132 5436 κεκλημένος
1151 5408 1166 5432 ,
1201 5367 1337 5420 ἀλλά
1368 5367 1620 5439 γέννημα.
1646 5370 1745 5439 τῆς
1772 5370 1868 5424 τοῦ

260 5454 488 5526 Πατρὸς
525 5455 716 5518 ούσίας
757 5456 1024 5527 ὑπάρχων
1064 5456 1253 5511 ἀΐδιον.
1300 5458 1415 5512 Ούκ
1452 5457 1566 5513 ἔστι
1609 5460 1666 5513 δὲ
1707 5461 1872 5515 πάλιν

260 5547 445 5608 οὕτως
478 5547 508 5599 6
547 5545 677 5609 Υἱὸς
723 5547 780 5600 ὲμν
819 5547 998 5618 Πατρὶ
1050 5548 1303 5618 καθάπερ
1340 5550 1536 5619 ἡμεῖς·
1575 5549 1735 5620 ἡμεῖς
1773 5549 1873 5619 μὲν

261 5638 379 5710 γὰρ
413 5640 472 5691 ἐν
513 5636 634 5707 Θεῷ
673 5636 858 5710 ζῶμεν
887 5641 979 5693 καὶ
1013 5640 1336 5711 κινούμεθα,
1367 5641 1463 5695 καὶ
1497 5642 1664 5712 ὲσμέν
1691 5659 1703 5672 ⁸
1756 5643 1784 5694 6
1815 5642 1872 5695 δὲ

263 5729 414 5786 κατά
439 5727 606 5799 φύσιν
633 5730 780 5798 Υἱὸς,
811 5731 1002 5804 ὥσπερ
1028 5733 1135 5786 ἀπό
1167 5750 1312 5798 τινος
1340 5737 1522 5805 πηγῆς
1549 5736 1632 5788 ἀεὶ
1669 5735 1868 5806 ζώσης,

346 5910 392 5945 ⁷⁸
422 5908 579 5968 Joau.
617 5926 725 5979 xtv,
769 5911 848 5969 ll.

931 5915 973 5946 τ’
1011 5912 1163 5970 Juau.
1204 5930 1256 5969 χ.
1293 5915 1384 5973 δυ.
1468 5919 1513 5949 ⁷³
1539 5917 1659 5975 Act.
1705 5931 1838 5986 λιιι,
1873 5913 1964 5972 28.

1976 4817 2062 4863 est
2099 4809 2151 4863 iu
2182 4807 2423 4864 Christo.
2445 4807 2547 4863 Sed
2569 4809 2682 4878 ipse
2703 4807 2876 4864 Filius
2899 4819 2981 4866 est
3003 4811 3269 4880 sapientia
3309 4808 3492 4866 Patris
3525 4820 3578 4865 et

1971 4900 2211 4970 potentia
2255 4899 2324 4967 ",
2362 4902 2713 4958 sanctiticans
2752 4903 2936 4958 omnia
2962 4903 3349 4972 participantia
3377 4904 3478 4974 ipsi
3521 4903 3576 4960 in

1973 4993 2179 5062 Spiritu
2197 5011 2210 5048 :
2232 4993 2347 5063 ipse
2367 5009 2494 5049 vero
2507 4992 2653 5048 nulla
2670 4995 3087 5064 participatione
3108 5006 3354 5063 sanctus,
3380 5006 3438 5053 ut
3455 5013 3573 5054 nos.

1972 5085 2078 5140 Sed
2132 5101 2310 5155 neque
2339 5101 2437 5156 per
2469 5088 2703 5156 gratiam
2730 5097 2815 5143 est
2847 5087 3044 5155 Filius,
3075 5089 3215 5143 sicut
3237 5105 3358 5158 nos,
3386 5093 3482 5147 sed
3509 5093 3574 5146 ab

1977 5186 2182 5232 aeterno
2206 5193 2274 5234 ex
2312 5178 2550 5234 essentia
2576 5178 2756 5234 Patris
2791 5180 3027 5251 genitus.
3055 5179 3241 5250 Neque
3270 5198 3462 5239 rursus
3489 5183 3577 5239 Fi-

1980 5268 2082 5324 lius
2106 5270 2157 5323 in
2175 5267 2339 5324 Patre
2354 5280 2459 5335 est,
2481 5271 2624 5326 sicut
2653 5287 2756 5326 nos
2780 5291 2793 5328 :
2821 5273 3089 5342 siquidem
3116 5289 3214 5330 nos
3232 5275 3283 5328 in
3309 5274 3422 5329 Deo
3440 5274 3578 5329 vivi-

1981 5377 2123 5428 mus,
2148 5372 2203 5418 et
2221 5377 2524 5429 movemur,
2542 5364 2706 5436 108
2717 5375 2772 5419 et
2786 5379 2994 5422 sumus.
3019 5367 3091 5420 At
3108 5380 3234 5423 vero
3257 5368 3579 5422 naturaliter

1971 5454 2162 5524 Filius,
2184 5470 2251 5510 ex
2273 5457 2508 5512 essentia
2547 5457 2729 5513 Patris
2745 5459 2909 5513 veluti
2929 5459 3153 5530 perenni
3172 5462 3406 5530 quodam
3429 5462 3578 5517 route

1971 5550 2294 5619 procedens,
2316 5549 2421 5604 vita
2448 5559 2533 5604 est
2554 5551 2876 5606 naturaliter
2904 5553 3086 5608 omnia
3111 5553 3392 5608 viviﬁcans
3419 5575 3431 5608 :
3462 5570 3568 5606 non

1972 5655 2069 5709 per
2099 5642 2569 5712 participationem
2602 5642 2728 5699 vitae
2769 5645 3076 5702 viviticatus
3104 5649 3246 5703 sicut
3276 5661 3394 5703 nos.
3437 5645 3571 5701 Nam

1972 5734 2170 5803 alioqui
2209 5750 2311 5789 non
2340 5745 2484 5790 esset
2515 5735 2630 5804 ipse
2670 5737 2935 5794 naturalis
2959 5740 3087 5794 vita.
3117 5739 3270 5808 Quod
3303 5741 3447 5798 enim
3481 5753 3572 5793 as-

2045 5915 2088 5947 “
2119 5915 2283 5974 llrbr.
2316 5933 2352 5985 ι,
2387 5917 2436 5974 5.
2520 5920 2563 5951 τ’
2597 5916 2616 5972 l
2651 5919 2774 5975 (lor.
2814 5936 2851 5988 ι,
2889 5921 2978 5975 2i.
