4024 6446
489 425 593 485 I79
1486 418 1544 473 S.
1585 413 1857 472 CYRILLI
1898 407 2363 467 ALEXANDRINI
2404 408 2726 468 ARCHIEP.
3635 407 3742 463 180

487 542 712 599 cititinm
736 547 819 598 est
849 547 905 596 et
935 537 1270 593 extrinsecus
1303 535 1618 600 adveniens,
1660 531 1976 588 naturaliter
1997 530 2044 584 ei
2074 589 2080 601 ί

2169 544 2214 580 ικ
2261 526 2363 597 τῆς
2413 527 2508 580 τοῦ
2565 525 2782 598 Πατρδς
2832 525 3018 590 οὐσίας
3074 522 3376 598 προελθὼν,
3433 522 3549 593 ζωὴ
3597 521 3740 575 κατὰ

485 633 574 703 qui
609 630 867 699 possidet,
903 628 1081 685 inesse
1117 644 1219 684 non
1261 627 1478 683 dicitur.
1521 623 1659 681 Dicit
1686 639 1812 680 vero
1838 622 2050 677 Filius:

490 741 508 772 ι
544 721 656 791 Ego
687 732 805 777 sum
837 720 969 776 vita.
1001 740 1021 773 ι
1054 719 1169 775 Non
1204 719 1367 790 igitur
1389 716 1842 786 quemadmodum
1872 729 1973 769 nos
1998 712 2053 768 in

485 811 597 868 Deo
619 813 977 878 viriticamur,
1007 813 1080 868 ita
1111 814 1274 867 etiam
1303 811 1416 880 ipse
1440 803 1594 873 vivit,
1629 815 1824 871 etest;
1861 804 1956 861 sed
1997 819 2056 859 re

484 919 612 960 vera
647 887 968 960 naturaliter
996 914 1081 961 est
1129 904 1271 974 quod
1304 903 1540 970 seipsum
1587 914 1707 955 esse
1755 900 1907 965 dicit,
1949 898 2054 953 hoc

482 998 725 1062 estvita,
777 1007 828 1057 et
866 997 1185 1052 naturaliter
1232 997 1284 1058 in
1330 994 1491 1049 Patre
1542 992 1830 1057 exsistens,
1881 1005 2052 1044 unum

482 1103 604 1142 cum
631 1103 696 1144 eo
718 1085 999 1145 identitate
1025 1087 1295 1151 essentire,
1320 1101 1437 1155 qua:
1459 1094 1544 1140 est
1568 1083 1760 1138 deitas.

2153 617 2316 688 φύσιν
2343 618 2482 684 ἐστὶ,
2514 619 2694 673 πάντα
2720 617 3002 687 ζωογονῶν
3021 635 3034 649 ⁸
3066 619 3127 671 οὐ
3159 617 3301 672 κατὰ
3337 617 3569 688 μετοχὴν
3596 613 3742 682 ζωῆς

2153 710 2590 782 ζωογονούμενα(
2632 710 2821 782 ὥσπερ
2852 712 3038 782 ἡμεῖς.
3065 706 3137 764 Ἦ
3166 713 3274 782 γάρ
3305 709 3369 763 ἂν
3399 709 3500 761 οὐκ
3543 703 3611 759 ἂν
3653 707 3740 774 εἴη

2152 803 2292 857 κατὰ
2339 803 2501 874 φύσιν
2550 803 2685 876 ζωή.
2746 805 2820 857 Τὸ
2868 804 2978 875 γὰρ
3035 802 3360 856 ἐπείσακτον
3410 801 3506 855 καὶ
3542 796 3743 862 ἔξωθεν

2153 899 2576 968 προσπορισθὶν,
2602 899 2704 952 οὐκ
2734 897 2800 952 ἂν
2833 901 3005 952 νοοῖτο
3042 895 3184 950 κατὰ
3220 893 3385 964 φύσιν
3421 893 3628 961 προσὸν
3664 888 3746 960 τῷ

2157 987 2500 1057 κεκτημένῳ.
2545 987 2708 1055 Λέγει
2736 986 2792 1039 δὲ
2822 984 2851 1039 δ
2880 986 3040 1050 Υίόςι
3079 1005 3097 1036 ι
3139 984 3281 1052 Ἐγὼ
3327 986 3441 1053 εἰμι
3468 985 3500 1052 ἡ
3551 982 3688 1051 ζωή.
3720 997 3739 1029 ι

2167 1083 2279 1136 Οὐκ
2317 1082 2463 1149 ἄρα⁹
2517 1078 2767 1149 καθάπερ
2815 1080 2978 1148 ἡμεῖς
3034 1077 3093 1130 ιν
3145 1076 3265 1147 Θεῷ
3301 1071 3742 1143 ζωογονούμεθα,

481 1176 673 1234 ταυτὸν
737 1175 803 1252 δὴ
843 1181 938 1236 καὶ
981 1175 1141 1245 αὐτὸς
1179 1180 1269 1233 τὸν
1306 1177 1506 1251 τρόπον
1540 1172 1606 1247 ζῇ
1646 1177 1740 1233 καὶ
1775 1176 1920 1232 ιστιν
1942 1195 1954 1208 ·
1987 1177 2102 1232 ἀλλ’
2135 1178 2306 1240 ϐντως
2351 1175 2510 1229 τοῦτο
2539 1173 2679 1227 κατὰ
2719 1172 2880 1242 φύσιν
2921 1171 3182 1243 ὑπάρχων
3218 1171 3358 1237 ὅπερ
3396 1163 3534 1220 εἶναι
3578 1167 3746 1235 φησὶν

483 1271 696 1340 ἑαυτὸν,
736 1275 1014 1342 τουτέστι,
1057 1271 1224 1348 ζωὴν,
1264 1278 1358 1333 καὶ
1401 1279 1476 1333 ὢν
1505 1280 1564 1331 ὲν
1595 1279 1770 1352 Πατρὶ
1818 1281 2085 1348 φυσικῶς,
2113 1281 2172 1334 ἒν
2200 1297 2260 1331 τε
2291 1278 2554 1348 ὑπάρχων
2583 1279 2659 1341 ὡς
2690 1276 2826 1346 πρὸς
2857 1273 3018 1329 αὑτὸν
3047 1270 3135 1324 διὰ
3176 1269 3278 1339 τὴν
3314 1268 3622 1337 ταυτότητά
3649 1267 3748 1335 τῆς

481 1367 688 1436 οὐσίας,
713 1367 836 1440 ἥτις
857 1369 1004 1424 δστὶν
1029 1371 1063 1441 ἡ
1091 1370 1302 1441 θεότης.

1155 1461 1384 1520 ALIUD.

857 1549 944 1607 E3
971 1553 1257 1622 objections
1289 1558 1672 1611 hereticorum.

551 1667 715 1734 Atqui
751 1667 989 1737 seipsum
1023 1667 1077 1724 in
1107 1668 1266 1724 Patre
1291 1683 1414 1726 esse
1443 1671 1519 1725 ait
1545 1679 1601 1725 et
1641 1669 1866 1724 Patrem
1893 1669 1944 1723 in
1971 1681 2053 1735 se,

2851 1458 3059 1510 ΔΛΛΟ.

2414 1552 2508 1617 Ὠς
2534 1550 2603 1615 ἐξ
2632 1549 2992 1614 ἀντιθέσεως
3024 1544 3147 1600 τῶν·
3177 1544 3508 1614 αἱρετικῶν.

2244 1663 2469 1718 Ἑαυτὸν
2503 1656 2645 1715 εἷναί
2677 1677 2842 1732 φησιν
2883 1661 2944 1713 ἐν
2982 1657 3190 1732 Πατρὶ,
3238 1656 3331 1710 καὶ
3375 1657 3435 1709 ὲν
3462 1654 3616 1725 αὖτῷ
3658 1655 3753 1708 τὸν

482 1755 608 1825 quia
647 1771 822 1825 neque
853 1771 1034 1812 sermo
1081 1773 1192 1829 quo
1235 1759 1303 1815 ad
1345 1775 1535 1817 omnes
1565 1762 1840 1826 utebatur,
1886 1772 2060 1829 neque

2169 1758 2407 1828 Πατέρα,
2450 1755 2540 1809 διὰ
2586 1756 2647 1809 τὸ
2688 1756 2830 1825 μήτε
2874 1753 2966 1806 τὸν
3003 1753 3179 1823 λόγον,
3229 1752 3289 1806 δν
3322 1753 3564 1804 ἐποιεῖτο
3612 1749 3752 1819 πρὸς

482 1857 644 1912 opera
668 1843 884 1914 propria
913 1844 1083 1915 ipsius
1103 1857 1279 1909 erant.
1299 1848 1590 1905 sedPatris
1612 1851 1702 1919 qui
1727 1848 2056 1919 ejuscemodi

483 1931 628 2002 loqui
660 1933 906 2004 iubebat,
928 1935 1133 2006 quique
1165 1936 1475 1994 facultatem
1503 1940 1554 1994 ei
1578 1940 1956 2010 suppeditabat
1989 1939 2056 1994 ad

481 2020 812 2092 eiuscemodi
837 2034 1064 2094 operum
1105 2021 1494 2097 impletionem.

829 2266 838 2278 _
988 2202 1198 2262 Salutio
1236 2207 1562 2278 objectionis.

552 2292 737 2353 Liceat
778 2307 908 2368 ergo
941 2307 1037 2368 per
1086 2313 1206 2363 vos,
1251 2301 1513 2366 heretici,
1559 2303 1724 2357 etiam
1770 2299 2060 2373 unicuique

483 2395 794 2445 sanctorum
824 2387 1131 2458 huiusmodi
1161 2405 1347 2446 vocem
1371 2392 1531 2448 edere
1553 2409 1567 2459 ;
1591 2393 1856 2463 siquidem
1882 2403 1936 2448 et
1959 2391 2058 2463 ipsi

483 2485 613 2536 sunt
637 2475 942 2536 divinorum
970 2481 1258 2538 verborum
1293 2485 1548 2548 ministri,
1581 2495 1631 2540 et
1675 2484 1934 2542 facultate
1966 2489 2059 2542 de-

483 2581 648 2640 super
688 2581 908 2642 accepta
959 2575 1279 2629 admiranda
1327 2589 1490 2644 opera
1537 2576 1806 2633 fecerunt.
1862 2574 2061 2632 Beatus

483 2661 627 2717 enim
653 2661 820 2718 David
847 2685 860 2718 :
896 2684 914 2716 ι
947 2663 1200 2733 Audiam,
1231 2667 1425 2738 inquit,
1457 2667 1583 2738 quid
1617 2669 1866 2738 loquatur
1888 2669 1940 2722 in
1976 2681 2062 2722 me

483 2749 742 2808 Dominus
769 2751 990 2809 Deus".
1015 2774 1033 2807 ι
1072 2756 1135 2810 Et
1155 2757 1584 2827 sapientissimus
1631 2761 1720 2816 ille
1759 2760 2012 2818 Salomon
2043 2777 2059 2819 :

487 2858 506 2890 ι
539 2839 740 2905 Verba,
765 2843 959 2913 inquit,
986 2861 1104 2902 mea
1128 2861 1156 2900 a
1176 2845 1288 2902 Deo
1311 2848 1453 2904 dicta
1477 2859 1602 2904 sunt
1625 2851 1691 2905 '7.
1727 2869 1744 2902 ι
1782 2844 1847 2906 Et
1871 2853 2062 2908 beatus

484 2927 662 2988 Moses
682 2933 855 2989 lldelis
879 2937 1168 2991 verborum
1199 2937 1291 2993 Dei
1317 2939 1566 2995 minister
1586 2942 1706 3006 fuit,
1731 2952 1805 3006 et,
1824 2954 1880 2998 ut
1897 2939 2064 3000 semel

485 3023 684 3087 dicam.
717 3027 1090 3098 unusquisque
1122 3030 1508 3099 prnphetarum
1548 3048 1652 3088 non
1684 3035 1916 3105 propriis
1953 3039 2065 3093 suis

2162 1849 2429 1913 ἅπαντας,
2471 1849 2607 1918 μήτε
2642 1847 2751 1918 μὴν
2780 1847 2848 1898 τὰ
2878 1846 3016 1917 ἔργα
3048 1847 3157 1900 [δια
3197 1845 3366 1900 αὐτοῦ
3405 1839 3580 1898 εἶναι·
3615 1842 3753 1896 ἀλλὰ

2156 1941 2250 1994 τοῦ
2278 1939 2348 1993 τὰ
2377 1938 2606 1992 τοιαῦτα
2642 1937 2825 1992 λαλεῖν
2851 1936 3232 2006 ἐντειλαμένου
3262 1934 3496 2006 Πατρὸς,
3529 1933 3628 1987 καὶ
3654 1932 3752 1987 τοῦ

2157 2027 2449 2094 δεδωκότος
2478 2029 2577 2100 τὴν
2614 2028 2844 2100 δύναμιν
2885 2028 3098 2103 είςιτὴν
3125 2027 3236 2081 τῶν
3269 2026 3450 2098 ἔργων
3498 2026 3756 2097 συμπλή-

2162 2140 2347 2193 ρωσιν.

2650 2211 2807 2281 Πρός
2845 2212 3032 2266 ταῦτα
3058 2212 3259 2278 λύσις.

2227 2301 2438 2358 Οὐκοῦν
2486 2299 2723 2367 ἐξέστω.
2778 2301 2901 2356 καθ’
2957 2303 3141 2372 ὑμᾶς,
3193 2295 3240 2354 ὦ
3291 2301 3599 2374 αἱρετικοὶ,
3662 2301 3760 2353 καὶ

2159 2393 2375 2465 ἑκάστῳ
2408 2391 2517 2445 τῶν
2545 2393 2719 2462 ἁγίων
2746 2392 2844 2462 τὴν
2869 2391 3128 2461 τοιαύτην
3163 2389 3619 2459 ἀποφθέγγεσθαι
3653 2407 3759 2456 φω-

2157 2489 2287 2558 νήν·
2322 2485 2444 2540 ἐπεὶ
2493 2485 2586 2537 καὶ⁵
2629 2484 2784 2537 αὐτοὶ
2821 2482 2984 2536 θείων
3033 2482 3292 2551 γεγόνασι
3331 2481 3596 2552 ῥημάτων
3643 2481 3762 2533 διά-

2159 2593 2328 2638 κονοι,
2368 2576 2463 2628 καὶ
2488 2575 2548 2626 τὸ
2575 2573 2836 2627 δύνασθαι
2869 2573 3128 2635 λαϐόντες
3157 2571 3388 2635 ἄνωθεν,
3427 2572 3607 2642 ἔργων
3651 2587 3761 2625 πα-

2164 2666 2398 2738 ραδόξων
2450 2665 2706 2733 γεγόνασι
2759 2664 3000 2734 ποιηταί.
3059 2663 3118 2717 '0
3169 2663 3271 2733 μὲν
3315 2662 3427 2732 γὰρ
3479 2663 3760 2734 μακάριος

2161 2756 2356 2821 Δαϐὶδ,
2395 2775 2414 2807 ι
2456 2756 2807 2824 Ἀκούσομαι,
2840 2754 2996 2824 φησὶ,
3024 2753 3077 2806 τί
3106 2753 3333 2824 λαλήσει
3377 2756 3436 2806 tv
3479 2754 3604 2822 ἐμοὶ
3645 2753 3763 2804 Κύ-

2165 2864 2278 2917 ριος
2303 2849 2330 2900 ό
2361 2846 2514 2910 Θεός.
2545 2865 2562 2897 ι
2615 2841 2668 2899 Ὀ
2697 2842 2752 2898 δὲ
2789 2844 3100 2914 σοφώτατος
3142 2840 3398 2916 Σολομὼν
3420 2863 3435 2877 ο
3476 2863 3494 2896 ι
3526 2847 3588 2898 Οί
3634 2845 3762 2916 ἐμοὶ

2162 2935 2307 3006 λόγοι
2355 2938 2600 3007 εἴρηνται.
2645 2935 2750 2989 ὑπὸ
2782 2936 2938 2990 Θεοῦ.
2967 2955 2985 2988 ι
3021 2936 3132 2989 Kal.
3164 2937 3372 3006 Μωσῆς
3407 2939 3436 2990 ό
3485 2938 3761 3008 μακάριος

2165 3029 2273 3082 τῶν
2300 3027 2392 3082 τοῦ
2437 3028 2570 3081 Θεοῦ
2600 3029 2862 3099 ῥημάτων
2901 3029 3091 3092 πιστὸς
3120 3028 3314 3097 γέγονε
3357 3029 3628 3092 διάκονος,
3665 3029 3763 3082 καὶ

484 3115 669 3171 verbis
697 3125 780 3174 est
808 3134 956 3186 usus,
984 3122 1079 3176 sed
1111 3121 1225 3175 haec
1261 3136 1476 3192 semper
1505 3123 1557 3178 in
1596 3141 1690 3181 ore
1719 3127 2056 3185 habuerunt:

2169 3120 2500 3187 ἁπαξαπλῶς
2547 3120 2774 3182 ἕκαστος
2817 3116 2925 3172 τῶν
2979 3121 3274 3190 προφητῶν
3331 3121 3393 3174 οὐ
3443 3124 3554 3183 τοῖς
3608 3121 3762 3182 ἰδίοις

491 3225 511 3256 ι
544 3205 665 3264 Hac
703 3210 835 3265 dicit
874 3207 1154 3268 Dominus.
1186 3232 1205 3265 ι
1255 3213 1330 3268 Ex
1373 3217 1459 3271 his
1502 3216 1667 3286 igitur
1699 3219 1832 3274 satis
1874 3221 2064 3290 liquet,

487 3298 689 3354 multos
718 3301 884 3354 etiam
915 3301 1052 3358 alios
1082 3317 1389 3360 sermonem
1423 3306 1517 3361 Dei
1555 3307 1985 3378 administrasse,
2015 3321 2070 3368 et

489 3389 749 3446 miracula
778 3392 1037 3460 edidisse,
1076 3393 1332 3450 nimirum
1367 3411 1395 3450 a
1447 3397 1578 3462 Deo,
1621 3409 1682 3454 ut
1724 3401 1924 3456 dictum
1962 3411 2066 3470 est,

490 3478 747 3536 facultate
779 3493 1020 3552 accepta.
1055 3483 1260 3542 idcirco
1283 3496 1339 3542 et
1370 3485 1618 3559 discipuli
1661 3489 1971 3550 Servatoris
2001 3496 2069 3552 ad

488 3582 583 3624 eos
626 3569 718 3640 qui
753 3571 992 3641 ipsorum
1020 3573 1161 3630 l‘acta
1207 3578 1634 3642 admirabantur.
1666 3583 1881 3641 dicunt:
1912 3607 1930 3640 ι
1955 3587 2068 3644 Viri

486 3660 709 3726 fratres,
735 3663 864 3730 quid
892 3663 1048 3720 nobis
1070 3668 1367 3735 attenditis,
1384 3673 1534 3738 quasi
1554 3675 1768 3742 propria
1795 3677 1994 3734 virtute
2013 3688 2069 3736 et

489 3752 689 3819 pietate
718 3753 768 3807 id
795 3752 1109 3822 eﬂiciamus,
1142 3767 1199 3812 ut
1225 3759 1402 3815 claudi
1431 3764 1814 3819 ambulent"?
1841 3786 1857 3817 ι
1883 3766 2070 3824 Liceat

489 3843 658 3912 igitur
687 3846 852 3900 etiam
884 3849 1174 3918 unicuique
1212 3851 1405 3906 horum
1442 3855 1534 3908 illo
1565 3855 1774 3912 Domini
1810 3861 1954 3916 dicto
1991 3861 2068 3916 uti

490 3944 547 3988 et
570 3936 754 3992 dicere
781 3956 797 3994 :
833 3958 852 3991 ι
885 3935 996 4011 Ego
1027 3941 1080 3996 in
1108 3942 1288 4008 Patre,
1313 3954 1365 3998 ct
1393 3943 1553 3998 Pater
1577 3946 1627 3999 in
1659 3962 1778 4015 me;
1813 3966 1831 4000 ι
1864 3965 1984 4003 cum
2017 3961 2070 4006 et

491 4025 570 4092 hi,
606 4038 664 4082 ut
697 4041 855 4085 antea
890 4032 1092 4088 dictum
1126 4043 1230 4098 est,
1274 4036 1470 4091 divinis
1509 4037 1687 4094 verbis
1726 4040 1806 4094 usi
1849 4041 1980 4106 sint,
2015 4052 2070 4097 et

492 4130 813 4188 potestatem
855 4125 1046 4181 edendi
1065 4129 1320 4183 miracula
1357 4145 1384 4183 a
1411 4131 1519 4185 Deo
1537 4135 1864 4201 acceperint.
1891 4136 2068 4206 Atque

492 4212 564 4264 ita
594 4213 724 4267 nihil
756 4214 1014 4271 eximium
1042 4233 1105 4272 ac
1139 4219 1413 4290 singulare
1441 4223 1545 4275 erit
1582 4222 1634 4276 in
1659 4222 1816 4286 Filio,
1845 4227 1936 4280 sed
1965 4227 2070 4281 erit

489 4303 655 4358 veluti
684 4320 820 4361 unus
843 4322 906 4361 ex
931 4308 1135 4373 multis,
1167 4308 1391 4371 frustra,
1422 4322 1480 4365 ut
1502 4325 1747 4381 apparet,
1774 4329 1831 4368 se
1871 4330 2069 4371 vocans

493 4394 709 4462 Filium,
747 4398 791 4452 si
839 4399 970 4452 nihil
1000 4401 1270 4455 excellens
1306 4404 1352 4457 ei
1400 4404 1561 4458 inest.
1609 4403 1714 4458 Sed
1747 4404 1846 4459 hoc
1877 4407 2068 4461 ahsur~

494 4488 616 4540 dum
644 4497 727 4543 est
753 4491 1077 4546 contrarium
1107 4494 1267 4559 igitur
1292 4495 1510 4550 omnino
1541 4511 1724 4550 verum
1753 4497 1876 4553 erit.

2171 3213 2433 3283 ἐκέχρητο
2462 3212 2661 3280 λόγοις,
2703 3211 2858 3274 ἀλλὰ,
2896 3229 2914 3262 ι
2944 3212 3080 3266 Τάδε
3109 3211 3256 3281 λέγει
3293 3212 3518 3282 Κύριος,
3553 3232 3570 3264 ι
3613 3209 3761 3281 εἶχεν

2167 3305 2260 3357 ἰπὶ
2289 3303 2536 3372 γλώττης
2567 3303 2670 3357 ἀεί.
2702 3303 2858 3356 Ἔστι
2893 3303 2991 3373 μὲν
3027 3299 3120 3358 οὖν
3145 3307 3210 3358 ἐκ
3247 3304 3456 3358 τούτων
3487 3305 3634 3366 ἰδεῖν,
3676 3305 3760 3356 ὅτι

2170 3397 2264 3449 καὶ
2293 3395 2478 3449 πολλοί
2504 3410 2645 3458 τινες
2673 3395 2851 3465 ῑτεροι
2898 3397 3211 3467 τοὺςσπαρὰ
3249 3397 3386 3450 Θεοῦ
3430 3397 3760 3466 διακονησά·

2172 3502 2322 3560 μενοι
2350 3491 2629 3559 φαίνονται
2672 3487 2895 3553 λόγους·
2921 3487 3239 3558 εἰργάζοντο
3270 3489 3326 3541 δὲ
3359 3489 3640 3560 παράδοξα
3667 3489 3762 3542 καὶ

2169 3580 2340 3647 αὐτοὶ,
2379 3580 2529 3652 παρὰ
2561 3579 2698 3633 Θεοῦ
2726 3579 2804 3644 δὲ,
2845 3579 3098 3651 καθάπερ
3130 3581 3376 3651 εἴρηται,
3411 3579 3670 3644 λαϐόντες
3700 3579 3761 3632 τὸ

2167 3671 2443 3726 δύνασθαι.
2483 3671 2765 3742 Καὶ·γοῦν
2799 3674 2847 3725 oi
2886 3669 2980 3725 τοῦ
3014 3673 3266 3743 Σωτῆρος
3311 3671 3556 3743 μαθηταὶ
3623 3671 3760 3742 πρὸς

2167 3767 2293 3830 τοὺς
2343 3765 2832 3836 ἀποθαυμάζοντας
2868 3767 2935 3820 τά
2978 3766 3110 3837 παρ’
3153 3763 3332 3818 αὐτῶν
3362 3763 3627 3833 γινόμενα
3673 3762 3760 3815 λέ-

2169 3877 2354 3927 γουσιν
2379 3877 2390 3890 ’
2430 3878 2447 3910 ι
2479 3859 2704 3929 ’Λνδρες
2747 3859 2996 3931 ἀδελφοὶ,
3040 3858 3094 3910 τί
3136 3857 3272 3926 ἡμῖν
3330 3854 3633 3927 προσέχετε
3684 3853 3761 3918 ὡς

2177 3953 2282 4022 ἰδίᾳ
2321 3952 2546 4022 δυνάμει
2594 3953 2688 4005 καὶ
2729 3951 2983 4023 εὐσεϐείᾳ
3025 3950 3353 4019 πεποιηκόσι
3383 3947 3478 4002 τοῦ
3516 3961 3760 4017 περιπα-

2173 4047 2283 4098 τεῖν
2329 4043 2421 4096 τὸν
2472 4042 2703 4113 χωλόν.»
2761 4042 2996 4110 Ἑξέστω
3051 4039 3342 4109 τοιγαροῦν
3385 4039 3482 4092 καὶ
3541 4037 3763 4107 ἑκάστῳ

2168 4135 2375 4188 τούτων
2415 4136 2482 4205 τῇ
2517 4135 2612 4187 τοῦ
2645 4133 2852 4205 Κυρίου
2887 4133 3192 4205 κεχρῆσθαι
3224 4133 3378 4202 φωνῇ
3410 4131 3508 4184 καὶ
3546 4128 3760 4197 λέγειν·

2175 4246 2193 4280 ι
2235 4228 2378 4296 Ἐγὼ
2421 4230 2479 4280 ὲν
2508 4227 2584 4298 τῷ
2610 4227 2805 4297 Πατρὶ,
2833 4227 2924 4280 καὶ
2954 4227 2983 4280 ὁ
3018 4227 3208 4295 Πατὴρ
3240 4226 3295 4276 ὲν
3326 4220 3448 4292 ὲμοί
3468 4238 3480 4250 ·
3514 4239 3533 4273 ι
3568 4220 3761 4291 ἐπειδὴ

2171 4323 2268 4374 καὶ
2307 4320 2506 4384 αὐτῶν,
2557 4319 2808 4390 καθάπερ
2843 4319 2944 4390 ἤδη
2997 4317 3344 4391 προείρηται,
3386 4315 3620 4377 ἱκαστος
3666 4312 3762 4367 καὶ

2170 4412 2344 4480 λόγοις
2373 4412 2643 4482 ἐχρήσατο
2673 4411 2859 4474 θείοις,
2888 4411 2984 4464 καὶ
3011 4408 3271 4478 δυνάμεις
3303 4406 3575 4476 πεποίηκε
3607 4404 3765 4475 παρὰ

2097 4494 2141 4550 Ῑ)
2168 4503 2300 4556 Θεοῦ
2330 4504 2387 4557 τὸ
2416 4502 2674 4556 δύνασθαι
2705 4501 2905 4557 λαϐών.
2943 4502 3054 4554 Καὶ
3082 4499 3258 4562 οὕτως
3287 4497 3441 4550 οὐδὲν
3479 4496 3761 4564 ἐξαίρετον

497 4583 554 4632 ἓν
593 4580 726 4651 Υίῷ,
762 4582 893 4635 ἀλλὰ
928 4582 1077 4636 ἔσται
1116 4587 1209 4639 καὶ
1245 4587 1404 4651 αὐτὸς
1477 4589 1584 4641 τῶν
1620 4589 1834 4645 πάντων
1895 4590 1996 4656 εἷς,
2037 4595 2233 4666 μάτην,
2263 4597 2338 4660 ὡς
2405 4596 2550 4652 ἔοικε
2618 4594 2976 4665 χρηματίζων
3019 4593 3167 4657 Υἱὸς,
3196 4594 3244 4644 si.
3295 4590 3356 4643 τὺ
3387 4589 3642 4660 περιττὸν
3672 4587 3763 4642 οὑ-

490 4671 578 4730 δὶν
601 4668 661 4727 ὲν
686 4671 858 4743 adhth
893 4675 1049 4731 Ἀλλά
1077 4676 1231 4729 τοῦτο
1273 4678 1494 4742 ἄτοπον,
1521 4680 1784 4751 κρατήσει
1831 4683 2045 4747 πάντως
2075 4685 2134 4736 τὸ
2168 4690 2374 4756 ἕτερον.

1073 4791 1232 4861 109
1269 4791 1497 4848 ALIUD.

565 4900 620 4956 Si
659 4902 912 4958 omnibus
933 4904 1144 4958 sanctis
1175 4913 1334 4973 atque
1369 4908 1502 4961 adeo
1531 4908 1703 4964 cuivis
1736 4909 1888 4966 alteri
1914 4927 2068 4965 crea-

498 5001 603 5046 tam
627 5004 870 5049 naturam
897 4996 1113 5051 habenti
1134 4997 1576 5053 licuissetclicere
1601 5019 1614 5055 :
1643 5017 1661 5052 ι
1681 5000 1792 5072 Ego
1811 5003 1860 5057 in
1886 5002 2064 5070 Patre,

497 5093 550 5137 et
583 5083 743 5139 Pater
759 5085 811 5140 in
840 5101 926 5142 me
945 5087 1014 5152 ’⁸,
1038 5107 1055 5138 ι
1078 5097 1225 5144 certe
1247 5088 1506 5144 Senator
1527 5090 1629 5146 hoc
1656 5107 1764 5146 non
1784 5093 2063 5163 ignorans,

497 5176 540 5229 si
578 5186 762 5230 verum
786 5185 930 5238 erat,
958 5177 1182 5233 dixisset
1208 5197 1220 5233 :
1257 5179 1365 5250 Ego
1406 5195 1620 5250 quoque
1644 5183 1700 5235 in
1732 5181 1894 5237 Patre
1916 5199 2061 5250 sum,

497 5271 553 5320 et
580 5264 738 5320 Pater
762 5283 978 5338 quoque
1003 5269 1054 5324 in
1082 5285 1166 5325 me
1194 5280 1297 5336 est,
1327 5280 1385 5326 ut
1406 5271 1706 5329 declararet
1721 5274 1893 5344 quod,
1925 5277 2067 5332 sicut

501 5359 660 5414 Pater
682 5359 734 5413 in
755 5347 876 5414 aliis
891 5369 995 5424 est,
1027 5360 1097 5414 ita
1123 5361 1283 5415 etiam
1314 5363 1364 5416 in
1393 5379 1477 5417 me
1504 5381 1517 5416 :
1543 5366 2066 5432 etqeemadmodum

501 5451 588 5506 alii
637 5450 689 5506 in
724 5449 887 5508 Patre
929 5460 1076 5518 sunt,
1111 5453 1181 5508 ita
1203 5462 1264 5509 et
1298 5468 1419 5525 ego.
1455 5453 1607 5510 Nunc
1637 5471 1769 5513 vero
1796 5459 2064 5514 neminem

503 5542 732 5599 aliorum
778 5545 881 5600 sibi
928 5547 1223 5611 ascisceas,
1274 5547 1375 5602 sed
1429 5546 1531 5602 sibi
1583 5548 1682 5603 soli
1737 5549 1841 5604 hoc
1890 5550 2069 5607 inesse

502 5636 700 5701 sciens,
728 5635 858 5706 quia
903 5636 1153 5693 nimirum
1199 5653 1265 5694 ex
1311 5639 1423 5707 ipsa
1468 5637 1646 5696 Patris
1679 5640 1914 5696 essentia
1961 5648 2066 5708 est,

573 5812 618 5845 "
651 5812 786 5869 Psal.
821 5831 1034 5886 Lxxm',
1060 5816 1110 5872 9.

2860 4798 3058 4853 AAAU.

2246 4915 2306 4966 Ei
2339 4914 2504 4966 πᾶσιν
2545 4911 2672 4981 ἐξῆν
2707 4911 2816 4974 τοῖς
2862 4908 3097 4978 ἁγίοιςῆ
3131 4908 3228 4960 καί
3254 4905 3392 4970 ὅλως
3437 4907 3609 4978 ἑτέρῳ
3658 4907 3763 4961 τινὶ

2177 5002 2396 5073 κτιστὴν
2448 5002 2624 5071 ἔχοντι
2679 4999 2776 5070 τὴν
2836 4998 2996 5068 φύσιν
3059 4997 3268 5062 εἰπεῖν,
3305 5017 3324 5048 ι
3367 4998 3511 5065 Ἐγὼ
3569 5000 3629 5051 ὲν
3682 4999 3762 5069 τῷ

2174 5096 2378 5164 Πατρὶ,
2423 5093 2516 5147 καὶ
2557 5095 2585 5146 ὁ
2619 5091 2804 5162 Πατὴρ
2844 5093 2901 5143 ἐν
2941 5091 3090 5161 ἐμοὶ,
3122 5108 3142 5140 ι
3181 5086 3334 5142 εἶπεν
3367 5088 3433 5142 ἂν
3474 5091 3502 5142 ὁ
3541 5091 3764 5144 ἐπιστά-

2179 5204 2338 5256 μενος
2387 5185 2544 5237 τοῦτο
2576 5182 2786 5254 Σωτὴρ,
2834 5182 2990 5254 εἴπερ
3018 5177 3086 5252 ἦν
3119 5180 3318 5250 ἁληοές
3341 5195 3353 5209 '
3387 5180 3560 5246 Κάγὼ
3592 5183 3649 5232 ὲν
3685 5181 3763 5252 τῷ

2174 5277 2495 5348 Πατρὶρκαὶ
2521 5279 2548 5330 ὁ
2577 5276 2764 5345 Πατὴρ
2789 5273 2846 5329 δὲ
2876 5277 2937 5328 ὲν
2983 5274 3104 5341 ἐμοί
3142 5276 3294 5326 ἐστιν
3313 5290 3325 5302 ·
3368 5273 3454 5325 ἵνα
3503 5272 3762 5342 φαίνηται

2170 5369 2457 5434 διδάσκων,
2482 5370 2563 5422 ὅτι
2594 5367 2846 5440 καθάπερ
2869 5370 2929 5421 ἐν
2965 5368 3172 5440 ἑτέροις
3203 5367 3373 5428 ἐστὶν,
3408 5365 3548 5418 οὕτω
3581 5367 3678 5420 καὶ
3702 5367 3760 5420 ἐν

2171 5459 2326 5529 ἐμοί·
2357 5461 2451 5513 καὶ
2490 5458 2680 5528 ὥσπερ
2726 5457 2874 5511 ἄλλοι
2919 5458 3060 5520 τινὲς
3109 5459 3166 5511 ἐν
3206 5455 3356 5527 αὑτῷ
3407 5457 3567 5518 εἰσιν,
3618 5455 3760 5508 οὕτω

2177 5549 2348 5617 κάγώ.
2388 5550 2524 5602 Νυνὶ.
2551 5549 2608 5601 δὲ
2640 5549 2959 5621 προσλαϐὼν
2993 5548 3184 5602 οὐδένα
3216 5548 3323 5603 τῶν
3349 5547 3547 5608 ἄλλων,
3581 5545 3761 5615 ἑαυτῷ

2174 5640 2232 5694 δὲ
2280 5640 2425 5710 μόνῳ
2469 5639 2670 5711 προσὸν
2715 5639 3076 5711 ἐπιστάμενος
3111 5639 3270 5693 τοῦτο
3339 5637 3430 5692 διὰ
3461 5637 3522 5691 τὸ
3551 5637 3618 5690 ἐκ
3661 5636 3760 5707 τῆς

1189 5818 1231 5847 ⁷⁷
1270 5815 1425 5872 l‘rov.
1456 5831 1514 5885 II,
1555 5817 1596 5871 i.
1675 5819 1720 5849 ⁷³
1762 5817 1871 5872 Act.
1905 5834 1981 5884 ill,
2032 5817 2110 5882 12.
2190 5817 2233 5848 ⁷⁹
2277 5814 2428 5872 Joun.
2472 5831 2576 5882 xw,
2623 5816 2699 5871 ll.
