4024 6466
285 406 376 459 181
1710 404 2157 466 ΤΠΕΞΑΠΒΒΒ.

3472 406 3575 461 l8“!

277 521 338 572 οὑ
351 520 471 584 σίας
501 522 637 576 εἶναι
669 520 759 575 τοῦ
787 523 1022 595 Πατρδς,
1065 524 1202 595 μετὰ
1230 522 1429 592 πολλῆς
1457 537 1600 584 τινος
1628 519 1729 590 τῆς
1758 522 1870 574 ὲπι-

2001 523 2371 595 :ircumspecte
2396 523 2536 580 dixit
2562 542 2576 579 :
2606 542 2624 577 ι
2649 524 2761 595 Ego
2791 524 2841 579 in
2867 523 3050 588 Patre,
3076 533 3131 577 et
3157 522 3315 578 Pater
3342 520 3522 575 inme.
3550 539 3569 571 ι

276 616 591 684 τηρήσεως,
625 636 641 668 ι
679 616 844 684 Ἐγὼ,
870 618 1139 687 φησ¹ιν,ὲν
1173 616 1249 685 τῷ
1278 616 1477 687 Πατρὶ,
1509 615 1605 669 καὶ
1626 614 1654 666 6
1682 613 1871 685 Πατὴρ

281 704 339 755 ὲν
384 704 526 774 ἐμοί.
560 726 578 757 ›
622 707 735 760 Ούκ
786 707 893 778 ἄρα
949 708 1125 761 κοινὸν
1177 707 1289 777 ἔχει
1351 706 1489 776 μετὰ
1549 702 1765 757 πάντων
1812 703 1873 757 τὸ

276 795 522 867 ἀξίωμα,
550 798 665 851 ἀλλ’
692 798 889 863 ἰδιάζον
916 800 1009 853 καὶ
1043 799 1319 872 ἐξαίρετον
1346 798 1421 861 ὡς
1466 797 1616 863 Υἱὸς,
1654 794 1747 848 καὶ
1774 794 1875 848 Λό-

279 904 401 954 γος,
436 890 529 941 καὶ
565 889 718 953 Θεός.

278 978 490 1044 ΛΛΛΟ,
519 980 816 1037 διδάσκον
844 984 1150 1122 ὅπωςρχρῂ
1183 982 1348 1037 νοεῖν
1376 981 1442 1035 τὸ
1477 979 1878 1050 προκείμενον

1034 1072 1197 1122 nter.

1034 1072 1197 1125 ητον.

372 1140 431 1195 Ὀ
464 1144 593 1209 Υἱὸς
636 1146 695 1199 ἐν
734 1146 811 1216 τῷ
846 1147 1053 1218 Ila-cpi,
1107 1147 1201 1198 ml.
1242 1146 1269 1198 6
1305 1145 1492 1216 Πατὴρ
1542 1145 1601 1197 ὲν
1638 1140 1718 1213 τῷ
1763 1140 1879 1211 Υἱῷ

281 1232 613 1304 νοηοήσεται
664 1236 807 1290 κατά
858 1236 1047 1290 τοῦτον
1094 1236 1184 1289 τὸν
1231 1236 1450 1306 τρόπον.
1494 1234 1589 1287 Ἐκ
1638 1231 1738 1303 τῆς
1783 1229 1879 1283 τοῦ

283 1324 508 1394 Πατρὸς
538 1327 727 1392 οὐσίας
756 1329 1029 1399 προῆλθεν
1056 1330 1084 1381 6
1115 1326 1265 1392 Υἱὸς,
1293 1326 1353 1380 ού
1386 1325 1639 1392 καθάπερ
1668 1322 1737 1377 τὰ
1774 1320 1883 1375 κτί-

278 1432 477 1487 σματα
498 1418 559 1471 ὲκ
580 1419 671 1472 τοῦ
694 1420 768 1491 μὴ
790 1422 941 1484 δντος
957 1421 1111 1483 είςτὸ
1132 1413 1269 1472 εἶναι
1299 1414 1603 1489 παρελθὼν,
1623 1416 1655 1486 ἢ
1682 1414 1883 1482 ἔξωθέν

275 1506 453 1561 ποθεν
482 1510 580 1578 τὴν
605 1510 698 1564 τοῦ
726 1508 867 1565 εἶναι
898 1512 1157 1565 σύστασιν
1181 1511 1341 1581 ἔχων,
1366 1508 1481 1561 ἀλλ’
1507 1506 1625 1561 ἐστι
1652 1508 1750 1577 τῆς
1784 1505 1881 1559 τοῦ

275 1602 649 1671 γεννήσαντος
694 1604 881 1667 οὐσίας
925 1604 983 1657 τὸ
1024 1604 1175 1657 ἴδιον·
1230 1602 1417 1674 ὥσπερ
1457 1595 1551 1656 οὖν
1593 1601 1659 1653 ὲκ
1706 1599 1883 1669 φωτὸς

276 1691 651 1764 ἀπαύγασμα,
681 1695 713 1765 ἦ
746 1698 841 1749 καὶ
882 1696 988 1749 ἀπό
1019 1712 1165 1758 τινος
1206 1694 1389 1765 πηγῆς
1428 1691 1669 1746 ἐκϐαίνει
1716 1707 1885 1744 ποτα-

283 1783 411 1851 μός.
445 1784 633 1839 Ἔστιν
655 1781 747 1839 οὑν
770 1790 885 1850 τοῖς
908 1786 1076 1859 δρῶσι
1106 1787 1197 1839 τὸν
1226 1786 1378 1849 Υίδν,
1413 1784 1510 1855 τὴν
1540 1782 1636 1836 τοῦ
1670 1782 1886 1852 Πατρδς

1978 613 2094 670 Non
2144 615 2309 687 igitur
2344 631 2690 673 communem
2738 617 2884 672 illam
2937 618 3102 673 liabet
3154 630 3275 669 cum
3323 611 3577 668 omnibus

1979 706 2319 779 dignitatem,
2354 710 2449 764 sed
2483 709 2759 780 propriam
2795 709 2900 766 sibi
2948 724 3011 765 ac
3042 708 3371 778 peculiarem
3409 715 3465 760 ιιι
3486 703 3577 759 Fi-

1977 797 2102 865 lius,
2134 811 2190 857 et
2217 799 2474 868 Verbum,
2513 812 2566 857 et
2593 803 2756 860 Deus.

1980 978 2215 1047 ALIUD,
2270 982 2460 1035 docens
2508 996 2611 1047 quo
2662 988 2815 1046 pacto
2848 978 3052 1032 dictum
3090 975 3239 1031 istud
3287 972 3578 1044 prwfattmt

2525 1049 2923 1118 intelligendum
2953 1049 3043 1103 rit.

2053 1140 2223 1197 Filius
2258 1142 2311 1197 in
2345 1141 2526 1208 Patre,
2559 1149 2613 1195 et
2640 1139 2803 1197 Pater
2827 1140 2881 1195 in
2914 1139 3054 1195 Filio
3080 1150 3205 1195 esse
3238 1135 3341 1191 hac
3369 1132 3581 1188 ratione

1982 1234 2322 1306 intelligitur.
2352 1234 2521 1290 Filius
2545 1250 2611 1290 ex
2645 1233 2884 1290 essentia
2911 1230 3089 1286 Patris
3129 1225 3420 1299 processit,
3449 1238 3577 1287 non,

1982 1326 2441 1398 quemadmodum
2479 1336 2767 1390 creaturae,
2800 1339 2866 1380 ex
2897 1338 3003 1379 non
3035 1322 3159 1378 esse
3199 1319 3267 1374 ad
3303 1331 3424 1372 esse
3470 1324 3579 1369 tra—

1984 1422 2201 1487 ductus,
2246 1429 2342 1473 aut
2380 1419 2721 1474 extrinsecus
2772 1416 3139 1479 substitutus;
3189 1411 3284 1467 sed
3337 1419 3422 1465 est
3465 1409 3583 1477 ipsa

1983 1512 2233 1569 essentize
2251 1510 2429 1566 Patris
2456 1513 2780 1580 proprietas,
2820 1510 2961 1566 sicut
2980 1524 3044 1563 ex
3071 1508 3278 1560 lumine
3300 1503 3580 1573 splendor,

1984 1611 2077 1657 aut
2100 1616 2168 1657 ex
2198 1602 2382 1671 aliquo
2419 1601 2565 1656 fonte
2612 1600 2810 1654 ﬂumen
2862 1610 3170 1669 promanat.
3220 1594 3373 1649 Licet
3419 1592 3585 1662 igitur

1987 1696 2055 1751 iis
2079 1696 2173 1765 qui
2222 1694 2417 1750 Filium
2450 1695 2655 1760 vident,
2695 1694 2872 1750 Patris
2920 1692 3212 1750 essentiam
3263 1685 3497 1748 intueri,
3532 1690 3589 1738 et

1988 1787 2249 1858 genitoris
2270 1787 2658 1856 proprietatem
2683 1802 2746 1841 ex
2771 1787 2878 1841 hoc
2900 1796 3252 1856 cognoscere.
3272 1779 3409 1847 Quia
3441 1776 3585 1833 enim

277 1874 478 1930 οὐσίαν
502 1876 659 1947 όρᾷν,
688 1880 783 1931 καὶ
809 1877 869 1932 τὸ
894 1878 987 1932 τοῦ
1014 1880 1377 1950 γεννήσαντος
1403 1877 1535 1931 ἴδιον
1562 1876 1670 1929 ἀπὸ
1696 1874 1890 1928 τούτου

2001 1878 2310 1933 universum
2347 1893 2472 1933 esse
2497 1877 2618 1933 Filii
2641 1892 2707 1933 ex
2737 1876 2976 1933 essentia
3012 1873 3193 1929 Patris
3227 1870 3496 1943 procedit.
3527 1883 3588 1924 ea

279 1968 690 2040 νοεῖν.”οτιπερ
724 1970 912 2042 ἐπειδὴ
939 1970 1161 2040 σύμπαν
1188 1969 1249 2024 τὸ
1267 1965 1407 2024 εἶναι
1425 1970 1517 2024 τοῦ
1545 1966 1678 2023 Υἱοῦ
1702 1970 1765 2021 ἐκ
1790 1966 1890 2035 τῆς

280 2058 381 2112 τοῦ
428 2061 637 2132 Πατρδς
667 2063 856 2128 οὑσίας
898 2062 1165 2135 πρόεισιν,
1194 2062 1369 2127 οὕτως
1398 2062 1549 2116 ἐστὶν
1598 2062 1657 2115 ὲν
1688 2059 1887 2130 Πατρὶ,

283 2150 387 2203 καὶ
424 2150 587 2206 πάλιν
617 2156 683 2208 ὲκ
713 2156 822 2209 τῶν
855 2156 1137 2221 ἐναντίων,
1164 2158 1192 2209 6
1231 2156 1422 2226 Πατήρ
1455 2157 1604 2208 ἐστιν
1646 2154 1703 2206 ὲν
1750 2151 1888 2222 Υῐῷ,

282 2245 593 2316 ἐπειδήπερ
639 2248 777 2317 ὅπερ
807 2249 956 2301 ἐστὶν
987 2248 1149 2311 αὑτὸς
1196 2247 1386 2316 φ’ύσει,
1435 2228 1596 2300 τοῦτο
1639 2246 1733 2299 καὶ
1776 2247 1804 2299 ὁ
1833 2243 1891 2309 ἐξ

285 2335 459 2389 αὑτοῦ
489 2338 769 2409 προελθὼν
797 2339 932 2402 Θεὸς
974 2340 1168 2409 Λόγος.
1214 2341 1469 2393 Φαίνεται
1500 2340 1555 2392 δὲ
1605 2339 1699 2391 καὶ
1746 2338 1892 2392 ἔστιν

284 2425 352 2476 ιν
379 2425 515 2495 Υἱῷ,
547 2426 735 2499 ὥσπερ
760 2424 853 2481 οὖν
891 2430 985 2481 καὶ⁹
1012 2432 1069 2481 ὲν
1103 2428 1179 2499 τῷ
1212 2429 1341 2500 παρ’
1369 2427 1536 2481 αὑτοῦ
1574 2427 1890 2499 προελθόντι

285 2516 684 2587 ἀωυγᾶσματι
714 2519 742 2571 6
771 2520 953 2590 ἥλιος,
1003 2520 1096 2573 καὶ
1144 2522 1203 2573 ἑν
1239 2520 1317 2590 τῷ
1362 2520 1507 2590 λόγῳ
1534 2520 1562 2573 6
1607 2517 1763 2581 νοῦς,
1800 2515 1894 2571 καὶ

287 2610 352 2661 ὲν
388 2608 465 2679 τῷ
493 2610 723 2682 ποταμῷ
763 2612 797 2681 ἡ
828 2610 1017 2664 τοῦτον
1047 2610 1424 2676 ἀναϐλύζουσα
1475 2611 1647 2680 πηγή.
1680 2609 1753 2661 Τὸ
1784 2608 1893 2679 γὰρ

287 2698 422 2751 ῐῖιον
461 2700 561 2769 τῆς
592 2700 683 2755 τοῦ
735 2702 951 2773 [ἰατρὸς
995 2703 1185 2767 οὐσίας
1227 2706 1285 2757 ὲν
1319 2702 1436 2772 Υίῷ
1476 2700 1752 2773 κείμενον,
1796 2701 1894 2754 καὶ

286 2790 392 2859 τῆς
434 2791 720 2863 θεότητος,
766 2794 834 2847 ἵν’
886 2795 1059 2858 οὑτως
1114 2794 1277 2858 εἴπω,
1352 2794 1414 2846 τὸ
1460 2789 1603 2857 εἶδος
1658 2794 1894 2846 δεικνύει

289 2885 461 2936 πᾶσιν
482 2885 645 2939 αὑτὸν
674 2888 731 2939 ὲν
759 2886 928 2956 αὐτῷ.
975 2887 1339 2957 Ἐπιτηρῆσαι
1370 2886 1426 2939 δὲ
1458 2884 1563 2955 χρὴ
1598 2885 1692 2937 καὶ
1727 2886 1897 2952 ἀναγ-

290 2978 465 3041 καίως
510 2979 705 3034 εἰδέναι
752 2979 943 3051 ὅτιπερ
984 2981 1044 3033 οὑ
1114 2982 1215 3050 τῆς
1261 2977 1535 3049 τυχούσης
1578 2977 1899 3047 οἰκονομίας

288 3068 457 3120 ἓνεκα
492 3068 590 3137 τὴν
636 3069 891 3138 τοιαύτην
916 3072 945 3123 6
974 3070 1167 3141 Σωτὴρ
1209 3069 1401 3141 εἴρηκε
1433 3069 1640 3139 φωνήν.
1679 3068 1897 3139 Ἐπειδὴ

288 3158 404 3228 γὰρ
450 3158 551 3228 τὴν
600 3162 907 3230 ταυτότητα
953 3160 1055 3228 τῆς
1099 3161 1316 3230 φύσεως
1349 3160 1417 3231 ἣν
1466 3160 1579 3231 ἔχει
1619 3159 1758 3232 πρὸς
1803 3160 1897 3211 τὸν

1993 1970 2369 2027 rationeestin
2399 1968 2583 2037 Patre,
2606 1977 2660 2026 et
2682 1985 2712 2025 e
2736 1968 3014 2025 contrario
3052 1964 3216 2021 Pater
3246 1973 3329 2020 est
3354 1963 3405 2017 in
3432 1960 3591 2025 Filio,

1994 2063 2261 2134 siquidem
2304 2064 2355 2119 id
2402 2064 2546 2134 quod
2595 2065 2712 2132 ipse
2763 2072 2849 2118 est
2892 2070 3106 2124 natura,
3154 2060 3261 2113 hoc
3304 2056 3472 2112 etiam
3508 2062 3594 2110 est

1994 2159 2140 2213 Deus
2158 2155 2396 2211 Verbum
2414 2172 2481 2211 ex
2502 2156 2619 2225 ipso
2636 2156 2959 2227 procedens.
2980 2154 3220 2223 Apparet
3242 2166 3308 2205 au
3319 2158 3422 2203 tem
3443 2156 3493 2202 et
3510 2152 3595 2201 est

1994 2249 2049 2304 in
2074 2248 2215 2303 Filio
2246 2249 2700 2318 quemadmodum
2729 2250 2809 2304 sol
2842 2249 2894 2302 in
2922 2245 3212 2317 splendore
3247 2258 3409 2312 quem
3442 2239 3595 2295 emit-

1999 2341 2063 2394 tit
2094 2355 2158 2394 ex
2183 2355 2262 2404 se,
2294 2351 2349 2396 et
2374 2341 2518 2395 sicut
2550 2356 2701 2396 mens
2723 2340 2775 2393 in
2807 2353 3084 2404 sermone,
3105 2347 3164 2392 et
3195 2336 3318 2391 fons
3351 2336 3403 2389 iu
3431 2331 3592 2387 lluvio

1996 2432 2087 2501 qui
2116 2448 2185 2487 ex
2213 2447 2272 2486 se
2295 2442 2602 2501 promanat.
2630 2431 2947 2502 Proprietas
2968 2432 3114 2486 enim
3137 2428 3393 2485 essentize
3416 2426 3487 2481 Pa
3551 2427 3595 2481 is

1998 2527 2051 2580 in
2097 2525 2237 2581 Filio
2279 2526 2404 2591 sita,
2452 2535 2507 2582 et
2540 2525 2865 2591 divinitatis,
2903 2533 2962 2579 ut
3014 2525 3087 2579 ita
3122 2524 3324 2588 dicam,
3358 2520 3591 2591 species,

1999 2618 2173 2688 ipsum
2196 2618 2246 2672 in
2268 2632 2332 2673 eo
2359 2632 2482 2673 esse
2504 2618 2758 2673 omnibus
2780 2618 3043 2673 ostendit.
3068 2615 3480 2671 Observandum
3499 2626 3599 2665 (Hl-

1998 2718 2106 2764 tem
2126 2720 2230 2773 est,
2248 2718 2300 2764 et
2326 2710 2635 2766 necessario
2663 2710 2971 2775 sciendum,
2998 2723 3106 2764 non
3130 2706 3337 2777 vulgari
3370 2702 3599 2759 consilio

1999 2811 2163 2872 atque
2202 2802 2615 2871 dispensatione
2657 2802 2797 2857 lianc
2833 2814 3022 2856 vocem
3059 2816 3087 2853 a
3137 2798 3431 2853 Servatore
3472 2808 3599 2864 pro.

1998 2894 2161 2947 latam
2196 2893 2385 2949 fuisse.
2420 2893 2555 2949 Cum
2596 2894 2767 2959 enim,
2811 2894 3151 2949 identitatem
3195 2898 3404 2945 natura:
3436 2901 3599 2956 quam

2000 2986 2162 3042 habet
2190 3001 2311 3041 cum
2347 2985 2508 3041 Patre
2541 2986 2831 3041 ostendere
2871 2985 3078 3050 volens,
3128 2982 3263 3038 dixit
3294 2976 3364 3037 εἰ
3402 2979 3511 3050 Ego
3545 2986 3600 3033 et

1999 3076 2163 3133 Pater
2198 3094 2364 3133 unum
2397 3094 2612 3142 sunzus,
2647 3096 2666 3126 ι
2700 3091 2766 3132 ne
2815 3077 2938 3147 quis
2970 3075 3216 3130 eumdem
3265 3086 3387 3128 esse
3423 3070 3602 3139 suspi-

2004 3180 2221 3226 caretur
2250 3169 2492 3235 Patrem,
2528 3178 2581 3225 ct
2605 3169 2824 3237 Filium,
2861 3168 2993 3224 solis
3026 3174 3233 3223 tantum
3266 3162 3601 3223 nominibus,

290 3251 655 3321 γεννήσαντα,
687 3251 855 3316 δείξαι
906 3250 1215 3323 βουληθεὶς,
1266 3245 1420 3304 εἶπεν
1444 3292 1457 3316 ,
1494 3268 1513 3304 ι
1555 3250 1698 3317 Ἐγὼ
1742 3250 1836 3303 xui.
1869 3252 1894 3304 6

2007 3280 2117 3318 non
2145 3264 2420 3335 ltypostasi
2459 3264 2511 3317 in
2534 3262 2857 3317 dualitatem
2893 3274 3255 3330 personarum
3291 3257 3600 3311 distinctos:

293 3342 491 3413 Πατὴρ
514 3344 573 3396 ἓν
598 3346 787 3414 ἐσμεν,
812 3364 829 3397 ι
860 3346 945 3398 ἵνα
981 3346 1054 3415 μή
1086 3362 1169 3408 τις
1194 3344 1284 3397 τὸν
1318 3342 1481 3397 αὑτὸν
1511 3338 1649 3395 εἶναι
1679 3341 1899 3413 Πατέρα

293 3432 393 3485 καὶ
426 3432 554 3485 Υἱον
586 3433 831 3506 ὑπολάϐῃ
853 3473 866 3497 ,
918 3435 1099 3505 μόνοις
1139 3434 1371 3504 ὀνόμασι
1419 3432 1900 3502 διαστελλομένους

294 3523 379 3585 είς
406 3522 605 3588 δυάδα,
636 3523 798 3588 ὄντας
830 3523 887 3577 δὲ
916 3525 1016 3595 οὑχ
1044 3524 1216 3587 οὑτως
1262 3524 1320 3577 ὲν
1366 3523 1698 3589 ὑποστάσει,
1730 3524 1900 3593 ἀναγ-

296 3611 471 3676 καίως
522 3614 958 3685 ἐπεξηγούμενος
1002 3618 1140 3688 ὅπερ
1178 3615 1392 3686 εἴρηκε,
1421 3615 1516 3668 καὶ
1551 3614 1892 3685 σαφέστερον

293 3708 413 3768 τοίς
438 3705 810 3777 ἀκροωμένοις
835 3708 967 3761 αὐτὸ
993 3707 1291 3774 καθιστῶν,
1315 3707 1570 3779 ἑπιφέρει
1600 3707 1681 3772 τὸ,
1715 3724 1734 3759 ι
1759 3704 1899 3775 Ἐγὼ

295 3797 357 3849 ιν
394 3794 474 3866 τῷ
515 3797 719 3869 Πατρὶ,
766 3800 862 3852 καὶ
891 3800 919 3852 6
952 3800 1144 3871 Πατὴρ
1188 3801 1246 3852 ὲν
1294 3798 1439 3871 ἐμοὶ,
1469 3818 1486 3851 ι
1529 3797 1616 3851 ἵνα
1662 3797 1750 3851 διὰ
1799 3798 1899 3869 μὲν

296 3883 417 3947 τοῦ,
454 3885 641 3941 τοῦτον
664 3891 722 3942 ὲν
752 3890 970 3959 ἐκείνῳ,
1002 3893 1256 3944 κάκεῖνον
1276 3893 1333 3944 ὲν
1369 3888 1544 3960 τούτῳ
1584 3888 1894 3959 φαίνεσθαι,

297 3978 399 4048 τὴν
430 3980 739 4051 ταυτότητα
762 3982 861 4052 τῆς
891 3981 1145 4053 θεότητος
1176 3985 1270 4037 καὶ
1303 3984 1401 4053 τῆς
1433 3983 1621 4045 οὑσίας
1651 3982 1751 4053 τὴν
1782 3982 1899 4035 ἑνό-

298 4088 445 4141 τητα
480 4071 665 4143 δείξῃ·
710 4072 799 4126 διὰ
829 4074 886 4128 δὲ
920 4074 1017 4127 τοῦ
1069 4075 1257 4148 ἕτερον
1296 4077 1355 4129 ὲν
1404 4074 1575 4145 ἑτέρῳ
1621 4069 1780 4139 εἶναι,
1822 4074 1897 4144 μὴ

298 4165 360 4217 ἓν
384 4181 438 4217 τι
466 4162 525 4216 δν
556 4165 614 4218 ἐν
645 4165 867 4237 ἀριθμῷ
911 4167 1102 4239 νοηθῇ,
1130 4168 1157 4221 ὃ
1197 4169 1329 4222 ποτε
1383 4168 1481 4237 μὲν
1515 4168 1727 4239 Πατὴρ,
1767 4166 1899 4219 ποτὲ

299 4256 359 4309 δὲ
396 4256 525 4320 Υἱὸς
553 4257 775 4325 λέγεται
838 4258 953 4313 ἀλλ’
995 4259 1167 4323 δντως
1190 4259 1477 4328 ὑφεστῶτα
1507 4258 1756 4331 Πατέρα,
1805 4258 1901 4311 καὶ

303 4349 596 4418 ὑφεστῶτα
624 4350 753 4403 Υἱὸν
786 4351 1182 4423 ἐναργέστερον
1208 4351 1489 4421 ἀποδείξῃ.

1002 4444 1214 4497 ΔΛΛΟ.

387 4533 675 4605 ’θ’Πατὴρ
709 4534 804 4587 καὶ
832 4534 861 4587 6
893 4534 1021 4598 Υἱὸς
1050 4534 1121 4587 ἒν·
1152 4535 1252 4605 μέν
1278 4536 1385 4589 είσι
1421 4535 1561 4590 κατὰ
1591 4534 1774 4605 φύσιν,
1805 4534 1900 4588 δύο

2006 3356 2319 3413 necessario
2369 3355 2684 3425 utiliterque
2716 3352 2998 3423 explicans
3044 3352 3095 3406 id
3135 3349 3279 3420 quod
3323 3348 3491 3413 dixit,
3547 3356 3605 3402 et

2003 3450 2348 3505 manifestius
2392 3446 2737 3502 auditoribus
2778 3444 3006 3508 faciens.
3047 3442 3198 3498 addit
3243 3442 3347 3497 hoc
3388 3458 3401 3495 :
3437 3459 3456 3493 ι
3493 3439 3602 3510 Ego

2004 3541 2056 3595 in
2092 3540 2274 3607 Patre,
2304 3547 2358 3593 et
2411 3536 2573 3593 Pater
2607 3538 2658 3592 in
2715 3552 2834 3604 me;
2872 3554 2890 3587 ι
2924 3546 2982 3589 ιιι
3014 3548 3111 3604 per
3153 3533 3279 3600 hoc,
3323 3532 3469 3602 quod
3516 3529 3603 3586 hic

2003 3631 2220 3703 quidem
2253 3631 2304 3685 in
2334 3629 2445 3695 illo,
2472 3629 2563 3685 ille
2582 3643 2713 3685 vero
2735 3628 2790 3682 in
2820 3627 2924 3682 hoc
2946 3633 3234 3697 appareat,
3259 3623 3599 3679 identitatem

2002 3723 2221 3780 deitatis
2262 3731 2318 3778 et
2374 3722 2630 3777 essentia:
2687 3721 2953 3776 unitatem
3013 3719 3389 3781 demonstret;
3436 3724 3604 3786 utque

2002 3828 2100 3885 per
2132 3812 2183 3869 id
2217 3812 2360 3883 quod
2391 3811 2530 3867 alter
2569 3811 2622 3866 in
2662 3810 2836 3865 altero
2884 3810 2980 3873 sit,
3019 3824 3126 3863 non
3158 3822 3324 3863 unum
3372 3820 3600 3861 numero

2004 3921 2124 3963 esse
2152 3905 2507 3976 intelligatur,
2559 3903 2706 3975 quod
2750 3900 3047 3972 aliquando
3078 3900 3261 3966 Pater,
3303 3898 3602 3970 aliquando

2003 3999 2175 4055 Filius
2198 4006 2451 4064 vocetur;
2486 3996 2580 4052 sed
2615 4008 2743 4050 vere
2766 4003 2930 4064 atque
2960 3992 3303 4065 hypostatice
3334 3993 3603 4047 exsistere

2003 4096 2251 4160 Patrem,
2285 4107 2414 4148 vere
2474 4091 2641 4145 etiam
2707 4098 2873 4159 atque
2918 4086 3261 4160 ltypostatice
3328 4085 3599 4142 exsistere

2003 4185 2200 4240 Filium
2235 4181 2685 4239 manifestissime
2712 4178 2995 4236 ostendat.

2586 4443 2748 4516 ιιο
2784 4440 3011 4498 ALIUD.

2074 4539 2235 4596 Pater
2254 4548 2311 4595 et
2340 4538 2513 4595 Filius
2546 4553 2713 4593 unum
2743 4535 2967 4607 quidem
3000 4543 3129 4590 sunt
3176 4533 3472 4590 secundum
3509 4549 3606 4588 na-

302 4622 362 4676 δὲ
400 4624 461 4677 ὲν
486 4621 727 4693 ἀριθμῷ,
753 4624 850 4693 οὑχ
878 4622 954 4687 ὡς
993 4623 1113 4686 ἑνός
1149 4641 1296 4685 τινος
1329 4625 1408 4689 είς
1435 4624 1527 4678 δύο
1550 4625 1894 4695 καταδιαιρε-

2010 4641 2207 4695 turam,
2250 4632 2359 4688 duo
2400 4645 2530 4687 vero
2578 4644 2840 4697 numero;
2893 4643 3070 4699 neque
3114 4628 3189 4683 ita
3234 4642 3300 4683 ac
3337 4627 3386 4682 si
3436 4642 3603 4682 unum

306 4716 497 4781 θέντος
534 4716 698 4788 μέρη.
737 4715 812 4780 ὡς
849 4711 992 4769 εἶναι
1021 4714 1209 4769 λοιπὸν
1240 4718 1339 4788 τῆς
1368 4717 1505 4788 πρὸς
1541 4718 1745 4788 ἄλληλα
1788 4733 1903 4771 κοι-

307 4808 507 4872 νωνίας
546 4826 605 4862 τε
635 4810 730 4863 atati.
782 4810 1020 4879 σχέσεως
1060 4807 1343 4880 ἀμέτοχα,
1385 4808 1508 4863 οὔτε
1554 4809 1661 4881 μὴν
1695 4810 1771 4873 ὡς
1807 4809 1905 4863 τοῦ

308 4900 477 4956 αὑτοῦ
517 4902 612 4955 καὶ
642 4901 761 4965 ἑνὸς
786 4902 982 4967 διττοϊς
1016 4901 1278 4971 ὀνόμασιν
1309 4901 1786 4972 ἀποκαλουμὲνου,
1815 4900 1903 4955 ἴνα

308 4998 368 5050 ιν
404 4995 542 5067 μόνῃ
575 4993 916 5067 προσηγορίᾳ
944 4995 1202 5066 φαίνηται
1228 4994 1329 5064 τῆς
1360 4992 1551 5057 δυάδος
1578 4995 1613 5065 ἡ
1645 4992 1903 5064 δύναμιςο

309 5088 431 5143 οὐδὲ
470 5088 547 5150 ὡς
586 5084 685 5139 τώ
711 5084 878 5140 αὑτοῦ
924 5086 1055 5140 ποτὲ
1099 5087 1197 5157 μὲν
1238 5086 1474 5157 Πατρὸς,
1510 5085 1640 5139 ποτὲ
1682 5085 1737 5139 δὲ
1772 5083 1905 5139 Υίοῢ

310 5173 631 5250 λεγομένου,
666 5176 827 5232 τοῦτο
861 5177 966 5249 γὰρ
998 5176 1291 5232 Σαδελλίου
1317 5178 1378 5232 τὸ
1408 5178 1609 5249 δόγμα,
1650 5177 1766 5232 ἀλλ’
1796 5178 1904 5233 εἰσὶ

317 5273 414 5342 μὲν
442 5269 663 5343 ἀριθμῷ
692 5270 813 5324 δύο·
846 5270 959 5324 ἔστι
992 5269 1101 5339 γὰρ
1128 5272 1157 5323 6
1196 5269 1387 5343 Πατὴρ
1422 5270 1512 5324 ἀεὶ
1542 5270 1758 5343 Πατὴρ,
1780 5270 1905 5325 ούδέ

313 5381 447 5419 ποτε
495 5364 575 5427 εἰς
622 5362 752 5417 Υίὸν
809 5363 1307 5435 μεταποιούμενος-
1345 5364 1438 5415 καὶ
1478 5362 1662 5430 πάλιν,
1710 5366 1737 5418 ὀ
1778 5363 1907 5428 Υίὸς

314 5457 573 5511 οὐδέποτε
602 5456 682 5519 είς
709 5455 934 5527 Πατέρα
971 5455 1459 5527 μεταϐαλλόμενος.
1488 5456 1645 5509 Οὑτω
1672 5456 1729 5511 δὲ
1754 5456 1908 5521 ὄντος

314 5550 409 5606 τοῦ
442 5552 791 5622 πράγματος,
817 5549 911 5603 καὶ
941 5550 999 5603 ἐν
1027 5548 1178 5603 δυάδι
1208 5550 1466 5620 κειμένου
1518 5547 1613 5602 τοῦ
1648 5547 1907 5620 ἀριθμοῦ,

323 5645 419 5701 uia
448 5642 615 5713 φύσις
656 5640 987 5713 ἀμφοτέροις
1021 5641 1119 5695 καὶ
1162 5642 1197 5711 ἡ
1235 5638 1373 5711 αὑτὴ
1414 5640 1636 5710 θεότης,
1672 5641 1912 5706 ἐοικότος

321 5739 406 5794 ἀεὶ
436 5745 535 5794 τοῦ
565 5737 906 5809 γεννήματος
934 5734 1014 5806 τῷ
1045 5733 1399 5805 γεγεννηκότι
1439 5734 1706 5803 φυσικῶς.
1734 5732 1913 5789 Είκὼν

321 5832 429 5905 γάρ
457 5833 597 5902 ἔστι,
630 5830 726 5886 καὶ
753 5828 1112 5901 ἀπαύγασμα,
1144 5827 1238 5883 καὶ
1264 5826 1660 5901 χαρακτὴρτῆς
1680 5828 1913 5885 suam-

2014 4722 2227 4795 aliquod
2253 4724 2305 4777 in
2337 4721 2473 4778 duas
2502 4730 2687 4791 partes
2708 4722 3061 4787 divideretur,
3091 4728 3150 4774 ut
3180 4734 3211 4775 a
3240 4728 3430 4775 mutua
3462 4720 3605 4777 inter

2006 4832 2065 4873 se
2134 4815 2397 4872 societate
2460 4814 2890 4886 habitudineque
2952 4815 3348 4885 sejungantur,
3430 4828 3605 4882 neque

2006 4922 2200 4965 rursus
2231 4908 2302 4962 ita
2336 4916 2394 4963 ut
2424 4922 2591 4963 unum
2630 4916 2797 4976 atque
2841 4906 2985 4962 idem
3030 4906 3245 4961 duobus
3294 4906 3607 4962 nominibus

2006 5011 2252 5069 vocetur,
2287 5009 2345 5055 ut
2369 5002 2423 5056 in
2456 5016 2563 5055 una
2595 4998 2958 5070 appellatione
2984 4997 3267 5054 dualltatis
3303 5000 3480 5056 virtus
3510 5014 3607 5068 ap-

2006 5100 2226 5162 pareat;
2281 5105 2461 5162 neque
2492 5097 2552 5145 ut
2582 5090 2725 5147 idem
2760 5088 3058 5159 aliquando
3085 5086 3266 5153 Pater,
3310 5088 3606 5159 aliquando

2014 5181 2185 5239 Filius
2209 5182 2440 5247 dicatur,
2478 5182 2587 5241 hoc
2614 5180 2759 5237 enim
2809 5178 3031 5236 Sabellii
3063 5179 3254 5251 dogma
3278 5189 3387 5244 est.
3410 5181 3505 5235 sed
3546 5192 3607 5235 ut

2014 5278 2123 5330 sint
2146 5274 2249 5329 duo
2272 5288 2500 5331 numero
2526 5292 2539 5329 :
2562 5288 2689 5329 nam
2720 5270 2883 5328 Pater
2903 5286 3118 5342 semper
3142 5282 3222 5327 est
3251 5268 3437 5336 Pater,
3472 5287 3610 5325 nun-

2015 5380 2177 5436 quam
2208 5364 2261 5419 in
2295 5363 2486 5420 Filium
2518 5372 2760 5419 mutatus
2790 5380 2804 5419 :
2834 5371 2891 5419 et
2935 5361 3106 5421 Filius
3138 5375 3356 5432 semper
3383 5371 3467 5417 est
3513 5360 3606 5418 Fi-

2014 5458 2141 5522 lius,
2170 5472 2443 5527 nunquam
2476 5456 2530 5512 in
2572 5455 2793 5514 Patrem
2833 5464 3099 5512 mutuus.
3138 5453 3385 5526 Cumque
3429 5454 3502 5509 ita
3549 5470 3610 5509 se

2011 5564 2099 5606 res
2131 5549 2351 5615 habeat,
2378 5558 2434 5605 et
2460 5549 2533 5604 sit
2566 5563 2794 5603 numero
2825 5548 3064 5605 dualitas
3088 5562 3468 5618 personarum,
3500 5561 3608 5600 una

2010 5641 2230 5711 utrique
2271 5648 2357 5695 est
2400 5648 2614 5706 natura,
2645 5640 2947 5709 eademque
2986 5636 3163 5695 deitas
3188 5676 3204 5705 ,
3259 5652 3383 5693 cum
3436 5634 3611 5692 Filius

2012 5746 2229 5804 semper
2265 5731 2336 5787 sit
2378 5731 2577 5787 similis
2604 5731 2653 5786 ci
2696 5730 2788 5801 qui
2844 5729 3173 5786 naturaliter
3230 5744 3353 5783 eum
3397 5724 3606 5799 genuit.

2012 5826 2107 5887 Est
2150 5824 2295 5883 enim
2330 5823 2532 5897 imago,
2574 5834 2628 5883 et
2677 5822 2951 5895 splendor,
3000 5834 3055 5882 et
3110 5825 3396 5882 character
3440 5823 3613 5893 hypo-
