4024 6450
493 391 595 447 155

1471 390 1528 444 S.
1571 389 1841 444 CYRILLI
1882 389 2342 446 ALEXANDRINI
2386 390 2700 447 ARCHIEP.

3629 381 3729 436 184

492 513 697 555 staseus
715 515 959 555 essentia!
983 499 1158 554 Patris
1181 500 1361 555 Filius.
1388 501 1521 554 Nam
1545 502 1644 556 hac
1659 503 1862 558 ratione
1885 517 2044 557 unum

2158 521 2288 568 σεως
2331 505 2430 572 τῆς
2463 505 2557 557 τοῦ
2602 503 2808 573 Πατρδς
2846 499 3028 558 οὐσίας
3065 499 3090 550 6
3121 496 3262 558 Υἱός.
3296 493 3450 546 Οὕτω
3488 491 3592 561 γὰρ
3633 491 3728 543 ἕνα

491 594 717 646 dicimus
745 608 862 646 esse
900 593 1084 658 Deum,
1133 595 1199 647 ob
1244 593 1578 647 identitatem
1628 604 1829 649 natura:
1873 595 2052 652 Patris

491 699 608 736 cum
637 681 771 736 Filio
802 723 814 747 ,
845 695 898 738 et
930 683 1047 738 Filii
1085 700 1204 738 cum
1233 685 1408 740 Patre.

1157 814 1382 870 ALIUD.

559 905 1012 972 Quemadmodum
1039 920 1194 959 nemo
1215 907 1408 960 dixerit
1431 907 1763 976 splendorem
1789 920 1944 974 quem
1973 907 2051 960 sol

487 1014 553 1052 ex
593 1012 652 1052 se
695 997 908 1059 emittit,
945 997 1085 1050 aliud
1128 1010 1181 1050 et
1221 999 1488 1052 diversum
1531 1009 1717 1051 natura
1766 999 1939 1050 lumen
1985 999 2051 1050 ab

487 1090 577 1142 illo
607 1103 744 1151 esse,
775 1104 947 1158 neque
986 1091 1393 1161 participatione
1423 1091 1651 1158 quadam
1701 1099 1858 1157 atque
1897 1090 2050 1142 habi-

489 1181 666 1234 tudine
711 1196 776 1234 ex
829 1182 943 1249 ipso
1001 1182 1114 1235 sole
1166 1183 1293 1234 illud
1347 1182 1460 1236 ﬁeri
1494 1182 1778 1250 judicabit,
1815 1183 1905 1233 sed
1960 1196 2051 1233 na-

487 1272 731 1326 turaliter
755 1287 818 1326 ex
851 1273 965 1339 ipso
997 1273 1168 1326 emitti
1197 1290 1209 1336 ;
1255 1281 1307 1327 et
1335 1273 1436 1327 duo
1464 1275 1677 1341 quidem
1708 1273 1906 1325 lumina
1934 1288 2054 1326 esse

488 1364 693 1416 ratione
731 1365 1010 1431 percipiet,
1058 1379 1220 1417 unum
1259 1373 1436 1419 tamen
1481 1373 1667 1416 natura
1718 1383 1730 1418 :
1773 1366 1842 1417 ita
1891 1366 2050 1416 ctiam

487 1467 642 1506 nemo
667 1462 809 1506 recte
845 1454 1135 1516 censuerit,
1186 1454 1395 1506 tametsi
1437 1451 1596 1506 Pater
1644 1462 1695 1504 et
1742 1451 1909 1506 Filius
1949 1455 2054 1506 siut

485 1557 708 1596 numero
742 1544 864 1602 duo.
896 1543 1160 1596 diversum
1194 1557 1312 1596 esse
1361 1543 1552 1596 Filium
1589 1557 1617 1595 a
1647 1541 1806 1596 Putre
1847 1542 2054 1597 ratione

486 1635 705 1689 «Dzitatis
741 1646 794 1689 et
829 1636 1120 1690 itlentitatis
1149 1637 1416 1690 essentne.
1449 1635 1553 1689 Sed
1583 1637 1723 1688 sicut
1769 1635 1847 1688 sol
1881 1643 1963 1687 est
1999 1635 2050 1687 in

515 1726 769 1790 plendore
807 1740 964 1792 quem
1002 1740 1066 1778 ex
1100 1739 1169 1779 se
1198 1725 1415 1787 emittit,
1448 1734 1501 1778 et
1533 1724 1781 1793 splendor
1814 1723 1864 1775 in
1889 1723 2000 1775 solc
2024 1739 2051 1783 δ

488 1832 591 1884 quo
637 1818 796 1872 exit:
849 1818 919 1871 ita
955 1818 1117 1870 etiam
1167 1816 1325 1870 Pater
1377 1818 1428 1870 in
1483 1816 1640 1880 Filio,
1673 1825 1726 1870 et
1773 1815 1940 1870 Filius
1996 1816 2046 1868 in

487 1907 670 1970 l’atre;
701 1921 924 1961 numero
965 1906 1180 1974 quidem
1229 1907 1278 1959 in
1311 1906 1444 1959 duas
1486 1919 1743 1974 personas
1789 1903 2048 1967 distincti,
2082 1884 2122 1940 Β

486 2012 649 2068 atque
695 1999 769 2053 ita
817 1999 1150 2069 hypostatice
1197 1998 1543 2062 exsistentes,
1585 1998 1866 2053 identitate
1922 2012 2052 2053 vero

486 2097 692 2144 natura
720 2089 776 2144 in
811 2104 970 2144 unam
998 2089 1246 2145 deitatem
1274 2089 1499 2144 redacti.

1155 2289 1378 2345 ALIUD.

557 2379 616 2436 Si
637 2382 756 2450 quis
775 2382 1008 2436 divinam
1033 2381 1366 2453 Scripturatn
1386 2392 1638 2437 accurate
1664 2388 2047 2451 perscrutetur,

485 2473 724 2527 inveniet
757 2473 943 2527 iisdem
977 2473 1284 2529 nominibus
1309 2484 1556 2529 vocatum
1599 2473 1816 2536 Filium,
1859 2473 2052 2540 quibus

483 2576 538 2619 et
568 2562 751 2628 Pater,
793 2576 1016 2634 excepto
1059 2567 1198 2635 quod
1244 2582 1346 2620 non
1398 2567 1609 2620 dicatur
1652 2565 1842 2630 Pater;
1894 2563 2052 2632 idque

485 2656 604 2709 vice
630 2669 784 2709 versa
814 2653 1028 2708 Patrem
1061 2659 1353 2726 comperiet
1389 2657 1578 2712 iisdem
1623 2657 1926 2712 nominibus
1964 2672 2053 2707 vo-

485 2743 594 2798 cari
641 2743 879 2808 Patrem,
929 2746 1120 2814 quibus
1170 2747 1354 2812 Filius,
1417 2763 1480 2802 eo
1518 2757 1739 2813 excepto
1767 2746 1904 2812 quod
1948 2760 2048 2797 n0n

485 2837 696 2891 dicatur
743 2835 954 2890 Filius:
990 2838 1130 2906 quod
1181 2839 1396 2906 quidem
1454 2837 1752 2891 manifestis
1795 2835 2051 2903 exctuplis

483 2927 700 2995 probari
725 2935 917 2995 potest.
939 2927 1292 2994 Omnipotens
1309 2927 1488 2993 Pater,
1510 2929 1702 2982 dicitur
1723 2929 1861 2980 etde
1884 2927 2046 2980 Filio:

492 3035 509 3066 I
532 3016 654 3070 Hazc
678 3017 806 3071 dicit
825 3019 914 3085 qui
935 3028 1072 3084 erat,
1092 3021 1179 3087 qui
1201 3030 1455 3072 venturus
1473 3029 1575 3084 est,
1597 3019 1932 3086 omnipotens
1949 3019 2012 3071 ⁸ο.
2027 3036 2045 3067 ι

489 3108 745 3163 Dominus
769 3109 960 3176 Pater;
983 3120 1035 3164 et
1073 3128 1091 3160 ι
1121 3109 1264 3163 Unus
1287 3112 1541 3165 Dominus
1566 3110 1720 3165 Jesus
1748 3111 2045 3164 Christus.)

2156 595 2332 662 φαμὲν
2364 591 2495 646 εἶναι
2525 593 2655 645 Θεὸν
2678 593 2762 644 διὰ
2788 592 2884 659 τὴν
2912 586 3212 652 ταυτότητα
3250 586 3346 653 τῆς
3379 581 3590 651 φύσεως
3621 581 3727 632 Πα-

2154 685 2277 752 τρδς
2313 683 2612 750 πρὸςγὶδν,
2643 680 2736 733 καὶ
2767 678 2891 731 Υίοῦ
2923 674 3057 746 πρὸς
3097 672 3333 741 Πατέρα.

2837 790 3037 843 ΑΛΛο.

2225 887 2432 954 Ὠσπερ
2466 886 2524 939 τὸ
2571 886 2632 938 ὲκ
2667 882 2758 936 τοῦ
2805 882 2953 952 ἡλίου
2989 875 3338 947 πεμπόμενον
3387 869 3727 937 ἀπαύγασμα

2154 979 2250 1030 οὐκ
2281 978 2344 1030 ἀν
2378 993 2460 1039 τις
2506 976 2645 1028 εἴποι
2679 973 2816 1026 κατὰ
2850 972 3009 1040 φύσιν
3043 969 3227 1037 ἕτερον
3266 960 3402 1017 εἶναι
3434 962 3548 1029 φῶς
3595 959 3727 1027 παρ’

2155 1072 2382 1132 ἐκεῖνον,
2423 1069 2455 1138 ἢ
2500 1068 2639 1120 κατά
2676 1065 2966 1134 μετουσίαν
3005 1060 3124 1113 τινὰ
3174 1059 3266 1110 καὶ
3315 1055 3496 1125 σχέσιν
3533 1052 3633 1120 τὴν
3671 1051 3729 1114 ἐξ

2155 1164 2316 1218 αὑτοῦ
2345 1165 2551 1216 τοιοῦτο
2580 1162 2844 1230 γίνεσθαι,
2880 1158 2994 1210 ἀλλ’
3019 1156 3186 1216 ὅντως
3233 1152 3388 1219 φύσει
3434 1147 3620 1217 προϊὸν
3671 1145 3729 1208 ἐξ

2154 1254 2338 1319 αὑτοῦ,
2369 1255 2462 1307 καὶ
2489 1253 2581 1305 δύο
2609 1253 2704 1322 μὲν
2731 1250 2899 1303 ταῦτα
2923 1248 3075 1316 φῶτα
3105 1243 3221 1297 κατ’
3247 1241 3486 1293 ἐπίνοιαν
3512 1237 3726 1305 ὁρᾶται,

2154 1344 2209 1396 ἕν
2234 1344 2289 1396 δέ
2327 1346 2432 1395 εἰσι
2463 1344 2601 1396 κατά
2635 1341 2816 1409 φύσιν·
2848 1338 3020 1399 οὕτως
3053 1326 3247 1388 οὐχ’ἀν
3271 1347 3353 1392 τις
3389 1327 3646 1391 εὐλόγως»
3682 1325 3729 1375 εί

2156 1437 2246 1488 καὶ
2290 1437 2366 1496 εἰς
2398 1435 2561 1487 δυάδα
2594 1435 2842 1501 τέμνοιτο
2883 1427 3095 1498 Πατρός
3142 1443 3199 1476 τε
3236 1424 3328 1476 καὶ
3368 1419 3499 1472 Tia-3
3533 1422 3559 1470 ὸ
3609 1418 3729 1484 ἀρι-

2156 1529 2308 1596 θμὸς,
2339 1527 2519 1597 ἕτερον
2545 1543 2593 1576 τι
2627 1525 2777 1592 παρὰ
2799 1523 2887 1574 τὸν
2920 1518 3137 1587 Πατέρα
3174 1516 3287 1584 ἐρεῖ
3314 1513 3400 1563 τὸν
3434 1509 3580 1571 Υἱδν,
3607 1509 3729 1560 ξσον

2157 1623 2232 1682 εἰς
2271 1620 2366 1688 τὴν
2394 1617 2619 1686 Θεότητα
2648 1617 2738 1666 καὶ
2773 1615 2867 1683 τὴν
2898 1611 3195 1676 ταυτότητα
3227 1606 3321 1674 τῆς
3347 1603 3550 1662 οὐςίας-
3589 1599 3730 1651 Ἀλλ’

2156 1713 2342 1780 ὥσπερ
2373 1712 2398 1762 6
2427 1711 2575 1779 ἥλιος
2608 1709 2656 1759 ὲκ
2709 1708 2771 1770 -ᾙ
2808 1699 3194 1770 ἀπαυγασματί
3225 1700 3338 1749 ἐστι
3368 1695 3442 1764 τῷ
3476 1694 3533 1758 ἐξ
3564 1691 3730 1782 dum?

2158 1802 2506 1875 προελθόντι,
2542 1801 2635 1852 καὶ
2669 1798 2727 1849 τδ
2761 1794 3101 1861 ἀπαύγασμα
3138 1794 3193 1842 ὲν
3231 1788 3308 1857 τῷ
3357 1787 3490 1856 ἡλίῳ
3534 1784 3624 1850 ἀφ’
3668 1776 3730 1836 οὗ

2153 1898 2245 1949 καὶ
2271 1893 2510 1966 ὲξῇλθεν,
2549 1890 2657 1944 οὖτ-
2761 1889 2873 1939 ἐστὶ
2909 1885 3095 1952 Πατὴρ
3126 1883 3183 1933 ἐν
3215 1881 3349 1948 Υίῷ,
3383 1880 3477 1930 καὶ
3510 1876 3636 1966 Υίδς
3671 1876 3732 1925 ὲν

2155 1963 2597 2052 Πατρὶξάριθμῴ
2636 1983 2730 2048 μὲν
2768 1978 2845 2037 εἰς
2883 1972 3046 2026 δυάδα
3079 1971 3418 2041 τεμνόμενοι,
3450 1966 3545 2017 καὶ
3576 1963 3733 2023 ὄντες

2153 2073 2321 2136 οὕτως
2351 2075 2404 2125 ἐν
2434 2071 2744 2130 ὑποστάσει,
2775 2071 2841 2136 τῇ
2877 2066 2932 2119 δὲ
2964 2063 3246 2132 ταυτότητι
3273 2061 3371 2130 τῆς
3411 2058 3623 2126 φύσεως
3652 2057 3732 2117 εἰς

2157 2166 2285 2236 μίαν
2312 2165 2659 2233 σφιγγόμενοι
2693 2160 2940 2228 Osric-qu.

2839 2271 3038 2325 AAAO.

2223 2373 2290 2426 Εἴ
2329 2389 2410 2434 τις
2456 2367 2695 2441 ἀκριϐῶς
2729 2366 2975 2430 ἐξετάσαι
3023 2363 3120 2426 τὴν
3167 2359 3315 2411 Οείαν
3354 2353 3592 2425 Γραφὴν,
3640 2350 3734 2401 εὕ-

2156 2467 2310 2536 ρὴσει
2344 2463 2615 2522 τοσούτοις
2667 2457 2923 2526 ὀνόμασιν
2970 2449 3415 2516 ἀποκαλούμενον
3448 2445 3539 2496 τὸν
3580 2442 3731 2503 Υίδν,

2154 2533 2408 2623 δσ-οισπερ
2430 2553 2494 2605 ἂν
2525 2552 2619 2603 ἴδοι
2653 2549 2744 2601 καὶ
2769 2547 2858 2599 τὸν
2893 2544 3135 2613 Πατέρα,
3172 2541 3292 2608 δίχα
3331 2538 3489 2607 μόνον
3519 2533 3612 2585 τοῦ
3646 2533 3735 2583 λέ-

2153 2645 2343 2714 γεσθαι
2377 2644 2624 2710 Πατέρα·
2658 2639 2748 2692 καὶ
2779 2637 2938 2690 πάλιν
2971 2637 3063 2688 ἐπὶ
3106 2633 3315 2702 Πατρδς
3345 2631 3440 2699 τὴν
3483 2628 3605 2694 ἴσην
3639 2627 3734 2677 ἀνα

2152 2737 2464 2804 τιστροφὴν,
2496 2730 2764 2790 τοσούτοις
2792 2730 3046 2797 ὀνόμασιν
3075 2723 3513 2789 ἀποκαλούμενον
3547 2718 3730 2781 αὐτὸν,

2151 2829 2292 2887 ὅσοις
2320 2827 2409 2877 καὶ
2434 2826 2459 2875 6
2486 2823 2629 2883 Υἱὸς,
2657 2820 2780 2888 δίχα
2815 2819 2969 2886 μόνον
2998 2814 3089 2867 τοῦ
3121 2811 3369 2880 λέγεσθαι
3406 2808 3545 2862 ι’ἱόν.
3573 2806 3734 2868 Ἥξει

2152 2917 2208 2968 δὲ
2237 2918 2368 2984 ἡμῖν
2398 2913 2490 2964 καὶ
2519 2911 2583 2962 δι’
2621 2907 2862 2977 ἐναργῶν
2897 2905 3219 2968 ἀποδείξεσιν
3248 2903 3274 2953 6
3307 2901 3480 2965 λόγος.
3526 2898 3734 2948 Παντο-

2155 3010 2374 3079 κράτωρ
2399 3008 2424 3058 6
2451 3003 2659 3073 Πατὴρ,
2691 3000 2912 3069 φέρεται
2942 2998 3033 3050 καὶ
3060 2998 3139 3062 ἐφ’
3165 2993 3328 3047 Υίοῦ·
3361 3011 3376 3041 ι
3407 2990 3542 3043 Τάδε
3583 2989 3735 3053 λέγει

2152 3104 2178 3153 6
2217 3097 2301 3170 ἦν,
2332 3101 2358 3149 6
2388 3097 2710 3166 ἐρχόμενος,
2751 3093 2778 3143 ὁ
2818 3089 3229 3161 παντοκράτωρ.
3261 3105 3277 3134 ι
3315 3084 3516 3152 Κύριος
3553 3084 3579 3132 ὁ
3617 3082 3736 3132 Πα-

485 3201 690 3256 Lumen
729 3201 884 3255 Pater
913 3215 928 3255 :
964 3202 1093 3256 dicit
1138 3214 1188 3256 et
1222 3201 1385 3256 Filius
1415 3221 1425 3256 :
1461 3221 1475 3253 t
1505 3204 1610 3270 ligo
1641 3219 1756 3257 sum
1787 3203 1871 3256 lux
1905 3220 2053 3256 mun—

2158 3192 2280 3259 τὴρ,
2341 3191 2432 3241 καὶ
2480 3206 2496 3237 t
2533 3181 2626 3248 Εἷς
2673 3183 2900 3254 Κύριος.
2929 3179 3133 3249 Ἰησοῦς
3201 3175 3454 3245 Χριστός.
3485 3192 3502 3223 ›
3551 3173 3671 3232 Φῶς
3707 3173 3738 3223 6

487 3292 542 3344 di
569 3292 635 3344 ⁸⁸.
677 3310 696 3342 ι
730 3290 890 3345 Pater
931 3293 1150 3346 remittit
1179 3305 1397 3359 peccata
1428 3309 1443 3348 :
1472 3295 1698 3346 remittit
1743 3305 1794 3347 ct
1838 3294 2004 3347 Filius
2036 3311 2047 3346 :

496 3403 513 3433 ι
544 3379 614 3437 Ut
636 3383 819 3439 sciatis
845 3384 1012 3447 enim,
1044 3384 1236 3452 inquit,
1268 3385 1405 3452 quod
1439 3383 1607 3437 Filius
1641 3385 1869 3438 hominis
1896 3387 2055 3438 liabet

491 3476 807 3537 potestatem
841 3472 1056 3524 interra
1086 3472 1386 3526 remittcndi
1411 3483 1625 3539 peccata
1651 3472 1717 3525 ".
1749 3493 1766 3523 ι
1794 3473 2054 3538 Quoniam

491 3562 653 3630 igitur
700 3562 878 3616 omnia
924 3563 1106 3617 insunt
1142 3560 1295 3622 Filio,
1340 3578 1457 3631 quae
1490 3561 1655 3628 Patri,
1704 3579 1827 3616 vcre
1875 3564 2003 3617 dicit
2040 3581 2051 3615 :

493 3667 511 3701 ι
550 3650 739 3706 Omnia
770 3666 887 3720 quae
928 3653 1087 3706 liabet
1126 3653 1278 3721 ιιι
1307 3651 1482 3715 Pater,
1527 3669 1638 3706 mea
1685 3663 1810 3708 sunt
1839 3654 1900 3708 ".
1941 3673 1957 3704 ι
1994 3653 2058 3707 Ει

491 3756 676 3796 rursus
727 3743 792 3796 ad
833 3741 1046 3798 Patrem
1092 3759 1245 3796 suum
1298 3744 1552 3813 loquens,
1605 3746 1730 3798 dicit
1767 3765 1777 3798 :
1817 3764 1834 3794 ι
1868 3745 2058 3799 Omnia

490 3845 609 3884 mea
637 3840 761 3884 sunt
797 3841 906 3894 tua,
943 3843 996 3885 et
1027 3841 1112 3884 tua
1143 3843 1266 3885 sunt
1311 3847 1426 3884 mea
1459 3833 1524 3887 ⁸⁸.
1556 3852 1573 3884 ι
1613 3833 1668 3890 Si
1714 3850 1840 3904 ergo
1879 3836 2057 3888 omnia

490 3936 611 3986 qua:
663 3921 842 3974 insunt
877 3920 1045 3984 Patri,
1091 3922 1268 3974 insunt
1310 3930 1364 3975 et
1408 3921 1562 3985 Filio,
1609 3933 1664 3976 et
1707 3939 1736 3976 e
1769 3925 2055 3987 contrario,

491 4025 819 4079 qutecunque
849 4011 1029 4065 insunt
1063 4011 1215 4077 Filio,
1243 4013 1428 4066 insunt
1454 4026 1505 4068 ct
1536 4013 1700 4078 Patri,
1734 4030 1835 4067 non
1864 4016 2053 4068 menti-

493 4115 580 4155 tur
630 4117 750 4156 cum
796 4102 969 4155 dicit:
1008 4120 1026 4150 ι
1063 4101 1172 4172 Ego
1212 4103 1262 4154 itt
1304 4101 1480 4166 Patre,
1523 4112 1576 4157 et
1611 4103 1771 4157 Pater
1802 4106 1852 4157 in
1892 4121 1994 4168 Ine,
2033 4124 2050 4156 ι

491 4208 612 4246 cum
644 4208 827 4246 eorum
861 4208 979 4260 quae
1007 4194 1186 4247 insunt
1223 4195 1474 4249 identitas
1511 4195 1561 4247 in
1595 4196 1852 4249 dualitate
1875 4211 2058 4262 perso-

493 4299 680 4337 narum
711 4285 912 4353 absque
954 4285 1057 4338 ulla
1094 4285 1393 4339 ditio-rentia
1438 4297 1716 4355 appareat.
1753 4288 1902 4354 Quod
1935 4304 2054 4341 cum

491 4389 679 4428 verum
710 4377 928 4428 omnino
960 4377 1060 4438 sit;
1091 4378 1362 4444 preprium
1409 4387 1552 4430 certe
1591 4378 1836 4447 genimen
1876 4379 2058 4432 Patris

494 4472 578 4519 est
598 4463 768 4517 Filius
799 4479 812 4516 :
841 4478 1015 4532 neque
1040 4465 1183 4517 enim
1209 4466 1438 4534 gestavit
1479 4466 1775 4520 secundum
1807 4475 2053 4522 naturam

2159 3281 2369 3350 Πατὴρ,
2411 3279 2555 3344 λέγει
2592 3276 2685 3329 καὶ
2728 3277 2755 3326 6
2788 3275 2944 3336 Υἱός·
2985 3291 3001 3322 ι
3048 3269 3190 3337 Ἐγώ
3239 3269 3352 3336 εἰμι
3384 3265 3443 3316 τὸ
3476 3263 3591 3332 φῶς
3641 3261 3734 3314 τοῦ

2158 3371 2382 3439 κόσμου.
2410 3386 2427 3418 ι
2473 3368 2528 3417 Ὀ
2560 3364 2746 3433 Πατὴρ
2786 3362 3008 3432 ἀφίησιν
3052 3356 3326 3428 ἁμαρτίας
3349 3371 3362 3384 ·
3407 3354 3548 3405 ποιεῖ
3578 3351 3738 3402 τοῦτο

2158 3463 2250 3513 καὶ
2280 3463 2306 3511 6
2343 3459 2498 3519 Υἱός·
2542 3474 2558 3506 ι
2593 3444 2707 3507 Ἵνα
2763 3456 2891 3522 γὰρ,
2932 3451 3114 3520 φησὶν,
3157 3446 3330 3516 εἰδῆτε
3365 3445 3443 3497 ὅτι
3487 3440 3739 3507 ἐξουσίαν

2158 3550 2267 3619 ἔχει
2299 3550 2326 3601 ὁ
2355 3550 2477 3609 Υἱὸς
2508 3544 2598 3598 τοῖ’)
2628 3544 2914 3613 ἀνθρώπου
2946 3541 3038 3593 ἐπὶ
3066 3539 3165 3607 τῆς
3193 3539 3294 3606 γῆς
3320 3535 3535 3602 ἀφιέναι
3565 3533 3741 3601 ἀμαρ-

2158 3645 2296 3704 τίας.
2332 3661 2348 3690 ι
2395 3623 2611 3706 Ἐπειδῆ
2653 3637 2833 3688 τοίνυν
2867 3633 3042 3686 πάντα
3086 3631 3346 3701 πρόσεστι
3379 3627 3453 3696 τῷ
3485 3625 3599 3694 Υῐῷ
3638 3625 3740 3677 ὅσα

2159 3735 2251 3786 καὶ
2292 3735 2344 3784 ὲν
2371 3731 2444 3801 τῷ
2480 3730 2674 3797 Πατρὶ,
2706 3726 2982 3796 ἀληθεύων
3013 3723 3158 3789 λέγει
3179 3739 3190 3753 ’
3230 3741 3248 3771 ι
3283 3721 3466 3772 Πάντα
3494 3719 3592 3770 ὅσα
3623 3716 3739 3786 ἔχει

2159 3827 2185 3877 6
2215 3824 2432 3892 Πατὴρ,
2482 3821 2588 3891 ἐμά
2630 3823 2760 3873 ἐστι.
2795 3839 2811 3870 ι
2863 3818 2973 3871 Καὶ
3015 3816 3178 3869 πάλιν
3229 3813 3362 3882 πρὸς
3407 3811 3494 3863 τὸν
3539 3809 3738 3863 ἑαυτοῦ

2161 3915 2378 3982 Πατέρα
2406 3916 2530 3976 τοὺς
2571 3913 2761 3979 λόγους
2813 3909 3133 3978 ποιούμενος
3185 3906 3413 3975 φάσκει·
3447 3922 3464 3954 ι
3499 3902 3579 3954 Τά
3630 3901 3741 3972 sui

2159 4007 2333 4059 πάντα
2369 4007 2597 4064 σιϊὲστι,
2631 4004 2724 4056 καὶ
2755 4003 2823 4055 τὰ
2853 4003 2920 4054 σα
2953 4002 3113 4071 ἐμά.»
3148 4000 3206 4052 Εἰ
3239 3998 3416 4051 τοίνυν
3443 3997 3539 4048 ὅσα
3572 3996 3740 4064 πρόσ-

2159 4112 2273 4147 εστι
2304 4094 2380 4163 τῷ
2411 4094 2582 4162 Πατρ“ι
2602 4133 2614 4155 ,
2655 4090 2826 4144 ταῦτα
2876 4092 2967 4143 καὶ
2997 4090 3073 4159 τῷ
3108 4089 3219 4158 Υἱῴ
3240 4105 3252 4118 ο
3299 4089 3392 4139 καὶ
3424 4086 3605 4147 πάλιν,
3638 4086 3740 4139 ὅσα

2161 4185 2415 4255 πρόσεστι
2445 4183 2520 4253 τῷ
2548 4182 2680 4252 Υξῷ,
2706 4182 2876 4242 ταῦτα
2916 4183 3009 4233 καὶ
3043 4181 3118 4250 τῷ
3155 4181 3346 4247 Πατρὶ,
3385 4181 3444 4231 οὐ
3478 4177 3741 4248 ψεύδεται

2158 4276 2330 4342 λέγων
2349 4291 2363 4305 ⁸
2403 4293 2420 4326 t
2457 4275 2598 4342 Ἐγὼ
2623 4276 2678 4327 ὲν
2699 4274 2774 4343 τῷ
2811 4273 3004 4340 Πατρὶ,
3037 4273 3129 4325 καὶ
3155 4273 3182 4323 ὁ
3211 4270 3420 4340 Πατὴρ¹
3449 4273 3505 4322 ὲν
3540 4271 3685 4340 ἐμοί·
3715 4290 3734 4321 ι

2157 4369 2254 4438 τῆς
2288 4367 2396 4419 τῶν
2432 4367 2735 4437 προσόντων
2777 4365 3102 4434 ταυτότητος
3147 4366 3204 4414 ὲν
3249 4365 3314 4432 τῇ
3351 4361 3502 4413 δυάδι
3543 4379 3736 4429 φαινο-

2161 4459 2325 4530 μένης
2353 4459 2808 4530 ἀπαραλλάκτως.
2843 4455 3058 4526 Ἐπειδὴ
3086 4454 3143 4506 δὲ
3171 4453 3329 4506 τοῦτο
3363 4453 3576 4522 ἀληθὲς,
3607 4454 3739 4510 ἴδιον

493 4568 556 4608 ea
578 4570 696 4624 quae
720 4553 988 4609 Genitoris
1013 4565 1158 4619 sunt,
1191 4556 1289 4610 nisi
1318 4570 1380 4609 ex
1413 4557 1526 4626 ipso
1550 4566 1659 4617 est;
1683 4572 1855 4626 neque
1879 4560 2053 4613 insunt

2158 4549 2222 4602 ἂν
2252 4550 2335 4619 εἴη
2363 4550 2606 4619 γέννημα
2643 4549 2734 4601 τοῦ
2771 4547 2981 4618 Πατρὸς
3019 4547 3046 4598 6
3081 4546 3230 4608 Υἱός·
3259 4544 3318 4598 οὐ
3363 4545 3471 4614 γὰρ
3513 4545 3578 4597 ἂν
3611 4546 3738 4613 etpri-

495 4643 640 4697 Patri
669 4659 728 4698 ea
759 4659 877 4713 quae
910 4644 1030 4698 Filii
1069 4654 1212 4710 sunt,
1261 4647 1361 4700 nisi
1403 4646 1453 4701 id
1502 4647 1642 4717 quod
1686 4649 1921 4718 genitum
1953 4659 2055 4715 cst,

494 4735 767 4805 proprium
794 4735 1041 4791 essentia:
1067 4751 1175 4790 suae
1205 4748 1365 4791 esset.

924 4914 1150 4980 ALIUD,
1183 4933 1276 4985 per
1302 4917 1610 4985 exemplum.

566 5029 1047 5097 Quemadmodum,
1088 5031 1132 5085 si
1170 5031 1291 5099 quis
1339 5031 1624 5101 imaginem
1667 5033 1867 5101 optime
1909 5033 2054 5104 depi-

494 5133 636 5178 ctam
666 5122 840 5177 videat
871 5131 1034 5190 atque
1070 5122 1389 5188 admiretur,
1437 5123 1577 5194 regis
1611 5125 1738 5179 item
1767 5126 1969 5180 vultum
2001 5136 2055 5180 et

497 5228 830 5282 quiscunque
855 5213 908 5267 in
931 5212 1020 5267 illo
1037 5222 1330 5268 cernuntur
1352 5214 1550 5268 intueri
1570 5215 1622 5268 in
1649 5215 1838 5270 tabella
1865 5218 2052 5284 possit,

497 5304 764 5372 cupiditas
801 5304 948 5358 illum
993 5304 1230 5359 incessat
1277 5320 1455 5375 regem
1502 5305 1672 5374 ipsum
1714 5306 1924 5360 videndi
1957 5325 1969 5359 :
2000 5319 2056 5361 at

501 5397 688 5449 tabella
718 5396 908 5450 merito
933 5396 1007 5450 illi
1046 5396 1226 5452 dicere
1253 5402 1422 5466 possit
1455 5415 1469 5451 :
1502 5397 1696 5452 Vidisti
1738 5413 1842 5459 me.
1879 5399 2053 5454 vi‘disti

496 5498 550 5540 et
602 5496 902 5555 regem;et
944 5503 1157 5542 rursum
1191 5504 1205 5541 ι
1244 5488 1355 5557 Ego
1399 5498 1451 5543 et
1501 5504 1591 5543 rex
1640 5505 1801 5542 unum
1846 5505 2051 5552 sumus,

497 5587 755 5645 quantum
779 5580 844 5632 ad
866 5578 1156 5648 perfectam
1181 5579 1583 5634 similitudinem
1607 5580 1828 5643 attinet;
1859 5591 1910 5634 et
1938 5597 2055 5635 rur-

580 5756 624 5789 ‘°
651 5758 820 5828 Apoc.
855 5774 924 5824 ιγ,
956 5757 1008 5812 9.
1084 5757 1127 5789 “
1160 5756 1309 5814 Joan.
1339 5774 1452 5833 rut,
1486 5759 1566 5812 i2.
1646 5759 1688 5793 "
1723 5759 1850 5814 Luc.
1887 5777 1931 5826 γ,
1969 5761 2056 5816 24.

2163 4660 2284 4714 ρεσε
2324 4643 2462 4696 κατὰ
2499 4643 2657 4710 φύσιν
2692 4639 2761 4693 τὰ
2789 4640 2881 4691 τοῦ
2920 4639 3295 4708 γεννήσαντος,
3327 4637 3426 4690 οὐκ
3453 4635 3528 4689 ὢν
3558 4635 3616 4702 ἐξ
3641 4639 3739 4691 αὐ-

2157 4731 2272 4793 τοῦ,
2296 4731 2401 4784 οὐδ’
2423 4728 2488 4784 αὖ
2525 4731 2734 4800 προσῆν
2763 4728 2839 4798 τῷ
2869 4727 3040 4798 Πατρὶ
3069 4728 3137 4780 τὰ
3169 4725 3262 4779 τοῦ
3296 4727 3656 4795 γεννήματος,
3688 4726 3738 4779 si

2163 4824 2236 4895 μὴ
2269 4825 2365 4895 τῆς
2400 4824 2584 4886 οὗσίας
2615 4821 2778 4874 αὑτοῦ
2813 4822 2941 4874 ἴδιον
2972 4822 3185 4891 ὑπῆρχε
3216 4820 3276 4873 τὸ
3315 4819 3596 4891 γεννηθέν.

2490 4934 2713 4997 Ἄλλως
2741 4933 2820 4997 ὡς
2847 4932 2914 4996 ἐξ
2953 4931 3403 5001 ὑποδείγματος.

2231 5044 2440 5112 Ὥσπερ
2462 5042 2525 5094 ἂν
2550 5041 2602 5094 εἴ
2617 5060 2696 5105 τις
2724 5045 2803 5106 εἰς
2828 5045 3011 5096 εἰκόνα
3034 5043 3514 5113 διαγεγραμμένην
3539 5042 3737 5113 ἄριστα

2163 5132 2367 5202 βλέποι,
2393 5133 2486 5185 καὶ
2514 5133 2888 5202 ἀποθαυμάζοι
2917 5135 3013 5204 μὲν
3036 5132 3095 5185 τὸ
3117 5131 3208 5185 τοῦ
3238 5132 3499 5202 βασιλέως
3527 5134 3732 5204 σχῆμα,

2163 5225 2254 5276 καὶ
2300 5224 2506 5292 ὅσαπερ
2551 5226 2607 5276 ὲν
2650 5226 2840 5294 ἐκείνῳ
2885 5225 3162 5292 φαίνεται,
3207 5223 3378 5278 ταῦτα
3423 5225 3517 5277 καὶ
3565 5227 3623 5278 ὲν
3663 5225 3732 5290 τῇ

2161 5320 2343 5386 γραφῇ
2388 5315 2680 5384 δυνάμενός
2713 5334 2770 5370 τε
2815 5319 2908 5370 καὶ
2951 5317 3090 5388 ἔχων
3117 5319 3272 5388 ὁρᾷν,
3318 5319 3396 5380 εἰς
3441 5317 3734 5387 ἐπιθυμίαν

2160 5400 2301 5463 ἔλθοι
2339 5402 2432 5454 τοῦ
2484 5404 2578 5454 καὶ
2618 5404 2774 5456 αὑτὸν
2811 5406 2936 5458 ἰδεῖν
2980 5406 3071 5458 τὸν
3112 5405 3360 5474 βασιλέα·
3393 5406 3536 5459 εἴποι
3583 5407 3628 5460 δ’
3669 5408 3732 5461 ἂν

2160 5493 2382 5554 εἰκότως
2411 5492 2547 5562 πρὸς
2583 5493 2740 5545 αὐτὸν
2767 5496 2798 5563 ἡ
2828 5499 3010 5564 γραφή
3033 5512 3044 5523 ·
3091 5495 3148 5548 '0
3186 5497 3443 5566 ἑωρακὼς
3477 5495 3598 5565 ἐμὲ,
3633 5496 3732 5548 ἑώ-

2163 5601 2297 5654 ρακε
2343 5585 2431 5637 τὸν
2461 5584 2699 5653 βασιλέα,
2736 5589 2827 5638 καὶ
2876 5588 3066 5639 πάλιν·
3113 5587 3252 5655 Ἐγὼ
3297 5589 3389 5641 καὶ
3420 5591 3446 5640 ὁ
3478 5589 3728 5659 βασιλεὺς

2135 5764 2178 5793 ⁸³
2206 5763 2360 5822 Joan.
2401 5784 2503 5830 rm,
2546 5768 2624 5822 1-3.
2705 5771 2747 5803 “
2779 5769 2910 5827 Juan
2967 5789 3098 5838 xm,
3137 5773 3220 5828 it).
