4024 6464
283 429 380 487 185

1689 432 2134 492 THESAURUS.

3442 427 3546 484 186

278 551 334 605 ιν
372 551 557 620 ἐσμεν,
588 550 710 603 ὅσον
739 549 819 615 είς
863 548 1157 621 ὁμοιότητα
1185 548 1280 603 καὶ
1313 549 1715 622 ἀκριϐεστάτην
1749 553 1844 622 ἐμ-

1957 566 2076 607 sum
2111 569 2125 606 :
2156 549 2265 620 Ego
2302 549 2354 603 in
2391 562 2535 619 rege,
2568 553 2621 603 et
2651 559 2744 602 rex
2781 545 2833 600 in
2866 559 2974 607 me,
2999 551 3160 616 juxta
3207 543 3395 599 formae
3425 561 3548 614 spe-

283 645 516 714 ῳίρειαν,
545 642 640 695 καὶ
674 641 867 696 πάλιν·
909 640 1049 711 Ἐγὼ
1083 643 1140 695 ὲν
1171 639 1250 711 τῷ
1285 641 1514 712 βασιλεῖ,
1555 643 1652 696 καὶ
1680 645 1709 696 6
1758 643 1854 712 βα-

281 737 450 798 σιλεὺς
475 736 533 787 ἐν
557 735 698 805 ἐμοὶ,
743 735 882 789 κατὰ
922 735 982 787 τὸ
1019 737 1118 806 τῆς
1149 735 1366 806 μορφῆς
1402 735 1586 806 σχῆμα
1629 735 1709 803 (τὸ
1747 737 1855 808 γὰρ

276 823 407 889 εἶδος
435 827 496 880 τὸ
531 827 740 880 ἐκείνου
777 827 992 889 πάντως
1025 830 1180 898 φορεῖ
1218 829 1250 898 ἡ
1290 826 1500 897 γραφὴ,
1532 826 1626 879 καὶ
1658 825 1720 880 τὸ
1757 827 1856 896 τῆς

273 919 484 986 γραφῆς
529 915 667 981 εἶδος
716 921 772 972 ἐν
816 917 1010 988 ἐκείνῳ
1061 919 1278 981 παντως
1331 915 1634 980 σώζεται)’
1683 915 1854 978 οὓτως

270 1011 386 1061 ἐστὶ
421 1012 517 1063 καὶ
558 1013 586 1064 6
617 1011 746 1074 Υἱὸς
776 1010 981 1078 λέγων·
1019 1029 1036 1061 ι
1077 1010 1135 1063 '0
1179 1007 1439 1080 ἑωρακὼς
1485 1009 1605 1079 ἐμὲ,
1642 1007 1853 1078 ἑώρακε

267 1099 356 1153 τὸν
391 1102 626 1172 Πατέρα.
661 1100 829 1170 Κάγὼ
862 1103 956 1155 καὶ
997 1103 1025 1154 6
1067 1102 1256 1171 Πατὴρ
1303 1101 1360 1153 ἓν
1391 1103 1578 1171 ἐσμεν.
1620 1098 1760 1168 Ἐγὼ
1796 1101 1853 1152 ἐν

265 1192 339 1262 τῷ
371 1195 570 1264 Πατρὶ,
609 1196 701 1247 καὶ
739 1195 766 1247 6
796 1194 984 1265 Πατὴρ
1011 1195 1066 1246 ὲν
1100 1193 1240 1264 ἐμοί.
1271 1212 1290 1244 ι
1327 1193 1399 1246 Τὸ
1437 1192 1547 1263 γὰρ
1585 1192 1714 1245 ἴδιον
1751 1194 1853 1262 τῆς

263 1283 352 1338 τοῦ
393 1285 608 1356 Πατρὺς
650 1285 836 1350 οὐσίας
875 1286 1310 1357 ἀπαραλλάκτως
1351 1284 1489 1355 ἔχων
1524 1287 1552 1338 6
1585 1285 1732 1351 Υἱὸς,
1768 1286 1848 1338 εί-

261 1373 371 1428 κὼν
414 1378 532 1429 ἐστι
566 1377 661 1429 τοῦ
692 1378 907 1448 Πατρὸς
947 1377 1198 1448 ἀκριϐὴς,
1231 1378 1325 1432 καὶ
1357 1377 1543 1449 μορφὴ
1589 1376 1684 1430 τοῦ
1727 1391 1852 1445 γεν-

261 1468 553 1537 νήσαντος,
601 1469 719 1521 ὅλον
758 1472 816 1522 ὲν
869 1471 1034 1539 ἑαυτῇ
1085 1469 1408 1522 δεικνύουσα
1457 1469 1550 1522 τὸν
1595 1485 1851 1540 γεγεννη-

259 1558 410 1612 κότα.
457 1557 616 1610 Οὕτω
667 1562 773 1630 γὰρ
818 1562 1030 1630 νοήσεις
1078 1561 1172 1614 καὶ
1212 1561 1274 1614 τὸ
1314 1559 1465 1631 παρὰ
1524 1560 1600 1630 τῷ
1651 1559 1849 1631 Παύλῳ

260 1650 545 1720 κείμενον·
589 1671 604 1701 ι
637 1653 730 1713 Ὃς
775 1654 832 1703 ὲν
882 1654 1062 1721 μορφῇ
1104 1651 1239 1704 Θεοῦ
1286 1653 1566 1722 ὑπάρχων,
1615 1652 1713 1722 οὐχ
1754 1654 1851 1724 ἀρ’

257 1741 475 1811 παγμον
501 1744 751 1812 ἡγήσατο
780 1743 839 1795 τὸ
869 1740 1009 1796 εἶναι
1035 1743 1124 1796 ἶσα
1147 1743 1287 1813 Θεῷ.
1311 1763 1328 1794 ι
1365 1745 1508 1807 Ἵσος
1547 1745 1656 1814 γὰρ
1675 1739 1741 1814 ἦν
1771 1742 1849 1814 τῷ

257 1829 372 1902 Θεῷ
414 1833 535 1896 ὅλος
577 1831 652 1884 ὣν
690 1835 850 1898 Θεὸς,
892 1833 1083 1906 ὥσπερ
1122 1835 1216 1889 καὶ
1243 1837 1270 1888 6
1304 1836 1527 1905 Πατήρ·
1561 1834 1734 1899 οὕτως
1780 1831 1847 1904 ἦν

1959 644 2095 699 ciem
2149 645 2306 712 (nam
2355 641 2497 696 illius
2543 640 2770 696 formam
2823 637 3016 692 tabella
3063 637 3222 708 plane
3275 637 3461 703 refert,
3494 648 3549 692 et

1958 737 2132 792 forma
2163 734 2374 790 tabellae
2399 735 2513 789 sive
2537 735 2758 803 pictura:
2786 733 2838 786 in
2870 733 2986 801 ipso
3011 731 3176 784 etiam
3201 729 3358 801 est);
3393 731 3465 784 ita
3494 740 3546 785 et

1956 829 2127 884 Filius
2161 828 2292 883 dicit
2335 845 2347 881 :
2388 845 2406 880 ι
2440 827 2540 893 Qui
2590 825 2724 880 vidit
2757 839 2863 884 me,
2899 822 3036 877 vidit
3071 834 3126 876 et
3159 821 3375 877 Patrem
3407 821 3482 887 ";
3523 841 3541 875 ι

1955 932 2029 984 et,
2069 941 2086 972 ι
2113 919 2225 991 Ego
2253 930 2306 974 et
2327 919 2489 972 Pater
2521 933 2686 972 unum
2718 931 2907 972 sumus
2933 915 3006 970 ".
3045 915 3159 984 Ego
3196 916 3250 968 in
3287 913 3469 978 Patre,
3495 925 3549 969 ct

1957 1014 2116 1068 Pater
2146 1015 2198 1066 in
2238 1027 2324 1067 me
2356 1011 2424 1066 ⁸⁷.
2460 1029 2480 1064 ι
2517 1009 2687 1064 Filius
2713 1009 2858 1064 enim
2907 1009 3116 1062 habens
3151 1007 3546 1077 proprietatem

1956 1105 2210 1162 essentia:
2233 1103 2411 1158 Patris
2434 1103 2568 1157 citra
2594 1102 2757 1156 ullam
2791 1100 3172 1164 diil‘erentiam,
3197 1109 3279 1154 est
3306 1096 3548 1168 perfecta

1957 1199 2135 1269 imago
2170 1197 2343 1252 Patris
2383 1204 2438 1250 et
2480 1195 2656 1249 forma
2693 1193 2976 1264 genitoris,
3009 1201 3178 1246 totum
3217 1193 3270 1245 in
3302 1205 3361 1244 se
3394 1189 3548 1260 geni—

1958 1301 2127 1346 torem
2183 1288 2426 1344 referens
2487 1297 2650 1357 atque
2700 1288 3032 1356 exprimens.
3070 1283 3148 1338 Ita
3182 1283 3327 1337 enim
3377 1282 3544 1335 etiam

1954 1384 2085 1439 illud
2109 1382 2260 1437 Pauli
2285 1380 2554 1450 intelliges
2582 1396 2598 1434 :
2630 1398 2648 1431 ι
2675 1377 2778 1446 Qui
2801 1393 2922 1432 cum
2953 1386 3098 1432 esset
3129 1377 3182 1430 in
3215 1374 3390 1430 forma
3425 1373 3544 1439 Dei,

1954 1492 2061 1532 non
2095 1475 2337 1546 rapinam
2365 1474 2662 1529 arbitratus
2682 1478 2764 1525 est
2789 1484 2848 1525 se
2868 1484 2990 1524 esse
3013 1467 3273 1537 aequalem
3297 1467 3406 1520 Deo
3431 1467 3538 1519 ³⁸..)

1951 1568 2200 1638 Εᾳυειὶε
2232 1569 2379 1622 enim
2420 1575 2540 1620 erat
2576 1564 2685 1619 Deo
2713 1571 2862 1617 totus
2902 1560 3174 1615 cxsistens
3205 1557 3370 1622 Deus,
3404 1556 3546 1610 sicut

1951 1673 2006 1719 et
2034 1661 2238 1716 Pater:
2276 1660 2348 1714 ita
2395 1669 2513 1713 erat
2566 1657 2618 1710 in
2652 1655 2870 1711 Christo
2919 1652 3180 1707 mundum
3217 1650 3319 1705 sibi
3359 1649 3546 1703 conci-

1951 1755 2093 1811 lians
2121 1755 2261 1810 Deus
2294 1770 2308 1807 :
2342 1753 2414 1806 ita
2449 1763 2793 1820 qumcunque
2837 1755 3096 1817 operatur
3129 1742 3320 1809 Filius,
3364 1741 3547 1796 Patris

1953 1862 2116 1920 opera
2145 1855 2292 1902 sunt.
2331 1845 2464 1899 Cum
2496 1843 2640 1897 enim
2670 1842 2812 1894 nulla
2849 1840 2991 1896 inter
3023 1854 3118 1894 eos
3142 1839 3214 1892 sit
3241 1837 3546 1893 differentia

255 1925 310 1977 ἐν
341 1926 567 1996 Χριστῷ
605 1927 810 1998 κόσμον
856 1929 1034 1999 ἐαυτῷ
1070 1929 1455 1982 καταλλάττων
1496 1930 1525 1982 6
1557 1928 1724 1992 Θεός’
1760 1927 1844 1981 οὔ·

1955 1950 2215 2012 quantum
2245 1939 2310 1992 ad
2339 1938 2592 1991 deitatem
2623 1945 2678 1991 et
2719 1943 2994 1997 naturam,
3027 1932 3164 1987 nihil
3202 1931 3385 1986 obstat
3411 1946 3547 2000 quo-

253 2033 357 2078 τως
385 2017 527 2086 ἅπερ
561 2019 854 2087 ἐργάζεται
885 2022 912 2072 6
944 2020 1090 2084 Υἱὸς,
1118 2018 1214 2073 τοῦ
1249 2021 1466 2090 Πατρός
1495 2023 1640 2072 ἐστιν
1687 2019 1843 2091 ἔργα.

254 2107 523 2180 Didymi;
556 2111 666 2180 γὰρ
694 2112 751 2163 ὲν
779 2112 963 2175 αὐτοῖς
988 2111 1155 2182 οὔσης
1184 2112 1448 2183 διαφορᾶς
1473 2113 1596 2165 ὅσον
1620 2113 1698 2175 είς
1734 2111 1850 2165 θεό-

252 2213 386 2268 τητα
427 2200 523 2253 καὶ
557 2201 740 2269 φύσιν,
786 2204 845 2256 το
877 2204 1086 2257 κωλῦον
1129 2206 1280 2259 οὐδὲν
1326 2207 1460 2278 ἔργα
1501 2205 1594 2258 τοῦ
1633 2204 1848 2275 Πατρος

251 2287 503 2358 λέγεσθαι
530 2293 597 2346 τὰ
625 2295 720 2346 τοῦ
756 2294 907 2360 Υἱοῦ,
938 2298 1032 2349 καὶ
1066 2296 1125 2348 το
1160 2298 1559 2366 ἀντικείμενον.

949 2411 1150 2463 ΛᾹᾹΟ.

320 2521 380 2573 EI
413 2523 587 2580 πάντα
616 2523 715 2576 ὅσα
749 2523 1036 2594 πρόσεστιν
1062 2523 1315 2594 ἐξαίρετα
1340 2523 1415 2594 τῷ
1449 2523 1646 2594 Πατρὶ,
1671 2522 1845 2577 ταῦτα

249 2615 518 2682 προσόντα
551 2617 644 2668 καὶ
676 2615 754 2686 τῷ
796 2615 910 2686 Υἱῷ
943 2616 1222 2683 φαίνεται,
1269 2617 1329 2669 οὐ
1363 2617 1507 2668 κατὰ
1536 2617 1695 2686 χάριν
1725 2619 1844 2669 ἐπι-

249 2707 532 2770 γεγονότα,
559 2707 681 2758 οὐδὲ
717 2707 862 2758 κατά
908 2725 1028 2759 τινα
1073 2707 1328 2778 μετοχὴν,
1375 2705 1511 2760 ἀλλὰ
1562 2706 1838 2775 φυσικῶς,

248 2791 432 2864 ὥσπερ
467 2797 560 2847 καὶ
600 2796 678 2863 τῷ
717 2799 1100 2867 γεγεννηκότι,
1135 2799 1228 2850 καὶ
1270 2798 1330 2850 τὸ
1377 2797 1711 2866 μεσολαϐοὖν
1751 2798 1840 2850 οὐ·

247 2883 348 2949 δὲν,
389 2887 420 2955 ἢ
453 2887 514 2938 τὸ
547 2886 773 2959 μερίζον
813 2891 890 2950 εἰς
919 2890 1302 2959 ἀνομοιότητα,
1346 2889 1506 2959 δῆλον
1534 2889 1600 2942 ἂν
1631 2890 1713 2957 εἴη
1747 2889 1840 2941 καὶ

249 2976 408 3027 παντί
430 2992 508 3044 τῳ
541 2977 731 3044 σαφὲς,
757 2978 947 3048 ὅτιπερ
968 2979 1101 3032 αὐτὸ
1129 2981 1227 3049 τῆς
1256 2979 1531 3049 πατρικῆς
1561 2977 1750 3042 οὐσίας
1780 2979 1840 3030 τὸ

248 3068 374 3123 (διον
405 3071 671 3140 ὑπάρχων
703 3073 731 3123 6
764 3070 910 3135 Υἱὸς,
952 3072 1071 3124 ὅλον
1098 3074 1156 3124 ὲν
1188 3071 1367 3142 ἐαυτῷ
1402 3074 1560 3142 φορεῖ
1586 3071 1678 3124 τὸν
1721 3073 1836 3124 Πα-

246 3162 402 3227 τέραο
433 3162 530 3213 καὶ
564 3161 684 3222 ὅλος
726 3162 874 3214 ἐστὶν
923 3164 978 3214 ὲν
1013 3163 1188 3233 Πατρὶ
1219 3163 1358 3215 κατὰ
1401 3163 1499 3230 τὴν
1530 3162 1837 3231 ταύτότητα

242 3254 339 3324 τῆς
376 3253 570 3316 οὐσίας
589 3268 603 3281 ·
652 3252 746 3305 καὶ
772 3253 861 3306 διὰ
898 3270 976 3305 τοι
1004 3252 1162 3305 τοῦτο
1189 3252 1370 3315 καλῶς
1395 3269 1456 3304 τε
1485 3251 1578 3304 καὶ
1615 3251 1839 3305 ἀκολού-

1956 2033 2136 2087 minus
2178 2045 2342 2100 opera
2374 2027 2499 2083 Filii
2534 2027 2788 2082 dicantur
2819 2039 2983 2094 opera
3020 2022 3220 2090 Patris,
3259 2031 3314 2079 et
3346 2037 3377 2077 e
3417 2035 3548 2077 con-

1952 2128 2119 2182 trario

2627 2418 2867 2475 ALIUD.

2020 2535 2080 2590 Si
2134 2548 2471 2606 quacunque
2521 2534 2721 2588 eximia
2753 2541 2877 2586 sunt
2914 2531 2966 2584 in
3018 2530 3205 2594 Patre,
3235 2544 3297 2584 ea
3327 2538 3380 2583 et
3409 2526 3549 2583 Filio

1946 2627 2141 2680 adesse
2170 2634 2599 2694 cognoscuntur,
2637 2639 2741 2677 non
2777 2638 2872 2690 per
2920 2621 3152 2689 gratiam
3191 2618 3401 2686 adjecta
3454 2626 3546 2671 aut

1946 2733 2041 2786 per
2067 2716 2567 2784 participationem,
2599 2714 2693 2766 sed
2730 2712 3070 2775 naturaliter,
3111 2709 3252 2763 sicut
3287 2719 3342 2761 et
3378 2707 3546 2768 Patri,

1944 2810 2262 2876 nullumque
2293 2806 2518 2860 omnino
2543 2814 2625 2859 est
2650 2803 2973 2867 discrimen,
3008 2811 3101 2854 aut
3128 2798 3546 2862 dissimilitudo;

1945 2899 2293 2956 manifestum
2332 2899 2496 2953 etiam
2530 2897 2703 2964 cuivis
2750 2896 2914 2948 fuerit
2943 2897 3088 2965 quod
3123 2893 3296 2948 Filius
3323 2907 3444 2973 eum
3479 2892 3551 2948 sit

1944 2995 2177 3062 ipsainet
2202 2992 2506 3061 proprietas
2537 2990 2791 3045 essentia:
2816 2987 3019 3053 Patris,
3062 2996 3232 3040 totum
3266 2985 3318 3038 in
3362 3000 3420 3037 se
3450 2983 3552 3036 Pa-

1947 3092 2082 3136 trem
2121 3090 2323 3149 gestat,
2357 3091 2411 3134 et
2442 3089 2588 3134 totus
2617 3088 2701 3134 est
2739 3080 2790 3132 in
2821 3077 2983 3132 Patre
3007 3077 3305 3132 secundum
3351 3074 3550 3128 identi-

1947 3180 2110 3227 tatem
2145 3172 2418 3227 essentiae.
2461 3171 2619 3241 112
2675 3170 2842 3225 Recte
2881 3170 3045 3237 igitur
3083 3178 3138 3222 et
3165 3169 3554 3222 convenienter

1949 3265 2081 3319 dicit
2111 3281 2124 3318 :
2169 3282 2188 3316 ι
2214 3264 2327 3332 Ego
2360 3265 2411 3318 in
2467 3263 2650 3328 Patre,
2686 3273 2741 3317 et
2773 3263 2935 3316 Pater
2981 3262 3033 3315 in
3068 3276 3190 3327 me;
3225 3281 3243 3314 ι
3275 3271 3350 3323 et,
3391 3279 3408 3313 ι
3443 3261 3555 3330 Ego

245 3343 348 3408 θως
369 3345 515 3415 ἐρεῖ·
548 3363 566 3394 ι
593 3342 733 3411 Ἐγὼ
764 3347 820 3396 ὲν
847 3342 924 3413 τῷ
953 3345 1147 3413 Πατρὶ,
1175 3344 1270 3397 καὶ
1295 3345 1323 3396 6
1352 3343 1541 3413 Πατὴρ
1567 3345 1622 3396 ὲν
1646 3343 1787 3414 ἐμοί.
1817 3363 1835 3395 ι

1955 3366 2006 3411 et
2035 3355 2200 3411 Pater
2223 3371 2389 3410 unum
2419 3370 2631 3410 sumus.
2674 3372 2694 3407 ι
2731 3354 2862 3420 Quia
2910 3355 3056 3407 enim
3095 3353 3232 3407 nihil
3274 3352 3326 3406 in
3357 3367 3423 3408 eo
3458 3328 3550 3406 de-

246 3437 372 3499 Καὶ,
411 3457 428 3488 ι
469 3436 614 3506 Ἐγὼ
670 3437 838 3510 κα).οὸ
875 3435 1066 3507 Πατὴρ
1096 3435 1155 3488 ’ἐν
1191 3437 1378 3505 ἐσμεν.
1413 3453 1431 3486 ›
1470 3433 1568 3487 Διὰ
1606 3435 1717 3505 γὰρ
1748 3435 1842 3487 τοῦ

246 3530 408 3601 μηδὲν
433 3530 586 3600 αὐτῷ
621 3529 1048 3599 παραλελεῖφθαι
1074 3528 1183 3582 τῶν
1210 3529 1310 3582 ὅσα
1341 3527 1600 3597 πρόσεστι
1624 3526 1702 3596 τῷ
1734 3527 1846 3580 Πα-

242 3623 350 3693 cpi,
377 3622 623 3684 τοιοῦτος
661 3621 814 3673 ἔσται
855 3621 1072 3684 πάντως
1103 3622 1285 3685 ὁποῖος
1329 3619 1396 3672 ἂν
1422 3619 1506 3690 εἴη
1538 3619 1632 3674 καὶ
1660 3621 1688 3672 6
1721 3635 1844 3688 γεν-

245 3716 409 3787 νήσας
444 3716 632 3768 αὐτόν.

942 3829 1146 3884 ΑΛΛΟ.

313 3943 502 4016 Πατὴρ
538 3945 783 3998 καλεῖται
813 3941 964 4004 Θεὸς,
1000 3941 1496 4013 συνεισφερομένης
1531 3939 1682 4010 αὐτῷ
1715 3939 1872 3998 πάνσ,

243 4049 346 4097 τως
374 4037 474 4106 τῆς
503 4034 794 4105 ὑπάρξεως
830 4032 922 4086 τοῦ
956 4033 1088 4086 Υίοΰ
1109 4049 1120 4062 ·
1153 4033 1213 4086 οὐ
1251 4034 1360 4104 γὰρ
1392 4033 1459 4087 ἂν
1504 4034 1590 4102 εἴη
1627 4033 1839 4102 Πατὴρ,

242 4123 338 4178 οὐκ
361 4125 500 4194 ἔχων
530 4125 622 4178 τὸν
649 4123 710 4188 ἐξ
745 4122 938 4176 ἑαυτοῦ
964 4122 1297 4194 προελθόντα
1319 4125 1514 4192 Λόγον.
1540 4124 1649 4176 Καὶ
1679 4122 1842 4178 πάλιν

244 4214 276 4285 ἡ
305 4214 397 4267 τοῦ
437 4214 570 4267 Υίοῦ
621 4215 965 4286 προσηγορία
1013 4217 1326 4283 συνεισάγει
1361 4216 1579 4276 πάντως
1607 4213 1707 4285 τὴν
1741 4211 1838 4267 τοῦ

245 4307 453 4378 Πατρὸς
487 4307 746 4378 ὕπαρξιν.
777 4309 947 4363 Τοῦτο
987 4311 1096 4380 γὰρ
1139 4309 1214 4372 ὼς
1249 4313 1383 4378 πρὸς
1419 4309 1596 4360 ἐκεῖνο
1639 4309 1841 4377 σημαί-

243 4415 408 4453 νεται.
438 4402 501 4453 ΕΞ
533 4401 711 4454 τοίνυν
743 4403 1054 4470 ἀναγκαίως
1082 4402 1309 4472 θάτερόν
1342 4402 1489 4453 ἐστιν
1518 4402 1576 4453 ὲν
1604 4399 1838 4472 θατέρῳ,

243 4493 334 4545 καὶ
362 4494 556 4564 Πατὴρ
591 4493 690 4562 μὲν
725 4495 1050 4565 σημαίνεται
1088 4494 1226 4564 μετὰ
1263 4493 1359 4546 τοῦ
1397 4493 1527 4547 ἰδίου
1566 4493 1842 4563 γεννήμα-

242 4596 360 4642 τος·
392 4581 523 4646 Υἱὸς
573 4583 632 4636 δὲ
678 4583 898 4648 πάντως
934 4583 1074 4656 μετὰ
1104 4583 1199 4638 τοῦ
1235 4585 1601 4656 γεννήσαντος
1651 4585 1835 4650 αὐτὸν,

1949 3449 2220 3504 sideratur
2244 3463 2437 3504 eorum
2469 3463 2590 3518 qua:
2626 3445 2774 3500 Patri
2811 3446 3018 3514 insunt,
3053 3445 3179 3501 talis
3212 3445 3436 3500 omnino
3470 3452 3556 3500 est

1948 3541 2124 3612 qualis
2157 3550 2240 3596 est
2272 3541 2315 3595 is
2345 3542 2438 3612 qui
2466 3555 2589 3595 eum
2622 3539 2830 3610 genuit.

2638 3821 2870 3879 ALIUD.

2019 3940 2181 3994 Pater
2213 3947 2440 3994 vocatur
2475 3937 2640 4001 Deus,
2687 3937 2963 3992 intellecta
2998 3934 3162 3991 simul
3196 3950 3319 3991 cum
3360 3947 3426 3990 eo
3457 3949 3554 3988 ex-

1947 4035 2196 4090 sistentia
2228 4031 2371 4094 Filii,
2410 4046 2587 4102 neque
2611 4031 2756 4085 enim
2791 4039 2938 4085 esset
2966 4028 3152 4093 Pater,
3189 4044 3294 4082 non
3345 4027 3554 4084 habens

1947 4127 2188 4181 Verbum
2239 4139 2305 4179 ex
2357 4139 2416 4179 se
2464 4123 2788 4194 prooedens.
2838 4121 2908 4176 Et
2959 4122 3206 4176 vicissim
3260 4119 3553 4191 appellatio

1948 4215 2069 4270 Filii
2113 4215 2421 4270 necessario
2455 4215 2621 4269 etiam
2673 4214 2868 4269 statuit
2917 4213 3297 4269 exsistentiam
3345 4210 3549 4266 Patris.

1949 4307 2064 4363 Iloc
2094 4309 2236 4364 enim
2272 4315 2518 4376 respectu
2558 4306 2702 4362 illius
2730 4306 2950 4360 dicitur.
2984 4305 3041 4359 Si
3072 4319 3204 4374 ergo
3234 4302 3553 4358 necessario

1947 4402 2182 4457 alterum
2215 4410 2298 4456 est
2329 4400 2382 4454 in
2423 4401 2619 4465 altero,
2665 4409 2721 4455 et
2761 4398 2924 4453 Pater
2953 4397 3172 4467 quidem
3206 4394 3552 4466 signiﬁcatur

1951 4510 2074 4550 cum
2117 4494 2337 4564 proprio
2378 4509 2478 4548 suo
2521 4491 2686 4558 Filio,
2726 4501 2782 4546 ct
2819 4489 2990 4545 Filius
3026 4503 3159 4544 cum
3209 4502 3311 4542 suo
3363 4485 3549 4550 Patre,

1948 4603 2076 4644 vere
2119 4587 2362 4659 profecto
2411 4587 2546 4643 dicit
2595 4604 2607 4637 :
2655 4605 2673 4638 ‹
2712 4586 2824 4657 Ego
2865 4584 2918 4640 in
2965 4584 3149 4651 Patre,
3193 4591 3248 4638 et
3287 4580 3449 4636 Pater
3495 4581 3550 4635 in

243 4671 673 4743 προσαληθεύει,
725 4674 929 4745 λέγων·
963 4694 983 4728 ι
1028 4673 1169 4743 Ἐγὼ
1203 4677 1259 4729 ὲν
1307 4673 1383 4746 τῷ
1422 4674 1634 4746 Πατρὶ,
1673 4675 1772 4729 καὶ
1810 4676 1840 4729 6
1864 4675 1919 4737 D
1946 4697 2053 4738 "re,
2087 4700 2106 4734 ι

244 4760 431 4834 Πατὴρ
460 4766 520 4817 ὲν
552 4765 697 4834 ἐμοί.
728 4784 745 4818 ι

938 4879 1142 4932 ΑΛΛΟ.

314 4990 374 5044 ΕΞ
409 4994 522 5056 πᾶς
562 4992 591 5045 6
624 4994 893 5048 πιστεύων
936 4997 1017 5060 εἰς
1053 4993 1145 5049 τὸν
1181 4995 1329 5060 Υἱὸν,
1366 4997 1445 5060 εἰς
1480 4996 1573 5050 τὸν
1619 4995 1841 5070 Πατέρα

248 5082 522 5147 πιστεύει,
555 5084 649 5138 καὶ
689 5086 717 5138 6
749 5085 928 5156 τιμῶν
960 5087 1050 5141 τὸν
1091 5087 1242 5152 Υίδν,
1273 5091 1409 5161 τιμᾷ
1447 5089 1539 5143 τὸν
1588 5089 1839 5162 Πατέρα,

246 5175 335 5225 καὶ
378 5176 565 5239 πάλιν,
601 5179 631 5230 6
668 5180 992 5249 προσκυνῶν
1029 5180 1108 5252 τῷ
1156 5181 1370 5251 Πατρὶ,
1420 5186 1721 5253 προσκυνεῖ
1762 5182 1841 5254 τῷ

248 5263 376 5336 Υἱῴ,
411 5269 531 5332 πῶς
560 5269 659 5341 οὐχ
681 5265 834 5334 οὗτος
854 5274 912 5325 ὲν
936 5272 1151 5344 ἐκείνῳ,
1183 5275 1433 5338 κάκεῖνος
1464 5275 1538 5328 ὢν
1573 5277 1629 5330 ὲν
1662 5275 1837 5347 τούτῳ

248 5355 590 5428 δειχθήσεται
622 5359 764 5415 κατὰ
801 5362 861 5414 τὸ
896 5363 996 5434 τῆς
1035 5363 1222 5429 οὐσίας
1257 5365 1709 5435 ἁπαράλλακτον;
1741 5367 1840 5420 Διὰ

249 5449 354 5521 γὰρ
387 5451 546 5505 τοῦτο
578 5454 672 5508 καὶ
709 5455 805 5526 μία
835 5455 1206 5528 προσκύνησις
1237 5459 1269 5528 ἠ
1297 5459 1355 5511 ὲν
1389 5458 1504 5529 Υἱῷ
1543 5461 1637 5513 καὶ
1668 5461 1842 5531 Πατρὶ

249 5543 503 5614 γινομένη
529 5546 625 5598 σὺν
649 5547 786 5618 ἁγίῳ
816 5548 1117 5620 Πνεύματι,
1148 5551 1242 5604 καὶ
1263 5547 1343 5616 εἷς
1362 5551 1496 5616 Θεὸς
1527 5553 1678 5624 παρὰ
1706 5553 1841 5607 πάν-

249 5648 352 5686 των
377 5635 742 5706 ὁμολογεῖται,
773 5639 868 5694 καὶ
894 5641 1063 5708 ἐστιν,
1092 5643 1168 5708 ὡς
1197 5643 1454 5715 οὐδεμιᾶς
1489 5645 1692 5716 μεταξὺ
1729 5663 1842 5698 κει-

254 5723 414 5793 μένης
443 5727 710 5801 διαφορᾶς
746 5732 958 5804 Πατρός
983 5752 1042 5788 τε
1069 5736 1168 5790 καὶ
1196 5736 1347 5804 Υἱοῧ,
1391 5737 1505 5792 ἀλλ’
1556 5739 1612 5790 ὲν
1645 5738 1839 5792 ταυτό-

325 5884 366 5915 ⁸⁵
398 5884 420 5938 .I
453 5903 548 5941 uti.
579 5902 688 5956 xiv,
727 5891 777 5944 9.

859 5889 1078 5946 “Ix-an.
1117 5910 1160 5961 κ,
1192 5893 1277 5949 30,
1369 5895 1403 5918 "'
1433 5892 1582 5950 J-Jan.
1627 5911 1729 5961 \l‘-',
1770 5896 1849 5953 Il,

2623 4882 2854 4939 ALIUD.

2017 4997 2073 5053 Si
2118 4996 2297 5053 omnis
2341 4995 2436 5068 qui
2475 4994 2652 5051 credit
2696 4994 2750 5048 in
2798 4992 3024 5056 Filium,
3069 4992 3240 5047 credit
3283 4989 3450 5045 etiam
3495 4990 3549 5044 in

1954 5089 2194 5158 Patrem,
2243 5099 2297 5145 et
2329 5090 2422 5160 qui
2459 5088 2592 5143 colit
2627 5087 2850 5151 Filium,
2902 5086 3036 5141 colit
3083 5095 3140 5140 et
3198 5082 3452 5151 Patrem;
3494 5092 3550 5138 et

1952 5194 2162 5248 contra,
2193 5182 2283 5252 qui
2318 5183 2507 5236 adorat
2550 5181 2790 5248 Patrem,
2843 5177 3039 5234 adorat
3068 5187 3120 5232 et
3165 5177 3360 5232 Filium
3396 5194 3409 5230 :
3443 5191 3552 5245 quo

1951 5285 2110 5345 pacto
2145 5289 2250 5328 non
2287 5275 2359 5329 sit
2394 5273 2482 5330 hic
2521 5276 2574 5328 in
2605 5275 2717 5338 illo,
2757 5283 2814 5328 et
2845 5272 3026 5327 ille'in
3070 5271 3195 5334 hoc,
3231 5269 3546 5324 omnimoda

1949 5369 2203 5424 essentia:
2245 5367 2640 5423 similitudine?
2694 5365 2906 5421 Idcirco
2958 5365 3119 5420 unica
3170 5372 3255 5419 est
3299 5363 3548 5418 adoratio

1947 5477 2067 5533 qua:
2098 5459 2237 5517 Filio
2277 5469 2330 5516 et
2356 5459 2504 5516 Patri
2533 5476 2657 5515 cum
2693 5459 2897 5529 Spiritu
2923 5466 3115 5514 sancto
3153 5465 3461 5528 prmstatur,
3493 5466 3548 5509 et

1949 5569 2089 5609 unus
2120 5553 2264 5609 Dens
2295 5553 2365 5608 ab
2389 5551 2666 5617 omnibus,
2703 5561 2758 5606 et
2783 5549 3128 5621 praedicatur,
3171 5555 3227 5603 et
3255 5557 3372 5612 est;
3399 5548 3541 5615 quod

1946 5647 2208 5702 nimirum
2261 5645 2404 5700 nulla
2438 5643 2745 5700 diII'erentia
2791 5644 3067 5714 disjungat
3097 5640 3314 5696 Patrem
3363 5649 3418 5694 et
3454 5639 3544 5693 Fi-

1944 5737 2100 5804 lium,
2127 5737 2221 5792 sed
2257 5736 2540 5792 identitate
2573 5735 2824 5794 essentia:
2854 5731 3065 5805 praediti
3109 5731 3250 5798 sint;
3298 5729 3544 5799 nihilque

1930 5895 1971 5926 ’θ’
2009 5891 2238 5966 I'ItiIipp.
2281 5910 2341 5959 II,
2375 5894 2424 5948 6.
