4024 6452
508 416 601 472 191

1517 412 1571 467 S.
1614 409 1882 465 CYRILLI
1923 402 2385 465 ALEXANDRINI
2428 409 2749 465 ARCIIIEP.

3625 408 3727 460 Mi

506 544 589 586 tcr
622 533 672 589 in
697 547 809 599 me;
840 552 859 587 ι
893 541 947 588 et
980 508 1190 587 mnum
1230 550 1242 585 :
1280 549 1297 583 ι
1333 531 1429 600 Qui
1483 532 1614 586 vidit
1673 548 1777 595 me,
1830 529 1962 584 vidit
2006 540 2044 582 el

2165 527 2287 590 Υἱὸς
2305 528 2768 597 άναδιιχθήσεται,
2790 526 2864 588 ὡς
2894 527 2985 579 καὶ
2998 526 3254 579 δύνασθαι
3279 524 3455 591 λέγειν
3476 540 3489 553 ·
3526 541 3542 573 ι
3586 521 3727 585 Ἐγὼ

502 622 734 679 Patrem.
771 642 789 674 ι

916 836 1144 907 ALIUD,
1183 840 1333 891 modo
1380 839 1707 906 explicativo.

572 946 645 1000 lta
686 957 766 1001 est
798 964 957 1002 unum
997 950 1157 1005 Pater
1172 961 1225 1005 et
1257 952 1440 1015 Filius,
1466 965 1637 1019 eaque
1662 950 1870 1005 ratione
1900 950 2057 1005 simi-

501 1038 566 1093 lis
585 1039 802 1107 lpsiest,
823 1041 1269 1108 quemadmodum
1290 1044 1338 1094 in
1370 1042 1519 1095 nobis
1538 1039 1701 1095 Filius
1728 1042 1933 1095 ratione
1966 1054 2054 1095 es-

499 1125 679 1179 sentis:
692 1126 883 1178 similis
898 1126 1174 1181 essePatri
1199 1128 1475 1198 iutelligitu
1487 1137 1588 1191 r,et
1609 1128 2053 1197 quemadmodum

497 1215 749 1281 splendor
763 1232 825 1269 ex
851 1220 961 1271 sole
975 1219 1523 1285 procedenstcirco,
1544 1234 1664 1273 cum
1689 1219 1758 1272 ita
1782 1231 1840 1273 se
1858 1218 2056 1273 habeat

498 1308 663 1361 Filius
703 1308 765 1362 ad
795 1308 1026 1376 Patrem,
1047 1323 1301 1380 operante
1333 1311 1467 1366 Filio
1493 1321 1750 1380 operatur
1768 1322 1817 1365 et
1851 1310 2052 1365 Pater:

495 1412 664 1466 eoque
682 1416 891 1454 rursum
946 1403 1010 1456 ad
1034 1412 1251 1456 sanctos
1274 1404 1523 1457 veniente
1548 1402 1693 1455 venit
1726 1403 1890 1455 etiam
1950 1401 2055 1456 Pa-

496 1498 597 1555 ter,
635 1492 772 1545 sicut
842 1493 955 1560 ipse
996 1494 1108 1546 ait:
1142 1512 1160 1544 ι
1228 1492 1541 1558 Veniemus,
1582 1508 1679 1563 ego
1703 1503 1756 1547 et
1788 1493 1966 1557 Pater,
2002 1502 2055 1549 et

496 1582 821 1638 mansionem
850 1585 988 1653 apud
1018 1587 1187 1654 ipsum
1229 1585 1482 1640 faciemus
1506 1586 1571 1640 ⁸⁸.
1622 1603 1641 1637 ι
1669 1585 1860 1640 Omnia
1890 1587 2054 1651 enim,

496 1681 553 1725 ut
575 1674 730 1727 modo
755 1675 953 1729 dictum
987 1685 1091 1739 est,
1123 1691 1152 1728 a
1198 1674 1357 1730 Patre
1386 1691 1480 1744 per
1540 1675 1730 1730 Filium
1764 1676 1893 1730 ﬁunt
1922 1694 1934 1730 :
1978 1679 2055 1729 id-

494 1766 638 1819 circo
669 1767 711 1819 si
743 1767 936 1835 quibus
963 1783 1195 1835 unquam
1216 1770 1414 1822 sanctis
1435 1770 1603 1838 gratia
1634 1770 1753 1821 data
1777 1779 1878 1833 est,
1936 1784 2055 1826 eam

495 1855 650 1911 Pater
681 1874 773 1927 per
806 1857 995 1913 Filium
1025 1860 1247 1928 largitus
1277 1859 1440 1913 fuisse
1476 1858 1631 1928 115
1669 1860 1925 1914 cernitur.
1946 1858 2050 1913 Cu-

2158 619 2215 670 ἐν
2244 617 2322 687 τῷ
2353 619 2545 687 Πατρὶ.
2565 619 2656 671 καὶ
2689 620 2715 669 6
2746 617 2929 687 Πατὴρ
2956 618 3011 669 ἐν
3046 617 3188 684 ἐμοὶ,
3226 635 3241 666 ι
3271 616 3363 668 καὶ
3386 615 3574 669 πάλιν*
3608 632 3625 662 ι
3667 613 3725 664 ’0

2159 706 2415 777 ἑωρακὼς
2447 707 2568 775 ἐμὲ,
2606 705 2814 775 ἑώρακε
2847 705 2937 757 τὸν
2972 704 3209 775 Πατέρα.
3260 723 3277 753 ι

2492 839 2692 903 ΔΛΛΟ,
2731 840 2930 907 τρόπῳ
2962 834 3383 906 dim-amanare”).

2228 951 2410 1016 Οὕτως
2454 952 2511 1004 ’έν
2558 954 2694 1005 εἰσιν
2738 954 2767 1003 6
2816 952 3004 1022 Πατὴρ
3054 952 3147 1003 καὶ
3187 952 3215 1003 6
3259 949 3407 1011 Υιδς,
3452 948 3544 1001 καὶ
3585 946 3725 999 κατά

2157 1043 2304 1095 τόνδε
2357 1043 2446 1095 τὸν
2488 1043 2687 1112 τρόπον
2729 1043 2973 1113 ἐμφερής
3021 1042 3169 1093 ἐστιν
3218 1039 3382 1109 αὐτῷ,
3415 1038 3489 1102 ὡς
3526 1038 3591 1091 ἂν
3638 1036 3723 1104 ἐφ’

2158 1134 2311 1204 ἡμῶν
2351 1134 2567 1203 νοηθείη
2600 1135 2711 1195 υίὸς
2744 1134 2874 1204 πρὸς
2902 1132 2992 1185 τὸν
3026 1131 3215 1185 ἑαυτοῦ
3245 1130 3453 1201 πατέρα
3493 1130 3636 1183 κατά
3659 1144 3723 1195 γε

2156 1224 2245 1275 τὸν
2290 1223 2384 1291 τῆς
2432 1222 2617 1284 οὐσίας
2650 1221 2825 1288 λόγον,
2860 1222 2952 1274 καὶ
2980 1224 3054 1283 ὼς
3100 1221 3164 1272 ἂν
3200 1219 3295 1272 ῐδοι
3325 1236 3409 1282 τις
3455 1220 3592 1289 πρὸς
3632 1216 3724 1270 τὸν

2156 1312 2303 1380 ἣλιον
2334 1310 2392 1362 τὸ
2430 1312 2485 1377 ἐξ
2516 1311 2678 1363 αὐτοῦ
2702 1312 2887 1380 προῖὸν
2917 1310 3274 1379 ἀπαύγασμα.
3308 1310 3405 1362 Διὰ
3431 1309 3538 1380 γὰρ
3571 1307 3724 1360 τοῦτο

2156 1404 2247 1455 καὶ
2272 1402 2358 1454 διὰ
2378 1403 2435 1454 τὸ
2465 1402 2636 1465 οὖτως
2660 1402 2802 1471 ἔχειν
2830 1402 2919 1455 τὸν
2947 1402 3071 1454 Υίδν
3103 1401 3237 1471 πρὸς
3266 1400 3355 1453 τὸν
3386 1398 3580 1453 ἐαυτοῦ
3615 1399 3724 1451 Πα-

2155 1492 2310 1564 τέρα,
2347 1491 2713 1563 ἐργαζομένου
2752 1490 2845 1545 τοῦ
2902 1490 3054 1550 Υίοῧ,
3096 1492 3123 1542 6
3180 1489 3367 1560 Πατὴρ
3412 1485 3723 1559 ἐργάζεται,

2156 1584 2249 1635 καὶ
2284 1583 2419 1651 πρὸς
2447 1585 2569 1644 τοὺς
2602 1582 2788 1649 ἁγίους
2820 1583 3113 1652 ἐρχομένου
3153 1581 3313 1634 πάλιν
3342 1578 3528 1646 αὐτοῦ,
3558 1581 3587 1631 6
3616 1580 3727 1631 Πα-

2154 1676 2257 1743 τήρ
2290 1675 2436 1725 ἐστιν
2478 1676 2505 1726 6
2550 1674 2861 1742 ἐρχόμενος,
2897 1672 2971 1734 ὡς
3002 1670 3162 1733 αὐτὸς
3192 1671 3388 1739 ἔφησεν
3412 1688 3423 1699 ·
3468 1689 3486 1721 ι
3549 1667 3727 1721 Ἐλευ-

2159 1764 2383 1830 σόμεθα,
2428 1763 2537 1831 ἐγὼ
2585 1766 2678 1816 καὶ
2720 1764 2747 1815 6
2795 1763 3001 1833 Πατὴρ,
3048 1762 3140 1813 καὶ
3181 1761 3346 1832 μονὴν
3403 1764 3531 1831 παρ’
3578 1759 3726 1829 αὺτῷ

2160 1856 2476 1923 ποιήσομεν.
2519 1871 2535 1904 ι
2576 1855 2755 1907 Πάντα
2792 1854 2921 1923 γάρ,
2969 1853 3218 1922 καθάπερ
3247 1852 3343 1923 ἤδη
3376 1854 3725 1922 προείρηται,

487 1947 575 2014 jus
638 1950 713 2003 rei
762 1949 959 2003 Paulus
1012 1952 1159 2004 testis
1206 1958 1308 2013 est,
1368 1948 1433 2003 ad
1466 1950 1722 2017 quosdam
1755 1949 2044 2003 scribens:

2150 1947 2301 2015 παρὰ
2342 1948 2551 2017 Πατρός
2591 1946 2656 1999 δι’
2694 1946 2821 1999 Υἱοῦ
2869 1947 3145 2013 γίγνεταιο
3198 1946 3289 1997 καὶ
3334 1943 3464 2012 γοῦν
3511 1947 3562 1997 st
3596 1945 3727 1998 ποτέ

496 2058 514 2087 ‹
563 2038 743 2093 Gratia
781 2042 929 2095 vobis
953 2051 1005 2095 et
1039 2056 1140 2109 pax
1168 2056 1195 2093 a
1221 2041 1328 2095 Deo
1379 2041 1538 2094 Patre
1586 2053 1639 2095 et
1671 2040 1895 2095 Domino
1926 2039 2050 2095 Jesu

490 2127 702 2182 Christo
729 2129 793 2182 ".
839 2148 857 2179 ι
898 2131 963 2183 Et
991 2131 1103 2199 ipse
1131 2145 1342 2183 rursum
1372 2129 1495 2183 alibi
1528 2148 1541 2183 :
1586 2147 1605 2181 ε
1637 2129 1752 2197 lpse
1784 2129 1942 2185 Pater
1998 2140 2054 2186 et

490 2217 630 2273 Deus
652 2228 834 2274 noster
854 2229 907 2275 et
933 2219 1189 2276 Dominus
1216 2232 1397 2275 noster
1422 2220 1578 2276 Jesus
1594 2220 1839 2277 Christus
1860 2223 2053 2292 dirigat

490 2311 630 2363 viam
661 2321 896 2366 nostram
923 2314 987 2365 ad
1027 2326 1120 2366 vos
1169 2312 1235 2366 '°.
1276 2331 1294 2363 ι
1333 2312 1401 2366 At
1449 2314 1493 2369 si
1530 2328 1634 2368 non
1682 2323 1823 2369 esset
1872 2316 2048 2371 unitas

490 2400 663 2456 Patris
691 2418 814 2456 cum
847 2402 1003 2467 Filio,
1044 2403 1269 2458 dixisset
1314 2403 1572 2473 profecto,
1636 2403 1880 2474 Dirigant
1905 2406 2045 2459 viam

488 2503 750 2555 nostram,
786 2503 841 2547 nt
875 2496 1005 2549 duos
1040 2495 1385 2561 signiﬁcaret.
1464 2496 1614 2551 Nunc
1643 2514 1769 2553 vero
1816 2486 1879 2551 id
1942 2517 2045 2553 non

486 2586 659 2639 facit:
713 2588 967 2640 unitatem
1052 2574 1229 2641 autem
1301 2586 1477 2642 Patris
1504 2599 1557 2641 et
1614 2588 1731 2643 Filii
1762 2589 2043 2643 manifeste

488 2679 801 2739 obswvans.
860 2678 1209 2747 singulariter
1264 2679 1419 2743 dixit,
1475 2680 1693 2749 dirigat,
1744 2696 1847 2734 non
1890 2682 2045 2749 quasi

483 2769 710 2823 scor-“im
760 2768 935 2834 Pater,
968 2777 1020 2824 et
1071 2770 1295 2825 seorsim
1353 2770 1522 2843 Filius
1566 2773 1866 2841 suppeditet
1924 2788 2047 2841 gra-

486 2859 635 2922 tium,
683 2860 775 2913 sed
840 2869 1089 2929 tanquam
1156 2859 1318 2915 Pater
1390 2876 1485 2930 per
1564 2863 1756 2917 Filium
1824 2866 1874 2919 in
1923 2864 2046 2933 Spi—

485 2950 590 3002 ritu
634 2960 821 3005 sancto
846 2966 910 3005 ex
936 2967 1039 3003 una
1059 2952 1254 3005 deitate
1282 2953 1415 3007 dona
1440 2969 1533 3007 sua
1557 2956 1755 3008 sanctis
1776 2955 2043 3010 conlerat.

2156 2052 2296 2088 τισιν
2324 2036 2498 2104 ἁγίοις
2525 2036 2732 2089 δέδοται
2762 2038 2939 2105 χάρις,
2979 2035 3181 2105 ταύτην
3221 2039 3248 2088 6
3277 2036 3461 2105 Πατὴρ
3499 2035 3564 2087 δι’
3592 2032 3725 2088 Υἰοῦ

2153 2130 2466 2197 χορηγήσας
2494 2129 2760 2196 φαίνεται.
2800 2112 2906 2181 Καὶ
2938 2128 3147 2197 μάρτυς
3185 2129 3213 2179 6
3259 2128 3468 2191 Παῦλος
3495 2126 3726 2197 γράφων

2153 2223 2285 2293 πρός
2313 2237 2494 2283 τινας·
2528 2239 2545 2272 ι
2581 2220 2755 2290 Χάρις
2783 2221 2910 2289 ὑμῖν
2941 2220 3033 2273 καὶ
3072 2222 3259 2289 εἰρήνη
3292 2219 3400 2271 άπὸ
3430 2219 3566 2271 Θεοῦ
3609 2221 3726 2273 Πα-

2151 2316 2277 2382 τρός
2321 2315 2412 2366 καὶ
2452 2313 2655 2382 Κυρίου
2707 2311 2879 2383 Ἰησοῦ
2924 2312 3179 2381 Χριστοῦ.
3229 2332 3247 2363 ι
3291 2312 3459 2365 Πάλιν
3494 2314 3521 2366 6
3564 2314 3727 2376 αὐτὸς

2151 2406 2355 2474 ἑτέροις
2388 2404 2745 2456 ἐπιστέλλων·
2793 2422 2809 2453 ι
2853 2404 3021 2467 Αὐτὸς
3058 2404 3112 2457 δὲ
3158 2406 3184 2457 ό
3223 2403 3409 2474 Πατὴρ
3457 2406 3552 2457 καὶ
3591 2404 3726 2469 Θεὸς

2145 2500 2321 2570 ἡμῶν,
2356 2498 2447 2551 καὶ
2474 2502 2500 2552 6
2532 2498 2733 2567 Κύριος
2757 2498 2912 2567 ἡμῶν
2957 2498 3162 2566 Ἰησοῦς
3193 2498 3423 2567 Χριστὸς
3456 2497 3725 2551 κατευθύ-

2150 2612 2234 2645 ναι
2266 2594 2363 2660 τὴν
2398 2593 2512 2643 ὁδὸν
2540 2592 2692 2661 ἡμῶν
2732 2592 2866 2661 πρὸς
2894 2592 3052 2660 ὑμᾶς.
3105 2610 3125 2640 ι
3182 2591 3317 2642 mw
3352 2593 3397 2642 εί
3436 2592 3508 2661 μή
3542 2608 3624 2653 τις
3656 2587 3726 2662 ἦν

2152 2687 2335 2754 ἑνότης
2369 2685 2541 2753 Πατρὶ
2573 2683 2707 2750 πρὸς
2734 2682 2879 2747 Υἱὺν,
2911 2678 3057 2735 εἶπεν
3090 2682 3174 2745 ἂν,
3202 2681 3593 2734 Κατευθύνοιεν
3626 2682 3725 2751 τὴν

2150 2778 2267 2839 ὁδὸν
2294 2775 2464 2845 ἡμῶν,
2488 2775 2574 2827 ἵνα
2593 2775 2715 2836 τοὺς
2738 2774 2829 2827 δύο
2854 2776 3088 2845 σημάνῃ.
3114 2775 3248 2828 Νυνὶ
3278 2774 3331 2827 δὲ
3355 2772 3512 2826 τοῦτο
3541 2775 3638 2842 μὲν
3660 2775 3723 2826 οὐ

2152 2870 2327 2920 ποιεῖ·
2360 2868 2457 2937 τὴν
2491 2867 2545 2919 δὲ
2577 2867 2800 2935 ἑνότητα
2830 2867 2921 2919 τοῦ
2958 2867 3165 2937 Πατρὸς
3211 2869 3301 2918 καὶ
3331 2865 3423 2918 τοῦ
3462 2865 3588 2917 Υἱοῦ
3624 2882 3723 2934 τη-

2156 2960 2326 3029 ρήσας
2358 2958 2568 3027 σαφῶς,
2602 2960 2661 3010 τὸ
2690 2959 3043 3014 κατευθύναι
3083 2958 3323 3010 τέθεικεν
3364 2958 3555 3020 ἑνικῶς
3576 2974 3588 2987 ο
3623 2959 3722 3026 οὐχ

480 3039 557 3101 ὡς
608 3041 710 3110 ἰδία
760 3043 857 3111 μὲν
901 3042 993 3093 τοῦ
1035 3042 1267 3111 Πατρός,
1308 3044 1413 3115 ἰδίᾳ
1456 3045 1513 3097 δὲ
1561 3046 1920 3116 χορηγοῦντος
1949 3048 2041 3101 τοῦ
2084 3049 2235 3113 Υἰοῦ,
2308 3051 2421 3104 ἁλλ’
2451 3051 2525 3114 ὡς
2591 3050 2799 3120 Πατρός
2832 3050 2897 3102 δι’
2932 3049 3058 3102 Υίοῦ
3089 3050 3145 3101 ἐν
3172 3050 3312 3119 ἁγίῳ
3351 3048 3633 3118 Πνεύματι·
3659 3051 3729 3100 ἐκ

480 3130 577 3203 τῆς
618 3134 745 3205 μιᾶς
776 3133 1025 3205 Θεότητος
1054 3136 1418 3204 πεμπομένων
1448 3138 1557 3189 τῶν
1586 3140 1936 3209 χαρισμάτων
1968 3143 2045 3205 είς
2084 3145 2207 3207 τοὺς
2246 3143 2451 3212 ἁγίους.

1138 3250 1365 3303 ALIUD.

2836 3258 3033 3310 ΑΛΛΟ.

557 3364 611 3419 Si
654 3374 932 3433 separatus
980 3369 1123 3416 esset
1178 3360 1473 3415 secundum
1547 3371 1791 3418 naturam
1848 3366 1915 3418 ab
1970 3378 2044 3419 es-

2221 3367 2283 3419 Εἰ
2306 3367 2603 3437 κεχώριστο
2633 3367 2773 3419 κατὰ
2805 3367 2964 3435 φύσιν
2992 3366 3085 3434 τῆς
3120 3364 3212 3419 τοῦ
3240 3364 3449 3435 Πατρός
3479 3366 3669 3433 οὐσίας
3692 3371 3723 3423 6

484 3456 655 3519 scutia
685 3454 861 3508 Patris
906 3451 1095 3517 Filius,
1118 3459 1171 3506 et
1204 3452 1305 3506 nisi
1363 3452 1504 3505 inter
1546 3466 1640 3507 eos
1672 3454 2047 3523 inseparabilis

483 3548 723 3615 quaedam
755 3546 934 3600 unitas
964 3542 1337 3605 intercederet.
1365 3543 1538 3614 qualis
1561 3554 1642 3599 est
1682 3547 1825 3600 inter
1861 3546 2043 3615 splen-

483 3641 664 3693 dorem
687 3646 739 3691 et
756 3636 943 3701 solem,
978 3634 1240 3689 sufﬁceret
1272 3633 1442 3689 solum
1471 3632 1683 3689 Patrem
1711 3638 1912 3691 sanctis
1951 3638 2045 3692 do-

485 3745 551 3784 na
574 3727 838 3789 conferre,
876 3741 979 3780 non
1003 3726 1237 3781 admissa
1266 3726 1424 3780 simul
1442 3726 1507 3781 ad
1537 3728 1638 3781 hoc
1660 3727 1816 3783 Filio.
1842 3728 1973 3783 Nam
1999 3731 2043 3785 si

482 3829 675 3873 creata:
700 3825 902 3871 naturae
923 3825 1026 3880 est,
1046 3826 1100 3869 et
1126 3816 1397 3870 diversum
1415 3816 1539 3886 quid
1582 3832 1610 3870 a
1643 3816 1771 3883 Deo,
1790 3833 1949 3887 quam
1975 3821 2043 3874 ob

482 3923 697 3964 causam
730 3923 851 3961 cum
885 3906 1024 3961 nulla
1053 3920 1115 3959 ex
1151 3907 1397 3961 omnibus
1422 3908 1685 3963 creaturis
1738 3908 1845 3964 Deo
1892 3924 2042 3964 com-

484 4000 723 4054 municet
746 3999 809 4051 ad
841 3998 1139 4051 divinorum
1166 3997 1428 4052 donorum
1481 3998 1839 4068 largitionem,
1899 4002 2044 4057 solns

482 4091 597 4158 ipse
621 4088 969 4142 admittatur?
993 4084 1159 4141 Nemo
1184 4088 1324 4141 enim
1380 4086 1515 4143 ferat
1580 4090 1809 4160 aliquem
1859 4090 2043 4145 dicen-

482 4191 629 4234 tem:
664 4179 762 4233 Dct
798 4179 887 4232 tibi
921 4178 1203 4246 petitiones
1232 4179 1412 4232 cordis
1441 4180 1514 4233 tui
1590 4179 1727 4234 Deus
1783 4180 1940 4235 Pater
1986 4191 2040 4235 et

480 4272 726 4339 angelds;
769 4270 864 4324 sed
895 4284 1067 4339 neque
1097 4268 1139 4323 si
1168 4270 1304 4338 quid
1331 4272 1501 4340 majus
1559 4270 1747 4339 angelo
1773 4272 2034 4326 nominet.

483 4363 593 4417 Soli
621 4361 765 4415 enim
813 4360 922 4414 Deo
956 4361 1207 4415 convenit
1233 4361 1356 4427 hoc,
1389 4362 1538 4416 dare.
1572 4360 1628 4415 Si
1654 4377 1782 4416 vero
1814 4362 1905 4416 dat
1934 4380 2036 4417 non

480 4468 602 4507 cum
638 4452 739 4505 ulla
761 4466 822 4505 ex
858 4450 1143 4517 creaturis,
1178 4452 1273 4504 sed
1331 4466 1451 4504 cum
1492 4452 1607 4506 solo
1661 4451 1799 4506 Filio
1844 4462 1895 4507 et
1946 4468 2039 4520 per

479 4543 670 4598 Filium
718 4543 768 4597 in
819 4542 1020 4612 Spiritu
1055 4552 1264 4609 sancto,
1324 4542 1667 4598 manifestum
1727 4546 1860 4599 satis
1913 4546 2035 4600 hinc

479 4635 645 4690 fuerit
677 4634 825 4688 illum
860 4634 1178 4689 naturaliter
1216 4649 1277 4689 ex
1316 4636 1549 4690 essentia
1581 4634 1763 4691 Patris
1792 4638 2031 4706 genitura

478 4739 619 4790 esse,
638 4724 960 4793 Patremque
1013 4726 1064 4778 in
1094 4740 1151 4780 se
1204 4726 1440 4781 habere:
1470 4728 1750 4797 ipsumque
1792 4729 2030 4783 vicissim

2150 3457 2295 3522 Υἱὸς,
2330 3459 2424 3511 καὶ
2462 3459 2509 3509 εί
2558 3458 2630 3527 μή
2658 3474 2739 3519 τις
2767 3458 2952 3525 ἑνότης
2989 3453 3307 3517 άδιάστατος
3334 3452 3403 3525 ἦν
3441 3459 3498 3508 ἐν
3534 3460 3722 3523 αὐτοῖς

2144 3548 2334 3600 ὁποίαν
2380 3548 2488 3616 ἔχει
2520 3548 2581 3600 τὸ
2627 3547 2969 3615 ἀπαύγασμα
3000 3546 3134 3615 πρὸς
3166 3546 3257 3599 τὸν
3286 3546 3457 3616 ἥλιον,
3497 3548 3721 3619 ἐξήρκει

2145 3638 2235 3691 καὶ
2266 3637 2423 3707 μόνον
2458 3638 2547 3689 τὸν
2584 3636 2805 3707 Πατέρα
2831 3640 2941 3700 τοῖς
2984 3638 3157 3704 ἁγίοις
3186 3638 3475 3692 ἐπιδιδόναι
3523 3643 3587 3692 τά
3616 3660 3718 3711 χα-

2146 3727 2407 3797 ρίσματα,
2444 3729 2532 3797 μὴ·
2556 3727 3226 3797 συμπαραλαμϐανομένου
3262 3730 3397 3798 πρὸς
3440 3730 3599 3783 τοῦτο
3624 3734 3720 3785 καὶ

2144 3816 2237 3869 τοῦ
2270 3818 2420 3871 Υἱοῦ.
2450 3819 2511 3869 Ei
2540 3817 2645 3885 γὰρ
2676 3818 2901 3887 κτιστῆς
2929 3820 3075 3871 ἐστιν
3102 3818 3308 3885 οὐσίας,
3334 3822 3427 3872 καὶ
3456 3820 3641 3891 ἕτερόν
3664 3838 3718 3876 τι

2146 3908 2295 3975 παρὰ
2320 3906 2409 3958 τὸν
2441 3906 2593 3968 Θεὸν,
2620 3909 2769 3959 ποῖον
2802 3906 2913 3975 ἔχει
2940 3907 3095 3975 λόγον
3132 3909 3344 3972 οὐδενὸς
3386 3910 3495 3963 τῶν
3541 3912 3717 3965 ἄλλων

2144 3996 2458 4065 κτισμάτων
2491 3996 2965 4060 ἐπικοινωνοῦντος
2992 3998 3110 4066 Θεῷ
3139 3999 3273 4069 πρὸς
3312 3998 3407 4069 τὴν
3434 4000 3579 4054 δόσιν
3605 4002 3717 4055 τῶν

2143 4084 2301 4137 Οείων
2344 4085 2719 4155 χαρισμάτων,
2756 4085 2913 4155 μόνον
2954 4087 3114 4138 αὐτὸν
3150 4086 3710 4157 παραλαμϐάνεσθαις

2142 4175 2215 4227 Οὐ
2262 4175 2367 4245 γὰρ
2415 4175 2664 4240 ἀνέξεταί
2716 4192 2797 4237 τις
2837 4175 3081 4243 λέγοντός
3126 4194 3303 4240 τινος·
3352 4179 3475 4248 Δοξη
3530 4196 3611 4232 σοι
3644 4183 3713 4234 τά

2142 4268 2417 4337 αἱτήματά
2453 4284 2544 4319 σου
2576 4267 2707 4331 Θεὸς
2748 4269 2905 4336 τυχὸν
2938 4268 2965 4319 6
2998 4268 3186 4340 Πατὴρ
3236 4271 3331 4322 καὶ
3370 4273 3397 4323 6
3442 4271 3674 4339 ἄγγελος
3696 4288 3710 4301 ’

2141 4358 2253 4410 ἀλλ’
2283 4357 2401 4410 οὐδέ
2431 4359 2551 4411 εἴτι
2578 4358 2761 4428 μεῖζον
2789 4358 3105 4427 ὀνομάσειεν
3135 4360 3387 4428 ἀγγέλου.
3417 4362 3580 4432 Μόνῳ
3602 4362 3712 4435 γάρ

2140 4449 2197 4501 τὸ
2228 4448 2423 4502 διδόναι
2456 4450 2650 4520 πρέπει
2683 4451 2819 4521 Θεῷ.
2870 4452 2931 4504 Εί
2958 4452 3012 4504 δὲ
3042 4451 3275 4516 δίδωσιν,
3305 4454 3366 4505 οὐ
3400 4454 3539 4521 μετά
3567 4470 3713 4519 τινος

2139 4541 2323 4611 ἐτέρου
2349 4540 2455 4593 τῶν
2487 4543 2822 4611 κτισμάτων,
2856 4542 2988 4596 ἀλλὰ
3033 4543 3176 4613 μόνῳ
3208 4544 3305 4595 σὺν
3350 4543 3461 4614 Υῑῷ
3504 4547 3597 4598 καὶ
3640 4546 3710 4600 δι’

2140 4634 2267 4687 Υἱοῦ
2298 4636 2354 4686 ἐν
2387 4635 2523 4704 ἁγίῳ
2554 4633 2853 4703 Πνεύματι,
2895 4634 3049 4703 δῆλον
3081 4633 3330 4687 ἐντεῦθεν
3377 4634 3441 4687 ἂν
3480 4635 3565 4704 εἴη
3614 4638 3708 4690 καὶ

2142 4724 2299 4776 παντί
2336 4741 2411 4793 τῳ
2438 4722 2732 4793 γνώριμον,
2763 4724 2953 4793 ὅτιπερ
2995 4723 3093 4791 τῆς
3140 4725 3327 4787 οὐσίας
3369 4724 3462 4778 τοῦ
3496 4726 3709 4795 Πατρός

475 4814 820 4869 exsistentem
853 4813 906 4867 in
929 4812 1087 4867 Patre
1107 4816 1286 4867 omnia
1310 4814 1517 4870 edicere
1545 4825 1703 4885 atque
1735 4818 2034 4886 operari,et

2148 4816 2265 4868 ἴδιόν
2306 4818 2421 4868 ἐστι
2464 4815 2730 4885 γέννημα,
2764 4816 2855 4868 καὶ
2885 4816 2973 4869 τὸν
3003 4817 3222 4886 Πατέρα
3252 4816 3387 4886 ἔχων
3420 4818 3476 4871 ἐν
3506 4819 3704 4889 ἐαυτῷ,

476 4908 613 4963 dona
644 4908 845 4961 sanctis
874 4904 1142 4962 conferre.
1167 4906 1315 4972 Quod
1344 4914 1397 4961 et
1440 4906 1638 4961 Paulus
1672 4917 1897 4963 testatur
1956 4910 2036 4963 di-

478 5013 605 5053 cens
636 5013 650 5050 :
690 5016 708 5049 σ
732 4996 945 5052 Gratias
970 5013 1065 5067 ago
1092 4997 1197 5052 Deo
1224 5013 1340 5055 meo
1381 5014 1591 5068 semper
1620 4999 1684 5054 de
1713 5002 1861 5056 vobis
1893 5016 2018 5072 pro-

478 5096 595 5154 pter
617 5084 839 5179 gratiam
871 5084 961 5141 Dei
1012 5101 1129 5155 qua:
1174 5087 1294 5140 data
1362 5086 1513 5145 vobis
1570 5089 1622 5143 in
1672 5090 1890 5146 Christo
1943 5090 2033 5146 Je-

471 5191 533 5232 ευ
561 5178 625 5229 ⁹¹.
661 5196 679 5229 ι

1153 5376 1379 5433 ALIUD.

847 5486 929 5540 Ex
965 5488 1249 5554 objections
1280 5490 1660 5549 hereticorum.

548 5600 785 5669 Dixistis,
810 5603 978 5665 aiunt,
1009 5602 1203 5657 nullam
1242 5618 1606 5661 creaturarum
1639 5606 1744 5663 Deo
1776 5624 2017 5662 commu-

544 5771 587 5805 ⁸⁸
621 5777 772 5832 Joan.
808 5794 912 5844 xw,
947 5780 1035 5837 25.

2137 4905 2299 4968 αὑτός
2327 4922 2386 4956 τε
2410 4905 2607 4975 ὁμοίως
2635 4905 2893 4975 ὑπάρχων
2920 4905 2976 4958 ἐν
3000 4905 3077 4975 τῷ
3118 4906 3312 4976 Πατρὶ,
3346 4906 3520 4959 πάντα
3555 4909 3708 4979 ἐνερ-

2135 5002 2222 5069 γεῖ
2249 5000 2342 5052 καὶ
2382 4998 2671 5069 ἐργάζεται
2714 4998 2807 5051 καὶ
2849 5000 3073 5068 χορηγεί
3100 5000 3209 5060 τοῖς
3248 4998 3419 5065 ἁγίοις
3462 4997 3560 5060 τὰς
3598 4999 3704 5052 δω-

2140 5091 2284 5161 ρεάς.
2332 5090 2443 5143 Καὶ
2495 5090 2699 5159 μάρτυς
2745 5090 2772 5140 6
2815 5088 3022 5152 Παῦλος
3059 5089 3266 5156 λέγων·
3312 5108 3332 5141 ι
3378 5090 3706 5160 Εὐχαριστῶ

2135 5178 2211 5248 τῷ
2239 5178 2356 5248 Θεῷ
2407 5195 2507 5247 μου
2553 5179 2779 5231 πάντοτε
2828 5180 2953 5249 περὶ⁹
2986 5179 3138 5248 ὑμῶν
3181 5179 3273 5232 ἐπὶ
3298 5182 3362 5250 τῇ
3395 5182 3577 5249 χάριτι
3606 5181 3703 5234 τοῦ

2134 5267 2268 5321 Θεοῦ
2302 5270 2367 5336 τῇ
2394 5266 2605 5338 δοθείσῃ
2635 5268 2759 5337 ὑμῖν
2795 5268 2851 5320 ἐν
2880 5266 3100 5337 Χριστῷ
3145 5267 3342 5336 Ἰησοῦ.
3391 5286 3409 5319 ι

2806 5377 3009 5430 ΑΛΛΟ.

2368 5490 2461 5555 Ὠς
2488 5490 2555 5553 ἐξ
2587 5490 2939 5555 ἀντιθέσεως
2977 5488 3094 5543 τῶν
3134 5487 3457 5558 αἰρετικῶν.

2200 5605 2493 5674 Είρήκατε,
2521 5604 2670 5671 φασὶ,
2704 5604 2866 5676 μηδὲν
2897 5605 3003 5659 τῶν
3050 5603 3359 5675 κτισμάτων
3402 5619 3695 5676 συμπαρα-

1114 5784 1156 5813 ⁸¹⁹
1193 5783 1322 5837 Rom
1375 5802 1413 5848 ι,
1443 5786 1489 5839 7.
1567 5786 1612 5818 ’⁸
1645 5786 1659 5839 Ῑ
1696 5784 1853 5841 Thes.
1899 5800 1977 5850 ιιι,
2025 5788 2105 5840 ll.
2185 5786 2225 5817 ἰ
2265 5784 2435 5841 ICM'.
2478 5802 2515 5853 ι,
2546 5785 2595 5839 4.
