4024 6464
334 381 436 437 105

1752 358 2195 414 TllESAURUS.

3529 355 3631 410 194

332 494 709 565 λαμϐάνεσθαι
737 490 816 562 τῷ
854 489 974 561 Θεῷ
1011 490 1067 541 ὲν
1099 487 1217 549 ταῖς
1251 483 1360 537 τῶν
1408 479 1767 553 χαρισμάτων
1811 480 1923 531 ὲπι-

2039 476 2242 539 nicare,
2276 474 2328 527 in
2366 473 2634 529 donorum
2663 472 3159 543 largitionibus.At
3207 470 3335 541 quid
3378 475 3631 528 statuetis

331 585 533 638 δόσεσι.
569 585 634 637 Τί
672 579 766 636 οὖν
793 584 901 652 ἄρα
928 581 1182 650 ποιήσετε
1222 576 1313 630 τὸν
1345 573 1690 645 πατριάρχην
1731 569 1925 625 Ἰακὼὸ

333 678 686 748 εὑρίσκοντες
715 678 773 728 ὲν
800 676 918 737 ταῖς
964 671 1136 732 θείαις
1171 670 1419 739 Γραφαῖς
1463 665 1589 728 τοὺς
1623 664 1684 729 ἐξ
1726 664 1925 733 Ἰωσὴφ

332 766 660 836 εὐλογοῦντα
702 766 792 820 τόν
837 782 896 817 τε
956 760 1196 833 Ἐφραῒμ
1242 757 1488 830 δηλονότι
1536 756 1631 810 καὶ
1672 755 1763 808 τὸν
1806 754 1927 807 Μα-

330 860 525 929 νασσῆ,
570 859 662 912 καὶ
697 858 961 926 λέγοντα·
1013 872 1030 904 ι
1090 853 1147 906 Ὀ
1200 852 1334 913 Θεὸς
1386 849 1413 901 6
1464 848 1686 920 τρέφων
1741 863 1807 916 με
1861 848 1926 898 ὲκ

328 951 583 1022 νεότητός
625 967 727 1020 μου
766 950 872 1012 ἕως
907 948 1003 1018 τῆς
1045 944 1260 1015 ἡμέρας
1307 941 1533 1011 ταύτης,
1578 941 1672 994 καὶ
1702 941 1729 991 6
1761 938 1927 1006 ἅγγε-

328 1040 421 1104 λος
449 1044 476 1095 6
518 1041 784 1113 ρυόμενός
825 1056 891 1109 με
943 1040 1007 1091 ἐκ
1039 1038 1257 1091 πάντων
1288 1033 1394 1087 τῶν
1434 1031 1623 1085 κακῶν
1671 1048 1795 1101 μου,
1836 1030 1926 1081 εὐ-

328 1133 559 1203 λογήσαι
598 1134 668 1185 τά
706 1132 895 1185 παιδία
927 1129 1137 1195 ταύτας
1171 1147 1189 1179 ι
1244 1128 1397 1190 Ἰδοὺ,
1436 1127 1620 1196 φησὶν,
1651 1122 1926 1193 ὀνομάσας

327 1227 485 1290 Θεὸν,
523 1225 879 1298 προστέθεικε
911 1223 1005 1277 καὶ
1038 1222 1128 1275 τὸν
1161 1220 1411 1289 ἄγγελον,
1444 1218 1520 1281 ὡς
1551 1217 1793 1284 εὐλογεῖν
1828 1215 1925 1268 σὺν

331 1317 483 1386 αὐτῷ
522 1318 838 1376 δυνάμενον.

809 1434 966 1504 Πρὸς
1012 1434 1198 1488 ταῦτα
1230 1432 1431 1497 λύσις,

398 1554 461 1606 Ei
492 1548 831 1621 προφητικὸν
872 1548 1201 1620 ἐνυπάρχειν
1234 1548 1451 1619 πνεῦμα
1485 1546 1564 1618 τῷ
1588 1546 1657 1601 τά
1695 1546 1923 1600 τοιαῦτα

320 1643 538 1713 λέγοντι
568 1639 983 1711 ὲνομολογοῢσιν
1012 1642 1060 1692 oi
1092 1641 1477 1712 χριστομάχοι,
1510 1640 1604 1694 καὶ
1631 1639 1921 1693 πιστεύου-

328 1753 412 1788 σιν
442 1735 617 1795 ῑντως
645 1731 800 1799 ἆγιον
844 1731 1014 1802 ἄνδρα
1053 1731 1387 1802 γεγενῆσθαι
1417 1732 1507 1784 τὸν
1551 1731 1767 1797 Ἰακὼϐ,
1797 1732 1922 1785 ὅτου

2031 567 2098 622 de
2123 563 2656 637 patriarcha.Jacoh,
2683 580 2803 618 cum
2844 566 2897 619 in
2938 566 3113 620 sacris
3151 564 3453 633 Scripturis
3485 563 3634 618 inve-

2030 659 2191 713 nietis
2214 674 2336 713 eum
2359 657 2591 727 posteris
2614 656 2813 725 Joseph
2845 658 3337 723 benedicentem,et
3368 656 3631 726 Ephraim

2028 760 2082 806 et
2118 750 2371 814 Manassi,
2403 761 2456 805 et
2480 751 2749 805 dicentem
2788 766 2799 802 :
2832 769 2851 803 ‹
2885 750 3033 805 Deus
3092 750 3183 819 qui
3249 765 3336 803 me
3388 750 3562 802 nutrit
3600 762 3630 800 ιι

2025 841 2311 912 juventute
2352 855 2471 896 mea
2495 857 2667 911 usque
2698 842 2765 896 ad
2800 843 2945 896 hunc
2964 842 3129 903 diem,
3156 850 3208 895 et
3252 840 3479 910 angelus
3538 839 3630 909 qui

2029 932 2226 987 liberat
2260 946 2345 986 me
2374 946 2441 987 ex
2462 934 2717 989 omnibus
2750 934 2905 989 malis
2925 933 3082 997 meis,
3127 930 3417 987 benedicat
3447 930 3634 999 pueris

2030 1023 2150 1080 iStis
2182 1024 2248 1078 ⁰¹.
2287 1042 2306 1077 ι
2341 1023 2503 1088 Ecce,
2550 1025 2824 1094 inquiunt,
2894 1040 3016 1080 cum
3069 1024 3404 1079 nominasset
3472 1021 3634 1093 116

2031 1114 2221 1183 Deum,
2245 1114 2441 1185 adjecit
2471 1117 2634 1171 etiam
2667 1117 2939 1186 angelum,
2980 1124 3166 1185 utpote
3230 1113 3323 1185 qui
3365 1128 3467 1168 una
3506 1127 3630 1167 cum

2028 1206 2149 1277 ipso
2188 1207 2513 1264 benedicere
2554 1220 2757 1279 posset.

2539 1420 2749 1476 Salutio
2780 1418 3119 1490 objectionis.

2100 1538 2158 1593 Si
2192 1539 2375 1593 hostes
2398 1535 2603 1592 Christi
2630 1535 2873 1590 fatentur
2910 1534 3232 1605 prophetico
3258 1533 3456 1602 spiritu
3482 1532 3633 1587 aina-

2030 1641 2142 1685 tum
2172 1629 2342 1685 fuisse
2360 1628 2553 1694 Jacob,
2586 1644 2707 1683 cum
2742 1628 3007 1698 ejusmodi
3042 1627 3271 1692 diceret,
3307 1640 3484 1697 neque
3535 1625 3632 1680 dil'c

2029 1723 2255 1779 fitentur
2287 1722 2436 1776 illum
2466 1736 2658 1777 revera
2694 1730 2949 1775 sanctum
2989 1719 3167 1773 virum
3201 1718 3395 1785 fuisse,
3430 1734 3629 1789 quam-

322 1822 385 1893 δη
434 1822 595 1891 χάριν
634 1818 906 1889 τοσαύτην
950 1818 1098 1892 αὐτῷ
1140 1822 1509 1892 περιτιθέντες
1550 1821 1779 1893 πλάνην,
1820 1822 1922 1875 οὐκ

2035 1814 2212 1870 obrem
2233 1828 2326 1869 eos
2368 1820 2577 1869 tantum
2606 1826 2854 1867 errorem
2878 1813 2928 1867 ei
2957 1810 3236 1865 ascribere
3268 1825 3381 1865 non
3434 1811 3627 1879 pudet,

324 1909 675 1981 αἰσχύνονται
707 1913 786 1974 ὡς
818 1912 1050 1980 ἄγγελον
1088 1914 1379 1967 συνάπτειν
1412 1913 1489 1983 τῷ
1519 1914 1738 1971 πάντων
1781 1912 1923 1984 Θεῷ,

326 2002 422 2053 καὶ
450 2002 715 2056 δύνασθαι
750 2004 1099 2073 συνευλογεῖν
1123 2003 1201 2075 τῷ
1229 2006 1552 2075 πεποιηκότι
1583 2008 1643 2057 τὸ
1668 2005 1732 2057 δι’
1757 2003 1924 2059 αὐτοῦ

325 2095 624 2165 γενόμενον
654 2096 937 2167 νομίζειν;
990 2096 1051 2149 Ei
1099 2096 1154 2149 δὲ
1193 2096 1352 2149 τοῦτο
1388 2098 1609 2162 ἄτοπον,
1646 2097 1924 2151 ἀκουέτω-

330 2202 427 2239 σαν
465 2187 561 2240 καὶ
593 2189 727 2257 παρ’
771 2188 948 2259 ἡμῶν.
997 2190 1059 2241 Ei
1112 2188 1211 2257 μὲν
1242 2189 1395 2257 ἆγιον
1432 2188 1602 2253 ὅντως
1640 2189 1926 2243 πιστεύετε

326 2277 655 2349 γεγενῆσθαι
715 2279 808 2332 τὸν
874 2278 1103 2345 Ἰακὼϐ,
1174 2279 1455 2333 παύσασθε
1513 2280 1927 2352 δυσφημοῠντες

322 2368 486 2420 αὐτόν
510 2387 523 2400 ·
559 2366 772 2437 ζητεῖτε
802 2369 859 2422 δὲ
897 2369 1097 2440 μᾶλλον
1125 2369 1232 2422 τῶν
1260 2370 1568 2440 εβρημένων
1599 2369 1729 2440 παρ’
1759 2367 1923 2423 αὐτοῦ

323 2370 486 2420 αὐτόν
510 2387 523 2400 ·
559 2370 772 2437 ζητεῖτε
802 2370 859 2422 δὲ
897 2370 1097 2440 μᾶλλον
1125 2370 1232 2422 τῶν
1254 2370 1568 2532 ἵρημένων
1599 2370 1729 2440 παρ’
1759 2370 1923 2423 αὐτοῦ

323 2458 625 2529 τὴνηάληθῆ
657 2460 917 2514 διάνοιαν.
954 2463 1015 2514 Εί
1039 2461 1095 2514 δὲ
1126 2462 1225 2515 οὐκ
1294 2480 1321 2515 ν
1345 2460 1522 2531 ἅγιος,
1546 2462 1684 2533 τῳὸς
1718 2462 1773 2515 δὲ
1812 2464 1928 2527 τοῖς

324 2551 505 2615 ἄλλοις
554 2550 731 2607 ἅπασι
784 2553 879 2606 καὶ
936 2552 1094 2607 τοῦτο
1144 2554 1326 2623 λέγειν
1364 2554 1624 2625 τολμᾶτε,
1684 2557 1738 2609 τί
1790 2556 1927 2628 πρὸς

326 2631 667 2715 ἀνατροπὴν,
685 2644 761 2709 ὡς
782 2644 984 2712 οἴεσθε,
1001 2646 1112 2703 τῶν
1135 2646 1411 2701 τοσούτων
1443 2647 1539 2700 καὶ
1564 2647 1923 2718 τηλικούτων,

325 2736 519 2808 ἀνδρὸς
558 2738 658 2809 οὐχ
700 2738 857 2807 ἁγίου
895 2738 1090 2809 φέρετε
1137 2740 1355 2811 φωνην;
1403 2740 1778 2811 Παρελθόντες
1816 2758 1925 2793 τοι-

323 2827 533 2897 γαροῦν
585 2830 685 2893 τάς
741 2831 897 2901 ὑμῶν
934 2830 1199 2901 ἀμαθίας,
1237 2832 1653 2903 ὲρμηνεύσομεν
1697 2833 1818 2887 καθ’
1867 2833 1927 2887 ὃν

322 2920 407 2971 δεῖ
452 2920 655 2991 τρόπον
705 2921 801 2973 τοῦ
853 2922 1198 2995 πατριάρχου
1251 2924 1379 2986 τοὺς
1426 2923 1642 2993 λόγους.
1698 2924 1785 2989 Ὠς
1819 2925 1926 2995 γάρ

321 3009 466 3082 ἀνὴρ
500 3011 656 3079 ἅγιος
683 3012 778 3066 καὶ
812 3011 1088 3084 Πνεύματι
1115 3014 1244 3083 θείῳ
1282 3014 1417 3085 πρὸς
1449 3015 1548 3086 τὴν
1583 3016 1788 3084 γνῶσιν
1818 3015 1927 3069 τῶν

320 3103 424 3173 τῆς
458 3102 741 3166 εὐσεϐείας
792 3104 1078 3175 δογμάτων
1125 3106 1667 3178 παιδαγωγούμενος,
1710 3108 1925 3180 πρῶτον

2032 1914 2267 1977 quantus
2312 1905 2688 1977 est,angclum
2727 1904 2838 1959 Deo
2876 1904 3042 1960 totius
3095 1904 3337 1958 universi
3399 1902 3630 1971 conjun-

2032 2016 2159 2069 gere
2187 2007 2240 2054 et
2263 2009 2457 2069 putare
2488 2007 2801 2055 creaturam
2840 1998 3003 2053 simul
3027 2012 3147 2051 cum
3178 2010 3242 2051 eo
3264 2012 3293 2051 a
3321 2011 3428 2066 quo
3448 2004 3632 2051 creata

2030 2101 2114 2146 est
2143 2092 2467 2148 benedicere
2495 2090 2697 2165 posse?
2737 2089 2795 2145 Si
2830 2104 2961 2145 vero
3008 2090 3115 2145 hoc
3176 2090 3474 2144 absurdum
3528 2097 3632 2156 est,

2033 2183 2256 2237 audiant
2303 2198 2333 2237 a
2380 2182 2560 2239 nobis.
2600 2180 2658 2236 Si
2692 2189 2937 2236 sanctum
2968 2181 3193 2236 omnino
3227 2179 3396 2235 luisse
3453 2181 3631 2235 virum

2031 2274 2199 2330 Jacob
2226 2288 2543 2344 persuasum
2570 2273 2806 2338 habetis,
2840 2272 3074 2327 desinite
3123 2270 3394 2339 ejusmodi
3440 2281 3635 2327 contu-

2030 2363 2192 2419 melia
2223 2358 2345 2419 eam
2370 2377 2602 2420 onerare
2636 2380 2649 2418 :
2688 2370 2743 2416 at
2777 2361 2958 2431 potius
3004 2376 3192 2416 eorum
3225 2376 3348 2431 quae
3370 2361 3509 2417 dixit
3534 2376 3633 2417 ve-

2032 2471 2147 2510 ram
2188 2455 2514 2511 sententiam
2546 2452 2893 2523 investigate.
2924 2450 2982 2508 Si
3008 2460 3190 2508 autem
3241 2465 3465 2510 sanctus
3524 2470 3631 2511 non

2031 2546 2156 2611 fuit,
2202 2556 2478 2616 etprzeter
2502 2547 2607 2601 alia
2642 2548 2748 2602 hoc
2771 2546 2938 2601 etiam
2985 2546 3168 2601 dicere
3229 2548 3465 2612 audetis,
3532 2564 3634 2605 cur

2033 2641 2100 2695 ad
2133 2638 2533 2695 subvertendas
2565 2653 2653 2694 res
2679 2638 2815 2693 tanti
2841 2638 3111 2694 momenti
3164 2642 3500 2697 auctoritate
3526 2642 3630 2696 viri

2032 2747 2138 2785 non
2160 2731 2332 2785 sancti
2365 2730 2621 2785 utimini?
2670 2730 2942 2787 Caeterum
3001 2747 3101 2788 nos
3160 2733 3383 2788 omissis
3431 2734 3633 2789 vestris

2032 2822 2423 2888 deliramentis,
2459 2822 2787 2892 patriarchae
2818 2823 2979 2878 verba
3010 2826 3284 2894 quomodo
3320 2824 3631 2898 intelligen-

2030 2913 2098 2967 da
2120 2914 2253 2978 sint,
2282 2914 2702 2985 explicabimus.
2737 2914 2875 2970 Nam
2912 2926 2973 2971 ut
3006 2918 3090 2971 vir
3111 2926 3335 2973 sanctus
3363 2928 3417 2974 et
3447 2935 3476 2972 a
3509 2917 3634 2987 Spi-

2034 3007 2139 3060 ritu
2165 3006 2350 3063 divino
2386 3008 2452 3063 ad
2483 3008 2729 3063 notitiam
2769 3008 3083 3079 dogmatum
3126 3010 3351 3079 pietatis
3406 3010 3628 3077 ductus,

2030 3101 2267 3170 primum
2293 3100 2513 3168 quidem
2538 3101 2675 3155 dixit
2717 3119 2729 3154 :
2771 3102 2918 3156 Deus
2951 3103 3041 3171 qui
3076 3104 3255 3157 nutrit
3279 3119 3364 3159 mc
3388 3104 3627 3172 ajuven«

325 3195 430 3265 μὲν
492 3195 730 3267 ἔφησεν·
786 3197 847 3251 ‘0
893 3198 1023 3262 Θεὸς
1072 3201 1100 3253 ό
1143 3199 1364 3269 τρέφων
1439 3218 1506 3271 με
1554 3202 1619 3255 ἐκ
1676 3203 1923 3273 νεότητός

2035 3198 2147 3244 tute
2207 3191 2661 3256 mea,benedicat
2695 3191 2877 3260 pueris
2909 3192 3083 3247 hisce.
3135 3193 3342 3249 Deinde
3390 3198 3508 3249 ait:
3570 3196 3636 3250 Et

321 3304 456 3356 μου,
494 3288 787 3359 εὐλογῆσαι
819 3290 887 3343 τά
926 3289 1117 3344 παιδία
1146 3290 1339 3346 ταῦτα.
1373 3288 1507 3345 Εἶτά
1548 3310 1682 3365 φησι
1711 3311 1723 3323 ο
1757 3294 1868 3349 Καὶ
1897 3297 1924 3349 6

321 3380 559 3449 ἄγγελος
596 3383 625 3435 6
656 3382 922 3454 ῥυόμενός
953 3401 1020 3455 με
1058 3385 1122 3438 ὲκ
1152 3384 1373 3440 πάντων
1410 3386 1520 3440 τῶν
1563 3387 1751 3442 κακῶν
1782 3405 1885 3460 μου
1907 3404 1921 3419 ·

322 3473 416 3526 ἵνα
441 3473 530 3527 διὰ
557 3475 655 3545 μὲν
668 3476 763 3555 τοῦ
784 3477 990 3545 λέγειν,
1020 3478 1078 3531 '0
1096 3477 1250 3543 Θεὸς,
1271 3480 1511 3551 σημαίνῃ
1541 3480 1633 3533 τὸν
1659 3477 1877 3555 Πατέρα
1904 3499 1918 3513 ο

322 3563 414 3617 διά
448 3564 509 3619 δὲ
534 3565 627 3619 τοῦ
670 3550 878 3635 λέγειν,
940 3567 997 3621 'O
1022 3568 1275 3637 ἅγγελος,
1309 3570 1401 3624 τὸν
1440 3550 1507 3636 ἐξ
1526 3572 1694 3627 αὐτοῦ
1717 3550 1916 3643 Λόγον.

326 3656 485 3729 ’ᾙδει
525 3657 635 3730 γὰρ
687 3658 769 3712 ὅτι
815 3659 1061 3713 καλεῖται
1114 3661 1175 3714 τὸ
1222 3660 1396 3732 ὄνομα
1450 3663 1639 3731 αὐτοῦ,
1680 3666 1925 3738 μεγάλης

324 3749 530 3821 βουλῆς
564 3751 853 3821 Ἄγγελος.
890 3753 1011 3806 Ὀτι
1050 3751 1107 3805 δὲ
1133 3752 1225 3805 τὸν
1266 3754 1394 3807 Υίὸν
1426 3754 1615 3809 ἐνθάδε
1647 3760 1803 3827 φησὶ,
1831 3760 1925 3812 καὶ

320 3844 389 3896 οὐ
420 3842 667 3899 τοιοῦτον
696 3844 952 3913 ἄγγελον,
981 3845 1163 3898 ὁποῖον
1197 3847 1230 3916 ἡ
1262 3846 1524 3918 συνήθεια
1549 3848 1734 3903 δίδωσι
1759 3854 1922 3920 νοεῖν,

322 3935 584 3989 ἐντεῦθεν
604 3936 757 3989 ἔσται
779 3936 1115 4006 καταφανές.
1138 3937 1395 4009 Είρηκὼς
1416 3938 1545 4010 γὰρ,
1580 3941 1639 3993 Ὀ
1666 3941 1921 4013 ἄγγελος,

321 4028 423 4098 οὐχ
466 4027 649 4097 ἵστησι
692 4027 856 4101 μέχρι
904 4028 1098 4082 τούτου
1138 4028 1229 4082 τὸν
1280 4029 1457 4099 λόγον,
1511 4030 1647 4085 ἀλλὰ
1688 4035 1924 4105 προστέ-

324 4124 547 4177 θεικεν·
591 4143 609 4176 ι
666 4125 728 4178 Ὀ
778 4128 1043 4198 ρυόμενός
1093 4148 1162 4201 με
1210 4134 1274 4185 ὲκ
1320 4133 1539 4186 πάντων
1582 4132 1691 4187 τῶν
1736 4136 1925 4190 κακῶν

325 4232 455 4288 μου.
487 4234 508 4269 s
540 4218 769 4289 Ἰδωμεν
799 4220 981 4276 τοίνυν
1015 4226 1080 4277 ὲκ
1112 4213 1222 4278 τῶν
1254 4226 1421 4279 αὐτοῦ
1457 4226 1739 4297 ῥημάτων,
1771 4230 1819 4282 εί
1850 4230 1925 4302 μὴ

320 4311 354 4361 6
387 4308 523 4371 Θεὸς
548 4305 617 4382 ἦν
643 4313 671 4365 6
706 4314 972 4386 ῥυόμενος
1005 4316 1192 4386 αὐτὸν,
1226 4318 1366 4373 ἀλλά
1410 4337 1495 4384 τις
1537 4320 1647 4375 τῶν
1678 4321 1923 4394 γενητῶν

320 4404 598 4472 ἀγγέλων.

2030 3280 2254 3349 angelus
2284 3281 2376 3350 qui
2412 3280 2610 3335 liberat
2644 3296 2731 3336 me
2765 3280 2834 3337 ab
2853 3282 3109 3339 omnibus
3160 3285 3321 3340 malis
3352 3285 3485 3343 meis
3511 3326 3526 3356 ,
3577 3298 3637 3342 ut

2029 3389 2155 3429 cum
2182 3375 2431 3430 nominat
2451 3375 2643 3440 Deum,
2676 3374 2941 3445 intelligat
2984 3374 3209 3432 Patrem
3243 3394 3256 3430 :
3292 3394 3418 3433 cum
3461 3395 3635 3453 ange-

2030 3466 2181 3537 lum,
2237 3469 2473 3526 Verbum
2497 3485 2563 3526 ex
2611 3468 2777 3526 Patre
2821 3472 3116 3543 signiﬁcet.
3207 3474 3426 3531 Sciebat
3486 3477 3632 3532 enim

2030 3561 2212 3616 vocari
2246 3576 2443 3617 nomen
2470 3562 2607 3632 ejus,
2629 3563 2810 3631 magni
2852 3564 3069 3619 consilii
3102 3565 3337 3636 Angelus
3359 3565 3424 3620 ⁹³.
3479 3567 3634 3635 Quod

2028 3666 2159 3707 vero
2182 3650 2348 3707 Jacob
2380 3652 2669 3715 iblFilium
2699 3652 3012 3725 signiﬁcare
3029 3655 3283 3724 voluerit,
3316 3672 3423 3711 non
3450 3668 3631 3712 autem

2033 3742 2192 3798 talem
2218 3744 2494 3815 angelum,
2522 3746 2741 3813 qualem
2772 3748 3116 3801 consuetudo
3146 3755 3231 3801 est
3282 3760 3481 3804 vocare
3537 3765 3635 3803 an-

2030 3836 2392 3908 gelum,inde
2421 3836 2774 3893 manifestum
2819 3848 2924 3894 est.
2973 3838 3107 3895 Cum
3166 3841 3335 3908 enim,
3386 3842 3632 3913 angelus,

2029 3929 2186 3994 dixit,
2223 3943 2331 3984 non
2366 3928 2513 3983 sistit
2542 3929 2594 3981 iu
2623 3943 2687 3983 eo
2713 3943 3049 3995 sermonem,
3082 3930 3175 3983 sed
3239 3928 3389 3984 addit
3418 3946 3432 3983 :
3473 3947 3493 3981 ι
3529 3930 3631 3998 Qui

2030 4023 2231 4079 liberat
2262 4037 2352 4100 me
2374 4038 2443 4077 ex
2502 4023 2761 4078 omnibus
2826 4022 2985 4078 malis
3037 4023 3191 4078 meis.
3264 4042 3282 4075 ›
3339 4022 3634 4080 Videamus

2031 4114 2214 4185 itaque
2240 4128 2308 4170 ex
2338 4114 2511 4183 ipsius
2539 4112 2746 4180 verbis,
2780 4127 2849 4168 an
2905 4127 3013 4167 non
3068 4114 3138 4167 sit
3176 4112 3317 4168 Deus
3364 4114 3458 4185 qui
3481 4130 3631 4195 _eunt

2030 4209 2314 4264 liberate:
2346 4207 2602 4263 omnibus
2626 4205 2784 4262 malis
2831 4206 2970 4272 suis,
3001 4207 3097 4262 sed
3130 4206 3333 4277 aliquis
3361 4221 3429 4261 ex
3461 4222 3632 4279 ange-

2031 4302 2098 4357 lis
2125 4303 2351 4357 creatis.

339 4517 676 4607 Ἀπόδειξις
715 4521 981 4602 ἐφεξῆς,⁸
1008 4522 1118 4607 ὅτι.
1145 4524 1292 4588 Θεὸς
1324 4520 1410 4607 air.
1445 4530 1479 4581 ὀ
1516 4530 1829 4607 ,όυοςρενοςΔ
1857 4528 1923 4584 ἐκ

2035 4529 2443 4607 Demonstralur
2504 4527 2690 4607 Daune
2726 4527 2895 4595 fuisse
2953 4527 3046 4607 qui
3094 4524 3335 4607 liberavit
3394 4527 3632 4596 patriar-

396 4588 645 4643 πάντων
670 4588 791 4645 n31-
826 4588 1028 4647 κακῶν
1059 4595 1167 4649 τὸν
1194 4588 1577 4671 πατριάρχήν
1618 4588 1848 4655 Ἴακώᾶ

395 4704 632 4773 Λέγεται
681 4706 947 4761 παλαῖσαι
999 4709 1133 4781 πρὸς
1186 4711 1277 4764 τὸν
1318 4712 1667 4785 πατριάρχην
1725 4712 1922 4769 Ἰακὼϐ

321 4797 575 4864 ἄγγελος,
630 4799 725 4853 καὶ
771 4800 929 4855 τοῦτο
982 4804 1161 4856 κεῖται
1214 4805 1364 4875 παρὰ
1413 4808 1480 4877 τῇ
1526 4806 1648 4877 θείᾳ
1703 4807 1917 4879 Γραφῇ.

334 4887 497 4941 Ἀλλὰ
536 4891 751 4961 συσχὼν
799 4893 962 4947 αὐτὸν
1003 4896 1030 4948 ὁ
1067 4895 1222 4963 ἅγιος
1257 4896 1528 4964 ἔφασκεν⁹
1572 4918 1589 4950 ι
1637 4900 1712 4952 Οὐ
1756 4903 1828 4971 μή
1862 4917 1922 4953 σε

320 4980 459 5044 ἀνῶ,
503 4980 599 5033 ἐὰν
638 4982 713 5052 μή
764 5001 830 5053 με
864 4984 1189 5058 εὐλογήσῃς.
1227 5008 1245 5040 s
1287 4984 1393 5043 Ἦν
1438 4990 1494 5042 δὲ
1522 4983 1677 5055 οὗτος
1712 4992 1740 5043 6
1765 4994 1917 5057 Θεός.

319 5070 501 5124 Αὐτοῦ
551 5089 609 5125 τε
657 5074 752 5127 τοῦ
795 5077 1135 5149 πατριάρχου
1177 5079 1403 5151 φέρεται
1444 5085 1630 5155 φωνήο
1695 5103 1713 5135 ι
1769 5080 1920 5139 Εἶδον

320 5161 458 5215 Θεὸν
496 5162 789 5234 πρόσωπον
840 5166 977 5236 πρὸς
1016 5168 1330 5238 πρόσωπον.
1388 5190 1405 5224 ι
1459 5171 1661 5227 Τοῦτον
1713 5172 1803 5227 τὸν
1845 5174 1922 5237 ὡς

320 5255 556 5322 ἄγγελον
601 5256 750 5327 αὐτῷ
826 5257 1057 5327 ὀφθέντα
1129 5263 1431 5333 παρεκάλει
1489 5266 1603 5328 τοῖς
1669 5265 1917 5334 ἐκγόνοις

323 5343 489 5397 ὲπιπέ
501 5346 655 5415 μψαι-
673 5346 770 5418 τὴν
807 5348 1078 5419 εὐλογίαν.

754 5473 957 5539 ΛΛΛΟ,
998 5474 1067 5528 ἐκ
1109 5473 1228 5528 τῶν
1272 5476 1493 5530 αὐτῶν.

401 5584 580 5655 Ὠφθη
627 5586 704 5681 τῶ
745 5588 1060 5681 πατριάρχῃ
1106 5589 1312 5660 Κύριος
1346 5594 1374 5643 6
1408 5590 1562 5655 Θεὸς,
1607 5592 1680 5655 ὡς
1716 5592 1920 5664 γέγραο

322 5678 604 5739 πταιμκαὶ
640 5672 793 5730 εἶπεν
825 5672 1007 5749 αὐτῷ·
1052 5700 1069 5731 ι
1130 5681 1261 5734 Ἰδοὺ
1296 5682 1407 5749 ἐγὼ
1449 5684 1586 5754 μετὰ
1638 5684 1753 5750 σοῦ,
1797 5685 1917 5737 διαο

396 5853 441 5886 ’³
476 5852 611 5911 Gen.
642 5868 829 5926 sui“,
868 5856 952 5912 16.

2351 4602 2502 4654 (Imm
2532 4597 2702 4653 Jacob
2733 4614 2797 4652 ex
2820 4598 3063 4651 omnibus
3085 4598 3261 4650 malis.

2100 4716 2342 4786 Angelus
2380 4715 2617 4768 luctatus
2646 4726 2766 4767 esse
2795 4712 2997 4766 dicitur
3030 4724 3151 4765 cum
3180 4709 3496 4781 patriarcha
3535 4709 3628 4766 Ja-

2028 4809 2151 4875 cob,
2177 4810 2340 4878 idque
2372 4796 2551 4860 divina
2573 4807 2860 4874 Scriptura
2891 4813 3147 4859 testatur.
3175 4805 3247 4860 At
3273 4814 3500 4861 sanctus
3549 4821 3625 4860 rc-

2030 4902 2207 4955 tinens
2232 4915 2380 4964 eum,
2408 4898 2581 4952 dixit:
2612 4916 2630 4950 ι
2669 4896 2786 4954 Non
2818 4897 3089 4951 dimittam
3127 4908 3195 4962 te,
3227 4898 3328 4953 nisi
3362 4898 3493 4953 mihi
3536 4899 3631 4953 be-

2030 4990 2340 5046 nedicas’.’.
2376 5011 2394 5043 ι
2456 4990 2586 5044 Erat
2620 5000 2800 5045 autem
2842 4992 2887 5045 is
2907 4992 3068 5047 Deus.
3106 4989 3261 5056 Quod
3320 4999 3376 5045 et
3455 4990 3626 5060 ipsius

2029 5084 2356 5152 patriarcha:
2380 5084 2544 5138 verba
2567 5084 2861 5139 ostendunt
2886 5083 3121 5138 dicentis
3150 5100 3161 5134 :
3192 5081 3315 5137 Vidi
3352 5081 3518 5136 Deum
3547 5083 3627 5136 la-

2030 5176 2111 5231 cie
2146 5176 2213 5230 ad
2238 5174 2435 5230 faciem
2471 5176 2537 5228 ”.
2574 5194 2593 5227 ›
2629 5177 2784 5232 Hunc
2830 5176 3015 5245 itaque
3044 5176 3137 5244 qui
3177 5182 3233 5230 ut
3268 5174 3493 5245 angelus
3522 5175 3624 5246 ipsi

2032 5270 2180 5325 visus
2203 5279 2310 5337 est,
2338 5279 2495 5339 rogat
2525 5278 2584 5323 ut
2608 5270 2792 5341 pueris
2809 5270 3114 5325 benedicat.

2569 5475 2804 5543 ALIUD,
2825 5493 2888 5529 ex
2916 5476 3124 5530 iisdem.

2102 5590 2366 5646 Visusest
2398 5592 2730 5663 patriarcha:
2766 5594 3030 5650 Dominus
3065 5594 3228 5657 Deus,
3257 5602 3314 5647 ut
3357 5591 3623 5662 scriptum

2027 5694 2132 5749 cst,
2168 5693 2223 5740 et
2252 5681 2390 5739 divit
2424 5685 2513 5740 ei:
2552 5705 2568 5737 ι
2612 5685 2749 5741 Ecce
2778 5703 2878 5757 ego
2917 5688 3075 5758 117
3115 5697 3291 5745 tecum
3350 5701 3493 5755 sum,
3527 5699 3623 5741 cu-

1037 5858 1080 5891 ”
1123 5857 1228 5916 lsa.
1266 5875 1337 5928 ix,
1374 5859 1406 5914 6
1442 5876 1549 5917 scc.
1597 5860 1759 5917 LXX.
1839 5863 1882 5896 ν’
1920 5878 1923 5904 ι

2043 5904 2053 5917 .
2092 5879 2265 5933 xuii,
2303 5864 2497 5921 (ἐι-26.
2580 5867 2622 5899 ⁹⁵
2661 5865 2796 5921 Ibid.
2826 5868 2914 5924 50.
