4024 6458
484 349 587 404 195

1462 341 1520 398 s.
1563 310 1836 398 crtum
1875 340 2337 397 ΑιιιιΑΝοιιιΝι
2378 338 2695 395 ARCIIIEP.

3616 342 3717 400 191‘-

480 462 723 518 stodiens
758 470 807 515 te
843 459 894 514 in
923 458 1004 515 via
1036 475 1357 529 quocunque
1394 460 1521 513 ieris
1551 460 1617 510 ".
1662 477 1680 509 ι
1714 458 1852 513 Deus
1887 456 2044 526 igitur

2149 456 2433 525 φυλάσσων
2471 472 2526 507 σε
2581 456 2638 507 ἐν
2671 457 2735 524 τῇ
2760 454 2864 525 όδῴ
2895 449 2956 507 οῦ
2991 453 3086 507 ἐὰν
3130 452 3420 524 πορευθῇς.
3460 471 3477 503 ι
3509 453 3720 506 Οὐκοῦν

480 562 599 606 erat
632 553 721 622 qui
752 551 1015 616 liberavit,
1043 568 1148 605 non
1184 552 1429 620 angelus.
1470 548 1538 603 Et
1565 564 1753 605 rursus
1792 568 1803 603 :
1831 550 2046 617 quando

480 641 661 696 Laban
684 652 1001 708 persecutus
1025 652 1106 694 est
1131 638 1295 694 Jacob
1325 650 1377 693 et
1422 638 1849 705 comprehendit,
1924 650 2049 692 tunc

480 746 691 799 quoque
720 730 860 785 Deus
885 732 1157 799 prohibuit
1199 730 1531 791 violentiam,
1564 744 1671 783 non
1731 728 2049 797 permittens

481 821 680 891 alloqui
705 820 891 875 Jacob.
919 823 1068 887 Quod
1111 832 1288 874 autem
1322 820 1464 874 Deus
1524 820 1635 874 haec
1687 821 1759 873 illi
1798 821 2050 889 prrstite-

480 911 575 978 rit,
613 912 836 977 ipsemet
871 918 1101 962 testatur
1125 910 1382 963 uxoribus
1432 909 1545 962 suis
1588 908 1769 963 dicens
1803 925 1816 959 :
1873 928 1889 959 ι
1933 906 2047 962 Non

480 1002 628 1055 dedit
660 1001 795 1054 Deus
817 1011 1143 1067 potestatem
1167 1000 1347 1054 Laban
1379 999 1750 1055 malefaciendi
1784 1003 1911 1055 mihi
1944 1004 2042 1054 ".s

480 1089 689 1144 Rursus
721 1106 843 1144 cum
868 1089 1035 1144 frater
1066 1089 1208 1144 Esau
1240 1091 1337 1159 ipsi
1373 1090 1742 1154 insidiaretur,
1770 1108 1873 1147 non
1901 1093 2051 1147 invo-

480 1183 624 1235 cavit
655 1180 923 1250 angelum,
958 1181 1051 1235 sed
1074 1180 1262 1243 Deum,
1288 1181 1497 1235 dicens:
1529 1199 1546 1230 ι
1585 1179 1745 1249 Eripe
1810 1198 1913 1240 me.
1946 1181 2050 1237 Do-

481 1274 645 1334 mine,
681 1274 747 1324 de
792 1286 951 1324 manu
986 1270 1171 1324 fratris
1208 1270 1310 1323 mei
1342 1266 1505 1331 Esau,
1561 1272 1684 1337 quia
1724 1272 1883 1326 timeo
1964 1273 2047 1340 ip-

479 1377 596 1413 sum
628 1360 691 1411 ’⁸.

481 1574 710 1639 ALIUD,
754 1593 845 1643 per
902 1575 1419 1656 demonstrationem,
1467 1578 1604 1642 quod
1671 1574 1895 1629 Verbum
1929 1576 2047 1641 Dei,

992 1662 1184 1710 specus
1214 1662 1377 1710 tpstus
1404 1655 1500 1699 est.

2146 548 2278 611 Θεὸς
2302 544 2369 619 ἦν
2397 550 2423 600 ό
2460 548 2737 618 ῥυόμενος,
2766 549 2858 600 καὶ
2881 549 2980 600 οὐκ
3002 546 3247 613 ἄγγελος.
3279 546 3390 598 Καὶ
3419 545 3604 608 πάλιν,
3627 545 3718 597 ὅτε

2146 640 2333 693 Λάῆαν
2379 638 2667 701 κατεδίωξε
2717 638 2806 689 τὸν
2869 636 3058 690 Ἰακὼό
3100 638 3193 688 καὶ
3234 634 3532 695 κατέλαϐε.
3596 634 3721 686 τότε

2148 731 2311 783 πάλιν
2340 730 2472 793 Θεὸς
2512 728 2790 781 κεκώλυκε
2818 729 2914 799 τὴν
2947 730 3230 800 ἐπήρειαν,
3260 728 3321 779 οὐ
3357 726 3719 796 συγχωρήσας

2147 820 2375 890 λαλῆσαι
2399 824 2613 890 ῥήματα
2644 819 2779 889 πρὸς
2804 820 2894 871 τὸν
2929 818 3141 872 Ἰακώϐ.
3178 819 3297 870 Ὅτι
3322 817 3377 869 δὲ
3406 817 3539 880 Θεὸς
3571 814 3721 884 αὐτῷ

2149 912 2242 964 καὶ
2275 910 2432 963 τοῦτο
2459 911 2734 979 ἐξήνυσεν,
2773 910 2933 971 αὐτὸς
2963 911 3112 963 ἔσται
3148 908 3357 978 μάρτυς
3389 907 3563 973 λέγων
3584 905 3720 976 πρὸς

2148 1003 2244 1063 τὰς
2280 1001 2473 1054 ἐαυτοῦ
2514 1004 2775 1067 γυναῖκας
2799 1017 2810 1029 ·
2853 1020 2870 1052 ι
2912 1001 3025 1052 Οὐκ
3064 1000 3260 1051 ἔδωκεν
3290 1000 3316 1050 ό
3343 998 3475 1059 Θεὸς
3506 997 3581 1067 τῷ
3612 997 3721 1049 Ad-

2149 1092 2249 1146 δαν
2295 1091 2661 1160 κακοποιῆσαί
2709 1108 2794 1161 με.
2839 1109 2855 1141 ι
2890 1090 2997 1143 Καὶ
3038 1089 3197 1142 πάλιν
3244 1087 3721 1156 ἐπιδου).ευόμενος

2151 1185 2299 1253 παρὰ
2342 1184 2433 1237 τοῦ
2478 1183 2705 1251 ἀδελφοῦ
2750 1182 2941 1245 Ἡσαῦ,
2975 1183 3073 1234 οὐκ
3114 1181 3342 1248 ἄγγελον
3380 1179 3721 1243 ἐπεκαλεῖτο,

2149 1278 2286 1333 ἀλλὰ
2317 1278 2447 1330 Θεὸν
2494 1276 2788 1345 παρεκάλει
2822 1274 2988 1342 βοῶν·
3044 1294 3060 1324 t
3125 1272 3337 1337 Ἐξελοῦ
3383 1289 3472 1340 με,
3526 1270 3721 1341 Κύριε.

2150 1371 2211 1421 ἐκ
2268 1367 2446 1436 χειρὸς
2495 1365 2589 1419 τοῦ
2639 1360 2864 1430 ἀδελφοῦ
2918 1379 3018 1430 μου
3067 1360 3256 1426 Ἠσαῦ,
3312 1361 3394 1411 ὅτι
3448 1357 3723 1426 φοϐοῦμαι

2151 1458 2333 1511 αὐτόν.
2383 1474 2400 1507 ›

2152 1591 2351 1652 AAAO,
2394 1586 2834 1651 ἀποδεικτικῶς,
2875 1587 2959 1637 ἔτι
3005 1589 3036 1637 ό
3082 1587 3268 1652 Λόγος
3313 1584 3417 1639 τοῦ
3456 1584 3625 1649 Θεοῦ,
3662 1584 3728 1635 τὸ

2633 1654 2789 1721 along
2824 1657 3010 1709 αὑτοῦ
3039 1658 3225 1707 ἐστιν.

548 1780 806 1834 διηνοιοτ
836 1778 1028 1831 alicubi
1068 1779 1131 1831 ad
1155 1776 1367 1831 Judwos
1388 1778 1671 1831 admodum
1697 1779 2045 1835 refractarios
2080 1792 2121 1850 Β
2219 1793 2381 1858 Λέγει
2435 1806 2537 1842 που
2590 1791 2722 1859 πρὸς
2784 1788 3070 1848 Ἰουδαίους
3118 1788 3238 1840 λίαν
3292 1787 3652 1849 ἀπειθοῦντας
3701 1789 3728 1838 ὁ

476 1869 635 1924 dicit:
672 1886 688 1916 l
731 1866 827 1931 Qui
858 1882 940 1918 me
978 1866 1119 1918 misit
1146 1864 1327 1929 Pater,
1373 1866 1461 1919 ille
1496 1868 1859 1921 testimonium
1921 1885 2037 1936 per-

478 1955 651 2009 hibuit
721 1955 787 2007 de
848 1968 955 2016 me,
1022 1953 1175 2020 cujus
1223 1969 1405 2008 vocent
1492 1971 1589 2010 nec
1642 1971 1733 2010 vos
1818 1974 2048 2028 unquam

478 2044 726 2109 audistis,
753 2059 925 2113 neque
942 2046 1174 2113 speciem
1198 2046 1314 2113 ejus
1340 2047 1569 2110 vidistis,
1593 2059 1644 2100 et
1677 2051 1900 2101 verbum
1938 2052 2052 2116 ejus

476 2152 579 2191 non
616 2137 821 2190 habetis
864 2152 1083 2189 tuauens
1120 2139 1169 2189 in
1202 2139 1390 2189 vobis:
1437 2139 1561 2207 quia
1594 2154 1751 2205 quem
1810 2140 1895 2193 ille
1951 2141 2052 2193 mi-

474 2232 563 2293 sit,
625 2229 748 2283 huic
806 2244 901 2283 vos
935 2246 1039 2283 non
1099 2232 1343 2284 creditis.
1384 2250 1404 2283 ι
1449 2232 1581 2298 Quia
1616 2233 1776 2301 igitur
1810 2250 1912 2288 non
1937 2248 2049 2289 cre-

473 2318 920 2373 diderunt\'erbo
946 2333 1008 2371 ex
1047 2318 1202 2373 Putre
1239 2322 1424 2383 misso,
1468 2322 1721 2374 dicuntur
1750 2338 1922 2391 neque
1956 2338 2050 2377 vo-

471 2426 588 2463 cem
616 2409 712 2463 Dei
743 2410 980 2471 audisse,
1040 2425 1213 2479 neque
1259 2412 1489 2479 speciem
1528 2412 1644 2480 ejus
1683 2428 1912 2481 unquam
1973 2416 2050 2467 vi-

474 2502 733 2565 disse,sed
760 2516 931 2569 neque
966 2501 1163 2555 habere
1200 2504 1507 2558 inhabitans
1542 2504 1592 2556 in
1635 2505 1767 2573 ipsis
1805 2508 2045 2560 verbum.

472 2590 635 2659 Atqui
716 2589 1057 2643 manifestum
1115 2591 1213 2644 hoc
1264 2593 1627 2660 omnibusque
1703 2594 2045 2661 perspicuum

474 2695 594 2735 esse
622 2690 815 2749 potest,
857 2681 901 2732 si
930 2681 1267 2749 recepissent
1328 2699 1447 2735 cum
1509 2684 1599 2750 qui
1662 2685 1855 2738 missus
1912 2694 2048 2748 erat,

473 2786 657 2825 vocem
683 2787 898 2840 quoque
935 2771 1026 2824 Dei
1060 2773 1361 2837 audissent,
1392 2781 1445 2826 et
1476 2775 1707 2842 speciem
1742 2774 1855 2839 ejus
1885 2776 2049 2828 vidis-

486 2869 629 2923 sent,
652 2870 702 2911 et
728 2860 1040 2913 habuissent
1063 2861 1365 2915 inhabitans
1395 2862 1446 2915 in
1474 2863 1601 2929 ipsis
1639 2862 1899 2915 Verbum.
1926 2863 2047 2917 lla-c

475 2950 636 3019 igitur
679 2952 855 3003 omnia
890 2962 971 3004 est
995 2950 1162 3005 Filius
1195 2969 1208 3002 :
1274 2954 1527 3006 nimirum
1561 2969 1685 3017 vox,
1736 2957 1962 3021 species,
1996 2966 2049 3009 et

479 3041 712 3095 Verbum
755 3042 952 3095 Patris.
991 3043 1044 3095 Si
1079 3052 1255 3097 autem
1280 3046 1485 3111 species
1512 3054 1615 3112 est,
1649 3056 1796 3098 certe
1826 3060 1877 3098 et
1914 3046 2049 3098 ima-

2155 1884 2344 1952 Σωτήρ
2365 1900 2377 1913 ⁸
2408 1902 2425 1933 t
2466 1882 2521 1931 '0
2544 1880 2757 1948 πέμψας
2786 1898 2846 1949 με
2872 1880 3077 1947 Πατὴρ.
3104 1881 3307 1941 ἐκεῖνος
3336 1878 3731 1949 μεμαρτύρηκε

2155 1976 2281 2044 περὶ
2306 1974 2459 2042 ἐμοῦ,
2495 1972 2616 2025 οὕτε
2652 1976 2832 2039 φωνὴν
2862 1971 3022 2025 αὑτοῦ
3048 1972 3314 2039 ἀκηκόατε
3346 1968 3588 2031 πώποτε,
3607 1969 3732 2021 οὒτε

2154 2062 2291 2128 εἶδος
2319 2064 2481 2118 αὑτοῦ
2518 2064 2822 2132 ἑωράκατε,
2849 2065 2941 2114 καὶ
2966 2062 3054 2115 τὸν
3078 2063 3233 2128 λόγον
3256 2061 3421 2113 αὐτοῦ
3446 2063 3547 2113 οὐκ
3578 2060 3731 2129 ἔχετε

2153 2159 2211 2209 ἐν
2249 2158 2375 2225 ὑμῖν
2421 2156 2672 2225 μένοντα,
2706 2156 2787 2205 ὅτι
2818 2153 2875 2203 ὃν
2923 2153 3243 2206 ἀπέστειλεν
3277 2154 3505 2210 ἐκεῖνος.
3553 2150 3733 2219 τούτῳ

2112 2296 2115 2299 ,
2154 2251 2312 2319 ὑμεῖς
2342 2251 2402 2300 οὐ
2444 2248 2749 2302 πιστεύετε.
2791 2265 2809 2297 ι
2848 2245 3040 2298 Τοίνυν
3072 2246 3151 2298 ὅτι
3198 2246 3272 2313 μὴ
3322 2243 3736 2295 πεπιστεύκασι

2151 2341 2228 2411 τῷ
2262 2344 2325 2394 ὲκ
2356 2340 2449 2393 τοῦ
2481 2339 2693 2409 Πατρὸς
2734 2338 3090 2391 ἀποσταλέντι
3116 2337 3290 2404 Λόγῳ,
3324 2334 3447 2388 οὕτε
3485 2335 3583 2402 τῆς
3622 2350 3735 2398 φω-

2151 2436 2249 2502 νῆς
2281 2433 2571 2501 ἀκηκοέναι
2614 2431 2858 2498 λέγονται
2886 2428 2977 2481 τοῦ
3008 2425 3165 2488 θεοῦ,
3206 2424 3328 2478 οῦτε
3367 2424 3471 2493 μὴν
3500 2423 3561 2474 τὸ
3593 2418 3735 2485 εἶδος

2153 2523 2315 2579 αὑτοῦ
2349 2522 2634 2577 τεθεᾶσθαι
2682 2520 2923 2580 πώποτε,
2956 2518 3068 2570 ἀλλ’
3101 2516 3223 2569 οὔτε
3276 2516 3417 2584 ἔχειν
3449 2518 3505 2566 ἐν
3549 2514 3734 2575 αὐτοῖς

2154 2611 2466 2667 ἐνοικοῦντα
2498 2612 2589 2663 τὸν
2623 2610 2800 2676 λόγον.
2838 2609 2991 2659 Ἐστι
3024 2606 3085 2676 δὴ
3132 2604 3313 2657 λοιπὸν
3353 2604 3524 2655 ἅπασι
3559 2603 3734 2670 σαφὲς

2153 2705 2247 2756 καὶ
2276 2704 2622 2763 εὐσύνοπτον,
2656 2701 2865 2766 ὅτιπερ,
2900 2700 2945 2748 εὶ
2976 2696 3224 2759 ἐδέξαντο
3254 2696 3343 2746 τὸν
3379 2692 3733 2760 ἀπεσταλμέ-

2151 2810 2259 2853 νον,
2291 2792 2530 2860 ἥκουσαν
2560 2787 2624 2841 ἂν
2659 2788 2753 2839 καὶ
2788 2786 2881 2854 τῆς
2923 2784 3107 2853 φωνῆς
3130 2782 3219 2836 τοῦ
3258 2780 3412 2845 Θεοῦ,
3447 2782 3539 2831 καὶ
3570 2780 3631 2831 τὸ
3658 2774 3734 2830 εἷ-

2148 2884 2236 2945 δος
2264 2883 2555 2935 ἐθεάσαντο
2583 2879 2765 2941 αὑτοῦ,
2796 2880 2887 2930 καὶ
2907 2873 3057 2944 εἶχον
3080 2875 3386 2927 ἐνοικοῦντα
3419 2873 3509 2924 τὸν
3532 2872 3728 2938 Λόγον.

2153 2970 2336 3021 Ταῦτα
2385 2970 2561 3021 τοίνυν
2598 2968 2774 3017 πάντα
2814 2967 2959 3017 ἐστὶν
2992 2968 3020 3018 ό
3066 2965 3209 3027 Υἱὸς,
3246 2964 3396 3031 φωνὴ
3443 2962 3537 3013 καὶ
3567 2958 3729 3025 εἶδος,

2153 3063 2245 3112 καὶ
2274 3062 2443 3127 Λόγος
2485 3057 2578 3109 τοῦ
2620 3057 2850 3127 Πατρός.
2888 3057 2951 3113 Εἰ
2986 3056 3041 3108 δὲ
3087 3050 3223 3118 εἶδός
3268 3055 3401 3114 ἐστι,
3445 3052 3603 3119 δῆλον
3650 3053 3731 3103 ὅτι

474 3148 561 3202 go,
592 3142 643 3187 et
671 3133 965 3186 character
993 3142 1073 3187 est
1099 3135 1138 3187 ι.
1170 3133 1381 3189 llabens
1405 3134 1589 3204 itaque
1651 3145 1707 3187 ut
1764 3136 2046 3189 character

2150 3152 2240 3205 xui.
2272 3150 2434 3203 εἰκὼν
2466 3150 2559 3201 καὶ
2602 3150 2906 3218 χαρακτήρ.
2966 3146 3146 3216 Ἔχων
3186 3141 3277 3198 οῦν
3321 3145 3394 3205 ὼς
3442 3142 3733 3213 χαρακτὴρ

475 3222 529 3275 itt
559 3236 617 3275 se
647 3222 969 3274 naturaliter
1013 3224 1390 3292 archetypum,
1447 3223 1560 3277 sive
1610 3224 1885 3291 exemplar
1934 3225 2050 3293 ejus

476 3312 631 3379 cujus
664 3321 746 3365 est
772 3313 1077 3374 character,
1114 3326 1238 3365 vere
1277 3312 1446 3369 dicit:
1490 3332 1509 3363 ι
1542 3311 1652 3383 Ego
1684 3315 1734 3369 in
1788 3314 1967 3379 Patre,
1997 3325 2051 3371 et

477 3405 637 3458 l’atcr
669 3405 719 3458 in
757 3419 843 3458 me
876 3404 919 3468 ';
968 3421 986 3453 ι
1044 3410 1118 3467 et,
1165 3422 1182 3453 ‹
1240 3401 1351 3474 Ego
1415 3413 1468 3458 et
1520 3404 1683 3461 Pater
1736 3422 1898 3459 unum
1954 3423 2049 3461 su-

477 3509 595 3548 mus
636 3495 673 3548 '.
714 3513 732 3545 ο

546 3622 773 3688 ALIUD,
809 3626 1081 3680 ostendens
1104 3625 1251 3748 quo?!)
1273 3625 1492 3708 Verbum
1537 3638 1747 3683 uocetur
1785 3631 1979 3697 species

1252 3714 1321 3748 ει.

1252 3714 1321 3751 ει.

548 3805 865 3859 Patriarcha
890 3804 1057 3860 Jacob
1084 3808 1502 3875 cognominatus
1536 3807 1642 3862 fuit
1678 3809 1966 3877 aliquando
2018 3824 2047 3863 a

479 3896 590 3951 Deo
620 3895 809 3950 Israel.
867 3916 885 3949 ι
926 3896 1084 3962 Nam,
1110 3907 1167 3950 ut
1198 3898 1369 3967 inquit
1402 3898 1701 3967 Scriptura,
1724 3910 1945 3953 exortus
1968 3910 2052 3955 cst

486 3988 533 4041 ci
579 3988 655 4041 sol
684 3988 899 4056 quando
930 3988 1403 4057 transivitspecies
1430 3988 1519 4043 Dei
1547 3990 1588 4043 ‘.
1629 4010 1647 4042 ι
1681 3989 1899 4059 SpeCtes
1959 4005 2050 4043 au-

480 4090 585 4135 tem
618 4079 715 4135 Dei
747 4081 1000 4148 quidnam
1039 4080 1179 4134 aliud
1206 4081 1296 4143 sit,
1327 4096 1485 4149 quam
1530 4082 1574 4135 is
1594 4082 1681 4150 qui
1722 4083 1886 4135 libere
1938 4082 2048 4135 cla-

480 4180 629 4224 mat:
660 4189 679 4221 ‹
709 4170 809 4237 Qui
847 4171 978 4224 vidit
1005 4187 1109 4235 me,
1146 4172 1276 4225 vidit
1302 4180 1355 4225 et
1382 4171 1595 4227 Patrem
1621 4174 1663 4225 ⁸.
1732 4172 1839 4241 Ego
1871 4174 1922 4227 in
1951 4172 2049 4225 l’a-

479 4271 579 4324 tre,
602 4272 654 4315 et
687 4262 919 4316 Paterin
962 4278 1080 4327 me;
1123 4281 1140 4313 ι
1175 4273 1247 4327 et,
1274 4283 1290 4314 ι
1328 4262 1437 4333 Ego
1470 4274 1521 4318 et
1558 4264 1715 4318 Pater
1749 4282 1911 4319 unum
1959 4281 2051 4319 su-

481 4353 643 4407 mus?
688 4372 707 4405 ι

624 4548 949 4617 Objectious
970 4549 1195 4603 hostium
1226 4548 1421 4603 Clariin
1443 4549 1606 4619 plenae
1628 4553 1909 4621 impietate.

552 4747 827 4811 Servatur,
866 4747 1136 4817 inquiunt,
1164 4750 1280 4819 ipse
1308 4751 1519 4806 Patrem
1548 4768 1703 4806 suum
1760 4769 1855 4823 pro
1898 4755 2051 4809 disci-

482 4836 619 4905 pulis
650 4838 782 4900 suis,
812 4853 1020 4909 proque
1044 4841 1310 4896 universis
1340 4844 1429 4910 qui
1457 4844 1615 4913 118
1645 4846 1695 4897 in
1728 4846 1897 4914 ipsum
1926 4861 2048 4901 cre-

482 4930 634 4992 dunt,
662 4939 797 4994 orat,
850 4931 921 4984 ita
965 4932 1151 4988 dicens
1185 4951 1197 4987 :
1246 4951 1264 4984 t
1307 4931 1465 4987 Pater
1490 4945 1694 4999 sancte,
1719 4938 1922 4992 custodi
1952 4953 2048 4992 eos

482 5018 536 5070 in
596 5019 811 5073 nomine
864 5029 956 5076 tuo
1005 5038 1141 5091 quos
1193 5025 1382 5079 dedisti
1443 5026 1596 5091 mihi,
1634 5036 1690 5080 ut
1719 5027 1823 5081 siut
1884 5044 2046 5082 unum

482 5109 620 5162 sicut
640 5120 693 5164 et
720 5126 819 5167 nos
855 5113 899 5169 ⁸.
940 5133 958 5166 ι
994 5113 1061 5168 Et
1082 5116 1239 5183 paulo
1272 5127 1434 5188 post:
1473 5137 1489 5169 t
1528 5116 1638 5174 Nec
1664 5136 1760 5190 pro
1811 5122 1925 5175 istis
1954 5136 2044 5177 so-

483 5198 549 5254 lis
578 5204 848 5271 rogo,sed
868 5206 1029 5259 etiam
1057 5222 1158 5277 pro
1216 5210 1563 5266 credentibus
1598 5227 1691 5281 per
1742 5227 2043 5269 sermonem

481 5302 665 5343 eorum
686 5291 738 5345 in
770 5308 893 5347 me:
926 5306 980 5348 ut
1001 5312 1188 5351 omnes
1221 5314 1382 5352 unum
1413 5302 1543 5367 sint,
1583 5305 1724 5356 sicut
1759 5314 1833 5367 tu,
1870 5303 2045 5368 Pater,

485 5377 537 5431 in
570 5391 747 5446 me,et
784 5399 880 5453 ego
909 5386 1055 5455 inte,
1088 5400 1145 5442 ut
1177 5402 1228 5444 et
1259 5392 1357 5460 ipsi
1403 5393 1455 5447 in
1481 5394 1633 5449 nobis
1685 5412 1854 5449 unum
1890 5398 2036 5463 sint;

485 5479 541 5523 ut
571 5474 800 5530 mundus
817 5480 1001 5532 credat
1031 5484 1171 5548 quod
1209 5493 1263 5535 tu
1311 5499 1398 5537 nte
1438 5484 1652 5541 misisti.
1687 5488 1753 5541 Et
1799 5501 1897 5556 ego
1932 5489 2044 5557 glo-

557 5644 605 5679 "
631 5649 766 5710 Gen.
799 5669 986 5719 xxvttt,
1020 5657 1111 5710 25.

1188 5658 1231 5690 ³⁷
1266 5658 1401 5713 Cen.
1442 5676 1585 5725 xxxt,
1626 5664 1676 5715 7.
1752 5662 1797 5694 ’⁸
1828 5663 1962 5717 Gen.
1992 5680 2163 5729 χχχιι,
2208 5667 2291 5719 ll.

485 5732 597 5786 xw,
629 5720 711 5775 ll.
788 5724 807 5755 ³
835 5723 986 5779 .loatt.
1017 5743 1069 5787 ε,
1102 5726 1191 5781 50.
1268 5729 1287 5759 ’⁵
1314 5730 1447 5785 Gen.
1485 5720 1652 5801 min,
1689 5732 1775 5787 5i.
1854 5735 1873 5763 ⁵
1904 5732 2047 5790 Ιοηιι

2149 5720 2214 5805 iv,
2250 5740 2299 5792 9.
2382 5738 2401 5769 ‘
2430 5737 2586 5793 Joau.
2621 5720 2748 5802 χιιι,
2790 5720 2873 5790 εἰ.

2152 3240 2294 3294 κατὰ
2346 3239 2508 3306 φύσιν
2552 3240 2609 3290 ἐν
2644 3238 2821 3306 ἐαυτῷ
2854 3237 2914 3288 τὸ
2958 3237 3331 3307 πρωτότυπον,
3365 3228 3425 3285 οῦ
3473 3235 3567 3286 καὶ
3616 3234 3733 3285 ἐστι

2152 3328 2461 3400 χαρακτὴρ,
2493 3327 2781 3396 ἀληθεύσει
2814 3327 3029 3394 λέγων’
3065 3345 3082 3377 r
3127 3324 3267 3393 Ἐγὼ
3314 3327 3369 3376 ἐν
3414 3322 3491 3393 τῷ
3532 3324 3730 3394 lla-:92,

2152 3422 2245 3474 καὶ
2276 3423 2302 3473 ό
2331 3419 2519 3491 Πατὴρ
2548 3422 2605 3472 ἐν
2638 3419 2791 3488 ἐμοί·
2832 3438 2850 3471 ι
2889 3418 3005 3485 καὶ,
3040 3436 3058 3468 t
3108 3416 3247 3483 Ἐγὼ
3274 3417 3366 3469 καὶ
3402 3417 3428 3467 ό
3457 3416 3645 3483 Πατὴρ
3673 3415 3734 3469 ἐν

2150 3513 2338 3582 ἐσμεν.
2389 3529 2407 3561 ι

2148 3644 2355 3707 ΔΛΛΟ,
2420 3641 2720 3711 σημαῖνον
2782 3640 2872 3692 ὅτι
2916 3636 3101 3711 ,εἶδος
3172 3637 3320 3691 Θεοῦ
3376 3636 3647 3689 καλεῖται
3702 3639 3735 3688 ὁ

2838 3710 3051 3778 Λόγος.

2236 3825 2294 3878 '0
2343 3825 2686 3893 πατριάρχης
2746 3820 2935 3875 ἰακὼὸ
2988 3817 3381 3889 μετωνομάσθη
3436 3818 3588 3887 παρὰ
3637 3814 3733 3867 τοῦ

2150 3916 2287 3973 Θεοῦ
2329 3917 2422 3971 καὶ
2450 3916 2710 3984 κέκληται
2758 3914 2898 3966 κατά
2934 3930 3053 3965 τινα
3092 3912 3282 3983 χρόνον
3340 3908 3576 3979 Ἰσραὴλ,
3618 3908 3734 3969 ὅτε,

2150 4009 2297 4063 καθά
2318 4024 2483 4077 φησιν
2505 4010 2537 4077 ἡ
2566 4006 2685 4058 Θεία
2708 4003 2917 4074 Γραφὴ,
2956 4022 2973 4053 ι
3014 4000 3309 4055 ’Λνέτειλεν
3337 3998 3484 4068 αὐτῷ
3508 4002 3537 4051 ὁ
3557 3998 3730 4068 ἥλιος,

2153 4102 2319 4173 ἡνίκα
2350 4098 2595 4169 παρῆλθε
2627 4098 2687 4151 τὸ
2717 4096 2853 4160 εἶδος
2880 4095 2972 4149 τοῦ
3003 4092 3159 4147 Θεοῦ.
3200 4111 3219 4144 ι
3253 4088 3402 4153 Εἶδος
3429 4090 3483 4141 δὲ
3514 4088 3651 4141 Θεοῦ
3679 4086 3735 4140 τι

2154 4194 2221 4247 ἂν
2274 4194 2459 4262 ἕτερον
2508 4190 2616 4259 εἴη,
2675 4191 2723 4241 εἰ
2774 4189 2847 4259 μὴ
2894 4189 3109 4248 πάντως
3156 4187 3183 4237 ό
3235 4182 3370 4253 μετὰ
3417 4180 3733 4251 παρρησίας

2155 4284 2331 4353 βοῶν·
2390 4301 2408 4333 ‹
2479 4283 2535 4335 '0
2594 4280 2857 4351 ἑωρακὼς
2890 4278 3011 4348 ἐμὲ,
3066 4276 3276 4346 ἑώρακε
3333 4274 3421 4327 τὸν
3487 4271 3729 4340 Πατέρα.

2166 4376 2306 4443 Ἐγὼ
2347 4377 2403 4427 ἐν
2450 4373 2527 4444 τῷ
2568 4376 2764 4442 Πατρὶ,
2801 4373 2893 4424 καὶ
2940 4374 2966 4423 ό
3013 4368 3200 4439 Πατὴρ
3242 4368 3298 4419 ἐν
3339 4365 3495 4417 ἐυοί·
3543 4383 3561 4416 ι
3612 4365 3730 4430 καὶ,

2165 4483 2183 4514 ‹
2230 4462 2367 4532 Ἐγὼ
2392 4464 2484 4515 καὶ
2505 4465 2535 4516 ὁ
2566 4460 2751 4531 Πατὴρ
2775 4461 2833 4513 ἐν
2865 4461 3067 4528 ἐσμεν;
3114 4476 3133 4507 ι

2086 4552 2127 4605 D
2167 4576 2496 4638 Ἀντίθεσις
2542 4574 2622 4637 ὡς
2667 4572 2782 4625 ἀπὸ
2831 4570 2952 4623 τῶν
2980 4564 3414 4649 χριστομὰχων,
3449 4560 3732 4627 ἀσεϐείας

2847 4654 3066 4708 μεστη.

2224 4762 2573 4833 Εὑρίσκεται,
2631 4761 2818 4828 φασιν,
2854 4759 3015 4822 αὐτὸς
3070 4757 3099 4810 ὁ
3145 4754 3335 4825 Σωτὴρ
3384 4752 3475 4805 τὸν
3526 4748 3725 4804 ἐαυτοῦ

2154 4854 2373 4923 Πατέρα
2423 4853 2753 4923 παρακαλῶν
2787 4852 2927 4922 ὑπέρ
2963 4868 3021 4903 τε
3041 4850 3149 4904 τῶν
3201 4845 3393 4902 ἐαυτοῦ
3443 4844 3725 4915 μαθητῶν,

2155 4946 2250 4999 καὶ
2277 4946 2417 5015 ὑπὲρ
2474 4945 2689 4998 πάντων
2718 4944 2822 4997 τῶν
2847 4945 2924 5007 εἰς
2938 4941 3121 5005 ,αὐτὸν
3152 4939 3614 5002 πεπιστευκότων,
3633 4937 3726 4989 καὶ

2152 5033 2294 5088 οὕτω
2340 5034 2544 5100 λέγων·
2593 5054 2611 5086 ι
2650 5033 2829 5102 Πάτερ
2859 5032 3001 5100 ἅγιε,
3031 5032 3271 5101 τήρησον
3315 5028 3511 5089 αὐτοὺς
3554 5029 3614 5078 ἐν
3648 5025 3725 5095 τῷ

2153 5126 2374 5195 ὀνόματί
2426 5142 2540 5189 σου,
2588 5124 2681 5187 οὓς
2720 5124 2954 5186 δέδωκάς
2990 5139 3101 5192 μοι,
3151 5121 3239 5174 ἶνα
3268 5113 3401 5175 ὦσιν
3442 5117 3499 5172 ἓν
3542 5114 3723 5179 καθὼς

2150 5219 2245 5271 καὶ
2270 5219 2450 5289 ⁴ἡμεῖς.
2486 5236 2506 5268 s
2542 5216 2656 5272 Καὶ
2684 5216 2802 5287 μεθ’
2837 5217 2996 5285 ἐτερα
3020 5232 3032 5245 ⁸
3079 5233 3100 5264 ‹
3146 5214 3221 5268 Οὐ
3257 5214 3385 5283 περὶ
3419 5210 3626 5263 τούτων
3666 5207 3721 5260 δέ

2154 5311 2331 5381 μόνων
2367 5309 2575 5381 ἐρωτῶ,
2621 5309 2755 5363 ἀλλὰ
2785 5310 2879 5362 καὶ
2928 5307 3054 5378 περὶ
3082 5306 3191 5360 τῶν
3234 5303 3599 5358 πιστευόντων
3634 5299 3721 5352 διὰ

2150 5399 2243 5463 τοῦ
2284 5398 2443 5466 λόγου
2471 5398 2648 5452 αὐτῶν
2685 5402 2762 5463 εις
2792 5399 2892 5468 ἐμὲ
2914 5414 2927 5427 ·
2962 5398 3049 5451 ἵνα
3087 5398 3283 5459 πάντες
3306 5394 3361 5446 ἒν
3388 5386 3510 5456 ὦσι,
3540 5389 3721 5453 καθὼς

2152 5490 2238 5555 σὺ,
2279 5489 2488 5561 Πατὴρ,
2532 5491 2589 5543 ἐν
2618 5492 2760 5560 ἐμοὶ,
2798 5490 2950 5559 κάγὼ
2984 5492 3043 5544 ἐν
3078 5490 3179 5549 ao‘t,
3226 5488 3311 5541 ἵνα
3351 5485 3446 5539 καὶ
3484 5484 3636 5537 αὐτοὶ
3664 5483 3721 5533 ἐν

3518 5664 3537 5693 ⁸
3561 5658 3719 5715 Joan.

2396 5669 2439 5699 "
2467 5664 2623 5720 Joan.
2658 5682 2711 5726 v,
2741 5666 2830 5726 57.
2859 5666 2947 5721 58.
3064 5668 3077 5699 ¹
3115 5664 3277 5721 llebr.
3310 5680 3346 5734 ι,
3385 5664 3438 5720 3.
