4024 6466
300 390 407 449 197

1719 383 2172 445 ‘l‘liESAL'RUS.

3485 388 3591 448 I98

298 510 431 581 ἡμῖν
457 506 518 561 ἓν
544 498 713 561 ὦσιν·
748 503 837 558 ἵνα
858 502 887 556 6
923 500 1131 573 κδσμος
1173 498 1442 574 πιστεύσῃ
1475 498 1559 556 ὅτι
1602 499 1666 555 ού
1701 519 1768 575 με
1793 502 1885 556 ἀπ-

2006 505 2141 559 riam
2162 516 2327 575 quam
2360 502 2557 560 dedisti
2582 502 2717 558 mihi
2743 500 2868 559 dedi
2912 502 3013 571 eis,
3032 510 3093 559 ut
3117 502 3229 560 sint
3258 517 3426 559 unum
3450 505 3595 563 sicut

300 602 572 667 ἔστειλας.
610 597 785 670 Κάγὼ
817 599 918 668 τὴν
948 597 1109 664 δόξαν
1139 598 1207 670 ἢν
1254 597 1495 663 δέδωκάς
1543 615 1655 670 μοι.
1690 599 1899 654 δέδωκα

299 694 504 758 αὐτοῖς,
524 692 613 745 ῖνα
640 685 773 745 ὦσιν
804 689 864 743 ἒν
880 687 1061 753 καθὼς
1079 691 1240 761 ἡμεῖς
1254 688 1334 744 ἓν.
1365 689 1509 760 Ἐγὼ
1530 691 1587 745 ἑν
1602 691 1900 755 αὐτοῖςκαὶ

300 787 365 837 συ
382 786 441 837 ὲν
457 783 603 853 ἐμοὶ,
625 781 714 836 ῖνα
744 774 847 835 ὦσι
874 779 1286 851 τετελειωμένοι
1319 782 1401 845 τίς
1423 782 1482 835 ἓν
1500 798 1514 812 ⁸
1542 783 1629 836 ῖνα
1650 781 1895 856 γινώσκῃ

296 873 325 927 6
370 874 577 946 κόσμος
615 874 697 928 ἂτι
728 872 791 927 σύ
838 888 907 942 με
955 872 1326 937 ἀπέσταλκας.
1369 892 1389 925 ι
1428 872 1644 927 Οὐκοῦν
1700 872 1897 945 ὥσπερ

294 964 577 1036 ἅνθρωποι
606 965 707 1037 τὴν
759 963 923 1034 φύσιν
950 963 1106 1027 δντες
1135 965 1295 1035 ἡμεῖς
1325 968 1385 1019 ὲν
1424 964 1504 1037 τῷ
1530 964 1708 1037 Πατρὶ
1748 965 1896 1035 γινό-

297 1054 462 1125 μεθα,
496 1054 640 1108 οὕτω
669 1055 765 1108 καὶ
793 1054 954 1117 αὐτὸς
995 1056 1023 1108 6
1051 1054 1182 1119 Υίὸς
1226 1055 1285 1110 ἓν
1323 1058 1441 1110 ἔστι
1474 1056 1614 1127 πρὸς
1654 1056 1744 1110 τὸν
1782 1057 1895 1110 Πα-

291 1142 450 1215 τέρα.
482 1143 593 1197 Καὶ
633 1142 797 1206 αὐτὸς
838 1142 893 1196 δὲ
929 1142 1093 1196 πάλιν
1137 1144 1167 1197 6
1209 1143 1426 1215 Πατὴρ,
1461 1144 1637 1208 οὕτως
1672 1143 1732 1199 ἓν
1773 1144 1892 1200 ἐστι

290 1235 433 1306 πρὸς
463 1235 557 1291 τὸν
583 1234 735 1300 Υίδν,
760 1226 1023 1306 καθάπερ
1046 1235 1143 1290 καὶ
1175 1233 1313 1307 πρὸς
1344 1236 1515 1308 ἡμᾶς.
1559 1236 1671 1291 Καὶ
1700 1235 1891 1308 ὥσπερ

287 1326 470 1391 οὐδεὶς
490 1324 791 1396 ἀναγκάζει
823 1326 983 1396 λόγος
1004 1325 1229 1397 ὁμοίους
1259 1329 1406 1398 ἡμᾶς
1436 1322 1575 1381 εῖναι
1614 1328 1755 1382 κατὰ
1788 1328 1891 1397 φύ-

290 1436 378 1473 σιν
409 1418 489 1489 τῷ
518 1418 715 1489 Πατρὶ,
744 1418 828 1472 δτι
859 1416 925 1489 δὴ
954 1414 1050 1470 καὶ
1077 1416 1217 1489 πρὸς
1245 1417 1409 1472 αὐτὸν
1434 1417 1493 1471 ἓν
1520 1417 1768 1491 γίνεσθαι
1800 1419 1889 1472 λεο

286 1509 527 1581 γὸμιθα,
552 1508 724 1575 οὕτως
743 1511 843 1563 οὐκ
868 1510 1085 1581 ἀνάγκη
1111 1510 1261 1563 πᾶσα
1286 1508 1467 1578 λέγειν
1486 1510 1551 1564 ὲκ
1569 1510 1673 1581 τῆς
1697 1510 1888 1576 οὐσίας
1914 1514 1917 1515 ⁷

284 1597 431 1656 εἶναι
461 1600 556 1655 τοῦ
593 1602 804 1672 Πατρὸς
836 1603 929 1655 τὸν
962 1602 1110 1664 Υίὺν,
1132 1600 1432 1673 ἐπειδήπερ
1451 1601 1616 1673 φησίν
1636 1616 1650 1631 ·
1684 1621 1702 1654 ι
1744 1601 1886 1670 Ἐγὼ

284 1694 348 1747 ὲν
380 1693 459 1764 τῷ
492 1693 689 1764 Πατρὶ,
725 1692 820 1747 καὶ
843 1694 872 1746 6
902 1692 1095 1765 Πατὴρ
1127 1694 1187 1747 ὲν
1213 1691 1356 1763 ἐμοί.
1396 1710 1417 1746 ι
1464 1695 1553 1758 Ὠς
1582 1692 1693 1767 γὰρ
1737 1711 1888 1765 προ-

282 1785 545 1849 λαϐόντες
580 1787 903 1857 εἰρήκαμεν,
958 1785 1132 1850 οὕτως
1176 1786 1327 1839 ἐστὶν
1374 1787 1432 1839 ὲν
1483 1786 1681 1859 Πατρὶ,
1740 1786 1884 1841 καθά

2003 604 2058 652 et
2083 611 2182 653 nos
2207 612 2372 651 unum
2401 610 2611 653 sumus.
2644 595 2757 666 Ego
2782 594 2835 650 in
2886 595 3040 664 ipsis,
3087 604 3145 651 et
3187 605 3240 651 tu
3278 596 3333 651 in
3378 611 3498 663 me;
3536 609 3597 653 ut

2000 687 2113 743 sint
2146 687 2374 759 perfecti
2409 687 2465 741 in
2488 702 2655 741 unum
2682 704 2703 757 ς»
2750 695 2811 740 ιιι
2839 695 3131 756 cognoscat
3165 688 3400 743 mundus
3449 686 3595 759 quod

2001 789 2057 835 tu
2091 794 2175 834 me
2204 779 2403 835 misisti
2436 778 2479 833 ⁷.
2520 796 2540 831 ι
2568 776 3034 844 Quemadmodum
3090 776 3260 848 igitur
3330 794 3432 834 nos
3499 780 3592 849 qui

1997 865 2250 924 homines
2278 882 2486 935 sumus,
2512 867 2566 922 in
2597 866 2763 922 Patre
2788 882 2977 923 sumus
3009 883 3023 921 :
3075 867 3149 923 ita
3178 868 3369 923 etiam
3422 869 3593 926 Filius

1996 972 2165 1015 unum
2188 968 2278 1015 est
2300 973 2425 1015 cum
2452 958 2632 1016 Patre.
2669 956 2736 1013 Et
2768 957 3037 1025 vicissim,
3064 957 3228 1013 Pater
3257 961 3372 1030 ipse
3414 959 3488 1014 ita
3511 968 3595 1016 est

1995 1066 2166 1107 unum
2207 1066 2331 1107 cum
2362 1048 2523 1115 Filio,
2549 1050 2688 1107 sicut
2714 1058 2769 1106 et
2796 1049 3102 1106 nobiscum.
3134 1049 3202 1104 Et
3234 1052 3591 1121 quemadmo-

1994 1147 2121 1197 dum
2144 1142 2291 1198 nulla
2322 1144 2463 1199 ratio
2492 1143 2657 1215 cogit,
2682 1150 2745 1197 ut
2773 1155 2875 1197 nos
2901 1140 3199 1197 secundum
3229 1151 3481 1198 naturam
3512 1143 3593 1201 si-

1993 1232 2154 1288 mlies
2221 1234 2395 1290 simus
2463 1232 2652 1301 Patri,
2724 1233 2817 1304 qui
2879 1248 3051 1289 unum
3106 1248 3232 1290 cum
3284 1233 3405 1305 ipso
3470 1234 3590 1291 ﬁeri

1992 1323 2226 1381 dicimur
2259 1342 2274 1378 :
2333 1328 2408 1382 ita
2431 1341 2537 1383 non
2567 1340 2794 1398 prorsus
2833 1339 3055 1383 necesse
3115 1335 3199 1383 est
3232 1336 3291 1383 ut
3319 1326 3493 1384 Filius
3516 1326 3589 1383 sit

1990 1431 2058 1473 ex
2089 1418 2325 1476 essentia
2360 1418 2560 1483 Patris,
2598 1418 2855 1489 quoniam
2905 1416 3024 1472 ait:
3062 1433 3082 1469 ι
3120 1416 3235 1488 Ego
3294 1418 3348 1473 in
3403 1415 3585 1485 Patre,

1990 1519 2049 1566 et
2070 1510 2235 1566 Pater
2257 1515 2310 1565 in
2336 1524 2445 1565 me.
2492 1528 2511 1561 ι
2539 1507 2699 1575 Nam,
2740 1517 2802 1564 ut
2828 1519 2955 1565 ante
2977 1508 3241 1576 diximus,
3271 1508 3346 1563 ita
3393 1518 3479 1565 est
3528 1511 3584 1564 in

1988 1601 2170 1669 Patre,
2191 1603 2336 1660 sicut
2356 1610 2409 1657 et
2428 1616 2545 1657 nos.
2564 1601 2672 1656 Aut
2705 1615 2835 1672 ergo
2861 1615 3088 1659 necesse
3124 1611 3209 1657 est
3233 1602 3391 1657 fateri
3420 1602 3587 1658 etiam

1990 1711 2091 1751 nos
2116 1711 2185 1751 ex
2228 1693 2467 1750 essentia
2492 1692 2675 1748 Patris
2696 1707 2838 1760 esse,
2861 1693 2987 1763 quia
3012 1709 3179 1749 unum
3212 1693 3341 1749 facti
3392 1707 3584 1748 sumus

1990 1800 2112 1844 cum
2148 1786 2278 1853 Deo,
2300 1794 2393 1840 aut
2417 1784 2461 1840 si
2490 1784 2739 1840 homines
2780 1799 3068 1840 manemus
3128 1785 3345 1841 etiamsi
3410 1801 3581 1840 unum

282 1878 384 1933 aut
408 1879 592 1949 ἡμεῖς.
627 1878 698 1932 ’Ἡ
733 1878 915 1932 τοίνυν
955 1878 1049 1932 καὶ
1085 1878 1237 1949 ἡμᾶς
1270 1875 1569 1931 ἀκόλουθον
1605 1875 1885 1949 ὁμολογεῖν

1993 1878 2185 1932 ﬁamus
2208 1888 2333 1931 eum
2360 1874 2495 1938 Deo,
2536 1888 2750 1943 :equum
2788 1882 2890 1940 est,
2918 1884 2980 1929 ut
3004 1874 3145 1931 idem
3184 1874 3251 1931 de
3292 1873 3433 1931 Filio
3454 1891 3587 1932 cen-

281 1970 353 2024 ἑκ
385 1970 489 2040 τῆς
521 1969 710 2034 οὐσίας
738 1965 879 2024 εἶναι
926 1968 1021 2022 τοῦ
1060 1969 1296 2040 Πατρδς,
1327 1968 1416 2022 διά
1454 1968 1515 2022 τὸ
1546 1967 1881 2037 ἒνγίνεσθαι

168 2112 179 2125 ,
282 2064 427 2133 πρὸς
458 2061 614 2125 Θεὸν,
666 2062 709 2133 ἢ
750 2061 799 2114 εί
847 2061 1080 2132 μένομεν
1128 2060 1429 2132 ἄνθρωποι,
1469 2060 1571 2114 κᾶν
1611 2058 1669 2112 ἒν
1712 2058 1883 2127 γενώ-

286 2153 431 2224 μεθα
459 2152 595 2225 πρὸς
625 2153 716 2206 τὸν
770 2153 1010 2222 Πατέρα,
1041 2153 1250 2207 δίκαιον
1285 2153 1380 2207 καὶ
1409 2155 1495 2223 ἐφ’
1549 2152 1679 2208 Υίοῦ
1722 2153 1883 2207 τοῦτο

280 2252 526 2320 φρονεῖν.
579 2249 746 2303 Μένει
799 2250 909 2320 γὰρ
954 2248 1048 2302 ἐπὶ
1093 2250 1192 2319 τῆς
1247 2249 1439 2303 ἑαυτοῦ
1494 2250 1731 2319 φύσεως,
1777 2250 1878 2303 οὐκ

279 2344 553 2416 ὑπάρχειν
585 2343 814 2413 λέγηται
850 2342 989 2414 πρὸς
1019 2342 1205 2396 αὐτόν.

842 2455 1034 2522 Λύσις
1061 2455 1308 2524 ἐφεξῆς.

354 2563 543 2617 Ταῦτα
594 2566 687 2617 καὶ
739 2566 769 2619 6
817 2564 928 2618 τῶν
963 2566 1352 2637 χριστομάχων
1397 2566 1583 2638 πατὴρ
1630 2567 1729 2620 καὶ
1774 2567 1876 2638 τῆς

278 2653 553 2724 φλυαρίας
586 2654 767 2708 αὐτῶν
798 2656 1033 2726 χορηγὸς
1066 2656 1317 2721 διάϐολος
1364 2658 1603 2728 εἰρηκὼς
1637 2658 1838 2728 ἦκουσε
1859 2673 1876 2689 ⁸

281 2766 305 2797 ι
344 2745 459 2799 Νῦν
490 2745 548 2798 δὲ
580 2748 657 2809 εἰς
686 2745 821 2816 ᾅδην
850 2747 1135 2820 καταϐήσῃ
1172 2748 1263 2802 καὶ
1303 2750 1386 2812 εἰς
1417 2750 1484 2801 τὰ
1520 2750 1746 2820 θεμέλια
1777 2751 1877 2821 τῆς

276 2838 405 2907 γῆς.
449 2854 469 2888 ι
492 2832 603 2901 ’Ὦς
636 2837 744 2908 γάρ
777 2838 1109 2908 τετόλμηκεν
1144 2840 1320 2892 εἰπεῖν
1354 2842 1559 2903 ἐκεῖνος
1581 2857 1595 2870 ’
1626 2859 1647 2893 ι
1723 2842 1879 2895 Ἀνα-

278 2927 525 2996 6ήσομαι
565 2926 753 2979 ἐπάνω
780 2926 891 2979 τῶν
918 2926 1179 2994 νεφελῶν,
1210 2929 1303 2980 καὶ
1334 2927 1532 2999 ἔσομαι
1578 2929 1766 2999 ὅμοιος
1795 2929 1875 2999 τῷ

1990 1965 2596 2025 seamus.Manetenim
2657 1966 2710 2020 in
2759 1982 2854 2022 sua
2920 1977 3135 2034 natura,
3189 1983 3298 2023 non
3342 1967 3589 2023 sublatus

1991 2061 2045 2115 in
2068 2058 2362 2115 essentiam
2396 2056 2601 2125 Patris,
2628 2058 2845 2115 tametsi
2890 2074 3057 2114 unum
3106 2074 3232 2115 cum
3299 2060 3418 2130 ipso
3465 2073 3589 2115 esse

1990 2151 2223 2207 dicatur.

1952 2245 2263 2301 ἀναϐαίνων
2330 2243 2411 2308 είς
2458 2243 2559 2316 τὴν
2589 2242 2685 2297 τοῦ
2729 2241 2945 2315 Ηατρὺς
2994 2243 3208 2310 οὐσίαν,
3261 2243 3366 2298 κᾶν
3399 2244 3478 2308 ὡς
3526 2241 3587 2297 ἓν

2503 2441 2717 2499 Salutio
2752 2442 3083 2511 objectiouis.
3186 2516 3193 2519 ‘

2051 2558 2175 2613 Haec
2205 2558 2321 2626 ipsa
2347 2557 2599 2614 diabolus
2630 2558 2829 2623 etiam,
2869 2559 3109 2613 hostium
3171 2558 3371 2614 Christi
3404 2568 3583 2631 pater,

1953 2660 2034 2712 .et
2062 2651 2279 2705 illorum
2348 2650 2680 2718 nugacitatis
2738 2651 3157 2720 antesignanus,
3212 2650 3376 2716 dixit,
3423 2663 3585 2724 atque

1977 2738 2117 2802 ideo,
2146 2738 2348 2793 audivit
2374 2756 2388 2793 :
2422 2758 2441 2789 ε
2472 2736 2627 2792 Nunc
2650 2738 2716 2792 ad
2747 2737 2952 2794 inferos
2982 2740 3277 2795 descendes
3305 2740 3427 2795 etin
3454 2740 3583 2796 fun-

1986 2828 2240 2884 damenta
2272 2838 2452 2883 terrae.
2478 2846 2499 2880 ι
2529 2829 3002 2895 Quemadmodum
3024 2831 3167 2884 enim
3189 2830 3277 2885 ille
3300 2846 3466 2886 ausus
3499 2842 3586 2887 est

1983 2919 2165 2976 dicere
2199 2938 2213 2974 :
2253 2938 2272 2972 ι
2295 2920 2603 2975 Ascendam
2639 2934 2804 2989 super
2829 2922 3025 2986 nubes,
3052 2932 3110 2975 et
3138 2938 3233 2977 ero
3263 2924 3461 2979 similis
3484 2925 3582 2979 Al-

292 3016 572 3087 T'Mattp'
602 3036 622 3070 ι
656 3015 748 3071 τὸν
777 3018 940 3071 αὑτὸν
964 3016 1027 3089 δὴ
1061 3017 1264 3089 τρόπον
1288 3019 1382 3071 καὶ
1406 3012 1575 3084 οὗτοι,
1613 3018 1747 3072 πολὺ
1773 3018 1874 3088 τῆς

1991 3011 2196 3066 tissime
2221 3012 2242 3042 ’
2274 3027 2288 3063 :
2318 3030 2336 3061 ι
2358 3012 2549 3067 eadem
2612 3010 2823 3067 ratione
2882 3012 3047 3067 etiam
3094 3011 3181 3068 isti
3212 3013 3461 3070 humana:
3483 3031 3583 3071 na-

276 3107 593 3179 ἀνθρώπων
639 3109 857 3177 φύσεως
906 3110 1033 3172 τοὺς
1075 3109 1235 3181 ὅρους
1283 3109 1738 3180 ύπερὸαινόμενοι
1785 3110 1881 3163 καὶ

275 3202 384 3274 τῆς
427 3202 615 3265 οὐσίας
660 3200 960 3265 ἀναϐάντες
992 3200 1054 3254 τὸ
1098 3200 1319 3273 μέτρον,
1354 3202 1415 3254 οὐ
1457 3201 1748 3271 φοϐοῦνται
1792 3202 1882 3255 λέ-

278 3310 506 3363 γοντες·
565 3292 834 3364 Ἐσόμεθα
880 3292 1057 3364 ὅμοιοι
1091 3292 1167 3364 τῷ
1217 3291 1478 3363 Ύψίστῳ.
1529 3292 1743 3364 Ὥσπερ
1785 3287 1881 3347 οὗν

278 3384 539 3455 ἀληθεύει
584 3387 611 3439 6
657 3383 753 3438 τοῦ
782 3384 920 3438 Θεοῦ
949 3385 1122 3453 Λόγος
1158 3384 1319 3455 βοῶν,
1347 3384 1428 3438 ὅτι
1466 3403 1484 3435 ι
1539 3383 1681 3453 Ἐγὼ
1714 3386 1807 3439 καὶ
1852 3385 1881 3437 6

279 3478 475 3551 ῌατὴρ
511 3479 569 3532 ἓν
599 3480 789 3549 ἔσμεν,
826 3494 844 3530 ι
877 3476 965 3531 διὰ
993 3476 1055 3531 τὸ
1081 3478 1182 3548 τῆς
1214 3477 1406 3541 οὐσίας
1433 3478 1876 3548 ἀπαράλλακτον,

275 3568 428 3624 οὕτω
476 3569 573 3623 καὶ
608 3571 660 3623 οἱ
706 3570 1063 3640 χριστομάχοι
1106 3568 1315 3622 εἴποιεν
1363 3568 1431 3622 ἂν
1484 3568 1877 3639 ἀληθεύοντες·

300 3663 499 3734 Ἡμεῖς
520 3663 615 3716 καὶ
640 3662 671 3715 ὀ
687 3660 870 3732 πατὴρ
902 3660 1060 3731 ἡμῶν
1092 3661 1120 3715 6
1145 3659 1391 3723 διάϐολος
1420 3660 1479 3715 ’ἐν
1502 3662 1691 3731 ἐσμεν,
1706 3659 1795 3715 διὰ
1816 3660 1880 3714 τὸ

280 3754 386 3827 τῆς
414 3755 642 3827 γνώμης
674 3754 1111 3824 ἀπαράλλακτον.
1148 3753 1243 3815 Et;
1264 3752 1420 3806 τοῦτο
1446 3754 1502 3807 δὲ
1532 3754 1630 3825 ήδη
1669 3754 1879 3825 μωρίας

280 3846 602 3901 ἐλαύνουσιν
628 3844 702 3908 ὼς
733 3844 944 3898 οἴεσθαι
976 3845 1121 3899 κατά
1155 3844 1317 3914 χάριν
1346 3844 1571 3915 ἔχοντας
1608 3844 1670 3899 τὸ
1693 3845 1881 3898 καλεῖ-

282 3939 410 3992 σθαι
440 3936 619 4002 θεοὺς,
649 3937 867 4008 ὁμοίους
906 3933 1045 3991 εἶναι
1070 3935 1335 3990 δύνασθαι
1381 3938 1524 3993 κατά
1572 3938 1672 4009 τὴν
1717 3939 1881 4007 φύσιν

280 4029 381 4083 τοῦ
416 4028 516 4100 τὴν
553 4028 714 4100 χάριν
760 4027 1171 4092 ὲπιδεδωκὸτος.
1222 4028 1332 4081 Καὶ
1371 4029 1478 4082 υἱοὶ
1526 4028 1877 4100 κεκλημένοι,

284 4120 411 4177 καθ’
438 4121 738 4193 ὁμοιότητα
767 4120 861 4175 τοῦ
890 4120 1030 4175 κατὰ
1062 4120 1224 4189 φύσιν
1257 4120 1413 4185 Υίοῦ,
1461 4121 1609 4185 ίσους
1652 4122 1881 4186 ἑαυτοὺς

283 4211 428 4269 εἶναι
480 4213 801 4267 πιστεύουσι
848 4212 945 4266 τοῦ
985 4212 1121 4283 πρὸς
1164 4213 1440 4267 υίοθεσίαν
1489 4212 1876 4283 ἀναγαγόντος.

286 4308 385 4361 καὶ
412 4308 476 4361 τδ
504 4307 634 4361 ῐδιον
676 4306 845 4361 αὐτοῦ
886 4307 1030 4361 κατά
1064 4306 1226 4376 φύσιν
1260 4305 1500 4377 ἀξίωμα,
1545 4304 1688 4359 κατὰ
1720 4307 1878 4379 χάριν

284 4400 475 4464 αὐτοῖς
503 4399 786 4464 ἐπιθέντος
809 4398 900 4454 διὰ
944 4399 1147 4469 πολλὴν
1182 4398 1617 4471 φιλανθρωπίαν.

566 4512 889 4578 Ἀντιθεσις
916 4511 997 4578 ὡς
1025 4510 1093 4565 ἐκ
1124 4510 1245 4565 τῶν
1276 4510 1608 4580 αἱρετικῶν.

361 4622 486 4677 Κᾶν
527 4620 683 4694 λέγῃ,
737 4624 923 4693 φασιν,
961 4626 991 4677 6
1040 4623 1190 4690 Υἱὸς,
1233 4622 1375 4692 Ἐγὼ
1420 4623 1515 4677 καὶ
1543 4625 1571 4676 6
1608 4622 1798 4695 Πατὴρ
1826 4622 1883 4676 ἐν

289 4713 482 4784 ἐσμεν,
514 4713 577 4766 ού
606 4712 826 4777 πάντως
855 4716 1007 4768 ἔσται
1033 4714 1135 4783 τῆς
1163 4714 1334 4783 αὐτῆς
1363 4710 1552 4776 οὐσίας
1580 4712 1659 4784 τῷ
1690 4714 1885 4785 Πατρὶ,

289 4806 417 4860 ἐπεὶ
460 4806 556 4861 καὶ
589 4809 755 4877 ἡμεῖς
787 4806 1069 4879 ἄνθρωποι
1119 4806 1265 4861 κατά
1303 4807 1468 4876 φύσιν
1504 4806 1677 4872 ὄντες,
1713 4806 1772 4861 ἓν
1811 4807 1888 4871 ὡς

294 4897 436 4969 πρὸς
466 4897 557 4951 τὸν
582 4898 714 4951 Θεὸν
742 4897 1040 4968 γινόμεθαο
1076 4898 1172 4952 καὶ
1203 4898 1416 4969 μάρτυς
1459 4897 1621 4961 αὐτὸς
1657 4897 1831 4966 λέγων
1860 4897 1889 4950 6

294 4988 426 5052 Υιός
453 5004 468 5018 ο
507 5006 525 5040 ι
581 4987 759 5052 Θέλω,
806 4988 1010 5058 Πάτερ,
1064 4988 1151 5042 ἵνα
1203 4988 1394 5060 ὥσπερ
1429 4988 1541 5057 ἐγὼ
1583 4989 1681 5043 καὶ
1719 4990 1784 5042 σὺ
1830 4989 1888 5043 ἓν

293 5080 487 5153 ἐσμεν,
514 5078 657 5133 οὕτω
690 5078 785 5133 καὶ
824 5078 980 5133 αὐτοὶ
1008 5079 1067 5131 ἐν
1098 5080 1230 5151 ἡμῖν
1265 5078 1324 5134 ἓν
1358 5072 1511 5135 ὦσιν.

786 5256 943 5327 Πρὸς
981 5256 1158 5312 τοῦτο
1190 5258 1395 5324 λύσις.

370 5373 435 5426 El
462 5370 635 5435 οὕτως
673 5371 810 5424 είσὶν
843 5371 872 5424 6
916 5371 1110 5442 Πατὴρ
1163 5370 1258 5424 καὶ
1299 5372 1327 5423 6
1372 5369 1505 5433 Υἱὸς
1546 5370 1626 5433 ἓν,
1664 5367 1739 5433 ὡς
1792 5368 1889 5423 καὶ

300 5467 461 5537 ἡμεῖς
502 5464 638 5535 πρὸς
683 5463 773 5517 τδν
812 5464 1054 5534 Πατέρα,
1106 5463 1203 5517 καὶ
1236 5465 1263 5518 6
1312 5463 1504 5535 Πατὴρ
1540 5461 1676 5533 πρὸς
1717 5463 1888 5532 ἡμᾶς,

295 5556 451 5611 οὐδὲν
483 5554 593 5625 ἀρα
622 5554 685 5606 τὺ
714 5552 918 5625 μεταξὺ
947 5553 1040 5608 τοῦ
1070 5554 1207 5608 Θεοῦ
1236 5555 1407 5623 Λόγου
1437 5554 1533 5608 καὶ
1560 5551 1740 5625 ἡμῶν,
1772 5552 1888 5606 ἀλλ’

296 5649 455 5703 ἔσται
496 5646 641 5701 κατά
673 5646 834 5716 φύσιν
865 5649 998 5718 ἡμῖν
1027 5649 1055 5701 6
1085 5648 1267 5715 αὐτὸς,
1288 5648 1475 5700 διοίσει
1516 5646 1571 5699 δὲ
1606 5646 1770 5717 μόνον
1808 5644 1886 5717 τῷ

1987 3108 2119 3156 turte
2144 3100 2346 3156 limites
2366 3100 2525 3170 longe
2561 3101 2952 3166 transilientes,
2987 3112 3044 3156 et
3103 3103 3432 3159 substantia:
3468 3121 3582 3161 sua:

1984 3189 2259 3244 modulum
2319 3190 2795 3254 transcendentes,
2848 3206 2958 3247 non
3033 3202 3294 3273 gerentur
3347 3196 3577 3252 dicere:

1982 3278 2202 3335 Erimus
2230 3280 2442 3338 similes
2464 3281 2771 3338 Altissimo.
2822 3281 2979 3339 Sicut
3036 3282 3203 3355 igitur
3268 3300 3399 3342 vere
3453 3287 3586 3342 dicit

1988 3372 2221 3429 Verbum
2243 3371 2357 3441 Dei,
2384 3374 2628 3430 clamans
2654 3392 2669 3427 :
2711 3374 2855 3446 «Ego
2876 3382 2931 3430 et
2952 3374 3120 3431 Pater
3136 3392 3302 3432 unum
3331 3393 3578 3441 sumus.»

1981 3473 2204 3534 propter
2234 3465 2574 3522 identitatem
2602 3467 2856 3523 essentia
2883 3485 2898 3523 :
2929 3468 3005 3523 ita
3028 3469 3192 3524 etiam
3212 3470 3396 3528 hostes
3422 3472 3584 3527 Chri-

1982 3556 2255 3611 stidicant
2290 3569 2449 3611 vere:
2482 3554 2595 3612 Nos
2620 3564 2676 3611 et
2701 3565 2859 3627 pater
2874 3565 3065 3612 noster
3092 3558 3341 3615 diabolus
3410 3576 3581 3616 unum

1978 3663 2191 3715 sumus,
2222 3658 2445 3719 propter
2477 3649 2820 3703 voluntatum
2845 3651 3281 3708 similitudinem.
3334 3652 3411 3707 Eo
3434 3654 3580 3709 enim

1978 3739 2407 3812 jamdementiaa
2460 3749 2748 3809 venerunt,
2781 3750 2840 3796 ut
2904 3752 3025 3798 eum
3075 3759 3172 3813 per
3214 3745 3443 3812 gratiam
3529 3746 3582 3801 id

1982 3831 2267 3887 consecuti
2291 3831 2403 3885 sint
2439 3840 2499 3885 ut
2528 3831 2601 3886 dii
2642 3840 2924 3895 vocentur,
2974 3831 3289 3887 existiment
3334 3849 3393 3889 se
3426 3836 3582 3889 stmi-

1982 3920 2064 3976 les
2089 3934 2212 3977 esse
2244 3934 2404 3992 posse
2430 3922 2731 3977 secundum
2756 3930 3010 3976 naturam
3038 3922 3087 3978 ei
3116 3923 3207 3994 qui
3268 3924 3400 3994 ipsis
3433 3925 3579 3981 illam

1981 4014 2212 4083 gratiam
2238 4013 2463 4083 largitus
2500 4020 2606 4069 est.
2636 4013 2880 4082 Cumque
2903 4022 3170 4069 vocentur
3193 4015 3309 4079 filii,
3339 4016 3405 4071 ad
3429 4010 3582 4073 simi-

1981 4103 2265 4159 litudinem
2311 4103 2432 4174 ejus
2476 4104 2569 4175 qui
2608 4104 2936 4160 naturaliter
2998 4115 3084 4160 est
3110 4106 3303 4173 Filius,
3340 4108 3580 4178 aequales

1981 4210 2041 4251 se
2068 4203 2263 4265 putant
2295 4197 2344 4251 ei
2376 4199 2468 4266 qui
2506 4211 2602 4251 eos
2631 4196 2930 4267 adoptavit,
2960 4197 3122 4267 119
3147 4199 3350 4267 quique
3398 4200 3579 4268 digni-

1985 4298 2150 4345 tatem
2182 4304 2305 4359 qua:
2332 4288 2437 4345 sibi
2470 4287 2793 4343 naturaliter
2820 4290 3044 4359 propria
3066 4298 3175 4355 est,
3211 4305 3307 4360 per
3347 4292 3578 4362 gratiam

1914 4393 1957 4449 ι)
1987 4396 2086 4453 pro
2114 4382 2316 4453 ingenti
2354 4396 2452 4437 sua
2490 4380 2823 4451 benignitate
2851 4380 2931 4434 eis
2960 4381 3251 4439 concessit.

2442 4493 2683 4564 Objectio
2728 4492 3119 4549 hereticorum.

2063 4609 2333 4679 Tametsi,
2391 4610 2670 4679 inquiunt,
2721 4609 2895 4665 Filius
2940 4610 3086 4664 dicat
3118 4627 3133 4663 :
3162 4608 3276 4680 Ego
3322 4617 3378 4665 et
3415 4608 3582 4667 Pater

1988 4719 2157 4759 unum
2190 4718 2403 4769 sumus,
2436 4718 2545 4759 non
2578 4710 2762 4757 tamen
2786 4701 2894 4757 erit
2926 4701 3169 4770 ejusdem
3200 4715 3425 4771 prorsus
3454 4717 3579 4757 cum

1988 4807 2056 4851 eo
2080 4795 2359 4860 essentia,
2381 4793 2653 4863 siquidem
2691 4800 2745 4846 et
2772 4805 2872 4846 nos
2899 4805 3026 4847 cum
3060 4801 3256 4846 natura
3283 4792 3580 4848 simus-ho-

1990 4886 2191 4950 mines,
2224 4900 2391 4941 unum
2432 4900 2557 4941 cum
2604 4882 2721 4939 Deo
2765 4880 3069 4938 elﬁcimur:
3111 4882 3272 4951 cujus
3310 4882 3385 4938 rei
3424 4884 3583 4939 testis

1988 4988 2075 5036 est
2110 4978 2227 5048 ipse
2249 4976 2424 5033 Filius
2458 4978 2650 5033 dicens
2681 4996 2694 5031 :
2733 4993 2754 5027 ‹
2796 4972 2951 5040 Volo,
2995 4973 3183 5039 Pater,
3216 4984 3277 5029 ut
3300 4974 3446 5030 sicut
3478 4989 3581 5046 ego

1989 5081 2045 5127 et
2102 5086 2160 5127 tu
2210 5086 2379 5127 unum
2428 5084 2641 5136 sumus,
2695 5068 2773 5130 ita
2822 5078 2883 5126 et
2938 5068 3045 5140 ipsi
3102 5068 3160 5123 in
3218 5069 3379 5126 nobis
3414 5083 3581 5124 unum

1988 5164 2104 5221 sint
2125 5165 2193 5220 “.
2224 5183 2244 5217 ι

2485 5254 2698 5313 Salutio
2736 5255 3068 5327 objectiom's.

2065 5366 2127 5423 Si
2167 5365 2332 5422 Pater
2365 5377 2420 5421 et
2457 5365 2632 5422 Filios
2673 5366 2746 5421 ita
2789 5375 2918 5422 sont
2969 5379 3161 5429 unum,
3204 5364 3345 5420 sicut
3388 5371 3446 5419 et
3482 5376 3583 5420 nos

1994 5474 2119 5515 cum
2156 5459 2344 5524 Patre,
2397 5468 2447 5514 et
2484 5458 2650 5514 Pater
2695 5459 2978 5515 nobiscum
3017 5474 3032 5512 :
3066 5457 3215 5513 nulla
3270 5456 3436 5525 igitur
3472 5456 3585 5511 erit

1992 5551 2300 5608 diﬂ'ereutia
2330 5550 2477 5607 inter
2502 5553 2594 5607 Dei
2635 5551 2873 5608 Verbum
2906 5561 2959 5608 et
2990 5566 3125 5616 nos;
3152 5551 3245 5605 sed
3280 5550 3386 5605 erit
3422 5560 3583 5604 natu-

1992 5642 2183 5698 raliter
2221 5642 2365 5699 idem
2405 5642 2711 5712 nobiscum,
2741 5653 2795 5700 et
2831 5653 3075 5715 tempore
3101 5649 3315 5697 tantum
3345 5639 3580 5706 dill‘eret,

389 5821 408 5853 ⁷
432 5826 588 5885 Joztu.
626 5844 759 5898 xm,
792 5825 987 5883 20-28.
1068 5827 1087 5860 ⁸
1118 5826 1219 5883 Isa.
1253 5842 1362 5890 xlv,
1400 5826 1483 5882 19.
1568 5824 1589 5855 ’
1613 5825 1745 5881 ibid.
1779 5823 1864 5879 Η.

2023 5820 2178 5879 Joatt.
2210 5836 2342 5889 ml,
2375 5821 2457 5879 9-4.
