4024 6464
263 464 346 518 ὶθΙ
1678 457 1811 513 THE

1921 458 1953 513 ι·
1968 456 2127 513 RUS.

3424 467 3530 520 Ξ(Ὲὲ

256 585 366 639 κατ’
394 583 582 637 οὐσίαν
630 584 678 635 οἱ
724 583 880 635 αὐτοὶ
928 582 1058 653 πρὸς
1105 582 1193 634 τὸν
1224 581 1378 645 Θεὸν,
1422 581 1549 649 ὅταν
1591 579 1649 631 ἓν
1701 578 1806 649 πρὸ

1944 592 2067 629 cum
2120 575 2250 639 Deo,
2304 575 2520 644 quando
2563 592 2727 629 unum
2771 592 2895 631 cum
2939 578 3056 647 ipso
3108 579 3222 631 ﬁeri
3270 581 3525 638 dicinmr.

253 674 406 729 αὐτὸν
440 674 687 743 γίνεσθαι
711 673 1017 745 λεγώμεθα.
1063 672 1202 727 Ἀλλ’
1224 672 1413 742 ὥσπερ
1443 672 1601 734 αὐτὸς
1632 671 1691 724 ἓν
1714 671 1831 722 εστι

258 764 403 835 φύσει
444 764 579 834 πρὸς
605 762 697 814 τὸν
736 761 930 815 ἑαυτοῦ
958 761 1150 828 Λόγον,
1186 760 1328 813 οὕτω
1349 759 1444 813 καὶ
1475 761 1636 829 ἡμεῖς
1662 758 1721 811 ἓν
1756 759 1831 821 ὠς

257 854 381 927 πρὸς
407 853 669 925 ἀλλήλους
698 852 960 922 γινόμεθα
996 854 1058 919 τῇ
1088 868 1147 904 τε
1194 849 1409 921 γνώμῃ,
1452 850 1545 902 καὶ
1582 849 1828 919 ὁμονοίᾳ,

254 946 338 998 καὶ
374 942 451 1014 τῷ
481 945 623 997 κατὰ
657 944 862 1014 μηδένα
896 944 1094 1011 τρόπον
1133 941 1446 1005 στασιάζειν
1492 938 1628 1007 πρὸς
1667 937 1831 1011 ἀλλή-

252 1036 383 1094 λους.
420 1030 535 1083 ἀλλ’
568 1032 647 1082 ἐν).
688 1030 874 1101 δεσμῷ
902 1030 999 1098 τῆς
1037 1030 1194 1097 ἁγίας
1240 1029 1463 1098 ἀγάπης
1511 1026 1700 1097 ὥσπερ
1752 1028 1830 1089 είς

251 1121 544 1190 ταυτότητα
580 1120 1058 1190 περισφίγγεσθαι.

928 1235 1132 1288 AAAO.

314 1346 476 1409 Ἐθος
524 1347 600 1415 τῷ
649 1348 863 1417 Σωτῆρι
899 1346 1117 1419 Χριστῷ
1169 1346 1236 1399 τὰ
1274 1346 1412 1399 κατα
1467 1346 1627 1415 φύσιν
1678 1346 1827 1415 αὐτῷ

244 1437 514 1506 προσόντα
561 1437 740 1503 ἀγαθὰ
792 1438 1089 1506 προφέρειν
1135 1438 1242 1499 ἀεὶ,
1302 1438 1395 1490 καὶ
1466 1437 1674 1500 τούτοις
1737 1438 1826 1501 ἐξ·

242 1528 556 1599 ομοιοῦσθαι
608 1528 871 1593 κελεύειν,
917 1530 994 1591 ὡς
1029 1531 1162 1599 πρὸς
1201 1530 1299 1601 τὴν
1322 1530 1471 1582 θείαν
1524 1532 1669 1599 ἡμᾶς
1697 1530 1826 1583 ἀνα-

242 1620 493 1673 πλάττων
524 1621 724 1685 είκόνα,
756 1621 874 1673 καθ’
915 1622 980 1689 ἢν
1014 1623 1107 1673 καὶ
1142 1621 1507 1691 πεποιήμεθα.
1546 1622 1672 1675 Ὅτε
1697 1622 1825 1689 γοῦν

240 1712 447 1782 πράους
477 1712 572 1764 καὶ
611 1714 758 1781 ἡμᾶς
780 1712 989 1775 διδάξαι
1024 1712 1294 1779 βούλεται,
1332 1712 1514 1779 λέγει·
1549 1732 1565 1761 ι
1606 1711 1823 1765 Μάθετε

240 1802 328 1855 ἀπ’
362 1802 501 1873 ἐμοῦ
533 1803 615 1855 ὅτι
653 1804 826 1871 πρᾶός
849 1805 986 1873 εἰμι,
1021 1805 1114 1856 καὶ
1143 1804 1399 1866 ταπεινὸς
1434 1806 1497 1873 τῇ
1541 1804 1755 1873 καρδίᾳ.
1802 1824 1818 1855 ι

1936 666 2041 721 Sed
2077 666 2537 735 quemadmodum
2568 666 2683 735 ipse
2708 677 2791 721 est
2829 683 2998 720 unum
3044 680 3233 722 natura
3267 686 3389 724 cum
3430 688 3530 726 suo

1940 756 2118 810 Verbo
2144 796 2160 820 ,
2205 756 2278 809 ita
2318 766 2369 811 et
2399 771 2498 810 nos
2530 758 2675 811 inter
2697 774 2796 811 nos
2821 774 2985 811 unum
3020 759 3288 815 cﬂicimur
3330 766 3531 819 mentis

1934 858 2097 918 atque
2130 848 2424 902 voluntatis
2454 863 2723 905 consensu
2757 859 2920 919 atque
2963 853 3277 915 concordia.
3306 858 3525 923 quando

1935 940 2084 993 nullo
2116 940 2259 995 inter
2288 954 2385 994 nos
2431 939 2803 1005 dissentimus,
2845 943 2937 995 sed
2973 958 3081 997 tmo
3110 956 3311 999 sancta:
3338 947 3524 1000 chari-

1939 1031 2068 1083 tatis
2110 1031 2329 1084 vinculo
2358 1028 2522 1083 veluti
2564 1030 2616 1083 in
2676 1029 3021 1085 identitatem
3058 1034 3348 1100 quamdam
3386 1049 3521 1089 coa-

1933 1120 2206 1175 lescimus.

2606 1233 2838 1289 ALIUD.

2003 1346 2256 1401 Christus
2314 1345 2574 1400 Servator
2621 1355 2803 1399 noster
2854 1346 2991 1399 bona
3032 1360 3151 1415 quae
3196 1348 3523 1405 naturaliter

1934 1441 2033 1492 sibi
2068 1441 2248 1492 insunt
2276 1439 2433 1491 nobis
2466 1452 2772 1505 proponere
2803 1440 2966 1500 solet,
2999 1438 3139 1491 etad
3175 1452 3364 1492 eorum
3399 1440 3525 1493 imi-

1933 1532 2187 1582 tationem
2223 1529 2742 1596 similitudinemque
2772 1543 2868 1582 nos
2900 1528 3129 1595 hortari,
3187 1531 3254 1583 ad
3279 1530 3519 1585 divinam

1932 1621 2223 1691 imaginem
2272 1622 2337 1672 ad
2386 1636 2549 1687 quam
2606 1619 2729 1673 facti
2793 1634 2982 1672 smnus
3027 1634 3089 1673 ea
3138 1622 3353 1675 ratione
3380 1636 3518 1689 quo-

1931 1712 2219 1765 dammodo
2256 1726 2353 1765 nos
2386 1711 2712 1764 reformans.
2759 1710 2985 1775 Quando
3020 1725 3120 1765 nos
3156 1722 3215 1763 ut
3252 1715 3412 1765 mites
3443 1712 3518 1765 si-

1932 1820 2049 1856 mus
2076 1806 2348 1865 hortatur,
2373 1804 2501 1856 dicit
2529 1820 2541 1856 :
2572 1822 2589 1852 ι
2627 1801 2831 1855 Discite
2858 1816 2887 1853 a
2920 1815 3005 1854 me
3034 1802 3158 1869 quia
3201 1804 3350 1856 mitis
3397 1817 3516 1856 sum

241 1892 345 1947 Καὶ
370 1894 472 1963 οὐχ
513 1895 640 1946 ὅταν
690 1894 749 1958 ἐξ
782 1894 947 1946 αὐτοῦ
986 1895 1247 1964 μαθόντες
1292 1893 1579 1964 γενώμεθα
1634 1896 1811 1965 πρᾶοιη

1929 1904 1982 1947 ει
2026 1896 2245 1948 humilis
2273 1896 2435 1948 corde
2469 1897 2532 1947 ιθ.
2574 1912 2591 1943 ι
2623 1891 2733 1946 Nec
2771 1900 2953 1945 tamen
3003 1907 3125 1945 cum
3175 1894 3350 1962 ipsum
3397 1894 3519 1947 imi-

239 1986 456 2048 πάντως
483 1986 880 2055 ὲξομοιούμεθα
912 1987 1051 2039 κατὰ
1093 1987 1254 2056 φύσιν
1284 1987 1450 2056 αὐτῷ,
1494 1986 1629 2053 ἀλλὰ
1662 1986 1822 2055 μόνον

238 2082 375 2134 κατὰ
408 2080 470 2133 τὸ
504 2081 598 2149 τῆς
636 2081 939 2151 πραότητος
992 2084 1196 2150 σχῆμα.
1251 2079 1461 2133 Οὐκοῦν
1510 2080 1639 2132 ὅταν
1689 2080 1821 2151 λέγῃ

237 2171 361 2238 περὶ
387 2168 569 2239 ἡμῶν,
611 2187 628 2219 t
674 2170 788 2221 Ἵνα
814 2162 946 2221 ὦσιν
970 2168 1046 2232 ἓν,
1084 2168 1265 2231 καθὼς
1295 2171 1458 2239 ἡμεῖς
1484 2169 1541 2220 ’ἐν
1574 2170 1758 2238 ἐσμεν,
1797 2187 1815 2217 ι

236 2262 294 2326 ιε
314 2261 512 2315 ἑαυτοῦ
536 2260 715 2313 λαϐὼν
743 2262 803 2313 τὸ
832 2262 1204 2331 παράδειγμα,
1238 2262 1297 2313 ού
1329 2262 1543 2325 πάντως
1571 2260 1656 2313 ἴνα
1678 2260 1821 2313 κατὰ

237 2354 393 2422 φύσιν
426 2352 488 2404 ἓν
513 2351 587 2413 ὡς
622 2352 757 2421 πρὸς
802 2353 891 2403 τὸν
933 2352 1065 2405 Θεὸν
1115 2351 1400 2422 γενώμεθα
1434 2351 1591 2403 τοῦτό
1634 2368 1816 2422 φησιν,

235 2444 346 2497 ἀλλ’
399 2444 491 2496 ἵνα
542 2442 730 2510 ὥσπερ
776 2442 1020 2510 φυσικῶς
1052 2443 1109 2495 ἓν
1158 2444 1307 2495 ἑστιν
1352 2442 1512 2505 αὐτὸς
1559 2443 1694 2512 πρὸς
1728 2442 1819 2494 τὸν

237 2533 477 2605 Πατέρα,
510 2532 654 2585 οὕτω
694 2533 787 2584 καὶ
821 2534 979 2603 ἡμεῖς
1021 2536 1087 2603 τῇ
1124 2534 1394 2604 ὁμοψυχεα
1441 2535 1534 2586 καὶ
1572 2534 1638 2586 τὰ
1679 2534 1817 2587 αὐτὰ

235 2626 449 2691 φρονεῖν
482 2626 561 2685 είς
590 2623 849 2691 ἀλλήλους
878 2623 935 2675 ἓν
956 2625 1265 2693 γενώμεθα,
1293 2625 1391 2694 τὴν
1422 2624 1659 2694 φυσικὴν
1686 2642 1819 2678 ταυ-

231 2715 430 2785 τότητα
459 2713 553 2766 τοῦ
587 2715 801 2785 Πατρὸς
835 2714 970 2785 πρὸς
999 2714 1093 2767 τὸν
1134 2715 1262 2767 Υἱὸν
1290 2715 1477 2768 εἰκόνα
1509 2715 1816 2785 λαμῦἀνον·

233 2824 319 2870 τις
348 2808 447 2878 τῆς
478 2806 803 2861 ἀδιαστάτου
850 2809 1105 2877 γνώμης·
1143 2807 1334 2877 ὥσπερ
1366 2808 1423 2861 ἓν
1457 2810 1604 2879 ἡμᾶς
1657 2810 1815 2879 σῶμα

233 2900 324 2953 καὶ
377 2898 510 2970 μίαν
558 2896 735 2969 ψυχὴν
788 2898 1093 2967 δυναμένης
1149 2898 1456 2952 ἀποτελεῖν.
1504 2898 1662 2952 Οὕτω
1708 2899 1817 2969 γὰρ

231 2990 357 3061 περὶ
384 2989 496 3043 τῶν
518 2988 924 3041 πιστευσάντων
943 2987 1270 3057 γέγραπται,
1288 2988 1369 3040 ὅτι
1399 3005 1417 3037 ι
1446 2986 1550 3039 Τοῦ
1582 2987 1817 3057 πλήθους

229 3080 333 3132 τῶν
365 3080 776 3132 πιστευσάντων
816 3073 883 3147 ἦν
916 3079 948 3148 ἡ
979 3077 1179 3148 καρδία
1204 3078 1297 3131 καὶ
1333 3077 1480 3149 ψυχὴ
1514 3075 1632 3148 μία.
1685 3097 1702 3129 ι

923 3278 1127 3331 ΔΛΛΟ.

293 3391 376 3445 τὰ
428 3390 589 3460 φύσει
641 3390 1094 3459 προσόνταντισὶν
1126 3389 1315 3460 ὥσπερ
1362 3389 1569 3451 εἰκόνες
1605 3390 1812 3459 ἀμετά-

225 3481 410 3550 ϐλητοι
444 3482 687 3549 γίνονται
720 3484 833 3545 τοῖς
873 3482 1007 3553 πρὸς
1048 3481 1185 3535 αὐτὰ
1220 3482 1319 3553 τὴν
1360 3482 1569 3535 οἰκείαν
1616 3482 1808 3553 προαί-

227 3589 372 3643 ρεσιν
403 3573 760 3643 διαπλάττειν
791 3572 1133 3642 βουλομένοις
1154 3588 1167 3600 ⁸
1198 3572 1379 3625 ὁποῖόν
1408 3574 1525 3625 ἔστι
1548 3573 1629 3637 τὸ,
1672 3593 1689 3624 ι
1724 3575 1811 3625 Γί-

222 3663 377 3717 νεσθε
427 3663 503 3726 ὠς
532 3642 787 3731 σι’δφεις,
822 3666 916 3716 καὶ
945 3663 1019 3727 ὠς
1059 3666 1113 3716 αί
1148 3664 1490 3735 περιστεραί.
1534 3682 1553 3713 ι
1601 3665 1811 3718 Οὐκοῦν

220 3754 404 3808 εικόνι
432 3753 559 3806 τινὰ
589 3754 950 3825 ὑπογραμμὸν
981 3754 1079 3821 τῆς
1106 3752 1427 3823 ὀφειλούσης
1456 3754 1513 3806 ἐν
1541 3756 1673 3824 ἡμῖν
1696 3755 1811 3808 ἑνό-

220 3858 380 3916 τητος
431 3843 679 3909 γίνεσθαι
731 3845 1153 3914 πρωιρετικιῦς,
1203 3844 1474 3914 προτείνει
1514 3847 1607 3898 καὶ
1656 3846 1751 3898 νῦν
1782 3849 1811 3901 ό

222 3934 367 4000 Υἱὸς,
401 3937 469 4006 ἢν
501 3934 614 4004 ἔχει
651 3935 787 4005 πρὸς
813 3935 905 3988 τὸν
946 3936 1167 4007 Πατέρα
1204 3936 1438 4006 φυσικὴν
1480 3939 1805 4010 ταυτότητα.

220 4023 388 4078 Ὅταν
420 4021 515 4077 οὖν
547 4025 677 4095 λέγῃ
710 4026 836 4097 περὶ
867 4026 1054 4095 ήμῶν·
1093 4046 1109 4078 ι
1147 4027 1267 4079 ’Ἱνα
1288 4028 1382 4080 καὶ
1414 4029 1566 4081 αὐτοὶ
1596 4028 1653 4081 ἒν
1682 4024 1805 4093 ὦσι,

220 4116 398 4181 καθὼς
444 4118 539 4169 καί
589 4120 750 4186 ἡμεῖς
796 4118 852 4169 ’ἐν
898 4119 1085 4188 ἐσμεν,
1142 4139 1159 4169 ι
1216 4119 1312 4188 οὐχ
1360 4121 1444 4172 ἵνα
1494 4122 1590 4189 τὴν
1646 4121 1808 4188 φύσιν

216 4209 444 4277 ἀφέντες
477 4208 575 4279 τὴν
613 4209 840 4274 ἑαυτῶν,
872 4210 951 4272 εἰς
999 4210 1097 4281 τὴν
1126 4209 1220 4262 τοῦ
1255 4209 1383 4263 Υἱοῦ
1428 4210 1808 4281 μεταποιηθῶ-

220 4318 337 4368 μεν,
381 4300 545 4353 τοῦτό
577 4317 740 4369 φησιν
777 4301 1061 4371 (ἀδύνατον
1092 4301 1244 4373 γὰρ),
1278 4302 1394 4355 ἀλλ’
1427 4304 1511 4355 ἵνα
1553 4303 1806 4373 καθάπερ

214 4391 314 4462 ἤδη
356 4391 707 4461 προείρηται,
736 4389 895 4443 τοῦτο
922 4390 1065 4443 κατὰ
1095 4391 1320 4461 γνώμην
1353 4392 1429 4454 ὡς
1471 4392 1607 4461 πρὸς
1646 4393 1807 4462 ἀλλή-

214 4480 337 4543 λους
364 4480 655 4548 γενώμεθα
684 4480 821 4551 ὅπερ
850 4482 966 4533 ἐστὶ
1002 4483 1141 4533 κατὰ
1168 4481 1327 4549 φύσιν
1352 4482 1510 4545 αὐτὸς
1544 4484 1681 4554 πρὸς
1715 4484 1805 4536 τὸν

1930 1990 2023 2040 luti
2060 1988 2218 2041 mites
2251 1987 2375 2039 lacti
2417 1986 2708 2048 fuerimus,
2740 1999 2967 2053 prorsus
2998 1985 3047 2039 ei
3084 1985 3293 2039 similes
3321 2000 3517 2039 secun-

1926 2083 2049 2131 dum
2080 2089 2333 2131 naturain
2370 2079 2617 2141 erimus;
2653 2078 2745 2131 sed
2794 2076 2912 2129 solo
2954 2078 3390 2131 mansuetudinis
3420 2078 3518 2130 ha-

1928 2169 2063 2221 bitu.
2097 2168 2365 2233 Quocirca
2396 2182 2517 2221 eum
2539 2167 2609 2219 de
2644 2166 2800 2219 nobis
2826 2167 2992 2229 dicat,
3023 2186 3041 2216 ι
3080 2163 3152 2222 Ut
3180 2167 3291 2220 sint
3320 2184 3515 2231 unum.

1924 2262 2066 2312 sicut
2090 2274 2187 2314 nos
2221 2275 2383 2312 unum
2423 2274 2611 2313 smnus
2637 2257 2704 2319 ",
2742 2278 2760 2309 ι
2796 2260 2863 2311 alt
2887 2260 3067 2327 seipse
3095 2270 3314 2327 sumpto
3331 2274 3517 2314 exem-

1927 2354 2032 2423 plo,
2078 2369 2181 2406 non
2214 2362 2273 2404 ut
2304 2367 2528 2422 prorsus
2551 2366 2713 2403 unum
2764 2360 2959 2403 natura
2994 2366 3119 2405 cum
3173 2350 3279 2404 Deo
3312 2351 3515 2405 eﬂicia—

1925 2460 2068 2505 mttr,
2102 2430 2201 2497 hoc
2227 2445 2323 2509 ait,
2360 2445 2455 2498 sed
2495 2442 2947 2511 quemadmodum
2997 2442 3113 2511 ipse
3145 2459 3309 2495 mmm
3358 2453 3515 2497 na'u-

1926 2539 2115 2591 raliter
2146 2536 2302 2607 121
2334 2548 2418 2592 est
2456 2553 2578 2592 cum
2615 2535 2795 2597 Patre,
2836 2538 2904 2589 ita
2951 2535 3115 2588 etiam
3152 2552 3249 2587 nos
3279 2551 3512 2590 consen-

1920 2630 2075 2682 sione
2105 2630 2410 2680 animorum
2454 2636 2506 2679 et
2538 2626 2873 2677 voluntatum
2907 2638 3071 2676 unum
3106 2622 3321 2687 ﬁamus,
3356 2632 3510 2675 natu.

1923 2722 2088 2776 ralem
2117 2721 2454 2774 identitatem
2476 2717 2650 2771 Patris
2674 2732 2795 2770 cum
2833 2714 2993 2776 Filio,
3032 2714 3322 2782 imaginem
3351 2723 3513 2784 atque

1921 2813 2202 2882 exemplar
2252 2811 2410 2865 nobis
2468 2816 2853 2878 proponentes,
2901 2805 3182 2862 indivulsa:
3221 2806 3364 2861 inter
3413 2821 3511 2861 nos

1920 2908 2249 2966 concordim,
2302 2918 2421 2972 qum
2457 2917 2553 2957 nos
2588 2901 2750 2955 veluti
2785 2916 2948 2953 unum
2986 2913 3183 2967 corpus
3233 2896 3511 2968 unumque

1922 2998 2161 3050 animum
2191 2995 2409 3049 efﬁcere
2447 2994 2641 3048 valeat.
2674 2994 2750 3046 lta
2784 2992 2932 3046 enim
2964 2991 3031 3045 de
3077 2990 3153 3064 iis.
3186 2992 3277 3058 qui
3329 2991 3510 3044 credi-

1917 3089 2115 3144 derunt
2163 3089 2428 3156 scriptum
2480 3096 2613 3139 est:
2669 3103 2685 3135 ι
2728 3083 3094 3137 Multitudinis
3161 3084 3503 3139 credentium

1918 3188 2033 3233 erat
2063 3192 2370 3238 cornuum,
2401 3183 2452 3227 et
2480 3175 2661 3228 anima
2701 3188 2804 3226 una
2847 3173 2911 3225 ⁸⁸.
2950 3191 2967 3223 ι

2593 3280 2822 3337 ALIUD.

1987 3399 2119 3465 Quae
2154 3398 2484 3450 naturaliter
2513 3393 2786 3463 aliquibus
2838 3393 3043 3459 insont,
3096 3394 3257 3449 veluti
3315 3396 3509 3465 imagi-

1917 3506 2013 3545 nes
2042 3492 2288 3558 quaedam
2328 3486 2695 3542 immutabiles
2728 3496 2853 3539 sunt
2885 3484 2951 3539 iis
2982 3485 3071 3555 qui
3117 3487 3182 3539 ad
3220 3501 3282 3540 ea
3318 3487 3507 3542 volun-

1918 3593 2080 3635 tatem
2132 3596 2284 3633 suam
2338 3578 2684 3633 conformare
2737 3577 2969 3629 volunt:
3027 3577 3187 3645 quale
3234 3588 3315 3631 est
3360 3579 3503 3635 hoc:

1931 3691 1949 3723 ι
1994 3672 2181 3727 EstOte
2213 3674 2353 3725 sicut
2397 3679 2698 3740 serpentes,
2738 3679 2789 3723 et
2816 3668 2957 3721 sicut
2984 3668 3332 3725 columba".
3372 3691 3389 3722 ι
3415 3670 3505 3725 Fi-

1914 3764 2020 3816 lius
2052 3762 2239 3831 itaque
2268 3762 2610 3816 ldentitatem
2643 3758 2949 3813 naturalem
2977 3773 3140 3828 quam
3171 3776 3292 3815 cum
3346 3762 3505 3816 Patre

1915 3854 2098 3917 habet,
2132 3852 2297 3907 veluti
2331 3851 2612 3922 exemplar
2640 3849 2911 3918 quoddam
2946 3851 3016 3903 ad
3054 3851 3374 3904 imitandmn
3407 3868 3504 3906 no-

1914 3947 1996 3999 his
2044 3946 2320 4016 proponit,
2374 3944 2441 3997 ad
2486 3944 2629 4011 quod
2664 3952 2904 3995 mutuam
2936 3942 3079 3995 inter
3119 3958 3215 3997 nos
3259 3944 3504 3997 arctissi-

1913 4050 2165 4102 mamque
2220 4035 2560 4087 voluntatum
2622 4033 2882 4097 unitatem
2937 4031 3305 4085 eﬂ'ormemus.
3365 4033 3500 4088 Cum

1913 4142 2041 4196 ergo
2071 4128 2135 4179 de
2168 4126 2325 4178 nobis
2371 4124 2539 4178 dicit:
2579 4141 2597 4173 ι
2633 4124 2704 4178 Ut
2734 4134 2788 4177 et
2818 4124 2919 4189 ipsi
2949 4140 3114 4178 unum
3154 4125 3282 4186 sint,
3312 4141 3503 4193 quem-

1913 4217 2201 4271 admodum
2260 4225 2316 4269 et
2363 4229 2461 4268 nos
2509 4230 2677 4267 unum
2721 4229 2930 4278 sumus,
2974 4234 2991 4265 ι
3029 4230 3135 4269 non
3176 4224 3234 4268 ut
3290 4217 3499 4282 abiecta

1911 4318 2102 4361 natura
2136 4317 2322 4359 nostra
2358 4306 2409 4359 in
2456 4305 2576 4358 Filii
2625 4314 2873 4358 naturam
2911 4315 3357 4370 transmntemur,
3400 4309 3500 4362 hoc

1910 4398 2042 4452 dicit
2076 4396 2214 4469 (ﬁeri
2247 4397 2393 4449 enim
2429 4412 2534 4449 non
2572 4395 2796 4466 potest),
2831 4400 2946 4461 sed,
2974 4406 3033 4450 ut
3066 4399 3266 4451 dictum
3300 4410 3404 4462 est,
3437 4402 3499 4453 il-

1910 4490 2000 4543 lml
2037 4490 2183 4542 inter
2214 4502 2312 4541 nos
2361 4488 2666 4542 animorum
2695 4491 3053 4542 consensione
3100 4489 3312 4553 ﬁamus,
3356 4494 3501 4558 quod

214 4571 435 4642 Πατέρα
454 4588 469 4601 ·
506 4570 562 4622 ἒν
590 4571 809 4641 δηλαδή.
856 4573 918 4624 Ei
947 4572 1002 4625 δὲ
1035 4574 1135 4626 οὐκ
1179 4574 1326 4626 ἔστιν
1356 4575 1517 4629 εἰκὼν
1545 4578 1637 4628 καὶ
1665 4578 1796 4630 ὑπό-

1932 4594 2026 4647 pse
2073 4576 2398 4630 naturaliter
2436 4585 2518 4631 est
2558 4591 2679 4629 cum
2721 4575 2901 4637 Patre,
2944 4592 3109 4627 ttntnn
3155 4576 3388 4630 scilicet.
3439 4577 3493 4629 Si

211 4661 409 4733 δειγμα
444 4664 505 4715 τὸ
537 4662 848 4734 λεγόμενον,
882 4663 1017 4717 ἀλλὰ
1060 4664 1274 4729 πάντως
1310 4668 1545 4739 φυσικὴν
1581 4668 1797 4722 ἔσεσθαί

212 4769 333 4808 τινα
366 4754 673 4825 μεταϐολὴν
710 4753 877 4805 οἴεται
904 4771 1007 4819 τις,
1041 4755 1233 4808 ἑαυτὸν
1276 4754 1522 4825 ἐξαπατᾷ
1568 4756 1629 4807 τὸ
1661 4757 1796 4827 ἁλη-

216 4844 301 4908 et;
333 4846 434 4915 οὐχ
456 4845 617 4915 ὁρῶν.
666 4845 727 4897 Εἰ
753 4844 861 4915 γὰρ
889 4844 1139 4898 ἐϐούλετο
1169 4845 1422 4913 γενέσθαι
1468 4846 1607 4899 κατὰ
1636 4846 1796 4913 φύσιν

216 4937 357 5008 ἡμᾶς
404 4939 434 4989 ὁ
486 4936 615 4998 Υἱὸς
666 4936 802 5010 ὅπερ
844 4938 987 4990 ἐστὶν
1022 4938 1184 4999 αὐτὸς
1233 4940 1369 5009 πρὸς
1427 4940 1517 4991 τὸν
1554 4940 1793 5008 Πατέρα,

214 5028 377 5099 ἐχρῆν
406 5028 582 5079 εἰπεῖν
609 5040 623 5054 ⁶
668 5024 780 5078 ’Ίνα
821 5026 1107 5099 δὴ,ὥσπερ
1154 5027 1264 5095 ἐγὼ
1288 5029 1423 5099 πρὸς
1460 5029 1539 5089 σὲ.
1592 5029 1791 5099 Πάτερ.

211 5119 267 5171 ιν
304 5121 443 5188 εἰμι,
475 5115 616 5170 οὕτω
650 5117 743 5180 καὶ
773 5118 944 5170 αὐτοί.
978 5118 1117 5170 Novi.
1159 5118 1214 5171 δὲ
1254 5118 1412 5171 τοῦτο
1444 5119 1542 5187 μὲν
1570 5120 1671 5171 οὐκ
1713 5121 1793 5171 εί.

212 5216 345 5279 πὼν,
382 5214 462 5283 τῷ
506 5213 561 5279 δὲ
610 5210 957 5283 πληθυντικῷ
1014 5213 1362 5283 χρησάμενος
1405 5212 1642 5283 ἀριθμῷ,
1700 5215 1792 5267 καὶ

208 5304 413 5373 λέγων·
460 5324 477 5354 ι
517 5304 633 5355 Ἵνα
676 5302 864 5374 ὥσπερ
904 5302 1013 5371 ἐγὼ
1055 5303 1149 5357 καὶ
1198 5306 1263 5357 σὺ
1311 5305 1369 5356 ἓν
1421 5308 1607 5375 ἐσμεν,
1650 5305 1792 5357 οὕτω

210 5400 300 5452 καὶ
328 5399 487 5451 αὑτοὶ
524 5400 581 5450 ὲν
608 5400 740 5468 ἡμῖν
778 5395 837 5448 ἒν
880 5390 1002 5458 ὦσι,
1045 5416 1061 5447 t
1104 5395 1344 5448 διδάσκει
1380 5396 1567 5463 σαφῶς
1605 5398 1795 5470 ὅτιπερ

209 5492 305 5541 οὐκ
339 5491 419 5551 εἰς
451 5488 547 5560 τὴν
588 5489 684 5559 τῆς
719 5488 969 5556 θεότητος
999 5486 1162 5554 φύσιν
1196 5485 1629 5557 μεταποιηθῆναι
1670 5487 1791 5556 βού-

207 5580 353 5634 λεται
390 5580 517 5640 τοὺς
567 5584 646 5643 εἰς
685 5580 850 5632 αὑτὸν
895 5579 1247 5642 πιστεύοντας
1298 5578 1581 5644 (ἀπίθανον
1635 5581 1788 5651 γὰρ),

206 5672 319 5723 ἀλλ’
347 5669 534 5723 εἰκόνα
563 5672 660 5741 τῆς
700 5670 839 5723 κατὰ
881 5659 1200 5741 προαίρεσίν
1238 5673 1489 5743 ἑνότητός
1520 5670 1787 5735 λαϐόντας

273 5849 316 5880 ³⁸
350 5848 541 5902 Matth.
579 5864 653 5905 xl.
688 5847 775 5901 9.9.
858 5849 896 5878 ¹“
932 5848 1085 5902 Jontt.
1114 5866 1241 5907 xm,
1278 5852 1352 5903 lt.

526 5942 797 5999 Parnm.
845 5940 962 5999 Gn.
1015 5941 1116 6000 LX
1132 5943 1258 6005 ΧΥ.

1435 5859 1474 5887 *ί
1519 5854 1632 5907 .\CI.
1664 5870 1736 5914 tv,
1770 5853 1861 5905 '59..

1904 4685 2035 4723 vero
2067 4670 2115 4721 id
2154 4668 2299 4737 quod
2330 4667 2529 4721 dicitur
2556 4681 2661 4719 non
2692 4676 2773 4721 est
2801 4668 2976 4737 imago
3002 4678 3167 4735 atque
3190 4668 3491 4737 exemplar.

1905 4763 1996 4817 sed
2042 4762 2268 4813 omnino
2320 4758 2624 4813 naturalem
2667 4760 2899 4827 aliquam
2938 4761 3372 4813 immutationem
3412 4760 3495 4813 fu-

1909 4863 2083 4906 turam
2115 4850 2466 4920 imaginatur,
2498 4851 2741 4916 seipsum
2775 4849 2975 4917 decipit
3009 4866 3193 4905 verum
3237 4866 3495 4921 nutrcer-

1905 4959 2058 4999 nens.
2097 4944 2230 4995 Nam
2258 4944 2301 4995 si
2336 4941 2507 4996 Filius
2547 4942 2809 4995 voluisset
2856 4956 2953 4995 nos
2994 4944 3293 4995 secundent
3338 4952 3496 4996 natu-

1905 5052 2018 5089 ram
2054 5035 2167 5088 ﬁeri
2197 5034 2246 5086 id
2278 5033 2419 5101 quod
2453 5033 2568 5101 ipse
2596 5044 2681 5086 cst
2712 5049 2833 5085 cum
2878 5032 3058 5093 Patre,
3094 5035 3323 5088 dixisset
3352 5050 3491 5102 pro-

1902 5128 2042 5182 fecto
2075 5140 2088 5176 :
2126 5125 2222 5190 Ut,
2272 5124 2725 5193 quemadmodum
2783 5133 2956 5177 tecum
3001 5138 3101 5192 ego
3139 5140 3302 5177 unum
3346 5140 3488 5191 sum,

1904 5218 1975 5271 ita
2008 5229 2061 5271 et
2088 5218 2206 5284 ipsi.
2244 5216 2394 5269 Nunc
2425 5231 2553 5270 vero
2588 5232 2693 5268 non
2728 5218 2802 5268 ita
2840 5215 2997 5277 dicit,
3040 5215 3130 5268 sed
3163 5216 3356 5287 plurali
3391 5234 3487 5269 ttu-

1900 5326 2049 5364 ntero
2083 5318 2263 5371 utens,
2288 5316 2341 5362 et
2372 5308 2560 5361 dicens
2587 5326 2599 5361 :
2633 5327 2651 5358 ι
2682 5306 2774 5369 Ut.
2809 5308 3263 5376 quemadmodum
3305 5324 3403 5376 ago
3435 5318 3491 5361 et

1907 5411 1959 5453 tu
1998 5415 2161 5454 unum
2191 5414 2399 5458 sumus.
2440 5400 2510 5453 ita
2557 5408 2611 5452 et
2645 5399 2745 5467 ipsi
2791 5399 2841 5451 in
2881 5399 3037 5459 nobis
3071 5412 3238 5451 unum
3284 5400 3414 5462 sint,
3463 5418 3483 5449 ι

1902 5492 2062 5543 docet
2106 5500 2313 5556 aperte,
2344 5503 2450 5542 non
2492 5487 2595 5541 hoc
2632 5487 2769 5540 velle
2821 5501 2902 5550 se,
2936 5497 2991 5539 ut
3031 5485 3118 5553 qui
3149 5485 3490 5540 crediderint.

1902 5584 1951 5634 in
1977 5596 2098 5634 emn
2129 5576 2562 5634 transmtitentnr
2587 5579 2638 5633 in
2669 5586 2922 5632 naturam
2945 5578 3163 5632 deitatis
3188 5578 3315 5648 (hoc
3343 5580 3487 5631 enim

1900 5674 2015 5727 ﬁeri
2055 5689 2158 5727 non
2190 5671 2411 5743 potest),
2437 5672 2532 5727 sed
2565 5682 2622 5725 ιιι
2644 5682 3007 5742 proponentes
3032 5670 3188 5725 nobis
3210 5670 3492 5737 exemplar

1948 5854 1986 5885 ‘9
2024 5852 2215 5905 Matth.
2265 5869 2317 5917 κ,
2349 5851 2432 5904 16.
