4024 6466
250 389 357 447 suo
1456 368 1473 383 ““
1679 389 2126 453 rneswnus.
3430 386 3539 441 2m

256 528 436 567 νονται
463 510 774 583 τολμῶντες
800 510 1003 580 λέγειν,
1028 513 1063 567 ἃ
1093 512 1185 567 καὶ
1212 512 1375 583 μόνον
1394 508 1462 585 ἦν
1488 511 1843 578 ἐνθυμεῖσθαι

1951 510 2389 566 immobilitatem
2426 508 2554 579 ligni
2581 503 2923 577 olijrcicntcs,
2959 518 3062 558 non
3094 502 3340 557 sentiunt
3372 514 3431 555 se
3458 501 3540 555 di-

259 604 505 659 κινδύνου
556 604 753 673 μεστά.
798 604 864 657 Τί
908 602 1017 675 γὰρ
1052 604 1119 657 ἂν
1161 602 1366 657 εἴποιεν
1397 604 1447 657 οι
1496 602 1675 657 πάντα
1722 603 1843 656 τολ-

1951 618 2075 659 cere
2100 616 2162 658 ea
2221 617 2340 673 qua:
2373 600 2454 655 vel
2483 600 2621 655 nuda
2652 598 2982 668 cogitatione
3010 596 3295 666 concipere
3327 595 3540 664 pericu-

261 696 474 766 μῶντες
515 693 740 762 ῥᾳδίως,
768 692 821 746 εἴ
850 710 934 756 τις
964 693 1147 757 αὐτοῖς
1174 694 1304 765 περὶ
1334 694 1426 747 τοῦ
1460 692 1675 766 Πατρὸς
1705 693 1840 745 1:55-

1953 696 2280 750 losissimum
2337 701 2439 746 est.
2498 692 2564 744 At
2608 690 2735 758 quid
2788 689 2974 741 dicant
3028 687 3268 759 isti,_qni
3321 683 3539 756 quidvis

260 803 347 839 σιν
372 785 645 853 προσάγοι
676 787 777 856 τὴν
806 783 1005 856 αὑτήνς
1033 779 1179 856 Ἀρα
1224 785 1313 838 τὸν
1346 785 1460 839 ἴσον
1494 788 1625 856 ἡμῖν
1670 786 1842 856 φοϐη-

1951 787 2169 847 audent,
2197 790 2240 837 si
2272 786 2393 852 quis
2416 784 2495 836 eis
2516 788 2758 837 eannlcm
2789 780 2855 834 de
2872 778 3035 835 Patre
3060 778 3539 845 interrogationem

258 879 518 949 θήσονται
570 878 773 949 φόϐον,
818 878 914 930 καὶ
954 877 1051 949 τὴν
1097 878 1190 931 ἐπὶ
1231 877 1442 941 τούτοις
1492 880 1842 934 ἐπαινέσουσι

1953 876 2268 945 proponat?
2298 890 2437 928 anne
2472 880 2663 926 eodem
2696 887 2802 940 quo
2850 885 2947 924 nos
2976 882 3119 923 metu
3149 867 3536 940 percellentur,

261 972 505 1041 σιωπήνς
550 966 622 1024 Ἣ
649 969 699 1023 τί
738 987 867 1024 ποτε
901 972 1007 1042 ἄρα
1043 970 1177 1042 πρὸς
1210 970 1381 1023 ταῦτα
1409 972 1660 1042 ἐροῦσινε
1701 973 1845 1028 Ἐγὼ

1951 977 2004 1022 et
2034 967 2311 1022 silentium
2350 965 2450 1017 hac
2479 966 2532 1017 in
2568 979 2625 1017 re
2670 960 3007 1017 laudabunt?
3035 970 3127 1013 aut
3156 959 3285 1028 quid
3322 959 3540 1013 tandem

264 1063 365 1133 μὲν
391 1063 491 1115 οὐκ
530 1060 640 1132 ἔχω
671 1060 871 1130 λέγειν,
902 1062 1066 1116 καλὸν
1096 1062 1153 1115 δὲ
1181 1062 1275 1121 καὶ
1306 1065 1578 1133 χρήσιμον
1608 1066 1659 1117 εἰ
1707 1066 1842 1137 μηδὲ

1953 1060 2018 1113 ad
2051 1060 2153 1113 huc
2185 1055 2627 1126 respondebunt?
2658 1053 2922 1123 Equidem
2954 1066 3060 1105 non
3088 1051 3262 1105 habeo
3292 1049 3422 1119 quid
3457 1048 3541 1102 di-

259 1152 555 1222 ἐνενόησαν
601 1142 768 1204 οὗτοι.
810 1152 932 1205 Ὀτι
977 1151 1033 1205 δὲ
1073 1151 1344 1222 ἄτρεπτος
1387 1152 1462 1206 ὢν
1504 1156 1534 1208 6
1572 1154 1665 1208 τοῦ
1706 1155 1843 1210 Θεοῦ

1953 1166 2094 1213 cam,
2139 1149 2531 1219 pulchrumque
2569 1155 2719 1201 certe
2763 1153 2813 1199 et
2858 1143 2992 1197 utile
3056 1150 3203 1197 esset
3263 1140 3307 1194 si
3354 1146 3409 1195 et
3451 1138 3542 1194 isti

257 1242 430 1306 Λόγος
472 1239 667 1309 ὥσπερ
706 1242 735 1293 6
778 1241 1046 1311 γεννήσας
1074 1238 1259 1303 αὐτὸν,
1306 1241 1492 1312 ὅμοιός
1544 1244 1658 1295 ἑστι
1702 1246 1845 1297 κατὰ

1953 1257 2071 1295 eam
2104 1239 2488 1310 rogitatioiiem
2531 1238 2887 1306 deponerent.
2918 1233 3071 1299 Quod
3104 1247 3236 1286 vero
3284 1230 3542 1283 immuta-

263 1335 445 1385 πάντα
491 1332 571 1401 τῷ
614 1332 810 1403 Πατρὶ,
843 1332 1040 1400 γένοιτ’
1073 1332 1138 1385 ἂν
1182 1332 1271 1385 διὰ
1300 1332 1492 1387 τούτου
1545 1335 1737 1402 σαφές.
1782 1337 1844 1389 El

1954 1335 2059 1388 bile
2089 1333 2358 1387 eXsistens
2402 1327 2637 1382 Verbum
2687 1328 2801 1391 Dei,
2849 1323 3304 1396 quemadmodum
3356 1320 3404 1375 is
3450 1319 3542 1391 qui

259 1423 693 1494 ἀπαράλλακτός
712 1425 861 1476 ἐστιν
888 1420 1052 1476 είκὼν
1079 1422 1173 1477 τοῦ
1198 1423 1431 1495 Πατρός,
1454 1426 1549 1478 καὶ
1568 1426 1844 1498 ἀληθεύει,

1955 1425 2081 1479 illud
2112 1423 2318 1493 genuit,
2352 1420 2530 1476 simile
2560 1434 2656 1490 per
2684 1416 2864 1472 omnia
2889 1417 2960 1471 sit
2987 1414 3158 1477 Patri,
3188 1429 3254 1468 ex
3278 1413 3381 1467 hoc
3413 1425 3544 1465 con-

257 1516 459 1583 λέγων·
498 1534 516 1567 ‹
539 1516 599 1568 '0
630 1513 892 1586 ἑωρακὼς
922 1514 1020 1584 ἐμὲ
1070 1514 1283 1585 ἑώρακε
1317 1516 1409 1569 τὸν
1438 1517 1714 1589 Πατέρα.»
1751 1520 1846 1574 καὶ

1955 1525 2099 1569 stare
2144 1523 2339 1582 potest.
2376 1509 2433 1564 Si
2468 1518 2550 1563 est
2579 1507 2887 1562 omnimoda
2924 1514 2977 1559 et
3015 1502 3325 1559 indiﬂerens
3363 1502 3544 1570 imago

260 1607 449 1660 πάλιν*
472 1626 490 1658 ι
513 1595 657 1674 ’βτὼ
685 1606 781 1659 καὶ
815 1606 845 1658 ό
872 1606 1062 1677 Πατὴρ
1091 1604 1149 1658 ἓν
1178 1607 1369 1676 ἐσμεν,
1392 1626 1410 1659 ι
1440 1606 1594 1663 ἔσται
1629 1609 1847 1673 πάντως

1957 1606 2151 1663 Patris.
2189 1617 2419 1671 vereque
2447 1600 2579 1654 dicit
2611 1617 2623 1652 :
2663 1617 2681 1649 ι
2716 1598 2817 1665 Qui
2859 1597 2994 1651 vidit
3042 1614 3144 1651 ιιι-ι.
3173 1594 3303 1649 vidit
3348 1602 3403 1648 et
3437 1590 3544 1647 Pa-

260 1699 536 1770 ἄτρεπτος
561 1698 657 1751 καὶ
681 1697 1038 1760 ἀναλλοίωτος
1061 1696 1138 1760 ὡς
1164 1698 1194 1749 6
1221 1697 1434 1769 Πατήρ.
1453 1699 1609 1752 Ἐπεὶ
1636 1700 1755 1764 πῶς
1780 1699 1847 1756 ἂν

1957 1710 2092 1751 trem
2115 1695 2181 1761 ",
2203 1714 2221 1746 ι
2241 1704 2294 1748 et
2311 1707 2527 1747 rursum
2559 1709 2611 1744 ει
2633 1689 2746 1760 Ego
2765 1699 2819 1744 et
2850 1687 3012 1743 Pater
3040 1702 3202 1740 unum
3227 1685 3497 1740 sumus“.
3521 1706 3539 1737 ι

262 1789 474 1853 γένοιτο
504 1784 788 1839 εικὼντοῦ
819 1785 906 1839 ἀεὶ
943 1786 1038 1840 καὶ
1071 1784 1334 1851 ὡσαύτως
1372 1787 1607 1859 ἔχοντος,
1638 1790 1698 1842 τὸ
1721 1807 1847 1863 τρο-

1957 1788 2060 1859 erit
2099 1788 2322 1843 omnino
2362 1781 2683 1839 mutationis
2703 1780 3154 1849 alterationisque
3189 1791 3385 1848 expers
3407 1776 3546 1830 sicut

262 1879 372 1949 τεὴν
403 1877 829 1948 ἑπιδεχόμενονς
860 1879 931 1931 Ἢ
955 1878 1074 1941 πῶς
1102 1877 1169 1931 ἂν
1202 1879 1539 1946 εἴτηιεν,Ἔν
1570 1885 1758 1952 ἐσμεν,
1781 1884 1849 1937 τὰ

1959 1890 2005 1935 et
2026 1877 2209 1943 Pater.
2243 1875 2528 1945 Quomodo
2548 1875 2691 1929 enim
2723 1874 2794 1929 sit
2822 1873 3001 1941 imago
3032 1872 3152 1940 ejus
3206 1869 3297 1938 qui
3331 1882 3548 1935 semper

261 1970 523 2023 τοσοῦτον
543 1970 792 2041 ἀλλήλων
816 1969 1141 2039 διεστηκότα
1165 2010 1179 2031 ,
1206 1970 1301 2023 καὶ
1335 1972 1554 2042 μακρὰν
1585 1972 1727 2026 οὕτω
1757 1974 1850 2043 φέ-

1957 1982 2120 2034 atque
2160 1971 2351 2031 eodem
2401 1968 2560 2023 modo
2604 1982 2663 2021 se
2695 1965 2878 2031 habet,
2918 1965 2968 2017 id
2999 1962 3144 2033 quod
3191 1961 3544 2015 mutationem

268 2078 429 2131 ροντα
474 2060 573 2131 τὴν
617 2060 1011 2130 ἁνομοιότητα;
1055 2061 1272 2134 Ἐπιδὴ
1310 2062 1367 2115 δὲ
1396 2064 1681 2134 ἀμήχανον
1722 2042 1852 2135 ψεύ-

1960 2061 2230 2132 suscipit?
2264 2062 2370 2115 Aut
2413 2058 2689 2131 quomodo
2733 2059 2935 2120 dicant,
2961 2042 3139 2112 Unum
3176 2070 3387 2117 sumus,
3428 2070 3549 2121 qna:

261 2151 451 2204 δεσθαι
484 2151 584 2221 τὴν
612 2150 893 2221 ἀλήθειαν,
932 2151 1179 2205 τουτέστι
1230 2154 1323 2205 τὸν
1348 2153 1498 2221 Υἱὸν,
1532 2156 1718 2226 ὅμοιον
1757 2158 1850 2211 αὐ-

2039 2165 2240 2224 Itopere
2267 2155 2408 2208 inter
2424 2167 2483 2207 se
2501 2151 2789 2212 dissident,
2814 2160 3071 2218 tantaque
3103 2138 3551 2202 dissimilitudine
3626 2150 3628 2153 ’

261 2242 358 2293 τὸν
398 2236 540 2295 εἶναι
581 2241 807 2310 λέγοντα
853 2242 949 2296 τοῦ
980 2243 1213 2314 Πατρός,
1260 2244 1475 2317 ἀνάγκη
1525 2247 1677 2299 πᾶσα
1707 2247 1850 2304 τοῦθ’

1961 2247 2383 2318 disiunguntur?
2420 2245 2554 2301 Cum
2594 2260 2724 2300 vero
2780 2243 2895 2297 lleri
2940 2242 3085 2296 nulla
3131 2240 3344 2295 ratione
3378 2238 3550 2309 possit

263 2332 406 2400 ὅπερ
441 2331 591 2384 ἐστὶν
624 2334 876 2405 suam
902 2330 1041 2387 εἶναι
1070 2334 1348 2389 πιστεύειν
1378 2336 1522 2390 κατὰ
1560 2337 1721 2407 φύσιν
1761 2340 1852 2393 καὶ

1959 2347 2019 2393 ιιι
2047 2340 2265 2406 veritas,
2290 2340 2390 2397 hoc
2418 2348 2503 2393 est
2534 2336 2723 2402 Filius,
2760 2336 3074 2397 mentiatur,
3100 2334 3190 2401 qui
3229 2347 3289 2386 se
3314 2330 3548 2385 similem

263 2422 359 2473 τὸν
394 2420 856 2493 Υίόν.”Ατρεπτος
882 2422 995 2493 οὖν,
1022 2426 1098 2489 ὠς
1120 2428 1353 2493 ἐκεῖνος,
1380 2430 1473 2489 καὶ
1510 2429 1653 2483 κατὰ
1676 2430 1852 2485 πάντα

1962 2428 2105 2484 Patri
2148 2443 2270 2484 esse
2311 2429 2464 2493 dicit,
2505 2426 2874 2482 necessarium
2936 2421 3101 2495 126
3152 2422 3312 2493 plane
3360 2433 3444 2474 est
3492 2430 3551 2474 ut

265 2511 420 2582 αὐτῷ
454 2514 812 2585 προσεοικώς.
1138 2570 1143 2573 ς

1960 2518 2249 2574 credamus
2296 2516 2490 2572 Filium
2539 2515 2681 2572 idem
2738 2530 2965 2587 prorsus
3016 2522 3208 2568 natura
3248 2525 3368 2567 csse
3403 2511 3548 2580 quod

1960 2608 2143 2665 Pater.
2171 2608 2529 2665 [inmutabilis
2552 2610 2717 2680 igitur
2732 2615 2836 2677 est,
2865 2607 3005 2663 sicut
3034 2605 3145 2671 ille,
3178 2612 3233 2660 et
3257 2619 3353 2673 per
3367 2602 3550 2658 omnia

1962 2702 2013 2761 ei
2038 2701 2251 2757 similis.

804 2803 1031 2869 Ἄλλως
1058 2802 1126 2857 τὸ
1158 2805 1328 2860 αὑτό.

2396 2818 2556 2875 idem.
2581 2818 2738 2872 aliter
2782 2817 3121 2887 explicatum.

344 2910 405 2964 El
432 2915 673 2985 τρεπτῆς
704 2913 779 2967 ὣν
816 2914 1029 2983 φύσεως
1058 2918 1088 2969 6
1120 2916 1278 2980 Υἱὸς,
1309 2917 1769 2991 αύτοπροαίρετός
1794 2935 1857 2973 τε

2037 2933 2097 2991 Si
2126 2934 2315 2998 Filius,
2347 2932 2627 2987 mutabilis
2660 2941 2867 2985 natura?
2910 2928 3202 2991 exsistens,
3239 2924 3412 2979 libero
3456 2937 3556 2977 suo

268 3003 367 3061 καὶ
386 3003 755 3069 αὑτεξούσιος,
786 3008 907 3059 κατ’
947 3008 1213 3072 ἐκείνους,
1244 3007 1528 3079 ὑπάρχων,
1574 3009 1760 3078 ἐφέσει
1787 3012 1855 3080 τῇ

1966 3023 2193 3079 arbitrio
2233 3033 2289 3078 et
2334 3023 2614 3077 voluntate
2660 3020 2855 3085 fertur,
2888 3019 3186 3073 secundum
3229 3008 3372 3078 illos.
3406 3013 3551 3068 desi-

268 3097 403 3167 περὶ
433 3097 494 3150 τὸ
530 3097 736 3169 ἀγαθὸν
781 3100 862 3162 εἰς
894 3098 1050 3152 τοῦτο
1096 3100 1286 3169 γέγονε
1327 3102 1718 3165 καταστάσεως
1738 3141 1752 3165 ,
1784 3102 1857 3167 ὡς

1966 3117 2117 3172 derio
2150 3124 2358 3170 tantum
2391 3114 2523 3168 boni
2550 3126 2615 3167 eo
2636 3118 2940 3180 provectus
2966 3119 3069 3169 est,
3104 3124 3161 3162 ut
3187 3124 3215 3162 a
3254 3106 3414 3162 Patre
3447 3119 3555 3161 non

271 3187 548 3280 μηδεμίαν
592 3187 737 3280 ἔχειν
785 3188 921 3259 πρὸς
966 3190 1056 3242 τὸν
1105 3190 1328 3262 Πατέρα
1380 3192 1668 3263 διαφορὰν,
1720 3191 1857 3246 ἀλλὰ

1968 3208 2232 3273 diﬂerret,
2261 3208 2355 3263 sed
2380 3206 2636 3275 deinceps
2662 3204 2843 3257 dicere
2872 3210 3080 3271 posset.
3109 3219 3125 3252 ι
3148 3199 3250 3266 Qui
3287 3199 3421 3253 vidit
3447 3214 3557 3261 me,

266 3277 459 3330 λοιπὸν
491 3277 752 3331 δύνασθαι
784 3277 963 3345 λέγειν
984 3295 996 3307 ·
1034 3298 1051 3330 ι
1096 3280 1154 3333 '0
1184 3280 1448 3352 ἑωρακὼς
1481 3283 1606 3350 ἐμὲ,
1645 3282 1855 3350 ἑώρακε

1967 3302 2103 3357 vidit
2133 3309 2189 3356 et
2225 3300 2441 3353 Patrem
2482 3338 2498 3364 ,
2534 3314 2553 3348 ι
2586 3294 2720 3350 nihil
2763 3294 2816 3348 in
2849 3309 2916 3349 eo
2946 3294 3127 3363 magni
3182 3306 3249 3347 ac
3310 3289 3554 3361 praeclari

266 3368 364 3422 τὸν
403 3368 645 3439 Πατέρα,
682 3389 702 3421 ι
731 3368 975 3426 οὺδὲν,ὲν
1010 3370 1130 3441 Θεῷ
1162 3372 1305 3443 μέγα
1325 3410 1340 3436 ,
1373 3374 1422 3426 ει
1466 3374 1560 3426 καὶ
1601 3375 1712 3437 τοῖς
1738 3390 1855 3444 τρε-

1970 3403 2073 3457 est,
2101 3393 2146 3449 si
2172 3393 2336 3449 etiam
2373 3391 2441 3445 iis
2475 3390 2567 3460 qui
2603 3386 2877 3442 mutabilis
2905 3394 3113 3439 natura:
3135 3391 3263 3438 sunt
3289 3382 3559 3450 integrum

269 3460 415 3531 πτὴν
460 3460 642 3530 έχουσι
699 3463 797 3532 τὴν
858 3461 1021 3530 φύσιν
1074 3462 1254 3530 ἔξεστι
1311 3464 1655 3535 βουλομένοις
1722 3462 1858 3521 εἶναι

2103 3496 2229 3538 cum
2260 3481 2449 3545 velint,
2482 3479 2624 3535 idem
2658 3487 2854 3532 natura
2892 3475 3010 3530 fieri
3052 3475 3197 3545 quod
3228 3473 3315 3527 ille
3344 3482 3448 3527 est.
3490 3472 3562 3525 At
3645 3467 3668 3482 ’ί

266 3554 436 3607 τοῦτο
472 3554 614 3607 κατὰ
645 3553 812 3623 φύσα
836 3594 851 3619 ,
881 3557 1021 3619 ὅπερ
1051 3557 1258 3620 ἐκεῖνός
1288 3560 1456 3611 ἐστιν.
1502 3558 1566 3611 Εἰ
1595 3559 1652 3613 δὲ
1685 3558 1855 3613 ἄϐατα

1972 3553 2098 3629 vero
2118 3573 2168 3627 si
2188 3587 2308 3643 qua:
2332 3570 2941 3639 deitatisuntpropria,
2969 3566 3124 3622 alteri
3152 3566 3328 3621 cuivis
3353 3574 3561 3619 natura:

272 3646 557 3709 παντελῶς
600 3647 749 3699 ἑστιν
796 3647 963 3719 ἑτέρα
987 3647 1147 3716 φύσει
1189 3648 1257 3702 τὰ
1300 3649 1402 3719 τῆς
1440 3649 1695 3721 θεότητος
1733 3650 1861 3717 ἴδια,

1974 3664 2245 3722 inaccessa
2284 3677 2511 3736 prorsus
2542 3652 2668 3717 sunt
2701 3659 2928 3717 :omnia
2967 3669 3147 3713 autem
3188 3658 3305 3712 haec
3339 3666 3563 3710 natura-

270 3737 454 3791 πάντα
498 3736 557 3790 δὲ
599 3736 776 3791 ταῦτα
814 3739 1061 3807 φυσικῶς
1107 3741 1165 3791 ὲν
1208 3738 1323 3809 Υἱῷ
1371 3740 1644 3807 φαίνεται,
1677 3741 1859 3811 ὅμοιος

1970 3758 2093 3815 liter
2125 3758 2178 3813 in
2210 3754 2349 3812 Filio
2384 3765 2682 3826 apparent;
2716 3751 2912 3807 similis
2939 3751 3121 3819 itaque
3148 3762 3230 3805 est
3258 3764 3352 3819 per
3377 3748 3558 3804 omnia

270 3830 384 3899 ἄρα
418 3829 537 3882 ἐστὶ
566 3830 706 3883 κατὰ
731 3830 911 3883 πάντα
934 3830 1028 3883 τοῦ
1063 3831 1300 3903 Πατρός*
1330 3832 1430 3885 οὐκ
1456 3832 1520 3887 ἐκ
1551 3848 1700 3895 τινος
1731 3850 1859 3906 προ-

1973 3851 2115 3911 Patri
2150 3868 2165 3906 :
2204 3864 2309 3906 non
2337 3864 2404 3903 ex
2434 3849 2613 3918 aliqua
2648 3843 3030 3916 progressione
3078 3843 3193 3897 sive
3213 3841 3562 3912 promotione

273 3918 452 3987 κοπῆς
500 3918 534 3989 ἢ
581 3917 923 3983 ἀλλοιώσεως
952 3921 1053 3991 τῆς
1091 3922 1172 3984 είς
1206 3921 1268 3974 τὸ
1301 3921 1521 3990 ἀγαθὸν.
1550 3924 1614 3977 έκ
1648 3924 1740 3978 τοῦ
1789 3926 1862 3998 μὴ

1971 3933 2396 4011 alterationeque
2428 3941 2481 3993 in
2514 3924 2717 3994 bonum
2752 3951 2819 3992 ex
2865 3950 2931 3991 eo
2966 3938 3110 4009 quod
3155 3949 3264 3995 non
3295 3940 3434 3998 erat,
3467 3935 3560 3986 sed

271 4011 519 4106 τοιούτου
561 4010 701 4083 ὅπερ
734 4013 883 4066 ἐστὶν
924 4013 1205 4084 ὑπάρχων,
1259 4013 1396 4067 ἀλλὰ
1434 4015 1639 4081 τέλειος
1682 4018 1748 4070 ὲκ
1776 4033 1860 4071 τε·

1972 4033 2240 4106 perlectus
2265 4047 2331 4089 ex
2356 4032 2617 4102 perfecto,
2655 4040 2711 4085 et
2746 4028 3104 4093 immutabilis
3139 4041 3204 4081 ex
3234 4024 3561 4081 immutabili

272 4102 441 4197 λείου,
488 4103 583 4155 καὶ
619 4102 887 4173 ἄτρεπτος
914 4103 976 4169 ἐξ
1003 4104 1277 4175 ἀτρέπτου
1320 4106 1535 4175 Ηατρδς
1560 4106 1861 4178 προελθών.

1973 4102 2134 4184 Patre
2156 4125 2476 4197 procedens.
2514 4123 2795 4191 Quomodo
2827 4122 2974 4177 enim
3004 4135 3112 4175 non
3164 4120 3237 4176 sit
3262 4118 3562 4191 perlectus,

273 4192 402 4287 Πῶς
426 4195 536 4287 γαρ
561 4196 623 4287 ού
650 4195 877 4287 τέλειος,
899 4198 929 4249 6
958 4197 1056 4267 οὐχ
1092 4197 1389 4268 ἁρπαγμὸν
1418 4199 1775 4271 ἡγησάμενος
1802 4200 1862 4254 τὸ

1975 4216 2061 4287 τιυὶ
2099 4231 2206 4271 non
2240 4216 2486 4286 rapinam
2540 4214 2842 4275 arbitratus
2887 4221 2971 4267 est
3018 4227 3141 4267 esse
3188 4226 3248 4266 se
3296 4210 3564 4281 aequalem

272 4280 418 4337 εἶναι
456 4286 546 4337 ἴσα
590 4284 743 4356 ego;
794 4286 921 4351 Πῶς
965 4286 1022 4340 δὲ
1063 4288 1165 4341 οὐκ
1208 4288 1478 4359 ἄτρεπτος
1516 4291 1544 4343 6
1595 4290 1733 4359 μετὰ
1771 4290 1861 4345 τοῦ

1974 4280 2083 4373 beo
2109 4308 2195 4362 "2
2222 4280 2330 4361 Αυὶ
2359 4306 2632 4376 quomodo
2664 4320 2769 4359 non
2791 4306 2864 4359 sit
2895 4303 3278 4368 immutabilis,
3308 4280 3399 4372 qui
3433 4315 3556 4355 cum

274 4377 493 4450 Πατρός
520 4376 577 4437 ἓν
602 4376 701 4446 ὢν,
730 4378 877 4434 καθά
905 4396 1073 4452 φησιν
1100 4380 1293 4447 αὐτός;

1972 4400 2133 4462 Patre
2158 4413 2322 4462 unum
2356 4408 2463 4459 est.
2496 4408 2555 4452 ut
2586 4398 2699 4465 ipse
2723 4397 2900 4470 dicit?

953 4493 1161 4547 ΔΛΛΟ.
2659 4509 2890 4566 ALIUD.

351 4605 414 4660 Ei
445 4608 509 4659 ἐκ
541 4605 638 4660 τοῦ
666 4606 882 4677 καρποῦ
918 4600 979 4661 τὸ
1026 4606 1241 4678 δένδρον
1270 4609 1624 4677 γινώσκεται,
1654 4614 1868 4685 καρπὸς
1902 4574 1940 4628 υ

2049 4623 2106 4680 Si
2140 4636 2207 4679 ex
2242 4622 2419 4680 fructu
2449 4624 2613 4679 arbor
2646 4624 2995 4694 cognoscitur
3020 4624 3091 4689 ",
3127 4623 3340 4680 fructus
3380 4632 3564 4679 autem

272 4701 334 4754 δὲ
367 4700 468 4769 τῆς
498 4700 594 4753 τοῦ
625 4701 838 4771 Πατρός
865 4700 1054 4764 οὐσίας
1097 4702 1127 4754 6
1155 4701 1215 4767 ἐξ
1249 4702 1416 4757 αὑτοῦ
1454 4704 1734 4775 προελθὼν
1764 4707 1861 4761 Λό-

1983 4716 2230 4771 sssentiae
2257 4715 2436 4770 Patris
2463 4724 2545 4769 est
2575 4714 2885 4785 procedens
2903 4730 2969 4770 ex
3006 4715 3123 4783 ipso
3158 4715 3417 4779 Verbum,
3465 4716 3572 4771 hoc

274 4810 396 4863 γος,
430 4793 710 4846 τουτέστιν
743 4796 772 4846 ό
808 4793 935 4858 Υἱός
956 4809 970 4824 ο
1002 4793 1035 4865 ἢ
1077 4793 1406 4849 ποιείτωσαν
1438 4798 1534 4850 καὶ
1562 4798 1623 4851 τὸ
1647 4797 1863 4870 δένδρον

1979 4816 2077 4870 est,
2102 4804 2274 4861 Filius
2302 4823 2316 4861 :
2344 4816 2437 4862 aut
2460 4808 2713 4861 arborem
2750 4815 2965 4878 putrem
2999 4822 3121 4862 esse
3146 4816 3411 4869 statuant.
3449 4823 3568 4863 mu-

277 4884 492 4957 σαπρὸν
510 4924 528 4950 ,
554 4885 797 4957 τριπτῆς
835 4885 967 4942 αὐτὸ
995 4884 1212 4955 φύσεως
1242 4880 1382 4941 εἶναι
1419 4887 1669 4955 λέγοντες
1701 4888 1866 4963 (οὕτω

1982 4895 2155 4951 labilis
2189 4894 2335 4952 illam
2369 4906 2574 4951 natura:
2604 4910 2725 4951 esse
2775 4897 3018 4951 dicentes
3062 4896 3179 4967 (ita
3211 4897 3355 4952 enim
3381 4896 3571 4951 volunt

277 4980 391 5051 γὰρ
420 4977 705 5047 βούλονται
740 4977 833 5030 τὸν
866 4976 1126 5048 καρπὸν),
1179 4979 1212 5050 ἢ
1248 4981 1296 5032 εἰ
1346 4978 1511 5033 καλὸν
1547 4980 1763 5039 ποιοῦσι
1801 4984 1863 5037 τὸ

1979 4985 2206 5044 fructum
2244 5003 2364 5043 esse
2386 4986 2430 5059 ),
2466 4996 2558 5041 aut
2583 4988 2629 5042 si
2663 4988 2860 5043 bonam
2892 4990 3145 5044 arborem
3170 4998 3293 5043 esse
3318 4998 3568 5056 censent,

276 5069 515 5143 δένδρον,
543 5066 786 5121 τοιοῦτον
831 5064 972 5121 εἶναι
1006 5069 1412 5123 πιστευέτωσαν
1446 5073 1540 5132 καὶ.
1568 5072 1659 5126 τὸν
1686 5073 1745 5141 ἐξ
1770 5076 1865 5129 αύ-

1981 5081 2139 5135 talem
2169 5082 2332 5138 etiam
2364 5096 2483 5137 esse
2516 5082 2739 5136 credant
2767 5082 3000 5137 fructum
3035 5083 3127 5151 qui
3158 5098 3221 5137 ex
3256 5096 3320 5136 ea
3351 5079 3570 5150 profer—

276 5163 375 5219 τοῦ
409 5159 741 5234 προελθόντα
768 5161 1012 5233 καρπὸν,
1043 5162 1104 5215 οὐ
1137 5161 1236 5233 τῆς
1266 5162 1659 5237 ἀλλοιουμένης
1685 5208 1699 5231 ,
1730 5168 1865 5224 ἀλλά

1987 5183 2110 5231 tur:
2158 5191 2265 5231 non
2312 5176 2629 5239 immutatae,
2662 5177 2757 5231 sed
2806 5176 3162 5233 immutabilis
3200 5186 3409 5234 natura
3451 5190 3576 5233 esse

278 5258 379 5327 τῆς
401 5255 677 5325 ἁτρέπτου
702 5251 916 5322 φύσεως
950 5250 1090 5310 εἶναι
1119 5254 1483 5325 λογιζόμενοι,
1517 5258 1659 5317 καθὰ
1686 5260 1780 5314 καὶ
1808 5263 1865 5317 τὸ

276 5346 517 5404 δένδρον.

1367 5273 1483 5322 ενοι,
1517 5258 1659 5317 καθὰ
1686 5260 1780 5314 καὶ
1808 5263 1869 5317 τὸ
1979 5275 2287 5330 censentes,
2314 5266 2454 5321 sicut
2481 5266 2733 5324 arborem
2760 5267 2956 5339 ipsam.

311 5365 517 5420 ενορον.

962 5445 1166 5499 ΑΛΛΟ.

2668 5442 2894 5501 ALIUD.

368 5553 672 5628 Ἐρωτῶντι
708 5555 961 5623 ⁴ιιιλίππῳ
1009 5556 1103 5609 καὶ
1149 5556 1393 5625 λέγοντι·
1453 5576 1469 5609 ι
1513 5559 1696 5624 Δεῖξον
1741 5560 1871 5631 ἡμῖν

2055 5556 2411 5629 lnterroganti
2464 5558 2710 5629 Philippo
2742 5568 2796 5613 et
2826 5558 3049 5625 dicenti,
3086 5574 3105 5609 ι
3132 5557 3369 5614 Ostende
3417 5556 3573 5613 nobis

275 5644 375 5700 τῦν
424 5644 687 5715 Πατέρα,
739 5663 757 5694 ι
806 5646 1043 5716 Χριστὸς
1099 5647 1486 5718 ἀποκρίνεται·
1553 5667 1573 5701 ι
1617 5648 1864 5721 Τοσούτῳ

1985 5650 2232 5717 Patrem,
2274 5670 2292 5703 ι
2338 5650 2587 5708 Christus
2638 5654 2923 5723 respondet
2969 5670 2981 5705 :
3035 5671 3054 5705 ι
3110 5652 3284 5707 Tanto
3331 5661 3574 5723 tempore

355 5802 579 5860 κλωπ.
620 5820 731 5871 an,
765 5806 815 5860 9.
897 5803 1097 5860 “Joan.
1134 5823 1187 5868 κ,
1222 5805 1310 5862 30.
1392 5810 1433 5839 ’⁷
1486 5808 1720 5880 Philipp.
1750 5825 1808 5878 ιι,
1839 5808 1890 5863 6.

807 5846 815 5858 .
897 5803 1097 5860 “Joan.
1134 5823 1187 5868 κ,
1222 5805 1310 5862 30.
1392 5810 1433 5839 ’⁷
1486 5808 1720 5880 Philipp.
1750 5825 1808 5878 ιι,
1839 5808 1890 5863 6.
1974 5810 2018 5841 ³⁵
2046 5807 2175 5867 Luc.
2205 5827 2275 5876 vt,
2318 5811 2396 5866 Η.
