4024 6466
281 447 381 503 217

1710 446 2152 503 TIIESAL'RL'S.

3450 432 3554 487 218

284 566 573 636 ισχηκένα.
608 568 796 637 μισθὸν
825 569 923 639 τὴν
956 569 1203 638 υιότητα,
1240 566 1421 621 καὶτὸ
1462 563 1601 620 εἶναι
1637 570 1827 637 σοφίαν

1961 566 2364 621 culosissimum
2416 562 2610 617 Filium
2639 559 2960 640 imitationis
2987 569 3241 626 capacem
3274 567 3427 618 esse,
3461 561 3554 607 aut

281 659 372 711 καὶ
394 658 585 727 Λόγον,
614 661 707 713 καὶ
727 659 880 714 Θεόν.
910 662 1210 729 ’Δτρεπτος
1242 658 1351 730 γὰρ
1381 660 1474 711 καὶ
1497 658 1859 721 ἀναλλοίωτος

278 745 372 811 ὢν,
399 750 585 820 ὅμοιός
612 753 727 804 ἐστι
758 750 900 805 κατὰ
929 751 1104 805 πάντα
1137 749 1214 821 τῷ
1250 750 1624 820 γεγεννηκότι.

278 1056 481 1117 ΑΔΛΟ,
525 1054 612 1108 ὅτι
660 1058 771 1110 οὐκ
805 1055 874 1126 ἐξ
904 1054 1281 1126 ἀλλοιῴσεως
1305 1054 1411 1122 τῆς
1444 1055 1563 1111 ἀπὸ
1590 1057 1696 1112 τοῦ
1736 1058 1856 1126 κεί-

334 1142 521 1195 ρονος
567 1126 660 1178 ἐπὶ
694 1126 761 1195 τὸ
798 1124 1065 1193 ἄμεινον,
1095 1124 1296 1195 ὅμοιός
1336 1127 1509 1181 ἐστιν
1534 1130 1567 1182 ὀ
1606 1124 1854 1192 Υίὸςήτῷ

343 1188 551 1261 Harp},
584 1194 745 1249 ti.le
782 1188 1073 1263 spectatae.

344 1325 401 1375 ει
428 1326 485 1374 ἑν
512 1329 689 1396 μορφῇ
718 1326 854 1379 Θεοῦ
880 1327 1139 1398 ὑπάρχων
1163 1329 1353 1381 ἑαυτὸν
1373 1328 1606 1382 ὲκένωσε
1636 1332 1851 1403 μορφὴν

265 1415 455 1468 δούλου
496 1416 705 1481 λαὸὼν,
751 1418 1003 1473 τοσοῦτον
1044 1419 1109 1472 ἂν
1151 1420 1319 1487 δόξειε
1357 1425 1455 1492 τῆς
1501 1423 1640 1475 κατὰ
1689 1422 1851 1491 φύσιν

264 1511 422 1573 ἀξίας
459 1510 875 1579 ὺποδεϐηκέναι,
908 1514 1046 1584 ὅπερ
1072 1517 1137 1566 ἂν
1163 1514 1356 1584 όφθείη
1390 1516 1604 1569 κεῖσθαι
1644 1518 1848 1587 μεταξὺ

262 1601 397 1653 Θεοῦ
428 1603 522 1654 καὶ
547 1601 855 1673 ἀνθρώπου.
882 1606 956 1658 Οὐ
980 1606 1089 1675 γὰρ
1118 1601 1187 1675 ἦν
1220 1606 1318 1676 μὲν
1348 1608 1613 1678 πρότερον
1645 1607 1849 1678 ἄνθρω-

263 1708 383 1756 πος,
420 1694 612 1761 γέγονε
650 1694 706 1747 δὲ
746 1694 972 1763 ὕστερον
998 1698 1026 1749 ό
1063 1696 1215 1759 Θεὸς,
1260 1698 1393 1750 ἀλλὰ
1418 1698 1549 1761 Θεὸς
1576 1697 1651 1752 ὣν
1688 1700 1848 1768 γέγο-

259 1802 349 1837 νεν
390 1785 707 1854 ἄνθρωπος·
742 1787 854 1857 ἔχει
899 1789 1078 1841 τοίνυν
1125 1789 1278 1843 οὐδὲν
1328 1794 1407 1854 είς
1451 1791 1729 1861 βελτίωσιν
1783 1794 1846 1847 ἑκ

1962 672 2081 711 eam
2116 654 2271 708 bona:
2299 654 2588 708 voluntatis
2629 668 2739 705 sua:
2773 650 3072 703 mercedem
3109 646 3383 714 accepisse
3409 646 3552 711 quod

1963 748 2036 799 sit
2070 744 2255 810 Filius,
2285 754 2339 799 et
2370 744 2663 813 sapientia,
2698 755 2753 796 et
2785 739 3021 795 Verbum
3056 750 3107 793 et
3157 738 3319 791 Deus.
3363 733 3554 790 Onmis

1960 839 2102 891 enim
2133 837 2452 891 mutationis
2484 836 2940 904 alteratiouisque
2967 848 3186 902 expers,
3217 830 3411 885 similis
3456 841 3555 897 per

1957 929 2139 982 omnia
2164 938 2247 982 est.
2276 942 2377 983 suo
2405 926 2670 982 Geuitori.

1959 1058 2194 1123 ALIUD,
2226 1060 2366 1127 quod
2403 1076 2508 1114 non
2534 1074 2625 1128 per
2660 1058 3027 1128 alterationem
3042 1073 3091 1128 _a
3113 1055 3377 1128 deteriori
3406 1063 3549 1105 statu

2028 1133 2084 1185 in
2113 1123 2749 1196 pra'stantiorem‘rimilis
2766 1129 2830 1181 sit
2860 1123 3229 1187 PatriFiliur,
3261 1124 3353 1179 sed
3382 1132 3545 1177 uatu-

2026 1202 2231 1255 raliter.

2026 1333 2082 1387 Si
2115 1334 2165 1387 in
2194 1333 2363 1386 forma
2400 1330 2494 1385 Dei
2528 1330 2799 1385 exsistens
2830 1328 3065 1394 seipsmn
3105 1322 3401 1378 exiuanivit
3440 1324 3549 1375 lor-

1956 1442 2097 1478 mam
2140 1424 2283 1477 servi
2304 1423 2601 1490 accipiens,
2622 1427 2831 1474 tantum
2862 1416 3030 1472 videri
3054 1417 3228 1485 possit
3251 1430 3280 1468 a
3310 1414 3542 1477 naturali

1952 1511 2215 1581 dignitate
2246 1510 2564 1573 recessisse,
2594 1520 2860 1578 quantum
2897 1504 3238 1559 discriminis
3281 1512 3364 1558 est
3400 1505 3545 1556 inter

1956 1604 2119 1656 Deum
2150 1613 2206 1657 et
2252 1603 2548 1657 hominem.
2604 1600 2788 1667 Neque
2824 1598 2969 1651 enim
3012 1610 3129 1650 erat
3168 1596 3318 1664 prius
3360 1596 3541 1657 homo,

1949 1704 2246 1764 posteaque
2278 1691 2451 1746 factus
2478 1703 2561 1745 est
2594 1690 2775 1755 Deus;
2806 1690 2898 1744 sed
2949 1688 3087 1741 Deus
3116 1703 3237 1741 cum
3266 1696 3432 1749 esset,
3465 1684 3544 1738 l'ao

1949 1800 2067 1840 ctus
2092 1797 2175 1840 est
2208 1786 2369 1840 homo
2402 1802 2416 1838 :
2459 1784 2595 1839 nihil
2626 1784 2813 1851 itaque
2857 1780 3080 1849 majoris
3116 1780 3443 1849 pra-stantia-
3476 1793 3541 1831 ex

257 1876 465 1931 τούτων
494 1880 522 1931 ό
550 1878 645 1931 τοῦ
685 1878 822 1932 Θεοῦ
856 1880 1049 1949 Λόγος.
1083 1882 1144 1936 Et
1184 1882 1240 1936 δὲ
1284 1883 1549 1952 ὑψοῦσθαι
1602 1885 1820 1953 λέγεται

1952 1879 2051 1931 hac
2085 1894 2141 1931 re
2180 1877 2357 1931 Verbo
2389 1876 2641 1931 accessit.
2679 1874 2734 1928 Si
2771 1888 2900 1926 vero
2945 1872 3218 1926 exaltatus
3252 1885 3374 1923 esse
3405 1869 3543 1924 dici-

255 1969 353 2021 καὶ
375 1969 434 2021 ἐν
454 1969 603 2035 τάξει
629 1971 966 2042 χαρίσματος
989 1973 1050 2025 τὸ
1072 1973 1214 2045 ὑπὲρ
1240 1976 1347 2028 πᾶν
1368 1975 1540 2046 ὄνομα
1564 1976 1838 2046 δέχεσθαι,

254 2061 336 2123 ut;
366 2062 544 2114 ἐκεῖνο
564 2062 803 2131 δηλονότι
838 2064 977 2133 μετὰ
995 2065 1198 2135 σαρκὸς
1225 2068 1583 2136 ἐπανάγεται,
1599 2072 1679 2133 είς
1704 2071 1842 2141 ὅπερ

250 2147 323 2219 ἦν
343 2152 439 2204 καὶ
466 2150 589 2224 δίχα
619 2154 841 2224 σαρκός.
861 2155 973 2209 Καὶ
1003 2156 1165 2220 αὐτὸς
1192 2158 1250 2209 δέ
1276 2157 1378 2212 πού
1403 2176 1535 2229 φησι
1560 2180 1569 2189 ·
1602 2161 1837 2232 «Πάτερ,

249 2242 477 2307 δόξασόν
509 2260 576 2313 με
602 2247 667 2314 τῇ
696 2244 823 2318 δόξῃ
846 2240 879 2319 ᾖ
899 2242 1043 2317 εἶχον
1077 2248 1184 2320 πρὸ
1213 2249 1304 2302 τοῦ
1338 2249 1429 2303 τὸν
1460 2252 1666 2321 κόσμον
1695 2248 1835 2307 εἶναι

251 2333 405 2405 παρά
443 2335 546 2389 σοί.
584 2354 603 2385 ι
637 2336 774 2391 Ποία
805 2337 862 2391 δὲ
894 2333 961 2408 ἦν
993 2340 1027 2409 ὴ
1071 2340 1177 2409 πρὸ
1210 2340 1304 2394 τοῦ
1340 2342 1548 2412 κόσμου
1583 2343 1710 2409 δόξα
1742 2344 1836 2399 τοῦ

250 2425 415 2489 Υἰοῦς
451 2426 524 2479 Τὸ
547 2430 603 2479 ἐν
638 2430 817 2500 μορφῇ
843 2430 936 2483 τοῦ
970 2432 1182 2502 [ἰατρὸς
1214 2434 1500 2504 ὑπάρχειν.
1534 2435 1702 2491 υὺδὲν
1729 2438 1837 2508 ἄρα

246 2518 369 2572 ἐστὶ
398 2519 458 2570 τὸ
486 2517 543 2581 ἐξ
573 2519 911 2584 ἀλλοιώσεως
935 2523 1031 2575 καὶ
1058 2524 1267 2594 τροπῆς
1293 2525 1393 2593 τῆς
1416 2527 1509 2577 ἐπὶ
1532 2527 1592 2580 τὸ
1614 2528 1835 2595 ἄμεινον

244 2609 548 2678 προστεθὲν
580 2610 659 2681 τῷ
698 2611 811 2682 Υίῷ
835 2655 850 2678 ,
877 2612 990 2665 ἀλλ’
1021 2616 1053 2684 ή
1093 2616 1151 2666 ἐν
1180 2616 1521 2685 χαρίσματος
1558 2618 1709 2683 τάξει
1740 2619 1834 2672 νῦν

243 2700 398 2770 αὑτῷ
420 2702 671 2772 διδομένη
705 2703 832 2770 δόξα
858 2704 950 2758 καὶ
971 2703 1198 2773 ὖψωσις,
1227 2705 1378 2770 λύσις
1412 2708 1528 2761 ἐστὶ
1556 2710 1657 2777 τῆς
1694 2711 1832 2779 μετὰ

243 2791 449 2862 σαρκὸς
482 2794 721 2859 ἀδοξίας,
742 2794 839 2863 τὴν
869 2796 978 2848 ἀπὸ
1001 2796 1101 2865 τῆς
1129 2796 1224 2849 τοῦ
1254 2798 1437 2850 δούλου
1472 2801 1685 2870 μορφῆς
1717 2801 1830 2853 ἅτι-

243 2886 377 2954 μίαν
413 2886 829 2954 ἑξαφανίζουσα.
855 2887 1087 2956 Λέγεται
1120 2888 1178 2941 δὲ
1207 2888 1441 2943 δίδοσθαι
1476 2890 1648 2945 ταῦτα
1680 2892 1832 2963 παρὰ

240 2976 475 3047 Πατρός.
509 2976 629 3047 Θεῷ
653 2979 760 3048 γὰρ
793 2977 971 3032 πάντα
998 2978 1066 3031 τὰ
1096 2980 1235 3051 ὑπὲρ
1273 2982 1669 3054 ἀνθρωπὸτητα
1695 2986 1827 3038 διοι-

237 3069 357 3120 κεῖν
405 3067 769 3139 οίκειότερον,
815 3069 913 3122 οὐκ
960 3068 1065 3135 ἔξω
1111 3072 1210 3141 τῆς
1258 3071 1464 3125 τούτων
1516 3076 1827 3145 οἰκονομίας

237 3159 579 3228 ὑπάρχοντος
607 3158 698 3212 τοῦ
732 3160 859 3211 Υἰοῦ
888 3160 1030 3213 κατὰ
1053 3162 1150 3230 τὴν
1175 3166 1271 3232 τῆς
1294 3162 1547 3233 θεότητος
1574 3166 1821 3237 ἑνότητα,

235 3250 283 3302 ιι
315 3251 410 3302 καὶ
437 3249 749 3314 ἰδιαζόντως
781 3252 910 3317 Υἱός
934 3254 1080 3305 ἐστιν
1109 3253 1184 3317 ὡς
1220 3254 1355 3325 πρὸς
1391 3254 1627 3327 Πατέρα.

698 3456 903 3521 ΑΛΑΟ,
946 3460 1032 3519 είς
1072 3459 1137 3512 τὸ
1175 3461 1345 3516 αὐτό.

306 3571 368 3623 El
442 3570 562 3623 καθ’
615 3573 781 3640 ὑμῆς,
828 3574 915 3625 ὅτε
967 3574 1331 3628 ἐταπείνωσεν
1379 3576 1590 3643 ἑαυτὸν,
1655 3579 1822 3649 ὑπερ-

228 3658 447 3729 υψὼθη.
500 3660 589 3714 διὰ
618 3660 776 3715 τοῦτο
810 3662 907 3717 καὶ
947 3662 1212 3736 ἐχαρίσθη
1248 3665 1398 3736 αὐτῷ
1443 3667 1503 3720 τὸ
1549 3667 1719 3739 ὄνομα
1763 3670 1823 3723 τὸ

228 3750 374 3820 ὑπὲρ
410 3754 516 3804 πᾶν
555 3753 744 3822 ὄνομα,
790 3756 1057 3818 τουτέστι,
1095 3756 1357 3825 κέκληται
1411 3758 1562 3823 Θεὸς,
1602 3762 1694 3813 καὶ
1733 3763 1821 3814 διὰ

224 3843 390 3898 τοῦτο
434 3846 661 3916 ὲχρίσθη
707 3848 802 3901 καὶ
843 3848 970 3911 Υἱὸς
1001 3849 1317 3919 ὠνομάσθη,
1352 3852 1458 3921 πρὸ
1488 3852 1590 3921 τῆς
1620 3871 1819 3907 ταπει-

222 3936 450 4000 νώσεως
484 3939 695 4009 ἀνάγκη
726 3938 906 4009 λέγειν
933 3942 1032 3994 οὐκ
1062 3936 1202 3994 εἷναι
1236 3942 1411 3996 ταῦτα
1442 3943 1534 3997 τὸν
1560 3945 1654 3997 τοῦ
1681 3946 1815 3999 Θεοῦ

222 4030 436 4097 Λόγον·
480 4032 601 4083 οὐδὲ
643 4034 753 4101 γὰρ
787 4033 852 4086 ἂν
879 4033 1089 4099 δέξαιτό
1131 4052 1214 4098 τις
1250 4036 1388 4105 ὅπερ
1435 4036 1546 4106 ἔχει
1596 4038 1691 4092 καὶ
1742 4039 1815 4108 μὴ

222 4120 428 4176 λαϐὼν,
492 4123 601 4175 Καὶ
636 4126 684 4176 εί
734 4125 839 4196 πρὸ
893 4125 1001 4178 τῶν
1035 4127 1135 4197 τῆς
1177 4127 1562 4191 ταπεινώσεως
1605 4130 1815 4200 χρόνων

220 4214 543 4283 εὑρίσκεται
590 4214 766 4282 λέγων
818 4218 953 4288 πρός
996 4236 1145 4282 τινας
1191 4220 1356 4284 Θεός·
1398 4240 1415 4271 ι
1456 4222 1600 4290 Ἐγὼ
1645 4220 1811 4275 εἶπα·

219 4303 349 4356 Θεοί
398 4306 541 4369 sm,
598 4306 691 4359 καὶ
728 4309 833 4360 υἱοὶ
884 4309 1160 4378 Ὑψίστου,
1196 4338 1214 4360 ι
1265 4310 1449 4364 πολλοὶ
1495 4313 1601 4381 πρὸ
1648 4314 1811 4367 αὑτοῦ

218 4394 509 4462 φαίνονται
544 4397 825 4465 γεγονότες
874 4400 978 4451 υἱοὶ
1015 4400 1109 4453 καὶ
1151 4400 1281 4454 θεοί.
1322 4402 1446 4465 Πῶς
1488 4400 1581 4456 οὖν
1612 4404 1811 4473 ἀληθὲς

216 4488 300 4540 ὅτι
336 4489 515 4541 πάντα
538 4488 604 4541 δι’
636 4491 801 4542 αὑτοῦ
826 4491 1080 4558 ὲγένετο;
1126 4496 1248 4555 udi;
1272 4493 1326 4545 δὲ
1364 4496 1526 4557 αὐτός
1566 4498 1680 4549 ἐστι
1706 4497 1811 4567 πρὸ

216 4580 443 4632 πάντων
492 4580 720 4644 πολλοὺς
750 4581 885 4651 ἔχων
919 4585 1023 4651 πρὸ
1053 4582 1258 4648 αὐτοῦ,
1295 4584 1415 4647 Πῶς
1446 4584 1501 4637 δὲ
1538 4586 1634 4638 καὶ
1668 4604 1811 4657 πρω-

1948 1982 2055 2034 tur,
2106 1978 2163 2023 et
2205 1971 2378 2022 instar
2412 1968 2538 2020 doni
2576 1981 2771 2020 nomen
2822 1981 2987 2035 super
3023 1976 3184 2017 omne
3218 1976 3411 2015 nomen
3446 1976 3541 2014 ac-

1943 2061 2174 2131 cepisse,
2223 2060 2279 2114 in
2316 2060 2445 2113 illud
2482 2059 2671 2128 procul
2712 2058 2879 2112 dubio
2924 2056 3177 2111 evehitur
3221 2068 3342 2107 cum
3375 2067 3541 2109 carne

1944 2152 2087 2222 quod
2109 2160 2227 2207 erat
2246 2150 2814 2223 absquecaruealpse
2841 2165 2972 2203 vero
2989 2149 3150 2201 etiam
3177 2144 3301 2200 alibi
3332 2145 3537 2214 inquit:

1948 2265 1966 2299 ι
2000 2245 2183 2308 Pater,
2229 2242 2470 2315 gloriﬁca
2520 2258 2605 2297 me
2647 2241 2815 2311 gloria
2847 2240 2933 2294 illa
2975 2254 3137 2309 quam
3186 2237 3346 2292 habui
3398 2238 3540 2304 apud

1942 2346 1995 2394 te
2028 2351 2326 2405 antequam
2350 2335 2583 2389 mundus
2613 2345 2761 2389 esset
2786 2332 2854 2389 “.
2881 2352 2900 2385 ι
2932 2333 3190 2398 Qmeuam
3219 2340 3396 2383 autem
3421 2338 3540 2384 erat

1938 2429 2111 2501 gloria
2145 2420 2269 2483 Filii
2302 2438 2428 2481 ante
2456 2428 2791 2482 creationem
2842 2425 3073 2479 mundi?
3124 2423 3378 2478 Profecto
3412 2439 3537 2479 esse

1939 2524 1991 2577 in
2027 2524 2197 2577 forma
2226 2520 2426 2576 Patris.
2464 2519 2609 2574 Nihil
2642 2518 2811 2589 igitur
2836 2528 2918 2572 est
2946 2518 3089 2585 quod
3132 2531 3199 2569 ex
3234 2516 3535 2569 mutatione

1937 2615 1991 2668 iu
2027 2616 2217 2670 melius
2248 2613 2388 2669 Filio
2420 2613 2648 2666 accessit
2678 2630 2689 2665 :
2718 2611 2812 2665 sed
2844 2610 3015 2680 gloria
3052 2620 3104 2661 et
3133 2608 3388 2661 exaltatio
3415 2624 3536 2679 quat

1937 2706 2011 2760 illi
2046 2707 2217 2759 instar
2253 2705 2378 2759 doni
2414 2719 2557 2756 nunc
2600 2700 2796 2755 collata
2846 2710 2952 2766 est,
2992 2698 3214 2752 vilitatis
3249 2714 3367 2767 qua:
3409 2715 3533 2753 car-

1934 2812 2055 2853 nem
2124 2798 2486 2853 comitabatur
2547 2794 2771 2850 abolitio
2835 2804 2956 2855 est,
3022 2802 3394 2862 contemptum
3465 2795 3535 2845 ob

1933 2889 2072 2943 servi
2110 2888 2341 2942 formam
2386 2899 2722 2957 assumptam
2771 2886 2981 2940 deletis.
3045 2885 3307 2940 Dicuntur
3350 2896 3531 2940 autem

1932 2984 2048 3035 ιιιεο
2076 2982 2197 3034 data
2231 2995 2260 3033 a
2302 2979 2490 3043 Patre,
2523 2980 2649 3049 quia
2679 2982 3095 3035 convenientius
3120 2989 3205 3036 est
3251 2981 3533 3050 magisque

1929 3072 2208 3139 proprium
2256 3087 2318 3125 ca
2363 3087 2485 3141 qua:
2527 3087 2691 3139 supra
2739 3074 3131 3127 hmnanitatem
3178 3082 3306 3127 sunt
3346 3088 3373 3125 a
3420 3069 3532 3125 Deo

1928 3162 2330 3227 administrari,
2358 3180 2462 3217 non
2489 3166 2712 3219 excluso
2738 3174 2917 3219 tamen
2938 3165 3235 3219 secundum
3268 3165 3529 3217 unitatem

1850 3254 1895 3315 C
1928 3255 2144 3309 deitatis
2172 3258 2239 3309 ab
2284 3256 2385 3309 hac
2420 3256 2898 3311 administratione
2937 3257 3074 3312 Filio
3099 3299 3113 3322 ,
3178 3256 3390 3311 tametsi
3435 3269 3533 3326 pe-

1930 3347 2212 3403 culiariter
2246 3350 2477 3403 exsistat
2508 3348 2679 3404 Filius
2709 3350 2773 3402 ad
2806 3349 3021 3405 Patrem
3055 3351 3282 3405 relatus.

2238 3459 2475 3529 ALIUD,
2525 3464 2580 3517 in
2611 3468 2846 3518 eamdem
2880 3468 3211 3519 sententiam.

2000 3574 2079 3637 Si,
2115 3574 2269 3643 juxta
2315 3585 2551 3629 vestram
2612 3578 2949 3645 opinionem,
3004 3581 3225 3648 quando
3288 3580 3526 3650 seipsum

1928 3663 2235 3716 humiliavit
2278 3664 2711 3731 superexaltatus
2776 3681 2879 3731 ρει,
2934 3677 2989 3723 et
3024 3679 3305 3739 propterea
3355 3672 3523 3725 dona-

1927 3758 2036 3803 tmn
2060 3754 2211 3804 eiust
2244 3767 2437 3806 nomen
2468 3770 2633 3823 super
2667 3771 2827 3809 oume
2862 3772 3081 3823 nomen,
3120 3761 3219 3812 hoc
3247 3771 3350 3821 est,
3388 3762 3525 3816 Deus

1929 3853 2158 3898 vocatus
2189 3854 2293 3907 est,
2320 3856 2373 3899 et
2402 3856 2686 3916 propterea
2709 3848 2873 3901 etiam
2901 3862 3097 3905 unctus
3126 3862 3207 3906 est
3237 3854 3525 3922 dictusque

1924 3933 2128 4001 Filius;
2170 3940 2538 3991 necessarium
2577 3939 2735 4009 plane
2770 3952 2855 3994 est
2911 3951 2969 3993 ut
3009 3943 3254 3998 dicamus
3291 3944 3521 4000 Verbum

1922 4024 2015 4079 Dei
2048 4038 2173 4080 ante
2206 4029 2618 4083 humilationem
2651 4030 2754 4085 hoc
2786 4048 2891 4085 non
2924 4033 3125 4087 fuisse:
3164 4051 3340 4104 neque
3374 4038 3518 4089 enim

1919 4117 2191 4185 acceperit
2221 4119 2344 4188 quis
2374 4120 2424 4173 id
2458 4122 2599 4188 quod
2652 4122 2814 4175 habet
2850 4125 3015 4176 etiam
3058 4140 3180 4177 cum
3226 4145 3330 4180 non
3365 4143 3520 4181 acce-

1921 4210 2082 4276 perit.
2117 4207 2183 4262 Et
2236 4210 2282 4263 si
2333 4223 2461 4265 ante
2509 4212 2902 4269 humiliationis
2957 4225 3201 4283 tempora
3254 4221 3517 4286 reperitur

1921 4298 2059 4350 Deus
2110 4299 2236 4352 alibi
2287 4299 2361 4353 ita
2414 4301 2653 4357 dicens:
2708 4322 2725 4354 ι
2758 4304 2869 4374 Ego
2919 4306 3029 4358 dixi
3078 4320 3091 4358 :
3133 4307 3210 4359 Dii
3259 4309 3413 4373 estis,
3470 4322 3517 4362 ct

1917 4390 2009 4442 lilii
2048 4388 2257 4443 Excelsi
2290 4408 2477 4447 omnes
2498 4392 2576 4458 “,
2613 4414 2630 4445 ι
2669 4397 2818 4449 multi
2858 4410 3007 4451 certe
3047 4409 3173 4453 ante
3206 4402 3379 4470 ipsum
3422 4420 3515 4472 ap-

1914 4492 2103 4551 parent
2143 4482 2271 4538 facti
2307 4500 2427 4539 esse
2457 4486 2549 4541 lilii
2585 4496 2641 4542 et
2674 4488 2767 4544 (lii.
2806 4488 3089 4555 Quomodo
3120 4494 3285 4562 igitur
3318 4510 3512 4548 verum

1917 4582 2020 4637 est,
2053 4575 2235 4627 omnia
2267 4575 2556 4646 peripsum
2595 4578 2739 4632 facta
2774 4581 2937 4634 esse?
2962 4580 3072 4635 Aut
3095 4585 3368 4650 quomodo
3405 4585 3515 4653 ipse

212 4672 440 4734 τότοκος
489 4673 669 4743 πάσης
699 4675 964 4738 κτίσεωςς
1016 4675 1128 4726 Καὶ
1166 4678 1213 4727 εί
1265 4676 1399 4747 πρὸς
1435 4678 1667 4747 μίμησιν
1712 4678 1805 4730 τοῦ

1937 4664 1983 4718 tit
2007 4675 2135 4719 aute
2160 4668 2364 4731 omnia,
2396 4684 2518 4722 cum
2552 4670 2701 4722 multi
2735 4671 2827 4721 illo
2851 4673 3066 4738 priores
3089 4675 3363 4729 sint?Aut
3382 4652 3514 4745 quo-

212 4763 361 4817 κατὰ
398 4765 561 4831 φύσιν
596 4766 725 4818 Υίοῦ
757 4766 997 4820 τίθενται
1046 4767 1141 4841 καὶ
1190 4769 1241 4820 οί
1290 4772 1430 4821 κατὰ
1478 4771 1657 4841 χάριν,
1690 4771 1808 4834 πῶς

211 4850 363 4909 οῦτοι
395 4854 500 4926 πρὸ
527 4854 620 4907 τοῦ
648 4856 787 4909 κατὰ
817 4856 1010 4923 φύσινς
1042 4855 1153 4909 Καὶ
1184 4859 1231 4909 εί
1256 4857 1351 4909 τοῦ
1386 4858 1514 4910 Υἱοῦ
1549 4860 1806 4931 μετέχον-

209 4965 304 5011 τες
340 4947 736 5017 υίοποιοῦμεθα
760 4947 827 4999 δι’
855 4949 1043 5013 αὑτοῦ,
1077 4948 1194 5010 πῶς
1224 4949 1285 5001 τὸ
1322 4950 1546 5021 μετέχον
1584 4952 1800 5023 πρῶτον

209 5040 368 5092 ἔσται
394 5038 488 5091 τοῦ
517 5038 876 5108 μετεχομένου
916 5040 1010 5092 καὶ
1034 5038 1100 5091 δι’
1132 5034 1191 5093 οὗ
1229 5040 1470 5107 γίνεται;
1500 5042 1625 5106 Πῶς
1654 5044 1711 5095 δὲ
1741 5044 1803 5097 οὐ

212 5132 480 5203 κρείττων
507 5134 534 5184 ό
566 5132 782 5201 πρῶτος
827 5131 1022 5185 τούτου
1054 5131 1232 5203 τυχὼν
1261 5134 1355 5186 τοῦ
1383 5136 1608 5200 πολλαῖς
1640 5136 1799 5190 ὓστε-

215 5240 308 5292 ρον
341 5225 591 5290 γενεαϊςς
638 5220 798 5275 Ἀλλὰ
825 5222 1027 5292 πολλὴν
1058 5222 1171 5292 ἔχει
1204 5224 1375 5277 ταῦτα
1403 5226 1502 5296 τὴν
1542 5226 1793 5279 ἀτοπίαν.

209 5312 424 5367 Οὐκοῦν
447 5312 711 5383 ἄτρεπτός
736 5328 795 5363 τε
827 5310 921 5365 καὶ
952 5310 1306 5375 ἀναλλοίωτος
1332 5316 1360 5364 ό
1388 5311 1535 5375 Υἱὸς,
1566 5313 1628 5365 οὐ
1656 5312 1802 5365 κατὰ

210 5404 395 5472 χάριν,
424 5403 544 5455 οὐδὲ
573 5404 637 5455 ὲκ
661 5402 978 5473 προσθήκης
1006 5400 1143 5472 ἔχων
1169 5402 1265 5473 τὴν
1298 5403 1432 5474 πρὸς
1454 5405 1544 5458 τὸν
1579 5405 1799 5463 Πατέρα

209 5495 532 5565 ὁμοιότητα,
569 5492 682 5546 ἀλλ’
715 5493 991 5555 οὐσιωδῶς
1026 5510 1084 5546 τε
1117 5493 1212 5546 καὶ
1244 5495 1510 5561 φυσικῶς.

1908 4757 2069 4812 modo
2102 4759 2207 4812 erit
2257 4760 2652 4830 primogenitus
2703 4762 2857 4832 131
2897 4767 3075 4819 omnis
3111 4780 3379 4822 erratum:
3420 4771 3513 4821 ‘7‘!

1913 4847 2188 4904 Prteterea
2221 4853 2263 4905 si
2300 4855 2365 4905 ad
2416 4854 2771 4908 imitationem
2824 4856 2934 4909 veri
2991 4868 3042 4911 et
3088 4860 3349 4912 naturalis
3393 4860 3511 4914 Filii

1914 4952 2225 4997 statuuntur
2253 4946 2419 4999 etiam
2468 4945 2500 4999 ii
2532 4947 2620 5015 qui
2664 4962 2759 5016 per
2789 4949 3021 5016 gratiam
3051 4962 3197 5013 sunt,
3240 4955 3511 5019 quomodo

1912 5046 2073 5088 erunt
2106 5036 2157 5089 hi
2196 5038 2404 5105 priores
2434 5056 2500 5092 eo
2525 5041 2617 5109 qui
2657 5041 2979 5095 naturaliter
3004 5053 3088 5095 est
3118 5043 3328 5097 Filius?
3358 5047 3509 5113 ltetn,

1912 5128 1956 5180 si
1977 5129 2393 5199 participatione
2418 5130 2538 5185 Filii
2562 5148 2657 5201 per
2676 5134 2854 5202 ipsum
2874 5135 3219 5203 adoptantur,
3237 5140 3514 5205 quomodo

1910 5220 1959 5273 id
1992 5224 2136 5289 quod
2172 5224 2444 5291 particeps
2476 5224 2537 5278 ﬁt
2566 5225 2716 5292 prius
2747 5226 2851 5279 erit
2882 5241 2946 5280 eo
2996 5229 3139 5295 quod
3189 5230 3507 5298 participem

1910 5314 2081 5366 facit?
2116 5314 2399 5380 Quomodo
2446 5327 2626 5371 autem
2679 5332 2785 5372 non
2831 5320 2901 5372 sit
2930 5320 3274 5387 praestantior
3326 5322 3371 5375 is
3418 5325 3508 5391 qui

1909 5406 2114 5473 primus
2150 5407 2201 5459 id
2232 5418 2561 5464 consecutus
2590 5420 2694 5474 est,
2723 5428 2885 5479 quam
2917 5413 3099 5467 multa:
3126 5414 3507 5482 generationes

1908 5500 2556 5555 subsecutaa?C:eterum
2619 5504 2734 5559 batc
2780 5506 3123 5561 absurditate
3182 5507 3501 5576 plenissima

211 5597 362 5639 sunt.
403 5585 762 5639 lutmutahilis
816 5586 999 5654 itaque
1032 5595 1113 5640 cst
1163 5584 1353 5650 Filius,
1400 5604 1504 5640 non
1542 5604 1635 5657 per
1681 5592 1935 5658 gratiam,
1978 5606 2153 5660 neque
2188 5606 2253 5645 ex
2328 5594 2605 5649 additione
2670 5597 2784 5651 sive
2852 5596 3169 5653 accessione
3216 5595 3395 5669 aliqua
3425 5598 3504 5653 si-

213 5675 571 5729 militudinem
601 5691 724 5728 cum
775 5676 934 5731 Patre
969 5686 1180 5742 unctus,
1211 5680 1301 5733 sed
1346 5681 1713 5735 esscntialitcr
1743 5694 1794 5735 et
1840 5684 2179 5739 naturaliter.

288 5851 512 5907 “Joau.
550 5871 679 5921 xm,
710 5857 758 5911 5.
840 5859 1047 5914 “Psal.
1096 5877 1281 5925 Luat,
1318 5862 1370 5915 (ἶ.
1442 5863 1485 5894 ⁸⁷
1515 5862 1721 5919 Coloss.
1762 5882 1799 5931 ι,
1840 5866 1917 5919 l3.
