4024 6460
338 465 445 519 E23:

1763 460 1851 513 Tll
1862 458 2202 517 ESA‘CRUS.

3525 461 3633 515 226

335 579 713 651 τασκιύή.Τίς
747 577 855 647 γὰρ
891 579 997 631 τῶν
1032 576 1091 632 εὖ
1125 577 1466 647 φρονούντων
1491 577 1595 629 οὐκ
1616 574 1681 629 ἂν
1706 576 1929 639 εἰκότως

2043 589 2190 631 recte
2224 578 2465 631 sentiens
2502 592 2607 632 non
2638 574 2959 645 ingemiscat
2990 589 3051 629 ac
3080 574 3281 638 doleat,
3312 588 3404 627 eos
3438 573 3487 627 in
3517 583 3635 627 lan-

338 670 738 738 ὲπιστυγνάσαι
774 672 886 733 τοῖς
928 670 1008 733 είς
1040 668 1307 737 τοσαύτην
1338 668 1759 738 ὲμπεπτωκόσιν
1786 668 1929 735 ἅμα·

338 760 498 823 θίανς
539 760 637 822 Τίς
669 759 725 811 δὲ
754 760 815 811 οὐ
848 759 1119 829 θρηνήσαι
1144 760 1271 821 τοὺς
1301 760 1379 820 είς
1409 758 1678 826 τοσαύτην
1712 756 1931 826 ὀλισθή-

340 866 545 913 σαντας
579 849 863 914 ἀϐουλίανς
903 849 963 903 Εί
992 849 1102 917 γὰρ
1133 848 1384 918 ἀνόμοιός
1415 850 1531 901 ἐστι
1556 850 1675 901 κατ’
1696 848 1885 901 οὐσίαν
1907 848 1933 897 ὁ

341 938 471 999 Υἱὸς
503 938 580 1006 τῷ
610 939 804 1009 Πατρὶ,
834 940 1015 1007 ὅμοιος
1039 938 1096 990 δὲ
1132 939 1275 991 κατὰ
1303 938 1364 990 τὸ
1393 932 1553 1001 εἷδος,
1586 938 1804 1007 πρῶτον
1834 937 1933 1005 μὲν

338 1033 559 1102 ἀνάγκη
590 1032 767 1102 λέγειν
801 1034 865 1085 ὲκ
899 1032 1169 1101 διαφόρων
1198 1032 1519 1099 συγκεῖσθαι
1549 1031 1640 1084 τὸν
1667 1031 1815 1093 Υἱὸν,
1841 1030 1933 1082 καὶ

338 1122 521 1185 τοῦτο,
557 1124 806 1193 ἀλλήλοις
843 1123 974 1175 πολὺ
1010 1123 1329 1192 μαχομένων
1363 1123 1458 1174 καὶ
1488 1122 1743 1184 ἐναντίως
1779 1122 1933 1191 ὲχόνν·

337 1230 468 1275 των,
497 1213 592 1265 τοῦ
641 1213 849 1283 ὁμοίου,
878 1216 1041 1284 φημὶ,
1077 1214 1172 1267 καὶ
1210 1213 1303 1265 τοῦ
1340 1214 1624 1282 ἀνομοίων
1660 1212 1804 1282 ἅπερ
1836 1212 1933 1264 ἁλ-

338 1304 522 1375 λήλοις
555 1304 679 1358 καθ’
706 1304 765 1357 ἓν
797 1322 847 1357 τι
884 1306 942 1357 τὸ
976 1305 1339 1372 ὑποκείμενον
1363 1302 1573 1373 ἄμικτα
1602 1302 1660 1355 τέ
1694 1305 1810 1354 ἐστι
1838 1302 1933 1353 καὶ

338 1396 654 1466 ἀσύμϐατα.
680 1397 788 1451 Καὶ
815 1398 863 1449 εἰ
894 1397 1034 1449 κατά
1060 1415 1109 1449 τι
1142 1395 1499 1467 προσεοικὼς,
1542 1396 1638 1463 οὐχ
1664 1394 1782 1456 ὅλος
1816 1392 1933 1445 ἐστὶ

339 1488 480 1556 φῶς,
510 1489 626 1542 ἀλλ’
658 1489 780 1542 οὐδὲ
824 1490 943 1552 ὅλος
976 1489 1224 1559 ἀλήθεια,
1260 1489 1381 1541 οὐδὲ
1432 1488 1589 1555 φύσει
1620 1487 1769 1550 Θεὸς.
1800 1483 1932 1539 Εἶτα

338 1581 480 1651 πρὸς
501 1580 676 1650 τούτῳ
704 1581 798 1634 καὶ
824 1583 904 1643 είς
928 1582 1089 1633 αὑτὸν
1114 1581 1433 1651 διαϐήσεται
1452 1580 1545 1633 τὸν
1566 1579 1933 1649 γεγεννηκότα

336 1668 440 1737 τῆς
488 1669 799 1738 δυσφημίας
849 1671 909 1722 τὸ
948 1670 1336 1739 βάρος.Ἔσται
1368 1670 1477 1739 γὰρ
1509 1672 1640 1739 ἡμῖν
1681 1669 1933 1731 σύνθετος

338 1759 434 1813 καὶ
474 1760 633 1823 αὐτὸς
668 1763 695 1811 ὁ
722 1760 910 1831 Πατὴρ
946 1759 1007 1812 ἐκ
1036 1778 1093 1812 τε
1122 1760 1311 1823 οὐσίας
1338 1761 1431 1813 καὶ
1455 1764 1745 1829 νοήματος,
1774 1761 1932 1831 εἴπερ

338 1850 484 1904 κατὰ
514 1851 612 1921 μὲν
638 1850 729 1903 τὸν
752 1851 848 1921 τῆς
876 1851 1063 1913 οὐσίας
1085 1851 1243 1918 λόγον
1271 1852 1524 1921 ἀνόμοιός
1548 1853 1663 1903 ἐστι
1694 1852 1771 1921 τῷ
1794 1849 1927 1919 Υίῷ,

335 1946 521 2011 ὅμοιος
559 1942 616 1996 δὲ
648 1942 791 1995 κατὰ
817 1944 916 2013 τὴν
950 1942 1179 1997 ἔννοιαν.
1219 1943 1339 2005 Πῶς
1371 1938 1464 1996 οὖν
1496 1945 1522 1994 ό
1554 1944 1742 2013 Πατὴρ
1776 1946 1929 2012 εὑρε-

2041 1937 2316 1990 dissimilis
2347 1936 2396 1991 ei
2424 1947 2507 1990 est
2543 1937 2708 1991 Filius
2748 1955 2762 2000 ;

334 2034 565 2103 θήσεται
600 2033 707 2085 τῶν
756 2034 971 2087 πάντων
1021 2034 1189 2105 ἀρχὴ,
1223 2034 1477 2098 σύνθετος
1519 2034 1593 2087 ὢν
1639 2034 1760 2087 καθ’
1787 2036 1930 2104 ὑμᾶς

336 2126 433 2178 καὶ
487 2126 585 2193 οὐχ
636 2124 878 2190 ἀπλοῦς;
917 2125 1110 2178 Καίτοι
1142 2126 1242 2195 τῆς
1283 2126 1459 2197 ἀρχῆς
1506 2127 1656 2179 οὐδὲν
1694 2143 1927 2197 προεπι-

335 2216 575 2269 νοείσθαι
625 2216 869 2270 δύναται.
908 2206 1151 2287 Μηδενὸς
1200 2218 1257 2270 δὲ
1302 2218 1802 2289 προεπινοουμένου
1832 2219 1929 2289 τῆς

334 2308 531 2377 ἀρχῆς,
569 2307 866 2377 οὐδαμόθεν
904 2309 1041 2379 αὐτῇ
1074 2308 1134 2360 τὸ
1168 2309 1420 2363 σύνθετον
1468 2311 1925 2380 προσγενήσεται.

350 2398 610 2470 Ἐπείπερ
632 2400 699 2453 τὰ
732 2398 961 2452 σύνθετα
994 2399 1214 2463 σύνοδός
1238 2418 1322 2465 τις
1352 2402 1457 2453 τῶν
1480 2401 1665 2453 ἁπλῶν
1696 2403 1927 2472 ἐργάζε-

325 2504 446 2541 Ἰται.
490 2490 836 2560 Πανταχόθεν
863 2491 1152 2562 τοιγαροῦν
1190 2492 1474 2561 όρωμένης
1503 2492 1601 2560 τῆς
1627 2492 1684 2543 ἐν
1717 2491 1926 2555 τούτοις

335 2582 588 2644 ἀτοπίας,
622 2583 927 2652 σαθροτάτη
979 2583 1077 2651 μὲν
1120 2582 1273 2635 ἔσται
1322 2586 1436 2644 τοῖς
1474 2583 1861 2652 χριστομόιχοις
1894 2584 1925 2651 ἡ

336 2672 624 2743 πρότασις.
646 2672 1053 2743 Ἀναιρεθείσης
1081 2674 1137 2725 δὲ
1165 2673 1263 2741 τῆς
1286 2676 1342 2725 ὲν
1361 2672 1570 2735 τούτοις
1592 2673 1922 2743 δυσφημίας,

334 2767 518 2835 ὅμοιος
548 2766 700 2817 ἔσται
740 2765 861 2816 κατ’
883 2764 1069 2816 οὐσίαν
1097 2765 1124 2816 ό
1150 2764 1276 2827 Υἱὸς
1304 2764 1381 2833 τῷ
1405 2764 1601 2834 ﬂat-pi,
1630 2763 1925 2831 οὐδαμόθεν

332 2858 436 2925 τῆς
472 2858 606 2928 πρὸς
640 2858 805 2910 αὑτὸν
838 2858 1073 2925 φυσικῆς
1106 2857 1421 2926 ὁμοιότητος
1449 2854 1833 2924 eamea-3pm;

1025 3139 1229 3192 ΔΛΛΟ.

408 3256 469 3309 Εἰ
504 3254 581 3326 μὴ
625 3255 747 3307 κατ’
775 3252 963 3307 οὐσίαν
997 3253 1181 3323 ὅμοιός
1225 3256 1372 3306 ἐστιν
1405 3256 1433 3306 ὁ
1462 3253 1587 3315 Υἱὸς
1622 3253 1698 3322 τῷ
1728 3254 1924 3322 Πατρὶ,
1956 3287 1997 3343 C

328 3344 507 3417 μόνης
538 3344 595 3397 δὲ
624 3343 722 3411 τῆς
754 3343 961 3408 ἑννοίας
996 3344 1163 3398 αὑτοῦ
1198 3346 1484 3417 χαρακτὴρ
1508 3344 1694 3417 ὥσπερ
1725 3364 1806 3410 τις
1831 3346 1925 3399 καὶ

332 3434 521 3499 εἰκὼν,
556 3434 767 3488 τελείαν
815 3429 959 3505 ἔχειν
991 3436 1126 3507 πρὸς
1161 3437 1324 3489 αὐτὸν
1352 3437 1645 3507 ὁμοιότητα
1675 3438 1736 3489 οὐ
1762 3438 1925 3491 δύνα-

332 3542 423 3580 ται
447 3541 459 3555 ·
502 3526 689 3595 imas
714 3526 807 3579 καὶ
832 3527 992 3596 ἡμεῖς
1022 3527 1142 3579 κατ’
1174 3527 1359 3580 είκόνα
1388 3528 1673 3595 γεγονότες
1702 3528 1795 3582 τοῦ
1815 3531 1924 3599 Δη-

336 3618 623 3689 μιουργοῦ,
654 3618 774 3670 τότε
810 3614 1054 3689 μάλιστα
1095 3619 1253 3672 τοῦτο
1299 3619 1602 3689 φαινόμεθα
1637 3618 1922 3684 σώζοντες,

332 3712 424 3763 ὅτε
456 3709 557 3779 τῆς
594 3708 865 3777 θειότητος
910 3707 1075 3761 αὑτοῦ
1127 3708 1344 3779 μέτοχοι
1384 3709 1657 3779 γινόμενοι
1700 3710 1788 3762 διὰ
1830 3709 1923 3762 τοῦ

332 3800 667 3864 ἐνοικοῦντος
710 3802 845 3871 ἡμῖν
878 3801 1034 3869 ἁγίου
1068 3800 1405 3870 Πνεύματος,
1444 3803 1580 3872 πρὸς
1628 3802 1726 3873 τὴν
1774 3802 1924 3855 θείαν

337 3893 699 3965 μορφούμεθα
742 3892 923 3961 φύσιν.
952 3893 1061 3946 Καὶ
1104 3893 1235 3957 γοῦν
1265 3896 1314 3947 οἱ
1349 3894 1517 3965 μήπω
1563 3896 1925 3965 μετασχόντες

334 3983 522 4045 αὐτοῦ,
550 3984 704 4036 οὔπω
732 3984 1046 4055 σύμμορφοι
1075 3983 1449 4055 καθεστήκασι
1479 3984 1580 4053 τῆς
1602 3985 1809 4049 εἰκόνος
1829 3986 1922 4039 τοῦ

334 4076 467 4129 Υίοῦ
499 4075 684 4128 αὑτοῦ.
718 4074 781 4128 Et
815 4076 992 4130 τοίνυν
1039 4077 1243 4148 φυσικὴ
1283 4076 1381 4147 μὲν
1411 4078 1666 4147 ὁμοιότης
1699 4078 1925 4147 οὐδεμία

334 4167 429 4220 τοῦ
457 4166 671 4237 Πατρδς
697 4167 754 4219 ὲν
782 4166 917 4237 Υἰῷ,
952 4166 1104 4236 μόνοι
1122 4166 1179 4220 δὲ
1206 4167 1307 4236 τῆς
1338 4168 1544 4231 ἑννοίας
1570 4170 1618 4221 οἱ
1644 4168 1927 4240 χαρακτῆ-

339 4272 431 4325 ρες
478 4254 853 4324 ἑμφαίνονται,
882 4256 981 4325 οὐχ
1025 4255 1138 4321 ἕξει
1188 4256 1249 4309 τὸ
1299 4258 1521 4321 τελείως
1552 4260 1756 4329 ὅμοιον,
1790 4261 1926 4330 ὅπερ

334 4345 451 4397 ἐστὶ
484 4346 581 4398 καὶ
609 4345 789 4413 μόνον,
814 4347 1014 4398 ἐννοεῖν
1044 4345 1330 4400 ἀπίθανον.
1366 4348 1492 4411 Πῶς
1526 4351 1633 4419 γάρ
1658 4353 1807 4403 ἐστιν
1839 4351 1926 4403 ῐσα

334 4434 485 4505 Θεῷς
520 4436 584 4489 Et
618 4436 673 4488 δὲ
702 4436 861 4489 τοῦτο
908 4437 1129 4500 ἄτοπον,
1160 4440 1429 4509 κρατήσει
1459 4440 1566 4511 ἄρα
1612 4442 1673 4493 τὸ
1717 4442 1923 4513 ἕτερον,

334 4528 473 4597 ὅπερ
504 4530 622 4581 ἐστὶ
656 4530 751 4581 καὶ
785 4528 1149 4601 ἀληθέστερον
1170 4547 1183 4563 ·
1223 4531 1305 4583 ὅτι
1337 4532 1437 4601 τῆς
1464 4531 1556 4584 τοῦ
1585 4534 1799 4605 Πατρὸς
1836 4535 1927 4586 οὐ·

2045 680 2149 722 tam
2180 671 2510 724 dementiam
2534 667 2864 724 devenisse?
2889 666 3021 734 Quis
3053 684 3158 722 non
3194 667 3520 720 lamentetur
3539 682 3634 722 cos

2043 763 2095 814 in
2150 770 2354 815 tantam
2393 760 2591 828 ingenii
2628 759 2915 828 caliginem
2956 758 3259 829 cecidisse?
3285 755 3419 811 Nam
3454 760 3496 811 si
3540 757 3632 812 Fi-

2043 853 2145 907 lius
2166 853 2445 906 dissimilis
2479 862 2562 905 est
2590 852 2891 906 secundum
2913 851 3209 905 essentiam
3272 850 3440 914 Patri,
3476 849 3633 904 simi-

2042 943 2105 997 lis
2125 959 2253 998 τοινο
2284 944 2581 998 secundum
2617 943 2851 999 formam
2883 961 2895 996 :
2928 946 3161 1012 primum
3186 943 3403 1011 quidem
3439 958 3634 999 neces-

2040 1034 2244 1086 sarium
2272 1044 2372 1097 est,
2411 1045 2467 1086 ιιι
2501 1035 2746 1088 dicamus
2774 1033 2968 1087 Filium
3005 1049 3069 1104 es
3104 1034 3336 1087 diversis
3394 1050 3625 1102 compo-

2040 1123 2204 1176 situm
2268 1138 2421 1187 esse,
2482 1135 2644 1191 atque
2698 1125 2765 1177 iis
2816 1123 3032 1191 quidem
3088 1123 3315 1177 multum
3381 1125 3521 1179 inter
3574 1140 3634 1179 se

2042 1215 2422 1282 pugnantibus,
2457 1221 2512 1267 et
2547 1214 2861 1278 contrariis,
2901 1213 3066 1268 simili
3100 1214 3357 1268 nimirum
3410 1224 3464 1275 et
3517 1216 3631 1270 dis-

2041 1302 2236 1367 simili;
2276 1318 2394 1372 qua:
2416 1304 2633 1373 quidem
2670 1305 2812 1358 inter
2849 1319 2907 1358 se
2941 1307 2991 1358 in
3022 1306 3210 1360 eodem
3247 1306 3493 1371 subjecto
3532 1308 3632 1359 mi-

2040 1392 2179 1446 sceri
2243 1394 2512 1463 simulque
2533 1396 2790 1462 congredi
2818 1412 2923 1451 non
2962 1406 3209 1466 possunt.
3239 1399 3301 1451 Et
3330 1400 3377 1454 si
3451 1401 3628 1469 aliqua

2044 1495 2251 1537 tantum
2280 1500 2345 1538 ex
2388 1497 2541 1555 parte
2573 1498 2657 1541 est
2684 1488 2902 1553 similis,
2967 1504 3071 1543 non
3152 1500 3301 1545 totus
3365 1492 3467 1544 erit
3511 1492 3629 1553 lux,

2042 1590 2220 1642 neque
2247 1584 2387 1629 totus
2416 1578 2638 1640 veritas,
2683 1592 2857 1647 neque
2887 1591 3078 1632 natura
3117 1581 3275 1634 Dens.
3340 1579 3629 1650 Propterea

2042 1667 2394 1736 blasphemia:
2427 1669 2583 1737 hujus
2616 1671 2932 1739 magnitudo
2950 1673 3014 1725 ad
3048 1670 3266 1727 Patrem
3302 1675 3465 1728 etiam
3500 1689 3627 1743 per-

2044 1758 2235 1827 tiuget.
2267 1758 2617 1828 Compositus
2645 1762 2788 1813 enim
2829 1761 2937 1814 erit
2989 1763 3149 1816 etiam
3211 1764 3326 1832 ipse
3370 1763 3530 1819 Pater
3562 1781 3628 1819 ex

2042 1848 2279 1902 essentia
2312 1858 2366 1902 et
2391 1848 2761 1917 cogitatione:
2796 1850 3061 1921 siquidem
3115 1855 3368 1908 essentia:
3420 1854 3630 1925 ratione

2830 1939 3021 1993 similis
3078 1956 3206 1997 vero
3270 1945 3625 2014 cogitatione.

2033 2028 2152 2094 Quo
2212 2038 2370 2094 pacto
2431 2029 2595 2097 igitur
2644 2028 2808 2083 Pater
2853 2031 3168 2087 censebitur
3214 2049 3337 2090 esse
3384 2038 3627 2091 omnium

2032 2118 2377 2186 principium,
2402 2134 2521 2173 cum
2542 2120 2611 2175 sit
2642 2123 2976 2191 compositus
3000 2126 3299 2180 secundum
3329 2143 3423 2191 vos
3446 2141 3498 2181 et
3523 2146 3627 2184 non
3656 2156 3659 2161 -

2032 2210 2286 2280 simplex?
2315 2210 2478 2279 Atqui
2511 2214 2787 2281 principio
2814 2216 3116 2285 nihilprius
3157 2218 3381 2289 intelligi
3419 2231 3622 2288 potest.
3662 2287 3664 2293 ν

2029 2304 2162 2358 Cum
2193 2320 2322 2361 vero
2346 2306 2476 2359 nihil
2504 2308 2653 2374 prius
2684 2308 2843 2379 135
2869 2311 3141 2381 principio
3170 2313 3391 2382 intelligi
3434 2316 3626 2384 possit,

2032 2393 2173 2446 nulla
2204 2405 2352 2447 certe
2388 2396 2603 2450 ratione
2630 2400 2967 2465 compositus
3026 2400 3131 2453 dici
3186 2411 3385 2469 potest.
3435 2400 3626 2471 Siqui-

2030 2482 2151 2537 dem
2181 2499 2505 2553 cougrcssus
2535 2489 2753 2554 quidam
2782 2488 3108 2556 simplicium
3137 2492 3623 2564 compositumeﬂl-

2029 2576 2121 2628 cit.
2157 2575 2291 2628 Cum
2324 2578 2508 2644 itaque
2534 2578 2763 2632 istorum
2794 2580 3107 2636 absurditas
3151 2585 3297 2637 omni
3356 2600 3420 2638 ex
3478 2598 3628 2653 parte

2030 2679 2151 2719 sese
2188 2668 2401 2735 prodat,
2438 2668 2734 2722 foedissima
2772 2685 2903 2723 sane
2958 2670 3160 2727 Christi
3202 2675 3435 2729 hostium
3498 2692 3622 2745 pro-

2029 2758 2226 2823 positio
2244 2760 2518 2813 censenda
2549 2768 2653 2813 est.
2695 2760 2937 2816 Sublatis
2972 2778 3100 2817 vero
3160 2766 3314 2821 hisce
3368 2768 3623 2835 blasphe-

2031 2850 2173 2910 miis,
2204 2850 2400 2905 similis
2431 2852 2536 2905 erit
2566 2854 2865 2906 secundum
2902 2856 3201 2909 essentiam
3248 2854 3415 2911 Filius
3451 2858 3623 2922 Patri,

2034 2942 2177 2993 nulla
2214 2943 2469 2997 rationea
2500 2945 2729 2998 naturali
2760 2960 2883 2999 cum
2910 2948 3024 3017 ipso
3048 2948 3407 3002 similitudine
3437 2950 3624 3004 exclu-

2030 3048 2139 3089 SllS.

2707 3150 2937 3208 ALIUD.

2110 3261 2163 3316 Si
2208 3262 2371 3319 Filius
2413 3281 2516 3320 non
2560 3274 2642 3321 est
2693 3267 2992 3322 secundum
3052 3272 3347 3325 essentiam
3422 3274 3619 3330 similis

2033 3356 2203 3421 Patri,
2229 3360 2322 3411 sed
2375 3343 2583 3412 tantum
2642 3359 2939 3413 character
2971 3358 3191 3427 quidam
3226 3375 3389 3431 atque
3447 3364 3624 3435 imago

2031 3448 2199 3518 ipsius
2221 3450 2588 3519 cogitationis,
2626 3449 2924 3520 perfectam
2976 3467 3096 3505 cum
3156 3453 3274 3521 ipso
3311 3456 3623 3511 similitudi-

2033 3556 2155 3595 nem
2188 3542 2387 3595 habere
2419 3558 2523 3596 non
2550 3551 2757 3612 potest;
2820 3544 3086 3610 siquidem
3180 3547 3344 3599 etiam
3405 3565 3502 3602 nos
3555 3552 3623 3605 ad

2032 3631 2318 3699 imaginem
2351 3634 2628 3688 Creatoris
2667 3635 2815 3699 iacti,
2848 3648 2973 3690 tunc
3027 3638 3263 3693 maxime
3314 3656 3432 3694 eam
3496 3659 3625 3696 rou-

2030 3738 2248 3778 servare
2275 3726 2571 3787 cernimur,
2604 3728 2822 3794 quando
2844 3727 3148 3784 divinitatis
3180 3745 3295 3785 sua:
3331 3734 3622 3803 participes

2029 3814 2229 3879 cil‘ecti,
2268 3816 2551 3870 habitante
2581 3819 2634 3871 in
2669 3819 2825 3874 nobis
2853 3822 3060 3888 Spiritu
3112 3835 3304 3879 sancto
3347 3828 3412 3879 ad
3475 3830 3618 3880 divi-

2031 3922 2156 3959 nam
2182 3918 2429 3961 naturam
2452 3906 2826 3963 efformamur.
2862 3911 3069 3967 idcirco
3092 3917 3182 3984 qui
3231 3919 3470 3972 nonduin
3502 3920 3622 3986 ejus

2030 3998 2323 4066 participes
2377 4008 2502 4052 sunt
2546 3998 2757 4065 eﬂ‘ecti,
2826 4006 3063 4059 nondum
3120 4008 3433 4065 conformes
3481 4010 3609 4066 facti

2039 4099 2167 4141 sunt
2197 4089 2416 4158 imagini
2450 4086 2571 4143 Filii
2611 4091 2802 4159 ipsius.
2826 4092 2881 4145 Si
2910 4107 3040 4162 ergo
3070 4096 3212 4148 nulla
3243 4106 3325 4151 est
3360 4100 3620 4153 naturalis

2030 4180 2326 4235 similitudo
2373 4179 2553 4235 Patris
2607 4182 2658 4235 in
2719 4181 2880 4248 Filio,
2934 4188 3031 4239 sed
3082 4189 3212 4242 nudi
3271 4192 3620 4261 cogitationis

2030 4274 2375 4328 characteres
2415 4275 2464 4327 in
2504 4274 2621 4342 ipso
2687 4287 2974 4345 apparent,
3037 4291 3186 4333 certe
3255 4283 3450 4337 similis
3512 4301 3617 4339 non

2038 4364 2147 4417 erit
2174 4405 2186 4425 ,
2220 4366 2361 4433 quod
2391 4366 2471 4419 vel
2501 4366 2612 4421 sola
2642 4368 2969 4436 cogitatione
2995 4370 3288 4425 absurdum
3313 4384 3417 4427 est.
3473 4374 3619 4441 Quo-

2032 4458 2188 4510 modo
2206 4472 2335 4525 ergo
2367 4472 2471 4511 non
2506 4460 3079 4525 rapinam,arbitratus
3100 4473 3184 4517 est
3213 4480 3333 4519 esse
3358 4481 3588 4536 seasqna
3606 4499 3619 4509 -

2030 4547 2134 4601 lcm
2167 4548 2275 4601 Deo
2308 4548 2394 4601 '°?
2421 4550 2488 4603 At
2520 4552 2563 4604 si
2586 4552 2687 4605 hoc
2710 4552 3005 4607 absurdum
3035 4564 3139 4620 est,
3176 4560 3409 4611 alterum
3452 4560 3623 4630 igitur

339 4615 459 4678 σίας
494 4616 627 4669 αὐτὸ
658 4616 721 4684 δὴ
748 4616 808 4669 τὸ
842 4616 974 4671 ἴδιον
1018 4619 1281 4690 ὑπάρχων
1309 4623 1337 4674 ό
1366 4621 1517 4689 Υίδς,
1545 4623 1729 4692 ὅμοιος
1774 4624 1925 4677 ἔσται

2041 4638 2160 4692 illud
2192 4642 2479 4694 tenendum
2510 4653 2613 4705 εει,
2662 4645 2805 4711 quod
2846 4653 2899 4699 et
2923 4646 3136 4700 veritati
3188 4661 3617 4705 consentaneum

337 4707 432 4759 καὶ
462 4708 584 4759 κατ’
610 4708 799 4761 οὐσίαν
829 4709 999 4771 αὐτῷ.

352 5006 677 5087 Ἀπόδειξις
707 5008 1148 5093 ἀπὸθτῆςηθξίιξς
1182 5015 1451 5093 Γραφῇς,
1471 5016 1764 5093 ὅτιπερ-ἐκ
1785 5040 1921 5091 μετ-

408 5079 562 5146 οχῆς
602 5079 711 5145 τῆς
743 5079 890 5162 πρός
922 5081 986 5133 τὸ
1018 5083 1199 5147 θεῖον,
1227 5079 1602 5144 ’κατ”ἐίκόνα
1632 5079 1743 5170 iii!-
1778 5079 1929 5161 Ξτρὸς

409 5147 600 5225 αὑτὸν·
625 5153 1026 5217 μορφουμεθα.
1064 5154 1145 5225 03)
1174 5156 1288 5225 τὰρ
1315 5156 1609 5225 ἐξήρπασε
1640 5178 1712 5225 τῃ
1739 5166 1927 5219 αὑτοῦ

409 5164 600 5202 αυτον
625 5164 1026 5217 μορφουμεσα.
1064 5164 1145 5205 tm
1174 5164 1285 5222 γὰρ
1315 5164 1609 5225 ὲξήργεσε
1640 5164 1713 5227 τῇ
1739 5166 1927 5219 αὑτοῦ

410 5218 1142 5302 ἀνθρώπουᾷκᾳτασκεδυῇ,
1184 5224 1334 5292 πρὸς
1366 5229 1432 5302 τὸ
1464 5229 1786 5302 φαίνεσθαι
1826 5235 1926 5288 καί

408 5287 689 5410 mtuam
717 5290 919 5343 eixdra
950 5291 1054 5345 τοῦ
1088 5287 1507 5363 πεπὸιηᾶιότοξ,
1538 5302 1599 5351 τὸ
1631 5300 1698 5353 ὲν
1709 5287 1926 5372 μόναις

521 5359 696 5410 οἵαις.
733 5360 838 5410 τὸν
873 5362 1005 5410 περὶ
1038 5363 1225 5410 αὐτοῦ
1264 5364 1497 5410 κεῖσθαι
1535 5371 1738 5410 dem

521 5360 696 5422 οἵαις,
733 5360 838 5411 τὸν
873 5362 1005 5428 περὶ
1038 5363 1225 5415 αὑτοῦ
1264 5360 1499 5421 κεῖσθαι
1534 5360 1743 5438 .ldror'.

410 5495 573 5562 Λέγει
604 5510 703 5547 που
739 5494 945 5558 Παῦλος
971 5514 981 5525 ·
1014 5496 1077 5549 Et
1106 5496 1162 5549 δέ
1201 5515 1283 5562 τις
1315 5501 1533 5571 πνεῦμα
1558 5504 1797 5575 Χριστοῦ
1826 5511 1931 5565 οὐκ

344 5587 474 5659 εχει,
504 5582 657 5647 οὗτος
698 5588 795 5638 οὐκ
835 5587 979 5640 ἐστιν
1010 5590 1196 5644 αὑτοῦ.
1217 5591 1356 5643 Ἀλλ’
1391 5595 1546 5666 εἴπερ
1580 5595 1802 5667 ἐξήρκει
1834 5603 1928 5653 καὶ

344 5678 465 5748 δίχα
494 5680 591 5747 τῆς
626 5677 719 5729 τοῦ
753 5679 1063 5746 ιινεύματος
1101 5684 1334 5753 μετοχῆς
1366 5688 1482 5738 κατ’
1519 5690 1703 5741 εἰκόνα
1743 5694 1925 5760 φαῖνε-

412 5860 457 5893 ⁸⁰
488 5861 715 5931 I‘liihpp.
752 5878 810 5924 Il,
848 5865 900 5917 6.
977 5864 1019 5894 ⁵¹
1056 5865 1209 5920 Rom.
1253 5881 1371 5933 vui,
1404 5866 1456 5921 9.

2030 4740 2134 4793 est,
2175 4734 2317 4799 quod
2347 4731 2517 4787 Filius
2566 4751 2690 4789 cum
2748 4737 2817 4790 sit
2860 4738 2974 4807 ipsa
3032 4741 3336 4809 proprietas
3364 4745 3618 4799 essentiee

2032 4821 2231 4887 Patris,
2258 4823 2450 4878 similis
2480 4827 2644 4880 etiam
2674 4828 2723 4881 ei
2759 4829 2981 4884 omnino
3005 4831 3077 4884 sit
3100 4835 3395 4887 secundum
3434 4851 3621 4890 esseu-

2035 4914 2182 4966 tiam.

2041 5039 2720 5124 Deiizonstraiio_e_x_sac_ra
2756 5046 3056 5124 Scriptum,
3097 5054 3237 5124 quod
3282 5072 3374 5122 per
3398 5060 3618 5123 partici-

2106 5117 2373 5197 pationgn
2398 5116 2693 5170 divinitatis
2725 5121 2794 5197 ut!
2839 5116 3125 5197 finagr‘ncni
3196 5116 3361 5190 ipsius
3398 5116 3618 5197 'forme-

2108 5199 2245 5257 ritur.
2277 5182 2459 5257 Neque
2492 5203 2629 5253 enim
2668 5190 2798 5240 satis
2827 5189 2927 5257 fuit
2952 5182 3020 5242 ἷιιι
3045 5194 3100 5244 id
3151 5182 3223 5246 ιη’
3252 5182 3536 5251 videretur.
3566 5182 3616 5254 et

2104 5251 2253 5335 ﬁeret
2300 5251 2457 5335 homo
2483 5251 2654 5335 imago
2673 5251 2966 5335 creatoris,
2995 5263 3164 5315 solum
3190 5266 3254 5317 de
3290 5268 3401 5335 ipso
3428 5270 3479 5323 in
3527 5251 3616 5325 ni;

2110 5324 2311 5376 tellecta
2345 5324 2711 5393 cogitationem
2740 5331 2987 5396 exprimi.

2104 5522 2306 5577 Paulus
2339 5526 2536 5583 alicubi
2586 5530 2756 5600 inquit
2787 5549 2801 5586 :
2842 5553 2860 5585 ι
2901 5533 2954 5588 Si
2986 5535 3107 5598 quis
3136 5536 3385 5602 Spiritum
3411 5537 3615 5595 Christi

2030 5625 2138 5665 non
2174 5613 2356 5682 habet,
2389 5616 2477 5672 hic
2509 5620 2679 5689 ipsius
2712 5640 2815 5677 non
2842 5634 2924 5679 est
2971 5625 3035 5677 “.
3084 5644 3101 5676 ι
3132 5627 3195 5679 At
3224 5626 3267 5681 si
3295 5628 3457 5682 etiam
3491 5629 3619 5686 abs-

2032 5719 2137 5772 que
2170 5708 2588 5779 participatione
2652 5713 2907 5784 Spiritus,
2962 5717 3123 5771 homo
3178 5716 3244 5771 ad
3324 5718 3618 5790 imaginem
