4024 6484
241 503 348 561 ἳδὸ

1652 480 2099 542 THESAURUS.

3411 472 3517 527 εισι

244 610 488 678 ἐξουσίαν
517 628 575 663 τε
610 612 701 663 καὶ
729 609 981 680 δύναμιν,
1015 609 1128 670 πῶς
1159 606 1258 660 οὑκ
1295 602 1554 673 ἀληθινὴν
1589 601 1703 671 ἔχει
1727 599 1819 670 τὴν

1932 597 2023 651 bet
2057 593 2433 650 sanctiﬁcandi
2461 599 2816 662 potestatem,
2847 603 2950 656 quo
2985 596 3141 657 pacto
3191 600 3297 639 non
3335 599 3518 640 veram

243 703 379 771 πρὸς
401 701 562 756 αὑτὸν
589 701 878 769 ὁμοιότητα
898 717 910 763 ;

709 910 930 994 ΛΟΓ
938 906 1074 992 ΟΣ
1149 893 1274 990 ΙΔ’
1301 969 1320 987 .

240 1090 369 1141 Ἔτι
394 1087 528 1154 περὶ
550 1087 912 1155 ὁμοιότητος,
938 1077 1820 1155 :tpoxsqtéroppngoﬁ'1:065:89

314 1156 425 1225 γὰρ
467 1147 506 1208 ᾏ
555 1147 756 1222 Πατὴρ
775 1147 783 1152 ’
805 1147 957 1225 ζῳῆγ
978 1147 1112 1222 ’ἔχει
1138 1147 1153 1152 ’
1171 1147 1697 1225 ὲνξὲιψτῷκοῦτω·
1721 1147 1820 1225 regi

305 1215 400 1291 21;;
425 1226 535 1290 ΥΙῷ
579 1215 799 1278 δέδωκε
848 1215 998 1288 ζωὴν
1021 1215 1214 1289 ’ἔχειν
1239 1223 1308 1273 ἐν
1334 1219 1544 1291 ἐαυτῷ.
1584 1237 1606 1291 ι.
1639 1215 1820 1291 Τὸηδὲ

302 1283 725 1364 σὺναγὸμεινον
770 1297 838 1348 ἐκ
889 1283 1006 1346 τῶν
1054 1283 1663 1364 ἔτριῖογισμῶινηᾷζι
1706 1283 1818 1364 ζωὴ

303 1365 456 1418 κατὰ
478 1356 676 1433 ’φῦσιν
707 1366 879 1418 ἐστὶν
908 1368 938 1417 ό
973 1363 1125 1426 Υἱὸς,
1149 1356 1352 1428 ὥσπερ
1378 1356 1480 1412 aa!
1521 1361 1553 1412 ό
1577 1356 1815 1423 Πατὴρ,

301 1436 402 1489 καὶ
431 1435 531 1488 διὰ
559 1435 734 1489 τοῦτο
758 1435 979 1502 ὅμοιος.

486 1547 780 1612 Πρότασις
818 1547 896 1610 ὡς
942 1546 1011 1598 ἐκ
1051 1543 1170 1596 τῶν
1226 1540 1551 1611 Ἀρειανῶν.

302 1655 415 1710 Kal
452 1654 571 1714 πῶς
611 1654 676 1708 ἂν
712 1654 946 1719 δύναιτο,
1003 1655 1157 1722 φασὶ,
1204 1654 1322 1705 κατ’
1385 1651 1573 1705 οὐσίαν
1633 1651 1820 1720 ὅμοιος

231 1747 373 1806 εἶναι
405 1748 487 1816 τῷ
517 1748 689 1816 Πατρὶ
727 1749 753 1798 ὁ
788 1747 946 1811 Υἱός;
974 1747 1043 1798 Ἢ
1069 1745 1187 1809 πῶς
1214 1746 1315 1798 οὑκ
1361 1745 1513 1796 ἔσται
1562 1742 1678 1813 μετ’
1717 1742 1818 1794 αὑ-

229 1841 322 1893 τὸν
348 1842 376 1892 ό
403 1839 463 1903 ἐξ
499 1839 663 1891 αὑτοῦ
687 1837 973 1907 δεχόμενός
1002 1855 1074 1900 τι,
1095 1837 1236 1890 καθά
1265 1853 1426 1905 φησιν
1454 1834 1634 1897 αὑτός·
1659 1834 1820 1884 (Ὥσ-

1925 705 2045 746 cum
2073 690 2188 760 ipso
2214 688 2630 744 similitudinem
2660 687 2862 739 habere
2883 682 3236 738 censebitur?

2243 905 2828 997 ASSERTIO
2913 904 3182 991 XIV.

1923 1082 2002 1136 De
2031 1081 2376 1136 simih‘tudine
2394 1079 2569 1132 Patris
2598 1086 2647 1130 et
2675 1074 2832 1136 Filii,
2854 1074 3123 1142 proposito
3144 1074 3285 1124 dicto
3310 1088 3326 1124 :
3355 1068 3522 1142 {Sie-

1926 1154 1937 1164 ’
1993 1163 2049 1206 ut
2089 1154 2227 1206 enim
2276 1148 2438 1204 Pater
2466 1151 2628 1202 vitam
2665 1148 2815 1200 habet
2843 1146 2898 1198 in
2933 1138 3125 1212 seipse,
3162 1145 3238 1196 ita
3279 1150 3328 1193 et
3371 1138 3521 1191 Filio

1994 1223 2138 1276 dedit
2169 1223 2326 1274 vitam
2351 1221 2540 1272 habere
2563 1219 2616 1272 in
2655 1219 2825 1283 seipse
2863 1216 2928 1268 ⁶³.
2969 1235 2985 1265 ι
3054 1214 3295 1282 In/ermr
3339 1222 3520 1263 autem

1993 1309 2057 1345 ea:
2081 1291 2423 1360 syllogismis,
2455 1289 2593 1360 quod
2628 1290 2733 1340 vita
2791 1287 3078 1360 secundum
3131 1295 3380 1360 naturam
3444 1287 3522 1331 est

1996 1355 2175 1414 Filius
2219 1355 2378 1414 'sicut
2409 1355 2666 1420 et’Pater,
2697 1368 2851 1423 atque
2876 1355 2937 1408 ob
2969 1355 3022 1404 id
3050 1355 3261 1407 similis.

2462 1533 2694 1603 Objectio
2713 1531 3050 1584 Arianorum.

1995 1652 2066 1705 At
2089 1649 2380 1719 quomodo,
2410 1647 2682 1716 inquiunt,
2709 1645 2883 1714 possit
2916 1643 3083 1696 Filius
3143 1642 3337 1696 similis
3396 1653 3519 1695 esse

1926 1744 2074 1798 Patri
2109 1743 2409 1798 secundum
2441 1738 2776 1796 essentiam?
2803 1739 2907 1790 Aut
2931 1736 3201 1805 quomodo
3256 1749 3360 1787 non
3413 1733 3521 1787 erit

1927 1835 2197 1904 posterior
2233 1833 2324 1887 illo
2365 1835 2409 1887 is
2434 1832 2524 1901 qui
2559 1845 2625 1885 ex
2662 1829 2779 1898 ipso
2817 1827 3021 1896 aliquid
3051 1825 3283 1895 accepit,
3322 1838 3518 1893 quem-

231 1951 336 2003 περ
361 1933 474 2002 γὰρ
503 1935 531 1984 ὁ
571 1931 753 2004 Πατὴρ
792 1930 902 2000 ἔχει
937 1929 1084 2000 ζωὴν
1113 1931 1171 1982 ὲν
1199 1928 1396 1999 ἐαυτῷ,
1428 1927 1572 1982 οὑτω
1609 1928 1704 1980 καὶ
1744 1926 1819 1995 τῷ

1931 1925 2217 1981 admodum
2268 1925 2382 1994 ipse
2435 1923 2664 1991 inquit:
2712 1921 2910 1974 «Sicut
2961 1920 3106 1972 enim
3155 1916 3316 1970 Pater
3358 1916 3521 1970 habet

233 2023 345 2094 Υιῷ
371 2023 574 2076 δέδωκε
603 2023 746 2093 ζωὴν
773 2021 913 2091 ἔχειν
935 2024 991 2074 ὲν
1013 2023 1186 2088 ἐαυτῷ
1218 2040 1230 2086 ;
1262 2033 1284 2070 ἰ

731 2220 884 2288 Πρὸς
917 2219 1091 2272 τοῦτο
1127 2221 1326 2285 λύσις.

300 2335 493 2400 Οὑδὲν,
526 2329 570 2386 ὦ
611 2333 896 2403 βέλτιστοι,
937 2337 1035 2404 τὴν
1086 2333 1272 2386 οὑσῖαν
1303 2332 1550 2402 ἀδικήσει
1583 2331 1675 2385 τοῦ
1720 2332 1822 2385 Λό-

230 2440 348 2490 γου,
382 2425 444 2476 τὸ
466 2423 716 2492 δέχεσθαέ
745 2442 796 2476 τι
827 2424 977 2492 παρὰ
1003 2424 1098 2476 τοῦ
1141 2422 1376 2495 Πατρός.
1405 2424 1479 2477 Οὑ
1519 2424 1628 2494 γὰρ
1655 2425 1713 2477 ὲν
1739 2422 1819 2493 τῷ

229 2515 489 2586 δέχεσθαι
513 2516 574 2567 τὸ
595 2511 735 2568 εἶναι
763 2515 898 2584 ἔχει,
932 2515 1068 2568 ἀλλὰ
1101 2515 1176 2568 ὣν
1207 2517 1301 2569 καὶ
1331 2516 1593 2587 ὑπάρχων
1630 2515 1820 2587 πρότε-
1846 2539 1852 2552 ι

233 2609 347 2677 ροῆ
381 2606 604 2675 δέχεταί
637 2624 708 2659 τι.
761 2607 872 2659 Καὶ
905 2605 1039 2659 καθὸ
1079 2609 1143 2659 ὲκ
1194 2607 1410 2676 Πατρὸς
1444 2607 1690 2676 φυσικῶς
1725 2626 1818 2677 γε-

231 2697 586 2766 γεννημένος,
641 2697 904 2766 ἐπάγεται
953 2698 1132 2750 πάντα
1187 2697 1256 2751 τὰ
1307 2699 1411 2752 ἴδια
1459 2699 1552 2753 τοῦ
1584 2702 1814 2769 Πατρός.

233 2788 448 2858 ’Ὠσπερ
479 2787 545 2841 ἃν
574 2790 623 2840 ει
646 2788 739 2840 καὶ
770 2787 831 2841 τὸ
866 2789 978 2858 φῶς
1002 2790 1060 2853 ἐξ
1089 2789 1236 2858 ἡλίου
1265 2789 1545 2860 προελθὸν,
1573 2790 1819 2860 δέχεσθαί

231 2897 284 2932 τι
314 2879 529 2948 λέγοιτο
587 2881 714 2952 παρ’
750 2880 939 2948 αὑτοῦ,
979 2882 1277 2951 ἐπειδήπερ
1313 2884 1420 2935 πᾶν
1474 2883 1612 2950 ὅπερ
1673 2883 1820 2935 ἐστὶν

232 2973 291 3024 ἐν
320 2973 491 3042 αὐτῷ,
529 2972 689 3024 τοῦτο
721 2972 970 3040 φαίνεται
1013 2972 1106 3025 τοῦ
1138 2974 1391 3037 τεκόντος
1427 2973 1606 3042 ἡλίου,
1635 2975 1728 3026 καὶ
1757 2973 1819 3025 οὑ

231 3065 426 3133 δήπου
455 3064 544 3117 τὸν
577 3065 726 3134 ἣλιον
761 3065 866 3134 πρὸ
906 3063 998 3117 τοῦ
1040 3065 1474 3134 ἀπαυγάσματος
1510 3061 1649 3119 εἶναι
1689 3083 1819 3131 κατέ

233 3159 559 3227 αναγκάσει,
577 3158 637 3210 τὸ
668 3159 766 3228 τὴν
787 3157 844 3221 ἐξ
870 3157 1033 3211 αὑτοῦ
1067 3156 1362 3227 προϊοῦσαν
1395 3157 1665 3227 ἔκλαμψιν
1681 3157 1817 3246 ἁμε-

1927 2020 2090 2072 vitam
2115 2018 2166 2070 in
2193 2017 2392 2086 seipse,
2429 2017 2500 2069 ita
2543 2025 2596 2069 et
2629 2013 2766 2066 Filio
2798 2011 2946 2066 dedit
2995 2011 3197 2066 habere
3247 2008 3416 2062 vitam
3461 2007 3516 2060 in

1925 2110 2134 2179 seipso?
2164 2129 2180 2158 ι

2453 2220 2662 2275 Salutio
2684 2217 3014 2286 objectionis.

1996 2338 2162 2406 Nihil,
2191 2355 2223 2392 ο
2246 2336 2371 2392 boni
2409 2335 2532 2399 viri,
2555 2333 2700 2387 laedit
2721 2332 3018 2387 essentiam
3044 2329 3227 2394 Verbi,
3251 2329 3456 2398 aliquid
3488 2346 3518 2384 ιι

1927 2432 2086 2486 Patre
2117 2427 2576 2498 aceipere.Neqne
2603 2426 2746 2478 enim
2781 2425 2833 2477 in
2866 2423 3188 2493 accipiendo
3214 2437 3334 2477 esse
3359 2439 3516 2477 suum

1925 2521 2111 2585 habet,
2146 2519 2236 2573 sed
2266 2534 2388 2572 cum
2423 2517 2574 2586 prius
2597 2524 2741 2570 esset
2783 2524 2945 2584 atque
2976 2512 3320 2578 subsisteret,
3339 2513 3518 2568 susci-

1924 2617 2002 2686 pit
2031 2612 2255 2682 aliquid.
2292 2611 2466 2679 Atque
2491 2623 2553 2663 ea
2586 2609 2698 2676 ipsa
2739 2607 2950 2661 ratione
2983 2620 3088 2674 qua
3120 2621 3186 2659 ex
3232 2602 3396 2658 Patre
3420 2619 3517 2658 na-

1928 2706 2176 2760 turaliter
2209 2703 2423 2772 genitus
2456 2711 2562 2767 est,
2589 2699 2749 2754 simul
2789 2699 2953 2753 etiam
2985 2697 3152 2752 habet
3171 2697 3360 2750 omnia
3393 2711 3517 2766 quae

1924 2798 2070 2852 Patri
2113 2795 2328 2866 propria
2362 2802 2506 2848 sunt.
2547 2791 3016 2859 Quemadmodum
3077 2788 3294 2844 tametsi
3334 2787 3516 2842 lumen

1923 2905 1991 2944 ex
2021 2890 2131 2945 sole
2176 2885 2484 2958 procedens"
2513 2884 2721 2954 aliquid
2759 2882 2827 2936 ab
2852 2883 2970 2951 ipso
3003 2882 3254 2951 accipere
3279 2880 3513 2944 dicatur,

1925 2982 2189 3050 siquidem
2219 2977 2484 3048 quidquid
2511 2977 2565 3030 in
2601 2976 2718 3044 ipso
2747 2982 2852 3038 est,
2879 2973 3114 3041 idipsum
3145 2978 3372 3042 apparet
3396 2984 3518 3026 esse

1923 3073 2194 3143 gignentia
2232 3072 2383 3134 solis,
2417 3083 2598 3138 neque
2625 3077 2779 3136 coget
2810 3076 2867 3120 ut
2894 3066 2972 3121 sol
2995 3075 3124 3121 ante
3171 3065 3517 3134 splendorem

1921 3166 2317 3233 exsistat,-qnia
2353 3164 2612 3233 splendor
2636 3163 2726 3231 qui
2759 3177 2824 3215 ex
2849 3163 2966 3230 ipso
2999 3159 3270 3230 procedit,
3301 3159 3520 3228 insepa-

237 3254 437 3322 ρίστως
470 3252 659 3321 ὥσπερ
689 3252 746 3316 ἐξ
768 3251 932 3303 αὑτοῦ
964 3248 1355 3320 προελθοῦσαν,
1383 3250 1450 3302 τὰ
1479 3251 1626 3320 αὐτῷ
1650 3268 1814 3320 προσ-

1931 3259 2164 3313 rabiliter
2206 3256 2366 3328 140
2388 3271 2451 3308 ex
2483 3256 2600 3323 ipso
2629 3253 2951 3322 procedens,
2987 3266 3048 3303 ea
3067 3265 3186 3318 qua:
3207 3250 3307 3304 soli
3333 3250 3518 3302 insunt

232 3341 364 3395 ὄντα
398 3345 584 3412 φορεῖν
621 3339 889 3410 φυσικῶς.
917 3339 1126 3392 Οὐκοῦν
1154 3341 1214 3393 οὐ
1243 3341 1303 3392 τὸ
1329 3340 1538 3393 «λαϐεῖν
1591 3359 1642 3393 τι
1667 3341 1819 3411 παρὰ

231 3430 326 3484 τοῦ
361 3431 574 3500 Πατρὸς
624 3429 926 3498 ἀναγκάσει
985 3429 1204 3490 πάντως
1261 3429 1511 3500 δεύτερον
1564 3425 1700 3483 εἶναι
1746 3429 1824 3498 τῷ

232 3525 412 3594 χρόνῳ
443 3524 534 3576 τὸν
557 3523 705 3577 Υἱόν.
741 3522 831 3592 Τῷ
863 3524 969 3593 γὰρ
993 3523 1106 3576 ὄντι
1138 3525 1230 3578 καὶ
1253 3523 1527 3593 ὑφεστῶτι
1553 3525 1714 3579 δώσει
1746 3543 1819 3589 τι,

229 3614 292 3667 οὐ
324 3614 402 3684 τῷ
445 3615 519 3684 μὴ
539 3601 650 3667 ὄντι
693 3616 784 3668 καὶ
821 3618 893 3685 μὴ
924 3635 1010 3668 πω
1040 3618 1334 3686 γενομένῳ.

913 3813 1113 3864 ΑΛΛΟ.

303 3925 367 3977 Εἰ
397 3928 454 3976 ὲν
482 3923 558 3992 τῷ
587 3920 837 3994 δέχεσθαί
862 3941 914 3976 τι
937 3925 997 3976 τὸ
1027 3919 1165 3977 εἶναι
1192 3928 1304 3986 τοῖς
1329 3920 1478 3978 οὖσιν
1501 3925 1818 3996 ὁριούμεθα,
1870 3945 1892 3955 π

231 4015 329 4070 καὶ
347 4015 508 4084 ἀρκεῖ
535 4015 693 4069 τοῦτο
718 4016 853 4086 πρὸς
879 4015 1111 4086 δήλωσιν
1134 4017 1320 4080 οὐσίας
1346 4016 1488 4069 κατὰ
1513 4035 1657 4079 τινος
1684 4035 1808 4070 κατ-

232 4106 632 4177 ηγορούμενον,
659 4108 712 4158 τί
761 4106 957 4160 κωλύει
997 4108 1091 4160 καὶ
1140 4109 1562 4180 δυσφημοῦντας
1611 4111 1818 4174 εἰπεῖν,

225 4197 353 4251 τότε
379 4198 472 4250 τοῦ
502 4193 641 4252 εἶναι
673 4199 774 4269 τὴν
806 4200 980 4271 ἀρχὴν
1029 4201 1175 4270 ἔχειν
1202 4202 1292 4255 τὸν
1349 4203 1585 4274 Πατέρα,
1618 4203 1706 4256 ὅτε
1738 4203 1820 4254 δέ·

229 4290 424 4360 χεσθαὶ
451 4308 503 4344 τι
527 4291 743 4359 λέγεται
780 4294 910 4363 παρ’
932 4295 1122 4364 ἡμῶν,
1158 4294 1374 4360 Ἔξεστι
1399 4295 1505 4366 γὰρ
1541 4298 1818 4368 ἐπακροᾶ-

230 4382 358 4435 σθαι
388 4382 483 4434 τοῦ
520 4383 825 4454 Ψαλμῳδοῦ
854 4385 1123 4453 λέγοντος·
1152 4405 1168 4436 ι
1193 4387 1320 4438 Δότε
1346 4387 1500 4452 δόξαν
1527 4387 1603 4456 τῷ
1627 4387 1765 4456 Θεῷ.
1795 4407 1812 4437 ι

228 4475 294 4527 Ei
323 4474 502 4527 τοίνυν
553 4475 652 4527 οὑκ
709 4479 766 4529 ἐν
795 4476 872 4545 τῷ
913 4477 1161 4547 δέχεσθαι
1194 4479 1320 4546 παρ’
1356 4480 1504 4548 ἡμᾶς
1530 4478 1628 4548 τὴν
1660 4479 1817 4543 δόξαν

229 4568 343 4638 εχει
374 4568 436 4618 τὸ
466 4561 604 4620 εἶναι
656 4569 684 4618 ό
742 4567 930 4638 Πατὴρ
972 4567 1083 4638 (ὢν
1136 4570 1244 4635 γὰρ
1301 4570 1394 4621 καὶ
1443 4570 1702 4640 ὑπάρχων
1742 4569 1814 4630 ὡς

228 4659 365 4729 παρ’
399 4657 626 4712 οἰκετῶν
656 4657 754 4728 τὴν
796 4657 1102 4725 δοξολογίαν
1145 4659 1495 4730 κομίζεται),
1532 4662 1630 4712 οὑκ
1665 4661 1816 4713 ἔσται

226 4749 392 4802 τοῦτο
416 4750 512 4803 τοῦ
542 4750 675 4803 Υἱοῦ
716 4750 775 4802 τὸ
803 4746 963 4812 εἶναι,
1012 4753 1068 4804 ὲν
1099 4752 1176 4819 τῷ
1221 4751 1406 4804 λαϐεῖν
1441 4770 1491 4805 τι
1542 4753 1692 4822 παρὰ
1724 4751 1818 4805 τοῦ

227 4841 466 4910 Πατρός.
508 4843 602 4894 Ὢν
639 4841 748 4912 γὰρ
778 4843 871 4895 καὶ
903 4842 1164 4913 ὑπάρχων
1213 4845 1465 4916 ἀνάρχως
1504 4846 1598 4898 καὶ
1630 4845 1816 4908 ἀῖδὶως

227 4932 288 4997 ἐξ
312 4933 480 4986 αὑτοῦ
521 4933 818 5003 προελθὼν,
848 4934 1146 5002 λαμϐάνειν
1185 4936 1399 5003 λέγεται
1433 4937 1500 4989 τᾶ
1549 4938 1819 5008 προσόντα

227 5025 380 5095 αὑτῴ
407 5026 674 5094 φυσικῶς
705 5025 895 5094 ὥσπερ
915 5026 981 5079 ἂν
1013 5027 1062 5078 εἰ
1089 5027 1182 5079 καὶ
1211 5028 1269 5092 eg
1299 5028 1584 5098 ἀνθρώπου
1615 5030 1812 5099 προελ-

227 5116 337 5171 θὼν
366 5117 502 5179 υἱὸς,
530 5117 710 5170 πάντα
735 5116 974 5186 φαίνοιτο
995 5119 1175 5187 φορῶν
1205 5117 1275 5171 τὰ
1295 5119 1385 5172 τοῦ
1405 5122 1814 5190 γεγεννηκότος,

231 5209 375 5277 μετὰ
407 5209 626 5261 πάντων
652 5207 760 5259 τῶν
793 5208 978 5270 αὑτοῦ,
1001 5209 1059 5272 ἐξ
1088 5209 1250 5261 αὑτοῦ
1282 5212 1374 5264 καὶ
1394 5211 1454 5264 τὸ
1484 5207 1620 5265 εἶναι
1653 5213 1808 5282 ἔχων.

240 5297 617 5368 Ύπερκείσθω
643 5298 698 5350 δὲ
731 5298 890 5351 πάλιν
999 5299 1117 5352 θεία
1154 5301 1246 5353 καὶ
1267 5301 1503 5373 ἄρῤητος
1538 5305 1807 5376 γέννησις,

224 5390 324 5462 τὴν
346 5389 439 5442 τοῦ
470 5388 856 5455 παροισθέντος
916 5391 1048 5461 ἡμῖν
1094 5393 1489 5462 ὑποδείγματος
1546 5395 1809 5467 δύναμιν,

225 5484 321 5536 καὶ
355 5482 581 5535 νοείσθω
612 5482 674 5533 τὸ
701 5482 932 5552 πρᾶγμα
955 5483 1294 5554 θεοπρεπῶς.

455 5595 773 5661 Ἆντίθεσις
801 5596 879 5661 ὼς
906 5595 974 5648 ἐκ
1004 5596 1124 5649 τῶν
1157 5597 1594 5668 χριστομιὶχων.

301 5709 428 5763 Ὀτι
463 5706 581 5777 μὲν,
611 5707 766 5776 φασὶ,
798 5709 911 5771 τοῖς
940 5703 1089 5762 οὖσιν
1128 5709 1229 5780 ἤδη
1261 5712 1355 5763 καὶ
1403 5713 1768 5785 ὑφεστηκὸς-ιν
1794 5753 1811 5780 ,

301 5886 522 5944 "Joan.
548 5901 604 5952 ν,
643 5885 732 5940 26.
811 5887 1022 5941 “Psal.
1060 5904 1228 5954 van,
1270 5892 1357 5946 5'5.

476 5979 747 6040 PATROL.
799 5979 914 6040 GR.
957 5979 1189 6041 LXXV.

1929 3346 2254 3403 naturaliter
2282 3346 2466 3398 habet.
2509 3341 2624 3396 Non
2651 3338 2818 3408 igitur
2851 3338 2978 3406 quia
3016 3335 3186 3389 Filius
3235 3334 3442 3403 aliquid
3488 3350 3515 3387 a

1929 3439 2091 3492 Patre
2130 3436 2347 3506 accipit,
2369 3426 2741 3489 necessarium
2785 3429 3012 3484 omnino
3046 3436 3130 3482 est
3160 3427 3518 3496 posteriorem

1929 3532 2078 3584 illum
2113 3539 2355 3598 tempore
2384 3540 2526 3580 esse.
2562 3523 2665 3578 Dat
2699 3521 2845 3578 enim
2883 3518 3092 3588 aliquid
3114 3517 3164 3572 ei
3207 3518 3298 3588 qui
3331 3527 3517 3571 estat-

1928 3637 2032 3691 que
2062 3620 2332 3682 subsistit,
2371 3633 2478 3673 non
2505 3617 2552 3670 ei
2586 3615 2677 3686 qui
2726 3627 2832 3668 non
2865 3612 3105 3677 exsistit,
3137 3624 3312 3681 neque
3337 3611 3517 3665 adhuc

1928 3708 2098 3767 factus
2129 3723 2232 3767 est.

2605 3778 2838 3872 ALIUD:

1992 3938 2046 3991 Si
2078 3955 2139 3991 ea
2182 3952 2302 4006 quae
2347 3934 2638 3995 exsistunt,
2691 3931 2815 3986 inde
2873 3929 3161 3985 deﬁnimus
3220 3931 3363 4000 quod
3415 3933 3486 3985 ali

1927 4031 2052 4100 quid
2085 4029 2380 4097 accipiant,
2415 4023 2724 4093 suﬂicitque
2774 4023 2840 4076 ad
2893 4021 3355 4093 signiﬁcationem
3390 4023 3512 4076 sub-

1926 4121 2139 4176 stantiaa
2169 4120 2212 4174 si
2244 4119 2293 4172 id
2331 4118 2396 4171 de
2447 4116 2632 4184 aliquo
2663 4113 3021 4183 praedicetur:
3052 4113 3180 4183 quid
3244 4113 3516 4168 obstiterit

1923 4211 2215 4282 quominus
2268 4208 2516 4263 dicamus
2553 4207 2772 4260 Patrem
2832 4215 2942 4260 tum
2990 4206 3324 4260 exsistentiae
3396 4220 3511 4260 sure

1924 4304 2244 4372 principium
2277 4299 2561 4360 habuisse,
2598 4299 2818 4368 quando
2844 4297 3047 4366 aliquid
3075 4313 3102 4351 a
3138 4297 3295 4352 nobis
3340 4297 3515 4352 susci-

1923 4411 2049 4465 pere
2077 4395 2311 4449 dicitur?
2344 4391 2492 4446 Licet
2519 4390 2664 4445 enim
2702 4391 2892 4443 audire
2939 4387 3284 4443 Psalmistam
3328 4389 3515 4443 dicen—

1922 4499 2028 4543 tem
2062 4506 2073 4540 :
2107 4505 2124 4538 ι
2171 4487 2305 4541 Date
2343 4484 2570 4551 gloriam
2605 4481 2714 4534 Deo
2739 4482 2806 4535 “.
2847 4499 2864 4532 ι
2908 4479 2964 4533 Si
3001 4480 3164 4549 igitur
3194 4478 3358 4534 Pater
3391 4494 3514 4534 esse

1849 4605 1891 4659 ι)
1923 4579 2116 4632 dicitur
2150 4577 2295 4647 (nam
2318 4576 2370 4628 in
2405 4588 2500 4628 sua
2560 4568 2794 4626 essentia
2835 4571 3137 4625 subsistens
3170 4579 3424 4638 tanquam
3480 4585 3508 4624 a

1925 4672 2099 4731 servis
2122 4669 2348 4739 gloriam
2382 4665 2627 4735 accipit),
2681 4673 2830 4718 certe
2889 4662 3008 4716 Filii
3045 4663 3280 4717 essentia
3333 4665 3386 4716 in
3446 4678 3513 4718 eo

1923 4780 2030 4820 non
2070 4761 2354 4823 consistet,
2382 4758 2526 4827 quod
2562 4757 2767 4825 aliquid
2803 4771 2832 4810 a
2863 4753 3024 4809 Patre
3063 4757 3318 4823 accipiat.
3374 4755 3511 4810 Cum

1924 4857 2069 4911 enim
2114 4854 2185 4906 sit
2212 4863 2374 4920 atque
2402 4849 2665 4905 subsistat
2684 4850 2887 4917 absque
2914 4847 3200 4916 principio,
3227 4850 3294 4901 ab
3309 4859 3514 4904 aeterno

1927 4962 1994 5002 ex
2020 4948 2135 5016 ipso
2156 4943 2459 5012 procedens
2489 4941 2692 4993 dicitur
2723 4941 2972 5016 accipere
3014 4954 3132 5007 quae
3188 4938 3513 4991 naturaliter

1923 5036 1972 5091 ei
2014 5015 2230 5100 insunt;
2261 5029 2717 5102 quemadmodum
2759 5015 2916 5083 et'ex
2956 5030 3176 5083 homine
3207 5030 3512 5097 procedens

1924 5127 2066 5182 ﬁlius
2117 5125 2298 5180 omnia
2328 5123 2528 5177 habere
2551 5121 2766 5175 videtur
2788 5136 2908 5188 qua:
2932 5120 3102 5188 patris
3121 5120 3203 5174 sui
3240 5130 3384 5182 sunt,
3403 5133 3510 5173 una

1922 5234 2044 5274 cum
2070 5216 2344 5280 omnibus,
2379 5230 2501 5284 quae
2546 5213 2688 5268 illius
2723 5221 2869 5276 sunt,
2922 5213 3086 5267 etiam
3132 5225 3250 5267 esse
3279 5228 3343 5267 ex
3391 5213 3510 5280 ipso

1923 5310 2147 5365 habens.
2175 5309 2443 5362 Caeterum
2477 5306 2656 5359 divina
2695 5315 2857 5374 atque
2911 5304 3199 5360 inelTabilis
3231 5305 3511 5374 generatio

1921 5401 2149 5472 exempli
2174 5418 2202 5454 a
2231 5400 2388 5454 nobis
2413 5399 2559 5453 allati
2593 5399 2856 5453 rationem
2889 5399 3048 5470 longe
3078 5400 3325 5465 excedat,
3351 5406 3511 5451 etres

1926 5494 2109 5548 divino
2151 5493 2312 5548 modo
2341 5492 2695 5561 intelligatur.

2362 5603 2596 5674 Objectio
2641 5604 3030 5658 hwreticorum.

1994 5717 2169 5785 Quod,
2204 5718 2480 5789 inquiunt,
2514 5718 2578 5771 iis
2613 5731 2732 5788 quae
2755 5717 2866 5787 jam
2925 5725 3051 5773 sunt
3115 5725 3296 5784 atque.
3327 5711 3508 5769 subsio-

3071 5985 3104 6043 8
