4024 6552
591 525 699 580 255

1612 517 1667 573 S.
1710 513 1979 573 CYINLLI
2018 513 2481 572 ALEXANDMNI
2524 517 2839 573 ARCIIIEP.

42 0 4024 141 Ἦ-

3717 524 3820 583 256

590 651 761 706 stunt,
790 654 892 696 non
930 649 1107 694 autem
1159 638 1227 691 iis
1282 650 1403 705 qua
1463 651 1567 689 non
1655 638 1919 691 exsistunt
1987 637 2131 704 magi:

2254 638 2312 687 οὐ
2343 639 2450 698 τοῖς
2485 638 2556 707 μὴ
2591 633 2707 690 οὖσι
2737 638 2983 706 δέχεσθαί
3038 655 3088 691 τι
3126 641 3587 712 πρεπωδέστερον,
3625 642 3824 712 συνθηο

586 733 874 787 conveniat
900 729 1099 800 aliquid
1128 729 1399 797 accipere,
1425 741 1522 782 nos
1562 728 1725 782 etiam
1778 729 2141 784 concedimus.

588 820 1005 876 Caeterum-illud
1031 834 1174 874 nunc
1191 832 1413 874 necesse
1434 827 1519 872 est
1537 816 1735 883 dicere,
1761 818 1903 887 quod
1931 819 1981 873 id
2008 821 2148 886 quod

586 912 790 981 accipit:
807 912 1008 982 aliquid
1053 911 1119 966 ab
1142 910 1270 977 alio,
1324 919 1577 979 tanquam
1608 925 1712 964 non
1746 909 1972 973 habens
2002 911 2147 965 acci-

586 1006 682 1075 pit.
707 1004 764 1061 Si
791 1004 1100 1072 ergoPater
1136 1004 1355 1072 quidem
1414 1004 1576 1057 habet
1628 1004 1751 1067 hoc,
1801 1010 1859 1056 ut
1928 1003 1999 1057 sit
2041 1004 2148 1057 vita

584 1096 875 1149 secundum
928 1094 1243 1157 essentiam,
1283 1092 1379 1147 dat
1428 1106 1557 1148 vero
1598 1092 1646 1146 id
1679 1091 1835 1153 Filio.
1895 1094 2149 1148 nimirum

582 1196 642 1241 ut
676 1202 779 1240 non
802 1185 1018 1239 habenti
1048 1200 1060 1235 :
1094 1198 1201 1254 quo
1233 1193 1388 1253 pacto
1406 1182 1570 1253 igitur
1589 1185 1702 1239 erit
1736 1184 1944 1239 ratione
1968 1200 2150 1241 essen-

582 1278 671 1330 tia
695 1274 891 1331 similis
914 1275 987 1340 ei,
1015 1276 1082 1345 ab
1108 1290 1171 1331 eo
1198 1273 1468 1345 accipiens
1496 1274 1637 1344 quod
1664 1275 1889 1345 ipsemet
1918 1291 2024 1333 non
2049 1278 2145 1331 ha-

583 1364 707 1419 bet?

1090 1474 1297 1529 Salutio
1324 1476 1651 1545 objectionis.

642 1586 960 1656 Inquirenda
982 1595 1065 1642 est
1089 1598 1343 1643 accurate
1373 1587 1505 1643 dicti
1547 1589 1718 1657 ipsius
1744 1588 1813 1645 de
1872 1604 1979 1659 quo
2033 1590 2146 1657 agi-

579 1695 716 1745 mus,
748 1694 779 1734 ο
814 1680 959 1745 boni,
987 1681 1276 1745 sententia,
1305 1694 1368 1734 ac
1404 1689 1514 1734 tum
1543 1681 1771 1735 rationis
1794 1681 1902 1735 vim
1940 1682 2147 1737 videbi-

577 1787 717 1826 mus.
759 1773 794 1823 Α
820 1771 975 1826 nobis
1004 1771 1150 1825 enim
1180 1779 1369 1825 contra
1396 1771 1647 1825 audietis.
1682 1771 1739 1826 Si
1763 1772 1842 1826 sic
1872 1772 2033 1827 habet
2067 1775 2145 1825 vi-

580 1870 684 1912 tam
720 1858 887 1913 Filius
935 1859 1382 1927 quemadmodum
1428 1870 1479 1913 et
1550 1860 1728 1924 Pater,
1798 1860 1897 1916 hoc
1926 1873 2029 1924 est,
2092 1862 2144 1914 in

579 1954 775 2021 seipso,
809 1968 905 2022 per
936 1955 1078 2021 quod
1112 1954 1450 2024 signiﬁcatur
1478 1955 1858 2019 essentialiter,
1899 1957 2026 2025 quid
2054 1960 2145 2012 ob-

578 2045 742 2099 stabit
771 2046 1059 2114 quominus
1089 2058 1208 2113 qua:
1236 2044 1485 2099 similiter
1524 2060 1583 2101 se
1631 2048 1849 2109 habent,
1902 2048 2138 2114 eiusdem

580 2150 793 2203 quoque
824 2134 933 2190 sint
959 2136 1309 2190 substantiae?
1339 2136 1395 2190 Si
1424 2138 1567 2191 enim
1593 2138 1753 2193 Pater
1788 2139 1948 2193 habet
1975 2141 2138 2194 vitam

575 2226 626 2279 in
675 2227 871 2295 seipso,
900 2238 953 2281 et
974 2225 1142 2281 Filius
1175 2226 1408 2281 vicissim
1441 2228 1605 2281 vitam
1644 2229 1696 2281 in
1730 2230 1908 2299 seipso
1959 2230 2139 2297 habet,

575 2332 679 2369 non
712 2332 807 2385 per
840 2318 1216 2385 adiectionem,
1251 2328 1307 2370 ut
1338 2333 1432 2373 vos
1463 2319 1781 2384 opinamini,
1850 2321 1954 2373 erit
1975 2322 2138 2375 etiam

572 2406 718 2460 Patri
748 2409 1043 2462 secundum
1070 2408 1363 2461 essentiam
1402 2408 1647 2476 aequalis,
1683 2411 1774 2475 qui
1799 2411 1984 2465 eodem
2020 2426 2137 2465 mo—

574 2500 640 2553 do
681 2499 847 2554 vitam
875 2500 1035 2552 habet
1058 2507 1219 2568 atque
1256 2499 1363 2563 ille,
1395 2511 1571 2554 etnon
1605 2499 1782 2553 aliter.

1271 2632 1502 2689 ALIUD.

639 2744 695 2797 Si
726 2742 891 2797 Filius
928 2758 1030 2797 non
1052 2751 1133 2797 est
1172 2744 1278 2797 vita
1317 2744 1611 2799 secundum
1663 2753 1934 2811 naturam,
1977 2746 2130 2817 ιιι

571 2850 677 2904 quo
712 2844 868 2901 pacto
901 2847 1025 2887 vere
1055 2834 1185 2888 dicit
1221 2852 1233 2886 :
1267 2853 1288 2885 ς
1325 2834 1425 2900 Qui
1446 2837 1616 2890 credit
1670 2835 1719 2888 in
1747 2849 1851 2900 me,
1879 2836 2037 2891 habet
2062 2838 2138 2889 vi-

570 2940 677 2982 tam
702 2938 954 2981 aeternam
984 2926 1067 2979 '7?
1122 2945 1138 2975 ι
1202 2924 1265 2978 Ει
1294 2938 1513 2979 rursus:
1567 2944 1584 2975 r
1624 2924 1761 2979 Oves
1802 2940 1933 2979 mea:
1950 2940 2133 2980 vocem

570 3033 743 3072 meam
780 3018 1002 3072 audiunt
1031 3017 1104 3081 ‘5;
1142 3035 1159 3067 ι
1197 3026 1250 3071 et
1285 3034 1297 3070 :
1340 3035 1357 3067 ι
1386 3014 1493 3085 Ego
1520 3017 1586 3071 do
1617 3016 1746 3084 ipsis
1791 3016 1951 3069 vitam
1980 3026 2134 3071 aeter-

570 3124 723 3173 nam;
762 3125 780 3157 ι
814 3118 866 3160 et
900 3121 1084 3160 rursus
1132 3126 1143 3160 :
1186 3123 1205 3155 ι
1247 3105 1346 3172 Qui
1381 3106 1551 3159 credit
1586 3105 1637 3159 in
1670 3119 1775 3168 me,
1813 3120 1917 3159 non
1951 3115 2133 3174 gusta-

572 3201 649 3253 bit
681 3207 908 3251 mortem
943 3198 992 3250 in
1024 3206 1284 3249 aeternum
1311 3196 1377 3247 ".
1419 3213 1435 3245 ι
1466 3194 1761 3263 Oportebat
1797 3195 1938 3248 enim
1992 3197 2136 3249 dice-

2255 728 2458 797 σόμεοα
2486 730 2576 781 καὶ
2604 731 2773 783 αὐτοί.
2825 731 2961 783 Ἀλλ’
2994 732 3169 785 έκεῖνο
3185 733 3279 787 νῦν
3310 734 3600 803 ἀναγκαῖον
3629 737 3824 797 είπεῐν,

2251 818 2331 870 ὅτι
2362 819 2421 871 τὸ
2442 819 2726 888 δεχόμενόν
2748 838 2799 872 τι
2826 824 2976 891 παρά
3003 840 3166 887 τινος,
3224 824 3298 885 ὡς
3328 828 3427 879 οὐκ
3458 826 3577 895 ἔχον
3607 826 3824 896 λαμϐά-

2252 928 2349 962 νει.
2381 912 2439 962 Εί
2473 912 2653 963 τοίνυν
2680 912 2792 981 ἔχει
2823 914 2921 982 μὲν
2960 918 2986 968 6
3018 916 3205 986 Πατὴρ
3244 917 3303 970 τὸ
3361 914 3501 971 εἶναι
3554 919 3667 988 ζωὴ
3708 921 3825 973 κατ’

2250 1002 2458 1062 οὐσίαν,
2488 1002 2669 1056 δίδωσι
2698 1005 2753 1056 δὲ
2788 1004 2946 1058 τοῦτο
2970 1006 3047 1075 τῷ
3078 1006 3191 1078 Υίῴ
3226 1010 3300 1072 ὡς
3332 1011 3432 1063 οὐκ
3458 1011 3635 1081 ἔχοντι
3667 1013 3829 1082 δηλα-

2250 1091 2333 1161 δὴ,
2364 1093 2479 1155 πῶς
2508 1092 2599 1147 οὖν
2629 1096 2779 1149 ἔσται
2809 1099 2927 1148 κατ’
2956 1099 3140 1151 οὐσίαν
3171 1101 3351 1171 ὅμοιος
3384 1101 3531 1173 αὐτῷ
3569 1105 3703 1173 mp'
3735 1106 3827 1159 αὑ-

2251 1179 2342 1234 τοῦ
2383 1183 2671 1255 δεχόμενος
2702 1189 2838 1257 ὅπερ
2864 1190 3027 1255 αὐτὸς
3052 1192 3151 1245 οὐκ
3183 1193 3330 1263 Exn;

2746 1469 2901 1537 Πρὸς
2926 1472 3099 1526 τοῦτο
3127 1476 3323 1541 λύσις.

2333 1576 2675 1643 Ἐξεταστιον
2708 1580 2969 1650 ἀκριϐῶς,
3020 1577 3065 1635 ὦ
3102 1583 3385 1653 βέλτιστοι,
3411 1589 3504 1642 τοῦ
3534 1591 3829 1661 προτεθέν-

2247 1683 2337 1727 τος
2376 1670 2538 1738 ῥητοῦ
2562 1672 2660 1741 τὴν
2684 1672 2941 1735 διάνοιαν,
2971 1676 3064 1727 καὶ
3095 1677 3215 1729 τότε
3242 1678 3335 1731 τοῦ
3367 1679 3525 1748 λόγου
3546 1683 3645 1753 τήν
3669 1685 3829 1737 δύνα·

2252 1776 2345 1825 μιν
2367 1759 2627 1830 ὀψόμεθα.
2669 1763 3090 1818 Ἀντακούσεσθε
3136 1766 3243 1837 γὰρ
3285 1770 3413 1839 παρ’
3452 1771 3628 1840 ἡμῶν,
3658 1776 3707 1825 εί
3730 1773 3827 1826 οὖ-

2247 1866 2354 1912 τως
2386 1851 2497 1920 ἔχει
2532 1854 2629 1921 τὴν
2652 1852 2793 1923 ζωὴν
2824 1856 2851 1905 6
2877 1856 3000 1918 Υἱὸς
3030 1856 3217 1928 ὥσπερ
3242 1860 3335 1912 καὶ
3367 1862 3395 1912 6
3444 1860 3653 1931 Πατὴρ,
3696 1880 3826 1917 του-

2248 1941 2447 2004 τέστιν,
2482 1944 2538 1994 ὲν
2561 1944 2757 2012 ἑαυτῷ,
2793 1944 2858 1996 δι’
2895 1939 2954 1997 οὗ
2984 1946 3043 1997 τὸ
3073 1948 3345 2012 οὑσιωδῶς
3381 1954 3706 2021 σημαίνεται
3725 1998 3740 2019 ,
3770 1956 3826 2008 τί

2246 2030 2477 2083 κωλύσει
2510 2032 2575 2085 τὰ
2606 2034 2807 2102 ὁμοίως
2842 2036 3052 2104 ἔχοντα,
3079 2037 3178 2105 τῆς
3211 2040 3379 2110 αὐτῆς
3401 2038 3693 2097 εἶναιἾιαὶ
3728 2048 3826 2099 οὑ-

2246 2121 2398 2185 σίας;
2438 2123 2498 2173 Εἰ
2554 2124 2661 2194 γὰρ
2718 2125 2746 2175 6
2804 2128 2992 2197 Πατὴρ
3025 2128 3135 2198 ἔχει
3176 2130 3275 2199 τὴν
3330 2132 3475 2205 ζωὴν
3509 2137 3565 2187 ἑν
3619 2136 3821 2208 ἑαυτῷ,

2242 2210 2354 2279 ἔχει
2386 2213 2440 2265 δὲ
2476 2215 2635 2267 πάλιν
2670 2216 2835 2286 αὐτὴν
2862 2220 2889 2271 6
2925 2219 3051 2283 Υἱὸς
3079 2222 3135 2273 ἐν
3167 2223 3361 2293 ἑαυτῷ,
3402 2225 3502 2278 οὐκ
3541 2227 3599 2279 ὲν
3647 2244 3824 2299 προσ-

2243 2301 2415 2372 Οήκης
2448 2305 2623 2375 μέρει,
2654 2307 2904 2379 καθάπερ
2934 2311 3087 2380 ὑμεῖς
3120 2330 3273 2380 φατε,
3309 2315 3459 2367 ἔσται
3490 2318 3583 2369 καὶ
3602 2318 3681 2389 τῷ
3704 2321 3825 2374 Πα-

2239 2392 2328 2459 τρὶ
2385 2393 2504 2446 κατ’
2558 2396 2746 2449 οὐσίαν
2801 2399 2943 2461 ῐσος,
2989 2402 3017 2453 6
3063 2401 3323 2467 ὡσαύτως
3368 2405 3507 2475 ἔχων
3537 2410 3635 2478 τὴν
3675 2407 3825 2481 ζωὴν

2240 2482 2430 2553 ἐκείνῳ
2453 2525 2466 2549 ,
2501 2486 2595 2538 καὶ
2632 2488 2727 2558 οὐχ
2763 2491 2980 2561 ἑτέρως.

2925 2623 3123 2681 ΑΛΛΟ.

2309 2728 2369 2781 Et
2404 2747 2476 2799 μη
2508 2730 2618 2800 ζωὴ
2650 2734 2787 2784 κατὰ
2836 2733 2996 2800 φύσιν
3038 2738 3183 2788 ἐστὶν
3212 2739 3239 2790 6
3266 2738 3410 2804 Υἱὸς,
3472 2741 3587 2805 πῶς
3611 2744 3823 2815 ἐπαλη-

2238 2818 2415 2871 Οεύσει
2446 2820 2637 2886 λέγων·
2681 2842 2697 2873 ‹
2737 2824 2792 2876 Ὀ
2823 2824 3093 2879 πιστεύων
3133 2830 3211 2891 είς
3234 2830 3354 2899 ἐμὲ,
3378 2830 3487 2899 ἔχει
3512 2832 3656 2904 ζωὴν
3680 2836 3821 2889 αίώ-

2237 2926 2379 2972 νιον;
2410 2928 2425 2959 ι
2462 2911 2569 2961 Kal
2597 2911 2773 2965 πάλιν·
2810 2931 2827 2963 ι
2872 2914 2951 2967 Τὰ
2984 2917 3231 2986 πρόϐατα
3279 2920 3347 2973 τὰ
3391 2922 3499 2991 ἐμὰ
3547 2924 3648 2992 τῆς
3677 2927 3820 2997 ἐμῆς

2234 2995 2418 3047 ἀκούει
2434 2998 2633 3065 φωνῆς,
2650 3018 2770 3050 ι-ι
2784 3002 3158 3075 Κὰγιὶΐδίδωμι
3176 3008 3353 3073 αὐτοῖς
3377 3011 3519 3080 ζωὴν
3536 2995 3812 3069 αἰώνιονξι

2235 3086 2342 3137 Kal
2372 3089 2555 3142 πάλιν
2590 3109 2607 3141 ι
2661 3092 2719 3143 'U
2749 3093 3017 3146 πιστεύων
3051 3097 3129 3158 εἰς
3163 3099 3263 3166 ἐμὲ
3333 3101 3393 3151 οὐ
3436 3104 3509 3173 μὴ
3548 3106 3818 3176 γεύσηται
3908 3152 3913 3157 .

2236 3176 2466 3231 Θανάτου
2489 3183 2565 3242 εἰς
2600 3181 2689 3233 τὸν
2724 3184 2913 3237 αίῶνα.
2952 3204 2969 3235 ι
3016 3186 3159 3240 Ἔδει
3218 3190 3324 3260 γὰρ
3371 3192 3549 3261 λέγειν
3572 3211 3584 3223 ·
3631 3197 3691 3249 '0
3722 3215 3818 3251 πιο

570 3304 660 3344 re:
690 3288 790 3355 Qui
828 3288 999 3341 credit
1023 3287 1073 3339 in
1104 3300 1211 3348 me.
1246 3286 1476 3354 accipiet
1538 3285 1724 3351 vitam,
1776 3298 1934 3353 quam
1990 3286 2131 3339 dedit

2237 3269 2438 3322 στεύων
2468 3273 2546 3332 είς
2599 3273 2697 3341 ἐμὲ
2734 3274 2958 3345 λήψεται
2989 3280 3116 3347 παρ’
3157 3282 3290 3351 ἐμοῦ
3322 3282 3483 3354 ζωὴν,
3512 3286 3578 3354 ἢν
3607 3287 3814 3343 δέδωκέ

569 3382 697 3434 mihi
734 3379 909 3431 Pater.
946 3379 1110 3431 ltem:
1139 3376 1271 3429 Eum
1302 3376 1393 3443 qui
1441 3374 1733 3429 crediderit
1764 3376 1813 3427 in
1864 3390 1968 3439 me,
2024 3390 2127 3431 non

2238 3377 2325 3428 μοι
2359 3363 2387 3413 6
2414 3363 2623 3433 Πατήρ.
2660 3366 2765 3417 Καὶ
2817 3368 2996 3421 πάλιν·
3062 3370 3166 3424 Τὸν
3226 3373 3307 3436 είς
3350 3350 3448 3444 ἐμὲ
3488 3350 3817 3435 πιστεύοντα

568 3471 711 3525 sinet
744 3470 902 3523 Pater
933 3476 1149 3537 gustare
1184 3477 1431 3521 mortem.
1468 3465 1523 3519 Si
1556 3479 1683 3520 vero
1713 3467 1765 3520 id
1798 3481 1904 3521 non
1935 3467 2131 3523 dixisse

565 3562 826 3622 cernitur,
862 3562 953 3613 sed
987 3558 1249 3628 promittit
1312 3571 1372 3611 se
1436 3559 1688 3611 daturum
1752 3559 1818 3612 iis
1864 3560 1952 3627 qui
2007 3574 2129 3613 cre-

565 3654 695 3707 dunt
723 3652 775 3703 in
796 3652 967 3718 ipsum
1004 3651 1168 3702 vitam
1201 3663 1320 3716 quae
1350 3648 1669 3702 naturaliter
1694 3657 1749 3702 et
1767 3649 2131 3703 essentialiter

564 3744 667 3797 sibi
714 3742 811 3811 ipsi
848 3742 1007 3804 inest,
1073 3740 1343 3808 quomodo
1373 3739 1595 3808 intelligi
1632 3749 1804 3807 pmest
1833 3737 2023 3793 Filium
2055 3740 2132 3792 vi-

565 3846 673 3889 tam
729 3848 832 3887 non
893 3833 1176 3886 habentem
1229 3845 1345 3884 eam
1394 3846 1422 3884 a
1469 3831 1626 3885 Patre
1659 3831 1966 3901 accepisse?
2020 3831 2130 3886 Hoc

562 3926 705 3980 enim
747 3926 933 3993 quavis
958 3923 1283 3992 blasphemia
1314 3924 1529 3991 gravius
1564 3932 1665 3977 est.
1702 3922 1830 3987 Sed,
1880 3932 1937 3974 ut
1972 3923 2129 3976 modo

561 4018 760 4072 dictum
787 4017 1193 4084 est,procedens
1216 4029 1279 4068 ex
1303 4014 1484 4079 Patre,
1503 4013 1678 4068 eninia
1706 4029 1821 4083 qum
1851 4013 1990 4067 illius
2008 4022 2132 4067 sunt

561 4110 718 4165 simul
742 4109 1031 4163 secundum
1062 4115 1309 4161 naturam
1334 4120 1514 4160 secum
1540 4106 1726 4168 affert,
1761 4114 1814 4159 et
1833 4120 1895 4159 ea
1926 4106 2130 4159 ratione

560 4215 663 4268 qua
708 4178 968 4267 Iaccepit,
1030 4197 1227 4250 dicitur
1288 4191 1540 4264 splendor
1597 4205 1651 4250 et
1711 4196 1885 4264 imago
1939 4196 2124 4265 ipsius.

565 4288 737 4344 Unum
773 4296 950 4343 autem
1013 4302 1197 4342 eorum
1250 4300 1370 4355 quae
1432 4285 1579 4339 Patri
1636 4289 1817 4341 insunt
1844 4288 2001 4341 etiam
2044 4297 2127 4343 est

557 4382 689 4435 vita.

1235 4576 1462 4631 ALIUD.

2233 3451 2291 3501 οὐ
2320 3452 2665 3520 συγχωρήσει
2695 3455 2721 3505 6
2757 3455 2943 3527 Πατὴρ
2996 3458 3295 3523 γεύσασθαι
3348 3461 3601 3517 Θανάτου.
3659 3467 3722 3519 El
3754 3469 3815 3521 δὲ

2234 3546 2391 3599 τοῦτο
2428 3550 2526 3617 μὲν
2556 3551 2789 3620 εἰρηκὼς
2812 3553 2871 3605 οὺ
2905 3554 3173 3621 φαίνεται,
3207 3558 3281 3619 ὡς
3314 3558 3368 3610 δὲ
3401 3559 3558 3626 φύσει
3580 3563 3814 3632 προσοῦ-

2237 3655 2333 3691 σαν
2357 3640 2535 3709 ἑαυτῴ
2578 3642 2676 3713 τὴν
2708 3643 2871 3714 ζωὴν,
2919 3647 3011 3699 καὶ
3046 3646 3121 3711 ὡς
3158 3650 3428 3715 οὺσιωδῶς
3454 3652 3813 3723 ὑπάρχουσαν

2234 3730 2289 3780 ὲν
2316 3731 2511 3799 ἐαυτῷ,
2544 3732 2735 3785 δώσειν
2784 3737 2893 3797 τοῖς
2943 3737 3021 3799 εἰς
3050 3738 3212 3791 αὐτὸν
3266 3741 3610 3795 πιστεύουσιν
3634 3746 3811 3813 ἐπαγ-

2234 3821 2497 3887 γέλλεται,
2533 3823 2648 3886 πῶς
2684 3825 2953 3894 ἐνδέχεται
3003 3832 3143 3881 νοεῖν
3192 3832 3291 3884 οὐκ
3336 3832 3525 3902 ἔχοντα
3550 3837 3640 3890 τὸν
3675 3839 3809 3892 Υἰδν

2235 3916 2510 3985 εἰληφέναι
2540 3918 2742 3987 ταύτην
2759 3921 2906 3989 παρὰ
2932 3920 3024 3973 τοῦ
3057 3923 3302 3992 Πατρός,
3337 3926 3447 3978 Καὶ
3487 3928 3595 4000 γὰρ
3628 3931 3695 3983 ἂν
3716 3934 3806 4003 εἴη

2234 4006 2410 4075 πάσης
2440 4009 2692 4061 ἐπέκεινα
2724 4010 3031 4082 δυσφημίας
3081 4015 3238 4067 τοῦτό
3293 4034 3376 4084 γε.
3422 4020 3585 4083 Ἀλλ’,
3615 4021 3809 4096 ῶσπερ

2231 4100 2329 4169 ἤδη
2373 4102 2707 4172 προείρηται,
2734 4105 3007 4175 προελθὼν
3038 4110 3100 4159 εκ
3143 4110 3372 4180 Πατρὸς,
3410 4114 3584 4167 πάντα
3605 4115 3673 4169 τὰ
3700 4117 3807 4172 αὖ·

2229 4189 2321 4242 τοῦ
2356 4192 2679 4261 κατὰφύσιν
2740 4196 3023 4263 ἐπάγεται.
3080 4199 3173 4252 καὶ
3223 4200 3298 4264 ὡς
3338 4203 3596 4273 εἰληφὼς,
3660 4212 3806 4263 κατὰ

2228 4281 2383 4334 τοῦτο
2416 4285 2635 4349 νοεῖται,
2688 4287 2779 4337 καὶ
2836 4286 3173 4359 ἀπαύγασμα
3208 4291 3298 4344 καὶ
3338 4293 3501 4347 εἰκὼν
3540 4297 3804 4371 ὑπάρχων

2228 4374 2412 4427 αὑτοῦ.
2480 4378 2573 4429 Ἐν
2626 4377 2681 4430 δὲ
2732 4378 2841 4431 τῶν
2895 4382 3202 4449 προσόντων
3257 4385 3335 4440 τῶ
3381 4387 3554 4456 Πατρὶ
3620 4394 3714 4446 καὶ
3767 4398 3803 4463 ἡ

2222 4468 2361 4537 ζωή.

2910 4590 3113 4644 ΔΛΛΟ.

632 4684 688 4740 Si
723 4685 888 4739 Filius
919 4686 1011 4742 Dei
1038 4704 1141 4744 non
1178 4696 1261 4741 est
1288 4688 1606 4745 naturaliter
1626 4692 1753 4756 vita,
1799 4694 1891 4749 sed
1920 4704 2121 4755 tantum

2292 4695 2354 4747 El
2389 4696 2462 4765 μὴ
2492 4696 2601 4768 ζωὴ
2624 4700 2762 4751 κατὰ
2795 4700 2953 4768 φύσιν
2979 4702 3127 4755 ἐστὶν
3153 4706 3181 4755 6
3208 4703 3336 4767 Υἱὸς
3355 4704 3447 4758 τοῦ
3476 4705 3638 4773 Θεοῦ,
3665 4710 3799 4766 ἀλλὰ

554 4776 677 4830 vita:
708 4777 995 4846 particeps,
1024 4776 1477 4845 quemadmodum
1526 4782 1714 4837 hostes
1765 4782 1964 4839 Christi
2005 4789 2119 4856 opi-

554 4878 786 4933 nantur,
818 4866 961 4921 aliud
1019 4868 1291 4937 quidpiam
1346 4878 1431 4922 est
1481 4872 1774 4926 secundum
1828 4878 2117 4933 essentiam

552 4974 711 5027 quam
742 4958 870 5012 illud
902 4958 1045 5027 quod
1069 4959 1137 5012 ab
1155 4973 1220 5011 eo
1248 4960 1621 5030 participatur.
1702 4963 1979 5030 Quomodo
2020 4970 2117 5039 igi-

553 5051 768 5117 turipse
815 5051 866 5104 in
929 5051 1161 5105 medium
1226 5052 1429 5118 prodit,
1482 5053 1636 5109 nobis
1669 5055 1903 5112 dicens:
1942 5076 1961 5110 ι
2007 5061 2115 5131 Ego

550 5153 666 5191 sum
698 5139 850 5207 panis
885 5139 974 5207 qui
1010 5140 1074 5194 de
1102 5140 1239 5195 coelo
1260 5141 1535 5195 descendi.
1567 5141 1622 5195 Si
1674 5146 1796 5213 quis
1820 5150 2115 5204 comederit

548 5244 612 5282 ex
639 5230 741 5284 hoc
769 5244 926 5297 pane,
956 5230 1099 5284 vivet
1130 5231 1181 5283 in
1215 5241 1472 5285 aeternum
1506 5232 1587 5284 7°?
1610 5251 1626 5282 ι
1664 5233 1952 5301 Oportebat
1970 5240 2112 5293 enim

547 5319 626 5373 sic
656 5320 832 5388 potius
859 5321 1055 5383 dicere,
1092 5320 1135 5374 si
1175 5321 1330 5375 modo
1352 5322 1463 5390 ipse
1497 5338 1602 5376 non
1647 5334 1766 5378 erat
1816 5330 2109 5384 secundum

547 5420 795 5463 naturam
833 5411 938 5463 vita
971 5411 1084 5477 ipsa
1112 5425 1125 5463 :
1152 5410 1209 5463 lu
1237 5426 1321 5465 me
1347 5422 1427 5465 est
1468 5414 1623 5482 panis
1652 5415 1744 5483 qui
1774 5416 1840 5470 de
1864 5418 1999 5472 caelo
2024 5420 2116 5475 de-

546 5499 788 5564 scendit;
818 5507 892 5563 et,
923 5497 978 5553 Si
1007 5501 1131 5569 quis
1153 5502 1446 5557 comederit
1495 5519 1560 5558 ex
1592 5521 1730 5573 pane
1786 5510 1876 5577 qui
1925 5511 1976 5564 in
2030 5528 2112 5568 me

545 5598 647 5653 est,
680 5591 821 5644 vivet
857 5591 909 5643 in
940 5600 1218 5645 aeternum.
1250 5594 1318 5645 At
1346 5608 1472 5648 vero
1493 5611 1614 5651 cum
1644 5598 1792 5663 dicit,
1842 5600 1951 5670 Ego
1971 5617 2109 5667 sum,

545 5682 776 5748 seipsum
803 5683 1063 5751 designat,
1102 5700 1202 5739 nou
1265 5693 1442 5739 autem
1500 5688 1701 5759 aliquid
1750 5707 1936 5748 eorum
1990 5711 2109 5765 quae

617 5856 831 5910 "’Juan.
870 5874 937 5921 γι,
966 5860 1049 5912 47.
1127 5863 1341 5915 “Junii.
1383 5881 1434 5927 χ,
1471 5866 1553 5917 27.

2224 4785 2367 4856 ζωῆς
2403 4787 2644 4857 μέτοχος,
2676 4791 2925 4862 καθάπερ
2952 4794 3001 4845 οἱ
3039 4796 3393 4866 χριστομάχΟι
3440 4799 3625 4866 φασὶν,
3680 4802 3801 4855 ἓτε-

2225 4878 2313 4946 ρόν
2345 4878 2396 4929 τί
2423 4881 2535 4931 ἐστι
2559 4880 2678 4932 κατ’
2707 4882 2893 4935 οὐσίαν
2946 4884 3106 4947 αὐτὸς
3156 4887 3304 4957 παρὰ
3342 4887 3403 4940 τὸ
3435 4890 3801 4960 μετεχόμενον

2224 4969 2313 5020 ὑπ’
2350 4968 2532 5023 αὑτοῦ.
2566 4971 2689 5034 Πῶς
2728 4968 2819 5026 οὖν
2860 4977 2991 5044 ἡμῖν
3042 4978 3203 5040 αὐτος
3256 4981 3336 5041 είς
3373 4982 3537 5050 μέσον
3578 4983 3799 5054 ἔρχεται

2222 5058 2422 5126 λέγων·
2464 5078 2482 5110 ι
2530 5060 2670 5127 Ἐγώ
2703 5064 2815 5131 εἰμι
2840 5064 2868 5115 6
2904 5064 3065 5132 ἄρτος
3112 5067 3140 5117 6
3190 5068 3253 5119 ἐκ
3285 5067 3377 5120 τοῦ
3419 5071 3649 5139 οὐρανοῦ
3697 5092 3799 5128 κα-

2219 5152 2408 5213 ταϐάς.
2446 5152 2568 5205 Ἐάν
2599 5170 2681 5216 τις
2708 5155 2853 5226 φάγῃ
2909 5159 2973 5210 ἐκ
2999 5159 3187 5211 τούτου
3227 5158 3319 5211 τοῦ
3350 5162 3536 5231 ἄρτου,
3570 5164 3796 5235 ζήσεται

2218 5242 2297 5301 είς
2328 5241 2416 5294 τὸν
2454 5240 2653 5307 αἰῶνα;
2689 5263 2706 5294 ι
2751 5244 2896 5299 Ἔδει
2928 5247 3034 5318 γὰρ
3067 5246 3237 5311 οὓτως
3282 5251 3475 5312 εἰπεῖν,
3509 5252 3669 5323 εἴπερ
3698 5256 3796 5308 οὐκ

2217 5325 2283 5400 ἦν
2319 5333 2459 5411 κατὰ
2494 5334 2653 5401 φύσιν
2679 5335 2838 5398 αὐτὸς
2896 5339 2927 5406 ή
2971 5336 3103 5408 ζωή·
3141 5338 3226 5390 Ἐν
3254 5340 3375 5409 ἐμοὶ
3404 5342 3431 5392 6
3471 5341 3636 5411 ἄρτος
3674 5346 3703 5395 6
3731 5347 3794 5398 ἐκ

2212 5422 2305 5474 τοῦ
2328 5410 2557 5493 ούρανοῦ
2584 5425 2843 5490 καταϐάς.
2873 5430 3003 5493 Καὶ,
3049 5429 3170 5481 Ἐάν
3207 5448 3288 5493 τις
3312 5431 3462 5504 φάγῃ
3487 5410 3550 5486 ἐπ
3579 5437 3673 5487 τοῦ
3697 5439 3792 5507 ἄρ-

2212 5531 2303 5566 του
2331 5515 2425 5567 τοῦ
2452 5517 2508 5567 ὲν
2538 5518 2679 5586 ἐμοὶ,
2718 5520 2940 5589 ζήσεται
2972 5522 3051 5583 είς
3097 5521 3187 5572 τὸν
3214 5521 3405 5579 αἰῶνα.
3453 5525 3593 5579 Νυνὶ
3622 5527 3679 5579 δὲ
3705 5528 3790 5581 λέ-

2212 5624 2322 5673 γων
2352 5609 2432 5672 τὸ,
2479 5610 2615 5676 Ἐγώ
2648 5613 2781 5681 είμι,
2820 5613 3007 5665 ἑαυτὸν
3033 5613 3225 5683 ὁρίζει,
3250 5616 3341 5667 καὶ
3366 5615 3463 5685 οὐχ
3498 5617 3555 5668 ’ἐν
3598 5636 3651 5669 τι
3684 5622 3791 5674 τῶν

2214 5702 2654 5767 προσγεγονότων
2687 5704 2805 5771 ἦτοι
2838 5705 3145 5774 προσόντων
3186 5704 3353 5775 αὐτῷ.
3390 5708 3452 5762 Εἰ
3484 5708 3662 5762 τοίνυν
3697 5713 3775 5765 αὖ

1635 5869 1675 5898 ⁸⁸³
1700 5869 1852 5924 Joan.
1884 5887 1994 5937 vm,
2033 5875 2118 5925 5'2.
2198 5877 2241 5906 ⁷⁰
2272 5875 2425 5932 Junii.
2468 5894 2539 5944 Vl,
2576 5881 2660 5933 5i.
