4024 6496
202 480 305 537 25⁸1
1623 479 1709 534 ΤΗ
1719 476 1816 534 ES.

1913 476 2064 532 HUS.
3375 481 3483 536 238

203 595 289 658 τός
315 595 467 649 ἐστιν
495 595 525 648 ό
563 593 726 665 ἄρτος
757 594 784 646 6
831 593 955 657 τοὺς
1000 592 1325 664 μετέχοντας
1360 587 1788 657 ἀπαθανατίζειν

1917 588 1968 643 lli
1997 587 2203 656 adjecta
2235 598 2384 654 sunt,
2414 589 2496 645 vel
2522 589 2727 646 insunt.
2768 590 2824 646 Si
2863 603 2995 660 ergo
3027 590 3142 662 ipse
3186 601 3268 648 est
3305 608 3483 664 panis,

203 688 516 757 δυνάμενος,
550 691 650 740 οὐκ
678 686 876 752 ἔξωθεν
925 687 1044 740 οὐδὲ
1069 687 1362 757 ἐπίκτητον
1405 686 1517 757 ἔχει
1546 686 1609 740 τὸ
1654 685 1788 751 ζωο-

1913 680 1985 750 ιιιὶ
2014 679 2134 748 ejus
2168 680 2463 751 participes
2486 697 2516 737 a
2547 690 2723 738 morte
2763 682 3072 738 vindicandi
3127 683 3236 738 vim
3299 684 3482 750 habet,

203 782 393 844 ποιεῖν,
435 779 550 832 ἀλλ’
599 777 676 833 ὢν
718 780 858 834 κατὰ
911 779 1072 849 φύσιν
1101 776 1236 850 ζωὴ,
1285 779 1414 842 τοὺς
1461 777 1791 848 μετέχοντας

1913 789 2000 830 ton
2032 772 2396 842 extrinsecus,
2425 785 2517 830 aut
2545 775 2837 831 ascititiam
2877 775 2964 832 vel
3005 775 3331 846 acquisitam
3391 777 3487 832 ha-

202 870 366 925 αὑτοῦ
396 872 758 940 ζωοποιήσειν
780 870 996 945 άληθῶς
1031 871 1448 942 ἐπαγγέλλεται.

1913 864 2305 922 ietvivilicandi
2324 876 2647 936 potestatem
2678 884 2693 920 :
2727 867 2820 923 sed
2851 867 2962 922 vita
2991 867 3292 923 secundum
3323 876 3487 922 natu-

1895 971 2012 1013 ram
2046 958 2339 1023 exsistens,
2364 958 2661 1030 participes
2687 958 2854 1030 ipsius
2879 971 3008 1014 vere
3064 973 3126 1015 se
3180 957 3488 1013 viviﬁcatu-

1894 1065 2015 1106 rum
2053 1049 2362 1121 pollicetur.

892 1161 1096 1217 AAAO.

268 1275 334 1328 Ei
363 1275 440 1348 μὴ
471 1275 614 1330 κατὰ
639 1275 804 1344 φύσιν
831 1275 944 1347 ἔχει
995 1275 1056 1329 τὸ
1107 1272 1247 1332 εἶναι
1294 1277 1408 1349 ζωὴ
1459 1280 1487 1332 6
1536 1278 1630 1332 τοῦ
1655 1277 1791 1332 Θεοῦ

196 1365 394 1434 Λόγος,
434 1364 760 1419 ἐπείσακτον
787 1365 865 1432 δὲ,
919 1367 997 1429 ὡς
1043 1367 1204 1437 ὑμεῖς
1253 1386 1411 1438 φατε,
1456 1370 1796 1442 κεκτημένος

196 1457 353 1518 αὐτὸ.
384 1455 674 1520 ζωοποιεῖν
695 1455 941 1522 δύναται,
977 1457 1032 1510 τί
1064 1457 1300 1513 κωλύσει
1348 1460 1532 1530 λέγειν
1564 1463 1659 1516 καὶ
1696 1463 1792 1532 άγο

197 1547 393 1615 γέλους
420 1548 549 1611 τοὺς
574 1547 795 1618 άληθῶς
827 1548 1088 1619 μετόχους
1135 1549 1432 1619 γεγονότας
1477 1551 1623 1622 ζωῆς
1645 1551 1798 1607 δύνα-

199 1639 325 1693 σθαι
350 1637 679 1707 ζωοποιεῖνς
724 1639 885 1693 Ἀλλὰ
910 1640 1069 1695 τοῦτο
1107 1641 1209 1713 μὲν
1247 1643 1350 1697 οὐκ
1375 1642 1670 1715 ἐνδέχεται·
1702 1646 1798 1717 μό-

197 1749 290 1795 νος
325 1731 438 1803 γάρ
483 1732 512 1784 6
548 1730 677 1794 Υἱὸς
719 1731 1002 1796 ζωοποιεῖν
1039 1733 1282 1802 δύναται,
1344 1734 1595 1809 καθάπερ
1646 1739 1741 1791 καὶ
1770 1739 1800 1791 6

199 1826 415 1896 Πατήρ.
452 1824 666 1878 Οὐκοῦν
698 1825 802 1879 οὐκ
849 1826 1174 1891 ἐπείσακτος
1203 1827 1263 1882 ὲν
1299 1827 1418 1899 Υἱῷ
1455 1830 1490 1899 ἡ
1534 1830 1798 1894 ζωοποιδς

2583 1161 2740 1220 ALIU
2749 1164 2810 1220 D.

1927 1271 1932 1274 ’
1967 1272 2026 1328 Si
2056 1273 2294 1330 Verbum
2343 1272 2436 1331 Dei
2473 1287 2542 1330 ex
2593 1288 2696 1331 sua
2761 1282 2960 1332 natura
3002 1290 3110 1333 non
3150 1275 3316 1332 habet
3344 1277 3492 1349 quod

1898 1362 1971 1418 sit
1995 1364 2129 1431 vita,
2164 1365 2262 1421 sed
2279 1365 2649 1434 extrinsecus,
2681 1375 2744 1420 ut
2777 1379 2876 1423 vos
2910 1366 3239 1438 opinamini,
3282 1366 3388 1423 hoc
3415 1367 3491 1423 illi

1898 1457 2155 1524 accessit,
2186 1467 2247 1512 ut
2279 1457 2561 1515 viviﬁcare
2589 1459 2804 1530 possit:
2837 1459 2967 1530 quid
2990 1459 3233 1515 obstabit
3275 1460 3494 1529 quomi-

1900 1564 2004 1606 nus
2028 1549 2277 1607 dicamus
2307 1552 2474 1606 etiam
2498 1550 2745 1623 angelos,
2765 1553 2860 1622 qui
2893 1567 3021 1609 vere
3038 1552 3337 1624 participes
3363 1553 3492 1608 facti

1899 1649 2027 1695 sunt
2051 1640 2198 1708 vitae,
2237 1640 2517 1697 viviﬁcare
2550 1642 2749 1712 posse?
2776 1643 2883 1699 Sed
2942 1643 3045 1700 hoc
3099 1644 3315 1714 quidem
3375 1644 3492 1699 ﬁeri

1901 1731 2049 1788 nullo
2082 1731 2242 1788 modo
2267 1743 2451 1804 potest
2478 1749 2491 1786 :
2536 1733 2684 1790 solus
2712 1734 2856 1790 enim
2886 1733 3060 1791 Filius
3093 1735 3374 1792 viviﬁcare
3401 1752 3496 1807 po-

1901 1832 2029 1892 test,
2055 1825 2199 1881 sicut
2223 1834 2278 1882 et
2308 1824 2496 1885 Pater.
2524 1826 2641 1885 Non
2675 1837 2758 1886 est
2785 1828 2953 1900 igitur
2976 1831 3284 1886 accessoria
3316 1831 3367 1884 in
3401 1828 3494 1885 Fi-

198 1916 452 1988 δύναμις,
508 1916 647 1970 ἀλλὰ
696 1917 840 1971 κατὰ
872 1918 1034 1987 φύσιν
1083 1917 1231 1989 αὑτῷ
1270 1919 1548 1992 προσοῦσα
1574 1922 1669 1976 καὶ
1698 1922 1794 1975 ού-

1913 1916 1977 1972 lio
1999 1917 2311 1974 viviﬁcandi
2337 1918 2588 1986 facultas,
2613 1924 2709 1977 sed
2739 1921 3256 1994 naturaliter‘atque
3302 1936 3498 1978 essen-

202 2007 411 2072 σιωδῶς
445 2006 637 2079 ὥσπερ
667 2010 763 2062 καὶ
781 2008 861 2063 τῶ
895 2010 1089 2082 Πατρι.

880 2123 1089 2177 ΑΛΛΟ.

269 2234 464 2302 Δέγων
502 2235 531 2287 6
564 2235 692 2299 Υἱὸς
753 2236 838 2300 τὸ,
897 2256 914 2288 ι
956 2237 1168 2309 Ὠσπερ
1201 2239 1311 2310 γὰρ
1360 2241 1388 2292 6
1446 2240 1637 2312 Πατὴρ
1686 2240 1798 2312 ἔχει

200 2324 349 2394 ζωὴν
380 2326 438 2377 ὲν
461 2325 659 2396 ἐαυτῷ,
683 2325 829 2380 οὕτω
861 2326 956 2381 καὶ
976 2328 1054 2399 τῷ
1084 2329 1198 2400 Υἱῷ
1230 2330 1462 2386 δέδωκεν
1488 2331 1632 2402 ἔχειν
1653 2334 1798 2406 ζωὴν

200 2419 260 2471 ὲν
299 2418 500 2486 ἑαυτῷ,
534 2437 552 2470 ι
603 2419 702 2488 τὴν
759 2420 1181 2491 ἀπαράλλακτον
1229 2423 1523 2494 ὁμοιότητα
1564 2424 1799 2480 δεικνύει

203 2509 416 2587 σαφῶς,
455 2510 524 2580 ὴν
574 2508 692 2580 ’ἔχει
737 2509 870 2581 πρὸς
922 2511 1014 2563 τὸν
1072 2514 1431 2582 γεννήσαντα.
1486 2515 1639 2585 Ἔχει
1691 2516 1800 2586 γάρ

199 2601 347 2654 οὕτω
379 2599 481 2671 τὴν
512 2601 681 2671 ζωὴν,
704 2601 896 2673 ὥσπερ
924 2602 1016 2656 καὶ
1043 2605 1071 2655 6
1102 2604 1291 2676 Πατὴρ
1315 2646 1331 2671 ,
1359 2607 1596 2678 φυσικὴν
1617 2607 1802 2678 δηλον-

199 2695 284 2746 ύτι
316 2694 414 2747 καὶ
463 2693 726 2765 οὑσιώδη.
763 2695 836 2747 Τὸ
867 2695 944 2759 δὲ,
980 2696 1226 2759 δέδωκε.
1290 2698 1572 2770 προσθεὶς,
1605 2700 1704 2771 τὴν
1742 2702 1802 2766 ἐξ

202 2787 370 2841 αὐτοῦ
412 2788 650 2857 φυσικήν
669 2803 730 2839 τε
764 2789 859 2841 καὶ
891 2788 1125 2857 οὐσιώδη
1154 2791 1412 2860 σημαίνει
1449 2793 1698 2863 πρόοδον.
1724 2796 1800 2848 Οὐ

200 2881 314 2950 γὰρ
342 2879 408 2950 δή
441 2896 542 2931 που
573 2877 810 2932 δέδωκεν
842 2881 871 2932 ὁ
922 2880 1132 2953 Πατὴρ,
1175 2882 1366 2954 ὥσπερ
1414 2900 1468 2936 τι
1499 2884 1609 2938 τῶν
1655 2885 1804 2956 αὺτῷ

207 2973 522 3044 προσόντων
555 2972 908 3042 ἀφελόμενος,
965 2975 1060 3028 καὶ
1110 2974 1211 3028 οὐκ
1254 2974 1433 3046 ἔχοντι
1484 2978 1804 3048 προστεθει-

204 3066 316 3128 κὼς
359 3065 440 3136 τῷ
470 3063 622 3135 Υἱῷ,
679 3065 822 3118 κατὰ
883 3066 1204 3138 σωματικὴν
1261 3068 1546 3141 ἀποτομὴν
1603 3069 1637 3140 ἢ
1691 3069 1804 3124 διά-

205 3177 400 3212 στασιν
446 3160 543 3230 τὴν
579 3159 642 3212 ἐκ
690 3177 834 3223 τινος
883 3160 1070 3231 ἑτέρου
1118 3160 1255 3232 πρὸς
1282 3162 1803 3234 ἕτερον,ἢτοπικῶς

1904 2010 2106 2064 tialiter
2142 2010 2242 2080 ipsi
2291 2010 2435 2068 inest
2471 2021 2531 2068 ut
2550 2013 2724 2070 Patri.

2572 2121 2806 2181 ALIUD.

1973 2235 2107 2292 Cum
2137 2236 2309 2293 Filius
2330 2237 2481 2303 dicit,
2528 2234 2548 2290 ἀ
2589 2236 2744 2293 Sicut
2791 2251 2938 2292 enim
2975 2236 3140 2294 Pater
3200 2239 3366 2297 habet
3411 2243 3496 2299 vi-

1904 2335 2013 2382 tam
2046 2328 2098 2382 in
2134 2328 2337 2399 seipso,
2374 2328 2447 2382 ita
2512 2327 2676 2383 etiam
2721 2325 2864 2384 Filio
2906 2327 3055 2383 dedit
3091 2329 3294 2385 habere
3337 2330 3496 2404 ιω

1902 2421 2069 2474 vitam
2099 2420 2150 2474 in
2183 2421 2364 2489 seipso
2395 2420 2438 2451 "
2460 2462 2475 2487 ,
2515 2439 2534 2472 ι
2564 2429 2753 2490 aperte
2781 2419 3154 2476 omnimodam
3184 2421 3500 2479 similitudi-

1904 2526 2028 2566 ncm
2060 2512 2321 2578 ostendit,
2351 2526 2513 2580 quam
2532 2511 2696 2567 habet
2727 2526 2852 2566 cum
2911 2510 3096 2570 Patre.
3134 2511 3308 2570 Habet
3351 2516 3497 2571 enim

1904 2605 1978 2658 ita
2005 2603 2196 2669 vitam,
2224 2603 2369 2658 sicut
2403 2613 2456 2657 et
2487 2601 2669 2667 Pater,
2697 2601 3010 2659 naturalem
3036 2603 3296 2660 nimirum
3331 2615 3385 2660 et
3413 2621 3501 2662 es-

1906 2697 2211 2752 sentialem.
2234 2696 2368 2751 Cum
2404 2703 2588 2750 autem
2616 2695 2934 2764 additillud,
2995 2698 3163 2762 dedit,
3199 2698 3500 2754 naturalem

1908 2801 2074 2860 atque
2100 2789 2447 2844 essentialem
2481 2802 2832 2858 progressum
2870 2789 3168 2858 signiﬁcat.
3200 2789 3321 2846 Non
3350 2792 3499 2846 enim

1906 2882 2053 2937 dedit
2078 2882 2257 2948 Pater,
2293 2892 2550 2951 tanquam
2585 2879 2789 2949 aliquid
2819 2895 2888 2936 ex
2921 2882 2986 2937 iis
3011 2897 3132 2950 quae
3160 2881 3264 2938 sibi
3291 2885 3498 2946 insunt,

1907 2974 2174 3038 adimens,
2203 2983 2257 3028 et
2288 2987 2395 3028 non
2431 2971 2653 3027 habenti
2713 2971 2851 3026 Fili‘o
2909 2973 3196 3043 adjiciens,
3235 2977 3498 3045 quemad-

1908 3063 2127 3117 modum
2170 3066 2221 3117 in
2249 3063 2582 3120 sectionibus
2615 3076 2678 3118 ac
2695 3061 2967 3118 distantiis
2989 3065 3266 3134 corporeis
3320 3065 3382 3119 ﬁt
3403 3107 3416 3132 ,
3450 3078 3504 3120 et

1907 3156 2155 3208 localiter
2182 3155 2415 3209 divisum
2440 3152 2647 3223 aliquid
2671 3153 2739 3208 ab
2757 3154 2865 3208 alio
2886 3154 2938 3209 in
2963 3153 3109 3212 aliud
3135 3156 3498 3213 transfertur:

201 3251 235 3320 ἢ
278 3247 626 3322 διαιρετικῶς
679 3252 999 3321 νοουμένην.
1071 3251 1208 3303 Ἀλλ’
1265 3251 1454 3324 ὥσπερ
1515 3253 1698 3307 δίδωσι
1744 3254 1806 3308 τὸ

1913 3244 2004 3300 scd
2027 3245 2170 3298 sicut
2193 3245 2378 3312 planta
2418 3246 2470 3298 in
2507 3243 2771 3309 fructum,
2802 3243 2895 3313 qui
2926 3258 2991 3299 ex
3012 3260 3070 3300 se
3103 3246 3371 3316 procedit,
3408 3263 3503 3302 na-

203 3343 374 3412 φυτδν
398 3341 476 3413 τῷ
510 3341 571 3407 ἐξ
594 3341 761 3395 αὑτοῦ
795 3341 1109 3414 προελθόντι
1129 3343 1329 3414 καρπῷ
1358 3343 1456 3415 τὴν
1481 3344 1629 3415 αὐτῷ
1659 3346 1802 3399 κατὰ

1915 3337 2143 3392 turalcm
2183 3352 2337 3391 suam
2383 3335 2700 3406 qualitatem
2734 3345 3020 3407 propagat,
3051 3337 3131 3392 ita
3153 3348 3210 3394 et
3255 3337 3427 3396 Filius
3474 3357 3503 3394 a

204 3435 370 3504 φύσιν
423 3436 736 3506 προσοῦσαν
787 3434 1048 3506 ποιότητα
1103 3438 1315 3506 φορεῖν,
1371 3437 1550 3499 οὕτως
1601 3440 1630 3490 6
1677 3438 1804 3501 Υἱὸς

203 3528 496 3598 εἰληφέναι
521 3527 674 3599 παρὰ
697 3525 913 3598 Πατρὸς
957 3525 1028 3578 τὰ
1077 3527 1226 3596 αὺτῴ
1263 3528 1533 3598 προσόντα
1568 3531 1802 3594 νοεῖται,

203 3621 388 3674 πάντα
425 3618 501 3672 ὣν
543 3620 643 3672 ὅσα
685 3621 782 3673 καὶ
827 3620 856 3671 6
902 3617 1092 3688 Πατὴρ
1120 3657 1132 3681 ,
1191 3617 1312 3688 δίχα
1349 3619 1513 3688 μόνον
1541 3617 1636 3671 τοῦ
1668 3613 1805 3673 εἶναι

205 3715 422 3788 Πατήρ.

914 3831 1119 3883 ΑΛΛΟ.

441 3944 760 4010 Ἀντίθεσις
789 3944 867 4008 ὡς
887 3944 954 3997 ἐκ
985 3941 1103 3997 τῶν
1147 3941 1587 4012 χριστομάχων.

281 4060 346 4114 Εἰ
373 4058 508 4131 ζωὴ,
541 4059 698 4126 φασὶ,
737 4058 879 4112 κατὰ
909 4057 1071 4125 φύσιν
1115 4057 1264 4110 ἐστὶν
1290 4057 1318 4107 ὁ
1356 4055 1508 4120 Υἱὸς,
1547 4055 1621 4118 ὡς
1646 4055 1804 4124 ὑμεῖς

208 4151 649 4224 φιλόπικότερον
706 4153 1048 4222 ἐνιστάμενοι
1103 4151 1318 4218 λέγετε,
1361 4148 1480 4211 πῶς
1510 4147 1804 4218 ἀληθεύσει

206 4247 388 4316 λέγων
417 4249 446 4300 6
476 4245 690 4309 Παῦλος
728 4245 854 4315 περὶ
885 4244 979 4297 τοῦ
1029 4243 1261 4314 Πατρός·
1303 4261 1321 4293 ι
1367 4241 1426 4294 '0
1462 4241 1622 4312 μόνος
1665 4239 1803 4310 ἔχων

209 4337 550 4404 ἀθανασίανς
578 4356 595 4389 ι
657 4336 723 4391 El
754 4337 863 4407 γὰρ
889 4335 1001 4407 ἔχει
1037 4335 1180 4389 καὶὸ
1211 4334 1361 4399 Υἱὸς,
1389 4334 1451 4387 οὐ
1499 4333 1659 4404 μόνος
1690 4333 1802 4403 ἔχει

206 4445 238 4485 o
272 4431 502 4502 Πατήρ’
555 4433 603 4483 εἰ
639 4429 696 4483 δὲ
743 4430 898 4493 μόνος
934 4429 1076 4499 ἔχει,
1131 4429 1229 4499 οὐχ
1254 4425 1366 4492 ἔξει
1399 4426 1600 4499 δηλαδὴ
1647 4429 1741 4479 καὶ
1776 4427 1804 4478 6

209 4526 363 4589 Υἱός.

708 4721 861 4790 Πρός
895 4721 1071 4776 τοῦτο
1098 4723 1299 4789 λύσις.

281 4838 466 4893 Πολλά
510 4840 795 4907 προσεῖναι
832 4837 1050 4914 λέγεται
1097 4838 1244 4910 μόνῳ
1263 4837 1342 4908 τῷ
1390 4840 1587 4908 Πατρὶ,
1625 4840 1721 4892 καὶ
1751 4840 1799 4896 εἰ

207 4933 418 4987 τούτων
446 4931 598 4984 ἔσται
631 4931 848 4984 πάντων
903 4931 1004 4984 οὐκ
1059 4931 1267 5002 ἔρημος
1318 4933 1346 4985 6
1391 4931 1538 4994 Υἱός.
1580 4931 1798 5001 Ἐπειδὴ

211 5026 550 5096 γέγραπται,
587 5023 765 5086 Μόνος
794 5023 1048 5093 ἀληθινὸς
1074 5023 1208 5086 Θεὸς
1240 5023 1269 5075 6
1299 5023 1509 5096 Πατὴρ,
1543 5023 1684 5076 ἔστω
1725 5021 1800 5092 μὴ

208 5117 468 5190 ἀληθινὸς
497 5117 526 5169 6
553 5115 702 5179 Υἱὸς,
729 5114 880 5178 νόθος
909 5115 967 5169 δὲ
991 5115 1182 5188 ὥσπερ
1207 5133 1294 5179 τις
1331 5117 1424 5170 καὶ
1451 5116 1802 5187 ψευδώνυμος

210 5209 509 5276 ιπξκτητον
547 5203 686 5274 ἔχων
727 5202 786 5256 τὸ
838 5198 978 5257 εἶναι
1027 5202 1179 5267 Θεός.
1232 5203 1343 5256 Καὶ
1383 5203 1500 5266 πῶς
1530 5202 1606 5266 ὡς
1648 5201 1804 5256 τοῦτο

209 5299 358 5354 κατὰ
387 5299 553 5366 φύσιν
580 5295 656 5349 ὢν
688 5296 1076 5365 προσκυνεῖται
1110 5293 1264 5364 παρά
1295 5311 1357 5358 τε
1382 5292 1541 5364 ήμῶν
1569 5292 1663 5344 καὶ
1698 5292 1802 5358 άγ-

209 5392 409 5462 γέλωνι,
442 5388 539 5444 τοῦ
563 5387 708 5441 θείου
734 5388 898 5457 νόμου
920 5386 1217 5456 διαρρήδην
1245 5384 1513 5453 λέγοντος·
1553 5403 1572 5436 ι
1598 5383 1802 5454 Κύριον

208 5485 304 5539 τὸν
329 5483 466 5536 Θεόν
501 5498 600 5535 σου
625 5482 1044 5552 προσκυνήσεις,
1073 5477 1171 5530 καὶ
1212 5474 1363 5547 αὑτῷ
1396 5474 1542 5545 μόνῳ
1572 5472 1802 5544 λατρεύ-

208 5594 368 5643 σειςς
401 5596 420 5629 ι
465 5575 592 5638 Πῶς
632 5574 689 5627 δὲ
723 5572 1030 5642 φυλάξομεν
1077 5570 1158 5635 τὸ,
1215 5589 1232 5620 ι
1261 5567 1375 5622 Οὐκ
1405 5569 1558 5621 ἔσται
1610 5568 1668 5620 ὲν
1719 5565 1802 5618 col.

209 5673 342 5736 Θεὸς
376 5665 691 5743 πρόσῲατος
719 5685 734 5732 ;
771 5686 788 5720 i
827 5667 888 5718 Εἰ
923 5665 1028 5736 γὰρ
1059 5665 1216 5734 μόνος
1246 5661 1386 5717 κατὰ
1417 5661 1578 5731 φύσιν
1605 5660 1738 5723 Θεὸς
1775 5661 1803 5712 6

208 5766 425 5836 Πατὴρ,
460 5764 553 5816 καὶ
580 5759 669 5814 διὰ
723 5759 786 5812 τὸ
821 5759 964 5810 οὕτω
1021 5755 1274 5826 λέγεσθαι
1315 5754 1407 5807 τοῦ
1455 5749 1593 5807 εἶναι
1644 5752 1803 5820 φύσει

279 5944 324 5973 ⁷¹
358 5940 517 5995 Juan.
555 5953 605 6002 ν,
641 5937 732 5989 ‘26.

814 5937 856 5966 τ’
887 5935 903 5990 l
931 5933 1168 5990 Tintoth.
1205 5949 1280 5999 vi,
1323 5932 1402 5987 lb‘.
1481 5933 1526 5970 ⁷³
1555 5931 1706 5985 Deut.
1737 5945 1808 5994 vt,
1850 5929 1948 5995 l‘);
1991 5927 2177 5980 Matth.
2219 5941 2291 5990 tv,
2333 5927 2412 5979 l0.

1916 3429 2082 3484 Patre
2117 3428 2395 3498 accepisse
2425 3442 2547 3498 quat
2570 3427 2673 3497 ipsi
2704 3427 2894 3484 insunt
2947 3429 3289 3501 intelligitur,
3319 3433 3505 3488 omnia

1907 3522 2179 3576 exsistens
2216 3536 2336 3592 quae
2369 3531 2424 3576 et
2455 3521 2638 3589 Pater,
2692 3530 2890 3589 prmter
2920 3521 2973 3578 id
3017 3523 3192 3580 solum
3225 3525 3369 3596 quod
3431 3527 3506 3582 sit

1909 3609 2087 3663 Pater.

2607 3816 2836 3873 ALIUD.

2347 3930 2587 3995 Obiectio
2617 3932 2845 3986 hostium
2864 3896 3086 3987 Chi-isti.

1981 4042 2038 4099 Si
2079 4042 2271 4108 Filius,
2306 4043 2579 4113 inquiunt,
2604 4055 2689 4100 est
2726 4044 3046 4100 naturaliter
3079 4044 3214 4114 vita,
3238 4053 3501 4117 quemad-

1910 4139 2126 4193 modum
2155 4152 2251 4193 vos
2283 4138 2684 4193 contentiosius
2726 4147 2982 4207 urgentes
3023 4139 3228 4206 dicitis,
3260 4157 3368 4212 quo
3407 4157 3503 4214 pa-

1907 4237 1995 4284 cto
2017 4236 2206 4283 verum
2237 4228 2344 4284 erit
2377 4231 2522 4297 quod
2563 4227 2765 4282 Paulus
2801 4228 2867 4282 de
2897 4228 3060 4284 Patre
3097 4230 3267 4286 dicit:
3331 4251 3350 4284 ο
3399 4233 3500 4301 Qui

1907 4320 2054 4375 solus
2081 4320 2246 4375 habet
2275 4319 2737 4375 immortalitatem
2756 4320 2839 4373 "‘9
2871 4339 2890 4372 ι
2915 4318 3132 4378 Sienim
3153 4324 3314 4379 etiam
3329 4325 3502 4380 Filius

1909 4412 2092 4478 habet,
2165 4427 2273 4467 non
2339 4412 2524 4480 itaque
2585 4412 2736 4467 solus
2793 4412 2956 4468 Pater
3027 4428 3148 4470 eam
3210 4418 3405 4485 habet;
3452 4421 3499 4475 si

1906 4519 2038 4559 vero
2093 4502 2258 4560 Pater
2310 4504 2458 4559 solus
2521 4504 2704 4571 habet,
2763 4515 2913 4559 certe
2951 4519 3060 4562 non
3114 4508 3335 4565 habebit
3379 4527 3499 4566 cam

1907 4595 2096 4650 Filius.

2427 4708 2634 4765 Salutio
2663 4709 2992 4779 objectionis.

1982 4825 2148 4880 Multa
2179 4825 2435 4880 dicuntur
2477 4825 2660 4880 inesse
2687 4823 2787 4879 soli
2836 4822 3012 4889 Patri,
3083 4824 3299 4880 tametsi
3331 4823 3502 4883 Filius

1910 4918 1979 4974 iis
2005 4917 2257 4974 omnibus
2282 4930 2388 4971 non
2415 4925 2617 4971 careat.
2649 4915 2934 4984 Siquidem
2965 4915 3228 4986 scriptum
3261 4926 3365 4983 est,
3396 4916 3501 4974 So-

1909 5010 1995 5068 lus
2043 5026 2210 5066 verax
2263 5009 2403 5064 Deus
2435 5007 2648 5065 Pater:
2709 5009 2875 5079 igitur
2919 5023 3027 5064 non
3087 5024 3251 5064 verax
3294 5009 3499 5078 Filius,

1908 5101 2153 5172 spurium
2178 5113 2308 5155 vero
2350 5113 2415 5154 ac
2460 5097 2654 5154 falsum
2687 5112 2883 5153 nomen
2911 5111 3127 5168 gerens,
3177 5101 3501 5156 ascititium-

1910 5207 2016 5262 que
2043 5192 2138 5248 Dei
2163 5191 2401 5247 titulum.
2424 5190 2707 5258 Quomodo
2739 5201 2916 5244 autem
2963 5197 3220 5257 tanquam
3276 5203 3501 5246 natura-

1911 5284 2037 5338 liter
2069 5285 2120 5338 id
2151 5284 2424 5338 exsistens
2467 5280 2728 5336 aduratur
2775 5295 2803 5334 a
2848 5279 3005 5335 nobis
3057 5289 3223 5350 atque
3270 5280 3498 5351 angelis,

1912 5376 2092 5430 divina
2117 5375 2236 5445 lege
2262 5382 2451 5442 aperte
2472 5372 2690 5428 dicente
2720 5387 2735 5425 :
2773 5389 2792 5424 ι
2832 5371 3119 5426 Dominum
3155 5373 3321 5426 Deum
3349 5381 3498 5425 tuum

1912 5468 2190 5532 adorabis,
2213 5477 2267 5523 et
2297 5467 2370 5521 illi
2439 5465 2538 5522 soli
2591 5466 2800 5520 servies
2826 5462 2912 5517 "‘2
2954 5483 2972 5516 ι
3005 5463 3286 5530 Quomodo
3333 5465 3498 5518 etiam

1911 5562 2319 5620 observabimus
2355 5559 2532 5614 illud:
2578 5576 2598 5610 ι
2631 5557 2748 5612 Non
2809 5557 2914 5612 erit
2965 5557 3020 5612 in
3084 5566 3135 5610 te
3197 5556 3338 5610 Deus
3412 5571 3502 5609 rev

1912 5671 2041 5712 cons
2070 5654 2161 5707 7‘?
2193 5672 2212 5707 ι
2251 5653 2307 5708 Si
2334 5653 2478 5706 enim
2507 5651 2655 5707 solus
2682 5649 2846 5704 Pater
2875 5647 3293 5703 estnaturalitcr
3335 5647 3503 5716 Deus,

1934 5760 2094 5819 atque
2125 5763 2185 5801 ea
2208 5746 2320 5818 ipsa
2353 5747 2561 5800 ratione
2594 5741 2792 5796 Filium
2853 5741 2979 5797 inde
3030 5741 3270 5796 excludit
3316 5749 3372 5794 ut
3433 5739 3505 5794 sit

2494 5926 2536 5954 ⁷³
2566 5922 2708 5978 l’sal.
2743 5939 2909 5984 Lxxx,
2943 5923 2995 5975 9.
