4024 6434
617 395 722 452 259

1611 401 1662 450 ς,
1709 398 1975 450 t2\lt|l.l.l
2017 400 2478 454 ALEXANDIIINI
2520 403 2816 456 AIIIIIIIEP

3758 404 3859 459 £60

620 517 935 571 naturaliter
972 518 1128 576 Deus,
1155 530 1282 582 ergo
1301 530 1503 600 't'ccens
1531 531 1591 569 ac
1632 534 1799 570 ttut’tts
1818 521 2010 586 aliquis
2045 535 2156 586 quo

2277 521 2404 572 Θεὸν
2443 521 2691 574 ἐκϐάλλει
2723 523 2808 572 τὸν
2845 521 2981 576 Υἰὸν,
3030 521 3332 588 πρόσφατος
3365 521 3472 588 ἄρα
3513 519 3603 570 καὶ
3626 521 3742 581 νέος
3778 537 3857 582 τις

616 606 899 657 datntnodo
929 615 1119 671 praeter
1151 619 1271 655 eum
1303 605 1391 671 qui
1434 607 1500 657 ab
1537 606 1691 658 initio
1743 620 1789 658 et
1859 610 2178 663 naturaliter

611 707 749 756 erat,
780 696 1075 748 inducetur.
1113 696 1267 763 Atqui
1306 697 1402 748 hoc
1436 698 1724 750 absurdum
1759 710 1858 752 cst.
1920 700 2030 753 Non
2078 703 2176 769 igi-

615 799 698 839 tur
723 788 940 848 idcirco,
972 788 1093 854 quia
1131 786 1288 840 Pater
1334 789 1532 841 dicitur
1566 790 1766 845 habere
1792 793 2173 846 immortalita-

613 889 740 943 tem,
770 877 932 930 FiIius
971 880 1364 930 contrariorum
1415 894 1582 947 capax
1646 882 1777 944 erit,
1832 886 1945 946 sed,
2010 884 2172 938 veluti

611 970 1033 1023 concurrentein
1071 968 1260 1020 Filium
1299 971 1614 1025 naturaliter
1644 982 1862 1040 paterna
1930 976 2170 1044 proprie-

609 1070 738 1123 tate,
774 1062 821 1111 id
856 1061 1024 1128 ipsum
1054 1061 1413 1114 essentiaIiter
1439 1076 1557 1116 esse
1580 1064 1889 1118 censebitur
1923 1067 2061 1134 quod
2090 1075 2172 1122 cst

607 1153 650 1204 is
667 1154 754 1219 qui
785 1155 951 1219 ipsum
978 1155 1177 1217 genuit.

1296 1261 1519 1315 ALIUD.

679 1375 838 1429 Multa
881 1377 1128 1429 dicuntur
1181 1378 1354 1430 inesse
1408 1376 1548 1429 Patri
1585 1378 1834 1444 przcclara
1891 1395 1953 1431 ac
2007 1380 2164 1434 veluti

603 1451 913 1533 peculiaria.
962 1468 1029 1518 At
1068 1482 1190 1518 vero
1217 1470 1258 1519 si
1285 1465 1449 1519 Filius
1481 1467 1543 1519 iis
1591 1482 1776 1520 carere
1829 1468 2054 1533 dicatur,
2115 1483 2168 1524 ct

604 1557 799 1610 Paulus
847 1557 1037 1610 alicubi
1112 1558 1234 1609 tIIt'II
1269 1574 1282 1612 :
1322 1576 1337 1607 ι
1367 1557 1688 1621 Immortali,
1738 1558 2011 1625 invisibili,
2067 1563 2163 1617 soli

603 1651 829 1720 sapienti
862 1651 964 1704 Deo
995 1652 1074 1712 "’5;
1117 1669 1130 1699 I
1167 1647 1333 1703 Filius
1389 1665 1516 1716 ergo
1548 1664 1716 1717 neque
1751 1651 1852 1704 erit
1884 1653 2161 1706 immorta-

604 1744 686 1806 lis,
718 1757 882 1809 neque
911 1743 1217 1804 invisibilis,
1260 1757 1431 1809 neque
1459 1741 1866 1808 s:tpiens,juma
1927 1755 2160 1797 vestram

2279 612 2465 680 ὥσπερ
2498 613 2951 679 ὲπεισαχθήσεται
3007 612 3151 679 παρά
3195 611 3283 661 τὸν
3314 613 3440 662 οντα
3473 611 3530 673 ἐξ
3557 611 3732 678 ἀρχῆς
3765 613 3857 662 καὶ

2279 706 2417 757 κατὰ
2442 705 2620 771 φύσιν.
2675 705 2829 756 Ἀλλά
2875 704 3029 755 τοῦτο
3073 704 3285 755 ἄτοπον.
3345 702 3551 754 Οὐκοῦν
3588 704 3649 754 οὑ
3682 703 3769 753 διὰ
3800 703 3858 753 τὸ

2277 796 2527 864 λέγεσθαι
2570 798 2726 866 μόνον
2780 796 3077 849 ἀθανασίαν
3106 796 3248 863 ἔχειν
3306 795 3397 846 τὸν
3453 796 3691 864 Πατέρα,
3748 795 3857 845 τῶν

2276 887 2539 938 ἐναντίων
2571 887 2718 938 ἔσται
2745 887 2986 947 δεκτικὸς
3035 889 3061 936 6
3101 887 3244 947 Υἱὸς,
3302 886 3412 937 ἀλλ’
3443 886 3517 947 ὡς
3553 885 3854 954 τρεχοὺσης

2275 979 2353 1039 είς
2387 978 2446 1028 τὸ
2491 979 2734 1047 γέννημα
2791 978 3035 1045 φυσικῶς
3080 978 3177 1045 τῆς
3236 977 3504 1044 πατρικῆς
3556 977 3850 1044 ἰδιότητος,

2273 1071 2428 1124 τοῦτο
2467 1075 2560 1125 καὶ
2593 1073 2750 1133 αὐτὸς
2801 1074 3059 1141 ὑπάρχων
3110 1075 3227 1124 κατ’
3254 1073 3440 1122 οὐσίαν
3491 1071 3850 1139 νοηθήσεται.

2272 1166 2406 1234 ὅπερ
2428 1166 2492 1218 ἀν
2516 1168 2598 1236 εἴη
2630 1167 2720 1218 καὶ
2747 1169 2773 1217 6
2800 1169 3063 1235 γεννήσας
3088 1167 3266 1218 αὐτόν.

2967 1279 3165 1330 AAAO.

2341 1388 2515 1442 Πολλὰ
2541 1392 2816 1457 προσεῖναι
2845 1389 3057 1455 λέγεται
3086 1389 3161 1457 τῷ
3182 1391 3350 1459 Πατρὶ
3377 1389 3848 1458 πλεονεκτήματα.

2284 1482 2418 1533 Ἀλλ’
2451 1484 2498 1534 εί
2529 1481 2731 1532 τούτων
2765 1481 2913 1532 ἔσται
2970 1481 3172 1548 γυμνὸς
3214 1483 3241 1532 6
3273 1481 3417 1542 Υἱὸς,
3475 1481 3621 1546 λέγει
3652 1481 3707 1532 δέ
3750 1497 3848 1532 που

2272 1573 2502 1639 Παῦλος,
2548 1591 2564 1623 t
2614 1572 2923 1641 Ἀφθάρτῳ,
2971 1573 3207 1641 ἀοράτῳ,
3248 1572 3392 1640 μόνῳ
3427 1571 3575 1639 σοφῷ
3626 1571 3780 1640 Θεῷ,
3826 1589 3842 1620 ο

2268 1665 2376 1718 οὔτ’
2402 1665 2697 1736 ἄφθαρτος,
2735 1665 2855 1717 οὔτε
2881 1665 3127 1733 ἀόρατος,
3161 1665 3280 1716 οὔτε
3320 1666 3479 1730 σοφὸς
3509 1664 3684 1726 ἔσται,
3724 1664 3847 1714 καθ’

2269 1759 2431 1826 ὑμᾶς.
2481 1758 2616 1810 Ἀλλ’
2653 1758 2762 1825 ἔχει
2786 1759 2885 1826 τὴν
2920 1757 3172 1810 ἀσέϐειαν
3200 1759 3435 1825 ἄμετρον
3461 1773 3582 1809 τινα
3610 1757 3670 1807 τὺ
3707 1755 3850 1808 οὕτω

600 1833 924 1899 opinionem.
963 1833 1120 1898 Atqui
1161 1835 1260 1885 hoc
1305 1832 1382 1883 \‘L'I
1436 1833 1754 1899 cogitatione
1799 1835 1906 1885 sola
1944 1835 2156 1901 impium

2272 1851 2425 1900 νοεῖν.
2453 1850 2574 1911 Πῶς
2600 1851 2705 1918 γὰρ
2733 1850 2882 1900 ἔσται
2912 1849 3148 1918 φθαρτὸς
3171 1852 3195 1901 6
3222 1849 3320 1915 τῆς
3350 1848 3659 1917 ἀφθαρσίας
3685 1864 3849 1917 χορηο

601 1926 752 1976 valdc
788 1933 887 1976 est.
917 1924 1194 1987 Quomodo
1231 1923 1382 1995 143
1417 1926 1556 1977 enim
1607 1927 1710 1978 erit
1772 1926 2156 1994 corruptibilis,

600 2027 787 2067 auelor
823 2016 932 2081 ipse
959 2024 1010 2066 et
1037 2015 1254 2082 largitor
1289 2016 1735 2082 incorruptionis?
1763 2017 1866 2069 Aut
1892 2020 2159 2084 quomodo

601 2118 788 2158 natura
818 2105 905 2158 Dei
942 2107 1110 2159 oculis
1146 2107 1289 2158 cerni
1334 2107 1535 2172 possit?
1560 2107 1664 2158 Aut
1701 2122 1806 2174 quo
1836 2117 1991 2173 pacto
2030 2107 2158 2159 insi-

599 2196 829 2265 pientem
864 2197 1197 2248 censebimus
1247 2195 1460 2258 Filium,
1525 2198 1588 2248 de
1613 2211 1720 2264 quo
1763 2197 2022 2264 scriptum
2052 2209 2154 2260 est,

598 2287 737 2352 quod
767 2288 831 2340 sit
861 2305 877 2336 α
909 2287 1211 2354 potentiaet
1243 2288 1503 2356 sapientia
1536 2288 1624 2342 Dei
1655 2286 1774 2339 πί»
1813 2287 2156 2342 Restatenim

601 2381 800 2440 dicere,
835 2379 1151 2446 sapientiam
1197 2380 1286 2431 Dei
1331 2379 1666 2445 insipientem
1714 2380 1826 2432 sive
1881 2379 2158 2447 sapientia:

596 2481 869 2537 expertem
899 2484 1038 2523 esse.
1078 2469 1242 2523 Filius
1284 2471 1462 2538 itaque
1487 2471 1835 2525 nihilominus
1864 2473 1965 2526 erit
2000 2480 2152 2525 natu-

599 2564 779 2613 raliter
808 2561 994 2614 eadem
1023 2578 1140 2629 qure
1171 2562 1350 2622 Pater,
1386 2564 1593 2616 tametsi
1619 2564 1871 2615 nonnulla
1897 2565 1959 2617 de
1978 2580 2042 2617 co
2069 2579 2154 2616 so-

599 2654 704 2704 lum
732 2654 1100 2719 prmdiceutur.
1129 2653 1318 2707 Omnia
1339 2654 1479 2707 enim
1515 2668 1630 2722 quae
1659 2654 1799 2706 Patri
1829 2655 2031 2716 insunt,
2058 2671 2154 2706 na-

598 2741 840 2793 turaliter
867 2758 928 2795 ac
956 2747 1259 2797 necessario
1287 2747 1336 2797 in
1367 2744 1774 2813 Verbum,quod
1805 2760 1866 2798 ex
1890 2746 2004 2813 ipso
2036 2762 2158 2814 pro-

596 2830 756 2892 cedit,
785 2837 1083 2882 transeunt.

1263 2920 1487 2977 ALIUD.

659 3031 713 3084 Si
747 3029 905 3085 Pater
933 3041 1014 3085 est
1047 3032 1364 3088 naturaliter
1398 3033 1526 3097 vita,
1560 3037 2008 3102 quemadmodum
2069 3055 2152 3091 rc-

594 3134 717 3173 vera
748 3130 846 3184 est,
877 3122 1034 3174 habet
1068 3123 1288 3175 omnino
1309 3123 1407 3177 hoc
1431 3125 1591 3177 etiam
1625 3123 1807 3179 Filius.
1841 3126 1974 3182 Vere
2005 3131 2146 3182 enim

2267 1943 2357 2008 γὸς
2385 1959 2396 2002 ς
2426 1943 2492 1992 Ἢ
2534 1942 2646 2003 πῶς
2667 1943 2989 2010 ὀραθήσεται
3020 1941 3153 1992 Θεοῦ
3181 1941 3337 2007 φύσις
3363 1957 3375 2002 ;
3406 1940 3472 1990 “II
3499 1940 3615 2000 πῶς
3645 1939 3847 2004 ἄσοφον

2267 2029 2404 2086 εἶναι
2434 2033 2723 2101 νομιοῦμεν
2745 2034 2832 2084 τὸν
2868 2034 3014 2098 Υίὸν,
3051 2033 3178 2102 περὶ
3212 2029 3272 2086 οὗ
3323 2033 3634 2101 γέγραπται
3664 2031 3744 2082 ὅτι
3783 2030 3848 2099 δὴ

2274 2144 2289 2174 ι
2329 2124 2460 2176 Θεοῦ
2484 2125 2711 2193 δύναμις
2758 2126 2850 2177 καὶ
2903 2126 3038 2177 Θεοῦ
3096 2125 3253 2192 σοφία
3289 2125 3463 2189 ἐστίν;
3508 2142 3524 2172 ι
3564 2124 3707 2191 Ὥρα
3737 2121 3852 2192 γὰρ.

2266 2215 2440 2281 λέγειν
2462 2219 2659 2284 ἄσοφον
2687 2213 2822 2268 εἶναι
2848 2218 2943 2286 τὴν
2974 2218 3162 2285 σοφίαν
3190 2217 3281 2268 τοῦ
3315 2215 3472 2268 Θεοῦ.
3504 2215 3715 2266 Οὐκοῦν
3744 2215 3848 2266 οὐκ

2264 2309 2624 2377 ἀποστερήσει
2656 2308 2745 2360 τὸν
2777 2309 2901 2360 Υἰὸν
2934 2310 2992 2360 τὸ
3021 2306 3159 2360 εἶναι
3194 2306 3364 2359 ταῦτα
3401 2305 3668 2374 φυσικῶς,
3700 2305 3847 2372 ἆπερ

2266 2397 2329 2449 ἂν
2361 2397 2569 2463 λέγοιτο
2591 2400 2680 2450 καὶ
2713 2401 2738 2450 6
2762 2399 2966 2468 Πατὴρ,
2994 2400 3041 2449 εἰ
3075 2399 3164 2449 καὶ
3215 2397 3300 2447 ἐπ’
3323 2395 3488 2448 αὐτοῦ
3523 2395 3684 2462 μόνον
3719 2395 3846 2445 τάτ-

2263 2506 2424 2542 τοιτο.
2448 2491 2644 2543 Φθάσει
2677 2493 2783 2560 γὰρ
2817 2492 2974 2544 πάλιν
2998 2491 3088 2541 ἐπὶ
3127 2490 3215 2541 τὸν
3239 2488 3296 2552 ἐξ
3323 2487 3487 2542 αὑτοῦ
3513 2487 3847 2558 προελθόντα

2264 2583 2451 2649 Λόγον,
2479 2584 2652 2634 πάντα
2692 2583 2757 2635 τὰ
2808 2583 2958 2651 αἱ.τῴ
3018 2583 3282 2651 προσόντα
3345 2580 3588 2649 φυσικῶς
3646 2596 3704 2632 τε
3748 2581 3847 2632 καὶ

2264 2675 2596 2740 ἀναγκαίως.

2943 2938 3141 2988 ΛᾹΛΟ.

2333 3053 2392 3104 Εἰ
2417 3051 2527 3118 ζωὴ
2564 3051 2699 3101 κατὰ
2729 3049 2889 3117 φύσιν
2917 3050 3063 3100 ἐστὶν
3093 3051 3118 3099 6
3148 3048 3355 3118 Πατὴρ,
3387 3048 3580 3119 ὥσπερ
3616 3045 3710 3102 οὖν
3744 3055 3842 3104 u‘.

2264 3148 2426 3206 ἔστιν,
2457 3145 2566 3212 ἔχει
2602 3144 2814 3202 παντως
2845 3139 2999 3191 τοῦτο
3039 3140 3127 3190 καὶ
3174 3139 3202 3189 6
3234 3139 3376 3202 Υίὸς.
3418 3139 3697 3207 ’Δληθεύει
3731 3142 3844 3213 γὰρ

593 3212 720 3267 dicit
773 3227 890 3266 cum
951 3213 1119 3267 aitzt
1180 3213 1372 3268 Omnia
1427 3231 1539 3285 qua:
1595 3218 1752 3272 habet
1819 3218 1998 3284 Pater,
2038 3236 2152 3274 mea

2272 3241 2429 3304 ιέγων
2454 3255 2465 3266 ·
2487 3205 2529 3285 ’.ι
2562 3236 2741 3287 Πάντα
2770 3235 2866 3286 ὅσα
2895 3233 3004 3300 ἔχει
3040 3233 3066 3283 6
3090 3231 3296 3301 Πατὴρ,
3335 3231 3443 3301 ἐμά
3468 3205 3638 3285 ἐστιν.
3677 3253 3695 3284 ι

593 3315 717 3358 sunt
738 3305 801 3357 ".
842 3324 860 3355 ι

956 3396 1182 3460 ALIUD,
1216 3396 1346 3449 idem
1378 3415 1442 3451 ex
1473 3404 1756 3459 contrario.

655 3512 712 3565 Si
749 3510 905 3564 Pater
933 3521 1012 3564 est
1043 3512 1146 3564 vita
1179 3513 1699 3579 naturaliter,Filius
1717 3533 1845 3574 vero
1877 3535 1981 3574 non
2005 3522 2151 3587 item,

599 3618 703 3670 quo
735 3611 888 3671 pacto
915 3617 1039 3656 vere
1063 3603 1225 3656 dicit:
1252 3622 1268 3653 t
1294 3602 1484 3658 Omnia
1519 3623 1636 3675 quae
1663 3610 1821 3664 habet
1855 3611 2010 3667 Pater
2037 3630 2150 3668 mea

596 3694 760 3747 sunt?
800 3713 816 3743 ι
851 3693 1009 3761 Atqui
1039 3708 1142 3747 non
1179 3695 1434 3748 mentitur
1462 3699 1679 3753 veritas.
1722 3700 1815 3756 Est
1879 3703 2040 3774 igitur
2073 3723 2154 3761 rc-

593 3798 716 3837 vera
752 3783 1068 3838 naturaliter
1101 3784 1206 3838 vita
1240 3783 1429 3854 Filius,
1475 3791 1928 3858 quemadmodum
1971 3806 2025 3850 et
2047 3796 2151 3850 Pa-

591 3886 689 3929 ter.

1223 3989 1371 4043 Idem
1395 3992 1564 4046 aliter.

665 4102 720 4154 Si
756 4101 916 4154 Pater
950 4110 1030 4154 est
1063 4101 1384 4156 naturaliter
1401 4105 1528 4169 vita,
1578 4104 1746 4160 Filius
1791 4121 1966 4174 autem
2046 4130 2148 4168 non

593 4193 740 4258 item,
777 4193 870 4246 sed
931 4193 1290 4248 accessoriam
1333 4203 1494 4264 atque
1533 4197 1817 4252 ascititiam
1862 4202 2021 4256 vitam
2054 4207 2150 4258 ha-

589 4286 699 4349 bet,
729 4299 832 4352 quo
861 4293 1015 4353 pacto
1050 4299 1172 4339 vero
1225 4285 1289 4338 ad
1314 4283 1522 4340 Patrem
1550 4288 1678 4342 dicit
1706 4309 1718 4342 :
1760 4310 1775 4337 ι
1822 4290 2010 4347 Omnia
2035 4312 2150 4350 mea

591 4388 678 4431 tua
711 4387 855 4442 sunt,
887 4387 938 4430 et
959 4387 1042 4430 tua
1064 4392 1180 4431 mea
1204 4377 1288 4430 7'?
1324 4396 1342 4429 ι
1371 4380 1474 4432 Aut
1497 4381 1639 4433 enim
1678 4381 1839 4436 habet
1895 4388 2152 4440 naturali-

594 4481 674 4525 ter
697 4469 836 4538 quod
857 4469 925 4521 sit
957 4469 1064 4521 vita
1118 4469 1279 4522 etiam
1337 4470 1450 4536 ipse
1491 4490 1502 4524 :
1543 4473 1682 4538 quod
1719 4474 1932 4542 quidem
1975 4478 2149 4533 Patris

2526 3397 2726 3456 AAAO,
2764 3392 2827 3445 τὸ
2861 3392 3005 3444 αὐτὸ
3032 3391 3098 3443 ὲκ
3126 3391 3231 3444 τοῦ
3269 3391 3571 3446 ἐναντίου.

2329 3513 2388 3562 Εί
2418 3510 2530 3578 ζωὴ
2565 3508 2704 3561 κατὰ
2740 3509 2899 3575 φύσιν
2945 3507 3090 3558 ἐστὶν
3120 3509 3146 3558 6
3183 3507 3391 3576 Πατὴρ,
3427 3507 3455 3557 6
3478 3504 3536 3557 δὲ
3569 3505 3697 3569 Υἱὸς
3742 3507 3842 3577 οὐχ

2256 3603 2447 3664 οὕτως,
2480 3601 2594 3662 πῶς
2642 3600 2930 3667 ἀληθεύσει
2979 3599 3186 3665 λέγων·
3225 3617 3242 3648 t
3277 3598 3460 3650 Πάντα
3511 3599 3612 3650 ὅσα
3659 3598 3771 3668 ἔχει
3814 3604 3843 3652 6

2260 3695 2471 3761 Πατὴρ,
2514 3691 2623 3760 ὲμά
2653 3692 2840 3754 tactv;
2878 3709 2894 3740 ι
2943 3690 3080 3741 ’Λλὶδ
3107 3691 3205 3741 οὐκ
3246 3687 3310 3741 ἂν
3348 3688 3610 3756 ψεύσαιτο
3643 3691 3676 3759 ἡ
3708 3690 3842 3760 ἀλή-

2255 3783 2393 3848 θεια,
2433 3783 2585 3834 ἔσται
2619 3781 2857 3850 δηλονότι
2892 3779 3006 3850 ζωὴ
3041 3780 3178 3833 κατά
3205 3781 3366 3850 φύσιν
3406 3781 3434 3833 6
3464 3780 3614 3844 Υἱὸς,
3651 3781 3842 3854 ὥσπερ

2257 3877 2346 3926 καὶ
2373 3876 2401 3926 6
2423 3874 2630 3942 Πατήρ.

2777 3988 3009 4051 ’Ἄλλως
3048 3986 3114 4038 τὸ
3141 3985 3309 4039 αὐτό.

2325 4099 2384 4149 Et
2414 4096 2525 4168 ζωὴ
2556 4097 2695 4150 κατά
2736 4098 2894 4165 φύσιν
2935 4099 3081 4150 ἐστὶν
3109 4099 3137 4150 6
3171 4099 3381 4168 Πατὴρ,
3409 4101 3438 4152 6
3468 4100 3524 4152 δὲ
3568 4100 3696 4163 Υίὺς
3739 4103 3837 4171 οὐχ

2252 4190 2444 4254 οὕτως,
2499 4192 2612 4243 ἀλλ’
2667 4195 2990 4247 ἐπείσακτον
3038 4194 3146 4265 ἔχει
3204 4195 3264 4246 τὸ
3297 4190 3434 4246 εἶναι
3491 4192 3671 4260 τοῦτο,
3719 4195 3838 4258 πῶς

2253 4283 2539 4353 ἀληθεύσει
2573 4285 2744 4353 λέγων
2788 4288 2922 4354 πρὸς
2963 4287 3052 4340 τὸν
3098 4288 3334 4356 Πατέρα,
3377 4288 3458 4339 ὅτι
3495 4305 3513 4334 ο
3551 4287 3737 4340 Πάντα
3769 4290 3838 4341 τὰ

2253 4379 2361 4447 ἐμὰ
2390 4379 2457 4431 σά
2489 4380 2625 4442 ἐστι,
2663 4379 2752 4432 καί⁵
2775 4381 2842 4432 τὰ
2867 4380 2932 4432 σά
2967 4379 3110 4448 ὲμά;
3152 4399 3168 4430 ι
3202 4380 3270 4431 Ἦ
3300 4377 3408 4449 γὰρ
3435 4377 3548 4444 ἕξει
3578 4379 3722 4431 κατά
3748 4379 3840 4447 φῦ-

2255 4487 2337 4520 σιν
2372 4470 2433 4522 16
2455 4464 2594 4523 εἶναι
2625 4471 2736 4542 ζωὴ
2775 4473 2868 4524 καὶ
2899 4471 3079 4535 αὐτὸς,
3129 4471 3266 4541 ὅπερ
3295 4473 3410 4522 ἐστι
3454 4468 3547 4522 τοῦ
3597 4471 3833 4541 Πατρός.

590 4571 705 4625 est;
740 4569 829 4612 aut
860 4559 903 4612 si
939 4573 1040 4612 non
1070 4559 1191 4624 hoc,
1232 4559 1324 4613 sed
1369 4574 1487 4628 qua:
1513 4575 1610 4614 sua
1643 4573 1767 4617 sunt
1796 4563 1968 4621 Patris
2000 4579 2144 4631 sunt,

2277 4561 2320 4611 Π
2353 4561 2401 4612 εί
2432 4560 2506 4630 μὴ
2533 4561 2706 4625 τοῦτο,
2746 4561 2840 4613 τοῦ
2892 4563 2946 4614 δὲ
2987 4562 3198 4631 Πατρός
3238 4563 3352 4614 ἐστι
3382 4577 3447 4614 τα
3492 4561 3686 4624 αὑτοῦ,
3712 4565 3836 4616 ἐπεὶ

590 4667 709 4704 cum
738 4666 840 4704 non
872 4651 941 4703 sit
968 4648 1284 4704 naturaliter
1303 4650 1409 4703 vita
1437 4647 1626 4716 Filius,
1662 4667 1728 4709 ne
1750 4652 1904 4708 Pater
1928 4658 2145 4726 quidem

590 4742 905 4796 naturaliter
937 4742 1039 4793 vita
1109 4741 1212 4794 erit
1242 4759 1253 4792 :
1289 4741 1431 4808 quod
1497 4753 1579 4797 est
1627 4746 1941 4801 absurdum.
1991 4749 2148 4806 Pater

588 4834 727 4886 enim
761 4831 1077 4884 naturaliter
1117 4840 1201 4885 est
1249 4833 1399 4886 vita:
1447 4837 1549 4886 crit
1603 4849 1777 4891 autem
1832 4840 1931 4894 huc
1974 4841 2145 4909 ipsum

587 4925 775 4988 Filius,
809 4941 872 4979 ne
897 4939 924 4978 a
947 4923 1292 4978 similitudine
1326 4936 1444 4978 eum
1473 4923 1628 4985 Patre
1665 4931 1894 4983 recedat.

1256 5038 1479 5095 ALIUD.

648 5150 716 5205 -Si
768 5151 931 5204 Filius
989 5160 1071 5204 est
1116 5151 1452 5206 omnimodus
1499 5154 1756 5221 planeque
1834 5159 2143 5217 indifferens

586 5240 868 5294 character
911 5239 1258 5308 hypostaseos
1289 5238 1483 5304 Patris,
1505 5243 1824 5296 naturaliter
1851 5246 2013 5299 etiam
2043 5249 2143 5302 hoc

587 5332 978 5398 habebit,quod
1002 5332 1069 5384 sit
1102 5331 1232 5397 vita,
1268 5346 1334 5384 ne
1359 5332 1677 5386 obliteretur
1723 5349 1783 5388 ac
1820 5336 2143 5403 depravetur

585 5421 866 5475 character
891 5421 1085 5476 Patris.

1259 5535 1484 5591 ALIUD.

650 5621 898 5678 Christus
925 5625 1120 5681 alicubi
1147 5628 1214 5681 ad
1254 5629 1541 5698 discipulos
1570 5646 1697 5686 suos
1733 5633 1804 5686 ita
1839 5635 1911 5687 ait
1941 5655 1950 5687 :
1985 5653 2001 5684 ‹
2039 5633 2139 5699 Qui

650 5780 696 5810 "'
722 5779 738 5832 I
764 5779 994 5834 Timoth.
1031 5797 1066 5846 ι,
1099 5783 1180 5839 I7.
1279 5783 1361 5835 ⁷⁸1
1399 5784 1518 5840 Cor.
1561 5804 1594 5850 ι,
1622 5787 1708 5838 2i.

1788 5788 2011 5844 "Joan.
2053 5806 2163 5853 xw,
2208 5791 2288 5844 I5.

2256 4651 2328 4720 μὴ
2358 4651 2498 4703 κατά
2530 4651 2689 4719 φύσιν
2723 4653 2838 4704 ἐστὶ
2871 4652 2982 4721 ζωὴ
3005 4655 3033 4704 6
3063 4653 3209 4716 Υίὸς,
3246 4654 3344 4706 οὑκ
3373 4653 3522 4707 ἔσται
3549 4656 3713 4709 τοῦτο
3741 4658 3832 4708 καὶ

2251 4743 2278 4793 6
2305 4743 2514 4812 Πατήρ.
2571 4743 2730 4795 Ἀλλά
2774 4742 2933 4796 τοῦτο
2982 4745 3199 4797 ἄτοπον.
3234 4745 3394 4798 Φύσει
3430 4745 3537 4816 γὰρ
3570 4748 3599 4799 6
3641 4748 3832 4819 Πατὴρ

2254 4833 2386 4902 ζωὴ,
2436 4833 2586 4886 ἔσται
2625 4833 2780 4886 τοῦτο
2825 4836 2917 4888 καὶ
2946 4836 2974 4887 6
3013 4835 3158 4899 Υἱὸς,
3192 4837 3276 4890 ἵνα
3317 4837 3389 4906 μὴ
3424 4837 3690 4906 ψεύδηται
3738 4842 3837 4910 τὴν

2255 4929 2528 4996 ὁμοίωσιν.

2942 5041 3140 5096 AAAO.

2323 5155 2386 5207 Εἰ
2431 5153 2716 5224 χαρακτὴρ
2748 5155 3160 5223 ἀπαράλλακτος
3210 5154 3303 5224 τῆς
3333 5152 3426 5206 τοῦ
3459 5153 3674 5223 Πατρὸς
3698 5154 3832 5205 ὑπο-

2253 5247 2494 5309 στάσεώς
2521 5249 2668 5298 ἐστιν
2693 5249 2720 5298 6
2754 5247 2896 5310 Υἱὸς,
2927 5248 3144 5316 φορέσει
3188 5247 3431 5314 φυσικῶς
3467 5247 3558 5297 καὶ
3587 5247 3647 5296 τὸ
3693 5241 3830 5297 εἶναι

2252 5338 2383 5406 ζωὴ,
2411 5326 2529 5390 ’ἵνα
2590 5341 2662 5408 μὴ
2721 5340 3206 5409 παραχαράττηται
3251 5337 3344 5390 τοῦ
3399 5337 3612 5407 Πατρὸς
3658 5340 3686 5389 ὁ
3734 5356 3831 5406 χα-

2253 5432 2456 5499 ρακτήρ

2935 5547 3140 5598 AAAO.

2319 5636 2453 5706 Φησῐ
2473 5653 2574 5688 που
2603 5636 2834 5706 Χριστὸς
2857 5638 2991 5707 πρὸς
3007 5640 3134 5701 τοὺς
3161 5636 3354 5690 ἑαυτοῦ
3386 5634 3637 5712 μαθιητάς
3662 5655 3676 5669 ο
3713 5655 3732 5688 ι
3771 5634 3831 5690 Ὀ

2372 5793 2415 5824 ⁷⁸
2440 5791 2596 5846 Joan.
2634 5808 2765 5858 χιιι,
2806 5794 2888 5849 ID.
