4024 6470
217 442 317 498 2M

212 654 317 724 τηρ
336 656 396 708 ὲν
425 655 538 726 Υίῷ
560 655 809 722 φαίνεται
840 656 952 726 ζωὴ
975 657 1114 710 κατά
1147 655 1309 725 φύσιν
1342 656 1624 726 ὑπάρχων,
1649 656 1803 708 ἔσται

213 747 370 800 τοῦτο
405 752 499 803 καὶ
529 750 558 801 6
592 749 740 814 Υἱὸς,
775 751 859 804 ἵνα
891 752 965 820 μὴ
997 751 1262 821 ψεύδηται
1293 753 1391 821 τὴν
1415 750 1692 821 ὁμοίωσιν.

211 861 430 928 ΔΛΛΟ,
474 863 544 916 ἐκ
607 861 725 917 τῶν
777 864 975 917 αὐτῶν
1019 863 1115 946 διὰ
1159 864 1270 931 τῆς
1314 867 1401 930 εἰς
1429 865 1656 918 ἄτοπον
1695 863 1804 917 ἀπ-

891 953 1150 1004 ατωγηςο

277 1047 418 1116 Φησί
443 1064 548 1100 που
573 1035 806 1118 Χριστός
829 1063 842 1076 ·
881 1067 898 1100 ι
941 1049 997 1102 Ὀ
1032 1050 1295 1120 ἑωρακὼς
1318 1051 1439 1120 ἐμὲ,
1476 1051 1689 1122 ἑώρακε
1712 1050 1803 1104 τὸν

212 1141 455 1212 Πατέρα.
505 1161 524 1193 t
560 1143 622 1195 El
661 1142 837 1197 τοίνυν
883 1146 1206 1199 ἐπείσακτον
1232 1147 1348 1218 ἦτοι
1375 1148 1518 1201 κατὰ
1546 1148 1804 1218 μετοχὴν,

213 1231 307 1286 καὶ
331 1234 436 1286 οὐκ
472 1233 731 1297 οὐσιῶδες
769 1231 880 1305 ἔχει
906 1235 965 1287 τὸ
1002 1233 1142 1290 εἶναι
1166 1235 1304 1307 ζωὴ,
1336 1238 1489 1290 ἔσται
1518 1238 1677 1291 τοῦτο
1711 1240 1805 1292 καὶ

209 1326 239 1378 6
271 1325 485 1396 Πατήρ.
513 1323 706 1393 Φυγὼν
731 1325 787 1378 δὲ
816 1326 908 1379 τοῦ
939 1327 1099 1395 λόγου
1120 1328 1217 1398 τὴν
1253 1328 1507 1394 ἀτοπίαν,
1547 1329 1605 1396 ἐξ
1637 1328 1804 1396 ἀνάγ-

209 1432 313 1484 κης
361 1416 719 1486 ὁμολογήσεις
773 1417 832 1470 τὸ
876 1417 1097 1489 ἕτερον·
1132 1419 1245 1491 ζωὴ
1289 1419 1397 1491 γὰρ
1453 1419 1596 1475 κατὰ
1640 1420 1802 1489 φύσιν

206 1509 236 1560 6
267 1508 414 1571 Υἱός.

898 1625 1102 1680 AAAO.

275 1738 340 1791 El
372 1738 468 1791 τοῦ
513 1738 725 1809 [ἰατρὸς
767 1739 865 1810 τὴν
899 1739 1090 1794 οὐσίαν
1133 1742 1161 1793 6
1194 1741 1320 1804 Υἱὸς
1365 1743 1804 1813 ἀπαραλλάκτως

203 1829 637 1900 χαρακτηρίζειν
676 1827 917 1897 λέγεται,
952 1829 1069 1883 ἔστι
1105 1831 1160 1884 δὲ
1198 1833 1258 1885 οὐ
1294 1833 1436 1886 κατά
1470 1833 1636 1902 φύσιν
1666 1833 1801 1904 ζωὴ,

1639 442 2079 500 'I‘IIESAURL‘S.

217 563 479 633 ἑωρακὼς
504 565 626 634 ἐμὲ,
650 565 860 636 ἑώρακε
886 564 974 618 τὸν
1006 565 1245 635 Πατέρα.
1286 583 1305 617 ›
1336 565 1397 618 Εἰ
1425 566 1603 618 τοίνυν
1638 567 1664 617 6
1694 567 1797 618 Πα-

1913 567 2046 621 vidit
2082 582 2185 630 me,
2232 569 2363 622 vidit
2401 579 2454 621 et
2485 567 2698 621 Patrem
2725 569 2789 622 ν’.

3395 449 3500 506 242

2844 588 2858 618 ι
2905 569 2958 622 Si
3006 569 3167 637 igitur
3232 569 3389 624 Pater
3445 575 3496 626 in

1907 658 2044 713 Filio
2063 667 2288 728 apparet
2306 658 2410 711 vita
2442 658 2761 713 naturaliter
2777 659 3184 724 exsistens,erit
3210 663 3309 717 hoc
3333 662 3494 717 etiam

1912 749 2100 817 Filius,
2139 764 2205 804 ne
2230 751 2365 805 falsa
2394 751 2465 807 sit
2488 751 2805 807 similitudo.

1978 864 2208 930 ALIUD,
2235 882 2299 920 ex
2325 867 2510 921 iisdem
2541 884 2657 921 cum
2699 870 2998 924 reductiona
3020 871 3085 922 ad
3111 871 3422 924 absurdum.

1976 1046 2227 1101 Christus
2256 1047 2453 1103 alicubi
2487 1047 2697 1117 inquit:
2744 1066 2760 1100 ι
2797 1047 2897 1116 Qui
2951 1050 3082 1103 vidit
3116 1066 3220 1115 me,
3257 1052 3386 1105 vidit
3441 1062 3498 1107 et

1904 1135 2143 1190 Patrem.
2173 1153 2194 1190 ι
2233 1136 2289 1191 Si
2341 1152 2472 1207 ergo
2503 1138 2868 1192 accesserinm
2904 1137 3007 1190 hoc
3070 1137 3146 1190 illi
3211 1147 3311 1201 est,
3378 1138 3497 1194 sive

1907 1243 2003 1299 per
2026 1229 2519 1298 participationem,
2572 1237 2628 1282 et
2683 1242 2788 1283 non
2831 1228 3142 1293 essentiale,
3199 1231 3342 1299 quod
3427 1230 3497 1284 sit

1906 1322 2036 1387 vita,
2082 1322 2186 1376 erit
2214 1322 2316 1378 hoc
2345 1321 2509 1377 etiam
2541 1321 2721 1378 Pater.
2757 1320 2924 1389 Cujus
2950 1321 3080 1376 dicti
3099 1306 3491 1377 absurditatem

1906 1413 2140 1484 fugiens,
2171 1415 2480 1469 necessario
2518 1411 2775 1468 fateberis
2803 1414 3134 1468 contrarium
3163 1431 3176 1467 :
3203 1415 3311 1468 vita
3346 1415 3491 1468 enim

1905 1515 1988 1561 est
2014 1505 2336 1562 naturaliter
2366 1506 2562 1561 Filius.

2582 1616 2812 1673 ALIUD.

1977 1734 2036 1788 Si
2064 1732 2233 1788 Filius
2260 1733 2438 1788 Patris
2467 1731 2756 1787 essentiam
2786 1729 3096 1785 omnimoda
3131 1727 3292 1800 lu
3339 1727 3493 1782 simi-

1905 1826 2130 1883 litudine
2165 1826 2471 1897 exprimere
2511 1825 2728 1892 dicitur,
2755 1833 2948 1892 estque
2979 1823 3091 1892 ipse
3123 1837 3228 1876 non
3267 1830 3488 1875 natura-

203 1919 319 1973 ἀλλ’
351 1920 410 1971 ἐν
437 1919 757 1991 προσθήκης
788 1921 945 1992 μέρει
995 1923 1154 1975 τοῦτο
1184 1923 1474 1994 λαμϐάνει,
1515 1925 1676 1978 τοῦτο
1707 1927 1797 1979 καὶ

1910 1919 2031 1975 liter
2057 1919 2188 1983 vita,
2216 1918 2310 1973 sed
2339 1931 2437 1989 per
2467 1915 2827 1988 adjectionem
2863 1914 2994 1968 illud
3050 1913 3267 1983 accipit,
3327 1913 3492 1967 Pater

201 2011 230 2063 6
277 2012 470 2082 Πατὴρ
503 2012 852 2082 νοηοήσεται.
891 2014 963 2066 Τὸ
991 2014 1050 2067 δὲ
1081 2017 1139 2068 ἑν
1166 2016 1375 2081 τούτοις
1403 2017 1625 2082 ἄτοπον,
1659 2036 1800 2090 παρ-

201 2104 431 2159 εισοίσει
458 2103 518 2157 τὸ
547 2103 810 2168 ἐναντίον,
837 2104 975 2176 ὅπερ
1003 2107 1120 2158 ἐστὶ
1144 2109 1238 2160 καὶ
1276 2107 1497 2178 ἀληθές.

879 2219 1085 2271 ΑΛΛΟ.

272 2325 359 2381 Τὰ
385 2327 674 2398 ἑτερογενῆ
703 2346 762 2382 τε
790 2332 883 2383 καὶ
911 2332 1176 2402 ὲτεροφυῆ
1198 2334 1296 2404 τὴν
1331 2336 1501 2406 αὐτὴν
1521 2337 1802 2409 ἐνέργειαν

199 2417 371 2487 ἔχειν,
400 2419 498 2472 οὐκ
527 2419 595 2472 ἄν
627 2437 711 2483 τις
745 2420 856 2492 δῴη
894 2423 1205 2493 σωφρονῶν.
1238 2425 1372 2480 Οὐδὲ
1400 2428 1510 2500 γὰρ
1549 2429 1617 2483 ἂν
1646 2429 1802 2484 ὕδατι

199 2507 316 2578 πῦρ
339 2510 398 2562 ἓν
447 2527 500 2564 τι
542 2513 636 2565 καὶ
673 2513 870 2566 ταυτὸν
913 2515 1286 2586 ὲνεργήσειεν,
1317 2517 1437 2572 ἀλλ’
1472 2519 1664 2592 ὥσπερ
1696 2522 1803 2575 ἀπ-

200 2603 616 2674 εσχοινισμένον
675 2604 858 2675 έχουσι
884 2610 982 2677 τῆς
1008 2608 1200 2672 οὐσίας
1241 2610 1363 2680 ἦτοι
1391 2611 1492 2682 τῆς
1511 2614 1802 2684 ποιότητος

198 2694 293 2748 τὸν
322 2695 503 2764 λόγον,
540 2697 686 2751 οὕτω
721 2699 816 2753 καὶ
843 2699 1104 2772 διάφορον
1131 2701 1476 2758 ἀποδώσουσι
1505 2706 1606 2776 τὴν
1648 2707 1800 2778 ἐνέρ-

198 2802 378 2853 γειαν.
411 2786 474 2840 Ei
508 2787 690 2840 τοίνυν
730 2789 876 2856 ζωῆς
910 2789 1063 2854 ὄντος
1084 2791 1227 2845 κατά
1256 2792 1419 2862 φύσιν
1436 2795 1531 2848 τοῦ
1561 2795 1796 2865 Πατρὸς,

198 2878 302 2931 οὐκ
333 2878 451 2932 ἐστι
498 2870 659 2931 τοῦτο
694 2880 815 2933 κατ’
839 2881 1030 2935 οὐσίαν
1059 2882 1086 2934 6
1121 2883 1269 2946 Υίὸς,
1303 2884 1492 2956 ὥσπερ
1531 2888 1644 2950 τοῖς
1675 2905 1800 2958 χρι-

201 2967 497 3037 στομάχοις
522 2967 692 3033 δοκεῖ,
718 2970 834 3033 πῶς
853 2970 949 3040 τὴν
977 2971 1146 3042 αὐτὴν
1171 2973 1452 3044 ἐνέργειαν
1478 2975 1698 3046 φορὲσει
1721 2977 1802 3047 τῷ

199 3058 380 3129 Πατρί
405 3077 418 3123 ;
447 3061 585 3130 Φησὶ
607 3061 715 3130 γάρ
751 3079 853 3114 που
889 3064 1144 3134 Χριστὸς,
1194 3064 1275 3118 ὅτι
1307 3065 1520 3138 Ὥσπερ
1553 3070 1582 3121 6
1608 3067 1800 3145 Πατὴρ

197 3150 298 3214 οὓς
331 3150 475 3205 θέλει
514 3153 787 3217 ζωοποιεῖ,
820 3154 963 3207 οὕτω
1001 3155 1092 3208 καὶ
1120 3159 1148 3209 6
1182 3155 1311 3221 Υἱὸς
1355 3157 1448 3221 οὒς
1473 3159 1616 3212 Θέλει
1657 3159 1797 3218 ζωο-

1905 2026 2125 2083 quoque
2153 2011 2256 2067 hoc
2280 2024 2404 2067 esse
2436 2009 2771 2065 censebitur.
2824 2006 2939 2063 Hoc
2989 2021 3119 2061 vero
3173 2007 3490 2070 absurdum,

1904 2100 2217 2159 necessario
2239 2099 2404 2158 infert
2435 2099 2770 2156 contrarium
2793 2137 2807 2162 ,
2841 2097 2983 2168 quod
3012 2105 3067 2153 et
3091 2112 3277 2152 verum
3317 2103 3423 2151 est.

2607 2210 2841 2268 ALIUD.

1974 2329 2108 2398 Quae
2136 2328 2336 2385 diversi
2367 2336 2492 2385 sunt
2523 2327 2743 2400 generis
2766 2335 2822 2382 et
2861 2334 3092 2390 naturae,
3153 2339 3313 2380 nemo
3343 2339 3494 2380 com-

1903 2439 2000 2494 pos
2031 2423 2229 2480 mentis
2252 2420 2499 2477 eamdem
2516 2420 2891 2492 operationem
2944 2419 3147 2474 habere
3183 2417 3361 2483 dicet;
3403 2433 3496 2473 ne-

1903 2530 2010 2588 que
2028 2517 2174 2572 enim
2231 2515 2371 2586 ignis
2411 2523 2466 2569 et
2505 2529 2644 2584 aqua
2672 2513 2812 2569 idem
2877 2512 3144 2568 efﬁcient:
3178 2513 3272 2568 sed
3304 2527 3496 2582 quem-

1903 2606 2194 2662 admodum
2246 2605 2517 2660 diversam
2573 2604 2775 2658 habent
2810 2604 3063 2659 essentize
3087 2604 3202 2658 sive
3255 2602 3492 2671 qualita-

1903 2697 1974 2754 tis
2004 2697 2294 2763 rationem,
2324 2697 2397 2751 ita
2416 2697 2580 2752 etiam
2614 2694 2885 2750 diversam
2913 2693 3292 2764 operationem
3309 2693 3494 2750 edent.

1905 2787 1961 2843 Si
1983 2802 2115 2858 ergo
2134 2802 2258 2844 cum
2291 2785 2454 2842 Pater
2473 2787 2548 2844 sit
2571 2785 2895 2841 naturaliter
2927 2785 3062 2849 vita,
3104 2783 3276 2839 Filius
3312 2783 3364 2838 id
3402 2797 3497 2836 na-

1903 2878 2157 2934 turaliter
2200 2893 2306 2935 non
2360 2887 2464 2947 est,
2534 2877 2991 2948 quemadmodum
3052 2877 3238 2932 hostes
3292 2874 3496 2930 Christi

1901 2971 2214 3042 opinantur,
2234 2985 2341 3040 quo
2354 2979 2514 3040 pacto
2529 2971 2773 3025 eamdem
2799 2984 2920 3023 cum
2945 2968 3106 3023 Patre
3124 2968 3494 3039 operationem

1902 3063 2163 3120 habebit?
2205 3063 2385 3134 Inquit
2427 3061 2574 3117 enim
2622 3061 2821 3116 alicubi
2863 3059 3120 3114 Christus
3160 3060 3304 3129 quod
3335 3056 3495 3113 «Sic-

1905 3165 1963 3212 ut
2013 3156 2334 3226 Paterquos
2365 3155 2477 3210 vult
2503 3154 2760 3219 vivificat,
2786 3153 2860 3207 ita
2896 3161 2951 3208 et
2977 3152 3147 3208 Filius
3189 3167 3324 3222 quos
3382 3152 3498 3207 vult

201 3243 364 3296 ποιεῖ.
391 3244 466 3296 Οὐ
516 3244 627 3314 γὰρ
645 3245 705 3314 δή
734 3262 834 3298 που
857 3246 1240 3310 ζωοποιεῶθαι
1264 3249 1362 3317 μὲν
1384 3251 1589 3321 ἑτέρως
1610 3252 1796 3323 ἐροῦσι

1910 3248 2140 3304 rivilicat
2162 3247 2230 3302 '°.
2259 3265 2276 3299 ι
2301 3246 2486 3317 Neque
2504 3247 2650 3301 enim
2670 3245 2935 3299 viviticari
2956 3245 3214 3300 dicuntur
3230 3254 3500 3314 quotquot

196 3335 326 3397 τοὺς
359 3335 473 3388 ὅσοι
513 3337 664 3406 παρὰ
693 3339 786 3389 τοῦ
830 3339 1042 3410 Πατρὸς
1071 3339 1232 3394 τοῦτο
1261 3341 1621 3412 λαμϐάνουσι,
1659 3345 1798 3407 Cmo-

199 3429 475 3481 ποιεῖσθαι
515 3427 572 3481 δὲ
644 3430 804 3485 πάλιν
847 3433 967 3485 καθ’
1002 3434 1189 3506 ἕτερον
1229 3437 1430 3505 τρόπον
1460 3438 1587 3501 τοὺς
1646 3439 1798 3510 παρά

198 3519 295 3573 τοῦ
331 3519 462 3573 Υίοῦ
512 3520 670 3574 τοῦτο
709 3522 1052 3593 δεχομένους.
1105 3525 1263 3580 Οὕτω
1312 3527 1421 3598 γὰρ
1449 3527 1619 3600 ἔφησε
1666 3531 1799 3595 ζωο-

198 3613 374 3664 ποιεῖν
401 3610 492 3664 τ“ὸν
527 3612 770 3684 Πατέρα,
801 3615 877 3678 ὡς
912 3617 976 3668 ἂν
1003 3617 1394 3689 ζωοποιήσειεν
1419 3621 1446 3672 6
1473 3621 1622 3686 Υἱὸς,
1655 3639 1797 3676 παν-

197 3702 368 3772 ταχοῦ
402 3703 501 3774 τὴν
551 3705 723 3776 αὐτὴν
754 3707 1036 3777 ἐνέργειαν
1059 3707 1252 3778 ἔχοντα
1279 3709 1358 3780 τῷ
1400 3711 1576 3782 Πατρὶ
1605 3711 1798 3768 ἑαυτὸν

195 3795 536 3866 ὁριζόμενος.
580 3796 789 3849 Οὐκοῦν
821 3798 920 3850 οὐκ
951 3799 1202 3869 ἀνόμοιος
1235 3800 1386 3854 ἔσται
1421 3804 1558 3872 πρὸς
1593 3805 1685 3858 τὸν
1706 3821 1798 3874 γε-

199 3885 526 3954 γεννηκότα·
574 3884 692 3937 ἀλλ’
732 3885 922 3957 ὥσπερ
961 3889 1168 3952 ἐκεῖνος
1210 3890 1370 3958 φύσει
1420 3890 1534 3962 ζωὴ
1577 3891 1796 3962 λέγεται

200 3976 298 4030 καὶ
329 3975 501 4041 ἐστιν,
531 3975 674 4029 οὕτω
707 3975 800 4029 καὶ
829 3979 857 4030 6
887 3978 1037 4042 Υἱός.

896 4093 1102 4146 ΑΛΑΟ.

270 4197 338 4252 El
364 4198 464 4270 τὴν
493 4200 754 4271 ἀλήθειαν
783 4203 903 4265 ταῖς
955 4203 1204 4256 Ἰωάννου
1237 4208 1438 4272 φωναῖς
1467 4206 1796 4277 ἐπιψηφιού-

201 4289 367 4361 μεΘα,
399 4292 574 4344 πάντα
623 4289 866 4360 δώσομεν
902 4292 1231 4362 ἐργάζεσθαι
1276 4295 1344 4346 δι’
1390 4295 1517 4368 Υίοδῦ
1557 4297 1651 4350 τὸν
1685 4298 1796 4352 Πα-

197 4381 354 4452 τέρα.
395 4381 456 4432 Εἰ
491 4381 546 4434 δὲ
575 4380 755 4446 τοῦτο,
791 4381 850 4435 ἓν
883 4383 938 4435 δὲ
968 4383 1076 4436 τῶν
1108 4384 1285 4454 ἔργων
1323 4387 1416 4438 τοῦ
1451 4387 1662 4458 Πατρὸς
1700 4391 1796 4442 καὶ

198 4469 260 4523 τὸ
288 4469 574 4533 ζωοποιεῖν
602 4487 777 4534 τινας,
808 4471 961 4524 ἔσται
991 4473 1102 4543 ζωὴ
1144 4475 1286 4526 κατά
1312 4475 1472 4544 φύσιν
1499 4476 1526 4529 6
1557 4477 1704 4545 Υἱὸς,
1727 4479 1794 4531 δι’

197 4558 260 4618 οὗ
295 4563 366 4615 τὰ
399 4562 580 4615 πάντα
634 4560 906 4626 ζωοποιεῖ,
943 4565 1030 4617 ἵνα
1072 4564 1146 4634 μὴ
1176 4566 1328 4629 νόθος
1385 4569 1610 4639 μεσίτης
1649 4588 1791 4642 παρ-

198 4653 578 4723 εισαγόμενος,
624 4653 891 4724 ἀμέτοχον
912 4655 1057 4726 δείξῃ
1097 4657 1233 4709 Θεοῦ
1279 4659 1339 4711 τὸ
1373 4662 1437 4729 τῇ
1465 4661 1602 4732 πρὸς
1626 4663 1790 4718 αὑτὸν

200 4746 387 4817 σχέσει
413 4746 681 4810 ζωοποιοὺ
691 4764 873 4816 μενον.

896 4866 1026 4917 ΑΛΛ
1038 4867 1099 4919 Ο.

269 4975 335 5031 El
367 4977 595 5046 μεσίτης
628 4976 764 5028 Θεοῦ
795 4979 890 5031 καὶ
933 4979 1236 5050 ἀνθρώπιον
1267 4983 1416 5035 ἐστὶν
1451 4987 1477 5038 6
1513 4986 1656 5050 Υἱὸς,
1683 4987 1792 5039 ὥσ-

196 5085 308 5139 περ
341 5071 418 5132 είς
463 5068 696 5138 ἑνότητα
731 5069 965 5139 φυσικὴν
1011 5073 1300 5126 συνάπτων
1322 5076 1388 5127 τὰ
1423 5076 1586 5146 ἄκρα·
1619 5079 1789 5146 ἀναγ-

197 5163 354 5212 καῖον
398 5160 574 5211 εἰπεῖν
612 5159 714 5222 ὅτι,
771 5159 962 5232 ὥσπερ
993 5163 1303 5234 ἀνθρώποις
1346 5168 1590 5239 συνήφοη
1626 5187 1786 5237 φυσι-

198 5253 311 5315 κῶς
351 5251 638 5323 ἅνθρωπος
674 5255 932 5320 γεγονὼς,
965 5253 1106 5307 οὕτω
1137 5259 1228 5310 καὶ
1270 5259 1365 5327 τῆς
1393 5260 1544 5323 Θείας
1573 5261 1787 5329 φύσεως

195 5349 431 5416 ἤρτηται
453 5343 585 5405 Θεὸς
613 5346 751 5396 κατὰ
788 5345 947 5412 φύσιν
975 5347 1254 5419 ὑπάρχων.
1288 5352 1346 5402 ΕΞ
1377 5352 1432 5403 δὲ
1461 5353 1636 5413 τοῦτο,
1664 5355 1786 5407 ἐπεὶ

197 5438 315 5490 κατ’
351 5436 538 5487 οὐσίαν
573 5437 666 5488 καὶ
704 5437 803 5488 οὑκ
834 5438 1028 5500 ἔξωθεν
1061 5439 1172 5508 ἔχει
1207 5442 1264 5492 τὸ
1299 5437 1436 5493 εἶναι
1473 5443 1586 5515 ζωὴ
1617 5447 1643 5496 ὁ
1672 5447 1785 5498 Πα-

195 5533 320 5600 τὴρ,
348 5531 502 5583 ἔσται
533 5531 773 5594 τοιοῦτος
804 5534 893 5584 καὶ
933 5535 958 5584 6
993 5535 1263 5604 προσεχὴς
1291 5537 1435 5605 αὐτῷ
1477 5541 1568 5589 καὶ
1596 5539 1651 5603 ἐξ
1687 5541 1784 5590 αὑ-

195 5624 288 5677 τοῦ
323 5624 460 5674 κατὰ
486 5623 647 5688 φύςιν
677 5623 821 5684 Υἱός.

269 5865 487 5919 “Jour.
531 5884 632 5927 xu.
672 5870 721 5919 ἱ).
804 5869 845 5897 Ἦ
873 5866 1020 5924 Joan,
1065 5886 1112 5935 ν,
1149 5871 1231 5922 2!.
1318 5873 1352 5899 “‘
1388 5869 1537 5925 szu.
1581 5888 1659 5934 ιιι,
1695 5874 1776 5925 3'}.

1900 3353 1931 3392 a
1953 3337 2064 3393 Deo
2092 3337 2194 3393 hoc
2217 3338 2494 3406 accipiunt
2525 3353 2540 3391 :
2582 3335 2742 3388 aliter
2766 3348 2897 3390 vero
2920 3334 3014 3404 qui
3045 3350 3075 3388 a
3109 3334 3247 3388 Filio
3278 3333 3384 3389 hoc
3409 3350 3498 3390 ac.

1900 3430 2129 3500 cipiunt.
2158 3428 2293 3483 Nam
2315 3430 2506 3485 eadem
2545 3431 2756 3486 ratione
2787 3430 2926 3485 dixit
2959 3430 3176 3486 Patrem
3208 3428 3494 3486 viviticare

1899 3537 2005 3593 qua
2038 3522 2277 3577 vivificat
2325 3520 2518 3586 Filius,
2556 3521 2846 3578 declarans
2891 3536 2951 3577 se
2992 3522 3138 3576 omni
3220 3537 3285 3576 ex
3343 3531 3500 3592 parte

1900 3615 2148 3671 eamdem
2182 3629 2308 3670 cum
2331 3613 2494 3669 Patre
2515 3615 2889 3685 operationem
2948 3615 3174 3671 habere.
3224 3615 3496 3683 Quocirca

1899 3723 2007 3764 non
2030 3706 2313 3764 dissimilis
2331 3715 2464 3763 esta
2505 3706 2703 3770 Patre;
2746 3707 2841 3762 sed
2867 3707 3118 3764 sicutille
3169 3707 3496 3763 naturaliter

1899 3791 2011 3857 vita
2036 3801 2232 3856 dicitur
2259 3808 2312 3856 et
2333 3809 2436 3866 est,
2473 3801 2550 3855 ita
2571 3809 2626 3856 et
2659 3800 2849 3858 Filius.

2550 4091 2778 4148 ALIUD.

1973 4206 2030 4260 Si
2067 4205 2292 4260 Joannis
2325 4204 2506 4260 verbis
2547 4203 2708 4259 fidem
2749 4203 3094 4272 adhibemus,
3129 4205 3493 4262 concedemus

1898 4300 2116 4354 Patrem
2147 4300 2325 4354 omnia
2360 4300 2578 4368 operari
2607 4314 2702 4367 per
2737 4297 2935 4353 Filium
2966 4299 3033 4352 ⁸⁸.
3074 4297 3228 4363 Quod
3273 4302 3490 4369 quidem

1898 4391 1943 4446 si
1985 4406 2173 4446 verum
2206 4399 2328 4455 cst,
2371 4403 2538 4442 unum
2585 4403 2713 4442 vero
2753 4405 2821 4443 ex
2875 4389 3131 4458 operibus
3169 4388 3347 4446 Patris
3412 4404 3493 4447 est

1898 4482 2187 4538 nonnullos
2211 4481 2515 4547 viviIiCare,
2557 4489 2704 4535 certe
2733 4482 3060 4536 naturaliter
3096 4484 3201 4536 vita
3246 4485 3350 4537 erit
3403 4484 3492 4540 Fi-

1900 4575 2024 4640 lius,
2056 4589 2152 4642 per
2176 4587 2338 4641 quem
2364 4573 2548 4626 omnia
2572 4573 2835 4637 vivitirat,
2873 4588 2941 4628 ne
2977 4575 3197 4642 spurius
3215 4577 3491 4633 mediator

1901 4667 2244 4721 introductus
2283 4680 2480 4735 expers
2505 4665 2952 4735 participationis
3013 4667 3102 4720 Dei
3129 4669 3382 4722 ostendat
3440 4670 3489 4723 id

1901 4759 2043 4828 quod
2069 4768 2316 4828 respectu
2343 4757 2511 4826 ipsius
2544 4756 2877 4812 vivificatum
2918 4767 3022 4812 est.

2576 4873 2809 4930 ALIUD.

1972 4989 2028 5042 Si
2063 4987 2231 5042 Filius
2266 4988 2532 5042 mediator
2581 4998 2664 5044 est
2707 4987 2802 5043 Dei
2860 4998 2916 5044 et
2973 4991 3253 5046 hominum
3279 4992 3346 5059 ⁸³,
3397 4996 3488 5063 qui

1899 5091 2142 5134 extrema
2176 5079 2339 5133 veluti
2372 5080 2422 5134 in
2458 5081 2719 5134 unitatem
2756 5083 3028 5151 copulavit
3061 5103 3071 5136 :
3107 5087 3477 5141 necessarium

1897 5181 1978 5227 est
2014 5183 2090 5238 ut,
2121 5173 2576 5241 quemadmodum
2606 5175 2916 5229 hominibus
2962 5177 3286 5232 naturaliter
3314 5194 3483 5246 copu-

1895 5265 2034 5318 latus
2062 5276 2164 5330 cst,
2193 5281 2314 5319 cum
2352 5267 2526 5321 factus
2575 5277 2657 5321 est
2704 5268 2885 5334 homo,
2947 5269 3019 5323 ita
3074 5273 3240 5327 etiam
3293 5275 3485 5329 divina:

1897 5366 2106 5409 natura:
2138 5359 2320 5412 unitus
2341 5359 2430 5425 sit,
2466 5359 2608 5415 Deus
2644 5375 2770 5415 vero
2834 5363 3127 5417 cxsistens.
3189 5365 3244 5418 Si
3304 5377 3484 5420 autem

1893 5449 1995 5501 hoc
2030 5462 2213 5502 verum
2247 5460 2350 5515 est,
2379 5465 2504 5505 cum
2575 5453 2946 5508 essentialiter
2975 5466 3027 5509 et
3083 5472 3186 5510 non
3214 5459 3484 5512 extrinse-

1892 5553 1987 5591 cus
2021 5541 2070 5591 id
2101 5542 2297 5594 habent
2329 5541 2492 5597 l'atcr
2523 5548 2663 5614 quod
2693 5546 2762 5600 sit
2793 5547 2901 5600 vita
2938 5563 2951 5598 :
3003 5552 3108 5602 crit
3137 5550 3300 5603 etiam
3367 5565 3485 5603 om—

1893 5628 2020 5681 nino
2051 5632 2171 5682 talis
2197 5631 2286 5699 qui
2337 5633 2384 5685 ei
2427 5634 2748 5702 conjunclus
2789 5647 2892 5704 cst,
2925 5649 2978 5693 et
3027 5641 3347 5695 naturaliter
3417 5655 3479 5694 cx

1894 5721 2008 5789 ipso
2043 5732 2124 5775 cst
2154 5721 2344 5778 Filius.

1861 5875 1901 5905 ⁹²
1930 5877 1946 5928 ι
1979 5877 2223 5934 Tiinolh.
2272 5899 2329 5942 ll,
2369 5883 2420 5936 ii.
