4024 6442
568 407 671 463 943

1224 508 1455 564 ALIUD.

633 633 927 703 Scriptura
955 630 1155 703 passim
1186 627 1379 682 Filium
1435 632 1631 679 vocant
1682 620 2000 683 Veritatem,
2071 628 2125 672 et

567 736 680 795 ipse
709 725 905 781 alicubi
935 726 999 779 de
1028 723 1206 791 seipso
1240 719 1347 774 ait:
1386 736 1403 770 ι
1436 717 1549 783 Ego
1606 730 1723 769 sum
1785 712 1983 765 veritas
1997 709 2063 761 ἰ.
2097 725 2118 759 ι

569 814 625 869 Si
652 830 781 885 ergo
814 814 997 869 llctitia
1038 812 1229 881 inipso
1250 811 1357 864 vita
1380 818 1480 871 est,
1517 822 1623 861 non
1652 814 1835 860 autem
1860 802 2123 858 essentia-

569 908 694 961 liter
722 920 787 961 ac
818 920 963 971 vere,
991 918 1096 972 quo
1125 908 1283 971 pacto
1312 914 1416 953 non
1448 898 1738 953 mentietur
1765 895 1954 949 dicens
1984 892 2128 958 seip-

566 1007 686 1048 sum
716 1007 836 1047 esse
867 992 1144 1046 veritatem
1167 990 1194 1042 ἲ
1219 988 1380 1057 Atqui
1443 1002 1548 1043 nou
1577 984 1872 1039 mentitur:
1903 982 2125 1049 impium

565 1084 707 1139 enim
726 1083 827 1138 hoc
856 1082 941 1137 vel
967 1082 1081 1138 sola
1112 1080 1443 1152 cogitatione
1476 1076 1639 1133 fuerit
1673 1093 1686 1128 :
1720 1074 1920 1130 veritas
1946 1082 2126 1127 autem

566 1183 667 1229 est.
690 1172 830 1231 Vere
863 1174 1025 1244 igitur
1050 1172 1160 1228 vita
1190 1180 1293 1227 est.

1138 1371 1295 1445 ιω
1329 1369 1559 1425 ALIUD.

633 1486 689 1542 Si
722 1486 910 1542 notitia
947 1484 1127 1541 Patris
1153 1484 1387 1540 viviﬁcat
1440 1498 1536 1539 eos
1573 1482 1663 1551 qui
1701 1481 1843 1534 illam
1899 1480 2118 1543 habent,

565 1581 800 1636 vivilicat
829 1593 953 1634 vero
984 1576 1230 1634 similiter
1254 1574 1417 1630 etiam
1448 1572 1635 1629 notitia
1696 1570 1816 1625 Filii
1853 1590 1865 1624 :
1901 1585 2007 1639 quo
2035 1586 2129 1639 pa-

566 1682 654 1726 cto
678 1687 784 1726 non
815 1668 977 1725 luerit
1001 1666 1322 1722 naturaliter
1345 1665 1507 1729 idem,
1527 1664 1617 1733 qui
1672 1661 1850 1718 Patris
1881 1663 2127 1733 proprie-

568 1772 702 1817 tates
727 1760 862 1817 adeo
889 1758 1216 1815 excellentes
1244 1756 1404 1811 habet
1431 1756 1483 1809 in
1508 1767 1565 1810 se
1634 1766 1795 1824 atque
1844 1755 1959 1823 ipse
2024 1752 2127 1807 Pa-

568 1854 688 1909 ter?

738 1964 968 2030 ALIUD,
1006 1980 1098 2035 per
1130 1963 1483 2019 reductionm
1545 1962 1615 2017 ad
1642 1962 1950 2018 absurdum.

642 2098 663 2131 ε
692 2076 1153 2147 Quemadmodum
1184 2074 1381 2141 Pater,
1415 2074 1589 2144 inquit
1635 2074 1935 2143 Scriptura,
1970 2074 2135 2131 habet

571 2171 733 2226 vitam
769 2170 822 2225 in
851 2168 1051 2238 seipso,
1088 2169 1161 2223 ita
1191 2174 1247 2222 et
1284 2165 1419 2220 Filio
1457 2166 1603 2220 dedit
1637 2164 1836 2241 habere
1892 2164 2053 2219 vitam
2080 2168 2134 2219 in

576 2260 774 2329 seipso.
815 2277 835 2311 ι
872 2256 972 2312 ilic
1012 2256 1103 2326 qui
1155 2262 1300 2310 recte
1344 2252 1545 2309 sentire
1592 2252 1819 2318 nolunt,
1861 2266 2133 2307 summum

572 2349 921 2420 blasphemia:
950 2344 1245 2417 periculum
1286 2345 1584 2399 incurrunt.
1616 2342 1745 2398 Nam
1778 2343 1823 2398 si
1853 2341 2013 2397 Pater
2053 2342 2136 2397 di-

575 2444 716 2499 citur
749 2443 949 2497 habere
987 2440 1041 2493 in
1077 2438 1255 2507 seipse
1278 2436 1464 2502 vitam,
1498 2435 1768 2491 diversum
1833 2434 1959 2503 quid
1988 2443 2072 2489 est
2104 2447 2133 2485 a

569 2538 681 2591 vita
712 2550 830 2606 quae
872 2534 926 2589 in
974 2548 1033 2589 se
1084 2539 1189 2589 est.
1260 2530 1316 2585 Si
1370 2540 1548 2585 autem
1611 2529 1713 2584 hoc
1766 2527 2134 2597 duplicitatem

577 2628 859 2698 quamdam
894 2636 950 2681 et
979 2624 1419 2692 compositionem
1473 2621 1677 2676 inferre
1725 2621 1976 2685 videtur,
2029 2634 2137 2689 quo

573 2728 727 2789 pacto
748 2719 911 2787 igitur
961 2716 1187 2785 simplex
1215 2724 1270 2771 et
1321 2730 1427 2769 non
1480 2714 1811 2782 compositus
1841 2710 2135 2766 secundum

572 2811 866 2865 essentiam
894 2816 977 2863 est
1004 2807 1182 2862 Deus?
1213 2807 1317 2861 Sed
1375 2806 1475 2861 hoc
1533 2806 1830 2860 absurdum
1864 2812 1972 2857 est.
2009 2802 2133 2856 Vita

574 2902 738 2970 igitur
760 2915 918 2970 quam
959 2898 1123 2953 habet
1156 2896 1318 2950 Pater
1352 2898 1406 2949 in
1435 2895 1631 2965 seipso,
1666 2908 1772 2948 non
1833 2901 1914 2949 est
1947 2891 2051 2946 alia
2084 2901 2139 2945 et

574 2993 784 3045 diversa
813 2987 1053 3056 quaedam
1078 3002 1108 3041 a
1141 2985 1313 3040 Filio:
1342 2996 1395 3039 et
1437 2985 1699 3048 vicissim,
1750 2984 1858 3037 vita
1907 2998 2029 3052 quae
2082 2982 2135 3035 in

576 3081 711 3137 Filio
760 3089 843 3136 est
872 3094 975 3134 non
1012 3088 1117 3144 est,
1169 3078 1381 3133 diversa
1428 3092 1457 3130 a
1494 3076 1675 3141 Patre,
1708 3086 1762 3131 et
1804 3089 1930 3130 vere
1965 3076 2134 3130 dicit:

578 3189 598 3224 ι
638 3171 752 3241 Ego
783 3169 835 3226 ia
860 3166 1042 3236 Patre,
1060 3176 1115 3223 et
1151 3164 1311 3221 Pater
1339 3166 1392 3220 in
1419 3180 1505 3221 me
1526 3164 1591 3220 “.
1628 3183 1646 3215 ι

1259 3276 1487 3335 ALIUD.

620 3394 775 3470 _Qua
800 3394 915 3451 Deo
939 3407 1001 3449 ac
1023 3391 1171 3447 Patri
1189 3392 1395 3459 insunt,
1418 3392 1695 3449 naturales
1740 3400 1795 3448 et
1826 3393 2140 3450 essentiales

576 3486 931 3557 proprietates
966 3498 1165 3540 vocans
1199 3481 1417 3549 Paulus,
1454 3482 1651 3538 alicubi
1698 3483 1771 3539 ita
1802 3484 1881 3539 ait
1912 3501 1925 3537 :
1964 3500 1984 3535 ι
2038 3483 2140 3550 Qui

574 3578 723 3635 solus
759 3576 919 3635 habet
952 3577 1411 3633 immortalitatem
1446 3576 1513 3632 ⁸⁸.
1542 3596 1561 3629 ι
1590 3575 1647 3631 Si
1703 3592 1833 3633 vero
1865 3578 2138 3647 quispiam

574 3672 760 3727 dicens
785 3669 1268 3737 immortalitatem,
1294 3669 1426 3724 nihil
1465 3669 1605 3724 aliud
1626 3682 1723 3739 per
1766 3668 1819 3724 id
1878 3669 2142 3739 intelligat

574 3778 735 3834 quam
772 3762 958 3827 vitam,
979 3763 1085 3816 vita
1116 3770 1294 3816 autem
1313 3769 1398 3816 est
1422 3758 1594 3816 Filius
1625 3761 1809 3816 dicens
1842 3776 1855 3812 :
1886 3760 1997 3831 Ego
2022 3776 2140 3816 sum

575 3857 684 3911 vita
704 3855 786 3923 “;
815 3868 946 3925 ergo
960 3852 1300 3908 Paterhabet
1331 3853 1385 3907 in
1414 3852 1590 3919 seipso
1638 3852 1829 3915 vitam,
1885 3852 2140 3907 nimirum

575 3945 772 4003 Filium
800 3965 814 4002 :
847 3959 1021 4015 neque
1055 3945 1323 4000 diversum
1355 3945 1482 4014 quid
1515 3959 1544 3997 a
1583 3957 1663 3998 se.
1695 3942 1815 4013 Ipse
1865 3943 2025 3997 etiam
2072 3944 2145 3997 si—

576 4038 773 4095 militer
804 4037 1070 4092 exsistens
1091 4035 1222 4104 vita,
1252 4035 1398 4090 dedit
1426 4036 1663 4104 seipsum
1691 4034 1858 4099 Filio;
1891 4050 1997 4089 non
2016 4042 2139 4087 tan-

1581 393 1639 449 S.
1679 389 1953 448 CYRILLI
1990 380 2459 443 ALEXANDRINI
2493 374 2810 435 ARCHIEP.

2151 508 2198 566 Δ

3691 362 3798 418 2“

2906 505 3108 560 ΔΛΔΟ.

2299 631 2577 702 Πανταχοῦ
2607 630 2699 683 τὸν
2731 626 2856 681 Υίδν
2886 624 2941 679 αί
2971 620 3111 675 θεῖαι
3132 614 3347 688 Γραιραῖ⁸
3363 611 3622 668 καλοῦσιν
3651 608 3807 702 35)},-

2228 725 2400 788 θειαν,
2550 719 2710 781 αὐτὸς
2738 716 2793 770 δι
2824 714 2950 785 περὶ
2972 707 3164 766 ἑαυτοῦ
3187 706 3349 760 τοῦτό
3371 720 3534 775 φησιν
3553 718 3567 731 ·
3596 720 3615 752 ι
3660 698 3801 767 Ἐγώ

2229 816 2362 884 είμι,
2390 813 2582 880 λέγων,
2620 810 2654 878 ἡ
2680 806 2925 877 ἀλήθεια.
2970 822 2988 853 ι
3028 802 3092 855 El
3129 798 3307 851 τοίνυν
3334 790 3803 884 διεψευσμένον

2226 882 2375 975 αότῷ
2406 904 2467 956 τὸ
2500 903 2599 971 τῆς
2647 898 3072 968 ζωῆςπιρᾶγμα,
3114 893 3207 944 καὶ
3236 890 3334 942 οὐκ
3375 886 3655 975 οὐσιῶδες,
3679 882 3802 936 οὐδὲ

2228 974 2501 1065 ἀληθινὸν,
2538 994 2653 1054 πῶς
2684 991 2743 1044 οὐ
2778 988 3040 1059 ψεύσεται
3084 984 3259 1051 λέγων
3302 978 3495 1033 ἑαυτὸν
3540 974 3803 1045 εἶναιτὴν

2229 1087 2516 1157 ἀλήθειανς
2564 1082 2723 1143 Ἀλλὰ
2764 1081 2869 1151 μὴν
2897 1078 2957 1131 οὐ
3000 1074 3253 1145 ψεύδεται
3278 1090 3290 1101 ·
3323 1070 3481 1124 τοῦτο
3530 1068 3643 1138 γὰρ
3676 1068 3806 1157 ἀσε-

2230 1154 2329 1241 ϐὲς
2366 1176 2460 1230 καὶ
2501 1174 2659 1244 μόνον
2712 1172 2943 1225 ἑννοεῖψ
2975 1164 3203 1233 ἀλήθεια
3248 1161 3304 1213 δέ
3349 1163 3519 1215 ἐστιν.
3554 1157 3669 1210 Οὐκ
3697 1154 3805 1225 ἄρα

2228 1266 2610 1337 διεψευσμένον
2649 1264 2759 1334 ἔχει
2788 1262 2850 1314 τὸ
2890 1255 3029 1312 εἶναι
3060 1256 3196 1325 ζωή.

2910 1368 3110 1421 ΑΛΔΟ.

2298 1490 2361 1544 El
2394 1489 2644 1554 ζωοποιεῖ
2670 1483 2763 1537 τοῦ
2793 1480 3001 1551 Πατρδς
3029 1480 3063 1549 ή
3086 1477 3284 1545 γνῶσις
3305 1474 3429 1535 τοὺς
3457 1470 3685 1541 ἕχοντας
3714 1466 3809 1520 αὐ-

2228 1583 2346 1654 τὴν,
2395 1581 2648 1646 ζωοποιεῖ
2688 1578 2744 1631 δὲ
2783 1574 2983 1646 ὁμοίως
3018 1572 3114 1625 καὶ
3152 1572 3185 1640 ἡ
3231 1566 3325 1621 τοῦ
3363 1563 3531 1654 Υἱοῦ,
3562 1561 3681 1654 πιῖις
3704 1560 3811 1654 ὀὐκ

2228 1650 2380 1725 ἔσται
2416 1669 2535 1722 κατ’
2563 1667 2751 1720 οὐσίαν
2774 1667 2800 1717 6
2824 1662 3006 1745 αὐτὸς,
3034 1662 3062 1711 6
3097 1660 3213 1719 ταῖς
3241 1655 3335 1710 τοῦ
3364 1652 3579 1724 Πατρδς
3619 1650 3812 1719 ίδιότη·

2232 1780 2313 1817 σιν
2345 1761 2486 1815 οὓτω
2524 1740 2860 1826 διαπρέπων,
2891 1751 2965 1813 ὼς
2998 1749 3064 1802 ἂν
3106 1747 3153 1799 εἱ
3189 1746 3283 1798 καὶ
3328 1742 3487 1805 αὐτὸς
3520 1743 3549 1794 6
3581 1740 3811 1811 Πατήρ;

2411 1961 2613 2025 AAAO,
2647 1957 2745 2011 διὰ
2773 1953 2881 2022 τῆς
2907 1954 2993 2018 εις
3031 1950 3258 2003 ἄτοπον
3284 1941 3633 2014 ἀπαγωγῆς.

2310 2099 2327 2132 ι
2352 2079 2565 2145 Ὠσπερ
2586 2075 2614 2126 6
2634 2074 2845 2141 Πατὴρ,
2869 2067 3053 2136 φησὶν,
3075 2062 3185 2133 ἔχει
3207 2059 3351 2130 ζωὴν
3369 2060 3427 2110 ὲν
3448 2054 3650 2125 ἐαυτῷ,
3673 2054 3817 2107 οὕτω

2236 2172 2329 2224 καὶ
2365 2168 2441 2238 τῷ
2471 2164 2583 2235 Υίῷ
2599 2164 2793 2217 δέδωκε
2822 2159 2965 2229 ζωὴν
2993 2155 3134 2225 ἔχειν
3160 2156 3216 2206 ὲν
3246 2149 3451 2219 ὲαυτῷ’
3491 2168 3507 2199 ι
3546 2146 3817 2199 Ἐνταῦθα

2233 2262 2342 2322 τοῖς
2376 2258 2477 2310 οὐκ
2530 2252 2771 2307 ἐθέλουσι
2819 2252 2957 2303 νοεῖν
2989 2245 3183 2313 ὀρθῶς,
3223 2244 3302 2305 είς
3358 2239 3559 2310 πολλὴν
3590 2241 3617 2292 6
3659 2239 3816 2307 λόγος

2236 2347 2567 2403 κινδυνεύσει
2602 2340 2915 2412 δυσφημίαν
2971 2338 3240 2391 ἐκπεσεῖν.
3299 2333 3361 2385 El
3402 2331 3513 2401 γὰρ
3559 2330 3705 2399 ἔχειν
3761 2332 3820 2383 ὲν

2236 2440 2414 2509 ἑαυτῷ
2451 2439 2668 2505 λιγεται
2697 2433 2841 2503 ζωὴν
2868 2434 2895 2484 6
2927 2429 3138 2499 Πατὴρ,
3172 2426 3357 2494 ἔτερόν
3388 2424 3439 2475 τί
3473 2424 3623 2473 ἐστιν
3654 2420 3817 2484 αὐτὸς

2237 2533 2391 2603 παρὰ
2441 2530 2537 2600 τὴν
2570 2530 2625 2581 ὲν
2671 2524 2820 2593 αὑτῷ
2858 2523 3024 2593 ζωήν.
3080 2520 3143 2574 Εί
3172 2518 3229 2571 δὲ
3279 2516 3438 2592 τοζιτο
3490 2514 3687 2584 διπλόη
3734 2531 3818 2603 τις

2237 2600 2424 2693 ὤσιτερ
2447 2622 2539 2675 καὶ
2567 2619 2811 2681 σύνθεσις
2853 2616 2981 2685 περὶ
3008 2612 3168 2667 αὑτὸν
3195 2608 3545 2679 νοηθήσεται,
3583 2606 3701 2667 πῶς
3723 2600 3819 2658 οὖν

2240 2716 2440 2778 ἁπλοῦς
2461 2715 2553 2767 καὶ
2581 2711 2829 2771 σύνθετος
2851 2707 2968 2760 κατ’
2997 2703 3183 2758 οὐσίαν
3210 2704 3238 2754 6
3267 2700 3432 2762 Θεός;
3474 2698 3633 2751 Ἀλλὰ
3659 2696 3819 2750 τοῦτο

2236 2810 2457 2863 ἄτοπον.
2500 2806 2565 2858 'ﬂ
2587 2801 2697 2873 ζωὴ
2741 2802 2845 2873 ἄρα
2870 2801 2936 2869 ἢν
2977 2796 3090 2867 ἔχει
3121 2796 3149 2847 6
3180 2792 3370 2863 Πατὴρ
3399 2795 3456 2845 ὲν
3487 2791 3685 2861 ἐαυτῷ,
3720 2790 3818 2859 οὐχ

2239 2900 2399 2969 ἑτέρα
2422 2897 2504 2958 τίς
2534 2896 2652 2948 ἐστι
2703 2890 2855 2961 παρὰ
2881 2890 2972 2941 τὸν
3013 2886 3173 2941 Υίόν·
3209 2886 3304 2939 καὶ
3337 2884 3502 2937 πάλιν
3533 2885 3567 2953 ὴ
3618 2884 3675 2969 εν

2239 2965 2373 3058 ζωή,
2408 2986 2506 3055 οὐχ
2532 2983 2693 3053 ἑτέρα
2726 2980 2808 3042 τίς
2837 2980 2952 3031 ἐστι
2982 2974 3134 3045 παρὰ
3164 2972 3253 3025 τὸν
3285 2970 3528 3041 Πατέρα,
3564 2968 3658 3021 καὶ
3686 2965 3819 3033 ἁλη-

2240 3078 2386 3131 θεύει
2412 3076 2618 3145 λέγων·
2654 3092 2672 3124 ‹
2716 3068 2858 3137 Ἐγὼ
2902 3068 2961 3122 ὲν
3006 3065 3081 3137 τῷ
3111 3062 3285 3133 Πατρὶ
3316 3060 3411 3115 καὶ
3453 3060 3483 3111 6
3523 3058 3714 3131 Πατὴρ
3762 3060 3824 3112 ὲν

2161 3173 2207 3235 C
2237 3168 2379 3240 ἐμοί.
2419 3185 2436 3217 ι

2924 3269 3125 3321 ΔΛΔΟ.

2310 3389 2391 3442 Τὰ
2424 3385 2693 3458 προσόντα
2718 3382 2794 3453 τῷ
2820 3379 2938 3452 Θεῷ
2964 3380 3056 3433 καί⁵
3079 3380 3252 3450 Πατρὶ
3273 3379 3480 3447 φυσικά
3513 3395 3573 3431 τε
3608 3379 3703 3431 καὶ
3729 3377 3819 3430 οὐο

2242 3482 2403 3552 σιώδη
2432 3480 2601 3548 λέγων
2653 3474 2939 3545 ἰδιώματα,
2981 3472 3114 3542 φησί
3148 3488 3250 3523 που
3284 3468 3527 3532 Παῦλος·
3564 3489 3583 3521 ι
3634 3470 3692 3523 '0
3724 3470 3820 3539 p.6-

2242 3592 2328 3638 νος
2360 3572 2497 3643 ἐχων
2553 3568 2869 3624 ἀθανασίαν.
2918 3584 2937 3617 ι
2983 3564 3047 3616 El
3093 3563 3271 3615 τοίνυν
3302 3560 3455 3614 οὐδὲν
3506 3559 3697 3631 ἕτερόν
3736 3576 3823 3624 τις

2240 3665 2464 3736 ὁριεῖται
2496 3660 2669 3728 λέγων
2702 3658 2801 3727 τὴν
2827 3654 3126 3709 ἀθανασίαν
3161 3651 3313 3723 παρὰ
3340 3651 3439 3723 τὴν
3479 3651 3646 3721 ζωὴν,
3680 3650 3823 3723 αὕτη

2241 3757 2297 3809 δέ
2329 3756 2477 3807 ἐστιν
2519 3755 2546 3805 6
2585 3752 2712 3814 Υἱὸς
2747 3752 2775 3803 6
2808 3748 3014 3814 λέγων’
3081 3744 3222 3813 Ἐγώ
3244 3746 3358 3814 εἰμι
3394 3746 3427 3813 ὴ
3456 3741 3594 3813 ζωὴ,
3645 3743 3674 3794 6
3708 3743 3819 3795 Πα-

2243 3848 2346 3919 τὴρ
2376 3846 2489 3915 ἔχει
2523 3842 2663 3914 ζωὴν
2689 3844 2745 3895 ἐν
2787 3837 2983 3907 ἑαυτῷ,
3010 3837 3102 3890 τὸν
3139 3836 3266 3889 Υίὸν
3298 3834 3565 3905 δηλονότι,
3601 3835 3697 3887 καὶ
3725 3835 3821 3906 οὐκ

2245 3938 2427 4007 ἕτερόν
2452 3954 2504 3989 τι
2526 3934 2655 4005 παρ’
2682 3931 2865 3987 αὐτόν.
2898 3929 3067 3992 Αὐτός
3091 3944 3149 3981 τε
3171 3928 3373 3999 ὁμοίως
3394 3928 3655 3998 ὑπάρχων
3686 3925 3822 3997 ζωὴ,

2244 4026 2473 4079 δέδωκεν
2503 4022 2693 4077 ἑαυτὸν
2725 4019 2802 4090 τῷ
2836 4018 2949 4087 Υἱῷ
2971 4034 2985 4049 ⁸
3028 4018 3127 4086 οὐχ
3155 4017 3230 4080 ὼς
3262 4015 3423 4086 σῶμα
3466 4018 3727 4087 χωρήσας
3766 4016 3823 4069 ὲν

577 4144 739 4199 quam
781 4142 980 4197 corpus
1014 4127 1227 4196 corpori
1254 4129 1618 4193 committens,
1659 4141 1834 4196 neque
1887 4136 2133 4195 tanquam

2248 4116 2479 4186 σώματι,
2501 4114 2608 4168 οὐδ’
2630 4113 2704 4175 ὡς
2729 4112 2810 4182 τῷ
2834 4112 2948 4181 Υίῳ
2972 4109 3385 4179 παραχωρήσας
3406 4108 3505 4179 τὴν
3534 4108 3673 4161 ἰδίαν
3702 4109 3821 4162 ὑπό

577 4198 775 4276 cedens
802 4218 937 4275 Filio
957 4234 1109 4274 suam
1136 4220 1546 4289 hypoStasim,et
1568 4219 1961 4289 deincepsesse
1984 4234 2133 4273 suum

2250 4226 2457 4273 στασιν,
2487 4208 2580 4260 καὶ
2604 4208 2662 4258 ὲν
2685 4203 2835 4273 αὑτῷ
2853 4202 3036 4256 λοιπὸν
3053 4199 3113 4252 τὸ
3135 4198 3275 4253 εἷναι
3298 4200 3437 4270 ἔχων
3462 4216 3475 4230 ·
3508 4201 3624 4255 ἀλλ’
3649 4202 3820 4273 ὑπάρ-

577 4314 632 4367 ἱη
655 4311 792 4367 Filio
819 4312 1061 4377 habens;
1102 4312 1194 4367 sed
1235 4310 1505 4365 exsistens
1549 4310 1601 4364 id
1630 4309 1771 4379 quod
1798 4324 2012 4378 semper
2064 4320 2133 4363 est

2248 4319 2357 4372 χων
2387 4300 2485 4371 μὲν
2522 4298 2666 4353 τοῦθ’
2698 4299 2835 4368 ὅπερ
2868 4298 3015 4350 ἐστὶν
3059 4296 3148 4349 ἀεὶ
3193 4294 3383 4366 Πατὴρ
3430 4296 3523 4348 καὶ
3554 4293 3709 4357 Θεός.
3746 4295 3823 4365 Τῇ

578 4404 740 4460 Pater
770 4421 834 4461 ac
875 4404 1035 4459 Deus.
1061 4404 1319 4457 Essentia:
1345 4418 1475 4457 vero
1509 4402 1815 4469 identitate,
1859 4410 1913 4456 et
1938 4411 2133 4457 natura

2246 4394 2302 4445 δὲ
2330 4392 2430 4462 τῆς
2462 4391 2649 4455 οὐσίας
2675 4390 2964 4458 ταυτότητι
2998 4388 3090 4441 καὶ
3136 4389 3200 4457 τῇ
3236 4388 3332 4457 τῆς
3364 4387 3581 4456 φύσεως
3615 4387 3823 4455 ἑνότητα

580 4499 787 4552 unitate
808 4494 1150 4553 ineﬂabiliter
1181 4510 1304 4551 cum
1332 4495 1507 4552 Verbo
1530 4495 1673 4564 quod
1698 4510 1764 4550 ex
1793 4508 1851 4551 se
1880 4494 2133 4564 processil

2250 4485 2384 4556 πρὸς
2417 4484 2505 4537 τὸν
2528 4483 2584 4549 ὲξ
2609 4481 2771 4536 αὑτοῦ
2796 4481 3125 4554 προελθόντα
3143 4479 3314 4547 Λόγον
3343 4479 3673 4548 ἀπορρήτως
3702 4495 3821 4531 συν-

581 4588 881 4659 copulatus.

2247 4577 2335 4631 δού
2344 4595 2522 4649 μενος.

1243 4696 1477 4753 ALIUD.

650 4812 994 4882 Qumcunque
1022 4810 1342 4867 naturaliter
1362 4826 1425 4866 ac
1452 4810 1817 4866 essentialiler
1860 4810 2010 4865 Patri
2066 4811 2143 4865 in-

2942 4690 3143 4742 ΛΛΛΟ.

2320 4808 2459 4857 Ὅσα
2502 4807 2780 4877 προσεῖναι
2812 4804 3022 4871 λέγεται
3054 4801 3128 4870 τῷ
3201 4800 3327 4869 ατρὶ
3357 4797 3606 4868 φυσικῶς
3644 4814 3705 4851 τε
3738 4800 3826 4876 καὶ

580 4920 699 4961 esse
729 4905 1003 4969 dicuntur,
1034 4903 1123 4957 illa
1144 4904 1322 4958 omnia
1355 4910 1439 4957 est
1457 4900 1643 4959 Filius.
1681 4902 1841 4959 Solus
1866 4902 2027 4957 Pater
2058 4917 2133 4957 ve-

2250 4872 2742 4961 οὑσιωδῶςξταῦτα
2770 4898 2945 4950 πάντα
2974 4896 3117 4947 ἐστὶν
3144 4896 3171 4945 6
3200 4894 3345 4955 Υἱός.
3372 4891 3549 4953 Μόνος
3577 4872 3826 4961 ἀληθινδς

584 5014 675 5053 rus
722 4999 860 5053 Deus
890 5005 993 5061 est,
1048 4998 1171 5065 quia
1193 4997 1338 5051 solus
1376 4997 1539 5052 habet
1578 4995 1773 5051 Filium
1823 4997 2093 5051 dicentem
2130 5014 2133 5046 :

2252 4992 2467 5059 λέγεται
2499 4987 2629 5052 Θεὸς
2673 4991 2700 5041 6
2737 4989 2946 5058 Πατὴρ,
2993 4986 3181 5055 ἐπειδὴ
3230 4985 3387 5054 μόνος
3423 4982 3536 5052 ἔχει
3579 4982 3673 5035 τὸν
3703 4982 3834 5036 Υίὺν

584 5090 693 5158 Ego
722 5104 837 5143 sum
870 5089 1071 5143 veritas
1100 5089 1165 5140 ⁸⁷.
1219 5087 1447 5156 Sapiens
1506 5101 1570 5141 ac
1615 5096 1809 5157 potens
1852 5084 2133 5149 similiter1

2254 5086 2344 5138 τὸν
2402 5084 2660 5150 λέγοντα*
2740 5080 2880 5148 Ἐγώ
2930 5082 3044 5149 εἰμι
3089 5080 3121 5147 ἡ
3196 5074 3446 5145 ἀλήθεια.
3510 5073 3683 5141 Σοφδς
3739 5074 3827 5126 καὶ

582 5181 707 5247 quia
731 5180 976 5233 Christus
1008 5179 1099 5233 Dei
1133 5180 1395 5247 potentia,
1425 5188 1478 5232 et
1529 5177 1622 5232 Dei
1661 5178 1947 5246 sapientia.
1987 5174 2133 5229 Solus

2254 5174 2475 5236 δυνατὸς
2491 5173 2707 5243 ὁμοίως.
2727 5172 2848 5223 ἐπεὶ
2872 5168 3103 5238 Χριστὸς
3130 5164 3266 5217 Θεοῦ
3294 5164 3546 5232 δύναμις,
3577 5162 3672 5214 καὶ
3697 5161 3831 5215 Θεοῦ

585 5273 779 5327 dicitur
806 5272 1104 5328 inhabitare
1148 5271 1319 5325 lucem
1377 5270 1804 5325 iuaccessibilem
1863 5268 1946 5321 ³⁸ε
1990 5268 2133 5323 habe

2254 5266 2431 5335 σοφίαι.
2469 5265 2641 5325 Μόνος
2689 5263 2907 5330 λέγεται
2947 5264 3061 5327 φῶς
3112 5258 3279 5310 οἰκεῖν
3336 5252 3667 5324 ἀπρόσιτον·
3722 5251 3830 5321 ἔχει

584 5365 729 5417 enim
759 5362 812 5417 in
842 5362 1018 5431 seipso
1048 5362 1354 5418 dicentem:
1392 5361 1503 5432 Ego
1544 5376 1660 5416 sum
1708 5360 1816 5413 lux.
1860 5360 2017 5413 Solus
2053 5361 2133 5414 im

2252 5358 2358 5427 γὰρ
2382 5359 2437 5410 ἐν
2478 5354 2651 5425 ἑαυτῷ
2678 5354 2767 5407 τὸν
2798 5354 3053 5420 λέγοντα·
3090 5346 3229 5414 Ἐγώ
3259 5347 3372 5415 εἰμι
3406 5344 3466 5396 τὸ
3500 5343 3637 5412 φῶς.
3660 5344 3834 5399 Μόνος

589 5453 971 5509 mortalitatem
994 5452 1193 5509 habere
1224 5453 1439 5519 dicitur,
1469 5452 1591 5521 quia
1618 5452 1779 5507 habet
1798 5453 1849 5504 in
1869 5467 1928 5505 se
1954 5450 2133 5504 Filiun

2255 5449 2396 5519 ἔχειν
2430 5446 2725 5501 ἀθανασίαν
2771 5445 3008 5510 λέγεταιο
3033 5442 3141 5509 ἔχει
3183 5439 3291 5507 γὰρ
3327 5438 3384 5488 ὲν
3416 5434 3595 5504 ἑαυτῷ
3620 5432 3716 5487 τὸν
3749 5432 3837 5484 λέ-

588 5545 855 5599 dicentem
887 5564 899 5598 :
935 5543 1045 5615 Ego
1074 5559 1190 5600 sum
1216 5545 1347 5599 vita.
1403 5544 1458 5597 Si
1519 5560 1644 5615 ergo
1688 5544 1946 5615 quidquid
2002 5542 2132 5595 Patr

2257 5524 2421 5607 :yovta.
2452 5540 2576 5590 Υἰόν
2597 5554 2609 5566 ⁸
2660 5536 2800 5605 Ἐγώ
2822 5538 2935 5604 εἰμι
2971 5536 3001 5603 ἡ
3033 5533 3165 5601 ζωή.
3201 5532 3259 5582 El
3305 5529 3482 5582 τοίνυν
3522 5526 3751 5595 σύμπαν
3778 5521 3835 5577 τὸ

590 5637 863 5709 proprium
895 5648 1001 5706 est,
1031 5640 1131 5696 hoc
1171 5638 1346 5710 ipsum
1396 5647 1479 5693 est
1504 5635 1705 5693 Filius:
1731 5651 1852 5691 cum
1882 5634 2043 5689 Pater
2074 5634 2133 5687 di

2256 5633 2348 5687 τοῦ
2380 5632 2588 5703 Ματρὸς
2620 5631 2771 5691 ἴδιον,
2807 5627 2963 5681 τοῦτό
3008 5627 3151 5676 ἐστιν
3187 5626 3214 5675 6
3245 5622 3394 5684 Υἱὸς,
3436 5622 3563 5674 ὅταν
3608 5618 3833 5686 λέγηται

3124 5801 3165 5829 ⁵⁸⁸
3197 5800 3213 5851 l
3254 5794 3491 5851 Timoth.
3527 5810 3600 5858 vI,
3642 5793 3728 5849 l6.

659 5813 883 5872 “Joau.
914 5831 1027 5885 xiv,
1056 5821 1109 5871 6.
1182 5815 1231 5852 "‘
1280 5817 1408 5872 ibid.
1449 5817 1530 5868 l0.
1625 5812 1967 5869 "lTiiuotlt.
2004 5828 2077 5879 γι,
2124 5812 2133 5864 l

2304 5810 2347 5842 ⁸⁵
2374 5808 2525 5864 Joan.
2564 5823 2671 5872 xlv,
2710 5806 2759 5859 6.
2840 5804 2880 5837 ⁸⁷
2914 5804 3039 5858 lbiil.
