4024 6470
256 399 362 456 265

1683 374 2128 439 THESAURUS.

3448 359 3551 417 2‘6

258 518 405 590 ζωὴν
432 518 578 589 εχειν
600 518 627 571 6
648 516 838 588 Πατὴρ
865 518 923 571 ὲν
945 514 1145 585 ἑαυτῷ,
1168 514 1258 568 τὸν
1289 493 1416 565 Ϋίὺν
1448 509 1726 580 σημαίνει,
1753 502 1847 558 καὶ

1979 503 2107 551 :atur
2134 492 2340 549 habere
2367 490 2539 545 vitam
2561 488 2613 543 in
2642 486 2846 556 seipso,
2878 485 3075 540 Filium
3125 484 3420 552 Signiﬁcat,
3443 496 3552 538 non

256 611 354 681 οὐχ
376 609 566 681 ἕτερόν
594 626 648 662 τι
678 608 807 678 παρ’
831 608 1011 664 αὐτόν.
1061 605 1355 677 ’Υπάρχων
1382 603 1439 656 δὲ
1474 601 1570 654 καὶ
1601 598 1763 662 αὐτὸς
1790 597 1849 649 ὲν

262 700 378 772 Υίῷ
399 703 543 757 κατὰ
564 702 624 754 τὸ
648 701 749 771 τῆς
768 700 957 764 οὐσίας
977 696 1419 771 ἀπαράλλακτον.
1452 694 1547 748 καὶ
1567 690 1685 765 ζωὴ
1707 690 1850 747 κατὰ

261 792 425 861 φύσιν
454 790 551 860 ὢν,
583 791 817 847 δέδωκεν
848 790 1038 845 ἑαυτὸν
1060 787 1229 859 αὐτῷ.

953 991 1155 1046 ΑΛΛΟ.

331 1105 460 1179 Ζωή
490 1105 633 1161 κατὰ
663 1104 829 1175 φύσιν
876 1105 1140 1177 ὑπάρχων
1172 1106 1201 1159 6
1230 1106 1379 1169 Υίὺς,
1416 1102 1666 1173 δέχεσθαι
1698 1100 1852 1172 παρὰ

259 1196 361 1251 τοῦ
414 1197 631 1269 Πατρδς
681 1197 890 1270 ταύτην
937 1198 1125 1269 φησὶν,
1162 1198 1265 1269 οὐχ
1312 1191 1347 1273 ᾖ
1399 1196 1573 1264 Λόγος
1617 1194 1767 1248 ἐστὶν
1815 1195 1848 1265 ἢ

259 1288 609 1358 ἀπαύγασμα
637 1289 885 1359 φυσικῶς
924 1290 1037 1361 ἔχει
1064 1291 1133 1345 τὰ
1173 1289 1268 1344 τοῦ
1304 1290 1516 1361 Πατρὸς
1542 1288 1671 1352 ῐδια,
1714 1287 1854 1341 άλλά

264 1378 419 1433 καθὰ
439 1378 661 1448 γέγονεν
704 1379 1014 1450 ἄνθρωπος,
1043 1374 1090 1450 ᾧ
1134 1382 1313 1436 πάντα
1354 1380 1632 1435 θεόσδοτα.
1666 1382 1853 1435 Κατα-

264 1465 459 1542 ὅτήσει
496 1470 555 1527 δὲ
587 1472 747 1526 τοῦτο
775 1474 947 1544 σαφὲς
985 1475 1042 1529 ἐν
1083 1477 1197 1539 τοῖς
1229 1473 1450 1545 ἑφεξῆς,
1482 1472 1578 1527 τοῦ
1606 1472 1852 1528 δεδόσθαι

262 1560 365 1634 τὴν
394 1562 575 1617 αίτίαν
606 1561 994 1634 ἐξηγούμενος.
1041 1564 1323 1630 Ἐξουσίαν
1349 1564 1479 1637 γὰρ,
1508 1563 1694 1634 φησὶν,
1718 1562 1853 1616 ἔδω-

262 1670 362 1708 κεν
397 1653 550 1724 αὐτῷ
576 1654 760 1724 κρίσιν
780 1659 976 1721 ποιεῖν,
1000 1657 1082 1710 ὅτι
1114 1656 1242 1721 Υίὺς
1266 1656 1556 1729 ἀνθρώπου
1584 1655 1750 1709 ἐστίν.
1788 1656 1851 1709 El

260 1744 318 1799 δὲ
364 1744 665 1819 ἐπειδήπερ
698 1747 822 1810 Υἱὸς
855 1746 1146 1819 ἀνθρώπου
1192 1749 1332 1814 ἐστὶ,
1365 1748 1464 1819 τὴν
1491 1748 1584 1801 ἐπὶ
1624 1747 1704 1819 τῷ
1733 1747 1857 1817 κρίολ

1954 585 2158 657 aliquid
2207 600 2237 639 a
2315 595 2374 638 se
2418 581 2719 637 diversum.
2812 577 3098 634 Exsistcns
3182 590 3316 631 vero
3384 574 3553 630 etiam

1953 680 2069 749 ipse
2119 678 2174 731 in
2221 674 2358 729 Filio
2408 680 2628 743 propter
2686 669 3072 726 omnimodam
3157 667 3412 723 essentia:
3474 666 3555 722 si-

1954 752 2337 831 militudinem,
2365 779 2487 822 cum
2513 764 2679 818 etiam
2741 760 3071 817 naturaliter
3115 758 3188 815 sit
3236 758 3370 826 vita,
3405 756 3556 814 dedit

1952 860 2031 916 Illi
2051 860 2311 931 seipsum.

2551 966 2714 1039 ιω
2737 964 2968 1023 ALIUD.

2023 1084 2195 1141 Filius
2230 1084 2339 1139 vita
2378 1084 2702 1139 naturaliter
2724 1084 3029 1150 exsistens,
3060 1092 3183 1135 eam
3217 1092 3276 1134 se
3312 1093 3341 1132 a
3390 1079 3559 1133 Patre

1957 1178 2205 1247 accipere
2235 1176 2388 1244 dicit,
2417 1191 2523 1231 non
2553 1184 2823 1244 quatenus
2859 1172 3102 1228 Verbum
3132 1180 3340 1237 est,aut
3366 1169 3550 1239 splen-

1954 1269 2056 1324 dor
2085 1267 2413 1325 naturaliter
2443 1267 2652 1323 habens
2699 1280 2822 1336 quae
2866 1265 3048 1320 Patris
3106 1263 3329 1333 propria
3384 1271 3513 1318 sunt
3540 1302 3557 1329 ,

1957 1361 2052 1417 sed
2079 1368 2350 1430 quatenus
2375 1360 2550 1415 factus
2584 1367 2667 1414 est
2700 1360 2883 1422 homo,
2911 1357 2998 1411 cui
3021 1356 3205 1411 omnia
3234 1371 3264 1409 a
3290 1356 3403 1412 Deo
3432 1354 3559 1409 data

1956 1465 2102 1511 sunt.
2137 1453 2292 1523 Quod
2323 1452 2501 1524 ipsum
2533 1451 2588 1507 in
2645 1449 3007 1522 sequentibus
3055 1456 3245 1520 aperte
3289 1447 3558 1514 declarat,

1958 1562 2180 1605 causam
2233 1560 2335 1603 cur
2370 1546 2495 1601 data
2550 1544 2621 1600 sit
2649 1542 2955 1615 explicans.
2989 1540 3329 1597 Potestatem
3384 1539 3558 1607 enim,

1956 1640 2153 1710 inquit,
2184 1638 2333 1694 dedit
2352 1638 2405 1692 ei
2432 1637 2699 1705 judicium
2726 1636 2933 1700 facere,
2961 1635 3091 1705 quia
3123 1631 3297 1689 Filius
3320 1633 3562 1687 hominis

1956 1740 2041 1787 est
2062 1732 2128 1785 θ’.
2161 1728 2221 1785 Si
2252 1744 2383 1785 vero
2414 1729 2543 1800 quia
2592 1727 2767 1783 Filius
2809 1726 3050 1783 hominis
3080 1734 3184 1789 cst,
3237 1733 3562 1795 potestatem

261 1854 375 1892 νειν
414 1838 663 1905 ἐξουσίαν
704 1818 985 1911 εἰληφέναι
1029 1842 1269 1911 λέγεται,
1315 1818 1607 1895 τὸνίαύτδν
1655 1818 1856 1894 άνακυ-

1979 1820 2230 1879 udicandi
2252 1823 2530 1890 accepisse
2556 1820 2779 1884 dicitur,
2821 1820 3012 1874 eodem
3054 1818 3220 1873 modo
3257 1827 3565 1889 repetentes

262 1926 578 1995 κλὼσαντες
621 1930 779 1999 λόγον
820 1931 1086 2003 ἐροῦμεν·
1128 1931 1345 2003 Ἐπειδὴ
1396 1933 1525 1997 Υἱὸς
1565 1933 1855 2006 ἀνθρώπου

263 2018 476 2088 γέγονε,
507 2019 606 2092 τὴν
636 2022 932 2094 ὁμοιότητα
955 2024 1191 2095 φορέσας
1227 2023 1334 2077 τῶν
1360 2024 1513 2096 παρὰ
1543 2024 1681 2085 Θεοῦ
1707 2024 1858 2095 δέχε-

266 2109 393 2163 σθαι
424 2109 494 2164 τὰ
529 2112 706 2167 πάντα
750 2116 1096 2184 πεφυκότων,
1144 2117 1238 2189 καὶ
1278 2115 1425 2188 ζωὴν
1457 2117 1739 2189 εἰληφέναι
1763 2117 1856 2170 λέ-

264 2215 440 2267 γεται,
484 2202 620 2274 μόνῃ
654 2204 749 2256 καὶ⁵
776 2207 959 2275 γυμνῇ
995 2207 1061 2275 τῇ
1099 2203 1221 2275 θείᾳ
1250 2204 1409 2272 φύσει
1435 2204 1639 2277 τηρῶν,
1673 2205 1767 2258 καὶ
1798 2203 1859 2256 τὸ

265 2292 503 2363 μετοχῆς
530 2310 676 2358 τινος
702 2295 1054 2350 ἀνεπίδεκτον
1089 2296 1182 2350 καὶ
1208 2296 1269 2349 τὸ
1286 2296 1546 2350 δύνασθαι
1580 2299 1693 2360 τοῖς
1722 2297 1857 2350 πᾶσι

264 2382 333 2437 τά
366 2386 541 2439 πάντα
570 2389 829 2458 χορηγεῖν

758 2531 1124 2621 ΛΟΓΟΣ
1200 2537 1305 2621 ΙΕ
1327 2588 1346 2607 ο

261 2683 372 2758 ως
416 2683 580 2758 τρἐν
625 2686 758 2758 ταῖς
802 2690 1171 2758 Παροιμίαις,
1213 2709 1232 2741 ι
1274 2691 1492 2758 Κύριος
1538 2687 1743 2742 ἕκτισέ
1786 2703 1863 2758 με

333 2754 535 2830 tipth
585 2756 744 2811 ὁδῶν
800 2754 1305 2830 αὐτοῦἐἰςίὲργα
1360 2754 1573 2813 αὐτοῦ.
1611 2760 1741 2830 "Ott
1770 2754 1859 2821 τὸ,

336 2824 572 2899 ἔδξῖιὲῖεν,
605 2830 684 2899 ,σὺ
715 2830 867 2899 κατὰ
895 2827 1006 2897 τῆς
1035 2824 1254 2894 οὑσίὰςί
1285 2831 1391 2885 τοῦ
1421 2832 1615 2899 Λόγου
1640 2826 1858 2883 κεῖται·

333 2893 481 2949 οὐδὲ
516 2897 742 2967 κτίσμα
780 2898 815 2965 ἢ
848 2893 1073 2969 ποιὴμα
1112 2903 1145 2954 d
1189 2893 1340 2965 Υἱός.

338 3068 407 3124 Oi
435 3070 537 3141 τῆς
579 3072 790 3144 ’Δρείου
822 3075 1018 3145 μανίας
1048 3076 1352 3147 προστάται
1382 3076 1480 3149 τὴν
1510 3076 1722 3132 ἑαυτῶν
1745 3077 1865 3130 ἀσέ-

1963 1912 2269 1968 dicemus:
2306 1910 2446 1976 Quia
2468 1910 2642 1966 Filius
2666 1910 2904 1966 hominis
2956 1910 3133 1965 tactus
3153 1918 3257 1974 est,
3300 1909 3564 1964 similitu-

1961 2004 2141 2060 dinem
2163 2017 2359 2073 gerens
2376 2017 2571 2060 eorum
2608 2002 2701 2074 qui
2743 2002 3011 2074 quidquid
3041 2001 3266 2067 habent,
3293 2016 3322 2055 a
3345 2002 3456 2057 Deo
3476 2017 3564 2056 ac-

1959 2096 2205 2165 cipiunt,
2240 2096 2410 2150 vitam
2447 2109 2672 2165 quoque
2730 2094 3020 2164 accepisse
3067 2091 3304 2161 dicitur;
3352 2095 3455 2150 soli
3502 2109 3567 2150 ac

1961 2188 2120 2243 nudae
2144 2187 2342 2244 divina:
2360 2194 2572 2243 naturae
2606 2187 2660 2242 id
2683 2201 2994 2252 reservans,
3017 2186 3163 2256 quod
3190 2184 3395 2241 nullius
3438 2202 3567 2255 par-

1962 2278 2292 2347 ticipationls
2313 2293 2485 2349 capax
2521 2279 2614 2346 sit,
2640 2280 2896 2351 quodque
2932 2278 3117 2335 omnia
3169 2279 3427 2336 omnibus
3457 2279 3568 2335 lar-

1961 2370 2139 2439 giatur
2174 2380 2338 2441 atque
2356 2370 2688 2442 suppeditet.

2329 2524 2914 2618 ASSERTIO
2992 2530 3197 2620 XV.

1967 2676 2189 2731 lutllud
2223 2678 2364 2747 quod
2402 2678 2615 2732 inlibt'o
2671 2676 3083 2735 Proverbiorum
3133 2683 3355 2744 dicitur,
3406 2702 3423 2731 ι
3464 2681 3566 2736 Do-

2035 2750 2207 2802 minus
2235 2750 2427 2802 creavit
2463 2764 2544 2801 me
2600 2750 2923 2817 principium
2977 2751 3185 2803 viarum
3252 2768 3474 2805 suarum
3512 2753 3570 2807 in

2036 2834 2192 2884 opera
2222 2835 2321 2871 sua
2342 2820 2409 2871 9°.
2447 2837 2464 2870 ι
2500 2817 2651 2883 Quod
2720 2820 2933 2873 verbum
2978 2819 3111 2872 illud
3135 2863 3148 2886 ,
3198 2824 3426 2885 creavit,
3465 2838 3571 2876 non

2039 2888 2104 2940 de
2126 2890 2348 2942 essentia
2390 2887 2555 2961 iVerbt'
2604 2890 2852 2955 dicatur;
2889 2892 3130 2961 quodque
3167 2890 3335 2945 Filius
3365 2908 3472 2946 non
3501 2893 3569 2947 sit

2038 2967 2284 3012 creatura
2320 2960 2399 3013 vel
2437 2973 2587 3026 opus.

2037 3073 2423 3143 Quiinsaniam
2452 3072 2569 3129 Arii
2594 3083 2871 3130 sectantur
2907 3088 2973 3127 ac
3004 3083 3249 3140 tuentur,
3288 3076 3570 3131 verisimili

269 3161 427 3216 σιιαν
467 3164 735 3229 πιθανοῖς,
770 3165 846 3230 ὡς
886 3167 1109 3229 οἴονται.
1144 3169 1582 3235 καλλωπίζοντες
1628 3171 1860 3242 ῥήμασι,

1979 3168 2023 3221 in
2057 3166 2293 3236 speciem
2328 3165 2579 3221 oratione
2604 3165 2944 3234 impietatem
2970 3180 3125 3221 suam
3155 3167 3434 3232 fucantes,
3494 3168 3571 3223 ita

266 3253 520 3321 λέγουσι·
565 3254 789 3326 κτίσμα
819 3257 967 3311 ἐστὶν
997 3261 1028 3312 6
1060 3259 1207 3323 Υἱὸς,
1246 3260 1362 3313 ἀλλ’
1408 3261 1506 3330 οὐχ
1537 3261 1613 3325 ὡς
1649 3261 1708 3315 ἓν
1754 3262 1862 3317 τῶν

1979 3258 2156 3314 dicunt
2188 3275 2201 3310 :
2228 3256 2399 3314 Filius
2427 3268 2513 3313 est
2540 3267 2823 3321 creatura,
2884 3260 2981 3314 sed
3033 3274 3138 3315 non
3174 3268 3433 3330 tanquam
3467 3274 3575 3316 una

263 3346 588 3417 κτισμάτων
609 3363 624 3377 ·
659 3348 873 3421 ποίημά
902 3351 1071 3415 ἐστιν,
1104 3351 1220 3403 ἀλλ’
1249 3353 1347 3423 οὐχ
1375 3352 1452 3416 ὼς
1477 3352 1535 3405 ἓν
1572 3352 1678 3407 τῶν
1708 3370 1864 3425 ποιη-

272 3435 492 3507 μάτων
534 3438 785 3509 γέννημά
825 3440 994 3509 ἐστιν,
1035 3442 1151 3496 ἀλλ’
1193 3443 1293 3515 οὐχ
1323 3444 1399 3509 ὡς
1439 3444 1497 3498 ἓν
1522 3444 1632 3500 τῶν
1673 3461 1868 3516 γεννη-

273 3528 488 3599 μάτων.

463 3644 621 3713 Πρὸς
660 3644 849 3700 ταῦτα
878 3647 1093 3716 λύσεις
1124 3648 1349 3722 ἐφεξῆς
1376 3651 1668 3723 διάφοροι.

340 3755 409 3809 Et
450 3754 665 3826 ποίημά
692 3756 844 3812 ἐστιν
877 3757 1084 3835 όέΥίὺς,
1121 3754 1238 3826 πῶς
1268 3762 1366 3834 οὐχ
1396 3763 1453 3818 ἓν
1486 3765 1596 3820 τῶν
1628 3770 1869 3840 ποιημά-

267 3863 419 3908 τωνς
442 3846 539 3901 καὶ
576 3848 627 3901 εί
667 3848 806 3913 ὅλως
839 3850 1068 3922 κτίσμα,
1114 3854 1229 3918 πῶς
1263 3855 1361 3926 οὐχ
1396 3854 1454 3909 ἐν
1478 3855 1588 3911 τῶν
1634 3863 1869 3931 κτισμά-

270 3956 423 4007 των;
459 3939 618 3994 Ἐστι
666 3941 775 4012 γὰρ
803 3940 962 3995 τοῦτο
1005 3946 1225 4015 φρονεῖν
1262 3945 1624 4013 γελοιότατον.
1656 3951 1718 4003 El
1758 3952 1868 4023 γὰρ

269 4030 413 4095 ὅλως
451 4032 807 4104 κτίσμασινῆ
843 4034 1146 4106 ποιήμασιν
1184 4036 1285 4089 οὐκ
1315 4037 1462 4092 ἔστιν
1491 4041 1807 4113 ἐναρίθμιος
1841 4046 1870 4098 6

270 4123 429 4189 Υίδς,
452 4121 577 4177 οὔτε
614 4126 820 4196 κτίσμα
851 4125 917 4179 ἂν
937 4129 1021 4198 εἴη
1053 4125 1177 4185 οὔτε
1208 4129 1442 4200 ποίημα.
1462 4132 1525 4186 Ei
1553 4133 1611 4186 δὲ
1643 4136 1868 4206 ἐκτίσθη

270 4216 398 4270 καθ’
429 4216 574 4286 ὑμᾶς
604 4217 696 4269 καὶ
732 4217 1047 4290 πεποίηται,
1079 4216 1196 4282 πῶς
1224 4219 1326 4272 οὐκ
1353 4221 1669 4291 ἀναγκαίως
1704 4225 1780 4289 ὡς
1809 4227 1869 4281 ἓν

269 4307 430 4363 ἔσται
461 4308 574 4364 τῶν
607 4308 919 4379 γενομένων
940 4325 958 4375 ;

969 4599 1177 4653 ΔΛΛΟ.

344 4716 513 4770 Φασὶν
541 4715 623 4769 ὅτι
651 4714 869 4784 ποίημά
888 4714 1036 4767 ἐστιν
1060 4715 1089 4767 6
1122 4714 1270 4779 Υίὸς,
1300 4715 1414 4769 ἀλλ’
1443 4718 1541 4789 οὐχ
1566 4718 1641 4782 ὡς
1675 4720 1732 4773 ἓν
1759 4721 1869 4776 τῶν

272 4808 619 4878 ποιημάτων.
670 4807 782 4860 Καὶ
821 4805 1103 4875 νομίζουσι
1150 4805 1267 4877 μὲν¹
1306 4807 1581 4880 ἐξαίρετόν
1630 4830 1754 4867 τινα
1781 4814 1871 4868 διὰ

271 4899 467 4954 τούτου
500 4883 796 4970 προσάγειν
824 4898 973 4968 αὐτῷ
995 4900 1096 4970 τὴν
1116 4900 1302 4971 τιμὴν,
1330 4903 1632 4976 ἐπειδήπερ
1659 4906 1871 4977 ποίημα

277 4991 379 5059 μὲν
405 4988 563 5055 εἶναι,
592 4992 653 5045 οὺ
678 4991 786 5063 μὴν
821 4991 896 5055 ὼς
925 4990 983 5045 ἓν
1009 5008 1063 5045 τι
1087 4992 1197 5045 τῶν
1231 4996 1554 5066 ποιημάτων
1586 4998 1871 5067 ὁμολογοῦ-

277 5099 364 5134 σιν
394 5081 578 5135 αὒτόν.
628 5081 766 5135 Ἀλλ’
788 5082 940 5137 οὐδὲν
965 5084 1024 5136 ὲν
1050 5083 1227 5155 τούτῳ
1250 5086 1310 5139 τὸ
1332 5085 1609 5158 ἐξαίρετον
1634 5107 1646 5119 ·
1674 5090 1797 5144 ἀλλ’·
1813 5091 1872 5145 ἓν

274 5193 328 5229 τι
360 5177 457 5231 καὶ
490 5172 662 5239 αὐτὸς
693 5175 802 5228 τῶν
846 5174 1023 5231 ἄλλων
1057 5180 1327 5253 φανεῖται.
1363 5180 1508 5243 Ἕως
1538 5181 1645 5254 γάρ
1683 5182 1748 5235 ἂν
1782 5184 1871 5237 ἐπ’

275 5268 444 5323 αὑτοῦ
483 5268 546 5321 τὸ
598 5267 930 5338 πεποιῆσθαι
962 5273 1163 5342 κρατῇ,
1214 5271 1306 5323 καὶ
1350 5267 1489 5325 εἶναι
1540 5274 1746 5343 κτίσμα
1782 5293 1872 5329 πι-

280 5360 560 5431 στεύηται,
587 5359 739 5413 οὐδέν
760 5377 813 5413 τι
837 5360 947 5413 τῶν
975 5360 1152 5416 ἄλλων
1180 5360 1323 5416 κατὰ
1350 5361 1509 5416 τοῦτο
1529 5364 1738 5429 διοίσει,
1763 5365 1869 5421 κᾶν

276 5457 571 5529 διαλλάττῃ
602 5456 742 5510 κατὰ
772 5456 871 5529 τὴν
912 5457 1095 5527 φύσιν,
1126 5458 1158 5527 ἢ
1192 5458 1335 5512 κατά
1372 5476 1493 5512 τινα
1524 5460 1724 5530 τρόπον
1757 5462 1876 5515 ’ἐτε-

281 5563 394 5617 ρον.
424 5545 582 5607 Οὕτω
611 5546 718 5616 γάρ
765 5547 829 5601 άν
861 5564 946 5609 τις
981 5545 1175 5617 ἔχοντα
1210 5546 1397 5616 βλέποι
1426 5548 1495 5601 τὰ
1527 5553 1873 5623 πεποιημένα

280 5639 433 5709 παρὰ
473 5636 613 5691 Θεοῦ
660 5640 966 5711 συγκρίνων
1013 5641 1151 5711 πρὸς
1185 5640 1410 5711 ἄλληλα.
1471 5642 1708 5715 Εὑρήσει
1764 5644 1873 5716 γὰρ

357 5817 402 5850 ⁸⁸
430 5814 585 5874 Junii.
622 5833 672 5883 ν,
710 5817 797 5871 L2'3.
876 5820 919 5851 ’θ
945 5819 1103 5872 Prov.
1143 5834 1255 5884 \‘tll,
1290 5819 1376 5872 2‘2.

1968 3360 2393 3416 creaturarum;
2446 3364 2582 3420 opus
2625 3359 2731 3419 est,
2789 3352 2886 3407 sed
2925 3365 3032 3408 non
3077 3351 3247 3406 veluti
3293 3367 3460 3406 unum
3503 3367 3572 3407 ex

1968 3443 2256 3512 operibus;
2283 3457 2509 3514 germen
2543 3451 2655 3509 est,
2717 3443 2811 3499 sed
2835 3458 2946 3499 non
2974 3432 3135 3514 quasi
3155 3459 3324 3499 unutn
3353 3458 3420 3499 ex
3447 3459 3573 3516 ger-

1974 3534 2233 3591 minibus.

2194 3644 2374 3703 Variae
2400 3648 2560 3719 hujus
2585 3657 2910 3718 operationis
2944 3648 3358 3718 confutatioues.

2040 3758 2096 3815 Si
2123 3758 2294 3814 Filius
2322 3769 2408 3816 est
2436 3775 2596 3829 opus,
2644 3775 2754 3831 quo
2805 3770 2964 3829 pacto
3011 3776 3119 3817 non
3168 3762 3272 3817 erit
3304 3776 3472 3817 unum
3502 3778 3573 3820 ex

1969 3850 2340 3920 operibus?et
2361 3851 2407 3907 si
2453 3850 2677 3907 omnino
2698 3860 2951 3906 creatura
2982 3859 3087 3920 est,
3146 3852 3420 3921 quomodo
3465 3867 3575 3909 non

1970 3944 2075 3999 erit
2105 3957 2212 3997 una
2245 3957 2314 3998 ex
2348 3942 2667 3998 creaturis?
2713 3940 2815 3998 Est
2859 3944 3007 4000 enim
3055 3944 3159 4000 hoc
3211 3945 3577 4002 vehementer

1974 4034 2258 4090 ridiculum
2284 4034 2547 4105 cogitatu.
2584 4032 2721 4089 Nam
2752 4034 2800 4089 si
2830 4035 2882 4089 in
2927 4034 3244 4093 universum
3305 4038 3577 4093 creaturis

1970 4128 2344 4197 autoperibus
2375 4142 2481 4182 non
2523 4136 2942 4193 annumeretur,
2975 4139 3126 4184 certe
3186 4144 3367 4199 neque
3421 4144 3576 4186 crea-

1973 4228 2114 4283 tura,
2151 4234 2327 4289 neque
2358 4232 2497 4289 opus
2527 4219 2713 4274 fuerit.
2742 4218 2801 4275 Si
2834 4235 2964 4276 vero
2991 4221 3150 4291 juxta
3191 4230 3429 4276 vestram
3460 4224 3578 4291 opi-

1973 4312 2191 4366 nionem
2225 4320 2449 4367 creatus
2487 4319 2544 4366 et
2593 4311 2772 4368 factus
2821 4321 2929 4379 est,
2957 4312 3234 4383 quomodo
3266 4328 3372 4367 non
3416 4311 3581 4369 fuerit

1972 4406 2284 4461 necessario
2314 4414 2571 4475 tanquam
2603 4412 2771 4461 un'um
2795 4406 3001 4477 aliquid
3035 4421 3101 4463 ex
3126 4421 3354 4464 numero
3387 4422 3577 4463 eorum

1978 4511 2094 4567 qua:
2120 4495 2263 4554 facta
2288 4506 2345 4551 et
2367 4506 2555 4554 creata
2592 4496 2761 4552 sunt?

2646 4607 2878 4664 ALlUD.

2047 4720 2243 4776 Filium
2276 4737 2414 4793 opus
2435 4737 2559 4778 esse
2591 4724 2767 4787 aiunt,
2797 4723 2899 4778 sed
2928 4737 3037 4779 non
3088 4732 3350 4795 tanquam
3407 4741 3574 4783 unum

1977 4828 2040 4867 cx
2074 4816 2353 4883 operibus.
2388 4813 2456 4869 Et
2493 4816 2715 4886 quidem
2743 4815 3065 4871 existimant
3114 4831 3175 4871 se
3209 4817 3312 4873 hac
3365 4819 3580 4876 ratione

1978 4907 2240 4962 eximium
2288 4908 2582 4977 quemdam
2667 4910 2934 4966 honorem
3007 4906 3082 4963 illi
3131 4908 3369 4977 deferre,
3433 4913 3580 4981 quod

1981 5009 2291 5054 creaturam
2317 5000 2537 5070 quidem
2562 5000 2714 5055 illum
2734 5015 2857 5056 esse
2886 5000 3090 5065 dicant,
3120 5016 3226 5056 non
3260 5011 3441 5059 tamen
3462 5004 3574 5059 vel-

1982 5091 2059 5144 uti
2117 5106 2281 5146 unam
2320 5106 2351 5146 e
2404 5106 2633 5147 numero
2657 5103 3056 5147 creaturarum.
3115 5092 3389 5150 (laterum
3444 5096 3581 5153 nihil

1982 5186 2035 5237 in
2062 5185 2163 5239 hoc
2190 5193 2277 5241 est
2304 5185 2603 5252 eximium;
2641 5185 2800 5258 157
2837 5186 2932 5241 sed
2967 5202 3135 5241 unum
3177 5187 3384 5258 aliquid
3437 5189 3581 5245 inter

1981 5278 2085 5331 alia
2106 5288 2292 5333 creata
2315 5279 2618 5348 apparebit.
2653 5279 2907 5346 Quamdiu
2936 5280 3082 5335 enim
3110 5283 3175 5334 de
3210 5295 3277 5335 eo
3334 5281 3441 5336 dici
3477 5297 3577 5351 po-

1976 5371 2102 5424 terit
2124 5370 2326 5425 factum
2352 5387 2494 5436 esse,
2526 5382 2581 5426 et
2611 5382 2865 5426 creatura
2900 5387 3027 5428 esse
3086 5375 3341 5428 credetur
3372 5388 3386 5427 :
3442 5374 3578 5428 nihil

1977 5463 2045 5515 ab
2076 5462 2141 5515 iis
2174 5462 2273 5517 hac
2305 5464 2356 5516 in
2387 5473 2540 5532 parte
2571 5464 2809 5529 ἀῦσαι-ει,
2831 5465 3051 5521 tametsi
3110 5466 3324 5521 ratione
3348 5477 3577 5531 natura},

1979 5564 2068 5607 aut
2099 5554 2205 5609 alio
2240 5556 2420 5626 aliquo
2448 5558 2609 5611 modo
2646 5558 2717 5611 sit
2752 5558 3121 5627 prmstuntior.
3146 5558 3221 5611 ita
3248 5558 3393 5613 enim
3430 5557 3581 5612 vide-

1984 5663 2039 5703 re
2068 5658 2147 5703 cst
2179 5649 2380 5706 habere
2421 5665 2478 5706 se
2504 5667 2621 5721 qua:
2651 5668 2679 5705 a
2715 5651 2823 5708 Deo
2851 5660 3035 5707 creata
3075 5658 3225 5721 sunt,
3264 5651 3310 5708 si
3352 5649 3476 5722 quis
3509 5664 3573 5705 ea
