4024 6488
493 366 595 422 2ίῖ

1480 368 1535 421 S.
1579 369 1848 424 CYlilLl-l
1890 368 2351 422 ALEXANDRIN;
2397 368 2713 424 ARCIIIEI'.

3628 378 3732 433 τις

499 491 645 545 inter
696 502 753 543 se
804 485 1067 540 conferat.
1113 481 1353 536 Inveniet
1411 482 1553 534 enim
1614 482 1700 535 illa
1743 481 2055 535 excellentia

2171 483 2300 534 αὐτὰ
2331 485 2421 535 καί
2442 486 2563 549 ταῖς
2593 485 2883 553 ὑπεροχαῖς
2905 485 3136 536 νικῶντα
3169 484 3425 548 πολλάκις
3455 487 3522 538 τά
3546 488 3729 558 ἕτερα,

498 577 729 647 quadam
745 587 1116 643 “spenumero
1142 571 1263 626 aliis
1279 579 1557 640 praestare,
1591 582 1673 624 et.
1700 572 1906 626 naturis
1957 572 2054 626 dif-

499 667 644 721 ferre
669 705 684 730 ,
713 667 786 720 ita
813 675 874 719 ut
925 663 1191 733 quispiam
1220 665 1398 718 dicere
1424 664 1595 731 possit
1620 664 1683 717 de
1701 663 1930 732 singulis
1955 679 2047 718 eo-

501 773 617 812 rum
650 772 664 810 :
693 757 956 812 Creatura
983 765 1087 821 est,
1123 755 1215 810 sed
1262 769 1363 808 non
1395 763 1648 820 tanquam
1673 769 1776 807 una
1811 769 1872 808 ex
1907 769 2056 808 crea-

501 857 656 902 turts.
690 845 932 916 Exempli
966 846 1156 914 gratia,
1182 843 1263 899 sol
1287 858 1421 912 opus
1447 851 1660 907 est,non
1685 853 1862 897 tamen
1894 860 2056 898 unum

497 952 564 993 ex
596 936 847 1006 operibus
882 953 894 988 :
926 949 1099 1004 neque
1121 935 1264 989 enim
1293 943 1376 990 est
1410 934 1549 988 alius
1594 935 1695 989 sol.
1752 932 1924 989 Simili
1975 950 2059 987 ra-

498 1031 644 1086 tione
675 1029 836 1083 etiam
870 1027 1249 1092 luna,coeium,
1285 1025 1473 1088 stella,
1504 1035 1681 1079 terra:
1714 1025 1891 1078 omnia
1916 1025 2057 1078 enim

499 1120 617 1175 haec
642 1133 806 1187 opera
834 1129 981 1184 sunt,
1037 1127 1093 1174 et
1145 1119 1353 1188 singula
1387 1132 1596 1180 eorum,
1623 1132 1728 1170 non
1770 1126 1828 1169 ut
1893 1131 2058 1170 unum

496 1225 561 1266 ex
579 1209 1140 1279 operibus.Creaturc
1162 1209 1304 1264 enim
1324 1209 1426 1264 hoc
1455 1208 1626 1264 solum
1649 1219 1936 1264 commune
1966 1207 2060 1261 ha-

497 1300 645 1367 bent,
683 1301 826 1370 quod
873 1301 1031 1356 facta:
1057 1302 1186 1356 sint.
1219 1301 1468 1358 Formam
1501 1316 1630 1360 vero
1650 1341 1664 1362 ,
1693 1302 1950 1370 speciem,
1980 1314 2061 1355 at-

498 1406 604 1460 que
640 1403 888 1446 naturam
920 1391 1144 1463 singula:
1173 1393 1500 1462 peculiarem
1539 1403 1707 1446 nactae
1745 1400 1889 1446 sunt.
1916 1389 2060 1448 Nihil

496 1482 662 1550 igitur
699 1481 931 1550 amplius
971 1493 1054 1538 est
1093 1483 1145 1536 in
1183 1481 1341 1549 Filio,
1367 1484 1410 1538 si
1447 1482 1622 1538 factus
1652 1495 1774 1536 esse
1813 1480 2057 1549 dicatur;

497 1574 714 1631 etiamsi
749 1575 893 1630 aliud
928 1574 1128 1644 aliquid
1153 1589 1406 1646 magnum
1436 1583 1598 1646 atque
1651 1575 1907 1629 eximium
1955 1589 2061 1644 pra

499 1667 726 1737 reliquis
752 1667 1016 1724 creaturis
1044 1667 1274 1723 exsistat
1301 1684 1313 1720 :
1349 1681 1522 1737 neque
1555 1667 1700 1720 enim
1729 1665 1807 1721 sol
1837 1667 1904 1720 ob
1926 1679 2063 1734 prc-

496 1757 751 1812 stantiam
779 1767 931 1813 suam
959 1769 1068 1825 qua
1101 1756 1308 1824 reliqua
1334 1765 1482 1810 astra
1503 1755 1658 1826 longe
1683 1764 2061 1824 superat,opus

495 1863 615 1904 esse
639 1848 866 1904 desinet.
908 1849 1103 1904 Eadem
1169 1863 1299 1904 vero
1335 1849 1471 1904 ratio
1507 1857 1610 1913 est,
1670 1848 1833 1902 etiam
1869 1860 2055 1902 earum

495 1955 616 2008 qua!
647 1941 699 1994 in
734 1941 872 1996 cutio
926 1949 1051 1996 sunt
1110 1941 1452 1996 rationalium
1487 1950 1834 2008 potestatum,
1860 1938 2058 2009 quibus

496 2035 710 2103 quidem
741 2035 992 2090 omnibus
1045 2049 1333 2090 commune
1376 2043 1458 2089 est
1487 2033 1656 2089 factas
1709 2047 1850 2088 esse.
1903 2031 2064 2087 Ratio

500 2135 680 2185 autem
707 2141 812 2196 qua
853 2127 985 2197 quid
1005 2142 1234 2198 quaque
1263 2141 1448 2181 earum
1485 2127 1577 2191 sit,
1611 2126 1821 2182 diversa
1853 2133 1956 2182 est.

1159 2233 1386 2292 ALIUD.

564 2349 621 2405 Si
650 2349 838 2417 Filius,
866 2350 1018 2420 iuxta
1045 2361 1277 2406 vestram
1326 2351 1656 2420 opinionem,
1677 2357 1762 2404 est
1789 2356 2058 2411 creatura,

499 2452 680 2511 atque.
724 2443 776 2496 id
800 2458 919 2496 cum
949 2443 1040 2506 sit,
1086 2451 1407 2512 potestatem
1463 2441 1624 2496 habet
1657 2439 1902 2502 creandi,
1936 2439 2062 2506 quia

497 2551 602 2590 non
633 2545 718 2588 est
751 2543 810 2588 ut
845 2549 946 2588 una
970 2534 1294 2603 reliquarum
1355 2543 1726 2588 creaturarum
1763 2547 1776 2582 :
1806 2544 1901 2584 cur
1959 2543 2062 2584 cz-

500 2635 630 2678 terae
657 2638 870 2693 quoque
903 2634 1165 2678 creaturae
1200 2623 1417 2678 creandi
1450 2621 1760 2676 facultatem
1816 2635 1922 2674 non
1958 2620 2060 2673 ha-

498 2717 680 2778 beant,
712 2715 842 2784 quia
878 2716 1021 2768 varia
1041 2723 1122 2769 est
1149 2729 1211 2768 ac
1241 2715 1560 2768 diversrin
1623 2713 1703 2767 eis
1754 2720 1967 2776 natura,
2010 2719 2064 2764 et

499 2820 834 2876 unaquaeque
856 2821 1038 2859 earum
1075 2814 1321 2860 creatura
1347 2814 1450 2871 est,
1518 2819 1621 2858 non
1676 2813 1854 2856 tamen
1896 2799 2061 2855 veluti

499 2912 665 2954 unum
712 2897 913 2965 aliquid
940 2897 1307 2965 reliquorum?
1344 2895 1516 2952 Unum
1553 2895 1695 2949 enim
1733 2902 1818 2946 est
1840 2891 2062 2955 caelum,

502 2985 757 3050 unussol,
795 3001 902 3038 una
935 2987 1289 3048 luna,natura
1315 2986 1591 3040 stellarum
1642 2999 1768 3050 una,
1817 2993 1871 3037 et
1921 2990 2065 3035 terra

501 3089 629 3138 una,
655 3091 794 3130 unus
823 3075 983 3130 homo
1024 3087 1284 3145 quantum
1322 3077 1388 3129 ad
1437 3076 1791 3129 substantiam
1822 3075 2014 3127 attinet
2051 3089 2060 3120 :

498 3175 669 3236 atque
701 3168 785 3222 his
814 3169 1030 3236 quidem
1063 3168 1196 3222 nihil
1263 3169 1406 3222 inter
1440 3183 1499 3222 se
1584 3168 1794 3221 ratione
1863 3175 2069 3220 naturae

499 3271 788 3312 commune
810 3265 913 3321 est,
950 3259 1159 3312 tametsi
1192 3260 1441 3314 omnibus
1504 3260 1572 3327 id»
1625 3274 1909 3312 commune
1979 3258 2066 3323 sit,

501 3346 645 3415 quod
671 3347 815 3401 facta
851 3348 978 3403 sint.
1010 3348 1152 3402 Nihil
1183 3359 1360 3403 tamen
1391 3351 1653 3404 creatoris
1703 3351 1756 3402 in
1805 3349 2070 3402 creaturis

503 3438 762 3502 cernitur,
792 3439 886 3492 sed
914 3439 1091 3506 putius
1109 3448 1409 3493 creatorem
1443 3439 1676 3493 Verbum
1711 3441 1802 3493 Dei
1822 3441 2066 3502 adorant,

500 3537 556 3582 et
586 3526 808 3582 factoris
831 3529 1055 3596 gloriam
1083 3528 1367 3583 extollunt.
1416 3546 1434 3580 ι
1466 3528 1600 3584 Catii
1635 3531 1776 3582 enim
1809 3540 2067 3583 enarrant

501 3619 725 3688 gloriam
747 3619 862 3681 Dei,
879 3631 933 3674 et
957 3621 1352 3675 firmamentum
1371 3621 1795 3688 enuntiatopera
1815 3635 2068 3672 manuum

501 3711 708 3776 ejus”.
754 3730 772 3762 ι
817 3710 882 3763 Ει
929 3711 1378 3780 quemadmodum
1424 3711 1627 3765 Esdras
1662 3710 1781 3764 ait:
1829 3728 1846 3761 ι
1881 3707 2069 3763 Omnis

501 3813 644 3856 terra
681 3803 960 3857 veritatem
992 3810 1167 3865 v'ocat,
1192 3812 1246 3856 et
1275 3803 1469 3857 cmlum
1501 3801 1674 3869 ipsum
1734 3801 1945 3862 adorat,
2018 3809 2073 3853 et

502 3909 688 3950 omnes
711 3902 976 3946 creatura:
1009 3893 1179 3960 ipsam
1213 3893 1530 3963 tremiscunt
1554 3891 1618 3942 θ’.
1659 3910 1675 3941 ι
1705 3889 1874 3944 Filius
1894 3901 2070 3944 autem

503 3988 572 4040 de
613 3988 788 4053 seipso
823 3987 898 4038 ait
931 4002 943 4035 :
992 4003 1008 4034 ι
1048 3983 1158 4054 Ego
1189 3998 1308 4038 sum
1358 3984 1560 4038 veritas
1590 3983 1656 4036 “.
1697 4002 1713 4033 ι
1762 3981 1876 4037 Νοιι
1944 3997 2070 4050 ergo

505 4092 640 4144 opus
660 4085 761 4141 est,
801 4090 977 4145 neque
996 4085 1246 4128 creatura
1294 4072 1363 4126 ob
1406 4073 1457 4126 id
1507 4073 1726 4127 creandi
1766 4070 2068 4125 facultatem

505 4169 734 4235 habens,
764 4168 886 4236 quia
913 4167 1208 4221 nonveluti
1241 4181 1347 4221 una
1393 4173 1767 4220 creaturarum
1799 4174 1880 4219 est
1907 4180 1921 4217 :
1977 4165 2070 4217 sed

505 4262 629 4329 quia
667 4275 789 4313 cum
825 4261 896 4313 sit
922 4259 1200 4328 proprium
1232 4271 1451 4326 germen
1489 4259 1738 4312 essentia:
1761 4256 1962 4322 Patris,
1986 4264 2069 4310 to-

2162 576 2255 626 καὶ
2281 578 2398 638 ταῖς
2428 576 2653 642 φύσεσιν
2685 576 3081 646 ἐξηλλαγμένα,
3114 576 3187 638 ὡς
3216 577 3471 631 δύνασθαί
3506 595 3628 630 τινα
3649 578 3735 631 λέ-

2160 681 2278 727 γειν
2314 666 2397 733 ἐφ’
2433 666 2665 719 ἑκάστου
2688 683 2743 719 τε
2776 667 3017 730 ἐκείνων,
3050 667 3259 737 ποίημά
3291 670 3458 731 ἑστιν,
3492 669 3608 722 ἀλλ’
3634 669 3732 738 οὐχ

2158 752 2231 815 ὡς
2265 753 2323 804 ἓν
2355 753 2458 804 τῶν
2505 755 2841 823 ποιημάτων.
2884 756 2940 810 ’0
2972 756 3118 826 ἥλιος
3155 757 3312 827 τυχὸν
3350 758 3558 829 ποίημα
3607 759 3731 828 μὶν.

2159 842 2256 910 οὐχ
2287 841 2360 903 ὡς
2406 842 2463 893 ἒν
2498 842 2553 894 δὲ
2591 844 2698 894 τῶν
2733 845 3081 914 ποιημάτων·
3134 847 3192 898 οὐ
3229 847 3335 918 γάρ
3369 848 3514 900 ἔστιν
3549 849 3733 918 lupo;

2159 934 2325 1003 ἥλιος.
2372 934 2431 988 Ἦ
2482 934 2674 1005 σελήνη
2719 937 2938 1005 ὁμοίως,
2971 939 2998 990 6
3041 938 3284 1009 οὐρανὸς,
3319 941 3368 992 ot
3414 941 3665 1010 ἀστέρες,
3697 940 3734 1011 ἡ

2160 1024 2250 1091 γῆ·
2276 1023 2451 1076 πάντα
2482 1024 2592 1094 γὰρ
2614 1024 2785 1078 ταῦτα
2812 1027 3109 1095 ποιήματα,
3143 1028 3233 1079 καὶ
3265 1028 3492 1080 ἕκαστον
3527 1029 3732 1092 αὐτῶν,

2160 1115 2256 1182 οὐχ
2286 1114 2359 1177 ὡς
2389 1113 2448 1168 εν
2490 1115 2599 1168 τῶν
2627 1116 2964 1185 ποιημάτων.
2995 1117 3171 1170 Μόνον
3220 1118 3329 1190 γὰρ
3365 1119 3426 1171 τὸ
3478 1118 3734 1185 γενέσθαι

2161 1204 2337 1258 κοινὸν
2359 1205 2470 1275 ἔχει
2495 1207 2564 1261 τά
2593 1206 2888 1276 κτίσματα·
2920 1207 2980 1261 τὸ
3003 1208 3060 1261 δὲ
3093 1209 3275 1278 σχῆμα
3297 1211 3391 1262 καὶ
3414 1210 3513 1280 τὴν
3551 1211 3729 1278 φύσιν,

2161 1295 2388 1349 ἕκαστον
2420 1297 2742 1362 ἰδιάζουσαν.
2777 1298 2940 1353 Οὐδὲν
2972 1296 3065 1354 οὖν
3101 1300 3159 1352 τδ
3189 1301 3346 1354 πλέον
3385 1304 3442 1356 ἐν
3483 1300 3598 1372 Υίῷ
3639 1317 3735 1354 πε-

2165 1387 2421 1458 ποιῆσθαι
2449 1390 2744 1461 λεγομένῳ,
2778 1391 2878 1445 κᾶν
2907 1393 3092 1462 ἔτερόν
3124 1409 3177 1445 τι
3219 1393 3358 1462 μέγα
3398 1394 3491 1445 καὶ
3522 1391 3734 1462 ἐξαίρε-

2163 1496 2254 1533 τον
2283 1481 2502 1553 ὑπάρχῃ
2529 1482 2679 1551 παρὰ
2704 1482 2770 1535 τά
2801 1483 2934 1542 ἄλλα
2968 1485 3262 1555 ποιήματα.
3290 1485 3355 1537 Τί
3385 1484 3496 1554 γάρ
3525 1483 3738 1552 ὠφελή-

2167 1589 2248 1625 σει
2283 1572 2373 1625 τὸν
2404 1564 2556 1643 ἥλὶον
2596 1575 2677 1637 είς
2707 1574 2769 1628 τὸ
2801 1575 2874 1648 μὴ
2903 1570 3042 1630 εἷναι
3093 1577 3324 1647 ποίημα,
3359 1575 3422 1629 τὺ
3467 1575 3603 1628 πολὺ
3628 1575 3742 1628 τῶν

2165 1662 2408 1732 ἀστέρων
2440 1664 2768 1735 ὑπερέχειν,
2810 1667 2866 1720 Ὀ
2890 1667 2946 1721 δὲ
2970 1668 3132 1732 αὐτὸς
3168 1661 3323 1732 οὗτος
3357 1668 3620 1740 κρατήσει
3651 1665 3739 1719 λό-

2165 1771 2262 1822 γος
2297 1755 2391 1808 καὶ
2436 1757 2527 1809 ἐπὶ
2569 1757 2674 1811 τῶν
2710 1759 2766 1811 ὲν
2795 1758 3006 1830 οὐρανῷ
3053 1758 3284 1828 λογικῶν
3303 1760 3617 1830 δυνάμεων,
3649 1753 3739 1824 αἷς

2093 1826 2132 1881 θ
2163 1844 2326 1899 πάλιν
2351 1846 2412 1898 τὺ
2453 1847 2550 1916 μὲν
2582 1826 2912 1917 πεποιῆσθαι
2941 1826 3135 1902 κοινὸν
3159 1850 3326 1904 ἑστιν.
3372 1849 3432 1904 ὐ
3453 1826 3521 1904 -δὲ
3564 1849 3659 1903 τοῦ
3685 1849 3740 1906 τί

2164 1937 2394 1990 ἕκαστον
2427 1937 2512 2008 εἴη
2543 1938 2718 2007 λόγος,
2752 1939 3169 2010 ἑξηλλαγμένος.

2840 2224 3042 2276 ΑΛΛΟ.

2233 2340 2296 2392 Et
2329 2337 2540 2407 ποιημά
2569 2338 2703 2398 ἐστι,
2753 2333 2870 2387 καθ’
2914 2333 3076 2404 ὑμᾶς,
3110 2337 3137 2389 ὁ
3165 2336 3311 2398 Υἱὸς,
3350 2338 3442 2389 καὶ
3479 2337 3639 2389 τοῦτο
3667 2337 3745 2388 ὢν

2163 2433 2280 2502 ἔχει
2313 2431 2374 2483 τὸ
2406 2429 2664 2483 δύνασθαι
2693 2427 2918 2492 κτίζειν,
2944 2428 3032 2480 διὰ
3077 2429 3137 2480 τὸ
3172 2427 3248 2498 μὴ
3287 2429 3362 2490 ὼς
3388 2427 3445 2480 ἓν
3476 2430 3746 2499 ὑπάρχειν

2164 2524 2272 2578 τῶν
2306 2524 2480 2577 ἄλλων
2526 2523 2864 2592 ποιημάτων,
2893 2520 3030 2573 ἔστω
3068 2520 3329 2588 ποιητικὰ
3370 2522 3463 2572 καὶ
3495 2521 3563 2574 τά
3583 2521 3750 2589 ἕτερα

2171 2617 2464 2686 κτίσματα,
2493 2613 2579 2667 διά
2610 2614 2668 2666 τὸ
2694 2613 2942 2684 ποικίλην
2968 2614 3026 2667 ὲν
3052 2608 3397 2675 αὑτοῖς-εἷναι
3431 2613 3529 2681 τὴν
3561 2613 3745 2679 φύσιν·

2171 2709 2264 2761 καὶ
2301 2709 2527 2760 ἕκαστον
2568 2705 2748 2758 αὐτῶν
2781 2700 2918 2757 εἶναι
2953 2703 3160 2774 ποίημα
3200 2705 3322 2774 μὲν,
3350 2703 3448 2774 οὐχ
3479 2703 3555 2766 ὡς
3602 2704 3659 2757 ἓν
3688 2702 3749 2756 δὲ

2170 2799 2279 2851 τῶν
2313 2798 2507 2851 ἀλλων.
2545 2791 2640 2860 Εἷς
2674 2795 2780 2867 γὰρ
2809 2798 2838 2848 6
2886 2795 3132 2866 οὐρανὸς,
3177 2794 3324 2864 ἥλιος
3360 2789 3461 2858 εἷς,
3511 2799 3612 2865 μία
3656 2810 3749 2846 σε-

2172 2892 2330 2960 λήνη,
2372 2892 2532 2958 φύσις
2560 2890 2802 2960 ἀστέρων
2840 2890 2958 2958 μία,
2997 2888 3093 2958 μία
3122 2905 3180 2940 τε
3214 2889 3305 2958 γῆ,
3339 2883 3419 2950 εἷς
3462 2888 3750 2958 ἄνθρωπος

2174 2985 2295 3036 ὅσον
2334 2986 2410 3045 είς
2442 2982 2626 3034 οὐσίαν
2648 3000 2659 3011 ·
2695 2980 3017 3033 καὶτούτων
3057 2979 3206 3033 οὐδὲν
3247 2979 3496 3048 ἀλλήλοις
3542 2983 3753 3033 ἐπικοι-

2171 3077 2330 3129 νωνεῖ
2362 3073 2503 3127 κατὰ
2520 3073 2611 3126 τὸν
2639 3073 2740 3141 τῆς
2766 3071 2979 3140 φύσεως
3007 3071 3184 3138 λόγον,
3208 3072 3256 3123 εί
3285 3072 3379 3124 καὶ
3403 3073 3538 3123 πᾶσι
3573 3073 3635 3124 τὸ
3661 3088 3752 3124 πε·

2169 3165 2424 3234 ποιῆσθαι
2451 3164 2648 3217 κοινόν.
2699 3162 2835 3215 Ἀλλ’
2859 3162 3014 3215 οὐδὲν
3036 3163 3094 3214 ὲν
3125 3163 3238 3224 τοῖς
3263 3161 3528 3232 κτίσμασι
3563 3163 3752 3231 φαίνε-

2166 3272 2256 3308 ται
2287 3253 2640 3323 δημιουργοῦ,
2670 3252 2804 3305 ἀλλὰ
2833 3251 3031 3322 μᾶλλον
3057 3254 3355 3321 προσκυνεῖ
3383 3252 3471 3305 τὸν
3493 3251 3754 3323 δημιουρ-

2169 3349 2264 3415 γὸν
2290 3347 2383 3398 τοῦ
2407 3345 2541 3398 Θεοῦ
2576 3346 2767 3412 Λόγον,
2800 3345 2893 3397 καὶ
2918 3341 3013 3396 τοῦ
3041 3340 3265 3413 ποιητοῦ
3301 3343 3396 3413 τὴν
3426 3333 3581 3407 δόξαν
3613 3344 3752 3396 ἀνα-

2172 3438 2290 3508 ϐοᾷ”
2327 3458 2343 3487 ι
2379 3438 2440 3487 Οἱ
2469 3435 2688 3504 οὐρανοὶ
2710 3434 3018 3504 διηγοῦνται
3047 3434 3202 3498 δόξαν
3222 3433 3380 3497 Θεοῦ,
3411 3435 3503 3488 καὶ
3532 3435 3753 3505 ποίησιν

2171 3529 2365 3599 χειρῶν
2399 3527 2560 3580 αὑτοῦ
2587 3527 2980 3595 ἀναγγέλλειτὸ
2999 3527 3338 3596 στερέωμα.»
3363 3527 3472 3578 Καὶ
3502 3527 3754 3596 καθάπερ

2171 3623 2469 3692 ὁῙΕσδρας
2513 3621 2676 3697 φησι·
2721 3638 2738 3672 ι
2777 3620 2931 3673 Πᾶσα
2971 3622 3001 3689 ὴ
3037 3622 3106 3690 γῆ
3156 3622 3254 3689 τὴν
3284 3618 3538 3690 ἀλήθειαν
3578 3618 3751 3681 καλεῖ,

2175 3713 2266 3767 καὶ
2291 3715 2317 3764 ὁ
2345 3713 2570 3783 οὐρανὸς
2609 3713 2779 3781 αὐτὴν
2816 3712 3130 3781 προσκυνεῖ,
3172 3711 3264 3763 καὶ
3294 3710 3471 3763 πάντα
3500 3710 3568 3762 τά
3615 3709 3756 3778 ἔργα

2173 3806 2342 3875 αὐτὴν
2379 3795 2580 3857 σείεται
2619 3804 2711 3857 καὶ
2753 3804 2962 3874 τρέμει.
3006 3820 3024 3852 ι
3069 3803 3127 3856 '0
3153 3803 3208 3855 δὲ
3230 3802 3356 3865 Υἱὸς
3389 3803 3518 3872 περὶ
3559 3801 3757 3854 ἑαυτοῦ

2175 3914 2369 3969 φησιν’
2407 3917 2423 3948 ι
2480 3898 2619 3964 Ἐγώ
2649 3899 2761 3966 είμι
2804 3897 2836 3966 ἡ
2878 3895 3127 3964 ἀλήθεια.
3177 3914 3195 3947 ι
3233 3896 3346 3947 Οὐκ
3384 3897 3490 3965 ἄρα
3542 3895 3756 3964 ποίημά

2174 3991 2344 4053 ἐστιν,
2369 3988 2488 4041 οὐδὲ
2539 3989 2741 4057 κτίσμα
2772 3987 2860 4040 διὰ
2887 3987 3042 4040 τοῦτο
3081 3986 3284 4049 κτίζειν
3323 3986 3638 4056 δυνάμενος,
3673 3986 3755 4038 ὃτι

2175 4083 2252 4152 μὴ
2283 4082 2357 4144 ὼς
2390 4082 2447 4134 ἒν
2477 4083 2592 4133 ἐστι
2623 4079 2729 4132 τῶν
2763 4081 3100 4148 ποιημάτων,
3129 4077 3242 4130 ἀλλ’
3268 4078 3348 4130 ὅτι
3387 4077 3486 4146 τῆς
3516 4076 3607 4129 τοῦ
3640 4078 3752 4130 Ila.-

2173 4176 2300 4244 τρὸς
2330 4175 2514 4238 οὑσίας
2542 4175 2670 4226 ῐδιον
2695 4174 2951 4243 ὑπάρχων
2971 4172 3235 4241 γέννημα,
3267 4171 3385 4224 ὅλον
3412 4188 3471 4222 τε
3497 4173 3555 4223 ὲν
3577 4171 3757 4240 ἑαυτῷ

2176 4267 2436 4321 δεικνύων
2477 4268 2656 4330 αὑτὸν,
2690 4265 2802 4335 ἔχει
2846 4267 2940 4318 καὶ
2984 4265 3045 4318 τὸ
3077 4264 3333 4319 δύνασθαι
3383 4263 3590 4330 κτίζειν
3628 4263 3703 4326 ὡς
3729 4265 3756 4314 6

508 4363 618 4410 tum
647 4352 795 4405 illum
815 4352 867 4404 in
897 4351 1074 4418 seipso
1102 4350 1416 4418 ostendens,
1442 4349 1603 4404 habet
1619 4363 1832 4418 quoque
1853 4347 2069 4401 creandi
2101 4371 2150 4430 D
2178 4359 2385 4430 Πατήρ,

507 4449 830 4512 potestatem
859 4448 917 4495 ut
940 4440 1120 4495 Pater.

1091 4553 1252 4626 us
1278 4552 1510 4610 ALIUD.

579 4672 633 4724 Si
663 4669 829 4724 Filius
856 4680 935 4725 est
965 4679 1236 4734 creatura,
1256 4677 1311 4723 et
1334 4669 1591 4723 aduratur
1622 4681 1652 4719 a
1681 4665 1904 4734 reliquis
1921 4677 2075 4718 crea-

510 4764 665 4829 turis,
697 4763 818 4832 quia
849 4763 1120 4816 diversum
1145 4762 1271 4829 quid
1307 4760 1375 4815 ab
1410 4761 1477 4814 iis
1509 4758 1746 4822 exsistit,
1785 4770 1961 4826 neque
1993 4763 2077 4810 est

510 4856 659 4910 velut
689 4869 794 4909 una
827 4863 1222 4915 creaturarum,
1261 4853 1544 4921 oportebat
1579 4850 1742 4904 etiam
1771 4848 1892 4902 illas
1958 4861 1986 4900 a
2014 4861 2076 4902 se

510 4948 739 5000 invicem
773 4946 1011 5008 adorari,
1046 4945 1169 5012 quia
1200 4945 1410 5000 diversa
1442 4943 1583 4996 inter
1613 4958 1674 4997 se
1721 4950 1916 4996 natura
1934 4956 2070 5010 pra:-

512 5038 637 5090 ditae
667 5045 809 5088 sunt.
842 5034 1030 5105 Magna
1059 5035 1203 5088 enim
1234 5043 1317 5087 est
1345 5033 1397 5087 in
1442 5033 1701 5088 creaturis
1735 5031 2073 5087 differentia:

512 5134 566 5179 et
600 5140 933 5192 unaquaeque
973 5123 1294 5193 peculiarem
1331 5137 1484 5178 suam
1515 5131 1761 5176 naturam
1808 5123 1922 5175 sive
1946 5138 2078 5191 qua-

513 5216 718 5269 iitatetn
750 5215 1111 5284 habet,neqne
1143 5216 1193 5268 id
1235 5215 1408 5282 ipsum
1441 5224 1525 5267 est
1547 5215 1767 5268 omnino
1785 5214 1923 5281 quod
1952 5214 2075 5267 alia.

515 5306 668 5358 Nulla
699 5316 873 5360 tamen
909 5323 974 5360 ex
1043 5307 1109 5359 iis
1151 5307 1423 5370 adoratur,
1479 5307 1605 5375 quin
1661 5305 1835 5371 potius
1891 5319 2079 5358 omnes

517 5408 814 5451 creatorem
848 5397 1076 5452 Verbum
1109 5397 1199 5452 Dei
1239 5401 1481 5451 adorant.
1517 5397 1631 5451 Non
1664 5397 1827 5465 igitur
1859 5413 1993 5450 unus
2011 5412 2076 5451 ex

517 5489 780 5541 creaturis
813 5500 893 5542 est
923 5487 1111 5550 Filius,
1163 5505 1335 5557 neque
1371 5499 1641 5550 creatura,
1678 5498 1734 5540 ut
1772 5503 1864 5540 vos
1885 5489 2074 5554 opina-

521 5578 668 5632 mini.
705 5580 818 5644 Quo
847 5593 1003 5648 pacto
1029 5588 1168 5634 enim
1210 5582 1252 5634 is
1286 5582 1370 5650 qui
1419 5581 1697 5643 adoratur,
1748 5581 1799 5631 in
1858 5595 2081 5633 numero

592 5757 630 5790 θ’
663 5757 801 5812 l'sai.
840 5774 988 5816 xuii,
1023 5761 1073 5809 2.
1117 5759 1160 5787 θ’
1187 5757 1248 5808 Ill
1278 5757 1428 5810 limit".
1463 5772 1531 5821 tv,
1565 5756 1651 5808 36.

2881 4562 3086 4614 ΑΛΛΟ.

2259 4675 2319 4725 Εἰ
2347 4675 2549 4742 κτίσμα
2586 4675 2732 4724 ἐστὶν
2754 4675 2781 4726 6
2809 4673 2956 4740 Υἱὸς,
2989 4675 3370 4742 προσκυνεῖται
3401 4673 3458 4727 δὲ
3478 4674 3630 4745 παρὰ
3651 4676 3758 4728 τῶν

2186 4760 2359 4814 ἄλλων
2408 4761 2741 4830 κτισμάτων,
2787 4761 2875 4814 διὰ
2913 4763 2972 4814 τὸ
2994 4764 3178 4832 ἕτερόν
3223 4781 3273 4817 τι
3308 4764 3576 4837 ὑπάρχειν
3626 4769 3757 4836 παρ’

2181 4850 2341 4915 αὐτὰ,
2390 4850 2482 4901 καὶ
2521 4847 2655 4903 εἶναι
2704 4849 2776 4919 μὴ
2809 4850 2882 4914 ὡς
2922 4851 2979 4904 ἓν
3004 4849 3112 4904 τῶν
3146 4853 3480 4921 κτισμάτων,
3517 4853 3623 4906 ἔδει
3655 4858 3756 4908 κά-

2185 4943 2338 4993 κεῖνοι
2373 4937 2790 5011 προσκυνεῖσθαι
2821 4941 2950 5011 παρ’
2982 4943 3250 5010 ἀλλήλων,
3283 4943 3370 4997 διὰ
3407 4946 3467 4997 τὸ
3527 4945 3757 5014 ἐξηλλα-

2186 5035 2393 5105 γμένην
2428 5033 2569 5104 ἔχειν
2599 5033 2695 5104 τὴν
2722 5033 2880 5101 φύσιν
2917 5035 3049 5104 πρὸς
3075 5034 3296 5104 ἄλληλα.
3329 5036 3502 5107 Πολλὴ
3551 5039 3660 5106 γὰρ
3700 5040 3757 5092 ὲν

2186 5129 2295 5186 τοῖς
2324 5129 2672 5196 ποιήμασινὴ
2703 5127 2933 5196 διαφορά
2953 5145 2964 5155 ·
2992 5129 3081 5179 καὶ
3110 5127 3252 5180 ἔστιν
3278 5130 3503 5181 ἕκαστον
3547 5130 3672 5184 ἰδεῖν
3699 5133 3757 5185 ὲν

2190 5215 2462 5285 ίόιαζοὸσῃ
2521 5216 2675 5283 φύσει
2723 5219 2840 5284 ἦτοι
2893 5220 3155 5287 ποιότητι,
3198 5222 3288 5271 καὶ
3325 5222 3420 5289 οὐχ
3472 5224 3607 5291 ὅπερ
3640 5226 3757 5277 ἐστὶ

2186 5298 2400 5370 πάντως
2432 5309 2490 5358 το
2536 5310 2735 5377 ἕτερον,
2777 5310 2912 5359 Ἀλλ’
2942 5311 3088 5361 οὐδὲν
3129 5313 3183 5361 ὲν
3219 5313 3395 5373 αὐτοῖς
3434 5319 3755 5383 προσκυνεῖ-

2187 5417 2291 5459 ται,
2326 5400 2498 5450 πάντα
2537 5399 2589 5449 δὲ
2621 5399 2708 5450 τὸν
2735 5399 3062 5469 δημιουργὸν
3090 5402 3178 5453 τοῦ
3223 5402 3355 5452 Θεοῦ
3384 5404 3552 5470 Λόγον
3587 5423 3756 5472 προσ-

2188 5493 2353 5542 κυνεῖ.
2401 5494 2510 5541 Οὐκ
2544 5490 2646 5558 ἄρα
2695 5491 2749 5540 ἓν
2784 5491 2840 5555 ἐξ
2888 5493 3065 5544 αὐτῶν
3115 5496 3142 5544 6
3187 5495 3329 5556 Υἱὸς,
3359 5495 3484 5546 οὐδὲ.
3528 5499 3753 5564 κτίσμα,

2190 5583 2306 5632 καθ’
2363 5585 2519 5650 ὑμᾶς.
2572 5583 2757 5634 Ἰἰσται
2813 5583 2918 5650 γὰρ
2973 5586 3108 5636 κατὰ
3152 5586 3266 5636 τίνα
3320 5585 3517 5654 τρόπον
3556 5586 3611 5638 ἐν
3648 5588 3758 5650 τοῐ;

1734 5756 1776 5784 ⁵³³
1800 5756 1953 5810 Joan.
1987 5772 2092 5823 xw,
2128 5759 2177 5809 Ο.
