4024 6478
275 446 380 504 259

1698 442 2139 499 THESAURUS.

3451 435 3559 491 250

279 564 681 634 προσκυνοῦσιν
716 561 744 613 6
787 562 1279 632 προσκυνούμενος,
1311 563 1368 615 ὲν
1400 564 1508 625 τοῖς
1551 559 1848 627 δοξολογοῦ-

1962 567 2403 625 enrum'ponatur
2428 555 2520 624 qui
2549 554 2803 615 adorant,
2829 562 2921 605 aut
2973 550 3063 619 qui
3117 548 3457 621 glorificatur
3488 553 3561 608 sit

280 668 367 705 σιν
399 654 428 705 6
466 650 941 720 δοξολογούμενος;
971 652 1111 706 Πολὺ
1140 653 1251 723 γὰρ
1277 654 1335 706 ὲν
1366 653 1537 723 τούτῳ
1563 653 1623 705 τὸ
1648 651 1852 717 μεταξὺ

277 742 374 796 καὶ
437 741 724 811 διάφορον,
784 744 879 797 καὶ
950 742 1012 796 τὸ
1085 742 1301 813 ἑκάστῳ
1359 741 1570 813 πρέπον
1624 743 1855 814 διορίζον

290 833 496 895 σαφῶς.

965 922 1169 979 ΑΛΛΟ.

351 1033 415 1087 Εἰ
444 1035 648 1107 κτίσμα
667 1035 813 1090 ἐστὶν
836 1037 865 1089 6
891 1036 1038 1103 Υἱὸς,
1064 1038 1241 1091 πάντα
1275 1038 1330 1092 δὲ
1362 1040 1389 1091 6
1417 1036 1604 1111 Πατὴρ
1630 1039 1856 1113 ἐργάζε-

274 1141 365 1177 ται
400 1124 469 1176 δι’
515 1122 704 1187 αὐτοῦ,
749 1124 909 1189 αὐτὸς
954 1126 1145 1179 ἑαυτὸν
1184 1126 1293 1197 ἄρα
1326 1130 1469 1181 ποιεῖ
1507 1130 1602 1182 καὶ
1648 1129 1849 1196 κτίζει·

272 1213 389 1266 ἀλλ’
422 1213 538 1267 ἔστι
569 1212 724 1267 τοῦτο
752 1216 890 1268 νοεῖν
918 1214 1027 1269 τῶν
1068 1216 1453 1285 ἀτοπωτάτων.
1496 1220 1620 1285 Πῶς
1651 1221 1760 1293 γὰρ
1792 1222 1854 1276 τὸ

272 1304 466 1373 μήπω,
516 1303 642 1357 καθ’
691 1305 857 1375 ὑμᾶς,
906 1304 986 1370 6v,
1024 1306 1185 1360 ἑαυτὸ
1224 1301 1476 1379 «odiost;
1530 1309 1739 1365 Οὐκοῦν
1778 1313 1850 1366 οὐ

269 1389 481 1461 κτίσμα
510 1390 677 1458 ἐστὶν,
702 1392 823 1446 οὐδὲ
852 1393 1084 1464 ποίημα,
1109 1386 1244 1449 ἀλλὰ
1270 1398 1470 1467 μᾶλλον
1497 1397 1598 1471 τῆς
1626 1401 1721 1454 τοῦ
1743 1403 1854 1457 Πα-

266 1481 399 1551 τρδς
427 1481 615 1545 οὐσίας
648 1484 881 1554 καρπὸς,
919 1485 1058 1557 ἔχων
1082 1487 1158 1551 ὡς
1186 1487 1319 1552 Θεὸς
1347 1489 1408 1542 τὸ
1435 1488 1697 1546 δύνασθαι
1731 1492 1849 1545 κτι-

268 1570 386 1639 ζειν
414 1576 511 1629 καὶ
537 1579 727 1632 ποιεῖν.

958 1692 1160 1747 MAG.

336 1794 401 1848 Ei
442 1796 657 1867 κτίσμα
684 1798 831 1853 ἐστὶν
862 1802 891 1856 6
924 1801 1070 1870 Υἱὸς,
1099 1803 1214 1868 πῶς
1238 1805 1301 1859 ὲν
1334 1806 1483 1877 αὐτῷ
1526 1807 1767 1865 κείσεται
1791 1812 1851 1865 τὸ

1964 664 2029 703 ex
2060 650 2127 702 iis
2158 648 2248 717 qui
2276 644 2613 716 glorificant?
2644 643 2873 696 Maxima
2909 642 3054 696 enim
3116 642 3261 694 inter
3317 642 3417 696 hos
3473 651 3561 696 est

1962 739 2288 803 differentia,
2312 735 2596 792 manifeste
2624 736 2676 790 id
2711 733 2855 804 quod
2890 734 3085 805 cuique
3122 735 3381 787 convenit
3436 734 3556 789 dis-

1966 832 2237 903 tinguens.

2640 938 2871 996 ALIUD.
2952 917 2963 922 ’

2034 1055 2090 1109 Si
2114 1054 2283 1110 Filius
2310 1062 2391 1109 est
2419 1063 2697 1118 creatura,
2728 1064 2783 1108 et
2807 1052 2970 1108 Pater
3010 1052 3194 1108 omnia
3246 1066 3342 1123 per
3375 1048 3551 1122 ipsum

1961 1156 2235 1216 operatur.
2266 1161 2396 1217 ergo
2418 1146 2499 1200 sui
2536 1145 2710 1214 ipsius
2733 1155 2815 1200 est
2850 1145 3023 1199 factOr
3045 1154 3101 1199 et
3130 1154 3349 1199 creator
3381 1159 3393 1195 :
3453 1141 3553 1196 sed

1962 1240 2065 1292 hoc
2094 1237 2175 1292 vel
2225 1236 2337 1291 sola
2405 1236 2737 1307 cogitatione
2769 1234 3224 1290 absurdissimum
3268 1241 3373 1289 est.
3406 1232 3553 1301 Quo-

1961 1331 2116 1385 modo
2134 1328 2289 1384 enim
2307 1327 2359 1383 id
2388 1327 2532 1398 quod
2562 1324 3001 1397 nondum,'juxta
3023 1325 3383 1392 vos,exsistit,
3401 1324 3550 1394 seip-

1960 1436 2079 1476 sum
2108 1435 2298 1477 creare
2328 1419 2545 1489 possit?
2575 1416 2845 1485 Quocirca
2899 1434 3005 1474 non
3032 1429 3307 1481 creatura,
3364 1429 3554 1485 neque

1959 1528 2093 1583 Opus
2117 1521 2221 1578 est,
2262 1512 2354 1566 sed
2378 1512 2558 1581 potius
2580 1508 2795 1565 fructus
2847 1510 3098 1565 essentia:
3157 1506 3336 1563 Patris
3376 1549 3392 1576 ,
3450 1506 3551 1561 ha-

1958 1605 2112 1668 bens,
2148 1610 2204 1657 ut
2237 1601 2401 1667 Deus,
2429 1602 2740 1657 facultatem
2764 1600 2984 1656 creandi
3013 1609 3068 1656 et
3081 1598 3337 1657 faciendi.

2666 1710 2905 1769 ALIUD.
3018 1762 3021 1763 ν

2037 1825 2097 1885 Si
2125 1826 2292 1882 Filius
2306 1835 2390 1882 est
2418 1837 2697 1892 creatura,
2716 1842 2954 1897 quonam
2980 1838 3139 1898 pacto
3192 1825 3412 1880 creandi
3470 1823 3552 1878 fa~

264 1884 529 1941 δύνασθαι
574 1888 799 1956 κτίζειν,
832 1892 929 1946 καὶ
964 1895 1045 1957 είς
1073 1894 1133 1948 τὸ
1175 1892 1314 1950 εἶναι
1354 1898 1626 1970 παράγειν
1659 1902 1716 1969 ἐξ
1744 1903 1847 1956 οὐκ

1958 1920 2149 1975 cultate
2201 1918 2464 1988 praeditus
2519 1919 2645 1985 erit,
2679 1930 2776 1974 aut
2821 1929 3105 1975 creaturas
3157 1933 3224 1971 ex
3281 1917 3451 1971 nihilo
3481 1915 3551 1969 ad

265 1975 453 2068 6v¢wv
484 1978 553 2032 τὰ
594 1981 902 2068 πριήματα;
933 1985 999 2038 Et
1032 1984 1142 2058 γὰρ
1182 1986 1317 2051 ὅλως
1359 1989 1631 2060 ἐνδέχεται
1689 1993 1855 2062 φύσιν

266 2066 503 2159 γενητὴν
526 2070 591 2122 ὲκ
615 2066 710 2123 τοῦ
744 2072 820 2143 μὴ
842 2073 994 2138 ὄντος
1018 2076 1099 2140 είς
1121 2076 1183 2129 τὸ
1205 2073 1343 2159 εἶναι
1371 2080 1663 2151 παράγειν,
1703 2082 1853 2139 ἔσται

264 2158 494 2229 δυνάμει
541 2160 850 2234 δημιουργὰ
887 2168 984 2220 καὶ
1017 2166 1088 2221 τὰ
1128 2162 1265 2223 ἄλλα
1313 2172 1615 2243 ποιήματα,
1669 2175 1764 2229 καὶ
1805 2179 1853 2230 εί

268 2250 437 2321 μήπω
464 2251 625 2306 τοῦτο
661 2254 747 2309 διὰ
779 2258 876 2328 τῆς
900 2259 1184 2331 ἐνεργείας
1228 2262 1420 2333 δρᾶται
1445 2282 1457 2294 ’
1492 2263 1682 2337 ὥσπερ
1714 2267 1853 2338 ἁμέ-

265 2342 346 2396 let
376 2344 471 2396 καὶ
501 2344 529 2396 6
566 2348 697 2409 παῖς
722 2349 750 2400 6
789 2347 1046 2419 βραχεῖαν
1073 2350 1222 2419 ἄγων
1258 2352 1338 2406 ἔτι
1370 2353 1469 2425 τὴν
1496 2356 1735 2426 ἠλικίαν,
1765 2359 1855 2413 δυ-

264 2435 426 2506 νάμει
456 2436 554 2506 μὲν
586 2441 1017 2512 σπερματιστὴς,
1041 2442 1175 2496 καθὸ
1208 2445 1302 2498 καὶ
1326 2446 1466 2517 ἀνήρ
1506 2448 1675 2513 ἐστιν,
1701 2450 1853 2505 οὔπω

264 2525 319 2578 δὲ
365 2530 431 2597 τῇ
469 2528 740 2600 ἐνεργείᾳ.
772 2531 845 2584 Τὸ
887 2531 943 2585 δὲ
982 2532 1105 2604 ἔχον
1133 2552 1185 2588 τι
1227 2539 1491 2608 πεφυκὸς,
1524 2543 1625 2596 οὐκ
1654 2545 1720 2599 ἂν
1764 2546 1851 2599 λέ·-

265 2634 416 2686 γοιτο
449 2619 524 2690 μὴ
555 2619 719 2690 ἔχειν,
753 2623 802 2675 εί
826 2624 920 2677 καὶ
949 2627 1117 2700 μήπω
1158 2627 1317 2682 τοῦτο
1341 2631 1587 2700 φαίνεται
1618 2652 1851 2707 κρυπτο-

267 2711 435 2782 μένης
465 2712 545 2764 ἐτι
578 2713 679 2782 τῆς
702 2715 938 2787 φυσικῆς
962 2718 1263 2790 ἐνεργείας,
1294 2722 1383 2777 διά
1404 2740 1524 2778 τινα
1550 2727 1847 2797 πρόφασιν,

262 2801 416 2872 ἢδιὰ
456 2802 549 2856 τὸν
597 2804 809 2873 χρόνον.
859 2807 1067 2861 Οὐκοῦν
1100 2808 1255 2865 ἔσται
1290 2811 1601 2885 δημιουργὰ
1648 2820 1743 2871 καὶ
1783 2820 1853 2875 τὰ

261 2893 399 2947 ἀλλα
423 2896 727 2965 ποιήματα,
758 2898 851 2951 καὶ
879 2898 939 2952 τὸ
959 2902 1212 2971 περιττὸν
1241 2904 1393 2959 οὐδὲν
1419 2908 1476 2960 ὲν
1511 2908 1650 2980 Θεῷ.
1692 2911 1851 2965 Ἀλλὰ

261 2988 422 3040 τοῦτο
446 2988 667 3043 ἄτοπον.
694 2990 861 3044 Οὐδὲν
892 2992 999 3064 γὰρ
1024 2994 1132 3049 τῶν
1162 2999 1484 3067 ποιημάτων
1504 3002 1846 3075 δημιουργεῖ.

260 3080 377 3133 Οὐκ
414 3080 525 3151 ἄρα
562 3083 769 3153 κτίσμα
810 3086 959 3140 ἐστὶν
980 3090 1009 3141 6
1039 3088 1186 3155 Υἱὸς,
1215 3090 1282 3144 δι’
1321 3086 1383 3148 οὗ
1422 3093 1490 3147 τὰ
1517 3097 1697 3152 πάντα
1725 3098 1849 3167 ἐγέ-

259 3189 403 3237 νετο,
430 3174 519 3227 ἵνα
568 3176 643 3246 μὴ
675 3176 736 3230 τὸ
774 3178 906 3232 αὐτὸ
950 3180 1207 3252 φαίνηται
1243 3184 1430 3238 ποιοῦν
1460 3188 1556 3240 καὶ
1595 3190 1853 3260 ποιούμε-

1955 2027 2075 2069 esse
2116 2013 2400 2069 traducere
2426 2013 2665 2084 poterit?
2699 2013 2758 2068 Si
2789 2014 2937 2067 enim
2974 2015 3198 2066 omnino
3221 2009 3336 2064 fieri
3370 2016 3552 2079 porest

1955 2115 2011 2160 ut
2047 2115 2238 2160 natura
2267 2114 2449 2160 creata
2475 2120 2541 2160 ex
2599 2104 2771 2161 nihilo
2812 2104 2879 2158 ad
2932 2118 3059 2159 esse
3089 2100 3360 2165 traducat,
3384 2105 3553 2153 erunt

1953 2197 2117 2250 etiam
2147 2195 2371 2265 reliquae
2401 2204 2671 2251 creatura:
2696 2180 2947 2263 potentia
2972 2190 3297 2254 creatriees,
3332 2185 3548 2243 tametsi

1956 2288 2005 2343 id
2036 2288 2273 2343 nondum
2304 2296 2425 2343 actu
2448 2302 2570 2344 esse
2641 2287 3015 2359 conspiciatur
3044 2305 3058 2342 :
3091 2281 3546 2355 quemadmodum

1956 2378 2068 2433 fere
2102 2393 2236 2448 puer
2266 2380 2319 2433 in
2340 2388 2525 2435 tenera
2555 2380 2732 2436 adhuc
2780 2388 2967 2447 aetate,
3030 2375 3276 2449 potentia
3325 2373 3548 2444 quidem

1952 2473 2259 2528 seminosus
2283 2480 2388 2537 est,
2428 2478 2615 2542 utpote
2635 2472 2727 2541 qui
2764 2485 2885 2526 mas
2911 2478 3014 2535 est,
3047 2479 3169 2523 actu
3226 2482 3353 2521 vero
3410 2474 3551 2517 non-

1951 2562 2101 2617 dum.
2135 2562 2290 2630 Quod
2323 2572 2505 2617 autem
2529 2562 2738 2632 aliquid
2774 2559 2999 2615 insitum
3031 2558 3131 2613 sibi
3189 2555 3371 2620 habet,
3440 2567 3549 2606 non

1953 2654 2151 2709 dicitur
2200 2671 2307 2708 non
2354 2654 2580 2721 habere,
2647 2653 2864 2708 tametsi
2915 2651 2968 2707 id
3001 2651 3238 2708 nondum
3265 2655 3548 2718 appareat,

1953 2744 2154 2800 latente
2188 2745 2364 2800 adhuc
2385 2745 2621 2813 naturali
2686 2744 3006 2815 operatione
3052 2750 3273 2812 propter
3307 2739 3548 2807 aliquam

1951 2837 2318 2904 occasionem,
2342 2837 2425 2892 vel
2451 2846 2675 2907 propter
2700 2844 2934 2904 tempus.
2964 2833 3139 2887 Erunt
3171 2833 3339 2903 igitur
3395 2844 3552 2883 crea-

1955 2926 2115 2988 trices
2138 2933 2303 2987 etiam
2348 2933 2574 3002 reliquae
2618 2940 2909 2996 creaturae,
2975 2928 3222 2998 nihilque
3276 2924 3551 2981 excellens

1952 3035 2037 3079 est
2074 3026 2124 3078 in
2159 3025 2288 3080 Deo.
2319 3024 2593 3079 Caeterum
2626 3022 2927 3079 absurdum
2958 3022 3063 3076 hoc
3092 3031 3196 3075 est.
3234 3016 3384 3073 N'ulla
3404 3018 3549 3070 enim

1952 3126 2327 3172 creaturarum
2364 3116 2586 3171 creandi
2619 3114 2937 3170 facultatem
2970 3115 3155 3169 habet.
3202 3111 3375 3167 Filius
3420 3124 3555 3182 ergo

1952 3214 2205 3259 creatura
2230 3221 2337 3260 non
2366 3215 2472 3270 est,
2517 3220 2612 3275 per
2662 3219 2823 3274 quem
2883 3205 3065 3259 omnia
3122 3202 3266 3257 facta
3290 3211 3439 3268 sunt,
3480 3214 3549 3255 ne

259 3280 369 3328 νον,
419 3264 606 3331 κτίζον
650 3269 745 3322 καὶ
786 3273 1133 3342 κτιζόμενον·
1165 3275 1297 3340 Θεὸς
1329 3277 1388 3331 δὲ
1416 3279 1618 3349 μᾶλλον
1682 3283 1759 3347 ὡς
1788 3284 1848 3338 ἐκ

1958 3297 2095 3352 idem
2124 3312 2246 3353 esse
2292 3298 2565 3363 videatur,
2613 3296 2823 3353 faciens
2876 3303 2932 3351 et
2980 3293 3204 3358 factum,
3260 3307 3457 3349 creans
3492 3300 3550 3348 et

258 3356 396 3413 Θεοῦ
428 3360 523 3412 καὶ
551 3360 787 3432 Πατρός.

312 3560 518 3625 AAAO,
542 3562 695 3630 μετὰ
723 3564 1088 3635 συμπλοκῆς
1114 3568 1321 3638 ἐτέρου
1353 3575 1800 3645 συλλογισμοῦ.

1953 3396 2197 3443 creatum
2233 3406 2246 3443 :
2282 3398 2339 3444 at
2386 3389 2569 3461 potius
2626 3388 2791 3457 Deus,
2840 3395 3027 3459 utpote
3074 3401 3138 3441 ex
3194 3386 3302 3440 Deo
3343 3394 3401 3441 et
3446 3383 3550 3439 Pa-

1956 3485 2059 3532 tre.

2059 3589 2293 3657 ALIUD,
2332 3606 2452 3645 cum
2483 3591 2811 3647 connections
2843 3591 3066 3646 alterius
3120 3591 3434 3662 syllogismi.

332 3673 396 3727 Εἰ
427 3674 633 3743 κτίσμα
683 3677 831 3731 ἐστὶν
860 3680 888 3731 6
918 3678 1068 3746 Υἱὸς,
1092 3682 1211 3746 πῶς
1245 3684 1407 3747 αὐτὸς
1437 3687 1597 3757 μόνος
1637 3691 1848 3745 ἀποκα-

2023 3703 2079 3758 Si
2107 3702 2278 3759 Filius
2308 3714 2394 3760 est
2414 3714 2704 3771 creatura,
2744 3707 3019 3775 quomodo
3048 3707 3162 3775 ipse
3200 3706 3350 3760 solus
3389 3720 3545 3760 reve-

259 3766 452 3819 λύπτει
490 3767 585 3820 τὸν
615 3769 855 3841 Πατέρα,
889 3771 1000 3828 τῶν
1027 3773 1206 3828 ἄλλων
1231 3779 1550 3848 κτισμάτων
1576 3782 1675 3834 οὐκ
1698 3783 1848 3852 ἑχόν-

1958 3792 2026 3847 lat
2051 3794 2290 3859 Patrem,
2322 3798 2465 3865 quod
2498 3805 2707 3854 exterae
2726 3807 2991 3853 creatura:
3018 3798 3203 3852 facere
3227 3797 3549 3867 nequeunt?

261 3876 370 3913 των
404 3858 560 3913 τοῦτο
596 3862 797 3927 ποιεϊν;
829 3864 955 3928 Πῶς
981 3864 1041 3921 δὲ
1067 3867 1224 3936 μόνος
1254 3871 1282 3921 6
1312 3868 1442 3933 Υἱὸς
1474 3870 1733 3939 γινώσκει
1757 3873 1848 3928 τὸν

1958 3884 2057 3937 Aut
2086 3858 2356 3953 quomodo
2386 3887 2534 3942 solus
2564 3886 2736 3943 Filius
2784 3889 3066 3956 cognoscit
3128 3858 3369 3955 Patrem,
3424 3903 3547 3941 cum

263 3948 503 4020 Πατέρα,
548 3950 659 4004 τῶν
706 3951 882 4006 ἄλλων
929 3956 1251 4026 ποιημάτων
1296 3960 1395 4012 οὐκ
1444 3961 1660 4015 εἰδότων
1712 3965 1848 4034 ὅπερ

1958 3975 2175 4043 reliqua:
2201 3986 2467 4032 creaturae
2498 3979 2747 4034 nesciant
2778 3980 2902 4050 quis
2950 3980 3057 4035 sit?
3097 3999 3115 4031 ι
3154 3979 3325 4034 Nemo
3378 3980 3547 4045 enim,

260 4039 440 4107 ἐστίν;
483 4060 501 4092 ‹
544 4041 733 4105 Οὐδεὶς
761 4042 896 4115 γὰρ,
922 4046 1077 4116 φησὶ,
1108 4047 1367 4115 γινώσκει
1398 4049 1481 4113 τίς
1516 4053 1709 4107 ἐστινό
1746 4055 1848 4107 Πα-

1958 4039 2115 4137 ιω
2167 4066 2364 4136 inquit,
2386 4068 2536 4123 novit
2562 4039 2915 4124 Patrem-nisi
2950 4069 3145 4133 Filius,
3198 4078 3251 4123 ct
3314 4071 3398 4123 cui
3469 4069 3552 4123 Fi-

258 4130 366 4202 τὴρ
418 4135 468 4185 εἰ
523 4133 597 4204 μὴ
624 4136 653 4186 6
689 4134 831 4203 Υἱὸς,
864 4138 960 4191 καὶ
1014 4135 1059 4207 ᾧ
1086 4138 1152 4193 ἂν
1196 4143 1223 4195 6
1254 4141 1382 4207 Υἱὸς
1438 4145 1786 4221 ἀποκαλύψῃ.
1823 4168 1842 4201 ι

1958 4155 2053 4209 lius
2078 4157 2398 4211 revelaverit
2427 4157 2495 4212 ".
2533 4177 2553 4212 ο
2594 4158 2714 4225 Quo
2735 4169 2893 4229 pacto
2913 4175 3068 4225 vero,
3094 4175 3216 4214 cum
3246 4159 3417 4214 Deum
3449 4175 3545 4215 ne-

263 4226 390 4289 Πῶς
417 4226 475 4279 δὲ
504 4226 636 4280 Θεὸν
666 4228 892 4299 μηδενὸς
914 4232 1219 4301 ἑωρακότος
1243 4232 1485 4301 πώποτε,
1512 4237 1656 4291 καθά
1684 4257 1846 4310 φησιν

1958 4260 2038 4299 mo
2076 4248 2271 4301 viderit
2304 4264 2563 4317 unquam,
2605 4250 2750 4306 sicut
2812 4252 2891 4305 ait
2920 4251 3257 4321 evangelista
3292 4252 3359 4315 ν’,
3400 4253 3550 4308 solus

256 4319 290 4370 6
344 4319 758 4391 εὐαγγελιστὴς,
797 4320 984 4391 βλέπει
1034 4324 1194 4392 μόνος
1230 4326 1259 4378 6
1314 4325 1474 4393 Υἱός;
1531 4328 1846 4400 Γέγραπται

1958 4337 2118 4394 Filius
2138 4340 2319 4395 videt?
2343 4339 2535 4395 Nonne
2565 4343 2712 4397 enim
2766 4344 3028 4413 scriptum
3054 4355 3139 4399 est
3166 4344 3236 4410 “,
3269 4362 3287 4395 ι
3329 4345 3548 4400 Patrem

259 4410 370 4480 γὰρ
408 4410 507 4479 οὐχ
541 4412 623 4462 ὅτι
679 4411 771 4464 τὸν
814 4412 1031 4484 Πατέρα
1059 4432 1143 4477 τις
1194 4414 1458 4486 ἑώρακεν,
1485 4421 1533 4470 εί
1579 4422 1655 4489 μὴ
1692 4422 1719 4472 ό
1768 4422 1845 4475 ὢν

1958 4444 2108 4485 nemo
2136 4431 2271 4487 vidit
2291 4435 2679 4502 unquammisi
2693 4434 2785 4503 qui
2811 4410 2895 4489 est
2915 4450 2983 4489 ex
3005 4436 3207 4490 Patre?
3234 4455 3251 4488 ι
3280 4435 3547 4502 Quocirca

258 4502 413 4573 παρὰ
444 4501 539 4554 τοῦ
573 4503 821 4574 Πατρός;
850 4505 1060 4559 Οὐκοῦν
1088 4506 1139 4558 εί
1189 4509 1350 4577 μόνος
1383 4512 1411 4562 6
1452 4511 1575 4575 Υἱὸς
1617 4513 1719 4584 ὁρᾷ
1751 4519 1843 4567 καὶ

1958 4520 1993 4573 si
2028 4519 2177 4574 solus
2213 4501 2399 4575 Filius
2430 4522 2573 4577 videt
2603 4531 2658 4577 et
2686 4501 2965 4594 cognoscit
2992 4525 3234 4591 Patrem,
3261 4529 3548 4598 ipsumque

261 4593 525 4663 γινώσκει
543 4594 637 4646 τὸν
659 4594 902 4665 Πατέρα,
918 4598 1009 4649 καὶ
1026 4598 1273 4651 ἁποκαλύ
1284 4617 1402 4653 πτει
1421 4602 1602 4669 αὑτὸν,
1622 4605 1721 4657 οὐκ
1736 4607 1845 4676 ἄρα

1958 4611 2154 4665 revelat
2193 4629 2206 4665 :
2240 4629 2349 4667 non
2375 4614 2539 4695 igitur
2558 4593 2807 4670 creatura
2842 4624 2951 4679 est,
2998 4618 3091 4671 sed
3151 4593 3435 4687 proprium
3472 4620 3547 4687 ip-

258 4683 467 4753 κτίσμα
504 4684 674 4748 ἐστὶν,
712 4685 824 4738 ἀλλ’
852 4686 980 4751 ﬁte;
1004 4686 1169 4742 αὐτοῦ
1191 4691 1386 4759 Λόγος,
1424 4694 1561 4765 ὅπερ
1588 4697 1735 4750 ἐστὶν
1758 4700 1846 4751 αὺ-

1958 4703 2066 4758 sius
2116 4683 2559 4775 \’erbum,'quod
2590 4706 2808 4775 quidem
2867 4717 2953 4763 est
2996 4708 3111 4777 ipse
3170 4683 3541 4764 naturaliter:

254 4775 347 4837 τὸς
370 4775 514 4829 κατὰ
553 4775 746 4844 φύσινο
780 4777 938 4831 τοῦτο
980 4780 1246 4852 ὑπάρχειν
1284 4783 1438 4848 εἰδὼς
1479 4788 1573 4839 κα).
1607 4787 1698 4840 τὸν
1723 4790 1844 4844 ὅθεν

1958 4794 2056 4847 hoc
2083 4795 2246 4849 etiam
2272 4795 2540 4852 exsistere
2561 4796 2745 4851 sciens
2778 4811 2904 4850 eum
2931 4812 2959 4849 a
3012 4814 3119 4866 quo
3169 4799 3416 4866 procedit
3445 4799 3547 4852 Pa-

255 4864 588 4934 ὲὸλὰστησε,
628 4867 868 4938 Πατέρα,
913 4871 1007 4921 καὶ
1039 4873 1095 4923 ὲν
1136 4872 1315 4943 ἐαυτῷ
1350 4874 1611 4929 δεικνύων
1660 4880 1844 4945 αὑτὸν,

256 4956 434 5010 καίτοι
473 4958 585 5011 τῶν
638 4957 813 5012 ἄλλων
858 4962 1174 5031 κτισμάτων
1222 4965 1282 5017 οὺ
1336 4966 1650 5036 δυναμένων
1689 4970 1847 5023 τοῦτο

254 5052 446 5101 ποιεῖν.
489 5048 565 5102 Οὐ
606 5050 714 5120 γάρ
742 5053 798 5103 ὲν
846 5054 959 5115 τοῖς
1004 5056 1305 5125 ποιήμασιν
1348 5061 1379 5128 ἡ
1432 5060 1527 5113 τοῦ
1562 5064 1841 5129 ποιοῦντος

250 5134 513 5209 ὁμοιότης
542 5139 795 5203 σώζεται,
826 5143 947 5195 οὐδὲ
976 5145 1032 5196 ὲν
1053 5148 1163 5210 τοῖς
1189 5152 1437 5219 γενητοῖς
1468 5153 1494 5203 6
1524 5152 1837 5225 ὰγέννητος,

254 5231 372 5284 οὐδὲ
406 5233 465 5283 ἐν
496 5236 607 5295 τοῖς
636 5234 700 5285 ὲκ
739 5234 831 5286 τοῦ
862 5236 935 5306 μὴ
980 5237 1131 5301 ὄντος
1169 5243 1247 5303 είς
1276 5241 1335 5294 τὸ
1374 5239 1510 5296 εἶναι
1555 5249 1841 5317 παρηγμέ-

253 5340 364 5385 νοις
395 5325 423 5375 ὁ
456 5325 545 5375 ἀεὶ
586 5326 679 5377 καὶ
716 5327 978 5391 ὡσαύτως
1004 5330 1078 5382 ὢν
1116 5333 1467 5402 ὁρισθήσεται.
1500 5337 1749 5390 Φαίνεται
1784 5340 1840 5393 δὲ

254 5416 312 5465 ὲν
342 5414 452 5483 Υξῷ
472 5432 483 5444 ·
517 5416 631 5467 ἔστι
654 5416 762 5486 γὰρ
777 5418 942 5470 εἰκὼν
968 5420 1385 5490 ἀπαράλλακτος
1409 5428 1592 5481 αὑτοῦ.
1618 5429 1842 5499 "Opem;

253 5500 344 5559 οὖν
396 5506 519 5559 κατ’
563 5509 750 5561 οὐσίαν
811 5512 926 5562 ἐστὶ
967 5513 1056 5565 τοῦ
1110 5512 1338 5585 Πατρός,
1376 5520 1434 5569 οὐ
1486 5521 1688 5591 κτίσμα
1747 5528 1841 5579 καὶ

255 5595 487 5665 ποίημα.
534 5597 751 5668 Ἐπειδὴ
785 5601 988 5653 τούτων
1021 5604 1171 5655 οὐδέν
1206 5606 1353 5657 ἐστιν
1393 5610 1419 5659 ό
1452 5610 1657 5682 Πατὴρ,
1707 5615 1840 5685 πρὸς

255 5684 314 5737 6v
350 5686 443 5739 καὶ
486 5704 552 5755 με
561 5689 839 5757 μόρφωται
852 5732 864 5744 .

332 5860 589 5921 “Matth.
628 5881 697 5930 XI,
740 5868 829 5921 "27.

907 5870 1121 5926 “’Juau.
1168 5888 1201 5938 ι,
1242 5872 1322 5927 l8.
1402 5874 1619 5931 “Junii.
1651 5895 1717 5943 ιι,
1746 5880 1832 5934 46.

1947 4892 2110 4946 trem,
2146 4893 2200 4938 et
2234 4886 2285 4938 in
2318 4887 2498 4955 seipso
2530 4902 2651 4940 cum
2683 4888 3129 4954 ostendens,eum
3155 4898 3365 4942 emterae
3388 4905 3545 4943 crea-

1945 4985 2079 5029 turae
2110 4976 2160 5029 id
2202 4987 2461 5045 praestare
2493 4995 2601 5033 non
2628 4982 2864 5049 possint.
2896 4981 3086 5049 Neque
3135 4984 3279 5035 enim
3314 4982 3363 5035 in
3384 4998 3542 5035 crea-

1949 5068 2087 5122 turis
2111 5069 2380 5123 creatoris
2416 5070 2719 5127 similitudo
2752 5083 3025 5137 servatur,
3090 5089 3265 5141 neque
3318 5074 3544 5129 factoris

1948 5158 1999 5214 in
2030 5160 2096 5214 iis
2129 5176 2248 5230 qur.)
2277 5160 2419 5216 facta
2456 5172 2619 5218 sunt:
2656 5166 2901 5235 uequein
2933 5166 2999 5219 iis
3022 5181 3141 5234 quae
3176 5181 3238 5219 ex
3272 5168 3439 5219 nihilo
3474 5170 3540 5220 ad

1947 5265 2069 5305 esse
2099 5254 2343 5307 traducta
2376 5257 2591 5321 sunt,is
2641 5257 2731 5325 qui
2794 5273 3009 5326 semper
3057 5259 3357 5328 eodemque
3382 5260 3542 5314 modo

1949 5342 2188 5406 exsistit,
2229 5344 2773 5399 cernitur.Ceruitur
2803 5344 3208 5401 auteminFilio
3244 5364 3257 5397 :
3288 5357 3369 5399 est
3393 5346 3539 5399 enim

1947 5435 2254 5491 omnimoda
2287 5438 2456 5506 ipsius
2499 5441 2698 5508 imago.
2750 5438 2957 5494 Similis
3003 5443 3185 5509 itaque
3240 5442 3537 5493 secundum

1948 5529 2244 5582 essentiam
2272 5541 2355 5583 est
2414 5530 2583 5594 Patri,
2641 5548 2743 5585 non
2800 5549 2935 5600 opus
2983 5546 3073 5586 aut
3132 5545 3399 5587 creatura.
3452 5532 3537 5585 Si-

1948 5620 2163 5686 quidem
2194 5624 2329 5678 nihil
2356 5625 2549 5680 horum
2574 5634 2662 5681 est
2689 5625 2870 5680 Pater.
2907 5626 3057 5692 cujus
3106 5628 3393 5695 imaginum
3454 5644 3537 5680 rc-

1950 5713 2070 5766 lcrt.
