4024 6468
339 436 447 493 953

1740 424 2187 482 THESAURUS.

3501 410 3612 467 251

337 572 453 619 τος,
492 553 672 606 πᾶσαν
698 546 955 603 δύνασθαι
1001 548 1099 618 τὴν
1131 547 1306 601 κτίσιν
1327 565 1341 578 ·
1374 548 1405 617 ἢ
1453 548 1550 619 τῆς
1596 547 1763 617 ἄλλης
1794 547 1914 599 ἀτο-

2026 543 2182 599 tura?
2207 540 2583 599 Necessarium
2606 536 2751 595 enim
2770 544 2876 601 est,
2904 540 2962 590 ut
2990 546 3115 589 cum
3133 530 3251 602 ipse
3270 527 3415 584 illius
3436 542 3611 597 capax

340 644 537 714 νούσης
575 640 825 702 κτίσεως,
861 639 1210 692 συνασθενεῖν
1252 640 1347 693 καὶ
1393 639 1557 691 αὐτὸν
1585 639 1661 705 ᾡς
1692 636 1919 704 κτιστῆς

337 734 471 789 bna
506 736 747 802 φύσεως.
779 731 842 783 Ei
886 730 942 783 δὲ
988 730 1265 800 ἐχώρησεν
1299 732 1328 782 6
1360 729 1485 793 Υίὸς
1531 729 1760 798 κτίσμα,
1796 725 1918 780 καθ’

340 826 506 896 ὑμᾶς,
535 823 794 892 ὑπάρχων
815 822 914 891 τὴν
938 820 1029 876 τοῦ
1060 821 1270 891 Πατρὸς
1296 819 1920 892 αὐτουργίαν,λχωρήσει

339 914 436 967 καὶ
471 911 642 967 τᾶλλα
667 913 964 982 κτίσματα,
992 910 1086 963 καὶ⁵
1113 910 1339 981 περιττὴ
1367 913 1617 979 φανεῖται
1659 908 1847 963 λοιπὸν
1884 910 1919 979 ἡ

335 1002 433 1057 τοῦ
464 1001 593 1056 Υίοῦ
639 1002 851 1069 γένεσις
889 1000 1007 1069 ἦτοι
1051 999 1290 1069 ποίησις,
1319 999 1404 1052 ἵνα
1443 998 1510 1052 τὰ
1538 999 1673 1054 ἄλλα
1701 997 1917 1069 κτισθῇ,

335 1094 590 1164 ὰτονήσει
625 1092 682 1146 δὲ
711 1092 805 1145 καὶ
835 1091 896 1144 τὸ
931 1090 1152 1161 ὑϐρίζον
1184 1090 1425 1160 σόφισμα
1464 1090 1526 1143 τὸ
1571 1092 1820 1160 κρεῖττον
1861 1089 1920 1143 ἐν

337 1186 639 1256 ποιήμασιν
668 1182 940 1252 ἀπονέμον
968 1180 1047 1252 τῷ
1074 1180 1220 1251 Υίῷο
1257 1182 1352 1235 καὶ
1403 1181 1471 1234 δι’
1508 1175 1584 1235 ὧν
1634 1179 1919 1234 ὑπονοοῦσι

334 1277 521 1347 τιμᾷν,
547 1273 803 1345 ὑδρισταὶ
854 1272 1055 1345 μᾶλλον
1099 1272 1418 1328 ἁλώσονται.
1454 1274 1526 1326 Τὸ
1555 1273 1664 1343 γὰρ
1695 1273 1831 1336 ὅλως
1861 1274 1920 1327 ὲν

335 1368 607 1437 ποιήμασι
637 1362 1166 1437 καταριθμούμενον,
1202 1364 1440 1434 γενητῆς
1469 1364 1535 1419 ἂν
1565 1364 1649 1434 εἴη
1678 1361 1917 1433 φύσεως,

334 1457 440 1512 κᾶν
467 1458 727 1528 ἀμέτροις
761 1457 1056 1527 ὑπεροχαῖς
1091 1454 1201 1509 τῶν
1225 1455 1401 1510 ἄλλων
1446 1454 1702 1526 φαίνηται
1736 1457 1919 1528 κρείτ-

332 1568 448 1604 τον.
476 1551 539 1603 Εί
560 1549 620 1602 δὲ
647 1549 847 1604 ἄτοπον
876 1542 1017 1602 εἶναί
1048 1565 1178 1617 φασι
1201 1547 1263 1600 τὸ
1299 1548 1459 1619 μέχρι
1487 1546 1595 1601 τῶν
1621 1546 1920 1621 ἐλαχίστων

335 1640 544 1710 φθάσαι
565 1638 665 1711 τὴν
692 1638 1011 1708 ἄφατον’τοῦ
1035 1636 1169 1693 Θεοῦ
1190 1638 1441 1710 δύναμιν,
1462 1638 1920 1693 δυσωπεῖσθωσαν

333 1733 627 1797 ἀκούοντες
654 1732 904 1801 λέγοντος
926 1731 1022 1785 τοῦ
1041 1732 1301 1805 Χριστοῦ·
1334 1751 1353 1785 ι
1380 1734 1514 1804 Οὐχὶ
1538 1734 1630 1787 δύο
1662 1732 1920 1805 στρουθία

331 1824 599 1895 ἀσσαρίου
639 1823 921 1889 πωλεῖται,
956 1824 1051 1877 καὶ
1083 1823 1143 1876 ἓν
1176 1823 1236 1889 ἐξ
1263 1823 1443 1877 αὐτῶν
1471 1825 1532 1877 οὐ
1558 1827 1806 1878 πεσεῖται
1826 1824 1921 1878 ἐπὶ

2021 638 2110 702 sit,
2145 648 2373 705 capaces
2417 632 2581 689 etiam
2629 629 2741 686 sint
2788 626 3011 696 reliqua:
3043 632 3312 679 creaturae
3351 637 3365 675 :
3416 628 3511 675 aut
3564 620 3613 675 si

2020 727 2342 784 imbecillior
2371 726 2449 782 sit
2496 730 2876 779 creaturarum
2922 726 3144 783 natura,
3173 727 3337 785 quam
3384 720 3445 767 ut
3492 711 3616 782 ejus

2020 835 2193 891 eaan
2222 832 2343 874 esse
2388 817 2580 887 possit,
2609 815 2799 870 eadem
2824 808 3200 865 imbecillitate
3228 805 3392 863 etiam
3428 807 3613 876 ipsum

2020 889 2290 973 liberare,
2321 909 2519 979 quippe
2547 905 2641 976 qui
2673 910 2871 959 creata
2898 901 2971 957 sit
3000 908 3226 955 naturae.
3259 896 3320 953 Si
3351 911 3480 952 vero
3514 893 3613 950 Fi-

2019 1002 2126 1058 lius
2151 1015 2275 1057 cum
2318 1001 2390 1055 sit
2420 1006 2696 1061 creatura,
2733 1003 2791 1048 ut
2825 1008 2919 1048 vos
2957 988 3280 1061 opinamini,
3312 1003 3480 1058 capax
3510 987 3615 1043 fuit

2019 1104 2263 1164 paternae
2282 1091 2536 1147 virtutis;
2560 1100 2793 1158 capaces
2816 1091 2979 1139 erunt
2999 1089 3053 1137 et
3076 1089 3289 1137 cetera:
3310 1074 3612 1144 creaturae';

2020 1192 2183 1251 atque
2213 1181 2287 1236 ita
2319 1190 2724 1250 supervacanea
2762 1175 2929 1230 fuerit
2982 1174 3107 1231 Filii
3150 1174 3454 1247 generatio,
3495 1175 3619 1230 sive

2019 1272 2279 1329 formatio
2321 1270 2391 1326 ad
2443 1269 2551 1325 alia
2588 1266 2886 1325 creandum
2918 1283 2932 1321 :
2963 1274 3018 1321 et
3068 1264 3399 1321 imbecillum
3452 1252 3616 1334 plane
3680 1308 3683 1311 .

2020 1376 2183 1436 atque
2223 1364 2386 1420 inane
2414 1362 2518 1417 erit
2548 1357 3006 1420 contumeliosum
3051 1358 3183 1413 illud
3223 1359 3503 1439 inventum
3547 1370 3620 1411 ac

2020 1454 2298 1523 cavillum,
2346 1452 2491 1523 quod
2534 1452 2904 1523 praestantiam
2954 1452 3100 1507 inter
3142 1457 3425 1503 creaturas
3473 1446 3614 1503 Filio

2023 1549 2211 1604 tribuit
2243 1570 2256 1603 :
2288 1554 2343 1603 et
2374 1560 2441 1602 eo
2474 1547 2596 1615 ipso
2635 1558 2745 1614 quo
2791 1543 2941 1599 illum
2995 1543 3206 1598 honore
3249 1538 3463 1595 allicere
3492 1551 3616 1593 sese

2021 1638 2368 1701 existimant,
2428 1634 2811 1699 contumeliosi
2874 1634 3057 1705 potius
3111 1647 3236 1688 esse
3294 1638 3610 1715 cernentur.

2021 1731 2176 1798 Quod
2224 1729 2372 1786 enim
2420 1728 2644 1783 omnino
2688 1726 2961 1782 creaturis
3010 1733 3406 1779 annumeratur
3455 1721 3617 1777 facta:

2024 1832 2232 1878 naturai
2256 1820 2329 1877 sit
2355 1828 2593 1890 oportet,
2626 1819 2838 1875 tametsi
2868 1819 3139 1872 immenso
3170 1812 3456 1869 intervallo
3491 1811 3615 1868 reli-

331 1918 430 1989 τὴν
444 1894 551 1988 γῆν
577 1917 706 1972 ἄνευ
732 1916 827 1970 τοῦ
844 1916 1059 1987 Πατρὸς
1081 1916 1234 1987 ὑμῶν
1253 1917 1348 1970 τοῦ
1371 1919 1429 1971 ὲν
1452 1920 1564 1981 τοῖς
1584 1918 1833 1989 οὐρανοῖς
1854 1935 1869 1983 ;
1896 1934 1914 1969 ι

2026 1914 2147 1985 quis
2176 1912 2527 1985 praestantius
2550 1910 2641 1965 sit.
2670 1910 2727 1966 Si
2756 1923 2887 1965 vero
2918 1908 3215 1965 absurdum
3245 1920 3366 1963 esse
3390 1911 3616 1960 censent

330 2008 444 2062 Καὶ
477 2008 665 2062 πάλιν
694 2026 712 2060 ι
735 2006 1062 2077 Ἑκόλέψατε
1090 2010 1170 2071 είς
1201 2009 1270 2063 τὰ
1293 2009 1513 2062 πετεινὰ
1541 2008 1633 2062 τοῦ
1664 2010 1722 2061 οὑ
1733 2008 1916 2079 ρανοῦ,

330 2100 413 2153 ὅτι
449 2100 511 2153 οὒ
544 2099 881 2170 σπείρουσιν,
906 2100 1031 2153 οὐδὲ
1054 2100 1348 2171 θερίζουσι,
1376 2102 1472 2155 κα)⁸
1499 2102 1527 2154 6
1548 2101 1739 2173 Πατὴρ
1765 2101 1922 2173 ὑμῶν

329 2192 359 2242 6
391 2192 641 2262 οὐράνιος
686 2190 879 2261 τρέφει
927 2191 1089 2247 αὑτά.
1122 2209 1139 2241 ›
1175 2192 1287 2245 Καὶ
1336 2192 1498 2245 πάλιν
1523 2209 1536 2223 ο
1590 2210 1609 2245 ι
1636 2193 1700 2246 Ei
1733 2193 1789 2246 δὲ
1826 2193 1919 2247 τὸν

329 2282 525 2351 χόρτον
558 2282 653 2335 τοῦ
688 2282 861 2353 ἀγροῦ
897 2283 1138 2355 σήμερον
1167 2281 1295 2337 ὅντα
1340 2288 1435 2337 καὶ
1464 2284 1651 2357 αὔριον
1687 2288 1764 2348 είς
1796 2285 1917 2338 κλί-

329 2372 494 2426 ϐανον
544 2372 894 2443 βαλλόμενον,
940 2374 969 2429 6
1023 2373 1157 2438 Θεὸς
1202 2374 1375 2439 οῦτως
1421 2376 1767 2447 άμφιέννυσι,
1798 2376 1917 2441 πῶς

328 2465 449 2534 οὐχὶ
475 2465 676 2534 μᾶλλον
702 2465 843 2534 ὑμᾶς
862 2481 875 2527 ;
892 2466 983 2518 »Τί
1000 2465 1043 2518 δ’
1066 2465 1131 2519 ἂν
1153 2466 1363 2534 γένοιτο
1385 2467 1579 2539 χόρτου
1605 2469 1699 2522 καὶ
1724 2487 1917 2541 στρου-

330 2553 463 2606 θίων
489 2552 893 2624 εὐτελέστερον,
912 2546 986 2607 ὧν
1016 2554 1075 2620 ἐξ
1099 2556 1437 2627 άγαθότητσς
1458 2559 1484 2609 6
1506 2556 1640 2621 Θεὸς
1664 2562 1913 2630 προνοεί;

328 2640 464 2697 Εἶτα
498 2643 615 2706 πῶς
643 2644 704 2697 τὸ
734 2639 870 2698 εἶναι
906 2645 1138 2716 ποιητὴς
1172 2646 1271 2699 οὐκ
1300 2646 1367 2700 ἂν
1404 2646 1712 2713 ἀξιώσειεν,
1750 2644 1826 2703 ὧν
1854 2651 1914 2703 οὐ

330 2737 685 2805 παραιτεῖται
732 2735 830 2806 τὴν
882 2736 1175 2804 πρόνοιαν;
1239 2736 1378 2807 Ἀλλ’
1404 2730 1551 2793 οὗτοι
1600 2739 1770 2808 τύφον
1815 2742 1918 2794 οὐκ

330 2826 533 2888 εἰδότες
582 2827 958 2896 προσάπτουσι
1007 2826 1083 2896 τῷ
1124 2826 1263 2897 Θεῷ,
1311 2827 1558 2896 λέγοντες
1607 2830 1770 2885 αὐτὸν
1816 2831 1918 2885 οὐκ

327 2914 515 2985 ᾲξιοῦν
541 2915 653 2969 τῶν
677 2915 974 2985 ἐλαχίστων
1016 2911 1158 2969 εῖναι
1193 2919 1443 2988 ποιητήν.
1474 2919 1535 2971 Ei
1568 2918 1745 2975 τοίνυν
1774 2921 1915 2974 πάν-

328 3026 437 3062 των
464 3010 582 3061 ἐστὶ
608 3009 859 3079 ποιητὴς,
882 3007 1076 3077 φθάνει
1097 3007 1155 3060 δὲ
1181 3007 1275 3060 καὶ
1306 3007 1466 3079 μέχρι
1486 3008 1596 3062 τῶν
1617 3009 1916 3081 ἐλαχίστων

325 3099 416 3153 διὰ
459 3098 871 3170 φιλανθρωπίαν
918 3100 1031 3161 τοῖς
1076 3098 1209 3151 πᾶσι
1260 3096 1643 3168 χωρούμενος,
1687 3099 1917 3171 περιττὴ

327 3190 437 3243 τῶν
465 3189 756 3259 αἱρετικῶν
782 3190 815 3260 ἡ
845 3189 1117 3259 πρόφασις
1142 3187 1230 3240 διὰ
1251 3195 1319 3241 τὰ
1351 3190 1521 3261 μικρά
1549 3189 1656 3243 τῶν
1681 3191 1916 3261 κτισμά-

326 3297 435 3334 των
462 3278 866 3352 προϐεϐλῆσθαι
904 3277 1175 3348 λεγόντων
1208 3278 1299 3331 τὸν
1325 3278 1475 3332 Υίόν.

2021 2006 2087 2061 ad
2117 2005 2398 2061 minimam
2428 2002 2594 2059 etiam
2624 2002 2718 2057 Dei
2746 2000 3045 2073 potentiam
3076 2014 3140 2054 ac
3162 1999 3416 2054 virtutem
3450 2009 3615 2067 pene-

2020 2106 2191 2165 trare,
2231 2096 2582 2161 erubescant,
2633 2109 2756 2150 cum
2798 2094 3077 2149 Christum
3120 2092 3295 2161 ipsum
3343 2089 3615 2144 dicentem

2020 2190 2242 2247 audiant
2271 2207 2285 2244 :
2324 2207 2344 2241 ι
2374 2188 2572 2243 Nonne
2599 2188 2706 2243 duo
2739 2185 3037 2258 passerculi
3089 2198 3213 2241 asse
3258 2190 3530 2245 vaeneunt,
3560 2193 3617 2236 et

2019 2297 2160 2339 unus
2200 2296 2267 2337 ex
2317 2284 2397 2337 cis
2446 2297 2552 2336 non
2606 2281 2764 2336 cadet
2818 2280 2873 2334 in
2930 2288 3134 2334 terram
3196 2277 3403 2346 absque
3453 2272 3618 2329 Patre

2019 2385 2199 2430 vestro
2228 2375 2320 2445 qui
2352 2374 2405 2428 in
2454 2372 2609 2428 caelis
2638 2381 2723 2428 est
2749 2372 2790 2424 '.
2830 2389 2849 2424 ι
2902 2369 2970 2425 Et
3004 2384 3197 2425 rursus
3232 2382 3249 2421 :
3288 2385 3307 2419 ι
3340 2366 3618 2437 Respicite

2019 2464 2260 2519 volatilia
2300 2463 2448 2530 cteli,
2484 2464 2628 2533 quod
2681 2476 2789 2517 non
2838 2469 3031 2517 serunt
3064 2473 3241 2528 neque
3290 2466 3525 2525 metunt,
3560 2464 3617 2511 et

2020 2555 2179 2611 Pater
2206 2564 2390 2625 vester
2410 2554 2649 2610 caelestis
2674 2554 2846 2608 nutrit
2869 2554 2959 2608 illa
2989 2554 3030 2607 ⁸.
3064 2571 3081 2604 ι
3110 2552 3179 2607 Et
3208 2565 3429 2605 rursum
3458 2567 3472 2605 :
3509 2566 3529 2601 ι
3553 2547 3615 2605 Si

2020 2646 2204 2701 fenum
2232 2646 2348 2716 agri
2381 2646 2533 2714 quod
2565 2644 2727 2700 hodie
2749 2652 2835 2700 est
2864 2653 2916 2699 et
2944 2656 3069 2700 cras
3094 2643 3149 2697 in
3173 2642 3449 2697 clibanum
3487 2640 3617 2694 mit-

2023 2734 2175 2803 titur,
2208 2734 2352 2789 Deus
2379 2735 2461 2790 sic
2493 2734 2677 2800 vestit,
2727 2744 2935 2804 quanto
2968 2733 3142 2804 magis
3179 2748 3275 2791 vos
3322 2732 3381 2786 '?
3417 2750 3435 2784 ι
3476 2730 3617 2798 Quid

2020 2833 2202 2879 autem
2234 2824 2359 2881 leno
2396 2834 2453 2881 et
2496 2826 2825 2897 passerculis
2868 2825 3023 2897 151
3064 2825 3224 2881 vilius
3270 2834 3375 2890 est,
3420 2825 3619 2895 quibus

2020 2916 2164 2973 Deus
2194 2933 2290 2987 pro
2317 2933 2414 2974 sua
2451 2918 2695 2975 bonitate
2732 2919 3023 2988 providet?
3060 2919 3171 2973 Aut
3202 2917 3479 2988 quomodo
3512 2930 3618 2970 non

2020 3008 2275 3079 dignetur
2294 3023 2416 3065 esse
2446 3018 2665 3065 creator
2693 3024 2907 3074 eorum,
2946 3024 3176 3079 quorum
3216 3008 3617 3078 providentiam

2020 3110 2127 3151 non
2172 3094 2473 3153 detrectat?
2518 3097 2591 3152 At
2638 3096 2730 3153 isti
2780 3096 3097 3167 ignorantes
3140 3096 3456 3165 superbiam
3506 3093 3618 3148 Deo

2020 3188 2363 3259 impingunt,
2410 3189 2656 3246 dicentes
2716 3202 2844 3244 eum
2909 3187 3195 3258 dedignari
3258 3188 3614 3242 minimarum

1935 3268 1980 3326 ο
2012 3290 2319 3337 creatorem
2349 3294 2496 3336 esse.
2527 3278 2593 3335 Si
2614 3294 2757 3351 ergo
2784 3279 3030 3335 omnium
3057 3290 3141 3335 est
3168 3286 3413 3343 creator,
3440 3287 3496 3332 et
3519 3290 3621 3345 pro

326 3389 426 3429 sua
462 3372 801 3445 benignitate
870 3372 1036 3426 etiam
1068 3371 1134 3426 ad
1210 3372 1435 3427 minima
1476 3383 1742 3443 permeat,
1780 3389 2078 3446 omnesque
2112 3375 2197 3432 sui
2263 3389 2493 3446 capaces
2534 3374 2684 3445 facit,
2724 3374 2906 3431 inanis
2936 3384 3022 3432 est
3063 3374 3449 3431 haereticorum
3486 3388 3618 3439 pro-

328 3466 529 3538 positio
561 3464 879 3530 dicentium,
904 3471 1130 3533 propter
1156 3463 1404 3551 .minores
1430 3470 1712 3523 creaturas
1734 3471 2053 3539 productum
2080 3482 2204 3525 esse
2227 3466 2449 3528 Filium.

329 3583 460 3640 Ἔτι
484 3584 572 3649 είς
601 3581 669 3635 τὸ
724 3554 988 3646 (Κύριος
1011 3578 1220 3634 ἐκτισέ

1009 3652 1043 3704 δ
1081 3652 1237 3717 Υἱός.

394 3764 459 3817 Ei
491 3762 614 3817 καθ’
644 3763 809 3832 ὑμᾶς,
839 3755 885 3816 ὧ
914 3762 1195 3833 θεομάχοι,
1216 3762 1305 3817 διὰ
1332 3763 1394 3817 τὸ
1430 3764 1505 3836 μὴ
1530 3764 1789 3821 δύνασθαι
1811 3765 1912 3839 τὴν

321 3854 435 3909 τῶν
458 3851 702 3923 γενητῶν
733 3853 894 3919 φύσιν
922 3852 1174 3923 χωρῆσαι
1193 3852 1291 3924 τὴν
1312 3852 1551 3923 ἄκρατον
1579 3856 1913 3927 αὐτουργίαν

251 4008 275 4025 ⁸
322 3942 419 3996 τοῦ
454 3941 591 3995 Θεοῦ
622 3941 717 3994 καὶ
745 3942 981 4011 Πατρὸς,
1017 3940 1240 4014 μεσίτου
1271 3943 1430 4015 χρεία
1459 3944 1671 4012 γέγονε,
1704 3947 1799 4001 καὶ
1823 3947 1912 4001 οὗ-

321 4052 433 4100 τως
455 4034 639 4087 ἔκτισε
666 4034 756 4088 τὸν
779 4034 910 4087 Υἱὸν
930 4036 960 4087 6
988 4033 1198 4106 Πατὴρ,
1220 4034 1337 4099 πῶς
1367 4037 1394 4089 6
1414 4035 1540 4096 Υἱὸς
1565 4038 1792 4109 γενητὸς
1811 4038 1911 4107 ὢν,

325 4126 450 4181 καθ’
482 4127 649 4196 ὑμᾶς,
689 4125 938 4196 ἐχώρησε
970 4123 1068 4178 τοῦ
1113 4125 1329 4198 Πατρὸς
1356 4125 1455 4199 τὴν
1488 4126 1756 4200 δύναμιν;
1792 4132 1911 4183 Ἀν-

323 4217 473 4286 άγκη
517 4215 626 4287 γὰρ
665 4214 761 4270 καὶ
806 4213 956 4285 αὑτῷ
1002 4212 1187 4268 δοῦναι
1218 4214 1310 4287 τὸν
1352 4216 1737 4287 μεσιτεύοντα·
1773 4218 1911 4275 ἀλλὰ

271 4376 285 4387 ⁸
324 4309 599 4370 κάκεῖνος,
629 4306 679 4358 εί
727 4306 962 4377 ὑπάρχοι
990 4305 1240 4377 γενητὸς,
1274 4306 1448 4361 δεῖται
1479 4308 1642 4362 πάλιν
1674 4310 1769 4363 τοῦ
1810 4327 1906 4381 με·

325 4394 652 4459 σιτεύοντος,
683 4398 781 4449 καὶ
825 4395 1000 4460 οὕτως
1028 4398 1109 4460 είς
1138 4398 1365 4468 ἄπειρον
1409 4402 1650 4470 μεσιτῶν
1692 4402 1848 4473 ὄχλον
1882 4403 1911 4455 ὁ

322 4489 493 4559 λόγος,
509 4488 827 4558 ἐκϐήσεται.
853 4486 1073 4543 Είκαῖον
1097 4484 1189 4544 οῦν
1219 4491 1327 4563 ἄρα
1354 4491 1415 4545 τὸ
1448 4495 1578 4565 περὶ
1602 4496 1792 4549 τούτου
1822 4497 1911 4550 σό-

1251 3595 1331 3650 με
1354 3595 1368 3610 '
1400 3598 1421 3633 ι
1463 3580 1554 3636 ὅτι
1588 3584 1661 3637 οὐ
1690 3584 1915 3655 κτίσμα

2022 3582 2091 3639 In
2119 3584 2278 3653 illud,
2313 3601 2335 3638 ι
2362 3584 2503 3641 Deus
2532 3583 2783 3656 formavit
2829 3598 2911 3637 me
2932 3582 2955 3614 "
3001 3601 3016 3639 :
3050 3599 3071 3635 ›
3105 3581 3247 3653 quod
3297 3578 3473 3636 Filius
3512 3596 3619 3638 non

2640 3656 2711 3709 sit
2740 3661 3007 3709 creatura.

2094 3766 2152 3825 Si
2183 3768 2336 3839 juxta
2369 3774 2634 3833 vestram,
2672 3766 2770 3822 Dei
2813 3767 3023 3834 hostes,
3060 3764 3375 3836 opinionem
3410 3765 3620 3822 idcirco

2017 3878 2156 3935 opus
2181 3863 2285 3917 fuit
2314 3861 2641 3928 mediatore,
2683 3859 2811 3930 quia
2854 3869 3233 3916 creaturarum
3272 3868 3469 3914 natura
3512 3859 3619 3914 im-

2016 3967 2259 4010 mensam
2282 3951 2377 4007 Dei
2410 3951 2665 4006 virtutem
2685 3962 2883 4020 capere
2907 3950 2961 4005 in
2984 3964 3045 4006 se
3069 3963 3175 4004 non
3198 3957 3435 4018 poterat,
3470 3949 3620 4005 ideo-

2018 4058 2125 4115 que
2145 4041 2309 4099 Pater
2338 4041 2537 4097 Filium
2578 4041 2785 4098 creavit
2817 4060 2832 4097 :
2871 4056 2978 4112 quo
3007 4052 3170 4113 pacto
3204 4039 3395 4107 Filius,
3432 4040 3525 4111 qui
3560 4048 3620 4096 ut

2017 4149 2115 4190 vos
2144 4134 2348 4202 dicitis,
2380 4142 2598 4189 creatus
2629 4140 2738 4200 est,
2764 4132 2858 4189 Dei
2889 4135 3149 4189 virtutem
3177 4148 3377 4203 capere
3406 4132 3620 4203 potuit?

2016 4223 2253 4281 Necesse
2286 4225 2431 4280 enim
2467 4225 2825 4281 fueritetiam
2855 4226 2931 4281 illi
2977 4227 3338 4282 mediatorem
3376 4226 3617 4297 aliquem

2016 4317 2149 4373 dare
2183 4336 2198 4373 :
2254 4326 2515 4373 caeterum
2568 4318 2744 4373 etiam
2780 4317 2891 4383 ille,
2942 4318 2987 4373 si
3023 4330 3242 4373 creatus
3271 4328 3377 4385 est,
3411 4319 3618 4389 indiget

2017 4408 2350 4474 mediatore;
2381 4418 2548 4479 atque
2576 4409 2648 4464 ita
2678 4408 2838 4464 turba
2863 4410 3228 4465 mediatorum
3252 4410 3306 4464 in
3343 4410 3617 4474 infinitum

2018 4509 2249 4556 crescet.
2301 4498 2579 4555 Frivolum
2609 4502 2796 4570 itaque
2821 4511 2908 4556 est
2946 4510 3190 4556 vestrum
3217 4514 3615 4571 commentum,

321 4599 524 4654 φισμα,
557 4583 739 4635 πᾶσαν
764 4580 901 4651 ὁμοῦ
924 4581 1024 4652 τὴν
1053 4581 1420 4654 δημιουργίαν
1444 4585 1771 4658 ἀνατρέπον.
1800 4591 1913 4660 Οὐχ

2026 4591 2326 4647 universam
2366 4592 2530 4647 simul
2572 4595 2907 4648 creationem
2949 4594 3298 4651 subvertens.
3332 4595 3466 4650 Nam
3508 4611 3614 4651 non

322 4670 714 4746 εὑρισκομένου
745 4675 875 4746 γὰρ,
920 4674 1121 4745 μᾶλλον
1163 4676 1221 4730 δὲ
1268 4676 1343 4748 μὴ
1387 4676 1721 4752 ζητουμένου
1754 4700 1906 4753 μεσι-

323 4764 595 4830 τεύοντος,
621 4766 723 4818 οὐκ
747 4766 813 4820 ἂν
840 4765 1047 4839 ὑπέστη
1082 4766 1152 4821 τὰ
1180 4772 1399 4842 γενητά.

576 4876 1447 4955 Τῷνώόρθοόόξωνιλεγόνζτων
1495 4887 1563 4955 Et
1608 4886 1837 4955 κτίσμα”
1874 4890 1907 4942 ό

393 4946 546 5026 ζίρς,
562 4944 840 5026 πῶςξὲχει
863 4948 1015 5026 θεατὰ
1034 4944 1224 5026 φύσιή
1244 4950 1309 5003 τὸ
1337 4949 1489 5026 εἶναι
1512 4944 1907 5026 δημιουργός;

396 5018 482 5094 ρὺ
509 5018 620 5084 γὰρ
658 5014 813 5094 ἴδιον
842 5015 961 5094 τῶν
997 5014 1336 5094 iactantiae»-
1365 5024 1543 5077 τοῦτό
1677 5014 1908 5094 didm-:5-

391 5085 760 5166 ψςετκαν-οζ
808 5087 1089 5166 αίρεξιλιοί
1130 5089 1202 5142 τὰ
1231 5085 1700 5164 exornantem,
1724 5090 1812 5150 ὧν
1848 5101 1908 5152 αι

392 5156 609 5222 λύσεις
636 5154 797 5210 εισὶν
820 5154 1066 5226 ἐφεξῆς.

542 5272 951 5343 Ἀνθυποςρορὰ
986 5274 1068 5339 ὠς
1104 5274 1173 5329 ἐκ
1210 5275 1328 5331 τῶν
1363 5279 1694 5348 αἱρετικῶν.

393 5384 638 5453 Κτίσμα,
665 5385 847 5454 φασὶν,
880 5386 1029 5441 ἔστιν
1058 5388 1086 5441 6
1115 5388 1264 5453 Υἱὸς,
1293 5394 1386 5443 καὶ
1415 5392 1523 5445 τῶν
1552 5394 1795 5465 γενητῶν
1829 5391 1907 5461 εἷς

324 5477 593 5554 ὑπάρχει·
632 5478 697 5531 τὸ
726 5479 782 5533 δὲ
812 5481 1019 5545 κτίζειν
1052 5482 1126 5545 ὡς
1154 5482 1307 5553 παρὰ
1348 5482 1667 5539 διδασκάλου
1720 5488 1907 5557 μαθὼν

324 5567 357 5638 ἢ
391 5568 655 5639 τεχνίτου,
686 5571 1000 5642 ὑπηρέτησε
1033 5574 1166 5644 πρὸς
1201 5575 1299 5647 τὴν
1332 5575 1440 5629 τῶν
1490 5575 1666 5646 ἔργων
1718 5582 1905 5650 χρείαν

323 5658 405 5730 τῷ
428 5659 703 5725 διδάξαντι
735 5662 873 5735 Θεῷ.

2016 4684 2239 4739 invento
2268 4692 2362 4739 aut
2401 4686 2582 4755 potius
2618 4700 2726 4741 non
2771 4686 3000 4756 quaesito
3051 4688 3374 4755 mediatore,
3429 4698 3616 4743 creata

2016 4789 2122 4830 non
2148 4777 2530 4832 substiterunt.

2016 4888 2248 4945 ALIUD.
2270 4890 2402 4946 Cum
2420 4891 2701 4946 orthodoxi
2721 4894 2937 4947 dicunt:
2963 4891 3023 4947 Si
3044 4891 3219 4961 Filius
3248 4903 3323 4947 est
3346 4900 3614 4961 creatura,

2087 4978 2189 5031 quo
2216 4972 2370 5031 pacto
2394 4961 2490 5015 hoc
2518 4963 2566 5015 ei
2594 4963 2840 5018 naturale
2858 4974 2957 5028 est,
2993 4972 3052 5017 ut
3076 4966 3143 5018 sit
3171 4965 3425 5018 creator?
3448 4980 3613 5033 neque

2090 5033 2230 5084 enim
2265 5041 2633 5086 creaturarum
2674 5036 2949 5101 praprium
2987 5045 3107 5099 est;
3151 5037 3393 5089 hwretici
3427 5044 3615 5089 contra

2083 5101 2339 5175 objiciunt
2370 5117 2488 5171 quae
2520 5113 2836 5173 sequuntur,
2877 5121 3103 5175 quorum
3136 5106 3429 5161 solutiones
3456 5106 3613 5160 etiam

2092 5171 2433 5241 adﬁcientur.

2478 5283 2719 5355 Objectio
2757 5285 3149 5341 hereticorum.

2084 5397 2275 5465 Filius,
2311 5399 2585 5469 inquiunt,
2612 5408 2863 5456 creatura
2904 5416 3151 5470 unusque
3185 5411 3357 5457 estex
3395 5402 3464 5457 iis
3490 5418 3613 5473 quae

2011 5490 2152 5543 facta
2184 5501 2311 5544 sunt
2345 5509 2357 5544 :
2392 5491 2612 5547 creandi
2651 5507 2778 5547 vero
2816 5492 3129 5547 facultatem
3156 5509 3184 5547 a
3217 5495 3479 5563 magistro
3515 5506 3610 5550 aut

2009 5583 2221 5640 artilice
2246 5583 2457 5652 didicit,
2484 5594 2539 5639 et
2571 5585 2680 5640 Deo
2706 5586 2797 5656 qui
2824 5586 3001 5656 ipsum
3033 5586 3238 5654 docuit,
3274 5586 3326 5642 in
3351 5586 3608 5657 operibus

2007 5674 2124 5727 suis
2159 5674 2511 5731 ministravit.

390 5818 621 5895 manu.
664 5841 835 5906 κει).
917 5843 1139 5898 “Matth.
1182 5860 1228 5899 νι
1294 5844 1379 5901 εις.
1462 5845 1755 5905 τιωςιλυ.
1839 5850 1914 5905 ευ

2027 5893 2038 5906 .
2077 5870 2193 5919 un,
2230 5853 2318 5909 22..
