4024 6446
456 389 561 445 355

914 505 1215 563 Solatia-es
1240 508 1564 578 objectionis.

531 616 589 671 Si
624 618 884 690 quidquid
930 636 1035 676 non
1083 619 1401 674 naturaliter
1445 618 1604 672 alicui
1656 618 1874 671 insitum
1921 622 2025 679 est,

458 708 555 763 sed
592 718 798 764 tantum
828 711 1197 767 accidentarie
1227 710 1389 773 inest,
1428 718 1483 763 et
1511 706 1909 778 quodammodo
1934 718 2027 757 ac-

458 796 718 865 quisitum
750 810 853 863 est,
886 800 1002 857 fleri
1033 810 1207 872 potest
1236 810 1300 855 ut
1339 798 1631 871 aliquando
1672 813 1776 852 uon
1818 797 2030 851 accidat

461 886 559 957 (ea
594 890 736 943 enim
781 901 863 945 est
922 891 1280 946 accidentium
1328 890 1556 960 natura)
1600 890 1848 944 accidens
1899 886 2028 941 illud

458 990 557 1045 per
581 978 721 1045 quod
750 977 917 1032 Filius
946 987 1159 1033 creator
1195 987 1299 1043 est,
1329 978 1613 1047 aliquando
1647 978 1698 1032 in
1730 992 1795 1031 eo
1832 988 2031 1031 evane-

459 1080 613 1121 scere
658 1067 876 1136 poterit.
926 1070 1104 1141 Atque
1144 1070 1214 1124 ita
1258 1069 1517 1140 dignitate
1564 1083 1657 1123 sua
1706 1067 2026 1137 prirabitur,

457 1158 713 1213 amittens
758 1160 808 1214 id
854 1161 998 1231 quod
1034 1159 1317 1214 didicerat.
1368 1156 1498 1212 Nam
1530 1158 1576 1213 is
1614 1159 1706 1227 qui
1740 1156 2030 1226 aliquando

457 1248 601 1313 quod
636 1248 916 1304 nesciebat
948 1247 1158 1316 didicit,
1196 1256 1371 1318 potest
1403 1247 1567 1304 etiam
1601 1247 1836 1318 ejusdem
1888 1246 2027 1301 obli-

454 1334 610 1391 visci.

1124 1451 1353 1509 ALIUD.

525 1560 816 1619 Creaturas
841 1580 869 1618 a
897 1562 1065 1623 nihilo
1087 1566 1153 1621 ad
1174 1580 1296 1624 esse
1321 1565 1621 1629 traducere,
1650 1579 1755 1619 non
1788 1574 1873 1619 est
1894 1578 2029 1634 opus

457 1655 612 1720 artis,
661 1656 757 1712 sed
813 1656 1089 1715 facultatis
1139 1659 1254 1716 sive
1297 1660 1551 1729 potentia:
1603 1658 1870 1714 creatlvae.
1924 1662 2029 1714 Ars

458 1745 605 1799 enim
639 1761 699 1802 ea
741 1762 860 1816 quae
896 1749 1168 1805 exsistunt
1210 1750 1262 1804 in
1302 1750 1443 1805 aliud
1471 1750 1599 1820 quid
1632 1759 1805 1804 mutat
1834 1768 1847 1803 :
1876 1765 2028 1805 crea-

1459 389 1515 447 S.
1560 385 1829 445 CYRILLI
1866 383 2332 441 ALEXANDRINI
2373 387 2695 445 ARCHIEP.

3609 393 3712 450 256

2679 506 2870 569 Λύσις
2905 503 3145 575 ἐφεξῆς.

2203 617 2263 669 Et
2296 620 2403 670 πᾶν
2432 617 2568 687 ὅπερ
2597 620 2660 671 ἂν
2687 635 2793 671 τινι
2824 619 3068 685 φαίνοιτο
3086 615 3460 687 συμϐεϐηκὸς.
3486 614 3580 669 καὶ
3606 616 3709 669 οὐκ

2128 707 2185 759 ἐν
2232 710 2299 777 τῇ
2346 707 2503 777 φύσει
2552 709 2824 777 κείμενον,
2862 708 3155 779 ἐπικτηθὲν
3178 707 3237 761 δέ
3264 725 3379 771 πως
3411 706 3554 760 κατά
3583 722 3707 760 τινα

2128 797 2347 866 τρόπον,
2374 798 2532 851 τοῦτο
2561 800 2655 851 καὶ
2686 799 3074 871 ἀποσυμθῆναι
3119 798 3341 852 δύναταὶ
3376 816 3528 862 ποτε,
3562 797 3707 851 οὕτω

2129 889 2344 958 φύσεως
2377 888 2589 959 ἔχοντος
2616 892 2705 944 ἀεὶ
2732 889 2826 943 τοῦ
2860 891 3287 961 συμϐασηκότος,
3318 890 3707 960 ἀποσυμδήσε-

2127 980 2217 1034 ταί
2242 995 2372 1034 ποτε
2399 980 2491 1034 τοῦ
2510 981 2637 1034 Υίοῦ
2668 982 2728 1035 τὸ
2754 980 2893 1034 εἶναι
2917 981 3267 1051 δημιουργόν.
3296 982 3401 1035 Kal
3428 981 3580 1033 ἔσται
3610 980 3706 1033 τοῦ

2128 1067 2437 1137 ἀξιώματος
2484 1070 2708 1141 ἔρημος,
2739 1069 3027 1123 ἀποϐαλὼν
3078 1072 3215 1141 ὅπερ
3261 1070 3563 1141 ιμαθεν.’0
3596 1071 3709 1142 γὰρ

2128 1155 2265 1220 ὅλως
2289 1157 2352 1209 ἑκ
2376 1157 2470 1210 τοῦ
2512 1158 2588 1229 μὴ
2614 1158 2811 1212 εἰδέναι
2830 1174 2884 1210 τι
2917 1158 3052 1229 πρὸς
3082 1159 3142 1211 τὸ
3170 1159 3368 1212 ειδέναι
3414 1159 3708 1231 κεκλημέ-

2129 1262 2237 1311 νος,
2269 1244 2482 1310 δέξεταί
2506 1264 2637 1301 ποτε
2674 1248 2767 1301 καὶ
2797 1248 2896 1319 τῆς
2926 1246 3094 1319 λήθης
3131 1246 3194 1301 τὸ
3227 1248 3417 1311 πάθος.

2811 1448 2994 1501 ΔΛΛΟ

2200 1555 2275 1609 Τὸ
2299 1556 2365 1609 ιχ
2392 1555 2488 1610 τοῦ
2518 1557 2594 1627 μὴ
2622 1556 2773 1621 ὄντος
2803 1558 2888 1622 είς
2914 1558 2975 1611 τὸ
3009 1552 3150 1614 εἶναι
3184 1560 3453 1631 παράγειν
3482 1560 3554 1613 τὰ
3587 1561 3707 1614 κτί-

2131 1662 2331 1716 σματα,
2362 1649 2422 1701 οὐ
2468 1649 2665 1719 τέχνης
2710 1650 2870 1720 ἔργον
2914 1651 3082 1717 ἐστὶν,
3112 1650 3247 1707 ἀλλὰ
3296 1650 3579 1723 δυνάμεως
3610 1652 3709 1723 δη-

2133 1739 2481 1810 μιουργικῆς.
2512 1740 2687 1812 Τέχνη
2719 1742 2817 1811 μὲν
2849 1741 2959 1813 γὰρ
2999 1740 3069 1797 τὰ
3101 1742 3228 1796 ὄντα
3258 1742 3394 1813 πρὸς
3437 1743 3625 1815 ἕτερόν
3656 1759 3710 1798 τι

457 1832 564 1887 trix
600 1842 779 1889 autem
818 1836 1067 1903 facultas,
1097 1852 1159 1892 ea
1205 1852 1325 1908 qua:
1368 1853 1472 1893 nou
1500 1839 1772 1894 exsistunt
1814 1838 1939 1893 facit
1969 1848 2027 1895 ut

2132 1832 2527 1900 μετασκευάζει
2547 1848 2561 1862 ·
2588 1832 2949 1905 δημιουργικὴ
2976 1833 3034 1888 δὲ
3076 1832 3307 1904 δύναμις
3333 1835 3403 1889 τὰ
3452 1835 3527 1906 μὴ
3578 1835 3710 1889 ὄντα

456 1925 745 1981 exsistant.
779 1925 836 1982 Si
866 1942 995 1999 ergo
1030 1930 1098 1984 ab
1126 1939 1245 1985 arte
1274 1928 1429 2000 152
1462 1938 1554 1984 aut
1584 1930 1827 1986 doctrina
1856 1941 2033 2001 potest

456 2028 578 2071 esse
598 2026 813 2073 creator
837 2018 1025 2086 Filius,
1056 2019 1276 2076 videant
1307 2021 1438 2090 quid
1483 2020 1551 2076 de
1588 2020 1749 2077 Patre
1788 2032 2033 2077 statuere

456 2108 643 2171 velint,
679 2108 723 2163 si
769 2108 893 2179 quis
930 2109 1092 2164 etiam
1126 2108 1194 2166 de
1244 2110 1335 2166 illo
1367 2112 1481 2165 haec
1530 2111 1698 2166 dicat.
1750 2113 1819 2167 At
1864 2113 2029 2181 dices,

457 2192 670 2250 Patrem
703 2200 919 2269 quidem
945 2210 1140 2254 natura
1174 2213 1315 2265 esse,
1345 2198 1539 2255 Filium
1576 2215 1703 2255 vero
1735 2202 2029 2257 edoctum:

457 2284 571 2340 ﬁeri
608 2287 789 2357 itaque
814 2298 990 2358 potest
1025 2298 1084 2345 ut
1112 2289 1234 2360 quis
1258 2300 1625 2361 consequatur
1660 2291 1903 2346 doctrina
1934 2307 2034 2347 na-

456 2378 684 2433 turalem
755 2382 1121 2450 operationem
1190 2382 1305 2447 Dei,
1343 2392 1506 2450 utque
1556 2383 1781 2439 edoctus
1822 2399 2029 2453 creare,

456 2462 595 2518 idem
626 2468 944 2523 naturaliter
978 2468 1216 2539 sitquod
1247 2470 1382 2540 ipse.
1406 2468 1617 2525 Nullum
1653 2471 1815 2542 igitur
1839 2474 2032 2528 discri-

456 2570 577 2610 tuen
625 2559 728 2613 erit
778 2559 919 2613 inter
976 2558 1140 2615 Deum
1182 2570 1237 2618 et
1293 2571 1621 2629 creaturam,
1675 2573 2031 2633 praeterquam

457 2646 1041 2720 scientite,disparitas
1088 2670 1103 2705 :
1155 2662 1349 2707 natura
1406 2664 1581 2709 autem
1636 2657 1703 2710 ab
1757 2657 1873 2727 ipso
1926 2672 2031 2712 non

456 2734 785 2803 differemus,
818 2741 910 2793 sed
945 2740 1066 2796 sola
1090 2742 1316 2797 scicntia
1347 2742 1631 2798 inferiores
1662 2744 1753 2798 illo
1782 2747 2029 2802 erimus:

456 2840 577 2895 qua:
604 2830 691 2883 ubi
724 2831 930 2900 adjecta
967 2834 1120 2889 nobis
1160 2834 1344 2901 fuerit,
1375 2838 1581 2891 erimus
1616 2852 1806 2892 omnes
1839 2846 2031 2894 natura

456 2921 552 2976 dii.
590 2921 869 2989 Quomodo
905 2926 1071 2995 igitur
1104 2943 1242 2981 unus
1286 2937 1368 2981 est
1410 2927 1573 2989 Deus,
1616 2928 1662 2980 si
1719 2942 1811 2997 per
1859 2929 2028 2983 solam

457 3012 758 3069 doctrinam
782 3030 941 3084 quam
978 3018 1387 3085 consequimur,
1418 3016 1495 3069 dii
1543 3014 1846 3072 efﬁcimur?
1890 3021 1957 3072 At
1984 3022 2031 3076 si

455 3101 574 3173 ipsa
617 3118 678 3159 se
720 3106 908 3159 barum
961 3106 1437 3161 ratiocinationum
1488 3107 1797 3163 absurditas
1833 3112 2025 3178 prodit,

454 3195 777 3251 naturaliter
808 3197 991 3267 itaque
1027 3206 1242 3253 creator
1280 3206 1364 3252 est
1410 3195 1611 3263 Filius,
1664 3212 1768 3253 non
1802 3214 1899 3270 per
1926 3202 2024 3258 do-

456 3286 710 3352 ctrinam,
738 3296 795 3345 ut
826 3305 921 3345 vos
954 3292 1276 3359 opinamini.

1132 3424 1358 3484 ALIUD.

524 3528 683 3585 Aliud
718 3533 992 3602 quidpiam
1020 3544 1105 3590 est
1133 3537 1419 3607 sapientia,
1461 3540 1605 3596 aliud
1645 3544 1862 3612 sapiens
1894 3563 1908 3599 :
1943 3558 2032 3600 sa-

455 3622 656 3692 pientia
688 3625 830 3679 enim
862 3637 946 3682 est
969 3642 1057 3683 res
1090 3643 1210 3700 quae
1237 3645 1427 3701 sapere
1451 3633 1607 3700 facit;
1662 3637 1877 3705 sapiens
1904 3652 2031 3693 vero

455 3717 547 3785 qui
586 3730 700 3770 rem
730 3732 849 3787 qua:
885 3734 1078 3788 sapere
1110 3719 1262 3790 facit,
1308 3722 1551 3793 suscipit.
1597 3723 1654 3781 Si
1695 3742 1824 3797 ergo
1861 3727 2032 3784 Filius

455 3807 693 3877 seipsum
751 3812 1075 3876 sapientiam
1126 3828 1249 3869 esse
1298 3814 1451 3880 dicit,
1505 3818 1771 3886 quomodo
1816 3820 2031 3889 sapiens

454 3898 680 3957 effectus
722 3902 842 3956 est?
899 3903 1035 3958 Nam
1085 3904 1130 3959 si
1177 3906 1690 3963 omnino=doctrina
1732 3909 2031 3979 indigebat,

458 4006 564 4044 nou
589 4000 708 4044 erat
734 3992 1019 4060 sapientia.
1051 3992 1117 4048 Et
1140 3994 1185 4049 si
1210 3996 1471 4065 sapientia
1501 3997 1852 4054 occidentalis
1880 4000 1933 4055 in
1964 4016 2030 4056 eo

454 4092 557 4147 est,
594 4085 793 4152 poterit
836 4085 1124 4155 aliquando
1156 4088 1281 4145 talis
1318 4104 1421 4144 non
1454 4104 1599 4154 esse,
1642 4106 1765 4145 cum
1803 4092 1855 4146 id
1886 4094 2025 4161 quod

454 4174 651 4228 accidit
688 4176 859 4243 possit
907 4176 1069 4231 etiam
1111 4193 1216 4233 non
1245 4180 1508 4235 accidere.
1546 4181 1809 4247 Quidnam
1865 4184 2030 4254 igitur

453 4275 571 4317 erat
595 4273 719 4319 ante
743 4267 883 4321 hoc?
909 4268 1171 4337 sapientia
1199 4272 1341 4325 enim
1372 4286 1477 4326 non
1502 4282 1640 4337 erat,
1671 4289 1790 4328 cum
1814 4278 2027 4344 sapien-

456 4354 530 4407 tia
558 4355 841 4425 indigeret.
876 4358 943 4412 At
980 4373 1195 4429 semper
1224 4360 1323 4416 fuit
1365 4363 1627 4432 sapientia
1669 4364 1859 4419 Filius.
1913 4365 2026 4421 Hoc

452 4446 597 4500 enim
640 4462 793 4501 sacra
831 4448 1111 4519 Scriptura
1138 4451 1203 4505 de
1236 4453 1351 4519 ipso
1376 4454 1650 4521 praedicat.
1684 4455 1891 4510 Vanum
1925 4458 2028 4510 ita-

453 4552 560 4608 que
592 4548 646 4593 et
674 4539 962 4595 absurdum
997 4550 1083 4597 est
1119 4542 1319 4610 dicere,
1365 4542 1504 4600 Filio
1534 4545 1739 4615 aliquid
1773 4547 2022 4604 doctrina

453 4630 733 4687 accidisse.

1126 4747 1345 4806 ALIUD.

524 4854 585 4910 Si
612 4856 835 4912 facultas
862 4858 1082 4914 creandi
1115 4861 1252 4917 Filio
1294 4877 1391 4931 per
1417 4862 1718 4921 doctrinam
1766 4867 2016 4932 accessit,

452 4956 614 5015 atque
663 4949 733 5001 ita
767 4948 936 5004 factus
956 4961 1267 5007 cstcreator
1294 4954 1483 5020 Filius,
1512 4957 1721 5013 invidiae
1752 4960 1880 5013 vitio
1916 4958 2018 5012 Pa-

453 5043 590 5089 trem
623 5048 874 5101 onerant,
921 5040 963 5093 si
1006 5056 1129 5095 cum
1162 5042 1360 5099 multos
1387 5045 1583 5101 docere
1614 5059 1817 5117 posset,
1853 5065 2017 5104 unum

2135 1922 2270 1992 πρὸς
2302 1923 2362 1975 τὸ
2396 1920 2535 1977 εἶναι
2565 1924 2738 1983 καλεῖ.
2775 1925 2840 1979 El
2878 1924 3059 1980 τοίνυν
3089 1925 3197 1979 ὰπὸ
3222 1924 3415 1996 τέχνης
3461 1928 3555 1980 καὶ
3601 1944 3707 1997 μα-

2133 2014 2341 2087 θήσεως
2382 2011 2521 2071 εἶναι
2554 2017 2778 2071 δύναται
2823 2015 3150 2088 δημιουργὸς
3182 2019 3211 2071 6
3240 2017 3386 2082 Υἱὸς,
3420 2018 3708 2087 ὀράτωσαν

2132 2103 2184 2156 τί
2214 2121 2344 2157 ποτε
2372 2105 2478 2176 ἄρα
2509 2107 2603 2159 καὶ
2635 2106 2763 2176 περὶ
2794 2105 2887 2160 τοῦ
2920 2106 3132 2178 [ἰατρὸς
3157 2104 3397 2177 ἐροῦσιν,
3431 2106 3486 2160 εί
3508 2123 3591 2170 τις
3614 2107 3712 2162 καὶ

2133 2197 2217 2248 ἔπ’
2246 2197 2410 2249 αὐτοῦ
2448 2196 2621 2250 ταῦτα
2649 2196 2826 2265 λέγοι·
2879 2196 3017 2251 Ἀλλ’
3041 2200 3205 2269 ἐρεῖς.
3232 2200 3314 2252 δτι
3354 2198 3514 2267 φύσει
3547 2199 3647 2269 μὲν
3683 2200 3713 2253 6

2133 2285 2341 2355 Πατὴρ,
2368 2286 2612 2351 διδακτός
2656 2286 2713 2339 δὲ
2763 2285 2964 2351 όΥῑός.
3013 2286 3260 2354 Ἔξεστιν
3308 2282 3401 2341 οὖν
3445 2286 3714 2350 διδακτιῖκ

2134 2376 2435 2446 κτήσασθαί
2468 2393 2587 2429 τινα
2617 2376 2714 2447 τὴν
2738 2376 2973 2447 φυσιίιὴν
3003 2376 3285 2448 ινέργειαν
3306 2375 3401 2429 τοῦ
3427 2375 3587 2439 Θεοῦ,
3615 2376 3713 2430 καὶ

2134 2467 2375 2537 μαθόντα
2396 2467 2601 2531 κτίζειν
2626 2466 2876 2535 γενέσθαι
2901 2466 3060 2521 τοῦτο
3080 2470 3218 2539 ὅπερ
3242 2468 3359 2521 ἐστὶ
3384 2467 3525 2522 κατὰ
3548 2468 3713 2536 φύσιν

2132 2560 2312 2623 αὑτός.
2338 2558 2507 2613 Οὐδὲν
2527 2556 2620 2613 οὖν
2643 2560 2753 2631 ἄρα
2777 2560 2837 2613 τὸ
2860 2560 3061 2631 μεταξὺ
3090 2559 3225 2614 Θεοῦ
3249 2561 3342 2613 καὶ
3369 2560 3709 2629 κτισμάτων,

2133 2651 2181 2703 ει
2212 2650 2289 2721 μὴ
2319 2650 2518 2719 γνῶσις
2556 2652 2803 2722 περιττὴ,
2837 2650 2933 2705 καὶ
2967 2652 3125 2720 φύσει
3156 2651 3255 2721 μὲν
3291 2651 3425 2723 προς
3452 2650 3617 2704 αὐτὸν
3647 2651 3711 2704 οὐ

2131 2740 2459 2813 διῃρήμεθα,
2498 2742 2633 2813 μόνῃ
2660 2742 2717 2795 δὲ
2749 2744 2817 2812 τῇ
2852 2741 3051 2811 γνώσει
3080 2742 3410 2813 λειπόμεθα·
3440 2737 3508 2813 ἧς
3541 2759 3712 2813 προσ-

2130 2832 2400 2902 τεθείσης,
2438 2832 2675 2904 ἐσόμεθα
2705 2834 2905 2898 πάντες
2948 2834 3089 2888 κατὰ
3118 2833 3277 2903 φύσιν
3306 2833 3437 2887 θεοί.
3462 2833 3587 2896 Πῶς
3615 2832 3711 2887 οὖν

2131 2919 2210 2989 εἷς
2243 2925 2394 2989 Θεὸς,
2429 2925 2477 2977 εί
2526 2927 2583 2977 ὲν
2633 2926 2779 2996 μόνῳ
2817 2925 2896 2996 τῷ
2945 2926 3137 2996 μαθεῖν
3167 2929 3344 2979 κεῖται
3366 2927 3425 2979 τὸ
3453 2926 3710 2994 γενέσθαι

2133 3015 2319 3082 θεούς;
2352 3018 2413 3070 El
2441 3018 2497 3070 δὲ
2527 3018 2694 3089 πολλή
2725 3018 2808 3081 τίς
2850 3020 2997 3073 ἐστιν
3038 3022 3097 3073 εν
3127 3018 3333 3083 τούτοις
3360 3022 3392 3091 ἡ
3422 3019 3531 3072 τῶν
3559 3018 3708 3086 λογι-

2134 3108 2285 3178 σμῶν
2332 3109 2547 3172 ἀτοπία,
2577 3110 2821 3179 φυσικῶς
2872 3110 2980 3182 ἄρα
3026 3111 3357 3183 δημιουργὸς
3400 3113 3429 3167 6
3465 3110 3613 3177 Υἱδς,
3645 3108 3709 3165 οὐ

2130 3199 2415 3266 διδακτῶς,
2448 3200 2565 3255 καθ’
2602 3202 2768 3273 ὑμᾶς.

2818 3425 3020 3479 AAAO.

2202 3537 2425 3607 Ἕτερόν
2454 3538 2507 3591 τί
2533 3538 2648 3591 ἐστι
2680 3537 2862 3605 σοφία,
2891 3537 2984 3591 καὶ
3010 3536 3197 3607 ἕτερον
3232 3537 3263 3590 6
3307 3536 3467 3605 σοφός
3492 3550 3507 3567 ·
3541 3537 3576 3608 η
3613 3537 3711 3608 μιν

2130 3630 2241 3698 γὰρ
2276 3629 2438 3698 σοφία
2481 3628 2611 3697 αρτδ
2658 3628 2719 3681 τὸ
2769 3628 3001 3699 πρᾶγμα
3052 3627 3112 3683 τὸ
3160 3627 3359 3698 σοφοῦν
3390 3630 3562 3692 ἐστιν,
3596 3632 3624 3684 6
3652 3630 3712 3682 δὲ

2133 3721 2294 3789 σοφὸς
2344 3723 2372 3774 6
2423 3719 2516 3773 τοῦ
2554 3720 2843 3789 σοφοῦντος
2876 3720 3144 3784 δεκτικός.
3173 3720 3236 3773 El
3285 3720 3467 3774 τοίνυν
3514 3722 3712 3789 σοφίαν

2130 3813 2320 3865 ἑαυτὸν
2345 3808 2483 3866 εἶναί
2502 3829 2665 3881 φησιν
2687 3813 2715 3863 6
2734 3811 2880 3876 Υἱὸς,
2900 3812 3014 3875 πῶς
3041 3810 3332 3880 ὲσοφοῦτο;
3356 3813 3420 3865 El
3444 3812 3555 3883 γὰρ
3575 3812 3712 3876 ὅλως

2129 3903 2298 3957 ὲδεῖτο
2338 3903 2645 3973 μαθήσεως,
2673 3904 2773 3956 οὐκ
2801 3899 3080 3973 ἧνσοφία.
3116 3904 3225 3956 Καὶ
3264 3904 3313 3956 εί
3364 3903 3711 3975 ωμσέὄηκεν

2128 3993 2277 4064 αὐτῷ
2304 3994 2362 4046 τὸ
2392 3996 2572 4064 σοφὸν,
2598 3994 2749 4048 ἔσται
2784 3995 2914 4047 ποτὲ
2944 3995 3036 4047 καὶ
3059 3995 3121 4047 οὐ
3150 3993 3410 4059 τοιοῦτος,
3439 3994 3538 4049 τοῦ
3566 4012 3708 4067 συμ-

2128 4085 2421 4156 ϐεϐηκότος
2476 4087 2567 4139 καὶ
2619 4085 3003 4157 ἁποσυμόἧναι
3045 4086 3363 4156 δυναμένου.
3397 4086 3463 4139 Τί
3507 4084 3601 4141 οὖν
3640 4085 3709 4161 ἦν

2129 4178 2234 4247 ἄρα
2290 4178 2395 4248 πρὸ
2442 4176 2668 4242 τούτους
2723 4177 2887 4245 σοφία
2933 4178 3039 4249 γὰρ
3089 4177 3189 4230 οὐκ
3245 4172 3335 4248 ἦν,
3383 4176 3708 4249 λειπόμενος

2130 4269 2617 4338 φρονήσεως.’Λλλ’
2662 4264 2730 4339 ἦν
2780 4269 2867 4322 ἀεὶ
2914 4270 3074 4338 σοφία
3123 4271 3151 4322 6
3195 4270 3343 4333 Υἱός.
3377 4270 3549 4324 Τοῦτο
3602 4275 3711 4343 γὰρ
3760 4340 3769 4345 _

2128 4358 2486 4428 κηρύττουσιν
2512 4362 2567 4413 ai
2599 4360 2737 4413 θεῖαι
2770 4360 3006 4431 Γραφαι.
3044 4359 3444 4431 Διεψευσμένον
3470 4362 3581 4434 ἄρα
3610 4366 3708 4417 καὶ

2128 4449 2338 4518 ἀμαθὲς
2385 4451 2446 4505 τὸ
2490 4452 2553 4505 ὲκ
2604 4451 2894 4524 μαθήσεώς
2946 4470 2996 4507 τι
3045 4455 3472 4523 προσγεγονέναι
3528 4457 3709 4525 λέγειν

2129 4560 2293 4613 αυτῳ.

2815 4747 3017 4800 ΑΛΛΟ.

2199 4858 2260 4910 Εἰ
2284 4856 2529 4911 διδακτόν
2553 4859 2664 4911 ἐστι
2692 4859 2753 4911 τὸ
2775 4858 3032 4912 δύνασθαι
3052 4860 3423 4931 δημιουργεῖν,
3443 4864 3539 4918 καὶ
3561 4865 3705 4923 οὕτω

2123 4946 2313 5016 γέγονε
2354 4947 2683 5017 δημιουργὸς
2728 4951 2756 5001 6
2784 4949 2928 5015 Υἱὸς,
2960 4951 3153 5018 φθόνου
3208 4952 3379 5015 πάθος
3419 4956 3705 5026 εἰσάγουσι

2121 5039 2342 5109 γεγονὸς
2372 5041 2507 5109 πρὸς
2536 5041 2625 5092 τὸν
2654 5042 2893 5112 Πατέρα,
2922 5044 2973 5095 εἴ
2992 5061 3055 5111 γε
3091 5043 3316 5107 πολλοὺς
3359 5048 3567 5112 διδάξαι
3609 5051 3701 5105 δυ-

453 5135 661 5179 tautum
700 5128 901 5183 docuit.
945 5130 1083 5197 Quid
1126 5134 1269 5187 enim
1310 5137 1601 5201 nocuisset,
1642 5139 1832 5195 multos
1872 5143 2017 5197 circa

2131 5133 2368 5202 θὰμενος,
2399 5132 2493 5184 ἕνα
2528 5133 2687 5201 μόνον
2718 5134 2947 5197 ἐδίδαξε.
2981 5135 3046 5186 Τί
3095 5134 3202 5205 γὰρ
3249 5136 3437 5189 ἐλύπει
3474 5140 3703 5205 πολλοὺς

453 5215 626 5282 ipsum
654 5230 927 5274 creatorcs
957 5222 1184 5289 versari,
1218 5225 1669 5293 quemadmodum
1703 5230 1897 5285 multos
1926 5246 2015 5285 ar-

454 5309 743 5377 changelos
785 5322 945 5379 atque
974 5314 1191 5384 angelos
1246 5317 1444 5371 habet?
1498 5318 1650 5375 Nunc
1706 5336 1833 5375 vero
1877 5324 2022 5379 solus

452 5398 620 5454 Filius
650 5414 907 5471 operatur
954 5420 1072 5474 qua:
1122 5406 1303 5463 Pater.
1356 5408 1689 5465 Naturaliter
1738 5414 1920 5481 itaque
1971 5418 2019 5468 ei

456 5490 637 5557 insita,
671 5509 773 5548 non
812 5498 1052 5552 doctrina
1094 5501 1355 5569 acquisita
1392 5512 1474 5557 est
1503 5504 1721 5557 creandi
1767 5504 2017 5572 facultas,

456 5596 524 5637 ne
554 5582 711 5637 Pater
746 5587 941 5641 invidia
998 5590 1275 5647 laborasse
1315 5606 1605 5649 censeatur
1637 5614 1648 5649 ς
1690 5598 1887 5667 quippe
1926 5599 2016 5666 qui

456 5689 561 5729 non
594 5676 795 5743 docuit,
837 5682 927 5733 sed
963 5698 1028 5733 ex
1066 5698 1124 5735 se
1165 5685 1347 5752 genuit
1380 5702 1540 5741 unum
1574 5697 1893 5756 creatorem,
1925 5704 2020 5759 per

455 5782 613 5836 quem
643 5773 817 5824 omnia
848 5784 1117 5841 epulatur.

2124 5228 2251 5297 περὶ
2280 5225 2441 5277 αὑτὸν
2468 5220 2603 5277 εἶναι
2626 5227 3007 5297 δημιουργοὺς,
3029 5228 3217 5300 ὥσπερ
3244 5225 3336 5282 οὖν
3360 5233 3451 5285 καὶ
3474 5234 3704 5299 πολλοὺς

2124 5298 2495 5389 ἀρχαῖίγὲλους
2524 5321 2615 5369 καὶ
2645 5320 2907 5385 ἀγγέλους
2936 5322 3077 5390 EXEI;
3112 5298 3225 5373 Νῦν
3251 5322 3307 5375 δὲ
3341 5324 3500 5393 μόνος
3523 5328 3551 5377 6
3576 5326 3702 5391 Υἱὸς

2122 5414 2190 5465 τὰ
2233 5412 2326 5464 τοῦ
2378 5413 2585 5482 Πατρὸς
2633 5414 2946 5482 ἐργάζεται.
2976 5417 3206 5468 Φυσικὸν
3237 5414 3330 5469 οὖν
3363 5418 3472 5488 ἄρα
3516 5420 3612 5470 καὶ
3641 5421 3699 5473 οὐ

2122 5505 2366 5557 διδακτὸν
2413 5507 2468 5556 ὲν
2518 5505 2663 5572 αὐτῷ
2707 5507 2765 5557 τὸ
2816 5507 3186 5575 δημιουργεῖν,
3216 5508 3301 5561 ἵνα
3354 5510 3445 5561 καὶ
3504 5511 3699 5578 φθόνου

2126 5598 2381 5664 φαίνηται
2410 5596 2665 5664 κρείττων
2692 5601 2717 5648 ὁ
2754 5602 2958 5667 Πατὴρ,
2984 5602 3041 5652 οὐ
3072 5601 3286 5665 διδάξας
3320 5602 3536 5671 μᾶλλον,
3564 5605 3699 5659 ἀλλὰ

2128 5692 2390 5758 γεννήσεις
2437 5692 2490 5753 ἐξ
2528 5692 2717 5744 ἑαυτοῦ
2768 5694 2855 5745 τὸν
2904 5696 2994 5747 ἕνα
3041 5696 3387 5765 δημιουργὸν,
3419 5692 3486 5749 δι’
3520 5692 3580 5749 οὗ
3634 5700 3698 5753 τὰ

2132 5785 2303 5835 τάν-τα
2335 5784 2641 5850 ἐργάζεται..
