  <div class='ocr_page' id='page_1' title='image "/cluster/home/n/w/nwhite01/storage/ocr_20150623/75/ien.35556001661032/139.png"; bbox 0 0 4024 6448; ppageno 0'>
   <div class='ocr_carea' id='block_1_1' title="bbox 453 403 631 459">
    <p class='ocr_par' dir='ltr' id='par_1_1' title="bbox 453 403 631 459">
     <span class='ocr_line' id='line_1_1' title="bbox 453 403 631 459; baseline 0 -22"><span class='ocrx_word' id='word_1_1' title='bbox 453 403 563 459; x_wconf 57' lang='grc' dir='ltr'>ω</span> <span class='ocrx_word' id='word_1_2' title='bbox 624 430 631 437; x_wconf 88' lang='grc'><strong>.</strong></span> 
     </span>
    </p>
   </div>
   <div class='ocr_carea' id='block_1_2' title="bbox 1438 385 2669 446">
    <p class='ocr_par' dir='ltr' id='par_1_2' title="bbox 1438 385 2669 446">
     <span class='ocr_line' id='line_1_2' title="bbox 1438 385 2669 446; baseline -0.006 0"><span class='ocrx_word' id='word_1_3' title='bbox 1438 392 1493 446; x_wconf 88' lang='lat' dir='ltr'><strong>S.</strong></span> <span class='ocrx_word' id='word_1_4' title='bbox 1537 389 1810 445; x_wconf 70' lang='lat' dir='ltr'><strong>CVlilLLl</strong></span> <span class='ocrx_word' id='word_1_5' title='bbox 1853 385 2313 442; x_wconf 69' lang='lat' dir='ltr'><strong>ALEXANDIHNI</strong></span> <span class='ocrx_word' id='word_1_6' title='bbox 2355 386 2669 442; x_wconf 70' lang='grc' dir='ltr'>Αιισηιερ.</span> 
     </span>
    </p>
   </div>
   <div class='ocr_carea' id='block_1_3' title="bbox 3586 384 3695 441">
    <p class='ocr_par' dir='ltr' id='par_1_3' title="bbox 3586 384 3695 441">
     <span class='ocr_line' id='line_1_3' title="bbox 3586 384 3695 441; baseline 0 0"><span class='ocrx_word' id='word_1_7' title='bbox 3586 384 3695 441; x_wconf 69' lang='lat'><strong>960</strong></span> 
     </span>
    </p>
   </div>
   <div class='ocr_carea' id='block_1_4' title="bbox 459 506 2022 596">
    <p class='ocr_par' dir='ltr' id='par_1_4' title="bbox 459 509 2022 583">
     <span class='ocr_line' id='line_1_4' title="bbox 459 509 2022 583; baseline -0.008 -9"><span class='ocrx_word' id='word_1_8' title='bbox 459 534 580 575; x_wconf 85' lang='lat' dir='ltr'><strong>nos.</strong></span> <span class='ocrx_word' id='word_1_9' title='bbox 630 516 739 570; x_wconf 77' lang='lat' dir='ltr'><strong>Non</strong></span> <span class='ocrx_word' id='word_1_10' title='bbox 783 513 945 583; x_wconf 64' lang='lat' dir='ltr'><strong>igitur</strong></span> <span class='ocrx_word' id='word_1_11' title='bbox 978 511 1199 565; x_wconf 86' lang='lat' dir='ltr'><strong>onmino</strong></span> <span class='ocrx_word' id='word_1_12' title='bbox 1244 509 1416 565; x_wconf 78' lang='lat' dir='ltr'><strong>factus</strong></span> <span class='ocrx_word' id='word_1_13' title='bbox 1458 511 1647 565; x_wconf 78' lang='lat' dir='ltr'><strong>fuisset</strong></span> <span class='ocrx_word' id='word_1_14' title='bbox 1695 511 1882 574; x_wconf 61' lang='lat' dir='ltr'><strong>Iulius,</strong></span> <span class='ocrx_word' id='word_1_15' title='bbox 1926 509 2022 561; x_wconf 75' lang='lat' dir='ltr'><strong>nisi</strong></span> 
     </span>
    </p>
   </div>
   <div class='ocr_carea' id='block_1_5' title="bbox 2126 506 3693 596">
    <p class='ocr_par' dir='ltr' id='par_1_5' title="bbox 2131 506 3693 596">
     <span class='ocr_line' id='line_1_5' title="bbox 2131 506 3693 596; baseline 0 -34"><span class='ocrx_word' id='word_1_16' title='bbox 2131 512 2295 579; x_wconf 69' lang='grc' dir='ltr'>ἡμᾶς.</span> <span class='ocrx_word' id='word_1_17' title='bbox 2326 512 2438 562; x_wconf 78' lang='grc' dir='ltr'><strong>Οὐκ</strong></span> <span class='ocrx_word' id='word_1_18' title='bbox 2467 512 2531 563; x_wconf 72' lang='grc' dir='ltr'>ἂν</span> <span class='ocrx_word' id='word_1_19' title='bbox 2563 506 2653 562; x_wconf 79' lang='grc' dir='ltr'><strong>οὖν</strong></span> <span class='ocrx_word' id='word_1_20' title='bbox 2688 509 2774 561; x_wconf 73' lang='grc' dir='ltr'>ὀλο</span> <span class='ocrx_word' id='word_1_21' title='bbox 2800 527 2822 570; x_wconf 85' lang='grc' dir='ltr'><strong>ς</strong></span> <span class='ocrx_word' id='word_1_22' title='bbox 2846 511 2873 559; x_wconf 85' lang='lat'><strong>6</strong></span> <span class='ocrx_word' id='word_1_23' title='bbox 2899 508 3019 570; x_wconf 68' lang='grc' dir='ltr'>Υἱὸς</span> <span class='ocrx_word' id='word_1_24' title='bbox 3046 508 3248 596; x_wconf 62' lang='grc' dir='ltr'>ιξπέστη</span> <span class='ocrx_word' id='word_1_25' title='bbox 3274 507 3373 577; x_wconf 79' lang='grc' dir='ltr'>τῆς</span> <span class='ocrx_word' id='word_1_26' title='bbox 3408 508 3529 562; x_wconf 79' lang='grc' dir='ltr'>καθ’</span> <span class='ocrx_word' id='word_1_27' title='bbox 3550 510 3693 579; x_wconf 73' lang='grc' dir='ltr'><strong>ἡμᾶς</strong></span> 
     </span>
    </p>
   </div>
   <div class='ocr_carea' id='block_1_6' title="bbox 459 601 2021 670">
    <p class='ocr_par' dir='ltr' id='par_1_6' title="bbox 459 601 2021 670">
     <span class='ocr_line' id='line_1_6' title="bbox 459 601 2021 670; baseline -0.009 -5"><span class='ocrx_word' id='word_1_28' title='bbox 459 610 630 666; x_wconf 81' lang='lat' dir='ltr'><strong>nostri</strong></span> <span class='ocrx_word' id='word_1_29' title='bbox 659 622 859 669; x_wconf 83' lang='lat' dir='ltr'><strong>causa;</strong></span> <span class='ocrx_word' id='word_1_30' title='bbox 896 606 989 659; x_wconf 89' lang='lat' dir='ltr'><strong>sed</strong></span> <span class='ocrx_word' id='word_1_31' title='bbox 1019 618 1191 670; x_wconf 87' lang='lat' dir='ltr'><strong>neque</strong></span> <span class='ocrx_word' id='word_1_32' title='bbox 1221 602 1387 667; x_wconf 84' lang='lat' dir='ltr'><strong>voluit</strong></span> <span class='ocrx_word' id='word_1_33' title='bbox 1412 602 1627 670; x_wconf 81' lang='lat' dir='ltr'><strong>quidem</strong></span> <span class='ocrx_word' id='word_1_34' title='bbox 1654 601 1809 654; x_wconf 77' lang='lat' dir='ltr'><strong>Pater</strong></span> <span class='ocrx_word' id='word_1_35' title='bbox 1832 614 2021 655; x_wconf 88' lang='lat' dir='ltr'><strong>creare</strong></span> 
     </span>
    </p>
   </div>
   <div class='ocr_carea' id='block_1_7' title="bbox 462 692 2018 762">
    <p class='ocr_par' dir='ltr' id='par_1_7' title="bbox 462 692 2018 762">
     <span class='ocr_line' id='line_1_7' title="bbox 462 692 2018 762; baseline -0.008 -6"><span class='ocrx_word' id='word_1_36' title='bbox 462 701 676 762; x_wconf 72' lang='lat' dir='ltr'><strong>Filium,</strong></span> <span class='ocrx_word' id='word_1_37' title='bbox 702 698 794 752; x_wconf 84' lang='lat' dir='ltr'><strong>sed</strong></span> <span class='ocrx_word' id='word_1_38' title='bbox 820 696 1118 750; x_wconf 75' lang='lat' dir='ltr'><strong>necessitas</strong></span> <span class='ocrx_word' id='word_1_39' title='bbox 1153 695 1265 762; x_wconf 83' lang='lat' dir='ltr'><strong>ipsa</strong></span> <span class='ocrx_word' id='word_1_40' title='bbox 1298 694 1468 757; x_wconf 92' lang='lat' dir='ltr'><strong>illum,</strong></span> <span class='ocrx_word' id='word_1_41' title='bbox 1496 700 1552 745; x_wconf 89' lang='lat' dir='ltr'><strong>ut</strong></span> <span class='ocrx_word' id='word_1_42' title='bbox 1587 693 1765 758; x_wconf 83' lang='lat' dir='ltr'><strong>vellet,</strong></span> <span class='ocrx_word' id='word_1_43' title='bbox 1801 692 1974 760; x_wconf 72' lang='lat' dir='ltr'><strong>coegit</strong></span> <span class='ocrx_word' id='word_1_44' title='bbox 2007 709 2018 744; x_wconf 92' lang='lat'><strong>:</strong></span> 
     </span>
    </p>
   </div>
   <div class='ocr_carea' id='block_1_8' title="bbox 460 784 2025 861">
    <p class='ocr_par' dir='ltr' id='par_1_8' title="bbox 460 784 2025 861">
     <span class='ocr_line' id='line_1_8' title="bbox 460 784 2025 861; baseline -0.008 -14"><span class='ocrx_word' id='word_1_45' title='bbox 460 802 626 860; x_wconf 77' lang='lat' dir='ltr'><strong>atque</strong></span> <span class='ocrx_word' id='word_1_46' title='bbox 658 790 731 844; x_wconf 88' lang='lat' dir='ltr'><strong>ita</strong></span> <span class='ocrx_word' id='word_1_47' title='bbox 763 804 827 843; x_wconf 77' lang='lat' dir='ltr'><strong>ex</strong></span> <span class='ocrx_word' id='word_1_48' title='bbox 866 788 1086 842; x_wconf 88' lang='lat' dir='ltr'><strong>illorum</strong></span> <span class='ocrx_word' id='word_1_49' title='bbox 1123 784 1282 861; x_wconf 63' lang='lat'><strong>1“</strong></span> <span class='ocrx_word' id='word_1_50' title='bbox 1312 784 1584 851; x_wconf 78' lang='lat' dir='ltr'><strong>Opinione,</strong></span> <span class='ocrx_word' id='word_1_51' title='bbox 1616 784 1755 837; x_wconf 86' lang='lat' dir='ltr'><strong>Deus</strong></span> <span class='ocrx_word' id='word_1_52' title='bbox 1788 784 1899 851; x_wconf 75' lang='lat' dir='ltr'><strong>ipse</strong></span> <span class='ocrx_word' id='word_1_53' title='bbox 1931 796 2025 836; x_wconf 88' lang='lat' dir='ltr'><strong>ne-</strong></span> 
     </span>
    </p>
   </div>
   <div class='ocr_carea' id='block_1_9' title="bbox 460 873 2024 947">
    <p class='ocr_par' dir='ltr' id='par_1_9' title="bbox 460 873 2024 947">
     <span class='ocr_line' id='line_1_9' title="bbox 460 873 2024 947; baseline -0.007 -10"><span class='ocrx_word' id='word_1_54' title='bbox 460 882 703 938; x_wconf 81' lang='lat' dir='ltr'><strong>cessitati</strong></span> <span class='ocrx_word' id='word_1_55' title='bbox 757 878 1033 947; x_wconf 79' lang='lat' dir='ltr'><strong>subjectus</strong></span> <span class='ocrx_word' id='word_1_56' title='bbox 1084 875 1203 929; x_wconf 82' lang='lat' dir='ltr'><strong>fuit.</strong></span> <span class='ocrx_word' id='word_1_57' title='bbox 1246 874 1502 944; x_wconf 72' lang='lat' dir='ltr'><strong>Apagesis</strong></span> <span class='ocrx_word' id='word_1_58' title='bbox 1536 875 1692 928; x_wconf 79' lang='lat' dir='ltr'><strong>istam</strong></span> <span class='ocrx_word' id='word_1_59' title='bbox 1738 873 2024 929; x_wconf 81' lang='lat' dir='ltr'><strong>ratiocina-</strong></span> 
     </span>
    </p>
   </div>
   <div class='ocr_carea' id='block_1_10' title="bbox 464 967 1069 1030">
    <p class='ocr_par' dir='ltr' id='par_1_10' title="bbox 464 967 1069 1030">
     <span class='ocr_line' id='line_1_10' title="bbox 464 967 1069 1030; baseline -0.013 -2"><span class='ocrx_word' id='word_1_60' title='bbox 464 973 625 1030; x_wconf 71' lang='lat' dir='ltr'><strong>tionh</strong></span> <span class='ocrx_word' id='word_1_61' title='bbox 652 967 1069 1026; x_wconf 78' lang='lat' dir='ltr'><strong>absurditateml</strong></span> 
     </span>
    </p>
   </div>
   <div class='ocr_carea' id='block_1_11' title="bbox 1122 1074 1349 1131">
    <p class='ocr_par' dir='ltr' id='par_1_11' title="bbox 1122 1074 1349 1131">
     <span class='ocr_line' id='line_1_11' title="bbox 1122 1074 1349 1131; baseline -0.013 0"><span class='ocrx_word' id='word_1_62' title='bbox 1122 1074 1349 1131; x_wconf 80' lang='lat' dir='ltr'><strong>ALIUD.</strong></span> 
     </span>
    </p>
   </div>
   <div class='ocr_carea' id='block_1_12' title="bbox 532 1165 2024 1242">
    <p class='ocr_par' dir='ltr' id='par_1_12' title="bbox 532 1165 2024 1242">
     <span class='ocr_line' id='line_1_12' title="bbox 532 1165 2024 1242; baseline -0.005 -15"><span class='ocrx_word' id='word_1_63' title='bbox 532 1172 590 1228; x_wconf 88' lang='lat' dir='ltr'><strong>Si</strong></span> <span class='ocrx_word' id='word_1_64' title='bbox 622 1180 842 1242; x_wconf 82' lang='lat' dir='ltr'><strong>propter</strong></span> <span class='ocrx_word' id='word_1_65' title='bbox 872 1185 972 1226; x_wconf 83' lang='lat' dir='ltr'><strong>nos</strong></span> <span class='ocrx_word' id='word_1_66' title='bbox 1016 1168 1209 1223; x_wconf 76' lang='lat' dir='ltr'><strong>Filium</strong></span> <span class='ocrx_word' id='word_1_67' title='bbox 1260 1168 1466 1223; x_wconf 83' lang='lat' dir='ltr'><strong>creavit</strong></span> <span class='ocrx_word' id='word_1_68' title='bbox 1507 1166 1699 1231; x_wconf 83' lang='lat' dir='ltr'><strong>Pater,</strong></span> <span class='ocrx_word' id='word_1_69' title='bbox 1743 1180 1867 1222; x_wconf 88' lang='lat' dir='ltr'><strong>cum</strong></span> <span class='ocrx_word' id='word_1_70' title='bbox 1913 1165 2024 1237; x_wconf 71' lang='lat' dir='ltr'><strong>jam</strong></span> 
     </span>
    </p>
   </div>
   <div class='ocr_carea' id='block_1_13' title="bbox 460 1260 2027 1331">
    <p class='ocr_par' dir='ltr' id='par_1_13' title="bbox 460 1260 2027 1331">
     <span class='ocr_line' id='line_1_13' title="bbox 460 1260 2027 1331; baseline -0.006 -11"><span class='ocrx_word' id='word_1_71' title='bbox 460 1266 658 1320; x_wconf 76' lang='lat' dir='ltr'><strong>factum</strong></span> <span class='ocrx_word' id='word_1_72' title='bbox 689 1266 757 1317; x_wconf 85' lang='lat' dir='ltr'><strong>sit</strong></span> <span class='ocrx_word' id='word_1_73' title='bbox 780 1272 941 1331; x_wconf 81' lang='lat' dir='ltr'><strong>atque</strong></span> <span class='ocrx_word' id='word_1_74' title='bbox 968 1260 1273 1317; x_wconf 83' lang='lat' dir='ltr'><strong>absolutum</strong></span> <span class='ocrx_word' id='word_1_75' title='bbox 1297 1276 1430 1329; x_wconf 84' lang='lat' dir='ltr'><strong>opus</strong></span> <span class='ocrx_word' id='word_1_76' title='bbox 1453 1260 1607 1327; x_wconf 75' lang='lat' dir='ltr'><strong>cuius</strong></span> <span class='ocrx_word' id='word_1_77' title='bbox 1632 1273 1793 1314; x_wconf 79' lang='lat' dir='ltr'><strong>causa</strong></span> <span class='ocrx_word' id='word_1_78' title='bbox 1815 1267 2027 1312; x_wconf 78' lang='lat' dir='ltr'><strong>creatus</strong></span> 
     </span>
    </p>
   </div>
   <div class='ocr_carea' id='block_1_14' title="bbox 461 1348 2025 1422">
    <p class='ocr_par' dir='ltr' id='par_1_14' title="bbox 461 1348 2025 1422">
     <span class='ocr_line' id='line_1_14' title="bbox 461 1348 2025 1422; baseline -0.004 -13"><span class='ocrx_word' id='word_1_79' title='bbox 461 1367 564 1416; x_wconf 75' lang='lat' dir='ltr'><strong>est.</strong></span> <span class='ocrx_word' id='word_1_80' title='bbox 603 1367 1034 1422; x_wconf 81' lang='lat' dir='ltr'><strong>supervacaneus</strong></span> <span class='ocrx_word' id='word_1_81' title='bbox 1071 1351 1325 1419; x_wconf 78' lang='lat' dir='ltr'><strong>deinceps</strong></span> <span class='ocrx_word' id='word_1_82' title='bbox 1364 1360 1447 1406; x_wconf 83' lang='lat' dir='ltr'><strong>est</strong></span> <span class='ocrx_word' id='word_1_83' title='bbox 1477 1350 1665 1414; x_wconf 84' lang='lat' dir='ltr'><strong>Filius,</strong></span> <span class='ocrx_word' id='word_1_84' title='bbox 1718 1358 1899 1417; x_wconf 87' lang='lat' dir='ltr'><strong>utpote</strong></span> <span class='ocrx_word' id='word_1_85' title='bbox 1922 1348 2025 1402; x_wconf 70' lang='lat' dir='ltr'><strong>“in-</strong></span> 
     </span>
    </p>
   </div>
   <div class='ocr_carea' id='block_1_15' title="bbox 462 1439 2026 1511">
    <p class='ocr_par' dir='ltr' id='par_1_15' title="bbox 462 1439 2026 1511">
     <span class='ocr_line' id='line_1_15' title="bbox 462 1439 2026 1511; baseline -0.004 -11"><span class='ocrx_word' id='word_1_86' title='bbox 462 1455 817 1500; x_wconf 85' lang='lat' dir='ltr'><strong>strumentum</strong></span> <span class='ocrx_word' id='word_1_87' title='bbox 858 1444 1002 1497; x_wconf 85' lang='lat' dir='ltr'><strong>illius</strong></span> <span class='ocrx_word' id='word_1_88' title='bbox 1036 1442 1218 1511; x_wconf 84' lang='lat' dir='ltr'><strong>operis</strong></span> <span class='ocrx_word' id='word_1_89' title='bbox 1246 1443 1357 1511; x_wconf 80' lang='lat' dir='ltr'><strong>jam</strong></span> <span class='ocrx_word' id='word_1_90' title='bbox 1391 1442 1643 1507; x_wconf 81' lang='lat' dir='ltr'><strong>absoluti,</strong></span> <span class='ocrx_word' id='word_1_91' title='bbox 1679 1439 1832 1507; x_wconf 83' lang='lat' dir='ltr'><strong>cujus</strong></span> <span class='ocrx_word' id='word_1_92' title='bbox 1865 1452 2026 1494; x_wconf 82' lang='lat' dir='ltr'><strong>causa</strong></span> 
     </span>
    </p>
   </div>
   <div class='ocr_carea' id='block_1_16' title="bbox 461 1536 796 1591">
    <p class='ocr_par' dir='ltr' id='par_1_16' title="bbox 461 1536 796 1591">
     <span class='ocr_line' id='line_1_16' title="bbox 461 1536 796 1591; baseline -0.006 -2"><span class='ocrx_word' id='word_1_93' title='bbox 461 1536 635 1591; x_wconf 74' lang='lat' dir='ltr'><strong>{actus</strong></span> <span class='ocrx_word' id='word_1_94' title='bbox 662 1544 796 1589; x_wconf 83' lang='lat' dir='ltr'><strong>erat.</strong></span> 
     </span>
    </p>
   </div>
   <div class='ocr_carea' id='block_1_17' title="bbox 847 1623 1657 1693">
    <p class='ocr_par' dir='ltr' id='par_1_17' title="bbox 847 1623 1657 1693">
     <span class='ocr_line' id='line_1_17' title="bbox 847 1623 1657 1693; baseline -0.004 -16"><span class='ocrx_word' id='word_1_95' title='bbox 847 1623 961 1677; x_wconf 76' lang='lat' dir='ltr'><strong>Alia</strong></span> <span class='ocrx_word' id='word_1_96' title='bbox 992 1624 1280 1693; x_wconf 75' lang='lat' dir='ltr'><strong>probabilia</strong></span> <span class='ocrx_word' id='word_1_97' title='bbox 1312 1623 1657 1676; x_wconf 76' lang='lat' dir='ltr'><strong>theoremata.</strong></span> 
     </span>
    </p>
   </div>
   <div class='ocr_carea' id='block_1_18' title="bbox 534 1712 2027 1784">
    <p class='ocr_par' dir='ltr' id='par_1_18' title="bbox 534 1712 2027 1784">
     <span class='ocr_line' id='line_1_18' title="bbox 534 1712 2027 1784; baseline -0.004 -14"><span class='ocrx_word' id='word_1_98' title='bbox 534 1716 590 1770; x_wconf 88' lang='lat' dir='ltr'><strong>Si</strong></span> <span class='ocrx_word' id='word_1_99' title='bbox 643 1715 800 1769; x_wconf 83' lang='lat' dir='ltr'><strong>Pater</strong></span> <span class='ocrx_word' id='word_1_100' title='bbox 848 1726 1067 1784; x_wconf 87' lang='lat' dir='ltr'><strong>propter</strong></span> <span class='ocrx_word' id='word_1_101' title='bbox 1121 1729 1219 1768; x_wconf 86' lang='lat' dir='ltr'><strong>nos</strong></span> <span class='ocrx_word' id='word_1_102' title='bbox 1256 1712 1449 1768; x_wconf 85' lang='lat' dir='ltr'><strong>Filium</strong></span> <span class='ocrx_word' id='word_1_103' title='bbox 1497 1713 1719 1775; x_wconf 85' lang='lat' dir='ltr'><strong>creavit,</strong></span> <span class='ocrx_word' id='word_1_104' title='bbox 1758 1713 1822 1765; x_wconf 91' lang='lat' dir='ltr'><strong>de</strong></span> <span class='ocrx_word' id='word_1_105' title='bbox 1870 1712 2027 1766; x_wconf 82' lang='lat' dir='ltr'><strong>nobis</strong></span> 
     </span>
    </p>
   </div>
   <div class='ocr_carea' id='block_1_19' title="bbox 460 1803 2025 1875">
    <p class='ocr_par' dir='ltr' id='par_1_19' title="bbox 460 1803 2025 1875">
     <span class='ocr_line' id='line_1_19' title="bbox 460 1803 2025 1875; baseline -0.003 -16"><span class='ocrx_word' id='word_1_106' title='bbox 460 1808 647 1875; x_wconf 80' lang='lat' dir='ltr'><strong>primis</strong></span> <span class='ocrx_word' id='word_1_107' title='bbox 679 1805 1017 1858; x_wconf 78' lang='lat' dir='ltr'><strong>deliberavit.</strong></span> <span class='ocrx_word' id='word_1_108' title='bbox 1054 1803 1108 1857; x_wconf 92' lang='lat' dir='ltr'><strong>Si</strong></span> <span class='ocrx_word' id='word_1_109' title='bbox 1145 1818 1273 1857; x_wconf 86' lang='lat' dir='ltr'><strong>vero</strong></span> <span class='ocrx_word' id='word_1_110' title='bbox 1292 1804 1407 1871; x_wconf 84' lang='lat' dir='ltr'><strong>ejus</strong></span> <span class='ocrx_word' id='word_1_111' title='bbox 1429 1804 1746 1857; x_wconf 81' lang='lat' dir='ltr'><strong>deliberatio</strong></span> <span class='ocrx_word' id='word_1_112' title='bbox 1766 1804 1906 1855; x_wconf 83' lang='lat' dir='ltr'><strong>circa</strong></span> <span class='ocrx_word' id='word_1_113' title='bbox 1931 1816 2025 1854; x_wconf 89' lang='lat' dir='ltr'><strong>nos</strong></span> 
     </span>
    </p>
   </div>
   <div class='ocr_carea' id='block_1_20' title="bbox 462 1891 2024 1963">
    <p class='ocr_par' dir='ltr' id='par_1_20' title="bbox 462 1891 2024 1963">
     <span class='ocr_line' id='line_1_20' title="bbox 462 1891 2024 1963; baseline -0.004 -16"><span class='ocrx_word' id='word_1_114' title='bbox 462 1894 663 1963; x_wconf 86' lang='lat' dir='ltr'><strong>primos</strong></span> <span class='ocrx_word' id='word_1_115' title='bbox 689 1903 899 1946; x_wconf 85' lang='lat' dir='ltr'><strong>versata</strong></span> <span class='ocrx_word' id='word_1_116' title='bbox 930 1902 1034 1956; x_wconf 77' lang='lat' dir='ltr'><strong>est,</strong></span> <span class='ocrx_word' id='word_1_117' title='bbox 1070 1893 1419 1960; x_wconf 82' lang='lat' dir='ltr'><strong>quamobrem</strong></span> <span class='ocrx_word' id='word_1_118' title='bbox 1475 1891 1561 1943; x_wconf 89' lang='lat' dir='ltr'><strong>ille</strong></span> <span class='ocrx_word' id='word_1_119' title='bbox 1592 1902 1715 1943; x_wconf 87' lang='lat' dir='ltr'><strong>ante</strong></span> <span class='ocrx_word' id='word_1_120' title='bbox 1756 1906 1850 1944; x_wconf 73' lang='lat' dir='ltr'><strong>nos</strong></span> <span class='ocrx_word' id='word_1_121' title='bbox 1880 1904 2024 1942; x_wconf 83' lang='lat' dir='ltr'><strong>crea-</strong></span> 
     </span>
    </p>
   </div>
   <div class='ocr_carea' id='block_1_21' title="bbox 464 1978 2028 2053">
    <p class='ocr_par' dir='ltr' id='par_1_21' title="bbox 464 1978 2028 2053">
     <span class='ocr_line' id='line_1_21' title="bbox 464 1978 2028 2053; baseline -0.004 -16"><span class='ocrx_word' id='word_1_122' title='bbox 464 1994 568 2049; x_wconf 89' lang='lat' dir='ltr'><strong>tur,</strong></span> <span class='ocrx_word' id='word_1_123' title='bbox 604 1985 692 2053; x_wconf 89' lang='lat' dir='ltr'><strong>qui</strong></span> <span class='ocrx_word' id='word_1_124' title='bbox 726 1985 777 2037; x_wconf 90' lang='lat' dir='ltr'><strong>in</strong></span> <span class='ocrx_word' id='word_1_125' title='bbox 825 1982 1054 2037; x_wconf 90' lang='lat' dir='ltr'><strong>consilio</strong></span> <span class='ocrx_word' id='word_1_126' title='bbox 1094 1990 1149 2035; x_wconf 90' lang='lat' dir='ltr'><strong>et</strong></span> <span class='ocrx_word' id='word_1_127' title='bbox 1196 1981 1582 2035; x_wconf 69' lang='lat' dir='ltr'><strong>deliberatione</strong></span> <span class='ocrx_word' id='word_1_128' title='bbox 1616 1992 1734 2033; x_wconf 90' lang='lat' dir='ltr'><strong>erat</strong></span> <span class='ocrx_word' id='word_1_129' title='bbox 1765 1978 2028 2033; x_wconf 74' lang='lat' dir='ltr'><strong>ultimus?</strong></span> 
     </span>
    </p>
   </div>
   <div class='ocr_carea' id='block_1_22' title="bbox 460 2070 2028 2141">
    <p class='ocr_par' dir='ltr' id='par_1_22' title="bbox 460 2070 2028 2141">
     <span class='ocr_line' id='line_1_22' title="bbox 460 2070 2028 2141; baseline -0.003 -14"><span class='ocrx_word' id='word_1_130' title='bbox 460 2074 566 2127; x_wconf 75' lang='lat' dir='ltr'><strong>Aut</strong></span> <span class='ocrx_word' id='word_1_131' title='bbox 594 2089 712 2138; x_wconf 89' lang='lat' dir='ltr'><strong>cur,</strong></span> <span class='ocrx_word' id='word_1_132' title='bbox 749 2088 869 2127; x_wconf 91' lang='lat' dir='ltr'><strong>cum</strong></span> <span class='ocrx_word' id='word_1_133' title='bbox 900 2073 1049 2127; x_wconf 87' lang='lat' dir='ltr'><strong>Illum</strong></span> <span class='ocrx_word' id='word_1_134' title='bbox 1080 2074 1310 2141; x_wconf 89' lang='lat' dir='ltr'><strong>primum</strong></span> <span class='ocrx_word' id='word_1_135' title='bbox 1337 2074 1559 2135; x_wconf 83' lang='lat' dir='ltr'><strong>creavit,</strong></span> <span class='ocrx_word' id='word_1_136' title='bbox 1591 2086 1695 2124; x_wconf 92' lang='lat' dir='ltr'><strong>non</strong></span> <span class='ocrx_word' id='word_1_137' title='bbox 1729 2072 1889 2125; x_wconf 87' lang='lat' dir='ltr'><strong>etiam</strong></span> <span class='ocrx_word' id='word_1_138' title='bbox 1919 2070 2028 2138; x_wconf 87' lang='lat' dir='ltr'><strong>pri—</strong></span> 
     </span>
    </p>
   </div>
   <div class='ocr_carea' id='block_1_23' title="bbox 462 2161 2029 2232">
    <p class='ocr_par' dir='ltr' id='par_1_23' title="bbox 462 2161 2029 2232">
     <span class='ocr_line' id='line_1_23' title="bbox 462 2161 2029 2232; baseline -0.002 -13"><span class='ocrx_word' id='word_1_139' title='bbox 462 2181 550 2220; x_wconf 92' lang='lat' dir='ltr'><strong>mo</strong></span> <span class='ocrx_word' id='word_1_140' title='bbox 576 2166 642 2221; x_wconf 91' lang='lat' dir='ltr'><strong>de</strong></span> <span class='ocrx_word' id='word_1_141' title='bbox 679 2166 771 2220; x_wconf 90' lang='lat' dir='ltr'><strong>illo</strong></span> <span class='ocrx_word' id='word_1_142' title='bbox 808 2163 1163 2219; x_wconf 80' lang='lat' dir='ltr'><strong>deliberavit?</strong></span> <span class='ocrx_word' id='word_1_143' title='bbox 1194 2179 1364 2232; x_wconf 88' lang='lat' dir='ltr'><strong>quare</strong></span> <span class='ocrx_word' id='word_1_144' title='bbox 1394 2165 1557 2218; x_wconf 89' lang='lat' dir='ltr'><strong>etiam</strong></span> <span class='ocrx_word' id='word_1_145' title='bbox 1603 2178 1725 2217; x_wconf 91' lang='lat' dir='ltr'><strong>cum</strong></span> <span class='ocrx_word' id='word_1_146' title='bbox 1776 2162 1840 2216; x_wconf 91' lang='lat' dir='ltr'><strong>de</strong></span> <span class='ocrx_word' id='word_1_147' title='bbox 1876 2161 2029 2216; x_wconf 84' lang='lat' dir='ltr'><strong>nobis</strong></span> 
     </span>
    </p>
   </div>
   <div class='ocr_carea' id='block_1_24' title="bbox 461 2251 2025 2325">
    <p class='ocr_par' dir='ltr' id='par_1_24' title="bbox 461 2251 2025 2325">
     <span class='ocr_line' id='line_1_24' title="bbox 461 2251 2025 2325; baseline -0.003 -15"><span class='ocrx_word' id='word_1_148' title='bbox 461 2256 689 2323; x_wconf 91' lang='lat' dir='ltr'><strong>primum</strong></span> <span class='ocrx_word' id='word_1_149' title='bbox 718 2255 990 2325; x_wconf 75' lang='lat' dir='ltr'><strong>cogitarit,</strong></span> <span class='ocrx_word' id='word_1_150' title='bbox 1020 2253 1167 2307; x_wconf 91' lang='lat' dir='ltr'><strong>illum</strong></span> <span class='ocrx_word' id='word_1_151' title='bbox 1197 2254 1410 2323; x_wconf 86' lang='lat' dir='ltr'><strong>quidem</strong></span> <span class='ocrx_word' id='word_1_152' title='bbox 1447 2251 1639 2308; x_wconf 82' lang='lat' dir='ltr'><strong>Filium</strong></span> <span class='ocrx_word' id='word_1_153' title='bbox 1666 2262 1718 2305; x_wconf 89' lang='lat' dir='ltr'><strong>et</strong></span> <span class='ocrx_word' id='word_1_154' title='bbox 1762 2251 2025 2305; x_wconf 75' lang='lat' dir='ltr'><strong>haeredem</strong></span> 
     </span>
    </p>
   </div>
   <div class='ocr_carea' id='block_1_25' title="bbox 460 2341 2027 2410">
    <p class='ocr_par' dir='ltr' id='par_1_25' title="bbox 460 2341 2027 2410">
     <span class='ocr_line' id='line_1_25' title="bbox 460 2341 2027 2410; baseline -0.001 -12"><span class='ocrx_word' id='word_1_155' title='bbox 460 2355 638 2409; x_wconf 86' lang='lat' dir='ltr'><strong>vocat,</strong></span> <span class='ocrx_word' id='word_1_156' title='bbox 672 2360 769 2399; x_wconf 85' lang='lat' dir='ltr'><strong>nos</strong></span> <span class='ocrx_word' id='word_1_157' title='bbox 803 2352 979 2399; x_wconf 85' lang='lat' dir='ltr'><strong>autem</strong></span> <span class='ocrx_word' id='word_1_158' title='bbox 1022 2357 1230 2405; x_wconf 77' lang='lat' dir='ltr'><strong>servos,</strong></span> <span class='ocrx_word' id='word_1_159' title='bbox 1273 2352 1327 2397; x_wconf 90' lang='lat' dir='ltr'><strong>et</strong></span> <span class='ocrx_word' id='word_1_160' title='bbox 1359 2345 1723 2398; x_wconf 67' lang='lat' dir='ltr'><strong>haareditatem</strong></span> <span class='ocrx_word' id='word_1_161' title='bbox 1771 2341 1912 2395; x_wconf 86' lang='lat' dir='ltr'><strong>illius</strong></span> <span class='ocrx_word' id='word_1_162' title='bbox 1938 2343 2027 2410; x_wconf 90' lang='lat' dir='ltr'><strong>qui</strong></span> 
     </span>
    </p>
   </div>
   <div class='ocr_carea' id='block_1_26' title="bbox 460 2434 2023 2505">
    <p class='ocr_par' dir='ltr' id='par_1_26' title="bbox 460 2434 2023 2505">
     <span class='ocr_line' id='line_1_26' title="bbox 460 2434 2023 2505; baseline -0.001 -18"><span class='ocrx_word' id='word_1_163' title='bbox 460 2446 678 2505; x_wconf 86' lang='lat' dir='ltr'><strong>propter</strong></span> <span class='ocrx_word' id='word_1_164' title='bbox 709 2450 806 2489; x_wconf 90' lang='lat' dir='ltr'><strong>nos</strong></span> <span class='ocrx_word' id='word_1_165' title='bbox 839 2434 1014 2489; x_wconf 81' lang='lat' dir='ltr'><strong>iactus</strong></span> <span class='ocrx_word' id='word_1_166' title='bbox 1040 2435 1163 2490; x_wconf 85' lang='lat' dir='ltr'><strong>est?</strong></span> <span class='ocrx_word' id='word_1_167' title='bbox 1186 2434 1478 2501; x_wconf 85' lang='lat' dir='ltr'><strong>Oportebat</strong></span> <span class='ocrx_word' id='word_1_168' title='bbox 1501 2434 1643 2488; x_wconf 90' lang='lat' dir='ltr'><strong>enim</strong></span> <span class='ocrx_word' id='word_1_169' title='bbox 1676 2450 1704 2487; x_wconf 89' lang='lat' dir='ltr'><strong>e</strong></span> <span class='ocrx_word' id='word_1_170' title='bbox 1730 2435 2023 2498; x_wconf 88' lang='lat' dir='ltr'><strong>contrario,</strong></span> 
     </span>
    </p>
   </div>
   <div class='ocr_carea' id='block_1_27' title="bbox 458 2526 2026 2595">
    <p class='ocr_par' dir='ltr' id='par_1_27' title="bbox 458 2526 2026 2595">
     <span class='ocr_line' id='line_1_27' title="bbox 458 2526 2026 2595; baseline -0.002 -15"><span class='ocrx_word' id='word_1_171' title='bbox 458 2541 556 2580; x_wconf 78' lang='lat' dir='ltr'><strong>nos</strong></span> <span class='ocrx_word' id='word_1_172' title='bbox 581 2527 792 2595; x_wconf 84' lang='lat' dir='ltr'><strong>quidem</strong></span> <span class='ocrx_word' id='word_1_173' title='bbox 849 2526 986 2579; x_wconf 77' lang='lat' dir='ltr'><strong>ﬁlios</strong></span> <span class='ocrx_word' id='word_1_174' title='bbox 1034 2534 1088 2579; x_wconf 89' lang='lat' dir='ltr'><strong>et</strong></span> <span class='ocrx_word' id='word_1_175' title='bbox 1134 2526 1377 2581; x_wconf 69' lang='lat' dir='ltr'><strong>haaredcs</strong></span> <span class='ocrx_word' id='word_1_176' title='bbox 1420 2540 1563 2591; x_wconf 89' lang='lat' dir='ltr'><strong>esse,</strong></span> <span class='ocrx_word' id='word_1_177' title='bbox 1616 2526 2026 2578; x_wconf 84' lang='lat' dir='ltr'><strong>instrumentum</strong></span> 
     </span>
    </p>
   </div>
   <div class='ocr_carea' id='block_1_28' title="bbox 460 2616 2029 2685">
    <p class='ocr_par' dir='ltr' id='par_1_28' title="bbox 460 2616 2029 2685">
     <span class='ocr_line' id='line_1_28' title="bbox 460 2616 2029 2685; baseline 0.001 -17"><span class='ocrx_word' id='word_1_178' title='bbox 460 2630 589 2669; x_wconf 85' lang='lat' dir='ltr'><strong>vero</strong></span> <span class='ocrx_word' id='word_1_179' title='bbox 631 2627 829 2671; x_wconf 64' lang='lat' dir='ltr'><strong>nostra</strong></span> <span class='ocrx_word' id='word_1_180' title='bbox 862 2616 1103 2680; x_wconf 63' lang='lat' dir='ltr'><strong>farturae,</strong></span> <span class='ocrx_word' id='word_1_181' title='bbox 1141 2618 1282 2685; x_wconf 81' lang='lat' dir='ltr'><strong>quod</strong></span> <span class='ocrx_word' id='word_1_182' title='bbox 1319 2631 1528 2685; x_wconf 88' lang='lat' dir='ltr'><strong>quoque</strong></span> <span class='ocrx_word' id='word_1_183' title='bbox 1559 2626 1776 2683; x_wconf 85' lang='lat' dir='ltr'><strong>propter</strong></span> <span class='ocrx_word' id='word_1_184' title='bbox 1808 2631 1905 2670; x_wconf 88' lang='lat' dir='ltr'><strong>nos</strong></span> <span class='ocrx_word' id='word_1_185' title='bbox 1950 2616 2029 2670; x_wconf 83' lang='lat' dir='ltr'><strong>fa-</strong></span> 
     </span>
    </p>
   </div>
   <div class='ocr_carea' id='block_1_29' title="bbox 458 2706 2030 2775">
    <p class='ocr_par' dir='ltr' id='par_1_29' title="bbox 458 2706 2030 2775">
     <span class='ocr_line' id='line_1_29' title="bbox 458 2706 2030 2775; baseline 0.001 -16"><span class='ocrx_word' id='word_1_186' title='bbox 458 2716 601 2759; x_wconf 84' lang='lat' dir='ltr'><strong>ctum</strong></span> <span class='ocrx_word' id='word_1_187' title='bbox 621 2717 724 2768; x_wconf 77' lang='lat' dir='ltr'><strong>est,</strong></span> <span class='ocrx_word' id='word_1_188' title='bbox 746 2723 956 2759; x_wconf 85' lang='lat' dir='ltr'><strong>servum</strong></span> <span class='ocrx_word' id='word_1_189' title='bbox 983 2722 1101 2761; x_wconf 88' lang='lat' dir='ltr'><strong>esse</strong></span> <span class='ocrx_word' id='word_1_190' title='bbox 1133 2708 1392 2775; x_wconf 76' lang='lat' dir='ltr'><strong>nobisque</strong></span> <span class='ocrx_word' id='word_1_191' title='bbox 1420 2708 1753 2761; x_wconf 79' lang='lat' dir='ltr'><strong>inferiorem.</strong></span> <span class='ocrx_word' id='word_1_192' title='bbox 1777 2706 2030 2761; x_wconf 81' lang='lat' dir='ltr'><strong>Facessat</strong></span> 
     </span>
    </p>
   </div>
   <div class='ocr_carea' id='block_1_30' title="bbox 456 2795 1189 2863">
    <p class='ocr_par' dir='ltr' id='par_1_30' title="bbox 456 2795 1189 2863">
     <span class='ocr_line' id='line_1_30' title="bbox 456 2795 1189 2863; baseline 0.007 -15"><span class='ocrx_word' id='word_1_193' title='bbox 456 2797 686 2850; x_wconf 80' lang='lat' dir='ltr'><strong>absurda</strong></span> <span class='ocrx_word' id='word_1_194' title='bbox 716 2795 973 2863; x_wconf 85' lang='lat' dir='ltr'><strong>ejusmodi</strong></span> <span class='ocrx_word' id='word_1_195' title='bbox 1018 2798 1189 2853; x_wconf 80' lang='lat' dir='ltr'><strong>ratio!</strong></span> 
     </span>
    </p>
   </div>
   <div class='ocr_carea' id='block_1_31' title="bbox 736 2905 1745 2977">
    <p class='ocr_par' dir='ltr' id='par_1_31' title="bbox 736 2905 1745 2977">
     <span class='ocr_line' id='line_1_31' title="bbox 736 2905 1745 2977; baseline 0.003 -19"><span class='ocrx_word' id='word_1_196' title='bbox 736 2905 1008 2976; x_wconf 70' lang='lat' dir='ltr'><strong>Expositio</strong></span> <span class='ocrx_word' id='word_1_197' title='bbox 1040 2920 1189 2963; x_wconf 77' lang='lat' dir='ltr'><strong>recta:</strong></span> <span class='ocrx_word' id='word_1_198' title='bbox 1218 2911 1489 2963; x_wconf 72' lang='lat' dir='ltr'><strong>sententia:</strong></span> <span class='ocrx_word' id='word_1_199' title='bbox 1514 2918 1561 2961; x_wconf 89' lang='lat' dir='ltr'><strong>et</strong></span> <span class='ocrx_word' id='word_1_200' title='bbox 1598 2908 1745 2977; x_wconf 77' lang='lat' dir='ltr'><strong>ﬁdei.</strong></span> 
     </span>
    </p>
   </div>
   <div class='ocr_carea' id='block_1_32' title="bbox 528 3018 2028 3088">
    <p class='ocr_par' dir='ltr' id='par_1_32' title="bbox 528 3018 2028 3088">
     <span class='ocr_line' id='line_1_32' title="bbox 528 3018 2028 3088; baseline 0.001 -14"><span class='ocrx_word' id='word_1_201' title='bbox 528 3018 702 3074; x_wconf 81' lang='lat' dir='ltr'><strong>Filius</strong></span> <span class='ocrx_word' id='word_1_202' title='bbox 737 3034 1076 3088; x_wconf 84' lang='lat' dir='ltr'><strong>nequaquam</strong></span> <span class='ocrx_word' id='word_1_203' title='bbox 1113 3030 1332 3088; x_wconf 89' lang='lat' dir='ltr'><strong>propter</strong></span> <span class='ocrx_word' id='word_1_204' title='bbox 1362 3035 1458 3074; x_wconf 88' lang='lat' dir='ltr'><strong>nos</strong></span> <span class='ocrx_word' id='word_1_205' title='bbox 1492 3020 1666 3073; x_wconf 76' lang='lat' dir='ltr'><strong>factus</strong></span> <span class='ocrx_word' id='word_1_206' title='bbox 1706 3029 1805 3084; x_wconf 87' lang='lat' dir='ltr'><strong>est,</strong></span> <span class='ocrx_word' id='word_1_207' title='bbox 1839 3022 1928 3073; x_wconf 88' lang='lat' dir='ltr'><strong>sed</strong></span> <span class='ocrx_word' id='word_1_208' title='bbox 1962 3036 2028 3075; x_wconf 90' lang='lat' dir='ltr'><strong>ne</strong></span> 
     </span>
    </p>
   </div>
   <div class='ocr_carea' id='block_1_33' title="bbox 457 3109 2027 3179">
    <p class='ocr_par' dir='ltr' id='par_1_33' title="bbox 457 3109 2027 3179">
     <span class='ocr_line' id='line_1_33' title="bbox 457 3109 2027 3179; baseline 0.001 -15"><span class='ocrx_word' id='word_1_209' title='bbox 457 3113 628 3165; x_wconf 81' lang='lat' dir='ltr'><strong>factus</strong></span> <span class='ocrx_word' id='word_1_210' title='bbox 663 3111 875 3179; x_wconf 70' lang='lat' dir='ltr'><strong>quidem</strong></span> <span class='ocrx_word' id='word_1_211' title='bbox 916 3112 1140 3165; x_wconf 89' lang='lat' dir='ltr'><strong>omnino</strong></span> <span class='ocrx_word' id='word_1_212' title='bbox 1188 3120 1293 3165; x_wconf 88' lang='lat' dir='ltr'><strong>est.</strong></span> <span class='ocrx_word' id='word_1_213' title='bbox 1339 3109 1473 3163; x_wconf 84' lang='lat' dir='ltr'><strong>Nam</strong></span> <span class='ocrx_word' id='word_1_214' title='bbox 1506 3110 1718 3167; x_wconf 81' lang='lat' dir='ltr'><strong>etiamsi</strong></span> <span class='ocrx_word' id='word_1_215' title='bbox 1748 3118 2027 3165; x_wconf 84' lang='lat' dir='ltr'><strong>creaturas</strong></span> 
     </span>
    </p>
   </div>
   <div class='ocr_carea' id='block_1_34' title="bbox 453 3182 2093 3274">
    <p class='ocr_par' dir='ltr' id='par_1_34' title="bbox 453 3182 2093 3274">
     <span class='ocr_line' id='line_1_34' title="bbox 453 3182 2093 3274; baseline -0.001 -18"><span class='ocrx_word' id='word_1_216' title='bbox 453 3204 750 3274; x_wconf 88' lang='lat' dir='ltr'><strong>producere</strong></span> <span class='ocrx_word' id='word_1_217' title='bbox 774 3201 933 3256; x_wconf 86' lang='lat' dir='ltr'><strong>Pater</strong></span> <span class='ocrx_word' id='word_1_218' title='bbox 968 3200 1229 3255; x_wconf 88' lang='lat' dir='ltr'><strong>noluisset</strong></span> <span class='ocrx_word' id='word_1_219' title='bbox 1255 3242 1270 3266; x_wconf 91' lang='lat'><strong>,</strong></span> <span class='ocrx_word' id='word_1_220' title='bbox 1312 3219 1330 3253; x_wconf 80' lang='grc' dir='ltr'>ι</span> <span class='ocrx_word' id='word_1_221' title='bbox 1364 3211 1482 3257; x_wconf 90' lang='lat' dir='ltr'><strong>erat</strong></span> <span class='ocrx_word' id='word_1_222' title='bbox 1525 3199 1760 3255; x_wconf 84' lang='lat' dir='ltr'><strong>Verbum</strong></span> <span class='ocrx_word' id='word_1_223' title='bbox 1803 3201 1854 3254; x_wconf 92' lang='lat' dir='ltr'><strong>in</strong></span> <span class='ocrx_word' id='word_1_224' title='bbox 1888 3202 2018 3268; x_wconf 89' lang='lat' dir='ltr'><strong>ipso,</strong></span> <span class='ocrx_word' id='word_1_225' title='bbox 2050 3182 2093 3240; x_wconf 70' lang='grc' dir='ltr'>ο</span> 
     </span>
    </p>
   </div>
   <div class='ocr_carea' id='block_1_35' title="bbox 454 3290 2025 3358">
    <p class='ocr_par' dir='ltr' id='par_1_35' title="bbox 454 3290 2025 3358">
     <span class='ocr_line' id='line_1_35' title="bbox 454 3290 2025 3358; baseline -0.003 -11"><span class='ocrx_word' id='word_1_226' title='bbox 454 3301 509 3347; x_wconf 80' lang='lat' dir='ltr'><strong>et</strong></span> <span class='ocrx_word' id='word_1_227' title='bbox 552 3290 692 3349; x_wconf 78' lang='lat' dir='ltr'><strong>Deus</strong></span> <span class='ocrx_word' id='word_1_228' title='bbox 730 3302 847 3345; x_wconf 89' lang='lat' dir='ltr'><strong>erat</strong></span> <span class='ocrx_word' id='word_1_229' title='bbox 882 3290 1110 3345; x_wconf 78' lang='lat' dir='ltr'><strong>Verbum</strong></span> <span class='ocrx_word' id='word_1_230' title='bbox 1138 3330 1152 3355; x_wconf 90' lang='lat'><strong>,</strong></span> <span class='ocrx_word' id='word_1_231' title='bbox 1193 3308 1212 3341; x_wconf 74' lang='grc' dir='ltr'>ι</span> <span class='ocrx_word' id='word_1_232' title='bbox 1260 3290 1711 3358; x_wconf 84' lang='lat' dir='ltr'><strong>quemadmodum</strong></span> <span class='ocrx_word' id='word_1_233' title='bbox 1766 3291 2025 3358; x_wconf 88' lang='lat' dir='ltr'><strong>scriptum</strong></span> 
     </span>
    </p>
   </div>
   <div class='ocr_carea' id='block_1_36' title="bbox 453 3383 2023 3451">
    <p class='ocr_par' dir='ltr' id='par_1_36' title="bbox 453 3383 2023 3451">
     <span class='ocr_line' id='line_1_36' title="bbox 453 3383 2023 3451; baseline -0.001 -14"><span class='ocrx_word' id='word_1_234' title='bbox 453 3392 537 3437; x_wconf 74' lang='lat' dir='ltr'><strong>est</strong></span> <span class='ocrx_word' id='word_1_235' title='bbox 562 3383 715 3436; x_wconf 81' lang='lat' dir='ltr'><strong>“.Ea</strong></span> <span class='ocrx_word' id='word_1_236' title='bbox 739 3392 1048 3451; x_wconf 75' lang='lat' dir='ltr'><strong>tamenqua:</strong></span> <span class='ocrx_word' id='word_1_237' title='bbox 1073 3391 1257 3435; x_wconf 89' lang='lat' dir='ltr'><strong>creata</strong></span> <span class='ocrx_word' id='word_1_238' title='bbox 1291 3393 1438 3445; x_wconf 85' lang='lat' dir='ltr'><strong>sunt,</strong></span> <span class='ocrx_word' id='word_1_239' title='bbox 1473 3383 1694 3437; x_wconf 93' lang='lat' dir='ltr'><strong>omnino</strong></span> <span class='ocrx_word' id='word_1_240' title='bbox 1730 3396 1823 3449; x_wconf 89' lang='lat' dir='ltr'><strong>per</strong></span> <span class='ocrx_word' id='word_1_241' title='bbox 1853 3384 2023 3451; x_wconf 86' lang='lat' dir='ltr'><strong>ipsum</strong></span> 
     </span>
    </p>
   </div>
   <div class='ocr_carea' id='block_1_37' title="bbox 456 3470 2027 3541">
    <p class='ocr_par' dir='ltr' id='par_1_37' title="bbox 456 3470 2027 3541">
     <span class='ocr_line' id='line_1_37' title="bbox 456 3470 2027 3541; baseline -0.001 -14"><span class='ocrx_word' id='word_1_242' title='bbox 456 3472 570 3528; x_wconf 81' lang='lat' dir='ltr'><strong>ﬂeri</strong></span> <span class='ocrx_word' id='word_1_243' title='bbox 600 3473 903 3541; x_wconf 88' lang='lat' dir='ltr'><strong>oportebat.</strong></span> <span class='ocrx_word' id='word_1_244' title='bbox 940 3470 1074 3525; x_wconf 83' lang='lat' dir='ltr'><strong>Nam</strong></span> <span class='ocrx_word' id='word_1_245' title='bbox 1104 3472 1245 3527; x_wconf 87' lang='lat' dir='ltr'><strong>sicut</strong></span> <span class='ocrx_word' id='word_1_246' title='bbox 1287 3472 1465 3525; x_wconf 91' lang='lat' dir='ltr'><strong>lumen</strong></span> <span class='ocrx_word' id='word_1_247' title='bbox 1517 3473 1673 3525; x_wconf 90' lang='lat' dir='ltr'><strong>aliter</strong></span> <span class='ocrx_word' id='word_1_248' title='bbox 1723 3473 2027 3527; x_wconf 84' lang='lat' dir='ltr'><strong>illuminare</strong></span> 
     </span>
    </p>
   </div>
   <div class='ocr_carea' id='block_1_38' title="bbox 455 3564 2024 3634">
    <p class='ocr_par' dir='ltr' id='par_1_38' title="bbox 455 3564 2024 3634">
     <span class='ocr_line' id='line_1_38' title="bbox 455 3564 2024 3634; baseline -0.002 -15"><span class='ocrx_word' id='word_1_249' title='bbox 455 3576 559 3619; x_wconf 82' lang='lat' dir='ltr'><strong>tt&#39;on</strong></span> <span class='ocrx_word' id='word_1_250' title='bbox 612 3573 806 3633; x_wconf 87' lang='lat' dir='ltr'><strong>potest,</strong></span> <span class='ocrx_word' id='word_1_251' title='bbox 842 3565 940 3618; x_wconf 87' lang='lat' dir='ltr'><strong>nisi</strong></span> <span class='ocrx_word' id='word_1_252' title='bbox 983 3579 1075 3633; x_wconf 86' lang='lat' dir='ltr'><strong>per</strong></span> <span class='ocrx_word' id='word_1_253' title='bbox 1103 3580 1257 3619; x_wconf 89' lang='lat' dir='ltr'><strong>suum</strong></span> <span class='ocrx_word' id='word_1_254' title='bbox 1309 3564 1651 3634; x_wconf 83' lang='lat' dir='ltr'><strong>splendorem</strong></span> <span class='ocrx_word' id='word_1_255' title='bbox 1706 3583 1718 3617; x_wconf 94' lang='lat'>:</span> <span class='ocrx_word' id='word_1_256' title='bbox 1768 3564 1839 3617; x_wconf 88' lang='lat' dir='ltr'><strong>ita</strong></span> <span class='ocrx_word' id='word_1_257' title='bbox 1893 3564 2024 3618; x_wconf 90' lang='lat' dir='ltr'><strong>nihil</strong></span> 
     </span>
    </p>
   </div>
   <div class='ocr_carea' id='block_1_39' title="bbox 451 3653 2019 3726">
    <p class='ocr_par' dir='ltr' id='par_1_39' title="bbox 451 3653 2019 3726">
     <span class='ocr_line' id='line_1_39' title="bbox 451 3653 2019 3726; baseline -0.001 -16"><span class='ocrx_word' id='word_1_258' title='bbox 451 3665 635 3710; x_wconf 69' lang='lat' dir='ltr'><strong>mrum</strong></span> <span class='ocrx_word' id='word_1_259' title='bbox 681 3671 799 3725; x_wconf 65' lang='lat' dir='ltr'><strong>quae</strong></span> <span class='ocrx_word' id='word_1_260' title='bbox 873 3666 995 3710; x_wconf 87' lang='lat' dir='ltr'><strong>sunt</strong></span> <span class='ocrx_word' id='word_1_261' title='bbox 1043 3669 1294 3726; x_wconf 79' lang='lat' dir='ltr'><strong>operatur</strong></span> <span class='ocrx_word' id='word_1_262' title='bbox 1336 3653 1517 3721; x_wconf 84' lang='lat' dir='ltr'><strong>Pater,</strong></span> <span class='ocrx_word' id='word_1_263' title='bbox 1572 3656 1672 3709; x_wconf 83' lang='lat' dir='ltr'><strong>nisi</strong></span> <span class='ocrx_word' id='word_1_264' title='bbox 1726 3670 1820 3723; x_wconf 85' lang='lat' dir='ltr'><strong>per</strong></span> <span class='ocrx_word' id='word_1_265' title='bbox 1866 3672 2019 3708; x_wconf 87' lang='lat' dir='ltr'><strong>suum</strong></span> 
     </span>
    </p>
   </div>
   <div class='ocr_carea' id='block_1_40' title="bbox 457 3747 2021 3815">
    <p class='ocr_par' dir='ltr' id='par_1_40' title="bbox 457 3747 2021 3815">
     <span class='ocr_line' id='line_1_40' title="bbox 457 3747 2021 3815; baseline -0.003 -13"><span class='ocrx_word' id='word_1_266' title='bbox 457 3748 711 3802; x_wconf 79' lang='lat' dir='ltr'><strong>Verbum.</strong></span> <span class='ocrx_word' id='word_1_267' title='bbox 742 3766 760 3800; x_wconf 80' lang='grc' dir='ltr'>ι</span> <span class='ocrx_word' id='word_1_268' title='bbox 786 3748 975 3803; x_wconf 75' lang='lat' dir='ltr'><strong>Omnia</strong></span> <span class='ocrx_word' id='word_1_269' title='bbox 1000 3748 1165 3811; x_wconf 88' lang='lat' dir='ltr'><strong>enim,</strong></span> <span class='ocrx_word' id='word_1_270' title='bbox 1195 3748 1366 3815; x_wconf 87' lang='lat' dir='ltr'><strong>inquit</strong></span> <span class='ocrx_word' id='word_1_271' title='bbox 1394 3747 1692 3815; x_wconf 87' lang='lat' dir='ltr'><strong>Scriptura,</strong></span> <span class='ocrx_word' id='word_1_272' title='bbox 1726 3761 1817 3814; x_wconf 90' lang='lat' dir='ltr'><strong>per</strong></span> <span class='ocrx_word' id='word_1_273' title='bbox 1850 3748 2021 3814; x_wconf 85' lang='lat' dir='ltr'><strong>ipsum</strong></span> 
     </span>
    </p>
   </div>
   <div class='ocr_carea' id='block_1_41' title="bbox 452 3836 2022 3907">
    <p class='ocr_par' dir='ltr' id='par_1_41' title="bbox 452 3836 2022 3907">
     <span class='ocr_line' id='line_1_41' title="bbox 452 3836 2022 3907; baseline 0 -16"><span class='ocrx_word' id='word_1_274' title='bbox 452 3839 590 3893; x_wconf 76' lang='lat' dir='ltr'><strong>facta</strong></span> <span class='ocrx_word' id='word_1_275' title='bbox 626 3849 769 3902; x_wconf 89' lang='lat' dir='ltr'><strong>sunt,</strong></span> <span class='ocrx_word' id='word_1_276' title='bbox 792 3848 843 3892; x_wconf 90' lang='lat' dir='ltr'><strong>et</strong></span> <span class='ocrx_word' id='word_1_277' title='bbox 872 3840 987 3893; x_wconf 90' lang='lat' dir='ltr'><strong>sine</strong></span> <span class='ocrx_word' id='word_1_278' title='bbox 1015 3838 1130 3907; x_wconf 88' lang='lat' dir='ltr'><strong>ipso</strong></span> <span class='ocrx_word' id='word_1_279' title='bbox 1159 3838 1356 3891; x_wconf 79' lang='lat' dir='ltr'><strong>factum</strong></span> <span class='ocrx_word' id='word_1_280' title='bbox 1384 3849 1466 3891; x_wconf 92' lang='lat' dir='ltr'><strong>est</strong></span> <span class='ocrx_word' id='word_1_281' title='bbox 1496 3838 1624 3889; x_wconf 79' lang='lat' dir='ltr'><strong>nihil</strong></span> <span class='ocrx_word' id='word_1_282' title='bbox 1654 3838 1715 3889; x_wconf 75' lang='lat'><strong>&quot;.</strong></span> <span class='ocrx_word' id='word_1_283' title='bbox 1748 3855 1764 3886; x_wconf 86' lang='grc'><strong>›</strong></span> <span class='ocrx_word' id='word_1_284' title='bbox 1798 3836 2022 3902; x_wconf 72' lang='lat' dir='ltr'><strong>Idcirco,</strong></span> 
     </span>
    </p>
   </div>
   <div class='ocr_carea' id='block_1_42' title="bbox 450 3926 2021 3994">
    <p class='ocr_par' dir='ltr' id='par_1_42' title="bbox 450 3926 2021 3994">
     <span class='ocr_line' id='line_1_42' title="bbox 450 3926 2021 3994; baseline -0.004 -9"><span class='ocrx_word' id='word_1_285' title='bbox 450 3942 504 3985; x_wconf 88' lang='lat' dir='ltr'><strong>et</strong></span> <span class='ocrx_word' id='word_1_286' title='bbox 535 3931 777 3994; x_wconf 80' lang='lat' dir='ltr'><strong>dextera,</strong></span> <span class='ocrx_word' id='word_1_287' title='bbox 813 3942 864 3982; x_wconf 90' lang='lat' dir='ltr'><strong>et</strong></span> <span class='ocrx_word' id='word_1_288' title='bbox 894 3930 1181 3983; x_wconf 80' lang='lat' dir='ltr'><strong>brachium</strong></span> <span class='ocrx_word' id='word_1_289' title='bbox 1221 3928 1315 3982; x_wconf 89' lang='lat' dir='ltr'><strong>Dei</strong></span> <span class='ocrx_word' id='word_1_290' title='bbox 1361 3936 1599 3981; x_wconf 70' lang='lat' dir='ltr'><strong>vocatur.</strong></span> <span class='ocrx_word' id='word_1_291' title='bbox 1649 3926 1839 3981; x_wconf 86' lang='lat' dir='ltr'><strong>Omnia</strong></span> <span class='ocrx_word' id='word_1_292' title='bbox 1881 3930 2021 3981; x_wconf 86' lang='lat' dir='ltr'><strong>enim</strong></span> 
     </span>
    </p>
   </div>
   <div class='ocr_carea' id='block_1_43' title="bbox 450 4017 1669 4088">
    <p class='ocr_par' dir='ltr' id='par_1_43' title="bbox 450 4017 1669 4088">
     <span class='ocr_line' id='line_1_43' title="bbox 450 4017 1669 4088; baseline -0.001 -20"><span class='ocrx_word' id='word_1_293' title='bbox 450 4035 544 4088; x_wconf 77' lang='lat' dir='ltr'><strong>per</strong></span> <span class='ocrx_word' id='word_1_294' title='bbox 576 4020 767 4086; x_wconf 82' lang='lat' dir='ltr'><strong>ipsum,</strong></span> <span class='ocrx_word' id='word_1_295' title='bbox 799 4017 959 4070; x_wconf 87' lang='lat' dir='ltr'><strong>veluti</strong></span> <span class='ocrx_word' id='word_1_296' title='bbox 994 4032 1087 4086; x_wconf 87' lang='lat' dir='ltr'><strong>per</strong></span> <span class='ocrx_word' id='word_1_297' title='bbox 1125 4031 1359 4080; x_wconf 89' lang='lat' dir='ltr'><strong>manum,</strong></span> <span class='ocrx_word' id='word_1_298' title='bbox 1396 4026 1669 4084; x_wconf 86' lang='lat' dir='ltr'><strong>operatur.</strong></span> 
     </span>
    </p>
   </div>
   <div class='ocr_carea' id='block_1_44' title="bbox 451 4128 2022 4200">
    <p class='ocr_par' dir='ltr' id='par_1_44' title="bbox 451 4128 2022 4200">
     <span class='ocr_line' id='line_1_44' title="bbox 451 4128 2022 4200; baseline -0.004 -11"><span class='ocrx_word' id='word_1_299' title='bbox 451 4131 754 4189; x_wconf 71' lang='lat' dir='ltr'><strong>Observatio</strong></span> <span class='ocrx_word' id='word_1_300' title='bbox 789 4131 1030 4200; x_wconf 66' lang='lat' dir='ltr'><strong>quadam</strong></span> <span class='ocrx_word' id='word_1_301' title='bbox 1077 4145 1247 4200; x_wconf 66' lang='lat' dir='ltr'><strong>sacrae</strong></span> <span class='ocrx_word' id='word_1_302' title='bbox 1282 4128 1570 4195; x_wconf 75' lang='lat' dir='ltr'><strong>Scriptum</strong></span> <span class='ocrx_word' id='word_1_303' title='bbox 1611 4128 1828 4194; x_wconf 75' lang='lat' dir='ltr'><strong>pulchra</strong></span> <span class='ocrx_word' id='word_1_304' title='bbox 1870 4140 2022 4199; x_wconf 84' lang='lat' dir='ltr'><strong>atque</strong></span> 
     </span>
    </p>
   </div>
   <div class='ocr_carea' id='block_1_45' title="bbox 1152 4199 1317 4251">
    <p class='ocr_par' dir='ltr' id='par_1_45' title="bbox 1152 4199 1317 4251">
     <span class='ocr_line' id='line_1_45' title="bbox 1152 4199 1317 4251; baseline 0 0"><span class='ocrx_word' id='word_1_305' title='bbox 1152 4199 1317 4251; x_wconf 71' lang='lat' dir='ltr'><strong>utilis.</strong></span> 
     </span>
    </p>
   </div>
   <div class='ocr_carea' id='block_1_46' title="bbox 515 4308 2020 4379">
    <p class='ocr_par' dir='ltr' id='par_1_46' title="bbox 515 4308 2020 4379">
     <span class='ocr_line' id='line_1_46' title="bbox 515 4308 2020 4379; baseline -0.001 -13"><span class='ocrx_word' id='word_1_306' title='bbox 515 4311 1024 4379; x_wconf 79' lang='lat' dir='ltr'><strong>DixitDeus,inquit</strong></span> <span class='ocrx_word' id='word_1_307' title='bbox 1043 4311 1319 4378; x_wconf 81' lang='lat' dir='ltr'><strong>Scriptura</strong></span> <span class='ocrx_word' id='word_1_308' title='bbox 1334 4308 1397 4340; x_wconf 77' lang='grc'><strong>¹⁸¹</strong></span> <span class='ocrx_word' id='word_1_309' title='bbox 1426 4324 1439 4362; x_wconf 91' lang='lat'><strong>:</strong></span> <span class='ocrx_word' id='word_1_310' title='bbox 1466 4308 1708 4372; x_wconf 80' lang='lat' dir='ltr'><strong>Fiatlux,</strong></span> <span class='ocrx_word' id='word_1_311' title='bbox 1734 4311 1822 4363; x_wconf 80' lang='lat' dir='ltr'><strong>ﬁat</strong></span> <span class='ocrx_word' id='word_1_312' title='bbox 1842 4311 2020 4366; x_wconf 81' lang='lat' dir='ltr'><strong>firma-</strong></span> 
     </span>
    </p>
   </div>
   <div class='ocr_carea' id='block_1_47' title="bbox 449 4400 2015 4467">
    <p class='ocr_par' dir='ltr' id='par_1_47' title="bbox 449 4400 2015 4467">
     <span class='ocr_line' id='line_1_47' title="bbox 449 4400 2015 4467; baseline 0 -10"><span class='ocrx_word' id='word_1_313' title='bbox 449 4416 709 4467; x_wconf 85' lang='lat' dir='ltr'><strong>mentum,</strong></span> <span class='ocrx_word' id='word_1_314' title='bbox 749 4403 877 4456; x_wconf 83' lang='lat' dir='ltr'><strong>ﬁant</strong></span> <span class='ocrx_word' id='word_1_315' title='bbox 912 4402 1196 4455; x_wconf 87' lang='lat' dir='ltr'><strong>luminaria</strong></span> <span class='ocrx_word' id='word_1_316' title='bbox 1226 4419 1237 4453; x_wconf 93' lang='lat'>:</span> <span class='ocrx_word' id='word_1_317' title='bbox 1276 4409 1328 4454; x_wconf 88' lang='lat' dir='ltr'><strong>et</strong></span> <span class='ocrx_word' id='word_1_318' title='bbox 1356 4400 1550 4454; x_wconf 80' lang='lat' dir='ltr'><strong>factum</strong></span> <span class='ocrx_word' id='word_1_319' title='bbox 1585 4410 1667 4454; x_wconf 83' lang='lat' dir='ltr'><strong>est</strong></span> <span class='ocrx_word' id='word_1_320' title='bbox 1702 4401 1795 4453; x_wconf 87' lang='lat' dir='ltr'><strong>ita.</strong></span> <span class='ocrx_word' id='word_1_321' title='bbox 1833 4403 1973 4455; x_wconf 85' lang='lat' dir='ltr'><strong>Dixit</strong></span> <span class='ocrx_word' id='word_1_322' title='bbox 2002 4422 2015 4457; x_wconf 87' lang='lat'><strong>:</strong></span> 
     </span>
    </p>
   </div>
   <div class='ocr_carea' id='block_1_48' title="bbox 2125 599 3696 671">
    <p class='ocr_par' dir='ltr' id='par_1_48' title="bbox 2125 599 3696 671">
     <span class='ocr_line' id='line_1_48' title="bbox 2125 599 3696 671; baseline -0.001 -17"><span class='ocrx_word' id='word_1_323' title='bbox 2125 601 2369 671; x_wconf 78' lang='grc' dir='ltr'><strong>ἀπούσης</strong></span> <span class='ocrx_word' id='word_1_324' title='bbox 2403 604 2598 663; x_wconf 83' lang='grc' dir='ltr'>αίτιας,</span> <span class='ocrx_word' id='word_1_325' title='bbox 2637 603 2729 652; x_wconf 79' lang='grc' dir='ltr'>καὶ</span> <span class='ocrx_word' id='word_1_326' title='bbox 2783 601 2919 669; x_wconf 76' lang='grc' dir='ltr'>τάχα</span> <span class='ocrx_word' id='word_1_327' title='bbox 2970 600 3086 652; x_wconf 79' lang='grc' dir='ltr'>οὐδὲ</span> <span class='ocrx_word' id='word_1_328' title='bbox 3148 600 3353 664; x_wconf 74' lang='grc' dir='ltr'>κτιίζειν</span> <span class='ocrx_word' id='word_1_329' title='bbox 3403 599 3560 667; x_wconf 65' lang='grc' dir='ltr'>ἤθελε</span> <span class='ocrx_word' id='word_1_330' title='bbox 3604 603 3696 653; x_wconf 65' lang='grc' dir='ltr'>τὴν</span> 
     </span>
    </p>
   </div>
   <div class='ocr_carea' id='block_1_49' title="bbox 2127 688 3698 762">
    <p class='ocr_par' dir='ltr' id='par_1_49' title="bbox 2127 688 3698 762">
     <span class='ocr_line' id='line_1_49' title="bbox 2127 688 3698 762; baseline -0.003 -18"><span class='ocrx_word' id='word_1_331' title='bbox 2127 692 2252 745; x_wconf 80' lang='grc' dir='ltr'>Υίὸν</span> <span class='ocrx_word' id='word_1_332' title='bbox 2274 695 2301 745; x_wconf 99' lang='lat'><strong>6</strong></span> <span class='ocrx_word' id='word_1_333' title='bbox 2324 693 2530 762; x_wconf 81' lang='grc' dir='ltr'>Πατὴρ,</span> <span class='ocrx_word' id='word_1_334' title='bbox 2559 691 2691 745; x_wconf 82' lang='grc' dir='ltr'>ἀλλὰ</span> <span class='ocrx_word' id='word_1_335' title='bbox 2716 692 2869 760; x_wconf 88' lang='grc' dir='ltr'>μόλις</span> <span class='ocrx_word' id='word_1_336' title='bbox 2894 688 3056 743; x_wconf 80' lang='grc' dir='ltr'>αὑτὸν</span> <span class='ocrx_word' id='word_1_337' title='bbox 3083 690 3159 751; x_wconf 80' lang='grc' dir='ltr'><strong>εἰς</strong></span> <span class='ocrx_word' id='word_1_338' title='bbox 3191 689 3251 741; x_wconf 73' lang='grc' dir='ltr'>τὸ</span> <span class='ocrx_word' id='word_1_339' title='bbox 3281 689 3537 759; x_wconf 75' lang='grc' dir='ltr'>ἐθελῆσαι</span> <span class='ocrx_word' id='word_1_340' title='bbox 3560 706 3698 758; x_wconf 75' lang='grc' dir='ltr'>προσ</span> 
     </span>
    </p>
   </div>
   <div class='ocr_carea' id='block_1_50' title="bbox 2126 779 3693 854">
    <p class='ocr_par' dir='ltr' id='par_1_50' title="bbox 2126 779 3693 854">
     <span class='ocr_line' id='line_1_50' title="bbox 2126 779 3693 854; baseline -0.004 -18"><span class='ocrx_word' id='word_1_341' title='bbox 2126 786 2331 854; x_wconf 86' lang='grc' dir='ltr'>ήγαγεν</span> <span class='ocrx_word' id='word_1_342' title='bbox 2366 785 2399 853; x_wconf 76' lang='grc' dir='ltr'><strong>ἡ</strong></span> <span class='ocrx_word' id='word_1_343' title='bbox 2428 783 2606 853; x_wconf 81' lang='grc' dir='ltr'><strong>χρεία,</strong></span> <span class='ocrx_word' id='word_1_344' title='bbox 2652 782 2747 835; x_wconf 76' lang='grc' dir='ltr'>καὶ</span> <span class='ocrx_word' id='word_1_345' title='bbox 2781 782 2991 850; x_wconf 77' lang='grc' dir='ltr'>γέγονε,</span> <span class='ocrx_word' id='word_1_346' title='bbox 3020 780 3141 833; x_wconf 79' lang='grc' dir='ltr'>κατ’</span> <span class='ocrx_word' id='word_1_347' title='bbox 3174 779 3437 846; x_wconf 67' lang='grc' dir='ltr'>ἐκείνους,</span> <span class='ocrx_word' id='word_1_348' title='bbox 3470 781 3562 833; x_wconf 79' lang='grc' dir='ltr'>καὶ</span> <span class='ocrx_word' id='word_1_349' title='bbox 3594 780 3693 832; x_wconf 68' lang='grc' dir='ltr'><strong>ὑπὲ</strong></span> 
     </span>
    </p>
   </div>
   <div class='ocr_carea' id='block_1_51' title="bbox 2125 870 3458 945">
    <p class='ocr_par' dir='ltr' id='par_1_51' title="bbox 2125 870 3458 945">
     <span class='ocr_line' id='line_1_51' title="bbox 2125 870 3458 945; baseline -0.004 -18"><span class='ocrx_word' id='word_1_350' title='bbox 2125 875 2368 945; x_wconf 75' lang='grc' dir='ltr'>ἀνάγκην</span> <span class='ocrx_word' id='word_1_351' title='bbox 2394 874 2541 938; x_wconf 84' lang='grc' dir='ltr'>Θεός.</span> <span class='ocrx_word' id='word_1_352' title='bbox 2576 872 2747 941; x_wconf 66' lang='grc' dir='ltr'>Φεῦγε</span> <span class='ocrx_word' id='word_1_353' title='bbox 2776 872 2869 925; x_wconf 75' lang='grc' dir='ltr'>τοῦ</span> <span class='ocrx_word' id='word_1_354' title='bbox 2895 872 3053 940; x_wconf 83' lang='grc' dir='ltr'><strong>λόγου</strong></span> <span class='ocrx_word' id='word_1_355' title='bbox 3082 870 3180 941; x_wconf 79' lang='grc' dir='ltr'>τὴν</span> <span class='ocrx_word' id='word_1_356' title='bbox 3211 870 3458 923; x_wconf 78' lang='grc' dir='ltr'><strong>ἀτοπίαν.</strong></span> 
     </span>
    </p>
   </div>
   <div class='ocr_carea' id='block_1_52' title="bbox 2806 1070 3011 1124">
    <p class='ocr_par' dir='ltr' id='par_1_52' title="bbox 2806 1070 3011 1124">
     <span class='ocr_line' id='line_1_52' title="bbox 2806 1070 3011 1124; baseline -0.005 0"><span class='ocrx_word' id='word_1_357' title='bbox 2806 1070 3011 1124; x_wconf 84' lang='grc' dir='ltr'>ΑΛΛΟ.</span> 
     </span>
    </p>
   </div>
   <div class='ocr_carea' id='block_1_53' title="bbox 2198 1158 3707 1234">
    <p class='ocr_par' dir='ltr' id='par_1_53' title="bbox 2198 1158 3707 1234">
     <span class='ocr_line' id='line_1_53' title="bbox 2198 1158 3707 1234; baseline -0.005 -17"><span class='ocrx_word' id='word_1_358' title='bbox 2198 1164 2259 1217; x_wconf 80' lang='lat' dir='ltr'><strong>Et</strong></span> <span class='ocrx_word' id='word_1_359' title='bbox 2292 1163 2358 1216; x_wconf 80' lang='grc' dir='ltr'>δι’</span> <span class='ocrx_word' id='word_1_360' title='bbox 2384 1164 2527 1234; x_wconf 74' lang='grc' dir='ltr'><strong>ἡμᾶς</strong></span> <span class='ocrx_word' id='word_1_361' title='bbox 2565 1162 2745 1215; x_wconf 65' lang='grc' dir='ltr'>ἔκτισε</span> <span class='ocrx_word' id='word_1_362' title='bbox 2764 1163 2853 1215; x_wconf 73' lang='grc' dir='ltr'>τὸν</span> <span class='ocrx_word' id='word_1_363' title='bbox 2873 1162 3000 1215; x_wconf 80' lang='grc' dir='ltr'>Υῐδν</span> <span class='ocrx_word' id='word_1_364' title='bbox 3023 1161 3051 1213; x_wconf 93' lang='lat'><strong>6</strong></span> <span class='ocrx_word' id='word_1_365' title='bbox 3077 1161 3287 1230; x_wconf 80' lang='grc' dir='ltr'>Πατὴρ,</span> <span class='ocrx_word' id='word_1_366' title='bbox 3311 1159 3503 1228; x_wconf 77' lang='grc' dir='ltr'>γέγονε</span> <span class='ocrx_word' id='word_1_367' title='bbox 3528 1158 3585 1211; x_wconf 73' lang='grc' dir='ltr'>δὲ</span> <span class='ocrx_word' id='word_1_368' title='bbox 3614 1176 3707 1210; x_wconf 76' lang='grc' dir='ltr'><strong>και</strong></span> 
     </span>
    </p>
   </div>
   <div class='ocr_carea' id='block_1_54' title="bbox 2128 1249 3711 1326">
    <p class='ocr_par' dir='ltr' id='par_1_54' title="bbox 2128 1249 3711 1326">
     <span class='ocr_line' id='line_1_54' title="bbox 2128 1249 3711 1326; baseline -0.006 -18"><span class='ocrx_word' id='word_1_369' title='bbox 2128 1255 2483 1326; x_wconf 77' lang='grc' dir='ltr'><strong>πεπλήρωται</strong></span> <span class='ocrx_word' id='word_1_370' title='bbox 2510 1254 2569 1307; x_wconf 83' lang='grc' dir='ltr'><strong>τδ</strong></span> <span class='ocrx_word' id='word_1_371' title='bbox 2594 1254 2753 1325; x_wconf 72' lang='grc' dir='ltr'>ἔργον</span> <span class='ocrx_word' id='word_1_372' title='bbox 2775 1254 2841 1308; x_wconf 78' lang='grc' dir='ltr'>δι’</span> <span class='ocrx_word' id='word_1_373' title='bbox 2872 1254 2901 1307; x_wconf 84' lang='lat'><strong>6</strong></span> <span class='ocrx_word' id='word_1_374' title='bbox 2928 1254 3019 1307; x_wconf 83' lang='grc' dir='ltr'>καὶ</span> <span class='ocrx_word' id='word_1_375' title='bbox 3051 1252 3295 1320; x_wconf 65' lang='grc' dir='ltr'>ἰκτίσθη,</span> <span class='ocrx_word' id='word_1_376' title='bbox 3320 1250 3573 1321; x_wconf 72' lang='grc' dir='ltr'>περιττὸς</span> <span class='ocrx_word' id='word_1_377' title='bbox 3600 1249 3711 1299; x_wconf 75' lang='grc' dir='ltr'>λον-</span> 
     </span>
    </p>
   </div>
   <div class='ocr_carea' id='block_1_55' title="bbox 2128 1342 3703 1418">
    <p class='ocr_par' dir='ltr' id='par_1_55' title="bbox 2128 1342 3703 1418">
     <span class='ocr_line' id='line_1_55' title="bbox 2128 1342 3703 1418; baseline -0.003 -19"><span class='ocrx_word' id='word_1_378' title='bbox 2128 1348 2227 1399; x_wconf 76' lang='grc' dir='ltr'><strong>πὸν</strong></span> <span class='ocrx_word' id='word_1_379' title='bbox 2260 1350 2288 1400; x_wconf 90' lang='lat'><strong>6</strong></span> <span class='ocrx_word' id='word_1_380' title='bbox 2316 1348 2549 1411; x_wconf 79' lang='grc' dir='ltr'>Υἱὸς,ὠς</span> <span class='ocrx_word' id='word_1_381' title='bbox 2582 1347 2811 1418; x_wconf 79' lang='grc' dir='ltr'>δργανον</span> <span class='ocrx_word' id='word_1_382' title='bbox 2832 1347 2930 1416; x_wconf 81' lang='grc' dir='ltr'>τῆς</span> <span class='ocrx_word' id='word_1_383' title='bbox 2948 1347 3017 1399; x_wconf 83' lang='grc' dir='ltr'><strong>δι’</strong></span> <span class='ocrx_word' id='word_1_384' title='bbox 3039 1347 3105 1416; x_wconf 72' lang='grc' dir='ltr'>ἢν</span> <span class='ocrx_word' id='word_1_385' title='bbox 3131 1344 3493 1415; x_wconf 74' lang='grc' dir='ltr'>προϐέϐληται</span> <span class='ocrx_word' id='word_1_386' title='bbox 3516 1342 3703 1413; x_wconf 82' lang='grc' dir='ltr'><strong>χρείας</strong></span> 
     </span>
    </p>
   </div>
   <div class='ocr_carea' id='block_1_56' title="bbox 2127 1438 2602 1508">
    <p class='ocr_par' dir='ltr' id='par_1_56' title="bbox 2127 1438 2602 1508">
     <span class='ocr_line' id='line_1_56' title="bbox 2127 1438 2602 1508; baseline -0.002 -17"><span class='ocrx_word' id='word_1_387' title='bbox 2127 1438 2602 1508; x_wconf 76' lang='grc' dir='ltr'>ἀποτελεσθείσης.</span> 
     </span>
    </p>
   </div>
   <div class='ocr_carea' id='block_1_57' title="bbox 2493 1614 3339 1683">
    <p class='ocr_par' dir='ltr' id='par_1_57' title="bbox 2493 1614 3339 1683">
     <span class='ocr_line' id='line_1_57' title="bbox 2493 1614 3339 1683; baseline -0.005 -12"><span class='ocrx_word' id='word_1_388' title='bbox 2493 1619 2684 1671; x_wconf 50' lang='grc' dir='ltr'><strong>’Δια</strong></span> <span class='ocrx_word' id='word_1_389' title='bbox 2723 1618 2941 1672; x_wconf 77' lang='grc' dir='ltr'>πιθανὰ</span> <span class='ocrx_word' id='word_1_390' title='bbox 2977 1614 3339 1683; x_wconf 77' lang='grc' dir='ltr'>θεωρήματα.</span> 
     </span>
    </p>
   </div>
   <div class='ocr_carea' id='block_1_58' title="bbox 2201 1703 3702 1781">
    <p class='ocr_par' dir='ltr' id='par_1_58' title="bbox 2201 1703 3702 1781">
     <span class='ocr_line' id='line_1_58' title="bbox 2201 1703 3702 1781; baseline -0.005 -18"><span class='ocrx_word' id='word_1_391' title='bbox 2201 1711 2262 1763; x_wconf 79' lang='grc' dir='ltr'><strong>Εἰ</strong></span> <span class='ocrx_word' id='word_1_392' title='bbox 2308 1710 2375 1763; x_wconf 76' lang='grc' dir='ltr'>δι’</span> <span class='ocrx_word' id='word_1_393' title='bbox 2411 1712 2556 1781; x_wconf 74' lang='grc' dir='ltr'>ἡμᾶς</span> <span class='ocrx_word' id='word_1_394' title='bbox 2603 1709 2783 1762; x_wconf 75' lang='grc' dir='ltr'>ἔκτισε</span> <span class='ocrx_word' id='word_1_395' title='bbox 2816 1709 2905 1761; x_wconf 87' lang='grc' dir='ltr'><strong>τὸν</strong></span> <span class='ocrx_word' id='word_1_396' title='bbox 2940 1708 3066 1760; x_wconf 81' lang='grc' dir='ltr'>Υίὸν</span> <span class='ocrx_word' id='word_1_397' title='bbox 3099 1708 3126 1759; x_wconf 90' lang='lat'><strong>6</strong></span> <span class='ocrx_word' id='word_1_398' title='bbox 3154 1706 3361 1776; x_wconf 80' lang='grc' dir='ltr'>Πατὴρ,</span> <span class='ocrx_word' id='word_1_399' title='bbox 3392 1705 3520 1774; x_wconf 84' lang='grc' dir='ltr'>περὶ</span> <span class='ocrx_word' id='word_1_400' title='bbox 3550 1703 3702 1773; x_wconf 60' lang='lat' dir='ltr'><strong>rapti:-</strong></span> 
     </span>
    </p>
   </div>
   <div class='ocr_carea' id='block_1_59' title="bbox 2128 1796 3705 1871">
    <p class='ocr_par' dir='ltr' id='par_1_59' title="bbox 2128 1796 3705 1871">
     <span class='ocr_line' id='line_1_59' title="bbox 2128 1796 3705 1871; baseline -0.004 -17"><span class='ocrx_word' id='word_1_401' title='bbox 2128 1820 2234 1855; x_wconf 88' lang='grc' dir='ltr'><strong>των</strong></span> <span class='ocrx_word' id='word_1_402' title='bbox 2266 1802 2421 1871; x_wconf 76' lang='grc' dir='ltr'>ἡμῶν</span> <span class='ocrx_word' id='word_1_403' title='bbox 2455 1801 2818 1870; x_wconf 79' lang='grc' dir='ltr'>βεόούλευται.</span> <span class='ocrx_word' id='word_1_404' title='bbox 2869 1801 2930 1853; x_wconf 80' lang='lat' dir='ltr'><strong>Ei</strong></span> <span class='ocrx_word' id='word_1_405' title='bbox 2974 1801 3030 1853; x_wconf 80' lang='grc' dir='ltr'>δὲ</span> <span class='ocrx_word' id='word_1_406' title='bbox 3061 1799 3187 1870; x_wconf 82' lang='grc' dir='ltr'>περὶ</span> <span class='ocrx_word' id='word_1_407' title='bbox 3216 1798 3446 1869; x_wconf 86' lang='grc' dir='ltr'>πρώτων</span> <span class='ocrx_word' id='word_1_408' title='bbox 3479 1796 3641 1867; x_wconf 78' lang='grc' dir='ltr'><strong>ἡμῶν</strong></span> <span class='ocrx_word' id='word_1_409' title='bbox 3670 1797 3705 1865; x_wconf 76' lang='grc' dir='ltr'>ἡ</span> 
     </span>
    </p>
   </div>
   <div class='ocr_carea' id='block_1_60' title="bbox 2133 1886 3706 1959">
    <p class='ocr_par' dir='ltr' id='par_1_60' title="bbox 2133 1886 3706 1959">
     <span class='ocr_line' id='line_1_60' title="bbox 2133 1886 3706 1959; baseline -0.004 -17"><span class='ocrx_word' id='word_1_410' title='bbox 2133 1889 2324 1958; x_wconf 67' lang='grc' dir='ltr'>σκέψις</span> <span class='ocrx_word' id='word_1_411' title='bbox 2349 1888 2604 1957; x_wconf 73' lang='grc' dir='ltr'><strong>ἐγγέγονε</strong></span> <span class='ocrx_word' id='word_1_412' title='bbox 2636 1889 2713 1959; x_wconf 85' lang='grc' dir='ltr'>τῷ</span> <span class='ocrx_word' id='word_1_413' title='bbox 2746 1889 2937 1958; x_wconf 68' lang='lat' dir='ltr'><strong>“arpi,</strong></span> <span class='ocrx_word' id='word_1_414' title='bbox 2971 1888 3113 1942; x_wconf 75' lang='grc' dir='ltr'>διατι</span> <span class='ocrx_word' id='word_1_415' title='bbox 3157 1888 3263 1959; x_wconf 77' lang='grc' dir='ltr'><strong>πρὸ</strong></span> <span class='ocrx_word' id='word_1_416' title='bbox 3303 1886 3461 1957; x_wconf 79' lang='grc' dir='ltr'>ἡμῶν</span> <span class='ocrx_word' id='word_1_417' title='bbox 3497 1887 3706 1948; x_wconf 75' lang='grc' dir='ltr'>ἐκεῖνος</span> 
     </span>
    </p>
   </div>
   <div class='ocr_carea' id='block_1_61' title="bbox 2130 1978 3707 2049">
    <p class='ocr_par' dir='ltr' id='par_1_61' title="bbox 2130 1978 3707 2049">
     <span class='ocr_line' id='line_1_61' title="bbox 2130 1978 3707 2049; baseline -0.003 -16"><span class='ocrx_word' id='word_1_418' title='bbox 2130 1982 2371 2045; x_wconf 71' lang='grc' dir='ltr'>κτίζεται</span> <span class='ocrx_word' id='word_1_419' title='bbox 2408 1982 2436 2033; x_wconf 91' lang='lat'><strong>6</strong></span> <span class='ocrx_word' id='word_1_420' title='bbox 2473 1983 2529 2033; x_wconf 82' lang='grc' dir='ltr'>ὲν</span> <span class='ocrx_word' id='word_1_421' title='bbox 2576 1979 2788 2049; x_wconf 82' lang='grc' dir='ltr'><strong>βουλαῖς</strong></span> <span class='ocrx_word' id='word_1_422' title='bbox 2834 1982 3180 2044; x_wconf 87' lang='grc' dir='ltr'>τελευταῖος;</span> <span class='ocrx_word' id='word_1_423' title='bbox 3219 1979 3368 2031; x_wconf 81' lang='grc' dir='ltr'>Διατί</span> <span class='ocrx_word' id='word_1_424' title='bbox 3402 1978 3457 2030; x_wconf 78' lang='grc' dir='ltr'>δὲ</span> <span class='ocrx_word' id='word_1_425' title='bbox 3490 1978 3707 2048; x_wconf 76' lang='grc' dir='ltr'>πρῶτον</span> 
     </span>
    </p>
   </div>
   <div class='ocr_carea' id='block_1_62' title="bbox 2129 2068 3706 2145">
    <p class='ocr_par' dir='ltr' id='par_1_62' title="bbox 2129 2068 3706 2145">
     <span class='ocr_line' id='line_1_62' title="bbox 2129 2068 3706 2145; baseline -0.003 -21"><span class='ocrx_word' id='word_1_426' title='bbox 2129 2073 2289 2124; x_wconf 62' lang='grc' dir='ltr'>αὐτόν</span> <span class='ocrx_word' id='word_1_427' title='bbox 2323 2072 2532 2135; x_wconf 82' lang='grc' dir='ltr'>κτίσας,</span> <span class='ocrx_word' id='word_1_428' title='bbox 2568 2068 2626 2124; x_wconf 76' lang='grc' dir='ltr'><strong>οὐ</strong></span> <span class='ocrx_word' id='word_1_429' title='bbox 2661 2072 2787 2143; x_wconf 80' lang='grc' dir='ltr'>περὶ</span> <span class='ocrx_word' id='word_1_430' title='bbox 2817 2070 3033 2145; x_wconf 86' lang='grc' dir='ltr'>πρώτου</span> <span class='ocrx_word' id='word_1_431' title='bbox 3065 2072 3158 2123; x_wconf 75' lang='grc' dir='ltr'><strong>καὶ</strong></span> <span class='ocrx_word' id='word_1_432' title='bbox 3186 2069 3534 2135; x_wconf 77' lang='grc' dir='ltr'>ὲὸουλεύετο;</span> <span class='ocrx_word' id='word_1_433' title='bbox 3564 2069 3706 2123; x_wconf 73' lang='grc' dir='ltr'>διατι</span> 
     </span>
    </p>
   </div>
   <div class='ocr_carea' id='block_1_63' title="bbox 2127 2157 3705 2230">
    <p class='ocr_par' dir='ltr' id='par_1_63' title="bbox 2127 2157 3705 2230">
     <span class='ocr_line' id='line_1_63' title="bbox 2127 2157 3705 2230; baseline -0.003 -17"><span class='ocrx_word' id='word_1_434' title='bbox 2127 2161 2183 2213; x_wconf 73' lang='grc' dir='ltr'>δὲ</span> <span class='ocrx_word' id='word_1_435' title='bbox 2222 2161 2381 2213; x_wconf 81' lang='grc' dir='ltr'>πάλιν</span> <span class='ocrx_word' id='word_1_436' title='bbox 2412 2160 2659 2230; x_wconf 77' lang='grc' dir='ltr'>πρώτους</span> <span class='ocrx_word' id='word_1_437' title='bbox 2685 2162 2829 2229; x_wconf 69' lang='grc' dir='ltr'><strong>ἡμᾶς</strong></span> <span class='ocrx_word' id='word_1_438' title='bbox 2871 2159 3009 2228; x_wconf 70' lang='grc' dir='ltr'>ἔχων</span> <span class='ocrx_word' id='word_1_439' title='bbox 3038 2161 3095 2211; x_wconf 79' lang='grc' dir='ltr'>ἐν</span> <span class='ocrx_word' id='word_1_440' title='bbox 3126 2160 3335 2227; x_wconf 74' lang='grc' dir='ltr'>σκέψει,</span> <span class='ocrx_word' id='word_1_441' title='bbox 3368 2160 3575 2211; x_wconf 65' lang='grc' dir='ltr'>ἐκεῖνον</span> <span class='ocrx_word' id='word_1_442' title='bbox 3606 2157 3705 2228; x_wconf 74' lang='grc' dir='ltr'><strong>μὲν</strong></span> 
     </span>
    </p>
   </div>
   <div class='ocr_carea' id='block_1_64' title="bbox 2130 2246 3705 2321">
    <p class='ocr_par' dir='ltr' id='par_1_64' title="bbox 2130 2246 3705 2321">
     <span class='ocr_line' id='line_1_64' title="bbox 2130 2246 3705 2321; baseline -0.002 -19"><span class='ocrx_word' id='word_1_443' title='bbox 2130 2251 2255 2302; x_wconf 75' lang='grc' dir='ltr'>Υἱὸν</span> <span class='ocrx_word' id='word_1_444' title='bbox 2284 2252 2377 2302; x_wconf 76' lang='grc' dir='ltr'><strong>καὶ</strong></span> <span class='ocrx_word' id='word_1_445' title='bbox 2404 2250 2745 2321; x_wconf 73' lang='grc' dir='ltr'>κληρονόμον</span> <span class='ocrx_word' id='word_1_446' title='bbox 2779 2249 3061 2311; x_wconf 79' lang='grc' dir='ltr'>ἀποκαλεῖ,</span> <span class='ocrx_word' id='word_1_447' title='bbox 3098 2249 3245 2319; x_wconf 79' lang='grc' dir='ltr'><strong>ἡμᾶς</strong></span> <span class='ocrx_word' id='word_1_448' title='bbox 3268 2246 3325 2300; x_wconf 61' lang='grc' dir='ltr'>δὲ</span> <span class='ocrx_word' id='word_1_449' title='bbox 3361 2246 3582 2309; x_wconf 84' lang='grc' dir='ltr'>δούλους</span> <span class='ocrx_word' id='word_1_450' title='bbox 3611 2246 3705 2299; x_wconf 77' lang='grc' dir='ltr'><strong>καὶ</strong></span> 
     </span>
    </p>
   </div>
   <div class='ocr_carea' id='block_1_65' title="bbox 2129 2338 3706 2412">
    <p class='ocr_par' dir='ltr' id='par_1_65' title="bbox 2129 2338 3706 2412">
     <span class='ocr_line' id='line_1_65' title="bbox 2129 2338 3706 2412; baseline -0.003 -17"><span class='ocrx_word' id='word_1_451' title='bbox 2129 2342 2325 2412; x_wconf 81' lang='grc' dir='ltr'>κλῆρον</span> <span class='ocrx_word' id='word_1_452' title='bbox 2353 2341 2445 2394; x_wconf 76' lang='grc' dir='ltr'>τοῦ</span> <span class='ocrx_word' id='word_1_453' title='bbox 2490 2342 2556 2393; x_wconf 84' lang='grc' dir='ltr'><strong>δι’</strong></span> <span class='ocrx_word' id='word_1_454' title='bbox 2589 2342 2735 2409; x_wconf 79' lang='grc' dir='ltr'><strong>ἡμᾶς</strong></span> <span class='ocrx_word' id='word_1_455' title='bbox 2776 2340 3108 2409; x_wconf 77' lang='grc' dir='ltr'>γενομένους</span> <span class='ocrx_word' id='word_1_456' title='bbox 3140 2340 3286 2392; x_wconf 83' lang='grc' dir='ltr'><strong>Ἔδει</strong></span> <span class='ocrx_word' id='word_1_457' title='bbox 3334 2339 3440 2409; x_wconf 85' lang='grc' dir='ltr'>γὰρ</span> <span class='ocrx_word' id='word_1_458' title='bbox 3485 2340 3549 2391; x_wconf 71' lang='grc' dir='ltr'>ἐκ</span> <span class='ocrx_word' id='word_1_459' title='bbox 3594 2338 3706 2391; x_wconf 83' lang='grc' dir='ltr'><strong>τῶν</strong></span> 
     </span>
    </p>
   </div>
   <div class='ocr_carea' id='block_1_66' title="bbox 2126 2428 3704 2501">
    <p class='ocr_par' dir='ltr' id='par_1_66' title="bbox 2126 2428 3704 2501">
     <span class='ocr_line' id='line_1_66' title="bbox 2126 2428 3704 2501; baseline -0.001 -17"><span class='ocrx_word' id='word_1_460' title='bbox 2126 2434 2404 2493; x_wconf 77' lang='grc' dir='ltr'>ἐναντίων,</span> <span class='ocrx_word' id='word_1_461' title='bbox 2440 2434 2585 2501; x_wconf 74' lang='grc' dir='ltr'><strong>ἡμᾶς</strong></span> <span class='ocrx_word' id='word_1_462' title='bbox 2622 2432 2718 2500; x_wconf 74' lang='grc' dir='ltr'><strong>μὲν</strong></span> <span class='ocrx_word' id='word_1_463' title='bbox 2749 2431 2910 2494; x_wconf 78' lang='grc' dir='ltr'>Υίοὺς</span> <span class='ocrx_word' id='word_1_464' title='bbox 2960 2432 3053 2484; x_wconf 79' lang='grc' dir='ltr'>καὶ</span> <span class='ocrx_word' id='word_1_465' title='bbox 3102 2430 3469 2500; x_wconf 80' lang='grc' dir='ltr'>κληρονόμους</span> <span class='ocrx_word' id='word_1_466' title='bbox 3521 2428 3704 2500; x_wconf 78' lang='grc' dir='ltr'>ὑπάρ-</span> 
     </span>
    </p>
   </div>
   <div class='ocr_carea' id='block_1_67' title="bbox 2127 2520 3703 2592">
    <p class='ocr_par' dir='ltr' id='par_1_67' title="bbox 2127 2520 3703 2592">
     <span class='ocr_line' id='line_1_67' title="bbox 2127 2520 3703 2592; baseline -0.001 -19"><span class='ocrx_word' id='word_1_467' title='bbox 2127 2540 2269 2591; x_wconf 86' lang='grc' dir='ltr'>χειν·</span> <span class='ocrx_word' id='word_1_468' title='bbox 2306 2524 2363 2574; x_wconf 74' lang='grc' dir='ltr'>τὸ</span> <span class='ocrx_word' id='word_1_469' title='bbox 2386 2523 2438 2575; x_wconf 76' lang='grc' dir='ltr'>δὲ</span> <span class='ocrx_word' id='word_1_470' title='bbox 2469 2527 2567 2591; x_wconf 80' lang='grc' dir='ltr'><strong>τῆς</strong></span> <span class='ocrx_word' id='word_1_471' title='bbox 2594 2524 2862 2588; x_wconf 76' lang='grc' dir='ltr'>ποιήσεως</span> <span class='ocrx_word' id='word_1_472' title='bbox 2890 2524 3045 2592; x_wconf 79' lang='grc' dir='ltr'>ἡμῶν</span> <span class='ocrx_word' id='word_1_473' title='bbox 3068 2522 3318 2592; x_wconf 74' lang='grc' dir='ltr'>ὄργανον,</span> <span class='ocrx_word' id='word_1_474' title='bbox 3340 2520 3367 2572; x_wconf 81' lang='grc' dir='ltr'><strong>ὃ</strong></span> <span class='ocrx_word' id='word_1_475' title='bbox 3396 2521 3489 2572; x_wconf 73' lang='grc' dir='ltr'><strong>καὶ</strong></span> <span class='ocrx_word' id='word_1_476' title='bbox 3512 2520 3703 2589; x_wconf 73' lang='grc' dir='ltr'>γέγονε</span> 
     </span>
    </p>
   </div>
   <div class='ocr_carea' id='block_1_68' title="bbox 2125 2612 3702 2686">
    <p class='ocr_par' dir='ltr' id='par_1_68' title="bbox 2125 2612 3702 2686">
     <span class='ocr_line' id='line_1_68' title="bbox 2125 2612 3702 2686; baseline -0.003 -17"><span class='ocrx_word' id='word_1_477' title='bbox 2125 2616 2191 2669; x_wconf 83' lang='grc' dir='ltr'>δι’</span> <span class='ocrx_word' id='word_1_478' title='bbox 2218 2618 2383 2686; x_wconf 78' lang='grc' dir='ltr'>ἡμᾶς,</span> <span class='ocrx_word' id='word_1_479' title='bbox 2417 2616 2602 2669; x_wconf 75' lang='grc' dir='ltr'>δοῦλον</span> <span class='ocrx_word' id='word_1_480' title='bbox 2652 2612 2788 2669; x_wconf 81' lang='grc' dir='ltr'>εἶναι</span> <span class='ocrx_word' id='word_1_481' title='bbox 2834 2618 2925 2669; x_wconf 73' lang='grc' dir='ltr'><strong>καὶ</strong></span> <span class='ocrx_word' id='word_1_482' title='bbox 2973 2616 3346 2671; x_wconf 78' lang='grc' dir='ltr'>ὑποκείιιενον.</span> <span class='ocrx_word' id='word_1_483' title='bbox 3378 2612 3552 2681; x_wconf 67' lang='grc' dir='ltr'>Φεῦγε</span> <span class='ocrx_word' id='word_1_484' title='bbox 3606 2612 3702 2666; x_wconf 76' lang='grc' dir='ltr'><strong>τοῦ</strong></span> 
     </span>
    </p>
   </div>
   <div class='ocr_carea' id='block_1_69' title="bbox 2127 2707 2687 2779">
    <p class='ocr_par' dir='ltr' id='par_1_69' title="bbox 2127 2707 2687 2779">
     <span class='ocr_line' id='line_1_69' title="bbox 2127 2707 2687 2779; baseline 0.005 -21"><span class='ocrx_word' id='word_1_485' title='bbox 2127 2707 2283 2775; x_wconf 84' lang='grc' dir='ltr'>λόγου</span> <span class='ocrx_word' id='word_1_486' title='bbox 2312 2708 2409 2779; x_wconf 83' lang='grc' dir='ltr'><strong>τὴν</strong></span> <span class='ocrx_word' id='word_1_487' title='bbox 2440 2709 2687 2761; x_wconf 79' lang='grc' dir='ltr'>ἀτοπίαν.</span> 
     </span>
    </p>
   </div>
   <div class='ocr_carea' id='block_1_70' title="bbox 2294 2904 3546 2975">
    <p class='ocr_par' dir='ltr' id='par_1_70' title="bbox 2294 2904 3546 2975">
     <span class='ocr_line' id='line_1_70' title="bbox 2294 2904 3546 2975; baseline 0.004 -18"><span class='ocrx_word' id='word_1_488' title='bbox 2294 2904 2607 2975; x_wconf 78' lang='grc' dir='ltr'><strong>Ἐεήτησις</strong></span> <span class='ocrx_word' id='word_1_489' title='bbox 2649 2907 2866 2959; x_wconf 72' lang='grc' dir='ltr'>λοιπὸν</span> <span class='ocrx_word' id='word_1_490' title='bbox 2902 2904 3012 2973; x_wconf 82' lang='grc' dir='ltr'>τῆς</span> <span class='ocrx_word' id='word_1_491' title='bbox 3050 2905 3232 2975; x_wconf 81' lang='grc' dir='ltr'>ὀρθῆς</span> <span class='ocrx_word' id='word_1_492' title='bbox 3269 2909 3546 2973; x_wconf 77' lang='grc' dir='ltr'>πίστεως.</span> 
     </span>
    </p>
   </div>
   <div class='ocr_carea' id='block_1_71' title="bbox 2197 3018 3702 3090">
    <p class='ocr_par' dir='ltr' id='par_1_71' title="bbox 2197 3018 3702 3090">
     <span class='ocr_line' id='line_1_71' title="bbox 2197 3018 3702 3090; baseline 0.001 -17"><span class='ocrx_word' id='word_1_493' title='bbox 2197 3021 2269 3073; x_wconf 76' lang='grc' dir='ltr'><strong>Οὐ</strong></span> <span class='ocrx_word' id='word_1_494' title='bbox 2323 3020 2387 3071; x_wconf 77' lang='grc' dir='ltr'>δι’</span> <span class='ocrx_word' id='word_1_495' title='bbox 2418 3021 2563 3089; x_wconf 77' lang='grc' dir='ltr'>ἡμᾶς</span> <span class='ocrx_word' id='word_1_496' title='bbox 2613 3018 2834 3087; x_wconf 82' lang='grc' dir='ltr'>γέγονεν</span> <span class='ocrx_word' id='word_1_497' title='bbox 2881 3020 2909 3070; x_wconf 98' lang='lat'><strong>6</strong></span> <span class='ocrx_word' id='word_1_498' title='bbox 2964 3020 3122 3084; x_wconf 81' lang='grc' dir='ltr'>Υἱὸς,</span> <span class='ocrx_word' id='word_1_499' title='bbox 3164 3020 3280 3073; x_wconf 77' lang='grc' dir='ltr'>ἀλλ’</span> <span class='ocrx_word' id='word_1_500' title='bbox 3310 3022 3429 3073; x_wconf 74' lang='grc' dir='ltr'>οὐδὲ</span> <span class='ocrx_word' id='word_1_501' title='bbox 3478 3022 3702 3090; x_wconf 82' lang='grc' dir='ltr'>γέγονεν</span> 
     </span>
    </p>
   </div>
   <div class='ocr_carea' id='block_1_72' title="bbox 2126 3110 3704 3184">
    <p class='ocr_par' dir='ltr' id='par_1_72' title="bbox 2126 3110 3704 3184">
     <span class='ocr_line' id='line_1_72' title="bbox 2126 3110 3704 3184; baseline 0.001 -19"><span class='ocrx_word' id='word_1_502' title='bbox 2126 3112 2278 3175; x_wconf 82' lang='grc' dir='ltr'>ὅλως.</span> <span class='ocrx_word' id='word_1_503' title='bbox 2308 3112 2416 3165; x_wconf 79' lang='grc' dir='ltr'><strong>Καὶ</strong></span> <span class='ocrx_word' id='word_1_504' title='bbox 2448 3112 2556 3181; x_wconf 73' lang='grc' dir='ltr'>γὰρ</span> <span class='ocrx_word' id='word_1_505' title='bbox 2589 3113 2680 3164; x_wconf 73' lang='grc' dir='ltr'><strong>καὶ</strong></span> <span class='ocrx_word' id='word_1_506' title='bbox 2712 3113 2758 3163; x_wconf 79' lang='grc' dir='ltr'><strong>εί</strong></span> <span class='ocrx_word' id='word_1_507' title='bbox 2791 3113 2865 3181; x_wconf 82' lang='grc' dir='ltr'><strong>μὴ</strong></span> <span class='ocrx_word' id='word_1_508' title='bbox 2896 3111 3053 3176; x_wconf 81' lang='grc' dir='ltr'>δόξαν</span> <span class='ocrx_word' id='word_1_509' title='bbox 3079 3110 3146 3183; x_wconf 82' lang='grc' dir='ltr'>ἦν</span> <span class='ocrx_word' id='word_1_510' title='bbox 3172 3112 3248 3183; x_wconf 82' lang='grc' dir='ltr'>τῷ</span> <span class='ocrx_word' id='word_1_511' title='bbox 3276 3114 3448 3183; x_wconf 78' lang='grc' dir='ltr'>Πατρὶ</span> <span class='ocrx_word' id='word_1_512' title='bbox 3478 3118 3704 3184; x_wconf 80' lang='grc' dir='ltr'>ποιῆσαι</span> 
     </span>
    </p>
   </div>
   <div class='ocr_carea' id='block_1_73' title="bbox 2126 3198 3706 3277">
    <p class='ocr_par' dir='ltr' id='par_1_73' title="bbox 2126 3198 3706 3277">
     <span class='ocr_line' id='line_1_73' title="bbox 2126 3198 3706 3277; baseline 0.002 -21"><span class='ocrx_word' id='word_1_513' title='bbox 2126 3204 2193 3256; x_wconf 75' lang='grc' dir='ltr'><strong>τὰ</strong></span> <span class='ocrx_word' id='word_1_514' title='bbox 2240 3203 2460 3273; x_wconf 79' lang='grc' dir='ltr'>γενητὰ,</span> <span class='ocrx_word' id='word_1_515' title='bbox 2512 3221 2531 3254; x_wconf 74' lang='grc' dir='ltr'>ι</span> <span class='ocrx_word' id='word_1_516' title='bbox 2560 3198 2625 3273; x_wconf 80' lang='grc' dir='ltr'>ἦν</span> <span class='ocrx_word' id='word_1_517' title='bbox 2670 3204 2697 3255; x_wconf 88' lang='lat'><strong>6</strong></span> <span class='ocrx_word' id='word_1_518' title='bbox 2742 3204 2911 3271; x_wconf 82' lang='grc' dir='ltr'>Λόγος</span> <span class='ocrx_word' id='word_1_519' title='bbox 2960 3204 3016 3256; x_wconf 79' lang='grc' dir='ltr'>ὲν</span> <span class='ocrx_word' id='word_1_520' title='bbox 3062 3204 3232 3274; x_wconf 76' lang='grc' dir='ltr'>αὐτῷ,</span> <span class='ocrx_word' id='word_1_521' title='bbox 3261 3204 3354 3257; x_wconf 72' lang='grc' dir='ltr'>καὶ</span> <span class='ocrx_word' id='word_1_522' title='bbox 3406 3205 3535 3270; x_wconf 80' lang='grc' dir='ltr'>Θεὸς</span> <span class='ocrx_word' id='word_1_523' title='bbox 3575 3198 3642 3277; x_wconf 78' lang='grc' dir='ltr'>ἦν</span> <span class='ocrx_word' id='word_1_524' title='bbox 3678 3210 3706 3261; x_wconf 88' lang='lat'><strong>6</strong></span> 
     </span>
    </p>
   </div>
   <div class='ocr_carea' id='block_1_74' title="bbox 2128 3294 3701 3366">
    <p class='ocr_par' dir='ltr' id='par_1_74' title="bbox 2128 3294 3701 3366">
     <span class='ocr_line' id='line_1_74' title="bbox 2128 3294 3701 3366; baseline 0.001 -19"><span class='ocrx_word' id='word_1_525' title='bbox 2128 3297 2317 3361; x_wconf 79' lang='grc' dir='ltr'>Λόγος,</span> <span class='ocrx_word' id='word_1_526' title='bbox 2352 3315 2369 3346; x_wconf 74' lang='grc' dir='ltr'>ι</span> <span class='ocrx_word' id='word_1_527' title='bbox 2410 3295 2481 3356; x_wconf 83' lang='grc' dir='ltr'><strong>ὡς</strong></span> <span class='ocrx_word' id='word_1_528' title='bbox 2513 3294 2843 3362; x_wconf 81' lang='grc' dir='ltr'>γέγραπται.</span> <span class='ocrx_word' id='word_1_529' title='bbox 2880 3295 2960 3347; x_wconf 84' lang='grc' dir='ltr'><strong>Τὰ</strong></span> <span class='ocrx_word' id='word_1_530' title='bbox 2994 3295 3091 3364; x_wconf 80' lang='grc' dir='ltr'><strong>μέν</strong></span> <span class='ocrx_word' id='word_1_531' title='bbox 3123 3312 3203 3347; x_wconf 89' lang='grc' dir='ltr'><strong>τοι</strong></span> <span class='ocrx_word' id='word_1_532' title='bbox 3239 3296 3532 3366; x_wconf 75' lang='grc' dir='ltr'>κτιζόμενα</span> <span class='ocrx_word' id='word_1_533' title='bbox 3564 3299 3701 3351; x_wconf 83' lang='grc' dir='ltr'>πάν-</span> 
     </span>
    </p>
   </div>
   <div class='ocr_carea' id='block_1_75' title="bbox 2126 3385 3703 3457">
    <p class='ocr_par' dir='ltr' id='par_1_75' title="bbox 2126 3385 3703 3457">
     <span class='ocr_line' id='line_1_75' title="bbox 2126 3385 3703 3457; baseline 0.001 -18"><span class='ocrx_word' id='word_1_534' title='bbox 2126 3405 2232 3449; x_wconf 88' lang='grc' dir='ltr'>τως</span> <span class='ocrx_word' id='word_1_535' title='bbox 2265 3386 2370 3438; x_wconf 82' lang='grc' dir='ltr'>ἔδει</span> <span class='ocrx_word' id='word_1_536' title='bbox 2414 3386 2663 3453; x_wconf 80' lang='grc' dir='ltr'>γενέσθαι</span> <span class='ocrx_word' id='word_1_537' title='bbox 2705 3385 2771 3437; x_wconf 82' lang='grc' dir='ltr'>δι’</span> <span class='ocrx_word' id='word_1_538' title='bbox 2801 3385 3204 3455; x_wconf 77' lang='grc' dir='ltr'>αὐτοῦ.”υνπερ</span> <span class='ocrx_word' id='word_1_539' title='bbox 3235 3386 3342 3456; x_wconf 79' lang='grc' dir='ltr'>γὰρ</span> <span class='ocrx_word' id='word_1_540' title='bbox 3377 3387 3578 3457; x_wconf 79' lang='grc' dir='ltr'>τρόπον</span> <span class='ocrx_word' id='word_1_541' title='bbox 3605 3390 3703 3441; x_wconf 83' lang='grc' dir='ltr'><strong>οὐκ</strong></span> 
     </span>
    </p>
   </div>
   <div class='ocr_carea' id='block_1_76' title="bbox 2130 3475 3707 3547">
    <p class='ocr_par' dir='ltr' id='par_1_76' title="bbox 2130 3475 3707 3547">
     <span class='ocr_line' id='line_1_76' title="bbox 2130 3475 3707 3547; baseline 0.002 -19"><span class='ocrx_word' id='word_1_542' title='bbox 2130 3477 2193 3528; x_wconf 79' lang='grc' dir='ltr'><strong>ἂν</strong></span> <span class='ocrx_word' id='word_1_543' title='bbox 2228 3476 2429 3545; x_wconf 78' lang='grc' dir='ltr'>ἑτέρως</span> <span class='ocrx_word' id='word_1_544' title='bbox 2460 3475 2688 3543; x_wconf 79' lang='grc' dir='ltr'>φωτίσαι</span> <span class='ocrx_word' id='word_1_545' title='bbox 2715 3477 2774 3527; x_wconf 87' lang='grc' dir='ltr'><strong>τὸ</strong></span> <span class='ocrx_word' id='word_1_546' title='bbox 2803 3476 2936 3543; x_wconf 79' lang='grc' dir='ltr'>φῶς,</span> <span class='ocrx_word' id='word_1_547' title='bbox 2965 3478 3012 3528; x_wconf 79' lang='grc' dir='ltr'><strong>εί</strong></span> <span class='ocrx_word' id='word_1_548' title='bbox 3040 3476 3113 3547; x_wconf 78' lang='grc' dir='ltr'><strong>μὴ</strong></span> <span class='ocrx_word' id='word_1_549' title='bbox 3132 3477 3219 3529; x_wconf 77' lang='grc' dir='ltr'>διὰ</span> <span class='ocrx_word' id='word_1_550' title='bbox 3247 3476 3339 3529; x_wconf 84' lang='grc' dir='ltr'>τοῦ</span> <span class='ocrx_word' id='word_1_551' title='bbox 3371 3478 3500 3529; x_wconf 82' lang='grc' dir='ltr'>ἰδίου</span> <span class='ocrx_word' id='word_1_552' title='bbox 3528 3480 3707 3531; x_wconf 83' lang='grc' dir='ltr'>ἀπαυ-</span> 
     </span>
    </p>
   </div>
   <div class='ocr_carea' id='block_1_77' title="bbox 2127 3566 3701 3638">
    <p class='ocr_par' dir='ltr' id='par_1_77' title="bbox 2127 3566 3701 3638">
     <span class='ocr_line' id='line_1_77' title="bbox 2127 3566 3701 3638; baseline 0.002 -19"><span class='ocrx_word' id='word_1_553' title='bbox 2127 3569 2427 3637; x_wconf 81' lang='grc' dir='ltr'>γάσματος·</span> <span class='ocrx_word' id='word_1_554' title='bbox 2453 3566 2625 3627; x_wconf 77' lang='grc' dir='ltr'>οὕτως</span> <span class='ocrx_word' id='word_1_555' title='bbox 2644 3566 2741 3619; x_wconf 88' lang='grc' dir='ltr'><strong>οὐκ</strong></span> <span class='ocrx_word' id='word_1_556' title='bbox 2772 3568 2835 3620; x_wconf 80' lang='grc' dir='ltr'>ἄν</span> <span class='ocrx_word' id='word_1_557' title='bbox 2862 3584 2916 3619; x_wconf 84' lang='grc' dir='ltr'>τι</span> <span class='ocrx_word' id='word_1_558' title='bbox 2941 3566 3048 3618; x_wconf 82' lang='grc' dir='ltr'><strong>τῶν</strong></span> <span class='ocrx_word' id='word_1_559' title='bbox 3072 3567 3242 3622; x_wconf 76' lang='grc' dir='ltr'>ὄντων</span> <span class='ocrx_word' id='word_1_560' title='bbox 3267 3568 3559 3638; x_wconf 76' lang='grc' dir='ltr'>ἐργάσαιτο</span> <span class='ocrx_word' id='word_1_561' title='bbox 3585 3571 3701 3622; x_wconf 90' lang='grc' dir='ltr'>Πα-</span> 
     </span>
    </p>
   </div>
   <div class='ocr_carea' id='block_1_78' title="bbox 2125 3656 3700 3734">
    <p class='ocr_par' dir='ltr' id='par_1_78' title="bbox 2125 3656 3700 3734">
     <span class='ocr_line' id='line_1_78' title="bbox 2125 3656 3700 3734; baseline 0.003 -23"><span class='ocrx_word' id='word_1_562' title='bbox 2125 3660 2249 3729; x_wconf 79' lang='grc' dir='ltr'>τὴρ,</span> <span class='ocrx_word' id='word_1_563' title='bbox 2308 3661 2355 3710; x_wconf 80' lang='grc' dir='ltr'>ει</span> <span class='ocrx_word' id='word_1_564' title='bbox 2407 3659 2479 3728; x_wconf 77' lang='grc' dir='ltr'>μὴ</span> <span class='ocrx_word' id='word_1_565' title='bbox 2505 3656 2608 3717; x_wconf 83' lang='grc' dir='ltr'>,διὰ</span> <span class='ocrx_word' id='word_1_566' title='bbox 2637 3658 2731 3709; x_wconf 84' lang='grc' dir='ltr'>τοῦ</span> <span class='ocrx_word' id='word_1_567' title='bbox 2776 3660 2976 3711; x_wconf 77' lang='grc' dir='ltr'>οἰκείου</span> <span class='ocrx_word' id='word_1_568' title='bbox 3008 3660 3202 3726; x_wconf 86' lang='grc' dir='ltr'>Λόγου.</span> <span class='ocrx_word' id='word_1_569' title='bbox 3260 3678 3276 3709; x_wconf 83' lang='grc' dir='ltr'>ι</span> <span class='ocrx_word' id='word_1_570' title='bbox 3335 3659 3520 3713; x_wconf 81' lang='grc' dir='ltr'>Πάντα</span> <span class='ocrx_word' id='word_1_571' title='bbox 3568 3663 3700 3734; x_wconf 78' lang='grc' dir='ltr'>γὰρ,</span> 
     </span>
    </p>
   </div>
   <div class='ocr_carea' id='block_1_79' title="bbox 2126 3747 3702 3819">
    <p class='ocr_par' dir='ltr' id='par_1_79' title="bbox 2126 3747 3702 3819">
     <span class='ocr_line' id='line_1_79' title="bbox 2126 3747 3702 3819; baseline 0.003 -19"><span class='ocrx_word' id='word_1_572' title='bbox 2126 3751 2278 3819; x_wconf 75' lang='grc' dir='ltr'>φησὶ,</span> <span class='ocrx_word' id='word_1_573' title='bbox 2339 3748 2403 3800; x_wconf 80' lang='grc' dir='ltr'>δι’</span> <span class='ocrx_word' id='word_1_574' title='bbox 2464 3747 2625 3799; x_wconf 74' lang='grc' dir='ltr'>αὑτοῦ</span> <span class='ocrx_word' id='word_1_575' title='bbox 2680 3749 2917 3815; x_wconf 78' lang='grc' dir='ltr'>ἐγένετο,</span> <span class='ocrx_word' id='word_1_576' title='bbox 2951 3750 3043 3801; x_wconf 71' lang='grc' dir='ltr'><strong>καὶ</strong></span> <span class='ocrx_word' id='word_1_577' title='bbox 3076 3750 3244 3819; x_wconf 72' lang='grc' dir='ltr'>χωρὶς</span> <span class='ocrx_word' id='word_1_578' title='bbox 3271 3750 3435 3803; x_wconf 77' lang='grc' dir='ltr'>αὑτοῦ</span> <span class='ocrx_word' id='word_1_579' title='bbox 3481 3752 3702 3819; x_wconf 77' lang='grc' dir='ltr'>ἐγένετο</span> 
     </span>
    </p>
   </div>
   <div class='ocr_carea' id='block_1_80' title="bbox 2123 3836 3701 3911">
    <p class='ocr_par' dir='ltr' id='par_1_80' title="bbox 2123 3836 3701 3911">
     <span class='ocr_line' id='line_1_80' title="bbox 2123 3836 3701 3911; baseline 0.003 -20"><span class='ocrx_word' id='word_1_580' title='bbox 2123 3840 2242 3891; x_wconf 76' lang='grc' dir='ltr'>οὐδὲ</span> <span class='ocrx_word' id='word_1_581' title='bbox 2269 3838 2345 3890; x_wconf 75' lang='grc' dir='ltr'>ἓν.</span> <span class='ocrx_word' id='word_1_582' title='bbox 2375 3857 2392 3885; x_wconf 76' lang='grc' dir='ltr'>ι</span> <span class='ocrx_word' id='word_1_583' title='bbox 2426 3838 2521 3889; x_wconf 80' lang='grc' dir='ltr'><strong>Διὰ</strong></span> <span class='ocrx_word' id='word_1_584' title='bbox 2550 3836 2706 3890; x_wconf 80' lang='grc' dir='ltr'>τοῦτο</span> <span class='ocrx_word' id='word_1_585' title='bbox 2734 3838 2825 3890; x_wconf 75' lang='grc' dir='ltr'>καὶ</span> <span class='ocrx_word' id='word_1_586' title='bbox 2859 3860 2875 3889; x_wconf 77' lang='grc' dir='ltr'>ι</span> <span class='ocrx_word' id='word_1_587' title='bbox 2900 3838 3049 3902; x_wconf 75' lang='grc' dir='ltr'>δεξιὰ</span> <span class='ocrx_word' id='word_1_588' title='bbox 3075 3840 3168 3892; x_wconf 75' lang='grc' dir='ltr'><strong>καὶ</strong></span> <span class='ocrx_word' id='word_1_589' title='bbox 3202 3840 3442 3910; x_wconf 84' lang='grc' dir='ltr'>βραχίων</span> <span class='ocrx_word' id='word_1_590' title='bbox 3462 3859 3479 3891; x_wconf 73' lang='grc' dir='ltr'>ι</span> <span class='ocrx_word' id='word_1_591' title='bbox 3506 3842 3701 3911; x_wconf 79' lang='grc' dir='ltr'>ὀνομά-</span> 
     </span>
    </p>
   </div>
   <div class='ocr_carea' id='block_1_81' title="bbox 2126 3928 3698 4001">
    <p class='ocr_par' dir='ltr' id='par_1_81' title="bbox 2126 3928 3698 4001">
     <span class='ocr_line' id='line_1_81' title="bbox 2126 3928 3698 4001; baseline 0.001 -19"><span class='ocrx_word' id='word_1_592' title='bbox 2126 3933 2275 3995; x_wconf 76' lang='grc' dir='ltr'>ζεται</span> <span class='ocrx_word' id='word_1_593' title='bbox 2316 3928 2472 3981; x_wconf 75' lang='grc' dir='ltr'>θεοῦ.</span> <span class='ocrx_word' id='word_1_594' title='bbox 2502 3930 2683 3981; x_wconf 75' lang='grc' dir='ltr'>Πάντα</span> <span class='ocrx_word' id='word_1_595' title='bbox 2708 3929 2813 4000; x_wconf 78' lang='grc' dir='ltr'>γὰρ</span> <span class='ocrx_word' id='word_1_596' title='bbox 2839 3929 2903 3981; x_wconf 87' lang='grc' dir='ltr'>δι’</span> <span class='ocrx_word' id='word_1_597' title='bbox 2930 3930 3116 3996; x_wconf 82' lang='grc' dir='ltr'>αὐτοῦ,</span> <span class='ocrx_word' id='word_1_598' title='bbox 3150 3930 3225 3993; x_wconf 83' lang='grc' dir='ltr'>ὡς</span> <span class='ocrx_word' id='word_1_599' title='bbox 3253 3931 3338 3983; x_wconf 81' lang='grc' dir='ltr'><strong>διὰ</strong></span> <span class='ocrx_word' id='word_1_600' title='bbox 3368 3930 3571 4000; x_wconf 76' lang='grc' dir='ltr'>χειρὸς,</span> <span class='ocrx_word' id='word_1_601' title='bbox 3605 3933 3698 4001; x_wconf 77' lang='grc' dir='ltr'><strong>ἑρ-</strong></span> 
     </span>
    </p>
   </div>
   <div class='ocr_carea' id='block_1_82' title="bbox 2124 4020 2361 4089">
    <p class='ocr_par' dir='ltr' id='par_1_82' title="bbox 2124 4020 2361 4089">
     <span class='ocr_line' id='line_1_82' title="bbox 2124 4020 2361 4089; baseline 0.008 -18"><span class='ocrx_word' id='word_1_602' title='bbox 2124 4020 2361 4089; x_wconf 75' lang='grc' dir='ltr'>γάζεται.</span> 
     </span>
    </p>
   </div>
   <div class='ocr_carea' id='block_1_83' title="bbox 2173 4129 3660 4200">
    <p class='ocr_par' dir='ltr' id='par_1_83' title="bbox 2173 4129 3660 4200">
     <span class='ocr_line' id='line_1_83' title="bbox 2173 4129 3660 4200; baseline 0.001 -16"><span class='ocrx_word' id='word_1_603' title='bbox 2173 4132 2548 4199; x_wconf 80' lang='grc' dir='ltr'>Ἐπιτήρησις</span> <span class='ocrx_word' id='word_1_604' title='bbox 2580 4131 2696 4185; x_wconf 81' lang='grc' dir='ltr'><strong>ἀπὸ</strong></span> <span class='ocrx_word' id='word_1_605' title='bbox 2730 4129 2837 4197; x_wconf 84' lang='grc' dir='ltr'>τῆς</span> <span class='ocrx_word' id='word_1_606' title='bbox 2867 4132 3027 4194; x_wconf 77' lang='grc' dir='ltr'>θείης</span> <span class='ocrx_word' id='word_1_607' title='bbox 3059 4130 3324 4200; x_wconf 62' lang='grc' dir='ltr'>Γραφῆς,</span> <span class='ocrx_word' id='word_1_608' title='bbox 3358 4131 3518 4200; x_wconf 71' lang='grc' dir='ltr'>καλὴ</span> <span class='ocrx_word' id='word_1_609' title='bbox 3560 4133 3660 4186; x_wconf 74' lang='grc' dir='ltr'>καὶ</span> 
     </span>
    </p>
   </div>
   <div class='ocr_carea' id='block_1_84' title="bbox 2742 4200 3077 4270">
    <p class='ocr_par' dir='ltr' id='par_1_84' title="bbox 2742 4200 3077 4270">
     <span class='ocr_line' id='line_1_84' title="bbox 2742 4200 3077 4270; baseline -0.006 -17"><span class='ocrx_word' id='word_1_610' title='bbox 2742 4200 3077 4270; x_wconf 66' lang='grc' dir='ltr'>ἐπωφελής.</span> 
     </span>
    </p>
   </div>
   <div class='ocr_carea' id='block_1_85' title="bbox 2195 4313 3696 4386">
    <p class='ocr_par' dir='ltr' id='par_1_85' title="bbox 2195 4313 3696 4386">
     <span class='ocr_line' id='line_1_85' title="bbox 2195 4313 3696 4386; baseline 0.001 -19"><span class='ocrx_word' id='word_1_611' title='bbox 2195 4313 2348 4380; x_wconf 63' lang='lat' dir='ltr'><strong>Eine,</strong></span> <span class='ocrx_word' id='word_1_612' title='bbox 2400 4315 2583 4385; x_wconf 73' lang='grc' dir='ltr'>φησὶν,</span> <span class='ocrx_word' id='word_1_613' title='bbox 2627 4317 2654 4366; x_wconf 93' lang='lat'><strong>6</strong></span> <span class='ocrx_word' id='word_1_614' title='bbox 2705 4314 2854 4377; x_wconf 84' lang='grc' dir='ltr'>Θεός·</span> <span class='ocrx_word' id='word_1_615' title='bbox 2908 4314 3195 4385; x_wconf 76' lang='grc' dir='ltr'>Γενηθήτω</span> <span class='ocrx_word' id='word_1_616' title='bbox 3244 4315 3378 4381; x_wconf 84' lang='grc' dir='ltr'>φῶς,</span> <span class='ocrx_word' id='word_1_617' title='bbox 3404 4315 3696 4386; x_wconf 75' lang='grc' dir='ltr'>γενηθήτω</span> 
     </span>
    </p>
   </div>
   <div class='ocr_carea' id='block_1_86' title="bbox 2126 4404 3698 4479">
    <p class='ocr_par' dir='ltr' id='par_1_86' title="bbox 2126 4404 3698 4479">
     <span class='ocr_line' id='line_1_86' title="bbox 2126 4404 3698 4479; baseline 0 -18"><span class='ocrx_word' id='word_1_618' title='bbox 2126 4409 2439 4479; x_wconf 82' lang='grc' dir='ltr'>στερέωμα,</span> <span class='ocrx_word' id='word_1_619' title='bbox 2494 4404 2876 4475; x_wconf 77' lang='grc' dir='ltr'>γενηθήτωσαν</span> <span class='ocrx_word' id='word_1_620' title='bbox 2948 4406 3274 4475; x_wconf 69' lang='grc' dir='ltr'>φωστῆρεςσ</span> <span class='ocrx_word' id='word_1_621' title='bbox 3327 4408 3421 4459; x_wconf 70' lang='grc' dir='ltr'><strong>καὶ</strong></span> <span class='ocrx_word' id='word_1_622' title='bbox 3477 4408 3698 4475; x_wconf 72' lang='grc' dir='ltr'>ἐγένετο</span> 
     </span>
    </p>
   </div>
   <div class='ocr_carea' id='block_1_87' title="bbox 446 4492 2022 4573">
    <p class='ocr_par' dir='ltr' id='par_1_87' title="bbox 446 4492 2015 4551">
     <span class='ocr_line' id='line_1_87' title="bbox 446 4492 2015 4551; baseline -0.001 0"><span class='ocrx_word' id='word_1_623' title='bbox 446 4496 727 4551; x_wconf 82' lang='lat' dir='ltr'><strong>Faciamus</strong></span> <span class='ocrx_word' id='word_1_624' title='bbox 756 4495 1024 4549; x_wconf 90' lang='lat' dir='ltr'><strong>hominem</strong></span> <span class='ocrx_word' id='word_1_625' title='bbox 1062 4511 1075 4547; x_wconf 92' lang='lat'>:</span> <span class='ocrx_word' id='word_1_626' title='bbox 1113 4505 1164 4547; x_wconf 92' lang='lat' dir='ltr'><strong>et</strong></span> <span class='ocrx_word' id='word_1_627' title='bbox 1205 4492 1330 4545; x_wconf 80' lang='lat' dir='ltr'><strong>fecit</strong></span> <span class='ocrx_word' id='word_1_628' title='bbox 1364 4493 1502 4547; x_wconf 89' lang='lat' dir='ltr'><strong>Deus</strong></span> <span class='ocrx_word' id='word_1_629' title='bbox 1525 4494 1817 4549; x_wconf 86' lang='lat' dir='ltr'><strong>hominem.</strong></span> <span class='ocrx_word' id='word_1_630' title='bbox 1866 4494 1933 4548; x_wconf 83' lang='lat' dir='ltr'><strong>At</strong></span> <span class='ocrx_word' id='word_1_631' title='bbox 1964 4496 2015 4549; x_wconf 88' lang='lat' dir='ltr'><strong>in</strong></span> 
     </span>
    </p>
   </div>
   <div class='ocr_carea' id='block_1_88' title="bbox 2126 4492 3695 4573">
    <p class='ocr_par' dir='ltr' id='par_1_88' title="bbox 2126 4496 3695 4567">
     <span class='ocr_line' id='line_1_88' title="bbox 2126 4496 3695 4567; baseline -0.002 -14"><span class='ocrx_word' id='word_1_632' title='bbox 2126 4502 2311 4563; x_wconf 73' lang='grc' dir='ltr'>οὕτως.</span> <span class='ocrx_word' id='word_1_633' title='bbox 2361 4496 2516 4551; x_wconf 75' lang='grc' dir='ltr'>Εἷπε·</span> <span class='ocrx_word' id='word_1_634' title='bbox 2551 4501 2874 4567; x_wconf 78' lang='grc' dir='ltr'>Ποιήσωμεν</span> <span class='ocrx_word' id='word_1_635' title='bbox 2902 4497 3220 4566; x_wconf 79' lang='grc' dir='ltr'><strong>ἄνθρωπον⁸</strong></span> <span class='ocrx_word' id='word_1_636' title='bbox 3253 4497 3345 4549; x_wconf 72' lang='grc' dir='ltr'><strong>καὶ</strong></span> <span class='ocrx_word' id='word_1_637' title='bbox 3372 4498 3629 4567; x_wconf 77' lang='grc' dir='ltr'>ἐποίησεν</span> <span class='ocrx_word' id='word_1_638' title='bbox 3667 4501 3695 4550; x_wconf 89' lang='lat'><strong>6</strong></span> 
     </span>
    </p>
   </div>
   <div class='ocr_carea' id='block_1_89' title="bbox 448 4582 2001 4655">
    <p class='ocr_par' dir='ltr' id='par_1_89' title="bbox 448 4582 2001 4655">
     <span class='ocr_line' id='line_1_89' title="bbox 448 4582 2001 4655; baseline -0.001 -14"><span class='ocrx_word' id='word_1_639' title='bbox 448 4588 531 4641; x_wconf 87' lang='lat' dir='ltr'><strong>his</strong></span> <span class='ocrx_word' id='word_1_640' title='bbox 558 4586 809 4640; x_wconf 87' lang='lat' dir='ltr'><strong>omnibus</strong></span> <span class='ocrx_word' id='word_1_641' title='bbox 838 4599 1101 4653; x_wconf 87' lang='lat' dir='ltr'><strong>nusquam</strong></span> <span class='ocrx_word' id='word_1_642' title='bbox 1129 4591 1212 4639; x_wconf 90' lang='lat' dir='ltr'><strong>est</strong></span> <span class='ocrx_word' id='word_1_643' title='bbox 1245 4584 1430 4637; x_wconf 83' lang='lat' dir='ltr'><strong>videre</strong></span> <span class='ocrx_word' id='word_1_644' title='bbox 1459 4582 1655 4637; x_wconf 84' lang='lat' dir='ltr'><strong>Filium</strong></span> <span class='ocrx_word' id='word_1_645' title='bbox 1683 4585 1877 4655; x_wconf 89' lang='lat' dir='ltr'><strong>alloqui</strong></span> <span class='ocrx_word' id='word_1_646' title='bbox 1910 4586 2001 4640; x_wconf 88' lang='lat' dir='ltr'><strong>Pa-</strong></span> 
     </span>
    </p>
   </div>
   <div class='ocr_carea' id='block_1_90' title="bbox 448 4674 2008 4747">
    <p class='ocr_par' dir='ltr' id='par_1_90' title="bbox 448 4674 2008 4747">
     <span class='ocr_line' id='line_1_90' title="bbox 448 4674 2008 4747; baseline -0.002 -14"><span class='ocrx_word' id='word_1_647' title='bbox 448 4690 605 4741; x_wconf 88' lang='lat' dir='ltr'><strong>trem,</strong></span> <span class='ocrx_word' id='word_1_648' title='bbox 638 4678 790 4747; x_wconf 89' lang='lat' dir='ltr'><strong>quasi</strong></span> <span class='ocrx_word' id='word_1_649' title='bbox 822 4676 1088 4731; x_wconf 84' lang='lat' dir='ltr'><strong>volentem</strong></span> <span class='ocrx_word' id='word_1_650' title='bbox 1119 4676 1326 4730; x_wconf 84' lang='lat' dir='ltr'><strong>discere</strong></span> <span class='ocrx_word' id='word_1_651' title='bbox 1368 4674 1671 4742; x_wconf 87' lang='lat' dir='ltr'><strong>qualianam</strong></span> <span class='ocrx_word' id='word_1_652' title='bbox 1702 4691 1822 4731; x_wconf 82' lang='lat' dir='ltr'><strong>esse</strong></span> <span class='ocrx_word' id='word_1_653' title='bbox 1850 4693 2008 4745; x_wconf 90' lang='lat' dir='ltr'><strong>opor-</strong></span> 
     </span>
    </p>
   </div>
   <div class='ocr_carea' id='block_1_91' title="bbox 446 4768 2005 4839">
    <p class='ocr_par' dir='ltr' id='par_1_91' title="bbox 446 4768 2005 4839">
     <span class='ocr_line' id='line_1_91' title="bbox 446 4768 2005 4839; baseline -0.001 -13"><span class='ocrx_word' id='word_1_654' title='bbox 446 4782 521 4827; x_wconf 88' lang='lat' dir='ltr'><strong>tet</strong></span> <span class='ocrx_word' id='word_1_655' title='bbox 550 4787 668 4839; x_wconf 69' lang='lat' dir='ltr'><strong>quaz</strong></span> <span class='ocrx_word' id='word_1_656' title='bbox 701 4771 933 4823; x_wconf 83' lang='lat' dir='ltr'><strong>creanda</strong></span> <span class='ocrx_word' id='word_1_657' title='bbox 966 4777 1143 4832; x_wconf 85' lang='lat' dir='ltr'><strong>erant,</strong></span> <span class='ocrx_word' id='word_1_658' title='bbox 1190 4768 1281 4822; x_wconf 89' lang='lat' dir='ltr'><strong>sed</strong></span> <span class='ocrx_word' id='word_1_659' title='bbox 1320 4783 1419 4823; x_wconf 87' lang='lat' dir='ltr'><strong>vox</strong></span> <span class='ocrx_word' id='word_1_660' title='bbox 1476 4771 1589 4837; x_wconf 87' lang='lat' dir='ltr'><strong>ipsa</strong></span> <span class='ocrx_word' id='word_1_661' title='bbox 1643 4784 1776 4838; x_wconf 89' lang='lat' dir='ltr'><strong>opus</strong></span> <span class='ocrx_word' id='word_1_662' title='bbox 1804 4780 1887 4823; x_wconf 90' lang='lat' dir='ltr'><strong>est</strong></span> <span class='ocrx_word' id='word_1_663' title='bbox 1917 4788 1930 4824; x_wconf 92' lang='lat'>:</span> <span class='ocrx_word' id='word_1_664' title='bbox 1963 4770 2005 4824; x_wconf 91' lang='lat' dir='ltr'><strong>si</strong></span> 
     </span>
    </p>
   </div>
   <div class='ocr_carea' id='block_1_92' title="bbox 446 4858 2005 4928">
    <p class='ocr_par' dir='ltr' id='par_1_92' title="bbox 446 4858 2005 4928">
     <span class='ocr_line' id='line_1_92' title="bbox 446 4858 2005 4928; baseline -0.001 -14"><span class='ocrx_word' id='word_1_665' title='bbox 446 4875 621 4915; x_wconf 84' lang='lat' dir='ltr'><strong>autem</strong></span> <span class='ocrx_word' id='word_1_666' title='bbox 653 4860 829 4915; x_wconf 88' lang='lat' dir='ltr'><strong>Verbo</strong></span> <span class='ocrx_word' id='word_1_667' title='bbox 860 4874 1022 4928; x_wconf 89' lang='lat' dir='ltr'><strong>opera</strong></span> <span class='ocrx_word' id='word_1_668' title='bbox 1059 4858 1191 4911; x_wconf 89' lang='lat' dir='ltr'><strong>liunt</strong></span> <span class='ocrx_word' id='word_1_669' title='bbox 1236 4858 1389 4925; x_wconf 78' lang='lat' dir='ltr'><strong>juxta</strong></span> <span class='ocrx_word' id='word_1_670' title='bbox 1428 4860 1752 4913; x_wconf 84' lang='lat' dir='ltr'><strong>voluntatem</strong></span> <span class='ocrx_word' id='word_1_671' title='bbox 1806 4860 2005 4925; x_wconf 86' lang='lat' dir='ltr'><strong>Patris,</strong></span> 
     </span>
    </p>
   </div>
   <div class='ocr_carea' id='block_1_93' title="bbox 449 4949 2010 5020">
    <p class='ocr_par' dir='ltr' id='par_1_93' title="bbox 449 4949 2010 5020">
     <span class='ocr_line' id='line_1_93' title="bbox 449 4949 2010 5020; baseline 0.001 -15"><span class='ocrx_word' id='word_1_672' title='bbox 449 4952 677 5007; x_wconf 85' lang='lat' dir='ltr'><strong>Verbum</strong></span> <span class='ocrx_word' id='word_1_673' title='bbox 714 4952 897 5018; x_wconf 82' lang='lat' dir='ltr'><strong>itaque</strong></span> <span class='ocrx_word' id='word_1_674' title='bbox 926 4959 1011 5005; x_wconf 87' lang='lat' dir='ltr'><strong>est</strong></span> <span class='ocrx_word' id='word_1_675' title='bbox 1052 4950 1300 5003; x_wconf 76' lang='lat' dir='ltr'><strong>voluntas</strong></span> <span class='ocrx_word' id='word_1_676' title='bbox 1331 4949 1507 5003; x_wconf 86' lang='lat' dir='ltr'><strong>Patris</strong></span> <span class='ocrx_word' id='word_1_677' title='bbox 1547 4956 1729 5004; x_wconf 81' lang='lat' dir='ltr'><strong>vivens</strong></span> <span class='ocrx_word' id='word_1_678' title='bbox 1772 4962 1931 5020; x_wconf 86' lang='lat' dir='ltr'><strong>atque</strong></span> <span class='ocrx_word' id='word_1_679' title='bbox 1961 4954 2010 5007; x_wconf 92' lang='lat' dir='ltr'><strong>ei</strong></span> 
     </span>
    </p>
   </div>
   <div class='ocr_carea' id='block_1_94' title="bbox 448 5042 2007 5112">
    <p class='ocr_par' dir='ltr' id='par_1_94' title="bbox 448 5042 2007 5112">
     <span class='ocr_line' id='line_1_94' title="bbox 448 5042 2007 5112; baseline 0.001 -15"><span class='ocrx_word' id='word_1_680' title='bbox 448 5046 789 5108; x_wconf 82' lang='lat' dir='ltr'><strong>inexsistens,</strong></span> <span class='ocrx_word' id='word_1_681' title='bbox 815 5058 931 5112; x_wconf 71' lang='lat' dir='ltr'><strong>qua!</strong></span> <span class='ocrx_word' id='word_1_682' title='bbox 957 5042 1114 5097; x_wconf 83' lang='lat' dir='ltr'><strong>simul</strong></span> <span class='ocrx_word' id='word_1_683' title='bbox 1146 5043 1199 5094; x_wconf 90' lang='lat' dir='ltr'><strong>in</strong></span> <span class='ocrx_word' id='word_1_684' title='bbox 1228 5042 1341 5109; x_wconf 85' lang='lat' dir='ltr'><strong>ipso</strong></span> <span class='ocrx_word' id='word_1_685' title='bbox 1369 5051 1470 5105; x_wconf 86' lang='lat' dir='ltr'><strong>est,</strong></span> <span class='ocrx_word' id='word_1_686' title='bbox 1491 5051 1541 5096; x_wconf 89' lang='lat' dir='ltr'><strong>et</strong></span> <span class='ocrx_word' id='word_1_687' title='bbox 1570 5042 1804 5096; x_wconf 87' lang='lat' dir='ltr'><strong>vicissim</strong></span> <span class='ocrx_word' id='word_1_688' title='bbox 1836 5046 2007 5110; x_wconf 63' lang='lat' dir='ltr'><strong>ipsum</strong></span> 
     </span>
    </p>
   </div>
   <div class='ocr_carea' id='block_1_95' title="bbox 444 5135 801 5187">
    <p class='ocr_par' dir='ltr' id='par_1_95' title="bbox 444 5135 801 5187">
     <span class='ocr_line' id='line_1_95' title="bbox 444 5135 801 5187; baseline 0 -1"><span class='ocrx_word' id='word_1_689' title='bbox 444 5136 495 5187; x_wconf 86' lang='lat' dir='ltr'><strong>in</strong></span> <span class='ocrx_word' id='word_1_690' title='bbox 535 5149 590 5186; x_wconf 82' lang='lat' dir='ltr'><strong>se</strong></span> <span class='ocrx_word' id='word_1_691' title='bbox 623 5135 801 5186; x_wconf 81' lang='lat' dir='ltr'><strong>habet.</strong></span> 
     </span>
    </p>
   </div>
   <div class='ocr_carea' id='block_1_96' title="bbox 448 5240 2008 5317">
    <p class='ocr_par' dir='ltr' id='par_1_96' title="bbox 448 5240 2008 5317">
     <span class='ocr_line' id='line_1_96' title="bbox 448 5240 2008 5317; baseline -0.003 -20"><span class='ocrx_word' id='word_1_692' title='bbox 448 5247 602 5317; x_wconf 81' lang='lat'><strong>155</strong></span> <span class='ocrx_word' id='word_1_693' title='bbox 633 5245 751 5296; x_wconf 79' lang='lat' dir='ltr'><strong>Alia</strong></span> <span class='ocrx_word' id='word_1_694' title='bbox 802 5245 1109 5317; x_wconf 75' lang='lat' dir='ltr'><strong>obseruatio,</strong></span> <span class='ocrx_word' id='word_1_695' title='bbox 1155 5258 1218 5295; x_wconf 68' lang='lat' dir='ltr'><strong>ex</strong></span> <span class='ocrx_word' id='word_1_696' title='bbox 1266 5258 1369 5317; x_wconf 76' lang='lat' dir='ltr'><strong>qua</strong></span> <span class='ocrx_word' id='word_1_697' title='bbox 1424 5242 1670 5317; x_wconf 73' lang='lat' dir='ltr'><strong>discimus</strong></span> <span class='ocrx_word' id='word_1_698' title='bbox 1721 5240 1925 5317; x_wconf 54' lang='lat' dir='ltr'><strong>angelis</strong></span> <span class='ocrx_word' id='word_1_699' title='bbox 1960 5250 2008 5292; x_wconf 84' lang='lat' dir='ltr'><strong>et</strong></span> 
     </span>
    </p>
   </div>
   <div class='ocr_carea' id='block_1_97' title="bbox 512 5310 2007 5379">
    <p class='ocr_par' dir='ltr' id='par_1_97' title="bbox 512 5310 2007 5379">
     <span class='ocr_line' id='line_1_97' title="bbox 512 5310 2007 5379; baseline -0.007 -8"><span class='ocrx_word' id='word_1_700' title='bbox 512 5310 706 5371; x_wconf 55' lang='lat' dir='ltr'><strong>Lacus</strong></span> <span class='ocrx_word' id='word_1_701' title='bbox 742 5315 1001 5379; x_wconf 78' lang='lat' dir='ltr'><strong>prophetis</strong></span> <span class='ocrx_word' id='word_1_702' title='bbox 1038 5314 1457 5365; x_wconf 81' lang='lat' dir='ltr'><strong>consuetudinem</strong></span> <span class='ocrx_word' id='word_1_703' title='bbox 1489 5327 1596 5363; x_wconf 72' lang='lat' dir='ltr'><strong>esse</strong></span> <span class='ocrx_word' id='word_1_704' title='bbox 1619 5312 1786 5377; x_wconf 81' lang='lat' dir='ltr'><strong>jussis</strong></span> <span class='ocrx_word' id='word_1_705' title='bbox 1828 5328 1858 5361; x_wconf 81' lang='grc' dir='ltr'><strong>α</strong></span> <span class='ocrx_word' id='word_1_706' title='bbox 1902 5310 2007 5361; x_wconf 81' lang='lat' dir='ltr'><strong>beo</strong></span> 
     </span>
    </p>
   </div>
   <div class='ocr_carea' id='block_1_98' title="bbox 514 5380 2006 5450">
    <p class='ocr_par' dir='ltr' id='par_1_98' title="bbox 514 5380 2006 5450">
     <span class='ocr_line' id='line_1_98' title="bbox 514 5380 2006 5450; baseline -0.006 -10"><span class='ocrx_word' id='word_1_707' title='bbox 514 5390 672 5440; x_wconf 87' lang='lat' dir='ltr'><strong>etiam</strong></span> <span class='ocrx_word' id='word_1_708' title='bbox 697 5384 1129 5450; x_wconf 80' lang='lat' dir='ltr'><strong>interrogationes</strong></span> <span class='ocrx_word' id='word_1_709' title='bbox 1164 5382 1419 5450; x_wconf 75' lang='lat' dir='ltr'><strong>proferre,</strong></span> <span class='ocrx_word' id='word_1_710' title='bbox 1450 5381 1815 5445; x_wconf 81' lang='lat' dir='ltr'><strong>ignorantibus</strong></span> <span class='ocrx_word' id='word_1_711' title='bbox 1847 5380 2006 5431; x_wconf 83' lang='lat' dir='ltr'><strong>inter-</strong></span> 
     </span>
    </p>
   </div>
   <div class='ocr_carea' id='block_1_99' title="bbox 509 5448 2005 5523">
    <p class='ocr_par' dir='ltr' id='par_1_99' title="bbox 509 5448 2005 5523">
     <span class='ocr_line' id='line_1_99' title="bbox 509 5448 2005 5523; baseline -0.004 -16"><span class='ocrx_word' id='word_1_712' title='bbox 509 5458 630 5507; x_wconf 90' lang='lat' dir='ltr'><strong>dum</strong></span> <span class='ocrx_word' id='word_1_713' title='bbox 673 5457 723 5506; x_wconf 77' lang='lat' dir='ltr'><strong>id</strong></span> <span class='ocrx_word' id='word_1_714' title='bbox 754 5448 1134 5523; x_wconf 20' lang='lat' dir='ltr'><strong>quod‘jussum</strong></span> <span class='ocrx_word' id='word_1_715' title='bbox 1176 5461 1271 5505; x_wconf 74' lang='lat' dir='ltr'><strong>est.</strong></span> <span class='ocrx_word' id='word_1_716' title='bbox 1318 5448 1537 5503; x_wconf 82' lang='lat' dir='ltr'><strong>Verbum</strong></span> <span class='ocrx_word' id='word_1_717' title='bbox 1580 5459 1751 5501; x_wconf 85' lang='lat' dir='ltr'><strong>autem</strong></span> <span class='ocrx_word' id='word_1_718' title='bbox 1796 5466 1894 5501; x_wconf 86' lang='lat' dir='ltr'><strong>non</strong></span> <span class='ocrx_word' id='word_1_719' title='bbox 1931 5452 2005 5501; x_wconf 80' lang='lat' dir='ltr'><strong>ita</strong></span> 
     </span>
    </p>
   </div>
   <div class='ocr_carea' id='block_1_100' title="bbox 513 5526 988 5594">
    <p class='ocr_par' dir='ltr' id='par_1_100' title="bbox 513 5526 988 5594">
     <span class='ocr_line' id='line_1_100' title="bbox 513 5526 988 5594; baseline -0.006 -17"><span class='ocrx_word' id='word_1_720' title='bbox 513 5526 682 5594; x_wconf 77' lang='lat' dir='ltr'><strong>facere</strong></span> <span class='ocrx_word' id='word_1_721' title='bbox 716 5527 988 5590; x_wconf 70' lang='lat' dir='ltr'><strong>reperitur.</strong></span> 
     </span>
    </p>
   </div>
   <div class='ocr_carea' id='block_1_101' title="bbox 511 5632 2000 5706">
    <p class='ocr_par' dir='ltr' id='par_1_101' title="bbox 511 5632 2000 5706">
     <span class='ocr_line' id='line_1_101' title="bbox 511 5632 2000 5706; baseline -0.005 -15"><span class='ocrx_word' id='word_1_722' title='bbox 511 5638 650 5691; x_wconf 87' lang='lat' dir='ltr'><strong>Deus</strong></span> <span class='ocrx_word' id='word_1_723' title='bbox 664 5637 908 5706; x_wconf 89' lang='lat' dir='ltr'><strong>promisit</strong></span> <span class='ocrx_word' id='word_1_724' title='bbox 931 5635 1157 5689; x_wconf 71' lang='lat' dir='ltr'><strong>Ahrahzn</strong></span> <span class='ocrx_word' id='word_1_725' title='bbox 1180 5633 1374 5701; x_wconf 83' lang='lat' dir='ltr'><strong>ﬁlium,</strong></span> <span class='ocrx_word' id='word_1_726' title='bbox 1398 5643 1449 5689; x_wconf 89' lang='lat' dir='ltr'><strong>et</strong></span> <span class='ocrx_word' id='word_1_727' title='bbox 1468 5635 1581 5703; x_wconf 85' lang='lat' dir='ltr'><strong>ipse</strong></span> <span class='ocrx_word' id='word_1_728' title='bbox 1600 5634 1865 5701; x_wconf 83' lang='lat' dir='ltr'><strong>interroga</strong></span> <span class='ocrx_word' id='word_1_729' title='bbox 1892 5632 2000 5687; x_wconf 87' lang='lat' dir='ltr'><strong>vit:</strong></span> 
     </span>
    </p>
   </div>
   <div class='ocr_carea' id='block_1_102' title="bbox 519 5790 1547 5857">
    <p class='ocr_par' dir='ltr' id='par_1_102' title="bbox 519 5790 1547 5857">
     <span class='ocr_line' id='line_1_102' title="bbox 519 5790 1547 5857; baseline -0.002 -12"><span class='ocrx_word' id='word_1_730' title='bbox 519 5796 557 5825; x_wconf 84' lang='grc'><strong>¹³</strong></span> <span class='ocrx_word' id='word_1_731' title='bbox 585 5792 735 5845; x_wconf 72' lang='lat' dir='ltr'><strong>Juan.</strong></span> <span class='ocrx_word' id='word_1_732' title='bbox 771 5808 811 5857; x_wconf 82' lang='grc' dir='ltr'>ι,</span> <span class='ocrx_word' id='word_1_733' title='bbox 850 5794 895 5844; x_wconf 89' lang='lat' dir='ltr'><strong>l.</strong></span> <span class='ocrx_word' id='word_1_734' title='bbox 978 5790 1171 5846; x_wconf 72' lang='lat' dir='ltr'><strong>“ibid.</strong></span> <span class='ocrx_word' id='word_1_735' title='bbox 1245 5792 1305 5820; x_wconf 62' lang='grc' dir='ltr'><strong>’δ’</strong></span> <span class='ocrx_word' id='word_1_736' title='bbox 1331 5790 1465 5845; x_wconf 83' lang='lat' dir='ltr'><strong>Gen.</strong></span> <span class='ocrx_word' id='word_1_737' title='bbox 1507 5808 1547 5844; x_wconf 88' lang='grc' dir='ltr'><strong>ι.</strong></span> 
     </span>
    </p>
   </div>
   <div class='ocr_carea' id='block_1_103' title="bbox 2115 4585 3692 4657">
    <p class='ocr_par' dir='ltr' id='par_1_103' title="bbox 2115 4585 3692 4657">
     <span class='ocr_line' id='line_1_103' title="bbox 2115 4585 3692 4657; baseline -0.003 -13"><span class='ocrx_word' id='word_1_738' title='bbox 2115 4592 2244 4653; x_wconf 81' lang='grc' dir='ltr'>Θεὸς</span> <span class='ocrx_word' id='word_1_739' title='bbox 2282 4590 2370 4641; x_wconf 82' lang='grc' dir='ltr'><strong>τὸν</strong></span> <span class='ocrx_word' id='word_1_740' title='bbox 2402 4588 2703 4657; x_wconf 80' lang='grc' dir='ltr'>ἄνθρωπον.</span> <span class='ocrx_word' id='word_1_741' title='bbox 2725 4586 2860 4637; x_wconf 80' lang='grc' dir='ltr'>Ἀλλ’</span> <span class='ocrx_word' id='word_1_742' title='bbox 2895 4588 2951 4637; x_wconf 85' lang='grc' dir='ltr'>ὲν</span> <span class='ocrx_word' id='word_1_743' title='bbox 2978 4585 3187 4645; x_wconf 79' lang='grc' dir='ltr'>τούτοις</span> <span class='ocrx_word' id='word_1_744' title='bbox 3224 4586 3425 4637; x_wconf 77' lang='grc' dir='ltr'>ἅπασιν</span> <span class='ocrx_word' id='word_1_745' title='bbox 3452 4586 3692 4656; x_wconf 75' lang='grc' dir='ltr'>οὐδαμοῦ</span> 
     </span>
    </p>
   </div>
   <div class='ocr_carea' id='block_1_104' title="bbox 2116 4675 3691 4751">
    <p class='ocr_par' dir='ltr' id='par_1_104' title="bbox 2116 4675 3691 4751">
     <span class='ocr_line' id='line_1_104' title="bbox 2116 4675 3691 4751; baseline -0.003 -15"><span class='ocrx_word' id='word_1_746' title='bbox 2116 4684 2365 4751; x_wconf 84' lang='grc' dir='ltr'>φαίνεται</span> <span class='ocrx_word' id='word_1_747' title='bbox 2396 4681 2552 4746; x_wconf 86' lang='grc' dir='ltr'>λόγος</span> <span class='ocrx_word' id='word_1_748' title='bbox 2582 4678 2656 4740; x_wconf 83' lang='grc' dir='ltr'>ὡς</span> <span class='ocrx_word' id='word_1_749' title='bbox 2687 4677 2743 4742; x_wconf 76' lang='grc' dir='ltr'>ἐξ</span> <span class='ocrx_word' id='word_1_750' title='bbox 2775 4677 2902 4729; x_wconf 78' lang='grc' dir='ltr'><strong>Υίοῦ</strong></span> <span class='ocrx_word' id='word_1_751' title='bbox 2942 4677 3077 4747; x_wconf 82' lang='grc' dir='ltr'>πρὸς</span> <span class='ocrx_word' id='word_1_752' title='bbox 3108 4675 3198 4730; x_wconf 81' lang='grc' dir='ltr'>τὸν</span> <span class='ocrx_word' id='word_1_753' title='bbox 3228 4676 3448 4747; x_wconf 82' lang='grc' dir='ltr'>Πατέρα</span> <span class='ocrx_word' id='word_1_754' title='bbox 3482 4680 3691 4747; x_wconf 83' lang='grc' dir='ltr'>μανθά-</span> 
     </span>
    </p>
   </div>
   <div class='ocr_carea' id='block_1_105' title="bbox 2113 4766 3684 4839">
    <p class='ocr_par' dir='ltr' id='par_1_105' title="bbox 2113 4766 3684 4839">
     <span class='ocr_line' id='line_1_105' title="bbox 2113 4766 3684 4839; baseline -0.001 -16"><span class='ocrx_word' id='word_1_755' title='bbox 2113 4789 2222 4823; x_wconf 90' lang='grc' dir='ltr'>νειν</span> <span class='ocrx_word' id='word_1_756' title='bbox 2251 4769 2526 4831; x_wconf 75' lang='grc' dir='ltr'>ἐθέλοντος</span> <span class='ocrx_word' id='word_1_757' title='bbox 2553 4768 2712 4820; x_wconf 75' lang='grc' dir='ltr'>ὁποῖά</span> <span class='ocrx_word' id='word_1_758' title='bbox 2734 4784 2854 4821; x_wconf 87' lang='grc' dir='ltr'>τινα</span> <span class='ocrx_word' id='word_1_759' title='bbox 2875 4766 2978 4836; x_wconf 82' lang='grc' dir='ltr'><strong>χρὴ</strong></span> <span class='ocrx_word' id='word_1_760' title='bbox 3003 4766 3254 4835; x_wconf 80' lang='grc' dir='ltr'>γενέσθαι</span> <span class='ocrx_word' id='word_1_761' title='bbox 3282 4766 3347 4819; x_wconf 79' lang='grc' dir='ltr'>τὰ</span> <span class='ocrx_word' id='word_1_762' title='bbox 3370 4767 3684 4839; x_wconf 72' lang='grc' dir='ltr'>κτιςόμενα·</span> 
     </span>
    </p>
   </div>
   <div class='ocr_carea' id='block_1_106' title="bbox 2112 4857 3686 4929">
    <p class='ocr_par' dir='ltr' id='par_1_106' title="bbox 2112 4857 3686 4929">
     <span class='ocr_line' id='line_1_106' title="bbox 2112 4857 3686 4929; baseline 0 -16"><span class='ocrx_word' id='word_1_763' title='bbox 2112 4862 2226 4913; x_wconf 79' lang='grc' dir='ltr'>ἀλλ’</span> <span class='ocrx_word' id='word_1_764' title='bbox 2255 4863 2285 4929; x_wconf 82' lang='grc' dir='ltr'>ἡ</span> <span class='ocrx_word' id='word_1_765' title='bbox 2318 4859 2467 4929; x_wconf 79' lang='grc' dir='ltr'>φωνὴ</span> <span class='ocrx_word' id='word_1_766' title='bbox 2515 4858 2576 4909; x_wconf 85' lang='grc' dir='ltr'><strong>τὸ</strong></span> <span class='ocrx_word' id='word_1_767' title='bbox 2620 4857 2777 4928; x_wconf 76' lang='grc' dir='ltr'>ἔργον</span> <span class='ocrx_word' id='word_1_768' title='bbox 2806 4859 3034 4925; x_wconf 83' lang='grc' dir='ltr'>γίνεται.</span> <span class='ocrx_word' id='word_1_769' title='bbox 3067 4858 3129 4910; x_wconf 77' lang='grc' dir='ltr'><strong>Εἰ</strong></span> <span class='ocrx_word' id='word_1_770' title='bbox 3169 4857 3227 4909; x_wconf 81' lang='grc' dir='ltr'>δὲ</span> <span class='ocrx_word' id='word_1_771' title='bbox 3272 4857 3415 4927; x_wconf 86' lang='grc' dir='ltr'>λόγῳ</span> <span class='ocrx_word' id='word_1_772' title='bbox 3447 4858 3514 4911; x_wconf 77' lang='grc' dir='ltr'>τὰ</span> <span class='ocrx_word' id='word_1_773' title='bbox 3549 4858 3686 4929; x_wconf 74' lang='grc' dir='ltr'>ἔργα</span> 
     </span>
    </p>
   </div>
   <div class='ocr_carea' id='block_1_107' title="bbox 2109 4948 3684 5020">
    <p class='ocr_par' dir='ltr' id='par_1_107' title="bbox 2109 4948 3684 5020">
     <span class='ocr_line' id='line_1_107' title="bbox 2109 4948 3684 5020; baseline -0.001 -17"><span class='ocrx_word' id='word_1_774' title='bbox 2109 4954 2316 5019; x_wconf 83' lang='grc' dir='ltr'>γίνεται</span> <span class='ocrx_word' id='word_1_775' title='bbox 2350 4950 2489 5005; x_wconf 79' lang='grc' dir='ltr'>κατὰ</span> <span class='ocrx_word' id='word_1_776' title='bbox 2534 4948 2632 5018; x_wconf 77' lang='grc' dir='ltr'>τὴν</span> <span class='ocrx_word' id='word_1_777' title='bbox 2683 4949 2875 5019; x_wconf 82' lang='grc' dir='ltr'>βουλὴν</span> <span class='ocrx_word' id='word_1_778' title='bbox 2920 4948 3015 5000; x_wconf 78' lang='grc' dir='ltr'>τοῦ</span> <span class='ocrx_word' id='word_1_779' title='bbox 3055 4948 3287 5019; x_wconf 84' lang='grc' dir='ltr'>Πατρὸς,</span> <span class='ocrx_word' id='word_1_780' title='bbox 3318 4948 3345 4999; x_wconf 93' lang='lat'><strong>6</strong></span> <span class='ocrx_word' id='word_1_781' title='bbox 3375 4948 3544 5015; x_wconf 81' lang='grc' dir='ltr'>Λόγος</span> <span class='ocrx_word' id='word_1_782' title='bbox 3576 4950 3684 5020; x_wconf 73' lang='grc' dir='ltr'>ἄρα</span> 
     </span>
    </p>
   </div>
   <div class='ocr_carea' id='block_1_108' title="bbox 2109 5040 3680 5111">
    <p class='ocr_par' dir='ltr' id='par_1_108' title="bbox 2109 5040 3680 5111">
     <span class='ocr_line' id='line_1_108' title="bbox 2109 5040 3680 5111; baseline 0 -18"><span class='ocrx_word' id='word_1_783' title='bbox 2109 5043 2253 5093; x_wconf 74' lang='grc' dir='ltr'>ἐστὶν</span> <span class='ocrx_word' id='word_1_784' title='bbox 2286 5045 2317 5111; x_wconf 82' lang='grc' dir='ltr'>ἡ</span> <span class='ocrx_word' id='word_1_785' title='bbox 2353 5040 2632 5111; x_wconf 70' lang='grc' dir='ltr'>βουλὴτοῦ</span> <span class='ocrx_word' id='word_1_786' title='bbox 2662 5041 2871 5109; x_wconf 70' lang='grc' dir='ltr'>Πατρός</span> <span class='ocrx_word' id='word_1_787' title='bbox 2900 5042 2930 5109; x_wconf 81' lang='grc' dir='ltr'>ἡ</span> <span class='ocrx_word' id='word_1_788' title='bbox 2960 5040 3108 5103; x_wconf 80' lang='grc' dir='ltr'>ζῶσα</span> <span class='ocrx_word' id='word_1_789' title='bbox 3138 5042 3229 5091; x_wconf 80' lang='grc' dir='ltr'><strong>καὶ</strong></span> <span class='ocrx_word' id='word_1_790' title='bbox 3255 5040 3516 5103; x_wconf 79' lang='grc' dir='ltr'>ὲνούσιος,</span> <span class='ocrx_word' id='word_1_791' title='bbox 3541 5041 3680 5111; x_wconf 80' lang='grc' dir='ltr'>αὐτή</span> 
     </span>
    </p>
   </div>
   <div class='ocr_carea' id='block_1_109' title="bbox 2107 5128 3443 5201">
    <p class='ocr_par' dir='ltr' id='par_1_109' title="bbox 2107 5128 3443 5201">
     <span class='ocr_line' id='line_1_109' title="bbox 2107 5128 3443 5201; baseline -0.001 -19"><span class='ocrx_word' id='word_1_792' title='bbox 2107 5148 2164 5182; x_wconf 83' lang='grc' dir='ltr'><strong>τε</strong></span> <span class='ocrx_word' id='word_1_793' title='bbox 2194 5128 2329 5184; x_wconf 81' lang='grc' dir='ltr'>οὖσα</span> <span class='ocrx_word' id='word_1_794' title='bbox 2363 5132 2420 5182; x_wconf 82' lang='grc' dir='ltr'>ὲν</span> <span class='ocrx_word' id='word_1_795' title='bbox 2456 5131 2648 5201; x_wconf 77' lang='grc' dir='ltr'>Πατρὶ,</span> <span class='ocrx_word' id='word_1_796' title='bbox 2679 5132 2773 5183; x_wconf 76' lang='grc' dir='ltr'>καὶ</span> <span class='ocrx_word' id='word_1_797' title='bbox 2806 5130 3003 5200; x_wconf 70' lang='grc' dir='ltr'>ἔχουσα</span> <span class='ocrx_word' id='word_1_798' title='bbox 3038 5130 3199 5181; x_wconf 81' lang='grc' dir='ltr'>αὐτὸν</span> <span class='ocrx_word' id='word_1_799' title='bbox 3227 5131 3284 5181; x_wconf 82' lang='grc' dir='ltr'>ὲν</span> <span class='ocrx_word' id='word_1_800' title='bbox 3309 5130 3443 5199; x_wconf 77' lang='grc' dir='ltr'>αὐτῇ</span> 
     </span>
    </p>
   </div>
   <div class='ocr_carea' id='block_1_110' title="bbox 2119 5237 3681 5309">
    <p class='ocr_par' dir='ltr' id='par_1_110' title="bbox 2119 5237 3681 5309">
     <span class='ocr_line' id='line_1_110' title="bbox 2119 5237 3681 5309; baseline 0.003 -17"><span class='ocrx_word' id='word_1_801' title='bbox 2119 5240 2495 5308; x_wconf 79' lang='grc' dir='ltr'>Ἐπιτήρηο-ις</span> <span class='ocrx_word' id='word_1_802' title='bbox 2538 5242 2767 5309; x_wconf 79' lang='grc' dir='ltr'>ὁμοίως,</span> <span class='ocrx_word' id='word_1_803' title='bbox 2798 5241 2865 5305; x_wconf 82' lang='grc' dir='ltr'><strong>ἐξ</strong></span> <span class='ocrx_word' id='word_1_804' title='bbox 2911 5237 2985 5309; x_wconf 78' lang='grc' dir='ltr'>ἧς</span> <span class='ocrx_word' id='word_1_805' title='bbox 3029 5241 3415 5309; x_wconf 76' lang='grc' dir='ltr'><strong>μανθάνομεν</strong></span> <span class='ocrx_word' id='word_1_806' title='bbox 3446 5241 3535 5295; x_wconf 84' lang='grc' dir='ltr'>ὅτι</span> <span class='ocrx_word' id='word_1_807' title='bbox 3584 5245 3681 5297; x_wconf 70' lang='grc' dir='ltr'>καὶ</span> 
     </span>
    </p>
   </div>
   <div class='ocr_carea' id='block_1_111' title="bbox 2176 5311 3684 5379">
    <p class='ocr_par' dir='ltr' id='par_1_111' title="bbox 2176 5311 3684 5379">
     <span class='ocr_line' id='line_1_111' title="bbox 2176 5311 3684 5379; baseline 0.001 -16"><span class='ocrx_word' id='word_1_808' title='bbox 2176 5313 2451 5378; x_wconf 55' lang='grc' dir='ltr'>ἀγγέλοις</span> <span class='ocrx_word' id='word_1_809' title='bbox 2480 5311 2575 5363; x_wconf 75' lang='grc' dir='ltr'>καὶ</span> <span class='ocrx_word' id='word_1_810' title='bbox 2615 5312 2805 5377; x_wconf 71' lang='grc' dir='ltr'>ἁγίοις</span> <span class='ocrx_word' id='word_1_811' title='bbox 2829 5312 3159 5379; x_wconf 59' lang='grc' dir='ltr'>προφήταις</span> <span class='ocrx_word' id='word_1_812' title='bbox 3194 5312 3328 5376; x_wconf 75' lang='grc' dir='ltr'>ἔθος</span> <span class='ocrx_word' id='word_1_813' title='bbox 3357 5312 3528 5365; x_wconf 76' lang='grc' dir='ltr'><em>ἐστὶν</em></span> <span class='ocrx_word' id='word_1_814' title='bbox 3556 5314 3684 5365; x_wconf 77' lang='grc' dir='ltr'><strong>ἐπι-</strong></span> 
     </span>
    </p>
   </div>
   <div class='ocr_carea' id='block_1_112' title="bbox 2181 5382 3684 5450">
    <p class='ocr_par' dir='ltr' id='par_1_112' title="bbox 2181 5382 3684 5450">
     <span class='ocr_line' id='line_1_112' title="bbox 2181 5382 3684 5450; baseline 0.002 -18"><span class='ocrx_word' id='word_1_815' title='bbox 2181 5382 2580 5445; x_wconf 72' lang='grc' dir='ltr'>ταττομένοις,</span> <span class='ocrx_word' id='word_1_816' title='bbox 2601 5382 2759 5445; x_wconf 77' lang='grc' dir='ltr'>παρὰ</span> <span class='ocrx_word' id='word_1_817' title='bbox 2780 5382 2945 5445; x_wconf 85' lang='grc' dir='ltr'>Θεοῦ,</span> <span class='ocrx_word' id='word_1_818' title='bbox 2974 5382 3067 5433; x_wconf 76' lang='grc' dir='ltr'>καὶ</span> <span class='ocrx_word' id='word_1_819' title='bbox 3091 5382 3411 5447; x_wconf 78' lang='grc' dir='ltr'>ἐρωτήσεις</span> <span class='ocrx_word' id='word_1_820' title='bbox 3427 5383 3684 5450; x_wconf 61' lang='grc' dir='ltr'>ἀγνοοῦ-</span> 
     </span>
    </p>
   </div>
   <div class='ocr_carea' id='block_1_113' title="bbox 2177 5450 3681 5517">
    <p class='ocr_par' dir='ltr' id='par_1_113' title="bbox 2177 5450 3681 5517">
     <span class='ocr_line' id='line_1_113' title="bbox 2177 5450 3681 5517; baseline 0.003 -15"><span class='ocrx_word' id='word_1_821' title='bbox 2177 5468 2279 5502; x_wconf 80' lang='grc' dir='ltr'><strong>σιν</strong></span> <span class='ocrx_word' id='word_1_822' title='bbox 2316 5450 2441 5502; x_wconf 76' lang='grc' dir='ltr'><strong>ἐσθ’</strong></span> <span class='ocrx_word' id='word_1_823' title='bbox 2472 5450 2567 5501; x_wconf 83' lang='grc' dir='ltr'>ὅτε</span> <span class='ocrx_word' id='word_1_824' title='bbox 2594 5451 2655 5500; x_wconf 85' lang='grc' dir='ltr'>τὸ</span> <span class='ocrx_word' id='word_1_825' title='bbox 2685 5451 3165 5517; x_wconf 70' lang='grc' dir='ltr'>ἐπιταττόμενον.</span> <span class='ocrx_word' id='word_1_826' title='bbox 3207 5453 3268 5503; x_wconf 88' lang='grc' dir='ltr'><em>Ὀ</em></span> <span class='ocrx_word' id='word_1_827' title='bbox 3296 5450 3363 5503; x_wconf 79' lang='grc' dir='ltr'>δὲ</span> <span class='ocrx_word' id='word_1_828' title='bbox 3400 5455 3506 5505; x_wconf 85' lang='grc' dir='ltr'>τοῦ</span> <span class='ocrx_word' id='word_1_829' title='bbox 3534 5454 3681 5505; x_wconf 82' lang='grc' dir='ltr'>Θεοῦ</span> 
     </span>
    </p>
   </div>
   <div class='ocr_carea' id='block_1_114' title="bbox 2177 5520 3253 5588">
    <p class='ocr_par' dir='ltr' id='par_1_114' title="bbox 2177 5520 3253 5588">
     <span class='ocr_line' id='line_1_114' title="bbox 2177 5520 3253 5588; baseline -0.001 -16"><span class='ocrx_word' id='word_1_830' title='bbox 2177 5522 2363 5587; x_wconf 70' lang='grc' dir='ltr'>Λόγος</span> <span class='ocrx_word' id='word_1_831' title='bbox 2399 5522 2507 5588; x_wconf 79' lang='grc' dir='ltr'><strong>οὺχ</strong></span> <span class='ocrx_word' id='word_1_832' title='bbox 2541 5521 2726 5584; x_wconf 77' lang='grc' dir='ltr'>οὕτως</span> <span class='ocrx_word' id='word_1_833' title='bbox 2771 5520 3007 5587; x_wconf 73' lang='grc' dir='ltr'>ἐδείχθη</span> <span class='ocrx_word' id='word_1_834' title='bbox 3049 5520 3253 5573; x_wconf 78' lang='grc' dir='ltr'>ποιῶν.</span> 
     </span>
    </p>
   </div>
   <div class='ocr_carea' id='block_1_115' title="bbox 2175 5632 3681 5707">
    <p class='ocr_par' dir='ltr' id='par_1_115' title="bbox 2175 5632 3681 5707">
     <span class='ocr_line' id='line_1_115' title="bbox 2175 5632 3681 5707; baseline -0.008 -6"><span class='ocrx_word' id='word_1_835' title='bbox 2175 5632 2264 5700; x_wconf 69' lang='grc' dir='ltr'><strong>Τῷ</strong></span> <span class='ocrx_word' id='word_1_836' title='bbox 2312 5632 2558 5705; x_wconf 74' lang='grc' dir='ltr'>Ἀδραὰμ</span> <span class='ocrx_word' id='word_1_837' title='bbox 2590 5636 2701 5689; x_wconf 75' lang='grc' dir='ltr'>υἱὸν</span> <span class='ocrx_word' id='word_1_838' title='bbox 2729 5638 3094 5707; x_wconf 77' lang='grc' dir='ltr'>ἐπηγγέλλετο</span> <span class='ocrx_word' id='word_1_839' title='bbox 3129 5642 3155 5690; x_wconf 91' lang='lat'><strong>6</strong></span> <span class='ocrx_word' id='word_1_840' title='bbox 3194 5638 3347 5702; x_wconf 72' lang='grc' dir='ltr'>Θεὸς,</span> <span class='ocrx_word' id='word_1_841' title='bbox 3396 5638 3488 5691; x_wconf 62' lang='grc' dir='ltr'><strong>καὶ</strong></span> <span class='ocrx_word' id='word_1_842' title='bbox 3519 5637 3681 5701; x_wconf 72' lang='grc' dir='ltr'>αὐτὸς</span> 
     </span>
    </p>
   </div>
  </div>
