4024 6482
276 433 342 487 Eli
354 434 371 487 ι

1665 439 2113 498 TlllﬁSAURUS.

3451 425 3561 484 26%

283 563 508 632 ἔφασκεο
555 585 574 617 ι
602 567 755 622 Κατὰ
787 567 837 621 τί
861 567 1145 637 γνώσομαι
1185 564 1380 631 τοῦτο;
1417 583 1432 612 ι
1488 561 1879 615 Ἀπεστέλλετο

1998 588 2007 620 ι
2035 565 2151 630 Quo
2176 563 2333 629 signo
2362 569 2687 626 cognoscam
2727 553 2832 608 hoc
2857 550 2937 605 "‘3
2963 569 2980 602 ι
3017 546 3336 602 Mittebatur
3357 543 3556 610 Moses,

283 654 486 726 Μωσῆς
538 658 632 712 καί
676 673 844 728 φησιν
867 674 880 688 ο
914 676 930 708 ι
968 657 1092 709 Ἐὰν
1121 654 1436 726 ὲρωτήσωσί
1486 671 1576 724 με,
1609 653 1673 704 Τί
1698 653 1870 722 ὄνομα

281 745 466 818 αὐτᾷ-ς
507 750 560 802 τί
581 748 691 821 ἐρῶ
725 748 861 819 πρὸς
889 745 1119 810 αὑτούς;
1148 766 1166 798 ι
1199 746 1308 800 Καὶ
1352 748 1379 799 6
1407 744 1639 813 ἄγγελος
1669 743 1727 797 δὲ
1754 744 1782 795 ὁ
1812 745 1870 796 ὲν

287 839 364 910 τῷ
388 839 634 912 Ζαχαρία
660 836 901 911 διηρώτα
944 836 1098 900 Θεὸν,
1134 835 1343 904 λέγων·
1390 855 1407 887 ι
1456 835 1631 904 Κύριε
1675 849 1870 887 παντο-

288 929 532 1001 κράτωρ,
555 928 660 991 ἕως
685 929 832 991 τίνος
853 927 912 982 οὐ
938 927 1012 999 μὴ
1035 927 1264 1000 ἐλεήσῃς
1288 925 1388 997 τὴν
1425 924 1815 996 Ὶερουσαλῆμ;
1847 941 1864 972 ι

289 1019 398 1073 Καὶ
433 1018 593 1073 πάλιν
614 1019 889 1087 ἐκδέχεται
923 1018 1081 1089 ἄχρις
1115 1017 1182 1071 ἂν
1211 1015 1420 1087 ἀκούσῃ
1455 1013 1646 1083 λόγους
1671 1013 1872 1075 καλοὺς

287 1113 383 1166 καὶ
436 1109 898 1182 παρακλητικούς.
950 1111 1058 1163 Καὶ
1110 1110 1140 1161 6
1206 1107 1521 1178 Ἀὃσακοὺμ
1562 1105 1618 1160 δέ
1671 1121 1867 1175 φησιν’

295 1224 313 1256 ι
369 1204 493 1257 Ἐπὶ
523 1203 620 1272 τῆς
663 1200 913 1271 φυλακῆς
942 1218 1046 1271 μου
1090 1201 1380 1271 στήσομαι,
1417 1199 1512 1252 καὶ
1539 1196 1870 1267 ἐπιϐήσομαι

289 1294 382 1348 ἐπὶ
413 1293 640 1363 πέτραν,
674 1292 769 1344 καὶ
802 1290 1202 1343 ἁποσκοπεύσω
1242 1287 1338 1340 τοῦ
1372 1287 1502 1340 ίδεῖν
1549 1287 1602 1338 τί
1648 1284 1873 1354 λαλήσει

288 1388 346 1438 ὲν
369 1384 494 1454 ἐμοὶ
521 1385 550 1437 ὁ
574 1382 726 1445 Θεός.
770 1399 788 1433 ι
825 1381 1009 1435 Ταῦτα
1031 1380 1140 1450 γὰρ
1163 1380 1238 1443 ὠς
1266 1379 1427 1432 δοῦλα
1449 1378 1543 1431 καὶ
1567 1378 1871 1448 ποιήματα,

289 1475 384 1530 καὶ
427 1477 527 1545 τῆς
575 1472 670 1527 τοῦ
721 1473 881 1542 λόγου
928 1471 1207 1543 μεσιτείας
1247 1471 1500 1542 δεόμενα,
1544 1469 1696 1540 ἠξίου
1742 1468 1872 1539 παρ’

289 1565 454 1619 αὐτοῦ
504 1564 853 1619 διδάσκεσθαι
897 1566 998 1634 τὴν
1049 1563 1248 1634 βουλὴν
1285 1563 1380 1616 τοῦ
1423 1562 1656 1632 Πατρός.
1707 1562 1764 1614 Ὀ
1816 1559 1874 1614 δὲ

293 1659 418 1723 Υίδς
450 1657 742 1729 μανθάνειν
771 1657 869 1709 οὐκ
901 1654 1150 1724 ἐπιζητεῖ
1197 1654 1367 1720 Λόγος
1409 1653 1486 1705 ὢν
1528 1651 1624 1705 τοῦ
1661 1652 1874 1723 Πατρδς

292 1751 386 1805 καὶ
425 1749 666 1811 ὲνούσιος
706 1747 980 1817 βούλησις.
1013 1747 1127 1800 Οὐκ
1170 1745 1278 1816 ἄρα
1305 1746 1370 1798 ὲκ
1421 1743 1717 1815 μαθήσεως
1761 1743 1873 1812 ἔχει

296 1843 350 1897 r6
379 1832 518 1897 εἶναι
550 1839 905 1911 δημιουργὸς,
940 1838 1054 1893 ἀλλ’
1089 1837 1362 1900 οὺσιωδῶς
1391 1854 1450 1890 τε
1481 1836 1576 1890 καὶ
1603 1835 1870 1905 φυσικῶς.

293 1957 416 2008 Ἔτι
448 1956 533 2020 εις
563 1953 652 2017 τὸ,
687 1971 704 2003 ι
741 1952 955 2021 Κύριος
1001 1949 1205 2006 emat
1231 1966 1307 2021 με
1340 1948 1539 2021 ἀρχὴν
1571 1946 1729 2021 ὁδῶν
1765 1949 1870 2021 αὐτ
1904 1907 1949 1964 Β

359 2025 486 2078 τοῦ.
509 2016 546 2075 ⁷»
583 2016 715 2076 Ὅτι
760 2016 837 2076 οὗ
875 2016 1162 2089 κτίσμιτό
1193 2016 1346 2086 Υἱὸς,
1376 2016 1554 2074 ἀλλὰ
1584 2016 1664 2082 τῷ
1694 2017 1875 2085 "arpi

359 2094 690 2158 συνυΐδιος.
746 2093 946 2157 Ὅπως
976 2090 1045 2159 δὲ
1088 2089 1205 2159 χρὴ
1246 2089 1410 2143 νοεῖν
1447 2090 1534 2153 τὸ,
1563 2107 1608 2159 _¢
1657 2089 1874 2159 Κύριος

363 2163 563 2218 ἕκτισέ
584 2156 660 2231 με
686 2162 886 2230 ἀρχὴν
913 2156 1071 2229 ὁδῶν
1090 2156 1313 2223 αὐτοῦ,
1359 2180 1376 2211 ι
1422 2159 1491 2213 ἐκ
1513 2157 1632 2212 τῶν
1649 2156 1876 2227 ἐφεξῆς

367 2232 651 2302 κειμένων
680 2233 980 2301 εἰσόμεθα.

363 2345 586 2418 Πρῶτον
613 2346 714 2416 μὲν
742 2347 919 2398 έκεῖνο
952 2344 1057 2416 χρὴ
1089 2343 1293 2412 λέγειν,
1339 2343 1420 2396 ὅτι
1449 2344 1517 2396 τὰ
1564 2359 1876 2411 παροιμιῶ-

294 2438 394 2502 δῶς
451 2438 722 2509 λεγόμενα
781 2436 927 2491 δοκεῖ
988 2435 1087 2507 μέν
1148 2453 1200 2488 τι
1252 2434 1537 2505 σημαίνειν
1595 2433 1736 2487 κατὰ
1787 2434 1878 2486 τὸν

296 2528 583 2599 πρόχειρον
611 2526 757 2593 νοῦν,
790 2525 900 2598 ἔχει
928 2525 984 2577 δὲ
1019 2525 1117 2596 οὐχ
1148 2525 1321 2588 οὕτως
1361 2527 1436 2588 ὡς
1481 2525 1720 2594 λέγεται,
1763 2525 1875 2578 ἀλλ’

295 2618 486 2688 ἑτέραν
527 2618 708 2671 ὠδίνει
753 2618 1012 2672 διάνοιαν.
1048 2618 1158 2670 Καὶ
1191 2617 1320 2684 γοῦν
1366 2617 1602 2686 ἔφασκεν
1629 2620 1656 2670 6
1690 2617 1877 2688 Σωτὴρ

295 2709 430 2779 πρὸς
460 2711 586 2773 τοὺς
627 2707 1104 2786 έαυτοῦμαθητὰς
1128 2723 1142 2737 ⁸
1177 2727 1193 2757 ι
1232 2707 1414 2762 Ταῦτα
1456 2710 1513 2761 ἐν
1557 2709 1878 2779 παροιμίαις

297 2802 568 2872 λελάληκα
594 2803 721 2871 ὑμῖν
743 2818 756 2830 °
787 2801 1004 2872 ἔρχεται
1037 2801 1092 2854 δὲ
1120 2798 1238 2871 ὥρα
1264 2800 1352 2854 ὅτε
1395 2800 1578 2853 οὐκέτι
1602 2802 1659 2852 ὲν
1687 2817 1879 2870 παροι-

298 2895 450 2965 μίαις
479 2893 699 2964 λαλήσω
729 2894 876 2963 ὑμῖν,
905 2891 1044 2945 ἀλλὰ
1073 2893 1378 2963 παρρησίᾳ,
1409 2911 1426 2942 ι
1459 2892 1534 2954 ὡς
1560 2893 1658 2959 τῆς
1689 2909 1878 2961 παροι-

298 2986 427 3056 μίας
459 2986 559 3038 οὐκ
590 2983 818 3054 ἐχούσης
843 2983 940 3055 τὴν
970 2982 1302 3055 παρρησίαν.
1338 2983 1411 3034 Τὸ
1439 2983 1616 3034 τοίνυν
1648 3002 1664 3033 ι
1697 2983 1878 3035 ἕκτισέ

299 3093 387 3146 με,
423 3095 442 3126 ›
497 3075 530 3145 ὴ
583 3074 743 3143 σοφία
797 3073 1131 3144 γυμνότερον
1174 3073 1430 3140 λέγουσα,
1482 3073 1663 3142 τίθησι
1717 3072 1879 3125 πάλιν

299 3167 552 3237 τοιαύτην
578 3167 699 3220 τινὰ
731 3167 916 3235 φωνήν
936 3182 948 3196 ·
979 3184 996 3216 ι
1039 3165 1104 3218 Ἠ
1139 3164 1300 3234 σοφία
1329 3162 1680 3234 ᾠκοδόμησεν
1712 3165 1876 3233 ἑαυτῇ

1973 667 2027 714 et
2044 654 2184 711 dixit
2207 652 2280 704 "z
2310 670 2327 701 ι
2358 650 2416 704 Si
2437 648 2775 716 interrogant
2801 645 2887 698 me
2911 659 2924 696 :
2947 639 3104 707 Quod
3125 645 3208 693 est
3227 649 3424 692 nomen
3442 634 3562 708 eius

1972 751 2064 819 qui
2115 757 2166 802 te
2233 740 2422 798 misit?
2479 739 2607 809 quid
2654 737 2830 791 dicam
2884 734 2997 789 eis?
3045 749 3063 783 ι
3114 728 3354 800 Angelus
3392 726 3560 819 etiam

1972 817 2112 910 apud
2165 832 2486 890 Zachariam
2537 845 2566 884 a
2608 829 2722 884 Deo
2776 826 3077 898 qumrebat,
3127 822 3361 878 dicens:
3400 817 3562 910 {Do-

1975 908 2124 989 mine
2168 927 2536 996 omnipotens,
2574 933 2856 990 usquequo
2901 933 3005 973 non
3033 913 3383 971 misereberis
3408 908 3563 966 Jeru-

1974 1027 2144 1080 salem
2179 1017 2266 1072 "i
2296 1035 2316 1069 ι
2352 1015 2419 1070 Et
2450 1011 2805 1082 exspectabat
2829 1020 3112 1080 quousque
3141 1006 3306 1060 verba
3339 1004 3480 1058 bona
3510 1009 3566 1056 et

1973 1110 2341 1172 consolatoria
2392 1106 2645 1162 audiret.
2707 1101 2776 1156 Et
2838 1099 3094 1156 Habacuc
3151 1097 3330 1167 inquit
3378 1111 3396 1152 :
3453 1113 3472 1147 ι
3507 1093 3564 1148 ln

1974 1222 2092 1263 mea
2127 1202 2378 1260 custodia
2413 1198 2595 1264 stabo,
2625 1204 2683 1251 et
2701 1192 2994 1251 ascendam
3013 1191 3066 1246 in
3092 1198 3326 1261 petram,
3351 1197 3406 1243 et
3433 1200 3566 1262 con-

1972 1296 2226 1354 siderabo
2266 1292 2397 1364 quid
2446 1290 2703 1361 loquatur
2752 1286 2805 1341 in
2855 1299 2944 1339 me
2989 1280 3220 1338 Dens“.
3253 1299 3272 1333 ι
3319 1278 3382 1334 lli
3417 1277 3564 1333 enim

1973 1402 2164 1446 omnes
2193 1396 2254 1441 ut
2285 1384 2429 1440 servi
2474 1393 2528 1438 et
2560 1388 2852 1442 creaturae,
2891 1374 3044 1431 verbi
3089 1371 3444 1428 meditatione
3485 1370 3567 1425 in‘-

1978 1483 2255 1552 digentes,
2284 1477 2622 1532 voluntatem
2677 1480 2730 1526 et
2792 1468 3079 1546 consilium
3139 1463 3320 1518 Patris
3373 1462 3442 1515 ab
3500 1473 3567 1514 eo

1976 1551 2191 1629 discere
2225 1567 2540 1638 cupiebant.
2573 1562 2742 1618 Filius
2774 1575 2902 1616 vero
2937 1574 3059 1615 cum
3095 1556 3167 1612 sit
3197 1553 3428 1610 Verbum
3457 1551 3566 1607 Pa-

1978 1663 2098 1728 tris,
2116 1671 2171 1717 et
2196 1658 2454 1714 voluntas
2472 1655 2572 1725 ipsi
2597 1653 2949 1718 inexsistens,
2984 1662 3089 1703 non
3112 1646 3307 1716 qumrit
3333 1644 3566 1699 discere.

1976 1754 2094 1811 Non
2123 1753 2287 1824 igitur
2320 1765 2419 1821 per
2443 1747 2749 1803 doctrinam
2787 1744 2887 1798 hoc
2922 1747 3246 1795 consecutus
3281 1747 3365 1792 est
3399 1745 3452 1790 ut
3498 1735 3570 1790 sit

1978 1856 2215 1913 creator,
2262 1843 2356 1900 sed
2389 1837 2758 1898 essentialiter
2792 1843 2847 1890 et
2891 1832 3213 1889 naturaliter
3245 1832 3347 1885 hoc
3383 1828 3570 1883 habet.

1983 1962 2171 2017 Adhuc
2204 1960 2260 2012 in
2305 1956 2462 2019 illud,
2499 1973 2517 2006 ι
2554 1948 3044 2019 Dontinus__crenvit
3089 1961 3170 1999 me
3211 1943 3422 2019 initium
3462 1941 3570 1995 eia-

2053 2047 2170 2085 rnm
2207 2016 2515 2082 suarum“.
2551 2042 2568 2074 ι
2610 2021 2764 2086 Quod
2810 2016 2984 2073 Filius
3031 2033 3134 2069 non
3183 2016 3250 2068 sit
3292 2024 3569 2086 creatum,

2052 2084 2144 2156 sed
2179 2098 2482 2153 cati'ternus
2526 2084 2703 2148 Patri.
2752 2089 3027 2154 Quomodo
3067 2097 3244 2139 autem
3285 2084 3573 2156 intelligere

2055 2152 2292 2240 oporteat
2327 2165 2488 2229 illud,
2523 2181 2542 2214 ι
2577 2152 2838 2214 Domiti—us
2867 2159 3060 2240 creauit
3096 2172 3177 2235 nte
3215 2156 3422 2240 initium
3461 2152 3573 2206 uia-

2053 2225 2442 2300 rimt-suarunt,
2475 2225 2493 2287 ι
2541 2249 2606 2287 ex
2635 2228 3077 2298 consequentibus
3114 2225 3462 2295 intelligetur.

2056 2350 2298 2405 Primum
2331 2347 2462 2402 illud
2494 2343 2782 2399 dicendum
2815 2350 2918 2405 est,
2955 2341 3175 2410 quando
3195 2353 3315 2408 qua:
3347 2352 3571 2408 prover-

1986 2441 2203 2496 bialiter
2241 2439 2516 2499 dicuntur,
2565 2433 2818 2489 videntur
2862 2429 3175 2499 signiﬁcare
3221 2425 3424 2495 aliquid
3479 2441 3570 2480 se-

1986 2533 2220 2589 cundum
2248 2529 2468 2585 obvium
2500 2541 2718 2581 sensum
2747 2543 2760 2577 :
2788 2528 2895 2578 non
2927 2529 3108 2577 tamen
3134 2521 3207 2574 ita
3234 2530 3296 2573 ut
3323 2519 3578 2572 dicuntur

1986 2639 2107 2680 sese
2135 2623 2360 2687 habent,
2397 2621 2675 2687 aliumque
2709 2616 3049 2671 reconditum
3086 2627 3306 2668 sensum
3350 2613 3572 2666 habent.

1985 2709 2193 2766 Idcirco
2227 2709 2488 2763 Servator
2516 2707 2582 2761 ad
2619 2705 2912 2776 discipulos
2945 2719 3072 2760 suos
3101 2703 3238 2757 dixit
3271 2721 3282 2756 :
3318 2722 3336 2754 ι
3371 2701 3494 2757 Haec
3522 2703 3574 2755 in

1986 2802 2257 2873 parabolis
2280 2800 2501 2855 locutus
2529 2814 2648 2853 sum
2682 2797 2858 2862 vobis,
2881 2795 2972 2851 sed
2998 2796 3175 2850 veniet
3209 2796 3336 2849 hora
3361 2795 3579 2863 quando

1986 2909 2094 2949 non
2149 2893 2203 2946 in
2246 2889 2553 2959 proverbiis
2604 2886 2796 2956 loquar
2842 2885 3033 2949 vobis,
3083 2884 3177 2939 sed
3239 2883 3417 2953 palam
3443 2881 3520 2948 '°;
3554 2902 3572 2935 ι

1987 2988 2187 3056 quippe
2225 2981 2373 3052 quod
2407 2981 2458 3035 in
2485 2979 2798 3051 proverbiis
2826 2992 2912 3032 res
2937 2977 3053 3045 ipsa
3083 2991 3188 3031 non
3221 2975 3394 3045 palam
3423 2990 3580 3045 aper-

1990 3057 2151 3147 teque
2195 3075 2519 3145 eXplicetur.
2574 3071 2710 3126 Cum
2749 3071 2933 3140 itaque
2983 3072 3182 3124 nudius
3221 3071 3446 3123 dixisset
3480 3069 3580 3124 Sa-

1988 3170 2213 3239 pientia.
2257 3186 2275 3218 ι
2307 3168 2515 3221 creavit
2552 3181 2657 3229 me,
2691 3183 2709 3216 ι
2749 3163 3012 3231 ejusmodi
3053 3163 3328 3232 quidpiam
3377 3163 3527 3218 addit
3561 3183 3574 3219 :

298 3254 465 3313 οἷκον.
520 3276 537 3309 ι
587 3256 651 3310 Εἰ
680 3258 859 3310 τοίνυν
912 3259 946 3325 ἡ
991 3256 1153 3324 σοφία
1208 3256 1306 3325 μὲν
1357 3255 1502 3308 ἔστιν
1535 3258 1562 3309 6
1602 3255 1695 3308 τοῦ
1745 3255 1878 3309 Θεοῦ

1998 3283 2010 3316 ι
2043 3261 2318 3331 Sapientia
2347 3257 2634 3313 aediﬁcavit
2681 3256 2782 3311 sibi
2816 3257 3034 3310 domum
3059 3257 3124 3310 ¹¹.
3160 3275 3178 3307 ι
3212 3257 3267 3310 Si
3315 3271 3443 3328 ergo
3475 3255 3580 3312 Sa-

299 3351 489 3419 Δόγος,
519 3351 686 3420 ἑαυτῇ
721 3348 776 3402 δὲ
806 3348 898 3401 τὸν
926 3344 1072 3401 οἶκον
1112 3349 1405 3418 οἰκοδομεῖ,
1433 3347 1535 3400 ποῦ
1563 3347 1622 3400 τὸ
1654 3366 1671 3397 ι
1703 3346 1884 3399 ἕκτισέ

301 3459 368 3512 με
419 3461 437 3493 ι
483 3441 745 3511 χωρήσει,
796 3438 1040 3503 πιθανῶς
1082 3439 1363 3512 ζητητέον.
1426 3438 1585 3493 Ἔστι
1637 3440 1818 3493 τοίνυν
1857 3441 1886 3492 6

301 3532 456 3586 τοῦτο
480 3532 656 3600 λέγων
687 3532 945 3602 Χριστὸς,
977 3532 1052 3595 ὡς
1079 3531 1177 3603 ἤδη
1214 3530 1428 3603 τεχθεὶς
1467 3533 1562 3586 καὶ
1595 3532 1886 3602 γενόμενος

301 3624 618 3696 ἄνθρωπος·
656 3624 741 3692 ἐφ’
770 3616 831 3677 οὗ
878 3624 958 3690 τὸ,
1006 3642 1024 3674 ι
1066 3623 1246 3676 ἔκτισέ
1295 3641 1385 3694 με,
1428 3642 1446 3676 ι
1486 3623 1887 3693 ἀδυσφημήτως

301 3717 562 3776 κείσεται,
595 3714 731 3769 καθὸ
760 3714 1065 3785 ἄνθρωπος.
1091 3715 1288 3783 Γέγονε
1312 3716 1367 3769 δὲ
1394 3716 1492 3786 τῆς
1525 3715 1716 3785 σοφίας
1741 3711 1888 3781 οἶκος

304 3809 392 3860 ὑπ’
454 3806 626 3878 αὐτῆς
699 3810 1207 3879 κατεσκευασμένος
1267 3811 1327 3862 τὸ
1394 3810 1554 3879 σῶμα
1608 3809 1768 3863 τοῦτο
1829 3810 1889 3862 τὸ

303 3897 480 3952 κοινὸν
525 3897 588 3949 1:6
617 3898 682 3949 ἐκ
725 3898 823 3968 τῆς
860 3899 1021 3966 ἁγίας
1055 3899 1333 3970 Παρθένου
1373 3900 1582 3971 τεχθὲν,
1626 3904 1684 3954 ἐν
1708 3895 1752 3968 ᾧ
1796 3902 1886 3954 εὐ·-

303 3989 498 4060 ὃόκησε
539 3991 866 4060 κατοικῆσαι
914 3991 1024 4044 πᾶν
1077 3991 1136 4043 τὸ
1190 3991 1466 4062 πλήρωμα
1503 3994 1601 4063 τῆς
1637 3993 1890 4063 θεότητος

305 4079 660 4148 σωματικῶς,
695 4076 838 4130 κατὰ
882 4077 981 4148 τὴν
1024 4078 1121 4132 τοῦ
1172 4079 1386 4132 Παύλου
1441 4081 1647 4149 φωνήν.
1680 4079 1891 4132 Οὐκοῦν

305 4170 603 4241 ἐπειδήπερ
634 4171 662 4222 6
693 4168 866 4236 Λόγος
898 4169 1038 4241 σὰρξ
1072 4169 1310 4238 ἐγένετο,
1351 4169 1534 4241 τίθησι
1569 4170 1698 4240 περὶ¹
1725 4168 1890 4223 αὐτοῦ

306 4265 384 4327 t6,
423 4284 442 4317 ι
470 4265 651 4318 ἕκτισέ
687 4281 776 4333 με,
818 4283 837 4316 ι
877 4265 910 4335 ἡ
937 4263 1057 4318 θεία
1086 4266 1301 4338 Γραφὴ,
1336 4267 1472 4321 καθὸ
1501 4267 1692 4336 γέγονε
1721 4267 1887 4331 σάοξ²

307 4357 402 4410 καὶ
435 4355 610 4420 οὕτως
642 4356 880 4410 νοεῖσθαι
913 4355 1019 4428 χρὴ
1051 4357 1114 4411 τὸ
1144 4357 1453 4429 λεγόμενον.

309 4511 517 4587 ΑΛᾼΟ,
551 4511 690 4587 ’Ὅτι
727 4511 815 4587 t6,
863 4528 882 4562 ι
928 4514 1131 4587 annos
1164 4529 1261 4580 με,
1287 4585 1293 4587 _
1318 4532 1334 4564 ι
1375 4513 1888 4587 μόνον-κείμενον,

1989 3351 2191 3423 pientia
2237 3359 2319 3403 est
2351 3347 2589 3401 Verbum
2630 3345 2746 3412 Dei,
2789 3346 3128 3416 mdilicatque
3174 3347 3276 3402 sibi
3331 3347 3431 3417 ipsi
3478 3349 3580 3405 do-

1989 3458 2160 3505 mum,
2191 3455 2427 3510 qnnnam
2466 3439 2619 3502 illud,
2657 3456 2674 3489 ι
2707 3439 2912 3493 creavit
2946 3454 3052 3504 me,
3093 3457 3110 3490 ι
3149 3440 3432 3508 pertineat,
3466 3457 3582 3497 meo

1990 3537 2096 3590 rito
2119 3534 2291 3605 (μιαιιί
2318 3541 2516 3602 potest.
2543 3531 2796 3587 Christus
2832 3532 3017 3601 itaque
3054 3542 3136 3586 est
3169 3534 3260 3602 qui
3298 3534 3400 3589 hoc
3425 3535 3581 3602 dicit,

1991 3636 2177 3696 utpote
2198 3625 2308 3694 jam
2337 3633 2495 3679 natus
2526 3633 2579 3677 et
2610 3623 2771 3678 homo
2801 3622 2978 3677 factus
3006 3641 3018 3676 :
3051 3624 3118 3678 de
3150 3639 3256 3694 quo
3283 3635 3340 3680 ut
3365 3627 3585 3681 homine

1991 3719 2144 3784 illud,
2175 3737 2194 3770 ‹
2227 3719 2437 3774 creavit.
2467 3731 2573 3782 me,
2603 3734 2624 3768 ι
2657 3716 2793 3770 citra
2830 3715 3221 3785 blasphemiam
3253 3717 3357 3771 dici
3384 3728 3583 3788 potest.

1993 3812 2156 3867 Facta
2197 3821 2284 3867 est
2326 3819 2508 3864 autem
2537 3809 2732 3863 domus
2767 3807 3051 3877 sapientiae
3091 3822 3120 3858 a
3167 3821 3227 3862 se
3273 3819 3584 3864 constructa

1992 3918 2279 3960 commune
2321 3903 2423 3957 hoc
2453 3915 2652 3970 corpus
2693 3915 2759 3953 ex
2797 3908 2984 3953 sancta
3018 3898 3242 3968 Virgine
3279 3909 3484 3964 natum,
3530 3900 3583 3953 in

1992 4011 2100 4066 quo
2129 3995 2350 4066 dignata
2385 4003 2473 4049 est
2504 3993 2755 4048 habitare
2789 3990 2949 4063 153
2972 3990 3250 4060 plenitudo
3286 3991 3586 4046 divinitatis

1992 4089 2374 4158 corporaliter,
2413 4085 2565 4154 juxta
2608 4083 2756 4139 Pauli
2783 4098 2969 4138 vocem
2994 4083 3081 4136 “‘.
3103 4083 3236 4138 Cum
3264 4084 3430 4152 igitur
3453 4082 3586 4137 Ver-

1994 4181 2118 4232 bum
2161 4192 2289 4231 caro
2327 4177 2528 4230 factum
2568 4176 2661 4239 sit,
2699 4175 2765 4229 de
2801 4175 2917 4242 ipso
2950 4173 3080 4228 dicit
3108 4187 3263 4228 sacra
3303 4173 3583 4242 Scriptura

1996 4271 2144 4324 illud.
2194 4287 2211 4320 ι
2258 4269 2616 4328 creavit'me,
2654 4285 2672 4317 ι
2720 4273 2990 4334 quatenus
3051 4264 3227 4320 factus
3277 4275 3359 4320 est
3408 4280 3536 4321 caro
3566 4305 3584 4322 .

1996 4363 2180 4430 itaque
2209 4359 2309 4412 hoc
2345 4358 2546 4412 dictum
2591 4355 2818 4425 intelligi
2849 4355 3032 4410 debet.

1996 4519 2230 4582 ALIUD,
2267 4519 2420 4584 Quod
2467 4519 2563 4570 Itoc
2617 4515 2787 4570 solum
2829 4516 3081 4582 positum,
3129 4531 3147 4565 ι
3187 4516 3380 4567 creat-it
3427 4532 3528 4580 mn,
3563 4536 3581 4569 ι

379 4583 452 4634 οὺ
481 4581 718 4667 mittent;
739 4580 854 4646 τὴν
881 4583 1079 4661 αἰτίαις
1103 4580 1405 4667 σῃημαίγεὶ,
1439 4586 1599 4640 ἀλλὰ
1629 4580 1743 4653 τῆν
1769 4580 1882 4646 ἀ.τό

2068 4608 2170 4644 non
2201 4580 2252 4643 in
2282 4580 2584 4667 nniverautn
2613 4580 2838 4639 causam-
2864 4584 3148 4667 signi/ient,
3177 4587 3276 4666 sed
3309 4602 3374 4638 ea:
3407 4585 3588 4655 aliqua

377 4667 541 4715 τινος
564 4651 693 4724 ἤτοι
722 4651 1166 4724 κατασκευῆςῇ
1197 4653 1538 4723 πράγματος
1568 4661 1654 4723 εἰς
1687 4651 1800 4724 ἔτει
1820 4663 1891 4713 όν

379 4737 434 4772 τι
465 4720 1067 4793 μετάστασιν-,Ἔστω
1095 4721 1185 4782 δὲ,
1213 4725 1264 4776 εὶ
1289 4720 1526 4793 βούλει,
1555 4720 1644 4792 τὸ,
1679 4747 1696 4779 ι
1739 4720 1892 4784 ἕκτιο

382 4805 517 4852 σεν,
552 4810 570 4842 ι
605 4789 956 4859 ἀδιορίστως
997 4791 1096 4844 ἐπὶ
1127 4794 1405 4861 Χριστοῦ.

391 4921 412 4955 r
455 4904 658 4974 Κύριος
695 4903 878 4957 ἐκτισέ
915 4921 982 4975 με
1020 4905 1196 4976 ἀρχὴν
1234 4905 1369 4960 ὁδῶν
1411 4909 1576 4964 αὐτοῦ
1602 4927 1615 4941 ⁶
1656 4931 1674 4963 ι
1723 4914 1776 4966 ετ
1809 4932 1891 4979 τις

313 4995 561 5070 ἀκριϐῶς
600 4996 776 5052 ἐθέλοι
821 4999 882 5052 τὸ
919 4998 1305 5069 γεγραμμένον
1344 5005 1505 5069 νοεῖν,
1551 5005 1771 5077 εὑρήσει
1810 5009 1890 5074 τὸ,

319 5107 338 5140 ι
378 5087 614 5150 ἔκτισεν,
657 5107 676 5139 ι
717 5086 906 5141 ἐνθάδε
930 5089 989 5141 οὐ
1020 5088 1114 5142 τοῦ
1142 5091 1316 5159 Λόγου
1356 5094 1454 5163 τὴν
1482 5095 1669 5149 οὐσίαν
1701 5103 1898 5168 σημαῖ-

314 5193 404 5231 νον
449 5177 525 5239 ῶς
564 5177 960 5248 πεποιημένην,
990 5175 1105 5230 ἀλλ’
1139 5178 1332 5250 ἑτέραν
1363 5183 1486 5237 τινὰ
1532 5185 1769 5240 διάνοιαν
1808 5189 1898 5260 ὀρ-

319 5270 434 5335 θήν.
477 5268 711 5337 Λέγεται
765 5268 875 5341 γὰρ
923 5267 1205 5334 κτίζεσθαι
1255 5273 1350 5326 καὶ
1385 5274 1456 5327 τὰ
1507 5275 1634 5329 ὄντα
1673 5295 1729 5330 τε
1774 5280 1896 5350 ήδη,

313 5363 408 5415 καὶ
451 5361 522 5414 τὰ
578 5362 744 5431 μήπω
794 5362 1084 5431 γενόμενα.
1123 5361 1198 5413 Τὸ
1234 5361 1289 5414 δὲ
1331 5365 1576 5436 ὑπάρχον
1620 5369 1744 5438 ἤδη,
1781 5372 1899 5436 πῶς

314 5452 381 5506 ἂν
420 5451 630 5519 λέγοιτο
664 5451 965 5516 κτίζεσθαι,
997 5451 1092 5505 καλ⁵
1128 5452 1304 5524 ἀρχὴν
1345 5455 1539 5528 ἑτέραν
1571 5459 1888 5530 λαμϐάνειν,

314 5543 609 5597 ἀκόλουθον
638 5544 784 5598 ἰδεῖν.
840 5543 964 5595 Ἐπὶ
1001 5543 1100 5613 μὲν
1139 5545 1248 5615 γὰρ
1275 5545 1382 5599 τῶν
1412 5547 1564 5603 οὔπω
1593 5553 1892 5618 γεγονότων

315 5639 362 5691 εἱ
394 5637 576 5705 τεθείη
617 5635 699 5698 τὸ,
751 5655 768 5688 ι
821 5635 1055 5701 ἔκτισεν,
1120 5656 1138 5690 ι
1177 5638 1412 5710 εὐλόγως
1454 5641 1520 5696 ἂν
1557 5645 1653 5714 τὴν
1701 5647 1763 5698 ἐκ
1797 5647 1890 5700 τοῦ

395 5815 438 5846 ³⁸
462 5813 598 5867 Gen.
635 5828 720 5875 xv,
760 5815 812 5869 8.

321 5883 402 5935 23.
484 5884 526 5916 "
556 5885 714 5940 l'rov.
749 5900 824 5952 tv,
863 5887 909 5941 l.
980 5889 1046 5918 “‘
1083 5883 1298 5947 COIOSS.
1323 5905 1380 5956 ιι,
1412 5893 1458 5945 9.

917 5816 1153 5890 "Exod.
1195 5834 1275 5884 Ill,
1317 5820 1402 5874 15.
1477 5815 1515 5845 ¹⁷
1550 5821 1773 5880 Zachar.
1811 5841 1849 5890 ι,
1896 5826 1975 5879 l2.

2073 4661 2448 4714 constitutione
2501 4657 2580 4710 rei
2630 4671 2685 4707 re
2721 4655 3123 4707 translationem
3169 4657 3220 4707 in
3267 4657 3453 4709 alium.
3506 4656 3590 4711 Sit

2071 4747 2215 4793 vero,
2247 4732 2292 4782 si
2325 4729 2485 4791 voles,
2530 4725 2688 4790 illud,
2724 4742 2743 4775 ι
2774 4726 2971 4779 creavit
2995 4741 3094 4789 me,
3134 4743 3152 4776 ι
3206 4726 3480 4795 inde/inite
3524 4729 3590 4782 de

2071 4799 2289 4855 Christo
2319 4800 2538 4852 dictum.

2077 4930 2096 4963 ι
2129 4912 2390 4966 Dominus
2419 4908 2630 4964 creavit
2673 4923 2759 4963 me
2786 4907 3002 4962 initium
3035 4907 3246 4962 viarum
3277 4923 3495 4963 suarum
3517 4951 3531 4976 ,
3566 4929 3588 4962 ι

2000 5004 2044 5060 si
2067 5003 2191 5073 quis
2211 5011 2406 5057 exacte
2432 5000 2738 5069 intelligere
2767 4999 2919 5066 velit,
2951 4999 3217 5066 inveniet,
3253 5018 3271 5051 ι
3304 5003 3532 5067 creavit,
3566 5020 3584 5054 ι

2000 5095 2089 5149 hic
2117 5107 2224 5149 non
2251 5091 2415 5147 Verbi
2443 5092 2736 5147 essentiam
2772 5088 3104 5160 signiﬁcare,
3140 5100 3197 5145 ut
3233 5089 3453 5159 factam,
3496 5096 3591 5149 scd

1997 5186 2163 5240 alium
2218 5182 2509 5254 quemdam
2559 5192 2769 5238 rectum
2823 5197 3070 5238 sensum.
3127 5183 3391 5238 Dicuntur
3443 5186 3588 5240 enim

1997 5277 2197 5341 creari,
2232 5285 2286 5331 et
2317 5292 2436 5347 quat
2463 5275 2574 5343 jam
2605 5276 2899 5339 exsistunt,
2939 5284 2994 5329 et
3021 5290 3140 5345 (pta:
3173 5276 3410 5330 nondum
3448 5277 3590 5333 facta

1997 5377 2145 5425 sunt.
2199 5367 2254 5423 ld
2285 5381 2416 5421 vero
2440 5365 2582 5436 quod
2626 5365 2740 5435 jam
2787 5365 3024 5429 exsistit,
3069 5366 3341 5434 quomodo
3381 5367 3594 5421 dicatur

1998 5460 2198 5527 creari,
2256 5460 2509 5527 aliudque
2559 5457 2774 5512 initium
2831 5456 3096 5520 nancisci,
3138 5456 3433 5511 videndum
3483 5473 3588 5513 est.

2000 5551 2134 5606 Nam
2185 5552 2230 5606 si
2279 5551 2345 5604 de
2395 5551 2461 5605 iis
2507 5564 2630 5619 quze
2687 5548 2926 5602 nantium
2980 5547 3120 5604 facta
3173 5557 3302 5602 sunt
3352 5550 3588 5612 dicatur,

2008 5665 2025 5699 ι
2052 5646 2282 5712 creavit,
2318 5664 2335 5697 ι
2377 5659 2438 5699 ea
2483 5657 2605 5697 cum
2651 5651 2813 5696 antea
2850 5657 2953 5696 non
2983 5647 3191 5707 essent,
3221 5640 3334 5709 jam
3373 5643 3436 5696 ad
3469 5658 3593 5697 esse

2072 5825 2112 5853 η
2141 5823 2340 5878 llabac.
2375 5837 2432 5885 ιι,
2468 5822 2518 5875 1.
2620 5821 2659 5851 ¹⁹
2691 5818 2848 5871 Prov.
2881 5834 3000 5882 vttt,
3037 5816 3126 5869 ‘20.
3209 5817 3251 5846 *°
3280 5813 3437 5871 Joan.
3474 5830 3588 5883 Wt,
