4024 6460
490 428 596 482 263

493 545 733 598 traducta
783 540 1156 608 signiﬁcanmr
1194 558 1203 591 :
1235 541 1300 591 de
1338 541 1402 591 iis
1446 553 1570 589 vero
1601 552 1718 602 qum
1761 535 1870 600 jam
1909 537 2043 584 exsi-

2163 535 2235 602 μὴ
2271 535 2419 592 ὄντος
2465 535 2539 592 εἰς

489 646 655 695 stunt,
699 648 868 700 neque
908 633 1202 696 creatione,
1249 639 1305 683 ut
1347 631 1473 694 sint,
1505 628 1768 696 indigent,
1807 642 1908 677 non
1948 627 2054 693 jam

485 739 672 781 creare
709 724 997 777 essentiam
1039 722 1328 790 significat,
1361 722 1453 773 sed
1497 733 1561 771 ex
1605 719 1708 770 alio
1740 722 1970 786 quodam
2006 719 2055 768 in

487 817 630 870 aliud
667 817 1093 869 translationem.
1133 814 1200 867 [ι
1244 829 1362 867 cum
1398 812 1561 864 David
1595 811 1764 864 dicit:
1807 828 1824 856 ι
1864 809 1922 861 Et
1967 822 2058 876 po-

483 909 640 976 pulus
668 909 757 976 qui
796 908 1066 960 creabitur
1107 905 1348 958 laudabit
1380 903 1662 956 Dominum
1688 904 1752 953 “.
1791 922 1808 951 ι
1845 899 1908 952 Et
1937 916 2055 952 rur-

483 1015 574 1053 sus
604 1018 616 1052 :
654 1018 671 1049 ι
703 1000 806 1050 Cor
839 998 1089 1050 mundum
1117 1009 1238 1049 crea
1269 996 1321 1048 in
1361 1010 1472 1056 me,
1507 994 1651 1046 Dens
1675 991 1739 1044 ".
1782 1012 1797 1042 I
1831 991 1893 1044 Et
1919 989 2054 1043 Pau-

486 1092 565 1144 lus
609 1090 801 1141 alicuhi
839 1091 902 1142 de
952 1089 1170 1142 Christo
1217 1089 1291 1138 ait
1325 1104 1337 1139 :
1375 1104 1392 1135 ι
1427 1085 1624 1153 Legem
1681 1084 2054 1136 mandatorum

483 1182 712 1236 decretis
762 1196 1050 1242 evacuaus,
1098 1188 1156 1231 ut
1205 1182 1339 1230 duos
1384 1186 1533 1231 creet
1588 1177 1636 1228 in
1678 1176 1856 1240 seipso
1893 1190 2053 1226 unum

481 1287 675 1324 novum
722 1273 989 1323 hominem
1013 1271 1079 1322 ".
1113 1288 1128 1318 ι
1168 1268 1230 1321 Et
1265 1282 1480 1320 rursum
1517 1285 1529 1319 :
1566 1285 1582 1316 ι
1622 1264 1919 1319 Induatiui
1954 1278 2053 1316 no-

479 1378 601 1415 vum
631 1364 903 1415 hominem
935 1371 1174 1414 creatum
1207 1358 1502 1413 secundum
1539 1356 1702 1410 Deum
1766 1357 1815 1408 in
1848 1355 2053 1423 justitia

477 1462 530 1506 et
572 1454 859 1505 sanctitate
898 1452 1138 1504 veritatis
1161 1453 1226 1504 ".
1264 1469 1281 1500 ι
1321 1449 1480 1502 Certe
1528 1449 1692 1500 David
1746 1464 1849 1502 non
1884 1462 2054 1515 popu-

477 1543 584 1596 lum
613 1543 899 1610 quemdam
934 1541 1226 1594 secundum
1248 1538 1542 1593 essentiam
1573 1539 1864 1591 creandum
1893 1537 2055 1606 signi-

477 1633 675 1692 ﬁcavit.
716 1633 807 1686 sed
847 1648 911 1686 ex
941 1647 1125 1684 errore
1160 1631 1224 1684 ad
1271 1630 1628 1700 cognitionem
1680 1629 1768 1682 Dei
1815 1629 2050 1683 transla-

478 1733 608 1775 tum.
641 1718 821 1790 Neque
858 1723 1017 1775 etiam
1064 1721 1208 1775 aliud
1249 1731 1443 1788 prreter
1485 1721 1534 1774 id
1564 1721 1705 1787 quod
1743 1720 1925 1780 habet,
1959 1733 2052 1773 cor

473 1812 644 1864 creari
691 1813 741 1863 iu
787 1826 846 1862 se
876 1811 1028 1878 petit,
1061 1809 1153 1864 sed
1212 1811 1277 1862 ad
1329 1810 1616 1878 puritatem
1660 1810 1838 1862 cordis
1875 1821 2048 1862 trans-

476 1903 598 1954 ferri
634 1903 800 1969 cupit.
835 1901 1281 1968 Sapientissimus
1321 1909 1497 1954 autem
1531 1900 1750 1962 Paulus,
1784 1915 1887 1953 non
1913 1901 2047 1955 duos

477 1991 720 2043 homines
752 1993 802 2043 in
831 1992 1092 2044 unitatem
1125 1991 1421 2044 naturalem
1451 2006 1544 2059 per
1570 1991 1847 2044 Christum
1873 1994 2046 2045 creari

474 2083 623 2144 dicit,
666 2083 735 2134 ita
772 2093 829 2136 ut
869 2082 1165 2136 exsistendi
1210 2082 1533 2151 principium
1577 2084 1910 2151 acciperent,
1956 2086 2048 2137 sed

474 2173 726 2242 populum
762 2173 1111 2228 lsraeliticum
1152 2185 1203 2226 et
1248 2183 1435 2242 gentes
1481 2175 1532 2227 in
1566 2176 1858 2228 novitatem
1901 2191 2049 2227 men-

475 2266 542 2318 tis
602 2265 875 2317 traductos
933 2264 1083 2326 dicit,
1143 2274 1304 2333 atque
1354 2265 1471 2318 illos
1527 2266 1744 2334 quidem
1810 2280 1837 2318 a
1894 2266 2045 2334 legali

471 2356 642 2419 cultu,
704 2355 801 2408 hos
836 2370 961 2408 vero
993 2357 1060 2408 ab
1090 2356 1288 2410 usitato
1323 2364 1379 2410 et
1414 2354 1666 2408 familiari
1703 2357 1832 2424 ipsis
1861 2371 2047 2411 errore

471 2448 751 2499 abductos.
805 2447 867 2498 Et
918 2462 1110 2500 rursus
1154 2461 1343 2500 omnes
1401 2446 1544 2501 indui
1573 2447 1727 2516 jubet
1775 2449 2045 2503 hominem

472 2554 686 2603 novum,
713 2540 801 2608 qui
835 2539 1126 2592 secundum
1156 2537 1323 2593 Deum
1352 2550 1568 2594 creatus
1597 2551 1700 2594 est.
1738 2542 1899 2610 Atqui
1933 2556 2047 2594 ma-

470 2630 724 2684 nifcstttnt
779 2641 878 2691 est.
916 2630 1063 2683 illum
1101 2646 1207 2684 non
1257 2631 1530 2685 hominem
1581 2632 1815 2701 aliquem
1852 2649 2044 2687 secun-

471 2723 594 2775 dum
641 2723 932 2776 essentiam
987 2724 1185 2777 factum
1242 2723 1571 2790 signiﬁcare,
1620 2739 1776 2792 quem
1827 2725 2046 2779 induere

469 2821 738 2876 Oporteat,
791 2813 881 2865 sed
935 2815 1100 2866 vitam
1132 2811 1282 2880 juxta
1328 2814 1542 2868 virtutis
1592 2829 1837 2868 normam
1894 2815 2046 2868 insti-

470 2905 568 2968 tui,
617 2914 670 2956 et
728 2903 1057 2956 voluntatem
1110 2904 1401 2957 instaurari
1455 2914 1615 2973 atque
1663 2906 1929 2959 innovari.
1985 2905 2039 2960 Si

469 3008 599 3062 ergo
629 2995 804 3047 creari
842 3010 942 3046 non
977 3009 1186 3061 semper
1218 2993 1372 3062 157
1418 2997 1706 3048 essentiam
1743 2997 2040 3064 signiﬁcat,

469 3100 628 3150 quant
666 3084 925 3137 rationem
973 3084 1153 3149 habet,
1197 3094 1289 3137 aut
1357 3086 1628 3152 quomodo
1673 3102 1776 3140 non
1823 3086 2039 3143 stultum

469 3171 662 3233 fuerit,
720 3174 782 3226 de
846 3174 908 3227 iis
946 3176 1159 3242 quidem
1220 3177 1309 3245 qui
1365 3191 1552 3231 revera
1607 3189 1868 3231 creatura:
1915 3190 2037 3233 sunt

470 3275 613 3317 recte
645 3263 692 3315 id
731 3267 872 3330 quod
904 3268 1161 3334 scriptum
1199 3277 1282 3320 est
1308 3269 1574 3337 accipere,
1619 3269 1684 3323 de
1720 3269 1898 3324 Verbo
1931 3287 2040 3323 au-

471 3363 573 3405 lCtIt
617 3353 733 3420 Dei,
769 3356 820 3406 in
851 3369 956 3422 quo
989 3355 1257 3424 praacipue
1299 3357 1349 3410 id
1378 3357 1653 3410 observari
1699 3368 1930 3427 oportet,
1967 3363 2041 3415 si-

470 3451 636 3502 nistre
690 3451 790 3504 hoc
822 3449 1207 3516 interpretari?
1243 3470 1260 3502 ‹
1306 3452 1559 3506 Dominus
1608 3454 1789 3518 enim,
1833 3454 2040 3522 inquit,

467 3543 672 3594 creavit
710 3558 811 3606 me,
843 3562 860 3592 ε
902 3557 1074 3611 neque
1106 3543 1156 3595 in
1191 3543 1292 3597 hoc
1328 3545 1513 3609 verbo,
1541 3563 1558 3594 ι
1592 3548 1817 3612 creavit,
1861 3566 1876 3597 ι
1912 3548 2039 3601 dicti

470 3634 577 3685 vim
608 3633 774 3696 sistit,
810 3633 902 3687 sed
950 3633 1117 3698 addit,
1178 3653 1196 3684 ι
1229 3635 1437 3688 initium
1473 3636 1678 3690 viarum
1721 3652 1938 3690 suarum
1987 3638 2038 3690 in

466 3737 626 3789 opera
656 3724 770 3788 ejus
804 3740 820 3772 ι
865 3724 1091 3784 creavit,
1125 3735 1179 3777 et
1213 3738 1317 3777 non
1344 3725 1412 3778 ad
1445 3739 1564 3778 esse
1599 3726 1906 3791 traducens,
1945 3729 2040 3782 sed

466 3813 675 3866 creavit
705 3814 912 3867 initium
942 3815 1144 3867 viarum
1175 3831 1391 3869 suarum
1429 3817 1480 3869 in
1509 3832 1669 3885 opera
1702 3816 1847 3885 ejus;
1896 3821 2038 3889 quod

469 3903 540 3955 ita
597 3904 863 3973 intelliges
900 3921 911 3956 :
943 3905 1062 3958 Vi'a
1119 3906 1307 3974 legalis
1364 3921 1390 3958 a
1420 3906 1618 3961 Judaais
1665 3909 1960 3974 colebatur,
2010 3924 2038 3963 a

467 3993 716 4061 gentibus
747 4009 874 4048 vero
917 3994 1023 4046 vita
1072 3996 1363 4048 secundum
1399 3995 1664 4063 justitiam
1701 4001 1849 4052 nullo
1885 4003 2039 4054 modo

467 4084 914 4149 cognoscebatur.
953 4082 1182 4137 Verhum
1227 4085 1406 4154 itaque
1435 4087 1524 4139 Dei
1563 4087 1762 4143 factum
1791 4099 1892 4153 est,
1926 4091 2039 4145 sive

468 4187 705 4227 creatum
753 4181 854 4237 est,
903 4190 1050 4238 caro,
1090 4177 1189 4230 hoc
1235 4187 1317 4230 est
1360 4179 1540 4242 hoino,
1579 4191 1634 4234 ut
1682 4181 1888 4235 inititnn
1923 4198 2037 4236 vra-

469 4279 584 4316 rum
618 4265 823 4317 Domini
862 4274 915 4318 et
952 4281 1172 4334 operum
1202 4268 1320 4336 ejus
1345 4271 1596 4325 omnibus
1625 4273 1946 4326 inveniatur.
1980 4273 2032 4328 In

470 4356 644 4422 primo
691 4356 834 4408 enim
882 4356 1099 4410 Christo
1141 4362 1449 4428 evangelica
1495 4365 1600 4416 vita
1648 4364 1861 4418 cll‘ulsit.
1911 4365 2038 4420 Vies

469 4455 645 4498 autem
698 4456 750 4498 et
785 4463 945 4514 opera
989 4448 1220 4514 Domini,
1267 4453 1393 4519 quid
1444 4454 1585 4507 aliud
1639 4471 1757 4510 esse
1813 4473 2035 4511 censea-

1507 419 1561 466 ς.
1607 413 1874 468 t'HHLLI
1921 409 2388 464 .\|.FLX:\.\Dlil.\'l
2436 411 2742 464 Alitililiil‘.

3647 416 3746 468 Ξιῖι

2581 534 2639 581 τὸ
2675 530 2812 583 εἶναι
2855 538 3105 599 σημαίνοι
3150 536 3524 601 παραγωγὴν·
3562 537 3652 584 ἐπι
3691 537 3744 587 δὲ

2160 625 2265 673 τῶν
2299 623 2464 674 όντων
2497 624 2592 690 ἤδη
2635 625 2725 673 καὶ
2763 621 2866 670 τῶν
2901 620 3173 683 κτίζει-θαι
3218 625 3355 673 κατὰ
3383 620 3440 673 τὸ
3488 617 3627 672 εἶναι
3673 639 3745 690 μη

2159 715 2445 780 δεομένων,
2485 713 2669 764 οὐκέτι
2703 714 2802 782 τὴν
2842 713 3026 764 οὐσίαν
3063 715 3336 781 σημαίνει,
3377 712 3511 767 ἀλλὰ
3550 714 3649 782 τὴν
3685 718 3744 767 ἐκ

2160 823 2302 866 τινος
2343 805 2528 872 ἐτέρου
2575 805 2707 874 πρὸς
2745 806 2928 874 ἕτερον
2976 822 3027 856 τι
3085 804 3434 874 μετάστασιν.
3485 807 3574 869 Ὠς
3618 810 3744 858 οταν

2160 899 2291 966 λέγῃ
2336 899 2532 950 Δαϐίδ·
2576 918 2591 946 ι
2641 899 2745 949 Καὶ
2795 897 2918 961 λαὸς
2949 898 2975 948 ό
3011 898 3351 966 κτιζόμενος,
3407 899 3613 951 αἰνέσει
3657 902 3745 950 τὸ»

2160 990 2383 1059 Κύριον.
2431 1010 2444 1040 ι
2488 991 2597 1042 Καὶ
2639 991 2832 1041 πάλιν·
2892 1009 2909 1038 ι
2968 990 3211 1058 Καρδίαν
3262 990 3509 1059 καθαρὰν
3559 993 3743 1042 κτίσον

2158 1084 2213 1134 ἐν
2251 1083 2395 1151 ἐμοὶ,
2426 1084 2452 1134 ὁ
2487 1082 2638 1144 Θεός.
2669 1101 2684 1132 ι
2724 1082 2778 1130 ὐ
2809 1081 2862 1133 δὲ
2905 1081 3113 1143 Παῦλός
3144 1083 3275 1150 φησί
3313 1100 3410 1133 που
3446 1083 3577 1150 περὶ
3621 1085 3746 1152 Χριι

2160 1174 2282 1226 στοῦ
2307 1191 2319 1203 ·
2354 1193 2370 1222 ι
2411 1174 2515 1225 Τὸν
2541 1174 2699 1241 νόμον
2721 1173 2825 1225 τῶν
2856 1173 3081 1224 ἐντολῶν
3111 1175 3167 1224 ἐν
3197 1173 3429 1241 δόγμασι
3459 1179 3744 1242 καταρτ-ᾑ.

2158 1282 2275 1327 σας,
2313 1266 2396 1315 ἵνα
2448 1266 2576 1327 τοὺς
2629 1264 2720 1316 δύο
2762 1265 2920 1333 κτίσῃ
2971 1265 3028 1315 ἐν
3075 1263 3252 1332 ἐαυτῷ
3297 1267 3375 1326 είς
3423 1265 3519 1315 ἕνα
3554 1268 3742 1316 καινὴ)

2156 1358 2459 1424 ἄνθρωπον.
2526 1376 2541 1406 ι
2601 1357 2710 1408 Καὶ
2762 1357 2955 1408 πάλιν·
3015 1375 3032 1406 ι
3108 1355 3429 1408 Ἐνδύσασθε
3481 1356 3573 1406 τὸν
3624 1358 3740 1406 νέον

2155 1448 2440 1517 ἄνθρωπον
2491 1449 2580 1499 τον
2638 1448 2776 1499 κατὰ
2817 1448 2948 1498 Θεὸν
2996 1448 3284 1498 κτισθέντα
3319 1450 3373 1498 ἐν
3421 1447 3735 1515 δικαιοσύνη

2155 1544 2247 1593 καὶ
2284 1541 2520 1609 ὁσιότητι
2578 1541 2677 1607 τῆς
2730 1540 3003 1609 ἀληθείας.
3048 1558 3064 1589 ι
3107 1539 3213 1591 Καὶ
3251 1541 3311 1589 οὐ
3352 1541 3413 1607 δή
3472 1557 3574 1590 που
3611 1539 3736 1589 λαὸν

2157 1631 2254 1699 μέν
2279 1648 2401 1682 τινα
2431 1631 2549 1681 κατ’
2577 1631 2762 1682 οὐσίαν
2792 1629 3104 1698 κτιζόμενον
3141 1630 3436 1697 ἐσήμαινεν
3470 1631 3498 1680 ό
3539 1628 3700 1680 Δαϐίδ
3720 1644 3731 1657 ·

2153 1723 2286 1774 ἀλλὰ
2339 1724 2426 1773 τὸν
2477 1725 2539 1773 ἐκ
2591 1721 2796 1789 πλάνης
2831 1723 2908 1781 εἰς
2943 1722 3236 1785 ἐπίγνωσιν
3269 1719 3402 1770 θεοῦ
3445 1719 3734 1787 μετατιθέ-

2158 1832 2316 1883 μενον
2352 1815 2518 1881 λέγει.
2570 1813 2656 1864 Ἐν
2693 1813 2869 1880 ἐαυτῷ
2916 1813 2971 1863 δὲ
3026 1812 3304 1875 κτίζεσθαι
3353 1813 3581 1881 καρδίαν
3639 1814 3732 1879 οὐχ

2152 1906 2346 1972 ἑτέραν
2403 1906 2529 1972 παρ’
2570 1906 2633 1971 ἢν
2682 1898 2825 1970 εἶχεν
2876 1901 3046 1969 ἠξίου,
3090 1901 3204 1952 ἀλλ’
3255 1904 3331 1962 είς
3382 1901 3733 1969 καθαρότητα

2152 1997 2319 2065 αὐτὴν
2356 1993 2766 2064 μεταποιεῖσθαι
2817 1995 3134 2062 παρεκάλει.
3191 1993 3247 2043 Ὀ
3294 1993 3350 2044 δέ
3390 2009 3450 2058 γε
3489 1992 3732 2057 σοφώτα-

2151 2106 2240 2150 τος
2291 2087 2521 2148 Παῦλος,
2577 2088 2633 2136 οὑ
2677 2085 2770 2136 δύο
2806 2085 2954 2146 τινας
2993 2084 3309 2152 ἀνθρώπους
3374 2086 3454 2144 είς
3501 2083 3731 2150 ἑνότητα

2153 2180 2384 2248 φυσικὴν
2418 2177 2800 2240 ἁνακτίζεσθαι
2848 2176 2994 2241 λέγει
3027 2176 3112 2226 διὰ
3148 2175 3405 2245 Χριστοῦ,
3445 2176 3519 2238 ὡς
3556 2176 3731 2245 ἀρχὴν

2150 2271 2241 2322 τοῦ
2280 2265 2417 2322 εἶναι
2446 2269 2816 2336 λαμϐάνοντας
2842 2283 2854 2293 ·
2886 2267 3019 2320 ἀλλὰ
3047 2266 3171 2328 τούς
3202 2283 3257 2316 τε
3289 2269 3345 2331 ἐξ
3386 2266 3605 2335 Ἰσραὴλ
3636 2268 3731 2317 καί

2149 2362 2273 2422 τοὺς
2305 2359 2362 2423 ἐξ
2390 2359 2556 2410 ἐθνῶν
2592 2359 2670 2418 είς
2703 2358 2996 2425 καινότητα
3026 2355 3250 2425 γνώμης
3290 2355 3728 2424 μεταποιηθήσε-

2154 2450 2274 2503 σθαι
2308 2450 2486 2517 λέγει·
2531 2451 2654 2512 τοὺς
2690 2451 2786 2517 μέν
2826 2451 2965 2501 κατὰ
3000 2448 3160 2516 νόμον
3194 2449 3466 2517 λατρείας,
3513 2454 3640 2513 τοὺς
3673 2452 3729 2504 δὲ

2148 2543 2246 2611 τῆς
2296 2541 2592 2610 συντρόφου
2636 2540 2844 2608 πλάνης
2890 2539 3333 2608 ἐπιλαθομένους.
3396 2542 3506 2593 Καὶ
3566 2543 3728 2594 πάλιν

2151 2633 2472 2686 ἐνδύσασθαι
2512 2636 2673 2685 πᾶσιν
2704 2635 2836 2702 ἡμῖν
2865 2632 3139 2684 ἐπιτάττει
3169 2632 3259 2707 τὸν
3303 2633 3485 2685 καινὸν
3517 2636 3728 2704 ἅνθρω-

2151 2743 2250 2776 πον
2281 2727 2372 2776 τὸν
2411 2725 2550 2776 κατὰ
2580 2724 2710 2775 Θεὸν
2751 2722 3055 2775 κτισθέντα.
3097 2724 3202 2775 Καὶ
3249 2723 3404 2791 δῆλόν
3455 2725 3604 2775 ἐστιν
3653 2726 3727 2789 ὡς

2147 2819 2245 2869 οὐκ
2294 2817 2576 2888 ἄνθρωπόν
2619 2833 2738 2869 τινα
2779 2817 2893 2867 κατ’
2929 2816 3113 2867 οὐσίαν
3148 2816 3408 2881 γεγονότα
3445 2817 3724 2885 σημαίνει,

2144 2908 2204 2959 ὃν
2241 2909 2562 2961 ἐνδύσασθαι
2596 2908 2720 2977 χρὴ,
2761 2908 2894 2959 ἀλλὰ
2943 2908 3030 2958 τὸν
3064 2908 3182 2959 κατ’
3221 2907 3419 2976 ἀρετὴν
3467 2907 3582 2976 βίον
3632 2909 3728 2961 καὶ

2143 3001 2234 3051 τὸν
2289 3000 2387 3067 τῆς
2443 3000 2815 3069 προαιρέσεως
2855 2999 3262 3067 ἀνακαινισμὸν.
3320 2999 3380 3051 El
3439 3002 3616 3052 τοίνυν
3669 2999 3726 3053 τὸ

2147 3089 2426 3152 κτίξεσθαι
2461 3089 2518 3140 οὐ
2556 3089 2772 3150 πάντως
2804 3087 2898 3154 τὴν
2928 3089 3114 3140 οὐσίαν
3141 3088 3307 3157 δηλοῖ,
3336 3092 3484 3140 ποῖον
3523 3090 3587 3142 ἂν
3615 3091 3725 3160 ἔχοι

2149 3182 2324 3246 λόγον,
2359 3180 2390 3249 ἢ
2432 3181 2547 3241 πῶς
2589 3180 2685 3231 οὐκ
2733 3180 2956 3246 ἀνόητον
2999 3182 3090 3231 ἐπὶ
3131 3182 3228 3249 μὲν
3260 3181 3369 3232 τῶν
3398 3182 3566 3244 ὅντως
3610 3201 3726 3234 κτι-

2155 3271 2378 3341 σμάτων
2412 3271 2588 3341 ὀρθῶς
2626 3272 2684 3322 τὸ
2718 3272 3101 3340 γεγραμμένον
3148 3272 3483 3342 ἐκδέχεσθαι,
3524 3275 3615 3326 ἐπὶ
3669 3275 3723 3328 δὲ

2143 3363 2235 3416 τοῦ
2279 3362 2412 3414 Θεοῦ
2446 3363 2638 3430 Λόγου,
2688 3364 2771 3430 ἐφ’
2805 3359 2846 3429 ᾧ
2877 3363 2938 3432 δὴ
2978 3365 3209 3432 μάλιστα
3249 3365 3405 3416 τοῦτο
3454 3368 3721 3433 φυλάττε-

2146 3456 2264 3508 σθαι
2289 3456 2412 3526 χρὴ,
2437 3454 2611 3524 σαθρὰ
2638 3455 2888 3516 νοοῦντας
2916 3455 3283 3524 εὑρίσκεσθαι;
3308 3476 3323 3504 ι
3353 3455 3555 3525 Κύριος
3593 3458 3722 3526 γὰρ,

2144 3549 2328 3618 φησὶν,
2357 3549 2536 3600 ἕκτισέ
2569 3563 2670 3616 με·
2703 3567 2718 3598 ι
2758 3548 2848 3598 καὶ
2870 3547 2931 3598 οὐ
2963 3547 3122 3616 μέχρι
3148 3546 3260 3608 τοῦ,
3295 3565 3312 3595 ι
3353 3547 3535 3600 ἔκτισέ
3569 3566 3661 3618 με,
3700 3568 3719 3601 ι

2142 3639 2234 3691 τοῦ
2267 3639 2423 3706 λόγου
2473 3639 2570 3708 τὴν
2603 3639 2834 3707 δύναμιν
2880 3638 3111 3707 ἵστησιν,
3157 3637 3293 3689 ἀλλὰ
3341 3639 3722 3710 προστίθησιν,

2140 3732 2221 3784 ὃτι
2264 3749 2279 3780 ι
2317 3731 2492 3801 ἀρχὴν
2524 3720 2658 3783 όδῶν
2680 3729 2844 3783 αὑτοῦ
2879 3749 2895 3780 ι
2932 3731 3010 3792 εἰς
3038 3731 3173 3799 ἔργα
3201 3730 3363 3782 αὑτοῦ
3394 3732 3597 3794 ἐκτισε,
3630 3735 3719 3784 καὶ

2140 3824 2240 3876 οὐκ
2282 3825 2361 3885 είς
2405 3824 2464 3875 τὸ
2521 3820 2657 3875 εἶναι
2710 3822 3069 3894 παραγαγὼν,
3119 3821 3232 3874 ἀλλ’
3281 3822 3491 3876 ἔκτισεν
3545 3827 3721 3894 ἀρχὴν

2141 3914 2274 3966 ὁδῶν
2312 3913 2474 3965 αὑτοῦ
2506 3915 2584 3975 είς
2614 3913 2749 3982 ἔργα
2794 3912 2956 3964 αὑτοῦ
2981 3928 2993 3941 ·
3033 3914 3167 3982 ὅπερ
3203 3912 3344 3966 οῦτω
3375 3917 3608 3984 νοήσεις,
3659 3917 3718 3968 Ἠ

2143 4006 2284 4059 κατὰ
2322 4005 2483 4073 νόμον
2519 4005 2760 4056 πολιτεία
2800 4004 3085 4074 ἐτετίμητο
3112 4005 3208 4074 μὲν
3240 4005 3390 4074 παρὰ
3428 4010 3537 4070 τοῖς
3592 4006 3718 4058 Ἰον-

2141 4098 2329 4161 δαίοις,
2361 4098 2513 4167 παρὰ
2549 4097 2605 4150 δὲ
2643 4100 2752 4159 τοῖς
2805 4096 3009 4148 ἔθνεσιν
3053 4097 3161 4149 οὐδ’
3194 4098 3327 4158 ὅλως
3378 4101 3404 4150 ὁ
3456 4100 3595 4151 κατὰ
3643 4101 3722 4154 δι-

2141 4189 2435 4259 καιοσύνην
2464 4189 2575 4258 βίος
2602 4187 2949 4255 ἐγινώσκετο.
2981 4188 3170 4255 Γέγονε
3203 4190 3402 4253 τοίνυν,
3436 4192 3554 4259 ἦτοι
3579 4192 3721 4243 ἐκτί-

2147 4282 2266 4350 σθη,
2307 4281 2443 4352 σὰρξ
2483 4281 2512 4332 ὁ
2545 4279 2636 4332 τοῦ
2677 4279 2810 4331 Θεοῦ
2857 4280 3045 4346 Λόγος,
3085 4280 3360 4331 τουτέστιν
3408 4281 3715 4350 ἅνθρωπος,

2142 4372 2228 4423 ἵνα
2260 4373 2352 4424 καὶ
2379 4371 2518 4440 ἁρχὴ
2552 4370 2658 4422 τῶν
2693 4370 2828 4422 ὁδῶν
2862 4369 2952 4421 τοῦ
2995 4370 3200 4439 Κυρίου
3253 4372 3340 4422 καὶ
3387 4371 3495 4424 τῶν
3543 4373 3720 4442 ἔργων

2144 4463 2306 4516 αὑτοῦ
2369 4463 2530 4514 πᾶσιν
2585 4461 2803 4530 εὑρεθῇ.
2861 4462 2946 4514 Ἑν
3007 4463 3114 4530 γὰρ
3173 4462 3370 4532 πρώτῳ
3420 4464 3644 4534 Χριστῷ
3693 4467 3720 4517 ὁ

469 4550 609 4596 mus,
655 4551 814 4604 quam
862 4549 1126 4608 praecepta
1173 4543 1320 4608 ejus?
1349 4559 1470 4612 qua:
1517 4556 1834 4614 praastantes
1875 4559 2035 4617 atque

2149 4554 2496 4623 εὐαγγελικὸς
2524 4553 2799 4622 ἀνέλαμψε
2833 4553 2961 4623 βίος.
3016 4555 3202 4616 Ὁδοὺς
3227 4554 3282 4606 δὲ
3318 4557 3410 4607 καὶ
3449 4557 3588 4628 ἔργα
3613 4559 3717 4614 Κυ-

467 4637 824 4693 exsequentes
863 4629 1024 4682 veluti
1074 4631 1257 4687 multis
1297 4649 1359 4687 ac
1387 4636 1554 4690 variis
1603 4638 1704 4690 viis
1750 4639 1814 4689 ad
1863 4640 2034 4706 ipsutn

469 4717 826 4784 procedimus.
871 4720 1023 4784 Quod
1069 4735 1196 4776 vero
1230 4738 1396 4793 opera
1437 4726 1693 4779 eximiam
1741 4739 1794 4781 et
1831 4739 2034 4783 rectam

465 4805 630 4859 vitam
661 4809 988 4875 significent,
1016 4823 1068 4864 et
1095 4824 1369 4883 praecepta
1403 4816 1518 4878 Dei,
1558 4819 1677 4870 audi
1716 4821 1842 4886 quid
1881 4836 2034 4874 sacra

469 4898 744 4967 Scriptura
783 4901 927 4956 dicat
959 4921 970 4955 :
1007 4923 1024 4955 ι
1063 4903 1150 4957 ναι
1187 4908 1274 4974 qui
1315 4907 1518 4961 faciunt
1544 4924 1704 4978 Opera
1738 4911 1826 4964 Dei
1863 4913 2032 4982 negli-

468 5002 653 5059 genter
676 4993 764 5048 "'.
805 5013 822 5046 ι
867 4995 1062 5050 Beatus
1103 5009 1279 5052 autem
1314 4999 1476 5053 David
1513 5013 1774 5070 praecepta
1819 5003 1911 5057 Dei
1943 5021 2035 5072 ap-

468 5083 670 5151 pellans
718 5087 852 5153 vias,
905 5089 977 5142 ita
1024 5092 1332 5146 exclamat:
1371 5111 1388 5145 ι
1425 5093 1550 5146 Vias
1599 5103 1738 5157 tuas,
1792 5098 2032 5162 Domine,

471 5188 624 5231 notas
666 5180 747 5233 l'ae
780 5183 930 5247 mihi,
967 5195 1018 5237 et
1050 5186 1275 5241 semitas
1302 5195 1421 5242 tuas
1447 5189 1577 5241 doce
1613 5193 1776 5243 me”.
1816 5210 1831 5240 ›

2147 4648 2283 4720 ρίου,
2319 4648 2370 4698 τί
2401 4645 2505 4714 χρὴ
2532 4647 2670 4696 νοεῖν
2696 4645 2900 4713 ἕτερον,
2933 4645 2964 4713 ἢ
2999 4645 3213 4707 παντως
3243 4644 3342 4706 τὰς
3374 4647 3594 4710 ἐντολὰς
3626 4649 3711 4700 ai:-

2145 4740 2276 4804 τοῦ;
2331 4738 2507 4808 ἇσπερ
2559 4737 2926 4799 ἐπιτελοῦντες
2975 4738 3065 4788 καὶ
3110 4736 3488 4807 ἐργαζόμενοι,
3528 4738 3717 4810 ῶσπερ

2143 4831 2229 4884 διὰ
2259 4829 2468 4882 πολλῶν
2494 4830 2585 4882 καὶ
2607 4830 2855 4900 ποικίλης
2885 4828 3002 4881 όδοῦ
3034 4827 3317 4899 βαδίζομεν
3358 4831 3494 4899 πρὸς
3528 4831 3714 4885 αὐτόν.

2148 4925 2266 4974 Ὅτι
2315 4922 2370 4974 δὲ
2418 4922 2486 4974 τὰ
2517 4921 2651 4990 ἔργα
2691 4920 2780 4973 τὸν
2826 4919 3103 4988 ἐξαίρετον
3143 4921 3392 4989 σημαίνει
3435 4920 3571 4990 βίον,
3626 4925 3716 4974 καὶ

2143 5014 2210 5067 τὰ
2244 5014 2639 5083 προστάγματα
2680 5012 2772 5066 τοῦ
2822 5011 2980 5076 Θεοῦ,
3029 5012 3191 5064 ἄκουε
3239 5011 3290 5063 τί
3325 5016 3553 5082 φησινὴ
3600 5014 3716 5066 θεία

2143 5107 2362 5177 Γραφή·
2406 5125 2423 5155 ι
2475 5105 2607 5158 Οὐαὶ
2636 5105 2684 5157 οἱ
2732 5104 3012 5166 ποιοῦντες
3059 5103 3126 5155 τὰ
3165 5103 3297 5172 ἐργα
3334 5103 3538 5170 Κυρίου
3579 5105 3714 5173 ἀμε-

2142 5200 2269 5263 λῶς.
2310 5217 2327 5248 ι
2376 5199 2434 5250 'U
2469 5197 2522 5250 δέ
2560 5198 2826 5267 μακάριος
2854 5196 3036 5260 Δαὸὶδ,
3076 5195 3224 5257 ὁδοὺς
3257 5189 3394 5247 εἶναι
3423 5196 3595 5262 λέγων
3619 5196 3715 5257 τὰς

467 5267 700 5335 ἐντολὰς.
743 5275 1168 5346 ἀναφθέγγεται·
1221 5299 1238 5332 ί
1301 5281 1410 5343 Τὰς
1458 5280 1607 5344 6505;
1664 5300 1776 5346 σου,
1833 5287 2028 5357 Κυριε,
2065 5293 2327 5363 γνώρισόν
2395 5309 2503 5360 μοι,
2556 5292 2646 5344 καὶ
2689 5291 2786 5353 τὰς
2828 5289 3047 5356 τρίϐους
3077 5306 3167 5340 σου
3201 5287 3408 5351 δίδαξόν
3453 5307 3540 5358 με.
3587 5309 3602 5338 ι

1063 5412 1211 5468 Idem
1255 5415 1428 5469 aliter.

543 5561 563 5595 ι
596 5545 852 5603 Dominus
879 5553 1082 5606 creavit
1118 5567 1201 5607 me
1230 5553 1436 5607 initium
1473 5554 1682 5606 viarum
1719 5569 1941 5608 suarum
1972 5558 2025 5610 in

468 5652 628 5708 opera
679 5640 864 5710 ipsius.
896 5661 915 5695 ι
968 5643 1199 5699 Verbum
1239 5645 1359 5711 hoc,
1405 5665 1423 5697 ι
1456 5647 1684 5713 creavit,
1721 5666 1738 5700 ι
1793 5665 1896 5702 non
1946 5665 2031 5705 es~

535 5799 579 5829 ”
604 5798 738 5852 Psal.
767 5814 843 5867 CI,
877 5800 960 5855 l9.

469 5886 615 5934 xxiv,
641 5874 691 5926 4.

1034 5800 1237 5857 "Psal.
1261 5817 1311 5868 ι,
1338 5801 1421 5855 l2.
1494 5802 1540 5831 "
1562 5800 1750 5873 Ephes.
1783 5818 1840 5866 ιι,
1869 5803 1952 5856 15.

2104 5804 2148 5835 ’⁵
2196 5803 2390 5874 Ephes.
2443 5822 2514 5871 tv,
2570 5807 2659 5861 24.

2652 5426 2882 5489 ’Ἄλλως
2921 5425 2982 5475 τὸ
3017 5425 3180 5478 αὐτό.

2220 5582 2238 5612 ι
2286 5559 2487 5630 Κύριος
2533 5559 2712 5614 ἐκτισέ
2769 5579 2832 5630 με
2872 5561 3044 5630 ἀρχὴν
3088 5559 3219 5612 ὁδῶν
3257 5559 3422 5612 αὑτοῦ
3464 5563 3541 5621 εἰς
3582 5559 3709 5630 ἔργα

2141 5650 2326 5704 αὐτοῦ.
2378 5670 2396 5702 ι
2435 5652 2528 5715 Τὸ,
2581 5671 2596 5699 ι
2650 5652 2880 5716 ἔκτισεν,
2927 5672 2943 5702 >
2987 5654 3044 5704 οὐ
3095 5651 3233 5704 κατὰ
3265 5651 3362 5720 τῆς
3404 5651 3592 5714 οὐσίας
3623 5652 3712 5703 τοῦ

2767 5808 2834 5839 ’⁸⁸
2873 5797 3070 5862 Jercin.
3110 5822 3293 5874 mm,
3331 5808 3412 5862 l0.
3492 5809 3538 5840 "
3566 5808 3706 5864 Psal.
