4024 6520
316 487 425 544 273
1715 481 2163 540 THESAURUS.
3486 470 3594 528 ττι

317 603 407 657 διὰ
435 603 529 673 τῆς
555 602 779 673 σαρκὸς.
824 601 854 653 6
892 600 1022 663 Θεὸς
1064 600 1154 653 τὸν
1194 597 1390 652 ἑαυτοῦ
1441 599 1571 651 Υίὸν
1597 598 1821 667 πέμψας
1849 598 1906 651 ὲν
1938 646 1941 655 ι

2052 597 2209 651 ‘ilium
2255 611 2410 651 suum
2450 596 2671 651 mittens
2708 596 2759 649 iu
2796 590 3213 650 similitudinem
3254 587 3437 644 carnis
3479 603 3607 658 pec-

320 692 626 763 ὁμοιώματι
650 691 851 761 σαρκὸς
876 689 1170 762 ἁμαρτίας,
1190 691 1285 741 καὶ
1317 689 1444 759 περὶ
1474 686 1749 758 ἁμαρτίας
1779 704 1911 739 κατ-

2052 689 2142 751 ati,
2187 688 2253 742 de
2300 697 2523 755 peccato
2571 684 2849 741 damnavit
2892 691 3176 755 peccatum
3226 681 3279 735 itt
3324 694 3511 745 carne,
3553 690 3612 735 ut

322 786 502 855 ἐκρινε
548 783 645 853 τὴν
680 782 959 852 ἁμαρτίαν
1006 784 1063 833 ὲν
1102 782 1167 851 τῇ
1206 780 1389 850 σαρκὶ,
1429 779 1517 832 ἵνα
1549 779 1608 831 τὸ
1634 778 1911 847 δικαίωμα

2054 779 2329 835 istilicatio
2359 779 2489 848 legis
2519 777 2837 847 impleretur
2863 777 2916 830 in
2946 775 3122 837 nobis,
3148 772 3238 843 qui
3270 786 3375 827 non
3406 785 3609 827 secuno

321 876 414 927 τοῦ
454 876 619 945 νόμου
671 874 935 946 πληρωθῇ
996 875 1052 926 ὲν
1102 874 1259 942 ἡμῖν,
1290 873 1402 933 τοῖς
1448 868 1691 941 μὴκατὰ
1731 870 1911 940 σάρκα

2054 888 2140 925 um
2164 887 2384 926 carnem
2411 870 2770 930 ambulamus,
2791 868 2887 923 sed
2907 867 3203 922 secundum
3227 862 3475 933 spiritum
3490 860 3558 914 δ’.
3587 880 3606 912 ι

324 966 740 1036 περιπατοῦσιν,
794 966 932 1019 ἀλλὰ
997 962 1141 1017 κατὰ
1197 962 1479 1033 πνεῦμα.»
1552 962 1662 1015 Καὶ
1713 960 1909 1015 πάλιν·

2052 964 2083 1016 ξι
2107 962 2308 1017 alicubi
2348 980 2361 1015 :
2401 981 2418 1013 ι
2460 959 2579 1015 Non
2609 960 2753 1014 enim
2786 957 2933 1013 misit
2965 957 3107 1011 Deus
3138 954 3335 1011 Filium
3368 955 3420 1007 in
3456 968 3612 1007 utun-

330 1076 347 1107 ι
386 1057 461 1109 Οὐ
514 1057 624 1127 γὰρ
668 1054 987 1110 ἀπέστειλεν
1025 1056 1054 1108 6
1097 1054 1228 1117 θεὸς
1261 1054 1352 1107 τὸν
1391 1053 1518 1106 Υίὸν
1550 1054 1630 1115 είς
1679 1050 1772 1105 τὸν
1822 1051 1916 1104 κό-

2054 1068 2176 1118 um,
2213 1063 2271 1108 ut
2302 1052 2509 1123 iudicet
2549 1050 2842 1116 mundum,
2880 1048 2974 1103 sed
3012 1057 3070 1101 ut
3108 1044 3341 1102 mundus
3372 1042 3612 1099 salvetur

327 1163 486 1215 σμον,
520 1147 605 1200 ἵνα
630 1148 791 1218 κρίνῃ
817 1147 910 1199 τὸν
954 1146 1182 1216 κόσμον,
1210 1144 1324 1199 ἀλλ’
1356 1145 1441 1198 ἵνα
1477 1143 1623 1215 σωθῇ
1650 1144 1678 1195 ό
1706 1143 1912 1213 κόσμος

2053 1161 2114 1200 er
2151 1145 2363 1201 eum“.
2415 1163 2434 1197 ι
2479 1142 2719 1199 Rursum
2762 1140 3023 1197 Servator
3083 1140 3151 1194 de
3204 1137 3387 1209 seipse
3426 1152 3441 1191 :
3489 1153 3507 1187 ι
3555 1133 3615 1189 In

323 1239 392 1291 δι’
428 1238 615 1292 αὑτοῦ.
653 1257 673 1290 t
720 1238 830 1292 Kal.
862 1239 1027 1293 πάλιν
1062 1241 1090 1293 6
1121 1238 1311 1309 Σωτὴρ
1345 1236 1473 1307 περὶ
1500 1235 1728 1289 ἑαυτοῦ·
1766 1253 1784 1286 ι
1823 1235 1918 1297 Εἰς

2052 1239 2281 1293 udicium
2316 1253 2416 1309 ego
2449 1238 2502 1309 in
2536 1238 2683 1292 hunc
2714 1235 2977 1292 mundum
3003 1233 3147 1296 veni,
3178 1241 3238 1285 ut
3268 1230 3358 1298 qui
3394 1244 3501 1284 non
3528 1228 3613 1281 vi—

328 1332 513 1401 κρίσιν
532 1329 644 1393 ἐγὼ
668 1330 747 1395 εἰς
766 1325 857 1384 τδῖδ
878 1331 1084 1399 κόσμον
1107 1329 1298 1383 τοῦτον
1314 1325 1498 1399 ἦλθον,
1530 1328 1617 1380 ἵνα
1634 1327 1684 1380 οἱ
1707 1326 1784 1399 μὴ
1805 1325 1920 1395 βλέ-

2057 1336 2170 1393 ent,
2198 1328 2433 1391 videant,
2462 1336 2515 1382 et
2541 1327 2633 1397 qui
2662 1325 2870 1391 vident,
2900 1323 3028 1380 caci
3063 1321 3195 1376 ﬂant
3217 1321 3317 1373 ".t
3349 1319 3484 1373 Cum
3512 1317 3615 1386 igi-

327 1440 525 1487 ποντες
556 1422 820 1493 βλέπωσι,
852 1424 949 1476 καὶ
975 1423 1026 1475 οἱ
1055 1421 1344 1491 βλέποντες
1374 1420 1563 1489 τυφλοὶ
1588 1419 1912 1487 γένωνται.)

2052 1434 2113 1473 ur
2140 1417 2315 1474 factus
2345 1429 2426 1473 est
2461 1418 2644 1484 homo,
2676 1424 2735 1470 ut
2767 1418 2881 1471 hac
2911 1429 3073 1485 opera
3108 1413 3347 1482 impleat,
3379 1417 3433 1467 et
3462 1408 3613 1478 priu-

330 1513 463 1565 Ὄτε
498 1514 678 1566 τοίνυν
716 1513 942 1582 γέγονεν
984 1512 1269 1584 ἄνθρωπος
1317 1512 1404 1564 ἵνα
1452 1511 1627 1563 ταῦτα
1652 1510 1918 1581 πληρώσῃ

2057 1510 2224 1581 ipium
2263 1509 2358 1564 ﬂat
2392 1507 2702 1577 hujusmodi
2738 1507 2980 1571 viarum,
3016 1506 3212 1559 merito
3243 1504 3309 1557 de
3342 1516 3411 1557 se
3436 1498 3566 1555 dicit
3598 1517 3612 1553 :

325 1605 397 1657 τέι
442 1603 602 1674 ἔργα,
632 1607 727 1658 καὶ
765 1605 909 1677 ἀρχὴ
940 1604 1168 1675 γένηται
1200 1603 1309 1656 τῶν
1338 1602 1596 1656 τοιούτων
1639 1601 1775 1655 ὁδῶν
1798 1642 1812 1663 ,
1844 1602 1925 1653 εἱ-

330 1697 504 1759 κότως
559 1696 626 1749 ἂν
669 1695 819 1764 λέγοι
877 1696 1006 1767 περὶ
1050 1693 1245 1748 ἑαυτοῦ
1272 1710 1286 1724 ο
1324 1712 1342 1745 ι
1382 1693 1589 1765 Κύριος
1634 1691 1818 1745 ἔκτισε
1854 1708 1922 1761 με

330 1787 507 1858 ἀρχὴν
554 1786 691 1840 ὁδῶν
730 1787 896 1840 αὑτοῦ
932 1789 1013 1851 είς
1048 1787 1187 1857 ἔργα
1232 1784 1418 1840 αὑτοῦ.
1455 1806 1473 1837 ι
1528 1786 1641 1839 Οὐκ
1696 1782 1922 1855 ἐκτίσθη

332 1878 441 1944 γὰρ
476 1876 557 1939 είς
594 1876 657 1928 τὺ
701 1872 843 1929 εἶναι
878 1874 1257 1946 παρενεχθεὶς,
1314 1874 1427 1927 ἀλλ’
1463 1872 1538 1927 ὣν
1570 1872 1659 1928 ἀεὶ
1694 1874 1789 1927 καὶ
1815 1872 1922 1924 ὑπ-

332 1968 539 2036 άρχων,
570 1966 796 2038 ἐκτίσθη
820 1966 958 2036 σὰρξ
988 1966 1074 2021 διὰ
1097 1965 1196 2030 τας
1217 1966 1587 2039 προκειμένας
1621 1967 1825 2030 αἰτίας.

338 2082 462 2134 Ἔτι
489 2083 577 2148 εις
611 2080 699 2144 τὸ,
740 2099 759 2131 ι
793 2080 1246 2206 Κύριοςόὲἲῖρέ
1268 2098 1344 2151 με
1365 2124 1378 2147 ,
1411 2102 1429 2134 ι
1463 2080 1553 2135 ὅτι
1585 2082 1657 2135 οὺ
1700 2083 1925 2150 κτίσμα

1196 2173 1249 2206 c.

1196 2173 1249 2219 ς.

406 2260 544 2327 Φησί
568 2276 671 2311 που
693 2258 905 2323 Παῦλος
934 2260 1061 2330 περὶ
1086 2260 1177 2313 τοῦ
1204 2261 1354 2331 ὼτῆ
1364 2278 1457 2332 ρος
1485 2260 1641 2330 ἡμῶν
1661 2259 1922 2332 Χριστοῦο

345 2371 363 2399 ι
385 2351 555 2413 Αὐτὸς
585 2351 695 2421 γάρ
728 2353 878 2403 ἐστιν
925 2352 958 2421 ὴ
993 2353 1185 2422 εἰρήνη
1234 2352 1411 2423 ἡμῶν,
1459 2354 1487 2405 6
1512 2351 1572 2404 τὸ
1613 2352 1927 2422 μεσότοιχον

338 2442 434 2494 τοῦ
462 2442 717 2512 φραγμοῦ
746 2443 938 2509 λύσας,
966 2444 1065 2513 τὴν
1092 2442 1293 2514 ἔχθραν
1328 2445 1384 2496 ὲν
1426 2445 1488 2514 τῇ
1532 2444 1696 2515 σαρκὶ
1736 2443 1925 2510 αὑτοῦ,

342 2534 430 2586 τὸν
462 2536 623 2603 νόμον
653 2534 761 2588 τῶν
796 2534 1027 2588 ἐντολῶν
1058 2537 1116 2587 ὲν
1148 2535 1381 2603 δόγμασι
1424 2536 1803 2606 καταργήσας,
1841 2535 1928 2589 ἵνα

342 2626 467 2687 τσὺς
495 2625 590 2677 δύο
628 2627 792 2697 κτίσῃ
816 2628 873 2679 ὲν
902 2626 1080 2697 ἐαυτῷ
1114 2629 1192 2690 είς
1233 2627 1329 2680 ἕνα
1366 2628 1552 2681 καινὸν
1582 2628 1925 2698 ἄνθρωπον.»

348 2717 406 2769 Εἰ
447 2718 627 2770 τοίνυν
676 2716 737 2769 τὸ
783 2720 875 2771 καὶ
918 2717 1013 2771 δύο
1042 2718 1218 2781 κτίζει
1248 2718 1482 2791 Χριστὸς
1527 2719 1584 2770 ὲν
1608 2716 1805 2788 ἑαυτῷ,
1836 2717 1931 2770 καὶ

346 2808 422 2867 εἰς
456 2808 551 2859 ἕνα
581 2808 766 2860 καινὸν
796 2806 1084 2877 ἄνθρωπον
1112 2810 1421 2880 ἁναμορφοί
1442 2850 1456 2873 ,
1508 2808 1809 2875 τουτέστιν,
1853 2810 1932 2873 είς

346 2898 439 2951 τὸν
468 2898 607 2951 κατὰ
662 2899 862 2970 ἀρετὴν
896 2899 1009 2969 βίον
1032 2916 1044 2929 ·
1087 2902 1249 2971 ἡμεῖς
1283 2900 1391 2971 γὰρ
1422 2895 1564 2971 ἦμεν
1604 2901 1653 2952 oi
1696 2900 1756 2953 ὲν
1786 2900 1934 2971 αὑτῷ

349 2990 687 3060 κτιζόμενοι,
717 2992 854 3044 καθὸ
881 2992 978 3061 τῆς
1009 2992 1143 3063 πρὸς
1192 2994 1334 3063 ἡμᾶς
1388 2992 1699 3062 ὁμοιώσεως
1728 2986 1932 3047 Δὲτνελάο

349 3084 495 3147 δετο,
528 3084 622 3136 καὶ
648 3084 706 3135 ὲν
734 3082 882 3153 αὐτῷ
917 3084 1119 3155 πρώτῳ
1140 3086 1238 3154 τῆς
1269 3085 1615 3157 ἀρεσκούσης
1638 3087 1758 3158 Θεῷ
1789 3086 1937 3142 πολι-

349 3176 499 3240 τείας
524 3176 840 3246 ἐσχήκαμεν
868 3176 964 3238 τὰς
987 3176 1161 3248 ἀρχὰς
1181 3178 1259 3239 είς
1288 3176 1543 3247 ἀμείνονα
1572 3177 1685 3247 βίον
1714 3179 1937 3231 ἀνακτι-

2030 1621 2049 1653 ι
2105 1602 2365 1656 Dominus
2405 1600 2611 1656 creavit
2650 1614 2735 1654 me
2777 1596 3107 1667 principium
3140 1596 3350 1647 viarum
3392 1606 3615 1645 suarum

2026 1696 2078 1749 iu
2120 1709 2288 1763 opera
2334 1695 2525 1764 ipsius.
2571 1713 2589 1744 ι
2630 1691 2832 1761 Neque"
2853 1689 2999 1747 enim
3042 1688 3116 1743 ita
3156 1697 3376 1742 creatus
3415 1693 3521 1747 est,
3561 1693 3619 1736 ut

2026 1784 2093 1839 ad
2119 1798 2241 1839 esse
2266 1783 2551 1837 traductus
2576 1782 2670 1846 sit,
2698 1781 2790 1835 sed
2817 1795 2938 1833 cum
2968 1776 3274 1847 semper-sit
3300 1783 3465 1843 atque
3490 1772 3622 1829 sub-

2028 1876 2209 1941 sistat,
2243 1886 2464 1931 creatus
2495 1886 2582 1930 est
2612 1887 2740 1927 raro
2770 1873 2838 1927 oh
2870 1885 3067 1925 causas
3091 1870 3201 1937 jam
3233 1866 3429 1922 dictas.

2028 2079 2185 2133 Miud
2217 2079 2269 2133 in
2300 2080 2460 2143 idem,
2498 2097 2516 2130 ι
2557 2077 2814 2132 Dominus
2846 2076 3039 2130 crearit
3072 2089 3183 2139 me;
3225 2093 3243 2125 ι
3277 2070 3416 2142 quod
3447 2067 3621 2125 Filias

2578 2165 2682 2203 non
2714 2149 2781 2202 sit
2811 2157 3077 2202 creatura.

2103 2265 2300 2319 Paulus
2342 2264 2539 2319 alicubi
2594 2265 2661 2320 de
2714 2264 3009 2318 Servatore
3058 2270 3243 2315 nostro
3285 2260 3503 2315 Christo
3549 2259 3621 2313 ita

2031 2355 2109 2409 ait
2141 2373 2154 2408 :
2194 2372 2213 2405 ι
2253 2353 2370 2423 Ipse
2400 2355 2544 2410 enim
2579 2364 2660 2409 est
2696 2370 2797 2419 pax
2833 2363 3049 2415 nostra,
3088 2348 3325 2405 medium
3360 2347 3625 2420 parietem

2032 2447 2284 2501 maceria:
2327 2448 2575 2513 solvens,
2616 2446 2934 2501 inimicitias
2980 2445 3032 2499 in
3080 2442 3249 2500 carne
3287 2459 3414 2509 sua,
3450 2441 3624 2513 legem

2035 2538 2416 2594 mandatorum
2453 2542 2504 2594 in
2539 2539 2776 2594 decretis
2806 2552 3103 2598 evacuans,
3139 2547 3196 2589 ut
3228 2537 3363 2590 tillOS
3390 2544 3541 2589 creet
3574 2534 3625 2587 iu

2033 2633 2215 2701 seipse
2248 2632 2301 2686 in
2337 2648 2502 2685 unum
2540 2646 2737 2685 novum
2774 2629 3049 2684 hominem
3077 2629 3145 2681 ⁸¹.
3186 2648 3203 2679 ι
3239 2627 3294 2681 Si
3330 2641 3460 2696 ergo
3490 2625 3628 2680 duos

2035 2732 2187 2778 creat
2216 2722 2464 2777 Christus
2500 2720 2553 2775 iu
2588 2722 2800 2791 seipse,
2836 2730 2889 2775 et
2924 2720 2975 2775 iu
3016 2735 3178 2773 unum
3221 2734 3417 2773 novum
3456 2716 3629 2771 homi-

2038 2830 2157 2871 nem
2186 2813 2565 2877 transformat,
2596 2814 2699 2868 hoc
2726 2824 2829 2879 est,
2859 2813 2910 2868 iu
2942 2812 3103 2865 vitam
3135 2813 3432 2866 secundum
3459 2810 3631 2865 virtu-

2038 2920 2143 2963 tem
2180 2928 2192 2963 :
2228 2924 2329 2963 nos
2364 2908 2505 2964 enim
2547 2924 2737 2962 sumus
2775 2909 2826 2962 iu
2865 2908 2980 2975 ipso
3018 2906 3221 2967 creati,
3256 2914 3523 2972 quatenus
3558 2901 3632 2956 si-

2040 3000 2399 3055 milita‘dinem
2446 3011 2688 3055 nostram
2736 2998 3051 3069 assumpsit,
3095 3010 3147 3053 et
3194 2999 3250 3051 in
3297 2999 3412 3064 ipso
3456 2995 3631 3064 primo

2040 3095 2316 3149 consecuti
2345 3109 2532 3147 sumus
2559 3094 2709 3148 initia
2737 3094 3170 3148 conversationis
3193 3108 3315 3161 qua:
3345 3091 3450 3143 Deo
3476 3104 3635 3143 accc.-

2041 3196 2131 3254 pta
2160 3186 2250 3251 sit,
2281 3185 2332 3239 in
2364 3185 2638 3241 meliorem
2671 3185 2835 3240 vitam
2870 3184 3148 3239 reformati
3180 3204 3193 3239 :
3227 3184 3418 3236 tuerilo
3447 3182 3631 3235 dicere

352 3271 590 3338 ζόμενοι·
624 3269 852 3332 εἰκότως
891 3268 956 3322 ἂν
977 3270 1128 3337 λέγοι
1161 3272 1252 3322 καὶ
1275 3270 1369 3321 νῦν
1402 3270 1478 3332 ὼς
1499 3270 1638 3342 ὑπὲρ
1668 3271 1829 3343 ἡμῶν
1860 3273 1939 3335 είς

2052 3287 2240 3346 potest,
2267 3291 2390 3332 cum
2418 3291 2516 3346 pro
2542 3276 2697 3331 nobis
2722 3275 2775 3329 iu
2805 3290 2969 3329 unum
3001 3275 3272 3330 hominem
3297 3283 3515 3330 creatus
3538 3273 3630 3338 sit,

351 3363 443 3415 τὸν
466 3363 560 3416 ἕνα
601 3361 920 3431 κτιζόμενος
944 3361 1261 3431 ἄνθρωπον·
1301 3381 1317 3411 ι
1344 3362 1547 3433 Κύριος
1579 3362 1762 3416 ἐκτισὲ
1800 3382 1889 3434 με.
1918 3385 1935 3417 ›

1047 3478 1253 3531 ΛΛΔΟ.

431 3590 743 3662 ι’έγραπταί
769 3607 870 3643 που
896 3590 1140 3663 περὶτοῦ
1179 3592 1431 3662 Σωτῆρος
1462 3594 1621 3664 ἡμῶν
1669 3594 1907 3665 Χριστοῦ

364 3703 383 3735 ι
423 3685 658 3755 Ὂτιπερ
690 3683 854 3747 αὐτὸς
898 3683 997 3746 τὰς
1048 3685 1335 3748 ἀσθενείας
1370 3686 1529 3755 ἡμῶν
1572 3687 1738 3754 αἴρει.
1780 3708 1799 3739 ι
1836 3690 1947 3742 Καὶ

361 3778 561 3831 πάλιν-
610 3796 628 3828 ι
665 3774 895 3844 Γέγονεν
932 3776 1071 3847 ὑπὲρ
1104 3776 1259 3846 ἡμῶν
1292 3778 1524 3848 κατάρα.
1553 3798 1570 3829 ι
1608 3781 1720 3833 Καὶ
1760 3782 1943 3836 πάλιν·

370 3891 388 3920 α
424 3869 531 3923 Τὸν
565 3870 638 3939 μὴ
688 3868 887 3938 γνόντα
944 3870 1222 3940 ἁμαρτίαν
1283 3871 1422 3943 ὑπὲρ
1466 3872 1625 3943 ἡμῶν
1674 3874 1949 3944 ἁμαρτίαν

360 3961 641 4031 ἐποίησεν.
684 3962 927 4030 »Ὥσπερ
960 3956 1055 4015 οὖν
1094 3960 1456 4031 ἡσθενηκὲναι
1496 3962 1737 4031 λέγεται,
1772 3968 1949 4021 καίτοι

365 4054 441 4125 μὴ
471 4054 778 4125 ἀσθενήσας
814 4052 1035 4107 πώποτε
1071 4052 1319 4123 (δύναμις
1348 4054 1455 4125 γὰρ
1486 4055 1621 4108 Θεοῦ
1654 4058 1844 4126 ἐστιν),
1869 4060 1949 4113 ὃτι

359 4146 461 4210 τὰς
498 4144 653 4217 ἡμῶν
679 4146 968 4210 ἀσθενείας
997 4146 1289 4199 ἐϐάστασε⁹
1335 4136 1667 4218 γεγενῆσθαί
1697 4168 1757 4202 τε
1790 4152 1950 4204 αὑτὸν

361 4239 667 4311 κατάρανὴ
696 4240 815 4295 θεία
852 4244 988 4316 φησὶ
1014 4244 1227 4317 Γραφὴ,
1264 4249 1364 4301 οὐκ
1398 4250 1529 4304 αὐτὸ
1564 4249 1627 4320 δὴ
1666 4250 1824 4303 τοῦτο
1870 4252 1951 4314 είς

362 4331 614 4401 κατάραν
661 4330 1133 4407 μετᾶπεποιῆσθαι
1176 4342 1517 4410 σημαίνουσα
1540 4382 1553 4404 ,
1588 4342 1702 4395 ἀλλ’
1737 4344 1820 4396 ὅτι
1854 4344 1951 4414 τὴν

365 4424 507 4495 ὑπὲρ
538 4425 696 4495 ἡμῶν
733 4426 980 4497 κατάραν
1017 4430 1321 4500 ὑπήνεγκεο
1367 4434 1461 4485 καὶ
1504 4433 1664 4487 πάλιν
1708 4434 1953 4505 ἁμαρτία

362 4518 699 4589 γεγενῆσθαι
724 4518 966 4588 λέγεται,
996 4523 1056 4575 οὐ
1091 4523 1190 4592 τῆς
1214 4526 1419 4588 οἰκείας
1455 4526 1670 4595 φύσεως
1701 4527 1955 4599 ἐπιλελη-

2052 3387 2071 3421 ι
2110 3370 2368 3424 Dominus
2400 3369 2604 3424 creavit
2638 3382 2743 3422 me.
2786 3386 2804 3419 ι

2719 3480 2950 3576 ALIUD.

2122 3596 2395 3666 Scriptum
2420 3607 2503 3653 est
2527 3596 2726 3652 alicubi
2756 3596 2821 3651 de
2846 3594 3139 3651 Servatore
3165 3604 3353 3650 nostro
3374 3595 3592 3651 Christo
3619 3614 3630 3650 :

2057 3707 2072 3739 ι
2115 3688 2248 3757 Quia
2288 3689 2401 3757 ipse
2439 3688 2787 3745 inﬁrmitates
2821 3698 3040 3745 nostras
3074 3688 3303 3743 tollit".
3347 3707 3365 3738 ι
3407 3689 3473 3742 Ει
3510 3704 3633 3742 rur-

2050 3798 2143 3836 sus
2176 3800 2188 3835 :
2227 3799 2246 3833 ι
2288 3780 2487 3835 Factus
2518 3790 2602 3836 est
2638 3796 2734 3850 pro
2770 3782 2925 3837 nobis
2961 3780 3266 3835 maledictio
3289 3780 3356 3834 “.
3398 3799 3429 3831 l
3454 3779 3582 3834 item
3619 3798 3633 3834 :

2058 3894 2075 3925 ι
2113 3874 2245 3928 Eum
2276 3874 2365 3943 qui
2396 3890 2498 3928 uou
2532 3877 2681 3929 novit
2710 3884 3013 3944 peccatum,
3043 3889 3139 3943 pro
3169 3874 3322 3928 nobis
3352 3882 3637 3944 peccatum

2053 3966 2272 4020 teeit”.
2329 3986 2347 4016 ι
2406 3965 2874 4032 Quemadmodum
2931 3964 3094 4034 igitur
3140 3963 3485 4018 inﬁrmitates
3541 3962 3641 4016 ha—

2055 4058 2236 4112 buisse
2258 4057 2477 4119 dicitur,
2499 4057 2592 4126 qui
2615 4057 2755 4110 nulla
2777 4070 3012 4126 unquam
3037 4054 3353 4109 inﬁrmitate
3374 4055 3643 4110 laboravit

2055 4150 2249 4218 (virtus
2281 4150 2425 4204 enim
2464 4164 2529 4204 ac
2564 4150 2802 4220 potentia
2843 4148 2934 4203 Dei
2972 4148 3097 4217 est),
3133 4147 3257 4215 quia
3295 4147 3644 4202 inﬁrmitates

2054 4254 2273 4299 nostras
2324 4245 2487 4297 tulit:
2531 4242 2734 4297 factum
2784 4244 2948 4297 etiam
3003 4241 3438 4296 maledictiouem
3486 4254 3641 4295 sacra

2058 4336 2339 4403 Scriptura
2379 4336 2507 4391 dicit
2544 4353 2557 4390 :
2597 4351 2701 4390 non
2740 4328 2882 4405 quod
2927 4334 3073 4387 illuni
3110 4333 3165 4387 in
3203 4332 3640 4387 maledictiouem

2058 4438 2329 4482 mutatum
2382 4427 2682 4498 signiticet,
2728 4427 2823 4480 sed
2868 4426 3008 4495 quod
3059 4423 3497 4478 maledictiouem
3545 4438 3647 4492 pro

2060 4520 2212 4574 nobis
2249 4519 2466 4581 tulerit;
2506 4528 2559 4572 et
2598 4533 2786 4572 rursus
2827 4527 3108 4587 peccatum
3144 4514 3316 4571 iactus
3350 4528 3474 4571 esse
3509 4515 3646 4569 dici-

366 4611 590 4681 σμένος,
621 4611 744 4664 οὐδὲ
776 4614 856 4676 είς
887 4614 1166 4685 ἁμαρτίαν
1189 4618 1553 4687 μετενεχθεὶς,
1578 4618 1833 4690 ὁτταύτην
1854 4620 1941 4672 οὐκ

2060 4626 2169 4680 tur,
2204 4633 2309 4671 non
2346 4617 2486 4687 quod
2524 4631 2618 4670 sua
2655 4627 2845 4671 natura
2878 4625 3076 4671 exutus
3113 4614 3165 4667 in
3203 4622 3484 4681 peccatum
3524 4628 3647 4667 mu-

365 4701 547 4767 εἰδὼς,
584 4702 702 4755 ἀλλ’
740 4705 823 4757 ὅτι
858 4704 956 4768 τὰς
997 4706 1272 4777 ἁμαρτίας
1303 4708 1462 4777 ἡμῶν
1486 4709 1776 4779 ἀνήνεγκε,
1811 4709 1957 4763 καθὰ

365 4796 704 4866 γέγραπται,
728 4798 785 4848 ἐν
810 4796 887 4865 τῷ
905 4795 1117 4865 σώματι
1143 4798 1309 4851 αὑτοῦ
1335 4800 1429 4852 ἐπὶ
1451 4800 1542 4854 τοῦ
1571 4800 1757 4864 ξύλου·
1785 4799 1957 4865 οὕτως

365 4889 497 4942 ὅταν
525 4888 686 4957 ἡμεῖς
715 4889 771 4940 ἐν
792 4888 942 4959 αὺτῷ
964 4889 1278 4960 κτιζὼμεθα
1307 4894 1385 4953 είς
1410 4893 1504 4945 ἕνα
1528 4893 1713 4945 καινὸν
1747 4892 1957 4963 ἄνθρω-

368 4996 492 5045 πον,
525 4979 601 5044 ὡς
632 4980 726 5033 καὶ
750 4980 916 5045 αὐτὸς
945 4981 1260 5052 κτιζὸμενος
1296 4984 1530 5051 λέγεται.
1552 4986 1660 5037 Καὶ
1685 4983 1772 5037 διὰ
1800 4986 1957 5040 τοῦτό

368 5085 539 5139 φησι·
577 5086 595 5118 ι
639 5069 841 5140 Κύριος
888 5070 1070 5126 ἔκτισὲ
1119 5090 1208 5143 με,
1256 5093 1273 5124 ι
1306 5073 1510 5143 κτίσμα
1542 5076 1639 5145 μὲν
1669 5075 1829 5140 αὐτὸς
1858 5076 1958 5130 οὐκ

367 5163 467 5229 ὢν,
489 5161 589 5231 τῆς
615 5161 673 5214 δὲ
698 5162 794 5216 τοῦ
835 5163 1048 5235 Harpe;
1081 5165 1271 5229 οὐσίας
1297 5167 1427 5220 ἴδιον
1453 5168 1721 5239 γέννημα.

1067 5364 1276 5421 ΑΛΛΟ.

444 5475 530 5539 Ei,
566 5473 686 5527 καθ’
716 5474 880 5542 ὑμᾶς,
906 5478 1067 5542 αὐτὸς
1099 5480 1218 5533 καθ’
1248 5480 1437 5534 ἑαυτὸν
1466 5480 1603 5535 ὁτοῦ
1630 5483 1766 5537 Θεοῦ
1793 5484 1964 5553 Λόγος

373 5567 601 5636 κτιστῆς
623 5566 813 5630 οὐσίας
841 5570 976 5632 ἐστὶ,
1000 5570 1095 5623 καὶ
1120 5572 1248 5641 περὶ
1276 5571 1470 5625 ἑαυτοῦ
1502 5589 1635 5644 φησι
1658 5590 1669 5602 ·
1706 5591 1724 5625 ι
1759 5573 1965 5644 Κύριος

374 5657 558 5712 ἔκτισὲ
589 5674 660 5711 us
732 5677 749 5708 ι
788 5660 848 5712 οὗ
887 5660 1110 5729 γέγονεν
1140 5664 1248 5723 ἄρα
1298 5665 1364 5717 δι’
1418 5666 1569 5735 ἡμᾶς
1616 5665 1901 5738 ἄνθρωπος
1937 5670 1965 5722 ὁ

2061 4716 2201 4760 tatus
2234 4708 2337 4771 sit,
2369 4707 2461 4776 qui
2498 4716 2777 4775 peccatum
2810 4722 2915 4761 non
2951 4705 3117 4770 nevit,
3172 4703 3331 4776 163
3376 4704 3471 4758 sed
3502 4704 3645 4773 quod

2061 4810 2282 4867 peccata
2324 4810 2507 4854 nostra
2544 4800 2688 4863 tulit,
2723 4808 2782 4854 ut
2814 4798 3077 4869 scriptum
3116 4807 3199 4852 est
3225 4796 3293 4859 ⁸⁸,
3334 4795 3384 4848 in
3418 4809 3647 4865 corpore

2060 4906 2181 4956 suo,
2216 4891 2362 4959 ligno
2391 4892 2571 4945 erucis
2599 4891 2791 4945 allixus
2822 4913 2835 4946 ;
2869 4889 2941 4944 ita
2977 4904 3100 4942 cum
3131 4902 3229 4943 nos
3260 4887 3312 4941 in
3347 4887 3465 4957 ipso
3496 4900 3648 4940 crea-

2063 4998 2182 5035 mur
2215 4982 2264 5034 in
2303 4999 2464 5036 unum
2501 4997 2697 5037 novum
2734 4983 3049 5046 hominem,
3085 4980 3248 5034 etiam
3286 4982 3399 5050 ipse
3434 4988 3650 5033 creatus

2062 5075 2276 5129 dicitur.
2331 5074 2509 5143 Atque
2537 5075 2657 5130 ideo
2686 5074 2837 5139 dicit,
2872 5092 2889 5126 ι
2929 5070 3429 5129 Dominus-creavit
3456 5085 3542 5125 me
3572 5108 3587 5133 ,
3624 5088 3643 5121 ι

2067 5181 2190 5218 cum
2233 5166 2349 5233 ipse
2384 5182 2722 5234 nequaquam
2761 5167 2831 5222 sit
2868 5176 3155 5227 creatura,
3193 5164 3286 5220 sed
3324 5161 3542 5233 proprie
3572 5177 3645 5216 ex

2066 5259 2300 5312 essentia
2336 5257 2514 5315 Patris
2544 5260 2775 5329 genitus.

2737 5371 2967 5429 ALIUD.

2138 5480 2230 5543 Si,
2268 5492 2322 5534 ut
2362 5496 2456 5537 vos
2493 5482 2827 5551 opinamini,
2862 5481 3098 5537 Verbum
3140 5482 3230 5537 Dei
3271 5480 3324 5535 iu
3362 5493 3420 5534 se
3454 5486 3651 5534 creata:

2065 5585 2268 5628 natura:
2301 5583 2416 5638 est,
2479 5585 2531 5627 et
2564 5576 2629 5627 de
2659 5575 2841 5643 seipso
2872 5574 3005 5628 dicit
3040 5592 3051 5627 :
3094 5592 3112 5625 ι
3151 5572 3416 5627 Dominus
3445 5568 3654 5626 creavit

2067 5682 2180 5734 me;
2236 5687 2253 5718 ι
2302 5683 2407 5722 non
2448 5675 2528 5722 est
2568 5667 2730 5737 igitur
2767 5683 2865 5738 pro
2913 5667 3068 5723 nobis
3110 5664 3288 5723 factus
3315 5665 3515 5729 homo,
3559 5662 3653 5734 qui

448 5837 927 5917 "_l_‘0in_._\i_t-Il,ﬂ3,
969 5840 1022 5894 4.
1084 5842 1143 5917 ξῗ
1178 5841 1449 5917 Joan._ttt,
1486 5843 1571 5898 Π.
1622 5845 1689 5917 η³¹
1715 5842 1871 5917 ξοέιιι.
1911 5861 1941 5899 t1

2052 5829 2111 5917 9-:
2176 5847 2217 5879 δ’
2256 5845 2453 5917 Epltes.
2494 5861 2553 5914 tt,
2594 5846 2677 5913 li,
2717 5845 2800 5901 15.
2881 5845 2925 5876 ⁵³
2967 5844 3073 5901 lin.
3107 5862 3224 5910 LIII,
3274 5847 3316 5900 vi.
3400 5846 3442 5876 ’λι
3470 5841 3647 5897 ηιιειι.

380 5920 464 5968 ιιι.
506 5911 590 5965 ιδ.
670 5908 714 5941 ³⁸
753 5907 798 5963 ιι
825 5910 954 5966 Cor.
1000 5926 1050 5973 ι’.
1080 5911 1169 5967 21.

1246 5914 1291 5946 ³⁸
1333 5911 1437 5972 lsa.
1465 5930 1585 5974 Ltu.
1618 5916 1688 5977 5;
1725 5915 1916 5972 chtr.
1955 5930 2017 5981 tt,
2046 5916 2137 5975 24.
