4024 6476
353 422 461 477 ‘27?

1744 427 2187 488 THESAURUS.

3532 436 3637 492 2'78

352 539 566 609 πατέρα
614 541 879 608 φυσικῶς,
914 542 1147 612 ἐροῦμεν
1197 545 1283 596 τὸν
1332 544 1465 597 Θεὸν
1499 546 1586 598 διὰ
1622 546 1799 601 τοῦτο.
1841 550 1926 601 "Et

2046 550 2367 603 naturaliter
2414 566 2533 605 esse
2576 552 2832 608 dicimus.
2880 552 3025 607 Idem
3077 554 3255 621 itaque
3298 552 3381 607 est
3426 534 3635 620 gemui,

352 632 637 701 τοιγαροῦν
669 633 821 685 ἔσται
855 635 1020 687 καὶτὸ
1047 636 1176 688 αὐτὸ
1208 636 1284 705 τῷ
1307 637 1509 691 ἔκτισε
1540 637 1600 690 τὸ
1620 638 1935 708 ἐγέννησε,

355 727 445 776 καὶ
472 728 556 790 ἐφ’
604 725 731 777 Υίοῦ
765 727 1111 797 ταττόμενον.

907 842 1092 906 Λύσις
1128 842 1352 909 ἐφεξῆς

421 931 531 1002 Τὴν
567 932 667 1001 μὲν
697 932 847 986 θείαν
872 935 1096 1004 Γραφὴν
1128 935 1528 1007 ὰδιαφοροῦσαν
1562 939 1688 1010 περὶ
1718 939 1813 1001 τὰς
1846 940 1933 991 λέ-

352 1022 462 1085 ξεις
498 1024 756 1087 πολλάκις
789 1026 1115 1095 εὑρήσομεν,
1140 1028 1199 1077 οὐ
1227 1028 1332 1096 μὴν
1360 1030 1663 1095 ἁγνοοῦσαν
1687 1031 1787 1100 τὴν
1808 1031 1935 1083 ἑκά-

352 1131 484 1181 στης
511 1115 759 1183 δύναμιν,
807 1117 1258 1187 καταχρηστικῶς
1285 1119 1340 1171 δὲ
1372 1120 1485 1173 ἐσθ’
1514 1122 1600 1174 ὅτε
1634 1123 1933 1193 δεχομένην

351 1207 541 1270 αὑτάς.
610 1206 730 1260 Ἐπὶ
786 1208 885 1277 μὲν
917 1209 1026 1278 γὰρ
1058 1208 1167 1261 τῶν
1207 1212 1529 1281 ποιημάτων
1580 1212 1669 1264 ὅτε
1706 1216 1931 1284 κτιστῆς

339 1298 534 1361 οὐσίας
572 1299 708 1351 αὐτὰ
739 1299 1003 1352 δεικνύειν
1050 1300 1337 1369 βούλεται,
1385 1302 1562 1371 λέγει·
1595 1323 1611 1355 ι
1665 1303 1754 1357 Ἐν
1788 1308 1929 1377 ἀρχῇ

349 1387 605 1455 ἐποίησεν
651 1390 679 1439 6
718 1388 849 1451 Θεὸς
892 1388 982 1441 τὸν
1032 1391 1258 1458 οὐρανὸν
1291 1393 1384 1444 καὶ
1413 1392 1513 1464 τὴν
1538 1393 1665 1463 γῆν.
1712 1425 1785 1435 -
1822 1397 1931 1448 Kal.

347 1476 607 1546 ἐποίησεν
632 1479 660 1531 6
686 1480 815 1543 θεὸς
836 1480 928 1533 τὸν
951 1482 1260 1554 ἄνθρωπον.
1286 1503 1301 1534 ι
1333 1485 1447 1538 Οὐκ
1478 1485 1794 1557 ἐγέννησεν,
1815 1489 1929 1542 ἀλλ’

346 1569 590 1639 ἐποίησε.
626 1571 737 1642 Τὴν
783 1572 839 1626 δὲ
870 1572 964 1625 τοῦ
992 1574 1192 1627 οἰκείου
1224 1577 1397 1644 Λόγου
1440 1577 1697 1647 γέννησιν
1731 1582 1759 1633 6
1798 1580 1930 1644 Θεὸς

344 1664 745 1735 ἐξηγούμενος⁹
794 1687 811 1719 ι
858 1668 1247 1739 Ἐξηρεύξατο,
1288 1674 1483 1741 φησὶν,
1521 1675 1553 1743 ἡ
1591 1675 1789 1746 καρδία
1828 1694 1928 1745 μου

344 1756 518 1823 Λόγον
552 1758 774 1825 ἀγαθόν.
799 1778 816 1809 ι
849 1760 958 1814 Καὶ
985 1763 1097 1825 τοῖς
1131 1764 1229 1831 μὲν
1248 1763 1538 1834 κτίσμασιν
1561 1766 1817 1837 ὁρίζουσα
1837 1766 1929 1820 τοῦ

344 1846 482 1901 εἶναι
520 1850 620 1919 τὴν
650 1852 843 1921 ἀρχὴν,
892 1851 1038 1920 λέγει
1085 1854 1247 1907 πάλιν
1286 1857 1319 1927 ή
1359 1854 1478 1911 θεία
1512 1857 1736 1931 Γραφή·
1778 1879 1796 1911 ι
1842 1861 1929 1913 Ἐν

341 1940 483 2010 ἀρχῇ
521 1940 806 2011 ἐποίησενσ
848 1964 864 1993 ι
902 1944 995 1995 ἐπὶ
1024 1944 1083 1997 δὲ
1110 1945 1203 1998 τοῦ
1234 1946 1368 2000 Θεοῦ
1405 1948 1610 2017 Λόγου·
1645 1951 1768 2003 «Ἑν
1784 1952 1925 2022 ἀρχῇ

339 2029 409 2103 ἦν
442 2037 470 2086 6
498 2033 670 2101 Λόγος
714 2055 742 2085 ι.
756 2036 881 2098 Τοῖς
913 2038 1012 2106 μὲν
1045 2035 1141 2091 οῦν
1172 2038 1466 2108 κτίσμασιν
1496 2043 1524 2093 ὁ
1548 2042 1740 2113 χρόνος
1781 2044 1927 2096 ἐστὶν

339 2126 372 2191 ἠ
405 2122 569 2193 ἀρχὴ,
608 2124 636 2176 6
673 2123 729 2176 δὲ
778 2126 885 2195 πρὸ
938 2126 1048 2179 τῶν
1085 2127 1297 2180 αἰώνων
1354 2129 1617 2201 ὑπάρχων
1643 2131 1738 2185 τοῦ
1789 2132 1927 2187 Θεοῦ

342 2215 533 2284 Λόγος,
567 2216 745 2287 ἀρχὴν
778 2218 890 2287 ἔχει
915 2218 1076 2288 μόνον
1105 2218 1194 2272 τὸν
1216 2219 1453 2291 ἄναρχον
1476 2222 1718 2294 Πατέρα.
1741 2223 1928 2288 ἀῖδίως

340 2305 417 2361 ὢν
454 2311 512 2362 ὲν
542 2308 710 2379 αὐτῷ.
751 2309 964 2382 Ὠσπερ
1005 2305 1100 2364 οῦν
1128 2311 1221 2364 ἐπὶ
1253 2313 1361 2365 τῶν
1394 2313 1563 2375 ὅντως
1609 2316 1928 2385 κτισμάτων

341 2400 429 2453 ὅτε
465 2400 526 2455 τὸ
557 2400 850 2470 ἐγέννησε
878 2405 1079 2465 κεῖται,
1104 2404 1564 2476 καταχρηστικῶς
1606 2409 1701 2461 κα)⁸
1733 2409 1794 2461 οὑ
1828 2426 1925 2478 cpu-

344 2494 510 2557 σικῶς
530 2495 771 2565 νοητέον.
793 2494 966 2557 οὕτως
986 2497 1114 2549 ὅταν
1144 2498 1237 2549 ἐπὶ
1261 2498 1354 2552 τοῦ
1392 2498 1561 2563 ὅντως
1587 2502 1929 2572 γεννήματος

340 2586 418 2651 τὸ,
464 2586 797 2656 ἕκτισεν,ἢ
850 2586 1105 2655 ἐποίησε
1157 2590 1419 2659 φέρεται,
1470 2593 1927 2664 καταχρηστικῶς

339 2677 579 2748 νοητέον,
616 2678 934 2749 σωζομένης
962 2679 1112 2749 αὑτῷ
1140 2680 1238 2751 τῆς
1273 2680 1521 2749 φυσικῶς
1547 2682 1921 2753 γνησιότητος.

335 2772 466 2834 Τοῖς
492 2772 593 2842 μὲν
613 2770 720 2842 γὰρ
748 2771 1044 2841 κτίσμασιν
1093 2774 1127 2843 ή
1166 2772 1326 2843 χάρις
1356 2772 1416 2826 τὸ
1449 2774 1748 2844 ἐγέννησε
1787 2792 1924 2848 προ-

337 2864 498 2930 ξενεῖ·
531 2865 609 2937 τῷ
635 2866 692 2920 δὲ
715 2868 995 2938 ἀγεννήτῳ
1011 2867 1105 2921 xui.
1128 2868 1369 2939 ἀκτίστῳ
1398 2868 1557 2939 Λόγῳ
1578 2869 1670 2922 τοῦ
1690 2871 1923 2941 Πατρὸς,

337 2961 371 3026 ή
402 2958 501 3028 τῆς
530 2958 951 3030 ἁνθρωπότητος
981 2960 1142 3031 χρεία
1172 2960 1233 3017 τὸ
1251 2960 1429 3029 λέγειν
1462 2962 1654 3016 ἑαυτὸν
1678 2962 1926 3017 ἐκτίσθαι

334 3049 541 3103 δίδωσι.
575 3050 685 3104 Καὶ
706 3051 775 3105 τὰ
806 3052 903 3122 μὲν
929 3051 1205 3124 κτίσματα
1227 3052 1370 3125 λόγῳ
1398 3056 1494 3109 καὶ
1522 3054 1775 3126 βουλήσει
1790 3056 1924 3110 Θεοῦ

336 3139 586 3194 καλεῖται
635 3140 773 3212 πρὸς
808 3142 1101 3199 υἱοθεσίαν.
1150 3163 1167 3195 ι
1218 3145 1361 3213 Ἐγὼ
1391 3146 1501 3215 γὰρ
1540 3142 1689 3215 εῖπα,
1734 3151 1922 3219 φησιν,

2042 646 2182 711 quod
2212 648 2424 705 creauit,
2460 662 2582 699 cum
2617 646 2681 701 de
2713 647 2851 700 Filio
2884 649 3104 699 dicitur.

2547 848 2753 904 Salutio
2788 850 3116 918 objectionis.

2111 941 2499 1009 Smpenumero
2531 942 2747 1008 quidem
2790 955 3004 995 sacram
3051 938 3389 1006 Scripturam
3433 936 3633 1003 promi-

2039 1047 2170 1085 scue
2193 1031 2747 1100 atqueindiﬂ‘erenter
2780 1032 3003 1085 vocibus
3037 1030 3112 1083 uti
3148 1030 3506 1098 reperiemus,
3526 1042 3631 1079 non

2040 1124 2179 1193 quod
2222 1125 2328 1178 vim
2369 1124 2708 1194 singularum
2750 1132 3089 1194 perspectam
3128 1137 3232 1176 non
3274 1120 3492 1181 habeat,
3536 1118 3630 1173 sed

2038 1219 2181 1286 quod
2224 1217 2445 1271 abusive
2489 1231 2885 1285 nonnunquam
2935 1230 3029 1269 eas
3080 1214 3335 1281 accipiat.
3385 1209 3521 1264 Nam
3565 1208 3631 1262 de

2036 1311 2317 1377 operibus,
2364 1323 2484 1363 cum
2535 1308 2623 1362 illa
2673 1315 2873 1363 creata:
2921 1315 3128 1360 naturae
3173 1318 3294 1359 esse
3341 1300 3631 1357 ostendere

2036 1404 2174 1467 vult,
2200 1405 2271 1457 ita
2302 1402 2377 1456 ait
2403 1420 2415 1455 :
2453 1421 2471 1453 ι
2502 1401 2557 1455 1η
2587 1399 2856 1469 principio
2885 1399 3009 1452 fecit
3043 1399 3183 1452 Deus
3212 1396 3409 1451 caelum
3439 1402 3493 1448 et
3523 1402 3631 1447 ter-

2038 1509 2171 1548 ram.
2202 1524 2273 1533 ——-
2312 1492 2378 1547 Et
2416 1491 2545 1546 fecit
2582 1492 2722 1545 Deus
2757 1489 3055 1544 hominem.
3083 1506 3101 1539 ι
3136 1485 3249 1541 Non
3286 1483 3497 1553 genuit,
3534 1480 3629 1535 sed

2036 1586 2181 1640 fecit.
2234 1585 2375 1639 Deus
2426 1595 2607 1639 autem
2640 1582 2801 1638 Verbi
2841 1580 3251 1650 generationem
3290 1575 3577 1629 declarans
3610 1589 3625 1626 :

2040 1693 2059 1724 ι
2101 1674 2402 1739 Eructavit,
2439 1673 2637 1742 inquit,
2671 1686 2769 1726 cor
2794 1686 2971 1725 meum
3003 1667 3234 1722 Verbum
3269 1668 3469 1721 bonum
3497 1664 3562 1716 ⁸³.
3604 1682 3622 1715 ι

2037 1766 2244 1820 Rursus
2292 1778 2445 1819 sacra
2497 1761 2957 1832 Scriptura,cum
3007 1757 3279 1812 creaturis
3326 1753 3627 1809 exsistendi

2035 1854 2355 1923 principium
2385 1853 2595 1919 deﬁnit,
2614 1854 2689 1906 ita
2719 1850 2989 1921 loquitur:
3015 1868 3033 1899 ι
3059 1848 3113 1901 In
3140 1845 3402 1918 principio
3427 1844 3575 1906 fecit,
3603 1862 3621 1892 ι

2032 1956 2086 1999 at
2123 1948 2189 2001 de
2226 1946 2318 2001 Dei
2361 1944 2543 2000 Verbo
2579 1945 2807 2013 loquens
2838 1961 2850 1995 :
2890 1961 2908 1994 ι
2944 1940 2998 1995 In
3040 1938 3310 2010 principio
3346 1945 3466 1994 erat
3496 1936 3628 1990 Ver-

2033 2039 2178 2092 bum.
2215 2058 2233 2091 t
2264 2038 2547 2094 Creaturis
2565 2038 2756 2107 itaque
2784 2045 2997 2106 tempus
3023 2044 3103 2091 est
3138 2031 3496 2105 principium;
3530 2028 3625 2083 sed

2036 2132 2126 2185 Dei
2167 2129 2403 2185 Verbum
2450 2139 2579 2185 ante
2621 2128 2819 2183 satcula
2865 2127 3142 2183 exsistens
3186 2124 3361 2178 solum
3408 2120 3625 2176 Patrem

2033 2223 2285 2293 principii
2322 2230 2600 2293 expertem
2638 2220 2965 2290 principium
3004 2219 3190 2281 habet,
3226 2218 3294 2270 ab
3329 2222 3535 2270 :eterno
3571 2211 3625 2263 in

2033 2315 2147 2383 ipso
2203 2314 2494 2370 exsisteus.
2543 2312 3011 2380 Quemadmodum
3062 2311 3225 2382 igitur
3268 2324 3391 2364 cum
3442 2307 3507 2362 de
3560 2306 3627 2361 iis

2030 2418 2150 2474 qua
2195 2419 2325 2460 vere
2370 2413 2635 2459 creatura:
2678 2411 2824 2470 sunt,
2870 2403 3089 2469 dicitur,
3131 2401 3333 2471 genuit,
3378 2398 3624 2459 abusive,

2034 2510 2142 2550 non
2185 2496 2511 2551 naturaliter
2545 2495 2955 2567 intelligendum
2994 2502 3077 2549 est
3112 2511 3125 2548 :
3159 2495 3231 2547 ita
3274 2488 3626 2560 quaudocuu-

2030 2601 2134 2657 que
2165 2588 2232 2642 de
2260 2602 2326 2641 eo
2356 2586 2447 2657 qui
2475 2602 2603 2643 vere
2632 2588 2883 2656 genimen
2916 2595 3023 2652 est,
3053 2584 3509 2649 dicitur,crcavit,
3539 2581 3621 2635 vel

2030 2678 2176 2747 fecit,
2213 2680 2439 2733 abusive
2479 2680 2805 2735 sumendum
2845 2686 2954 2744 est,
2990 2687 3205 2733 servata
3246 2676 3348 2744 ipsi
3390 2672 3623 2727 naturali

2030 2786 2126 2826 sua
2156 2772 2511 2841 proprietate.
2542 2770 2731 2827 Gratia
2761 2771 2907 2827 enim
2938 2771 3043 2825 hoc
3069 2770 3341 2825 creaturis
3370 2767 3623 2838 largitur,

2029 2874 2088 2918 ut
2108 2863 2174 2919 de
2197 2866 2262 2920 iis
2280 2864 2512 2930 dicatur,
2536 2867 2732 2935 genuit.
2754 2861 3003 2919 lncreato
3024 2869 3206 2917 autem
3233 2870 3400 2931 atque
3419 2869 3625 2915 aeterno

2030 2954 2123 3011 Dei
2166 2955 2371 3020 Verbo,
2410 2956 2805 3011 incarnationis
2857 2958 3069 3011 ratione
3124 2956 3226 3010 hoc
3266 2954 3527 3008 tribuitur
3566 2963 3626 3006 ut

2028 3054 2273 3099 creatum
2311 3046 2543 3101 dicatur.
2578 3044 2645 3099 Et
2680 3056 2944 3101 creatum
2974 3047 3195 3115 quidem
3239 3045 3407 3099 verbo
3438 3058 3501 3097 ac
3531 3057 3627 3096 vo-

2030 3140 2239 3192 luntate
2274 3136 2367 3192 Dei
2397 3148 2661 3192 vocantur
2693 3138 2744 3191 in
2781 3137 3127 3206 adoptionem
3169 3136 3423 3192 ﬁliorum.
3460 3155 3478 3187 ι
3515 3134 3626 3205 Ego

336 3231 453 3285 οὐκ
482 3231 770 3304 ἐγέννησα.
809 3252 827 3285 ι
878 3235 936 3290 '0
964 3235 1019 3288 δὲ
1053 3235 1181 3300 Υἱὸς
1214 3236 1314 3306 τὴν
1343 3236 1581 3310 ἄρρητον
1607 3240 1803 3293 ἑαυτοῦ
1840 3243 1926 3294 καί

2038 3228 2180 3281 enim
2213 3229 2345 3294 dixi,
2375 3229 2583 3299 inquit:
2616 3229 2728 3284 Non
2760 3230 3040 3299 genui‘h
3074 3230 3245 3285 Filius
3270 3246 3401 3285 vero
3432 3229 3626 3285 ineffa-

337 3318 577 3388 φυσικὴν
625 3320 692 3372 ὲκ
735 3321 950 3392 Πατρὸς
991 3323 1248 3394 γέννησιν
1300 3326 1669 3397 καταμηνύων
1699 3328 1887 3397 ἔλεγεν
1911 3348 1925 3360 ·

341 3427 361 3460 ‹
386 3409 530 3477 Ἐγὼ
568 3411 634 3463 ὲκ
656 3411 751 3465 τοῦ
779 3414 992 3485 Πατρὸς
1020 3415 1245 3486 ἐξῆλθον
1269 3419 1363 3473 καὶ
1389 3419 1529 3490 ήκω.
1571 3439 1589 3472 ι
1623 3421 1737 3475 Καὶ
1768 3421 1930 3476 πάλιν

335 3499 425 3553 ἓτε
436 3518 528 3570 ρον
562 3502 765 3557 ἑαυτὸν
786 3506 937 3576 παρὰ
960 3506 1059 3578 τὴν
1089 3507 1197 3561 τῶν
1222 3510 1467 3580 γενητῶν
1484 3511 1648 3579 φύσιν
1676 3512 1803 3567 ὄντα
1828 3514 1930 3567 δει-

335 3594 549 3658 κνύων,
588 3596 783 3667 φησίν·
821 3616 839 3649 ι
888 3598 1078 3669 Ὑμεῖς
1101 3602 1165 3653 ἐκ
1192 3599 1303 3654 τῶν
1327 3602 1479 3657 κάτω
1522 3604 1675 3670 ἐστὲ,
1721 3604 1833 3673 ἐγὼ
1865 3608 1929 3659 ὲκ

335 3683 447 3738 τῶν
474 3686 587 3741 ἄνω
618 3689 756 3757 εἰμί.
799 3709 817 3740 t
851 3690 924 3744 Οὐ
957 3691 1067 3763 γὰρ
1093 3694 1158 3763 δή
1190 3711 1274 3757 τις
1308 3695 1426 3765 ἐρεῖ
1450 3697 1749 3768 σωφρονῶν
1771 3715 1925 3752 τοπιο

337 3781 456 3842 κοῖς
496 3780 590 3832 καὶ
618 3780 1073 3853 διαστηματικοῖς
1117 3786 1407 3857 ὑψώμασιν
1449 3790 1927 3861 ἀποσεμνύνεσθαι

336 3869 429 3921 τὸν
462 3870 555 3922 τοῦ
594 3871 729 3924 Θεοῦ
761 3873 965 3942 Λόγονο
989 3876 1126 3929 ἀλλὰ
1171 3878 1231 3930 τὸ
1264 3879 1364 3949 μὲν
1390 3881 1644 3935 ταπεινὸν
1671 3883 1772 3952 τῆς
1807 3901 1926 3937 κτι-

339 3960 473 4031 στῆε
506 3960 695 4027 οὐσίας
745 3963 832 4018 διὰ
866 3966 961 4020 τοῦ
997 3966 1155 4021 κάτω
1186 3970 1551 4041 σημαίνεται,
1586 3974 1650 4027 τὸ
1694 3975 1752 4029 δὲ
1792 3975 1927 4047 ὕψος

337 4053 437 4123 τῆς
463 4053 614 4118 θείας
656 4057 749 4110 καὶ
779 4057 958 4112 πάντα
1006 4061 1414 4133 ὑπεραιρούσης
1453 4066 1670 4133 φύσεως
1705 4066 1795 4122 διὰ
1833 4069 1927 4122 τοῦ

338 4146 454 4200 ἄνω
487 4151 705 4201 νοεῖται.
750 4149 1035 4222 Τοσαύτης
1073 4154 1364 4225 τοιγαροῦν
1403 4157 1609 4225 μεταξὺ
1665 4160 1928 4232 κειμένης

337 4236 605 4309 διαφορᾶς
638 4241 961 4312 κτιζομένου
998 4244 1093 4296 καὶ
1125 4246 1503 4316 γεννήματος,
1533 4249 1923 4323 ἁδιαφορείτω-

339 4346 442 4383 σαν
476 4332 531 4384 αἰ
551 4331 745 4399 λέξεις,
767 4334 857 4387 ὅτε
886 4334 1085 4404 βλάϐος
1110 4337 1263 4391 οὐδὲν
1283 4339 1426 4393 κατὰ
1452 4341 1562 4394 τῶν
1587 4344 1924 4415 σημαινομέ-

337 4441 448 4477 νων
478 4424 710 4492 γίνεται.
1256 4458 1259 4459 ν

334 4536 1028 4618 ΑΛᾼΟ,.διηῃματικῶςλ
1058 4543 1146 4608 είς
1176 4543 1265 4618 τὸ,
1303 4561 1335 4618 ι-
1357 4545 1572 4618 Κύριος
1619 4546 1824 4603 ἕκτισέ
1846 4567 1924 4618 με

409 4608 610 4686 ἀρχὴν
636 4607 795 4686 ὁδῶν
838 4611 1024 4686 αὑτοῦ
1052 4653 1065 4676 ,
1107 4607 1151 4686 t_
1173 4615 1271 4667 καὶ
1312 4607 1565 4683 ἐφεξῆςῖ
1626 4636 1644 4669 ι
1686 4620 1806 4686 Πρὸ
1846 4607 1925 4673 ’δὲ

409 4676 654 4731 πάντων
686 4679 933 4743 ,Βουνῶν
967 4680 1152 4750 γεννᾷ
1169 4700 1264 4752 με.
1300 4703 1318 4734 ι

407 4793 471 4845 Εἰ
502 4792 609 4862 πρὸ
642 4793 860 4847 πάντων
889 4796 1080 4849 ἑαυτὸν
1112 4799 1475 4869 γεγεννῆσθαί
1513 4817 1699 4871 φησιν,
1722 4805 1827 4857 οὐκ
1855 4805 1922 4859 ἂν

334 4886 422 4955 εἴη
446 4885 554 4938 τῶν
581 4885 798 4939 πάντων
824 4883 923 4951 εἷς.
965 4888 1080 4941 ἀλλ’
1133 4890 1319 4960 ἕτερος
1348 4894 1480 4962 παρ’
1514 4894 1674 4947 αὐτὰ.
1706 4895 1788 4948 Τὰ
1823 4898 1923 4965 μὲν

332 4976 444 5047 γὰρ
492 4976 670 5030 πάντα
704 4978 761 5030 ὲν
812 4978 1025 5040 ἑαυτοῖς
1057 4977 1168 5049 ἔχει
1198 4981 1293 5032 καὶ
1315 4981 1413 5051 τὴν
1456 4983 1669 5035 οἰκείαν
1706 4984 1881 5054 ἀρχήν
1906 5003 1918 5015 ο

331 5069 434 5121 οὐκ
468 5068 536 5122 ἂν
564 5068 674 5140 γὰρ
701 5069 786 5140 εῑη
816 5069 993 5123 πάντα
1022 5069 1074 5123 εἴ
1103 5088 1156 5123 τι
1186 5071 1293 5124 τῶν
1324 5073 1381 5125 ὲν
1406 5074 1588 5137 αὐτοῖς
1616 5074 1722 5141 ἔξω
1759 5078 1921 5146 μένον

332 5160 665 5231 εὑρίσκοιτο.
704 5162 767 5214 Εἰ
796 5157 890 5215 οῦν
917 5164 1024 5232 πρὸ
1055 5164 1271 5217 πάντων
1300 5166 1329 5217 6
1369 5166 1497 5229 Υἱὸς
1542 5168 1828 5241 ἐγεννήθη,
1864 5173 1920 5223 ὲν

336 5248 454 5320 ἰδίῳ
496 5250 594 5319 μὲν
629 5250 850 5323 ἀριθμῷ
890 5252 955 5305 τὰ
990 5253 1166 5307 πάντα
1193 5254 1464 5309 κείσεται·
1500 5256 1603 5321 ἔξω
1648 5258 1704 5311 δὲ
1744 5260 1922 5314 αὐτῶν

331 5344 365 5410 ή
404 5342 498 5394 τοῦ
526 5342 656 5395 Υἰοῦ
686 5344 1007 5414 νοηθήσεται
1033 5346 1308 5416 γέννησις.
1357 5350 1414 5401 Ὀ
1445 5348 1500 5401 δὲ
1526 5352 1638 5412 τοῖς
1671 5355 1922 5422 γενητοῖς

333 5432 693 5497 ἀσύντακτος,
719 5435 911 5505 ἑτέρας
940 5436 1005 5489 ἂν
1029 5438 1114 5506 εἴη
1152 5440 1367 5507 φύσεως
1396 5442 1523 5512 παρ’
1555 5442 1919 5512 αὺτά.Ἐγεν-

334 5523 473 5594 νήθη
510 5526 821 5593 τοιγαροῦν,
858 5528 993 5587 καθὸ
1022 5530 1190 5599 Λόγος
1213 5532 1380 5594 ἐστὶν,
1404 5535 1466 5584 ἐκ
1494 5535 1740 5605 Πατρός·
1776 5537 1924 5590 ἐκτί-

337 5614 441 5684 σθη
470 5613 550 5680 δὲ,
614 5617 747 5669 καθὸ
798 5619 1082 5689 ἄνθρωπος
1110 5661 1125 5685 ,
1185 5625 1279 5676 καὶ
1316 5624 1536 5693 γέγονεν
1576 5628 1719 5697 ἀρχὴ
1762 5618 1919 5683 ὁδῶν,

339 5707 551 5775 ’Ὠσπερ
583 5702 675 5760 οῦν
716 5709 895 5780 ἡμεῖς,
921 5710 1008 5764 ὅτε
1032 5711 1122 5765 τὸν
1154 5712 1246 5765 τοῦ
1275 5714 1406 5767 Θεοῦ
1433 5716 1602 5784 Λόγον
1631 5718 1687 5768 ἐν
1713 5720 1923 5781 ἑαυτοῖς

2033 3317 2194 3371 bilem
2241 3333 2395 3373 suam
2443 3329 2498 3372 et
2546 3318 2849 3373 naturalem
2893 3333 2958 3373 ex
3009 3319 3169 3374 Patre
3213 3319 3625 3389 generationem

2032 3410 2336 3477 declarans,
2366 3411 2540 3481 inquit
2566 3430 2579 3466 :
2612 3430 2631 3465 ι
2667 3411 2778 3482 Ego
2802 3427 2870 3467 ex
2899 3411 3057 3468 Patre
3079 3413 3222 3468 exivi
3247 3423 3302 3468 et
3325 3414 3483 3467 venio
3499 3412 3569 3466 “.
3600 3431 3621 3465 ο

2038 3502 2099 3555 Ει
2136 3518 2323 3558 rursus
2355 3504 2519 3557 alium
2552 3518 2672 3559 esse
2704 3519 2766 3558 se
2795 3520 2822 3557 ιι
2854 3504 3124 3560 creaturis
3155 3506 3470 3568 ostendens,
3500 3504 3577 3558 ait
3610 3522 3621 3557 :

2036 3586 2212 3664 165"
2249 3613 2267 3644 ι
2327 3596 2430 3651 Vos
2478 3596 2543 3651 de
2590 3598 2844 3652 deorsum
2895 3598 3062 3663 estis,
3111 3613 3212 3669 ego
3259 3612 3326 3653 ex
3372 3598 3628 3667 supernis

2032 3700 2150 3739 sum
2179 3685 2244 3740 ".
2286 3705 2306 3738 ι
2342 3685 2528 3756 Neque
2557 3687 2700 3742 enim
2736 3688 3025 3758 quisquam
3057 3704 3205 3743 same
3238 3691 3439 3745 mentis
3470 3691 3625 3745 dixe-

2034 3776 2124 3842 rit,
2155 3776 2334 3842 locali,
2364 3791 2592 3849 quaeque
2620 3779 2921 3849 spatiorum
2954 3781 3252 3855 intervallis
3280 3791 3514 3842 constet,
3548 3782 3627 3836 al-

2033 3874 2262 3929 titudine
2288 3875 2377 3929 Dei
2398 3872 2631 3928 Verbum
2656 3874 2901 3945 gloriari,
2924 3878 3017 3930 sed
3042 3875 3403 3930 humilitatem
3428 3886 3624 3930 creatzc

2032 3967 2349 4022 substantiae
2402 3981 2500 4036 per
2543 3967 2788 4021 deorsum
2839 3968 3136 4035 signiﬁcari
3185 3986 3198 4021 :
3246 3968 3623 4023 celsitudinem

2032 4073 2160 4113 vero
2204 4058 2401 4113 divina:
2448 4058 2741 4127 omniaque
2792 4058 3229 4113 transcendentis
3275 4068 3483 4113 natura:
3532 4074 3627 4128 per

2030 4167 2282 4221 superna.
2334 4151 2468 4207 Cum
2526 4153 2692 4223 igitur
2740 4159 2951 4205 tantum
3010 4152 3081 4205 sit
3136 4152 3431 4206 discrimen
3484 4152 3628 4210 inter

2030 4255 2272 4301 creatum
2308 4254 2374 4320 et~
2399 4244 2666 4312 genitum,
2706 4243 2867 4297 verba
2908 4242 3282 4298 indiﬂerenter
3316 4244 3625 4311 capiantur,

2030 4338 2245 4407 quando
2286 4337 2490 4391 nullum
2538 4335 2604 4391 iis
2648 4351 2769 4406 quae
2814 4335 3197 4395 sisnil‘tcantur
3237 4335 3489 4389 damnum
3535 4335 3621 4389 in-

2032 4424 2225 4482 fertur.

2034 4540 2243 4596 Αωυο
2276 4540 2612 4608 explicatius,
2649 4541 2703 4593 in
2736 4540 2832 4592 hoc
2866 4541 3077 4608 ipsum;
3107 4558 3124 4589 ι
3153 4539 3408 4593 Dominus
3432 4541 3625 4593 creavit

2106 4629 2186 4666 me
2232 4606 2441 4663 initium
2480 4613 2688 4663 viarum
2717 4626 2957 4663 suarum.
2996 4630 3013 4661 ι
3047 4606 3112 4662 Et
3164 4609 3355 4663 deinde
3385 4624 3403 4661 :
3439 4628 3456 4661 ι
3494 4612 3627 4664 Ante

2106 4699 2284 4737 omnes
2318 4682 2477 4735 colles
2509 4682 2685 4751 genuit
2719 4696 2819 4733 me.
2861 4699 2879 4731 ι

2108 4799 2165 4852 Si
2197 4807 2323 4851 ante
2346 4794 2529 4851 omnia
2563 4810 2622 4849 se
2652 4794 2897 4865 genitum
2930 4809 3049 4849 esse
3104 4794 3297 4864 inquit,
3334 4805 3480 4848 certe
3514 4808 3623 4849 non

2035 4891 2136 4944 erit
2172 4906 2313 4944 untts
2343 4904 2407 4943 ex
2436 4886 2715 4953 omnibus,
2753 4888 2847 4941 sed
2870 4886 3121 4941 diversus
3151 4890 3219 4942 ab
3239 4888 3378 4941 aliis.
3415 4887 3623 4944 Caetera

2034 4985 2177 5036 enim
2214 4982 2397 5036 omnia
2450 4980 2502 5035 itt
2540 4980 2735 5051 seipsis
2795 4982 2998 5034 habent
3052 4996 3205 5034 suum
3264 4981 3626 5049 principium;

2036 5090 2208 5144 neque
2241 5076 2387 5130 enim
2414 5073 2827 5137 essentomnia,
2886 5074 2929 5127 si
2978 5073 3106 5142 quid
3168 5073 3220 5125 in
3293 5072 3426 5141 ipsis
3471 5082 3625 5127 extra

2036 5182 2261 5222 manens
2313 5167 2671 5236 reperiretur.
2724 5166 2779 5221 Si
2819 5182 2951 5236 ergo
3000 5176 3125 5220 ante
3178 5165 3362 5219 omnia
3407 5166 3625 5232 genitus

2032 5272 2115 5316 est
2146 5260 2337 5324 Filius,
2368 5261 2589 5330 proprio
2623 5274 2721 5314 suo
2766 5275 2992 5313 numero
3025 5261 3207 5314 omnia
3259 5260 3624 5331 comprehen-

2033 5354 2237 5405 duntur
2275 5370 2285 5404 :
2324 5364 2476 5406 extra
2515 5367 2643 5407 vero
2671 5351 2758 5405 illa
2790 5350 2912 5405 Filii
2960 5351 3244 5421 generatio
3280 5350 3624 5420 intelligitur.

2033 5447 2134 5512 Qui
2170 5455 2350 5499 autem
2388 5446 2665 5516 generatis
2700 5447 3051 5499 annumerari
3108 5459 3215 5497 non
3271 5453 3449 5511 potest
3481 5483 3496 5509 ,
3539 5447 3625 5497 di-

2034 5554 2207 5591 versae
2238 5538 2307 5590 ab
2341 5537 2474 5605 ipsis
2515 5548 2721 5591 uatttrrc
2754 5536 2823 5590 sit
2862 5546 3097 5605 oportet.
3152 5535 3383 5593 Genitus
3440 5538 3624 5607 itaque

2033 5639 2117 5682 est
2154 5625 2429 5697 quaienus
2471 5636 2554 5681 est
2582 5625 2815 5683 Verbum
2842 5643 2903 5681 cx
2946 5627 3137 5692 Putre;
3178 5635 3395 5683 creatus
3436 5644 3571 5683 vero
3604 5668 3620 5691 ,

2036 5730 2303 5788 quatenus
2331 5722 2513 5784 homo,
2554 5731 2609 5774 et
2639 5720 2816 5773 factus
2859 5730 2941 5774 est
2992 5702 3323 5791 principium
3383 5721 3618 5776 viarum.

412 5864 456 5897 ⁸³
489 5861 631 5921 Psal.
666 5880 806 5933 χειν,
840 5867 893 5923 2.
972 5868 1015 5899 “
1049 5867 1152 5924 lsa.
1198 5886 1349 5938 tum,
1392 5874 1443 5929 ι.
1524 5873 1741 5930 “Joun.
1780 5890 1889 5943 tm,
1923 5883 1926 5898 ‘

2095 5879 2139 5909 "
2181 5876 2336 5932 Joan.
2374 5894 2489 5945 \'l:l,
2525 5879 2611 5932 25.
