4024 6528
334 474 440 531 297

1718 477 1759 532 Τ
1769 473 2163 533 ilESAURUS.

3496 477 3601 533 298

336 594 481 655 σίαις
507 590 575 646 τά
602 591 662 656 ἐξ
686 591 865 645 αὐτῶν
884 592 1200 662 τικτόμενα.
1234 593 1391 648 Οὐτω
1421 611 1512 666 μοι
1536 595 1643 648 νόει
1670 594 1758 648 τὸν
1790 594 1911 646 Υίδν

2023 596 2188 648 etiam
2226 602 2437 648 statuas
2479 591 2678 648 Filium
2710 607 2779 647 ex
2813 592 3048 647 essentia
3089 590 3266 646 Patris
3305 592 3600 659 proceden-

335 685 401 738 ἐκ
439 688 539 754 τῆς
571 683 663 736 τοῦ
703 683 915 753 Πατρὸς
947 683 1132 748 οὐσίας
1170 686 1595 757 προερχόμενον,
1627 686 1814 747 ἀῑδίως
1854 700 1912 737 τε

335 775 464 830 δντα
507 776 565 827 tv
609 773 775 844 αὐτῷ,
810 775 905 827 καὶ
938 775 996 827 ὲν
1029 774 1133 847 ίδίᾳ
1160 775 1447 846 νοούμενον
1479 776 1794 839 ὑποστάσει,
1822 775 1914 827 καὶ

337 866 455 919 κατ’
489 864 677 918 οὐδένα
720 866 921 936 τρόπον
970 865 1296 921 ἑλαττοῦντα
1328 868 1427 938 τὴν
1460 866 1556 920 τοῦ
1589 868 1797 936 Πατρὸς
1826 866 1915 919 οὐ-

339 954 479 1021 σίαν,
510 956 542 1024 ἢ
572 955 735 1008 αὐτὸν
771 956 975 1027 ταύτης
1003 956 1503 1028 ἀπομεριζόμενον·
1538 958 1651 1011 ἀλλ’
1680 952 1820 1011 εἷναί
1855 973 1914 1010 τε

337 1046 497 1100 αὐτὸν
537 1047 595 1099 tv
625 1047 823 1119 Πατρὶ,
852 1048 947 1101 καὶ
980 1047 1123 1118 ἔχειν
1152 1049 1207 1103 ὲν
1236 1049 1414 1118 ἑαυτῷ
1446 1048 1538 1102 τὸν
1572 1050 1809 1120 Πατέρα,
1840 1049 1914 1111 ὼς

336 1138 428 1190 καὶ
461 1136 746 1208 ἀληθεύειν
790 1137 1046 1206 λέγοντα*
1084 1158 1103 1191 ι
1126 1139 1289 1208 Ἐγὼ·
1311 1142 1367 1193 ὲν
1413 1140 1494 1211 τῷ
1537 1142 1732 1211 Πατρὶ,
1768 1142 1863 1194 καὶ
1886 1142 1913 1194 6

336 1226 527 1297 Πατὴρ
555 1230 612 1279 tv
641 1228 794 1296 ὲμοί·
830 1247 846 1278 ι
887 1228 980 1281 καὶ
1008 1229 1095 1283 διὰ
1125 1229 1185 1282 τὸ
1229 1232 1327 1301 τῆς
1365 1232 1555 1296 οὐσίας
1598 1231 1914 1303 ἀπαράλλα-

335 1335 481 1380 κτον,
514 1318 677 1373 αὐτόν
706 1335 763 1372 τε
806 1320 865 1372 tv
909 1320 988 1390 τῷ
1015 1322 1209 1391 Πατρὶ,
1241 1323 1335 1375 καὶ
1365 1323 1421 1375 tv
1452 1322 1602 1394 αὐτῷ
1627 1323 1914 1392 φαίνεσθαι

332 1409 425 1461 τὸν
456 1408 697 1479 Πατέρα,
720 1409 863 1463 οὕτω
908 1427 967 1463 τε
1010 1410 1269 1465 δύνασθαι
1306 1412 1514 1481 λέγειν’
1553 1432 1570 1465 ι
1595 1412 1735 1482 Ἐγὼ
1762 1414 1856 1467 καὶ
1888 1416 1915 1466 6

332 1499 521 1569 Πατὴρ
550 1500 608 1551 ἓν
637 1500 801 1569 ἐσμεν
823 1516 845 1545 ’.
882 1501 939 1553 '0
972 1497 1233 1573 ἑωρακὼς
1261 1504 1381 1573 ἐμὲ,
1415 1503 1625 1573 ἑώρακε
1668 1506 1758 1557 τὸν
1811 1506 1918 1557 Παά

330 1590 484 1662 τέρα.
517 1610 535 1643 ι

1016 1708 1221 1761 ΛΛΛΟ.

402 1816 467 1869 Ol
513 1816 762 1884 λέγοντες
801 1817 1178 1883 ἀποκεκόφθαι
1208 1818 1308 1888 τῆς
1340 1817 1433 1871 τοῦ
1464 1817 1675 1888 [ἰατρὸς
1724 1819 1911 1885 οὐσίας

2019 692 2150 747 tem,
2182 682 2251 737 ab
2272 691 2474 737 aeterno
2501 682 2552 735 in
2585 680 2704 751 ipso
2728 680 3017 747 exsistere,
3053 680 3271 735 tametsi
3304 680 3357 734 in
3386 682 3603 749 propria

2017 771 2295 842 hypostasi
2343 771 2625 835 subsistat,
2658 770 2914 841 nullaque
2946 770 3153 825 ratione
3190 768 3367 824 Patris
3414 783 3605 824 essen-

2019 866 2146 918 tiam
2197 864 2555 929 imminuere,
2614 872 2709 919 aut
2758 865 2825 918 ab
2876 863 2964 918 illa
3009 862 3299 933 separari:
3334 862 3428 917 sed
3485 876 3607 917 esse

2018 956 2192 1026 ipsum
2235 956 2288 1011 in
2320 955 2501 1021 Patre,
2537 965 2592 1010 et
2620 954 2861 1011 vicissim
2912 955 3124 1013 Patrem
3159 956 3211 1008 in
3263 967 3322 1008 se
3363 954 3603 1015 habere;

2017 1046 2154 1100 adeo
2202 1055 2261 1100 ut
2308 1061 2434 1101 vere
2480 1045 2671 1100 dicat:
2710 1064 2729 1097 ι
2759 1044 2872 1114 Ego
2902 1045 2954 1099 in
3003 1043 3188 1109 Patre,
3240 1051 3295 1099 et
3338 1043 3501 1098 Pater
3551 1043 3605 1097 in

2020 1151 2105 1192 me
2134 1138 2175 1167 ”
2210 1154 2223 1190 :
2252 1156 2273 1187 ι
2304 1146 2358 1192 et
2399 1144 2622 1206 propter
2656 1136 3024 1191 omnimodam
3060 1135 3318 1192 essentiae
3349 1132 3605 1189 similitu-

2016 1228 2198 1282 dinem
2238 1228 2413 1297 ipsum
2445 1228 2501 1282 in
2529 1227 2711 1295 Patre,
2743 1234 2799 1282 et
2820 1228 3037 1283 Patrem
3071 1226 3124 1281 in
3160 1226 3281 1297 ipso
3314 1227 3490 1293 cerni,
3518 1234 3603 1279 at-

2017 1336 2121 1391 que
2171 1321 2245 1375 ita
2294 1335 2454 1390 posse
2502 1321 2723 1377 dicere:
2759 1338 2777 1372 (
2814 1320 2922 1391 Ego
2975 1327 3031 1376 et
3079 1319 3241 1375 Pater
3292 1336 3459 1375 unum
3511 1334 3606 1375 su-

2020 1426 2139 1467 mus
2163 1411 2205 1442 "
2233 1430 2246 1466 :
2276 1411 2376 1479 Qui
2411 1412 2544 1467 vidit
2581 1427 2687 1477 me,
2721 1411 2856 1466 vidit
2881 1421 2936 1466 et
2961 1410 3180 1466 Patrem
3208 1412 3271 1464 ⁸³.
3306 1430 3324 1462 ι

2698 1691 2928 1750 ALIUD.

2090 1811 2190 1877 Qui
2228 1810 2417 1865 dicunt
2473 1818 2746 1864 resectum
2775 1819 2939 1881 atque
2969 1810 3203 1865 divrsum
3253 1825 3375 1867 esse
3420 1813 3486 1868 ab
3516 1828 3608 1869 es~

329 1907 417 1960 τὸν
451 1907 601 1969 Υίὸν,
630 1908 718 1960 διὰ
744 1908 803 1959 τὸ
831 1908 889 1972 ἐξ
915 1908 1085 1976 αὐτῆς
1120 1908 1425 1978 προελθεῖν,
1455 1911 1549 1963 καὶ
1575 1905 1711 1964 εἶναι
1748 1913 1911 1982 μέρος

2023 1902 2191 1956 sentis
2222 1899 2400 1954 Patris
2436 1897 2653 1965 Filium,
2684 1900 2811 1969 quia
2855 1913 2921 1954 ex
2969 1900 3088 1971 ipso
3123 1902 3388 1967 procedit,
3438 1912 3607 1971 atque

328 1997 512 2052 λοιπὸν
564 2000 663 2068 οὐχ
713 1999 1024 2071 ὁλόκληρον,
1056 1998 1363 2066 λεγέτωσαν
1407 2000 1784 2070 ἀποκεκόφθαι
1812 2003 1908 2058 καὶ

326 2088 421 2142 τοῦ
450 2089 625 2157 φωτὸς
650 2090 710 2141 τὸ
740 2089 1101 2157 ἀπαύγασμα,
1139 2089 1231 2141 καὶ
1263 2089 1357 2141 τοῦ
1390 2090 1562 2161 πυρὸς
1591 2090 1688 2162 τὴν
1720 2091 1780 2155 ἐξ
1808 2092 1935 2169 αὐέ,

326 2180 421 2234 τοῦ
452 2180 747 2251 προϊοῦσαν
771 2179 1098 2251 θερμασίαν,
1126 2180 1221 2233 καὶ
1246 2179 1340 2233 τοῦ
1365 2180 1456 2234 νοῦ
1486 2182 1576 2235 τὸν
1601 2181 1757 2249 λόγον
1776 2198 1790 2211 °
1816 2185 1909 2237 καὶ

323 2273 691 2327 δεικνύτωσαν
744 2273 825 2326 ὅτι
864 2271 1002 2344 μέρη
1046 2270 1222 2325 ταῦτα
1270 2270 1614 2342 διῃρημένως
1650 2275 1768 2326 ἐστὶ
1801 2274 1908 2327 τῶν

324 2363 546 2427 οὐσιῶν,
576 2363 635 2427 ἐξ
688 2355 763 2415 ὧν
814 2363 905 2415 καὶ
954 2360 1336 2432 προέρχονται,
1380 2361 1412 2430 ἢ
1458 2363 1539 2415 ὅτι
1590 2363 1758 2433 χωρὶς
1810 2364 1908 2434 μὲν

326 2454 758 2523 ἀωυγὰσματος
787 2448 854 2523 ἦν
884 2470 1015 2506 ποτε
1059 2454 1119 2506 τὸ
1164 2453 1299 2522 φῶς,
1332 2453 1499 2525 χωρὶς
1523 2452 1581 2506 δὲ
1608 2454 1910 2525 θερμασίας

326 2544 388 2598 τὸ
422 2544 552 2615 πῦρ,
588 2544 781 2612 ἄλογος
819 2544 897 2597 δὲ’
918 2546 946 2597 6
983 2544 1125 2607 νοῦς.
1158 2545 1268 2597 Kal
1293 2545 1415 2597 τότε
1448 2543 1909 2616 φανταζέσθωσαν

326 2636 552 2690 τοιαῦτά
576 2652 698 2688 τινα
724 2634 967 2705 καὶπερὶ
993 2635 1081 2688 τὸν
1100 2634 1193 2688 τοῦ
1214 2635 1348 2689 Θεοῦ
1365 2636 1557 2704 Λόγον.
1574 2636 1636 2688 El
1656 2636 1714 2689 δὲ
1737 2636 1909 2692 ταῦτα

330 2725 546 2781 σύνεστι
572 2726 670 2796 μὲν
689 2727 778 2781 ἀεὶ
796 2729 915 2790 ταῖς
936 2726 1167 2792 οὐσίαις,
1190 2728 1280 2796 ἀφ’
1300 2722 1374 2781 ὧν
1405 2728 1498 2781 καὶ
1524 2729 1905 2800 προέρχονται,

325 2817 640 2889 ἀμερίστως
666 2816 723 2869 δὲ
748 2816 904 2870 τοῦτο
921 2817 1153 2883 ποιοῦσι,
1179 2818 1272 2871 καὶ
1297 2819 1359 2871 οὐ
1384 2821 1803 2890 κεχωρισμένως
1826 2820 1907 2890 (οὐ

328 2909 434 2980 γὰρ
470 2909 618 2979 πάθη
650 2912 746 2963 καὶ
772 2909 1056 2973 ἀποκοπὰς
1080 2907 1401 2980 ἐμποιοῦσιν
1433 2910 1669 2979 αὐταῖς),
1702 2910 1819 2974 πῶς
1846 2912 1907 2964 οὐ

327 2999 511 3071 πάσης
546 3000 685 3053 είσὶν
714 3000 967 3065 ἀσεϐείας
1002 3001 1257 3054 ἐπέκεινα
1285 2999 1456 3054 ταῦτα
1487 3004 1552 3072 τῇ
1586 3000 1705 3072 θείᾳ
1750 3000 1906 3070 φύσει

328 3091 757 3162 προσάπτοντες,
787 3092 823 3147 ἀ
863 3092 998 3163 μηδὲ
1040 3092 1169 3163 περὶ
1206 3092 1304 3162 τὴν
1335 3091 1445 3144 τῶν
1475 3092 1718 3161 γενητῶν
1747 3094 1908 3162 φύσιν

327 3182 581 3249 γενέσθαι
626 3182 742 3253 δοίη
784 3200 867 3245 τις
900 3184 988 3245 ἂν,
1037 3185 1089 3238 εί
1118 3200 1181 3251 γε
1215 3182 1341 3237 νοῦν
1376 3184 1488 3253 ἔχοι
1542 3184 1636 3237 καὶ
1684 3182 1905 3254 φρονοίη

1009 3388 1213 3441 ΑΛΛΟ.

565 3499 661 3563 Ὠς
696 3497 764 3562 ἐξ
803 3496 1159 3564 ἀντιθέσεως
1196 3497 1313 3552 τῶν
1350 3495 1681 3567 αΙρετικῶν.

398 3630 513 3685 Kal
551 3630 688 3692 πῶς,
722 3629 874 3698 φασὶ,
910 3627 1131 3682 δύναται
1160 3631 1187 3681 6
1214 3629 1340 3693 Υἱὸς
1384 3629 1551 3690 ἀΐδιος
1600 3625 1739 3682 εἶναι
1774 3626 1913 3698 μετά

330 3721 579 3792 Πατρός;
629 3720 738 3775 Kal
770 3721 876 3788 γὰρ
919 3721 968 3774 οί
1011 3720 1121 3772 τῶν
1152 3719 1455 3790 ἀνθρώπων
1504 3720 1609 3772 uiol
1634 3721 1909 3779 τίκτονται

335 3812 476 3882 μετὰ
523 3811 649 3873 τοὺς
693 3809 959 3880 πατέρας,
1011 3810 1105 3862 καὶ
1151 3809 1363 3881 χρόνοις
1410 3808 1636 3879 ὕστερον
1673 3808 1911 3876 γίνονται

329 3901 566 3967 πολλοῖς,
596 3902 695 3954 οὐκ
722 3900 869 3963 ὄντες
899 3900 1029 3969 πρὶν
1069 3899 1418 3971 γεννηθῆναι.
1452 3900 1576 3960 Πῶς
1608 3898 1663 3951 δὲ
1694 3898 1852 3951 πάλιν
1884 3900 1913 3951 6

330 3990 462 4055 Υἱὸς
487 3992 658 4059 Λόγος
684 3986 822 4044 εῖναι
841 3990 1084 4054 δύναται,
1112 3989 1145 4059 ἢ
1169 3989 1331 4042 εἰκὼν
1353 3988 1444 4041 τοῦ
1470 3987 1607 4041 Θεοῦ
1629 4005 1643 4053 ;
1668 3989 1776 4041 Καὶ
1802 3986 1911 4057 γὰρ

327 4083 361 4135 ό
392 4082 500 4134 τῶν
534 4080 838 4151 ἀνθρώπων
865 4080 1020 4148 λόγος
1050 4079 1172 4133 οὐτε
1204 4080 1565 4149 ἐνυπόστατός
1597 4083 1766 4143 ἐστιν,
1788 4080 1912 4134 οὒτε

332 4174 477 4246 μετά
508 4176 569 4227 τὸ
603 4174 835 4245 ῥηθῆναι
881 4174 1114 4235 σώζεται
1138 4190 1152 4204 ο
1200 4174 1314 4227 ἀλλ’
1345 4174 1506 4239 εὐθὺς
1552 4177 1631 4238 είς
1658 4175 1720 4227 τὸ
1752 4176 1827 4245 μὴ
1852 4175 1912 4227 ὃν

329 4266 643 4330 ἀναλύεται,
673 4266 920 4336 σημήνας
969 4265 1030 4317 τὸ
1082 4265 1224 4317 κατά
1268 4265 1510 4319 διάνοιαν
1552 4265 1632 4335 τῷ
1664 4265 1912 4319 λαλοῦντι

328 4357 603 4427 κείμενον,
640 4359 734 4411 καὶ
780 4356 849 4409 τὰ
880 4358 938 4408 ὲν
967 4357 1045 4426 τῷ
1076 4356 1229 4426 βάθει
1263 4357 1362 4427 τῆς
1406 4358 1635 4429 καρδίας
1684 4374 1913 4429 φανερο-

328 4450 567 4521 ποιήσας
593 4448 857 4517 νοήματα.

816 4556 972 4625 Πρὸς
1010 4556 1185 4609 τοῦτο
1224 4558 1424 4623 λύσις.

405 4670 468 4723 El
516 4670 614 4737 μὲν
658 4668 733 4731 ὡς
780 4667 1066 4739 ἄνθρωπος
1103 4668 1274 4733 οὕτως
1326 4671 1442 4723 ἐστὶ
1492 4673 1585 4724 καὶ⁹
1632 4671 1784 4736 Θεὸς,
1819 4673 1913 4727 καὶ

330 4760 496 4815 πλέον
525 4760 634 4813 τῶν
661 4760 717 4812 tv
750 4762 883 4831 ἡμῖν
912 4759 1065 4814 οὐδὲν
1098 4762 1154 4814 tv
1189 4761 1355 4831 αὐτῷ,
1388 4764 1659 4834 κρατείτω
1693 4765 1785 4818 καὶ
1814 4766 1907 4819 ἐπ’

332 4851 503 4909 αὐτοῦ
557 4851 626 4915 τὰ
675 4850 1021 4921 ἀνθρώπινα*
1073 4852 1167 4905 καὶ
1216 4855 1617 4925 προῦπαρχέτω
1648 4854 1743 4908 τοῦ
1781 4855 1911 4910 ἰδίου

332 4942 674 5013 γεννήματος
699 4940 883 5011 ὥσπερ
927 4943 1021 4994 καὶ
1054 4944 1214 5013 ἡμεῖς
1234 4960 1245 4971 °
1282 4945 1376 4997 καὶ
1407 4946 1471 4997 ἐκ
1497 4943 1590 4998 τοῦ
1644 4945 1717 5016 μὴ
1762 4946 1915 5009 ὄντος

331 5032 477 5087 ἔστω
507 5024 583 5084 τδ
610 5029 672 5095 ἐξ
699 5031 863 5085 αὐτοῦ
892 5032 1173 5101 προελθὸν.
1208 5034 1269 5086 El
1301 5034 1356 5086 δὲ
1387 5034 1521 5088 πολὺ
1566 5034 1675 5089 τῶν
1717 5039 1915 5107 ἡμετέ-

335 5141 445 5196 ρων
474 5124 534 5177 τὸ
551 5122 706 5176 Θεῑον
732 5123 1062 5194 ἀπῴκισται,
1090 5125 1184 5177 καὶ
1212 5124 1363 5177 οὐδὲν
1390 5125 1536 5197 αὐτῴ
1569 5131 1745 5181 κοινὸν
1777 5130 1913 5202 πρὸς

331 5216 504 5287 ἡμᾶς,
530 5216 655 5268 ὅσον
682 5218 762 5279 είς
794 5215 885 5268 τὸν
932 5214 1032 5285 τῆς
1061 5214 1247 5278 οὐσίας
1274 5215 1453 5283 λόγον,
1491 5216 1609 5280 πῶς
1635 5219 1767 5273 αὐτὸ
1798 5224 1911 5285 τοῖς

335 5304 697 5375 ἀνθρωπίνοις
731 5303 1132 5375 καταδεσμοῦσι
1180 5308 1385 5369 κακοῖς,
1417 5307 1511 5359 καὶ
1556 5308 1677 5371 ταῖς
1716 5310 1913 5379 ἡμετέο

340 5411 462 5465 ραις
494 5396 758 5464 ἀνάγκαις
806 5396 1152 5458 ὐποτιθέντες
1198 5396 1298 5449 οὐκ
1345 5397 1724 5467 αἰσχύνονται;
1762 5400 1912 5471 ’Όσῳ

336 5488 447 5558 γὰρ
491 5486 557 5539 ἂν
602 5487 702 5559 τὴν
753 5486 1040 5557 ἀνθρώπου
1093 5485 1253 5556 φύσιν
1298 5486 1608 5558 ὲξάλληται,
1639 5488 1912 5551 τοσοῦτον,

336 5574 513 5648 οἶμαι,
540 5578 634 5631 καὶ
657 5578 766 5631 τῶν
788 5578 915 5648 παρ’
940 5580 1073 5647 ἡμῖν
1090 5577 1227 5631 ἐθῶν
1253 5595 1310 5630 τε
1342 5579 1434 5631 καὶ
1461 5580 1639 5650 νόμων
1669 5580 1915 5649 φυσικῶν

341 5667 491 5722 ισται
518 5669 613 5723 καὶ
636 5668 892 5737 ἀμείνων.
908 5668 1115 5722 Οὐκοῦν
1134 5668 1361 5740 φθαρτοὶ
1387 5670 1481 5739 μὲν
1506 5672 1686 5740 ἡμεῖς,
1707 5670 1916 5742 ἄφθαρ-

416 5842 456 5875 ¹¹
484 5839 637 5898 Joan.
669 5855 778 5909 xlv,
814 5840 900 5896 ll.

734 5940 1003 6002 PATROL.
1051 5940 1165 6001 Gn.
1210 5941 1437 6003 LXXV.

979 5843 1020 5873 "
1049 5841 1202 5898 Joan.
1243 5858 1299 5905 χ,
1327 5844 1416 5899 30.
1498 5848 1540 5878 ¹³
1573 5846 1728 5903 Joan.
1767 5864 1877 5913 xiv,
1903 5849 1955 5905 9.

2019 1991 2139 2045 ideo
2169 1999 2377 2059 partem
2410 2004 2551 2053 esse,
2584 2004 2690 2045 non
2724 2003 2854 2044 vero
2883 1990 3153 2059 integrum
3187 2008 3200 2046 :
3236 1992 3420 2046 dicant
3440 1994 3602 2048 etiam

2016 2080 2357 2149 splendorem
2391 2088 2700 2149 separatum
2743 2093 2867 2134 esse
2917 2096 2946 2133 a
2985 2080 3209 2146 lumine,
3260 2091 3317 2136 et
3346 2082 3601 2137 calidita-

2020 2183 2125 2227 tem
2170 2174 2239 2227 ab
2270 2173 2413 2241 igne,
2462 2187 2492 2228 e
2518 2187 2627 2242 quo
2657 2172 2926 2242 procedit,
2958 2182 3011 2227 et
3038 2175 3265 2228 verbum
3316 2191 3344 2228 a
3378 2185 3559 2230 mente
3589 2193 3603 2227 :

2016 2263 2415 2333 ostendantque
2462 2263 2579 2317 haec
2626 2277 2751 2318 esse
2788 2263 3079 2331 separatim
3119 2273 3304 2334 partes
3350 2264 3608 2320 substan-

2020 2360 2243 2422 tiarum,
2295 2374 2326 2413 e
2381 2357 2580 2427 quibus
2636 2356 3093 2427 procedunt;aut
3141 2358 3377 2427 probent
3422 2360 3606 2415 lumen

2017 2451 2311 2519 aliquando
2339 2450 2507 2506 fuisse
2537 2451 2744 2521 absque
2774 2452 3088 2523 splendore,
3133 2460 3228 2506 aut
3255 2452 3437 2523 ignem
3473 2452 3606 2508 abs-

2017 2552 2123 2606 que
2168 2536 2469 2603 caliditate,
2507 2547 2563 2593 et
2609 2546 2849 2593 mentem
2895 2538 3101 2609 absque
3137 2541 3326 2596 verbo.
3362 2541 3440 2597 Ac
3490 2551 3605 2596 tum

2016 2628 2235 2682 demum
2267 2644 2389 2684 cum
2430 2629 2535 2684 hoc
2568 2631 2874 2701 probarint,
2908 2631 3275 2700 imaginentur
3303 2633 3466 2687 etiam
3501 2634 3607 2688 tale

2018 2719 2299 2789 quidpiam
2330 2720 2397 2775 de
2418 2718 2601 2776 Verbo
2628 2722 2741 2776 Dei.
2773 2720 2831 2776 Si
2866 2737 2996 2778 vero
3031 2724 3146 2778 haec
3176 2724 3362 2779 insunt
3390 2739 3607 2797 semper

2016 2810 2340 2865 substantiis
2376 2826 2406 2865 e
2440 2810 2637 2879 quibus
2665 2812 2992 2881 procedunt,
3027 2814 3271 2883 citraque
3314 2814 3476 2870 ullam
3512 2831 3605 2873 se-

2015 2901 2354 2972 parationem
2404 2901 2509 2957 hoc
2547 2910 2807 2970 praestant
2836 2902 3036 2973 (neque
3076 2906 3222 2959 enim
3275 2906 3437 2959 ullam
3469 2922 3605 2977 pasv

2014 2992 2224 3047 sionem
2247 3002 2343 3047 aut
2368 2993 2670 3048 sectionem
2702 2994 2755 3048 in
2784 2993 2865 3049 eis
2883 2989 3167 3066 cilicium),
3193 2998 3467 3065 quomodo
3494 3013 3602 3053 non

2017 3084 2126 3137 sint
2159 3084 2415 3138 censendi
2448 3085 2801 3139 vehementer
2838 3086 3016 3156 impii,
3048 3087 3141 3155 qui
3169 3089 3367 3144 divinae
3396 3101 3604 3146 natura:

2016 3174 2106 3229 illa
2139 3174 2407 3240 tribuunt,
2435 3188 2555 3243 quae
2596 3189 2757 3229 nemo
2784 3190 2934 3232 sanae
2967 3179 3166 3233 mentis
3210 3194 3277 3234 ne
3318 3190 3603 3236 creatura-

1936 3288 1979 3346 ρ
2018 3280 2135 3318 rum
2165 3266 2383 3335 quidem
2423 3274 2629 3320 natum
2655 3266 2909 3321 accidere
2942 3281 3100 3337 posse
3130 3269 3404 3324 fateatur?

2694 3380 2927 3440 ALIUD.

2394 3490 2478 3546 Ex
2505 3494 2796 3563 objectione
2818 3496 3213 3551 hwreticorum.

2094 3627 2199 3682 Sed
2253 3628 2547 3695 quomodo,
2596 3628 2869 3695 inquiunt,
2916 3638 3095 3697 potest
3142 3628 3316 3687 Filius
3363 3643 3604 3691 aeternus

2014 3734 2135 3775 esse
2156 3734 2276 3773 cum
2303 3719 2495 3773 Patre?
2519 3719 2655 3773 Nam
2686 3718 2779 3774 ﬁlii
2809 3721 3088 3775 hominum
3140 3734 3443 3779 nascuntur
3482 3738 3607 3797 post

2018 3824 2145 3865 suos
2188 3821 2461 3879 parentes,
2512 3811 2795 3880 multoque
2840 3822 2961 3879 post
2996 3822 3239 3883 tempore
3289 3816 3443 3883 fiunt,
3496 3832 3603 3873 non

2015 3901 2343 3956 exsistentes
2375 3901 2689 3970 priusquam
2731 3902 2886 3957 fiant.
2928 3904 3037 3958 Aut
3082 3920 3191 3973 quo
3240 3916 3401 3975 pacto
3432 3906 3604 3963 Filius

2016 3992 2187 4061 possit
2224 4005 2345 4047 esse
2374 3992 2632 4059 Verbum,
2664 4002 2761 4047 aut
2813 3994 2991 4064 imago
3024 3996 3161 4050 Dei?
3194 3995 3328 4051 Nam
3376 4000 3603 4053 verbum

2015 4083 2159 4152 quod
2209 4082 2278 4137 ab
2317 4083 2631 4138 hominibus
2663 4083 2961 4153 profertur,
3004 4100 3180 4155 neque
3210 4102 3305 4155 per
3339 4102 3399 4143 se
3427 4090 3607 4145 subsi-

2017 4174 2130 4239 stit,
2168 4184 2345 4241 neque
2378 4181 2665 4241 postquam
2706 4172 2980 4241 prolatum
3011 4184 3096 4229 est
3127 4186 3329 4241 manet,
3360 4178 3454 4232 sed
3484 4189 3601 4232 sta-

2020 4262 2112 4315 tim
2158 4260 2212 4315 in
2250 4260 2477 4315 nihilum
2509 4263 2810 4327 evanescit,
2856 4276 2979 4318 cum
3024 4265 3315 4334 explicarit
3344 4270 3489 4337 quod
3520 4269 3604 4325 lo»

2016 4369 2189 4424 quens
2215 4364 2397 4409 mente
2417 4365 2762 4425 conceperat,
2790 4370 3025 4426 cumque
3052 4358 3413 4427 cogitationes
3435 4362 3602 4419 animi

2016 4444 2354 4515 patefecerit.

2522 4557 2729 4614 Salutio
2769 4560 3101 4630 objectionis.

2092 4672 2150 4729 Si
2179 4672 2321 4727 Deus
2360 4672 2583 4742 perinde
2616 4682 2698 4728 est
2733 4683 2898 4744 atque
2946 4676 3137 4742 homo,
3174 4678 3333 4749 177
3363 4680 3606 4751 nihilque

2019 4764 2255 4835 amplius
2303 4762 2355 4816 in
2388 4776 2453 4817 eo
2503 4772 2586 4817 est
2615 4778 2775 4833 quam
2818 4764 2870 4819 in
2919 4766 3119 4821 nobis:
3166 4768 3402 4823 humana
3436 4774 3602 4827 etiam

2019 4855 2072 4909 in
2096 4855 2213 4925 ipso
2249 4854 2429 4909 locum
2467 4854 2724 4920 habeant,
2774 4863 2827 4909 et
2859 4854 2973 4923 ipse
3018 4872 3234 4928 quoque
3273 4861 3424 4928 prior
3453 4868 3596 4918 exsi-

2018 4954 2127 5001 stat
2156 4944 2295 5000 Filio
2327 4960 2449 5010 suo,
2482 4956 2539 4999 ut
2569 4960 2692 5011 nos,
2717 4957 2771 5001 et
2795 4962 2861 5001 ex
2894 4949 3064 5002 nihilo
3094 4950 3185 5015 sit,
3222 4953 3363 5020 quod
3395 4969 3461 5007 ex
3488 4954 3605 5023 ipso

2021 5035 2281 5106 procedit.
2313 5035 2384 5089 At
2416 5050 2546 5091 vero
2568 5037 2613 5091 si
2636 5036 2818 5094 Deitas
2836 5038 2995 5110 longe
3012 5054 3040 5093 a
3066 5046 3249 5096 nostra
3282 5054 3474 5098 natura
3496 5047 3575 5099 dif
3583 5078 3603 5085 -

2019 5126 2147 5191 fert,
2185 5126 2428 5197 nihilque
2469 5128 2519 5183 ei
2553 5129 2834 5185 nobiscum
2871 5146 3162 5188 commune
3204 5142 3307 5201 est,
3342 5145 3602 5205 quantum

2022 5219 2086 5272 ad
2118 5218 2385 5273 rationem
2415 5219 2733 5277 substantia:
2763 5224 2957 5280 attinet
2990 5241 3137 5295 :quo
3168 5237 3327 5296 pacto
3351 5244 3471 5283 eam
3504 5233 3603 5284 hu-

2020 5309 2196 5364 manis
2247 5310 2609 5368 incommodis
2645 5323 2701 5369 et
2746 5315 2906 5387 malis
2936 5318 3269 5388 astringunt,
3310 5328 3365 5374 et
3401 5330 3605 5376 nostrae

2020 5402 2333 5457 necessitati
2366 5404 2633 5472 subjicere
2670 5419 2777 5461 non
2815 5409 3117 5463 verentur?
3153 5409 3424 5476 Quantum
3457 5414 3603 5467 enim

2022 5492 2314 5547 humanam
2368 5504 2616 5549 naturam
2669 5498 2907 5564 excellit,
2963 5506 3167 5554 tantum
3205 5501 3368 5555 etiam
3417 5511 3603 5557 nostra

2022 5587 2411 5642 consuetudine
2453 5597 2508 5643 et
2562 5589 2901 5646 naturalibus
2952 5592 3161 5662 legibus
3201 5604 3284 5648 est
3330 5595 3600 5663 superior.

2025 5674 2133 5732 Nos
2164 5676 2347 5748 itaque
2375 5680 2756 5749 corruptibiles
2791 5699 2803 5737 :
2838 5680 2981 5737 Deus
3007 5693 3187 5738 autem
3214 5683 3604 5755 incorruptibi-

3171 5946 3238 6009 10
