  <div class='ocr_page' id='page_1' title='image "/cluster/home/n/w/nwhite01/storage/ocr_20150623/75/ien.35556001661032/159.png"; bbox 0 0 4024 6520; ppageno 0'>
   <div class='ocr_carea' id='block_1_1' title="bbox 472 470 577 525">
    <p class='ocr_par' dir='ltr' id='par_1_1' title="bbox 472 470 577 525">
     <span class='ocr_line' id='line_1_1' title="bbox 472 470 577 525; baseline 0 0"><span class='ocrx_word' id='word_1_1' title='bbox 472 470 577 525; x_wconf 70' lang='grc' dir='ltr'>εθθ</span> 
     </span>
    </p>
   </div>
   <div class='ocr_carea' id='block_1_2' title="bbox 1444 465 2672 525">
    <p class='ocr_par' dir='ltr' id='par_1_2' title="bbox 1444 465 2672 525">
     <span class='ocr_line' id='line_1_2' title="bbox 1444 465 2672 525; baseline -0.001 -1"><span class='ocrx_word' id='word_1_2' title='bbox 1444 468 1503 524; x_wconf 88' lang='lat' dir='ltr'><strong>S.</strong></span> <span class='ocrx_word' id='word_1_3' title='bbox 1538 465 1806 524; x_wconf 76' lang='lat' dir='ltr'><strong>CYRILLI</strong></span> <span class='ocrx_word' id='word_1_4' title='bbox 1849 466 2314 523; x_wconf 73' lang='lat' dir='ltr'><strong>ALEXANDRINI</strong></span> <span class='ocrx_word' id='word_1_5' title='bbox 2355 467 2672 525; x_wconf 75' lang='lat' dir='ltr'><strong>ARCHIEP.</strong></span> 
     </span>
    </p>
   </div>
   <div class='ocr_carea' id='block_1_3' title="bbox 474 578 2010 655">
    <p class='ocr_par' dir='ltr' id='par_1_3' title="bbox 474 578 2010 641">
     <span class='ocr_line' id='line_1_3' title="bbox 474 578 2010 641; baseline -0.002 -3"><span class='ocrx_word' id='word_1_6' title='bbox 474 586 559 639; x_wconf 81' lang='lat' dir='ltr'><strong>lis.</strong></span> <span class='ocrx_word' id='word_1_7' title='bbox 608 584 719 641; x_wconf 81' lang='lat' dir='ltr'><strong>Nos</strong></span> <span class='ocrx_word' id='word_1_8' title='bbox 764 600 824 640; x_wconf 81' lang='lat' dir='ltr'><strong>ex</strong></span> <span class='ocrx_word' id='word_1_9' title='bbox 873 578 1041 641; x_wconf 79' lang='lat' dir='ltr'><strong>nihilo</strong></span> <span class='ocrx_word' id='word_1_10' title='bbox 1084 586 1149 640; x_wconf 82' lang='lat' dir='ltr'><strong>ad</strong></span> <span class='ocrx_word' id='word_1_11' title='bbox 1184 599 1301 641; x_wconf 84' lang='lat' dir='ltr'><strong>esse</strong></span> <span class='ocrx_word' id='word_1_12' title='bbox 1352 584 1581 639; x_wconf 79' lang='lat' dir='ltr'><strong>traducti</strong></span> <span class='ocrx_word' id='word_1_13' title='bbox 1624 599 1851 638; x_wconf 87' lang='lat' dir='ltr'><strong>sumus:</strong></span> <span class='ocrx_word' id='word_1_14' title='bbox 1882 585 2010 638; x_wconf 83' lang='lat' dir='ltr'><strong>Dent</strong></span> 
     </span>
    </p>
   </div>
   <div class='ocr_carea' id='block_1_4' title="bbox 2114 578 3693 655">
    <p class='ocr_par' dir='ltr' id='par_1_4' title="bbox 2123 578 3693 655">
     <span class='ocr_line' id='line_1_4' title="bbox 2123 578 3693 655; baseline -0.007 -12"><span class='ocrx_word' id='word_1_15' title='bbox 2123 604 2210 650; x_wconf 78' lang='grc' dir='ltr'>τος</span> <span class='ocrx_word' id='word_1_16' title='bbox 2236 587 2291 642; x_wconf 68' lang='grc' dir='ltr'>δὲ</span> <span class='ocrx_word' id='word_1_17' title='bbox 2314 587 2341 639; x_wconf 93' lang='grc'><strong>6</strong></span> <span class='ocrx_word' id='word_1_18' title='bbox 2362 584 2515 645; x_wconf 86' lang='grc' dir='ltr'>Θεός.</span> <span class='ocrx_word' id='word_1_19' title='bbox 2533 585 2626 638; x_wconf 80' lang='grc' dir='ltr'>Ἐκ</span> <span class='ocrx_word' id='word_1_20' title='bbox 2650 582 2742 635; x_wconf 83' lang='grc' dir='ltr'>τοῦ</span> <span class='ocrx_word' id='word_1_21' title='bbox 2776 582 2849 652; x_wconf 76' lang='grc' dir='ltr'>μὴ</span> <span class='ocrx_word' id='word_1_22' title='bbox 2878 582 3025 645; x_wconf 72' lang='grc' dir='ltr'>ὄντος</span> <span class='ocrx_word' id='word_1_23' title='bbox 3057 582 3136 645; x_wconf 83' lang='grc' dir='ltr'><strong>εις</strong></span> <span class='ocrx_word' id='word_1_24' title='bbox 3160 582 3220 633; x_wconf 76' lang='grc' dir='ltr'><strong>τὸ</strong></span> <span class='ocrx_word' id='word_1_25' title='bbox 3244 578 3380 634; x_wconf 82' lang='grc' dir='ltr'>εἶναι</span> <span class='ocrx_word' id='word_1_26' title='bbox 3408 582 3693 655; x_wconf 64' lang='grc' dir='ltr'><strong>παρήχθη-</strong></span> 
     </span>
    </p>
   </div>
   <div class='ocr_carea' id='block_1_5' title="bbox 478 674 2020 744">
    <p class='ocr_par' dir='ltr' id='par_1_5' title="bbox 478 674 2020 744">
     <span class='ocr_line' id='line_1_5' title="bbox 478 674 2020 744; baseline -0.001 -16"><span class='ocrx_word' id='word_1_27' title='bbox 478 689 611 729; x_wconf 68' lang='lat' dir='ltr'><strong>veru</strong></span> <span class='ocrx_word' id='word_1_28' title='bbox 646 691 859 744; x_wconf 86' lang='lat' dir='ltr'><strong>semper</strong></span> <span class='ocrx_word' id='word_1_29' title='bbox 892 685 941 731; x_wconf 90' lang='lat' dir='ltr'><strong>et</strong></span> <span class='ocrx_word' id='word_1_30' title='bbox 969 684 1106 741; x_wconf 89' lang='lat' dir='ltr'><strong>erat,</strong></span> <span class='ocrx_word' id='word_1_31' title='bbox 1134 684 1189 731; x_wconf 90' lang='lat' dir='ltr'><strong>et</strong></span> <span class='ocrx_word' id='word_1_32' title='bbox 1213 675 1336 731; x_wconf 84' lang='lat' dir='ltr'><strong>erit.</strong></span> <span class='ocrx_word' id='word_1_33' title='bbox 1371 674 1552 741; x_wconf 84' lang='lat' dir='ltr'><strong>Qualis</strong></span> <span class='ocrx_word' id='word_1_34' title='bbox 1581 690 1708 729; x_wconf 86' lang='lat' dir='ltr'><strong>vero</strong></span> <span class='ocrx_word' id='word_1_35' title='bbox 1740 685 1822 729; x_wconf 88' lang='lat' dir='ltr'><strong>est</strong></span> <span class='ocrx_word' id='word_1_36' title='bbox 1863 676 1907 729; x_wconf 98' lang='lat' dir='ltr'><strong>is</strong></span> <span class='ocrx_word' id='word_1_37' title='bbox 1929 674 2020 744; x_wconf 86' lang='lat' dir='ltr'><strong>qui</strong></span> 
     </span>
    </p>
   </div>
   <div class='ocr_carea' id='block_1_6' title="bbox 470 750 2019 834">
    <p class='ocr_par' dir='ltr' id='par_1_6' title="bbox 470 750 2019 834">
     <span class='ocr_line' id='line_1_6' title="bbox 470 750 2019 834; baseline 0 -19"><span class='ocrx_word' id='word_1_38' title='bbox 470 764 660 834; x_wconf 88' lang='lat' dir='ltr'><strong>gignit,</strong></span> <span class='ocrx_word' id='word_1_39' title='bbox 701 760 861 819; x_wconf 84' lang='lat' dir='ltr'><strong>talem</strong></span> <span class='ocrx_word' id='word_1_40' title='bbox 895 765 1059 819; x_wconf 89' lang='lat' dir='ltr'><strong>etiam</strong></span> <span class='ocrx_word' id='word_1_41' title='bbox 1105 778 1225 819; x_wconf 86' lang='lat' dir='ltr'><strong>esse</strong></span> <span class='ocrx_word' id='word_1_42' title='bbox 1269 750 1478 833; x_wconf 84' lang='lat' dir='ltr'><strong>oportet</strong></span> <span class='ocrx_word' id='word_1_43' title='bbox 1510 765 1598 832; x_wconf 86' lang='lat' dir='ltr'><strong>qui</strong></span> <span class='ocrx_word' id='word_1_44' title='bbox 1640 778 1704 817; x_wconf 79' lang='grc' dir='ltr'>ει</span> <span class='ocrx_word' id='word_1_45' title='bbox 1751 777 1818 817; x_wconf 85' lang='lat' dir='ltr'><strong>eo</strong></span> <span class='ocrx_word' id='word_1_46' title='bbox 1849 763 2019 832; x_wconf 88' lang='lat' dir='ltr'><strong>gigni-</strong></span> 
     </span>
    </p>
   </div>
   <div class='ocr_carea' id='block_1_7' title="bbox 470 852 2019 919">
    <p class='ocr_par' dir='ltr' id='par_1_7' title="bbox 470 852 2019 919">
     <span class='ocr_line' id='line_1_7' title="bbox 470 852 2019 919; baseline 0.001 -13"><span class='ocrx_word' id='word_1_47' title='bbox 470 862 574 908; x_wconf 89' lang='lat' dir='ltr'><strong>tur.</strong></span> <span class='ocrx_word' id='word_1_48' title='bbox 607 852 864 910; x_wconf 63' lang='lat' dir='ltr'><strong>Eternus</strong></span> <span class='ocrx_word' id='word_1_49' title='bbox 916 866 1091 909; x_wconf 86' lang='lat' dir='ltr'><strong>autem</strong></span> <span class='ocrx_word' id='word_1_50' title='bbox 1134 865 1217 910; x_wconf 87' lang='lat' dir='ltr'><strong>est</strong></span> <span class='ocrx_word' id='word_1_51' title='bbox 1260 854 1398 909; x_wconf 88' lang='lat' dir='ltr'><strong>Deus</strong></span> <span class='ocrx_word' id='word_1_52' title='bbox 1448 869 1510 908; x_wconf 89' lang='lat' dir='ltr'><strong>ac</strong></span> <span class='ocrx_word' id='word_1_53' title='bbox 1542 854 1717 919; x_wconf 92' lang='lat' dir='ltr'><strong>Pater,</strong></span> <span class='ocrx_word' id='word_1_54' title='bbox 1762 866 2019 907; x_wconf 66' lang='lat' dir='ltr'><strong>uernum</strong></span> 
     </span>
    </p>
   </div>
   <div class='ocr_carea' id='block_1_8' title="bbox 473 940 2025 1010">
    <p class='ocr_par' dir='ltr' id='par_1_8' title="bbox 473 940 2025 1010">
     <span class='ocr_line' id='line_1_8' title="bbox 473 940 2025 1010; baseline 0.001 -17"><span class='ocrx_word' id='word_1_55' title='bbox 473 940 649 1007; x_wconf 85' lang='lat' dir='ltr'><strong>itaque</strong></span> <span class='ocrx_word' id='word_1_56' title='bbox 718 943 877 996; x_wconf 85' lang='lat' dir='ltr'><strong>etiam</strong></span> <span class='ocrx_word' id='word_1_57' title='bbox 944 945 1083 1010; x_wconf 90' lang='lat' dir='ltr'><strong>quod</strong></span> <span class='ocrx_word' id='word_1_58' title='bbox 1142 957 1206 995; x_wconf 81' lang='lat' dir='ltr'><strong>ex</strong></span> <span class='ocrx_word' id='word_1_59' title='bbox 1274 942 1387 1009; x_wconf 82' lang='lat' dir='ltr'><strong>ipso</strong></span> <span class='ocrx_word' id='word_1_60' title='bbox 1441 941 1681 1009; x_wconf 87' lang='lat' dir='ltr'><strong>procedit</strong></span> <span class='ocrx_word' id='word_1_61' title='bbox 1728 940 1932 1005; x_wconf 89' lang='lat' dir='ltr'><strong>lumen,</strong></span> <span class='ocrx_word' id='word_1_62' title='bbox 1970 950 2025 994; x_wconf 89' lang='grc' dir='ltr'><strong>ει</strong></span> 
     </span>
    </p>
   </div>
   <div class='ocr_carea' id='block_1_9' title="bbox 469 1031 2021 1102">
    <p class='ocr_par' dir='ltr' id='par_1_9' title="bbox 469 1031 2021 1102">
     <span class='ocr_line' id='line_1_9' title="bbox 469 1031 2021 1102; baseline 0.001 -17"><span class='ocrx_word' id='word_1_63' title='bbox 469 1041 609 1097; x_wconf 86' lang='lat' dir='ltr'><strong>erat,</strong></span> <span class='ocrx_word' id='word_1_64' title='bbox 638 1043 691 1086; x_wconf 89' lang='lat' dir='ltr'><strong>ct</strong></span> <span class='ocrx_word' id='word_1_65' title='bbox 710 1042 813 1087; x_wconf 87' lang='lat' dir='ltr'><strong>est.</strong></span> <span class='ocrx_word' id='word_1_66' title='bbox 842 1034 1039 1087; x_wconf 76' lang='lat' dir='ltr'><strong>Aderat</strong></span> <span class='ocrx_word' id='word_1_67' title='bbox 1067 1034 1228 1102; x_wconf 89' lang='lat' dir='ltr'><strong>igitur</strong></span> <span class='ocrx_word' id='word_1_68' title='bbox 1250 1032 1435 1087; x_wconf 87' lang='lat' dir='ltr'><strong>lumini</strong></span> <span class='ocrx_word' id='word_1_69' title='bbox 1465 1032 1733 1102; x_wconf 83' lang='lat' dir='ltr'><strong>splendor.</strong></span> <span class='ocrx_word' id='word_1_70' title='bbox 1759 1031 2021 1087; x_wconf 64' lang='lat' dir='ltr'><strong>Praeterea</strong></span> 
     </span>
    </p>
   </div>
   <div class='ocr_carea' id='block_1_10' title="bbox 469 1121 2017 1192">
    <p class='ocr_par' dir='ltr' id='par_1_10' title="bbox 469 1121 2017 1192">
     <span class='ocr_line' id='line_1_10' title="bbox 469 1121 2017 1192; baseline 0.001 -19"><span class='ocrx_word' id='word_1_71' title='bbox 469 1122 691 1176; x_wconf 78' lang='lat' dir='ltr'><strong>verbum</strong></span> <span class='ocrx_word' id='word_1_72' title='bbox 734 1123 872 1189; x_wconf 88' lang='lat' dir='ltr'><strong>quod</strong></span> <span class='ocrx_word' id='word_1_73' title='bbox 900 1137 965 1177; x_wconf 80' lang='lat' dir='ltr'><strong>ea</strong></span> <span class='ocrx_word' id='word_1_74' title='bbox 1000 1122 1214 1177; x_wconf 79' lang='lat' dir='ltr'><strong>homine</strong></span> <span class='ocrx_word' id='word_1_75' title='bbox 1242 1122 1507 1192; x_wconf 86' lang='lat' dir='ltr'><strong>procedit,</strong></span> <span class='ocrx_word' id='word_1_76' title='bbox 1548 1122 1599 1176; x_wconf 89' lang='lat' dir='ltr'><strong>in</strong></span> <span class='ocrx_word' id='word_1_77' title='bbox 1636 1121 1858 1176; x_wconf 82' lang='lat' dir='ltr'><strong>nihilum</strong></span> <span class='ocrx_word' id='word_1_78' title='bbox 1893 1135 2017 1176; x_wconf 85' lang='lat' dir='ltr'><strong>eva-</strong></span> 
     </span>
    </p>
   </div>
   <div class='ocr_carea' id='block_1_11' title="bbox 469 1209 2020 1281">
    <p class='ocr_par' dir='ltr' id='par_1_11' title="bbox 469 1209 2020 1281">
     <span class='ocr_line' id='line_1_11' title="bbox 469 1209 2020 1281; baseline -0.001 -15"><span class='ocrx_word' id='word_1_79' title='bbox 469 1212 664 1277; x_wconf 85' lang='lat' dir='ltr'><strong>nescit,</strong></span> <span class='ocrx_word' id='word_1_80' title='bbox 694 1222 749 1267; x_wconf 85' lang='lat' dir='ltr'><strong>et</strong></span> <span class='ocrx_word' id='word_1_81' title='bbox 775 1228 949 1281; x_wconf 82' lang='lat' dir='ltr'><strong>neque</strong></span> <span class='ocrx_word' id='word_1_82' title='bbox 983 1214 1161 1267; x_wconf 86' lang='lat' dir='ltr'><strong>vivum</strong></span> <span class='ocrx_word' id='word_1_83' title='bbox 1188 1222 1295 1276; x_wconf 87' lang='lat' dir='ltr'><strong>est,</strong></span> <span class='ocrx_word' id='word_1_84' title='bbox 1331 1226 1506 1281; x_wconf 89' lang='lat' dir='ltr'><strong>neque</strong></span> <span class='ocrx_word' id='word_1_85' title='bbox 1534 1209 1741 1267; x_wconf 73' lang='lat' dir='ltr'><strong>emt-as.</strong></span> <span class='ocrx_word' id='word_1_86' title='bbox 1770 1210 1901 1266; x_wconf 82' lang='lat' dir='ltr'><strong>Nam</strong></span> <span class='ocrx_word' id='word_1_87' title='bbox 1930 1212 2020 1280; x_wconf 88' lang='lat' dir='ltr'><strong>qui</strong></span> 
     </span>
    </p>
   </div>
   <div class='ocr_carea' id='block_1_12' title="bbox 465 1300 2019 1371">
    <p class='ocr_par' dir='ltr' id='par_1_12' title="bbox 465 1300 2019 1371">
     <span class='ocr_line' id='line_1_12' title="bbox 465 1300 2019 1371; baseline 0 -17"><span class='ocrx_word' id='word_1_88' title='bbox 465 1300 594 1355; x_wconf 86' lang='lat' dir='ltr'><strong>illud</strong></span> <span class='ocrx_word' id='word_1_89' title='bbox 618 1302 786 1371; x_wconf 87' lang='lat' dir='ltr'><strong>gignit</strong></span> <span class='ocrx_word' id='word_1_90' title='bbox 825 1302 989 1359; x_wconf 85' lang='lat' dir='ltr'><strong>homo</strong></span> <span class='ocrx_word' id='word_1_91' title='bbox 1026 1319 1088 1357; x_wconf 81' lang='lat' dir='ltr'><strong>es</strong></span> <span class='ocrx_word' id='word_1_92' title='bbox 1123 1303 1287 1358; x_wconf 86' lang='lat' dir='ltr'><strong>nihilo</strong></span> <span class='ocrx_word' id='word_1_93' title='bbox 1319 1313 1422 1366; x_wconf 82' lang='lat' dir='ltr'><strong>est,</strong></span> <span class='ocrx_word' id='word_1_94' title='bbox 1465 1312 1519 1357; x_wconf 88' lang='lat' dir='ltr'><strong>et</strong></span> <span class='ocrx_word' id='word_1_95' title='bbox 1557 1302 1886 1370; x_wconf 85' lang='lat' dir='ltr'><strong>corruptioni</strong></span> <span class='ocrx_word' id='word_1_96' title='bbox 1922 1303 2019 1355; x_wconf 89' lang='lat' dir='ltr'><strong>ob-</strong></span> 
     </span>
    </p>
   </div>
   <div class='ocr_carea' id='block_1_13' title="bbox 463 1390 2023 1455">
    <p class='ocr_par' dir='ltr' id='par_1_13' title="bbox 463 1390 2023 1455">
     <span class='ocr_line' id='line_1_13' title="bbox 463 1390 2023 1455; baseline 0.001 -9"><span class='ocrx_word' id='word_1_97' title='bbox 463 1393 675 1455; x_wconf 66' lang='lat' dir='ltr'><strong>noxius.</strong></span> <span class='ocrx_word' id='word_1_98' title='bbox 720 1390 955 1448; x_wconf 76' lang='lat' dir='ltr'><strong>Verbum</strong></span> <span class='ocrx_word' id='word_1_99' title='bbox 989 1404 1167 1447; x_wconf 91' lang='lat' dir='ltr'><strong>autem</strong></span> <span class='ocrx_word' id='word_1_100' title='bbox 1200 1394 1292 1449; x_wconf 87' lang='lat' dir='ltr'><strong>Dei</strong></span> <span class='ocrx_word' id='word_1_101' title='bbox 1342 1395 1521 1447; x_wconf 86' lang='lat' dir='ltr'><strong>vivum</strong></span> <span class='ocrx_word' id='word_1_102' title='bbox 1560 1403 1663 1454; x_wconf 88' lang='lat' dir='ltr'><strong>est,</strong></span> <span class='ocrx_word' id='word_1_103' title='bbox 1700 1402 1753 1447; x_wconf 88' lang='lat' dir='ltr'><strong>et</strong></span> <span class='ocrx_word' id='word_1_104' title='bbox 1786 1407 1853 1447; x_wconf 79' lang='lat' dir='ltr'><strong>ex</strong></span> <span class='ocrx_word' id='word_1_105' title='bbox 1900 1393 2023 1448; x_wconf 88' lang='lat' dir='ltr'><strong>vivo</strong></span> 
     </span>
    </p>
   </div>
   <div class='ocr_carea' id='block_1_14' title="bbox 461 1482 2020 1555">
    <p class='ocr_par' dir='ltr' id='par_1_14' title="bbox 461 1482 2020 1555">
     <span class='ocr_line' id='line_1_14' title="bbox 461 1482 2020 1555; baseline 0 -18"><span class='ocrx_word' id='word_1_106' title='bbox 461 1482 781 1552; x_wconf 75' lang='lat' dir='ltr'><strong>procedens,</strong></span> <span class='ocrx_word' id='word_1_107' title='bbox 829 1494 946 1537; x_wconf 88' lang='lat' dir='ltr'><strong>erat</strong></span> <span class='ocrx_word' id='word_1_108' title='bbox 993 1493 1048 1538; x_wconf 92' lang='lat' dir='ltr'><strong>et</strong></span> <span class='ocrx_word' id='word_1_109' title='bbox 1089 1492 1171 1539; x_wconf 92' lang='lat' dir='ltr'><strong>est</strong></span> <span class='ocrx_word' id='word_1_110' title='bbox 1206 1499 1439 1555; x_wconf 86' lang='lat' dir='ltr'><strong>semper.</strong></span> <span class='ocrx_word' id='word_1_111' title='bbox 1484 1484 1665 1553; x_wconf 84' lang='lat' dir='ltr'><strong>Neque</strong></span> <span class='ocrx_word' id='word_1_112' title='bbox 1706 1484 1846 1538; x_wconf 77' lang='lat' dir='ltr'><strong>enim</strong></span> <span class='ocrx_word' id='word_1_113' title='bbox 1883 1482 2020 1538; x_wconf 88' lang='lat' dir='ltr'><strong>Deus</strong></span> 
     </span>
    </p>
   </div>
   <div class='ocr_carea' id='block_1_15' title="bbox 460 1572 2020 1645">
    <p class='ocr_par' dir='ltr' id='par_1_15' title="bbox 460 1572 2020 1645">
     <span class='ocr_line' id='line_1_15' title="bbox 460 1572 2020 1645; baseline 0 -17"><span class='ocrx_word' id='word_1_114' title='bbox 460 1588 695 1642; x_wconf 88' lang='lat' dir='ltr'><strong>unquam</strong></span> <span class='ocrx_word' id='word_1_115' title='bbox 744 1583 1004 1639; x_wconf 80' lang='lat' dir='ltr'><strong>autent,</strong></span> <span class='ocrx_word' id='word_1_116' title='bbox 1053 1584 1147 1629; x_wconf 91' lang='lat' dir='ltr'><strong>aut</strong></span> <span class='ocrx_word' id='word_1_117' title='bbox 1198 1576 1300 1628; x_wconf 88' lang='lat' dir='ltr'><strong>erit</strong></span> <span class='ocrx_word' id='word_1_118' title='bbox 1342 1576 1543 1645; x_wconf 81' lang='lat' dir='ltr'><strong>absque</strong></span> <span class='ocrx_word' id='word_1_119' title='bbox 1574 1573 1769 1629; x_wconf 83' lang='lat' dir='ltr'><strong>Verbo.</strong></span> <span class='ocrx_word' id='word_1_120' title='bbox 1818 1572 2020 1627; x_wconf 90' lang='lat' dir='ltr'><strong>Idcirco</strong></span> 
     </span>
    </p>
   </div>
   <div class='ocr_carea' id='block_1_16' title="bbox 461 1662 2021 1735">
    <p class='ocr_par' dir='ltr' id='par_1_16' title="bbox 461 1662 2021 1735">
     <span class='ocr_line' id='line_1_16' title="bbox 461 1662 2021 1735; baseline 0.001 -19"><span class='ocrx_word' id='word_1_121' title='bbox 461 1662 658 1718; x_wconf 91' lang='lat' dir='ltr'><strong>Paulus</strong></span> <span class='ocrx_word' id='word_1_122' title='bbox 688 1664 756 1719; x_wconf 88' lang='lat' dir='ltr'><strong>de</strong></span> <span class='ocrx_word' id='word_1_123' title='bbox 790 1666 906 1735; x_wconf 90' lang='lat' dir='ltr'><strong>ipso</strong></span> <span class='ocrx_word' id='word_1_124' title='bbox 938 1665 1143 1734; x_wconf 87' lang='lat' dir='ltr'><strong>inquit:</strong></span> <span class='ocrx_word' id='word_1_125' title='bbox 1171 1685 1187 1716; x_wconf 81' lang='grc' dir='ltr'><strong>ι</strong></span> <span class='ocrx_word' id='word_1_126' title='bbox 1223 1665 1413 1721; x_wconf 79' lang='lat' dir='ltr'><strong>Vivum</strong></span> <span class='ocrx_word' id='word_1_127' title='bbox 1443 1676 1525 1721; x_wconf 88' lang='lat' dir='ltr'><strong>est</strong></span> <span class='ocrx_word' id='word_1_128' title='bbox 1562 1665 1793 1720; x_wconf 81' lang='lat' dir='ltr'><strong>Verbum</strong></span> <span class='ocrx_word' id='word_1_129' title='bbox 1829 1666 1918 1719; x_wconf 90' lang='lat' dir='ltr'><strong>Dei</strong></span> <span class='ocrx_word' id='word_1_130' title='bbox 1946 1675 2021 1717; x_wconf 91' lang='lat' dir='ltr'><strong>at-</strong></span> 
     </span>
    </p>
   </div>
   <div class='ocr_carea' id='block_1_17' title="bbox 459 1751 2019 1825">
    <p class='ocr_par' dir='ltr' id='par_1_17' title="bbox 459 1751 2019 1825">
     <span class='ocr_line' id='line_1_17' title="bbox 459 1751 2019 1825; baseline 0.001 -20"><span class='ocrx_word' id='word_1_131' title='bbox 459 1766 567 1821; x_wconf 87' lang='lat' dir='ltr'><strong>que</strong></span> <span class='ocrx_word' id='word_1_132' title='bbox 607 1751 883 1809; x_wconf 72' lang='lat' dir='ltr'><strong>emcax“.</strong></span> <span class='ocrx_word' id='word_1_133' title='bbox 916 1774 936 1806; x_wconf 75' lang='grc' dir='ltr'><strong>ι</strong></span> <span class='ocrx_word' id='word_1_134' title='bbox 974 1754 1198 1809; x_wconf 87' lang='lat' dir='ltr'><strong>Creator</strong></span> <span class='ocrx_word' id='word_1_135' title='bbox 1238 1756 1421 1825; x_wconf 69' lang='lat' dir='ltr'><strong>itaquel</strong></span> <span class='ocrx_word' id='word_1_136' title='bbox 1462 1765 1566 1819; x_wconf 86' lang='lat' dir='ltr'><strong>est,</strong></span> <span class='ocrx_word' id='word_1_137' title='bbox 1614 1763 1668 1810; x_wconf 88' lang='lat' dir='ltr'><strong>et</strong></span> <span class='ocrx_word' id='word_1_138' title='bbox 1711 1757 1890 1810; x_wconf 81' lang='lat' dir='ltr'><strong>omnia</strong></span> <span class='ocrx_word' id='word_1_139' title='bbox 1924 1772 2019 1825; x_wconf 87' lang='lat' dir='ltr'><strong>per</strong></span> 
     </span>
    </p>
   </div>
   <div class='ocr_carea' id='block_1_18' title="bbox 2124 662 3695 744">
    <p class='ocr_par' dir='ltr' id='par_1_18' title="bbox 2124 662 3695 744">
     <span class='ocr_line' id='line_1_18' title="bbox 2124 662 3695 744; baseline -0.003 -15"><span class='ocrx_word' id='word_1_140' title='bbox 2124 689 2223 744; x_wconf 75' lang='grc' dir='ltr'><strong>μιν</strong></span> <span class='ocrx_word' id='word_1_141' title='bbox 2243 693 2254 705; x_wconf 91' lang='grc'>·</span> <span class='ocrx_word' id='word_1_142' title='bbox 2288 662 2373 728; x_wconf 69' lang='lat' dir='ltr'><strong>ari</strong></span> <span class='ocrx_word' id='word_1_143' title='bbox 2399 673 2456 727; x_wconf 67' lang='grc' dir='ltr'>δὶ</span> <span class='ocrx_word' id='word_1_144' title='bbox 2476 667 2545 743; x_wconf 79' lang='grc' dir='ltr'>ἦν</span> <span class='ocrx_word' id='word_1_145' title='bbox 2569 672 2660 723; x_wconf 75' lang='grc' dir='ltr'><strong>καὶ</strong></span> <span class='ocrx_word' id='word_1_146' title='bbox 2689 670 2840 723; x_wconf 69' lang='grc' dir='ltr'>ἔσται</span> <span class='ocrx_word' id='word_1_147' title='bbox 2870 671 3021 733; x_wconf 85' lang='grc' dir='ltr'>Θεός.</span> <span class='ocrx_word' id='word_1_148' title='bbox 3040 670 3248 732; x_wconf 78' lang='grc' dir='ltr'>Ὀποτος</span> <span class='ocrx_word' id='word_1_149' title='bbox 3276 670 3319 723; x_wconf 82' lang='grc' dir='ltr'>δ’</span> <span class='ocrx_word' id='word_1_150' title='bbox 3349 670 3415 723; x_wconf 74' lang='grc' dir='ltr'>ἂν</span> <span class='ocrx_word' id='word_1_151' title='bbox 3444 673 3472 723; x_wconf 91' lang='grc'><strong>6</strong></span> <span class='ocrx_word' id='word_1_152' title='bbox 3499 671 3695 725; x_wconf 81' lang='grc' dir='ltr'>τίκτων</span> 
     </span>
    </p>
   </div>
   <div class='ocr_carea' id='block_1_19' title="bbox 2122 757 3693 835">
    <p class='ocr_par' dir='ltr' id='par_1_19' title="bbox 2122 757 3693 835">
     <span class='ocr_line' id='line_1_19' title="bbox 2122 757 3693 835; baseline -0.002 -17"><span class='ocrx_word' id='word_1_153' title='bbox 2122 766 2363 835; x_wconf 75' lang='grc' dir='ltr'><strong>ὑπάρχῃ,</strong></span> <span class='ocrx_word' id='word_1_154' title='bbox 2393 763 2629 817; x_wconf 77' lang='grc' dir='ltr'>τοιοῦτον</span> <span class='ocrx_word' id='word_1_155' title='bbox 2662 757 2798 815; x_wconf 79' lang='grc' dir='ltr'>εῖναι</span> <span class='ocrx_word' id='word_1_156' title='bbox 2829 761 2935 833; x_wconf 82' lang='grc' dir='ltr'><strong>χρὴ</strong></span> <span class='ocrx_word' id='word_1_157' title='bbox 2965 761 3059 814; x_wconf 80' lang='grc' dir='ltr'>καὶ</span> <span class='ocrx_word' id='word_1_158' title='bbox 3093 762 3184 815; x_wconf 64' lang='grc' dir='ltr'><strong>τὸν</strong></span> <span class='ocrx_word' id='word_1_159' title='bbox 3216 761 3275 825; x_wconf 74' lang='grc' dir='ltr'><strong>ἐξ</strong></span> <span class='ocrx_word' id='word_1_160' title='bbox 3319 762 3487 815; x_wconf 81' lang='grc' dir='ltr'>αὑτοῦ</span> <span class='ocrx_word' id='word_1_161' title='bbox 3517 760 3693 815; x_wconf 72' lang='grc' dir='ltr'><strong>τικτό-</strong></span> 
     </span>
    </p>
   </div>
   <div class='ocr_carea' id='block_1_20' title="bbox 2124 853 3697 926">
    <p class='ocr_par' dir='ltr' id='par_1_20' title="bbox 2124 853 3697 926">
     <span class='ocr_line' id='line_1_20' title="bbox 2124 853 3697 926; baseline -0.001 -17"><span class='ocrx_word' id='word_1_162' title='bbox 2124 856 2513 926; x_wconf 79' lang='grc' dir='ltr'>μενον.“Δῖδιος</span> <span class='ocrx_word' id='word_1_163' title='bbox 2552 854 2609 907; x_wconf 70' lang='grc' dir='ltr'>δὶ</span> <span class='ocrx_word' id='word_1_164' title='bbox 2637 856 2667 907; x_wconf 88' lang='grc'><strong>6</strong></span> <span class='ocrx_word' id='word_1_165' title='bbox 2695 854 2825 917; x_wconf 74' lang='grc' dir='ltr'>Θεὸς</span> <span class='ocrx_word' id='word_1_166' title='bbox 2872 855 2963 907; x_wconf 75' lang='grc' dir='ltr'><strong>καὶ</strong></span> <span class='ocrx_word' id='word_1_167' title='bbox 2993 853 3203 925; x_wconf 77' lang='grc' dir='ltr'>Πατὴρ.</span> <span class='ocrx_word' id='word_1_168' title='bbox 3242 855 3411 907; x_wconf 77' lang='grc' dir='ltr'>ἀίδιον</span> <span class='ocrx_word' id='word_1_169' title='bbox 3454 854 3562 926; x_wconf 77' lang='grc' dir='ltr'>ἄρα</span> <span class='ocrx_word' id='word_1_170' title='bbox 3602 855 3697 907; x_wconf 81' lang='grc' dir='ltr'>καὶ</span> 
     </span>
    </p>
   </div>
   <div class='ocr_carea' id='block_1_21' title="bbox 2121 940 3698 1015">
    <p class='ocr_par' dir='ltr' id='par_1_21' title="bbox 2121 940 3698 1015">
     <span class='ocr_line' id='line_1_21' title="bbox 2121 940 3698 1015; baseline -0.001 -17"><span class='ocrx_word' id='word_1_171' title='bbox 2121 947 2181 998; x_wconf 80' lang='grc' dir='ltr'><strong>τὸ</strong></span> <span class='ocrx_word' id='word_1_172' title='bbox 2206 946 2265 1010; x_wconf 79' lang='grc' dir='ltr'><strong>ιε</strong></span> <span class='ocrx_word' id='word_1_173' title='bbox 2295 944 2459 1000; x_wconf 81' lang='grc' dir='ltr'>αὑτοῦ</span> <span class='ocrx_word' id='word_1_174' title='bbox 2490 944 2604 1015; x_wconf 78' lang='grc' dir='ltr'><strong>φῶς</strong></span> <span class='ocrx_word' id='word_1_175' title='bbox 2635 940 2703 1014; x_wconf 78' lang='grc' dir='ltr'>ἦν</span> <span class='ocrx_word' id='word_1_176' title='bbox 2730 946 2821 998; x_wconf 80' lang='grc' dir='ltr'><strong>καὶ</strong></span> <span class='ocrx_word' id='word_1_177' title='bbox 2846 944 2979 997; x_wconf 73' lang='grc' dir='ltr'>ἔστι.</span> <span class='ocrx_word' id='word_1_178' title='bbox 3013 944 3183 1015; x_wconf 79' lang='grc' dir='ltr'>Συνῆν</span> <span class='ocrx_word' id='word_1_179' title='bbox 3209 944 3317 1015; x_wconf 74' lang='grc' dir='ltr'><strong>ἄρα</strong></span> <span class='ocrx_word' id='word_1_180' title='bbox 3353 944 3431 1014; x_wconf 81' lang='grc' dir='ltr'>τῷ</span> <span class='ocrx_word' id='word_1_181' title='bbox 3466 945 3604 1013; x_wconf 72' lang='grc' dir='ltr'><strong>φωτὶ</strong></span> <span class='ocrx_word' id='word_1_182' title='bbox 3635 944 3698 996; x_wconf 78' lang='grc' dir='ltr'><strong>τὸ</strong></span> 
     </span>
    </p>
   </div>
   <div class='ocr_carea' id='block_1_22' title="bbox 2122 1034 3697 1106">
    <p class='ocr_par' dir='ltr' id='par_1_22' title="bbox 2122 1034 3697 1106">
     <span class='ocr_line' id='line_1_22' title="bbox 2122 1034 3697 1106; baseline -0.001 -17"><span class='ocrx_word' id='word_1_183' title='bbox 2122 1036 2477 1105; x_wconf 84' lang='grc' dir='ltr'>ἀπαύγασμα.</span> <span class='ocrx_word' id='word_1_184' title='bbox 2509 1036 2618 1089; x_wconf 78' lang='lat' dir='ltr'><strong>Kal</strong></span> <span class='ocrx_word' id='word_1_185' title='bbox 2666 1037 2693 1088; x_wconf 92' lang='lat'><strong>6</strong></span> <span class='ocrx_word' id='word_1_186' title='bbox 2744 1036 2841 1104; x_wconf 83' lang='grc' dir='ltr'>μὲν</span> <span class='ocrx_word' id='word_1_187' title='bbox 2884 1036 2942 1101; x_wconf 71' lang='grc' dir='ltr'><strong>ἐξ</strong></span> <span class='ocrx_word' id='word_1_188' title='bbox 2988 1034 3271 1106; x_wconf 76' lang='grc' dir='ltr'>ἀνθρώπου</span> <span class='ocrx_word' id='word_1_189' title='bbox 3296 1035 3697 1105; x_wconf 73' lang='grc' dir='ltr'>προερχόμενος</span> 
     </span>
    </p>
   </div>
   <div class='ocr_carea' id='block_1_23' title="bbox 2122 1122 3688 1201">
    <p class='ocr_par' dir='ltr' id='par_1_23' title="bbox 2122 1122 3688 1201">
     <span class='ocr_line' id='line_1_23' title="bbox 2122 1122 3688 1201; baseline 0.001 -24"><span class='ocrx_word' id='word_1_190' title='bbox 2122 1126 2297 1193; x_wconf 84' lang='grc' dir='ltr'>λόγος,</span> <span class='ocrx_word' id='word_1_191' title='bbox 2330 1129 2407 1189; x_wconf 86' lang='grc' dir='ltr'><strong>είς</strong></span> <span class='ocrx_word' id='word_1_192' title='bbox 2432 1128 2491 1179; x_wconf 81' lang='grc' dir='ltr'>τὸ</span> <span class='ocrx_word' id='word_1_193' title='bbox 2529 1126 2600 1197; x_wconf 81' lang='grc' dir='ltr'>μὴ</span> <span class='ocrx_word' id='word_1_194' title='bbox 2649 1124 2707 1177; x_wconf 76' lang='grc' dir='ltr'><strong>δν</strong></span> <span class='ocrx_word' id='word_1_195' title='bbox 2731 1125 3061 1183; x_wconf 77' lang='grc' dir='ltr'>,ἁναλύεται.</span> <span class='ocrx_word' id='word_1_196' title='bbox 3097 1125 3188 1177; x_wconf 77' lang='grc' dir='ltr'><strong>καὶ</strong></span> <span class='ocrx_word' id='word_1_197' title='bbox 3216 1122 3337 1176; x_wconf 74' lang='grc' dir='ltr'>οὔτε</span> <span class='ocrx_word' id='word_1_198' title='bbox 3369 1124 3489 1201; x_wconf 27' lang='grc' dir='ltr'><strong>ζῶν]</strong></span> <span class='ocrx_word' id='word_1_199' title='bbox 3520 1126 3688 1187; x_wconf 70' lang='grc' dir='ltr'>εστιν,</span> 
     </span>
    </p>
   </div>
   <div class='ocr_carea' id='block_1_24' title="bbox 2121 1209 3688 1285">
    <p class='ocr_par' dir='ltr' id='par_1_24' title="bbox 2121 1209 3688 1285">
     <span class='ocr_line' id='line_1_24' title="bbox 2121 1209 3688 1285; baseline -0.004 -18"><span class='ocrx_word' id='word_1_200' title='bbox 2121 1214 2245 1267; x_wconf 72' lang='grc' dir='ltr'>οὔτε</span> <span class='ocrx_word' id='word_1_201' title='bbox 2274 1217 2522 1285; x_wconf 66' lang='grc' dir='ltr'>ἐνεργής.</span> <span class='ocrx_word' id='word_1_202' title='bbox 2546 1215 2653 1266; x_wconf 83' lang='lat' dir='ltr'><strong>Kal</strong></span> <span class='ocrx_word' id='word_1_203' title='bbox 2683 1213 2791 1282; x_wconf 79' lang='grc' dir='ltr'>γὰρ</span> <span class='ocrx_word' id='word_1_204' title='bbox 2817 1213 2910 1263; x_wconf 73' lang='grc' dir='ltr'>καὶ</span> <span class='ocrx_word' id='word_1_205' title='bbox 2936 1213 2964 1263; x_wconf 91' lang='grc'><strong>6</strong></span> <span class='ocrx_word' id='word_1_206' title='bbox 2986 1210 3173 1264; x_wconf 79' lang='grc' dir='ltr'>τοῦτον</span> <span class='ocrx_word' id='word_1_207' title='bbox 3199 1210 3463 1279; x_wconf 77' lang='grc' dir='ltr'><strong>γεννήσας</strong></span> <span class='ocrx_word' id='word_1_208' title='bbox 3484 1209 3688 1280; x_wconf 73' lang='grc' dir='ltr'>ἂνθρω-</span> 
     </span>
    </p>
   </div>
   <div class='ocr_carea' id='block_1_25' title="bbox 2123 1300 3695 1375">
    <p class='ocr_par' dir='ltr' id='par_1_25' title="bbox 2123 1300 3695 1375">
     <span class='ocr_line' id='line_1_25' title="bbox 2123 1300 3695 1375; baseline -0.003 -17"><span class='ocrx_word' id='word_1_209' title='bbox 2123 1323 2241 1368; x_wconf 78' lang='grc' dir='ltr'>πος,</span> <span class='ocrx_word' id='word_1_210' title='bbox 2273 1307 2335 1357; x_wconf 67' lang='grc' dir='ltr'><strong>εκ</strong></span> <span class='ocrx_word' id='word_1_211' title='bbox 2362 1306 2453 1358; x_wconf 84' lang='grc' dir='ltr'>τοῦ</span> <span class='ocrx_word' id='word_1_212' title='bbox 2484 1306 2558 1375; x_wconf 81' lang='grc' dir='ltr'><strong>μὴ</strong></span> <span class='ocrx_word' id='word_1_213' title='bbox 2582 1305 2731 1367; x_wconf 78' lang='grc' dir='ltr'>δντος</span> <span class='ocrx_word' id='word_1_214' title='bbox 2762 1305 2875 1355; x_wconf 70' lang='lat' dir='ltr'><strong>latl</strong></span> <span class='ocrx_word' id='word_1_215' title='bbox 2899 1303 2993 1355; x_wconf 74' lang='grc' dir='ltr'><strong>καὶ</strong></span> <span class='ocrx_word' id='word_1_216' title='bbox 3027 1301 3308 1354; x_wconf 81' lang='grc' dir='ltr'>ὑπόκειται</span> <span class='ocrx_word' id='word_1_217' title='bbox 3341 1300 3615 1371; x_wconf 46' lang='lat' dir='ltr'><strong>(phum-130</strong></span> <span class='ocrx_word' id='word_1_218' title='bbox 3638 1301 3695 1354; x_wconf 68' lang='grc' dir='ltr'>δὶ</span> 
     </span>
    </p>
   </div>
   <div class='ocr_carea' id='block_1_26' title="bbox 2120 1390 3692 1463">
    <p class='ocr_par' dir='ltr' id='par_1_26' title="bbox 2120 1390 3692 1463">
     <span class='ocr_line' id='line_1_26' title="bbox 2120 1390 3692 1463; baseline -0.003 -14"><span class='ocrx_word' id='word_1_219' title='bbox 2120 1396 2213 1449; x_wconf 85' lang='grc' dir='ltr'><strong>τοῦ</strong></span> <span class='ocrx_word' id='word_1_220' title='bbox 2238 1395 2374 1449; x_wconf 81' lang='grc' dir='ltr'>Θεοῦ</span> <span class='ocrx_word' id='word_1_221' title='bbox 2403 1398 2574 1463; x_wconf 83' lang='grc' dir='ltr'><strong>Λόγος</strong></span> <span class='ocrx_word' id='word_1_222' title='bbox 2612 1394 2717 1458; x_wconf 76' lang='grc' dir='ltr'>ζῶν</span> <span class='ocrx_word' id='word_1_223' title='bbox 2754 1397 2867 1447; x_wconf 72' lang='grc' dir='ltr'>ἐστι</span> <span class='ocrx_word' id='word_1_224' title='bbox 2889 1409 2901 1421; x_wconf 92' lang='grc'>·</span> <span class='ocrx_word' id='word_1_225' title='bbox 2936 1394 3028 1445; x_wconf 79' lang='grc' dir='ltr'><strong>καὶ</strong></span> <span class='ocrx_word' id='word_1_226' title='bbox 3058 1394 3123 1445; x_wconf 67' lang='grc' dir='ltr'>ἑκ</span> <span class='ocrx_word' id='word_1_227' title='bbox 3151 1391 3352 1454; x_wconf 81' lang='grc' dir='ltr'>ζῶντος</span> <span class='ocrx_word' id='word_1_228' title='bbox 3390 1390 3692 1461; x_wconf 78' lang='grc' dir='ltr'>προελθὼν,</span> 
     </span>
    </p>
   </div>
   <div class='ocr_carea' id='block_1_27' title="bbox 2120 1478 3693 1557">
    <p class='ocr_par' dir='ltr' id='par_1_27' title="bbox 2120 1478 3693 1557">
     <span class='ocr_line' id='line_1_27' title="bbox 2120 1478 3693 1557; baseline -0.001 -20"><span class='ocrx_word' id='word_1_229' title='bbox 2120 1482 2187 1557; x_wconf 79' lang='grc' dir='ltr'>ἦν</span> <span class='ocrx_word' id='word_1_230' title='bbox 2225 1488 2311 1539; x_wconf 79' lang='grc' dir='ltr'>ἀεὶ</span> <span class='ocrx_word' id='word_1_231' title='bbox 2338 1487 2431 1539; x_wconf 77' lang='grc' dir='ltr'><strong>καὶ</strong></span> <span class='ocrx_word' id='word_1_232' title='bbox 2463 1485 2629 1538; x_wconf 70' lang='grc' dir='ltr'>εστιν.</span> <span class='ocrx_word' id='word_1_233' title='bbox 2656 1485 2728 1536; x_wconf 76' lang='grc' dir='ltr'><strong>Οὐ</strong></span> <span class='ocrx_word' id='word_1_234' title='bbox 2758 1483 2863 1552; x_wconf 82' lang='grc' dir='ltr'><strong>γὰρ</strong></span> <span class='ocrx_word' id='word_1_235' title='bbox 2888 1478 2977 1551; x_wconf 80' lang='grc' dir='ltr'>ἦν,</span> <span class='ocrx_word' id='word_1_236' title='bbox 3010 1482 3129 1535; x_wconf 64' lang='grc' dir='ltr'><strong>οὐδὲ</strong></span> <span class='ocrx_word' id='word_1_237' title='bbox 3160 1482 3310 1534; x_wconf 64' lang='grc' dir='ltr'>ἔσται</span> <span class='ocrx_word' id='word_1_238' title='bbox 3343 1482 3492 1547; x_wconf 61' lang='lat' dir='ltr'><strong>mort,</strong></span> <span class='ocrx_word' id='word_1_239' title='bbox 3522 1484 3693 1553; x_wconf 78' lang='grc' dir='ltr'>χωρὶς</span> 
     </span>
    </p>
   </div>
   <div class='ocr_carea' id='block_1_28' title="bbox 2122 1573 3691 1645">
    <p class='ocr_par' dir='ltr' id='par_1_28' title="bbox 2122 1573 3691 1645">
     <span class='ocr_line' id='line_1_28' title="bbox 2122 1573 3691 1645; baseline -0.003 -14"><span class='ocrx_word' id='word_1_240' title='bbox 2122 1579 2293 1645; x_wconf 85' lang='grc' dir='ltr'>Λόγου</span> <span class='ocrx_word' id='word_1_241' title='bbox 2309 1577 2458 1640; x_wconf 85' lang='grc' dir='ltr'>Θεός.</span> <span class='ocrx_word' id='word_1_242' title='bbox 2491 1576 2600 1631; x_wconf 80' lang='grc' dir='ltr'>Καὶ</span> <span class='ocrx_word' id='word_1_243' title='bbox 2630 1577 2756 1643; x_wconf 87' lang='grc' dir='ltr'>γοῦν</span> <span class='ocrx_word' id='word_1_244' title='bbox 2780 1576 2809 1627; x_wconf 94' lang='lat'><strong>6</strong></span> <span class='ocrx_word' id='word_1_245' title='bbox 2837 1573 3048 1635; x_wconf 77' lang='grc' dir='ltr'>Παῦλος</span> <span class='ocrx_word' id='word_1_246' title='bbox 3077 1589 3208 1643; x_wconf 80' lang='grc' dir='ltr'>φησι</span> <span class='ocrx_word' id='word_1_247' title='bbox 3240 1574 3367 1643; x_wconf 79' lang='grc' dir='ltr'>περὶ</span> <span class='ocrx_word' id='word_1_248' title='bbox 3389 1573 3581 1637; x_wconf 79' lang='grc' dir='ltr'>αὐτοῦ,</span> <span class='ocrx_word' id='word_1_249' title='bbox 3608 1574 3691 1626; x_wconf 73' lang='grc' dir='ltr'><strong>ὅτι</strong></span> 
     </span>
    </p>
   </div>
   <div class='ocr_carea' id='block_1_29' title="bbox 2127 1664 3695 1735">
    <p class='ocr_par' dir='ltr' id='par_1_29' title="bbox 2127 1664 3695 1735">
     <span class='ocr_line' id='line_1_29' title="bbox 2127 1664 3695 1735; baseline -0.002 -15"><span class='ocrx_word' id='word_1_250' title='bbox 2127 1688 2144 1720; x_wconf 77' lang='grc' dir='ltr'><strong>ι</strong></span> <span class='ocrx_word' id='word_1_251' title='bbox 2173 1670 2286 1721; x_wconf 85' lang='grc' dir='ltr'><strong>Ζῶν</strong></span> <span class='ocrx_word' id='word_1_252' title='bbox 2322 1670 2350 1719; x_wconf 93' lang='lat'><strong>6</strong></span> <span class='ocrx_word' id='word_1_253' title='bbox 2382 1667 2553 1735; x_wconf 76' lang='grc' dir='ltr'>Λόγος</span> <span class='ocrx_word' id='word_1_254' title='bbox 2579 1665 2671 1719; x_wconf 71' lang='grc' dir='ltr'><strong>⁴ιῖοῦ</strong></span> <span class='ocrx_word' id='word_1_255' title='bbox 2700 1664 2834 1717; x_wconf 84' lang='grc' dir='ltr'>Θεοῦ</span> <span class='ocrx_word' id='word_1_256' title='bbox 2887 1665 3263 1731; x_wconf 61' lang='grc' dir='ltr'>καὶνινεργής.</span> <span class='ocrx_word' id='word_1_257' title='bbox 3300 1681 3319 1714; x_wconf 75' lang='grc' dir='ltr'><strong>ι</strong></span> <span class='ocrx_word' id='word_1_258' title='bbox 3355 1664 3695 1735; x_wconf 77' lang='grc' dir='ltr'>Δημιουργὸς</span> 
     </span>
    </p>
   </div>
   <div class='ocr_carea' id='block_1_30' title="bbox 2119 1740 3695 1823">
    <p class='ocr_par' dir='ltr' id='par_1_30' title="bbox 2119 1740 3695 1823">
     <span class='ocr_line' id='line_1_30' title="bbox 2119 1740 3695 1823; baseline 0.001 -18"><span class='ocrx_word' id='word_1_259' title='bbox 2119 1753 2249 1821; x_wconf 86' lang='grc' dir='ltr'>γοῦν</span> <span class='ocrx_word' id='word_1_260' title='bbox 2276 1755 2413 1815; x_wconf 63' lang='grc' dir='ltr'>ἔστι,</span> <span class='ocrx_word' id='word_1_261' title='bbox 2442 1752 2535 1809; x_wconf 78' lang='grc' dir='ltr'><strong>καὶ</strong></span> <span class='ocrx_word' id='word_1_262' title='bbox 2564 1753 2737 1805; x_wconf 80' lang='grc' dir='ltr'><strong>πάντα</strong></span> <span class='ocrx_word' id='word_1_263' title='bbox 2766 1740 2955 1819; x_wconf 65' lang='grc' dir='ltr'>γέγονε</span> <span class='ocrx_word' id='word_1_264' title='bbox 2981 1752 3047 1804; x_wconf 79' lang='grc' dir='ltr'><strong>δι’</strong></span> <span class='ocrx_word' id='word_1_265' title='bbox 3073 1750 3257 1815; x_wconf 82' lang='grc' dir='ltr'>αὑτοῦ,</span> <span class='ocrx_word' id='word_1_266' title='bbox 3290 1751 3383 1803; x_wconf 78' lang='grc' dir='ltr'>καὶ</span> <span class='ocrx_word' id='word_1_267' title='bbox 3404 1752 3572 1823; x_wconf 76' lang='grc' dir='ltr'>χωρὶς</span> <span class='ocrx_word' id='word_1_268' title='bbox 3596 1751 3695 1807; x_wconf 82' lang='grc' dir='ltr'><strong>αὔ-</strong></span> 
     </span>
    </p>
   </div>
   <div class='ocr_carea' id='block_1_31' title="bbox 462 1841 2010 1916">
    <p class='ocr_par' dir='ltr' id='par_1_31' title="bbox 462 1843 2010 1916">
     <span class='ocr_line' id='line_1_31' title="bbox 462 1843 2010 1916; baseline 0.001 -19"><span class='ocrx_word' id='word_1_269' title='bbox 462 1843 632 1912; x_wconf 84' lang='lat' dir='ltr'><strong>ipsum</strong></span> <span class='ocrx_word' id='word_1_270' title='bbox 662 1844 801 1901; x_wconf 80' lang='lat' dir='ltr'><strong>facta</strong></span> <span class='ocrx_word' id='word_1_271' title='bbox 842 1855 987 1910; x_wconf 90' lang='lat' dir='ltr'><strong>sunt,</strong></span> <span class='ocrx_word' id='word_1_272' title='bbox 1020 1856 1075 1899; x_wconf 88' lang='lat' dir='ltr'><strong>et</strong></span> <span class='ocrx_word' id='word_1_273' title='bbox 1100 1846 1217 1901; x_wconf 83' lang='lat' dir='ltr'><strong>sine</strong></span> <span class='ocrx_word' id='word_1_274' title='bbox 1251 1848 1365 1916; x_wconf 87' lang='lat' dir='ltr'><strong>ipso</strong></span> <span class='ocrx_word' id='word_1_275' title='bbox 1397 1847 1595 1903; x_wconf 79' lang='lat' dir='ltr'><strong>factum</strong></span> <span class='ocrx_word' id='word_1_276' title='bbox 1626 1857 1708 1903; x_wconf 85' lang='lat' dir='ltr'><strong>est</strong></span> <span class='ocrx_word' id='word_1_277' title='bbox 1741 1848 1872 1901; x_wconf 88' lang='lat' dir='ltr'><strong>nihil</strong></span> <span class='ocrx_word' id='word_1_278' title='bbox 1897 1850 1959 1899; x_wconf 85' lang='lat'><strong>&quot;.</strong></span> <span class='ocrx_word' id='word_1_279' title='bbox 1993 1866 2010 1899; x_wconf 78' lang='grc' dir='ltr'><strong>ι</strong></span> 
     </span>
    </p>
   </div>
   <div class='ocr_carea' id='block_1_32' title="bbox 2114 1841 2803 1916">
    <p class='ocr_par' dir='ltr' id='par_1_32' title="bbox 2116 1841 2803 1910">
     <span class='ocr_line' id='line_1_32' title="bbox 2116 1841 2803 1910; baseline -0.003 -15"><span class='ocrx_word' id='word_1_280' title='bbox 2116 1844 2210 1896; x_wconf 84' lang='grc' dir='ltr'>τοῦ</span> <span class='ocrx_word' id='word_1_281' title='bbox 2241 1844 2455 1910; x_wconf 71' lang='grc' dir='ltr'>ἐγένετο</span> <span class='ocrx_word' id='word_1_282' title='bbox 2481 1841 2602 1895; x_wconf 69' lang='grc' dir='ltr'>οὐδὲ</span> <span class='ocrx_word' id='word_1_283' title='bbox 2628 1842 2705 1893; x_wconf 72' lang='grc' dir='ltr'>ιν.</span> <span class='ocrx_word' id='word_1_284' title='bbox 2802 1848 2803 1851; x_wconf 70' lang='grc'><em>“</em></span> 
     </span>
    </p>
   </div>
   <div class='ocr_carea' id='block_1_33' title="bbox 1118 1957 1350 2015">
    <p class='ocr_par' dir='ltr' id='par_1_33' title="bbox 1118 1957 1350 2015">
     <span class='ocr_line' id='line_1_33' title="bbox 1118 1957 1350 2015; baseline 0.013 -3"><span class='ocrx_word' id='word_1_285' title='bbox 1118 1957 1350 2015; x_wconf 82' lang='lat' dir='ltr'><strong>ALIUD.</strong></span> 
     </span>
    </p>
   </div>
   <div class='ocr_carea' id='block_1_34' title="bbox 828 2070 1643 2139">
    <p class='ocr_par' dir='ltr' id='par_1_34' title="bbox 828 2070 1643 2139">
     <span class='ocr_line' id='line_1_34' title="bbox 828 2070 1643 2139; baseline 0.001 -16"><span class='ocrx_word' id='word_1_286' title='bbox 828 2070 911 2123; x_wconf 71' lang='lat' dir='ltr'><strong>Ex</strong></span> <span class='ocrx_word' id='word_1_287' title='bbox 949 2072 1230 2139; x_wconf 69' lang='lat' dir='ltr'><strong>objections</strong></span> <span class='ocrx_word' id='word_1_288' title='bbox 1256 2074 1643 2127; x_wconf 70' lang='lat' dir='ltr'><strong>Iusretr&#39;corum.</strong></span> 
     </span>
    </p>
   </div>
   <div class='ocr_carea' id='block_1_35' title="bbox 528 2197 2018 2274">
    <p class='ocr_par' dir='ltr' id='par_1_35' title="bbox 528 2197 2018 2274">
     <span class='ocr_line' id='line_1_35' title="bbox 528 2197 2018 2274; baseline 0.005 -22"><span class='ocrx_word' id='word_1_289' title='bbox 528 2197 644 2252; x_wconf 82' lang='lat' dir='ltr'><strong>Non</strong></span> <span class='ocrx_word' id='word_1_290' title='bbox 669 2209 773 2262; x_wconf 90' lang='lat' dir='ltr'><strong>est,</strong></span> <span class='ocrx_word' id='word_1_291' title='bbox 814 2199 1090 2269; x_wconf 87' lang='lat' dir='ltr'><strong>inquiunt,</strong></span> <span class='ocrx_word' id='word_1_292' title='bbox 1128 2200 1381 2257; x_wconf 87' lang='lat' dir='ltr'><strong>Christus</strong></span> <span class='ocrx_word' id='word_1_293' title='bbox 1423 2203 1604 2257; x_wconf 88' lang='lat' dir='ltr'><strong>innata</strong></span> <span class='ocrx_word' id='word_1_294' title='bbox 1630 2213 1790 2274; x_wconf 89' lang='lat' dir='ltr'><strong>atque</strong></span> <span class='ocrx_word' id='word_1_295' title='bbox 1823 2206 2018 2261; x_wconf 59' lang='lat' dir='ltr'><strong>tnexsi.</strong></span> 
     </span>
    </p>
   </div>
   <div class='ocr_carea' id='block_1_36' title="bbox 457 2288 2014 2365">
    <p class='ocr_par' dir='ltr' id='par_1_36' title="bbox 457 2288 2014 2365">
     <span class='ocr_line' id='line_1_36' title="bbox 457 2288 2014 2365; baseline 0.006 -23"><span class='ocrx_word' id='word_1_296' title='bbox 457 2295 609 2343; x_wconf 79' lang='lat' dir='ltr'><strong>alens</strong></span> <span class='ocrx_word' id='word_1_297' title='bbox 629 2288 736 2343; x_wconf 81' lang='lat' dir='ltr'><strong>Deo</strong></span> <span class='ocrx_word' id='word_1_298' title='bbox 762 2291 998 2357; x_wconf 84' lang='lat' dir='ltr'><strong>potentia</strong></span> <span class='ocrx_word' id='word_1_299' title='bbox 1025 2305 1088 2345; x_wconf 85' lang='lat' dir='ltr'><strong>ac</strong></span> <span class='ocrx_word' id='word_1_300' title='bbox 1109 2292 1396 2359; x_wconf 87' lang='lat' dir='ltr'><strong>sapientia,</strong></span> <span class='ocrx_word' id='word_1_301' title='bbox 1429 2296 1522 2347; x_wconf 85' lang='lat' dir='ltr'><strong>sed</strong></span> <span class='ocrx_word' id='word_1_302' title='bbox 1552 2293 1767 2350; x_wconf 82' lang='lat' dir='ltr'><strong>diversa</strong></span> <span class='ocrx_word' id='word_1_303' title='bbox 1796 2297 2014 2365; x_wconf 87' lang='lat' dir='ltr'><strong>quidem</strong></span> 
     </span>
    </p>
   </div>
   <div class='ocr_carea' id='block_1_37' title="bbox 457 2376 2015 2455">
    <p class='ocr_par' dir='ltr' id='par_1_37' title="bbox 457 2376 2015 2455">
     <span class='ocr_line' id='line_1_37' title="bbox 457 2376 2015 2455; baseline 0.006 -22"><span class='ocrx_word' id='word_1_304' title='bbox 457 2385 541 2433; x_wconf 84' lang='lat' dir='ltr'><strong>est</strong></span> <span class='ocrx_word' id='word_1_305' title='bbox 585 2376 697 2442; x_wconf 86' lang='lat' dir='ltr'><strong>Illa,</strong></span> <span class='ocrx_word' id='word_1_306' title='bbox 737 2379 802 2433; x_wconf 87' lang='lat' dir='ltr'><strong>de</strong></span> <span class='ocrx_word' id='word_1_307' title='bbox 847 2394 949 2448; x_wconf 88' lang='lat' dir='ltr'><strong>qua</strong></span> <span class='ocrx_word' id='word_1_308' title='bbox 1000 2379 1201 2436; x_wconf 85' lang='lat' dir='ltr'><strong>Paulus</strong></span> <span class='ocrx_word' id='word_1_309' title='bbox 1230 2382 1405 2449; x_wconf 88' lang='lat' dir='ltr'><strong>inquit</strong></span> <span class='ocrx_word' id='word_1_310' title='bbox 1427 2384 1490 2450; x_wconf 83' lang='lat'><strong>“,</strong></span> <span class='ocrx_word' id='word_1_311' title='bbox 1523 2383 1743 2439; x_wconf 67' lang='lat' dir='ltr'><strong>Eterna</strong></span> <span class='ocrx_word' id='word_1_312' title='bbox 1772 2392 1890 2455; x_wconf 78' lang='lat' dir='ltr'><strong>ejus</strong></span> <span class='ocrx_word' id='word_1_313' title='bbox 1919 2402 2015 2455; x_wconf 88' lang='lat' dir='ltr'><strong>po-</strong></span> 
     </span>
    </p>
   </div>
   <div class='ocr_carea' id='block_1_38' title="bbox 456 2468 2013 2543">
    <p class='ocr_par' dir='ltr' id='par_1_38' title="bbox 456 2468 2013 2543">
     <span class='ocr_line' id='line_1_38' title="bbox 456 2468 2013 2543; baseline 0.008 -22"><span class='ocrx_word' id='word_1_314' title='bbox 456 2468 625 2524; x_wconf 80' lang='lat' dir='ltr'><strong>tentia</strong></span> <span class='ocrx_word' id='word_1_315' title='bbox 668 2476 722 2524; x_wconf 91' lang='lat' dir='ltr'><strong>et</strong></span> <span class='ocrx_word' id='word_1_316' title='bbox 765 2468 940 2525; x_wconf 86' lang='lat' dir='ltr'><strong>deitas</strong></span> <span class='ocrx_word' id='word_1_317' title='bbox 974 2492 985 2525; x_wconf 92' lang='lat'><strong>:</strong></span> <span class='ocrx_word' id='word_1_318' title='bbox 1019 2472 1160 2528; x_wconf 90' lang='lat' dir='ltr'><strong>alius</strong></span> <span class='ocrx_word' id='word_1_319' title='bbox 1204 2487 1333 2527; x_wconf 78' lang='lat' dir='ltr'><strong>vero</strong></span> <span class='ocrx_word' id='word_1_320' title='bbox 1365 2472 1435 2527; x_wconf 92' lang='lat' dir='ltr'><strong>ab</strong></span> <span class='ocrx_word' id='word_1_321' title='bbox 1469 2474 1569 2529; x_wconf 88' lang='lat' dir='ltr'><strong>bac</strong></span> <span class='ocrx_word' id='word_1_322' title='bbox 1617 2484 1700 2529; x_wconf 85' lang='lat' dir='ltr'><strong>est</strong></span> <span class='ocrx_word' id='word_1_323' title='bbox 1744 2474 2013 2543; x_wconf 86' lang='lat' dir='ltr'><strong>Christus,</strong></span> 
     </span>
    </p>
   </div>
   <div class='ocr_carea' id='block_1_39' title="bbox 453 2559 2017 2635">
    <p class='ocr_par' dir='ltr' id='par_1_39' title="bbox 453 2559 2017 2635">
     <span class='ocr_line' id='line_1_39' title="bbox 453 2559 2017 2635; baseline 0.005 -22"><span class='ocrx_word' id='word_1_324' title='bbox 453 2559 680 2629; x_wconf 63' lang='lat' dir='ltr'><strong>alioque</strong></span> <span class='ocrx_word' id='word_1_325' title='bbox 729 2560 910 2616; x_wconf 70' lang='lat' dir='ltr'><strong>multa:</strong></span> <span class='ocrx_word' id='word_1_326' title='bbox 953 2576 1075 2616; x_wconf 89' lang='lat' dir='ltr'><strong>cum</strong></span> <span class='ocrx_word' id='word_1_327' title='bbox 1131 2563 1249 2632; x_wconf 89' lang='lat' dir='ltr'><strong>ipso</strong></span> <span class='ocrx_word' id='word_1_328' title='bbox 1300 2572 1592 2632; x_wconf 78' lang='lat' dir='ltr'><strong>potestates</strong></span> <span class='ocrx_word' id='word_1_329' title='bbox 1637 2575 1691 2620; x_wconf 91' lang='lat' dir='ltr'><strong>et</strong></span> <span class='ocrx_word' id='word_1_330' title='bbox 1739 2566 2017 2635; x_wconf 72' lang='lat' dir='ltr'><strong>sapientia!</strong></span> 
     </span>
    </p>
   </div>
   <div class='ocr_carea' id='block_1_40' title="bbox 458 2648 2015 2725">
    <p class='ocr_par' dir='ltr' id='par_1_40' title="bbox 458 2648 2015 2725">
     <span class='ocr_line' id='line_1_40' title="bbox 458 2648 2015 2725; baseline 0.007 -23"><span class='ocrx_word' id='word_1_331' title='bbox 458 2648 760 2719; x_wconf 65' lang='lat' dir='ltr'><strong>appellata.</strong></span> <span class='ocrx_word' id='word_1_332' title='bbox 796 2650 955 2721; x_wconf 76' lang='lat' dir='ltr'><strong>Atqui</strong></span> <span class='ocrx_word' id='word_1_333' title='bbox 1007 2652 1187 2707; x_wconf 87' lang='lat' dir='ltr'><strong>innata</strong></span> <span class='ocrx_word' id='word_1_334' title='bbox 1234 2669 1299 2709; x_wconf 92' lang='lat' dir='ltr'><strong>ac</strong></span> <span class='ocrx_word' id='word_1_335' title='bbox 1336 2670 1462 2709; x_wconf 88' lang='lat' dir='ltr'><strong>vera</strong></span> <span class='ocrx_word' id='word_1_336' title='bbox 1512 2656 1602 2710; x_wconf 88' lang='lat' dir='ltr'><strong>Dei</strong></span> <span class='ocrx_word' id='word_1_337' title='bbox 1656 2660 1891 2725; x_wconf 84' lang='lat' dir='ltr'><strong>potentia</strong></span> <span class='ocrx_word' id='word_1_338' title='bbox 1932 2670 2015 2716; x_wconf 87' lang='lat' dir='ltr'><strong>est</strong></span> 
     </span>
    </p>
   </div>
   <div class='ocr_carea' id='block_1_41' title="bbox 455 2741 2011 2819">
    <p class='ocr_par' dir='ltr' id='par_1_41' title="bbox 455 2741 2011 2819">
     <span class='ocr_line' id='line_1_41' title="bbox 455 2741 2011 2819; baseline 0.01 -26"><span class='ocrx_word' id='word_1_339' title='bbox 455 2741 691 2795; x_wconf 80' lang='lat' dir='ltr'><strong>creatrix</strong></span> <span class='ocrx_word' id='word_1_340' title='bbox 726 2744 1138 2806; x_wconf 84' lang='lat' dir='ltr'><strong>universorum;</strong></span> <span class='ocrx_word' id='word_1_341' title='bbox 1173 2748 1253 2799; x_wconf 71' lang='lat' dir='ltr'><strong>ha:</strong></span> <span class='ocrx_word' id='word_1_342' title='bbox 1284 2761 1411 2802; x_wconf 89' lang='lat' dir='ltr'><strong>vero</strong></span> <span class='ocrx_word' id='word_1_343' title='bbox 1446 2750 1514 2802; x_wconf 89' lang='lat' dir='ltr'><strong>ab</strong></span> <span class='ocrx_word' id='word_1_344' title='bbox 1542 2751 1651 2819; x_wconf 89' lang='lat' dir='ltr'><strong>ipsa</strong></span> <span class='ocrx_word' id='word_1_345' title='bbox 1682 2751 1839 2806; x_wconf 62' lang='lat' dir='ltr'><strong>facta</strong></span> <span class='ocrx_word' id='word_1_346' title='bbox 1865 2763 2011 2818; x_wconf 88' lang='lat' dir='ltr'><strong>sunt,</strong></span> 
     </span>
    </p>
   </div>
   <div class='ocr_carea' id='block_1_42' title="bbox 458 2831 2014 2911">
    <p class='ocr_par' dir='ltr' id='par_1_42' title="bbox 458 2831 2014 2911">
     <span class='ocr_line' id='line_1_42' title="bbox 458 2831 2014 2911; baseline 0.011 -29"><span class='ocrx_word' id='word_1_347' title='bbox 458 2831 669 2889; x_wconf 81' lang='lat' dir='ltr'><strong>tametsi</strong></span> <span class='ocrx_word' id='word_1_348' title='bbox 720 2832 917 2885; x_wconf 79' lang='lat' dir='ltr'><strong>eximia</strong></span> <span class='ocrx_word' id='word_1_349' title='bbox 970 2834 1215 2900; x_wconf 64' lang='lat' dir='ltr'><strong>quaedam</strong></span> <span class='ocrx_word' id='word_1_350' title='bbox 1263 2836 1354 2890; x_wconf 91' lang='lat' dir='ltr'><strong>Dei</strong></span> <span class='ocrx_word' id='word_1_351' title='bbox 1400 2841 1637 2905; x_wconf 84' lang='lat' dir='ltr'><strong>potentia</strong></span> <span class='ocrx_word' id='word_1_352' title='bbox 1687 2855 1847 2911; x_wconf 81' lang='lat' dir='ltr'><strong>supra</strong></span> <span class='ocrx_word' id='word_1_353' title='bbox 1885 2844 2014 2899; x_wconf 87' lang='lat' dir='ltr'><strong>reli-</strong></span> 
     </span>
    </p>
   </div>
   <div class='ocr_carea' id='block_1_43' title="bbox 460 2922 2014 3004">
    <p class='ocr_par' dir='ltr' id='par_1_43' title="bbox 460 2922 2014 3004">
     <span class='ocr_line' id='line_1_43' title="bbox 460 2922 2014 3004; baseline 0.01 -32"><span class='ocrx_word' id='word_1_354' title='bbox 460 2935 594 2989; x_wconf 91' lang='lat' dir='ltr'><strong>quas</strong></span> <span class='ocrx_word' id='word_1_355' title='bbox 624 2922 694 2975; x_wconf 89' lang='lat' dir='ltr'><strong>sit</strong></span> <span class='ocrx_word' id='word_1_356' title='bbox 731 2922 1001 2988; x_wconf 86' lang='lat' dir='ltr'><strong>Christus,</strong></span> <span class='ocrx_word' id='word_1_357' title='bbox 1038 2924 1239 2980; x_wconf 87' lang='lat' dir='ltr'><strong>idcirco</strong></span> <span class='ocrx_word' id='word_1_358' title='bbox 1270 2924 1409 2981; x_wconf 80' lang='lat' dir='ltr'><strong>facta</strong></span> <span class='ocrx_word' id='word_1_359' title='bbox 1440 2938 1497 2981; x_wconf 92' lang='lat' dir='ltr'><strong>ut</strong></span> <span class='ocrx_word' id='word_1_360' title='bbox 1524 2929 1776 2985; x_wconf 81' lang='lat' dir='ltr'><strong>virtutem</strong></span> <span class='ocrx_word' id='word_1_361' title='bbox 1821 2947 1884 2987; x_wconf 91' lang='lat' dir='ltr'><strong>ac</strong></span> <span class='ocrx_word' id='word_1_362' title='bbox 1918 2950 2014 3004; x_wconf 80' lang='lat' dir='ltr'><strong>po-</strong></span> 
     </span>
    </p>
   </div>
   <div class='ocr_carea' id='block_1_44' title="bbox 453 3008 2009 3088">
    <p class='ocr_par' dir='ltr' id='par_1_44' title="bbox 453 3008 2009 3088">
     <span class='ocr_line' id='line_1_44' title="bbox 453 3008 2009 3088; baseline 0.013 -27"><span class='ocrx_word' id='word_1_363' title='bbox 453 3008 675 3062; x_wconf 85' lang='lat' dir='ltr'><strong>tentiam</strong></span> <span class='ocrx_word' id='word_1_364' title='bbox 711 3011 908 3064; x_wconf 90' lang='lat' dir='ltr'><strong>tribuat</strong></span> <span class='ocrx_word' id='word_1_365' title='bbox 938 3011 1002 3065; x_wconf 87' lang='lat' dir='ltr'><strong>iis</strong></span> <span class='ocrx_word' id='word_1_366' title='bbox 1032 3014 1121 3081; x_wconf 92' lang='lat' dir='ltr'><strong>qui</strong></span> <span class='ocrx_word' id='word_1_367' title='bbox 1152 3028 1212 3067; x_wconf 90' lang='lat' dir='ltr'><strong>ea</strong></span> <span class='ocrx_word' id='word_1_368' title='bbox 1244 3026 1403 3085; x_wconf 86' lang='lat' dir='ltr'><strong>egent</strong></span> <span class='ocrx_word' id='word_1_369' title='bbox 1438 3035 1451 3070; x_wconf 91' lang='lat'><strong>:</strong></span> <span class='ocrx_word' id='word_1_370' title='bbox 1484 3027 1537 3072; x_wconf 90' lang='lat' dir='ltr'><strong>et</strong></span> <span class='ocrx_word' id='word_1_371' title='bbox 1566 3021 1884 3088; x_wconf 85' lang='lat' dir='ltr'><strong>sapientiam</strong></span> <span class='ocrx_word' id='word_1_372' title='bbox 1920 3027 2009 3081; x_wconf 87' lang='lat' dir='ltr'><strong>det</strong></span> 
     </span>
    </p>
   </div>
   <div class='ocr_carea' id='block_1_45' title="bbox 452 3102 2011 3178">
    <p class='ocr_par' dir='ltr' id='par_1_45' title="bbox 452 3102 2011 3178">
     <span class='ocr_line' id='line_1_45' title="bbox 452 3102 2011 3178; baseline 0.011 -25"><span class='ocrx_word' id='word_1_373' title='bbox 452 3114 516 3153; x_wconf 86' lang='lat' dir='ltr'><strong>ea</strong></span> <span class='ocrx_word' id='word_1_374' title='bbox 560 3102 857 3170; x_wconf 89' lang='lat' dir='ltr'><strong>egentibus,</strong></span> <span class='ocrx_word' id='word_1_375' title='bbox 902 3112 1067 3171; x_wconf 88' lang='lat' dir='ltr'><strong>utque</strong></span> <span class='ocrx_word' id='word_1_376' title='bbox 1106 3104 1251 3172; x_wconf 82' lang='lat' dir='ltr'><strong>justa</strong></span> <span class='ocrx_word' id='word_1_377' title='bbox 1301 3106 1494 3161; x_wconf 81' lang='lat' dir='ltr'><strong>eiliciat</strong></span> <span class='ocrx_word' id='word_1_378' title='bbox 1530 3124 1646 3177; x_wconf 68' lang='lat' dir='ltr'><strong>qua:</strong></span> <span class='ocrx_word' id='word_1_379' title='bbox 1673 3110 1878 3178; x_wconf 72' lang='lat' dir='ltr'><strong>iustitia</strong></span> <span class='ocrx_word' id='word_1_380' title='bbox 1921 3131 2011 3171; x_wconf 89' lang='lat' dir='ltr'><strong>ca-</strong></span> 
     </span>
    </p>
   </div>
   <div class='ocr_carea' id='block_1_46' title="bbox 456 3188 2009 3271">
    <p class='ocr_par' dir='ltr' id='par_1_46' title="bbox 456 3188 2009 3271">
     <span class='ocr_line' id='line_1_46' title="bbox 456 3188 2009 3271; baseline 0.014 -30"><span class='ocrx_word' id='word_1_381' title='bbox 456 3196 596 3241; x_wconf 85' lang='lat' dir='ltr'><strong>rent.</strong></span> <span class='ocrx_word' id='word_1_382' title='bbox 634 3188 727 3242; x_wconf 86' lang='lat' dir='ltr'><strong>Est</strong></span> <span class='ocrx_word' id='word_1_383' title='bbox 764 3190 966 3259; x_wconf 85' lang='lat' dir='ltr'><strong>itaque,</strong></span> <span class='ocrx_word' id='word_1_384' title='bbox 997 3191 1169 3256; x_wconf 89' lang='lat' dir='ltr'><strong>aiunt,</strong></span> <span class='ocrx_word' id='word_1_385' title='bbox 1204 3195 1384 3249; x_wconf 89' lang='lat' dir='ltr'><strong>innata</strong></span> <span class='ocrx_word' id='word_1_386' title='bbox 1420 3197 1512 3251; x_wconf 91' lang='lat' dir='ltr'><strong>Dei</strong></span> <span class='ocrx_word' id='word_1_387' title='bbox 1539 3202 1773 3267; x_wconf 88' lang='lat' dir='ltr'><strong>potentia</strong></span> <span class='ocrx_word' id='word_1_388' title='bbox 1808 3204 2009 3271; x_wconf 91' lang='lat' dir='ltr'><strong>princi-</strong></span> 
     </span>
    </p>
   </div>
   <div class='ocr_carea' id='block_1_47' title="bbox 2808 1956 3009 2010">
    <p class='ocr_par' dir='ltr' id='par_1_47' title="bbox 2808 1956 3009 2010">
     <span class='ocr_line' id='line_1_47' title="bbox 2808 1956 3009 2010; baseline 0.015 -3"><span class='ocrx_word' id='word_1_389' title='bbox 2808 1956 3009 2010; x_wconf 70' lang='grc' dir='ltr'><strong>ᾹΛΛο.</strong></span> 
     </span>
    </p>
   </div>
   <div class='ocr_carea' id='block_1_48' title="bbox 2355 2064 3466 2137">
    <p class='ocr_par' dir='ltr' id='par_1_48' title="bbox 2355 2064 3466 2137">
     <span class='ocr_line' id='line_1_48' title="bbox 2355 2064 3466 2137; baseline 0.004 -18"><span class='ocrx_word' id='word_1_390' title='bbox 2355 2065 2451 2131; x_wconf 84' lang='grc' dir='ltr'>Ὠς</span> <span class='ocrx_word' id='word_1_391' title='bbox 2489 2064 2558 2129; x_wconf 71' lang='grc' dir='ltr'><strong>ἐξ</strong></span> <span class='ocrx_word' id='word_1_392' title='bbox 2596 2064 2951 2131; x_wconf 74' lang='grc' dir='ltr'><strong>ἀντιθέσεως</strong></span> <span class='ocrx_word' id='word_1_393' title='bbox 2989 2065 3105 2120; x_wconf 80' lang='grc' dir='ltr'><strong>τῶν</strong></span> <span class='ocrx_word' id='word_1_394' title='bbox 3138 2068 3466 2137; x_wconf 72' lang='grc' dir='ltr'>αἰρετικῶν.</span> 
     </span>
    </p>
   </div>
   <div class='ocr_carea' id='block_1_49' title="bbox 2193 2194 3692 2268">
    <p class='ocr_par' dir='ltr' id='par_1_49' title="bbox 2193 2194 3692 2268">
     <span class='ocr_line' id='line_1_49' title="bbox 2193 2194 3692 2268; baseline 0.005 -21"><span class='ocrx_word' id='word_1_395' title='bbox 2193 2195 2305 2247; x_wconf 76' lang='grc' dir='ltr'><strong>Οὐκ</strong></span> <span class='ocrx_word' id='word_1_396' title='bbox 2336 2194 2471 2260; x_wconf 67' lang='grc' dir='ltr'>ἔστι,</span> <span class='ocrx_word' id='word_1_397' title='bbox 2503 2196 2688 2263; x_wconf 63' lang='grc' dir='ltr'>φασιν,</span> <span class='ocrx_word' id='word_1_398' title='bbox 2715 2197 2743 2248; x_wconf 88' lang='lat'><strong>6</strong></span> <span class='ocrx_word' id='word_1_399' title='bbox 2770 2196 3002 2266; x_wconf 80' lang='grc' dir='ltr'>Χριστὸς</span> <span class='ocrx_word' id='word_1_400' title='bbox 3040 2198 3073 2267; x_wconf 81' lang='grc' dir='ltr'><strong>ή</strong></span> <span class='ocrx_word' id='word_1_401' title='bbox 3126 2197 3365 2268; x_wconf 77' lang='grc' dir='ltr'>ῐμφυτος</span> <span class='ocrx_word' id='word_1_402' title='bbox 3398 2200 3494 2253; x_wconf 76' lang='grc' dir='ltr'>καὶ</span> <span class='ocrx_word' id='word_1_403' title='bbox 3524 2200 3692 2253; x_wconf 61' lang='grc' dir='ltr'>ἐνυπ-</span> 
     </span>
    </p>
   </div>
   <div class='ocr_carea' id='block_1_50' title="bbox 2124 2284 3694 2359">
    <p class='ocr_par' dir='ltr' id='par_1_50' title="bbox 2124 2284 3694 2359">
     <span class='ocr_line' id='line_1_50' title="bbox 2124 2284 3694 2359; baseline 0.002 -20"><span class='ocrx_word' id='word_1_404' title='bbox 2124 2286 2363 2356; x_wconf 83' lang='grc' dir='ltr'>άρχουσα</span> <span class='ocrx_word' id='word_1_405' title='bbox 2396 2285 2473 2354; x_wconf 83' lang='grc' dir='ltr'><strong>τῷ</strong></span> <span class='ocrx_word' id='word_1_406' title='bbox 2498 2284 2615 2355; x_wconf 82' lang='grc' dir='ltr'>Θεῷ</span> <span class='ocrx_word' id='word_1_407' title='bbox 2640 2285 2869 2355; x_wconf 87' lang='grc' dir='ltr'>δύναμις</span> <span class='ocrx_word' id='word_1_408' title='bbox 2915 2287 3007 2338; x_wconf 77' lang='grc' dir='ltr'><strong>καὶ</strong></span> <span class='ocrx_word' id='word_1_409' title='bbox 3047 2286 3224 2355; x_wconf 81' lang='grc' dir='ltr'>σοφία,</span> <span class='ocrx_word' id='word_1_410' title='bbox 3257 2288 3373 2341; x_wconf 74' lang='grc' dir='ltr'>ἀλλ’</span> <span class='ocrx_word' id='word_1_411' title='bbox 3395 2289 3559 2359; x_wconf 65' lang='grc' dir='ltr'>ἑτέρα</span> <span class='ocrx_word' id='word_1_412' title='bbox 3592 2290 3694 2359; x_wconf 63' lang='grc' dir='ltr'>μιν</span> 
     </span>
    </p>
   </div>
   <div class='ocr_carea' id='block_1_51' title="bbox 2122 2370 3691 2447">
    <p class='ocr_par' dir='ltr' id='par_1_51' title="bbox 2122 2370 3691 2447">
     <span class='ocr_line' id='line_1_51' title="bbox 2122 2370 3691 2447; baseline 0.004 -20"><span class='ocrx_word' id='word_1_413' title='bbox 2122 2375 2303 2445; x_wconf 72' lang='grc' dir='ltr'>ἐκείνη</span> <span class='ocrx_word' id='word_1_414' title='bbox 2336 2376 2461 2444; x_wconf 76' lang='grc' dir='ltr'>περὶ</span> <span class='ocrx_word' id='word_1_415' title='bbox 2485 2370 2553 2447; x_wconf 83' lang='grc' dir='ltr'>ἧς</span> <span class='ocrx_word' id='word_1_416' title='bbox 2580 2377 2673 2427; x_wconf 77' lang='grc' dir='ltr'>καὶ</span> <span class='ocrx_word' id='word_1_417' title='bbox 2696 2376 2724 2427; x_wconf 93' lang='lat'><strong>6</strong></span> <span class='ocrx_word' id='word_1_418' title='bbox 2740 2373 2954 2439; x_wconf 85' lang='grc' dir='ltr'>Παῦλός</span> <span class='ocrx_word' id='word_1_419' title='bbox 2984 2392 3168 2445; x_wconf 82' lang='grc' dir='ltr'>φησιν,</span> <span class='ocrx_word' id='word_1_420' title='bbox 3188 2376 3222 2447; x_wconf 67' lang='grc' dir='ltr'>ἢ</span> <span class='ocrx_word' id='word_1_421' title='bbox 3245 2392 3306 2429; x_wconf 81' lang='grc' dir='ltr'>τε</span> <span class='ocrx_word' id='word_1_422' title='bbox 3336 2377 3505 2443; x_wconf 71' lang='grc' dir='ltr'>ἀΐδιος</span> <span class='ocrx_word' id='word_1_423' title='bbox 3526 2377 3691 2434; x_wconf 80' lang='grc' dir='ltr'>αὐτοῦ</span> 
     </span>
    </p>
   </div>
   <div class='ocr_carea' id='block_1_52' title="bbox 2121 2464 3692 2542">
    <p class='ocr_par' dir='ltr' id='par_1_52' title="bbox 2121 2464 3692 2542">
     <span class='ocr_line' id='line_1_52' title="bbox 2121 2464 3692 2542; baseline 0.004 -24"><span class='ocrx_word' id='word_1_424' title='bbox 2121 2466 2349 2536; x_wconf 76' lang='grc' dir='ltr'>δύναμις</span> <span class='ocrx_word' id='word_1_425' title='bbox 2383 2466 2477 2519; x_wconf 82' lang='grc' dir='ltr'><strong>καὶ</strong></span> <span class='ocrx_word' id='word_1_426' title='bbox 2504 2464 2696 2537; x_wconf 78' lang='grc' dir='ltr'>θεότης</span> <span class='ocrx_word' id='word_1_427' title='bbox 2716 2482 2730 2497; x_wconf 83' lang='grc'><em>’</em></span> <span class='ocrx_word' id='word_1_428' title='bbox 2768 2466 2956 2537; x_wconf 78' lang='grc' dir='ltr'>ῑτερος</span> <span class='ocrx_word' id='word_1_429' title='bbox 2992 2468 3049 2521; x_wconf 71' lang='grc' dir='ltr'>δὲ</span> <span class='ocrx_word' id='word_1_430' title='bbox 3097 2470 3226 2539; x_wconf 78' lang='grc' dir='ltr'>παρ’</span> <span class='ocrx_word' id='word_1_431' title='bbox 3256 2468 3474 2541; x_wconf 64' lang='grc' dir='ltr'>εκείνην</span> <span class='ocrx_word' id='word_1_432' title='bbox 3499 2472 3531 2523; x_wconf 93' lang='lat'><strong>6</strong></span> <span class='ocrx_word' id='word_1_433' title='bbox 3553 2472 3692 2542; x_wconf 77' lang='grc' dir='ltr'>Χρι-</span> 
     </span>
    </p>
   </div>
   <div class='ocr_carea' id='block_1_53' title="bbox 2122 2555 3693 2629">
    <p class='ocr_par' dir='ltr' id='par_1_53' title="bbox 2122 2555 3693 2629">
     <span class='ocr_line' id='line_1_53' title="bbox 2122 2555 3693 2629; baseline 0.004 -20"><span class='ocrx_word' id='word_1_434' title='bbox 2122 2556 2273 2618; x_wconf 77' lang='grc' dir='ltr'>στὸς,</span> <span class='ocrx_word' id='word_1_435' title='bbox 2311 2555 2405 2609; x_wconf 79' lang='grc' dir='ltr'>καὶ</span> <span class='ocrx_word' id='word_1_436' title='bbox 2448 2555 2631 2626; x_wconf 70' lang='grc' dir='ltr'>ἕτεραι</span> <span class='ocrx_word' id='word_1_437' title='bbox 2669 2556 2860 2610; x_wconf 79' lang='grc' dir='ltr'>πολλαὶ</span> <span class='ocrx_word' id='word_1_438' title='bbox 2895 2558 2992 2609; x_wconf 77' lang='grc' dir='ltr'>σὺν</span> <span class='ocrx_word' id='word_1_439' title='bbox 3037 2557 3186 2629; x_wconf 83' lang='grc' dir='ltr'>αὒτῷ</span> <span class='ocrx_word' id='word_1_440' title='bbox 3214 2559 3474 2628; x_wconf 83' lang='grc' dir='ltr'>δυνάμεις</span> <span class='ocrx_word' id='word_1_441' title='bbox 3502 2578 3563 2614; x_wconf 78' lang='grc' dir='ltr'>τε</span> <span class='ocrx_word' id='word_1_442' title='bbox 3596 2562 3693 2615; x_wconf 76' lang='grc' dir='ltr'><strong>καὶ</strong></span> 
     </span>
    </p>
   </div>
   <div class='ocr_carea' id='block_1_54' title="bbox 2124 2646 3692 2718">
    <p class='ocr_par' dir='ltr' id='par_1_54' title="bbox 2124 2646 3692 2718">
     <span class='ocr_line' id='line_1_54' title="bbox 2124 2646 3692 2718; baseline 0.004 -20"><span class='ocrx_word' id='word_1_443' title='bbox 2124 2648 2304 2715; x_wconf 79' lang='grc' dir='ltr'><strong>σοφίαι</strong></span> <span class='ocrx_word' id='word_1_444' title='bbox 2348 2646 2694 2716; x_wconf 81' lang='grc' dir='ltr'>καλούμεναι,</span> <span class='ocrx_word' id='word_1_445' title='bbox 2743 2648 2852 2701; x_wconf 81' lang='grc' dir='ltr'><strong>Καὶ</strong></span> <span class='ocrx_word' id='word_1_446' title='bbox 2894 2649 2927 2715; x_wconf 77' lang='grc' dir='ltr'><strong>ή</strong></span> <span class='ocrx_word' id='word_1_447' title='bbox 2966 2647 3064 2717; x_wconf 78' lang='grc' dir='ltr'>μὲν</span> <span class='ocrx_word' id='word_1_448' title='bbox 3111 2649 3349 2718; x_wconf 72' lang='grc' dir='ltr'>ἔμφυτος</span> <span class='ocrx_word' id='word_1_449' title='bbox 3389 2650 3557 2715; x_wconf 74' lang='grc' dir='ltr'>ὅντως</span> <span class='ocrx_word' id='word_1_450' title='bbox 3597 2653 3692 2706; x_wconf 79' lang='grc' dir='ltr'><strong>καὶ</strong></span> 
     </span>
    </p>
   </div>
   <div class='ocr_carea' id='block_1_55' title="bbox 2122 2735 3688 2809">
    <p class='ocr_par' dir='ltr' id='par_1_55' title="bbox 2122 2735 3688 2809">
     <span class='ocr_line' id='line_1_55' title="bbox 2122 2735 3688 2809; baseline 0.003 -20"><span class='ocrx_word' id='word_1_451' title='bbox 2122 2736 2325 2806; x_wconf 77' lang='grc' dir='ltr'>ἀληθὴς</span> <span class='ocrx_word' id='word_1_452' title='bbox 2349 2735 2440 2789; x_wconf 82' lang='grc' dir='ltr'><strong>¹ιοῦ</strong></span> <span class='ocrx_word' id='word_1_453' title='bbox 2470 2735 2605 2789; x_wconf 86' lang='grc' dir='ltr'>Θεοῦ</span> <span class='ocrx_word' id='word_1_454' title='bbox 2638 2737 2890 2806; x_wconf 83' lang='grc' dir='ltr'>δύναμις,</span> <span class='ocrx_word' id='word_1_455' title='bbox 2918 2738 3174 2809; x_wconf 79' lang='grc' dir='ltr'><strong>ποιητικὴ</strong></span> <span class='ocrx_word' id='word_1_456' title='bbox 3207 2740 3315 2792; x_wconf 79' lang='grc' dir='ltr'><strong>τῶν</strong></span> <span class='ocrx_word' id='word_1_457' title='bbox 3346 2740 3483 2794; x_wconf 78' lang='grc' dir='ltr'>ὅλων</span> <span class='ocrx_word' id='word_1_458' title='bbox 3512 2743 3688 2796; x_wconf 67' lang='grc' dir='ltr'>εστίν·</span> 
     </span>
    </p>
   </div>
   <div class='ocr_carea' id='block_1_56' title="bbox 2124 2825 3689 2901">
    <p class='ocr_par' dir='ltr' id='par_1_56' title="bbox 2124 2825 3689 2901">
     <span class='ocr_line' id='line_1_56' title="bbox 2124 2825 3689 2901; baseline 0.004 -22"><span class='ocrx_word' id='word_1_459' title='bbox 2124 2827 2179 2880; x_wconf 88' lang='grc' dir='ltr'><strong>αί</strong></span> <span class='ocrx_word' id='word_1_460' title='bbox 2218 2826 2273 2878; x_wconf 69' lang='grc' dir='ltr'>δὲ</span> <span class='ocrx_word' id='word_1_461' title='bbox 2316 2825 2570 2893; x_wconf 75' lang='grc' dir='ltr'>γεγόνασι</span> <span class='ocrx_word' id='word_1_462' title='bbox 2600 2828 2733 2897; x_wconf 74' lang='grc' dir='ltr'>παρ’</span> <span class='ocrx_word' id='word_1_463' title='bbox 2758 2828 2947 2897; x_wconf 82' lang='grc' dir='ltr'>αὐτῆς,</span> <span class='ocrx_word' id='word_1_464' title='bbox 2974 2829 3021 2881; x_wconf 84' lang='grc' dir='ltr'><strong>εί</strong></span> <span class='ocrx_word' id='word_1_465' title='bbox 3053 2829 3145 2879; x_wconf 89' lang='grc' dir='ltr'><strong>καί</strong></span> <span class='ocrx_word' id='word_1_466' title='bbox 3174 2844 3258 2890; x_wconf 85' lang='grc' dir='ltr'>τις</span> <span class='ocrx_word' id='word_1_467' title='bbox 3293 2827 3572 2901; x_wconf 65' lang='grc' dir='ltr'>ἐξαίρετος</span> <span class='ocrx_word' id='word_1_468' title='bbox 3597 2832 3689 2885; x_wconf 78' lang='grc' dir='ltr'><strong>τοῦ</strong></span> 
     </span>
    </p>
   </div>
   <div class='ocr_carea' id='block_1_57' title="bbox 2121 2914 3691 2991">
    <p class='ocr_par' dir='ltr' id='par_1_57' title="bbox 2121 2914 3691 2991">
     <span class='ocr_line' id='line_1_57' title="bbox 2121 2914 3691 2991; baseline 0.005 -23"><span class='ocrx_word' id='word_1_469' title='bbox 2121 2914 2253 2969; x_wconf 79' lang='grc' dir='ltr'>Θεοῦ</span> <span class='ocrx_word' id='word_1_470' title='bbox 2279 2916 2506 2985; x_wconf 86' lang='grc' dir='ltr'>δύναμις</span> <span class='ocrx_word' id='word_1_471' title='bbox 2536 2918 2685 2985; x_wconf 83' lang='grc' dir='ltr'>παρὰ</span> <span class='ocrx_word' id='word_1_472' title='bbox 2735 2918 2830 2981; x_wconf 80' lang='grc' dir='ltr'><strong>τὰς</strong></span> <span class='ocrx_word' id='word_1_473' title='bbox 2873 2919 3032 2983; x_wconf 68' lang='grc' dir='ltr'>ἄλλας</span> <span class='ocrx_word' id='word_1_474' title='bbox 3063 2919 3295 2991; x_wconf 77' lang='grc' dir='ltr'><strong>ὑπάρχει</strong></span> <span class='ocrx_word' id='word_1_475' title='bbox 3332 2922 3583 2991; x_wconf 76' lang='grc' dir='ltr'>Χριστὸς,</span> <span class='ocrx_word' id='word_1_476' title='bbox 3611 2925 3691 2986; x_wconf 80' lang='grc' dir='ltr'><strong>είς</strong></span> 
     </span>
    </p>
   </div>
   <div class='ocr_carea' id='block_1_58' title="bbox 2120 3005 3687 3083">
    <p class='ocr_par' dir='ltr' id='par_1_58' title="bbox 2120 3005 3687 3083">
     <span class='ocr_line' id='line_1_58' title="bbox 2120 3005 3687 3083; baseline 0.006 -25"><span class='ocrx_word' id='word_1_477' title='bbox 2120 3005 2276 3058; x_wconf 82' lang='grc' dir='ltr'>τοῦτο</span> <span class='ocrx_word' id='word_1_478' title='bbox 2292 3006 2576 3076; x_wconf 80' lang='grc' dir='ltr'>γενομένη,</span> <span class='ocrx_word' id='word_1_479' title='bbox 2600 3008 2685 3059; x_wconf 81' lang='grc' dir='ltr'>ἵνα</span> <span class='ocrx_word' id='word_1_480' title='bbox 2706 3007 2993 3078; x_wconf 77' lang='grc' dir='ltr'>δυναμώσῃ</span> <span class='ocrx_word' id='word_1_481' title='bbox 3016 3011 3083 3064; x_wconf 85' lang='grc' dir='ltr'><strong>τὰ</strong></span> <span class='ocrx_word' id='word_1_482' title='bbox 3098 3011 3377 3081; x_wconf 80' lang='grc' dir='ltr'>δυνάμεως</span> <span class='ocrx_word' id='word_1_483' title='bbox 3395 3012 3687 3083; x_wconf 76' lang='grc' dir='ltr'><strong>χρῄζοντα·</strong></span> 
     </span>
    </p>
   </div>
   <div class='ocr_carea' id='block_1_59' title="bbox 2120 3096 3690 3179">
    <p class='ocr_par' dir='ltr' id='par_1_59' title="bbox 2120 3096 3690 3179">
     <span class='ocr_line' id='line_1_59' title="bbox 2120 3096 3690 3179; baseline 0.008 -31"><span class='ocrx_word' id='word_1_484' title='bbox 2120 3096 2206 3149; x_wconf 76' lang='grc' dir='ltr'><strong>ἵνα</strong></span> <span class='ocrx_word' id='word_1_485' title='bbox 2254 3096 2469 3166; x_wconf 73' lang='grc' dir='ltr'>σοφώσῃ</span> <span class='ocrx_word' id='word_1_486' title='bbox 2504 3099 2573 3150; x_wconf 83' lang='grc' dir='ltr'><strong>τὰ</strong></span> <span class='ocrx_word' id='word_1_487' title='bbox 2597 3099 2825 3169; x_wconf 84' lang='grc' dir='ltr'>δεόμενα</span> <span class='ocrx_word' id='word_1_488' title='bbox 2876 3101 3165 3171; x_wconf 64' lang='grc' dir='ltr'>σοφισμοῦι</span> <span class='ocrx_word' id='word_1_489' title='bbox 3194 3104 3281 3156; x_wconf 76' lang='grc' dir='ltr'>ἵνα</span> <span class='ocrx_word' id='word_1_490' title='bbox 3321 3104 3587 3179; x_wconf 77' lang='grc' dir='ltr'>δικαιώσῃ</span> <span class='ocrx_word' id='word_1_491' title='bbox 3624 3108 3690 3160; x_wconf 77' lang='grc' dir='ltr'><strong>τὰ</strong></span> 
     </span>
    </p>
   </div>
   <div class='ocr_carea' id='block_1_60' title="bbox 2120 3186 3689 3267">
    <p class='ocr_par' dir='ltr' id='par_1_60' title="bbox 2120 3186 3689 3267">
     <span class='ocr_line' id='line_1_60' title="bbox 2120 3186 3689 3267; baseline 0.007 -28"><span class='ocrx_word' id='word_1_492' title='bbox 2120 3186 2461 3256; x_wconf 86' lang='grc' dir='ltr'>δικαιοσύνην</span> <span class='ocrx_word' id='word_1_493' title='bbox 2499 3189 2597 3241; x_wconf 79' lang='grc' dir='ltr'><strong>οὐκ</strong></span> <span class='ocrx_word' id='word_1_494' title='bbox 2652 3188 2860 3259; x_wconf 66' lang='grc' dir='ltr'>ἔχοντα.</span> <span class='ocrx_word' id='word_1_495' title='bbox 2884 3190 3071 3244; x_wconf 77' lang='grc' dir='ltr'>Ἔστιν</span> <span class='ocrx_word' id='word_1_496' title='bbox 3110 3188 3222 3257; x_wconf 84' lang='grc' dir='ltr'>οὖν,</span> <span class='ocrx_word' id='word_1_497' title='bbox 3274 3196 3460 3263; x_wconf 78' lang='grc' dir='ltr'>φησὶν,</span> <span class='ocrx_word' id='word_1_498' title='bbox 3505 3199 3539 3267; x_wconf 62' lang='lat' dir='ltr'><strong>ﬂ</strong></span> <span class='ocrx_word' id='word_1_499' title='bbox 3592 3199 3689 3267; x_wconf 79' lang='grc' dir='ltr'>μὲν</span> 
     </span>
    </p>
   </div>
   <div class='ocr_carea' id='block_1_61' title="bbox 452 3250 2010 3354">
    <p class='ocr_par' dir='ltr' id='par_1_61' title="bbox 452 3250 2010 3352">
     <span class='ocr_line' id='line_1_61' title="bbox 452 3250 2010 3352; baseline 0.014 -23"><span class='ocrx_word' id='word_1_500' title='bbox 452 3278 540 3345; x_wconf 92' lang='lat' dir='ltr'><strong>pio</strong></span> <span class='ocrx_word' id='word_1_501' title='bbox 562 3292 753 3334; x_wconf 87' lang='lat' dir='ltr'><strong>carens</strong></span> <span class='ocrx_word' id='word_1_502' title='bbox 785 3288 839 3333; x_wconf 90' lang='lat' dir='ltr'><strong>et</strong></span> <span class='ocrx_word' id='word_1_503' title='bbox 865 3295 969 3335; x_wconf 91' lang='lat' dir='ltr'><strong>non</strong></span> <span class='ocrx_word' id='word_1_504' title='bbox 1002 3281 1165 3349; x_wconf 78' lang='lat' dir='ltr'><strong>facta,</strong></span> <span class='ocrx_word' id='word_1_505' title='bbox 1194 3284 1261 3338; x_wconf 88' lang='lat' dir='ltr'><strong>ab</strong></span> <span class='ocrx_word' id='word_1_506' title='bbox 1284 3295 1485 3343; x_wconf 63' lang='lat' dir='ltr'><strong>aterno</strong></span> <span class='ocrx_word' id='word_1_507' title='bbox 1522 3250 1573 3343; x_wconf 66' lang='lat' dir='ltr'><strong>in</strong></span> <span class='ocrx_word' id='word_1_508' title='bbox 1600 3288 1782 3346; x_wconf 84' lang='lat' dir='ltr'><strong>Patre.</strong></span> <span class='ocrx_word' id='word_1_509' title='bbox 1808 3250 2010 3352; x_wconf 44' lang='lat' dir='ltr'><strong>Pactus</strong></span> 
     </span>
    </p>
   </div>
   <div class='ocr_carea' id='block_1_62' title="bbox 2114 3250 3684 3354">
    <p class='ocr_par' dir='ltr' id='par_1_62' title="bbox 2116 3250 3684 3354">
     <span class='ocr_line' id='line_1_62' title="bbox 2116 3250 3684 3354; baseline 0.009 -27"><span class='ocrx_word' id='word_1_510' title='bbox 2116 3275 2356 3345; x_wconf 76' lang='grc' dir='ltr'>ἔμφυτος</span> <span class='ocrx_word' id='word_1_511' title='bbox 2382 3250 2475 3329; x_wconf 80' lang='grc' dir='ltr'>τοῦ</span> <span class='ocrx_word' id='word_1_512' title='bbox 2506 3276 2641 3330; x_wconf 86' lang='grc' dir='ltr'>Θεοῦ</span> <span class='ocrx_word' id='word_1_513' title='bbox 2673 3250 2900 3349; x_wconf 72' lang='grc' dir='ltr'>δύναμις</span> <span class='ocrx_word' id='word_1_514' title='bbox 2928 3280 3161 3353; x_wconf 73' lang='grc' dir='ltr'>ἄναρχός</span> <span class='ocrx_word' id='word_1_515' title='bbox 3182 3250 3241 3334; x_wconf 61' lang='grc' dir='ltr'>σεε</span> <span class='ocrx_word' id='word_1_516' title='bbox 3272 3250 3367 3335; x_wconf 64' lang='grc' dir='ltr'><strong>ὲσίι</strong></span> <span class='ocrx_word' id='word_1_517' title='bbox 3398 3250 3684 3354; x_wconf 33' lang='lat' dir='ltr'><strong>avid-1160c,</strong></span> 
     </span>
    </p>
   </div>
   <div class='ocr_carea' id='block_1_63' title="bbox 450 3369 2010 3439">
    <p class='ocr_par' dir='ltr' id='par_1_63' title="bbox 450 3369 2010 3439">
     <span class='ocr_line' id='line_1_63' title="bbox 450 3369 2010 3439; baseline 0.012 -19"><span class='ocrx_word' id='word_1_518' title='bbox 450 3376 533 3422; x_wconf 88' lang='lat' dir='ltr'><strong>est</strong></span> <span class='ocrx_word' id='word_1_519' title='bbox 567 3376 742 3422; x_wconf 85' lang='lat' dir='ltr'><strong>autem</strong></span> <span class='ocrx_word' id='word_1_520' title='bbox 775 3369 1027 3427; x_wconf 86' lang='lat' dir='ltr'><strong>Christus</strong></span> <span class='ocrx_word' id='word_1_521' title='bbox 1070 3374 1227 3430; x_wconf 90' lang='lat' dir='ltr'><strong>dictis</strong></span> <span class='ocrx_word' id='word_1_522' title='bbox 1260 3376 1325 3431; x_wconf 79' lang='lat' dir='ltr'><strong>de</strong></span> <span class='ocrx_word' id='word_1_523' title='bbox 1368 3381 1564 3434; x_wconf 87' lang='lat' dir='ltr'><strong>causis.</strong></span> <span class='ocrx_word' id='word_1_524' title='bbox 1616 3381 1671 3435; x_wconf 87' lang='lat' dir='ltr'><strong>Si</strong></span> <span class='ocrx_word' id='word_1_525' title='bbox 1709 3398 1838 3439; x_wconf 91' lang='lat' dir='ltr'><strong>vero</strong></span> <span class='ocrx_word' id='word_1_526' title='bbox 1872 3399 2010 3439; x_wconf 90' lang='lat' dir='ltr'><strong>non-</strong></span> 
     </span>
    </p>
   </div>
   <div class='ocr_carea' id='block_1_64' title="bbox 454 3456 2009 3532">
    <p class='ocr_par' dir='ltr' id='par_1_64' title="bbox 454 3456 2009 3532">
     <span class='ocr_line' id='line_1_64' title="bbox 454 3456 2009 3532; baseline 0.013 -23"><span class='ocrx_word' id='word_1_527' title='bbox 454 3456 585 3510; x_wconf 93' lang='lat' dir='ltr'><strong>nulli</strong></span> <span class='ocrx_word' id='word_1_528' title='bbox 618 3458 933 3515; x_wconf 81' lang='lat' dir='ltr'><strong>existimant</strong></span> <span class='ocrx_word' id='word_1_529' title='bbox 966 3458 1240 3516; x_wconf 87' lang='lat' dir='ltr'><strong>Christum</strong></span> <span class='ocrx_word' id='word_1_530' title='bbox 1274 3464 1447 3532; x_wconf 88' lang='lat' dir='ltr'><strong>ipsum</strong></span> <span class='ocrx_word' id='word_1_531' title='bbox 1478 3482 1601 3524; x_wconf 80' lang='lat' dir='ltr'><strong>esse</strong></span> <span class='ocrx_word' id='word_1_532' title='bbox 1641 3471 1886 3527; x_wconf 90' lang='lat' dir='ltr'><strong>innatam</strong></span> <span class='ocrx_word' id='word_1_533' title='bbox 1917 3475 2009 3529; x_wconf 90' lang='lat' dir='ltr'><strong>Dei</strong></span> 
     </span>
    </p>
   </div>
   <div class='ocr_carea' id='block_1_65' title="bbox 451 3548 2008 3633">
    <p class='ocr_par' dir='ltr' id='par_1_65' title="bbox 451 3548 2008 3633">
     <span class='ocr_line' id='line_1_65' title="bbox 451 3548 2008 3633; baseline 0.012 -33"><span class='ocrx_word' id='word_1_534' title='bbox 451 3548 771 3613; x_wconf 87' lang='lat' dir='ltr'><strong>potentiam,</strong></span> <span class='ocrx_word' id='word_1_535' title='bbox 803 3550 926 3619; x_wconf 85' lang='lat' dir='ltr'><strong>quia</strong></span> <span class='ocrx_word' id='word_1_536' title='bbox 952 3549 1151 3607; x_wconf 86' lang='lat' dir='ltr'><strong>Paulus</strong></span> <span class='ocrx_word' id='word_1_537' title='bbox 1175 3556 1367 3610; x_wconf 89' lang='lat' dir='ltr'><strong>scribit</strong></span> <span class='ocrx_word' id='word_1_538' title='bbox 1396 3571 1413 3610; x_wconf 90' lang='lat'><strong>:</strong></span> <span class='ocrx_word' id='word_1_539' title='bbox 1446 3575 1466 3609; x_wconf 73' lang='grc' dir='ltr'><strong>ι</strong></span> <span class='ocrx_word' id='word_1_540' title='bbox 1496 3558 1744 3617; x_wconf 86' lang='lat' dir='ltr'><strong>Christus</strong></span> <span class='ocrx_word' id='word_1_541' title='bbox 1769 3567 2008 3633; x_wconf 88' lang='lat' dir='ltr'><strong>putentia</strong></span> 
     </span>
    </p>
   </div>
   <div class='ocr_carea' id='block_1_66' title="bbox 453 3634 2011 3713">
    <p class='ocr_par' dir='ltr' id='par_1_66' title="bbox 453 3634 2011 3713">
     <span class='ocr_line' id='line_1_66' title="bbox 453 3634 2011 3713; baseline 0.013 -25"><span class='ocrx_word' id='word_1_542' title='bbox 453 3634 569 3700; x_wconf 91' lang='lat' dir='ltr'><strong>Dei,</strong></span> <span class='ocrx_word' id='word_1_543' title='bbox 611 3646 665 3690; x_wconf 88' lang='lat' dir='ltr'><strong>et</strong></span> <span class='ocrx_word' id='word_1_544' title='bbox 718 3637 981 3707; x_wconf 85' lang='lat' dir='ltr'><strong>sapientia</strong></span> <span class='ocrx_word' id='word_1_545' title='bbox 1024 3640 1118 3695; x_wconf 90' lang='lat' dir='ltr'><strong>Dei</strong></span> <span class='ocrx_word' id='word_1_546' title='bbox 1143 3642 1185 3674; x_wconf 86' lang='lat'><strong><em>“</em></strong></span> <span class='ocrx_word' id='word_1_547' title='bbox 1218 3659 1233 3697; x_wconf 89' lang='lat'><strong>:</strong></span> <span class='ocrx_word' id='word_1_548' title='bbox 1269 3662 1288 3695; x_wconf 73' lang='grc' dir='ltr'><strong>ι</strong></span> <span class='ocrx_word' id='word_1_549' title='bbox 1321 3645 1447 3713; x_wconf 92' lang='lat' dir='ltr'><strong>quid</strong></span> <span class='ocrx_word' id='word_1_550' title='bbox 1504 3648 1683 3703; x_wconf 90' lang='lat' dir='ltr'><strong>dicent</strong></span> <span class='ocrx_word' id='word_1_551' title='bbox 1729 3652 2011 3709; x_wconf 83' lang='lat' dir='ltr'><strong>audientes</strong></span> 
     </span>
    </p>
   </div>
   <div class='ocr_carea' id='block_1_67' title="bbox 453 3722 2008 3811">
    <p class='ocr_par' dir='ltr' id='par_1_67' title="bbox 453 3722 2008 3811">
     <span class='ocr_line' id='line_1_67' title="bbox 453 3722 2008 3811; baseline 0.013 -34"><span class='ocrx_word' id='word_1_552' title='bbox 453 3722 616 3778; x_wconf 90' lang='lat' dir='ltr'><strong>Deum</strong></span> <span class='ocrx_word' id='word_1_553' title='bbox 672 3724 935 3782; x_wconf 87' lang='lat' dir='ltr'><strong>dicentem</strong></span> <span class='ocrx_word' id='word_1_554' title='bbox 987 3730 1055 3783; x_wconf 91' lang='lat' dir='ltr'><strong>de</strong></span> <span class='ocrx_word' id='word_1_555' title='bbox 1100 3745 1262 3786; x_wconf 83' lang='lat' dir='ltr'><strong>eruca</strong></span> <span class='ocrx_word' id='word_1_556' title='bbox 1305 3752 1319 3787; x_wconf 92' lang='lat'><strong>:</strong></span> <span class='ocrx_word' id='word_1_557' title='bbox 1360 3752 1378 3785; x_wconf 77' lang='grc' dir='ltr'><strong>ι</strong></span> <span class='ocrx_word' id='word_1_558' title='bbox 1410 3733 1653 3792; x_wconf 90' lang='lat' dir='ltr'><strong>Potentia</strong></span> <span class='ocrx_word' id='word_1_559' title='bbox 1690 3740 1854 3811; x_wconf 73' lang='lat'><strong>178</strong></span> <span class='ocrx_word' id='word_1_560' title='bbox 1893 3758 2008 3797; x_wconf 87' lang='lat' dir='ltr'><strong>mea</strong></span> 
     </span>
    </p>
   </div>
   <div class='ocr_carea' id='block_1_68' title="bbox 449 3814 2009 3888">
    <p class='ocr_par' dir='ltr' id='par_1_68' title="bbox 449 3814 2009 3888">
     <span class='ocr_line' id='line_1_68' title="bbox 449 3814 2009 3888; baseline 0.013 -23"><span class='ocrx_word' id='word_1_561' title='bbox 449 3826 639 3883; x_wconf 87' lang='lat' dir='ltr'><strong>magna</strong></span> <span class='ocrx_word' id='word_1_562' title='bbox 668 3814 751 3868; x_wconf 77' lang='lat' dir='ltr'><strong>&quot;‘i</strong></span> <span class='ocrx_word' id='word_1_563' title='bbox 780 3833 798 3866; x_wconf 75' lang='grc' dir='ltr'><strong>ι</strong></span> <span class='ocrx_word' id='word_1_564' title='bbox 832 3816 939 3871; x_wconf 79' lang='lat' dir='ltr'><strong>Aut</strong></span> <span class='ocrx_word' id='word_1_565' title='bbox 968 3820 1096 3888; x_wconf 91' lang='lat' dir='ltr'><strong>quid</strong></span> <span class='ocrx_word' id='word_1_566' title='bbox 1128 3819 1348 3888; x_wconf 77' lang='lat' dir='ltr'><strong>facient,</strong></span> <span class='ocrx_word' id='word_1_567' title='bbox 1392 3839 1512 3879; x_wconf 90' lang='lat' dir='ltr'><strong>cum</strong></span> <span class='ocrx_word' id='word_1_568' title='bbox 1543 3827 1825 3884; x_wconf 87' lang='lat' dir='ltr'><strong>Psalmista</strong></span> <span class='ocrx_word' id='word_1_569' title='bbox 1875 3833 2009 3885; x_wconf 89' lang='lat' dir='ltr'><strong>mul-</strong></span> 
     </span>
    </p>
   </div>
   <div class='ocr_carea' id='block_1_69' title="bbox 449 3902 2009 3982">
    <p class='ocr_par' dir='ltr' id='par_1_69' title="bbox 449 3902 2009 3982">
     <span class='ocr_line' id='line_1_69' title="bbox 449 3902 2009 3982; baseline 0.013 -26"><span class='ocrx_word' id='word_1_570' title='bbox 449 3909 535 3958; x_wconf 87' lang='lat' dir='ltr'><strong>tas</strong></span> <span class='ocrx_word' id='word_1_571' title='bbox 571 3902 667 3961; x_wconf 88' lang='lat' dir='ltr'><strong>Dei</strong></span> <span class='ocrx_word' id='word_1_572' title='bbox 703 3906 929 3963; x_wconf 80' lang='lat' dir='ltr'><strong>virtutes</strong></span> <span class='ocrx_word' id='word_1_573' title='bbox 961 3924 1024 3964; x_wconf 87' lang='lat' dir='ltr'><strong>ac</strong></span> <span class='ocrx_word' id='word_1_574' title='bbox 1051 3914 1318 3977; x_wconf 84' lang='lat' dir='ltr'><strong>potentias</strong></span> <span class='ocrx_word' id='word_1_575' title='bbox 1347 3925 1570 3982; x_wconf 88' lang='lat' dir='ltr'><strong>statuat,</strong></span> <span class='ocrx_word' id='word_1_576' title='bbox 1600 3919 1786 3974; x_wconf 87' lang='lat' dir='ltr'><strong>dicens</strong></span> <span class='ocrx_word' id='word_1_577' title='bbox 1814 3937 1826 3973; x_wconf 91' lang='lat'>:</span> <span class='ocrx_word' id='word_1_578' title='bbox 1863 3940 1881 3973; x_wconf 82' lang='grc' dir='ltr'><strong>ι</strong></span> <span class='ocrx_word' id='word_1_579' title='bbox 1912 3921 2009 3977; x_wconf 87' lang='grc' dir='ltr'><strong>Βε-</strong></span> 
     </span>
    </p>
   </div>
   <div class='ocr_carea' id='block_1_70' title="bbox 448 3992 1721 4072">
    <p class='ocr_par' dir='ltr' id='par_1_70' title="bbox 448 3992 1721 4072">
     <span class='ocr_line' id='line_1_70' title="bbox 448 3992 1721 4072; baseline 0.009 -27"><span class='ocrx_word' id='word_1_580' title='bbox 448 3992 681 4050; x_wconf 88' lang='lat' dir='ltr'><strong>nedicite</strong></span> <span class='ocrx_word' id='word_1_581' title='bbox 712 3996 899 4063; x_wconf 89' lang='lat' dir='ltr'><strong>Deum,</strong></span> <span class='ocrx_word' id='word_1_582' title='bbox 938 4014 1127 4054; x_wconf 85' lang='lat' dir='ltr'><strong>omnes</strong></span> <span class='ocrx_word' id='word_1_583' title='bbox 1158 4004 1416 4070; x_wconf 78' lang='lat' dir='ltr'><strong>potentia:</strong></span> <span class='ocrx_word' id='word_1_584' title='bbox 1445 4003 1558 4072; x_wconf 73' lang='lat' dir='ltr'><strong>eius</strong></span> <span class='ocrx_word' id='word_1_585' title='bbox 1584 4007 1624 4037; x_wconf 83' lang='grc'><strong>¹⁹</strong></span> <span class='ocrx_word' id='word_1_586' title='bbox 1650 4007 1673 4057; x_wconf 68' lang='grc'><em>2</em></span> <span class='ocrx_word' id='word_1_587' title='bbox 1704 4025 1721 4056; x_wconf 76' lang='grc' dir='ltr'><strong>ι</strong></span> 
     </span>
    </p>
   </div>
   <div class='ocr_carea' id='block_1_71' title="bbox 951 4196 1499 4268">
    <p class='ocr_par' dir='ltr' id='par_1_71' title="bbox 951 4196 1499 4268">
     <span class='ocr_line' id='line_1_71' title="bbox 951 4196 1499 4268; baseline 0.004 -15"><span class='ocrx_word' id='word_1_588' title='bbox 951 4196 1154 4254; x_wconf 68' lang='lat' dir='ltr'><strong>Solatia</strong></span> <span class='ocrx_word' id='word_1_589' title='bbox 1178 4200 1499 4268; x_wconf 81' lang='lat' dir='ltr'><strong>objectionis.</strong></span> 
     </span>
    </p>
   </div>
   <div class='ocr_carea' id='block_1_72' title="bbox 517 4307 2009 4384">
    <p class='ocr_par' dir='ltr' id='par_1_72' title="bbox 517 4307 2009 4384">
     <span class='ocr_line' id='line_1_72' title="bbox 517 4307 2009 4384; baseline 0.006 -20"><span class='ocrx_word' id='word_1_590' title='bbox 517 4307 576 4364; x_wconf 87' lang='lat' dir='ltr'><strong>Si</strong></span> <span class='ocrx_word' id='word_1_591' title='bbox 619 4309 820 4365; x_wconf 84' lang='lat' dir='ltr'><strong>idcirco</strong></span> <span class='ocrx_word' id='word_1_592' title='bbox 865 4309 1044 4366; x_wconf 83' lang='lat' dir='ltr'><strong>factus</strong></span> <span class='ocrx_word' id='word_1_593' title='bbox 1090 4320 1174 4367; x_wconf 82' lang='lat' dir='ltr'><strong>est</strong></span> <span class='ocrx_word' id='word_1_594' title='bbox 1204 4311 1474 4379; x_wconf 90' lang='lat' dir='ltr'><strong>Christus,</strong></span> <span class='ocrx_word' id='word_1_595' title='bbox 1508 4322 1566 4368; x_wconf 91' lang='lat' dir='ltr'><strong>ut</strong></span> <span class='ocrx_word' id='word_1_596' title='bbox 1591 4314 1881 4384; x_wconf 88' lang='lat' dir='ltr'><strong>justitiam,</strong></span> <span class='ocrx_word' id='word_1_597' title='bbox 1920 4334 2009 4373; x_wconf 79' lang='lat' dir='ltr'><strong>sa-</strong></span> 
     </span>
    </p>
   </div>
   <div class='ocr_carea' id='block_1_73' title="bbox 446 4400 2005 4479">
    <p class='ocr_par' dir='ltr' id='par_1_73' title="bbox 446 4400 2005 4479">
     <span class='ocr_line' id='line_1_73' title="bbox 446 4400 2005 4479; baseline 0.006 -25"><span class='ocrx_word' id='word_1_598' title='bbox 446 4400 727 4470; x_wconf 84' lang='lat' dir='ltr'><strong>pientiam,</strong></span> <span class='ocrx_word' id='word_1_599' title='bbox 765 4401 1017 4457; x_wconf 87' lang='lat' dir='ltr'><strong>virtutem</strong></span> <span class='ocrx_word' id='word_1_600' title='bbox 1055 4403 1171 4458; x_wconf 84' lang='lat' dir='ltr'><strong>sive</strong></span> <span class='ocrx_word' id='word_1_601' title='bbox 1200 4405 1493 4473; x_wconf 89' lang='lat' dir='ltr'><strong>potentiam</strong></span> <span class='ocrx_word' id='word_1_602' title='bbox 1528 4405 1790 4476; x_wconf 71' lang='lat' dir='ltr'><strong>largiatur</strong></span> <span class='ocrx_word' id='word_1_603' title='bbox 1820 4409 1886 4463; x_wconf 88' lang='lat' dir='ltr'><strong>iis</strong></span> <span class='ocrx_word' id='word_1_604' title='bbox 1912 4410 2005 4479; x_wconf 90' lang='lat' dir='ltr'><strong>qui</strong></span> 
     </span>
    </p>
   </div>
   <div class='ocr_carea' id='block_1_74' title="bbox 445 4490 2009 4565">
    <p class='ocr_par' dir='ltr' id='par_1_74' title="bbox 445 4490 2009 4565">
     <span class='ocr_line' id='line_1_74' title="bbox 445 4490 2009 4565; baseline 0.004 -18"><span class='ocrx_word' id='word_1_605' title='bbox 445 4490 683 4563; x_wconf 83' lang='lat' dir='ltr'><strong>indigent</strong></span> <span class='ocrx_word' id='word_1_606' title='bbox 712 4510 725 4547; x_wconf 87' lang='lat'><strong>:</strong></span> <span class='ocrx_word' id='word_1_607' title='bbox 759 4506 854 4547; x_wconf 87' lang='lat' dir='ltr'><strong>nos</strong></span> <span class='ocrx_word' id='word_1_608' title='bbox 888 4507 1017 4565; x_wconf 86' lang='lat' dir='ltr'><strong>ergo</strong></span> <span class='ocrx_word' id='word_1_609' title='bbox 1078 4509 1241 4550; x_wconf 87' lang='lat' dir='ltr'><strong>causa</strong></span> <span class='ocrx_word' id='word_1_610' title='bbox 1314 4509 1503 4551; x_wconf 89' lang='lat' dir='ltr'><strong>sumus</strong></span> <span class='ocrx_word' id='word_1_611' title='bbox 1546 4511 1641 4551; x_wconf 87' lang='lat' dir='ltr'><strong>cur</strong></span> <span class='ocrx_word' id='word_1_612' title='bbox 1688 4498 1799 4564; x_wconf 86' lang='lat' dir='ltr'><strong>ipse</strong></span> <span class='ocrx_word' id='word_1_613' title='bbox 1832 4498 2009 4554; x_wconf 80' lang='lat' dir='ltr'><strong>factus</strong></span> 
     </span>
    </p>
   </div>
   <div class='ocr_carea' id='block_1_75' title="bbox 2114 3364 3687 3446">
    <p class='ocr_par' dir='ltr' id='par_1_75' title="bbox 2114 3364 3687 3446">
     <span class='ocr_line' id='line_1_75' title="bbox 2114 3364 3687 3446; baseline 0.006 -29"><span class='ocrx_word' id='word_1_614' title='bbox 2114 3364 2294 3426; x_wconf 82' lang='grc' dir='ltr'>ἁῖδίως</span> <span class='ocrx_word' id='word_1_615' title='bbox 2322 3366 2381 3417; x_wconf 73' lang='grc' dir='ltr'><strong>εν</strong></span> <span class='ocrx_word' id='word_1_616' title='bbox 2411 3366 2604 3436; x_wconf 85' lang='grc' dir='ltr'>Πατρί.</span> <span class='ocrx_word' id='word_1_617' title='bbox 2641 3366 2833 3434; x_wconf 69' lang='grc' dir='ltr'>Γέγονε</span> <span class='ocrx_word' id='word_1_618' title='bbox 2862 3366 2917 3421; x_wconf 74' lang='grc' dir='ltr'>δὲ</span> <span class='ocrx_word' id='word_1_619' title='bbox 2948 3370 2977 3421; x_wconf 89' lang='grc'><strong>6</strong></span> <span class='ocrx_word' id='word_1_620' title='bbox 3010 3368 3242 3441; x_wconf 83' lang='grc' dir='ltr'>Χριστὸς</span> <span class='ocrx_word' id='word_1_621' title='bbox 3271 3372 3363 3425; x_wconf 71' lang='grc' dir='ltr'><strong>ἐπὶ</strong></span> <span class='ocrx_word' id='word_1_622' title='bbox 3390 3376 3509 3436; x_wconf 77' lang='grc' dir='ltr'><strong>ταῖς</strong></span> <span class='ocrx_word' id='word_1_623' title='bbox 3536 3376 3687 3446; x_wconf 71' lang='grc' dir='ltr'>εἰρη-</span> 
     </span>
    </p>
   </div>
   <div class='ocr_carea' id='block_1_76' title="bbox 2116 3452 3689 3523">
    <p class='ocr_par' dir='ltr' id='par_1_76' title="bbox 2116 3452 3689 3523">
     <span class='ocr_line' id='line_1_76' title="bbox 2116 3452 3689 3523; baseline 0.009 -20"><span class='ocrx_word' id='word_1_624' title='bbox 2116 3452 2304 3521; x_wconf 81' lang='grc' dir='ltr'>μέναις</span> <span class='ocrx_word' id='word_1_625' title='bbox 2330 3453 2552 3515; x_wconf 72' lang='grc' dir='ltr'>αἰτίαις.</span> <span class='ocrx_word' id='word_1_626' title='bbox 2581 3454 2644 3506; x_wconf 86' lang='lat' dir='ltr'><strong>El</strong></span> <span class='ocrx_word' id='word_1_627' title='bbox 2672 3455 2728 3507; x_wconf 77' lang='grc' dir='ltr'>δι</span> <span class='ocrx_word' id='word_1_628' title='bbox 2753 3453 3033 3523; x_wconf 79' lang='grc' dir='ltr'>νομίζουσί</span> <span class='ocrx_word' id='word_1_629' title='bbox 3068 3472 3213 3520; x_wconf 89' lang='grc' dir='ltr'>τινες</span> <span class='ocrx_word' id='word_1_630' title='bbox 3240 3458 3402 3514; x_wconf 74' lang='grc' dir='ltr'>αὐτὸν</span> <span class='ocrx_word' id='word_1_631' title='bbox 3429 3456 3571 3515; x_wconf 81' lang='grc' dir='ltr'>εἶναι</span> <span class='ocrx_word' id='word_1_632' title='bbox 3599 3463 3689 3517; x_wconf 79' lang='grc' dir='ltr'><strong>τὸν</strong></span> 
     </span>
    </p>
   </div>
   <div class='ocr_carea' id='block_1_77' title="bbox 2113 3541 3686 3622">
    <p class='ocr_par' dir='ltr' id='par_1_77' title="bbox 2113 3541 3686 3622">
     <span class='ocr_line' id='line_1_77' title="bbox 2113 3541 3686 3622; baseline 0.008 -29"><span class='ocrx_word' id='word_1_633' title='bbox 2113 3541 2346 3610; x_wconf 82' lang='grc' dir='ltr'>Χριστὸν</span> <span class='ocrx_word' id='word_1_634' title='bbox 2376 3542 2473 3612; x_wconf 76' lang='grc' dir='ltr'><strong>τὴν</strong></span> <span class='ocrx_word' id='word_1_635' title='bbox 2506 3542 2744 3613; x_wconf 73' lang='grc' dir='ltr'>ἔμφυτον</span> <span class='ocrx_word' id='word_1_636' title='bbox 2791 3543 2884 3596; x_wconf 87' lang='grc' dir='ltr'>τοῦ</span> <span class='ocrx_word' id='word_1_637' title='bbox 2933 3544 3066 3598; x_wconf 84' lang='grc' dir='ltr'>Θεοῦ</span> <span class='ocrx_word' id='word_1_638' title='bbox 3100 3545 3331 3617; x_wconf 85' lang='grc' dir='ltr'>δύναμιν</span> <span class='ocrx_word' id='word_1_639' title='bbox 3369 3549 3457 3603; x_wconf 82' lang='grc' dir='ltr'><strong>διὰ</strong></span> <span class='ocrx_word' id='word_1_640' title='bbox 3488 3552 3551 3605; x_wconf 80' lang='grc' dir='ltr'>τὸ</span> <span class='ocrx_word' id='word_1_641' title='bbox 3592 3569 3686 3622; x_wconf 86' lang='grc' dir='ltr'>γε·</span> 
     </span>
    </p>
   </div>
   <div class='ocr_carea' id='block_1_78' title="bbox 2112 3632 3687 3713">
    <p class='ocr_par' dir='ltr' id='par_1_78' title="bbox 2112 3632 3687 3713">
     <span class='ocr_line' id='line_1_78' title="bbox 2112 3632 3687 3713; baseline 0.01 -29"><span class='ocrx_word' id='word_1_642' title='bbox 2112 3632 2354 3703; x_wconf 81' lang='grc' dir='ltr'>γράφθαι</span> <span class='ocrx_word' id='word_1_643' title='bbox 2390 3634 2542 3704; x_wconf 81' lang='grc' dir='ltr'>παρὰ</span> <span class='ocrx_word' id='word_1_644' title='bbox 2574 3635 2805 3705; x_wconf 73' lang='grc' dir='ltr'>Παύλῳ*</span> <span class='ocrx_word' id='word_1_645' title='bbox 2842 3655 2859 3685; x_wconf 73' lang='grc' dir='ltr'><strong>ι</strong></span> <span class='ocrx_word' id='word_1_646' title='bbox 2889 3636 3121 3706; x_wconf 77' lang='grc' dir='ltr'>Χριστὸς</span> <span class='ocrx_word' id='word_1_647' title='bbox 3163 3637 3298 3693; x_wconf 83' lang='grc' dir='ltr'>Θεοῦ</span> <span class='ocrx_word' id='word_1_648' title='bbox 3338 3641 3571 3713; x_wconf 83' lang='grc' dir='ltr'>δύναμις</span> <span class='ocrx_word' id='word_1_649' title='bbox 3593 3647 3687 3699; x_wconf 79' lang='grc' dir='ltr'>καὶ</span> 
     </span>
    </p>
   </div>
   <div class='ocr_carea' id='block_1_79' title="bbox 2112 3720 3685 3794">
    <p class='ocr_par' dir='ltr' id='par_1_79' title="bbox 2112 3720 3685 3794">
     <span class='ocr_line' id='line_1_79' title="bbox 2112 3720 3685 3794; baseline 0.011 -21"><span class='ocrx_word' id='word_1_650' title='bbox 2112 3720 2244 3774; x_wconf 85' lang='grc' dir='ltr'>Θεοῦ</span> <span class='ocrx_word' id='word_1_651' title='bbox 2288 3723 2466 3791; x_wconf 79' lang='grc' dir='ltr'>σοφία,</span> <span class='ocrx_word' id='word_1_652' title='bbox 2500 3742 2516 3773; x_wconf 76' lang='grc' dir='ltr'><strong>ι</strong></span> <span class='ocrx_word' id='word_1_653' title='bbox 2564 3723 2616 3775; x_wconf 81' lang='grc' dir='ltr'>τί</span> <span class='ocrx_word' id='word_1_654' title='bbox 2666 3724 2772 3794; x_wconf 78' lang='grc' dir='ltr'><strong>ἄρα</strong></span> <span class='ocrx_word' id='word_1_655' title='bbox 2814 3724 3031 3794; x_wconf 69' lang='grc' dir='ltr'>ἐροῦσιν</span> <span class='ocrx_word' id='word_1_656' title='bbox 3077 3726 3368 3793; x_wconf 77' lang='grc' dir='ltr'>ἀκούοντες</span> <span class='ocrx_word' id='word_1_657' title='bbox 3409 3730 3501 3783; x_wconf 84' lang='grc' dir='ltr'><strong>τοῦ</strong></span> <span class='ocrx_word' id='word_1_658' title='bbox 3552 3734 3685 3789; x_wconf 81' lang='grc' dir='ltr'>Θεοῦ</span> 
     </span>
    </p>
   </div>
   <div class='ocr_carea' id='block_1_80' title="bbox 2110 3806 3686 3896">
    <p class='ocr_par' dir='ltr' id='par_1_80' title="bbox 2110 3806 3686 3896">
     <span class='ocr_line' id='line_1_80' title="bbox 2110 3806 3686 3896; baseline 0.009 -31"><span class='ocrx_word' id='word_1_659' title='bbox 2110 3812 2362 3880; x_wconf 84' lang='grc' dir='ltr'>λέγοντος</span> <span class='ocrx_word' id='word_1_660' title='bbox 2398 3814 2525 3884; x_wconf 78' lang='grc' dir='ltr'>περὶ</span> <span class='ocrx_word' id='word_1_661' title='bbox 2556 3814 2654 3885; x_wconf 85' lang='grc' dir='ltr'><strong>τῆς</strong></span> <span class='ocrx_word' id='word_1_662' title='bbox 2692 3815 2918 3885; x_wconf 59' lang='lat' dir='ltr'><strong>mpm;</strong></span> <span class='ocrx_word' id='word_1_663' title='bbox 2944 3833 2955 3844; x_wconf 90' lang='grc'><strong>·</strong></span> <span class='ocrx_word' id='word_1_664' title='bbox 2999 3818 3103 3871; x_wconf 82' lang='grc' dir='ltr'><strong>ι·Ή</strong></span> <span class='ocrx_word' id='word_1_665' title='bbox 3139 3806 3367 3888; x_wconf 80' lang='grc' dir='ltr'>δύναμίς</span> <span class='ocrx_word' id='word_1_666' title='bbox 3403 3840 3505 3893; x_wconf 83' lang='grc' dir='ltr'><strong>μου</strong></span> <span class='ocrx_word' id='word_1_667' title='bbox 3531 3827 3565 3896; x_wconf 84' lang='grc' dir='ltr'><strong>ή</strong></span> <span class='ocrx_word' id='word_1_668' title='bbox 3593 3844 3686 3895; x_wconf 86' lang='grc' dir='ltr'>με-</span> 
     </span>
    </p>
   </div>
   <div class='ocr_carea' id='block_1_81' title="bbox 2110 3904 3684 3987">
    <p class='ocr_par' dir='ltr' id='par_1_81' title="bbox 2110 3904 3684 3987">
     <span class='ocr_line' id='line_1_81' title="bbox 2110 3904 3684 3987; baseline 0.009 -32"><span class='ocrx_word' id='word_1_669' title='bbox 2110 3904 2285 3973; x_wconf 73' lang='grc' dir='ltr'>γάλης</span> <span class='ocrx_word' id='word_1_670' title='bbox 2318 3924 2335 3955; x_wconf 74' lang='grc' dir='ltr'><strong>ι</strong></span> <span class='ocrx_word' id='word_1_671' title='bbox 2371 3905 2437 3957; x_wconf 85' lang='grc' dir='ltr'>Τί</span> <span class='ocrx_word' id='word_1_672' title='bbox 2481 3905 2537 3958; x_wconf 83' lang='grc' dir='ltr'>δὲ</span> <span class='ocrx_word' id='word_1_673' title='bbox 2579 3907 2860 3977; x_wconf 75' lang='grc' dir='ltr'>ποιήσουσι</span> <span class='ocrx_word' id='word_1_674' title='bbox 2897 3910 3097 3974; x_wconf 81' lang='grc' dir='ltr'>πολλὰς</span> <span class='ocrx_word' id='word_1_675' title='bbox 3124 3912 3257 3965; x_wconf 87' lang='grc' dir='ltr'>Θεοῦ</span> <span class='ocrx_word' id='word_1_676' title='bbox 3290 3913 3547 3984; x_wconf 83' lang='grc' dir='ltr'>δυνάμεις</span> <span class='ocrx_word' id='word_1_677' title='bbox 3588 3934 3684 3987; x_wconf 87' lang='grc' dir='ltr'><strong>ση-</strong></span> 
     </span>
    </p>
   </div>
   <div class='ocr_carea' id='block_1_82' title="bbox 2115 3994 3681 4075">
    <p class='ocr_par' dir='ltr' id='par_1_82' title="bbox 2115 3994 3681 4075">
     <span class='ocr_line' id='line_1_82' title="bbox 2115 3994 3681 4075; baseline 0.011 -31"><span class='ocrx_word' id='word_1_678' title='bbox 2115 3994 2395 4062; x_wconf 78' lang='grc' dir='ltr'>μαίνοντος</span> <span class='ocrx_word' id='word_1_679' title='bbox 2424 3996 2517 4047; x_wconf 92' lang='grc' dir='ltr'>τοῦ</span> <span class='ocrx_word' id='word_1_680' title='bbox 2557 3996 2884 4067; x_wconf 75' lang='grc' dir='ltr'>Ψαλμῳδοῦ,</span> <span class='ocrx_word' id='word_1_681' title='bbox 2923 4000 2989 4053; x_wconf 85' lang='grc' dir='ltr'>δι’</span> <span class='ocrx_word' id='word_1_682' title='bbox 3014 3994 3089 4055; x_wconf 85' lang='grc' dir='ltr'>ὧν</span> <span class='ocrx_word' id='word_1_683' title='bbox 3120 4019 3283 4073; x_wconf 82' lang='grc' dir='ltr'>φησιν</span> <span class='ocrx_word' id='word_1_684' title='bbox 3302 4019 3317 4034; x_wconf 80' lang='grc'><strong>⁸</strong></span> <span class='ocrx_word' id='word_1_685' title='bbox 3352 4024 3369 4057; x_wconf 85' lang='grc' dir='ltr'><strong>ι</strong></span> <span class='ocrx_word' id='word_1_686' title='bbox 3400 4006 3681 4075; x_wconf 79' lang='grc' dir='ltr'>Εὑλογείτε</span> 
     </span>
    </p>
   </div>
   <div class='ocr_carea' id='block_1_83' title="bbox 2110 4085 3289 4161">
    <p class='ocr_par' dir='ltr' id='par_1_83' title="bbox 2110 4085 3289 4161">
     <span class='ocr_line' id='line_1_83' title="bbox 2110 4085 3289 4161; baseline 0.009 -24"><span class='ocrx_word' id='word_1_687' title='bbox 2110 4085 2199 4138; x_wconf 78' lang='grc' dir='ltr'><strong>τὸν</strong></span> <span class='ocrx_word' id='word_1_688' title='bbox 2229 4085 2452 4159; x_wconf 79' lang='grc' dir='ltr'>Κύριον,</span> <span class='ocrx_word' id='word_1_689' title='bbox 2480 4090 2647 4142; x_wconf 70' lang='grc' dir='ltr'>πᾶσαι</span> <span class='ocrx_word' id='word_1_690' title='bbox 2680 4091 2733 4141; x_wconf 82' lang='lat' dir='ltr'><strong>al</strong></span> <span class='ocrx_word' id='word_1_691' title='bbox 2758 4090 3015 4160; x_wconf 82' lang='grc' dir='ltr'>δυνάμεις</span> <span class='ocrx_word' id='word_1_692' title='bbox 3042 4094 3238 4161; x_wconf 73' lang='grc' dir='ltr'>αὐτοῦς</span> <span class='ocrx_word' id='word_1_693' title='bbox 3271 4115 3289 4147; x_wconf 75' lang='grc' dir='ltr'><strong>ι</strong></span> 
     </span>
    </p>
   </div>
   <div class='ocr_carea' id='block_1_84' title="bbox 2598 4202 3209 4273">
    <p class='ocr_par' dir='ltr' id='par_1_84' title="bbox 2598 4202 3209 4273">
     <span class='ocr_line' id='line_1_84' title="bbox 2598 4202 3209 4273; baseline 0.01 -17"><span class='ocrx_word' id='word_1_694' title='bbox 2598 4202 2745 4269; x_wconf 83' lang='grc' dir='ltr'>Πρὸς</span> <span class='ocrx_word' id='word_1_695' title='bbox 2786 4202 2970 4257; x_wconf 81' lang='grc' dir='ltr'>ταῦτα</span> <span class='ocrx_word' id='word_1_696' title='bbox 3006 4207 3209 4273; x_wconf 73' lang='grc' dir='ltr'>λύσις.</span> 
     </span>
    </p>
   </div>
   <div class='ocr_carea' id='block_1_85' title="bbox 2179 4310 3681 4394">
    <p class='ocr_par' dir='ltr' id='par_1_85' title="bbox 2179 4310 3681 4394">
     <span class='ocr_line' id='line_1_85' title="bbox 2179 4310 3681 4394; baseline 0.009 -31"><span class='ocrx_word' id='word_1_697' title='bbox 2179 4311 2241 4363; x_wconf 81' lang='lat' dir='ltr'><strong>El</strong></span> <span class='ocrx_word' id='word_1_698' title='bbox 2280 4311 2368 4365; x_wconf 84' lang='grc' dir='ltr'>διὰ</span> <span class='ocrx_word' id='word_1_699' title='bbox 2414 4310 2572 4364; x_wconf 85' lang='grc' dir='ltr'>τοῦτο</span> <span class='ocrx_word' id='word_1_700' title='bbox 2615 4312 2838 4380; x_wconf 82' lang='grc' dir='ltr'>γέγονεν</span> <span class='ocrx_word' id='word_1_701' title='bbox 2868 4316 2897 4367; x_wconf 88' lang='lat'><strong>6</strong></span> <span class='ocrx_word' id='word_1_702' title='bbox 2922 4315 3174 4385; x_wconf 77' lang='grc' dir='ltr'>Χριστὸς,</span> <span class='ocrx_word' id='word_1_703' title='bbox 3208 4317 3294 4371; x_wconf 72' lang='grc' dir='ltr'>ἵνα</span> <span class='ocrx_word' id='word_1_704' title='bbox 3322 4319 3585 4394; x_wconf 80' lang='grc' dir='ltr'>δικαιώσῃ</span> <span class='ocrx_word' id='word_1_705' title='bbox 3611 4326 3681 4377; x_wconf 72' lang='grc' dir='ltr'><strong>τὰ</strong></span> 
     </span>
    </p>
   </div>
   <div class='ocr_carea' id='block_1_86' title="bbox 2108 4402 3680 4485">
    <p class='ocr_par' dir='ltr' id='par_1_86' title="bbox 2108 4402 3680 4485">
     <span class='ocr_line' id='line_1_86' title="bbox 2108 4402 3680 4485; baseline 0.002 -30"><span class='ocrx_word' id='word_1_706' title='bbox 2108 4402 2453 4474; x_wconf 80' lang='grc' dir='ltr'>δικαιοσύνης</span> <span class='ocrx_word' id='word_1_707' title='bbox 2495 4403 2743 4474; x_wconf 82' lang='grc' dir='ltr'>δεόμενα,</span> <span class='ocrx_word' id='word_1_708' title='bbox 2772 4405 2858 4457; x_wconf 82' lang='grc' dir='ltr'><strong>ἴνα</strong></span> <span class='ocrx_word' id='word_1_709' title='bbox 2897 4406 3117 4481; x_wconf 78' lang='grc' dir='ltr'>σοφώσῃ</span> <span class='ocrx_word' id='word_1_710' title='bbox 3149 4408 3216 4462; x_wconf 67' lang='grc' dir='ltr'><strong>τὰ</strong></span> <span class='ocrx_word' id='word_1_711' title='bbox 3260 4411 3487 4480; x_wconf 79' lang='grc' dir='ltr'>δεόμενα</span> <span class='ocrx_word' id='word_1_712' title='bbox 3532 4432 3680 4485; x_wconf 77' lang='grc' dir='ltr'>σοφι-</span> 
     </span>
    </p>
   </div>
   <div class='ocr_carea' id='block_1_87' title="bbox 2110 4492 3679 4575">
    <p class='ocr_par' dir='ltr' id='par_1_87' title="bbox 2110 4492 3679 4575">
     <span class='ocr_line' id='line_1_87' title="bbox 2110 4492 3679 4575; baseline 0.008 -29"><span class='ocrx_word' id='word_1_713' title='bbox 2110 4493 2269 4561; x_wconf 87' lang='grc' dir='ltr'>σμοῦ,</span> <span class='ocrx_word' id='word_1_714' title='bbox 2307 4494 2395 4547; x_wconf 79' lang='grc' dir='ltr'>ἴνα</span> <span class='ocrx_word' id='word_1_715' title='bbox 2438 4492 2730 4565; x_wconf 82' lang='grc' dir='ltr'>δυναμώσῃ</span> <span class='ocrx_word' id='word_1_716' title='bbox 2772 4494 2840 4547; x_wconf 81' lang='grc' dir='ltr'><strong>τὰ</strong></span> <span class='ocrx_word' id='word_1_717' title='bbox 2879 4493 3159 4566; x_wconf 79' lang='grc' dir='ltr'>δυνάμεως</span> <span class='ocrx_word' id='word_1_718' title='bbox 3204 4498 3493 4570; x_wconf 74' lang='grc' dir='ltr'><strong>χρῄζοντα,</strong></span> <span class='ocrx_word' id='word_1_719' title='bbox 3520 4506 3679 4575; x_wconf 73' lang='grc' dir='ltr'>ἡμεῖς</span> 
     </span>
    </p>
   </div>
   <div class='ocr_carea' id='block_1_88' title="bbox 442 4580 2010 4655">
    <p class='ocr_par' dir='ltr' id='par_1_88' title="bbox 442 4580 2005 4651">
     <span class='ocr_line' id='line_1_88' title="bbox 442 4580 2005 4651; baseline 0.004 -15"><span class='ocrx_word' id='word_1_720' title='bbox 442 4581 550 4647; x_wconf 87' lang='lat' dir='ltr'><strong>sit;</strong></span> <span class='ocrx_word' id='word_1_721' title='bbox 595 4596 769 4651; x_wconf 91' lang='lat' dir='ltr'><strong>neque</strong></span> <span class='ocrx_word' id='word_1_722' title='bbox 801 4580 978 4639; x_wconf 80' lang='lat' dir='ltr'><strong>factus</strong></span> <span class='ocrx_word' id='word_1_723' title='bbox 1013 4582 1204 4645; x_wconf 73' lang='lat' dir='ltr'><strong>fuisset</strong></span> <span class='ocrx_word' id='word_1_724' title='bbox 1259 4586 1426 4639; x_wconf 88' lang='lat' dir='ltr'><strong>nostri</strong></span> <span class='ocrx_word' id='word_1_725' title='bbox 1472 4584 1685 4651; x_wconf 86' lang='lat' dir='ltr'><strong>similis,</strong></span> <span class='ocrx_word' id='word_1_726' title='bbox 1724 4585 1825 4641; x_wconf 88' lang='lat' dir='ltr'><strong>nisi</strong></span> <span class='ocrx_word' id='word_1_727' title='bbox 1864 4586 2005 4642; x_wconf 89' lang='lat' dir='ltr'><strong>Deus</strong></span> 
     </span>
    </p>
   </div>
   <div class='ocr_carea' id='block_1_89' title="bbox 2114 4580 3679 4655">
    <p class='ocr_par' dir='ltr' id='par_1_89' title="bbox 2114 4583 3679 4655">
     <span class='ocr_line' id='line_1_89' title="bbox 2114 4583 3679 4655; baseline 0.008 -18"><span class='ocrx_word' id='word_1_728' title='bbox 2114 4585 2214 4655; x_wconf 68' lang='lat' dir='ltr'><strong>ipa</strong></span> <span class='ocrx_word' id='word_1_729' title='bbox 2264 4584 2412 4654; x_wconf 83' lang='grc' dir='ltr'><strong>αὐτῷ</strong></span> <span class='ocrx_word' id='word_1_730' title='bbox 2457 4586 2761 4654; x_wconf 85' lang='grc' dir='ltr'>γεγόναμεν</span> <span class='ocrx_word' id='word_1_731' title='bbox 2800 4587 2893 4639; x_wconf 89' lang='grc' dir='ltr'><strong>τοῦ</strong></span> <span class='ocrx_word' id='word_1_732' title='bbox 2932 4583 3070 4639; x_wconf 77' lang='grc' dir='ltr'>εἶναι</span> <span class='ocrx_word' id='word_1_733' title='bbox 3115 4589 3299 4654; x_wconf 63' lang='lat' dir='ltr'><strong>afuat,</strong></span> <span class='ocrx_word' id='word_1_734' title='bbox 3342 4592 3436 4645; x_wconf 80' lang='grc' dir='ltr'><strong>καὶ</strong></span> <span class='ocrx_word' id='word_1_735' title='bbox 3478 4595 3587 4648; x_wconf 78' lang='grc' dir='ltr'>οὐδ’</span> <span class='ocrx_word' id='word_1_736' title='bbox 3614 4597 3679 4650; x_wconf 77' lang='grc' dir='ltr'>ἂν</span> 
     </span>
    </p>
   </div>
   <div class='ocr_carea' id='block_1_90' title="bbox 447 4669 2002 4743">
    <p class='ocr_par' dir='ltr' id='par_1_90' title="bbox 447 4669 2002 4743">
     <span class='ocr_line' id='line_1_90' title="bbox 447 4669 2002 4743; baseline 0.004 -20"><span class='ocrx_word' id='word_1_737' title='bbox 447 4671 680 4738; x_wconf 87' lang='lat' dir='ltr'><strong>primum</strong></span> <span class='ocrx_word' id='word_1_738' title='bbox 708 4669 776 4725; x_wconf 89' lang='lat' dir='ltr'><strong>de</strong></span> <span class='ocrx_word' id='word_1_739' title='bbox 812 4670 1173 4740; x_wconf 88' lang='lat' dir='ltr'><strong>producendis</strong></span> <span class='ocrx_word' id='word_1_740' title='bbox 1203 4674 1470 4728; x_wconf 87' lang='lat' dir='ltr'><strong>creaturis</strong></span> <span class='ocrx_word' id='word_1_741' title='bbox 1503 4673 1813 4743; x_wconf 82' lang='lat' dir='ltr'><strong>cegitasset.</strong></span> <span class='ocrx_word' id='word_1_742' title='bbox 1849 4672 1913 4728; x_wconf 86' lang='lat' dir='ltr'><strong>Et</strong></span> <span class='ocrx_word' id='word_1_743' title='bbox 1958 4677 2002 4729; x_wconf 88' lang='lat' dir='ltr'><strong>si</strong></span> 
     </span>
    </p>
   </div>
   <div class='ocr_carea' id='block_1_91' title="bbox 446 4762 2002 4834">
    <p class='ocr_par' dir='ltr' id='par_1_91' title="bbox 446 4762 2002 4834">
     <span class='ocr_line' id='line_1_91' title="bbox 446 4762 2002 4834; baseline 0.003 -19"><span class='ocrx_word' id='word_1_744' title='bbox 446 4764 558 4817; x_wconf 67' lang='lat' dir='ltr'><strong>haec</strong></span> <span class='ocrx_word' id='word_1_745' title='bbox 583 4762 693 4832; x_wconf 89' lang='lat' dir='ltr'><strong>ipsa</strong></span> <span class='ocrx_word' id='word_1_746' title='bbox 735 4772 820 4817; x_wconf 89' lang='lat' dir='ltr'><strong>est</strong></span> <span class='ocrx_word' id='word_1_747' title='bbox 850 4762 1021 4818; x_wconf 90' lang='lat' dir='ltr'><strong>nostri</strong></span> <span class='ocrx_word' id='word_1_748' title='bbox 1046 4778 1175 4818; x_wconf 82' lang='lat' dir='ltr'><strong>usus</strong></span> <span class='ocrx_word' id='word_1_749' title='bbox 1196 4778 1385 4831; x_wconf 85' lang='lat' dir='ltr'><strong>causa,</strong></span> <span class='ocrx_word' id='word_1_750' title='bbox 1418 4779 1546 4834; x_wconf 89' lang='lat' dir='ltr'><strong>ergo</strong></span> <span class='ocrx_word' id='word_1_751' title='bbox 1586 4765 2002 4820; x_wconf 84' lang='lat' dir='ltr'><strong>instrumentum</strong></span> 
     </span>
    </p>
   </div>
   <div class='ocr_carea' id='block_1_92' title="bbox 440 4853 2000 4925">
    <p class='ocr_par' dir='ltr' id='par_1_92' title="bbox 440 4853 2000 4925">
     <span class='ocr_line' id='line_1_92' title="bbox 440 4853 2000 4925; baseline 0.003 -19"><span class='ocrx_word' id='word_1_752' title='bbox 440 4861 526 4906; x_wconf 87' lang='lat' dir='ltr'><strong>est</strong></span> <span class='ocrx_word' id='word_1_753' title='bbox 554 4860 750 4910; x_wconf 65' lang='lat' dir='ltr'><strong>nostra</strong></span> <span class='ocrx_word' id='word_1_754' title='bbox 779 4853 1092 4918; x_wconf 89' lang='lat' dir='ltr'><strong>creatiouis,</strong></span> <span class='ocrx_word' id='word_1_755' title='bbox 1118 4869 1225 4909; x_wconf 88' lang='lat' dir='ltr'><strong>non</strong></span> <span class='ocrx_word' id='word_1_756' title='bbox 1258 4870 1324 4910; x_wconf 76' lang='lat' dir='ltr'><strong>ex</strong></span> <span class='ocrx_word' id='word_1_757' title='bbox 1355 4856 1537 4925; x_wconf 83' lang='lat' dir='ltr'><strong>seipse</strong></span> <span class='ocrx_word' id='word_1_758' title='bbox 1562 4855 1682 4909; x_wconf 89' lang='lat' dir='ltr'><strong>talis</strong></span> <span class='ocrx_word' id='word_1_759' title='bbox 1712 4858 2000 4923; x_wconf 76' lang='lat' dir='ltr'><strong>exsistens,</strong></span> 
     </span>
    </p>
   </div>
   <div class='ocr_carea' id='block_1_93' title="bbox 440 4941 2007 5015">
    <p class='ocr_par' dir='ltr' id='par_1_93' title="bbox 440 4941 2007 5015">
     <span class='ocr_line' id='line_1_93' title="bbox 440 4941 2007 5015; baseline 0.004 -20"><span class='ocrx_word' id='word_1_760' title='bbox 440 4941 535 4997; x_wconf 90' lang='lat' dir='ltr'><strong>sed</strong></span> <span class='ocrx_word' id='word_1_761' title='bbox 580 4944 648 4995; x_wconf 89' lang='lat' dir='ltr'><strong>ita</strong></span> <span class='ocrx_word' id='word_1_762' title='bbox 680 4941 851 4997; x_wconf 82' lang='lat' dir='ltr'><strong>lactus</strong></span> <span class='ocrx_word' id='word_1_763' title='bbox 892 4952 1113 5014; x_wconf 88' lang='lat' dir='ltr'><strong>propter</strong></span> <span class='ocrx_word' id='word_1_764' title='bbox 1159 4960 1279 5002; x_wconf 90' lang='lat' dir='ltr'><strong>nos.</strong></span> <span class='ocrx_word' id='word_1_765' title='bbox 1334 4944 1801 5011; x_wconf 84' lang='lat' dir='ltr'><strong>Quemadmodum</strong></span> <span class='ocrx_word' id='word_1_766' title='bbox 1846 4948 2007 5015; x_wconf 88' lang='lat' dir='ltr'><strong>igitur</strong></span> 
     </span>
    </p>
   </div>
   <div class='ocr_carea' id='block_1_94' title="bbox 439 5033 1997 5106">
    <p class='ocr_par' dir='ltr' id='par_1_94' title="bbox 439 5033 1997 5106">
     <span class='ocr_line' id='line_1_94' title="bbox 439 5033 1997 5106; baseline 0.006 -23"><span class='ocrx_word' id='word_1_767' title='bbox 439 5040 662 5086; x_wconf 89' lang='lat' dir='ltr'><strong>vocatur</strong></span> <span class='ocrx_word' id='word_1_768' title='bbox 686 5033 949 5101; x_wconf 87' lang='lat' dir='ltr'><strong>potentia,</strong></span> <span class='ocrx_word' id='word_1_769' title='bbox 982 5043 1201 5103; x_wconf 83' lang='lat' dir='ltr'><strong>propter</strong></span> <span class='ocrx_word' id='word_1_770' title='bbox 1237 5050 1299 5088; x_wconf 82' lang='lat' dir='ltr'><strong>ea</strong></span> <span class='ocrx_word' id='word_1_771' title='bbox 1325 5035 1522 5103; x_wconf 82' lang='lat' dir='ltr'><strong>quibus</strong></span> <span class='ocrx_word' id='word_1_772' title='bbox 1549 5038 1787 5101; x_wconf 83' lang='lat' dir='ltr'><strong>potentia</strong></span> <span class='ocrx_word' id='word_1_773' title='bbox 1819 5038 1997 5106; x_wconf 87' lang='lat' dir='ltr'><strong>datur,</strong></span> 
     </span>
    </p>
   </div>
   <div class='ocr_carea' id='block_1_95' title="bbox 440 5122 2001 5193">
    <p class='ocr_par' dir='ltr' id='par_1_95' title="bbox 440 5122 2001 5193">
     <span class='ocr_line' id='line_1_95' title="bbox 440 5122 2001 5193; baseline 0.004 -18"><span class='ocrx_word' id='word_1_774' title='bbox 440 5128 497 5175; x_wconf 89' lang='lat' dir='ltr'><strong>et</strong></span> <span class='ocrx_word' id='word_1_775' title='bbox 542 5122 826 5190; x_wconf 89' lang='lat' dir='ltr'><strong>sapientia,</strong></span> <span class='ocrx_word' id='word_1_776' title='bbox 874 5133 1095 5193; x_wconf 81' lang='lat' dir='ltr'><strong>propter</strong></span> <span class='ocrx_word' id='word_1_777' title='bbox 1140 5136 1202 5177; x_wconf 87' lang='lat' dir='ltr'><strong>ea</strong></span> <span class='ocrx_word' id='word_1_778' title='bbox 1243 5124 1437 5192; x_wconf 86' lang='lat' dir='ltr'><strong>quibus</strong></span> <span class='ocrx_word' id='word_1_779' title='bbox 1469 5124 1734 5193; x_wconf 83' lang='lat' dir='ltr'><strong>sapientia</strong></span> <span class='ocrx_word' id='word_1_780' title='bbox 1784 5126 2001 5182; x_wconf 80' lang='lat' dir='ltr'><strong>confer-</strong></span> 
     </span>
    </p>
   </div>
   <div class='ocr_carea' id='block_1_96' title="bbox 443 5211 1998 5288">
    <p class='ocr_par' dir='ltr' id='par_1_96' title="bbox 443 5211 1998 5288">
     <span class='ocr_line' id='line_1_96' title="bbox 443 5211 1998 5288; baseline 0.005 -22"><span class='ocrx_word' id='word_1_781' title='bbox 443 5221 529 5266; x_wconf 86' lang='lat' dir='ltr'><strong>tur</strong></span> <span class='ocrx_word' id='word_1_782' title='bbox 572 5229 587 5267; x_wconf 87' lang='lat'><strong>:</strong></span> <span class='ocrx_word' id='word_1_783' title='bbox 626 5211 703 5266; x_wconf 85' lang='lat' dir='ltr'><strong>ita</strong></span> <span class='ocrx_word' id='word_1_784' title='bbox 753 5212 911 5266; x_wconf 87' lang='lat' dir='ltr'><strong>etiam</strong></span> <span class='ocrx_word' id='word_1_785' title='bbox 964 5214 1104 5269; x_wconf 79' lang='lat' dir='ltr'><strong>illius</strong></span> <span class='ocrx_word' id='word_1_786' title='bbox 1150 5216 1462 5281; x_wconf 75' lang='lat' dir='ltr'><strong>vocabitur,</strong></span> <span class='ocrx_word' id='word_1_787' title='bbox 1504 5226 1719 5286; x_wconf 89' lang='lat' dir='ltr'><strong>propter</strong></span> <span class='ocrx_word' id='word_1_788' title='bbox 1759 5231 1854 5273; x_wconf 90' lang='lat' dir='ltr'><strong>eos</strong></span> <span class='ocrx_word' id='word_1_789' title='bbox 1908 5221 1998 5288; x_wconf 89' lang='lat' dir='ltr'><strong>qui</strong></span> 
     </span>
    </p>
   </div>
   <div class='ocr_carea' id='block_1_97' title="bbox 438 5301 1998 5379">
    <p class='ocr_par' dir='ltr' id='par_1_97' title="bbox 438 5301 1998 5379">
     <span class='ocr_line' id='line_1_97' title="bbox 438 5301 1998 5379; baseline 0.006 -22"><span class='ocrx_word' id='word_1_790' title='bbox 438 5301 575 5357; x_wconf 80' lang='lat' dir='ltr'><strong>ﬁunt</strong></span> <span class='ocrx_word' id='word_1_791' title='bbox 603 5302 695 5357; x_wconf 82' lang='lat' dir='ltr'><strong>lilii</strong></span> <span class='ocrx_word' id='word_1_792' title='bbox 726 5323 738 5358; x_wconf 89' lang='lat'><strong>:</strong></span> <span class='ocrx_word' id='word_1_793' title='bbox 784 5303 1024 5373; x_wconf 89' lang='lat' dir='ltr'><strong>nihilque</strong></span> <span class='ocrx_word' id='word_1_794' title='bbox 1054 5306 1159 5360; x_wconf 88' lang='lat' dir='ltr'><strong>erit</strong></span> <span class='ocrx_word' id='word_1_795' title='bbox 1205 5308 1422 5377; x_wconf 83' lang='lat' dir='ltr'><strong>proprie</strong></span> <span class='ocrx_word' id='word_1_796' title='bbox 1452 5324 1549 5379; x_wconf 87' lang='lat' dir='ltr'><strong>per</strong></span> <span class='ocrx_word' id='word_1_797' title='bbox 1579 5324 1659 5378; x_wconf 86' lang='lat' dir='ltr'><strong>se,</strong></span> <span class='ocrx_word' id='word_1_798' title='bbox 1695 5311 1789 5366; x_wconf 88' lang='lat' dir='ltr'><strong>sed</strong></span> <span class='ocrx_word' id='word_1_799' title='bbox 1818 5312 1998 5366; x_wconf 90' lang='lat' dir='ltr'><strong>omnia</strong></span> 
     </span>
    </p>
   </div>
   <div class='ocr_carea' id='block_1_98' title="bbox 438 5392 1997 5469">
    <p class='ocr_par' dir='ltr' id='par_1_98' title="bbox 438 5392 1997 5469">
     <span class='ocr_line' id='line_1_98' title="bbox 438 5392 1997 5469; baseline 0.006 -22"><span class='ocrx_word' id='word_1_800' title='bbox 438 5392 554 5447; x_wconf 58' lang='lat' dir='ltr'><strong>hac</strong></span> <span class='ocrx_word' id='word_1_801' title='bbox 593 5402 809 5463; x_wconf 87' lang='lat' dir='ltr'><strong>propter</strong></span> <span class='ocrx_word' id='word_1_802' title='bbox 840 5410 961 5450; x_wconf 90' lang='lat' dir='ltr'><strong>nos.</strong></span> <span class='ocrx_word' id='word_1_803' title='bbox 1006 5394 1123 5461; x_wconf 85' lang='lat' dir='ltr'><strong>Quo</strong></span> <span class='ocrx_word' id='word_1_804' title='bbox 1154 5408 1311 5465; x_wconf 84' lang='lat' dir='ltr'><strong>pacto</strong></span> <span class='ocrx_word' id='word_1_805' title='bbox 1346 5399 1509 5469; x_wconf 88' lang='lat' dir='ltr'><strong>igitur</strong></span> <span class='ocrx_word' id='word_1_806' title='bbox 1556 5402 1823 5456; x_wconf 90' lang='lat' dir='ltr'><strong>constabit</strong></span> <span class='ocrx_word' id='word_1_807' title='bbox 1868 5401 1997 5457; x_wconf 89' lang='lat' dir='ltr'><strong>illud</strong></span> 
     </span>
    </p>
   </div>
   <div class='ocr_carea' id='block_1_99' title="bbox 435 5484 1995 5561">
    <p class='ocr_par' dir='ltr' id='par_1_99' title="bbox 435 5484 1995 5561">
     <span class='ocr_line' id='line_1_99' title="bbox 435 5484 1995 5561; baseline 0.008 -25"><span class='ocrx_word' id='word_1_808' title='bbox 435 5484 579 5552; x_wconf 91' lang='lat' dir='ltr'><strong>quod</strong></span> <span class='ocrx_word' id='word_1_809' title='bbox 621 5485 674 5538; x_wconf 92' lang='lat' dir='ltr'><strong>in</strong></span> <span class='ocrx_word' id='word_1_810' title='bbox 717 5485 943 5541; x_wconf 87' lang='lat' dir='ltr'><strong>Psalmis</strong></span> <span class='ocrx_word' id='word_1_811' title='bbox 988 5488 1219 5556; x_wconf 85' lang='lat' dir='ltr'><strong>canitur,</strong></span> <span class='ocrx_word' id='word_1_812' title='bbox 1264 5509 1282 5545; x_wconf 78' lang='grc' dir='ltr'><strong>ι</strong></span> <span class='ocrx_word' id='word_1_813' title='bbox 1314 5491 1431 5561; x_wconf 86' lang='lat' dir='ltr'><strong>Ipse</strong></span> <span class='ocrx_word' id='word_1_814' title='bbox 1475 5492 1604 5547; x_wconf 83' lang='lat' dir='ltr'><strong>fecit</strong></span> <span class='ocrx_word' id='word_1_815' title='bbox 1637 5508 1753 5559; x_wconf 91' lang='lat' dir='ltr'><strong>nos,</strong></span> <span class='ocrx_word' id='word_1_816' title='bbox 1800 5503 1855 5549; x_wconf 87' lang='lat' dir='ltr'><strong>et</strong></span> <span class='ocrx_word' id='word_1_817' title='bbox 1890 5509 1995 5548; x_wconf 92' lang='lat' dir='ltr'><strong>non</strong></span> 
     </span>
    </p>
   </div>
   <div class='ocr_carea' id='block_1_100' title="bbox 434 5573 1993 5642">
    <p class='ocr_par' dir='ltr' id='par_1_100' title="bbox 434 5573 1993 5642">
     <span class='ocr_line' id='line_1_100' title="bbox 434 5573 1993 5642; baseline 0.007 -15"><span class='ocrx_word' id='word_1_818' title='bbox 434 5573 539 5642; x_wconf 90' lang='lat' dir='ltr'><strong>ipsi</strong></span> <span class='ocrx_word' id='word_1_819' title='bbox 581 5590 679 5631; x_wconf 85' lang='lat' dir='ltr'><strong>nos</strong></span> <span class='ocrx_word' id='word_1_820' title='bbox 698 5575 745 5607; x_wconf 74' lang='grc' dir='ltr'><strong>ὀ</strong></span> <span class='ocrx_word' id='word_1_821' title='bbox 800 5593 820 5629; x_wconf 75' lang='grc' dir='ltr'><strong>ι</strong></span> <span class='ocrx_word' id='word_1_822' title='bbox 861 5576 906 5631; x_wconf 86' lang='lat' dir='ltr'><strong>si</strong></span> <span class='ocrx_word' id='word_1_823' title='bbox 952 5591 1049 5635; x_wconf 83' lang='lat' dir='ltr'><strong>nos</strong></span> <span class='ocrx_word' id='word_1_824' title='bbox 1090 5578 1163 5633; x_wconf 89' lang='lat' dir='ltr'><strong>illi</strong></span> <span class='ocrx_word' id='word_1_825' title='bbox 1212 5595 1399 5638; x_wconf 83' lang='lat' dir='ltr'><strong>sumus</strong></span> <span class='ocrx_word' id='word_1_826' title='bbox 1451 5593 1699 5638; x_wconf 86' lang='lat' dir='ltr'><strong>auctores</strong></span> <span class='ocrx_word' id='word_1_827' title='bbox 1739 5592 1793 5639; x_wconf 93' lang='lat' dir='ltr'><strong>et</strong></span> <span class='ocrx_word' id='word_1_828' title='bbox 1830 5598 1993 5641; x_wconf 87' lang='lat' dir='ltr'><strong>causa</strong></span> 
     </span>
    </p>
   </div>
   <div class='ocr_carea' id='block_1_101' title="bbox 508 5745 2223 5827">
    <p class='ocr_par' dir='ltr' id='par_1_101' title="bbox 508 5745 2223 5827">
     <span class='ocr_line' id='line_1_101' title="bbox 508 5745 2223 5827; baseline 0.007 -28"><span class='ocrx_word' id='word_1_829' title='bbox 508 5745 731 5827; x_wconf 62' lang='lat' dir='ltr'><strong>“Hebr.</strong></span> <span class='ocrx_word' id='word_1_830' title='bbox 763 5767 835 5820; x_wconf 80' lang='lat' dir='ltr'><strong>tv,</strong></span> <span class='ocrx_word' id='word_1_831' title='bbox 868 5752 955 5811; x_wconf 69' lang='grc' dir='ltr'><strong>ιε.</strong></span> <span class='ocrx_word' id='word_1_832' title='bbox 1038 5753 1084 5787; x_wconf 72' lang='grc'>⁸⁸</span> <span class='ocrx_word' id='word_1_833' title='bbox 1111 5753 1263 5811; x_wconf 84' lang='lat' dir='ltr'><strong>Joan.</strong></span> <span class='ocrx_word' id='word_1_834' title='bbox 1299 5773 1334 5823; x_wconf 91' lang='lat' dir='ltr'><strong>I,</strong></span> <span class='ocrx_word' id='word_1_835' title='bbox 1365 5757 1419 5813; x_wconf 77' lang='lat'><strong>5.</strong></span> <span class='ocrx_word' id='word_1_836' title='bbox 1498 5758 1540 5789; x_wconf 80' lang='lat'><strong>“</strong></span> <span class='ocrx_word' id='word_1_837' title='bbox 1575 5756 1590 5812; x_wconf 91' lang='grc' dir='ltr'><strong>Ι</strong></span> <span class='ocrx_word' id='word_1_838' title='bbox 1619 5758 1742 5814; x_wconf 84' lang='lat' dir='ltr'><strong>Cor.</strong></span> <span class='ocrx_word' id='word_1_839' title='bbox 1775 5774 1811 5827; x_wconf 89' lang='lat' dir='ltr'><strong>I,</strong></span> <span class='ocrx_word' id='word_1_840' title='bbox 1841 5758 1931 5813; x_wconf 69' lang='grc'><strong>24.</strong></span> <span class='ocrx_word' id='word_1_841' title='bbox 2022 5758 2063 5790; x_wconf 83' lang='lat'>&quot;</span> <span class='ocrx_word' id='word_1_842' title='bbox 2092 5758 2223 5813; x_wconf 83' lang='lat' dir='ltr'><strong>Ibid.</strong></span> 
     </span>
    </p>
   </div>
   <div class='ocr_carea' id='block_1_102' title="bbox 434 5816 663 5883">
    <p class='ocr_par' dir='ltr' id='par_1_102' title="bbox 434 5816 663 5883">
     <span class='ocr_line' id='line_1_102' title="bbox 434 5816 663 5883; baseline 0.013 -15"><span class='ocrx_word' id='word_1_843' title='bbox 434 5830 580 5883; x_wconf 73' lang='lat' dir='ltr'><strong>acu,</strong></span> <span class='ocrx_word' id='word_1_844' title='bbox 612 5816 663 5871; x_wconf 80' lang='lat'><strong>3.</strong></span> 
     </span>
    </p>
   </div>
   <div class='ocr_carea' id='block_1_103' title="bbox 2106 4676 3676 4756">
    <p class='ocr_par' dir='ltr' id='par_1_103' title="bbox 2106 4676 3676 4756">
     <span class='ocr_line' id='line_1_103' title="bbox 2106 4676 3676 4756; baseline 0.007 -28"><span class='ocrx_word' id='word_1_845' title='bbox 2106 4676 2320 4743; x_wconf 70' lang='grc' dir='ltr'>ἐγένετο</span> <span class='ocrx_word' id='word_1_846' title='bbox 2345 4676 2464 4727; x_wconf 81' lang='grc' dir='ltr'>καθ’</span> <span class='ocrx_word' id='word_1_847' title='bbox 2490 4677 2656 4745; x_wconf 77' lang='grc' dir='ltr'>ἡμᾶς,</span> <span class='ocrx_word' id='word_1_848' title='bbox 2686 4677 2737 4728; x_wconf 72' lang='grc' dir='ltr'><strong>εί</strong></span> <span class='ocrx_word' id='word_1_849' title='bbox 2773 4676 2848 4748; x_wconf 80' lang='grc' dir='ltr'>μὴ</span> <span class='ocrx_word' id='word_1_850' title='bbox 2877 4676 3006 4740; x_wconf 84' lang='grc' dir='ltr'>Θεὸς</span> <span class='ocrx_word' id='word_1_851' title='bbox 3030 4679 3386 4735; x_wconf 72' lang='grc' dir='ltr'>ἐϐουλεύσατο</span> <span class='ocrx_word' id='word_1_852' title='bbox 3418 4684 3676 4756; x_wconf 80' lang='grc' dir='ltr'><strong>δημιουρ·</strong></span> 
     </span>
    </p>
   </div>
   <div class='ocr_carea' id='block_1_104' title="bbox 2102 4763 3678 4846">
    <p class='ocr_par' dir='ltr' id='par_1_104' title="bbox 2102 4763 3678 4846">
     <span class='ocr_line' id='line_1_104' title="bbox 2102 4763 3678 4846; baseline 0.008 -30"><span class='ocrx_word' id='word_1_853' title='bbox 2102 4766 2266 4835; x_wconf 83' lang='grc' dir='ltr'>γῆσαι</span> <span class='ocrx_word' id='word_1_854' title='bbox 2317 4763 2387 4837; x_wconf 59' lang='grc' dir='ltr'><strong>τὰ</strong></span> <span class='ocrx_word' id='word_1_855' title='bbox 2434 4766 2655 4835; x_wconf 72' lang='grc' dir='ltr'>γενητὰ.</span> <span class='ocrx_word' id='word_1_856' title='bbox 2689 4766 2794 4819; x_wconf 85' lang='lat' dir='ltr'><strong>Kal</strong></span> <span class='ocrx_word' id='word_1_857' title='bbox 2844 4768 2893 4819; x_wconf 83' lang='grc' dir='ltr'><strong>εί</strong></span> <span class='ocrx_word' id='word_1_858' title='bbox 2927 4768 3026 4836; x_wconf 80' lang='grc' dir='ltr'><strong>τῆς</strong></span> <span class='ocrx_word' id='word_1_859' title='bbox 3080 4770 3235 4839; x_wconf 78' lang='grc' dir='ltr'>ἡμῶν</span> <span class='ocrx_word' id='word_1_860' title='bbox 3277 4772 3439 4827; x_wconf 70' lang='grc' dir='ltr'>ἕνεκα</span> <span class='ocrx_word' id='word_1_861' title='bbox 3490 4777 3678 4846; x_wconf 81' lang='grc' dir='ltr'>χρείας</span> 
     </span>
    </p>
   </div>
   <div class='ocr_carea' id='block_1_105' title="bbox 2101 4856 3678 4938">
    <p class='ocr_par' dir='ltr' id='par_1_105' title="bbox 2101 4856 3678 4938">
     <span class='ocr_line' id='line_1_105' title="bbox 2101 4856 3678 4938; baseline 0.008 -29"><span class='ocrx_word' id='word_1_862' title='bbox 2101 4856 2276 4910; x_wconf 82' lang='grc' dir='ltr'>ταῦτά</span> <span class='ocrx_word' id='word_1_863' title='bbox 2324 4858 2508 4919; x_wconf 66' lang='grc' dir='ltr'>ἔστιν,</span> <span class='ocrx_word' id='word_1_864' title='bbox 2551 4857 2781 4927; x_wconf 82' lang='grc' dir='ltr'>δργανον</span> <span class='ocrx_word' id='word_1_865' title='bbox 2822 4859 2927 4930; x_wconf 74' lang='grc' dir='ltr'><strong>ἄρα</strong></span> <span class='ocrx_word' id='word_1_866' title='bbox 2966 4861 3065 4931; x_wconf 80' lang='grc' dir='ltr'><strong>τῆς</strong></span> <span class='ocrx_word' id='word_1_867' title='bbox 3112 4862 3267 4932; x_wconf 79' lang='grc' dir='ltr'>ἡμῶν</span> <span class='ocrx_word' id='word_1_868' title='bbox 3312 4865 3678 4938; x_wconf 76' lang='grc' dir='ltr'>δημιουργίας</span> 
     </span>
    </p>
   </div>
   <div class='ocr_carea' id='block_1_106' title="bbox 2102 4944 3677 5027">
    <p class='ocr_par' dir='ltr' id='par_1_106' title="bbox 2102 4944 3677 5027">
     <span class='ocr_line' id='line_1_106' title="bbox 2102 4944 3677 5027; baseline 0.01 -29"><span class='ocrx_word' id='word_1_869' title='bbox 2102 4947 2269 5012; x_wconf 73' lang='grc' dir='ltr'>ἐστὶν,</span> <span class='ocrx_word' id='word_1_870' title='bbox 2304 4946 2403 4998; x_wconf 84' lang='grc' dir='ltr'><strong>οὐκ</strong></span> <span class='ocrx_word' id='word_1_871' title='bbox 2450 4944 2510 5009; x_wconf 74' lang='grc' dir='ltr'><strong>ἐξ</strong></span> <span class='ocrx_word' id='word_1_872' title='bbox 2547 4947 2739 5001; x_wconf 77' lang='grc' dir='ltr'>ἑαυτοῦ</span> <span class='ocrx_word' id='word_1_873' title='bbox 2784 4949 3021 5013; x_wconf 80' lang='grc' dir='ltr'>τοιοῦτος</span> <span class='ocrx_word' id='word_1_874' title='bbox 3066 4952 3347 5023; x_wconf 80' lang='grc' dir='ltr'><strong>ὑπάρχων,</strong></span> <span class='ocrx_word' id='word_1_875' title='bbox 3388 4955 3507 5010; x_wconf 80' lang='grc' dir='ltr'>ἀλλ’</span> <span class='ocrx_word' id='word_1_876' title='bbox 3536 4958 3677 5027; x_wconf 65' lang='lat' dir='ltr'><strong>obrui</strong></span> 
     </span>
    </p>
   </div>
   <div class='ocr_carea' id='block_1_107' title="bbox 2106 5034 3676 5119">
    <p class='ocr_par' dir='ltr' id='par_1_107' title="bbox 2106 5034 3676 5119">
     <span class='ocr_line' id='line_1_107' title="bbox 2106 5034 3676 5119; baseline -0.003 -14"><span class='ocrx_word' id='word_1_877' title='bbox 2106 5035 2344 5105; x_wconf 81' lang='grc' dir='ltr'>γεγονὼς</span> <span class='ocrx_word' id='word_1_878' title='bbox 2392 5036 2460 5088; x_wconf 77' lang='grc' dir='ltr'>δι’</span> <span class='ocrx_word' id='word_1_879' title='bbox 2490 5034 2785 5107; x_wconf 50' lang='grc' dir='ltr'><strong>ἡμᾶς-’Δρ</strong></span> <span class='ocrx_word' id='word_1_880' title='bbox 2816 5034 2906 5092; x_wconf 84' lang='grc' dir='ltr'><strong>οὖν</strong></span> <span class='ocrx_word' id='word_1_881' title='bbox 2949 5040 3137 5111; x_wconf 84' lang='grc' dir='ltr'>ὥσπερ</span> <span class='ocrx_word' id='word_1_882' title='bbox 3166 5043 3407 5098; x_wconf 85' lang='grc' dir='ltr'>καλεῖται</span> <span class='ocrx_word' id='word_1_883' title='bbox 3448 5046 3676 5119; x_wconf 82' lang='grc' dir='ltr'>δύναμις</span> 
     </span>
    </p>
   </div>
   <div class='ocr_carea' id='block_1_108' title="bbox 2105 5128 3673 5209">
    <p class='ocr_par' dir='ltr' id='par_1_108' title="bbox 2105 5128 3673 5209">
     <span class='ocr_line' id='line_1_108' title="bbox 2105 5128 3673 5209; baseline 0.007 -27"><span class='ocrx_word' id='word_1_884' title='bbox 2105 5129 2193 5182; x_wconf 83' lang='grc' dir='ltr'>διὰ</span> <span class='ocrx_word' id='word_1_885' title='bbox 2236 5130 2303 5182; x_wconf 85' lang='grc' dir='ltr'><strong>τὰ</strong></span> <span class='ocrx_word' id='word_1_886' title='bbox 2333 5128 2730 5199; x_wconf 83' lang='grc' dir='ltr'>δυναμούμενα,</span> <span class='ocrx_word' id='word_1_887' title='bbox 2759 5132 2853 5185; x_wconf 79' lang='grc' dir='ltr'>καὶ</span> <span class='ocrx_word' id='word_1_888' title='bbox 2900 5133 3059 5199; x_wconf 82' lang='grc' dir='ltr'>σοφία</span> <span class='ocrx_word' id='word_1_889' title='bbox 3104 5133 3192 5186; x_wconf 82' lang='grc' dir='ltr'>διὰ</span> <span class='ocrx_word' id='word_1_890' title='bbox 3228 5136 3295 5187; x_wconf 82' lang='grc' dir='ltr'><strong>τὰ</strong></span> <span class='ocrx_word' id='word_1_891' title='bbox 3340 5138 3673 5209; x_wconf 79' lang='grc' dir='ltr'>σοφούμενα,</span> 
     </span>
    </p>
   </div>
   <div class='ocr_carea' id='block_1_109' title="bbox 2102 5220 3672 5293">
    <p class='ocr_par' dir='ltr' id='par_1_109' title="bbox 2102 5220 3672 5293">
     <span class='ocr_line' id='line_1_109' title="bbox 2102 5220 3672 5293; baseline 0.008 -20"><span class='ocrx_word' id='word_1_892' title='bbox 2102 5220 2244 5273; x_wconf 82' lang='grc' dir='ltr'>οῦτω</span> <span class='ocrx_word' id='word_1_893' title='bbox 2273 5220 2368 5272; x_wconf 78' lang='grc' dir='ltr'>καὶ</span> <span class='ocrx_word' id='word_1_894' title='bbox 2403 5220 2431 5272; x_wconf 91' lang='grc'><strong>6</strong></span> <span class='ocrx_word' id='word_1_895' title='bbox 2466 5220 2587 5283; x_wconf 74' lang='grc' dir='ltr'><strong>Υἱὸς</strong></span> <span class='ocrx_word' id='word_1_896' title='bbox 2613 5221 2700 5274; x_wconf 81' lang='grc' dir='ltr'>διὰ</span> <span class='ocrx_word' id='word_1_897' title='bbox 2728 5222 2795 5274; x_wconf 87' lang='grc' dir='ltr'><strong>τὰ</strong></span> <span class='ocrx_word' id='word_1_898' title='bbox 2821 5223 3223 5293; x_wconf 75' lang='grc' dir='ltr'>υίοποιούμενα,</span> <span class='ocrx_word' id='word_1_899' title='bbox 3252 5228 3343 5279; x_wconf 76' lang='grc' dir='ltr'>καὶ</span> <span class='ocrx_word' id='word_1_900' title='bbox 3370 5230 3525 5282; x_wconf 81' lang='grc' dir='ltr'>οὐδέν</span> <span class='ocrx_word' id='word_1_901' title='bbox 3560 5233 3672 5285; x_wconf 75' lang='grc' dir='ltr'>ἐστι</span> 
     </span>
    </p>
   </div>
   <div class='ocr_carea' id='block_1_110' title="bbox 2102 5310 3673 5389">
    <p class='ocr_par' dir='ltr' id='par_1_110' title="bbox 2102 5310 3673 5389">
     <span class='ocr_line' id='line_1_110' title="bbox 2102 5310 3673 5389; baseline 0.01 -26"><span class='ocrx_word' id='word_1_902' title='bbox 2102 5312 2305 5383; x_wconf 84' lang='grc' dir='ltr'>κυρίως</span> <span class='ocrx_word' id='word_1_903' title='bbox 2333 5310 2401 5363; x_wconf 87' lang='grc' dir='ltr'>δι’</span> <span class='ocrx_word' id='word_1_904' title='bbox 2431 5312 2639 5374; x_wconf 80' lang='grc' dir='ltr'>ἑαυτὸν,</span> <span class='ocrx_word' id='word_1_905' title='bbox 2670 5312 2844 5366; x_wconf 84' lang='grc' dir='ltr'>πάντα</span> <span class='ocrx_word' id='word_1_906' title='bbox 2870 5314 2925 5367; x_wconf 79' lang='grc' dir='ltr'>δὲ</span> <span class='ocrx_word' id='word_1_907' title='bbox 2950 5316 3120 5369; x_wconf 86' lang='grc' dir='ltr'>ταῦτα</span> <span class='ocrx_word' id='word_1_908' title='bbox 3145 5316 3210 5371; x_wconf 85' lang='grc' dir='ltr'>δι’</span> <span class='ocrx_word' id='word_1_909' title='bbox 3233 5321 3398 5389; x_wconf 79' lang='grc' dir='ltr'>ἡμᾶς.</span> <span class='ocrx_word' id='word_1_910' title='bbox 3434 5322 3559 5386; x_wconf 84' lang='grc' dir='ltr'><strong>Πῶς</strong></span> <span class='ocrx_word' id='word_1_911' title='bbox 3582 5320 3673 5377; x_wconf 83' lang='grc' dir='ltr'><strong>οῦν</strong></span> 
     </span>
    </p>
   </div>
   <div class='ocr_carea' id='block_1_111' title="bbox 2103 5396 3671 5485">
    <p class='ocr_par' dir='ltr' id='par_1_111' title="bbox 2103 5396 3671 5485">
     <span class='ocr_line' id='line_1_111' title="bbox 2103 5396 3671 5485; baseline 0.008 -29"><span class='ocrx_word' id='word_1_912' title='bbox 2103 5404 2409 5473; x_wconf 76' lang='grc' dir='ltr'>σωθήσεται</span> <span class='ocrx_word' id='word_1_913' title='bbox 2436 5404 2495 5456; x_wconf 82' lang='grc' dir='ltr'>τὸ</span> <span class='ocrx_word' id='word_1_914' title='bbox 2535 5406 2592 5456; x_wconf 81' lang='grc' dir='ltr'>ὲν</span> <span class='ocrx_word' id='word_1_915' title='bbox 2614 5396 2867 5475; x_wconf 71' lang='grc' dir='ltr'>Ψαλμοῖς</span> <span class='ocrx_word' id='word_1_916' title='bbox 2888 5407 3145 5477; x_wconf 74' lang='grc' dir='ltr'>ᾀδόμενον</span> <span class='ocrx_word' id='word_1_917' title='bbox 3166 5426 3178 5438; x_wconf 93' lang='grc'><strong>·</strong></span> <span class='ocrx_word' id='word_1_918' title='bbox 3209 5428 3228 5459; x_wconf 77' lang='grc' dir='ltr'><strong>ι</strong></span> <span class='ocrx_word' id='word_1_919' title='bbox 3254 5412 3427 5475; x_wconf 83' lang='grc' dir='ltr'>Δύτὸς</span> <span class='ocrx_word' id='word_1_920' title='bbox 3450 5416 3671 5485; x_wconf 81' lang='grc' dir='ltr'>ἐποίησε</span> 
     </span>
    </p>
   </div>
   <div class='ocr_carea' id='block_1_112' title="bbox 2099 5492 3670 5574">
    <p class='ocr_par' dir='ltr' id='par_1_112' title="bbox 2099 5492 3670 5574">
     <span class='ocr_line' id='line_1_112' title="bbox 2099 5492 3670 5574; baseline 0.006 -29"><span class='ocrx_word' id='word_1_921' title='bbox 2099 5494 2267 5562; x_wconf 82' lang='grc' dir='ltr'>ἡμᾶς,</span> <span class='ocrx_word' id='word_1_922' title='bbox 2303 5494 2394 5546; x_wconf 72' lang='grc' dir='ltr'><strong>καὶ</strong></span> <span class='ocrx_word' id='word_1_923' title='bbox 2418 5492 2516 5561; x_wconf 80' lang='grc' dir='ltr'><strong>οὐχ</strong></span> <span class='ocrx_word' id='word_1_924' title='bbox 2543 5496 2720 5563; x_wconf 78' lang='grc' dir='ltr'>ἡμεῖς,</span> <span class='ocrx_word' id='word_1_925' title='bbox 2751 5514 2769 5547; x_wconf 76' lang='grc' dir='ltr'><strong>ι</strong></span> <span class='ocrx_word' id='word_1_926' title='bbox 2800 5496 2957 5567; x_wconf 71' lang='grc' dir='ltr'>εἴπερ</span> <span class='ocrx_word' id='word_1_927' title='bbox 2993 5501 3155 5567; x_wconf 72' lang='grc' dir='ltr'>ἡμεῖς</span> <span class='ocrx_word' id='word_1_928' title='bbox 3188 5492 3336 5569; x_wconf 83' lang='grc' dir='ltr'><strong>αὺτῷ</strong></span> <span class='ocrx_word' id='word_1_929' title='bbox 3359 5501 3670 5574; x_wconf 82' lang='grc' dir='ltr'>δεδώκαμεν</span> 
     </span>
    </p>
   </div>
   <div class='ocr_carea' id='block_1_113' title="bbox 2099 5580 3671 5665">
    <p class='ocr_par' dir='ltr' id='par_1_113' title="bbox 2099 5580 3671 5665">
     <span class='ocr_line' id='line_1_113' title="bbox 2099 5580 3671 5665; baseline 0.01 -31"><span class='ocrx_word' id='word_1_930' title='bbox 2099 5581 2191 5634; x_wconf 88' lang='grc' dir='ltr'><strong>τοῦ</strong></span> <span class='ocrx_word' id='word_1_931' title='bbox 2226 5580 2365 5637; x_wconf 78' lang='grc' dir='ltr'>εἶναι</span> <span class='ocrx_word' id='word_1_932' title='bbox 2396 5582 2492 5646; x_wconf 80' lang='grc' dir='ltr'><strong>τὰς</strong></span> <span class='ocrx_word' id='word_1_933' title='bbox 2524 5584 2733 5651; x_wconf 86' lang='grc' dir='ltr'>αίτίας;</span> <span class='ocrx_word' id='word_1_934' title='bbox 2759 5587 2818 5639; x_wconf 84' lang='lat' dir='ltr'><strong>El</strong></span> <span class='ocrx_word' id='word_1_935' title='bbox 2853 5587 2959 5657; x_wconf 83' lang='grc' dir='ltr'><strong>γὰρ</strong></span> <span class='ocrx_word' id='word_1_936' title='bbox 2987 5589 3079 5641; x_wconf 78' lang='grc' dir='ltr'><strong>καὶ</strong></span> <span class='ocrx_word' id='word_1_937' title='bbox 3110 5591 3272 5654; x_wconf 79' lang='grc' dir='ltr'><strong>αὐτὸς</strong></span> <span class='ocrx_word' id='word_1_938' title='bbox 3305 5593 3549 5661; x_wconf 77' lang='grc' dir='ltr'>φαίνοιτο</span> <span class='ocrx_word' id='word_1_939' title='bbox 3575 5597 3671 5665; x_wconf 80' lang='grc' dir='ltr'><strong>τῆς</strong></span> 
     </span>
    </p>
   </div>
   <div class='ocr_carea' id='block_1_114' title="bbox 2327 5755 3665 5833">
    <p class='ocr_par' dir='ltr' id='par_1_114' title="bbox 2327 5755 3665 5833">
     <span class='ocr_line' id='line_1_114' title="bbox 2327 5755 3665 5833; baseline 0.011 -23"><span class='ocrx_word' id='word_1_940' title='bbox 2327 5756 2369 5789; x_wconf 87' lang='grc'><strong>¹⁶</strong></span> <span class='ocrx_word' id='word_1_941' title='bbox 2397 5755 2710 5826; x_wconf 57' lang='lat' dir='ltr'><strong>Joeluﬂ-‘e’.</strong></span> <span class='ocrx_word' id='word_1_942' title='bbox 2796 5762 2837 5791; x_wconf 86' lang='lat'><strong>&quot;</strong></span> <span class='ocrx_word' id='word_1_943' title='bbox 2870 5759 3257 5833; x_wconf 77' lang='lat' dir='ltr'><strong>Psal.cx1.vnt,</strong></span> <span class='ocrx_word' id='word_1_944' title='bbox 3303 5766 3360 5819; x_wconf 72' lang='lat'><strong>2.</strong></span> <span class='ocrx_word' id='word_1_945' title='bbox 3448 5769 3494 5802; x_wconf 83' lang='lat'><strong>&quot;</strong></span> <span class='ocrx_word' id='word_1_946' title='bbox 3523 5767 3665 5825; x_wconf 80' lang='lat' dir='ltr'><strong>Psal.</strong></span> 
     </span>
    </p>
   </div>
  </div>
