4024 6532
340 540 439 596 301
780 575 818 591 ο

1709 522 2149 581 TIIESAURUS.

3493 514 3602 572 509

343 655 613 729 ποιήσεως
650 655 807 727 ἡμῶν
838 653 1154 727 αὐτουργὸς,
1181 653 1295 708 ἀλλ’
1318 654 1478 724 ἡμεῖς
1513 650 1661 720 αὐτῷ
1692 650 1921 718 γεγόνα-

2055 645 2363 703 ιέὶειεηάἰῖ
2404 645 2515 698 Etsi
2573 641 2715 697 enim
2756 641 3004 697 videnlur
3061 637 3355 695 crcatiuuis
3400 648 3605 695 nostra:

346 761 448 818 μεν
494 743 588 797 τοῦ
630 738 771 797 εῖναι
799 740 870 794 τὰ
899 739 1213 812 σπέρματα,
1245 742 1340 793 καὶ
1376 739 1464 793 διὰ
1505 739 1606 808 τὴν
1647 734 1921 807 ἡμετέραν

346 835 533 907 χρείαν
576 833 825 904 ἐκτίσθη,
853 832 974 886 καθ’
1008 832 1389 903 ὐμᾶς.’¹Ωσπερ
1414 829 1605 901 ἀμέλει
1634 828 1729 881 καὶ
1769 827 1798 878 6
1836 826 1923 878 οὐ·

348 927 525 997 ρανὸς,
558 926 644 979 ἵνα
680 923 926 995 καλύπτῃ
976 923 1102 986 τοὺς
1151 923 1245 975 ἐπὶ
1294 924 1419 992 γῆς,
1452 921 1547 974 καὶ
1581 921 1610 972 6
1642 918 1793 989 ἣλιος
1839 917 1923 969 ἵνα

348 1014 513 1085 φαίνῃ
540 1016 652 1075 τοῖς
679 1013 857 1082 φωτὸς
883 1012 1156 1074 δεομένοις
1178 1027 1192 1040 ο
1228 1011 1321 1065 καὶ
1354 1012 1386 1081 ἠ
1418 1009 1489 1079 γῆ
1517 1008 1573 1062 δὲ
1600 1007 1803 1078 ὁμοίως
1838 1006 1925 1058 ῖνα

346 1104 517 1175 τρέφῃ
547 1104 615 1156 τὰ
638 1104 849 1175 τροφῆς
873 1103 1124 1173 δεόμενα.
1153 1104 1263 1156 Καὶ
1305 1102 1366 1155 τὸ
1411 1100 1662 1171 περιττὸν
1685 1099 1839 1153 οὐδὲν
1866 1101 1925 1151 ὲν

351 1194 463 1265 ru;
492 1196 585 1249 καὶ
614 1197 931 1266 κτίσμασιν,
959 1195 1013 1248 εῐ
1041 1213 1103 1264 γε
1143 1192 1240 1248 καὶ
1264 1195 1425 1258 αὐτὸς
1453 1194 1530 1258 ὡς
1560 1194 1747 1247 ἐκεῖνα
1772 1191 1924 1256 τάξιν

347 1285 459 1358 ἔχει
495 1288 593 1358 τὴν
620 1287 961 1358 ὑπουργικήν
981 1304 995 1321 ·
1030 1284 1198 1356 φεῦγε
1229 1285 1323 1339 τοῦ
1350 1285 1510 1355 λόγου
1538 1285 1639 1358 τὴν
1668 1283 1921 1339 ἀτοπίαν.

784 1581 991 1644 ΔΛΛΟ,
1028 1581 1097 1634 ἐκ
1135 1580 1255 1634 τῶν
1288 1579 1505 1636 αὐτῶν.

430 1690 744 1761 ὐμολογεῖς
796 1691 891 1744 καὶ
937 1691 1106 1756 ἄκων,
1139 1692 1404 1763 αίρετικὲ,
1435 1691 1533 1763 τὴν
1565 1691 1803 1763 ἔμφυτον
1832 1693 1927 1746 τοῦ

350 1780 486 1835 Θεοῦ
514 1783 705 1850 σοφίαν
744 1782 840 1834 καὶ
880 1782 1130 1853 δύναμιν,
1164 1784 1443 1855 ἀγενήτως
1476 1784 1805 1854 ἐνυπάρχειν
1837 1784 1932 1837 a6-

350 1874 457 1945 τῷ’
490 1875 617 1929 ὅταν
658 1870 750 1927 οὖν
800 1874 1038 1945 ἀκούσῃς
1066 1874 1329 1946 ἀγένητον
1353 1874 1445 1929 τὸν
1481 1875 1627 1938 Υίὸν,
1660 1874 1734 1945 μὴ
1769 1874 1931 1928 πάλιν

2024 754 2146 795 esse
2189 736 2394 809 opifex,
2429 748 2529 790 nos
2563 743 2743 789 tamen
2791 748 2978 789 sumus
3017 746 3178 787 causa
3225 741 3280 785 et
3307 730 3465 800 quasi
3514 742 3604 784 εε-

2024 830 2173 885 mina
2206 828 2376 899 ipsius
2406 824 2761 889 cxsistentiae,
2800 835 2856 878 et
2885 823 2939 877 in
2976 830 3222 878 nostrum
3257 835 3414 876 usum
3450 834 3605 875 crea-

2028 932 2112 978 tus
2146 929 2253 987 est,
2291 931 2352 975 ut
2379 934 2477 974 vos
2503 918 2690 974 vultis.
2723 915 3197 983 Quemadmodum
3225 914 3458 968 fortasse
3495 924 3611 967 coe-

2028 1012 2137 1067 lum
2169 1020 2227 1067 ut
2254 1020 2399 1083 tegat
2434 1025 2529 1067 eos
2553 1009 2646 1079 qui
2679 1008 2732 1063 in
2765 1009 2929 1063 terris
2953 1015 3103 1071 sunt,
3133 1016 3187 1061 et
3226 1004 3303 1060 sol
3346 1014 3405 1057 ut
3429 1002 3608 1057 luceat

2029 1104 2098 1159 iis
2130 1103 2221 1173 qui
2266 1092 2470 1158 lumine
2516 1110 2701 1184 egent,
2749 1109 2804 1156 et
2839 1107 2985 1154 terra
3028 1109 3087 1154 ut
3134 1097 3337 1152 nutriat
3378 1110 3441 1151 ea
3487 1110 3610 1165 qua:

2032 1195 2364 1251 nutrimento
2395 1194 2662 1264 indigent.
2698 1194 2877 1263 Atque
2911 1192 2986 1247 ita
3012 1190 3146 1245 nihil
3177 1189 3409 1258 amplius
3435 1188 3489 1243 in
3520 1187 3610 1242 Fi-

2030 1285 2123 1350 lio,
2166 1299 2330 1354 quam
2372 1278 2431 1339 in
2471 1283 2778 1350 creaturis;
2826 1280 3094 1352 siquidem
3138 1290 3194 1335 et
3224 1279 3342 1349 ipse
3385 1278 3611 1348 perinde

2030 1386 2192 1446 atque
2234 1375 2340 1431 illae
2385 1374 2732 1435 ministrandi
2770 1388 2969 1429 munus
3009 1372 3173 1428 habet
3202 1389 3215 1426 :
3240 1373 3382 1442 quod
3418 1371 3471 1425 in
3504 1370 3619 1440 pri-

2032 1470 2137 1526 mis
2162 1469 2455 1525 absurdum
2488 1476 2590 1524 est.

2538 1579 2770 1649 ALIUD,
2800 1598 2864 1637 ex
2890 1582 3098 1636 iisdem.

2105 1702 2321 1757 Fateris
2351 1700 2512 1756 etiam
2541 1698 2766 1765 invitus,
2795 1698 3075 1763 haeretice,
3117 1697 3360 1750 innatam
3396 1695 3491 1750 Dei
3522 1710 3611 1749 sa~

2034 1793 2299 1864 pientiam
2328 1807 2393 1847 ac
2418 1789 2717 1863 potentiam
2751 1789 3049 1844 increatam
3083 1786 3135 1841 in
3166 1788 3280 1856 ipso
3303 1785 3570 1841 exsistere
3600 1805 3612 1837 :

2036 1900 2159 1939 cum
2210 1884 2379 1955 igitur
2414 1882 2609 1937 audies
2648 1880 2946 1951 ingenitum
2985 1892 3110 1934 esse
3136 1876 3358 1943 Filium,
3386 1891 3455 1931 ne
3496 1888 3614 1930 rur-

351 1965 477 2036 λέγε
496 1984 510 1998 ·
540 1966 642 2019 Δύο
667 1962 765 2020 οὖν
791 1966 1046 2036 ἀγένητα.
1078 1966 1256 2037 Αὐτὴν
1281 1966 1338 2019 δὲ
1368 1966 1573 2036 ταύτην
1594 1966 1691 2038 τὴν
1716 1968 1774 2019 ὲν
1814 1966 1932 2038 Θεῷ

2055 1991 2155 2030 tum
2213 1975 2402 2029 dicas:
2438 1973 2552 2027 Duo
2599 1971 2764 2043 igitur
2798 1980 2928 2026 sunt
2959 1968 3219 2041 ingenita.
3264 1965 3418 2022 Hanc
3472 1966 3617 2021 cnim

355 2057 546 2127 σοφίαν
572 2059 667 2111 καὶ
692 2057 923 2126 δύναμιν
957 2058 1235 2128 ἀγενήτως
1259 2076 1319 2111 τε
1352 2059 1445 2112 καὶ
1483 2059 1725 2129 ἁχρόνως
1755 2058 1932 2131 ὑπάρ-

353 2163 557 2220 χουσαν
586 2148 914 2219 πιστεύομεν
939 2144 1080 2202 εἶναι
1101 2149 1193 2203 τὸν
1214 2149 1366 2213 Υίὸν,
1385 2149 1444 2211 ὃς
1466 2150 1559 2202 καὶ
1584 2149 1762 2203 πάντα
1789 2150 1936 2221 δεδη-

358 2239 683 2311 μιοῦργηκε,
701 2239 795 2294 καὶ
815 2240 879 2293 δι’
907 2242 1054 2312 ἡμᾶς
1077 2240 1269 2309 γέγονε
1300 2239 1457 2311 σὰρξ,
1480 2239 1622 2294 κατὰ
1642 2242 1742 2312 τὴν
1758 2241 1935 2295 Ἰωάν-

356 2349 448 2387 νου
479 2334 688 2403 φωνήν.

360 2446 563 2511 MAG,
604 2446 685 2512 ὡς
720 2445 790 2499 ἐν
824 2445 1170 2517 ἐρωτήσεως
1208 2448 1493 2517 σχήματι,
1514 2447 1940 2515 ἀποδεικτικὴν

918 2517 1065 2585 ἕχον
1100 2515 1383 2589 δύναμιν.

429 2627 581 2681 Διατί
621 2626 691 2681 τὰ
738 2627 917 2681 πάντα
954 2630 982 2682 6
1025 2630 1218 2700 Πατὴρ
1268 2630 1563 2701 ἐργάζεται
1609 2631 1679 2685 δι’
1708 2631 1938 2701 Υίοῦςῆ

355 2719 499 2774 διατι
547 2719 710 2773 πάλιν
742 2720 798 2771 ὲν
843 2720 922 2791 τῷ
964 2721 1104 2791 ἁγίῳ
1136 2720 1472 2793 βαπτίσματι
1499 2723 1593 2776 καὶ
1632 2725 1660 2776 6
1694 2722 1823 2784 Υἱὸς
1864 2721 1942 2791 τῷ

358 2810 536 2881 Πατρὶ
586 2810 1125 2881 συγκατονομάζεται
1152 2827 1168 2877 ;
1219 2813 1371 2866 Διατί
1398 2812 1458 2865 δὲ
1495 2814 1729 2883 γενητῆς
1762 2810 1941 2882 ὑπάρ-

356 2920 468 2973 χων
491 2902 727 2970 φύσεως,
760 2901 883 2956 καθ’
916 2904 1083 2972 ὑμᾶς,
1111 2902 1531 2973 συναριθμεῖται
1557 2902 1635 2972 τῷ
1660 2902 1941 2967 κτίσαντι;

358 2993 455 3057 Τίς
499 2994 557 3047 δὲ
604 2994 763 3065 χρεία
801 2994 1297 3065 τοῦιπεποιημένου
1342 2998 1422 3057 είς
1459 2995 1560 3065 τὴν
1587 2994 1694 3048 τῶν
1730 2994 1945 3049 πάντων

357 3084 642 3137 τελείωσιν
674 3083 768 3137 καὶ
804 3084 1110 3155 ἁγιασμόν;
1162 3084 1288 3147 Πῶς
1311 3084 1368 3138 δὲ
1405 3085 1597 3155 βοηθὸν
1630 3084 1794 3138 αὐτὸν
1828 3086 1947 3137 ἐπι-

360 3173 712 3244 καλούμεθα;
748 3174 943 3228 Καίτοι
992 3174 1162 3229 πολλὰ
1210 3175 1308 3245 μὲν
1340 3176 1435 3228 καὶ
1476 3175 1639 3245 ἕτερα
1672 3176 1947 3245 κτίσματα

360 3264 625 3331 γεγονότα
664 3261 934 3331 φαίνεται,
966 3263 1099 3317 ἀλλὰ
1133 3264 1338 3318 τούτων
1369 3262 1521 3319 οὐδὲν
1568 3268 1648 3329 είς
1690 3266 1790 3335 τὴν
1838 3266 1947 3319 τῶν

361 3324 890 3425 εἰρημένων-χρείαν
919 3324 1407 3424 ζπαραλαμϐάνεται
1429 3370 1443 3385 ·
1487 3324 1648 3425 μόνος
1680 3324 1794 3409 8έό
1824 3355 1947 3419 Υἱὸς
1976 3324 2022 3385 C

363 3447 451 3502 ἀεὶ
485 3445 849 3516 συνυπάρχων
881 3446 961 3516 τῷ
990 3445 1181 3517 Πατρί.
1220 3446 1377 3499 Ποῖον
1416 3445 1526 3518 γὰρ
1553 3445 1665 3517 ἔχει
1696 3446 1871 3515 λόγον,
1904 3448 1951 3500 εί

367 3537 442 3609 μὴ
475 3537 609 3599 Θεὸς
633 3536 869 3608 ὖπάρχοι
900 3538 993 3590 καὶ
1028 3536 1212 3601 αὐτὸς,
1248 3539 1327 3600 είς
1358 3538 1583 3607 κτίστην
1610 3539 1705 3591 καὶ
1749 3537 1951 3607 κτίσμα

364 3631 464 3701 τὴν
515 3630 697 3683 πίστιν
743 3629 1149 3699 κυρήττεσθαι;
1192 3629 1345 3681 Διατί
1391 3629 1447 3682 δὲ
1501 3629 1593 3684 καὶ
1622 3630 1953 3700 δημιουργὸς

364 3721 715 3793 ὀνομάζεται,
746 3721 795 3773 εί
833 3720 908 3789 μὴ
935 3719 1093 3773 τοῦτό
1117 3722 1232 3772 ἐστι
1268 3719 1409 3773 κατὰ
1442 3719 1604 3789 φύσιν
1633 3721 1771 3791 ὅπερ
1805 3721 1899 3773 καὶ
1927 3722 1955 3774 6

367 3814 591 3882 Hafﬁp;
621 3811 733 3865 Kal.
766 3811 872 3881 μὴν
910 3811 1071 3876 αὐτὸς
1110 3810 1311 3881 ἔφησεν
1346 3812 1373 3863 6
1403 3812 1526 3873 Υἱός
1546 3830 1557 3841 ·
1604 3832 1620 3862 ι
1651 3813 1835 3865 Πάντα
1855 3813 1955 3866 ὅσα

368 3905 481 3975 ἔχει
509 3905 538 3956 6
574 3903 785 3973 Πατὴρ,
820 3902 930 3973 ἐμά
960 3904 1098 3955 ἐστι.
1138 3904 1321 3973 »Ἔχει
1346 3902 1402 3955 δὲ
1432 3905 1459 3956 6
1485 3903 1673 3974 Πατὴρ
1701 3903 1761 3956 τὸ
1793 3903 1954 3956 δύνα-

369 3994 495 4049 σθαι
520 3995 892 4064 δημιουργεῖν,
920 3994 1078 4047 τοῦτο
1109 3995 1201 4048 καὶ
1230 3995 1289 4047 ὲν
1314 3994 1427 4065 ra;
1453 3994 1703 4058 σώζεται.
1724 3997 1955 4066 Ὁμοίως

367 4087 433 4141 τὸ
460 4086 732 4155 ἁγιάζειν,
772 4086 834 4140 τὸ
862 4085 1076 4150 σώζειν,
1110 4086 1204 4140 καί¹
1244 4086 1344 4140 ὅσα
1376 4088 1575 4158 πρέπει
1613 4088 1752 4158 Θεῷ,
1778 4091 1955 4143 πάντα

367 4178 438 4232 δι’
468 4179 621 4232 Υἰοῢ.
652 4178 883 4231 Σύνεστι
916 4177 1025 4247 γὰρ
1059 4178 1146 4230 ἀεὶ
1182 4176 1261 4248 τῷ
1295 4180 1491 4249 Πατρὶ,
1525 4180 1602 4242 ὠς
1630 4179 1708 4249 τῷ
1735 4181 1874 4248 φωτὶ
1897 4180 1957 4232 τὸ

368 4269 736 4340 ἀπαύγασμα.
783 4268 916 4332 Θεὸς
948 4271 1055 4340 ἄρα
1092 4261 1241 4333 Υἱὸς,
1272 4270 1332 4323 οὐ
1374 4272 1758 4342 πεποιημένος,
1785 4274 1955 4326 καθά-

372 4377 480 4432 περ
534 4362 733 4414 ἐκεῖνοι
788 4361 1111 4431 ψευδόμενοι
1154 4360 1425 4428 λέγουσιν,
1465 4362 1578 4415 ἀλλ’
1609 4364 1674 4415 ὲκ
1716 4364 1814 4434 τῆς
1863 4363 1956 4417 τοῦ

371 4453 588 4523 Πατρὸς
617 4452 806 4516 οὐσίας
837 4452 1116 4524 προελθὼν
1145 4454 1366 4524 γνήσιον
1392 4452 1656 4524 γέννημα.

884 4575 1244 4659 ΛΟΓΟΣ
1318 4574 1465 4659 ΙΖ’.

372 4729 508 4783 Ὀτι
544 4731 663 4784 τῶν
692 4731 1045 4802 «pavor-rw?
1092 4731 1173 4796 τῷ
1221 4730 1362 4802 7Υ2ῷ,
1405 4732 1586 4787 οὐδὲν
1640 4735 1715 4802 τῇ
1758 4734 1952 4789 κτίσει

445 4802 740 4873 πρόσεστι
794 4799 1083 4873 φυσικῶς·
1145 4801 1344 4873 πάντα
1385 4802 1454 4873 δὲ
1499 4804 1568 4857 ἐκ
1608 4799 1873 4873 μετοχῆς
1913 4805 1948 4872 ἢ

444 4870 573 4941 gqo’
603 4870 889 4941 ρμοίωσιν
931 4870 1047 4937 τὴν
1101 4871 1251 4939 πρὸς
1284 4872 1393 4923 τὸν
1424 4870 1667 4925 διδόντα
1696 4870 1885 4941 saepe?!
1921 4870 1952 4928 ὀ

542 4939 674 5011 Hoc
700 4943 810 5011 οὐχ
842 4941 1048 5005 οὕτως.
1093 4937 1304 5009 Διόπερ
1342 4942 1544 5009 ἔτερος
1575 4937 1711 5011 :mp‘
1735 4937 1948 5011 α’ὺτήν.

446 5009 515 5062 El
546 5008 614 5061 δὲ
636 5009 831 5073 τοῦτο,
851 5012 961 5062 οὐκ
988 5010 1101 5078 ἄρα
1120 5008 1345 5078 κτίσμα
1369 5008 1561 5066 ἐστίν.

823 5138 1142 5207 Ἀπολογία
1177 5142 1511 5205 αὐτολεξεί.

448 5248 511 5301 El
538 5248 687 5300 πᾶσα
718 5250 751 5318 ἡ
803 5250 979 5311 κτίσις
1008 5250 1066 5301 ὲν
1120 5250 1313 5321 ἀγνοίᾳ
1355 5251 1659 5323 καθέστηκε
1712 5258 1779 5325 τῇ
1826 5257 1954 5325 περὶ

367 5338 467 5392 τὸν
506 5336 761 5407 Πατέρα,
808 5337 983 5401 οὐδεὶς
1023 5337 1130 5407 γὰρ
1177 5334 1285 5392 οἶδε
1334 5340 1419 5402 τίς
1461 5342 1609 5395 ἐστιν
1657 5345 1685 5396 6
1722 5344 1948 5416 Πατὴρ,

371 5421 483 5481 οἶδε
508 5428 565 5481 δὲ
597 5428 755 5499 μόνος
787 5430 816 5480 6
839 5430 986 5495 Υἱὸς,
1016 5432 1114 5483 οὐκ
1139 5429 1245 5501 ἄρα
1281 5432 1487 5504 κτίσμα
1507 5437 1787 5504 τυγχάνει.

1059 5543 1262 5596 ΛΛΛο.

449 5648 510 5699 El
545 5650 710 5718 μηδὲν
740 5650 847 5703 τῶν
886 5652 1182 5721 γεγονότων
1230 5656 1348 5710 ἐστὶ
1383 5657 1538 5727 φύσει
1578 5660 1731 5725 Θεὸς,
1790 5663 1954 5733 φύσει

370 5738 428 5793 δὲ
455 5737 585 5802 Θεὸς
622 5743 650 5792 6
682 5740 825 5808 Υἱὸς,
856 5744 954 5797 οὐκ
988 5744 1093 5815 ἄρα
1149 5746 1257 5799 τῶν
1310 5751 1605 5819 γεγονότων
1652 5754 1820 5810 ἐστίν.
1846 5752 1954 5811 Ἶίν

446 5915 485 5948 ⁸⁸
521 5913 677 5979 Joan.
710 5932 747 5986 t,
778 5918 860 5973 Η.
939 5923 983 5954 ⁸⁸
1013 5920 1165 5979 Juan.
1206 5940 1314 5989 xrt,
1351 5926 1434 5980 15.

2040 2068 2209 2139 ipsam
2248 2066 2301 2121 in
2344 2065 2452 2121 Deo
2492 2062 2816 2135 sapientiam
2864 2069 2920 2119 et
2947 2061 3245 2133 potentiam
3294 2059 3619 2121 increatam,

2038 2168 2203 2230 atque
2254 2158 2323 2213 ab
2368 2166 2582 2214 aeterno
2632 2155 2735 2225 ipsi
2789 2155 3197 2210 ineasistentem
3245 2149 3445 2207 Filium
3500 2164 3621 2206 csse

2040 2249 2332 2315 credimus,
2363 2248 2455 2317 qui
2485 2246 2667 2302 omnia
2709 2242 2938 2311 creavit,
2978 2253 3033 2301 et
3061 2252 3283 2315 propter
3317 2256 3441 2309 nos,
3468 2240 3620 2314 juxta

2040 2339 2265 2397 Joannis
2284 2352 2474 2395 vocem
2496 2338 2565 2404 “,
2598 2338 2774 2395 factus
2807 2347 2893 2394 est
2916 2352 3063 2394 caro.

2041 2450 2275 2517 ALIUD,
2322 2465 2416 2520 per
2455 2449 2944 2520 interrogationem,
2992 2443 3468 2501 demonstrationis
3519 2445 3623 2499 vim

2732 2519 2948 2573 habent.

2115 2635 2475 2701 Quamobrem
2522 2636 2682 2693 Pater
2726 2631 2907 2686 omnia
2955 2644 3051 2699 per
3095 2628 3291 2683 Filium
3336 2628 3626 2697 operatur?

2044 2735 2139 2781 aut
2176 2740 2345 2795 quare
2386 2725 2440 2779 in
2489 2733 2698 2779 sancto.
2722 2722 3049 2792 baptismate
3086 2722 3249 2776 etiam
3297 2720 3469 2775 Filius
3504 2735 3628 2774 cum

2047 2814 2209 2871 Patre
2258 2815 2611 2869 nominatur?
2657 2814 2773 2882 Qua
2824 2815 2891 2869 de
2937 2812 3103 2867 causa
3148 2811 3336 2874 etiam,
3386 2826 3510 2865 cum
3560 2810 3627 2865 sil

2047 2914 2246 2962 creatae
2292 2915 2532 2969 naturai,
2576 2915 2637 2960 ut
2682 2919 2779 2959 vos
2833 2903 3157 2973 opinamini,
3209 2909 3635 2956 connumeratur

2049 2996 2327 3053 creatori?
2370 2995 2501 3063 Quae
2555 3011 2684 3051 vero
2735 2996 3033 3052 necessitas
3086 3003 3205 3049 erat
3251 3003 3517 3050 creaturae
3569 2994 3635 3047 ad

2048 3088 2292 3142 omnium
2322 3086 2707 3156 perfectionem
2751 3096 2805 3143 et
2835 3086 3367 3143 sanctiﬁcationem?
3403 3087 3511 3141 Aut
3539 3102 3636 3141 cur

2050 3178 2431 3234 auxiliatorem
2503 3189 2749 3233 nostrum
2816 3179 3172 3235 invocamus?
3228 3180 3393 3247 Atqui
3456 3178 3639 3232 multa:

2052 3271 2215 3325 etiam
2244 3270 2362 3326 aliae
2391 3278 2660 3325 creaturae
2687 3270 2844 3326 factae
2870 3280 3168 3341 apparent:
3192 3271 3357 3342 179
3377 3270 3471 3326 sed
3495 3270 3635 3324 nulla

2056 3363 2244 3417 harum
2276 3363 2343 3418 ad
2375 3363 2661 3431 praedictos
2692 3378 2826 3419 usus
2860 3364 3329 3429 accommodatur,
3370 3364 3464 3418 sed
3490 3362 3636 3418 solus

2054 3449 2227 3504 Filius
2254 3464 2469 3519 semper
2488 3452 2829 3506 coexslstens
2854 3450 3025 3505 Patri.
3061 3449 3323 3518 Quaenam
3353 3451 3506 3520 igitur
3548 3466 3637 3504 ra-

2059 3539 2132 3595 tio
2165 3547 2269 3605 est,
2295 3540 2342 3593 si
2378 3539 2492 3607 ipse
2524 3553 2631 3594 non
2664 3539 2736 3593 sit
2768 3540 2931 3604 Deus,
2973 3539 3026 3594 in
3059 3550 3365 3595 creatorem
3397 3547 3451 3592 et
3480 3552 3635 3592 crea-

2057 3641 2232 3683 turam
2267 3629 2525 3684 credere?
2558 3629 2666 3683 Aut
2703 3644 2872 3698 quare
2910 3640 3127 3685 creator
3165 3639 3415 3696 vocatur,
3448 3634 3492 3684 si
3523 3644 3631 3685 non

2057 3732 2140 3777 est
2160 3730 2353 3775 natura
2382 3722 2431 3775 id
2462 3720 2604 3791 quod
2629 3719 2823 3775 Pater?
2848 3721 2913 3775 At
2948 3735 3075 3776 vero
3107 3720 3275 3776 Filius
3307 3721 3384 3775 ait
3410 3740 3423 3775 :
3453 3740 3471 3773 ι
3506 3721 3638 3777 Om-

2059 3813 2146 3867 nia
2192 3828 2310 3881 qua:
2357 3812 2522 3867 habet
2568 3811 2727 3867 Pater
2778 3828 2897 3866 mea
2954 3812 3162 3867 sunt".
3198 3829 3215 3863 ι
3259 3810 3418 3865 Pater
3461 3824 3640 3866 autem

2060 3902 2223 3957 habet
2256 3903 2568 3957 facultatem
2603 3902 2847 3966 creandi,
2881 3902 3044 3956 habet
3075 3916 3205 3971 ergo
3234 3911 3289 3955 et
3323 3899 3512 3955 Filius.
3554 3900 3641 3954 Si-

2059 3994 2265 4048 militer
2286 4005 2339 4045 et
2362 3992 2725 4055 sanctiﬁcare,
2750 4002 2805 4047 et
2832 4007 3074 4056 servare,
3099 4003 3151 4046 et
3176 4006 3510 4062 quacunque
3535 3992 3644 4047 Dco

2060 4086 2415 4148 conveniunt,
2458 4085 2639 4139 omnia
2674 4099 2771 4154 per
2810 4082 3032 4138 Filium.
3089 4083 3318 4151 Semper
3357 4085 3503 4138 enim
3536 4100 3641 4138 una

2061 4194 2181 4233 cum
2234 4179 2393 4232 Patre
2440 4177 2674 4243 exsistit,
2722 4176 3176 4245 quemadmodum
3226 4175 3485 4245 Splendor
3520 4191 3642 4229 cum

2063 4270 2289 4324 lumine.
2340 4269 2481 4324 Deus
2529 4271 2713 4337 itaque
2747 4277 2831 4323 est
2875 4266 3067 4331 Filius,
3118 4281 3221 4321 non
3263 4266 3464 4332 factus,
3505 4268 3645 4323 sicut

2063 4362 2137 4416 illi
2170 4361 2495 4415 mentientes
2526 4369 2799 4423 asserunt,
2830 4360 2925 4413 sed
2968 4358 3287 4412 naturaliter
3315 4373 3381 4411 ex
3410 4360 3645 4414 essentia

2065 4453 2239 4507 Patris
2275 4452 2526 4520 genimcu
2561 4452 2883 4522 procedens.

2361 4581 2936 4673 ASSERTIO
3009 4586 3328 4677 XVII.

2064 4733 2219 4798 Quod
2260 4748 2440 4786 eorum
2487 4748 2601 4801 qua:
2637 4730 2781 4786 Filio
2826 4733 3026 4798 insunt,
3074 4734 3205 4787 nihil
3239 4735 3504 4788 creaturis
3547 4752 3646 4786 na-

2134 4802 2385 4856 turaliter
2413 4803 2564 4861 insit,
2609 4804 2700 4854 sed
2746 4818 2806 4854 ea
2835 4819 2928 4869 per
2955 4804 3411 4870 participationem
3441 4804 3518 4856 vel
3569 4822 3638 4857 se-

2135 4874 2366 4925 cundum
2408 4872 2812 4925 similitudinem
2842 4878 2958 4940 ejus
2989 4873 3078 4940 qui
3123 4875 3213 4925 dat
3252 4876 3478 4926 habeant
3506 4889 3523 4926 :
3554 4872 3646 4925 Fio

2134 4942 2237 4994 lius
2268 4952 2446 4995 autem
2484 4958 2584 4994 non
2619 4942 2710 4993 ita.
2754 4942 2922 5009 Atque
2946 4944 3145 4995 idcirco
3178 4945 3241 4994 ab
3279 4946 3343 4997 iis
3382 4948 3643 4996 diversus.

2136 5010 2288 5075 Quod
2322 5027 2439 5064 cum
2466 5012 2542 5063 ita
2574 5012 2665 5075 sit,
2695 5008 2900 5064 Filium
2938 5022 3239 5065 creaturam
3274 5030 3377 5066 non
3403 5029 3535 5067 esse.

2280 5144 2529 5209 Defensio
2558 5144 2779 5211 simplex
2816 5160 2881 5198 ea:
2903 5147 3050 5213 puris
3084 5146 3427 5215 syllogismis.

2137 5257 2194 5310 Si
2228 5257 2407 5311 omnis
2455 5268 2703 5311 creatura
2738 5260 3031 5312 constituta
3082 5270 3161 5313 cst
3214 5261 3267 5313 in
3307 5260 3647 5329 ignoratione

2060 5350 2259 5414 Patris,
2299 5365 2461 5405 nemo
2500 5351 2641 5404 enim
2680 5352 2827 5404 novit
2864 5352 2988 5420 quis
3027 5355 3097 5407 sit
3144 5352 3325 5418 Pater,
3375 5356 3522 5410 novit
3553 5372 3647 5409 au-

2067 5452 2171 5497 tem
2211 5442 2359 5498 solus
2387 5442 2592 5499 Filius:
2625 5458 2730 5498 non
2768 5455 2852 5498 est
2885 5460 3014 5513 ergo
3044 5456 3323 5501 creatura.

2738 5557 2969 5614 ALIUD.

2140 5666 2197 5721 Si
2229 5668 2361 5722 nihil
2392 5682 2581 5724 eorum
2612 5685 2731 5740 qua:
2772 5668 2914 5723 facta
2941 5680 3086 5737 sunt,
3124 5680 3207 5725 est
3255 5681 3446 5724 natura
3485 5672 3644 5737 Deus,

2067 5756 2237 5815 Filius
2268 5770 2449 5817 autem
2479 5772 2562 5817 est
2588 5770 2779 5817 natura
2817 5762 2957 5818 Deus
2989 5782 2999 5815 :
3034 5779 3141 5819 non
3174 5773 3257 5820 cst
3290 5765 3451 5833 igitur
3481 5779 3544 5818 ex
3582 5767 3648 5820 iis
