  <div class='ocr_page' id='page_1' title='image "/cluster/home/n/w/nwhite01/storage/ocr_20150623/75/ien.35556001661032/161.png"; bbox 0 0 4024 6508; ppageno 0'>
   <div class='ocr_carea' id='block_1_1' title="bbox 473 468 575 526">
    <p class='ocr_par' dir='ltr' id='par_1_1' title="bbox 473 468 575 526">
     <span class='ocr_line' id='line_1_1' title="bbox 473 468 575 526; baseline -0.059 0"><span class='ocrx_word' id='word_1_1' title='bbox 473 468 575 526; x_wconf 71' lang='grc'><strong>505</strong></span> 
     </span>
    </p>
   </div>
   <div class='ocr_carea' id='block_1_2' title="bbox 1447 444 2678 505">
    <p class='ocr_par' dir='ltr' id='par_1_2' title="bbox 1447 444 2678 505">
     <span class='ocr_line' id='line_1_2' title="bbox 1447 444 2678 505; baseline -0.006 0"><span class='ocrx_word' id='word_1_2' title='bbox 1447 450 1503 505; x_wconf 80' lang='lat'><strong>3.</strong></span> <span class='ocrx_word' id='word_1_3' title='bbox 1543 446 1813 504; x_wconf 75' lang='lat' dir='ltr'><strong>CYDILLI</strong></span> <span class='ocrx_word' id='word_1_4' title='bbox 1854 444 2318 501; x_wconf 76' lang='lat' dir='ltr'><strong>ALEXANDRINI</strong></span> <span class='ocrx_word' id='word_1_5' title='bbox 2360 444 2678 499; x_wconf 76' lang='lat' dir='ltr'><strong>ARCIIIEP.</strong></span> 
     </span>
    </p>
   </div>
   <div class='ocr_carea' id='block_1_3' title="bbox 3599 430 3701 490">
    <p class='ocr_par' dir='ltr' id='par_1_3' title="bbox 3599 430 3701 490">
     <span class='ocr_line' id='line_1_3' title="bbox 3599 430 3701 490; baseline 0 0"><span class='ocrx_word' id='word_1_6' title='bbox 3599 430 3701 490; x_wconf 62' lang='grc' dir='ltr'><strong>θυι</strong></span> 
     </span>
    </p>
   </div>
   <div class='ocr_carea' id='block_1_4' title="bbox 474 545 2026 648">
    <p class='ocr_par' dir='ltr' id='par_1_4' title="bbox 474 563 2023 648">
     <span class='ocr_line' id='line_1_4' title="bbox 474 563 2023 648; baseline -0.012 -15"><span class='ocrx_word' id='word_1_7' title='bbox 474 593 593 648; x_wconf 63' lang='lat' dir='ltr'><strong>qua:</strong></span> <span class='ocrx_word' id='word_1_8' title='bbox 622 576 760 631; x_wconf 78' lang='lat' dir='ltr'><strong>facta</strong></span> <span class='ocrx_word' id='word_1_9' title='bbox 797 579 939 626; x_wconf 89' lang='lat' dir='ltr'><strong>sunt.</strong></span> <span class='ocrx_word' id='word_1_10' title='bbox 970 565 1129 634; x_wconf 88' lang='lat' dir='ltr'><strong>Atqui</strong></span> <span class='ocrx_word' id='word_1_11' title='bbox 1171 564 1213 619; x_wconf 89' lang='lat' dir='ltr'><strong>si</strong></span> <span class='ocrx_word' id='word_1_12' title='bbox 1272 563 1493 620; x_wconf 83' lang='lat' dir='ltr'><strong>ridicula</strong></span> <span class='ocrx_word' id='word_1_13' title='bbox 1535 564 1628 616; x_wconf 77' lang='lat' dir='ltr'><strong>fuit</strong></span> <span class='ocrx_word' id='word_1_14' title='bbox 1672 564 1816 632; x_wconf 90' lang='lat' dir='ltr'><strong>prior</strong></span> <span class='ocrx_word' id='word_1_15' title='bbox 1843 572 2023 615; x_wconf 82' lang='lat' dir='ltr'><strong>nostra</strong></span> 
     </span>
    </p>
   </div>
   <div class='ocr_carea' id='block_1_5' title="bbox 2129 545 3697 648">
    <p class='ocr_par' dir='ltr' id='par_1_5' title="bbox 2129 545 3697 633">
     <span class='ocr_line' id='line_1_5' title="bbox 2129 545 3697 633; baseline -0.009 -18"><span class='ocrx_word' id='word_1_16' title='bbox 2129 562 2169 615; x_wconf 81' lang='grc' dir='ltr'>δ’</span> <span class='ocrx_word' id='word_1_17' title='bbox 2193 562 2347 633; x_wconf 73' lang='grc' dir='ltr'>ἡμῶν</span> <span class='ocrx_word' id='word_1_18' title='bbox 2377 561 2775 628; x_wconf 79' lang='grc' dir='ltr'>καταγέλαστος</span> <span class='ocrx_word' id='word_1_19' title='bbox 2806 560 2834 609; x_wconf 96' lang='lat'><strong>6</strong></span> <span class='ocrx_word' id='word_1_20' title='bbox 2888 557 3145 627; x_wconf 81' lang='grc' dir='ltr'>πρότερος</span> <span class='ocrx_word' id='word_1_21' title='bbox 3190 553 3322 622; x_wconf 83' lang='grc' dir='ltr'>βίος,</span> <span class='ocrx_word' id='word_1_22' title='bbox 3364 552 3445 603; x_wconf 81' lang='grc' dir='ltr'>ὅτι</span> <span class='ocrx_word' id='word_1_23' title='bbox 3478 551 3555 621; x_wconf 78' lang='grc' dir='ltr'><strong>μὴ</strong></span> <span class='ocrx_word' id='word_1_24' title='bbox 3582 545 3697 603; x_wconf 75' lang='grc' dir='ltr'>οὖσι</span> 
     </span>
    </p>
   </div>
   <div class='ocr_carea' id='block_1_6' title="bbox 476 650 2030 731">
    <p class='ocr_par' dir='ltr' id='par_1_6' title="bbox 476 650 2030 731">
     <span class='ocr_line' id='line_1_6' title="bbox 476 650 2030 731; baseline -0.01 -13"><span class='ocrx_word' id='word_1_25' title='bbox 476 668 605 729; x_wconf 65' lang='lat' dir='ltr'><strong>vita,</strong></span> <span class='ocrx_word' id='word_1_26' title='bbox 655 662 795 731; x_wconf 86' lang='lat' dir='ltr'><strong>quod</strong></span> <span class='ocrx_word' id='word_1_27' title='bbox 841 659 942 711; x_wconf 88' lang='lat' dir='ltr'><strong>diis</strong></span> <span class='ocrx_word' id='word_1_28' title='bbox 978 656 1067 724; x_wconf 87' lang='lat' dir='ltr'><strong>qui</strong></span> <span class='ocrx_word' id='word_1_29' title='bbox 1108 663 1299 707; x_wconf 86' lang='lat' dir='ltr'><strong>natura</strong></span> <span class='ocrx_word' id='word_1_30' title='bbox 1354 667 1456 705; x_wconf 88' lang='lat' dir='ltr'><strong>nou</strong></span> <span class='ocrx_word' id='word_1_31' title='bbox 1504 661 1736 716; x_wconf 78' lang='lat' dir='ltr'><strong>exstant,</strong></span> <span class='ocrx_word' id='word_1_32' title='bbox 1780 650 2030 704; x_wconf 78' lang='lat' dir='ltr'><strong>servieri-</strong></span> 
     </span>
    </p>
   </div>
   <div class='ocr_carea' id='block_1_7' title="bbox 475 741 2030 819">
    <p class='ocr_par' dir='ltr' id='par_1_7' title="bbox 475 741 2030 819">
     <span class='ocr_line' id='line_1_7' title="bbox 475 741 2030 819; baseline -0.011 -9"><span class='ocrx_word' id='word_1_33' title='bbox 475 771 624 819; x_wconf 84' lang='lat' dir='ltr'><strong>mus;</strong></span> <span class='ocrx_word' id='word_1_34' title='bbox 676 761 821 805; x_wconf 85' lang='lat' dir='ltr'><strong>certe</strong></span> <span class='ocrx_word' id='word_1_35' title='bbox 860 762 997 802; x_wconf 89' lang='lat' dir='ltr'><strong>nunc</strong></span> <span class='ocrx_word' id='word_1_36' title='bbox 1026 745 1194 799; x_wconf 85' lang='lat' dir='ltr'><strong>multo</strong></span> <span class='ocrx_word' id='word_1_37' title='bbox 1233 744 1537 797; x_wconf 74' lang='lat' dir='ltr'><strong>miseriores</strong></span> <span class='ocrx_word' id='word_1_38' title='bbox 1573 741 1784 796; x_wconf 81' lang='lat' dir='ltr'><strong>censeri</strong></span> <span class='ocrx_word' id='word_1_39' title='bbox 1808 741 2030 794; x_wconf 86' lang='lat' dir='ltr'><strong>debere-</strong></span> 
     </span>
    </p>
   </div>
   <div class='ocr_carea' id='block_1_8' title="bbox 476 831 2022 911">
    <p class='ocr_par' dir='ltr' id='par_1_8' title="bbox 476 831 2022 911">
     <span class='ocr_line' id='line_1_8' title="bbox 476 831 2022 911; baseline -0.011 -11"><span class='ocrx_word' id='word_1_40' title='bbox 476 861 611 909; x_wconf 87' lang='lat' dir='ltr'><strong>mus,</strong></span> <span class='ocrx_word' id='word_1_41' title='bbox 644 843 782 911; x_wconf 85' lang='lat' dir='ltr'><strong>quod</strong></span> <span class='ocrx_word' id='word_1_42' title='bbox 810 854 931 894; x_wconf 85' lang='lat' dir='ltr'><strong>eum</strong></span> <span class='ocrx_word' id='word_1_43' title='bbox 958 837 1050 906; x_wconf 89' lang='lat' dir='ltr'><strong>qui</strong></span> <span class='ocrx_word' id='word_1_44' title='bbox 1096 844 1280 889; x_wconf 88' lang='lat' dir='ltr'><strong>natura</strong></span> <span class='ocrx_word' id='word_1_45' title='bbox 1326 834 1459 887; x_wconf 83' lang='lat' dir='ltr'><strong>deus</strong></span> <span class='ocrx_word' id='word_1_46' title='bbox 1482 847 1584 887; x_wconf 92' lang='lat' dir='ltr'><strong>non</strong></span> <span class='ocrx_word' id='word_1_47' title='bbox 1613 832 1701 895; x_wconf 88' lang='lat' dir='ltr'><strong>sit,</strong></span> <span class='ocrx_word' id='word_1_48' title='bbox 1741 831 1981 886; x_wconf 84' lang='lat' dir='ltr'><strong>colamus</strong></span> <span class='ocrx_word' id='word_1_49' title='bbox 2012 850 2022 883; x_wconf 86' lang='lat'>:</span> 
     </span>
    </p>
   </div>
   <div class='ocr_carea' id='block_1_9' title="bbox 472 932 1061 1005">
    <p class='ocr_par' dir='ltr' id='par_1_9' title="bbox 472 932 1061 1005">
     <span class='ocr_line' id='line_1_9' title="bbox 472 932 1061 1005; baseline -0.019 -15"><span class='ocrx_word' id='word_1_50' title='bbox 472 935 615 1005; x_wconf 85' lang='lat' dir='ltr'><strong>quod</strong></span> <span class='ocrx_word' id='word_1_51' title='bbox 648 932 936 987; x_wconf 85' lang='lat' dir='ltr'><strong>absurdum</strong></span> <span class='ocrx_word' id='word_1_52' title='bbox 964 936 1061 981; x_wconf 83' lang='lat' dir='ltr'><strong>est.</strong></span> 
     </span>
    </p>
   </div>
   <div class='ocr_carea' id='block_1_10' title="bbox 1132 1038 1354 1093">
    <p class='ocr_par' dir='ltr' id='par_1_10' title="bbox 1132 1038 1354 1093">
     <span class='ocr_line' id='line_1_10' title="bbox 1132 1038 1354 1093; baseline -0.009 -3"><span class='ocrx_word' id='word_1_53' title='bbox 1132 1038 1354 1093; x_wconf 81' lang='lat' dir='ltr'><strong>ALIUD.</strong></span> 
     </span>
    </p>
   </div>
   <div class='ocr_carea' id='block_1_11' title="bbox 543 1149 2026 1221">
    <p class='ocr_par' dir='ltr' id='par_1_11' title="bbox 543 1149 2026 1221">
     <span class='ocr_line' id='line_1_11' title="bbox 543 1149 2026 1221; baseline -0.012 -5"><span class='ocrx_word' id='word_1_54' title='bbox 543 1163 598 1216; x_wconf 90' lang='lat' dir='ltr'><strong>Si</strong></span> <span class='ocrx_word' id='word_1_55' title='bbox 627 1158 763 1221; x_wconf 81' lang='lat' dir='ltr'><strong>quod</strong></span> <span class='ocrx_word' id='word_1_56' title='bbox 793 1157 987 1209; x_wconf 77' lang='lat' dir='ltr'><strong>factmu</strong></span> <span class='ocrx_word' id='word_1_57' title='bbox 1026 1165 1127 1213; x_wconf 87' lang='lat' dir='ltr'><strong>est,</strong></span> <span class='ocrx_word' id='word_1_58' title='bbox 1165 1153 1434 1205; x_wconf 84' lang='lat' dir='ltr'><strong>diversum</strong></span> <span class='ocrx_word' id='word_1_59' title='bbox 1468 1161 1550 1206; x_wconf 88' lang='lat' dir='ltr'><strong>est</strong></span> <span class='ocrx_word' id='word_1_60' title='bbox 1580 1149 1799 1204; x_wconf 85' lang='lat' dir='ltr'><strong>omnino</strong></span> <span class='ocrx_word' id='word_1_61' title='bbox 1834 1157 2026 1201; x_wconf 87' lang='lat' dir='ltr'><strong>natura</strong></span> 
     </span>
    </p>
   </div>
   <div class='ocr_carea' id='block_1_12' title="bbox 470 1238 2029 1319">
    <p class='ocr_par' dir='ltr' id='par_1_12' title="bbox 470 1238 2029 1319">
     <span class='ocr_line' id='line_1_12' title="bbox 470 1238 2029 1319; baseline -0.011 -12"><span class='ocrx_word' id='word_1_62' title='bbox 470 1255 537 1307; x_wconf 89' lang='lat' dir='ltr'><strong>ab</strong></span> <span class='ocrx_word' id='word_1_63' title='bbox 574 1267 637 1305; x_wconf 89' lang='lat' dir='ltr'><strong>eo</strong></span> <span class='ocrx_word' id='word_1_64' title='bbox 665 1249 804 1319; x_wconf 90' lang='lat' dir='ltr'><strong>quod</strong></span> <span class='ocrx_word' id='word_1_65' title='bbox 850 1245 1047 1300; x_wconf 83' lang='lat' dir='ltr'><strong>factum</strong></span> <span class='ocrx_word' id='word_1_66' title='bbox 1098 1258 1200 1297; x_wconf 90' lang='lat' dir='ltr'><strong>non</strong></span> <span class='ocrx_word' id='word_1_67' title='bbox 1246 1254 1346 1305; x_wconf 87' lang='lat' dir='ltr'><strong>est,</strong></span> <span class='ocrx_word' id='word_1_68' title='bbox 1398 1257 1500 1295; x_wconf 91' lang='lat' dir='ltr'><strong>non</strong></span> <span class='ocrx_word' id='word_1_69' title='bbox 1532 1251 1707 1311; x_wconf 88' lang='lat' dir='ltr'><strong>potest</strong></span> <span class='ocrx_word' id='word_1_70' title='bbox 1751 1238 2029 1309; x_wconf 64' lang='lat' dir='ltr'><strong>mqualiter</strong></span> 
     </span>
    </p>
   </div>
   <div class='ocr_carea' id='block_1_13' title="bbox 471 1331 2024 1408">
    <p class='ocr_par' dir='ltr' id='par_1_13' title="bbox 471 1331 2024 1408">
     <span class='ocr_line' id='line_1_13' title="bbox 471 1331 2024 1408; baseline -0.011 -11"><span class='ocrx_word' id='word_1_71' title='bbox 471 1343 613 1397; x_wconf 86' lang='lat' dir='ltr'><strong>illius</strong></span> <span class='ocrx_word' id='word_1_72' title='bbox 635 1339 815 1408; x_wconf 74' lang='lat' dir='ltr'><strong>gloriae</strong></span> <span class='ocrx_word' id='word_1_73' title='bbox 856 1335 1125 1403; x_wconf 82' lang='lat' dir='ltr'><strong>particeps</strong></span> <span class='ocrx_word' id='word_1_74' title='bbox 1154 1348 1292 1387; x_wconf 86' lang='lat' dir='ltr'><strong>esse.</strong></span> <span class='ocrx_word' id='word_1_75' title='bbox 1336 1352 1350 1381; x_wconf 76' lang='grc' dir='ltr'><strong>ι</strong></span> <span class='ocrx_word' id='word_1_76' title='bbox 1384 1331 1621 1385; x_wconf 79' lang='lat' dir='ltr'><strong>Gloriam</strong></span> <span class='ocrx_word' id='word_1_77' title='bbox 1657 1331 1796 1383; x_wconf 88' lang='lat' dir='ltr'><strong>enim</strong></span> <span class='ocrx_word' id='word_1_78' title='bbox 1831 1344 2024 1395; x_wconf 85' lang='lat' dir='ltr'><strong>meam,</strong></span> 
     </span>
    </p>
   </div>
   <div class='ocr_carea' id='block_1_14' title="bbox 472 1411 2028 1500">
    <p class='ocr_par' dir='ltr' id='par_1_14' title="bbox 472 1411 2028 1500">
     <span class='ocr_line' id='line_1_14' title="bbox 472 1411 2028 1500; baseline -0.008 -14"><span class='ocrx_word' id='word_1_79' title='bbox 472 1431 663 1500; x_wconf 86' lang='lat' dir='ltr'><strong>inquit,</strong></span> <span class='ocrx_word' id='word_1_80' title='bbox 696 1427 847 1481; x_wconf 81' lang='lat' dir='ltr'><strong>alteri</strong></span> <span class='ocrx_word' id='word_1_81' title='bbox 892 1440 993 1479; x_wconf 90' lang='lat' dir='ltr'><strong>non</strong></span> <span class='ocrx_word' id='word_1_82' title='bbox 1036 1424 1259 1478; x_wconf 80' lang='lat' dir='ltr'><strong>dabo&quot;.</strong></span> <span class='ocrx_word' id='word_1_83' title='bbox 1296 1441 1313 1473; x_wconf 77' lang='grc' dir='ltr'><strong>ι</strong></span> <span class='ocrx_word' id='word_1_84' title='bbox 1352 1423 1406 1476; x_wconf 91' lang='lat' dir='ltr'><strong>Si</strong></span> <span class='ocrx_word' id='word_1_85' title='bbox 1438 1437 1561 1476; x_wconf 87' lang='lat' dir='ltr'><strong>vero</strong></span> <span class='ocrx_word' id='word_1_86' title='bbox 1604 1422 1877 1491; x_wconf 68' lang='lat' dir='ltr'><strong>mqualiter</strong></span> <span class='ocrx_word' id='word_1_87' title='bbox 1908 1411 2028 1489; x_wconf 77' lang='lat' dir='ltr'><strong>par-</strong></span> 
     </span>
    </p>
   </div>
   <div class='ocr_carea' id='block_1_15' title="bbox 472 1511 2030 1590">
    <p class='ocr_par' dir='ltr' id='par_1_15' title="bbox 472 1511 2030 1590">
     <span class='ocr_line' id='line_1_15' title="bbox 472 1511 2030 1590; baseline -0.006 -15"><span class='ocrx_word' id='word_1_88' title='bbox 472 1524 641 1590; x_wconf 90' lang='lat' dir='ltr'><strong>ticeps</strong></span> <span class='ocrx_word' id='word_1_89' title='bbox 674 1529 756 1573; x_wconf 85' lang='lat' dir='ltr'><strong>est</strong></span> <span class='ocrx_word' id='word_1_90' title='bbox 785 1516 950 1570; x_wconf 84' lang='lat' dir='ltr'><strong>Filius</strong></span> <span class='ocrx_word' id='word_1_91' title='bbox 983 1514 1204 1569; x_wconf 77' lang='lat' dir='ltr'><strong>veniens</strong></span> <span class='ocrx_word' id='word_1_92' title='bbox 1232 1514 1285 1567; x_wconf 91' lang='lat' dir='ltr'><strong>in</strong></span> <span class='ocrx_word' id='word_1_93' title='bbox 1319 1514 1488 1582; x_wconf 79' lang='lat' dir='ltr'><strong>gloria</strong></span> <span class='ocrx_word' id='word_1_94' title='bbox 1537 1511 1712 1566; x_wconf 88' lang='lat' dir='ltr'><strong>Patris</strong></span> <span class='ocrx_word' id='word_1_95' title='bbox 1744 1531 1756 1566; x_wconf 92' lang='lat'>:</span> <span class='ocrx_word' id='word_1_96' title='bbox 1791 1526 1895 1565; x_wconf 91' lang='lat' dir='ltr'><strong>non</strong></span> <span class='ocrx_word' id='word_1_97' title='bbox 1946 1519 2030 1565; x_wconf 80' lang='lat' dir='ltr'><strong>est</strong></span> 
     </span>
    </p>
   </div>
   <div class='ocr_carea' id='block_1_16' title="bbox 471 1604 1939 1682">
    <p class='ocr_par' dir='ltr' id='par_1_16' title="bbox 471 1604 1939 1682">
     <span class='ocr_line' id='line_1_16' title="bbox 471 1604 1939 1682; baseline -0.007 -16"><span class='ocrx_word' id='word_1_98' title='bbox 471 1614 625 1682; x_wconf 90' lang='lat' dir='ltr'><strong>igitur</strong></span> <span class='ocrx_word' id='word_1_99' title='bbox 653 1618 921 1671; x_wconf 82' lang='lat' dir='ltr'><strong>creatura,</strong></span> <span class='ocrx_word' id='word_1_100' title='bbox 948 1609 1037 1676; x_wconf 86' lang='lat' dir='ltr'><strong>qui</strong></span> <span class='ocrx_word' id='word_1_101' title='bbox 1070 1607 1293 1660; x_wconf 87' lang='lat' dir='ltr'><strong>iucreati</strong></span> <span class='ocrx_word' id='word_1_102' title='bbox 1327 1605 1551 1673; x_wconf 77' lang='lat' dir='ltr'><strong>gloriam</strong></span> <span class='ocrx_word' id='word_1_103' title='bbox 1586 1604 1801 1658; x_wconf 88' lang='lat' dir='ltr'><strong>indutus</strong></span> <span class='ocrx_word' id='word_1_104' title='bbox 1839 1611 1939 1657; x_wconf 82' lang='lat' dir='ltr'><strong>est.</strong></span> 
     </span>
    </p>
   </div>
   <div class='ocr_carea' id='block_1_17' title="bbox 1035 1714 1462 1786">
    <p class='ocr_par' dir='ltr' id='par_1_17' title="bbox 1035 1714 1462 1786">
     <span class='ocr_line' id='line_1_17' title="bbox 1035 1714 1462 1786; baseline -0.007 -15"><span class='ocrx_word' id='word_1_105' title='bbox 1035 1716 1195 1786; x_wconf 75' lang='lat'><strong>130</strong></span> <span class='ocrx_word' id='word_1_106' title='bbox 1234 1714 1462 1770; x_wconf 86' lang='lat' dir='ltr'><strong>ALIUD.</strong></span> 
     </span>
    </p>
   </div>
   <div class='ocr_carea' id='block_1_18' title="bbox 542 1824 2024 1898">
    <p class='ocr_par' dir='ltr' id='par_1_18' title="bbox 542 1824 2024 1898">
     <span class='ocr_line' id='line_1_18' title="bbox 542 1824 2024 1898; baseline -0.006 -12"><span class='ocrx_word' id='word_1_107' title='bbox 542 1834 721 1886; x_wconf 74' lang='lat' dir='ltr'><strong>Sacrae</strong></span> <span class='ocrx_word' id='word_1_108' title='bbox 776 1830 1069 1898; x_wconf 59' lang='lat' dir='ltr'><strong>Scriptura</strong></span> <span class='ocrx_word' id='word_1_109' title='bbox 1104 1827 1295 1881; x_wconf 81' lang='lat' dir='ltr'><strong>Filium</strong></span> <span class='ocrx_word' id='word_1_110' title='bbox 1344 1840 1524 1879; x_wconf 84' lang='lat' dir='ltr'><strong>verum</strong></span> <span class='ocrx_word' id='word_1_111' title='bbox 1575 1824 1737 1877; x_wconf 86' lang='lat' dir='ltr'><strong>Deum</strong></span> <span class='ocrx_word' id='word_1_112' title='bbox 1788 1834 2024 1878; x_wconf 85' lang='lat' dir='ltr'><strong>vocant:</strong></span> 
     </span>
    </p>
   </div>
   <div class='ocr_carea' id='block_1_19' title="bbox 2132 642 3698 723">
    <p class='ocr_par' dir='ltr' id='par_1_19' title="bbox 2132 642 3698 723">
     <span class='ocr_line' id='line_1_19' title="bbox 2132 642 3698 723; baseline -0.011 -15"><span class='ocrx_word' id='word_1_113' title='bbox 2132 656 2291 723; x_wconf 79' lang='grc' dir='ltr'>φύσει</span> <span class='ocrx_word' id='word_1_114' title='bbox 2331 656 2471 717; x_wconf 81' lang='grc' dir='ltr'>θεοῖς</span> <span class='ocrx_word' id='word_1_115' title='bbox 2502 651 2911 719; x_wconf 82' lang='grc' dir='ltr'>ὲδουλεύσαμεν,</span> <span class='ocrx_word' id='word_1_116' title='bbox 2943 647 3121 716; x_wconf 82' lang='grc' dir='ltr'>πολλῷ</span> <span class='ocrx_word' id='word_1_117' title='bbox 3177 644 3375 715; x_wconf 79' lang='grc' dir='ltr'>μᾶλλον</span> <span class='ocrx_word' id='word_1_118' title='bbox 3410 642 3505 694; x_wconf 78' lang='grc' dir='ltr'><strong>νῦν</strong></span> <span class='ocrx_word' id='word_1_119' title='bbox 3534 644 3698 709; x_wconf 71' lang='grc' dir='ltr'>ἔσιμεν</span> 
     </span>
    </p>
   </div>
   <div class='ocr_carea' id='block_1_20' title="bbox 2130 730 3700 814">
    <p class='ocr_par' dir='ltr' id='par_1_20' title="bbox 2130 730 3700 814">
     <span class='ocr_line' id='line_1_20' title="bbox 2130 730 3700 814; baseline -0.01 -17"><span class='ocrx_word' id='word_1_120' title='bbox 2130 744 2467 814; x_wconf 81' lang='grc' dir='ltr'><strong>ἀθλιώτεροι,</strong></span> <span class='ocrx_word' id='word_1_121' title='bbox 2496 741 2573 811; x_wconf 82' lang='grc' dir='ltr'>τῷ</span> <span class='ocrx_word' id='word_1_122' title='bbox 2604 741 2679 809; x_wconf 83' lang='grc' dir='ltr'><strong>μὴ</strong></span> <span class='ocrx_word' id='word_1_123' title='bbox 2704 738 2861 805; x_wconf 75' lang='grc' dir='ltr'>φύσει</span> <span class='ocrx_word' id='word_1_124' title='bbox 2910 736 3017 805; x_wconf 81' lang='grc' dir='ltr'><strong>θεῷ</strong></span> <span class='ocrx_word' id='word_1_125' title='bbox 3067 734 3430 806; x_wconf 74' lang='grc' dir='ltr'><strong>προσάγοντες</strong></span> <span class='ocrx_word' id='word_1_126' title='bbox 3477 730 3575 799; x_wconf 77' lang='grc' dir='ltr'>τὴν</span> <span class='ocrx_word' id='word_1_127' title='bbox 3609 732 3700 781; x_wconf 56' lang='grc' dir='ltr'>λα.</span> 
     </span>
    </p>
   </div>
   <div class='ocr_carea' id='block_1_21' title="bbox 2131 834 2869 909">
    <p class='ocr_par' dir='ltr' id='par_1_21' title="bbox 2131 834 2869 909">
     <span class='ocr_line' id='line_1_21' title="bbox 2131 834 2869 909; baseline -0.012 -18"><span class='ocrx_word' id='word_1_128' title='bbox 2131 837 2334 909; x_wconf 88' lang='grc' dir='ltr'>τρείαν·</span> <span class='ocrx_word' id='word_1_129' title='bbox 2374 835 2537 905; x_wconf 77' lang='grc' dir='ltr'>φεῦγε</span> <span class='ocrx_word' id='word_1_130' title='bbox 2570 834 2628 887; x_wconf 85' lang='grc' dir='ltr'>τὸ</span> <span class='ocrx_word' id='word_1_131' title='bbox 2655 834 2869 886; x_wconf 75' lang='grc' dir='ltr'>ἄτοπον.</span> 
     </span>
    </p>
   </div>
   <div class='ocr_carea' id='block_1_22' title="bbox 2808 1037 3007 1088">
    <p class='ocr_par' dir='ltr' id='par_1_22' title="bbox 2808 1037 3007 1088">
     <span class='ocr_line' id='line_1_22' title="bbox 2808 1037 3007 1088; baseline -0.015 0"><span class='ocrx_word' id='word_1_132' title='bbox 2808 1037 3007 1088; x_wconf 80' lang='grc' dir='ltr'><strong>ΔΛΛΟ.</strong></span> 
     </span>
    </p>
   </div>
   <div class='ocr_carea' id='block_1_23' title="bbox 2200 1144 3699 1221">
    <p class='ocr_par' dir='ltr' id='par_1_23' title="bbox 2200 1144 3699 1221">
     <span class='ocr_line' id='line_1_23' title="bbox 2200 1144 3699 1221; baseline -0.008 -14"><span class='ocrx_word' id='word_1_133' title='bbox 2200 1155 2261 1207; x_wconf 81' lang='lat' dir='ltr'><strong>El</strong></span> <span class='ocrx_word' id='word_1_134' title='bbox 2286 1156 2391 1206; x_wconf 77' lang='grc' dir='ltr'>πᾶν</span> <span class='ocrx_word' id='word_1_135' title='bbox 2420 1155 2479 1205; x_wconf 73' lang='grc' dir='ltr'>τὸ</span> <span class='ocrx_word' id='word_1_136' title='bbox 2500 1152 2723 1221; x_wconf 75' lang='grc' dir='ltr'>γενητὸν</span> <span class='ocrx_word' id='word_1_137' title='bbox 2753 1151 2938 1219; x_wconf 76' lang='grc' dir='ltr'>ἕτερόν</span> <span class='ocrx_word' id='word_1_138' title='bbox 2968 1150 3081 1199; x_wconf 77' lang='grc' dir='ltr'>ἐστι</span> <span class='ocrx_word' id='word_1_139' title='bbox 3115 1147 3291 1215; x_wconf 83' lang='grc' dir='ltr'><strong>πάντη</strong></span> <span class='ocrx_word' id='word_1_140' title='bbox 3312 1144 3403 1197; x_wconf 80' lang='grc' dir='ltr'>τοῦ</span> <span class='ocrx_word' id='word_1_141' title='bbox 3432 1144 3699 1212; x_wconf 79' lang='grc' dir='ltr'>ἀγενήτου</span> 
     </span>
    </p>
   </div>
   <div class='ocr_carea' id='block_1_24' title="bbox 2129 1236 3699 1315">
    <p class='ocr_par' dir='ltr' id='par_1_24' title="bbox 2129 1236 3699 1315">
     <span class='ocr_line' id='line_1_24' title="bbox 2129 1236 3699 1315; baseline -0.01 -15"><span class='ocrx_word' id='word_1_142' title='bbox 2129 1247 2269 1300; x_wconf 81' lang='grc' dir='ltr'><strong>κατά</strong></span> <span class='ocrx_word' id='word_1_143' title='bbox 2292 1247 2388 1315; x_wconf 79' lang='grc' dir='ltr'>τὴν</span> <span class='ocrx_word' id='word_1_144' title='bbox 2423 1244 2605 1314; x_wconf 74' lang='grc' dir='ltr'>φύσιν,</span> <span class='ocrx_word' id='word_1_145' title='bbox 2634 1246 2694 1295; x_wconf 78' lang='grc' dir='ltr'>οὐ</span> <span class='ocrx_word' id='word_1_146' title='bbox 2716 1244 2937 1295; x_wconf 78' lang='grc' dir='ltr'>δύναται</span> <span class='ocrx_word' id='word_1_147' title='bbox 2962 1240 3059 1308; x_wconf 76' lang='grc' dir='ltr'>τῆς</span> <span class='ocrx_word' id='word_1_148' title='bbox 3093 1239 3302 1291; x_wconf 76' lang='grc' dir='ltr'>ἐκείνου</span> <span class='ocrx_word' id='word_1_149' title='bbox 3328 1237 3485 1304; x_wconf 75' lang='grc' dir='ltr'>δόξης</span> <span class='ocrx_word' id='word_1_150' title='bbox 3516 1236 3699 1304; x_wconf 82' lang='grc' dir='ltr'>ίσομέ-</span> 
     </span>
    </p>
   </div>
   <div class='ocr_carea' id='block_1_25' title="bbox 2128 1325 3699 1407">
    <p class='ocr_par' dir='ltr' id='par_1_25' title="bbox 2128 1325 3699 1407">
     <span class='ocr_line' id='line_1_25' title="bbox 2128 1325 3699 1407; baseline -0.007 -19"><span class='ocrx_word' id='word_1_151' title='bbox 2128 1355 2270 1407; x_wconf 89' lang='grc' dir='ltr'>τρως</span> <span class='ocrx_word' id='word_1_152' title='bbox 2305 1340 2597 1389; x_wconf 84' lang='grc' dir='ltr'>κοινωνεῖν.</span> <span class='ocrx_word' id='word_1_153' title='bbox 2634 1354 2649 1384; x_wconf 81' lang='grc' dir='ltr'><strong>ι</strong></span> <span class='ocrx_word' id='word_1_154' title='bbox 2680 1335 2787 1403; x_wconf 71' lang='grc' dir='ltr'><strong>Τὴν</strong></span> <span class='ocrx_word' id='word_1_155' title='bbox 2816 1334 2921 1401; x_wconf 79' lang='grc' dir='ltr'>γὰρ</span> <span class='ocrx_word' id='word_1_156' title='bbox 2951 1331 3105 1393; x_wconf 80' lang='grc' dir='ltr'>δόξαν</span> <span class='ocrx_word' id='word_1_157' title='bbox 3153 1347 3275 1399; x_wconf 82' lang='grc' dir='ltr'>μου,</span> <span class='ocrx_word' id='word_1_158' title='bbox 3313 1330 3475 1397; x_wconf 61' lang='grc' dir='ltr'>φησιν</span> <span class='ocrx_word' id='word_1_159' title='bbox 3504 1325 3699 1391; x_wconf 72' lang='grc' dir='ltr'>όΘεδς,</span> 
     </span>
    </p>
   </div>
   <div class='ocr_carea' id='block_1_26' title="bbox 2130 1417 3703 1496">
    <p class='ocr_par' dir='ltr' id='par_1_26' title="bbox 2130 1417 3703 1496">
     <span class='ocr_line' id='line_1_26' title="bbox 2130 1417 3703 1496; baseline -0.007 -17"><span class='ocrx_word' id='word_1_160' title='bbox 2130 1427 2297 1496; x_wconf 73' lang='grc' dir='ltr'>ἑτέρῳ</span> <span class='ocrx_word' id='word_1_161' title='bbox 2326 1427 2386 1478; x_wconf 80' lang='grc' dir='ltr'>οὐ</span> <span class='ocrx_word' id='word_1_162' title='bbox 2417 1424 2591 1478; x_wconf 83' lang='grc' dir='ltr'>δώσω.</span> <span class='ocrx_word' id='word_1_163' title='bbox 2626 1445 2642 1475; x_wconf 75' lang='grc' dir='ltr'><strong>ι</strong></span> <span class='ocrx_word' id='word_1_164' title='bbox 2691 1425 2749 1475; x_wconf 82' lang='lat' dir='ltr'><strong>EI</strong></span> <span class='ocrx_word' id='word_1_165' title='bbox 2779 1424 2834 1475; x_wconf 82' lang='grc' dir='ltr'>δὲ</span> <span class='ocrx_word' id='word_1_166' title='bbox 2889 1423 3132 1473; x_wconf 84' lang='grc' dir='ltr'>κοινωνεῖ</span> <span class='ocrx_word' id='word_1_167' title='bbox 3162 1423 3189 1472; x_wconf 92' lang='lat'><strong>6</strong></span> <span class='ocrx_word' id='word_1_168' title='bbox 3226 1420 3351 1481; x_wconf 74' lang='grc' dir='ltr'>Υἱὸς</span> <span class='ocrx_word' id='word_1_169' title='bbox 3407 1417 3703 1487; x_wconf 76' lang='grc' dir='ltr'>ἐρχόμενος</span> 
     </span>
    </p>
   </div>
   <div class='ocr_carea' id='block_1_27' title="bbox 2129 1505 3704 1585">
    <p class='ocr_par' dir='ltr' id='par_1_27' title="bbox 2129 1505 3704 1585">
     <span class='ocr_line' id='line_1_27' title="bbox 2129 1505 3704 1585; baseline -0.007 -18"><span class='ocrx_word' id='word_1_170' title='bbox 2129 1517 2186 1567; x_wconf 81' lang='grc' dir='ltr'><strong>ὲν</strong></span> <span class='ocrx_word' id='word_1_171' title='bbox 2215 1518 2279 1585; x_wconf 75' lang='grc' dir='ltr'>τῇ</span> <span class='ocrx_word' id='word_1_172' title='bbox 2319 1514 2443 1583; x_wconf 78' lang='grc' dir='ltr'>δόξῃ</span> <span class='ocrx_word' id='word_1_173' title='bbox 2472 1513 2565 1565; x_wconf 84' lang='grc' dir='ltr'><strong>τοῦ</strong></span> <span class='ocrx_word' id='word_1_174' title='bbox 2598 1512 2827 1583; x_wconf 68' lang='grc' dir='ltr'>Πατρός,</span> <span class='ocrx_word' id='word_1_175' title='bbox 2864 1511 2962 1562; x_wconf 76' lang='grc' dir='ltr'>οὐκ</span> <span class='ocrx_word' id='word_1_176' title='bbox 2992 1511 3099 1579; x_wconf 83' lang='grc' dir='ltr'><strong>ἀρα</strong></span> <span class='ocrx_word' id='word_1_177' title='bbox 3133 1508 3337 1577; x_wconf 80' lang='grc' dir='ltr'>κτίσμα</span> <span class='ocrx_word' id='word_1_178' title='bbox 3382 1510 3530 1559; x_wconf 79' lang='grc' dir='ltr'>ἐστὶν</span> <span class='ocrx_word' id='word_1_179' title='bbox 3555 1509 3583 1559; x_wconf 93' lang='lat'><strong>6</strong></span> <span class='ocrx_word' id='word_1_180' title='bbox 3609 1505 3704 1573; x_wconf 79' lang='grc' dir='ltr'><strong>τὴν</strong></span> 
     </span>
    </p>
   </div>
   <div class='ocr_carea' id='block_1_28' title="bbox 2128 1600 3100 1671">
    <p class='ocr_par' dir='ltr' id='par_1_28' title="bbox 2128 1600 3100 1671">
     <span class='ocr_line' id='line_1_28' title="bbox 2128 1600 3100 1671; baseline -0.009 -12"><span class='ocrx_word' id='word_1_181' title='bbox 2128 1606 2219 1659; x_wconf 79' lang='grc' dir='ltr'>τοῦ</span> <span class='ocrx_word' id='word_1_182' title='bbox 2251 1607 2506 1659; x_wconf 86' lang='grc' dir='ltr'>ἀκτίστου</span> <span class='ocrx_word' id='word_1_183' title='bbox 2528 1604 2685 1667; x_wconf 81' lang='grc' dir='ltr'>δόξαν</span> <span class='ocrx_word' id='word_1_184' title='bbox 2709 1600 3100 1671; x_wconf 74' lang='grc' dir='ltr'>ἠμφιεσμένος.</span> 
     </span>
    </p>
   </div>
   <div class='ocr_carea' id='block_1_29' title="bbox 2817 1716 3018 1767">
    <p class='ocr_par' dir='ltr' id='par_1_29' title="bbox 2817 1716 3018 1767">
     <span class='ocr_line' id='line_1_29' title="bbox 2817 1716 3018 1767; baseline -0.015 0"><span class='ocrx_word' id='word_1_185' title='bbox 2817 1716 3018 1767; x_wconf 80' lang='grc' dir='ltr'><strong>ΑΛΛΟ.</strong></span> 
     </span>
    </p>
   </div>
   <div class='ocr_carea' id='block_1_30' title="bbox 2199 1818 3704 1899">
    <p class='ocr_par' dir='ltr' id='par_1_30' title="bbox 2199 1818 3704 1899">
     <span class='ocr_line' id='line_1_30' title="bbox 2199 1818 3704 1899; baseline -0.009 -16"><span class='ocrx_word' id='word_1_186' title='bbox 2199 1830 2329 1883; x_wconf 73' lang='grc' dir='ltr'>Θεὸν</span> <span class='ocrx_word' id='word_1_187' title='bbox 2350 1829 2602 1899; x_wconf 78' lang='grc' dir='ltr'>ἀληθινὸν</span> <span class='ocrx_word' id='word_1_188' title='bbox 2648 1826 3014 1881; x_wconf 76' lang='grc' dir='ltr'><strong>ἀποκαλοῦσιν</strong></span> <span class='ocrx_word' id='word_1_189' title='bbox 3064 1825 3118 1879; x_wconf 85' lang='grc' dir='ltr'>αἱ</span> <span class='ocrx_word' id='word_1_190' title='bbox 3170 1824 3308 1876; x_wconf 81' lang='grc' dir='ltr'>θεῖαι</span> <span class='ocrx_word' id='word_1_191' title='bbox 3360 1818 3575 1891; x_wconf 80' lang='grc' dir='ltr'>Γρσφαὶ</span> <span class='ocrx_word' id='word_1_192' title='bbox 3615 1818 3704 1871; x_wconf 80' lang='grc' dir='ltr'><strong>τὸν</strong></span> 
     </span>
    </p>
   </div>
   <div class='ocr_carea' id='block_1_31' title="bbox 475 1910 2026 1994">
    <p class='ocr_par' dir='ltr' id='par_1_31' title="bbox 475 1916 2024 1994">
     <span class='ocr_line' id='line_1_31' title="bbox 475 1916 2024 1994; baseline -0.007 -15"><span class='ocrx_word' id='word_1_193' title='bbox 475 1936 635 1994; x_wconf 88' lang='lat' dir='ltr'><strong>atque</strong></span> <span class='ocrx_word' id='word_1_194' title='bbox 684 1924 756 1977; x_wconf 88' lang='lat' dir='ltr'><strong>ita</strong></span> <span class='ocrx_word' id='word_1_195' title='bbox 804 1922 1093 1975; x_wconf 83' lang='lat' dir='ltr'><strong>credimus.</strong></span> <span class='ocrx_word' id='word_1_196' title='bbox 1140 1918 1194 1971; x_wconf 91' lang='lat' dir='ltr'><strong>Si</strong></span> <span class='ocrx_word' id='word_1_197' title='bbox 1230 1932 1355 1971; x_wconf 86' lang='lat' dir='ltr'><strong>vero</strong></span> <span class='ocrx_word' id='word_1_198' title='bbox 1385 1917 1641 1986; x_wconf 86' lang='lat' dir='ltr'><strong>quidquid</strong></span> <span class='ocrx_word' id='word_1_199' title='bbox 1685 1916 1879 1969; x_wconf 80' lang='lat' dir='ltr'><strong>factum</strong></span> <span class='ocrx_word' id='word_1_200' title='bbox 1923 1926 2024 1982; x_wconf 78' lang='lat' dir='ltr'><strong>est,</strong></span> 
     </span>
    </p>
   </div>
   <div class='ocr_carea' id='block_1_32' title="bbox 2129 1910 3703 1994">
    <p class='ocr_par' dir='ltr' id='par_1_32' title="bbox 2134 1910 3703 1987">
     <span class='ocr_line' id='line_1_32' title="bbox 2134 1910 3703 1987; baseline -0.01 -13"><span class='ocrx_word' id='word_1_201' title='bbox 2134 1921 2279 1985; x_wconf 80' lang='grc' dir='ltr'>Υἱὸν,</span> <span class='ocrx_word' id='word_1_202' title='bbox 2309 1922 2399 1973; x_wconf 81' lang='grc' dir='ltr'>καὶ</span> <span class='ocrx_word' id='word_1_203' title='bbox 2429 1920 2569 1973; x_wconf 74' lang='grc' dir='ltr'>οὕτω</span> <span class='ocrx_word' id='word_1_204' title='bbox 2604 1919 2951 1987; x_wconf 77' lang='grc' dir='ltr'>πιστεύομεν.</span> <span class='ocrx_word' id='word_1_205' title='bbox 2979 1918 3037 1968; x_wconf 85' lang='grc' dir='ltr'><strong>Εἰ</strong></span> <span class='ocrx_word' id='word_1_206' title='bbox 3070 1916 3127 1967; x_wconf 72' lang='grc' dir='ltr'>δὲ</span> <span class='ocrx_word' id='word_1_207' title='bbox 3158 1916 3263 1966; x_wconf 77' lang='grc' dir='ltr'>πᾶν</span> <span class='ocrx_word' id='word_1_208' title='bbox 3308 1913 3370 1964; x_wconf 80' lang='grc' dir='ltr'><strong>τὸ</strong></span> <span class='ocrx_word' id='word_1_209' title='bbox 3407 1910 3703 1978; x_wconf 85' lang='grc' dir='ltr'>γενόμενον</span> 
     </span>
    </p>
   </div>
   <div class='ocr_carea' id='block_1_33' title="bbox 470 2008 2027 2081">
    <p class='ocr_par' dir='ltr' id='par_1_33' title="bbox 470 2008 2027 2081">
     <span class='ocr_line' id='line_1_33' title="bbox 470 2008 2027 2081; baseline -0.008 -10"><span class='ocrx_word' id='word_1_210' title='bbox 470 2029 656 2071; x_wconf 85' lang='lat' dir='ltr'><strong>recens</strong></span> <span class='ocrx_word' id='word_1_211' title='bbox 681 2022 761 2068; x_wconf 83' lang='lat' dir='ltr'><strong>est</strong></span> <span class='ocrx_word' id='word_1_212' title='bbox 792 2020 1036 2081; x_wconf 84' lang='lat' dir='ltr'><strong>respectu</strong></span> <span class='ocrx_word' id='word_1_213' title='bbox 1063 2009 1320 2071; x_wconf 87' lang='lat' dir='ltr'><strong>increati;</strong></span> <span class='ocrx_word' id='word_1_214' title='bbox 1350 2022 1523 2075; x_wconf 89' lang='lat' dir='ltr'><strong>neque</strong></span> <span class='ocrx_word' id='word_1_215' title='bbox 1549 2023 1643 2076; x_wconf 87' lang='lat' dir='ltr'><strong>par</strong></span> <span class='ocrx_word' id='word_1_216' title='bbox 1670 2018 1751 2061; x_wconf 87' lang='lat' dir='ltr'><strong>est</strong></span> <span class='ocrx_word' id='word_1_217' title='bbox 1783 2019 1839 2059; x_wconf 92' lang='lat' dir='ltr'><strong>ut</strong></span> <span class='ocrx_word' id='word_1_218' title='bbox 1865 2008 2027 2060; x_wconf 85' lang='lat' dir='ltr'><strong>Deum</strong></span> 
     </span>
    </p>
   </div>
   <div class='ocr_carea' id='block_1_34' title="bbox 471 2097 2030 2164">
    <p class='ocr_par' dir='ltr' id='par_1_34' title="bbox 471 2097 2030 2164">
     <span class='ocr_line' id='line_1_34' title="bbox 471 2097 2030 2164; baseline -0.008 -1"><span class='ocrx_word' id='word_1_219' title='bbox 471 2115 745 2163; x_wconf 87' lang='lat' dir='ltr'><strong>recentem</strong></span> <span class='ocrx_word' id='word_1_220' title='bbox 795 2118 858 2159; x_wconf 89' lang='lat' dir='ltr'><strong>ac</strong></span> <span class='ocrx_word' id='word_1_221' title='bbox 916 2116 1108 2155; x_wconf 88' lang='lat' dir='ltr'><strong>novum</strong></span> <span class='ocrx_word' id='word_1_222' title='bbox 1146 2098 1426 2153; x_wconf 84' lang='lat' dir='ltr'><strong>colamus:</strong></span> <span class='ocrx_word' id='word_1_223' title='bbox 1460 2112 1563 2151; x_wconf 87' lang='lat' dir='ltr'><strong>non</strong></span> <span class='ocrx_word' id='word_1_224' title='bbox 1618 2106 1700 2151; x_wconf 91' lang='lat' dir='ltr'><strong>est</strong></span> <span class='ocrx_word' id='word_1_225' title='bbox 1743 2097 1903 2164; x_wconf 81' lang='lat' dir='ltr'><strong>igitur</strong></span> <span class='ocrx_word' id='word_1_226' title='bbox 1943 2097 2030 2150; x_wconf 82' lang='lat' dir='ltr'><strong>Fi-</strong></span> 
     </span>
    </p>
   </div>
   <div class='ocr_carea' id='block_1_35' title="bbox 469 2188 2029 2261">
    <p class='ocr_par' dir='ltr' id='par_1_35' title="bbox 469 2188 2029 2261">
     <span class='ocr_line' id='line_1_35' title="bbox 469 2188 2029 2261; baseline -0.008 -8"><span class='ocrx_word' id='word_1_227' title='bbox 469 2198 575 2253; x_wconf 88' lang='lat' dir='ltr'><strong>lius</strong></span> <span class='ocrx_word' id='word_1_228' title='bbox 609 2197 745 2250; x_wconf 86' lang='lat' dir='ltr'><strong>Deus</strong></span> <span class='ocrx_word' id='word_1_229' title='bbox 776 2208 981 2259; x_wconf 86' lang='lat' dir='ltr'><strong>recens,</strong></span> <span class='ocrx_word' id='word_1_230' title='bbox 1032 2190 1233 2261; x_wconf 83' lang='lat' dir='ltr'><strong>quippe</strong></span> <span class='ocrx_word' id='word_1_231' title='bbox 1265 2188 1355 2257; x_wconf 92' lang='lat' dir='ltr'><strong>qui</strong></span> <span class='ocrx_word' id='word_1_232' title='bbox 1400 2197 1480 2243; x_wconf 88' lang='lat' dir='ltr'><strong>est</strong></span> <span class='ocrx_word' id='word_1_233' title='bbox 1524 2188 1573 2243; x_wconf 92' lang='lat' dir='ltr'><strong>id</strong></span> <span class='ocrx_word' id='word_1_234' title='bbox 1615 2189 1754 2258; x_wconf 90' lang='lat' dir='ltr'><strong>quod</strong></span> <span class='ocrx_word' id='word_1_235' title='bbox 1789 2197 2029 2243; x_wconf 84' lang='lat' dir='ltr'><strong>creatum</strong></span> 
     </span>
    </p>
   </div>
   <div class='ocr_carea' id='block_1_36' title="bbox 471 2297 709 2344">
    <p class='ocr_par' dir='ltr' id='par_1_36' title="bbox 471 2297 709 2344">
     <span class='ocr_line' id='line_1_36' title="bbox 471 2297 709 2344; baseline -0.017 0"><span class='ocrx_word' id='word_1_236' title='bbox 471 2303 575 2344; x_wconf 80' lang='grc' dir='ltr'><strong>ηοη</strong></span> <span class='ocrx_word' id='word_1_237' title='bbox 608 2297 709 2343; x_wconf 73' lang='grc' dir='ltr'>εει.</span> 
     </span>
    </p>
   </div>
   <div class='ocr_carea' id='block_1_37' title="bbox 1137 2391 1363 2447">
    <p class='ocr_par' dir='ltr' id='par_1_37' title="bbox 1137 2391 1363 2447">
     <span class='ocr_line' id='line_1_37' title="bbox 1137 2391 1363 2447; baseline -0.009 0"><span class='ocrx_word' id='word_1_238' title='bbox 1137 2391 1363 2447; x_wconf 81' lang='lat' dir='ltr'><strong>ALIUD.</strong></span> 
     </span>
    </p>
   </div>
   <div class='ocr_carea' id='block_1_38' title="bbox 540 2504 2029 2581">
    <p class='ocr_par' dir='ltr' id='par_1_38' title="bbox 540 2504 2029 2581">
     <span class='ocr_line' id='line_1_38' title="bbox 540 2504 2029 2581; baseline -0.006 -14"><span class='ocrx_word' id='word_1_239' title='bbox 540 2512 598 2567; x_wconf 92' lang='lat' dir='ltr'><strong>Si</strong></span> <span class='ocrx_word' id='word_1_240' title='bbox 629 2510 769 2581; x_wconf 86' lang='lat' dir='ltr'><strong>quod</strong></span> <span class='ocrx_word' id='word_1_241' title='bbox 807 2517 1044 2564; x_wconf 90' lang='lat' dir='ltr'><strong>creatum</strong></span> <span class='ocrx_word' id='word_1_242' title='bbox 1089 2515 1195 2570; x_wconf 89' lang='lat' dir='ltr'><strong>est,</strong></span> <span class='ocrx_word' id='word_1_243' title='bbox 1228 2506 1498 2561; x_wconf 87' lang='lat' dir='ltr'><strong>diversum</strong></span> <span class='ocrx_word' id='word_1_244' title='bbox 1527 2504 1683 2573; x_wconf 87' lang='lat' dir='ltr'><strong>plane</strong></span> <span class='ocrx_word' id='word_1_245' title='bbox 1729 2514 1811 2559; x_wconf 91' lang='lat' dir='ltr'><strong>est</strong></span> <span class='ocrx_word' id='word_1_246' title='bbox 1841 2506 1907 2559; x_wconf 91' lang='lat' dir='ltr'><strong>ab</strong></span> <span class='ocrx_word' id='word_1_247' title='bbox 1949 2506 2029 2559; x_wconf 92' lang='lat' dir='ltr'><strong>in-</strong></span> 
     </span>
    </p>
   </div>
   <div class='ocr_carea' id='block_1_39' title="bbox 465 2593 2028 2664">
    <p class='ocr_par' dir='ltr' id='par_1_39' title="bbox 465 2593 2028 2664">
     <span class='ocr_line' id='line_1_39' title="bbox 465 2593 2028 2664; baseline -0.006 -9"><span class='ocrx_word' id='word_1_248' title='bbox 465 2608 669 2662; x_wconf 76' lang='lat' dir='ltr'><strong>creato,</strong></span> <span class='ocrx_word' id='word_1_249' title='bbox 714 2597 926 2652; x_wconf 88' lang='lat' dir='ltr'><strong>adorari</strong></span> <span class='ocrx_word' id='word_1_250' title='bbox 984 2610 1091 2650; x_wconf 89' lang='lat' dir='ltr'><strong>non</strong></span> <span class='ocrx_word' id='word_1_251' title='bbox 1138 2595 1317 2649; x_wconf 86' lang='lat' dir='ltr'><strong>debet.</strong></span> <span class='ocrx_word' id='word_1_252' title='bbox 1371 2593 1559 2653; x_wconf 86' lang='lat' dir='ltr'><strong>Divino</strong></span> <span class='ocrx_word' id='word_1_253' title='bbox 1594 2594 1735 2647; x_wconf 90' lang='lat' dir='ltr'><strong>enim</strong></span> <span class='ocrx_word' id='word_1_254' title='bbox 1764 2604 2028 2664; x_wconf 64' lang='lat' dir='ltr'><strong>praecepto</strong></span> 
     </span>
    </p>
   </div>
   <div class='ocr_carea' id='block_1_40' title="bbox 470 2683 2024 2753">
    <p class='ocr_par' dir='ltr' id='par_1_40' title="bbox 470 2683 2024 2753">
     <span class='ocr_line' id='line_1_40' title="bbox 470 2683 2024 2753; baseline -0.003 -8"><span class='ocrx_word' id='word_1_255' title='bbox 470 2694 571 2746; x_wconf 85' lang='lat' dir='ltr'><strong>huc</strong></span> <span class='ocrx_word' id='word_1_256' title='bbox 598 2690 822 2743; x_wconf 82' lang='lat' dir='ltr'><strong>vetitum</strong></span> <span class='ocrx_word' id='word_1_257' title='bbox 872 2698 971 2741; x_wconf 76' lang='lat' dir='ltr'><strong>est.</strong></span> <span class='ocrx_word' id='word_1_258' title='bbox 1020 2686 1075 2740; x_wconf 88' lang='lat' dir='ltr'><strong>Si</strong></span> <span class='ocrx_word' id='word_1_259' title='bbox 1118 2700 1243 2741; x_wconf 87' lang='lat' dir='ltr'><strong>vero</strong></span> <span class='ocrx_word' id='word_1_260' title='bbox 1273 2683 1465 2738; x_wconf 87' lang='lat' dir='ltr'><strong>Filium</strong></span> <span class='ocrx_word' id='word_1_261' title='bbox 1491 2684 1739 2753; x_wconf 87' lang='lat' dir='ltr'><strong>jubemur</strong></span> <span class='ocrx_word' id='word_1_262' title='bbox 1777 2686 2024 2751; x_wconf 88' lang='lat' dir='ltr'><strong>adorare,</strong></span> 
     </span>
    </p>
   </div>
   <div class='ocr_carea' id='block_1_41' title="bbox 469 2774 2026 2844">
    <p class='ocr_par' dir='ltr' id='par_1_41' title="bbox 469 2774 2026 2844">
     <span class='ocr_line' id='line_1_41' title="bbox 469 2774 2026 2844; baseline -0.001 -11"><span class='ocrx_word' id='word_1_263' title='bbox 469 2795 575 2833; x_wconf 89' lang='lat' dir='ltr'><strong>non</strong></span> <span class='ocrx_word' id='word_1_264' title='bbox 609 2788 785 2832; x_wconf 86' lang='lat' dir='ltr'><strong>autem</strong></span> <span class='ocrx_word' id='word_1_265' title='bbox 822 2778 982 2830; x_wconf 88' lang='lat' dir='ltr'><strong>alium</strong></span> <span class='ocrx_word' id='word_1_266' title='bbox 1023 2778 1199 2839; x_wconf 89' lang='lat' dir='ltr'><strong>deum,</strong></span> <span class='ocrx_word' id='word_1_267' title='bbox 1234 2776 1323 2844; x_wconf 92' lang='lat' dir='ltr'><strong>qui</strong></span> <span class='ocrx_word' id='word_1_268' title='bbox 1357 2774 1425 2829; x_wconf 85' lang='lat' dir='ltr'><strong>sit</strong></span> <span class='ocrx_word' id='word_1_269' title='bbox 1456 2785 1668 2830; x_wconf 89' lang='lat' dir='ltr'><strong>creatus</strong></span> <span class='ocrx_word' id='word_1_270' title='bbox 1706 2794 1717 2829; x_wconf 88' lang='lat'><strong>:</strong></span> <span class='ocrx_word' id='word_1_271' title='bbox 1754 2776 2026 2832; x_wconf 82' lang='lat' dir='ltr'><strong>increatus</strong></span> 
     </span>
    </p>
   </div>
   <div class='ocr_carea' id='block_1_42' title="bbox 468 2868 948 2942">
    <p class='ocr_par' dir='ltr' id='par_1_42' title="bbox 468 2868 948 2942">
     <span class='ocr_line' id='line_1_42' title="bbox 468 2868 948 2942; baseline -0.004 -18"><span class='ocrx_word' id='word_1_272' title='bbox 468 2871 632 2942; x_wconf 85' lang='lat' dir='ltr'><strong>igitur</strong></span> <span class='ocrx_word' id='word_1_273' title='bbox 657 2881 739 2925; x_wconf 86' lang='lat' dir='ltr'><strong>est</strong></span> <span class='ocrx_word' id='word_1_274' title='bbox 764 2868 948 2925; x_wconf 84' lang='lat' dir='ltr'><strong>Filius.</strong></span> 
     </span>
    </p>
   </div>
   <div class='ocr_carea' id='block_1_43' title="bbox 1130 2976 1359 3033">
    <p class='ocr_par' dir='ltr' id='par_1_43' title="bbox 1130 2976 1359 3033">
     <span class='ocr_line' id='line_1_43' title="bbox 1130 2976 1359 3033; baseline -0.004 -3"><span class='ocrx_word' id='word_1_275' title='bbox 1130 2976 1359 3033; x_wconf 82' lang='lat' dir='ltr'><strong>ALIUD.</strong></span> 
     </span>
    </p>
   </div>
   <div class='ocr_carea' id='block_1_44' title="bbox 539 3088 2028 3160">
    <p class='ocr_par' dir='ltr' id='par_1_44' title="bbox 539 3088 2028 3160">
     <span class='ocr_line' id='line_1_44' title="bbox 539 3088 2028 3160; baseline -0.003 -13"><span class='ocrx_word' id='word_1_276' title='bbox 539 3090 594 3147; x_wconf 92' lang='lat' dir='ltr'><strong>Si</strong></span> <span class='ocrx_word' id='word_1_277' title='bbox 624 3090 880 3160; x_wconf 85' lang='lat' dir='ltr'><strong>quidquid</strong></span> <span class='ocrx_word' id='word_1_278' title='bbox 910 3088 1111 3144; x_wconf 82' lang='lat' dir='ltr'><strong>factum</strong></span> <span class='ocrx_word' id='word_1_279' title='bbox 1157 3096 1257 3152; x_wconf 89' lang='lat' dir='ltr'><strong>est,</strong></span> <span class='ocrx_word' id='word_1_280' title='bbox 1312 3102 1521 3143; x_wconf 84' lang='lat' dir='ltr'><strong>servum</strong></span> <span class='ocrx_word' id='word_1_281' title='bbox 1570 3100 1651 3143; x_wconf 89' lang='lat' dir='ltr'><strong>est</strong></span> <span class='ocrx_word' id='word_1_282' title='bbox 1684 3090 1819 3158; x_wconf 83' lang='lat' dir='ltr'><strong>ejus,</strong></span> <span class='ocrx_word' id='word_1_283' title='bbox 1854 3106 1879 3142; x_wconf 91' lang='lat' dir='ltr'><strong>a</strong></span> <span class='ocrx_word' id='word_1_284' title='bbox 1924 3105 2028 3160; x_wconf 90' lang='lat' dir='ltr'><strong>quo</strong></span> 
     </span>
    </p>
   </div>
   <div class='ocr_carea' id='block_1_45' title="bbox 2133 1998 3702 2083">
    <p class='ocr_par' dir='ltr' id='par_1_45' title="bbox 2133 1998 3702 2083">
     <span class='ocr_line' id='line_1_45' title="bbox 2133 1998 3702 2083; baseline -0.01 -18"><span class='ocrx_word' id='word_1_285' title='bbox 2133 2012 2442 2083; x_wconf 83' lang='grc' dir='ltr'>πρόσφατόν</span> <span class='ocrx_word' id='word_1_286' title='bbox 2474 2014 2621 2064; x_wconf 75' lang='grc' dir='ltr'>ἐστιν</span> <span class='ocrx_word' id='word_1_287' title='bbox 2648 2010 2721 2073; x_wconf 83' lang='grc' dir='ltr'>ὡς</span> <span class='ocrx_word' id='word_1_288' title='bbox 2743 2010 2879 2079; x_wconf 80' lang='grc' dir='ltr'>πρὸς</span> <span class='ocrx_word' id='word_1_289' title='bbox 2936 2008 2995 2061; x_wconf 76' lang='grc' dir='ltr'>τὸ</span> <span class='ocrx_word' id='word_1_290' title='bbox 3024 2009 3305 2076; x_wconf 79' lang='grc' dir='ltr'>ἀγένητον·</span> <span class='ocrx_word' id='word_1_291' title='bbox 3341 2004 3437 2073; x_wconf 75' lang='grc' dir='ltr'><strong>οὐχ</strong></span> <span class='ocrx_word' id='word_1_292' title='bbox 3468 2004 3615 2054; x_wconf 82' lang='grc' dir='ltr'>ὅσιον</span> <span class='ocrx_word' id='word_1_293' title='bbox 3646 1998 3702 2051; x_wconf 65' lang='grc' dir='ltr'>δὲ</span> 
     </span>
    </p>
   </div>
   <div class='ocr_carea' id='block_1_46' title="bbox 2130 2089 3739 2173">
    <p class='ocr_par' dir='ltr' id='par_1_46' title="bbox 2130 2089 3739 2173">
     <span class='ocr_line' id='line_1_46' title="bbox 2130 2089 3739 2173; baseline -0.002 -17"><span class='ocrx_word' id='word_1_294' title='bbox 2130 2099 2266 2157; x_wconf 75' lang='grc' dir='ltr'>εἶναι</span> <span class='ocrx_word' id='word_1_295' title='bbox 2299 2102 2432 2156; x_wconf 80' lang='grc' dir='ltr'>Θεὸν</span> <span class='ocrx_word' id='word_1_296' title='bbox 2454 2104 2766 2173; x_wconf 82' lang='grc' dir='ltr'>πρόσφατον</span> <span class='ocrx_word' id='word_1_297' title='bbox 2796 2104 2851 2154; x_wconf 81' lang='grc' dir='ltr'>ὲν</span> <span class='ocrx_word' id='word_1_298' title='bbox 2877 2102 3027 2170; x_wconf 78' lang='grc' dir='ltr'>ἡμῖν,</span> <span class='ocrx_word' id='word_1_299' title='bbox 3074 2099 3173 2150; x_wconf 81' lang='grc' dir='ltr'>οὐκ</span> <span class='ocrx_word' id='word_1_300' title='bbox 3219 2096 3371 2153; x_wconf 67' lang='grc' dir='ltr'>ἐσται</span> <span class='ocrx_word' id='word_1_301' title='bbox 3412 2094 3520 2163; x_wconf 77' lang='grc' dir='ltr'><strong>ἀρα</strong></span> <span class='ocrx_word' id='word_1_302' title='bbox 3569 2089 3739 2161; x_wconf 78' lang='grc' dir='ltr'>Θεὸς,</span> 
     </span>
    </p>
   </div>
   <div class='ocr_carea' id='block_1_47' title="bbox 2129 2187 3391 2267">
    <p class='ocr_par' dir='ltr' id='par_1_47' title="bbox 2129 2187 3391 2267">
     <span class='ocr_line' id='line_1_47' title="bbox 2129 2187 3391 2267; baseline -0.008 -20"><span class='ocrx_word' id='word_1_303' title='bbox 2129 2195 2436 2267; x_wconf 80' lang='grc' dir='ltr'><strong>πρόσφατος</strong></span> <span class='ocrx_word' id='word_1_304' title='bbox 2468 2194 2497 2245; x_wconf 95' lang='lat'><strong>6</strong></span> <span class='ocrx_word' id='word_1_305' title='bbox 2521 2192 2664 2259; x_wconf 87' lang='grc' dir='ltr'>Υίὸς,</span> <span class='ocrx_word' id='word_1_306' title='bbox 2694 2193 2829 2260; x_wconf 83' lang='grc' dir='ltr'>ὅπερ</span> <span class='ocrx_word' id='word_1_307' title='bbox 2859 2191 2973 2242; x_wconf 70' lang='grc' dir='ltr'>ἐστὶ</span> <span class='ocrx_word' id='word_1_308' title='bbox 3011 2188 3069 2240; x_wconf 84' lang='grc' dir='ltr'><strong>τὸ</strong></span> <span class='ocrx_word' id='word_1_309' title='bbox 3112 2187 3391 2256; x_wconf 86' lang='grc' dir='ltr'>ἀγένητον.</span> 
     </span>
    </p>
   </div>
   <div class='ocr_carea' id='block_1_48' title="bbox 2810 2395 3011 2449">
    <p class='ocr_par' dir='ltr' id='par_1_48' title="bbox 2810 2395 3011 2449">
     <span class='ocr_line' id='line_1_48' title="bbox 2810 2395 3011 2449; baseline -0.02 0"><span class='ocrx_word' id='word_1_310' title='bbox 2810 2395 3011 2449; x_wconf 69' lang='lat' dir='ltr'><strong>MAG.</strong></span> 
     </span>
    </p>
   </div>
   <div class='ocr_carea' id='block_1_49' title="bbox 2199 2497 3699 2577">
    <p class='ocr_par' dir='ltr' id='par_1_49' title="bbox 2199 2497 3699 2577">
     <span class='ocr_line' id='line_1_49' title="bbox 2199 2497 3699 2577; baseline -0.009 -14"><span class='ocrx_word' id='word_1_311' title='bbox 2199 2510 2261 2563; x_wconf 83' lang='lat' dir='ltr'><strong>El</strong></span> <span class='ocrx_word' id='word_1_312' title='bbox 2284 2509 2344 2562; x_wconf 78' lang='grc' dir='ltr'>τὸ</span> <span class='ocrx_word' id='word_1_313' title='bbox 2382 2508 2605 2577; x_wconf 75' lang='grc' dir='ltr'>γενητὸν</span> <span class='ocrx_word' id='word_1_314' title='bbox 2640 2506 2865 2560; x_wconf 79' lang='grc' dir='ltr'><strong>καθόλου</strong></span> <span class='ocrx_word' id='word_1_315' title='bbox 2900 2503 3084 2573; x_wconf 70' lang='grc' dir='ltr'>ἕτερόν</span> <span class='ocrx_word' id='word_1_316' title='bbox 3113 2502 3227 2553; x_wconf 88' lang='grc' dir='ltr'>ὲστι</span> <span class='ocrx_word' id='word_1_317' title='bbox 3277 2497 3369 2551; x_wconf 83' lang='grc' dir='ltr'>τοῦ</span> <span class='ocrx_word' id='word_1_318' title='bbox 3396 2499 3658 2567; x_wconf 77' lang='grc' dir='ltr'>ἀγινήτου</span> <span class='ocrx_word' id='word_1_319' title='bbox 3683 2536 3699 2559; x_wconf 91' lang='grc'><strong>,</strong></span> 
     </span>
    </p>
   </div>
   <div class='ocr_carea' id='block_1_50' title="bbox 2126 2588 3703 2669">
    <p class='ocr_par' dir='ltr' id='par_1_50' title="bbox 2126 2588 3703 2669">
     <span class='ocr_line' id='line_1_50' title="bbox 2126 2588 3703 2669; baseline -0.009 -16"><span class='ocrx_word' id='word_1_320' title='bbox 2126 2600 2188 2653; x_wconf 87' lang='grc' dir='ltr'><strong>οὺ</strong></span> <span class='ocrx_word' id='word_1_321' title='bbox 2225 2600 2305 2652; x_wconf 84' lang='grc' dir='ltr'><strong>δεῖ</strong></span> <span class='ocrx_word' id='word_1_322' title='bbox 2332 2598 2479 2668; x_wconf 80' lang='grc' dir='ltr'>αὐτῷ</span> <span class='ocrx_word' id='word_1_323' title='bbox 2510 2598 2854 2669; x_wconf 84' lang='grc' dir='ltr'>προσκυνεῖν.</span> <span class='ocrx_word' id='word_1_324' title='bbox 2904 2594 3272 2663; x_wconf 80' lang='grc' dir='ltr'>Ἀπηγόρευσε</span> <span class='ocrx_word' id='word_1_325' title='bbox 3312 2590 3420 2660; x_wconf 84' lang='grc' dir='ltr'>γὰρ</span> <span class='ocrx_word' id='word_1_326' title='bbox 3461 2588 3618 2641; x_wconf 81' lang='grc' dir='ltr'>τοῦτο</span> <span class='ocrx_word' id='word_1_327' title='bbox 3644 2588 3703 2640; x_wconf 77' lang='grc' dir='ltr'>τὸ</span> 
     </span>
    </p>
   </div>
   <div class='ocr_carea' id='block_1_51' title="bbox 2127 2681 3699 2759">
    <p class='ocr_par' dir='ltr' id='par_1_51' title="bbox 2127 2681 3699 2759">
     <span class='ocr_line' id='line_1_51' title="bbox 2127 2681 3699 2759; baseline -0.01 -13"><span class='ocrx_word' id='word_1_328' title='bbox 2127 2693 2268 2746; x_wconf 82' lang='grc' dir='ltr'>θεῖον</span> <span class='ocrx_word' id='word_1_329' title='bbox 2303 2691 2501 2759; x_wconf 80' lang='grc' dir='ltr'>λόγιον.</span> <span class='ocrx_word' id='word_1_330' title='bbox 2548 2691 2608 2743; x_wconf 80' lang='lat' dir='ltr'><strong>El</strong></span> <span class='ocrx_word' id='word_1_331' title='bbox 2641 2690 2696 2742; x_wconf 78' lang='grc' dir='ltr'>δὲ</span> <span class='ocrx_word' id='word_1_332' title='bbox 2750 2688 2826 2757; x_wconf 85' lang='grc' dir='ltr'>τῷ</span> <span class='ocrx_word' id='word_1_333' title='bbox 2875 2686 2987 2755; x_wconf 85' lang='grc' dir='ltr'><strong>Υίῷ</strong></span> <span class='ocrx_word' id='word_1_334' title='bbox 3040 2681 3496 2755; x_wconf 82' lang='grc' dir='ltr'>προστασσόμεθα</span> <span class='ocrx_word' id='word_1_335' title='bbox 3537 2696 3699 2749; x_wconf 87' lang='grc' dir='ltr'>προσ-</span> 
     </span>
    </p>
   </div>
   <div class='ocr_carea' id='block_1_52' title="bbox 2128 2769 3701 2845">
    <p class='ocr_par' dir='ltr' id='par_1_52' title="bbox 2128 2769 3701 2845">
     <span class='ocr_line' id='line_1_52' title="bbox 2128 2769 3701 2845; baseline -0.007 -13"><span class='ocrx_word' id='word_1_336' title='bbox 2128 2782 2329 2845; x_wconf 77' lang='grc' dir='ltr'><strong>κυνεῖν,</strong></span> <span class='ocrx_word' id='word_1_337' title='bbox 2359 2779 2458 2831; x_wconf 82' lang='grc' dir='ltr'><strong>οὺκ</strong></span> <span class='ocrx_word' id='word_1_338' title='bbox 2486 2778 2565 2831; x_wconf 73' lang='grc' dir='ltr'>ἔτι</span> <span class='ocrx_word' id='word_1_339' title='bbox 2592 2778 2646 2830; x_wconf 79' lang='grc' dir='ltr'>δὲ</span> <span class='ocrx_word' id='word_1_340' title='bbox 2679 2777 2772 2829; x_wconf 78' lang='grc' dir='ltr'><strong>καὶ</strong></span> <span class='ocrx_word' id='word_1_341' title='bbox 2805 2777 2975 2845; x_wconf 78' lang='grc' dir='ltr'><strong>ἑτέρῳ</strong></span> <span class='ocrx_word' id='word_1_342' title='bbox 3006 2773 3141 2843; x_wconf 79' lang='grc' dir='ltr'>Θεῷ,</span> <span class='ocrx_word' id='word_1_343' title='bbox 3199 2774 3336 2841; x_wconf 82' lang='grc' dir='ltr'>ὅπερ</span> <span class='ocrx_word' id='word_1_344' title='bbox 3368 2772 3485 2823; x_wconf 71' lang='grc' dir='ltr'>ἐστὶ</span> <span class='ocrx_word' id='word_1_345' title='bbox 3521 2769 3580 2822; x_wconf 83' lang='grc' dir='ltr'><strong>τὸ</strong></span> <span class='ocrx_word' id='word_1_346' title='bbox 3608 2784 3701 2837; x_wconf 76' lang='grc' dir='ltr'>γε·</span> 
     </span>
    </p>
   </div>
   <div class='ocr_carea' id='block_1_53' title="bbox 2128 2867 2995 2940">
    <p class='ocr_par' dir='ltr' id='par_1_53' title="bbox 2128 2867 2995 2940">
     <span class='ocr_line' id='line_1_53' title="bbox 2128 2867 2995 2940; baseline -0.007 -17"><span class='ocrx_word' id='word_1_347' title='bbox 2128 2871 2302 2940; x_wconf 71' lang='grc' dir='ltr'>νητόν*</span> <span class='ocrx_word' id='word_1_348' title='bbox 2326 2870 2384 2923; x_wconf 85' lang='grc' dir='ltr'>οὐ</span> <span class='ocrx_word' id='word_1_349' title='bbox 2415 2868 2637 2939; x_wconf 79' lang='grc' dir='ltr'><strong>γενητὸς</strong></span> <span class='ocrx_word' id='word_1_350' title='bbox 2662 2868 2769 2938; x_wconf 82' lang='grc' dir='ltr'><strong>ἀρα</strong></span> <span class='ocrx_word' id='word_1_351' title='bbox 2797 2870 2825 2920; x_wconf 93' lang='lat'><strong>6</strong></span> <span class='ocrx_word' id='word_1_352' title='bbox 2851 2867 2995 2929; x_wconf 85' lang='grc' dir='ltr'>Υἱός.</span> 
     </span>
    </p>
   </div>
   <div class='ocr_carea' id='block_1_54' title="bbox 2811 2980 3013 3032">
    <p class='ocr_par' dir='ltr' id='par_1_54' title="bbox 2811 2980 3013 3032">
     <span class='ocr_line' id='line_1_54' title="bbox 2811 2980 3013 3032; baseline -0.015 0"><span class='ocrx_word' id='word_1_353' title='bbox 2811 2980 3013 3032; x_wconf 78' lang='grc' dir='ltr'><strong>ΔΛΛΟ.</strong></span> 
     </span>
    </p>
   </div>
   <div class='ocr_carea' id='block_1_55' title="bbox 2198 3089 3700 3165">
    <p class='ocr_par' dir='ltr' id='par_1_55' title="bbox 2198 3089 3700 3165">
     <span class='ocr_line' id='line_1_55' title="bbox 2198 3089 3700 3165; baseline -0.009 -12"><span class='ocrx_word' id='word_1_354' title='bbox 2198 3100 2260 3153; x_wconf 82' lang='grc' dir='ltr'><strong>Εἰ</strong></span> <span class='ocrx_word' id='word_1_355' title='bbox 2292 3100 2398 3152; x_wconf 69' lang='grc' dir='ltr'><strong>πᾶν</strong></span> <span class='ocrx_word' id='word_1_356' title='bbox 2423 3098 2482 3150; x_wconf 81' lang='grc' dir='ltr'><strong>τὸ</strong></span> <span class='ocrx_word' id='word_1_357' title='bbox 2505 3097 2793 3165; x_wconf 89' lang='grc' dir='ltr'>γενόμενον</span> <span class='ocrx_word' id='word_1_358' title='bbox 2819 3093 3004 3147; x_wconf 75' lang='grc' dir='ltr'>δοῦλόν</span> <span class='ocrx_word' id='word_1_359' title='bbox 3035 3094 3146 3144; x_wconf 75' lang='grc' dir='ltr'>ἐστι</span> <span class='ocrx_word' id='word_1_360' title='bbox 3184 3089 3277 3143; x_wconf 82' lang='grc' dir='ltr'>τοῦ</span> <span class='ocrx_word' id='word_1_361' title='bbox 3311 3090 3700 3158; x_wconf 69' lang='grc' dir='ltr'><strong>πεποιηκότος,</strong></span> 
     </span>
    </p>
   </div>
   <div class='ocr_carea' id='block_1_56' title="bbox 468 3179 2026 3261">
    <p class='ocr_par' dir='ltr' id='par_1_56' title="bbox 468 3179 2025 3249">
     <span class='ocr_line' id='line_1_56' title="bbox 468 3179 2025 3249; baseline -0.003 -11"><span class='ocrx_word' id='word_1_362' title='bbox 468 3183 670 3238; x_wconf 72' lang='lat' dir='ltr'><strong>factum</strong></span> <span class='ocrx_word' id='word_1_363' title='bbox 704 3190 786 3236; x_wconf 90' lang='lat' dir='ltr'><strong>est</strong></span> <span class='ocrx_word' id='word_1_364' title='bbox 816 3198 829 3235; x_wconf 90' lang='lat'><strong>:</strong></span> <span class='ocrx_word' id='word_1_365' title='bbox 856 3179 1189 3248; x_wconf 81' lang='lat' dir='ltr'><strong>impossibile</strong></span> <span class='ocrx_word' id='word_1_366' title='bbox 1220 3179 1382 3249; x_wconf 91' lang='lat' dir='ltr'><strong>igitur</strong></span> <span class='ocrx_word' id='word_1_367' title='bbox 1418 3180 1489 3233; x_wconf 92' lang='lat' dir='ltr'><strong>illi</strong></span> <span class='ocrx_word' id='word_1_368' title='bbox 1517 3189 1598 3234; x_wconf 90' lang='lat' dir='ltr'><strong>est</strong></span> <span class='ocrx_word' id='word_1_369' title='bbox 1624 3181 1923 3235; x_wconf 88' lang='lat' dir='ltr'><strong>libertatem</strong></span> <span class='ocrx_word' id='word_1_370' title='bbox 1950 3182 2025 3234; x_wconf 93' lang='lat' dir='ltr'><strong>al-</strong></span> 
     </span>
    </p>
   </div>
   <div class='ocr_carea' id='block_1_57' title="bbox 2129 3179 3701 3261">
    <p class='ocr_par' dir='ltr' id='par_1_57' title="bbox 2131 3181 3701 3261">
     <span class='ocr_line' id='line_1_57' title="bbox 2131 3181 3701 3261; baseline -0.01 -16"><span class='ocrx_word' id='word_1_371' title='bbox 2131 3193 2403 3253; x_wconf 86' lang='grc' dir='ltr'>ἀδυνάτως</span> <span class='ocrx_word' id='word_1_372' title='bbox 2431 3190 2537 3261; x_wconf 79' lang='grc' dir='ltr'>ἄρα</span> <span class='ocrx_word' id='word_1_373' title='bbox 2581 3188 2690 3256; x_wconf 75' lang='grc' dir='ltr'>ἔχει</span> <span class='ocrx_word' id='word_1_374' title='bbox 2730 3186 2898 3254; x_wconf 77' lang='grc' dir='ltr'>ἑτέρῳ</span> <span class='ocrx_word' id='word_1_375' title='bbox 2950 3184 3049 3253; x_wconf 81' lang='grc' dir='ltr'><strong>τὴν</strong></span> <span class='ocrx_word' id='word_1_376' title='bbox 3103 3181 3413 3252; x_wconf 77' lang='grc' dir='ltr'><strong>ἐλευθερίαν</strong></span> <span class='ocrx_word' id='word_1_377' title='bbox 3456 3181 3701 3251; x_wconf 83' lang='grc' dir='ltr'>ὀρέγειν,</span> 
     </span>
    </p>
   </div>
   <div class='ocr_carea' id='block_1_58' title="bbox 470 3268 2023 3340">
    <p class='ocr_par' dir='ltr' id='par_1_58' title="bbox 470 3268 2023 3340">
     <span class='ocr_line' id='line_1_58' title="bbox 470 3268 2023 3340; baseline -0.001 -13"><span class='ocrx_word' id='word_1_378' title='bbox 470 3274 568 3330; x_wconf 88' lang='lat' dir='ltr'><strong>teri</strong></span> <span class='ocrx_word' id='word_1_379' title='bbox 598 3270 845 3327; x_wconf 78' lang='lat' dir='ltr'><strong>conferre</strong></span> <span class='ocrx_word' id='word_1_380' title='bbox 875 3285 1033 3340; x_wconf 90' lang='lat' dir='ltr'><strong>quam</strong></span> <span class='ocrx_word' id='word_1_381' title='bbox 1070 3284 1175 3323; x_wconf 91' lang='lat' dir='ltr'><strong>non</strong></span> <span class='ocrx_word' id='word_1_382' title='bbox 1216 3269 1395 3325; x_wconf 81' lang='lat' dir='ltr'><strong>habet.</strong></span> <span class='ocrx_word' id='word_1_383' title='bbox 1432 3268 1487 3325; x_wconf 91' lang='lat' dir='ltr'><strong>Si</strong></span> <span class='ocrx_word' id='word_1_384' title='bbox 1522 3281 1697 3325; x_wconf 90' lang='lat' dir='ltr'><strong>autem</strong></span> <span class='ocrx_word' id='word_1_385' title='bbox 1738 3286 1853 3325; x_wconf 88' lang='lat' dir='ltr'><strong>eam</strong></span> <span class='ocrx_word' id='word_1_386' title='bbox 1894 3287 2023 3327; x_wconf 86' lang='lat' dir='ltr'><strong>con-</strong></span> 
     </span>
    </p>
   </div>
   <div class='ocr_carea' id='block_1_59' title="bbox 474 3361 2027 3429">
    <p class='ocr_par' dir='ltr' id='par_1_59' title="bbox 474 3361 2027 3429">
     <span class='ocr_line' id='line_1_59' title="bbox 474 3361 2027 3429; baseline -0.001 -11"><span class='ocrx_word' id='word_1_387' title='bbox 474 3365 573 3419; x_wconf 86' lang='lat' dir='ltr'><strong>l&#39;ert</strong></span> <span class='ocrx_word' id='word_1_388' title='bbox 597 3362 786 3423; x_wconf 82' lang='lat' dir='ltr'><strong>Filius,</strong></span> <span class='ocrx_word' id='word_1_389' title='bbox 814 3373 999 3416; x_wconf 81' lang='lat' dir='ltr'><strong>servus</strong></span> <span class='ocrx_word' id='word_1_390' title='bbox 1026 3361 1209 3427; x_wconf 83' lang='lat' dir='ltr'><strong>itaque</strong></span> <span class='ocrx_word' id='word_1_391' title='bbox 1243 3375 1349 3414; x_wconf 89' lang='lat' dir='ltr'><strong>non</strong></span> <span class='ocrx_word' id='word_1_392' title='bbox 1382 3369 1485 3425; x_wconf 89' lang='lat' dir='ltr'><strong>est,</strong></span> <span class='ocrx_word' id='word_1_393' title='bbox 1520 3362 1612 3414; x_wconf 83' lang='lat' dir='ltr'><strong>sed</strong></span> <span class='ocrx_word' id='word_1_394' title='bbox 1642 3362 1816 3429; x_wconf 84' lang='lat' dir='ltr'><strong>potius</strong></span> <span class='ocrx_word' id='word_1_395' title='bbox 1848 3362 2027 3417; x_wconf 88' lang='lat' dir='ltr'><strong>Domi-</strong></span> 
     </span>
    </p>
   </div>
   <div class='ocr_carea' id='block_1_60' title="bbox 474 3455 835 3509">
    <p class='ocr_par' dir='ltr' id='par_1_60' title="bbox 474 3455 835 3509">
     <span class='ocr_line' id='line_1_60' title="bbox 474 3455 835 3509; baseline -0.014 0"><span class='ocrx_word' id='word_1_396' title='bbox 474 3470 574 3509; x_wconf 88' lang='lat' dir='ltr'><strong>nus</strong></span> <span class='ocrx_word' id='word_1_397' title='bbox 599 3466 649 3508; x_wconf 86' lang='lat' dir='ltr'><strong>et</strong></span> <span class='ocrx_word' id='word_1_398' title='bbox 680 3455 835 3506; x_wconf 89' lang='lat' dir='ltr'><strong>Deus.</strong></span> 
     </span>
    </p>
   </div>
   <div class='ocr_carea' id='block_1_61' title="bbox 1132 3562 1353 3619">
    <p class='ocr_par' dir='ltr' id='par_1_61' title="bbox 1132 3562 1353 3619">
     <span class='ocr_line' id='line_1_61' title="bbox 1132 3562 1353 3619; baseline 0.005 -3"><span class='ocrx_word' id='word_1_399' title='bbox 1132 3562 1353 3619; x_wconf 91' lang='lat' dir='ltr'><strong>ALIUD.</strong></span> 
     </span>
    </p>
   </div>
   <div class='ocr_carea' id='block_1_62' title="bbox 539 3674 2027 3731">
    <p class='ocr_par' dir='ltr' id='par_1_62' title="bbox 539 3674 2027 3731">
     <span class='ocr_line' id='line_1_62' title="bbox 539 3674 2027 3731; baseline -0.001 0"><span class='ocrx_word' id='word_1_400' title='bbox 539 3676 595 3731; x_wconf 89' lang='lat' dir='ltr'><strong>Si</strong></span> <span class='ocrx_word' id='word_1_401' title='bbox 628 3676 801 3731; x_wconf 85' lang='lat' dir='ltr'><strong>omnis</strong></span> <span class='ocrx_word' id='word_1_402' title='bbox 833 3684 1079 3730; x_wconf 87' lang='lat' dir='ltr'><strong>creatura</strong></span> <span class='ocrx_word' id='word_1_403' title='bbox 1130 3674 1231 3729; x_wconf 90' lang='lat' dir='ltr'><strong>sub</strong></span> <span class='ocrx_word' id='word_1_404' title='bbox 1271 3683 1459 3727; x_wconf 86' lang='lat' dir='ltr'><strong>natura</strong></span> <span class='ocrx_word' id='word_1_405' title='bbox 1487 3674 1791 3729; x_wconf 88' lang='lat' dir='ltr'><strong>consistens</strong></span> <span class='ocrx_word' id='word_1_406' title='bbox 1825 3684 2027 3730; x_wconf 66' lang='lat' dir='ltr'><strong>natura</strong></span> 
     </span>
    </p>
   </div>
   <div class='ocr_carea' id='block_1_63' title="bbox 468 3764 2023 3834">
    <p class='ocr_par' dir='ltr' id='par_1_63' title="bbox 468 3764 2023 3834">
     <span class='ocr_line' id='line_1_63' title="bbox 468 3764 2023 3834; baseline -0.001 -12"><span class='ocrx_word' id='word_1_407' title='bbox 468 3766 565 3833; x_wconf 89' lang='lat' dir='ltr'><strong>illi,</strong></span> <span class='ocrx_word' id='word_1_408' title='bbox 596 3767 696 3821; x_wconf 89' lang='lat' dir='ltr'><strong>sub</strong></span> <span class='ocrx_word' id='word_1_409' title='bbox 724 3781 826 3834; x_wconf 91' lang='lat' dir='ltr'><strong>qua</strong></span> <span class='ocrx_word' id='word_1_410' title='bbox 862 3778 943 3820; x_wconf 90' lang='lat' dir='ltr'><strong>cst</strong></span> <span class='ocrx_word' id='word_1_411' title='bbox 990 3776 1044 3819; x_wconf 90' lang='lat' dir='ltr'><strong>et</strong></span> <span class='ocrx_word' id='word_1_412' title='bbox 1076 3764 1215 3819; x_wconf 78' lang='lat' dir='ltr'><strong>facta</strong></span> <span class='ocrx_word' id='word_1_413' title='bbox 1255 3772 1360 3831; x_wconf 89' lang='lat' dir='ltr'><strong>est,</strong></span> <span class='ocrx_word' id='word_1_414' title='bbox 1393 3766 1581 3829; x_wconf 84' lang='lat' dir='ltr'><strong>servit,</strong></span> <span class='ocrx_word' id='word_1_415' title='bbox 1636 3766 1806 3820; x_wconf 86' lang='lat' dir='ltr'><strong>deitas</strong></span> <span class='ocrx_word' id='word_1_416' title='bbox 1847 3777 2023 3821; x_wconf 85' lang='lat' dir='ltr'><strong>autem</strong></span> 
     </span>
    </p>
   </div>
   <div class='ocr_carea' id='block_1_64' title="bbox 469 3855 2023 3925">
    <p class='ocr_par' dir='ltr' id='par_1_64' title="bbox 469 3855 2023 3925">
     <span class='ocr_line' id='line_1_64' title="bbox 469 3855 2023 3925; baseline 0.003 -15"><span class='ocrx_word' id='word_1_417' title='bbox 469 3857 633 3912; x_wconf 85' lang='lat' dir='ltr'><strong>libera</strong></span> <span class='ocrx_word' id='word_1_418' title='bbox 675 3863 774 3921; x_wconf 91' lang='lat' dir='ltr'><strong>est,</strong></span> <span class='ocrx_word' id='word_1_419' title='bbox 813 3857 1068 3924; x_wconf 70' lang='lat' dir='ltr'><strong>outpique</strong></span> <span class='ocrx_word' id='word_1_420' title='bbox 1099 3855 1329 3909; x_wconf 83' lang='lat' dir='ltr'><strong>naturali</strong></span> <span class='ocrx_word' id='word_1_421' title='bbox 1378 3857 1704 3911; x_wconf 84' lang='lat' dir='ltr'><strong>necessitate</strong></span> <span class='ocrx_word' id='word_1_422' title='bbox 1738 3858 2023 3925; x_wconf 86' lang='lat' dir='ltr'><strong>superior:</strong></span> 
     </span>
    </p>
   </div>
   <div class='ocr_carea' id='block_1_65' title="bbox 470 3946 2024 4003">
    <p class='ocr_par' dir='ltr' id='par_1_65' title="bbox 470 3946 2024 4003">
     <span class='ocr_line' id='line_1_65' title="bbox 470 3946 2024 4003; baseline 0.001 -3"><span class='ocrx_word' id='word_1_423' title='bbox 470 3946 811 4001; x_wconf 80' lang='lat' dir='ltr'><strong>manifestum</strong></span> <span class='ocrx_word' id='word_1_424' title='bbox 865 3955 947 3998; x_wconf 90' lang='lat' dir='ltr'><strong>est</strong></span> <span class='ocrx_word' id='word_1_425' title='bbox 1000 3946 1164 3999; x_wconf 89' lang='lat' dir='ltr'><strong>Deum</strong></span> <span class='ocrx_word' id='word_1_426' title='bbox 1205 3961 1307 3999; x_wconf 89' lang='lat' dir='ltr'><strong>non</strong></span> <span class='ocrx_word' id='word_1_427' title='bbox 1357 3947 1558 4000; x_wconf 66' lang='lat' dir='ltr'><strong>servire</strong></span> <span class='ocrx_word' id='word_1_428' title='bbox 1614 3958 1837 4003; x_wconf 57' lang='lat' dir='ltr'><strong>natura).</strong></span> <span class='ocrx_word' id='word_1_429' title='bbox 1892 3948 2024 4002; x_wconf 87' lang='lat' dir='ltr'><strong>Cum</strong></span> 
     </span>
    </p>
   </div>
   <div class='ocr_carea' id='block_1_66' title="bbox 468 4036 2027 4106">
    <p class='ocr_par' dir='ltr' id='par_1_66' title="bbox 468 4036 2027 4106">
     <span class='ocr_line' id='line_1_66' title="bbox 468 4036 2027 4106; baseline 0.004 -18"><span class='ocrx_word' id='word_1_430' title='bbox 468 4051 593 4091; x_wconf 87' lang='lat' dir='ltr'><strong>vero</strong></span> <span class='ocrx_word' id='word_1_431' title='bbox 624 4036 789 4091; x_wconf 85' lang='lat' dir='ltr'><strong>Filius</strong></span> <span class='ocrx_word' id='word_1_432' title='bbox 835 4036 905 4091; x_wconf 83' lang='lat' dir='ltr'><strong>sit</strong></span> <span class='ocrx_word' id='word_1_433' title='bbox 950 4038 1111 4099; x_wconf 90' lang='lat' dir='ltr'><strong>Deus,</strong></span> <span class='ocrx_word' id='word_1_434' title='bbox 1165 4048 1310 4089; x_wconf 87' lang='lat' dir='ltr'><strong>certe</strong></span> <span class='ocrx_word' id='word_1_435' title='bbox 1359 4045 1562 4091; x_wconf 76' lang='lat' dir='ltr'><strong>natura:</strong></span> <span class='ocrx_word' id='word_1_436' title='bbox 1601 4038 1871 4106; x_wconf 88' lang='lat' dir='ltr'><strong>subjectus</strong></span> <span class='ocrx_word' id='word_1_437' title='bbox 1920 4054 2027 4094; x_wconf 91' lang='lat' dir='ltr'><strong>non</strong></span> 
     </span>
    </p>
   </div>
   <div class='ocr_carea' id='block_1_67' title="bbox 464 4124 2025 4198">
    <p class='ocr_par' dir='ltr' id='par_1_67' title="bbox 464 4124 2025 4198">
     <span class='ocr_line' id='line_1_67' title="bbox 464 4124 2025 4198; baseline 0.001 -19"><span class='ocrx_word' id='word_1_438' title='bbox 464 4125 587 4189; x_wconf 90' lang='lat' dir='ltr'><strong>erit,</strong></span> <span class='ocrx_word' id='word_1_439' title='bbox 629 4124 769 4194; x_wconf 91' lang='lat' dir='ltr'><strong>quod</strong></span> <span class='ocrx_word' id='word_1_440' title='bbox 818 4124 1085 4178; x_wconf 87' lang='lat' dir='ltr'><strong>creaturis</strong></span> <span class='ocrx_word' id='word_1_441' title='bbox 1128 4124 1400 4192; x_wconf 90' lang='lat' dir='ltr'><strong>proprium</strong></span> <span class='ocrx_word' id='word_1_442' title='bbox 1445 4133 1546 4179; x_wconf 86' lang='lat' dir='ltr'><strong>est.</strong></span> <span class='ocrx_word' id='word_1_443' title='bbox 1593 4128 1660 4178; x_wconf 82' lang='lat' dir='ltr'><strong>At</strong></span> <span class='ocrx_word' id='word_1_444' title='bbox 1694 4127 1782 4194; x_wconf 91' lang='lat' dir='ltr'><strong>qui</strong></span> <span class='ocrx_word' id='word_1_445' title='bbox 1829 4142 2025 4198; x_wconf 83' lang='lat' dir='ltr'><strong>cogna-</strong></span> 
     </span>
    </p>
   </div>
   <div class='ocr_carea' id='block_1_68' title="bbox 464 4209 2026 4281">
    <p class='ocr_par' dir='ltr' id='par_1_68' title="bbox 464 4209 2026 4281">
     <span class='ocr_line' id='line_1_68' title="bbox 464 4209 2026 4281; baseline 0.002 -14"><span class='ocrx_word' id='word_1_446' title='bbox 464 4214 609 4269; x_wconf 82' lang='lat' dir='ltr'><strong>tione</strong></span> <span class='ocrx_word' id='word_1_447' title='bbox 639 4213 867 4268; x_wconf 81' lang='lat' dir='ltr'><strong>naturali</strong></span> <span class='ocrx_word' id='word_1_448' title='bbox 913 4227 941 4265; x_wconf 89' lang='lat' dir='ltr'><strong>a</strong></span> <span class='ocrx_word' id='word_1_449' title='bbox 978 4220 1229 4267; x_wconf 86' lang='lat' dir='ltr'><strong>creatura</strong></span> <span class='ocrx_word' id='word_1_450' title='bbox 1273 4209 1470 4276; x_wconf 85' lang='lat' dir='ltr'><strong>diII‘ert,</strong></span> <span class='ocrx_word' id='word_1_451' title='bbox 1501 4226 1604 4281; x_wconf 92' lang='lat' dir='ltr'><strong>quo</strong></span> <span class='ocrx_word' id='word_1_452' title='bbox 1636 4222 1789 4281; x_wconf 91' lang='lat' dir='ltr'><strong>pacto</strong></span> <span class='ocrx_word' id='word_1_453' title='bbox 1820 4229 1924 4269; x_wconf 91' lang='lat' dir='ltr'><strong>non</strong></span> <span class='ocrx_word' id='word_1_454' title='bbox 1956 4215 2026 4270; x_wconf 86' lang='lat' dir='ltr'><strong>sit</strong></span> 
     </span>
    </p>
   </div>
   <div class='ocr_carea' id='block_1_69' title="bbox 465 4300 1162 4357">
    <p class='ocr_par' dir='ltr' id='par_1_69' title="bbox 465 4300 1162 4357">
     <span class='ocr_line' id='line_1_69' title="bbox 465 4300 1162 4357; baseline -0.003 -1"><span class='ocrx_word' id='word_1_455' title='bbox 465 4301 691 4357; x_wconf 66' lang='lat' dir='ltr'><strong>diversa:</strong></span> <span class='ocrx_word' id='word_1_456' title='bbox 724 4301 788 4354; x_wconf 91' lang='lat' dir='ltr'><strong>ab</strong></span> <span class='ocrx_word' id='word_1_457' title='bbox 825 4315 886 4354; x_wconf 86' lang='lat' dir='ltr'><strong>ea</strong></span> <span class='ocrx_word' id='word_1_458' title='bbox 922 4300 1162 4356; x_wconf 63' lang='lat' dir='ltr'><strong>natura?</strong></span> 
     </span>
    </p>
   </div>
   <div class='ocr_carea' id='block_1_70' title="bbox 1124 4428 1350 4487">
    <p class='ocr_par' dir='ltr' id='par_1_70' title="bbox 1124 4428 1350 4487">
     <span class='ocr_line' id='line_1_70' title="bbox 1124 4428 1350 4487; baseline 0.009 -3"><span class='ocrx_word' id='word_1_459' title='bbox 1124 4428 1350 4487; x_wconf 87' lang='lat' dir='ltr'><strong>ALIUD.</strong></span> 
     </span>
    </p>
   </div>
   <div class='ocr_carea' id='block_1_71' title="bbox 540 4542 2025 4612">
    <p class='ocr_par' dir='ltr' id='par_1_71' title="bbox 540 4542 2025 4612">
     <span class='ocr_line' id='line_1_71' title="bbox 540 4542 2025 4612; baseline 0.001 -14"><span class='ocrx_word' id='word_1_460' title='bbox 540 4544 595 4598; x_wconf 88' lang='lat' dir='ltr'><strong>Si</strong></span> <span class='ocrx_word' id='word_1_461' title='bbox 630 4542 770 4597; x_wconf 87' lang='lat' dir='ltr'><strong>nulla</strong></span> <span class='ocrx_word' id='word_1_462' title='bbox 806 4550 1055 4597; x_wconf 87' lang='lat' dir='ltr'><strong>creatura</strong></span> <span class='ocrx_word' id='word_1_463' title='bbox 1096 4543 1414 4599; x_wconf 87' lang='lat' dir='ltr'><strong>naturaliter</strong></span> <span class='ocrx_word' id='word_1_464' title='bbox 1444 4542 1793 4612; x_wconf 81' lang='lat' dir='ltr'><strong>perfecteque</strong></span> <span class='ocrx_word' id='word_1_465' title='bbox 1821 4543 1931 4600; x_wconf 93' lang='lat' dir='ltr'><strong>Deo</strong></span> <span class='ocrx_word' id='word_1_466' title='bbox 1962 4558 2025 4600; x_wconf 85' lang='lat' dir='ltr'><strong>ac</strong></span> 
     </span>
    </p>
   </div>
   <div class='ocr_carea' id='block_1_72' title="bbox 467 4632 2025 4701">
    <p class='ocr_par' dir='ltr' id='par_1_72' title="bbox 467 4632 2025 4701">
     <span class='ocr_line' id='line_1_72' title="bbox 467 4632 2025 4701; baseline 0.003 -14"><span class='ocrx_word' id='word_1_467' title='bbox 467 4633 613 4687; x_wconf 85' lang='lat' dir='ltr'><strong>Patri</strong></span> <span class='ocrx_word' id='word_1_468' title='bbox 650 4632 841 4686; x_wconf 87' lang='lat' dir='ltr'><strong>similis</strong></span> <span class='ocrx_word' id='word_1_469' title='bbox 868 4643 972 4695; x_wconf 89' lang='lat' dir='ltr'><strong>est,</strong></span> <span class='ocrx_word' id='word_1_470' title='bbox 1008 4634 1201 4687; x_wconf 87' lang='lat' dir='ltr'><strong>similis</strong></span> <span class='ocrx_word' id='word_1_471' title='bbox 1232 4643 1410 4689; x_wconf 88' lang='lat' dir='ltr'><strong>autem</strong></span> <span class='ocrx_word' id='word_1_472' title='bbox 1442 4642 1526 4690; x_wconf 91' lang='lat' dir='ltr'><strong>est</strong></span> <span class='ocrx_word' id='word_1_473' title='bbox 1554 4634 1745 4701; x_wconf 86' lang='lat' dir='ltr'><strong>Filius,</strong></span> <span class='ocrx_word' id='word_1_474' title='bbox 1792 4638 1925 4691; x_wconf 86' lang='lat' dir='ltr'><strong>adeo</strong></span> <span class='ocrx_word' id='word_1_475' title='bbox 1968 4647 2025 4691; x_wconf 89' lang='lat' dir='ltr'><strong>ut</strong></span> 
     </span>
    </p>
   </div>
   <div class='ocr_carea' id='block_1_73' title="bbox 466 4720 2028 4795">
    <p class='ocr_par' dir='ltr' id='par_1_73' title="bbox 466 4720 2028 4795">
     <span class='ocr_line' id='line_1_73' title="bbox 466 4720 2028 4795; baseline 0.004 -22"><span class='ocrx_word' id='word_1_476' title='bbox 466 4724 557 4790; x_wconf 92' lang='lat' dir='ltr'><strong>qui</strong></span> <span class='ocrx_word' id='word_1_477' title='bbox 612 4738 732 4775; x_wconf 85' lang='lat' dir='ltr'><strong>eum</strong></span> <span class='ocrx_word' id='word_1_478' title='bbox 782 4721 981 4785; x_wconf 82' lang='lat' dir='ltr'><strong>videat,</strong></span> <span class='ocrx_word' id='word_1_479' title='bbox 1034 4720 1249 4777; x_wconf 86' lang='lat' dir='ltr'><strong>Patrem</strong></span> <span class='ocrx_word' id='word_1_480' title='bbox 1308 4724 1532 4778; x_wconf 87' lang='lat' dir='ltr'><strong>videat:</strong></span> <span class='ocrx_word' id='word_1_481' title='bbox 1576 4738 1682 4778; x_wconf 92' lang='lat' dir='ltr'><strong>non</strong></span> <span class='ocrx_word' id='word_1_482' title='bbox 1728 4736 1811 4779; x_wconf 89' lang='lat' dir='ltr'><strong>est</strong></span> <span class='ocrx_word' id='word_1_483' title='bbox 1868 4727 2028 4795; x_wconf 88' lang='lat' dir='ltr'><strong>igitur</strong></span> 
     </span>
    </p>
   </div>
   <div class='ocr_carea' id='block_1_74' title="bbox 466 4812 2025 4883">
    <p class='ocr_par' dir='ltr' id='par_1_74' title="bbox 466 4812 2025 4883">
     <span class='ocr_line' id='line_1_74' title="bbox 466 4812 2025 4883; baseline 0.001 -16"><span class='ocrx_word' id='word_1_484' title='bbox 466 4821 734 4875; x_wconf 88' lang='lat' dir='ltr'><strong>creatura,</strong></span> <span class='ocrx_word' id='word_1_485' title='bbox 771 4812 860 4879; x_wconf 88' lang='lat' dir='ltr'><strong>qui</strong></span> <span class='ocrx_word' id='word_1_486' title='bbox 903 4812 1195 4880; x_wconf 73' lang='lat' dir='ltr'><strong>perfectam</strong></span> <span class='ocrx_word' id='word_1_487' title='bbox 1230 4814 1637 4883; x_wconf 79' lang='lat' dir='ltr'><strong>absolutamque</strong></span> <span class='ocrx_word' id='word_1_488' title='bbox 1670 4814 1843 4871; x_wconf 79' lang='lat' dir='ltr'><strong>Patris</strong></span> <span class='ocrx_word' id='word_1_489' title='bbox 1875 4818 2025 4871; x_wconf 90' lang='lat' dir='ltr'><strong>simi-</strong></span> 
     </span>
    </p>
   </div>
   <div class='ocr_carea' id='block_1_75' title="bbox 470 4902 964 4971">
    <p class='ocr_par' dir='ltr' id='par_1_75' title="bbox 470 4902 964 4971">
     <span class='ocr_line' id='line_1_75' title="bbox 470 4902 964 4971; baseline 0.004 -16"><span class='ocrx_word' id='word_1_490' title='bbox 470 4902 743 4955; x_wconf 87' lang='lat' dir='ltr'><strong>litudinem</strong></span> <span class='ocrx_word' id='word_1_491' title='bbox 773 4910 964 4971; x_wconf 86' lang='lat' dir='ltr'><strong>gestat.</strong></span> 
     </span>
    </p>
   </div>
   <div class='ocr_carea' id='block_1_76' title="bbox 1126 5015 1355 5073">
    <p class='ocr_par' dir='ltr' id='par_1_76' title="bbox 1126 5015 1355 5073">
     <span class='ocr_line' id='line_1_76' title="bbox 1126 5015 1355 5073; baseline 0.009 -2"><span class='ocrx_word' id='word_1_492' title='bbox 1126 5015 1355 5073; x_wconf 85' lang='lat' dir='ltr'><strong>ALIUD.</strong></span> 
     </span>
    </p>
   </div>
   <div class='ocr_carea' id='block_1_77' title="bbox 534 5129 2019 5195">
    <p class='ocr_par' dir='ltr' id='par_1_77' title="bbox 534 5129 2019 5195">
     <span class='ocr_line' id='line_1_77' title="bbox 534 5129 2019 5195; baseline -0.002 -5"><span class='ocrx_word' id='word_1_493' title='bbox 534 5133 595 5190; x_wconf 90' lang='lat' dir='ltr'><strong>Si</strong></span> <span class='ocrx_word' id='word_1_494' title='bbox 641 5146 827 5188; x_wconf 74' lang='lat' dir='ltr'><strong>omnes</strong></span> <span class='ocrx_word' id='word_1_495' title='bbox 869 5140 1128 5185; x_wconf 72' lang='lat' dir='ltr'><strong>creatura:</strong></span> <span class='ocrx_word' id='word_1_496' title='bbox 1188 5129 1297 5183; x_wconf 86' lang='lat' dir='ltr'><strong>Dco</strong></span> <span class='ocrx_word' id='word_1_497' title='bbox 1349 5129 1624 5195; x_wconf 85' lang='lat' dir='ltr'><strong>serviunt,</strong></span> <span class='ocrx_word' id='word_1_498' title='bbox 1680 5147 1785 5188; x_wconf 90' lang='lat' dir='ltr'><strong>non</strong></span> <span class='ocrx_word' id='word_1_499' title='bbox 1840 5143 2019 5188; x_wconf 87' lang='lat' dir='ltr'><strong>autem</strong></span> 
     </span>
    </p>
   </div>
   <div class='ocr_carea' id='block_1_78' title="bbox 464 5220 2017 5293">
    <p class='ocr_par' dir='ltr' id='par_1_78' title="bbox 464 5220 2017 5293">
     <span class='ocr_line' id='line_1_78' title="bbox 464 5220 2017 5293; baseline -0.01 -11"><span class='ocrx_word' id='word_1_500' title='bbox 464 5233 591 5282; x_wconf 89' lang='lat' dir='ltr'><strong>sunt</strong></span> <span class='ocrx_word' id='word_1_501' title='bbox 628 5224 854 5281; x_wconf 68' lang='lat' dir='ltr'><strong>dominre</strong></span> <span class='ocrx_word' id='word_1_502' title='bbox 898 5222 1098 5293; x_wconf 70' lang='lat' dir='ltr'><strong>gloriae,</strong></span> <span class='ocrx_word' id='word_1_503' title='bbox 1147 5220 1313 5276; x_wconf 85' lang='lat' dir='ltr'><strong>Filius</strong></span> <span class='ocrx_word' id='word_1_504' title='bbox 1344 5236 1469 5279; x_wconf 88' lang='lat' dir='ltr'><strong>vero</strong></span> <span class='ocrx_word' id='word_1_505' title='bbox 1493 5237 1595 5278; x_wconf 89' lang='lat' dir='ltr'><strong>non</strong></span> <span class='ocrx_word' id='word_1_506' title='bbox 1636 5224 1729 5290; x_wconf 89' lang='lat' dir='ltr'><strong>ita,</strong></span> <span class='ocrx_word' id='word_1_507' title='bbox 1770 5226 1863 5282; x_wconf 76' lang='lat' dir='ltr'><strong>sed</strong></span> <span class='ocrx_word' id='word_1_508' title='bbox 1914 5226 2017 5279; x_wconf 81' lang='grc' dir='ltr'><strong>οο-</strong></span> 
     </span>
    </p>
   </div>
   <div class='ocr_carea' id='block_1_79' title="bbox 461 5315 1709 5388">
    <p class='ocr_par' dir='ltr' id='par_1_79' title="bbox 461 5315 1709 5388">
     <span class='ocr_line' id='line_1_79' title="bbox 461 5315 1709 5388; baseline -0.003 -15"><span class='ocrx_word' id='word_1_509' title='bbox 461 5317 639 5373; x_wconf 85' lang='lat' dir='ltr'><strong>minus</strong></span> <span class='ocrx_word' id='word_1_510' title='bbox 666 5316 948 5388; x_wconf 69' lang='lat' dir='ltr'><strong>glorize&quot;:</strong></span> <span class='ocrx_word' id='word_1_511' title='bbox 982 5330 1087 5369; x_wconf 88' lang='lat' dir='ltr'><strong>non</strong></span> <span class='ocrx_word' id='word_1_512' title='bbox 1124 5323 1206 5369; x_wconf 89' lang='lat' dir='ltr'><strong>est</strong></span> <span class='ocrx_word' id='word_1_513' title='bbox 1244 5315 1403 5387; x_wconf 89' lang='lat' dir='ltr'><strong>igitur</strong></span> <span class='ocrx_word' id='word_1_514' title='bbox 1441 5325 1709 5371; x_wconf 88' lang='lat' dir='ltr'><strong>creatura.</strong></span> 
     </span>
    </p>
   </div>
   <div class='ocr_carea' id='block_1_80' title="bbox 1120 5423 1348 5483">
    <p class='ocr_par' dir='ltr' id='par_1_80' title="bbox 1120 5423 1348 5483">
     <span class='ocr_line' id='line_1_80' title="bbox 1120 5423 1348 5483; baseline 0.013 -4"><span class='ocrx_word' id='word_1_515' title='bbox 1120 5423 1278 5483; x_wconf 82' lang='lat' dir='ltr'><strong>ALIU</strong></span> <span class='ocrx_word' id='word_1_516' title='bbox 1289 5426 1348 5482; x_wconf 90' lang='lat' dir='ltr'><strong>D.</strong></span> 
     </span>
    </p>
   </div>
   <div class='ocr_carea' id='block_1_81' title="bbox 527 5537 2014 5613">
    <p class='ocr_par' dir='ltr' id='par_1_81' title="bbox 527 5537 2014 5613">
     <span class='ocr_line' id='line_1_81' title="bbox 527 5537 2014 5613; baseline 0.002 -16"><span class='ocrx_word' id='word_1_517' title='bbox 527 5537 866 5613; x_wconf 82' lang='lat' dir='ltr'><strong>Siquidun</strong></span> <span class='ocrx_word' id='word_1_518' title='bbox 891 5554 958 5595; x_wconf 79' lang='lat' dir='ltr'><strong>ex</strong></span> <span class='ocrx_word' id='word_1_519' title='bbox 985 5539 1151 5594; x_wconf 82' lang='lat' dir='ltr'><strong>nihilo</strong></span> <span class='ocrx_word' id='word_1_520' title='bbox 1182 5540 1248 5592; x_wconf 87' lang='lat' dir='ltr'><strong>ad</strong></span> <span class='ocrx_word' id='word_1_521' title='bbox 1281 5552 1401 5595; x_wconf 89' lang='lat' dir='ltr'><strong>esse</strong></span> <span class='ocrx_word' id='word_1_522' title='bbox 1436 5542 1739 5597; x_wconf 86' lang='lat' dir='ltr'><strong>traductqu</strong></span> <span class='ocrx_word' id='word_1_523' title='bbox 1772 5552 1871 5611; x_wconf 86' lang='lat' dir='ltr'><strong>est,</strong></span> <span class='ocrx_word' id='word_1_524' title='bbox 1901 5546 2014 5600; x_wconf 75' lang='lat' dir='ltr'><strong>fieri</strong></span> 
     </span>
    </p>
   </div>
   <div class='ocr_carea' id='block_1_82' title="bbox 2129 3271 3700 3350">
    <p class='ocr_par' dir='ltr' id='par_1_82' title="bbox 2129 3271 3700 3350">
     <span class='ocr_line' id='line_1_82' title="bbox 2129 3271 3700 3350; baseline -0.004 -18"><span class='ocrx_word' id='word_1_525' title='bbox 2129 3276 2195 3350; x_wconf 77' lang='grc' dir='ltr'>ἦς</span> <span class='ocrx_word' id='word_1_526' title='bbox 2223 3281 2356 3332; x_wconf 80' lang='grc' dir='ltr'>αὐτὸ</span> <span class='ocrx_word' id='word_1_527' title='bbox 2393 3280 2490 3331; x_wconf 76' lang='grc' dir='ltr'><strong>οὐκ</strong></span> <span class='ocrx_word' id='word_1_528' title='bbox 2520 3278 2726 3346; x_wconf 74' lang='grc' dir='ltr'>ἔτυχεν.</span> <span class='ocrx_word' id='word_1_529' title='bbox 2788 3278 2848 3328; x_wconf 82' lang='lat' dir='ltr'><strong>El</strong></span> <span class='ocrx_word' id='word_1_530' title='bbox 2874 3276 2929 3328; x_wconf 82' lang='grc' dir='ltr'><strong>δὲ</strong></span> <span class='ocrx_word' id='word_1_531' title='bbox 2984 3274 3211 3345; x_wconf 80' lang='grc' dir='ltr'><strong>παρέχει</strong></span> <span class='ocrx_word' id='word_1_532' title='bbox 3241 3276 3268 3326; x_wconf 89' lang='lat'><strong>6</strong></span> <span class='ocrx_word' id='word_1_533' title='bbox 3302 3273 3449 3337; x_wconf 84' lang='grc' dir='ltr'>Υἱὸς,</span> <span class='ocrx_word' id='word_1_534' title='bbox 3473 3274 3572 3343; x_wconf 77' lang='grc' dir='ltr'><strong>οὐχ</strong></span> <span class='ocrx_word' id='word_1_535' title='bbox 3626 3271 3700 3335; x_wconf 82' lang='grc' dir='ltr'>ὡς</span> 
     </span>
    </p>
   </div>
   <div class='ocr_carea' id='block_1_83' title="bbox 2129 3365 3430 3440">
    <p class='ocr_par' dir='ltr' id='par_1_83' title="bbox 2129 3365 3430 3440">
     <span class='ocr_line' id='line_1_83' title="bbox 2129 3365 3430 3440; baseline -0.003 -17"><span class='ocrx_word' id='word_1_536' title='bbox 2129 3372 2309 3433; x_wconf 82' lang='grc' dir='ltr'>δοῦλος</span> <span class='ocrx_word' id='word_1_537' title='bbox 2336 3370 2595 3440; x_wconf 84' lang='grc' dir='ltr'>δηλονότι,</span> <span class='ocrx_word' id='word_1_538' title='bbox 2619 3370 2820 3439; x_wconf 74' lang='grc' dir='ltr'>Κύριος</span> <span class='ocrx_word' id='word_1_539' title='bbox 2844 3367 2898 3418; x_wconf 87' lang='grc' dir='ltr'><strong>δὲ</strong></span> <span class='ocrx_word' id='word_1_540' title='bbox 2925 3366 3122 3436; x_wconf 79' lang='grc' dir='ltr'>μᾶλλον</span> <span class='ocrx_word' id='word_1_541' title='bbox 3155 3366 3247 3419; x_wconf 75' lang='grc' dir='ltr'><strong>καὶ</strong></span> <span class='ocrx_word' id='word_1_542' title='bbox 3280 3365 3430 3427; x_wconf 83' lang='grc' dir='ltr'>Θεός.</span> 
     </span>
    </p>
   </div>
   <div class='ocr_carea' id='block_1_84' title="bbox 2827 3563 3029 3615">
    <p class='ocr_par' dir='ltr' id='par_1_84' title="bbox 2827 3563 3029 3615">
     <span class='ocr_line' id='line_1_84' title="bbox 2827 3563 3029 3615; baseline 0.005 -1"><span class='ocrx_word' id='word_1_543' title='bbox 2827 3563 3029 3615; x_wconf 82' lang='grc' dir='ltr'><strong>ΑΔΛΟ.</strong></span> 
     </span>
    </p>
   </div>
   <div class='ocr_carea' id='block_1_85' title="bbox 2198 3669 3700 3749">
    <p class='ocr_par' dir='ltr' id='par_1_85' title="bbox 2198 3669 3700 3749">
     <span class='ocr_line' id='line_1_85' title="bbox 2198 3669 3700 3749; baseline -0.009 -15"><span class='ocrx_word' id='word_1_544' title='bbox 2198 3680 2495 3749; x_wconf 78' lang='grc' dir='ltr'>Είπᾶσαή</span> <span class='ocrx_word' id='word_1_545' title='bbox 2531 3677 2706 3740; x_wconf 81' lang='grc' dir='ltr'>κτίσις</span> <span class='ocrx_word' id='word_1_546' title='bbox 2761 3676 2863 3729; x_wconf 82' lang='grc' dir='ltr'><strong>ὑπὸ</strong></span> <span class='ocrx_word' id='word_1_547' title='bbox 2918 3677 3079 3745; x_wconf 79' lang='grc' dir='ltr'>φύσιν</span> <span class='ocrx_word' id='word_1_548' title='bbox 3105 3669 3240 3728; x_wconf 77' lang='grc' dir='ltr'>οὖσα</span> <span class='ocrx_word' id='word_1_549' title='bbox 3278 3680 3344 3747; x_wconf 78' lang='grc' dir='ltr'>τῇ</span> <span class='ocrx_word' id='word_1_550' title='bbox 3380 3676 3541 3745; x_wconf 75' lang='grc' dir='ltr'>φύσει</span> <span class='ocrx_word' id='word_1_551' title='bbox 3581 3680 3700 3733; x_wconf 86' lang='grc' dir='ltr'>δου-</span> 
     </span>
    </p>
   </div>
   <div class='ocr_carea' id='block_1_86' title="bbox 2125 3766 3703 3840">
    <p class='ocr_par' dir='ltr' id='par_1_86' title="bbox 2125 3766 3703 3840">
     <span class='ocr_line' id='line_1_86' title="bbox 2125 3766 3703 3840; baseline -0.002 -14"><span class='ocrx_word' id='word_1_552' title='bbox 2125 3772 2271 3826; x_wconf 74' lang='grc' dir='ltr'>λεύει</span> <span class='ocrx_word' id='word_1_553' title='bbox 2310 3771 2397 3838; x_wconf 76' lang='grc' dir='ltr'><strong>ὑφ’</strong></span> <span class='ocrx_word' id='word_1_554' title='bbox 2433 3770 2499 3840; x_wconf 72' lang='grc' dir='ltr'><strong>ἢν</strong></span> <span class='ocrx_word' id='word_1_555' title='bbox 2523 3769 2615 3822; x_wconf 78' lang='grc' dir='ltr'><strong>καὶ</strong></span> <span class='ocrx_word' id='word_1_556' title='bbox 2644 3768 2955 3837; x_wconf 82' lang='grc' dir='ltr'>πεποίηται.</span> <span class='ocrx_word' id='word_1_557' title='bbox 3015 3766 3300 3839; x_wconf 73' lang='grc' dir='ltr'>ἐλεύθερον</span> <span class='ocrx_word' id='word_1_558' title='bbox 3338 3769 3394 3821; x_wconf 83' lang='grc' dir='ltr'>δὲ</span> <span class='ocrx_word' id='word_1_559' title='bbox 3425 3770 3605 3840; x_wconf 83' lang='grc' dir='ltr'>πάντη</span> <span class='ocrx_word' id='word_1_560' title='bbox 3643 3771 3703 3823; x_wconf 83' lang='grc' dir='ltr'><strong>τὸ</strong></span> 
     </span>
    </p>
   </div>
   <div class='ocr_carea' id='block_1_87' title="bbox 2126 3856 3702 3928">
    <p class='ocr_par' dir='ltr' id='par_1_87' title="bbox 2126 3856 3702 3928">
     <span class='ocr_line' id='line_1_87' title="bbox 2126 3856 3702 3928; baseline -0.003 -15"><span class='ocrx_word' id='word_1_561' title='bbox 2126 3862 2267 3915; x_wconf 78' lang='grc' dir='ltr'>θεῖον</span> <span class='ocrx_word' id='word_1_562' title='bbox 2297 3860 2390 3912; x_wconf 74' lang='grc' dir='ltr'>καὶ</span> <span class='ocrx_word' id='word_1_563' title='bbox 2425 3860 2665 3928; x_wconf 82' lang='grc' dir='ltr'>κρεῖττον</span> <span class='ocrx_word' id='word_1_564' title='bbox 2692 3856 2937 3925; x_wconf 77' lang='grc' dir='ltr'><strong>ἀνάγκης</strong></span> <span class='ocrx_word' id='word_1_565' title='bbox 2990 3857 3246 3924; x_wconf 80' lang='grc' dir='ltr'>φυσικῆς,</span> <span class='ocrx_word' id='word_1_566' title='bbox 3309 3856 3465 3925; x_wconf 83' lang='grc' dir='ltr'>δῆλον</span> <span class='ocrx_word' id='word_1_567' title='bbox 3518 3856 3593 3923; x_wconf 81' lang='grc' dir='ltr'><strong>ὡς</strong></span> <span class='ocrx_word' id='word_1_568' title='bbox 3641 3860 3702 3911; x_wconf 79' lang='grc' dir='ltr'><strong>οὐ</strong></span> 
     </span>
    </p>
   </div>
   <div class='ocr_carea' id='block_1_88' title="bbox 2126 3944 3702 4015">
    <p class='ocr_par' dir='ltr' id='par_1_88' title="bbox 2126 3944 3702 4015">
     <span class='ocr_line' id='line_1_88' title="bbox 2126 3944 3702 4015; baseline -0.001 -13"><span class='ocrx_word' id='word_1_569' title='bbox 2126 3949 2443 4003; x_wconf 77' lang='grc' dir='ltr'><strong>δεδούλωται</strong></span> <span class='ocrx_word' id='word_1_570' title='bbox 2477 3946 2632 4015; x_wconf 83' lang='grc' dir='ltr'>φύσει</span> <span class='ocrx_word' id='word_1_571' title='bbox 2670 3944 2820 4005; x_wconf 78' lang='grc' dir='ltr'>Θεός.</span> <span class='ocrx_word' id='word_1_572' title='bbox 2866 3944 3015 3997; x_wconf 83' lang='grc' dir='ltr'>Ἐπεὶ</span> <span class='ocrx_word' id='word_1_573' title='bbox 3067 3944 3123 3997; x_wconf 80' lang='grc' dir='ltr'>δὲ</span> <span class='ocrx_word' id='word_1_574' title='bbox 3175 3944 3307 4007; x_wconf 83' lang='grc' dir='ltr'>Θεὸς</span> <span class='ocrx_word' id='word_1_575' title='bbox 3349 3947 3377 3997; x_wconf 91' lang='lat'><strong>6</strong></span> <span class='ocrx_word' id='word_1_576' title='bbox 3420 3946 3569 4013; x_wconf 77' lang='grc' dir='ltr'>Υἱὸς,</span> <span class='ocrx_word' id='word_1_577' title='bbox 3606 3949 3702 4001; x_wconf 76' lang='grc' dir='ltr'><strong>οὐκ</strong></span> 
     </span>
    </p>
   </div>
   <div class='ocr_carea' id='block_1_89' title="bbox 2129 4036 3703 4109">
    <p class='ocr_par' dir='ltr' id='par_1_89' title="bbox 2129 4036 3703 4109">
     <span class='ocr_line' id='line_1_89' title="bbox 2129 4036 3703 4109; baseline 0 -18"><span class='ocrx_word' id='word_1_578' title='bbox 2129 4038 2282 4091; x_wconf 72' lang='grc' dir='ltr'>εσται</span> <span class='ocrx_word' id='word_1_579' title='bbox 2307 4037 2414 4109; x_wconf 83' lang='grc' dir='ltr'><strong>ἀρα</strong></span> <span class='ocrx_word' id='word_1_580' title='bbox 2434 4037 2537 4089; x_wconf 72' lang='grc' dir='ltr'>ὑπὸ</span> <span class='ocrx_word' id='word_1_581' title='bbox 2566 4037 2750 4105; x_wconf 82' lang='grc' dir='ltr'>φύσιν.</span> <span class='ocrx_word' id='word_1_582' title='bbox 2780 4036 2916 4106; x_wconf 85' lang='grc' dir='ltr'>ὅπερ</span> <span class='ocrx_word' id='word_1_583' title='bbox 2943 4036 3054 4087; x_wconf 87' lang='grc' dir='ltr'>τῶν</span> <span class='ocrx_word' id='word_1_584' title='bbox 3096 4036 3398 4103; x_wconf 87' lang='grc' dir='ltr'>γεγονότων</span> <span class='ocrx_word' id='word_1_585' title='bbox 3433 4037 3583 4089; x_wconf 73' lang='grc' dir='ltr'>ἐστὶν</span> <span class='ocrx_word' id='word_1_586' title='bbox 3627 4040 3703 4092; x_wconf 80' lang='lat' dir='ltr'><strong>oi-</strong></span> 
     </span>
    </p>
   </div>
   <div class='ocr_carea' id='block_1_90' title="bbox 2127 4128 3699 4199">
    <p class='ocr_par' dir='ltr' id='par_1_90' title="bbox 2127 4128 3699 4199">
     <span class='ocr_line' id='line_1_90' title="bbox 2127 4128 3699 4199; baseline -0.001 -15"><span class='ocrx_word' id='word_1_587' title='bbox 2127 4132 2294 4185; x_wconf 81' lang='grc' dir='ltr'>κετον.</span> <span class='ocrx_word' id='word_1_588' title='bbox 2338 4131 2395 4183; x_wconf 86' lang='lat'><strong>&#39;0</strong></span> <span class='ocrx_word' id='word_1_589' title='bbox 2424 4129 2481 4182; x_wconf 70' lang='grc' dir='ltr'>δὲ</span> <span class='ocrx_word' id='word_1_590' title='bbox 2502 4132 2598 4199; x_wconf 82' lang='grc' dir='ltr'><strong>τῆς</strong></span> <span class='ocrx_word' id='word_1_591' title='bbox 2620 4128 2754 4199; x_wconf 84' lang='grc' dir='ltr'>πρὸς</span> <span class='ocrx_word' id='word_1_592' title='bbox 2777 4128 2873 4197; x_wconf 79' lang='grc' dir='ltr'>τὴν</span> <span class='ocrx_word' id='word_1_593' title='bbox 2911 4128 3083 4181; x_wconf 83' lang='grc' dir='ltr'>κτίσιν</span> <span class='ocrx_word' id='word_1_594' title='bbox 3114 4128 3431 4198; x_wconf 86' lang='grc' dir='ltr'>ὁμογενείας</span> <span class='ocrx_word' id='word_1_595' title='bbox 3458 4129 3699 4198; x_wconf 80' lang='grc' dir='ltr'>φυσικῶς</span> 
     </span>
    </p>
   </div>
   <div class='ocr_carea' id='block_1_91' title="bbox 2126 4216 3700 4291">
    <p class='ocr_par' dir='ltr' id='par_1_91' title="bbox 2126 4216 3700 4291">
     <span class='ocr_line' id='line_1_91' title="bbox 2126 4216 3700 4291; baseline 0 -18"><span class='ocrx_word' id='word_1_596' title='bbox 2126 4219 2530 4289; x_wconf 74' lang='grc' dir='ltr'>ἀπῳκισμένος,</span> <span class='ocrx_word' id='word_1_597' title='bbox 2577 4216 2693 4281; x_wconf 88' lang='grc' dir='ltr'><strong>πῶς</strong></span> <span class='ocrx_word' id='word_1_598' title='bbox 2727 4218 2828 4270; x_wconf 81' lang='grc' dir='ltr'><strong>οὐκ</strong></span> <span class='ocrx_word' id='word_1_599' title='bbox 2874 4216 2941 4269; x_wconf 84' lang='grc' dir='ltr'>ἂν</span> <span class='ocrx_word' id='word_1_600' title='bbox 3004 4216 3091 4287; x_wconf 87' lang='grc' dir='ltr'>εῐη</span> <span class='ocrx_word' id='word_1_601' title='bbox 3127 4217 3257 4289; x_wconf 84' lang='grc' dir='ltr'>παρ’</span> <span class='ocrx_word' id='word_1_602' title='bbox 3286 4218 3457 4289; x_wconf 80' lang='grc' dir='ltr'>αὐτὴν</span> <span class='ocrx_word' id='word_1_603' title='bbox 3512 4221 3700 4291; x_wconf 79' lang='grc' dir='ltr'>ἑτερο-</span> 
     </span>
    </p>
   </div>
   <div class='ocr_carea' id='block_1_92' title="bbox 2126 4307 2679 4380">
    <p class='ocr_par' dir='ltr' id='par_1_92' title="bbox 2126 4307 2679 4380">
     <span class='ocr_line' id='line_1_92' title="bbox 2126 4307 2679 4380; baseline -0.005 -2"><span class='ocrx_word' id='word_1_604' title='bbox 2126 4310 2267 4380; x_wconf 80' lang='grc' dir='ltr'><strong>φυής</strong></span> <span class='ocrx_word' id='word_1_605' title='bbox 2288 4327 2347 4363; x_wconf 79' lang='grc' dir='ltr'><strong>τε</strong></span> <span class='ocrx_word' id='word_1_606' title='bbox 2372 4310 2465 4364; x_wconf 72' lang='grc' dir='ltr'><strong>καὶ</strong></span> <span class='ocrx_word' id='word_1_607' title='bbox 2496 4307 2641 4375; x_wconf 78' lang='grc' dir='ltr'>ξένος</span> <span class='ocrx_word' id='word_1_608' title='bbox 2666 4326 2679 4375; x_wconf 90' lang='grc'><strong>;</strong></span> 
     </span>
    </p>
   </div>
   <div class='ocr_carea' id='block_1_93' title="bbox 2810 4445 3014 4498">
    <p class='ocr_par' dir='ltr' id='par_1_93' title="bbox 2810 4445 3014 4498">
     <span class='ocr_line' id='line_1_93' title="bbox 2810 4445 3014 4498; baseline 0 0"><span class='ocrx_word' id='word_1_609' title='bbox 2810 4445 3014 4498; x_wconf 75' lang='grc' dir='ltr'><strong>ΑΛΛΟ.</strong></span> 
     </span>
    </p>
   </div>
   <div class='ocr_carea' id='block_1_94' title="bbox 2170 4555 3695 4638">
    <p class='ocr_par' dir='ltr' id='par_1_94' title="bbox 2170 4555 3695 4638">
     <span class='ocr_line' id='line_1_94' title="bbox 2170 4555 3695 4638; baseline 0.003 -31"><span class='ocrx_word' id='word_1_610' title='bbox 2170 4555 2261 4638; x_wconf 37' lang='lat' dir='ltr'><strong>‘El</strong></span> <span class='ocrx_word' id='word_1_611' title='bbox 2285 4555 2451 4626; x_wconf 75' lang='grc' dir='ltr'>μηδὲν</span> <span class='ocrx_word' id='word_1_612' title='bbox 2477 4555 2587 4610; x_wconf 86' lang='grc' dir='ltr'>τῶν</span> <span class='ocrx_word' id='word_1_613' title='bbox 2618 4557 2675 4611; x_wconf 73' lang='grc' dir='ltr'><strong>ιν</strong></span> <span class='ocrx_word' id='word_1_614' title='bbox 2712 4558 2777 4627; x_wconf 74' lang='grc' dir='ltr'>τῇ</span> <span class='ocrx_word' id='word_1_615' title='bbox 2813 4557 2987 4609; x_wconf 80' lang='grc' dir='ltr'>κτίσει</span> <span class='ocrx_word' id='word_1_616' title='bbox 3027 4556 3270 4625; x_wconf 83' lang='grc' dir='ltr'>φυσικῶς</span> <span class='ocrx_word' id='word_1_617' title='bbox 3310 4559 3695 4629; x_wconf 71' lang='grc' dir='ltr'>ἀπηκρίϐωται</span> 
     </span>
    </p>
   </div>
   <div class='ocr_carea' id='block_1_95' title="bbox 2128 4647 3700 4721">
    <p class='ocr_par' dir='ltr' id='par_1_95' title="bbox 2128 4647 3700 4721">
     <span class='ocr_line' id='line_1_95' title="bbox 2128 4647 3700 4721; baseline 0.003 -20"><span class='ocrx_word' id='word_1_618' title='bbox 2128 4647 2265 4719; x_wconf 81' lang='grc' dir='ltr'>πρὸς</span> <span class='ocrx_word' id='word_1_619' title='bbox 2298 4649 2393 4721; x_wconf 85' lang='grc' dir='ltr'>τὴν</span> <span class='ocrx_word' id='word_1_620' title='bbox 2418 4648 2507 4703; x_wconf 80' lang='grc' dir='ltr'>τοῦ</span> <span class='ocrx_word' id='word_1_621' title='bbox 2533 4649 2669 4704; x_wconf 79' lang='grc' dir='ltr'>Θεοῦ</span> <span class='ocrx_word' id='word_1_622' title='bbox 2702 4651 2794 4703; x_wconf 76' lang='grc' dir='ltr'>καὶ</span> <span class='ocrx_word' id='word_1_623' title='bbox 2818 4648 3031 4719; x_wconf 74' lang='grc' dir='ltr'>[ἰατρὸς</span> <span class='ocrx_word' id='word_1_624' title='bbox 3068 4648 3385 4719; x_wconf 81' lang='grc' dir='ltr'>ὁμοιότητα,</span> <span class='ocrx_word' id='word_1_625' title='bbox 3432 4652 3617 4721; x_wconf 82' lang='grc' dir='ltr'>ὅμοιος</span> <span class='ocrx_word' id='word_1_626' title='bbox 3642 4656 3700 4707; x_wconf 80' lang='grc' dir='ltr'>δὲ</span> 
     </span>
    </p>
   </div>
   <div class='ocr_carea' id='block_1_96' title="bbox 2126 4738 3698 4813">
    <p class='ocr_par' dir='ltr' id='par_1_96' title="bbox 2126 4738 3698 4813">
     <span class='ocr_line' id='line_1_96' title="bbox 2126 4738 3698 4813; baseline 0.002 -18"><span class='ocrx_word' id='word_1_627' title='bbox 2126 4744 2154 4795; x_wconf 92' lang='lat'><strong>6</strong></span> <span class='ocrx_word' id='word_1_628' title='bbox 2186 4741 2334 4806; x_wconf 75' lang='grc' dir='ltr'>Υἱὸς,</span> <span class='ocrx_word' id='word_1_629' title='bbox 2362 4741 2439 4805; x_wconf 81' lang='grc' dir='ltr'>ὡς</span> <span class='ocrx_word' id='word_1_630' title='bbox 2467 4742 2557 4795; x_wconf 86' lang='grc' dir='ltr'><strong>τὸν</strong></span> <span class='ocrx_word' id='word_1_631' title='bbox 2588 4742 2798 4812; x_wconf 82' lang='grc' dir='ltr'>ὁρῶντα</span> <span class='ocrx_word' id='word_1_632' title='bbox 2828 4739 3009 4805; x_wconf 82' lang='grc' dir='ltr'>αὑτὸν,</span> <span class='ocrx_word' id='word_1_633' title='bbox 3039 4738 3129 4793; x_wconf 82' lang='grc' dir='ltr'>τὸν</span> <span class='ocrx_word' id='word_1_634' title='bbox 3170 4741 3385 4811; x_wconf 86' lang='grc' dir='ltr'>Πατέρα</span> <span class='ocrx_word' id='word_1_635' title='bbox 3414 4744 3568 4813; x_wconf 77' lang='grc' dir='ltr'>όρᾷν,</span> <span class='ocrx_word' id='word_1_636' title='bbox 3600 4746 3698 4798; x_wconf 74' lang='grc' dir='ltr'><strong>οὐκ</strong></span> 
     </span>
    </p>
   </div>
   <div class='ocr_carea' id='block_1_97' title="bbox 2126 4831 3698 4907">
    <p class='ocr_par' dir='ltr' id='par_1_97' title="bbox 2126 4831 3698 4907">
     <span class='ocr_line' id='line_1_97' title="bbox 2126 4831 3698 4907; baseline 0.003 -22"><span class='ocrx_word' id='word_1_637' title='bbox 2126 4833 2231 4903; x_wconf 81' lang='grc' dir='ltr'>ἄρα</span> <span class='ocrx_word' id='word_1_638' title='bbox 2262 4832 2469 4903; x_wconf 85' lang='grc' dir='ltr'>κτίσμα</span> <span class='ocrx_word' id='word_1_639' title='bbox 2510 4833 2538 4884; x_wconf 92' lang='lat'><strong>6</strong></span> <span class='ocrx_word' id='word_1_640' title='bbox 2591 4832 2687 4903; x_wconf 79' lang='grc' dir='ltr'>τὴν</span> <span class='ocrx_word' id='word_1_641' title='bbox 2733 4831 2940 4884; x_wconf 76' lang='grc' dir='ltr'>ἐκείνου</span> <span class='ocrx_word' id='word_1_642' title='bbox 3004 4832 3482 4903; x_wconf 77' lang='grc' dir='ltr'>ἀπηκριϐωμένως</span> <span class='ocrx_word' id='word_1_643' title='bbox 3516 4836 3698 4907; x_wconf 79' lang='grc' dir='ltr'>φέρων</span> 
     </span>
    </p>
   </div>
   <div class='ocr_carea' id='block_1_98' title="bbox 2124 4922 2430 4995">
    <p class='ocr_par' dir='ltr' id='par_1_98' title="bbox 2124 4922 2430 4995">
     <span class='ocr_line' id='line_1_98' title="bbox 2124 4922 2430 4995; baseline 0.007 -20"><span class='ocrx_word' id='word_1_644' title='bbox 2124 4922 2430 4995; x_wconf 76' lang='grc' dir='ltr'>ὁμοιότητα.</span> 
     </span>
    </p>
   </div>
   <div class='ocr_carea' id='block_1_99' title="bbox 2809 5034 3011 5088">
    <p class='ocr_par' dir='ltr' id='par_1_99' title="bbox 2809 5034 3011 5088">
     <span class='ocr_line' id='line_1_99' title="bbox 2809 5034 3011 5088; baseline 0.015 -3"><span class='ocrx_word' id='word_1_645' title='bbox 2809 5034 3011 5088; x_wconf 80' lang='grc' dir='ltr'><strong>ΑΛΛΟ.</strong></span> 
     </span>
    </p>
   </div>
   <div class='ocr_carea' id='block_1_100' title="bbox 2194 5143 3698 5215">
    <p class='ocr_par' dir='ltr' id='par_1_100' title="bbox 2194 5143 3698 5215">
     <span class='ocr_line' id='line_1_100' title="bbox 2194 5143 3698 5215; baseline 0.004 -17"><span class='ocrx_word' id='word_1_646' title='bbox 2194 5145 2257 5198; x_wconf 81' lang='lat' dir='ltr'><strong>El</strong></span> <span class='ocrx_word' id='word_1_647' title='bbox 2288 5145 2463 5200; x_wconf 71' lang='grc' dir='ltr'>πάντα</span> <span class='ocrx_word' id='word_1_648' title='bbox 2490 5144 2556 5198; x_wconf 81' lang='grc' dir='ltr'>τὰ</span> <span class='ocrx_word' id='word_1_649' title='bbox 2578 5144 2847 5215; x_wconf 87' lang='grc' dir='ltr'>κτίσματα</span> <span class='ocrx_word' id='word_1_650' title='bbox 2874 5145 3033 5198; x_wconf 77' lang='grc' dir='ltr'>δοῦλα</span> <span class='ocrx_word' id='word_1_651' title='bbox 3054 5143 3147 5199; x_wconf 80' lang='grc' dir='ltr'>τοῦ</span> <span class='ocrx_word' id='word_1_652' title='bbox 3179 5146 3337 5212; x_wconf 81' lang='grc' dir='ltr'>Θεοῦ,</span> <span class='ocrx_word' id='word_1_653' title='bbox 3373 5148 3489 5201; x_wconf 82' lang='grc' dir='ltr'>ἀλλ’</span> <span class='ocrx_word' id='word_1_654' title='bbox 3507 5149 3566 5203; x_wconf 81' lang='grc' dir='ltr'>οὐ</span> <span class='ocrx_word' id='word_1_655' title='bbox 3597 5150 3698 5204; x_wconf 76' lang='grc' dir='ltr'>κύ-</span> 
     </span>
    </p>
   </div>
   <div class='ocr_carea' id='block_1_101' title="bbox 2129 5238 3695 5315">
    <p class='ocr_par' dir='ltr' id='par_1_101' title="bbox 2129 5238 3695 5315">
     <span class='ocr_line' id='line_1_101' title="bbox 2129 5238 3695 5315; baseline 0.004 -24"><span class='ocrx_word' id='word_1_656' title='bbox 2129 5256 2215 5308; x_wconf 88' lang='grc' dir='ltr'><strong>ρια</strong></span> <span class='ocrx_word' id='word_1_657' title='bbox 2244 5238 2342 5309; x_wconf 85' lang='grc' dir='ltr'>τῆς</span> <span class='ocrx_word' id='word_1_658' title='bbox 2366 5238 2539 5308; x_wconf 79' lang='grc' dir='ltr'>δόξης,</span> <span class='ocrx_word' id='word_1_659' title='bbox 2574 5238 2753 5292; x_wconf 84' lang='grc' dir='ltr'>οὐκέτι</span> <span class='ocrx_word' id='word_1_660' title='bbox 2782 5239 2836 5291; x_wconf 81' lang='grc' dir='ltr'>δὲ</span> <span class='ocrx_word' id='word_1_661' title='bbox 2864 5241 2889 5291; x_wconf 88' lang='lat'><strong>6</strong></span> <span class='ocrx_word' id='word_1_662' title='bbox 2924 5239 3067 5302; x_wconf 80' lang='grc' dir='ltr'>Υἱός·</span> <span class='ocrx_word' id='word_1_663' title='bbox 3106 5243 3205 5312; x_wconf 80' lang='grc' dir='ltr'><strong>τῆς</strong></span> <span class='ocrx_word' id='word_1_664' title='bbox 3242 5242 3349 5312; x_wconf 81' lang='grc' dir='ltr'>γὰρ</span> <span class='ocrx_word' id='word_1_665' title='bbox 3381 5241 3539 5315; x_wconf 78' lang='grc' dir='ltr'>δόξης</span> <span class='ocrx_word' id='word_1_666' title='bbox 3583 5243 3695 5299; x_wconf 67' lang='lat' dir='ltr'><strong>K6-</strong></span> 
     </span>
    </p>
   </div>
   <div class='ocr_carea' id='block_1_102' title="bbox 2125 5328 3064 5398">
    <p class='ocr_par' dir='ltr' id='par_1_102' title="bbox 2125 5328 3064 5398">
     <span class='ocr_line' id='line_1_102' title="bbox 2125 5328 3064 5398; baseline 0.002 -19"><span class='ocrx_word' id='word_1_667' title='bbox 2125 5342 2254 5397; x_wconf 74' lang='grc' dir='ltr'>ριοςο</span> <span class='ocrx_word' id='word_1_668' title='bbox 2290 5328 2390 5380; x_wconf 83' lang='grc' dir='ltr'><strong>οὐκ</strong></span> <span class='ocrx_word' id='word_1_669' title='bbox 2421 5328 2530 5397; x_wconf 83' lang='grc' dir='ltr'>ἄρα</span> <span class='ocrx_word' id='word_1_670' title='bbox 2559 5328 2757 5398; x_wconf 83' lang='grc' dir='ltr'>κτίσμα</span> <span class='ocrx_word' id='word_1_671' title='bbox 2788 5328 3064 5398; x_wconf 82' lang='grc' dir='ltr'>τυγχάνει.</span> 
     </span>
    </p>
   </div>
   <div class='ocr_carea' id='block_1_103' title="bbox 2800 5441 3001 5492">
    <p class='ocr_par' dir='ltr' id='par_1_103' title="bbox 2800 5441 3001 5492">
     <span class='ocr_line' id='line_1_103' title="bbox 2800 5441 3001 5492; baseline 0 0"><span class='ocrx_word' id='word_1_672' title='bbox 2800 5441 2980 5492; x_wconf 78' lang='grc' dir='ltr'><strong>ΑΛΛο</strong></span> <span class='ocrx_word' id='word_1_673' title='bbox 2990 5480 3001 5492; x_wconf 93' lang='grc'>.</span> 
     </span>
    </p>
   </div>
   <div class='ocr_carea' id='block_1_104' title="bbox 2194 5548 3693 5629">
    <p class='ocr_par' dir='ltr' id='par_1_104' title="bbox 2194 5548 3693 5629">
     <span class='ocr_line' id='line_1_104' title="bbox 2194 5548 3693 5629; baseline 0.006 -25"><span class='ocrx_word' id='word_1_674' title='bbox 2194 5552 2255 5605; x_wconf 78' lang='lat' dir='ltr'><strong>Et</strong></span> <span class='ocrx_word' id='word_1_675' title='bbox 2288 5552 2395 5605; x_wconf 80' lang='grc' dir='ltr'><strong>πᾶν</strong></span> <span class='ocrx_word' id='word_1_676' title='bbox 2422 5550 2482 5603; x_wconf 81' lang='grc' dir='ltr'><strong>τὸ</strong></span> <span class='ocrx_word' id='word_1_677' title='bbox 2504 5552 2565 5603; x_wconf 82' lang='grc' dir='ltr'>ὲκ</span> <span class='ocrx_word' id='word_1_678' title='bbox 2586 5550 2677 5605; x_wconf 77' lang='grc' dir='ltr'>τοῦ</span> <span class='ocrx_word' id='word_1_679' title='bbox 2702 5552 2777 5623; x_wconf 85' lang='grc' dir='ltr'>μὴ</span> <span class='ocrx_word' id='word_1_680' title='bbox 2805 5553 2957 5617; x_wconf 74' lang='grc' dir='ltr'>ὄντος</span> <span class='ocrx_word' id='word_1_681' title='bbox 2982 5554 3060 5617; x_wconf 83' lang='grc' dir='ltr'><strong>είς</strong></span> <span class='ocrx_word' id='word_1_682' title='bbox 3080 5554 3142 5607; x_wconf 78' lang='grc' dir='ltr'><strong>τὸ</strong></span> <span class='ocrx_word' id='word_1_683' title='bbox 3170 5548 3307 5610; x_wconf 79' lang='grc' dir='ltr'>εῖναι</span> <span class='ocrx_word' id='word_1_684' title='bbox 3338 5558 3693 5629; x_wconf 70' lang='grc' dir='ltr'>παρενεχθὲν,</span> 
     </span>
    </p>
   </div>
   <div class='ocr_carea' id='block_1_105' title="bbox 460 5632 2026 5719">
    <p class='ocr_par' dir='ltr' id='par_1_105' title="bbox 460 5632 2016 5704">
     <span class='ocr_line' id='line_1_105' title="bbox 460 5632 2016 5704; baseline 0.007 -18"><span class='ocrx_word' id='word_1_685' title='bbox 460 5638 634 5703; x_wconf 81' lang='lat' dir='ltr'><strong>potest</strong></span> <span class='ocrx_word' id='word_1_686' title='bbox 664 5641 724 5685; x_wconf 92' lang='lat' dir='ltr'><strong>ut</strong></span> <span class='ocrx_word' id='word_1_687' title='bbox 752 5632 944 5685; x_wconf 87' lang='lat' dir='ltr'><strong>iterum</strong></span> <span class='ocrx_word' id='word_1_688' title='bbox 979 5632 1032 5685; x_wconf 91' lang='lat' dir='ltr'><strong>in</strong></span> <span class='ocrx_word' id='word_1_689' title='bbox 1061 5632 1285 5687; x_wconf 88' lang='lat' dir='ltr'><strong>nihilum</strong></span> <span class='ocrx_word' id='word_1_690' title='bbox 1319 5633 1614 5704; x_wconf 81' lang='lat' dir='ltr'><strong>redigatur,</strong></span> <span class='ocrx_word' id='word_1_691' title='bbox 1668 5636 1777 5693; x_wconf 85' lang='lat' dir='ltr'><strong>hoc</strong></span> <span class='ocrx_word' id='word_1_692' title='bbox 1804 5652 1932 5695; x_wconf 86' lang='lat' dir='ltr'><strong>vero</strong></span> <span class='ocrx_word' id='word_1_693' title='bbox 1963 5641 2016 5697; x_wconf 85' lang='lat' dir='ltr'><strong>in</strong></span> 
     </span>
    </p>
   </div>
   <div class='ocr_carea' id='block_1_106' title="bbox 2129 5632 3693 5719">
    <p class='ocr_par' dir='ltr' id='par_1_106' title="bbox 2129 5637 3693 5719">
     <span class='ocr_line' id='line_1_106' title="bbox 2129 5637 3693 5719; baseline 0.003 -20"><span class='ocrx_word' id='word_1_694' title='bbox 2129 5637 2275 5707; x_wconf 68' lang='grc' dir='ltr'>αὖθις</span> <span class='ocrx_word' id='word_1_695' title='bbox 2299 5642 2566 5713; x_wconf 71' lang='grc' dir='ltr'>ἐνδέχεται</span> <span class='ocrx_word' id='word_1_696' title='bbox 2602 5647 2695 5700; x_wconf 66' lang='grc' dir='ltr'><strong>καὶ</strong></span> <span class='ocrx_word' id='word_1_697' title='bbox 2722 5646 2800 5709; x_wconf 86' lang='grc' dir='ltr'><strong>είς</strong></span> <span class='ocrx_word' id='word_1_698' title='bbox 2822 5645 2882 5699; x_wconf 83' lang='grc' dir='ltr'><strong>τὸ</strong></span> <span class='ocrx_word' id='word_1_699' title='bbox 2910 5645 2984 5717; x_wconf 79' lang='grc' dir='ltr'><strong>μὴ</strong></span> <span class='ocrx_word' id='word_1_700' title='bbox 3033 5644 3093 5700; x_wconf 82' lang='grc' dir='ltr'>ὃν</span> <span class='ocrx_word' id='word_1_701' title='bbox 3120 5647 3387 5719; x_wconf 80' lang='grc' dir='ltr'>χωρῆσαι,</span> <span class='ocrx_word' id='word_1_702' title='bbox 3435 5648 3535 5703; x_wconf 84' lang='grc' dir='ltr'><strong>οὐκ</strong></span> <span class='ocrx_word' id='word_1_703' title='bbox 3576 5650 3693 5705; x_wconf 66' lang='grc' dir='ltr'>ἔστι</span> 
     </span>
    </p>
   </div>
   <div class='ocr_carea' id='block_1_107' title="bbox 529 5807 1449 5879">
    <p class='ocr_par' dir='ltr' id='par_1_107' title="bbox 529 5807 1449 5879">
     <span class='ocr_line' id='line_1_107' title="bbox 529 5807 1449 5879; baseline 0 -15"><span class='ocrx_word' id='word_1_704' title='bbox 529 5808 575 5843; x_wconf 77' lang='grc'><strong><em>⁸³</em></strong></span> <span class='ocrx_word' id='word_1_705' title='bbox 604 5807 707 5865; x_wconf 75' lang='lat' dir='ltr'><strong>In.</strong></span> <span class='ocrx_word' id='word_1_706' title='bbox 734 5823 863 5878; x_wconf 79' lang='grc' dir='ltr'>ιιιι,</span> <span class='ocrx_word' id='word_1_707' title='bbox 898 5811 949 5868; x_wconf 74' lang='lat'><strong>8.</strong></span> <span class='ocrx_word' id='word_1_708' title='bbox 1024 5811 1072 5847; x_wconf 72' lang='grc' dir='ltr'>ιδ</span> <span class='ocrx_word' id='word_1_709' title='bbox 1114 5810 1277 5870; x_wconf 73' lang='grc' dir='ltr'>ιουτ.</span> <span class='ocrx_word' id='word_1_710' title='bbox 1306 5827 1368 5879; x_wconf 80' lang='grc' dir='ltr'><strong>ιι,</strong></span> <span class='ocrx_word' id='word_1_711' title='bbox 1395 5812 1449 5867; x_wconf 85' lang='lat'><strong>8.</strong></span> 
     </span>
    </p>
   </div>
  </div>
