4024 6510
392 474 498 532 305

1765 490 2207 550 THESAURUS.

3540 496 3645 553 506

385 592 443 646 δὲ
471 593 623 649 τοῦτο
650 595 994 666 ἐνδεχόμενον
1051 598 1145 651 ἐπὶ
1187 597 1281 653 τοῦ
1344 598 1497 662 Υῐοῦ,
1540 600 1699 672 εἴπερ
1755 602 1947 672 ἀληθῶη

2075 604 2267 659 Filium
2302 604 2498 659 cadere
2532 619 2640 660 non
2672 611 2868 674 potest,
2904 605 3170 675 siquidem
3202 620 3331 660 vere
3359 614 3441 660 est
3465 604 3641 663 Deus:

386 683 501 737 ἐστι
536 685 687 749 Θεὸς,
719 686 818 739 οὐκ
846 686 953 757 ἄρα
982 690 1044 741 ὲκ
1084 688 1178 741 τοῦ
1211 690 1284 761 μὴ
1311 689 1460 753 ὄντος
1509 695 1537 745 6
1580 693 1727 759 Υἱὸς,
1762 694 1875 748 ἀλλ’
1897 697 1960 748 ὲκ

384 773 477 828 τοῦ
515 774 681 839 ὅντως
705 777 919 847 [ἰατρὸς
940 779 1181 851 γενητός.

1060 891 1264 944 ΑΛΛΟ.

456 996 517 1051 Et
552 1000 862 1070 κτισμάτων
888 1002 1014 1058 ῐδιον
1045 1003 1108 1056 τὸ
1135 1004 1394 1059 δύνασθαι
1450 1007 1808 1078 ἁμαρτάνειν,
1862 1008 1961 1061 οὐκ

384 1087 462 1141 ἔτι
492 1087 546 1141 δὲ
573 1092 665 1144 καὶ
690 1092 783 1145 τοῦ
816 1092 974 1177 Ποῦ,
1001 1095 1101 1148 οὐκ
1132 1094 1240 1167 ἄρα
1268 1098 1476 1168 κτίσμα
1504 1099 1782 1168 τυγχάνει.

1065 1206 1271 1262 ΔΛΛΟ.

451 1309 513 1362 Ei
537 1310 702 1381 μηδὲν
758 1314 866 1367 τῶν
912 1317 1212 1385 γεγονότων
1270 1321 1551 1394 ἀνεδείχθη
1596 1325 1727 1378 ποτὲ
1782 1329 1846 1379 ἐκ
1886 1326 1959 1397 μὴ

379 1396 547 1451 όντων
578 1400 767 1455 ποιοῦν
792 1404 1005 1469 οὐσίας,
1042 1411 1188 1461 ποιεῖ
1229 1408 1286 1462 δὲ
1324 1412 1353 1464 ό
1388 1411 1533 1478 Υἱὸς,
1566 1413 1685 1478 πῶς
1712 1415 1820 1469 τῶν
1866 1396 1959 1485 γεέ

379 1489 612 1555 γονάτων
646 1494 794 1546 ἐστίν
813 1510 826 1559 ;

1081 1612 1285 1668 AAAO.

446 1713 511 1767 Et
545 1715 654 1769 πᾶν
685 1717 746 1771 τὺ
768 1721 995 1791 γενητὸν
1018 1722 1203 1794 ὅμοιον
1228 1724 1306 1788 ὡς
1337 1726 1475 1795 πρὸς
1510 1729 1671 1782 ἑαυτὸ
1699 1729 1840 1784 κατὰ
1866 1730 1957 1784 τὸν

375 1802 471 1857 τοῦ
510 1808 839 1878 πεποιῆσθαι
872 1811 1048 1881 λόγον,
1101 1816 1197 1869 καὶ
1252 1816 1404 1870 οὐδὲν
1447 1819 1661 1883 οὐδενὸς
1708 1822 1955 1893 διαφέρει

376 1895 512 1948 καθὸ
543 1898 763 1967 γέγονεν
790 1902 1040 1959 ἕκαστον·
1075 1906 1189 1961 ἐστι
1225 1908 1283 1962 δὲ
1330 1911 1557 1981 γενητὸς
1586 1913 1680 1966 καὶ⁵
1720 1915 1748 1966 6
1791 1914 1951 1979 Υἱὸς,

375 1985 585 2050 οὐδενὸς
606 1990 718 2061 ἄρα
740 1992 892 2048 ἔσται
923 1996 1199 2069 διαφέρων
1292 2001 1387 2054 καὶ
1421 2002 1584 2065 αὐτὸς
1615 2002 1857 2071 γέγονεν.
1890 2006 1952 2059 EI

372 2078 430 2131 δὲ
469 2079 690 2136 πάντων
711 2084 821 2138 τῶν
853 2089 1100 2159 γενητῶν
1129 2091 1272 2145 κατὰ
1303 2094 1478 2148 πάντα
1506 2094 1775 2168 διαφέρει,
1796 2097 1953 2167 δῆλον

371 2169 452 2223 δτι
478 2171 571 2226 καὶ
602 2174 743 2227 κατὰ
770 2175 862 2230 τὸν
886 2178 987 2247 τῆς
1012 2181 1280 2247 γενέσεως
1305 2184 1506 2255 τρόπον
1524 2225 1539 2249 ,
1569 2186 1705 2256 ὅπερ
1741 2186 1859 2239 ἐστὶ
1894 2188 1954 2241 τὸ

372 2258 449 2330 μὴ
469 2261 743 2327 γενέσθαι.
771 2266 929 2320 Οὕτω
961 2266 1069 2338 γὰρ
1097 2269 1286 2325 διοίσει
1308 2273 1414 2327 τῶν
1452 2276 1769 2344 γεγονότων.
1806 2279 1869 2331 Εἰ
1896 2277 1953 2331 δὲ

369 2346 545 2416 τοῦτο,
578 2351 694 2417 πῶς
730 2356 789 2408 οὐ
822 2356 996 2423 Θεός;

1058 2453 1264 2509 ΔΛΛΟ.

438 2548 503 2603 Et
534 2553 683 2606 πᾶσα
710 2555 743 2624 ὴ
769 2558 947 2642 κτίσις
971 2561 1029 2615 ἐν
1049 2561 1375 2635 διαστήματι
1424 2569 1541 2639 ἦτοι
1592 2572 1767 2642 χρόνῳ
1793 2572 1951 2641 γέγο-

365 2657 476 2735 νεν,
505 2643 655 2700 οὐδὲν
683 2644 741 2703 δὲ
770 2632 977 2704 τοῦτων
1010 2632 1383 2725 προλαμέάνει
1408 2632 1651 2731 τῆνΥἱοδ
1673 2632 1947 2735 γέννησιν,

363 2733 463 2787 οὐκ
492 2736 598 2807 ἄρα
625 2738 847 2807 γέγονεν
869 2743 1053 2808 αὐτός.
1078 2747 1141 2800 Et
1166 2748 1223 2802 δὲ
1263 2752 1707 2822 προλαμϐάνεται
1726 2733 1946 2825 διαστή-

366 2842 497 2895 ματι
530 2830 766 2921 χρονικῷ
793 2851 852 2887 τε
894 2839 988 2889 καὶ
1020 2840 1252 2911 γενητῷ,
1285 2843 1403 2907 πῶς
1453 2848 1671 2901 πάντων
1705 2850 1820 2901 ἐστὶ
1852 2850 1948 2921 δη-

366 2920 647 3010 μιουργὸς,
678 2922 1009 2997 διαστήματι
1056 2931 1573 3007 προλαμϐανόμενος
1612 2939 1857 3010 γὲνητῴς
1884 2920 1947 2995 Εἰ

362 3005 407 3059 δ’
437 3009 703 3103 ἀγένητον
726 3015 811 3086 εἴη
842 3017 1000 3073 τοῦτο
1028 3021 1089 3074 τὸ
1120 3005 1424 3095 διάστημα,
1444 3005 1771 3099 συνάμιλλον
1792 3005 1947 3103 εὑρή-

363 3113 447 3192 σει
485 3101 618 3189 Θερς
644 3103 745 3174 τῆς
773 3108 967 3163 ἑαυτοῦ
988 3112 1283 3185 άγενησὶας
1337 3119 1401 3170 τὸ
1454 3120 1751 3192 διάστημα.
1792 3124 1857 3176 Εἰ
1887 3101 1944 3177 δὲ

364 3188 705 3286 μήτέ-φή,
762 3198 899 3269 μήτε
928 3200 1221 3276 διάστημα,
1275 3208 1411 3279 μήτε
1449 3209 1579 3264 ἄλλο
1600 3188 1803 3266 τινὲστι
1838 3216 1943 3286 πρὸ

2069 709 2176 748 non
2209 694 2374 765 igitur
2409 707 2474 750 ex
2509 694 2678 751 nihilo
2704 696 2884 751 factus
2932 708 3017 750 est
3066 693 3255 758 Filius,
3286 694 3380 749 sed
3412 708 3480 748 ex
3514 708 3645 750 vero

2066 786 2226 841 Patre
2254 786 2490 857 genitus.

2733 874 2961 958 ALIUD.

2134 1008 2190 1064 Si
2232 1011 2508 1079 proprium
2555 1011 2822 1065 creaturis
2873 1019 2956 1066 est
2996 1025 3245 1082 peccare,
3290 1009 3413 1067 Filii
3460 1019 3640 1067 autem

2063 1116 2409 1173 nequaquam
2431 1102 2478 1134 ³⁸
2504 1118 2519 1156 :
2564 1117 2670 1157 non
2696 1103 2858 1173 igitur
2877 1113 2959 1158 est
2986 1112 3258 1158 creatura.

2738 1215 2967 1273 ALIUD.

2136 1307 2194 1363 Si
2227 1308 2361 1362 nihil
2391 1322 2457 1363 ex
2488 1308 2555 1363 iis
2583 1322 2704 1378 quae
2730 1307 2874 1363 facta
2902 1317 3052 1374 sunt,
3091 1307 3249 1379 181
3279 1305 3641 1363 substantiam

2061 1414 2126 1455 ex
2170 1399 2340 1454 nihilo
2390 1413 2579 1454 creare
2614 1400 2804 1469 possit,
2853 1408 3034 1470 potest
3077 1409 3256 1455 autem
3285 1398 3499 1453 Filius:
3533 1413 3643 1469 quo

2063 1499 2222 1559 pacto
2252 1503 2317 1544 ex
2347 1504 2535 1545 eorum
2572 1503 2798 1545 numero
2830 1491 2961 1555 erit,
2988 1504 3110 1561 qua:
3141 1490 3280 1546 facta
3306 1490 3474 1546 sunt?

2735 1598 2967 1656 ALIUD.

2133 1713 2189 1770 Si
2231 1714 2413 1771 omnia
2469 1722 2654 1770 creata
2710 1715 2907 1770 similia
2964 1713 3068 1771 sibi
3118 1722 3245 1769 sunt
3296 1712 3349 1768 in
3407 1711 3641 1780 eoquod

2060 1815 2241 1859 creata
2275 1813 2424 1869 sunt,
2450 1804 2703 1875 nullaque
2733 1812 2982 1859 creatura
3016 1802 3086 1857 ab
3114 1801 3219 1857 alia
3253 1799 3433 1857 dilI'ert
3452 1815 3517 1855 ea
3548 1814 3639 1854 ra-

2068 1896 2217 1951 tione
2235 1910 2339 1965 qua
2368 1896 2521 1952 facta:
2551 1905 2697 1961 sunt,
2741 1895 2917 1951 factus
2967 1902 3149 1950 autem
3207 1902 3293 1950 est
3321 1901 3377 1948 et
3417 1890 3589 1947 Filius
3622 1907 3639 1946 :

2058 1988 2108 2043 in
2138 1988 2279 2043 nulla
2312 1988 2495 2058 itaque
2531 2003 2590 2042 re
2620 1988 2853 2053 differet,
2886 1987 3013 2057 quia
3045 1996 3100 2043 et
3122 1987 3239 2056 ipse
3265 1984 3444 2041 factus
3459 1994 3564 2040 est.
3579 1982 3640 2038 Si

2056 2094 2185 2135 vero
2203 2080 2271 2135 ab
2286 2080 2537 2135 omnibus
2558 2079 2754 2134 creatis
2769 2094 2863 2148 per
2878 2078 3059 2134 omnia
3077 2077 3256 2133 dill‘ert
3273 2093 3287 2131 :
3304 2084 3453 2133 certe
3471 2075 3633 2131 etiam

2052 2171 2419 2239 generationis
2444 2170 2621 2234 modo,
2652 2172 2908 2225 nimirum
2943 2170 3088 2239 quod
3149 2167 3325 2224 factus
3388 2182 3495 2222 non
3543 2165 3637 2220 sit.

2052 2263 2133 2316 Ita
2165 2262 2309 2316 enim
2332 2260 2539 2316 dilI‘eret
2561 2276 2590 2315 a
2613 2261 2831 2317 creatis.
2855 2260 3010 2327 Quod
3038 2261 3084 2317 si
3109 2261 3181 2316 ita
3206 2268 3290 2316 est
3318 2276 3331 2313 :
3360 2255 3635 2329 quomodo

2052 2368 2160 2409 non
2186 2354 2261 2409 sit
2284 2353 2467 2411 Deus?

2726 2446 2958 2505 ALIUD.

2124 2561 2181 2618 Si
2228 2564 2409 2619 omnis
2442 2573 2694 2619 creatura
2725 2564 2776 2617 in
2833 2563 3012 2633 spatio
3048 2561 3165 2618 sive
3193 2567 3435 2629 tempore
3492 2555 3636 2610 facta

2050 2663 2154 2719 est,
2193 2653 2328 2709 nihil
2354 2668 2480 2708 vero
2500 2654 2692 2709 horum
2723 2653 2844 2708 Filii
2875 2651 3285 2724 generationem
3320 2646 3634 2718 prtecessit:

2050 2744 2226 2802 factus
2259 2747 2439 2815 itaque
2488 2760 2592 2800 non
2648 2753 2752 2801 est.
2820 2744 2876 2800 Si
2915 2758 3045 2799 vero
3094 2743 3247 2797 illum
3278 2739 3512 2811 spatium
3539 2737 3639 2792 ali-

2050 2840 2191 2907 quod
2218 2837 2603 2906 temporarium
2629 2837 2711 2890 vel
2761 2836 2963 2890 factum
3021 2832 3323 2904 praecessit,
3364 2828 3639 2900 quomodo

2049 2933 2133 2980 est
2158 2926 2398 2979 omnium
2420 2934 2655 2989 creator,
2679 2939 2837 2993 quem
2870 2925 3104 2992 spatium
3128 2932 3369 2978 creatum
3399 2931 3639 2990 praeces-

2048 3015 2249 3070 sit?At
2278 3016 2321 3071 si
2348 3018 2584 3084 spatium
2647 3016 2773 3071 illud
2834 3016 2949 3072 sive
3002 3015 3215 3072 duratio
3246 3015 3487 3069 increata
3540 3011 3635 3076 sit,

2046 3108 2149 3163 erit
2171 3107 2386 3177 aliquod
2425 3108 2660 3178 Spatium
2692 3109 2806 3163 sive
2824 3109 3040 3163 duratio
3093 3107 3289 3162 divinae
3342 3104 3634 3161 aeternitati

2046 3215 2163 3270 par.
2203 3201 2257 3256 Si
2291 3216 2420 3256 vero
2452 3203 2657 3257 nullum
2691 3212 3024 3257 momentqu
3079 3200 3165 3256 vel
3201 3200 3437 3270 spatium
3495 3207 3636 3253 tem-

360 3280 455 3377 τοῖν
485 3282 637 3350 Υιοῦ,
674 3287 837 3343 πόθεν
870 3297 1247 3367 προϋπάρχειν
1282 3300 1499 3369 λέγουσι
1557 3302 1650 3357 τὸν
1684 3280 1905 3377 Πατέρα
1925 3348 1940 3372 ,

2061 3293 2216 3362 poris,
2263 3308 2437 3363 neque
2485 3294 2631 3349 aliud
2715 3295 3010 3363 quidquam
3081 3291 3277 3347 Filium
3336 3289 3637 3361 praeessit,

360 3374 519 3430 τοῦτο
555 3382 933 3454 προῦπάρχειν
981 3389 1341 3460 σημαίνοντος
1388 3394 1486 3465 οὐχ
1514 3374 1941 3469 εὑρισκομένου;

1041 3654 1245 3713 AAAO.

428 3752 493 3806 Ει
530 3754 695 3827 μηδὲν
748 3759 860 3813 τῶν
900 3766 1212 3835 γενομένων
1266 3768 1514 3827 λέλεκταί
1552 3793 1610 3828 τε
1674 3778 1766 3831 καὶ
1791 3779 1940 3835 ἔστιν

361 3843 456 3938 lati
487 3844 702 3938 ¹ιιτάνιςων
732 3849 885 3916 Θεὸς,
920 3853 1037 3908 ἔστι
1061 3856 1117 3910 δὲ
1143 3860 1237 3913 ἐπὶ
1293 3862 1510 3917 πάντων
1554 3866 1685 3932 Θεὸς
1709 3870 1739 3921 6
1776 3870 1903 3935 Υἱὸς
1924 3912 1939 3938 ,

359 3933 460 3987 οὐκ
490 3935 598 4007 ἄρα
626 3939 735 3993 τῶν
761 3946 1072 4015 γενομένων
1096 3950 1264 4006 ἐστίν.
1318 3954 1380 4007 Ei
1404 3956 1460 4008 δὲ
1499 3957 1633 4022 Θεὸς
1664 3961 1759 4014 ἐπὶ
1808 3933 1944 4017 «at;

300 4078 311 4089 ,
357 4042 469 4115 των
501 4028 761 4101 ὑπάρχων
784 4034 813 4087 6
842 4035 989 4101 Υἱὸς,
1024 4044 1116 4094 καὶ
1148 4045 1375 4115 γενητός
1424 4050 1595 4115 ἐστιν,
1635 4051 1833 4107 ἔστιδὲ
1854 4057 1947 4109 ἐπὶ

361 4112 579 4205 πάντων
608 4116 740 4182 Θεὸς
768 4122 863 4175 καὶ
915 4126 945 4177 6
993 4127 1202 4200 Πατὴρ,
1228 4112 1452 4205 γενητὸς
1493 4112 1645 4192 ἔσται
1691 4143 1809 4196 κατ’
1850 4147 1947 4198 αὐ-

358 4202 506 4273 τοὺς,
532 4207 669 4279 ὅπερ
698 4211 891 4278 ἀσεϐὲς
915 4216 1132 4274 ἐννοεῖν.

1058 4423 1261 4481 AAAO.

431 4517 496 4574 Et
532 4522 697 4593 μηδὲν
720 4526 830 4581 τῶν
855 4532 1165 4603 γενομένων
1214 4538 1282 4593 τὰ
1324 4540 1461 4595 αὐτὰ
1509 4544 1737 4602 δύναται
1770 4553 1944 4606 ποιεῖν

2047 3383 2318 3453 quomodo
2404 3384 2558 3438 aiunt
2619 3384 2839 3439 Patrem
2920 3384 3075 3454 prius
3142 3381 3441 3446 exstitisse,
3508 3395 3635 3435 cum

2051 3471 2105 3526 id
2178 3470 2323 3539 quod
2397 3472 2547 3541 prius
2628 3482 2846 3528 exstare
2926 3472 3196 3542 signiticet
3231 3510 3247 3537 ,
3315 3486 3425 3527 non
3486 3469 3637 3525 inve-

2053 3562 2235 3617 niunt?
3030 3628 3055 3647 β

2727 3654 2941 3713 ALIUD
3027 3652 3035 3660 ’

2129 3766 2186 3823 Si
2214 3766 2347 3827 nihil
2397 3782 2585 3823 eorum
2620 3783 2742 3838 quae
2783 3768 2925 3823 facta
2982 3776 3131 3833 sunt,
3172 3766 3374 3822 dicitur
3404 3775 3497 3821 aut
3550 3774 3638 3821 est

2053 3858 2427 3915 universorum
2458 3856 2620 3922 Deus,
2678 3856 2846 3914 Filius
2881 3867 3063 3915 autem
3092 3856 3430 3914 estomnium
3456 3855 3632 3912 Deus:

2052 3966 2158 4005 non
2221 3959 2305 4007 est
2368 3950 2532 4020 igitur
2588 3963 2654 4006 ex
2706 3951 2773 4005 iis
2832 3964 2953 4021 qua
3016 3950 3155 4005 facta
3214 3958 3359 4005 sunt.
3391 3948 3448 4003 Si
3499 3962 3631 4003 vero

2049 4039 2220 4096 Filius
2283 4056 2406 4096 cum
2456 4043 2528 4098 sit
2580 4041 2823 4097 omnium
2881 4041 3048 4108 Deus,
3100 4040 3274 4099 l'actus
3313 4040 3476 4094 etiam
3522 4047 3629 4105 est,

2049 4127 2214 4185 Pater
2290 4141 2469 4186 autem
2546 4132 2709 4187 etiam
2775 4132 3018 4186 omnium
3086 4129 3228 4186 Deus
3282 4140 3360 4186 est
3419 4147 3434 4185 ε
3485 4138 3635 4185 certe

2048 4221 2153 4277 erit
2182 4221 2378 4288 factus,
2398 4223 2694 4278 secundum
2726 4222 2869 4285 illos,
2913 4224 3058 4292 quod
3110 4222 3333 4293 impium
3394 4220 3635 4293 cogitatu

2048 4323 2150 4369 est.

2726 4429 2957 4497 ALIUD.

2123 4546 2180 4601 Si
2211 4545 2340 4600 nihil
2375 4559 2560 4600 eorum
2592 4558 2712 4612 qua:
2745 4543 2885 4599 facta
2917 4551 3041 4598 sunt
3067 4546 3256 4600 eadem
3291 4553 3470 4614 potest
3496 4560 3634 4615 pra-

360 4606 441 4712 τιῖι
465 4609 794 4712 Θεῷ,πάπα
818 4618 874 4672 δὲ
896 4620 1104 4712 ἃῄποιεϊ
1122 4628 1150 4680 6
1170 4628 1381 4703 Πατὴρ,
1398 4636 1599 4706 ὁμοίως
1622 4640 1714 4693 καὶ
1742 4644 1770 4694 6
1793 4642 1939 4712 Υἱὸς,

2061 4647 2195 4693 stare
2225 4651 2345 4706 qua:
2373 4636 2529 4702 Deus,
2582 4639 2761 4691 omnia
2826 4651 2957 4691 vero
3024 4652 3143 4703 qua:
3200 4644 3419 4707 prastat
3444 4636 3627 4705 Pater,

360 4698 462 4753 οὐκ
493 4701 599 4771 ἄρα
616 4704 725 4759 τῶν
753 4710 1061 4780 γενομένων
1084 4716 1252 4772 ἐστίν.
1311 4698 1340 4703 η
1368 4698 1376 4701 ⁷
1431 4698 1444 4706 ’
1577 4698 1592 4702 ⁷
1900 4698 1939 4712 η

2061 4698 2273 4801 praestat
2296 4740 2349 4784 et
2381 4698 2550 4784 Filius
2579 4744 2594 4782 :
2629 4745 2733 4784 non
2763 4740 2848 4783 est
2874 4698 3257 4797 igitur-lactus.

1047 4826 1250 4883 ΑΛΛΟ.

2722 4838 2958 4896 ALIUD.

404 4922 497 5025 -Et
522 4925 697 5025 πάντα
824 4936 1028 5005 γενητὰ
1072 4937 1130 5004 ἐξ
1159 4940 1346 5012 ἐτέρου
1379 4946 1438 4997 τὸ
1468 4942 1605 5001 εἶναι
1647 4950 1779 5021 ἔχει,
1815 4954 1937 5005 πολ-

2124 4956 2176 5007 Si
2205 4969 2540 5024 quaecunque
2569 4953 2711 5009 facta
2756 4964 2880 5010 sunt
2935 4956 3001 5009 ab
3054 4954 3161 5009 alio
3189 4969 3310 5009 esse
3338 4969 3494 5009 suum
3533 4955 3628 5008 Ita-

356 5011 438 5117 ἒῷ
472 5017 671 5117 μᾶλλον
693 5022 755 5117 τὸ
786 5024 1042 5117 λέγεσθαι
1094 5032 1290 5098 αὐτοὺς
1328 5036 1502 5102 θεούς.
1554 5042 1616 5094 Εἰ
1647 5011 1709 5095 δξ
1741 5011 1940 5117 μετοχῇ

2061 5055 2195 5113 sent,
2237 5046 2403 5099 multo
2440 5047 2608 5115 magis
2657 5048 2879 5102 deorum
2928 5047 3363 5117 appellationem.
3393 5047 3448 5100 Si
3499 5061 3628 5102 vero

357 5104 540 5208 ἔχουσι
574 5111 639 5208 το
663 5108 800 5208 εἶναι
832 5115 945 5208 θεοὶ
977 5118 1069 5190 (οὐ
1109 5121 1265 5191 φύσει
1295 5127 1534 5198 δηλονότι
1556 5131 1663 5185 Θεοὶ
1692 5104 1759 5187 τά
1785 5104 1945 5208 γενηῖ

2061 5154 2140 5192 ›ει·
2174 5139 2643 5208 participationem
2667 5148 2792 5194 sunt
2818 5139 3112 5207 dii(neque
3168 5139 3313 5193 enim
3362 5148 3627 5193 creatura:

355 5195 461 5293 τά)
486 5236 502 5259 ,
540 5202 667 5293 ᾃτοῖς
712 5202 753 5254 δ’
792 5206 853 5258 οὑ
898 5208 1054 5273 φύσει
1092 5210 1234 5274 Θεοῖς
1272 5195 1597 5284 προσκυνεῖν
1630 5195 1941 5293 ἀπαγορειί-

354 5287 500 5341 τὲον.
540 5291 601 5343 Ei
631 5292 688 5346 δὲ
719 5296 927 5362 τούτοις
960 5301 1059 5371 μὲν
1084 5303 1509 5375 ἀπαγορευτέον,
1537 5312 1719 5366 οὐκέτι
1748 5287 1826 5367 δὲ·
1847 5317 1937 5369 καὶ

356 5378 437 5445 τῷ
464 5379 612 5449 Υἱῷ,
653 5387 752 5456 οὐχ
781 5387 855 5451 ὡς
900 5392 974 5462 μὴ
1032 5393 1189 5461 φύσει
1232 5398 1337 5468 ἄρα
1390 5400 1507 5471 Θεῴ
1556 5402 1843 5474 ὅπερὲστὶ
1869 5408 1936 5461 τὰ

357 5476 612 5542 γεννητά.

1045 5603 1247 5655 ΛΛΛο.

433 5696 492 5749 Εἰ
524 5697 615 5751 τὸν
648 5701 712 5752 ἐκ
740 5701 813 5773 μὴ
842 5705 1009 5761 ὄντων
1066 5712 1373 5781 ὑφιστῶντα
1430 5720 1612 5786 οὐσίας
1665 5725 1935 5797 ἐνεδέχετο

426 5854 475 5885 ’⁸
503 5855 525 5910 ι
552 5855 691 5915 Pctr.
742 5875 801 5931 tt,
829 5863 917 5917 ἓξ.

2045 5238 2235 5285 natura
2305 5240 2427 5284 sunt
2463 5231 2578 5299 dii),
2616 5239 2669 5285 et
2708 5233 2797 5301 qui
2849 5241 3039 5285 natura
3082 5231 3151 5284 dii
3190 5246 3294 5285 non
3336 5239 3482 5297 sunt,
3528 5232 3626 5285 ad-

2040 5322 2183 5376 orari
2214 5322 2597 5390 prohibentur,
2621 5321 2785 5376 Filius
2818 5334 2997 5376 autem
3025 5323 3239 5376 adorari
3267 5320 3510 5389 jubetur,
3543 5332 3630 5375 ut-

2044 5422 2167 5481 pote
2193 5424 2384 5468 natura
2414 5420 2575 5480 Deus,
2603 5416 2741 5485 quod
2781 5425 3048 5471 creaturae
3108 5432 3214 5472 non
3249 5423 3376 5472 sunt
3408 5434 3422 5474 :
3481 5415 3625 5470 aliud

2045 5502 2209 5573 igitur
2239 5513 2319 5559 est
2343 5519 2501 5573 quam
2530 5515 2797 5561 creatura.

2713 5617 2948 5674 ALIUD.

2119 5729 2173 5785 Si
2208 5729 2460 5800 possibile
2484 5740 2646 5800 esset,
2684 5742 2742 5789 ut
2780 5734 2825 5790 is
2861 5735 2952 5805 qui
2980 5751 3045 5793 ex
3080 5734 3249 5793 nihilo
3296 5735 3630 5793 substantias
