4024 6514
368 477 471 534 σω

1734 457 2111 517 THESAURU
2121 457 2180 513 S.

3520 451 3627 508 διο

367 591 564 660 μᾶλλον
594 589 733 660 ὑπέρ
751 588 820 642 τὰ
858 583 994 642 ἄλλα
1021 581 1162 657 ἦσαν
1202 584 1251 638 οἱ
1299 582 1521 652 ἄγγελοι
1570 579 1773 652 κυρίως
1806 577 1933 631 υίοί.

2067 574 2210 631 uulto
2240 574 2411 645 magis
2435 571 2652 644 proprie
2696 584 2808 642 pre
2840 567 3064 640 reliquis
3099 567 3279 638 angeli
3320 576 3479 622 erunt
3507 566 3627 626 lilii.

366 684 431 737 Εί
458 681 515 736 δι
540 681 604 736 τὰ
630 679 812 750 πολλῷ
864 677 1150 748 κρείττονα
1194 674 1377 745 μέτρῳ
1413 670 1616 743 κυρίως
1664 669 1765 723 οὐκ
1802 666 1940 721 εἰσιν

366 773 473 826 uiui
506 771 525 842 (
548 770 722 825 οὐδενὶ
749 770 873 841 γάρ)
892 786 1023 823 ποτε
1062 765 1172 819 τῶν
1195 764 1445 835 ἀγγέλων
1473 758 1651 815 εἰπενο
1684 759 1814 821 Υίός
1838 773 1938 828 μου

366 857 417 914 ei
442 860 581 929 σὺ),
610 860 712 914 οὐκ
735 842 890 912 ἔσται
915 858 1023 928 ἄρα
1045 854 1109 929 τὸ
1149 852 1353 924 κτίσμα
1384 850 1545 906 τοῦτο
1571 850 1665 905 καὶ
1692 848 1940 919 γέννημα

367 924 585 1020 κυρίως.
958 924 970 928 ⁷
1067 924 1076 957 ‘

1051 1052 1258 1108 ΔΛΛΟ.

435 1173 499 1227 Ei
549 1169 754 1242 κτίσμα
814 1168 909 1223 καὶ
962 1168 1211 1238 γέννημα
1243 1164 1436 1219 ταυτὸν
1473 1164 1645 1227 ἑστιν,
1682 1163 1711 1215 6
1743 1159 1945 1225 κτίζων

365 1264 516 1318 ισται
549 1262 642 1316 καὶ
677 1261 889 1331 Πατήρ.
920 1260 983 1313 ΕΞ
1003 1258 1062 1312 δὲ
1094 1256 1266 1323 κτίζει
1306 1259 1337 1311 6
1368 1257 1519 1321 Υἱὸς,
1554 1255 1706 1308 ἔσται
1729 1255 1759 1307 6
1782 1252 1943 1315 αὐτὸς

365 1352 461 1406 καὶ
490 1352 701 1421 Πατήρ.
756 1352 821 1405 Εἰ
882 1350 941 1404 δὲ
1000 1349 1175 1415 τοῦτο,
1223 1347 1376 1402 ἔσται
1430 1346 1641 1418 [ἰατρὸς
1691 1343 1882 1414 Πατὴρ
1914 1344 1943 1397 6

362 1440 644 1511 ἀγένητος,
669 1440 821 1494 οὐδὲν
842 1440 1005 1494 πλέον
1030 1441 1168 1512 ἔχων
1200 1440 1299 1509 τῆς
1326 1437 1448 1497 καθ’
1479 1438 1628 1507 ἡμᾶς
1677 1451 1940 1506 πραγμα-

361 1534 515 1599 τείας
542 1535 601 1586 ὲν
627 1535 696 1603 τῇ
722 1533 916 1587 ἑαυτοῦ
941 1532 1210 1603 θεογονίᾳ,
1237 1532 1397 1603 εῐπερ
1422 1530 1483 1585 τδ
1513 1530 1761 1600 γέννημα
1784 1524 1944 1581 τοῦτο

359 1625 390 1677 6
414 1625 511 1679 καὶ
550 1624 753 1695 κτίσμα
781 1623 1060 1695 τυγχάνει.

1046 1737 1251 1791 ΔΛΛΟ.

430 1853 496 1907 El
517 1852 578 1907 τὸ
599 1851 804 1921 κτίσμα
829 1852 978 1905 ἐστὶν
1003 1849 1220 1921 ἀληθῶς
1248 1850 1343 1905 καὶ
1377 1849 1641 1922 γέννημα,
1691 1849 1943 1921 καθάπερ
1978 1864 1997 1922 .‘

358 1945 389 1997 δ
420 1904 570 2007 ᾖδε,
592 1904 744 1995 ne;
766 1940 873 1994 τῶν
898 1904 1118 1995 τεάντωᾷ
1146 1904 1430 2009 ἀέελφὺςιὸ
1447 1904 1675 2003 Υεὶιξηᾶῠ
1703 1939 1811 2009 μὴν
1831 1904 1946 2005 κό-
1978 1904 2024 1964 Β

361 2052 479 2107 ριος
508 2036 537 2088 6
572 2033 725 2098 Θεός.
784 2034 928 2089 mss
969 2033 1082 2086 ἔστι
1141 2031 1345 2103 Κύριος
1385 2032 1480 2087 καὶ
1514 2031 1667 2095 Θεὸς,
1708 2031 1809 2085 οὐκ
1838 2031 1947 2102 ἄρα

359 2126 609 2195 ἀδελφός.
664 2125 729 2179 El
776 2125 956 2179 τοίνυν
1009 2123 1088 2196 τῷ
1146 2123 1262 2196 Υίῷ
1310 2123 1425 2177 δντι
1473 2126 1749 2194 μονογενεῖ
1792 2122 1947 2176 οὐδὲν

361 2214 470 2269 τῶν
498 2215 668 2269 ὄντων
712 2215 860 2268 έστὶν
910 2213 1161 2283 ἀδελφὸν,
1217 2212 1339 2266 οὐδὲ
1388 2213 1708 2283 γεννήματα
1740 2212 1947 2282 κυρίως

360 2304 471 2358 εἰσὶ
502 2303 570 2358 τὰ
586 2303 771 2368 λοιπὰ,
806 2304 912 2357 είσὶ
958 2303 1015 2356 δὲ
1059 2302 1332 2373 κτίσματα
1386 2303 1625 2375 κυρίως·
1658 2302 1777 2367 πῶς
1835 2303 1945 2373 ἄρα

362 2393 556 2448 ταυτὸν
584 2393 790 2465 κτίσμα
816 2394 911 2448 καὶ
934 2395 1179 2464 γέννημα
1204 2410 1219 2460 ;

1052 2598 1256 2653 ΔΔΛΟ.

434 2714 499 2770 Et
516 2716 578 2769 τδ
599 2715 811 2786 ποίημα
829 2713 979 2767 ἔσται
1013 2712 1108 2766 καὶ
1132 2711 1401 2782 γέννημα,
1422 2712 1453 2764 6
1486 2710 1657 2765 ποιῶν
1681 2709 1834 2766 ἔσται
1853 2710 1949 2764 καὶ

363 2808 664 2879 γεννήτωρ.
700 2805 811 2860 Καὶ
863 2803 1122 2876 προάγων
1168 2803 1266 2873 μὲν
1302 2802 1366 2856 τδ
1414 2804 1523 2856 πᾶν
1566 2802 1627 2867 te
1648 2802 1840 2857 ἑαυτοῦ
1871 2803 1947 2866 ὡς

363 2900 663 2969 γεννήτωρ,
686 2896 885 2965 ἔξωθεν
906 2895 963 2949 δὲ
990 2895 1052 2949 τὸ
1107 2895 1240 2949 αὐτὸ
1273 2894 1441 2949 ¹ποιῶν
1487 2895 1564 2959 ὡς
1592 2893 1946 2965 δημιουργός.

365 2989 427 3042 Εἰ
446 2988 505 3042 δὲ
530 2984 727 3052 ἔξωθεν
766 2985 922 3040 τοῦτο
951 2987 1096 3039 ποιεῖ
1131 2984 1160 3038 6
1187 2985 1281 3038 καὶ
1314 2985 1517 3039 τίκτειν
1547 2982 1609 3050 ἐξ
1632 2982 1828 3039 ἑαυτοῦ
1857 2983 1950 3037 δύο

364 3095 543 3143 ναται,
571 3077 688 3140 ἑνὸς
716 3076 869 3139 ὄντος
916 3074 1018 3146 ἤδη
1046 3070 1142 3127 τοῦ
1179 3072 1266 3126 ἐπ’
1301 3074 1503 3143 ἀμφοῖν
1551 3073 1776 3144 τρόπου,
1832 3073 1951 3137 πῶς

362 3169 426 3222 τὸ
447 3170 506 3221 ιν
532 3168 613 3221 έν).
668 3167 954 3237 πράγματι
1006 3160 1292 3234 συναχὌὲν.
1354 3162 1448 3217 δύο
1503 3164 1847 3235 πραγμάτων
1882 3162 1949 3217 ἂν

2044 663 2103 719 Si
2122 678 2249 719 vero
2300 679 2419 735 qua:
2446 662 2825 733 prestantiora
2860 659 3029 716 multo
3050 667 3196 722 sunt,
3227 672 3331 712 non
3348 667 3475 713 sunt
3528 656 3627 713 filii

2044 756 2267 828 (nemini
2292 756 2437 811 enim
2468 769 2707 826 unquam
2756 752 3071 824 angelorum
3128 749 3269 805 dixit
3304 746 3448 805 Deus
3485 767 3499 803 :
3534 748 3628 805 Fi-

2016 846 2147 902 »lius
2169 861 2324 903 meus
2352 861 2412 902 es
2472 848 2552 917 tu)
2579 862 2593 899 :
2622 861 2728 902 non
2757 845 2866 902 erit
2895 843 3082 913 itaque
3124 850 3377 899 creatura
3406 841 3628 913 proprie

2043 939 2313 1009 genimen.
2966 982 2967 985 η

2716 1048 2947 1106 ALIUD.

2119 1164 2176 1220 Si
2205 1172 2455 1243 creatura
2480 1173 2535 1221 et
2565 1164 2817 1234 genimen
2864 1163 3183 1229 suutidem,
3211 1165 3303 1234 qui
3333 1166 3489 1218 creat
3527 1160 3634 1216 erit

2044 1256 2223 1312 Pater.
2258 1256 2313 1311 Si
2347 1265 2527 1313 autem
2559 1267 2709 1312 creat
2742 1255 2933 1320 Filius.
2964 1256 3073 1313 erit
3100 1257 3216 1326 ipse
3256 1255 3424 1311 etiam
3445 1254 3630 1310 Pater.

2043 1349 2197 1416 Quod
2222 1349 2267 1404 si
2304 1364 2490 1403 verum
2509 1357 2613 1413 est,
2645 1349 2751 1403 erit
2773 1345 2956 1404 Patris
2978 1346 3141 1403 Pater
3177 1346 3474 1415 ingenitus,
3499 1344 3633 1400 nihil

2046 1442 2277 1510 amplius
2309 1441 2514 1495 habens
2544 1456 2705 1509 quam
2746 1455 2846 1496 nos
2880 1440 2933 1495 in
2961 1454 3060 1496 sua
3103 1438 3289 1495 divina
3320 1436 3633 1509 generatio-

2046 1549 2139 1598 ne,
2167 1532 2435 1603 siquidem
2465 1532 2800 1603 genimen'et
2827 1541 3080 1588 creatura
3113 1532 3253 1588 idem
3279 1539 3384 1585 est.

2724 1727 2884 1788 ALIU
2895 1729 2959 1786 D.

2124 1842 2181 1898 Si
2214 1826 2462 1899 creatura
2492 1856 2620 1898 vere
2666 1842 2835 1896 etiam
2896 1850 2984 1897 est
3034 1841 3310 1910 genimen,
3364 1838 3506 1906 sicut
3541 1838 3637 1893 Fi-

2054 1933 2157 1987 lius
2190 1949 2205 1991 ;
2270 1933 2377 1988 erit
2409 1942 2559 1993 certe
2581 1930 2753 1986 Filius
2774 1931 3019 1986 omnium
3071 1930 3264 1996 frater,
3305 1930 3417 1983 nnn'
3454 1938 3637 1984 autem

2056 2024 2314 2079 Dominus
2348 2024 2508 2078 Deus.
2541 2022 2596 2077 Si
2630 2039 2762 2079 vero
2792 2032 2876 2078 est
2921 2022 3181 2079 Dominus
3214 2031 3270 2076 et
3304 2020 3467 2085 Deus,
3532 2034 3639 2075 non

2054 2115 2218 2184 igitur
2243 2114 2429 2169 frater.
2468 2113 2525 2169 Si
2549 2130 2681 2185 ergo
2722 2114 2884 2177 Filio,
2913 2128 3037 2169 cum
3091 2113 3165 2169 sit
3199 2110 3641 2183 unigenit'us,ni-

2054 2206 2128 2261 hil
2155 2221 2220 2261 ex
2262 2204 2329 2260 iis
2363 2220 2485 2276 qua
2520 2206 2794 2261 exsistunt
2834 2203 3008 2274 possit
3065 2202 3176 2258 dici
3224 2202 3414 2265 frater,
3453 2198 3640 2271 profe-

2053 2311 2143 2356 cto
2175 2301 2399 2371 reliqua.
2419 2302 2689 2370 genimina
2716 2301 2933 2371 proprie
2953 2314 3061 2355 non
3086 2306 3269 2360 erunt,
3292 2298 3390 2353 sed
3419 2296 3641 2367 proprie

2052 2398 2337 2446 creatura.
2372 2389 2658 2456 Quomodo
2681 2404 2813 2461 ergo
2845 2389 2985 2445 idem
3026 2388 3138 2445 sint
3182 2396 3433 2444 creatura
3464 2392 3520 2441 et
3550 2397 3642 2454 ge-

2056 2482 2107 2535 ni
2118 2497 2233 2537 men
2248 2481 2271 2535 Υ

2720 2588 2953 2646 ALIUD.

2126 2708 2185 2764 Si
2221 2723 2357 2778 opus
2386 2715 2440 2763 et
2466 2706 2720 2780 genimen
2775 2714 2905 2762 sunt
2947 2704 3115 2768 idem,
3172 2700 3355 2772 opifex
3398 2700 3563 2757 etiam
3593 2707 3649 2755 et

2054 2803 2268 2875 genitor
2301 2802 2443 2857 idem
2470 2807 2652 2855 erunt.
2684 2797 2751 2853 Et
2778 2797 3090 2869 producens
3119 2795 3342 2866 quidem
3366 2793 3554 2850 omnia
3578 2806 3646 2849 ex

2055 2908 2114 2949 se
2150 2899 2210 2947 ut
2243 2892 2493 2963 genitor,
2527 2889 2868 2945 extrinsecus
2893 2898 3023 2943 vero
3051 2886 3155 2942 hoc
3177 2883 3384 2941 faciens
3416 2894 3647 2940 nterea-

2056 2993 2161 3039 tor.
2187 2984 2245 3039 Si
2278 2990 2405 3039 vero
2440 2981 2783 3038 extrinsecus
2808 2979 2950 3034 idem
2980 2978 3133 3042 facit,
3172 2979 3315 3048 quod
3341 2984 3397 3033 et
3423 2978 3648 3048 gignere

2055 3089 2123 3131 ex
2150 3089 2210 3131 se
2226 3083 2424 3146 potest,
2450 3088 2573 3129 cum
2610 3087 2715 3127 una
2751 3072 3051 3140 eademque
3077 3071 3150 3125 sit
3176 3070 3231 3124 in
3288 3078 3521 3138 utroque
3566 3084 3649 3123 ra-

2058 3167 2156 3231 tio,
2185 3165 2459 3236 quomodo
2487 3163 2632 3235 quod
2664 3165 2719 3218 in
2750 3176 2914 3217 unam
2944 3176 3058 3216 rem
3083 3148 3344 3216 collatum
3377 3168 3482 3224 est,
3519 3162 3648 3214 daa-

366 3259 480 3330 ιχοι
510 3257 900 3329 προσηγορίας,
936 3256 985 3309 εί
1037 3255 1112 3327 μὴ
1136 3256 1247 3327 ἄρα
1278 3254 1483 3323 θατέρα
1534 3253 1716 3310 αὐτῶν
1738 3254 1826 3326 εἴη
1868 3254 1950 3307 δι-

2067 3272 2176 3312 rum
2205 3272 2387 3314 rerum
2417 3256 2836 3327 appellationem
2895 3253 3115 3321 habeat,
3150 3252 3255 3308 nisi
3318 3251 3647 3308 alterutrum

365 3347 675 3419 ιψιυσμένη
696 3364 712 3412 ς

1061 3459 1265 3514 ΔΔΛΟ.

440 3572 588 3626 Είτὺ
632 3571 837 3641 κτίσμα
879 3569 1039 3624 τοῦτο
1090 3571 1183 3623 καὶ
1219 3569 1486 3642 γέννημα,
1530 3571 1737 3644 κτίσμα
1760 3573 1838 3635 δὲ,
1878 3571 1955 3636 ὥς

370 3679 529 3734 φασι,
569 3662 633 3715 τὺ
681 3661 923 3733 Πνεῦμα,
948 3661 1104 3733 δῆλον
1133 3662 1216 3715 ὅτι
1278 3664 1371 3716 καὶ
1424 3662 1696 3734 γέννημα.
1737 3663 1875 3717 Ἀλλ’
1908 3666 1957 3719 εί

373 3753 474 3822 μὲν
525 3750 737 3822 Πατρδς
759 3791 773 3812 ,
831 3749 1014 3804 οὐκέτι
1048 3750 1342 3823 μονογενὴς
1380 3753 1409 3805 6
1440 3752 1585 3815 Υἱός.
1610 3752 1674 3807 Εἰ
1693 3752 1751 3806 δὲ
1781 3753 1915 3807 Υίοῢ
1939 3793 1955 3818 ,

371 3839 525 3891 ἔσται
566 3837 695 3902 Υἱὸς
716 3837 870 3904 Υίοῦ,
901 3839 1056 3909 εῖπιρ
1076 3839 1138 3892 τὸ
1167 3839 1370 3911 κτίσμα
1419 3840 1577 3896 τοῦτο
1597 3840 1693 3896 καὶ
1713 3842 1963 3914 γέννημα

369 3928 647 4001 τυγχάνει.

384 4153 507 4207 Ὀτι
530 4150 617 4221 μὴ
649 4150 728 4214 τῷ
765 4150 982 4211 κτίζειν
1014 4151 1351 4277 τὸΘιὲ-εζνᾷν
1388 4155 1609 4209 ταυτόν
1646 4156 1820 4209 ἐστιν
1849 4153 1952 4209 ἐπὶ

1163 4239 1255 4277 ου.

1163 4239 1255 4277 ου.

447 4334 511 4388 El
536 4334 595 4388 τὸ
619 4337 812 4406 γεννᾷν
840 4334 933 4389 καὶ
953 4335 1012 4389 τὸ
1040 4338 1213 4388 ποιεῖν
1253 4337 1450 4391 ταυτόν
1469 4338 1583 4392 ἐστι
1626 4339 1778 4410 παρὰ
1809 4338 1955 4408 Θεῷ,

374 4426 544 4497 γεννᾷ
566 4425 623 4479 δὲ
653 4426 743 4479 τὸν
770 4426 896 4479 Υίδν
926 4426 1315 4496 ἀμεσιτεύτως,
1357 4427 1519 4497 δῆλον
1541 4428 1622 4481 ὅτι
1653 4428 1745 4482 καὶ
1776 4430 1956 4483 πάντα

374 4517 544 4588 γεννᾷ
574 4515 607 4585 ἢ
636 4518 779 4569 ποιεί
802 4516 1191 4581 ἀμεσιτεύτως.
1231 4516 1291 4570 Εἰ
1312 4517 1368 4569 δὲ
1417 4520 1580 4589 γεννᾷ
1622 4518 1721 4588 μὲν
1756 4520 1819 4572 οὐ
1868 4519 1958 4573 διά

2064 3364 2250 3406 eorum
2276 3350 2350 3405 sit
2386 3348 2615 3406 falsum?

2731 3458 2968 3517 ALIUD.

2135 3577 2191 3631 Si
2222 3584 2472 3632 creatura
2497 3583 2553 3631 et
2578 3574 2832 3647 genimen
2863 3573 3007 3628 idem
3040 3580 3191 3639 sunt,
3240 3579 3494 3628 creatura
3547 3585 3648 3636 au-

2063 3679 2169 3725 tem
2204 3677 2311 3735 est,
2334 3678 2395 3725 ut
2425 3668 2577 3723 aiunt
2603 3668 2703 3734 illi,
2740 3664 2980 3736 Spiritus
3007 3672 3256 3731 sanctus,
3289 3672 3441 3721 certe
3469 3672 3524 3720 et
3551 3678 3649 3735 ge-

2060 3762 2243 3818 nimen
2278 3762 2407 3816 erit.
2436 3760 2598 3830 Atqui
2642 3759 2687 3813 si
2715 3759 2896 3815 Patris
2930 3758 3183 3828 genimen
3234 3764 3339 3823 est,
3370 3755 3481 3825 iam
3542 3771 3651 3812 non

2059 3850 2164 3907 erit
2224 3851 2529 3921 unigenitus
2597 3848 2770 3906 Filius
2827 3865 2843 3902 :
2888 3849 2936 3905 si
2985 3862 3116 3905 vero
3163 3847 3329 3913 Filii,
3383 3846 3491 3903 erit
3568 3843 3655 3901 Fi-

2060 3941 2166 3997 lius
2237 3941 2384 4009 Filii,
2440 3942 2711 4014 siquidem
2762 3950 3014 3997 creatura
3070 3948 3128 3997 et
3205 3938 3459 4012 genimen
3507 3937 3648 3995 idem

2060 4041 2207 4088 sunt.

2170 4166 2323 4233 Quod
2346 4182 2524 4222 creare
2544 4178 2592 4222 et
2615 4168 2825 4239 gignere
2842 4185 2949 4223 non
2982 4177 3107 4223 sunt
3130 4167 3273 4224 idem
3321 4167 3380 4222 in
3402 4165 3542 4223 Deo.

2132 4342 2189 4398 Si
2222 4343 2443 4414 gignere
2466 4352 2522 4398 et
2555 4357 2743 4398 creare
2766 4344 2907 4399 idem
2937 4352 3018 4399 est
3048 4343 3101 4398 in
3131 4342 3264 4411 Deo,
3292 4352 3525 4415 generat
3550 4358 3650 4411 an-

2065 4442 2169 4488 tem
2198 4433 2392 4489 Filium
2441 4434 2757 4490 immediate
2810 4449 2907 4504 per
2934 4450 2996 4490 se
3022 4451 3038 4491 :
3070 4444 3221 4491 certe
3249 4434 3414 4491 etiam
3466 4436 3651 4492 omnia

2064 4523 2378 4578 immediate
2397 4538 2494 4593 per
2519 4537 2578 4578 se
2608 4532 2835 4594 generat
2860 4523 2943 4578 vel
2976 4523 3127 4577 facit.
3177 4521 3235 4578 Si
3268 4533 3450 4578 autem
3483 4539 3649 4595 gene-

372 4624 542 4671 τινος,
591 4606 772 4660 οὐκέτι
826 4607 882 4659 δὲ
922 4608 1015 4660 καὶ
1054 4607 1125 4660 τὰ
1178 4609 1354 4662 πάντα
1391 4612 1535 4662 ποιεῖ
1556 4609 1951 4679 ἀμεσιτεύτως,

2069 4623 2151 4667 rat
2182 4629 2286 4668 non
2318 4613 2699 4683 peraliquem,
2734 4623 2787 4667 at
2818 4629 2927 4668 non
2951 4614 3134 4675 omnia
3161 4605 3295 4669 facit
3340 4614 3653 4670 immediate

376 4698 493 4760 πῶς
521 4697 583 4751 τὸ
607 4699 800 4768 γεννᾷν
834 4698 1026 4751 ταυτόν
1086 4700 1201 4752 ἐστι
1254 4697 1332 4769 τῷ
1374 4701 1545 4752 ποιεῖν
1596 4701 1748 4771 παρὰ
1800 4700 1955 4772 θεῷἷ

374 4787 605 4844 Ποιεϊδὲ
634 4791 873 4859 σεισμὸν,
922 4788 1128 4860 λοιμὸν,
1161 4790 1565 4861 κατακλυσμὸν,
1600 4793 1774 4848 ταῦτα
1804 4794 1958 4848 ἔσται

374 4879 583 4947 γεννῶν
610 4880 829 4945 ἂποιεῖ,
864 4882 1021 4953 εῐπερ
1071 4882 1150 4953 τῷ
1180 4884 1353 4937 ποιεῖν
1394 4883 1454 4936 τὸ
1509 4885 1704 4956 γεννᾷν
1754 4888 1954 4941 ταυτόν

372 4971 493 5024 ἐστι
519 4970 651 5043 παρ’
679 4971 846 5042 αὐτῷ.

1070 5083 1269 5136 ΔΛΛΟ.

446 5197 511 5250 EI
544 5195 667 5250 ὅθεν
706 5198 869 5266 γεννᾷ
919 5196 1086 5260 Θεὸς,
1144 5197 1353 5251 ἐκεῖθεν
1406 5200 1497 5253 καὶ
1542 5200 1748 5266 κτίζει,
1802 5203 1957 5257 οὐδὲν

374 5286 615 5359 ἀράχνου
634 5287 843 5353 διοίσει,
876 5289 995 5343 κατ’
1022 5289 1235 5353 αὐτοῦς,
1264 5290 1356 5344 τοῦ
1384 5293 1444 5344 τὸ
1474 5292 1679 5356 κτίζειν
1718 5297 1869 5365 παρὰ
1898 5298 1957 5351 τὸ

378 5380 573 5449 γεννᾷν
602 5381 701 5433 οὐκ
724 5379 899 5444 άλλως
926 5380 1157 5451 ἔχοντος.
1194 5382 1333 5435 Ἀλλ’
1357 5375 1512 5447 οὗτος
1554 5385 1654 5454 μὲν
1677 5385 1826 5458 νόμῳ
1858 5388 1959 5457 φύ-

374 5486 514 5533 σεως
543 5469 829 5539 ἀγόμενος,
859 5471 982 5525 ὅθεν
1010 5474 1191 5542 γεννᾷ.
1224 5474 1431 5527 ἐκεῖθεν
1474 5477 1566 5530 καὶ
1599 5476 1794 5541 κτίζει,
1820 5478 1957 5543 Θεὸς

367 5557 451 5624 δέ,
469 5559 568 5612 οὐκ
586 5557 661 5611 ὣν
684 5560 790 5612 ὑπὸ
812 5560 992 5629 φύσιν,
1017 5561 1093 5625 ὡς
1121 5562 1333 5634 ἀνάγκῃ
1356 5564 1569 5633 φύσεως
1599 5568 1956 5638 ὑποκείμενος

380 5650 508 5721 παρ’
532 5649 712 5705 αὐτῶν
742 5652 1087 5722 ἀτιμάζεται.

1060 5766 1266 5820 AAAO.

444 5873 509 5930 Εί
537 5875 659 5929 ἐπεὶ
687 5874 979 5933 ἀσύνθετον
1012 5879 1067 5933 τὸ
1096 5880 1270 5947 Θεῖον,
1300 5881 1555 5949 ὡσαύτω,
1588 5883 1700 5950 ἔχει
1729 5884 1806 5951 τῷ
1831 5900 1953 5950 γεν-

2063 4720 2157 4775 per
2192 4718 2272 4767 se,
2328 4697 2600 4773 quomodo
2642 4705 2784 4759 idem
2820 4706 2924 4759 erit
2962 4718 3226 4773 generare
3264 4714 3321 4759 et
3372 4704 3556 4760 facere
3597 4706 3651 4760 in

2067 4795 2217 4850 Deo?
2242 4794 2397 4849 Facit
2425 4809 2556 4850 vero
2590 4804 2752 4851 terra:
2803 4804 3033 4859 motum.
3068 4803 3300 4864 pestem,
3331 4794 3598 4849 diluvium
3633 4812 3648 4850 :

2064 4901 2194 4954 ergo
2221 4896 2277 4941 et
2306 4894 2535 4957 generat
2568 4901 2687 4955 ane
2710 4885 2860 4952 facit,
2892 4888 2939 4941 si
2977 4887 3138 4942 modo
3158 4884 3424 4959 generare
3481 4896 3537 4943 et
3568 4886 3649 4942 fa-

2064 4992 2188 5033 cere
2220 4977 2362 5034 idem
2393 4980 2447 5033 in
2475 4978 2594 5049 ipso
2613 4987 2717 5034 est.

2628 5090 2789 5164 ια
2844 5088 3077 5147 ALIUD.

2132 5205 2187 5259 Si
2219 5205 2361 5260 unde
2376 5215 2605 5274 generat
2648 5207 2813 5271 Deus,
2847 5206 2971 5261 inde
2997 5204 3161 5260 etiam
3183 5212 3358 5270 creat,
3394 5205 3529 5260 nihil
3583 5206 3654 5260 ab

2066 5308 2266 5348 araneo
2290 5292 2524 5361 differet,
2548 5295 2705 5365 juxta
2739 5295 2878 5361 illos,
2912 5294 3001 5363 qui
3039 5310 3144 5350 non
3169 5294 3275 5348 alia
3310 5295 3523 5349 ratione
3554 5308 3652 5362 ge-

2064 5393 2242 5452 nerat,
2265 5401 2423 5455 quam
2453 5385 2601 5440 facit.
2635 5386 2739 5440 Sed
2769 5386 2857 5440 hic
2890 5386 3107 5455 quidem
3136 5386 3254 5455 lege
3277 5396 3482 5441 naturae
3543 5386 3649 5440 du-

2066 5484 2207 5539 ctus,
2233 5476 2374 5530 unde
2404 5484 2649 5545 generat,
2675 5476 2801 5530 inde
2827 5484 2880 5530 et
2899 5485 3067 5531 creat.
3126 5474 3269 5531 Deus
3318 5486 3499 5530 autem
3527 5489 3653 5529 eum

2068 5581 2174 5622 non
2206 5567 2276 5621 sit
2313 5578 2523 5621 natura:
2554 5566 2850 5635 subjectus,
2893 5577 3152 5637 tanquam
3202 5574 3409 5622 naturae
3444 5565 3656 5636 legibus

2062 5658 2308 5715 subditus
2337 5655 2407 5711 ab
2433 5658 2562 5730 ipsis
2588 5658 2975 5714 contemnitur.

2744 5769 2975 5827 ALIUD.

2143 5880 2200 5937 Si
2229 5883 2484 5952 quoniam
2530 5884 2797 5945 Divinitas
2840 5886 3141 5953 composita
3186 5901 3295 5943 non
3327 5894 3431 5951 est.
3461 5888 3651 5944 eadem
