4024 6462
452 414 547 472 811

1471 419 1529 476 8.
1572 418 1847 476 CYRILLI
1884 412 2349 474 ALEXANDle
2387 416 2700 473 ARCHIEP.

3575 410 3674 467 3ίί

457 527 667 583 ratione
695 535 931 599 generat,
987 542 1093 599 qua
1148 533 1555 588 creat:eadcm
1594 534 1757 589 etiam
1806 533 2009 588 ratione

2124 532 2209 601 νᾷν
2230 533 2291 585 τδ
2328 534 2499 584 ποιεῖν
2523 571 2537 592 ,
2582 529 2840 591 ὡσαύτως
2896 528 3005 593 ἕξει
3050 530 3142 582 καὶ
3180 528 3240 581 τὸ
3278 526 3672 597 προγινώσκειν

455 629 887 690 ρηηοεεειηιυε
921 619 1107 687 faciet,
1136 622 1465 701 ugnimirum
1488 624 1647 678 etiam
1674 624 1775 678 hac
1802 622 2008 677 ratione

2124 621 2189 691 τῷ
2224 624 2527 701 ποιεῖν,“ῖνα
2553 623 2645 675 καὶ
2670 622 2839 693 ταύτῃ
2866 617 2898 693 ᾖ
2941 620 3248 674 ἀσύνθετον.
3293 620 3354 672 EI
3403 619 3460 670 δὲ
3486 618 3667 681 τοῦτο,

452 708 648 763 sitnon
680 709 997 778 composita.
1024 708 1235 777 Quodsi
1262 713 1334 766 ita
1361 720 1462 778 est,
1490 714 1587 768 erit
1605 714 1824 767 o'mnino
1847 711 2008 767 etiam

458 797 661 852 faciens
720 800 859 853 mala
909 814 1029 867 qua
1082 801 1388 869 pranoscit.
1416 803 1460 856 si
1505 804 1662 858 modo
1692 803 1830 857 idem
1884 811 2012 856 sunt

458 886 571 941 hzc
620 888 673 941 in
713 888 848 956 ipso,
898 890 1036 958 quod
1075 890 1287 958 quidem
1329 898 1412 945 est
1441 905 1542 945 non
1580 904 1701 947 esse
1748 890 2010 961 composi-

458 987 593 1030 tum.

1116 1088 1348 1146 ALIUD.

528 1192 587 1249 Si
613 1192 753 1251 Deus
776 1198 960 1252 eadem
989 1200 1195 1255 ratione
1210 1208 1431 1270 generat
1451 1211 1505 1255 et
1534 1210 1701 1268 creat,
1730 1201 1852 1270 quia
1873 1214 2014 1255 com-

458 1283 665 1352 positus
693 1298 799 1339 non
831 1294 911 1341 est
940 1306 955 1341 :
1008 1288 1191 1343 videre
1214 1297 1268 1344 et
1293 1303 1548 1358 generare
1576 1289 1716 1345 idem
1762 1289 1924 1343 etiam
1959 1288 2014 1343 in

462 1376 577 1445 ipso
606 1375 789 1445 fuerit,
823 1387 882 1432 ut
909 1378 963 1433 in
982 1380 1287 1437 universum
1319 1397 1424 1436 non
1448 1382 1518 1437 sit
1568 1382 1919 1452 compositus.
1956 1379 2013 1435 Si

458 1479 588 1521 vero
651 1468 765 1523 hac
830 1483 934 1525 non
986 1480 1111 1527 sunt
1163 1472 1219 1527 in
1266 1487 1332 1529 eo
1377 1472 1731 1528 iudill'erentia
1763 1513 1779 1536 ,
1857 1482 2018 1541 atque

458 1555 647 1610 eadem
693 1558 888 1628 (neque
926 1559 1068 1615 enim
1130 1564 1272 1631 quod
1334 1563 1499 1628 videt,
1542 1563 1647 1618 hoc
1695 1572 1750 1618 et
1774 1561 2016 1631 generat)

461 1644 776 1713 simplicitas
822 1646 938 1716 ejus
996 1664 1100 1705 non
1156 1649 1367 1706 luditur
1403 1668 1415 1703 :
1452 1666 1520 1706 ne
1546 1651 1599 1707 id
1632 1650 1845 1721 quidem
1876 1653 2016 1720 quod

462 1734 618 1789 aliter
666 1748 907 1807 generet,
954 1739 1111 1796 aliter
1164 1751 1329 1807 creet,
1380 1741 1573 1796 elliciet
1629 1752 1684 1796 ut
1740 1743 1811 1797 sit
1860 1756 2013 1799 com-

459 1826 685 1895 positus.

1121 1941 1350 2001 ALIUD.

532 2050 589 2105 Si
615 2052 885 2121 inquibus
914 2069 1173 2125 generare
1201 2068 1255 2113 et
1302 2071 1489 2113 creare
1546 2057 1757 2112 diversa
1782 2067 1930 2124 sunt,
1982 2059 2020 2113 ii

458 2154 720 2212 generant
745 2160 811 2200 ex
843 2146 1055 2216 seipsis,
1107 2158 1293 2213 creant
1345 2164 1473 2205 vero
1520 2151 1898 2207 extrinsecus:
1967 2151 2019 2205 i'n

454 2233 655 2301 quibus
678 2248 802 2289 vero
825 2249 1084 2305 generare
1109 2244 1164 2293 et
1183 2252 1373 2294 creare
1402 2236 1543 2293 idem
1565 2248 1667 2304 est,
1692 2241 1743 2294 in
1770 2241 1836 2295 iis
1864 2256 1989 2296 crea
2006 2269 2021 2281 -

458 2339 520 2381 re
548 2325 884 2381 extrinsecus
916 2341 1020 2382 non
1067 2329 1300 2393 exsistit,
1344 2330 1793 2398 quemadmodum
1848 2338 2053 2399 neqne‘

454 2428 526 2468 ex
560 2428 681 2469 sese
713 2429 992 2483 generare.
1026 2418 1084 2473 Si
1144 2434 1274 2473 vero
1332 2420 1665 2475 extrinsecus
1701 2429 1906 2475 tantum
1943 2421 2016 2475 illi

454 2504 779 2570 concedunt,
804 2507 944 2575 quod
976 2508 1191 2577 quidem
1223 2518 1307 2565 est
1327 2508 1526 2574 facere,
1573 2523 1836 2579 generare
1894 2524 2021 2564 vero

458 2604 563 2645 non
593 2590 720 2646 item
756 2610 767 2645 :
797 2594 1077 2663 adeptione
1110 2596 1213 2650 erit
1242 2604 1414 2665 pater.
1446 2597 1536 2664 qui
1572 2598 1837 2653 naturalis
1860 2612 2016 2653 crea—

458 2690 544 2737 tor
570 2691 671 2737 est.

1121 2797 1350 2855 ALIUD.

530 2904 587 2959 Si
620 2918 877 2975 generare
932 2916 987 2961 et
1037 2921 1223 2964 creare
1269 2910 1321 2964 in
1378 2909 1508 2974 Deo,
1538 2910 1665 2980 quia
1690 2911 2021 2981 compositus

458 3007 567 3047 non
592 3004 696 3058 est,
735 2995 874 3049 idem
904 3006 1051 3061 sunt,
1079 3013 1183 3052 non
1214 3007 1391 3053 autem
1415 3000 1576 3053 etiam
1605 3000 1659 3054 in
1694 3002 1869 3067 nobis,
1894 3001 2022 3070 quia

461 3084 593 3141 tales
619 3101 724 3141 non
749 3101 933 3142 sumus
968 3104 980 3138 :
1018 3089 1157 3144 idem
1174 3091 1277 3145 erit
1306 3090 1359 3144 in
1379 3089 1469 3143 illo
1488 3105 1824 3159 pmnoscere
1850 3102 1904 3147 et
1930 3105 2020 3160 ge-

2113 711 2263 763 Ισται
2294 696 2457 765 ποιῶν
2474 711 2510 764 ἀ
2546 711 2901 782 προγινώσκει
2924 710 3089 771 κακὰ.
3112 711 3269 779 ειπερ
3292 709 3486 762 ταυτὸν
3504 706 3673 760 ταῦτα

2113 806 2242 874 παρ’
2277 803 2441 873 αὐτῷ,
2473 806 2553 857 ὅτι
2580 804 2643 875 δὴ
2671 806 2763 856 καὶ
2789 802 3096 857 ἀσύνθετον.

2790 1085 2993 1138 MAG.

2187 1195 2248 1248 Ei
2280 1195 2338 1248 τὸ
2370 1197 2561 1265 γεννᾷν
2597 1194 2694 1249 καὶ
2735 1196 2801 1249 τὸ
2828 1196 3030 1258 κτίζειν
3073 1193 3335 1255 ὡσαύτως
3368 1191 3482 1263 ἔχει
3508 1192 3676 1255 Θεὸς,

2116 1286 2300 1356 ἐπειδὴ
2326 1286 2633 1349 ἀσύνθετος,
2661 1287 2750 1339 καὶ
2774 1287 2835 1339 τὸ
2853 1288 2987 1355 ὁρᾷν
3041 1284 3119 1355 τῷ
3150 1286 3344 1355 γεννᾷν
3376 1284 3570 1338 ταυτὸν
3612 1284 3676 1338 ἀν

2116 1377 2199 1448 εῖη
2228 1380 2356 1449 παρ’
2385 1378 2557 1447 αὐτῷ,
2606 1378 2691 1430 ἶνα
2741 1378 2915 1448 πάντη
2940 1379 2998 1430 ὲν
3034 1376 3181 1447 αὐτῷ
3200 1379 3264 1431 ,τὸ
3291 1376 3583 1430 ἀσύνθετον

2117 1471 2179 1524 El
2214 1471 2270 1523 δι
2296 1470 2369 1541 μὴ
2396 1470 2523 1524 ὃντα
2551 1472 2678 1540 παρ’
2711 1469 2858 1540 αὐτῷ
2922 1468 3091 1523 ταῦτα
3137 1468 3407 1539 ἀδιάφορα
3447 1467 3529 1537 (οὐ
3571 1468 3681 1538 γάρ

2117 1562 2251 1633 ὅπερ
2280 1564 2399 1632 ὁρᾷ,
2428 1562 2586 1615 τοῦτο
2614 1563 2828 1626 πάντως
2854 1563 2948 1614 καὶ
2976 1560 3194 1630 τίκτει),
3211 1560 3272 1615 τὸ
3300 1560 3501 1614 ἁπλοῦν
3520 1558 3680 1613 αὑτοῦ

2117 1652 2177 1705 οὐ
2216 1652 2554 1723 λυμαίνεται.
2572 1654 2690 1707 οὐδὲ
2716 1654 2775 1708 τὸ
2793 1654 2987 1723 γεννᾷν
3016 1652 3255 1722 δηλονότι
3290 1650 3451 1704 αὑτὸν
3480 1651 3683 1721 ἑτέρως

2118 1746 2212 1799 καὶ
2262 1746 2463 1810 κτίζειν
2516 1745 2708 1811 ἄλλως,
2765 1745 3017 1816 στέρησιν
3062 1742 3207 1812 αὐτῷ
3245 1741 3340 1795 τοῦ
3390 1740 3683 1815 ἀσυνθέτου

2044 1853 2092 1913 Β
2120 1836 2427 1906 ιργάζεται.

2798 1944 3004 1997 ΔΛΛΟ.

2192 2060 2253 2112 Ei
2288 2060 2413 2129 παρ’
2447 2053 2528 2121 οἷς
2579 2057 2673 2110 τοῦ
2724 2057 2915 2125 γεννᾷν
2952 2055 3013 2107 τὸ
3072 2052 3274 2116 κτίζειν
3303 2051 3510 2121 ἓτερον,
3540 2050 3689 2118 παρά

2119 2150 2326 2212 τούτοις
2349 2149 2411 2201 τὸ
2438 2148 2497 2211 ἐξ
2525 2145 2732 2200 ἑαυτῶν
2750 2146 2964 2216 γεννᾷν,
2991 2142 3189 2207 ἔξωθεν
3208 2141 3263 2194 δὲ
3295 2140 3498 2205 κτίζειν
3521 2138 3688 2210 ὑπάρ-

2121 2257 2225 2310 χει,
2253 2238 2379 2309 παρ’
2411 2230 2455 2305 ᾧ
2482 2237 2538 2290 δὲ
2568 2236 2629 2289 τὸ
2647 2237 2840 2305 γεννᾷν
2859 2235 2938 2303 τῷ
2970 2232 3172 2297 κτίζειν
3210 2232 3426 2295 ταυτὸν,
3456 2231 3518 2283 τὸ
3560 2230 3689 2296 ἔξω·

2121 2330 2212 2382 θεν
2245 2328 2446 2391 κτίζειν
2467 2328 2564 2395 οὺχ
2588 2326 2840 2395 ὑπάρχει,
2893 2322 2968 2387 ὡς
2995 2322 3115 2376 οὐδὲ
3143 2322 3205 2374 τὸ
3225 2320 3437 2373 οἴκοθεν
3471 2320 3687 2389 γεννᾷν.

2120 2420 2183 2472 Ei
2213 2420 2269 2471 δὲ
2294 2420 2353 2471 τὸ
2387 2418 2585 2480 εξωθεν
2609 2417 2764 2485 μόνον
2798 2415 2945 2485 αὐτῷ
2972 2412 3363 2484 συγχωροῦσιν,
3392 2412 3421 2465 ὅ
3450 2414 3565 2464 ἐστι
3592 2410 3692 2482 μιν

2122 2514 2315 2575 ποιεῖν,
2349 2510 2542 2580 γεννᾷν
2574 2508 2630 2560 δι
2661 2508 2719 2559 ού
2747 2507 2983 2571 θέλουσι,
3041 2505 3186 2558 θέσει
3230 2504 3382 2557 ἔσται
3433 2503 3617 2573 πατὴρ
3662 2501 3693 2554 ἀ

2124 2601 2264 2655 κατά
2287 2601 2445 2669 φύσιν
2475 2598 2823 2668 δημιουργός.

2786 2792 2986 2844 AAAO.

2192 2910 2255 2961 Ei
2307 2907 2366 2959 τὸ
2408 2906 2599 2974 γεννᾷν
2651 2903 2744 2955 καὶ
2777 2902 2839 2954 τὸ
2884 2898 3089 2963 κτίζειν
3129 2896 3279 2967 παρά
3311 2895 3452 2966 Θεῷ,
3506 2892 3691 2964 ἐπειδὴ

2126 2998 2435 3063 ἀσύνθετος,
2459 2995 2651 3049 ταυτόν
2681 2994 2849 3055 ἐστιν,
2879 2992 3062 3066 οὐκέτι
3114 2989 3171 3043 δὲ
3221 2989 3315 3043 καὶ
3348 2988 3479 3057 παρ’
3526 2988 3691 3056 ἡμῖν,

2124 3092 2246 3146 ἐπεὶ
2282 3090 2355 3160 μὴ
2381 3087 2631 3151 τοιοῦτοι,
2654 3085 2805 3138 ἔσται
2824 3083 3018 3137 ταυτὸν
3053 3082 3178 3151 παρ’
3197 3080 3344 3149 αὐτῷ
3361 3078 3422 3132 τὸ
3450 3078 3694 3148 προνοεῖν

460 3190 672 3231 nerare.
691 3175 807 3231 Non
829 3177 973 3231 enim
1000 3177 1102 3233 hoc
1138 3179 1189 3232 in
1215 3179 1369 3233 nobis
1394 3179 1534 3233 idem
1566 3190 1668 3246 est,
1703 3182 1827 3250 quia
1867 3194 2009 3235 com-

2124 3184 2199 3255 τῷ
2227 3180 2534 3253 nmmos
2559 3178 2667 3249 γάρ
2684 3176 2851 3231 ταυτὸ
2879 3173 3038 3228 τοῦτο
3062 3174 3189 3243 παρ’
3211 3174 3363 3243 ἡμῖν,
3394 3172 3477 3224 δτι
3508 3168 3695 3222 σύνθεο

462 3263 620 3332 positi
643 3278 849 3318 sumus.
874 3263 932 3317 Si
967 3279 1095 3319 vero
1115 3267 1340 3333 simplex
1371 3268 1517 3321 illius
1543 3275 1734 3321 natura
1773 3274 1825 3319 et
1872 3280 2018 3319 com-

463 3353 744 3419 positionis
770 3368 981 3423 expers,
1039 3368 1159 3409 eam
1212 3369 1330 3423 qua:
1357 3356 1409 3409 in
1436 3356 1590 3410 nobis
1623 3363 1725 3420 est,
1764 3353 2019 3409 diﬂ'eren-

464 3444 614 3509 tiam,
651 3458 755 3498 non
789 3444 1057 3498 diversam
1090 3445 1157 3498 ab
1189 3459 1254 3499 eo
1300 3460 1419 3500 esse
1441 3446 1615 3513 coegit
1642 3463 1654 3497 :
1684 3460 1750 3499 ne
1777 3444 1878 3499 hoc
1911 3444 2022 3513 qui-

463 3533 583 3587 dem
610 3532 753 3601 quod
780 3533 938 3588 aliter
966 3540 1207 3600 generet,
1245 3533 1405 3589 aliter
1429 3546 1598 3601 creet,
1636 3533 1829 3589 eiiiciet
1860 3542 1917 3587 ut
1949 3533 2022 3588 sit

463 3626 811 3695 compositus.

1134 3735 1353 3794 ALIUD.

536 3848 591 3902 Si
638 3863 890 3916 generare
928 3849 1066 3903 idem
1099 3860 1181 3904 est
1204 3852 1349 3919 quod
1374 3864 1581 3915 creare,
1630 3865 1896 3919 generans
1921 3853 2023 3907 erit

464 3952 653 3993 creatis
679 3938 729 3991 id
788 3939 927 4008 quod
984 3950 1299 4008 generatum
1364 3950 1465 4011 est,
1531 3950 1584 3994 et
1643 3951 1909 4009 generans
1971 3943 2021 3996 id

464 4029 605 4098 quod
628 4038 865 4083 creatum
897 4038 996 4085 est.
1020 4031 1090 4084 At
1122 4044 1248 4083 vero
1306 4019 1483 4083 facere
1534 4031 1647 4084 sive
1690 4046 1878 4087 creare
1935 4044 2021 4087 est

466 4120 812 4187 operationis,
870 4136 1130 4189 generare
1160 4136 1285 4175 vero
1314 4129 1533 4175 naturae.
1568 4121 1769 4175 Natura
1841 4133 2019 4179 autem

464 4220 520 4263 ct
548 4211 784 4279 operatio
804 4227 908 4265 non
932 4220 1053 4267 sunt
1083 4211 1221 4267 idem
1247 4227 1263 4266 :
1290 4227 1546 4282 generare
1568 4212 1731 4283 igitur
1751 4223 1803 4269 et
1836 4229 2021 4270 creare

467 4314 568 4355 non
600 4308 721 4354 sunt
755 4302 915 4357 idem.

1123 4410 1350 4470 ALIUD.

2126 3293 2225 3330 τοι·
2250 3277 2297 3328 εί
2329 3275 2385 3327 δὲ
2409 3274 2469 3326 τὸ
2502 3270 2705 3325 ἁπλοῦν
2748 3267 2911 3321 αὑτοῦ
2955 3266 3048 3317 καὶ
3086 3264 3375 3317 ἀσύνθετον
3429 3262 3529 3333 τὴν
3566 3258 3695 3330 παρ’

2130 3368 2259 3436 ἡμῖν
2279 3362 2539 3432 διαφορὰν
2561 3362 2661 3413 οὐκ
2695 3360 2914 3413 ἀλλοίαν
2946 3351 3083 3409 εῖναι
3122 3356 3252 3424 παρ’
3287 3351 3437 3421 αὑτῷ
3480 3351 3695 3419 εξεβιά-

2132 3474 2280 3520 adeo;
2296 3456 2414 3509 οὐδὲ
2440 3456 2502 3507 τὸ
2524 3454 2719 3523 γεννᾷν
2742 3451 2902 3505 αὑτὸν
2922 3447 3113 3511 ἄλλως,
3133 3448 3225 3499 καὶ
3246 3444 3450 3509 κτίζειν
3473 3444 3693 3515 ἑτέρως,

2131 3546 2381 3616 στέρησιν
2412 3542 2556 3613 αύτῷ
2588 3541 2681 3595 τοῦ
2713 3536 3003 3593 ἀσυνθέτου
3033 3533 3343 3605 ὶργάζεται.

2814 3737 3015 3792 ΔΛΛΟ.

2202 3856 2263 3909 Εί
2287 3855 2362 3925 τῷ
2380 3854 2569 3922 γεννᾷν
2599 3852 2791 3904 ταυτόν
2825 3851 2939 3901 εστι
2966 3847 3024 3900 τὸ
3049 3847 3239 3907 ποιεῖν,
3262 3847 3289 3897 ὁ
3312 3842 3515 3910 γεννῶν
3545 3841 3696 3895 ἔσται

2130 3947 2297 4000 ποιῶν
2344 3946 2402 3999 τὸ
2452 3942 2812 4012 γεννώμενον,
2865 3938 2957 3991 καὶ
3000 3935 3200 4005 γεννῶν
3240 3934 3299 3987 τὺ
3350 3933 3695 4003 ποιούμενον.

2143 4038 2298 4091 Ἀλλά
2330 4038 2391 4089 τὸ
2414 4036 2514 4101 μὲν
2542 4037 2735 4096 ποιεῖν,
2771 4030 3049 4101 ἐνεργείας
3101 4029 3236 4093 ἐστὶ,
3292 4026 3505 4095 φύσεως
3555 4025 3610 4077 δὲ
3637 4024 3696 4076 es

2128 4131 2341 4199 γεννᾷν.
2374 4127 2537 4188 Φύσις
2563 4126 2620 4177 δὲ
2662 4124 2755 4176 καὶ
2817 4121 3065 4191 ἐνέργεια
3108 4120 3168 4171 οὐ
3220 4118 3432 4171 ταυτὸν·
3464 4117 3565 4169 οὐκ
3588 4115 3695 4185 ἀρα

2127 4220 2204 4272 τῶ
2236 4220 2425 4287 γεννᾷν
2469 4217 2529 4269 τὸ
2568 4216 2740 4267 ποιεῖν
2772 4212 2963 4266 ταυτὸν
2993 4210 3163 4263 ἔσται.

2814 4416 3017 4468 ΑΛΛΟ.

538 4523 593 4577 Si
645 4523 733 4591 qui
758 4522 956 4591 aliquid
992 4524 1120 4578 facit
1154 4525 1331 4591 opifex
1362 4537 1463 4589 est,
1497 4528 1585 4595 qui
1640 4541 1764 4580 vero
1806 4538 2018 4596 generat

2196 4532 2255 4583 Εί
2280 4531 2355 4600 τῷ
2384 4531 2554 4582 ποιεῖν
2583 4527 2911 4596 δημιουργός
2933 4526 3014 4587 τίς
3036 4526 3170 4587 ἐστι,
3195 4522 3271 4591 τῷ
3289 4522 3345 4574 δὲ
3374 4521 3563 4589 γεννᾷν
3595 4536 3693 4572 πα-

466 4621 637 4680 patcr,
662 4622 804 4666 certe
834 4626 935 4666 non
959 4622 1083 4666 sunt
1107 4614 1244 4667 idem
1303 4614 1478 4670 facere
1521 4627 1574 4670 et
1605 4631 1798 4684 genera
1816 4632 1870 4671 re
1901 4636 1914 4671 :
1945 4620 2017 4670 si-

464 4703 677 4772 quidem
720 4702 860 4756 aliud
900 4702 1056 4777 185
1104 4706 1315 4773 quidem
1358 4716 1441 4761 est
1480 4721 1648 4775 pater,
1691 4717 1745 4763 et
1786 4710 2021 4763 vicissim

465 4793 641 4863 opifex
674 4794 834 4849 aliud.
861 4793 915 4847 Si
950 4810 1071 4847 vero
1096 4795 1270 4851 facere
1290 4799 1426 4852 idem
1459 4808 1540 4854 est
1571 4800 1711 4869 quod
1733 4815 2015 4869 generare,

464 4884 637 4955 opifer
689 4887 787 4940 erit
852 4896 906 4941 et
973 4898 1143 4956 pater.
1192 4890 1247 4942 Si
1304 4899 1478 4944 autem
1533 4892 1671 4947 lilins
1716 4902 1799 4947 est
1850 4892 2021 4947 factor

463 4991 567 5030 una
619 4992 737 5030 cum
802 4988 970 5043 patre,
1031 4981 1119 5048 qui
1164 4997 1292 5037 vero
1347 4982 1518 5036 factor
1580 4995 1681 5047 cst,
1716 4994 1797 5037 est
1858 4986 2018 5037 etiam

465 5073 615 5131 pater
650 5081 662 5116 :
698 5064 835 5117 ﬁlius
885 5068 1042 5120 etiam
1082 5068 1194 5138 ipse
1238 5070 1341 5123 erit
1369 5082 1538 5140 pater,
1560 5075 1696 5141 quod
1728 5068 2017 5128 absurdum

466 5164 571 5209 est.

1129 5269 1356 5327 ALIUD.

539 5397 594 5451 Si
624 5400 760 5452 idem
792 5411 914 5455 sunt
937 5412 1089 5470 pater
1109 5414 1161 5456 et
1195 5414 1426 5469 creator,
1462 5406 1723 5474 siquidem
1762 5424 2020 5478 generare

468 5487 717 5542 etfacere
746 5490 883 5544 idem
903 5501 1045 5558 sunt,
1069 5503 1123 5546 et
1149 5503 1361 5547 creator
1388 5507 1471 5549 est
1511 5512 1703 5551 nomen
1753 5501 2017 5566 operatio-

468 5576 594 5630 nis:
632 5588 781 5643 pater
806 5596 1016 5648 quoque
1040 5585 1229 5637 merito
1248 5586 1602 5652 operationis,
1653 5603 1755 5642 non
1807 5590 2019 5643 relatio-

468 5667 553 5724 nis
582 5684 770 5724 nomen
804 5670 980 5726 fuerit.
1019 5672 1071 5727 Si
1110 5689 1232 5728 vero
1259 5685 1311 5729 ct
1366 5676 1463 5729 hoc
1496 5688 1549 5730 ct
1581 5678 1705 5731 illud
1754 5682 2020 5747 Operatio-

467 5761 551 5817 nis
575 5775 762 5816 nomen
812 5774 933 5818 est:
980 5774 1120 5820 certe
1174 5783 1276 5821 uno
1322 5777 1477 5835 atque
1539 5770 1723 5823 eodem
1783 5781 2018 5838 tempore

2127 4626 2250 4693 τὴρ,
2301 4623 2399 4675 οὐκ
2443 4621 2507 4673 ἂν
2540 4622 2621 4688 εἴη
2655 4618 2845 4671 ταυτὸν
2874 4617 2932 4669 τὸ
2960 4618 3132 4667 ποιεῖν
3183 4614 3257 4684 τῷ
3291 4614 3504 4682 γεννᾷν,
3539 4612 3697 4681 εἴπερ

2127 4715 2307 4783 ἕτερον
2338 4713 2433 4781 μὲν
2466 4712 2578 4763 ἐστι
2609 4710 2808 4778 πατὴρ,
2834 4707 3157 4777 δημιουργὸς
3185 4706 3239 4757 δὲ
3267 4705 3466 4773 ὁμοίως
3490 4704 3693 4773 ἕτερον.

2128 4806 2188 4857 Εἰ
2220 4803 2373 4871 δὲτῴ
2396 4804 2565 4853 ποιεῖν
2603 4801 2795 4852 ταυτὸν
2824 4801 2937 4851 ἐστι
2974 4797 3033 4849 τὸ
3057 4798 3269 4865 γεννᾷν,
3296 4798 3323 4847 ὁ
3351 4795 3519 4847 ποιῶν
3544 4794 3697 4845 ἔσται

2128 4896 2219 4950 καὶ
2251 4898 2449 4964 πατὴρ.
2481 4895 2541 4945 Εί
2588 4893 2642 4944 δὲ
2696 4884 2809 4943 ἔστι
2842 4889 3067 4959 ποιητὴς
3107 4890 3135 4939 ὁ
3168 4887 3280 4948 υἱὸς
3326 4885 3442 4952 ἅμα
3476 4884 3553 4952 τῷ
3594 4900 3698 4936 πα·-

2126 4990 2232 5061 τρὶ,
2268 4992 2293 5039 ὁ
2330 4988 2384 5038 δὲ
2452 4985 2617 5037 ποιῶν
2666 4981 2906 5034 ἐστικαὶ
2962 4979 3162 5048 πατὴρ,
3208 4977 3356 5029 ἔσται
3389 4975 3481 5027 καὶ
3536 4973 3695 5036 αὐτὸς

2128 5079 2325 5149 πατὴρ,
2357 5072 2489 5144 ὅπερ
2521 5078 2735 5129 ἄτοπον.

2805 5269 3003 5319 AAAO.

2199 5410 2261 5461 Ei
2282 5408 2473 5460 ταυτὸν
2503 5408 2615 5457 ἐστι
2652 5404 2832 5472 πατὴρ
2858 5404 2949 5455 καὶ
2978 5401 3327 5469 δημιουργὸς,
3348 5400 3470 5451 ἐπεὶ
3502 5402 3595 5453 καὶ
3616 5399 3693 5469 τῷ

2128 5502 2319 5569 γεννᾷν
2348 5498 2406 5549 τὸ
2427 5499 2608 5567 ,ποιεῖν
2646 5496 2835 5546 ταυτὸν
2864 5533 2875 5555 ,
2913 5494 3025 5545 ἔστι
3060 5492 3115 5544 δὲ
3161 5492 3435 5562 ἐνεργείας
3467 5492 3636 5561 ὄνομα
3665 5494 3694 5546 ὁ

2126 5588 2473 5659 δημιουργὸς,
2511 5588 2601 5636 καὶ
2630 5585 2686 5635 τὸ
2718 5585 2892 5652 πατὴρ
2921 5585 3138 5646 εἰκότως
3171 5584 3464 5654 ἐνεργείας,
3497 5585 3609 5636 ἀλλ’
3631 5585 3690 5635 οὐ

2132 5681 2368 5749 σχέσεως
2408 5677 2471 5729 ἂν
2500 5676 2617 5745 εἴη·
2651 5678 2697 5726 εί
2738 5676 2790 5727 δὲ
2822 5678 2911 5728 καὶ
2960 5678 3113 5728 τοῦτο
3160 5678 3375 5729 κάκεῖνο
3410 5676 3689 5745 ἐνεργεξας

2130 5772 2261 5835 ἐστὶ,
2301 5769 2438 5823 κατὰ
2470 5767 2555 5819 τον
2586 5766 2740 5819 αὐτὸν
2771 5769 2956 5835 γρόνον
2988 5768 3133 5821 ἔσται
3166 5768 3363 5835 γεννῶν
3398 5768 3488 5821 καὶ
3522 5764 3691 5821 ποιῶν
