  <div class='ocr_page' id='page_1' title='image "/cluster/home/n/w/nwhite01/storage/ocr_20150623/75/ien.35556001661032/168.png"; bbox 0 0 4024 6520; ppageno 0'>
   <div class='ocr_carea' id='block_1_1' title="bbox 306 468 413 528">
    <p class='ocr_par' dir='ltr' id='par_1_1' title="bbox 306 468 413 528">
     <span class='ocr_line' id='line_1_1' title="bbox 306 468 413 528; baseline -0.028 0"><span class='ocrx_word' id='word_1_1' title='bbox 306 468 413 528; x_wconf 68' lang='grc'><strong>517</strong></span> 
     </span>
    </p>
   </div>
   <div class='ocr_carea' id='block_1_2' title="bbox 1689 458 2125 518">
    <p class='ocr_par' dir='ltr' id='par_1_2' title="bbox 1689 458 2125 518">
     <span class='ocr_line' id='line_1_2' title="bbox 1689 458 2125 518; baseline 0.002 -3"><span class='ocrx_word' id='word_1_2' title='bbox 1689 458 2125 518; x_wconf 73' lang='lat' dir='ltr'><strong>THESAURUS.</strong></span> 
     </span>
    </p>
   </div>
   <div class='ocr_carea' id='block_1_3' title="bbox 3472 468 3585 525">
    <p class='ocr_par' dir='ltr' id='par_1_3' title="bbox 3472 468 3585 525">
     <span class='ocr_line' id='line_1_3' title="bbox 3472 468 3585 525; baseline 0.018 -2"><span class='ocrx_word' id='word_1_3' title='bbox 3472 468 3585 525; x_wconf 68' lang='lat' dir='ltr'><strong>M3</strong></span> 
     </span>
    </p>
   </div>
   <div class='ocr_carea' id='block_1_4' title="bbox 310 580 1902 662">
    <p class='ocr_par' dir='ltr' id='par_1_4' title="bbox 310 581 1891 662">
     <span class='ocr_line' id='line_1_4' title="bbox 310 581 1891 662; baseline -0.006 -19"><span class='ocrx_word' id='word_1_4' title='bbox 310 591 373 643; x_wconf 83' lang='lat' dir='ltr'><strong>El</strong></span> <span class='ocrx_word' id='word_1_5' title='bbox 412 589 521 662; x_wconf 85' lang='grc' dir='ltr'><strong>γάρ</strong></span> <span class='ocrx_word' id='word_1_6' title='bbox 546 586 836 659; x_wconf 70' lang='grc' dir='ltr'><strong>ἐθελήσαις</strong></span> <span class='ocrx_word' id='word_1_7' title='bbox 861 586 1167 652; x_wconf 79' lang='grc' dir='ltr'><strong>ἀποσώζειν</strong></span> <span class='ocrx_word' id='word_1_8' title='bbox 1205 586 1270 656; x_wconf 74' lang='grc' dir='ltr'><strong>τῇ</strong></span> <span class='ocrx_word' id='word_1_9' title='bbox 1305 582 1580 654; x_wconf 83' lang='grc' dir='ltr'><strong>ἀσωμάτῳ</strong></span> <span class='ocrx_word' id='word_1_10' title='bbox 1620 581 1891 651; x_wconf 78' lang='grc' dir='ltr'><strong>φύσειτδν</strong></span> 
     </span>
    </p>
   </div>
   <div class='ocr_carea' id='block_1_5' title="bbox 2009 580 3579 662">
    <p class='ocr_par' dir='ltr' id='par_1_5' title="bbox 2009 580 3579 657">
     <span class='ocr_line' id='line_1_5' title="bbox 2009 580 3579 657; baseline 0.003 -21"><span class='ocrx_word' id='word_1_11' title='bbox 2009 583 2087 637; x_wconf 74' lang='lat' dir='ltr'><strong>sit.</strong></span> <span class='ocrx_word' id='word_1_12' title='bbox 2124 580 2260 638; x_wconf 86' lang='lat' dir='ltr'><strong>Nam</strong></span> <span class='ocrx_word' id='word_1_13' title='bbox 2304 585 2351 640; x_wconf 99' lang='lat' dir='ltr'><strong>si</strong></span> <span class='ocrx_word' id='word_1_14' title='bbox 2382 584 2519 641; x_wconf 82' lang='lat' dir='ltr'><strong>velis</strong></span> <span class='ocrx_word' id='word_1_15' title='bbox 2560 600 2786 642; x_wconf 88' lang='lat' dir='ltr'><strong>servare</strong></span> <span class='ocrx_word' id='word_1_16' title='bbox 2818 584 3154 657; x_wconf 65' lang='lat' dir='ltr'><strong>incorporea</strong></span> <span class='ocrx_word' id='word_1_17' title='bbox 3188 596 3395 641; x_wconf 67' lang='lat' dir='ltr'><strong>natura</strong></span> <span class='ocrx_word' id='word_1_18' title='bbox 3442 602 3579 642; x_wconf 85' lang='lat' dir='ltr'><strong>con-</strong></span> 
     </span>
    </p>
   </div>
   <div class='ocr_carea' id='block_1_6' title="bbox 310 669 1890 750">
    <p class='ocr_par' dir='ltr' id='par_1_6' title="bbox 310 669 1890 750">
     <span class='ocr_line' id='line_1_6' title="bbox 310 669 1890 750; baseline -0.006 -18"><span class='ocrx_word' id='word_1_19' title='bbox 310 680 447 750; x_wconf 73' lang='grc' dir='ltr'><strong>αὑτῇ</strong></span> <span class='ocrx_word' id='word_1_20' title='bbox 485 677 818 748; x_wconf 79' lang='grc' dir='ltr'><strong>κατάλληλον</strong></span> <span class='ocrx_word' id='word_1_21' title='bbox 841 677 997 745; x_wconf 89' lang='grc' dir='ltr'><strong>λόγον</strong></span> <span class='ocrx_word' id='word_1_22' title='bbox 1020 676 1118 746; x_wconf 76' lang='grc' dir='ltr'><strong>(Ι),</strong></span> <span class='ocrx_word' id='word_1_23' title='bbox 1146 674 1209 729; x_wconf 84' lang='grc' dir='ltr'><strong>οὐ</strong></span> <span class='ocrx_word' id='word_1_24' title='bbox 1232 673 1488 745; x_wconf 82' lang='grc' dir='ltr'><strong>τοιαύτην</strong></span> <span class='ocrx_word' id='word_1_25' title='bbox 1514 669 1657 725; x_wconf 69' lang='grc' dir='ltr'><strong>εἶναι</strong></span> <span class='ocrx_word' id='word_1_26' title='bbox 1682 673 1890 741; x_wconf 83' lang='grc' dir='ltr'><strong>νομιεῖς</strong></span> 
     </span>
    </p>
   </div>
   <div class='ocr_carea' id='block_1_7' title="bbox 308 762 1892 839">
    <p class='ocr_par' dir='ltr' id='par_1_7' title="bbox 308 762 1892 839">
     <span class='ocr_line' id='line_1_7' title="bbox 308 762 1892 839; baseline -0.005 -18"><span class='ocrx_word' id='word_1_27' title='bbox 308 766 403 821; x_wconf 74' lang='grc' dir='ltr'><strong>τοῦ</strong></span> <span class='ocrx_word' id='word_1_28' title='bbox 430 768 645 838; x_wconf 82' lang='grc' dir='ltr'><strong>Πατρδς</strong></span> <span class='ocrx_word' id='word_1_29' title='bbox 669 768 770 838; x_wconf 79' lang='grc' dir='ltr'><strong>τὴν</strong></span> <span class='ocrx_word' id='word_1_30' title='bbox 795 767 999 839; x_wconf 81' lang='grc' dir='ltr'><strong>φωνὴν,</strong></span> <span class='ocrx_word' id='word_1_31' title='bbox 1021 766 1096 830; x_wconf 84' lang='grc' dir='ltr'><strong>ὡς</strong></span> <span class='ocrx_word' id='word_1_32' title='bbox 1124 766 1206 828; x_wconf 87' lang='grc' dir='ltr'><strong>εἰς</strong></span> <span class='ocrx_word' id='word_1_33' title='bbox 1225 763 1396 835; x_wconf 83' lang='grc' dir='ltr'><strong>ἀκοὴν</strong></span> <span class='ocrx_word' id='word_1_34' title='bbox 1420 762 1681 834; x_wconf 86' lang='grc' dir='ltr'><strong>φέρεσθαι</strong></span> <span class='ocrx_word' id='word_1_35' title='bbox 1707 778 1892 831; x_wconf 90' lang='grc' dir='ltr'><strong>σωμα-</strong></span> 
     </span>
    </p>
   </div>
   <div class='ocr_carea' id='block_1_8' title="bbox 309 852 1893 930">
    <p class='ocr_par' dir='ltr' id='par_1_8' title="bbox 309 852 1893 930">
     <span class='ocr_line' id='line_1_8' title="bbox 309 852 1893 930; baseline -0.004 -19"><span class='ocrx_word' id='word_1_36' title='bbox 309 858 498 922; x_wconf 81' lang='grc' dir='ltr'><strong>τικῶς.</strong></span> <span class='ocrx_word' id='word_1_37' title='bbox 519 858 593 912; x_wconf 86' lang='grc' dir='ltr'><strong>Ού</strong></span> <span class='ocrx_word' id='word_1_38' title='bbox 624 858 733 930; x_wconf 84' lang='grc' dir='ltr'><strong>γάρ</strong></span> <span class='ocrx_word' id='word_1_39' title='bbox 757 859 914 930; x_wconf 86' lang='grc' dir='ltr'><strong>μόνος</strong></span> <span class='ocrx_word' id='word_1_40' title='bbox 940 859 969 911; x_wconf 99' lang='lat'><strong>6</strong></span> <span class='ocrx_word' id='word_1_41' title='bbox 990 855 1194 929; x_wconf 77' lang='grc' dir='ltr'><strong>Κύριος</strong></span> <span class='ocrx_word' id='word_1_42' title='bbox 1217 856 1527 928; x_wconf 80' lang='grc' dir='ltr'><strong>ἠκροάσατο</strong></span> <span class='ocrx_word' id='word_1_43' title='bbox 1556 854 1649 908; x_wconf 81' lang='grc' dir='ltr'><strong>τοῦ</strong></span> <span class='ocrx_word' id='word_1_44' title='bbox 1676 852 1893 924; x_wconf 74' lang='grc' dir='ltr'><strong>Πατρός</strong></span> 
     </span>
    </p>
   </div>
   <div class='ocr_carea' id='block_1_9' title="bbox 309 941 1894 1016">
    <p class='ocr_par' dir='ltr' id='par_1_9' title="bbox 309 941 1894 1016">
     <span class='ocr_line' id='line_1_9' title="bbox 309 941 1894 1016; baseline -0.003 -16"><span class='ocrx_word' id='word_1_45' title='bbox 309 948 591 1016; x_wconf 78' lang='grc' dir='ltr'><strong>λέγοντος·</strong></span> <span class='ocrx_word' id='word_1_46' title='bbox 631 968 651 1002; x_wconf 79' lang='grc' dir='ltr'><strong>ι</strong></span> <span class='ocrx_word' id='word_1_47' title='bbox 680 949 791 1003; x_wconf 85' lang='lat' dir='ltr'><strong>Kal</strong></span> <span class='ocrx_word' id='word_1_48' title='bbox 827 947 1076 1013; x_wconf 80' lang='grc' dir='ltr'><strong>ἐδόξασα,</strong></span> <span class='ocrx_word' id='word_1_49' title='bbox 1105 947 1203 1001; x_wconf 71' lang='grc' dir='ltr'><strong>καὶ</strong></span> <span class='ocrx_word' id='word_1_50' title='bbox 1237 946 1398 1000; x_wconf 86' lang='grc' dir='ltr'><strong>πάλιν</strong></span> <span class='ocrx_word' id='word_1_51' title='bbox 1422 944 1632 1011; x_wconf 80' lang='grc' dir='ltr'><strong>δοξάσω</strong></span> <span class='ocrx_word' id='word_1_52' title='bbox 1654 960 1668 975; x_wconf 92' lang='grc'><strong>·</strong></span> <span class='ocrx_word' id='word_1_53' title='bbox 1698 962 1717 994; x_wconf 82' lang='grc' dir='ltr'><strong>ι</strong></span> <span class='ocrx_word' id='word_1_54' title='bbox 1757 941 1894 996; x_wconf 86' lang='grc' dir='ltr'><strong>ἀλλά</strong></span> 
     </span>
    </p>
   </div>
   <div class='ocr_carea' id='block_1_10' title="bbox 310 1033 1894 1109">
    <p class='ocr_par' dir='ltr' id='par_1_10' title="bbox 310 1033 1894 1109">
     <span class='ocr_line' id='line_1_10' title="bbox 310 1033 1894 1109; baseline -0.002 -18"><span class='ocrx_word' id='word_1_55' title='bbox 310 1038 421 1109; x_wconf 78' lang='grc' dir='ltr'><strong>γὰρ</strong></span> <span class='ocrx_word' id='word_1_56' title='bbox 450 1040 545 1092; x_wconf 81' lang='grc' dir='ltr'><strong>καὶ</strong></span> <span class='ocrx_word' id='word_1_57' title='bbox 572 1039 622 1092; x_wconf 82' lang='grc' dir='ltr'><strong>οἱ</strong></span> <span class='ocrx_word' id='word_1_58' title='bbox 646 1038 895 1101; x_wconf 82' lang='grc' dir='ltr'><strong>συνόντες</strong></span> <span class='ocrx_word' id='word_1_59' title='bbox 909 1036 1078 1107; x_wconf 85' lang='grc' dir='ltr'><strong>αὐτῷ.</strong></span> <span class='ocrx_word' id='word_1_60' title='bbox 1106 1037 1387 1091; x_wconf 85' lang='grc' dir='ltr'><strong>Διδάσκων</strong></span> <span class='ocrx_word' id='word_1_61' title='bbox 1413 1035 1471 1089; x_wconf 83' lang='grc' dir='ltr'><strong>δὲ</strong></span> <span class='ocrx_word' id='word_1_62' title='bbox 1506 1035 1695 1103; x_wconf 84' lang='grc' dir='ltr'><strong>σαφῶς</strong></span> <span class='ocrx_word' id='word_1_63' title='bbox 1713 1033 1894 1105; x_wconf 73' lang='lat' dir='ltr'><em>6X9:-</em></span> 
     </span>
    </p>
   </div>
   <div class='ocr_carea' id='block_1_11' title="bbox 313 1124 1893 1200">
    <p class='ocr_par' dir='ltr' id='par_1_11' title="bbox 313 1124 1893 1200">
     <span class='ocr_line' id='line_1_11' title="bbox 313 1124 1893 1200; baseline -0.002 -19"><span class='ocrx_word' id='word_1_64' title='bbox 313 1128 459 1193; x_wconf 80' lang='grc' dir='ltr'><strong>στδς,</strong></span> <span class='ocrx_word' id='word_1_65' title='bbox 490 1130 572 1183; x_wconf 84' lang='grc' dir='ltr'><strong>ὅτι</strong></span> <span class='ocrx_word' id='word_1_66' title='bbox 592 1129 799 1200; x_wconf 82' lang='grc' dir='ltr'><strong>κυρίως</strong></span> <span class='ocrx_word' id='word_1_67' title='bbox 830 1128 924 1182; x_wconf 78' lang='grc' dir='ltr'><strong>καὶ</strong></span> <span class='ocrx_word' id='word_1_68' title='bbox 949 1127 1194 1197; x_wconf 80' lang='grc' dir='ltr'><strong>φυσικῶς</strong></span> <span class='ocrx_word' id='word_1_69' title='bbox 1223 1127 1325 1180; x_wconf 88' lang='grc' dir='ltr'><strong>ούκ</strong></span> <span class='ocrx_word' id='word_1_70' title='bbox 1352 1124 1534 1196; x_wconf 83' lang='grc' dir='ltr'><strong>ἐκείνη</strong></span> <span class='ocrx_word' id='word_1_71' title='bbox 1558 1124 1651 1178; x_wconf 84' lang='grc' dir='ltr'><strong>τού</strong></span> <span class='ocrx_word' id='word_1_72' title='bbox 1678 1124 1893 1196; x_wconf 73' lang='grc' dir='ltr'><strong>Πατρός</strong></span> 
     </span>
    </p>
   </div>
   <div class='ocr_carea' id='block_1_12' title="bbox 309 1215 1894 1291">
    <p class='ocr_par' dir='ltr' id='par_1_12' title="bbox 309 1215 1894 1291">
     <span class='ocr_line' id='line_1_12' title="bbox 309 1215 1894 1291; baseline -0.015 -8"><span class='ocrx_word' id='word_1_73' title='bbox 309 1215 379 1291; x_wconf 74' lang='grc' dir='ltr'><strong>ἦν</strong></span> <span class='ocrx_word' id='word_1_74' title='bbox 417 1222 450 1291; x_wconf 76' lang='grc' dir='ltr'><strong>ἠ</strong></span> <span class='ocrx_word' id='word_1_75' title='bbox 480 1220 653 1290; x_wconf 83' lang='grc' dir='ltr'><strong>φωνὴ.</strong></span> <span class='ocrx_word' id='word_1_76' title='bbox 687 1219 824 1273; x_wconf 86' lang='grc' dir='ltr'><strong>ἀλλά</strong></span> <span class='ocrx_word' id='word_1_77' title='bbox 847 1237 929 1283; x_wconf 88' lang='grc' dir='ltr'><strong>τις</strong></span> <span class='ocrx_word' id='word_1_78' title='bbox 963 1218 1169 1282; x_wconf 80' lang='grc' dir='ltr'><strong>κτύπος</strong></span> <span class='ocrx_word' id='word_1_79' title='bbox 1195 1219 1343 1289; x_wconf 77' lang='grc' dir='ltr'><strong>φωνῇ</strong></span> <span class='ocrx_word' id='word_1_80' title='bbox 1366 1215 1703 1288; x_wconf 81' lang='grc' dir='ltr'><strong>προσεοικὼς</strong></span> <span class='ocrx_word' id='word_1_81' title='bbox 1735 1216 1894 1286; x_wconf 66' lang='grc' dir='ltr'><strong>ἐξήγ-</strong></span> 
     </span>
    </p>
   </div>
   <div class='ocr_carea' id='block_1_13' title="bbox 310 1308 1892 1381">
    <p class='ocr_par' dir='ltr' id='par_1_13' title="bbox 310 1308 1892 1381">
     <span class='ocr_line' id='line_1_13' title="bbox 310 1308 1892 1381; baseline -0.001 -17"><span class='ocrx_word' id='word_1_82' title='bbox 310 1312 470 1381; x_wconf 88' lang='grc' dir='ltr'><strong>γελλε</strong></span> <span class='ocrx_word' id='word_1_83' title='bbox 502 1310 600 1364; x_wconf 82' lang='grc' dir='ltr'><strong>τοῦ</strong></span> <span class='ocrx_word' id='word_1_84' title='bbox 626 1310 837 1381; x_wconf 66' lang='lat' dir='ltr'><em>ﬂat-96;</em></span> <span class='ocrx_word' id='word_1_85' title='bbox 857 1310 956 1381; x_wconf 80' lang='grc' dir='ltr'><strong>τὴν</strong></span> <span class='ocrx_word' id='word_1_86' title='bbox 985 1312 1072 1379; x_wconf 86' lang='grc' dir='ltr'><strong>ἐφ’</strong></span> <span class='ocrx_word' id='word_1_87' title='bbox 1103 1310 1219 1380; x_wconf 84' lang='grc' dir='ltr'><strong>Υἰῷ</strong></span> <span class='ocrx_word' id='word_1_88' title='bbox 1262 1308 1539 1379; x_wconf 84' lang='grc' dir='ltr'><strong>βούλησιν.</strong></span> <span class='ocrx_word' id='word_1_89' title='bbox 1564 1309 1675 1361; x_wconf 83' lang='lat' dir='ltr'><strong>Kal</strong></span> <span class='ocrx_word' id='word_1_90' title='bbox 1698 1309 1892 1381; x_wconf 79' lang='grc' dir='ltr'><strong>ὅτιπερ</strong></span> 
     </span>
    </p>
   </div>
   <div class='ocr_carea' id='block_1_14' title="bbox 308 1400 1891 1474">
    <p class='ocr_par' dir='ltr' id='par_1_14' title="bbox 308 1400 1891 1474">
     <span class='ocr_line' id='line_1_14' title="bbox 308 1400 1891 1474; baseline -0.002 -19"><span class='ocrx_word' id='word_1_91' title='bbox 308 1402 397 1473; x_wconf 76' lang='grc' dir='ltr'><strong>εἴη</strong></span> <span class='ocrx_word' id='word_1_92' title='bbox 435 1403 618 1473; x_wconf 88' lang='grc' dir='ltr'><strong>τίμιος</strong></span> <span class='ocrx_word' id='word_1_93' title='bbox 651 1403 780 1474; x_wconf 80' lang='grc' dir='ltr'><strong>παρ’</strong></span> <span class='ocrx_word' id='word_1_94' title='bbox 798 1401 967 1472; x_wconf 83' lang='grc' dir='ltr'><strong>αὐτῷ,</strong></span> <span class='ocrx_word' id='word_1_95' title='bbox 997 1402 1147 1470; x_wconf 84' lang='grc' dir='ltr'><strong>λέγει</strong></span> <span class='ocrx_word' id='word_1_96' title='bbox 1175 1400 1312 1473; x_wconf 82' lang='grc' dir='ltr'><strong>πρὸς</strong></span> <span class='ocrx_word' id='word_1_97' title='bbox 1338 1401 1464 1463; x_wconf 82' lang='grc' dir='ltr'><strong>τοὺς</strong></span> <span class='ocrx_word' id='word_1_98' title='bbox 1485 1400 1891 1471; x_wconf 82' lang='grc' dir='ltr'><strong>ἀκροωμένους·</strong></span> 
     </span>
    </p>
   </div>
   <div class='ocr_carea' id='block_1_15' title="bbox 314 1490 1887 1564">
    <p class='ocr_par' dir='ltr' id='par_1_15' title="bbox 314 1490 1887 1564">
     <span class='ocr_line' id='line_1_15' title="bbox 314 1490 1887 1564; baseline 0 -19"><span class='ocrx_word' id='word_1_99' title='bbox 314 1512 335 1544; x_wconf 78' lang='grc' dir='ltr'><strong>ι</strong></span> <span class='ocrx_word' id='word_1_100' title='bbox 362 1492 439 1545; x_wconf 87' lang='grc' dir='ltr'><strong>Ού</strong></span> <span class='ocrx_word' id='word_1_101' title='bbox 470 1492 537 1545; x_wconf 82' lang='grc' dir='ltr'><strong>δι’</strong></span> <span class='ocrx_word' id='word_1_102' title='bbox 562 1494 662 1564; x_wconf 74' lang='grc' dir='ltr'><strong>ἐμὲ</strong></span> <span class='ocrx_word' id='word_1_103' title='bbox 691 1494 724 1562; x_wconf 85' lang='grc' dir='ltr'>ὴ</span> <span class='ocrx_word' id='word_1_104' title='bbox 758 1493 909 1563; x_wconf 81' lang='grc' dir='ltr'><strong>φωνὴ</strong></span> <span class='ocrx_word' id='word_1_105' title='bbox 933 1492 1074 1563; x_wconf 76' lang='grc' dir='ltr'><strong>αὕτη</strong></span> <span class='ocrx_word' id='word_1_106' title='bbox 1108 1491 1357 1560; x_wconf 81' lang='grc' dir='ltr'><strong>γέγονεν,</strong></span> <span class='ocrx_word' id='word_1_107' title='bbox 1402 1490 1543 1543; x_wconf 86' lang='grc' dir='ltr'><strong>ἀλλά</strong></span> <span class='ocrx_word' id='word_1_108' title='bbox 1562 1491 1629 1543; x_wconf 85' lang='grc' dir='ltr'><strong>δι’</strong></span> <span class='ocrx_word' id='word_1_109' title='bbox 1667 1491 1830 1561; x_wconf 83' lang='grc' dir='ltr'><strong>ὑμᾶς.</strong></span> <span class='ocrx_word' id='word_1_110' title='bbox 1866 1509 1887 1544; x_wconf 74' lang='grc' dir='ltr'><strong>ι</strong></span> 
     </span>
    </p>
   </div>
   <div class='ocr_carea' id='block_1_16' title="bbox 308 1581 1894 1655">
    <p class='ocr_par' dir='ltr' id='par_1_16' title="bbox 308 1581 1894 1655">
     <span class='ocr_line' id='line_1_16' title="bbox 308 1581 1894 1655; baseline 0 -19"><span class='ocrx_word' id='word_1_111' title='bbox 308 1583 556 1654; x_wconf 84' lang='grc' dir='ltr'><strong>Ηρόσχες</strong></span> <span class='ocrx_word' id='word_1_112' title='bbox 581 1585 690 1655; x_wconf 82' lang='grc' dir='ltr'><strong>γὰρ</strong></span> <span class='ocrx_word' id='word_1_113' title='bbox 710 1583 955 1655; x_wconf 77' lang='grc' dir='ltr'><strong>ἀκριϐῶς</strong></span> <span class='ocrx_word' id='word_1_114' title='bbox 970 1583 1045 1647; x_wconf 86' lang='grc' dir='ltr'><strong>ὡς</strong></span> <span class='ocrx_word' id='word_1_115' title='bbox 1067 1582 1166 1636; x_wconf 83' lang='grc' dir='ltr'><strong>οὐκ</strong></span> <span class='ocrx_word' id='word_1_116' title='bbox 1190 1581 1411 1653; x_wconf 71' lang='grc' dir='ltr'><strong>ἔφησεν,</strong></span> <span class='ocrx_word' id='word_1_117' title='bbox 1428 1584 1504 1637; x_wconf 79' lang='grc' dir='ltr'><strong>Οὐ</strong></span> <span class='ocrx_word' id='word_1_118' title='bbox 1526 1582 1593 1636; x_wconf 83' lang='grc' dir='ltr'><strong>δι’</strong></span> <span class='ocrx_word' id='word_1_119' title='bbox 1615 1582 1716 1652; x_wconf 73' lang='grc' dir='ltr'><strong>ἐμὲ</strong></span> <span class='ocrx_word' id='word_1_120' title='bbox 1737 1581 1894 1636; x_wconf 83' lang='grc' dir='ltr'><strong>λελά-</strong></span> 
     </span>
    </p>
   </div>
   <div class='ocr_carea' id='block_1_17' title="bbox 306 1673 1889 1749">
    <p class='ocr_par' dir='ltr' id='par_1_17' title="bbox 306 1673 1889 1749">
     <span class='ocr_line' id='line_1_17' title="bbox 306 1673 1889 1749; baseline -0.001 -20"><span class='ocrx_word' id='word_1_121' title='bbox 306 1676 478 1746; x_wconf 78' lang='grc' dir='ltr'><strong>ληκεν</strong></span> <span class='ocrx_word' id='word_1_122' title='bbox 518 1678 547 1729; x_wconf 91' lang='lat'><strong>6</strong></span> <span class='ocrx_word' id='word_1_123' title='bbox 584 1676 794 1746; x_wconf 79' lang='grc' dir='ltr'><strong>Πατὴρ,</strong></span> <span class='ocrx_word' id='word_1_124' title='bbox 852 1674 887 1746; x_wconf 81' lang='grc' dir='ltr'>ἢ</span> <span class='ocrx_word' id='word_1_125' title='bbox 940 1675 1254 1748; x_wconf 73' lang='grc' dir='ltr'><strong>ἐδόησεν,ἦ</strong></span> <span class='ocrx_word' id='word_1_126' title='bbox 1307 1676 1496 1749; x_wconf 70' lang='grc' dir='ltr'><strong>ἕτερόν</strong></span> <span class='ocrx_word' id='word_1_127' title='bbox 1541 1692 1593 1728; x_wconf 88' lang='grc' dir='ltr'><strong>τι</strong></span> <span class='ocrx_word' id='word_1_128' title='bbox 1627 1673 1889 1738; x_wconf 79' lang='grc' dir='ltr'><strong>τοιοῦτον,</strong></span> 
     </span>
    </p>
   </div>
   <div class='ocr_carea' id='block_1_18' title="bbox 306 1765 1887 1838">
    <p class='ocr_par' dir='ltr' id='par_1_18' title="bbox 306 1765 1887 1838">
     <span class='ocr_line' id='line_1_18' title="bbox 306 1765 1887 1838; baseline -0.002 -18"><span class='ocrx_word' id='word_1_129' title='bbox 306 1767 426 1820; x_wconf 80' lang='grc' dir='ltr'><strong>ἀλλ’</strong></span> <span class='ocrx_word' id='word_1_130' title='bbox 455 1768 538 1821; x_wconf 86' lang='grc' dir='ltr'><strong>ὅτι</strong></span> <span class='ocrx_word' id='word_1_131' title='bbox 566 1787 585 1820; x_wconf 76' lang='grc' dir='ltr'><strong>ι</strong></span> <span class='ocrx_word' id='word_1_132' title='bbox 608 1768 683 1821; x_wconf 82' lang='lat'><em>06</em></span> <span class='ocrx_word' id='word_1_133' title='bbox 708 1768 778 1821; x_wconf 82' lang='grc' dir='ltr'><strong>δι’</strong></span> <span class='ocrx_word' id='word_1_134' title='bbox 812 1766 913 1838; x_wconf 69' lang='grc' dir='ltr'><strong>ἐμὲ</strong></span> <span class='ocrx_word' id='word_1_135' title='bbox 931 1767 1155 1837; x_wconf 86' lang='grc' dir='ltr'><strong>γέγονεν</strong></span> <span class='ocrx_word' id='word_1_136' title='bbox 1171 1768 1205 1837; x_wconf 84' lang='grc' dir='ltr'><strong>ὴ</strong></span> <span class='ocrx_word' id='word_1_137' title='bbox 1233 1766 1406 1838; x_wconf 78' lang='grc' dir='ltr'><strong>φωνὴ,</strong></span> <span class='ocrx_word' id='word_1_138' title='bbox 1428 1766 1567 1820; x_wconf 86' lang='grc' dir='ltr'><strong>ἀλλά</strong></span> <span class='ocrx_word' id='word_1_139' title='bbox 1586 1765 1653 1819; x_wconf 83' lang='grc' dir='ltr'><strong>δι’</strong></span> <span class='ocrx_word' id='word_1_140' title='bbox 1678 1767 1844 1836; x_wconf 78' lang='grc' dir='ltr'><strong>ὑμᾶς.</strong></span> <span class='ocrx_word' id='word_1_141' title='bbox 1868 1784 1887 1817; x_wconf 75' lang='grc' dir='ltr'><strong>ι</strong></span> 
     </span>
    </p>
   </div>
   <div class='ocr_carea' id='block_1_19' title="bbox 311 1856 1892 1929">
    <p class='ocr_par' dir='ltr' id='par_1_19' title="bbox 311 1856 1892 1929">
     <span class='ocr_line' id='line_1_19' title="bbox 311 1856 1892 1929; baseline -0.001 -18"><span class='ocrx_word' id='word_1_142' title='bbox 311 1860 375 1912; x_wconf 83' lang='lat' dir='ltr'><strong>El</strong></span> <span class='ocrx_word' id='word_1_143' title='bbox 405 1858 584 1912; x_wconf 80' lang='grc' dir='ltr'><strong>τοίνυν</strong></span> <span class='ocrx_word' id='word_1_144' title='bbox 614 1858 706 1913; x_wconf 88' lang='grc' dir='ltr'><strong>διά</strong></span> <span class='ocrx_word' id='word_1_145' title='bbox 732 1875 878 1922; x_wconf 88' lang='grc' dir='ltr'><strong>τινος</strong></span> <span class='ocrx_word' id='word_1_146' title='bbox 906 1857 1058 1923; x_wconf 89' lang='grc' dir='ltr'><strong>θείας</strong></span> <span class='ocrx_word' id='word_1_147' title='bbox 1080 1858 1365 1929; x_wconf 75' lang='grc' dir='ltr'><strong>ἐνεργείας</strong></span> <span class='ocrx_word' id='word_1_148' title='bbox 1388 1858 1612 1925; x_wconf 86' lang='grc' dir='ltr'><strong>γέγονεν</strong></span> <span class='ocrx_word' id='word_1_149' title='bbox 1645 1859 1680 1927; x_wconf 82' lang='grc' dir='ltr'><strong>ἠ</strong></span> <span class='ocrx_word' id='word_1_150' title='bbox 1716 1856 1892 1927; x_wconf 80' lang='grc' dir='ltr'><strong>φωνὴ,</strong></span> 
     </span>
    </p>
   </div>
   <div class='ocr_carea' id='block_1_20' title="bbox 314 1933 1970 2020">
    <p class='ocr_par' dir='ltr' id='par_1_20' title="bbox 314 1933 1970 2020">
     <span class='ocr_line' id='line_1_20' title="bbox 314 1933 1970 2020; baseline -0.001 -18"><span class='ocrx_word' id='word_1_151' title='bbox 314 1950 379 2003; x_wconf 73' lang='grc' dir='ltr'><strong>οὐ</strong></span> <span class='ocrx_word' id='word_1_152' title='bbox 405 1948 496 2003; x_wconf 86' lang='grc' dir='ltr'><strong>διά</strong></span> <span class='ocrx_word' id='word_1_153' title='bbox 526 1949 781 2020; x_wconf 79' lang='grc' dir='ltr'><strong>Χριστὸν,</strong></span> <span class='ocrx_word' id='word_1_154' title='bbox 812 1950 890 2013; x_wconf 84' lang='grc' dir='ltr'><strong>ὡς</strong></span> <span class='ocrx_word' id='word_1_155' title='bbox 909 1949 1074 2012; x_wconf 83' lang='grc' dir='ltr'><strong>αὑτός</strong></span> <span class='ocrx_word' id='word_1_156' title='bbox 1107 1964 1293 2019; x_wconf 83' lang='grc' dir='ltr'><strong>φησιν,</strong></span> <span class='ocrx_word' id='word_1_157' title='bbox 1331 1948 1466 2002; x_wconf 83' lang='grc' dir='ltr'><strong>ἀλλὰ</strong></span> <span class='ocrx_word' id='word_1_158' title='bbox 1494 1946 1583 2002; x_wconf 80' lang='grc' dir='ltr'><strong>διὰ</strong></span> <span class='ocrx_word' id='word_1_159' title='bbox 1606 1948 1734 2012; x_wconf 74' lang='grc' dir='ltr'><strong>τοὺς</strong></span> <span class='ocrx_word' id='word_1_160' title='bbox 1766 1964 1893 2001; x_wconf 88' lang='grc' dir='ltr'><strong>συν-</strong></span> <span class='ocrx_word' id='word_1_161' title='bbox 1927 1933 1970 1992; x_wconf 77' lang='grc' dir='ltr'><strong>Β</strong></span> 
     </span>
    </p>
   </div>
   <div class='ocr_carea' id='block_1_21' title="bbox 312 2035 1896 2111">
    <p class='ocr_par' dir='ltr' id='par_1_21' title="bbox 312 2035 1896 2111">
     <span class='ocr_line' id='line_1_21' title="bbox 312 2035 1896 2111; baseline -0.002 -18"><span class='ocrx_word' id='word_1_162' title='bbox 312 2041 476 2104; x_wconf 88' lang='grc' dir='ltr'><strong>όντας</strong></span> <span class='ocrx_word' id='word_1_163' title='bbox 520 2038 688 2110; x_wconf 75' lang='grc' dir='ltr'><strong>αὐτῷ,</strong></span> <span class='ocrx_word' id='word_1_164' title='bbox 718 2040 1005 2111; x_wconf 82' lang='grc' dir='ltr'><strong>ἀμήχανον</strong></span> <span class='ocrx_word' id='word_1_165' title='bbox 1032 2039 1091 2093; x_wconf 79' lang='grc' dir='ltr'><strong>δὲ</strong></span> <span class='ocrx_word' id='word_1_166' title='bbox 1122 2035 1191 2111; x_wconf 72' lang='grc' dir='ltr'><strong>ἦν</strong></span> <span class='ocrx_word' id='word_1_167' title='bbox 1230 2038 1554 2111; x_wconf 79' lang='grc' dir='ltr'><strong>ἀνθρώπους</strong></span> <span class='ocrx_word' id='word_1_168' title='bbox 1582 2038 1744 2102; x_wconf 75' lang='grc' dir='ltr'><strong>ὄντας</strong></span> <span class='ocrx_word' id='word_1_169' title='bbox 1774 2037 1896 2090; x_wconf 75' lang='grc' dir='ltr'><strong>ἑτέ·-</strong></span> 
     </span>
    </p>
   </div>
   <div class='ocr_carea' id='block_1_22' title="bbox 318 2129 1895 2203">
    <p class='ocr_par' dir='ltr' id='par_1_22' title="bbox 318 2129 1895 2203">
     <span class='ocr_line' id='line_1_22' title="bbox 318 2129 1895 2203; baseline -0.001 -18"><span class='ocrx_word' id='word_1_170' title='bbox 318 2150 426 2203; x_wconf 80' lang='grc' dir='ltr'><strong>ρως</strong></span> <span class='ocrx_word' id='word_1_171' title='bbox 447 2132 708 2185; x_wconf 89' lang='grc' dir='ltr'><strong>δύνασθαι</strong></span> <span class='ocrx_word' id='word_1_172' title='bbox 740 2131 935 2202; x_wconf 83' lang='grc' dir='ltr'><strong>μαθεῖν</strong></span> <span class='ocrx_word' id='word_1_173' title='bbox 963 2130 1055 2185; x_wconf 79' lang='grc' dir='ltr'><strong>τοῦ</strong></span> <span class='ocrx_word' id='word_1_174' title='bbox 1077 2130 1290 2203; x_wconf 74' lang='grc' dir='ltr'><strong>Πατρός</strong></span> <span class='ocrx_word' id='word_1_175' title='bbox 1309 2130 1409 2201; x_wconf 81' lang='grc' dir='ltr'><strong>τὴν</strong></span> <span class='ocrx_word' id='word_1_176' title='bbox 1435 2129 1712 2201; x_wconf 84' lang='grc' dir='ltr'><strong>βούλησιν,</strong></span> <span class='ocrx_word' id='word_1_177' title='bbox 1747 2132 1796 2184; x_wconf 86' lang='grc' dir='ltr'><strong>εἰ</strong></span> <span class='ocrx_word' id='word_1_178' title='bbox 1821 2130 1895 2201; x_wconf 83' lang='grc' dir='ltr'><strong>μὴ</strong></span> 
     </span>
    </p>
   </div>
   <div class='ocr_carea' id='block_1_23' title="bbox 306 2221 1898 2294">
    <p class='ocr_par' dir='ltr' id='par_1_23' title="bbox 306 2221 1898 2294">
     <span class='ocr_line' id='line_1_23' title="bbox 306 2221 1898 2294; baseline 0 -19"><span class='ocrx_word' id='word_1_179' title='bbox 306 2222 633 2294; x_wconf 80' lang='grc' dir='ltr'><strong>ἀνθρωπεία</strong></span> <span class='ocrx_word' id='word_1_180' title='bbox 663 2222 799 2291; x_wconf 79' lang='grc' dir='ltr'><strong>πρὸς</strong></span> <span class='ocrx_word' id='word_1_181' title='bbox 832 2221 1030 2284; x_wconf 80' lang='grc' dir='ltr'><strong>αὐτοὺς</strong></span> <span class='ocrx_word' id='word_1_182' title='bbox 1059 2222 1281 2289; x_wconf 84' lang='grc' dir='ltr'><strong>ἐγένετο</strong></span> <span class='ocrx_word' id='word_1_183' title='bbox 1311 2223 1464 2292; x_wconf 84' lang='grc' dir='ltr'><strong>φωνή</strong></span> <span class='ocrx_word' id='word_1_184' title='bbox 1486 2238 1503 2252; x_wconf 76' lang='grc' dir='ltr'><strong><em>ο</em></strong></span> <span class='ocrx_word' id='word_1_185' title='bbox 1532 2221 1587 2275; x_wconf 91' lang='grc' dir='ltr'><strong>τί</strong></span> <span class='ocrx_word' id='word_1_186' title='bbox 1620 2221 1800 2293; x_wconf 82' lang='grc' dir='ltr'><strong>μάτην</strong></span> <span class='ocrx_word' id='word_1_187' title='bbox 1828 2221 1898 2275; x_wconf 89' lang='grc' dir='ltr'><strong>τά</strong></span> 
     </span>
    </p>
   </div>
   <div class='ocr_carea' id='block_1_24' title="bbox 306 2312 1899 2385">
    <p class='ocr_par' dir='ltr' id='par_1_24' title="bbox 306 2312 1899 2385">
     <span class='ocr_line' id='line_1_24' title="bbox 306 2312 1899 2385; baseline -0.001 -16"><span class='ocrx_word' id='word_1_188' title='bbox 306 2314 671 2385; x_wconf 80' lang='grc' dir='ltr'><strong>οἰκονομικῶς</strong></span> <span class='ocrx_word' id='word_1_189' title='bbox 700 2314 960 2384; x_wconf 86' lang='grc' dir='ltr'><strong>γεγονότα</strong></span> <span class='ocrx_word' id='word_1_190' title='bbox 994 2313 1090 2367; x_wconf 74' lang='grc' dir='ltr'><strong>καὶ</strong></span> <span class='ocrx_word' id='word_1_191' title='bbox 1141 2313 1499 2384; x_wconf 84' lang='grc' dir='ltr'><strong>ἀνθρωπίνως</strong></span> <span class='ocrx_word' id='word_1_192' title='bbox 1546 2312 1899 2384; x_wconf 81' lang='grc' dir='ltr'><strong>διοικούμενα</strong></span> 
     </span>
    </p>
   </div>
   <div class='ocr_carea' id='block_1_25' title="bbox 306 2403 1895 2477">
    <p class='ocr_par' dir='ltr' id='par_1_25' title="bbox 306 2403 1895 2477">
     <span class='ocr_line' id='line_1_25' title="bbox 306 2403 1895 2477; baseline -0.001 -18"><span class='ocrx_word' id='word_1_193' title='bbox 306 2404 379 2460; x_wconf 84' lang='grc' dir='ltr'><strong>δι’</strong></span> <span class='ocrx_word' id='word_1_194' title='bbox 398 2406 547 2475; x_wconf 74' lang='grc' dir='ltr'><strong>ἡμᾶς</strong></span> <span class='ocrx_word' id='word_1_195' title='bbox 576 2404 739 2458; x_wconf 84' lang='grc' dir='ltr'><strong>πάλιν</strong></span> <span class='ocrx_word' id='word_1_196' title='bbox 761 2403 1057 2477; x_wconf 75' lang='grc' dir='ltr'><strong>ἀναφέρεις</strong></span> <span class='ocrx_word' id='word_1_197' title='bbox 1093 2404 1188 2458; x_wconf 71' lang='grc' dir='ltr'><strong>ἐπὶ</strong></span> <span class='ocrx_word' id='word_1_198' title='bbox 1225 2405 1330 2477; x_wconf 78' lang='grc' dir='ltr'><strong>τὴν</strong></span> <span class='ocrx_word' id='word_1_199' title='bbox 1364 2404 1657 2476; x_wconf 85' lang='grc' dir='ltr'><strong>ἀσώματον</strong></span> <span class='ocrx_word' id='word_1_200' title='bbox 1684 2404 1895 2470; x_wconf 78' lang='grc' dir='ltr'><strong>οὐσίαν,</strong></span> 
     </span>
    </p>
   </div>
   <div class='ocr_carea' id='block_1_26' title="bbox 311 2493 1900 2565">
    <p class='ocr_par' dir='ltr' id='par_1_26' title="bbox 311 2493 1900 2565">
     <span class='ocr_line' id='line_1_26' title="bbox 311 2493 1900 2565; baseline 0.001 -18"><span class='ocrx_word' id='word_1_201' title='bbox 311 2494 709 2565; x_wconf 76' lang='grc' dir='ltr'><strong>ῥιψοκινδύνως</strong></span> <span class='ocrx_word' id='word_1_202' title='bbox 733 2493 802 2547; x_wconf 76' lang='grc' dir='ltr'><strong>τὰ</strong></span> <span class='ocrx_word' id='word_1_203' title='bbox 828 2496 896 2565; x_wconf 79' lang='grc' dir='ltr'><strong>τῇ</strong></span> <span class='ocrx_word' id='word_1_204' title='bbox 924 2496 1127 2565; x_wconf 77' lang='grc' dir='ltr'><strong>γενητῇ</strong></span> <span class='ocrx_word' id='word_1_205' title='bbox 1162 2495 1445 2565; x_wconf 81' lang='grc' dir='ltr'><strong>πρέποντα</strong></span> <span class='ocrx_word' id='word_1_206' title='bbox 1489 2493 1651 2564; x_wconf 86' lang='grc' dir='ltr'><strong>φύσει</strong></span> <span class='ocrx_word' id='word_1_207' title='bbox 1678 2496 1773 2548; x_wconf 76' lang='grc' dir='ltr'><strong>καὶ</strong></span> <span class='ocrx_word' id='word_1_208' title='bbox 1805 2493 1900 2553; x_wconf 73' lang='grc' dir='ltr'><strong>ἐπὶ</strong></span> 
     </span>
    </p>
   </div>
   <div class='ocr_carea' id='block_1_27' title="bbox 308 2586 1029 2660">
    <p class='ocr_par' dir='ltr' id='par_1_27' title="bbox 308 2586 1029 2660">
     <span class='ocr_line' id='line_1_27' title="bbox 308 2586 1029 2660; baseline -0.004 -17"><span class='ocrx_word' id='word_1_209' title='bbox 308 2588 411 2660; x_wconf 75' lang='grc' dir='ltr'><strong>τὴν</strong></span> <span class='ocrx_word' id='word_1_210' title='bbox 436 2589 700 2660; x_wconf 83' lang='grc' dir='ltr'><strong>ἀγένητον</strong></span> <span class='ocrx_word' id='word_1_211' title='bbox 724 2586 1029 2655; x_wconf 85' lang='grc' dir='ltr'><strong>άνατιθείς;</strong></span> 
     </span>
    </p>
   </div>
   <div class='ocr_carea' id='block_1_28' title="bbox 997 2870 1204 2924">
    <p class='ocr_par' dir='ltr' id='par_1_28' title="bbox 997 2870 1204 2924">
     <span class='ocr_line' id='line_1_28' title="bbox 997 2870 1204 2924; baseline -0.005 0"><span class='ocrx_word' id='word_1_212' title='bbox 997 2870 1204 2924; x_wconf 77' lang='grc' dir='ltr'><strong>ΔΛΛΟ.</strong></span> 
     </span>
    </p>
   </div>
   <div class='ocr_carea' id='block_1_29' title="bbox 610 2956 1612 3029">
    <p class='ocr_par' dir='ltr' id='par_1_29' title="bbox 610 2956 1612 3029">
     <span class='ocr_line' id='line_1_29' title="bbox 610 2956 1612 3029; baseline -0.007 -10"><span class='ocrx_word' id='word_1_213' title='bbox 610 2956 935 3028; x_wconf 64' lang='grc' dir='ltr'><strong>Ἀντιθεσις</strong></span> <span class='ocrx_word' id='word_1_214' title='bbox 951 2961 1033 3028; x_wconf 83' lang='grc' dir='ltr'><strong>ὡς</strong></span> <span class='ocrx_word' id='word_1_215' title='bbox 1060 2960 1129 3015; x_wconf 78' lang='grc' dir='ltr'><strong>ἐκ</strong></span> <span class='ocrx_word' id='word_1_216' title='bbox 1153 2959 1273 3013; x_wconf 82' lang='grc' dir='ltr'><strong>τῶν</strong></span> <span class='ocrx_word' id='word_1_217' title='bbox 1293 2959 1612 3029; x_wconf 81' lang='grc' dir='ltr'><strong>Εὐνομίου.</strong></span> 
     </span>
    </p>
   </div>
   <div class='ocr_carea' id='block_1_30' title="bbox 382 3049 1901 3123">
    <p class='ocr_par' dir='ltr' id='par_1_30' title="bbox 382 3049 1901 3123">
     <span class='ocr_line' id='line_1_30' title="bbox 382 3049 1901 3123; baseline -0.005 -11"><span class='ocrx_word' id='word_1_218' title='bbox 382 3056 637 3112; x_wconf 75' lang='grc' dir='ltr'><strong>Φαίνεται</strong></span> <span class='ocrx_word' id='word_1_219' title='bbox 685 3073 788 3110; x_wconf 91' lang='grc' dir='ltr'><strong>που</strong></span> <span class='ocrx_word' id='word_1_220' title='bbox 836 3054 1033 3123; x_wconf 88' lang='grc' dir='ltr'><strong>λέγων,</strong></span> <span class='ocrx_word' id='word_1_221' title='bbox 1092 3053 1280 3122; x_wconf 64' lang='grc' dir='ltr'><strong>φασιν,</strong></span> <span class='ocrx_word' id='word_1_222' title='bbox 1331 3054 1360 3105; x_wconf 90' lang='lat'><strong>6</strong></span> <span class='ocrx_word' id='word_1_223' title='bbox 1392 3052 1583 3122; x_wconf 81' lang='grc' dir='ltr'><strong>Πατὴρ</strong></span> <span class='ocrx_word' id='word_1_224' title='bbox 1628 3049 1766 3121; x_wconf 80' lang='grc' dir='ltr'><strong>πρὸς</strong></span> <span class='ocrx_word' id='word_1_225' title='bbox 1808 3049 1901 3104; x_wconf 81' lang='grc' dir='ltr'><strong>τὸν</strong></span> 
     </span>
    </p>
   </div>
   <div class='ocr_carea' id='block_1_31' title="bbox 314 3140 1903 3215">
    <p class='ocr_par' dir='ltr' id='par_1_31' title="bbox 314 3140 1903 3215">
     <span class='ocr_line' id='line_1_31' title="bbox 314 3140 1903 3215; baseline -0.007 -13"><span class='ocrx_word' id='word_1_226' title='bbox 314 3147 473 3202; x_wconf 80' lang='grc' dir='ltr'><strong>Υιόν·</strong></span> <span class='ocrx_word' id='word_1_227' title='bbox 507 3165 526 3197; x_wconf 76' lang='grc' dir='ltr'><strong>ι</strong></span> <span class='ocrx_word' id='word_1_228' title='bbox 564 3147 887 3215; x_wconf 82' lang='grc' dir='ltr'><strong>Ποιήσωμεν</strong></span> <span class='ocrx_word' id='word_1_229' title='bbox 912 3143 1221 3213; x_wconf 68' lang='grc' dir='ltr'><strong>ἄνθρωπον.</strong></span> <span class='ocrx_word' id='word_1_230' title='bbox 1256 3162 1276 3194; x_wconf 72' lang='grc' dir='ltr'><strong>ι</strong></span> <span class='ocrx_word' id='word_1_231' title='bbox 1308 3141 1419 3194; x_wconf 89' lang='lat' dir='ltr'><strong>Kal</strong></span> <span class='ocrx_word' id='word_1_232' title='bbox 1449 3140 1610 3204; x_wconf 78' lang='grc' dir='ltr'><strong>αὐτὸς</strong></span> <span class='ocrx_word' id='word_1_233' title='bbox 1640 3140 1707 3211; x_wconf 76' lang='grc' dir='ltr'><strong>δὴ</strong></span> <span class='ocrx_word' id='word_1_234' title='bbox 1736 3140 1903 3193; x_wconf 86' lang='grc' dir='ltr'><strong>πάλιν</strong></span> 
     </span>
    </p>
   </div>
   <div class='ocr_carea' id='block_1_32' title="bbox 311 3228 1977 3321">
    <p class='ocr_par' dir='ltr' id='par_1_32' title="bbox 311 3228 1977 3321">
     <span class='ocr_line' id='line_1_32' title="bbox 311 3228 1977 3321; baseline -0.005 -29"><span class='ocrx_word' id='word_1_235' title='bbox 311 3242 341 3293; x_wconf 90' lang='grc' dir='ltr'><strong>ό</strong></span> <span class='ocrx_word' id='word_1_236' title='bbox 369 3239 565 3309; x_wconf 83' lang='grc' dir='ltr'><strong>Σωτὴρ</strong></span> <span class='ocrx_word' id='word_1_237' title='bbox 603 3237 741 3307; x_wconf 82' lang='grc' dir='ltr'><strong>πρὸς</strong></span> <span class='ocrx_word' id='word_1_238' title='bbox 783 3235 1069 3298; x_wconf 80' lang='grc' dir='ltr'><strong>Ἰουδαίους</strong></span> <span class='ocrx_word' id='word_1_239' title='bbox 1091 3234 1475 3305; x_wconf 83' lang='grc' dir='ltr'><strong>διαλεγόμενος</strong></span> <span class='ocrx_word' id='word_1_240' title='bbox 1507 3233 1659 3301; x_wconf 82' lang='grc' dir='ltr'><strong>λέγει</strong></span> <span class='ocrx_word' id='word_1_241' title='bbox 1685 3248 1699 3263; x_wconf 89' lang='grc'><strong>·</strong></span> <span class='ocrx_word' id='word_1_242' title='bbox 1732 3252 1749 3284; x_wconf 75' lang='grc' dir='ltr'><strong>ι</strong></span> <span class='ocrx_word' id='word_1_243' title='bbox 1772 3228 1903 3285; x_wconf 85' lang='grc' dir='ltr'><strong>Ἀπ’</strong></span> <span class='ocrx_word' id='word_1_244' title='bbox 1934 3263 1977 3321; x_wconf 77' lang='lat' dir='ltr'><strong>C</strong></span> 
     </span>
    </p>
   </div>
   <div class='ocr_carea' id='block_1_33' title="bbox 312 3323 1902 3405">
    <p class='ocr_par' dir='ltr' id='par_1_33' title="bbox 312 3323 1902 3405">
     <span class='ocr_line' id='line_1_33' title="bbox 312 3323 1902 3405; baseline -0.003 -22"><span class='ocrx_word' id='word_1_245' title='bbox 312 3330 558 3405; x_wconf 81' lang='grc' dir='ltr'><strong>ἐμαυτοῦ</strong></span> <span class='ocrx_word' id='word_1_246' title='bbox 591 3330 651 3382; x_wconf 84' lang='grc' dir='ltr'><strong>οὐ</strong></span> <span class='ocrx_word' id='word_1_247' title='bbox 674 3327 842 3393; x_wconf 85' lang='grc' dir='ltr'><strong>λαλῶ,</strong></span> <span class='ocrx_word' id='word_1_248' title='bbox 865 3327 984 3381; x_wconf 83' lang='grc' dir='ltr'><strong>ἀλλ’</strong></span> <span class='ocrx_word' id='word_1_249' title='bbox 1004 3328 1105 3381; x_wconf 83' lang='grc' dir='ltr'><strong>ὅσα</strong></span> <span class='ocrx_word' id='word_1_250' title='bbox 1130 3326 1337 3397; x_wconf 71' lang='grc' dir='ltr'><strong>ηκουσα</strong></span> <span class='ocrx_word' id='word_1_251' title='bbox 1367 3324 1520 3395; x_wconf 79' lang='grc' dir='ltr'><strong>παρὰ</strong></span> <span class='ocrx_word' id='word_1_252' title='bbox 1546 3323 1638 3377; x_wconf 82' lang='grc' dir='ltr'><strong>τοῦ</strong></span> <span class='ocrx_word' id='word_1_253' title='bbox 1666 3323 1902 3394; x_wconf 83' lang='grc' dir='ltr'><strong>Πατρὸς,</strong></span> 
     </span>
    </p>
   </div>
   <div class='ocr_carea' id='block_1_34' title="bbox 314 3411 1904 3489">
    <p class='ocr_par' dir='ltr' id='par_1_34' title="bbox 314 3411 1904 3489">
     <span class='ocr_line' id='line_1_34' title="bbox 314 3411 1904 3489; baseline -0.006 -12"><span class='ocrx_word' id='word_1_254' title='bbox 314 3421 489 3478; x_wconf 81' lang='grc' dir='ltr'><strong>ταῦτα</strong></span> <span class='ocrx_word' id='word_1_255' title='bbox 520 3419 851 3489; x_wconf 79' lang='grc' dir='ltr'><strong>ἀπαγγέλλω</strong></span> <span class='ocrx_word' id='word_1_256' title='bbox 881 3420 1044 3489; x_wconf 56' lang='grc' dir='ltr'><strong>ὑμῖν(</strong></span> <span class='ocrx_word' id='word_1_257' title='bbox 1060 3436 1079 3468; x_wconf 82' lang='grc' dir='ltr'><strong>ι</strong></span> <span class='ocrx_word' id='word_1_258' title='bbox 1110 3412 1238 3487; x_wconf 72' lang='lat' dir='ltr'><strong>&#39;Ap‘</strong></span> <span class='ocrx_word' id='word_1_259' title='bbox 1257 3411 1352 3469; x_wconf 77' lang='grc' dir='ltr'><strong>οὖν</strong></span> <span class='ocrx_word' id='word_1_260' title='bbox 1375 3415 1430 3467; x_wconf 84' lang='grc' dir='ltr'><strong>εῐ</strong></span> <span class='ocrx_word' id='word_1_261' title='bbox 1445 3432 1529 3478; x_wconf 88' lang='grc' dir='ltr'><strong>τις</strong></span> <span class='ocrx_word' id='word_1_262' title='bbox 1557 3415 1702 3485; x_wconf 81' lang='grc' dir='ltr'><strong>ὑμᾶς</strong></span> <span class='ocrx_word' id='word_1_263' title='bbox 1722 3413 1904 3485; x_wconf 76' lang='grc' dir='ltr'><strong>ἔροιτο</strong></span> 
     </span>
    </p>
   </div>
   <div class='ocr_carea' id='block_1_35' title="bbox 318 3505 1904 3581">
    <p class='ocr_par' dir='ltr' id='par_1_35' title="bbox 318 3505 1904 3581">
     <span class='ocr_line' id='line_1_35' title="bbox 318 3505 1904 3581; baseline -0.007 -14"><span class='ocrx_word' id='word_1_264' title='bbox 318 3514 447 3577; x_wconf 73' lang='grc' dir='ltr'><strong>τοὺς</strong></span> <span class='ocrx_word' id='word_1_265' title='bbox 468 3513 562 3565; x_wconf 78' lang='grc' dir='ltr'><strong>ἐπὶ</strong></span> <span class='ocrx_word' id='word_1_266' title='bbox 594 3512 884 3581; x_wconf 80' lang='grc' dir='ltr'><strong>δογμάτων</strong></span> <span class='ocrx_word' id='word_1_267' title='bbox 921 3508 1177 3580; x_wconf 82' lang='grc' dir='ltr'><strong>ὀρθότητι</strong></span> <span class='ocrx_word' id='word_1_268' title='bbox 1201 3505 1773 3578; x_wconf 79' lang='grc' dir='ltr'><strong>μεγαλαυχουμένους,</strong></span> <span class='ocrx_word' id='word_1_269' title='bbox 1802 3505 1904 3557; x_wconf 87' lang='grc' dir='ltr'><strong>πό-</strong></span> 
     </span>
    </p>
   </div>
   <div class='ocr_carea' id='block_1_36' title="bbox 312 3595 1904 3675">
    <p class='ocr_par' dir='ltr' id='par_1_36' title="bbox 312 3595 1904 3675">
     <span class='ocr_line' id='line_1_36' title="bbox 312 3595 1904 3675; baseline -0.006 -17"><span class='ocrx_word' id='word_1_270' title='bbox 312 3605 475 3675; x_wconf 78' lang='grc' dir='ltr'><strong>τερόν</strong></span> <span class='ocrx_word' id='word_1_271' title='bbox 509 3619 638 3656; x_wconf 90' lang='grc' dir='ltr'><strong>ποτε</strong></span> <span class='ocrx_word' id='word_1_272' title='bbox 672 3602 748 3665; x_wconf 84' lang='grc' dir='ltr'><strong>ὡς</strong></span> <span class='ocrx_word' id='word_1_273' title='bbox 781 3601 917 3671; x_wconf 82' lang='grc' dir='ltr'><strong>πρὸς</strong></span> <span class='ocrx_word' id='word_1_274' title='bbox 950 3599 1131 3654; x_wconf 89' lang='grc' dir='ltr'><strong>εἰδότα</strong></span> <span class='ocrx_word' id='word_1_275' title='bbox 1176 3598 1267 3652; x_wconf 83' lang='grc' dir='ltr'><strong>τὸν</strong></span> <span class='ocrx_word' id='word_1_276' title='bbox 1302 3597 1428 3652; x_wconf 72' lang='grc' dir='ltr'><strong>Υἰδν</strong></span> <span class='ocrx_word' id='word_1_277' title='bbox 1475 3599 1503 3649; x_wconf 91' lang='lat'><strong>6</strong></span> <span class='ocrx_word' id='word_1_278' title='bbox 1549 3595 1740 3667; x_wconf 82' lang='grc' dir='ltr'><strong>Πατὴρ</strong></span> <span class='ocrx_word' id='word_1_279' title='bbox 1766 3597 1904 3666; x_wconf 84' lang='grc' dir='ltr'><strong>ὅπερ</strong></span> 
     </span>
    </p>
   </div>
   <div class='ocr_carea' id='block_1_37' title="bbox 313 3687 1904 3766">
    <p class='ocr_par' dir='ltr' id='par_1_37' title="bbox 313 3687 1904 3766">
     <span class='ocr_line' id='line_1_37' title="bbox 313 3687 1904 3766; baseline -0.006 -16"><span class='ocrx_word' id='word_1_280' title='bbox 313 3695 541 3766; x_wconf 66' lang='grc' dir='ltr'><strong>ἔμελλεν</strong></span> <span class='ocrx_word' id='word_1_281' title='bbox 569 3695 715 3765; x_wconf 80' lang='grc' dir='ltr'><strong>ἐρεῖν</strong></span> <span class='ocrx_word' id='word_1_282' title='bbox 752 3691 1094 3761; x_wconf 81' lang='grc' dir='ltr'><strong>διαλέγεται,</strong></span> <span class='ocrx_word' id='word_1_283' title='bbox 1138 3690 1172 3761; x_wconf 80' lang='grc' dir='ltr'>ἢ</span> <span class='ocrx_word' id='word_1_284' title='bbox 1206 3691 1282 3754; x_wconf 82' lang='grc' dir='ltr'><strong>ὡς</strong></span> <span class='ocrx_word' id='word_1_285' title='bbox 1309 3690 1446 3761; x_wconf 80' lang='grc' dir='ltr'><strong>πρὸς</strong></span> <span class='ocrx_word' id='word_1_286' title='bbox 1493 3688 1570 3759; x_wconf 84' lang='grc' dir='ltr'><strong>μὴ</strong></span> <span class='ocrx_word' id='word_1_287' title='bbox 1610 3687 1810 3751; x_wconf 86' lang='grc' dir='ltr'><strong>εἰδότα,</strong></span> <span class='ocrx_word' id='word_1_288' title='bbox 1850 3688 1904 3741; x_wconf 87' lang='grc' dir='ltr'><strong>τί</strong></span> 
     </span>
    </p>
   </div>
   <div class='ocr_carea' id='block_1_38' title="bbox 312 3776 1907 3857">
    <p class='ocr_par' dir='ltr' id='par_1_38' title="bbox 312 3776 1907 3857">
     <span class='ocr_line' id='line_1_38' title="bbox 312 3776 1907 3857; baseline -0.006 -15"><span class='ocrx_word' id='word_1_289' title='bbox 312 3787 380 3842; x_wconf 72' lang='grc' dir='ltr'><strong>ἂν</strong></span> <span class='ocrx_word' id='word_1_290' title='bbox 405 3783 797 3857; x_wconf 81' lang='grc' dir='ltr'><strong>ἀποκρίνοισθε</strong></span> <span class='ocrx_word' id='word_1_291' title='bbox 823 3801 838 3850; x_wconf 92' lang='lat'><strong>;</strong></span> <span class='ocrx_word' id='word_1_292' title='bbox 888 3784 951 3836; x_wconf 85' lang='lat' dir='ltr'><strong>El</strong></span> <span class='ocrx_word' id='word_1_293' title='bbox 985 3782 1085 3853; x_wconf 74' lang='grc' dir='ltr'><strong>μὲν</strong></span> <span class='ocrx_word' id='word_1_294' title='bbox 1110 3776 1202 3836; x_wconf 81' lang='grc' dir='ltr'><strong>οὖν</strong></span> <span class='ocrx_word' id='word_1_295' title='bbox 1226 3782 1327 3835; x_wconf 82' lang='grc' dir='ltr'><strong>οὐκ</strong></span> <span class='ocrx_word' id='word_1_296' title='bbox 1358 3779 1489 3845; x_wconf 69' lang='grc' dir='ltr'><strong>οἶδε,</strong></span> <span class='ocrx_word' id='word_1_297' title='bbox 1548 3778 1814 3850; x_wconf 78' lang='grc' dir='ltr'><strong>μανθάνει</strong></span> <span class='ocrx_word' id='word_1_298' title='bbox 1844 3779 1907 3833; x_wconf 75' lang='grc' dir='ltr'><strong>δὲ</strong></span> 
     </span>
    </p>
   </div>
   <div class='ocr_carea' id='block_1_39' title="bbox 311 3872 1903 3945">
    <p class='ocr_par' dir='ltr' id='par_1_39' title="bbox 311 3872 1903 3945">
     <span class='ocr_line' id='line_1_39' title="bbox 311 3872 1903 3945; baseline -0.005 -12"><span class='ocrx_word' id='word_1_299' title='bbox 311 3880 437 3933; x_wconf 82' lang='grc' dir='ltr'><strong>τότε</strong></span> <span class='ocrx_word' id='word_1_300' title='bbox 469 3874 761 3931; x_wconf 85' lang='grc' dir='ltr'><strong>ὅτανὸτοῦ</strong></span> <span class='ocrx_word' id='word_1_301' title='bbox 796 3875 1010 3945; x_wconf 83' lang='grc' dir='ltr'><strong>Πατρὸς</strong></span> <span class='ocrx_word' id='word_1_302' title='bbox 1059 3874 1218 3943; x_wconf 91' lang='grc' dir='ltr'><strong>λόγος</strong></span> <span class='ocrx_word' id='word_1_303' title='bbox 1274 3874 1413 3944; x_wconf 80' lang='grc' dir='ltr'><strong>πρὸς</strong></span> <span class='ocrx_word' id='word_1_304' title='bbox 1458 3872 1620 3926; x_wconf 79' lang='grc' dir='ltr'><strong>αὑτὸν</strong></span> <span class='ocrx_word' id='word_1_305' title='bbox 1672 3873 1903 3943; x_wconf 89' lang='grc' dir='ltr'><strong>γένηται</strong></span> 
     </span>
    </p>
   </div>
   <div class='ocr_carea' id='block_1_40' title="bbox 312 3963 1905 4041">
    <p class='ocr_par' dir='ltr' id='par_1_40' title="bbox 312 3963 1905 4041">
     <span class='ocr_line' id='line_1_40' title="bbox 312 3963 1905 4041; baseline -0.004 -18"><span class='ocrx_word' id='word_1_306' title='bbox 312 3969 447 4041; x_wconf 82' lang='grc' dir='ltr'><strong>περί</strong></span> <span class='ocrx_word' id='word_1_307' title='bbox 480 3986 650 4035; x_wconf 90' lang='grc' dir='ltr'><strong>τινος,</strong></span> <span class='ocrx_word' id='word_1_308' title='bbox 671 3967 856 4038; x_wconf 73' lang='grc' dir='ltr'><strong>ἕτερός</strong></span> <span class='ocrx_word' id='word_1_309' title='bbox 880 3969 996 4020; x_wconf 85' lang='grc' dir='ltr'><strong>ἐστι</strong></span> <span class='ocrx_word' id='word_1_310' title='bbox 1028 3966 1178 4037; x_wconf 78' lang='grc' dir='ltr'><strong>παρὰ</strong></span> <span class='ocrx_word' id='word_1_311' title='bbox 1214 3965 1305 4019; x_wconf 78' lang='grc' dir='ltr'><strong>τὸν</strong></span> <span class='ocrx_word' id='word_1_312' title='bbox 1335 3964 1465 4017; x_wconf 75' lang='grc' dir='ltr'><strong>ὄντα</strong></span> <span class='ocrx_word' id='word_1_313' title='bbox 1507 3964 1669 4032; x_wconf 86' lang='grc' dir='ltr'><strong>φύσει</strong></span> <span class='ocrx_word' id='word_1_314' title='bbox 1693 3979 1708 3994; x_wconf 90' lang='grc'><strong>·</strong></span> <span class='ocrx_word' id='word_1_315' title='bbox 1761 3965 1811 4017; x_wconf 90' lang='grc' dir='ltr'><strong>εἰ</strong></span> <span class='ocrx_word' id='word_1_316' title='bbox 1846 3963 1905 4016; x_wconf 78' lang='grc' dir='ltr'><strong>δὲ</strong></span> 
     </span>
    </p>
   </div>
   <div class='ocr_carea' id='block_1_41' title="bbox 313 4048 1903 4125">
    <p class='ocr_par' dir='ltr' id='par_1_41' title="bbox 313 4048 1903 4125">
     <span class='ocr_line' id='line_1_41' title="bbox 313 4048 1903 4125; baseline -0.007 -14"><span class='ocrx_word' id='word_1_317' title='bbox 313 4055 447 4124; x_wconf 81' lang='grc' dir='ltr'><strong>οἶδε,</strong></span> <span class='ocrx_word' id='word_1_318' title='bbox 475 4057 592 4119; x_wconf 84' lang='grc' dir='ltr'><strong>πῶς</strong></span> <span class='ocrx_word' id='word_1_319' title='bbox 624 4057 724 4109; x_wconf 82' lang='grc' dir='ltr'><strong>οὐκ</strong></span> <span class='ocrx_word' id='word_1_320' title='bbox 762 4053 980 4125; x_wconf 81' lang='grc' dir='ltr'><strong>ἀμαθὲς</strong></span> <span class='ocrx_word' id='word_1_321' title='bbox 1014 4055 1108 4106; x_wconf 80' lang='grc' dir='ltr'><strong>καὶ</strong></span> <span class='ocrx_word' id='word_1_322' title='bbox 1162 4052 1388 4121; x_wconf 87' lang='grc' dir='ltr'><strong>ἀνόητον</strong></span> <span class='ocrx_word' id='word_1_323' title='bbox 1429 4050 1493 4104; x_wconf 84' lang='grc' dir='ltr'><strong>τὸ</strong></span> <span class='ocrx_word' id='word_1_324' title='bbox 1538 4050 1676 4123; x_wconf 87' lang='lat'><em>1:96;</em></span> <span class='ocrx_word' id='word_1_325' title='bbox 1724 4048 1903 4101; x_wconf 89' lang='grc' dir='ltr'><strong>εἰδότα</strong></span> 
     </span>
    </p>
   </div>
   <div class='ocr_carea' id='block_1_42' title="bbox 313 4141 1905 4219">
    <p class='ocr_par' dir='ltr' id='par_1_42' title="bbox 313 4141 1905 4219">
     <span class='ocr_line' id='line_1_42' title="bbox 313 4141 1905 4219; baseline -0.007 -15"><span class='ocrx_word' id='word_1_326' title='bbox 313 4151 499 4219; x_wconf 76' lang='grc' dir='ltr'><strong>λέγειν</strong></span> <span class='ocrx_word' id='word_1_327' title='bbox 536 4149 725 4217; x_wconf 80' lang='grc' dir='ltr'><strong>ὥσπερ</strong></span> <span class='ocrx_word' id='word_1_328' title='bbox 768 4148 869 4200; x_wconf 73' lang='grc' dir='ltr'><strong>οὐκ</strong></span> <span class='ocrx_word' id='word_1_329' title='bbox 910 4146 1128 4210; x_wconf 76' lang='grc' dir='ltr'><strong>εἰδότας</strong></span> <span class='ocrx_word' id='word_1_330' title='bbox 1181 4143 1292 4197; x_wconf 87' lang='lat' dir='ltr'><strong>Kal</strong></span> <span class='ocrx_word' id='word_1_331' title='bbox 1325 4142 1412 4196; x_wconf 86' lang='grc' dir='ltr'><strong>ἐπ’</strong></span> <span class='ocrx_word' id='word_1_332' title='bbox 1459 4141 1764 4213; x_wconf 84' lang='grc' dir='ltr'><strong>ἀνθρώπων</strong></span> <span class='ocrx_word' id='word_1_333' title='bbox 1794 4141 1905 4211; x_wconf 85' lang='grc' dir='ltr'><strong>γὰρ</strong></span> 
     </span>
    </p>
   </div>
   <div class='ocr_carea' id='block_1_43' title="bbox 314 4234 1904 4307">
    <p class='ocr_par' dir='ltr' id='par_1_43' title="bbox 314 4234 1904 4307">
     <span class='ocr_line' id='line_1_43' title="bbox 314 4234 1904 4307; baseline -0.006 -11"><span class='ocrx_word' id='word_1_334' title='bbox 314 4244 419 4296; x_wconf 78' lang='grc' dir='ltr'><strong>οὐκ</strong></span> <span class='ocrx_word' id='word_1_335' title='bbox 466 4240 570 4306; x_wconf 70' lang='grc' dir='ltr'><strong>ἔξω</strong></span> <span class='ocrx_word' id='word_1_336' title='bbox 613 4240 772 4307; x_wconf 87' lang='grc' dir='ltr'><strong>λόγου</strong></span> <span class='ocrx_word' id='word_1_337' title='bbox 804 4238 871 4291; x_wconf 82' lang='grc' dir='ltr'><strong>τὸ</strong></span> <span class='ocrx_word' id='word_1_338' title='bbox 914 4237 1159 4291; x_wconf 83' lang='grc' dir='ltr'><strong>τοιοῦτον</strong></span> <span class='ocrx_word' id='word_1_339' title='bbox 1188 4238 1448 4291; x_wconf 85' lang='grc' dir='ltr'><strong>κείσεται.</strong></span> <span class='ocrx_word' id='word_1_340' title='bbox 1506 4235 1571 4288; x_wconf 85' lang='grc' dir='ltr'><strong>Εἰ</strong></span> <span class='ocrx_word' id='word_1_341' title='bbox 1611 4234 1669 4288; x_wconf 77' lang='grc' dir='ltr'><strong>δὲ</strong></span> <span class='ocrx_word' id='word_1_342' title='bbox 1701 4235 1904 4288; x_wconf 76' lang='grc' dir='ltr'><strong>ἄτοπον</strong></span> 
     </span>
    </p>
   </div>
   <div class='ocr_carea' id='block_1_44' title="bbox 314 4326 1903 4402">
    <p class='ocr_par' dir='ltr' id='par_1_44' title="bbox 314 4326 1903 4402">
     <span class='ocr_line' id='line_1_44' title="bbox 314 4326 1903 4402; baseline -0.006 -15"><span class='ocrx_word' id='word_1_343' title='bbox 314 4331 550 4402; x_wconf 84' lang='grc' dir='ltr'><strong>τοιούτῳ</strong></span> <span class='ocrx_word' id='word_1_344' title='bbox 578 4332 686 4383; x_wconf 78' lang='grc' dir='ltr'><strong>τινὶ</strong></span> <span class='ocrx_word' id='word_1_345' title='bbox 721 4328 1076 4401; x_wconf 81' lang='grc' dir='ltr'><strong>περιπίπτειν</strong></span> <span class='ocrx_word' id='word_1_346' title='bbox 1116 4328 1284 4398; x_wconf 82' lang='grc' dir='ltr'><strong>φάναι</strong></span> <span class='ocrx_word' id='word_1_347' title='bbox 1318 4328 1409 4382; x_wconf 81' lang='grc' dir='ltr'><strong>τὸν</strong></span> <span class='ocrx_word' id='word_1_348' title='bbox 1439 4326 1593 4391; x_wconf 83' lang='grc' dir='ltr'><strong>Θεὸν,</strong></span> <span class='ocrx_word' id='word_1_349' title='bbox 1631 4326 1789 4396; x_wconf 84' lang='grc' dir='ltr'><strong>δῆλον</strong></span> <span class='ocrx_word' id='word_1_350' title='bbox 1821 4327 1903 4380; x_wconf 84' lang='grc' dir='ltr'><strong>ὅτι</strong></span> 
     </span>
    </p>
   </div>
   <div class='ocr_carea' id='block_1_45' title="bbox 315 4414 1906 4495">
    <p class='ocr_par' dir='ltr' id='par_1_45' title="bbox 315 4414 1906 4495">
     <span class='ocr_line' id='line_1_45' title="bbox 315 4414 1906 4495; baseline -0.006 -17"><span class='ocrx_word' id='word_1_351' title='bbox 315 4426 394 4488; x_wconf 84' lang='grc' dir='ltr'><strong>ὡς</strong></span> <span class='ocrx_word' id='word_1_352' title='bbox 422 4424 560 4495; x_wconf 85' lang='grc' dir='ltr'><strong>πρὸς</strong></span> <span class='ocrx_word' id='word_1_353' title='bbox 602 4424 702 4476; x_wconf 76' lang='grc' dir='ltr'><strong>οὐκ</strong></span> <span class='ocrx_word' id='word_1_354' title='bbox 736 4422 912 4475; x_wconf 84' lang='grc' dir='ltr'><strong>εἰδότα</strong></span> <span class='ocrx_word' id='word_1_355' title='bbox 952 4421 1123 4490; x_wconf 88' lang='grc' dir='ltr'><strong>λέγει.</strong></span> <span class='ocrx_word' id='word_1_356' title='bbox 1173 4418 1312 4473; x_wconf 80' lang='grc' dir='ltr'><strong>Οὔτε</strong></span> <span class='ocrx_word' id='word_1_357' title='bbox 1353 4414 1447 4473; x_wconf 80' lang='grc' dir='ltr'><strong>οὖν</strong></span> <span class='ocrx_word' id='word_1_358' title='bbox 1487 4419 1651 4485; x_wconf 82' lang='grc' dir='ltr'><strong>αὑτός</strong></span> <span class='ocrx_word' id='word_1_359' title='bbox 1683 4419 1831 4470; x_wconf 82' lang='grc' dir='ltr'><strong>ἐστιν</strong></span> <span class='ocrx_word' id='word_1_360' title='bbox 1876 4418 1906 4469; x_wconf 90' lang='grc' dir='ltr'><strong>ό</strong></span> 
     </span>
    </p>
   </div>
   <div class='ocr_carea' id='block_1_46' title="bbox 315 4504 1905 4580">
    <p class='ocr_par' dir='ltr' id='par_1_46' title="bbox 315 4504 1905 4580">
     <span class='ocr_line' id='line_1_46' title="bbox 315 4504 1905 4580; baseline -0.004 -14"><span class='ocrx_word' id='word_1_361' title='bbox 315 4508 623 4575; x_wconf 67' lang='grc' dir='ltr'><strong>ἐνδιάθετος</strong></span> <span class='ocrx_word' id='word_1_362' title='bbox 681 4510 874 4579; x_wconf 86' lang='grc' dir='ltr'><strong>Λόγος,</strong></span> <span class='ocrx_word' id='word_1_363' title='bbox 910 4508 1034 4564; x_wconf 76' lang='grc' dir='ltr'><strong>οὔτε</strong></span> <span class='ocrx_word' id='word_1_364' title='bbox 1086 4508 1193 4580; x_wconf 84' lang='grc' dir='ltr'><strong>μὴν</strong></span> <span class='ocrx_word' id='word_1_365' title='bbox 1232 4504 1371 4562; x_wconf 79' lang='grc' dir='ltr'><strong>οἶδεν</strong></span> <span class='ocrx_word' id='word_1_366' title='bbox 1424 4507 1569 4578; x_wconf 78' lang='grc' dir='ltr'><strong>άπερ</strong></span> <span class='ocrx_word' id='word_1_367' title='bbox 1603 4506 1850 4577; x_wconf 84' lang='grc' dir='ltr'><strong>βούλεται</strong></span> <span class='ocrx_word' id='word_1_368' title='bbox 1876 4506 1905 4558; x_wconf 96' lang='lat'><strong>6</strong></span> 
     </span>
    </p>
   </div>
   <div class='ocr_carea' id='block_1_47' title="bbox 1998 671 3580 740">
    <p class='ocr_par' dir='ltr' id='par_1_47' title="bbox 1998 671 3580 740">
     <span class='ocr_line' id='line_1_47' title="bbox 1998 671 3580 740; baseline 0.004 -16"><span class='ocrx_word' id='word_1_369' title='bbox 1998 671 2307 727; x_wconf 80' lang='lat' dir='ltr'><strong>venientem</strong></span> <span class='ocrx_word' id='word_1_370' title='bbox 2350 673 2399 728; x_wconf 93' lang='lat' dir='ltr'><strong>ei</strong></span> <span class='ocrx_word' id='word_1_371' title='bbox 2451 674 2749 740; x_wconf 79' lang='lat' dir='ltr'><strong>rationem,</strong></span> <span class='ocrx_word' id='word_1_372' title='bbox 2802 689 2907 729; x_wconf 89' lang='lat' dir='ltr'><strong>non</strong></span> <span class='ocrx_word' id='word_1_373' title='bbox 2947 675 3106 730; x_wconf 87' lang='lat' dir='ltr'><strong>talem</strong></span> <span class='ocrx_word' id='word_1_374' title='bbox 3154 690 3278 731; x_wconf 89' lang='lat' dir='ltr'><strong>esse</strong></span> <span class='ocrx_word' id='word_1_375' title='bbox 3326 677 3580 731; x_wconf 82' lang='lat' dir='ltr'><strong>censebis</strong></span> 
     </span>
    </p>
   </div>
   <div class='ocr_carea' id='block_1_48' title="bbox 1994 760 3578 837">
    <p class='ocr_par' dir='ltr' id='par_1_48' title="bbox 1994 760 3578 837">
     <span class='ocr_line' id='line_1_48' title="bbox 1994 760 3578 837; baseline 0.004 -22"><span class='ocrx_word' id='word_1_376' title='bbox 1994 760 2174 818; x_wconf 90' lang='lat' dir='ltr'><strong>Patris</strong></span> <span class='ocrx_word' id='word_1_377' title='bbox 2237 778 2446 830; x_wconf 90' lang='lat' dir='ltr'><strong>vocem,</strong></span> <span class='ocrx_word' id='word_1_378' title='bbox 2499 773 2557 820; x_wconf 89' lang='lat' dir='ltr'><strong>ut</strong></span> <span class='ocrx_word' id='word_1_379' title='bbox 2603 765 2656 819; x_wconf 92' lang='lat' dir='ltr'><strong>in</strong></span> <span class='ocrx_word' id='word_1_380' title='bbox 2716 765 2959 821; x_wconf 86' lang='lat' dir='ltr'><strong>auditum</strong></span> <span class='ocrx_word' id='word_1_381' title='bbox 3028 766 3387 837; x_wconf 75' lang='lat' dir='ltr'><strong>corporaliter</strong></span> <span class='ocrx_word' id='word_1_382' title='bbox 3428 767 3578 823; x_wconf 86' lang='lat' dir='ltr'><strong>fera-</strong></span> 
     </span>
    </p>
   </div>
   <div class='ocr_carea' id='block_1_49' title="bbox 1996 852 3576 926">
    <p class='ocr_par' dir='ltr' id='par_1_49' title="bbox 1996 852 3576 926">
     <span class='ocr_line' id='line_1_49' title="bbox 1996 852 3576 926; baseline 0.003 -18"><span class='ocrx_word' id='word_1_383' title='bbox 1996 864 2103 909; x_wconf 88' lang='lat' dir='ltr'><strong>tur.</strong></span> <span class='ocrx_word' id='word_1_384' title='bbox 2185 852 2372 926; x_wconf 85' lang='lat' dir='ltr'><strong>Neque</strong></span> <span class='ocrx_word' id='word_1_385' title='bbox 2431 856 2576 911; x_wconf 91' lang='lat' dir='ltr'><strong>enim</strong></span> <span class='ocrx_word' id='word_1_386' title='bbox 2645 856 2792 911; x_wconf 89' lang='lat' dir='ltr'><strong>solus</strong></span> <span class='ocrx_word' id='word_1_387' title='bbox 2862 855 3120 912; x_wconf 79' lang='lat' dir='ltr'><strong>Dominus</strong></span> <span class='ocrx_word' id='word_1_388' title='bbox 3190 856 3400 913; x_wconf 76' lang='lat' dir='ltr'><strong>audivit</strong></span> <span class='ocrx_word' id='word_1_389' title='bbox 3471 857 3576 913; x_wconf 85' lang='lat' dir='ltr'><strong>Pa-</strong></span> 
     </span>
    </p>
   </div>
   <div class='ocr_carea' id='block_1_50' title="bbox 1996 946 3580 1019">
    <p class='ocr_par' dir='ltr' id='par_1_50' title="bbox 1996 946 3580 1019">
     <span class='ocr_line' id='line_1_50' title="bbox 1996 946 3580 1019; baseline 0.002 -19"><span class='ocrx_word' id='word_1_390' title='bbox 1996 955 2133 1001; x_wconf 85' lang='lat' dir='ltr'><strong>trem</strong></span> <span class='ocrx_word' id='word_1_391' title='bbox 2192 946 2466 1003; x_wconf 84' lang='lat' dir='ltr'><strong>dicentem</strong></span> <span class='ocrx_word' id='word_1_392' title='bbox 2498 963 2514 999; x_wconf 90' lang='lat'><strong>:</strong></span> <span class='ocrx_word' id='word_1_393' title='bbox 2562 966 2581 1001; x_wconf 79' lang='lat' dir='ltr'><strong>s</strong></span> <span class='ocrx_word' id='word_1_394' title='bbox 2626 947 2691 1001; x_wconf 88' lang='lat' dir='ltr'><strong>Et</strong></span> <span class='ocrx_word' id='word_1_395' title='bbox 2724 946 3045 1018; x_wconf 83' lang='lat' dir='ltr'><strong>glorificavl,</strong></span> <span class='ocrx_word' id='word_1_396' title='bbox 3078 956 3135 1004; x_wconf 87' lang='lat' dir='ltr'><strong>et</strong></span> <span class='ocrx_word' id='word_1_397' title='bbox 3175 949 3378 1005; x_wconf 88' lang='lat' dir='ltr'><strong>iterum</strong></span> <span class='ocrx_word' id='word_1_398' title='bbox 3410 948 3580 1019; x_wconf 89' lang='lat' dir='ltr'><strong>glori-</strong></span> 
     </span>
    </p>
   </div>
   <div class='ocr_carea' id='block_1_51' title="bbox 1999 1038 3581 1109">
    <p class='ocr_par' dir='ltr' id='par_1_51' title="bbox 1999 1038 3581 1109">
     <span class='ocr_line' id='line_1_51' title="bbox 1999 1038 3581 1109; baseline 0.002 -18"><span class='ocrx_word' id='word_1_399' title='bbox 1999 1038 2194 1104; x_wconf 79' lang='lat' dir='ltr'><strong>ticabo,</strong></span> <span class='ocrx_word' id='word_1_400' title='bbox 2232 1058 2254 1091; x_wconf 80' lang='grc' dir='ltr'><strong>ι</strong></span> <span class='ocrx_word' id='word_1_401' title='bbox 2290 1039 2384 1094; x_wconf 87' lang='lat' dir='ltr'><strong>sed</strong></span> <span class='ocrx_word' id='word_1_402' title='bbox 2417 1038 2583 1094; x_wconf 86' lang='lat' dir='ltr'><strong>etiam</strong></span> <span class='ocrx_word' id='word_1_403' title='bbox 2615 1038 2709 1109; x_wconf 87' lang='lat' dir='ltr'><strong>qui</strong></span> <span class='ocrx_word' id='word_1_404' title='bbox 2758 1039 2990 1095; x_wconf 92' lang='lat' dir='ltr'><strong>Domino</strong></span> <span class='ocrx_word' id='word_1_405' title='bbox 3032 1039 3284 1096; x_wconf 86' lang='lat' dir='ltr'><strong>aderant.</strong></span> <span class='ocrx_word' id='word_1_406' title='bbox 3322 1040 3581 1097; x_wconf 71' lang='lat' dir='ltr'><strong>Christus</strong></span> 
     </span>
    </p>
   </div>
   <div class='ocr_carea' id='block_1_52' title="bbox 1999 1130 3580 1202">
    <p class='ocr_par' dir='ltr' id='par_1_52' title="bbox 1999 1130 3580 1202">
     <span class='ocr_line' id='line_1_52' title="bbox 1999 1130 3580 1202; baseline 0.001 -19"><span class='ocrx_word' id='word_1_407' title='bbox 1999 1141 2184 1185; x_wconf 86' lang='lat' dir='ltr'><strong>autem</strong></span> <span class='ocrx_word' id='word_1_408' title='bbox 2226 1130 2517 1186; x_wconf 78' lang='lat' dir='ltr'><strong>manifeste</strong></span> <span class='ocrx_word' id='word_1_409' title='bbox 2558 1131 2760 1187; x_wconf 81' lang='lat' dir='ltr'><strong>docens</strong></span> <span class='ocrx_word' id='word_1_410' title='bbox 2804 1131 2948 1199; x_wconf 91' lang='lat' dir='ltr'><strong>quod</strong></span> <span class='ocrx_word' id='word_1_411' title='bbox 2980 1130 3203 1202; x_wconf 85' lang='lat' dir='ltr'><strong>proprie</strong></span> <span class='ocrx_word' id='word_1_412' title='bbox 3237 1145 3303 1186; x_wconf 88' lang='lat' dir='ltr'><strong>ac</strong></span> <span class='ocrx_word' id='word_1_413' title='bbox 3351 1138 3580 1186; x_wconf 82' lang='lat' dir='ltr'><strong>natura-</strong></span> 
     </span>
    </p>
   </div>
   <div class='ocr_carea' id='block_1_53' title="bbox 2004 1222 3581 1292">
    <p class='ocr_par' dir='ltr' id='par_1_53' title="bbox 2004 1222 3581 1292">
     <span class='ocr_line' id='line_1_53' title="bbox 2004 1222 3581 1292; baseline 0.001 -16"><span class='ocrx_word' id='word_1_414' title='bbox 2004 1222 2132 1277; x_wconf 84' lang='lat' dir='ltr'><strong>liter</strong></span> <span class='ocrx_word' id='word_1_415' title='bbox 2174 1237 2283 1277; x_wconf 92' lang='lat' dir='ltr'><strong>non</strong></span> <span class='ocrx_word' id='word_1_416' title='bbox 2314 1231 2433 1277; x_wconf 89' lang='lat' dir='ltr'><strong>erat</strong></span> <span class='ocrx_word' id='word_1_417' title='bbox 2484 1222 2664 1277; x_wconf 80' lang='lat' dir='ltr'><strong>Patris</strong></span> <span class='ocrx_word' id='word_1_418' title='bbox 2713 1222 2801 1277; x_wconf 89' lang='lat' dir='ltr'><strong>illa</strong></span> <span class='ocrx_word' id='word_1_419' title='bbox 2841 1237 2970 1288; x_wconf 81' lang='lat' dir='ltr'><strong>vox,</strong></span> <span class='ocrx_word' id='word_1_420' title='bbox 3013 1222 3108 1277; x_wconf 81' lang='lat' dir='ltr'><strong>sed</strong></span> <span class='ocrx_word' id='word_1_421' title='bbox 3154 1236 3322 1278; x_wconf 88' lang='lat' dir='ltr'><strong>sonus</strong></span> <span class='ocrx_word' id='word_1_422' title='bbox 3359 1222 3581 1292; x_wconf 86' lang='lat' dir='ltr'><strong>quidam</strong></span> 
     </span>
    </p>
   </div>
   <div class='ocr_carea' id='block_1_54' title="bbox 2003 1310 3582 1369">
    <p class='ocr_par' dir='ltr' id='par_1_54' title="bbox 2003 1310 3582 1369">
     <span class='ocr_line' id='line_1_54' title="bbox 2003 1310 3582 1369; baseline 0.002 -3"><span class='ocrx_word' id='word_1_423' title='bbox 2003 1312 2120 1366; x_wconf 92' lang='lat' dir='ltr'><strong>voci</strong></span> <span class='ocrx_word' id='word_1_424' title='bbox 2152 1311 2352 1367; x_wconf 85' lang='lat' dir='ltr'><strong>similis</strong></span> <span class='ocrx_word' id='word_1_425' title='bbox 2397 1312 2702 1367; x_wconf 81' lang='lat' dir='ltr'><strong>enuntiavit</strong></span> <span class='ocrx_word' id='word_1_426' title='bbox 2740 1310 2917 1368; x_wconf 77' lang='lat' dir='ltr'><strong>Patris</strong></span> <span class='ocrx_word' id='word_1_427' title='bbox 2961 1313 3028 1367; x_wconf 90' lang='lat' dir='ltr'><strong>de</strong></span> <span class='ocrx_word' id='word_1_428' title='bbox 3058 1310 3197 1367; x_wconf 82' lang='lat' dir='ltr'><strong>Filio</strong></span> <span class='ocrx_word' id='word_1_429' title='bbox 3225 1312 3582 1369; x_wconf 79' lang='lat' dir='ltr'><strong>voluntatem.</strong></span> 
     </span>
    </p>
   </div>
   <div class='ocr_carea' id='block_1_55' title="bbox 2011 1400 3585 1474">
    <p class='ocr_par' dir='ltr' id='par_1_55' title="bbox 2011 1400 3585 1474">
     <span class='ocr_line' id='line_1_55' title="bbox 2011 1400 3585 1474; baseline 0.001 -14"><span class='ocrx_word' id='word_1_430' title='bbox 2011 1402 2179 1474; x_wconf 76' lang='lat'><strong>188</strong></span> <span class='ocrx_word' id='word_1_431' title='bbox 2209 1402 2362 1469; x_wconf 84' lang='lat' dir='ltr'><strong>Quod</strong></span> <span class='ocrx_word' id='word_1_432' title='bbox 2389 1411 2572 1457; x_wconf 90' lang='lat' dir='ltr'><strong>autem</strong></span> <span class='ocrx_word' id='word_1_433' title='bbox 2614 1418 2721 1458; x_wconf 91' lang='lat' dir='ltr'><strong>non</strong></span> <span class='ocrx_word' id='word_1_434' title='bbox 2762 1402 2830 1458; x_wconf 88' lang='lat' dir='ltr'><strong>ad</strong></span> <span class='ocrx_word' id='word_1_435' title='bbox 2872 1418 2933 1460; x_wconf 82' lang='lat' dir='ltr'><strong>se</strong></span> <span class='ocrx_word' id='word_1_436' title='bbox 2972 1400 3116 1458; x_wconf 88' lang='lat' dir='ltr'><strong>facta</strong></span> <span class='ocrx_word' id='word_1_437' title='bbox 3158 1403 3342 1470; x_wconf 91' lang='lat' dir='ltr'><strong>fuerit,</strong></span> <span class='ocrx_word' id='word_1_438' title='bbox 3378 1403 3445 1460; x_wconf 90' lang='lat' dir='ltr'><strong>ad</strong></span> <span class='ocrx_word' id='word_1_439' title='bbox 3488 1420 3585 1461; x_wconf 87' lang='lat' dir='ltr'><strong>eos</strong></span> 
     </span>
    </p>
   </div>
   <div class='ocr_carea' id='block_1_56' title="bbox 1996 1493 3586 1567">
    <p class='ocr_par' dir='ltr' id='par_1_56' title="bbox 1996 1493 3586 1567">
     <span class='ocr_line' id='line_1_56' title="bbox 1996 1493 3586 1567; baseline 0.001 -19"><span class='ocrx_word' id='word_1_440' title='bbox 1996 1496 2091 1564; x_wconf 87' lang='lat' dir='ltr'><strong>qui</strong></span> <span class='ocrx_word' id='word_1_441' title='bbox 2141 1510 2264 1550; x_wconf 87' lang='lat' dir='ltr'><strong>eum</strong></span> <span class='ocrx_word' id='word_1_442' title='bbox 2305 1509 2499 1550; x_wconf 89' lang='lat' dir='ltr'><strong>sonum</strong></span> <span class='ocrx_word' id='word_1_443' title='bbox 2541 1493 2851 1561; x_wconf 78' lang='lat' dir='ltr'><strong>audierant,</strong></span> <span class='ocrx_word' id='word_1_444' title='bbox 2884 1498 2958 1550; x_wconf 89' lang='lat' dir='ltr'><strong>ita</strong></span> <span class='ocrx_word' id='word_1_445' title='bbox 3005 1496 3123 1551; x_wconf 85' lang='lat' dir='ltr'><strong>ait:</strong></span> <span class='ocrx_word' id='word_1_446' title='bbox 3158 1513 3178 1548; x_wconf 86' lang='grc' dir='ltr'><strong>ι</strong></span> <span class='ocrx_word' id='word_1_447' title='bbox 3213 1494 3331 1551; x_wconf 78' lang='lat' dir='ltr'><strong>Non</strong></span> <span class='ocrx_word' id='word_1_448' title='bbox 3361 1502 3586 1567; x_wconf 84' lang='lat' dir='ltr'><strong>propter</strong></span> 
     </span>
    </p>
   </div>
   <div class='ocr_carea' id='block_1_57' title="bbox 1997 1586 3584 1657">
    <p class='ocr_par' dir='ltr' id='par_1_57' title="bbox 1997 1586 3584 1657">
     <span class='ocr_line' id='line_1_57' title="bbox 1997 1586 3584 1657; baseline -0.001 -16"><span class='ocrx_word' id='word_1_449' title='bbox 1997 1600 2083 1641; x_wconf 86' lang='lat' dir='ltr'><strong>me</strong></span> <span class='ocrx_word' id='word_1_450' title='bbox 2122 1601 2223 1642; x_wconf 85' lang='lat' dir='ltr'><strong>vox</strong></span> <span class='ocrx_word' id='word_1_451' title='bbox 2271 1586 2376 1643; x_wconf 86' lang='lat' dir='ltr'><strong>ista</strong></span> <span class='ocrx_word' id='word_1_452' title='bbox 2410 1586 2555 1641; x_wconf 84' lang='lat' dir='ltr'><strong>facta</strong></span> <span class='ocrx_word' id='word_1_453' title='bbox 2595 1596 2700 1653; x_wconf 88' lang='lat' dir='ltr'><strong>est,</strong></span> <span class='ocrx_word' id='word_1_454' title='bbox 2733 1586 2829 1643; x_wconf 88' lang='lat' dir='ltr'><strong>sed</strong></span> <span class='ocrx_word' id='word_1_455' title='bbox 2856 1597 3079 1657; x_wconf 86' lang='lat' dir='ltr'><strong>propter</strong></span> <span class='ocrx_word' id='word_1_456' title='bbox 3105 1601 3205 1644; x_wconf 90' lang='lat' dir='ltr'><strong>vos</strong></span> <span class='ocrx_word' id='word_1_457' title='bbox 3230 1586 3296 1642; x_wconf 82' lang='grc'><strong>³¹.</strong></span> <span class='ocrx_word' id='word_1_458' title='bbox 3333 1606 3353 1641; x_wconf 82' lang='grc' dir='ltr'><strong>ι</strong></span> <span class='ocrx_word' id='word_1_459' title='bbox 3390 1588 3584 1643; x_wconf 80' lang='lat' dir='ltr'><strong>Anim-</strong></span> 
     </span>
    </p>
   </div>
   <div class='ocr_carea' id='block_1_58' title="bbox 1996 1678 3582 1750">
    <p class='ocr_par' dir='ltr' id='par_1_58' title="bbox 1996 1678 3582 1750">
     <span class='ocr_line' id='line_1_58' title="bbox 1996 1678 3582 1750; baseline 0.001 -17"><span class='ocrx_word' id='word_1_460' title='bbox 1996 1680 2218 1733; x_wconf 85' lang='lat' dir='ltr'><strong>adverte</strong></span> <span class='ocrx_word' id='word_1_461' title='bbox 2276 1678 2421 1734; x_wconf 92' lang='lat' dir='ltr'><strong>enim</strong></span> <span class='ocrx_word' id='word_1_462' title='bbox 2474 1678 2782 1750; x_wconf 76' lang='lat' dir='ltr'><strong>diligenter,</strong></span> <span class='ocrx_word' id='word_1_463' title='bbox 2834 1693 2943 1749; x_wconf 93' lang='lat' dir='ltr'><strong>quo</strong></span> <span class='ocrx_word' id='word_1_464' title='bbox 2993 1688 3150 1749; x_wconf 89' lang='lat' dir='ltr'><strong>pacto</strong></span> <span class='ocrx_word' id='word_1_465' title='bbox 3194 1694 3301 1735; x_wconf 91' lang='lat' dir='ltr'><strong>non</strong></span> <span class='ocrx_word' id='word_1_466' title='bbox 3338 1680 3582 1735; x_wconf 75' lang='lat' dir='ltr'><strong>dixerit:</strong></span> 
     </span>
    </p>
   </div>
   <div class='ocr_carea' id='block_1_59' title="bbox 1998 1768 3584 1841">
    <p class='ocr_par' dir='ltr' id='par_1_59' title="bbox 1998 1768 3584 1841">
     <span class='ocr_line' id='line_1_59' title="bbox 1998 1768 3584 1841; baseline -0.002 -15"><span class='ocrx_word' id='word_1_467' title='bbox 1998 1770 2116 1826; x_wconf 80' lang='lat' dir='ltr'><strong>Non</strong></span> <span class='ocrx_word' id='word_1_468' title='bbox 2154 1781 2379 1841; x_wconf 87' lang='lat' dir='ltr'><strong>propter</strong></span> <span class='ocrx_word' id='word_1_469' title='bbox 2409 1786 2497 1826; x_wconf 90' lang='lat' dir='ltr'><strong>me</strong></span> <span class='ocrx_word' id='word_1_470' title='bbox 2542 1771 2757 1827; x_wconf 88' lang='lat' dir='ltr'><strong>locutus</strong></span> <span class='ocrx_word' id='word_1_471' title='bbox 2796 1781 2882 1827; x_wconf 86' lang='lat' dir='ltr'><strong>est</strong></span> <span class='ocrx_word' id='word_1_472' title='bbox 2928 1768 3115 1836; x_wconf 84' lang='lat' dir='ltr'><strong>Pater,</strong></span> <span class='ocrx_word' id='word_1_473' title='bbox 3160 1780 3253 1826; x_wconf 87' lang='lat' dir='ltr'><strong>aut</strong></span> <span class='ocrx_word' id='word_1_474' title='bbox 3299 1770 3584 1839; x_wconf 86' lang='lat' dir='ltr'><strong>clamavit,</strong></span> 
     </span>
    </p>
   </div>
   <div class='ocr_carea' id='block_1_60' title="bbox 1997 1862 3583 1934">
    <p class='ocr_par' dir='ltr' id='par_1_60' title="bbox 1997 1862 3583 1934">
     <span class='ocr_line' id='line_1_60' title="bbox 1997 1862 3583 1934; baseline 0 -18"><span class='ocrx_word' id='word_1_475' title='bbox 1997 1862 2314 1932; x_wconf 88' lang='lat' dir='ltr'><strong>autaliquid</strong></span> <span class='ocrx_word' id='word_1_476' title='bbox 2332 1863 2687 1933; x_wconf 88' lang='lat' dir='ltr'><strong>ejuscemodi,</strong></span> <span class='ocrx_word' id='word_1_477' title='bbox 2716 1863 2837 1927; x_wconf 86' lang='lat' dir='ltr'><strong>sed,</strong></span> <span class='ocrx_word' id='word_1_478' title='bbox 2869 1881 2888 1915; x_wconf 81' lang='grc' dir='ltr'><strong>ι</strong></span> <span class='ocrx_word' id='word_1_479' title='bbox 2913 1862 3027 1917; x_wconf 72' lang='lat' dir='ltr'><strong>Non</strong></span> <span class='ocrx_word' id='word_1_480' title='bbox 3064 1873 3288 1934; x_wconf 88' lang='lat' dir='ltr'><strong>propter</strong></span> <span class='ocrx_word' id='word_1_481' title='bbox 3320 1878 3408 1919; x_wconf 86' lang='lat' dir='ltr'><strong>me</strong></span> <span class='ocrx_word' id='word_1_482' title='bbox 3441 1862 3583 1919; x_wconf 90' lang='lat' dir='ltr'><strong>facta</strong></span> 
     </span>
    </p>
   </div>
   <div class='ocr_carea' id='block_1_61' title="bbox 1998 1953 3586 2024">
    <p class='ocr_par' dir='ltr' id='par_1_61' title="bbox 1998 1953 3586 2024">
     <span class='ocr_line' id='line_1_61' title="bbox 1998 1953 3586 2024; baseline -0.001 -16"><span class='ocrx_word' id='word_1_483' title='bbox 1998 1962 2081 2008; x_wconf 87' lang='lat' dir='ltr'><strong>est</strong></span> <span class='ocrx_word' id='word_1_484' title='bbox 2114 1954 2228 2008; x_wconf 74' lang='lat' dir='ltr'><strong>lucc</strong></span> <span class='ocrx_word' id='word_1_485' title='bbox 2257 1967 2383 2019; x_wconf 90' lang='lat' dir='ltr'><strong>vox,</strong></span> <span class='ocrx_word' id='word_1_486' title='bbox 2408 1954 2504 2008; x_wconf 88' lang='lat' dir='ltr'><strong>sed</strong></span> <span class='ocrx_word' id='word_1_487' title='bbox 2534 1963 2758 2023; x_wconf 87' lang='lat' dir='ltr'><strong>propter</strong></span> <span class='ocrx_word' id='word_1_488' title='bbox 2784 1968 2901 2009; x_wconf 89' lang='lat' dir='ltr'><strong>vos.</strong></span> <span class='ocrx_word' id='word_1_489' title='bbox 2935 1972 2954 2006; x_wconf 84' lang='grc' dir='ltr'><strong>ι</strong></span> <span class='ocrx_word' id='word_1_490' title='bbox 2993 1953 3052 2009; x_wconf 87' lang='lat' dir='ltr'><strong>Si</strong></span> <span class='ocrx_word' id='word_1_491' title='bbox 3081 1968 3215 2023; x_wconf 89' lang='lat' dir='ltr'><strong>ergo</strong></span> <span class='ocrx_word' id='word_1_492' title='bbox 3245 1953 3429 2009; x_wconf 88' lang='lat' dir='ltr'><strong>divina</strong></span> <span class='ocrx_word' id='word_1_493' title='bbox 3448 1968 3586 2024; x_wconf 84' lang='lat' dir='ltr'><strong>qua-</strong></span> 
     </span>
    </p>
   </div>
   <div class='ocr_carea' id='block_1_62' title="bbox 2000 2041 3584 2114">
    <p class='ocr_par' dir='ltr' id='par_1_62' title="bbox 2000 2041 3584 2114">
     <span class='ocr_line' id='line_1_62' title="bbox 2000 2041 3584 2114; baseline 0.001 -17"><span class='ocrx_word' id='word_1_494' title='bbox 2000 2043 2121 2097; x_wconf 87' lang='lat' dir='ltr'><strong>dam</strong></span> <span class='ocrx_word' id='word_1_495' title='bbox 2157 2042 2397 2098; x_wconf 76' lang='lat' dir='ltr'><strong>efﬁcacia</strong></span> <span class='ocrx_word' id='word_1_496' title='bbox 2427 2056 2533 2098; x_wconf 88' lang='lat' dir='ltr'><strong>vox</strong></span> <span class='ocrx_word' id='word_1_497' title='bbox 2568 2041 2655 2096; x_wconf 86' lang='lat' dir='ltr'><strong>illa</strong></span> <span class='ocrx_word' id='word_1_498' title='bbox 2698 2041 2843 2097; x_wconf 86' lang='lat' dir='ltr'><strong>facta</strong></span> <span class='ocrx_word' id='word_1_499' title='bbox 2887 2059 2993 2098; x_wconf 89' lang='lat' dir='ltr'><strong>non</strong></span> <span class='ocrx_word' id='word_1_500' title='bbox 3030 2052 3253 2114; x_wconf 88' lang='lat' dir='ltr'><strong>propter</strong></span> <span class='ocrx_word' id='word_1_501' title='bbox 3278 2042 3584 2111; x_wconf 81' lang='lat' dir='ltr'><strong>Christum,</strong></span> 
     </span>
    </p>
   </div>
   <div class='ocr_carea' id='block_1_63' title="bbox 2001 2134 3587 2206">
    <p class='ocr_par' dir='ltr' id='par_1_63' title="bbox 2001 2134 3587 2206">
     <span class='ocr_line' id='line_1_63' title="bbox 2001 2134 3587 2206; baseline 0.001 -17"><span class='ocrx_word' id='word_1_502' title='bbox 2001 2144 2062 2189; x_wconf 90' lang='lat' dir='ltr'><strong>ut</strong></span> <span class='ocrx_word' id='word_1_503' title='bbox 2110 2136 2344 2203; x_wconf 88' lang='lat' dir='ltr'><strong>ipsemet</strong></span> <span class='ocrx_word' id='word_1_504' title='bbox 2392 2143 2660 2199; x_wconf 84' lang='lat' dir='ltr'><strong>testatur,</strong></span> <span class='ocrx_word' id='word_1_505' title='bbox 2702 2135 2797 2191; x_wconf 91' lang='lat' dir='ltr'><strong>sed</strong></span> <span class='ocrx_word' id='word_1_506' title='bbox 2845 2144 3068 2206; x_wconf 88' lang='lat' dir='ltr'><strong>propter</strong></span> <span class='ocrx_word' id='word_1_507' title='bbox 3123 2150 3221 2191; x_wconf 88' lang='lat' dir='ltr'><strong>eos</strong></span> <span class='ocrx_word' id='word_1_508' title='bbox 3261 2134 3353 2205; x_wconf 86' lang='lat' dir='ltr'><strong>qui</strong></span> <span class='ocrx_word' id='word_1_509' title='bbox 3396 2135 3444 2191; x_wconf 90' lang='lat' dir='ltr'><strong>ci</strong></span> <span class='ocrx_word' id='word_1_510' title='bbox 3488 2134 3587 2190; x_wconf 84' lang='lat' dir='ltr'><strong>ad-</strong></span> 
     </span>
    </p>
   </div>
   <div class='ocr_carea' id='block_1_64' title="bbox 1999 2225 3589 2297">
    <p class='ocr_par' dir='ltr' id='par_1_64' title="bbox 1999 2225 3589 2297">
     <span class='ocr_line' id='line_1_64' title="bbox 1999 2225 3589 2297; baseline -0.001 -17"><span class='ocrx_word' id='word_1_511' title='bbox 1999 2235 2175 2291; x_wconf 85' lang='lat' dir='ltr'><strong>erant,</strong></span> <span class='ocrx_word' id='word_1_512' title='bbox 2222 2225 2559 2297; x_wconf 87' lang='lat' dir='ltr'><strong>impossibile</strong></span> <span class='ocrx_word' id='word_1_513' title='bbox 2600 2241 2729 2282; x_wconf 87' lang='lat' dir='ltr'><strong>vero</strong></span> <span class='ocrx_word' id='word_1_514' title='bbox 2744 2236 2905 2291; x_wconf 83' lang='lat' dir='ltr'><strong>erat,</strong></span> <span class='ocrx_word' id='word_1_515' title='bbox 2936 2242 3059 2281; x_wconf 93' lang='lat' dir='ltr'><strong>cum</strong></span> <span class='ocrx_word' id='word_1_516' title='bbox 3095 2226 3346 2281; x_wconf 88' lang='lat' dir='ltr'><strong>homines</strong></span> <span class='ocrx_word' id='word_1_517' title='bbox 3380 2240 3589 2292; x_wconf 84' lang='lat' dir='ltr'><strong>essent,</strong></span> 
     </span>
    </p>
   </div>
   <div class='ocr_carea' id='block_1_65' title="bbox 2003 2313 3589 2381">
    <p class='ocr_par' dir='ltr' id='par_1_65' title="bbox 2003 2313 3589 2381">
     <span class='ocr_line' id='line_1_65' title="bbox 2003 2313 3589 2381; baseline -0.001 -11"><span class='ocrx_word' id='word_1_518' title='bbox 2003 2328 2062 2373; x_wconf 86' lang='lat' dir='ltr'><strong>ut</strong></span> <span class='ocrx_word' id='word_1_519' title='bbox 2098 2317 2440 2372; x_wconf 87' lang='lat' dir='ltr'><strong>voluntatem</strong></span> <span class='ocrx_word' id='word_1_520' title='bbox 2492 2316 2673 2371; x_wconf 88' lang='lat' dir='ltr'><strong>Patris</strong></span> <span class='ocrx_word' id='word_1_521' title='bbox 2723 2315 2834 2371; x_wconf 90' lang='lat' dir='ltr'><strong>alia</strong></span> <span class='ocrx_word' id='word_1_522' title='bbox 2871 2316 3085 2371; x_wconf 87' lang='lat' dir='ltr'><strong>ratione</strong></span> <span class='ocrx_word' id='word_1_523' title='bbox 3136 2314 3432 2381; x_wconf 85' lang='lat' dir='ltr'><strong>discerent,</strong></span> <span class='ocrx_word' id='word_1_524' title='bbox 3482 2313 3589 2369; x_wconf 83' lang='lat' dir='ltr'><strong>nisi</strong></span> 
     </span>
    </p>
   </div>
   <div class='ocr_carea' id='block_1_66' title="bbox 2003 2405 3592 2479">
    <p class='ocr_par' dir='ltr' id='par_1_66' title="bbox 2003 2405 3592 2479">
     <span class='ocr_line' id='line_1_66' title="bbox 2003 2405 3592 2479; baseline -0.003 -15"><span class='ocrx_word' id='word_1_525' title='bbox 2003 2411 2241 2465; x_wconf 88' lang='lat' dir='ltr'><strong>humana</strong></span> <span class='ocrx_word' id='word_1_526' title='bbox 2271 2423 2404 2465; x_wconf 87' lang='lat' dir='ltr'><strong>voce</strong></span> <span class='ocrx_word' id='word_1_527' title='bbox 2428 2409 2797 2464; x_wconf 86' lang='lat' dir='ltr'><strong>docerentur:</strong></span> <span class='ocrx_word' id='word_1_528' title='bbox 2827 2409 2957 2479; x_wconf 89' lang='lat' dir='ltr'><strong>quid</strong></span> <span class='ocrx_word' id='word_1_529' title='bbox 2990 2407 3196 2471; x_wconf 83' lang='lat' dir='ltr'><strong>frustra</strong></span> <span class='ocrx_word' id='word_1_530' title='bbox 3251 2421 3374 2477; x_wconf 65' lang='lat' dir='ltr'><strong>quae</strong></span> <span class='ocrx_word' id='word_1_531' title='bbox 3419 2405 3592 2461; x_wconf 89' lang='lat' dir='ltr'><strong>ratio-</strong></span> 
     </span>
    </p>
   </div>
   <div class='ocr_carea' id='block_1_67' title="bbox 2002 2498 3591 2557">
    <p class='ocr_par' dir='ltr' id='par_1_67' title="bbox 2002 2498 3591 2557">
     <span class='ocr_line' id='line_1_67' title="bbox 2002 2498 3591 2557; baseline -0.003 -1"><span class='ocrx_word' id='word_1_532' title='bbox 2002 2518 2072 2557; x_wconf 91' lang='lat' dir='ltr'><strong>ne</strong></span> <span class='ocrx_word' id='word_1_533' title='bbox 2124 2502 2521 2557; x_wconf 83' lang='lat' dir='ltr'><strong>incarnationis</strong></span> <span class='ocrx_word' id='word_1_534' title='bbox 2574 2509 2631 2554; x_wconf 89' lang='lat' dir='ltr'><strong>et</strong></span> <span class='ocrx_word' id='word_1_535' title='bbox 2684 2501 2925 2556; x_wconf 86' lang='lat' dir='ltr'><strong>humano</strong></span> <span class='ocrx_word' id='word_1_536' title='bbox 3010 2514 3161 2556; x_wconf 80' lang='lat' dir='ltr'><strong>more</strong></span> <span class='ocrx_word' id='word_1_537' title='bbox 3205 2498 3591 2553; x_wconf 77' lang='lat' dir='ltr'><strong>administrata</strong></span> 
     </span>
    </p>
   </div>
   <div class='ocr_carea' id='block_1_68' title="bbox 2003 2590 3591 2660">
    <p class='ocr_par' dir='ltr' id='par_1_68' title="bbox 2003 2590 3591 2660">
     <span class='ocr_line' id='line_1_68' title="bbox 2003 2590 3591 2660; baseline -0.001 -13"><span class='ocrx_word' id='word_1_538' title='bbox 2003 2600 2134 2647; x_wconf 86' lang='lat' dir='ltr'><strong>sunt</strong></span> <span class='ocrx_word' id='word_1_539' title='bbox 2159 2593 2333 2648; x_wconf 87' lang='lat' dir='ltr'><strong>nostri</strong></span> <span class='ocrx_word' id='word_1_540' title='bbox 2356 2607 2543 2658; x_wconf 88' lang='lat' dir='ltr'><strong>causa,</strong></span> <span class='ocrx_word' id='word_1_541' title='bbox 2578 2591 2648 2646; x_wconf 88' lang='lat' dir='ltr'><strong>ad</strong></span> <span class='ocrx_word' id='word_1_542' title='bbox 2670 2592 3052 2660; x_wconf 88' lang='lat' dir='ltr'><strong>iucorpoream</strong></span> <span class='ocrx_word' id='word_1_543' title='bbox 3075 2595 3372 2647; x_wconf 85' lang='lat' dir='ltr'><strong>essentiam</strong></span> <span class='ocrx_word' id='word_1_544' title='bbox 3394 2590 3591 2655; x_wconf 87' lang='lat' dir='ltr'><strong>refers,</strong></span> 
     </span>
    </p>
   </div>
   <div class='ocr_carea' id='block_1_69' title="bbox 2007 2683 3592 2755">
    <p class='ocr_par' dir='ltr' id='par_1_69' title="bbox 2007 2683 3592 2755">
     <span class='ocr_line' id='line_1_69' title="bbox 2007 2683 3592 2755; baseline -0.003 -16"><span class='ocrx_word' id='word_1_545' title='bbox 2007 2683 2296 2739; x_wconf 85' lang='lat' dir='ltr'><strong>temerarie</strong></span> <span class='ocrx_word' id='word_1_546' title='bbox 2324 2684 2615 2739; x_wconf 89' lang='lat' dir='ltr'><strong>admodum</strong></span> <span class='ocrx_word' id='word_1_547' title='bbox 2634 2699 2755 2755; x_wconf 72' lang='lat' dir='ltr'><strong>qua:</strong></span> <span class='ocrx_word' id='word_1_548' title='bbox 2772 2692 2971 2740; x_wconf 66' lang='lat' dir='ltr'><strong>creatae</strong></span> <span class='ocrx_word' id='word_1_549' title='bbox 2993 2691 3204 2739; x_wconf 62' lang='lat' dir='ltr'><strong>natura:</strong></span> <span class='ocrx_word' id='word_1_550' title='bbox 3235 2683 3592 2749; x_wconf 88' lang='lat' dir='ltr'><strong>conveniunt,</strong></span> 
     </span>
    </p>
   </div>
   <div class='ocr_carea' id='block_1_70' title="bbox 2006 2775 2835 2833">
    <p class='ocr_par' dir='ltr' id='par_1_70' title="bbox 2006 2775 2835 2833">
     <span class='ocr_line' id='line_1_70' title="bbox 2006 2775 2835 2833; baseline 0.005 -4"><span class='ocrx_word' id='word_1_551' title='bbox 2006 2776 2265 2832; x_wconf 74' lang='lat' dir='ltr'><strong>increata:</strong></span> <span class='ocrx_word' id='word_1_552' title='bbox 2302 2775 2587 2833; x_wconf 76' lang='lat' dir='ltr'><strong>tribuens?</strong></span> <span class='ocrx_word' id='word_1_553' title='bbox 2832 2818 2835 2827; x_wconf 59' lang='grc' dir='ltr'><em>η</em></span> 
     </span>
    </p>
   </div>
   <div class='ocr_carea' id='block_1_71' title="bbox 2598 2868 2903 2927">
    <p class='ocr_par' dir='ltr' id='par_1_71' title="bbox 2598 2868 2903 2927">
     <span class='ocr_line' id='line_1_71' title="bbox 2598 2868 2903 2927; baseline 0.007 -5"><span class='ocrx_word' id='word_1_554' title='bbox 2598 2896 2602 2900; x_wconf 81' lang='lat'><strong><em>~</em></strong></span> <span class='ocrx_word' id='word_1_555' title='bbox 2670 2868 2903 2927; x_wconf 83' lang='lat' dir='ltr'><strong>ALIUD.</strong></span> 
     </span>
    </p>
   </div>
   <div class='ocr_carea' id='block_1_72' title="bbox 2507 2958 3064 3031">
    <p class='ocr_par' dir='ltr' id='par_1_72' title="bbox 2507 2958 3064 3031">
     <span class='ocr_line' id='line_1_72' title="bbox 2507 2958 3064 3031; baseline 0.002 -15"><span class='ocrx_word' id='word_1_556' title='bbox 2507 2958 2748 3031; x_wconf 81' lang='lat' dir='ltr'><strong>Objectio</strong></span> <span class='ocrx_word' id='word_1_557' title='bbox 2790 2960 3064 3017; x_wconf 76' lang='lat' dir='ltr'><strong>Eunomii.</strong></span> 
     </span>
    </p>
   </div>
   <div class='ocr_carea' id='block_1_73' title="bbox 2078 3052 3593 3125">
    <p class='ocr_par' dir='ltr' id='par_1_73' title="bbox 2078 3052 3593 3125">
     <span class='ocr_line' id='line_1_73' title="bbox 2078 3052 3593 3125; baseline 0.002 -17"><span class='ocrx_word' id='word_1_558' title='bbox 2078 3052 2360 3109; x_wconf 82' lang='lat' dir='ltr'><strong>Invenitur</strong></span> <span class='ocrx_word' id='word_1_559' title='bbox 2394 3052 2620 3122; x_wconf 86' lang='lat' dir='ltr'><strong>alicubi,</strong></span> <span class='ocrx_word' id='word_1_560' title='bbox 2655 3054 2931 3125; x_wconf 88' lang='lat' dir='ltr'><strong>inquiunt,</strong></span> <span class='ocrx_word' id='word_1_561' title='bbox 2969 3054 3136 3111; x_wconf 85' lang='lat' dir='ltr'><strong>Pater</strong></span> <span class='ocrx_word' id='word_1_562' title='bbox 3168 3054 3237 3110; x_wconf 87' lang='lat' dir='ltr'><strong>ad</strong></span> <span class='ocrx_word' id='word_1_563' title='bbox 3270 3053 3472 3111; x_wconf 83' lang='lat' dir='ltr'><strong>Filium</strong></span> <span class='ocrx_word' id='word_1_564' title='bbox 3505 3055 3593 3111; x_wconf 84' lang='lat' dir='ltr'><strong>di-</strong></span> 
     </span>
    </p>
   </div>
   <div class='ocr_carea' id='block_1_74' title="bbox 2007 3143 3597 3215">
    <p class='ocr_par' dir='ltr' id='par_1_74' title="bbox 2007 3143 3597 3215">
     <span class='ocr_line' id='line_1_74' title="bbox 2007 3143 3597 3215; baseline 0.002 -19"><span class='ocrx_word' id='word_1_565' title='bbox 2007 3156 2138 3197; x_wconf 87' lang='lat' dir='ltr'><strong>cens</strong></span> <span class='ocrx_word' id='word_1_566' title='bbox 2172 3161 2185 3198; x_wconf 91' lang='lat'><strong>:</strong></span> <span class='ocrx_word' id='word_1_567' title='bbox 2239 3162 2259 3195; x_wconf 73' lang='grc' dir='ltr'><strong>ι</strong></span> <span class='ocrx_word' id='word_1_568' title='bbox 2305 3143 2595 3198; x_wconf 86' lang='lat' dir='ltr'><strong>Faciamus</strong></span> <span class='ocrx_word' id='word_1_569' title='bbox 2651 3145 2927 3199; x_wconf 85' lang='lat' dir='ltr'><strong>hominem</strong></span> <span class='ocrx_word' id='word_1_570' title='bbox 2955 3145 3021 3197; x_wconf 83' lang='grc'><strong>³⁸.</strong></span> <span class='ocrx_word' id='word_1_571' title='bbox 3060 3162 3079 3196; x_wconf 81' lang='grc' dir='ltr'><strong>ι</strong></span> <span class='ocrx_word' id='word_1_572' title='bbox 3125 3143 3191 3198; x_wconf 88' lang='grc' dir='ltr'><strong>Ει</strong></span> <span class='ocrx_word' id='word_1_573' title='bbox 3222 3144 3338 3215; x_wconf 87' lang='lat' dir='ltr'><strong>ipse</strong></span> <span class='ocrx_word' id='word_1_574' title='bbox 3378 3160 3597 3201; x_wconf 83' lang='lat' dir='ltr'><strong>rursum</strong></span> 
     </span>
    </p>
   </div>
   <div class='ocr_carea' id='block_1_75' title="bbox 2013 3231 3599 3307">
    <p class='ocr_par' dir='ltr' id='par_1_75' title="bbox 2013 3231 3599 3307">
     <span class='ocr_line' id='line_1_75' title="bbox 2013 3231 3599 3307; baseline 0.002 -18"><span class='ocrx_word' id='word_1_575' title='bbox 2013 3231 2271 3289; x_wconf 86' lang='lat' dir='ltr'><strong>Servator</strong></span> <span class='ocrx_word' id='word_1_576' title='bbox 2299 3234 2517 3291; x_wconf 65' lang='lat' dir='ltr'><strong>Iudaeos</strong></span> <span class='ocrx_word' id='word_1_577' title='bbox 2546 3235 2853 3305; x_wconf 75' lang='lat' dir='ltr'><strong>alloquens,</strong></span> <span class='ocrx_word' id='word_1_578' title='bbox 2879 3235 3011 3290; x_wconf 90' lang='lat' dir='ltr'><strong>dicit</strong></span> <span class='ocrx_word' id='word_1_579' title='bbox 3045 3253 3058 3289; x_wconf 94' lang='lat'><strong>:</strong></span> <span class='ocrx_word' id='word_1_580' title='bbox 3094 3254 3115 3288; x_wconf 78' lang='grc' dir='ltr'><strong>ι</strong></span> <span class='ocrx_word' id='word_1_581' title='bbox 3154 3234 3272 3307; x_wconf 83' lang='lat' dir='ltr'><strong>Ego</strong></span> <span class='ocrx_word' id='word_1_582' title='bbox 3302 3251 3331 3290; x_wconf 85' lang='lat' dir='ltr'><strong>a</strong></span> <span class='ocrx_word' id='word_1_583' title='bbox 3367 3252 3453 3292; x_wconf 90' lang='lat' dir='ltr'><strong>me</strong></span> <span class='ocrx_word' id='word_1_584' title='bbox 3480 3238 3599 3307; x_wconf 86' lang='lat' dir='ltr'><strong>ipso</strong></span> 
     </span>
    </p>
   </div>
   <div class='ocr_carea' id='block_1_76' title="bbox 2010 3320 3600 3391">
    <p class='ocr_par' dir='ltr' id='par_1_76' title="bbox 2010 3320 3600 3391">
     <span class='ocr_line' id='line_1_76' title="bbox 2010 3320 3600 3391; baseline 0.005 -17"><span class='ocrx_word' id='word_1_585' title='bbox 2010 3334 2117 3375; x_wconf 90' lang='lat' dir='ltr'><strong>non</strong></span> <span class='ocrx_word' id='word_1_586' title='bbox 2169 3320 2383 3390; x_wconf 85' lang='lat' dir='ltr'><strong>loquor.</strong></span> <span class='ocrx_word' id='word_1_587' title='bbox 2421 3322 2515 3378; x_wconf 85' lang='lat' dir='ltr'><strong>sed</strong></span> <span class='ocrx_word' id='word_1_588' title='bbox 2546 3337 2667 3391; x_wconf 64' lang='lat' dir='ltr'><strong>qua:</strong></span> <span class='ocrx_word' id='word_1_589' title='bbox 2705 3322 2887 3377; x_wconf 88' lang='lat' dir='ltr'><strong>audivi</strong></span> <span class='ocrx_word' id='word_1_590' title='bbox 2938 3339 2967 3376; x_wconf 88' lang='lat' dir='ltr'><strong>a</strong></span> <span class='ocrx_word' id='word_1_591' title='bbox 3010 3322 3194 3391; x_wconf 84' lang='lat' dir='ltr'><strong>Patre,</strong></span> <span class='ocrx_word' id='word_1_592' title='bbox 3245 3325 3364 3380; x_wconf 63' lang='lat' dir='ltr'><strong>haec</strong></span> <span class='ocrx_word' id='word_1_593' title='bbox 3404 3330 3600 3382; x_wconf 88' lang='lat' dir='ltr'><strong>nuntio</strong></span> 
     </span>
    </p>
   </div>
   <div class='ocr_carea' id='block_1_77' title="bbox 2010 3412 3599 3486">
    <p class='ocr_par' dir='ltr' id='par_1_77' title="bbox 2010 3412 3599 3486">
     <span class='ocr_line' id='line_1_77' title="bbox 2010 3412 3599 3486; baseline 0.004 -22"><span class='ocrx_word' id='word_1_594' title='bbox 2010 3412 2162 3468; x_wconf 78' lang='lat' dir='ltr'><strong>vobis</strong></span> <span class='ocrx_word' id='word_1_595' title='bbox 2182 3412 2247 3467; x_wconf 81' lang='grc'><strong><em>³³.</em></strong></span> <span class='ocrx_word' id='word_1_596' title='bbox 2272 3430 2291 3464; x_wconf 86' lang='grc' dir='ltr'><strong>ι</strong></span> <span class='ocrx_word' id='word_1_597' title='bbox 2332 3412 2390 3468; x_wconf 88' lang='lat' dir='ltr'><strong>Si</strong></span> <span class='ocrx_word' id='word_1_598' title='bbox 2422 3413 2546 3484; x_wconf 86' lang='lat' dir='ltr'><strong>quis</strong></span> <span class='ocrx_word' id='word_1_599' title='bbox 2566 3414 2741 3484; x_wconf 85' lang='lat' dir='ltr'><strong>igitur</strong></span> <span class='ocrx_word' id='word_1_600' title='bbox 2772 3415 3072 3484; x_wconf 72' lang='lat' dir='ltr'><strong>interroget</strong></span> <span class='ocrx_word' id='word_1_601' title='bbox 3106 3429 3224 3483; x_wconf 83' lang='lat' dir='ltr'><strong>vos,</strong></span> <span class='ocrx_word' id='word_1_602' title='bbox 3247 3417 3339 3485; x_wconf 91' lang='lat' dir='ltr'><strong>qui</strong></span> <span class='ocrx_word' id='word_1_603' title='bbox 3369 3416 3599 3486; x_wconf 88' lang='lat' dir='ltr'><strong>dogma-</strong></span> 
     </span>
    </p>
   </div>
   <div class='ocr_carea' id='block_1_78' title="bbox 2010 3506 3601 3576">
    <p class='ocr_par' dir='ltr' id='par_1_78' title="bbox 2010 3506 3601 3576">
     <span class='ocr_line' id='line_1_78' title="bbox 2010 3506 3601 3576; baseline 0.004 -18"><span class='ocrx_word' id='word_1_604' title='bbox 2010 3515 2122 3560; x_wconf 90' lang='lat' dir='ltr'><strong>tum</strong></span> <span class='ocrx_word' id='word_1_605' title='bbox 2151 3506 2483 3561; x_wconf 88' lang='lat' dir='ltr'><strong>rectitudine</strong></span> <span class='ocrx_word' id='word_1_606' title='bbox 2511 3506 2844 3576; x_wconf 79' lang='lat' dir='ltr'><strong>gloriamini,</strong></span> <span class='ocrx_word' id='word_1_607' title='bbox 2886 3516 3068 3561; x_wconf 90' lang='lat' dir='ltr'><strong>utrum</strong></span> <span class='ocrx_word' id='word_1_608' title='bbox 3103 3508 3171 3562; x_wconf 90' lang='lat' dir='ltr'><strong>ad</strong></span> <span class='ocrx_word' id='word_1_609' title='bbox 3208 3508 3473 3564; x_wconf 83' lang='lat' dir='ltr'><strong>scientem</strong></span> <span class='ocrx_word' id='word_1_610' title='bbox 3505 3508 3601 3564; x_wconf 81' lang='lat' dir='ltr'><strong>Fi-</strong></span> 
     </span>
    </p>
   </div>
   <div class='ocr_carea' id='block_1_79' title="bbox 2008 3594 3598 3665">
    <p class='ocr_par' dir='ltr' id='par_1_79' title="bbox 2008 3594 3598 3665">
     <span class='ocr_line' id='line_1_79' title="bbox 2008 3594 3598 3665; baseline 0.001 -15"><span class='ocrx_word' id='word_1_611' title='bbox 2008 3596 2138 3650; x_wconf 88' lang='lat' dir='ltr'><strong>lium</strong></span> <span class='ocrx_word' id='word_1_612' title='bbox 2166 3594 2330 3650; x_wconf 86' lang='lat' dir='ltr'><strong>Pater</strong></span> <span class='ocrx_word' id='word_1_613' title='bbox 2357 3596 2503 3665; x_wconf 90' lang='lat' dir='ltr'><strong>quod</strong></span> <span class='ocrx_word' id='word_1_614' title='bbox 2527 3595 2779 3651; x_wconf 89' lang='lat' dir='ltr'><strong>dicturus</strong></span> <span class='ocrx_word' id='word_1_615' title='bbox 2804 3606 2950 3659; x_wconf 91' lang='lat' dir='ltr'><strong>erat,</strong></span> <span class='ocrx_word' id='word_1_616' title='bbox 2983 3612 3051 3650; x_wconf 89' lang='lat' dir='ltr'><strong>an</strong></span> <span class='ocrx_word' id='word_1_617' title='bbox 3082 3610 3213 3651; x_wconf 92' lang='lat' dir='ltr'><strong>vero</strong></span> <span class='ocrx_word' id='word_1_618' title='bbox 3241 3597 3310 3651; x_wconf 88' lang='lat' dir='ltr'><strong>ad</strong></span> <span class='ocrx_word' id='word_1_619' title='bbox 3342 3598 3598 3653; x_wconf 87' lang='lat' dir='ltr'><strong>nescien-</strong></span> 
     </span>
    </p>
   </div>
   <div class='ocr_carea' id='block_1_80' title="bbox 2012 3686 3603 3757">
    <p class='ocr_par' dir='ltr' id='par_1_80' title="bbox 2012 3686 3603 3757">
     <span class='ocr_line' id='line_1_80' title="bbox 2012 3686 3603 3757; baseline 0.004 -17"><span class='ocrx_word' id='word_1_620' title='bbox 2012 3695 2119 3740; x_wconf 87' lang='lat' dir='ltr'><strong>tem</strong></span> <span class='ocrx_word' id='word_1_621' title='bbox 2167 3686 2384 3743; x_wconf 90' lang='lat' dir='ltr'><strong>locutus</strong></span> <span class='ocrx_word' id='word_1_622' title='bbox 2425 3688 2519 3752; x_wconf 89' lang='lat' dir='ltr'><strong>sit,</strong></span> <span class='ocrx_word' id='word_1_623' title='bbox 2575 3687 2835 3757; x_wconf 86' lang='lat' dir='ltr'><strong>quidnam</strong></span> <span class='ocrx_word' id='word_1_624' title='bbox 2888 3687 3306 3757; x_wconf 72' lang='lat' dir='ltr'><strong>respondeatis?</strong></span> <span class='ocrx_word' id='word_1_625' title='bbox 3354 3686 3491 3744; x_wconf 84' lang='lat' dir='ltr'><strong>Nam</strong></span> <span class='ocrx_word' id='word_1_626' title='bbox 3553 3690 3603 3746; x_wconf 87' lang='lat' dir='ltr'><strong>si</strong></span> 
     </span>
    </p>
   </div>
   <div class='ocr_carea' id='block_1_81' title="bbox 2009 3776 3603 3849">
    <p class='ocr_par' dir='ltr' id='par_1_81' title="bbox 2009 3776 3603 3849">
     <span class='ocr_line' id='line_1_81' title="bbox 2009 3776 3603 3849; baseline 0.002 -18"><span class='ocrx_word' id='word_1_627' title='bbox 2009 3776 2271 3843; x_wconf 86' lang='lat' dir='ltr'><strong>nescivit,</strong></span> <span class='ocrx_word' id='word_1_628' title='bbox 2312 3791 2377 3832; x_wconf 89' lang='lat' dir='ltr'><strong>ac</strong></span> <span class='ocrx_word' id='word_1_629' title='bbox 2437 3787 2549 3832; x_wconf 91' lang='lat' dir='ltr'><strong>tum</strong></span> <span class='ocrx_word' id='word_1_630' title='bbox 2593 3776 2831 3848; x_wconf 82' lang='lat' dir='ltr'><strong>prirnum</strong></span> <span class='ocrx_word' id='word_1_631' title='bbox 2877 3776 3086 3841; x_wconf 88' lang='lat' dir='ltr'><strong>didicit,</strong></span> <span class='ocrx_word' id='word_1_632' title='bbox 3137 3778 3358 3849; x_wconf 83' lang='lat' dir='ltr'><strong>quando</strong></span> <span class='ocrx_word' id='word_1_633' title='bbox 3416 3777 3603 3835; x_wconf 81' lang='lat' dir='ltr'><strong>Patris</strong></span> 
     </span>
    </p>
   </div>
   <div class='ocr_carea' id='block_1_82' title="bbox 2008 3868 3603 3938">
    <p class='ocr_par' dir='ltr' id='par_1_82' title="bbox 2008 3868 3603 3938">
     <span class='ocr_line' id='line_1_82' title="bbox 2008 3868 3603 3938; baseline 0.003 -16"><span class='ocrx_word' id='word_1_634' title='bbox 2008 3881 2191 3922; x_wconf 89' lang='lat' dir='ltr'><strong>sermo</strong></span> <span class='ocrx_word' id='word_1_635' title='bbox 2219 3868 2498 3938; x_wconf 86' lang='lat' dir='ltr'><strong>quapiam</strong></span> <span class='ocrx_word' id='word_1_636' title='bbox 2534 3869 2602 3924; x_wconf 91' lang='lat' dir='ltr'><strong>de</strong></span> <span class='ocrx_word' id='word_1_637' title='bbox 2635 3885 2696 3925; x_wconf 89' lang='lat' dir='ltr'><strong>re</strong></span> <span class='ocrx_word' id='word_1_638' title='bbox 2724 3870 2790 3924; x_wconf 90' lang='lat' dir='ltr'><strong>ad</strong></span> <span class='ocrx_word' id='word_1_639' title='bbox 2826 3868 2975 3924; x_wconf 92' lang='lat' dir='ltr'><strong>illum</strong></span> <span class='ocrx_word' id='word_1_640' title='bbox 3008 3868 3228 3925; x_wconf 89' lang='lat' dir='ltr'><strong>habitus</strong></span> <span class='ocrx_word' id='word_1_641' title='bbox 3254 3879 3361 3936; x_wconf 90' lang='lat' dir='ltr'><strong>est,</strong></span> <span class='ocrx_word' id='word_1_642' title='bbox 3422 3870 3603 3926; x_wconf 85' lang='lat' dir='ltr'><strong>diver-</strong></span> 
     </span>
    </p>
   </div>
   <div class='ocr_carea' id='block_1_83' title="bbox 2008 3960 3607 4030">
    <p class='ocr_par' dir='ltr' id='par_1_83' title="bbox 2008 3960 3607 4030">
     <span class='ocr_line' id='line_1_83' title="bbox 2008 3960 3607 4030; baseline 0.003 -15"><span class='ocrx_word' id='word_1_643' title='bbox 2008 3975 2102 4015; x_wconf 88' lang='lat' dir='ltr'><strong>sus</strong></span> <span class='ocrx_word' id='word_1_644' title='bbox 2146 3961 2254 4015; x_wconf 91' lang='lat' dir='ltr'><strong>erit</strong></span> <span class='ocrx_word' id='word_1_645' title='bbox 2309 3961 2378 4015; x_wconf 89' lang='lat' dir='ltr'><strong>ab</strong></span> <span class='ocrx_word' id='word_1_646' title='bbox 2409 3974 2475 4015; x_wconf 90' lang='lat' dir='ltr'><strong>eo</strong></span> <span class='ocrx_word' id='word_1_647' title='bbox 2517 3960 2607 4030; x_wconf 87' lang='lat' dir='ltr'><strong>qui</strong></span> <span class='ocrx_word' id='word_1_648' title='bbox 2655 3970 2846 4015; x_wconf 86' lang='lat' dir='ltr'><strong>natura</strong></span> <span class='ocrx_word' id='word_1_649' title='bbox 2877 3961 3136 4017; x_wconf 77' lang='lat' dir='ltr'><strong>exsistit:</strong></span> <span class='ocrx_word' id='word_1_650' title='bbox 3165 3962 3212 4017; x_wconf 90' lang='lat' dir='ltr'><strong>si</strong></span> <span class='ocrx_word' id='word_1_651' title='bbox 3249 3976 3381 4018; x_wconf 85' lang='lat' dir='ltr'><strong>vero</strong></span> <span class='ocrx_word' id='word_1_652' title='bbox 3419 3962 3607 4030; x_wconf 82' lang='lat' dir='ltr'><strong>scivit,</strong></span> 
     </span>
    </p>
   </div>
   <div class='ocr_carea' id='block_1_84' title="bbox 2016 4052 3599 4127">
    <p class='ocr_par' dir='ltr' id='par_1_84' title="bbox 2016 4052 3599 4127">
     <span class='ocr_line' id='line_1_84' title="bbox 2016 4052 3599 4127; baseline 0.002 -20"><span class='ocrx_word' id='word_1_653' title='bbox 2016 4052 2292 4123; x_wconf 89' lang='lat' dir='ltr'><strong>quomodo</strong></span> <span class='ocrx_word' id='word_1_654' title='bbox 2324 4068 2432 4109; x_wconf 91' lang='lat' dir='ltr'><strong>non</strong></span> <span class='ocrx_word' id='word_1_655' title='bbox 2467 4052 2634 4109; x_wconf 89' lang='lat' dir='ltr'><strong>fuerit</strong></span> <span class='ocrx_word' id='word_1_656' title='bbox 2675 4053 2968 4109; x_wconf 89' lang='lat' dir='ltr'><strong>absurdum</strong></span> <span class='ocrx_word' id='word_1_657' title='bbox 3008 4055 3075 4109; x_wconf 88' lang='lat' dir='ltr'><strong>ad</strong></span> <span class='ocrx_word' id='word_1_658' title='bbox 3119 4055 3384 4112; x_wconf 89' lang='lat' dir='ltr'><strong>scientem</strong></span> <span class='ocrx_word' id='word_1_659' title='bbox 3424 4054 3599 4127; x_wconf 76' lang='lat' dir='ltr'><strong>inqui,</strong></span> 
     </span>
    </p>
   </div>
   <div class='ocr_carea' id='block_1_85' title="bbox 2018 4146 3602 4217">
    <p class='ocr_par' dir='ltr' id='par_1_85' title="bbox 2018 4146 3602 4217">
     <span class='ocr_line' id='line_1_85' title="bbox 2018 4146 3602 4217; baseline 0.002 -17"><span class='ocrx_word' id='word_1_660' title='bbox 2018 4154 2278 4217; x_wconf 89' lang='lat' dir='ltr'><strong>tanquam</strong></span> <span class='ocrx_word' id='word_1_661' title='bbox 2311 4162 2418 4202; x_wconf 89' lang='lat' dir='ltr'><strong>non</strong></span> <span class='ocrx_word' id='word_1_662' title='bbox 2451 4146 2753 4202; x_wconf 76' lang='lat' dir='ltr'><strong>scientem?</strong></span> <span class='ocrx_word' id='word_1_663' title='bbox 2779 4147 2941 4215; x_wconf 83' lang='lat' dir='ltr'><strong>Atqui</strong></span> <span class='ocrx_word' id='word_1_664' title='bbox 2972 4147 3137 4203; x_wconf 85' lang='lat' dir='ltr'><strong>etiam</strong></span> <span class='ocrx_word' id='word_1_665' title='bbox 3167 4148 3312 4203; x_wconf 89' lang='lat' dir='ltr'><strong>inter</strong></span> <span class='ocrx_word' id='word_1_666' title='bbox 3339 4148 3602 4203; x_wconf 81' lang='lat' dir='ltr'><strong>homines</strong></span> 
     </span>
    </p>
   </div>
   <div class='ocr_carea' id='block_1_86' title="bbox 2007 4229 3584 4307">
    <p class='ocr_par' dir='ltr' id='par_1_86' title="bbox 2007 4229 3584 4307">
     <span class='ocr_line' id='line_1_86' title="bbox 2007 4229 3584 4307; baseline 0.002 -15"><span class='ocrx_word' id='word_1_667' title='bbox 2007 4237 2112 4293; x_wconf 90' lang='lat' dir='ltr'><strong>hoc</strong></span> <span class='ocrx_word' id='word_1_668' title='bbox 2149 4237 2437 4293; x_wconf 89' lang='lat' dir='ltr'><strong>ridiculum</strong></span> <span class='ocrx_word' id='word_1_669' title='bbox 2468 4237 2653 4292; x_wconf 88' lang='lat' dir='ltr'><strong>fuerit.</strong></span> <span class='ocrx_word' id='word_1_670' title='bbox 2679 4236 2813 4291; x_wconf 89' lang='lat' dir='ltr'><strong>Cum</strong></span> <span class='ocrx_word' id='word_1_671' title='bbox 2845 4229 3014 4307; x_wconf 84' lang='lat' dir='ltr'><strong>igitur</strong></span> <span class='ocrx_word' id='word_1_672' title='bbox 3051 4237 3346 4293; x_wconf 89' lang='lat' dir='ltr'><strong>absurdum</strong></span> <span class='ocrx_word' id='word_1_673' title='bbox 3374 4239 3446 4293; x_wconf 89' lang='lat' dir='ltr'><strong>sit</strong></span> <span class='ocrx_word' id='word_1_674' title='bbox 3480 4239 3584 4295; x_wconf 88' lang='lat' dir='ltr'><strong>hoc</strong></span> 
     </span>
    </p>
   </div>
   <div class='ocr_carea' id='block_1_87' title="bbox 2011 4328 3579 4396">
    <p class='ocr_par' dir='ltr' id='par_1_87' title="bbox 2011 4328 3579 4396">
     <span class='ocr_line' id='line_1_87' title="bbox 2011 4328 3579 4396; baseline 0.001 -13"><span class='ocrx_word' id='word_1_675' title='bbox 2011 4328 2121 4384; x_wconf 93' lang='lat' dir='ltr'><strong>Deo</strong></span> <span class='ocrx_word' id='word_1_676' title='bbox 2169 4329 2432 4396; x_wconf 89' lang='lat' dir='ltr'><strong>tribuere,</strong></span> <span class='ocrx_word' id='word_1_677' title='bbox 2501 4329 2846 4384; x_wconf 86' lang='lat' dir='ltr'><strong>manifestum</strong></span> <span class='ocrx_word' id='word_1_678' title='bbox 2890 4337 2995 4396; x_wconf 88' lang='lat' dir='ltr'><strong>est,</strong></span> <span class='ocrx_word' id='word_1_679' title='bbox 3035 4330 3101 4382; x_wconf 88' lang='lat' dir='ltr'><strong>ad</strong></span> <span class='ocrx_word' id='word_1_680' title='bbox 3158 4344 3263 4384; x_wconf 90' lang='lat' dir='ltr'><strong>non</strong></span> <span class='ocrx_word' id='word_1_681' title='bbox 3312 4330 3579 4385; x_wconf 85' lang='lat' dir='ltr'><strong>scientem</strong></span> 
     </span>
    </p>
   </div>
   <div class='ocr_carea' id='block_1_88' title="bbox 2030 4419 3599 4490">
    <p class='ocr_par' dir='ltr' id='par_1_88' title="bbox 2030 4419 3599 4490">
     <span class='ocr_line' id='line_1_88' title="bbox 2030 4419 3599 4490; baseline 0 -15"><span class='ocrx_word' id='word_1_682' title='bbox 2030 4421 2275 4475; x_wconf 76' lang='lat' dir='ltr'><strong>loculum</strong></span> <span class='ocrx_word' id='word_1_683' title='bbox 2323 4420 2513 4476; x_wconf 88' lang='lat' dir='ltr'><strong>fuisse.</strong></span> <span class='ocrx_word' id='word_1_684' title='bbox 2557 4419 2671 4474; x_wconf 84' lang='lat' dir='ltr'><strong>Non</strong></span> <span class='ocrx_word' id='word_1_685' title='bbox 2705 4429 2790 4474; x_wconf 83' lang='lat' dir='ltr'><strong>est</strong></span> <span class='ocrx_word' id='word_1_686' title='bbox 2824 4420 2988 4489; x_wconf 87' lang='lat' dir='ltr'><strong>igitur</strong></span> <span class='ocrx_word' id='word_1_687' title='bbox 3027 4420 3144 4490; x_wconf 88' lang='lat' dir='ltr'><strong>ipse</strong></span> <span class='ocrx_word' id='word_1_688' title='bbox 3183 4419 3412 4475; x_wconf 83' lang='lat' dir='ltr'><strong>Verbqu</strong></span> <span class='ocrx_word' id='word_1_689' title='bbox 3450 4420 3599 4475; x_wconf 88' lang='lat' dir='ltr'><strong>Patri</strong></span> 
     </span>
    </p>
   </div>
   <div class='ocr_carea' id='block_1_89' title="bbox 2032 4509 3597 4581">
    <p class='ocr_par' dir='ltr' id='par_1_89' title="bbox 2032 4509 3597 4581">
     <span class='ocr_line' id='line_1_89' title="bbox 2032 4509 3597 4581; baseline 0.001 -17"><span class='ocrx_word' id='word_1_690' title='bbox 2032 4511 2281 4576; x_wconf 88' lang='lat' dir='ltr'><strong>insitum,</strong></span> <span class='ocrx_word' id='word_1_691' title='bbox 2325 4526 2501 4581; x_wconf 88' lang='lat' dir='ltr'><strong>neque</strong></span> <span class='ocrx_word' id='word_1_692' title='bbox 2542 4511 2793 4567; x_wconf 79' lang='lat' dir='ltr'><strong>scivisset</strong></span> <span class='ocrx_word' id='word_1_693' title='bbox 2823 4525 2942 4580; x_wconf 68' lang='lat' dir='ltr'><strong>qum</strong></span> <span class='ocrx_word' id='word_1_694' title='bbox 2974 4509 3087 4565; x_wconf 83' lang='lat' dir='ltr'><strong>vult</strong></span> <span class='ocrx_word' id='word_1_695' title='bbox 3128 4509 3272 4565; x_wconf 88' lang='lat' dir='ltr'><strong>Deus</strong></span> <span class='ocrx_word' id='word_1_696' title='bbox 3317 4526 3381 4567; x_wconf 89' lang='lat' dir='ltr'><strong>ac</strong></span> <span class='ocrx_word' id='word_1_697' title='bbox 3415 4509 3597 4579; x_wconf 85' lang='lat' dir='ltr'><strong>Pater,</strong></span> 
     </span>
    </p>
   </div>
   <div class='ocr_carea' id='block_1_90' title="bbox 317 4594 1902 4674">
    <p class='ocr_par' dir='ltr' id='par_1_90' title="bbox 317 4597 1902 4674">
     <span class='ocr_line' id='line_1_90' title="bbox 317 4597 1902 4674; baseline -0.005 -17"><span class='ocrx_word' id='word_1_698' title='bbox 317 4603 456 4667; x_wconf 78' lang='grc' dir='ltr'><strong>Θεὸς</strong></span> <span class='ocrx_word' id='word_1_699' title='bbox 490 4604 582 4656; x_wconf 78' lang='grc' dir='ltr'><strong>καὶ</strong></span> <span class='ocrx_word' id='word_1_700' title='bbox 612 4602 821 4674; x_wconf 81' lang='grc' dir='ltr'><strong>Πατὴρ,</strong></span> <span class='ocrx_word' id='word_1_701' title='bbox 869 4603 916 4655; x_wconf 90' lang='grc' dir='ltr'><strong>εἰ</strong></span> <span class='ocrx_word' id='word_1_702' title='bbox 968 4600 1043 4673; x_wconf 82' lang='grc' dir='ltr'><strong>μὴ</strong></span> <span class='ocrx_word' id='word_1_703' title='bbox 1075 4601 1288 4669; x_wconf 84' lang='grc' dir='ltr'><strong>γένοιτο</strong></span> <span class='ocrx_word' id='word_1_704' title='bbox 1334 4598 1472 4670; x_wconf 76' lang='grc' dir='ltr'><strong>πρὸς</strong></span> <span class='ocrx_word' id='word_1_705' title='bbox 1520 4598 1685 4652; x_wconf 74' lang='grc' dir='ltr'><strong>αὐτὸν</strong></span> <span class='ocrx_word' id='word_1_706' title='bbox 1714 4597 1743 4650; x_wconf 88' lang='grc' dir='ltr'>ὁ</span> <span class='ocrx_word' id='word_1_707' title='bbox 1774 4597 1902 4667; x_wconf 82' lang='grc' dir='ltr'><strong>παρ¹</strong></span> 
     </span>
    </p>
   </div>
   <div class='ocr_carea' id='block_1_91' title="bbox 2009 4594 3370 4674">
    <p class='ocr_par' dir='ltr' id='par_1_91' title="bbox 2019 4601 3370 4673">
     <span class='ocr_line' id='line_1_91' title="bbox 2019 4601 3370 4673; baseline 0.001 -16"><span class='ocrx_word' id='word_1_708' title='bbox 2019 4602 2123 4659; x_wconf 89' lang='lat' dir='ltr'><strong>nisi</strong></span> <span class='ocrx_word' id='word_1_709' title='bbox 2173 4617 2355 4658; x_wconf 86' lang='lat' dir='ltr'><strong>sermo</strong></span> <span class='ocrx_word' id='word_1_710' title='bbox 2384 4602 2566 4658; x_wconf 90' lang='lat' dir='ltr'><strong>Patris</strong></span> <span class='ocrx_word' id='word_1_711' title='bbox 2605 4603 2671 4657; x_wconf 92' lang='lat' dir='ltr'><strong>ad</strong></span> <span class='ocrx_word' id='word_1_712' title='bbox 2705 4603 2878 4673; x_wconf 90' lang='lat' dir='ltr'><strong>ipsum</strong></span> <span class='ocrx_word' id='word_1_713' title='bbox 2909 4601 3124 4657; x_wconf 86' lang='lat' dir='ltr'><strong>habitus</strong></span> <span class='ocrx_word' id='word_1_714' title='bbox 3157 4601 3370 4658; x_wconf 87' lang='lat' dir='ltr'><strong>fuisset.</strong></span> 
     </span>
    </p>
   </div>
   <div class='ocr_carea' id='block_1_92' title="bbox 318 4693 693 4763">
    <p class='ocr_par' dir='ltr' id='par_1_92' title="bbox 318 4693 693 4763">
     <span class='ocr_line' id='line_1_92' title="bbox 318 4693 693 4763; baseline 0.005 -15"><span class='ocrx_word' id='word_1_715' title='bbox 318 4694 489 4750; x_wconf 83' lang='grc' dir='ltr'><strong>αὐτοῦ</strong></span> <span class='ocrx_word' id='word_1_716' title='bbox 517 4693 693 4763; x_wconf 87' lang='grc' dir='ltr'><strong>λόγος.</strong></span> 
     </span>
    </p>
   </div>
   <div class='ocr_carea' id='block_1_93' title="bbox 815 4808 1407 4880">
    <p class='ocr_par' dir='ltr' id='par_1_93' title="bbox 815 4808 1407 4880">
     <span class='ocr_line' id='line_1_93' title="bbox 815 4808 1407 4880; baseline -0.007 -16"><span class='ocrx_word' id='word_1_717' title='bbox 815 4809 971 4880; x_wconf 85' lang='grc' dir='ltr'><strong>Πρὸς</strong></span> <span class='ocrx_word' id='word_1_718' title='bbox 993 4808 1170 4863; x_wconf 80' lang='grc' dir='ltr'><strong>τοῦτο</strong></span> <span class='ocrx_word' id='word_1_719' title='bbox 1206 4808 1407 4873; x_wconf 74' lang='grc' dir='ltr'><strong>λύσις.</strong></span> 
     </span>
    </p>
   </div>
   <div class='ocr_carea' id='block_1_94' title="bbox 396 4912 1906 4993">
    <p class='ocr_par' dir='ltr' id='par_1_94' title="bbox 396 4912 1906 4993">
     <span class='ocr_line' id='line_1_94' title="bbox 396 4912 1906 4993; baseline -0.003 -15"><span class='ocrx_word' id='word_1_720' title='bbox 396 4924 564 4978; x_wconf 74' lang='grc' dir='ltr'><strong>Οὐδὲν</strong></span> <span class='ocrx_word' id='word_1_721' title='bbox 586 4917 680 4978; x_wconf 78' lang='grc' dir='ltr'><strong>οὖν</strong></span> <span class='ocrx_word' id='word_1_722' title='bbox 699 4912 885 4976; x_wconf 76' lang='grc' dir='ltr'><strong>διοίσει</strong></span> <span class='ocrx_word' id='word_1_723' title='bbox 916 4922 1210 4992; x_wconf 77' lang='grc' dir='ltr'><strong>προφητῶν</strong></span> <span class='ocrx_word' id='word_1_724' title='bbox 1238 4923 1266 4975; x_wconf 92' lang='grc' dir='ltr'><strong>ό</strong></span> <span class='ocrx_word' id='word_1_725' title='bbox 1292 4922 1351 4974; x_wconf 83' lang='grc' dir='ltr'><strong>ὲν</strong></span> <span class='ocrx_word' id='word_1_726' title='bbox 1391 4920 1701 4993; x_wconf 79' lang='grc' dir='ltr'><strong>προφήταις</strong></span> <span class='ocrx_word' id='word_1_727' title='bbox 1732 4920 1906 4973; x_wconf 84' lang='grc' dir='ltr'><strong>λαλῶν</strong></span> 
     </span>
    </p>
   </div>
   <div class='ocr_carea' id='block_1_95' title="bbox 323 5008 1905 5081">
    <p class='ocr_par' dir='ltr' id='par_1_95' title="bbox 323 5008 1905 5081">
     <span class='ocr_line' id='line_1_95' title="bbox 323 5008 1905 5081; baseline -0.003 -14"><span class='ocrx_word' id='word_1_728' title='bbox 323 5012 420 5068; x_wconf 78' lang='grc' dir='ltr'><strong>τοῦ</strong></span> <span class='ocrx_word' id='word_1_729' title='bbox 448 5012 584 5065; x_wconf 84' lang='grc' dir='ltr'><strong>Θεοῦ</strong></span> <span class='ocrx_word' id='word_1_730' title='bbox 614 5013 805 5081; x_wconf 86' lang='grc' dir='ltr'><strong>Λόγος,</strong></span> <span class='ocrx_word' id='word_1_731' title='bbox 834 5012 929 5065; x_wconf 72' lang='grc' dir='ltr'><strong>καὶ</strong></span> <span class='ocrx_word' id='word_1_732' title='bbox 956 5011 1025 5063; x_wconf 77' lang='grc' dir='ltr'><strong>τὰ</strong></span> <span class='ocrx_word' id='word_1_733' title='bbox 1058 5010 1290 5079; x_wconf 72' lang='grc' dir='ltr'><strong>ἐσόμενα</strong></span> <span class='ocrx_word' id='word_1_734' title='bbox 1316 5008 1653 5080; x_wconf 90' lang='grc' dir='ltr'><strong>προμηνύων</strong></span> <span class='ocrx_word' id='word_1_735' title='bbox 1683 5010 1867 5073; x_wconf 83' lang='grc' dir='ltr'><strong>αὐτοῖς</strong></span> <span class='ocrx_word' id='word_1_736' title='bbox 1889 5025 1905 5040; x_wconf 67' lang='grc' dir='ltr'>θ</span> 
     </span>
    </p>
   </div>
   <div class='ocr_carea' id='block_1_96' title="bbox 322 5097 1908 5172">
    <p class='ocr_par' dir='ltr' id='par_1_96' title="bbox 322 5097 1908 5172">
     <span class='ocr_line' id='line_1_96' title="bbox 322 5097 1908 5172; baseline -0.001 -16"><span class='ocrx_word' id='word_1_737' title='bbox 322 5105 389 5156; x_wconf 77' lang='grc' dir='ltr'><strong>οὐ</strong></span> <span class='ocrx_word' id='word_1_738' title='bbox 420 5100 531 5172; x_wconf 78' lang='grc' dir='ltr'><strong>γάρ</strong></span> <span class='ocrx_word' id='word_1_739' title='bbox 561 5097 705 5171; x_wconf 79' lang='grc' dir='ltr'><strong>εἶχον</strong></span> <span class='ocrx_word' id='word_1_740' title='bbox 738 5101 796 5167; x_wconf 78' lang='grc' dir='ltr'><strong>ἐξ</strong></span> <span class='ocrx_word' id='word_1_741' title='bbox 837 5098 1046 5154; x_wconf 86' lang='grc' dir='ltr'><strong>ἐαυτῶν</strong></span> <span class='ocrx_word' id='word_1_742' title='bbox 1079 5098 1141 5151; x_wconf 78' lang='grc' dir='ltr'><strong>τὸ</strong></span> <span class='ocrx_word' id='word_1_743' title='bbox 1170 5099 1369 5151; x_wconf 86' lang='grc' dir='ltr'><strong>εἰδέναι</strong></span> <span class='ocrx_word' id='word_1_744' title='bbox 1408 5099 1613 5152; x_wconf 77' lang='grc' dir='ltr'><strong>ταῦτα’</strong></span> <span class='ocrx_word' id='word_1_745' title='bbox 1664 5100 1812 5170; x_wconf 86' lang='grc' dir='ltr'><strong>μόνῳ</strong></span> <span class='ocrx_word' id='word_1_746' title='bbox 1851 5100 1908 5154; x_wconf 77' lang='grc' dir='ltr'><strong>δὲ</strong></span> 
     </span>
    </p>
   </div>
   <div class='ocr_carea' id='block_1_97' title="bbox 325 5191 1912 5266">
    <p class='ocr_par' dir='ltr' id='par_1_97' title="bbox 325 5191 1912 5266">
     <span class='ocr_line' id='line_1_97' title="bbox 325 5191 1912 5266; baseline -0.001 -17"><span class='ocrx_word' id='word_1_747' title='bbox 325 5194 561 5266; x_wconf 80' lang='grc' dir='ltr'><strong>ἁρμόζει</strong></span> <span class='ocrx_word' id='word_1_748' title='bbox 588 5194 709 5263; x_wconf 82' lang='grc' dir='ltr'><strong>Θεῷ</strong></span> <span class='ocrx_word' id='word_1_749' title='bbox 743 5194 1016 5263; x_wconf 85' lang='grc' dir='ltr'><strong>ἐσομένων</strong></span> <span class='ocrx_word' id='word_1_750' title='bbox 1038 5192 1073 5262; x_wconf 80' lang='grc' dir='ltr'>ἡ</span> <span class='ocrx_word' id='word_1_751' title='bbox 1106 5192 1429 5263; x_wconf 87' lang='grc' dir='ltr'><strong>πρόγνωσις.</strong></span> <span class='ocrx_word' id='word_1_752' title='bbox 1462 5191 1572 5244; x_wconf 86' lang='lat' dir='ltr'><strong>Kal</strong></span> <span class='ocrx_word' id='word_1_753' title='bbox 1591 5192 1642 5244; x_wconf 91' lang='grc' dir='ltr'><strong>τί</strong></span> <span class='ocrx_word' id='word_1_754' title='bbox 1673 5194 1912 5265; x_wconf 55' lang='grc' dir='ltr'><strong>ποιήσω’</strong></span> 
     </span>
    </p>
   </div>
   <div class='ocr_carea' id='block_1_98' title="bbox 328 5282 1910 5357">
    <p class='ocr_par' dir='ltr' id='par_1_98' title="bbox 328 5282 1910 5357">
     <span class='ocr_line' id='line_1_98' title="bbox 328 5282 1910 5357; baseline -0.001 -18"><span class='ocrx_word' id='word_1_755' title='bbox 328 5302 454 5354; x_wconf 80' lang='grc' dir='ltr'><strong>μεν,</strong></span> <span class='ocrx_word' id='word_1_756' title='bbox 490 5286 583 5339; x_wconf 79' lang='grc' dir='ltr'><strong>τοῦ</strong></span> <span class='ocrx_word' id='word_1_757' title='bbox 625 5286 831 5357; x_wconf 81' lang='grc' dir='ltr'><strong>Κυρίου</strong></span> <span class='ocrx_word' id='word_1_758' title='bbox 860 5285 1060 5356; x_wconf 74' lang='grc' dir='ltr'><strong>σαφῶς</strong></span> <span class='ocrx_word' id='word_1_759' title='bbox 1100 5284 1293 5339; x_wconf 80' lang='grc' dir='ltr'><strong>ἑαυτὸν</strong></span> <span class='ocrx_word' id='word_1_760' title='bbox 1339 5284 1438 5355; x_wconf 82' lang='grc' dir='ltr'><strong>τῆς</strong></span> <span class='ocrx_word' id='word_1_761' title='bbox 1489 5282 1627 5355; x_wconf 80' lang='grc' dir='ltr'><strong>πρὸς</strong></span> <span class='ocrx_word' id='word_1_762' title='bbox 1670 5285 1910 5349; x_wconf 83' lang='grc' dir='ltr'><strong>ἐκείνους</strong></span> 
     </span>
    </p>
   </div>
   <div class='ocr_carea' id='block_1_99' title="bbox 331 5369 1909 5449">
    <p class='ocr_par' dir='ltr' id='par_1_99' title="bbox 331 5369 1909 5449">
     <span class='ocr_line' id='line_1_99' title="bbox 331 5369 1909 5449; baseline 0 -19"><span class='ocrx_word' id='word_1_763' title='bbox 331 5376 581 5447; x_wconf 72' lang='grc' dir='ltr'><strong>ἰπότητος</strong></span> <span class='ocrx_word' id='word_1_764' title='bbox 612 5377 1087 5449; x_wconf 74' lang='grc' dir='ltr'><strong>ἀποδιορίζοντος;</strong></span> <span class='ocrx_word' id='word_1_765' title='bbox 1136 5376 1202 5429; x_wconf 87' lang='grc' dir='ltr'><strong>δι’</strong></span> <span class='ocrx_word' id='word_1_766' title='bbox 1232 5369 1307 5429; x_wconf 81' lang='grc' dir='ltr'><strong>ὧν</strong></span> <span class='ocrx_word' id='word_1_767' title='bbox 1357 5373 1502 5428; x_wconf 72' lang='grc' dir='ltr'><strong>οὕτω</strong></span> <span class='ocrx_word' id='word_1_768' title='bbox 1555 5377 1721 5445; x_wconf 85' lang='grc' dir='ltr'><strong>φησίν</strong></span> <span class='ocrx_word' id='word_1_769' title='bbox 1743 5392 1755 5406; x_wconf 91' lang='grc'>·</span> <span class='ocrx_word' id='word_1_770' title='bbox 1796 5396 1814 5428; x_wconf 76' lang='grc' dir='ltr'><strong>ι</strong></span> <span class='ocrx_word' id='word_1_771' title='bbox 1846 5379 1909 5431; x_wconf 85' lang='grc' dir='ltr'><strong>Εἰ</strong></span> 
     </span>
    </p>
   </div>
   <div class='ocr_carea' id='block_1_100' title="bbox 330 5464 1908 5539">
    <p class='ocr_par' dir='ltr' id='par_1_100' title="bbox 330 5464 1908 5539">
     <span class='ocr_line' id='line_1_100' title="bbox 330 5464 1908 5539; baseline 0 -17"><span class='ocrx_word' id='word_1_772' title='bbox 330 5467 573 5531; x_wconf 75' lang='grc' dir='ltr'><strong>ὲκεὲνους</strong></span> <span class='ocrx_word' id='word_1_773' title='bbox 603 5464 723 5520; x_wconf 76' lang='grc' dir='ltr'><strong>εἷπε</strong></span> <span class='ocrx_word' id='word_1_774' title='bbox 757 5468 933 5532; x_wconf 82' lang='grc' dir='ltr'><strong>θεοὺς,</strong></span> <span class='ocrx_word' id='word_1_775' title='bbox 964 5467 1097 5539; x_wconf 82' lang='grc' dir='ltr'><strong>πρὸς</strong></span> <span class='ocrx_word' id='word_1_776' title='bbox 1128 5466 1220 5531; x_wconf 79' lang='grc' dir='ltr'><strong>οὓς</strong></span> <span class='ocrx_word' id='word_1_777' title='bbox 1256 5469 1283 5521; x_wconf 88' lang='lat'><strong>6</strong></span> <span class='ocrx_word' id='word_1_778' title='bbox 1312 5467 1468 5535; x_wconf 80' lang='grc' dir='ltr'><strong>λόγος</strong></span> <span class='ocrx_word' id='word_1_779' title='bbox 1499 5466 1591 5519; x_wconf 82' lang='grc' dir='ltr'><strong>τοῦ</strong></span> <span class='ocrx_word' id='word_1_780' title='bbox 1622 5468 1757 5521; x_wconf 83' lang='grc' dir='ltr'><strong>Θεοῦ</strong></span> <span class='ocrx_word' id='word_1_781' title='bbox 1788 5469 1908 5537; x_wconf 80' lang='grc' dir='ltr'><strong>ἐγέ-</strong></span> 
     </span>
    </p>
   </div>
   <div class='ocr_carea' id='block_1_101' title="bbox 404 5619 1908 5686">
    <p class='ocr_par' dir='ltr' id='par_1_101' title="bbox 404 5619 1908 5686">
     <span class='ocr_line' id='line_1_101' title="bbox 404 5619 1908 5686; baseline 0.002 -12"><span class='ocrx_word' id='word_1_782' title='bbox 404 5620 445 5653; x_wconf 87' lang='grc'><strong>³¹</strong></span> <span class='ocrx_word' id='word_1_783' title='bbox 473 5620 631 5675; x_wconf 78' lang='lat' dir='ltr'><strong>Joan.</strong></span> <span class='ocrx_word' id='word_1_784' title='bbox 665 5636 765 5685; x_wconf 77' lang='lat' dir='ltr'><strong>xit,</strong></span> <span class='ocrx_word' id='word_1_785' title='bbox 790 5621 879 5676; x_wconf 79' lang='lat'><strong>50.</strong></span> <span class='ocrx_word' id='word_1_786' title='bbox 954 5622 997 5653; x_wconf 85' lang='lat'><strong><em>”</em></strong></span> <span class='ocrx_word' id='word_1_787' title='bbox 1022 5621 1158 5677; x_wconf 87' lang='lat' dir='ltr'><strong>Gen.</strong></span> <span class='ocrx_word' id='word_1_788' title='bbox 1199 5637 1235 5686; x_wconf 90' lang='grc' dir='ltr'><strong>ι,</strong></span> <span class='ocrx_word' id='word_1_789' title='bbox 1267 5620 1355 5675; x_wconf 76' lang='lat'><strong>26.</strong></span> <span class='ocrx_word' id='word_1_790' title='bbox 1434 5621 1480 5653; x_wconf 86' lang='grc'><strong><em>³⁸</em></strong></span> <span class='ocrx_word' id='word_1_791' title='bbox 1505 5619 1657 5676; x_wconf 82' lang='lat' dir='ltr'><strong>Joan.</strong></span> <span class='ocrx_word' id='word_1_792' title='bbox 1698 5638 1793 5682; x_wconf 78' lang='lat' dir='ltr'><strong>xu.</strong></span> <span class='ocrx_word' id='word_1_793' title='bbox 1826 5626 1908 5679; x_wconf 76' lang='grc'><strong>49.</strong></span> 
     </span>
    </p>
   </div>
   <div class='ocr_carea' id='block_1_102' title="bbox 2516 4805 3094 4876">
    <p class='ocr_par' dir='ltr' id='par_1_102' title="bbox 2516 4805 3094 4876">
     <span class='ocr_line' id='line_1_102' title="bbox 2516 4805 3094 4876; baseline -0.003 -15"><span class='ocrx_word' id='word_1_794' title='bbox 2516 4805 2724 4861; x_wconf 83' lang='lat' dir='ltr'><strong>Salutio</strong></span> <span class='ocrx_word' id='word_1_795' title='bbox 2770 4806 3094 4876; x_wconf 79' lang='lat' dir='ltr'><strong>objectiunis.</strong></span> 
     </span>
    </p>
   </div>
   <div class='ocr_carea' id='block_1_103' title="bbox 2082 4917 3600 4990">
    <p class='ocr_par' dir='ltr' id='par_1_103' title="bbox 2082 4917 3600 4990">
     <span class='ocr_line' id='line_1_103' title="bbox 2082 4917 3600 4990; baseline 0.001 -15"><span class='ocrx_word' id='word_1_796' title='bbox 2082 4919 2223 4975; x_wconf 84' lang='lat' dir='ltr'><strong>Nihil</strong></span> <span class='ocrx_word' id='word_1_797' title='bbox 2268 4920 2435 4990; x_wconf 88' lang='lat' dir='ltr'><strong>igitur</strong></span> <span class='ocrx_word' id='word_1_798' title='bbox 2484 4920 2701 4975; x_wconf 81' lang='lat' dir='ltr'><strong>diﬂ‘eret</strong></span> <span class='ocrx_word' id='word_1_799' title='bbox 2742 4936 2772 4975; x_wconf 89' lang='lat' dir='ltr'><strong>a</strong></span> <span class='ocrx_word' id='word_1_800' title='bbox 2818 4920 3098 4990; x_wconf 80' lang='lat' dir='ltr'><strong>prophetis</strong></span> <span class='ocrx_word' id='word_1_801' title='bbox 3139 4917 3379 4976; x_wconf 76' lang='lat' dir='ltr'><strong>Verbum</strong></span> <span class='ocrx_word' id='word_1_802' title='bbox 3413 4921 3509 4979; x_wconf 88' lang='lat' dir='ltr'><strong>Dei</strong></span> <span class='ocrx_word' id='word_1_803' title='bbox 3549 4924 3600 4977; x_wconf 91' lang='lat' dir='ltr'><strong>iu</strong></span> 
     </span>
    </p>
   </div>
   <div class='ocr_carea' id='block_1_104' title="bbox 2020 5012 3605 5087">
    <p class='ocr_par' dir='ltr' id='par_1_104' title="bbox 2020 5012 3605 5087">
     <span class='ocr_line' id='line_1_104' title="bbox 2020 5012 3605 5087; baseline 0.001 -20"><span class='ocrx_word' id='word_1_804' title='bbox 2020 5015 2300 5087; x_wconf 79' lang='lat' dir='ltr'><strong>prophetis</strong></span> <span class='ocrx_word' id='word_1_805' title='bbox 2339 5014 2567 5084; x_wconf 91' lang='lat' dir='ltr'><strong>loquens</strong></span> <span class='ocrx_word' id='word_1_806' title='bbox 2613 5024 2668 5069; x_wconf 90' lang='lat' dir='ltr'><strong>et</strong></span> <span class='ocrx_word' id='word_1_807' title='bbox 2710 5012 2891 5067; x_wconf 86' lang='lat' dir='ltr'><strong>futura</strong></span> <span class='ocrx_word' id='word_1_808' title='bbox 2939 5013 3019 5068; x_wconf 88' lang='lat' dir='ltr'><strong>eis</strong></span> <span class='ocrx_word' id='word_1_809' title='bbox 3050 5012 3394 5082; x_wconf 68' lang='lat' dir='ltr'><strong>praedicens:</strong></span> <span class='ocrx_word' id='word_1_810' title='bbox 3429 5029 3605 5084; x_wconf 87' lang='lat' dir='ltr'><strong>neque</strong></span> 
     </span>
    </p>
   </div>
   <div class='ocr_carea' id='block_1_105' title="bbox 2014 5103 3601 5177">
    <p class='ocr_par' dir='ltr' id='par_1_105' title="bbox 2014 5103 3601 5177">
     <span class='ocr_line' id='line_1_105' title="bbox 2014 5103 3601 5177; baseline -0.001 -15"><span class='ocrx_word' id='word_1_811' title='bbox 2014 5109 2159 5163; x_wconf 88' lang='lat' dir='ltr'><strong>enim</strong></span> <span class='ocrx_word' id='word_1_812' title='bbox 2209 5122 2277 5161; x_wconf 86' lang='lat' dir='ltr'><strong>ex</strong></span> <span class='ocrx_word' id='word_1_813' title='bbox 2327 5106 2529 5177; x_wconf 84' lang='lat' dir='ltr'><strong>seipsis</strong></span> <span class='ocrx_word' id='word_1_814' title='bbox 2568 5107 2764 5162; x_wconf 88' lang='lat' dir='ltr'><strong>horum</strong></span> <span class='ocrx_word' id='word_1_815' title='bbox 2825 5105 3075 5160; x_wconf 88' lang='lat' dir='ltr'><strong>notitiam</strong></span> <span class='ocrx_word' id='word_1_816' title='bbox 3126 5103 3447 5160; x_wconf 84' lang='lat' dir='ltr'><strong>habebant;</strong></span> <span class='ocrx_word' id='word_1_817' title='bbox 3499 5108 3601 5162; x_wconf 88' lang='lat' dir='ltr'><strong>soli</strong></span> 
     </span>
    </p>
   </div>
   <div class='ocr_carea' id='block_1_106' title="bbox 2019 5194 3605 5267">
    <p class='ocr_par' dir='ltr' id='par_1_106' title="bbox 2019 5194 3605 5267">
     <span class='ocr_line' id='line_1_106' title="bbox 2019 5194 3605 5267; baseline -0.001 -14"><span class='ocrx_word' id='word_1_818' title='bbox 2019 5213 2257 5267; x_wconf 87' lang='lat' dir='ltr'><strong>namque</strong></span> <span class='ocrx_word' id='word_1_819' title='bbox 2310 5198 2420 5253; x_wconf 90' lang='lat' dir='ltr'><strong>Deo</strong></span> <span class='ocrx_word' id='word_1_820' title='bbox 2471 5197 2727 5253; x_wconf 81' lang='lat' dir='ltr'><strong>convenit</strong></span> <span class='ocrx_word' id='word_1_821' title='bbox 2780 5196 3085 5251; x_wconf 91' lang='lat' dir='ltr'><strong>futurorum</strong></span> <span class='ocrx_word' id='word_1_822' title='bbox 3138 5196 3422 5265; x_wconf 77' lang='lat' dir='ltr'><strong>pramotio.</strong></span> <span class='ocrx_word' id='word_1_823' title='bbox 3464 5194 3605 5262; x_wconf 86' lang='lat' dir='ltr'><strong>Quid</strong></span> 
     </span>
    </p>
   </div>
   <div class='ocr_carea' id='block_1_107' title="bbox 2012 5288 3605 5355">
    <p class='ocr_par' dir='ltr' id='par_1_107' title="bbox 2012 5288 3605 5355">
     <span class='ocr_line' id='line_1_107' title="bbox 2012 5288 3605 5355; baseline -0.001 -10"><span class='ocrx_word' id='word_1_824' title='bbox 2012 5307 2141 5346; x_wconf 87' lang='lat' dir='ltr'><strong>vero</strong></span> <span class='ocrx_word' id='word_1_825' title='bbox 2175 5291 2458 5355; x_wconf 80' lang='lat' dir='ltr'><strong>faciemus,</strong></span> <span class='ocrx_word' id='word_1_826' title='bbox 2482 5306 2606 5346; x_wconf 92' lang='lat' dir='ltr'><strong>cum</strong></span> <span class='ocrx_word' id='word_1_827' title='bbox 2633 5290 2895 5345; x_wconf 88' lang='lat' dir='ltr'><strong>Dominus</strong></span> <span class='ocrx_word' id='word_1_828' title='bbox 2946 5288 3236 5344; x_wconf 87' lang='lat' dir='ltr'><strong>manifeste</strong></span> <span class='ocrx_word' id='word_1_829' title='bbox 3282 5303 3343 5344; x_wconf 86' lang='lat' dir='ltr'><strong>se</strong></span> <span class='ocrx_word' id='word_1_830' title='bbox 3385 5291 3456 5343; x_wconf 84' lang='lat' dir='ltr'><strong>ab</strong></span> <span class='ocrx_word' id='word_1_831' title='bbox 3489 5288 3605 5343; x_wconf 84' lang='lat' dir='ltr'><strong>illo-</strong></span> 
     </span>
    </p>
   </div>
   <div class='ocr_carea' id='block_1_108' title="bbox 2013 5378 3608 5438">
    <p class='ocr_par' dir='ltr' id='par_1_108' title="bbox 2013 5378 3608 5438">
     <span class='ocr_line' id='line_1_108' title="bbox 2013 5378 3608 5438; baseline 0 -2"><span class='ocrx_word' id='word_1_832' title='bbox 2013 5399 2129 5436; x_wconf 89' lang='lat' dir='ltr'><strong>rum</strong></span> <span class='ocrx_word' id='word_1_833' title='bbox 2178 5384 2533 5438; x_wconf 87' lang='lat' dir='ltr'><strong>similitudine</strong></span> <span class='ocrx_word' id='word_1_834' title='bbox 2580 5384 2821 5438; x_wconf 79' lang='lat' dir='ltr'><strong>cximat?</strong></span> <span class='ocrx_word' id='word_1_835' title='bbox 2874 5384 2946 5438; x_wconf 87' lang='lat' dir='ltr'><strong>ita</strong></span> <span class='ocrx_word' id='word_1_836' title='bbox 3019 5382 3249 5436; x_wconf 89' lang='lat' dir='ltr'><strong>dicens:</strong></span> <span class='ocrx_word' id='word_1_837' title='bbox 3296 5399 3315 5432; x_wconf 81' lang='grc' dir='ltr'><strong>ι</strong></span> <span class='ocrx_word' id='word_1_838' title='bbox 3374 5378 3431 5435; x_wconf 82' lang='lat' dir='ltr'><strong>Si</strong></span> <span class='ocrx_word' id='word_1_839' title='bbox 3486 5380 3608 5436; x_wconf 84' lang='lat' dir='ltr'><strong>i-llos</strong></span> 
     </span>
    </p>
   </div>
   <div class='ocr_carea' id='block_1_109' title="bbox 2015 5474 3605 5545">
    <p class='ocr_par' dir='ltr' id='par_1_109' title="bbox 2015 5474 3605 5545">
     <span class='ocr_line' id='line_1_109' title="bbox 2015 5474 3605 5545; baseline -0.001 -16"><span class='ocrx_word' id='word_1_840' title='bbox 2015 5476 2150 5529; x_wconf 78' lang='lat' dir='ltr'><strong>dixit</strong></span> <span class='ocrx_word' id='word_1_841' title='bbox 2184 5475 2315 5531; x_wconf 80' lang='lat' dir='ltr'><strong>deos</strong></span> <span class='ocrx_word' id='word_1_842' title='bbox 2341 5477 2408 5531; x_wconf 90' lang='lat' dir='ltr'><strong>ad</strong></span> <span class='ocrx_word' id='word_1_843' title='bbox 2439 5490 2575 5545; x_wconf 90' lang='lat' dir='ltr'><strong>quos</strong></span> <span class='ocrx_word' id='word_1_844' title='bbox 2600 5490 2782 5532; x_wconf 88' lang='lat' dir='ltr'><strong>sermo</strong></span> <span class='ocrx_word' id='word_1_845' title='bbox 2810 5474 2905 5531; x_wconf 90' lang='lat' dir='ltr'><strong>Dei</strong></span> <span class='ocrx_word' id='word_1_846' title='bbox 2932 5474 3108 5531; x_wconf 87' lang='lat' dir='ltr'><strong>factus</strong></span> <span class='ocrx_word' id='word_1_847' title='bbox 3134 5483 3240 5540; x_wconf 88' lang='lat' dir='ltr'><strong>est,</strong></span> <span class='ocrx_word' id='word_1_848' title='bbox 3273 5480 3330 5529; x_wconf 89' lang='lat' dir='ltr'><strong>et</strong></span> <span class='ocrx_word' id='word_1_849' title='bbox 3364 5487 3471 5529; x_wconf 91' lang='lat' dir='ltr'><strong>nou</strong></span> <span class='ocrx_word' id='word_1_850' title='bbox 3504 5485 3605 5542; x_wconf 79' lang='lat' dir='ltr'><strong>po-</strong></span> 
     </span>
    </p>
   </div>
   <div class='ocr_carea' id='block_1_110' title="bbox 403 5798 1902 5876">
    <p class='ocr_par' dir='ltr' id='par_1_110' title="bbox 403 5798 1902 5876">
     <span class='ocr_line' id='line_1_110' title="bbox 403 5798 1902 5876; baseline 0.003 -23"><span class='ocrx_word' id='word_1_851' title='bbox 403 5799 479 5867; x_wconf 79' lang='lat' dir='ltr'><strong>(I)</strong></span> <span class='ocrx_word' id='word_1_852' title='bbox 516 5798 607 5853; x_wconf 78' lang='lat' dir='ltr'><strong>Sic</strong></span> <span class='ocrx_word' id='word_1_853' title='bbox 635 5799 867 5876; x_wconf 58' lang='grc' dir='ltr'><strong>ςὶίιιςξιιιιςἶ</strong></span> <span class='ocrx_word' id='word_1_854' title='bbox 899 5800 948 5853; x_wconf 89' lang='lat' dir='ltr'><strong>in</strong></span> <span class='ocrx_word' id='word_1_855' title='bbox 974 5800 1298 5876; x_wconf 53' lang='lat' dir='ltr'><strong>Monumin</strong></span> <span class='ocrx_word' id='word_1_856' title='bbox 1332 5800 1395 5855; x_wconf 80' lang='lat' dir='ltr'><strong>G.</strong></span> <span class='ocrx_word' id='word_1_857' title='bbox 1423 5800 1485 5863; x_wconf 87' lang='lat' dir='ltr'><strong>II,</strong></span> <span class='ocrx_word' id='word_1_858' title='bbox 1508 5800 1631 5855; x_wconf 81' lang='grc'><strong>591.</strong></span> <span class='ocrx_word' id='word_1_859' title='bbox 1841 5803 1902 5857; x_wconf 83' lang='lat' dir='ltr'><strong>At</strong></span> 
     </span>
    </p>
   </div>
   <div class='ocr_carea' id='block_1_111' title="bbox 2009 5798 3602 5876">
    <p class='ocr_par' dir='ltr' id='par_1_111' title="bbox 2034 5799 3602 5876">
     <span class='ocr_line' id='line_1_111' title="bbox 2034 5799 3602 5876; baseline -0.004 -16"><span class='ocrx_word' id='word_1_860' title='bbox 2034 5808 2121 5860; x_wconf 68' lang='grc' dir='ltr'><strong>τὶν</strong></span> <span class='ocrx_word' id='word_1_861' title='bbox 2154 5807 2314 5861; x_wconf 69' lang='grc' dir='ltr'><strong>αὐτὸν</strong></span> <span class='ocrx_word' id='word_1_862' title='bbox 2359 5810 2476 5860; x_wconf 68' lang='grc' dir='ltr'><strong>κατ’</strong></span> <span class='ocrx_word' id='word_1_863' title='bbox 2506 5805 2736 5876; x_wconf 58' lang='lat' dir='ltr'><strong>aman</strong></span> <span class='ocrx_word' id='word_1_864' title='bbox 2765 5806 2938 5875; x_wconf 70' lang='grc' dir='ltr'><strong>λόγον.</strong></span> <span class='ocrx_word' id='word_1_865' title='bbox 2972 5803 3109 5859; x_wconf 80' lang='lat' dir='ltr'><strong>Nam</strong></span> <span class='ocrx_word' id='word_1_866' title='bbox 3137 5804 3179 5859; x_wconf 75' lang='lat' dir='ltr'><strong>si</strong></span> <span class='ocrx_word' id='word_1_867' title='bbox 3207 5803 3261 5858; x_wconf 79' lang='lat' dir='ltr'><strong>in</strong></span> <span class='ocrx_word' id='word_1_868' title='bbox 3298 5811 3486 5856; x_wconf 78' lang='lat' dir='ltr'><strong>natura</strong></span> <span class='ocrx_word' id='word_1_869' title='bbox 3518 5799 3602 5854; x_wconf 72' lang='lat' dir='ltr'><strong>in-</strong></span> 
     </span>
    </p>
   </div>
   <div class='ocr_carea' id='block_1_112' title="bbox 332 5869 1879 5938">
    <p class='ocr_par' dir='ltr' id='par_1_112' title="bbox 332 5869 1879 5938">
     <span class='ocr_line' id='line_1_112' title="bbox 332 5869 1879 5938; baseline 0.001 -13"><span class='ocrx_word' id='word_1_870' title='bbox 332 5885 584 5938; x_wconf 64' lang='lat' dir='ltr'><strong>corporea</strong></span> <span class='ocrx_word' id='word_1_871' title='bbox 624 5870 739 5937; x_wconf 76' lang='lat' dir='ltr'><strong>ﬁcri</strong></span> <span class='ocrx_word' id='word_1_872' title='bbox 772 5869 893 5925; x_wconf 72' lang='lat' dir='ltr'><strong>t&#39;clt&#39;s</strong></span> <span class='ocrx_word' id='word_1_873' title='bbox 928 5879 1165 5923; x_wconf 76' lang='lat' dir='ltr'><strong>ututuum</strong></span> <span class='ocrx_word' id='word_1_874' title='bbox 1206 5872 1339 5925; x_wconf 78' lang='lat' dir='ltr'><strong>hunc</strong></span> <span class='ocrx_word' id='word_1_875' title='bbox 1376 5888 1683 5927; x_wconf 73' lang='lat' dir='ltr'><strong>sermonem.</strong></span> <span class='ocrx_word' id='word_1_876' title='bbox 1724 5874 1879 5927; x_wconf 58' lang='lat' dir='ltr'><strong>liut’t‘.</strong></span> 
     </span>
    </p>
   </div>
  </div>
