4024 6496
518 459 622 514 διε)

1539 452 1595 508 s.
1640 446 1905 509 cmeLt
1944 443 2409 502 ALEXANDRINI
2449 434 2767 505 anc'tusr.

3662 448 3753 507 320

524 587 623 631 test
664 574 795 630 solvi
843 572 1159 639 Scriptura;
1209 588 1368 645 quem
1420 573 1560 630 Deus
1608 572 1991 635 sanetiticavit,
2027 586 2055 623 e

2182 585 2299 621 νετο
2324 611 2336 632 ,
2391 571 2482 624 καὶ
2514 572 2574 623 ού
2604 570 2829 625 δύναται
2871 569 3095 641 λυθῆναι
3134 570 3166 640 ή
3210 565 3427 640 Γραφὴ.
3473 569 3532 622 δν
3562 570 3590 621 6
3634 570 3753 633 Θεὸς

520 666 666 721 misit
713 666 764 719 in
812 668 1089 732 mundum,
1145 682 1241 722 vos
1286 666 1465 722 dicitis
1531 667 1654 735 quia
1713 665 2079 733 Blasphemas,

517 756 641 824 quia
686 755 794 809 dixi
824 777 835 809 :
876 753 1044 811 Filius
1079 757 1168 810 Dei
1202 772 1318 811 sum
1349 756 1415 811 “.
1454 775 1471 807 ι
1508 755 1562 810 Si
1598 755 1743 810 enim
1777 754 2077 809 naturalem

516 857 635 894 cum
681 844 960 913 prophetis
993 844 1397 899 similitudinem
1425 844 1721 908 habuisset,
1760 858 1864 898 non
1897 844 2082 912 utique

514 932 678 986 veluti
716 948 745 986 a
782 933 941 1004 ιω
967 931 1263 987 minoribus
1305 948 1364 987 se
1408 932 1864 1001 comparationem
1915 931 2079 986 l’ecis-

516 1031 618 1076 set.
661 1022 791 1076 Nam
828 1038 944 1077 cum
977 1023 1133 1087 dixit,
1168 1043 1186 1075 t
1222 1021 1277 1077 Si
1312 1024 1431 1078 illos
1461 1025 1600 1079 dixit
1635 1025 1786 1089 deos,
1828 1026 1893 1078 ad
1942 1039 2081 1093 quos

515 1127 695 1167 sermo
730 1111 821 1167 Del
874 1110 1048 1167 factus
1080 1125 1183 1179 est,
1214 1114 1501 1170 manifeste
1532 1116 1768 1170 ostendit
1815 1116 1908 1170 Dei
1960 1130 2076 1169 ser-

515 1214 723 1255 monem
759 1201 823 1255 ad
858 1218 915 1256 se
964 1202 1162 1257 factum
1200 1216 1303 1255 nou
1331 1216 1475 1266 esse,
1512 1203 1656 1256 sicut
1692 1203 1759 1256 ad
1793 1202 1946 1256 illos:
1982 1203 2076 1258 sed

513 1289 652 1355 quod
698 1288 812 1359 ipse
854 1293 928 1346 sit
978 1306 1158 1348 sermo
1207 1292 1382 1349 Patris
1434 1296 1499 1350 ad
1550 1296 1839 1365 prophetas
1874 1296 2069 1349 dictus.

513 1377 792 1444 Quomodo
844 1380 1007 1448 igitur
1046 1383 1112 1446 is,
1142 1384 1232 1453 qui
1274 1392 1423 1438 tanto
1472 1384 1755 1439 intervallo
1785 1384 2075 1455 prophetas

510 1480 749 1538 superat,
778 1470 911 1527 nihil
939 1471 1099 1529 habet
1122 1473 1353 1543 amplius
1384 1489 1545 1543 quam
1576 1476 1871 1545 propheta,
1906 1485 1960 1530 ut
1994 1484 2071 1543 tu,

510 1558 835 1630 blaspheme,
865 1562 1329 1634 impudentissime
1352 1556 1586 1620 asserisi

1166 1845 1395 1902 ALIUD.

574 1954 630 2011 Si
660 1956 883 2011 nescivit
920 1956 1091 2011 Filius
1134 1958 1460 2014 voluntatem
1500 1957 1700 2028 Patris,
1728 1960 1845 2025 sed,
1873 1976 2063 2030 quem-

501 2052 788 2104 admodum
848 2050 1031 2105 hostes
1089 2049 1291 2111 Cbristi
1347 2059 1957 2133 asserunt,sermonem
1998 2052 2067 2108 ab

503 2138 621 2207 ipso
639 2140 888 2210 suscipit,
913 2152 969 2195 ut
988 2142 1059 2194 ita
1078 2140 1269 2204 discat,
1291 2149 1344 2195 et
1362 2141 1583 2209 perinde
1599 2157 1663 2196 ac
1685 2143 2063 2211 prophetarum

499 2229 735 2299 aliquem
761 2229 923 2286 Pater
944 2232 1115 2300 ipsum
1148 2230 1441 2300 alloquitur
1470 2249 1485 2285 :
1525 2232 1754 2301 aequalis
1788 2233 1951 2302 igitur
1979 2242 2066 2288 est

498 2319 794 2388 prophetis.
830 2319 970 2385 Quid
1007 2320 1174 2390 igitur
1206 2334 1419 2375 rursum
1451 2328 1688 2376 statuent
1727 2323 1792 2376 de
1829 2320 2060 2377 Psalmi-

495 2417 603 2469 sta,
636 2408 688 2461 in
727 2406 930 2478 Spiritu
959 2410 1171 2464 dicente
1201 2428 1215 2463 :
1253 2427 1271 2460 t
1305 2408 1437 2476 Quis
1466 2410 1519 2464 in
1552 2412 1784 2466 nubibus
1814 2426 2060 2481 exequa-

491 2496 642 2551 hitur
678 2498 945 2553 Domino?
986 2509 1041 2555 et
1073 2501 1195 2570 quis
1224 2502 1418 2557 similis
1455 2503 1560 2557 erit
1592 2504 1816 2559 Domino
1846 2505 1898 2558 in
1937 2504 2060 2560 ﬁliis

498 2586 770 2641 hominum
796 2588 921 2642 ιιι»
961 2590 1145 2644 Videu‘
1191 2606 1297 2661 quo
1331 2603 1491 2661 pacto
1548 2603 1734 2661 aperte
1790 2594 2059 2648 neminem

497 2677 670 2743 inquit
690 2678 741 2732 in
764 2680 1065 2749 prophetis,
1086 2697 1221 2748 quos
1247 2682 1473 2752 ﬁgurate
1496 2684 1665 2739 nubes
1690 2693 1863 2749 vocat,
1888 2698 2061 2754 neque

495 2767 546 2820 in
584 2767 671 2835 iis,
702 2772 790 2840 qui
836 2786 931 2839 per
974 2774 1203 2840 gratiam
1259 2776 1308 2827 in
1342 2774 1481 2828 ﬁlios
1510 2774 1603 2828 Dei
1639 2775 1878 2843 adoptati
1910 2782 2057 2841 sunt,

491 2858 751 2926 aequalem
800 2861 913 2914 fore
949 2862 1083 2915 Filio
1113 2863 1384 2917 naturali?
1411 2865 1684 2929 Quomodo
1723 2867 1884 2934 igitur
1917 2880 2058 2920 cen-

492 2951 693 3004 sendus
718 2960 798 3003 est
830 2966 953 3005 vere
983 2953 1125 3021 loqui
1154 2952 1347 3019 David,
1381 2956 1471 3023 qui
1506 2955 1630 3009 talia
1659 2957 1709 3009 in
1738 2956 1944 3025 Spiritu
1973 2959 2054 3011 di-

493 3040 585 3105 cit,
618 3042 663 3095 si
710 3056 888 3096 sermo
922 3042 1095 3099 Patris
1137 3046 1300 3099 etiam
1348 3047 1415 3099 ad
1462 3046 1634 3115 ipsum
1682 3048 1758 3111 lit,
1806 3048 1947 3103 sicut
1990 3050 2056 3103 ad

492 3139 727 3195 sanctus,
755 3142 807 3185 et
833 3149 935 3187 non
977 3136 1125 3188 novit
1152 3136 1478 3190 voluntatem
1506 3136 1682 3191 Patris
1721 3139 1941 3207 perinde
1970 3149 2055 3194 at-

489 3236 596 3291 que
623 3223 717 3282 illi,
738 3233 791 3276 et
818 3240 911 3293 per
934 3226 1176 3279 auditum
1204 3227 1591 3282 revelationem
1625 3228 1768 3283 illius
1787 3230 2053 3299 suscipit?
2078 3246 2128 3310 ο

491 3311 561 3364 At
597 3312 640 3365 si
678 3312 1052 3381 blasphemum
1085 3323 1168 3370 est
1192 3317 1391 3382 dicere,
1421 3316 1686 3385 Spiritum
1721 3321 1963 3383 mentiri,
1999 3330 2055 3374 ut

488 3399 711 3453 omnino
736 3410 819 3455 est
840 3401 1231 3470 blasphemum,
1258 3419 1430 3473 neque
1460 3405 1620 3460 aliter
1648 3420 1706 3462 se
1739 3423 1827 3462 res
1859 3408 2053 3464 habet:

492 3498 640 3543 certe
681 3488 822 3544 Deus
856 3491 1261 3561 incomparabili
1296 3494 1612 3549 excellentia
1648 3499 1928 3567 prophetis
1960 3514 2050 3554 su-

492 3574 673 3643 perior
696 3578 819 3643 erit,
847 3579 1044 3649 quippe
1070 3580 1163 3649 qui
1196 3595 1355 3637 verus
1386 3597 1589 3650 sermo,
1627 3594 1681 3639 et
1718 3586 1963 3642 voluntas
1990 3600 2054 3640 ac

489 3665 752 3733 sapientia
778 3666 973 3722 Patris.

1154 3867 1386 3923 ALIUD.

559 3970 615 4027 Si
643 3972 877 4029 Verbum
899 3975 1046 4029 Patri
1072 3979 1387 4035 naturaliter
1440 3982 1766 4039 inexsistens
1793 3988 1939 4041 aliud
1967 3998 2055 4044 est

484 4060 554 4113 ab
588 4074 652 4114 eo
680 4062 820 4129 quod
858 4077 1025 4117 sacra:
1068 4064 1364 4133 Scriptum
1407 4070 1566 4124 nobis‘
1606 4086 1931 4141 proponunt,
1996 4085 2053 4130 ut

489 4152 560 4205 sit
583 4152 850 4219 quoddam
881 4154 1155 4208 occultum
1182 4166 1236 4211 et
1267 4157 1438 4214 latens
1462 4161 1513 4213 iu
1544 4161 1725 4230 Patre,
1782 4166 1925 4221 aliud
1962 4179 2054 4221 ve-

488 4254 549 4293 ro
600 4244 741 4309 quod
798 4243 1044 4298 enuntiat
1091 4260 1210 4313 quae
1263 4247 1421 4303 Pater
1472 4252 1733 4320 loquitur,
1789 4272 1952 4325 quem
1998 4268 2052 4312 et

486 4329 721 4387 Joannes
756 4332 920 4387 Deum
960 4348 1082 4389 esse
1108 4337 1273 4393 dicit:
1312 4343 1580 4403 quomodo
1622 4344 1786 4412 igitur
1824 4348 2052 4414 simplex

490 4429 545 4475 et
579 4423 984 4490 compositionis
1020 4439 1215 4494 expers
1244 4444 1362 4483 esse
1392 4434 1737 4488 censebitur?
1775 4434 2050 4507 Siquidem

497 4512 803 4566 necessario
834 4514 924 4579 qui
978 4514 1180 4582 aliquid
1218 4518 1488 4573 occultum
1524 4532 1577 4576 et
1621 4524 1827 4592 aliquid
1882 4541 2045 4593 appa-

498 4614 620 4653 rens
649 4598 825 4663 habet,
853 4616 957 4654 non
992 4603 1237 4671 simplex,
1278 4607 1369 4661 seti
1407 4610 1582 4677 potius
1606 4615 1936 4681 compositus
1966 4626 2049 4670 est

489 4698 544 4741 et
572 4703 637 4741 ex
668 4688 875 4745 duobus
918 4703 1193 4748 constans.
1226 4698 1383 4765 Atqui
1426 4700 1565 4755 Deus
1601 4712 1682 4756 est
1720 4716 1911 4761 natura
1951 4721 2048 4761 sua

490 4779 736 4848 simplex,
773 4782 1013 4852 nihilque
1060 4786 1111 4838 in
1156 4801 1213 4840 se
1263 4788 1424 4843 habet
1472 4796 1851 4861 compositum.
1901 4798 2051 4853 Unus

489 4869 669 4938 itaque
698 4872 749 4925 in
775 4872 889 4940 ipso
919 4883 1000 4928 est
1030 4878 1290 4932 naturalis
1314 4889 1367 4933 et
1395 4882 1586 4937 insitus
1613 4885 1798 4941 Filius.

1162 5075 1388 5133 ALIUD.

562 5182 1115 5250 Si,‘quemadmodum
1162 5190 1343 5246 hostes
1383 5194 1581 5249 Christi
1636 5200 1793 5269 190
1850 5205 2048 5257 audent

488 5275 685 5335 dicere,
715 5274 950 5331 Verbum
985 5280 1128 5346 quod
1188 5281 1240 5334 in
1279 5283 1569 5354 Evangelio
1600 5291 1751 5345 nobis
1784 5294 2041 5360 prmdica-

492 5377 595 5431 tur,
629 5368 897 5421 diversum
942 5379 1023 5422 est
1067 5372 1133 5424 ab
1174 5388 1239 5426 eo
1272 5377 1409 5441 quod
1439 5376 1584 5431 Patri
1630 5391 1818 5436 natura
1851 5384 2045 5439 iuexsi-

488 5458 602 5517 stit,
640 5472 809 5523 neque
848 5460 991 5511 novit
1033 5475 1226 5515 arcana
1263 5463 1458 5531 Patris,
1496 5470 1589 5521 sed
1632 5471 1789 5523 discit
1831 5458 2043 5540 quando

489 5557 609 5595 cum
645 5544 931 5611 alloquitur
973 5568 983 5601 :
1028 5565 1156 5619 ergo
1187 5567 1248 5605 ex
1297 5554 1597 5622 ignorantia
1649 5560 1712 5609 ad
1769 5562 2042 5617 scientiam

494 5632 815 5687 traducitur.
859 5638 1017 5705 Atqui
1064 5656 1167 5708 quo
1208 5655 1363 5710 pacto
1406 5661 1530 5700 vere
1580 5650 1742 5703 dicit:
1782 5670 1797 5701 ι
1844 5652 1950 5721 Ego
1993 5667 2044 5709 ct

566 5778 607 5810 ³³
642 5781 791 5837 Joau.
826 5803 876 5853 Χ,
910 5789 997 5854 55,
1029 5792 1113 5845 56.
1196 5795 1235 5825 ³⁸
1270 5796 1406 5851 Psal.
1446 5816 1703 5870 Lxxxwu,
1738 5805 1785 5856 7.

2186 657 2376 726 ήγίασε
2413 660 2505 712 καὶ
2533 658 2850 712 ἀπέστειλεν
2884 661 2964 721 είς
2987 658 3079 711 τὸν
3109 659 3313 726 κόσμον
3333 699 3348 724 ,
3385 660 3550 728 ὑμεῖς
3573 658 3754 726 λέγετε

2184 748 2263 800 ὅτι
2295 748 2662 817 Βλασφημεῖς,
2696 750 2777 801 ὅτι
2804 745 2955 803 εἷπον
2977 765 2989 779 ·
3021 748 3147 811 Υίὸς
3168 748 3260 801 τοῦ
3291 747 3425 801 Θεοῦ
3449 750 3621 818 sitat.»
3646 748 3752 801 Καὶ

2183 841 2287 910 γὰρ
2320 843 2367 893 εί
2397 841 2494 911 τὴν
2528 841 2663 911 πρὸς
2692 843 2815 904 τοὺς
2849 842 3131 911 προφήτας
3167 834 3313 909 εἶχεν
3350 840 3574 909 ίσότητα
3597 855 3752 907 φυσι-

2184 929 2305 999 κήν,
2348 932 2448 982 οὐκ
2497 931 2562 984 ἀν
2617 931 2692 995 ὡς
2741 932 2805 983 lx
2831 930 2925 983 τοῦ
2951 930 3232 992 ἐλάττονος
3276 928 3382 980 τῶν
3408 929 3533 984 καθ’
3568 928 3754 981 ἑαυτὸν

2181 1021 2416 1072 ὶποιεῖτο
2463 1022 2563 1089 τήν
2617 1019 2922 1090 σύγκρισιν,
2962 1018 3033 1071 τὰ
3076 1018 3301 1071 ἐκείνων
3343 1016 3636 1086 λαμϐάνων
3680 1017 3753 1078 είς

2180 1110 2615 1181 παραδείγματος
2650 1110 2901 1180 δύναμιν.
2948 1111 3139 1177 Λέγων
3187 1109 3315 1179 γὰρ,
3358 1128 3377 1161 ι
3412 1109 3475 1161 Εί
3512 1108 3753 1171 έκείνους

2179 1196 2298 1253 εἷπε
2324 1201 2501 1265 θεοὺς,
2527 1201 2660 1271 πρὸς
2686 1200 2779 1265 οὓς
2810 1201 2838 1251 6
2856 1200 3013 1268 λόγος
3034 1198 3129 1253 τοῦ
3160 1199 3294 1252 Θεοῦ
3335 1200 3574 1267 ἐγένετο,
3603 1218 3624 1250 ι
3657 1216 3752 1253 σα-

2178 1289 2293 1357 φῶς
2321 1288 2701 1341 ἀποδείκνυσιν
2723 1288 2783 1340 ού
2810 1287 2965 1355 λόγον
2988 1286 3319 1356 γεγενῆσθαι
3339 1285 3473 1339 Θεοῦ
3502 1286 3641 1356 πρὸς
3659 1285 3754 1338 αὐ-

2175 1380 2286 1444 τὸν,
2312 1379 2502 1451 ὥσπερ
2533 1379 2787 1450 καὶπρὸς
2819 1379 3083 1441 ἐκείνους,
3120 1378 3235 1431 ἀλλ’
3253 1378 3445 1448 ὅτιπερ
3479 1376 3645 1439 αὐτὸς
3670 1377 3749 1445 εἴη

2174 1468 2267 1523 τοῦ
2296 1469 2505 1540 Πατρδς
2522 1472 2550 1522 6
2573 1470 2739 1537 λόγος.
2760 1470 2788 1520 6
2818 1468 2953 1539 πρὸς
2982 1469 3109 1531 τοὺς
3133 1468 3416 1536 προφήτας
3442 1466 3752 1535 λεγόμενος.

2175 1553 2297 1617 Πῶς
2325 1550 2417 1607 οῦν
2447 1557 2475 1607 ό
2504 1555 2759 1608 τοσοῦτον
2791 1554 2899 1607 τῶν
2944 1555 3239 1625 προφητῶν
3264 1554 3753 1624 ἀπεσχοινισμένος

2175 1644 2269 1695 καὶ
2298 1642 2410 1696 ἀνω
2442 1660 2543 1696 που
2575 1644 2847 1713 κείμενος,
2894 1643 3048 1697 οὐδὲν
3075 1644 3184 1711 ἔξει
3212 1643 3372 1697 πλέον
3398 1642 3581 1697 αὐτῶν
3614 1644 3753 1697 κατά

2172 1731 2270 1801 τὴν
2294 1734 2413 1804 σὴν.
2438 1726 2483 1787 ὦ
2517 1732 2828 1804 βλάσφημα,
2855 1734 3097 1804 τόλμανς

2856 1845 3059 1899 ΔΛΛΟ.

2244 1957 2306 2009 Ei
2335 1956 2433 2010 οὐκ
2454 1954 2593 2012 οἶδεν
2616 1957 2645 2009 6
2674 1957 2799 2021 Υἱὸς
2814 1957 2910 2029 τήν
2930 1958 3021 2011 τοῦ
3050 1956 3263 2030 Πατρὸς
3294 1959 3571 2033 βούλησιν.
3599 1962 3751 2016 ικδέ-

2173 2063 2323 2115 χεται
2350 2046 2427 2111 δὲ,
2450 2048 2700 2117 καθάπερ
2717 2049 2766 2101 οί
2790 2038 3146 2119 χνριστομάχοι
3171 2050 3474 2119 νομίζουσι,
3499 2052 3593 2105 τὸν
3618 2054 3750 2122 παρ’

2170 2136 2337 2189 αὑτοῦ
2358 2136 2533 2205 λόγον,
2570 2138 2657 2189 ἴνα
2686 2136 2748 2207 δή
2772 2153 2901 2189 ποτε
2935 2138 3030 2191 καὶ
3058 2137 3243 2208 μάθοι,
3279 2141 3371 2192 καὶ
3390 2140 3582 2211 ὥσπερ
3614 2141 3751 2210 πρός

2167 2244 2289 2280 τινα
2321 2228 2429 2280 τῶν
2464 2228 2760 2299 προφητῶν
2786 2230 2815 2282 6
2844 2230 3032 2299 Πατήρ
3062 2229 3367 2299 διαλέγεται
3391 2230 3529 2301 πρὸς
3560 2231 3747 2294 αὐτὸν,

2171 2316 2283 2380 [σος
2317 2318 2423 2387 ἄρα
2453 2318 2755 2388 προφήταις
2785 2319 2923 2371 ὲστί.
2960 2320 3060 2371 Ποῖ
3107 2319 3172 2391 δή
3217 2315 3309 2373 οὖν
3342 2320 3450 2389 ἀρα
3503 2322 3749 2391 χωρήσει

2169 2407 2333 2472 πάλιν
2379 2410 2510 2477 ἡμῖν
2554 2411 2583 2460 6
2634 2408 2787 2475 ἀγιος
2816 2408 3118 2479 Ψαλμῳδδς
3146 2411 3205 2461 ιν
3236 2410 3516 2479 Πνεύματι
3549 2410 3747 2478 λέγων,

2168 2494 2250 2550 δτι
2287 2516 2304 2547 ι
2346 2498 2441 2560 Τίς
2495 2500 2552 2550 ὲν
2584 2498 2833 2565 νεφέλαις
2874 2499 3200 2570 ίσωθήσεται
3240 2499 3319 2571 τῷ
3365 2502 3600 2572 Κυρίῳ;
3653 2501 3749 2555 καὶ

2168 2588 2250 2651 τίς
2296 2588 2696 2657 ὁμοιωθήσεται
2733 2589 2812 2658 τῷ
2851 2590 3042 2661 Κυρίῳ
3072 2592 3129 2644 ιν
3160 2592 3295 2655 υίοϊς
3327 2591 3496 2653 Θεοῦ;
3537 2611 3559 2644 s
3616 2592 3747 2646 Ἰδοὺ

2167 2680 2275 2750 γὰρ
2299 2678 2487 2732 ἐνθάδε
2513 2680 2699 2748 σαφῶς
2730 2680 2920 2734 οὐδένα
2954 2682 3117 2750 φησὶν
3143 2680 3266 2733 οὕτε
3310 2684 3370 2734 ἑν
3407 2684 3744 2753 προφήταις,

2166 2770 2259 2833 οὒς
2290 2770 2382 2821 καὶ
2412 2769 2642 2837 νεφέλας
2668 2769 3073 2843 τροπικιέντερον
3107 2771 3290 2840 λέγει,
3341 2770 3467 2824 οὔτε
3499 2773 3606 2843 μὴν
3632 2773 3744 2835 τοῖς

2162 2861 2242 2922 είς
2277 2860 2497 2929 υίότητα
2528 2858 2661 2911 Θεοῦ
2709 2862 3202 2930 καταταττομένοις
3231 2861 3319 2915 διὰ
3351 2862 3451 2932 τῆς
3495 2863 3743 2933 χάριτος,

2164 2950 2277 3002 ἴσον
2298 2950 2513 3003 ἔσεσθαι
2545 2952 2621 3021 τῷ
2650 2954 2792 3007 κατά
2818 2954 2979 3023 φύσιν
3002 2954 3135 3025 Υίῷ.
3172 2956 3303 3017 Πῶς
3328 2952 3421 3009 οῦν
3449 2956 3745 3027 ἀληθεύσει

2163 3039 2325 3092 Δασὶδ
2342 3041 2369 3091 ό
2392 3042 2448 3092 ιν
2464 3041 2740 3111 Πνεύματι
2758 3043 2827 3095 τά
2849 3043 3071 3097 τοιαῦτα
3090 3044 3282 3113 λέγων,
3296 3046 3455 3114 εἰπερ
3472 3046 3569 3099 καὶ
3584 3045 3744 3113 λόγος

2162 3130 2253 3183 τοῦ
2288 3132 2495 3203 Πατρὸς
2525 3133 2659 3202 πρὸς
2692 3134 2854 3185 αὐτόν
2884 3135 3122 3201 γίνεται,
3157 3137 3405 3207 καθάπερ
3448 3136 3589 3205 πρὸς
3614 3139 3743 3199 τοὺς

2161 3221 2369 3289 ἁγίους,
2402 3222 2497 3274 καὶ
2524 3224 2623 3275 ούκ
2651 3217 2758 3276 οἶδε
2794 3224 2893 3295 τήν
2922 3226 3015 3277 τοῦ
3040 3225 3253 3296 Πατρὸς
3278 3223 3536 3296 βούλησιν
3566 3225 3742 3279 καθά-

2158 3327 2264 3380 περ
2299 3312 2515 3373 ίκεῖνοι,
2574 3311 2688 3363 ἀλλ’
2729 3312 3011 3381 ἐκδέχεται
3059 3313 3158 3384 τὴν
3190 3312 3532 3383 ἀποκάλυψιν
3572 3314 3743 3385 αὐτῆς

2156 3400 2243 3452 διὰ
2272 3400 2370 3470 τῆς
2422 3402 2777 3471 ἀκροάσεως;
2815 3404 2878 3456 Εί
2908 3404 2965 3457 δὲ
3013 3404 3296 3476 δύσφημον
3337 3404 3399 3456 τδ
3445 3404 3741 3474 ψεύδεσθαι

2155 3490 2216 3543 τὸ
2246 3491 2471 3561 Πνεῦμα
2517 3492 2698 3559 λέγειν
2722 3533 2737 3556 ,
2774 3493 3057 3565 δύσφημον
3090 3496 3145 3548 δὲ
3182 3496 3439 3560 πάντως,
3498 3494 3593 3546 καὶ
3641 3494 3741 3564 οὐχ

2156 3580 2358 3649 ἑτέρως
2386 3580 2527 3649 ἔχον,
2553 3581 2807 3651 ὑπερέξει
2840 3584 3131 3654 προφητῶν
3155 3586 3185 3637 6
3221 3584 3424 3654 Κύριος
3466 3584 3738 3655 ἀουγκρί-

2154 3686 2267 3733 τοις
2294 3671 2611 3741 ὑπεροχαῖς,
2643 3672 2802 3736 αὐτὸς
2827 3673 2903 3725 ὢν
2935 3676 2963 3726 6
2994 3674 3244 3744 ἀληθινὸς
3279 3675 3436 3743 λόγος
3466 3676 3558 3728 καὶ
3585 3677 3619 3745 ή
3642 3676 3737 3729 τοῦ

2156 3759 2368 3829 Πατρδς
2392 3759 2648 3829 βούλησις
2683 3762 2778 3812 καὶ
2806 3762 2987 3829 σοφία.

2838 3874 3041 3925 ΛΛΛΟ.

2225 3985 2287 4036 Ei
2310 3985 2493 4056 ἕτερός
2520 3988 2667 4039 ἐστιν
2694 3987 2724 4037 6
2749 3986 3069 4058 ἐνυπάρχων
3098 3984 3175 4054 τῷ
3208 3985 3383 4055 Πατρὶ
3405 3985 3549 4038 κατὰ
3573 3985 3735 4055 φύσιν

2152 4072 2287 4136 Θεὸς
2321 4075 2493 4143 Λόγος
2524 4076 2677 4146 παρὰ
2699 4077 2789 4130 τὸν
2817 4078 2873 4129 ἐν
2917 4080 3035 4139 ταῖς
3061 4075 3232 4138 θείαις
3264 4076 3508 4147 Γραφαίς
3539 4094 3738 4148 σημαιο

2152 4166 2391 4234 νόμενον,
2411 4168 2503 4219 καὶ
2518 4172 2691 4221 κεῖται
2721 4170 2819 4234 μέν
2840 4185 2923 4230 τις
2950 4169 3006 4219 ὲν
3032 4169 3205 4237 lla.th
3236 4169 3621 4238 κεκρυμμένος
3640 4170 3737 4223 καὶ

2151 4259 2471 4324 ἐνδιάθετος·
2500 4261 2685 4333 ἕτερος
2701 4261 2757 4313 δέ
2783 4260 2863 4323 τίς
2885 4262 3030 4313 ὲστιν
3065 4260 3448 4329 ὲξαγγε).τικὸς
3468 4260 3578 4313 τῶν
3603 4261 3733 4331 παρ’

2154 4350 2317 4403 αὐτοῦ
2341 4352 2706 4421 λαλουμένων,
2738 4352 2795 4404 ὃν
2828 4353 2920 4405 καὶ
2961 4351 3209 4419 Ἰωάννης
3233 4350 3366 4404 Θεὸν
3389 4351 3561 4419 Λόγον
3593 4348 3735 4405 εἷναί

2155 4458 2319 4511 φησι,
2378 4441 2494 4505 πῶς
2536 4442 2613 4495 ἔτι
2658 4442 2736 4513 τῷ
2776 4442 2893 4513 Θεῷ
2932 4443 3027 4496 καὶ
3070 4442 3244 4513 Πατρὶ
3278 4442 3339 4495 τὸ
3380 4442 3587 4496 ἁπλοῦν
3636 4444 3735 4497 καὶ

2156 4530 2447 4582 ἀσύνθετον
2478 4530 2807 4599 σωθήσεται;
2847 4530 3017 4601 Εἴπερ
3066 4529 3377 4598 ἀναγκαίως
3424 4530 3452 4581 6
3485 4548 3737 4601 κεκρυμ-

2161 4621 2317 4687 μένον
2349 4636 2400 4671 τι
2428 4620 2520 4672 καὶ
2552 4620 2790 4687 ἐμφανὲς
2813 4620 2969 4687 ἔχων,
3005 4618 3209 4681 ἁπλοῦς
3237 4620 3338 4671 οὐκ
3372 4618 3438 4672 ἂν
3468 4622 3576 4690 εἴη,
3608 4620 3735 4674 σύνο

2154 4709 2305 4769 θετος
2334 4707 2390 4758 δὲ
2447 4707 2647 4775 μᾶλλον
2680 4708 2773 4759 καὶ
2818 4709 2879 4757 ἐκ
2932 4706 3020 4757 δύο
3056 4707 3429 4775 συγκείμενος.
3472 4708 3630 4759 Ἐστι
3676 4709 3732 4762 δὲ

2156 4797 2354 4865 ἁπλοῦς
2386 4797 2524 4849 κατά
2558 4798 2717 4865 φύσιν
2746 4801 2772 4848 ὁ
2803 4796 2934 4857 Θεὸς
2960 4837 2974 4861 ,
3027 4797 3121 4849 καὶ
3152 4796 3303 4849 οὐδὲν
3332 4798 3389 4847 ὲν
3414 4798 3563 4866 αὑτῷ
3603 4798 3731 4851 σύν-

2154 4889 2323 4940 Θετον.
2360 4883 2453 4948 Εἷς
2485 4888 2589 4956 ἄρα
2625 4888 2793 4953 Λόγος
2831 4888 2887 4938 ἐν
2919 4885 3065 4955 αύτῷ
3089 4887 3318 4953 φυσικός
3343 4903 3402 4938 τε
3429 4887 3524 4941 καὶ
3555 4888 3734 4941 ὲνδιά-

2155 4978 2303 5039 θετος
2337 4981 2363 5029 ὁ
2394 4978 2536 5039 Υἱός.

2837 5091 3039 5143 ΛΛΛυ.

2226 5200 2569 5268 Εἱ,καοἀπερ
2596 5201 2642 5249 0i
2668 5203 3018 5267 χριστομάχοι
3042 5199 3279 5269 τολμῶσι
3307 5202 3508 5268 λέγειν,
3541 5205 3727 5278 ἔτερος

2154 5293 2225 5343 ὣν
2260 5292 2404 5361 παρὰ
2445 5290 2531 5341 τὸν
2566 5292 2938 5359 ἐνυπάρχοντα
2990 5290 3145 5357 φύσει
3188 5291 3319 5344 Θεὸν
3377 5295 3548 5359 Λόγος
3580 5300 3607 5349 6
3640 5298 3723 5351 διὰ

2151 5384 2257 5435 τῶν
2290 5381 2639 5449 Εὑαγγε).ίων
2668 5384 2796 5451 ἡμῖν
2830 5383 3250 5452 κηρυττόμενος,
3284 5384 3381 5436 οὐκ
3404 5382 3510 5437 οἶδε
3542 5388 3608 5438 τὰ
3639 5406 3728 5439 κε-

2153 5475 2439 5542 κρυμμένα
2474 5473 2564 5524 τοῦ
2611 5474 2836 5542 Πατρὶς,
2879 5475 3133 5542 μανθάνει
3175 5474 3229 5524 δὲ
3259 5476 3345 5527 ὅτε
3382 5478 3515 5544 πρὸς
3565 5480 3725 5531 αὐτὸν

2150 5568 2489 5632 διαλέγεται·
2530 5567 2586 5629 ἐξ
2637 5566 2905 5631 ἀγνωσίας
2945 5568 3049 5636 ἄρα
3094 5568 3171 5628 εἷς
3225 5566 3423 5631 γνῶσιν
3480 5567 3721 5637 ἔρχεται,

2152 5657 2244 5707 καὶ
2275 5657 2329 5720 ἐξ
2364 5656 2545 5717 ἀνοίας
2577 5658 2647 5717 εἰς
2680 5656 2877 5721 νόησιν.
2915 5657 3020 5707 Καὶ
3061 5656 3172 5717 πῶς
3213 5657 3717 5726 ἀληίὶεύσειλέγων·
