4024 6512
295 523 389 581 59.!

1658 498 2103 557 TllESAURUS.

3441 480 3547 538 321

303 661 321 694 ο
357 638 494 706 Ἐγὼ
516 635 607 688 καὶ
639 636 667 688 ό
703 634 892 701 Πατὴρ
922 630 979 683 ’ἐν
1011 630 1196 699 ἐσμεν.
1231 644 1248 679 ι
1283 623 1405 688 Πῶς
1447 622 1503 676 δὲ
1547 620 1865 691 ἀπαράλλα-

1984 619 2130 673 Pater
2166 629 2329 670 unmn
2376 625 2565 669 sumus
2594 610 2678 663 "‘3
2728 610 2834 662 Aut
2875 620 2982 676 quo
3020 611 3178 675 pacto
3216 602 3319 657 crit
3366 602 3544 656 omni-

297 747 421 792 κτος
453 726 614 783 εἰκὼν
641 725 795 777 ἔσται
824 720 917 775 τοῦ
954 718 1363 789 γεγεννηκότος,
1395 715 1443 767 εί
1487 712 1737 782 καθάπερ
1765 710 1859 763 ἄν-

298 819 508 890 θρωπος
526 815 720 885 ἀγνοίᾳ
749 814 1027 884 κρατεῖται
1050 827 1063 874 ;
1085 810 1203 880 Χρὴ
1232 808 1339 877 γὰρ
1362 805 1577 866 πάντως
1600 804 1632 873 ἢ
1658 804 1752 855 καὶ
1773 800 1861 852 τὸν

296 908 511 978 Πατέρα
540 907 718 973 λέγειν
742 922 795 957 τι
831 905 940 957 τῶν
983 900 1255 969 ἐσομένων
1288 895 1579 967 ἅγνοεῖν,ἢ
1609 898 1657 948 εί
1687 894 1863 946 πάντα

294 1000 570 1068 γινώσκει,
590 999 685 1051 καὶ
710 997 893 1051 είκόνα
922 995 1020 1064 τῆς
1048 993 1182 1056 ιδίας
1208 992 1506 1061 άῐδιότητος
1525 988 1600 1057 (1)
1637 986 1749 1056 ἔχει
1772 984 1861 1037 τὸν

295 1093 441 1157 Υίὺν,
472 1090 732 1145 ἀδύνατον
768 1089 843 1160 μὴ
867 1086 1121 1157 τοιαύτην
1148 1086 1293 1156 ἔχειν
1320 1083 1482 1139 αὐτὸν
1517 1081 1616 1152 τὴν
1642 1078 1859 1148 γνῶσιν,

289 1182 483 1236 ὁποίαν
506 1182 602 1234 καὶ
627 1181 656 1234 6
681 1179 889 1251 Πατὴρ,
926 1170 988 1231 οὗ
1019 1178 1111 1232 καὶ
1136 1177 1251 1231 ἔστι
1276 1173 1557 1249 χαρακτὴρ
1583 1171 1677 1226 καὶ
1700 1168 1864 1224 είκὼν

290 1272 726 1343 ἀπαράλλακτος.

572 1381 903 1446 ’Λντίθεσις
930 1380 1011 1447 ὡς
1042 1381 1109 1434 ἐκ
1134 1380 1241 1434 τοῦ
1261 1381 1579 1450 Εὐνομίου.

358 1492 471 1546 Καὶ
494 1490 773 1555 τίςοῦτω,
808 1490 995 1561 φησὶν,
1022 1490 1239 1562 ἀμαθὴς
1282 1491 1355 1555 ὼς
1394 1491 1663 1563 τολμῆσαι
1689 1493 1867 1561 λέγειν

284 1581 357 1636 τὰ
408 1581 648 1650 ὀνόματα
686 1580 826 1634 κατὰ
872 1580 1215 1651 πραγμάτων
1273 1580 1526 1651 κείμενα,
1588 1582 1663 1654 μὴ
1701 1582 1864 1655 ιτερα

287 1669 432 1728 εῖναι
473 1674 603 1746 παρ’
641 1674 809 1737 αὑτάς
853 1674 982 1727 Ἰδοὺ
1025 1673 1134 1744 γὰρ
1158 1715 1173 1739 ,
1208 1676 1236 1727 6
1269 1673 1368 1743 μὲν
1422 1674 1668 1745 οὐρανὸς,
1705 1674 1865 1745 ἔργον

286 1764 433 1820 οὕτω
466 1765 609 1833 μέγα
635 1767 728 1818 καὶ
762 1764 1039 1837 ἐξαίρετον
1066 1764 1203 1817 Θεοῦ
1229 1781 1243 1795 ·
1276 1765 1337 1817 τὸ
1383 1766 1440 1817 δὲ
1470 1765 1639 1836 ὄνομα
1661 1806 1676 1831 ,
1706 1765 1773 1818 δι’
1806 1758 1867 1819 οὗ

290 1854 642 1925 σημαίνεται,
670 1854 854 1923 ἕτερόν
894 1856 1011 1908 ἐστι
1040 1856 1174 1926 παρ’
1199 1854 1390 1907 αὐτόν·
1426 1855 1521 1907 καὶ
1549 1854 1870 1925 γνωσόμεθα

1970 710 2128 762 modo
2164 703 2463 760 similitudo
2479 699 2679 765 Patris,
2708 698 2751 753 si
2775 696 2999 768 perinde
3015 704 3175 771 atque
3201 698 3366 747 homo
3394 694 3547 761 igno-

1968 798 2142 853 rantia
2176 794 2427 850 laborat?
2456 791 2835 847 Necessarium
2880 787 3026 844 enim
3068 794 3171 849 est,
3221 792 3280 839 ut
3310 794 3403 837 aut
3444 781 3549 836 Pa-

1972 902 2105 948 trem
2156 889 2359 958 aliquid
2409 886 2711 942 futurorum
2759 883 3012 951 ignorare
3046 878 3330 932 dicamus:
3365 884 3461 929 aut
3500 874 3544 928 si

1967 985 2150 1041 omnia
2203 982 2374 1046 novit,
2419 986 2476 1033 et
2527 975 2818 1053 imaginem
2853 968 3178 1027 aeternitatis
3228 980 3339 1022 suat
3385 963 3551 1020 habet

1966 1075 2191 1139 Filium,
2248 1072 2364 1126 ﬁeri
2410 1084 2516 1124 non
2548 1076 2752 1139 potest,
2782 1063 2911 1134 quin
2952 1060 3142 1117 eadem
3181 1056 3442 1129 praeditus
3478 1055 3548 1110 sit

1969 1166 2159 1223 notitia
2191 1178 2299 1234 qua
2326 1161 2510 1228 Pater,
2548 1157 2705 1229 cujus
2736 1157 3025 1213 character
3056 1160 3162 1219 est,
3190 1157 3253 1206 et
3279 1148 3549 1206 omnimo-

1967 1259 2035 1315 da
2067 1254 2367 1315 similitudo
2389 1253 2457 1309 ".

2478 1362 2720 1433 Objectio
2755 1361 3030 1417 Eunomii.

2040 1481 2208 1552 Atqui
2244 1481 2493 1550 quisnam
2530 1479 2667 1534 adeo
2694 1476 2979 1546 imperitus
3013 1473 3199 1540 fuerit,
3226 1472 3326 1537 ait,
3353 1480 3414 1525 ut
3448 1482 3548 1524 ann

1971 1575 2098 1631 deat
2130 1575 2337 1639 dicere,
2374 1572 2592 1627 nomina
2622 1584 2743 1641 quae
2774 1569 2941 1625 rebus
2972 1566 3220 1635 imposita
3251 1571 3395 1631 sunt,
3442 1577 3549 1617 non

1971 1681 2091 1723 esse
2126 1667 2341 1722 diversa
2375 1647 2411 1719 ἒ
2441 1666 2602 1719 rebus
2634 1662 2803 1733 ipsis?
2845 1659 2982 1717 Nam
3028 1660 3250 1723 cmlum,
3297 1668 3551 1725 magnum

1971 1759 2101 1815 illud
2133 1768 2295 1827 atque
2325 1757 2583 1813 eximium
2617 1756 2711 1811 Dei
2742 1770 2905 1824 opus,
2936 1751 3081 1807 aliud
3129 1761 3213 1807 est
3256 1764 3286 1803 a
3336 1747 3553 1802 nomine

1972 1863 2077 1918 quo
2113 1847 2470 1917 signiticatur,
2508 1848 2653 1917 quod
2695 1845 2914 1915 quidem
2968 1843 3093 1897 inde
3135 1849 3550 1911 cognoscemus.

288 1924 450 1999 τοῦτο
480 1944 749 2000 ἐντεῦθεν.
787 1946 844 1998 '0
890 1946 985 2016 μὲν
1019 1924 1134 2016 γὰρ
1162 1943 1389 2014 οὐρανὸς
1445 1943 1677 2014 πρᾶγμά
1724 1924 1870 1996 ἐστιν

1984 1938 2108 1992 Nam
2155 1936 2352 1991 cadum
2400 1950 2486 1990 res
2516 1947 2601 1990 est
2630 1934 2885 1999 visibilis,
2919 1946 3114 1987 nomen
3150 1944 3280 1985 vero
3310 1926 3384 1982 illi
3418 1924 3557 1981 indi-

285 2035 509 2106 ὁρατὸν,
536 2035 595 2087 τὸ
616 2034 671 2088 δὲ
702 2038 788 2088 ἐπ’
818 2035 967 2105 αὐτῷ
990 2035 1241 2105 κείμενον
1270 2035 1440 2105 ὄνομα
1459 2035 1519 2086 οὺ
1543 2036 1665 2097 ταῖς
1685 2033 1872 2103 ὕψεσιν

289 2127 614 2193 ὑποπίπτει,
642 2127 759 2180 ἀλλ’
797 2126 913 2180 ἐστι
940 2127 1098 2197 μόνον
1128 2126 1413 2180 ἀκουστὸν.
1450 2126 1563 2179 Οὐκ
1588 2122 1681 2179 οὖν
1702 2125 1789 2178 διὰ
1814 2126 1874 2179 τὸ

286 2217 549 2287 λέγεσθαι
585 2218 755 2286 Λόγος
781 2220 809 2270 6
834 2217 987 2283 Υίὸς,
1027 2218 1244 2281 πάντως
1284 2217 1403 2270 ἐστὶ
1450 2216 1610 2269 τοῦτο
1644 2216 1673 2268 ὃ
1694 2215 1874 2269 νοοῦσί

288 2325 473 2375 τινες,
508 2308 642 2362 ἀλλὰ
675 2308 921 2363 καλεῖται
968 2307 1069 2379 μὲν
1100 2309 1295 2378 Λόγος.
1330 2308 1448 2362 ἐστι
1495 2307 1551 2361 δὲ
1604 2306 1791 2378 ἕτερόν
1822 2324 1875 2361 τι

299 2400 440 2453 κατὰ
460 2399 638 2469 φύσιν.

775 2509 930 2579 Πρὸς
968 2507 1157 2563 ταῦτα
1185 2508 1390 2573 λύσις.

364 2627 589 2696 Σιωπᾷν
623 2624 751 2689 ἔδει,
797 2624 892 2677 καὶ¹
948 2622 1115 2693 μηδὲν
1160 2619 1553 2692 ἀποκρίνεσθαι
1598 2619 1732 2690 πρὸς
1778 2617 1877 2690 τὴν

287 2719 471 2779 οὕτως
496 2716 721 2787 ἀνόητον
748 2713 841 2767 τοῦ
871 2713 1031 2782 λόγου
1063 2715 1431 2783 κατασκευήν.
1471 2712 1659 2783 Ὅμως
1691 2712 1737 2765 δ’
1784 2706 1878 2765 οὖν

292 2807 601 2879 ἐρωητέον
631 2806 756 2867 τοὺς
783 2805 898 2858 ὅσοι
922 2804 991 2857 τὰ
1013 2802 1239 2858 τοιαῦτά
1270 2820 1455 2871 φασιν,
1485 2804 1531 2855 εί
1566 2802 1639 2873 μὴ
1668 2802 1736 2855 τά
1763 2803 1879 2856 ὀνό-

296 2910 450 2964 ματα
479 2893 683 2963 κυρίως
711 2892 852 2945 κατὰ
890 2892 1231 2963 πραγμάτων
1276 2893 1533 2962 κείμενα,
1565 2892 1663 2955 τὰς
1690 2894 1878 2957 οὐσίας

292 2985 482 3041 αὐτῶν
516 2985 793 3052 σημαίνει,
812 2982 915 3036 κᾶν
936 2982 1101 3055 ἔτερα
1125 2978 1277 3054 παρᾶ
1298 2985 1471 3037 ταῦτα
1484 2986 1749 3055 τυγχάνῃ.
1771 2986 1878 3037 Kal.

290 3076 430 3146 γοῦν
456 3076 517 3128 τὸ
545 3074 827 3143 ἄνθρωπος
848 3074 1038 3144 ὄνομα,
1061 3075 1315 3145 σημαίνει
1348 3075 1446 3143 μὲν
1473 3074 1567 3127 τοῦ
1593 3076 1877 3145 ἀνθρώπου

289 3167 399 3237 τὴν
424 3164 608 3233 φύσιν,
640 3163 828 3233 ἕτερον
853 3163 911 3215 δέ
936 3164 985 3215 τί
1014 3164 1131 3215 ἐστι
1160 3162 1289 3234 παρ’
1325 3164 1512 3218 αὐτόν.
1565 3165 1624 3216 '0
1649 3165 1747 3234 μὲν
1772 3165 1880 3235 γὰρ

289 3254 586 3327 ἄνθρωπος
613 3255 847 3326 πρᾶγμα
872 3254 1090 3324 ὁρατὸν,
1113 3254 1171 3306 τὸ
1204 3255 1260 3306 δὲ
1289 3254 1377 3307 ἐπ’
1404 3252 1553 3323 αὐτῷ
1582 3254 1752 3325 ὄνομα
1782 3255 1880 3324 μό·
1902 3270 1921 3327 ί]

291 3365 391 3403 νον
436 3347 720 3401 ἀκουστόν.
774 3344 984 3398 Οὐκοῦν
1041 3345 1205 3407 εἴτις
1256 3344 1545 3415 ἄνθρωπον
1580 3346 1877 3417 ὀνομάσαι,

290 3436 493 3509 ἐπειδὴ
545 3437 619 3507 μὴ
662 3437 820 3491 τοῦτό
871 3438 987 3489 ἐστι
1020 3436 1237 3499 πάντως
1276 3436 1304 3489 ὃ
1339 3436 1592 3505 σημαίνει
1621 3436 1878 3507 τοῦνομα,

291 3530 446 3584 κατὰ
465 3530 557 3582 τὸν
590 3529 813 3582 ἐκείνων
845 3527 1228 3597 συλλογισμὸν,
1260 3527 1446 3597 ἕτερόν
1465 3546 1517 3581 τι
1544 3529 1753 3594 νοείτω,
1787 3530 1882 3583 καὶ

296 3621 382 3692 μὴ
406 3622 623 3683 πάντως
655 3619 816 3673 τοῦτο
851 3619 879 3672 ὅ
913 3619 1167 3690 σημαίνει
1187 3616 1447 3689 τοῦνομα.
1490 3620 1553 3672 Εί
1595 3618 1652 3672 δὲ
1684 3620 1883 3689 μανίας

292 3710 611 3781 ἀνάμεστον
636 3710 792 3764 τοῦτό
817 3726 902 3779 γε,
932 3710 1032 3763 οὐκ
1057 3708 1391 3780 ἁποὸλητέον
1428 3710 1526 3773 τὰς
1554 3710 1662 3764 τῶν
1685 3712 1884 3782 ὀνομά-

290 3816 413 3856 των
442 3801 805 3871 κυριολογίας,
827 3800 949 3854 οὐδὲ
971 3800 1159 3871 ἔτερόν
1192 3818 1244 3853 τι
1273 3800 1423 3873 παρὰ
1450 3801 1511 3853 τὸ
1547 3802 1883 3872 σημαινόμε-

294 3908 393 3946 νον
432 3892 499 3945 δι’
529 3890 709 3945 αὐτῶν
728 3890 976 3962 νοητιον·
1011 3891 1242 3962 ἀργήσει
1270 3890 1379 3963 γὰρ
1407 3891 1548 3946 οὕτω
1588 3891 1695 3949 τῶν
1733 3893 1884 3962 alpe-

292 3982 529 4053 τικῶνή
557 3981 746 4052 μανία.
785 3981 1057 4036 Δεικνύτω
1098 3981 1155 4035 δὲ
1184 3983 1315 4052 ἡμῖν
1346 3983 1375 4034 6
1419 3982 1590 4045 δεινὸς
1625 3984 1705 4046 είς
1738 3983 1883 4051 λογι-

297 4073 479 4144 σμοὺς
500 4072 581 4125 ὅτι
612 4072 687 4142 μὴ
713 4070 903 4143 κύριον
929 4072 1103 4143 ὄνομα
1131 4071 1208 4143 τῷ
1236 4072 1353 4143 Υίῷ
1385 4072 1477 4126 τοῦ
1526 4071 1661 4126 Θεοῦ
1694 4073 1753 4125 τὺ
1782 4072 1884 4126 Λόο

294 4182 421 4235 γος,
451 4165 546 4218 καὶ
574 4164 975 4218 ἁντιταττέσθω
1014 4166 1131 4228 ταῖς
1166 4163 1340 4227 θείαις
1373 4164 1617 4234 Γραφαῖς
1636 4204 1650 4229 ,
1683 4160 1781 4217 καὶ
1806 4163 1884 4233 τῷ

296 4257 563 4330 μακαρίῳ
596 4256 953 4327 εὐαγγελιστῇ
995 4256 1251 4327 Ἰωάννῃ,
1293 4255 1761 4326 πρεπωδεστάτην
1788 4257 1885 4309 καὶ

295 4348 665 4417 κυριαιτάτην
713 4346 871 4399 εἰδότι
926 4345 1018 4399 τοῦ
1046 4345 1177 4399 Υίοῦ
1229 4346 1327 4417 τὴν
1381 4345 1752 4417 προσηγορίαν
1796 4345 1885 4405 διὰ

295 4436 400 4492 τοῦ
431 4435 713 4490 καλεῖσθαι
737 4436 907 4505 Λόγον
928 4452 943 4467 ·
987 4455 1006 4484 σ
1061 4437 1150 4490 Ἐν
1179 4437 1321 4508 ἀρχῇ
1354 4437 1461 4509 γὰρ
1488 4477 1503 4501 ,
1535 4437 1720 4508 φησὶν,
1751 4432 1820 4509 ἦν
1856 4439 1885 4491 6

295 4529 502 4598 Λόγος.
543 4548 561 4579 .

584 4660 913 4723 ’Λντίθεσις
941 4658 1021 4725 ὡς
1048 4657 1117 4712 ἐκ
1143 4656 1261 4712 τῶν
1284 4659 1610 4727 Εὑνομίου.

377 4773 492 4826 Καὶ
520 4771 636 4835 πῶς
664 4772 732 4825 ἂν
761 4771 998 4833 δύναιτο,
1025 4773 1180 4841 φησι,
1204 4771 1360 4840 λόγος
1384 4767 1524 4825 εἶναι
1555 4770 1646 4824 τοῦ
1675 4772 1889 4845 Πατρδς

298 4866 403 4921 καὶ
430 4865 591 4932 σοφία
619 4868 647 4917 6
674 4865 820 4930 Υίὺς,
850 4865 1008 4937 είπερ
1038 4866 1071 4935 ἡ
1105 4865 1205 4935 μὲν
1233 4865 1393 4934 σοφία
1412 4866 1690 4935 ἐπιστήμη
1717 4867 1887 4932 ἐστὶν,

298 4953 337 5007 ὁ
378 4953 439 5006 6‘s
474 4953 632 5019 λόγος
684 4955 925 5023 ῥήματος
954 4952 1099 5025 ἀργὴ
1146 4955 1434 5026 προφορᾶς
1475 4954 1782 5026 Ἐπιστήμη
1830 4954 1889 5008 δὲ

299 5045 410 5097 οὐκ
436 5043 798 5095 ἐνυπόστατόν
824 5043 878 5095 τί
909 5045 1079 5109 ἐστιν,
1109 5044 1224 5097 ἀλλ’
1254 5046 1377 5098 οὐδὲ
1396 5044 1544 5108 ζῶον
1603 5045 1699 5098 καὶ
1733 5046 1890 5115 λόγος

299 5131 533 5204 ὁμοίιος.
577 5132 635 5185 Ὀ
661 5131 717 5184 δὲ
752 5133 877 5195 Υἱὸς
906 5132 1044 5196 ζῶόν
1074 5136 1253 5187 ἐστιν·
1291 5136 1390 5187 οὐκ
1433 5134 1542 5205 ἄρα
1584 5136 1886 5208 ἐπιστήμη,

301 5222 434 5277 οὐδὲ
476 5222 638 5291 σοφία
662 5264 676 5286 ,
708 5222 829 5279 οὐδὲ
873 5223 1050 5290 λόγος.
1082 5220 1216 5278 Εἶτα
1258 5225 1394 5296 πρὸς
1425 5225 1602 5297 τούτῳ
1629 5266 1643 5291 ,
1682 5228 1798 5292 πῶς
1827 5228 1893 5282 ἂν

304 5315 526 5385 γένοιτο
555 5313 709 5382 λόγος
744 5316 802 5368 ἐν
843 5315 1010 5386 λόγῳ,
1043 5316 1301 5371 ἀδυνάτου
1349 5319 1706 5389 παντάπασιν
1739 5322 1894 5387 ὅντος

304 5405 408 5461 τοῦ
438 5405 501 5459 τὸ
530 5405 713 5476 ὅμοιον
734 5406 793 5460 ἐν
818 5407 987 5477 ὁμοίῳ
1008 5408 1276 5476 γίνεσθαις
1302 5410 1422 5464 οὐδὲ
1448 5412 1556 5484 γὰρ
1586 5412 1651 5467 ἂν
1685 5414 1895 5481 γένοιτο

304 5497 515 5573 χρῶμα
542 5499 600 5552 ἐν
635 5497 905 5571 χρώματι.
934 5500 1104 5573 Εἴπερ
1136 5495 1227 5555 οὖν
1271 5497 1340 5573 ἦν
1388 5504 1417 5558 6
1464 5502 1621 5572 λόγος
1664 5504 1834 5571 ὅντως
1866 5510 1894 5563 6

386 5652 431 5685 ⁸⁸
466 5654 622 5713 Joan.
652 5660 827 5729 1,,30.
902 5659 947 5693 "
974 5659 1137 5716 Hebr.
1164 5676 1202 5728 ι,
1232 5661 1286 5717 3.
1360 5660 1404 5696 ⁸⁸
1435 5661 1588 5717 Joan.
1616 5680 1656 5731 ι,
1696 5665 1747 5722 1.

385 5834 465 5903 (Ι)
491 5833 944 5909 ίεςείδιότητος,
976 5845 1030 5893 et
1046 5846 1237 5909 _verte,
1261 5840 1537 5909 imaginem
1574 5856 1685 5895 sua:
1718 5857 1873 5908 pecu-

308 5902 463 5960 liaris
483 5902 827 5976 proprietatis
848 5907 997 5963 habet
1036 5902 1260 5967 Filium.
1294 5902 1389 5966 Sic
1408 5911 1569 5978 intra,
1610 5928 1660 5982 ρ.
1695 5902 1787 5981 60,
1815 5914 1872 5968 ἐν

1912 4646 1959 4703 ι)

1978 2037 2087 2081 tum
2122 2027 2177 2081 in
2206 2033 2489 2097 aspectum
2522 2039 2630 2079 non
2659 2024 2825 2089 cadit,
2845 2022 2940 2078 sed
2974 2028 3183 2075 tantum
3214 2016 3399 2071 auditu
3431 2029 3557 2085 per-

1972 2119 2078 2186 cipi
2109 2126 2305 2187 potest.
2338 2117 2509 2172 Filius
2536 2116 2739 2185 itaque,
2779 2129 2890 2170 non
2925 2114 3130 2169 idcirco
3156 2113 3284 2181 quia
3320 2116 3553 2164 vocatur

1976 2210 2235 2275 Verbum,
2262 2219 2347 2264 est
2383 2210 2435 2262 in
2468 2209 2783 2263 universum
2832 2206 2885 2261 id
2918 2205 3062 2275 quod
3108 2204 3332 2275 quidam
3363 2198 3556 2256 existi-

1974 2311 2146 2365 mant,
2190 2304 2284 2355 sed
2313 2310 2535 2355 vocatur
2574 2300 2795 2369 quidem
2826 2296 3087 2365 Verbum,
3126 2306 3209 2352 est
3251 2308 3383 2350 vero
3408 2286 3562 2350 aliud

1975 2389 2105 2460 quid
2132 2391 2428 2447 secundum
2456 2400 2731 2444 naturam.

2473 2501 2677 2558 Salutio
2717 2502 3047 2574 objectiom'a.

2049 2612 2362 2669 Tacendum
2420 2622 2525 2680 est,
2568 2614 2829 2684 nihilque.
2862 2619 2929 2668 ad
2978 2612 3283 2684 huiusmodi
3328 2612 3561 2684 ineptias

1978 2706 2437 2775 respondendum.
2474 2705 2717 2777 Rogandi
2760 2714 2941 2759 tamen
2988 2714 3137 2768 sunt,
3170 2707 3261 2773 qui
3289 2704 3558 2771 ejusmodi

1977 2797 2249 2864 effutiunt,
2286 2813 2466 2852 annon
2501 2798 2716 2852 nomina
2737 2812 2857 2866 quae
2879 2796 3098 2867 proprie
3120 2796 3283 2853 rebus
3311 2796 3561 2866 imposita

1978 2898 2126 2953 sunt,
2147 2890 2514 2944 substantiam
2540 2897 2729 2943 earnm
2747 2888 3078 2956 significent,
3101 2888 3316 2947 tametsi
3345 2890 3559 2944 diversa

1978 2984 2047 3037 ab
2074 2983 2143 3038 iis
2188 2983 2319 3037 sint.
2365 2980 2569 3036 Nomen
2612 2982 2778 3047 enim,
2808 2981 2992 3045 homo,
3025 2980 3300 3051 signiﬁcat
3326 2980 3562 3035 hominis

1981 3082 2226 3129 naturam
2259 3094 2272 3128 :
2310 3082 2395 3129 est
2436 3082 2616 3128 tamen
2654 3074 2926 3129 diversum
2972 3074 3099 3143 quid
3145 3074 3213 3131 ab
3258 3076 3394 3143 ipso.
3425 3073 3561 3131 Nam

1980 3165 2143 3220 homo
2169 3174 2255 3221 est
2291 3179 2377 3219 res
2424 3165 2680 3231 visibilis,
2738 3179 2933 3220 nomen
2976 3180 3110 3221 vero
3149 3166 3198 3220 ei
3248 3167 3562 3236 impositum

1984 3259 2168 3315 auditu
2202 3268 2409 3314 tantum
2450 3260 2654 3328 percipi
2688 3268 2885 3329 potest.
2928 3260 3199 3327 Quocirca
3233 3262 3279 3315 si
3310 3263 3434 3329 quis
3463 3262 3564 3316 ho-

1986 3352 2186 3405 minem
2219 3352 2483 3415 nominet,
2513 3351 2953 3419 quandoquidem
2997 3367 3103 3406 non
3148 3351 3380 3420 idipsum
3417 3351 3569 3421 quod

1982 3452 2066 3498 est
2100 3457 2294 3507 nomen
2323 3442 2559 3496 hominis
2581 3442 2870 3511 signiﬁcat,
2896 3451 2957 3497 ut
2986 3442 3062 3498 illi
3089 3452 3562 3513 argumentantur,

1984 3533 2129 3587 aliud
2164 3532 2329 3601 igitur
2353 3532 2553 3600 aliquid
2589 3546 2712 3587 esse
2740 3544 3056 3596 censeatur,
3093 3541 3149 3589 et
3181 3548 3287 3587 non
3320 3532 3479 3601 plane
3511 3531 3568 3587 id

1983 3624 2125 3691 quod
2164 3636 2363 3676 nomen
2395 3622 2688 3690 signiﬁcat.
2730 3620 2802 3676 At
2838 3622 2884 3676 si
2929 3622 3034 3677 hoc
3080 3622 3305 3677 insaniae
3344 3622 3566 3692 plenum

1982 3723 2236 3767 est:non
2269 3723 2397 3769 sunt
2424 3714 2588 3783 igitur
2630 3714 2947 3784 rejiciendse
3000 3715 3232 3783 proprie
3285 3714 3570 3771 nominum

1983 3802 2436 3873 signiﬁcationes,
2502 3818 2681 3873 neque
2726 3803 2870 3859 aliud
2923 3804 3215 3873 quidquam
3265 3813 3463 3874 praeter
3515 3804 3569 3863 id

1984 3896 2125 3963 quod
2152 3894 2489 3965 signiﬁcatur
2530 3910 2627 3964 per
2655 3895 2772 3964 ipsa
2799 3894 3213 3965 intelligendum
3241 3905 3361 3961 est;
3405 3905 3572 3965 atque

1986 3984 2060 4039 ita
2090 3984 2474 4039 haereticorum
2516 3984 2727 4038 insania
2756 3984 3108 4054 reprimetur.
3140 3982 3406 4039 Ostendat
3442 3997 3573 4039 vero

1986 4074 2145 4130 nobis
2171 4075 2351 4145 gravis
2378 4075 2481 4131 iste
2504 4077 2832 4146 disputator,
2865 4074 3104 4131 Verbum
3150 4091 3254 4132 non
3287 4091 3409 4131 esse
3441 4091 3572 4146 pro-

1985 4168 2163 4237 prium
2208 4165 2331 4222 Filii
2365 4166 2460 4221 Dei
2510 4182 2747 4222 nomen:
2801 4176 3175 4238 repugnetque
3213 4169 3387 4229 sacris
3421 4167 3572 4229 Scri-

1985 4256 2161 4325 pturis
2178 4272 2242 4312 ac
2265 4257 2423 4311 beato
2445 4254 2639 4312 Joanni
2659 4257 3024 4328 evangelista,
3044 4258 3135 4327 qui
3168 4256 3574 4317 convenientis-

1986 4350 2180 4403 simam
2250 4348 2600 4415 maximeque
2649 4348 2925 4417 propriam
2980 4345 3104 4405 Filii
3154 4348 3572 4418 appellationem

1988 4441 2160 4505 novit,
2185 4455 2308 4495 cum
2338 4447 2495 4493 vocet
2530 4439 2806 4494 Verbum:
2846 4457 2867 4491 ε
2906 4438 2961 4494 In
3004 4439 3272 4512 principio
3292 4441 3460 4507 enim,
3491 4441 3573 4496 in-

1986 4534 2123 4602 quit,
2155 4542 2274 4586 erat
2303 4527 2537 4586 Verbum
2563 4531 2631 4583 ⁸⁸.
2674 4548 2692 4581 ι

2329 4664 2485 4734 19],
2524 4663 2647 4717 Alia
2695 4662 2915 4733 objectio
2974 4660 3238 4716 Eunomii.

2060 4777 2130 4832 At
2164 4792 2269 4847 quo
2301 4786 2481 4847 pacto,
2518 4777 2715 4845 inquit,
2754 4777 2929 4844 possit
2956 4777 3129 4832 Filius
3158 4792 3281 4832 esse
3312 4791 3495 4835 sermo
3523 4786 3578 4834 et

1991 4869 2259 4941 sapientia
2289 4868 2491 4936 Patris,
2521 4885 2643 4925 cum
2681 4870 2950 4939 sapientia
2983 4870 3055 4923 sit
3105 4869 3355 4934 scientia,
3395 4884 3577 4925 sermo

1992 4972 2171 5018 autem
2224 4961 2367 5017 nuda
2416 4962 2565 5016 verbi
2603 4961 2878 5031 prolatio?
2905 4957 3147 5016 Scientia
3179 4975 3311 5014 vero
3346 4975 3453 5018 non
3493 4970 3573 5018 est

1994 5055 2193 5124 aliquid
2230 5054 2572 5124 hypostatice
2605 5054 2958 5121 inexsistens,
2988 5054 3081 5109 sed
3116 5068 3183 5108 ne
3213 5053 3415 5106 animal
3449 5054 3577 5124 qui-

1997 5147 2158 5212 dem;
2189 5149 2378 5202 eadem
2414 5162 2540 5203 vero
2576 5148 2714 5203 ratio
2738 5158 2823 5203 est
2859 5158 2915 5203 et
2945 5149 3237 5204 sermonis.
3272 5147 3444 5203 Filius
3482 5163 3579 5203 au-

1992 5245 2101 5292 tem
2133 5247 2217 5293 est
2249 5239 2451 5293 animal
2479 5258 2491 5295 :
2527 5256 2631 5295 non
2666 5240 2833 5311 igitur
2863 5240 3117 5305 scientia,
3144 5254 3322 5308 neque
3354 5240 3579 5310 sapien-

1992 5330 2089 5395 tia,
2132 5343 2307 5399 neque
2353 5345 2555 5386 sermo.
2606 5333 2811 5387 Deinde
2875 5330 3147 5402 quomodo
3194 5332 3267 5387 sit
3306 5346 3487 5388 sermo
3526 5331 3581 5388 in

1992 5433 2265 5487 sermone,
2306 5428 2429 5474 cum
2467 5420 2803 5489 impossibile
2832 5436 3060 5491 prorsus
3090 5421 3162 5477 sit
3202 5431 3259 5479 ut
3299 5420 3477 5477 simile
3508 5418 3580 5478 sit

1992 5509 2045 5565 in
2074 5510 2277 5567 simili?
2310 5527 2486 5583 neque
2511 5512 2658 5567 enim
2702 5514 2869 5569 fuerit
2891 5514 3043 5579 color
3074 5514 3126 5569 in
3163 5512 3368 5569 colore.
3396 5511 3454 5569 Si
3485 5526 3578 5569 er-

1979 5843 2050 5918 τῇ
2080 5842 2192 5918 ista
2208 5842 2542 5918 βιότητα-ει
2570 5843 2886 5918 dialogoJII
2916 5849 3000 5918 de_
3026 5847 3311 5911 Trinitate.
3342 5864 3399 5917 ρ.
3444 5848 3565 5918 6H,

1982 5912 2119 5978 ἰδίας
2149 5912 2426 5985 ἰδιότητος.
2452 5912 2743 6005 Cornute:
2776 5916 2921 5973 Eccl.
2959 5916 3052 5974 Gr.
3084 5920 3325 5977 Monum.
3348 5912 3406 5988 Ἰ,
3443 5912 3571 5977 558.
