4024 6488
475 486 581 540 ’59ρὸ

1432 474 1513 532 ’8.
1560 474 1830 532 CYRILLI
1871 472 2331 529 ALEXANDRINI
2372 471 2683 528 ADCHIEP.

3602 470 3705 525 3”

477 619 546 674 go
580 602 671 672 qui
709 600 871 654 Filius
925 598 1017 651 Dei
1071 606 1262 650 natura
1308 607 1411 662 est,
1448 608 1563 652 erat
1604 611 1788 653 revera
1838 610 2035 657 sermo,

2148 597 2299 664 φύσει
2329 596 2422 649 τοῦ
2459 596 2667 666 [ἰατρὸς
2702 594 2845 659 Υἱὸς,
2886 594 2999 657 πῶς
3031 594 3097 647 ἂν
3131 592 3265 663 πρὸς
3299 592 3462 645 αὐτὸν
3493 592 3709 660 ἐγένετο

478 693 743 762 quomodo
787 690 958 742 lactus
1003 696 1085 742 est
1137 690 1202 740 ad
1256 688 1404 739 illum
1449 701 1658 749 sermo,
1710 701 1831 739 cum
1903 688 2035 740 dixit

479 783 639 847 nens,
673 797 692 830 s
724 779 1006 833 Faciamus
1037 778 1309 831 hominem
1340 772 1423 829 ³⁹ἳ
1452 796 1470 828 ι

967 908 1175 964 Salutio
1226 910 1551 979 objectionis.

551 1024 761 1078 Rursus
804 1023 1050 1090 impingis
1078 1062 1091 1086 ,
1144 1036 1247 1075 non
1283 1021 1532 1075 attollens
1570 1029 1622 1076 te
1659 1021 1800 1074 ultra
1854 1020 2042 1073 humo-

482 1130 582 1171 nas
614 1113 994 1184 cogitationes,
1038 1128 1101 1166 ac
1134 1112 1297 1167 veluti
1341 1112 1542 1166 oblitus
1582 1111 1723 1179 quod
1764 1110 1831 1164 de
1864 1110 2039 1163 divina

481 1205 711 1261 essentia
759 1216 1066 1257 sermonem
1112 1201 1332 1269 habeas,
1372 1216 1437 1254 ex
1486 1202 1553 1255 iis
1582 1214 1701 1268 quae
1739 1199 1894 1253 nobis
1922 1214 2042 1268 pro-

482 1297 597 1366 pria
648 1303 810 1359 sunt,
858 1295 1004 1348 illam
1050 1294 1280 1348 metiris.
1320 1294 1398 1345 An
1441 1293 1655 1363 ignoras
1697 1291 2041 1345 Divinitatem

483 1386 793 1442 nominibus
852 1386 1009 1441 nobis
1068 1387 1281 1441 usitatis
1344 1385 1635 1455 appellari.
1690 1385 1869 1439 omnia
1917 1397 2043 1437 vero

482 1476 636 1543 longe
661 1475 817 1529 aliter
836 1490 997 1544 quam
1023 1484 1203 1529 nostra
1235 1488 1292 1529 se
1332 1474 1567 1529 habere?
1600 1472 1714 1527 Non
1750 1473 1890 1527 enim
1920 1472 2041 1541 quia

481 1567 702 1625 verbum
732 1565 847 1619 sive
890 1579 1069 1619 sermo
1104 1564 1339 1622 hominis
1371 1565 1703 1634 bypostatice
1728 1577 1829 1615 non
1871 1563 2043 1615 subsi-

480 1658 599 1723 stit,
625 1666 679 1710 et
719 1655 929 1710 sonitus
950 1656 1165 1724 quidam
1214 1655 1405 1725 lingua:
1449 1665 1531 1708 est
1567 1655 1617 1707 in
1664 1668 1840 1707 aerem
1883 1652 2045 1706 emis-

481 1760 607 1801 sus:
649 1746 769 1799 ideo
803 1746 1015 1799 divinus
1050 1745 1214 1799 etiam
1256 1758 1433 1799 sermo
1481 1745 1549 1797 ita
1612 1758 1669 1798 se
1713 1743 1908 1808 habet;
1953 1742 2044 1795 sed

482 1836 665 1890 vivens
697 1851 760 1889 ex
789 1835 931 1897 vivo,
967 1845 1128 1903 atque
1159 1834 1494 1904 hypostatire
1542 1834 1805 1887 exsistens
1854 1840 1917 1885 ex
1950 1830 2045 1899 by-

2137 688 2327 753 λόγος,
2375 688 2506 758 φέρε
2557 688 2759 750 εἰπεῖν,
2811 687 2869 738 ἐν
2906 684 3019 755 τῷ,
3072 702 3089 734 ι
3137 686 3459 754 Ποιήσωμεν
3498 682 3707 753 ανθρωο

2140 794 2276 842 πονς
2325 796 2345 829 ι

2626 910 2781 979 Πρὸς
2811 910 2987 964 τοῦτο
3016 910 3220 973 λύσις.

2211 1021 2546 1095 Σκανδαλίζῃ
2575 1022 2736 1076 πάλιν
2768 1024 2867 1075 οὐκ
2895 1021 3200 1076 ἀναϐαίνων
3229 1021 3300 1073 τὰ
3346 1020 3663 1091 ἀνθρώπινα
3689 1033 3706 1049 ⁶

2143 1113 2255 1166 ἀλλ’
2286 1113 2475 1184 ὥσπερ
2502 1114 2922 1184 ιπιλελησμένος
2941 1115 3021 1167 ὃτι
3051 1131 3131 1166 σοι
3154 1112 3282 1183 περὶ
3309 1111 3410 1181 τῆς
3439 1112 3588 1175 Θείας
3610 1114 3709 1164 οὑ-

2145 1203 2265 1267 σίας
2294 1206 2322 1256 6
2350 1204 2506 1270 λόγος
2533 1204 2700 1267 εστὶν,
2719 1206 2782 1256 ὲκ
2806 1203 2912 1255 τῶν
2942 1203 3063 1256 καθ’
3086 1205 3231 1273 ἡμᾶς
3250 1202 3406 1273 ὀρίζῃ
3435 1202 3504 1254 τά
3524 1203 3710 1273 ἐκείνῃ

2146 1293 2431 1363 προσόντα.
2470 1295 2539 1346 Ἦ
2574 1295 2673 1346 οὐκ
2704 1290 2858 1346 οἶσθα
2885 1294 2966 1346 ὅτι
2998 1296 3107 1356 τοῖς
3142 1294 3262 1345 καθ’
3301 1294 3448 1363 ἡμᾶς
3476 1292 3712 1361 ὀνόμασι

2142 1384 2202 1435 τὸ
2222 1384 2375 1436 Θεῖον
2402 1386 2777 1447 άποκαλείται,
2805 1386 2979 1439 πάντα
3002 1385 3057 1437 δὶ
3084 1384 3285 1453 ἑτέρως
3310 1384 3456 1436 ἐστὶν
3486 1385 3517 1452 ἢ
3546 1384 3714 1437 καθά-

2146 1492 2250 1544 περ
2283 1476 2472 1544 ήμεῐςς
2501 1476 2575 1527 Οὐ
2600 1475 2707 1545 γάρ
2738 1476 3035 1545 ἐπειδήπερ
3061 1477 3089 1528 6
3114 1475 3213 1546 μὲν
3234 1474 3520 1544 ἀνθρώπου
3554 1475 3714 1541 λόγος

2146 1566 2510 1627 ἀνυπόστατος
2527 1564 2620 1617 καὶ
2638 1564 2883 1636 γλώττης
2909 1566 3074 1634 ὲξήχη
3086 1582 3162 1635 μα
3182 1565 3317 1635 πρὸς
3340 1566 3481 1635 ἀέρα
3498 1565 3715 1634 πεμπό-

2149 1675 2327 1727 μενον,
2372 1656 2461 1709 διὰ
2508 1656 2664 1708 τοῦτο
2698 1658 2791 1709 καὶ
2823 1660 2850 1709 ὀ
2880 1656 3020 1715 Θεῖος
3069 1657 3329 1721 ὡσαύτως
3372 1656 3483 1722 ἕξει
3531 1656 3710 1723 λόγος,

2147 1746 2279 1798 ἀλλὰ
2307 1746 2413 1809 ζῶν
2439 1748 2501 1799 ἐκ
2527 1746 2746 1809 ζῶντος,
2778 1746 2871 1799 καὶ
2899 1744 3219 1815 ὑφεστηκὼς
3249 1745 3309 1807 ἐξ
3341 1745 3714 1814 ὑφεστηκότος

2146 1837 2281 1888 ἐστι.
2321 1838 2427 1889 Καὶ
2454 1838 2633 1900 πάλιν,
2668 1839 2766 1890 οὐκ
2794 1838 3090 1907 ἐπειδήπερ
3116 1839 3147 1905 ἡ
3174 1839 3231 1888 ὲν
3260 1839 3392 1906 ἡμῖν
3424 1839 3583 1905 σοφία
3618 1837 3714 1889 καὶ

486 1928 754 1995 postatice
783 1928 1080 1995 exsistante
1103 1927 1360 1996 procedit.
1400 1924 1627 1988 Rursus,
1660 1939 1764 1978 non
1807 1924 1929 1993 quia
1961 1938 2045 1977 sa-

2148 1929 2423 1998 ἐπιστήμη
2462 1931 2560 1981 οὐκ
2599 1930 2655 1980 ὲν
2682 1930 2975 1981 ὑποστάσει
3006 1930 3181 1981 κεῖται
3223 1927 3342 1980 καθ’
3369 1928 3591 1994 ἑαυτὴν,
3626 1926 3716 1978 διὰ

480 2016 677 2085 pientis
707 2024 761 2070 et
801 2016 1031 2069 scientia
1064 2030 1185 2083 qua:
1232 2015 1283 2069 in
1328 2014 1480 2069 nobis
1509 2023 1614 2078 est,
1652 2014 2043 2085 bypostaticam

482 2120 579 2175 per
613 2120 672 2160 se
717 2106 1090 2160 exsistentiam
1149 2121 1254 2161 non
1294 2105 1497 2159 habet:
1540 2105 1739 2158 idcirco
1782 2104 2043 2172 sapientia

482 2212 604 2267 quae
637 2198 688 2250 in
722 2196 834 2251 Deo
859 2205 944 2250 est
976 2212 1079 2250 non
1111 2197 1215 2249 erit
1243 2195 1595 2264 hybostatica.
1628 2195 1694 2247 At
1727 2209 1855 2248 vero
1889 2195 1932 2247 si
1969 2193 2048 2246 l‘a-

485 2287 615 2342 teris
644 2286 808 2339 Deum
846 2299 950 2338 non
982 2298 1103 2339 esse
1142 2283 1296 2337 nobis
1320 2282 1575 2344 similem,
1607 2281 1861 2337 fateberis
1884 2284 2043 2336 etiam

483 2374 671 2429 omnia
710 2373 876 2441 ipsius
901 2388 1005 2428 non
1029 2388 1151 2428 esse
1177 2381 1380 2436 nostra,
1421 2372 1511 2425 sed
1542 2380 1691 2425 tanto
1718 2387 1837 2426 esse
1869 2372 2047 2427 excel-

481 2464 711 2520 lentiora
743 2465 965 2527 nostris,
994 2472 1198 2534 quanto
1231 2464 1345 2531 ipse
1370 2463 1533 2517 etiam
1559 2463 1806 2518 essentiae
1834 2465 2044 2520 ratione

478 2562 563 2610 est
594 2556 951 2625 praestantior.

1008 2662 1233 2730 ALIUD,
1272 2664 1326 2718 in
1362 2663 1520 2719 idem.

550 2799 665 2855 Non
690 2795 1380 2867 animadvertitprzeclarus
1405 2795 1502 2850 iste
1526 2803 1959 2864 argumentator,
1986 2795 2040 2849 in

478 2905 639 2961 quam
670 2889 946 2958 ingentem
978 2886 1367 2957 blasphemiam
1398 2896 1555 2947 ruat:
1586 2886 1869 2939 Dominum
1902 2887 2043 2939 enim

478 2978 712 3047 appellat
755 2976 973 3040 animal,
1015 2989 1121 3028 non
1167 2974 1469 3041 intelligens
1500 2974 1645 3026 aliud
1688 2988 1808 3027 esse
1846 2974 2044 3027 animal

481 3085 641 3139 quam
676 3068 859 3130 vitam,
882 3064 1330 3136 quemadmodum
1359 3064 1585 3116 scientia
1615 3063 1755 3115 aliud
1780 3073 1864 3116 est
1886 3079 2043 3131 quam

482 3159 681 3214 sciens.
704 3155 835 3211 Nam
864 3159 906 3211 si
932 3156 1053 3225 quis
1082 3156 1225 3208 dicat
1251 3154 1435 3217 vitam,
1465 3155 1734 3223 signiﬁcat
1761 3168 1871 3208 rem
1900 3154 2043 3208 illam

481 3350 564 3395 est
610 3338 661 3393 id
706 3338 847 3407 quod
877 3338 994 3405 ejus
1035 3336 1112 3390 rei
1156 3349 1276 3404 qua:
1319 3335 1579 3397 viviﬁcat,
1623 3334 1893 3403 particeps
1940 3346 2039 3388 est.

484 3429 648 3497 Atqui
687 3427 945 3482 Dominus
986 3442 1090 3480 non
1137 3426 1209 3477 ita
1255 3425 1489 3493 scipsum
1522 3434 1695 3487 vocat,
1727 3426 1820 3478 sed
1846 3425 2047 3493 'potius

482 3521 668 3576 vitam.
690 3520 745 3573 Si
770 3534 919 3584 vero,
941 3532 1061 3571 cum
1095 3516 1165 3570 sit
1194 3516 1323 3577 vita,
1354 3525 1435 3567 est
1465 3515 1627 3567 etiam
1659 3514 2045 3581 animal,juxta

484 3611 622 3665 illius
668 3610 929 3665 insaniam
955 3647 969 3673 ,
1011 3608 1222 3662 dicatur
1259 3607 1422 3658 etiam
1470 3604 1627 3659 Pater
1664 3619 1782 3658 esse
1828 3606 2045 3669 animal,

482 3716 603 3756 cum
631 3700 742 3769 ipse
772 3701 837 3754 de
861 3714 918 3753 se
939 3699 1119 3753 dicat:
1155 3715 1171 3749 ι
1205 3698 1339 3752 Vivo
1361 3711 1478 3766 ego,
1510 3698 1635 3750 dicit
1662 3695 1994 3751 Dominus“.
2022 3716 2040 3747 ι

484 3790 591 3845 Sed
625 3790 803 3843 valere
827 3790 992 3857 jussis
1025 3788 1219 3856 perditi
1250 3787 1488 3840 hominis
1527 3788 1704 3854 nugis,
1741 3794 1794 3840 et
1833 3797 2047 3855 aposto-

486 3882 645 3937 licum
694 3880 826 3934 illud
857 3881 904 3934 ei
933 3880 1173 3934 dicentes
1204 3898 1217 3932 :
1258 3896 1275 3929 ι
1313 3878 1678 3945 Cogitationes
1710 3879 1816 3930 sint
1864 3879 1959 3931 tibi
1993 3880 2044 3931 in

485 3972 839 4041 perditionem
872 3971 938 4035 “,
978 3990 995 4022 ι
1040 3972 1103 4023 ad
1143 3969 1300 4037 193
1336 3969 1615 4023 veritatem
1657 3969 1912 4022 doctrinae.
1953 3983 2048 4020 nos

484 4062 851 4123 conferamus,
890 4068 944 4113 et
976 4060 1263 4113 Dominum
1316 4073 1419 4112 non
1445 4050 1677 4122 'animal,
1722 4068 1776 4111 ut
1822 4059 1917 4121 illi,
1954 4059 2047 4111 sed

487 4150 653 4204 vitam
684 4150 853 4217 ipsam
897 4163 1017 4203 esse
1048 4149 1311 4210 dicamus,
1349 4164 1465 4215 qua:
1506 4152 1682 4204 omnia
1718 4151 1953 4203 viviﬁeat
1978 4151 2043 4214 ",

485 4240 681 4309 quippe
704 4254 822 4307 quae
855 4238 906 4291 in
934 4239 1068 4307 ipso,
1096 4237 1243 4305 juxta
1276 4237 1428 4293 Pauli
1456 4241 1796 4305 sententiam,
1845 4249 1898 4294 et
1929 4254 2045 4293 mo-

486 4338 734 4395 veantur,
763 4339 817 4385 et
857 4331 965 4385 sint
1001 4330 1068 4383 “.

797 4461 1024 4530 ALIUD,
1058 4464 1113 4516 in
1138 4466 1370 4519 eamdem
1401 4468 1732 4521 sententiam.

2147 2017 2303 2069 τοῦτο
2342 2019 2433 2070 καὶ
2479 2020 2511 2086 ἠ
2541 2019 2922 2088 ένυπάρχουσα
2962 2017 3039 2088 τῷ
3081 2017 3199 2087 Θεῷ
3228 2016 3391 2085 σοφία
3421 2017 3481 2068 τὸ
3521 2015 3717 2068 hund-

2147 2123 2338 2169 στατος
2366 2103 2502 2159 εἶναι
2531 2107 2652 2160 καθ’
2678 2108 2875 2177 ἑαυτὴν
2909 2106 3339 2177 ζημιωθήσεται.
3381 2105 3526 2158 Ἀλλ’
3555 2105 3715 2175 εῐπερ

2144 2200 2423 2268 ὁμολογεῖς
2454 2200 2530 2269 μὴ
2556 2199 2675 2253 καθ’
2719 2201 2867 2269 ἡμᾶς
2910 2195 3047 2252 εἶναι
3097 2198 3187 2251 τὸν
3230 2198 3383 2261 Θεὸν,
3432 2197 3718 2266 ὁμολογεῖς

2145 2290 2383 2359 δηλονότι
2418 2290 2510 2343 καί
2543 2307 2659 2353 πως
2690 2290 2758 2342 τὰ
2783 2290 2949 2344 αὐτοῦ
2978 2289 3052 2360 μὴ
3084 2284 3220 2341 εἶναι
3247 2287 3356 2339 τῶν
3384 2287 3509 2341 καθ’
3540 2287 3711 2355 ἡμᾶς.

2145 2382 2260 2436 ἀλλ’
2298 2384 2436 2453 ὑπὲρ
2465 2385 2613 2452 ἡμᾶς
2639 2383 2912 2449 τοσοῦτον,
2935 2384 3058 2436 ὅσον
3087 2381 3179 2435 καὶ
3207 2380 3349 2434 κατὰ
3376 2380 3467 2433 τὸν
3495 2378 3597 2449 τῆς
3625 2378 3715 2431 66-

2147 2472 2268 2534 σίας
2298 2474 2451 2541 λόγον
2478 2474 2777 2544 διέστηκεν.

2598 2668 2797 2733 ΑΛΛΟ,
2826 2668 2971 2735 πρὸς
3004 2668 3069 2721 τὸ
3103 2670 3268 2723 αὐτό.

2230 2797 2522 2866 Ἦγνόησεν
2541 2796 2569 2847 6
2592 2797 2771 2863 σοφὸς,
2798 2798 2873 2859 ὡς
2900 2798 3089 2862 οίεται,
3114 2798 3208 2850 καὶ
3238 2797 3363 2862 ὀξὺς
3393 2800 3474 2861 εις
3495 2800 3555 2851 τὸ
3573 2802 3716 2852 νοεῖν

2146 2884 2369 2954 ἀμέτρῳ
2404 2882 2715 2952 περιπεσὼν
2759 2885 3069 2956 δυσφημία’
3122 2884 3258 2949 ζῶον
3303 2888 3411 2956 γάρ
3456 2890 3715 2958 ὀνομάζει

2145 2976 2235 3027 τὸν
2263 2973 2483 3043 Κύριον,
2510 2976 2609 3026 οὐκ
2642 2972 2795 3037 εἰδὼς
2824 2976 2905 3027 ὅτι
2934 2976 2995 3028 τὸ
3024 2976 3157 3040 ζῶον
3189 2977 3374 3045 ἕτερὸν
3411 2981 3529 3030 ἐστι
3563 2981 3715 3050 παρὰ

2147 3064 2244 3134 τὴν
2274 3064 2439 3134 ζωὴν,
2470 3062 2657 3132 ὥσπερ
2686 3064 2718 3132 ἡ
2749 3064 3019 3133 ἐπιστήμη
3052 3063 3200 3131 παρὰ
3234 3064 3323 3116 τὸν
3351 3066 3712 3133 ἐπιστήμονα.

2098 3210 2111 3227 ,
2151 3155 2303 3224 Ζωὴν
2333 3159 2431 3223 μὲν
2461 3153 2568 3224 γὰρ
2590 3154 2642 3204 ετ
2670 3170 2750 3215 τις
2772 3152 2939 3219 λέγοι,
2958 3153 3089 3206 αὐτὸ
3118 3156 3373 3223 σημαίνει
3398 3156 3461 3207 τὸ
3482 3158 3716 3226 πρᾶγμα

481 3263 600 3319 qua
632 3249 675 3302 si
706 3247 865 3301 alicui
902 3246 1048 3311 insit,
1080 3246 1257 3298 vivum
1289 3253 1346 3295 ut
1367 3243 1615 3297 sitellicit
1644 3262 1654 3295 :
1687 3244 1885 3296 animal
1912 3258 2041 3297 vero
2070 3274 2115 3333 ε

2149 3245 2208 3296 τὸ
2242 3245 2298 3296 ἐν
2325 3261 2433 3296 τισι
2474 3248 2755 3313 γινόμενον
2798 3245 2891 3298 καὶ
2936 3246 3231 3309 ζωοποιοῦν
3261 3247 3430 3299 αὐτά·
3477 3247 3615 3310 ζῶον
3657 3247 3717 3299 δὲ

2153 3334 2342 3401 λέγων,
2373 3334 2432 3386 τὸ
2456 3336 2679 3404 μετέχον
2699 3335 2791 3389 τοῦ
2820 3337 3205 3399 ζωοποιοῦντος
3235 3355 3418 3407 φησιν.
3459 3340 3599 3390 Ἀλλ’
3618 3338 3719 3409 οὐχ

2152 3422 2320 3485 οὕτως
2350 3426 2536 3475 ἑαυτὸν
2563 3428 2591 3477 ὀ
2625 3426 2822 3495 Κύριος
2856 3427 3135 3495 ὀνομάζων
3163 3428 3432 3495 φαίνεται,
3482 3428 3627 3500 ζωὴν
3658 3430 3717 3481 δὲ

2158 3512 2355 3580 μᾶλλον
2388 3512 2670 3567 ἀποκαλεῖ.
2709 3516 2771 3566 El
2806 3515 2861 3567 δὲ
2893 3514 3004 3585 ζωὴ
3033 3516 3288 3586 ὑπάρχων
3313 3520 3407 3570 καὶ
3440 3518 3577 3581 ζῶόν
3602 3523 3719 3571 ἐστι

2155 3603 2295 3656 κατὰ
2326 3605 2423 3674 τὴν
2454 3606 2660 3661 ἐκείνου
2694 3605 3133 3675 φρενοδλάὸειαν,
3158 3607 3402 3674 λεγέσθω
3430 3610 3523 3660 καὶ
3551 3612 3579 3662 ὀ
3606 3611 3720 3662 Πα-

2152 3694 2254 3763 τὴρ
2285 3693 2442 3759 ζῶον,
2476 3696 2772 3766 ἐπειδήπερ
2802 3697 3050 3763 φαίνεται
3079 3697 3271 3764 λέγων·
3309 3718 3325 3749 ι
3353 3699 3437 3752 Ζῶ
3464 3700 3596 3767 ἐγὼ,
3627 3701 3721 3752 λέ-

2152 3801 2237 3849 γει
2260 3785 2482 3853 Κύριος.
2510 3806 2527 3837 ι
2551 3786 2712 3838 Ἀλλά
2740 3789 2859 3850 ταῖς
2889 3788 3093 3839 ἐκείνου
3130 3788 3420 3858 φλυαρίαις
3443 3791 3723 3859 ἐρρῶσθαι

2153 3876 2457 3945 φράσαντες
2482 3916 2495 3939 ,
2527 3879 2621 3929 καὶ
2657 3877 2718 3929 τὸ
2752 3878 3102 3930 άποστολικόν
3136 3880 3310 3931 ἐκεῖνο
3354 3882 3718 3950 προσθέντες’

2161 3984 2177 4014 ι
2213 3966 2291 4017 Τὰ
2320 3968 2567 4036 νοήματά
2599 3985 2690 4020 σου
2725 3970 2821 4021 σὺν
2866 3970 2947 4021 σοὶ
2990 3972 3076 4039 εῐη
3111 3972 3190 4032 εἰς
3223 3970 3531 4038 ἀπώλειαν,
3569 3993 3587 4025 s
3625 3974 3724 4025 ἐπὶ

2154 4057 2247 4125 τὴν
2263 4058 2525 4128 ὀρθότητα
2552 4059 2659 4111 τῶν
2683 4060 2965 4130 δογμάτων
2980 4062 3355 4131 δραμούμεθα,
3378 4066 3470 4116 καὶ
3494 4065 3554 4117 οὐ
3579 4065 3723 4127 ζῶον

2154 4150 2271 4200 κατ’
2308 4150 2571 4213 ἐκείνους,
2598 4151 2731 4203 ἀλλὰ
2766 4151 2911 4222 ζωὴν
2944 4153 3174 4222 ἐροῦμεν
3203 4155 3291 4205 τὸν
3324 4154 3551 4224 Κύριον,
3585 4154 3723 4219 ζωο-

2151 4235 2413 4303 γονοῦσαν
2440 4238 2507 4291 τά
2542 4239 2717 4291 πάντα
2761 4241 2836 4303 ὡς
2872 4243 2929 4292 ἐν
2962 4240 3106 4310 αύτῷ
3136 4244 3397 4297 κινεῖσθαι
3429 4245 3521 4298 καὶ
3552 4243 3720 4313 εἶναι,

2154 4328 2295 4381 κατὰ
2317 4329 2415 4399 τὴν
2440 4329 2653 4382 Παύλου
2682 4334 2882 4402 φωνήν.

2646 4466 2848 4531 ΑΛΛΟ,
2873 4468 2957 4531 εἰς
2981 4467 3044 4519 τὸ
3068 4468 3232 4520 αὑτό.

555 4591 775 4648 Sacram
833 4596 1166 4665 scripturam
1213 4597 1405 4651 Filium
1455 4614 1647 4652 vocare
1698 4597 1931 4653 Verbum
1970 4600 2049 4673 “,

2228 4596 2394 4663 Λόγον
2422 4598 2455 4665 ἡ
2493 4596 2613 4649 θεία
2630 4598 2819 4667 Γραφὴ
2849 4598 2939 4651 τὸν
2975 4599 3099 4651 Υἱδν
3132 4600 3441 4670 ὀνομάζειν,
3466 4606 3559 4657 καὶ
3593 4623 3728 4677 προς

486 4682 587 4739 ltoc
630 4694 735 4750 est,
793 4685 1151 4754 prolationem
1214 4689 1479 4756 ejusmodi
1545 4690 1829 4742 verborum
1876 4691 2051 4759 qualia

486 4783 615 4828 sunt
638 4776 890 4839 humana,
936 4781 1259 4844 temerarius
1302 4780 1402 4833 iste
1438 4794 1499 4833 ac
1526 4779 1815 4849 praeclarus
1848 4782 2055 4836 scilicet

486 4880 803 4920 arcanorum
851 4865 945 4920 Dei
992 4869 1263 4939 interpres
1312 4870 1669 4941 imaginatdr:
1714 4887 1819 4924 non
1861 4872 2055 4925 intelli-

486 4970 617 5024 gens
656 4957 796 5025 quod
830 4972 995 5012 sacra:
1019 4958 1238 5014 Littera:
1264 4961 1410 5014 illum
1456 4963 1525 5015 ita
1573 4978 1637 5015 ex
1683 4971 1865 5016 nostro
1902 4978 2051 5016 more

487 5047 773 5114 appellent.
810 5046 1070 5116 Loquitur
1098 5052 1240 5104 enim
1274 5051 1436 5106 Pater
1468 5069 1662 5107 arcane
1709 5063 1868 5121 atque
1914 5053 2047 5107 inef-

487 5135 714 5190 fabiliter
741 5137 806 5191 ad
853 5138 1073 5203 Filium,
1121 5142 1204 5194 cui
1256 5143 1571 5196 naturaliter
1599 5144 1851 5197 voluntas
1881 5142 2053 5197 Patris

486 5226 694 5293 cognita
723 5234 827 5289 est,
856 5240 1028 5294 neque
1056 5238 1332 5296 exspectat
1379 5245 1705 5294 sermonem,
1736 5232 1826 5299 qui
1876 5231 2051 5283 occul-

484 5322 591 5367 tam
648 5314 786 5370 illius
834 5316 1160 5371 voluntatem
1209 5320 1459 5389 explicet.
1495 5321 1718 5387 Quando
1764 5323 1929 5389 igitur
1977 5324 2045 5375 de

484 5403 593 5458 Deo
618 5406 815 5461 dicitur
840 5408 956 5463 sive
993 5411 1315 5478 praedicatur
1342 5413 1539 5480 aliquid
1571 5412 1910 5482 corum’quaz
1951 5415 2047 5467 ho-

484 5490 715 5545 minibus
746 5494 922 5560 potius
958 5498 1304 5561 conveniunt,
1344 5500 1555 5553 auditor
1579 5501 1716 5553 ultra
1749 5502 2048 5560 humanum.

485 5592 686 5631 morem
731 5583 1106 5649 cogitationem
1152 5602 1304 5642 suam
1350 5591 1543 5658 erigat,
1584 5601 1637 5647 et
1684 5592 1749 5647 ad
1791 5594 2043 5662 spiritua-

553 5753 597 5849 ’ξ
619 5750 932 5849 (Ξῗξιλινῖῧ.
1012 5763 1054 5795 ⁸⁸
1090 5763 1283 5849 Ezech.
1322 5782 1516 5833 xxxiii,
1557 5770 1639 5825 il.
1720 5772 1759 5802 δι
1796 5773 1913 5827 Aci,
1954 5788 2067 5838 νιιι,
2100 5772 2187 5827 20,

510 5837 543 5887 ι,
581 5823 598 5875 l
632 5838 781 5894 seqq.

2155 4686 2324 4756 φορὰν
2360 4689 2616 4756 ῥημάτων
2652 4688 2904 4741 τοιούτων
2942 4691 3100 4742 ὁποῖά
3130 4692 3243 4743 ὲστι
3272 4692 3338 4744 τὰ
3377 4694 3725 4765 ἀνθρώπινα,

2153 4774 2483 4841 φαντάζεται
2509 4776 2670 4828 πάλιν
2693 4779 2720 4829 6
2742 4778 2939 4847 γοργὸς
2966 4780 3045 4840 εἰς
3066 4776 3320 4833 ἀϐουλίαν
3353 4784 3444 4835 καὶ
3470 4788 3729 4851 νεανικὸς

2152 4869 2231 4928 είς
2262 4867 2322 4919 τὸ
2365 4866 2439 4936 μὴ
2468 4870 2605 4919 νοεῖν
2650 4868 2821 4937 ὀρθῶς
2848 4868 3062 4923 τὰὉεῖα
3095 4872 3365 4941 μυστήρια
3386 4891 3397 4902 ·
3433 4876 3534 4928 οὐκ
3561 4878 3728 4943 εἰδὼς

2154 4958 2235 5009 ὅτι
2270 4958 2408 5010 κατὰ
2441 4959 2541 5026 μὲν
2570 4960 2667 5029 τὴν
2696 4961 2971 5029 ἡμετέραν
3016 4962 3301 5032 συνήθειαν
3344 4964 3517 5029 οὕτως
3552 4970 3728 5023 αὐτὸν

2150 5048 2206 5100 αἱ
2246 5048 2385 5101 Θεῖαι
2423 5050 2745 5119 κηρύττουσι
2774 5051 3004 5121 Γραφαί.
3035 5053 3344 5121 Διαλέγεται
3374 5056 3431 5108 δὲ
3458 5058 3731 5131 ἀρρήτως

2154 5139 2341 5209 Πατὴρ
2368 5141 2501 5209 πρὸς
2527 5140 2669 5205 Υἱὸν,
2700 5141 2913 5211 ἔχοντος
2935 5144 3096 5195 αὑτοῦ
3123 5145 3367 5212 φυσικῶς
3392 5150 3487 5200 τοῦ
3515 5152 3728 5204 εἰδέναι

2150 5230 2243 5282 τοῦ
2274 5231 2522 5294 τεκόντος
2548 5232 2647 5300 τὴν
2678 5233 2950 5303 βούλησιν,
2982 5235 3041 5286 οὐ
3072 5234 3225 5302 λόγον
3247 5237 3526 5305 ἐκφαίνειν
3552 5240 3729 5294 δυνά-

2155 5339 2313 5391 μενον
2346 5322 2414 5375 τά
2452 5324 2808 5393 κεκρυμμένα
2835 5328 3215 5396 περιμένοντος
3238 5370 3251 5392 ,
3284 5329 3405 5381 ἐπεὶ
3434 5332 3527 5383 καὶ
3552 5334 3730 5400 αὑτός

2153 5418 2358 5470 ἐστιν-ὀ
2390 5416 2579 5483 Λόγος.
2610 5418 2735 5470 Ὅτε
2770 5419 2944 5473 τοίνυν
2988 5420 3080 5473 ἐπὶ
3114 5422 3249 5474 Θεοῦ
3278 5440 3328 5476 τι
3354 5424 3574 5493 λέγεται
3606 5428 3734 5480 τῶν

2148 5508 2247 5560 ὅσα
2296 5509 2497 5578 μᾶλλον
2526 5508 2829 5578 ἀνθρώποις
2860 5510 2976 5563 ἐστὶ
3013 5504 3453 5582 πρεπωδέστερα,
3484 5515 3732 5569 ἀναϐαι-

2148 5600 2282 5651 νέτω
2334 5600 2400 5651 τά
2445 5598 2564 5651 καθ’
2625 5587 2769 5669 ἡμᾶς
2814 5604 2841 5653 ὁ
2890 5603 3270 5674 ἀκροώμενος,
3326 5609 3417 5658 καὶ
3477 5609 3570 5659 ἐπὶ
3613 5608 3732 5677 τὴν

2303 5776 2343 5806 δ’
2379 5774 2393 5828 ι
2427 5774 2563 5829 Tim.
2596 5792 2668 5840 Vl,
2712 5778 2793 5831 15.
2870 5781 2913 5813 ⁸³
2955 5784 3071 5838 Act.
3100 5797 3228 5851 sm,
3269 5783 3358 5839 ‘28.
3438 5785 3485 5817 “
3512 5784 3674 5842 Joan.
