4024 6516
303 529 407 588 325

1676 517 2121 577 THESAURUS.

3466 516 3572 573 326

307 644 688 719 πνευματικὴν,
732 643 827 699 καὶ
870 642 969 715 τὴν
1014 642 1072 696 ἐν
1123 640 1305 714 νοήσει
1351 643 1419 713 τῇ
1469 639 1591 711 θείᾳ
1639 639 1882 711 τμχέτω

1994 640 2116 705 lem,
2148 636 2350 710 quique
2393 637 2445 692 in
2487 636 2672 692 divino
2712 636 2985 693 intellectu
3028 612 3300 705 consistit,
3347 652 3570 695 sensum

306 736 629 808 κατάληψιν.

579 846 900 915 nrt/em;
924 844 1007 914 ὡς
1041 845 1111 900 ἐκ
1144 844 1263 900 τῶν
1284 843 1605 915 Εὐνομίαν.

388 982 526 1037 'm'
568 982 671 1035 οὐκ
716 981 957 1054 ἐξαρκεῖ,
1005 980 1191 1051 φησὶν,
1238 982 1319 1043 είς
1368 980 1500 1036 Υίοῦ
1540 982 1772 1055 δήλωσιν
1822 984 1884 1038 τὸ

302 1072 476 1144 Λόγος
500 1073 693 1144 ὕνομα,
737 1071 850 1127 οὐδ’
880 1071 948 1126 ἂν
977 1070 1189 1141 γίνοιτο
1239 1070 1416 1145 σαφὴς
1450 1073 1485 1144 ἡ
1513 1073 1670 1139 οὐσία
1713 1073 1881 1129 αὐτοῦ

301 1166 391 1220 διά
439 1166 540 1237 τῆς
582 1164 797 1221 τοιᾶσδε
852 1162 1263 1235 προσηγορίαςο
1320 1161 1548 1234 φέρεται
1613 1164 1722 1236 γάρ
1785 1166 1883 1221 καὶ

301 1256 450 1313 κατὰ
478 1256 691 1311 πολλῶν
713 1254 917 1325 ἑτέρων
947 1254 1210 1327 ῥημάτων
1248 1254 1435 1326 άργῶν
1458 1273 1519 1309 τε
1549 1258 1644 1311 καὶ
1678 1258 1883 1311 ἀνυπο-

302 1347 534 1403 στάτων.

782 1458 940 1529 Πρὸς
958 1457 1152 1514 ταῦτα
1176 1458 1383 1525 λύσις.

368 1593 582 1650 οὐκοῦν
627 1593 881 1664 άτονήσει
936 1591 1076 1665 πρὸς
1111 1594 1172 1647 τὸ
1215 1592 1571 1665 παραστῆσαι
1615 1592 1709 1647 τοῦ
1744 1593 1881 1649 Θεοῦ

294 1685 402 1758 τὴν
431 1685 619 1739 οὐσίαν
666 1683 727 1738 τὸ
770 1682 904 1747 Θεὸς
930 1683 1122 1754 ὄνομα.
1173 1670 1554 1755 Φέρεταιγὰρ
1600 1687 1693 1737 καὶ
1741 1683 1885 1738 κατὰ

296 1776 412 1831 τῶν
442 1777 520 1849 μὴ
543 1776 701 1845 φύσει
722 1774 880 1839 θεῶν,
905 1775 1047 1829 κατὰ
1069 1774 1152 1838 τδ,
1173 1793 1192 1825 ι
1217 1773 1359 1843 Ἐγὼ
1384 1770 1531 1829 εἶπα·
1550 1774 1674 1827 Θεοί
1698 1777 1843 1829 ἐστε.
1860 1794 1878 1827 ι

297 1868 367 1921 τί
402 1868 461 1922 δὲ
491 1866 725 1921 κωλύσει
754 1868 978 1920 κάκείνο
1004 1865 1207 1933 λέγειν,
1229 1865 1305 1928 ὡς
1332 1864 1565 1937 ἐπείπερ
1589 1865 1653 1918 τὸ
1676 1865 1886 1930 δίκαιος

294 1959 493 2030 ὄνομα,
532 1958 625 2011 καὶ
655 1957 715 2011 τὸ
745 1956 971 2026 άγαθδς,
1002 1957 1097 2011 καὶ
1122 1955 1183 2009 τὸ
1217 1956 1391 2025 ἅγιος,
1420 1955 1518 2009 καὶ
1556 1959 1643 2009 ἐπ’
1675 1954 1887 2027 ἀνθρώ-

1988 729 2345 788 conscendat.

2410 840 2497 895 Ex
2535 841 2828 911 objections
2872 838 3143 896 Eanomii.

1992 1038 1995 1041 λ
2036 976 2222 1062 [Atqui
2257 991 2367 1033 non
2403 975 2622 1043 sumcit,
2650 978 2849 1049 inquit,
2882 978 3043 1035 Verbi
3078 992 3272 1035 nomen
3303 978 3372 1034 ad
3401 979 3573 1049 signi-

1988 1059 2303 1127 ficationem
2361 1070 2507 1139 Filii,
2551 1084 2728 1139 neque
2757 1085 2823 1127 ex
2856 1069 3161 1138 hujusmodi
3215 1070 3576 1142 appellatione

1983 1162 2223 1219 essentia
2280 1162 2401 1231 ejus
2438 1162 2793 1234 explicatur:
2830 1162 3067 1218 refertur
3095 1163 3241 1218 enim
3293 1163 3456 1219 etiam
3504 1162 3574 1217 ad

1983 1252 2090 1309 alia
2120 1253 2288 1309 multa
2317 1253 2482 1310 verba
2506 1270 2628 1326 quae
2664 1254 3009 1325 bypostatice
3032 1269 3139 1310 non
3170 1254 3466 1311 exsistunt.

2475 1452 2687 1509 Salutio
2719 1451 3057 1523 objectionia.

2056 1565 2203 1657 Ergo
2231 1600 2301 1642 ne
2322 1585 2419 1643 Dei
2443 1587 2662 1657 quidem
2712 1600 2909 1643 nomen
2947 1585 3146 1642 suﬂicit
3180 1584 3248 1639 ad
3276 1583 3575 1641 essentiam

1996 1673 2091 1731 Dei
2141 1676 2547 1746 esplicandam.
2580 1661 2842 1732 Refertur
2875 1678 3020 1732 enim
3058 1676 3224 1731 etiam
3262 1673 3342 1729 ad‘
3357 1689 3453 1730 eos
3483 1676 3576 1745 qui

1988 1776 2181 1823 natura
2215 1766 2315 1832 dii,
2345 1780 2450 1821 non
2487 1764 2825 1838 sunt,‘.juxta
2864 1765 2996 1821 illud
3029 1784 3043 1820 :
3086 1785 3106 1818 ι
3151 1765 3266 1835 Ego
3301 1766 3457 1821 dixi:
3490 1765 3575 1820 Dii

1986 1856 2121 1912 estis
2152 1854 2221 1908 ⁸⁸.
2257 1873 2277 1907 ι
2310 1854 2451 1924 Quid
2487 1869 2619 1910 vero
2656 1854 2934 1927 obstiterit
2961 1854 3255 1925 quominus
3297 1856 3463 1911 etiam
3510 1854 3580 1910 il-

1987 1947 2079 2001 lud
2114 1946 2397 2003 dicamus:
2435 1962 2559 2002 cum
2588 1960 2787 2001 nomen
2810 1944 3019 2015 justus,
3053 1954 3109 2001 et
3135 1948 3328 2012 bonus,
3366 1953 3421 2000 et
3448 1958 3579 2001 san-

294 2066 421 2107 πων
465 2048 719 2103 τάττεται
766 2046 995 2121 (πολλοὶ
1039 2046 1149 2118 γάρ
1181 2046 1413 2101 τοιοῦτοι
1461 2046 1604 2100 κατὰ
1647 2046 1882 2120 μετοχὴν

1994 2050 2112 2095 ctus
2145 2039 2311 2095 etiam
2357 2040 2425 2094 de
2461 2037 2779 2093 horninibus
2807 2038 3022 2094 dicatur
3048 2036 3223 2110 (multi
3267 2037 3413 2092 enim
3447 2046 3580 2092 sunt

291 2142 393 2197 τοῦ
440 2140 564 2196 κατ’
593 2140 856 2213 ἀλήθειαν
899 2141 996 2195 καὶ
1033 2138 1204 2203 ὅντως
1251 2134 1458 2208 ἀγαθοῦ
1530 2138 1627 2192 καὶ
1668 2138 1883 2193 δικαίου

288 2233 719 2305 τυγχάνοντος),
768 2232 831 2287 οὗ
872 2230 1077 2303 κυρίως
1117 2230 1211 2284 ἐπὶ
1261 2228 1399 2283 Θεοῦ
1440 2226 1725 2294 τετάξεται
1773 2216 1885 2282 τῶν

291 2323 609 2400 εἰρημένων
636 2323 892 2400 lucrm;
926 2323 989 2375 Ei
1007 2320 1067 2375 δὲ
1097 2320 1256 2376 κοινὰ
1283 2321 1383 2392 μιν
1406 2322 1540 2391 ἡμῖν
1566 2320 1704 2392 πρὸς
1721 2318 1883 2374 αὑτὸν

286 2392 367 2469 τά
388 2392 655 2486 δνόματα,
690 2396 840 2486 αὐτῷ
879 2413 937 2467 δὲ
980 2413 1128 2485 μόνῳ
1170 2412 1313 2468 κατὰ
1345 2411 1509 2481 φύσιν
1552 2412 1615 2466 τὸ
1648 2413 1884 2483 πρᾶγμα

287 2505 719 2578 ιταληθεύεται,
755 2504 910 2559 οὐδὲν
936 2502 1174 2559 κωλύσει
1207 2504 1304 2559 καὶ
1332 2504 1509 2578 Λόγον
1540 2502 1749 2575 κυρίως
1785 2518 1881 2556 κεο

287 2576 535 2664 κλῆσθαι
558 2593 651 2648 τὸν
673 2593 823 2661 Υιδν,
854 2593 1272 2665 παραστατικήν
1290 2609 1351 2645 τε
1376 2591 1479 2661 τῆς
1502 2576 1691 2655 οὐσίας
1715 2589 1882 2645 αὐτοῦ

282 2685 503 2755 ταύτην
532 2685 678 2756 εχειν
715 2684 817 2755 τὴν
859 2684 1213 2755 ἐπωνυμίαν,
1268 2685 1319 2736 εί
1369 2682 1465 2735 καὶ
1507 2682 1687 2753 ἕτεροι
1732 2681 1881 2750 λόγοι

284 2776 483 2832 πολλοί
526 2794 671 2840 τινες
700 2773 811 2830 εῐεν
841 2775 1297 2848 καταχρηστικῶς
1329 2775 1424 2828 καὶ
1462 2773 1601 2845 πρὸς
1646 2772 1880 2845 μίμησιν

281 2868 389 2921 τοῦ
422 2868 545 2921 κατ’
592 2866 852 2938 ἀλήθειαν
884 2865 1248 2937 κεκλημένου.
1282 2866 1384 2919 Διὰ
1410 2865 1521 2937 γάρ
1546 2866 1751 2937 ταύτην
1781 2866 1880 2933 τὴν

282 2960 479 3014 αἰτίαν
506 2960 633 3030 περὶ
654 2958 848 3014 ἑαυτοῦ
878 2974 1045 3029 φησιν
1068 2960 1098 3011 ό
1138 2958 1267 3020 Υἱός
1286 2973 1299 2988 ο
1326 2976 1346 3009 ι
1369 2956 1515 3025 Ἑγὼ
1546 2958 1662 3027 είμι
1691 2959 1722 3029 ὴ
1748 2958 1880 3029 ἀλή-

282 3050 436 3105 θεια.
467 3040 662 3101 »Ὥστε
691 3049 827 3120 ὅπερ
848 3048 1017 3111 άντις
1044 3046 1190 3100 εἴποι
1218 3047 1347 3118 περὶ
1370 3045 1537 3099 αὑτοῦ
1570 3045 1880 3117 θεοπρεπὲς

279 3159 353 3196 τε
386 3142 487 3197 καὶ
511 3139 660 3206 ἄξιον
681 3139 779 3211 τῆς
809 3138 959 3203 θείας
983 3138 1311 3209 γεννήσεως,
1332 3138 1450 3207 ipsi
1480 3137 1579 3208 μὲν
1604 3136 1691 3189 ἐπ’
1712 3134 1879 3189 αὑτοῦ

277 3230 526 3303 κυρίως,
547 3228 640 3282 ἐπὶ
660 3227 716 3281 δὲ
742 3226 852 3281 τῶν
881 3226 1086 3297 ἐτέρων
1105 3224 1311 3284 οὐκέτι.
1340 3223 1800 3297 καταχρηστικῶς
1822 3223 1880 3277 δὲ

281 3320 524 3395 μᾶλλον,
560 3318 815 3389 καθάπερ
840 3318 1075 3390 εἴρηται.

580 3454 900 3542 ᾉντιβεσις
922 3454 1004 3520 ὡς
1031 3452 1102 3507 ἐκ
1137 3451 1257 3507 τῶν
1279 3452 1603 3523 Εὐνομίου.

357 3591 543 3660 Λόγος
571 3590 825 3662 εἴρηται,
861 3588 998 3659 φησι
1016 3627 1031 3653 ,
1064 3586 1216 3659 παρὰ
1245 3590 1368 3652 ταῖς
1400 3586 1575 3650 θείαις
1604 3586 1879 3657 Γραφατς,

1906 3415 1953 3479 C

1992 2130 2132 2187 tales
2178 2144 2284 2202 per,
2327 2130 2806 2207 participationem
2850 2127 2967 2200 ejus
2992 2129 3088 2201 qui
3121 2142 3250 2185 vere
3283 2138 3451 2199 atque
3483 2142 3579 2183 re-

1992 2220 2107 2294 ipsa
2130 2220 2308 2278 bonus
2345 2232 2399 2277 et
2416 2220 2599 2291 justus
2624 2220 2751 2292 est).
2790 2236 2897 2277 non
2938 2222 3160 2292 proprie
3203 2221 3417 2294 singula
3460 2221 3581 2278 hac

1989 2328 2112 2384 quae
2157 2312 2400 2369 diximus
2439 2314 2508 2369 de
2557 2313 2669 2369 Deo
2712 2312 3039 2384 praedicari?
3066 2316 3138 2369 At
3179 2314 3229 2369 si
3268 2315 3585 2371 communia

1989 2399 2209 2471 quidem
2263 2398 2422 2456 nobis
2465 2409 2747 2460 suntcum
2796 2401 2891 2457 illo
2918 2402 3162 2469 nomina,
3209 2403 3305 2461 aed
3346 2405 3415 2460 de
3460 2403 3583 2476 ipso

1992 2498 2201 2545 tantum
2236 2504 2368 2551 vero
2392 2493 2691 2547 secundum
2719 2500 2972 2549 naturam
3006 2493 3283 2561 dicuntur,
3314 2494 3450 2550 nihil
3476 2494 3580 2550 im-

1990 2579 2141 2649 pedit
2168 2579 2466 2649 quominus
2500 2572 2671 2637 l’ilius
2703 2582 2924 2652 proprie
2946 2582 3166 2639 dicatur
3196 2582 3458 2649 Verbum,
3486 2597 3581 2639 ea-

1992 2685 2099 2740 que
2122 2672 2412 2741 appellatio
2443 2674 2741 2729 essentiam
2781 2674 2903 2745 ejus
2932 2675 3190 2745 explicet,
3221 2676 3445 2732 tametsi
3471 2676 3577 2733 alia

1988 2778 2205 2833 quoque
2232 2763 2401 2819 multa
2425 2765 2533 2820 sint
2564 2764 2727 2821 verba
2756 2767 2983 2823 abusive
3036 2778 3090 2824 et
3121 2769 3189 2842 ad
3216 2769 3579 2827 imitationem

1989 2855 2136 2910 illius
2170 2857 2316 2926 quod
2352 2871 2479 2913 vere
2516 2858 2589 2911 ita
2625 2868 2875 2915 vocatur.
2900 2858 3037 2915 Eam
3065 2860 3210 2917 enim
3252 2862 3323 2918 ob
3352 2877 3577 2920 causam

1986 2944 2161 3003 Filius
2178 2947 2244 3003 de
2261 2949 2444 3019 seipse
2477 2949 2654 3018 inquit
2679 2968 2691 3003 :
2718 2968 2737 3002 ι
2765 2949 2876 3021 Ego
2904 2966 3025 3007 sum
3052 2953 3257 3009 veritas
3287 2954 3358 3009 “.
3394 2974 3414 3009 ι
3434 2958 3581 3023 Quo-

1987 3038 2133 3094 circa
2168 3040 2431 3111 quidquid
2478 3042 2548 3098 de
2602 3058 2669 3099 eo
2703 3043 2911 3099 dixeris
2955 3044 3226 3100 divinitati
3270 3047 3579 3120 divinaeque

1987 3128 2107 3199 ejus
2138 3130 2477 3201 generationi
2513 3133 2847 3189 conveniens
2871 3142 2927 3189 et
2953 3149 3074 3205 par,
3102 3136 3323 3207 proprie
3354 3138 3577 3209 quidem

1986 3220 2054 3277 de
2085 3223 2205 3292 ipso
2236 3223 2420 3289 dices;
2458 3225 2524 3279 de
2564 3225 2687 3280 aliis
2716 3240 2846 3281 vero
2906 3241 3014 3282 non
3054 3226 3211 3298 item,
3256 3229 3352 3285 sed
3399 3230 3580 3301 potius

1987 3313 2233 3380 abusive,
2272 3326 2333 3370 ut
2356 3318 2563 3371 dictum
2594 3326 2698 3372 est.

2384 3447 2543 3521 193
2578 3449 2821 3519 Objectio
2874 3449 3153 3511 Eunomii.

2058 3582 2327 3643 Verbum.
2344 3582 2540 3652 inquit,
2561 3583 2767 3639 dictum
2784 3592 2867 3640 est
2891 3584 2943 3640 in
2965 3601 3119 3644 sacra
3145 3584 3451 3659 Scriptura,
3468 3604 3581 3647 non

272 3685 393 3757 οὐχ
421 3684 499 3749 ὡς
525 3684 591 3736 εκ
625 3684 843 3754 Πατρὸς
874 3682 1019 3737 κατὰ
1047 3682 1211 3753 φύσιν
1240 3682 1524 3752 ὑπάρχων,
1556 3680 1591 3751 ἢ
1616 3680 1778 3741 αὐτὸς
1806 3678 1882 3732 ὣν

1994 3674 2115 3745 quia
2150 3689 2216 3730 ex
2249 3673 2414 3729 Patre
2442 3677 2742 3749 secundum
2766 3686 3015 3732 naturam
3036 3680 3287 3745 exsistat,
3317 3691 3412 3736 aut
3438 3683 3581 3752 quod

269 3781 306 3835 ὁ
364 3776 679 3839 ἐνδιάθετος
726 3776 885 3844 λόγος
909 3815 925 3841 ,
984 3774 1099 3829 ἀλλ’
1173 3775 1255 3828 ὅτι
1313 3775 1406 3830 τὸν
1459 3773 1675 3844 Πατρὸς
1727 3771 1884 3841 λόγον

270 3866 539 3931 ἀκούσας
598 3868 693 3920 καὶ
759 3868 890 3938 ἡμῖν
965 3864 1316 3934 ἐξαγγέλλει·
1380 3862 1570 3935 ῶσπερ
1632 3858 1725 3918 οὖν
1790 3863 1885 3916 καὶ

270 3959 572 4031 ἁγιασμὸς
600 3960 818 4033 εἴρηται
842 4000 857 4024 ,
886 3959 969 4013 ὅτι
993 3957 1249 4027 ἁγιάζει,
1285 3958 1379 4011 καὶ
1411 3954 1727 4027 δικαιοσύνη
1747 3995 1761 4020 ,
1801 3955 1883 4009 ὅτι

265 4052 518 4107 δικαιοί.

810 4161 969 4230 Πρὸς
1000 4162 1178 4216 τοῦτο
1201 4162 1405 4228 λύσις.

356 4301 434 4356 Et
466 4299 639 4369 Λόγος
664 4296 866 4369 ικλήθη
894 4336 909 4362 ,
938 4296 1082 4351 κατὰ
1112 4296 1213 4367 τὴν
1242 4296 1359 4368 σὴν,
1386 4289 1432 4350 ὦ
1459 4294 1726 4367 βέλτιστε,
1756 4294 1882 4348 δυσ·-

1985 3768 2058 3823 sit
2088 3768 2444 3824 intrinsecum
2477 3768 2593 3824 sive
2624 3768 2846 3824 insitum
2871 3770 3019 3826 Patri
3053 3772 3300 3842 verbum,
3327 3775 3420 3829 sed
3451 3774 3583 3843 quia

1985 3860 2163 3914 Patris
2190 3860 2417 3915 verbum
2457 3852 2706 3927 audiens,
2738 3862 2789 3916 id
2820 3863 2977 3919 nobis
3008 3867 3292 3921 annuntiat
3320 3884 3333 3920 :
3360 3868 3501 3922 sicut
3527 3877 3585 3922 et

1987 3951 2351 4007 salictilicatio
2380 3933 2559 4006 dictus
2591 3960 2697 4017 est,
2724 3952 2850 4021 quia
2897 3954 3228 4022 sanctificat,
3264 3964 3320 4011 et
3346 3955 3581 4025 justitia,

1983 4042 2110 4116 quia
2128 4042 2418 4111 justiﬁeat.

2506 4156 2714 4214 Salutio
2745 4160 3073 4230 objectionis.

2059 4290 2139 4358 Si,
2158 4293 2315 4364 juxta
2353 4301 2500 4349 tuam
2531 4294 2951 4365 blasphemiam,
2974 4296 3211 4351 Verbum
3242 4295 3447 4352 dictum
3473 4305 3581 4361 est.

268 4388 533 4463 φημίαν,
565 4388 663 4457 οὐχ
687 4387 771 4440 ὅτι
816 4388 960 4440 κατὰ
997 4384 1159 4455 φύσιν
1193 4385 1353 4439 τοῦτό
1384 4370 1543 4439 ’ἔστιν
1574 4387 1639 4439 ὲκ
1670 4383 1882 4455 Πατρδς

1994 4398 2092 4440 non
2125 4385 2269 4455 quod
2300 4386 2629 4441 naturaliter
2659 4388 2763 4442 hoc
2786 4378 2858 4443 sit
2885 4402 2951 4444 ex
2988 4386 3150 4442 Patre
3180 4388 3500 4458 procedens,
3526 4396 3581 4444 et

266 4479 582 4556 προελθὼν
605 4518 620 4543 ,
647 4480 743 4532 καὶ
773 4478 874 4547 τῆς
900 4476 995 4531 τοῦ
1034 4476 1287 4541 τεκόντος
1318 4474 1506 4540 οὒσίας
1535 4476 1883 4545 ἔκφαντικὸς,

1988 4475 2255 4545 genitoris
2283 4477 2365 4532 sui
2403 4478 2701 4533 essentiam
2729 4478 3041 4544 declarans,
3076 4480 3173 4535 sed
3205 4482 3350 4550 quod
3396 4481 3580 4536 Patris

263 4570 411 4626 ἀλλ’
438 4568 522 4621 ὅτι
550 4566 642 4621 τὸν
661 4566 811 4639 παρὰ
839 4565 1053 4637 [ἰατρὸς
1076 4565 1317 4630 ἀκούσας
1362 4566 1541 4634 λόγον,
1569 4557 1882 4635 ἐξαγγέλλει

1994 4568 2212 4622 verbum
2244 4568 2495 4634 audiens,
2531 4569 2691 4624 nobis
2723 4570 2773 4625 id
2807 4571 3115 4637 annuntiet,
3145 4572 3374 4627 observa
3415 4573 3579 4627 etiam

264 4658 492 4713 τοῦτον
525 4657 606 4720 είς
641 4657 790 4726 ἡμᾶς
810 4671 822 4683 ·
858 4655 1017 4725 τήρει
1057 4656 1153 4709 καὶ
1186 4657 1244 4707 ιν
1273 4657 1387 4719 τοῖς
1426 4655 1605 4719 ἄλλοις
1633 4656 1733 4726 τὴν
1761 4656 1882 4725 ῐσην

1994 4659 2044 4714 in
2075 4659 2197 4715 aliis
2231 4660 2478 4716 eamdem
2515 4662 2778 4717 rationem
2802 4670 2856 4717 et
2873 4664 3341 4733 consequentiam,
3368 4673 3426 4718 ut
3457 4679 3581 4733 gra-

262 4745 647 4808 ἀκολουθίαν,
688 4745 776 4799 ῐνα
800 4745 896 4798 καὶ⁵
932 4745 1195 4815 μειζόνως
1228 4746 1635 4817 ἀσχημονήσῃς.
1672 4746 1736 4799 El
1773 4747 1882 4818 γὰρ

1994 4750 2111 4804 vius
2170 4754 2520 4821 apertiusque
2564 4754 2870 4822 delinquas.
2918 4750 3054 4807 Nam
3108 4754 3155 4808 si
3210 4754 3443 4809 Verbum
3494 4762 3582 4810 est

261 4842 477 4910 Λόγος
507 4839 693 4904 εστὶν,
738 4838 824 4891 ὅτι
868 4836 1028 4906 λόγον
1077 4836 1334 4907 ἀκήκοεν,
1384 4840 1679 4908 ἀναγκαῖον
1717 4840 1882 4892 εἰπεῖν

1994 4844 2120 4914 quia
2153 4844 2379 4917 verbum
2422 4843 2649 4908 audivit.
2692 4845 3059 4899 necessarium
3095 4854 3177 4900 est
3200 4847 3364 4901 etiam
3404 4848 3581 4918 ipsum

260 4933 370 4988 an
412 4930 513 4985 καὶ
538 4923 853 4998 δικαιοσύνη
898 4928 995 4981 καὶ
1030 4927 1305 4998 ἁγιασμὸς
1347 4930 1519 4993 ἔστιν,
1568 4929 1643 4993 ὡς
1676 4930 1887 4984 δικαιο-

1991 4952 2116 4994 esse
2153 4937 2421 5005 justitiam
2464 4945 2517 4993 et
2574 4936 3064 4992 sanctiﬁcationcm
3102 4938 3227 5008 quia
3260 4939 3486 5009 jnstitia:
3524 4950 3583 4995 et

262 5022 473 5093 σύνης
518 5020 615 5074 καὶ
664 5018 939 5090 ἁγιασμοῦ
988 5019 1239 5090 μέτοχος,
1290 5021 1383 5075 καὶ
1424 5023 1487 5075 οὐ
1537 5021 1680 5076 κατὰ.
1724 5021 1882 5092 φύσιν

1994 5028 2444 5084 sanctiﬁcationis
2468 5035 2553 5083 est
2582 5029 2880 5099 particeps,
2910 5043 3016 5083 non
3044 5038 3226 5083 autem
3262 5029 3583 5093 naturaliter

257 5111 474 5170 ταῦτα
500 5109 780 5180 ὑπάρχων.
811 5109 894 5162 Τὰ
934 5110 991 5163 δὲ
1020 5110 1097 5180 μὴ
1130 5110 1273 5163 κατά
1312 5110 1474 5179 φύσιν
1509 5112 1785 5182 προσόντα
1814 5130 1887 5166 τι·

260 5209 405 5273 σὶν,
440 5204 558 5259 ἀλλ’
591 5202 789 5271 ἔξωθεν
827 5204 1181 5272 ὲπιγεγονότα
1201 5246 1215 5269 ,
1270 5205 1467 5277 ῥαδίως
1498 5207 1887 5277 άποσυμϐήσε-

255 5316 410 5357 ται.
455 5296 565 5351 Καί
612 5312 743 5350 ποτε
788 5294 1139 5367 δικαιοσύνης
1178 5298 1271 5350 καὶ
1330 5298 1606 5366 άγιασμοῦ
1648 5299 1885 5370 ἔρημος,

1989 5120 2040 5175 id
2069 5135 2213 5176 esse.
2250 5119 2382 5186 Quae
2408 5133 2538 5175 vero
2569 5134 2675 5174 non
2708 5120 3029 5177 naturaliter
3054 5119 3215 5175 alicui
3251 5121 3457 5185 insunt,
3484 5120 3581 5176 sed

1985 5210 2324 5265 extrinsecus
2349 5210 2631 5275 accidunt,
2656 5208 2819 5265 facile
2842 5212 3005 5265 etiam
3034 5221 3260 5280 possunt
3295 5226 3402 5266 non
3434 5212 3580 5265 acci-

1983 5300 2132 5355 dere.
2159 5300 2424 5371 Atqueita
2460 5301 2773 5371 aliquando,
2795 5300 2954 5371 juxta
2980 5313 3217 5358 vestram
3241 5304 3578 5373 opinionem,

255 5388 423 5447 καθ’
459 5387 627 5457 ὑμᾶς,
651 5387 682 5441 ὁ
710 5385 807 5440 τοῦ
832 5385 970 5439 Θεοῦ
1002 5386 1177 5454 Λόγος
1214 5390 1483 5455 φανεῖται,
1514 5390 1542 5442 ὁ
1570 5388 1764 5457 λέγων·
1785 5408 1802 5441 ι
1827 5389 1882 5443 '0

1994 5392 2192 5461 iustitia
2214 5402 2270 5447 ct
2293 5391 2725 5447 sanctiﬁcatione
2774 5404 3010 5463 vacuum
3044 5395 3152 5449 erit
3178 5394 3271 5448 Dei
3306 5392 3572 5460 Verbum,

255 5475 564 5551 ἑωρακὼς
610 5475 750 5547 ἐμὲ,
795 5474 1011 5548 ἑώρακε
1070 5476 1165 5529 τὸν
1216 5478 1457 5550 Πατέρα.
1496 5497 1514 5531 ι
1565 5480 1881 5548 Φθανούσης

253 5567 594 5640 τοιγαροῦν
659 5570 755 5622 καὶ
809 5570 889 5634 είς
945 5568 1109 5622 αὐτὸν
1173 5569 1272 5640 ήδη
1330 5570 1423 5623 τὸν
1493 5571 1716 5642 Πατέρα
1782 5576 1881 5643 τῆς

250 5660 649 5732 δυσφημίας,
687 5661 1054 5731 παραιτητέον
1090 5658 1199 5743 τῶν
1242 5662 1630 5733 χριστομάχων
1659 5664 1758 5733 τὴν
1784 5682 1879 5719 κα-

253 5755 539 5813 κόνοιαν.

1987 5484 2131 5551 quod
2156 5483 2222 5539 de
2246 5498 2305 5539 ae
2326 5484 2489 5539 dicit:
2517 5501 2537 5535 ι
2565 5483 2666 5551 Qui
2693 5478 2832 5540 vidlt'
2853 5499 2960 5550 me,
2985 5486 3189 5541 viditet
3217 5484 3435 5541 Patrem
3461 5484 3524 5539 δ’.
3556 5505 3577 5539 ι

1986 5571 2121 5627 Cum
2160 5573 2323 5643 igitur
2347 5574 2416 5629 ad
2445 5574 2666 5631 Patrem
2698 5575 2873 5647 ipsum
2900 5576 3017 5633 haec
3045 5577 3378 5647 blasphemia
3406 5578 3583 5648 perti-

1987 5674 2134 5729 neat,
2168 5664 2483 5733 detestanda
2526 5666 2721 5725 merito
2753 5675 2837 5735 est
2881 5668 2999 5725 haec
3054 5668 3307 5724 immanis
3343 5669 3581 5725 hostium

1984 5755 2185 5812 Christi
2208 5761 2556 5828 perversitas.

304 5932 369 5967 “
413 5930 557 5987 Psal.
598 5945 784 5998 um,
818 5929 882 5998 6;
914 5928 1068 5985 Joan.
1106 5946 1155 5999 ι,
1189 5930 1277 5985 54.
1357 5931 1402 5963 ⁸⁸
1431 5930 1587 5987 Joan.
1620 5949 1726 6001 xiv,
1760 5934 1813 5991 6.
1892 5935 1933 5966 ⁸⁷
1965 5934 2118 5989 Joan.
2153 5951 2261 6000 xw,
2294 5938 2347 5993 9.
