4024 6530
532 456 633 513 3‘27
1544 449 1603 503 S.
1649 445 1923 503 CYBILLI
1960 443 2068 499 ALI

2172 442 2421 498 lNDRINI
2465 443 2776 498 ARCHIEP.
3651 449 3758 506 ω

1194 567 1420 623 ALIUD.

592 685 671 740 Ne
700 685 872 739 sacris
909 681 1204 752 Scripturis
1259 682 1427 750 legem
1478 680 1741 748 imponas,
1780 678 2031 733 haretice
2074 696 2085 728 :

524 790 679 830 nemo
713 790 840 829 vero
874 775 942 828 ita
991 782 1181 827 emota:
1215 772 1410 826 mentis
1448 770 1572 833 erit,
1607 779 1665 821 ut
1704 784 1822 822 cum
1861 766 2091 837 Spiritus

522 874 745 921 sanctus
796 865 896 919 alia
946 862 1197 933 praedicet
1241 859 1307 914 de
1357 858 1525 923 Filio,
1581 857 1689 911 tuis
1744 856 2090 910 cavillatoriis

519 954 948 1025 expositionibus
970 950 1146 1021 potius
1175 962 1333 1017 quam
1366 946 1439 1001 illi
1473 946 1629 1001 (idem
1658 945 1923 999 adhibeat.
1962 943 2086 1012 Spi-

520 1046 660 1100 ritus
709 1045 872 1114 igitur
914 1050 1132 1096 sanctus
1170 1037 1399 1108 appellat
1446 1037 1641 1091 Filium
1693 1034 1920 1089 Verbum
1970 1052 1982 1087 :
2032 1044 2084 1087 tu

517 1149 650 1191 vero
684 1150 785 1188 non
830 1133 1081 1196 Verbum,
1115 1132 1207 1184 sed
1237 1128 1394 1183 Verbi
1428 1127 1741 1196 participem
1774 1140 1894 1179 cum
1930 1125 2081 1179 facis.

516 1224 649 1279 Nam
698 1226 741 1279 si
787 1225 987 1279 idcirco
1016 1222 1187 1294 ipsum
1222 1219 1355 1274 dicis
1388 1228 1634 1271 vocatum
1673 1214 1927 1281 Verbum,
1958 1216 2081 1283 quia

515 1319 567 1372 id
600 1318 740 1386 quod
796 1317 943 1370 audit
982 1330 1010 1366 a
1060 1313 1238 1377 Patre,
1283 1310 1437 1364 nobis
1482 1310 1785 1372 annuntiat,
1818 1307 2084 1375 quomodo

513 1424 619 1462 non
644 1408 875 1461 delirare
904 1402 1216 1461 censearis?
1242 1402 1339 1467 Qui
1373 1400 1516 1453 enim
1547 1400 1665 1453 talis
1698 1407 1798 1461 est,
1834 1412 1936 1452 non
1964 1412 2080 1449 am-

512 1498 650 1567 plius
684 1496 937 1560 Verbum,
968 1496 1061 1550 sed
1100 1493 1254 1547 Verbi
1280 1492 1547 1561 particeps
1582 1500 1663 1543 est
1691 1508 1702 1541 :
1744 1504 1913 1557 neque
1935 1489 2079 1542 enim

514 1588 655 1641 idem
684 1602 778 1656 per
807 1600 865 1639 se
890 1586 1050 1645 fuerit
1077 1584 1344 1652 particeps
1371 1590 1424 1637 et
1455 1581 1852 1648 participatum.
1890 1579 2080 1631 Exem-

511 1678 582 1747 pli
634 1678 827 1747 gratia,
886 1677 1030 1730 aliud
1080 1686 1162 1730 est
1205 1674 1489 1742 sapientia,
1542 1671 1683 1725 aliud
1728 1672 1943 1739 sapiens
1988 1671 2078 1737 qui

508 1769 786 1839 sapientia:
834 1769 1102 1838 particeps
1150 1776 1262 1830 est;
1318 1765 1465 1819 aliud
1520 1757 1895 1833 grammatica,
1935 1762 2077 1816 aliud

506 1860 893 1927 grammaticus
925 1872 939 1910 :
990 1857 1219 1912 alterum
1255 1860 1398 1910 enim
1431 1865 1514 1909 est
1548 1869 1631 1909 res
1669 1856 1803 1921 ipsa,
1849 1855 2075 1909 alterum

504 1949 596 2018 qui
637 1949 712 2003 rei
755 1948 894 2001 illius
928 1948 1203 2017 particeps
1238 1955 1341 2001 est.
1376 1944 1749 2000 Necessarium
1784 1944 1945 2013 igitur
1974 1952 2075 2009 est,

503 2049 598 2094 aut
624 2038 857 2093 Verbum
905 2052 1033 2092 esse
1078 2038 1260 2099 fateri,
1292 2047 1347 2090 et
1394 2052 1497 2090 non
1535 2036 1692 2090 Verbi
1720 2036 2031 2103 participem
2064 2055 2075 2088 :

504 2140 601 2183 aut
627 2130 672 2183 si
701 2130 971 2198 particeps
997 2139 1079 2183 est
1114 2128 1297 2191 Verbi,
1330 2143 1433 2183 nou
1467 2128 1569 2193 iam
1606 2126 1834 2180 Verbum
1865 2140 2075 2180 vocare.

503 2218 637 2272 Nam
668 2230 956 2287 utrumque
1000 2219 1160 2273 simul
1204 2227 1445 2285 respectu
1490 2218 1572 2271 sui
1619 2218 1790 2283 ipsius
1817 2229 1936 2269 esse
1973 2231 2075 2269 non

2866 563 3065 615 ΑΛΛΟ.

2262 678 2371 730 Οὐκ
2399 676 2896 746 ἑπινομοθετήσεις,
2946 668 2991 728 ὦ
3038 676 3390 745 χριστομάχε,
3428 676 3543 739 ταῖς
3583 674 3755 741 θείαις

2195 770 2233 820 Γ
2238 772 2469 839 ραφαῖς·
2520 768 2626 821 οὐδ’
2657 768 2722 821 ἂν
2749 766 2958 835 γένοιτό
2996 783 3079 828 τις
3111 766 3327 837 ἔκφρων
3366 766 3639 830 τοσοῦτον.
3676 768 3755 831 ὡς

2189 860 2352 931 ιτερα
2386 861 2634 927 λέγοντος
2662 858 2755 912 τοῦ
2786 859 2931 914 θείου
2969 858 3279 927 [Ινεύματος
3310 856 3439 929 περὶ
3472 857 3566 911 τοῦ
3598 858 3754 921 Υίοῦ,

2187 953 2299 1013 τοῖς
2332 953 2440 1015 σοῖς
2485 949 2764 1003 πείθεσθαι
2792 950 2962 1013 νόθοις
2988 950 3283 1019 σοφίσμασι
3310 949 3531 1019 μᾶλλον,
3552 951 3646 1002 καὶ
3675 949 3755 1020 μὴ

2187 1042 2378 1111 ἑκείνῳ
2425 1041 2736 1111 προσέχειν.
2801 1042 2971 1107 Λόγον
3016 1039 3302 1110 τοιγαροῦν
3357 1040 3609 1109 ὀνομάζει
3658 1041 3754 1094 τὸν

2187 1130 2315 1183 Υίὸν
2347 1130 2407 1183 τὸ
2438 1131 2660 1200 Πνεῦμα
2683 1130 2744 1183 τὸ
2768 1130 2921 1197 άγιον
2941 1145 2954 1159 ·
2999 1128 3158 1192 αὐτὸς
3190 1130 3243 1182 δὲ
3278 1130 3336 1182 οὐ
3363 1130 3533 1197 Λόγον
3565 1130 3752 1199 εἰσφέ-

2185 1237 2321 1290 ρεις,
2350 1221 2487 1273 ἀλλὰ
2526 1222 2699 1288 Λόγου
2734 1220 2976 1290 μέτοχον.
3008 1221 3070 1273 El
3101 1220 3209 1289 γάρ
3239 1220 3326 1273 διὰ
3351 1220 3511 1273 τοῦτο
3554 1221 3755 1290 κεκλῆς

2185 1310 2307 1363 σθαι
2357 1311 2459 1379 φὴς
2510 1312 2670 1363 αὑτὸν
2719 1312 2910 1378 Λόγον,
2965 1311 3261 1381 ἐπειδήπερ
3310 1312 3468 1377 λόγον
3510 1311 3753 1374 ἀκούσας

2182 1397 2333 1468 παρὰ
2365 1398 2457 1451 τοῦ
2490 1400 2719 1471 Πατρὸς,
2756 1401 2941 1453 τοῦτον
2983 1403 3061 1463 είς
3091 1402 3238 1471 ἡμᾶς
3279 1401 3585 1472 ἐξήγγειλε,
3632 1401 3752 1464 πῶς

2178 1490 2280 1558 οὐχ
2307 1489 2579 1561 εὑρεθήσῃ
2611 1491 2902 1559 ληρῶν;”υ
2922 1492 3031 1562 γάρ
3062 1492 3302 1555 τοιοῦτος
3350 1493 3534 1545 οὐκέτι
3576 1491 3752 1559 Λόγος

2180 1582 2349 1643 ἐστὶν,
2398 1581 2536 1634 άλλά
2577 1583 2749 1649 Λόγου
2800 1583 3050 1652 μέτοχος·
3093 1583 3153 1635 οὗ
3194 1581 3302 1653 γάρ
3335 1583 3401 1637 ἂν
3435 1583 3521 1654 εἵη
3553 1581 3753 1637 ταυτὸν

2178 1670 2255 1735 ὡς
2286 1673 2421 1743 πρὸς
2455 1674 2610 1726 ἑαυτὸ
2642 1674 2704 1725 τὸ
2756 1675 2977 1744 μέτοχόν
3023 1690 3168 1737 τινος
3219 1676 3313 1729 καὶ
3366 1676 3748 1745 μετεχόμενον.

2180 1762 2305 1819 Οίον
2352 1768 2484 1838 φέρε
2515 1769 2710 1832 εἰπεῖν,
2758 1768 2790 1837 ἡ
2827 1767 2988 1835 σοφία
3025 1768 3160 1837 πρὸς
3188 1768 3278 1819 τὸν
3309 1768 3471 1835 σοφὸν
3498 1768 3591 1819 τὸν
3622 1783 3752 1836 μετ-

2108 1896 2151 1955 B
2180 1856 2370 1926 έχοντα
2414 1857 2580 1926 αὐτῆς
2606 1898 2618 1919 ,
2655 1857 2773 1909 οὐδὲ
2802 1859 2834 1925 ἡ
2873 1857 3231 1928 γραμματικὴ
3267 1856 3404 1925 πρὸς
3442 1856 3534 1910 τὸν
3564 1873 3749 1925 γραμ-

2185 1947 2411 2015 ματικὸν
2442 1947 2531 2014 τὸν
2556 1947 2852 2015 μετέχοντα
2876 1947 3298 2017 αὑτῆς.”Ετερον
3315 1948 3421 2016 γάρ
3446 1965 3498 1999 τι
3520 1950 3751 2017 πρᾶγμα

2182 2038 2273 2090 καὶ
2301 2038 2487 2107 ἕτερόν
2517 2039 2682 2090 ἐστιν.
2726 2038 2960 2107 ’Λνάγκη
2988 2037 3166 2096 ¹ιοίνυν
3194 2037 3226 2107 ἢ
3260 2038 3431 2103 Λόγον
3465 2037 3750 2105 ὁμολογεῖν

2180 2128 2273 2180 καὶ
2302 2129 2361 2179 οὐ
2390 2128 2560 2195 Λόγου
2604 2128 2859 2199 μέτοχον·
2895 2128 2926 2199 ἢ
2962 2130 3008 2181 si
3048 2129 3264 2199 μετέχει
3298 2129 3471 2195 Λόγου
3492 2169 3507 2193 ,
3549 2128 3749 2197 μηκέτι

2180 2220 2349 2287 Λόγον
2392 2219 2697 2288 ὀνομάζειν.
2756 2220 2991 2289 ’Λναιριῖ
3031 2218 3139 2289 γάρ
3184 2218 3340 2271 τοῦτο
3386 2220 3581 2271 ἐκεῖνο.
3639 2218 3753 2271 Καὶ

503 2318 699 2379 potest.
758 2309 1026 2377 Planeque
1082 2322 1299 2361 necesse
1360 2318 1462 2369 est,
1522 2317 1577 2359 ut
1625 2306 1790 2360 Filius
1848 2307 2068 2360 alterum

2172 2308 2365 2375 ἐκείνῳ
2396 2308 2553 2360 τοῦτο
2588 2309 2839 2378 μάχεται,
2893 2310 2983 2363 καί
3010 2308 3089 2359 δεῖ
3117 2308 3331 2369 πάντως
3363 2307 3421 2359 ἓν
3447 2324 3498 2359 τι
3531 2306 3642 2358 τῶν
3675 2309 3751 2358 εί-

503 2402 693 2454 horum
727 2401 797 2455 sit
844 2418 858 2453 :
888 2407 1178 2468 utrumque
1210 2413 1337 2453 vero
1377 2411 1736 2466 nequaquam.
1781 2394 1916 2450 Cum
1949 2409 2076 2450 vero

500 2491 683 2545 divina
727 2489 1006 2557 Scriptura
1045 2490 1214 2559 ipsum
1266 2487 1496 2559 appellet
1543 2486 1813 2552 Verbum,
1861 2486 2072 2541 valeant

504 2580 585 2633 illi
628 2581 717 2649 qui
756 2580 927 2649 ipsum
972 2594 1077 2633 non
1120 2578 1379 2641 Verbum,
1412 2579 1504 2631 sed
1557 2577 1710 2631 Verbi
1759 2579 2071 2645 participem

497 2686 625 2726 esse
660 2672 865 2727 volunt.

852 2795 1430 2895 ASSERTIO
1502 2798 1713 2883 XX.

501 2944 661 3017 ιω
703 2945 794 3017 ιη)
814 2945 947 3017 illud
977 2960 1001 3017 :_
1035 2962 1053 2996 ι
1082 2942 1341 3017 Sustinuit
1376 2958 1582 3017 crucem
1611 2941 1901 3017 ignominia
1946 2958 2068 3017 con-

567 3012 757 3083 ῖεῆιριιι
785 3014 853 3077 ⁸³,
900 3015 1093 3083 idcirco
1118 3024 1165 3066 et
1192 3012 1333 3068 Deus
1358 3012 1602 3066 exultavit
1636 3012 1807 3083 illum,
1848 3021 1893 3063 et
1924 3012 2066 3065 dedit

567 3086 616 3139 ei
648 3078 853 3146 nomen,
886 3082 1023 3155 quod
1050 3092 1124 3136 est
1148 3098 1303 3150 super
1332 3096 1479 3134 omne
1502 3095 1684 3134 nomen
1713 3078 1777 3131 δ’.
1814 3097 1831 3130 ι

951 3192 1180 3263 Objectio
1226 3192 1607 3246 haereticorum.

566 3304 840 3374 Scriptum
873 3313 976 3370 est,
1013 3303 1266 3373 inquiunt
1296 3320 1308 3355 :
1350 3320 1368 3353 s
1398 3301 1639 3370 Cogitate
1666 3301 1768 3356 hoc
1795 3302 1984 3371 singuli
2012 3303 2061 3356 in

496 3392 669 3457 vobis,
702 3391 913 3457 fratres,
932 3392 1071 3459 quod
1088 3400 1141 3445 et
1172 3391 1224 3444 in
1255 3388 1473 3444 Christo
1494 3388 1636 3455 Jesn,
1660 3391 1748 3459 qui
1774 3406 1892 3443 cum
1923 3401 2064 3445 esset

500 3482 553 3536 in
589 3482 757 3535 forma
796 3480 908 3544 Dei,
948 3495 1051 3533 uon
1094 3482 1334 3548 rapinam
1382 3481 1679 3538 arbitratus
1724 3490 1808 3535 est
1842 3496 1901 3534 se
1942 3497 2064 3537 esse

496 3572 753 3641 aqualem
782 3570 925 3634 Deo;
964 3589 981 3621 ι
1015 3584 1183 3638 usque
1214 3585 1277 3624 eo
1305 3585 1317 3622 :
1355 3588 1372 3619 ι
1404 3568 1526 3624 ideo
1552 3580 1608 3625 et
1644 3572 1780 3625 Deus
1809 3572 2066 3627 eaaltavit

495 3662 666 3726 illum,
697 3673 748 3716 et
778 3662 921 3716 dedit
962 3662 1009 3715 ei
1056 3663 1251 3715 nomen
1291 3660 1433 3729 quod
1466 3672 1548 3714 est
1582 3676 1741 3730 super
1777 3677 1936 3719 omne
1967 3676 2063 3717 no-

495 3772 616 3810 men
636 3756 703 3808 ".
726 3773 743 3807 ι
770 3756 823 3810 Si
854 3769 981 3824 ergo
1002 3755 1269 3809 exaltatus
1293 3760 1378 3807 est
1406 3768 1436 3806 a
1470 3751 1600 3817 Deo,
1629 3761 1682 3808 et
1707 3752 2059 3823 gloriﬁcatus,

494 3860 559 3899 ac
586 3844 745 3899 veluti
800 3860 895 3913 per
938 3846 1163 3913 gratiam
1213 3844 1418 3910 accepit
1451 3856 1640 3897 nomen
1692 3857 1854 3912 super
1896 3858 2060 3899 omne

493 3950 714 3997 nomen,
745 3934 867 4001 quia
914 3934 1213 3987 humiliavit
1240 3934 1474 4001 seipsum
1497 3948 1665 4000 usque
1701 3934 1766 3986 ad
1801 3943 2057 3987 mortem:

491 4038 621 4093 ergo
652 4025 909 4076 honorem
938 4022 1076 4076 hunc
1096 4032 1149 4077 et
1173 4038 1365 4076 nomen
1384 4037 1542 4090 super
1558 4023 1736 4077 omnia
1762 4024 2059 4077 mercedem

494 4129 606 4169 suae
636 4113 958 4167 humilitatis
986 4114 1211 4181 accepit,
1248 4128 1353 4166 non
1390 4123 1581 4166 natura
1625 4114 1893 4167 exsistens
1923 4114 2061 4169 Deus

491 4210 585 4256 aut
615 4201 801 4267 Filius,
848 4202 941 4256 sed
988 4202 1299 4257 accessione
1329 4203 1561 4271 quadam
1611 4204 1661 4256 id
1707 4202 1947 4258 eﬂ‘ectus.
2004 4205 2058 4258 id

489 4307 622 4349 vero
648 4293 790 4362 quod
818 4292 1125 4360 adiectione
1149 4294 1327 4363 aliqua
1359 4302 1498 4361 eget,
1543 4292 1917 4363 imperfectum
1955 4305 2057 4359 est,

491 4397 667 4452 neque
698 4384 749 4436 in
785 4397 881 4436 sua
912 4392 1102 4437 natura
1135 4386 1435 4440 absolutum
1467 4394 1629 4454 atque
1668 4387 1973 4453 integrum;
2006 4398 2060 4442 et

492 4473 635 4543 quod
663 4481 959 4526 exaltatum
996 4474 1282 4541 aliquando
1318 4474 1435 4540 fuit,
1465 4490 1685 4529 necesse
1710 4488 1795 4530 est
1821 4492 1883 4531 ex
1918 4479 2055 4532 infe-

2181 2399 2429 2469 ρημένων
2474 2400 2739 2469 ὑπάρχειν
2766 2399 2857 2451 τὸν
2887 2398 3013 2455 Υίόν
3036 2416 3047 2428 ·
3077 2399 3360 2469 ἀμφότερα
3388 2398 3445 2450 δὲ
3470 2398 3747 2467 οὐδαμῶς.

2177 2489 2347 2555 Λόγον
2377 2489 2431 2541 δὲ
2464 2489 2626 2541 αὑτὸν
2654 2488 3026 2561 όνομαζούσης
3056 2491 3152 2557 τῆς
3186 2489 3335 2551 θείας
3370 2489 3619 2559 Γραφῆς,
3652 2491 3747 2559 ep-

2174 2576 2379 2645 ρὧθαι
2406 2578 2703 2648 φράσωμεν
2727 2579 2949 2642 εἰκότως
2977 2581 3087 2641 τοῖς
3117 2580 3461 2649 εἰσφέρουσιν
3496 2580 3661 2634 αὑτὸν
3684 2580 3747 2631 οὐ

2172 2670 2365 2738 Λόγον,
2399 2670 2535 2723 ἀλλὰ
2560 2670 2730 2740 Λόγου
2761 2672 3006 2741 μέτοχον.

2677 2793 3041 2878 ΛΟΓΟΣ
3114 2793 3234 2877 Κ’.

2168 2944 2272 3007 Εἰς
2301 2945 2390 3019 τὸ,
2423 2964 2441 2997 ι
2485 2947 2779 3019 Ύπέμεινε
2809 2951 3073 3019 σταυρὸν
3108 2952 3406 3019 αἰσχύνης
3446 2965 3744 3017 καταφρο-

2239 3014 2467 3087 νήσας,
2510 3014 2739 3071 διὸ’καὶ
2776 3022 2807 3071 ό
2840 3014 2981 3085 Θεὸξι
3009 3022 3193 3075 αὑτὸν
3214 3014 3613 3087 {irrepsi-ymo,—
3640 3014 3745 3073 ira!

2240 3083 2557 3152 ἐχαρίσατο
2578 3088 2737 3153 αὐτῷ
2762 3088 2829 3141 τὸ
2857 3083 3042 3158 ὄνομα
3072 3090 3135 3144 τὸ
3163 3090 3313 3157 ὑπὲρ
3334 3083 3472 3143 ’πᾶν
3494 3089 3699 3158 ὄνομα.
3717 3109 3737 3140 ι

2410 3197 2726 3265 Ἀντίθεσις
2753 3201 2832 3266 ὠς
2852 3201 2919 3255 ἐκ
2951 3200 3069 3257 τῶν
3092 3202 3165 3256 δι’
3200 3203 3500 3268 ἐναντίας.

2243 3304 2573 3375 Γέγραπται,
2628 3310 2818 3377 φασίν·
2858 3332 2875 3361 ι
2898 3312 3155 3365 Ἕκαστοι
3188 3312 3345 3365 τοῦτο
3394 3312 3640 3381 φρονεῖτε
3678 3310 3743 3363 ἐν

2173 3396 2319 3464 ὑμῖν,
2361 3398 2389 3449 ὃ
2424 3400 2516 3451 καὶ
2560 3403 2615 3453 ὲν
2648 3401 2867 3474 Χριστῷ
2925 3403 3130 3473 Ἰησοῦ,
3176 3404 3233 3467 ὃς
3274 3405 3331 3455 ὲν
3386 3406 3568 3473 μορφῇ
3598 3401 3741 3455 Θεοῦ

2171 3487 2452 3559 ὑπάρχων,
2480 3492 2575 3561 οὐχ
2606 3494 2897 3564 ἁρπαγμὸν
2930 3496 3172 3565 ἡγήσατο
3190 3494 3250 3547 τὸ
3278 3491 3415 3547 εἶναι
3446 3496 3535 3547 ῐσα
3559 3492 3735 3562 Θεῷοι

2169 3578 2272 3641 ἕως
2325 3579 2440 3644 τοῦ,
2497 3599 2517 3633 s
2546 3584 2635 3637 Διὸ
2668 3586 2762 3637 καὶ
2806 3588 2835 3637 ό
2875 3585 3005 3649 Θεὸς
3036 3585 3197 3640 αὐτὸν
3233 3585 3595 3655 ὑπερύψωσε,
3642 3586 3744 3637 καὶ

2168 3668 2457 3740 ἐχαρίσατο
2512 3673 2659 3743 αὑτῷ
2710 3674 2879 3745 ὄνομα
2930 3676 2991 3729 τὸ
3036 3677 3176 3746 ὑπὲρ
3226 3678 3333 3729 πᾶν
3376 3676 3567 3746 ὄνομα.
3605 3696 3623 3727 ι
3671 3676 3741 3728 ΕΞ

2168 3763 2344 3821 τοίνυν
2372 3764 2558 3836 ὑψώθη
2592 3767 2742 3837 παρὰ
2763 3767 2855 3823 τοῦ
2883 3767 3039 3829 Θεοῦ.
3073 3770 3167 3821 καὶ
3198 3766 3456 3836 ἐδοξάσθη
3480 3808 3493 3832 ,
3530 3768 3623 3821 καὶ
3660 3768 3745 3830 ὡς

2169 3854 2226 3905 ὲν
2277 3856 2614 3925 χαρίσματος
2653 3858 2808 3928 μέρει
2853 3858 2978 3928 ἔσχε
3028 3859 3089 3911 τὸ
3133 3859 3301 3928 θνομα
3338 3857 3397 3910 τὸ
3439 3858 3581 3929 ὑπὲρ
3623 3859 3743 3910 πᾶν

2167 3942 2355 4013 ὖνομα,
2404 3946 2484 3997 ὅτι
2530 3948 2889 4001 ἐταπείνωσεν
2922 3950 3114 4002 ἑαυτὸν
3150 3950 3309 4019 μέχρι
3339 3948 3570 4002 θανάτου
3592 3988 3606 4011 ,
3646 3968 3745 4018 μι-

2168 4033 2291 4086 σθὸν
2317 4033 2427 4103 ἔχει
2462 4035 2561 4105 τῆς
2586 4038 2963 4101 ταπεινώσεως
3004 4038 3303 4109 τὴνιτιμην
3341 4038 3434 4091 καὶ
3471 4039 3532 4090 τὸ
3560 4038 3742 4107 ὄνομα

2164 4123 2222 4175 τὸ
2269 4124 2409 4194 ὑπὲρ
2450 4128 2661 4181 πάντα·
2702 4128 2761 4180 οὐ
2791 4128 2950 4195 φύσει
2997 4128 3129 4191 Θεὸς
3156 4128 3232 4181 ὣν
3269 4130 3301 4199 ἢ
3344 4128 3491 4191 Υἱὸς,
3521 4129 3636 4181 ἀλλ’
3666 4130 3743 4181 ὲκ

2163 4213 2481 4284 προσθήκης
2510 4215 2681 4268 ταῦτα
2714 4218 3025 4287 γενόμενος.
3072 4218 3145 4271 Τὸ
3178 4219 3233 4271 δὲ
3270 4219 3585 4290 προσθήκης
3611 4220 3738 4273 556-

2166 4318 2343 4371 μενον,
2379 4305 2566 4367 ἀτελὲς
2596 4305 2661 4357 ἂν
2695 4306 2780 4376 εἴη
2829 4310 2921 4361 καὶ
2964 4307 3179 4372 ἐλλιπὲς
3226 4310 3348 4362 ὅσον
3386 4311 3465 4371 είς
3516 4312 3620 4381 τὴν
3647 4312 3741 4365 οἱ-

2162 4394 2315 4448 κείαν
2338 4395 2515 4463 φύσιν.
2541 4399 2652 4450 Καὶ
2672 4400 2731 4452 τὸ
2762 4401 3061 4471 ὐψούμενόν
3092 4417 3215 4466 που,
3238 4402 3481 4456 κάτωθεν
3510 4404 3741 4474 ἀνάγκη

2161 4483 2297 4552 πρὸς
2330 4484 2485 4537 τοῦτο
2520 4486 2873 4556 ἐπαίρεσθαι·
2909 4489 3002 4541 καὶ
3024 4490 3085 4543 τὸ
3115 4490 3272 4560 χάριν
3301 4490 3589 4561 δεχόμενον
3620 4493 3745 4547 δεῖ-

492 4563 636 4616 riore
663 4572 802 4616 statu
835 4576 899 4615 eo
924 4562 1193 4617 sublatum
1222 4579 1339 4618 esse
1372 4582 1385 4617 :
1418 4574 1472 4619 et
1496 4566 1637 4633 quod
1661 4568 1887 4635 gratiam
1916 4571 2059 4623 acci-

2172 4572 2286 4625 σθαι
2314 4573 2417 4645 χρὴ
2450 4575 2666 4641 πάντως
2698 4572 2758 4631 οὗ
2798 4579 3042 4648 δέχεται·
3094 4582 3188 4632 καὶ
3238 4581 3297 4632 τὸ
3338 4581 3600 4649 τιμᾶσθαι
3632 4582 3745 4652 {1}-

490 4655 592 4726 pit,
636 4667 697 4705 ea
752 4654 970 4704 omnino
1018 4654 1256 4723 indigeat
1305 4671 1319 4708 :
1366 4664 1418 4707 et
1452 4658 1541 4723 qui
1592 4658 1843 4711 honorari
1893 4661 2058 4729 cupit,

487 4752 701 4811 Oportet
738 4752 797 4795 ut
843 4743 963 4796 talis
1008 4758 1115 4797 non
1151 4744 1331 4809 luerit,
1379 4746 1550 4813 qualis
1578 4762 1695 4801 esse
1721 4750 1957 4818 optabat.
2002 4750 2058 4804 Si

490 4847 621 4900 ergo
652 4833 831 4886 datum
868 4842 949 4886 est
978 4834 1051 4887 illi
1082 4850 1274 4889 nomen
1305 4850 1465 4903 super
1487 4851 1646 4891 omne
1672 4854 1883 4904 nomen,
1912 4851 2058 4895 certe

490 4938 555 4976 ex
589 4932 777 4978 natura
804 4938 897 4975 sua
930 4924 1030 4977 hoc
1065 4940 1168 4978 non
1194 4934 1331 4990 erat,
1379 4928 1469 4980 sed
1501 4929 1780 4995 postmodo
1807 4944 1901 4997 per
1934 4946 2056 4997 gra-

492 5014 619 5069 tiam
648 5012 751 5067 hoe
784 5012 958 5068 {actus
991 5024 1091 5069 est.
1136 5016 1288 5082 Quod
1332 5033 1457 5071 vero
1492 5018 1562 5071 ita
1605 5034 1663 5073 se
1699 5019 1875 5085 habet,
1912 5019 2051 5075 Deus

489 5117 611 5158 esse
645 5119 747 5157 non
788 5114 998 5172 potest:
1035 5120 1225 5161 recens
1250 5107 1391 5161 enim
1422 5116 1527 5162 est.

797 5212 971 5267 Brevis
1001 5216 1154 5284 hujus
1194 5217 1500 5285 objectionis
1533 5218 1741 5271 solutio.

558 5321 869 5387 Qualisnam
911 5340 1036 5379 vero
1069 5329 1307 5382 accessio
1348 5330 1569 5384 honoris
1607 5330 1660 5384 in
1692 5346 1755 5385 eo
1796 5331 1934 5388 facta
1969 5344 2051 5390 est

489 5414 579 5483 qui
612 5428 729 5468 cum
754 5426 895 5469 esset
928 5416 979 5468 in
1014 5416 1183 5469 forma
1227 5420 1337 5483 Dei,
1382 5422 1521 5473 servi
1560 5421 1785 5475 formam
1836 5424 2049 5481 induit?

490 5506 558 5558 At
585 5509 855 5573 quomodo
884 5522 987 5561 non
1008 5510 1187 5576 potius
1208 5510 1509 5565 imminutio
1537 5514 1759 5567 dicenda
1787 5524 1888 5580 est,
1925 5532 2046 5571 cum

490 5592 675 5647 relicto
729 5595 949 5663 majore,
1006 5596 1055 5649 id
1110 5600 1248 5667 quod
1299 5601 1474 5654 minus
1529 5612 1611 5657 est
1659 5608 2047 5675 assumpserit?

560 5764 604 5796 “
635 5763 794 5821 Hebr.
828 5782 922 5837 xu,
950 5770 1003 5826 2.
1080 5772 1122 5803 "
1157 5772 1383 5843 Philipp.
1417 5790 1473 5835 ιι,
1515 5774 1566 5829 9.
1644 5777 1687 5807 ⁸ο
1714 5776 1841 5831 Ibid.
1872 5779 1989 5833 5-9.

2162 4664 2303 4730 τοῦν,
2329 4668 2426 4719 οὐκ
2454 4664 2593 4723 εἶναι
2632 4670 2869 4723 τοιοῦτον
2899 4672 3109 4741 ἀνάγκη
3139 4671 3334 4739 λέγειν,
3362 4673 3496 4742 ὅπερ
3526 4672 3589 4743 δὴ
3632 4674 3743 4726 καὶ

2159 4754 2407 4821 γενέσθαι
2458 4758 2722 4825 βούλεται.
2763 4759 2823 4810 Ei
2849 4755 2941 4811 οὖν
2975 4760 3236 4831 ἐχαρίσθη
3266 4760 3414 4830 αὐτῷ
3457 4762 3518 4813 τὸ
3556 4761 3745 4831 ὄνομα

2162 4845 2220 4895 τὸ
2248 4846 2386 4915 ὑπὲρ
2416 4849 2524 4899 πᾶν
2552 4848 2745 4917 όνομα,
2784 4848 2943 4918 φύσει
2973 4850 3072 4920 μὲν
3099 4850 3256 4903 τοῦτο
3281 4852 3380 4903 οὑκ
3408 4847 3495 4921 ἦν,
3531 4852 3744 4919 γέγονα

2159 4934 2215 4987 δὲ
2250 4936 2475 5008 ὕστερον
2507 4939 2646 4991 κατὰ
2696 4939 2853 5009 χάριν
2880 4957 2893 4970 ·
2928 4940 2989 4992 τὸ
3030 4940 3087 4993 δὲ
3124 4940 3296 5005 οὕτως
3328 4941 3470 5011 ἔχον,
3513 4943 3613 4996 οὐκ
3656 4943 3745 4998 ἂν

2157 5025 2243 5096 εἴη
2270 5027 2399 5090 Θεὸς
2419 5066 2431 5089 ,
2461 5028 2771 5097 πρόσφατον
2804 5031 2930 5100 γάρ.

2264 5227 2419 5296 Πρὸς
2459 5230 2641 5283 ταῦτα
2669 5232 2851 5297 λύσις
2888 5228 3109 5301 ἐφεξῆς
3138 5232 3218 5298 ὠς
3244 5233 3313 5285 ἐν
3344 5231 3615 5303 ἐπιτομῇ.

2226 5340 2336 5403 Καὶ
2368 5341 2493 5393 ποία
2518 5343 2706 5412 γέγονε
2733 5344 3018 5415 προσθήκη
3044 5345 3207 5414 τιμῆς
3239 5343 3315 5414 τῷ
3338 5345 3394 5396 ὲν
3416 5348 3599 5416 μορφῇ
3625 5347 3749 5416 μὲν

2157 5427 2452 5499 ὑπάρχοντι
2478 5430 2634 5496 Θεοῦ,
2664 5432 3006 5503 ἐνδυσαμένῳ
3031 5433 3087 5485 δὲ
3121 5434 3218 5504 τὴν
3245 5433 3338 5485 τοῦ
3372 5433 3563 5486 δούλου
3593 5451 3751 5505 μορ-

2156 5520 2293 5587 φήν;
2324 5520 2445 5583 Πῶς
2474 5522 2530 5574 δὲ
2556 5524 2753 5591 μᾶλλον
2783 5525 2880 5576 οὐκ
2903 5524 3243 5593 ὴλαττῶσθαι
3271 5522 3471 5590 δόξειεν
3495 5524 3583 5586 ἂν,
3604 5526 3631 5576 ό
3664 5528 3752 5581 τὸ

2157 5609 2337 5676 μεῖζον
2386 5613 2546 5680 ἀφεὶς
2581 5614 2674 5667 καὶ
2722 5614 2781 5668 τὸ
2834 5615 3050 5669 ἔλαττον
3085 5613 3395 5682 ἀναλαὸὡν;
3436 5614 3571 5679 Θεὸς
3619 5615 3752 5670 ὑπ·-
