4024 6518
332 473 435 530 329

1706 471 1750 525 Τ
1753 469 2147 529 ιιιεδιιυιιυε.

332 592 513 663 ἄρχων
537 589 763 659 γέγονεν
785 587 1095 658 ἄνθρωπος,
1126 586 1214 640 τνα
1235 590 1385 640 ποῖον
1415 586 1554 660 εὕρῃ
1580 586 1807 658 μισθόν;
1834 588 1903 641 Ἢ

2013 588 2152 641 Deus
2173 587 2439 641 essistens
2468 586 2646 640 factus
2664 594 2748 641 est
2774 586 2957 651 homo,
2976 583 3263 654 qualetune
3293 584 3598 639 mercedem

330 680 443 745 ,ἧς
465 678 727 749 ἐδοξάσθη
751 680 780 732 6
808 679 916 732 ἀπὸ
930 677 1089 749 δόξης
1114 680 1195 741 είς
1219 678 1447 749 ἀτιμίαν
1472 677 1901 748 καταϐεσηκώςς

328 770 452 834 Πῶς
484 772 541 825 δὲ
570 771 793 838 γέγονεν
837 768 1040 840 ὑψηλὸς
1092 770 1121 821 6
1162 768 1263 838 τῆς
1306 766 1561 838 θεότητος
1591 768 1653 821 τὸ
1687 766 1902 839 ἀξίωμα

329 861 626 932 ὑπεριδὼν,
659 860 754 912 καὶ
790 861 871 923 εἰς
903 858 1302 929 ἀνθρωπότητα
1343 859 1655 925 κατελθών;
1705 860 1830 925 Πῶς
1876 863 1905 914 6

326 951 622 1017 κατελθὼν,
654 951 877 1020 γέγονεν
920 950 1067 1013 dvo);
1114 950 1284 1004 Ποίαν
1315 950 1427 1021 ἔχει
1470 950 1752 1021 βελτίωσιν
1784 952 1814 1005 6
1845 952 1904 1003 ἑν

323 1044 573 1097 ιλάττοσι
606 1041 846 1111 γεγονὼς
872 1040 932 1105 ἐξ
959 1040 1292 1111 ἁμεινόνων;
1326 1042 1390 1094 Εἰ
1416 1040 1549 1105 Θεὸς
1574 1041 1649 1094 ὢν
1681 1041 1903 1113 ὕψιστος

322 1134 417 1188 καὶ
446 1135 504 1187 ὲν
542 1133 766 1202 ὑψηλοῖς
813 1132 1087 1184 κατοικῶν
1137 1130 1403 1201 ὑψοῦσθαι
1444 1131 1684 1201 λέγεται,
1719 1134 1814 1186 ποῖ
1847 1131 1904 1185 δὲ

321 1224 405 1279 ιτι
436 1224 577 1295 μετὰ
604 1222 700 1293 τὴν
731 1221 825 1275 τοῦ
850 1221 987 1276 Θεοῦ
1012 1220 1175 1290 φύσιν
1210 1221 1545 1292 ἀναϐήσεται
1570 1222 1632 1276 τὸ
1664 1221 1904 1293 ὑψοὺμε-

321 1300 455 1381 νονξ
487 1314 610 1378 Πῶς
635 1314 694 1367 δὲ
722 1309 788 1390 ἦν
817 1314 1076 1378 ταπεινὸς
1101 1314 1130 1367 6
1153 1315 1212 1369 ἐν
1240 1314 1462 1379 κόλποις
1481 1314 1557 1369 ὢν
1580 1314 1677 1369 τοῦ
1705 1313 1905 1387 ὑψηλο-

320 1410 484 1463 τάτου
517 1406 766 1478 Πατρός;
796 1405 961 1470 Ποίας
988 1406 1308 1477 προσθήκης
1328 1405 1499 1460 ἐδεῖτο
1527 1407 1690 1473 Θεός;
1724 1408 1789 1463 Εί
1813 1406 1902 1461 διὰ

319 1496 483 1553 τοῦτο
507 1496 906 1568 κατασέσηκιν,
926 1497 1013 1550 ἵνα
1034 1497 1128 1550 καὶ
1146 1498 1355 1570 ὑψωθῇ,
1373 1499 1458 1563 τίς
1480 1494 1548 1571 ἦν
1573 1500 1607 1569 ἡ
1628 1498 1786 1570 χρεία
1802 1499 1901 1569 τῆς

319 1588 711 1655 καταϐάσεωςς
748 1587 812 1641 Εί
841 1587 931 1641 διὰ
965 1587 1128 1643 τοῦτο
1156 1588 1525 1643 ἐταπείνωσεν
1557 1588 1773 1655 ἑαυτὸν,
1815 1589 1902 1643 ἵνα

319 1682 418 1735 καὶ
446 1679 703 1751 δοξασθῇ,
736 1679 820 1742 τίς
847 1676 918 1752 ἦν
943 1683 977 1752 ἡ
1009 1680 1169 1751 χρεία
1194 1680 1294 1751 τῆς
1326 1680 1742 1749 ταπεινώσεως
1775 1681 1902 1746 Πῶς

316 1774 387 1828 ἂν
405 1774 506 1827 οὑκ
532 1774 733 1843 ᾶσοφος
759 1774 788 1826 6
821 1773 960 1843 μετὰ
986 1774 1150 1827 πόνου
1176 1773 1376 1844 ζητῶν,
1406 1774 1435 1827 ὸ
1460 1776 1554 1829 καὶ
1568 1774 1694 1845 δίχα
1721 1769 1901 1829 πόνων

315 1863 467 1936 ἔχειν
500 1861 755 1928 ἐδύνατο;
800 1862 924 1925 Πῶς
969 1861 1129 1915 ἔλασε
1180 1862 1242 1916 τὸ
1288 1862 1459 1935 ὸνομα
1501 1865 1565 1917 τὸ
1608 1863 1748 1937 ὑπὲρ
1786 1865 1901 1918 πᾶν

314 1955 490 2026 ὸνομα
519 1955 548 2007 6
577 1953 869 2017 διαπαντὸς
900 1956 956 2007 ὲν
981 1954 1131 2025 αὐτῷ
1160 1955 1671 2027 προσκυνούμενος;

2014 677 2376 747 accepturus?
2425 678 2531 730 Aut
2582 678 2855 747 quomodo
2900 675 3235 746 gloriﬁcatus
3280 684 3365 729 est
3426 676 3518 744 qui
3569 692 3602 730 ε

2013 770 2184 838 gloria
2226 767 2294 822 ad
2349 769 2813 837 contemptibilem
2866 775 3065 822 statum
3126 765 3449 821 descendit?
3494 768 3604 822 Ant

2010 859 2284 936 quomodo
2324 858 2622 923 exaltatus,
2676 858 2767 927 qui
2827 872 2858 912 e
2923 858 3223 912 divinitatis
3265 855 3489 933 {astig‘io
3536 860 3602 913 ad

2014 950 2407 1005 humanitatem
2454 965 2513 1005 se
2556 950 2811 1005 demisit?
2840 948 3122 1016 Quomodo
3151 960 3330 1005 autem
3360 950 3459 1018 qui
3502 948 3601 1003 de-

2011 1042 2242 1104 scendit,
2289 1051 2508 1096 evectus
2556 1041 2681 1096 est?
2728 1044 2837 1096 Aut
2880 1057 2986 1111 quo
3019 1053 3182 1112 pacto
3235 1041 3427 1096 melior
3460 1041 3602 1095 illius

2011 1132 2250 1187 conditio
2278 1140 2364 1186 est
2386 1130 2598 1195 eli‘ecta,
2635 1131 2727 1202 qui
2763 1131 2929 1186 veluti
2965 1146 2995 1185 e
3031 1129 3330 1200 majoribus
3361 1141 3418 1185 et
3470 1146 3598 1200 pne

2010 1221 2371 1278 stantieribus
2413 1223 2479 1277 ad
2515 1222 2727 1277 minora
2765 1221 3032 1277 devenit?
3064 1220 3120 1276 Si
3174 1221 3319 1276 Deus
3353 1237 3476 1276 cum
3533 1224 3599 1275 sit

2010 1312 2331 1381 altissimus,
2360 1311 2497 1369 etin
2543 1310 2776 1367 excelsis
2803 1310 3077 1376 habitans,
3120 1310 3350 1366 exaltari
3382 1309 3601 1369 dicitur.

2010 1415 2244 1470 quonam
2282 1403 2420 1456 ultra
2457 1400 2552 1457 Dei
2594 1408 2843 1456 naturam
2892 1400 2946 1456 id
2979 1403 3123 1470 quod
3161 1403 3434 1455 exztltatur
3466 1413 3602 1455 con-

2009 1496 2275 1551 scendet?
2300 1496 2408 1550 Aut
2434 1496 2704 1566 quomodo
2736 1494 2953 1551 humilis
2985 1504 3125 1559 erat,
3170 1496 3225 1549 in
3258 1496 3380 1551 sinu
3422 1492 3603 1549 excel-

2008 1588 2211 1645 sissimi
2246 1586 2426 1643 Patris
2470 1588 2784 1643 exsistens?
2814 1588 2922 1642 Aut
2968 1603 3075 1658 qua
3124 1586 3441 1642 accessione
3485 1587 3603 1640 sive

2010 1679 2349 1735 incremento
2383 1680 2662 1750 indigebat
2692 1678 2875 1734 Deus?
2908 1678 2965 1734 Si
2997 1678 3203 1734 idcirco
3232 1675 3516 1733 descendit
3544 1687 3604 1731 ut

2008 1772 2363 1836 exaltaretur,
2402 1774 2531 1843 quid
2560 1781 2677 1827 erat
2722 1787 2859 1841 opus
2895 1771 3204 1827 descensu?
3256 1769 3312 1824 Si
3353 1770 3473 1825 ideo
3511 1784 3603 1825 se-

2008 1864 2187 1933 ipsum
2235 1863 2559 1929 humiliavit,
2598 1872 2657 1917 ιιι
2689 1862 3109 1932 gloriﬁcaretur,
3141 1860 3300 1933 195
3321 1862 3449 1931 quid
3483 1869 3604 1916 erat

1927 1955 1969 2009 Β
1997 1970 2132 2024 opus
2163 1955 2581 2011 liumiliatione?
2605 1966 2698 2010 aut
2730 1957 3005 2025 quomodo
3042 1971 3147 2010 non
3196 1956 3270 2010 sit
3296 1952 3603 2008 censendus

314 2050 583 2122 insipiens
612 2052 701 2121 qui
744 2051 798 2105 id
828 2066 1020 2119 magno
1056 2066 1179 2106 cum
1223 2051 1408 2107 labore
1441 2053 1657 2122 quaerit,
1695 2052 1837 2123 quod
1878 2053 2011 2106 citra
2053 2050 2288 2106 laborem
2330 2052 2533 2107 habere
2593 2051 2813 2122 potest?
2847 2052 2917 2107 At
2948 2052 3217 2121 quomodo
3257 2052 3465 2120 accepit
3500 2064 3600 2103 no-

314 2161 444 2201 men
483 2149 626 2216 quod
660 2155 743 2200 est
774 2158 938 2214 super
972 2158 1134 2200 omne
1157 2160 1375 2211 nomen,
1412 2146 1503 2214 qui
1533 2160 1749 2217 semper
1774 2147 1828 2201 in
1854 2147 1970 2216 ipso
1994 2156 2079 2201 est
2116 2146 2412 2202 adoratus?

739 2259 935 2329 Ῥητὰ,
966 2259 1058 2313 ὅτι
1088 2261 1231 2327 Θεὸς
1261 2264 1294 2315 ό
1338 2261 1494 2329 Υἱός.

396 2390 416 2423 ι
451 2371 513 2424 '0
542 2369 674 2433 Θεὸς
699 2372 757 2423 ὲν
776 2369 856 2440 τῷ
878 2368 1103 2439 ὀνόματί
1128 2372 1405 2428 σουσῶσόν
1425 2387 1546 2444 με’»
1572 2371 1685 2434 καὶ,
1705 2371 1901 2441 ιΠροσ-

313 2462 716 2534 κυνησάτωσαν
756 2461 834 2532 τῷ
866 2462 1090 2532 ὀνόματί
1123 2477 1239 2528 σου,
1278 2462 1482 2534 Κύριε,
1526 2462 1609 2537 τῷ
1655 2464 1896 2535 μεγάλῳ.

313 2553 434 2623 Πρὸ
464 2551 557 2604 τοῦ
591 2551 743 2621 ἡλίου
774 2551 1020 2621 διαμένει
1056 2552 1120 2604 τὸ
1148 2551 1321 2622 ὄνομα
1358 2550 1547 2604 αὑτοῦ.
1580 2552 1709 2603 Δότε
1739 2551 1900 2617 δόξαν

310 2643 548 2713 ὀνόματι
579 2641 766 2695 αὑτοῦ.
790 2637 949 2696 Οὗτοι
978 2643 1036 2694 ὲν
1069 2642 1279 2713 ἅρμασι
1311 2642 1402 2694 καὶ
1423 2637 1570 2696 οὗτοι
1602 2644 1660 2695 ὲν
1687 2643 1896 2708 ῐπποις,

311 2738 481 2806 ἡμεῖς
536 2733 593 2787 δὲ
647 2736 706 2787 ὲν
770 2733 997 2804 ὀνόματι
1054 2732 1263 2803 Κυρίου
1324 2732 1460 2786 Θεοῦ
1515 2734 1673 2804 ἡμῶν
1724 2750 1898 2805 μεγα-

308 2824 723 2897 λυνθησόμεθα.
759 2844 777 2876 ι
844 2824 970 2889 Πῶς
1023 2820 1116 2879 οῦν
1160 2823 1386 2889 ἐλαϐεν,
1435 2825 1573 2895 ὅπερ
1620 2824 1759 2897 ἔχων
1811 2826 1899 2881 ἀεὶ

308 2922 575 2990 φαίνεται
594 2935 612 2986 ;

898 3033 1087 3100 Λύσις
1122 3033 1312 3103 ἑτέρα.

392 3175 456 3227 Ei
488 3191 505 3223 t
536 3174 593 3226 ὲν
625 3171 766 3242 ἀρχῇ
794 3164 862 3242 ἧν
890 3171 919 3222 6
940 3169 1133 3237 Λόγος,
1168 3170 1263 3223 καί
1286 3168 1417 3232 Θεὸς
1443 3164 1512 3240 ἦν
1535 3171 1563 3221 6
1592 3170 1787 3239 Λόγος,
1804 3171 1900 3225 καὶ

304 3261 385 3337 ἦν
431 3266 493 3317 ἐν
540 3263 681 3334 ἀρχῇ
720 3260 855 3331 πρὸς
893 3260 984 3313 τὸν
1019 3259 1174 3323 Θεὸν,
1210 3278 1229 3311 ι
1285 3257 1513 3329 ὕστερον
1560 3258 1617 3310 ὸὲ
1659 3258 1750 3312 διὰ
1799 3258 1900 3329 τὴν

304 3354 595 3427 ἡμετέραν
617 3351 893 3424 σωτηρίαν
912 3350 1279 3404 ἐταπείνωσεν
1306 3350 1521 3411 ἑαυτὸν,
1543 3350 1633 3402 διὰ
1660 3366 1718 3402 τε
1740 3350 1900 3402 τοῦτο

305 3443 592 3515 ὑψοῦσθαι
622 3442 880 3510 λέγεται,
914 3441 1032 3504 ⁴πῶς
1074 3442 1174 3494 οὐκ
1208 3439 1359 3493 ἐσται
1391 3440 1554 3492 παντί
1581 3457 1659 3510 τῳ
1703 3440 1895 3508 σαφὲς,

2280 2263 2641 2318 Auctoritam
2674 2265 2813 2335 quod
2852 2260 3031 2318 Filius
3067 2263 3135 2318 sit
3174 2263 3337 2320 Deus.

2086 2390 2104 2423 ι
2132 2370 2292 2438 Deus,
2315 2372 2368 2427 in
2393 2374 2610 2429 nomine
2632 2384 2724 2430 tuo
2740 2374 2948 2430 salvum
2969 2389 3055 2431 me
3069 2374 3154 2431 l‘ac
3172 2377 3213 2408 "
3235 2394 3248 2443 ;
3273 2396 3292 2428 ι
3313 2386 3389 2440 et,
3414 2396 3434 2429 r
3456 2378 3598 2431 Αλο-

2012 2472 2133 2517 rent
2174 2478 2369 2517 nomen
2389 2473 2563 2530 tuum,
2590 2465 2842 2531 Domine,
2873 2481 3133 2537 magnum
3158 2469 3229 2524 ".
3251 2468 3396 2524 Ante
3427 2470 3599 2524 solem

2008 2566 2287 2623 permanet
2306 2569 2502 2611 nomen
2522 2557 2643 2626 ejus
2665 2557 2732 2611 ".
2763 2556 2895 2612 Date
2908 2558 3134 2630 gloriam
3154 2561 3358 2615 nomini
3388 2560 3506 2629 ejus
3530 2561 3598 2616 “.

2009 2643 2071 2699 Hi
2110 2646 2162 2699 iu
2190 2648 2443 2704 curribus
2474 2658 2531 2703 et
2559 2649 2614 2703 hi
2646 2650 2700 2703 in
2725 2650 2904 2719 equis,
2947 2664 3048 2706 nos
3078 2660 3259 2707 autem
3299 2652 3351 2707 in
3382 2655 3603 2711 nomine

2008 2734 2220 2792 Domini
2257 2738 2349 2795 Dei
2402 2741 2571 2795 nostri
2628 2742 3097 2810 magnilicabirnur
3128 2745 3196 2799 ".
3244 2765 3262 2795 ι
3313 2744 3601 2813 Quomodo

2007 2826 2173 2899 igitur
2199 2831 2409 2902 accepit
2444 2832 2587 2903 quod
2620 2848 2840 2905 semper
2879 2834 3137 2893 habuisse
3171 2839 3458 2895 cernitur?

2610 3033 2733 3088 Alia
2776 3036 2994 3092 solutio.

2079 3167 2136 3223 Si
2160 3186 2179 3220 ι
2204 3168 2438 3225 Verbum
2461 3180 2576 3225 erat
2593 3170 2646 3227 in
2667 3172 2957 3244 principio,
2973 3183 3027 3231 et
3042 3174 3183 3231 Deus
3204 3189 3323 3233 erat
3340 3179 3599 3251 Verbum,

2007 3270 2061 3315 et
2088 3272 2201 3316 erat
2255 3262 2309 3316 in
2359 3264 2627 3335 principio
2674 3266 2815 3335 apud
2858 3267 3024 3322 Deum
3050 3270 3159 3332 ⁸⁸.»
3216 3274 3421 3331 ultimis
3470 3292 3603 3335 vero

2011 3353 2342 3423 temporibus
2369 3366 2593 3424 propter
2622 3366 2863 3411 nostram
2894 3360 3125 3415 salutem
3157 3361 3467 3419 humiliavit
3508 3382 3599 3423 se-

2009 3444 2184 3514 ipsum
2210 3444 2282 3511 ",
2308 3456 2470 3513 atque
2493 3446 2700 3502 idcirco
2720 3448 3042 3507 humiliatus
3072 3466 3192 3508 esse
3212 3454 3411 3511 dicitur
3444 3478 3459 3513 :
3490 3474 3603 3529 quo

304 3537 514 3604 ὅτιπερ
552 3534 613 3586 οὑ
650 3532 780 3603 περὶ
811 3532 909 3603 τὴν
940 3531 1034 3585 τοῦ
1062 3532 1236 3598 Λόγου
1267 3530 1429 3599 φύσιν
1460 3528 1618 3583 τοῦτο
1650 3529 1895 3598 γίνεσθαι

2012 3546 2162 3608 pacto
2196 3552 2302 3591 non
2334 3536 2690 3597 fueritcuivis
2721 3541 3094 3611 manifestum,
3128 3562 3234 3602 non
3258 3549 3401 3604 circa
3437 3524 3600 3608 Verbi

309 3649 385 3684 συ
398 3628 635 3699 μόαίνει,
662 3628 779 3681 ἀλλ’
814 3628 891 3691 εἰς
919 3627 982 3679 τὸ
1011 3630 1111 3699 τῆς
1130 3624 1548 3698 ἁνθρωπότητος
1579 3626 1898 3695 μυστήριον;

303 3718 391 3794 τί)
416 3721 525 3791 γὰρ
547 3720 777 3791 ἁρμόσει
806 3718 869 3771 τὸ
903 3719 1184 3783 ταπεινὸν,
1220 3718 1395 3789 τούτῳ
1428 3716 1602 3772 καὶτὸ
1636 3715 1902 3787 ὑψοῦσθαι

303 3812 555 3885 πρέπειν
594 3808 895 3863 ἀκολουθεῖ.
935 3809 1202 3861 Ταπεινὸν
1229 3807 1285 3861 δι
1312 3809 1502 3880 χρῆμα
1549 3809 1582 3877 ἡ
1620 3806 1902 3878 ἀνθρωπό-

300 3922 454 3975 της,
491 3901 617 3973 περὶ
648 3899 820 3970 αὐτὴν
870 3899 976 3970 ἄρα
1011 3899 1107 3953 καὶ
1150 3900 1211 3953 τὸ
1243 3898 1510 3969 ὑψοῦσθαι
1555 3898 1899 3969 νοηθήσεται.

301 3997 395 4050 Οὐ
431 3993 697 4062 πρότερον
727 3991 784 4043 δὲ
817 3992 943 4062 περὶ
974 3990 1068 4045 τοῦ
1095 3990 1229 4045 Θεοῦ
1257 3991 1433 4060 Λόγου
1463 3990 1705 4043 τοιοῦτόν
1734 4007 1786 4042 τι
1814 3990 1904 4043 λέ-

299 4103 524 4156 γουσαν
542 4085 847 4156 εὑρήσομεν
864 4084 964 4156 τὴν
992 4084 1029 4137 Γ
1036 4084 1238 4155 ραφὴν,
1259 4086 1309 4137 εί
1342 4084 1439 4155 μὴ,
1470 4102 1488 4134 t
1512 4083 1655 4155 Σὰρξ
1684 4082 1900 4151 γέγονε,

301 4182 417 4235 καὶ
456 4174 769 4250 ἐσκήνωσεν
806 4180 863 4231 ἐν
898 4178 1050 4247 ἡμῖν.
1097 4196 1114 4227 ι
1144 4177 1207 4229 Ei
1236 4176 1418 4231 τὸίνυν
1450 4178 1578 4248 περὶ
1603 4176 1701 4248 τὴν
1727 4177 1899 4247 πρόσ-

299 4270 483 4339 ληψιν
507 4267 608 4337 τῆς
638 4267 837 4337 σαρκὸς
863 4268 896 4337 ἡ
933 4266 1262 4329 ταπείνωσις
1288 4265 1617 4337 γεγενῆσθαι
1645 4266 1862 4334 λέγεται
1884 4304 1899 4332 ,

297 4361 379 4413 δι’
411 4357 583 4427 αὑτὴν
621 4356 776 4408 ἔσται
811 4356 904 4408 καὶ
942 4355 1071 4426 περὶ
1092 4356 1318 4427 αὑτὴνή
1352 4355 1577 4425 ῦψωσις.

816 4488 1023 4549 ΛΔΛΟ,
1059 4490 1147 4554 είς
1179 4488 1245 4542 τὸ
1273 4491 1438 4544 αὐτό.

403 4622 465 4676 Ὀ
480 4623 691 4685 Παῦλος
717 4623 1045 4677 ἐπιστέλλων
1063 4626 1250 4695 φησὶν,
1274 4628 1354 4678 ὅτι
1376 4645 1393 4676 ι
1420 4625 1734 4697 Πρόδρομος
1761 4626 1901 4697 ὑπὲρ

294 4714 481 4789 ἡμῶν
508 4714 758 4785 είσῆλθεν
798 4715 1148 4785 ’1ησοῦς,-οὑκ
1175 4718 1253 4778 εἰς
1278 4719 1546 4771 ἀντίτυπα
1579 4717 1688 4770 τῶν
1714 4717 1901 4787 ἀληθι-

2005 3640 2279 3698 naturam,
2304 3633 2398 3687 sed
2434 3634 2579 3689 circa
2606 3634 2963 3692 humanitatis
3001 3641 3319 3709 mysterium
3369 3643 3471 3697 hoc
3503 3660 3597 3699 ac-

2003 3724 2239 3779 cidisse?
2307 3724 2443 3780 Nam
2504 3728 2591 3781 cui
2660 3728 2938 3786 humilitas
2988 3733 3262 3802 congruit,
3319 3734 3369 3789 ei
3431 3737 3597 3791 etiam

2001 3814 2232 3872 exaltari
2278 3819 2568 3874 conveniet
2616 3838 2631 3874 :
2678 3823 2829 3891 atqui
2881 3823 3194 3880 humanitas
3240 3826 3461 3883 humilis
3510 3845 3598 3885 res

2002 3917 2089 3962 est
2110 3927 2122 3963 :
2145 3909 2271 3964 huic
2295 3910 2460 3980 igitur
2485 3912 2745 3968 exaltatio
2775 3913 3063 3970 tribuenda
3092 3924 3196 3973 est.
3230 3914 3417 3988 Neque
3450 3921 3597 3975 enim

2002 4011 2216 4052 Sacram
2260 3997 2599 4069 Scripturam
2646 4003 2797 4072 prius
2846 4005 2954 4060 tale
2988 4006 3265 4075 quidpiam
3311 4011 3379 4064 de
3422 4011 3601 4069 Verbo

2003 4089 2206 4145 dixisse
2222 4092 2715 4162 comperies,quam
2734 4104 3027 4164 quatenus,
3048 4115 3067 4149 ι
3090 4097 3231 4154 Caro
3255 4098 3460 4156 factum
3487 4114 3596 4169 est.

2001 4190 2055 4235 et
2085 4179 2352 4236 habitavit
2387 4183 2438 4237 in
2471 4184 2626 4239 nobis
2646 4185 2713 4239 ⁵⁸.
2747 4205 2765 4237 ι
2788 4186 2845 4240 Si
2883 4203 3011 4259 ergo
3044 4191 3341 4246 secundum
3376 4208 3594 4249 assum-

2004 4275 2240 4345 ptiouem
2256 4276 2441 4330 carnis
2468 4276 2775 4333 humiliatio
2800 4277 2943 4335 facta
2968 4296 3089 4345 esse
3116 4283 3339 4349 dicitur,
3371 4300 3597 4357 propter

2004 4370 2142 4426 hanc
2167 4381 2222 4425 et
2242 4371 2387 4427 circa
2423 4373 2565 4428 hanc
2594 4376 2760 4428 etiam
2792 4375 3053 4431 exultatio
3076 4377 3217 4432 facta
3254 4380 3437 4436 fuerit.

2534 4507 2769 4574 ALIUD,
2812 4512 2864 4564 in
2902 4512 3059 4567 idem.

2075 4640 2269 4696 Paulus
2300 4644 2367 4696 ad
2398 4642 2654 4699 Hebraeos
2680 4645 2946 4710 scribens,
2974 4648 3047 4700 ita
3082 4649 3159 4702 ait
3188 4667 3200 4703 :
3238 4669 3255 4701 r
3286 4650 3597 4710 Praecursor

2002 4748 2097 4803 pro
2123 4736 2282 4790 nobis
2311 4736 2555 4790 introivit
2611 4736 2789 4803 Jesus,
2827 4753 2931 4791 non
2982 4739 3031 4791 in
3076 4742 3404 4811 exemplaria
3443 4761 3596 4799 vero-

306 4809 429 4861 νῶν
452 4849 465 4871 ,
508 4805 623 4858 ἀλλ’
654 4806 733 4868 εις
772 4805 934 4858 αὑτὸν
961 4807 1050 4859 τὸν
1079 4807 1341 4877 οὐρανὸν,
1372 4809 1465 4861 νῦν
1500 4808 1901 4879 ἐμφανισθῆναι

2012 4842 2148 4889 rum,
2176 4830 2271 4882 sed
2303 4829 2354 4881 in
2388 4830 2561 4897 ipsum
2600 4830 2822 4895 caelum,
2859 4840 2915 4883 ut
2952 4845 3212 4901 apparent
3244 4852 3386 4891 nunc
3424 4840 3593 4891 vultui

296 4900 397 4970 τῷ
429 4897 707 4968 προσώπῳ
740 4896 835 4949 τοῦ
864 4895 999 4948 Θεοῦ
1034 4898 1173 4967 ὑπὲρ
1204 4898 1381 4968 ἡμῶν.
1419 4918 1437 4949 ι
1467 4898 1678 4971 ’Ὥσπερ
1719 4895 1813 4952 οῦν
1843 4900 1900 4954 ὲν

2012 4916 2099 4969 Dei
2131 4885 2228 4985 pro
2264 4885 2420 4972 nobis
2450 4920 2496 4949 ”

293 4994 431 5051 τοῖς
468 4990 719 5059 οὐρανοῖς
750 4988 844 5041 καὶ
882 4992 937 5041 ὲν
968 4988 1246 5060 προσώπῳ
1272 4990 1365 5043 τοῦ
1398 4991 1610 5061 Πατρὸς
1638 4992 1898 5061 ὑπάρχων

293 5083 427 5144 ἀεὶ,
453 5080 547 5133 νῦν
584 5080 727 5149 ὑπὲρ
756 5079 915 5149 ἡμῶν
947 5081 1253 5150 εἰσέρχεται
1286 5082 1385 5151 μὲν
1419 5084 1501 5146 εἰς
1526 5082 1615 5135 τὸν
1645 5083 1896 5153 οὐρανὸν,

294 5171 681 5243 ἐμφανίζεται
711 5171 767 5224 δὲ
792 5170 870 5241 τῷ
901 5171 1094 5243 Πατρί·
1124 5172 1264 5226 οῦτω
1300 5174 1461 5228 πάλιν
1502 5176 1595 5227 καὶ
1623 5176 1718 5229 νῦν
1759 5177 1899 5247 ὑπὲρ

294 5268 332 5333 ἡ
346 5262 480 5332 μῶν
498 5260 728 5331 ὑψοῦται
749 5262 845 5316 καὶ
862 5262 1168 5331 δοξάζεται,
1192 5267 1285 5317 καὶ
1299 5264 1569 5337 λαμϐάνει
1595 5287 1611 5319 ι
1644 5269 1704 5320 τὸ
1725 5268 1897 5339 ὄνομα

290 5353 373 5404 τὸ
409 5351 550 5421 ὑπὲρ
587 5353 695 5405 πᾶν
736 5352 925 5424 όνομα’
953 5373 971 5406 ι
1010 5354 1074 5407 ἵν’
1103 5354 1377 5427 ὥσπερίὲν
1407 5352 1553 5429 αὑτῷ
1581 5360 1673 5413 καὶ
1697 5362 1777 5423 είς
1805 5361 1895 5416 τὸν

289 5441 550 5511 οὐρανὸν
599 5444 957 5514 εἰσερχόμεθα
1005 5448 1099 5501 καὶ
1138 5449 1549 5521 ὲμφανιζόμεθα
1577 5453 1654 5523 τῷ
1698 5454 1896 5526 Πατρὶ,

285 5533 463 5591 οὕτω
491 5534 651 5587 πάλιν
671 5539 729 5589 ὲν
758 5538 907 5608 αὐτῷ
929 5538 1296 5613 δοξαζόμενοι,
1330 5545 1425 5597 καὶ
1456 5544 1773 5615 ὑψούμενοι,
1802 5550 1897 5602 καὶ

284 5626 437 5682 υίοὺ
466 5624 600 5680 Θεοῦ
629 5632 1077 5701 χρηματίςωμεν.

384 5806 607 5888 “‘Psal
644 5832 761 5888 [.lll.
796 5818 849 5873 5.
926 5820 971 5853 ³¹
1008 5816 1147 5873 Psal.
1193 5832 1385 5888 tutu,
1414 5816 1505 5873 εἰ.
1583 5820 1627 5852 ³³
1660 5819 1802 5877 Psal.
1834 5841 1957 5888 ωειλ
1993 5824 2045 5879 2.

2503 4958 2515 4971 .
2558 4938 2576 4970 ι
2611 4920 3073 4985 Quemadmodum
3102 4924 3260 4993 igitur
3292 4942 3508 4997 semper
3543 4932 3595 4984 iu

2003 5011 2177 5073 crelis,
2225 5023 2279 5066 et
2321 5029 2503 5067 coram
2551 5014 2689 5069 facie
2736 5016 2915 5072 Patris
2960 5022 3253 5084 exsistens,
3303 5040 3447 5076 nunc
3498 5040 3596 5091 pm

2005 5103 2159 5156 nobis
2196 5105 2513 5173 ingreditur,
2567 5118 2623 5159 et
2673 5118 2896 5176 apparet
2930 5126 3113 5163 coram
3157 5110 3319 5170 Putre
3359 5131 3372 5165 :
3408 5115 3478 5167 ita
3518 5117 3595 5168 νὶ-

2004 5194 2185 5248 Cissim
2222 5212 2361 5249 nunc
2387 5197 2657 5251 exaltatur
2685 5214 2780 5267 pro
2808 5200 2962 5253 nobis
2986 5211 3037 5253 et
3061 5203 3415 5271 gloriﬁcatur,
3448 5206 3594 5259 act-i-

2006 5287 2189 5355 pitque
2224 5306 2242 5338 ι
2271 5303 2463 5342 nomen
2492 5290 2634 5357 quod
2666 5300 2750 5345 est
2771 5304 2933 5359 super
2954 5308 3113 5349 omne
3147 5311 3339 5350 "Omen
3367 5298 3446 5352 “:
3484 5317 3501 5347 ι
3537 5309 3593 5351 ιιι

2002 5381 2457 5447 quemadmodum
2492 5382 2544 5436 in
2576 5383 2695 5453 ipso
2717 5389 2880 5439 etiam
2916 5387 2967 5439 in
3004 5387 3198 5442 (mlum
3238 5391 3592 5459 ingredimur,

2002 5480 2056 5524 et
2080 5485 2401 5539 apparenius
2424 5488 2604 5528 coram
2631 5474 2817 5541 Patre,
2854 5478 2925 5530 ita
2959 5480 3122 5533 etiam
3155 5480 3207 5533 in
3242 5482 3355 5549 ipso
3383 5482 3591 5552 gloriti—

2002 5564 2107 5617 cati
2136 5575 2189 5619 et
2218 5565 2459 5629 exaltati,
2496 5566 2587 5621 lilii
2622 5568 2715 5623 Dei
2756 5586 2971 5639 quoque
3006 5587 3155 5628 vocet
3202 5590 3263 5627 ur
3288 5576 3353 5624 ⁸⁸.

2127 5827 2171 5857 ⁵⁸
2393 5845 2539 5903 tm,
2576 5830 2660 5883 I7.
2740 5832 2785 5863 "
2822 5832 2963 5903 Psal.
2995 5851 3106 5899 ius,
3143 5836 3197 5891 8.
3278 5838 3323 5869 ⁵⁸
3357 5835 3434 5892 Jo:
3459 5856 3512 5892 ιι.
3546 5854 3588 5903 t,

323 5882 400 5944 l,
432 5878 483 5937 Ξ.
563 5884 609 5915 δ’
642 5886 874 5959 Philipp.
898 5906 960 5954 tt,
992 5888 1042 5943 7.
1124 5888 1168 5919 "
1207 5878 1438 5956 Joanrt,
1476 5891 1557 5945 li.
1636 5892 1680 5922 "
1722 5878 1893 5950 Hebr,

2027 5898 2116 5949 ‘21.
2194 5878 2239 5929 ⁸³
2272 5878 2685 5969 ιἰίῑζῖίίιῖξῖιξ
2764 5878 3262 5968 “Finan-fiuit.

546 6036 555 6049 ι
600 5978 870 6043 Ριτιοι..
904 5981 1018 6041 Gn.
1059 5981 1303 6055 LXXV,

3162 5998 3223 6062 21
