4024 6506
454 449 552 508 53!

1126 552 1359 610 ALIUD.

526 673 838 733 Servatoris
880 669 1047 726 nostri
1085 669 1139 723 in
1174 668 1371 724 calum
1421 661 1842 731 assumptionem
1890 657 2038 713 Psal-

456 767 613 821 mista
644 762 929 820 declarans
948 774 1043 830 per
1068 758 1351 828 Spiritum,
1390 755 1460 809 ita
1489 754 1564 807 ait
1592 767 1609 807 :
1643 770 1662 802 ε
1693 748 1888 803 Tollite
1921 760 2038 816 por-

458 852 870 925 las,principett,
889 858 1119 912 vestras,
1141 854 1195 902 et
1213 843 1518 906 elevamini,
1545 850 1714 912 porta
1731 839 2033 904 cternales,

455 958 509 1002 et
537 945 783 1002 introibit
809 958 904 998 rex
946 940 1131 1013 gloriae
1157 938 1222 990 ".
1257 954 1275 987 ι
1320 934 1421 989 Hic
1450 935 1596 989 enim
1632 931 1836 987 sanctis
1867 928 2034 985 caelo-

458 1052 577 1090 rum
630 1034 919 1089 virtutibus
973 1029 1209 1100 Spiritus
1271 1026 1539 1093 imperat,
1593 1031 1653 1077 ut
1715 1019 2035 1091 ingredienti

455 1128 668 1182 Christo
703 1133 885 1194 portas
920 1121 1185 1191 aperiant.
1232 1114 1392 1185 Atqui
1423 1115 1540 1169 erat
1569 1114 1730 1168 etiam
1776 1122 1900 1166 ante
1946 1125 2035 1165 as-

457 1216 822 1285 sumptionem
885 1213 1027 1293 intra
1082 1220 1289 1281 portas,
1345 1216 1399 1263 et
1443 1206 1496 1261 in
1547 1204 1735 1270 curiis,
1784 1212 1841 1258 ut
1870 1202 2035 1259 Deus.

463 1309 625 1381 198
655 1307 793 1375 Quid
825 1292 992 1376 igitur
1010 1317 1148 1373 opus
1180 1302 1279 1356 l‘nit
1308 1297 1572 1369 ejusmodi
1621 1295 1875 1351 mandato
1912 1292 2035 1365 Spi-

460 1400 638 1455 ritus?
666 1400 772 1453 Aut
794 1396 1063 1467 quomodo
1094 1393 1186 1463 qui
1226 1393 1371 1447 intus
1415 1399 1518 1453 est,
1555 1386 1776 1442 introire
1800 1382 2037 1440 dicitur‘?

459 1488 924 1556 Quemadmodum
980 1485 1147 1556 igitur
1188 1498 1292 1538 non
1326 1488 1591 1551 quatenus
1618 1486 1699 1531 est
1741 1476 1902 1538 Deus,
1940 1473 2034 1529 sed

456 1588 724 1645 quatenus
759 1577 940 1640 homo,
993 1582 1214 1642 prepter
1255 1585 1353 1625 nos
1401 1579 1456 1623 et
1505 1581 1603 1637 pro
1649 1566 1804 1621 nobis
1850 1575 2036 1634 portas

456 1667 715 1723 cmlorum
750 1665 1068 1735 ingreditur,
1103 1678 1200 1715 nos
1236 1660 1288 1714 in
1318 1673 1411 1714 eas
1445 1671 1540 1728 per
1568 1673 1625 1713 se
1664 1657 2033 1719 introducens,

455 1772 685 1826 eamque
728 1762 945 1826 propter
992 1768 1090 1808 nos
1134 1754 1275 1807 viam
1324 1748 1648 1805 instauravit
1698 1769 1709 1803 :
1749 1749 1820 1802 ita
1868 1748 2032 1802 etiam

1439 435 1498 492 S.
1540 431 1817 490 CYRILLI
1859 426 2325 484 ALEXANDRINI
2366 427 2685 485 ARCIHEP.

3609 419 3712 475 53‘!

2819 544 3026 597 MAU-

2209 655 2315 709 Τοῦ
2354 656 2602 726 Σωτῆρος
2649 653 2805 725 ἡμῶν
2835 653 2935 723 τὴν
2974 654 3052 716 εις
3094 653 3355 724 οὐρανοὺς
3383 652 3649 723 ἀνάληψιν
3682 653 3713 707 6

2139 747 2442 819 Ψαλμῳδὸς
2487 746 2850 817 ἐξηγούμενος
2893 743 2980 798 διὰ
3023 743 3118 797 τοῦ
3166 745 3483 814 Πνεύματος
3530 743 3707 812 λέγει·

2145 861 2164 894 ί
2191 844 2394 913 ’Δρατε
2428 841 2624 905 πύλας,
2658 844 2707 894 οῖ
2738 842 2995 911 αρχοντες
3015 878 3029 901 ,
3061 837 3235 908 ὑμῶν,
3270 838 3366 892 καὶ
3404 835 3707 905 ιπάρθητε,

2139 934 2305 987 πύλαι
2323 934 2550 998 αῖώνιοι,
2567 933 2658 986 καὶ
2680 932 3044 985 εἰσελεύσεται
3061 933 3089 983 ό
3104 928 3367 993 Βασιλεὺς
3381 928 3483 998 τῆς
3497 926 3668 994 δόξης.
3687 945 3707 977 δ

2151 1026 2417 1080 Ἐνταῦθα
2446 1027 2553 1095 γὰρ
2582 1027 2699 1088 ταῖς
2713 1016 2783 1077 ἰν
2812 1025 2924 1086 τοῖς
2947 1023 3194 1092 οὐρανοῖς
3216 1018 3401 1086 ἁγίαις
3420 1017 3715 1085 δυνάμεσιν

2136 1117 2416 1170 ιπιτάττει
2440 1115 2500 1169 τὸ
2515 1115 2735 1185 Πνεῦμα
2763 1113 2861 1177 τὰς
2879 1112 3050 1175 πύλας
3080 1110 3317 1178 ἀνοίγειν
3346 1108 3717 1178 εῖσερχομένφ

2136 1209 2377 1280 Χριστῷ.
2397 1208 2535 1261 Ἀλλ’
2552 1204 2618 1281 ἦν
2641 1208 2735 1261 καὶ
2763 1208 2869 1279 πρὸ
2888 1206 2985 1276 τῆς
3014 1204 3335 1275 ἀναλήψεως
3362 1203 3492 1255 εῐσω
3514 1218 3574 1253 τε
3604 1200 3715 1252 τῶν

2138 1301 2319 1356 πυλῶν
2341 1301 2440 1354 καὶ
2461 1301 2518 1352 ιν
2550 1302 2662 1362 τοῖς
2691 1300 2941 1370 οὐρανοῖς
2970 1298 3044 1361 ὡς
3068 1296 3219 1360 Θεός.
3250 1293 3315 1348 Τί
3341 1289 3434 1347 οὖν
3467 1294 3575 1347 εδει
3602 1292 3718 1346 τῶν

2134 1394 2390 1447 τοιούτων
2418 1390 2513 1445 τοῦ
2563 1390 2883 1462 Πνεύματος
2930 1386 3399 1459 προσταγμάτωνς
3431 1386 3501 1439 Ἥ
3531 1385 3646 1449 πῶς
3687 1386 3719 1438 ό

2136 1484 2282 1537 ἔνδον
2311 1482 2386 1536 ὢν
2432 1481 2779 1552 εῖσέρχεσθαι
2822 1480 3069 1548 λέγεταις
3106 1479 3315 1549 Ὠσπερ
3346 1472 3441 1532 οὖν
3478 1477 3537 1530 οὐ
3579 1475 3719 1531 καθὸ

2136 1575 2266 1638 Θεός
2297 1576 2463 1640 ἐστιν,
2500 1573 2637 1627 ἀλλὰ
2672 1572 2807 1627 καθὸ
2836 1571 3139 1649 ἄνθρωπος,
3176 1569 3242 1623 δι’
3275 1570 3424 1640 ἡμᾶς
3453 1569 3549 1622 καὶ
3573 1569 3718 1640 ὑπὲρ

2132 1664 2292 1735 ἡμῶν
2328 1664 2426 1726 τὰς
2465 1661 2849 1732 τῶνὊύρανιῦν
2877 1659 3189 1729 ῐῐσίρχεται
3221 1655 3396 1719 πύλας
3416 1696 3432 1722 ,
3472 1656 3621 1724 ἡμᾶς
3653 1654 3717 1706 ὲν

2133 1756 2327 1820 αὑταῖς
2373 1754 2610 1822 εἰσάγων
2662 1751 2731 1805 δι’
2777 1750 2993 1813 ἑαυτοῦ,
3054 1749 3146 1801 καὶ
3194 1747 3402 1815 ταύτην
3452 1743 3519 1798 δι’
3567 1745 3720 1814 ἡμᾶς

456 1863 576 1903 cum
607 1848 681 1902 sit
714 1846 1030 1908 altissimus,
1065 1845 1336 1898 exaltatur
1358 1850 1580 1913 propter
1610 1854 1729 1905 nos,
1763 1848 1820 1893 ut
1852 1840 2030 1904 homo,

2140 1846 2440 1901 ὲνεκαίνισε
2478 1845 2577 1915 τὴν
2613 1842 2764 1897 ὁδόν⁶
2799 1840 2943 1895 οῦτω
2992 1839 3084 1893 καὶ
3139 1836 3364 1905 ὕψιστος
3406 1835 3717 1904 τυγχάνων,

418 1948 516 1994 rut
563 1953 661 1994 nos
706 1937 1006 1994 enitemur
1060 1936 1112 1990 in
1160 1936 1276 2007 ipso
1331 1940 1575 2005 gestante
1622 1930 2030 1987 similitudinem

2140 1938 2369 2008 ὑψοῦται
2394 1938 2466 1991 δι’
2492 1936 2754 2007 ήμδς,ὼς
2778 1932 3090 2005 ἄνθρωπος,
3121 1930 3188 1984 ῖν*
3219 1930 3384 2000 ἡμεῖς
3408 1925 3719 1997 ὑψωθῶμεν

457 2031 657 2098 nostri,
695 2039 859 2100 utque
912 2031 985 2085 ita
1047 2028 1365 2085 reformaret
1424 2038 1523 2080 nos
1570 2024 1624 2079 in
1673 2024 1911 2093 seipsum
1964 2021 2033 2075 ad

457 2120 748 2195 imaginem
765 2120 1062 2188 Creatoris,
1084 2121 1389 2175 instaurans
1405 2115 2038 2184 naturamypristinoque

454 2216 617 2269 statui
650 2213 965 2269 restituens.

456 2413 836 2469 Aunotationes
870 2411 1068 2479 aliquot
1114 2410 1179 2479 de
1226 2410 1598 2464 incarnatione
1646 2407 1826 2462 eadem
1848 2407 2035 2479 ‘pertio

525 2493 722 2538 nentes.
769 2480 833 2535 In
875 2478 1031 2547 illud,
1066 2497 1085 2532 ι
1119 2478 1274 2533 Dedit
1313 2480 1415 2547 iiii,
1454 2498 1472 2531 ι
1510 2488 1641 2539 etc..
1682 2488 1730 2531 et
1766 2493 1805 2547 γε
1840 2478 2034 2547 ξυρεῖ-

521 2552 768 2606 exultauit
793 2551 986 2615 ipsum,
1017 2543 1041 2603 ὦ
1076 2548 1283 2619 aliaquo
1310 2543 1569 2619 ejusmodi
1596 2564 1709 2618 qua!
1739 2546 1801 2600 de
1824 2543 2035 2600 Christo

526 2623 773 2675 dicuntur
803 2620 870 2675 “.

539 2730 896 2788 VerbumaaDei
915 2739 1229 2803 semperest
1253 2729 1576 2786 altissimum
1606 2739 1662 2785 ut
1696 2727 1857 2796 Deus;
1885 2728 2035 2817 exal-

456 2832 601 2879 tatur
638 2832 815 2878 autem
847 2830 907 2876 ut
937 2822 1097 2877 homo
1129 2839 1143 2876 :
1182 2834 1413 2891 cumque
1446 2820 1517 2875 sit
1564 2818 1762 2873 nullius
1800 2817 2034 2887 indigus,

456 2928 516 2970 ut
559 2915 720 2983 Deus,
777 2913 976 2969 dicitur
1025 2912 1297 2982 accipere,
1348 2921 1407 2965 ut
1460 2913 1656 2976 homo;
1710 2909 2035 2963 adorabatur

454 3019 692 3076 semper,
725 3013 781 3060 ut
824 3002 968 3059 Deus
1017 3022 1032 3057 :
1080 3016 1226 3063 nunc
1275 3002 1646 3057 adorationem
1695 2999 1939 3069 suscipit,
1974 3006 2035 3051 ut

458 3099 639 3162 homo.
683 3094 741 3150 Si
782 3104 841 3149 ut
884 3095 1045 3149 homo
1078 3102 1324 3147 mortuus
1360 3100 1466 3157 est,
1528 3089 1629 3143 hoc
1683 3100 1859 3143 tamen
1902 3086 2033 3142 nihil

2137 2031 2196 2082 ἐν
2246 2029 2396 2100 αύτῷ
2444 2028 2697 2101 φοροῦντι
2749 2026 2853 2098 τὴν
2902 2024 3040 2097 πρὸς
3082 2023 3232 2093 ἡμᾶς
3272 2022 3555 2091 ὁμοίωσιν,
3622 2018 3721 2071 καὶ

2135 2118 2306 2182 οὕτως
2336 2115 2711 2188 ἁναμορφώσῃ
2757 2114 2894 2188 πρὸς
2941 2113 3133 2167 ἑαυτὸν
3168 2112 3250 2175 εῑς
3279 2110 3339 2164 τὸ
3379 2110 3501 2163 κατ’
3531 2108 3722 2163 εικόνι

2126 2212 2230 2266 ’τοῦ
2274 2210 2558 2274 κτίσαντος
2577 2248 2592 2275 ,
2622 2206 2998 2272 ἀνακαινιξων
3022 2206 3121 2275 τὴν
3154 2204 3316 2273 φύσιν
3342 2202 3537 2273 ὥσπερ
3557 2196 3625 2273 ἦν
3655 2202 3721 2266 εξ

2128 2306 2332 2376 ἀρχῆς·

2135 2414 2380 2485 Σχόλια,
2406 2415 2535 2483 περὶ
2556 2429 2684 2482 cap

2205 2477 2308 2551 Εἰς
2338 2477 2403 2539 τό
2430 2523 2444 2548 ,
2475 2477 2520 2535 ⁷(
2573 2477 2935 2551 Ἐὶαρισατοξ
2972 2479 3211 2551 αύτῷ...
3266 2478 3385 2551 καὶ,
3440 2494 3457 2526 t
3502 2477 3720 2551 ζΥκερ-

2204 2546 2453 2623 opimas?
2507 2546 2727 2623 αὐτῶῖ
2770 2570 2791 2603 ο
2843 2549 2941 2604 ausi
3002 2549 3120 2605 ὅσα
3170 2546 3427 2602 ’τοιαῦτα
3477 2546 3717 2614 λέγεται

2207 2622 2338 2692 περὶ
2371 2622 2650 2693 Χριστοῦ.

2210 2738 2471 2809 ’Υψιστος
2497 2738 2525 2790 ό
2553 2735 2647 2789 τοῦ
2675 2734 2811 2789 Θεοῦ
2840 2734 3012 2803 Λόγος
3036 2733 3145 2797 ἀεὶ,
3181 2731 3318 2786 καθὸ
3346 2731 3510 2795 Θεός’
3552 2730 3720 2800 ὑψοῦ-

2134 2848 2223 2886 ται
2255 2831 2310 2883 δὲ
2354 2830 2429 2893 ὡς
2456 2829 2739 2900 ἄνθρωπος
2758 2844 2772 2858 ·
2804 2826 3058 2899 ἀνενδεὴς
3089 2824 3165 2878 ὢν
3194 2825 3270 2889 ὡς
3296 2824 3448 2889 Θεὸς,
3500 2823 3710 2905 λαμϐά-

2136 2938 2245 2974 νειν
2280 2920 2356 2983 ὡς
2391 2918 2674 2989 ἄνθρωπος
2696 2917 2942 2984 λέγεταν
2976 2918 3368 2988 προσεκυνεῖτο
3396 2915 3550 2987 παρὰ
3580 2916 3720 2968 πάνθ

2135 3027 2243 3063 των
2291 3010 2367 3070 ὡς
2408 3008 2541 3071 Θεὸς
2562 3048 2577 3072 ,
2608 3008 2822 3079 δέχεται
2852 3006 2947 3061 νῦν
2974 3006 3071 3078 τὴν
3103 3006 3477 3078 προσκύνησιν
3522 3006 3599 3069 ὡς
3624 3006 3721 3060 ἄν·

2135 3102 2372 3174 θρωπος.
2404 3097 2467 3153 Ei
2500 3100 2577 3163 ὼς
2599 3099 2885 3172 ἄνθρωπος
2908 3099 3169 3166 ἀπόθανε,
3204 3100 3299 3153 καὶ
3320 3100 3491 3169 ψόγον
3526 3099 3719 3153 οὐδένα

2686 2411 2925 2476 κώσεως
2952 2410 3055 2463 τὸν
3075 2410 3264 2464 αὐτὸν
3288 2407 3512 2475 ἔχοντα
3540 2404 3716 2459 γοῦν.

454 3190 703 3259 dignitati
750 3188 843 3244 Dei
880 3185 1039 3241 Verbi
1094 3184 1370 3251 detrahit;
1417 3185 1488 3236 ita
1538 3183 1703 3235 ctiam
1759 3180 1901 3234 nulla
1949 3189 2030 3234 est

2140 3192 2211 3263 τῷ
2255 3191 2376 3262 Θεῷ
2405 3190 2563 3261 Λόγῳ
2594 3190 2754 3244 τοῦτο
2798 3191 3208 3262 προστρίϐεται,
3262 3191 3416 3244 οὐδὲν
3460 3192 3718 3262 ἀδικήσει

453 3278 804 3343 contumelia,
836 3280 882 3331 si
916 3277 1128 3333 dicatur
1158 3274 1433 3345 accepisse
1474 3273 1673 3343 aliquid
1716 3292 1730 3327 ;
1771 3272 2029 3342 quemad-

456 3370 674 3424 modum
723 3368 866 3424 enim
913 3366 1044 3423 illud
1094 3366 1415 3421 humanitati
1465 3363 1687 3427 accidit,
1746 3362 1816 3415 ita
1867 3365 2030 3416 etiam

456 3462 591 3513 hcc.
632 3454 689 3514 Si
722 3472 845 3513 cum
874 3456 1193 3511 immortalis
1219 3455 1312 3520 sit,
1347 3465 1409 3509 ut
1440 3452 1601 3515 Deus,
1646 3460 1889 3505 mortuus
1912 3463 2033 3504 esse

459 3550 657 3605 dicitur
686 3558 743 3603 ut
772 3549 964 3615 homo,
995 3548 1288 3603 altissimus
1312 3561 1435 3601 cum
1462 3546 1564 3609 sit,
1591 3554 1651 3598 ut
1678 3542 1821 3598 Deus
1842 3581 1856 3608 ,
1883 3539 2027 3597 exal-

464 3651 609 3698 tatus
634 3642 853 3708 dicitur,
882 3649 940 3697 ut
971 3642 1149 3697 homo.

571 3754 847 3820 Quomodo
875 3752 1033 3809 Jaus
1052 3752 1306 3809 Christus
1331 3752 1397 3807 sit
1430 3752 1486 3806 iu
1514 3749 1685 3821 gloria
1718 3746 1921 3804 Patris.

528 3867 663 3936 Quia
692 3882 789 3937 per
818 3867 1172 3924 humanitatis
1215 3865 1639 3936 assumptionem
1672 3863 1814 3933 quod
1849 3859 2032 3933 perdi-

459 3970 571 4014 tum
603 3967 719 4014 erat
764 3969 1138 4027 recuperatum
1170 3968 1283 4023 est,
1315 3958 1456 4029 quod
1497 3956 1788 4012 contritum
1825 3954 2031 4015 instau-

460 4060 637 4105 ratum
665 4058 767 4113 est,
798 4049 940 4120 quod
982 4048 1201 4104 errabat
1241 4037 1562 4103 camerium
1593 4060 1657 4101 ac
1696 4044 1973 4100 reductum
2014 4062 2025 4097 :

457 4154 581 4211 qua
599 4140 781 4197 omnia
814 4147 1061 4209 spectant
1088 4142 1155 4193 ad
1182 4137 1407 4209 gloriam
1445 4136 1539 4193 Dei
1568 4150 1631 4193 ac
1650 4135 1847 4191 Patris.

1125 4249 1356 4306 ALIUD.

531 4360 611 4430 Si,
639 4363 781 4419 Deus
806 4378 927 4419 cum
959 4373 1127 4427 esset,
1154 4363 1313 4417 homo
1337 4361 1512 4418 {actus
1537 4374 1642 4427 est,
1665 4373 1826 4433 atque
1854 4364 1955 4418 hoc
1974 4378 2031 4419 re

459 4454 575 4525 ipsa
612 4455 797 4510 subire
824 4455 1014 4518 voluit,
1041 4470 1198 4507 nemo
1234 4455 1537 4509 oﬂettdatur
1572 4456 1615 4508 si
1640 4469 1762 4523 quae
1784 4454 2031 4509 humani-

2135 3284 2228 3339 καὶ
2254 3283 2315 3337 τὸ
2345 3282 2603 3351 λέγεσθαι
2627 3281 2844 3334 λαϐεῖν·
2878 3280 3071 3352 ὥσπερ
3100 3280 3209 3351 γὰρ
3239 3281 3421 3335 ἐκεῖνο
3449 3282 3581 3353 περὶ
3614 3281 3718 3351 τὴν

2134 3375 2531 3447 ἁνθρωπότητα
2594 3373 2835 3441 γέγονεν,
2882 3372 3025 3427 οῦτω
3054 3373 3149 3425 καὶ
3186 3371 3356 3426 ταῦτα
3387 3374 3617 3442 ὁμοίως.
3648 3372 3718 3427 Ei

2130 3467 2401 3529 ἀθάνατος
2443 3465 2519 3519 ὢν
2565 3464 2720 3529 Θεὸς,
2754 3464 2969 3532 λέγεται
3010 3463 3261 3517 τεθνάναι
3292 3464 3366 3525 ὼς
3399 3461 3713 3533 ἄνθρωπος.

2135 3557 2396 3626 Ὕψιστος
2444 3554 2520 3608 ὢν
2571 3556 2647 3619 ὼς
2696 3554 2848 3619 Θεὸς,
2890 3551 3154 3622 ὑψοῦσθαι
3202 3551 3439 3619 λέγεται,
3492 3551 3570 3613 ὡς
3620 3550 3702 3604 ἄν·

2126 3648 2366 3719 θρωπος.

2118 3806 2121 3807 ν
2168 3762 2302 3830 Πῶς
2336 3759 2579 3830 Ἰησοῦς
2606 3758 2861 3830 Χριστὸς
2892 3760 2981 3825 εις
3010 3756 3201 3823 δόξαν
3235 3756 3383 3812 Θεοῦ
3417 3758 3675 3827 Πατρός.

2205 3877 2324 3929 Ὀτι
2366 3873 2457 3929 διὰ
2506 3873 2607 3945 τῆς
2651 3871 3114 3944 ὲνανθρωπήσεως
3164 3870 3224 3924 τὸ
3283 3871 3562 3935 ἀπολωλὸς
3610 3873 3710 3926 ἀνα

2129 3967 2309 4038 εσώθη
2333 3984 2344 3997 ·
2377 3966 2439 4019 τὸ
2469 3964 2923 4039 συντετριμμένον
2944 3964 3370 4036 κατεδεσμεύθη.
3401 3964 3463 4016 τὸ
3493 3964 3716 4019 πλανὼ-

2133 4075 2294 4131 μενον
2344 4058 2694 4129 ἐπεστράφηο
2736 4057 2999 4111 συντείνει
3035 4055 3091 4108 δὲ
3115 4055 3285 4109 ταῦτα
3318 4056 3399 4119 εις
3425 4054 3584 4120 δόξαν
3612 4054 3713 4109 τοῦ

2126 4150 2264 4205 Θεοῦ
2301 4150 2391 4203 καὶ
2410 4148 2646 4219 Πατρός.

2809 4261 3008 4314 ΑΛΛΟ.

2195 4375 2261 4429 Ei
2291 4374 2423 4438 Θεὸς
2444 4373 2521 4427 ὣν
2547 4375 2769 4444 γέγονεν
2790 4376 3095 4445 ἄνθρωπος,
3122 4376 3217 4427 καὶ
3239 4375 3384 4446 ἔργῳ
3412 4377 3574 4431 τοῦτο
3602 4398 3713 4433 me

2130 4464 2243 4518 θεῖν
2275 4465 2537 4536 ὑπέμεινε
2560 4506 2575 4532 ,
2610 4463 3045 4529 σκανδαλιζέσθω
3076 4465 3264 4537 μηδεὶς
3285 4505 3300 4531 ,
3332 4468 3379 4519 εἰ
3424 4468 3494 4521 τὰ
3517 4472 3583 4540 τῇ
3616 4472 3723 4524 ἁν-

461 4548 559 4602 tati
605 4556 660 4601 et
695 4546 877 4603 servili
929 4546 1226 4601 conditioni
1266 4548 1610 4613 conveniunt,
1660 4548 1822 4602 etiam
1876 4547 1928 4603 in
1970 4562 2027 4603 se

2140 4556 2443 4630 θρωπότητι
2486 4545 2765 4628 πρέποντα
2818 4558 2911 4610 καὶ
2950 4556 3027 4627 τῷ
3066 4558 3304 4628 σχήματι
3342 4557 3421 4628 τῷ
3448 4560 3715 4630 elusum?

458 4639 727 4711 gestavit;
769 4654 914 4707 nam,
948 4648 1007 4694 ut
1043 4639 1227 4703 homo,
1256 4649 1309 4693 et
1336 4639 1582 4709 accipere
1610 4647 1663 4694 et
1693 4639 1918 4694 exaltari
1944 4638 2026 4694 di-

458 4735 617 4785 citur.
650 4731 750 4798 Qui
801 4745 927 4785 vero
970 4731 1356 4785 humanitatem
1409 4731 1577 4797 ipsam
1639 4730 1823 4795 subiit,
1879 4740 2027 4787 certe

461 4822 781 4892 reprehendi
810 4837 915 4876 non
951 4824 1140 4891 possit,
1176 4823 1221 4877 si
1261 4823 1423 4877 etiam
1456 4837 1519 4879 ea
1552 4836 1672 4891 quas
1701 4823 2023 4879 humanitati

459 4914 673 4983 propria
711 4921 837 4968 sunt
870 4914 1053 4968 subire
1083 4928 1187 4967 non
1226 4922 1435 4968 recuset
1469 4932 1485 4969 :
1532 4915 1804 4983 proprium
1844 4923 2021 4969 autem

418 5032 423 5036 ι
461 5008 706 5060 humanm
744 5014 952 5061 natura:
989 5014 1071 5060 est
1107 5021 1137 5060 a
1166 5004 1276 5061 Deo
1302 5006 1565 5075 accipere,
1594 5006 1743 5076 juxta
1784 5005 1910 5060 illud
1942 5006 2023 5060 di-

459 5107 604 5152 ctum
637 5115 650 5151 :
694 5115 714 5149 t
742 5096 880 5164 Quid
921 5100 1062 5152 enim
1098 5097 1263 5152 habes
1290 5099 1432 5167 quod
1464 5112 1568 5151 non
1607 5100 1855 5169 accepisti
1893 5098 2018 5169 ⁸⁸2..

460 5190 681 5260 Accepit
717 5190 881 5258 igitur
911 5199 970 5243 ut
1007 5190 1166 5244 homo
1211 5204 1307 5258 per
1338 5189 1589 5257 gratiam,
1626 5205 1743 5260 qua
1785 5198 1841 5246 ut
1885 5191 2023 5247 Deus

460 5279 648 5338 habuit
668 5282 1007 5337 naturaliter.

1132 5392 1354 5450 ALIUD.

528 5506 586 5563 Si
615 5504 776 5562 Pater
804 5507 983 5563 omnia
1008 5518 1262 5575 operatur
1280 5523 1374 5577 per
1408 5505 1601 5561 Filium
1620 5506 1710 5575 σε’,
1740 5516 1794 5563 et
1820 5507 2021 5579 absque

461 5604 578 5675 ipso
609 5603 802 5657 iactum
850 5611 933 5658 est
970 5601 1103 5657 nihil
1149 5601 1218 5665 °',
1254 5602 1559 5656 necessario
1606 5600 1891 5656 dicendum
1936 5611 2019 5660 est

462 5698 633 5769 ipsum
657 5696 756 5751 sibi
788 5694 891 5765 ipsi
915 5694 1295 5750 exaltationem
1331 5694 1564 5761 dedisse,
1599 5695 1938 5766 gratiamque
1988 5712 2018 5751 a

2133 4650 2357 4719 φέρεται
2389 4650 2483 4703 καὶ
2513 4650 2600 4702 ἐπ’
2627 4648 2790 4703 αὑτοῦ
2813 4667 2825 4678 ·
2861 4648 3079 4718 ὡςγὰρ
3112 4648 3397 4720 ἄνθρωπος
3440 4651 3538 4705 καὶ
3566 4652 3716 4723 λαμ-

2132 4740 2317 4795 ϐάνειν
2345 4739 2440 4794 καὶ
2460 4738 2730 4808 ὑψοῦσθαι
2757 4740 2993 4807 λέγεται.
3012 4740 3068 4793 '0
3092 4739 3277 4811 δὲρῖεὴν
3309 4740 3407 4795 ἀνθ
3416 4745 3720 4813 ρωπύτητα

2132 4834 2301 4901 αὐτὴν
2334 4831 2633 4901 ὑπομείνας
2657 4869 2673 4894 ,
2704 4830 2803 4884 οὐκ
2846 4830 2913 4884 ἂν
2952 4831 3189 4898 εὐλόγως
3214 4831 3456 4900 ψέγοιτο,
3503 4835 3601 4889 καὶ
3640 4835 3722 4890 τὰ

2131 4918 2229 4989 τῆς
2254 4919 2673 4989 ἁνθρωπότητος
2710 4919 2818 4973 ῖδια
2865 4920 3091 4991 φορέσαι
3137 4920 3213 4991 μὴ
3242 4924 3719 4995 παραιτούμενος,

2084 5090 2087 5093 ἢ
2138 5011 2293 5065 Ἷδιον
2319 5011 2375 5064 δὲ
2404 5010 2691 5082 ἀνθρώπου
2724 5011 2941 5080 φύσεως
2962 5013 3023 5066 τὸ
3044 5012 3343 5083 λαμϐάνειν
3369 5015 3522 5086 παρὰ
3542 5006 3718 5083 Θεοῦ,

2126 5102 2270 5155 κατὰ
2302 5102 2362 5155 τὸ
2391 5101 2553 5172 ῥητὸν
2582 5103 2641 5155 τὸ
2670 5101 2842 5169 λέγον
2878 5102 3000 5156 (Τί
3040 5103 3148 5173 γὰρ
3190 5102 3333 5175 ἔχεις
3375 5104 3405 5157 ὃ
3437 5106 3539 5159 οὐκ
3585 5107 3724 5162 ἔλα..

2126 5194 2253 5260 Sec;
2290 5214 2308 5247 ι
2347 5194 2584 5264 Εῖληφεν
2623 5195 2731 5266 ἄρα
2757 5196 2832 5259 ὡς
2856 5194 3140 5266 ἄνθρωπος
3166 5195 3308 5251 κατὰ
3329 5198 3495 5269 χάριν
3514 5240 3531 5267 ,
3561 5200 3724 5271 ἅπερ

2127 5282 2272 5359 εἶχεν
2294 5288 2369 5350 ὠς
2394 5286 2526 5349 Θεὸς
2552 5287 2818 5356 φυσικῶς.

2805 5402 3007 5455 ΔΛΛΟ.

2198 5514 2259 5566 Ei
2305 5513 2481 5567 πάντα
2528 5512 2593 5565 δι’
2624 5512 2755 5564 Υἱοῦ
2797 5512 2825 5565 ό
2865 5511 3051 5581 Πατὴρ
3080 5510 3375 5582 ἐργάζεται
3399 5555 3415 5581 ,
3444 5517 3620 5588 χωρίς
3644 5522 3726 5578 ’τε

2127 5603 2291 5658 αὐτοῦ
2323 5603 2549 5673 γέγονεν
2574 5603 2747 5666 οὐδὲν,
2775 5604 3068 5671 ἀναγκαῖον
3102 5606 3294 5673 εἰπεῖν,
3324 5606 3517 5682 ὅτιπερ
3541 5610 3727 5678 αὐτὸς

2125 5692 2194 5769 ἦν
2241 5696 2417 5766 ἑαυτῷ
2464 5696 2555 5750 καὶ
2598 5696 2658 5749 τὸ
2703 5693 2967 5764 ὑψοῦσθαι
3014 5695 3207 5764 διδοὺς,
3264 5697 3360 5752 καὶ
3403 5699 3504 5774 τὴν
3554 5705 3729 5775 παρὰ

529 5852 573 5884 ⁸³
600 5849 742 5907 Psai.
767 5865 925 5915 sum,
954 5850 1003 5903 7.
1082 5850 1126 5882 ⁸⁸
1151 5848 1379 5918 Philipp.
1419 5864 1477 5915 li,
1508 5849 1561 5905 9.
1639 5850 1682 5882 “
1723 5850 1740 5905 l
1779 5851 1906 5909 Cor.
1949 5868 2021 5917 tv,

2174 5851 2242 5886 ’δ’
2280 5852 2438 5907 Joan.
2478 5869 2529 5917 ν,
2566 5853 2650 5906 l7.
2731 5853 2775 5886 “
2812 5851 2968 5908 Joan.
3000 5868 3041 5917 ι,
3081 5854 3136 5909 5.

3746 6490 3811 6506 νη.-
3832 6500 3893 6506 ῌ
3910 6484 3999 6506 -ΔἿ
