4024 6510
331 511 433 566 535

1705 507 2079 564 THESAUKL‘
2095 508 2153 562 S.

3503 511 3609 569 3.76

331 630 543 703 Πατρὸς
570 631 732 704 χάριν
760 630 1195 704 διακονούμενος.
1243 632 1489 702 Ἐδέχετο
1522 631 1622 702 μὲν
1656 632 1763 704 γάρ
1796 631 1897 683 θεο

2017 629 2178 684 Patre
2208 629 2606 699 snppeditasse.
2640 626 2893 696 Suscepit
2929 627 3074 681 enim
3118 628 3371 684 deilicato
3412 631 3609 697 templo

331 721 655 795 ποιουμένου
695 722 793 777 τοῦ
844 723 1249 794 ἀναληφθέντος
1291 724 1442 791 ναοῦ,
1495 726 1588 778 καὶ
1633 719 1701 794 ἦν
1748 722 1909 793 φύσει

327 811 461 877 Θεδς
500 815 675 883 Λόγος
706 812 785 873 ὢν
825 815 921 870 τοῦ
967 817 1211 887 Πατρόςο
1262 816 1463 886 ὐψοῦτο
1494 817 1550 870 δὲ
1580 818 1741 871 πάλιν
1774 815 1909 871 καθὸ

326 906 422 959 καὶ
448 903 735 976 ἄνθρωπος
760 906 1023 977 γεγονὼς,
1052 909 1148 962 καὶ
1180 910 1237 962 ὲν
1266 911 1333 981 τῇ
1373 910 1467 962 τοῦ
1496 908 1684 962 δούλου
1723 911 1905 981 μορφῇ

325 998 652 1068 φαινόμενος
706 1003 1124 1072 προσεκυνεϊτο,
1172 1002 1266 1056 καὶ
1319 1002 1487 1056 πάλαι
1546 1001 1706 1055 τοῦτο
1767 1002 1908 1071 ἔχων

324 1088 465 1157 μετὰ
488 1090 721 1162 Πατρός.
758 1092 952 1146 Ἔσται
992 1094 1171 1146 τοίνυν
1214 1094 1343 1165 περὶ
1380 1094 1482 1163 τὴν
1510 1092 1907 1163 ἀνθρωπότητα

321 1180 351 1250 ἡ
382 1180 543 1250 χάρις
584 1181 679 1235 καὶ
714 1184 747 1253 ή
781 1182 1010 1252 ὖψωσις,
1046 1185 1126 1248 εἰς
1170 1185 1363 1239 ἑαυτὸν
1392 1185 1770 1255 οἰκειουμένου
1807 1182 1903 1235 τοῦ

319 1269 457 1322 θεοῦ
503 1271 678 1339 Λόγου
723 1270 792 1325 τὰ
827 1274 956 1346 περὶ
999 1275 1092 1328 τὸν
1125 1274 1256 1329 ἴδιον
1299 1274 1466 1329 αὑτοῦ
1514 1279 1640 1329 ναὸν
1670 1272 1907 1344 συμϐαί-

320 1377 500 1415 νοντα.
523 1361 597 1415 Οὐ
628 1350 738 1434 γάρ
765 1364 956 1437 ἐτέρου
983 1366 1149 1432 τινὸς,
1185 1364 1304 1421 ἀλλ’
1331 1367 1499 1421 αὐτοῦ
1526 1367 1586 1421 τὸ
1614 1366 1793 1436 σῶμα,
1824 1364 1905 1418 διὸ

317 1451 415 1506 καὶ
450 1452 526 1516 ὡς
558 1452 721 1517 αὐτὸς
760 1454 1086 1524 λελόγισται.
1124 1455 1219 1523 Εἷς
1245 1459 1354 1531 γάρ
1389 1462 1418 1513 ὁ
1464 1461 1701 1533 Χριστός
1749 1463 1811 1517 ἔκ
1843 1481 1902 1516 τε

316 1541 739 1616 ὰνθρωπότητος
788 1550 883 1601 καὶ
928 1549 1063 1602 Θεοῦ
1109 1552 1285 1620 Λόγου
1317 1553 1753 1626 κεκερασμένος,
1800 1557 1903 1611 οὐκ

314 1637 383 1690 ἐκ
424 1635 520 1692 τοῦ
568 1639 869 1710 τετράφθαι
915 1644 1050 1713 πρὸς
1096 1645 1234 1715 ὅπερ
1278 1646 1378 1699 οὐκ
1418 1642 1506 1717 ἦν,
1556 1647 1671 1701 ἀλλ’
1704 1650 1767 1701 ὲκ
1808 1650 1900 1702 τοῦ

314 1727 649 1800 προσλαϐεῖν
674 1731 766 1785 τὸν
793 1734 858 1787 ἐκ
888 1733 1169 1807 Παρθένου
1206 1738 1357 1792 ναόν.

1005 1872 1205 1927 ΛΛΛΟ.

2014 722 2160 792 quod
2185 719 2502 788 assumpsit,
2532 728 2762 788 eratque
2792 730 2988 773 natura
3022 719 3165 774 Deus
3200 720 3434 775 Verbum
3461 722 3611 775 exsi-

2014 823 2164 869 stens
2194 811 2369 866 Patris
2401 828 2414 865 :
2452 811 2723 867 exaltatus
2767 821 2949 865 autem
2997 820 3103 874 est,
3136 819 3405 880 quatenus
3432 811 3612 866 factus

2014 905 2197 970 homo,
2243 914 2298 959 et
2342 904 2395 958 in
2437 903 2612 958 forma
2662 904 2804 957 servi
2855 901 3015 973 197
3042 917 3308 972 apparens
3347 906 3607 959 adoratus

2011 1006 2117 1057 est.
2145 996 2212 1049 ab
2244 1005 2449 1053 aeterno
2478 995 2581 1049 hoc
2606 993 2813 1049 habens
2838 1008 2960 1048 cum
2988 993 3170 1050 Patre.
3206 991 3395 1048 Gratia
3426 994 3610 1063 itaque

2010 1096 2067 1141 et
2094 1085 2353 1140 exaltatio
2385 1086 2529 1140 circa
2565 1086 2839 1141 hominem
2878 1085 3018 1139 facta
3063 1096 3170 1152 est,
3201 1086 3497 1154 adoptaute
3537 1087 3607 1140 ad

2010 1180 2251 1248 seipsum
2290 1178 2432 1234 Filio
2466 1176 2646 1233 Verbo
2685 1191 2748 1231 ea
2795 1193 2916 1247 quae
2952 1178 3151 1247 templo
3185 1193 3305 1244 suo,
3339 1178 3481 1247 quod
3512 1194 3608 1233 as-

2009 1281 2336 1341 sumpserat,
2377 1271 2751 1326 accedebant:
2785 1285 2961 1341 neque
3002 1272 3145 1325 enim
3170 1269 3396 1325 alterius
3423 1271 3607 1341 cujus-

2009 1364 2187 1433 piam,
2240 1363 2335 1417 sed
2396 1378 2556 1417 suum
2623 1376 2821 1431 corpus
2874 1373 3023 1427 erat;
3082 1362 3315 1432 ideoque
3370 1373 3431 1416 ut
3493 1362 3609 1431 ipse

2006 1465 2282 1510 censetur.
2316 1453 2467 1510 Unus
2494 1454 2642 1509 enim
2676 1452 2933 1509 Christus
2950 1469 3020 1509 ex
3045 1454 3385 1509 humanitate
3413 1463 3467 1507 et
3489 1454 3601 1509 Deo

2010 1544 2184 1601 Verbo
2213 1547 2406 1602 mistus
2443 1554 2548 1611 est,
2593 1560 2701 1601 non
2748 1562 2845 1614 per
2881 1547 3235 1601 mutationem
3272 1546 3327 1600 in
3371 1546 3423 1600 id
3464 1548 3607 1615 quod

2007 1655 2113 1693 non
2142 1649 2286 1706 erat,
2317 1640 2411 1696 sed
2444 1655 2539 1711 per
2567 1641 2995 1711 assumptionem
3029 1639 3211 1708 templi
3248 1654 3312 1694 ex
3361 1638 3605 1708 Virgine.

2699 1859 2926 1919 ALIUD.

384 1999 591 2054 Ψάλλει
627 2018 730 2055 που
754 2002 938 2057 Δαϐίδ·
964 2024 980 2055 ι
1005 2005 1061 2059 '0
1091 2003 1279 2076 θρόνος
1309 2023 1424 2072 σου,
1459 2010 1489 2061 6
1520 2008 1671 2072 Θεὸς,
1704 2009 1783 2073 είς
1811 2009 1897 2064 τὸν

2079 2001 2247 2056 David
2290 1998 2489 2053 alicubi
2546 1998 2618 2052 ita
2675 1999 2824 2053 canit
2871 2016 2883 2051 :
2939 2016 2957 2050 ι
2985 1997 3154 2054 Sedes
3196 2008 3311 2063 tua,
3356 1998 3517 2065 Dens,
3553 2001 3605 2052 ἰιι

310 2093 488 2147 αἰῶνα
511 2092 606 2148 τοῦ
645 2094 857 2159 αἰῶνος.
892 2115 910 2148 ι
948 2092 1085 2151 Εἶτά
1129 2115 1263 2170 φησι
1296 2116 1310 2130 ·
1345 2118 1364 2152 ι
1395 2098 1495 2154 Διὰ
1526 2100 1686 2156 τοῦτο
1714 2101 1899 2175 ἔχρισὲ

309 2202 372 2238 σε
404 2186 436 2238 6
461 2184 613 2250 Θεὸς,
638 2187 667 2240 6
704 2185 839 2251 Θεός
894 2204 1009 2255 σου,
1053 2187 1236 2244 ἔλαιον
1284 2191 1680 2259 ἀγαλλιάσεως.
1719 2212 1738 2245 ι
1790 2194 1902 2248 Καὶ

305 2270 435 2346 ἦνὸ
466 2276 641 2345 Λόγος
682 2277 780 2332 καὶ
826 2278 934 2350 πρὸ
993 2279 1095 2350 τῆς
1152 2280 1389 2352 χρίσεως
1429 2281 1733 2353 βασιλεύων
1763 2284 1902 2355 μετὰ

306 2364 545 2438 Πατρός.
571 2366 697 2432 Πῶς
734 2363 826 2422 οὗν
852 2370 932 2433 είς
956 2368 1182 2439 βασιλέα
1206 2371 1418 2443 χρίεται
1448 2373 1541 2427 καὶ
1564 2374 1849 2443 ἁγιάζεται
1872 2378 1901 2429 6

305 2457 400 2511 ἀεὶ.
466 2457 765 2528 βασιλεύων
816 2461 910 2513 καὶ
961 2459 1117 2529 ἅγιος
1147 2461 1259 2531 div;
1318 2464 1532 2537 Ὠσπερ
1588 2468 1771 2522 τοίνυν
1814 2469 1900 2523 ἀεὶ

301 2546 469 2602 τοῦτο
488 2546 584 2616 ὢν,
607 2553 666 2605 ὲν
689 2552 940 2622 ἐσχάτοις
961 2555 1171 2624 καιροῖς
1194 2554 1637 2625 βεϐασιλευκέναι
1658 2558 1897 2627 λέγεται·

302 2635 454 2691 οὕτω
514 2639 608 2693 καὶ
636 2637 862 2709 ὕψιστος
925 2640 1022 2705 ὢν,
1081 2642 1350 2712 ὑψοῦσθαι
1406 2646 1625 2716 λέγεται
1672 2649 1761 2703 διὰ
1800 2649 1900 2721 τὴν

302 2728 576 2801 ενσαριιον
614 2733 948 2803 οἰκονομίαν.
1016 2734 1273 2806 Ὑψοῦται
1319 2737 1514 2793 Ghanc!
1564 2741 1777 2812 χρίεται
1803 2743 1901 2797 καὶ

301 2821 596 2890 ἁγιάζεται
646 2824 716 2879 δι’
739 2826 913 2896 ἡμᾶς,
955 2827 1043 2882 ἵνα
1092 2828 1159 2883 δι’
1193 2830 1362 2884 αὑτοῦ
1399 2833 1567 2905 τρέχῃ
1604 2834 1791 2889 λοιπὸν
1819 2838 1900 2901 εἰς

300 2912 570 2985 πάνταςὴ
597 2913 779 2985 χάρις,
804 2916 879 2980 ὼς
899 2917 1001 2988 ἤδη
1030 2917 1245 2973 δοθεῖσα
1279 2923 1345 2992 τῇ
1378 2922 1560 2991 φύσει,
1587 2926 1681 2978 καὶ
1711 2925 1898 2980 λοιπὸν

296 3002 414 3074 ὅλῳ
441 3004 729 3076 σωζομένη
764 3006 843 3077 τῷ
875 3006 1044 3077 γένει.
1082 3008 1237 3064 οὕτω
1264 3013 1358 3065 καὶ
1395 3012 1424 3064 6
1479 3014 1672 3087 Σωτὴρ
1711 3016 1896 3085 ἔλεγεν

295 3093 361 3148 ιν
392 3094 476 3165 τῷ
500 3097 642 3151 κατὰ
683 3097 935 3171 Ἰωάννην
962 3100 1303 3175 Εὐαγγελίῳο
1341 3122 1359 3155 ι
1380 3105 1555 3177 ’Υπὲρ
1583 3107 1765 3161 αὐτῶν
1784 3107 1895 3177 ἐγὼ

294 3186 521 3253 ἁγιάζω
554 3188 810 3258 ἐμαυτὸν,
854 3191 940 3243 ἴνα
976 3185 1081 3244 ὦσι
1127 3193 1222 3246 καὶ
1273 3195 1427 3249 αὐτοὶ
1487 3198 1830 3269 ἡγιασμένοι.
1870 3218 1889 3250 ι

297 3277 451 3332 Ὅσα
474 3280 584 3349 γάρ
611 3281 668 3333 ἐν
687 3281 934 3353 Χριστῷ,
953 3283 1127 3338 ταῦτα
1157 3286 1251 3339 καὶ
1280 3290 1360 3351 εἰς
1388 3289 1557 3359 ἡμᾶς.
1577 3291 1690 3359 Οὐχ
1716 3289 1895 3362 ἑαυτῷ

2007 2092 2265 2150 saeculum
2311 2090 2514 2146 saeculi.
2548 2109 2568 2142 ι
2597 2090 2803 2146 Deinde
2834 2091 2912 2147 ait
2940 2109 2953 2146 :
2988 2109 3007 2143 ι
3036 2090 3334 2162 Propterea
3365 2094 3517 2147 unxit
3552 2103 3605 2146 te

2006 2183 2170 2246 Deus,
2198 2180 2342 2238 Deus
2371 2191 2516 2246 tuus,
2543 2180 2666 2237 oleo
2689 2180 3078 2237 exsultationis
3102 2195 3213 2251 pra:
3242 2181 3605 2255 participibus

2006 2277 2114 2333 tuis
2137 2274 2205 2331 “.
2239 2293 2259 2327 ι
2288 2274 2452 2344 Atqui
2494 2283 2617 2329 erat
2653 2272 2891 2330 Verbum
2920 2275 3087 2330 etiam
3121 2284 3248 2329 ante
3287 2276 3602 2331 unctionem

2003 2383 2241 2439 regnans
2265 2383 2390 2422 cum
2421 2366 2603 2422 Patre.
2630 2366 2914 2434 Quomodo
2945 2366 3115 2437 igitur
3142 2366 3195 2421 in
3221 2382 3409 2439 regem
3449 2369 3605 2438 ungi-

2003 2470 2092 2515 tur
2126 2471 2181 2515 et
2207 2459 2602 2520 sanetitieatur,
2652 2458 2745 2529 qui
2788 2473 3006 2529 semper
3047 2467 3239 2529 regnat
3270 2470 3604 2530 sanctusque

2002 2552 2265 2608 exsistit?
2292 2550 2762 2618 Quemadmodum
2798 2550 2961 2621 igitur
2999 2566 3123 2605 cum
3164 2565 3381 2621 semper
3419 2552 3470 2607 id
3508 2554 3603 2620 sit,

2002 2641 2208 2697 ultimis
2264 2652 2441 2695 tamen
2490 2640 2829 2710 temporibus
2883 2654 3142 2711 regnasse
3197 2642 3399 2696 dicitur
3451 2659 3465 2696 :
3522 2642 3595 2697 ita

2000 2749 2124 2788 cum
2163 2734 2243 2787 sit“
2266 2732 2586 2794 altissimus,
2620 2731 2893 2787 exaltatus
2935 2746 3057 2788 esse
3100 2734 3322 2799 dicitur,
3375 2742 3599 2805 propter

2000 2826 2456 2881 incarnationem.
2488 2824 2775 2881 Exaltatur
2792 2836 2998 2891 autem,
3022 2834 3078 2881 et
3105 2816 3350 2895 u'ngitur,
3381 2837 3439 2881 et
3464 2842 3593 2881 san-

2001 2917 2272 2972 c‘titicatur
2301 2928 2525 2988 propter
2554 2934 2676 2981 nos,
2703 2926 2760 2972 ut
2791 2932 2890 2987 per
2917 2918 3092 2987 ipsum
3116 2919 3289 2989 gratia
3323 2920 3376 2973 in
3410 2932 3601 2973 omnes

1997 3011 2303 3074 derivetur,
2368 3021 2426 3066 ut
2473 3013 2585 3081 jam
2642 3020 2849 3064 natura:
2905 3010 3101 3065 collata
3159 3012 3367 3080 totique
3412 3012 3599 3081 generi

1996 3103 2211 3173 largita.
2242 3102 2336 3157 Sic
2367 3103 2511 3157 enim
2534 3101 2792 3155 Servator
2813 3102 2929 3172 ipse
2963 3101 3018 3157 in
3050 3101 3345 3175 Evangelia
3372 3102 3601 3159 Joannis

1997 3190 2075 3247 ait
2106 3210 2119 3247 :
2158 3212 2175 3243 ι
2210 3190 2316 3249 Pro
2346 3194 2478 3263 ipsis
2523 3206 2622 3263 ego
2657 3192 2947 3249 sanctilico
2976 3194 3269 3264 meipsum,
3301 3204 3360 3251 ut
3394 3196 3506 3251 sint
3546 3208 3599 3252 et

1998 3284 2099 3354 ipsi
2124 3283 2445 3339 sanctiﬁcati
2474 3284 2541 3338 ".
2562 3302 2581 3335 ι
2608 3283 2958 3356 Quaecunque
2987 3286 3129 3341 enim
3151 3284 3369 3343 Christo
3392 3287 3598 3353 insunt,

290 3373 592 3447 δεχομένου
622 3378 713 3430 τὸν
741 3350 1064 3453 τάγιασμὸν(
1096 3382 1258 3449 αὐτὸς
1284 3384 1392 3457 γὰρ
1409 3350 1489 3457 ’ἦν
1576 3350 1889 3456 ἁγιάζωνί,

2006 3350 2186 3431 eadem
2211 3377 2262 3431 in
2285 3392 2382 3431 nos
2401 3377 2741 3433 derivantur.
2761 3350 2971 3448 Quippe
2990 3378 3082 3449 qui
3108 3350 3599 3435 sanetiﬂcationeni

291 3467 419 3522 ἀλλ’
454 3469 543 3523 ἴνα
561 3470 748 3525 τοῦτον
790 3476 855 3543 τῇ
913 3473 1073 3542 φύσει
1110 3474 1179 3528 δι’
1202 3477 1399 3533 ἑαυτοῦ
1432 3479 1744 3552 προξενίσῃ,
1775 3480 1892 3546 ὁδὸς

286 3557 496 3631 ὥσπερ
516 3560 610 3613 καὶ
633 3561 775 3633 ἁρχὴ
804 3562 910 3616 τῶν
929 3566 1010 3629 είς
1028 3567 1178 3637 ἡμᾶς
1214 3568 1436 3638 ἀγαθῶν
1466 3571 1773 3642 γινόμενος.
1801 3574 1893 3626 Διὸ

288 3649 360 3722 δὴ
392 3650 486 3704 καί
524 3670 740 3721 φησιν’(
768 3654 909 3723 Ἐγώ
932 3658 1045 3727 είμι
1076 3659 1108 3729 ἡ
1133 3660 1272 3724 ὁδός·
1305 3680 1323 3712 ι
1348 3661 1415 3714 δι’
1444 3656 1514 3734 ἦς
1538 3662 1729 3733 ὥσπερ
1755 3664 1892 3736 πρὸς

290 3741 450 3809 ἡμᾶς
508 3742 540 3810 ἡ
574 3741 691 3797 θεία
725 3745 1074 3817 καταϐέϐηκε
1134 3748 1328 3820 χάρις,
1372 3751 1581 3822 ὑψοῦσα
1612 3752 1709 3807 καὶ
1734 3754 1893 3822 ἁγιά-

288 3831 474 3896 ζουσα
503 3836 595 3887 καὶ
623 3835 940 3903 δοξάζουσα,
995 3842 1088 3894 καὶ
1143 3842 1465 3899 θεοποιοῦσα
1506 3847 1605 3918 τὴν
1639 3846 1803 3916 φύσιν
1834 3849 1891 3901 ὲν

289 3924 508 3996 πρώτῳ
540 3928 776 4000 Χριστῷ.

984 4151 1187 4205 ΑΛΛΟ.

371 4259 437 4311 Ei
476 4259 611 4323 Θεὸς
643 4259 718 4311 ὢν
755 4260 1042 4332 ἄνθρωπος
1069 4264 1287 4333 γέγονε,
1324 4270 1415 4322 καὶ
1451 4270 1554 4325 οὐκ
1604 4272 1891 4344 ἄνθρωπος

283 4349 371 4404 ὢν
430 4350 621 4417 γέγονε
676 4351 842 4417 θεὸς,
907 4356 1117 4426 χρίεται
1174 4359 1232 4413 δὲ
1287 4360 1363 4423 ὡς
1418 4362 1746 4434 ἄνθρωπος,
1804 4367 1892 4421 ἴνα

282 4442 573 4513 δοξασθῇ,
641 4444 799 4515 δῆλον
867 4448 948 4501 ὅτι
1010 4451 1138 4520 περὶ
1216 4451 1315 4522 τὴν
1387 4454 1788 4527 ἁνθρωπότητα
1857 4461 1890 4530 ἡ

283 4537 479 4607 χάρις.

997 4654 1200 4709 ΑΛΛΟ.

367 4758 435 4813 ΕΞ
468 4761 627 4826 αὐτὸς
655 4761 729 4814 ὣν
749 4762 843 4816 τοῦ
872 4764 1189 4834 Πνεύματος
1219 4770 1471 4840 χορηγὸς,
1502 4772 1641 4825 κατὰ
1678 4774 1739 4826 τὸ
1765 4778 1892 4846 περὶ

281 4850 467 4905 αὐτοῦ
496 4852 807 4923 λεγόμενον·
854 4877 869 4906 ι
895 4857 1101 4910 Λάϐετε
1131 4859 1354 4931 Πνεῦμα
1389 4861 1597 4930 ἅγιον-ι
1636 4865 1696 4918 τὸ
1717 4867 1890 4919 Πνεῦ-

283 4962 374 5012 μα.
404 4942 701 5012 λαμϐάνειν
722 4946 939 5014 λέγεται
970 4951 1097 5021 περὶ
1138 4952 1236 5023 τὴν
1268 4952 1682 5025 ἁνθρωπότητα,
1728 4960 1821 5013 καὶ
1857 4962 1890 5031 ἡ

280 5036 446 5099 δόσις
481 5038 576 5089 καὶ
608 5036 667 5089 τὸ
686 5036 987 5109 λαμϐάνειν
1011 5041 1235 5110 ὁμοίως.

991 5170 1192 5228 AAAO.

362 5300 507 5372 Φησί
562 5302 927 5374 πουιΧριστδς
958 5304 1036 5367 ὡς
1088 5304 1227 5375 πρὸς
1260 5308 1350 5360 τὸν
1394 5309 1613 5382 Πατέρα
1646 5315 1891 5385 διαλεγόο

280 5411 483 5467 μενος·
521 5414 540 5445 ι
584 5395 757 5468 ’Υπὲρ
790 5396 969 5450 αὐτῶν
1002 5396 1112 5465 ἐγὼ
1141 5398 1354 5465 ἁγιάζω
1385 5402 1639 5470 ἐμαυτόν.
1681 5425 1699 5457 ›
1746 5409 1804 5460 Ὀ
1835 5408 1891 5462 δὲ

274 5475 489 5542 ἑαυτὸν
517 5487 742 5556 ἁγιάσαι
773 5488 1091 5559 δυνάμενος,
1121 5492 1213 5544 καὶ
1242 5492 1315 5561 μὴ
1356 5498 1487 5565 παρ’
1514 5497 1703 5569 ἐτέρου
1735 5500 1893 5556 τοῦτο

276 5578 499 5652 ζητῶν,
544 5579 734 5650 κύριος
760 5580 852 5633 τοῦ
887 5581 1133 5649 ἁγιάζειν
1163 5583 1329 5637 ἐστίν.
1384 5586 1445 5638 Εἰ
1477 5586 1531 5639 δὲ
1590 5592 1693 5643 οὐκ
1740 5592 1889 5646 ἔστιν

273 5676 345 5727 ἐν
377 5672 564 5742 χρείᾳ,
608 5674 739 5743 περὶ
797 5674 858 5726 τὸ
890 5674 1091 5744 χρῇζον
1139 5675 1165 5725 ὁ
1216 5676 1485 5746 ἁγιασμὸς
1520 5681 1883 5739 ἀποτελεῖται.

289 5764 620 5834 Ἀγιάζεται
649 5764 703 5818 δὲ
736 5767 768 5836 ἠ
803 5764 1090 5837 ἀνθρώπου
1121 5768 1301 5837 φύσις.
1351 5773 1457 5825 Καὶ
1491 5774 1649 5827 τοῦτο
1681 5772 1747 5847 ἦν
1782 5778 1889 5849 ἄρα

1924 4704 1972 4760 D

1996 3482 2104 3521 non
2163 3464 2375 3535 sibiipsi
2410 3466 2629 3536 accepit
2661 3466 2802 3537 (ipse
2843 3467 2991 3522 enim
3025 3478 3144 3523 erat
3180 3468 3596 3542 sanetillaans),

1994 3555 2089 3610 sed
2117 3564 2177 3609 ut
2205 3571 2303 3626 per
2329 3570 2389 3611 se
2418 3570 2540 3611 eam
2570 3555 2822 3612 humana:
2857 3568 3064 3613 natura:
3086 3560 3414 3616 conciliaret
3453 3580 3465 3615 :
3513 3566 3597 3615 via

1994 3647 2395 3715 quodammodo
2429 3656 2484 3703 et
2531 3647 2864 3719 principium
2911 3651 3176 3707 honorum
3220 3668 3345 3721 qua:
3385 3654 3438 3707 in
3494 3670 3594 3708 nos

1994 3738 2525 3798 ﬂuxerunteﬂectus.
2541 3740 2750 3797 Idcirco
2772 3744 2941 3799 etiam
2958 3744 3034 3799 ait
3048 3763 3061 3775 ο
3084 3764 3103 3797 ι
3126 3746 3239 3815 Ego
3253 3761 3373 3800 sum
3392 3749 3474 3801 via
3490 3748 3555 3810 ",
3570 3769 3590 3801 ι

1993 3845 2090 3900 per
2117 3846 2280 3901 quam
2313 3831 2495 3887 divina
2525 3834 2699 3903 gratia
2729 3836 3133 3904 quodammodo
3155 3836 3210 3891 in
3237 3851 3335 3891 nos
3360 3838 3590 3893 desueu-

1994 3923 2096 3987 dit,
2142 3924 2391 3979 exaltans
2429 3934 2482 3980 et
2534 3926 2885 3983 sanctiﬁcans
2935 3940 2991 3984 et
3038 3929 3373 3999 gloritleans,
3428 3944 3595 4000 atque

1995 4015 2130 4069 adeo
2163 4016 2423 4071 deiﬁcans
2452 4027 2703 4073 naturam
2736 4019 3032 4076 humanam
3062 4022 3115 4076 in
3149 4022 3325 4092 primo
3349 4025 3593 4079 Christo.

2685 4159 2913 4216 ALIUD.

2072 4267 2153 4334 Si,
2191 4269 2335 4326 Deus
2364 4285 2486 4326 cum
2517 4281 2686 4339 esset,
2721 4272 2898 4330 factus
2928 4284 3013 4330 est
3044 4277 3230 4345 homo,
3264 4295 3371 4336 non
3411 4292 3592 4335 autem

1997 4362 2156 4415 homo
2172 4365 2446 4418 exsistens
2465 4362 2644 4419 factus
2681 4376 2766 4420 est
2793 4365 2970 4433 Deus;
2999 4371 3220 4441 ungitur
3244 4383 3427 4427 autem
3454 4376 3595 4428 sicut

1998 4456 2176 4521 homo,
2210 4465 2270 4509 ut
2303 4450 2633 4525 gloriticetur
2663 4477 2675 4513 :
2711 4460 3059 4529 perspicuum
3095 4473 3180 4519 est
3214 4464 3268 4519 in
3317 4465 3592 4522 hominem

1996 4548 2221 4614 gratiam
2251 4549 2508 4605 conferri.

2682 4667 2915 4727 ALIUD.

2075 4772 2154 4838 Si,
2201 4791 2325 4830 cum
2392 4776 2505 4846 ipse
2544 4779 2616 4832 sit
2674 4780 2899 4851 largitor
2953 4784 3211 4853 Spiritus,
3251 4786 3405 4857 juxta
3462 4792 3591 4845 illud

2000 4868 2066 4921 de
2100 4867 2217 4936 ipso
2244 4866 2449 4922 dictqu
2480 4884 2495 4924 :
2533 4889 2550 4921 ι
2581 4872 2825 4943 Accipite
2857 4873 3119 4946 Spiritum
3152 4890 3400 4937 sanctum
3438 4886 3483 4915 "
3512 4905 3523 4939 :
3569 4908 3587 4936 ι

1998 4968 2147 5013 certe
2173 4960 2241 5015 de
2273 4959 2610 5019 humanitate
2630 4966 2829 5021 dicitur
2853 4978 2908 5025 et
2933 4970 3063 5026 dare
3094 4981 3151 5027 et
3187 4976 3437 5045 accipere
3470 4979 3593 5048 Spi-

2000 5050 2181 5105 ritum.

2676 5194 2908 5254 ALIUD.

2071 5324 2325 5381 Christus
2347 5326 2545 5385 alicuhi
2572 5331 2639 5386 ad
2662 5330 2881 5389 Patrem
2909 5335 3156 5407 loquens,
3179 5339 3252 5394 ita
3285 5340 3361 5395 ait
3394 5365 3407 5398 :
3438 5361 3455 5394 ι
3488 5344 3593 5398 Pro

2002 5416 2137 5486 ipsis
2173 5432 2274 5488 ego
2326 5422 2609 5479 sanctitieo
2651 5426 2937 5498 meipsum.
2976 5448 2995 5482 ι
3030 5430 3132 5499 Qui
3169 5448 3299 5489 vero
3346 5438 3589 5507 seipsnm

2000 5510 2344 5568 sanctiﬁcare
2398 5526 2595 5584 pateat,
2629 5534 2806 5590 neque
2862 5522 2915 5579 id
2965 5524 3184 5581 aliunde
3235 5530 3391 5597 petit,
3444 5544 3592 5588 certe

1999 5602 2454 5661 sanctiﬁcationis
2485 5608 2657 5679 ipsius
2680 5612 2934 5669 dominus
2963 5626 3063 5671 est.
3104 5619 3173 5671 At
3203 5618 3249 5673 si
3280 5622 3445 5694 198
3475 5626 3592 5694 ipse

1998 5693 2435 5752 sanctiﬁcatione
2465 5715 2570 5753 non
2608 5714 2748 5772 eget,
2784 5706 3043 5777 indigenti
3078 5709 3260 5781 itaque
3291 5693 3591 5771 eont‘ertnr.

2000 5779 2386 5842 Sanetiﬁcatnr
2416 5800 2594 5845 autem
2630 5796 2864 5852 humana
2893 5807 3107 5859 natura.
3142 5779 3319 5874 Atque
3350 5809 3451 5863 hoc
3477 5820 3595 5865 erat

364 5945 416 5973 ⁸⁵
453 5941 591 5996 l'sal.
629 5957 776 6008 λων,
807 5943 858 6009 7,
905 5944 955 5999 8.
1038 5945 1081 5975 ⁸⁷
1120 5944 1276 6001 Joan.
1307 5964 1441 6015 xm,
1486 5951 1568 6005 19.
1651 5954 1694 5985 ⁸³
1736 5954 1890 6010 Joan.

2006 5975 2034 6025 ',
2064 5962 2116 6015 (ἲ.
2198 5962 2422 6022 “Joan.
2470 5984 2558 6034 xx,
2589 5971 2679 6025 2'3.
