4024 6526
470 452 573 507 335

1459 451 1519 507 ὅ.
1558 449 1832 507 ειιυωιι
1870 447 2343 510 ALEXANDle
2381 445 2699 512 ARCHIEP.

3620 446 3712 512 $36

465 572 607 643 quod
632 577 850 641 pr0pter
882 582 979 622 nos
1014 567 1066 621 in
1093 564 1309 624 Christo
1341 567 1614 640 impletur,
1641 578 1827 655 ut-nos
1852 570 1904 627 In
1931 570 2010 641 ips

2146 570 2213 623 δι’
2246 574 2395 643 ἡμᾶς
2420 574 2477 626 ιν
2496 572 2717 644 Χριστῷ
2742 573 3137 645 πληρούμενον,
3162 574 3250 629 ῖνα
3270 572 3428 647 ἡμεῖς
3450 574 3711 641 ἀγιασθῶ-

464 665 885 721 sanotibcemur.

1133 775 1358 833 ALIUD.

846 912 925 967 Ex
952 913 1236 981 objections
1264 910 1649 965 nauticarum.

534 1048 803 1118 Scriptum
839 1056 941 1113 est,
974 1046 1279 1117 inquiunth
1314 1065 1332 1098 ι
1368 1044 1611 1099 Dilesistl
1652 1043 1945 1112 justitiam,
1981 1056 2038 1101 et

464 1141 623 1196 odisti
673 1141 1044 1209 iniquitatem,
1096 1138 1299 1193 idcirco
1343 1135 1499 1189 unxit
1557 1145 1608 1189 te
1663 1135 1843 1201 Deus,
1897 1134 2036 1191 Deus

463 1243 582 1287 tuus
613 1232 680 1285 ⁷⁸.
707 1250 725 1282 ι
762 1231 873 1285 Non
907 1233 1069 1301 igitur
1102 1231 1153 1284 in
1180 1230 1493 1283 universum
1521 1236 1744 1281 unctum
1768 1242 1891 1282 esse
1922 1227 2033 1283 Do-

459 1324 662 1377 minum
688 1324 957 1385 dabimus,
992 1321 1093 1376 nisi
1125 1321 1399 1376 dilexisset
1443 1319 1709 1390 justitiam
1750 1328 1805 1374 et
1833 1320 2034 1374 odisset

454 1414 816 1481 iniquitatem.
856 1412 969 1467 Vox
1005 1415 1151 1468 enim
1209 1414 1347 1478 haec,
1372 1413 1588 1477 idcirco,
1646 1425 1767 1481 quae
1811 1425 2029 1465 causam

451 1507 737 1575 signitlcat,
791 1508 1021 1573 adjecta,
1068 1506 1373 1563 unctionem
1420 1513 1673 1573 tanquam
1730 1505 2028 1559 mercedem

448 1598 664 1654 virtutis
695 1613 815 1653 esse
841 1598 1099 1660 ostendit.
1131 1596 1186 1651 Si
1218 1611 1344 1651 vero
1375 1596 1579 1651 idcirco
1620 1596 1857 1665 ungitur,
1901 1596 2027 1665 quia

445 1688 711 1757 justitiam
746 1688 929 1743 dilexit
959 1697 1014 1743 et
1055 1688 1170 1741 odit
1214 1686 1578 1757 iniquitatem,
1617 1700 1745 1752 ergo
1785 1685 2027 1740 sanctill-

449 1781 716 1835 cationem
750 1781 890 1833 dono
934 1778 1153 1854 εοοίρίιἔ
1185 1775 1285 1844 Qui
1325 1792 1454 1832 vero
1505 1776 1809 1847 adjectione
1848 1775 2026 1845 aliqua

446 1881 586 1941 eget,
626 1869 973 1940 imperfectus
1008 1870 1079 1925 sit
1106 1876 1342 1938 oportet,
1382 1882 1555 1939 neque
1600 1867 1745 1923 Patri
1781 1868 2025 1939 perfecto

444 1965 659 2019 similis.

955 2094 1162 2151 Salutio
1189 2095 1515 2163 objectionis.

518 2232 712 2301 Surge,
739 2231 828 2299 qui
856 2230 1082 2293 dormis,
1104 2238 1153 2283 et
1181 2230 1446 2284 suscitare
1477 2244 1508 2284 e
1531 2229 1758 2284 mortuis
1780 2230 2024 2299 “,atque

440 2326 564 2380 audi
607 2324 870 2388 vicissim,
908 2323 1177 2377 ltmrctice.
1214 2323 1347 2389 Quia
1396 2322 1599 2391 inquit,
1655 2340 1673 2373 ι
1704 2320 1875 2378 Odisti
1920 2324 2023 2379 ini-

439 2420 722 2489 quitatem,
778 2427 832 2470 et
882 2416 1117 2469 dilexisti
1163 2415 1456 2484 justitiam,
1509 2416 1712 2471 idcirco
1763 2418 1915 2472 unxit
1970 2426 2021 2473 te

439 2512 617 2565 Deus:
656 2527 674 2559 ι
710 2523 814 2561 non
848 2518 903 2561 ut
926 2508 1191 2577 quispiam
1237 2507 1379 2560 illam
1412 2509 1719 2562 unctionem
1749 2510 2017 2564 mercedis

438 2603 553 2655 loco
590 2599 862 2668 accepisse
888 2600 1211 2666 suspicetur,
1251 2598 1343 2653 sed
1390 2607 1449 2651 ut
1490 2598 1592 2652 hoc
1631 2608 1791 2668 pacto
1812 2600 2016 2654 dictum

436 2690 819 2758 intelligamus.
849 2687 1062 2742 Primus
1088 2696 1269 2740 noster
1302 2702 1498 2756 parens
1530 2687 1695 2741 Adam
1738 2688 2017 2744 mutabilis

434 2782 536 2837 fuit
565 2792 789 2842 naturae,
814 2781 1012 2849 quique
1036 2779 1307 2832 interdum
1332 2781 1545 2848 quidem
1568 2780 1835 2849 justitiam
1870 2795 2017 2833 ama.

435 2883 535 2937 ret,
582 2884 635 2926 et
668 2872 1004 2940 iniquitatem
1042 2872 1245 2925 odisset
1279 2889 1291 2924 :
1334 2870 1607 2925 interdum
1637 2887 1765 2925 vero
1800 2872 1850 2925 in
1881 2887 2015 2928 con-

432 2965 659 3019 trarium
687 2963 927 3017 habitum
954 2962 1269 3016 transiliret.
1291 2961 1425 3017 Cum
1452 2964 1594 3016 enim
1619 2963 1719 3018 hoc
1736 2965 2013 3033 proprium

433 3057 503 3111 sit
538 3064 743 3108 natura
778 3052 1055 3117 mutabili,
1098 3053 1352 3106 seductus
1394 3051 1495 3106 luit
1532 3067 1561 3106 a
1606 3052 1833 3108 diabolo.
1879 3053 2011 3107 Cum

433 3160 561 3200 vero
585 3144 650 3198 ad
678 3144 973 3197 curandum
1009 3144 1151 3196 hunc
1183 3144 1429 3198 morbum
1466 3146 1829 3199 necessarium
1869 3155 2013 3199 esset

434 3249 492 3293 ut
536 3236 871 3292 immutabile
921 3236 1011 3291 Dei
1052 3237 1282 3291 Verbum
1313 3237 1548 3305 seipsum
1584 3250 1683 3305 pro
1714 3237 1867 3291 nobis
1896 3236 2010 3289 dia-

431 3326 553 3382 bolo
582 3334 899 3394 opponeret,
932 3333 1009 3390 ut,
1039 3327 1491 3395 quemadmodum
1523 3342 1619 3396 per
1648 3328 1789 3382 illius
1829 3338 2006 3383 muta-

432 3408 691 3472 bilitatem
746 3418 869 3471 victi
924 3431 1171 3482 eramus,
1239 3418 1310 3470 ita
1362 3432 1458 3485 per
1522 3418 2009 3475 immutabilitatem

430 3504 592 3561 Verbi
632 3508 933 3586 yiucamus.
976 3507 1179 3561 Idcirco
1217 3508 1453 3577 ungitur,
1490 3518 1672 3579 utpote
1717 3513 1929 3579 semper
1958 3522 2011 3567 et

431 3598 838 3652 immutabiliter
903 3598 1169 3668 justitiam
1236 3599 1493 3667 diligens,
1560 3612 1615 3656 et
1671 3602 2006 3671 iniquitatem

429 3705 645 3744 exosam
678 3690 903 3755 habens,
949 3690 1150 3759 quique
1178 3691 1371 3744 mutari
1403 3702 1653 3761 nequeat.
1685 3692 1817 3747 Cum
1848 3695 2009 3763 igitur

429 3782 560 3837 dicit
604 3799 618 3835 :
668 3800 685 3832 ι
724 3781 961 3836 Dilexisti
1015 3782 1279 3851 justitiam
1329 3790 1381 3836 et
1429 3784 1586 3838 odisti
1642 3784 2006 3855 iniquitatem,

430 3873 631 3929 idcirco
664 3875 817 3927 unxit
843 3885 892 3928 te
927 3873 1084 3941 Deus,
1125 3893 1143 3924 ι
1183 3876 1255 3928 ita
1297 3874 1571 3945 intellige:
1612 3875 1744 3931 Cum
1787 3892 1852 3931 ex
1892 3892 2009 3931 om-

431 3965 591 4020 nibus
631 3967 829 4020 creatis
866 3966 1178 4019 mutabilem
1226 3976 1470 4019 naturam
1517 3967 1839 4023 habentibus
1877 3969 2007 4023 nihil

430 4056 645 4111 diabolo
696 4056 960 4111 obsistere
1020 4065 1232 4123 posset;
1287 4066 1340 4109 tu
1391 4071 1519 4111 vero
1566 4072 1630 4111 ex
1682 4058 2005 4113 immutabili

432 4148 590 4202 Patre
622 4147 969 4201 immutabilis
996 4147 1290 4210 exsistens,
1325 4152 1462 4202 Deus
1502 4147 1754 4215 Verbum,
1789 4165 2005 4221 semper

425 4238 688 4309 justitiam
735 4238 931 4307 diligis,
984 4248 1036 4291 et
1084 4237 1422 4306 iniquitatem
1490 4239 1696 4306 odisti,
1754 4243 1903 4296 unxit
1954 4252 2005 4299 te

433 4332 596 4394 Deus,
628 4330 756 4383 utin
786 4339 854 4392 te,
884 4339 936 4383 et
958 4330 1171 4398 quidem
1196 4330 1391 4397 primo,
1424 4332 1659 4385 hominis
1694 4342 1878 4385 natura
1909 4333 2002 4386 ad-

431 4436 617 4477 versus
639 4438 759 4477 eum
788 4421 972 4476 victrix
1002 4422 1273 4474 evaderet.

640 4632 867 4700 ALIUD,
917 4650 981 4687 ea.
1009 4634 1185 4686 eodem
1224 4634 1525 4703 syllogismo
1556 4637 1779 4690 illatum.

2146 678 2246 730 μεν
2278 666 2335 714 ἐν
2366 663 2531 733 αὐτῷ.

2840 782 3042 834 ΑΛΛΟ.

2472 910 2563 976 Ὠς
2584 910 2653 975 ἐξ
2688 912 3047 979 ἀντιθέσεως
3078 914 3407 981 αἰρετικῶν.

2209 1042 2544 1114 Γέγραπται,
2583 1044 2766 1112 φασιν
2802 1062 2820 1095 t
2877 1046 3198 1115 Ἦγάπησας
3237 1046 3608 1117 δικαιοσύνην,
3634 1050 3719 1101 καὶ

2137 1133 2406 1204 ιμίσησας
2429 1135 2687 1205 ἀνομίαν,
2711 1136 2799 1189 διά
2819 1136 2978 1189 τοῦτο
3002 1136 3186 1208 έχρισέ
3220 1155 3278 1190 σε
3305 1141 3333 1191 6
3361 1137 3516 1202 Θεὸς,
3545 1142 3573 1190 6
3593 1139 3719 1200 Θεὸς

2139 1240 2252 1277 σου.
2290 1242 2308 1275 ι
2342 1225 2456 1277 Οὐκ
2478 1226 2545 1277 ἀν
2571 1220 2664 1279 οὖν
2692 1226 2829 1290 ὅλως
2853 1227 3139 1299 κεκρίσθαι
3182 1228 3274 1282 τὸν
3327 1229 3531 1301 Κύριον
3553 1229 3717 1282 δώσο-

2139 1332 2259 1385 μεν,
2286 1314 2335 1366 εί
2366 1314 2439 1386 μὴ
2468 1315 2817 1389 δικαιοσύνην
2842 1319 3121 1389 ἠγάπησε,
3161 1321 3257 1373 καὶ
3298 1321 3562 1391 ἐμίσησεν
3609 1321 3716 1374 ἀοι·

2135 1403 2278 1458 κίαν.
2298 1405 2355 1459 Ὀ
2384 1406 2494 1477 γὰρ
2522 1406 2819 1477 σύνδεσμος
2846 1411 2875 1462 6
2901 1409 3286 1478 αίτιολογικδς,
3321 1413 3595 1477 τουτέστι,
3621 1412 3721 1466 διὰ

2134 1494 2329 1560 τοῦτο,
2356 1497 2561 1566 μεταξὺ
2623 1498 2893 1568 κείμενος,
2938 1500 3131 1569 μισθὸν
3184 1500 3379 1573 ὥσπερ
3426 1503 3633 1573 ἀρετῆς
3661 1504 3720 1558 τὸ

2133 1587 2342 1658 χρίσμα
2391 1587 2643 1643 δεικνύει.
2699 1591 2762 1642 El
2792 1591 2849 1645 δὲ
2900 1592 2990 1645 διά
3033 1592 3191 1646 τοῦτο
3235 1595 3474 1666 χρίεται,
3519 1598 3606 1650 ὅτι
3644 1598 3712 1649 δι·

2133 1678 2425 1750 καιοσύνην
2450 1680 2660 1752 ἀγαπᾷ,
2697 1682 2791 1734 καὶ
2824 1684 3039 1736 ἀδικίαν
3077 1688 3244 1754 μισεῖ,
3282 1687 3456 1757 δῶρον
3485 1687 3601 1757 έχει
3629 1689 3720 1741 τὸν

2132 1769 2421 1839 ἁγιασμόν.
2464 1770 2521 1823 Ὀ
2548 1771 2605 1823 δὲ
2641 1773 2960 1845 προσθήκης
2985 1774 3128 1838 τινὸς
3152 1777 3389 1848 δεηθεὶς,
3425 1780 3626 1852 ἀτελὴς
3654 1780 3719 1835 ἂν

2131 1861 2239 1929 είη,
2275 1862 2367 1914 καὶ
2394 1862 2491 1931 οὐχ
2525 1865 2708 1932 ὅμοιος
2748 1864 2823 1935 τῷ
2864 1865 3053 1937 τελείῳ
3088 1868 3283 1939 Πατρί.

2618 2085 2774 2152 Πρὸς
2800 2085 2977 2140 τοῦτο
3013 2087 3213 2155 λύσις.

2194 2203 2447 2289 Ἐγειραι
2480 2220 2508 2272 6
2542 2218 2847 2284 καθεύδων,
2877 2222 2971 2273 καὶ
3007 2220 3213 2275 ἀνάστα
3239 2223 3304 2276 ὲκ
3338 2223 3448 2277 τῶν
3477 2228 3718 2299 νεκρῶν,

2122 2311 2216 2364 καί
2252 2310 2459 2382 ἀκούσῃ
2483 2310 2661 2376 πάλιν,
2694 2312 2965 2381 αἱρετικὰ
3013 2314 3250 2385 Ἐπειδὴ,
3306 2317 3495 2388 φησὶν,
3531 2338 3549 2370 ι
3591 2321 3718 2390 ἑμί-

2123 2418 2293 2474 σ-ησας
2319 2402 2554 2470 ἀδικίαν,
2586 2404 2684 2456 καὶ
2702 2403 2996 2475 ἠγάπησας
3017 2404 3390 2479 δικαιοσύνην,
3427 2412 3517 2464 διὰ
3546 2413 3715 2467 τοῦτο

2119 2495 2303 2567 ἔχρισέ
2338 2510 2398 2547 σε
2418 2496 2447 2548 6
2471 2495 2603 2558 Θεὸς
2621 2535 2636 2561 ,
2677 2514 2696 2547 ι
2726 2498 2825 2567 οὐχ
2850 2498 2939 2551 ῐνα
2962 2497 3154 2567 μισθὸν
3176 2500 3379 2572 ἀρετῆς
3412 2502 3473 2555 τὸ
3497 2506 3715 2577 χρίσμα

2116 2580 2362 2639 δεδόσθαι
2384 2603 2465 2650 τις
2484 2586 2748 2657 ύπολάᾶῃ,
2784 2587 2895 2641 ἀλλ’
2938 2588 3025 2642 ῖνα
3057 2590 3281 2643 τοιῶσδε
3323 2594 3608 2665 νοήσωμεν
3652 2599 3719 2650 τὸ

2117 2680 2425 2749 λεγόμενον.
2480 2682 2733 2751 ἰ’ρεπτῆς
2783 2682 3043 2753 ὑπάρχων
3077 2684 3294 2753 φύσεως
3332 2689 3369 2739 6
3399 2691 3717 2761 προπάτωρ

2130 2771 2317 2843 Ἀδὰμ,
2351 2774 2442 2825 καὶ
2471 2773 2730 2842 πεφυκὼς
2754 2774 2970 2829 ἐσθ’ὃτε
3003 2778 3131 2829 ποτὲ
3163 2777 3263 2847 μὲν
3298 2780 3399 2849 τὴν
3428 2780 3718 2835 δικαιοσύ-

2115 2880 2213 2934 νην
2246 2864 2468 2937 ἀγαπᾷν
2502 2868 2596 2919 καὶ
2628 2870 2809 2937 μισεῖν
2855 2870 2955 2940 τὴν
3010 2870 3247 2934 ἀδικίαν,
3300 2874 3432 2927 ποτὲ
3460 2874 3518 2927 δὲ
3542 2877 3717 2931 πάλιν

2114 2958 2192 3019 είς
2220 2956 2317 3028 τὴν
2336 2960 2583 3012 ἔναντίαν
2610 2960 2721 3026 έξιν
2746 2961 3079 3033 μεταπηδᾷν,
3115 2965 3207 3017 καὶ
3238 2966 3459 3038 ἀγαπᾷν
3486 2969 3586 3037 μὲν
3608 2969 3718 3040 τὴν

2114 3047 2350 3113 ἀδικίαν,
2405 3053 2584 3120 μισεῖν
2619 3052 2803 3123 δὲτὴν
2835 3053 3184 3127 δικαιοσύνην
3230 3056 3424 3125 (τοῦτο
3455 3061 3567 3131 γάρ
3598 3062 3717 3115 τῶν

2112 3139 2459 3210 τρεπομένην
2522 3142 2755 3211 ἑχόντων
2795 3144 2894 3215 τὴν
2946 3145 3109 3213 φύσιν
3152 3146 3341 3217 ἴδιον),
3378 3150 3716 3222 παρηνέχθη

2116 3229 2265 3300 παρά
2292 3228 2385 3283 τοῦ
2407 3230 2678 3285 διαϐόλου.
2725 3234 2939 3306 Ἐπειδὴ
2966 3236 3022 3289 δὲ
3048 3237 3189 3308 πρὸς
3210 3239 3311 3307 τὴν
3340 3239 3435 3293 τοῦ
3457 3242 3716 3297 τοιούτω

2110 3323 2415 3392 νοσήματος
2449 3323 2600 3378 λύσιν
2627 3325 2733 3378 ἔδει
2771 3327 2861 3379 τὸν
2906 3328 3175 3400 ἄτρεπτον
3224 3332 3319 3385 τοῦ
3345 3332 3485 3386 Θεοῦ
3532 3336 3719 3405 Λόγον

2113 3414 2303 3467 ἑαυτὸν
2345 3416 2486 3487 ὑπὲρ
2505 3418 2664 3487 ἡμῶν
2698 3419 2993 3473 ἀντιθεῖναι
3022 3421 3100 3492 τῷ
3135 3425 3378 3496 πονηρῷ,
3422 3427 3490 3479 ἵν’
3511 3420 3717 3501 ὥσπερ

2110 3506 2197 3559 διά
2216 3507 2315 3576 τῆς
2345 3508 2555 3561 ἐκείνου
2617 3513 2827 3581 τροπῆς
2860 3512 3230 3585 ὲνικήθημεν,
3290 3517 3436 3573 οὕτω
3483 3520 3572 3575 διά
3604 3524 3718 3593 τῆς

2110 3596 2370 3667 ἀτρεψίας
2409 3598 2503 3650 τοῦ
2536 3599 2710 3668 Λόγου
2743 3606 3139 3675 κρατήσωμεν·
3175 3607 3263 3659 διὰ
3295 3609 3457 3663 τοῦτο
3485 3614 3718 3683 χρίεται

2110 3684 2184 3749 ὡς
2211 3687 2299 3740 ἀεὶ
2326 3688 2421 3740 καὶ
2439 3686 2924 3762 [ἀ]παραλλάκτως
2965 3694 3314 3769 δικαιοσύνην
3334 3700 3588 3769 ἀγαπῶν,
3607 3708 3720 3760 καὶ

2112 3777 2284 3847 μισῶν
2317 3778 2552 3845 ἀδικίαν,
2602 3783 2695 3835 καὶ
2746 3785 3019 3855 τραπῆναι
3064 3787 3138 3859 μὴ
3176 3788 3497 3861 δυνάμενος.
3530 3796 3717 3849 Ὅταν

2108 3865 2200 3923 οὖν
2233 3870 2389 3942 λέγῃ,
2429 3874 2794 3945 «Ἠγάπησας
2842 3877 3222 3951 δικαιοσύνην,
3278 3884 3374 3937 καὶ
3427 3887 3719 3959 ἐμίσησας

2108 3962 2340 4027 ἀδικίαν,
2366 3963 2451 4017 διά
2478 3965 2635 4018 τοῦτο
2666 3967 2849 4037 ἔχρισέ
2880 3986 2938 4023 σε
2963 3972 2991 4023 6
3031 3970 3193 4036 Θεὸς,
3234 3992 3252 4025 ι
3284 3976 3541 4049 τοιαύτην
3574 3982 3717 4037 τινὰ

2107 4053 2263 4124 δέχου
2297 4054 2532 4109 διάνοιαν
2551 4076 2562 4086 ·
2600 4056 2820 4130 Ἐπειδὴ
2843 4060 3060 4115 πάντων
3085 4065 3195 4117 τῶν
3224 4068 3471 4139 γενητῶν
3494 4088 3716 4142 τρεπο-

2110 4146 2277 4237 μένην
2304 4148 2536 4217 ὲχόντων
2562 4150 2661 4222 τὴν
2688 4151 2849 4221 φύσιν
2880 4153 3030 4207 οὐδὲν
3059 4156 3290 4225 ἠδύνατο
3314 4162 3589 4232 μάχεσθαι
3619 4167 3721 4237 τῷ

2104 4236 2354 4307 διαϐόλῳ,
2406 4240 2468 4293 σὺ
2494 4240 2555 4294 δὲ
2612 4241 2670 4307 ἐξ
2702 4244 2972 4313 ἀτρέπτου
3027 4246 3240 4318 ιΙατρὸς
3289 4250 3562 4323 ἄτρεπτος
3594 4236 3711 4322 ὣν,

2104 4328 2235 4393 Θεὸς
2260 4330 2449 4399 Λόγος,
2481 4333 2569 4384 ἀεὶ
2596 4334 2940 4408 δικαιοσύνην
2971 4338 3217 4411 ἀγαπᾷς,
3253 4348 3351 4415 τήν
3395 4363 3453 4399 τε
3476 4349 3718 4407 ἀδικίαν

2108 4423 2302 4517 μισεῖς,
2328 4422 2512 4517 έχρισέ
2538 4442 2595 4477 σε
2628 4428 2655 4477 6
2683 4427 2835 4490 Θεὸς,
2889 4430 2974 4483 ἶνα
3004 4431 3061 4483 ὲν
3091 4434 3175 4487 σοὶ
3226 4436 3318 4489 καὶ
3356 4437 3561 4512 πρώτῳ
3593 4445 3719 4517 τὴν

2103 4512 2391 4584 ἀνθρώπου
2430 4515 2591 4584 φύσιν
2620 4520 2751 4590 παρ’
2781 4521 2919 4574 αὑτά
2954 4524 3192 4580 νικῶσαν
3225 4526 3510 4602 θεάσηται.

2037 4651 2077 4703 D
2176 4649 2381 4711 ΑΛΛΟ,
2400 4650 2467 4704 ἐκ
2494 4652 2599 4705 τοῦ
2620 4655 2805 4709 αὐτοῦ
2834 4660 3146 4728 συναχθὲν
3168 4667 3624 4739 συλλογισμοῦ.

502 4764 668 4821 Multa
689 4764 1051 4835 hujuscemodi
1073 4765 1122 4817 in
1140 4780 1287 4819 sacra
1309 4765 1585 4833 Scriptura
1610 4768 1674 4821 de
1699 4768 1805 4823 Deo
1824 4784 1883 4822 ac
1898 4770 1999 4823 Pa-

438 4869 520 4914 tre
537 4857 804 4920 dicuntur,
823 4854 963 4924 quod
992 4856 1151 4926 199
1172 4874 1190 4907 t
1209 4856 1392 4913 Justus
1419 4861 1671 4913 Dominus
1690 4871 1741 4915 et
1761 4862 2000 4929 justitias

435 4950 626 5005 dilexit
665 4950 728 5002 ⁷⁸.
765 4968 781 5001 ι
817 4948 880 5001 Et
924 4964 1114 5003 rursus
1159 4966 1172 5001 :
1219 4968 1236 4999 ι
1270 4949 1439 5004 Odisti
1481 4967 1668 5008 omnes
1714 4965 1998 5023 operantes

429 5039 761 5109 iniquitatem
789 5039 855 5093 ⁷³.
882 5056 900 5089 ι
935 5036 1063 5093 Item
1094 5056 1105 5091 :
1142 5056 1159 5089 ι
1188 5037 1298 5107 Ego
1322 5039 1577 5095 Dominus
1598 5044 1687 5112 qui
1719 5044 1882 5112 diligo
1907 5046 1997 5113 ju-

426 5130 651 5193 stitiam,
684 5135 734 5180 et
780 5127 866 5180 odi
914 5126 1132 5196 rapinas
1158 5141 1224 5181 ex
1271 5129 1554 5198 iniquitate
1587 5131 1652 5184 ⁷⁸.
1686 5152 1705 5183 ι
1740 5136 1901 5204 Atqui
1948 5139 1993 5191 si

426 5222 548 5289 quis
582 5221 723 5274 dicat
756 5237 769 5271 :
800 5218 1022 5289 Magnus
1051 5219 1307 5276 Dominus
1344 5229 1545 5285 noster,
1576 5224 1700 5292 quia
1728 5224 1992 5294 justitiam

436 5314 608 5383 diligit
653 5320 706 5366 et
731 5313 841 5365 odit
869 5312 1203 5380 iniquitatem
1232 5332 1246 5368 :
1279 5329 1345 5367 an
1388 5315 1575 5371 titulus
1609 5319 1713 5382 hic,
1746 5335 1987 5390 magnus,

432 5406 538 5461 crit
568 5404 677 5457 Deo
705 5418 767 5457 ac
794 5402 936 5458 Patri
969 5418 1177 5459 merces
1204 5405 1438 5475 virtutis,
1471 5410 1614 5477 quod
1642 5412 1753 5465 haec
1779 5414 1993 5482 quidem

426 5506 589 5561 amet,
611 5496 693 5548 illa
720 5510 845 5549 vero
859 5493 1244 5551 oderit?Certe
1266 5502 1672 5570 nemojunquam
1695 5503 1828 5557 adeo
1846 5505 1993 5560 insa-

426 5589 605 5641 nierit.
657 5586 1113 5651 Quemadmodum
1158 5588 1319 5656 igitur
1372 5590 1677 5660 hujusmodi
1734 5607 1880 5651 recte
1928 5612 1991 5653 ac

426 5680 509 5748 pie
534 5682 600 5732 de
632 5676 789 5732 Patre
819 5678 1069 5735 dicuntur
1106 5697 1119 5734 :
1158 5680 1233 5735 ita
1268 5684 1430 5737 etlam
1464 5693 1609 5740 recte
1630 5685 1696 5741 de
1740 5687 1875 5742 Filio
1908 5690 1991 5743 in-

2171 4783 2500 4855 Εύρίσκεται
2524 4788 2673 4858 παρά
2701 4792 2765 4860 τῇ
2793 4790 2913 4863 Θείᾳ
2934 4792 3123 4867 Γραφῇ
3156 4798 3397 4869 περὶτοῦ
3432 4802 3569 4858 Θεοῦ
3595 4811 3722 4863 καὶ

2100 4874 2313 4943 Πατρδς
2351 4876 2579 4945 κείμενα
2624 4880 2849 4935 τοιαῦτα
2893 4882 3084 4950 πολλὰ,
3119 4886 3201 4939 ὅτι
3236 4907 3253 4938 ι
3305 4890 3528 4956 Δίκαιος
3576 4894 3725 4951 Κύο

2102 4983 2215 5035 ριος
2251 4966 2342 5019 καὶ
2371 4966 2718 5033 δικαιοσύνας
2739 4973 3011 5045 ἠγάπησε.
3044 4994 3061 5027 ι
3099 4978 3209 5030 Καὶ
3235 4980 3417 5035 πάλιν
3458 5000 3477 5033 ε
3528 4984 3719 5056 Ἐμί-

2102 5073 2273 5127 σησας
2308 5058 2514 5122 πάντας
2539 5063 2665 5125 τοὺς
2703 5065 3101 5138 ἐργαζομένους
3132 5070 3229 5142 τὴν
3254 5073 3506 5145 ἀνομίαν.
3536 5097 3554 5129 s
3577 5081 3728 5139 Καὶ

2103 5149 2285 5202 πάλινο
2322 5169 2353 5245 «μ
2380 5153 2520 5221 Ἐγώ
2540 5155 2655 5225 είμι
2704 5157 2907 5229 Κύριος
2960 5162 2987 5213 6
3036 5163 3267 5231 ἀγαπῶν
3298 5165 3676 5245 δικαιοσύνην
3702 5218 3722 5242 ,

2104 5246 2198 5292 καὶ
2223 5242 2395 5333 μισῶν
2429 5246 2767 5318 ἁρπάγματα
2812 5250 2871 5317 ἑξ
2913 5251 3149 5319 ἀδικίας.
3195 5275 3213 5307 ι
3256 5251 3367 5329 *Δρ
3400 5255 3495 5313 οὖν
3517 5263 3571 5315 εἴ
3606 5242 3730 5333 τις

2103 5334 2199 5429 καὶ
2221 5332 2309 5386 διὰ
2333 5334 2506 5429 ταῦτα
2535 5336 2699 5407 λέγοι·
2731 5342 2918 5411 Μέγας
2950 5344 2977 5395 ό
3029 5345 3233 5417 Κύριος
3272 5349 3451 5419 ήμῶν,
3486 5354 3565 5406 ὅτι
3588 5360 3728 5429 τὴν

2103 5422 2449 5519 δικαιοσύνην
2492 5430 2699 5503 ἀγαπᾷ,
2754 5438 2902 5504 μισεῖ
2955 5436 3011 5488 δὲ
3064 5438 3165 5509 τὴν
3209 5440 3441 5509 ἀδικίαν,
3496 5422 3731 5519 μισθός

2099 5513 2249 5611 ἔσται
2270 5516 2350 5587 τῷ
2380 5517 2499 5590 Θεῷ
2540 5523 2630 5575 καὶ
2658 5524 2832 5594 Πατρὶ
2861 5527 2920 5580 τὸ
2948 5528 3140 5597 μέγας
3166 5533 3261 5585 καὶ
3314 5513 3520 5607 ἀρετῆς
3557 5513 3727 5611 ἀείτί

2098 5606 2351 5703 απόδοσις
2375 5650 2389 5674 ,
2428 5611 2518 5703 »δτι
2577 5614 2701 5667 τάδε
2766 5618 2865 5687 μὲν
2897 5620 3119 5692 ἀγαπᾷ,
3154 5628 3303 5694 μισεῖ
3349 5627 3407 5680 δὲ
3457 5606 3667 5691 Exitus:
3700 5658 3725 5703 ;

2113 5693 2249 5747 Ἀλλ’
2278 5698 2378 5751 οὐκ
2418 5700 2482 5753 ἄν
2512 5717 2595 5764 τις
2626 5704 2767 5759 οὕτω
2813 5711 3004 5777 μανείη
3224 5716 3435 5779 Ὠσπερ
3466 5717 3560 5775 οὖν
3588 5693 3728 5795 ex;

493 5853 541 5889 "
567 5854 711 5911 Psal.
740 5872 877 5927 saw,
909 5860 959 5914 8.

1040 5860 1077 5891 ιι
1116 5860 1311 5931 Ephes.
1339 5879 1388 5931 ν,
1426 5864 1507 5919 ιι.
1586 5867 1629 5899 τ’
1660 5866 1800 5922 Psal.
1844 5885 1891 5923 ι.
1929 5870 1981 5923 8.

2129 5873 2269 5930 Psal.
2304 5893 2354 5944 ν,
2393 5878 2441 5932 7.
2526 5881 2571 5911 ⁷⁸
2600 5881 2703 5939 Isa.
2743 5902 2828 5939 LXI
2889 5888 2940 5943 8.
