4024 6524
328 513 439 571 337

1734 510 2009 572 'l'llESA'U
2020 509 2063 565 Β
2072 510 2113 567 ι]
2125 510 2181 565 S.

3522 504 3627 561 538

329 623 426 679 τοῦ
457 621 670 695 Πατρὸς
698 620 937 687 εὐσεδῶς
982 624 1186 677 νοεῖται
1218 621 1290 675 τὰ
1345 619 1568 675 τοιῶσδε
1620 621 1891 692 λεγόμενα
1912 660 1925 685 ,

2046 622 2202 691 telligi
2246 631 2492 691 possunt.
2530 622 2669 677 Nam
2714 622 2895 692 imago
2922 622 3304 693 archetypum,
3338 625 3393 672 et
3431 616 3626 673 archeo

330 713 596 779 οὕτωςᾶν
616 712 856 783 εὐλόγως
881 715 1179 787 ὲκληφθείη
1213 714 1309 768 καὶ
1350 713 1436 784 ἐφ’
1465 713 1617 767 Υἰοῦ.
1646 714 1790 785 Πρὸς
1820 713 1931 785 γὰρ

331 806 397 863 τὸ
419 804 730 877 ἀρχέτυπον
754 808 795 878 ἡ
829 807 1018 875 εἰκὼν,
1041 806 1138 861 καὶ
1165 805 1300 876 πρὸς
1329 805 1428 876 τὴν
1462 805 1651 861 εἰκόνα
1683 804 1745 859 τὸ
1774 804 1932 876 ἀρχέ-

329 916 520 956 τυπον.

332 1017 445 1083 Εἰς
480 1016 547 1071 τὸ
567 1019 760 1088 ῥητὸν
787 1016 893 1088 τοῦ
928 1015 1297 1088 Ἀποστὸλου
1329 1015 1396 1088 τὸ
1423 1015 1608 1088 λόγον
1628 1031 1654 1088 ’γ
1685 1035 1703 1067 ι
1727 1014 1933 1088 Ἐκᾴθ-

408 1102 543 1141 war
567 1084 647 1142 2+
674 1086 844 1154 δεξιᾷ
880 1086 993 1155 τῆς
1045 1087 1489 1156 μεγαλωσύνης
1529 1086 1601 1139 ἐν
1629 1084 1895 1156 ὑψηλοῖς
1914 1124 1929 1150 ,

408 1159 679 1224 τοσούτῳ
705 1158 988 1226 κρείττων
1012 1155 1334 1227 γενόμενος
1355 1156 1476 1210 τῶν
1503 1155 1794 1226 ἀγγέλων.
1836 1174 1857 1207 ι

410 1271 474 1323 Ui
506 1272 604 1342 τῆς
623 1272 812 1335 οὐσίας
836 1271 930 1325 τοῦ
953 1269 1090 1325 Θεοῦ
1117 1270 1293 1338 Λόγου
1344 1268 1656 1341 τολμῶντες
1698 1286 1935 1339 κατηγο·

337 1362 477 1432 ρεῖν.
508 1364 602 1415 καὶ
634 1362 725 1416 τὸν
760 1362 891 1417 Υἰδν
924 1364 1037 1426 τοῖς
1070 1363 1321 1433 γενητοῖς
1353 1362 1668 1416 συντάττειν
1703 1360 1935 1416 σπουδά-

338 1452 527 1518 ζοντές
552 1472 705 1523 φασι.
749 1454 1099 1525 σοφιζόμενοι
1121 1454 1221 1526 τὴν
1251 1451 1536 1525 ἀλήθειανο
1574 1453 1638 1507 Ei
1668 1452 1935 1525 κρείττων

336 1544 531 1613 γέγονε
563 1545 671 1599 τῶν
696 1545 946 1615 ἀγγέλων
992 1547 1021 1600 6
1080 1545 1223 1609 Υἰὸς,
1256 1545 1368 1599 ἀπὸ
1425 1544 1637 1617 τροπῆς
1685 1544 1795 1615 ἀρα
1821 1545 1935 1615 ἔχει

334 1632 499 1687 τοῦτο
525 1638 625 1706 τῆς
658 1636 749 1689 ἐπὶ
782 1636 845 1689 τὸ
870 1635 1116 1707 ἄμεινον’
1145 1634 1174 1687 δ
1214 1632 1324 1705 γὰρ
1361 1633 1463 1689 οὐκ
1493 1629 1562 1706 ἦν
1587 1633 1829 1703 ἐγένετο.
1863 1632 1943 1691 Τὸ.

336 1724 478 1789 δλως
511 1727 929 1795 μεταποιεῖσθαι
962 1726 1282 1798 δυνάμενον,
1346 1726 1442 1781 καὶ
1498 1727 1605 1781 ἀπό
1656 1744 1802 1790 τινος
1855 1728 1936 1790 εἰς

337 1815 526 1888 ἔτερόν
576 1835 631 1872 τι
681 1818 1122 1891 παραφέρεσθαι,
1168 1818 1413 1890 τρεπτῆς
1454 1811 1522 1875 ἃν
1572 1820 1659 1890 εἴη
1697 1819 1933 1890 φύσεως.

339 1907 403 1962 Εἰ
432 1908 490 1963 δὲ
515 1912 776 1984 τρεπτῆς,
804 1910 968 1984 δῆλον
1021 1913 1105 1966 ὅτι
1156 1912 1251 1968 καὶ
1279 1912 1514 1983 γενητῆς
1541 1955 1555 1979 ,
1612 1909 1682 1988 ἧς
1724 1913 1855 1970 ἴδιον
1898 1915 1931 1985 ή

336 2002 538 2074 τροπή,

824 2117 981 2185 Πρὸς
1028 2118 1206 2173 τοῦτο
1244 2118 1451 2185 λύσις.

412 2226 637 2297 Πρῶτον
670 2228 768 2299 μὲν
796 2222 890 2282 οῦν
919 2230 1186 2301 προσήκει
1242 2231 1334 2284 τὸν
1390 2234 1472 2296 εἰς
1529 2231 1760 2304 ἔρευναν
1824 2232 1934 2288 τῶν

339 2320 500 2374 θείων
548 2320 893 2375 εἰσϐαίνοντα
944 2320 1200 2393 Γραφῶν,
1251 2321 1343 2376 τὸν
1400 2324 1593 2395 καιρὸν
1648 2326 1934 2397 ἐπιτηρεῖν

337 2412 462 2465 καθ’
488 2411 547 2465 ὃν
574 2412 793 2479 λέγεται
838 2412 901 2465 τὸ
928 2412 1284 2485 δηλούμενον,
1349 2416 1444 2469 καὶ
1480 2416 1774 2485 πρόσωπον
1800 2419 1934 2489 παρ’

335 2498 421 2567 οὖ,
452 2502 484 2574 ἢ
519 2503 585 2556 δι’
623 2496 706 2566 οὗ,
741 2503 775 2574 ἢ
805 2504 936 2574 περὶ
974 2499 1035 2560 οὗ
1078 2504 1316 2571 λέγεταιο
1346 2506 1489 2560 οὕτω
1522 2508 1631 2579 γὰρ
1661 2507 1729 2561 ἂν
1757 2508 1935 2562 ἀπλα-

334 2594 437 2666 νὴς
471 2596 502 2664 ἠ
534 2594 742 2649 διάνοια
769 2594 1069 2666 φυλαχθείη
1104 2600 1217 2661 τοῖς
1248 2596 1426 2670 ὀρθῶς
1465 2598 1713 2653 ἐθέλουσι
1764 2602 1929 2656 νοεῖν.

333 2684 669 2755 Γνωσόμεθα
701 2686 801 2757 μὲν
834 2683 927 2739 οὖν
969 2686 1029 2741 τδ
1069 2688 1177 2742 ἀπὸ
1221 2687 1317 2742 τοῦ
1370 2689 1566 2760 καιροῦ
1616 2692 1891 2763 χρήσιμον
1915 2732 1933 2759 ,

332 2777 449 2830 τῶν
475 2778 645 2846 ἁγίων
665 2779 984 2834 ἀποστόλων
1032 2779 1324 2845 ἀκούοντες
1368 2780 1639 2851 λεγόντων
1671 2784 1897 2857 Χριστῷ
1917 2802 1932 2818 ο

341 2887 363 2921 ι
402 2868 539 2923 Πότε
562 2869 734 2923 ταῦτα
764 2869 937 2934 ἔσται,
970 2871 1067 2925 καὶ
1095 2870 1238 2926 τίτδ
1260 2875 1486 2945 σημεῖον
1525 2876 1624 2945 τῆς
1649 2874 1749 2944 σῆς
1787 2893 1936 2949 παρ-

332 2960 559 3029 ουσίας;
600 2983 618 3014 ι
664 2962 758 3015 Ἐκ
782 2961 838 3016 δὲ
868 2962 975 3016 τοῦ
985 2962 1061 3034 μὴ
1082 2963 1282 3018 εἰδέναι
1303 2964 1518 3037 καιρὸν,
1543 2965 1935 3039 ἐζημιώθησαν

333 3054 392 3107 οἰ
424 3056 561 3125 περὶ
587 3054 876 3125 Ὑμέναιον
910 3057 1004 3110 καὶ
1056 3056 1423 3128 Ἀλέξανδρον,
1450 3058 1771 3124 νομίσαντες
1801 3060 1935 3115 ἀνά-

336 3157 534 3196 στασιν
564 3143 662 3215 ἤδη
702 3144 1009 3214 γεγονέναι,
1059 3148 1151 3201 καὶ
1198 3147 1357 3202 τοῦτο
1400 3147 1653 3218 λέγοντες
1727 3150 1848 3204 Ὀτι
1877 3150 1937 3205 δὲ

335 3233 451 3287 τῶν
476 3234 783 3305 προσώπων
839 3238 1114 3306 ἀναγκαία
1157 3239 1251 3293 καὶ
1302 3239 1654 3312 ὲπωφελὴςή
1694 3241 1933 3310 γνῶσις,

2034 726 2193 788 typus
2226 717 2516 789 imaginem
2560 717 2750 774 refert.

2038 1004 2117 1060 ιιι
2142 1006 2343 1060 dictum
2378 1004 2514 1059 illud
2559 1003 2717 1059 Pauli
2744 1022 2761 1059 :
2793 1023 2810 1056 ι
2840 1002 2995 1059 Sedet
3030 1002 3083 1056 in
3115 1002 3332 1055 dextera
3365 999 3627 1065 magnitu-

2125 1076 2265 1131 dinis
2290 1076 2346 1130 in
2371 1075 2615 1141 excelsis,
2644 1084 2794 1129 tanta
2818 1075 3003 1129 melior
3024 1073 3199 1142 [actus
3215 1070 3437 1142 ⁸αηςείίε
3460 1069 3530 1126 ⁷⁸.
3564 1087 3583 1121 ι

2108 1252 2211 1321 Qui
2239 1254 2534 1309 essentiam
2569 1251 2733 1309 Verbi
2784 1253 2885 1309 Dei
2935 1250 3263 1308 calumniari
3315 1248 3545 1313 audent,
3574 1257 3631 1302 et

2034 1342 2232 1399 Filium
2265 1347 2409 1400 inter
2431 1351 2718 1401 creaturas
2740 1343 2989 1414 redigere
3014 1351 3308 1408 conantur,
3340 1339 3630 1394 veritatem

2037 1435 2408 1493 adulterantes
2439 1437 2515 1493 ita
2548 1438 2703 1493 aiunt
2732 1454 2745 1492 :
2778 1438 2834 1492 Si
2871 1436 3044 1492 Filius
3085 1435 3266 1491 factus
3309 1441 3397 1489 est
3440 1431 3634 1486 melior

2037 1526 2246 1599 angelis
2271 1545 2288 1597 ;
2313 1545 2447 1604 ergo
2480 1542 2549 1585 ex
2586 1530 2890 1585 mutatione
2923 1530 2978 1585 in
3008 1527 3203 1583 melius
3259 1527 3311 1581 id
3362 1537 3631 1579 consecu-

2039 1628 2125 1675 tus
2154 1630 2238 1675 est
2269 1636 2284 1675 :
2316 1621 2492 1677 factus
2517 1622 2663 1676 enim
2696 1630 2801 1690 est,
2833 1620 2979 1691 quod
3009 1635 3115 1675 non
3144 1628 3286 1674 erat.
3321 1616 3475 1683 Quod
3503 1629 3633 1671 vero

2039 1711 2093 1766 in
2139 1710 2456 1767 universum
2503 1712 2700 1766 nmtari
2754 1719 2935 1781 potest
2989 1718 3045 1765 et
3102 1723 3167 1764 ex
3218 1721 3327 1761 uno
3384 1707 3439 1760 in
3484 1704 3635 1759 aliud

2039 1800 2348 1867 transferri,
2383 1803 2660 1858 mutabilis
2685 1812 2891 1865 natura:
2917 1801 3011 1867 sit,
3048 1814 3273 1856 necesse
3302 1809 3408 1853 εει.
3445 1795 3501 1852 Si
3537 1810 3633 1852 ve-

2038 1909 2101 1950 ro
2153 1895 2428 1955 mutabilis
2472 1906 2681 1952 naturae
2736 1904 2841 1961 est,
2891 1893 2998 1952 erit
3055 1897 3220 1950 etiam
3266 1900 3487 1957 creatae,
3544 1889 3632 1945 cui

1963 1999 2011 2053 ιι
2036 1986 2254 2057 propria
2289 1996 2376 2048 est
2404 1990 2658 2045 mutatio.

2558 2097 2767 2156 Salutio
2793 2099 3127 2169 objectionis.

2108 2223 2350 2279 Primum
2378 2217 2598 2291 quidem
2638 2222 2855 2286 oportet
2906 2230 3031 2271 eum
3084 2212 3176 2284 qui
3229 2212 3297 2268 ad
3337 2208 3635 2282 investiga-

2040 2316 2238 2373 tionem
2271 2326 2550 2369 sacrarum
2604 2308 3016 2378 Scripturarum
3062 2303 3300 2371 accedit,
3334 2303 3635 2359 observare

2040 2417 2252 2478 tempus
2304 2418 2410 2475 quo
2439 2402 2645 2474 aliquid
2700 2401 2926 2466 dicitur,
2983 2408 3039 2455 et
3089 2412 3381 2470 personam
3411 2412 3439 2450 a
3478 2411 3585 2467 qua
3615 2437 3633 2463 ,

2036 2512 2258 2577 propter
2289 2501 2441 2574 quid,
2476 2507 2533 2556 et
2564 2499 2633 2554 de
2662 2512 2770 2568 quo
2806 2497 3008 2552 dicitur
3033 2512 3050 2551 :
3076 2495 3151 2550 ita
3184 2494 3330 2548 enim
3361 2492 3455 2562 qui
3486 2498 3635 2544 recte

2038 2595 2247 2650 sentire
2296 2593 2500 2659 velint,
2545 2592 2685 2648 citra
2740 2586 2905 2644 ullum
2963 2602 3208 2644 errorem
3258 2601 3378 2657 quae
3429 2583 3634 2652 scripta

2037 2696 2165 2743 sunt
2199 2685 2527 2755 intelligent.
2566 2683 2854 2755 Temporis
2885 2682 3072 2752 itaque
3105 2681 3398 2735 utilitatem
3434 2690 3636 2746 cogno-

2037 2792 2277 2841 scemus,
2307 2792 2431 2832 cum
2474 2777 2760 2833 audiemus
2805 2785 3032 2832 sanctos
3077 2771 3352 2844 apostolos
3379 2770 3447 2825 ad
3474 2767 3638 2824 Chri-

2036 2878 2180 2923 stum
2231 2866 2473 2922 dicentes
2515 2882 2530 2918 :
2566 2884 2585 2918 ‹
2635 2864 2863 2932 Quando
2897 2864 3014 2919 haec
3065 2871 3248 2927 erunt,
3296 2870 3351 2915 et
3382 2860 3527 2930 quod
3562 2857 3639 2914 si-

2038 2975 2204 3030 gnum
2231 2968 2317 3015 est
2364 2959 2441 3014 tui
2482 2960 2753 3015 adventus
2794 2958 2887 3012 "?
2927 2976 2947 3010 ι
3006 2954 3331 3028 Hymenaeus
3382 2953 3546 3007 etiam
3582 2961 3639 3006 et

2037 3052 2348 3108 Alexander
2379 3060 2601 3123 propter
2644 3049 3019 3120 ignorantiam
3057 3047 3319 3118 temporis
3358 3055 3637 3108 errarunt,

2038 3155 2349 3204 asserentes
2375 3146 2837 3203 resurrectionem
2863 3144 2977 3213 jam
3010 3144 3212 3200 factam
3251 3158 3375 3199 esse
3394 3142 3462 3197 ⁷⁷.
3484 3140 3638 3209 Quod

2038 3256 2171 3298 vero
2231 3256 2593 3312 personarum
2631 3230 2837 3297 notitia”
2865 3240 3177 3295 necessaria
3233 3237 3497 3306 utilisque
3542 3236 3638 3297 sit,

335 3325 603 3395 εἰσόμεθα
622 3328 807 3392 πάλιν,
825 3330 954 3383 ὅταν
974 3329 1002 3381 6
1017 3329 1284 3401 Εὐνοῦχος
1307 3331 1442 3403 λέγῃ
1462 3332 1600 3405 πρὸς
1626 3332 1894 3388 Φίλιππον
1913 3351 1927 3364 θ

2046 3349 2099 3390 εκ
2151 3348 2219 3389 εο
2263 3333 2655 3403 intelligemus,
2715 3346 2837 3387 cum
2875 3332 3162 3387 eunuchus
3208 3330 3275 3385 ad
3324 3329 3638 3397 Philippum

343 3435 387 3469 «υ
404 3418 605 3489 Δέομαί
635 3436 750 3483 σου,
776 3421 908 3491 περὶ
929 3422 1070 3486 τίνος
1092 3424 1120 3474 6
1142 3424 1425 3496 προφήτης
1456 3424 1627 3494 λέγει,
1652 3426 1779 3497 περὶ
1803 3427 1931 3480 έαυ-

334 3509 496 3582 τοῦη
549 3510 679 3583 περὶ
716 3511 904 3585 ἑτέρου
951 3515 1134 3582 τινός;
1178 3535 1196 3568 ι
1234 3515 1372 3586 ἢὼς
1425 3518 1553 3572 ὅταν
1599 3518 1629 3571 6
1664 3521 1935 3591 μακάριος

335 3600 576 3666 Παῦλος.
602 3603 698 3656 τοῦ
728 3605 979 3677 Σωτῆρος
1004 3605 1064 3659 τὸ
1095 3608 1386 3677 πρόσωπον
1424 3610 1775 3682 εἰσφέρεσθαι
1810 3611 1936 3683 βου-

336 3694 585 3763 λόμενος,
622 3695 781 3767 λέγῃοη
818 3717 836 3749 ι
884 3696 1002 3767 Ἐφ’
1029 3698 1089 3751 ὃν
1114 3699 1221 3773 γὰρ
1271 3700 1489 3770 λέγεται
1532 3702 1726 3768 ταῦτα,
1762 3704 1937 3776 φυλῆς

339 3785 541 3857 ἑτέρας
564 3788 892 3858 μετέσχηκε.
937 3790 1210 3863 Πρόδηλον
1238 3790 1367 3863 γὰρ,
1397 3793 1479 3847 ὃτι
1504 3794 1565 3859 ὲξ
1606 3794 1776 3849 ’ἰούδα
1800 3797 1936 3849 ἁνα-

339 3876 605 3931 τέταλκεν
640 3879 669 3930 6
700 3878 922 3950 Κύριος.
959 3900 978 3932 ι
1039 3881 1162 3934 Ὅτι
1207 3882 1265 3935 δὲ
1307 3884 1401 3937 καὶ
1457 3884 1518 3938 τὸ
1565 3888 1799 3957 πρᾶγμα
1861 3886 1935 3957 μὴ

342 3972 561 4039 ἀγνοεῖν
599 3973 918 4039 ἀναγκαῖον,
941 3973 1192 4027 ἐντεῦθεν
1220 3973 1373 4030 ἔσται
1404 3977 1738 4047 καταφανές,
1765 3979 1937 4034 Ὅταν

343 4060 455 4132 γὰρ
489 4062 538 4115 οἱ
566 4063 843 4132 προφῆται
864 4062 932 4117 τὰ
949 4064 1190 4136 περὶτοῦ
1213 4066 1467 4138 Σωτῆρος
1492 4086 1669 4141 προκη
1680 4070 1935 4141 ρῦττωσι,

346 4154 441 4207 καὶ
474 4154 503 4207 6
535 4153 634 4223 μὲν
660 4153 816 4226 λέγῃ·
844 4173 862 4206 ι
908 4156 1040 4210 Ἰδοὺ
1075 4157 1109 4228 ή
1152 4158 1425 4228 παρθένος
1453 4161 1511 4215 ὲν
1535 4162 1737 4234 γαστρὶ
1761 4161 1931 4228 ἒξειί

347 4243 575 4316 ἑτέρωθι
596 4245 654 4297 δὲ
694 4246 875 4310 πάλιν,
914 4265 933 4298 ι
957 4246 1043 4310 Ὠς
1068 4247 1339 4318 πρόϐατον
1363 4250 1457 4304 ἐπὶ
1488 4251 1703 4323 σφαγὴν
1733 4252 1931 4324 ἠχθηο»

347 4336 443 4389 καὶ
477 4335 551 4407 μὴ
579 4338 785 4406 κυρίως
807 4337 878 4392 τὰ
906 4338 1131 4395 τοιαῦτα
1158 4341 1346 4413 νοῆται
1374 4345 1504 4415 περί⁷
1535 4344 1807 4415 Χριστοῦ,
1840 4363 1940 4418 μα-

348 4427 488 4498 κράν
528 4444 631 4480 που
685 4429 789 4499 τῆς
823 4429 1081 4501 ἀληθείας
1117 4432 1146 4485 6
1196 4431 1322 4498 νοῦς
1349 4435 1652 4506 οἰχήσεται,
1696 4438 1790 4491 καὶ
1828 4437 1937 4492 τῶν

345 4517 588 4571 εὐσεσῶν
614 4520 1406 4594 έκπετασθήσεταινοημάτων.
1439 4524 1740 4595 Ἀναγκαία
1761 4527 1939 4582 τοίνυν

346 4606 455 4661 τῶν
483 4608 788 4679 εἰρημένων
813 4609 848 4680 ἡ
874 4610 1224 4683 ἒπιτήρησις.
1266 4613 1739 4685 Ἐπιτηρηθέντων
1760 4616 1939 4672 τοίνυν

2040 3426 2156 3479 ait:
2192 3442 2211 3476 ι
2237 3423 2349 3480 Oro
2383 3432 2457 3490 te,
2492 3423 2559 3478 de
2585 3434 2695 3493 quo
2726 3422 2971 3493 loquitur
3001 3423 3271 3493 propheta
3300 3421 3325 3475 ?
3356 3422 3423 3474 de
3456 3420 3639 3491 seipso

2042 3526 2137 3572 aut
2169 3517 2235 3573 de
2256 3516 2364 3572 alio
2390 3516 2574 3587 aliquo
2602 3516 2693 3571 πῖ
2731 3533 2752 3569 ι
2782 3516 2890 3571 Aut
2920 3516 3145 3586 quando
3187 3514 3389 3570 Paulus
3436 3515 3640 3569 Serva-

2045 3608 2178 3664 toris
2194 3623 2483 3678 personam
2510 3607 2735 3680 intelligi
2769 3607 3171 3672 volens,dicit:
3203 3626 3223 3660 ί
3260 3605 3335 3662 De
3359 3622 3468 3677 quo
3491 3607 3638 3661 enim

2043 3700 2162 3755 haec
2204 3700 2489 3765 dicuntur,
2537 3699 2585 3754 is
2619 3700 2687 3757 de
2729 3699 2835 3753 alia
2879 3700 3022 3754 tribu
3057 3707 3158 3754 est.
3189 3698 3533 3753 Manifestqu
3558 3709 3642 3754 est

2044 3793 2186 3863 quod
2227 3808 2293 3848 ex
2324 3793 2460 3849 Juda
2491 3800 2649 3849 ortus
2684 3802 2764 3849 est
2806 3792 3068 3848 Dominus
3100 3794 3170 3849 ⁷⁸.
3209 3812 3228 3845 ι
3265 3791 3418 3859 Quod
3456 3801 3641 3845 autem

2044 3899 2267 3940 necesse
2306 3885 2377 3940 sit
2411 3900 2525 3940 rem
2560 3886 2734 3957 ipsam
2761 3900 2867 3942 non
2902 3886 3180 3957 ignorare,
3232 3886 3359 3940 inde
3400 3892 3640 3941 constat.

2046 3976 2274 4043 Quando
2309 3977 2455 4032 enim
2510 3978 2792 4049 prophetae
2820 4016 2836 4044 ,
2873 3992 2996 4047 qua
3031 3976 3097 4031 ad
3134 3976 3415 4031 Christum
3471 3976 3642 4045 perti-

2047 4077 2197 4133 nent,
2260 4069 2586 4139 praedicunt,
2628 4079 2795 4142 atque
2834 4070 2923 4125 hic
2963 4070 3195 4139 quidem
3226 4069 3361 4123 dicit
3401 4084 3415 4120 :
3451 4086 3469 4120 ι
3502 4068 3645 4123 Ecce

2048 4160 2213 4231 200
2258 4160 2415 4231 virgo
2462 4160 2516 4215 in
2564 4171 2723 4216 utero
2775 4159 3053 4230 concipiet
3095 4158 3177 4225 '°;
3232 4177 3251 4211 ι
3281 4158 3408 4213 alihi
3452 4173 3579 4213 vero
3628 4177 3642 4213 :

2052 4269 2071 4302 ι
2103 4250 2259 4309 Sicut
2281 4250 2400 4306 ovis
2451 4249 2646 4305 ductes
2686 4250 2753 4305 ad
2778 4250 3118 4306 occisionem
3149 4248 3218 4314 ⁸⁸,
3243 4267 3263 4300 ο
3296 4247 3398 4302 nisi
3427 4248 3647 4318 proprie

2046 4341 2164 4397 haec
2200 4341 2267 4397 de
2294 4341 2517 4397 Christo
2552 4341 2952 4412 intelligantur,
3008 4354 3208 4395 sensus
3266 4339 3426 4411 longe
3473 4353 3503 4392 a
3548 4352 3645 4393 ve-

2048 4434 2211 4489 ritate
2231 4434 2534 4501 aherrahit,
2586 4445 2641 4489 et
2680 4448 2710 4488 a
2745 4433 2848 4504 piis
2894 4431 3335 4504 cogitationibus
3368 4428 3675 4493 deﬂectet._

2047 4527 2367 4584 Necessaria
2396 4528 2565 4597 igitur
2593 4534 2676 4581 est
2699 4540 2889 4581 eorum
2932 4540 3054 4596 qua:
3094 4524 3355 4580 dicuntur
3394 4522 3645 4579 conside-

2048 4622 2209 4677 ratio.
2246 4620 2302 4676 Si
2328 4622 2452 4691 quis
2485 4633 2616 4690 ergo
2653 4630 2906 4675 accurate
2950 4618 3356 4674 animadvertat
3403 4627 3640 4687 tempus,

347 4701 597 4773 ἀκριϐῶς
625 4701 844 4773 καιροῦ,
905 4704 999 4757 καὶ
1043 4704 1339 4777 προσώπου
1365 4748 1378 4772 ,
1431 4708 1527 4764 καὶ
1579 4710 1936 4780 πράγματος,

2046 4726 2361 4783 personam,
2391 4721 2447 4766 et
2478 4726 2616 4779 rem,
2674 4711 2777 4767 hoc
2806 4726 2836 4765 ιι
2871 4710 3042 4766 Paulo
3088 4710 3297 4766 dictum
3334 4725 3461 4765 esse
3489 4726 3642 4766 com-

345 4792 703 4865 εὑρεθήσεται
750 4793 921 4848 ταῦτα
964 4795 1141 4865 λέγων
1185 4799 1214 4851 6
1266 4798 1495 4866 Παῦλος,
1542 4800 1622 4855 ὅτι
1685 4801 1751 4855 δι’
1792 4804 1941 4875 ἡμᾶς

346 4885 771 4958 ἔνηνθρώπησεν
794 4887 823 4938 6
850 4887 943 4941 τοῖ’
975 4888 1110 4943 Θεοῦ
1155 4890 1347 4960 Λόγος,
1380 4893 1469 4945 ὅτε
1509 4893 1617 4947 τῶν
1654 4898 1940 4969 ἁμαρτιῶν

347 4974 506 5046 ήμῶν
537 4974 878 5047 καθαρισμὸν
900 4978 1265 5048 ποιησάμενος
1296 4982 1551 5035 ἐκάθισεν
1576 4985 1634 5037 ὲν
1662 4984 1810 5057 δεξιᾷ
1840 4989 1940 5058 τῆς

350 5067 745 5141 μεγαλωσύνης
771 5071 841 5122 ἐν’
889 5068 1133 5141 ὑψηλοῖς,
1165 5074 1283 5126 τότε
1308 5075 1574 5144 κρείττων
1602 5078 1795 5146 γέγονε
1831 5081 1939 5133 τῶν

346 5160 618 5228 ἀγγέλων·
646 5161 708 5214 οὐ
735 5162 834 5232 τὴν
861 5161 1023 5232 φύσιν
1057 5164 1137 5227 εἰς
1187 5164 1376 5239 ἕτερόν
1414 5186 1466 5221 τι
1520 5172 1866 5241 μεταϐαλὼν,
1904 5174 1938 5245 ἢ

348 5252 491 5323 ὅπερ
512 5253 611 5306 οὐκ
632 5252 706 5308 ὢν
732 5255 984 5323 φαίνεται
1016 5257 1304 5329 πρότερον,
1334 5259 1560 5333 ὕστερον
1594 5264 1858 5333 γεγονώς
1878 5267 1939 5319 οὐ

349 5341 461 5411 γὰρ
486 5344 737 5416 περὶτῆς
768 5345 987 5415 φύσεως
1004 5348 1101 5402 τοῦ
1136 5350 1267 5404 Υἰοῦ
1302 5351 1397 5406 νῦν
1413 5356 1452 5407 '6
1492 5354 1651 5424 λόγος
1694 5360 1811 5412 ἐστὶ
1862 5359 1942 5429 τῷ

350 5435 572 5505 Παύλῳ,
604 5437 739 5491 ἀλλὰ
773 5440 903 5511 περὶ
948 5442 1275 5513 πράγματος
1309 5449 1604 5518 γενομένου
1658 5451 1715 5504 ὲν
1762 5452 1943 5525 καιρῷ

352 5527 451 5598 τῆς
484 5527 970 5600 ὲνανθρωπήσεως.
1014 5534 1225 5589 Οὐκοῦν
1264 5537 1326 5589 οὐ
1383 5542 1449 5610 τῇ
1494 5542 1655 5609 φύσει
1707 5544 1818 5597 τῶν
1846 5546 1945 5615 ἀγ-

353 5618 528 5687 γέλων
552 5619 651 5690 τὴν
670 5621 764 5674 τοῦ
792 5621 922 5676 Υἰοῦ
962 5624 1118 5693 φύσιν
1139 5628 1524 5699 συγκρίνεσθαι
1549 5633 1739 5703 θέλων,
1762 5637 1945 5708 κρείτ-

355 5727 482 5763 τονα
528 5709 638 5763 τῶν
691 5711 942 5781 ἀγγέλων
1000 5716 1162 5770 αὐτὸν
1196 5720 1523 5790 γεγενῆσθαί
1558 5742 1747 5796 φησιν,
1808 5728 1944 5784 ἀλλὰ

442 5870 487 5954 I"
520 5869 681 5925 llcbr.
711 5872 839 5954 μβ,
956 5941 971 5954 .
1010 5874 1056 5904 ⁷⁸
1088 5873 1277 5954 Mattlt_.
1308 5894 1454 5954 xxrv,
1486 5884 1539 5941 3.

358 5945 401 5975 “
433 5938 541 5996 ιω.
575 5955 671 6008 vn,
705 5941 792 5998 16.
872 5943 915 5975 ⁸¹
953 5941 1055 6000 lsa.
1089 5961 1207 6014 LIII,
1244 5947 1294 6002 7.

1630 5889 1671 5917 77
1700 5885 1742 5941 ll
1774 5888 1913 5945 Tim.
1950 5904 2012 5958 ll,
2058 5889 2143 5957 Π,
2183 5891 2266 5948 18.

2047 4807 2243 4877 periet,
2269 4805 2508 4861 Verbum
2563 4804 2659 4861 Dei
2694 4814 2918 4875 propter
2972 4820 3071 4860 nos
3110 4805 3458 4859 incarnatum
3496 4819 3642 4869 esse,

2051 4899 2269 4969 quando
2313 4898 2557 4968 purgatis
2598 4897 2839 4968 peccatis
2885 4898 3090 4953 nostris
3139 4896 3283 4953 sedit
3324 4898 3377 4950 in
3419 4897 3645 4951 dextera

2049 4989 2354 5061 maiestatis
2385 4990 2438 5044 in
2464 4990 2739 5057 excelsis;
2792 4998 2922 5045 tunc
2965 4989 3158 5045 melior
3208 4989 3417 5061 angelis
3460 4989 3640 5046 factus

2048 5091 2132 5139 est
2164 5102 2179 5138 :
2218 5098 2326 5139 non
2368 5093 2563 5139 natura
2606 5083 2779 5153 ipsius
2807 5083 2861 5139 in
2901 5084 3047 5138 aliud
3075 5083 3357 5153 quidpiam
3408 5093 3652 5152 mutata,

2050 5186 2144 5235 aut
2171 5176 2316 5246 quod
2357 5185 2520 5231 antea
2557 5191 2665 5232 non
2696 5185 2856 5245 erat,
2902 5187 3092 5247 postea
3139 5176 3408 5243 ell‘ectus;
3460 5192 3639 5247 neque

2048 5271 2192 5325 enim
2217 5269 2420 5326 Paulus
2455 5284 2600 5325 nunc
2634 5270 2699 5325 de
2724 5280 2919 5324 natura
2957 5268 3082 5324 Filii
3130 5270 3395 5341 loquitur,
3452 5270 3550 5326 sed
3588 5274 3654 5327 dc

2052 5377 2109 5417 re
2139 5376 2259 5432 qua:
2287 5362 2429 5417 facta
2458 5371 2543 5417 est
2577 5370 2825 5431 tempore
2872 5362 3291 5417 incarnationis.
3320 5362 3437 5417 Non
3478 5362 3645 5433 igitur

2052 5462 2304 5508 naturam
2334 5453 2459 5509 Filii
2520 5468 2641 5509 cum
2702 5463 2896 5509 natura
2944 5452 3261 5525 angelorum
3322 5468 3649 5523 comparare

2055 5544 2260 5611 volens,
2289 5546 2728 5618 praestantiorem
2771 5548 2945 5617 ipsum
2969 5547 3180 5617 angelis
3226 5546 3484 5601 elTectum
3530 5562 3651 5602 esse

2054 5638 2151 5705 ait,
2185 5642 2280 5694 sed
2313 5654 2400 5695 res
2432 5649 2594 5710 atque
2647 5639 2894 5694 actiones
2944 5639 3087 5693 inter
3118 5653 3178 5693 se
3211 5648 3515 5706 comparat,
3560 5650 3648 5694 at-

2051 5747 2157 5799 que
2189 5733 2289 5786 hac
2322 5733 2530 5788 ratione
2562 5731 3001 5800 praestantiorem
3040 5729 3243 5786 factum
3275 5745 3398 5786 esse
3450 5730 3646 5787 Filium

2370 5892 2416 5924 ⁷⁸
2444 5894 2563 5948 Αει.
2604 5891 2842 5957 “11,31.
2932 5890 2978 5921 "
3016 5888 3182 5948 ilehr.
3232 5907 3326 5959 vn,
3381 5893 3441 5949 l5
3567 5892 3649 5952 li.
