4024 6496
458 446 559 502 539

1482 441 1539 496 S.
1580 441 1854 497 CYNILLI
1896 443 2367 500 ALEXANDRINI
2410 440 2711 498 ARCHIEP

3600 443 3695 501 μθ

456 563 710 619 ostendit.
749 561 840 616 Est
872 575 1000 616 vero
1030 560 1118 637 ltic
1174 559 1303 613 dicti
1354 571 1545 613 sensus
1605 578 1617 614 :
1668 557 1861 612 Paulus
1900 572 2014 611 cum

2128 559 2473 628 πραγμάτων
2538 560 2770 613 ποιεῖται
2831 557 3117 629 σύγκρισιν
3142 576 3157 592 ·
3208 561 3304 614 καὶ
3353 560 3499 615 κατά
3548 560 3694 615 τοῦτο

459 653 695 707 Hebraeis
715 653 1005 715 disserens,
1027 664 1331 719 magnaque
1363 648 1612 702 libertate
1641 651 2020 701 demonstrare

455 743 643 797 volens
699 741 1057 796 ministerium
1104 739 1304 793 Christi
1350 737 1698 805 praestantius
1732 737 1915 793 luisse
1968 744 2022 789 et

456 835 838 903 prophetarum
870 831 1126 885 missione
1170 838 1225 883 et
1250 828 1720 883 administratione
1764 828 1895 897 legis
1925 843 2022 895 per

454 927 674 996 angelos
723 926 884 988 facta,
924 938 987 978 ex
1029 922 1286 991 dignitate
1332 935 1691 988 personarum
1733 933 2017 988 compara-

456 1018 655 1073 tionem
688 1017 836 1079 facit,
865 1024 918 1069 et
948 1014 1158 1084 inquit:
1198 1031 1215 1063 ι
1252 1012 1390 1068 Olim
1426 1010 1567 1066 Deus
1593 1013 1819 1079 loquens
1854 1010 2016 1079 patrio

454 1108 555 1164 bus
597 1110 649 1162 in
707 1108 1008 1177 prophetis,
1054 1105 1365 1160 novissimis
1414 1104 1533 1159 istis
1582 1103 1769 1157 diebus
1812 1103 2021 1156 locutus

454 1211 537 1258 est
566 1202 719 1256 nobis
750 1201 801 1255 in
852 1200 1007 1262 Filio,
1035 1212 1191 1269 quem
1242 1192 1525 1252 constituit
1578 1194 1846 1251 lueredem
1897 1194 2018 1247 uni—

454 1309 752 1357 versorum,
793 1308 887 1363 per
921 1307 1078 1362 quem
1120 1290 1247 1345 fecit
1272 1302 1326 1345 et
1369 1290 1590 1346 saecula.
1648 1287 1748 1353 Qui
1791 1301 1913 1341 cum
1946 1288 2020 1341 sit

453 1386 704 1454 splendor
755 1385 979 1453 glorias,
1036 1394 1093 1438 et
1138 1383 1423 1436 character
1480 1378 1804 1435 substantia
1853 1377 1969 1447 ejus
1998 1416 2015 1438 ,

452 1488 780 1547 portansqne
812 1476 992 1529 omnia
1022 1473 1198 1529 Verbo
1230 1473 1445 1526 virtutis
1468 1485 1599 1535 sure,
1634 1470 2011 1539 purgationem

453 1576 794 1637 peccatorum
832 1554 1055 1629 faciens,
1084 1564 1235 1619 sedet
1278 1563 1345 1617 ad
1381 1563 1661 1617 dexteram
1715 1560 2017 1629 majestatis

454 1661 506 1713 in
535 1660 762 1713 excelsis
792 1658 860 1713 ".
918 1676 936 1709 ι
984 1656 1119 1713 Cum
1169 1657 1330 1725 igitur
1374 1665 1576 1709 tantam
1617 1653 1840 1722 gloriam
1882 1652 2019 1706 Filio

452 1750 710 1813 ascribit,
742 1759 796 1803 et
841 1763 961 1818 quae
999 1756 1208 1802 natura:
1260 1746 1437 1801 Patris
1476 1746 1691 1814 propria
1745 1753 1870 1798 sunt
1918 1743 2016 1812 ipsi

452 1838 823 1892 accommodat
866 1854 879 1889 :
917 1849 1042 1892 tunc
1076 1836 1226 1891 illum
1259 1845 1410 1889 tanto
1441 1835 1877 1904 praestantiorem
1920 1850 2017 1887 an-

2124 648 2406 718 κρείττονα
2448 647 2540 701 τὸν
2589 647 2715 701 Υίὸν
2772 648 3021 716 γενέσθαι
3079 648 3262 717 φησίν.
3296 649 3490 702 Ἔσται
3524 648 3581 701 δὲ
3608 646 3693 701 τοῦ

2122 740 2412 810 λεγομένου
2438 740 2674 803 τοιοῦτος
2701 742 2731 793 ὁ
2762 741 2904 805 νοῦς·
2941 741 2999 794 Ὀ
3032 740 3240 804 Παῦλος
3280 740 3555 811 Ἑϐραίοις
3590 740 3694 794 δια-

2121 831 2411 901 λεγόμενος
2457 834 2549 885 καὶ
2603 831 2740 900 μιτά
2790 832 2993 902 πολλῆς
3045 832 3365 905 παρρησίας
3420 831 3694 896 ἀποδείξαι

2123 921 2427 992 βουληθεὶς,
2476 923 2558 976 ὅτι
2610 923 2875 992 κρείττων
2894 924 3043 977 ἐστὶν
3100 926 3134 993 ἠ
3187 922 3425 995 Χριστοῦ
3458 922 3696 977 διακονία

2122 1012 2217 1065 καὶ
2248 1013 2345 1082 τῆς
2378 1011 2488 1065 τῶν
2511 1013 2810 1083 προφητῶν
2859 1014 3165 1083 ἀποστολῆς
3194 1014 3287 1068 καὶ
3320 1013 3414 1069 τοῦ
3447 1014 3697 1084 διακονη-

2122 1102 2304 1161 θιντος
2324 1103 2391 1156 δι’
2417 1102 2664 1171 ἀγγέλων
2724 1104 2913 1174 νόμου,
2968 1105 3077 1160 ἀπὸ
3116 1106 3216 1176 τῆς
3252 1106 3363 1159 τῶν
3390 1102 3697 1176 προσώπων

2120 1194 2273 1261 ἀξίας
2304 1197 2537 1250 ποιεῖται
2564 1196 2665 1267 τὴν
2692 1196 3000 1267 σύγκρισιν,
3034 1196 3127 1251 καί
3158 1214 3313 1269 φησι·
3348 1216 3367 1247 ι
3397 1198 3579 1252 Πάλαι
3606 1197 3697 1251 λα-

2121 1284 2289 1355 λήσας
2328 1285 2357 1337 δ
2402 1285 2535 1348 Θεὸς
2584 1288 2697 1348 τοῖς
2734 1288 3007 1358 πατράσιν
3047 1286 3204 1359 ἡμῶν
3252 1290 3316 1340 ἐν
3348 1290 3460 1351 τοῖς
3485 1290 3697 1359 προφή-

2121 1392 2258 1439 ταις,
2309 1375 2396 1429 ἐπ’
2451 1376 2682 1447 ἐσχάτου
2735 1376 2843 1429 τῶν
2909 1378 3131 1448 ἡμερῶν
3197 1381 3403 1435 τούτων
3436 1379 3698 1450 ἐλάλησεν

2121 1470 2250 1539 ήμτν
2280 1469 2337 1521 ἐν
2368 1468 2501 1539 Υίῷ.
2533 1470 2593 1522 δν
2649 1469 2813 1539 ἔθηκε
2865 1470 3199 1541 κληρονόμον
3253 1472 3493 1538 πάντων,
3544 1472 3617 1525 δι’
3642 1466 3700 1526 οὐ

2120 1560 2213 1612 καὶ
2251 1562 2475 1629 ἐποίησε
2507 1560 2635 1624 τοὺς
2690 1560 2911 1624 αἰῶνας.
2962 1563 3057 1623 ’ος
3096 1560 3172 1615 ὣν
3224 1560 3572 1632 ἀπαύγασμα
3606 1563 3700 1633 τῆς

2117 1650 2275 1722 δόξης
2302 1654 2395 1705 καὶ
2417 1653 2706 1724 χαρακτὴρ
2730 1654 2830 1723 τῆς
2849 1653 3197 1718 ὑποστάσεως
3220 1654 3407 1721 αὐτοῦ,
3434 1658 3621 1727 φέρων
3644 1672 3700 1708 τε

2118 1743 2187 1797 τὰ
2214 1742 2390 1796 πάντα
2433 1742 2511 1812 τῷ
2570 1745 2773 1814 ῥήματι
2818 1744 2918 1815 τῆς
2972 1745 3257 1815 δυνάμεως
3304 1746 3494 1811 αὐτοῦ,
3530 1746 3698 1801 καθα-

2124 1834 2314 1904 ρισμὸν
2334 1834 2442 1888 τῶν
2470 1835 2757 1906 ἁμαρτιῶν
2778 1836 3164 1907 ποιησάμενος,
3183 1837 3437 1890 ἐκάθισεν
3468 1838 3527 1891 ἐν
3552 1838 3704 1909 δεξιᾷ

451 1929 583 1999 gelis
611 1929 811 1983 factum
836 1944 952 1985 esse
979 1931 1074 1995 ait,
1095 1939 1295 1998 quanto
1318 1929 1480 1983 etiam
1519 1927 1867 1995 praestantius
1896 1941 2005 1996 pra:

2123 1924 2206 1978 τοῦ
2234 1926 2423 1996 Θρὸνου
2455 1925 2555 1996 τῆς
2587 1925 2976 1997 μεγαλωσύνης
2998 1929 3055 1980 ἐν
3089 1927 3333 1998 ὑψηλοῖς.
3362 1948 3386 1981 ι
3414 1927 3702 1999 Τοσαύτην

452 2023 562 2077 illis
592 2037 785 2078 nomen
817 2032 899 2076 est
927 2022 1171 2091 adeptus,
1208 2028 1400 2089 utpote
1428 2018 1619 2083 Filius,
1655 2026 1710 2073 et
1734 2018 1927 2083 haeres,
1961 2027 2016 2072 et

449 2113 722 2183 splendor,
752 2122 808 2167 et
841 2113 1145 2175 character,
1186 2121 1242 2165 et
1266 2112 1463 2183 imago,
1488 2120 1543 2166 et
1571 2111 1622 2164 in
1653 2111 1846 2165 eodem
1874 2107 2012 2165 solio

449 2208 663 2269 sedens,
696 2214 751 2258 et
788 2214 1019 2259 creator.
1054 2202 1218 2273 Atqui
1240 2203 1283 2257 si
1315 2215 1413 2271 per
1459 2201 1575 2256 haec
1620 2199 1789 2255 multo
1836 2198 2015 2255 excel-

449 2294 647 2348 lentior
670 2293 873 2362 angelis
922 2302 1195 2360 censetur,
1242 2289 1593 2346 excellentior
1641 2292 1806 2345 etiam
1846 2290 2015 2358 ipsius

448 2388 555 2439 erit
590 2385 985 2441 administratio
1018 2398 1176 2453 quam
1202 2383 1435 2438 illorum.
1482 2380 1616 2437 Cum
1648 2395 1776 2437 vero
1814 2381 2010 2435 dicitur

450 2475 623 2530 factus
651 2490 793 2537 esse,
820 2491 925 2529 non
961 2475 1103 2545 quod
1138 2488 1201 2529 ex
1248 2473 1417 2527 nihilo
1463 2471 1527 2526 ad
1568 2485 1687 2526 esse
1732 2470 2017 2524 traductus

448 2565 522 2619 sit
560 2565 896 2635 signiﬁcatur
923 2567 1079 2636 (erat
1107 2565 1251 2619 enim
1291 2560 1523 2617 Verbum
1547 2562 1598 2615 in
1624 2560 1888 2627 principio
1920 2558 2015 2629 ⁸³),

451 2670 625 2725 neque
676 2658 818 2725 quod
854 2673 883 2711 a
925 2657 1131 2710 minore
1163 2657 1216 2709 in
1261 2656 1435 2725 majus
1469 2660 1707 2709 mutatus
1747 2654 1818 2707 sit
1871 2651 2017 2721 (per-

449 2748 625 2801 fectus
682 2750 825 2803 enim
860 2757 941 2803 est
994 2747 1164 2801 Filius
1206 2762 1270 2800 ex
1314 2746 1558 2817 perfecto
1629 2742 1878 2813 Patre),
1921 2741 2015 2795 sed

449 2836 591 2903 quod
618 2837 780 2890 veluti
804 2852 867 2892 ex
889 2834 1291 2905 comparatione
1316 2835 1500 2904 gloria
1529 2842 1582 2889 et
1601 2830 1882 2902 dignitatis
1904 2844 2017 2883 ma-

445 2928 533 2994 jus
555 2929 783 3003 et201
814 2930 989 2985 minus
1010 2937 1286 2999 appareat.
1332 2925 1797 2994 Quemadmodum
1826 2924 1871 2977 si
1893 2922 2016 2991 quis

448 3018 721 3076 hominem
761 3035 901 3091 equo
933 3021 1197 3085 conferat,
1222 3020 1379 3081 dicat
1408 3019 1477 3073 ab
1501 3032 1567 3073 eo
1614 3018 1703 3085 qui
1733 3015 2017 3069 aestimarit

449 3111 721 3167 hominem
752 3111 1446 3182 prastautioreml’actum,
1501 3109 1628 3179 quia
1677 3110 1747 3162 sit
1788 3106 2017 3161 rationis

447 3207 735 3275 particeps.
786 3203 920 3263 Nam
952 3202 1095 3273 quod
1126 3203 1228 3256 hoc
1254 3201 1475 3255 verbum
1502 3200 1619 3266 fieri
1670 3213 1772 3253 non
1802 3211 2015 3263 semper

452 3309 662 3352 natura:
708 3297 1059 3351 mutationem
1118 3292 1411 3361 signiﬁcet,
1456 3290 1801 3345 manifestum
1856 3286 2015 3340 fuerit

450 3407 514 3445 ex
552 3391 753 3444 Davide
782 3388 993 3443 dicente
1024 3386 1089 3441 ad
1125 3386 1290 3441 Deum
1324 3403 1335 3439 :
1367 3402 1385 3435 ι
1419 3382 1543 3439 Fias
1573 3382 1700 3436 milii
1754 3382 1805 3434 in
1853 3380 2016 3433 Deutn

448 3493 815 3552 protectorem
844 3481 927 3548 ἐς
959 3500 975 3531 ι
1002 3488 1056 3534 et
1096 3493 1310 3533 rursum
1337 3491 1352 3529 :
1391 3495 1409 3529 ι
1435 3475 1633 3530 Factus
1648 3485 1727 3529 cst
1757 3473 1885 3527 mihi
1910 3472 2015 3526 Do-

450 3576 627 3627 minus
652 3574 703 3626 in
728 3572 956 3627 salutem
982 3571 1062 3634 ⁸⁸;
1101 3589 1119 3622 ι
1150 3578 1202 3623 et
1235 3586 1247 3622 :
1288 3588 1307 3620 ι
1333 3566 1531 3622 Factus
1557 3576 1637 3621 est
1670 3565 1795 3619 mihi
1832 3564 2013 3618 Domi-

449 3680 549 3719 nus
584 3666 635 3718 in
690 3664 952 3733 refugium
995 3664 1063 3716 “.
1115 3682 1132 3715 ι
1188 3658 1693 3715 Administrationis
1738 3659 1903 3728 igitur
1956 3666 2011 3711 et

448 3755 653 3823 gloriae,
690 3770 793 3809 non
820 3765 1027 3811 natura:
1069 3756 1121 3810 in
1164 3753 1301 3808 Filio
1354 3752 1421 3807 ad
1464 3750 1688 3821 angelos
1731 3763 2011 3819 compara-

447 3848 521 3901 tio
548 3847 624 3900 lit.

451 4048 703 4115 Exempla
737 4048 923 4117 quibus
953 4048 1254 4100 declaratur
1289 4060 1459 4117 vocem
1488 4046 1643 4105 hanc,
1682 4041 1941 4117 emetiar,
1988 4058 2007 4091 ι

518 4121 573 4172 in
607 4111 760 4170 sacra
792 4114 1065 4185 Scriptura
1094 4118 1253 4168 etiam
1287 4117 1351 4168 de
1380 4116 1442 4167 iis
1474 4129 1592 4183 qum
1616 4112 1839 4185 multum
1877 4111 2013 4163 inter

518 4204 573 4241 se
603 4188 821 4249 distant,
857 4181 945 4238 aut
971 4189 1172 4239 ratione
1207 4195 1432 4246 natura,
1462 4181 1553 4235 aut
1588 4181 1888 4251 dignitatis,
1920 4192 2009 4232 aut

516 4262 797 4311 secundum
832 4271 1131 4309 mensuram
1156 4255 1341 4324 gratia
1383 4254 1649 4321 usurpari.

516 4374 784 4439 Quantum
821 4372 887 4426 ad
917 4370 1145 4442 gratiam
1184 4384 1197 4420 :
1242 4387 1260 4419 ι
1298 4367 1485 4422 Melior
1528 4374 1609 4420 est
1654 4364 1768 4418 dies
1823 4378 1924 4416 una
1959 4363 2008 4413 in

447 4465 602 4519 atriis
629 4464 737 4517 tuis
762 4477 923 4532 super
951 4460 1097 4515 mille
1120 4459 1198 4523 ‘7;
1225 4479 1242 4511 ι
1284 4454 1414 4528 quid
1442 4458 1583 4513 enim
1622 4455 1828 4524 aequale
1858 4456 2011 4509 atriis

446 4558 757 4614 cwlestibus
792 4556 1019 4612 inveniri
1048 4553 1272 4625 potest?
1302 4552 1571 4625 Quantum
1623 4550 1687 4603 ad
1734 4548 2011 4603 dissimili-

445 4652 681 4703 tudinem
716 4658 964 4705 naturae:
1004 4668 1022 4701 ι
1058 4647 1301 4716 Accipite
1333 4642 1673 4705 doctrinam,
1702 4651 1755 4695 et
1780 4656 1882 4693 non
1920 4655 2009 4693 ar-

442 4750 694 4811 gentum;
727 4740 918 4793 melior
966 4741 1108 4795 enim
1161 4748 1244 4793 est
1288 4736 1549 4807 sapientia
1598 4747 1760 4804 quam
1804 4732 2010 4799 lapides

442 4830 593 4884 electi
626 4829 692 4881 ⁸⁸.
741 4847 759 4880 ι
799 4827 967 4881 lsaias
1019 4828 1082 4881 de
1130 4826 1393 4882 eunuchis
1420 4825 1585 4882 Deum
1626 4828 1891 4879 dicentem
1930 4824 2010 4875 in-

440 4923 631 4989 ducit;
668 4941 686 4973 ι
727 4920 871 4975 Dabo
907 4921 987 4973 eis
1023 4935 1218 4974 nomen
1260 4929 1544 4985 aeternum,
1580 4920 1719 4990 quod
1764 4926 1847 4972 est
1902 4930 2013 4969 me-

441 5016 544 5067 lius
574 5029 735 5083 quant
769 5012 861 5066 (ilii
907 5021 961 5067 et
1004 5012 1128 5066 ﬁliae
1163 5010 1231 5065 ⁸⁵.
1266 5030 1283 5063 ι
1322 5010 1511 5066 Melius
1547 5012 1748 5079 itaque,
1801 5024 1905 5063 non
1944 5008 2009 5060 de

440 5104 629 5173 quavis
662 5103 983 5169 diﬂ‘erentia,
1019 5103 1112 5159 sed
1156 5104 1223 5159 de
1260 5119 1453 5174 magna
1492 5114 1547 5158 et
1596 5086 2003 5171 incomparabili

442 5208 811 5265 L’epenumerc
844 5197 1157 5252 excellentia
1190 5197 1408 5253 dicitur.

745 5311 977 5378 ALIUD,
1005 5312 1061 5368 in
1092 5315 1329 5369 eamdem
1353 5314 1687 5368 sententiam.

510 5425 707 5481 Beatus
762 5426 962 5481 Paulus
1009 5442 1165 5481 suum
1228 5428 1395 5496 ipsius
1447 5428 1649 5483 dictum
1706 5427 2002 5497 explicans,

440 5518 981 5588 manifestissimeque
1002 5520 1294 5574 ostendens
1318 5520 1571 5587 quidnam
1590 5521 1664 5574 sit
1686 5518 1807 5584 hoc,
1843 5540 1859 5570 ‹
1894 5520 2004 5574 Me-

441 5608 541 5661 lior
579 5608 753 5663 factus
806 5608 1007 5678 angelis
1034 5610 1118 5674 ιθ,
1174 5628 1190 5658 ι
1232 5610 1298 5663 ad
1341 5624 1402 5664 ea
1455 5624 1573 5679 quae
1616 5609 1755 5664 dixit
1790 5611 1953 5664 infert
1990 5633 1999 5663 ς

509 5786 553 5814 ⁸¹
578 5785 737 5838 llcbr.
771 5785 947 5849 1,1-5.
1025 5785 1069 5815 ⁸³
1098 5784 1251 5838 Joan.
1277 5802 1309 5838 t.
1352 5790 1395 5837 l.
1476 5786 1521 5815 “
1542 5785 1682 5841 Psal.
1718 5804 1841 5845 xxx,
1881 5790 1931 5843 ὅ.

442 5855 527 5913 Η.
601 5855 644 5883 ⁸⁸
677 5855 832 5911 l’rnv.
863 5870 977 5919 \‘lll,
1012 5855 1093 5919 l0,
1138 5856 1214 5911 ll.
1294 5857 1337 5886 "“
1374 5858 1474 5911 lsa.
1508 5872 1609 5922 ιν»,
1645 5860 1695 5909 εί.

2010 5792 2053 5820 εδδ
2086 5789 2221 5843 I’sal.
2254 5810 2417 5852 ::\\'It.
2448 5796 2535 5849 ‘23.

1776 5862 1818 5889 ⁵’⁰
1855 5860 2011 5913 I'Itrltt‘.
2046 5878 2081 5925 ι,
2130 5863 2168 5914 ί.

2116 2017 2295 2069 τοίνυν
2315 2018 2558 2088 περιθεὶς
2582 2018 2658 2089 τῷ
2681 2018 2795 2089 Υίῷ
2816 2018 2913 2090 τὴν
2931 2019 3114 2084 δόξαν,
3145 2020 3239 2074 καὶ
3270 2022 3340 2075 τὰ
3366 2022 3466 2091 τῆς
3485 2022 3703 2091 φύσεως

2117 2106 2209 2160 τοῦ
2244 2108 2456 2178 Πατρὸς
2490 2108 2599 2162 ῐδια
2635 2108 2921 2180 προσάψας
2958 2109 3129 2180 αὐτῷ,
3174 2111 3297 2165 τότε
3342 2114 3477 2183 φησί
3518 2113 3703 2183 κρείτ-

2116 2214 2243 2253 τονα
2264 2198 2514 2265 γενέσθαι
2536 2199 2645 2253 τῶν
2674 2200 2944 2270 ἀγγέλων,
2966 2202 3076 2273 ὅσῳ
3097 2202 3191 2255 καὶ
3219 2202 3405 2272 μεῖζον
3430 2202 3540 2272 ἔχει
3570 2204 3703 2273 παρ’

2117 2291 2360 2355 ἐκείνους
2409 2292 2471 2346 τὸ
2520 2293 2714 2363 δνομα,
2774 2294 2850 2357 ὡς
2900 2294 3030 2357 Υἱὸς
3068 2294 3160 2347 καὶ
3218 2296 3575 2366 κληρονόμος,
3609 2295 3703 2349 καὶ

2117 2386 2480 2455 ἀπαύγασμα,
2503 2388 2596 2439 καὶ
2617 2388 2923 2459 χαρακτὴρ,
2950 2389 3045 2441 καὶ
3065 2387 3246 2454 εἰκὼν,
3268 2389 3362 2441 καὶ
3381 2389 3701 2458 ὀμόθρονος,

2117 2478 2210 2531 καὶ
2242 2479 2490 2548 ποιητής.
2523 2480 2586 2532 El
2616 2478 2672 2532 δέ
2703 2479 2837 2532 πολύ
2868 2480 3136 2550 κρείττων
3174 2481 3269 2532 καὶ
3296 2478 3703 2550 διαφορῶτερος

2116 2566 2225 2620 τῶν
2251 2568 2501 2636 ἀγγέλων
2530 2568 2619 2623 διὰ
2638 2568 2810 2623 ταῦτα
2854 2573 3078 2636 νοεῖται,
3110 2570 3377 2641 κρείττων
3401 2571 3511 2640 ἄρα
3541 2572 3637 2625 καὶ
3669 2571 3703 2640 ἡ

2116 2659 2281 2713 αὐτοῦ
2314 2661 2411 2730 τῆς
2441 2661 2665 2716 ἐκείνων
2693 2662 2992 2727 διακονίας.
3024 2664 3289 2735 Σημαίνοι
3317 2663 3360 2717 δ’
3389 2664 3453 2716 ἂν
3477 2665 3704 2727 εἰκότως

2117 2752 2303 2805 ἐνθάδε
2331 2753 2393 2805 τὸ
2424 2771 2444 2805 ι
2471 2753 2714 2823 γέγονεν,
2742 2774 2760 2807 ι
2789 2756 2851 2809 οὐ
2879 2757 2976 2826 τὴν
3014 2758 3079 2809 ἑκ
3110 2755 3203 2809 τοῦ
3232 2755 3306 2827 μὴ
3330 2756 3485 2819 ὄντος
3526 2759 3607 2820 είς
3644 2755 3707 2809 τὸ

2117 2838 2257 2896 εἶναι
2290 2846 2631 2918 παραγωγὴν
2659 2842 2759 2919 (ἦν
2784 2847 2891 2917 γάρ
2924 2849 2951 2901 ὁ
2980 2848 3153 2915 Λόγος
3207 2849 3264 2900 ἐν
3308 2848 3527 2919 ἀρχῇ),
3580 2847 3703 2900 οὐδὲ

2114 2934 2214 3004 τὴν
2236 2934 2295 2999 ἐξ
2317 2936 2595 3002 ἐλάττονος
2620 2938 2698 3002 είς
2723 2957 2776 2992 τι
2804 2941 2986 3010 μεῖζον
3006 2938 3305 3012 μεταϐολὴν
3332 2939 3569 3005 (τέλειος
3592 2939 3705 3009 γὰρ

2118 3026 2182 3079 ὲκ
2212 3028 2418 3081 τελείου
2448 3032 2661 3100 Πατρὸς
2694 3031 2939 3102 ὑπῆρχεν
2963 3034 2992 3086 ὁ
3022 3032 3172 3104 Υἱὸς)
3199 3072 3212 3095 ,
3270 3031 3386 3085 ἀλλ’
3420 3030 3613 3100 ὥσπερ
3645 3032 3703 3083 ἐν

2119 3115 2400 3189 συγκρίσει
2425 3120 2584 3191 δόξης
2613 3123 2707 3175 καὶ
2755 3124 3066 3193 ἀξιώματος
3084 3124 3146 3177 τὸ
3182 3122 3366 3194 μεῖζον
3392 3124 3486 3177 καὶ
3520 3124 3704 3193 κρεῖτ-

2116 3228 2206 3263 τον
2239 3210 2424 3279 ὀφθάν.
2449 3212 2657 3284 Ὥσπερ
2685 3213 2751 3267 ἀν
2773 3214 2825 3266 εἴ
2851 3232 2935 3278 τις
2966 3215 3250 3287 ἄνθρωπος
3278 3216 3433 3285 ἵππῳ
3471 3214 3704 3285 συγκρί-

2119 3316 2280 3363 νοιτο,
2316 3302 2408 3353 καὶ
2434 3300 2645 3369 λέγοιτο
2693 3304 2955 3373 κρείττων
2999 3304 3164 3358 αὐτοῦ
3184 3304 3515 3373 γεγενῆσθαι
3550 3303 3705 3373 παρά

2117 3394 2231 3455 τοῖς
2253 3392 2607 3462 δοκιμάζουσι
2661 3394 2748 3448 διὰ
2772 3396 2833 3448 τὸ
2883 3393 3022 3449 εἶναι
3071 3396 3310 3464 λογικόν.
3337 3396 3461 3449 Ὀτι
3488 3396 3602 3465 γάρ
3642 3394 3706 3449 τὸ

2116 3486 2397 3553 γενέσθαι
2428 3487 2488 3540 οὐ
2512 3489 2729 3551 πάντως
2778 3489 2995 3556 φύσεως
3048 3488 3304 3560 σημαίνει
3359 3487 3702 3558 μεταϐολὴν,

2119 3575 2385 3644 πρόδηλον
2415 3575 2567 3630 ἔσται
2596 3577 2684 3631 διὰ
2704 3576 2799 3630 τοῦ
2827 3578 3074 3646 λέγοντος
3104 3578 3240 3649 πρὸς
3278 3577 3433 3641 Θεὸν,
3481 3597 3500 3627 ι
3536 3578 3704 3630 Γενοῦ

2120 3684 2207 3736 μοι
2238 3668 2316 3729 είς
2343 3668 2476 3720 Θεὸν
2502 3669 2937 3739 ὐπερασπιστὴνο
2969 3688 2988 3721 ι
3022 3669 3116 3723 καὶ
3160 3669 3344 3724 πάλινο
3381 3688 3398 3720 ι
3451 3667 3706 3735 Ἐγένετό

2118 3773 2209 3826 μοι
2237 3756 2440 3827 Κύριος
2504 3760 2583 3822 είς
2620 3759 2962 3829 καταφυγήν·
2998 3777 3017 3811 ι
3078 3755 3193 3823 καὶ,
3244 3778 3262 3811 ι
3309 3758 3557 3826 Ἐγένετὸ
3610 3775 3705 3829 μοι

2117 3846 2319 3918 Κύριος
2348 3850 2426 3902 είς
2476 3850 2771 3921 σωτηρίαν.
2808 3869 2827 3903 ι
2881 3854 3166 3915 Διακονίας
3211 3852 3319 3923 ἄρα
3361 3852 3456 3906 καὶ
3499 3851 3702 3923 δόξης,

2118 3938 2210 3991 καὶ
2238 3939 2298 3991 οὐ
2322 3940 2553 4009 φύσεως,
2582 3942 2659 4012 τῷ
2690 3941 2803 4012 Υίῷ
2830 3942 2965 4013 πρὸς
3002 3942 3267 4011 ἀγγέλους
3298 3945 3332 4013 ἡ
3361 3944 3678 4012 σύγκρισις.

2115 4050 2449 4123 Παράθεσις
2462 4050 2664 4123 ῥητῶν
2683 4055 3072 4122 σημαίνουσα
3100 4054 3189 4109 ὅτι
3213 4055 3331 4115 τὸ,‹
3352 4057 3663 4123 κρείττων,
3678 4074 3697 4108 ι

2183 4121 2221 4193 η
2258 4122 2387 4193 θεία
2421 4122 2649 4193 Γραφὴί
2670 4121 2775 4176 καί
2797 4124 3036 4177 ἐπὶτῶν
3065 4126 3224 4178 πολὺ
3250 4121 3666 4192 διεστηκότων
3684 4167 3699 4193 ,

2186 4191 2401 4264 ἣέίατά
2440 4191 2706 4264 τὸνντῆςν
2751 4196 2994 4261 φύσεως
3052 4198 3258 4262 λόγον,
3314 4191 3528 4258 mare
3582 4191 3701 4264 τὴκ

2188 4260 2369 4322 ἀξίαν
2392 4262 2651 4329 τίθησιν,
2680 4263 2718 4331 ἣ
2751 4260 2901 4317 κατὰ
2930 4265 2995 4317 τὸ
3034 4260 3254 4334 μέτρον
3280 4265 3391 4335 τῆς
3427 4260 3700 4335 χάριτος.

2189 4377 2349 4429 Ὅσον
2408 4379 2487 4440 είς
2516 4379 2613 4451 τὴν
2660 4380 2847 4451 χάριν·
2884 4399 2902 4432 ι
2942 4383 3228 4453 Κρείσσων
3262 4383 3449 4455 ἡμέρα
3501 4384 3600 4455 μία
3640 4388 3703 4438 ἐν

2114 4470 2233 4530 ταῖς
2264 4468 2455 4532 αὐλαῖς
2479 4486 2572 4522 σου
2614 4472 2752 4541 ὑπὲρ
2784 4472 3048 4541 χιλιάδας*
3076 4492 3095 4526 ι
3149 4474 3202 4527 τί
3238 4475 3348 4545 γὰρ
3402 4475 3517 4529 ἴσον
3545 4476 3707 4531 ἔσται

2115 4558 2222 4610 τῶν
2249 4560 2425 4613 αὐλῶν
2455 4562 2561 4614 τῶν
2592 4562 2767 4614 οὐσῶν
2790 4565 2847 4615 ἐν
2870 4567 2982 4627 τοῖς
3004 4566 3281 4634 οὐρανοῖς,
3312 4565 3405 4628 Εἰς
3444 4566 3708 4636 ἀνομοιό-

2116 4667 2253 4719 τητα
2282 4650 2516 4718 φύσεως·
2557 4671 2573 4701 ι
2615 4653 2820 4706 Λάϐετε
2856 4656 3094 4720 παιδίαν,
3122 4656 3215 4708 καὶ
3268 4656 3343 4726 μὴ
3394 4658 3663 4727 ἀργύριον
3688 4674 3704 4687 ·

2114 4743 2383 4813 κρείσσων
2404 4743 2513 4814 γὰρ
2542 4746 2701 4812 σοφία
2725 4744 2891 4798 λίθων
2922 4746 3214 4800 ἐκλεκτῶν.
3258 4766 3277 4799 ι
3313 4748 3546 4812 Ἡσαΐας
3570 4752 3709 4820 περὶ

2112 4834 2218 4886 τῶν
2275 4833 2546 4904 εὐνούχων
2608 4838 2851 4907 εἰσφέρει
2890 4838 3117 4906 λέγοντα
3180 4839 3332 4893 Θεόν’
3370 4859 3388 4892 ι
3423 4842 3706 4911 Κρεῐσσον

2114 4924 2245 4978 υίῶν
2269 4928 2360 4979 καὶ
2410 4927 2724 4999 θυγατέρων
2773 4929 2943 5001 ὅνομα
2988 4929 3207 4983 αἰώνιον
3248 4930 3406 4985 δώσω
3434 4934 3641 4997 αὐτοῖς,
3679 4956 3699 4988 a

2114 5018 2322 5072 Οὐκοῦν
2360 5020 2417 5071 τὸ
2457 5023 2729 5091 κρεῖσσον,
2780 5023 2877 5076 οὐκ
2918 5025 3011 5076 ἐπὶ
3062 5025 3159 5094 τῆς
3201 5025 3472 5095 τυχούσης
3510 5030 3706 5097 διαφο-

2117 5112 2235 5177 ρᾶς,
2269 5111 2405 5164 ἀλλὰ
2428 5112 2521 5163 καὶ
2550 5113 2642 5165 ἐπὶ
2669 5115 2910 5185 μεγάλης
2944 5117 3037 5168 καὶ
3074 5117 3407 5186 άσυγκρίτου
3435 5121 3706 5187 πολλάκις
3782 5098 3787 5108 Ι

2117 5203 2386 5273 ὑπεροχῆς
2416 5204 2683 5258 τάττεται.

2598 5320 2800 5381 ΑΛΛΟ,
2825 5322 2903 5385 εἱς
2935 5322 3001 5374 τὸ
3028 5324 3195 5376 αὐτό.

2210 5427 2661 5499 Επεξηγούμενος
2715 5432 2811 5503 τὴν
2874 5433 3082 5489 οἰκείαν
3122 5436 3305 5507 φωνὴν
3354 5441 3381 5491 ὁ
3423 5443 3707 5513 μακάριος

2108 5519 2338 5581 Παῦλος,
2361 5522 2452 5573 καὶ
2485 5524 2794 5591 σαφέστατα
2817 5526 3097 5593 δεικνύων,
3115 5528 3167 5579 τί
3189 5528 3307 5581 ἐστι
3329 5530 3410 5594 τὸ,
3448 5552 3466 5584 ι
3498 5536 3543 5586 Κ
3556 5536 3705 5605 ρεξτ-

2110 5629 2215 5664 των
2249 5614 2540 5679 γενόμενος
2568 5615 2674 5669 τῶν
2712 5618 2979 5685 ἀγγέλων,
3015 5637 3031 5669 ι
3085 5621 3337 5693 ἐπιφέρει
3402 5628 3516 5689 τοῖς
3550 5629 3708 5701 εἰρη-

2617 5797 2658 5827 "
2683 5796 2821 5851 ['snl.
2854 5814 3005 5864 acut,
3028 5799 3115 5855 22.
3194 5803 3237 5835 "
3274 5802 3420 5859 Psal.
3452 5822 3703 5877 sxum,
