4024 6516
362 493 458 546 561

1780 502 2218 562 THESAURUS.

3482 466 3484 468 ’
3535 506 3641 560 διε

363 608 566 676 μένοιςυ
596 627 614 659 ι
657 607 772 662 Τίνι
805 609 913 681 γὰρ
955 608 1076 666 εἷπέ
1117 632 1246 668 ποτε
1275 617 1383 670 τῶν
1431 618 1699 687 ἀγγέλων·
1751 618 1934 674 Κάθου

2049 637 2066 668 ι
2109 618 2208 672 Cui
2246 616 2391 671 enim
2439 618 3190 690 utiquamangelorum.dixit
3227 636 3239 672 :
3273 616 3416 672 Sede
3443 632 3473 671 a
3508 619 3641 674 dex-

359 702 430 752 ἐκ
459 697 648 763 δεξιῶν
677 718 814 771 μου;
855 722 874 756 ι
914 709 1006 759 καὶ
1039 707 1119 760 ὅτι
1167 709 1296 778 περὶ
1315 709 1408 762 τοῦ
1444 709 1577 763 Υἱοῦ
1605 710 1941 782 γέγραπται·

367 808 383 837 ι
415 790 524 842 Καὶ
551 794 1084 864 προσκυνησάτωσαν
1111 797 1258 869 αὐτῷ
1284 800 1482 864 πάντες
1501 801 1721 870 ἄγγελοι
1745 803 1938 859 Θεοῦ.ι

361 877 422 931 Εί
463 879 521 933 δὲ
545 882 697 951 ὁτῆς
734 886 1077 956 συγκρίσεως
1106 888 1298 956 λόγος,
1339 891 1400 944 τὸ
1454 893 1554 963 μὲν
1590 894 1667 958 ώς
1711 896 1945 965 συγκαθ-

357 970 618 1041 εζόμενον
637 973 714 1044 τῷ
728 976 901 1048 Πατρὶ
925 979 1016 1031 καὶ
1037 981 1510 1052 προσκυνούμενον
1530 984 1796 1058 εἰσφέρει,
1816 989 1944 1052 τοὺς

351 1061 413 1113 δὲ
443 1061 518 1126 ὡς
548 1068 966 1137 παρεστηκότας
1009 1087 1067 1122 τε
1100 1072 1192 1124 καὶ
1227 1078 1549 1144 προσκυνεῖν
1579 1077 1943 1150 ἐπιτεταγμέ-

355 1154 628 1221 νουςίούκ
653 1157 744 1208 ἐπὶ
771 1159 867 1228 τῆς
895 1160 1082 1215 οὐσίας
1131 1161 1282 1217 ἔσται
1325 1165 1539 1230 πάντως
1583 1167 1665 1230 τὸ,
1707 1189 1724 1220 ι
1761 1170 1941 1240 κρείτ-

355 1261 486 1298 των·
527 1264 547 1297 ι
589 1246 704 1299 ἀλλ’
748 1249 805 1299 ὲν
833 1252 944 1312 τοίς
983 1254 1110 1322 περὶ
1149 1253 1246 1326 τὴν
1287 1256 1477 1308 οὐσίαν
1518 1257 1796 1329 ἀξιώμασι
1846 1262 1941 1314 καὶ

357 1337 480 1399 ταῖς
506 1336 702 1400 ἔξωθεν
753 1340 852 1408 τῆς
888 1340 1104 1410 φύσεως
1137 1348 1344 1414 τιμαῖς.
1399 1347 1608 1401 Οὐκοῦν
1651 1350 1750 1418 οὐχ
1797 1349 1855 1403 ἓν
1886 1368 1940 1404 τι

355 1426 467 1480 τῶν
486 1431 730 1498 γενητῶν
752 1434 780 1484 ὁ
814 1433 964 1498 Υἱὸς,
999 1435 1114 1488 ἀλλ’
1143 1436 1330 1508 ἔτερόν
1354 1457 1403 1492 τι
1432 1441 1581 1511 παρὰ
1600 1442 1794 1506 ταῦτα,
1816 1460 1940 1497 του-

356 1517 527 1584 τέστι,
558 1520 727 1588 Λόγος
764 1521 894 1586 ἴδιος
924 1523 1019 1577 105
1048 1526 1282 1598 Πατρός.

851 1635 1056 1702 ΑΛΛΟ,
1077 1639 1164 1704 εὶς
1190 1639 1251 1692 τὸ
1277 1641 1440 1694 αὑτό.

428 1742 502 1798 Τὸ
540 1763 558 1796 ι
600 1748 842 1818 γέγονεν,
865 1770 882 1801 ι
927 1753 1015 1827 ὅτε
1044 1754 1203 1823 μόνον
1231 1757 1324 1809 καὶ
1353 1757 1474 1811 καθ’
1510 1761 1671 1814 ὲάυτὸ
1697 1761 1936 1830 λέγεται,

354 1835 612 1907 σημαίνει
641 1841 825 1896 πολλὰ·
855 1844 950 1898 καὶ
981 1846 1043 1898 οὐ
1075 1847 1294 1910 πάντως
1324 1848 1679 1915 ὑποστάσεώς
1702 1854 1819 1906 ἐστι
1848 1853 1939 1924 δη-

2056 710 2156 764 tris
2193 710 2326 765 meis
2351 710 2438 764 9‘?
2471 730 2488 762 ι
2523 719 2578 765 et
2608 711 2753 780 quod
2785 711 2850 765 de
2896 710 3035 766 Filio
3074 711 3336 780 scriptum
3377 719 3504 764 est:
3535 726 3554 761 ι
3575 709 3643 764 Et

2053 803 2280 857 adorent
2307 817 2430 857 eum
2464 817 2655 858 omnes
2685 802 2864 870 angeli
2898 803 2991 857 Dei
3013 803 3083 855 ".
3137 821 3157 855 ι
3208 801 3267 857 Si
3311 815 3441 855 vero
3487 815 3639 855 com-

2051 895 2354 964 parationis
2381 895 2522 949 ratio
2563 895 2679 950 haec
2705 902 2810 961 est,
2835 903 2894 949 ut
2935 895 3083 949 hunc
3124 893 3344 963 quidem
3393 891 3640 946 assiden-

2053 997 2159 1043 tem
2192 986 2339 1042 Patri
2363 997 2416 1043 et
2452 989 2742 1042 adoratum
2769 986 3015 1052 inducat,
3054 986 3177 1042 illos
3223 1000 3354 1041 vero
3401 987 3640 1040 circum-

2050 1089 2256 1136 stantes
2281 1089 2336 1136 et
2362 1080 2597 1135 adorare
2625 1079 2815 1148 jussos
2844 1097 2857 1134 :
2885 1088 3035 1135 certe
3064 1077 3220 1143 illud,
3276 1095 3296 1130 ι
3334 1077 3530 1132 melior
3554 1118 3570 1142 ,
3617 1094 3637 1129 ι

2051 1185 2158 1224 non
2201 1170 2266 1224 de
2291 1169 2536 1236 essentia
2567 1169 2825 1233 diceturs',
2877 1167 2971 1225 sed
3017 1168 3082 1223 de
3128 1167 3485 1234 dignitatibus
3520 1181 3642 1235 qua

2049 1263 2368 1318 substantiae
2402 1262 2680 1326 accidunt,
2731 1263 2905 1332 deque
2938 1261 3270 1316 extrinsecis
3303 1269 3512 1314 naturae
3537 1260 3637 1314 bo-

2050 1354 2294 1410 noribus.
2329 1352 2449 1409 Non
2474 1363 2558 1409 est
2585 1353 2754 1423 igitur
2804 1367 2946 1407 unus
2980 1365 3051 1408 ex
3076 1353 3280 1407 creatis
3308 1349 3504 1418 Filius,
3545 1354 3639 1406 sed

2047 1443 2323 1498 diversum
2345 1443 2624 1514 quidpiam
2648 1443 2717 1501 ab
2739 1443 2827 1508 iis,
2858 1442 2961 1502 hoc
2981 1443 3373 1513 est,proprium
3403 1439 3636 1497 Verbum

2047 1534 2246 1590 Patris.

2579 1648 2814 1716 ALIUD,
2845 1649 2903 1705 in
2929 1649 3093 1705 idem.

2123 1777 2141 1810 ι
2165 1758 2366 1815 Factus
2399 1769 2486 1815 est
2511 1804 2526 1827 ,
2574 1777 2595 1812 ι
2624 1762 2843 1831 quando
2864 1761 3063 1828 solum,
3088 1776 3154 1816 ac
3188 1777 3284 1831 per
3316 1775 3377 1815 se
3407 1759 3633 1824 dicitur,

2048 1855 2216 1910 multa
2261 1855 2574 1925 signiﬁcat;
2622 1871 2800 1926 neque
2840 1857 2892 1911 in
2941 1857 3264 1911 universum
3299 1852 3636 1926 hypostasim

352 1928 599 1996 λωτικὺν,
657 1932 772 1986 ἀλλ’
799 1936 926 1990 ὅταν
956 1936 1104 2007 αύτῷ
1142 1954 1202 1990 ’τι
1235 1939 1596 2011 συνάπτηται,
1642 1943 1762 1996 τότε
1800 1962 1934 2013 γνω-

2049 1947 2272 2002 denotat
2326 1948 2467 2003 :sed
2516 1964 2640 2009 cum
2688 1949 2764 2004 illi
2813 1948 3019 2020 aliquid
3066 1947 3463 2019 conjungitur,
3522 1954 3636 1999 tum

357 2020 465 2087 ριεῐ
490 2021 590 2092 τὴν
616 2023 733 2076 καθ’
755 2020 815 2078 οὗ
841 2031 1227 2098 κατηγορεῖται
1256 2029 1507 2100 δύναμιν·
1538 2026 1672 2099 οἷον,
1694 2034 1827 2105 φέρε
1852 2036 1934 2089 ει-

353 2111 499 2175 πεῖν,
536 2111 726 2180 γέγονέ
761 2132 844 2179 τις
870 2116 1078 2182 τέκτων
1110 2118 1142 2190 ἢ
1185 2120 1443 2185 λιθοξόος,
1489 2123 1549 2176 οὐ
1595 2125 1814 2190 πάντως
1844 2128 1936 2182 ἄν·

351 2202 578 2272 θρωπος
613 2205 699 2260 ἵνα
739 2207 831 2259 καὶ
867 2208 1093 2264 τέκτων·
1131 2210 1248 2264 ἀλλ’
1284 2213 1584 2287 ἐπειδήπερ
1623 2216 1931 2289 ἄνθρωπος,

354 2293 546 2361 γέγονε
576 2295 808 2359 τέκτων.
863 2303 963 2373 τῆς
1006 2301 1200 2374 τέχνης
1220 2303 1297 2358 ὢν
1325 2305 1594 2373 δεκτικὸς,
1649 2313 1742 2364 καὶ
1792 2313 1935 2369 κατὰ

354 2383 522 2455 μόνης
543 2385 731 2440 ἐνθάδε
755 2390 855 2460 τῆς
884 2392 1194 2464 ἐπιστήμης
1226 2398 1467 2467 χωρήσει
1495 2400 1557 2452 τὸ
1594 2419 1613 2452 ι
1651 2403 1928 2471 γέγονεν,›

350 2475 412 2526 o5
448 2475 667 2542 πάντως
693 2481 835 2533 κατὰ
859 2483 959 2552 τῆς
989 2483 1337 2550 ὑποστάσεως
1373 2487 1405 2558 ἢ
1461 2490 1562 2560 τῆς
1586 2469 1670 2556 είς
1698 2469 1758 2545 το
1797 2469 1934 2548 εἶναι

351 2570 712 2640 παραγωγῆς.
764 2573 974 2627 Οὗκοῦν
1021 2577 1070 2630 εί
1106 2576 1317 2646 λέγοιτο
1377 2581 1612 2652 Χριστὸς
1673 2586 1936 2657 κρείττων

348 2658 678 2745 γεγενῆσθαι
729 2661 837 2716 τῶν
877 2665 1145 2733 ἀγγέλων,
1188 2669 1250 2721 οὐ
1303 2672 1433 2740 περὶ
1461 2671 1553 2725 τὸν
1590 2673 1688 2744 τῆς
1720 2674 1934 2745 φύσεως

346 2744 506 2838 λόγον
567 2748 678 2818 ἔχει
727 2751 826 2824 τὴν
880 2754 1202 2829 σύγκρισιν,
1251 2758 1388 2814 ἀλλὰ
1442 2767 1571 2834 περὶ
1640 2744 1806 2838 τιμὴν
1840 2769 1935 2822 καὶ

345 2836 586 2909 ἀξίωμα.

808 2938 1013 3003 ΔΛΛΟ,
1062 2943 1149 3007 εις
1194 2944 1260 2996 τὸ
1307 2947 1472 3001 αὑτό.

424 3062 442 3094 ι
474 3044 729 3117 Τοσούτῳ
749 3049 1014 3120 κρείττων
1035 3053 1326 3124 γενόμενος
1348 3057 1458 3110 τῶν
1485 3059 1753 3127 ἀγγέλων.
1796 3081 1814 3114 ι
1863 3063 1936 3116 Τὸ

350 3153 372 3187 ι
405 3136 629 3204 γέγονεν
667 3158 684 3191 ι
732 3144 779 3194 εἱ
825 3145 918 3195 καὶ
966 3146 1106 3200 κατὰ
1166 3147 1266 3218 τῆς
1323 3150 1508 3213 οὐσίας
1553 3151 1798 3206 τάττοιτο
1840 3155 1934 3208 105

345 3225 500 3290 Υἱοῦ,
532 3229 689 3283 οὐδὲν
715 3231 884 3303 αὐτὴν
907 3234 1156 3305 ἀδικήσει
1195 3238 1293 3308 τῆς
1348 3239 1546 3305 λέξεως
1585 3244 1618 3313 ἡ
1666 3243 1895 3316 δύναμις
1919 3287 1934 3312 ,

2037 2041 2156 2110 ejus
2179 2043 2247 2097 de
2277 2057 2385 2112 quo
2425 2043 2757 2111 prtedicatur
2785 2045 2892 2098 vim
2925 2053 3096 2113 atque
3146 2043 3410 2098 virtutem
3453 2039 3636 2096 decla-

2037 2145 2121 2189 rat
2152 2153 2166 2189 :
2199 2145 2277 2200 ut,
2307 2134 2540 2205 exempli
2577 2136 2776 2205 gratia,
2799 2135 2974 2190 factus
3007 2144 3091 2190 est
3117 2134 3314 2203 aliquis
3342 2133 3514 2197 faber,
3551 2131 3635 2186 vel

2036 2229 2366 2281 statuarius:
2399 2242 2505 2282 non
2541 2227 2594 2282 in
2621 2227 2933 2282 universum
2963 2227 3124 2282 homo
3161 2236 3220 2281 ut
3243 2234 3298 2281 et
3328 2223 3514 2292 faber;
3539 2226 3633 2282 sed

2035 2319 2252 2387 quando
2275 2322 2435 2374 homo
2463 2319 2638 2374 factus
2663 2327 2748 2375 est
2771 2319 2946 2385 faber,
2968 2321 3103 2374 artis
3129 2332 3300 2388 capax
3332 2318 3629 2384 exsistens,

2037 2411 2105 2465 de
2148 2410 2260 2465 sola
2301 2412 2529 2466 scientia
2571 2410 2773 2466 dicitur
2816 2411 2968 2476 illud,
3000 2412 3163 2482 202
3202 2429 3221 2462 ι
3249 2410 3424 2465 factus
3463 2419 3567 2476 est,
3610 2430 3628 2462 ι

2038 2515 2143 2555 non
2190 2511 2369 2557 autem
2407 2502 2475 2557 de
2520 2502 2687 2572 ipsius
2736 2503 3042 2574 bypostasi,
3066 2512 3160 2557 aut
3192 2502 3260 2557 de
3292 2502 3634 2558 traductione

2036 2592 2103 2644 ad
2145 2607 2286 2649 esse.
2334 2590 2597 2659 Quocirca
2637 2592 2683 2647 si
2734 2592 2946 2647 dicatur
2991 2591 3244 2648 Christus
3287 2591 3466 2646 factus
3513 2605 3634 2646 esse

2038 2681 2229 2735 melior
2257 2682 2480 2753 angelis,
2505 2682 2840 2751 comparatio
2871 2683 2986 2736 haec
3024 2681 3090 2736 ad
3123 2680 3389 2738 rationem
3423 2689 3632 2735 natura:

2040 2771 2320 2829 referenda
2345 2789 2451 2830 non
2477 2783 2584 2841 est,
2612 2774 2706 2830 sed
2738 2774 2805 2830 ad
2841 2775 3106 2831 honorem
3132 2785 3188 2830 et
3215 2773 3554 2844 dignitatem.

2569 2930 2802 2997 ALIUD,
2824 2934 2881 2988 in
2904 2932 3064 2987 idem.

2114 3066 2133 3098 ι
2166 3045 2341 3102 Tanto
2373 3046 2548 3102 factus
2580 3057 2662 3103 est
2700 3048 2893 3104 melior
2921 3047 3156 3118 angelis.
3201 3069 3219 3101 ι
3252 3047 3308 3102 ln
3343 3047 3448 3103 hoc
3476 3048 3630 3104 dicto

2038 3138 2083 3193 si
2118 3153 2222 3192 vox
2260 3139 2378 3194 hac
2410 3159 2429 3191 ι
2469 3139 2645 3194 factus
2680 3149 2766 3194 est
2790 3181 2804 3205 ,
2869 3157 2887 3190 ι
2930 3140 2996 3192 ad
3044 3139 3337 3196 essentiam
3374 3139 3497 3194 Filii
3543 3154 3630 3195 re-

2040 3227 2248 3284 feratur
2275 3271 2290 3295 ,
2325 3229 2460 3284 nihil
2494 3229 2570 3284 illi
2605 3228 2806 3285 ofiiciet
2843 3228 3006 3300 hujus
3045 3231 3199 3286 vocis
3226 3232 3330 3298 vis,
3389 3244 3511 3300 qua:
3549 3232 3632 3285 iu-

344 3317 658 3390 ἁδιαφόρως
683 3323 943 3394 κειμένης
980 3326 1239 3390 πολλάκις
1268 3332 1408 3383 κατὰ
1430 3332 1535 3384 τῶν
1557 3313 1932 3405 γεννωμένων.

2044 3321 2360 3379 diﬂcrenter
2399 3339 2778 3392 smpenumero
2811 3325 2877 3378 de
2929 3324 3130 3393 genitis
3172 3326 3414 3394 ponitur.
3464 3325 3628 3393 Atqui

357 3409 485 3463 Ἐπὶ
503 3412 602 3482 μὲν
631 3409 724 3466 οὖν
750 3415 859 3469 τῶν
886 3416 1057 3483 ὅντως
1085 3421 1386 3490 γινομένων
1433 3426 1526 3476 καὶ
1559 3429 1899 3496 ποιουμένων
1919 3473 1933 3495 ,

342 3505 450 3558 οὐκ
476 3505 541 3559 ἄν
566 3523 648 3570 τις
675 3507 941 3572 ἐπιδείξαι
985 3510 1045 3564 τὸ
1103 3512 1396 3580 γεννᾶσθαι
1443 3515 1695 3586 κείμενον
1729 3520 1936 3590 κυρίως

345 3597 440 3650 καὶ
477 3597 620 3651 κατὰ
642 3598 823 3667 φύσιν·
851 3601 933 3654 ὅτι
967 3602 1070 3655 κᾶν
1115 3604 1451 3675 γεννώμενον
1491 3609 1769 3680 φαίνηται,
1821 3612 1937 3684 ἔχει

344 3687 453 3758 πρὸ
487 3689 681 3743 ἑαυτοῦ
705 3691 764 3744 τὸ
791 3693 1123 3764 πεποιῆσθαι
1169 3697 1322 3767 παρὰ
1348 3698 1441 3752 τοῦ
1472 3703 1780 3766 κτίσαντος.
1809 3700 1936 3759 Οἴον

341 3779 633 3850 ἅνθρωπος
668 3784 924 3851 γεννᾶται
965 3786 1098 3855 μὲν,
1157 3789 1449 3859 πεποίηται
1493 3792 1573 3854 δὲ,
1617 3794 1710 3847 καὶ
1744 3795 1936 3867 κύριον

342 3871 512 3926 αὑτοῦ
541 3873 698 3927 105:0
731 3875 930 3944 μᾶλλον
958 3877 990 3948 ἢ
1015 3878 1076 3930 τὸ
1096 3877 1366 3950 δεύτερον.
1399 3883 1462 3935 Εἰ
1496 3883 1550 3935 δὲ
1580 3885 1672 3936 καὶ
1694 3885 1936 3955 λέγοιντό

341 3982 488 4029 τινες
520 3965 608 4018 διὰ
636 3966 728 4019 τοῦ
757 3967 1071 4040 Πνεύματος
1099 3972 1478 4042 γεγεννῆσθαι,
1511 3975 1648 4028 ἀλλὰ
1669 3977 1766 4030 καὶ
1787 3971 1933 4036 οὗτοι

346 4055 484 4127 πρὸς
521 4057 756 4127 μίμησιν
805 4057 896 4110 105
940 4059 1155 4130 ἀληθῶς
1207 4063 1561 4133 γεννηθέντος
1608 4068 1673 4120 ὲκ
1718 4069 1934 4141 Πατρὸς

340 4147 481 4203 Θεοῦ
512 4150 708 4216 Λόγου,
739 4151 835 4202 καὶ
860 4150 958 4204 οὐκ
991 4150 1098 4216 ἔξω
1147 4152 1240 4206 105
1268 4155 1599 4224 πεποιῆσθαι
1631 4162 1932 4230 τυγχάνου-

343 4257 448 4295 σινο
475 4240 616 4294 ὥστε
657 4241 718 4293 τὸ
768 4243 866 4312 τῆς
918 4244 1222 4313 γεννήσεως
1268 4244 1440 4316 ὄνομα
1475 4253 1934 4322 καταχρηστικῶς

340 4333 407 4386 ἂν
437 4333 526 4402 εἴη
584 4333 784 4404 μᾶλλον
813 4333 847 4402 ἢ
883 4335 1127 4403 φυσικῶς
1179 4338 1236 4390 ὲν
1285 4340 1396 4402 τοῖς
1449 4343 1717 4411 γενητοῖς.
1774 4344 1846 4397 Τὸ
1872 4346 1930 4400 δὲ

343 4424 626 4497 γεννηθὲν,
666 4426 770 4478 κᾶν
800 4427 1053 4494 γενέσθαι
1095 4428 1342 4500 λέγηται,
1385 4431 1539 4484 οὐδὲν
1582 4433 1842 4504 ὑπομένει
1871 4438 1931 4491 τὸ

345 4519 562 4592 βλάῦος,
597 4519 998 4592 ἀδιαψορούσης
1038 4525 1165 4594 περὶ
1192 4522 1348 4577 τοῦτο
1377 4525 1474 4595 τῆς
1513 4525 1661 4591 θείας
1686 4528 1926 4601 Γραφῆς,

341 4609 505 4679 Λέγει
536 4609 645 4680 γὰρ
669 4612 751 4664 ὅτι
782 4612 1032 4678 ἐγένοντο
1068 4611 1146 4704 τῶ
1191 4609 1310 4665 ’1ὼὸ
1334 4614 1443 4666 υἱοὶ
1463 4613 1602 4668 ἑπτὰ
1642 4616 1737 4670 καὶ
1767 4618 1928 4687 θυγα-
1961 4646 2004 4704 D

339 4703 499 4772 τέρες
526 4704 695 4773 τρεῖς.
725 4703 833 4756 Καὶ
856 4702 1033 4757 πάλινο
1078 4722 1095 4754 ι
1120 4699 1226 4756 ’Ἦν
1270 4705 1524 4776 ’Λὸραὰμ
1565 4709 1760 4762 ἑκατὸν
1787 4713 1924 4766 ἑτῶν

338 4794 426 4846 ὅτε
455 4791 675 4859 ἐγένετο
721 4792 870 4861 αὐτῷ
930 4791 1112 4846 Ἰσαὰκ
1160 4796 1188 4846 ὁ
1226 4793 1342 4856 υίὸς
1389 4796 1574 4851 αὑτοῦ.
1618 4817 1636 4850 ι
1677 4799 1739 4852 El
1764 4800 1820 4853 δὲ
1863 4803 1925 4856 τὸ

337 4879 679 4952 γεννώμενον
739 4881 992 4948 γενέσθαι
1056 4882 1270 4952 λέγεται
1321 4889 1412 4940 καὶ
1462 4889 1548 4940 ἐπ’
1594 4889 1920 4962 ἀνθρώπων,

338 4973 702 5042 ἀδιαφορείτω
731 4991 813 5037 τις
840 4974 998 5027 τοῦτο
1051 4975 1264 5030 ἁκούων
1317 4978 1411 5031 καὶ⁷
1452 4981 1582 5050 περὶ
1621 4981 1714 5034 105
1764 4983 1920 5038 Υἱοῦ.

356 5067 478 5119 Ἐπὶ
501 5065 560 5118 δὲ
592 5065 703 5119 τῶν
726 5065 969 5136 γενητῶν
997 5068 1096 5120 οὐκ
1156 5068 1509 5141 ἁδιαφορήσει
1545 5071 1634 5126 διὰ
1662 5074 1753 5127 τὸν
1783 5093 1919 5146 προ-

339 5155 726 5226 αποδεδομένον
739 5155 916 5224 λόγον.

1021 5359 1226 5415 ΑΛΛΟ.

544 5476 646 5540 Εἰς
674 5475 738 5528 τὸ
759 5473 940 5544 fabul,
965 5476 1045 5540 ὠς
1069 5475 1138 5529 ἐκ
1176 5472 1295 5529 τῶν
1318 5476 1392 5531 δι’
1416 5478 1714 5537 ἐναντίας.

407 5586 741 5656 Γέγραπται,
769 5589 922 5659 φησι,
945 5590 1072 5660 περὶ
1095 5590 1250 5655 Υἱοῦ,
1288 5592 1369 5645 ὅτι
1413 5611 1432 5644 ι
1468 5593 1720 5665 Τοσούτῳ
1744 5595 1923 5666 κρείτ-

337 5697 446 5735 των
476 5681 762 5751 γενόμενος
781 5681 889 5735 τῶν
917 5683 1190 5753 ἀγγέλων.
1234 5704 1250 5736 ι
1299 5686 1522 5758 Ἐπειδὴ
1567 5687 1627 5741 δὲ
1672 5689 1922 5756 φιλοῦσιν

340 5769 395 5822 αἱ
427 5772 751 5843 συγκρίσεις
778 5773 863 5826 ἀεὶ
884 5774 1130 5843 γίνεσθαι
1161 5775 1290 5844 περὶ
1321 5777 1388 5829 τὰ
1413 5778 1633 5849 ὁμοειδῆ
1656 5777 1926 5850 (οὐδὲγὰρ

403 5930 443 5961 ’³
476 5929 635 5990 Hebr.
673 5948 707 5999 I,
747 5932 796 5984 5.
885 5933 928 5960 ⁸³
959 5933 1087 5988 ibid.
1133 5936 1182 5988 6.
1267 5935 1310 5966 ³⁵³
1348 5935 1449 5990 Job
1481 5954 1518 6002 t,
1555 5938 1607 5989 ‘2.

2039 3415 2106 3468 de
2137 3415 2204 3468 iis
2229 3429 2350 3483 quae
2376 3429 2438 3469 re
2467 3430 2593 3469 vera
2639 3414 2780 3469 facta
2828 3424 2978 3476 sunt.
3017 3430 3179 3470 nemo
3221 3423 3369 3470 certe
3411 3415 3632 3485 proprie

2039 3523 2105 3563 ac
2153 3507 2476 3562 naturaliter
2515 3507 2619 3562 dici
2671 3509 2922 3563 ostendet
2960 3508 3252 3578 generari;
3309 3509 3436 3579 quia
3493 3517 3632 3563 tam-

2035 3601 2136 3655 etsi
2172 3608 2487 3670 generatum
2510 3607 2792 3667 appareat,
2826 3599 2989 3654 habet
3020 3608 3201 3656 tamen
3233 3592 3358 3655 ante
3388 3613 3448 3654 se
3480 3605 3625 3668 quod

2037 3690 2239 3746 factum
2276 3693 2346 3747 sit
2379 3706 2406 3745 a
2440 3690 2723 3747 Creatore.
2758 3690 3235 3758 Quemadmodum
3271 3691 3435 3746 homo
3459 3705 3626 3762 gene-

2039 3793 2189 3840 ratur
2216 3785 2454 3852 quidem,
2494 3784 2669 3838 f‘actus
2700 3792 2878 3838 tamen
2908 3789 2994 3836 est
3025 3799 3039 3834 :
3074 3789 3240 3851 atque
3271 3780 3377 3837 hoc
3405 3781 3625 3853 quidem

2037 3873 2115 3928 illi
2154 3873 2326 3942 magis
2377 3871 2660 3942 proprium
2693 3881 2822 3935 est,
2876 3886 3040 3941 quam
3100 3869 3253 3925 illud.
3302 3869 3361 3925 Si
3385 3885 3515 3926 vero
3547 3872 3629 3925 di-

2035 3972 2232 4018 cantur
2283 3962 2526 4017 nonnulli
2572 3977 2673 4032 per
2723 3961 2988 4034 Spiritum
3043 3963 3213 4033 geniti
3240 3977 3363 4018 esse
3401 3963 3542 4019 :sed
3572 3973 3630 4020 et

2035 4055 2092 4110 bi
2124 4055 2190 4108 ad
2224 4054 2582 4110 imitationem
2621 4055 2808 4120 Verbi,
2851 4055 2994 4124 quod
3046 4069 3172 4110 vere
3215 4070 3281 4110 ex
3327 4055 3491 4111 Patre
3535 4069 3629 4125 ge-

2034 4147 2209 4203 nitum
2237 4154 2345 4214 est,
2388 4147 2463 4202 ita
2495 4157 2765 4202 vocantur
2799 4165 2813 4202 :
2847 4145 2974 4202 facti
3014 4155 3194 4201 tamen
3234 4160 3358 4202 esse
3387 4162 3492 4200 non
3533 4148 3628 4203 de-

2033 4239 2258 4305 sinunt;
2303 4239 2558 4308 quocirca
2599 4239 2968 4309 generationis
3003 4252 3200 4292 nomen
3251 4239 3478 4294 abusive
3525 4253 3626 4304 po-

2036 4333 2142 4387 tius
2171 4347 2332 4401 quam
2361 4332 2580 4401 proprie
2607 4332 2675 4387 de
2705 4332 2771 4387 iis
2798 4347 2918 4402 qua:
2937 4331 3080 4386 facta
3122 4338 3273 4395 sunt,
3301 4341 3622 4400 usurpatur.

2032 4423 2283 4480 Genitnm
2316 4440 2465 4489 vero,
2513 4425 2732 4481 tametsi
2785 4425 2998 4481 dicatur
3035 4423 3238 4479 factum
3283 4439 3440 4490 esse,
3491 4424 3626 4480 nihil

2036 4518 2220 4571 damni
2260 4518 2384 4572 inde
2436 4517 2692 4588 percipit,
2729 4532 2853 4573 cum
2908 4533 3064 4572 sacra
3121 4517 3408 4586 Scriptura
3457 4517 3623 4572 indif-

2034 4609 2275 4665 ferenter
2314 4626 2379 4665 eo
2426 4620 2636 4665 utatur.
2673 4610 2814 4665 Dicit
2859 4610 3004 4678 quod
3059 4608 3185 4664 facti
3219 4609 3328 4664 sint
3369 4608 3472 4664 Job
3527 4607 3623 4664 filii

2035 4703 2264 4770 septem,
2298 4712 2352 4757 et
2382 4701 2507 4757 filiae
2540 4712 2649 4757 tres
2687 4701 2752 4755 ’³.
2782 4701 2913 4756 Item
2947 4717 2961 4755 :
3001 4719 3019 4753 ι
3058 4699 3189 4756 Erat
3209 4702 3484 4757 Abraham
3533 4716 3625 4756 au-

2036 4808 2230 4846 norum
2281 4803 2498 4848 centum
2541 4794 2761 4862 quando
2816 4790 2992 4846 factus
3046 4800 3130 4846 est
3173 4794 3219 4847 ei
3286 4791 3437 4848 Isaac
3482 4790 3625 4847 ﬁlius

2035 4885 2153 4954 ejus
2182 4887 2249 4939 “.
2297 4905 2315 4938 ι
2355 4887 2410 4942 Si
2445 4901 2571 4941 vero
2601 4887 2743 4956 quod
2780 4894 3238 4965 generatum/est,
3269 4882 3473 4938 factum
3501 4898 3623 4940 esse

2031 4979 2228 5033 dicitur
2252 4979 2414 5032 etiam
2452 4979 2507 5034 in
2539 4979 2875 5043 hominibus,
2911 4979 3287 5042 indifferenter
3322 4981 3425 5033 hoc
3449 4977 3616 5032 etiam

2029 5072 2285 5140 accipiat,
2331 5073 2374 5126 si
2415 5073 2538 5142 quis
2585 5076 2652 5128 de
2701 5072 2838 5128 Filio
2890 5073 2940 5127 id
2973 5072 3080 5127 dici
3126 5072 3385 5127 audierit.
3439 5073 3513 5128 De
3558 5074 3621 5129 iis

2037 5170 2214 5217 autem
2249 5179 2369 5233 qum
2409 5165 2548 5218 facta
2603 5174 2752 5231 sunt,
2790 5180 2895 5218 non
2939 5165 3066 5219 item
3110 5163 3484 5220 indifferenter
3531 5180 3624 5222 ac-

2031 5257 2216 5327 cipiet,
2259 5259 2328 5312 ob
2359 5259 2624 5314 rationem
2652 5257 2764 5327 jam
2798 5258 3023 5313 dictam.

2703 5370 2936 5428 ALIUD.

2222 5482 2288 5537 In
2319 5485 2494 5552 idem,
2551 5500 2614 5539 ex
2671 5485 2965 5555 objections
3017 5484 3408 5537 Itazreticorum.

2099 5596 2372 5665 Scriptum
2396 5606 2503 5662 est,
2555 5597 2829 5667 inquiunt.
2869 5597 2936 5652 de
2970 5593 3129 5661 Filio,
3179 5597 3346 5665 quod,
3394 5613 3411 5644 ι
3462 5602 3614 5648 tanto

2030 5688 2222 5743 melior
2248 5687 2428 5745 factus
2464 5690 2533 5746 sit
2564 5689 2790 5762 angelis.
2830 5708 2849 5740 ι
2896 5689 3030 5744 Cum
3083 5702 3215 5742 vero
3247 5686 3618 5756 comparatio-

2036 5797 2134 5837 nes
2183 5797 2397 5852 semper
2466 5782 2580 5839 fieri
2635 5782 2847 5839 soleant
2907 5783 3050 5837 inter
3096 5796 3158 5837 ea
3209 5796 3329 5851 quae
3371 5777 3614 5849 ejusdem

1684 5938 1728 5969 ”‘
1769 5938 1902 5995 Gen.
1944 5955 2057 6007 ut,
2091 5942 2144 5994 6.
