4024 6490
472 461 574 519 343

1468 462 1525 518 8.
1566 460 1837 519 evntLu
1879 438 2335 513 Atuxa'unmm
2380 457 2694 511 AliCIIIEP.

3522 428 3714 509 ’5η

474 592 598 637 sunt
632 582 826 651 speciei
861 582 1055 648 (neque
1087 578 1230 632 enim
1264 579 1530 648 quispiam
1582 588 1731 633 recte
1761 578 2033 631 hominem

2139 575 2203 629 ἀν
2234 593 2315 638 τις
2340 574 2573 641 εὐλόγως
2604 576 2755 644 ἵππῳ
2783 574 3071 642 συγκρῖναι
3104 573 3195 625 τὸν
3218 571 3504 641 ἄνθρωπον
3529 570 3560 638 ἢ
3594 568 3712 621 κυνὶ

475 688 615 741 equo
643 672 953 729 contulerit.
992 681 1084 723 aut
1113 685 1266 723 ovem
1294 671 1436 736 cani,
1493 670 1585 724 sed
1620 669 1892 723 hominem
1930 667 2029 719 ho-

475 764 712 815 minibus
740 802 754 824 ,
794 770 847 815 et
898 777 1049 814 ovem
1085 763 1170 815 ovi
1199 760 1239 830 ).
1294 762 1663 815 necessarium
1697 760 1919 814 omnino
1951 767 2035 809 est

476 867 533 907 ut
565 856 764 907 factum
796 869 913 907 esse
951 853 1142 907 Filium
1190 852 1479 914 fateamur,
1526 867 1650 907 cum
1678 859 2029 921 comparetur

474 944 699 1013 angelis,
726 958 951 1011 quorum
987 952 1175 994 natura
1213 940 1350 995 facta
1379 952 1481 996 est.

965 1050 1177 1105 Salutio
1208 1051 1528 1118 objectionis.

543 1168 729 1223 Solent
786 1168 1002 1235 quidem
1055 1144 1491 1231 comparationes
1534 1164 1675 1218 inter
1728 1178 1812 1219 res
1854 1164 2034 1230 specie

471 1258 853 1311 convenientes
879 1255 1015 1308 ﬁeri.
1050 1252 1155 1307 Sed
1185 1267 1306 1306 cum
1336 1250 1599 1320 ejusmodi
1630 1253 1772 1305 inter
1799 1266 1855 1304 se
1887 1267 2032 1303 com-

471 1360 771 1417 parantur,
835 1361 1017 1400 vocem
1069 1344 1232 1407 illam,
1277 1361 1294 1393 ι
1351 1341 1541 1396 melior
1588 1361 1605 1392 ι
1652 1357 1757 1394 non
1808 1340 2037 1393 libenter

472 1454 645 1507 neque
682 1437 897 1505 praprie
927 1435 1255 1497 admittunt;
1290 1432 1381 1486 sed
1414 1434 1583 1499 magis
1631 1442 1684 1483 et
1726 1433 1902 1483 minus
1937 1446 2033 1498 po-

472 1533 577 1586 tius
610 1532 689 1585 eis
721 1528 995 1593 convenit,
1030 1537 1121 1580 aut
1151 1541 1259 1594 prae
1294 1526 1565 1579 interdum
1593 1524 1756 1576 etiam
1794 1523 1916 1591 plus
1966 1522 2034 1576 de

468 1626 548 1679 eis
590 1622 694 1676 dici
732 1638 745 1673 :
803 1621 999 1689 quippe
1034 1633 1153 1687 qua:
1205 1618 1376 1684 magis
1421 1616 1694 1685 propriam
1746 1628 2034 1683 compara-

472 1719 667 1771 tionem
719 1715 953 1770 ostendit
998 1730 1010 1763 :
1061 1714 1130 1765 ita
1163 1710 1371 1780 {Joseplt
1418 1710 1687 1765 formosus
1721 1709 1839 1778 plus
1873 1724 2033 1777 quam

470 1811 667 1862 fratres
699 1810 778 1861 sui
812 1806 1005 1859 dicitur
1034 1805 1099 1855 ’⁸.
1132 1802 1295 1856 Stella
1328 1816 1457 1855 vero
1501 1816 1609 1855 non
1646 1800 1807 1874 203
1841 1800 2036 1855 dicitur

2136 668 2195 720 τὸ
2225 668 2510 739 πρόϐατον,
2574 667 2686 720 ἀλλ’
2738 665 3021 736 ἄνθρωπον
3068 663 3167 733 μὲν
3215 661 3623 733 ἀνθρώποις,τδ
3653 659 3710 713 δὲ

2137 756 2405 825 πρόϐατον
2434 756 2513 825 τῷ
2552 756 2853 825 προϐάτῳ),
2884 754 3097 821 ἀνάγκη
3120 753 3269 805 πᾶσα
3311 750 3536 819 γενητὸν
3572 744 3710 801 εἶναι

2138 846 2513 915 συνομολογεῖν
2535 846 2626 898 τὸν
2657 846 2801 908 Υἰὸν,
2844 846 2900 907 ὃς
2939 842 3187 911 ἀγγέλοις
3234 840 3579 910 συγκρίνεται
3601 838 3710 899 τοῖς

2136 937 2367 1006 γενητὴν
2389 937 2567 1007 έχουσι
2596 935 2693 1005 τὴν
2722 936 2901 1003 φύσιν.

2632 1049 2785 1118 Πρὸς
2816 1050 2993 1103 τοῦτο
3014 1049 3212 1112 λύσις.

2204 1164 2419 1218 Φιλοῦσι
2442 1165 2539 1234 μὲν
2559 1159 3007 1232 ὁμολογουμένως
3058 1160 3115 1210 ὲν
3163 1158 3274 1215 τοῖς
3325 1151 3624 1224 ὁμοειδέσιν
3652 1149 3713 1201 αἱ

2139 1258 2453 1328 συγκρίσεις
2508 1254 2771 1323 γίνεσθαι.
2824 1252 2959 1305 Ἀλλ’
2997 1252 3125 1302 ὅταν
3180 1248 3247 1300 τὰ
3299 1245 3524 1299 τοιαῦτα
3576 1244 3714 1311 πρὸς

2136 1351 2339 1421 ἄλληλα
2374 1349 2644 1419 κρίνηται.
2680 1347 2737 1399 τὸ
2789 1364 2807 1396 ι
2848 1344 3113 1414 κρείττων
3153 1360 3166 1390 ι
3227 1339 3485 1406 λέγεσθαι
3526 1336 3711 1404 μισεῖ,

2138 1445 2232 1497 καὶ
2260 1444 2357 1496 οὐκ
2390 1442 2605 1503 οἰκείως
2666 1438 2965 1501 ἑπιδέξεται
3023 1436 3120 1505 τὴν
3149 1433 3352 1502 φωνήν·
3400 1426 3631 1499 ἁρμόσει
3656 1425 3716 1477 δὲ

2136 1538 2223 1590 ἐπ’
2252 1535 2431 1589 αὐτῶν
2469 1534 2527 1585 τὸ
2564 1531 2763 1601 μᾶλλον
2787 1531 2880 1583 καὶ
2910 1529 2969 1580 τὸ
2996 1522 3177 1596 ἦττον,
3211 1524 3305 1577 καὶ⁵
3341 1524 3403 1574 τὸ
3429 1520 3715 1589 διαφερόν-

2136 1643 2241 1688 τως
2273 1623 2547 1691 λέγεσθαι,
2578 1624 2669 1673 καὶ
2722 1621 2784 1675 τὸ
2829 1619 2989 1671 πλέον
3043 1616 3152 1669 ἔσθ’
3182 1616 3289 1668 ὅταν
3320 1612 3355 1666 ἃ
3378 1610 3444 1682 δὴ
3496 1611 3588 1662 καὶ
3618 1626 3716 1661 κυ-

2139 1718 2401 1789 ριωτέραν
2460 1714 2694 1769 δεικνύει
2756 1713 2852 1783 τὴν
2904 1711 3221 1780 σύγκρισιν*
3275 1708 3452 1770 οὕτως
3513 1705 3715 1774 Ἰωσὴφ

2137 1811 2333 1880 ὡραῖος
2368 1806 2518 1877 παρά
2546 1806 2668 1868 τοὺς
2700 1802 2979 1872 ἀδελφούς.
3047 1801 3245 1870 Ἀστὴρ
3270 1799 3328 1852 δὲ
3367 1796 3528 1849 πάλιν
3557 1794 3717 1847 ἀστέ-

467 1900 658 1954 melior
692 1912 851 1965 quam
884 1896 988 1949 alia
1026 1894 1203 1955 stella,
1232 1894 1325 1948 sed
1383 1890 1665 1947 excellere
1712 1892 1910 1961 gloria.
1954 1890 2032 1945 Ita

2139 1914 2230 1963 po;
2267 1896 2328 1948 ού
2364 1893 2648 1963 κρείττων,
2682 1892 2817 1944 ἀλλά
2871 1890 3117 1959 διαφέρει
3151 1891 3206 1941 ὲν
3258 1888 3384 1957 δοξῃ
3412 1902 3427 1917 ο
3470 1883 3644 1945 οὓτως
3685 1884 3716 1935 ὁ

466 1994 726 2047 Servator
753 1990 967 2058 quando
1007 1988 1315 2043 hominibus
1361 1996 1420 2040 ut
1465 1986 1627 2041 homo
1657 1994 2027 2053 comparatur,

466 2098 573 2137 non
609 2081 808 2136 dicitur
860 2078 1054 2133 melior
1103 2076 1544 2146 pulchritudine,
1599 2075 1696 2131 sed
1762 2075 2034 2131 formosus

464 2187 577 2242 pre
606 2172 731 2226 liliis
760 2170 1037 2225 hominum
1062 2168 1130 2222 ”.
1185 2167 1317 2224 Cum
1346 2182 1474 2221 vero
1502 2182 1621 2237 qua:
1652 2168 1881 2223 diversa:
1910 2182 2034 2237 spe-

463 2264 567 2319 ciei
600 2273 726 2317 sunt
768 2263 909 2315 inter
932 2276 992 2316 se
1024 2268 1433 2329 comparantur,
1468 2266 1581 2313 tum
1616 2259 1786 2329 magis
1811 2259 2034 2328 proprie

463 2356 686 2416 dicitur.
723 2353 935 2411 melius.
995 2354 1168 2422 Atque
1196 2352 1267 2407 ita
1306 2352 1573 2421 scriptum
1622 2359 1707 2404 est
1749 2367 1763 2403 :
1795 2370 1813 2402 ι
1845 2350 2035 2405 Melior

464 2457 545 2501 est
576 2446 719 2501 enim
753 2444 1018 2513 sapientia
1046 2459 1205 2514 quam
1235 2444 1442 2515 lapides
1458 2443 1685 2514 pretiosi
1706 2444 1773 2499 ".
1809 2463 1829 2497 ι
1865 2444 2027 2511 Qum-

464 2553 589 2592 nam
620 2536 764 2616 enim
796 2546 879 2591 est
913 2537 1143 2592 societas
1183 2543 1389 2591 natura
1420 2535 1698 2603 sapientia
1722 2551 1844 2589 cum
1891 2535 2026 2603 lapi-

467 2629 669 2685 dibus?
704 2628 759 2681 Si
806 2643 941 2695 ergo
990 2627 1326 2696 comparatio
1384 2640 1569 2680 rerum
1623 2626 1802 2696 specie
1837 2642 2034 2681 conve-

468 2721 735 2775 nientium
772 2718 931 2771 aliam
965 2719 1233 2771 rationem
1282 2716 1465 2780 habet,
1520 2715 1585 2771 de
1628 2718 1695 2771 iis
1744 2734 1872 2773 vero
1915 2736 2033 2789 qua:

466 2812 757 2867 secundum
821 2819 1065 2863 naturam
1127 2824 1277 2862 suam
1333 2807 1563 2864 diversae
1614 2820 1738 2863 sunt
1793 2811 2031 2877 speciei.

466 2903 658 2958 melius
681 2903 877 2957 dicitur
905 2918 920 2955 :
956 2912 1103 2955 certe
1144 2900 1313 2955 Filius
1335 2902 1542 2969 angelis
1556 2901 1752 2955 similis
1776 2917 1882 2955 non
1907 2905 2029 2966 erit,

469 3008 645 3063 neque
679 2994 853 3048 factus
881 3001 939 3047 ut
972 2992 1069 3058 illi,
1102 2993 1196 3047 sed
1230 2992 1578 3063 Ityperbolica
1624 2994 2032 3061 comparatione

470 3089 572 3141 hoc
626 3086 733 3140 ﬁet.
770 3087 946 3153 Atque
964 3100 1026 3140 ea
1072 3085 1186 3155 ipsa
1222 3087 1431 3142 ratione
1454 3101 1561 3155 qua
1595 3086 1792 3141 dicitur
1820 3086 2030 3151 melior,

466 3176 694 3231 diversae
722 3175 898 3245 potius
927 3190 1087 3245 quam
1116 3174 1356 3243 ejusdem
1392 3170 1591 3246 speciei
1621 3193 1743 3233 cum
1796 3178 1877 3233 eis
1904 3180 2028 3235 erit.

992 3286 1223 3351 ALIUD,
1262 3288 1316 3340 in
1350 3288 1505 3343 idem.

540 3398 620 3463 Si,
650 3398 775 3465 quia
800 3410 959 3450 sacra
986 3396 1266 3465 Scriptura
1302 3398 1430 3452 dicit
1462 3417 1473 3453 :
1503 3417 1521 3449 ι
1546 3398 1718 3455 Tanto
1746 3402 1933 3455 melior
1960 3401 2037 3455 fa-

469 3498 589 3543 ctus
622 3488 853 3558 angelis,
887 3508 906 3540 ι
946 3488 1184 3557 ejusdem
1216 3490 1413 3556 speciei
1448 3504 1570 3543 cum
1605 3492 1809 3563 angelis
1837 3504 1917 3548 est
1944 3493 2035 3547 Fi-

470 3582 593 3643 lius,
633 3591 817 3649 utpOIe
854 3581 938 3635 eis
981 3590 1352 3647 comparatus,
1385 3581 1595 3635 videant
1628 3598 1790 3652 quam
1828 3585 2038 3651 pericu-

471 3674 581 3728 losa
615 3673 736 3727 inde
768 3682 1022 3741 sequatur
1067 3673 1477 3741 consequentia.
1516 3673 1654 3740 Quid
1688 3676 1831 3729 enim
1862 3678 2041 3732 oberit

468 3764 755 3832 quominus
812 3764 921 3817 Deo
967 3764 1209 3819 assidere
1255 3764 1496 3835 angelos,
1544 3780 1760 3834 unaque
1805 3782 1926 3820 cum
1973 3782 2038 3822 eo

471 3869 696 3925 regnare
750 3855 1030 3917 dicamus,
1087 3855 1332 3921 nihilque
1391 3852 1739 3912 excellentius
1790 3858 1843 3911 in
1900 3857 2038 3912 Filio

466 3962 627 4015 quam
661 3947 714 4000 in
766 3946 977 4016 angelis
1021 3947 1183 4000 esse?
1212 3945 1344 3999 Nam
1389 3962 1509 4015 qua:
1549 3949 1789 4017 ejusdem
1841 3951 2035 4019 speciei

470 4048 615 4099 sunt,
651 4036 865 4090 tametsi
908 4035 1196 4105 quamdam
1253 4037 1391 4091 inter
1436 4053 1493 4091 se
1535 4036 1896 4093 differentiam
1941 4043 2036 4094 ha-

470 4131 659 4192 beant,
692 4127 929 4194 ejusdem
966 4136 1144 4181 tamen
1180 4138 1305 4181 sunt
1356 4139 1582 4183 natura.
1623 4129 1732 4184 Hac
1764 4131 1906 4184 enim
1955 4146 2039 4184 ra-

472 4220 619 4273 tione
659 4221 820 4273 etiam
851 4216 1091 4288 ejusdem
1123 4219 1318 4288 speciei
1350 4220 1476 4275 sint.
1509 4220 1773 4286 Quocirca
1812 4237 1932 4275 cum
1973 4222 2038 4279 de

470 4307 677 4377 angelis
702 4308 911 4360 dicatur
934 4324 947 4359 :
972 4325 989 4357 ι
1022 4305 1248 4361 Faciens
1272 4308 1489 4378 angelos
1511 4325 1636 4365 suos
1664 4312 1887 4379 spiritus
1905 4312 1949 4343 "
1972 4330 1987 4378 -,
2014 4331 2035 4365 ι

469 4402 535 4453 de
564 4398 698 4452 Filio
726 4408 902 4452 autem
937 4417 949 4450 :
984 4416 1001 4448 ι
1032 4396 1199 4452 Sedes
1230 4408 1339 4463 tua,
1374 4398 1535 4464 Deus,
1570 4402 1621 4454 in
1647 4402 1902 4457 saeculum
1935 4419 2035 4458 sa:-

470 4490 573 4546 culi
599 4490 676 4555 ";
710 4508 727 4541 ι
766 4498 820 4543 ει
847 4490 1045 4558 angeli,
1070 4489 1225 4559 juxta
1258 4489 1471 4545 illorum
1518 4492 1848 4558 opinionem,
1890 4495 2035 4563 ejus-

2136 1987 2348 2057 Σωτὴρ,
2386 1988 2474 2039 ὁτι
2496 1988 2608 2048 τοῖς
2628 1982 2934 2053 ἀνθρώποις
2987 1983 3062 2045 ὡς
3087 1981 3371 2051 ἄνθρωπος
3422 1977 3711 2046 συγκρίνε-

2134 2095 2245 2143 ται,
2280 2076 2341 2130 ού
2374 2076 2638 2147 κρείττων
2678 2074 2862 2127 κάλλει
2896 2072 3136 2139 λέγεται.
3161 2070 3275 2124 ἀλλ’
3306 2070 3509 2137 ὡραῖος
3560 2065 3714 2136 παρὰ

2132 2171 2260 2233 τοὺς
2295 2169 2444 2231 uici);
2466 2168 2576 2221 τῶν
2601 2164 2920 2237 ἀνθρώπων.
2950 2164 3078 2216 Ὅτε
3100 2162 3158 2216 δὲ
3184 2162 3250 2215 τά
3274 2159 3547 2230 ἑτεροειδῆ
3576 2158 3715 2227 πρὸς

2134 2260 2342 2331 ἄλληλα
2386 2259 2486 2331 τὴν
2524 2257 2809 2328 σύγκρισιν
2838 2256 2972 2326 ἔχει,
3029 2253 3150 2307 τὸτε
3188 2252 3409 2321 λέγεται
3434 2249 3496 2303 es
3534 2250 3719 2320 κρεῖτο

2134 2368 2225 2405 τον
2252 2346 2774 2421 οίκειὸτερον.,οὓτω
2798 2346 2893 2400 καὶ
2907 2345 3238 2416 γέγραπται·
3262 2342 3584 2413 «Κρείσσων
3606 2337 3718 2407 γάρ

2138 2426 2298 2513 σοςρία
2327 2443 2490 2497 λίθων
2523 2439 2848 2495 πολυτελῶν.
2886 2458 2904 2489 ι
2946 2437 3081 2491 Ποία
3110 2435 3167 2488 δὶ
3210 2432 3475 2495 κοινωνίαξ
3500 2429 3717 2500 φύσεως

2137 2537 2299 2608 σοφίᾳ
2340 2537 2432 2589 καὶ
2483 2534 2687 2600 λίθοις;
2722 2534 2783 2587 El
2840 2531 3019 2585 τοίνυν
3048 2530 3237 2598 ῑτερον
3270 2527 3370 2596 μὲν
3411 2523 3525 2594 εχει
3546 2522 3718 2575 τύπον

2136 2632 2193 2682 ἐν
2222 2630 2334 2690 τοῖς
2363 2625 2662 2697 ὁμοειδέσιν
2688 2626 2723 2693 ῆ
2752 2623 3063 2692 σύγκρισις,
3090 2620 3183 2673 ἐπὶ
3216 2619 3272 2672 δὲ
3302 2617 3413 2671 τῶν
3445 2615 3719 2686 ἀνομοίων

2136 2720 2278 2774 κατά
2296 2721 2395 2789 τὴν
2418 2718 2579 2786 φύσιν
2608 2716 2667 2768 τὸ
2690 2717 2935 2786 κρεῖττον
2961 2711 3235 2773 τάττεται,
3276 2709 3377 2761 οὐκ
3400 2707 3556 2760 ἔσται
3607 2706 3719 2768 τοῖς

2136 2811 2386 2879 ἀγγέλοις
2413 2812 2594 2879 ὅμοιος
2626 2809 2655 2859 ὁ
2687 2807 2833 2869 Υἱὸς,
2867 2804 2987 2857 οὐδὲ
3024 2802 3249 2873 γενητὸς
3271 2800 3463 2870 ὥσπερ
3494 2802 3714 2861 ἐκεῖνοι,

2136 2904 2248 2957 ἀλλ’
2278 2902 2641 2974 ύπερὸολικὴν
2696 2900 2810 2969 ἔχει
2856 2898 2953 2968 τὴν
2999 2896 3307 2965 σύγκρισιν.
3360 2894 3467 2945 Καὶ
3504 2892 3593 2944 διὰ
3622 2889 3715 2943 τοῦ

2134 2994 2387 3064 λέγεσθαι
2455 2993 2719 3064 κρείττων
2758 3031 2773 3057 ,
2839 2987 3141 3061 ἑτεροειδῆς
3194 2986 3345 3038 ισται
3418 2983 3617 3054 μᾶλλον
3681 2981 3715 3051 ἢ

2134 3088 2401 3159 ὁμοειδής.

2608 3282 2812 3347 AAAO,
2852 3282 2938 3347 εις
2977 3280 3041 3333 τὸ
3080 3279 3247 3333 αὐτό.

2212 3402 2273 3455 El
2306 3398 2391 3453 διά
2418 3399 2478 3451 τὸ
2503 3396 2682 3463 λέγειν
2706 3396 2806 3467 τὴν
2836 3393 3060 3464 Γραφὴν
3081 3432 3095 3457 ,
3129 3411 3147 3444 ι
3172 3391 3423 3461 Τοσούτῳ
3456 3391 3717 3461 κρείττων

2139 3492 2429 3561 γενόμενος
2457 3490 2566 3542 τῶν
2601 3488 2865 3557 ἀγγέλων,
2900 3505 2918 3537 ι
2953 3485 3203 3555 ὁμοειδὴς
3231 3484 3384 3538 ἔσται
3406 3489 3521 3547 τοῖς
3555 3485 3717 3554 ἀγγέ-

2137 3584 2250 3647 λοις
2296 3586 2325 3636 ὁ
2374 3583 2499 3644 Tib;
2538 3581 2612 3643 ὠς
2647 3580 2782 3650 πρὸς
2823 3578 3020 3641 αὐτοὺς
3065 3576 3203 3647 έχων
3254 3576 3353 3647 τὴν
3404 3577 3715 3647 σύγκρισιν,

2137 3674 2421 3746 ὁράτωσαν
2454 3674 2545 3726 ποῖ
2577 3689 2707 3725 ποτε
2742 3673 2770 3725 ὁ
2799 3670 2957 3740 λόγος
2988 3670 3171 3734 αὐτοῖς
3211 3668 3718 3739 κινδυνεύσει.Ὠρα

2137 3767 2247 3837 γὰρ
2278 3766 2557 3837 ὁμολογεῖν
2588 3765 2681 3818 καὶ
2713 3761 3149 3832 συγκαθεσθῆναι
3199 3759 3459 3815 δύνασθαι
3488 3761 3586 3830 τῷ·
3600 3758 3719 3831 Θεῷ

2135 3859 2261 3920 τοὺς
2288 3856 2552 3926 ἀγγέλους
2592 3856 2685 3909 καὶ
2733 3853 3150 3924 συμϐασιλεύειν
3187 3852 3333 3923 αὐτῷ
3357 3870 3370 3882 ·
3404 3852 3501 3907 καὶ
3527 3852 3589 3906 τὸ
3617 3869 3715 3905 πε-

2142 3948 2319 4021 ριττὸν
2347 3948 2497 4001 οὐδὲν
2535 3948 2593 4000 ιν
2631 3947 2746 4017 Υίῷ
2772 3948 2901 4017 παρ’
2938 3945 3199 4008 ἐκείνους.
3220 3945 3301 3999 Τά
3329 3944 3441 4016 γὰρ
3464 3945 3716 4015 ἀλλήλοις

2137 4038 2381 4109 ὁμοειδῆ,
2420 4037 2520 4091 κᾶν
2559 4037 2657 4108 ἔχῃ
2704 4037 2828 4089 τινὰ
2875 4037 3010 4107 πρὸς
3060 4037 3264 4107 ἄλληλα
3301 4038 3399 4105 τὴν
3429 4035 3714 4107 διαφορὰν,

2138 4130 2274 4184 ἀλλά
2296 4130 2395 4200 τῆς
2427 4130 2597 4201 αὐτῆς
2625 4131 2807 4201 ἔχεται
2834 4130 3067 4199 φύσεως.
3086 4128 3243 4183 υύτω
3271 4128 3378 4198 γὰρ
3407 4128 3475 4181 ἂν
3510 4129 3596 4198 εἴη
3624 4128 3719 4182 καὶ

2135 4224 2373 4295 ὁμοειδῆ.
2405 4222 2611 4279 Οὐκοῦν
2652 4223 2953 4295 ἐπειδήπερ
2984 4222 3111 4291 περὶ
3150 4226 3251 4291 μὲν
3284 4220 3531 4289 ἀγγέλων
3567 4220 3720 4287 λέγε-

2134 4332 2257 4370 ται·
2318 4315 2415 4367 ιὈ
2460 4316 2630 4368 ποιῶν
2673 4331 2798 4379 τους
2846 4298 3112 4382 ἀγγέλους
3149 4311 3313 4366 αὑτοῦ
3351 4310 3659 4381 πνεύματα,
3695 4331 3711 4362 ι

2135 4404 2266 4474 περὶ
2314 4403 2371 4455 δὲ
2401 4401 2495 4457 τοῦ
2525 4401 2689 4456 Υίοῦν
2723 4420 2743 4454 ι
2765 4402 2825 4457 ὐ
2860 4402 3047 4474 θρόνος
3090 4419 3208 4467 σου,
3245 4404 3274 4455 ὁ
3318 4402 3474 4467 Θεὸς,
3513 4404 3594 4465 είς
3627 4402 3717 4455 τὸν

2135 4492 2310 4549 αἰῶνα
2335 4494 2426 4547 τοῦ
2462 4495 2679 4561 αίὼνος,
2713 4514 2731 4545 ι
2776 4494 3040 4564 ὁμοειδεῖς
3063 4494 3120 4548 δὲ
3144 4494 3363 4563 ἄγγελοι
3394 4494 3490 4546 καὶ
3527 4497 3556 4547 ὁ
3588 4494 3715 4557 Υἱὸς

468 4581 589 4633 dem
618 4581 730 4633 sint
750 4580 945 4646 speciei
976 4594 1095 4631 cum
1125 4579 1282 4645 Filio,
1311 4582 1435 4649 quia
1468 4582 1718 4635 nimirum
1750 4584 1868 4639 ideo
1893 4585 2033 4653 quod

2141 4587 2259 4640 κατ’
2292 4586 2551 4651 ὁκείνους,
2581 4586 2670 4643 διὰ
2716 4586 2779 4639 τὸ
2826 4586 2961 4657 πρὸς
3004 4586 3204 4651 αὐτοὺς
3249 4588 3307 4640 ὲν
3348 4586 3428 4659 τῷ
3458 4587 3715 4655 λέγεσθαι

468 4671 667 4725 dicitur
698 4671 909 4738 melior,
946 4687 1068 4725 cum
1103 4672 1187 4728 eis
1228 4685 1615 4742 comparatur:
1650 4676 1783 4730 nihil
1813 4678 2037 4733 obstite~

472 4762 542 4816 rit
588 4761 881 4831 quominus
923 4762 1083 4816 etiam
1135 4764 1311 4835 angeli
1354 4766 1564 4834 possint
1616 4767 1857 4822 assidere
1896 4769 2036 4833 Deo;

469 4854 685 4908 tametsi
734 4867 891 4906 nemo
917 4868 1104 4909 eorum
1156 4869 1273 4909 eam
1310 4856 1623 4925 dignitatem
1664 4857 1734 4912 sit
1777 4860 2034 4927 adeptus;

468 4946 803 5014 frustraque,
848 4956 903 4999 ut
944 4947 1235 5001 verisimile
1281 4956 1387 5010 est,
1435 4948 1631 5003 Paulus
1669 4950 1801 5004 dicit
1834 4970 1847 5005 :
1886 4972 1904 5003 ι
1937 4952 2034 5007 Cui

468 5036 611 5089 enim
675 5051 909 5104 unquam
960 5038 1272 5107 angelorum
1331 5038 1515 5095 dixit:
1562 5039 1698 5096 Sede
1746 5060 1775 5097 a
1834 5046 2037 5100 dextris

468 5130 604 5182 meis
636 5129 742 5181 ‘?r
784 5130 891 5182 Aut
954 5132 1221 5198 quomodo
1290 5132 1416 5185 illud
1475 5143 1723 5201 tanquam
1776 5139 2032 5193 eximium

472 5218 695 5287 largitur
726 5217 879 5283 Filio,
923 5221 965 5273 si
1010 5221 1321 5290 angelorum
1366 5239 1581 5292 quoque
1627 5237 1815 5279 natura
1850 5230 1901 5282 id
1933 5231 2032 5286 sibi

468 5311 728 5376 vindicat,
775 5311 1039 5378 siquidem
1075 5311 1312 5379 ejusdem
1354 5324 1479 5368 sunt
1524 5330 1645 5370 cum
1684 5331 1747 5370 eo
1797 5320 2034 5385 speciei?

467 5401 659 5456 Omnia
700 5402 842 5454 cnim
881 5403 1036 5456 unius
1068 5414 1267 5458 natura:
1298 5407 1578 5469 attributa,
1629 5422 1748 5461 cum
1782 5409 2031 5465 omnibus

466 5490 700 5558 ejusdem
730 5494 924 5559 speciei
954 5505 1077 5548 sunt
1101 5499 1426 5551 COIllmUllia.
1453 5486 1827 5567 Prmrogativa:
1852 5510 2028 5555 autem

468 5597 587 5651 qua:
633 5581 933 5650 adjectionc
980 5586 1155 5655 aliqua
1188 5588 1417 5655 cuipiam
1472 5590 1743 5653 accidunt,
1797 5592 1862 5643 ad
1899 5593 2027 5645 sul)-

465 5675 712 5726 stantium
758 5691 860 5729 non
906 5677 1192 5745 pertinent.
1247 5677 1487 5749 Exempli
1517 5682 1709 5752 gratia,
1762 5698 1865 5737 una
1910 5684 2028 5752 qui-

538 5853 730 5907 ”Gcn.
760 5868 945 5919 usus,
983 5855 1033 5909 6.
1110 5858 1158 5889 "
1185 5854 1324 5911 l’sal.
1361 5874 1503 5921 λων,
1530 5859 1579 5913 5.

1660 5863 1701 5893 "7
1744 5860 1898 5916 Prov.
1942 5878 2055 5927 Vltt,
2092 5865 2171 5917 l'J.

2141 4674 2402 4746 κρείττων
2438 4676 2581 4744 ἔχειν
2629 4674 2729 4747 τὴν
2776 4675 3085 4743 σύγκρισιν·
3122 4675 3275 4729 οὐδὲν
3327 4676 3434 4746 ἄρα
3478 4676 3717 4730 κωλύσει

2139 4768 2231 4824 καὶ
2275 4767 2543 4835 ἀγγέλους
2585 4766 2844 4820 δύνασθαι
2898 4766 3330 4839 συγκαθεσθῆναι
3376 4767 3455 4839 τῷ
3494 4768 3636 4839 Θεῷ,
3669 4771 3716 4822 εἰ

2140 4858 2234 4913 καλ⁸
2257 4861 2329 4930 μή
2358 4878 2441 4922 τις
2463 4860 2642 4913 αὐτῶν
2666 4858 2869 4931 ἠξιώθη
2896 4858 2990 4915 τοῦ
3015 4860 3358 4931 πράγματος.
3378 4859 3490 4915 Καὶ
3513 4860 3714 4931 μάτην,

2140 4950 2214 5013 ὡς
2240 4951 2409 5019 εἰκὸς,
2438 4952 2467 5003 ὁ
2496 4950 2705 5014 Παῦλος
2735 4951 2884 5019 λέγει
2908 4969 2919 4981 ·
2956 4969 2975 5003 ι
3001 4950 3118 5004 Τίνι
3156 4952 3263 5021 γὰρ
3292 4948 3411 5005 εἶπέ
3444 4969 3575 5007 ποτε
3609 4954 3717 5007 τῶν

2139 5042 2386 5111 ἀγγέλων
2404 5060 2415 5071 ·
2442 5042 2625 5097 Κάθου
2648 5047 2711 5096 ὲκ
2733 5043 2921 5107 δεξιῶν
2953 5060 3084 5113 μου;
3114 5044 3214 5096 ιἮ
3241 5043 3359 5107 πῶς
3381 5043 3539 5097 τοῦτο
3563 5045 3716 5099 δίδω-

2145 5151 2227 5188 σιν
2254 5134 2329 5197 ὡς
2351 5136 2625 5207 ἐξαίρετον
2648 5135 2725 5205 τῷ
2750 5136 2883 5207 Υίῴ,
2912 5134 3175 5207 ἑλκούσης
3199 5135 3330 5189 αὐτὸ
3358 5136 3495 5205 πρὸς
3516 5138 3716 5209 ἑαυτὴν

2143 5226 2236 5278 καὶ
2268 5227 2366 5297 τῆς
2398 5227 2505 5280 τῶν
2544 5228 2792 5296 ἀγγέλων
2826 5228 3062 5297 φύσεως,
3097 5228 3253 5299 εῖπερ
3287 5227 3424 5280 εἰσιν
3452 5230 3716 5299 ὁμοειδεῖς

2138 5319 2272 5389 πρὸς
2306 5319 2498 5383 αὑτὸν;
2532 5320 2702 5373 Κοινὰ
2743 5321 2851 5390 γἰρ
2894 5321 3064 5374 ἅπασι
3112 5323 3225 5383 τοίς
3266 5322 3535 5392 ὁμοειδέσι
3564 5324 3630 5377 τὰ
3661 5325 3718 5377 ὲν

2136 5413 2202 5479 τῇ
2238 5410 2372 5480 αὐτῇ
2410 5411 2568 5478 φύσει
2602 5412 2936 5481 κείμενα.Τά
2958 5414 3015 5467 δὲ
3040 5415 3102 5466 ὲκ
3132 5414 3453 5485 προσθήκης
3482 5417 3719 5487 ἐπισυμ-

2137 5500 2392 5554 6αίνοντά
2411 5519 2522 5554 τισι
2550 5504 3017 5575 πλεονεκτήματα,
3045 5505 3145 5575 τῆς
3172 5506 3359 5569 οὐσίας
3406 5508 3505 5576 οὐχ
3547 5506 3713 5561 ἄπτε-

2136 5611 2243 5645 ται.
2279 5588 2403 5645 Οἴου
2440 5595 2537 5663 μία
2574 5597 2670 5665 μὲν
2697 5596 3003 5667 ἀνθρώποις
3040 5599 3071 5666 ἡ
3104 5596 3285 5665 φύσις,
3318 5598 3612 5652 πλουτοῦσι
3660 5599 3715 5652 δὲ

2136 5685 2194 5735 οὐ
2230 5685 2448 5748 πάντες,
2478 5685 2603 5740 οὔτε
2646 5688 2753 5758 μὴν
2782 5688 3156 5757 βασιλεύουσι·
3189 5689 3427 5742 δεκτικοὶ
3471 5691 3528 5742 δὲ
3566 5692 3716 5761 ὅμως

2254 5867 2296 5887 °“
2332 5864 2488 5921 llclnr.
2531 5885 2565 5928 I,
2598 5869 2644 5920 7.
2729 5872 2769 5897 η’·
2816 5868 2956 5925 l‘sul.
2986 5885 3130 5929 λων,
3172 5871 3223 5922 7.
3308 5874 3318 5901 ⁸
3354 5872 3515 5927 ιιι-ιη.
3552 5891 3588 5929 ι.
3631 5875 3716 5929 l5.

2338 6467 2393 6471 θ
3714 6162 4024 6490 -J

2729 5872 2769 5897 η’·
2816 5868 2956 5925 l‘sul.
2986 5885 3130 5936 λων,
3172 5871 3223 5922 7.
