4024 6480
316 514 423 567 545

1713 507 2145 565 l‘llESAURUS.

3486 510 3588 565 διε

319 629 415 679 καὶ
444 624 648 678 τούτων
673 624 829 677 εἰσιν.
847 620 988 675 Ἀλλ’
1008 621 1179 686 οὐδεὶς
1202 621 1489 692 ἰπιτρέπει
1512 622 1622 687 τοῖς
1648 623 1895 692 ἀγγέλοις

2008 624 2130 678 dem
2158 634 2242 678 est
2277 624 2554 679 hominum
2599 635 2812 693 natura,
2855 634 2908 679 at
2940 640 3044 680 non
3077 638 3268 680 omnes
3299 632 3425 679 sunt
3454 642 3591 693 optt-

316 718 419 788 τὴν
452 716 582 770 nos
616 716 774 780 δόξαν
803 717 1024 786 φορετνο
1075 717 1103 768 ὀ
1151 714 1248 781 μὲν
1290 714 1398 785 γὰρ
1429 693 1724 785 senatus,
1753 714 1819 767 τὰ
1845 714 1901 767 δι

317 808 483 863 δοῦλα
525 808 805 876 τυγχάνει.
852 807 964 876 Οὐχ
1011 805 1277 877 ὁμογενὴς
1323 805 1434 878 άρα
1487 810 1602 870 τοῖς
1650 807 1903 875 ἀγγέλοις

319 902 490 966 ἐστὶν,
519 903 547 955 ὁ
588 899 668 970 τῷ
710 899 887 970 Πατρὶ
939 895 1353 970 συμϐασιλεύων
1403 898 1497 952 καὶ
1549 898 1904 969 συγκαθήμε-

319 1010 432 1056 νος.

317 1194 525 1247 ΑΛΔΟ.
559 1194 688 1247 “Im
724 1193 838 1261 οὐχ
876 1190 1149 1261 ὀμοςρυὴς
1197 1190 1322 1257 τοῖς
1357 1190 1633 1261 ἀγγέλοις
1674 1190 1708 1242 ό
1745 1187 1897 1254 Υἱός.

390 1373 610 1441 Ποίημα
654 1372 748 1424 καὶ
796 1371 1023 1443 ποιητὴς
1051 1371 1150 1424 οὐκ
1182 1372 1248 1426 άν
1282 1388 1413 1425 ποτε
1440 1370 1543 1441 τῆς
1573 1371 1747 1441 αὐτῆς
1789 1365 1902 1424 εἶεν

318 1461 554 1530 φύσεως.
582 1462 810 1531 Ἕτερον
856 1459 966 1531 γάρ
1016 1477 1070 1512 τι
1115 1460 1176 1513 τὸ
1220 1460 1429 1524 ποιοῦν,
1465 1462 1560 1514 καὶ
1606 1458 1793 1531 ἕτερον
1844 1458 1903 1512 τὸ

318 1552 647 1623 ποιούμενον
674 1555 841 1606 ἐστιν.
890 1553 953 1607 Ei
982 1552 1091 1623 γὰρ
1129 1553 1203 1623 μὴ
1232 1552 1404 1617 οὕτως
1433 1551 1569 1623 ἔχει,
1599 1552 1653 1605 τί
1677 1551 1738 1604 τὸ
1767 1550 1904 1603 διαι-

317 1642 451 1714 ροῦν
475 1642 616 1696 κατά
639 1642 800 1711 φύσιν
830 1642 938 1695 τῶν
974 1640 1217 1712 γενητῶν
1247 1640 1337 1693 τὸν
1359 1640 1521 1706 Θεόν;
1557 1639 1689 1691 Ὅτε
1721 1638 1901 1691 τοίνυν

314 1736 497 1789 πάντα
534 1735 604 1788 δι’
634 1734 764 1788 Υἱοῦ
794 1735 973 1799 ὁΘεὸς
1005 1735 1100 1788 καὶ
1130 1732 1321 1804 Πατὴρ
1341 1730 1654 1804 ἐργάζεται,
1684 1730 1741 1783 ἓν
1769 1729 1827 1783 δέ
1849 1747 1902 1784 τι

314 1824 428 1878 τῶν
458 1825 675 1879 πάντων
710 1826 828 1878 ἐστὶ
855 1824 951 1879 καὶ
976 1827 1009 1895 ἡ
1044 1823 1150 1878 τῶν
1179 1823 1428 1893 ἀγγέλων
1462 1823 1645 1892 φύσις,
1679 1822 1903 1892 γέγονεν

314 1918 427 1989 ἄρα
459 1917 523 1972 δι’
553 1917 682 1972 Υῐοῦ
716 1919 810 1971 καὶ⁵
846 1917 1161 1989 πεποίηται.
1197 1918 1309 1987 Οὐχ
1346 1917 1615 1988 ὁμογενὴς
1660 1911 1753 1969 οὖν
1789 1916 1913 1977 τοῖς

2008 712 2161 777 lenti,
2209 723 2306 767 aut
2339 729 2514 785 reges,
2548 715 2798 784 quamvis
2853 723 3032 769 tamen
3066 715 3231 769 etiam
3275 714 3588 769 earumdem

2006 818 2191 858 rerum
2239 805 2348 860 sint
2371 821 2623 875 capaces.
2657 807 2725 859 At
2763 821 2924 860 nemo
2957 804 3168 874 angelis
3199 804 3321 858 Filii
3358 803 3590 874 gloriam

2004 896 2213 952 deferet
2241 916 2255 951 :
2283 914 2408 952 nam
2436 900 2524 954 hic
2557 899 2843 962 Dominus,
2872 898 2944 951 illi
2976 912 3102 952 vero
3127 898 3265 952 servi
3298 909 3442 950 sunt.
3477 895 3591 952 Non

2003 996 2089 1042 est
2118 986 2280 1057 igitur
2321 989 2563 1055 ejusdem
2596 989 2813 1059 generis
2846 1004 2973 1043 cum
3016 988 3224 1058 angelis
3271 987 3467 1055 Filius,
3499 989 3588 1058 qui

2004 1093 2109 1133 una
2138 1094 2260 1133 cum
2290 1078 2454 1134 Patre
2491 1088 2681 1149 regnat
2715 1080 2874 1149 eique
2915 1081 3148 1135 assidet.

2004 1192 2173 1265 204
2199 1193 2431 1250 ALIUD.
2468 1192 2623 1260 Quod
2666 1210 2769 1265 non
2816 1194 3165 1265 sitrejusdem
3218 1204 3427 1247 natura
3475 1209 3593 1247 cum

2582 1264 2785 1334 angelis
2820 1262 3019 1318 Filius.

2074 1378 2299 1433 Creator
2349 1387 2404 1433 et
2450 1388 2703 1433 creatura
2753 1392 3028 1447 nunquam
3088 1376 3333 1447 ejusdem
3387 1383 3597 1431 natura:

2003 1470 2225 1527 fuerint.
2263 1470 2428 1525 Aliud
2476 1471 2619 1525 enim
2652 1479 2736 1525 est
2771 1470 2823 1525 id
2869 1469 3013 1538 quod
3047 1478 3220 1536 creat,
3264 1469 3410 1523 aliud
3451 1470 3597 1538 quod

2004 1574 2241 1618 creatur.
2286 1561 2420 1615 Nam
2457 1562 2501 1615 si
2554 1576 2641 1616 res
2693 1561 2763 1614 ita
2806 1576 2864 1615 se
2895 1576 2999 1615 non
3048 1558 3299 1625 haberet,
3334 1556 3594 1627 quidnam

2007 1655 2367 1724 distingueret
2417 1652 2585 1707 Deum
2634 1654 2931 1708 secnndum
2985 1660 3235 1706 naturam
3286 1666 3314 1703 a
3362 1647 3598 1703 creatis?

2005 1745 2138 1802 Cum
2177 1746 2341 1813 igitur
2364 1745 2503 1798 Deus
2527 1758 2591 1798 ac
2621 1740 2784 1798 Pater
2820 1743 3003 1797 omnia
3044 1758 3142 1813 per
3172 1740 3367 1796 Filium
3399 1753 3593 1809 Opere-

2008 1846 2094 1892 tur
2126 1856 2139 1892 :
2172 1853 2337 1893 unum
2373 1852 2503 1891 vero
2549 1851 2617 1891 ex
2663 1836 2918 1891 omnibus
2951 1843 3036 1890 est
3082 1834 3246 1888 etiam
3281 1832 3594 1903 angelorum

2008 1941 2201 1986 natura
2231 1948 2244 1982 :
2274 1930 2415 1983 facta
2455 1929 2638 1998 itaque
2685 1938 2771 1983 est
2800 1938 2854 1983 et
2882 1938 3065 1983 creata
3098 1942 3195 1996 per
3230 1925 3449 1979 Filium.
3483 1922 3597 1978 [lac

312 1973 383 2062 δέ*
418 2009 584 2062 αὐτοῦ
612 2010 925 2080 γενομένοις
952 1973 1047 2066 καί
1072 2010 1160 2063 διὰ
1185 1973 1393 2063 τούτου.
1410 1973 1660 2079 φανεῖται
1677 2026 1690 2038 ·
1739 2007 1853 2062 ἀλλ’

2008 1973 2201 1986 ..........
2233 1973 2244 1982 .
2274 1973 2415 1983 ην...
2456 1973 2638 1998 .--νη
2688 1973 2771 1983 ν-.
2804 1973 2854 1983 -.
2885 1973 3065 1983 νη---
3099 1973 3184 1996 ν--
3231 1973 3251 1979 -
3483 1973 3593 1978 ___,

2006 2021 2121 2091 ipsa
2149 2021 2312 2091 igitur
2342 2019 2550 2074 ratione
2587 2034 2692 2073 non
2718 2028 2804 2072 est
2843 2016 3089 2087 ejusdem
3128 2014 3344 2085 generis
3371 2027 3494 2067 cum
3529 2011 3597 2063 iis

316 2099 422 2169 μὲν
462 2100 684 2171 φορέσει
732 2100 828 2154 τοῦ
864 2100 1214 2172 Δημιουργοῦ
1246 2100 1341 2172 τὴν
1373 2100 1553 2166 ἀξίαν,
1597 2100 1665 2153 τά
1710 2099 1768 2153 δὲ
1804 2098 1902 2171 τὴν

312 2190 460 2246 κατὰ
504 2191 566 2244 τὸ
602 2191 936 2264 πεποιῆσθαι
986 2191 1252 2246 δουλείαν.
1287 2211 1307 2243 ι
1336 2191 1419 2245 Τά
1443 2191 1552 2264 γὰρ
1583 2190 1899 2261 σύμπαντα,

310 2285 469 2355 φησι,
497 2282 661 2338 δοῦλά
689 2300 805 2352 σου,
836 2303 855 2336 ι
887 2286 921 2355 ἠ
952 2283 1074 2339 θεία
1099 2283 1310 2355 Γραφή.

350 2484 712 2555 Αᾼᾼυηοτι
734 2485 848 2553 οὐχ
880 2485 1178 2555 ὁμογενὴς
1207 2483 1333 2552 τοῖς
1353 2485 1645 2555 Acin-Most;
1665 2486 1699 2539 ὁ
1722 2485 1858 2552 Υἱὸς

382 2553 483 2609 διὰ
515 2554 583 2608 τὸ
614 2555 900 2624 ,πέτεσθαι
914 2553 1204 2625 κρείττων
1222 2553 1424 2611 ιιιῖῦινῶινἱ
1442 2553 1824 2627 γεγενῆσθαι.

382 2665 499 2718 Πᾶν
520 2665 659 2736 ὅπερ
684 2665 753 2719 ἂν
781 2666 1041 2738 φαίνηται
1073 2666 1297 2736 γεγονὸς
1329 2666 1451 2721 κατ’
1472 2667 1681 2732 οὐσίαν,
1707 2668 1802 2722 καί
1821 2669 1902 2732 εἰς

306 2758 371 2809 τὸ
407 2758 482 2829 μὴ
513 2752 653 2812 εἶναι
680 2757 973 2829 καταλήξει
1006 2758 1137 2812 ποτὲ
1158 2758 1487 2830 θελήσαντος
1518 2758 1613 2812 τοῦ
1632 2761 1901 2831 Δημιουρ·

306 2849 445 2917 γοῦ⁸
493 2851 588 2904 καὶ
635 2850 775 2921 ὅπερ
806 2849 871 2904 ἂν
910 2849 1023 2921 ἔχοι
1050 2849 1214 2919 φύσιν
1255 2850 1351 2905 τοῦ
1399 2850 1593 2905 παθεῖν
1622 2851 1896 2922 δεκτικὴν,

306 2940 494 3007 πάθοι,
519 2941 587 2994 ἂν
618 2941 668 2994 ει
702 2942 799 2995 καὶ
829 2942 906 3013 μή
954 2960 1041 2997 πω
1083 2942 1343 2997 πέπονθε.
1377 2942 1451 2996 Τὸ
1482 2942 1539 2995 δὲ
1573 2942 1804 3013 πάσχειν
1835 2945 1898 2997 οὐ

304 3035 572 3104 πεφυκὸς,
605 3036 706 3088 οὐκ
737 3033 804 3089 άν
829 3052 877 3087 τι
921 3034 1083 3089 πάθοι
1120 3034 1273 3098 ποτὲ,
1307 3035 1403 3087 καὶ
1443 3034 1632 3105 ἕτερόν
1675 3051 1730 3087 τι
1757 3036 1899 3106 παρ’

305 3128 489 3183 δκεῖνό
522 3130 658 3181 ἐστι’
688 3129 782 3183 καὶ
826 3127 889 3181 τὸ
930 3128 1017 3181 ἀεὶ
1059 3128 1323 3192 ὡσαύτως
1364 3128 1444 3193 ὃν,
1479 3127 1601 3182 οὔτε
1632 3126 1729 3181 τοῦ
1759 3123 1897 3181 εἶναι

304 3217 535 3289 ἧρξατο,
561 3216 684 3271 οὔτε
716 3218 824 3288 μὴν
865 3212 975 3270 οἶδε
1019 3218 1111 3271 τὸν
1145 3219 1237 3271 ἐπὶ
1279 3218 1423 3271 τέλει
1456 3218 1678 3289 δρόμον,
1707 3218 1896 3290 ὥσπερ

2005 2126 2127 2181 qua:
2154 2126 2249 2182 per
2276 2111 2448 2181 ipsum
2483 2109 2625 2164 facta
2654 2117 2805 2176 sunt;
2827 2107 2925 2163 sed
2955 2106 3043 2163 hic
3072 2105 3292 2177 quidem
3316 2101 3597 2159 Creatoris

2004 2203 2319 2275 dignitatem
2362 2202 2651 2265 obtinebit,
2676 2203 2759 2257 ha!
2784 2216 2913 2256 vero
2951 2215 3014 2254 ea
3067 2199 3278 2253 ratione
3316 2212 3422 2265 qua
3456 2194 3594 2248 facta

2003 2303 2151 2360 sunt,
2182 2295 2436 2349 servilem
2485 2294 2878 2349 conditionem.
2918 2310 2937 2343 ι
2970 2290 3238 2346 Universa
3282 2289 3428 2344 enim
3476 2301 3595 2341 ser-

2002 2390 2157 2444 viunt
2197 2389 2313 2455 tibi,
2353 2408 2372 2441 ι
2410 2388 2589 2458 inquit
2620 2402 2775 2445 sacra
2823 2385 3105 2456 Scriptura
3130 2386 3172 2437 ¹.

2003 2501 2236 2573 ALIUD.
2286 2502 2443 2569 Quod
2477 2520 2581 2557 non
2615 2503 2697 2573 sit,
2726 2500 2964 2573 ejusdem
2986 2498 3195 2573 generis
3238 2493 3595 2573 cunnungelis

2067 2572 2245 2627 Filius
2288 2567 2408 2627 ideo
2435 2575 2563 2644 quia
2596 2567 2783 2627 melior
2806 2571 2941 2637 ipsis
2969 2567 3148 2631 {actus
3184 2584 3295 2622 esse
3326 2567 3547 2619 dicitur.

2074 2686 2349 2756 Quidquid
2408 2685 2706 2741 secundum
2764 2682 3124 2741 substantiam
3180 2694 3334 2735 suam
3388 2676 3594 2732 factum

2001 2786 2104 2843 est,
2124 2788 2298 2847 potest
2323 2778 2488 2832 etiam
2516 2775 2729 2831 volente
2752 2775 3015 2831 Creatore
3043 2774 3093 2827 in
3122 2770 3350 2828 nihilum
3384 2769 3591 2839 redigi;

2001 2880 2057 2926 et
2084 2871 2347 2941 quidquid
2376 2871 2544 2927 habet
2573 2878 2823 2926 naturam
2856 2867 3128 2938 passionis
3162 2878 3442 2934 capacem,
3476 2861 3592 2915 licri

2000 2973 2179 3031 potest
2234 2973 2293 3018 ut
2340 2963 2604 3033 patiatur,
2659 2961 2877 3016 tametsi
2934 2960 3172 3014 nondum
3232 2969 3450 3027 passum
3497 2954 3589 3009 sit.

2000 3046 2274 3123 Quidquid
2319 3064 2516 3110 natura
2557 3056 2637 3109 ita
2677 3064 3056 3123 comparatum
3088 3058 3195 3117 est,
3233 3059 3290 3103 ut
3322 3048 3435 3119 pati
3490 3061 3593 3100 non

1999 3147 2193 3216 possit,
2226 3155 2377 3202 certe
2402 3159 2680 3216 nunquam
2709 3144 2969 3216 patietur,
3002 3151 3058 3197 et
3096 3142 3377 3198 diversum
3404 3146 3488 3193 est
3526 3136 3594 3190 ab

2002 3236 2093 3293 ilio
2122 3255 2135 3293 :
2165 3248 2220 3293 et
2258 3238 2403 3308 quod
2450 3252 2666 3308 semper
2694 3238 2886 3292 eodem
2939 3236 3098 3289 modo
3138 3232 3375 3295 exsistit,
3417 3242 3597 3298 neque

303 3309 377 3363 τὰ
408 3310 501 3363 τοῦ
545 3307 685 3363 εἶναι
718 3308 1183 3380 άρξάμενα.⁹Αλλ¹
1216 3308 1317 3361 οὐκ
1364 3308 1431 3362 άν
1474 3325 1561 3371 τις
1602 3309 1744 3361 εἴποι
1774 3308 1895 3361 νοῦν

2004 3307 2300 3383 exsistendi
2350 3307 2578 3383 ἰηῑιιυηι
2600 3327 2811 3392 habuit,
2843 3341 3020 3396 neque
3067 3326 3134 3379 ad
3190 3324 3466 3379 interitum
3503 3329 3598 3375 aut

301 3401 469 3472 ἔχων,
501 3400 569 3453 τὰ
594 3399 864 3471 τοσαύτην
893 3399 1088 3470 ἔχοντα
1117 3400 1255 3470 πρὸς
1285 3398 1491 3470 άλληλα
1532 3398 1633 3471 τὴν
1664 3399 1897 3452 ἐναντιό-

300 3511 467 3566 τητα,
507 3494 600 3547 καὶ
645 3492 790 3546 οὕτω
833 3491 976 3546 κατὰ
1005 3492 1168 3561 φύσιν
1209 3489 1553 3562 διεστηκότα,
1581 3489 1796 3560 ὁμοφυῆ
1834 3507 1896 3543 τε

302 3585 581 3643 εἶναικαὶ
606 3586 710 3656 τῆς
735 3585 905 3656 αὐτῆς
938 3586 1207 3655 ὑπάρχειν
1252 3583 1462 3647 οὐσίας.
1496 3580 1559 3636 El
1592 3582 1770 3635 τοίνυν
1802 3582 1895 3635 ἐπὶ

307 3678 411 3750 μὲν
442 3676 552 3731 τῶν
580 3677 902 3747 ποιημάτων
926 3674 1002 3739 ὡς
1026 3674 1404 3743 ὑποκειμένων
1433 3672 1527 3726 καὶ
1544 3673 1719 3744 φθορᾷ
1742 3672 1898 3740 λέγε-

301 3790 433 3828 ται.
478 3788 497 3823 ι
530 3770 695 3823 Αὐτοὶ
740 3767 1092 3822 ἀπολοῦνται·
1126 3786 1144 3819 ι
1198 3766 1292 3820 ἐπὶ
1319 3766 1377 3821 δὲ
1404 3764 1499 3820 τοῦ
1533 3763 1702 3833 Υῖοῦ,
1736 3766 1809 3819 Σὺ
1836 3764 1912 3849 δὲ.

298 3864 598 3936 διαμένεις·
629 3862 860 3915 κάκεῖνα
899 3860 999 3932 μὲν
1045 3858 1516 3928 παλαιωθήσεται,
1544 3857 1621 3922 ὡς
1658 3856 1895 3929 γενητὴν

302 3957 499 4028 ἔχοντα
545 3954 644 4025 τὴν
690 3952 883 4023 φύσινο
917 3950 1011 4005 τοῦ
1046 3950 1105 4004 δὲ
1130 3948 1262 4004 Υεοῦ
1298 3968 1317 4002 ι
1345 3948 1416 4003 τὰ
1460 3948 1553 4020 ἐτη
1588 3949 1689 4003 οὐκ
1714 3949 1893 4003 ἐκλεί-

298 4052 535 4121 ψουσιί»
580 4047 697 4112 πῶς
744 4045 990 4119 ὁμοφυὴς
1036 4044 1191 4099 ἔσται
1242 4045 1355 4108 τοῖς
1400 4043 1656 4113 ἀγγέλοις
1684 4042 1890 4110 ὀΥιὸς,

300 4143 417 4206 τοῖς
461 4137 850 4211 πεποιημένοις
893 4138 923 4191 ὁ
974 4135 1226 4207 ποιητὴς,
1259 4136 1376 4200 τοῖς
1425 4132 1816 4205 γεγενημένοις
1863 4136 1893 4188 ὁ

299 4234 586 4304 ἀγένητος,
632 4233 747 4294 τοῖς
790 4227 1085 4300 παρελθεῖν
1131 4226 1453 4298 δυναμένοις
1481 4228 1509 4280 ὁ
1539 4225 1795 4291 αἱὼνιοςς
1827 4226 1892 4279 Ei

298 4328 412 4398 γάρ
444 4325 539 4379 καὶ
572 4322 840 4377 άθάνατὸν
867 4337 920 4373 τι
961 4319 1149 4391 χρῆμα
1177 4321 1207 4372 ὁ
1233 4317 1465 4387 ἄγγελός
1516 4321 1631 4372 ἐστι
1676 4318 1765 4373 διὰ
1791 4319 1891 4387 τὴν

297 4418 444 4473 οὕτω
478 4415 740 4486 κειμένην
768 4413 853 4465 ἐπ’
876 4410 1025 4481 αύτῴ
1057 4410 1150 4464 τοῦ
1187 4410 1516 4481 ποιήσαντος
1544 4409 1798 4481 βούλησιν
1828 4427 1889 4463 τε

301 4509 397 4567 acui.
428 4507 608 4578 χάριν,
634 4505 747 4558 ἀλλ’
774 4503 1006 4574 ἐπείπερ
1026 4501 1200 4574 ἀρχὴν
1226 4502 1320 4555 τοῦ
1350 4498 1489 4557 εἶναι
1521 4502 1653 4574 ἔχει,
1676 4502 1890 4557 δύναιτ’

2001 3417 2162 3471 linem
2203 3431 2428 3487 vergere
2452 3426 2652 3487 potest,
2686 3415 3145 3487 quemadmodum
3183 3414 3273 3468 illa
3300 3428 3421 3483 qtne
3450 3414 3594 3467 exsi-

1998 3509 2174 3563 steudi
2204 3507 2416 3563 initium
2449 3508 2776 3563 habuerunt.
2828 3509 2991 3578 Atqui
3026 3523 3185 3561 nemo
3214 3522 3361 3561 sana:
3392 3505 3596 3561 mentis

1998 3597 2199 3654 dixerit
2236 3612 2300 3653 ea
2331 3613 2452 3669 quae
2503 3599 2639 3654 adeo
2665 3599 2940 3655 contraria
2967 3598 3109 3653 inter
3137 3613 3197 3653 se
3228 3584 3375 3660 sunt,
3400 3605 3456 3651 et
3481 3611 3596 3651 tau-

1997 3699 2195 3763 wpere
2214 3700 2412 3746 natura
2439 3691 2726 3759 dissident,
2758 3691 3004 3762 ejusdem
3042 3700 3252 3746 naturae
3273 3699 3440 3760 atque
3467 3689 3595 3745 sub-

1996 3783 2213 3838 stantiae
2242 3797 2386 3839 esse.
2439 3783 2497 3839 Si
2544 3799 2677 3855 ergo
2725 3784 2793 3840 de
2831 3784 3124 3850 creaturis,
3169 3791 3356 3854 utpote
3396 3795 3595 3838 corru-

1995 3874 2168 3947 ptioni
2194 3875 2467 3945 obnoxiis,
2493 3876 2698 3932 dicitur
2728 3896 2742 3932 :
2783 3896 2803 3929 ι
2829 3876 2949 3949 Ipsa
2975 3877 3268 3947 peribunt;
3304 3895 3322 3929 ι
3355 3877 3420 3933 de
3452 3874 3593 3930 Filio

1996 3976 2177 4025 autem
2224 3986 2239 4024 :
2290 3988 2309 4022 ‹
2362 3968 2445 4025 Tu
2473 3985 2609 4026 vero
2644 3985 2939 4042 permanes
2962 4009 2977 4036 ,
3018 3990 3038 4023 ι
3083 3980 3142 4026 et
3176 3989 3194 4022 ι
3220 3969 3343 4041 Ipsa
3376 3981 3591 4023 vetera-

1994 4070 2150 4116 scent
2175 4100 2192 4127 ,
2226 4078 2246 4113 ι
2306 4069 2500 4133 utpote
2544 4073 2788 4118 creatam
2830 4063 3087 4119 habentia
3136 4070 3430 4128 naturam;
3468 4060 3589 4115 Filii

1994 4166 2124 4209 vero
2149 4171 2169 4205 ι
2200 4153 2331 4209 anni
2368 4167 2479 4210 non
2513 4154 2768 4211 deficient
2791 4154 2862 4188 ὀδ
2888 4136 2954 4210 ε’.
2994 4154 3264 4225 quomodo
3298 4154 3405 4209 erit
3452 4152 3593 4220 ejus-

1993 4242 2115 4298 dem
2154 4252 2365 4298 natura:
2404 4257 2529 4298 eum
2567 4245 2777 4317 angelis
2816 4245 3007 4313 Filius,
3035 4261 3156 4301 cum
3193 4243 3429 4299 conditis
3460 4256 3590 4296 con-

1993 4331 2156 4396 ditor,
2196 4347 2320 4386 cum
2367 4332 2571 4388 creatis
2608 4344 2848 4401 creator,
2904 4350 3029 4390 cum
3061 4333 3394 4389 transitoriis
3430 4340 3592 4387 teter-

1991 4424 2132 4479 nus?
2160 4423 2292 4479 Nam
2320 4425 2424 4481 etsi
2468 4427 2693 4498 angelus
2741 4427 3053 4483 immortale
3079 4426 3336 4497 quiddam
3372 4425 3463 4488 sit,
3508 4422 3588 4477 id-

1992 4530 2098 4585 que
2130 4531 2197 4570 ex
2231 4516 2511 4573 voluntate
2537 4514 2593 4573 et
2622 4518 2890 4575 beneflcio
2919 4517 3219 4583 Creatoris,
3250 4532 3373 4573 cum
3404 4528 3586 4571 tamen

298 4603 368 4656 ἂν
402 4600 497 4653 καὶ
553 4599 634 4662 εἰς
675 4596 828 4659 τέλος
877 4593 1073 4649 ἐλθεῖν.
1099 4593 1317 4659 Φύσεως
1350 4594 1407 4647 δὲ
1440 4595 1888 4667 πλεονεκτήματα

2002 4610 2288 4665 assistendi
2333 4611 2660 4682 principium
2710 4612 2929 4678 habeat,
2977 4621 3158 4683 potest
3207 4610 3372 4665 etiam
3425 4607 3586 4663 tinem

298 4694 413 4755 τοῖς
457 4688 673 4761 ἔχουσιν
712 4688 861 4741 ἐστιν
896 4687 1232 4758 ῖσχυρά,καὶ
1263 4687 1384 4759 οὐχὶ
1432 4688 1512 4759 τῷ
1557 4686 1885 4757 πεποιηκότι

296 4782 661 4853 Θεῷ.”οσπερ
698 4775 790 4834 οῦν
820 4780 915 4833 καὶ
955 4779 1018 4833 τὸ
1067 4779 1179 4851 πῦρ
1226 4780 1518 4834 καυστικὸν
1566 4780 1665 4851 μέν
1716 4781 1886 4847 ἐστιν,

296 4874 417 4932 ἀλλ’
449 4875 512 4928 οὐ
546 4873 625 4945 τῷ
654 4873 803 4942 Θεῷ·
837 4872 982 4927 οὕτω
1029 4872 1123 4927 καὶ
1164 4871 1395 4941 άγγελος
1442 4872 1711 4937 ἀθάνατος
1763 4874 1885 4944 μὲν,

296 4963 416 5018 ἀλλ’
443 4963 504 5016 οὐ
532 4960 613 5035 τῷ
636 4961 774 5032 Θεῷ.
805 4962 983 5026 Μόνος
1007 4963 1116 5034 γάρ
1143 4963 1306 5026 αὐτὸς
1350 4962 1557 5033 κυρίως
1594 4952 1885 5029 ἀθάνατος,

296 5054 550 5128 φυσικῶς
600 5053 760 5126 ἔχων,
814 5054 915 5107 οὐκ
957 5054 1066 5109 άπὸ
1109 5054 1354 5128 χάριτος,
1402 5055 1502 5127 τὴν
1560 5055 1886 5126 ἀσφάλειαν,

294 5149 491 5218 ὥσπερ
517 5146 587 5200 τὰ
613 5145 817 5218 γενητά

292 5436 507 5499 ΛΛΛΟ,
533 5433 685 5504 μετὰ
703 5433 1088 5501 ἀποδείξεως,
1121 5433 1209 5487 ὅτι
1234 5434 1477 5504 ἄγγελοι
1496 5435 1615 5504 μὲν
1640 5434 1877 5504 δοῦλοι,

744 5505 1058 5573 Δεσπότης
1094 5504 1165 5559 δὲ
1204 5508 1237 5560 ό
1282 5507 1437 5572 Υἱός.

369 5621 431 5673 El
458 5618 632 5683 οὐδεὶς
666 5619 889 5673 δύναται
914 5621 1131 5687 ἀφεῖναι
1161 5620 1455 5692 ἁμαρτίας,
1478 5622 1526 5675 εἰ
1558 5623 1633 5693 μὴ
1666 5622 1825 5694 μόνος
1850 5624 1879 5675 ὁ

289 5710 448 5773 θεὸς,
483 5708 677 5781 ἀφίησι
704 5710 760 5764 δὲ
786 5713 813 5763 ὁ
838 5710 985 5774 Υἱὸς,
1017 5710 1148 5774 Θεὸς
1177 5711 1305 5781 ἄρα,
1337 5711 1430 5764 καὶ
1458 5713 1518 5765 οὐ
1559 5716 1672 5777 τοῖς
1724 5715 1881 5785 ποιή-

293 5819 460 5871 μασιν
511 5802 845 5874 ἐναρίθμιος.
870 5803 1125 5873 ’Ἄγγελοι
1180 5804 1278 5873 μὲν
1326 5806 1433 5876 γὰρ
1486 5808 1873 5878 προσεύχονται

365 5946 382 5975 ¹
424 5942 564 5997 l‘sal.
590 5959 777 6013 cum,
816 5945 902 6001 9|.
983 5946 1051 5978 3"
1085 5946 1224 6002 l‘snl.
1264 5964 1335 6012 CI,
1362 5950 1452 6015 ‘27,
1484 5951 1573 6005 ‘28.

1991 4701 2199 4756 sortiri.
2226 4698 2516 4758 Naturales
2546 4702 2695 4758 enim
2726 4702 3125 4774 praerogativae,
3154 4716 3276 4765 qua:
3308 4698 3587 4756 nonnullis

1991 4794 2260 4849 creaturis
2290 4792 2498 4859 insunt,
2530 4794 2725 4849 valida:
2756 4803 2883 4849 sunt
2914 4811 2927 4848 :
2958 4792 3101 4863 apud
3132 4791 3302 4846 Deum
3330 4804 3463 4845 vero
3494 4790 3587 4859 qui

1989 4901 2085 4941 eas
2115 4888 2341 4955 creavit,
2385 4888 2521 4943 nihil
2552 4898 2701 4947 sunt.
2744 4886 3210 4956 Quemadmodum
3248 4886 3413 4956 igitur
3444 4884 3587 4953 ignis

1991 4978 2181 5032 urendi
2218 4978 2326 5032 vim
2358 4978 2542 5045 habet,
2580 4979 2677 5034 sed
2707 4995 2814 5034 non
2857 4978 3006 5045 Deo;
3044 4979 3120 5033 ita
3153 4986 3208 5033 et
3233 4976 3456 5047 angelus
3486 4975 3589 5028 im-

1990 5068 2239 5125 mortalis
2269 5071 2489 5141 quidem
2529 5080 2641 5139 est,
2674 5072 2768 5128 sed
2810 5086 2914 5126 non
2955 5071 3085 5125 Deo.
3118 5068 3236 5140 Ipse
3264 5069 3407 5123 enim
3437 5068 3587 5123 solus

1991 5159 2211 5227 proprie
2252 5169 2336 5215 est
2383 5161 2729 5227 immortalis,
2781 5161 3122 5226 naturaliter,
3179 5176 3284 5216 non
3316 5175 3413 5230 per
3459 5173 3584 5229 gra-

1997 5249 2126 5303 tiam
2158 5262 2217 5307 ut
2239 5263 2516 5320 creatura,
2545 5254 2855 5311 ﬁrmitatem
2895 5255 3040 5311 illam
3075 5264 3128 5310 et
3164 5253 3579 5325 perpetuitatem

1992 5339 2044 5393 in
2082 5354 2141 5395 se
2182 5344 2406 5399 habens.

1991 5450 2225 5521 ALIUD,
2253 5457 2876 5529 cunLdemonstratione,
2909 5460 3047 5529 quod
3078 5458 3252 5529 angeli
3283 5459 3386 5512 sint
3418 5457 3577 5521 servi,

2348 5524 2521 5581 Filius
2553 5545 2695 5594 vero,
2729 5524 3008 5584 Dominus.

2060 5633 2117 5688 Si
2155 5651 2313 5691 nemo
2344 5647 2522 5707 potest
2559 5642 2841 5696 remittere
2876 5651 3123 5711 peccata,
3161 5639 3323 5711 205
3354 5640 3454 5695 nisi
3487 5654 3575 5693 so-

1987 5722 2071 5777 lus
2114 5724 2275 5791 Deus,
2329 5729 2559 5785 remittit
2609 5746 2738 5787 vero
2792 5732 2963 5786 Filius
2997 5750 3010 5786 :
3044 5731 3188 5787 Deus
3236 5734 3418 5802 itaque
3471 5743 3576 5795 est,

1987 5830 2161 5887 neque
2190 5821 2463 5878 creaturis
2496 5825 2961 5881 annumerandus.
2997 5827 3186 5897 Angeli
3216 5827 3360 5883 enim
3394 5838 3576 5891 orant,
