4024 6464
520 460 621 514 547
1520 454 1577 507 S.
1621 451 1895 507 CYRILIJ
1938 447 2402 503 ALEXANDRINI
2440 450 2753 505 ARCHIEP.
3642 447 3746 503 διε

517 574 755 627 dicentes
799 588 810 620 :
854 590 869 620 ι
921 570 1143 625 Domine
1198 572 1574 640 omnipotens,
1636 585 1914 639 usquequo
1963 584 2063 622 non

2172 564 2417 632 λέγοντες
2442 586 2453 597 ·
2515 587 2531 618 ι
2569 566 2737 637 Κύριε
2775 567 3189 638 παντοκράτωρ,
3222 566 3324 630 ἕως
3380 566 3522 629 τίνος
3561 566 3620 616 ού
3671 566 3744 634 μὴ

514 660 787 715 misereris
826 658 1149 725 Jerusalem,
1205 670 1258 715 et
1311 664 1520 715 urbium
1575 659 1846 715 Juda'io
1904 661 2063 717 Filius

2173 656 2399 727 ἐλεήσῃς
2433 659 2529 726 τὴν
2570 656 2920 726 Ἰερουσαλὴμ
2966 660 3060 710 καὶ
3103 659 3200 721 τὰς
3255 657 3440 720 πόλεις
3486 655 3683 717 Ἰούδας
3719 672 3738 705 ι

512 765 644 805 vero
675 765 793 803 cum
828 760 1094 820 potestate
1127 753 1253 807 dicit
1283 773 1293 807 :
1333 772 1349 803 ι
1386 752 1571 817 llomo,
1606 753 1944 806 dimittuntur
1978 752 2063 806 tibi

2184 745 2242 796 '0
2289 744 2341 796 δὲ
2379 746 2500 806 Tib;
2549 744 3001 808 ἑξουσιαστικῶς·
3062 766 3079 796 ι
3113 747 3424 817 ⁸Ἄνθρωπε,
3471 742 3743 811 ἀσέωνταί

511 851 729 908 peccata
766 851 851 896 tua
876 842 917 898 '.
949 862 967 895 ι
1006 842 1120 897 Non
1148 854 1228 897 est
1260 844 1417 914 igitur
1448 842 1684 909 ejusdem
1710 843 1923 913 generis
1949 858 2063 897 cum

2174 851 2255 886 σοι
2286 835 2342 887 αἱ
2367 836 2650 905 ἁμαρτίαι.
2682 855 2698 886 ι
2734 837 2845 906 Οὐχ
2870 837 3127 905 ὁμογενὲς
3155 833 3247 889 οὖν
3280 838 3387 907 ἄρα
3410 836 3488 903 τῷ
3508 835 3746 905 δεσπότῃ

511 930 727 985 domino
752 946 957 998 servus,
1003 948 1175 1002 neque
1200 936 1245 989 ei
1272 933 1361 1001 qui
1403 932 1624 1003 largitur
1657 934 1700 989 is
1745 936 1834 1004 qui
1857 936 1989 1004 petit
2014 942 2063 988 ut

2170 919 2229 972 τὸ
2262 920 2476 981 δοῦλον.
2505 922 2625 974 οὕτε
2657 922 2737 993 τῷ
2767 924 3109 994 χαριζομένῳ
3140 926 3199 976 τὸ
3249 926 3435 978 αίτοῦν
3464 926 3549 977 ἶνα
3580 923 3741 991 λάϐῃ.

510 1024 761 1077 acciniat.

510 1038 624 1077 acci
668 1038 761 1077 tat.

508 1042 718 1169 ΔΜῧο
745 1115 863 1167 huic
896 1116 1083 1178 simile,
1118 1117 1254 1236 odium
1280 1114 1452 1197 Filius
1479 1133 1580 1170 non
1610 1117 1675 1170 sit
1704 1132 2063 1172 annumeran-

1171 1201 1229 1236 ιη
1258 1202 1434 1236 servis.

1171 1201 1229 1237 us
1258 1202 1434 1239 servis.

579 1292 720 1347 Deus
763 1294 1051 1364 prophetas
1099 1294 1278 1357 mittit,
1312 1296 1398 1363 qui
1439 1294 1656 1363 exigant
1706 1294 1939 1348 fructum
1989 1296 2065 1347 vi-

503 1400 642 1449 nca‘,
685 1386 799 1454 qui,
836 1398 1189 1455 praeterquam
1226 1386 1366 1456 quod
1409 1386 1539 1439 nihil
1591 1398 1931 1455 acceperunt,
1986 1389 2067 1441 in-

505 1475 715 1530 terfecti
757 1488 899 1531 sunt.
953 1477 1228 1543 Senator,
1259 1491 1313 1531 ut
1344 1478 1625 1543 Dominus,
1656 1476 1832 1531 debita
1876 1479 2062 1532 remit-

504 1566 588 1628 tit,
622 1576 676 1619 et
710 1566 759 1618 in
792 1567 925 1621 alios
960 1568 1180 1623 colonos
1202 1569 1458 1622 transfert
1494 1570 1702 1622 vineam
1728 1569 1769 1633 ⁷,
1806 1582 1862 1623 ιιι
1903 1569 2065 1625 herus

503 1662 557 1707 et
590 1654 882 1723 Dominus;
944 1658 1035 1712 sed
1095 1667 1150 1713 et
1200 1659 1374 1729 angeli
1428 1659 1879 1714 administrationi
1934 1660 2065 1729 legis

509 1744 822 1800 inserviisse
855 1751 1276 1817 comperiuntur,
1310 1762 1356 1805 et
1398 1751 1527 1805 nihil
1562 1766 1746 1805 eorum
1789 1768 1908 1821 quae
1941 1753 2065 1807 fecit

508 1834 691 1900 Filius,
723 1835 936 1893 fecisse.
978 1838 1089 1893 Non
1127 1850 1208 1894 est
1234 1842 1395 1911 igitur
1426 1843 1665 1912 ejusdem
1698 1844 1908 1913 generis
1937 1860 2057 1899 cum

505 1927 706 1995 angelis
752 1926 953 1995 Filius,
998 1930 1091 1985 sed
1128 1930 1383 2001 Magister
1411 1943 1465 1987 et
1501 1933 1779 1989 Dominus.

502 2099 729 2173 ALIUD,
772 2102 1097 2170 explicatius,
1130 2108 1267 2173 quod
1305 2108 1458 2166 illud,
1501 2127 1519 2159 ι
1556 2108 1745 2162 Melior
1782 2113 1950 2171 factus
1986 2124 2062 2168 est

572 2172 769 2239 angelis
791 2174 833 2233 ⁸,
876 2191 893 2222 ι
929 2176 996 2225 ad
1028 2172 1379 2242 ili/ferentium
1419 2178 1946 2235 administrationum
1982 2201 2064 2237 re-

573 2243 841 2307 ferendum
880 2244 968 2295 sil.

576 2347 771 2403 Paulus
792 2352 856 2403 de
893 2350 1029 2405 Filio
1061 2353 1231 2422 inquit
1260 2372 1275 2409 :
1314 2375 1331 2407 ι
1363 2357 1535 2412 Tanto
1560 2358 1746 2414 melior
1772 2360 1944 2417 iactus
1976 2380 2065 2419 an-

504 2440 635 2506 gelis
666 2456 679 2491 :
716 2459 733 2491 ι
773 2458 875 2495 non
931 2445 1072 2511 quod
1123 2444 1213 2498 Dei
1254 2445 1413 2501 Verbi
1454 2458 1701 2504 naturam
1750 2454 2062 2523 angelorum

507 2542 714 2586 natura:
744 2548 1057 2603 comparare
1098 2537 1239 2602 velit,
1280 2555 1451 2610 neque
1494 2542 1778 2599 dissimiles
1810 2549 2063 2602 substan-

502 2622 604 2675 tias
643 2623 828 2677 eodem
874 2626 1033 2681 modo
1081 2642 1144 2680 ac
1196 2632 1405 2684 ratione
1447 2634 1717 2688 examinet
1748 2620 1879 2704 (Deo
1922 2640 2063 2693 enim

503 2714 635 2767 nihil
676 2718 999 2784 comparari,
1038 2729 1127 2772 aut
1156 2718 1392 2774 conferri
1432 2725 1653 2795 potest),
1697 2728 1790 2780 sed
1834 2729 2064 2782 admini-

501 2808 820 2861 strationnm
849 2808 1183 2865 diﬂ'ercntias
1215 2816 1483 2881 proponit,
1529 2825 1585 2867 ut
1616 2831 1679 2869 ex
1714 2818 2061 2873 administra-

503 2896 647 2949 tione
675 2913 795 2966 qua:
841 2900 1033 2968 cuique
1072 2905 1357 2956 commissa
1413 2915 1518 2969 est,
1559 2908 1685 2974 quid
1732 2909 1957 2977 quisque
1994 2912 2064 2964 sit

501 2997 873 3056 cognoscatur.
911 2990 1059 3056 Quod
1109 3008 1236 3046 vero
1269 3012 1285 3043 ι
1322 2993 1511 3048 melior
1542 3014 1560 3046 ι
1612 2997 1676 3049 ad
1710 3002 2065 3066 comparatio-

503 3091 623 3129 nem
670 3078 1149 3136 administrationis
1216 3084 1528 3151 angelorum
1593 3086 1907 3144 referendus
1954 3091 2062 3155 sit,

502 3165 621 3218 inde
678 3168 961 3222 manifeste
1014 3181 1265 3224 constat:
1310 3176 1647 3242 propositum
1696 3188 1811 3230 erat
1861 3178 2058 3245 Paulo,

500 3260 781 3312 ostendere
811 3274 927 3327 qua:
968 3276 1063 3330 per
1095 3263 1372 3318 Christum
1417 3267 1849 3333 praedicabantur
1880 3270 2061 3341 legali-

506 3350 603 3402 bus
629 3354 907 3420 prmceptis
937 3353 1089 3422 longe
1126 3358 1499 3423 praestantiora
1539 3373 1679 3414 esse.
1716 3359 1868 3416 Unde
1904 3363 2065 3431 igitur

503 3440 605 3493 hoc
634 3442 1009 3496 demonstrat?
1042 3446 1120 3497 Ad
1150 3447 1615 3503 administratores
1657 3466 1715 3505 se
1754 3454 2020 3507 convertit
2048 3474 2061 3509 :

498 3542 553 3584 et
599 3546 662 3584 ex
707 3547 890 3585 eorum
925 3532 1223 3589 differentia
1268 3552 1328 3591 ea
1370 3553 1487 3607 qua:
1519 3554 1615 3609 per
1666 3542 1809 3610 ipsos
1839 3545 2066 3600 admini-

497 3630 663 3675 strata
715 3634 838 3676 sunt
889 3626 1141 3683 instituat.
1178 3628 1368 3697 Augeli
1419 3645 1548 3699 ergo
1578 3632 1957 3689 administrant
1994 3637 2064 3690 le-

498 3728 637 3781 gem,
674 3722 726 3766 et
763 3729 857 3780 per
883 3730 974 3768 eos
1008 3720 1349 3785 pronuntiata
1377 3729 1498 3787 est;
1530 3720 1698 3777 Filius
1749 3739 1879 3779 vero
1910 3728 2057 3781 noti-

497 3806 627 3855 tiam
659 3818 847 3857 eorum
879 3821 998 3873 qua:
1022 3822 1116 3873 per
1136 3806 1487 3880 Evangelium
1512 3814 1902 3869 annuntiantur
1925 3833 2065 3887 pra:-

497 3898 661 3951 dicat.
695 3898 860 3968 Atqui
900 3899 1104 3964 melior,
1139 3902 1329 3970 inquit,
1364 3904 1635 3961 estFilius
1665 3924 1823 3975 quam
1857 3915 2059 3980 angeli;

498 4000 762 4059 quatenus
807 3992 1153 4047 excellentior
1203 3996 1601 4053 administratio
1656 4000 1728 4054 illi
1778 4005 2063 4059 commissa

500 4092 604 4146 est,
633 4098 695 4137 ea
731 4084 938 4137 ratione
966 4086 1157 4139 melior
1187 4098 1287 4141 est.
1316 4087 1776 4147 Administrantur
1804 4098 1945 4150 enim
1978 4112 2063 4152 res

503 4190 711 4245 magna:
750 4191 776 4227 a
818 4178 1043 4245 magnis,
1093 4190 1141 4230 et
1178 4192 1355 4245 parva:
1395 4196 1421 4232 a
1459 4184 1656 4249 parvis.
1704 4186 1930 4254 Magnus
1969 4206 2064 4242 au-

499 4276 604 4321 tem
655 4277 735 4321 est
771 4267 954 4333 Filius,
1002 4278 1265 4339 quatenus
1316 4282 1400 4326 est
1462 4274 1714 4342 splendor
1766 4288 1819 4332 et
1868 4280 2062 4334 chara-

498 4361 687 4425 cter',
734 4370 787 4412 et
838 4372 1105 4430 quatenus
1146 4364 1195 4415 ei
1243 4364 1438 4416 dicitur
1482 4383 1493 4417 :
1542 4385 1559 4417 ι
1592 4366 1732 4421 Sede
1780 4384 1807 4421 a
1858 4371 2066 4427 dextris

499 4452 632 4504 meis
658 4451 731 4515 ";
773 4471 789 4503 ι
835 4463 1101 4520 quatenus
1137 4456 1541 4524 primogenitus,
1584 4468 1638 4510 et
1678 4460 1743 4513 ab
1790 4462 1918 4527 ipsis
1964 4479 2059 4517 an-

499 4542 631 4611 gelis
664 4542 943 4596 adoratur.
975 4544 1159 4610 Angeli
1190 4560 1315 4597 vero
1340 4546 1470 4598 nihil
1500 4560 1687 4601 eorum
1721 4550 1935 4617 habent,
1968 4556 2059 4609 sed
2092 4562 2140 4620 ι)

500 4643 558 4684 ut
614 4633 842 4686 ministri
896 4634 1281 4698 circumstant,
1315 4647 1371 4689 ut
1416 4640 1553 4691 servi
1606 4640 1769 4712 206
1815 4645 2061 4712 adorant,

499 4725 968 4793 ministeriumque
1010 4741 1160 4779 suum
1190 4738 1446 4794 praestant
1488 4742 1705 4797 promer
1739 4750 1832 4789 eos
1862 4739 1950 4805 qui
1981 4755 2065 4791 sa-

500 4816 663 4868 lutem
700 4827 823 4869 sunt
864 4818 1199 4871 consecuturi
1246 4820 1306 4871 “.
1352 4819 1526 4874 Tanto
1573 4822 1752 4890 itaque
1804 4838 2064 4892 przL‘stan-

501 4907 605 4958 tior
633 4916 711 4958 est
745 4906 1137 4961 administratio
1179 4908 1482 4964 Servatoris
1535 4927 1693 4981 quam
1732 4918 2061 4986 angelorum,

499 5005 697 5062 quanto
734 5012 867 5049 unus
906 4997 1119 5063 quidem
1159 4997 1211 5049 ir‘.
1270 5000 1394 5061 illis,
1446 5002 1597 5056 alteri
1645 5016 1819 5060 autem
1874 5010 1924 5062 in
1977 5013 2060 5066 his

501 5096 804 5139 versantur.
856 5086 998 5141 lianc
1052 5088 1212 5157 igitur
1253 5092 1321 5145 ob
1372 5108 1587 5147 causam
1632 5095 1825 5154 Paulus
1880 5103 2061 5157 volens

499 5192 814 5245 comparare
850 5178 987 5231 inter
1017 5194 1076 5234 se
1109 5180 1269 5235 hasce
1299 5183 1812 5255 adiniuistratimies,
1845 5192 2014 5261 inquit
2046 5215 2058 5248 :

506 5286 523 5317 ι
563 5266 747 5323 Melior
772 5268 944 5322 factus
977 5270 1197 5338 angelis.
1230 5289 1248 5321 ι
1293 5272 1425 5327 Cum
1460 5290 1585 5330 vero
1621 5279 1687 5331 ad
1730 5283 2060 5338 substantia-

504 5376 618 5412 rum
655 5362 1111 5427 comparationem
1152 5367 1316 5431 venit,
1366 5366 1582 5435 inquit:
1621 5387 1639 5420 ι
1672 5370 1881 5437 Quanto
1911 5375 2063 5432 dific-

506 5451 711 5506 rentius
741 5451 985 5507 Christus
1020 5455 1124 5509 illis
1172 5471 1367 5512 nomen
1406 5459 1627 5515 sortitus
1657 5465 1820 5517 est".
1864 5485 1881 5515 ι
1935 5466 2046 5523 Non

497 5547 605 5612 jam
640 5545 713 5597 ait
754 5545 956 5611 melius,
990 5550 1082 5602 sed
1117 5550 1482 5617 diﬂ’erentius:
1512 5556 1655 5623 quod
1690 5558 1901 5625 quidem
1945 5579 2060 5615 ma-

506 5651 661 5705 gnam
692 5637 1057 5693 diversitatem
1088 5642 1372 5711 signiﬁcat.

595 5771 784 5865 “lacu:
804 5794 851 5865 vl,-
879 5780 964 5865 ἰῇ.
1042 5782 1260 5865 “Matth.
1289 5788 1432 5853 tx,9..
1514 5788 1533 5818 "
1562 5786 1744 5844 Matth.
1772 5807 1882 5856 xxi,
1907 5794 2092 5853 28-“.

516 5845 599 5899 Η.
682 5847 720 5875 ¹¹
748 5849 871 5903 ibid.
900 5849 950 5903 4.

2244 1100 2425 1155 ΔΛΛΟ
2458 1101 2641 1163 τούτῳ
2670 1100 2889 1223 ripa/0;,
2916 1101 3017 1224 (ζει
3035 1105 3146 1156 οὐκ
3173 1104 3242 1155 ἐν
3272 1102 3395 1168 τοῖς
3424 1102 3671 1168 δούλοις

2963 1190 3067 1224 ιοσ.

2963 1190 3067 1236 (ος.

2250 1262 2591 1315 Ἀποστέλλει
2623 1265 2745 1327 τοῦς
2781 1268 3062 1335 προφήτας
3091 1267 3117 1317 6
3145 1265 3277 1328 Θεὸς
3309 1266 3613 1334 ἀπαιτῆσαι
3644 1264 3737 1317 τοῦ

2166 1353 2484 1423 ἀμπελῶνος
2511 1356 2632 1416 τοὺς
2667 1359 2930 1425 καρποὺς,
2964 1358 3013 1409 οἳ
3046 1358 3181 1425 πρὸς
3211 1357 3287 1426 τῷ
3317 1356 3453 1426 μηδὲ
3480 1356 3739 1411 δύνασθαι

2165 1442 2365 1507 λαϐεῖν,
2405 1446 2497 1496 καί
2519 1446 2805 1499 ἀπέθανον.
2826 1448 2884 1498 'O
2908 1446 3097 1516 Σωτὴρ
3128 1447 3202 1508 ὡς
3229 1447 3507 1515 Δεσπότης
3530 1449 3623 1502 καὶ
3643 1448 3738 1510 τὰς

2162 1534 2381 1602 ὀφειλάς
2406 1536 2617 1604 ἀφίησι.
2637 1538 2729 1589 καὶ
2757 1539 2836 1599 εἰς
2864 1536 3081 1607 ἑτέρους
3108 1538 3385 1607 γεωργοὺς
3413 1538 3734 1607 μετατίθησι

2164 1622 2252 1675 τὸν
2278 1623 2574 1692 ἀμπελῶνα
2605 1624 2679 1687 ὡς
2725 1626 2987 1695 δεσπότης
3038 1627 3129 1679 καὶ
3177 1627 3413 1697 Κύριος·
3458 1629 3739 1696 φαίνονται

2162 1714 2218 1767 δὲ
2261 1716 2354 1768 καὶ
2388 1718 2454 1786 τῇ
2487 1715 2580 1768 τοῦ
2621 1717 2781 1787 νόμου
2817 1718 3060 1790 διακονία
3104 1721 3550 1790 ὑπηρετήσαντες
3582 1722 3749 1788 ἄγγει

2164 1807 2263 1870 λοι,
2302 1807 2393 1860 καὶ
2426 1811 2750 1879 ποιήσαντες
2787 1812 2940 1863 οὐδὲν
2965 1805 3038 1865 ὧν
3074 1813 3330 1882 ἐποίησεν
3357 1815 3386 1865 6
3423 1813 3572 1877 Υἱός.
3605 1815 3745 1866 Οὐκ-

2095 1903 2135 1958 Β
2165 1897 2259 1950 οῦν
2287 1900 2383 1967 ούχ
2415 1900 2682 1971 ὁμογενὴς
2707 1902 2959 1971 ἀγγέλοις
2985 1906 3151 1971 ἐστὶν,
3179 1905 3317 1959 ἀλλὰ
3344 1906 3623 1972 Δεσπότης
3652 1904 3746 1957 καὶ

2166 1990 2387 2061 Κύριος.

2166 2084 2346 2137 ΑΛΛυ
2368 2124 2382 2145 ,
2413 2084 2850 2156 διηγηματικῶς
2880 2086 2966 2139 ὅτι
3010 2087 3077 2140 τὸ
3115 2106 3133 2138 ι
3165 2088 3457 2153 Κρείττων
3506 2088 3745 2156 τενόμεο
3782 2150 3783 2153 η

2235 2168 2341 2219 νος
2364 2153 2480 2207 τῶν
2518 2153 2809 2226 ἀγγέλων,
2840 2178 2857 2207 ο
2902 2160 3013 2209 οὐκ
3055 2156 3279 2210 οὐσιῶν
3304 2153 3566 2226 εἰσφέρει
3599 2153 3744 2224 013T-

2236 2239 2455 2290 κρίσιν,
2492 2225 2652 2278 ἀλλὰ
2680 2224 2922 2294 μᾶλλον
2954 2226 3289 2281 διακονιῶν.

2242 2354 2260 2386 ι
2292 2335 2541 2407 Τοσούτῳ
2588 2337 2853 2407 κρείττων
2901 2339 3188 2408 γενόμενος
3237 2341 3345 2392 τῶν
3403 2342 3689 2407 ἀγγέλων,
3725 2360 3745 2392 ι

2165 2427 2259 2479 ἐπὶ
2287 2428 2381 2480 τοῦ
2414 2427 2543 2481 Υἰοῦ
2580 2446 2743 2498 φησιν
2782 2432 2811 2483 6
2852 2429 3083 2492 Παῦλος,
3119 2432 3179 2483 ού
3212 2434 3279 2501 τῇ
3312 2432 3473 2499 φύσει
3504 2432 3613 2484 τῶν
3642 2434 3747 2499 ἁγ-

2164 2516 2338 2585 γίλων
2370 2518 2468 2587 τὴν
2498 2518 2592 2571 τοῦ
2623 2518 2756 2571 Θεοῦ
2774 2520 2951 2586 Λογου
2984 2519 3368 2589 συγκρίνεσθαι
3405 2520 3598 2584 θέλων,
3621 2521 3748 2575 οὐδὲ

2165 2608 2271 2664 τῶν
2294 2611 2562 2681 ἀνομοίων
2593 2612 2790 2664 οὐσιῶν
2818 2612 2994 2676 ὲξίσου
3028 2612 3350 2682 ποιούμενος
3375 2614 3474 2683 τὴν
3500 2614 3748 2677 ἐξέτασιν

2166 2702 2514 2772 (ἀσύγκριτον
2532 2702 2639 2773 γὰρ
2668 2704 2895 2773 πρᾶγμα
2923 2704 3171 2773 θεότητος
3195 2705 3289 2756 καὶ
3306 2705 3744 2774 ἀπαράσλητον),

2164 2792 2301 2845 ἀλλὰ
2331 2794 2429 2862 τὴν
2471 2795 2562 2845 ἐπὶ
2588 2797 2704 2856 ταῖς
2733 2794 3028 2857 διακονίαις
3058 2794 3323 2866 εἰσφέρων
3350 2796 3636 2867 διαφορὰν,
3671 2798 3745 2848 ἶν’

2164 2884 2257 2951 ἀφ’
2291 2874 2365 2934 ὧν
2397 2884 2622 2946 ἕκαστος
2654 2883 2944 2951 ἐπιστεύθη
2974 2886 3067 2936 καὶ
3111 2884 3483 2955 ᾡκονόμησεν,
3520 2890 3582 2939 ἐκ
3621 2888 3743 2941 τού-

2163 2991 2271 3026 των
2295 2976 2441 3036 δστις
2474 2975 2560 3044 εἴη
2605 2974 3090 3045 γινώσκηται.”οτι
3116 2976 3173 3028 δὲ
3196 2977 3255 3029 τὸ
3288 2996 3305 3027 ι
3335 2980 3599 3049 κρείττων
3624 3001 3641 3031 ›
3667 2980 3743 3044 ὡς

2167 3068 2302 3136 πρὸς
2336 3067 2432 3137 τὴν
2454 3065 2562 3117 τῶν
2591 3067 2837 3133 ἀγγέλων
2862 3066 3138 3119 διακονίαν
3166 3067 3276 3137 ἔχει
3304 3068 3405 3138 τὴν
3430 3070 3741 3139 σύγκρισιν,

2166 3158 2361 3224 γένοιτ’
2396 3158 2461 3210 ἂν
2506 3158 2715 3211 ἐνθένδε
2747 3160 3071 3226 καταφανές·
3111 3160 3314 3223 Σκοπὸς
3341 3156 3409 3231 ἦν
3436 3163 3514 3231 τῷ
3546 3163 3742 3233 Παύλῳ

2093 3234 2134 3291 C
2168 3248 2451 3321 κρείττονα
2480 3247 2585 3301 τῶν
2612 3248 2847 3317 νομικῶν
2876 3249 3224 3318 ένταλμάτων
3253 3251 3517 3317 ἐπιδεῖξαι
3559 3253 3627 3306 τὰ
3655 3253 3744 3307 διὰ

2167 3341 2401 3409 Χριστοῦ
2452 3341 2849 3410 κηρυττόμενα.
2882 3339 3055 3392 Πόθεν
3086 3337 3178 3393 οὖν
3206 3345 3440 3395 ποιεῖται
3475 3345 3575 3407 τὰς
3605 3347 3742 3398 ἀπο-

2167 3433 2391 3497 δείξεις;
2435 3434 2556 3485 Ἐπὶ
2583 3432 2707 3494 τοὺς
2735 3432 3116 3495 διακονοῦντας
3144 3437 3329 3504 χωρεῖ,
3348 3437 3441 3489 καὶ
3474 3441 3594 3500 ταῖς
3617 3439 3740 3490 τού-

2166 3538 2273 3573 των
2300 3521 2584 3590 διαφοραῖς
2609 3521 2887 3589 ἀναλόγως
2918 3521 3087 3591 ὁρίζει
3117 3523 3185 3575 τὰ
3218 3524 3307 3575 ὑπ’
3330 3525 3509 3576 αὐτῶν
3556 3527 3737 3579 διακοο

2168 3612 2421 3683 νούμενα.
2445 3613 2699 3680 ’Ἄγγελοι
2735 3614 2831 3683 μὲν
2859 3609 2952 3666 οῦν
2975 3613 3280 3666 διακονοῦσι
3309 3614 3401 3667 τὸν
3430 3617 3617 3684 νόμον,
3648 3618 3741 3671 καὶ

2166 3705 2407 3758 λαλεῖται
2458 3705 2523 3757 δι’
2561 3706 2741 3758 αὐτῶν
2762 3722 2774 3735 ’
2799 3707 2827 3757 6
2858 3707 2913 3759 δὲ
2938 3708 3083 3771 Υἱὸς,
3115 3709 3211 3779 τὴν
3239 3708 3326 3761 διὰ
3355 3709 3462 3762 τῶν
3502 3710 3741 3780 Εύαγγεο

2166 3796 2297 3849 λίων
2330 3796 2585 3866 κηρύττει
2616 3797 2834 3865 γνῶσιν.
2855 3798 3015 3851 Ἀλλὰ
3044 3800 3327 3869 κρείττων,
3360 3804 3543 3871 φησιν,
3570 3804 3743 3868 61°16;

2167 3888 2274 3940 τῶν
2323 3889 2588 3956 ἀγγέλων·
2639 3890 2773 3943 καθὸ
2815 3891 2924 3943 τῶν
2970 3893 3269 3961 ἀμεινόνων
3303 3896 3540 3964 κατέστη
3563 3897 3743 3950 διακο-

2168 3996 2277 4040 νος,
2307 3977 2446 4031 κατὰ
2474 3978 2632 4031 τοῦτο
2660 3980 2943 4049 κρείττων.
2981 3986 3314 4035 Διακονεῖται
3354 3985 3407 4036 δὲ
3434 3986 3501 4037 τὰ
3536 3988 3741 4055 μεγάλα

2165 4072 2254 4125 διὰ
2284 4072 2553 4141 μεγάλων,
2582 4073 2674 4125 καὶ
2707 4072 2775 4124 τὰ
2808 4074 2980 4143 μικρὰ
3012 4074 3098 4127 διὰ
3140 4075 3247 4127 τῶν
3282 4077 3511 4145 μικρῶν.
3557 4080 3741 4146 Μέγας

2165 4160 2221 4213 δὲ
2274 4164 2301 4214 6
2349 4161 2666 4225 Υἱὸς,καθὸ
2718 4162 3057 4232 ἀπαύγασμα
3106 4166 3199 4217 καὶ
3248 4167 3557 4236 χαρακτὴρ,
3611 4168 3746 4221 καθὸ

2168 4251 2386 4305 ἀκούει·
2422 4272 2439 4303 ι
2475 4253 2658 4307 Κάθου
2690 4254 2753 4307 ὲκ
2783 4253 2969 4318 δεξιῶν
3010 4272 3132 4324 μου·
3168 4276 3185 4308 ι
3233 4257 3365 4310 καθὸ
3400 4261 3741 4328 πρωτότοκος

2170 4349 2264 4398 καὶ
2310 4346 2399 4397 ὑπ’
2430 4345 2610 4398 αὐτῶν
2642 4346 2887 4413 ἀγγέλων
2918 4348 3410 4419 προσκυνούμενος.
3450 4352 3512 4402 Οί
3556 4353 3610 4404 δὲ
3649 4355 3744 4420 ἄγα

2170 4437 2338 4505 γελοι,
2364 4436 2566 4491 τούτων
2596 4438 2767 4500 οὐδὲν,
2805 4438 2920 4490 ἀλλ’
2948 4440 2996 4491 oi
3032 4441 3128 4508 μὲν
3157 4439 3233 4501 ὼς
3264 4440 3571 4512 λειτουργοὶ
3606 4461 3744 4513 παρ-

2168 4529 2483 4599 εστήκασιν,
2533 4529 2608 4591 ὠς
2654 4528 2828 4581 δοῦλοι
2878 4529 3298 4597 προσκυνοῦσιν,
3349 4530 3424 4593 ὡς
3474 4532 3743 4604 ὑπηρέται

2168 4621 2416 4692 τρέχουσι
2451 4620 2537 4672 διὰ
2562 4622 2685 4683 τοὺς
2720 4622 3010 4690 μέλλοντας
3055 4619 3410 4691 κληρονομεῖν
3445 4628 3739 4696 σωτηρίαν.

2170 4714 2446 4783 Κρείττων
2477 4713 2584 4784 ἄρα
2610 4714 2702 4764 τοῦ
2740 4713 2987 4782 Σωτῆρος
3013 4714 3046 4781 ή
3070 4712 3311 4766 διακονία
3339 4714 3440 4785 τῆς
3480 4715 3546 4768 δι’
3578 4718 3731 4786 ἀγγέ.

2168 4805 2293 4870 λων,
2325 4806 2542 4874 ὅσῳπερ
2574 4807 2601 4855 6
2633 4805 2729 4873 μὲν
2757 4806 2813 4855 ἐν
2841 4805 3071 4869 τούτοις,
3098 4805 3147 4856 οἱ
3178 4805 3233 4857 δὲ
3270 4807 3325 4857 ἐν
3369 4807 3614 4871 ἐκείνοις.
3644 4811 3739 4864 Διὰ

2168 4897 2371 4966 ταύτην
2402 4894 2689 4965 τοιγαροῦν
2722 4896 2816 4965 τὴν
2845 4896 3023 4949 αἰτίαν
3051 4898 3078 4949 6
3109 4896 3316 4960 Παῦλος
3344 4899 3442 4961 τὰς
3467 4898 3737 4965 διακονίας

2171 4992 2450 5059 συγκρῖναι
2474 4989 2717 5057 Θελήσας,
2750 4988 2925 5056 λέγει·
2963 5008 2981 5039 ι
3013 4990 3291 5059 Κρείττων
3319 4991 3609 5061 γενόμενος
3631 4994 3737 5047 τῶν

2169 5082 2426 5149 ἀγγέλων.
2462 5082 2619 5133 »Ὅτε
2647 5080 2702 5132 δὲ
2738 5080 2829 5132 ἐπὶ
2869 5081 2966 5151 τὴν
2994 5082 3100 5133 τῶν
3129 5080 3325 5133 οὐσιῶν
3354 5081 3580 5151 ἔρχεται
3608 5085 3736 5153 σύγ-

2168 5194 2365 5245 κρισιν,
2401 5176 2546 5242 λέγει
2567 5192 2581 5207 ο
2620 5177 2800 5244 «Ὄσῳ
2833 5174 3228 5245 διαφορώτερον
3258 5175 3389 5242 παρ’
3419 5176 3621 5240 αὐτοὺς
3648 5196 3735 5231 κε-

2171 5270 2577 5341 κληρονόμηκεν
2610 5267 2796 5337 ὄνομα.
2823 5287 2840 5317 ι
2865 5268 3080 5330 Οὐκέτι,
3106 5268 3376 5335 κρεῖττον
3394 5311 3407 5331 ,
3434 5272 3591 5331 ἀλλὰ,
3611 5271 3735 5323 δια-

2170 5361 2521 5430 φορώτερον,
2554 5358 2582 5411 ὂ
2628 5358 2689 5416 δὴ
2738 5358 2831 5413 καὶ
2872 5359 3070 5429 πολλὴν
3103 5359 3343 5430 εἰσφέρει
3376 5362 3475 5434 τὴν
3511 5362 3735 5428 ἐξαλλα-

2170 5456 2270 5525 γῆν

2172 5802 2188 5828 ¹¹
2216 5798 2374 5855 licbr.
2406 5792 2516 5861 nl.
2605 5788 2623 5820 ’
2651 5786 2781 5841 ibid.
2809 5786 2859 5837 5.
2945 5786 2986 5815 ’⁸
3010 5783 3147 5839 l’sal.
3172 5797 3282 5848 ουκ,
3311 5782 3355 5834 l.
3438 5781 3478 5811 “
3500 5781 3659 5838 Hebr.
3690 5799 3729 5847 ι.
