4024 6482
320 506 428 565 διε)

389 699 485 756 παὶ
526 699 706 767 λύσις
747 699 971 769 ἐφεξῆς
1014 703 1101 765 εις
1139 700 1228 763 τὸ,
1268 717 1285 751 ι
1316 699 1590 762 Τοσούτῳ
1619 701 1905 767 κρείττων

387 774 710 842 γενόμενος
744 770 865 823 τῶν
899 769 1188 839 ἀγγέλων.
1221 787 1239 820 ι

390 884 510 938 Ὀτι
542 884 603 936 τὸ
637 901 654 933 ι
682 882 945 954 κρείττων
977 901 995 933 ι
1045 880 1234 943 ἐνθάδε
1283 878 1588 949 τιθέμενον,
1625 880 1735 932 τῶν
1787 878 1904 932 δια-

312 975 550 1028 κονικῶν
581 973 825 1044 εἰσφέρει
856 972 955 1044 τὴν
975 969 1282 1041 σύγκρισιν.
1315 968 1662 1038 γνωσόμεθα,
1684 966 1901 1021 Παύλου

309 1066 602 1134 λέγοντος·
639 1083 658 1116 ι
690 1064 751 1117 Εἰ
804 1063 912 1134 γὰρ
962 1061 993 1115 ό
1034 1061 1102 1115 δι’
1135 1060 1382 1129 ἀγγέλων
1428 1059 1676 1129 λαληθεὶς
1722 1059 1899 1127 λόγος,

309 1158 536 1225 ἐγένετο
569 1154 805 1225 βέϐαιος,
841 1155 935 1207 καὶ
980 1155 1134 1208 πᾶσα
1171 1152 1487 1223 παράϐασις
1520 1150 1615 1211 καὶ
1645 1149 1899 1222 παρακοὴ

306 1250 507 1307 ἔλαϐεν
528 1248 733 1303 ἔνδικον
751 1244 1194 1319 μισθαποδοσίαν,
1215 1244 1331 1307 πῶς
1348 1245 1512 1315 ἡμεῖς
1525 1243 1901 1313 ἐκφευξόμεθα

303 1341 568 1411 τοιαύτης
594 1339 968 1411 ἀμελήσαντες
989 1338 1264 1408 σωτηρίας
1278 1375 1296 1401 ,
1322 1336 1444 1407 ἣτις
1464 1335 1641 1406 ἀρχὴν
1661 1334 1900 1390 λαϐοῦσα

304 1432 591 1488 λαλεῖσθαι
640 1431 730 1485 διά
767 1430 864 1485 τοῦ
899 1428 1128 1502 Κυρίου,
1153 1429 1261 1482 ὑπὸ
1286 1428 1397 1482 τῶν
1427 1427 1779 1481 ἀκουσάντων
1818 1429 1899 1492 είς

302 1526 457 1595 ἡμᾶς
485 1521 810 1591 έϐεϐαιώθη;
844 1542 862 1574 ι
902 1522 1012 1576 Καὶ
1034 1520 1197 1575 πάλιν
1216 1536 1231 1551 ο
1269 1540 1286 1571 ι
1308 1518 1605 1589 ’Ᾱθετήσας
1625 1536 1711 1581 τις
1735 1512 1898 1589 νόμον

301 1616 573 1681 Μωσέως,
592 1615 759 1686 χωρὶς
785 1612 1085 1686 οἰκτιρμῶν
1104 1612 1194 1666 ἐπὶ
1218 1611 1371 1666 δυσὶν
1400 1611 1601 1681 ἢ,τρισὶ
1629 1610 1897 1682 μάρτυσιν

301 1710 673 1783 ἀποθνήσκει.
704 1710 864 1781 Πόσῳ
902 1710 1109 1763 δοκεῖτε
1138 1708 1383 1780 χείρονος
1416 1707 1779 1779 ἀξιωθήσεται
1811 1725 1895 1760 τι-

304 1805 524 1875 μωρίας
554 1806 582 1857 ό
608 1802 700 1856 τὸν
728 1802 856 1856 Υἱὸν
883 1801 978 1854 τοῦ
1010 1800 1146 1855 Θεοῦ
1178 1800 1610 1869 καταπατήσας;
1645 1819 1663 1851 ι
1700 1799 1895 1853 Καίτοι

301 1896 354 1948 εί
406 1894 496 1947 διὰ
531 1893 607 1947 ,τὸ
656 1893 943 1963 κρείττονα
973 1890 1227 1960 λέγεσθαι
1270 1889 1378 1943 τῶν
1416 1890 1664 1958 ἀγγέλων
1707 1890 1891 1954 αὐτὸν,

1734 503 2187 564 THESAURUS.

317 630 654 700 Παρὰθεσις
691 629 920 700 ῥητῶν,
950 628 1081 697 περὶ
1126 627 1584 700 ἁνθρωπότητος
1621 627 1894 695 Χριστοῦ,

2012 627 2291 698 Appendix
2338 627 2603 700 dictorum
2663 629 2735 700 de,
2784 628 3115 700 humanitate
3170 628 3410 700 Christi;

3508 518 3612 573 350

2085 648 2291 694 vpenaur
2338 648 2603 681 arctorum
2663 648 2727 682 ae
2784 648 3115 684 numamtate
3170 648 3410 695 nunc";
3473 648 3614 699 pra-

2085 706 2234 769 ιστοαῄ
2282 698 2473 752 solutio
2527 700 2640 767 ejus
2702 698 2883 752 dicti:
2921 716 2940 751 ι
2976 697 3146 753 Tanto
3196 695 3385 755 περιιὸν
3434 700 3614 769 factus

2083 767 2305 836 angelis.
2342 786 2360 821 ι
2595 832 2600 837 _

2082 875 2237 944 Quod
2283 894 2386 933 vox
2432 896 2449 930 ι
2490 878 2705 943 melior,
2744 897 2765 929 ι
2793 892 2859 932 eo
2889 877 3009 933 loco
3035 880 3233 949 posita,
3264 881 3622 937 administra-

2013 970 2219 1025 tionum
2272 970 2735 1039 comparationem
2786 971 3074 1040 significet,
3121 972 3497 1040 intelligemus
3544 988 3610 1029 ex

2012 1062 2179 1117 Paulo
2218 1062 2476 1118 dicente:
2518 1079 2538 1114 ι
2577 1060 2633 1116 Si
2670 1064 2816 1117 enim
2864 1066 2958 1133 qui
3009 1079 3106 1131 per
3153 1062 3378 1131 angelos
3428 1062 3612 1121 dictus

2008 1160 2097 1207 est
2123 1166 2331 1215 sermo.
2376 1150 2554 1206 factus
2594 1160 2681 1207 est
2714 1150 2925 1218 ﬁrmus,
2957 1164 3010 1209 et
3055 1154 3103 1211 si
3124 1154 3311 1209 omnis
3344 1157 3609 1221 prtevari-

2010 1246 2153 1298 catio
2179 1256 2245 1302 et.
2274 1244 2646 1300 inobedientia
2690 1248 2903 1316 accepit
2932 1248 3142 1317 justam
3180 1246 3603 1301 retributionem

2009 1335 2299 1402 mercedis,
2335 1337 2614 1406 quomodo
2653 1352 2753 1394 nos
2796 1335 3141 1409 eﬂ‘ugiemus,
3177 1337 3222 1392 si
3260 1345 3469 1392 tantam
3509 1353 3608 1393 ne—

2008 1427 2337 1497 glexerimus
2382 1427 2613 1484 salutem
2682 1444 2824 1500 quae,
2867 1445 2991 1485 cum
3046 1430 3262 1485 initium
3310 1429 3612 1500 accepisset

2006 1517 2249 1572 enarrari
2297 1532 2393 1587 per
2446 1519 2758 1588 Dominum,
2813 1521 2882 1575 ab
2928 1522 3008 1576 eis
3050 1521 3143 1591 qui
3193 1520 3509 1587 audierunt,
3553 1521 3608 1575 in

2008 1622 2106 1662 nos
2151 1609 2472 1662 conﬁrmata
2506 1608 2703 1663 est“?
2736 1628 2754 1660 ι
2801 1610 2867 1665 Ει
2902 1626 3094 1665 rursus
3112 1629 3135 1667 με
3171 1628 3191 1663 ι
3225 1609 3439 1665 lrritam
3486 1609 3612 1678 quis

2008 1697 2216 1751 faciens
2254 1698 2427 1767 legem
2464 1697 2624 1766 Mosi,
2679 1701 2799 1755 sine
2850 1700 2955 1755 ulla
2994 1701 3351 1757 miseratione
3386 1700 3437 1755 in
3470 1700 3608 1755 duo-

2007 1791 2107 1846 bus
2152 1800 2246 1845 aut
2278 1792 2451 1848 tribus
2492 1792 2723 1848 testibus
2757 1792 3012 1847 moritur.
3042 1792 3260 1860 Quanto
3302 1792 3477 1862 magis
3510 1805 3611 1860 pu-

2009 1885 2135 1938 tatis
2180 1898 2304 1937 eum
2357 1884 2609 1954 graviora
2664 1886 2863 1941 mereri
2914 1884 3210 1954 supplicia,
3267 1884 3359 1953 qui
3407 1882 3606 1937 Filium

300 1980 450 2039 εἷναι
474 1983 557 2038 δεῖ
582 1983 799 2046 πάντως
843 1982 1027 2045 αὐτοῖς
1052 1982 1148 2035 καὶ
1175 1980 1393 2051 ὁμοφυῆ
1426 1980 1504 2051 (al
1528 1980 1637 2052 γὰρ
1668 1981 1894 2052 συγκρί-

2008 1974 2098 2029 Dei
2134 1973 2644 2029 conculcaverit“?
2676 1994 2696 2029 ι
2752 1975 2913 2044 Atqui
2966 1976 3036 2040 si,
3070 1974 3200 2044 quia
3244 1973 3364 2043 ipse
3410 1971 3611 2026 dicitur

301 2095 362 2130 σε
372 2094 423 2140 ις
439 2077 535 2130 ἐπὶ
548 2075 656 2128 τῶν
683 2074 932 2145 ἀλλήλοις
950 2072 1352 2147 προσεοικότων
1368 2072 1582 2141 φιλοῦσι
1600 2072 1896 2144 γίνεσθαι),

296 2168 352 2221 τί
385 2165 593 2237 μᾶλλον
624 2164 732 2218 ἔδει
766 2164 1011 2236 χείρονος
1049 2161 1333 2227 ἀξιοῦσθαι
1367 2163 1640 2233 τιμωρίας
1673 2162 1764 2216 τὸν
1800 2180 1900 2216 κα-

294 2257 652 2312 ταπατοῦντα
702 2257 795 2311 τὸν
839 2256 986 2318 Υίὸν,
1021 2256 1081 2309 οὐ
1131 2255 1389 2325 τοιαύτης
1441 2256 1764 2325 μετέχοντος
1804 2255 1899 2309 τοῦ

297 2348 751 2413 καταπατοῦντος
797 2348 922 2412 τοῦς
967 2346 1237 2415 ἀγγέλους
1275 2346 1364 2399 διά
1403 2346 1502 2417 τῆς
1532 2346 1901 2418 παραϐάσεως

292 2439 394 2493 τοῦ
423 2438 749 2510 λαληθέντος
774 2437 1027 2508 νόμουλδϋ
1048 2434 1262 2502 αὐτῶν;
1290 2435 1349 2488 '0
1368 2434 1477 2506 γὰρ
1498 2436 1579 2499 είς
1598 2437 1722 2499 τοὺς
1748 2437 1901 2498 ἴσους

295 2532 397 2585 καὶ
432 2530 699 2601 ὁμοειδεῖς
733 2528 1054 2599 ἐξυϐρίζων,
1082 2530 1182 2599 τῆς
1218 2528 1390 2599 αὐτῆς
1425 2528 1491 2582 ἂν
1516 2528 1746 2592 εἰκότως
1772 2545 1902 2599 μετ-

295 2623 419 2691 έχοι
448 2620 743 2691 τιμωρίας,
774 2620 870 2673 καὶ
900 2613 961 2674 οῦ
990 2618 1101 2673 τῶν
1130 2618 1503 2689 ἀδικουμένων
1527 2618 1628 2671 οὐκ
1652 2618 1770 2673 ἔστι
1791 2619 1899 2673 δια-

294 2711 575 2782 φορά,καὶ
603 2711 710 2763 τῶν
741 2711 1017 2765 κολάσεων
1045 2708 1301 2780 ὁμοιότης
1317 2710 1553 2778 εὐλόγως
1570 2709 1635 2763 ἃν
1658 2710 1895 2778 γένοιτο.

293 2803 438 2857 Νυνὶ
480 2802 539 2853 δὲ
581 2802 610 2853 ό
646 2802 744 2871 μὲν
785 2802 865 2865 είς
912 2801 1002 2853 τὸν
1036 2799 1163 2852 Υἱὸν
1206 2799 1621 2870 ἐξαμαρτάνων,
1654 2800 1899 2871 χείρονος

295 2893 671 2964 ἀξιωθήσεται
701 2893 973 2963 τιμωρίας
993 2908 1005 2920 ·
1037 2893 1066 2944 ό
1093 2892 1148 2945 δὲ
1178 2894 1257 2954 εἰς
1280 2891 1370 2944 τὸν
1402 2892 1493 2944 ὑπ’
1519 2892 1770 2960 ἀγγέλων
1802 2892 1899 2945 λαο

293 2982 541 3053 ληθέντα
599 2984 779 3052 νόμον,
812 2981 1111 3042 ἐλάττονος.
1145 2980 1257 3048 Οὐχ
1308 2980 1576 3050 ὁμογενὴς
1628 2980 1737 3051 ἀρα
1787 2983 1899 3043 τοῖς

293 3074 557 3143 ἀγγέλοις
588 3075 817 3140 ἐκεῖνος,
843 3076 923 3137 είς
959 3074 1019 3127 δν
1051 3072 1146 3126 καὶ
1184 3067 1366 3141 μεῖζόν
1397 3073 1513 3125 ἐστι
1555 3072 1617 3125 τὸ
1648 3072 1899 3143 ἁμαρτά-

291 3183 408 3219 νειν
430 3182 443 3195 ·
474 3166 567 3219 καὶ
596 3166 657 3219 τὸ
688 3165 960 3236 τιμωρίας
999 3162 1217 3234 μέτρον,
1254 3161 1532 3241 ἀναλόγως
1562 3165 1627 3234 τῇ
1656 3164 1896 3235 ὑπεροχῇ

291 3256 390 3313 τοῦ
428 3257 768 3328 πατηθέντος
793 3257 1090 3311 ὲκτίνεται.

993 3547 1197 3602 ΔΛΛΟ.

584 3660 682 3724 Ὠς
717 3660 788 3724 ἐξ
824 3659 1187 3727 ἀντιθέσεως
1224 3663 1313 3727 είς
1350 3660 1419 3713 τὸ
1456 3660 1623 3714 αὐτό.

368 3772 647 3841 Χείρονος,
681 3773 865 3839 φασὶν,
902 3771 1149 3837 ἀξιοῦται
1200 3774 1472 3843 τιμωρίας
1515 3775 1543 3823 ὁ
1590 3769 1896 3841 ἐξαμαρτά-

292 3880 403 3917 νων
434 3865 515 3925 εῖς
543 3862 634 3915 τὸν
664 3861 811 3925 Υἱδν,
839 3861 914 3924 ὡς
944 3864 1023 3924 είς
1062 3862 1286 3931 μείζονα
1306 3862 1416 3916 τῶν
1443 3861 1896 3930 ἀγγέλων.Τοῦτο

288 3954 353 4006 δὲ
376 3952 540 4005 αὑτὸν
558 3952 621 4005 οὐ
645 3953 862 4016 πάντως
884 3952 988 4016 ἔξω
1007 3953 1109 4023 τῆς
1131 3954 1268 4025 πρὸς
1289 3954 1557 4022 ἀγγέλους
1578 3952 1896 4025 ὀμογενείας

292 4044 552 4113 γενέσθαι
580 4046 746 4103 ςτοιεῖ.
768 4043 1074 4112 Ἀναλόγως
1112 4044 1221 4117 γάρ
1248 4048 1315 4117 τῇ
1349 4046 1563 4116 ἑκάστῳ
1587 4064 1895 4118 χρεωστου-

296 4136 440 4207 μένῃ
472 4137 605 4205 τιμῇ
629 4134 723 4188 καὶ
749 4136 781 4205 ἡ
808 4136 887 4198 είς
908 4135 1071 4188 αὐτὸν
1096 4134 1253 4206 ῦϐρις
1279 4138 1649 4207 ὲκμετρεῖται.
1669 4138 1893 4211 Ἐπειδὴ

290 4226 476 4281 τοίνυν
528 4228 794 4296 κρείττων
844 4228 1038 4297 γέγονε
1092 4228 1204 4281 τῶν
1252 4228 1501 4297 ἀγγέλων
1530 4233 1558 4283 ὁ
1596 4232 1743 4295 Υἱὸς,
1780 4231 1893 4302 ἔχει

294 4320 614 4392 βαρυτέρως
638 4321 737 4392 τὴν
767 4320 1041 4393 τιμωρίαν
1069 4324 1097 4375 ό
1127 4324 1206 4385 είς
1240 4322 1403 4375 αὐτὸν
1437 4323 1855 4395 ἐξαμαρτάνων.

536 4435 695 4501 Πρὸς
735 4432 923 4490 ταῦτα
961 4435 1143 4501 λύσις
1182 4434 1250 4489 ἐκ
1291 4435 1398 4491 τοῦ
1441 4438 1650 4492 αὑτοῦ.

381 4546 578 4617 Ἐχρῆν
608 4542 701 4600 οὖν
730 4546 825 4600 ἐπὶ
863 4550 929 4617 τῇ
981 4548 1292 4618 παραϐάσει
1338 4549 1445 4602 τῶν
1470 4551 1708 4621 νομικῶν
1742 4551 1891 4605 ἐντο-

288 4636 423 4700 λῶν,
466 4636 540 4708 μὴ
566 4637 845 4706 ἀναλόγως
876 4640 989 4698 τοῖς
1020 4638 1455 4710 πλημμελήμασι
1484 4640 1582 4705 τὰς
1618 4628 1891 4713 τιμωρίας

288 4728 593 4800 ὁρίζεσθαι,
628 4729 763 4797 μηδὲ
799 4727 1016 4792 πάντως
1060 4727 1138 4797 τῷ
1195 4730 1417 4800 μεγέθει

292 4820 731 4893 συμμετρεῖσθαι
771 4822 871 4893 τὴν
919 4821 1162 4884 κόλασιν,
1195 4822 1329 4878 ἀλλά
1373 4823 1575 4894 μᾶλλον
1615 4827 1893 4897 ὁρίζεσθαι

290 4913 433 4986 πρὸς
458 4915 556 4985 τὴν
585 4914 742 4980 ἀξίαν
764 4913 860 4968 τοῦ
887 4914 1312 4987 διακονήσαντος
1348 4916 1519 4987 αὐτὴν
1543 4919 1798 4987 ἀγγέλου.
1826 4922 1889 4975 El

284 5006 349 5060 δὲ
371 5005 529 5059 τοῦτο
566 5006 664 5075 μὲν
698 5008 796 5076 οὐχ
834 5006 1055 5077 ὁρῶμεν
1082 5008 1395 5079 γενόμενον,
1435 5004 1515 5073 εἷς
1555 5011 1612 5064 δὲ
1645 5015 1672 5065 ὁ
1702 5012 1888 5083 νόμος,

2006 2066 2198 2120 melior
2238 2065 2467 2136 angelis,
2512 2068 2890 2122 necessarium
2937 2065 3096 2136 plane
3126 2075 3213 2121 est
3249 2066 3415 2119 etiam
3461 2064 3610 2135 ejus-

2002 2158 2123 2211 dem
2174 2171 2297 2211 cum
2349 2156 2483 2226 ipsis
2530 2166 2740 2213 naturte
2795 2173 2921 2214 esse
2952 2156 3418 2228 (comparationes
3462 2154 3607 2210 enim

2004 2249 2145 2304 inter
2175 2263 2262 2303 res
2302 2248 2544 2316 sibiipsis
2587 2249 2796 2306 similes
2826 2249 2940 2305 lleri
2970 2250 3197 2319 solent),
3236 2265 3336 2305 cur
3358 2250 3612 2319 graviore

2002 2342 2268 2410 supplicio
2300 2339 2440 2396 allici
2490 2343 2735 2413 oportuit
2782 2357 2904 2397 eum
2940 2346 3031 2413 qui
3068 2343 3267 2398 Filium
3315 2342 3607 2398 conculca—

2004 2434 2161 2498 verit,
2194 2450 2316 2495 cum
2346 2434 2522 2491 levius
2553 2434 2880 2506 supplicium
2916 2446 3235 2491 mereantur
3257 2434 3348 2504 qui
3381 2432 3610 2506 angelus

2002 2510 2472 2592 conculcaverint,
2521 2528 2962 2598 transgressione
2995 2527 3131 2593 legis
3163 2543 3262 2597 per
3295 2528 3446 2598 ipsos
3478 2541 3607 2598 pro-

2004 2616 2312 2671 nuntiata?
2334 2615 2467 2670 Nam
2494 2617 2583 2686 qui
2608 2618 2848 2685 aequales
2864 2618 3224 2689 ejusdemque
3249 2618 3452 2688 speciei
3480 2633 3609 2673 con-

2006 2707 2227 2761 tumelia
2275 2705 2466 2771 allicit,
2514 2709 2714 2764 merito
2745 2712 2999 2765 eamdem
3034 2725 3253 2781 plenam
3290 2720 3607 2766 mereatur:

2001 2810 2239 2866 eumque
2292 2811 2482 2852 eorum
2548 2798 2639 2869 qui
2688 2799 2886 2871 injuria
2915 2800 3109 2861 affecti
3148 2813 3281 2858 sunt
3336 2801 3479 2857 nulla
3542 2802 3611 2856 sit

2002 2887 2336 2955 dill‘erentia,
2376 2889 2645 2959 supplicia
2680 2908 2901 2961 quoque
2928 2894 3160 2965 mqnalia
3207 2908 3329 2949 esse
3364 2902 3607 2964 oportet.

2000 2978 2270 3035 Caeterum
2308 2980 2399 3051 qui
2431 2982 2485 3036 in
2526 2982 2727 3037 Filium
2777 2984 3070 3055 delinquit,
3107 2986 3363 3058 graviore
3394 2985 3609 3056 suppli-

2000 3070 2085 3125 cio
2112 3068 2382 3139 afﬁcitur;
2414 3072 2506 3143 qui
2553 3088 2684 3129 vero
2722 3073 2773 3129 in
2811 3074 2985 3146 legem
3024 3077 3094 3132 ab
3124 3076 3334 3147 angelis
3366 3091 3611 3147 pronun-

2003 3162 2211 3226 tiatam,
2262 3163 2485 3217 leviore.
2531 3163 2648 3219 Non
2694 3176 2779 3220 est
2818 3167 2981 3235 igitur
3012 3166 3185 3223 Filius
3232 3167 3476 3237 ejusdem
3511 3184 3610 3238 ge~

2005 3255 2152 3309 neris
2195 3269 2319 3308 cum
2356 3255 2583 3325 angelis,
2631 3260 3007 3328 cumtgravius
3044 3260 3115 3314 sit
3161 3259 3420 3314 delictum
3464 3262 3608 3331 quod

1917 3344 1961 3404 (Ζ
1997 3341 2050 3395 in
2086 3342 2236 3397 illum
2285 3345 2650 3399 committitur
2681 3362 2842 3416 quam
2877 3349 3022 3418 quod
3063 3348 3115 3402 in
3152 3348 3274 3413 hos,
3306 3359 3361 3403 et
3398 3348 3609 3420 suppli-

2000 3434 2147 3488 cium
2183 3438 2658 3505 provortionalum
2694 3437 2951 3507 gravitati
2986 3440 3170 3495 delicti
3203 3441 3499 3512 irrogetur.

2677 3568 2917 3626 ALIUD.

2238 3676 2324 3734 Ea:
2355 3680 2650 3750 objections
2681 3682 3056 3739 Iusreticorum
3099 3686 3155 3740 in
3186 3686 3349 3742 idem.

2064 3789 2319 3857 Gravius,
2371 3795 2651 3865 inquiunt,
2702 3800 2927 3868 punitur
2966 3801 3058 3866 qui
3107 3802 3378 3873 delinquit
3415 3804 3468 3857 in
3513 3802 3606 3856 Fi-

1998 3883 2152 3949 lium,
2183 3888 2564 3946 utmaximum
2597 3893 2938 3961 angelorum.
2965 3894 3237 3949 Cmterum
3263 3912 3368 3950 nou
3400 3898 3609 3952 idcirco

1997 3976 2197 4030 desinit
2229 3993 2354 4035 esse
2399 3980 2646 4049 ejusdem
2678 3987 2897 4053 generis
2933 4004 3055 4041 cum
3091 3989 3321 4056 angelis.
3358 3988 3491 4045 Nam
3537 4006 3606 4045 ex

1997 4065 2208 4120 honore
2264 4069 2355 4137 qui
2394 4071 2627 4140 singulis
2671 4074 2919 4141 debetur,
2969 4080 3301 4153 contumelia
3340 4081 3504 4134 etiam
3550 4082 3599 4135 ei

1998 4156 2158 4211 allata
2189 4162 2515 4217 aestimatur.
2544 4166 2679 4221 Cum
2711 4169 2879 4236 igitur
2913 4169 3091 4226 lactus
3117 4173 3188 4226 sit
3211 4172 3382 4228 Filius
3408 4173 3603 4228 melior

1995 4252 2223 4343 angelis,
2255 4254 2420 4325 207
2450 4260 2671 4325 gravius
2715 4277 2931 4332 quoque
2986 4265 3313 4335 supplicium
3362 4270 3601 4325 sumitur
3709 4337 3715 4343 ,

1997 4341 2063 4396 de
2087 4358 2154 4399 eo
2186 4347 2275 4413 qui
2306 4348 2358 4400 in
2394 4350 2568 4417 ipsum
2600 4364 2813 4420 peccat.

2343 4457 2556 4515 Salutio
2599 4464 2909 4533 objectiom's
2938 4483 3001 4521 ex
3036 4470 3241 4521 eodem.

2064 4568 2316 4637 Oportuit
2363 4570 2547 4642 itaque
2584 4574 2635 4627 in
2691 4580 3128 4648 transgressione
3161 4581 3416 4650 legalium
3455 4600 3597 4652 pra:-

1618 4666 1891 4758 :‘l“”P:“€
1924 4701 1970 4758 D
1997 4669 2278 4728 captorum
2332 4679 2437 4718 non
2477 4666 2710 4736 irrogari
2754 4684 2947 4737 pmnas
2995 4672 3210 4729 delictis
3245 4675 3600 4745 proportione

1470 4734 1570 4803 τῆς
1616 4734 1891 4805 ἁμαρτίας

2008 4756 2433 4823 respondentes;
2485 4774 2661 4829 neque
2712 4762 2937 4817 omnino
2987 4766 3313 4835 supplicium
3373 4778 3600 4838 peccato

1995 4850 2458 4913 commensurari,
2494 4851 2587 4905 sed
2631 4852 2811 4921 potius
2860 4870 2957 4923 pro
2987 4857 3251 4927 dignitate
3296 4859 3470 4929 angeli
3524 4860 3600 4914 le-

1995 4954 2113 5007 gem
2148 4941 2584 4997 administrantis
2622 4945 2727 4999 hoc
2751 4945 3005 5003 delinire.
3041 4948 3110 5002 At
3137 4964 3267 5005 vero
3299 4951 3343 5004 si
3380 4967 3483 5005 non
3526 4936 3597 5007 ita

1991 5031 2196 5086 factum
2224 5048 2346 5089 esse
2374 5037 2653 5092 cernimus
2683 5056 2695 5091 :
2732 5054 2836 5093 una
2870 5050 3052 5101 autem
3086 5052 3171 5099 est
3202 5043 3311 5109 lex,
3344 5060 3466 5098 cum
3498 5059 3599 5098 an-

289 5098 504 5153 πολλῶν
537 5100 707 5152 ὄντων
731 5099 1004 5168 ἀγγέλων,
1033 5101 1128 5153 καὶ
1153 5100 1240 5152 διά
1268 5101 1378 5154 τῶν
1406 5103 1586 5155 αὐτῶν
1609 5104 1889 5175 τιμωριῶν

2008 5125 2093 5193 ;eli
2126 5125 2234 5181 sint
2271 5127 2449 5192 multi,
2480 5139 2644 5196 atque
2672 5131 2862 5187 iisdem
2892 5136 3069 5201 poenis
3100 5146 3322 5205 peccata
3360 5139 3596 5207 puniun-

286 5190 472 5261 τρέχει
499 5190 566 5244 τὰ
590 5192 965 5263 ἁμαρτήματα
981 5208 995 5223 ο
1020 5192 1120 5245 οὐκ
1141 5192 1250 5266 ἄρα
1271 5193 1472 5264 ἀληθὲς
1492 5196 1550 5248 τὸ
1574 5197 1885 5267 λεγόμενον,

285 5284 373 5336 ὃτι
417 5284 661 5355 χείρονος
710 5284 1073 5357 ἀξιωθήσεται
1125 5287 1399 5359 τιμωρίας
1450 5292 1477 5343 ὁ
1522 5291 1603 5354 είς
1636 5292 1725 5344 τὸν
1762 5292 1888 5345 Υἱὸν

289 5376 705 5446 ἐξαμαρτάνων,
738 5378 814 5443 ὡς
862 5381 941 5442 εἰς
990 5379 1279 5449 κρείττονα
1307 5380 1417 5435 τῶν
1447 5382 1717 5451 ἀγγέλων,
1759 5384 1887 5439 ἀλλ’

286 5467 367 5529 ὡς
413 5468 493 5529 είς
541 5469 810 5539 ἑτεροφυᾶ
858 5471 950 5523 καὶ
993 5471 1129 5526 πολὺ
1167 5473 1639 5545 παρηλλαγμένον.
1673 5477 1735 5529 Οἱ
1786 5478 1884 5548 μὲν

289 5560 400 5630 γάρ
422 5562 657 5630 γενητοὶ,
682 5563 709 5613 ὁ
737 5562 792 5615 δὲ
821 5562 953 5628 Θεὸς
982 5563 1259 5633 ἀληθινὸς,
1294 5566 1353 5619 οὗ
1382 5566 1490 5620 τῶν
1516 5569 1759 5639 γενητῶν
1780 5564 1881 5633 εἷς,

290 5651 411 5706 οὐδὲ
436 5652 574 5724 πρὸς
606 5654 746 5729 αῦτά
772 5655 871 5727 τὴν
905 5656 1195 5729 σύγκρισιν
1228 5660 1395 5731 ἔχων·
1428 5660 1542 5714 ἀλλ’
1569 5662 1790 5734 ὅσῳπερ
1818 5663 1884 5717 ἂν

292 5744 455 5809 αὐτὸς
490 5744 911 5822 ἀξιολογώτερος
945 5752 1213 5821 φαίνεται,
1248 5754 1489 5825 τοσούτῳ
1538 5756 1743 5825 μείζονι
1790 5760 1882 5812 καὶ

363 5922 404 5957 ⁸³
431 5923 594 5981 ilcbr.
632 5944 693 5989 ιι,
725 5930 780 5989 2.
822 5932 874 5987 5.
956 5934 998 5964 ιδ
1030 5932 1191 5990 llcbr.
1234 5952 1287 5999 κ,
1312 5935 1405 5999 9.8.
1434 5937 1519 5991 29.

1998 5226 2128 5273 tur:
2166 5235 2270 5274 non
2327 5231 2408 5276 est
2462 5222 2629 5292 igitur
2664 5241 2848 5281 verum
2900 5228 3029 5283 illud
3078 5232 3306 5293 dictum,
3346 5234 3596 5300 graviore

1995 5312 2260 5381 supplicio
2291 5312 2516 5382 dignum
2565 5333 2685 5373 esse
2730 5320 2817 5387 qui
2854 5322 2906 5373 in
2943 5321 3140 5376 Filium
3181 5323 3498 5394 deliquerit,
3538 5335 3595 5380 ut

1996 5400 2047 5453 in
2096 5402 2391 5457 maximum
2426 5407 2767 5476 angelorum,
2806 5412 2900 5465 sed
2936 5423 2992 5465 ut
3029 5412 3081 5466 in
3131 5429 3197 5469 eo
3230 5417 3319 5483 qui
3367 5416 3594 5473 alterius

1995 5499 2199 5545 naturm
2249 5494 2319 5548 sit
2351 5510 2514 5565 quam
2563 5499 2765 5569 angeli,
2826 5503 3165 5573 multumque
3213 5506 3281 5559 ab
3309 5507 3387 5559 eis
3435 5507 3588 5562 diffe-

1993 5593 2098 5638 rat.
2155 5583 2291 5641 Nam
2338 5589 2518 5659 angeli
2573 5593 2744 5647 creati
2795 5606 2961 5657 sunt,
2994 5596 3166 5652 Filius
3197 5608 3380 5653 autem
3428 5614 3591 5653 verus

1994 5672 2155 5741 Deus,
2190 5692 2296 5732 non
2329 5695 2469 5737 unus
2503 5697 2570 5739 ex
2599 5687 2822 5753 creatis,
2865 5704 3043 5759 neque
3075 5690 3370 5766 quidquam
3407 5690 3587 5747 simile

1992 5778 2115 5819 cum
2149 5766 2228 5821 eis
2257 5767 2501 5841 habens;
2536 5773 2631 5829 sed
2668 5787 2875 5845 quanto
2906 5777 3019 5847 ipse
3052 5788 3135 5836 est
3163 5780 3378 5850 dignior
3418 5791 3585 5851 atque
