4024 6456
465 436 564 492 3’5!

1458 439 1516 494 s.
1558 414 1835 496 cv’nlLu
1879 440 2353 497 unaunam
2392 443 2712 499 meum».

3615 445 3735 500 353'

467 554 852 621 excellentior,
908 565 1062 612 tanto
1118 558 1306 627 majori
1366 558 1714 628 graviorique
1761 558 2034 629 supplicio

2156 560 2493 632 (αλεπωτέρα
2513 562 2753 632 τιμωρίᾳ
2780 560 3080 615 ὑπεύθυνον
3098 560 3231 616 ὄντα
3255 559 3518 616 δεικνύων
3541 559 3632 616 τὸν
3652 561 3724 614 τὰ

466 648 757 701 obnoxium
786 663 904 704 esse
928 651 1209 707 declarans
1230 668 1350 706 eum
1382 652 1472 721 qui
1500 652 1751 705 mandata
1788 666 1888 707 sua
1916 650 2035 707 ﬂre-

469 739 535 790 rit
578 749 967 808 tran'greasus.

465 872 696 947 ALIUD.
738 892 803 929 ea:
843 878 1048 940 iisdem,
1082 878 1220 945 quod
1253 877 1389 931 bona
1424 879 1490 931 sit
1527 878 1915 947 utilissimaque
1941 883 2038 933 ad-

538 946 983 1013 ministrationum
1025 950 1371 1011 comparatio,
1408 948 1712 1013 anqelorum
1759 946 1960 1003 scilicet
1988 961 2034 1004 et

539 1011 691 1075 Filii,
741 1016 839 1066 vim
886 1016 1023 1068 vocis
1061 1034 1079 1066 ι
1111 1016 1294 1067 melior
1321 1036 1340 1067 ι
1378 1011 1687 1083 explanans.
1730 1019 1847 1083 Quo
1885 1030 2035 1084 pacto

534 1087 670 1136 enim
715 1084 897 1137 melior
931 1087 1131 1155 angelis
1172 1086 1260 1149 sit,
1290 1096 1337 1139 et
1372 1100 1590 1156 quanto,
1628 1104 1692 1141 ea:
1739 1091 1807 1142 iis
1838 1089 2037 1143 intelli-

536 1168 733 1221 genus.

534 1283 719 1350 Angeli
739 1284 910 1355 legem
929 1286 1247 1353 edixerunt;
1276 1290 1370 1345 sed
1406 1290 1486 1346 lex
1539 1291 1672 1345 nihil
1709 1291 1936 1361 perfecit
1964 1293 2032 1348 ".

461 1371 634 1432 Filius
678 1389 855 1432 autem
905 1381 1129 1449 perfecit
1171 1396 1307 1451 Opus
1341 1382 1539 1437 Patris.
1575 1384 1853 1440 Perfectus
1892 1384 2034 1440 enim

462 1479 545 1521 est
582 1468 631 1521 in
676 1467 871 1535 pietate
894 1470 984 1538 qui
1015 1470 1188 1538 ipsius
1229 1472 1436 1542 legibus
1471 1474 1769 1528 instructus
1800 1484 1903 1528 est.
1928 1472 2036 1528 Re-

462 1559 647 1629 gnavit
664 1574 808 1616 mors
824 1562 987 1616 etiam
1007 1562 1139 1632 legis
1161 1572 1430 1634 tempore:
1454 1566 1707 1621 nimirum
1729 1586 1745 1617 ι
1759 1568 1824 1620 ab
1843 1567 2034 1633 Adam,

465 1651 671 1718 inquit,
704 1666 874 1721 usque
906 1653 971 1707 ad
993 1653 1175 1708 Mosen
1210 1654 1275 1709 “.
1307 1673 1325 1707 ι
1349 1656 1560 1712 Abolita
1586 1667 1764 1711 autem
1786 1668 1868 1711 est
1892 1673 2036 1711 mors

468 1757 553 1810 pet
632 1742 949 1810 Christum;
1018 1761 1192 1815 neque
1241 1749 1385 1801 enim
1442 1750 1675 1818 amplius
1748 1750 1800 1802 in
1864 1750 2033 1803 Adam

469 1838 733 1890 morimur
766 1877 780 1900 .
834 1841 926 1893 sed
978 1840 1027 1892 in
1076 1842 1297 1895 Christo
1350 1841 1788 1895 vivilicamur".
1831 1844 1874 1895 Δ
1923 1843 2033 1896 Dan

2139 652 2304 706 αὑτοῦ
2341 652 2766 723 παραϐαίνοντα.

2136 876 2434 935 ΑΛΛΟ,ἐκ
2457 874 2573 929 τῶν
2600 874 2830 939 αὑτὼνῗ,
2858 875 2947 930 ὅτι
2982 875 3141 942 καλὴ
3166 875 3264 928 καὶ
3298 870 3719 944 χρησιμωτάτῃ

2212 945 2325 1025 ζῶν
2360 944 3117 1025 διακονιὼξ-τὶσύηιρισις.
3146 945 3261 1025 τῆς
3287 943 3350 999 τε
3396 943 3514 1025 τῷν

2205 1017 2459 1092 Juv-arui
2490 1016 2594 1092 tot?
2634 1011 2788 1077 Υιοῦ,
2819 1011 2945 1092 Ξρῦή
2972 1034 2989 1067 ι
3018 1016 3312 1092 ’κρείττων
3338 1034 3356 1065 ι
3395 1013 3511 1092 τὴν

2202 1102 2309 1163 μιν
2338 1086 2769 1163 ἑρμηνεύσυσᾳ.
2811 1080 3076 1163 names
3100 1085 3382 1163 κρείττων
3408 1080 3528 1163 si»:
3547 1080 3722 1152 άττῦο

2206 1159 2333 1209 λων
2363 1156 2494 1209 ἐστὶ
2523 1156 2619 1209 καὶ
2646 1156 2862 1217 πόσον,
2895 1154 2964 1219 ἐξ
2995 1154 3195 1209 αὐτῶν
3219 1155 3591 1223 γνωσόμεθα.

2211 1289 2467 1357 Ἄγγελοι
2500 1290 2589 1343 τὸν
2625 1289 2786 1359 νόμον
2823 1289 3113 1360 ἐλάλησαν,
3142 1288 3256 1342 ἀλλ’
3290 1287 3443 1341 οὐδὲν
3482 1285 3722 1341 ἐτελείω-

2141 1380 2467 1449 σενόνόμος.
2485 1380 2543 1432 '0
2565 1379 2759 1442 δὶΥίὸς
2786 1380 3067 1434 ιτελείωσε
3090 1380 3150 1433 τὸ
3174 1380 3336 1447 ἔργον
3364 1378 3459 1431 τοῦ
3484 1379 3717 1450 Πατρός.

2137 1469 2353 1534 Τέλειος
2385 1472 2494 1541 γὰρ
2526 1472 2604 1534 είς
2634 1470 2911 1524 εὐσέϐειαν
2947 1472 2977 1523 6
3001 1473 3113 1534 τοῖς
3140 1469 3305 1524 αὐτοῦ
3331 1470 3518 1539 νόμοις
3558 1469 3720 1523 παιδ-

2137 1562 2937 1633 αγωγούμενος.Ἐδασίλευσεν
2979 1566 3008 1617 6
3041 1563 3271 1626 θάνατος
3319 1562 3415 1615 καὶ
3460 1562 3604 1615 κατά
3631 1563 3725 1614 τὸν

2136 1655 2422 1725 τοῦονόμου
2446 1656 2652 1727 καιρόν·
2680 1674 2699 1707 ε
2723 1655 2982 1727 Ἀπὸγὰρ
3024 1654 3215 1724 Ἀδὰμ,
3250 1654 3408 1725 φησὶ,
3439 1654 3537 1707 καὶ
3559 1654 3722 1723 μέχρι

2138 1748 2399 1813 Μωσέως.
2430 1768 2448 1799 ι
2483 1749 2715 1803 Λέλυται
2743 1750 2799 1801 δὲ
2839 1749 3065 1812 θάνατος
3098 1747 3189 1800 διὰ
3229 1746 3468 1818 Χριστοῦ
3492 1764 3506 1777 ·
3538 1744 3722 1797 οὐκέτι.

2138 1840 2247 1909 γὰρ
2297 1842 2355 1893 ὲν
2398 1840 2565 1910 Ἀδὰμ
2603 1840 3042 1911 ἀποθνήσκομεν,
3080 1839 3193 1892 ἀλλ’
3220 1840 3279 1890 ὲν
3312 1836 3537 1907 Χριστῷ
3585 1836 3722 1899 (tum

465 1929 533 1982 ad
576 1928 839 1985 Bersabee
889 1930 1079 1997 legalis
1151 1940 1415 2002 praecepta
1472 1932 1787 1987 denuntiata
1861 1943 2032 1997 sunt,

2156 1928 2454 2001 τοιούμεθα.
2478 1928 2610 1981 Ἀπὸ
2650 1929 2757 1982 Δὰν
2810 1930 2903 1981 καὶ
2947 1928 3051 1991 ἕως
3090 1927 3375 1999 Βηρσαόεὶ
3410 1928 3479 1981 τά
3525 1927 3732 1997 νομικὲ

464 2028 688 2088 eratque
712 2020 767 2073 in
792 2020 905 2075 sola
932 2019 1115 2077 Judaa
1143 2033 1300 2077 notus
1348 2023 1485 2077 Deus
1512 2023 1576 2053 "‘
1604 2041 1615 2075 :
1649 2037 1791 2076 nunc
1820 2023 2031 2110 vero.ln

464 2126 680 2167 omnem
712 2121 911 2168 terram
951 2114 1119 2168 exivit
1148 2129 1310 2169 sonus
1342 2115 1457 2184 eius
1483 2115 1547 2180 ⁸⁸,
1581 2130 1878 2184 omnesque
1909 2114 2036 2169 edo-

466 2205 539 2258 cti
568 2215 693 2259 sunt
739 2220 767 2257 a
797 2203 929 2269 Deo,
964 2220 1069 2259 non
1115 2205 1183 2259 ab
1222 2205 1448 2274 angelis,
1485 2208 1579 2261 sed
1613 2220 1641 2259 a
1671 2205 1780 2261 Deo
1816 2204 1903 2258 ¹⁸⁶.
1944 2208 2033 2261 Dei

464 2294 609 2349 enim
639 2294 801 2347 etiam
822 2294 904 2349 lex
918 2302 1019 2358 est.
1043 2296 1139 2351 sed
1167 2295 1497 2365 perangelos
1526 2296 1734 2366 prolata
1764 2298 1807 2330 ¹⁹
1830 2313 1845 2363 ;
1868 2295 2037 2353 Filius

467 2392 645 2438 autem
680 2384 852 2453 inquit
878 2400 891 2437 :
929 2403 948 2437 ι
994 2385 1103 2455 Ego
1124 2386 1239 2456 ipse
1270 2384 1494 2457 loquens
1519 2385 1706 2442 adsum
1734 2387 1818 2440 η’.
1851 2406 1870 2439 s
1893 2387 2038 2455 Quo-

463 2473 631 2535 circa,
660 2471 813 2540 juxta
838 2470 986 2527 Pauli
1015 2476 1364 2540 sententiam,
1392 2485 1593 2545 quanto
1617 2475 2035 2535 dill’erentiorem

465 2573 659 2618 nactus
684 2573 766 2619 est
788 2565 1334 2633 administrationem,
1366 2577 1422 2623 et
1455 2579 1659 2636 quanto
1688 2570 1929 2626 melioris
1956 2580 2038 2625 te-

466 2656 719 2711 stamenti
763 2672 991 2727 sponsor
1026 2657 1205 2714 factus
1234 2668 1317 2715 est
1342 2660 1411 2727 “,
1450 2669 1599 2717 tanto
1639 2661 1803 2717 etiam
1852 2664 2035 2719 excel-

466 2747 668 2803 lentior
689 2750 793 2804 erit
817 2751 1025 2821 angelis
1055 2769 1068 2805 :
1101 2766 1209 2807 non
1242 2753 1451 2807 ratione
1470 2763 1679 2809 natura:
1706 2755 1786 2810 eis
1815 2770 2036 2825 compa-

466 2850 640 2907 ratus,
669 2843 763 2896 sed
798 2850 951 2897 tanto
979 2845 1227 2913 superior
1256 2854 1459 2915 quanto
1484 2845 1626 2901 Deus
1653 2848 1904 2903 essentia:
1944 2863 2034 2904 ra-

470 2934 614 2989 tione
630 2944 810 2988 creata
839 2935 1133 2991 antecellit.
1161 2934 1336 2992 Dictio
1366 2932 1548 3007 ilaque
1570 2938 1705 3003 hac,
1728 2958 1745 2990 ι
1772 2939 1988 3005 melior,
2014 2959 2032 2992 s

470 3030 538 3083 ad
586 3029 1110 3084 administrationem
1162 3029 1351 3095 relata,
1408 3039 1609 3101 quanto
1656 3044 1776 3085 eam
1825 3030 2039 3087 illorum

469 3120 936 3176 administratione
985 3121 1416 3191 pmtantiorem
1468 3122 1874 3193 dignioremque
1919 3139 2041 3179 esse

465 3213 732 3276 ostendit,
772 3220 921 3267 tanto
953 3213 1121 3284 magis
1157 3212 1351 3268 Filium
1391 3228 1551 3284 supra
1594 3224 1833 3270 creatam
1881 3224 2041 3270 uatu-

465 3317 587 3361 ratn
619 3305 849 3359 extollit.
886 3304 953 3358 Et
996 3278 1201 3373 angelis
1229 3278 1641 3376 quidem-ﬂos
1666 3315 1724 3359 ut
1758 3307 1935 3363 servis
1964 3308 2045 3362 in-
2069 3278 2113 3337 θ

471 3394 727 3451 ieriorsm
796 3395 1321 3451 administrationem
1386 3396 1621 3462 tribuit,
1662 3395 1801 3453 Filio
1865 3407 2047 3454 autem

470 3503 590 3543 eam
626 3502 745 3559 qua
771 3487 910 3545 Filio
938 3496 994 3543 et
1023 3488 1250 3543 Domino
1283 3498 1567 3560 congruat.
1598 3488 1734 3545 Nam
1772 3491 1826 3545 in
1858 3490 2049 3548 melio-

469 3582 639 3645 ribus,
684 3589 741 3634 ut
775 3579 949 3651 inquit
974 3578 1277 3653 Scriptura,
1311 3581 1826 3652 repromissionibus
1869 3583 2048 3642 sanci-

473 3682 561 3728 tus
595 3684 679 3728 est
703 3672 767 3726 ".

473 3807 719 3872 ALIUD,
763 3809 902 3879 quod
951 3810 1139 3863 melior
1178 3812 1244 3864 sit
1304 3808 1397 3865 Dei
1445 3808 1601 3864 Verbi
1654 3812 2048 3867 administratio

542 3896 697 3949 quam
745 3880 1081 3947 angelorum,
1128 3882 1287 3932 etiam
1344 3881 1465 3933 aliis
1509 3882 1680 3934 modis
1710 3895 1728 3933 :
1756 3891 1803 3933 et
1851 3893 2049 3949 quanto

543 3949 827 4002 meliorest
859 3950 1272 4014 administratio,
1302 3958 1459 4003 tanta
1479 3960 1524 4003 et
1560 3952 2049 4005 administratorem

550 4020 818 4073 meliorem
848 4034 978 4075 esse.

548 4152 745 4209 Paulus
794 4154 870 4207 ait
917 4172 931 4209 :
984 4153 1296 4219 «Quoniam
1342 4153 1484 4223 quod
1540 4153 1874 4224 impossibile
1931 4165 2050 4211 erat

478 4245 604 4317 legi,
636 4246 687 4300 in
722 4259 829 4315 quo
864 4245 1241 4300 inilrmabatur
1284 4260 1379 4316 per
1400 4246 1653 4312 “carnem,
1690 4246 1830 4303 Deus
1854 4244 2050 4301 Filium

478 4353 635 4393 suum
666 4338 884 4393 mittens
914 4337 965 4391 in
991 4337 1400 4392 similitudinem
1424 4338 1607 4392 carnis
1637 4338 1866 4408 peccati,
1902 4347 1958 4392 et
1985 4339 2053 4394 de

481 4440 703 4500 peccato
731 4428 1001 4484 damnavit
1039 4437 1316 4500 peccatum
1354 4429 1408 4483 in
1448 4444 1636 4494 carne,
1670 4438 1730 4483 ut
1774 4428 2050 4499 significa-

484 4524 558 4577 tio
598 4523 732 4592 legis
784 4523 1099 4591 impleretur
1134 4523 1186 4578 in
1238 4522 1415 4587 nobis,
1466 4523 1556 4591 qui
1603 4536 1707 4576 non
1756 4523 2051 4576 secundum

2141 2022 2540 2093 προστάγματα
2568 2020 2933 2092 διηγγέλλετο,
2966 2022 3061 2074 καὶ
3101 2016 3171 2092 ἦν
3220 2022 3277 2073 έν
3326 2020 3463 2092 μόνῃ
3489 2021 3558 2090 τῇ
3598 2020 3725 2071 ἰου-

2140 2116 2266 2186 δαίᾳ
2294 2115 2532 2183 γνωστὸς
2553 2117 2583 2169 6
2615 2116 2748 2176 Θεός
2770 2130 2784 2143 ’
2818 2116 2934 2167 νυνὶ
2962 2114 3018 2167 δὲ
3049 2115 3128 2177 είς
3159 2115 3339 2166 πᾶσαν
3374 2112 3478 2183 τὴν
3512 2114 3618 2181 γῆν
3650 2110 3729 2176 ἐξ·

2140 2208 2305 2277 ἦλθεν
2328 2210 2356 2259 6
2385 2207 2622 2276 φθόγγος
2655 2206 2841 2271 αὑτοῦ,
2861 2208 2955 2260 καὶ
2985 2206 3243 2274 γεγόνασι
3270 2205 3472 2267 πάντες
3489 2204 3729 2257 διδακτοὶ

2141 2299 2297 2365 Θεοῦ,
2336 2300 2437 2353 οὐκ
2468 2299 2734 2368 ἀγγέλων,
2763 2299 2897 2354 ἀλλά
2928 2298 3083 2351 Θεοῦ.
3116 2296 3251 2350 Θεοῦ
3300 2296 3402 2367 μιν
3444 2296 3554 2366 γὰρ
3583 2298 3677 2349 καὶ
3704 2298 3735 2349 6

2142 2390 2325 2461 νόμος,
2363 2391 2499 2446 ἀλλά
2530 2392 2597 2445 δι’
2628 2393 2909 2461 ἀγγέλων⁸
2947 2394 2976 2447 6
3003 2394 3059 2449 δὲ
3094 2392 3219 2455 Υίός
3270 2408 3437 2461 φησιν
3458 2407 3473 2421 ⁸
3509 2410 3527 2441 t
3561 2389 3735 2453 Αὐτὸς

2140 2482 2170 2534 6
2198 2481 2374 2535 λαλῶν
2403 2482 2653 2553 πάρειμι.
2687 2502 2707 2534 ι
2766 2482 2975 2538 Οὐκοῦν
3028 2482 3170 2537 κατά
3215 2481 3314 2552 τὴν
3367 2483 3463 2535 τοῦ
3516 2482 3734 2535 Παύλου

2144 2573 2351 2642 φωνὴν,
2383 2572 2493 2643 ὅσῳ
2516 2572 2929 2643 διαφορωτέρας
2948 2570 3215 2642 τετύχηκε
3235 2570 3602 2641 λειτουργίας,
3639 2568 3736 2621 καὶ

2144 2661 2253 2731 ὅσῳ
2297 2662 2604 2733 κρείττονος
2646 2662 2913 2733 διαθήκης
2953 2660 3177 2729 γέγονεν
3224 2659 3443 2728 ἔγγυος,
3478 2657 3735 2711 τοσοῦτον

2146 2754 2399 2825 ὑπερέξει
2428 2766 2553 2817 τοὺς
2582 2754 2866 2823 ἀγγέλους,
2894 2754 2992 2824 οὐχ
3017 2752 3094 2816 ώς
3124 2753 3261 2824 πρὸς
3285 2754 3486 2816 αὐτοὺς
3511 2768 3737 2822 συγκρι-

2145 2846 2365 2915 νόμενος
2383 2846 2526 2899 κατά
2536 2844 2635 2916 τὴν
2656 2844 2836 2914 φύσιν,
2857 2845 2993 2899 ἀλλά
3006 2843 3260 2897 τοσοῦτον
3275 2843 3731 2915 ὑπεραιρόμενος,

2144 2938 2266 2991 ὅσον
2298 2937 2605 3007 ἀπῴκισται
2656 2936 2765 2990 τῶν
2811 2936 3055 3006 γενητῶν
3086 2937 3115 2989 6
3146 2935 3278 2999 Θεὸς
3307 2952 3450 2990 κατα
3498 2934 3593 2989 τσδν
3635 2935 3735 3005 τῆς

2145 3031 2335 3094 οὐσίας
2367 3029 2541 3099 λόγον.
2573 3031 2647 3084 Τδ
2674 3030 2783 3101 ἄρα
2822 3050 2841 3082 ι
2871 3030 3133 3102 κρείττων
3158 3048 3176 3081 ι
3203 3030 3296 3083 ἐπὶ
3325 3029 3425 3100 τῆς
3457 3027 3736 3090 διακονίας

2147 3122 2469 3194 φερόμενον,
2496 3124 2619 3176 ὅσον
2660 3121 2829 3193 αὐτὴν
2861 3122 2960 3192 τῆς
2988 3120 3212 3174 ἐκείνων
3241 3120 3477 3174 δεικνύει
3514 3118 3736 3190 μείζονα

2147 3215 2243 3269 καὶ
2289 3214 2647 3286 ὑψηλοτέραν,
2675 3214 2931 3268 τοσοῦτον
2974 3213 3183 3284 έξαίρει
3214 3213 3313 3283 τῆς
3349 3211 3461 3265 τῶν
3489 3209 3735 3282 γενητῶν

2148 3306 2365 3377 φύσεως
2408 3305 2502 3359 τὸν
2526 3305 2670 3358 Υίόν.
2700 3305 2812 3359 Καὶ
2855 3306 2969 3367 τοῖς
3006 3303 3104 3373 μιν
3144 3303 3398 3371 ἀγγέλοις
3424 3302 3502 3365 ώς
3531 3301 3737 3365 δούλοις

2147 3399 2411 3468 ἀπονέμει
2458 3398 2735 3451 διακονίαν
2784 3396 2885 3467 τὴν
2928 3394 3220 3449 δλάττονα·
3262 3393 3346 3465 τῷ
3386 3393 3445 3447 δὲ
3471 3391 3608 3463 Υίῷ,
3640 3394 3737 3460 τὴν

2147 3489 2263 3560 Υίῷ
2312 3488 2629 3559 πρέπουσαν
2677 3488 2773 3543 καὶ
2827 3485 3231 3558 inﬁrmi-Ini
3274 3485 3383 3557 γὰρ
3436 3486 3735 3557 κρείττοσι,

2149 3580 2335 3653 φησὶν,
2372 3579 2727 3649 ἀπαγγελίαις
2759 3578 3203 3650 νενομοθέτηται.

2148 3806 2351 3870 ΔΛΛΟ,
2382 3804 2469 3858 ὅτι
2510 3805 2791 3873 κρείττων
2817 3806 2855 3873 ἡ
2902 3805 3007 3860 τοῦ
3046 3802 3194 3857 Θεοῦ
3224 3804 3421 3871 Λόγου
3460 3800 3735 3855 διακονία

2223 3874 2331 3941 τῆς
2377 3874 2495 3928 τῶν
2542 3874 2835 3944 ἀγγέλων,
2868 3876 2966 3929 καὶ
2998 3875 3125 3927 καθ’
3154 3873 3392 3944 ἐτέρους
3436 3874 3700 3944 τρόπους
3720 3886 3734 3901 ο

2220 3944 2346 4011 ὅσῳ
2378 3944 2446 3997 δὲ
2476 3942 2759 4012 κρείττων
2786 3945 2960 4013 αὕτη,
3006 3943 3275 4009 τοσούτῳ
3312 3944 3411 3995 καὶ
3462 3946 3494 3996 ό
3541 3942 3739 3995 διακο-

2220 4014 2422 4080 νήσας
2448 4016 2655 4068 αὐτόν.

2232 4148 2294 4204 Ὀ
2324 4148 2540 4215 nam,
2568 4166 2732 4219 φησιν
2751 4165 2764 4179 ο
2808 4150 2964 4203 «Ὅτι
2989 4150 3049 4203 τὸ
3076 4149 3339 4203 ἀδύνατον
3367 4147 3463 4200 τοῦ
3495 4147 3662 4217 νόμου
3684 4147 3740 4199 ἐν

2148 4235 2193 4310 ᾧ
2222 4241 2440 4312 ἠσθένει
2485 4241 2574 4295 διὰ
2614 4242 2713 4312 τῆς
2750 4244 2974 4314 σαρκὸς,
3019 4246 3049 4297 6
3097 4242 3230 4305 Θεδς
3271 4242 3361 4295 τὸν
3395 4240 3589 4293 ἑαυτοῦ
3617 4240 3743 4297 Υἰὸν

2152 4334 2376 4403 πέμψας
2419 4336 2479 4388 έν
2521 4334 2827 4405 ὁμοιώματι
2878 4334 3081 4407 σαρκδς
3129 4334 3423 4406 ἁμαρτίας,
3465 4333 3561 4387 καὶ
3616 4334 3743 4404 περὶ

2154 4425 2429 4496 ἁμαρτίας
2460 4424 2753 4497 κατέκρινε
2788 4426 2891 4495 τὴν
2922 4426 3197 4498 ἁμαρτίαν
3228 4428 3284 4478 ὲν
3314 4428 3379 4495 τῇ
3408 4424 3593 4491 σαρκί.
3629 4443 3647 4475 ι
3682 4424 3743 4478 Ei

2152 4516 2208 4569 δὲ
2230 4514 2527 4587 ἠσθένησεν
2553 4519 2581 4571 6
2605 4518 2769 4588 νόμος
2800 4521 3130 4591 κατακρίναι
3158 4518 3256 4589 τὴν
3283 4518 3561 4588 ἁμαρτίαν
3588 4518 3646 4569 ὲν
3676 4520 3742 4587 τῇ

481 4631 699 4670 carnem
748 4614 1103 4679 ambulamus,
1163 4613 1259 4669 sed
1301 4615 1597 4669 secundum
1637 4612 1901 4683 Spiritum
1928 4614 1993 4665 ¹¹.
2026 4630 2043 4664 ι

2157 4607 2345 4678 σαρκὶ,
2381 4609 2672 4678 κατέκρινε
2701 4610 2757 4663 δὲ
2787 4621 2815 4663 6
2848 4610 3103 4681 Χριστὸς,
3125 4610 3385 4679 δεκτικὴν
3412 4609 3583 4679 αὐτὴν
3613 4607 3744 4662 ἀπο-

479 4710 631 4777 Quod
663 4711 705 4764 si
740 4709 826 4764 lex
865 4724 966 4764 non
998 4708 1172 4777 potuit
1197 4718 1476 4778 peccatmn
1507 4707 1559 4760 in
1592 4722 1756 4761 carne
1788 4706 2050 4761 condem-

482 4792 632 4866 nare,
683 4800 1065 4854 condemnavit
1133 4808 1314 4853 autem
1380 4796 1663 4861 Christus;
1718 4799 1916 4865 quippe
1960 4796 2051 4865 qui

482 4908 700 4948 carnem
741 4891 976 4962 Spiritus
1014 4892 1187 4945 sancti
1215 4904 1468 4959 capacem
1496 4886 1695 4953 effecit,
1738 4887 1811 4940 ita
1842 4897 1900 4939 ut
1930 4901 2052 4955 pos-

483 4988 651 5040 simus
692 4980 1063 5038 dicerezlam
1116 4996 1221 5036 non
1266 4994 1456 5035 sumus
1504 4981 1555 5032 in
1605 4994 1802 5041 carne,
1858 4978 1951 5031 sed
1998 4977 2050 5031 in

485 5076 687 5146 Spiritu
711 5076 755 5106 "
783 5094 797 5130 :
833 5074 1003 5129 lactus
1040 5074 1202 5143 igitur
1234 5080 1318 5127 est
1350 5072 1511 5125 etiam
1553 5072 1654 5125 hac
1693 5072 1905 5125 ratione
1938 5084 2051 5124 me-

484 5171 583 5223 lior
610 5166 814 5237 angelis
841 5181 936 5234 per
960 5180 1092 5235 quos
1122 5165 1206 5219 lex
1236 5164 1380 5219 edita
1414 5171 1497 5217 est
1526 5179 1537 5215 :
1566 5170 1621 5217 et
1648 5177 1861 5216 rursum
1891 5176 2050 5214 mun-

482 5264 584 5314 dus
626 5258 724 5314 sub
752 5258 866 5329 lege
914 5258 1308 5312 condemnatus
1356 5264 1439 5311 est
1485 5262 1706 5324 propter
1743 5262 2051 5323 peccatum.

486 5348 719 5402 Advenit
768 5352 948 5400 autem
987 5344 1156 5400 Filius
1193 5361 1301 5399 non
1348 5354 1405 5399 ut
1454 5337 1742 5399 damnaret
1774 5344 2052 5410 mundum,

2157 4700 2336 4767 δείξας
2388 4700 2483 4753 τοῦ
2533 4701 2689 4769 ἁγίου
2745 4704 3082 4774 Πνεύματος,
3131 4704 3206 4767 ὡς
3257 4703 3515 4758 δύνασθαι
3566 4703 3746 4772 λέγειν

2158 4794 2306 4863 ἡμᾶς
2326 4809 2339 4823 ⁸
2359 4794 2472 4847 Οὐκ
2496 4794 2662 4865 ἐσμὲν
2690 4796 2747 4847 ὲν
2776 4797 2961 4867 σαρκὶ,
2984 4796 3098 4849 ἀλλ’
3116 4798 3175 4849 ὲν
3203 4796 3505 4865 Πνεύματι·
3523 4797 3747 4865 γέγονεν

2158 4884 2267 4955 ἄρα
2293 4886 2385 4938 καὶ
2411 4886 2553 4938 κατά
2582 4884 2740 4939 τοῦτο
2772 4886 3035 4956 κρείττων
3058 4888 3327 4956 ἀγγέλων,
3353 4880 3511 4940 δι’ὧν
3538 4889 3566 4939 6
3587 4888 3749 4955 νόμος

2158 4974 2465 5047 λελάληται·
2500 4978 2593 5030 καὶ
2632 4977 2791 5032 πάλιν
2830 4980 2858 5031 6
2889 4978 3091 5048 κόσμος
3139 4978 3245 5030 ὑπὸ
3294 4978 3393 5048 μὲν
3440 4976 3533 5029 τοῦ
3582 4978 3746 5045 νόμου

2158 5084 2510 5141 κατεκρινετο
2541 5068 2627 5123 διὰ
2652 5071 2752 5141 τὴν
2772 5069 3068 5140 ἁμαρτίαν.
3089 5068 3282 5139 Ἐπεδή
3294 5085 3433 5139 μησε
3467 5068 3523 5120 δὲ
3545 5070 3574 5121 6
3598 5068 3745 5133 Υἱὸς,

2156 5160 2255 5230 οὐχ
2285 5160 2373 5213 ἵνα
2405 5162 2565 5233 κρίνῃ
2596 5163 2689 5215 τὸν
2720 5162 2945 5231 κόσμον,
2969 5161 3081 5215 ἀλλ’
3107 5161 3193 5214 ἴνα
3225 5160 3374 5231 σώσῃ
3402 5159 3491 5212 τὸν
3520 5160 3747 5229 κόσμον,

2154 5252 2277 5305 οὐδὲ
2324 5252 2643 5324 ἀπαιτήσων
2682 5254 2803 5307 τινὰ
2832 5254 3125 5325 τιμωρίαν,
3161 5252 3275 5305 ἀλλ’
3306 5252 3393 5305 ῑνα
3422 5253 3556 5305 πᾶσι
3588 5251 3717 5321 χαρί

2160 5361 2341 5415 σηται.
2378 5346 2657 5415 Κρείττων
2692 5342 2784 5398 οὖν
2834 5349 2862 5399 6
2903 5345 3129 5400 6tmtd'w
3172 5344 3267 5399 τοῦ
3300 5344 3744 5415 κατακρίναντος,

488 5440 584 5496 sed
611 5447 670 5493 ut
696 5438 930 5493 salvaret
957 5437 1213 5492 mundum
1236 5436 1307 5503 “,
1335 5450 1507 5504 neque
1530 5435 1849 5504 supplicium
1880 5445 2043 5489 sumal

2160 5438 2425 5509 κρείττων
2461 5440 2556 5492 τοῦ
2590 5439 2944 5503 ἀπαιτοῦντος
2990 5442 3018 5493 ὁ
3064 5438 3441 5510 χαριζόμενος,
3482 5440 3747 5509 κρείττων

374 5588 385 5593 ,
488 5535 553 5588 de
586 5541 830 5603 peccato,
877 5532 970 5585 sed
1004 5540 1063 5584 ut
1096 5537 1440 5600 peccatorum
1476 5528 1850 5583 remissionem
1879 5528 2057 5582 omni-

2158 5529 2252 5582 τοῦ
2292 5531 2366 5601 μὴ
2406 5530 2723 5600 ἰσχύσαντος
2752 5535 3077 5604 κατακρῖναι
3126 5531 3227 5602 τὴν
3274 5532 3548 5603 ἁμαρτίαν
3590 5532 3648 5584 ὲν
3680 5534 3746 5601 τῇ

492 5627 591 5682 bus
619 5625 901 5695 largiatur.
939 5622 1127 5677 Melior
1159 5623 1325 5692 igitur
1353 5629 1438 5675 est
1464 5620 1554 5689 qui
1581 5619 1862 5689 justilicat,
1897 5636 2043 5689 quau

2164 5622 2348 5691 σαρκὶ,
2394 5624 2422 5675 6
2468 5624 2561 5675 καὶ
2608 5622 2766 5676 τοῦτο
2812 5624 3104 5695 πληρώσας
3134 5622 3279 5685 Υἱός.
3310 5624 3590 5694 Κρείττων
3640 5622 3749 5692 ἄρα

566 5741 609 5773 ¹⁸
634 5739 797 5795 licbr.
830 5754 926 5799 vn,
964 5737 1049 5793 l9.
1120 5738 1163 5767 ¹⁶
1195 5737 1349 5790 Rom.
1389 5752 1440 5799 ν,
1472 5737 1557 5790 ιι.

502 5810 566 5844 ⁸⁸⁸
596 5810 728 5866 Joan
779 5826 830 5863 vt
857 5848 871 5871 ,
911 5808 997 5861 45.

502 5886 555 5949 5,
584 5882 636 5936 4.
710 5880 755 5912 ¹³
781 5881 906 5935 ibid.
936 5879 989 5933 9.
1066 5878 1109 5909 “
1143 5876 1295 5932 Joan.
1328 5892 1408 5946 ιιι,
1435 5877 1519 5933 17.

1630 5736 1673 5767 ⁸⁷
1704 5737 1724 5791 1
1765 5736 1889 5791 Cor.
1928 5734 2013 5797 15,
2048 5735 2135 5788 2‘2.

1082 5808 1123 5837 "
1164 5806 1401 5871 Gal.nt,
1450 5808 1535 5861 19.
1616 5807 1680 5839 ¹⁹⁹
1720 5808 1825 5863 lsa.
1872 5821 1963 5869 ιιι,
2006 5808 2055 5859 b'.

2217 5737 2282 5766 ηε
2320 5735 2463 5788 ρεηι,
2500 5752 2664 5796 ιχιν,
2694 5737 2749 5792 2,
2832 5739 2875 5769 ¹⁸
2912 5738 3053 5792 Psal.
3083 5753 3239 5797 xvttt,
3272 5736 3342 5797 5;
3374 5736 3530 5791 Rom.
3576 5738 3743 5802 x,18.

2135 5805 2178 5835 ’°
2214 5804 2372 5861 ιιι-υτ.
2418 5823 2528 5867 vn,
2572 5808 2660 5861 2‘2.
2740 5809 2781 5839 ¹¹
2820 5808 2981 5865 Hebr.
3034 5824 3163 5865 vm.
3205 5810 3256 5860 li.
3329 5809 3373 5839 ¹²
3417 5806 3576 5863 Rom.
3613 5825 3743 5876 vm,
