4024 6482
312 470 429 535 333

1765 470 2210 534 THESAURUS.

3486 478 3598 538 35$

299 586 463 643 -κατὰ
494 584 653 640 τοῦτο
682 584 791 639 τῶν
824 584 1071 653 ἀγγέλων
1102 584 1211 638 τῶν
1248 584 1342 638 τὸν
1379 582 1581 656 ἀσθενῆ
1613 583 1706 638 καὶ
1738 601 1897 639 κατα-

2008 588 2099 657 qui
2133 588 2482 654 condemnat,
2538 587 2732 645 melior
2764 588 2857 659 qui
2878 587 3109 645 veniam
3160 588 3392 658 largitur
3429 600 3595 659 quam

315 677 574 750 κρίνοντα
601 676 953 747 λαλησάντων
981 676 1168 747 νόμον.

2006 676 2099 746 qui
2134 690 2350 747 poenam
2391 677 2603 749 exigit;
2638 678 2832 732 melior
2859 687 2945 733 est
2990 691 3057 733 eo
3099 677 3192 748 qui
3219 674 3510 746 peccatum
3542 673 3595 729 in

312 786 482 828 carne
525 774 891 828 condemnare
920 786 1026 826 non
1059 769 1340 841 potuit,isv
1366 770 1461 841 qui
1511 770 1614 827 hoc
1673 769 1927 841 prestitlt
1964 768 2153 825 Filius.
2186 768 2377 825 Melior
2418 770 2599 842 itaque
2638 770 2740 827 bac
2811 771 3023 826 ratione
3066 778 3150 828 est
3185 784 3348 840 quam
3393 764 3598 848 angeli,

307 869 407 939 qui
445 868 774 924 imbecillam
803 877 860 925 et
888 867 1341 923 condemuantem
1377 866 1548 937 legem
1592 867 1901 924 ediderunt.

347 982 556 1047 ΔΔΛΟ,
581 980 670 1036 ὅτι
695 982 835 1050 τοῖς¹
855 980 1190 1054 ποιήμᾳσιν
1221 982 1261 1050 ἢ
1288 981 1416 1054 τοῖς
1441 981 1724 1054 ἀγγέλοις
1748 983 1865 1052 οὐχ

846 1051 1121 1122 ὀμοφλυὴς
1156 1054 1189 1107 d
1209 1053 1361 1121 Υἱός.

383 1166 448 1221 El
477 1166 690 1239 ποιημά
715 1169 922 1224 ἐστινοὸ
942 1142 1090 1237 Υιδέ,
1111 1168 1208 1223 καὶ
1227 1169 1475 1242 όμοιρυὴς
1490 1170 1604 1233 τοῖς
1622 1168 1899 1239 ἀγγέλοις,

303 1260 807 1317 καλείσθωσαν-καῖ
830 1261 985 1317 αὐτοὶ
1005 1261 1158 1334 παρὰ
1179 1261 1511 1334 τοῦπατρὸς
1537 1261 1729 1333 ὥσπερ
1751 1263 1898 1315 ἐκεῖ·

305 1369 401 1417 νος
428 1353 536 1406 υἱοὶ
554 1394 569 1419 ,
605 1352 825 1423 ἢαύτδς
854 1353 1044 1426 ὥσπερ
1068 1356 1268 1409 ἐκεῖνοι
1296 1353 1708 1424 maxum
1724 1352 1901 1408 οὐδενὶ

301 1441 419 1497 τῶν
462 1444 713 1513 ἀγγέλων
764 1440 887 1500 εἶπέ
932 1464 1063 1501 me
1089 1464 1104 1479 ο
1142 1464 1162 1499 ι
1191 1447 1320 1512 Υἱός
1354 1465 1455 1519 μου
1486 1442 1536 1501 εἴ
1567 1449 1654 1515 σὺ,
1682 1465 1702 1501 ι
1758 1446 1900 1502 κατὰ

301 1538 407 1610 τὴν
433 1537 531 1591 τοῦ
567 1538 783 1592 Παύλου
821 1540 1032 1610 φωνήν·
1067 1538 1194 1594 οὔτε
1220 1539 1528 1612 μὴν-αὐτὸς
1555 1539 1787 1609 ἄγγελος
1808 1555 1896 1593 κε-

302 1628 581 1698 κλημένος
608 1628 857 1699 φαίνεται
888 1630 1031 1684 κατὰ
1053 1629 1333 1700 ἀλήθειαν.
1379 1630 1810 1695 Καθεζέσθωσαν
1837 1631 1896 1684 ὲν

300 1720 460 1790 δεξιᾷ
488 1719 582 1773 τοῦ
607 1722 822 1792 Πατρὸς
852 1721 1043 1793 ὥσπερ
1066 1719 1200 1785 Υἱός
1217 1738 1231 1751 ·
1249 1721 1378 1777 am
1394 1721 1571 1787 οὐδεὶς
1595 1721 1706 1776 τῶν
1733 1722 1901 1792 ἀγγέ-

298 1807 417 1864 λωῢ
448 1811 790 1882 συγκάθηται
813 1812 892 1884 τῷ
905 1813 1258 1885 Πατρὶ,ἀλλὰ
1280 1813 1486 1885 μᾶλλον
1515 1813 1899 1885 παρεστήκασι

294 1903 752 1981 λειτουργοῦντες
783 1904 951 1976 αὐτῷ.
985 1905 1313 1973 Λεγέτωσαν
1342 1905 1566 1975 ἄγγελοι
1587 1905 1900 1961 διατάττον-

279 2010 400 2057 -τες
447 1994 638 2067 ὥσπερ
671 1996 699 2047 6
726 1995 881 2059 Υἱός·
937 2014 955 2047 ι
979 1996 1122 2065 Ἐγὼ
1165 1996 1223 2051 δὲ
1266 1997 1411 2066 λέγω
1438 1998 1566 2068 ὑμῖν
1591 2014 1604 2026 ·
1638 2016 1657 2048 ι
1693 1996 1809 2050 ἀλλ’
1838 1995 1899 2049 οὐ

296 2085 465 2140 τοῦτό
508 2104 696 2155 φασιν,
753 2088 889 2141 ἀλλὰ
942 2088 1174 2160 μᾶλλονο
1223 2109 1239 2141 ι
1284 2090 1623 2161 Ἀπεστάλην
1669 2089 1902 2159 λαλῆσαι

309 2177 445 2249 πρὸς
470 2178 549 2231 σέ.
586 2197 603 2227 ι
644 2178 753 2230 Καὶ
780 2180 828 2232 οἱ
865 2180 965 2249 μὲν
992 2180 1353 2243 διακονοῦσιν,
1386 2183 1414 2234 6
1447 2181 1503 2234 δὲ
1535 2181 1897 2235 διακονεῖται·

307 2290 327 2318 ι
351 2270 487 2325 Ἰδοὺ
534 2271 663 2343 γὰρ,
696 2274 881 2342 φησιν,
915 2274 1139 2343 ἄγγελοι
1182 2274 1574 2347 προσελθόντες
1619 2275 1901 2347 διηκόνουν

299 2361 476 2429 αὐτῷ.
514 2381 531 2412 ι
587 2363 698 2415 Καὶ
730 2363 760 2414 6
797 2363 895 2433 μὲν
926 2364 1041 2416 ἔστι
1068 2364 1422 2435 δημιουργὸς,
1447 2366 1497 2418 οἱ
1545 2365 1602 2418 δὲ
1643 2365 1899 2434 γεγόνασι

295 2453 369 2507 δι’
404 2452 593 2526 αὐτοῦ’
629 2455 721 2507 καὶ
751 2456 801 2507 οἱ
838 2455 936 2523 μὲν
979 2455 1398 2525 προσκυνοῦσιν,
1433 2458 1460 2507 6
1491 2440 1547 2508 δὲ
1575 2458 1900 2526 προσκυνεῖ-

296 2559 393 2595 ται
415 2558 446 2577 ἰ
472 2524 573 2596 καί
596 2544 648 2595 οἱ
684 2544 787 2613 μὲν
815 2524 1040 2612 ἄγγελοι
1064 2544 1169 2608 τὰς
1201 2545 1309 2598 τῶν
1338 2546 1586 2616 οὐρανῶν
1612 2524 1789 2610 πύλας
1818 2545 1902 2601 ατ-

302 2650 426 2705 ρειν
473 2634 901 2706 προστὰττονται
922 2636 1085 2689 «sse
1119 2636 1426 2707 εἰσέρχεται
1452 2637 1528 2701 ὡς
1554 2636 1759 2710 Κύριος
1788 2638 1900 2691 τῶν

294 2726 608 2797 δυνάμεων,
632 2726 709 2790 ὡς
740 2726 992 2796 βασιλεὺς
1021 2728 1124 2797 τῆς
1150 2728 1341 2798 δόξης·
1376 2728 1472 2782 καὶ
1523 2731 1570 2782 οἱ
1619 2730 1716 2799 μὲν
1752 2729 1902 2801 ζωῆς

302 2818 602 2889 μετέχουσι
647 2819 749 2889 τῆς
782 2819 934 2889 παρὰ
963 2818 1120 2872 Θεοῦο
1153 2822 1181 2874 6
1210 2820 1269 2874 δὲ
1311 2824 1412 2892 τῆς
1443 2820 1586 2890 ζωῆς
1622 2823 1750 2876 ἐστι·
1773 2840 1901 2893 χορ-

303 2907 461 2979 ηγὸς,
495 2908 659 2971 αὑτὸς
684 2906 798 2978 ζωὴ
822 2912 938 2971 τοῖς
965 2910 1130 2965 πᾶσιν
1157 2911 1436 2979 ὑπάρχων.
1471 2911 1583 2964 Καὶ
1607 2914 1635 2965 6
1664 2911 1765 2983 μέν
1791 2930 1899 2984 φη-

300 3012 391 3051 σιν
410 3013 425 3028 ’
464 3016 483 3049 ι
507 2996 649 3065 Ἐγὼ
696 2999 789 3050 καὶ
816 2999 844 3050 6
874 2996 1065 3069 Πατὴρ
1096 2997 1155 3050 ἓν
1183 3000 1372 3069 ἐσμεν,
1409 3018 1426 3049 ι
1461 3000 1555 3052 καὶ
1594 3019 1612 3051 ι
1635 3001 1694 3053 '0
1720 3001 1895 3073 ἑωρακ-

298 3087 418 3151 κὼς
466 3089 589 3157 ἐμὲ,
626 3086 837 3159 ἑώρακε
885 3086 978 3140 τὸν
1028 3088 1268 3159 Πατέρα,
1300 3107 1318 3139 ι
1371 3089 1485 3153 καὶ,
1525 3108 1542 3139 ι
1572 3089 1758 3143 Πάντα
1796 3091 1898 3145 ὅσα
1924 3112 1967 3170 C

300 3176 421 3247 ἔχει
472 3179 501 3230 6
539 3177 750 3248 Πατὴρ,
788 3176 899 3247 ἐμά
945 3178 1081 3242 ἐστι,
1112 3195 1135 3228 ν
1177 3178 1273 3231 καὶ
1312 3196 1329 3227 r
1363 3175 1504 3246 Ἐγὼ
1533 3179 1647 3248 εἰμι
1696 3180 1755 3231 τὸ
1781 3179 1898 3248 ιρῶς

297 3266 409 3320 τοῦ
432 3265 661 3334 κόσμου,
695 3285 713 3317 ι
756 3267 858 3319 καὶ
899 3266 1082 3335 «Ἐγώ
1134 3268 1250 3337 ειμι
1304 3268 1337 3338 ἠ
1378 3266 1675 3333 ἀνάστασις
1728 3268 1821 3322 καὶ
1864 3271 1898 3340 ἡ

297 3359 443 3430 ζωῄο
477 3378 496 3411 ι
523 3358 752 3426 ,ἄγγελοι
791 3358 847 3411 δὲ
873 3359 971 3422 τὰς
994 3358 1252 3423 τοιαύτας
1296 3360 1357 3412 οὐ
1392 3358 1632 3431 τολμῶσι
1665 3361 1899 3430 φθέγγε-

298 3450 431 3503 σθαι
462 3449 667 3519 φωνάς.
702 3449 820 3502 Κᾶν
850 3451 909 3503 ὲν
934 3449 1013 3521 τῷ
1038 3450 1264 3519 ὀνόματι
1296 3449 1388 3503 τοῦ
1420 3450 1552 3505 Υἱοῦ
1584 3452 1899 3523 προσευξὼ-

286 3536 468 3611 ’μεθα,
496 3540 704 3610 ὅσαπερ
744 3539 812 3592 ἂν
851 3540 1186 3610 αἰτήσωμεν,
1217 3538 1505 3610 ληψόμεθα
1528 3558 1539 3570 ·
1574 3542 1635 3592 ὲν
1673 3541 1899 3613 ὀνόματι

294 3632 359 3685 δὲ
387 3632 497 3685 τῶν
527 3631 776 3700 ἀγγέλων
804 3632 903 3685 οὐκ
928 3632 993 3685 ἄν
1027 3648 1111 3695 τις
1138 3630 1520 3701 προσεύξαιτο.
1555 3632 1662 3685 Καὶ
1689 3632 1767 3703 τῷ
1797 3633 1897 3704 μὲν

298 3725 423 3796 Υἱῷ
456 3726 552 3779 σὺν
578 3724 655 3794 τῷ
684 3726 861 3796 Πατρὶ
892 3724 987 3778 καὶ
1020 3724 1155 3795 μετὰ
1182 3725 1397 3795 Πατρὸς
1425 3728 1456 3795 ή
1482 3724 1639 3790 δόξα·
1660 3726 1895 3794 ’ἄγγελοι

295 3817 362 3872 δὲ
390 3820 451 3872 οὐ
484 3817 819 3882 δοξάζον-ται,
853 3817 989 3873 ἀλλὰ
1042 3815 1241 3889 μᾶλλον
1288 3817 1571 3886 δοξάζουσι
1617 3820 1757 3889 μετὰ
1800 3818 1894 3872 τοῦ

301 3911 520 3983 Πατρδς
548 3912 639 3964 τὸν
666 3911 815 3964 Υἱόν.
844 3911 969 3975 Πῶς
995 3907 1087 3965 οὖν
1118 3911 1392 3982 τοσαύτης
1425 3912 1687 3982 κειμένης
1712 3914 1898 3983 διαιρο⁸

299 4005 405 4075 ρᾶς
445 4002 647 4072 μεταξὺ
690 4003 799 4055 τῶν
844 4002 1092 4071 ἀγγέλων
1130 4004 1224 4057 καὶ
1269 4002 1363 4056 τοῦ
1396 3996 1549 4066 Υἱοῦ,
1581 4004 1680 4075 τῆς
1725 4006 1896 4076 αὐτῆς

293 4092 488 4156 οὐσίας
539 4088 678 4146 εἶναι
730 4093 1171 4165 νομισθήσονται,
1222 4095 1436 4159 οὐδενὸς
1485 4097 1897 4169 συγχωροῦντος

294 4186 498 4255 λόγου;
541 4186 846 4255 ’Δναλόγως
895 4187 1003 4258 γὰρ
1053 4190 1118 4258 τῇ
1176 4189 1285 4243 τῶν
1339 4188 1647 4261 προσώπων
1681 4190 1808 4262 ἀξίᾳ
1833 4191 1895 4245 τὸ

294 4277 402 4348 τῆς
437 4276 650 4345 φύσεως
683 4279 940 4350 διάφορον
965 4280 1338 4351 ὁρισθήσεται.

337 4390 540 4457 ΔΛΛΟ,
569 4391 659 4444 ὅτι
690 4393 788 4446 καὶ
819 4391 917 4445 ἐπὶ
949 4392 1062 4463 τοῦί
1104 4394 1332 4462 Πατρός
1377 4397 1719 4463 εὑρίσκεται
1754 4398 1819 4452 τὸ
1838 4439 1852 4463 ,

914 4480 933 4513 ι
967 4462 1224 4532 ἐγένετο.
1261 4484 1279 4517 ι

373 4571 444 4627 "0
473 4571 779 4643 Ψαλμῳδὺς
832 4573 983 4642 λέγει
1009 4590 1023 4605 ·
1068 4594 1086 4626 ι
1128 4576 1293 4631 Γενοῦ
1336 4582 1529 4649 μοιεὶς
1550 4581 1692 4635 Θεὸν
1717 4583 1887 4655 ὑπερ-

295 4665 593 4734 ασπιστήν·
635 4682 653 4717 ι
701 4665 795 4718 καὶ
844 4665 1044 4730 πάλιν,
1086 4684 1104 4717 ι
1150 4668 1398 4737 Ἐγένετό
1446 4689 1537 4742 μοι
1584 4676 1666 4738 εις
1712 4691 1889 4748 σωτη-

299 4754 447 4825 ρίαν.
492 4773 510 4807 ι
543 4756 606 4808 Εἰ
636 4756 691 4808 δὲ
722 4757 814 4809 ἐπὶ
837 4757 932 4811 τοῦ
967 4758 1099 4811 Υἱοῦ
1125 4760 1216 4812 καῒ
1249 4760 1423 4815 ταῦτα
1448 4765 1713 4835 φήσουσιν
1742 4768 1890 4839 εἶνρῆ-

297 4844 450 4908 σὸαι,
504 4848 600 4900 καὶ
650 4847 878 4913 ἄκοντες
936 4849 1085 4920 αὐτῷ
1142 4854 1583 4923 μαρτυρήσουσιν
1635 4857 1722 4910 δτι
1775 4860 1888 4923 τοῖς

295 4936 599 5006 κτίσμασιν
640 4940 741 4993 οὑκ
765 4940 911 4994 ἐστιν
943 4943 1210 5015 ὀμοφυὴς,
1256 4947 1284 4999 6
1317 4947 1444 5009 τοὺς
1478 4948 1666 5016 ἁγίους
1693 4949 1891 5003 διασώο

296 5030 429 5094 ζων,
460 5034 752 5103 καταφυγή
778 5050 836 5085 τε
860 5036 1046 5099 αὐτοῖς
1075 5039 1169 5091 καὶ
1200 5038 1376 5110 σκέπη
1410 5041 1754 5111 φαινόμενος.
1782 5044 1890 5099 Καὶ

294 5118 457 5175 τοῦτο
477 5121 588 5191 γὰρ
620 5120 773 5177 ἔσται
809 5125 956 5196 μόνῳ
989 5124 1199 5196 πρέπον
1226 5129 1365 5200 Θεῷ.

294 5318 509 5403 ΑΛᾼΟ,
531 5322 618 5403 sic
650 5310 738 5385 re;
758 5341 787 5403 _r
824 5324 1097 5403 Τοσςούτῳ
1118 5328 1400 5403 κρείττων
1425 5333 1743 5403 γενόμενος
1765 5336 1885 5388 τῶν

692 5411 711 5441 ο
747 5390 836 5476 ὅςι
879 5394 945 5448 τὸ
978 5412 996 5443 ‹
1040 5387 1381 5468 γλενὸμενος,
1422 5387 1442 5453 ί
1470 5387 1740 5459 οὺᾜιαέἆ

368 5459 586 5522 οὐσίας
621 5462 895 5529 νοητέον.

369 5572 432 5625 El
476 5571 537 5624 τὸ
570 5591 605 5649 «κ
625 5575 917 5647 γενόμενος
962 5597 989 5631 »ν
1020 5581 1237 5647 πάντως
1295 5587 1551 5655 σημαίνει
1587 5590 1733 5655 τινὸς
1782 5591 1882 5663 τὴν

2005 970 2252 1041 ALIUD,
2300 976 2441 1045 quod
2484 973 2663 1029 Filius
2712 974 2919 1045 transit
2960 972 3196 1045 ejusdem
3225 983 3439 1028 natura:
3476 990 3597 1029 cum

2478 1046 2746 1100 creaturis
2764 1043 2849 1098 vel
2878 1043 3106 1113 angelis.

2079 1158 2136 1213 Si
2170 1156 2346 1224 Filius
2378 1167 2471 1213 est
2518 1168 2794 1223 creatura,
2848 1166 2902 1213 et
2936 1157 3179 1227 ejusdem
3218 1166 3428 1213 natura;
3473 1172 3596 1213 cum

2002 1249 2229 1319 angelis,
2258 1259 2524 1304 vocentur
2547 1249 2711 1304 etiam
2753 1248 2852 1318 ipsi
2888 1247 3098 1303 aPatre
3129 1248 3245 1315 lilii,
3282 1250 3425 1305 sicut
3468 1248 3595 1317 ille;

2005 1349 2100 1394 aut
2130 1346 2354 1400 vocetur
2381 1338 2519 1409 ipse,
2555 1338 3018 1409 quemadmodum
3048 1337 3160 1405 illi,
3200 1338 3445 1410 angelus.
3479 1340 3599 1396 Ca:-

2007 1438 2182 1484 terum
2238 1428 2439 1483 nemini
2494 1429 2810 1500 angelorum
2866 1444 3109 1499 unquam
3157 1430 3343 1486 dixit:
3379 1449 3398 1483 ι
3426 1430 3600 1488 Filius

2004 1535 2157 1577 meus
2182 1535 2241 1576 es
2282 1532 2357 1589 tu,
2392 1540 2412 1574 δ
2450 1531 2509 1576 ut
2530 1523 2846 1578 ait‘Paulus
2868 1524 2951 1588 ης
2990 1538 3167 1594 neque
3202 1525 3320 1595 ipse
3356 1539 3597 1602 unquam

2005 1611 2229 1683 angelus
2280 1625 2468 1668 revera
2519 1614 2697 1670 dictus
2742 1624 2849 1671 est.
2902 1615 3143 1671 Sedeant
3186 1617 3350 1672 etiam
3402 1616 3478 1671 illi
3528 1618 3597 1673 ad

2003 1702 2278 1757 dexteram
2318 1701 2519 1770 Patris,
2562 1705 2705 1760 sicut
2728 1703 2924 1760 Filius.
2956 1706 3122 1775 Atqui
3161 1721 3321 1762 nemo
3344 1722 3597 1777 unquam

2000 1794 2314 1865 angelorum
2356 1796 2564 1851 assedit
2596 1795 2780 1864 Patri;
2815 1798 2909 1853 sed
2936 1797 3133 1868 potius
3172 1802 3466 1854 astiterunt
3496 1801 3600 1855 mi-

2004 1886 2303 1942 nistrantes
2330 1885 2403 1941 ei.
2440 1886 2704 1943 Dicantur
2730 1901 2862 1943 vero
2894 1888 3058 1944 etiam
3096 1888 3273 1959 angeli
3318 1890 3599 1960 imperan-

2000 1986 2107 2045 tes,
2148 1988 2210 2033 ut
2255 1978 2428 2036 Filius
2456 1996 2473 2034 :
2507 1998 2526 2033 ι
2556 1980 2670 2051 Ego
2718 1991 2903 2036 autem
2958 1981 3111 2038 vobis
3139 1982 3264 2038 dico
3297 2001 3311 2037 :
3344 2002 3363 2036 ι
3392 1984 3487 2040 sed
3531 1996 3601 2039 ne

2003 2070 2107 2124 hoc
2157 2068 2380 2140 quidem
2437 2072 2623 2127 dicere
2670 2087 2771 2128 eos
2834 2073 3142 2143 comperias
3179 2090 3194 2127 :
3234 2073 3330 2128 sed
3378 2074 3597 2143 potius;

2006 2176 2026 2211 ι
2058 2157 2253 2215 Missus
2293 2176 2414 2216 sum
2445 2161 2593 2233 loqui
2624 2164 2695 2227 ad
2737 2172 2809 2217 te.
2851 2181 2871 2214 ι
2915 2162 3093 2232 Atque
3140 2163 3194 2219 bi
3224 2164 3445 2234 quidem
3494 2165 3599 2219 mi-

2000 2251 2261 2319 nistrant,
2304 2254 2591 2309 huic'vero
2646 2254 2992 2308 ministratur
3019 2272 3032 2308 :
3059 2272 3084 2305 ι
3123 2253 3262 2309 Ecce
3312 2256 3481 2322 enim,
3515 2256 3600 2311 in-

2000 2344 2139 2414 quit,
2187 2346 2363 2416 angeli
2411 2346 2684 2417 progressi
2743 2346 3130 2402 ministrabant
3175 2348 3224 2401 ei
3249 2348 3320 2405 ⁸⁸.
3351 2366 3370 2400 ι
3417 2349 3598 2420 Atque

2001 2437 2092 2492 hic
2124 2430 2341 2507 quidem
2375 2448 2459 2494 est
2503 2438 2752 2500 Creator,
2794 2439 2846 2493 hi
2885 2454 3023 2495 vero
3072 2454 3167 2508 per
3200 2439 3378 2508 ipsum
3422 2441 3596 2495 creati

2000 2527 2254 2592 sunt;'lti
2287 2530 2538 2597 adorant,
2569 2529 2658 2583 ille
2680 2531 2982 2597 aduratur;
3015 2530 3189 2600 angeli
3221 2539 3409 2601 portas
3437 2531 3600 2587 caelo-

2000 2635 2120 2675 rum
2148 2621 2338 2676 tollere
2356 2621 2635 2690 iubentur,
2664 2623 2780 2692 ipse
2808 2638 2937 2678 vero
2968 2624 3273 2693 ingreditur
3313 2626 3383 2678 ut’
3410 2626 3596 2680 Domi-

2000 2729 2105 2770 nus
2132 2722 2485 2783 pmestatum,
2520 2726 2579 2770 ut
2605 2732 2697 2770 rex
2722 2715 2996 2787 gloria?"
3020 2734 3034 2783 ;
3060 2718 3233 2788 angeli
3276 2718 3443 2789 209
3473 2720 3597 2775 vitae

2000 2808 2291 2877 participes
2328 2806 2463 2861 liunt
2507 2823 2535 2860 a
2586 2807 2735 2863 Deo:
2766 2809 2853 2863 hic
2892 2824 3023 2864 vero
3048 2810 3175 2864 vita:
3219 2810 3449 2881 largitor
3487 2822 3595 2881 est,

1999 2900 2229 2965 ipsemet
2261 2899 2367 2952 vita
2396 2898 2655 2954 omnibus
2680 2899 3103 2955 exsistensuilic
3131 2901 3265 2957 dicit
3296 2918 3311 2955 :
3347 2921 3372 2954 ‹
3403 2903 3514 2975 Ego
3541 2914 3599 2960 et

1998 2989 2160 3046 Pater
2183 3007 2350 3046 unum
2372 3008 2560 3048 sumus
2583 2993 2660 3060 “;
2692 3012 2710 3045 ι
2748 3002 2845 3049 ονε
2881 3012 2897 3045 ι
2927 2993 3028 3060 Qui
3065 2996 3197 3050 vidit
3229 3011 3336 3062 me,
3374 2999 3507 3053 vidit
3540 3007 3598 3053 et

2000 3084 2220 3141 Patrem
2249 3088 2330 3153 ¹⁸;
2364 3105 2382 3139 ι
2437 3098 2492 3142 et
2530 3106 2542 3141 :
2594 3086 2834 3142 r‘Omnia
2878 3102 3000 3158 quae
3048 3088 3215 3145 habet
3262 3088 3426 3145 Pater
3475 3108 3598 3150 mea

2000 3188 2130 3232 sunt
2153 3179 2221 3232 ι’.
2256 3199 2275 3231 ι
2313 3187 2388 3247 et,
2423 3197 2441 3230 ι
2472 3179 2587 3250 Ego
2614 3196 2734 3235 sum
2766 3182 2861 3234 lux
2907 3182 3092 3236 mundi
3117 3182 3197 3248 ³⁰;
3233 3201 3252 3235 ι
3288 3193 3343 3239 et
3379 3198 3393 3237 :
3430 3203 3449 3236 ι
3484 3184 3597 3257 Ego

1999 3284 2129 3325 sum.
2144 3271 2475 3327 resurrectio
2504 3282 2559 3326 et
2610 3273 2720 3326 vita
2748 3272 2826 3341 ³¹;
2860 3292 2879 3325 ι
2929 3274 3109 3343 angeli
3133 3284 3338 3341 autem,
3374 3276 3597 3347 ejusce-

2000 3362 2142 3417 modi
2194 3364 2375 3419 dicere
2422 3380 2530 3419 non
2578 3366 2799 3420 audent.
2842 3364 3115 3422 Prmterea
3171 3368 3215 3423 si
3264 3370 3317 3423 in
3376 3372 3597 3427 nomine

1998 3454 2123 3511 Filii
2169 3457 2534 3525 oraverimus,
2568 3472 2912 3529 quaecunque
2964 3461 3307 3530 petierimus,
3356 3467 3597 3534 accipie-

1999 3549 2220 3617 mus”;
2259 3551 2310 3604 in
2345 3551 2566 3605 nomine
2597 3560 2780 3606 autem
2816 3552 3157 3626 angelorum,
3201 3570 3361 3612 nemo
3394 3572 3597 3613 orave-

1999 3642 2090 3696 rit.
2126 3642 2190 3697 Et
2218 3640 2357 3698 Filio
2380 3644 2602 3713 quidem
2632 3660 2740 3698 una
2778 3660 2897 3699 cum
2924 3644 3099 3702 Patre
3126 3648 3297 3718 gloria
3331 3650 3593 3718 debetur;

2002 3735 2209 3805 angelis
2239 3752 2371 3793 vero
2404 3736 2572 3807 gloria
2627 3753 2736 3793 non
2770 3739 3040 3806 defertur,
3080 3743 3173 3796 sed
3214 3742 3395 3811 potius
3434 3744 3594 3813 glori-

2004 3828 2168 3883 iicant
2195 3828 2392 3882 Filium
2429 3844 2550 3884 cum
2593 3829 2775 3888 Patre.
2803 3830 3088 3897 Quomodo
3126 3834 3293 3904 igitur
3320 3822 3443 3891 cum
3476 3847 3596 3891 tan-

2003 3933 2115 3981 tum
2146 3922 2219 3977 sit
2256 3921 2548 3978 discrimen
2583 3923 2723 3978 inter
2751 3924 2973 3993 angelos
3005 3934 3061 3981 et
3090 3924 3320 3995 Filium,
3350 3928 3593 4000 ejusdem

1997 4013 2250 4069 essentia:
2297 4029 2419 4070 esse
2462 4017 2856 4081 censebantur,
2909 4032 3032 4073 cum
3066 4018 3118 4073 id
3147 4018 3293 4073 nulla
3340 4021 3478 4074 ratio
3508 4020 3593 4075 fe-

1996 4105 2118 4159 rat?
2147 4105 2369 4161 Naturae
2403 4108 2548 4162 enim
2595 4106 2905 4163 dill‘erentia
2948 4125 3305 4180 personarum
3344 4113 3592 4186 dignitati

1997 4198 2349 4267 proportione
2379 4199 2612 4270 quadam
2647 4201 2961 4271 respondet.

2210 4396 2442 4464 ALIUD,
2480 4403 2622 4469 quod
2655 4401 2815 4454 etiam
2842 4401 2905 4454 de
2946 4399 3109 4455 Patre
3139 4403 3368 4466 dicatur,

2595 4489 2612 4521 ι
2656 4470 2830 4539 factus
2860 4482 2955 4525 est.
2992 4490 3010 4522 ›

2070 4579 2355 4634 Psalmista
2379 4580 2555 4651 inquit
2588 4598 2601 4635 :
2637 4598 2656 4633 ι
2690 4580 2818 4638 Fias
2848 4584 2976 4636 mihi
3010 4584 3061 4637 in
3113 4582 3281 4639 Deum
3311 4595 3592 4655 protecto-

1998 4687 2110 4727 rem
2148 4672 2224 4741 ”;
2258 4693 2276 4725 ι
2308 4683 2361 4728 et
2385 4689 2606 4729 rursum
2646 4689 2656 4721 :
2699 4692 2717 4726 ι
2773 4674 2971 4730 Factus
3006 4686 3090 4731 est
3154 4678 3282 4733 nu‘lii
3345 4680 3397 4733 in
3438 4682 3599 4735 salu-a

1997 4771 2103 4817 tem
2131 4762 2196 4817 “.
2234 4783 2254 4817 ι
2291 4762 2445 4831 Quod
2474 4764 2520 4819 si
2562 4766 2627 4820 de
2651 4763 2795 4821 Filio
2843 4767 2956 4820 [nec
3006 4767 3149 4821 dicta
3184 4784 3304 4824 esse
3362 4779 3592 4827 comen-

1996 4854 2149 4919 dant,
2198 4855 2365 4910 etiam
2452 4856 2701 4912 nolentes
2777 4858 3124 4913 tcstabuntur
3171 4862 3315 4929 quod
3400 4862 3447 4918 is
3494 4865 3587 4935 qui

1991 4956 2211 5003 sanctos
2264 4949 2503 5018 protegit
2555 4959 2626 5005 et
2653 4961 2964 5016 conservat,
2989 4968 3094 5007 non
3118 4954 3189 5009 sit
3211 4954 3454 5023 ejusdem
3489 4973 3587 5013 na-

1994 5049 2127 5095 tura;
2162 5055 2283 5095 cum
2343 5043 2664 5110 creaturis;
2712 5059 2834 5099 cum
2884 5046 3017 5116 ipsis
3074 5046 3341 5118 refugium
3417 5059 3587 5120 atque

1992 5130 2235 5187 defensio
2269 5148 2389 5189 esse
2420 5145 2697 5191 cernatur.
2728 5134 2844 5193 Hoc
2868 5140 3020 5193 enim
3073 5140 3172 5195 soli
3243 5139 3357 5198 Deo
3384 5159 3586 5202 convec

1991 5224 2093 5279 nit.

1989 5336 2221 5403 ALIUD,
2255 5341 2394 5419 quod
2425 5343 2478 5395 in
2504 5342 2598 5419 illo
2629 5344 2811 5419 dicto,-
2875 5362 2896 5395 ι
2942 5344 3110 5400 Tanto
3173 5350 3364 5403 melior
3404 5350 3581 5419 facta:

2057 5421 2135 5483 est
2161 5412 2385 5483 angelis,
2427 5430 2444 5463 ι
2480 5415 2691 5467 uerbum
2718 5430 2737 5465 ι
2779 5414 2953 5483 factus
2987 5430 3064 5471 est
3107 5436 3125 5469 ι
3169 5436 3273 5474 non
3312 5423 3376 5476 de
3404 5412 3581 5479 sueu-

2053 5482 2127 5533 tt'a
2168 5482 2565 5552 intelligendum
2586 5493 2684 5538 est.

2055 5593 2112 5648 Si
2153 5613 2169 5646 ι
2222 5594 2406 5664 factusj
2434 5604 2517 5651 est
2548 5615 2565 5648 ι
2613 5612 2829 5667 semper
2864 5601 3091 5658 omnino
3148 5604 3420 5675 significat
3474 5609 3579 5665 ali-

293 5666 403 5719 ἀπδ
432 5664 525 5717 τοῦ
558 5665 632 5736 μὴ
663 5666 814 5733 ὖντος
838 5671 917 5734 εἰς
947 5673 1007 5724 τὸ
1041 5668 1177 5727 εἶναι
1212 5676 1468 5747 πάροδον,
1511 5681 1602 5733 καὶ
1631 5684 1718 5736 ἀεὶ
1740 5685 1879 5739 κατὰ

2005 5687 2115 5756 [uid
2143 5702 2171 5740 a
2205 5688 2374 5744 nibilo
2408 5690 2475 5743 ad
2511 5704 2632 5745 esse
2666 5692 3015 5758 translatum,
3048 5704 3102 5750 et
3132 5711 3350 5769 semper
3382 5716 3443 5757 ea
3472 5718 3579 5762 vox

366 5821 410 5851 ⁸⁵
439 5820 600 5907 ιξςψ.
633 5837 669 5885 ι,
712 5822 764 5879 5.
844 5826 1224 5907 "_3[:lll_l_l._lv,
1268 5832 1354 5888 ll.
1433 5835 1501 5907 ξ⁶⁹
1531 5834 1673 5892 Psal.
1710 5856 1866 5907 xxttt,
1904 5843 1962 5896 7-

1972 5844 2079 5929 lti;
2136 5826 2449 5929 "_:|o-an._x,
2485 5845 2573 5901 50.
2602 5918 2631 5929 _
2653 5848 2695 5880 ³⁸
2722 5847 2877 5929 {nan
2911 5866 3023 5929 διν,
3051 5852 3103 5906 9.
3182 5854 3421 5929 '_’_Joan.
3456 5873 3571 5929 xu,

296 5892 385 5946 15.
460 5892 503 5923 ⁸⁸
534 5890 690 5947 Joan.
732 5909 845 5961 i'lll,
880 5896 965 5952 12.
1040 5898 1079 5929 ³¹
1120 5890 1276 5957 Joan.
1324 5920 1400 5966 Si.
1432 5906 1520 5961 25.
1578 5890 1888 5968 ἠυιὸέίιῖξὲ

2008 5890 2103 5970 ἱὲ».
2182 5890 2654 5982 εἶ’ῥέεὶιῖίἱὶξδ.
2722 5890 3158 5985 ἶῖῖίὲειῖξέκῖιὶι,
3200 5890 3295 5980 ιιῖ
