4024 6510
288 507 396 565 357

1695 498 1970 557 THESAU
1979 495 2072 555 Μ]
2082 494 2143 553 S.

3460 480 3569 534 358

294 623 476 692 λέγει·
518 639 537 675 t
582 623 644 676 ’0
675 622 935 694 ἑωρακὼς
966 622 1089 693 ἐμὲ,
1119 620 1332 692 ἑώρακε
1356 620 1448 674 τὸν
1485 618 1727 690 Πατέρα,
1766 636 1787 670 ι
1822 616 1876 669 τί

2006 627 2041 668 α
2081 625 2205 667 cum
2235 610 2326 675 sit,
2376 610 2506 666 dicit
2540 627 2554 664 :
2583 626 2601 661 ι
2636 606 2738 677 Qui
2776 606 2907 662 vidit
2941 618 3047 670 me,
3091 603 3226 660 vidit
3266 600 3508 663 Patrem,
3544 618 3565 650 ι

293 713 523 769 κωλύσει
555 714 650 767 atat
673 714 821 785 ἡμᾶς
850 717 917 785 τῇ
954 712 1093 784 αὐτῇ
1134 711 1439 784 κεχρῆσθαι
1479 714 1654 782 φωνῇ,
1692 711 1739 763 εί
1776 726 1879 780 μη-

290 804 376 858 δὲν
405 805 590 875 ἓτερον
618 804 749 875 παρ’
776 806 923 875 ἡμᾶς
950 806 979 857 6
1006 804 1155 867 Υἱὸς,
1194 803 1330 857 καθὸ
1363 802 1577 873 ποίημα
1597 800 1692 855 καὶ
1718 799 1880 862 αὐτὸς

293 893 481 965 ὥσπερ
511 894 706 964 ὴμεϊς;
742 892 905 947 Ἀλλὰ
932 882 1093 947 τοῦτο
1129 892 1329 946 ἄτοπον
1349 908 1361 921 ·
1400 890 1461 945 οὐ
1500 890 1610 961 γὰρ
1642 890 1700 943 ὲν
1724 888 1882 959 ποιή-

294 988 427 1052 ματι
451 979 546 1035 τοῦ
572 982 648 1055 μὴ
681 982 1000 1052 ποιηθέντος
1022 983 1055 1052 ἡ
1086 982 1365 1054 ὁμοιότης.
1390 983 1505 1036 Οὐκ
1537 980 1647 1053 ἄρα
1669 979 1880 1050 ποίημα

289 1074 318 1125 6
346 1073 475 1138 Υἱὸς
512 1076 545 1145 ἡ
581 1073 678 1128 τοῦ
709 1075 921 1145 [Ιατρὸς
952 1074 1372 1145 ἀπαράλλακτος
1408 1072 1595 1127 είκών.

975 1357 1184 1413 ΑΛΛΟ.

359 1468 428 1523 El
462 1468 677 1541 ποίημά
724 1471 873 1524 ἐστιν
906 1471 935 1525 6
963 1468 1115 1540 Υἱὸς,
1160 1471 1311 1542 λέγει
1351 1472 1409 1529 δὲ
1455 1474 1761 1547 ἀληθεύων,
1799 1478 1882 1532 ὅτι

292 1579 314 1612 ς
354 1561 543 1616 Πάντα
576 1562 677 1616 ὅσα
704 1562 817 1633 ἔχει
847 1565 876 1618 6
903 1564 1118 1639 Πατὴρ,
1161 1566 1273 1637 ἐμά
1313 1566 1485 1622 ἔστιν·
1523 1587 1543 1622 ι
1591 1569 1743 1624 οὐδὲν
1772 1571 1884 1641 ἄρα

290 1652 552 1723 περιττὸν
581 1655 639 1707 ἐν
663 1651 784 1725 Θεῷ
812 1654 908 1708 καὶ
936 1655 1255 1727 κτίσμασιν,
1288 1659 1338 1711 εί
1367 1658 1548 1713 πάντα
1590 1660 1882 1731 πρόσεστιν

282 1743 477 1808 αὐτοῖς
496 1745 599 1798 ὅσα
639 1745 732 1798 καὶ
760 1744 839 1815 τῷ
877 1748 1073 1819 Πατρί.
1119 1748 1183 1801 Εἰ
1220 1748 1278 1801 δὲ
1312 1750 1471 1805 τοῦτο
1494 1753 1695 1807 ἄτοπον
1726 1752 1882 1821 (πολὺ

289 1837 403 1907 γὰρ
431 1837 493 1891 τὸ
526 1837 681 1891 Θεῖον
722 1838 832 1892 τῶν
857 1840 1181 1911 ποιημάτων
1228 1842 1585 1916 ἀπῴκισται),
1627 1845 1728 1900 οὐκ
1774 1845 1885 1917 ἄρα

1982 704 2112 775 quid
2132 702 2313 759 obstat
2344 703 2636 773 quominus
2667 701 2831 756 etiam
2884 712 2983 753 nos
3032 694 3225 752 eadem
3266 702 3409 749 ‘voce
3446 701 3571 746 uta.

1983 810 2127 860 mur,
2150 794 2197 850 si
2234 794 2454 864 quidem
2495 794 2631 849 nihil
2656 791 2933 848 diversum
2960 797 3046 845 est
3090 803 3121 843 a
3174 786 3331 843 nobis
3376 791 3572 856 quate-

1982 903 2085 943 nus
2106 897 2160 944 et
2189 887 2306 958 ipse
2327 896 2577 943 creatura
2608 895 2691 941 est
2719 892 2778 938 ut
2808 880 2950 939 nos?
2986 877 3093 936 Sed
3133 880 3237 936 hoc
3272 875 3570 933 absurdum

1982 988 2107 1035 est:
2145 993 2321 1049 neque
2352 978 2499 1034 enim
2524 977 2580 1031 in
2614 991 2681 1033 eo
2725 974 2869 1045 quod
2900 980 3147 1030 creatum
3204 980 3309 1035 est,
3328 969 3448 1039 ejus
3481 966 3574 1035 qui

1983 1079 2204 1124 creatus
2258 1084 2363 1124 nou
2426 1076 2509 1123 est
2565 1064 2859 1121 similitudo
2915 1061 3186 1121 consistit.
3218 1058 3336 1117 Non
3366 1068 3451 1114 est
3474 1056 3577 1128 igi-

1986 1171 2073 1215 tur
2137 1169 2387 1215 creatura
2454 1158 2646 1225 Filius,
2717 1138 2810 1227 qui
2871 1166 2955 1212 est
3010 1154 3325 1212 omnimoda
3393 1149 3576 1206 Patris

1983 1248 2186 1321 imago.

2655 1355 2890 1413 ALIUD.

2058 1470 2114 1525 Si
2142 1470 2317 1528 Filius
2343 1480 2427 1527 est
2453 1481 2723 1535 creatura,
2741 1480 2793 1525 et
2823 1483 2951 1524 vere
2973 1467 3105 1524 dicit
3129 1483 3144 1521 :
3173 1485 3193 1519 ι
3238 1464 3431 1523 Omnia
3457 1479 3579 1536 quae

1987 1563 2154 1618 habet
2184 1562 2346 1618 Pater
2389 1578 2507 1619 mea
2544 1573 2673 1618 sunt
2707 1562 2798 1615 ἠε
2848 1580 2868 1613 ι
2910 1558 3046 1615 nihil
3103 1559 3267 1629 igitur
3288 1570 3383 1614 .est
3438 1573 3579 1629 prae

1985 1654 2219 1710 stantius
2250 1653 2303 1718 in
2324 1655 2434 1709 Deo
2457 1668 2620 1725 quam
2651 1655 2702 1708 in
2725 1651 3014 1718 creaturis,
3064 1650 3112 1704 si
3142 1650 3324 1704 omnia
3357 1648 3465 1704 illis
3497 1648 3582 1703 in-

1985 1755 2113 1802 sunt
2150 1761 2273 1817 quae
2305 1746 2476 1802 Patri.
2496 1746 2567 1801 At
2591 1746 2637 1802 si
2656 1746 2759 1801 hoc
2793 1744 3092 1800 absurdum
3116 1750 3204 1797 est
3231 1739 3399 1812 (Deus
3429 1745 3577 1796 enim

1989 1836 2254 1892 immensa
2285 1835 2592 1892 differentia
2626 1851 2656 1890 a
2685 1834 2952 1891 creaturis
2981 1832 3191 1904 distat),
3225 1846 3333 1886 non
3363 1840 3449 1887 est
3478 1831 3582 1900 ἰεῦ-

290 1926 511 1997 ποίημά
537 1928 689 2019 ἑστιν
708 1929 737 1982 6
764 1928 910 1993 Υἱὸς,
933 1923 978 1998 ᾧ
1020 1934 1198 1987 πάντα
1230 1933 1489 2001 πρόσεστι
1528 1934 1778 2005 φυσικῶς
1804 1937 1884 1992 σὰ

2006 1944 2077 1983 ,nr
2098 1939 2349 1985 creatura
2373 1928 2547 1984 Filius
2572 1928 2659 1984 cui
2697 1928 2879 1983 omnia
2910 1927 3098 1983 insunt
3116 1923 3439 1980 naturaliter
3461 1937 3584 1996 qua

278 2016 390 2072 τοῦ
423 2019 637 2091 Πατρὸς
669 2018 777 2074 ίδια
809 2021 907 2076 καὶ
934 2023 1204 2095 ἐξαίρετα.

983 2138 1191 2192 ΔΛΔΟ.

362 2247 431 2301 Ei
456 2246 672 2319 ποίημά
694 2249 843 2304 ἐστιν
866 2251 896 2304 6
922 2249 1073 2317 Υίὸς,
1103 2251 1180 2325 μὴ
1209 2252 1480 2309 καλείσθω
1506 2254 1696 2329 Πατὴρ
1714 2255 1883 2312 αὐτοῦ

278 2340 323 2394 ‘6
350 2339 506 2404 Θεὸς,
555 2339 694 2395 ἀλλὰ
740 2340 941 2413 μᾶλλον
987 2343 1223 2422 ποιητὴς
1271 2344 1305 2415 ἢ
1355 2346 1711 2419 δημιουργός.
1755 2348 1884 2414 Υἱὸς

296 2427 412 2498 γὰρ
440 2427 678 2483 δεικνύει
711 2431 943 2503 πατέρα,
967 2434 1064 2487 καὶ
1094 2434 1307 2507 ποίημα
1324 2434 1416 2490 τὸν
1441 2435 1795 2509 δημιουργόν.
1821 2437 1885 2491 El

291 2521 352 2575 δὲ
387 2520 580 2593 Πατὴρ
608 2521 853 2578 καλεῖται
877 2524 973 2579 καὶ
993 2523 1112 2579 ἐστι
1144 2526 1300 2592 Θεὸς,
1341 2527 1443 2581 οὐκ
1467 2528 1576 2600 ἄρα
1607 2529 1822 2601 ποίημα
1856 2530 1887 2583 6

294 2610 449 2677 Υἱὸς,
479 2612 618 2668 ἀλλὰ
658 2614 930 2687 γέννημα,
955 2614 1055 2689 οὐχ
1098 2616 1176 2683 ὡς
1204 2617 1434 2692 ποιητὴν
1464 2620 1557 2674 τὸν
1584 2619 1738 2687 Θεὸν,
1769 2621 1887 2677 ἀλλ’

276 2703 375 2765 πῶς
404 2704 628 2776 Πατέρα
650 2703 869 2778 δηλοῦν.

985 2822 1199 2878 ΔΛΛΟ.

370 2934 441 2989 ει
478 2934 689 3006 ποίημά
721 2936 871 2990 εστιν
902 2938 932 2991 δ
962 2936 1112 3004 mg,
1156 2938 1234 3011 μὴ
1271 2924 1545 2995 καλείσθω
1586 2942 1783 3014 Λόγος,
1814 2944 1890 3017 μὴ

1985 2020 2132 2078 Patri
2156 2021 2377 2093 propria
2404 2021 2717 2093 eximieque
2745 2020 2957 2076 insunt.

2648 2134 2889 2193 ALIUD.

2060 2243 2119 2301 Si
2142 2244 2313 2302 Filius
2333 2253 2417 2301 est
2446 2253 2721 2312 creatura,
2738 2259 2808 2301 ne
2824 2253 3049 2302 vocetur
3074 2244 3238 2302 Pater
3257 2244 3376 2315 ejus
3402 2243 3573 2311 Deus,

1987 2338 2081 2395 sed
2121 2338 2305 2409 potius
2328 2345 2549 2395 creator
2577 2346 2670 2393 aut
2691 2336 2896 2409 opifex.
2929 2335 3101 2394 Filius
3155 2336 3300 2393 enim
3350 2336 3589 2393 ostendit

1990 2438 2225 2501 patrem,
2256 2438 2310 2485 et
2336 2439 2591 2484 creatura
2630 2436 2958 2485 creatorem.
2999 2426 3096 2483 Sin
3146 2436 3327 2483 autem
3361 2434 3590 2483 vocatur

1988 2529 2046 2577 et
2072 2530 2158 2577 est
2187 2519 2352 2587 Dens,
2382 2535 2490 2576 non
2518 2520 2708 2591 utique
2735 2530 2990 2576 creatura
3023 2528 3108 2577 est
3137 2519 3335 2586 Filius,
3366 2519 3461 2575 sed
3486 2533 3588 2593 ge-

1991 2611 2193 2679 nimen,
2221 2611 2392 2668 Deum
2428 2625 2538 2668 non
2560 2622 2622 2669 ut
2646 2612 2936 2679 factorem,
2966 2612 3064 2669 sed
3117 2622 3177 2668 ut
3227 2611 3445 2668 Patrem
3494 2609 3591 2669 de-

1990 2714 2323 2762 monstrans.

2683 2816 2919 2877 ALIUD.

2066 2935 2129 2993 Si
2159 2934 2332 2992 Filius
2351 2941 2439 2991 est
2463 2943 2741 3002 creatura,
2775 2950 2843 2992 ne
2871 2943 3097 2993 vocetur
3117 2933 3383 3000 Verbum,
3416 2948 3483 2990 ne
3502 2948 3593 2991 sa-

287 3025 492 3097 ρσοφία,
527 3025 603 3097 μὴ
634 3026 889 3099 δύναμις,
941 3030 1018 3100 μὴ
1049 3030 1416 3104 ἀπαύγασμα,
1447 3035 1482 3105 ἢ
1511 3033 1689 3090 ταῦτα
1735 3037 1890 3093 κοινὰ

2006 3029 2229 3101 pientis,
2260 3045 2329 3085 ne
2360 3030 2603 3101 potentia
2641 3030 2710 3097 “,
2736 3045 2807 3087 ne
2869 3031 3127 3102 splendor
3158 3030 3242 3087 διε
3296 3038 3393 3087 aut
3442 3041 3596 3088 certe

284 3116 398 3170 καὶ
422 3117 535 3181 τοῖς
562 3114 744 3181 ἄλλοις
770 3117 925 3172 ἔσται
950 3121 1272 3191 ποιήμασιν,
1298 3122 1456 3196 ετπερ
1486 3123 1624 3187 ὅλως
1643 3126 1895 3199 κεχώρη-

1996 3122 2305 3177 communia
2334 3122 2450 3177 hanc
2471 3130 2637 3177 erunt
2665 3123 2831 3177 etiam
2896 3138 3018 3178 cum
3052 3123 3175 3179 aliis
3221 3124 3523 3187 creaturis;
3550 3125 3596 3179 si

284 3226 398 3263 serv
426 3208 569 3263 αὐτὰ
605 3212 794 3282 φορεῖν
835 3210 1049 3282 ποίημα
1079 3209 1158 3265 ὢν
1195 3211 1318 3267 καθ’
1358 3213 1504 3284 ὑμᾶς
1535 3217 1564 3269 6
1593 3214 1739 3281 Υίός.
1772 3217 1890 3271 Κᾶν

2006 3211 2218 3282 quidem
2250 3212 2444 3269 horum
2477 3212 2721 3269 omnium
2748 3227 3006 3285 capacem
3038 3228 3163 3270 esse
3180 3214 3362 3270 dicitis
3390 3214 3593 3271 Filium

295 3299 415 3373 γάρ
436 3316 491 3353 τι
515 3298 682 3353 πλέον
708 3298 821 3353 τῶν
847 3300 1026 3355 ἄλλων
1065 3301 1229 3356 αὑτὸν
1254 3302 1398 3375 ἔχειν
1432 3305 1631 3377 λέγητε
1658 3308 1890 3379 ποιημά-

2006 3304 2092 3373 qui
2128 3312 2335 3369 tamen,
2363 3317 2433 3358 ex
2456 3313 2638 3360 vestra
2667 3305 2959 3372 sententia,
2996 3313 3082 3361 est
3140 3316 3413 3361 creatura.
3458 3305 3594 3362 Nam

280 3407 435 3456 πων,
464 3388 581 3443 ἀλλ’
610 3388 764 3444 ἔσται
791 3390 957 3444 πάλιν
988 3390 1144 3445 οὐδὸν
1165 3387 1329 3464 ἦττον
1352 3394 1586 3468 ποίημα.
1625 3396 1690 3452 Ei
1719 3397 1777 3453 δὲ
1802 3399 1890 3452 ἐπὶ

2006 3396 2217 3452 tametsi
2243 3411 2368 3451 eum
2390 3395 2597 3467 aliquid
2626 3396 2862 3468 amplius
2889 3413 3053 3468 quam
3110 3398 3351 3468 reliquas
3381 3408 3601 3454 creatu-

300 3481 408 3552 μὲν
441 3480 553 3534 τῶν
580 3480 759 3535 ἄλλων
787 3481 1001 3547 οὐδενὸς
1030 3482 1102 3536 τὰ
1127 3483 1359 3539 τοιαῦτα
1385 3486 1623 3557 λέγεται,
1656 3489 1805 3563 μόνῳ
1839 3489 1890 3545 δὲ

2006 3502 2091 3543 ras
2121 3488 2326 3543 habere
2390 3489 2684 3556 censeatis,
2732 3488 3088 3545 nihilominus
3160 3499 3344 3546 tamen
3431 3492 3596 3547 etiam

299 3573 542 3646 πρέπειν
583 3573 662 3645 τῷ
715 3573 831 3644 Υίῷ
884 3574 1307 3647 ἐπαληθεύεται,
1365 3580 1467 3635 οὐκ
1523 3581 1635 3653 ἄρα
1684 3581 1890 3639 ιντῶν

2006 3587 2251 3634 creatura
2278 3587 2382 3637 est.
2410 3578 2478 3633 At
2512 3580 2557 3634 si
2592 3581 2659 3636 de
2689 3580 2841 3636 nulla
2883 3582 2988 3636 alia
3029 3591 3285 3638 creatura
3320 3581 3597 3651 ejusmodi

302 3667 631 3738 ποιημάτων
668 3666 844 3733 ἐστὶν,
875 3667 1015 3730 ἀλλὰ
1053 3670 1268 3742 καρπὸς
1295 3671 1396 3744 τῆς
1442 3673 1635 3740 οὐσίας
1656 3676 1753 3731 τοῦ
1780 3678 1897 3734 Πα-

294 3756 457 3829 πρός.

1000 3969 1209 4023 MAG.

379 4074 444 4131 Ei
468 4075 646 4131 πάντα
671 4076 739 4131 δι’
768 4077 899 4132 Υἱοῦ
930 4080 1259 4152 γεγενῆσθαί
1294 4100 1458 4155 φησιν
1481 4088 1515 4158 ἡ
1542 4086 1664 4144 θεία
1685 4091 1899 4166 Γραφὴ,

2000 3668 2279 3739 dicuntur,
2310 3670 2406 3727 sed
2438 3671 2540 3727 soli
2578 3670 2716 3728 Filio
2758 3687 2887 3729 vere
2922 3673 3292 3730 conveniunt:
3349 3688 3457 3731 non
3514 3684 3601 3732 est

2000 3759 2167 3830 igitur
2199 3761 2368 3821 Filius
2392 3778 2535 3820 unus
2562 3778 2629 3819 ex
2656 3765 2948 3831 creaturis,
2979 3766 3075 3821 sed
3112 3765 3319 3822 fructus
3347 3768 3600 3824 essentia:

2000 3851 2202 3910 Patris.
2352 3854 2363 3866 '

2680 3968 2915 4027 ALIUD.

2076 4079 2134 4136 Si
2164 4080 2445 4153 Scriptura
2469 4098 2624 4141 sacra
2660 4086 2845 4141 omnia
2899 4102 2997 4157 per
3038 4087 3235 4143 Filium
3285 4087 3430 4145 facta
3473 4101 3601 4146 esse

300 4168 523 4239 ποίημα
544 4168 605 4223 δέ
632 4186 717 4233 τις
738 4170 833 4224 καὶ
860 4171 960 4243 οὐχ
984 4172 1113 4226 Υίὸν
1142 4174 1399 4246 ὁμολογεῖ
1430 4176 1520 4232 τὸν
1548 4180 1743 4251 Λόγον,
1776 4184 1890 4240 Tibi

2007 4171 2263 4239 allirmal,
2306 4183 2364 4228 at
2390 4188 2486 4230 vos
2508 4166 2754 4231 Verbum
2790 4185 3096 4232 creaturam
3148 4191 3271 4234 esse
3310 4179 3595 4235 contendi-

298 4260 412 4313 οὐκ
438 4258 551 4331 εχει
580 4258 734 4325 Θεός.
768 4260 833 4316 Ei
870 4260 927 4317 δὲ
954 4262 1118 4350 τοῦτο
1142 4266 1363 4345 ἀληθὲς,
1402 4269 1521 4335 πῶς
1567 4272 1721 4329 ἔσται
1743 4293 1904 4350 ποιηο

303 4351 434 4420 τὴς,
483 4350 585 4404 οὐκ
634 4351 774 4422 ἔχων
812 4352 882 4406 δι’
931 4347 993 4408 οὗ
1038 4354 1110 4409 τὰ
1153 4358 1333 4412 πάντα
1376 4360 1709 4433 ὲργάζεται;
1765 4347 1903 4424 Ἀλλ’

2008 4267 2095 4329 tis,
2118 4278 2224 4320 non
2262 4263 2462 4321 Filium
2488 4284 2503 4321 :
2532 4267 2674 4323 Deus
2703 4280 2834 4338 ergo
2855 4268 3052 4325 Filium
3086 4283 3192 4324 non
3228 4270 3413 4326 habet.
3442 4270 3598 4339 Quod

2005 4354 2052 4409 si
2071 4368 2257 4409 verum
2302 4366 2409 4424 est,
2453 4357 2728 4428 quomodo
2754 4359 2860 4413 erit
2885 4369 3129 4418 creator.
3174 4373 3300 4414 cum
3358 4375 3467 4414 non
3504 4360 3603 4415 ha-

304 4438 609 4511 ιργὰζεται
637 4442 733 4497 καὶ
760 4442 1087 4531 δημιουργεῖ
1118 4448 1186 4503 τὰ
1213 4450 1393 4506 πάντα
1417 4451 1552 4517 Θεός
1577 4472 1589 4485 ·
1623 4454 1771 4511 ἐστιν
1794 4459 1890 4531 ἄρα

2007 4446 2133 4500 beat
2186 4461 2284 4516 per
2309 4463 2470 4517 quem
2540 4451 2724 4504 omnia
2783 4449 2976 4506 creat?
3029 4450 3195 4519 Atqui
3250 4460 3512 4520 operatur
3546 4462 3603 4509 et

304 4532 409 4586 καὶ
444 4534 474 4587 6
506 4532 637 4598 Υίὸς
666 4536 735 4589 δι’
764 4529 825 4589 οὗ
850 4536 921 4593 τὰ
945 4539 1143 4608 πάντα,
1178 4540 1237 4595 τὸ
1272 4538 1413 4597 εἶναι
1446 4545 1660 4618 ποίημα
1683 4529 1906 4623 διαφεύ-

307 4640 430 4693 γιων
450 4625 527 4689 ὡς
551 4624 705 4691 Θεός.

1001 4827 1206 4883 ΔΛΛΟ.

504 4934 605 5004 Ὦς
635 4936 706 5000 ἐξ
743 4938 1103 5008 ἀντιθέσεως
1156 4944 1276 5001 τῶν
1306 4946 1383 5002 δι’
1419 4949 1719 5021 ἐναντίας.

385 5071 669 5139 Βουλήσιι,
717 5077 906 5144 φασὶν,
952 5078 982 5130 6
1020 5077 1211 5153 Πατὴρ
1250 5080 1342 5138 τὸν
1390 5084 1518 5140 Υίὸν
1566 5087 1901 5162 ὑποστήσας,

2006 4546 2159 4593 creat
2200 4540 2384 4593 omnia
2411 4540 2597 4596 Deus:
2659 4551 2907 4611 estergo
2957 4549 3010 4595 et
3052 4539 3240 4606 Filius,
3288 4555 3385 4612 per
3436 4557 3599 4612 quem

1932 4665 1982 4724 υ
2007 4626 2215 4694 omnia,
2243 4627 2456 4685 alienus
2479 4630 2549 4687 ab
2570 4644 2636 4687 eo
2665 4639 2724 4686 ut
2744 4631 2816 4685 sit
2838 4639 3115 4696 creatura,
3138 4631 3599 4702 quemadmodum

2009 4718 2170 4774 Deus.

2682 4838 2842 4895 ALIU
2855 4836 2916 4892 D.

2380 4948 2470 5003 Ex
2499 4949 2792 5019 oojectione
2818 4950 3210 5005 haereticorum.

2080 5082 2263 5151 Pater,
2302 5084 2582 5157 inquiunt,
2612 5086 2890 5142 voluntate
2919 5084 3119 5141 Filium
3154 5084 3602 5152 shbstituens,ita

304 5162 491 5228 οὕτως
539 5164 701 5220 αὐτὸν
744 5166 967 5238 ἐποίησε
998 5171 1095 5223 καὶ
1139 5171 1493 5255 δημιουργόν.
1543 5177 1679 5233 Ἀπὸ
1706 5180 1763 5234 δὲ
1795 5186 1890 5255 τῆς

2007 5191 2224 5246 quoque
2247 5186 2302 5232 et
2330 5178 2508 5247 ipsum
2537 5188 2840 5235 creatorem
2870 5176 3073 5235 effecit.
3103 5177 3181 5233 Ex
3204 5180 3441 5234 essentia
3468 5192 3602 5234 vero

305 5255 505 5319 οὐσίας
524 5255 618 5313 τοῦ
647 5257 858 5328 Πατρὸς
885 5259 947 5313 οὕ
974 5278 1155 5333 φαμεν
1194 5254 1461 5338 ὑπάρχειν
1492 5270 1676 5335 αὐτὸν,
1710 5272 1797 5327 ἴνα
1819 5254 1890 5347 μὴ

2006 5266 2186 5325 Patris
2234 5285 2360 5325 eum
2415 5272 2682 5329 exsistere
2736 5286 3018 5342 negamus,
3094 5286 3166 5326 ne
3224 5270 3395 5327 sectio
3448 5285 3599 5342 quae-

304 5350 455 5421 τομή
497 5366 582 5415 τις
610 5352 706 5406 καὶ
736 5354 1015 5425 ἀπόρροια
1068 5356 1252 5429 νοῆται
1296 5362 1426 5433 περὶ
1467 5362 1567 5434 τὴν
1618 5363 1890 5437 ἄφραστον

2008 5360 2132 5413 dam
2167 5371 2263 5417 aut
2311 5362 2509 5419 divisio
2567 5365 2619 5418 in
2671 5363 2761 5420 illa
2813 5362 3074 5420 ineffabili
3108 5365 3347 5419 essentia
3384 5371 3600 5419 statua-

311 5438 536 5511 ικείνην
565 5440 773 5499 οὐσίαν.

802 5557 958 5626 Πρὸς
996 5559 1172 5615 τοῦτο
1209 5563 1412 5631 λύσις.

401 5667 542 5721 Ἀλλ’
565 5666 682 5722 ἐστι
706 5670 879 5725 ταῦτα
900 5672 1065 5745 λῆρος
1093 5675 1188 5729 καὶ
1214 5675 1449 5748 φλυαρία
1479 5680 1668 5754 πολλή.
1707 5683 1905 5758 ’λπόρ-

2008 5460 2112 5509 ιυι.

2407 5569 2574 5641 212
2620 5568 2830 5626 Salutio
2860 5572 3193 5642 objectiom's.

2080 5680 2239 5738 Mem
2262 5698 2436 5755 nugae,
2470 5701 2730 5758 meraque
2756 5687 3111 5745 deliramenta
3146 5689 3261 5744 hazc
3288 5696 3435 5743 sunt.
3494 5686 3600 5743 Se-

317 5760 445 5830 ροια
460 5758 560 5830 μὲν
580 5758 690 5829 γὰρ
704 5759 798 5813 καὶ
818 5760 979 5833 τομὴ,
1011 5762 1104 5816 καὶ
1116 5763 1215 5817 ὅσα
1234 5764 1460 5819 τοιαῦτα
1484 5767 1653 5839 πάθη,
1676 5771 1890 5827 νοείσθιι

2007 5774 2116 5833 ctio
2144 5777 2289 5834 enim
2312 5787 2367 5836 et
2400 5779 2616 5849 divisio,
2669 5781 2896 5853 aliaque
2950 5781 3003 5839 id
3044 5780 3215 5854 genus
3281 5778 3601 5837 affectiones

388 5935 435 5967 δ’
466 5934 623 6006 Joan,
652 5951 758 6009 m,
787 5939 875 5995 15.
953 5941 998 5973 ⁸⁸
1030 5940 1196 5999 lCor.
1229 5960 1269 6012 ι,
1304 5944 1394 6001 94.
1474 5945 1519 5979 ⁸⁸
1544 5946 1707 6003 Hebr.
1744 5963 1785 6011 ι.
1810 5950 1864 6007 5.
