4024 6454
1494 404 1553 462 S.
1593 344 1871 461 ειιιιιὶι
1912 396 2383 457 Αιειλιιυιιιιιι
2422 394 2739 452 ARCHIEP.

3625 384 3731 439 560

486 528 805 601 corporibus
839 528 1164 588 tribuantur,
1194 520 1390 593 quibus
1415 530 1469 577 et
1495 521 1707 579 aleutio
1737 523 1849 576 sive
1872 519 2053 591 passio

2169 517 2287 587 περὶ
2318 516 2387 569 τά
2414 515 2661 593 σώματα,
2695 507 2775 573 οἷς
2800 511 2892 563 καὶ
2921 508 2982 561 τὸ
3007 508 3239 577 πάσχειν
3268 504 3496 557 οίκεῐονσ
3528 500 3557 551 ὁ
3586 498 3644 601 ξι
3668 496 3732 550 τὸ

487 621 698 690 propria
733 627 854 683 est;
906 618 998 687 qui
1044 631 1171 673 vero
1229 629 1527 686 corporeus
1577 628 1682 667 non
1744 620 1845 677 est,
1879 609 1947 664 ab
1988 622 2053 664 eo

486 711 649 764 etiam
682 723 955 778 corporea
1005 707 1322 764 aﬂectiones
1352 706 1539 760 aliene
1580 716 1723 759 sunt.
1742 702 1925 773 Glgnit
1952 701 2053 755 ita-

488 816 591 870 quo
621 800 754 854 citra
782 799 940 854 ullam
964 799 1255 854 sectionem
1282 806 1374 850 aut
1410 794 1716 866 passionem
1743 792 1788 847 is
1836 793 1929 861 qui
1982 792 2056 847 in-

488 906 778 962 corporeus
805 882 905 945 est.
942 889 1197 957 Quanam
1230 888 1375 942 enim
1416 886 1600 955 passio
1651 884 1753 940 soli
1807 884 2056 939 accidere

489 982 755 1044 cernitur,
784 996 906 1033 cum
938 993 1003 1032 es
1031 992 1089 1033 se
1117 978 1290 1047 gignit
1312 976 1494 1029 lumen
1517 975 1541 1028 τ
1578 975 1835 1042 Quanam
1862 973 2055 1031 divisio

491 1076 687 1131 accidit
713 1070 1081 1141 igu’i,quando
1128 1069 1577 1124 illumittatiouem
1616 1082 1683 1122 ex
1718 1080 1777 1122 se
1816 1064 2057 1120 emittit?

490 1166 559 1217 At
588 1164 631 1217 si
669 1163 777 1216 haec
802 1162 1024 1231 gignunt
1052 1160 1184 1213 citra
1241 1159 1406 1211 ullam
1464 1157 1887 1225 separatiouem,
1926 1169 2055 1225 pro—

490 1256 799 1321 ducuntque
824 1266 885 1305 ea
914 1264 1035 1319 qua:
1054 1250 1105 1303 in
1125 1250 1255 1320 ipsis
1276 1260 1402 1303 sunt
1427 1248 1629 1327 absque
1646 1246 1756 1302 ulla
1784 1246 2053 1316 passione,

492 1343 762 1413 quomodo
790 1356 893 1394 non
925 1339 1090 1395 multo
1114 1340 1283 1409 magis
1299 1340 1490 1393 borum
1514 1348 1724 1391 creator
1744 1351 1808 1391 ex
1835 1350 1929 1390 sua
1960 1350 2057 1389 na-

498 1447 615 1488 tura
656 1431 1274 1501 emittetspleudoremi
1304 1432 1409 1483 Aut
1456 1428 1723 1499 quomodo
1778 1428 2058 1481 character

494 1527 560 1579 ah
591 1525 820 1592 imagine
835 1521 1160 1591 separetur?
1197 1520 1422 1589 Semper
1448 1520 1592 1573 enim
1626 1519 1739 1572 hac
1772 1516 2056 1585 conjuncta

495 1630 618 1672 sunt
648 1616 913 1683 simulque
957 1614 1240 1669 exsistunt.
1305 1610 1399 1665 Sin
1460 1624 1589 1664 vero
1640 1610 1794 1677 juxta
1841 1608 2055 1662 illorum

494 1710 821 1779 opinionem,
854 1705 1002 1759 arida
1036 1719 1101 1759 ac
1156 1703 1358 1758 sterilis
1381 1711 1466 1756 est
1494 1700 1587 1755 Dei
1615 1712 1805 1754 natura
1843 1716 1857 1751 :
1911 1713 2059 1767 qua-

2156 586 2293 659 εῐναι
2323 606 2478 675 σῶμα
2514 586 2813 671 διαφυγὼν,
2858 599 2951 652 καὶ
2994 597 3062 649 τά
3092 596 3360 665 σωμάτων
3383 586 3732 658 διαφεύξεται

2156 697 2325 767 πάθη.
2375 697 2560 749 Τίκτει
2608 690 2892 761 τοιγαροῦν
2941 688 3251 759 άμερίστως
3299 684 3393 737 ut
3435 680 3663 742 ἀπαθῶς
3703 681 3734 730 ὀ

2155 788 2467 857 ἀσώματος.
2509 787 2664 837 Ποῖον
2706 784 2814 854 γὰρ
2859 782 3028 843 πάθος
3076 778 3200 848 περὶ
3234 777 3323 829 τὸν
3359 776 3511 845 ἥλιον
3532 774 3733 842 ὁρᾶται

2154 881 2455 948 γινόμενον,
2484 879 2569 930 ὅτε
2603 876 2779 937 τίκτει
2808 874 2867 927 τὺ
2904 873 3047 941 φῶς;
3084 872 3239 931 Ποίος
3282 865 3569 935 συμϐαίνει
3602 863 3730 931 περὶ

2156 970 2216 1023 τὸ
2246 970 2355 1039 πῦρ
2388 967 2673 1039 μερισμὸς,
2704 968 2833 1020 ὅταν
2871 965 3135 1035 ὲκπέμπῃ
3165 962 3253 1015 τὸν
3293 961 3353 1026 ἐξ
3380 955 3575 1011 ἑαυτοῦ
3618 972 3726 1023 φω-

2156 1062 2381 1129 τισμὸν;
2413 1060 2476 1113 Ei
2508 1058 2563 1110 δὲ
2588 1056 2760 1110 ταῦτα
2784 1055 2947 1124 γεννᾷ
2974 1054 3071 1123 μιν
3094 1053 3428 1122 άμερίστως,
3453 1048 3729 1116 ἐκπέμπει

2157 1152 2212 1204 δὲ
2238 1152 2305 1204 τὰ
2350 1152 2409 1217 έξ
2458 1150 2663 1203 ἑαυτῶν
2707 1146 2954 1209 ἀπαθῶς,
2991 1146 3108 1207 sub;
3145 1144 3206 1196 οὐ
3474 1139 3677 1210 μᾶλλον
3703 1139 3735 1191 ὀ

2156 1243 2359 1296 τούτων
2418 1241 2645 1311 ποιητὴς
2694 1240 2792 1309 τῆς
2838 1237 3032 1291 ἑαυτοῦ
3089 1235 3301 1304 φύσεως
3358 1230 3628 1302 ὲκπέμψει
3672 1228 3737 1282 τδ

2157 1334 2529 1402 άπαύγασμα;
2560 1332 2692 1385 Πότε
2715 1330 3001 1401 χαρακτὴρ
3027 1328 3233 1389 είκόνος
3257 1326 3586 1395 χωρίζεταις
3623 1320 3739 1373 ‘As‘.

2157 1426 2264 1494 γὰρ
2297 1426 2431 1493 αὐτῇ
2480 1421 2802 1492 συμπέφυκέ
2841 1437 2898 1471 τε
2934 1419 3025 1470 καὶ
3058 1416 3377 1485 ἐνυπάρχει.
3415 1414 3477 1465 Ei
3521 1411 3578 1463 δὲ
3612 1407 3737 1463 κατ’

2156 1517 2395 1577 ἐκείνους
2422 1513 2560 1584 ξηρὰ
2591 1514 2683 1565 καὶ
2721 1510 2965 1579 ἄκαρπός
2997 1513 3143 1562 ἐστιν
3170 1510 3203 1577 ἠ
3236 1506 3329 1559 τοῦ
3369 1503 3523 1573 Θεοῦὶ
3548 1502 3736 1571 φύσις,

2158 1607 2291 1674 τίςὴ
2338 1603 2397 1667 ἐξ
2424 1602 2587 1656 αὑτοῦ
2627 1600 2961 1672 προελθοῦσα
2997 1599 3250 1669 βούλησις
3284 1594 3535 1666 ἐνεργὴς,
3574 1593 3609 1663 ἢ
3645 1592 3739 1645 καὶ

2157 1698 2246 1750 τὸν
2278 1695 2403 1749 Υἱδν
2452 1696 2571 1747 κατ’
2603 1693 2842 1755 ἐκείνους
2895 1691 3193 1760 ὑπέστησε,
3231 1687 3597 1759 δημιουργική
3651 1700 3738 1746 τις

498 1776 621 1855 nam
647 1813 711 1852 ex
757 1800 873 1866 ipso
926 1797 1222 1866 procedens
1266 1794 1518 1850 voluntas
1565 1793 1748 1847 elﬁcas
1788 1801 1892 1855 est,
1939 1804 2057 1860 qua

2169 1785 2293 1841 οὖσα
2322 1788 2415 1841 καὶ
2451 1788 2559 1841 τῶν
2600 1788 2700 1839 οὐκ
2744 1786 2911 1838 ὅντων
2957 1782 3256 1852 ποιητικῆς
3294 1780 3597 1847 Φεύγοντες
3627 1776 3739 1847 γὰρ

496 1890 725 1955 Filium,
761 1861 820 1942 tit
864 1861 942 1941 illi
967 1887 1169 1951 volunt,
1199 1886 1495 1951 substituit,
1544 1883 1777 1937 creatrix
1820 1881 2062 1950 quedam

2169 1883 2224 1934 τὸ
2254 1884 2317 1933 ὲκ
2349 1880 2449 1948 τῆς
2474 1879 2660 1941 οὐσίας
2680 1876 2774 1931 τοῦ
2799 1875 3011 1947 Πατρὸς
3050 1872 3408 1942 γεγεννῆσθαι
3440 1871 3620 1937 λέγειν
3647 1869 3738 1921 τὸν

488 1983 786 2043 essistens,
805 1987 861 2032 et
874 1992 1059 2031 eorum
1076 1983 1196 2046 qua
1210 1992 1316 2031 non
1337 1977 1606 2031 exsistunt
1625 1971 1904 2028 eﬂ'eetrixi
1929 1968 2064 2025 Cum

500 2071 643 2124 cuitu
662 2071 961 2123 detrectant
990 2065 1167 2132 lateri,
1193 2080 1259 2120 es
1302 2065 1537 2119 essentia
1602 2062 1779 2117 Patris
1822 2061 2065 2132 genitum

500 2177 619 2218 esse
639 2175 829 2217 creans
862 2160 1029 2229 ipsius
1058 2157 1312 2218 Verbum,
1344 2170 1375 2209 a
1408 2156 1634 2211 veritate
1664 2155 1715 2207 in
1744 2154 1884 2207 hunc
1908 2166 2063 2207 erro-

502 2268 616 2307 rem
648 2252 919 2305 labuntur.
959 2250 1053 2304 Est
1080 2247 1221 2302 enim
1254 2246 1421 2301 Filius
1452 2247 1570 2300 viva
1602 2254 1764 2313 atque
1811 2244 2068 2299 essentia-

502 2344 622 2397 Iiter
652 2342 973 2397 inexsistens
999 2340 1175 2395 Patris
1206 2338 1472 2397 voluntas.
1506 2346 1563 2393 et
1616 2336 1847 2391 Verbum
1876 2334 2065 2405 ipsius,

503 2451 597 2505 per
625 2437 763 2505 quod
792 2434 967 2490 omnia
1003 2442 1270 2503 operatur.

504 2564 805 2621 Observatio
835 2584 899 2621 ex
920 2582 1070 2619 sacra
1111 2565 1406 2633 Scriptura,
1429 2564 1565 2633 quod
1593 2563 1750 2617 etiam
1773 2564 1839 2616 de
1881 2564 1946 2633 iis
1980 2563 2070 2632 qui

567 2639 878 2690 naturaliter
901 2638 1002 2703 ﬁlii
1032 2645 1217 2697 sunt;¢
1244 2632 1471 2701 genituris
1513 2650 1641 2699 esse,
1676 2652 1694 2684 ι
1744 2642 1791 2686 et
1820 2651 1837 2683 ι
1871 2632 2071 2700 factum

560 2722 689 2771 esse,
728 2725 744 2755 ι
788 2706 1150 2774 indiﬂ'erenter
1178 2705 1411 2757 dicatur.

577 2839 803 2893 Nomina
832 2836 963 2891 nihil
993 2834 1254 2895 alliciunt.
1300 2848 1421 2888 cum
1477 2847 1565 2887 res
1617 2833 1745 2901 ipse
1811 2832 1967 2885 aliter
2012 2846 2071 2886 se

510 2932 729 2985 habent.
766 2928 998 2982 Tametsi
1036 2929 1177 2981 enim
1222 2926 1289 2979 iis
1333 2925 1422 2993 qui
1457 2932 1650 2979 natura
1674 2925 1767 2978 lilii
1793 2932 1939 2989 sunt,
1967 2938 2075 2977 ser-

508 3022 695 3075 vitutis
730 3035 917 3074 nomen
965 3025 1398 3073 accommouetur
1424 3058 1439 3081 ,
1477 3016 1738 3070 naturalis
1784 3016 2074 3069 nobilitatis

511 3114 753 3184 dignitati
782 3110 915 3165 nihil
950 3111 1195 3180 derogat.
1232 3110 1408 3176 Atque
1438 3108 1507 3161 ita
1551 3108 1713 3161 etiam
1743 3108 1788 3161 si
1813 3108 1900 3175 qui
1926 3107 2075 3176 geni-

2165 1971 2495 2043 δημιουργὸν
2538 1968 2704 2024 αὑτοῦ
2742 1968 2935 2036 Λόγον,
2976 1969 3040 2018 εκ
3076 1965 3174 2036 τῆς
3205 1962 3463 2034 ἀληθείας
3496 1962 3574 2023 εις
3604 1957 3740 2014 αὐτὸ

2168 2062 2597 2117 συνελαύνονται.
2632 2061 2787 2114 Ἐστι
2833 2058 2941 2130 γάρ
2971 2057 3096 2119 Υίδς
3124 2058 3158 2125 ἠ
3193 2055 3342 2119 ζῶσα
3378 2055 3473 2106 mi.
3501 2051 3741 2113 ενούσιος

2165 2155 2259 2208 τοῦ
2292 2154 2502 2226 Πατρὸς
2542 2152 2817 2223 βούλησις,
2860 2150 2954 2206 καὶ
2981 2152 3010 2204 ὀ
3046 2150 3216 2219 Λόγος
3255 2146 3444 2211 αὑτοῦ,
3484 2146 3551 2200 δι’
3575 2137 3638 2198 οὗ
3670 2143 3743 2198 τὰ

2169 2248 2347 2302 πάντα
2377 2245 2695 2317 ιργάζεται.

2183 2562 2561 2631 Ἐπιτήρησις
2593 2559 2709 2631 dm}
2742 2556 2853 2631 τῆς
2894 2556 3055 2631 θείας
3090 2551 3355 2631 Γραφῆς,
3386 2550 3473 2631 ὂψ
3517 2550 3614 2631 κει)
3642 2547 3741 2631 51.1

2243 2616 2567 2699 τῶνκφύσεί
2607 2616 2861 2699 ﬁdunt}
2893 2645 2910 2676 ι
2940 2616 3261 2699 ὲγέἰονίτό»
3286 2616 3461 2688 ἦνκαὶ
3493 2639 3511 2671 ι
3548 2616 3743 2685 ἐποιή-

2242 2696 2442 2768 θησὰν
2490 2719 2507 2749 ι
2551 2698 2734 2751 κεῖται
2762 2696 3125 2763 ἀδιαφόρως..

2243 2834 2405 2896 Ούδὶν
2454 2833 2508 2884 αἱ
2542 2830 2711 2893 λέξεις
2761 2827 3059 2891 ἀδικοῦσιν,
3110 2826 3238 2879 ὅταν
3283 2824 3484 2892 ἑτέρως
3534 2821 3635 2893 ἔχῃ
3676 2821 3744 2873 τὰ

2174 2925 2314 2995 πράγ
2330 2940 2491 2993 ματα.
2510 2921 2631 2973 Ἐπὶ
2662 2919 2769 2988 γὰρ
2791 2918 2899 2969 τῶν
2922 2913 3254 2985 φεόσειίυὶὧν,
3286 2912 3388 2964 κᾶν
3409 2910 3469 2963 τὸ
3502 2909 3601 2977 τῆς
3622 2907 3743 2960 δου-

2173 3018 2322 3079 λείας
2362 3015 2529 3084 δνομα
2570 3012 2851 3080 τάττηται,
2886 3008 2946 3061 οὐ
2995 3006 3341 3075 παραιτεῖται
3372 3003 3470 3071 τῆς
3510 3000 3743 3068 φυσικῆς

2176 3104 2453 3173 εὐγενείας
2488 3102 2548 3153 τὸ
2593 3098 2830 3168 ἀξίωμα.
2871 3096 2990 3150 Κᾶν
3038 3098 3065 3147 ὀ
3110 3094 3389 3162 γεννηθεὶς
3419 3088 3742 3158 πεποιῆσθαι

513 3180 596 3258 tus
620 3213 719 3268 est,
752 3202 923 3256 factus
955 3216 1073 3255 esse
1122 3201 1355 3264 dicatur,
1393 3200 1629 3268 quandiu
1696 3213 1875 3252 veram
1918 3213 2066 3252 suam

2171 3196 2416 3266 λέγηται,
2451 3192 2555 3255 ἕως
2592 3190 2656 3243 ἂν
2688 3187 2837 3259 αύτῷ
2869 3184 3237 3258 περισώζηται
3267 3182 3327 3235 τὸ
3359 3180 3741 3251 ἀληθέστερον,

510 3295 768 3365 originem
804 3294 1022 3358 retinet,
1049 3307 1241 3346 nomen
1274 3293 1447 3360 ipsum
1473 3290 1522 3342 ei
1572 3291 1767 3344 damno
1812 3304 1933 3344 esse
1970 3305 2075 3344 non

514 3384 990 3454 potest.Naturam
1021 3384 1164 3437 enim
1223 3398 1329 3436 non
1393 3382 1610 3436 nomina
1658 3382 1710 3433 in
1768 3383 2076 3436 universum

517 3475 859 3544 inquirimus.
886 3474 1018 3528 Cum
1047 3475 1207 3542 igitur
1236 3474 1301 3527 de
1326 3472 1506 3542 genito
1531 3471 1625 3526 Dei
1658 3469 1834 3526 Verbo
1860 3473 2073 3538 dicitur,

514 3569 653 3635 quod
676 3566 747 3621 sit
765 3565 935 3619 ﬁdelis
956 3565 1004 3619 ei
1028 3565 1117 3633 qui
1148 3563 1272 3617 fecit
1295 3563 1566 3633 ip_sum“',
1596 3577 1661 3617 ne
1684 3563 1805 3631 quis
1831 3563 2075 3633 proprie-

515 3668 675 3712 tatem
703 3657 1029 3711 exsistentia:
1048 3657 1217 3725 ipsius
1240 3656 1617 3719 calumnietur,
1656 3657 1748 3709 sed
1768 3663 1859 3707 aut
1881 3654 2077 3709 intelli-

516 3762 599 3819 gat
626 3752 828 3803 ratione
868 3748 1263 3802 incarnationis
1290 3747 1515 3810 dictum,
1552 3755 1644 3798 aut
1694 3745 1830 3799 nihil
1880 3744 2071 3799 olliciat

515 3843 722 3895 veritati
762 3856 953 3895 nomen
998 3839 1139 3907 quod
1171 3836 1536 3891 indiﬂ‘erenter
1572 3837 1851 3905 accipitur.
1893 3836 2077 3890 Betsa-

515 3931 611 3985 bee
667 3924 1005 3985 Salomonem
1070 3945 1283 3984 servum
1344 3929 1506 3982 David
1555 3930 1785 3993 vocavit,
1849 3929 2073 3982 dicens:

522 4040 539 4071 ι
572 4019 793 4073 Servum
829 4030 976 4071 tuum
1006 4018 1344 4070 Salomonem
1374 4018 1440 4070 ".
1488 4036 1505 4068 ι
1527 4016 1714 4070 Patres
1733 4032 1943 4085 quoque
1974 4030 2076 4069 sa!-

518 4127 810 4179 penumero
852 4126 945 4163 eos
966 4111 1055 4178 qui
1084 4125 1147 4163 ex
1178 4111 1307 4179 ipsis
1344 4110 1505 4177 geniti
1538 4120 1661 4163 sunt
1688 4124 1870 4163 servos
1886 4116 2078 4163 vocant

516 4215 569 4257 et
596 4219 798 4270 servos,
837 4203 991 4257 ﬁlios.
1015 4202 1276 4256 Caeterum
1315 4203 1527 4255 nomina
1558 4211 1805 4255 naturam
1832 4218 1938 4256 non
1976 4202 2077 4255 im-

518 4304 743 4357 mutant,
771 4295 861 4346 sed
889 4295 1062 4361 potius
1096 4302 1419 4359 pOtestatem
1455 4293 1663 4345 illorum
1692 4293 1781 4360 qui
1835 4293 1911 4347 ita
1960 4292 2078 4347 illos

517 4384 792 4452 appellare
818 4385 1134 4449 voluerunt,
1174 4386 1494 4455 signiﬁcant.
1524 4385 1676 4451 Quod
1708 4395 1884 4438 autem
1913 4387 2075 4440 etiam

518 4474 554 4527 ii
582 4476 671 4542 qui
702 4476 868 4542 geniti
897 4484 1041 4538 sunt,
1081 4493 1098 4525 ι
1141 4475 1263 4528 iacti
1305 4494 1322 4526 ι
1376 4478 1645 4539 dicantur,
1692 4477 1814 4529 inde
1850 4476 2076 4530 manife-

2176 3288 2325 3340 οὐδὲν
2354 3285 2459 3337 άπὸ
2479 3285 2575 3353 τῆς
2603 3282 2800 3346 λέξεως
2829 3279 3088 3349 ὑπομένει
3133 3276 3192 3329 τὸ
3228 3274 3491 3343 ἀδίκημα.
3534 3273 3601 3325 Ἦ
3638 3271 3745 3342 γάρ

2178 3377 2359 3445 φύσις,
2389 3376 2449 3427 ού
2489 3374 2705 3435 πάντως
2740 3371 2777 3441 η
2817 3370 2963 3435 λέξις
2993 3365 3325 3432 ἐξετάζεται.
3358 3365 3528 3418 Ὅταν
3569 3363 3745 3416 τοίνυν

2176 3468 2269 3521 ἐπὶ
2298 3467 2390 3521 τοῦ
2424 3465 2771 3536 γεννηθέντος
2801 3460 2935 3515 Θεοῦ
2966 3461 3139 3528 Λόγου
3170 3460 3404 3529 φέρηται
3433 3458 3513 3520 τὸ,
3551 3454 3747 3509 Πιστδν

2176 3560 2303 3614 ὄντα
2328 3560 2403 3628 τῷ
2440 3560 2725 3627 ποιήσαντι
2764 3552 2916 3617 αὐτὸ,
2943 3552 3017 3623 μὴ
3040 3548 3484 3619 συκοφαντείσθω
3513 3548 3574 3600 τὸ
3613 3548 3747 3617 γνη-

2179 3668 2291 3703 σιον
2312 3651 2409 3721 τῆς
2448 3647 2733 3718 ὑπάρξεως
2768 3642 2953 3705 αυτοῦ,
2987 3642 3101 3695 ἀλλ’
3147 3641 3180 3711 ἦ
3228 3639 3451 3694 νοείσθω
3488 3640 3619 3710 περὶ
3657 3640 3749 3693 τὸν

2175 3743 2273 3811 τῆς
2331 3740 2789 3810 ὲνανθρωπήσεως
2831 3735 3006 3802 λόγον,
3054 3733 3088 3803 ἢ
3134 3731 3299 3802 μηδὲν
3352 3732 3607 3784 άδικείτω
3649 3730 3748 3801 τὴν

2179 3834 2439 3904 ἀλήθειαν
2461 3836 2519 3885 τὸ
2554 3831 2651 3900 τῆς
2678 3828 2875 3892 λέξεως
2904 3825 3215 3897 ἀδιάφορον.
3235 3822 3515 3894 Βηρσαὸεὲ
3542 3824 3633 3875 τὸν
3654 3824 3740 3875 Σο-

2177 3925 2391 3995 λομῶνα
2420 3922 2601 3976 δοῦλον
2626 3921 2805 3973 ἐκάλει
2832 3918 2925 3971 τοῦ
2954 3918 3133 3981 Δαὸὶδ,
3158 3917 3391 3982 λέγουσα
3412 3933 3425 3945 '
3463 3935 3483 3967 ι
3514 3916 3618 3969 Τὸν
3640 3913 3749 3967 δοῦ-

2177 4015 2264 4067 λόν
2296 4032 2387 4067 σου
2424 4011 2731 4081 Σολομῶνα.
2778 4028 2794 4058 ι
2831 4008 2938 4059 Καὶ
2978 4008 3213 4077 πατέρες
3249 4006 3507 4067 πολλάκις
3534 4007 3660 4067 τοὺς
3689 4001 3753 4069 εξ

2178 4106 2383 4160 ἑαυτῶν
2431 4102 2784 4172 γεννηθέντας
2832 4098 3047 4160 δούλους
3093 4095 3447 4159 ἀποκαλοῦσι,
3487 4096 3582 4150 καὶ
3622 4096 3751 4158 τοὺς

2177 4198 2390 4259 οἰκέτας
2425 4196 2593 4258 υίούς.
2636 4194 2775 4247 Ἀλλ’
2810 4195 2908 4263 οὐχ
2935 4195 2992 4246 αί
3021 4192 3193 4257 λέξεις
3224 4189 3319 4259 τὴν
3363 4188 3528 4255 φύσιν
3552 4188 3750 4245 ἀλλάτ-

2177 4308 2351 4352 τουσι,
2384 4286 2581 4357 μᾶλλον
2602 4284 2658 4337 at
2690 4285 2786 4352 τὴν
2813 4283 3059 4347 ἐξουσίαν
3098 4283 3205 4333 τῶν
3231 4280 3370 4333 οὕτω
3411 4277 3749 4347 βουλομένων

2180 4381 2473 4435 ἀποκαλεῖν
2489 4375 2935 4429 ἐπιδεικνύουσιν.
2964 4374 3084 4425 Ὅτι
3103 4373 3158 4424 δὲ
3180 4372 3273 4424 καὶ
3293 4372 3385 4423 ἐπὶ
3412 4370 3521 4421 τῶν
3553 4387 3750 4434 γεννω-

2184 4473 2356 4543 μένων
2386 4472 2697 4539 εύρίσκεται
2726 4467 2785 4519 τὸ
2819 4486 2835 4515 ι
2877 4467 3117 4534 ἐποίησε.
3151 4482 3169 4514 ι
3192 4460 3347 4532 δῆλον
3378 4461 3645 4515 ἐντεῦθεν,
3687 4461 3749 4513 Ὀ

516 4575 656 4617 stum
680 4574 781 4615 est.
812 4562 970 4631 213
998 4563 1255 4617 Ezechias
1284 4566 1423 4617 enim
1458 4564 1527 4617 ita
1564 4565 1738 4631 inquit
1771 4583 1783 4617 :
1825 4583 1842 4614 ι
1876 4566 1953 4617 Ab
1986 4566 2067 4618 ho-

2184 4564 2278 4632 μὲν
2322 4563 2425 4629 γὰρ
2469 4558 2711 4626 Ἑζεχίας
2759 4558 2949 4624 φησίν·
2985 4574 3001 4604 ι
3052 4552 3183 4607 Ἀπὸ
3228 4552 3335 4620 γὰρ
3380 4550 3477 4617 τῆς
3511 4550 3749 4618 σήμερον

516 4657 700 4709 diertao
724 4654 810 4707 die
841 4654 975 4707 ﬁlios
1006 4655 1195 4708 faciam
1229 4655 1295 4708 “.
1338 4674 1356 4706 ι
1418 4654 1482 4708 Ει
1538 4656 1603 4709 de
1650 4653 1749 4709 Job
1815 4658 2073 4724 scriptum

514 4756 597 4801 est
633 4763 644 4797 :
712 4765 728 4797 ι
761 4746 908 4799 Facu
944 4756 1069 4800 sunt
1100 4748 1145 4801 ei
1180 4748 1273 4801 ﬁlii
1301 4757 1525 4815 septem,
1550 4757 1603 4801 et
1631 4746 1749 4802 ﬁlia:
1806 4757 1915 4803 tres
1946 4748 2011 4801 ⁸⁷.
2054 4767 2072 4799 ι

517 4838 572 4891 Si
600 4853 727 4908 ergo
770 4840 821 4891 in
851 4838 1176 4906 hominibus,
1232 4855 1337 4893 non
1394 4840 1633 4894 absolute
1686 4842 1922 4904 nomina,
1984 4843 2076 4893 sed

516 4944 604 4982 res
640 4930 782 4998 ipsas
819 4929 1106 4997 intuentes,
1156 4945 1273 4999 qua:
1324 4931 1570 4984 dicuntur
1614 4932 2069 5000 interpretamur:

516 5019 780 5085 quomodo
807 5035 909 5073 non
970 5020 1176 5073 utiliter
1225 5020 1365 5073 idem
1428 5021 1479 5073 in
1542 5020 1676 5075 Filio
1718 5019 1811 5075 Dei
1862 5031 2069 5075 statue-

514 5110 662 5163 Inus?

1216 5310 1440 5364 ALIUD.

578 5422 799 5486 Nomen,
828 5422 993 5489 ﬁlius,
1026 5433 1425 5490 generationem
1452 5438 1514 5476 es
1567 5434 1716 5491 patre
1786 5423 2073 5494 signiﬁcat,

519 5523 762 5564 creatura
792 5527 942 5575 vero,
973 5514 1115 5582 quod
1178 5515 1415 5567 exterius
1483 5516 1831 5569 constitutum
1888 5526 1989 5574 est.
2019 5515 2073 5571 Si

516 5617 643 5671 ergo
664 5601 834 5658 Filius
862 5612 966 5669 est,
1002 5619 1067 5659 ne
1100 5615 1316 5659 vocetur
1360 5615 1606 5660 creatura
1644 5623 1660 5661 :
1718 5608 1760 5661 si
1826 5621 2073 5663 creatura

592 5780 658 5814 ιδ’
685 5779 849 5835 licbr.
890 5796 971 5845 ιιι,
1000 5782 1054 5835 9..
1125 5783 1169 5812 "
1202 5781 1263 5837 Ill
1297 5782 1425 5851 Reg.
1456 5799 1495 5850 ι,
1530 5783 1615 5838 l9.

1696 5787 1739 5815 “
1770 5782 1831 5836 IV
1864 5783 1993 5851 Reg.
2024 5800 2135 5847 an,
2161 5784 2212 5837 '5.

2180 4650 2366 4703 παιδία
2402 4648 2631 4716 ποιήσω.
2666 4665 2684 4696 ι
2724 4646 2857 4714 Περὶ
2891 4644 2947 4696 δὲ
2981 4642 3075 4695 τοῦ
3120 4641 3235 4693 Ἰὼϐ
3289 4641 3617 4709 γέγραπται,
3666 4639 3749 4690 ὃτι

2185 4762 2201 4793 ι
2246 4742 2519 4807 Ἐγένοντο
2544 4737 2689 4805 αὑτῷ
2731 4737 2835 4786 υἱοὶ
2862 4733 3000 4785 ἑπτὰ
3030 4733 3122 4784 καὶ
3165 4730 3463 4799 θυγατέρες
3507 4732 3678 4799 τρεῖς.
3722 4747 3742 4780 s

2179 4834 2238 4884 Εἰ
2270 4832 2446 4883 τοίνυν
2484 4831 2568 4881 ἐπ’
2600 4825 2904 4896 ἀνθρώπων
2936 4825 2994 4877 οὐ
3037 4827 3152 4886 ταῖς
3186 4822 3493 4893 ἀκριϐείαις
3517 4820 3626 4873 τῶν
3661 4820 3743 4872 λλ-

2175 4924 2331 4989 ξεων,
2358 4920 2493 4973 άλλὰ
2531 4921 2595 4987 τῇ
2630 4917 2787 4983 φύσει
2819 4916 2925 4968 τῶν
2961 4914 3298 4984 πραγμάτων
3330 4912 3625 4982 ἐνορῶντες
3651 4914 3743 4964 ὲκ-

2172 5014 2440 5083 δεχόμεθα
2490 5010 2551 5062 τὸ
2595 5008 2943 5077 λαλούμενον·
2988 5007 3103 5068 πῶς
3155 5008 3253 5059 οὐκ
3300 5004 3613 5072 ἀναγκαίως
3654 5004 3743 5055 τὸν

2179 5107 2340 5159 αὑτὸν
2390 5099 2774 5169 διακεισόμεθα
2829 5099 3027 5167 τρόπον
3075 5100 3165 5151 ἐπὶ
3216 5095 3311 5149 τοῦ
3358 5094 3504 5149 θείου
3551 5097 3742 5164 γεννή-

2181 5209 2346 5263 ματος
2365 5209 2379 5256 ;

2855 5304 3061 5358 ΑΛΛΟ.

2246 5423 2317 5476 Τὸ
2348 5423 2474 5487 υἱὸς
2506 5421 2674 5491 ὄνομα
2704 5420 2801 5489 τὴν
2832 5419 2894 5471 ἐκ
2930 5415 3133 5485 πατρὸς
3172 5413 3425 5483 σημαίνει
3452 5411 3737 5481 γέννησιν·

2171 5518 2231 5569 τὸ
2263 5516 2318 5569 δὲ
2348 5516 2596 5582 ποίημα,
2626 5506 2693 5566 ’τὸ
2739 5511 2935 5578 ἔξωθεν
2996 5507 3401 5574 συνιστάμενον.
3448 5504 3508 5557 Ei
3562 5503 3744 5556 τοίνυν

2174 5609 2298 5670 Υἱός
2330 5610 2464 5668 ἔστι,
2493 5605 2566 5675 μὴ
2601 5604 2869 5658 καλείσθω
2893 5602 3101 5671 ποίημα
3122 5616 3135 5630 ·
3176 5599 3224 5651 εί
3256 5595 3468 5665 ποίημά
3492 5594 3633 5659 ἐστι,
3666 5594 3741 5664 μὴ

2292 5783 2333 5813 ⁸⁷
2362 5781 2459 5837 Job
2494 5797 2531 5844 ι,
2565 5783 2617 5835 ‘2.
