4024 6508
279 529 375 586 361

1696 518 2145 580 THESAURUS.

3456 529 3564 585 36‘!

280 643 547 699 καλείσθω
577 642 929 714 ψευδώνυμος
959 641 1108 707 Υίός.
1156 642 1295 698 Ἀλλ’
1325 642 1455 707 Υἱὸς
1493 642 1740 701 καλεῖται
1770 643 1865 697 καὶ

1984 648 2074 705 Bst,
2134 655 2203 697 ne
2263 639 2402 699 falso
2462 645 2685 701 nomine
2748 653 2973 701 vocetur
3034 644 3223 702 Filius.
3286 642 3562 701 Caeterum

275 739 423 792 ἔστιν
442 753 454 769 ο
483 736 679 791 οὐκοῦν
710 736 770 789 ού
800 735 1033 807 ποίημα.

276 851 483 917 ΔΛΛΟ,
531 852 717 922 λόγος
752 848 1004 922 πιθανὸς
1040 848 1353 922 δεικνύων,
1382 849 1474 905 ὅτι
1520 851 1593 907 οὐ
1637 849 1868 921 ποίημά

863 921 1036 975 ἐστιν
1074 922 1107 974 δ
1150 920 1305 987 Υἱός.

347 1032 551 1103 Είρηκέ
602 1050 705 1086 που
736 1033 990 1104 Σολομῶν
1014 1035 1044 1087 ό
1073 1031 1429 1103 σοφώτατος,
1461 1034 1545 1088 ὅτι
1581 1052 1600 1086 ι
1632 1035 1866 1107 Σύμπαν

266 1126 324 1178 τὸ
366 1127 580 1197 ποίημα
609 1125 727 1190 ἄξει
752 1128 781 1180 ό
814 1126 947 1189 Θεὸς
974 1128 1055 1191 είς
1084 1126 1286 1197 κρίσιν.
1318 1146 1338 1181 ι
1382 1128 1445 1181 Et
1467 1127 1650 1183 τοίνυν
1676 1126 1735 1181 ἐν
1758 1128 1866 1182 τῶν

274 1220 601 1290 ποιημάτων
648 1220 797 1273 ἐστὶν
842 1219 871 1272 ό
908 1220 1058 1284 Υίὺς,
1104 1219 1407 1291 ἀχθήσεται
1442 1220 1540 1274 καὶ
1582 1221 1747 1285 αὐτὸς
1785 1223 1867 1285 είς

273 1312 479 1383 κρίσιν.
514 1314 623 1365 Καὶ
668 1310 787 1375 πῶς
813 1311 1100 1383 ἀληθεύσει
1146 1311 1320 1381 λέξων
1358 1313 1489 1383 περὶ
1527 1313 1749 1381 ἐαυτοῦ,
1783 1314 1865 1368 ὅτι

278 1423 298 1456 ι
348 1406 408 1458 '0
439 1404 631 1475 Πατὴρ
680 1404 857 1476 κρίνει
905 1404 1117 1470 οὐδένα,
1149 1405 1289 1458 ἀλλὰ
1332 1406 1513 1459 πᾶσαν
1550 1404 1647 1478 τὴν
1684 1406 1865 1479 κρίσιν

271 1495 476 1549 δέδωκε
509 1496 588 1565 τῷ
627 1494 776 1565 Υίῷ;
816 1514 836 1548 ι
872 1495 943 1548 Ἦ
979 1493 1098 1558 πῶς
1126 1496 1154 1547 ό
1178 1495 1377 1567 Δανιὴλ
1405 1497 1466 1549 ού
1492 1496 1756 1567 ψεύσεται
1778 1498 1867 1552 λέ-

272 1605 389 1657 γων
425 1590 509 1641 ὅτι
539 1587 692 1660 αὐτῷ
730 1587 887 1660 ἐδόθη
914 1588 948 1658 ἠ
988 1587 1204 1659 κρίσις;
1242 1588 1521 1661 ’Λληθεύει
1573 1591 1658 1644 δέ’
1704 1591 1868 1657 αὐτὸς

272 1683 385 1754 γάρ
412 1684 559 1735 ἐστιν
589 1682 617 1734 ὁ
648 1682 940 1753 ἐρχόμενος
975 1683 1158 1752 κρῖναι
1214 1681 1424 1747 ζῶντας
1460 1684 1557 1737 καὶ
1610 1685 1863 1758 νεκρούς.

274 1775 487 1829 Οὐκοῦν
512 1775 571 1827 οὑ
597 1774 831 1844 ποίημα,
867 1774 987 1827 οὐδὲ
1013 1774 1120 1828 τῶν
1147 1775 1364 1829 πάντων
1396 1776 1476 1840 ἓν,
1506 1777 1594 1831 ἵνα
1627 1778 1701 1849 μὴ
1732 1778 1868 1850 ἄγη-

273 1884 369 1921 ται
402 1868 494 1921 καὶ
520 1866 683 1929 αὐτὸς
706 1866 785 1928 εις
818 1866 1021 1935 κρίσιν.

276 2072 487 2158 ΔΛΛρ,
521 2072 961 2158 διηγηματικῷς
988 2074 1267 2158 etc-fdus
1304 2074 1735 2158 ιςατανοῄσατε
1748 2074 1871 2158 θεὸν

348 2142 702 2216 ἀπόστολον
734 2143 1138 2216 καὶ-ἀρχιερέα
1166 2142 1275 2212 τῆς
1315 2147 1639 2216 ὁμολογίας
1678 2142 1868 2216 ήιῖὧν,

348 2214 574 2285 mereor
603 2213 747 2266 ὄντα
766 2213 872 2285 ,τῷ
901 2213 1224 2285 ποιήσαντι
1267 2215 1458 2268 αὐτόν
1476 2231 1488 2243 ·
1513 2213 1554 2268 ⁷»
1590 2215 1690 2269 καὶ
1719 2213 1871 2285 ἑξῆς

349 2284 391 2351 ἠ
420 2282 657 2337 διάνοια
684 2283 792 2337 τοῦ
808 2283 1024 2352 ῥητοῦ.

352 2399 429 2453 Οὐ
446 2399 547 2470 τὴν
565 2397 661 2452 τοῦ
686 2399 863 2467 Λόγου
891 2398 1054 2469 φύσιν
1075 2397 1441 2471 ἐξηγούμενος
1460 2400 1489 2453 ὁ
1525 2401 1869 2468 Ἀπόστολος,

274 2490 509 2549 τοιαῦτά
554 2509 741 2563 φησιν,
780 2492 917 2546 ἀλλά
962 2492 1061 2563 τὴν
1096 2491 1234 2563 μετά
1289 2493 1493 2564 σαρκὸς
1534 2494 1869 2565 οἰκονομίαν.

278 2582 421 2636 Πότε
452 2583 559 2653 γὰρ
603 2581 828 2650 γέγονεν
865 2583 1159 2654 ἀρχιερεὺς
1206 2582 1305 2653 τῆς
1353 2583 1647 2653 ὁμολογίας
1679 2582 1872 2654 ήμῶν;

279 2675 421 2727 Πότε
465 2674 522 2727 δὲ
574 2674 901 2741 ἀπόστολος;
936 2674 1072 2727 Πότε
1120 2674 1179 2728 δέ
1224 2675 1415 2739 πιστὸς
1457 2676 1537 2747 τῷ
1585 2676 1875 2747 ποιήσαντι

279 2766 478 2830 adadv;
508 2762 586 2818 Ἦ
621 2766 716 2818 ὅτε
753 2765 819 2818 δι’
847 2767 996 2836 ἡμᾶς
1024 2766 1119 2820 καὶ
1151 2766 1291 2839 ὑπὲρ
1322 2767 1478 2837 ἡμῶν
1508 2766 1733 2837 γέγονεν
1775 2768 1873 2823 ἄν·

280 2853 525 2925 θρωπος,
571 2856 668 2908 καὶ
699 2858 841 2909 κατά
870 2855 969 2927 τὴν
1016 2856 1263 2910 Ἰωάννου
1298 2857 1503 2929 φωνὴν,
1542 2877 1559 2910 ι
1608 2858 1665 2912 '0
1702 2859 1877 2929 Λόγος

280 2951 423 3024 σὰρξ
469 2951 705 3021 ἐγένετο.
750 2970 768 3003 ι
810 2949 943 3005 Τότε
994 2950 1074 3022 τῷ
1114 2953 1399 3022 ποιήσαντι
1437 2951 1625 3017 αὑτὸν,
1672 2951 1748 3017 ὡς
1779 2953 1875 3006 ἀν-

279 3042 526 3113 θρωπος,
558 3046 653 3098 καὶ
683 3043 871 3109 πιστὸς
903 3044 1121 3112 ἐγένετο
1146 3043 1369 3116 πληρῶν
1408 3043 1573 3097 αὐτοῦ
1602 3047 1664 3099 τὸ
1692 3044 1873 3116 ἔργον,

278 3135 538 3204 καθάπερ
562 3135 724 3198 αὐτὸς
750 3134 905 3203 ἔλεγε
927 3152 940 3165 ·
970 3134 1092 3188 τότε
1139 3134 1363 3204 γέγονεν
1401 3133 1699 3199 ἀπόστολος
1732 3135 1876 3207 ὑπὲρ

278 3224 443 3296 ἡμῶν
463 3228 558 3279 καὶ
572 3225 637 3278 δι’
652 3227 799 3297 ἡμᾶς
819 3227 1166 3291 ἀποσταλείς·
1187 3228 1309 3281 τότε
1338 3228 1531 3297 γέγονε
1557 3229 1656 3299 τῆς
1681 3228 1875 3300 ὁμολο-

1968 729 2138 790 Filius
2160 743 2214 790 et
2246 745 2491 805 vocatur,
2520 744 2576 793 et
2609 748 2695 794 est
2727 754 2740 793 :
2780 754 2885 794 non
2947 745 3033 793 est
3064 738 3228 807 igitur
3279 747 3563 793 creatura.

1967 844 2202 914 ALIUD,
2222 847 2521 903 verisimilis
2545 849 2886 930 ratiocinatio
2910 849 3190 905 ostendens
3216 846 3356 919 quod
3380 846 3432 903 F
3434 851 3565 905 ilius

2511 934 2615 974 non
2638 929 2707 974 ιιι
2740 932 3003 979 creatura.

2037 1028 2485 1101 Sapientissimus
2512 1032 2603 1088 ille
2664 1033 2924 1092 Salomon
2978 1035 3180 1093 alicubi
3228 1038 3304 1092 ita
3332 1036 3557 1108 inquit:

1974 1141 1993 1175 ι
2027 1120 2256 1179 Omnem
2314 1132 2617 1180 creaturam
2650 1126 2812 1182 ducet
2840 1126 2983 1184 Deus
3042 1128 3110 1183 ad
3155 1128 3421 1197 judicium
3454 1126 3555 1181 ⁵⁸.»

1970 1211 2178 1286 Siergo
2204 1214 2378 1271 Filius
2400 1226 2486 1272 est
2510 1232 2676 1272 unum
2710 1217 2917 1288 aliquid
2952 1233 3018 1275 ex
3066 1220 3300 1285 'creatis,
3329 1219 3562 1275 ducetur

1968 1304 2133 1359 etiam
2163 1305 2280 1374 ipse
2310 1305 2363 1359 in
2387 1304 2676 1375 judicium.
2710 1307 2875 1379 Atqui
2899 1308 3170 1377 quomodo
3227 1323 3355 1365 vere
3417 1309 3563 1363 dicet

1969 1392 2037 1448 de
2068 1392 2282 1462 seipso:
2311 1412 2331 1446 ι
2362 1394 2524 1449 Pater
2543 1411 2653 1450 non
2688 1395 2895 1466 judicat
2929 1413 3290 1469 quemquam,
3317 1399 3416 1455 sed
3449 1413 3564 1455 om-

1970 1497 2039 1538 ne
2063 1484 2326 1555 judicium
2351 1484 2499 1542 dedit
2522 1486 2659 1544 Filio
2688 1489 2769 1543 ὀἳ
2800 1489 2945 1545 »Δυι
2968 1492 3243 1561 quomodo
3270 1506 3377 1547 non
3409 1506 3564 1547 meu-

1971 1576 2138 1632 tietur
2190 1578 2384 1636 Daniel
2439 1582 2649 1650 dicens,
2700 1584 2848 1653 quod
2908 1584 3009 1654 ipsi
3046 1584 3233 1639 datum
3282 1592 3369 1639 est
3411 1582 3562 1652 judi-

1971 1666 2113 1723 cium
2142 1670 2235 1725 "?
2268 1671 2376 1727 Sed
2407 1686 2536 1728 vere
2579 1674 2711 1729 dicit
2756 1691 2770 1726 :
2812 1676 2929 1744 ipse
2981 1675 3129 1730 enim
3182 1684 3443 1730 venturus
3481 1684 3566 1730 est

1971 1763 2037 1817 ad
2059 1762 2413 1833 judicandum
2445 1768 2595 1822 vivos
2620 1777 2676 1822 et
2714 1779 2957 1823 mortuos
2991 1767 3079 1822 ‘°‘.
3106 1767 3226 1825 Non
3287 1778 3370 1825 est
3401 1769 3568 1840 igitur

1970 1865 2243 1923 creatura,
2265 1872 2439 1926 neque
2470 1874 2611 1914 unus
2640 1874 2707 1913 ex
2731 1860 3003 1926 omnibus,
3028 1875 3094 1916 ne
3119 1860 3375 1915 nimirum
3396 1860 3564 1917 etiam

1971 1945 2088 2015 ipse
2115 1948 2168 2001 in
2195 1946 2460 2017 judicium
2495 1950 2750 2006 ducatur.

1974 2060 2205 2128 ALIUD,
2226 2064 2539 2137 explicatius
2573 2066 2627 2137 in
2647 2066 2805 2131 illud,
2842 2084 2861 2119 ι
2897 2065 3241 2122 Considerate
3269 2070 3567 2137 apostolum

2043 2143 2090 2186 et
2124 2136 2425 2207 pontiﬁcem
2452 2136 2799 2204 confessionis
2835 2146 3034 2191 nostra,
3054 2137 3239 2193 Iesum
3271 2138 3565 2207 Christum,

2042 2203 2418 2279 quiﬁdelisest
2456 2208 2504 2259 ei
2518 2203 2608 2279 qui
2630 2207 2752 2276 fecit
2784 2209 2954 2279 ipsum
2991 2224 3012 2263 .'
3041 2226 3059 2259 ι
3100 2220 3147 2263 et
3175 2209 3419 2279 deinceps
3446 2203 3569 2266 vera

2033 2274 2292 2327 sententia
2318 2274 2477 2345 hujus
2505 2274 2657 2333 dicti.

2048 2384 2166 2441 Non
2193 2396 2443 2444 naturam
2482 2389 2643 2446 Verbi
2675 2391 2959 2449 declarans
2994 2392 3195 2451 Paulus
3251 2395 3368 2451 haec
3406 2396 3566 2463 dixit,

1978 2477 2072 2533 sed
2094 2478 2238 2535 illius
2270 2482 2729 2540 incarnationem.
2792 2486 3021 2552 Quando
3046 2486 3197 2541 enim
3256 2486 3435 2543 factus
3483 2498 3571 2543 est

1976 2572 2222 2640 pontifex
2272 2574 2640 2632 confessionis
2682 2578 2924 2634 nostra?
2976 2580 3196 2649 quando
3257 2579 3570 2650 apostolus?

1977 2662 2197 2733 quando
2232 2665 2408 2722 ﬁdelis
2447 2668 2497 2724 ei
2547 2669 2640 2738 qui
2693 2671 2871 2739 ipsum
2914 2663 3082 2728 fecit?
3124 2670 3316 2729 Nonne
3351 2675 3571 2744 quando

1977 2764 2205 2823 propter
2262 2770 2365 2811 nos
2424 2766 2481 2812 et
2537 2772 2635 2829 pro
2684 2760 2841 2816 nobis
2891 2761 3067 2817 factus
3106 2773 3191 2818 est
3220 2764 3407 2831 homo,
3431 2773 3487 2818 et
3514 2775 3573 2818 ut

1977 2844 2216 2902 Joannes
2269 2849 2482 2917 scribit,
2523 2868 2543 2903 ι
2598 2851 2834 2908 Verbum
2885 2868 3015 2910 caro
3052 2853 3254 2911 factum
3309 2855 3504 2911 est“?
3547 2874 3565 2906 ο

1979 2937 2132 2994 Tunc
2159 2939 2355 2997 factori
2379 2958 2500 3012 suo,
2536 2953 2596 3000 ut
2624 2946 2811 3014 homo,
2842 2946 3016 3003 fidelis
3039 2948 3215 3004 factus
3244 2958 3351 3015 est,
3405 2948 3571 3019 perti-

1979 3031 2291 3102 ciens‘opus
2316 3034 2481 3104 illius,
2522 3038 2666 3093 sicut
2693 3039 2811 3109 ipse
2852 3048 3083 3095 testatur
3104 3040 3171 3072 “'
3200 3057 3214 3094 :
3243 3049 3373 3097 tunc
3405 3040 3571 3095 etiam

1978 3126 2253 3194 apostolus
2274 3128 2570 3196 factusest,
2600 3146 2699 3202 pro
2723 3134 2880 3189 nobis
2905 3142 2960 3189 et
2980 3144 3203 3205 propter
3226 3152 3324 3191 nos
3343 3137 3568 3191 missus:

1981 3224 2108 3272 tunc
2130 3216 2306 3275 factus
2339 3231 2422 3277 est
2446 3223 2690 3292 pontifex
2712 3224 3075 3285 confessionis
3094 3237 3319 3293 nostrae,
3335 3228 3572 3285 offerens

278 3321 412 3389 γίιις
434 3320 593 3391 ἡμῶν
618 3322 930 3393 ἀρχιερεὺς,
958 3323 1287 3394 προσφέρων
1318 3323 1421 3392 τῆς
1444 3322 1685 3386 πίστεως
1715 3322 1872 3393 ἡμῶν

1984 3311 2380 3369 confessionem
2422 3317 2543 3371 fidei
2590 3326 2794 3374 nostra:
2826 3318 2999 3387 Patri,
3044 3330 3102 3375 et
3144 3337 3343 3392 corpus
3386 3337 3569 3388 suum,

277 3414 383 3486 τὴν
422 3414 713 3485 ὁμολογίαν
744 3414 821 3485 τῷ
863 3416 1063 3485 Πατρὶ,
1091 3415 1186 3468 καὶ
1214 3414 1273 3467 τὸ
1302 3414 1433 3469 [διον
1480 3415 1660 3486 σῶμα,
1699 3415 1874 3469 κα.θά-

277 3524 394 3578 περ
424 3523 475 3559 τι
505 3506 650 3576 θύμα
701 3507 995 3577 προσάγων
1048 3506 1301 3579 ἄμωμον,
1343 3509 1433 3561 ἵνα
1469 3507 1680 3572 πάντας
1728 3511 1878 3580 ἡμᾶς

274 3599 352 3652 δι’
400 3598 564 3652 αὑτοῦ
606 3598 898 3671 καθαρίσῃ.
932 3602 1029 3654 “Av
1076 3601 1259 3653 τοίνυν
1305 3601 1531 3673 λέγηται
1564 3603 1693 3672 περὶ
1745 3602 1875 3657 Υἱοῦ

276 3691 369 3743 ὅτι
404 3690 592 3759 γέγονε
642 3690 856 3757 πιστὸς,
894 3693 975 3745 ὅτι
1005 3692 1229 3762 γέγονεν
1281 3694 1601 3760 ἀπόστολος,
1654 3694 1877 3765 γέγονεν

277 3783 601 3852 ἀρχιερεὺς,
641 3783 717 3855 μὴ
751 3785 893 3839 κατὰ
938 3784 1040 3856 τῆς
1084 3787 1272 3851 οὐσίας
1305 3788 1470 3841 αὑτοῦ
1521 3789 1772 3861 φερέσθω
1817 3790 1879 3844 τὸ

280 3875 460 3947 ῥῆμα,
510 3875 647 3929 ἀλλὰ
692 3878 834 3932 κατά
878 3881 991 3951 τῆς
1021 3879 1131 3933 τῶν
1184 3882 1525 3955 πραγμάτων
1570 3885 1875 3956 ποιότητος.

294 3965 521 4038 Ἐπειδὴ
542 3969 637 4021 καὶ
651 3967 879 4034 Παῦλος,
919 3970 1208 4043 ἄνθρωπος
1237 3973 1313 4027 ὢν
1335 3976 1430 4028 καὶ
1459 3975 1723 4047 ὑπάρχων
1749 3977 1875 4049 ἤδη,

278 4059 513 4127 γέγονεν
546 4060 865 4127 ἀπόστολος,
902 4061 999 4117 καὶ
1036 4064 1245 4136 Μωσῆς
1271 4065 1533 4133 ὡσαύτως
1561 4070 1754 4139 γέγονε
1785 4086 1877 4123 πι-

280 4150 415 4211 στὸς
444 4152 502 4206 ἐν
550 4150 659 4222 ὅλῳ
696 4153 774 4224 τῷ
824 4152 959 4226 οἴκῳ
990 4156 1179 4223 αὑτοῦ,
1225 4159 1319 4215 καὶ
1358 4158 1571 4231 Ἀαρὼν
1612 4160 1878 4225 ὡσαύτως

275 4238 511 4310 γέγονεν
544 4244 838 4317 ἀρχιερεὺς
884 4248 941 4301 ἐν
973 4248 1152 4320 ἐαυτῷ
1181 4251 1276 4305 καὶ
1315 4250 1484 4307 πάλαι
1512 4251 1604 4307 τὸν
1646 4254 1879 4327 Σωτῆρα

283 4334 535 4406 μορφῶν.
567 4335 780 4408 Ὅνπερ
812 4340 922 4411 γὰρ
948 4341 1150 4413 τρόπον
1179 4344 1208 4396 ὁ
1244 4344 1453 4417 ’Λαρὼν
1482 4345 1583 4399 οὐκ
1611 4347 1877 4420 ἐγεννήθη

283 4424 396 4495 μιν
422 4426 733 4498 ἀρχιερεὺς,
769 4429 985 4495 πολλοῖς
1011 4431 1068 4487 δέ
1104 4432 1331 4505 ὕστερον
1360 4436 1575 4508 χρόνοις
1596 4438 1757 4492 τοῦτο
1787 4440 1880 4508 γέ-

277 4531 435 4585 γονε,
466 4516 558 4571 τὸν
588 4520 797 4592 ποδήρη
849 4522 1298 4597 περιϐαλόμενος,
1338 4529 1433 4582 καὶ
1466 4527 1564 4603 τὴν
1604 4531 1876 4602 ἐπωμίδα,

279 4609 387 4695 καὶ
413 4608 485 4661 τὰ
511 4608 646 4664 ἄλλα
675 4611 779 4682 τῆς
827 4614 1111 4686 ἱερατικῆς
1150 4617 1377 4690 ἐσθῆτος
1411 4621 1689 4693 σχήματα,
1732 4622 1881 4695 ἅπερ

277 4694 356 4771 ἦν
386 4700 525 4773 ἔργα
577 4706 887 4773 γυναικῶν·
941 4709 1032 4763 τὸν
1060 4710 1228 4765 αὐτὸν
1259 4713 1324 4785 δὴ
1380 4716 1583 4787 τρόπον
1630 4716 1725 4769 καί⁵
1783 4694 1877 4770 ἐπὶ

279 4794 547 4866 Χριστοῦ.
581 4792 690 4851 Ἦν
735 4799 834 4870 μὲν
873 4801 982 4873 γάρ
1006 4800 1035 4854 ό
1071 4804 1245 4873 Λόγος
1276 4807 1335 4861 ἐν
1384 4808 1550 4880 ἀρχῇ,
1591 4807 1774 4880 πολλῷ
1818 4809 1876 4862 δέ

280 4883 517 4956 ὕστερον
546 4889 722 4961 χρόνῳ
755 4892 978 4962 γέγονεν
999 4896 1143 4966 ύπέρ
1169 4898 1327 4970 ἡμῶν
1353 4900 1666 4972 ἀρχιερεὺς,
1689 4901 1879 4975 ὥσπερ

277 4976 416 5029 τινὰ
464 4979 675 5051 ποδήρη
709 4982 799 5036 τὸν
843 4986 908 5038 ἐκ
949 4990 1207 5056 γυναικὸς
1253 4989 1539 5063 ἄνθρωπον
1587 4996 1706 5066 ἤτοι
1755 4998 1880 5051 ναὸν

282 5070 581 5126 dvexian
605 5089 619 5103 ·
656 5074 745 5129 ἶνα
787 5076 864 5147 τῷ
899 5078 1014 5149 ἰδίῳ
1050 5081 1243 5152 αἵματι
1293 5084 1568 5159 καθαρίσῃ
1605 5088 1700 5141 τὸν
1729 5089 1877 5157 λαὸν,

279 5162 487 5217 ἐαυτὸν
533 5170 918 5236 προσενεγκὼν
969 5171 1045 5235 ὡς
1099 5173 1270 5244 ἀμνὸν
1322 5177 1554 5249 ἄμωμον
1599 5180 1676 5251 τῷ
1723 5182 1876 5254 Θεῷ·

285 5274 309 5307 c
333 5256 432 5347 _Ot'a
465 5256 574 5328 γὰρ
615 5261 870 5332 ἐποίησεν
904 5264 1198 5336 ἁμαρτίαν,
1238 5270 1359 5325 οὐδὲ
1401 5273 1600 5347 εὑρέθη
1638 5275 1788 5341 δόλος
1822 5279 1881 5333 ἐν

276 5345 366 5415 τῷ
411 5347 639 5419 στόματι
670 5353 859 5408 αὐτοῦ.
902 5376 922 5410 s

285 5466 423 5515 ὀτι
453 5465 637 5549 οὺδξν
657 5467 864 5549 {inpar
892 5476 1219 5549 σημαίνειν
1250 5479 1541 5542 ,βούλεται
1562 5482 1628 5536 τὸ
1669 5487 1878 5549 πιστὸς,

571 5537 609 5604 ῆ
653 5538 742 5592 ὅτι
780 5537 1032 5613 ἀληθινός
1070 5549 1170 5601 καὶ
1213 5537 1592 5617 ἀναλλοίωτος.

366 5649 565 5714 Πιστὸς
594 5654 623 5706 ό
656 5654 847 5728 Σωτὴρ
880 5659 1121 5715 καλεῖται
1144 5663 1389 5731 δικαίως,
1418 5668 1549 5737 μίαν
1577 5670 1717 5742 ὑπὲρ
1742 5674 1877 5725 πὰν-

282 5757 401 5797 των
452 5742 643 5798 θυσίαν
694 5750 1093 5819 προσενεγκὼν,
1138 5755 1237 5825 τὴν
1293 5759 1464 5831 αὐτὴν
1516 5760 1602 5813 ἀεὶ
1642 5762 1735 5815 καὶ
1783 5764 1883 5817 οὐκ

1978 3404 2144 3459 veluti
2180 3408 2580 3464 immaculatam
2628 3414 2921 3481 quamdam
2999 3416 3231 3469 hOStiatn
3275 3416 3571 3482 adducens,

1980 3505 2039 3549 ut
2069 3512 2261 3553 omnes
2295 3515 2395 3555 nos
2425 3515 2521 3569 per
2554 3503 2733 3572 ipsum
2770 3506 3074 3559 mundaret.
3104 3504 3161 3561 Si
3191 3521 3321 3574 ergo
3382 3509 3449 3562 de
3485 3507 3576 3562 Fi-

1980 3585 2052 3641 lio
2078 3588 2301 3655 dicitur,
2330 3593 2475 3661 quod
2512 3589 2690 3647 factus
2734 3593 2809 3646 sit
2854 3594 3055 3663 fidelis,
3083 3597 3226 3666 quod
3260 3595 3441 3653 factus
3502 3599 3577 3651 sit

1980 3680 2278 3747 apostolus,
2312 3683 2486 3738 factus
2504 3684 2747 3755 pontifex
2773 3705 2787 3754 ;
2816 3702 2924 3743 non
2952 3688 3019 3744 ad
3061 3691 3356 3745 essentiam
3403 3691 3577 3761 ipsius

1980 3774 2183 3829 dictum
2211 3775 2555 3835 referendum
2580 3790 2684 3846 est,
2721 3784 2816 3839 sed
2844 3786 2911 3839 ad
2943 3785 3259 3855 qualitatem
3292 3790 3461 3866 215
3485 3776 3593 3845 re?

1982 3880 2125 3919 rum.
2200 3864 2485 3939 Siquidem
2518 3880 2574 3925 et
2597 3870 2796 3929 Paulus
2825 3874 2989 3931 homo
3014 3891 3136 3931 cum
3167 3890 3333 3947 esset,
3373 3864 3447 3934 ει⁷
3461 3882 3575 3947 jam

1980 3961 2290 4027 exsisteret,
2324 3961 2498 4017 factus
2525 3972 2609 4019 est
2629 3969 2905 4035 apostolus
2934 3988 2948 4023 :
2978 3979 3035 4023 et
3054 3970 3234 4027 Moses
3258 3973 3447 4027 eadem
3484 3989 3575 4026 ra-

1983 4054 2128 4109 tione
2159 4054 2341 4111 factus
2371 4066 2454 4111 est
2486 4058 2681 4125 ﬁdelis,
2720 4060 2773 4114 in
2807 4070 2919 4116 tota
2958 4061 3122 4118 domo
3144 4066 3263 4134 ejus
3299 4065 3370 4118 ".
3398 4063 3577 4120 Simili

1982 4148 2144 4203 modo
2172 4150 2338 4205 etiam
2365 4152 2545 4207 Aaron
2593 4151 2771 4210 factus
2822 4164 2908 4210 est
2959 4153 3227 4226 pontifex,
3274 4157 3576 4213 Salvatoris

1983 4251 2167 4311 typum
2198 4242 2313 4313 jam
2362 4244 2493 4297 olim
2548 4245 2600 4298 in
2670 4260 2731 4303 se
2776 4247 3044 4304 referens.
3102 4249 3574 4317 Quemadmodum

1981 4333 2124 4388 enim
2160 4336 2343 4390 Aaron
2376 4351 2482 4391 non
2513 4345 2593 4390 est
2625 4346 2785 4393 natus
2812 4337 3185 4408 pontifex,sed
3221 4341 3405 4395 multis
3420 4352 3575 4412 post—

1981 4440 2045 4480 ea
2099 4428 2433 4495 temporibus
2480 4427 2534 4484 id
2565 4428 2739 4485 factus
2768 4442 2875 4499 est,
2915 4431 3140 4488 talarem
3168 4444 3376 4489 vestem
3417 4436 3575 4491 indu-

1984 4529 2093 4589 tus,
2121 4531 2171 4577 et
2199 4525 2667 4594 superhumerale,
2700 4524 3019 4596 reliquaque
3064 4527 3393 4597 pontificalis
3414 4529 3575 4585 habi-

1984 4620 2071 4668 tus
2102 4626 2424 4670 ornamenta
2455 4631 2486 4670 a
2510 4616 2829 4673 mulieribus
2852 4618 3101 4675 confecta
3133 4639 3148 4677 :
3212 4622 3353 4677 idem
3417 4625 3578 4695 plane

1982 4707 2050 4762 de
2070 4706 2290 4763 Christo
2320 4709 2485 4763 etiam
2514 4713 2843 4766 censendum
2867 4721 2970 4767 est.
3010 4712 3137 4769 Erat
3162 4716 3305 4770 enim
3338 4717 3575 4774 Verbum

1982 4805 2036 4858 in
2066 4805 2336 4876 principio
2371 4821 2391 4864 ι
2441 4804 2626 4860 multis
2652 4819 2785 4859 vero
2809 4815 2999 4875 postea
3020 4809 3356 4877 temporibus
3403 4811 3578 4866 factus

1981 4908 2063 4955 est
2096 4913 2195 4967 pro
2220 4897 2377 4953 nobis
2405 4895 2669 4968 pontifex,
2695 4896 2969 4952 hominem
3001 4913 3069 4953 ex
3126 4901 3356 4958 muliere
3411 4905 3575 4960 veluti

1986 4994 2209 5049 talarem
2239 5002 2445 5047 vestem
2476 4991 2591 5047 sive
2631 4991 2888 5061 templum
2923 5007 3231 5061 assumens,
3268 5008 3323 5049 ut
3354 5000 3579 5067 proprio

1983 5102 2081 5143 suo
2111 5086 2374 5153 sanguine
2404 5084 2657 5154 populum
2690 5085 3003 5150 mandaret,
3033 5096 3091 5142 ut
3113 5088 3351 5157 seipsum
3409 5094 3579 5145 Veluti

1982 5195 2179 5252 agnum
2228 5179 2636 5235 immaculatum
2703 5178 2814 5235 Deo
2852 5178 3119 5237 offerret:
3159 5200 3177 5233 ι
3215 5179 3406 5251 Neque
3430 5186 3575 5238 enim

1985 5274 2113 5329 fecit
2166 5285 2471 5342 peccatum,
2528 5287 2703 5342 neque
2748 5272 3005 5329 inventus
3065 5283 3147 5330 est
3174 5275 3328 5331 dolus
3366 5277 3419 5331 in
3484 5294 3585 5333 Ol‘t'

1982 5366 2027 5435 ej
2037 5382 2097 5421 us
2126 5367 2191 5422 ⁵³.
2238 5386 2257 5419 s

1985 5482 2138 5549 Quod
2171 5482 2344 5538 ﬁdelis
2375 5480 2508 5536 nihil
2532 5481 2681 5557 aliud
2710 5484 2963 5557 signi/iret
2994 5500 3157 5555 quam
3212 5500 3372 5542 verus
3425 5497 3583 5557 atque

2590 5554 2962 5610 immutabilis.

2056 5668 2316 5726 Servator
2348 5679 2531 5725 noster
2568 5671 2765 5725 merito
2788 5682 3014 5728 vocatur
3046 5673 3240 5737 ﬁdelis.
3264 5674 3464 5744 quippe
3485 5674 3580 5745 qui

1984 5778 2147 5819 unam
2180 5778 2276 5833 pro
2298 5763 2557 5820 omnibus
2588 5762 2824 5818 hostiam
2848 5763 3064 5829 obtulit,
3090 5781 3211 5836 qum
3244 5780 3461 5835 semper
3485 5779 3583 5820 ea-

368 5906 619 5997 “EC‘EIB-
650 5926 750 5974 XII.
779 5915 866 5997 ΗΔ
946 5915 1178 5997 ‘f_.f_o.1n.
1202 5936 1258 5987 ν,
1292 5923 1382 5997 22.
1463 5926 1509 5957 '°
1540 5926 1671 5982 Dan.
1695 5943 1786 5986 vn.
1826 5897 2018 5994 ιϐηι.
2100 5930 2165 5962 ⁸⁰”
2189 5928 2232 5984 ll
2257 5928 2398 5984 Tim.
2432 5928 2573 5997 Iv,l.
2653 5928 2693 5959 "
2732 5925 2886 5985 Joan.
2918 5943 2955 5995 ι,
2990 5926 3076 5981 Η.
3153 5929 3221 5959 ἰ’
3246 5925 3407 5983 Joan.
3440 5940 3578 5993 xm,

286 5979 347 6033 ὅ.
422 5979 467 6013 ⁸⁸
497 5981 658 6040 Num.
702 6000 799 6045 xu.
836 5987 891 6043 7.
968 5979 1325 6055 ³³1Ρειι·]ι,
1357 5994 1452 6053 ‘22.

612 6078 890 6146 Tarson.
940 6082 1058 6149 Gn.
1113 6085 1365 6150 LXXV.

3186 6088 3254 6149 1‘2

3218 6130 3253 6151 ﬂ
