4024 6458
521 487 625 547 363

1499 460 1558 517 S.
1598 453 1875 515 CVRILLI
1915 445 2382 508 ALEXANDRINI
2422 441 2739 499 ARCIIIEP.

3667 427 3775 482 366

522 544 639 652 dein
671 600 775 654 est,
807 599 983 655 neque
1010 596 1259 652 unquam
1286 586 1544 634 mutatur.
1573 592 1592 626 ι
1632 572 1808 629 Semel
1829 570 1970 625 enim
1995 582 2089 638 pro

2203 562 2611 632 ἀλλαττομένην.
2651 576 2668 609 ι
2708 553 2891 615 Ἀπιιξ
2924 553 3029 623 γὰρ
3066 549 3351 604 ἀποθανὼν
3395 546 3536 616 ὑπὲρ
3592 544 3784 614 ἡμῶν·

528 684 682 739 nobis
710 689 980 741 mortuus,
1011 690 1119 730 non
1156 671 1356 727 videbit
1384 666 1611 737 amplius
1628 672 1851 719 mortem
1874 662 1940 712 “.
1974 680 1991 711 ι
2022 658 2087 713 Et

517 783 735 828 rursum
769 764 1063 838 Apostolus
1090 762 1158 817 ad
1182 759 1491 817 Corinthios
1516 754 1778 815 scribens.
1808 752 1916 804 sit:
1954 768 1971 800 ι
1997 746 2087 802 Fi-

515 864 649 917 delis
680 861 844 923 Deus,
874 871 971 927 per
992 868 1155 925 quem
1178 850 1351 907 vocati
1385 849 1518 905 estis
1546 846 1599 900 in
1629 845 1937 900 societatem
1963 838 2085 893 Filii

512 954 631 1023 ejus
658 952 725 1005 ⁸³.
763 968 782 1003 ι
828 946 1088 1004 Similiter
1113 956 1168 999 et
1200 942 1393 998 Petrus
1424 956 1437 993 :
1476 956 1494 989 ι
1526 937 1653 993 ideo
1680 936 1717 990 ii
1746 934 1838 1005 qui
1876 932 2088 1001 patiun-

515 1018 623 1104 tur.
647 1039 791 1094 fideli
821 1034 1066 1092 Creatori
1110 1029 1494 1087 commendent
1546 1026 1755 1080 animas
1810 1036 1935 1077 suas
1959 1018 2026 1073 ".
2061 1036 2081 1069 ι

513 1130 713 1185 Paulus
752 1127 919 1181 etiam
982 1123 1049 1179 ad
1100 1117 1660 1177 Ihessalouicenses:
1700 1132 1719 1166 ι
1760 1112 1959 1169 Fidelis
2006 1117 2090 1164 est

513 1225 604 1292 qui
630 1236 727 1275 nos
753 1218 985 1283 vocavit,
1006 1215 1096 1286 qui
1123 1222 1177 1270 et
1222 1212 1385 1268 faciet
1410 1211 1479 1265 ".
1519 1228 1538 1262 s
1572 1208 1637 1263 Et
1670 1207 1735 1261 sd
1767 1204 1936 1259 alios:
1978 1219 1998 1253 ι
2029 1198 2087 1256 Si

515 1311 774 1369 increduli
805 1309 1085 1372 fuerimus,
1106 1306 1194 1360 ille
1218 1304 1394 1359 ﬁdelis
1423 1296 1867 1374 permanet.Nsm
1894 1302 2091 1350 semet-

514 1406 689 1475 ipsum
729 1403 997 1471 abnegsre
1018 1413 1125 1454 non
1154 1406 1332 1469 potest
1389 1395 1453 1449 ⁵⁸.
1498 1391 1747 1446 ιΐὶάειὶο
1796 1390 1960 1459 igitur
2008 1392 2090 1440 est

512 1496 778 1561 Christus,
864 1493 990 1562 quis
1059 1499 1114 1544 et
1183 1487 1345 1543 homo
1414 1484 1595 1541 factus
1687 1480 1889 1547 mansit
1949 1474 2087 1530 idem

514 1602 687 1657 usque
737 1600 901 1650 nunc,
968 1593 1024 1637 et
1075 1582 1126 1636 in
1169 1579 1363 1635 secula
1398 1596 1410 1630 :
1446 1586 1607 1645 atque
1660 1576 1732 1628 ita
1780 1570 1995 1641 quidem
2026 1564 2089 1619 ii-

514 1680 649 1735 delis
685 1687 788 1743 est,
817 1678 954 1731 sicut
975 1684 1029 1730 et
1050 1672 1219 1728 Pater
1255 1669 1426 1725 fidelis
1444 1668 1649 1722 dicitur
1686 1664 1737 1717 in
1760 1675 1916 1717 sacra
1941 1658 2088 1713 Scri-

514 1781 688 1841 ptura.

513 1900 581 1956 In
609 1900 767 1965 illud,
801 1917 819 1950 ι
862 1897 1115 1951 Firmiter
1138 1896 1302 1964 igitur
1322 1889 1856 1965 seintromnis‘dom‘us
1889 1882 2080 1965 Israel,

580 1972 705 2041 quia
742 1957 1026 2023 Dominum
1060 1957 1313 2041 ipsumet.
1344 1964 1606 2041 (innatum
1636 1960 1757 2027 fecit
1778 1958 1915 2009 Deus
1945 1957 2081 2005 [tunc
2111 1963 2154 2017 Β

586 2033 791 2107 Jesum,
824 2054 972 2109 quem
1002 2034 1340 2103 cruciﬁxistis
1366 2033 1432 2085 ⁵⁸.
1472 2050 1490 2082 ι

582 2236 813 2291 Necesse
842 2248 1027 2287 rursus
1059 2240 1162 2295 est,
1191 2237 1249 2282 ut
1284 2228 1368 2281 hic
1407 2224 1647 2288 verbum,
1684 2242 1702 2274 ι
1748 2222 1901 2287 fecit,
1934 2240 1950 2272 ι
1980 2237 2087 2277 non

514 2331 580 2383 ad
632 2326 922 2381 essentiam
952 2322 1114 2375 Verbi
1162 2319 1474 2374 referatur:
1536 2328 1711 2382 neque
1758 2313 2089 2368 exsistentia:

515 2414 635 2477 Filii
670 2426 888 2489 prepter
927 2415 1029 2469 hoc
1070 2426 1265 2467 nomen
1307 2409 1586 2463 insultare.
1616 2405 1748 2459 Nam
1784 2407 1829 2460 sl
1866 2405 2087 2459 verbum

522 2533 541 2565 s
576 2512 725 2576 fecit,
766 2528 782 2560 ›
824 2506 1145 2561 naturaliter
1167 2502 1415 2570 accipere
1441 2499 1593 2563 velis,
1617 2507 1762 2551 recte
1802 2496 1864 2550 de
1894 2494 2091 2563 templo

514 2622 582 2661 ex
624 2602 789 2657 Maria
823 2600 963 2654 facto
996 2591 1343 2664 interpretari
1387 2590 1631 2659 poteris;
1680 2588 1726 2641 si
1780 2600 1907 2639 vero
1968 2595 2092 2653 apte

518 2708 679 2767 atque
713 2695 786 2747 ita
840 2702 900 2745 ut
956 2694 1192 2757 oportet,
1255 2682 1388 2737 nihil
1432 2683 1498 2735 ad
1550 2678 1807 2733 Verbum.
1854 2675 2091 2745 Exempli

518 2788 689 2859 gratia
731 2802 743 2839 :
791 2783 889 2849 Qui
924 2779 1050 2835 olim
1084 2789 1285 2847 pauper
1312 2782 1449 2837 erat,
1476 2770 1648 2824 factus
1686 2781 1767 2823 est
1791 2769 1967 2832 dives;
2004 2774 2095 2819 aut

518 2857 611 2951 qui
647 2877 714 2931 ab
744 2874 899 2928 initio
926 2870 1183 2941 propheta
1216 2881 1319 2919 non
1349 2872 1487 2927 erat,
1520 2862 1571 2914 in
1598 2860 1915 2929 prophetam
1937 2857 2094 2911 aDco

518 2950 723 3027 electus
757 2975 865 3021 est.
889 2962 1024 3017 Nam
1050 2962 1102 3014 in
1134 2955 1437 3027 huiusmodi
1470 2952 1851 3013 locutionibus_
1875 2969 1894 3001 ι
1926 2950 2096 3005 factus

520 3072 605 3120 est
634 3080 651 3113 ι
689 3076 791 3114 non
825 3054 1145 3128 principium
1173 3047 1333 3119 Q15
1362 3044 1654 3099 exsistendi
1693 3041 1979 3111 signiﬁcat,
2004 3040 2097 3094 sed

522 3152 915 3209 traductionem
946 3146 998 3199 in
1032 3143 1176 3195 aliud
1199 3153 1360 3209 quam
1412 3144 1550 3191 erat.
1603 3132 1886 3199 Quomodo
1938 3131 2101 3200 igitur

521 3248 662 3299 Deus
680 3240 866 3296 Jcsum
921 3234 1110 3290 fecerit
1158 3228 1443 3283 Dominum
1480 3226 1571 3294 pie
1599 3223 1942 3293 querendum
1994 3229 2094 3276 est.

2187 656 2288 709 οὐκ
2320 655 2507 724 ὕψεται
2539 650 2768 704 θάνατον
2790 648 2852 700 εκ
2878 645 3154 717 δευτέρου.
3185 661 3203 692 s
3236 642 3345 693 Καὶ
3370 638 3577 691 πάλινὸ
3614 635 3779 687 Ἀπό-

2188 748 2375 810 στολος
2424 741 2750 799 επιστιλλων
2780 741 2890 792 τισὶ
2929 739 3111 806 λέγει·
3152 753 3170 785 ι
3213 734 3410 794 Πιστὸς
3453 730 3481 781 6
3526 729 3679 788 Θεὸς,
3707 727 3772 777 δι’

2186 829 2250 891 οῦ
2280 833 2548 903 ικλήθητε
2583 831 2665 894 εις
2695 826 2980 882 κοινωνίαν
3002 824 3095 878 τοῦ
3132 820 3263 875 Υίοῦ
3293 819 3480 874 αὑτοῦ.
3520 838 3540 870 ι
3566 818 3778 885 Πέτρος

2188 923 2390 994 ὁμοίως
2413 936 2424 949 ·
2462 920 2658 973 «Ὠστε
2693 918 2785 970 καὶ
2813 917 2863 968 oi
2905 915 3210 984 πάσχοντες
3242 908 3420 979 πιστῷ
3439 907 3632 976 κτίστῃ
3668 922 3776 957 πα-

2192 1012 2595 1086 ρατιθέσθωσαν
2640 1008 2737 1072 τὰς
2783 1007 2962 1077 ψυχὰς
3011 1002 3211 1058 αὐτῶν.
3263 1021 3282 1054 ι
3333 1001 3390 1054 '0
3452 996 3779 1056 ’Δπόστολος

2188 1102 2673 1160 Θεσσαλονικεῦσι·
2728 1117 2748 1151 ι
2796 1097 2992 1161 Πιστὸς
3040 1098 3069 1151 6
3126 1094 3308 1148 καλῶν
3360 1091 3529 1162 ἡμᾶς,
3582 1090 3640 1151 ὃς
3683 1087 3779 1140 καὶ

2189 1197 2427 1268 ποιήσει.
2470 1215 2489 1247 ι
2526 1194 2636 1248 Καὶ
2652 1192 2854 1263 ὁμοίως
2882 1189 3018 1259 πρὸς
3037 1187 3291 1256 ἑτέρους·
3328 1202 3347 1233 ι
3383 1182 3448 1235 El
3479 1180 3779 1248 ἀπιστήσο-

2193 1306 2312 1360 μεν,
2343 1286 2550 1348 ἐκεῖνος
2597 1282 2786 1343 πιστὸς
2820 1278 2993 1349 μένει.
3028 1297 3047 1329 s
3093 1270 3461 1346 Ἀρνήσασθαι
3505 1267 3615 1335 γὰρ
3649 1267 3780 1318 eau-

2191 1357 2281 1433 τὸν
2308 1378 2367 1430 οὐ
2394 1376 2641 1429 δύναται.
2674 1370 2867 1431 Πιστὸς
2895 1364 2986 1421 οὖν
3004 1370 3033 1420 6
3057 1363 3314 1437 Χριστὸς,
3340 1361 3425 1414 ὅτι
3450 1359 3543 1412 καὶ
3565 1357 3781 1428 ἂνθρω-

2191 1487 2292 1532 πος
2320 1466 2582 1537 γεγονὼς,
2602 1464 2814 1534 ἔμεινεν
2840 1462 2868 1513 6
2891 1457 3073 1521 αὐτὸς,
3100 1455 3245 1525 χθὲς,
3276 1452 3371 1505 καὶ
3392 1452 3658 1519 σήμερον,
3682 1444 3780 1498 καὶ

2190 1562 2268 1623 είς
2298 1560 2423 1622 τοὺς
2454 1558 2655 1619 αίῶνας
2682 1572 2694 1585 ·
2731 1555 2825 1608 καὶ
2858 1550 3044 1613 πιστὸς
3070 1548 3263 1610 οὕτως,
3296 1547 3371 1606 ὡς
3401 1542 3497 1595 καὶ
3520 1542 3549 1595 6
3583 1539 3779 1609 Πατὴρ

2190 1649 2328 1707 εἶναι
2357 1652 2573 1720 λέγεται
2598 1649 2787 1710 πιστὸς
2829 1643 2980 1714 παρά
3001 1644 3119 1704 ταῖς
3149 1638 3322 1701 θείαις
3361 1634 3630 1707 Γραφαίς.

2192 1874 2293 1937 ΕΙ(
2335 1870 2422 1935 τὸ,
2481 1888 2499 1920 ι
2544 1866 2851 1937 Ἀσφαλῷς
2900 1857 3012 1937 οὖν
3059 1860 3396 1937 γινωσκέτω
3437 1853 3565 1937 θεᾶς,
3613 1846 3780 1937 οὗτος

2269 1922 2529 2008 ἣσράὴλ,
2582 1922 2669 1991 dri
2722 1922 2843 2008 καί
2876 1922 3097 2008 Κίριοίθ
3144 1928 3361 2008 ιξξίιτὸγ⁸
3380 1922 3780 2008 καί-Χριρντιῖν

2254 1990 2544 2077 tZ—iétﬁi'r’éi-
2599 2011 2631 2060 ό
2684 2006 2826 2071 Θεὸς
2878 1990 3092 2056 τοῦτον
3158 1998 3439 2065 Ἰησοῦν,
3491 1990 3569 2047 ὃνί
3609 1990 3779 2061 ὑμεῖς

2255 2081 2696 2147 ἐσταυρώσατε.
2734 2096 2752 2126 ι

2257 2213 2378 2283 Χρὴ
2420 2212 2581 2264 πάλιν
2606 2210 2792 2261 ἐνθάδε
2813 2207 2895 2273 τὸ,
2935 2226 2952 2257 ι
2991 2204 3237 2276 ἔποίησε,
3286 2222 3304 2254 s
3342 2201 3419 2273 μὴ
3445 2202 3526 2262 si;
3558 2200 3658 2270 τὴν
3689 2198 3781 2250 οὐ,

2190 2304 2312 2357 σίαν
2359 2301 2657 2372 ἀναφέρειν
2680 2300 2775 2351 τοῦ
2813 2298 3013 2364 Λόγου,
3055 2296 3188 2367 μηδὲ
3226 2294 3326 2363 τῆς
3368 2290 3660 2362 ὑπάρξεως
3683 2285 3778 2341 τοῦ

2190 2396 2319 2449 Υἱοῦ
2378 2396 2467 2448 διὰ
2521 2394 2622 2462 τὴν
2676 2391 2819 2455 λέξιν
2885 2386 3416 2457 καταθρασύνεσθαι.
3494 2382 3651 2435 ’Λλλὰ
3696 2380 3778 2438 τὸ.

2194 2508 2214 2541 ι
2251 2488 2527 2557 ἐποίησεν,
2565 2503 2584 2536 s
2611 2485 2659 2535 εί
2687 2484 2785 2552 μὲν
2822 2480 3067 2549 φυσικῶς
3096 2477 3323 2540 ἐθέλοις,
3356 2474 3569 2545 ὲκλήψη
3602 2472 3780 2534 καλῶς

2192 2580 2283 2632 ἐπὶ
2314 2577 2407 2630 τοῦ
2439 2578 2501 2628 ἐκ
2530 2576 2747 2644 Μαρίας
2783 2572 3099 2641 ποιηθέντος
3144 2568 3275 2623 ναοῦ
3296 2584 3312 2600 ·
3346 2569 3395 2620 εί
3428 2568 3485 2619 δὲ
3519 2582 3781 2637 πραγμαο

2193 2671 2357 2731 τικῶς
2392 2668 2571 2727 πάλιν,
2596 2665 2746 2717 οὐδὲν
2772 2664 2904 2732 πρὸς
2935 2663 3025 2714 τὸν
3050 2662 3240 2729 Λόγον,
3269 2656 3380 2712 οἷον
3420 2658 3550 2729 φέρε
3579 2661 3775 2711 εἰπεῖν·

2197 2761 2371 2828 Πένης
2402 2775 2483 2820 τις
2532 2758 2699 2809 πάλαι
2745 2754 3049 2823 τυγχάνων,
3100 2753 3399 2821 χρημάτων
3449 2752 3643 2818 γέγονε
3682 2747 3777 2801 xti-

2198 2867 2345 2920 ριος·
2379 2849 2409 2918 ἤ
2466 2850 2752 2920 προφήτης
2780 2847 2878 2899 οὐκ
2922 2847 2995 2899 ὢν
3035 2845 3095 2910 ἐξ
3122 2845 3319 2915 ἀρχῆς,
3371 2847 3452 2908 εἰς
3495 2845 3779 2915 προφήτην

2198 2940 2581 3012 προεχειρίσθη
2617 2940 2767 3008 παρὰ
2804 2937 2962 2991 Θεοῦ.
3010 2937 3150 2989 Ἀλλ’
3182 2954 3240 2988 εν
3282 2939 3393 2999 τοῖς
3428 2936 3696 2998 τοιούτοις
3722 2935 3780 2988 τὸ

2204 3052 2223 3085 ι
2265 3032 2500 3099 ἐγένετο,
2534 3048 2553 3081 ι
2581 3031 2640 3082 οὐ
2669 3029 2765 3098 τὴν
2798 3028 2973 3099 ἀρχὴν
3002 3026 3095 3079 τοῦ
3139 3020 3277 3080 εἶναι
3339 3029 3614 3096 σημαίνει,
3670 3026 3782 3079 ἀλλ.

2201 3126 2280 3187 είς
2310 3124 2462 3175 ποῖόν
2507 3138 2560 3173 τι
2590 3122 2819 3191 πρᾶγμα
2854 3122 2950 3172 καὶ
2983 3121 3094 3173 ἀπὸ
3136 3121 3282 3183 τίνος
3326 3121 3515 3191 ἑτέρου
3550 3121 3785 3189 μετέστη

2200 3217 2261 3269 τὸ
2288 3213 2707 3285 σημαινόμενον.
2742 3212 2866 3275 Πῶς
2914 3206 3008 3265 οῦν
3036 3210 3241 3282 Κύριον
3290 3212 3515 3282 ἐποίησε
3554 3213 3647 3264 τὸν
3686 3212 3788 3278 ’1η-

520 3334 655 3389 Cum
693 3334 875 3392 itaque
903 3324 1044 3379 Deus
1068 3320 1303 3375 Verbum
1336 3317 1607 3371 exsistens
1634 3322 1795 3381 atque
1848 3310 2097 3366 omnium

2203 3308 2329 3360 σοῦν
2362 3307 2390 3358 6
2418 3305 2574 3371 Θεὸς,
2602 3303 2719 3367 πῶς
2750 3304 2806 3356 δὲ
2843 3303 3098 3373 Χριστὸν,
3133 3303 3428 3371 ἀναγκαῖον
3472 3304 3658 3373 ζητεῖν
3696 3304 3784 3355 εῦ-

531 3423 815 3481 llominus.
855 3431 951 3488 per
1007 3409 1433 3469 incarnationem
1468 3404 1643 3460 factus
1691 3413 1777 3457 est
1829 3404 1881 3457 in
1932 3401 2103 3458 forma

524 3514 669 3572 servi
700 3512 766 3575 ⁸⁸,
804 3509 1023 3576 ungitur
1056 3502 1273 3572 quidem
1315 3508 1615 3567 unctusque
1644 3509 1764 3549 esse
1799 3494 1995 3548 dicitur
2032 3494 2103 3559 “,

524 3613 744 3675 propter
769 3600 821 3654 id
851 3596 995 3667 quod
1022 3592 1225 3649 homini
1251 3588 1526 3645 convenit.
1591 3584 1923 3642 Conscendit
1944 3644 1953 3649 ,
1973 3597 2104 3638 vero

524 3710 715 3752 rursus
738 3694 789 3748 in
814 3684 1565 3752 dominationispotestatem,
1595 3692 1654 3732 ut
1676 3678 1859 3744 homo,
1890 3677 2102 3730 tametsi

527 3780 889 3842 Dominusslt,
927 3778 1272 3833 nimirumut
1336 3771 1495 3827 Deus.
1560 3767 1901 3823 lncarnatum
1958 3765 2103 3821 enim

524 3873 725 3932 estDei
758 3870 1016 3935 Verbum,
1050 3883 1157 3923 non
1189 3875 1247 3920 ut
1270 3864 1495 3918 liberam
1540 3858 1633 3913 Dei
1669 3868 1914 3913 naturam
1963 3856 2103 3911 servi

528 3966 703 4020 forma
731 3962 1006 4021 obrueret,
1036 3969 1212 4023 neque
1244 3961 1303 4005 ut
1325 3966 1421 4007 sua
1446 3958 1638 4003 natura
1696 3962 1760 4001 ac
1804 3946 2105 4015 proprieta-

530 4057 673 4111 tibus
698 4050 925 4121 abjectis
953 4047 1020 4100 ab
1054 4046 1305 4099 humane
1346 4050 1553 4094 naturae
1578 4038 1995 4108 proprietatibus
2016 4050 2105 4090 su-

529 4155 833 4219 peraretur,
863 4140 955 4195 sed
991 4148 1050 4192 ut
1081 4135 1337 4192 servilem
1362 4144 1600 4187 nostram
1634 4130 1997 4185 conditionem
2036 4129 2103 4182 ad

532 4236 744 4296 Domini
776 4234 1002 4304 gloriam
1027 4226 1333 4289 extolleret,
1356 4233 1409 4278 et
1439 4220 1893 4291 contemptibilem
1943 4230 2102 4273 natu-

532 4346 647 4386 ram
698 4337 939 4383 nostram
978 4322 1044 4375 ad
1082 4334 1234 4376 suam
1268 4316 1602 4371 nobilitatem
1636 4313 1964 4368 traduceret.
1988 4311 2105 4379 Quo

531 4430 690 4490 pacto
714 4418 858 4471 enim
888 4426 1148 4468 vocamur
1177 4414 1371 4462 fratres
1394 4406 1595 4462 Christi
1624 4404 1691 4470 ⁸³,
1719 4404 1985 4474 quomodo
2011 4417 2104 4471 ap-

534 4489 799 4580 pellamur
818 4503 917 4557 filii
941 4502 1007 4567 “,
1038 4500 1083 4555 si
1107 4498 1343 4552 Verbum
1371 4496 1461 4549 Dei
1511 4493 1712 4548 factum
1742 4491 1875 4546 nihil
1900 4505 1995 4546 nos
2015 4489 2105 4558 ju~

532 4603 649 4657 vit?
676 4599 812 4654 Cum
840 4610 967 4651 vero
992 4608 1203 4649 sacram
1235 4590 1577 4660 Scripturam
1604 4586 1873 4641 dicentem
1893 4583 2097 4648 audies,

2207 3399 2400 3464 σεὸὦς.
2469 3398 2689 3467 Ἐπειδὴ
2740 3397 2849 3467 γὰρ
2904 3395 3258 3465 Θεδς’Λόγος
3304 3397 3383 3450 ὣν
3440 3401 3535 3451 καὶ
3569 3401 3785 3453 πάντων

2206 3492 2463 3562 ὑπάρχων
2487 3490 2787 3559 Δεσπότης,
2822 3488 3251 3560 ενανθρωπήσας
3275 3490 3498 3558 γέγονεν
3521 3495 3579 3543 ἐν
3600 3494 3667 3561 τῇ
3692 3491 3784 3544 τοῦ

2202 3584 2386 3637 δούλου
2425 3585 2627 3653 μορφῇ,
2664 3582 2874 3652 χρίεται
2922 3582 3095 3652 μὲν,ἢ
3136 3582 3421 3652 κεκρίσθαι
3462 3582 3680 3651 λέγεται
3701 3583 3789 3638 διὰ

2200 3676 2265 3727 τὸ
2290 3674 2563 3747 ἀνθρώπῳ
2602 3674 2830 3743 πρέπον.
2877 3673 3184 3727 ’Ᾱναόαίνει
3214 3674 3271 3727 δὲ
3314 3674 3394 3737 είς
3428 3673 3528 3745 τὴν
3558 3675 3657 3745 τῆς
3690 3692 3782 3728 κυ-

2204 3768 2449 3839 ριότητος
2490 3766 2739 3830 ἐξουσίαν
2781 3766 2943 3819 πάλιν
2981 3766 3057 3829 ὼς
3096 3765 3399 3835 ἄνθρωπος,
3442 3766 3622 3819 καίτοι
3670 3767 3782 3821 Κύ-

2206 3871 2317 3922 ριος
2340 3852 2414 3905 ὢν
2440 3853 2513 3916 ὡς
2535 3853 2685 3916 Θεός.
2737 3854 3079 3923 Ἐπεδήμησε
3110 3854 3216 3923 γὰρ
3241 3856 3268 3905 6
3291 3853 3381 3906 τοῦ
3418 3854 3553 3909 Θεοῦ
3585 3857 3779 3925 Λόγος,

2203 3945 2300 4013 οὐχ
2326 3945 2411 3998 ἴνα
2443 3945 2541 4013 τὴν
2566 3945 2856 4015 ἐλευθέραν
2880 3946 2973 3998 τοῦ
3002 3945 3137 3998 Θεοῦ
3182 3945 3341 4014 φύσιν
3372 3949 3436 4018 τῇ
3472 3948 3566 4000 τοῦ
3594 3949 3781 4002 δούλου

2203 4034 2498 4108 καταχώσῃ
2553 4038 2775 4107 μορφῇ,
2807 4036 2928 4089 οὐδὲ
2975 4036 3062 4090 ἵνα
3091 4038 3151 4090 τὸ
3198 4039 3401 4092 οίκεϊον
3446 4040 3629 4108 ἀφεὶς,
3674 4045 3786 4105 τοῖς

2201 4126 2300 4197 τῆς
2348 4126 2769 4197 ἀνθρωπὸτητος
2812 4126 3063 4196 ίδιώμασι
3113 4128 3394 4199 κρατηθῇ·
3436 4130 3553 4183 ἀλλ’
3588 4133 3675 4185 ἕνα
3726 4132 3787 4185 τὸ

2201 4218 2384 4271 δοῦλον
2412 4220 2489 4281 εἰς
2530 4218 2628 4290 τὴν
2653 4221 2752 4290 τῆς
2784 4220 3107 4290 κυριότητος
3133 4221 3423 4292 ἀναρπάσῃ
3464 4224 3653 4295 τιμὴν,
3692 4227 3787 4278 καὶ

2203 4310 2283 4372 είς
2302 4309 2397 4380 τὴν
2422 4311 2625 4363 οίκείαν
2658 4309 2933 4378 εὐγένειαν
2982 4314 3361 4383 μετασκευάσῃ
3405 4313 3466 4366 τὸ
3496 4316 3784 4385 ἠτιμωμέ-

2204 4417 2312 4453 νον.
2360 4401 2511 4454 Ἐπεὶ
2547 4401 2662 4464 πῶς
2693 4401 2913 4471 ἀδελφοὶ
2952 4402 3267 4472 καλούμεθα
3296 4404 3553 4475 Χριστοῦ,
3583 4406 3702 4469 πῶς
3730 4407 3786 4459 δὲ

2204 4493 2311 4545 υίοὶ
2333 4490 2769 4565 χρηματίζομεν,
2799 4494 2849 4545 εί
2875 4492 3041 4563 μηδὲν
3072 4494 3217 4563 ἡμᾶς
3256 4493 3539 4564 ὠφέλησεν
3570 4495 3784 4565 ἄνθρω-

2206 4601 2302 4647 πος
2347 4583 2586 4652 γεγονὼς
2628 4586 2657 4637 6
2705 4582 2799 4637 τοῦ
2830 4582 2966 4636 Θεοῦ
3004 4584 3206 4651 Λόγος;
3253 4584 3378 4639 Ἐὰν
3422 4585 3479 4639 δὲ
3520 4585 3784 4659 λεγούσης

532 4651 844 4765 ἀξόαοευε
876 4690 1047 4758 ipsum
1085 4685 1275 4739 fecerit
1301 4651 1587 4739 Dominum
1638 4688 1694 4734 et
1736 4688 1997 4742 unctum,
2048 4686 2098 4731 et

2203 4675 2445 4747 ἀκούσῃς
2471 4674 2572 4745 τῆς
2600 4674 2749 4738 θείας
2777 4674 2997 4746 Γραφῆς
3027 4675 3110 4728 ὅτι
3138 4676 3235 4730 καὶ
3259 4676 3464 4747 Κύριον
3498 4651 3665 4733 αὐτὸν
3692 4651 3785 4733 κὰι

534 4786 627 4841 Dei
689 4782 1103 4852 appellationem
1127 4778 1193 4830 ad
1236 4774 1411 4829 Patris
1446 4786 1734 4842 personam
1787 4769 1956 4825 refers
1981 4783 1994 4821 :
2024 4768 2103 4844 ta-

534 4877 666 4931 tcris
700 4876 867 4929 etiam
917 4872 989 4926 ita
1030 4870 1362 4925 voluntatem
1395 4865 1518 4920 Filii
1544 4866 1802 4921 accedere
1828 4864 1893 4917 ad
1935 4863 2103 4918 bene-

530 4965 1006 5041 placitumPatris.
1036 4960 1399 5018 Etbominum
1426 4960 1598 5029 ipsum
1620 4971 1738 5013 esse
1753 4956 1911 5011 scivit
1942 4955 2103 5011 etiam

530 5077 654 5117 cum
692 5060 867 5113 factus
890 5064 972 5112 est
1004 5056 1058 5109 in
1092 5054 1267 5110 forma
1300 5051 1679 5118 servi;neque
1722 5058 1901 5102 tamen
1949 5061 2102 5116 repe-

534 5154 641 5207 ries
666 5150 864 5206 Filium
895 5151 962 5204 ab
996 5151 1097 5202 huc
1121 5145 1437 5217 operatione
1470 5141 1772 5196 exclusum.
1804 5138 1935 5194 Nam
1989 5152 2108 5208 qua:

532 5243 692 5299 l‘nler
719 5251 972 5312 operatur
988 5249 1113 5293 sunt
1136 5236 1354 5293 omnino
1374 5247 1538 5303 opera
1567 5230 1715 5295 Filii;
1752 5239 1807 5285 et
1836 5244 1955 5300 qua:
1984 5243 2107 5298 per-

534 5336 645 5391 licit
674 5333 862 5397 Filius,
898 5333 1087 5387 eadem
1120 5340 1175 5384 et
1201 5330 1363 5383 Pater
1386 5332 1660 5399 operatur.
1702 5323 1903 5378 Idcirco
1936 5321 2109 5391 inquit

535 5426 834 5482 Servator:
876 5442 898 5476 ι
941 5423 1051 5491 Ego
1074 5438 1104 5477 a
1134 5436 1219 5476 me
1240 5418 1371 5474 nihil
1406 5417 1580 5483 facio;
1608 5414 1703 5471 sed
1731 5414 1887 5469 Pater
1908 5414 1997 5484 qui
2054 5414 2107 5467 in

536 5531 621 5572 me
649 5527 850 5580 manet,
878 5516 990 5584 ipse
1004 5527 1166 5583 opera
1190 5510 1317 5566 facit
1333 5510 1397 5564 “.
1421 5528 1442 5561 ι
1465 5507 1552 5561 Fit
1580 5507 1759 5576 itaque
1783 5505 2036 5559 Dominus
2056 5514 2110 5558 et

538 5619 751 5675 unctus,
774 5622 896 5662 cum
921 5608 1080 5662 homo
1098 5603 1276 5660 factus
1302 5611 1409 5669 est,
1434 5609 1594 5670 atque
1642 5599 1711 5653 ob
1774 5597 1826 5652 id
1884 5607 2107 5652 vocatus

610 5784 656 5817 "
682 5784 837 5839 Rom.
870 5801 947 5849 vr,
976 5786 1062 5840 l0.
1136 5785 1184 5817 "
1221 5784 1241 5837 ι
1270 5784 1395 5837 Cor.
1424 5795 1463 5843 ι,
1496 5779 1552 5835 9.
1628 5780 1673 5810 "
1697 5778 1713 5832 I
1740 5778 1885 5849 Petr.
1924 5772 2098 5849 lV,_i_9

2205 5775 2279 5849 _"_
2304 5777 2321 5828 l
2350 5772 2545 5829 Thess.
2580 5787 2640 5849 _v_,
2665 5772 2755 5849 25.

2206 4767 2438 4840 Χριστὸν
2462 4767 2714 4837 ἐποίησεν
2740 4768 2770 4819 6
2788 4765 2943 4830 Θεὸς,
2974 4766 3065 4819 καὶ
3092 4768 3191 4837 τὴν
3213 4766 3309 4820 τοῦ
3340 4766 3475 4821 Θεοῦ
3508 4786 3785 4843 προσηγο-

2210 4860 2331 4930 ρίαν
2367 4861 2448 4922 εἰς
2478 4858 2539 4911 τὸ
2561 4855 2654 4910 τοῦ
2675 4856 2891 4926 Πατρὸς
2919 4857 3209 4928 πρόσωπον
3228 4856 3527 4930 ἁναφέρῃς,
3560 4876 3787 4930 συνομο-

2207 4948 2387 5017 λογεῖς
2437 4948 2539 5019 μὲν
2584 4949 2679 5001 καὶ
2728 4946 2899 5011 οὕτως
2930 4947 3013 5001 ὅτι
3057 4949 3169 5011 τοῖς
3201 4946 3467 5019 θελήμασι
3518 4950 3617 5003 τοῦ
3656 4951 3785 5006 Υίοῦ

2209 5041 2516 5095 συνευδοκεῖ
2548 5041 2641 5095 καὶ
2672 5043 2700 5093 6
2733 5040 2941 5111 Πατήρ.
2968 5040 3079 5093 Καὶ
3114 5038 3319 5112 Κύριον
3345 5036 3485 5094 οἶδεν
3509 5043 3672 5096 αὐτὸν
3696 5044 3787 5097 καὶ

2208 5136 2297 5189 ὅτε
2324 5133 2551 5203 γέγονεν
2594 5133 2653 5185 ὲν
2687 5135 2755 5204 τῇ
2800 5132 2895 5185 τοῦ
2935 5130 3122 5185 δούλου
3172 5134 3388 5203 μορφῇ⁹
3432 5134 3535 5186 οὐκ
3583 5132 3689 5199 ἔξω
3730 5135 3786 5188 δὲ

2208 5229 2357 5298 ὅμως
2391 5225 2512 5280 οὐδὲ
2551 5223 2647 5277 τοῦ
2685 5223 2857 5277 ταῦτα
2886 5226 3061 5277 ποιεῖν
3094 5223 3123 5276 6
3153 5223 3275 5286 Υίὸς
3302 5223 3682 5295 εὑρεθήσεται.
3724 5229 3786 5279 Ἀ

2208 5318 2317 5389 γὰρ
2348 5316 2413 5371 ἂν
2427 5316 2734 5388 ἐργάζηται
2764 5317 2792 5368 6
2816 5314 3028 5385 Πατὴρ,
3053 5314 3225 5369 ταῦτα
3241 5314 3459 5379 πάντως
3478 5316 3626 5370 ἐστὶν
3651 5316 3789 5387 ἔργα

2208 5410 2300 5463 τοῦ
2332 5410 2487 5473 Υίοῦ,
2516 5408 2613 5463 καὶ
2637 5408 2780 5479 ἅπερ
2808 5408 2873 5461 ἂν
2891 5410 2920 5462 6
2946 5408 3073 5471 Υίὺς
3097 5408 3339 5478 ἐπιτελῇ,
3369 5407 3543 5462 ταῦτα
3572 5409 3788 5472 πάντως

2208 5502 2237 5553 ὁ
2296 5502 2484 5575 Πατὴρ
2543 5500 2853 5571 ἐργάζεται.
2914 5501 3015 5553 Διά
3068 5498 3226 5553 τοῦτό
3281 5503 3505 5571 φησινό
3560 5502 3786 5571 Σωτήρ·

2216 5612 2235 5644 ι
2289 5588 2408 5647 Ἀπ’
2467 5591 2707 5662 ἐμαυτοῦ
2761 5591 2901 5645 ποιῶ
2950 5590 3137 5645 οὐδέν·
3172 5592 3201 5644 6
3237 5589 3294 5643 δὲ
3326 5590 3518 5663 Πατὴρ
3563 5592 3621 5645 ὲν
3670 5592 3783 5661 ἐμοὶ

2863 5771 2908 5803 ⁸⁸
2935 5769 2979 5824 ll
3008 5770 3151 5826 Tim.
3186 5786 3248 5838 ιι,
3282 5771 3372 5826 13.
3492 5771 3539 5803 ³⁸
3569 5770 3693 5827 Act.
3722 5785 3784 5837 ιι,

542 5854 632 5911 56.
689 5838 703 5839 ί
730 5838 775 5890 δ’
800 5838 1032 5927 Philipp.
1052 5838 1118 5921 ιι,
1142 5853 1195 5908 6.
1288 5854 1332 5884 ἰ
1364 5838 1494 5906 Luc.
1527 5848 1712 5925 “.18;
1742 5848 1865 5905 Act.
1891 5838 2098 5914 iv,'27.
2178 5845 2222 5877 “
2256 5843 2412 5902 Josn.
2450 5860 2542 5911 xx,
2573 5842 2663 5899 17.
2739 5843 2783 5877 ⁸³
2812 5840 3010 5901 Ηοιη.
3040 5857 3122 5910 ιιι,
3148 5840 3199 5897 1.
3277 5841 3323 5874 ⁸⁵
3350 5838 3511 5898 Joau.
3541 5856 3663 5913 xiv,
3702 5842 3784 5897 ιο.
