4024 6454
469 470 569 525 567

1444 469 1500 524 S.
1545 467 1817 525 CYMLLI
1858 462 2331 522 ALEXANDRINI
2368 462 2691 517 ARCIIIEP.

3610 469 3714 525 368

470 604 649 654 tuum,
699 602 917 660 regnum
963 586 1200 642 omnium
1250 587 1561 641 saculorum
1592 587 1659 641 ⁷³.
1717 605 1735 639 s
1786 585 1842 640 Si
1896 599 2023 655 ergo

2142 581 2405 645 ίασιλιίας
2436 598 2550 634 σου.
2581 599 2599 632 s
2636 578 2746 633 Καὶ
2774 578 2969 634 πάλιν
3006 598 3026 629 t
3069 579 3134 634 Ἥ
3170 581 3415 651 βασιλεία
3454 602 3569 651 σου⁴
3612 587 3715 656 βαι

468 681 626 733 ctiam
670 690 791 733 ante
832 678 1260 733 incarnationem
1293 676 1523 732 Verbum
1564 677 1653 730 Dei
1692 686 1809 730 erat
1844 690 1937 730 rex
1974 684 2027 730 et

468 767 756 831 Dominus,
796 766 1065 836 quomodo
1106 781 1209 821 non
1255 767 1299 822 is
1342 766 1688 834 blasphemus
1727 765 2029 821 censendus

466 861 533 911 sit
574 859 663 927 qui
699 858 898 913 factum
928 872 1050 915 esse
1089 858 1155 913 de
1210 858 1443 913 essentia
1478 857 1896 927 interpretetur?
1924 857 2024 912 Fa-

468 962 583 1005 ctus
608 956 750 1006 enim
780 962 863 1007 est
887 961 1071 1006 noster
1095 950 1379 1015 Dominus,
1412 965 1535 1005 cum
1567 949 1713 1003 illum
1744 950 1905 1004 talem
1933 964 2027 1004 co-

467 1045 770 1113 gnovimus,
790 1043 1027 1111 quando,
1060 1040 1310 1096 omnibus
1339 1042 1495 1097 nobis
1523 1042 1781 1113 sanguine
1809 1056 1908 1096 suo
1939 1055 2027 1095 re-

466 1135 715 1203 demptis,
745 1134 1049 1189 declaratus
1076 1143 1160 1190 est
1187 1132 1435 1189 Christus
1462 1143 1516 1187 et
1548 1131 1823 1188 Dominus.

588 1331 749 1402 217
784 1331 931 1387 Idem
959 1333 1136 1400 aliter,
1165 1334 1397 1403 exemplo
1431 1352 1463 1388 α
1492 1336 1639 1390 nobis
1668 1345 1892 1405 sumpto.

534 1509 591 1565 Si
634 1509 700 1563 de
744 1508 957 1565 homine
997 1508 1176 1579 aliquo
1216 1496 1483 1565 diceretur
1522 1509 1762 1565 :Factus
1801 1521 1885 1566 est
1926 1513 2027 1569 iste

464 1598 626 1668 hujus
646 1600 1001 1669 possessionis
1033 1599 1283 1654 dominus
1319 1618 1332 1653 :
1366 1601 1490 1669 quis
1518 1600 1653 1655 adeo
1675 1600 1876 1656 delirus
1906 1602 2025 1657 fue-

464 1691 555 1755 rit,
584 1699 640 1743 ut
668 1700 777 1743 tum
806 1689 1163 1744 substantiam
1193 1690 1334 1745 illius
1361 1689 1556 1746 factam
1583 1705 1705 1746 esse
1732 1692 2024 1758 existimet,

464 1781 679 1852 quando
708 1780 1013 1835 declaratus
1040 1789 1123 1835 est
1151 1780 1379 1850 alicujus
1409 1782 1484 1836 rei
1515 1783 1799 1837 dominus?
1828 1782 2026 1840 Factus

462 1874 604 1929 enim
641 1883 723 1928 est
762 1887 865 1926 non
904 1874 1046 1941 quod
1090 1880 1203 1926 tum
1248 1872 1540 1927 easistendi
1583 1873 1795 1928 initium
1837 1885 2028 1930 nactus

463 1967 552 2031 sit,
582 1964 673 2019 sed
701 1962 846 2033 quod
877 1936 1077 2032 aliquid
1110 1963 1169 2016 in
1194 1976 1345 2017 suam
1378 1973 1699 2033 potestatem
1733 1965 2024 2022 reduxerit.
2061 1936 2102 1994 Β

462 2056 539 2111 Ita
576 2057 739 2111 etiam
780 2056 845 2109 de
881 2054 1096 2110 Christo
1132 2056 1473 2125 cogitandum
1512 2065 1613 2111 est.
1653 2056 2029 2113 Serviebamus

461 2148 589 2201 olim
629 2146 776 2201 falsis
810 2145 934 2209 diis,
970 2155 1024 2200 et
1058 2146 1392 2214 corruptioni
1428 2147 1646 2201 obnoxii
1684 2161 1937 2212 eramus;
1975 2157 2030 2201 at

461 2236 555 2291 Dei
575 2234 808 2290 Verbum
837 2249 902 2289 ex
931 2234 1263 2304 beneplacito
1290 2233 1466 2290 Patris
1495 2234 1693 2290 factum
1725 2246 1806 2290 est
1835 2238 2025 2303 homo,

461 2336 519 2382 ut
559 2326 712 2381 nobis
744 2325 810 2379 ab
842 2338 1027 2379 errore
1062 2324 1307 2379 abductis
1343 2323 1438 2378 ﬂat
1472 2325 1711 2380 omnium
1747 2326 2025 2382 Dominus.

460 2416 627 2473 Unxit
658 2430 782 2471 vero
815 2415 985 2485 ipsum
1019 2413 1199 2479 Pater,
1232 2423 1285 2470 ut
1320 2431 1415 2485 per
1443 2417 1619 2485 ipsum
1652 2417 1729 2471 vis
1763 2432 1826 2472 ac
1857 2422 2030 2473 virtus

459 2508 713 2579 ungentis
756 2508 917 2562 etiam
963 2508 1016 2560 in
1061 2520 1159 2562 nos
1203 2508 1531 2575 perveniret.
1576 2505 1710 2562 Nam
1756 2509 1811 2563 ln
1856 2510 2030 2579 primo

459 2601 673 2655 Christo
704 2610 909 2653 natura:
940 2607 1139 2654 nostra:
1170 2598 1307 2653 bona
1341 2600 1639 2653 instaurata
1668 2609 1813 2667 sunt,
1845 2599 2028 2656 facta-

2130 672 2304 725 σιλιία
2334 672 2550 725 πάντων
2579 668 2687 721 τῶν
2714 668 2943 724 αἰώνων.
2969 690 2987 723 s
3030 672 3090 724 El
3136 674 3315 727 τοίνυν
3355 676 3450 730 καὶ
3480 676 3585 745 πρὸ
3614 678 3715 747 τῆς

2131 764 2461 835 σαρκώσεως
2505 760 2757 833 βασιλεύς
2801 778 2862 815 τι
2906 762 2999 815 καὶ
3037 760 3241 833 Κύριος
3269 762 3339 835 ἦν
3374 766 3403 818 ὸ
3442 762 3539 821 τοῦ
3574 767 3713 820 Θεοῦ

2129 857 2331 926 Λόγος,
2370 855 2487 919 πῶς
2516 854 2616 907 οὐκ
2646 855 2710 909 ἄν
2750 871 2833 917 τις
2872 854 3054 925 ἔνοχος
3092 857 3176 926 air;
3217 859 3329 920 τοῖς
3369 861 3468 929 τῆς
3507 858 3715 929 δυσφη-

2132 950 2259 1019 μίας
2288 949 2625 1019 ἐγκλήμασι,
2662 948 2804 1001 κατὰ
2841 947 2939 1019 τῆς
2982 948 3170 1011 οὐσίας
3212 948 3378 1003 αὑτοῦ
3420 951 3601 1020 φέρων
3651 951 3717 1004 τὸ

2129 1040 2495 1110 πιποιῆσθαις
2525 1038 2719 1106 Γέγονε
2755 1036 2864 1106 γὰρ
2906 1038 3066 1108 ἡμῶν
3093 1037 3295 1108 Κύριος
3332 1040 3441 1092 τῶν
3469 1042 3715 1107 ἐπιγνω-

2129 1132 2302 1185 κότων
2344 1130 2437 1184 τὸν
2472 1129 2680 1183 ἑαυτῶν
2710 1129 3009 1199 Δισπάτην,
3046 1131 3133 1183 ὅτε
3177 1129 3256 1199 τῷ
3295 1131 3482 1199 οίκείῳ
3518 1132 3714 1201 αἵματι

2130 1223 2337 1285 πάντας
2368 1221 2663 1293 ἀγοράσας,
2686 1221 2967 1293 ἀνεδείχθη
3000 1220 3234 1293 Χριστὸς
3260 1224 3355 1275 καὶ
3390 1223 3614 1294 Κύριος.

2134 1332 2365 1397 Ἄλλως
2426 1330 2493 1384 τὸ
2538 1330 2713 1395 αὐτὸ,
2762 1330 2993 1405 ᾔει-τῶν
3050 1333 3177 1387 καθ’
3234 1331 3393 1403 ἡμᾶς
3448 1336 3598 1405 ἕχον
3650 1336 3718 1391 τὸ

2745 1402 3096 1471 ὑπόδειγμα.

2211 1512 2274 1564 El
2323 1512 2410 1564 ἐπ’
2456 1511 2747 1584 ἀνθρώπου
2806 1512 3018 1580 λέγοιτο
3079 1515 3278 1586 τυχόν·
3330 1517 3563 1587 Γέγονεν
3623 1522 3710 1575 ὅδε

2127 1602 2283 1657 τοῦδε
2316 1604 2410 1657 τοῦ
2462 1607 2741 1675 κτήματος
2786 1606 3005 1675 κύριος,
3051 1606 3134 1670 τίς
3171 1608 3346 1673 οὕτως
3382 1611 3449 1664 ἂν
3489 1614 3576 1681 εἴη
3614 1624 3713 1684 λη-

2132 1693 2258 1763 ρῶν,
2290 1695 2365 1756 ὼς
2390 1695 2510 1747 τότε
2542 1694 2637 1764 τὴν
2665 1696 2851 1749 οὐσίαν
2880 1696 3043 1749 αὐτοῦ
3078 1700 3416 1771 πεποιῆσθαι
3447 1702 3715 1774 νομίζειν,

2127 1785 2216 1838 ὅτε
2249 1787 2341 1838 καὶ
2371 1785 2556 1856 κύριος
2588 1788 2801 1859 ἐδείχθη
2834 1788 3013 1854 τινόςς
3058 1789 3257 1858 Γέγονε
3286 1793 3396 1864 γὰρ
3423 1795 3524 1847 οὐκ
3553 1796 3711 1859 αὐτὸς

2130 1877 2209 1939 τίς
2237 1877 2494 1931 σύστασιν
2517 1876 2610 1931 τοῦ
2638 1874 2777 1933 εἶναι
2803 1878 2921 1932 τότε
2953 1880 3251 1951 προελθὼν,
3284 1884 3397 1937 ἀλλ’
3427 1886 3513 1953 ὑφ’
3536 1886 3715 1958 ἑαυτῷ

2129 1983 2181 2019 τι
2226 1968 2610 2038 ποιησάμενος.
2662 1968 2819 2021 Οῦτω
2866 1988 2955 2040 μοι
3006 1971 3116 2024 νόει
3168 1973 3264 2025 καὶ
3308 1975 3401 2027 ἐπὶ
3450 1977 3710 2047 Χριστοῦ.

2143 2053 2522 2125 Ἐὄουλεύομεν
2553 2056 2720 2110 πάλαι
2753 2060 2864 2121 τοῖς
2902 2060 2977 2129 μὴ
3006 2056 3127 2113 οῦσι
3166 2060 3339 2125 θεοῖς·
3373 2064 3713 2137 ὑπεκείμεθα

2128 2148 2194 2215 τῇ
2236 2148 2443 2216 φθορᾷ’
2478 2146 2615 2201 ἀλλὰ
2658 2148 2883 2217 γέγονεν
2925 2150 3212 2221 ἄνθρωπος
3240 2154 3269 2206 ὸ
3303 2155 3396 2207 τοῦ
3438 2156 3571 2210 Θεοῦ
3611 2161 3713 2212 Λό-

2130 2254 2223 2306 γος
2257 2238 2644 2308 εὐδοκήσαντος
2671 2240 2764 2293 τοῦ
2800 2242 3030 2313 Πατρὸς,
3069 2245 3157 2299 ἵνα
3192 2247 3291 2317 τῆς
3324 2248 3532 2319 πλάνης
3566 2254 3712 2321 ἡμᾶς

2130 2327 2448 2392 ἀπαλλάξας
2489 2330 2714 2399 γένηται
2756 2333 2974 2389 πάντων
3008 2334 3232 2405 Κύριος.
3262 2338 3482 2411 Ἔχρισε
3510 2341 3569 2394 δὲ
3611 2345 3709 2396 σὺ·

2130 2414 2221 2470 τὸν
2251 2420 2279 2471 ὁ
2312 2418 2523 2489 Πατὴρ,
2569 2420 2656 2473 ἶνα
2702 2420 2770 2473 δι’
2806 2422 2969 2477 αὑτοῦ
3012 2424 3194 2497 φθάσῃ
3235 2427 3330 2480 καὶ
3375 2430 3457 2489 είς
3494 2432 3640 2501 ἡμᾶς
3680 2435 3713 2503 ή

2130 2508 2224 2561 τοῦ
2256 2508 2540 2578 χρίσαντος
2564 2510 2810 2581 δύναμις.
2835 2514 3031 2581 Γέγονε
3054 2516 3163 2587 γὰρ
3182 2518 3240 2570 ὲν
3265 2519 3467 2592 πρώτῳ
3493 2522 3715 2593 Χριστῷ

2130 2599 2200 2652 τὰ
2246 2600 2344 2671 τῆς
2388 2600 2603 2669 φύσεως
2628 2602 2782 2672 ἡμῶν
2813 2604 3014 2673 ἀγαθὰ,
3047 2606 3142 2660 καὶ
3167 2610 3393 2679 ἀπαρχὴ
3420 2610 3530 2663 τῶν
3556 2612 3713 2667 θείων

460 2708 565 2762 que
592 2700 714 2746 sunt
740 2690 892 2745 nobis
922 2690 1173 2759 primitias
1201 2690 1506 2745 divinorum
1538 2692 1802 2746 donorum
1834 2692 1887 2746 in
1917 2692 2031 2762 ipso

2142 2691 2263 2760 ἡμῖν
2287 2693 2641 2761 χαρισμάτων
2666 2694 2722 2746 ὲν
2751 2694 2899 2764 αὐτῷ
2933 2696 3023 2749 καὶ
3050 2696 3116 2749 δι’
3148 2698 3312 2753 αὐτοῦ
3339 2700 3414 2765 ὡς
3442 2701 3713 2776 ἀνθρώπῳ

460 2796 514 2841 et
550 2801 645 2856 per
676 2786 879 2855 ipsum,
912 2793 972 2839 ut
1009 2784 1061 2839 in
1105 2784 1322 2841 homine
1348 2795 1404 2840 et
1440 2799 1470 2840 a
1512 2785 1619 2840 Deo
1651 2801 1665 2839 :
1702 2785 1842 2841 Deus
1887 2786 2031 2841 enim

460 2888 579 2935 erat
606 2879 659 2933 in
690 2892 874 2933 carne.

1063 2988 1213 3042 Ideat
1245 2988 1419 3043 aliter.

529 3107 725 3161 Beatus
760 3104 926 3158 David
962 3102 1155 3158 alicubi
1199 3104 1271 3157 ita
1313 3102 1491 3172 psallit
1532 3119 1545 3155 :
1589 3121 1606 3155 ι
1647 3101 1775 3158 Fias
1810 3104 1940 3160 mihi
1980 3104 2031 3158 in

461 3199 627 3255 Deum
662 3204 1015 3267 protectorem
1041 3196 1161 3259 ης»
1188 3204 1243 3248 et
1278 3208 1490 3248 rursum
1528 3212 1541 3248 :
1582 3212 1601 3246 ι
1640 3195 1708 3249 Et
1745 3196 1924 3252 factus
1949 3206 2034 3251 est

2134 2782 2230 2835 καὶ
2267 2784 2414 2853 παρὰ
2446 2784 2581 2837 Θεοῦ
2601 2801 2615 2815 ·
2646 2784 2780 2850 Θεὸς
2812 2788 2919 2860 γὰρ
2948 2784 3014 2860 ἦν
3043 2790 3101 2843 ἂν
3137 2793 3322 2862 σαρκί.

2659 2986 2886 3053 Ἄλλως
2926 2989 2989 3041 τὸ
3028 2990 3196 3045 αὑτό.

2206 3095 2412 3149 Ψάλλει
2451 3110 2551 3148 που
2593 3096 2684 3149 καί
2715 3114 2892 3167 φησιν
2934 3101 2963 3153 ὀ
3016 3101 3287 3172 μακάριος
3328 3106 3528 3161 Δαϐίδ·
3570 3110 3715 3164 ιηΓε-

2137 3187 2228 3241 νοῦ
2271 3204 2361 3259 μοι
2394 3189 2475 3250 ιίς
2500 3186 2631 3243 Θεὸν
2660 3189 3075 3262 ὑπερασπιστήν
3099 3209 3111 3222 ·
3142 3211 3162 3246 s
3197 3196 3291 3249 καὶ
3326 3197 3487 3253 πάλιν
3508 3217 3523 3232 ⁸
3560 3221 3577 3253 ι
3611 3204 3719 3258 Καὶ

460 3294 720 3349 Dominus
764 3288 1024 3359 refugium
1069 3287 1385 3359 pauperi".
1430 3305 1449 3339 s
1500 3286 1764 3343 Ceterum
1812 3289 1865 3343 in
1909 3288 2027 3355 bis,

2142 3280 2350 3349 ιγένετο
2376 3280 2582 3351 Κύριος
2611 3286 2898 3355 καταφυγὴ
2929 3286 3007 3356 τῷ
3041 3286 3250 3359 πένητι.
3281 3308 3301 3343 s
3341 3292 3483 3347 Ἀλλ’
3516 3296 3575 3348 ἐν
3606 3298 3719 3351 τού·

462 3397 622 3441 nemo
637 3389 780 3437 certe
792 3379 1167 3437 dixeritDeum
1184 3388 1294 3433 tum
1309 3379 1537 3448 cmpisse
1548 3380 1811 3435 exsistere
1821 3380 2035 3449 quando

461 3473 637 3529 factus
672 3481 754 3527 est
787 3472 1053 3541 refugium
1094 3470 1336 3541 pauperi.
1380 3470 1605 3540 Semper
1636 3471 1779 3527 enim
1818 3472 1921 3527 hoc
1955 3472 2037 3543 ip-

463 3581 581 3623 sum
610 3564 898 3628 exsistens,
926 3577 1247 3632 semperque
1272 3576 1501 3617 servans
1526 3576 1831 3631 Oppressae,
1860 3563 2036 3619 factus

462 3666 549 3713 est
582 3656 768 3711 Davidi
804 3654 856 3709 in
900 3654 1064 3710 Deum
1104 3662 1463 3723 protectorem
1488 3692 1503 3719 ,
1540 3662 1594 3708 et
1630 3655 1851 3723 pauperi
1886 3654 2033 3709 refu-

464 3748 634 3819 gium.
669 3746 1128 3813 Quemadmodum
1166 3747 1331 3818 igitur
1364 3746 1416 3802 id
1453 3747 1597 3816 quod
1632 3760 1847 3815 semper
1880 3756 2033 3812 erat,

466 3840 569 3894 hac
599 3839 772 3906 ipsum
801 3852 987 3893 rursus
1017 3837 1075 3892 ﬁt
1107 3840 1333 3907 petenti,
1362 3847 1416 3891 et
1444 3838 1623 3892 oranti
1655 3855 1668 3891 :
1700 3838 1773 3891 ita
1800 3846 1853 3892 et
1880 3837 2037 3893 Chri-

466 3942 583 3986 stus
617 3945 737 3987 curn
774 3945 987 3999 semper
1019 3931 1093 3986 sit
1127 3931 1384 3987 Dominus
1416 3939 1470 3985 et
1506 3944 1626 3995 rex,
1660 3938 1842 3999 utpote
1875 3929 2034 3997 Deus,

467 4022 641 4077 factus
681 4030 763 4077 est
804 4022 963 4076 etiam
1008 4023 1079 4076 in
1105 4023 1261 4077 nobis
1307 4023 1591 4089 Bd'minus,
1626 4022 1841 4091 quando
1885 4025 2037 4077 dete-

469 4121 674 4168 stantes
700 4112 1035 4183 tyrannidem
1065 4112 1261 4168 diaboli
1289 4128 1395 4183 qua
1424 4129 1522 4169 nos
1546 4114 1901 4184 opprimebat,
1927 4116 2038 4171 cla-

468 4208 730 4261 mavimus
759 4208 824 4261 ad
854 4205 1068 4261 Patrem
1102 4224 1115 4259 :
1151 4224 1168 4257 s
1203 4205 1404 4261 Emitte
1433 4206 1610 4263 lumen
1642 4218 1791 4263 tuum
1813 4218 1872 4265 et
1896 4210 2037 4265 veri-

468 4308 635 4355 tatem
678 4308 821 4353 tuam
847 4299 914 4352 ".
965 4316 983 4351 ι
1029 4298 1136 4353 Deo
1174 4307 1351 4353 autem
1391 4312 1545 4353 sacra
1588 4298 1867 4369 Scriptura
1901 4315 2038 4371 opus

468 4392 733 4443 attribuit.
769 4386 961 4445 Omnia
994 4389 1137 4443 enim
1174 4404 1293 4459 qua:
1328 4389 1619 4445 humanam
1654 4401 1898 4447 naturam
1938 4408 2035 4449 ex-

465 4480 689 4545 cedunt,
721 4494 882 4551 opera
917 4480 1011 4535 Dei
1042 4481 1235 4535 merito
1260 4488 1540 4553 vocantur.

760 4606 1332 4700 ASSERTIO
1402 4610 1730 4698 XXII.

468 4754 536 4811 ιιι
566 4756 722 4835 illud,
752 4773 771 4808 ι
803 4755 879 4809 De
905 4752 991 4810 die
1018 4764 1067 4810 et
1085 4756 1228 4835 liora
1254 4756 1356 4835 illa.
1376 4772 1531 4835 nemo
1544 4762 1715 4835 erosit,
1745 4776 1836 4835 nec
1863 4764 2039 4835 angeli

583 4828 852 4892 calorum,
884 4842 1045 4895 neque
1072 4824 1274 4893 Filius,
1303 4828 1404 4881 nisi
1436 4827 1599 4884 Pater
1620 4830 1766 4885 solus
1788 4831 1857 4886 ".
1894 4851 1914 4885 s

928 5000 1161 5072 Objectio
1193 5002 1579 5059 hereticorum.

540 5118 608 5171 At
648 5116 947 5185 quomodo,
986 5117 1271 5187 inquiunt,
1308 5119 1414 5173 erit
1452 5118 1647 5175 similis
1686 5120 1856 5179 Filius
1892 5122 2039 5179 Patri

2069 4606 2117 4661 ι)

2136 3389 2269 3435 τοις,
2310 3372 2408 3425 οὐκ
2450 3372 2513 3426 ἄν
2552 3389 2637 3436 τις
2686 3373 2830 3427 ιῐποι
2871 3376 2994 3429 τότε
3043 3379 3179 3449 πρὸς
3208 3381 3396 3435 οὐσίαν
3425 3386 3719 3457 κεκλῆσθαι

2136 3462 2227 3515 ⁴ιὸν
2264 3462 2415 3527 Θεὸν,
2448 3462 2535 3515 ὅτι
2568 3462 2645 3533 τῷ
2675 3464 2865 3535 πένητι
2898 3467 3433 3545 γέγονε-καταφυγή.
3470 3475 3584 3529 ’Δεὶ
3615 3478 3720 3551 γὰρ

2137 3554 2212 3607 ὢν
2247 3553 2405 3608 τοῦτο
2438 3555 2533 3609 καὶ
2565 3554 2753 3619 σώζων
2800 3559 2927 3622 τοὺς
2961 3559 3372 3633 ἀδικουμένους,
3417 3568 3610 3636 γέγονε
3642 3572 3721 3641 τῷ

2140 3644 2239 3714 μὲν
2268 3644 2431 3698 Δασὶδ
2460 3646 2543 3708 τίς
2577 3644 2712 3698 Θεὸν
2746 3647 3183 3723 ὐπερασπιστὴν,
3208 3653 3288 3724 τῷ
3318 3654 3372 3707 δὲ
3410 3656 3601 3729 πένητι
3633 3678 3723 3715 κα.

2135 3739 2376 3808 ταφυγή.
2404 3737 2616 3808 Ὠσπερ
2640 3732 2733 3793 οὖν
2760 3740 2898 3811 ὅπερ
2921 3737 2990 3813 ἦν
3012 3742 3121 3808 ἀεὶ,
3147 3744 3305 3800 τοῦτο
3329 3747 3537 3815 γίνεται
3563 3754 3722 3809 πάλιν

2137 3828 2213 3899 τῷ
2255 3828 2496 3883 αἰτοῦντι
2546 3830 2641 3885 καί⁵
2691 3834 3152 3905 προσιυχομένῳ·
3194 3835 3339 3893 οὕτω
3380 3842 3475 3895 καὶ
3508 3845 3537 3897 ὸ
3583 3846 3721 3916 Χρι-

2140 3920 2293 3984 στὸς,
2339 3920 2543 3990 Κύριος
2583 3920 2654 3976 ὣν
2684 3922 2771 3976 ἀεὶ
2816 3926 2909 3977 καὶ
2941 3924 3195 3994 βασιλεὺς
3229 3929 3312 3993 ὡς
3344 3930 3500 3997 Θεὸς,
3533 3935 3723 4005 γέγονα

2140 4016 2233 4067 καὶ
2275 4016 2332 4068 ἐν
2368 4017 2497 4085 ἡμῖν
2544 4014 2778 4087 Κύριος,
2822 4018 2910 4072 ὅτε
2948 4020 3041 4074 τοῦ
3078 4023 3394 4094 συνεχοντος
3431 4028 3579 4100 ἡμᾶς
3608 4032 3725 4087 δια-

2139 4106 2295 4159 ϐόλου
2340 4108 2440 4177 τὴν
2478 4109 2770 4177 τυραννίδα
2820 4112 3184 4182 μισήσαντες,
3224 4114 3537 4190 ὶδοήσαμεν
3584 4125 3727 4193 πρὸς

2137 4198 2227 4251 τὸν
2276 4198 2531 4269 Πατέρα·
2570 4218 2589 4253 ι
2637 4200 3050 4266 Ἐξαπόστειλον
3099 4205 3163 4259 τὸ
3195 4206 3313 4275 φῶς
3358 4225 3456 4264 σου
3499 4215 3595 4268 καὶ
3625 4217 3727 4288 τὴν

2138 4288 2396 4361 ἀλήθειάν
2430 4307 2545 4346 σου.
2580 4310 2597 4343 ι
2633 4292 2751 4365 Θεῷ
2778 4294 2835 4349 δὲ
2864 4294 2926 4347 τὸ
2970 4295 3132 4367 ἔργον
3177 4298 3498 4373 ἀνατίθησιν
3530 4307 3563 4375 ἡ
3605 4307 3728 4363 θεία

2139 4382 2349 4453 Γραφή.
2398 4383 2583 4437 Πάντα
2616 4385 2726 4457 γὰρ
2762 4389 2864 4442 ὅσα
2896 4389 2997 4459 τὴν
3031 4388 3319 4460 ἀνθρώπου
3366 4394 3530 4462 φύσιν
3563 4397 3726 4463 ἐξάλ-

2140 4473 2308 4540 λεται,
2334 4475 2506 4529 ταῦτα
2534 4476 2763 4542 δικαίως
2793 4478 2941 4550 ἔργα,
2960 4480 3206 4537 καλεῖται
3236 4483 3393 4539 Θεοῦ.

2623 4600 2990 4689 ΛΟΓΟΣ
3064 4602 3256 4689 KB’.

2147 4760 2369 4847 Elgtd.
2412 4778 2431 4812 ι
2471 4760 2611 4829 Περὶ
2664 4760 2775 4850 τῆς
2834 4760 3061 4830 ἡμέρας
3114 4762 3353 4844 ἐκείνης
3399 4765 3497 4822 καί
3539 4764 3726 4850 ὥρας,

2209 4828 2409 4905 οιθέξις
2451 4826 2634 4905 ρὲᾂεν»
2677 4830 3201 4905 ,ουᾷὲίοιίάπαοι
3254 4850 3374 4888 των
3431 4838 3725 4905 οὐρανων.

2208 4874 2410 4954 ὀῦὲῖὂ
2452 4874 2609 4965 ἳιῖδὲ,
2621 4874 2857 4969 ἐῖὶιξῖδ
2869 4874 3368 4973 ⁷ἱ1ἇτ⁴θὶρῖἇνὸξῖἱ
3431 4874 3605 4905 “”“”
3619 4874 3690 4892 ’”’
3708 4880 3725 4906 ’

2415 5011 2736 5079 Ἀντίθεσις
2758 5012 2830 5066 ἐκ
2858 5012 2979 5067 τῶν
3009 5014 3457 5087 Χριστομάχων.

2214 5121 2322 5177 Καὶ
2355 5122 2493 5188 πῶς,
2533 5126 2717 5193 φασιν,
2759 5126 2909 5181 ἔσται
2958 5129 3077 5183 κατ’
3105 5129 3294 5183 οὐσίαν
3324 5131 3510 5201 ὅμοιος
3541 5135 3571 5187 ὁ
3604 5135 3732 5200 Υἱὸς

468 5208 763 5262 secundum
808 5209 1124 5272 essentiam,
1164 5225 1285 5264 cum
1333 5212 1477 5266 dicat
1519 5212 1686 5281 218
1728 5228 1787 5269 se
1830 5216 2033 5270 nescire

2142 5214 2217 5285 τῷ
2250 5215 2447 5286 Πατρι,
2478 5215 2651 5283 λέγων
2682 5218 2757 5287 μὴ
2786 5218 2985 5273 ειδέναι
3020 5219 3118 5290 τὴν
3153 5220 3369 5293 ἡμέραν
3403 5222 3505 5291 τῆς
3547 5240 3735 5279 συντε-

468 5298 608 5350 diem
646 5298 1130 5352 consummationis
1168 5298 1348 5353 saeculi
1383 5314 1397 5352 :
1437 5315 1598 5369 quem
1642 5300 1840 5372 alioqui
1884 5304 2033 5360 Pater

2142 5306 2288 5369 λείας
2332 5306 2429 5359 τοῦ
2478 5306 2705 5372 αἱῶνος’
2749 5308 2927 5362 καίτοι
2970 5309 3064 5363 τοῦ
3112 5311 3323 5382 Πατρὸς
3372 5312 3607 5379 ειδότος,
3656 5315 3734 5379 ὥς

469 5390 638 5452 novit,
668 5400 723 5441 ut
754 5390 867 5459 ipse
898 5390 1129 5445 fatetur?
1158 5390 1343 5461 Magna
1372 5394 1518 5447 enim
1552 5394 1605 5448 in
1635 5393 1737 5449 hoc
1765 5397 2042 5452 dissimili-

472 5481 597 5535 tudo
624 5481 886 5547 ceruitur,
918 5491 972 5537 et
1002 5484 1262 5539 naturalis
1293 5486 1538 5553 quaedam
1567 5487 1953 5558 discrepantia.

962 5592 1169 5647 Salutio
1207 5594 1537 5665 objectiam's.

542 5701 599 5757 Si
631 5703 742 5773 ipse
765 5712 852 5759 est
866 5708 1125 5762 conditor
1146 5710 1489 5777 saeculorum,
1517 5722 1571 5766 et
1600 5722 1926 5782 temporum,
1955 5724 2040 5769 at-

666 5802 697 5821 ο

2142 5415 2307 5469 φησιν
2350 5398 2545 5466 ainde;
2580 5399 2721 5453 Πολὺ
2758 5401 2866 5473 γὰρ
2904 5404 2963 5455 ἐν
3007 5400 3183 5473 τούτῳ
3220 5403 3283 5456 τὸ
3322 5403 3577 5475 ἀνόμοιον
3609 5408 3733 5477 φαί-

2143 5506 2314 5554 νεται,
2343 5492 2435 5543 καὶ
2468 5493 2671 5563 φυσική
2704 5510 2787 5555 τις
2820 5493 3125 5556 διάστασις.

2637 5608 2793 5674 Πρὸς
2822 5608 2997 5662 τοῦτο
3029 5607 3228 5673 λύσις.

2221 5717 2280 5769 Εἰ
2310 5717 2467 5779 αὑτός
2490 5718 2605 5773 ἐστι
2627 5722 2853 5793 ποιητὴς
2872 5720 3104 5788 αίὼνων,
3122 5721 3217 5773 καὶ
3242 5721 3469 5793 χρόνων,
3497 5725 3591 5779 καὶ⁴
3620 5741 3733 5780 καιν-

545 5860 589 5893 "
622 5858 760 5916 Psal.
790 5876 969 5933 csuv,
1014 5864 1096 5921 15.
1173 5869 1217 5899 τι
1248 5867 1389 5924 Psal.
1430 5884 1561 5937 xm,
1601 5869 1683 5925 l9.
1762 5873 1807 5905 τ’
1832 5867 1977 5925 Psal.
2013 5882 2085 5935 ιι,
2128 5869 2206 5926 10.
2294 5879 2335 5910 η
2372 5880 2516 5934 Psal.
2555 5896 2686 5950 aut,
2726 5885 2777 5938 3.
2859 5887 2902 5918 ⁷⁷
2938 5883 3127 5943 Matth.
3157 5904 3307 5958 xxiv,
3339 5890 3428 5950 36.
