4024 6482
336 411 446 476 369

1762 435 2206 497 TIIESAURUS.

3542 434 3647 491 370

338 536 473 608 ρῶν,
499 535 616 591 εστι
651 538 709 592 δὶ
745 538 941 605 οὕτως,
974 542 1092 607 πῶς
1127 544 1205 609 ὥς
1236 545 1367 616 μίαν
1398 547 1615 621 ἡμέραν
1653 553 1749 606 καὶ
1786 553 1929 625 ὤραν

2042 570 2148 625 que
2185 556 2289 612 hoc
2326 568 2453 611 vere
2492 553 2563 609 ita
2606 545 2690 609 est
2728 570 2743 607 :
2781 552 3055 624 quomodo
3098 566 3263 607 unum
3304 551 3444 605 diem
3485 562 3647 619 atque

334 628 613 699 ἀγνοήσας
652 629 784 700 παρ’
818 630 949 701 ὑμῖν
982 634 1263 706 κρίνεταις
1310 636 1436 702 Πῶς
1479 638 1537 694 δὲ
1576 639 1720 711 ἅπερ
1767 642 1931 706 αὐτος

333 719 582 790 εποίησε,
626 721 711 791 μὴ
740 722 943 779 εἰδέναι
983 724 1243 794 δύναταις
1278 728 1434 782 Ἐστι
1462 729 1643 784 τοίνυν
1677 732 1930 798 ἐξετάσαι

331 808 417 864 τὰ
450 812 717 884 εἰρημένα
768 815 897 885 παρ’
939 817 1107 871 αὐτοῦ
1162 819 1299 888 πρὸς
1345 821 1472 885 τοῦς
1506 821 1774 894 μαθητάς.
1821 825 1932 879 καὶ

338 900 525 971 σαφῶς
552 901 699 956 εστιν
728 904 979 960 ἐντεῦθεν
1010 906 1156 974 ἰδεῖν,
1178 909 1371 981 ὅτιπερ
1395 905 1540 965 οἶδεν
1562 915 1656 967 καὶ
1674 912 1773 984 τὴν
1800 913 1933 985 ὴμέ-

337 1007 439 1062 ραν
484 992 578 1046 καὶ
625 993 726 1065 τὴν
770 993 923 1067 ὥραν
962 998 1041 1062 ὡς
1078 998 1247 1065 Θεὸς,
1295 1001 1401 1057 κᾶν
1447 1003 1829 1059 ἀποδεικνύων
1874 1007 1933 1061 ὲν

333 1082 517 1154 ἑαυτῷ
554 1084 616 1139 τὸ
657 1086 1021 1158 ἀνθρώπινον,
1068 1092 1144 1163 μὴ
1187 1093 1387 1148 εἰδέναι
1433 1095 1589 1169 λέγῃ.
1627 1097 1690 1150 Εἰ
1721 1098 1832 1170 γὰρ
1864 1098 1935 1152 τὰ

333 1174 572 1246 ισόμενα
591 1177 778 1232 πάντα
810 1180 919 1251 πρὸ
942 1181 1044 1254 τῆς
1073 1185 1288 1254 ἡμέρας
1332 1186 1429 1240 καὶ
1461 1188 1577 1259 τῆς·
1597 1188 1749 1261 ὥρας
1791 1191 1936 1244 ἐκεί-

334 1283 436 1338 νης
474 1268 742 1338 διηγεῖται
788 1272 998 1342 σαφῶς,
1037 1275 1131 1330 καί
1169 1294 1335 1349 φησιν
1358 1295 1371 1309 ·
1411 1280 1606 1335 Ἔσται
1646 1283 1746 1351 μὲν
1778 1283 1933 1351 τόδε,

333 1363 678 1435 συμῦήσεται
715 1366 774 1420 δὲ
812 1368 1011 1433 ἐκεῖνο,
1052 1364 1172 1423 εἷτα
1215 1370 1277 1423 τὸ
1316 1371 1468 1436 τέλος
1493 1389 1507 1405 ·
1550 1372 1713 1443 δῆλον
1741 1375 1823 1429 ὃτι
1866 1376 1936 1431 τὰ

331 1453 443 1524 πρὸ
471 1455 639 1527 αὐτῆς
671 1457 864 1525 εἰδὼς,
912 1460 1007 1514 καί
1053 1460 1227 1533 αὐτὴν
1275 1462 1591 1517 ἐπίσταται.
1628 1465 1785 1521 Μετά
1824 1466 1937 1537 γὰρ

328 1547 403 1598 τὰ
423 1546 691 1618 εἰρημένα
718 1553 850 1622 παρ’
871 1552 1060 1617 αὐτοῦ,
1088 1553 1324 1623 τίθησιν,
1347 1556 1428 1608 ὅτι
1452 1554 1558 1609 «Τὸ
1577 1556 1727 1621 τέλος
1752 1558 1887 1613 ὲστί.
1910 1579 1929 1611 ι

330 1633 502 1699 Τέλος
529 1636 585 1689 δὲ
616 1638 671 1691 τί
705 1636 772 1692 ἂν
802 1639 991 1711 ἕτερον
1018 1642 1101 1713 εἴη
1130 1641 1163 1712 ἢ
1197 1642 1413 1707 πάντως
1440 1645 1474 1713 ή
1494 1644 1698 1715 ἐσχάτη
1727 1645 1932 1718 ἡμέρα,

329 1728 401 1797 ἦν
429 1728 646 1796 ἀγνοεῖν
678 1729 889 1801 ἔφησεν
923 1734 1307 1806 οἰκονομικῶς,
1338 1736 1643 1801 ἀποσώζων
1674 1738 1839 1795 πάλιν
1867 1743 1932 1813 τῇ

328 1821 723 1896 ἀνθρωπότητι
744 1826 854 1899 τὴν
880 1829 1018 1900 αὐτῇ
1052 1828 1373 1900 πρέπουσαν
1437 1830 1937 1906 τάξιν;“Λνθρωπό-

325 1930 495 1986 τητος
521 1915 631 1990 γὰρ
663 1917 793 1974 ἴδιον
820 1919 887 1974 τὸ
919 1920 994 1993 μὴ
1030 1920 1234 1977 εἰδέναι
1262 1922 1331 1977 τὰ
1362 1923 1647 1995 μέλλοντα.

779 2142 991 2210 ΛΛΛΟ,
1022 2142 1480 2215 διηγηματικῶς.

412 2249 504 2303 Ἐν
530 2253 651 2317 ταῖς
677 2251 772 2307 τοῦ
808 2254 1068 2328 Σωτῆρος
1110 2260 1318 2326 φωναῖς
1353 2258 1569 2333 ἀνάγκη
1602 2259 1694 2314 τὸν
1742 2261 1935 2334 χρόνον

323 2340 702 2410 ἱξετάζεσθαι,
735 2345 859 2401 καθ’
898 2346 959 2403 δν
988 2350 1207 2421 εἴρηται
1245 2352 1376 2421 παρ’
1406 2351 1573 2405 αὐτοῦ
1598 2370 1612 2385 ·
1650 2352 1793 2408 οὕτω
1825 2354 1935 2426 γὰρ

325 2431 388 2484 τὸ
417 2431 723 2489 πλανᾶσθαι
751 2435 1174 2509 διαφευξόμεθα.
1218 2437 1282 2493 Εἰ
1314 2441 1415 2513 μὲν
1454 2439 1549 2498 οὖν
1582 2445 1690 2518 πρὸ
1717 2446 1817 2518 τῆς
1845 2448 1932 2501 ὲν·-

327 2523 741 2598 ανθρωπήσεως
766 2528 796 2581 ό
822 2527 921 2583 τοῦ
950 2528 1087 2585 Θεοῦ
1118 2532 1294 2602 Λόγος
1337 2534 1653 2607 εὑρίσκεταί
1692 2554 1797 2592 που
1835 2556 1933 2594 τα-

326 2617 513 2671 πεινόν
533 2636 585 2673 τι
612 2622 741 2694 περί
763 2622 961 2678 ἑαυτοῦ
982 2625 1247 2699 λαλήσας,
1275 2629 1530 2686 ἁπτέσθω
1554 2633 1655 2705 τῆς
1677 2633 1932 2707 θεότητος

326 2707 517 2773 αὐτοῦ,
544 2711 640 2765 καὶ
670 2712 926 2786 φερέσθω
965 2718 1090 2771 κατ’
1118 2718 1338 2791 ἐκείνης
1368 2720 1439 2775 τά
1479 2723 1721 2795 ῥήματα.
1769 2724 1834 2780 Εἰ
1874 2726 1932 2782 δὲ

322 2798 414 2853 ὅτε
446 2799 640 2868 γέγονε
675 2802 836 2875 σὰρξ,
871 2806 1243 2879 ἀνθρωπίναις
1278 2812 1554 2885 ἐχρήσατο
1595 2819 1828 2886 φωναῖς,
1860 2817 1930 2873 ἵν’

322 2890 495 2957 δντως
538 2895 732 2951 ἑαυτὸν
777 2900 870 2953 καὶ
920 2899 1211 2974 ἄνθρωπον
1258 2905 1389 2960 ὄντα
1435 2907 1619 2981 δείξῃ,
1665 2909 1786 2976 πῶς
1829 2912 1931 2967 οὐκ

324 2982 623 3039 ἀκόλουθον
652 2987 735 3052 εἰς
776 2989 876 3061 τὴν
907 2990 1310 3066 ἀνθρωπότητα
1342 2996 1532 3069 φέρειν
1563 3000 1931 3076 τὰ.ἀνθρωπί-

321 3092 431 3141 νως
452 3079 729 3151 ἐἰρημένα
756 3097 772 3149 ;
802 3081 976 3137 Τοῦτο
1000 3085 1110 3160 γάρ
1154 3088 1304 3144 ἐστιν
1329 3090 1692 3163 ἀποδέχεσθαι
1721 3094 1821 3167 τῆς
1848 3097 1928 3151 οἰ-

325 3170 586 3241 κονομίας
609 3172 701 3227 τὸν
730 3174 954 3245 τρόπον.
989 3176 1053 3233 Εἰ
1086 3178 1186 3250 μὲν
1214 3180 1326 3254 γὰρ
1366 3182 1429 3237 οὐ
1460 3183 1686 3253 γέγονεν
1716 3184 1929 3259 ἄνθρω-

2041 648 2230 702 boram
2278 648 2535 719 ignorare
2567 645 2722 701 vobis
2762 645 3055 701 censetur?
3093 644 3378 711 Quomodo
3419 643 3545 697 item
3585 657 3648 696 ea

2037 754 2159 809 quae
2196 738 2358 803 fecit,
2395 739 2614 793 nescire
2648 736 2865 807 potest?
2897 736 3281 805 investiganda
3320 733 3484 804 igitur
3518 746 3648 787 sunt

2034 845 2156 900 quae
2193 833 2263 885 ab
2301 831 2417 901 ipso
2457 827 2743 898 discipulis
2784 828 2932 883 dicta
2970 835 3119 882 sunt.
3163 825 3203 880 E
3244 824 3444 894 quibus
3490 824 3650 877 facile

2035 922 2311 979 constabit
2336 924 2509 992 ipsum
2535 930 2591 976 et
2614 920 2756 976 diem
2784 929 2838 975 et
2868 921 3061 974 horam
3086 916 3329 983 novisse,
3354 924 3411 970 ut
3440 917 3643 981 Deum;

2038 1015 2281 1080 tametsi,
2325 1014 2719 1070 humanitatem
2755 1027 2910 1069 suam
2945 1011 3262 1075 ostendens,
3296 1008 3551 1077 ignorare
3590 1022 3649 1061 su.

2037 1108 2204 1162 dicat.
2280 1105 2341 1163 Si
2380 1107 2526 1162 enim
2591 1106 2773 1162 omnia
2841 1118 2963 1175 qua:
3029 1113 3159 1157 ante
3197 1100 3341 1157 diem
3383 1099 3534 1163 illum
3593 1111 3644 1153 et

2040 1201 2230 1255 horam
2258 1208 2521 1255 eventura
2546 1208 2754 1264 essem,
2782 1196 3072 1254 manifeste
3100 1194 3361 1267 explicat,
3390 1203 3444 1249 et
3468 1192 3604 1247 dicit
3630 1210 3644 1245 :

2039 1291 2155 1349 lfoc
2189 1292 2407 1363 quidem
2437 1292 2564 1358 erit,
2598 1290 2728 1347 illud
2758 1287 3165 1353 veroaccidet,
3205 1295 3270 1342 et
3300 1294 3411 1339 tum
3445 1283 3548 1339 erit
3584 1281 3645 1330 ii-

2040 1383 2152 1449 nis,
2176 1381 2537 1437 .manil‘estum
2568 1390 2654 1437 est
2690 1382 2853 1452 quod,
2892 1381 2941 1436 si
2972 1393 3093 1450 quae
3127 1379 3269 1435 diem
3304 1376 3455 1431 illum
3490 1383 3647 1429 ante-

2040 1487 2259 1530 cessura
2300 1482 2487 1541 erant,
2529 1481 2746 1540 nosset,
2789 1472 2963 1542 ipsum
3009 1471 3175 1526 etiam
3219 1469 3361 1524 diem
3402 1464 3641 1521 noverit.

2038 1561 2175 1618 Nam
2207 1570 2329 1633 post
2358 1562 2447 1617 illa
2477 1576 2600 1632 qua
2628 1561 2697 1617 ab
2724 1561 2844 1631 ipso
2873 1559 3131 1632 praedicta
3158 1567 3305 1625 sunt,
3334 1555 3643 1625 subiungit,

2046 1672 2066 1706 ι
2107 1652 2261 1710 Tunc
2293 1653 2401 1709 erit
2434 1651 2558 1709 linis
2580 1652 2627 1686 "
2666 1670 2680 1708 :
2725 1671 2745 1704 ι
2783 1650 2911 1707 linis
2946 1658 3164 1715 autem,
3199 1650 3457 1721 quidnam
3495 1648 3641 1702 aliud

2040 1747 2115 1802 sit
2149 1760 2312 1818 quam
2355 1745 2471 1816 ipse
2509 1744 2732 1801 ultimus
2769 1744 2918 1812 dies,
2961 1758 3122 1813 quem
3165 1743 3420 1813 ignorare
3459 1753 3519 1795 se
3558 1754 3642 1794 re-

2043 1848 2231 1909 spectu
2260 1838 2653 1896 incarnationis
2682 1838 2855 1905 dixit,
2887 1838 3136 1893 ordinem
3166 1843 3224 1891 et
3250 1833 3510 1891 decorum
3542 1832 3642 1885 hu-

1966 1923 2288 1986 Bmanitati
2337 1931 2671 1987 conveniens
2730 1928 2995 1985 servans?
3064 1925 3433 1984 Humanitatis
3494 1922 3641 1979 enim

2037 2022 2321 2095 proprium
2347 2031 2431 2081 est
2456 2022 2641 2079 futura
2670 2021 2946 2085 ignorare.

2559 2156 2792 2225 AL‘IUD,
2832 2157 3120 2213 narratioe.

2107 2270 2165 2326 in
2197 2271 2265 2328 iis
2297 2286 2415 2341 qua!
2447 2287 2478 2327 a
2510 2271 2806 2328 Servatore
2840 2280 3034 2328 nostro
3066 2268 3209 2324 dicta
3242 2274 3393 2334 sunt,
3425 2270 3642 2335 oportet

2038 2362 2328 2433 diligenter
2350 2365 2785 2421 animadvertere
2809 2379 2917 2435 quo
2947 2360 3187 2435 quidque
3214 2370 3460 2430 tempore
3486 2357 3641 2412 dixe~

2037 2458 2139 2523 rit;
2165 2456 2237 2512 ita
2264 2456 2409 2512 enim
2438 2455 2601 2513 facile
2622 2470 2867 2511 errorem
2893 2453 3243 2509 evitabimus.
3269 2450 3329 2506 Si
3355 2464 3487 2518 ergo
3514 2455 3642 2504 ante

2036 2546 2466 2603 incarnationem
2514 2544 2750 2604 Verbum
2801 2545 2894 2601 Dei
2947 2543 3154 2599 humile
3204 2539 3409 2610 aliquid
3460 2540 3529 2595 de
3580 2552 3642 2592 se

2036 2639 2242 2695 dixisse
2295 2640 2590 2709 reperitur,
2642 2636 2985 2695 divinitatem
3035 2635 3156 2707 ejus
3207 2632 3530 2703 objurgent,
3583 2638 3641 2687 ct

2035 2741 2226 2788 contra
2255 2745 2375 2787 eam
2429 2732 2635 2787 dictum
2692 2730 3149 2799 interpretentur.
3206 2725 3303 2781 Sin
3333 2739 3465 2780 vero
3513 2734 3639 2777 cum

2036 2821 2210 2880 factus
2236 2832 2321 2878 est
2348 2836 2495 2886 cure,
2523 2822 2764 2877 humano
2790 2833 2943 2876 more
2970 2817 3186 2873 locutus
3212 2825 3318 2881 est,
3343 2821 3405 2869 ut
3426 2826 3553 2867 vere
3580 2826 3641 2868 se

2036 2913 2311 2969 hominem
2349 2926 2473 2968 esse
2509 2911 2799 2975 ostendat,
2830 2923 2941 2980 quo
2975 2917 3143 2979 pacto
3164 2921 3274 2963 non
3295 2905 3640 2961 .sitconsen-

2036 3014 2258 3060 laneum
2285 3004 2352 3060 ad
2384 3004 2779 3059 humanitatem
2835 3000 3049 3058 referre
3072 3014 3197 3071 qua:
3220 3000 3460 3055 humano
3486 3010 3639 3052 more

2033 3095 2190 3152 dixit.
2226 3095 2340 3152 Hoc
2371 3095 2516 3151 cnim
2550 3104 2637 3151 est
2667 3109 2790 3150 sese
2821 3090 3286 3151 administrationi
3320 3103 3484 3160 quam
3516 3103 3639 3144 sus-

2032 3186 2217 3257 cepit,
2269 3187 2385 3243 sive
2444 3185 2851 3250 incarnationi,
2904 3180 3343 3240 accommodare.
3394 3177 3533 3233 Nam
3589 3178 3636 3233 si

323 3276 447 3327 πος,
487 3261 718 3320 λαλείτω
748 3266 932 3323 πάντα
967 3269 1046 3334 ὡς
1076 3269 1240 3337 Θεόςο
1277 3274 1328 3327 εἰ
1355 3274 1412 3329 δὲ
1452 3275 1680 3346 γέγονεν
1718 3276 1929 3350 ἄνθρω-

2041 3284 2204 3339 homo
2240 3281 2418 3337 factus
2452 3295 2560 3337 non
2601 3293 2718 3345 est,
2758 3278 3013 3349 loquatur
3047 3274 3233 3331 omnia
3272 3280 3334 3328 ut
3374 3270 3553 3338 Deus;
3590 3267 3637 3324 si

324 3369 447 3417 πος.
472 3357 866 3428 ωγχωρείσθω
903 3359 1086 3414 λαλεῖν
1113 3361 1297 3428 καθὼς
1321 3363 1419 3419 ἀνθ
1429 3382 1630 3435 ρωπος,
1655 3368 1809 3423 οὐδὲν
1832 3369 1929 3424 αὐ·

324 3442 417 3499 τὸν
453 3443 748 3518 ἀδικούσης
789 3449 870 3514 εἰς
901 3448 997 3505 τόν
1042 3451 1145 3522 τῆς
1175 3449 1432 3524 θεότητος
1461 3456 1621 3527 λόγον
1657 3458 1760 3531 τῆς
1805 3457 1928 3514 καθ’

327 3533 473 3604 ἡμᾶς
499 3536 833 3609 οἰκονομίας.
860 3539 1034 3595 Τοῦτο
1062 3543 1176 3615 γὰρ
1200 3542 1353 3599 ἔσται
1385 3547 1448 3601 τὸ
1477 3548 1629 3621 παρά
1655 3549 1751 3604 τοῦ
1781 3550 1931 3606 Παύ-

326 3625 419 3681 λου
448 3627 772 3701 εἰρημένον·
803 3649 823 3684 ι
854 3632 1366 3704 Δίχμα).ωτίζοντες
1390 3640 1499 3694 πᾶν
1527 3641 1709 3713 νόημα
1731 3643 1815 3707 εἰς
1832 3641 1929 3714 τὴν

326 3717 575 3791 ὑπακοὴν
619 3720 714 3775 τοῦ
763 3723 1027 3796 Χριστοῦ.
1053 3742 1077 3779 r
1110 3726 1274 3782 ’ἰδιον
1310 3729 1412 3800 μὲν
1459 3725 1553 3786 οῦν
1584 3732 1682 3787 τοῦ
1727 3734 1927 3805 Λόγου,

326 3809 464 3865 καθὸ
502 3811 676 3882 Λόγος
699 3813 839 3881 ἐστὶ,
868 3814 935 3869 τδ
960 3815 1165 3872 εἰδέναι
1192 3818 1304 3874 τῶν
1336 3823 1467 3893 παρ’
1494 3823 1662 3878 αὐτοῦ
1691 3842 1929 3899 πεποιη-

328 3902 509 3973 μένων
535 3905 637 3977 τὴν
665 3906 843 3979 ἀρχὴν
872 3910 967 3968 καὶ
998 3909 1067 3965 τὰ
1098 3910 1226 3981 τέλη
1243 3928 1258 3943 ⁸
1289 3912 1351 3966 ἰν
1380 3913 1439 3968 δὲ
1468 3916 1577 3972 τῶν
1606 3919 1931 3991 ποιημάτων

322 3994 355 4047 ό
381 3995 595 4066 χρόνος,
626 3999 721 4052 καὶ
747 4000 777 4053 ό
809 4002 1044 4072 ποιήσας
1075 4001 1242 4055 αὑτὸν
1288 3998 1399 4058 οἶδέ
1437 4022 1539 4061 που
1580 4008 1798 4076 πάντως
1834 4012 1930 4067 καὶ

328 4087 492 4161 μέχρι
518 4090 666 4155 τίνος
691 4087 842 4164 αὐτῷ
869 4093 933 4148 τὸ
960 4095 1285 4152 συνεστάναι
1313 4097 1638 4171 δεδώρηται.

1038 4229 1244 4287 MAG.

394 4340 556 4410 Λέγει
596 4358 701 4395 που
733 4342 870 4414 πρὸς
898 4341 989 4398 τὸν
1015 4343 1214 4399 ἑαυτοῦ
1247 4344 1469 4417 Πατέρα
1507 4347 1891 4420 διαλεγόμενος

330 4449 357 4488 σ
383 4434 588 4508 Πάτερ,
628 4433 887 4505 ἐλήλυθεν
919 4437 954 4507 ἡ
986 4436 1139 4509 ὥρα,
1185 4436 1408 4503 δόξασόν
1451 4455 1547 4493 σου
1599 4440 1692 4494 τὺν
1725 4441 1875 4497 Υἰόν.
1902 4462 1921 4496 ι

323 4526 390 4583 Εἰ
432 4527 613 4580 τοίνυν
655 4523 797 4581 οἶδεν
841 4526 1088 4598 ἀκριϐῶς
1135 4528 1236 4601 τὴν
1274 4528 1447 4601 ὥραν,
1492 4530 1561 4602 ἢν
1604 4531 1926 4604 ἐληλυθέναι

2038 3388 2171 3431 vero
2201 3376 2377 3431 factus
2403 3382 2489 3431 est
2518 3374 2713 3439 homo,
2743 3370 3083 3427 concedatur
3119 3368 3284 3426 etiam
3313 3364 3363 3420 ei
3407 3371 3467 3419 ut
3496 3362 3641 3418 sicut

2038 3469 2204 3525 homo
2230 3467 2506 3538 loquatur,
2531 3481 2657 3523 cum
2684 3462 2987 3521 incarnatio
3014 3474 3123 3531 qua
3151 3459 3308 3515 nobis
3334 3456 3531 3513 similis
3556 3455 3640 3510 [ιι-

2039 3570 2161 3619 ctus
2191 3569 2305 3627 est,
2340 3558 2477 3615 nihil
2509 3558 2628 3630 ejus
2662 3554 2934 3612 divinitati
2966 3552 3192 3609 oliiciat.
3227 3549 3343 3606 lloc
3374 3548 3523 3605 enim
3553 3555 3640 3603 est

2038 3656 2184 3725 quod
2216 3668 2248 3710 a
2277 3652 2446 3710 Paulo
2472 3652 2677 3708 dictum
2707 3658 2834 3705 est:
2873 3664 2893 3700 ι
2930 3646 3283 3716 Captivantes
3306 3655 3527 3700 omnem
3557 3640 3640 3697 in-

2040 3745 2311 3803 tellectum
2344 3746 2401 3802 in
2429 3742 2795 3802 obedientiam
2826 3738 3115 3797 Christi".
3156 3756 3175 3790 ι
3212 3734 3502 3806 Proprium
3535 3732 3638 3788 ita-

2036 3855 2147 3912 que
2177 3847 2261 3896 est
2286 3838 2489 3906 Verbo,
2528 3844 2798 3908 quatenus
2822 3831 3061 3891 Verbum
3100 3838 3205 3897 est,
3247 3840 3413 3884 nosse
3447 3840 3637 3880 eorum

2038 3947 2158 4003 quin
2194 3931 2265 3987 ab
2298 3931 2418 4002 ipso
2447 3929 2667 3985 condita
2702 3934 2831 3983 sunt
2866 3922 3133 3997 principia
3171 3930 3227 3977 et
3265 3920 3432 3987 lines;
3466 3931 3637 3974 unum

2037 4038 2171 4079 vero
2208 4038 2400 4079 eorum
2441 4037 2563 4092 qua:
2604 4019 2824 4077 condita
2860 4024 2991 4073 sunt
3028 4026 3114 4072 est
3160 4024 3407 4084 tempus,
3449 4020 3506 4067 et
3541 4009 3637 4082 qui

2036 4122 2253 4184 tempus
2281 4111 2557 4181 condidit,
2584 4110 2735 4169 novit
2765 4109 3005 4182 qnandiu
3036 4107 3167 4163 illud
3195 4108 3266 4162 sit
3288 4105 3634 4161 duraturum.

2719 4243 2945 4301 ALIUD.

2110 4357 2371 4416 Servator
2400 4360 2599 4416 alicubi
2634 4359 2702 4415 ad
2737 4358 2955 4414 Patrem
2994 4372 3150 4412 suum
3189 4356 3261 4410 ita
3298 4355 3374 4409 ait
3413 4374 3426 4409 :
3464 4352 3638 4427 21‘s

2043 4469 2062 4504 ι
2096 4451 2278 4521 Pater,
2305 4454 2453 4509 venit
2478 4453 2631 4519 hora,
2655 4452 2899 4523 gloriﬂca
2926 4451 3122 4507 Filium
3152 4448 3475 4503 tunm".rSi
3502 4464 3635 4519 ergo

2036 4555 2227 4600 exacte
2253 4544 2403 4600 novit
2430 4545 2644 4611 horam,
2674 4559 2837 4615 quam
2865 4542 3081 4600 venisse
3108 4543 3263 4610 dicit,
3289 4542 3416 4612 quid
3447 4541 3633 4597 obstat

320 4618 496 4688 λέγει,
522 4618 575 4673 τί
604 4619 668 4673 τὸ
695 4617 904 4674 κωλῦον
925 4619 1124 4675 εἰδέναι
1152 4621 1434 4695 κάκείνην,
1459 4622 1529 4694 ἢν
1543 4623 1620 4688 ὡς
1635 4623 1924 4697 ἄνθρωπος

2041 4637 2321 4709 quominus
2343 4644 2399 4693 et
2424 4636 2571 4691 illam
2598 4636 2767 4703 norit,
2793 4645 3055 4708 quam,ut
3080 4636 3264 4699 homo,
3291 4636 3543 4705 ignorare
3568 4649 3628 4688 se

319 4711 539 4781 ἀγνοεῖν
583 4711 685 4783 μέν
720 4728 856 4783 φησι
902 4710 993 4766 διὰ
1037 4711 1100 4766 τὸ
1138 4716 1207 4785 τῇ
1254 4712 1638 4787 ἀνθρωπότητι
1686 4716 1918 4789 πρέπον,

318 4797 432 4858 οῐδε
462 4802 520 4857 δὲ
553 4802 774 4869 πάντως
805 4804 883 4868 ὡς
914 4803 1087 4871 Θεός;
1121 4806 1243 4877 Χρὴ
1288 4806 1345 4860 δι
1371 4806 1434 4860 οὐ
1469 4806 1559 4862 διὰ
1589 4807 1691 4880 τὴν
1732 4810 1920 4864 τοιαύ-

321 4910 428 4967 την
460 4895 646 4967 φωνὴν
675 4898 1005 4967 κατηγορεῖν
1035 4895 1129 4950 τοῦ
1157 4896 1295 4952 Θεοῦ
1322 4898 1523 4968 Λόγου,
1556 4898 1651 4953 καὶ
1682 4900 1922 4971 ῥιψοκιν-

2029 4727 2232 4798 inquit,
2270 4729 2413 4798 quod
2453 4728 2506 4783 id
2542 4728 2867 4785 humanitati
2906 4728 3224 4795 conveniat,
3263 4727 3408 4782 norit
3446 4735 3626 4781 autem

2030 4819 2255 4876 omnino
2297 4828 2357 4874 ut
2403 4819 2591 4877 Deus?
2617 4822 2687 4877 At
2730 4835 2838 4876 non
2883 4827 3101 4892 oportet
3139 4820 3210 4875 ob
3253 4819 3393 4874 hanc
3434 4833 3626 4874 vocem

2032 4911 2271 4967 Verbum
2298 4910 2393 4967 Dei
2421 4912 2698 4979 incusare,
2726 4922 2782 4969 et
2804 4912 3173 4985 ignorantiam
3199 4920 3402 4968 temere
3430 4910 3503 4965 illi
3530 4910 3628 4967 ob-

320 4987 501 5051 δύνως
542 4987 765 5056 ἄγνοιαν
792 4986 945 5059 αὐτῷ
978 4987 1317 5059 προσάπτειν
1361 4991 1516 5043 τινα·
1543 4990 1682 5045 ἀλλὰ
1718 4992 1920 5064 μᾶλλον

2041 5003 2230 5070 icere;
2266 5003 2360 5059 sed
2401 5006 2584 5074 potius
2618 5004 2815 5061 mirari
2850 5020 3095 5062 amorem
3129 5020 3236 5075 quo
3268 5019 3397 5075 erga
3434 5006 3628 5058 ltumar

322 5079 629 5151 θαυμάζειν
664 5078 833 5135 αὐτοῦ
861 5078 963 5151 τὴν
1006 5080 1437 5151 φιλανθρωπίαν,
1467 5082 1527 5137 οὐ
1572 5101 1921 5158 παραιτησα-

323 5172 492 5245 μένου
523 5171 612 5227 διὰ
652 5172 753 5246 τὴν
779 5173 860 5237 εἰς
890 5172 1041 5244 ἡμᾶς
1073 5172 1354 5245 ἀγάπησιν
1385 5175 1464 5238 εἰς
1491 5175 1762 5248 τοσαύτην
1792 5178 1920 5231 eau-

2028 5109 2159 5149 num
2188 5109 2359 5165 genus
2386 5093 2662 5167 ﬂagravit,
2689 5111 2798 5167 quo
2826 5096 3092 5167 impulsus
3119 5112 3226 5153 non
3260 5096 3533 5151 recusavit
3558 5098 3624 5150 ad

2030 5194 2235 5241 tantam
2266 5186 2625 5243 humilitatem
2652 5202 2775 5244 sese
2804 5188 3113 5254 demittere,
3140 5197 3199 5243 ut
3225 5190 3407 5243 omnia
3436 5198 3622 5245 nostra

318 5262 415 5319 τὸν
454 5262 785 5352 ταπείνωσιν
830 5266 1185 5333 καταγαγεῖν,
1224 5265 1301 5329 ὡς
1345 5265 1526 5321 πάντα
1575 5267 1805 5340 φορέσαι
1850 5270 1919 5325 τὰ

2041 5278 2349 5347 susciperet,
2380 5294 2615 5350 quorum
2647 5280 2814 5337 etiam
2845 5297 3016 5337 unum
3047 5290 3134 5337 est
3163 5281 3490 5352 ignorantia.

316 5355 505 5427 ἡμῶν,
534 5348 610 5412 ὧν
636 5354 697 5411 ἓν
728 5354 968 5430 ὑπάρχει
996 5356 1092 5410 καὶ
1118 5357 1152 5427 ὴ
1180 5356 1394 5426 ἄγνοια.

1021 5472 1223 5527 ΑΛΛΟ.

408 5587 741 5661 Ἐρωτητέον
774 5587 902 5653 τοὺς
941 5586 1343 5659 χριστομάχους
1363 5627 1377 5652 ,
1423 5588 1547 5640 ὅτου
1580 5586 1646 5659 δὴ
1697 5588 1858 5659 χάριν
1888 5590 1915 5642 ό

2705 5485 2936 5544 ALIUD.

2096 5588 2469 5665 interrogandi
2522 5605 2650 5652 sunt
2708 5598 2893 5653 hostes
2948 5598 3194 5664 Christi,
3256 5601 3613 5670 quamobrem

321 5681 520 5756 Σωτὴρ
557 5680 824 5752 ἀγγέλους
870 5680 966 5735 καὶ
1011 5680 1140 5735 Υἰδν
1188 5679 1491 5750 ὀνομάσας,
1540 5678 1783 5752 οὐδαμοῦ
1816 5681 1912 5735 τοῦ

2041 5684 2284 5743 Servator
2314 5701 2439 5746 cum
2471 5688 2690 5761 angelos
2721 5698 2773 5747 et
2806 5690 3002 5749 Filium
3034 5692 3351 5761 nominarit,
3379 5690 3617 5764 Spiritus

400 5856 447 5890 "
472 5857 659 5916 Matth.
690 5874 838 5927 xuv,
872 5858 957 5916 Η.
1034 5859 1081 5891 "
1113 5857 1153 5915 11
1182 5856 1308 5916 Cor.
1346 5874 1401 5929 ι,
1442 5858 1493 5915 5.

1571 5859 1615 5892 '°
1648 5858 1804 5918 Joan.
1841 5876 1977 5932 xm,
2013 5862 2062 5920 l.
