4024 6478
468 401 564 456 371

1462 387 1519 441 S.
1561 383 1834 442 CYRIIJJ
1872 381 2335 439 ALEXANDBINI
2375 380 2695 438 ARCHIEP.

3593 378 3699 434 37‘!

463 515 786 570 mentionem
835 524 1098 580 nusquam
1168 508 1399 562 tecerit?
1458 506 1572 558 Non
1639 506 1780 559 enim
1832 504 2012 558 dixit:

2127 501 2434 571 Πνιύματος
2463 501 2753 570 ὶποιὴσατο
2784 499 3034 568 μνήμην;
3065 496 3140 550 06
3169 495 3277 566 γὰρ
3301 498 3524 566 εἴρηκεν
3544 513 3556 524 ·
3587 499 3700 548 Οὐκ

461 603 574 658 Non
641 604 790 658 novit
845 601 1100 670 Spiritus,
1122 602 1240 665 sed,
1271 619 1287 650 ‹
1327 597 1441 653 Non
1469 607 1666 651 norunt
1692 596 1888 666 angeli,
1922 609 2017 650 ne-

461 709 567 763 que
611 695 760 749 novit
793 693 992 760 Filius;
1032 701 1235 761 satque
1277 693 1377 746 hoc
1415 689 1629 758 qmden.
1664 687 2015 756 simpliciter:

463 799 566 838 non
598 785 740 839 enim
767 785 981 855 adjecit,
1019 784 1132 838 Dei.
1170 782 1507 837 Manifestum
1552 784 1713 851 igitur
1741 789 1824 834 est
1875 777 2015 847 quod

459 871 678 940 angelos
711 872 987 942 ignorasse
1014 871 1230 934 dixerit,
1269 880 1325 923 ut
1369 881 1670 924 creaturas.
1702 867 1838 924 Cum
1890 879 2018 920 vero

461 963 739 1032 discipulis
771 965 823 1016 id
846 963 1025 1016 dicere
1067 962 1252 1028 nollet,
1281 961 1350 1014 oh
1377 960 1698 1015 inetIabiiem
1731 960 2015 1026 quamdam

461 1052 654 1106 divina:
675 1052 1156 1107 administrationis
1183 1063 1234 1104 et
1266 1051 1479 1106 consilii
1511 1050 1772 1102 rationem
1796 1062 1810 1100 :
1837 1066 1854 1099 ι
1886 1045 2020 1112 Quis

461 1145 600 1196 enim
648 1143 796 1195 novit
843 1154 1074 1197 mentem
1121 1139 1353 1206 Domini,
1389 1151 1480 1196 aut
1512 1140 1634 1210 quis
1679 1138 2020 1194 consiliarius

460 1233 575 1299 eius
617 1233 717 1288 fuit
745 1233 834 1287 "1
872 1252 890 1285 ι
940 1249 1006 1288 ne
1056 1236 1322 1289 videretur
1368 1233 1485 1288 illos
1520 1233 1622 1286 hoc
1649 1231 1844 1301 {celare
1882 1228 2018 1282 velle

458 1338 628 1392 eoque
655 1325 868 1379 nomine
897 1324 1012 1379 illos
1032 1339 1263 1379 merere
1287 1324 1519 1389 allicere,
1553 1322 1710 1386 dixit,
1735 1336 1800 1376 ne
1824 1320 2015 1374 Filium

457 1414 672 1483 quidem
709 1416 808 1469 hoc
840 1429 1038 1480 nosse;
1068 1414 1304 1471 humano
1339 1429 1487 1468 more
1515 1414 1580 1468 de
1608 1428 1666 1468 se
1693 1413 1934 1481 loquens,
1961 1416 2017 1464 ut

459 1508 654 1558 homo:
682 1514 736 1558 et
760 1505 998 1557 omnium
1031 1504 1246 1558 interim
1278 1503 1524 1557 notitiam
1553 1502 1655 1556 sibi
1686 1515 1930 1563 servans,
1961 1510 2019 1553 ut

462 1595 618 1648 Dens.
649 1594 855 1649 Idcirco
902 1595 1044 1648 enim
1089 1609 1192 1648 non
1241 1595 1405 1658 dixit,
1445 1593 1708 1662 Spiritum
1743 1593 2012 1662 ignorare.

457 1686 590 1740 Nam
618 1686 661 1739 si
691 1688 910 1755 spiritus
942 1687 1120 1740 omnia
1147 1696 1438 1748 scrutatur,
1462 1687 1625 1739 etiam
1658 1683 1869 1738 occulta
1901 1683 2018 1751 Dei,

457 1787 514 1832 ut
543 1777 798 1845 scriptum
831 1787 914 1832 est
939 1777 1027 1840 ⁸³’,
1060 1779 1206 1831 novit
1237 1776 1474 1846 profecto
1493 1776 1673 1830 omnia
1689 1791 1807 1844 qua:
1827 1775 1877 1829 in
1904 1776 2018 1844 ipso

2119 589 2224 645 οἶδε
2255 592 2315 644 τὸ
2351 592 2596 662 Πνεῦμα,
2638 589 2752 644 ἀλλ’
2785 609 2803 641 ι
2830 589 2943 643 οὐκ
2991 589 3170 641 ἴσασιν
3199 589 3250 640 οι
3294 587 3550 655 ἄγγελοι,
3590 587 3700 640 οὐδ’
3767 599 3778 604 “

2119 679 2256 736 οἶδεν
2301 684 2330 735 6
2379 682 2536 746 Υιός·
2574 702 2591 733 ι
2648 682 2740 733 καὶ
2785 679 2941 733 τοῦτο
2986 678 3405 749 ἁπολελυμένως
3431 696 3445 710 ο
3485 679 3546 730 οὐ
3593 679 3699 749 γὰρ

2121 773 2493 844 προστέθεικε,
2524 772 2616 826 τοῦ
2648 771 2804 825 Θεοῦ.
2836 772 3006 839 Δῆλον
3034 767 3127 822 οὖν
3160 771 3242 823 ὅτι
3276 771 3548 838 ἀγγέλους
3595 770 3694 839 μὶν

2120 865 2318 934 iam"
2361 866 2574 933 ἀγνοεῖν
2603 864 2677 926 ὡς
2707 863 2998 931 multum.
3047 863 3234 915 Εξπεῖν
3267 862 3325 914 δὲ
3373 865 3486 924 τοῖς
3522 862 3699 932 μαθη-

2118 961 2236 1020 ταῖς
2261 958 2322 1010 οὐ
2353 956 2602 1026 θελήσας,
2631 955 2720 1008 διά
2748 972 2872 1008 τινα
2915 955 3072 1022 λόγον
3098 955 3417 1023 οἰκονομίας
3458 956 3704 1023 ἀπόρρη-

2118 1065 2228 1100 τον·
2269 1067 2287 1100 r
2316 1047 2411 1110 Τίς
2432 1047 2538 1118 γὰρ
2577 1047 2717 1115 ἔγνω
2749 1045 2873 1099 νοῦν
2916 1045 3143 1116 Κυρίου,
3187 1045 3220 1114 ἡ
3266 1045 3353 1108 τίς
3400 1045 3705 1114 σύμὸουλος

2120 1136 2282 1191 αὑτοῦ
2327 1139 2574 1205 ὲγένετος
2608 1157 2626 1190 ι
2659 1139 2747 1191 ἶνα
2783 1139 2858 1209 μὴ
2893 1138 3152 1209 φαίνηται
3183 1135 3445 1205 κρύπτων
3473 1136 3702 1198 αὐτοὺς,

2120 1232 2213 1284 καὶ
2241 1230 2329 1284 διὰ
2357 1230 2516 1283 τοῦτο
2542 1230 2783 1301 λυπήσῃ,
2825 1230 2920 1283 καὶ
2960 1230 3050 1283 τὸν
3088 1228 3216 1282 Υἱὸν
3272 1228 3444 1297 ἔφησε
3507 1229 3581 1298 μὴ
3630 1231 3707 1281 εἰ·

2118 1321 2282 1382 ὄέναι,
2301 1321 2781 1391 ἀνθρωπινώτερον
2808 1322 2903 1390 μιν
2928 1321 3054 1390 περὶ
3075 1319 3270 1373 ἑαυτοῦ
3296 1321 3495 1387 λέγων,
3517 1321 3705 1390 ὥσπερ

2119 1413 2247 1482 περὶ
2273 1411 2559 1480 ἀνθρώπου
2579 1430 2592 1442 ·
2628 1413 2909 1480 φυλάττων
2935 1412 2990 1464 δὲ
3016 1410 3193 1480 ἑαυτῷ
3221 1412 3280 1464 τὸ
3308 1413 3512 1465 εἰδέναι
3545 1413 3707 1466 πάλιν

2121 1505 2294 1557 πάντα
2317 1503 2392 1566 ὼς
2417 1503 2569 1566 Θεός.
2595 1503 2693 1556 Διὰ
2720 1503 2826 1573 γὰρ
2853 1502 3007 1558 τοῦτο
3035 1502 3153 1555 οὐδὲ
3179 1503 3241 1555 τὸ
3263 1504 3488 1574 Πνεῦμα
3507 1503 3706 1575 ἔφησεν

2120 1596 2355 1662 ἀγνοεῖν.
2393 1596 2454 1647 El
2491 1596 2599 1666 γὰρ
2628 1596 2690 1648 τὸ
2742 1593 2966 1664 Πνεῦμα
3011 1595 3187 1649 πάντα
3225 1595 3452 1666 ἐρευνᾷ,
3500 1598 3592 1649 καὶ
3641 1597 3709 1649 τὰ

2122 1686 2257 1757 βάθη
2290 1688 2384 1740 τοῦ
2412 1687 2568 1749 Θεοῦ,
2599 1688 2742 1740 καθὰ
2779 1687 3104 1757 γέγραπται,
3126 1681 3233 1740 οἶδε
3262 1687 3505 1756 δηλονότι
3528 1687 3707 1740 πάντα

2119 1778 2187 1830 τὰ
2231 1779 2288 1829 ὲν
2316 1777 2481 1846 αὐτῷ.
2527 1779 2636 1832 Καὶ
2666 1781 2714 1832 ει
2738 1779 2798 1832 τὸ
2827 1778 3048 1848 Πνεῦμα
3084 1777 3145 1830 τὸ
3188 1779 3365 1831 πάντα
3399 1778 3566 1842 εἰδὸς,
3614 1781 3708 1833 καὶ

454 1880 596 1923 aunt.
641 1868 790 1936 Quod
835 1869 880 1923 si
919 1867 1151 1938 Spiritus
1187 1869 1274 1938 qui
1334 1867 1514 1923 omnia
1557 1866 1682 1931 scit,
1729 1867 2017 1936 omniaque

2127 1870 2187 1922 τὰ
2219 1870 2396 1922 πάντα
2424 1867 2886 1940 περιεργάζεσθαι
2917 1867 3234 1936 δυνάμενον,
3266 1868 3419 1936 παρὰ
3453 1867 3547 1920 τοῦ
3578 1867 3706 1920 Υἱοῦ

456 1961 728 2029 inquirere
774 1969 976 2029 potest,
1007 1975 1036 2012 a
1075 1958 1210 2013 Filio
1241 1960 1438 2029 accipit
1473 1976 1486 2010 :
1531 1976 1550 2008 ι
1589 1957 1682 2011 Ille
1725 1958 1892 2020 enim,
1931 1958 2016 2010 in-

456 2048 672 2116 quit,de
701 2063 820 2102 meo
842 2047 1148 2117 accipiet“,
1179 2068 1196 2100 ι
1219 2048 1489 2117 quomodo
1517 2047 1684 2102 Filius
1710 2048 2019 2102 censebitur

458 2140 726 2208 ignorare,
751 2140 842 2209 qui
871 2139 1096 2210 Spiritui
1130 2143 1309 2196 omnia
1342 2138 1534 2196 scienti
1561 2140 1914 2208 suppeditat?

1119 2252 1344 2310 ALIUD.

527 2365 584 2420 Si
636 2364 794 2422 I'ater
837 2367 1017 2419 omnia
1059 2375 1313 2434 operatur
1355 2379 1450 2434 per
1489 2364 1707 2432 Filium,
1736 2375 1794 2418 ut
1850 2367 2024 2434 inquit

459 2459 760 2527 Scriptura,
794 2467 846 2513 et
881 2459 996 2512 sine
1026 2458 1143 2526 ipso
1175 2456 1370 2510 factum
1401 2467 1484 2510 est
1511 2457 1678 2522 nihil;
1703 2472 1862 2509 unum
1896 2471 2022 2510 vero

456 2550 693 2626 omnium
722 2549 883 2604 etiam
915 2562 996 2604 est
1028 2549 1312 2619 praefinitio
1339 2548 1442 2603 diei
1472 2559 1526 2603 et
1557 2549 1704 2602 horai
1734 2563 1840 2618 quo
1867 2562 2022 2603 mun-

457 2644 558 2697 dus
589 2643 810 2697 ﬁniatur
840 2661 853 2697 :
886 2651 1035 2697 certe
1067 2642 1229 2696 etiam
1261 2643 1360 2695 hoc
1391 2641 1708 2710 pra-ﬁnitum
1733 2649 1817 2694 est
1841 2648 1895 2692 et
1915 2655 2009 2692 ex—

460 2748 701 2802 pressum
751 2748 846 2797 per
874 2733 1091 2788 Filium.
1125 2733 1275 2798 Quod
1308 2747 1434 2785 vero
1465 2731 1786 2799 prmlinitum
1818 2738 1902 2784 est
1928 2744 2024 2797 per

461 2825 627 2886 illum,
663 2825 930 2893 quomodo
959 2826 1206 2894 ignorare
1235 2824 1435 2894 queat?
1466 2822 1625 2876 Novit
1677 2823 1863 2892 itaque
1905 2821 2014 2874 hoc

460 2925 515 2966 ut
547 2911 704 2978 Deus,
740 2916 951 2968 tametsi
998 2916 1206 2969 nescire
1243 2930 1301 2971 se
1341 2917 1485 2969 dicat
1521 2924 1791 2982 quatenus
1840 2913 2022 2967 factus

458 3016 540 3060 cst
571 3019 696 3058 caro
716 3046 728 3068 ,
759 3013 812 3058 et
840 3019 960 3072 qua:
987 3005 1196 3058 homini
1229 3004 1558 3059 conveniunt
1585 3004 1808 3059 sentiat.

1123 3140 1352 3196 ALIUD.

530 3253 587 3305 Si
626 3267 807 3306 omma
849 3269 970 3323 qua:
1014 3254 1176 3307 habet
1226 3251 1404 3317 Pater,
1445 3263 1571 3307 sunt
1624 3253 1765 3317 Filii,
1802 3263 1857 3306 ut
1911 3254 2025 3322 ipse

462 3353 741 3397 testatur:
788 3354 844 3396 at
873 3345 1031 3398 Pater
1075 3344 1318 3398 ultimum
1354 3345 1500 3397 illum
1547 3344 1687 3398 diem
1732 3353 1786 3398 et
1832 3345 2023 3398 horam

461 3436 608 3492 novit
631 3449 646 3490 :
668 3445 816 3492 certe
847 3435 1008 3492 etiam
1045 3434 1214 3491 Filius
1243 3436 1403 3491 norit.
1435 3435 1510 3491 ita
1542 3437 1685 3491 enim
1714 3451 1839 3492 vcre
1869 3435 2022 3492 dixe-

462 3529 568 3582 rit:
604 3546 622 3580 ι
658 3527 848 3584 Omnia
876 3543 995 3598 quae
1035 3527 1196 3582 habet
1222 3526 1405 3593 Pater,
1441 3543 1560 3582 mea
1590 3537 1719 3586 sunt
1756 3529 1823 3585 ⁸³.
1860 3549 1878 3580 ι

1023 3731 1187 3803 220
1220 3733 1447 3789 ALIUD.

528 3842 584 3896 Si
611 3857 735 3898 vere
765 3843 894 3898 dicit
921 3861 933 3896 :
964 3861 982 3894 ι
1015 3843 1124 3911 Ego
1155 3844 1206 3896 in
1241 3844 1424 3908 Patre,
1451 3857 1503 3898 et
1527 3844 1682 3901 Pater
1707 3847 1758 3898 in
1793 3862 1875 3900 me
1899 3847 1977 3911 ⁸⁸ς
2003 3864 2019 3897 i

460 3947 511 3988 et
541 3934 694 3987 Pater
723 3933 970 3986 ultimum
1009 3933 1155 3987 illum
1191 3934 1331 3988 diem
1358 3927 1617 3991 etboram
1655 3937 1841 3992 novit:
1881 3940 2028 3994 novit

465 4024 706 4090 proiecto
738 4032 792 4078 et
816 4023 1008 4089 Filius,
1049 4025 1140 4094 qui
1172 4024 1228 4079 in
1272 4027 1431 4081 Patre
1467 4028 1700 4094 exsistit,
1737 4029 2028 4100 omniaque

465 4119 519 4170 in
572 4117 685 4184 ipso
731 4117 898 4181 novit,
931 4126 987 4170 et
1036 4116 1248 4172 Patrem
1297 4119 1389 4188 qui
1427 4122 1610 4175 omnia
1664 4122 1812 4177 novit
1856 4123 1910 4177 in
1970 4137 2028 4179 se

462 4206 640 4263 habet.
1250 4225 1261 4233 ·

1110 4324 1339 4381 ALIUD.

2122 1958 2407 2028 λαμϐάνειο
2449 1976 2468 2010 ι
2506 1958 2712 2011 Ἐκεῖνο
2753 1957 2882 2030 γὰρ,
2923 1959 3106 2027 φησὶν,
3137 1956 3195 2022 ἐξ
3226 1958 3360 2024 ἐμοῦ
3393 1956 3655 2028 λήψεται·
3682 1977 3700 2008 ι

2124 2049 2240 2114 πῶς
2275 2051 2302 2102 6
2336 2049 2505 2118 Λόγος
2531 2050 2735 2117 ἀγνοεῖ,
2762 2049 2789 2102 ὁ
2817 2048 2909 2103 τοῦ
2942 2049 3119 2102 πάντα
3148 2047 3347 2111 εἰδότος
3389 2049 3706 2118 Πνεῦματος

2125 2141 2355 2211 κηρηγός
2377 2157 2390 2205 ;

2814 2255 3015 2309 ΑΛΔΟ.

2196 2371 2256 2423 Εἰ
2292 2371 2464 2424 πάντα
2497 2369 2560 2423 δι’
2591 2368 2718 2423 Tini
2749 2370 2778 2421 6
2811 2369 2998 2438 Πατὴρ
3026 2368 3336 2436 ἐργάζεται,
3371 2366 3515 2420 καθά
3545 2383 3704 2435 φησιν

2125 2463 2156 2530 ἡ
2189 2460 2400 2534 Γραφὴσ
2428 2462 2596 2531 χωρὶς
2625 2460 2732 2532 γὰρ
2758 2459 2924 2515 αὐτοῦ
2954 2457 3170 2529 ἐγένετο
3192 2456 3311 2514 οὐδὲ
3334 2455 3414 2512 ἓν·
3441 2456 3498 2512 ἓν
3521 2459 3580 2512 δὲ
3600 2459 3707 2511 τῶν

2125 2555 2340 2606 πάντων
2366 2553 2483 2606 ἐστὶ
2531 2549 2627 2606 καὶ
2668 2553 2728 2606 τὸ
2759 2553 3046 2624 ὁρισθῆναι
3079 2555 3178 2624 τὴν
3225 2553 3438 2623 ἡμέραν
3472 2552 3564 2605 καὶ
3609 2551 3710 2616 τὴν

2113 2641 2260 2712 ὥραν
2286 2642 2404 2695 καθ’
2425 2643 2534 2713 ἡνό
2560 2642 2762 2712 κόσμος
2784 2644 2894 2709 ἔξει
2930 2641 2990 2694 τὸ
3029 2643 3197 2705 τέλος·
3235 2641 3468 2713 ὥρισται
3503 2641 3705 2711 δηλον-

2123 2737 2205 2790 ότι
2255 2739 2346 2790 καὶ
2383 2736 2691 2790 τετύπωται
2718 2734 2992 2788 καὶτοῦτο
3021 2734 3088 2788 δι’
3116 2732 3270 2787 Υἱοῦ.
3304 2733 3376 2786 Τὸ
3403 2733 3459 2785 δὲ
3491 2731 3706 2802 ὁρισθὲν

2123 2831 2189 2884 δι’
2236 2828 2422 2891 αὐτοῦ,
2472 2829 2589 2892 mli;
2626 2829 2838 2897 ἀγνοεῖν
2883 2826 3140 2892 δύναταις
3187 2825 3398 2880 οὐκοῦν
3447 2820 3588 2878 οἶδεν
3632 2823 3708 2887 ὡς

2125 2921 2286 2983 Θεὸς,
2328 2921 2430 2974 κᾶν
2459 2923 2669 2988 ἀγνοεῖν
2698 2921 2866 2991 λέγῃ,
2913 2919 3047 2974 καθὸ
3093 2919 3283 2988 γέγονε
3314 2917 3472 2990 σὰρξ,
3504 2917 3599 2971 καὶ
3638 2915 3711 2980 τὰ

2129 3011 2397 3082 ἀνθρώπῳ
2426 3012 2701 3083 πρέποντα
2732 3015 2923 3083 φρονῇ.

2803 3145 3004 3199 ΑΛΛΟ.

2196 3260 2258 3312 Εἰ
2288 3260 2465 3314 πάντα
2492 3258 2590 3312 ὅσα
2624 3257 2736 3327 ἔχει
2779 3260 2807 3311 6
2842 3258 3030 3330 Πατὴρ
3071 3257 3164 3310 τοῦ
3198 3254 3330 3310 Υἱοῦ
3371 3256 3522 3321 ἑστι,
3568 3251 3709 3307 καθέ

2127 3369 2288 3420 φησιν
2313 3352 2496 3414 αὐτὸς,
2524 3350 2636 3420 ἔχει
2665 3350 2720 3404 δὲ
2745 3353 2772 3404 6
2803 3351 2994 3422 Πατὴρ
3019 3351 3115 3421 τὴν
3144 3347 3349 3418 γνῶσιν
3372 3348 3472 3417 τῆς
3497 3346 3711 3416 ἡμέρας

2127 3444 2219 3498 καὶ
2260 3444 2356 3514 τῆς
2401 3444 2551 3515 ὥρας
2592 3445 2838 3514 ἐκείνης,
2881 3443 2993 3514 ἔχει
3031 3441 3272 3512 δηλονότι
3306 3441 3516 3508 ταύτην
3562 3438 3654 3491 καὶ
3679 3437 3708 3489 6

2127 3539 2274 3602 Υἱός.
2314 3537 2469 3592 Οὕτω
2509 3539 2618 3609 γὰρ
2646 3535 2934 3607 ἀληθεύσει
2967 3535 3167 3604 λέγων·
3204 3553 3222 3585 ι
3250 3534 3436 3587 Πάντα
3469 3533 3571 3586 ὅσα
3597 3531 3706 3601 εχει

2125 3630 2153 3682 6
2182 3626 2390 3698 Πατὴρ,
2425 3628 2536 3698 ὲμά
2562 3628 2725 3680 ἐστιν.
2753 3645 2773 3678 ι

2828 3740 2915 3793 AA
2925 3742 3032 3793 ΛΟ.

2197 3854 2258 3907 El
2293 3855 2548 3925 ἀληθεύει
2590 3855 2785 3922 λέγων·
2824 3871 2844 3906 ι
2885 3853 3028 3922 Ἐγὼ
3076 3853 3134 3905 ὲν
3173 3849 3252 3922 τῷ
3299 3851 3508 3922 Πατρὶ,
3555 3851 3648 3905 καὶ
3678 3851 3709 3904 6

2129 3947 2315 4017 Πατὴρ
2339 3949 2397 3999 ὲν
2425 3947 2570 4016 ἐμοὶ,
2605 3965 2622 3998 ι
2655 3943 2761 3999 οἶδε
2794 3945 2849 3998 δὲ
2876 3947 2974 4016 τὴν
3004 3943 3217 4016 ἡμέραν
3248 3943 3466 4013 ἐκείνην
3491 3945 3582 3996 καὶ
3612 3943 3708 4012 τὴν

2129 4039 2277 4106 ὥραν
2306 4039 2334 4090 6
2372 4037 2582 4108 Πατὴρ,
2616 4033 2722 4090 οἶδε
2761 4036 2999 4106 δηλονότι
3041 4036 3135 4089 καὶ
3177 4037 3205 4088 6
3238 4035 3398 4100 Υἱὸς,
3435 4035 3494 4086 ὲν
3537 4033 3709 4103 Πατρι

2127 4146 2186 4181 τε
2217 4127 2291 4180 ὢν
2322 4128 2416 4181 καὶ
2451 4129 2628 4182 πάντα
2661 4127 2944 4195 γινώσκων
2967 4126 3035 4180 τὰ
3059 4128 3115 4180 ὲν
3143 4125 3312 4196 αὐτῷ,
3344 4125 3441 4178 καὶ
3477 4127 3615 4195 ἔχων
3651 4124 3707 4177 ὲν

2131 4219 2308 4289 ἑαυτῷ
2333 4220 2424 4273 τὸν
2456 4219 2634 4274 εἰδότα
2667 4221 2909 4290 Πατέρα.

2814 4337 3014 4390 ΑΛΛΟ.

531 4438 699 4494 Filius
731 4438 925 4493 dicitur
961 4448 1016 4493 et
1050 4447 1133 4495 est
1173 4440 1483 4495 omnimoda
1531 4441 1704 4496 Patris
1746 4442 1922 4514 imago
1957 4444 2019 4501 ⁸⁸.

2202 4451 2376 4505 Εξκὼν
2423 4451 2840 4523 ἀπαράλλακτος
2877 4449 2971 4503 τοῦ
3018 4449 3228 4520 Πατρὸς
3270 4451 3298 4501 6
3327 4447 3454 4510 Υἱὸς
3494 4446 3706 4514 λέγεται

467 4533 521 4585 Si
556 4548 682 4586 vero
718 4532 873 4585 Pater
907 4533 1053 4586 novit
1088 4533 1226 4586 diem
1272 4534 1419 4587 illum
1464 4541 1517 4587 et
1559 4535 1743 4586 horam
1772 4549 1784 4596 ;
1817 4536 2019 4602 ignorat

2133 4545 2226 4596 καὶ
2255 4543 2419 4600 ἐστιν,
2461 4545 2519 4596 El
2547 4543 2603 4596 δὲ
2636 4541 2774 4596 οἶδεν
2808 4545 2836 4595 6
2876 4542 3066 4612 Πατὴρ
3094 4541 3190 4610 τὴν
3229 4539 3442 4609 ἡμέραν
3479 4539 3573 4591 καὶ
3610 4538 3707 4606 τὴν

466 4632 642 4675 autem
700 4621 868 4675 Filius
911 4639 924 4676 :
972 4622 1241 4691 quomodo
1293 4623 1343 4676 id
1383 4623 1523 4691 quod
1575 4623 1785 4692 ignorat
1834 4623 2019 4678 referet

2134 4635 2301 4706 ὥραν,
2341 4637 2524 4704 ἀγνοεῖ
2549 4636 2603 4688 δὲ
2633 4637 2659 4687 6
2692 4636 2842 4700 Υἱὸς,
2879 4635 2995 4698 πῶς
3018 4634 3078 4686 τὸ
3105 4631 3335 4701 ἀγνοοῦν
3378 4631 3578 4694 εἰδότος
3611 4648 3707 4699 φο·

463 4716 822 4768 ι·11ἑ1Γ30[οῐ611’1
852 4713 966 4782 ejus
983 4715 1073 4784 qui
1107 4715 1252 4769 novit
1275 4716 1301 4769 ἶλ
1334 4717 1492 4785 Atqui
1526 4725 1609 4770 est
1643 4717 1864 4769 omnino
1892 4717 2019 4769 ima-

2138 4729 2279 4798 ρέσει
2317 4729 2408 4781 τὸν
2457 4728 2820 4799 χαρακτῆρα;
2874 4728 3010 4781 Ἀλλ’
3057 4727 3204 4779 ἔστιν
3252 4725 3418 4778 εἰκὼν
3457 4724 3552 4777 τοῦ
3599 4725 3708 4776 Πα-

463 4821 528 4871 go
563 4805 758 4870 Patris,
808 4805 934 4858 licet
966 4808 1201 4860 maxime
1246 4808 1426 4861 hostes
1458 4807 1657 4861 Christi
1715 4807 1902 4861 nolint.
1937 4806 2019 4861 Si-

2133 4818 2279 4888 τρδς,
2308 4820 2408 4872 κᾶν
2434 4821 2481 4871 οἱ
2513 4820 2865 4890 χριστομάχοι
2900 4819 2972 4890 μὴ
3005 4819 3060 4888 βο
3074 4819 3319 4872 ἇλωνται.
3355 4818 3571 4869 Ἔοικεν
3601 4816 3706 4886 ἄρα

466 4896 606 4947 milis
641 4896 818 4962 itaque
842 4906 923 4949 est
946 4898 1111 4948 etiam
1151 4897 1248 4948 hac
1290 4897 1339 4950 in
1375 4907 1528 4965 parte
1573 4895 1715 4950 Patri
1744 4913 1756 4958 ;
1785 4906 1839 4950 et
1886 4896 2019 4951 sicut

2135 4913 2226 4966 καὶ
2258 4913 2393 4966 κατὰ
2425 4913 2580 4966 τοῦτο
2613 4913 2691 4984 τῷ
2724 4913 2916 4984 Πατρὶ,
2948 4914 3040 4966 καὶ
3072 4912 3257 4984 ὥσπερ
3302 4904 3441 4963 οἶδεν
3474 4910 3706 4971 ἐκεῖνος,

465 4985 612 5039 novit
651 4984 757 5050 ille,
789 4985 935 5040 novit
970 4996 1022 5041 et
1046 4986 1180 5055 ipse.

1118 5122 1342 5178 ALIUD.
1367 5135 1402 5174 ',

2133 5005 2273 5058 οὕτω
2308 5006 2398 5058 καὶ
2434 5006 2613 5069 αὑτός.

2816 5142 3015 5197 ΑΛΛΟ.

537 5234 635 5302 Qui
661 5236 787 5290 dicit
821 5236 1039 5299 Filium,
1076 5248 1341 5305 quatenus
1369 5247 1452 5293 est
1488 5236 1742 5302 Verbum,
1779 5240 2028 5308 ignorare

465 5331 604 5381 diem
633 5327 781 5382 illum
813 5340 867 5383 et
896 5329 1104 5392 horam,
1141 5329 1528 5397 blasphemiam
1556 5331 1759 5383 evitare
1796 5345 1900 5384 non
1934 5347 2031 5400 po-

467 5431 589 5475 test.
620 5421 674 5474 Si
703 5421 844 5476 enim
877 5422 1026 5476 novit
1057 5421 1296 5487 Patrem,
1331 5423 1467 5476 sicut
1504 5423 1732 5489 ipsemet
1755 5433 2022 5476 testatur:

466 5514 589 5579 quid
616 5515 792 5568 obstat
826 5513 1114 5582 quominus
1137 5515 1298 5570 etiam
1330 5519 1487 5570 tinem
1526 5516 1816 5570 crcationis
1844 5515 2029 5569 norit?

469 5604 524 5657 Si
568 5619 694 5659 vero
734 5605 966 5660 dixerint
1019 5608 1248 5677 amplius
1284 5621 1406 5662 esse
1443 5606 1601 5662 tinem
1649 5617 2023 5662 creaturarum

544 5717 584 5795 ς
618 5716 716 5795 lsa.
750 5733 836 5778 χι..
860 5719 970 5795 _I__3;
998 5718 1149 5774 Rom.
1187 5734 1262 5780 ιι,
1292 5718 1378 5774 δι.
1458 5721 1520 5752 ⁸¹⁶
1554 5720 1570 5775 I
1611 5723 1735 5778 Cor.
1775 5738 1834 5789 tt,
1886 5725 1967 5779 I0.

2134 5729 2288 5788 Joan.
2321 5750 2432 5795 xt't.
2488 5735 2568 5791 II.

475 5795 516 5826 ιθ
542 5784 746 5842 Coloss.
781 5804 814 5846 ι,
854 5789 936 5843 15.

2215 5253 2272 5306 '0
2312 5255 2385 5324 μὴ
2426 5255 2622 5308 εἰδέναι
2664 5255 2835 5323 λέγων
2867 5257 2958 5310 τὸν
3001 5255 3146 5319 Υἱδν,
3186 5253 3321 5307 καθὸ
3355 5252 3525 5319 Λόγος
3559 5251 3706 5309 ἐστὶ,

2136 5345 2232 5415 τὴν
2263 5348 2472 5417 ἡμέραν
2513 5347 2607 5400 καὶ
2636 5349 2735 5418 τὴν
2766 5350 2915 5421 ὤραν
2948 5349 3182 5418 ἐκείνην,
3207 5347 3307 5400 οὐκ
3336 5345 3441 5412 ἔξω
3467 5344 3577 5398 τῶν
3605 5342 3710 5394 ἀπὸ

2135 5438 2232 5504 τῆς
2274 5437 2625 5509 βλασφημίας
2673 5442 3035 5513 ἐγκλημάτων
3079 5440 3456 5511 εὑρεθήσεται.
3489 5437 3553 5490 ΕΞ
3603 5436 3709 5504 γὰρ

2133 5525 2238 5582 οἶδε
2278 5531 2368 5582 τὸν
2401 5532 2638 5603 Πατέρα,
2676 5535 2817 5588 καθά
2863 5552 3027 5605 φησιν
3071 5533 3253 5598 αὐτὸς,
3299 5530 3349 5585 τί
3385 5529 3587 5584 κωλύει
3616 5526 3708 5580 καὶ

2131 5620 2191 5673 τὸ
2239 5623 2388 5686 τέλος
2439 5626 2632 5680 εἰδέναι
2678 5628 2779 5697 τῆς
2835 5629 3096 5693 κτίσεωςς
3145 5629 3206 5681 ΕΞ
3250 5628 3348 5698 μὲν
3392 5620 3486 5678 οὖν
3524 5621 3708 5694 μεῖξον

2648 5737 2690 5768 ⁸⁸
2721 5736 2872 5793 Joan.
2921 5755 3021 5804 sit,
3062 5739 3140 5793 i5.
3192 5738 3236 5768 ‘"
3274 5737 3429 5794 Joan.
3465 5754 3576 5805 xn’,
3619 5736 3699 5792 Ii.
