4024 6474
270 422 379 482 373

1701 428 2143 486 THESAURUS.

3451 426 3557 485 δη

272 542 457 612 sociia:
492 560 585 595 του
608 546 924 612 γινώσκειν
958 544 1049 598 τὸν
1084 544 1305 616 Πατέρα
1333 544 1394 598 τὸ
1432 545 1633 600 εἰδέναι
1663 546 1725 600 τὸ
1764 547 1861 617 τῆς

1979 563 2151 617 nosse,
2197 562 2358 620 quam
2408 545 2648 611 Patrem,
2694 541 3053 599 removebant
3106 554 3138 595 a
3184 552 3251 597 se
3296 538 3555 609 blasphe-

272 632 504 696 κτίσεως
538 635 707 700 τέλος,
750 636 1067 690 ἀποίσονται
1112 636 1213 706 τῆς
1247 637 1606 708 βλασφημίας
1634 638 1734 706 τὴν
1768 640 1861 691 κό-

269 726 445 780 λασιν.
488 726 553 779 El
589 726 645 778 δὲ
675 727 852 796 πάσης
900 727 1155 796 γνώσεως
1190 729 1644 799 ὑπεραναϐἐϐηκε
1686 730 1747 782 τὸ
1776 746 1861 797 γι-

267 813 501 869 νώσκειν
528 816 618 869 τὸν
650 816 886 890 Πατέρα,
918 818 1037 883 πῶς
1062 820 1091 872 6
1114 819 1175 873 τὸ
1204 818 1382 887 μεῖζον
1410 819 1567 885 εἰδὼς
1607 822 1863 893 ἀγνοήσει

267 908 331 961 τὸ
361 908 579 962 ἔλαττον
602 926 616 974 ;

713 1024 921 1088 MAO,
956 1022 1410 1095 διηγηματικῶς.

344 1131 459 1184 Οὐκ
498 1130 708 1199 ἀγνοῶν
734 1134 761 1186 ὁ
799 1132 993 1201 Λόγος,
1022 1130 1059 1208 ᾖ
1089 1135 1263 1203 Λόγος
1292 1136 1411 1187 ἐστὶ
1444 1136 1539 1189 καὶ
1573 1137 1737 1205 σοφία
1768 1135 1864 1189 τοῦ

268 1223 512 1293 Πατρὸς,
537 1224 619 1288 τὸ,
648 1226 765 1277 Οὐκ
786 1219 923 1290 οῖδα,
950 1227 1134 1295 φησὶν,
1164 1228 1302 1282 ἀλλά
1330 1229 1592 1281 δεικνύων
1611 1230 1668 1283 ὲν
1686 1229 1865 1299 ἑαυτῷ

267 1316 369 1368 καὶ
411 1315 472 1367 τὺ
503 1314 864 1386 ἀνθρώπινον,
902 1310 946 1385 ᾧ
981 1317 1218 1389 μάλιστα
1264 1320 1464 1391 πρέπει
1508 1319 1569 1372 τὸ
1614 1321 1861 1388 ἀγνοεῖν·

268 1405 405 1458 ἴδιον
437 1404 543 1475 γὰρ
578 1407 1000 1479 ἀνθρωπότητος
1037 1409 1199 1463 τοῦτό
1237 1428 1320 1479 γε.
1365 1410 1583 1481 Ἐπειδὴ
1619 1409 1728 1479 γὰρ
1766 1410 1867 1481 τὴν

267 1496 433 1567 ἡμῶν
481 1498 835 1567 περιεϐάλετο
880 1500 1076 1572 σάρκα,
1124 1500 1211 1554 διά
1243 1501 1403 1555 τοῦτο
1437 1502 1532 1556 καὶ
1579 1505 1675 1572 τὴν
1710 1502 1868 1573 ἡμῶν

266 1587 497 1656 ἄγνοιαν
537 1587 681 1657 ἔχειν
716 1589 1131 1659 ὲσχηματίξετο.
1166 1592 1286 1644 Ὅτι
1330 1591 1437 1661 γὰρ
1472 1593 1536 1662 τῇ
1577 1590 1862 1662 ἀνθρωπό-

266 1694 401 1749 τητι
440 1679 533 1732 καὶ
561 1681 619 1732 οὐ
652 1682 716 1751 τῇ
752 1682 929 1752 οἰκείᾳ
962 1681 1122 1751 φύσει
1148 1683 1211 1735 τὸ
1243 1683 1461 1752 ἀγνοεῖν
1498 1683 1865 1755 περιτίθησιν,

268 1770 527 1823 ιντεῦθεν
570 1769 745 1835 ἔξεστι
792 1772 1007 1841 μαθεῖν.
1054 1774 1404 1845 Παραγαγὼν
1444 1775 1551 1847 γὰρ
1583 1778 1663 1838 είς
1702 1774 1867 1846 μέσον

267 1861 373 1932 τὴν
404 1862 647 1952 ἱστορίαν
675 1862 785 1915 τῶν
818 1863 960 1916 κατά
996 1864 1122 1926 τοὺς
1139 1863 1377 1937 ’χρόνους
1406 1863 1502 1916 τοῦ
1541 1864 1666 1917 Νῶε
1707 1880 1869 1933 γεγοο
1901 1897 1943 1952 Β

267 1954 443 2007 νότων
482 1951 812 2023 ἀνθρώπων,
861 1955 955 2008 καὶ
998 1954 1273 2025 είρηκὼς·
1320 1973 1338 2005 ι
1373 1956 1623 2023 Ἢσθιον,
1660 1955 1867 2019 ἔπινον,

266 2044 538 2115 ιγάμουν,
566 2032 911 2117 ἐγαμίζοντο,
938 2047 1044 2110 ἓως
1073 2042 1240 2117 ἦλθεν
1268 2050 1296 2101 6
1331 2046 1738 2118 κατακλυσμὸς,
1775 2048 1871 2100 καὶ

264 2132 408 2209 ἦρεν
452 2137 721 2201 ἅπαντας.
748 2157 766 2189 ι
804 2139 1082 2209 ἐπήγαγεν
1112 2138 1275 2204 εὐθύς
1294 2157 1310 2173 ο
1364 2158 1383 2191 s
1414 2141 1745 2212 Γρηγορεῖτε
1776 2136 1871 2193 οὖν

267 2230 367 2282 καὶ
408 2230 592 2300 ὑμεῖς,
632 2232 713 2283 ὅτι
742 2231 844 2284 οὐκ
881 2232 1059 2286 οἴδατε
1095 2232 1227 2304 ποίᾳ.
1258 2233 1379 2305 ῶρᾳ
1410 2236 1437 2287 6
1468 2234 1675 2305 Κύριος
1717 2234 1872 2304 ὑμῶν

266 2317 493 2389 Ιρχεται
516 2336 528 2349 ο
560 2338 578 2370 ι
632 2319 725 2372 καὶ
771 2320 968 2375 πάλιν⁶
1010 2342 1026 2374 ι
1058 2315 1137 2394 ’ῌ
1169 2323 1231 2375 οὐ
1269 2322 1475 2376 δοκεῖτε
1518 2322 1658 2394 ὥρᾳ,
1684 2324 1713 2375 ὁ
1744 2321 1871 2385 Υίδς

268 2411 366 2465 τοῦ
396 2411 686 2483 ἀνθρώπου
717 2412 955 2484 ἔρχεται.
983 2433 1001 2467 ι
1043 2415 1261 2486 Ἐχρῆν,
1291 2414 1348 2469 δὲ
1377 2416 1537 2486 εἴπερ
1556 2416 1721 2478 αὐτὸς
1746 2410 1813 2485 ἦν
1843 2416 1872 2467 6

268 2503 507 2571 ἀγνοῶν.
571 2503 707 2557 καθὸ
760 2505 931 2572 Λόγος
978 2507 1146 2573 ἐστὶν,
1192 2508 1368 2560 ἐκεῖνο
1404 2507 1606 2573 μᾶλλον
1658 2508 1868 2559 εἰπεῖν·

268 2592 387 2646 Οὐκ
416 2588 539 2645 οἶδα
574 2594 705 2665 ποίᾳ
742 2596 926 2667 ἡμέρᾳ
958 2595 1214 2667 ἔρχομαι,
1265 2598 1360 2651 καὶ
1398 2592 1432 2670 ᾖ
1472 2597 1533 2650 οὒ
1567 2595 1709 2650 δοκῶ
1752 2596 1872 2668 ῶρα

269 2682 695 2753 πεμφθήσομαι.
751 2686 971 2756 Ἐπειδὴ
1016 2687 1073 2739 δὲ
1107 2689 1219 2750 τοῖς
1266 2687 1668 2759 ἀκροωμένοις,
1700 2688 1761 2740 τὸ
1794 2686 1872 2757 μὴ

268 2774 474 2829 ειδέναι
496 2776 588 2828 τὸν
624 2777 818 2847 καιρὸν
847 2778 880 2848 ἢ
910 2778 1009 2847 τὴν
1042 2778 1260 2852 ἡμέραν
1287 2780 1389 2850 τῆς
1430 2779 1739 2849 παρουσίας
1773 2780 1873 2833 αὑ-

269 2865 367 2919 τοῦ
411 2866 785 2936 περιτέθεικε,
832 2868 992 2938 δῆλός
1045 2871 1195 2923 ἐστιν
1238 2869 1403 2934 αὐτὸς
1455 2870 1555 2940 μὲν
1595 2870 1752 2934 είδὼς
1796 2870 1872 2934 ὡς

270 2952 467 3021 Λόγος.
507 2956 747 3022 Ἀγνοεῖν
786 2956 843 3009 δὲ
875 2957 1070 3025 λέγων,
1101 2957 1241 3013 καθὸ
1272 2958 1381 3013 τῶν
1426 2960 1647 3027 ἀγνοεῖν
1697 2976 1872 3027 πεφυ-

272 3043 477 3109 κότων,
538 3045 782 3115 δηλονότι
848 3047 1177 3119 ἀνθρώπων,
1228 3048 1331 3120 τὴν
1381 3049 1642 3120 ὁμοίωσιν
1690 3048 1869 3103 ἐνεδύ-

275 3154 431 3192 σατο.

968 3252 1171 3307 ΛΛΛΟ.

346 3362 502 3415 Είὲκ
529 3362 627 3431 τῆς
665 3362 873 3426 είκόνος
926 3364 1024 3434 τῆς
1074 3364 1218 3418 κατά
1264 3366 1358 3421 τὸν
1409 3368 1536 3422 Νῶε
1584 3371 1871 3442 σημαίνειν

275 3452 527 3523 βούλεται
553 3454 651 3523 τῆς
681 3453 939 3523 δευτέρας
991 3454 1157 3509 αὐτοῦ
1205 3459 1509 3529 παρουσίας
1526 3460 1617 3513 τὸν
1644 3462 1836 3534 καιρὸν
1855 3500 1870 3526 ,

268 3543 366 3597 δτι
392 3542 592 3615 κρίνων
626 3542 907 3596 ἐλεύσεται
955 3544 1056 3617 τὴν
1099 3546 1451 3618 οἰκουμένην,
1513 3550 1766 3617 φαίνεται
1815 3551 1872 3605 δὲ

269 3634 369 3690 τοῦ
400 3634 785 3706 κατακλυσμοῦ
835 3636 937 3708 τὴν
978 3637 1197 3709 ἡμέραν
1255 3640 1356 3693 οὐκ
1388 3641 1665 3713 ἀγνοήσας
1710 3643 1874 3716 (οὕτω

270 3727 384 3799 γὰρ
411 3726 580 3796 inde
610 3726 686 3798 τῷ
708 3726 853 3781 Νῶε’
884 3728 1179 3795 «Eludet,
1216 3731 1280 3785 σὺ
1312 3734 1406 3786 καὶ
1432 3734 1483 3786 ei
1514 3735 1618 3788 uici
1640 3752 1757 3801 σου,
1792 3738 1875 3802 εἰς

269 3818 372 3890 τὴν
421 3818 686 3873 κιδωτόψ
740 3818 823 3873 ἔτι
872 3820 984 3891 γὰρ
1033 3820 1259 3892 ἡμερῶν
1296 3824 1470 3889 ἑπτὰ,
1521 3825 1634 3895 ἐγὼ
1680 3827 1875 3897 ἐπάγω

271 3908 431 3964 ὑετὸν
451 3909 542 3962 ὲπὶ
570 3908 671 3979 τὴν
700 3909 849 3980 γῆνΥ
876 3927 894 3961 ι
928 3904 1066 3963 οἶδεν
1093 3909 1203 3980 ἄρα
1232 3912 1333 3983 τῆς
1350 3912 1545 3967 ἑαυτοῦ
1570 3915 1873 3986 παρουσίας

270 4002 377 4071 τήν
398 4017 460 4055 τε
488 4001 638 4072 ῶραν
664 4000 758 4054 καὶ
778 4002 878 4072 τὴν
900 4000 1140 4073 ἡμέραν,
1170 4003 1256 4056 ἵνα
1278 4002 1517 4075 σώζηται
1545 4005 1657 4058 τῶν
1691 4023 1870 4077 πραγ-

274 4094 467 4165 μάτων
500 4094 533 4163 ﬂ
572 4092 848 4166 ὁμοιότης,
879 4092 969 4147 καὶ
1019 4094 1056 4164 ἡ
1078 4093 1137 4147 ιν
1171 4095 1402 4159 ἐκείνοις
1445 4094 1633 4163 εἰκὼν,
1665 4096 1873 4169 ταύτην

273 4186 544 4258 σημαίνῃ·

271 4296 483 4369 ΔΛΛΟ,
513 4295 600 4369 ἔτι
630 4296 719 4369 εις
750 4295 816 4349 τὸ
855 4296 1027 4369 αρτόο
1051 4297 1249 4369 «Αῌερι
1283 4297 1352 4351 es
1376 4298 1488 4367 τῆς
1524 4298 1753 4369 ἡμέρας
1773 4300 1872 4369 καὶ

353 4364 509 4439 ὥρας
530 4364 1024 4439 ἐκείνηςηοὺδεὶς
1050 4362 1233 4432 οἷδεὶμ,
1250 4370 1395 4439 Δοὔτε
1414 4362 1874 4439 deﬁcimus.»

347 4433 644 4504 οὐρανῶν,
674 4434 819 4490 οὐδὲ
844 4439 877 4490 ό
910 4436 1066 4503 Υἱὸς,
1121 4439 1175 4491 ει
1189 4437 1277 4508 μὴ
1294 4439 1487 4507 μόνος
1526 4433 1814 4510 δ’Πιιτήρ.
1847 4460 1866 4493 ι

1967 641 2151 696 miam.
2198 640 2271 694 At
2294 639 2340 695 si
2374 638 2519 693 omni
2557 635 2750 691 notitia
2794 634 3050 703 superius
3096 632 3559 702 praestantiusque

1966 743 2053 789 est
2086 745 2248 786 nosse
2285 729 2503 784 Patrem
2534 746 2548 783 :
2581 725 2857 798 quomodo
2884 725 2930 780 is
2961 725 3052 793 qui
3094 722 3446 794 quodmajus
3475 729 3559 777 est

1968 823 2144 892 novit,
2173 822 2444 892 ignorabit
2466 820 2521 875 id
2547 818 2693 889 quod
2722 816 2902 872 minus
2927 816 3055 871 est?

2457 1014 2612 1073 Διιυ
2622 1015 2685 1083 Ι),
2726 1012 3062 1084 explicatius.

2037 1133 2156 1189 Non
2188 1131 2332 1202 quod
2360 1131 2577 1201 ignoret
2600 1127 2860 1193 Verbum,
2897 1135 3171 1195 quatenus
3208 1122 3561 1179 Verbum-cst

1967 1232 2022 1278 et
2052 1222 2316 1291 sapientia
2351 1220 2530 1275 Patris
2571 1219 2642 1283 ⁸⁸,
2674 1218 2800 1272 dicit
2844 1231 2904 1272 se
2932 1215 3168 1279 nescire,
3218 1214 3312 1269 sed
3365 1213 3559 1268 buma-

1968 1331 2093 1371 nam
2118 1327 2369 1369 naturam
2398 1314 2454 1367 in
2479 1325 2537 1367 se
2559 1310 2875 1371 ostendens,
2902 1308 2987 1363 cui
3009 1308 3280 1378 praecipue
3302 1304 3572 1360 convenit

1968 1408 2221 1478 ignorare
2245 1421 2259 1459 :
2286 1402 2641 1459 humanitatis
2670 1401 2815 1456 enim
2847 1400 2950 1454 hoc
2982 1398 3260 1468 proprium
3289 1405 3394 1452 est.
3420 1395 3557 1451 Cum

1968 1499 2114 1554 enim
2144 1511 2367 1552 carnem
2415 1508 2659 1551 nostram
2706 1493 3026 1561 assumpsit,
3062 1490 3268 1545 idcirco
3306 1488 3474 1543 etiam
3506 1488 3560 1541 in

1969 1605 2094 1647 eum
2142 1598 2196 1644 ut
2250 1589 2303 1643 in
2348 1602 2448 1645 nos
2496 1586 2801 1653 ignorantia
2837 1585 3035 1639 cadere
3077 1581 3193 1636 visa
3242 1586 3328 1636 est
3356 1597 3376 1635 ι
3416 1578 3563 1648 quod

1970 1690 2151 1737 autem
2183 1694 2291 1735 non
2342 1678 2577 1750 propriae
2626 1686 2842 1731 natura
2894 1688 3027 1739 suae,
3083 1674 3177 1728 sed
3232 1669 3563 1726 humanitati

1971 1772 2334 1844 ignorantiam
2383 1770 2641 1835 ascribat,
2694 1768 2823 1823 inde
2866 1765 3125 1836 cognosci
3173 1771 3377 1835 potest.
3423 1760 3562 1817 Cum

1971 1864 2118 1920 enim
2162 1864 2218 1918 in
2268 1861 2509 1917 medium
2559 1859 2877 1915 adduxisset
2908 1857 3194 1912 historiam
3244 1867 3432 1910 eorum
3468 1851 3564 1921 qui

1974 1953 2309 2025 temporibus
2353 1948 2470 2008 Noe
2515 1952 2793 2016 vixerunt,
2829 1959 2885 2005 et
2919 1948 3151 2003 dixisset
3186 1964 3201 2001 :
3236 1962 3256 1997 ι
3293 1942 3564 1999 Comede-

1972 2047 2107 2100 bant
2135 2052 2190 2100 et
2218 2043 2479 2099 bibebant
2503 2084 2519 2110 ,
2550 2041 2831 2097 nubebant
2859 2040 3016 2107 viris,
3043 2045 3100 2094 et
3124 2035 3395 2092 ducebant
3421 2048 3563 2088 uxo-

1973 2150 2097 2201 res,
2144 2135 2317 2191 donec
2360 2132 2510 2190 venit
2552 2132 2841 2198 diluvium,
2888 2139 2944 2186 et
2986 2128 3212 2185 abstulit
3254 2140 3486 2191 omnes;
3538 2143 3560 2178 s

1974 2225 2203 2296 subjecit
2238 2226 2459 2281 statim:
2502 2243 2523 2278 ι
2556 2224 2791 2298 Vigilate
2827 2222 2996 2295 igitur
3027 2230 3086 2277 et
3123 2234 3246 2287 vos,
3296 2222 3425 2289 quia
3472 2232 3567 2273 ne-

1974 2318 2130 2375 scitis
2159 2333 2267 2389 qua
2286 2317 2419 2373 hora
2444 2315 2619 2373 Filius
2649 2315 2888 2372 hominis
2914 2312 3133 2379 veniet;
3166 2331 3186 2366 ι
3221 2319 3275 2368 et
3301 2325 3518 2366 rursum
3546 2326 3562 2363 :

1980 2428 2000 2463 ι
2032 2409 2147 2477 Qua
2194 2424 2299 2465 non
2350 2409 2557 2480 putatis
2608 2408 2743 2463 hora
2792 2405 2963 2462 Filius
3006 2402 3248 2460 hominis
3294 2402 3499 2456 veniet.
3540 2418 3560 2453 ι

1973 2500 2275 2571 Oportebat
2332 2510 2540 2567 autem,
2603 2499 2651 2555 si
2700 2498 2815 2569 ipse
2862 2506 3133 2567 quatenus
3184 2502 3270 2550 est
3330 2492 3564 2548 Verbun

1975 2592 2281 2665 ignorabat,
2320 2592 2503 2648 dicere
2552 2592 2731 2662 potius
2762 2608 2777 2644 :
2810 2588 3007 2645 Nescio
3041 2602 3147 2658 qua
3182 2585 3273 2642 die
3304 2594 3567 2639 venturus

1973 2683 2076 2738 sim
2104 2700 2118 2737 :
2155 2692 2211 2738 et
2239 2696 2347 2753 qua
2388 2682 2613 2737 minime
2640 2678 3007 2748 exspectarim
3041 2678 3171 2732 hora
3199 2675 3406 2729 mittar.
3428 2674 3564 2727 Cum

1975 2787 2105 2828 vero
2130 2773 2469 2829 auditoribus
2503 2770 2866 2843 ignorantiam
2894 2767 3160 2838 temporis
3182 2767 3301 2823 sive
3324 2764 3427 2819 diei
3459 2778 3567 2833 qua

1974 2880 2237 2927 venturus
2258 2874 2428 2932 esset,
2448 2863 2713 2930 ascribat,
2740 2860 3089 2917 manifestum
3125 2868 3213 2913 est
3249 2857 3426 2929 ipsum
3446 2855 3568 2925 qui-

1974 2963 2096 3019 dem
2130 2960 2183 3015 id
2209 2960 2375 3025 scire,
2402 2966 2464 3012 ut
2495 2956 2759 3011 Verbum.
2796 2950 3055 3024 Ignorare
3088 2959 3273 3006 autem
3320 2963 3380 3006 se
3410 2948 3564 3014 dicit,

1973 3063 2243 3124 quatenus
2273 3048 2611 3115 hominibus,
2638 3046 2692 3102 in
2740 3059 2878 3115 quos
2925 3042 3237 3116 ignorantia
3290 3040 3453 3103 cadit,
3488 3038 3571 3094 εἰς

1975 3135 2124 3199 milis
2151 3141 2333 3198 factus
2358 3148 2462 3197 est.

2553 3249 2713 3320 εει
2744 3246 2978 3304 ALIUD.

2047 3367 2106 3425 Si
2137 3382 2205 3422 ex
2235 3364 2475 3436 imagine
2500 3362 2639 3427 Noe,
2671 3360 2898 3417 secundi
2936 3358 3201 3415 adventus
3232 3356 3319 3412 sui
3354 3364 3575 3427 tempus

1974 3460 2289 3533 signiﬁcare
2339 3456 2478 3522 vult,
2524 3455 2744 3526 quando
2787 3464 3055 3508 venturus
3096 3462 3182 3507 est
3221 3452 3287 3505 ad
3319 3449 3572 3520 judican-

1974 3554 2100 3609 dum
2132 3553 2319 3607 orbem
2354 3558 2645 3615 terrarum,
2674 3554 3001 3615 constatque
3034 3559 3156 3600 eum
3201 3542 3391 3597 diluvii
3424 3540 3571 3595 diem

1974 3655 2085 3697 non
2112 3641 2431 3711 ignorasse:
2457 3638 2530 3693 ita
2559 3637 2705 3692 enim
2736 3636 2804 3691 ad
2828 3634 2940 3692 Noe
2968 3634 3177 3704 inquit:
3205 3650 3224 3685 ι
3255 3630 3570 3701 Ingredere,

1975 3738 2032 3787 tu
2057 3740 2112 3785 et
2144 3729 2236 3784 lilii
2271 3727 2369 3795 tui,
2403 3729 2459 3783 in
2489 3742 2671 3782 arcam
2702 3744 2717 3782 :
2750 3740 2851 3797 ego
2876 3725 3024 3780 enim
3056 3734 3177 3794 post
3213 3722 3330 3778 dies
3360 3731 3570 3791 septem

1974 3825 2227 3881 inducam
2254 3822 2489 3893 pluviam
2521 3820 2899 3877 interram“:
2927 3838 2947 3872 ι
2984 3818 3134 3873 novit
3165 3818 3351 3887 itaque
3377 3814 3571 3869 horam

1974 3926 2031 3973 et
2062 3915 2205 3971 diem
2238 3916 2321 3971 sui
2348 3917 2637 3980 adventus,
2685 3923 2747 3967 ut
2779 3927 2962 3968 rerum
3004 3911 3309 3966 similitudo
3343 3920 3569 3963 conser-

1974 4018 2156 4073 vetur,
2200 4018 2256 4063 et
2292 4018 2453 4077 typus
2498 4007 2617 4063 sive
2662 4006 2842 4075 imago
2876 4019 3000 4076 qua:
3044 4005 3097 4059 in
3135 4003 3244 4060 illis
3271 4009 3377 4069 est,
3429 4000 3573 4056 hanc

1974 4099 2265 4159 signiﬁcet.

1972 4296 2189 4356 ALIUD
2219 4296 2271 4350 in
2314 4296 2452 4377 idem
2480 4308 2501 4347 :
2541 4294 2669 4377 συθ
2701 4295 2788 4348 die
2833 4293 2927 4347 illa
2974 4295 3199 4377 ειῄίιονιοα
3231 4310 3380 4377 nemo
3406 4295 3570 4377 nouit,

2046 4384 2211 4492 ἔθηκε
2257 4367 2431 4437 angeli
2485 4365 2763 4429 caelorum,
2811 4380 2977 4435 neque
3032 4361 3232 4429 Filius.
3284 4368 3371 4420 sed
3424 4365 3570 4419 solus

2094 4455 2125 4493 a
2150 4454 2226 4493 er.
2259 4455 2279 4489 ι

350 4542 521 4597 Ὀταν
547 4544 581 4613 ἡ
605 4541 727 4595 θεία
748 4542 883 4616 λέγῃ
912 4543 1107 4617 Γραφὴ
1138 4546 1265 4617 περὶ
1299 4543 1394 4598 τοῦ
1427 4546 1681 4617 Σωτῆρος
1713 4548 1870 4618 ἡμῶν

2049 4550 2185 4606 Cum
2220 4562 2377 4604 sacra
2423 4547 2705 4617 Scriptura
2754 4548 2901 4604 dicat
2928 4546 3281 4603 Servatorem
3321 4554 3571 4602 nostrum

273 4623 541 4709 Χριστοῦ.
558 4636 639 4689 ὅτι
663 4636 757 4689 καὶ
777 4636 1051 4708 ὲπείνησε,
1080 4638 1175 4691 καὶ
1198 4638 1439 4709 ἐδίψησε,
1466 4639 1560 4693 καὶ
1586 4640 1876 4703 ἐκοπίασεν

275 4730 345 4783 tu
369 4727 471 4797 τῆς
521 4727 853 4799 ὁδοιπορίας,
890 4728 986 4782 καὶ⁸
1038 4729 1333 4784 ἐκάθευδεν
1380 4731 1639 4787 εἰσελθὼν
1688 4734 1769 4799 είς
1811 4735 1873 4789 τὸ

279 4818 514 4887 σκάφος,
548 4817 601 4871 τί
632 4817 742 4889 ἀρα
775 4820 1096 4889 ποιήσουσιν
1148 4821 1195 4874 οι
1230 4824 1625 4894 χριστομάχοις
1655 4826 1876 4898 Τολμή-

279 4924 468 4963 σουσιν
505 4906 616 4978 ἄρα
643 4908 826 4977 λέγειν
852 4911 945 4965 καὶ
975 4910 1154 4966 ταῦτα
1190 4913 1480 4984 ὑπομεῖναι
1510 4915 1600 4969 τὸν
1628 4915 1720 4970 τοῦ
1738 4917 1874 4971 Θεοῦ

277 5002 476 5069 Λόγον,
499 5000 533 5071 ἢ
560 5000 861 5073 ταῦταμὲν
896 5003 970 5066 ὡς
992 5004 1091 5075 τῆς
1120 5005 1540 5077 ἀνθρωπότητος
1570 5007 1679 5063 ῐδια
1710 5025 1878 5079 προσ-

277 5092 483 5161 άψουσι
517 5095 583 5165 τῇ
619 5094 807 5165 σαρκὶ,
866 5094 972 5160 ἔξω
992 5094 1049 5148 δὶ
1076 5096 1257 5150 αὐτῶν
1281 5098 1715 5170 ὁμολογήσουσιν
1735 5096 1875 5155 εἶναι

276 5186 373 5239 τὸν
400 5184 493 5239 τοῦ
526 5185 662 5240 Θεοῦ
696 5187 889 5257 Λόγον,
912 5182 945 5261 ᾔ
969 5187 1142 5257 Λόγος
1172 5189 1353 5257 ὲστίν;
1386 5192 1599 5266 Ὠσπερ
1620 5190 1714 5248 οὖν
1742 5212 1875 5263 συγ-

279 5277 597 5350 κεχώρηκεν
626 5279 813 5333 ἑαυτὸν
838 5280 915 5345 ὡς
939 5281 1227 5351 ἄνθρωπον
1271 5283 1563 5355 γενόμενον
1616 5286 1754 5355 μετά
1779 5288 1875 5340 ἀν-

279 5367 517 5439 θρώπων
556 5368 651 5423 καὶ
686 5371 874 5442 πεινῆν
898 5370 990 5424 καὶ
1015 5369 1198 5442 διψῇν,
1233 5373 1328 5425 καὶ
1356 5374 1425 5427 τὰ
1454 5373 1591 5428 ἄλλα
1620 5375 1871 5445 πάσχειν,

279 5460 426 5529 άπερ
452 5459 666 5531 εἴρηται
691 5462 824 5531 περὶ
851 5461 1038 5527 αὐτοῦ,
1092 5464 1187 5517 τὸν
1218 5463 1381 5518 αὑτὸν
1413 5465 1478 5536 δὴ
1506 5465 1708 5537 τρόπον
1737 5468 1873 5521 ἀκό-

277 5549 473 5603 λουθον
515 5552 589 5623 μὴ
646 5553 1119 5623 σκανδαλίζεσθαι,
1146 5554 1253 5609 κᾶν
1296 5554 1372 5620 ὡς
1401 5554 1691 5627 ἄνθρωπος
1736 5557 1872 5631 λέγῃ

1982 4640 2265 4697 Christum
2322 4641 2605 4705 esuriisse,
2662 4639 2888 4706 sitiisse,
2919 4638 3473 4715 defatigatumiuisse
3503 4654 3575 4693 ex

1983 4735 2199 4799 itinere,
2218 4742 2476 4789 etnavem
2496 4733 2799 4804 ingressum
2812 4732 3176 4788 obdormiisse
3197 4729 3288 4795 ⁸⁸⁸,
3304 4732 3432 4801 quid
3454 4742 3572 4786 sta.

1980 4834 2137 4879 tuent
2186 4826 2373 4881 hostes
2400 4822 2655 4879 Christi?
2689 4823 3052 4877 Audebuntne
3103 4822 3286 4877 dicere
3335 4820 3575 4876 Verbum

1980 4916 2073 4973 Dei
2109 4918 2222 4972 hac
2268 4930 2585 4986 perpessum
2631 4914 2819 4981 fuisse,
2869 4924 2964 4971 aut
3000 4917 3113 4970 haec
3154 4927 3213 4969 ut
3249 4915 3576 4971 humanitati

1981 5004 2199 5082 prOpria
2228 5008 2380 5063 carni
2424 5008 2728 5072 aseribent,
2764 5006 3002 5064 Verbum
3035 5017 3217 5063 autem
3260 5008 3355 5062 Dei
3382 5016 3574 5076 quato-

1982 5118 2087 5159 nus
2143 5100 2384 5157 Verbum
2431 5111 2517 5157 est
2565 5101 2632 5157 iis
2688 5101 2855 5157 rebus
2902 5102 3200 5158 obnoxium
3254 5117 3365 5157 non
3416 5104 3576 5157 esse?

1981 5194 2449 5261 Quemadmodum
2503 5193 2668 5265 igitur
2707 5193 2811 5249 hoc
2848 5193 2904 5247 in
2942 5208 3001 5249 se
3034 5195 3267 5264 recepit,
3317 5202 3377 5248 ut
3410 5194 3575 5249 homo

1981 5285 2157 5341 factus
2198 5300 2302 5339 una
2346 5299 2469 5340 cum
2511 5284 2824 5339 hominibus
2869 5284 3133 5349 esurinet,
3168 5295 3331 5354 atque
3366 5284 3571 5351 sitiret,

1983 5377 2301 5448 reliquaque
2346 5384 2646 5446 pateretur,
2671 5390 2793 5444 quae
2822 5376 2891 5430 de
2935 5376 3057 5446 ipso
3087 5376 3233 5431 dicta
3279 5386 3447 5431 sunt:
3483 5390 3578 5430 ea-

1982 5468 2104 5522 dem
2135 5467 2299 5537 plane
2331 5466 2547 5523 ratione
2578 5480 2688 5520 non
2719 5474 2805 5521 est
2838 5469 2983 5537 quod
3014 5481 3175 5537 quem
3210 5463 3471 5531 oﬂ‘endat,
3504 5466 3573 5531 si,

1984 5569 2043 5613 ut
2074 5558 2259 5627 homo,
2293 5573 2401 5614 una
2441 5573 2567 5616 cum
2623 5557 2937 5613 hominibus
2985 5560 3270 5630 ignorasse
3323 5558 3572 5614 dicatur:

357 5728 448 5807 ’⁸-1
478 5730 674 5807 ᾗσι-.-1,
706 5732 797 5787 Ἃ.
829 5803 848 5807 Α
861 5732 919 5807 _"'
944 5732 1137 5807 Matth.
1186 5750 1336 5806 xxtv,
1366 5736 1459 5805 38,
1491 5735 1583 5803 42,
1612 5735 1704 5794 Μ.
1782 5738 1829 5770 ⁸⁸
1864 5746 1870 5784 4

1986 5778 2001 5795 .
2041 5755 2136 5807 vn,
2183 5741 2291 5796 1-4.
2363 5738 2427 5773 ⁸⁸·
2471 5739 2657 5797 Matth.
2709 5754 2779 5806 IV,
2810 5740 2867 5807 2;
2908 5738 3064 5797 Joan.
3112 5756 3223 5805 sis,
3258 5739 3362 5807 28;
3410 5734 3573 5796 Joan.

281 5806 356 5872 iv,
390 5802 447 5869 6;
478 5801 667 5860 Matth.
691 5818 788 5871 vn,
820 5803 914 5871 33,
936 5804 1029 5862 Ἡ.
