4024 6436
539 391 646 448 375

1552 386 1608 441 S.
1649 383 1919 441 αηιιιι
1958 378 2422 437 ALEXANDle
2466 382 2785 440 ARCHIEP.

3668 379 3773 437 376

539 500 785 557 eamdem
846 498 987 555 enim
1040 498 1313 554 nobiscum
1363 509 1580 553 carnem
1641 495 1889 567 gestavit.
1935 495 2090 549 Novit

2200 497 2318 565 μετ’
2348 496 2650 566 ἀνθρώπων
2682 495 2916 565 ἀγνοεῖν,
2960 494 3041 547 ὅτι
3064 493 3162 563 τὴν
3194 492 3359 564 αὐτὴν
3390 492 3521 562 ἡμῖν
3546 490 3774 562 ιφόρεσι

540 590 682 645 enim
722 597 778 643 ut
825 588 1089 659 sapientia
1134 596 1186 643 et
1218 584 1453 643 Verbum
1488 587 1538 640 in
1585 585 1747 640 Patre
1789 585 2089 648 cxsistcos;

2200 587 2394 658 σάρκα.
2420 585 2539 640 Οἵδε
2575 589 2673 657 μὲν
2709 587 2815 655 γὰρ
2840 586 2914 647 ὡς
2939 585 3099 651 σοφία
3130 586 3221 636 καὶ
3254 584 3426 651 Λόγος
3463 581 3538 635 ὢν
3571 584 3629 633 iv
3658 582 3773 635 ηα-

541 680 789 748 lgnorare
818 692 949 734 vero
994 693 1053 734 se
1081 678 1211 733 dicit
1243 685 1461 749 propter
1494 689 1589 729 nos
1614 687 1668 729 et
1713 674 2011 739 nobiscum,
2037 681 2090 728 ut

2196 678 2303 746 τρί’
2344 678 2419 747 μὴ
2443 678 2635 731 εἰδέναι
2661 676 2717 729 6i
2770 691 2901 744 φησι
2936 675 3001 727 δι’
3037 675 3183 745 ἡμᾶς
3226 674 3319 727 καὶ¹
3349 672 3469 742 μεθ’
3492 671 3647 742 ἡμῶν
3696 670 3773 734 ὡς

537 770 716 825 homo.

534 878 764 946 ALIUD,
813 898 914 949 quo
959 882 1253 935 ostenditur
1299 877 1569 949 manifeste
1630 878 1959 934 Servatorent
1995 895 2091 933 no-

605 948 1040 1020 uissenqtscdsns,
1084 950 1173 1020 sed
1213 950 1416 1001 ratione
1461 948 1848 1002 incarnationis
1878 950 2091 1019 ignora-

605 1016 803 1072 tio-etii
822 1033 932 1086 pra
956 1032 1011 1072 ss
1037 1018 1237 1071 tulisse.

604 1125 855 1181 Servator
885 1125 1085 1182 alicubi
1125 1128 1193 1182 ad
1220 1126 1513 1193 discipulos
1560 1143 1685 1183 suos
1712 1129 1786 1183 ait
1820 1148 1832 1183 :
1864 1147 1883 1180 ι
1920 1129 2091 1184 Laza-

535 1224 626 1269 rus
656 1217 861 1273 amicus
895 1230 1080 1273 noster
1120 1217 1411 1273 obdormiit
1438 1219 1505 1285 ",
1551 1238 1569 1271 s
1607 1234 1727 1274 cum
1761 1221 1961 1290 alioqui
1999 1234 2090 1274 nc-

536 1322 623 1361 mo
651 1308 749 1363 boc
782 1309 833 1364 ei
867 1311 1194 1376 nuntiasset,
1234 1309 1327 1365 sed
1372 1318 1428 1363 ut
1466 1309 1605 1364 Deus
1654 1312 1742 1378 qui
1785 1312 1963 1365 omnia
1996 1325 2088 1365 co-

532 1400 681 1467 gutta
723 1397 902 1453 habet.
945 1399 1148 1455 Deinde
1191 1400 1352 1471 longo
1398 1401 1588 1456 itinere
1641 1416 1760 1454 cum
1813 1401 2090 1471 discipulis

533 1489 825 1558 proiectus,
858 1492 1005 1547 venit
1038 1491 1103 1548 ad
1152 1506 1371 1548 sorores
1402 1493 1588 1549 Lnssri
1642 1494 1747 1562 iam
1791 1495 2005 1563 sepulti,
2035 1504 2091 1551 et

532 1580 741 1647 rogavit
771 1597 785 1632 :
819 1597 838 1631 ι
876 1578 980 1638 Ubi
1006 1580 1261 1651 posuistis
1287 1595 1412 1635 eum
1438 1580 1526 1633 ”?
1561 1601 1578 1633 ι
1608 1582 1776 1648 Quem
1820 1592 2087 1636 mortuum

533 1685 653 1725 esse
674 1671 899 1735 sciebat,
929 1674 1200 1742 quomodo
1230 1672 1509 1744 ignorabat
1540 1672 1711 1727 locum
1743 1674 1796 1727 in
1821 1689 1927 1742 quo
1956 1688 2087 1727 con-

534 1761 682 1815 ditus
710 1760 867 1815 erat?
888 1761 980 1817 sed
1002 1772 1159 1816 norat
1191 1764 1451 1833 proiecto.
1485 1763 1787 1819 Verisimile
1816 1766 1956 1817 enim
1983 1780 2086 1819 non

2198 764 2294 819 ἀνθ
2304 782 2499 836 ρωπος.

2197 884 2399 957 ΑΛΛῼΟ,
2447 882 2519 934 δι’
2567 876 2985 957 οὖ-δείκνιξται
3023 878 3252 957 Διζιιφῷς
3284 881 3316 932 ό
3361 877 3569 957 Σωτὴρ
3598 876 3770 957 add»;

2261 952 2378 1018 μέν
2422 969 2572 1006 τινα.
2617 951 2955 1017 οἰκονομίας
3012 949 3079 1001 δὲ
3122 948 3296 1017 χάριν
3341 948 3585 1016 ἀγνοεῖν
3617 948 3771 1000 αὐτὰ

2267 1018 2789 1090 σχηματιζόμενος.

2262 1129 2425 1196 Λέγει
2471 1146 2572 1182 που
2606 1130 2741 1199 πρὸς
2799 1128 2922 1191 τοὺς
2980 1127 3173 1181 ἑαυτοῦ
3211 1126 3459 1198 μαθητὰς
3488 1127 3517 1179 6
3553 1126 3769 1195 Σωτήρ

2197 1236 2217 1271 s
2247 1219 2540 1291 Λάζαροςό
2582 1220 2731 1288 φίλος
2760 1220 2916 1290 ἡμῶν
2950 1218 3290 1289 κεκοίμηται,
3330 1236 3349 1270 ι
3396 1219 3574 1270 καίτοι
3608 1216 3772 1286 μηδε-

2191 1309 2277 1369 νὸς
2303 1306 2729 1374 ἀπαγγείλαντος
2757 1307 2903 1377 αὐτῷ
2956 1309 3083 1377 περὶ
3128 1306 3342 1368 τούτου,
3392 1305 3508 1359 ἀλλ’
3531 1305 3607 1368 ὡς
3636 1304 3771 1367 Θεὸς

2191 1397 2261 1449 τὰ
2295 1398 2469 1451 πάντα
2503 1397 2803 1465 γινώσκων.
2838 1392 2970 1451 Εἶτα
3023 1395 3242 1465 μακρὰν
3272 1396 3472 1459 ἐλάσας
3505 1395 3626 1448 666v
3656 1394 3771 1464 ἀμα

2190 1488 2301 1549 τοῖς
2336 1485 2623 1555 μαθηταῖς,
2652 1484 2870 1555 ἔρχεται
2900 1484 3033 1556 πρὸς
3057 1482 3154 1545 τὰς
3180 1482 3273 1535 τοῦ
3305 1480 3772 1551 μνημονευθέντος

2192 1577 2441 1645 ἀδελφὰς,
2474 1576 2567 1630 καὶ
2602 1575 2821 1646 ἠρώτα·
2878 1594 2896 1626 t
2933 1574 3041 1627 Ποῦ
3094 1573 3377 1627 τεθείκατε
3430 1570 3615 1631 αὐτόνς
3652 1588 3669 1620 ι
3710 1570 3771 1622 '0

2190 1668 2345 1732 εἰδὼς
2378 1669 2458 1720 δτι
2481 1668 2826 1737 κεκοίμηται,
2860 1666 2976 1729 πῶς
3003 1666 3102 1718 οὐκ
3133 1660 3244 1717 οἶδε
3293 1663 3385 1715 τὸν
3432 1662 3601 1715 τόπον
3633 1662 3771 1713 ὅπου

2192 1760 2366 1813 ἔκειτο
2395 1759 2455 1811 τὸ
2483 1758 2637 1829 σῶμα
2662 1775 2677 1821 ;
2711 1758 2822 1810 ἀλλ’
2856 1754 3016 1811 οἶδεν.
3061 1754 3349 1808 ’Λπίθανον
3378 1752 3488 1823 γάρ
3506 1750 3571 1804 τδ
3594 1752 3773 1804 tum

530 1858 637 1913 est,
674 1850 844 1918 ipsum
874 1850 1004 1906 illud
1049 1826 1293 1918 scivisse,
1324 1854 1424 1909 hoc
1469 1854 1783 1909 nescivisse.
1817 1854 2088 1921 Quemad-

2196 1851 2293 1920 μὲν
2322 1848 2535 1912 εἰδέναι,
2562 1826 2721 1901 τοῦτο
2749 1847 2805 1901 δὲ
2838 1849 3071 1915 ἀγνοεῖν.
3104 1845 3313 1916 Ὠσπερ
3342 1838 3435 1896 οὖν
3455 1839 3773 1910 οἰκονομίας

532 1940 755 1995 modum
794 1940 956 2011 igitur
1002 1937 1265 2011 singulari
1306 1943 1536 2011 quodam
1582 1944 1809 1999 consilio
1846 1946 1982 1999 dixit
2028 1960 2087 2001 se

534 2029 743 2083 nescire
770 2028 860 2083 ubi
879 2029 1086 2100 iaceret
1112 2028 1348 2086 [cturus
1373 2050 1387 2097 ;
1423 2032 1495 2087 ita
1526 2034 1689 2088 etiarn
1709 2034 1775 2089 de
1797 2034 1886 2089 die
1911 2047 1965 2088 et
1996 2035 2089 2089 ito-

532 2134 614 2181 ra.
653 2119 872 2174 tametsi
900 2120 1045 2174 dicat
1085 2134 1143 2175 se
1174 2122 1441 2191 ignorare,
1472 2125 1719 2181 utilitatis
1749 2136 1805 2181 et
1836 2128 1959 2181 boni
1988 2126 2087 2182 ali-

530 2209 685 2280 cuius
706 2222 865 2265 causa
896 2209 952 2264 id
974 2208 1105 2267 facit
1134 2229 1148 2266 :
1180 2212 1343 2282 τις
1378 2215 1523 2268 novit
1552 2216 1693 2269 enim
1728 2226 1786 2270 ut
1822 2214 1980 2272 Deus.

696 2314 928 2385 ALIUD,
962 2318 1037 2373 ad
1062 2320 1299 2376 candens
1327 2325 1634 2377 sententious
1659 2328 1942 2395 pertinens.

599 2429 733 2487 Cum
764 2431 816 2487 in
847 2432 1089 2502 partibus
1107 2431 1367 2488 Caesareo
1388 2434 1616 2507 Philippi
1638 2448 1783 2492 esset
1809 2437 2082 2502 Senator,

529 2524 879 2596 interrogavit
913 2523 1243 2595 discipulos:
1282 2544 1300 2578 t
1340 2526 1510 2592 Quem
1562 2528 1746 2583 dicunt
1797 2544 1882 2584 me
1916 2530 2088 2585 homi-

527 2627 625 2667 nes
649 2626 772 2668 esse
812 2612 1007 2667 Filium
1057 2613 1291 2669 hominis
1317 2614 1408 2667 "‘i
1431 2633 1449 2665 ι
1488 2613 1730 2687 Cumque
1768 2616 1961 2673 Petrus
2003 2633 2087 2673 re-

530 2700 834 2770 spondisset
856 2710 910 2756 et
932 2702 1198 2757 dixisset:
1230 2719 1250 2754 ι
1285 2701 1363 2758 Tu
1390 2716 1449 2757 es
1480 2701 1749 2769 Christus,
1790 2704 1957 2760 Filius
1992 2706 2085 2762 Dei

529 2791 799 2857 viventis;
829 2810 848 2843 ι
882 2790 1064 2846 statim
1100 2792 1213 2861 ipse
1256 2792 1455 2859 intulit,
1494 2809 1513 2843 s
1551 2790 1756 2848 Beatus
1795 2806 1875 2858 es,
1899 2793 2087 2849 Simon

529 2880 790 2950 Barjona,
832 2881 958 2951 quia
1004 2880 1167 2936 Pater
1220 2880 1480 2936 reveiavit
1533 2881 1653 2945 tibi,
1693 2884 1784 2952 qui
1831 2882 1883 2937 in
1936 2884 2089 2939 calis

529 2982 613 3027 est
640 2973 706 3027 θ’.
738 2990 757 3025 ι
790 2970 960 3027 Nemo
987 2971 1129 3027 enim
1169 2971 1324 3027 novit
1350 2970 1547 3026 Filium
1583 2972 1684 3027 nisi
1731 2972 1910 3036 Pater.
1936 2973 2086 3043 juxta

531 3062 701 3132 ipsius
732 3060 1037 3117 Scrutaris
1061 3075 1244 3118 vocem
1275 3062 1339 3116 ".
1372 3061 1443 3116 At
1486 3062 1529 3117 si
1558 3062 1719 3118 Pater
1763 3079 1861 3132 per
1891 3064 2084 3120 Filium

2188 1941 2330 2003 τινος
2354 1940 2537 1993 ἓνεκεν
2563 1940 2621 1993 τὸ
2653 1939 2726 2009 μὴ
2754 1938 2949 1992 εἰδέναι
2971 1936 3073 1990 ποῦ
3108 1938 3284 1989 κεῖται
3332 1932 3582 2003 Λάζαρος
3633 1932 3770 1999 εφα-

2191 2050 2337 2094 σκεν,
2366 2030 2507 2083 οὕτω
2544 2031 2637 2084 καὶ
2668 2032 2794 2102 περὶ
2831 2032 2927 2100 τῆς
2946 2029 3161 2100 ἡμέρας
3184 2028 3278 2081 καὶ
3319 2026 3418 2095 τῆς
3446 2024 3630 2093 ὧρας,
3665 2021 3781 2084 stati,

2188 2124 2319 2197 λέγῃ
2355 2123 2427 2193 μὴ
2453 2122 2669 2184 εἰδέναι,
2709 2121 2977 2192 χρήσιμόν
3000 2137 3051 2172 τι
3076 2119 3168 2183 κα).
3194 2118 3395 2185 ἀγαθὸν
3426 2112 3728 2184 οἰκονομῶν
3751 2153 3769 2177 ,

2186 2212 2343 2266 τοῦτο
2368 2215 2527 2264 ποιεῖ·
2552 2207 2660 2265 οἵδε
2691 2212 2799 2281 γὰρ
2832 2212 2906 2273 ὡς
2932 2210 3086 2273 Θεός.

2441 2328 2644 2392 ΔΛΛΟ,
2675 2326 2787 2394 τὴν
2807 2325 3002 2394 αὐτὴν
3048 2327 3193 2395 ἕχον
3218 2322 3509 2377 διάνοιαν.

2258 2437 2392 2505 Περὶ
2421 2434 2488 2488 τὰ
2524 2435 2664 2505 μέρη
2699 2434 3033 2502 Καισαρείας
3091 2432 3192 2502 τῆς
3217 2430 3483 2485 Φιλίππου
3525 2426 3771 2499 γεγονὼς

2187 2527 2215 2579 6
2245 2526 2454 2596 Σωτὴρ,
2489 2524 2675 2594 ἠρώτα
2724 2524 2851 2587 τοὺς
2899 2522 3095 2577 ἑαυτοῦ
3155 2521 3423 2593 μαθητάς·
3486 2540 3505 2573 ι
3534 2521 3668 2575 Τίνα
3700 2537 3768 2591 με

2186 2616 2432 2683 λέγουσιν
2480 2618 2531 2669 οἰ
2584 2614 2860 2685 ἄνθρωποι
2924 2615 3015 2669 τὸν
3047 2614 3175 2667 Υίδν
3224 2612 3317 2667 τοῦ
3364 2612 3697 2684 ἀνθρώπους
3742 2629 3761 2663 ι

2200 2709 2663 2779 ’Δποκριναμίνου
2712 2708 2767 2760 δὲ
2798 2708 3004 2777 Πέτρου
3034 2708 3129 2761 καὶ
3154 2707 3460 2778 εἰρηκότος,
3501 2724 3520 2757 ι
3553 2706 3626 2759 Σὺ
3657 2698 3710 2757 si
3734 2707 3765 2758 6

2187 2799 2420 2871 Χριστὸς
2448 2802 2477 2853 6
2509 2799 2637 2863 Υἱὸς
2661 2798 2754 2852 τοῦ
2777 2798 2913 2852 Θεοῦ
2943 2798 3035 2851 τοῦ
3066 2798 3287 2862 ζῶντος,
3323 2817 3342 2850 ι
3368 2799 3650 2869 ιπήγαγεν
3683 2799 3765 2851 εὐ·

2190 2890 2307 2955 θὺς,
2326 2892 2407 2943 ὅτι
2450 2908 2467 2940 ι
2498 2889 2784 2959 Μακάριος
2816 2884 2887 2953 si,
2922 2889 3105 2958 Σίμων
3131 2889 3246 2961 Βάρ
3287 2889 3461 2950 Ἰωνᾶ,
3494 2889 3577 2941 ὅτι
3602 2889 3630 2941 6
3656 2888 3765 2942 Παο

2187 2982 2290 3053 τὴρ
2323 2980 2640 3049 ἀπεκάλυψι
2675 2997 2756 3033 σοι
2782 2983 2810 3033 6
2834 2982 2892 3034 iv
2920 2983 3033 3044 τοῖς
3053 2982 3321 3053 οὐρανοῖς.
3362 3000 3380 3032 ι
3424 2980 3615 3042 Οὐδεὶς
3656 2979 3765 3049 γάρ

2188 3067 2295 3123 οἵδε
2320 3070 2411 3123 τὸν
2434 3070 2559 3123 Υίὸν
2582 3072 2629 3123 εἰ
2656 3069 2731 3141 μὴ
2758 3072 2788 3124 6
2814 3071 3026 3141 Πατὴρ,
3057 3071 3197 3124 κατά
3212 3072 3311 3141 τὴν
3336 3070 3498 3125 αὐτοῦ
3536 3070 3629 3123 τοῦ
3656 3071 3767 3123 Σωο

529 3153 708 3207 omnia
744 3159 1017 3222 operatur,
1059 3166 1223 3207 unum
1261 3166 1387 3207 vero
1418 3167 1482 3207 ex
1527 3152 1780 3221 operibus
1822 3164 1905 3211 est
1932 3170 2087 3211 reve-

2196 3160 2355 3229 τῆρος
2382 3160 2586 3228 φωνήν.
2625 3160 2690 3213 Εἰ
2721 3160 2776 3213 δὲ
2803 3159 2872 3213 δι’
2910 3158 3042 3213 Υἰοῦ
3088 3161 3267 3215 πάντα
3313 3161 3503 3233 Πατὴρ
3533 3161 3761 3233 δργάζε-

532 3246 682 3309 tasio,
706 3243 887 3313 ipsum
908 3241 1141 3299 Verbum
1164 3240 1326 3299 Petro
1358 3242 1560 3299 revelat
1582 3257 1700 3315 qua:
1722 3243 1901 3301 Patris
1929 3256 2087 3313 sunt;

532 3336 799 3404 quomodo
832 3343 1010 3391 autem
1044 3337 1089 3390 is
1131 3334 1219 3405 qui
1265 3336 1491 3401 revelat,
1541 3346 1796 3405 tauquam
1839 3340 2092 3408 ignorans

537 3432 857 3496 interrogat,
874 3440 1162 3497 quemnam
1208 3426 1384 3497 ipsum
1415 3428 1661 3483 homines
1712 3443 1834 3485 esse
1862 3430 2094 3486 dicant?

533 3516 695 3571 Certo
721 3516 884 3586 igitur
906 3529 971 3571 ac
1008 3515 1268 3587 singulari
1305 3517 1533 3573 consilio
1563 3519 1835 3577 interdum
1874 3522 2093 3591 ignora-

536 3606 741 3661 tionem
764 3605 1005 3663 simulat.
1032 3605 1222 3664 Sciens
1255 3609 1409 3667 euitu
1426 3610 1556 3681 quid
1585 3609 1836 3682 discipuli
1865 3628 2090 3684 respon-

533 3695 644 3750 suri
674 3706 881 3763 essent,
908 3697 1246 3772 interrogat:
1280 3708 1337 3755 ut
1375 3710 1597 3772 accepta
1640 3716 1827 3759 eorum
1868 3719 2091 3777 respon-

533 3784 684 3841 sione
714 3785 874 3842 ﬂdem
901 3786 1157 3845 stabiliat.

1021 3963 1231 4021 ALIUD
1247 4005 1262 4031 ,
1288 3957 1599 4023 enarrari”.

604 4075 790 4142 Filius,
820 4084 1086 4147 quatenus
1136 4085 1222 4133 est
1270 4075 1505 4134 Verbum
1545 4088 1602 4136 et
1652 4081 1935 4152 sapientia,
1987 4101 2091 4141 non

533 4166 746 4238 ignorat
777 4165 921 4221 diem
944 4173 998 4220 et
1034 4165 1223 4220 horam
1256 4168 1341 4223 sui
1373 4171 1635 4226 adventus
1665 4189 1678 4227 :
1717 4174 1813 4228 sed
1844 4189 1912 4230 ne
1957 4191 2094 4233 mte-

532 4270 720 4311 roreut
750 4255 1027 4327 discipulis
1060 4257 1306 4323 incutiat,
1344 4260 1531 4315 nolens
1561 4276 1750 4317 eorum
1795 4262 2094 4337 interroga-

537 4348 667 4402 tioni
697 4349 1041 4417 respondere.
1070 4350 1207 4405 dixit
1236 4364 1294 4407 se
1322 4353 1550 4422 nescire,
1582 4364 1643 4410 ut
1669 4355 1830 4412 homo
1851 4399 1866 4423 ,
1897 4360 2092 4429 quippe

534 4438 628 4507 qui
666 4438 719 4492 id
772 4439 951 4493 dicere
995 4440 1175 4508 potuit
1209 4455 1476 4512 quatenus
1514 4459 1641 4500 caro
1678 4446 1851 4502 factus
1886 4458 1987 4515 est,
2034 4458 2092 4503 ut

534 4530 791 4597 scriptum
825 4540 908 4584 est
936 4530 1005 4596 “,
1035 4532 1324 4600 carnisque
1351 4534 1695 4591 inﬁrmitates
1725 4540 1967 4607 proprias
1989 4539 2091 4595 sibi

539 4617 681 4672 iecit.
708 4617 864 4684 Quod
881 4620 1027 4674 enim
1056 4621 1160 4676 hac
1196 4621 1263 4677 de
1287 4637 1445 4679 causa
1484 4639 1543 4681 se
1578 4628 1789 4683 nescire
1824 4629 1980 4696 dixit,
2009 4631 2093 4685 in-

536 4709 601 4762 de
627 4711 875 4779 cognosci
908 4720 1101 4781 potest.
1133 4712 1264 4768 Nam
1293 4725 1573 4787 postquam
1601 4732 1631 4774 e
1655 4720 1883 4775 mortuis
1911 4734 2092 4775 resur-

535 4800 696 4867 rexit,
721 4816 843 4856 cum
877 4802 987 4870 iam
1016 4805 1067 4858 in
1108 4806 1272 4861 caelos
1300 4822 1625 4865 ascensurus
1653 4820 1820 4875 esset,
1862 4812 2096 4868 interro-

536 4893 787 4963 gantibus
814 4910 937 4949 eum
968 4896 1263 4966 discipulis,
1296 4900 1511 4967 quando
1540 4901 1663 4955 linis
1687 4900 1920 4964 iuturus.
1947 4904 2093 4974 ipse-

535 4999 641 5054 que
669 4985 861 5040 iterum
894 4996 1151 5041 venturus
1188 4997 1348 5055 esset,
1381 4988 1627 5045 acerbius
1676 4991 1755 5046 eis
1794 4995 2091 5064 respondit,

537 5075 761 5131 dicens:
795 5093 813 5127 ι
845 5075 961 5131 Non
983 5086 1065 5133 est
1097 5088 1335 5133 vestrum
1372 5095 1597 5136 noscere
1628 5090 1866 5152 tempora
1894 5094 1949 5139 et
1978 5102 2095 5142 mo-

538 5176 741 5230 menta,
768 5180 887 5234 qua:
914 5165 1075 5222 Pater
1114 5169 1293 5238 posuit
1334 5170 1387 5223 in
1429 5184 1524 5224 sua
1560 5180 1825 5240 potestate
1850 5174 1919 5229 ".
1964 5193 1981 5226 ι
2022 5177 2093 5230 At

538 5255 581 5307 si
614 5254 743 5309 illud
790 5256 1006 5325 penitus
1040 5257 1365 5326 ignorasset,
1397 5262 1681 5329 oportebat
1723 5262 1900 5318 dicere
1930 5282 1943 5318 :
1974 5263 2092 5320 Dixi

539 5344 690 5398 vobis
720 5360 813 5399 me
835 5348 1067 5413 nescire,
1100 5357 1155 5403 et
1178 5351 1378 5405 nescio.
1411 5350 1479 5405 At
1507 5366 1633 5407 vero
1670 5354 1823 5422 quasi
1852 5370 1955 5410 non
2004 5372 2093 5411 re—

538 5443 625 5489 cte
662 5436 1061 5511 interrogantes
1095 5442 1457 5512 reprehendit,
1504 5453 1556 5499 et
1588 5454 1843 5515 tanquam
1889 5448 2092 5517 majora

537 5541 698 5594 quam
726 5542 825 5597 par
847 5528 917 5585 sit
944 5532 1283 5603 inquirentes
1317 5535 1509 5606 rejicit.
1537 5536 1880 5594 Manifestum
1912 5538 2093 5611 itaque

606 5683 652 5763 "_
678 5683 942 5763 Joan._xt,
977 5689 1063 5749 ii.
1138 5694 1187 5727 ”
1224 5693 1353 5751 ibid.
1376 5695 1466 5751 5i.
1543 5698 1583 5730 ’ί
1620 5695 1808 5754 Matth.
1847 5713 1958 5763 ιιι,
1993 5698 2077 5753 i5.

543 5752 590 5785 ⁸⁸
626 5755 743 5811 Act.
783 5772 821 5824 t,
855 5757 910 5812 ’1.

2192 3269 2301 3316 ται,
2325 3252 2383 3305 ιν
2416 3252 2471 3306 δὲ
2492 3252 2599 3305 τῶν
2629 3252 2807 3323 ἔργων
2828 3254 2920 3306 καὶ
2955 3255 2989 3324 ἡ
3025 3255 3389 3325 ἀποκάλυψις,
3412 3256 3575 3318 αὐτὸς
3605 3256 3634 3309 6
3659 3256 3761 3309 Λό-

2192 3357 2288 3407 γος
2317 3338 2667 3409 ἀποκαλύψας
2726 3339 2806 3410 τῷ
2851 3340 3046 3413 Πέτρῳ
3072 3333 3322 3410 φαίνεται
3351 3344 3422 3396 τά
3466 3343 3619 3414 παρά
3670 3342 3763 3397 τοῦ

2194 3430 2428 3500 Πατρός⁶
2457 3429 2573 3493 πῶς
2628 3426 2722 3484 οὖν
2749 3432 2777 3485 6
2813 3432 3169 3501 ἀποκαλύψας
3197 3432 3272 3497 ὡς
3305 3434 3515 3502 ἀγνοῶν
3557 3436 3763 3505 ιρωτᾷ,

2192 3520 2313 3572 τίνα
2342 3521 2590 3588 λέγουσιν
2619 3523 2666 3574 οἰ
2692 3521 2997 3594 άνθρωποι;
3021 3522 3230 3577 Οὐκοῦν
3254 3528 3529 3595 οἰκονομεῖ
3550 3542 3605 3579 τι
3639 3527 3765 3579 πολ-

2192 3611 2350 3673 λάκις
2392 3612 2492 3681 τῆς
2515 3613 2739 3681 ἀγνοίας
2775 3613 2835 3666 τὸ
2872 3616 3074 3685 σχῆμα.
3108 3614 3279 3679 Εἰδὼς
3304 3615 3413 3687 γὰρ
3440 3618 3578 3687 ὅπερ
3609 3618 3766 3687 ἐμελ-

2191 3704 2284 3756 λον
2314 3705 2458 3775 ἐρεῖν
2488 3705 2537 3756 οἰ
2570 3704 2828 3773 μαθηταὶ,
2855 3706 3121 3776 προσάγει
3156 3706 3257 3776 τὴν
3292 3705 3505 3771 πεῦσιν,
3540 3707 3608 3760 ἵν’
3630 3708 3764 3761 ἀπο-

2192 3792 2481 3861 δεξάμενος
2541 3791 2719 3846 αὐτῶν
2770 3793 2868 3863 τὴν
2935 3793 3263 3864 ἀπόκρισιν,
3334 3793 3611 3868 βεϐαιώσῃ
3667 3796 3763 3865 τὴν

2196 3880 2396 3933 πίστιν.
2984 3910 2991 3915 τ

2612 3972 2795 4025 ΔΛΛΟ
2818 4012 2831 4035 ,
2881 3971 3334 4042 διηγηματικῶς.

2264 4084 2375 4139 Οὐκ
2399 4086 2583 4152 ἀγνοεῖ
2612 4084 2708 4155 τὴν
2742 4086 2957 4155 ⁴ἡμέραν
2989 4087 3081 4140 καὶ
3114 4087 3211 4157 τὴν
3249 4086 3399 4159 ὥραν
3444 4088 3540 4160 τῆς
3573 4090 3764 4145 ἑαυτοῦ

2192 4179 2494 4247 παρουσίας
2531 4178 2559 4229 6
2585 4177 2731 4243 Υἱὸς,
2831 4177 3003 4245 Λόγος
3036 4178 3153 4231 ἐστὶ
3182 4179 3275 4233 καὶ
3310 4179 3469 4249 σοφία
3496 4220 3511 4242 ,
3539 4181 3655 4233 ἀλλ’
3682 4182 3763 4234 ἵνα

2198 4270 2271 4339 μὴ
2326 4268 2503 4339 λύπην
2540 4269 2737 4341 ἐντέκῃ
2796 4271 2911 4330 τοῖς
2942 4267 3230 4339 μαθηταῖς,
3298 4270 3374 4333 ὠς
3425 4271 3485 4323 οὐ
3534 4270 3765 4342 θελήσας

2194 4359 2583 4430 ἀποκρίνεσθαι
2615 4362 2679 4429 τῇ
2719 4361 2844 4429 παρ’
2870 4360 3050 4413 αὐτῶν
3090 4360 3517 4448 προσενεχθείσῃ
3554 4365 3763 4425 πεύσει,

2197 4450 2278 4514 τὸ,
2313 4450 2425 4502 Οὐκ
2454 4446 2588 4514 οῖδα,
2615 4450 2779 4521 φησὶν
2812 4450 2885 4513 ὡς
2901 4446 3468 4518 άνθρωπὸς,ὲξουσίαν
3502 4454 3643 4523 ἔχων
3675 4456 3765 4507 καὶ

2199 4538 2317 4604 τοῦ,
2354 4542 2528 4592 εἰπεῖν
2558 4539 2664 4604 διὰ,
2698 4541 2757 4593 τὸ
2784 4539 3031 4608 γενέσθαι
3074 4540 3227 4612 σὰρξ,
3260 4542 3393 4595 καθὸ
3433 4546 3765 4616 γέγραπται,

2199 4633 2290 4685 καὶ
2310 4630 2407 4693 τὰς
2436 4629 2536 4699 τῆς
2582 4630 2779 4700 σαρκὸς
2827 4629 3109 4693 ἀσθενείας
3158 4630 3613 4701 ἰδιοποιήσασθαι.
3649 4636 3769 4688 ὐτι

2202 4720 2309 4796 γᾲρ
2336 4718 2536 4789 ταύτης
2556 4719 2717 4771 ἕνεκα
2743 4718 2841 4786 τῆς
2868 4719 3044 4782 αἰτίας
3070 4718 3131 4771 τὸ
3155 4720 3227 4789 μὴ
3257 4721 3453 4775 εἰδέναι
3478 4726 3665 4793 φησὶν,
3687 4726 3771 4777 ὲν-

2200 4811 2387 4864 τεῦθεν
2413 4808 2690 4879 εἰσόμεθα.
2721 4810 2871 4863 Μετά
2901 4809 3008 4879 γὰρ
3040 4809 3101 4862 τὸ
3136 4812 3198 4862 ὲκ
3219 4811 3425 4882 νεκρῶν
3450 4814 3767 4884 ἀναστῆναι,

2207 4900 2413 4972 μέλλων
2444 4917 2503 4953 τε
2541 4900 2640 4969 ἤδη
2677 4898 2860 4952 λοιπὸν
2884 4899 3192 4952 ἀναϐαίνειν
3214 4900 3294 4963 εἰς
3330 4902 3617 4971 οὐρανοὺς,
3643 4904 3772 4973 ἔρω-

2201 4995 2481 5061 τησάντων
2504 4990 2664 5042 αὑτὸν
2693 4989 2799 5043 τῶν
2841 4990 3117 5061 μαθητῶν,
3164 4992 3293 5045 πότε
3318 4992 3379 5045 τὸ
3406 4993 3561 5057 τέλος
3584 4994 3770 5061 ἔσται,

2201 5085 2294 5136 καὶ
2326 5083 2455 5136 πότε
2496 5082 2656 5135 πάλιν
2684 5085 3142 5152 παραγενήσεται,
3180 5082 3510 5154 δριμύτερον
3541 5086 3772 5156 ἀπεκρί-

2198 5190 2325 5227 νατο
2350 5173 2543 5241 λέγων’
2581 5190 2600 5223 t
2632 5172 2743 5241 Οὐχ
2773 5172 2924 5241 ὑμῶν
2952 5173 3068 5225 ἐστι
3089 5172 3289 5241 γνῶναι
3333 5174 3562 5246 χρόνους
3589 5176 3623 5245 ἢ
3657 5194 3773 5229 και-

2200 5267 2345 5338 ροὺς,
2377 5266 2515 5330 οὒςό
2548 5266 2734 5336 Πατὴρ
2764 5264 2915 5317 ἔθετο
2943 5265 3001 5317 ἐν
3032 5267 3097 5335 τῇ
3136 5265 3241 5336 ἰδίᾳ
3289 5264 3530 5337 ἐξουσίᾳ.
3566 5286 3584 5319 ι
3631 5269 3771 5321 ’Δλλ’

2196 5358 2352 5429 εἰπερ
2376 5358 2580 5425 ἠγνόει,
2615 5356 2798 5425 σαφῶς
2816 5356 2974 5411 αὑτὸν
3000 5357 3168 5428 ἐχρῆν
3196 5356 3396 5426 λέγειν’
3421 5354 3590 5413 Εἶπον
3616 5362 3767 5430 ὑμῖν,

2195 5451 2294 5503 οὐκ
2316 5446 2451 5503 οἰδα.
2487 5450 2625 5503 Νυνὶ
2646 5450 2701 5503 δὲ
2734 5450 2807 5513 ὡς
2841 5451 2942 5505 οὐκ
2976 5450 3212 5519 εὐλόγως
3258 5451 3579 5521 ἐρωτῶντας
3628 5454 3770 5522 ἐλέγ-

2196 5558 2314 5612 χει,
2371 5542 2464 5594 καὶ
2505 5542 2579 5604 ὠς
2617 5540 2835 5611 μείζονα
2885 5542 2919 5612 ἢ
2973 5540 3095 5595 καθ’
3142 5542 3367 5605 ἑαυτοὺς
3414 5542 3768 5609 ἐξετάζοντας

2191 5698 2237 5733 ⁸¹
2262 5699 2391 5757 ibid.
2428 5698 2514 5769 i6,
2540 5698 2627 5753 i7.
2743 5700 2791 5733 ”
2820 5698 3011 5756 Matth.
3045 5715 3121 5769 xt,
3144 5699 3237 5756 27.
3334 5700 3382 5735 ⁸⁸
3406 5698 3567 5756 lonn.
3606 5717 3646 5764 t,
3682 5702 3765 5757 Ν.
