4024 6488
310 470 420 527 377

1727 458 2176 519 THESAURUS.

3492 463 3600 525 378

310 589 636 662 ἀποτράπει.
657 588 823 660 Δῆλον
851 582 945 642 οὖν
973 590 1121 641 ἔστιν
1137 586 1218 640 δτι
1243 584 1337 639 καὶ
1358 585 1503 649 τότε,
1524 583 1703 645 καίτοι
1723 585 1888 643 πάντα

2006 595 2090 639 est
2137 584 2301 640 etiam
2356 592 2486 639 tunc
2540 585 2742 655 ipsum,
2807 585 3023 643 tametsi
3078 586 3263 642 omnia
3304 599 3487 644 nosset
3540 600 3601 645 ut

310 680 469 745 είδὼς
504 681 580 745 ὡς
608 679 763 745 Θεὸς,
787 679 875 733 διὰ
922 679 985 731 τὸ
1034 672 1175 731 εἶναι
1223 677 1323 748 τὴν
1355 676 1559 743 γνῶσιν
1602 676 1744 748 ὑπὲρ
1771 677 1897 738 τοὺς

315 772 587 841 μαθητὰς,
611 769 969 841 ἀνθρωπίνως
990 769 1196 839 ἔφασκε
1228 768 1303 840 μὴ
1323 767 1521 821 ειδέναι
1551 768 1649 838 τὴν
1677 767 1897 839 ἡμέραν

314 862 450 933 μηδὲ
480 864 579 933 τὴν
606 860 754 931 ὤραν
785 860 1021 932 ἐκείνην.

995 974 1204 1028 ΔΛΛΟ.

389 1083 559 1140 Ὅταν
587 1084 909 1157 εὑρίσκηται
941 1084 970 1137 6
1021 1083 1155 1148 Θεὸς
1209 1085 1269 1138 ὲν
1313 1085 1413 1156 μὲν
1457 1085 1533 1157 τῷ
1584 1083 1898 1158 παραδείσῳ

313 1172 491 1243 λέγων
515 1174 754 1246 πρὸς-τὸν
792 1174 983 1245 ’Δδάμ-
1013 1192 1032 1226 ι
1059 1174 1167 1228 Ποῦ
1188 1170 1270 1241 εἷς
1311 1193 1332 1227 ι
1365 1175 1503 1247 πρὸς
1524 1176 1584 1229 δὲ
1612 1176 1702 1228 τὸν
1734 1176 1893 1229 Κάῖνο

319 1281 341 1316 ι
370 1265 485 1320 Ποῦ
512 1264 679 1318 Ἀδελ
698 1267 727 1318 6
751 1264 981 1334 ἀδελφός
1025 1283 1154 1333 σου;
1192 1284 1210 1319 ι
1252 1265 1304 1320 τί
1350 1268 1459 1338 ἀρα
1488 1268 1583 1321 καὶ
1616 1267 1745 1337 περὶ
1769 1267 1897 1320 τούς

312 1372 410 1409 του
442 1356 610 1425 φατέ;
641 1357 738 1410 Ἂν
764 1356 865 1428 μὲν
885 1357 993 1429 γὰρ
1023 1358 1323 1428 ἀγνοοῦντα
1346 1357 1618 1413 ποιεῖσθαι
1643 1360 1741 1431 τὴν
1770 1357 1900 1431 ἐρώ-

309 1462 471 1517 τησιν
523 1446 744 1519 λέγητε,
784 1448 1039 1520 φανερῶς
1089 1449 1501 1522 δυσφημοῢντες
1552 1450 1895 1523 εὑρίσκεσθε.

310 1535 377 1588 Et
404 1535 463 1589 δὲ
488 1535 691 1608 τρόπον
719 1538 1036 1610 οἰκονομίας
1075 1539 1393 1608 είσάγεσθαί
1436 1557 1559 1593 τινα
1599 1540 1687 1594 διὰ
1739 1540 1898 1595 τοῦτο

307 1623 533 1694 δώσετε,
570 1628 647 1699 μὴ
675 1622 971 1695 ξενίζεσθε,
1019 1631 1124 1685 κᾶν
1168 1635 1197 1687 6
1228 1632 1322 1685 τοῦ
1353 1631 1491 1685 Θεοῦ
1514 1633 1707 1702 Λόγος,
1742 1627 1896 1688 διὀὗ

309 1716 407 1769 καὶ
423 1714 548 1770 τότε
586 1716 685 1788 τὴν
711 1716 980 1789 ἐρώτησιν
1032 1720 1169 1790 πρός
1200 1738 1259 1774 τε
1304 1722 1477 1792 ’Δδάμ
1498 1723 1591 1776 καὶ
1639 1723 1736 1778 τὸν
1754 1724 1897 1779 Κάῖν

307 1808 546 1861 εποιεῖτο
588 1808 740 1875 Θεὸς,
795 1810 1095 1880 οἰκονομῶν
1138 1828 1191 1864 τι
1247 1814 1520 1885 χρήσιμον
1584 1813 1660 1886 μὴ
1693 1814 1893 1869 εἰδέναι

2000 676 2167 742 Deus,
2210 679 2447 731 humano
2479 684 2659 730 tamen
2692 691 2844 733 more
2872 678 3076 733 dixisse
3102 667 3246 747 quod
3269 676 3413 733 diem
3447 678 3594 734 illiilli

1997 779 2055 823 et
2080 770 2273 823 horam
2295 768 2599 839 ignoraret,
2636 770 2764 840 quia
2808 769 3203 839 discipulorum
3238 781 3457 840 captum
3483 772 3599 841 ejus

2000 859 2078 914 rei
2108 859 2303 915 notitia
2338 859 2654 929 superabat.

2676 970 2911 1029 ALIUD.

2066 1083 2202 1141 Cum
2257 1085 2567 1141 inveniatur
2634 1085 2777 1142 Deus
2856 1087 2910 1140 in
2980 1084 3237 1155 paradiso
3283 1086 3472 1142 dicens
3527 1088 3595 1145 ad

1997 1174 2311 1232 Adamum:
2347 1195 2366 1229 ι
2402 1174 2507 1235 Ubi
2534 1193 2595 1234 es
2620 1179 2705 1233 ’⁸9
2738 1197 2757 1230 ι
2786 1188 2842 1233 et
2868 1179 2937 1232 ad
2969 1178 3104 1233 Cain
3133 1195 3148 1232 :
3184 1196 3207 1230 ι
3252 1176 3480 1233 Ubinam
3513 1190 3597 1234 est

1998 1267 2135 1323 Abel
2162 1267 2329 1325 frater
2354 1277 2479 1325 tuus
2497 1271 2584 1325 "'i
2615 1290 2635 1323 ι
2663 1270 2795 1340 quid
2834 1269 2936 1324 hac
2968 1268 3035 1324 de
3066 1282 3124 1324 re
3150 1270 3390 1324 statuitis
3412 1268 3437 1323 i
3461 1269 3593 1325 Nam

2000 1359 2045 1415 si
2082 1360 2618 1431 Deum'ignorantem
2640 1362 2746 1416 hoc
2767 1362 3143 1430 interrogasse
3168 1360 3385 1427 dicatis,
3419 1362 3596 1417 mani-

1999 1450 2194 1506 festam
2222 1451 2619 1522 blasphemiam
2645 1453 2817 1525 223
2839 1453 3151 1509 incurretis.
3198 1451 3254 1509 Si
3274 1463 3455 1510 autem
3478 1455 3595 1510 sin-

1997 1544 2171 1617 gulari
2204 1547 2436 1603 consilio
2475 1548 2579 1606 hoc
2625 1550 2700 1603 ita
2731 1548 3181 1603 administratum
3212 1547 3457 1604 fatemini
3484 1568 3499 1604 :
3525 1564 3594 1606 ne

1998 1636 2151 1690 vobis
2193 1636 2439 1693 insolens
2461 1653 2527 1694 ac
2566 1639 2765 1693 mirum
2801 1623 3090 1704 videa'tur,
3117 1639 3163 1694 si
3206 1637 3445 1695 Verbum
3470 1639 3591 1706 Dei.

1997 1741 2095 1796 per
2119 1742 2279 1797 quem
2322 1730 2487 1784 etiam
2519 1738 2654 1785 tunc
2693 1729 3056 1797 interrogatio
3089 1730 3181 1786 Dei
3226 1729 3292 1786 ad
3323 1731 3591 1787 Adamnan

1998 1827 2050 1872 et
2079 1816 2211 1872 Cain
2248 1817 2394 1874 facta
2428 1829 2536 1885 est,
2570 1820 2717 1876 bono
2752 1819 2984 1890 utiiique
3031 1821 3266 1877 consilio
3294 1822 3499 1878 dixerit
3531 1838 3595 1880 se

304 1898 439 1971 λέγῃ
468 1901 569 1971 τὴν
602 1900 819 1974 ἡμέραν
841 1903 918 1966 ὡς
956 1901 1263 1975 ἄνθρωπος,
1315 1906 1492 1960 καίτοι
1528 1907 1705 1961 πάντα
1741 1905 1888 1973 είδὼς

2000 1910 2216 1965 nescire
2276 1910 2428 1965 illum
2486 1912 2630 1967 diem
2675 1923 2735 1967 ut
2768 1912 2957 1980 homo,
2980 1913 3195 1969 tametsi
3231 1915 3417 1970 omnia
3448 1916 3594 1972 norit

302 1991 383 2055 ὡς
411 1992 573 2061 σοφία
598 1993 691 2047 τοῦ
722 1994 956 2066 Πατρός.

303 2104 511 2184 ΑΛᾼΟ,
540 2103 617 2184 δι’
651 2101 725 2184 οὗ
752 2105 1059 2163 δείκνυται
1104 2110 1316 2184 vageng
1353 2111 1741 2184 οικονομικῶς
1768 2113 1900 2171 ἔσθ’

391 2173 491 2228 ὅτε
513 2174 627 2243 τὴν
648 2175 900 2247 ἄγνοιαν
942 2173 1452 2251 σχηματξζόιὶενος
1501 2173 1804 2253 δ’Σωτῆρ.

374 2288 507 2342 Ὅτε
534 2289 677 2343 κατά
698 2296 800 2362 τὴν
828 2291 1035 2364 ἔρημον
1063 2296 1091 2347 6
1140 2294 1330 2367 Σωτὴρ
1381 2297 1716 2370 ἀποτρέφειν
1745 2297 1899 2351 ἐδού-

298 2379 423 2433 λετο
445 2381 573 2445 τοὺς
598 2382 1071 2456 ἀκολουθήσαντας
1094 2387 1263 2459 αὐτῷ,
1281 2388 1431 2457 λέγει
1451 2389 1587 2460 πρὸς
1608 2390 1892 2443 Φίλιππον·

304 2472 547 2536 «Πόσους
560 2472 761 2545 ἄρτους
778 2474 933 2546 ἔχετε
956 2494 1004 2543 ;ι
1034 2479 1129 2532 καὶ
1149 2478 1267 2534 ἐστι
1297 2481 1398 2550 μὲν
1415 2480 1492 2545 ὡς
1513 2481 1834 2549 ἀγνοοῦντος
1857 2484 1889 2553 ἠ

298 2562 597 2634 ἐρώτησις.
653 2566 1106 2638 Διαμαρτύρεται
1156 2568 1215 2623 δὲ
1266 2571 1614 2642 παραχρῆμα
1668 2571 1893 2642 λέ-γωνό

296 2655 692 2727 εὐαγγελιστής
716 2672 731 2687 ⁸
762 2676 780 2709 ι
815 2658 986 2713 Τοῦτο
1004 2659 1062 2713 δὲ
1084 2660 1240 2730 ἔλεγε
1271 2662 1552 2731 πειράζων
1585 2663 1676 2719 τὸν
1705 2664 1891 2718 Φίλιπ-

453 2746 617 2810 αΰτδς
646 2746 755 2820 γὰρ
797 2748 914 2821 ᾔδει
963 2758 1016 2804 τι
1068 2750 1266 2823 ἔμελλε
1311 2755 1504 2807 ποιεῖν.
1551 2772 1569 2804 ι
1618 2755 1680 2808 ΕΞ
1709 2756 1890 2812 τοίνυν

292 2840 433 2910 ὅπερ
463 2838 654 2909 ἔμελλε
691 2842 865 2895 ποιεῖν
890 2844 1274 2913 ἐπιστάμενος,
1323 2845 1399 2908 ὡς
1443 2845 1657 2916 ἀγνοῶν
1678 2848 1886 2920 ἐρωτᾷ,

291 2928 347 2983 τί
375 2930 575 2985 κωλύει
603 2932 697 2986 καὶ
720 2932 815 2987 νῦν
835 2934 1107 3007 χρησίμου
1167 2936 1312 2999 τινὸς
1367 2936 1533 2991 ἕνεκα
1579 2943 1887 3011 συγχωρεῖν

291 3022 462 3095 αὐτῷ,
491 3022 568 3095 μὴ
605 3024 803 3081 ειδέναι
833 3025 1013 3096 λέγειν
1044 3026 1144 3099 τὴν
1167 3028 1381 3101 ἡμέραν
1435 3031 1531 3083 καὶ
1566 3031 1666 3102 τὴν
1694 3030 1882 3103 ὥραν;

292 3114 404 3168 Καὶ
434 3116 495 3169 οὐ
527 3115 855 3187 ψευδόμενος
891 3117 1049 3173 τοῦτό
1098 3136 1284 3192 φησιν·
1333 3121 1490 3185 εἰδὼς
1515 3122 1623 3193 γὰρ
1650 3121 1725 3186 ὡς
1752 3122 1885 3186 Θεὸς

290 3206 490 3275 Λόγος,
543 3205 766 3265 δυναται
818 3209 897 3274 ὡς
951 3210 1239 3283 ἄνθρωπος
1295 3216 1510 3283 ἀγνοεῖν
1532 3255 1546 3281 ,
1606 3215 1691 3269 ἵνα
1743 3215 1885 3270 κατὰ

289 3300 471 3355 πάντα
496 3303 608 3367 τοῖς
635 3302 884 3373 ἀδελφοῖς
912 3280 1177 3379 ὁμοιωθῇ,
1228 3280 1372 3362 κατά
1411 3308 1511 3380 τὴν
1536 3280 1636 3363 τοῦ
1668 3308 1885 3364 Παύλου
1912 3280 1956 3340 C

292 3391 499 3462 φωνήν.

293 3502 424 3595 Ἕξι
445 3503 534 3595 είς
562 3502 649 3568 τὸ,
674 3521 709 3595 ,ι
720 3505 885 3595 ⁸ιζιειρί
1019 3505 1128 3576 τῆς
1174 3508 1410 3595 ,ᾑμέρᾳς
1441 3511 1554 3595 καί.
1582 3514 1711 3595 τῆς,
1730 3513 1888 3595 ὥρας

362 3571 604 3650 έκείε-ης
637 3571 843 3652 οὐδείρ
857 3571 1087 3652 “older,
1102 3571 1268 3652 ’ρῠὶε
1285 3571 1347 3635 'oz
1372 3571 1616 3652 ἄγγελοι
1640 3571 1885 3640 ἶώνόῠί

350 3640 580 3709 par-(Br,
607 3642 747 3697 οὔτε
774 3640 982 3713 όΥιὸς,
1008 3640 1166 3718 εἰμὴ
1198 3651 1231 3703 ό
1256 3640 1470 3722 Πατὴρ
1492 3655 1703 3731 μόνος.
1749 3674 1767 3708 ι

573 3759 871 3828 Πρότασις
894 3760 976 3829 ὡς
999 3761 1068 3817 ἐκ
1110 3762 1231 3818 τῶν
1261 3768 1595 3837 ιιιρετικῶν.

360 3868 568 3935 Πάντα,
598 3872 784 3940 φασὶν,
815 3868 957 3929 οἶδεν
987 3877 1016 3929 6
1040 3876 1255 3951 Πατὴρ,
1280 3881 1342 3933 οὐ
1377 3882 1552 3937 πάντα
1573 3882 1630 3936 δὲ
1650 3884 1679 3936 6
1713 3884 1845 3951 Υίδς
1864 3927 1883 3956 ,

290 3962 433 4015 κατὰ
464 3960 564 4032 τὴν
597 3963 764 4017 αὐτοῦ
821 3966 1031 4037 φωνήν·
1092 3968 1263 4044 ταύτῃ
1307 3970 1417 4043 γὰρ
1478 3973 1716 4042 μάλιστα
1747 3977 1885 4047 πρὸς

288 4050 567 4117 ἀπόδειξιν
588 4053 825 4126 χρῆσθαι
856 4056 1040 4113 καλόν.
1093 4059 1157 4113 El
1191 4062 1370 4116 τοίνυν
1422 4059 1531 4117 οἶδε
1569 4064 1669 4135 μὲν
1707 4067 1737 4118 6
1770 4068 1883 4119 Πα-

287 4140 397 4212 τὴρ
419 4140 521 4212 τὴν
583 4142 731 4214 ὥραν
778 4144 1015 4218 εκείνην,
1045 4147 1313 4217 ἀγνοεῖδὲ
1354 4152 1384 4204 6
1418 4152 1564 4218 Υἱὸς,
1619 4154 1738 4219 πῶς
1783 4156 1885 4226 τῆς

287 4235 463 4306 αὐτῆς
520 4236 673 4291 ἔσται
716 4238 931 4309 φύσεως
979 4241 1059 4313 τῷ
1118 4242 1297 4298 πάντα
1352 4246 1516 4301 είδότι
1549 4249 1577 4301 6
1626 4247 1703 4319 μὴ
1760 4265 1885 4303 τοιο-

242 4326 475 4393 ὀὕτος

778 4444 937 4512 Πρὸς
970 4447 1148 4502 τοῦτο
1191 4450 1393 4519 λύσις.

362 4552 427 4608 Ei
455 4555 531 4627 μὴ
568 4557 745 4611 πάντα
769 4554 910 4613 οἶδεν
949 4563 978 4615 6
1016 4562 1165 4629 Υίδς,
1216 4565 1339 4618 καθ’
1380 4567 1546 4636 ὑμᾶς,
1578 4562 1624 4622 ὦ
1658 4588 1879 4641 χριστο-

2004 2010 2064 2056 ιιι
2087 2002 2350 2072 sapientia
2382 2002 2593 2060 Patris.

2005 2114 2231 2183 ALIUD,
2257 2134 2362 2194 quo
2413 2120 2711 2194 ostenditur
2763 2120 3017 2177 Senator
3047 2122 3315 2194 singulari
3365 2124 3591 2180 consilio

2249 2190 2514 2242 interdum
2538 2191 2898 2259 ignorantiam
2923 2209 3034 2261 pra
3053 2209 3108 2248 ae
3133 2190 3340 2249 inlisae.

2071 2295 2209 2352 Cum
2260 2295 2520 2355 Servator
2574 2302 2626 2355 in
2660 2301 2882 2358 deserto
2915 2304 3104 2358 turbas
3139 2304 3316 2373 ipsum
3370 2316 3593 2361 secutas

1998 2401 2222 2458 pascere
2236 2389 2423 2454 vellet,
2446 2401 2600 2463 rogat
2627 2392 2940 2465 Philippum
2973 2412 2987 2449 :
3018 2413 3037 2447 ι
3059 2394 3205 2463 Quot
3231 2410 3401 2467 panes
3422 2396 3591 2454 habe-

1999 2476 2113 2532 tis?
2146 2496 2165 2530 ι
2190 2493 2312 2549 qua:
2351 2480 2574 2551 quidem
2616 2494 2700 2539 est
2746 2484 3110 2554 interrogatio
3160 2486 3486 2556 ignorantis.
3524 2488 3592 2547 At

1991 2571 2325 2640 evangelista
2392 2574 2577 2628 statim
2626 2574 2864 2644 adjicit:
2921 2595 2942 2628 ‹
2990 2576 3106 2633 Hoc
3148 2577 3324 2646 dixit,
3375 2586 3591 2638 tentans

1996 2657 2337 2729 Philippum;
2358 2662 2571 2719 sciebat
2592 2665 2735 2720 enim
2762 2666 2878 2736 ipse
2894 2668 3021 2737 quid
3048 2666 3295 2724 facturus
3318 2677 3465 2726 esset
3482 2670 3585 2727 κ.»

1996 2746 2053 2805 Si
2102 2764 2231 2823 ergo
2271 2754 2455 2810 sciens
2500 2756 2631 2826 quid
2680 2755 2924 2813 facturus
2968 2768 3136 2826 esset,
3183 2760 3487 2831 interrogat
3531 2772 3591 2820 ut

1993 2842 2255 2913 ignorans
2281 2864 2294 2901 :
2320 2848 2449 2917 quid
2487 2848 2715 2917 impedit
2750 2851 3047 2920 quominus
3087 2853 3255 2908 etiam
3297 2869 3442 2913 nunc
3477 2857 3589 2913 uti-

1991 2933 2162 2991 litatis
2190 2936 2421 3007 alicujus
2452 2955 2616 2997 causa
2649 2957 2762 3012 prae
2793 2958 2852 2997 se
2882 2944 3022 2999 ferat
3040 2959 3098 2999 se
3127 2948 3339 3001 nescire
3365 2947 3507 3004 diem
3534 2957 3592 3005 et

1992 3025 2203 3083 horam.
2253 3029 2442 3101 Neque
2502 3034 2647 3088 enim
2696 3034 2832 3090 false
2861 3036 2963 3091 hoc
3001 3036 3175 3092 dicit:
3216 3038 3396 3094 sciens
3417 3041 3586 3107 enim,

1990 3124 2049 3170 ut
2093 3117 2238 3175 Deus
2266 3119 2530 3189 Verbum,
2566 3134 2745 3196 potest
2788 3138 2846 3182 ut
2886 3127 3052 3183 homo
3084 3129 3367 3207 ignorare,
3397 3140 3456 3186 ut
3489 3146 3588 3201 per

1989 3210 2172 3267 omnia
2209 3211 2474 3272 fratribus
2508 3217 2603 3273 ﬂat
2632 3219 2849 3287 similis,
2885 3231 2943 3276 ut
2973 3221 3177 3280 Paulus
3208 3222 3448 3296 loquitur
3477 3224 3545 3281 ”.

1986 3512 2172 3568 Adhuc
2208 3512 2264 3567 in
2295 3514 2475 3587 idem:
2512 3536 2531 3569 ι
2569 3515 2645 3572 De
2675 3518 2760 3574 die
2805 3518 2902 3574 illa
2951 3530 3002 3575 et
3036 3520 3169 3575 liora
3216 3536 3367 3575 nemo
3400 3521 3584 3587 norit,-

2059 3599 2222 3707 ilt’eq‘uee
2285 3586 2462 3656 angeli
2510 3592 2782 3655 calorum,
2831 3606 2996 3661 neque
3046 3589 3250 3667 Filius,
3298 3593 3390 3647 sed
3439 3586 3585 3649 aoiaa

2112 3670 2142 3705 a
2201 3670 2249 3707 r.
2286 3672 2305 3705 ι
3191 3688 3205 3702 .

2112 3670 2249 3707 ater.
2286 3672 2305 3705 Ι
3191 3688 3205 3702 ι

2449 3753 2688 3840 Objectio
2718 3771 3111 3829 hereticorum.

2058 3877 2277 3948 Omnia,
2331 3881 2605 3954 inquiunt,
2662 3888 2814 3943 novit
2856 3887 3041 3956 Pater,
3095 3890 3193 3946 sed
3244 3904 3351 3945 non
3394 3891 3581 3948 omnia

1987 3968 2177 4036 Filius,
2233 3984 2294 4029 ut
2351 3975 2585 4045 ipsemet
2632 3980 2746 4034 ait:
2807 3995 2932 4035 nam
2984 3982 3155 4052 ipsius
3206 3982 3581 4039 testimonium

1983 4063 2250 4133 optimum
2282 4074 2366 4120 est
2393 4066 2461 4121 ad
2509 4068 2614 4124 hoc
2657 4069 3163 4127 demonstrandum.
3198 4071 3256 4126 Si
3290 4088 3423 4143 ergo
3473 4071 3581 4128 Pa-

1985 4163 2071 4210 ter
2097 4156 2252 4211 novit
2299 4157 2447 4213 illam
2475 4160 2691 4227 horam,
2724 4162 2942 4232 ignorat
2977 4173 3161 4220 autem
3202 4164 3395 4231 Filius,
3428 4180 3575 4236 quo-

1992 4246 2155 4302 modo
2179 4249 2287 4303 erit
2320 4251 2562 4317 ejusdem
2600 4262 2813 4308 natura
2843 4269 2965 4309 cum
3002 4269 3070 4311 eo
3101 4256 3199 4327 qui
3242 4257 3429 4313 omnia
3474 4272 3575 4316 no-

1984 4336 2081 4408 vit,
2113 4339 2159 4395 is
2189 4342 2279 4411 qui
2310 4343 2516 4415 aliquid
2548 4343 2801 4414 ignorat?

2485 4454 2697 4511 Salutio
2741 4456 3073 4525 obiectionis.

2059 4566 2139 4630 Si,
2186 4567 2342 4638 juxta
2397 4578 2662 4634 vestram,
2722 4570 2908 4626 hostes
2954 4570 3184 4641 Christi,
3234 4574 3576 4648 opinionem,

291 4648 483 4728 μάχοι.
510 4647 802 4718 ψεύδεσθαι
832 4651 1011 4716 λέγειν
1068 4654 1284 4728 ἀνάγκη
1332 4658 1431 4722 τὰς
1456 4660 1609 4724 θείας
1633 4663 1877 4734 Γραφὰς,

1998 4657 2157 4712 Filius
2198 4675 2305 4712 non
2358 4660 2542 4714 omnia
2594 4660 2784 4730 novit,
2826 4678 3053 4720 necesse
3109 4674 3192 4721 est
3248 4677 3308 4721 ut
3359 4646 3577 4728 sacram

285 4739 385 4796 καὶ
402 4738 513 4793 τῶν
535 4741 705 4811 ἁγίων
762 4743 1271 4816 καταθρασύνεσθαι
1328 4750 1597 4819 λεγόντων
1628 4758 1757 4829 περὶ
1786 4759 1882 4812 αὑ-

284 4827 405 4881 τοῦ·
443 4848 461 4880 ι
508 4830 567 4883 '0
611 4831 769 4897 εἰδὼς
790 4834 856 4888 τὰ
881 4835 1064 4892 πάντα
1116 4839 1246 4909 πρὶν
1299 4844 1567 4910 γενέσεως
1619 4827 1819 4903 αὐτῶν.
1853 4869 1871 4903 a

285 4921 402 4975 Καὶ
427 4922 536 4994 γὰρ
564 4924 622 4976 ἑν
671 4927 786 4988 τοῖς
842 4926 1033 4982 πᾶσιν
1054 4932 1171 4983 ἐστὶ
1204 4933 1294 4987 καὶ
1325 4935 1357 5005 ὴ
1416 4937 1515 5007 τῆς
1564 4940 1876 5005 συντελείας

282 5013 491 5085 ἡμέρα·
523 5014 675 5069 οὐδὲν
700 5016 808 5089 γὰρ
847 5018 952 5084 ἔξω
992 5022 1207 5077 κεῖσθαι
1241 5024 1303 5078 τὸ
1330 5029 1529 5081 πάντα
1574 5036 1871 5103 συγχωρεῖ.

282 5104 353 5158 Ei
373 5104 429 5157 δὲ
454 5105 658 5177 ταύτην
688 5106 875 5176 ἀγνοεῖ
894 5113 922 5164 6
942 5111 1091 5176 Υἱὸς.
1112 5114 1229 5179 πῶς
1249 5112 1357 5170 οἶδε
1379 5120 1448 5173 τὰ
1468 5115 1646 5175 τῖάντα
1668 5140 1682 5187 ;
1716 5123 1875 5178 Ἀλλὰ

283 5193 372 5282 δεῖ
392 5195 605 5261 πάντως
623 5198 723 5263 τὰς
755 5201 865 5254 τῶν
896 5204 1068 5271 ἁγίων
1106 5206 1327 5277 ἀληθεῖς
1359 5205 1499 5264 εἶναι
1522 5213 1727 5282 φωνάς.
1764 5213 1877 5269 Καὶ

281 5278 395 5337 οἶδε
427 5286 497 5339 τά
522 5288 699 5342 πάντα
726 5292 754 5344 6
786 5292 931 5355 Υἱός.
969 5294 1031 5347 Εί
1051 5296 1095 5348 δ’
1123 5299 1181 5350 ιν
1206 5302 1319 5362 τοῖς
1343 5302 1507 5355 πᾶσιν
1538 5278 1750 5376 ἀνάγκη
1778 5309 1875 5361 καὶ

282 5376 348 5429 τὸ
393 5376 546 5442 τέλος
583 5384 744 5446 νοεῖν,
788 5384 1016 5452 μάταιον
1065 5389 1223 5459 ἡμῶν
1267 5392 1641 5464 ἀναπέφανται
1692 5400 1755 5452 τὸ
1788 5401 1875 5453 σό-

284 5483 489 5562 φισμα.
528 5471 813 5543 Οίκονομεῖ
831 5477 938 5547 γάρ
971 5495 1050 5532 τοι
1084 5481 1341 5551 Χριστὸς,
1372 5487 1446 5557 μὴ
1477 5488 1678 5544 είδέναι
1698 5491 1874 5562 λέγων

281 5557 387 5629 τὴν
418 5556 566 5631 ὥραν
596 5563 831 5636 ἐκείνην,
859 5568 951 5621 καὶ
983 5571 1083 5624 οὐκ
1110 5573 1326 5646 ἀληθῶς
1351 5556 1551 5647 ἀγνοεῖ.

1987 4749 2329 4819 Scripturam
2367 4751 2587 4807 mentiri
2629 4752 2875 4811 dicamus
2900 4796 2917 4822 ,
2974 4759 3292 4831 sanctisque
3331 4760 3579 4836 refrage-

1985 4858 2109 4897 mur
2147 4844 2493 4901 dicentibus:
2532 4864 2551 4897 ι
2584 4846 2691 4914 Qui
2740 4849 2891 4903 novit
2939 4852 3125 4907 omnia
3180 4864 3307 4910 ante
3342 4869 3576 4926 genera-

1980 4936 2184 4989 tionem
2233 4936 2476 5005 ipsorum
2518 4937 2559 4991 ¹.
2600 4957 2619 4990 ›
2657 4936 2890 4995 Nomine
2936 4942 3081 4997 enim
3117 4946 3376 5013 omnium,
3404 4938 3572 5005 etiam

1980 5026 2097 5081 dies
2128 5028 2617 5084 consummationis
2662 5032 3019 5089 continetur:
3070 5048 3198 5089 nam
3247 5052 3371 5091 cum
3426 5038 3571 5095 dici-

1984 5131 2102 5172 mus
2136 5121 2351 5184 omnia,
2388 5120 2521 5175 nihil
2560 5123 2925 5180 excludimus.
2977 5124 3033 5180 Si
3074 5141 3206 5181 vero
3244 5129 3387 5183 diem
3432 5131 3574 5189 hanc

1981 5208 2198 5278 ignorat
2255 5211 2449 5277 Filius,
2499 5215 2772 5283 quomodo
2820 5218 2973 5273 novit
3023 5220 3258 5274 omnia?
3296 5222 3571 5285 Caeterum

1981 5316 2204 5357 necesse
2226 5306 2447 5361 omnino
2481 5317 2541 5361 ut
2570 5309 2748 5363 sancti
2796 5325 2927 5366 vera
2963 5313 3333 5381 pradicarint.
3372 5313 3442 5370 Et
3479 5316 3573 5370 Fi-

1978 5392 2083 5449 lius
2114 5395 2299 5450 omnia
2347 5399 2518 5452 novit.
2570 5398 2626 5454 Si
2661 5414 2793 5455 vero
2823 5401 2877 5457 in
2914 5404 3173 5460 omnibus
3214 5420 3441 5462 necesse
3488 5418 3573 5463 est

1978 5485 2144 5539 etiam
2170 5486 2330 5542 finem
2364 5491 2749 5558 comprehendi
2774 5510 2789 5547 :
2818 5508 3015 5549 vanum
3047 5504 3194 5551 certe
3215 5507 3301 5552 est
3325 5507 3571 5554 vestrum

1977 5588 2365 5633 commentum.
2420 5581 2673 5637 Christus
2701 5582 2845 5638 enim
2881 5585 3146 5655 singulari
3200 5590 3433 5646 consilio
3466 5590 3570 5647 hoc

1975 5668 2126 5735 facit,
2158 5673 2304 5739 quod
2332 5687 2391 5727 se
2434 5673 2623 5729 horam
2659 5675 2806 5730 illam
2852 5680 3064 5735 nescire
3097 5680 3253 5748 dicit,
3322 5696 3451 5739 vere
3486 5692 3569 5738 ta-

1974 5776 2096 5815 men
2130 5777 2232 5818 non
2270 5764 2503 5836 ignorat.

363 5885 409 5917 "
448 5884 584 5942 Gen.
617 5904 695 5949 Ill.
723 5892 772 5947 9.
852 5894 1052 5952 "Gen.
1095 5913 1166 5967 tv,
1210 5901 1261 5956 9.
1343 5904 1387 5937 ’⁸
1420 5903 1590 5964 Marc.
1623 5922 1698 5978 νι,
1732 5910 1888 5981 58;]‹

1998 5956 2003 5976 .
2040 5928 2117 5986 ιι,
2150 5915 2206 5985 5,
2238 5915 2289 5973 6.
2371 5918 2416 5951 ’ν
2442 5917 2605 5977 llcbr.
2642 5935 2705 5990 ιι,
2736 5922 2823 5980 Π.
2905 5926 2922 5959 ¹
2953 5924 3093 5985 Dan.
3131 5942 3253 5999 aut,
3288 5927 3379 5986 ﬂ.
