4032 6468
273 430 373 487 38!

696 550 899 615 ΔΛΛΟ,
954 548 1409 620 διηγηματικῶς.

342 663 420 717 Οὐ
450 661 551 716 διάη
582 662 642 714 τὸ
678 662 753 734 μὴ
806 662 952 732 ἔχειν
1011 664 1040 715 6
1097 662 1244 728 Υἱὸς,
1303 663 1587 732 εἰληφέναι
1636 663 1855 732 λέγεται

269 751 426 823 παρὰ
449 752 544 806 τοῦ
564 752 794 822 Πατρός.
828 751 983 823 Ἔχει
1011 752 1119 821 γὰρ
1145 749 1410 821 φυσικῶς,
1442 755 1572 818 ῐδιος
1595 753 1670 807 ὢν
1691 755 1855 808 αὐτού

264 844 442 912 Λόγος
476 844 570 897 καὶ
597 845 960 916 ἀπαύγασμα,
993 845 1172 900 πάντα
1199 846 1269 899 τά
1301 845 1492 911 αὐτοῦ,
1536 847 1659 917 δίχα
1692 825 1854 917 μόνου

263 937 362 990 τοῦ
391 933 657 991 εἶναικαὶ
704 937 958 1006 λέγεσθαι
1007 938 1218 1010 Πατήρ.
1247 939 1412 1007 Λέγει
1458 939 1516 992 δὲ
1573 939 1855 1008 εἰληφέναι

262 1028 423 1098 παρὰ
441 1027 536 1081 τοῦ
575 1029 809 1100 Πατρδς,
847 1029 1194 1099 προαναιρῶν
1237 1029 1313 1092 ὡς
1339 1029 1472 1093 Θεὸς
1503 1029 1604 1092 τὰς
1634 1030 1744 1082 τῶν
1771 1031 1856 1082 αἰ-

265 1123 502 1192 ρετικῶν
531 1123 799 1186 ὑπονοίας.
832 1120 947 1175 Ἵνα
973 1122 1081 1193 γὰρ
1123 1123 1195 1193 μή
1235 1139 1319 1185 τις
1355 1122 1446 1176 τὸν
1471 1122 1601 1175 Υἱὸν
1634 1121 1854 1193 θεωρῶν

261 1217 446 1269 πάντα
487 1217 556 1270 τὰ
603 1216 697 1269 τοῦ
749 1215 961 1287 Πατρδς
995 1216 1188 1284 ἔχοντα
1230 1216 1296 1267 ὲκ
1337 1215 1438 1284 τῆς
1484 1214 1686 1284 πολλῆς
1731 1213 1853 1268 λίαν

258 1307 581 1378 ὁμοιότητος
607 1308 700 1360 καὶ
733 1307 1158 1378 ἀπαραλλάκτου
1188 1306 1519 1376 ταυτότητος
1539 1306 1738 1376 νομίσῃ
1760 1306 1851 1358 τὸν

258 1398 428 1449 αὑτὸν
456 1394 594 1450 εἶναι
628 1399 846 1467 Πατέρα
875 1399 970 1451 καὶ
999 1396 1146 1463 Υἰὸν,
1199 1397 1295 1452 καὶ
1318 1398 1400 1460 εἰς
1427 1399 1525 1469 τὴν
1561 1397 1850 1451 Σαϐελλωυ

258 1488 476 1557 πλάνην
514 1489 742 1562 ἐκπέσῃ.
801 1490 1120 1559 ἀναγκαίως
1177 1489 1458 1562 εἰληφέναι
1511 1492 1647 1561 φησι.
1697 1490 1851 1562 παρὰ

254 1579 500 1648 Πατρδς,
535 1580 778 1647 φυσικῶς
838 1579 996 1634 τοῦτο
1026 1574 1183 1651 ἔχων·
1218 1582 1282 1635 ἵν’
1308 1584 1336 1635 6
1376 1581 1536 1649 λόγος
1575 1582 1850 1654 εἰσφέρων

253 1671 357 1724 ἕνα
387 1672 484 1741 μὲν
526 1673 616 1724 τὸν
665 1672 892 1736 διδόντα,
936 1672 1185 1742 δεύτερον
1218 1674 1275 1726 δὲ
1314 1673 1404 1728 τὸν
1429 1673 1736 1745 δεχόμενον,
1791 1677 1849 1730 ἐν

257 1761 590 1826 ἰδιαζούσαις
622 1763 948 1817 ὑποστάσεσι
973 1764 1137 1817 δυάδα
1162 1764 1381 1836 δεικνύῃ
1420 1766 1480 1818 ού
1518 1767 1700 1837 μόνοις
1726 1767 1846 1820 ὀνό-

254 1870 394 1923 μασι
425 1853 897 1924 διαστελλομένην.
923 1855 1081 1918 Ἴδιος
1127 1857 1184 1909 δὲ
1216 1855 1291 1910 ὢν
1328 1856 1424 1909 τοῦ
1459 1857 1671 1926 Πατρδς
1694 1861 1723 1911 6
1745 1858 1848 1911 Λό-

249 1959 370 2011 γος.
407 1944 500 1996 καὶ
532 1945 596 1996 ἐκ
628 1943 726 2012 τῆς
759 1945 947 2008 οὐσίας
985 1944 1151 1998 αὑτοῦ
1185 1943 1487 2016 προελθὼν,
1530 1946 1710 1999 πάντα
1746 1946 1844 2013 μὲν
1874 1984 1918 2043 Β

248 2033 320 2084 τά
350 2034 444 2085 τοῦ
474 2033 684 2104 Πατρδς
718 2034 900 2097 άῖδίως
927 2034 1059 2104 ἔχει.
1098 2037 1237 2106 Παρ⁹
1264 2035 1430 2089 αὑτοῦ
1467 2035 1537 2104 δέ,
1561 2054 1727 2106 φησιν
1761 2040 1841 2091 εἰ-

249 2122 486 2192 ληφέναι
517 2124 605 2178 διὰ
633 2125 695 2177 τὸ
723 2124 780 2190 ἐξ
816 2124 981 2178 αὑτοῦ
1009 2125 1318 2197 προελθεῖν,
1341 2125 1590 2196 φυσικῶς
1609 2127 1750 2199 ἔχων
1774 2128 1844 2184 τὰ

249 2215 430 2269 πάντα
464 2216 733 2286 προσόντα
761 2216 931 2287 αὐτῷ.

940 2417 1025 2470 ΔΑ
1036 2417 1142 2473 ΛΟ.

318 2524 488 2576 Οὐδὲν
517 2525 596 2586 εἰς
624 2525 712 2577 τὸν
744 2524 1000 2596 θεότητος
1029 2527 1188 2594 λόγον
1213 2527 1307 2580 τὸν
1338 2527 1468 2581 Υἰδν
1499 2527 1749 2599 ἀδικήσει
1777 2528 1839 2583 τὸ

241 2615 458 2683 λέγειν’
530 2633 547 2664 ι
585 2617 769 2670 Πάντα
812 2635 901 2687 μοι
960 2619 1232 2690 παρεδόθη
1285 2619 1438 2690 παρὰ
1475 2619 1567 2673 τοῦ
1625 2622 1838 2693 Πατρός

246 2723 373 2776 μουο
407 2727 426 2758 ι
467 2707 602 2760 ἀλλὰ
639 2709 838 2777 μᾶλλον
865 2709 1208 2763 ἀποδεικνύει
1252 2710 1439 2778 σαφῶς
1480 2711 1623 2765 κατὰ
1674 2713 1836 2782 φύσιν

240 2799 374 2852 ὄντα
408 2799 555 2852 ἶτὶόν.
602 2801 666 2853 Εἰ
703 2801 812 2871 γὰρ
844 2803 1022 2856 πάντα
1052 2801 1201 2873 αὑτῷ
1238 2802 1537 2874 παρεδόθη,
1578 2806 1636 2856 ὲν
1671 2805 1835 2876 δὲτῷ

240 2889 443 2944 πάντα
489 2894 666 2946 εἰπεῖν
720 2893 875 2946 οὐδὲν
906 2893 1122 2962 ἀφῆκεν
1145 2895 1320 2956 ἐκτός
1348 2894 1449 2947 οὐκ
1475 2894 1582 2965 ἄρα
1607 2891 1686 2960 εἷς
1715 2897 1834 2949 ἐστι

239 2979 352 3032 τῶν
378 2980 617 3042 πάντων,
655 2983 797 3054 amp
833 2983 930 3036 καὶ
983 2983 1265 3054 εἰληφέναι
1303 2986 1490 3054 φησὶν,
1545 2986 1660 3038 ἀλλ’
1695 2988 1832 3041 ἰδιά-

237 3071 445 3135 ζουσαν
482 3073 546 3124 ἐκ
577 3073 790 3145 Πατρδς
811 3074 910 3145 τὴν
929 3075 1182 3144 γέννησιν
1205 3073 1336 3145 ἔχει.
1364 3075 1494 3139 Υἰὸς
1521 3076 1579 3130 δὲ
1600 3076 1676 3130 ὢν
1692 3079 1835 3133 κατὰ

235 3161 425 3231 φύσιν,
460 3163 574 3233 ἔχει
621 3165 838 3230 πάντως
871 3165 940 3220 τὰ
975 3165 1070 3219 τοῦ
1105 3168 1470 3236 γεννήσαντος
1507 3169 1635 3223 ἴδια.
1669 3171 1832 3224 Ἴδιον

231 3253 294 3306 δὲ
325 3254 421 3307 τοῦ
463 3257 825 3327 γεννήσαντος
853 3257 915 3312 τὸ
947 3258 1126 3313 πάντα
1159 3258 1326 3330 ἔχειν’
1367 3257 1469 3313 οὐκ
1510 3259 1619 3332 ἄρα
1645 3261 1832 3334 ἐνδεής

231 3364 382 3412 τινος
412 3350 440 3401 ό
467 3347 618 3412 Υἱός.

944 3468 1150 3525 ΔΛΛΟ.

309 3600 373 3654 Εἰ
409 3601 587 3656 πάντα
609 3601 759 3673 αὐτῷ
787 3603 1085 3674 παρεδόθη,
1117 3604 1262 3659 καθά
1295 3622 1462 3677 φησιν
1514 3604 1702 3673 αὐτὸς,
1732 3607 1834 3662 καὶ

263 3692 443 3746 έδοται
499 3695 558 3746 ὲν
605 3695 672 3765 τῇ
722 3695 868 3764 χειρὶ
903 3695 1092 3762 αὑτοῦ,
1131 3695 1254 3750 οὔτε
1307 3697 1416 3752 τῶν
1472 3698 1694 3754 πάντων
1748 3696 1830 3764 εἷς

232 3786 412 3849 ἔσται,
433 3785 570 3839 ἀλλὰ
593 3787 687 3840 καὶ
721 3787 884 3857 μόνος
906 3791 1156 3858 φανεῖται
1197 3788 1558 3860 κληρονόμος,
1579 3789 1656 3854 ὡς
1676 3790 1824 3855 Υἰός.

230 3878 298 3931 Εἰ
327 3877 436 3948 γὰρ
463 3872 542 3940 εἷς
577 3877 650 3930 ὢν
685 3880 776 3931 ταὶ
808 3878 971 3943 αὐτὸς
998 3878 1108 3933 τῶν
1139 3881 1355 3935 πάντων
1386 3879 1671 3952 ἐτύγχανε,
1695 3899 1828 3936 κατ-

229 3969 524 4039 ηριθμεῖτο
550 3968 618 4024 ἂν
646 3972 702 4023 ὲν
723 3973 835 4033 τοῖς
859 3974 1015 4037 πᾶσι,
1043 3973 1137 4027 καὶ
1156 3973 1255 4026 οὐκ
1275 3973 1342 4026 ἂν
1365 3968 1433 4043 ἦν
1467 3973 1821 4046 κληρονόμος.

242 4057 467 4128 Ἐπειδὴ
497 4058 553 4112 δὲ
589 4057 842 4126 φαίνεται
899 4061 1079 4114 πάντα
1133 4060 1317 4115 λαϐὼν
1366 4062 1613 4131 φυσικῶς
1638 4079 1697 4116 τε
1727 4064 1824 4118 καὶ

225 4149 537 4215 οὖσιωδῶς,
567 4149 810 4220 δηλονότι
844 4152 1236 4224 διατρεχούσης
1263 4155 1344 4216 εἰς
1375 4153 1542 4208 αὑτὸν
1591 4154 1692 4224 τῆς
1725 4155 1821 4209 τοῦ

226 4242 595 4312 γεννήσαντος
645 4243 821 4315 ἀρχῆς
854 4262 912 4298 τε
971 4246 1066 4301 καὶ
1104 4248 1446 4317 κυριότητος,
1511 4246 1670 4311 ἄλλος
1704 4248 1821 4301 ἐστὶ

223 4331 341 4385 τῶν
373 4331 590 4386 πάντων
638 4333 697 4400 ἐξ
747 4335 994 4408 ἀνάγκης
1016 4377 1031 4402 ,
1086 4339 1180 4392 καὶ
1218 4338 1378 4409 μόνος
1412 4338 1543 4403 ἴδιος
1570 4338 1668 4392 τοῦ
1703 4341 1819 4394 Ila-

221 4422 357 4496 ’πρὸς
383 4423 528 4489 Υἱός.

672 4541 755 4592 ΑΛ
767 4541 877 4604 A0,
920 4541 1379 4612 διηγηματικῶς.

1690 428 2134 490 THESAURUS.

3446 439 3557 497 389

2485 555 2722 622 ALIUD,
2756 557 3044 612 narrative.

2046 666 2160 721 Non
2204 666 2328 723 ideo
2361 668 2562 722 dicitur
2587 668 2760 723 Filius
2793 683 2821 721 a
2862 667 3025 722 Patre
3072 664 3378 738 accepisse,
3403 663 3550 736 quod

1959 769 2120 812 antea
2143 773 2251 813 non
2278 759 2552 813 habuerit.
2577 758 2753 814 Habet
2777 759 2922 813 enim
2954 757 3299 822 naturaliter,
3323 771 3446 810 eum
3479 756 3550 810 sil

1957 850 2234 919 proprium
2265 849 2382 916 ejus
2418 848 2650 904 Verbum
2679 859 2734 903 et
2761 847 3050 917 splendor,
3078 847 3262 903 omnia
3288 860 3408 916 quas
3440 841 3548 900 Pa-

1959 939 2094 993 tris:
2123 947 2353 1008 excepto
2371 953 2438 993 eo
2455 938 2596 1006 quod
2613 952 2791 1006 neque
2810 938 2904 1004 sit,
2925 952 3106 1005 neque
3123 937 3342 990 dicatur
3359 934 3545 991 Pater.

1955 1029 2098 1084 Dicit
2130 1038 2310 1084 autem
2336 1044 2394 1084 se
2417 1030 2701 1098 accepisse
2733 1044 2762 1083 a
2812 1028 2998 1092 Patre,
3047 1041 3444 1097 praeoccupans
3489 1034 3547 1082 et

1958 1119 2168 1184 tollens,
2198 1128 2258 1173 ut
2283 1120 2445 1184 Deus,
2475 1120 2854 1174 htrreticorum
2887 1119 3280 1186 suspicionem.
3311 1115 3447 1171 Nam
3476 1130 3546 1173 ne

1954 1212 2257 1281 quispiam.
2294 1211 2495 1266 Filium
2524 1214 2899 1280 contemplans
2915 1211 3202 1266 habentem
3216 1209 3396 1262 omnia
3422 1222 3545 1276 qua:

1953 1303 2136 1366 Pater,
2162 1305 2441 1359 existimet
2470 1305 2541 1359 ob
2570 1319 2840 1359 summam
2868 1306 3007 1360 hanc
3043 1301 3462 1357 similitudinem
3487 1307 3546 1354 et

1951 1395 2321 1450 omnimodam
2355 1395 2700 1451 identitatem
2734 1397 2912 1467 ipsum
2956 1410 3080 1451 esse
3121 1393 3339 1448 Patrem
3373 1389 3544 1447 simul

1949 1495 2003 1539 et
2037 1483 2253 1551 Filium,
2303 1494 2358 1540 et
2403 1485 2458 1540 in
2507 1482 2729 1540 Sabellii
2766 1499 3011 1540 errorem
3061 1483 3291 1545 incidat,
3330 1480 3541 1535 utiliter

1949 1577 2236 1631 admodum
2265 1591 2324 1630 se
2354 1592 2384 1630 a
2412 1575 2572 1632 Patre
2600 1576 2878 1646 accepisse
2923 1574 3059 1629 dicit
3082 1611 3100 1638 ,
3149 1588 3272 1628 cum
3311 1581 3542 1626 natura-

1949 1668 2075 1722 liter
2111 1668 2160 1722 id
2198 1669 2412 1733 habeat,
2440 1676 2502 1723 ut
2535 1668 2675 1723 ratio
2697 1668 2813 1737 ipsa
2848 1665 3092 1722 inferens
3121 1679 3291 1720 unum
3314 1664 3535 1735 quidem

1947 1772 2068 1813 esse
2099 1757 2192 1827 qui
2216 1757 2331 1822 dat,
2358 1757 2592 1813 alterum
2629 1759 2721 1828 qui
2761 1757 3012 1828 suscipit,
3049 1755 3374 1812 dualitatem
3409 1768 3539 1824 per-

1947 1863 2207 1903 sonarum
2241 1849 2534 1904 manifeste
2581 1849 2840 1904 ostendat
2891 1865 3002 1905 non
3051 1848 3186 1904 solis
3220 1845 3539 1902 nominibus

1949 1943 2280 1996 distinctam.
2323 1940 2460 1996 Cum
2485 1957 2615 1996 vero
2640 1942 2711 1996 sit
2735 1943 3015 2012 proprium
3050 1941 3231 1997 Patris
3259 1936 3533 2004 Verbum,

1946 2043 2000 2088 et
2025 2049 2090 2087 ex
2133 2035 2373 2090 essentia
2426 2034 2598 2103 ipsius
2635 2035 2934 2104 procedat,
2978 2041 3128 2088 certe
3177 2030 3363 2088 omnia
3413 2041 3538 2100 qua

1944 2123 2124 2178 Patris
2154 2133 2305 2189 sunt,
2331 2125 2401 2180 ab
2449 2135 2655 2181 aeterno
2697 2128 2883 2182 habet.
2929 2127 3073 2181 Dicit
3124 2133 3307 2180 autem
3356 2137 3416 2178 se
3464 2122 3536 2177 ab

1942 2214 2036 2269 illo
2058 2215 2358 2281 accepisse,
2394 2215 2522 2283 quia
2558 2229 2624 2269 ex
2663 2215 2779 2283 ipso
2819 2212 3104 2285 procedit:
3153 2226 3278 2270 cum
3325 2205 3538 2280 alioqui

1941 2303 2265 2358 naturaliter
2291 2304 2491 2359 habeat
2520 2304 2704 2359 omnia
2735 2317 2856 2373 qua:
2876 2302 3026 2357 Patri
3053 2303 3263 2357 insunt.

2615 2415 2850 2473 ALIUD.

2009 2553 2153 2609 Nihil
2184 2556 2340 2622 plane
2368 2554 2638 2608 divinitati
2671 2554 2793 2609 Filii
2824 2553 3038 2610 ollicere
3061 2563 3263 2625 potest,
3301 2552 3529 2609 dicere:

1943 2665 1964 2699 ι
2005 2649 2198 2702 Omnia
2222 2649 2350 2702 mihi
2381 2649 2578 2703 tradita
2615 2657 2739 2702 sunt
2767 2665 2794 2702 τι
2825 2648 2989 2702 Patre
3017 2661 3138 2702 meo
3177 2665 3191 2701 :
3235 2665 3254 2698 ι
3310 2645 3404 2700 sed
3435 2661 3532 2715 po-

1941 2739 2046 2794 tius
2071 2740 2315 2793 declarat
2351 2741 2526 2809 ipsnm
2546 2739 2874 2793 naturaliter
2905 2739 3104 2794 Filium
3133 2753 3276 2795 esse.
3300 2737 3358 2793 Si
3383 2739 3530 2794 enim

1936 2830 2118 2884 omnia
2151 2830 2226 2883 illi
2257 2831 2456 2884 tradita
2491 2840 2641 2895 sunt,
2702 2841 2753 2887 et
2807 2848 2932 2886 cum
2984 2832 3220 2886 dicimus
3251 2870 3268 2896 ,
3322 2832 3528 2896 omnia,

1935 2921 2068 2975 nihil
2105 2923 2488 2990 excludimus;
2541 2933 2689 2979 certe
2722 2940 2829 2979 non
2864 2925 2970 2979 erit
2999 2927 3114 2993 ipse
3143 2939 3286 2979 unus
3318 2939 3386 2978 ex
3416 2938 3532 2979 om-

1936 3009 2097 3064 nibus
2120 3026 2241 3079 qum
2275 3026 2334 3066 se.
2367 3013 2648 3080 accepisse
2679 3013 2832 3075 dicit,
2865 3013 2960 3068 sed
2995 3013 3312 3068 distinctam
3349 3027 3380 3066 a
3417 3010 3525 3067 Pa-

1937 3109 2019 3154 tre
2043 3102 2452 3170 generationem
2486 3104 2670 3159 habet.
2702 3103 2875 3159 Filius
2901 3119 3032 3157 vero
3057 3101 3380 3158 naturaliter
3400 3117 3530 3158 eum

1937 3191 2027 3254 sit,
2063 3191 2224 3246 habet
2250 3194 2433 3246 omnia
2469 3210 2593 3262 qua:
2635 3195 2918 3249 Genitoris
2944 3194 3336 3264 suntpropria.
3385 3193 3530 3251 Pro-

1938 3280 2113 3348 prium
2140 3291 2320 3337 autem
2353 3283 2631 3340 Genitoris
2655 3293 2739 3339 est
2766 3285 2964 3340 comnia
3004 3286 3208 3342 habere
3250 3305 3264 3342 :
3308 3300 3416 3341 non
3442 3293 3531 3342 est

1938 3370 2101 3441 igitur
2129 3370 2299 3428 Filius
2328 3372 2562 3444 alicujus
2586 3374 2662 3429 rei
2692 3374 2928 3446 indigus.

2619 3487 2851 3545 ALIUD.

2005 3621 2064 3677 Si
2090 3621 2272 3678 omnia
2299 3622 2350 3678 ei
2377 3623 2576 3678 tradita
2622 3633 2771 3691 sunt,
2825 3624 2966 3680 sicut
3005 3625 3122 3695 ipse
3155 3633 3406 3693 testatur,
3441 3625 3534 3682 ei-

1931 3728 2038 3786 que
2061 3715 2114 3770 in
2138 3730 2331 3771 manus
2359 3715 2506 3782 data,
2557 3732 2665 3770 non
2718 3726 2802 3772 est
2851 3733 2992 3772 unus
3028 3719 3196 3790 226
3241 3718 3524 3784 omnium;

1930 3805 2024 3859 sed
2053 3805 2201 3860 solus
2251 3814 2335 3860 est
2378 3805 2572 3870 hae-res,
2609 3817 2667 3860 ut
2702 3805 2894 3863 Filius.
2945 3807 3080 3862 Nam
3125 3808 3169 3863 si
3199 3810 3315 3876 ipse
3365 3822 3513 3864 unus

1928 3898 2171 3953 omnium
2205 3899 2523 3965 exsisteret,
2562 3907 2714 3954 certe
2736 3901 2994 3956 omnibus
3021 3912 3520 3966 annumeraretur,

1931 4004 2108 4060 neque
2169 4002 2316 4046 esset
2359 3991 2557 4046 haeres.
2628 3991 2762 4048 Cum
2809 4009 2942 4050 vero
2985 3995 3168 4049 omnia
3224 3995 3523 4063 acceperit,

1930 4082 2265 4137 naturaliter
2296 4095 2460 4154 atque
2482 4084 2875 4150 essentialiler,
2909 4095 3210 4157 propagato
3255 4086 3521 4142 nimirum

1928 4172 1982 4227 in
2004 4172 2177 4242 ipsum
2207 4172 2486 4230 Genitoris
2509 4176 2592 4230 sui
2615 4176 2844 4245 imperio
2875 4187 2931 4233 et
2958 4178 3341 4234 dominatione
3374 4194 3389 4232 :
3423 4193 3520 4236 ne-

1926 4266 2169 4320 ccssario
2197 4268 2448 4324 diversus
2473 4278 2556 4324 est
2577 4269 2649 4324 ab
2679 4269 2960 4339 omnibus,
2988 4277 3046 4328 et
3079 4270 3231 4328 solus
3255 4272 3522 4344 proprius

1924 4357 2103 4415 Patris
2132 4358 2324 4416 Filius.
2967 4383 2976 4386 ·

2424 4557 2656 4626 ALIUD,
2695 4559 2986 4618 narratire.

299 4647 627 4718 εύρῖσκεταί
666 4669 770 4705 που
804 4654 976 4720 λέγων
1003 4657 1030 4709 ὀ
1076 4657 1288 4728 Σωτήρ’
1337 4679 1353 4710 ι
1393 4659 1604 4731 Ὥσπερ
1635 4663 1664 4716 6
1699 4664 1814 4716 Πα-

2003 4671 2262 4726 Servator
2330 4671 2524 4727 alicubi
2587 4673 2786 4742 inquit,
2850 4691 2870 4725 ι
2946 4672 3100 4730 Sicut
3146 4673 3310 4730 Pater
3351 4675 3518 4733 habet

221 4740 333 4807 ti;p
367 4739 479 4809 ἔχει
516 4741 660 4811 ζωὴν
696 4743 753 4794 ὲν
801 4743 997 4815 ἑαυτῷ,
1052 4746 1195 4799 οὕτω
1235 4748 1342 4800 καὶ·
1361 4749 1439 4819 τῷ
1471 4750 1586 4821 Υἱῷ
1615 4753 1813 4806 δέδωκε

1946 4765 2092 4817 litant
2127 4764 2180 4817 in
2223 4764 2426 4832 seipse,
2465 4764 2544 4819 sic
2588 4739 2734 4819 dedit
2759 4778 2814 4820 et
2839 4765 2977 4821 Filio
3020 4766 3223 4822 habere
3264 4768 3430 4823 vitam
3459 4771 3514 4826 in

223 4831 374 4900 ζωὴν
398 4830 541 4899 ἔχειν
581 4836 638 4886 ὲν
690 4835 888 4905 ἑαυτῷ·
917 4856 934 4888 ι
966 4838 1102 4908 ὅπερ
1136 4840 1431 4895 ἀκόλουθον
1480 4841 1624 4897 οὕτω
1648 4850 1810 4900 νοεῖν.

1950 4851 2135 4919 eipso"
2162 4867 2176 4904 :
2206 4870 2225 4902 ι
2260 4830 2402 4919 quod
2429 4854 2509 4907 sic
2536 4853 2758 4924 intelligi
2793 4870 2891 4923 par
2914 4867 3017 4912 est.
3062 4855 3196 4911 Nam
3216 4873 3337 4912 eum
3359 4859 3514 4926 dicit,

223 4921 328 4973 Διά
353 4921 452 4990 μὲν
481 4925 588 4995 γὰρ
615 4924 706 4978 τοῦ
761 4925 964 4992 λέγειν,
1006 4949 1024 4980 ι
1058 4930 1292 4996 Δὲδωκε,
1322 4951 1340 4982 ι
1373 4933 1436 4986 τὸ
1477 4937 1542 4988 ὲκ
1594 4937 1812 5008 Πατρὸς

1989 4942 2156 5008 dedit,
2188 4961 2206 4994 ι
2252 4943 2392 5010 quod
2429 4959 2493 4997 ex
2534 4921 3059 5003 Patrevna—turaliter
3102 4949 3302 5008 habeat
3345 4921 3515 5022 signi;

222 5011 373 5078 ἔχειν
402 5011 645 5078 φυσικῶς
683 5016 957 5084 σημαίνει,
1001 5019 1094 5070 καὶ
1128 5018 1248 5071 καθ’
1290 5022 1587 5078 ὑπόστασιν
1625 5024 1813 5096 ἕτερον

1946 5034 2071 5095 lcat,
2104 5045 2157 5088 et
2207 5036 2550 5105 hyposmtice
2603 5038 2672 5092 ab
2712 5053 2777 5094 eo
2822 5041 2915 5108 qui
2953 5039 3100 5095 dedit
3135 5041 3301 5095 alium
3345 5058 3509 5098 esse:

222 5101 425 5154 tctust
460 5102 593 5174 πρὸς
619 5104 709 5156 τὸν
759 5105 1032 5160 δεδωκότα
1070 5109 1324 5163 δεικνύει·
1366 5113 1551 5181 ἕτερον
1583 5114 1640 5168 δὲ
1664 5117 1814 5185 λέγω

1956 5124 2106 5190 lium,
2164 5124 2407 5194 inquam,
2451 5142 2680 5182 numero
2736 5127 2931 5184 solum.
2985 5130 3118 5185 Cum
3174 5147 3305 5188 vero
3358 5134 3512 5200 dicit,

225 5194 393 5264 μόνον
419 5193 496 5265 τῷ
517 5196 755 5268 ἀριθμῷ.
786 5200 883 5252 Διὰ
904 5199 960 5252 δὲ
990 5199 1083 5253 τοῦ
1106 5200 1306 5270 λέγειν,
1344 5223 1364 5256 t
1391 5207 1603 5278 Ὥσπερ
1636 5207 1750 5279 ἔχει
1781 5212 1810 5264 ό

1967 5213 2118 5270 Sicut
2155 5193 2318 5270 habet
2348 5215 2534 5283 Pater,
2558 5218 2630 5272 ita
2653 5219 2816 5276 habet
2848 5229 2902 5276 et
2924 5222 3094 5277 Filius
3125 5239 3140 5276 :
3168 5242 3187 5276 ι
3223 5193 3514 5279 manifeste

224 5285 440 5354 Πατὴρ,
476 5286 647 5350 οὕτως
676 5286 784 5358 ἔχει
814 5291 909 5343 καὶ
937 5292 966 5344 6
996 5293 1141 5360 Υἱὸς,
1193 5316 1210 5348 ι
1247 5297 1407 5367 δῆλός
1443 5300 1589 5353 ἐστιν
1632 5301 1808 5354 ἐκεῖνο

1946 5323 2022 5362 ιοε
2055 5308 2348 5377 signiﬁcat,
2389 5310 2552 5379 quod,
2587 5311 3042 5381 quemadmodum
3071 5315 3231 5370 Pater
3262 5316 3426 5371 habet
3459 5317 3510 5371 in

223 5373 512 5441 διδάσκων,
543 5379 624 5431 ὅτι
646 5379 834 5451 ὥσπερ
865 5383 1050 5447 άῖδὶως
1075 5385 1185 5457 ἔχει
1238 5390 1265 5440 6
1300 5389 1485 5460 Πατὴρ
1532 5393 1589 5443 ὲν
1630 5393 1808 5463 ἐαυτῷ

1951 5412 1980 5450 e
2015 5399 2176 5452 vitam
2213 5400 2280 5455 ab
2309 5410 2534 5467 aeterno,
2570 5404 2642 5456 ita
2671 5412 2723 5459 et
2753 5403 2924 5460 Filius
2967 5406 3133 5460 vitam
3190 5407 3258 5462 ab
3301 5417 3514 5464 aeterno

219 5467 326 5538 τὴν
359 5467 524 5537 ζωὴν,
561 5470 700 5526 οὔτω
728 5475 820 5527 καὶ
841 5476 869 5527 ό
903 5475 1028 5540 Υἱὸς
1055 5479 1236 5544 άῖδίως
1269 5480 1381 5551 ἔχει
1409 5482 1551 5554 ζωὴν
1586 5485 1642 5535 ἐν
1674 5486 1802 5540 ἐαυ-

1946 5505 1971 5541 η
2004 5503 2062 5544 se
2115 5490 2302 5545 habet.
2339 5490 2395 5546 Si
2451 5495 2573 5562 quis
2610 5497 2774 5566 igitur
2823 5497 2986 5553 audet
3038 5498 3244 5566 dicere,
3297 5510 3510 5569 tempus

227 5560 326 5629 τῷ.
359 5562 420 5614 ΕΞ
459 5562 557 5631 μὲν
609 5560 697 5618 οὖν
722 5567 898 5640 τολμᾷ
946 5588 1027 5634 τις
1072 5571 1250 5642 λέγειν
1307 5570 1446 5628 εἶναι
1485 5577 1675 5647 χρόνον
1727 5579 1814 5631 ὅτε

1952 5581 2137 5651 liquod
2165 5581 2334 5638 fuisse
2380 5560 2489 5655 quo
2538 5560 2705 5641 Pater
2733 5588 2898 5643 vitam
2947 5590 3000 5644 in
3031 5605 3092 5646 se
3137 5560 3245 5647 non
3297 5560 3509 5658 habuit,

228 5650 380 5722 ζωὴν
416 5653 515 5706 οὐκ
544 5649 685 5726 εἶχεν
722 5660 748 5712 ὁ
780 5660 969 5732 Πατὴρ
1003 5663 1058 5716 ἐν
1117 5663 1313 5734 ἐαυτῷ,
1348 5669 1570 5737 κρατεῖν
1600 5668 1814 5742 ἀνάγκη

1946 5649 2023 5731 ιοο
2050 5675 2228 5747 ipsum
2261 5649 2424 5734 etiam
2449 5678 2502 5734 in
2531 5679 2668 5738 Filio
2698 5682 2877 5740 locum
2927 5683 3167 5742 habebit.
3215 5685 3286 5742 At
3326 5687 3371 5743 si
3403 5685 3506 5743 hoc

307 5834 323 5861 ’
357 5832 510 5890 Joan.
547 5853 596 5900 ι’,
626 5838 692 5892 εδ
