4032 6446
517 394 619 451 583

1546 390 1603 445 8.
1644 388 1919 446 CYRILLI
1955 384 2426 446 ALEXANDRINI
2464 382 2787 442 ARCHIEP.

3673 384 3789 439 ΞΜ

516 508 741 579 impium
772 516 875 573 eat,
906 517 961 563 et
994 507 1226 563 fatemur
1274 506 1495 562 omnino
1532 508 1746 563 Patrem
1787 524 1998 578 semper
2026 510 2077 562 in

2205 506 2344 561 τοῦτο
2402 507 2495 561 καὶ
2544 506 2630 575 ἀφ’
2665 502 2815 557 Υἰοῦ.
2876 501 2937 555 El
2990 502 3048 555 ϐἀ
3098 500 3258 554 τοῦτο
3297 499 3513 563 ἀσεϐὲς,
3547 500 3693 569 ἔχειν
3723 500 3782 555 δὶ

512 614 573 653 se
604 599 769 652 vitam
796 598 1069 662 habuisse,
1115 598 1256 652 idem
1301 597 1464 651 etiam
1512 600 1576 651 de
1623 598 1761 654 Filio
1810 598 2081 652 fatendum

512 697 593 741 est
617 706 631 754 ;
664 688 764 743 hoc
788 689 933 742 enim
946 695 1030 743 est
1058 688 1129 743 itu
1155 701 1213 743 se
1237 688 1437 742 habere
1462 688 1633 755 ipsum
1661 689 1799 742 sicut
1822 698 1875 742 et
1899 686 2079 741 Pater.

513 778 570 832 Si
603 791 732 833 vero
780 778 828 833 is
876 778 970 848 qui
1012 792 1228 849 semper
1268 777 1427 831 habet
1455 817 1469 841 ,
1525 777 1773 845 acclpere
1813 792 1873 833 se
1910 776 2081 841 dicit,

510 868 778 938 singulari
819 869 1001 938 aliquo
1030 869 1256 924 consilio
1301 864 1520 936 dicitur,
1571 870 1811 940 nihilque
1859 869 1913 923 id
1947 865 2085 922 Filio

511 959 661 1027 quod
700 960 767 1014 ad
792 972 1037 1014 naturam
1061 960 1278 1023 attinet,
1310 957 1498 1016 eiiicit.

1186 1070 1421 1128 ALIUD.

588 1184 645 1239 Si
668 1184 791 1255 quis
810 1183 1087 1255 splendori
1115 1184 1336 1241 luminis
1360 1199 1668 1242 sermonem
1686 1186 1908 1247 tribuat,
1931 1195 1987 1242 et
2002 1185 2086 1241 di-

516 1285 633 1332 cat:
656 1274 861 1331 Lumen
895 1276 1024 1329 mihi
1052 1276 1200 1331 dedit
1235 1278 1416 1332 omnia
1448 1292 1570 1347 qua
1604 1278 1761 1333 habet
1790 1296 1803 1332 :
1843 1277 2087 1334 illumino

516 1362 661 1417 enim
683 1363 905 1431 perinde
921 1370 1083 1432 atque
1108 1364 1237 1418 illud
1263 1382 1277 1426 ;
1301 1380 1443 1419 anne
1466 1374 1614 1421 recte
1635 1366 1905 1435 quispiam
1932 1364 2089 1421 dise-

518 1456 589 1512 rit
635 1455 973 1525 splendorem
992 1455 1141 1510 illum
1164 1456 1451 1525 aliquando
1479 1470 1584 1511 non
1617 1456 1871 1511 habuisse
1892 1455 2090 1510 illumi-

518 1547 679 1603 nandi
710 1546 1071 1603 facultatem?
1120 1556 1177 1601 et
1212 1548 1485 1616 quomodo
1519 1546 1777 1617 splendor
1816 1555 1935 1603 erat
1962 1546 1995 1601 ir
2032 1544 2088 1601 Si

518 1652 648 1694 vero
693 1653 815 1693 cum
862 1652 1081 1708 semper
1116 1637 1454 1693 illuntinandi
1506 1636 1823 1693 facultatem
1872 1637 2085 1704 habeat,

521 1729 645 1801 quia
664 1729 844 1785 omnia
874 1744 992 1798 que
1016 1730 1068 1784 in
1093 1729 1296 1785 lumine
1328 1739 1475 1797 sunt,
1528 1731 1709 1796 habet,
1766 1738 1821 1785 et
1877 1729 1970 1800 qui
2009 1729 2090 1799 gi-

522 1822 703 1891 gnitur
728 1835 790 1875 ex
824 1820 962 1891 ipso,
998 1820 1274 1891 accepisse
1300 1820 1369 1875 ab
1401 1820 1518 1891 ipso
1548 1821 1747 1875 dicitur
1775 1839 1789 1876 :
1815 1822 2089 1891 quomodo

519 1927 627 1967 non
648 1907 937 1967 absurdum
964 1909 1125 1966 fuerit
1148 1910 1286 1966 nolle
1320 1910 1549 1979 amplius
1578 1910 1781 1981 aliquid
1816 1911 1883 1965 de
1912 1908 2091 1966 Verbo

520 2004 635 2071 Del,
670 2018 829 2073 quam
862 2004 928 2058 de
961 2004 1062 2058 hoc
1099 2001 1345 2073 exemplo
1380 2001 1734 2073 intelligere?
1782 2000 1916 2057 Cum
1945 2001 2089 2057 enim

518 2096 697 2150 omnia
733 2093 1052 2149 naturaliter
1085 2094 1282 2148 habeat
1313 2109 1380 2148 ex
1413 2094 1594 2158 Patre.
1626 2094 1909 2164 accepisse
1935 2108 1995 2149 se
2022 2108 2091 2149 ex

520 2191 638 2257 ipso
664 2186 813 2249 dicit,
845 2186 970 2258 quia
996 2200 1063 2241 ea
1104 2185 1219 2253 ipso
1258 2185 1473 2256 genitus
1498 2196 1580 2241 est
1609 2224 1624 2249 ,
1677 2200 1800 2241 cum
1842 2184 2094 2241 omnibus

518 2294 638 2348 qua
666 2278 845 2333 habet.

519 2388 749 2449 ALIUD.
778 2391 829 2443 in
851 2388 989 2443 illud
1026 2404 1096 2457 ε]
1123 2386 1263 2441 Data
1293 2400 1367 2443 est
1389 2390 1516 2442 mihi
1538 2389 1706 2442 omnis
1728 2396 1958 2457 potestas
1986 2387 2028 2457 Ψ,
2066 2405 2083 2438 ι

587 2471 657 2524 et,
697 2478 715 2510 ι
754 2457 1006 2526 Gleriﬁca
1039 2456 1236 2510 Filium
1271 2470 1415 2512 tuum
1450 2459 1510 2512 ἐ
1552 2478 1569 2510 ι
1623 2456 2090 2511 ακιιιιιὶυει-εαίἱιιε

586 2532 651 2599 d_e
681 2546 754 2599 eo
796 2530 933 2599 quod
981 2528 1327 2598 gloriﬁcatur,
1366 2537 1415 2582 et
1482 2545 1551 2583 an
1597 2528 1805 2597 aliquid
1863 2526 2091 2597 accipiat

596 2596 793 2655 Filius.

591 2734 757 2792 Filius
780 2733 1178 2803 Dei,quatenus
1211 2730 1445 2787 Verbum
1470 2738 1574 2795 est,
1604 2744 1711 2784 non
1748 2730 1869 2785 ideo
1891 2729 2025 2801 petit
2062 2743 2089 2784 a

522 2827 705 2895 Patre,
744 2827 827 2882 vel
854 2826 1053 2895 alioqui
1098 2825 1345 2895 accipere
1376 2822 1594 2887 dicitur,
1629 2823 1773 2892 quod
1806 2832 1899 2876 aut
1924 2823 2092 2893 gloria

522 2918 619 2973 aut
655 2916 757 2972 alia
786 2916 1038 2986 quapiam
1084 2930 1143 2969 re
1174 2922 1355 2984 egeat,
1384 2913 1479 2967 sed
1512 2912 1723 2967 ratione
1765 2912 2092 2968 incarnatio-

526 3009 612 3065 nis
632 3008 735 3063 hoc
755 3007 904 3063 facit.
925 3005 1132 3075 Accipit
1152 3005 1295 3060 enim
1321 3014 1568 3072 respectu
1588 3003 1835 3057 humanae
1860 3014 2091 3070 nature,

524 3100 647 3171 quia
684 3098 838 3155 nobis
866 3096 1056 3153 similis
1090 3095 1265 3150 factus
1295 3103 1399 3149 cst.
1432 3093 1686 3148 Abundat
1718 3094 1878 3164 237
1910 3102 2093 3147 autem

2185 599 2431 669 δώσομεν
2455 598 2541 653 ἀεὶ
2570 598 2663 650 τὸν
2691 594 2911 666 Πατέρα
2939 593 3085 663 ζωὴν
3114 595 3171 646 ιν
3201 592 3404 663 ἑαυτῷ,
3429 591 3584 644 ἔσται
3620 590 3784 645 τοῦτο

2188 694 2282 747 καὶ
2314 694 2400 762 ἀφ’
2431 689 2582 743 Υἰοῦ·
2609 688 2768 741 τοῦτο
2801 688 2910 757 γάρ
2936 689 3050 740 εστι
3095 685 3155 737 τὸ
3201 684 3377 747 οὕτως
3405 682 3549 753 ἔχειν
3578 684 3745 737 αὑτὸν
3764 723 3781 748 ,

2185 781 2373 852 ῶσπερ
2404 782 2499 835 καὶ
2556 781 2584 832 ὀ
2614 778 2827 849 Πατήρ.
2868 776 2932 831 El
2965 777 3021 829 δι
3050 774 3135 829 ἀεὶ
3189 774 3349 843 ἔχων,
3379 773 3661 845 εἰληφέναι
3696 775 3783 828 λέ-

2185 887 2290 939 γει.
2322 870 2597 938 οἰκονομεῖ
2642 883 2694 920 τι
2745 865 2907 935 σοφὸν
2952 867 2985 937 ἡ
3032 863 3207 935 φωνὴ,
3238 864 3333 917 καὶ
3384 862 3540 917 ούϐεν
3580 864 3663 927 εἰς
3688 861 3784 917 τὸν

2184 961 2284 1032 τῆς
2323 960 2540 1030 φύσεως
2569 958 2727 1027 λόγον
2763 957 3014 1027 ἀδικήσει
3046 956 3138 1010 τὸν
3172 953 3323 1011 Υἰόν.

2870 1067 3078 1121 AAAO.

2259 1182 2328 1237 Εἴ
2353 1199 2439 1247 τις
2457 1182 2537 1253 τῷ
2566 1184 2632 1235 εκ
2672 1179 2769 1236 τοῦ
2837 1181 3015 1249 φωτὸς
3067 1179 3466 1250 ἀπαυγάσματι
3522 1178 3800 1251 περιθείη⁹

2188 1275 2392 1346 φωνὴν,
2430 1270 2551 1327 εἶτα
2583 1272 2747 1327 τοῦτο
2765 1273 2934 1341 λέγον
2972 1273 3157 1327 Πάντα
3191 1290 3281 1343 μοι
3335 1272 3537 1326 δέδωκε
3572 1273 3636 1326 τὸ
3668 1271 3789 1340 φῶς

2187 1368 2254 1420 τά
2291 1364 2510 1431 εαυτοῦ,
2550 1365 2769 1433 φωτίζει)
2798 1364 2906 1436 γάρ
2927 1364 3117 1435 ῶσπερ
3173 1365 3366 1418 ικεῖνο·
3418 1358 3510 1432 ἄρ’
3545 1364 3790 1433 εὐλόγως

2188 1455 2255 1510 ἂν
2290 1456 2435 1511 εἰποι
2480 1456 2555 1528 μὴ
2587 1457 2881 1527 ὶσχηκέναι
2912 1456 3041 1510 ποτε
3071 1456 3133 1510 rb
3175 1455 3635 1527 ἀπαύγασματοῦ
3668 1472 3790 1525 φωο

2188 1546 2356 1613 τίζειν
2386 1547 2482 1619 τὴν
2519 1548 2777 1618 δύναμιν;
2814 1548 2909 1601 καὶ
2954 1546 3074 1610 πῶς
3116 1546 3459 1617 ἀπαύγασμα
3485 1542 3591 1618 ἧν;
3626 1547 3689 1600 Εἰ
3729 1547 3791 1601 δι

2190 1640 2285 1694 καὶ
2313 1638 2569 1710 φωτίζειν
2597 1640 2894 1711 δυνάμενον
2923 1639 3017 1695 8ιά
3047 1641 3107 1694 rb
3156 1640 3333 1694 πάντα
3371 1640 3442 1692 τά
3476 1637 3574 1693 τοῦ
3610 1638 3791 1707 φωτὸς

2190 1731 2355 1802 ιχειν,
2384 1731 2479 1786 καὶ
2507 1732 2800 1801 γεννᾶσθαι
2836 1732 2998 1787 πάλιν
3044 1732 3103 1796 ἐξ
3141 1730 3359 1796 ἑαυτοῦ,
3391 1723 3678 1801 εἰληφέναι
3700 1730 3793 1783 λε-

2123 1852 2165 1907 B
2192 1838 2277 1889 γει
2310 1822 2442 1893 παρ’
2475 1820 2662 1887 αὐτοῦ,
2723 1819 2840 1886 πῶς
2868 1822 2968 1874 οὐκ
3032 1819 3234 1875 ἄτοπον
3272 1818 3347 1889 μὴ
3381 1820 3477 1872 καὶ
3540 1818 3706 1872 πλεον
3737 1835 3793 1872 τι

2196 1910 2290 1965 τοῦ
2318 1911 2757 1983 παραδείγματος
2777 1913 2916 1965 νοεῖν
2951 1910 3048 1965 επὶ
3079 1909 3175 1963 τοῦ
3205 1909 3342 1963 Θεοῦ
3365 1910 3541 1978 Λόγου
3563 1928 3578 1978 ;
3602 1910 3791 1966 Πάντα

2198 2004 2307 2076 γάρ
2340 2003 2477 2075 ῑχων
2530 2004 2772 2073 φυσικῶς
2824 2005 2888 2057 εκ
2924 2001 3162 2074 Πατρὸς,
3204 2002 3485 2073 εἰληφέναι
3520 2003 3688 2071 φησὶν
3730 1999 3794 2067 ιε

2200 2094 2363 2149 αὑτοῦ
2389 2094 2479 2149 διά
2519 2096 2579 2149 rb
2633 2095 2694 2162 ιξ
2740 2092 2907 2149 αὐτοῦ
2957 2092 3340 2165 γεγεννῆσθαι,
3383 2094 3523 2163 μετά
3573 2093 3789 2148 πάντων

2199 2179 2275 2240 ὧν
2313 2186 2449 2258 ἕχει.

2198 2389 2403 2454 AAAO,
2443 2388 2529 2455 εἰς
2561 2388 2650 2452 τὸ,
2677 2405 2696 2439 ι
2731 2386 2938 2456 Ἐδόθη
2960 2402 3063 2456 μοι
3084 2383 3253 2441 πᾶσα
3290 2384 3562 2449 ἐξουσια-
3604 2405 3622 2434 ι
3665 2380 3791 2456 και,

2275 2478 2294 2511 ι
2333 2453 2609 2531 Δόεαάάν
2630 2473 2747 2531 σρυ
2771 2453 3083 2531 Ῑδῖ.Υ¹δΥν
3116 2473 3135 2506 ι
3171 2456 3210 2531 fl
3249 2457 3347 2531 ξεξι
3400 2453 3792 2531 κςθῼλικώτεο

2264 2546 2408 2653 ᾕοέὖ
2436 2527 2573 2596 περί
2600 2525 2710 2582 τοῦ
2760 2523 3112 2591 δοξάζεσθαι
3162 2523 3205 2590 ἦ
3249 2524 3537 2594 δέχεσθαι
3578 2541 3634 2577 τι
3684 2525 3794 2578 τὸν

2271 2735 2387 2789 Οὐκ
2416 2735 2476 2787 ιν
2501 2732 2661 2805 χρείᾳ
2692 2732 2850 2802 δόξης
2874 2731 2907 2801 ἣ
2943 2732 3134 2802 ἑτέρου
3184 2730 3330 2793 τινὸς
3374 2727 3736 2801 καθεστηκὼς
3758 2736 3788 2789 6

2201 2826 2349 2891 Υἰδς,
2382 2818 2416 2898 ἦ
2443 2826 2615 2895 Λόγος
2648 2824 2814 2887 ἐστὶν,
2859 2823 2999 2875 αἰτεῖ
3026 2822 3179 2894 παρά
3222 2821 3315 2874 τοῦ
3356 2821 3593 2892 Πατρδς,
3638 2821 3672 2891 ἢ
3699 2824 3793 2874 καὶ

2199 2916 2499 2988 λαμϐάνειν
2549 2915 2789 2984 λέγεται,
2818 2912 3181 2983 οἰκονομικῶς
3218 2912 3274 2964 δι
3307 2910 3467 2964 τοῦτο
3499 2913 3666 2964 ποιεῖ.
3704 2909 3793 2964 M-

2202 3022 2359 3075 χεται
2396 3005 2495 3075 μὲν
2537 3003 2646 3074 γὰρ
2674 3002 3032 3072 ἀνθρωπίνως
3077 3000 3164 3055 διὰ
3189 3002 3248 3054 rb
3279 3002 3463 3072 σχῆμα
3507 3000 3610 3071 τῆς
3656 3000 3792 3073 πρὸς

2199 3094 2350 3164 iiii“
2371 3091 2704 3163 ὁμοιώσεως.
2740 3091 2898 3144 Ἔστι
2925 3090 2983 3143 δὲ
3016 3090 3231 3161 πλήρης
3261 3088 3338 3153 ὡς
3369 3088 3519 3150 Θιός.
3576 3088 3793 3159 Ἐπειδὴ

523 3187 771 3246 omnibus
805 3196 862 3241 ut
888 3184 1045 3240 Deus.
1063 3183 1194 3239 Cum
1229 3183 1375 3239 enim
1409 3181 1577 3245 solus,
1596 3197 1659 3236 ac
1686 3197 1782 3252 per
1808 3196 1866 3237 se
1906 3182 2091 3248 homo,

2205 3184 2309 3256 γάρ
2344 3183 2506 3254 μόνος
2541 3184 2634 3237 καὶ
2663 3183 2784 3237 καθ’
2811 3180 3003 3235 ἑαυτὸν
3052 3183 3081 3236 ὁ
3129 3179 3435 3251 ἄνθρωπος,
3473 3179 3577 3233 κάν
3604 3197 3659 3233 τι
3684 3179 3792 3234 τῶν

529 3279 743 3337 tametsi
763 3276 967 3346 aliquid
987 3275 1115 3331 boni
1138 3290 1166 3329 a
1190 3275 1300 3329 Deo
1325 3274 1615 3343 acceperit,
1632 3272 1791 3328 facile
1805 3273 1905 3327 hoc
1920 3272 2095 3341 ipsum

527 3370 727 3426 amittit
741 3368 905 3441 (quod
923 3366 1136 3436 quidem
1156 3374 1209 3421 et
1223 3363 1393 3419 Adam
1420 3378 1710 3433 perpessus
1729 3361 1855 3434 est),
1873 3362 2098 3418 destitu-

529 3467 619 3511 tus
641 3469 741 3525 per
772 3454 1199 3510 lnobedientiam
1220 3466 1281 3507 ea
1302 3450 1474 3522 gratia
1511 3466 1629 3522 quae
1646 3452 1796 3521 prius
1814 3451 1886 3505 illi
1905 3450 2097 3506 collata

528 3549 731 3605 fuerat:
754 3546 1123 3601 necessarium
1141 3543 1362 3600 omnino
1387 3543 1508 3609 fuit,
1526 3559 1594 3599 ne
1622 3558 1811 3599 rursus
1834 3544 1887 3598 in
1910 3543 2097 3598 eadem

528 3637 1009 3700 incideremus,ut
1032 3634 1370 3690 immutabile
1402 3634 1496 3690 Dei
1526 3633 1769 3689 Verbum
1814 3632 1976 3688 homo
2017 3631 2099 3687 fa-

528 3738 673 3786 ctum
688 3737 896 3799 peteret
916 3742 945 3781 a
967 3725 1132 3782 Patre
1154 3726 1293 3783 dona
1318 3740 1441 3795 qua
1458 3726 1527 3782 ab
1549 3725 1639 3781 illo
1656 3724 2095 3795 proﬁciscuntur;

533 3831 590 3877 ut
631 3835 726 3890 per
774 3820 945 3887 ipsum
988 3818 1042 3873 in
1087 3832 1248 3889 quem
1306 3816 1455 3872 nulla
1502 3818 1731 3873 mutatio
1781 3815 2100 3871 alteratiove

530 3912 690 3974 cadit,
724 3910 775 3964 in
804 3917 987 3964 nostra
1022 3909 1185 3963 etiam
1220 3916 1413 3963 natura
1458 3908 1647 3980 eadem
1702 3907 1846 3962 dona
1878 3904 2099 3961 stabili-

532 4010 723 4056 rentur
746 4006 909 4070 atque
949 3996 1421 4053 confirmarentur.
1474 3996 1659 4053 Gratia
1711 3996 1856 4051 enim
1886 3995 2093 4064 princi-

531 4091 677 4158 pium
710 4099 907 4155 nacta,
964 4087 1191 4142 firmiter
1242 4086 1299 4141 in
1353 4086 1574 4142 Christo
1610 4094 1831 4152 manet;
1876 4086 2100 4156 ipseque

531 4180 936 4243 similitudinem
988 4180 1039 4233 in
1092 4193 1194 4234 nos
1243 4191 1458 4247 quoque
1503 4176 1871 4233 transmittit:
1906 4190 2099 4232 omnes

532 4276 678 4332 enim
710 4274 764 4330 in
798 4275 916 4346 ipso
944 4288 1154 4340 sumus,
1201 4282 1470 4342 quatenus
1500 4273 1663 4330 homo
1708 4273 1886 4330 factus
1933 4284 2015 4330 est
2046 4284 2103 4330 et

532 4366 776 4422 eamdem
807 4379 968 4435 quam
1013 4379 1111 4420 nos
1140 4379 1357 4420 carnem
1389 4365 1641 4435 gestavit.
1689 4363 1823 4419 Nam
1864 4367 1967 4421 hac
2012 4380 2100 4419 ra-

532 4460 682 4515 tione
726 4467 780 4513 et
822 4456 1038 4521 fratres,
1082 4466 1137 4511 et
1178 4472 1343 4510 unum
1388 4471 1509 4511 cum
1560 4471 1627 4511 co
1674 4455 1802 4511 facti
1845 4456 2098 4513 dicimur.

2206 3272 2428 3341 ἀγαθῶν
2462 3270 2614 3342 παρά
2640 3270 2776 3325 Θεοῦ
2810 3270 2974 3341 λάϐῃ,
3018 3270 3176 3323 τοῦτο
3217 3270 3415 3341 ῥᾳδίως
3437 3268 3705 3330 ἀπολλύει
3736 3269 3792 3337 (ὃ

2204 3366 2269 3436 δὴ
2298 3365 2393 3419 καὶ
2421 3361 2688 3417 πέπονθεν
2731 3361 2930 3433 Ἀδὰμ)
2956 3404 2971 3428 ,
3030 3362 3124 3415 καὶ
3162 3361 3370 3431 γυμνὸς
3396 3362 3462 3414 tu
3501 3360 3792 3431 παρακοῆς

2206 3455 2421 3527 ἑδείχθη
2450 3454 2550 3523 τῆς
2602 3452 2957 3525 προτεθείσης
3002 3452 3151 3523 αὐτῷ
3188 3453 3430 3524 χάριτος,
3490 3453 3793 3521 ἀναγκαῖον

2204 3542 2294 3617 ἦν,
2353 3546 2439 3599 ἰνα
2486 3544 2561 3616 μὴ
2618 3544 2779 3597 πάλιν
2835 3547 2948 3607 τοῖς
3003 3545 3184 3607 αὐτοῖς
3240 3543 3654 3615 περιπέσωμεν,
3703 3543 3793 3598 σὺν

2204 3637 2476 3708 άτρεπτον
2504 3635 2600 3690 τοῦ
2643 3634 2777 3689 Θεοῦ
2804 3635 2978 3705 Δὸγον
3022 3636 3316 3705 γενόμενον
3369 3634 3678 3706 άνθριιητον,
3712 3637 3793 3689 αἰ-

2202 3729 2366 3799 τῆσαι
2390 3728 2543 3799 παρὰ
2562 3726 2657 3780 τοῦ
2685 3712 2904 3797 Πατρδέ
2942 3726 3011 3780 τά
3036 3723 3095 3791 ἐξ
3127 3726 3291 3779 αὑτοῦ
3312 3730 3315 3731 ⁷
3340 3726 3676 3797 χαρίσματα·
3707 3727 3792 3781 ινα

2205 3819 2273 3873 δι’
2310 3817 2476 3872 αὐτοῦ
2539 3817 2730 3887 βέϐαια
2766 3820 2833 3889 τῇ
2893 3818 3143 3889 ήμετὲρᾳ
3194 3817 3353 3887 φύσει
3416 3817 3792 3889 φυλάττηται,

2207 3908 2479 3980 ἀτρέπτου
2510 3910 2605 3961 καὶ
2632 3907 2991 3962 ἀναλλοιώτου
3016 3908 3394 3979 τυγχάνοντος.
3438 3908 3495 3961 ’Δ
3506 3908 3641 3979 ρχὴν
3686 3908 3794 3981 γάρ

2206 4001 2241 4070 ἡ
2274 3999 2435 4070 χάρις
2462 3998 2727 4065 λαϐοῦσα,
2785 4000 2937 4070 μένει
2970 4000 3072 4069 μὲν
3125 3998 3383 4069 ἀσφαλῶς
3423 4001 3481 4052 ἑν
3532 3999 3789 4071 Χριστῷ,

2206 4092 2570 4163 παραπέμπει
2594 4090 2652 4145 δὲ
2676 4091 2837 4155 αὐτὸς
2880 4092 2977 4146 καὶ
3003 4093 3085 4156 εἰς
3112 4092 3260 4163 ἡμᾶς
3278 4092 3380 4164 τὴν
3405 4092 3688 4162 ὁμοίωσιν·
3712 4092 3801 4146 ὅτε·

2207 4184 2407 4246 πάντες
2440 4182 2610 4253 ἐσμὲν
2640 4182 2698 4236 ἐν
2726 4181 2896 4253 αὐτῷ,
2934 4182 3071 4236 καθὸ
3120 4181 3410 4254 ἄνθρωπος
3448 4182 3665 4253 γέγονε,
3701 4184 3793 4237 καὶ

2206 4274 2304 4345 τὴν
2336 4274 2507 4345 αὐτὴν
2539 4276 2672 4344 ἡμῖν
2697 4274 2924 4345 ἑφόρεσε
2962 4274 3160 4347 σάρκα.
3187 4273 3347 4329 οὕτω
3377 4274 3487 4347 γὰρ
3516 4276 3613 4329 καὶ
3642 4276 3793 4330 ἀδελ-

2208 4364 2299 4434 φοὶ
2328 4363 2424 4416 καὶ
2453 4362 2513 4417 ἓν
2539 4364 2616 4428 ὡς
2647 4364 2785 4436 πρὸς
2812 4363 2945 4419 Θεὸν
2976 4364 3339 4435 γεγεννῆσθαι
3361 4363 3657 4435 λιτόμεθα.
3698 4366 3793 4420 Al-

2206 4459 2289 4511 τεῖ
2317 4464 2497 4511 τοίνυν
2532 4456 2625 4510 καὶ
2666 4456 2884 4527 δέχεται
2921 4454 3074 4527 παρὰ
3115 4454 3211 4511 τοῦ
3253 4454 3466 4525 Πατρὺς
3505 4455 3576 4507 δι’
3608 4456 3789 4525 ἡμᾶς,

539 4548 678 4605 Petit
709 4548 891 4616 itaque
945 4554 1002 4601 et
1030 4544 1225 4614 accipit
1276 4559 1306 4600 a
1362 4545 1521 4601 Patre
1561 4557 1780 4617 propter
1821 4563 1939 4613 nos,
1984 4563 2097 4619 quae

2205 4535 2348 4619 άπερ
2372 4548 2486 4617 ἔχει
2538 4548 2637 4617 μὲν
2674 4546 2943 4615 φυσικῶς,
3007 4545 3083 4609 ὡς
3116 4544 3279 4608 Θεός·
3310 4544 3500 4616 ἐπειδὴ
3532 4544 3590 4598 δὲ
3613 4546 3793 4617 σάρκα

538 4640 654 4708 ipse
678 4638 839 4693 habet
862 4634 1207 4701 naturaliter,
1246 4646 1305 4691 ut
1334 4636 1503 4691 Deus.
1546 4636 1682 4693 Cum
1710 4653 1841 4693 vero
1882 4653 2101 4693 carnem

538 4728 849 4799 assumpsit.
890 4742 1009 4797 qua:
1057 4725 1448 4797 gloriﬁcatione
1490 4730 1727 4797 egebat,
1781 4738 1943 4799 atque
1990 4730 2104 4785 hac

539 4821 752 4892 quidem
782 4835 890 4874 non
917 4820 1141 4874 alterius
1168 4819 1489 4891 cuiuspiam,
1537 4822 1630 4877 sed
1666 4837 1759 4877 sua
1792 4821 1933 4877 facta
1967 4832 2052 4879 est
2086 4839 2099 4878 :

540 4913 735 4969 merito
761 4910 862 4967 sibi
898 4910 1142 4965 vindicat
1194 4919 1353 4979 atque
1378 4911 1659 4981 adiungit,
1687 4927 1807 4981 qua.
1864 4912 1915 4966 in
1955 4910 2102 4968 illam

2203 4639 2299 4693 τοῦ
2357 4638 2676 4705 δοξάζεσθαι
2725 4638 3030 4710 χρῄζουσαν
3055 4636 3235 4705 ἔλαϐε,
3297 4637 3391 4691 καὶ
3445 4637 3544 4708 οὐχ
3603 4638 3792 4709 ἑτέρου

2204 4732 2371 4795 τινὸς,
2397 4732 2513 4784 ἀλλ’
2538 4731 2703 4785 αὑτοῦ
2730 4733 2951 4800 γέγονεν
2978 4730 3116 4801 αὕτη
3140 4771 3156 4794 ,
3186 4730 3413 4794 εἰκότως
3456 4730 3793 4787 ἰδωποιεῖται

2203 4822 2271 4876 τὰ
2292 4825 2372 4887 εἰς
2400 4822 2573 4894 αὐτὴν
2602 4824 2636 4895 ἢ
2663 4823 2791 4895 περὶ
2821 4822 2991 4894 αὐτὴν
3013 4821 3296 4892 γινόμενα,
3341 4821 3436 4875 καὶ
3462 4820 3541 4887 ὡς
3574 4822 3790 4895 ἀνθρω-

2205 4932 2306 4978 πος
2339 4915 2414 4986 μὴ
2440 4915 2600 4986 ἔχων,
2633 4915 2850 4987 δέχεται
2906 4915 3058 4987 παρά
3103 4912 3200 4969 τοῦ
3252 4912 3468 4985 Πατρδς
3502 4912 3650 4987 άπερ
3678 4915 3792 4986 ιχει

540 5010 597 5057 et
624 5002 769 5058 circa
798 5001 943 5057 illam
971 5000 1127 5067 ﬁunt,
1174 5010 1229 5057 et
1251 5010 1310 5055 ut
1330 5001 1493 5057 homo
1521 5017 1625 5056 non
1650 5004 1873 5066 habens.
1906 5006 2097 5075 accipit

2210 5004 2477 5074 φυσικῶς,
2508 5006 2583 5069 ὼς
2616 5005 2744 5069 Tib;
2776 5004 2870 5061 καὶ
2892 5004 3044 5070 Θεός.

542 5108 575 5150 a
602 5093 762 5149 Patre
791 5106 909 5164 qua
935 5090 1255 5148 naturaliter
1285 5092 1448 5146 habet
1477 5102 1533 5145 ut
1555 5091 1724 5148 Filius
1752 5103 1806 5147 et
1837 5092 1997 5149 Deus.

1156 5214 1157 5217 ‘
1206 5199 1431 5257 ALIUD.

619 5312 678 5369 8i
706 5310 937 5368 Verbum
968 5310 1062 5367 Dei
1088 5310 1287 5367 factum
1316 5320 1399 5367 est
1428 5313 1610 5378 homo,
1671 5322 1728 5368 ut
1764 5316 1985 5371 omnino
2025 5316 2106 5371 fa—

2888 5201 3094 5256 AAAO.

2276 5320 2340 5373 Εἰ
2373 5318 2595 5387 γέγονεν
2641 5315 2927 5388 ἄνθρωπος
2971 5316 3001 5369 ὁ
3036 5314 3129 5369 τοῦ
3179 5314 3316 5370 Θεοῦ
3354 5316 3549 5385 Λόγος,
3599 5316 3794 5387 γὶτονε

548 5413 695 5459 ctum
730 5409 814 5457 est
835 5402 903 5466 ‘°,
934 5416 1108 5472 neque
1127 5416 1451 5471 quemquam
1483 5418 1680 5475 negare
1697 5405 1953 5470 arbitrer,
1980 5405 2097 5475 quid

2206 5411 2283 5476 δὲ,
2316 5411 2412 5464 καὶ
2441 5410 2688 5481 ἀντερεῖν
2716 5402 2870 5479 οἶμαι
2908 5406 3133 5479 μηδένα,
3181 5407 3237 5461 τι
3272 5409 3337 5463 rb
3365 5408 3667 5464 ἀναπεῖθόν
3710 5430 3795 5466 τι-

548 5493 792 5563 estquod
822 5491 1104 5548 nonnullos
1133 5502 1330 5560 movet,
1388 5504 1448 5549 ut
1474 5509 1596 5549 eum
1641 5495 1889 5551 humanis
1927 5497 2105 5553 verbis

551 5585 630 5640 uti
657 5597 762 5639 non
790 5582 1138 5655 permittant?
1161 5583 1294 5640 Nam
1318 5586 1407 5656 qni
1437 5600 1550 5641 rem
1581 5585 1753 5655 ipsam
1783 5587 1964 5643 subire
1995 5603 2101 5643 non

2206 5495 2324 5566 νας,
2362 5499 2437 5570 μὴ
2466 5498 2785 5570 ἐπιτρέπειν
2813 5496 2963 5568 αὐτῷ
2994 5499 3115 5561 ταῖς
3162 5496 3453 5569 ἀνθρώπου
3484 5501 3795 5571 κεχρῆσθαι

2211 5595 2447 5664 φωναῖς
2504 5590 2567 5644 ὐ
2600 5590 2709 5661 γὰρ
2756 5589 2887 5644 αὐτο
2925 5590 2985 5644 rb
3028 5590 3264 5662 πρᾶγμα
3303 5589 3379 5662 μὴ
3420 5589 3636 5663 φυγὼν⁹
3678 5592 3795 5648 ἀλλν

624 5761 647 5795 ⁸
677 5759 862 5818 Πειώ.
886 5777 1077 5832 sum,
1111 5762 1196 5819 i8.
1274 5766 1294 5800 ν
1328 5761 1479 5822 Jean.
1524 5780 1656 5834 xvn,
1692 5765 1739 5821 Ι.
1820 5766 1862 5798 ¹⁰
1894 5762 2053 5823 Joan.
2086 5779 2124 5836 ι,
2163 5767 2243 5823 Η.
