4032 6470
280 513 397 573 ³85

1727 494 2183 557 THESAUBUS.

3462 492 3570 547 386

281 634 369 696 είς
398 628 671 700 τοσαύτην
696 626 888 682 ἑαυτὸν
920 625 1252 680 ταπείνωσιν
1285 623 1640 695 καταγαγὼν,
1674 623 1778 677 οὐκ
1808 621 1876 677 ἂν

1986 615 2297 682 recusavit,
2325 614 2422 672 sed
2470 614 2528 670 in
2553 619 2758 669 tantam
2788 610 3151 668 humilitatem
3192 623 3254 667 se
3304 610 3527 667 demisit
3555 655 3570 676 .

280 723 460 792 ἔφυγε
502 721 566 775 τὸ
607 723 667 775 εν
704 718 886 787 λόγοις
928 716 1125 771 ἑαυτοῦ
1156 716 1442 786 φαίνεσθαι
1485 712 1870 789 μετριώτερος.

281 810 352 869 Ei
406 813 504 885 μὲν
551 806 645 866 οὖν
694 810 757 864 οὐ
810 809 1034 879 γέγονεν
1066 806 1375 879 ἄνθρωπος,
1420 806 1875 881 περιαπτέτωσάν

278 921 434 968 τινες
470 901 549 972 τῷ
593 900 755 971 Λόγῳ
781 900 854 954 τὰ
891 897 1125 953 ταπεινά
1154 901 1398 971 ῥήματα,
1434 899 1529 953 καὶ
1564 896 1873 965 λεγέτωσαν

280 995 452 1051 αὐτὸν
484 995 581 1049 καὶ
609 993 825 1062 ἀγνοεῖν
854 992 950 1046 καὶ
987 989 1149 1061 δόξης
1195 990 1440 1062 χρῄζειν,
1485 990 1581 1043 καὶ
1622 985 1874 1058 δέχεσθαί

277 1104 340 1140 τι
390 1084 543 1157 παρὰ
587 1083 680 1138 τοῦ
723 1082 953 1155 Πατρός.
1010 1082 1074 1137 Εί
1131 1080 1190 1134 δδ
1279 1080 1504 1149 γέγονεν
1559 1078 1873 1151 ἄνθρωπος,

281 1176 531 1231 ἔστωσαν
585 1174 685 1243 τῆς
718 1172 1143 1243 άνθρωπότητος
1176 1171 1233 1224 αί
1284 1171 1484 1241 φωναὶ,
1534 1170 1632 1224 καὶ
1682 1168 1874 1241 μηδεὶς

271 1266 692 1339 ,συκοφαντείτω
718 1248 812 1318 τὸν
837 1263 933 1319 τοῦ
968 1263 1105 1317 Θεοῦ
1127 1262 1320 1332 Λόγον,
1347 1261 1425 1326 ὼς
1454 1262 1556 1315 οὐκ
1592 1260 1785 1333 ἔχοντα
1810 1259 1873 1313 τδ

280 1360 516 1427 τέλειον,
556 1358 746 1428 ὥσπερ
797 1358 825 1411 6
870 1356 1100 1427 Πατήρ·
1156 1353 1292 1427 μηδὲ
1340 1352 1612 1425 ὑϐριζέτω
1665 1352 1728 1406 τὸ
1776 1350 1872 1405 τοῦ

279 1450 425 1506 Θεοῦ
457 1451 681 1523 γνήσιον
711 1448 980 1520 γέννημα.

972 1561 1172 1615 ΑΛΛΟ.

356 1657 469 1727 Οὐχ
493 1657 523 1710 6
541 1653 636 1709 τοῦ
662 1653 797 1709 Θεοῦ
826 1654 1017 1723 Λόγος,
1046 1648 1081 1727 ᾖ
1106 1653 1277 1721 Λόγος
1300 1651 1436 1719 ἐστὶ,
1470 1650 1750 1717 δοξάζεται
1779 1650 1874 1704 καὶ

270 1746 501 1818 δέχεταί
538 1764 592 1799 τι
624 1744 777 1815 παρὰ
800 1744 896 1797 τοῦ
930 1743 1162 1814 Πατρὸς,
1204 1744 1237 1813 ἢ
1267 1745 1362 1798 καὶ
1398 1742 1684 1811 ἁγιάζεται
1706 1784 1720 1809 ,
1757 1742 1871 1796 ἀλλ’

287 1839 447 1909 ἡμεῖς
473 1839 531 1891 ὲν
562 1836 730 1907 αὐτῷ’
768 1836 864 1889 καὶ
884 1836 951 1889 δι’
984 1836 1131 1906 ἡμᾶς
1160 1837 1280 1899 ταῖς
1304 1834 1581 1898 τοιαύταις
1619 1834 1781 1898 αὑτός
1812 1851 1872 1887 τε

282 1930 563 2000 ὶχρήσατο
588 1931 813 1998 φωναῖς,
841 1929 936 1980 καὶ
987 1929 1020 1997 η
1072 1926 1191 1979 θεία
1242 1926 1434 1998 Γραφὴ
1478 1925 1704 1980 τοιαῦτά
1752 1944 1872 1980 τινα

282 2021 587 2092 λέγειπερὶ
622 2019 809 2075 αὐτοῦ.
854 2020 915 2073 El
958 2019 1088 2090 γὰρ,
1130 2018 1314 2083 καθὼς
1350 2018 1555 2072 οίονταί
1585 2036 1751 2084 τινες,
1792 2021 1873 2083 είς

290 2112 375 2167 τὸν
406 2113 499 2167 τοῦ
528 2110 663 2167 Θεοῦ
688 2112 859 2180 Λόγον
897 2111 1192 2181 ἀναφέρειν
1229 2110 1335 2182 χρὴ
1371 2112 1440 2164 τὰ
1468 2109 1714 2176 τοιαῦτα,
1743 2111 1873 2180 ὁρά-

281 2219 468 2257 τωσαν
505 2203 580 2274 μὴ
640 2203 734 2256 καὶ
774 2202 865 2256 τὸν
911 2202 1007 2273 τῆς
1051 2202 1347 2273 ἐπιδημίας
1384 2204 1584 2274 τρόπον
1627 2202 1872 2256 ποιοῦσιν

281 2290 477 2361 ἀργὸν,
507 2290 602 2344 καὶ
633 2291 731 2361 τῆς
762 2290 913 2361 παρὰ
943 2290 1078 2344 Θεοῦ
1107 2292 1326 2363 χάριτος
1355 2291 1559 2364 ἔρημον
1590 2294 1745 2365 ἡμῶν
1774 2292 1873 2365 τὴν

281 2381 451 2449 φύσιν
485 2379 951 2435 ἀποδεικνύουσιν.
1005 2381 1066 2434 Ei
1096 2381 1203 2452 γὰρ
1231 2383 1258 2435 6
1292 2381 1465 2450 Λόγος
1494 2383 1642 2436 ἐστὶν
1664 2386 1693 2437 6
1717 2381 1872 2449 δοξα-

283 2469 440 2534 σθεὶς
479 2469 572 2524 καὶ
600 2469 886 2538 ἁγιασθεὶς
911 2469 1053 2524 κατὰ
1081 2470 1180 2541 τὴν
1219 2470 1469 2541 θεότητα,
1510 2472 1641 2526 ποία
1679 2473 1872 2542 γέγονε

280 2562 399 2623 τοῖς
447 2558 758 2631 ἀνθρώποις
809 2562 843 2629 ἠ
891 2559 1096 2630 ϐνησις,
1150 2563 1215 2613 ὲκ
1262 2559 1358 2613 τοῦ
1412 2560 1663 2629 γενέσθαι
1710 2561 1875 2614 αὐτὸν

264 2649 614 2722 νᾶνθρωποη
654 2649 907 2703 Φαίνεται
934 2648 1042 2720 γὰρ
1079 2649 1243 2712 αὐτὸς
1281 2650 1521 2711 ἀναστάς
1549 2651 1614 2703 ὲκ
1641 2650 1871 2719 νεκρῶν,

283 2742 384 2812 οὐχ
406 2743 589 2813 ἡμεῖς.
620 2741 686 2794 Τί
725 2741 782 2796 δὲ
811 2741 975 2797 αὐτὸν
1017 2741 1203 2795 ἔπεισε
1239 2741 1494 2810 γενέσθαι
1525 2743 1616 2796 καὶ
1654 2743 1869 2814 σάρκα;

283 2834 350 2889 Eg
407 2834 507 2903 μὲν
561 2833 692 2905 γὰρ,
738 2832 825 2887 ῐνα
872 2834 974 2905 τὴν
1020 2832 1311 2905 ἀνθρώπου
1366 2833 1530 2903 φύσιν
1590 2834 1872 2907 ὠφελήσῃ,

284 2924 458 2997 ἀργὸν
508 2926 631 2979 κατ’
683 2924 927 2989 ἐκείνους
971 2925 1033 2978 τδ
1078 2926 1451 2997 ἐπιχείρημα·
1501 2924 1654 2979 οὐδὲν
1692 2925 1803 2999 γὰρ
1841 2927 1875 2997 ἡ

287 3016 428 3089 σὰρξ
453 3015 798 3088 ὠφεληθεῖσα
824 3017 1099 3086 φαίνεται,
1136 3016 1276 3070 ἀλλὰ
1310 3016 1512 3087 μᾶλλον
1552 3017 1737 3081 αὐτός.
1765 3018 1877 3071 Καὶ

284 3108 336 3161 εί
382 3108 472 3161 ὅτε
504 3106 729 3175 γέγονεν
783 3105 1091 3177 ἄνθρωπος,
1126 3106 1247 3159 τότε
1282 3105 1532 3175 φαίνεται
1578 3106 1673 3159 καὶ
1717 3104 1876 3170 δόξαν

282 3198 491 3264 λαϐὼν,
524 3198 621 3252 καὶ
656 3197 948 3269 ἁγιασμόν,
982 3198 1076 3250 καὶ
1104 3198 1373 3265 ἐξουσίαν,
1400 3198 1495 3251 καὶ
1522 3198 1619 3252 ὅσα
1650 3197 1876 3251 τοιαῦτα

285 3291 515 3362 φέρεται
569 3290 699 3361 περὶ
744 3287 935 3385 αὑτοῦ,
989 3288 1254 3385 πρόδηλόν
1301 3291 1449 3342 ἐστιν
1495 3291 1576 3343 ὅτι
1626 3290 1733 3361 πρὸ
1778 3290 1879 3360 τῆς
1907 3321 1955 3385 c

284 3380 583 3451 ἐπιδημίας
596 3378 803 3432 τούτων
829 3377 1036 3449 ἔρημος
1066 3376 1163 3443 ὢν,
1185 3380 1305 3432 κατ’
1322 3379 1585 3446 ἐκείνους,
1612 3378 1878 3451 λαμϐάνει

282 3472 463 3527 ταῦτα
506 3470 647 3526 κατά
675 3469 764 3524 τὸν
800 3469 901 3541 τῆς
952 3470 1248 3540 ἐπιδημίας
1298 3471 1509 3542 καιρόν.
1563 3471 1738 3542 Χάριν
1786 3466 1879 3526 οὖν

274 3563 621 3637 ’δμολογείτω
658 3565 729 3635 τῇ
770 3562 956 3631 σαρκὶ,
1001 3560 1225 3632 βελτίων
1263 3562 1620 3632 ἀναδειχθεὶς,
1652 3565 1742 3617 ὅτε
1775 3579 1879 3616 πε-

278 3656 521 3730 μφόρεκεν
546 3655 734 3727 αὐτὴν,
765 3654 827 3707 οὐ
859 3651 1155 3724 βελτιώσας
1175 3652 1366 3724 αὐτήν.
1402 3652 1540 3707 Ἀλλ’
1576 3652 1694 3708 ἐστι
1720 3653 1879 3708 τοῦτο

278 3747 386 3803 καὶ
433 3748 652 3819 φρονεῖν
699 3744 793 3799 καὶ
827 3745 1007 3815 λέγειν
1042 3743 1491 3799 δυσσεϐέστατον.
1537 3745 1881 3818 Ἐπεδήμησε

286 3838 403 3911 γὰρ
449 3838 538 3892 ῖνα
582 3837 783 3911 δοξάσῃ
809 3836 902 3891 τὸν
953 3836 1241 3908 ἄνθρωπον
1275 3837 1371 3890 καὶ
1424 3837 1646 3911 ἁγιάσῃ.
1702 3838 1816 3909 Οὐχ
1852 3838 1882 3891 6

285 3931 465 3999 Λόγος
490 3930 599 4001 ἄρα
627 3930 775 3983 εστὶν
803 3930 832 3983 6
858 3928 1147 3999 δεχόμενός
1175 3943 1264 3981 τι·
1296 3928 1500 3993 τέλειος
1530 3929 1661 4001 γὰρ,
1692 3928 1883 4001 ὥσπερ

288 4023 387 4077 καὶ
418 4024 447 4076 ό
485 4022 757 4093 γεννήσας
784 4020 966 4075 αὐτόν.
1016 4020 1158 4074 Ἀλλ’
1194 4023 1359 4093 ἡμεῖς
1389 4024 1447 4077 ἐν
1488 4024 1637 4095 αὐτῷ
1664 4023 1880 4095 λαμϐά-

267 4128 479 4183 νομεν,
510 4112 599 4166 ὅτε
648 4110 748 4183 τὴν
784 4112 1062 4185 ἡμετέραν
1120 4112 1346 4184 ιφόρεσε
1396 4115 1580 4184 σάρκα
1608 4130 1621 4143 ·
1662 4115 1740 4179 ὡς
1779 4115 1889 4190 γὰρ

287 4205 624 4269 ἀναστάντος
639 4204 829 4271 αὐτοῦ,
850 4206 1011 4276 ἡμεῖς
1029 4202 1355 4277 άνέστημεν,
1378 4208 1466 4261 καὶ
1484 4207 1890 4280 ἀναϐεϐηκότος

288 4296 462 4353 αὐτοῦ
494 4297 680 4362 πάλιν,
731 4298 812 4362 είς
851 4297 1116 4368 οὐρανοὺς
1150 4300 1279 4371 ἡμῖν
1328 4302 1362 4371 ἡ
1391 4299 1577 4364 άνοδος
1614 4300 1891 4355 άνεκαινί-

291 4387 399 4461 σθη
426 4404 439 4418 ’
481 4388 655 4453 οὕτως
690 4389 786 4443 καὶ
822 4386 1139 4454 δοξάζεσθαι
1185 4390 1280 4445 καὶ
1309 4391 1893 4464 άγιάζεσθαι-λεγομέ-

292 4495 417 4545 νου,
454 4480 617 4551 ἡμεῖς
646 4480 812 4550 ἰσμεν
841 4480 891 4534 oi
924 4478 1131 4534 τούτων
1163 4480 1550 4547 ἀπολαύοντες.

1968 723 2083 764 non
2113 705 2400 762 abhorruit
2433 703 2503 759 ab
2536 702 2847 773 bujusmodi
2882 699 3167 759 moderato
3198 711 3364 771 atque
3390 701 3573 757 humi-

1977 799 2115 856 liore
2143 796 2403 869 loquendi
2438 810 2655 869 genere.
2705 796 2777 851 At
2810 809 2943 851 vero
2977 794 3023 850 si
3055 793 3220 849 homo
3250 793 3427 849 factus
3467 808 3572 847 non

1976 898 2103 958 est,
2152 891 2392 946 tribuant
2429 887 2673 944 nonnulli
2712 885 2892 943 Verbo
2940 885 3177 942 humiles
3235 884 3372 940 istas
3416 884 3562 939 locn-

1978 985 2175 1045 tiones,
2211 980 2507 1050 dicantque
2534 979 2711 1050 ipsum
2745 986 2800 1032 et
2852 978 3109 1050 ignorare
3132 1017 3149 1044 ,
3185 985 3241 1031 et
3287 975 3461 1047 gloria
3493 975 3575 1028 in.

1977 1072 2184 1143 digere,
2226 1077 2392 1141 atque
2415 1071 2621 1142 aliquid
2653 1084 2684 1125 a
2717 1070 2883 1126 Patre
2909 1069 3180 1139 accipere.
3228 1066 3339 1122 Sed
3386 1067 3433 1121 si
3486 1064 3574 1118 ia-

1978 1170 2125 1217 ctum
2150 1172 2235 1217 est
2256 1163 2442 1225 homo,
2467 1162 2575 1217 sint
2598 1160 2714 1216 hac
2737 1160 2901 1215 verba
2925 1160 3183 1215 humanae
3200 1166 3413 1213 natura:
3439 1171 3571 1211 con-

1974 1252 2248 1307 venientia
2284 1267 2298 1304 :
2328 1258 2384 1307 et
2407 1265 2570 1306 nemo
2603 1248 2975 1306 calumnietur
3015 1246 3259 1303 Verbum
3292 1245 3411 1312 Dei,
3438 1256 3563 1300 tan-

1974 1354 2139 1411 quam
2170 1354 2279 1396 non
2306 1340 2597 1395 habentem
2619 1354 2743 1394 eam
2767 1337 3183 1409 perfectionem,
3210 1351 3375 1407 quam
3404 1333 3571 1391 habet

1975 1431 2137 1488 Pater
2166 1446 2180 1484 :
2216 1446 2395 1503 neque
2420 1446 2551 1489 vero
2583 1431 2682 1488 Dei
2706 1430 2844 1486 Filio
2862 1429 3260 1487 contumeliose
3286 1428 3569 1485 insultent.

2648 1542 2881 1600 ALIUD.

2029 1634 2270 1693 Verbum
2306 1637 2426 1703 Dei,
2483 1645 2756 1707 quatenus
2796 1636 3033 1693 Verbum
3078 1645 3184 1703 est,
3242 1650 3417 1708 neque
3456 1636 3571 1710 glo-

1975 1732 2135 1795 riam,
2161 1743 2336 1800 neque
2364 1729 2509 1784 aliud
2539 1728 2836 1799 quidquam
2870 1743 2899 1783 a
2930 1728 3095 1784 Patre
3127 1728 3349 1799 accipit,
3394 1742 3573 1800 neque

1975 1821 2390 1888 sanctiﬁcatur;
2434 1821 2531 1876 sed
2561 1836 2662 1878 nos
2692 1822 2745 1877 in
2775 1822 2897 1893 ipso
2935 1837 2952 1877 :
2993 1831 3048 1876 et
3072 1830 3297 1891 propter
3341 1836 3466 1889 nos,
3516 1831 3574 1878 ει

1976 1912 2094 1985 ipse
2118 1911 2453 1981 ejuscemodi
2481 1912 2665 1968 verbis
2714 1912 2930 1980 utitur,
2980 1922 3037 1968 et
3082 1926 3239 1971 sacra
3287 1911 3570 1984 Scriptura

1983 2005 2110 2062 talia
2138 2008 2388 2076 quadam
2432 2004 2501 2060 de
2541 2004 2659 2075 ipso
2691 2005 2845 2061 dicit.
2900 2004 2961 2060 Si
2998 2006 3169 2070 enim,
3225 2016 3286 2060 ut
3326 2006 3573 2062 nonnulli

1980 2098 2296 2167 opinantur,
2323 2094 2397 2150 ad
2422 2093 2661 2150 Verbum
2698 2094 2792 2151 Dei
2821 2093 3158 2165 ejusccmodi
3187 2096 3333 2149 dicta
3374 2093 3573 2151 referri

1981 2187 2202 2249 debent,
2228 2187 2450 2241 videant
2468 2200 2535 2241 ne
2561 2185 3000 2241 incarnationem
3032 2186 3207 2256 ipsam
3227 2186 3460 2242 Otiosam
3486 2186 3572 2243 in-

1982 2276 2414 2347 frugit‘eramque
2452 2275 2679 2342 faciant,
2732 2282 2788 2331 et
2823 2285 3075 2331 naturam
3111 2286 3356 2332 nostram
3399 2276 3575 2347 gratia

1981 2367 2077 2423 Dei
2104 2383 2332 2424 vacuam
2364 2367 2661 2425 declarent.
2704 2364 2852 2422 Nam
2883 2368 2929 2424 si
2980 2366 3220 2423 Verbum
3262 2379 3373 2435 est,
3428 2368 3575 2438 quod

1982 2462 2035 2518 in
2066 2477 2166 2518 sua
2200 2462 2402 2518 deitate
2442 2459 2804 2531 gloriﬁcatum
2854 2468 2913 2516 et
2960 2459 3363 2516 sanctiﬁcatum
3407 2460 3577 2533 228

1980 2564 2088 2622 est,
2129 2556 2258 2627 quid
2302 2555 2519 2611 fructus
2564 2563 2657 2610 aut
2705 2553 3058 2610 emolumenti
3103 2554 3417 2610 hominibus
3451 2554 3577 2612 inde

1970 2649 2215 2707 accessit
2242 2649 2391 2719 quod
2419 2647 2597 2701 iactus
2618 2645 2691 2700 sit
2718 2644 2928 2699 homo?
2957 2643 3075 2714 ipse
3105 2644 3250 2700 enim
3274 2658 3307 2699 e
3344 2643 3577 2699 mortuis

1983 2741 2354 2797 resurrexisse
2397 2738 2634 2804 videtur,
2685 2751 2795 2793 non
2841 2746 3025 2791 autem
3086 2752 3210 2793 nos.
3258 2736 3400 2803 Quid
3444 2752 3578 2795 vero

1983 2833 2160 2903 ipsum
2193 2832 2364 2888 movit
2390 2840 2449 2885 ut
2481 2830 2636 2885 ﬂeret
2662 2820 2868 2883 homo?
2899 2826 3034 2883 Nam
3068 2830 3139 2894 si,
3183 2836 3243 2884 ut
3273 2828 3573 2886 humanam

1983 2932 2233 2979 naturam
2258 2922 2497 2995 juvaret,
2559 2920 2737 2975 inanis
2764 2928 2869 2986 est,
2917 2920 3073 2987 juxta
3104 2919 3247 2987 illos,
3287 2920 3373 2976 hic
3414 2936 3580 2978 cona-

1986 3022 2116 3068 tus:
2162 3021 2355 3067 natura
2383 3011 2529 3067 enim
2563 3010 2748 3081 adjuta
2775 3024 2885 3065 non
2934 3008 3102 3065 fuisse
3148 3012 3415 3078 cernitur,
3479 3013 3577 3069 sed

1984 3106 2102 3174 ipse
2140 3106 2356 3175 potius;
2405 3111 2461 3157 et
2508 3103 2577 3169 si,
2630 3103 2851 3173 quando
2886 3100 3064 3158 factus
3106 3112 3191 3157 est
3225 3103 3409 3170 homo,
3464 3115 3579 3161 tum

1984 3196 2147 3252 etiam
2179 3195 2409 3266 gloriam
2444 3194 2723 3264 accepisse
2750 3200 2806 3247 et
2834 3193 3350 3261 sanctiﬁcatiouem,
3383 3204 3438 3250 et
3474 3211 3574 3268 po-

1985 3295 2261 3353 testatem,
2312 3295 2369 3343 et
2399 3285 2505 3341 alia
2538 3300 2660 3356 qua:
2711 3284 2813 3354 ipsi
2862 3285 3182 3339 tribuuntur
3207 3324 3222 3351 ,
3275 3289 3524 3343 cernitur
3558 3304 3573 3341 :

1986 3380 2341 3435 manifestum
2398 3386 2487 3433 est
2531 3377 2731 3447 ipsum,
2762 3376 2924 3447 juxta
2972 3376 3191 3431 illorum
3243 3379 3579 3451 opinionem,

1986 3479 2113 3528 ante
2140 3471 2575 3527 incarnationem
2608 3469 2675 3525 iis
2704 3484 2937 3525 vacuum
2969 3469 3165 3539 fuisse,
3211 3481 3267 3527 et
3316 3484 3429 3527 tum
3465 3475 3577 3545 pri-

1986 3578 2135 3620 mum
2164 3578 2289 3619 cum
2318 3577 2542 3618 carnem
2596 3561 2915 3631 assumpsit,
2971 3576 3035 3617 ea
3064 3565 3364 3633 accepisse.
3416 3565 3579 3623 Carni

1988 3654 2154 3726 igitur
2174 3664 2459 3723 acceptum
2494 3652 2659 3722 ferat,
2684 3654 2829 3725 quod
2866 3669 2964 3724 per
2994 3655 3113 3726 ejus
3147 3658 3580 3727 assumptionem

1988 3747 2184 3801 melior
2208 3745 2280 3801 sit
2297 3743 2549 3813 euectus,
2577 3760 2682 3807 non
2717 3760 2846 3802 vero
2876 3746 3049 3817 ipsam
3074 3748 3355 3806 meliorem
3378 3749 3581 3809 eﬂecec

1987 3841 2080 3895 rit.
2108 3837 2275 3907 Atqui
2305 3837 2412 3892 hoc
2430 3847 2487 3891 et
2510 3836 2751 3906 cogitatu
2775 3846 2830 3891 et
2851 3838 2999 3894 dictu
3025 3840 3253 3910 impium
3273 3852 3379 3898 est.
3406 3843 3584 3901 incar-

1986 3936 2148 3984 natus
2169 3927 2314 3982 enim
2333 3935 2418 3982 est
2440 3933 2498 3981 ut
2521 3926 2796 3982 hominem
2817 3927 3155 3993 glorificaret
3179 3942 3236 3986 et
3261 3935 3576 3990 sanctiﬁca-

1988 4016 2343 4075 ret.Verbum
2362 4020 2569 4089 itaque,
2608 4029 2881 4089 quatenus
2894 4020 3157 4091 Verbum,
3179 4024 3312 4079 nihil
3334 4029 3580 4096 accepit:

1991 4110 2297 4183 perfectum
2347 4111 2493 4166 enim
2522 4119 2629 4178 est,
2675 4114 3138 4182 quemadmodum
3162 4125 3218 4171 et
3250 4115 3442 4175 Pater.
3475 4118 3583 4177 Sed

1990 4219 2092 4261 nos
2114 4206 2168 4259 in
2204 4204 2324 4275 ipso
2359 4204 2682 4273 accipimus,
2708 4205 2926 4272 quando
2957 4220 3181 4262 carnem
3216 4220 3461 4266 nostram
3485 4228 3581 4283 ge-

1990 4294 2198 4350 stavit:
2234 4294 2379 4349 sicut
2404 4295 2552 4350 enim
2579 4310 2701 4350 cum
2730 4294 2846 4366 ipse
2896 4298 3219 4365 resurrexit,
3270 4316 3371 4357 nos
3415 4305 3583 4358 etiam

1992 4386 2435 4453 resurreximus;
2498 4400 2733 4457 cumque
2794 4387 2910 4457 ipse
2962 4402 3180 4443 rursum
3229 4395 3481 4448 ascendit
3528 4396 3582 4451 in
3656 4402 3659 4403 ⁷

1993 4477 2184 4544 celos,
2226 4490 2487 4533 ascensus
2526 4476 2683 4535 nobis
2741 4486 2827 4535 est
2886 4479 3222 4539 instauratus
3266 4500 3281 4537 :
3332 4483 3403 4539 ita
3460 4500 3583 4542 cum

296 4573 418 4642 ipse
454 4572 746 4645 gloriﬁcari
803 4582 860 4629 et
921 4573 1255 4631 sanetiilcari
1311 4577 1533 4645 dicitur,
1588 4593 1688 4635 nos
1716 4577 2094 4650 signiﬁcamur
2122 4574 2277 4630 hisce
2308 4573 2472 4630 rebus
2493 4572 2623 4629 frui.

291 4754 503 4816 ΔΛΛΟ.
530 4752 626 4828 *δι’
653 4748 744 4828 οὗ.
774 4751 1083 4828 debuimus
1124 4755 1378 4828 σαφῶς-,ᾔ
1408 4756 1559 4826 ἅπερ
1599 4752 1766 4828 εἶχεν
1812 4760 1880 4825 ὡς

1996 4747 2385 4828 ALIUD,_quo
2445 4750 2724 4828 manifeste
2768 4752 3069 4806 ostenditur
3119 4768 3240 4828 quin
3292 4755 3475 4813 habuit
3526 4768 3583 4813 ut

514 4823 680 4891 Θεὸς,
714 4822 791 4877 δι’
826 4822 984 4894 ἡμᾶς
1012 4824 1195 4880 αίτῶν
1217 4822 1675 4897 their-0136109.

369 4982 534 5051 Λέγει
589 4999 693 5037 που
744 4982 1016 5055 Χριστός·
1074 5003 1093 5036 ι
1137 4985 1341 5058 Πάτερ,
1387 4985 1614 5052 δόξασόν
1655 5005 1750 5043 σου
1797 4988 1889 5044 τδν

294 5074 453 5132 Υιόν.
500 5094 520 5127 ι
550 5074 659 5129 Καὶ
686 5074 881 5130 πάλιν·
925 5092 946 5126 ι
986 5074 1172 5129 Πάντα
1210 5094 1303 5147 μοι
1334 5078 1606 5150 παρεδόθη
1650 5079 1756 5134 ὑπὸ
1791 5080 1889 5135 τοῦ

296 5166 535 5238 Πατρός.
578 5185 599 5219 ι
634 5165 747 5221 Καὶ
781 5165 921 5238 μετὰ
963 5165 1063 5237 τὴν
1107 5167 1437 5223 ἀνάστασιν·
1483 5189 1503 5223 r
1555 5171 1737 5243 Ἐδόθη
1772 5190 1886 5243 μοι,

297 5258 457 5330 φησι,
488 5258 638 5313 πᾶσα
659 5253 880 5322 ἔξουσία
906 5258 965 5311 ὲν
991 5258 1209 5329 οὐρανῷ
1238 5260 1332 5319 καὶ
1364 5260 1461 5314 επὶ
1505 5261 1629 5332 γῆς.
1667 5282 1687 5315 ι
1730 5263 1893 5318 Ἀλλὰ

295 5350 573 5406 δείκνυται
620 5350 716 5403 καὶ
760 5349 892 5421 πρὶν
946 5350 1098 5421 αὐτῷ
1148 5352 1519 5426 παραδοθῆναι
1566 5356 1638 5409 τὰ
1689 5357 1890 5425 πάντα,

298 5442 522 5497 πάντων
554 5440 631 5495 ὢν
665 5441 892 5515 Κύριος.
928 5442 1127 5513 Γέγονε
1160 5445 1268 5517 γὰρ
1296 5445 1367 5499 τὰ
1404 5447 1583 5502 πάντα
1610 5449 1677 5503 δι’
1700 5450 1888 5519 αὐτοῦ,

296 5534 395 5588 καὶ
434 5534 465 5587 6
514 5533 820 5607 Ψαλμῳδδς
872 5534 930 5589 δὲ
974 5535 1137 5589 δοῦλα
1185 5536 1281 5590 τοῦ
1322 5541 1685 5611 πεποιηκότος
1737 5541 1893 5604 εἰδὼς

296 5622 443 5678 αὐτὰ
475 5622 646 5691 λέγει,
687 5624 769 5679 ὅτι
802 5642 823 5677 ι
854 5624 936 5679 Τὰ
978 5625 1267 5697 σύμπαντα
1312 5628 1474 5683 δοῦλα
1522 5631 1610 5686 σά.
1656 5650 1675 5684 ι
1712 5632 1891 5687 Λίτῶν

294 5715 357 5769 δὲ
377 5714 535 5779 ἃςξαν
562 5716 833 5786 φαίνεται,
865 5717 1043 5772 καίτοι
1069 5718 1168 5788 τῆς
1195 5720 1352 5792 δόξης
1375 5720 1451 5775 ὣν
1478 5724 1699 5794 Κύριος.
1735 5724 1891 5779 υῦτω

298 5804 412 5876 γὰρ
444 5807 474 5859 6
503 5804 715 5871 Παῦλος
747 5807 900 5877 ελεγε
946 5810 1072 5881 περί
1122 5827 1308 5877 τινων,
1335 5814 1530 5885 ὅτιπερ
1562 5832 1580 5866 ι
1627 5816 1692 5870 Εἰ
1725 5816 1891 5885 ἐγνω-

2219 4820 2386 4887 οειιε,
2444 4820 2661 4891 petiisse
2688 4832 2908 4892 propter
2935 4839 3031 4879 nos
3080 4820 3140 4879 ut
3178 4824 3359 4881 homo.

2070 4998 2325 5055 Christus
2347 4996 2551 5055 alicubi
2580 4998 2797 5070 inquit:
2832 5019 2851 5052 ι
2891 4999 3070 5071 Pater,
3113 5003 3354 5071 gloriﬂca
3388 5006 3583 5065 Filium

1996 5096 2146 5143 tuum
2178 5088 2243 5141 “.
2282 5106 2302 5141 ι
2334 5087 2403 5144 Et
2432 5103 2664 5145 rursus:
2700 5107 2722 5143 ι
2758 5088 2953 5146 Omnia
3003 5093 3135 5149 mihi
3165 5098 3365 5151 tradita
3396 5110 3523 5155 sunt
3555 5117 3585 5155 a

1992 5179 2158 5235 Patre
2193 5180 2259 5232 ι’.
2301 5198 2320 5232 ι
2376 5180 2444 5235 Et
2496 5190 2624 5250 post
2672 5184 3133 5241 resurrectionem
3175 5204 3189 5241 :
3249 5206 3268 5241 ε
3322 5189 3457 5245 Data
3505 5203 3589 5247 est

1991 5272 2137 5327 mihi
2186 5280 2431 5343 potestas
2478 5272 2620 5329 etin
2671 5274 2815 5330 creto
2850 5276 2984 5331 etin
3032 5284 3180 5333 terra
3236 5280 3301 5335 ".
3362 5299 3382 5334 ι
3422 5283 3584 5353 Atqui

1991 5365 2155 5420 etiam
2199 5375 2490 5436 antequam
2547 5366 2625 5422 illi
2670 5369 3021 5425 traderentur
3057 5372 3279 5439 omnia,
3339 5378 3584 5431 omnium

1996 5454 2257 5513 Dominus
2285 5467 2422 5512 erat.
2456 5456 2651 5514 Omnia
2676 5460 2822 5515 enim
2848 5474 2947 5530 per
2978 5462 3157 5533 ipsum
3189 5463 3331 5519 facta
3361 5480 3489 5522 sunt
3518 5471 3585 5536 ",

1993 5554 2047 5599 et
2075 5544 2364 5601 Psalmista
2384 5548 2567 5602 sciens
2588 5548 2772 5603 omnia
2798 5562 2921 5605 esse
2948 5565 3109 5606 serva
3127 5551 3431 5621 Creatoris,
3469 5556 3581 5611 ait:

2001 5656 2020 5689 ι
2058 5636 2253 5692 Omnia
2287 5638 2535 5693 serviunt
2561 5638 2657 5694 tibi
2696 5638 2761 5693 ".
2798 5658 2817 5691 ›
2854 5638 2991 5695 Cum
3021 5654 3153 5698 vero
3177 5643 3407 5714 gloriam
3426 5648 3586 5716 petit,

1993 5728 2178 5798 gloriae
2204 5729 2464 5784 Dominus
2496 5744 2619 5786 esse
2646 5731 2914 5789 cernitur.
2968 5731 3047 5787 ita
3094 5736 3241 5790 enim
3276 5734 3479 5793 Paulus
3519 5739 3588 5792 de

1994 5820 2316 5890 quibusdam
2363 5821 2523 5888 dixit,
2610 5822 2755 5893 quod
2816 5841 2835 5875 ι
2887 5822 2935 5880 si
2991 5826 3397 5897 cognovissent,
3477 5842 3584 5885 non

377 5961 421 5996 υ
451 5959 608 6022 Joan.
640 5979 779 6038 xvu,
812 5965 863 6023 l.
942 5968 987 6002 ι’
1015 5966 1206 6029 Matth.
1240 5984 1312 6042 ιι,
1342 5970 1433 6027 27.
1516 5972 1558 6005 ”
1585 5970 1780 6029 Matth.
1811 5988 2006 6045 nrtu,
2043 5975 2129 6035 18.
2210 5977 2252 6010 ⁸⁵
2292 5975 2451 6039 Joan.
2481 5978 2593 6048 ηδ.
2674 5977 2716 6013 ’³
2744 5979 2889 6043 Psal.
2923 5995 3116 6051 cum,
3157 5982 3246 6040 οι.
