4032 6448
468 453 566 511 3M

1486 438 1548 495 S.
1588 434 1863 495 CYRILLI
1905 426 2378 491 ΑιειΑιιοιιιΝι
2417 422 2731 481 ABCHIEP.

3616 420 3729 475 592

469 565 865 626 existimamus,
906 556 1029 611 lleat
1075 562 1131 611 ut
1179 554 1363 617 homo,
1397 551 1691 619 timeatque
1726 559 1778 603 et
1816 553 2042 601 mortem

2163 539 2236 591 ιοῦ
2268 538 2365 600 τὰς
2388 533 2638 595 τοιαύτας
2672 532 2921 603 είρῆσθαι
2948 528 3276 599 πιστεύομεν
3307 527 3512 597 φωνάς,
3547 530 3729 583 κλαιέ·

474 661 822 728 expavescat,
857 650 1059 717 liatque
1094 647 1266 701 tristis
1304 654 1360 700 et
1394 644 1661 703 turbetur,
1692 641 1903 709 aliaque
1928 653 2043 691 om-

2146 648 2225 683 τω
2274 630 2371 699 μέν
2444 629 2518 688 ὡς
2571 624 2892 695 ἄνθρωπος,
2952 624 3044 676 καὶ
3092 622 3365 691 φοϐείσθω
3420 622 3583 703 πάλιν
3634 624 3732 675 καὶ

592 746 851 817 patiatur,
887 714 1004 811 qui:
1029 750 1085 794 et
1122 739 1237 808 ipsa
1268 737 1503 791 humana
1532 744 1723 787 natura
1748 732 1853 799 pati
1892 728 2043 783 solct.

2163 720 2398 791 isthdrtq
2439 718 2529 771 τὸν
2572 716 2825 779 θάνατον,
2870 716 2963 769 καὶ
3003 714 3235 783 γινέσθω
3272 714 3589 784 περίλυπος.
3636 718 3734 767 καὶ

473 841 529 896 Si
572 851 699 891 vero
728 838 865 891 Deus
890 836 950 893 in
976 846 1140 887 carne
1177 839 1316 894 erat,
1347 839 1399 880 ct
1425 824 1643 895 quidem
1681 832 1819 887 erat,
1852 830 1905 875 et
1942 835 2045 874 non

473 933 651 993 aliter,
674 943 835 999 quem
868 927 1052 980 timeat
1082 920 1259 977 Deus?
1296 919 1352 973 Si
1388 933 1510 973 vere
1538 917 1669 972 dicit
1696 932 1708 968 :
1739 932 1757 965 ι
1787 913 1897 983 Ego
1930 926 2046 965 sum

476 1024 585 1077 vita
612 1024 679 1086 ⁸⁸,
712 1040 731 1073 s
765 1017 1039 1089 quomodo
1073 1022 1301 1069 mortem
1354 1012 1505 1064 timet
1548 1008 1695 1061 vita?
1743 1006 1800 1061 Si
1841 1005 1975 1059 alios
2017 1017 2048 1057 a

478 1123 649 1169 morte
686 1108 1049 1171 conservavit,
1101 1104 1369 1175 quomodo
1412 1103 1529 1171 ipse
1573 1099 1748 1151 timuit
1785 1093 2049 1151 mortem?

478 1204 758 1271 Quomodo
805 1201 996 1255 timeat
1037 1206 1289 1258 mortem,
1323 1192 1415 1262 qui
1455 1186 1746 1257 discipulos
1794 1188 1859 1240 ad
1892 1184 2048 1239 forti-

481 1295 742 1357 tudinem,
794 1290 1097 1358 mortisque
1154 1292 1520 1352 contemptum
1573 1281 1908 1341 cohortatur,
1965 1276 2047 1329 di-

479 1403 608 1445 cens
648 1406 660 1440 :
700 1405 718 1439 s
756 1385 935 1440 Nolite
985 1385 1176 1437 timere
1224 1394 1319 1435 eos
1373 1378 1465 1448 qui
1514 1376 1769 1431 occidunt
1814 1384 2047 1439 corpus,

480 1480 719 1535 animam
748 1486 927 1531 autem
958 1489 1061 1529 non
1088 1480 1309 1543 possunt
1340 1469 1592 1524 occidere
1613 1464 1693 1517 “?
1723 1483 1743 1515 s
1772 1460 2052 1529 Quomodo

481 1573 597 1641 ipse
648 1570 749 1625 hoc
802 1569 1029 1631 timeat,
1082 1565 1127 1620 si
1170 1564 1405 1617 Abrahae
1445 1560 1687 1613 animum
1738 1557 1921 1619 addit,
1970 1553 2051 1607 di-

482 1680 611 1722 cens
642 1682 655 1717 :
690 1682 709 1715 »
744 1661 821 1715 Ne
854 1652 1066 1724 timeas,
1110 1657 1240 1727 quia
1266 1665 1441 1709 tecum
1477 1667 1596 1707 sum
1614 1652 1681 1703 ".
1718 1668 1736 1701 ι
1772 1648 1827 1703 Si
1870 1646 2050 1701 Mosen

484 1757 744 1811 adversus
776 1751 1118 1806 Pharaonem
1175 1744 1440 1809 incitavit,
1488 1752 1539 1797 et
1585 1741 1651 1795 ad
1696 1738 1861 1793 Josue
1910 1735 2055 1790 Nave

486 1848 654 1902 lilium
687 1845 820 1899 dicit
851 1863 864 1898 :
898 1861 916 1894 ι
951 1840 1273 1897 Conl’ortare
1300 1847 1356 1891 et
1397 1833 1626 1889 viriliter
1656 1846 1753 1902 age
1777 1830 1842 1895 ³³,
1877 1847 1895 1879 ι
1927 1842 2055 1897 quo-

484 1940 642 1993 modo
672 1938 725 1991 in
758 1935 906 1990 illum
948 1941 1126 1988 metus
1164 1931 1341 1993 cadat,
1380 1938 1471 1982 aut
1493 1942 1600 1997 quo
1624 1933 1779 1997 pacto
1808 1923 2056 1976 homines

485 2028 684 2091 timuit,
721 2024 810 2094 qui
862 2024 996 2077 alios
1030 2022 1095 2075 ad
1144 2018 1507 2088 abjicieudum
1544 2024 1745 2069 metum
1786 2013 2054 2074 hortatur,

484 2115 721 2185 facitque
774 2122 833 2167 ut
871 2111 1109 2167 clament
1143 2127 1155 2161 :
1192 2127 1210 2159 ι
1244 2106 1502 2162 Dominus
1548 2104 1680 2158 mibi
1724 2102 1957 2170 adiutor,
2003 2109 2059 2154 et

485 2222 594 2263 non
641 2205 841 2260 timebo
869 2202 999 2273 quid
1032 2200 1193 2255 faciat
1232 2198 1363 2251 mihi
1422 2197 1584 2251 homo
1609 2193 1694 2245 ὀἳ
1723 2213 1741 2245 ι
1778 2193 2059 2259 Quomodo

486 2299 534 2355 is
571 2298 660 2368 qui
695 2298 760 2351 ad
794 2296 895 2351 hoc
936 2294 1102 2357 venit,
1134 2300 1190 2345 ut
1231 2300 1457 2345 mortem
1512 2287 1813 2350 interimat,
1846 2285 1959 2355 ipse
1996 2285 2061 2337 ti-

486 2396 633 2443 meat
696 2386 749 2441 id
799 2393 985 2439 contra
1034 2382 1176 2453 quod
1228 2374 1412 2434 venit?
1468 2377 1576 2431 Aut
1636 2375 1905 2446 quomodo
1954 2388 2059 2428 non

484 2490 742 2537 extrema
794 2473 1087 2545 impietatis
1132 2470 1298 2526 fuerit
1345 2472 1547 2535 dicere,
1602 2470 1773 2538 ipsum
1818 2468 2062 2522 timuisse

488 2571 785 2633 infernum,
850 2566 1003 2637 cujus
1054 2564 1308 2619 custodes
1365 2564 1431 2616 ad
1487 2560 1659 2631 ipsius
1712 2568 2059 2628 conspectuin

487 2662 830 2734 expaverint,
887 2657 1254 2725 reseratisque
1300 2654 1492 2725 portis,
1553 2652 1777 2723 spiritus
1826 2650 2064 2707 inclusos

488 2756 831 2818 dimiserunt,
862 2750 1026 2821 230
1087 2750 1221 2805 adeo
1251 2757 1308 2802 ut
1352 2746 1502 2801 multi
1537 2756 1848 2800 sanctorum
1884 2758 2064 2797 resur-

490 2847 753 2910 rexerint,
787 2846 1086 2913 urbemque
1132 2840 1383 2911 ingressi,
1429 2848 1485 2893 ut
1521 2838 1779 2906 scriptum
1829 2844 1912 2890 est
1936 2834 2002 2898 δ’,
2034 2849 2064 2888 a

493 2937 678 2995 multis
712 2937 811 2991 visi
835 2935 984 2990 sint?
1015 2933 1295 3000 Quomodo
1331 2931 1508 2985 timuit
1530 2938 1785 2993 mortem,
1812 2928 1903 2996 qui
1940 2927 2065 2980 dum

489 3037 846 3103 quareretur,
891 3026 1027 3081 dixit
1071 3026 1153 3081 eis
1207 3024 1301 3093 qui
1357 3022 1425 3077 ad
1468 3022 1648 3092 ipsum
1710 3020 2065 3089 comprehen-

491 3122 723 3178 dendum
759 3126 1105 3174 accesserant
1134 3134 1147 3170 :
1186 3132 1204 3166 ι
1237 3114 1347 3186 Ego
1377 3129 1494 3169 sum
1518 3112 1603 3165 ⁶¹τ
1635 3132 1654 3165 s
1691 3112 1967 3179 QuOmodo
2001 3111 2067 3165 ti-

2148 812 2519 884 ταραττέσθω,
2574 811 2667 862 καὶ
2714 810 2813 863 ὅσα
2867 808 3110 876 πέφυκεν
3153 808 3187 876 ἡ
3224 806 3516 877 ἀνθρώπου
3568 806 3734 874 φύσις

2150 903 2462 974 ὑπομένειν,
2491 900 2668 955 ταῦτα
2695 899 2787 952 καὶ
2818 899 2997 961 αὑτός.
3028 898 3090 951 El
3114 897 3169 951 δέ
3201 897 3334 961 Θεὸς
3360 894 3429 969 ἦν
3458 900 3515 951 ἐν
3548 900 3732 970 σαρκὶ,

2148 991 2217 1065 ἦν
2248 995 2301 1048 δέ
2328 994 2505 1057 τοῦτο,
2542 994 2633 1045 καὶ
2664 991 2761 1061 οὐχ
2788 990 3010 1061 ἑτέρως,
3042 988 3161 1044 τίνα
3189 989 3436 1058 φοϐεῖται
3466 989 3636 1054 Θεός;
3673 988 3734 1041 El

2149 1086 2353 1157 ἀληθὴς
2384 1082 2451 1157 ἧν
2481 1087 2683 1153 λέγων,
2724 1104 2740 1136 t
2786 1083 2927 1153 Ἐγώ
2967 1085 3081 1154 ειμι
3122 1085 3154 1153 ή
3186 1081 3391 1152 ζωὴβ»
3434 1080 3579 1134 κατά
3615 1080 3733 1132 τίνα

2150 1182 2350 1250 τρόπον
2390 1179 2635 1247 φοϐεῖται
2684 1180 2775 1232 τὸν
2808 1178 3038 1231 θάνατον
3078 1177 3110 1246 ἡ
3148 1176 3297 1245 (toﬁ;
3349 1176 3412 1227 Ei
3447 1174 3641 1236 ἀλλους
3672 1176 3735 1225 ὲκ

2152 1270 2382 1323 θανάτου
2412 1271 2655 1334 διέσωσε,
2680 1269 2794 1332 πῶς
2815 1268 2868 1321 δὲ
2897 1267 3059 1330 αὐτὸς
3090 1266 3335 1335 ἐφοϐεῖτο
3359 1264 3451 1318 τὸν
3479 1264 3732 1325 θάνατον,

2150 1366 2179 1417 ό
2210 1365 2335 1425 τοὺς
2375 1362 2621 1432 μαθητάς
2671 1361 2978 1430 ἐπαλείφων
3028 1361 3107 1423 είς
3160 1358 3416 1429 φρόνημα
3462 1357 3732 1419 νεανικὸν,

2152 1452 2246 1505 καὶ
2276 1452 2450 1519 λέγων
2472 1466 2483 1478 ·
2531 1470 2548 1501 s
2591 1452 2684 1520 Μὴ
2717 1448 2966 1519 φοϐεῖσθε
2997 1448 3107 1502 ἀπὸ
3149 1448 3257 1500 τῶν
3302 1446 3734 1500 ἀποκτεινόντων

2152 1539 2213 1593 τὸ
2238 1539 2419 1610 σῶμα,
2450 1539 2546 1610 τὴν
2574 1539 2631 1592 δέ
2660 1538 2837 1608 ψυχὴν
2873 1536 2949 1608 μὴ
2976 1536 3289 1605 δυναμένων
3330 1540 3682 1599 ἀποκτεῖναις
3712 1556 3729 1586 ι

2154 1632 2277 1694 Πῶς
2308 1632 2374 1684 ἂν
2404 1632 2561 1693 αὐτὸς
2584 1630 2832 1700 ἐφοϐεῖτο
2862 1630 3019 1682 τοῦτο
3043 1628 3253 1693 παθεῖν,
3278 1628 3439 1681 είτὸν
3480 1628 3736 1698 ’Δϐραὰμ

2155 1723 2588 1794 παραθαρσύνει,
2644 1722 2859 1789 λέγων·
2909 1740 2927 1773 ι
2977 1722 3067 1792 Μὴ
3097 1718 3283 1790 φοϐοῦ,
3326 1720 3405 1773 ὅτι
3448 1721 3587 1790 μετὰ
3640 1719 3735 1772 σοῦ

2156 1819 2309 1888 είμι;
2350 1836 2367 1868 s
2419 1817 2478 1869 El
2510 1816 2713 1869 Μωσέα
2753 1814 3077 1886 γοργότερον
3108 1814 3280 1867 ἐποίει
3324 1813 3463 1866 κατά
3506 1812 3599 1865 τοῦ
3631 1814 3737 1865 0a-

2163 1908 2297 1979 ραὼ,
2328 1908 2421 1961 καὶ
2450 1907 2584 1977 πρὸς
2624 1905 2827 1974 Ἰησοῦν
2849 1906 2940 1958 τὸν
2965 1903 3058 1957 τοῦ
3093 1904 3243 1971 Ναυῆ
3268 1902 3453 1970 λέγει·
3494 1921 3512 1952 ι
3553 1903 3735 1972 ’ἰσχυε

2161 2001 2253 2054 καὶ
2290 1998 2561 2069 ἀνδρίζου,
2605 2016 2623 2049 ι
2659 1997 2773 2060 πῶς
2811 1997 2971 2059 αὐτὸς
2992 1994 3191 2058 δειλίας
3220 1996 3371 2048 ἔσται
3401 1995 3672 2058 δεκτικὸς,
3702 1996 3735 2064 ἢ

2163 2088 2278 2151 πῶς
2309 2086 2629 2157 ἀνθρώπους
2664 2086 2927 2157 ἐφοϐήθη,
2956 2088 2983 2137 ὁ
3022 2085 3201 2149 ἄλλοις
3247 2085 3631 2155 συμϐουλεύων
3661 2090 3736 2149 είς

2162 2180 2221 2233 τὸ
2253 2178 2327 2249 μὴ
2365 2177 2670 2248 φοϐεῖσθαι,
2721 2177 2812 2230 καὶ
2855 2176 3055 2229 πείθων
3100 2176 3262 2247 βοᾷψ
3301 2196 3319 2228 ι
3365 2176 3571 2248 Κύριος
3615 2178 3741 2247 ἐμοὶ

2163 2271 2375 2343 βοηθὸς,
2410 2272 2468 2323 οὑ
2504 2269 2883 2339 φοϐηθήσομαι
2921 2267 2973 2320 τί
3006 2269 3222 2338 ποιήσει
3254 2286 3343 2338 μοι
3366 2268 3684 2339 ἀνθρωπος;
3714 2288 3733 2319 s

2163 2363 2286 2427 Πῶς
2316 2364 2372 2417 δέ
2400 2366 2427 2416 ό
2461 2364 2540 2427 είς
2569 2361 2727 2415 τοῦτο
2756 2360 3059 2433 παρελθὼν,
3093 2362 3183 2415 ῖνα
3222 2363 3316 2415 τὸν
3355 2362 3586 2415 θάνατον
3609 2364 3743 2415 ἀπο-

2163 2455 2370 2526 κτείνῃ.
2423 2454 2585 2518 αὐτὸς
2632 2452 2884 2523 ἐφοϐεῖτο
2914 2454 3005 2507 τὸν
3054 2454 3175 2507 καθ’
3216 2449 3277 2509 οὗ
3327 2457 3739 2526 παραγέγονεν;

2168 2547 2237 2600 ’Ἠ
2268 2546 2385 2609 πῶς
2409 2546 2470 2599 οὐ
2500 2546 2680 2616 πάσης
2706 2546 2961 2599 ἐπέκεινα
2987 2546 3307 2611 δυσσεϐείας
3340 2549 3457 2601 ἐστὶ
3476 2548 3538 2601 τὸ
3566 2548 3743 2615 λέγειν

2164 2637 2445 2707 φοϐεῖσθαι
2478 2638 2568 2692 τὸν
2600 2638 2753 2708 ᾅδην,
2785 2637 2843 2690 ὃν
2876 2638 2927 2689 οῖ
2967 2638 3157 2691 τούτου
3184 2638 3426 2710 πυλωροὶ
3462 2642 3554 2694 καὶ
3584 2640 3743 2709 μόνον

2170 2728 2367 2791 ἰδόντες
2399 2726 2767 2797 κατέπτηξαν,
2822 2726 2915 2779 καὶ
2952 2726 3049 2789 τάς
3091 2727 3368 2794 ἀφύκτους
3409 2730 3746 2791 πετάσαντες

2168 2817 2363 2881 πύλας,
2414 2819 2633 2889 ἀφῆκαν
2679 2818 2746 2871 τά
2783 2819 3272 2872 ἐναποκλεισθέντα
3324 2820 3631 2891 πνεύματα,
3671 2821 3745 2884 ὡς

2166 2908 2462 2978 ἀναστῆναι
2493 2908 2602 2962 τῶν
2631 2909 2804 2978 ἁγίων
2839 2910 3084 2975 πολλοὺς,
3120 2910 3213 2963 καὶ
3252 2910 3514 2964 εἰσελθεῖν
3542 2914 3619 2975 είς
3649 2912 3748 2982 τὴν

2168 3000 2343 3065 πόλιν,
2372 3000 2514 3053 καθά
2545 3002 2876 3072 γέγραπται,
2905 3003 2997 3055 καὶ
3032 3002 3265 3071 ὀφθῆναί
3293 3019 3435 3068 τισι;
3468 3003 3593 3067 Πῶς
3621 3006 3746 3075 ἐφο-

2170 3090 2321 3145 ϐεῖτο
2361 3092 2451 3146 τὸν
2494 3092 2722 3146 θάνατον
2753 3095 2782 3147 ὁ
2832 3095 2889 3147 ἐν
2939 3093 3015 3165 τῷ
3061 3092 3337 3165 ζητεῖσθαι
3385 3095 3563 3163 λέγων
3612 3096 3747 3166 πρὸς

491 3212 626 3268 muit
680 3219 907 3265 mortem
956 3208 1047 3278 qui
1091 3206 1224 3261 dicit
1265 3183 1329 3259 εἰ
1364 3204 1472 3276 Ego
1514 3210 1837 3274 potestatem
1894 3202 2058 3258 habeo

2169 3183 2295 3247 τοὺς
2354 3184 2796 3255 παραγεγονότας
2842 3185 3004 3239 αὐτὸν
3069 3186 3470 3242 συλλαϐέσθαι⁹
3519 3210 3539 3241 s
3609 3188 3748 3257 Ἐγὼ

483 3299 802 3357 dimittendi
827 3298 1063 3355 animam
1089 3312 1285 3362 meam,
1316 3305 1371 3349 ct
1401 3310 1591 3349 rursus
1618 3302 1941 3363 potestatem
1970 3294 2065 3347 lia-

492 3392 599 3448 bco
647 3388 945 3460 accipiendi
1007 3402 1162 3453 eam;
1203 3405 1222 3437 ι
1272 3396 1329 3440 et
1397 3404 1416 3437 ι
1474 3387 1656 3440 nullus
1702 3386 1896 3455 eripiet
1946 3400 2068 3439 eam

495 3480 657 3547 mibi,
701 3480 796 3535 sed
842 3492 941 3547 ego
972 3477 1186 3546 depono
1227 3489 1343 3528 eam
1378 3490 1405 3528 a
1441 3475 1648 3542 meipso
1671 3472 1749 3524 ⁸ίῖ
1777 3492 1795 3523 ι
1836 3470 2069 3525 Verbum

498 3572 682 3641 itaque
706 3568 798 3623 Dei
830 3567 886 3621 in
929 3581 988 3621 se
1026 3574 1254 3620 mortem
1296 3578 1402 3617 non
1442 3562 1657 3626 timuit;
1695 3560 1790 3615 sed
1823 3558 2069 3614 humani-

497 3671 582 3719 tas
609 3676 728 3733 qua:
760 3675 856 3717 sua
894 3666 1092 3714 natura
1126 3665 1353 3712 mortem
1381 3653 1719 3710 reformidat.

1010 3939 1245 4007 ALIUD,
1272 3947 1554 3993 narrante.

577 4033 955 4091 Necessarium
985 4032 1148 4103 plane
1192 4037 1299 4094 est,
1345 4038 1406 4085 ut
1449 4029 1542 4097 qui
1592 4035 1738 4083 recte
1780 4026 2076 4098 intelligere

505 4126 634 4182 velit
654 4140 776 4195 qua:
804 4126 871 4179 de
894 4123 1185 4178 Servatore
1218 4128 1407 4176 nostro
1433 4120 1486 4174 in
1514 4134 1663 4174 sacra
1687 4117 1962 4187 Scriptura
1993 4118 2076 4171 di-

2170 3275 2324 3342 είμι;
2382 3293 2400 3326 ι
2476 3275 2598 3338 Πῶς
2657 3275 2905 3343 ἐφοϐεῖτο
2964 3276 3056 3329 τὸν
3110 3277 3338 3335 θάνατον
3414 3282 3444 3333 ό
3510 3280 3685 3349 λέγων
3734 3300 3747 3313 ·

2173 3386 2192 3419 s
2246 3368 2525 3435 Ἐξουο-ίαν
2573 3370 2682 3439 ἔχω
2719 3370 2892 3423 θεῖναι
2931 3372 3031 3443 τὴν
3080 3373 3257 3445 ψυχήν
3300 3392 3401 3445 μου
3447 3377 3537 3431 καὶ
3590 3378 3750 3432 πάλιν

2171 3460 2418 3526 ἐξουσίαν
2466 3459 2575 3529 ἔχω
2627 3460 2811 3515 λαϐεῖν
2836 3462 3007 3533 αὑτήν
3030 3479 3043 3493 ·
3090 3482 3108 3516 s
3145 3464 3241 3517 καὶ
3274 3482 3288 3494 ·
3329 3484 3349 3518 ι
3386 3467 3577 3532 Οὐδεὶς
3610 3470 3749 3541 αῖρει

2171 3551 2342 3621 αὐτὴν
2376 3552 2470 3604 ἀπ’
2517 3551 2673 3618 ἐμοῦ,
2716 3553 2831 3606 ἀλλ’
2871 3554 2982 3623 ἐγὼ
3024 3555 3216 3627 τίθημι
3246 3557 3414 3629 αὐτὴν
3451 3560 3546 3613 ἀπ’
3578 3563 3748 3632 ἐμαυ-

2171 3641 2300 3707 τοῦ;
2344 3660 2362 3694 ι
2400 3644 2513 3696 Οὐκ
2542 3639 2610 3715 ἦν
2635 3640 2730 3698 οῦν
2764 3644 2871 3715 ἀρα
2911 3645 3033 3699 καθ’
3066 3648 3259 3702 ἑαυτὸν
3286 3651 3315 3703 ό
3341 3650 3437 3703 τοῦ
3483 3651 3620 3706 Θεοῦ
3650 3653 3750 3706 Λό-

2171 3749 2267 3798 γος
2296 3734 2324 3784 ὁ
2356 3732 2446 3785 τὸν
2476 3732 2704 3787 θάνατον
2748 3734 3098 3807 ὑποπτήξας·
3129 3737 3246 3792 ἀλλ’
3290 3735 3360 3811 ἦν
3406 3744 3465 3795 ἐν
3510 3742 3659 3814 αύτῷ
3694 3742 3753 3797 τὸ

2174 3818 2513 3891 ἀνθρώπινον
2546 3825 2786 3893 πεφυκὸς
2812 3824 2971 3879 τοῦτο
2997 3829 3226 3898 πάσχειν
3252 3829 3359 3886 ἀεί.

2614 3934 2821 4001 ΑΛΛΟ,
2855 3934 3312 4005 διηγηματικῶς.

2260 4020 2497 4092 Ἀνάγκη
2548 4024 2697 4077 πᾶσα
2747 4025 2872 4089 τοὺς
2924 4025 3098 4094 ὀρθῶς
3153 4026 3438 4093 ἐθέλοντας
3503 4034 3641 4085 νοεῖν
3686 4032 3752 4086 τὰ

2178 4113 2331 4184 παρὰ
2362 4116 2483 4177 ταῖς
2511 4113 2686 4178 θείαις
2717 4116 2983 4187 εἰρημένα
3005 4117 3248 4189 Γραφαῖς
3290 4122 3419 4193 περὶ
3444 4122 3542 4176 τοῦ
3574 4123 3751 4192 Σωτῆ-

504 4226 724 4283 cuntur,
768 4217 1111 4272 occasionem
1157 4213 1334 4283 ipsam
1381 4217 1595 4282 spectet
1639 4220 1695 4265 et
1738 4220 1977 4281 tempora
2024 4209 2058 4262 it

2182 4220 2270 4274 ρος
2311 4206 2469 4275 ἡμῶν
2514 4205 2778 4275 Χριστοῦ,
2814 4208 2905 4261 τὸν
2953 4208 3142 4280 καιρὸν
3186 4210 3455 4277 ἐξετάζειν
3496 4213 3590 4267 καὶ
3630 4217 3753 4277 τοὺς

502 4309 719 4381 quibus,
760 4316 857 4363 aut
886 4308 1004 4377 ipse
1030 4306 1097 4362 de
1129 4320 1210 4372 se,
1251 4312 1347 4359 aut
1378 4318 1532 4360 sacra
1566 4299 1843 4375 Scriptura
1878 4301 2058 4372 aliquit

2178 4296 2403 4368 χρόνους
2451 4296 2573 4349 καθ’
2605 4297 2699 4361 οὒς
2748 4299 2780 4369 ἢ
2831 4299 2991 4363 αὐτὸς
3033 4300 3269 4371 εἰρηκώς
3316 4319 3369 4355 τι
3405 4304 3532 4375 περὶ
3556 4305 3752 4359 ἑαυτοῦ

508 4406 577 4460 de
622 4418 687 4459 eo
720 4402 878 4458 dixit.
922 4399 978 4455 Si
1012 4415 1147 4471 ergo
1183 4398 1423 4455 Verbum
1458 4396 1553 4453 Dei
1599 4407 1889 4466 antequam
1930 4396 2057 4451 ﬂere

2181 4386 2449 4457 φαίνεται,
2484 4387 2517 4459 ἢ
2548 4390 2604 4442 αί
2630 4389 2770 4444 θεῖαι
2798 4390 3015 4462 Γραφαὶ
3048 4394 3176 4464 περὶ
3220 4394 3405 4449 αὐτοῦ.
3440 4397 3506 4449 El
3540 4396 3640 4467 μὲν
3663 4392 3756 4451 οῦν

508 4510 659 4559 caro,
706 4508 942 4563 unquam
973 4492 1059 4547 vel
1108 4489 1377 4554 ﬂoruisse,
1411 4489 1497 4545 vel
1534 4496 1765 4544 mortem
1816 4485 2056 4540 timuisse

2182 4480 2309 4553 πρὶν
2362 4480 2585 4551 γένηται
2634 4480 2775 4553 σὰρξ
2814 4484 2843 4536 ό
2880 4481 2973 4536 τοῦ
3015 4483 3150 4538 Θεοῦ
3199 4485 3393 4554 Λόγος,
3433 4487 3466 4557 ἢ
3516 4487 3756 4554 κλαύσας

515 4595 606 4643 aut
638 4585 781 4639 aliud
801 4560 1096 4654 quidpiam
1132 4582 1433 4636 humanum
1468 4594 1687 4650 passum
1728 4577 1894 4632 fuisse
1929 4592 2058 4647 repet

2184 4572 2375 4643 ὁρᾶται
2396 4570 2637 4637 πώποτε,
2674 4572 2707 4644 ἢ
2736 4572 2966 4629 θάνατον
2990 4575 3267 4647 φοϐηθεὶς,
3299 4578 3331 4647 ἢ
3358 4577 3546 4650 ἔτερόν
3576 4598 3629 4634 τι
3650 4582 3755 4636 τῶν

509 4676 672 4739 ritur,
697 4675 861 4728 etiam
887 4687 1033 4727 nunc
1062 4671 1150 4727 illa
1187 4670 1307 4741 ipsa
1337 4670 1516 4725 locum
1543 4670 1600 4724 in
1630 4682 1697 4723 eo
1721 4666 1975 4721 habeant.
2015 4666 2055 4719 Α

2180 4664 2534 4744 ἀνθρωπίνων
2578 4664 2904 4735 ὑπομείνας,
2949 4667 3219 4738 κρατείτω
3247 4670 3340 4722 καὶ
3367 4671 3460 4723 νῦν
3504 4671 3575 4726 τὰ
3605 4676 3754 4744 εἰρη-

511 4765 559 4822 si
597 4769 817 4835 quando
870 4762 1046 4818 factus
1104 4769 1191 4817 est
1236 4761 1420 4827 homo,
1474 4771 1584 4815 tum
1632 4758 1867 4829 primum
1914 4769 2058 4809 sacra

2185 4753 2321 4825 μένα
2349 4754 2478 4825 περὶ
2509 4753 2698 4809 αὑτοῦ.
2736 4755 2799 4807 Εἰ
2825 4755 2882 4808 δὲ
2906 4756 2997 4809 ὅτε
3036 4757 3259 4826 γέγονεν
3289 4759 3594 4831 ἄνθρωπος,
3639 4764 3756 4817 τότε

512 4854 808 4925 Scriptura:
836 4850 1103 4922 ejusmodi
1128 4852 1195 4907 de
1225 4866 1292 4907 eo
1317 4851 1574 4907 dixerunt
1602 4861 1737 4903 :cur
1768 4861 1877 4901 non
1902 4843 2058 4914 pOtiu

2183 4845 2276 4898 καὶ
2318 4845 2417 4909 τάς
2467 4847 2723 4909 τοιαύτας
2762 4846 2946 4916 φωνὰς
2990 4850 3117 4921 περὶ¹
3167 4850 3332 4904 αὐτοῦ
3376 4853 3665 4924 εἰρήκασιν
3703 4856 3756 4909 αἱ

514 4946 750 5001 humano
787 4959 939 4999 more
990 4942 1080 4997 illa
1111 4941 1255 4997 dicta
1300 4956 1423 4997 esse
1456 4940 1820 5006 censebimus,
1854 4946 1913 4994 ut
1942 4936 2058 4992 blas

2185 4938 2323 4991 θεῖαι
2350 4938 2586 5008 Γραφαὶ,
2614 4938 2668 4991 τί
2697 4938 2772 5009 μὴ
2802 4938 3003 5010 μᾶλλον
3034 4940 3390 5013 ἀνθρωπίνως
3418 4944 3671 5015 εἰρῆσθαι
3691 4946 3760 5000 τά

522 5035 635 5106 pbe
646 5036 767 5093 mia
794 5035 1006 5093 crimen
1031 5032 1395 5105 eﬂugiamus?

1178 5233 1406 5291 ALIUD.

896 5323 979 5379 Ea:
1016 5324 1301 5394 objections
1333 5326 1717 5380 hereticorum.

588 5416 689 5484 Qui
736 5417 906 5483 ﬂevit,
938 5418 1213 5487 inquiunt,
1252 5426 1309 5473 et
1356 5418 1606 5473 timorem
1657 5431 1719 5471 ac
1769 5413 2083 5470 mmstitiam

520 5511 785 5580 concepit,
835 5509 1106 5581 quomodo
1154 5510 1261 5565 erit
1308 5518 1502 5566 natura
1546 5507 1728 5565 Deus?
1771 5506 1899 5563 Hec
1938 5506 2081 5562 enim

522 5602 800 5657 hominum
834 5610 960 5657 sunt
988 5604 1222 5673 propria.

596 5773 981 5849 Ἡρη-ηιμ.
1016 5776 1068 5831 ϐο
1146 5777 1190 5809 ³⁸
1226 5770 1607 5849 malum.
1686 5780 1730 5810 ιτ
1765 5778 1905 5849 (ξω.
1940 5782 2083 5849 ιν,ι

554 5843 643 5913 52,
668 5843 753 5901 55.
829 5846 871 5879 δι
904 5845 1061 5903 Joan.
1091 5862 1240 5915 xvm,
1283 5846 1337 5902 ο.
1412 5849 1457 5881 δ’
1478 5847 1632 5907 Joan.
1664 5864 1720 5919 x,
1752 5847 1954 5919 17,18.

2179 5028 2405 5083 τοιαῦτα
2438 5030 2703 5100 φήσομεν,
2733 5030 2819 5085 ῖνα
2851 5032 2915 5085 τὸ
2952 5033 3019 5086 ἐκ
3047 5032 3145 5103 τῆς
3185 5032 3533 5106 βλασφημίας
3567 5036 3757 5107 διμφύ·

2183 5139 2369 5193 γωμεν
2400 5121 2566 5175 κακόν
2586 5139 2601 5183 ;

2876 5240 3079 5295 ΔΛΔΟ.

2372 5330 2469 5395 Ὠς
2497 5328 2567 5395 ἐξ
2604 5331 2964 5399 ἀντιθέσεως
3001 5332 3120 5388 τῶν
3154 5335 3590 5405 χριστομάχων.

2273 5420 2330 5474 '0
2377 5421 2635 5487 κλαύσας,
2680 5425 2835 5494 φασὶ,
2884 5427 2978 5478 καὶ
3026 5425 3304 5495 φοϐηθεὶς,
3332 5427 3427 5479 καὶ
3470 5427 3766 5497 περίλυπος

2190 5512 2448 5583 γεγονὼς,
2495 5515 2613 5579 πῶς
2654 5516 2807 5572 ἔσται
2860 5518 3020 5587 φύσει
3058 5518 3224 5583 Θεός;
3283 5517 3610 5588 ’Δνθρώπων
3662 5521 3768 5587 γὰρ

2195 5606 2303 5659 ίδια
2329 5606 2398 5659 τὰ
2424 5609 2664 5662 τοιαῦτα.

2191 5781 2232 5817 ⁸⁸
2261 5781 2424 5841 Josue
2458 5800 2496 5851 ι,
2531 5784 2584 5841 6.
2664 5788 2707 5820 ”
2741 5786 2886 5845 Psal.
2920 5803 3087 5859 csvu,
3129 5790 3183 5845 6.
3210 5790 3225 5805 ’
3296 5792 3341 5823 δ’
3384 5790 3577 5849 Matth.
3620 5803 3765 5859 xxxv,
