4032 6472
295 505 405 558 3395

797 628 948 696 Πρὸς
975 624 1151 681 τοῦτο
1182 626 1380 689 λύσις.

384 739 446 793 Ὅ
484 739 576 793 τὸν
627 737 876 808 Λάζαρον
920 737 1229 806 ἀναστήσας
1278 736 1343 788 ἐκ
1390 732 1642 804 νεκρῶν,
1693 737 1785 784 καὶ
1831 731 1892 782 τὸ

290 832 450 902 ὕδωρ
488 831 569 894 είς
596 825 737 882 οἶνον
770 828 1166 899 μεταποιήσας,
1211 833 1306 878 και
1332 824 1392 878 τὸ
1427 824 1644 894 βλέπειν
1671 821 1894 894 χαρισά-

295 933 468 987 μενος
507 921 584 991 τῷ
613 921 677 973 ὲκ
712 919 935 987 γενετῆς
975 915 1184 986 τυφλῷ,
1214 908 1458 986 εἰρηκώς
1485 931 1545 966 τε
1572 914 1653 966 ὅτι
1687 931 1705 963 ι
1751 909 1893 980 Ἐγὼ

295 1013 400 1064 καὶ
425 1013 453 1063 ὁ
491 1011 677 1083 Πατὴρ
709 1011 766 1065 ἓν
795 1011 982 1080 ἐσμεν,
1017 1027 1034 1061 ι
1071 1007 1189 1072 πῶς
1224 1004 1323 1060 οὐκ
1358 1006 1511 1060 ἔσται
1542 1004 1700 1073 φύσει
1726 1002 1889 1067 Θε6ς;

291 1104 570 1174 Θεότητος
607 1104 716 1174 γάρ
749 1102 885 1173 ἔργα
927 1099 1176 1171 φαίνεται
1202 1099 1272 1152 τά
1303 1099 1592 1169 γενόμενα.
1631 1096 1692 1149 El
1737 1095 1793 1149 δὲ
1827 1095 1892 1147 ὲκ

291 1194 413 1248 τῶν
443 1194 798 1267 ἀνθρωπίνως
819 1191 1122 1264 εἰρημένων
1147 1191 1181 1261 ἢ
1203 1206 1294 1244 και
1320 1188 1624 1260 γενομένων
1657 1186 1891 1241 σκανδα-

295 1269 540 1347 λίζεσθε,
568 1284 654 1338 διὰ
691 1283 846 1335 ποίαν
872 1282 1052 1335 αἰτίαν
1080 1280 1181 1333 οὐκ
1209 1279 1506 1350 ὠφελεῖσθε
1537 1279 1606 1332 δι’
1636 1277 1884 1341 ἐκείνων,

299 1379 410 1430 ὅσα
454 1378 547 1430 καὶ
577 1377 809 1445 ποιήσας
858 1374 951 1427 καὶ
993 1373 1234 1443 λαλήσας
1277 1370 1598 1442 Θεοπρεπῶς
1640 1368 1892 1440 εὑρίσκε-

299 1485 433 1533 ται;
487 1469 595 1521 Καὶ
643 1466 825 1530 πάλιν,
871 1466 917 1517 εἱ
947 1465 1013 1518 δι’
1045 1463 1268 1517 ἐκείνων
1317 1455 1397 1526 εἰς
1428 1461 1488 1514 τὸ
1525 1464 1664 1514 νοεῖν
1711 1477 1763 1512 τι
1799 1476 1891 1512 τα-

302 1557 491 1612 πεινὸν
531 1560 658 1629 περὶ
706 1558 799 1611 τοῦ
828 1557 954 1610 Υίοΰ
1003 1554 1098 1609 τοῦ
1129 1554 1263 1607 Θεοῦ
1297 1553 1672 1616 καταδαίνετε,
1721 1552 1774 1604 τί
1820 1551 1895 1621 μὴ

301 1649 396 1703 ειά
444 1649 650 1702 τούτων
689 1651 768 1711 είς
797 1649 857 1701 τὸ
890 1647 1102 1717 μεγάλα
1150 1647 1244 1700 καὶ
1277 1644 1458 1715 ὑψηλὰ
1498 1647 1635 1697 νοεῖν
1667 1642 1894 1697 ἀναϐαί-

305 1759 469 1807 νετε;
514 1743 571 1796 ’0
611 1740 718 1811 γὰρ
765 1742 948 1794 ὲκεῖνα
976 1740 1249 1802 ταπεινῶς
1290 1737 1525 1810 εἰρηκώς
1570 1754 1629 1789 τε
1663 1735 1757 1790 καὶ
1788 1754 1895 1790 πα-

308 1832 444 1898 θὼν,
476 1833 568 1887 καὶ
599 1833 768 1886 ταῦτα
807 1831 1046 1901 ὑψηλῶς,
1083 1832 1156 1894 ὡς
1191 1830 1347 1895 Θεὸς,
1383 1826 1505 1882 εἶπέ
1549 1846 1608 1881 τε
1657 1830 1751 1882 καὶ
1794 1829 1894 1881 πέ-

1721 498 2175 557 TIIESAURUS.
3482 479 3588 545 39-5

2489 611 2702 674 Salutio
2753 607 3082 686 objectionis.

2069 733 2169 801 Qui
2230 732 2496 788 Lazarum
2552 730 2843 787 suscitavit
2903 746 2934 786 e
2998 727 3227 784 mortuis
3251 727 3326 789 "’.
3385 737 3588 795 qutque

1997 841 2192 895 aquam
2229 825 2283 878 in
2319 824 2504 878 vinum
2529 823 2762 878 mutavit
2786 821 2853 884 “,
2887 833 3140 890 caecoque
3168 832 3234 872 an
3259 826 3382 872 ortu
3412 819 3586 871 visum

1999 916 2226 987 largitus
2262 925 2350 969 est
2373 915 2440 978 “,
2477 923 2534 969 et
2572 915 2664 983 qui
2709 913 2846 966 dixit
2879 929 2891 964 :
2935 929 2952 962 ι
2985 911 3098 980 Ego
3126 919 3179 964 et
3229 909 3388 963 Pater
3419 924 3586 962 unmn

1997 1007 2282 1070 sumus“;
2323 1026 2342 1058 ι
2379 1006 2650 1076 quomodo
2686 1020 2796 1058 non
2822 1005 2926 1057 erit
2954 1012 3147 1056 natura
3181 1000 3361 1055 Deus?
3398 1000 3588 1056 Divina

1996 1098 2145 1153 enim
2181 1099 2297 1153 haec
2329 1113 2498 1166 opera
2557 1105 2704 1152 sunt.
2748 1095 2804 1151 Si
2840 1110 2967 1150 vero
3010 1095 3073 1148 iis
3102 1111 3222 1154 quae
3274 1094 3589 1148 humanitus

1997 1189 2131 1243 dixit
2160 1200 2253 1244 aut
2284 1187 2437 1253 fecit,
2467 1187 2828 1263 oﬂendimin‘i,
2863 1200 3037 1256 quare
3075 1199 3186 1239 non
3215 1177 3479 1254 juvamitii
3519 1198 3586 1238 ex

1999 1281 2068 1336 iis
2112 1296 2233 1352 quae
2262 1280 2527 1336 divinitus
2573 1289 2626 1336 et
2675 1279 2806 1336 fecit
2858 1288 2912 1332 et
2961 1277 3172 1334 locutus
3204 1278 3325 1332 est?
3360 1278 3426 1332 Et
3464 1286 3587 1330 rur-

1996 1392 2112 1440 sus,
2157 1376 2202 1432 si
2241 1377 2330 1432 illa
2365 1391 2459 1432 vos
2509 1379 2575 1432 ad
2608 1375 2960 1444 COgitandum
3005 1381 3060 1428 et
3099 1372 3452 1428 statuemlum
3491 1370 3590 1425 ali-

1997 1469 2125 1539 quid
2170 1469 2374 1523 humile
2416 1469 2482 1524 de
2525 1468 2661 1523 Filio
2697 1468 2790 1522 Dei
2834 1466 3132 1535 abripiunt,
3188 1481 3285 1520 cur
3315 1479 3422 1518 non
3475 1463 3592 1519 lurc

2000 1576 2094 1616 vos
2132 1562 2198 1614 ad
2231 1576 2424 1632 magna
2453 1570 2508 1615 et
2535 1560 2788 1616 sublimia
2829 1558 3115 1629 cogitanda
3158 1559 3417 1627 erigunt?
3454 1556 3588 1610 Nam

1997 1652 2087 1721 qui
2117 1651 2205 1706 illa
2240 1641 2522 1706 humiliter
2556 1659 2610 1705 et
2628 1648 2776 1706 dixit
2805 1650 3134 1721 etpertulit.
3168 1650 3308 1703 idem
3343 1648 3460 1703 haec
3494 1664 3591 1702 su-

1979 1744 2147 1798 .blimi
2182 1745 2365 1809 modo,
2400 1753 2458 1798 ut
2505 1744 2668 1810 Deus,
2717 1753 2771 1797 et
2803 1744 2939 1797 dixit
2978 1753 3032 1796 et
3081 1741 3228 1796 fecit.
3265 1739 3589 1793 Humanitas

2000 1836 2181 1905 itaque
2243 1847 2298 1890 et
2336 1836 2573 1890 carnalis
2605 1837 2873 1891 adventus
2911 1833 3312 1889 αιιιιιὶηἰδιτιιιίο
3337 1831 3390 1886 in
3425 1847 3586 1886 causa

309 1941 546 1996 πραχεν.
581 1923 789 1978 Οὐκοῦν
819 1927 851 1993 ἡ
887 1924 985 1994 τῆς
1029 1923 1693 1992 ἐνανΘρωπήσεωςαΞτία,
1729 1921 1822 1973 καὶ
1858 1922 1891 1990 ἡ

2006 1929 2123 1992 fuit,
2178 1940 2234 1984 ut
2271 1930 2580 1985 necrssario
2625 1929 2787 1984 etiam
2839 1928 3100 1983 nonnulla
3149 1929 3388 1982 humano
3441 1939 3591 1979 more

309 2014 414 2084 τῆς
476 2014 741 2086 ὲνσάρκον
794 2013 1093 2084 παρουσίας
1143 2011 1459 2080 οἰκονομία,
1512 2011 1782 2081 πρόφασις
1825 2007 1893 2080 ἦν

310 2102 588 2170 ἀναγκαία
628 2101 718 2156 τοῦ
749 2101 1003 2169 γενέσθαι
1029 2100 1150 2154 τινὰ
1181 2101 1274 2153 καὶ
1307 2099 1644 2170 ἀνθρώπινα.

1000 2198 1205 2269 ᾹΛΛΟ.

393 2327 759 2394 Ἐξεταζέσθω
785 2328 884 2398 τῆς
914 2328 1181 2399 ὲνσάρκου
1205 2327 1506 2401 παρουσίας
1533 2327 1566 2398 ἡ
1593 2327 1893 2398 οἰκονομία,

308 2421 404 2474 καὶ
429 2421 530 2490 τῆς
559 2419 1020 2492 ὲνανθρωπήσεως
1049 2421 1078 2473 ὁ
1107 2420 1326 2491 τρόπος,
1359 2419 1452 2474 καὶ
1483 2421 1670 2493 πόρρω
1701 2420 1899 2482 παντὸς

306 2511 582 2565 ςιείσονται
605 2512 902 2566 σκανδάλου
927 2511 1071 2576 τινὲς
1097 2513 1205 2566 τῶν
1235 2512 1624 2584 ἀκροωμένων,
1648 2511 1748 2565 ὅσα
1769 2513 1898 2582 περὶ

305 2593 404 2654 τοῦ
463 2600 716 2673 Σωτῆρος
785 2601 1271 2674 ἀνθρωπινώτερον
1327 2603 1578 2671 λέγουσιν
1638 2604 1694 2657 αἱ
1758 2602 1897 2657 θεῖαι

305 2691 550 2761 Γραφαί.
585 2692 793 2757 Σκοπὸς
840 2694 1025 2746 τοίνυν
1077 2693 1153 2764 τῷ
1213 2693 1697 2764 ἐνανθρωπήσαντι
1739 2694 1898 2766 Λὸγῲ

306 2783 477 2849 δείξαι
515 2785 720 2854 σαφῶς,
745 2786 934 2859 ὅτιπερ
962 2785 1131 2849 ὄντως
1161 2785 1341 2857 σάρκα
1368 2786 1781 2856 περιεὸάλλετο,
1804 2790 1897 2842 καὶ

308 2874 530 2945 γέγονεν
560 2875 866 2946 ἄνθρωπος.
898 2877 998 2930 οὐκ
1044 2877 1336 2932 ἀποϐαλὼν
1375 2879 1436 2932 τὸ
1468 2874 1606 2934 εἶναι
1638 2879 1769 2945 Θεὸς
1797 2882 1899 2934 Λό-

307 2985 406 3037 γος
450 2969 554 3037 (οὐ
589 2969 697 3040 γὰρ
740 2965 808 3040 ἦν
857 2971 1058 3040 ἑτέρως
1103 2971 1438 3041 διασωθῆναι
1469 2973 1530 3025 τὸ
1557 2972 1898 3045 ἀνθρώπινον

307 3059 520 3129 γένος)·
558 3061 788 3115 ἀλλ’ἵνα
837 3062 910 3132 μή
959 3080 1044 3126 τις
1087 3063 1301 3116 ἀκούων
1354 3065 1436 3117 ὅτι
1496 3065 1686 3133 γέγονε
1738 3065 1895 3134 σὰρξ,

312 3153 784 3224 μεταπεπιῆσοαι
833 3153 923 3208 τὸν
968 3155 1240 3226 ἄτρεπτον
1277 3155 1371 3209 τοῦ
1402 3147 1537 3208 Ε)εοῦ
1566 3156 1736 3224 Λόγον
1766 3158 1900 3210 ὑπο-

306 3241 474 3313 λάϐῃ,
500 3243 594 3297 καὶ
626 3242 812 3313 ἕτερόν
836 3261 886 3296 τι
913 3244 1167 3312 γενέσθαι
1199 3246 1329 3315 παρ’
1351 3245 1488 3315 ὅπερ
1517 3241 1584 3315 ἦν
1616 3246 1676 3310 ἐξ
1699 3248 1892 3318 ἀρχῆς,

308 3304 624 3404 ἀναγκαίως
655 3304 783 3390 ποτὲ
816 3304 1032 3407 μὲν-τὰς
1063 3304 1335 3409 ἀνθρώπῳ
1357 3304 1894 3411 πρεπούσας
1921 3304 1964 3362 c

309 3429 532 3498 φωνάς·
587 3429 716 3481 ποτὲ
769 3428 826 3481 δὲ
879 3429 1114 3483 δεικνύει
1165 3430 1467 3501 πράγματα
1510 3430 1723 3501 θεότητι
1761 3432 1895 3502 μόνῃ

310 3520 870 3591 χρεωστούμενα,ϊνα
923 3523 1107 3592 νοῆται
1160 3521 1221 3574 τὸ
1279 3523 1897 3593 συναμφότερον.⁰’0οεν

310 3607 404 3664 οὖν
453 3610 556 3664 ἔδει
606 3611 892 3681 φαίνεσθαι
947 3612 1155 3677 σαφῶς,
1190 3613 1384 3685 ὅτιπερ
1416 3616 1582 3677 ὖντως
1614 3614 1898 3684 ἄνθρωπος

309 3702 418 3769 εἵη,
449 3701 542 3754 καὶ
577 3703 636 3754 ού
671 3704 986 3774 φάντασμα,
1021 3704 1230 3758 ἐκεῖθεν
1266 3705 1396 3758 αὐτὸ
1438 3704 1704 3772 δεικνύειν
1752 3705 1900 3757 ὲπεί-

309 3810 488 3861 γεται.
508 3792 780 3863 Ἀμαρτία
832 3795 929 3865 μὲν
979 3796 1108 3867 γὰρ,
1139 3796 1213 3860 ὡς
1246 3798 1649 3868 ἀναμάρτητος,
1678 3798 1770 3850 καὶ
1800 3799 1899 3850 οὐκ

309 3883 468 3945 εἰδὼς
497 3882 655 3936 τοῦτο
689 3883 901 3947 παθεῖν,
937 3887 1286 3955 παραιτεῖται
1316 3885 1540 3946 δικαίως
1566 3902 1576 3913 ·
1613 3885 1899 3956 ἐπιτρέπει

306 3974 364 4027 δὲ
397 3973 474 4043 τῷ
511 3967 721 4042 σώματι
754 3975 847 4026 καὶ
874 3976 941 4043 τῇ
970 3973 1353 4044 ἀνθρωπότητι
1377 3974 1444 4027 τὰ
1471 3977 1536 4044 τῇ
1572 3973 1734 4041 φύσει
1761 3974 1896 4041 αὐτῇ

309 4067 584 4136 προσόντα
619 4063 831 4127 παθεῖν,
868 4064 946 4127 είς
974 4064 1245 4128 ἀπόδειξιν
1280 4065 1373 4118 τοῦ
1401 4065 1572 4128 ὅντως
1615 4067 1709 4118 καὶ
1759 4067 1900 4120 κατά

308 4157 567 4227 ἀλήθειαν
618 4155 847 4225 φορέσαι
901 4155 1101 4227 σάρκα,
1147 4157 1241 4209 καὶ
1292 4157 1577 4228 ἄνθρωπον
1623 4158 1895 4225 γενέσθαι,

308 4249 450 4302 κατὰ
480 4248 577 4312 τάς
611 4247 855 4318 Γραφάς.
875 4249 1092 4319 Ἐπειδὴ
1121 4250 1202 4312 δὲ,
1231 4233 1483 4321 καθάπερ
1509 4250 1610 4319 ἤδη
1643 4252 1901 4322 προειρή-

308 4358 511 4411 καμεν,
541 4342 708 4411 ἐχρῆν
735 4341 896 4394 αὑτὸν
925 4341 1018 4393 καὶ
1049 4341 1106 4393 ὲν
1133 4343 1295 4411 σαρκὶ
1328 4343 1589 4410 γεγονότα
1614 4343 1916 4412 φαίνεσθαιο

309 4435 466 4497 Θεὸν,
507 4433 805 4503 ἐργάζεται
844 4434 942 4503 μὲν
973 4434 1087 4486 ἔσθ’
1114 4434 1203 4485 ὅτε
1233 4434 1299 4487 τὰ
1327 4436 1607 4505 πρέποντα
1634 4436 1771 4507 Θεῷ,
1812 4436 1899 4489 λέ-

305 4541 396 4592 γει
441 4523 496 4576 δὲ
530 4524 664 4594 πρὸς
695 4525 820 4585 τοὺς
857 4522 1106 4594 ὁρῶντας
1135 4524 1328 4577 αὐτόν·
1373 4545 1388 4575 ι
1425 4527 1486 4579 Εἰ
1532 4529 1654 4596 ἐμοὶ
1697 4527 1756 4581 οὖ
1808 4547 1902 4582 πι-

2002 2019 2064 2074 lle
2074 2032 2165 2074 rcn
2176 2043 2209 2074 ι.

2585 2223 2743 2295 231
2778 2221 3010 2278 ALIUD.

2071 2315 2385 2385 luquiratur
2425 2317 2662 2370 carnalis
2710 2316 2882 2385 ipsius
2916 2317 3182 2370 adventus
3230 2314 3592 2369 administra-

2004 2405 2100 2471 tio,
2135 2417 2189 2461 et
2217 2407 2615 2463 incarnationis
2649 2408 2809 2474 ratio,
2854 2408 3124 2476 longeque
3159 2405 3227 2460 ab
3254 2407 3400 2459 omni
3428 2420 3593 2470 scan-

2003 2498 2128 2553 dalo
2164 2509 2329 2568 atque
2379 2497 2682 2554 offensione
2724 2499 3015 2553 ttonnullos
3060 2502 3372 2551 auditorum
3416 2512 3595 2551 remo-

2002 2589 2225 2656 Vebunt,
2266 2605 2605 2658 quascunque
2653 2604 2823 2644 sacra:
2861 2586 3161 2659 Scriptum
3192 2589 3256 2644 de
3297 2589 3595 2642 Servatore

2001 2680 2211 2736 dicunt.
2250 2681 2463 2752 Scopus
2487 2682 2672 2751 itaque
2708 2680 2868 2735 Verbi
2913 2679 3180 2735 incarnati
3213 2681 3333 2748 fuit,
3370 2683 3594 2736 matul‘e-

2003 2782 2085 2827 sle
2135 2773 2415 2828 declarare
2444 2776 2586 2844 quod
2625 2789 2812 2828 revera
2853 2789 3071 2828 carnem
3113 2773 3476 2842 assumpserit
3511 2773 3594 2828 la-

2003 2864 2230 2934 etusque
2263 2868 2334 2921 sit
2377 2866 2561 2931 homo,
2619 2881 2723 2920 non
2755 2865 2973 2934 quidem
3008 2847 3264 2919 desinens
3301 2880 3420 2919 esse
3458 2863 3593 2919 \‘cr-

2003 2960 2129 3012 bum
2164 2959 2302 3011 Deus
2333 2959 2531 3029 (neque
2561 2958 2706 3011 enim
2747 2958 2906 3011 aliter
2939 2973 3109 3026 genus
3141 2963 3436 3010 humanum
3486 2959 3594 3010 sal-

2003 3049 2114 3102 vari
2146 3050 2382 3118 poterat)
2420 3067 2433 3103 :
2475 3038 2570 3103 sed
2603 3063 2669 3102 ne
2702 3050 2823 3116 quis
2867 3051 3095 3103 audiens
3129 3051 3269 3112 quod
3306 3049 3482 3104 factus
3523 3052 3595 3104 sit

2003 3155 2150 3201 caro,
2197 3149 2619 3194 transmutatam
2668 3155 2788 3194 esse
2825 3139 3165 3195 immutabile
3217 3140 3306 3194 Dei
3354 3141 3591 3195 Verbum

2001 3233 2331 3301 suspicetur,
2363 3242 2418 3286 et
2465 3232 2610 3286 aliud
2655 3232 2932 3302 quidpiam
2981 3233 3202 3295 factum,
3240 3249 3401 3302 quam
3437 3237 3594 3291 initio

2001 3335 2139 3388 erat,
2197 3325 2403 3379 utiliter
2433 3326 2723 3379 admodum
2767 3323 2928 3378 verba
2961 3324 3162 3377 homini
3206 3305 3592 3401 convenientia

2003 3419 2274 3474 interdum
2315 3419 2556 3489 profert;
2611 3418 2884 3477 interdum
2928 3419 3091 3473 etiam
3138 3419 3250 3472 edit
3301 3418 3440 3475 facta
3473 3437 3595 3493 quae

2003 3511 2102 3568 soli
2142 3511 2409 3565 divinitati
2446 3511 2737 3576 debentur,
2785 3519 2841 3563 ut
2871 3510 2989 3579 ipse
3021 3520 3312 3580 utrumque
3355 3528 3479 3567 esse
3511 3515 3596 3567 iu-

2007 3602 2301 3672 telligatur.
2347 3601 2447 3657 Ubi
2482 3603 2646 3672 igitur
2682 3602 2966 3671 oportebat
3000 3603 3286 3658 manichIe
3327 3621 3594 3675 apparere

2003 3695 2149 3763 quod
2177 3710 2363 3749 revera
2399 3703 2542 3749 esset
2578 3696 2762 3758 homo,
2802 3694 2873 3747 ibi
2907 3694 3035 3748 illud
3065 3695 3342 3750 declarare
3374 3681 3592 3755 nititur.

2004 3787 2295 3841 Peccatum
2328 3785 2495 3849 enim,
2537 3795 2722 3855 utpote
2759 3786 2852 3854 qui
2893 3785 3011 3854 ejus
3054 3800 3252 3853 expers
3281 3794 3384 3851 ρει,
3420 3804 3596 3856 neque

2005 3880 2135 3934 illud
2163 3879 2505 3933 committere
2549 3885 2750 3946 potest,
2790 3880 2986 3932 riterito
3026 3891 3345 3945 aversatur;
3392 3881 3445 3934 in
3483 3897 3596 3935 cor-

2005 3988 2134 4042 pore
2179 3987 2309 4025 vero
2359 3981 2520 4040 atque
2572 3970 2910 4024 humanitate
2953 3985 3013 4024 ea
3063 3985 3183 4037 qua:
3238 3981 3443 4026 natura:
3494 3973 3594 4028 insi

2006 4067 2210 4130 insunt,
2269 4063 2376 4133 pati
2429 4077 2539 4117 non
2595 4074 2832 4128 recusat,
2891 4073 2952 4115 ut
2993 4064 3334 4118 demonstret
3374 4080 3432 4118 se
3471 4081 3595 4119 vero

2006 4173 2068 4212 :Ic
2118 4173 2176 4210 re
2233 4157 2344 4224 ipsa
2394 4170 2614 4210 carnem
2660 4165 2899 4223 gestare,
2953 4166 3003 4210 et
3063 4156 3338 4209 hominem
3392 4157 3593 4210 factum

2005 4265 2148 4308 esse.
2183 4259 2240 4302 ut
2282 4249 2544 4314 scriptum
2594 4257 2672 4301 est
2704 4248 2769 4300 ⁸⁷.
2804 4247 2938 4302 Cum
2974 4263 3123 4312 vero,
3160 4257 3216 4299 ut
3269 4249 3428 4302 modo
3463 4249 3598 4302 dixi-

2006 4355 2147 4400 mus.
2183 4349 2460 4408 oporteret
2487 4353 2608 4393 eum
2641 4339 2745 4406 iam
2775 4353 2942 4393 carne
2973 4337 3216 4391 indutum
3256 4338 3420 4392 Deum
3459 4356 3597 4408 quo-

2005 4446 2110 4500 que
2145 4431 2323 4499 cerni,
2360 4439 2618 4500 operatur
2642 4429 2857 4498 quidem
2907 4445 3290 4498 nonnunquam
3325 4447 3445 4500 qute
3485 4433 3594 4485 Den

2007 4523 2357 4588 conveniunt,
2395 4523 2633 4592 dicitque
2669 4523 2735 4575 ad
2771 4523 3011 4576 videntes
3051 4522 3224 4590 ipsum
3259 4541 3272 4574 :
3308 4543 3327 4593 ι
3365 4524 3418 4577 Si
3463 4526 3594 4578 mihi

310 4614 552 4678 στεύετε,
590 4634 606 4664 ι
644 4614 732 4667 διὰ
779 4614 839 4666 τὸ
887 4614 1175 4685 ἄνθρωπον
1211 4615 1427 4685 βλέπειν
1471 4619 1732 4688 δηλονότι,
1764 4620 1897 4674 ἀλλά

2008 4633 2115 4671 non
2146 4616 2390 4681 creditis,
2425 4635 2442 4666 ι
2486 4615 2612 4684 quia
2640 4613 2890 4668 videlicet
2927 4615 3200 4668 hominem
3237 4616 3448 4680 videtis,
3482 4618 3594 4672 Sal-

313 4724 331 4754 ι
365 4706 479 4766 τοῖς
515 4703 698 4774 ἔργοις
744 4722 846 4774 μου
897 4705 1216 4779 πιστεύετε’
1252 4709 1335 4761 ἵνα
1370 4709 1543 4777 γνῶτε
1578 4711 1659 4764 ὅτι
1698 4710 1808 4779 ἐγὼ
1839 4714 1896 4765 ὲν

307 4795 386 4864 τῷ
418 4796 612 4865 Πατρὶ,
647 4796 738 4847 καὶ
768 4797 796 4848 ὁ
825 4778 1010 4868 Πατὴρ
1042 4799 1101 4850 ὲν
1127 4798 1148 4850 ὲ
1160 4800 1268 4868 μοί.
1301 4819 1318 4851 ι
1349 4801 1559 4856 Οὐκοῦν
1581 4802 1648 4855 τά
1673 4803 1896 4874 Θεοπρε-

309 4887 430 4948 πῶς
465 4887 728 4958 εἰρημένα
761 4905 819 4941 τε
855 4889 951 4940 καὶ
989 4891 1354 4961 πεπραγμένα
1395 4893 1629 4947 δεικνύει
1668 4895 1758 4949 τὸν
1782 4898 1896 4948 Σω-

308 4979 452 5050 τῆρα
483 4978 632 5032 Θεόν.
667 4980 777 5032 Καὶ
820 4977 982 5032 πάλιν
1026 4982 1097 5034 τὰ
1126 4982 1486 5052 ἀνθρωπίνως
1533 4986 1800 5055 εἰρημένα
1834 5005 1894 5040 τε

309 5074 407 5126 καὶ
433 5072 696 5140 γεγονότα
725 5071 956 5126 δεικνύει
980 5073 1118 5127 κατὰ
1141 5073 1400 5146 ἀλήθειαν
1418 5058 1721 5146 ἄνθρωπον.
1743 5077 1891 5151 Αὕτη

311 5163 420 5236 γάρ
445 5165 592 5215 ἐστιν
628 5165 657 5233 ή
691 5163 783 5216 τοῦ
815 5163 1113 5235 μυστηρίου
1140 5164 1390 5235 δύναμις.

996 5279 1200 5332 AAAO.‘

382 5392 725 5461 Πανταχόθεν
758 5393 1242 5463 ἀναισχυντοῦντες
1296 5393 1344 5447 οί
1393 5393 1753 5468 χριστομάχοι
1790 5417 1893 5468 φα-

310 5481 551 5545 νοῦνται,
585 5485 679 5534 καὶ
707 5484 908 5536 σκοπὸν
933 5484 1147 5554 ἔχοντες
1178 5484 1272 5544 ἕνα
1319 5485 1381 5538 τὸ
1426 5487 1602 5560 μάτην
1636 5490 1893 5545 διαλοιδο-

313 5571 524 5656 ρεῖσθαι
551 5572 628 5641 τῷ
660 5573 771 5643 Υἱῴ
796 5574 890 5626 τοῦ
923 5574 1080 5629 Θεοῦ.
1102 5575 1417 5641 Ἀκούοντες
1452 5578 1549 5647 μὲν
1577 5579 1684 5650 γὰρ
1709 5581 1896 5650 λέγον-

311 5678 401 5724 τος
436 5662 599 5716 αὐτοῦ
617 5680 630 5692 ·
673 5682 691 5715 ι
715 5665 858 5732 Ἐγὼ
894 5667 986 5720 καὶ
1013 5669 1039 5719 ὀ
1067 5668 1258 5739 Πατὴρ
1285 5669 1341 5724 ἓν
1372 5670 1560 5738 ἐσμεν,
1587 5691 1604 5722 ι
1639 5673 1896 5727 ἀπειθοῦ-

397 5836 458 5916 ξδ³
496 5835 764 5916 Joan._x_t,
804 5837 1030 5916 l-sc‘qq.
1087 5840 1179 5916 ﬂ“
1206 5840 1362 5895 Joau.
1417 5861 1475 5904 tt.
1517 5846 1536 5898 l
1585 5862 1736 5916 seqq.

315 5907 358 5939 δ’
393 5908 546 5962 Joan.
579 5923 630 5969 κ,
673 5909 759 5963 58.
839 5912 880 5938 ⁸⁹
925 5912 1052 5963 ibid.
1087 5911 1174 5964 7.0.

596 6000 862 6060 Ριιτιιιιι..
913 6004 1023 6060 (in.
1073 6003 1292 6062 LXXV.

1831 5850 1875 5880 "5
1925 5849 2081 5904 Joan.

2007 4721 2115 4782 tem
2154 4728 2170 4758 ι
2201 4708 2462 4778 operibus
2500 4707 2634 4762 meis
2668 4705 2897 4770 credite,
2929 4715 2987 4760 ut
3018 4705 3206 4761 seiatis
3235 4707 3380 4775 quod
3413 4723 3511 4774 ρετ)
3541 4707 3594 4760 in

2004 4801 2187 4867 Patre,
2224 4811 2279 4854 et
2308 4799 2467 4854 Pater
2503 4797 2555 4852 in
2596 4813 2681 4851 me
2709 4797 2776 4852 ⁵⁸.
2809 4816 2826 4848 ι
2873 4798 3005 4863 Qua:
3041 4797 3204 4868 igitur
3232 4798 3412 4851 divino
3447 4814 3596 4852 more

2002 4894 2145 4950 dicta
2189 4901 2243 4948 et
2289 4892 2426 4945 facta
2474 4901 2620 4955 sunt,
2665 4887 3012 4943 Servatorem
3062 4889 3230 4943 Deum
3275 4890 3592 4944 ostendunt.

2003 4985 2133 5051 Quae
2161 4998 2288 5037 vero
2327 4982 2565 5036 humano
2608 4984 2759 5036 more
2788 4991 2879 5036 aut
2916 4981 3052 5051 dixit
3088 4991 3180 5035 aut
3231 4982 3381 5046 fecit,
3420 4983 3595 5036 herni-

2003 5091 2124 5131 nem
2167 5090 2356 5131 revera
2398 5089 2518 5130 esse
2565 5075 2860 5130 declarant.
2904 5074 3027 5130 l-ltrc
3082 5076 3226 5130 enim
3270 5088 3353 5130 cst
3395 5092 3594 5133 arcmtt

2005 5165 2164 5224 Verbi
2197 5169 2276 5225 vis
2308 5185 2370 5224 ac
2407 5167 2601 5223 virtus.

2680 5281 2909 5338 ALIUD.

2074 5390 2270 5448 Hostes
2301 5391 2502 5449 Christi
2547 5394 2934 5464 impudentiam
2972 5404 3123 5449 suam
3163 5397 3310 5452 omni
3346 5411 3409 5450 cx
3443 5407 3595 5464 parte

2000 5487 2254 5554 produnt,
2309 5489 2409 5541 hoc
2460 5499 2625 5542 u‘num
2670 5489 2778 5542 sibi
2817 5489 3156 5557 propositum
3201 5491 3487 5554 habentes,
3537 5501 3594 5543 ut

2002 5578 2140 5634 Filio
2171 5578 2262 5632 Dei
2300 5579 2581 5634 insultent.
2612 5579 2744 5632 Cum
2777 5581 2928 5634 enim
2977 5582 3152 5650 ipsum
3181 5582 3452 5635 dicentem
3494 5597 3593 5635 au-

2001 5673 2153 5726 diant
2182 5687 2195 5723 :
2230 5691 2245 5723 ι
2278 5672 2388 5740 Ego
2429 5683 2484 5727 ct
2515 5673 2671 5728 Pater
2701 5689 2870 5727 unum
2924 5689 3113 5728 sumus
3135 5676 3201 5737 ³³,
3237 5694 3252 5727 ι
3306 5675 3593 5729 temerarie

2156 5859 2227 5915 Iv,
2265 5851 2280 5903 Ι
2314 5866 2468 5920 seqq.
2595 5853 2633 5882 “‘
2666 5851 2821 5904 Joau.
2856 5867 2909 5915 κ,
2947 5853 3032 5906 50.
3150 5854 3191 5883 ⁸⁷
3223 5850 3379 5907 Juan.
3428 5870 3465 5918 t,
3502 5853 3592 5908 Η.

3152 6013 3221 6075 1'3
