4032 6482
246 505 351 562 597

1667 483 2108 541 TllESAURUS.

3422 480 3529 538 393

240 621 549 684 ἀσθενείαις
603 616 871 689 ἀναμίξας
917 618 1115 685 τρόπον
1158 614 1279 666 τινά
1328 610 1419 664 καὶ
1464 608 1831 677 συγκεράσας,

1944 599 2145 653 latibus
2165 596 2545 659 commiseens,
2578 608 2640 649 ac
2667 592 2829 649 veluti
2863 602 3303 664 contempersns,
3339 597 3537 650 buma-

242 712 464 785 εὺρὼσῃ
508 710 608 781 τὴν
654 707 943 779 ἀνθρώπου
977 705 1157 775 φύσιν,
1186 702 1277 755 καὶ
1313 700 1446 772 πρὸς
1493 699 1591 765 τὴν
1638 694 1830 785 ἑαυτοῦ

243 783 590 869 μεταποιήσῃ
634 795 1167 868 στερρότητα.”οταν
1197 788 1290 845 οὖν
1333 789 1589 859 φαίνηται
1623 783 1835 838 δειλιῶν

237 892 337 945 τὸν
364 890 589 944 θάνατον
613 890 707 941 καὶ
737 888 910 957 λέγων
930 902 943 917 ο
983 904 999 936 ι
1025 884 1087 939 Εἰ
1117 883 1365 945 δυνατὸν,
1390 878 1705 952 παρελθέτω
1730 876 1809 929 ἀπ

239 981 383 1051 ἐμοῦ
416 980 477 1033 τὸ
520 981 778 1050 ποτήριον
802 978 980 1040 τοῦτο,
1016 994 1034 1027 ι
1065 974 1233 1029 ἐννόει
1266 972 1429 1028 πάλιν
1458 972 1541 1024 ὅτι
1584 966 1837 1022 δειλιῶσα

237 1072 338 1126 τὸν
369 1072 597 1125 θάνατον
627 1074 658 1141 ὴ
688 1070 844 1139 σάρξ,
875 1068 1183 1122 ὲδιδάσκετο
1209 1062 1520 1136 φορουμένη
1554 1060 1704 1131 παρά
1743 1056 1835 1110 τοῦ

238 1163 422 1230 Λόγου
483 1162 681 1234 μηκέτι
730 1160 889 1214 τοῦτο
942 1157 1394 1230 πάσχειν.Ἐλεγε
1425 1154 1533 1225 γὰρ
1568 1153 1702 1222 πρὸς
1748 1150 1838 1203 τὸν

236 1255 497 1326 Πατέρα·
527 1274 546 1305 ‹
578 1254 690 1323 υὺχ
715 1254 791 1316 ὡς
820 1252 929 1321 ἐγὼ
961 1252 1118 1313 θέλω,
1162 1250 1275 1302 ἀλλ’
1304 1248 1379 1311 ὡς
1408 1248 1493 1301 σύ.
1526 1266 1543 1297 ι
1579 1247 1692 1299 Οὐκ
1714 1247 1839 1313 ἐφο-

236 1346 396 1399 ϐεῖτο
429 1344 527 1412 μὲν
555 1344 683 1414 γὰρ.
710 1343 1044 1416 καθὸήΛόγος
1072 1341 1189 1393 ἐστί
1233 1340 1326 1391 καὶ
1370 1338 1523 1399 Θεὸς,
1555 1336 1644 1387 τὸν
1673 1334 1836 1388 θάνα-

236 1456 337 1494 τον
383 1438 565 1501 αὐτὸς,
594 1437 708 1491 ἀλλ’
741 1440 816 1500 είς
868 1436 1018 1499 τέλος
1068 1434 1328 1501 διεξάγειν
1376 1431 1474 1500 τὴν
1525 1425 1838 1494 οἰκονομίαν

235 1528 527 1597 ἠπείγετο.
547 1526 716 1579 Τοῦτο
741 1526 849 1597 γάρ
880 1521 948 1595 ἦν
985 1524 1045 1577 τὸ
1077 1524 1287 1593 θέλημα
1317 1521 1411 1574 τοῦ
1444 1518 1838 1589 Πατρός.”Εχει

232 1617 301 1672 δὲ
353 1618 447 1671 καὶ
496 1618 554 1671 τὸ
589 1618 665 1688 μὴ
695 1617 870 1671 θέλειν
904 1616 1214 1677 ἀποθανεῖν,
1240 1614 1327 1667 διὰ
1368 1611 1429 1665 τὸ
1458 1609 1839 1683 παραιτεῖσθαι

235 1712 349 1782 τῆς
400 1711 599 1783 σαρκὸς
643 1711 734 1763 τὸν
774 1710 1002 1765 θάνατον
1041 1708 1305 1778 φυσικῶς.
1340 1705 1618 1759 Διδάσκων
1659 1702 1837 1755 τοίνυν

235 1803 345 1872 τὴν
377 1802 773 1872 άνθρωπότητα
810 1802 1008 1871 μηκέτι
1031 1801 1099 1851 τά
1128 1799 1265 1867 αὐτῇ
1303 1797 1575 1869 προσόντα
1597 1795 1835 1865 φρονεῖν,

239 1892 384 1946 ἀλλὰ
418 1892 478 1945 τὸ
509 1891 603 1944 τοῦ
634 1892 769 1944 Θεοῦ
801 1891 1016 1961 θέλημα
1048 1891 1231 1960 ζητεῖν
1249 1889 1324 1952 ὡς
1350 1886 1633 1957 ἄνθρωπος
1658 1885 1832 1952 λέγει·

1940 706 2065 745 nam
2119 700 2366 743 naturam
2424 687 2797 753 conﬁrmaret,
2847 696 3008 757 alque
3054 687 3120 741 ad
3166 700 3323 742 suum
3365 687 3536 758 ipsius

1942 782 2107 835 robur
2133 783 2461 835 traduceret.
2487 778 2619 834 Cum
2654 778 2817 851 igitur
2840 778 3056 833 videtur
3078 788 3305 833 mortem
3342 781 3532 835 formi-

1940 876 2119 938 dasse,
2165 881 2218 926 ot
2261 871 2465 927 dixisse
2508 889 2520 923 :
2574 888 2592 922 ι
2624 870 2681 925 Si
2717 870 2832 925 ﬂeri
2866 880 3063 941 potest,
3105 880 3347 927 transeat
3379 890 3406 924 ιι
3454 890 3538 929 nte

1940 967 2079 1019 calix
2117 966 2220 1019 iste
2252 964 2323 1032 ⁸⁸,
2359 982 2377 1015 ι
2436 964 2720 1019 considera
2762 967 2907 1034 quod
2956 979 3085 1020 caro
3132 980 3253 1034 quae
3296 982 3324 1020 a
3360 966 3539 1020 Verbo

1940 1056 2275 1123 gestabatur,
2306 1071 2410 1110 non
2443 1055 2580 1109 bene
2607 1057 2672 1108 ad
2714 1057 2816 1110 hoc
2849 1055 3131 1111 ferendum
3170 1054 3363 1112 all'ecta
3393 1069 3533 1111 erat.

1943 1148 2085 1204 Dixit
2113 1152 2257 1203 enim
2306 1151 2371 1203 ad
2414 1151 2629 1204 l'atrem
2665 1168 2678 1201 :
2725 1168 2743 1201 ι
2778 1148 2891 1205 Non
2940 1156 2997 1203 ut
3026 1163 3125 1218 ego
3161 1149 3302 1214 volo,
3338 1149 3431 1204 sed
3478 1159 3538 1202 ut

1940 1251 1994 1295 tu
2017 1243 2083 1295 ".
2123 1260 2141 1295 ι
2169 1241 2301 1295 Nam
2335 1242 2447 1310 ipse
2473 1256 2577 1296 non
2612 1241 2833 1294 timebat
2864 1252 3117 1302 mortem,
3151 1252 3419 1311 quatenus
3451 1254 3537 1295 est

1944 1333 2176 1389 Verbum
2196 1344 2250 1388 et
2273 1333 2432 1398 Dens,
2454 1333 2546 1387 sed
2566 1332 3090 1388 administrationem
3116 1348 3269 1387 suam
3287 1335 3353 1387 ad
3372 1333 3534 1387 linem

1942 1427 2238 1493 perducere
2268 1426 2504 1494 optabat.
2541 1426 2666 1480 Hec
2712 1428 2855 1479 enim
2885 1434 3005 1478 erat
3053 1424 3302 1478 voluntas
3332 1424 3532 1478 Patris.

1942 1517 2293 1571 Exhorrcscit
2322 1525 2501 1570 autem
2529 1527 2780 1582 mortem,
2808 1518 2935 1587 quia
2966 1532 3091 1572 caro
3120 1517 3442 1571 naturaliter
3468 1518 3536 1569 ul)

1942 1621 2004 1661 ea
2033 1606 2311 1661 abhorret.
2346 1607 2553 1662 Docens
2584 1608 2768 1676 itaque
2796 1607 3089 1661 humanam
3137 1617 3385 1661 naturam
3426 1624 3535 1661 non

1941 1715 2063 1770 qua!
2092 1700 2195 1754 sibi
2228 1700 2384 1753 insita
2430 1708 2558 1755 Sltttl
2609 1700 2869 1767 cogitare,
2912 1702 3005 1754 sed
3057 1696 3148 1753 Doi
3198 1701 3535 1755 voluntatem

1942 1805 2208 1866 quaerere,
2241 1789 2414 1860 inquit
2446 1802 2499 1843 ut
2537 1793 2697 1844 homo
2724 1808 2735 1842 :
2777 1808 2795 1840 ι
2825 1786 2937 1843 Non
2970 1791 3111 1845 sient
3141 1807 3241 1861 ego
3272 1792 3412 1854 rule,
3442 1793 3538 1845 sed

1943 1884 2082 1936 sicut
2111 1892 2185 1936 tu.
2224 1901 2242 1932 ι
2274 1881 2483 1938 Idcirco
2512 1883 2675 1936 etiam
2716 1882 2914 1949 adjecit
2947 1900 2959 1935 :
3001 1902 3016 1932 ι
3053 1881 3291 1952 Spiritus
3314 1882 3535 1953 quidem

243 2002 266 2034 ι
296 1984 412 2053 υὺχ
433 1983 509 2046 ὡς
536 1981 647 2050 ἐγὼ
671 1982 830 2047 θέλω,
1004 1980 1077 2044 ὡς
1101 1956 1192 2032 σὺ.
1228 1998 1244 2030 ι
1276 1979 1373 2032 Διὰ
1395 1956 1552 2031 τοῦτο
1579 1978 1685 2047 γὲιρ
1706 1975 1835 2044 φαί-

1944 1984 2223 2044 promptus
2253 1986 2351 2041 est,
2385 1989 2512 2028 raro
2541 1985 2719 2028 autem
2748 1977 2959 2030 ittlirma
2988 1976 3053 2028 ⁸³.
3096 1995 3112 2028 ι

238 2087 398 2127 νεται
420 2075 514 2127 καὶ
532 2072 789 2144 προσθείς
812 2091 821 2100 ·
854 2094 870 2123 ι
897 2073 969 2125 Τὸ
996 2072 1215 2141 πνεῦμα
1244 2071 1591 2143 πρόθυμον,ἡ
1617 2070 1672 2120 δὲ
1700 2066 1836 2139 σάρξ

236 2163 500 2235 ἀσθενής,
528 2184 545 2217 ι

938 2258 1144 2311 ΔΛΛΟ.

320 2367 385 2422 El
412 2369 642 2423 θανάτου
664 2367 1139 2436 καταφρονοῦντας
1164 2367 1339 2431 οὕτως
1365 2368 1691 2439 εὑρίσκομεν
1713 2371 1838 2432 τοὺς

243 2460 459 2529 ἁγίους,
494 2460 569 2524 ὡς
599 2459 807 2513 οἴεσθαι
841 2460 1041 2528 μᾶλλον
1084 2461 1162 2522 είς
1201 2459 1347 2527 ζωὴν
1384 2459 1755 2529 μεταϐαίνειν,
1788 2459 1842 2512 εῐ

244 2568 333 2615 τις
362 2552 562 2613 αὐτοὺς
584 2552 721 2621 πρὸς
746 2551 806 2603 τὸ
828 2550 921 2603 τοῦ
953 2550 1145 2603 παθεῖν
1162 2551 1354 2619 καλοίη
1375 2550 1585 2621 καιρὸς,
1605 2551 1838 2621 ἀνδρεῖοί

242 2660 307 2697 τε
343 2644 511 2703 ὅντως
546 2644 674 2707 εἰσὶ,
708 2643 795 2694 διὰ
843 2643 903 2694 τὸ
952 2644 1095 2711 ἔχειν
1128 2645 1189 2696 ἐν
1218 2644 1451 2705 ἑαυτοῖς,
1488 2644 1567 2704 είς
1612 2643 1702 2696 τὸν
1732 2644 1840 2697 ἔσω

224 2734 557 2805 -ἇνθρωπον,
581 2734 722 2785 καθά
743 2733 1076 2802 γέγραπται,
1091 2733 1450 2786 κατοικοῦντα
1473 2732 1563 2786 τὸν
1582 2734 1837 2804 Χριστὸν,

246 2824 372 2887 πῶς
413 2825 587 2893 eam;
614 2824 707 2876 τὸν
743 2824 973 2877 θάνατον
1018 2824 1045 2875 ὁ
1077 2826 1202 2886 τοὺς
1231 2822 1421 2887 ἄλλους
1446 2824 1711 2877 διδάσκων
1738 2825 1837 2877 θα-

247 2918 413 2970 νάτου
462 2918 857 2985 καταφρονεῖν;
908 2914 1034 2978 Πῶς
1079 2914 1135 2968 δὲ
1166 2916 1267 2967 οὐκ
1305 2915 1504 2968 ἄτοπον
1538 2916 1840 2987 θαυμάζειν

251 3010 355 3077 μὲν
395 3008 495 3078 τὴν
542 3007 763 3077 ἀνδρίαν
796 3007 905 3059 τῶν
933 3007 1166 3076 ἐχόντων
1194 3009 1253 3058 ἐν
1282 3009 1491 3070 ἑαυτοῖς
1519 3010 1610 3061 τὸν
1642 3009 1835 3077 Λόγον,

245 3100 414 3154 αὐτὸν
437 3102 495 3154 δὲ
531 3100 742 3153 οἴεσθαι
775 3101 864 3152 τὸν
899 3100 1069 3169 Λόγον
1100 3099 1298 3170 ἀσθενῆ
1333 3103 1428 3155 καὶ
1448 3102 1708 3174 ἄνανδρον
1740 3104 1839 3156 ὑπ-

247 3195 440 3265 άρχειν
485 3192 678 3257 οὕτως,
707 3194 782 3255 ὡς
830 3194 922 3246 καὶ
972 3193 1122 3263 φόϐῳ
1163 3194 1478 3264 κρατεῖσθαι
1510 3195 1600 3246 καὶ
1631 3195 1708 3265 τῷ
1736 3195 1836 3265 τῆς

246 3286 451 3349 δειλίας
480 3286 745 3354 νοσήματι
764 3300 777 3347 ;

948 3401 1151 3453 AAAO.

322 3512 414 3581 Τῷ
446 3513 631 3581 οἰκείῳ
664 3513 880 3582 θανάτῳ
918 3511 1264 3584 τὸνβάνατον
1290 3511 1642 3581 κατήργησεν
1666 3512 1693 3564 ὁ
1721 3512 1836 3564 Σω-

247 3605 597 3676 τήρ.”Ωσπερ
642 3600 734 3659 οὖν
780 3606 880 3659 οὐκ
930 3604 998 3657 ἂν
1048 3606 1077 3656 ὁ
1124 3603 1352 3665 θάνατος
1404 3603 1731 3675 κατηργήθη
1762 3602 1838 3674 μὴ

248 3694 615 3758 ἀποθανόντος
634 3696 823 3761 αὐτοῦ,
843 3694 1015 3758 οὕτως
1040 3694 1123 3762 ἐφ’
1142 3694 1373 3747 ἑκάστου
1395 3692 1502 3745 τῶν
1516 3693 1613 3763 τῆς
1637 3693 1839 3763 σαρκὸς

250 3786 466 3843 παθῶν.
492 3788 557 3840 Et
607 3786 683 3857 μὴ
728 3787 838 3858 γὰρ
884 3785 1192 3847 ἐδειλίασεν,
1226 3786 1325 3837 οὐκ
1354 3785 1420 3839 ἂν
1449 3783 1708 3854 ἐλευθέρα
1744 3783 1837 3837 τοῦ

249 3878 456 3949 semet
480 3879 514 3948 ἡ
552 3877 715 3945 φύσις
751 3877 987 3945 ἐγένετο,
1015 3878 1063 3929 εἰ
1096 3874 1171 3946 μὴ
1211 3874 1480 3946 ἐλυπήθη,
1504 3875 1603 3927 οὐκ
1640 3873 1705 3927 ἂν
1732 3876 1839 3928 ἀπ-

252 3968 499 4037 ηλλάχθη
549 3966 644 4020 τοῦ
696 3966 983 4020 λυπεῖσθαί
1025 3983 1179 4029 ποτε,
1216 3968 1265 4019 εί
1300 3968 1374 4037 μὴ
1404 3967 1704 4039 ἐταράχθη,
1741 3969 1839 4020 οὐκ

252 4061 319 4114 ἂν
367 4058 474 4123 ἔξω
527 4059 653 4111 ποτέ
706 4059 910 4111 τούτων
941 4058 1178 4128 ἐγένετο.
1212 4060 1321 4114 Καὶ
1367 4059 1450 4126 ἐφ’
1480 4060 1694 4129 ἑκάστῳ
1729 4058 1838 4112 τῶν

250 4151 611 4222 ἀνθρωπίνως
639 4151 940 4219 γεγονότων
978 4150 1070 4203 τὸν
1112 4150 1275 4204 αὐτὸν
1304 4150 1630 4221 ἑφαρμόζων
1658 4150 1836 4217 λόγον,

249 4243 508 4313 εὑρήσεις
540 4244 597 4294 ἐν
617 4242 836 4313 Χριστῷ
863 4242 929 4295 τά
954 4241 1056 4312 τῆς
1078 4243 1280 4312 σαρκὸς
1305 4241 1448 4313 πάθη
1482 4242 1836 4311 κεκινημένα,

246 4332 347 4402 οὐχ
379 4332 466 4384 ἵνα
505 4332 752 4404 κρατήσῃ
798 4333 988 4403 ὥσπερ
1030 4333 1121 4385 καὶ
1154 4334 1213 4384 ἐν
1239 4332 1537 4403 ήμῖν,-ἀλλ’
1565 4333 1652 4387 ἵνα
1683 4351 1839 4405 κινη-

249 4422 413 4475 θέντα
460 4423 781 4493 καταργηθῇ
820 4424 885 4492 τῇ
937 4422 1167 4492 δυνάμει
1210 4421 1303 4475 τοῦ
1353 4423 1737 4494 ἐνοικήσαντος
1770 4426 1837 4492 τῇ

250 4515 416 4585 σαρκὶ
461 4513 655 4581 Λόγου,
688 4515 823 4585 πρὸς
854 4515 914 4567 τὸ
947 4513 1173 4585 ἄμεινον
1222 4517 1693 4587 μεταποιουμένης
1738 4518 1835 4586 τῆς

249 4606 485 4671 φύσεως.

442 4721 646 4784 ΑΛΛυ,
687 4723 773 4786 εἰς
813 4721 898 4786 τὸ,
946 4740 963 4772 ι
994 4722 1100 4777 Θεέ
1128 4740 1271 4792 μου,
1310 4721 1416 4776 Θεέ
1446 4740 1585 4792 μου.
1619 4743 1634 4773 ι

328 4831 454 4885 Ἐπὶ
485 4832 563 4901 τῷ
592 4834 812 4903 σταυρῷ
840 4833 933 4887 τοῦ
964 4835 1212 4906 Σωτῆρος
1244 4837 1401 4906 ἡμῶν
1428 4837 1664 4906 Χριστοῦ
1694 4856 1828 4893 καυ-

246 4923 491 4995 Aegaea,
518 4924 610 4975 καὶ⁸
650 4924 978 4993 πιστεύομεν
1004 4924 1092 4977 διὰ
1121 4925 1279 4978 τοῦτο
1310 4926 1601 4993 σεσῶσθαι,
1636 4930 1828 5001 ὅτιπερ

246 5019 274 5069 δ
307 5014 401 5067 τοῦ
448 5012 584 5067 Θεοῦ
636 5015 807 5082 Λόγος
840 5013 1124 5084 ἅνθρωπος
1166 5016 1407 5085 γεγονὼς
1451 5017 1518 5069 δι’
1544 5020 1694 5088 ἡμᾶς
1743 5025 1837 5076 καὶ

248 5107 392 5178 ὑπὲρ
426 5106 583 5176 ἡμῶν
616 5103 959 5177 ἐσταυρώθη,
990 5107 1079 5160 ἵνα
1109 5107 1199 5160 τὸν
1244 5109 1303 5161 ἐν
1341 5110 1474 5179 ἡμῖν
1511 5115 1834 5186 καταργήσῃ

247 5197 503 5261 θάνατον,
535 5199 627 5249 κοιλ⁸
662 5197 823 5251 πάλιν
873 5200 1018 5267 ἡμᾶς
1064 5198 1242 5268 ἐαυτῷ
1285 5203 1685 5274 συναναστήσῃ,
1728 5206 1836 5259 ἀπὸ

250 5288 346 5359 τῆς
387 5289 592 5359 φθορᾶς
644 5291 722 5351 εἰς
777 5288 1086 5358 ἀφθαρσίαν
1122 5290 1626 5361 μεταϐαλών.Ἔδει
1654 5297 1835 5351 τοίνυν

247 5384 342 5436 καὶ
370 5384 498 5451 παρ’
529 5383 690 5435 αὑτὸν
720 5384 811 5435 τὸν
844 5382 936 5435 τοῦ
970 5382 1173 5447 πάθους
1213 5386 1404 5457 καιρὸν
1431 5386 1717 5458 ἄνθρωπον
1747 5390 1834 5442 ὅν-

248 5487 354 5534 τως
384 5471 646 5539 γεγονότα
668 5473 979 5541 φαίνεσθαι,
1006 5474 1101 5527 καὶ
1129 5474 1188 5526 οὐ
1218 5477 1358 5530 κατά
1380 5495 1502 5530 τινα
1528 5480 1832 5547 φαντασίαν

249 5562 591 5617 ὑπονοεῖσθαι
615 5564 689 5627 ὠς
710 5564 1015 5637 ἄνθρωπον.
1038 5567 1146 5619 Καὶ
1173 5567 1261 5621 διὰ
1284 5572 1488 5639 ταύτην
1510 5577 1607 5642 τὴν
1645 5573 1827 5626 αἰτίαν

250 5651 425 5707 ἐλάλει
471 5653 569 5723 μὲν
611 5653 679 5705 τὰ
724 5655 994 5727 ἀνθρώπῳ
1032 5658 1335 5726 πρέποντα·
1384 5680 1401 5710 ι
1434 5660 1535 5713 Θεέ
1571 5682 1695 5733 μου,
1730 5665 1833 5718 Θεέ

252 5761 372 5815 μου,
404 5745 489 5798 ἵνα
520 5746 571 5797 τί
601 5762 666 5815 με
692 5747 1080 5816 ὲγκατέλιπεςς
1119 5770 1135 5801 t
1173 5753 1288 5815 καὶ,
1326 5771 1343 5802 ι
1369 5754 1693 5823 Παρελθέτω
1727 5758 1833 5809 ἀπ’

318 5901 357 5931 ⁸⁸
399 5899 582 5956 Matth.
620 5918 767 5970 uti,
805 5904 889 5955 '59.
991 5908 1033 5935 “
1065 5906 1188 5960 ibid.
1299 5910 1341 5939 ⁵³
1378 5909 1505 5962 ibid.
1547 5910 1632 5963 il.

1740 5914 1781 5943 ἰ
1815 5912 2006 5981 Ephos.
2043 5928 2126 5978 tn,
2167 5915 2249 5968 ιιι.

2632 2242 2858 2298 ALIUD.

2012 2356 2068 2412 Si
2113 2356 2329 2411 sanctos
2374 2354 2445 2409 ita
2492 2365 2720 2411 mortem
2760 2362 3173 2411 contemnentes
3204 2357 3529 2426 reperiatur.

1940 2459 2000 2504 ut
2027 2448 2342 2505 existiment
2369 2463 2429 2503 se
2463 2448 2643 2518 potius
2672 2449 2725 2503 in
2753 2447 2917 2502 vitam
2940 2448 3245 2513 transferri,
3280 2448 3323 2505 si
3352 2444 3532 2519 aliqua

1942 2542 2240 2598 necessitas
2284 2542 2547 2597 moriendi
2583 2542 2665 2597 eis
2707 2540 2988 2609 offeratur,
3033 2550 3089 2596 et
3123 2542 3291 2599 fortes
3339 2558 3531 2599 revera

1942 2644 2090 2700 sunt,
2118 2637 2243 2705 quia
2276 2635 2477 2691 habent
2510 2636 2563 2690 in
2597 2649 2739 2699 sese,
2769 2635 2821 2689 in
2854 2634 3115 2691 interiore
3144 2637 3400 2692 nimirum
3432 2638 3531 2692 lio-

1942 2727 2107 2789 mine,
2158 2737 2217 2781 ut
2262 2728 2523 2797 scriptum
2573 2726 2748 2791 est“,
2798 2726 3135 2783 habitantem
3187 2727 3463 2784 Cnristum
3515 2748 3528 2781 τ

1942 2820 2214 2889 quomodo
2244 2830 2472 2876 mortem
2515 2822 2727 2885 timeat,
2767 2821 2858 2890 qui
2897 2831 2951 2876 ut
2983 2821 3074 2876 alii
3120 2831 3348 2878 mortem
3394 2837 3528 2878 eou-

1944 2921 2187 2967 temnant
2220 2912 2483 2979 prastat?
2522 2913 2627 2966 Aut
2657 2906 2763 2981 quo
2794 2928 2949 2982 pacto
2980 2929 3084 2968 non
3131 2914 3202 2969 sit
3235 2913 3529 2969 absurdum

1943 3004 2131 3057 mirari
2178 3002 2548 3059 fortitudinem
2579 3020 2768 3060 eorum
2819 3006 2908 3075 qui
2950 3004 3190 3061 Verbum
3244 3007 3297 3060 in
3337 3007 3533 3076 seipsis

1945 3094 2197 3150 habitans
2223 3097 2478 3161 habeant,
2512 3097 2609 3166 ipsi
2638 3107 2819 3153 autem
2854 3095 3027 3152 Verbo
3053 3107 3256 3151 tantam
3290 3098 3531 3153 imberb-

1943 3187 2147 3241 litutem
2173 3197 2226 3241 et
2251 3188 2527 3243 mollitiem
2549 3192 2803 3253 tribuere,
2826 3200 2883 3244 ut
2907 3202 3050 3244 metu
3073 3200 3136 3244 ac
3161 3201 3370 3246 terrore
3388 3209 3530 3247 mur-

1866 3301 1911 3360 ρ
1946 3280 2012 3335 tis
2037 3278 2252 3350 [tererlli
2285 3281 2671 3334 t!\i5ti-tiet:tr?

2616 3393 2842 3449 ALIUD.

2011 3502 2268 3558 Servatur
2294 3512 2465 3557 morte
2491 3519 2589 3558 sua
2627 3516 2855 3560 mortem
2898 3506 3131 3563 abolevit
3154 3508 3226 3562 ⁵⁵.
3255 3507 3530 3575 Quemad-

1942 3594 2158 3649 modum
2213 3594 2374 3665 igitur
2422 3611 2569 3652 mors
2628 3597 2829 3652 abolita
2874 3614 2981 3655 non
3020 3598 3231 3665 fuisset,
3266 3600 3368 3656 nisi
3418 3602 3532 3670 ipso

1942 3695 2192 3741 mortuus
2238 3701 2403 3754 esset,
2441 3689 2515 3742 ita
2556 3690 2718 3743 etiam
2763 3691 2829 3746 de
2881 3692 3109 3763 singulis
3150 3693 3532 3749 aﬂ'cctionibns

1941 3779 2122 3834 carnis
2146 3781 2489 3837 sentiendum
2517 3791 2620 3835 est.
2658 3781 2771 3838 Nisi
2809 3784 2953 3839 enim
2988 3784 3077 3840 ille
3101 3785 3393 3852 timuisset,
3426 3804 3527 3841 na-

1943 3880 2063 3926 tura
2112 3881 2258 3927 metu
2303 3872 2531 3928 liberata
2562 3888 2668 3928 non
2718 3874 2930 3943 fuisset,
2982 3878 3081 3932 nisi
3128 3873 3409 3943 doluisset,
3462 3895 3531 3934 ne

1941 3974 2126 4021 noster
2149 3964 2365 4035 quidem
2385 3967 2538 4024 dolor
2557 3967 2803 4027 sublatus
2828 3983 2972 4026 esset
3005 3984 3018 4027 :
3041 3975 3141 4029 nisi
3174 3976 3524 4045 perturbatus

1943 4058 2152 4124 fuisset,
2186 4070 2285 4113 nos
2312 4069 2573 4130 perpetuo
2608 4061 2661 4115 in
2703 4063 3111 4133 perturbatione
3152 4080 3517 4123 versaremur.

1940 4148 2250 4219 Eademque
2288 4150 2499 4205 ratione
2538 4155 2605 4207 de
2640 4153 2864 4223 reliquis
2898 4163 2952 4208 et
2995 4149 3220 4227 singulis
3268 4172 3389 4228 quas
3428 4159 3529 4213 bu-

1942 4256 2102 4295 mano
2134 4257 2282 4298 more
2311 4243 2463 4309 fiunt,
2493 4243 2769 4313 judicans,
2803 4246 3046 4302 invenies
3080 4249 3130 4302 in
3162 4248 3379 4305 Christo
3407 4266 3527 4305 car-

1941 4334 2025 4386 nis
2048 4331 2365 4389 affectiones
2395 4342 2569 4390 motas
2599 4353 2612 4389 :
2640 4351 2744 4391 non
2774 4347 2832 4393 ut
2860 4338 2911 4393 in
2942 4353 3005 4392 eo
3035 4334 3259 4407 perinde
3281 4343 3524 4413 atquein

1941 4428 2098 4482 nobis
2135 4427 2423 4497 imperium
2472 4429 2800 4497 obtinerent,
2840 4433 2932 4487 sed
2971 4442 3027 4486 ut
3068 4445 3335 4504 supe'atze
3377 4437 3527 4493 dele-

1942 4529 2131 4573 rentur
2162 4519 2212 4573 vi
2237 4534 2302 4575 ac
2336 4522 2534 4576 virtute
2561 4521 2916 4580 inhabitantis
2944 4541 3169 4581 carnem
3200 4526 3383 4597 Verbi,
3417 4539 3524 4585 tra-

1942 4612 2098 4667 ducta
2130 4612 2181 4666 in
2216 4612 2492 4668 meliorem
2525 4623 2726 4668 statum
2760 4625 2971 4671 natura.

1941 4725 2105 4798 234
2144 4724 2371 4792 ALIUD,
2406 4727 2457 4779 in
2484 4726 2617 4781 illud
2642 4744 2660 4782 :
2688 4746 2705 4779 t
2732 4728 2867 4783 Deus
2894 4746 3055 4793 meus,
3089 4731 3223 4788 Deus
3250 4752 3391 4791 meus
3410 4739 3455 4770 "
3499 4757 3518 4789 δ

2012 4840 2066 4891 In
2097 4853 2257 4894 cruce
2287 4839 2593 4895 Servatoris
2628 4841 2798 4895 nostri
2831 4842 3031 4898 Christi
3066 4845 3522 4915 gloriamur,cre-

1938 4930 2222 4998 dimusque
2252 4945 2348 4985 nos
2388 4945 2481 4999 per
2507 4934 2605 4985 hoc
2639 4933 2818 4989 salvos
2844 4937 3012 4990 factos
3038 4951 3181 5002 esse,
3215 4943 3358 5010 quod
3394 4943 3521 4997 Ver-

1940 5020 2065 5074 bum
2089 5019 2180 5074 Dei
2207 5022 2279 5075 sit
2311 5019 2509 5077 factum
2536 5023 2695 5079 homo
2724 5034 2943 5094 propter
2967 5043 3086 5093 nos,
3121 5040 3174 5084 et
3207 5036 3523 5091 crucifixum

1941 5126 2039 5179 pro
2066 5112 2219 5165 nobis
2246 5153 2262 5178 ,
2302 5126 2359 5168 ut
2393 5128 2621 5171 mortem
2663 5120 2713 5173 in
2750 5121 2904 5175 nobis
2934 5123 3260 5189 destrueret,
3287 5144 3527 5185 rursum-

1941 5219 2045 5273 que
2072 5220 2170 5259 nos
2200 5208 2364 5261 simul
2392 5224 2514 5262 CUlll
2556 5212 2668 5281 ipso
2691 5214 2863 5284 erigat
2895 5231 2924 5269 e
2957 5219 3305 5288 corruptione
3338 5224 3405 5275 ad
3446 5223 3527 5277 in.

1939 5302 2347 5370 corruptionem
2380 5303 2680 5359 traductos.
2707 5304 3005 5375 Oportebat
3041 5310 3221 5379 itaque
3262 5314 3429 5367 etiam
3470 5318 3523 5370 in

1939 5391 2056 5459 ipso
2096 5394 2363 5460 passionis
2394 5410 2506 5449 sua:
2554 5405 2796 5467 tempore
2846 5415 2971 5454 tere
3014 5402 3285 5459 hominem
3318 5406 3522 5463 factum

1935 5483 2130 5546 videri,
2187 5493 2239 5537 et
2268 5498 2369 5537 noo
2405 5480 2777 5555 imaginariam
2812 5494 3101 5560 quamdam
3145 5497 3376 5553 hominis
3404 5501 3521 5569 opi-

1940 5576 2155 5627 nionem
2189 5578 2254 5628 de
2282 5589 2345 5629 eo
2381 5578 2614 5647 concipi.
2643 5578 2880 5651 Eamque
2906 5585 2975 5639 ob
2999 5600 3239 5655 causam,
3274 5604 3394 5659 qute
3424 5590 3527 5645 Int-

1941 5666 2069 5719 miui
2108 5668 2437 5723 conveniunt
2461 5668 2672 5724 loeutus
2705 5681 2810 5739 est,
2844 5674 3031 5731 dicens
3066 5697 3078 5733 :
3120 5698 3136 5730 t
3172 5680 3309 5733 Dcus'
3348 5698 3523 5743 utens,

1944 5759 2084 5812 Deus
2113 5774 2284 5825 meus,
2320 5776 2419 5815 cur
2477 5776 2563 5817 me
2598 5763 2981 5835 dereliquisti?
3015 5787 3032 5817 ι
3081 5779 3167 5824 et:
3211 5792 3225 5822 ι
3261 5771 3527 5831 Transeat

2360 5915 2403 5947 ”
2431 5915 2469 5969 ll
2498 5917 2636 5971 Tim.
2684 5935 2721 5988 t,
2768 5920 2851 5972 10.
2933 5925 2977 5952 ”
3011 5923 3197 5982 Blattb.
3238 5944 3405 5999 xu'n,
3432 5932 3521 5987 ιο.
