4032 6458
557 417 658 473 399

1546 422 1602 483 S.
1646 424 1914 481 CYRILLI
1956 426 2419 487 ALEXANDRINI
2461 433 2774 493 ARCHIEP.

3700 448 3805 505 460

556 552 583 589 a
616 552 702 591 me
734 534 865 591 calix
928 538 1043 593 iste.
1081 554 1099 589 ι
1133 537 1197 592 Et
1231 554 1289 594 re
1342 538 1454 609 ipsa
1511 545 1743 598 ostendit
1796 546 1937 615 quod
1985 547 2091 600 Deu

2226 550 2359 619 ἐμοῦ
2389 553 2447 605 τὸ
2482 557 2757 626 ποτήριον.
2791 575 2808 607 ι
2847 555 3083 610 Ἕδείκνυ
3133 559 3185 612 δέ
3230 558 3317 612 διὰ
3356 560 3465 613 τῶν
3510 560 3686 627 ἔργων
3721 565 3805 615 ὃτι

554 640 699 681 esset
728 628 817 697 qui
856 638 1071 697 propter
1099 642 1195 685 nos
1226 630 1538 687 incarnatus
1565 646 1701 699 erat,
1732 646 1891 706 atque
1926 638 2038 692 hac
2067 638 2117 690 iu

555 732 714 772 cruce
750 720 1022 774 sustinens
1066 730 1283 790 propter
1312 724 1549 777 omnium
1592 736 1833 781 nostrum
1862 728 2113 783 salutem.

555 806 772 862 Solares
812 808 954 862 enim
1003 810 1183 866 radios
1221 813 1512 877 contraxit,
1558 824 1611 868 et
1663 818 1897 873 tenebris
1924 818 2116 872 etelum

553 900 792 953 involvit.
821 898 991 955 Scidit
1029 911 1228 970 petras,
1262 909 1316 955 et
1356 910 1572 969 terram,
1608 914 1661 959 et
1704 906 1876 961 velum
1914 904 2113 977 templi,

551 990 761 1059 aliaque
799 989 962 1044 multa
1003 990 1257 1044 miracula
1287 990 1451 1045 edidit
1485 992 1551 1055 ",
1588 1002 1645 1048 ut
1682 995 1821 1051 Deus
1861 1012 1999 1058 esse.
2026 998 2115 1067 qui

551 1080 861 1133 incarnatus
898 1087 1039 1142 erat,
1085 1078 1371 1133 manifeste
1422 1085 1819 1139 ostenderetur.
1878 1084 2027 1141 Unde
2062 1096 2117 1141 et

551 1170 582 1223 ii
613 1172 701 1239 qui
744 1185 865 1225 eum
912 1170 1322 1235 crucitlserunt,
1358 1179 1622 1243 anteaque
1673 1174 1995 1241 deriserant,
2033 1178 2114 1230 vi-

545 1259 733 1313 dentes
755 1274 875 1329 quae
907 1259 1163 1313 divinitus
1189 1260 1485 1315 edebantur
1514 1264 1792 1328 miracula,
1821 1265 2073 1321 dicebam
2099 1286 2108 1319 :

547 1366 568 1402 s
604 1348 737 1403 Vere
773 1349 939 1404 Filius
967 1349 1057 1403 Dei
1086 1361 1202 1405 erat
1235 1352 1335 1407 iste
1361 1353 1423 1406 θ’.
1455 1372 1471 1403 ι

1219 1456 1443 1521 ALIUD.

620 1577 845 1631 Verbum
898 1576 987 1631 Dei
1018 1575 1217 1631 factum
1262 1588 1349 1633 est
1383 1580 1564 1645 homo,
1599 1597 1704 1635 nou
1750 1593 1807 1636 ut
1853 1594 2109 1655 tanquam

541 1667 679 1723 Deus
710 1678 833 1722 ante
863 1670 1289 1723 incarnationem
1316 1671 1497 1724 omnia
1546 1670 1706 1727 faciat
1736 1686 1789 1727 et
1840 1676 2107 1745 loquatur,

538 1759 633 1812 sed
682 1768 739 1811 ut
796 1757 985 1821 multa,
1036 1772 1099 1811 ex
1155 1759 1477 1814 necessitate
1524 1762 2009 1818 administrationis
2057 1768 2107 1820 in

2219 642 2352 707 Θεός
2396 646 2566 707 ἐστιν,
2617 649 2645 698 ὁ
2692 648 2758 699 δι’
2788 651 2935 719 ἡμᾶς
2984 650 3434 721 ἐνανθρωπήσσς,
3489 669 3582 705 και
3625 653 3804 709 ταῦτα

2221 735 2505 805 ὑπομένων
2551 740 2609 789 έν
2662 737 2737 807 τῷ
2792 742 3030 812 σταυρῷ,
3068 742 3155 795 διὰ
3196 742 3299 811 τὴν
3344 742 3600 796 ἁπάντων
3639 744 3802 813 ἡμῶν

2221 828 2524 897 σωτηρίανο
2559 830 2867 884 συνέστελλε
2900 836 2996 902 μιν
3026 835 3130 903 γάρ
3161 834 3263 903 τὴν
3305 836 3539 905 ἡλιακὴν
3577 838 3797 902 ἀκτῖνα,

2218 918 2311 971 καὶ
2344 919 2517 972 σκότω
2549 922 2869 991 περιέϐαλλε
2891 926 2982 979 τὸν
3012 925 3261 996 οὐρανὸν,
3288 928 3467 996 ἓηιζε
3494 928 3548 981 δὲ
3578 929 3677 992 τὰς
3703 930 3799 980 πέ-

2215 1025 2370 1079 τρας,
2406 1012 2498 1065 καὶ
2542 1021 2641 1082 την
2682 1015 2784 1085 γῆν
2818 1017 2911 1068 καὶ
2955 1018 3016 1070 τὸ
3060 1019 3456 1089 καταπέτασμα
3490 1020 3584 1072 τοῦ
3622 1020 3751 1075 ναοῦ
3778 1038 3793 1052 ο

2218 1103 2379 1173 ἐτερά
2432 1121 2484 1157 τε
2527 1105 2662 1176 πρὸς
2696 1107 2901 1170 τούτοις
2934 1111 3103 1162 tamtsi
3152 1111 3383 1180 μενάὶα,
3414 1111 3502 1163 ἵνα
3533 1112 3668 1175 Θεὸς
3714 1116 3798 1164 ἐν·

2216 1192 2584 1263 ανθρωπὴσας
2610 1196 2883 1265 φαίνηται.
2909 1199 3016 1253 Καὶ
3038 1198 3167 1267 γοῦν
3185 1203 3234 1252 οἱ
3261 1212 3679 1268 παυρωσαντες
3702 1205 3796 1254 καὶ

2216 1281 2383 1334 πάλαι
2414 1282 2679 1350 γελῶντες
2710 1286 2897 1349 αὑτὸν,
2928 1289 2995 1340 τὰ
3028 1288 3292 1359 γενόμενα
3325 1288 3524 1351 θεῖκῶς
3559 1289 3792 1358 ὁρῶντε,

2215 1373 2400 1439 ιλεγον
2424 1391 2437 1404 ’
2474 1393 2491 1424 s
2538 1375 2775 1446 Ἀληθῶς
2802 1378 2935 1430 Θεοῦ
2968 1380 3094 1442 Υἱὸς
3116 1375 3183 1450 ἦν
3207 1364 3383 1443 οὗτος.
3417 1400 3433 1432 t

2902 1494 3103 1545 ΑΛΛΟ.

2287 1602 2605 1673 Ἀνθρωπος
2637 1605 2853 1672 γέγονεν
2879 1608 2907 1659 ό
2934 1606 3028 1659 τοῦ
3061 1606 3195 1660 Θεοῦ
3230 1609 3424 1675 Λόγος,
3454 1612 3552 1679 οὐχ
3582 1612 3665 1661 ἵνα
3692 1612 3791 1663 πά-

2212 1691 2291 1743 λιν
2322 1693 2396 1752 ὡς
2422 1693 2554 1757 Θεὸς
2593 1695 2699 1765 πρὸ
2726 1698 2826 1766 τῆς
2855 1697 3321 1768 ἐνανθρωπήσεως
3352 1701 3532 1754 πάντα
3576 1704 3789 1771 πράττῃ

2212 1785 2305 1836 καὶ⁵
2350 1785 2503 1854 λαλῇ,
2529 1784 2645 1839 ἀλλ’
2675 1787 2760 1841 ἵνα
2807 1789 3068 1853 πολλάκις
3104 1791 3198 1843 καὶ
3221 1791 3310 1845 διὰ
3344 1790 3444 1862 τὴν
3473 1793 3661 1861 χρείαν
3692 1794 3791 1861 τῆς

536 1864 721 1912 carne,
752 1848 915 1902 etiam
952 1856 1007 1901 ut
1033 1849 1194 1902 homo
1223 1848 1497 1918 loquatur.
1530 1852 1665 1907 Cum
1704 1854 1866 1920 igitur
1900 1857 2010 1909 lucc
2038 1858 2097 1910 sil

2214 1876 2349 1944 μετὰ
2386 1848 2587 1946 σαρκὸς
2617 1880 2926 1948 οἰκονομίας
2950 1848 3134 1943 καὶῠώς
3160 1848 3449 1952 ἄνθρωπος
3473 1848 3616 1952 ,λέγῃ
3642 1848 3787 1936 τινάζ

536 1940 695 1995 Verbi
735 1944 1003 2008 potentia,
1046 1941 1313 2008 quomodo
1340 1956 1443 1995 non
1475 1943 1765 1999 absurdum
1804 1948 1873 2000 sit
1912 1946 2107 2004 oilcmli

534 2030 842 2089 nonnullos.
869 2045 987 2083 cum
1018 2032 1241 2086 audiunt
1267 2032 1441 2103 ipsum
1471 2032 1704 2088 humano
1732 2050 1879 2092 more
1909 2038 2109 2106 aliquid

534 2118 813 2173 locutum?
847 2117 1105 2187 Loquitur
1130 2122 1274 2175 enim
1301 2131 1358 2174 ut
1387 2121 1574 2187 homo;
1610 2121 1845 2191 loquitur
1868 2129 2027 2179 etiam
2054 2139 2110 2183 ut

535 2208 674 2263 Deus
709 2227 720 2260 :
759 2218 1048 2277 utrumque
1086 2212 1231 2264 enim
1274 2212 1324 2265 in
1365 2212 1533 2279 ipsius
1570 2224 1832 2282 potestate
1860 2228 1961 2271 est.
2002 2216 2109 2271 llu-

534 2314 690 2354 mano
718 2308 865 2354 certe
898 2316 1046 2355 more
1084 2302 1259 2355 dixit:
1301 2320 1319 2352 t
1361 2302 1511 2357 Nunc
1552 2305 1731 2359 anima
1772 2320 1888 2360 mea
1926 2309 2109 2361 turba-

530 2401 616 2447 tur
657 2391 732 2456 ";
775 2412 792 2444 ›
855 2394 1034 2446 divino
1070 2403 1249 2447 autem
1290 2409 1459 2458 more,
1514 2414 1531 2445 ι
1574 2394 1901 2451 Potestatem
1936 2399 2105 2452 habeo

530 2498 730 2553 ponere
788 2486 991 2552 ipsam,
1057 2494 1109 2537 et
1168 2500 1353 2539 rursus
1413 2496 1731 2553 potestatem
1796 2489 1963 2543 habeo
2013 2504 2105 2543 su-

528 2590 675 2629 mere
707 2575 875 2642 ipsam
909 2575 975 2626 “.
1019 2593 1035 2626 ι
1084 2575 1312 2629 Turbari
1348 2577 1547 2645 itaque,
1581 2576 1792 2631 all'eCIio
1844 2590 1924 2633 est
1953 2581 2100 2633 carni

527 2669 744 2737 propria
799 2685 813 2719 :
876 2676 1196 2737 potestatem
1257 2683 1384 2721 vero
1442 2669 1636 2722 habere
1692 2671 2009 2738 deponendi,
2051 2682 2100 2724 et

530 2772 715 2813 rursus
745 2760 1051 2813 assumendi
1086 2761 1341 2820 animam.
1369 2762 1618 2827 potentia:
1651 2760 1806 2815 Verbi
1841 2776 1972 2825 opus
2000 2772 2099 2815 est.

527 2849 987 2913 Quemadmodum
1046 2849 1230 2917 igitur,
1277 2864 1396 2902 cum
1449 2850 1649 2916 aliquid
1714 2852 1894 2904 divino
1954 2866 2101 2906 more

525 2938 677 3000 dicit,
719 2936 932 2991 tametsi
979 2946 1232 3005 appareat
1268 2940 1447 3000 homo,
1498 2954 1600 2992 non
1637 2937 1979 3003 olleudimur,
2009 2939 2099 2995 sed

528 3028 887 3097 intelligimus
942 3018 1177 3079 Verbum
1230 3028 1377 3082 carui
1446 3029 1804 3083 inhabitans:
1845 3031 1913 3081 ita
1978 3046 2097 3083 cum

2214 1966 2431 2037 Ταύτην
2462 1967 2674 2037 ἔχοντος
2704 1970 2798 2023 τοῦ
2836 1972 3133 2043 μυστηρίου
3156 1973 3255 2041 τὴν
3281 1974 3537 2045 δύναμιν,
3554 1975 3671 2037 πῶς
3692 1976 3790 2026 οὐκ

2210 2056 2409 2110 ἄτοπον
2448 2059 2894 2123 σκανδαλίζεσθαι
2933 2064 3059 2127 τοὺς
3092 2064 3485 2135 ἀκροωμένους
3517 2065 3791 2136 ἀνθρωπι-

2210 2149 2442 2221 νώτερον
2487 2150 2597 2203 καθ’
2630 2153 2717 2205 ὅτε
2769 2154 3054 2219 λαλοῦντος
3101 2157 3303 2222 αὑτοῦ;
3348 2158 3515 2211 Λαλεῖ
3559 2160 3666 2229 γὰρ
3715 2159 3791 2220 ὼς

2208 2241 2513 2311 ἄνθρωπος,
2533 2243 2681 2296 λαλεῖ
2708 2246 2763 2297 δὲ
2790 2247 2883 2299 καὶ
2914 2240 2989 2310 ὡς
3017 2248 3167 2312 Θεὸς,
3194 2249 3335 2319 ἔχων
3369 2250 3429 2302 ἐν
3454 2250 3788 2321 ἀμφοτέροις

2206 2331 2302 2401 τὴν
2332 2332 2593 2398 ἐξουσίαν.
2616 2334 2991 2405 ’Λνθρωπίνως
3037 2338 3133 2408 μὲν
3180 2340 3289 2411 γὰρ
3333 2338 3489 2407 ἔλεγε
3509 2357 3519 2369 ’
3559 2359 3579 2391 t
3611 2339 3725 2393 Νῦν
3750 2344 3785 2408 ή

2205 2426 2347 2495 ψυχή
2384 2444 2484 2495 μου
2514 2428 2865 2497 τετάρακται,
2895 2448 2911 2479 ι
2942 2430 3134 2492 θεῖκῶς
3159 2430 3212 2482 δέ
3240 2430 3402 2482 πάλιν
3421 2447 3432 2460 ·
3465 2450 3482 2481 s
3508 2431 3784 2494 Ἐξουσίαν

2205 2518 2313 2586 ἔχω
2348 2516 2519 2571 θεῖναι
2570 2519 2758 2589 αὐτὴν,
2795 2521 2887 2572 καὶ
2936 2521 3093 2573 πάλιν
3142 2514 3393 2585 ἐξουσίαν
3438 2520 3550 2590 ἔχω
3601 2522 3783 2575 λαϐεῖν

2203 2609 2389 2676 αὑτήν.
2425 2627 2442 2659 t
2481 2607 2551 2660 Τὸ
2590 2609 2689 2677 μὲν
2723 2606 2815 2663 οῦν
2848 2609 3231 2680 ταράττεσθαι,
3272 2612 3371 2680 τῆς
3417 2614 3618 2682 σαρκὸς
3654 2614 3781 2665 τδιον

2204 2698 2400 2761 πάθοςε
2438 2699 2499 2751 τὸ
2524 2700 2577 2751 δλ
2609 2700 2855 2765 ἐξουσίαν
2883 2701 3024 2770 ἔχειν
3064 2702 3233 2754 θεῖναί
3267 2719 3325 2753 τε
3362 2706 3456 2755 καὶ
3487 2704 3651 2755 πάλιν
3686 2704 3779 2755 λα-

2203 2787 2338 2848 ϐεῖν,
2366 2786 2465 2855 τῆς
2508 2787 2599 2839 τοῦ
2653 2789 2823 2853 Λόγου
2872 2789 3149 2858 δυνάμεως
3186 2789 3346 2857 ἔργον
3394 2792 3781 2863 ἐστίν.”Ωσπερ

2202 2872 2295 2929 οὖν
2330 2878 2457 2929 ὅταν
2505 2879 2637 2949 λέγῃ
2668 2895 2718 2930 τι
2749 2878 2962 2943 θεῖκῶς,
2999 2880 3175 2931 καίτοι
3220 2881 3545 2949 φαινόμενος
3580 2884 3789 2952 ἄνθρω-

2204 2984 2319 3028 πος,
2364 2969 2423 3019 οὐ
2477 2968 2937 3038 σκανδαλιζόμεθα
2964 3008 2979 3031 ,
3024 2969 3138 3022 ἀλλ’
3168 2970 3459 3039 ἐννοοῦμεν
3505 2972 3596 3024 τὸν
3640 2974 3775 3022 ἐνοιε

2201 3056 2398 3108 κοῦντα
2427 3060 2492 3127 τῇ
2526 3059 2691 3129 σαρκὶ
2724 3060 2894 3125 Λόγον
2913 3077 2925 3089 ”
2955 3058 3125 3121 οὕτως
3154 3060 3282 3111 ὅταν
3312 3077 3364 3111 τι
3408 3061 3544 3130 λαλῇ
3588 3063 3681 3113 καὶ
3704 3063 3777 3121 ὡς

527 3118 727 3187 aliquid
748 3126 805 3170 ιιι
828 3117 986 3171 homo
1010 3114 1270 3184 loquitur,
1292 3132 1358 3172 ne
1374 3116 2097 3187 oﬂ‘endamur,intclligentes

2201 3148 2502 3219 ἄνθρωπος,
2551 3149 2626 3219 μὴ
2670 3149 3172 3219 σκανδαλιζώμεθα,
3212 3150 3520 3214 ἐννοοῦντες
3570 3153 3649 3204 ὅτι
3703 3153 3777 3203 δι’

525 3208 663 3275 quod
696 3216 913 3275 propter
941 3221 1036 3260 nos
1072 3204 1243 3261 factus
1272 3216 1354 3261 est
1390 3208 1568 3272 homo,
1607 3218 1658 3261 et
1687 3223 1804 3277 quae
1848 3209 2092 3264 humana:

2201 3204 2342 3310 ἡμὰς
2397 3204 2626 3307 γέγονεν
2668 3204 2972 3311 ἄνθρωπος,
3014 3204 3110 3296 καὶ
3160 3204 3229 3296 τὰ
3274 3246 3338 3312 τῇ
3395 3204 3775 3313 ἅνθρωπότητι

527 3308 726 3350 natura:
755 3298 1099 3361 conveniunt,
1129 3295 1386 3365 loquitur.

1196 3405 1419 3463 ALIUD.

594 3524 674 3578 Ob
711 3524 930 3576 multam
976 3532 1138 3589 atque
1166 3524 1300 3578 adeo
1338 3525 1650 3579 immensam
1686 3520 2089 3596 benignitatem,

528 3614 755 3673 Verbum
783 3616 931 3669 nobis
955 3616 1188 3683 seipsum
1221 3614 1379 3685 235
1406 3618 1745 3671 commiscuit
1774 3613 1935 3687 atque
1965 3636 2091 3674 cou-

524 3709 855 3775 tcmpcravit,
886 3722 989 3759 non
1027 3716 1082 3758 ut
1118 3709 1168 3759 itt
1208 3721 1441 3759 nosnam
1474 3718 1716 3761 naturam
1763 3721 2084 3773 mutaretur,

522 3812 695 3864 neque
724 3799 865 3850 enim
900 3796 1001 3848 ulla
1038 3800 1261 3851 mutatio
1294 3798 1344 3849 in
1377 3798 1545 3865 ipsum
1578 3802 1751 3863 cadit,
1789 3806 1880 3856 sed
1912 3815 1965 3856 ut
1992 3821 2088 3859 nos

519 3891 620 3941 sibi
652 3890 1003 3941 commisccus
1028 3886 1089 3939 ad
1112 3903 1263 3941 suam
1294 3889 1604 3942 transferat.
1626 3894 2086 3954 Quemadmodum

520 3981 659 4030 enim
694 3995 789 4030 nos
818 3978 904 4045 qui
938 3978 1109 4044 ipsum
1138 3979 1473 4046 suscepimus
1503 3995 1598 4046 per
1625 3982 1792 4049 ipsius
1823 3984 2088 4039 inhabita-

521 4071 719 4121 tioucm
756 4071 806 4121 iu
834 4084 1020 4131 carne,
1048 4069 1227 4120 omnia
1268 4083 1385 4135 quae
1417 4068 1585 4136 ipsius
1622 4084 1747 4125 sunt
1789 4075 2081 4131 habemus:

522 4174 641 4209 nam
687 4168 738 4210 et
787 4158 875 4209 lilii
912 4158 1084 4210 vocati
1130 4171 1315 4211 sumus
1360 4158 1400 4187 “
1436 4168 1487 4210 et
1514 4160 1585 4213 dii
1623 4161 1686 4225 ",
1719 4164 1761 4216 si
1796 4180 1898 4219 non
1931 4178 2089 4220 natu-

2197 3333 2473 3399 πρέποντα
2499 3332 2663 3387 λαλεῖ.

2872 3445 3076 3502 ΑΛΛΟ.

2267 3558 2362 3610 Διὰ
2394 3557 2594 3625 πολλὴν
2625 3556 2715 3608 καὶ
2734 3557 2969 3627 ἄμετρον
2992 3556 3401 3627 φιλανθρωπίαν
3424 3556 3615 3608 ἐαυτὸν
3644 3559 3773 3626 ἡμῖν

2194 3650 2457 3714 ἐκέρασεν
2502 3650 2531 3700 ό
2582 3648 2673 3701 τοῦ
2724 3649 2858 3701 Θεοῦ
2910 3650 3114 3716 Λόγος*
3164 3649 3263 3719 οὐχ
3298 3650 3384 3701 ἴνα
3429 3650 3772 3718 μεταποιηθῇ

2193 3743 2326 3812 πρὸς
2352 3742 2410 3793 τὸ
2436 3742 2699 3811 ἡμέτερον
2724 3740 2906 3803 αὐτὸς,
2954 3741 3220 3809 ἄτρεπτος
3256 3741 3365 3809 γάρ
3399 3742 3513 3791 ἐστι
3546 3741 3641 3793 καὶ
3678 3741 3770 3792 άλ-

2190 3832 2402 3884 λοίωσιν
2441 3834 2539 3884 οὐκ
2578 3830 2752 3895 εἰδὼς,
2804 3830 2917 3883 ἀλλ’
2954 3830 3018 3882 ἵν’
3047 3831 3193 3899 ἡμᾶς
3241 3830 3512 3898 ἀναμίξας
3570 3829 3764 3896 ἑαυτῷ,

2196 3924 2471 3992 μεταϐάλῃ
2521 3923 2653 3991 πρὸς
2695 3923 2754 3974 τὸ
2795 3923 3229 3991 οἰκεῖον.”Ωσπερ
3277 3923 3382 3992 γάρ
3413 3924 3577 3992 ἡμεῖς
3609 3923 3771 3974 αὑτὸν

2190 4012 2469 4081 δεξάμενοι
2497 4012 2583 4063 διὰ
2610 4013 2669 4064 τὸ
2698 4013 2973 4081 ἐνοικῆσαι
2999 4013 3183 4081 σαρκὶ,
3216 4012 3394 4064 πάντα
3436 4011 3622 4063 λοιπὸν
3649 4012 3766 4079 ἔχο-

2192 4119 2289 4173 μεν
2320 4103 2385 4155 τὰ
2416 4103 2609 4155 αὐτοῦ·
2648 4104 2740 4155 καὶ
2772 4103 2879 4172 γάρ
2908 4104 3000 4155 καὶ
3034 4104 3139 4153 uici.
3175 4101 3493 4172 κεκλήμεθα
3516 4102 3610 4152 καὶ
3633 4100 3764 4159 θεοὶ.

2190 4196 2235 4245 εί
2271 4194 2363 4247 καὶ
2396 4194 2471 4263 μὴ
2502 4194 2745 4261 φυσικῶς
2770 4194 2957 4264 ὥσπερ
2981 4193 3162 4257 αὐτὸς,
3181 4193 3321 4247 άλλά
3341 4210 3405 4260 γε
3427 4192 3571 4244 κατὰ
3588 4194 3762 4261 χάριν·

520 4251 722 4309 raliter,
755 4260 810 4301 ut
843 4252 972 4317 ipse,
1000 4249 1190 4301 saltem
1236 4265 1329 4317 per
1359 4253 1586 4319 gratiam
1620 4269 1632 4304 :
1670 4256 1742 4308 ita
1775 4259 1936 4311 etiam
1971 4262 2085 4329 ipse

2201 4285 2326 4337 ὤτω
2356 4249 2675 4348 καὶιαύτὸς,
2717 4249 2803 4338 {ire
2837 4249 2973 4356 πρός
3005 4249 3160 4355 ἡμᾶς,
3184 4249 3452 4354 ἀνεμίγθη
3480 4249 3765 4353 γενόμενος

519 4341 729 4409 quando
758 4343 907 4392 nobis
932 4342 1249 4393 commistus
1283 4351 1382 4406 est,
1416 4342 1588 4399 luctus
1614 4347 1868 4402 nimirum
1900 4354 2081 4416 homo,

518 4446 702 4483 omnes
739 4431 1073 4483 inﬁrmitates
1100 4441 1311 4485 nostras
1346 4434 1575 4499 gestavit
1605 4455 1616 4488 :
1652 4446 1701 4490 et
1747 4438 1859 4506 ipse
1895 4454 2084 4508 passus

2169 4378 2493 4447 ivepwwoc,
2547 4378 2770 4447 ἐφόρεσε
2819 4378 2917 4439 τὰς
2969 4377 3252 4440 ἀσθενείας
3299 4376 3490 4446 ἡμῶνο
3548 4377 3642 4427 καὶ
3692 4382 3765 4437 ὡς

2186 4468 2349 4529 αὐτὸς
2379 4466 2659 4528 πεπονθὼς
2694 4468 3005 4536 νενόμισται
3039 4467 3462 4535 ίδιοποιοῦμενος
3504 4466 3644 4533 μετὰ
3672 4466 3761 4517 τοῦ

519 4537 640 4574 esse
675 4530 941 4581 censetur,
972 4537 1091 4573 cum
1136 4536 1325 4576 omnes
1362 4526 1541 4593 templi
1586 4529 1725 4595 quod
1765 4531 2085 4587 inhabitavit

2201 4526 2588 4627 ἂναληφθέντος
2622 4526 2747 4611 ναοῦ
2780 4526 2872 4611 καὶ
2899 4558 2967 4611 τὰ
3000 4560 3057 4611 ἐν
3089 4557 3256 4625 αὐτῷ,
3294 4558 3378 4608 ἵνα
3414 4557 3506 4609 καὶ
3541 4558 3599 4608 ἐν
3638 4558 3763 4626 ἡμῖν

518 4613 873 4680 proprietates
926 4611 1022 4662 sibi
1080 4613 1437 4681 vindicasset,
1494 4628 1551 4671 ut
1602 4620 1763 4673 etiam
1815 4622 1865 4674 in
1926 4626 2080 4680 nobis

517 4705 795 4770 passiones
826 4703 1005 4755 carnis
1035 4704 1529 4775 exstinguerentur,
1566 4711 1873 4779 similesque
1902 4714 2079 4771 ellice-

518 4808 697 4845 mnur
726 4791 965 4855 Christo,
1014 4796 1103 4861 qui
1148 4805 1331 4853 nostra
1376 4808 1594 4868 propter
1638 4816 1735 4859 nos
1786 4804 1837 4857 in
1892 4821 1949 4859 se
1998 4823 2081 4862 as-

514 4890 755 4948 Sumpsn.

1189 4978 1411 5034 ALIUD.

588 5085 723 5137 Deus
769 5084 959 5141 alicubi
998 5104 1090 5157 per
1144 5101 1359 5145 sanctos
1404 5096 1691 5162 prOphetas
1740 5102 1806 5153 ait
1848 5142 1861 5167 ,
1912 5102 2079 5161 Israe-

516 5175 635 5227 litas
665 5178 729 5229 de
762 5179 1080 5245 quihusdam
1126 5185 1359 5251 peccatis
1386 5199 1639 5254 arguens,
1677 5195 1929 5259 quoniam
1959 5201 2079 5259 «Fi-

513 5267 613 5320 lius
643 5284 825 5322 eorum
874 5272 1221 5326 traduxerunt
1253 5290 1347 5341 per
1392 5278 1588 5345 ignem,
1619 5295 1773 5347 quem
1808 5302 1910 5338 non
1942 5303 2080 5355 pra»

512 5361 628 5426 (ξι-ιιὶ
651 5362 748 5426 eis,
780 5376 949 5429 neque
986 5366 1210 5432 cogitavi
1240 5367 1289 5419 in
1322 5371 1481 5421 corde
1511 5386 1627 5424 meo
1652 5372 1714 5425 ⁸³.
1754 5393 1771 5424 ι
1802 5373 1864 5428 Et
1897 5394 2082 5435 rursus

514 5452 579 5503 ad
618 5450 913 5506 Jerusalem
983 5469 997 5505 :
1039 5454 1277 5510 «Dolore
1306 5458 1527 5513 alIecisti
1588 5479 1670 5517 me
1724 5466 1774 5517 in
1827 5474 2079 5527 omnibus

517 5543 598 5595 his
630 5542 694 5596 ".
736 5563 751 5593 ›
792 5546 915 5597 Item
967 5550 1030 5599 dc
1079 5548 1196 5603 aliis
1248 5554 1484 5620 peccatis
1526 5572 1538 5606 :
1582 5576 1596 5604 ι
1638 5553 1886 5627 Nunquid
1917 5580 2079 5634 super

585 5698 625 5727 ⁵⁷
655 5699 841 5751 Matth.
890 5718 1052 5765 xxv”,
1092 5704 1289 5759 iii—55.
1399 5710 1442 5739 ⁵⁸
1475 5711 1603 5765 iliitl.
1638 5714 1724 5767 54.

515 5777 699 5829 LXXXI,
740 5772 768 5816 li
797 5788 807 5833 ;
836 5768 987 5823 Juutt.
1036 5775 1193 5840 x,55.
1274 5777 1314 5806 ⁸³
1352 5778 1552 5833 Juretti.
1592 5788 1765 5846 x:x,.‘i.

1822 5717 1865 5747 ‘9
1893 5717 2049 5771 δίκην.
2095 5738 2190 5786 xtt,
2223 5724 2309 5778 ‘27.

1844 5789 1887 5818 ’³⁸
1921 5792 2048 5841 illiti.
2092 5792 2172 5846 15,

2188 4648 2432 4718 νεκρωθῇ
2465 4648 2531 4701 τὰ
2560 4652 2655 4717 τῆς
2691 4650 2892 4719 σαρκὸς
2924 4649 3093 4718 πάθη,
3128 4650 3433 4719 τρεχόντων
3472 4649 3551 4710 εἰς
3593 4649 3765 4717 ὁμοιό-

2188 4756 2322 4808 τητα
2368 4740 2463 4791 τοῦ
2509 4740 2576 4791 τὰ
2620 4740 2774 4809 ἡμῶν
2801 4743 2867 4792 δι’
2901 4743 3046 4810 ἡμᾶς
3074 4742 3153 4801 είς
3184 4740 3375 4792 ἑαυτὸν
3408 4738 3763 4801 ἀναλαϐόντος

2188 4830 2444 4898 Χριστοῦ.

2876 5008 3075 5061 ΑΛΛΟ.

2258 5122 2393 5189 Φησί
2424 5139 2525 5173 που
2555 5121 2686 5184 Θεὸς
2719 5122 2804 5175 διὰ
2830 5123 2934 5175 τῶν
2968 5124 3137 5190 ἁγίων
3160 5122 3482 5193 προφητῶν,
3510 5122 3602 5173 ἐπί
3625 5139 3765 5175 τισιν

2188 5211 2481 5281 ἁμαρτίαις
2523 5212 2647 5274 τοὺς
2692 5212 2750 5275 ἐξ
2787 5212 2998 5283 Ἰσραὴλ
3033 5212 3489 5280 καταιτιώμενος,
3520 5213 3599 5263 ὅτι
3636 5231 3652 5261 ι
3683 5211 3762 5263 Τά

2186 5301 2348 5355 τέκνα
2396 5302 2575 5354 αὐτῶν
2626 5303 2809 5373 διῆγον
2856 5304 2943 5356 διὰ
2979 5305 3167 5374 πυρὸς,
3198 5306 3225 5355 ὃ
3270 5306 3370 5355 οὐκ
3410 5304 3762 5372 ἐνετειλάμην

2184 5393 2385 5457 αὐτοῖς,
2429 5396 2524 5446 καὶ
2574 5395 2631 5445 οὐ
2682 5381 2961 5466 διενοήθην
2996 5399 3054 5448 ἐν
3086 5398 3153 5465 τῇ
3201 5396 3399 5465 καρδίᾳ
3448 5412 3569 5463 μου.
3600 5420 3617 5445 ι
3653 5395 3762 5449 Καὶ

2185 5483 2343 5535 πάλιν
2374 5485 2446 5545 ὡς
2475 5484 2610 5554 πρὸς
2640 5488 2737 5557 τὴν
2765 5488 3142 5557 Ἰερουσαλήμ·
3183 5506 3198 5536 ι
3228 5487 3337 5539 Καὶ
3357 5486 3573 5548 ὲλύπεες
3610 5503 3674 5553 με
3705 5488 3762 5536 ἐν

2184 5570 2315 5624 πᾶσι
2346 5574 2571 5637 τούτοις.
2608 5595 2625 5624 ι
2676 5570 2784 5629 Καὶ
2812 5578 2970 5629 πάλιν
3002 5579 3085 5643 ἐφ’
3114 5578 3324 5646 ἑτέροις
3362 5578 3581 5638 κακοῖς·
3622 5596 3636 5623 ι
3672 5576 3760 5644 Μὴ

2421 5728 2462 5757 ⁶⁰
2490 5724 2641 5783 .luan.
2690 5746 2738 5795 κ,
2778 5732 2858 5783 18.
2943 5731 2981 5761 ί¹
3028 5731 3238 5787 lJoan.
3276 5748 3355 5797 tu,
3400 5733 3442 5783 l.
3543 5729 3752 5783 "Paul.
