4032 6486
235 517 334 577 ιοι

1667 514 2110 574 THESAUIlL'S.

3336 576 3343 581 ο
3414 500 3520 560 tua

226 638 324 691 ιπὶ
369 639 577 703 τούτοις
625 638 725 692 οὐκ
773 636 1197 710 όργισθήσομαι,
1227 636 1375 706 λέγει
1412 636 1638 707 Κύριος,
1679 636 1713 707 ἦ
1764 637 1822 688 ιν

1933 635 2015 691 his
2041 649 2149 690 non
2180 633 2407 694 irascar,
2433 628 2565 685 dicit
2595 623 2879 685 Dominus,
2920 628 2975 676 et
3004 618 3057 673 in
3096 626 3255 689 gente
3288 616 3379 669 tali
3410 630 3516 670 non

225 730 342 801 λαῷ
384 729 621 800 τοιούτῳί
652 729 755 783 οὐκ
800 728 1077 800 ἐκδικήσει
1131 730 1165 799 ἡ
1219 728 1364 800 ψυχή
1419 745 1552 799 μου;
1587 747 1606 780 a
1643 727 1815 798 Δήλου

222 821 521 895 τοιγαροῦν
569 820 909 893 ὑπάρχοντος
945 820 1150 875 άπασιν
1175 818 1252 884 ὡς
1290 822 1320 873 6
1356 818 1449 873 τοῦ
1480 818 1616 872 Θεοῦ
1644 817 1818 886 Λόγος

220 908 299 989 ἦν
331 915 360 968 6
390 915 449 968 ὲν
474 914 587 978 τοῖς
616 913 927 985 προφήταις
968 910 1039 966 τὰ
1079 910 1304 967 τοιαῦτα
1349 908 1546 975 λαλῶν,
1577 909 1630 964 τί
1661 909 1819 979 ποιή⁸

226 1021 418 1068 σουσιν
450 1004 500 1058 oi
528 1004 925 1077 χριστομάχοι;
952 1003 1149 1076 Ψυχὴν
1164 999 1275 1074 ἄρα
1301 1003 1396 1057 καὶ⁵
1420 1001 1648 1075 καρδίαν
1670 1019 1820 1073 περι-

222 1097 491 1167 θήσουσιν
514 1096 683 1168 αὐτῷ,
713 1096 903 1168 ἐροῦσι
939 1095 996 1149 δὲ
1043 1095 1122 1167 τῷ
1164 1095 1265 1166 τῆς
1297 1094 1476 1166 λύπης
1501 1092 1818 1165 κρατεῖσθαι

223 1185 396 1247 1ιιῖάθει
442 1186 537 1241 καὶ
567 1186 647 1257 τῷ
692 1185 794 1255 τῆς
837 1184 1029 1256 ὀργῆς,
1061 1184 1149 1239 ἵνα
1183 1183 1258 1256 μὴ
1286 1183 1446 1239 πλέον
1475 1201 1528 1238 τι
1557 1182 1697 1254 ἔχων
1722 1183 1817 1237 άν-

218 1277 450 1349 θρώπου
491 1276 771 1347 φαίνηται,
807 1278 836 1331 ό
862 1276 1005 1348 ὑπὲρ
1035 1278 1216 1333 πᾶσαν
1242 1275 1481 1346 γενητὴν
1512 1274 1675 1344 φύσιν
1717 1274 1819 1329 ὕπ-

220 1366 415 1437 άρχων
436 1366 530 1419 τοῦ
556 1364 692 1419 Θεοῦ
717 1365 913 1434 Λόγος,
940 1365 1038 1419 καὶ
1070 1365 1327 1428 τοσοῦτος
1371 1364 1497 1429 ὅσος
1522 1363 1617 1419 καὶ
1649 1364 1679 1418 6
1710 1364 1821 1418 Πα-

217 1459 369 1535 τήρ;
408 1456 547 1516 Ἀλλ’
579 1459 712 1522 ἴσως
740 1456 902 1512 τοῦτο
930 1457 1029 1529 μὲν
1056 1458 1513 1528 παραιτήσονταν
1550 1454 1737 1527 ἐροῦσι
1765 1455 1821 1509 δὲ

218 1546 486 1618 εἰρῆσθαι
532 1546 601 1602 τὰ
644 1547 867 1603 τοιαῦτα
916 1546 1070 1619 παρὰ
1116 1546 1211 1601 τοῦ
1240 1548 1418 1616 Λόγου
1450 1544 1728 1618 τροπικῶς
1760 1562 1819 1598 τε

220 1638 329 1691 καὶ
373 1636 885 1714 συγκαταϐατικῶς.
909 1639 973 1693 Et
998 1638 1178 1692 τοίνυν
1224 1639 1332 1709 πρὸ
1379 1639 1480 1709 τῆς
1525 1636 1821 1709 ἐπιδημίας

219 1727 299 1780 τά
326 1726 549 1791 τοιαῦτα
574 1727 786 1797 λέγοντι
814 1727 893 1799 τῷ
918 1727 1034 1798 Υἱῷ
1058 1727 1153 1781 τοῦ
1181 1727 1339 1795 Θεοῦ,
1356 1728 1417 1783 τὸ
1439 1724 1589 1798 αὑτῷ
1610 1726 1821 1798 πρέπον

220 1818 453 1889 ἀξίωμα
477 1818 748 1891 σώζομεν,
765 1819 880 1874 ἄνω
894 1819 991 1874 καὶ
1010 1818 1189 1889 λύπης
1206 1821 1300 1873 καὶ
1324 1820 1494 1891 ὀργῆς
1511 1817 1605 1877 καὶ
1622 1817 1821 1881 παντὸς

224 1908 441 1974 πάθους
488 1909 758 1983 ὑπάρχειν
786 1909 952 1965 αὑτὸν
988 1910 1486 1981 διαϐεϐαιούμενοι,
1518 1910 1623 1965 κᾶν
1646 1908 1735 1964 διὰ
1758 1908 1821 1962 τὸ

221 2002 505 2072 χρήσιμον
532 2002 827 2075 ὑπομένειν
856 2002 997 2058 αὐτὰ
1025 2002 1417 2076 προσποιῆται,
1438 2002 1554 2066 πῶς
1575 2002 1676 2056 οὐκ
1702 2001 1825 2056 άτο-
1853 1990 1897 2047 Β

230 2108 359 2157 πον,
380 2093 469 2147 ὅτε
498 2096 725 2162 γέγονεν
740 2094 839 2149 ἄνθ
847 2110 1029 2166 ρωπος
1058 2094 1157 2148 καὶ
1168 2097 1227 2147 ὲν
1255 2096 1323 2165 τῇ
1341 2091 1517 2148 ταῦτα
1535 2091 1820 2165 πασχούσῃ

228 2184 401 2255 σιρκὶ
433 2184 803 2256 καταϐέϐηκε,
837 2185 914 2259 μὴ
958 2188 1267 2258 συγχωρεῖν
1291 2186 1440 2257 αύτῷ
1491 2186 1561 2240 τά
1596 2185 1824 2241 τοιαῦτα

225 2269 443 2339 λέγοντι
478 2271 663 2343 μένειν
712 2276 771 2329 ὲν
816 2274 1077 2348 ἀπαθείᾳ,
1105 2275 1337 2347 ἐχούσης
1382 2274 1525 2331 αὐτὰ
1578 2275 1825 2345 φυσικῶς

226 2362 336 2431 τῆς
382 2362 607 2434 σαρκὸς,
641 2364 711 2434 ἢν
758 2365 827 2419 δι’
854 2368 1005 2439 ἡμᾶς
1037 2366 1268 2423 ἀνέλαϐε
1305 2368 1446 2439 μετὰ
1474 2368 1691 2424 πάντων
1716 2368 1825 2422 τῶν

230 2456 375 2525 αὐτῇ
412 2457 728 2526 προσόντων
766 2459 1049 2528 φυσικῶςς
1094 2460 1542 2534 Ἀνθρωπότητος
1580 2462 1637 2515 δὲ
1669 2461 1824 2524 [διον.

227 2544 296 2597 τὸ
350 2545 581 2613 κλαίειν,
641 2547 737 2615 καὶ
778 2548 1163 2619 ταράττεσθαι,
1221 2552 1317 2605 καὶ
1357 2552 1683 2623 ἀδημονεῖν,
1733 2552 1827 2604 καὶ¹

231 2638 631 2708 παραιτεῖσθαι
681 2640 775 2698 τὸν
817 2640 1085 2709 θάνατον,
1140 2643 1234 2704 καὶ
1288 2648 1357 2697 τὰ
1402 2642 1615 2708 τούτοις
1664 2644 1827 2714 ὅμοια

232 2728 491 2800 πάσχειν.

706 2877 1075 2967 ΛΟΓΟΣ
1148 2883 1347 2967 KE’.

276 3051 380 3119 Είς
407 3051 498 3122 τὸ,
531 3072 552 3107 ι
575 3055 961 3129 Πρωτότοκος
1001 3057 1212 3129 πάσης
1236 3059 1511 3129 κτίσεως,
1542 3081 1559 3115 ι
1600 3063 1689 3117 ὅτι
1724 3064 1796 3117 οὐ

799 3126 1022 3198 κτίσμα
1049 3127 1082 3182 ὁ
1115 3130 1268 3195 Υἱός.

503 3261 832 3323 “Antaeum;
871 3262 941 3317 ἐκ
977 3262 1097 3318 τῶν
1135 3263 1582 3337 χριστομάχων.

312 3395 377 3448 El
422 3394 497 3467 μὴ
544 3396 750 3467 κτίσμα
777 3437 791 3461 ,
830 3397 1031 3466 φασὶν,
1073 3397 1310 3470 ὑπάρχει
1354 3401 1384 3453 6
1418 3400 1565 3467 Υίδς,
1611 3402 1714 3457 ούκ
1765 3404 1830 3459 ἂν

236 3480 447 3557 ὶκλήθη
474 3486 823 3557 πρωτότοκος
870 3487 1052 3558 πάσης
1099 3488 1361 3555 κτίσεωςο
1392 3492 1469 3556 ὡς
1494 3492 1604 3562 γάρ
1633 3494 1835 3571 πολλὴν

238 3575 382 3647 ἔχων
409 3577 547 3648 πρὸς
574 3576 645 3632 τὰ
670 3578 933 3648 γεγονότα
958 3580 1059 3652 τὴν
1086 3579 1393 3649 εὐγένειαν,
1421 3584 1471 3637 εί
1495 3590 1587 3639 καὶ
1620 3586 1836 3658 πρῶτος

240 3665 425 3720 αὐτῶν
450 3667 538 3739 εἴη
572 3670 667 3723 καὶ
698 3670 807 3742 πρὸ
833 3671 1051 3727 πάντων
1077 3673 1218 3739 ἐστὶ,
1250 3674 1345 3728 καὶ
1379 3674 1552 3750 ταύτῃ
1575 3676 1837 3749 κέκληται

240 3754 307 3825 τῆ
338 3754 657 3828 mmsis-

742 3898 899 3967 Πρός
935 3899 1112 3956 τοῦτο
1147 3901 1347 3968 λύσις.

315 4015 467 4087 Πρὸς
513 4014 615 4087 μὲν
635 4014 705 4069 τά
727 4014 953 4070 τοιαῦτα
980 4016 1089 4072 τῶν
1145 4017 1443 4090 αἱρετικῶν
1478 4017 1842 4092 προϐλήματα

248 4109 312 4160 οὗ
329 4106 567 4177 χαλεπὸν
599 4106 923 4175 ἀντιλέγειν.
943 4107 1152 4162 Ἐκεῖνο
1176 4108 1234 4162 δὲ
1262 4108 1369 4180 χρὴ
1394 4110 1613 4182 πρῶτον
1640 4113 1835 4166 εἰπεῖν’

1922 727 2217 783 ulciscetur
2266 723 2451 778 anima
2497 734 2615 775 mea
2656 715 2751 770 ιιι
2798 735 2815 768 ι
2868 712 3002 769 Cum
3055 710 3220 781 igitur
3266 707 3520 763 omnibus

1922 817 2272 873 manifestum
2298 814 2375 870 si;
2402 811 2495 869 Dei
2542 809 2780 865 Verbum
2806 808 2861 862 in
2881 802 3162 876 prophetis
3182 798 3517 871 ejuscemodi

1920 911 2158 967 locutum
2193 922 2338 975 esse,
2395 906 2526 978 quid
2574 904 2781 961 facient
2841 902 3031 957 hostes
3089 893 3335 951 Christi?
3386 889 3521 948 Ani-

1921 1015 2139 1058 mamne
2183 1009 2239 1057 et
2280 1013 2376 1056 cor
2427 998 2669 1053 tribuent
2717 994 2853 1059 Deo,
2898 1000 2955 1049 et
3003 990 3175 1046 dolori
3214 995 3381 1057 atque
3427 982 3521 1039 ira

1919 1092 2213 1151 obnoxium
2272 1089 2439 1146 fuisse
2492 1089 2710 1153 dicent,
2762 1094 2820 1140 ut
2882 1083 3020 1139 nihil
3074 1078 3310 1151 amplius
3352 1089 3518 1147 quam

1919 1187 2083 1242 homo
2106 1183 2365 1240 habuisse
2378 1182 2629 1237 videatur
2650 1178 2887 1235 Verbum
2917 1175 3011 1232 Dei
3036 1185 3253 1230 onmem
3271 1178 3518 1225 creatam

1921 1285 2169 1333 naturam
2198 1288 2465 1345 superans
2485 1312 2501 1338 ,
2529 1272 2783 1343 quodque
2812 1278 3023 1325 tantum
3055 1271 3140 1320 est
3169 1268 3410 1333 quantus
3434 1266 3522 1313 est

1924 1369 2039 1439 ipse
2074 1365 2277 1421 Pater?
2324 1362 2441 1420 Non
2487 1361 2709 1429 facient,
2755 1359 2984 1431 opinor;
3036 1354 3130 1409 sed
3178 1347 3446 1419 ejusmodi
3490 1360 3522 1401 a

1923 1458 2103 1514 Verbo
2123 1456 2268 1515 dicta
2288 1468 2411 1511 esse
2433 1451 2781 1508 allirtnabunt
2804 1445 3114 1518 iigtlrative.
3138 1442 3221 1497 vel
3246 1439 3525 1497 hmniliter

1922 1564 2045 1605 cum
2074 1547 2406 1604 demissione
2447 1543 2554 1601 sui.
2600 1541 2660 1599 Si
2693 1555 2825 1612 ergo
2870 1538 3010 1594 Filio
3042 1536 3137 1591 Dei
3186 1529 3518 1605 ejuscemosli

1924 1640 2073 1696 dicta
2097 1646 2223 1697 ante
2253 1634 2683 1693 incarnationem
2713 1630 2941 1695 dicenti,
2969 1628 3216 1684 eamdem
3245 1637 3399 1681 suam
3439 1620 3523 1675 di-

1922 1730 2184 1801 gnitatem
2217 1741 2525 1794 servamus,
2580 1738 2759 1795 neque
2796 1722 2904 1779 ulla
2954 1721 3037 1775 vel
3073 1720 3180 1787 ira,
3214 1716 3298 1771 vel
3333 1711 3521 1769 dolore

1923 1821 2060 1878 allici
2095 1833 2402 1886 censemus,
2443 1818 2730 1888 omnisque
2775 1813 3050 1884 passionis
3091 1817 3371 1881 expertem
3400 1820 3523 1860 esse

1924 1911 2276 1978 amrmamus,
2297 1908 2512 1967 tametsi
2544 1907 2796 1964 utilitatis
2825 1902 3054 1973 alicujus
3070 1915 3233 1957 causa
3253 1899 3321 1954 iis
3348 1897 3523 1957 obno-

1927 2005 2049 2061 xius
2081 2018 2202 2061 esse
2231 2007 2465 2074 ﬁngatur
2494 2020 2510 2057 :
2548 1999 2818 2071 quomodo
2846 2012 2958 2054 non
2998 1993 3298 2052 absurdum
3333 1989 3522 2052 fuerit.

1927 2111 2049 2153 cum
2076 2096 2251 2153 factus
2283 2095 2357 2151 sit
2381 2094 2545 2151 homo
2581 2102 2637 2151 et
2675 2094 2731 2150 in
2760 2105 2987 2149 carnem
3016 2089 3086 2145 iis
3136 2082 3525 2143 aﬁ‘ectionibus

1925 2188 2217 2245 obnoxiam
2248 2186 2613 2255 descenderit,
2647 2199 2758 2242 non
2794 2182 3097 2242 concedere
3128 2181 3202 2246 ei,
3228 2172 3526 2234 utetiamsi

1925 2279 2191 2353 ejusmodi
2236 2278 2404 2344 dicat,
2456 2278 2725 2349 passionis
2771 2287 2955 2335 tamen
2988 2275 3083 2331 'sit
3119 2286 3336 2341 expers,
3399 2280 3523 2325 cum

1927 2370 2249 2428 naturaliter
2272 2370 2363 2427 illa
2394 2370 2566 2426 insint
2594 2369 2769 2435 carni,
2800 2384 2967 2439 quam
2995 2380 3097 2438 pro
3128 2364 3285 2420 nobis
3311 2373 3527 2416 assum-

1928 2464 2056 2537 psit,
2093 2478 2216 2521 cum
2243 2463 2498 2519 omnibus
2529 2462 2649 2533 ejus
2681 2460 3024 2517 naturalibus
3064 2448 3530 2528 proprietatibus?

1932 2552 2149 2610 Homini
2217 2560 2399 2607 autem
2459 2551 2739 2623 proprium
2795 2560 2923 2614 est,
2989 2548 3118 2603 flere
3168 2552 3225 2601 et
3288 2538 3525 2601 turbari,

1931 2660 2274 2717 mmroreque
2299 2644 2463 2713 allici,
2492 2656 2548 2704 et
2575 2653 2805 2702 mortem
2836 2642 3154 2705 formidare,
3195 2636 3413 2705 aliaque
3444 2631 3528 2685 his

1930 2736 2127 2795 similia
2154 2738 2286 2808 pati.

2244 2888 2829 3025 ASSERTIO
2899 2890 3209 2979 xxv.

1935 3069 2103 3143 πθ
2139 3068 2209 3124 In
2257 3066 2897 3150 illudhcnﬂrintogenitsts
2921 3062 3379 3150 omnispcreamm
3403 3059 3470 3123 “.
3504 3078 3536 3122 ι

2291 3140 2431 3209 quod
2467 3137 2640 3191 Filius
2665 3152 2771 3191 non
2801 3137 2866 3190 sit
2905 3142 3170 3188 creatura.

2364 3274 2600 3341 Objectio
2632 3273 2859 3328 hostium
2891 3270 3113 3325 Christi.

2014 3412 2072 3468 Si
2116 3410 2310 3475 Filius,
2348 3410 2620 3478 inquiunt,
2657 3423 2766 3466 non
2814 3414 2898 3464 est
2929 3414 3204 3470 creatura,
3240 3420 3351 3461 non
3387 3419 3536 3461 esset

1940 3510 2163 3560 vocatus
2218 3502 2614 3572 primogenitus
2666 3498 2848 3555 omnis
2894 3505 3163 3553 creatum
3224 3513 3238 3551 :
3296 3512 3421 3550 nam
3476 3507 3538 3549 ut

1940 3607 2191 3663 magnam
2226 3592 2391 3648 habet
2434 3607 2559 3646 cum
2607 3589 2879 3647 creaturis
2929 3586 3267 3654 afﬁnitatem,
3316 3588 3533 3643 tametsi

1940 3686 2148 3756 primus
2178 3686 2230 3739 in
2262 3685 2328 3740 iis
2362 3694 2526 3755 atque
2543 3692 2670 3739 ante
2692 3695 2881 3737 omnes
2910 3679 3003 3746 sit,
3043 3679 3246 3735 idcirco
3270 3678 3412 3734 hanc
3434 3693 3533 3749 ap-

1941 3775 2285 3845 pellationem
2323 3785 2514 3832 nactus
2552 3784 2657 3831 est.

2460 3910 2666 3966 Salutio
2692 3910 3020 3981 objectionia.

2016 4023 2240 4079 Diliicile
2269 4038 2373 4077 non
2406 4033 2490 4079 est
2524 4022 2859 4090 eiuscemodi
2880 4020 3280 4090 objectionihus
3315 4021 3537 4076 haereti-

1944 4130 2131 4169 corum
2154 4115 2503 4183 respondere.
2529 4114 2659 4169 Illud
2690 4130 2819 4169 vero
2845 4114 3079 4185 primum
3102 4112 3390 4168 dicendum
3415 4121 3535 4168 est:

251 4197 317 4250 El
340 4197 402 4250 τὸ
439 4198 786 4270 πρωτότοκος
804 4198 977 4269 ὄνομα
1009 4199 1445 4268 συγκατατάττει
1466 4204 1531 4272 τῇ
1553 4202 1728 4256 κτίσει
1750 4204 1829 4257 τοι

1944 4206 1999 4262 Si
2034 4221 2227 4262 nomen
2272 4206 2617 4277 primogeniti
2668 4205 2863 4261 Filium
2903 4206 2957 4259 in
2990 4203 3183 4260 eodem
3223 4218 3347 4259 cum
3379 4218 3541 4259 crea-

249 4286 403 4353 Υίδν,
432 4286 779 4352 ύπεξελεῖται
830 4288 1051 4352 πάντως
1082 4287 1246 4343 αὑτὸν
1284 4288 1319 4360 ἡ
1364 4288 1458 4343 τοῦ
1502 4288 1829 4358 Μονογενοῦς

1947 4298 2085 4353 turis
2111 4297 2303 4353 ordine
2338 4297 2594 4362 collocat,
2630 4296 2836 4352 eximet
2859 4306 3010 4351 certe
3051 4294 3203 4350 illum
3237 4296 3306 4349 ah
3347 4309 3537 4350 earum

251 4379 627 4452 προσηγορία⁶
653 4377 847 4450 ὥσπερ
895 4377 1005 4451 γὰρ
1050 4379 1151 4433 οὐκ
1178 4380 1244 4434 ἄν
1268 4396 1355 4443 τις
1383 4379 1600 4435 καλοῖτο
1630 4380 1829 4452 πρωτό-

1946 4405 2174 4446 numero
2208 4389 2479 4459 Unigeniti
2509 4386 2821 4459 appellatio.
2852 4386 3319 4454 Quemadmodum
3375 4386 3541 4457 igitur

249 4488 433 4536 τόκος,
465 4472 514 4528 si
570 4470 645 4543 μὴ
698 4471 926 4535 πολλοὺς
972 4469 1086 4541 ιχοι
1114 4472 1241 4534 τοὺς
1284 4471 1570 4541 ἀδελφοὺς,
1604 4464 1680 4526 ὧν
1725 4473 1829 4526 ἐστι

1948 4496 2109 4537 nemo
2138 4480 2550 4551 primogenitus,
2580 4479 2683 4534 nisi
2713 4478 2910 4533 multos
2936 4476 3134 4532 habeat
3154 4475 3368 4542 fratres,
3397 4475 3544 4532 inter

252 4562 352 4617 καὶ
387 4562 753 4634 πρωτότοκος,
793 4560 965 4625 οὕτως
993 4560 1095 4614 οὑκ
1127 4560 1194 4614 ἂν
1222 4560 1309 4633 εἴη
1343 4562 1660 4634 μονογενὴς.
1694 4564 1743 4616 εί
1767 4561 1829 4633 μὶ

1946 4587 2085 4644 quos
2121 4573 2236 4643 ipse
2273 4572 2344 4627 sit
2375 4570 2770 4643 priinogenitus
2808 4586 2823 4625 :
2856 4571 2929 4624 ita
2959 4568 3125 4625 etiam
3174 4582 3339 4623 nemo
3376 4565 3543 4623 fuerit

255 4652 419 4726 μόνος
460 4652 728 4724 ὑπάρχοι,
767 4652 978 4725 ἑτέροις
1016 4652 1159 4707 τισὶν
1209 4653 1269 4706 ού
1314 4651 1829 4725 συναριθμούμενος.

1948 4663 2281 4732 υηίεεηὶιυε,
2318 4662 2421 4716 nisi
2456 4661 2528 4716 sit
2551 4660 2721 4725 solus,
2750 4659 2979 4729 aliisque
3004 4672 3108 4713 non
3131 4668 3539 4716 annumeretur.

252 4743 491 4812 Πῶςοῦν
518 4750 637 4801 ἐστι
656 4746 754 4801 καὶ
784 4746 1126 4818 πρωτότοκος
1151 4746 1246 4800 καὶ
1268 4746 1565 4817 μονογενής
1586 4762 1603 4810 ;
1623 4748 1717 4799 Δεῖ
1734 4746 1829 4814 γὰρ

1955 4753 2239 4822 Quomodo
2264 4769 2397 4825 ergo
2431 4753 2591 4809 simul
2626 4762 2711 4809 est
2753 4763 2807 4809 et
2837 4751 3233 4824 primogenitae
3263 4759 3319 4805 et
3349 4750 3543 4825 unige-

253 4838 289 4911 ἢ
313 4839 491 4893 ἐκεῖνο
524 4838 747 4910 κρατεῖν
785 4835 819 4906 ἢ
855 4834 1035 4890 τοῦτο.
1070 4836 1291 4908 Ἐπειδὴ
1332 4836 1391 4889 δὲ
1427 4837 1460 4908 ἡ
1496 4835 1618 4890 θεία
1653 4836 1829 4908 Γραφῦ

1955 4842 2146 4899 nitus?
2180 4842 2413 4899 Necesse
2453 4843 2599 4898 enim
2636 4848 2696 4898 nt
2736 4851 2829 4898 aut
2867 4842 2994 4907 hoc,
3037 4849 3133 4897 aut
3170 4841 3302 4896 illud
3337 4840 3541 4897 vincat.

248 4930 587 5002 ἀμφοτέροις
616 4928 779 4982 αὐτὸν
795 4928 1063 4983 ἀποκαλεῖ
1073 4930 1186 4992 τοῖς
1208 4929 1456 4999 ὀνόμασι,
1475 4928 1660 4997 ζητεῖν
1673 4929 1829 4997 ἀναγ-

1953 4934 2089 4991 Cum
2119 4950 2249 4990 vero
2281 4935 2561 5005 Scriptura
2606 4945 2836 5004 utroque
2870 4933 3089 4989 nomine
3131 4948 3255 4987 eum
3290 4934 3545 5003 appellet,

259 5024 412 5079 καῖον
450 5022 578 5085 τοὺς
612 5021 728 5076 ὅσοι
768 5022 891 5084 ταῖς
925 5021 1096 5085 θείαις
1119 5021 1367 5092 Γραφαῖς
1408 5019 1829 5091 προσϐάλλουσα

1958 5024 2271 5080 necessario
2287 5025 2640 5093 quaerendum
2670 5032 2756 5078 est
2779 5023 2848 5079 ab
2866 5022 3120 5078 omnibus
3145 5021 3237 5093 qui
3261 5022 3547 5092 diligenter

258 5112 525 5188 ἀκριϐῶς,
562 5112 683 5176 πῶς
719 5112 820 5183 μὲν
849 5111 1004 5166 ἔσται
1050 5113 1414 5183 πρωτότοκος,
1450 5112 1593 5167 κατὰ
1630 5112 1753 5167 τίνα
1793 5112 1829 5167 61

1952 5116 2007 5173 in
2039 5116 2215 5173 sacris
2256 5116 2558 5186 Scripturis
2589 5123 2899 5181 versantur,
2942 5130 3178 5184 quanam
3230 5115 3447 5171 ratione
3474 5115 3547 5171 sit

259 5226 461 5281 τρόπον
491 5207 587 5262 καὶ
620 5206 940 5279 μονογενής.
969 5205 1281 5277 Μονογενὴς
1313 5207 1414 5277 μὲν
1442 5201 1557 5272 οὖν,
1592 5204 1730 5260 καθὸ
1750 5206 1829 5260 Λό

1952 5204 2368 5278 pritnogenitus,
2419 5213 2476 5261 et
2511 5218 2746 5275 quanam
2790 5204 3003 5260 ratione
3038 5204 3374 5276 unigenitus.
3412 5202 3512 5261 Uni

260 5321 355 5372 γος
389 5303 536 5357 ἐστὶν
561 5302 625 5355 ὲκ
643 5300 880 5372 Πατρός,
911 5298 1174 5369 ἀδελφοὺς
1203 5299 1343 5353 κατὰ
1372 5299 1537 5370 φύσιν
1562 5300 1663 5353 οὐκ
1686 5298 1828 5370 ἔχων

1955 5298 2170 5369 genitus
2201 5296 2385 5367 itaque
2417 5296 2640 5363 dicitur,
2667 5304 2940 5367 quatenus
2968 5304 3052 5352 est
3079 5294 3316 5356 Verbum
3346 5310 3413 5350 ex
3440 5294 3543 5350 Pa-

262 5392 383 5447 0666
416 5393 589 5465 ἑτέρῳ
635 5393 739 5445 τινὶ
774 5390 1242 5461 συνταττόμενος⁶
1270 5384 1350 5454 εἷς
1391 5389 1497 5461 γὰρ
1546 5392 1641 5446 καὶ
1694 5392 1829 5461 μόνο

1956 5400 2061 5455 tre,
2096 5390 2297 5445 fratres
2331 5389 2629 5446 secundum
2674 5399 2927 5446 naturam
2963 5403 3070 5443 non
3105 5388 3335 5457 habens,
3369 5402 3547 5457 neque

264 5489 293 5539 6
329 5484 457 5549 Υἱὸς
500 5484 594 5538 τοῦ
651 5481 826 5538 Θεοῦο
877 5484 1218 5555 πρωτότοκος
1246 5482 1303 5537 δὲ
1345 5484 1444 5556 οὐχ
1490 5482 1700 5548 ἁπλῶς,
1729 5484 1829 5538 ούδλ

1956 5482 2112 5537 alteri
2142 5482 2375 5553 cuipiam
2402 5490 2797 5540 annumeratus
2821 5498 2836 5536 :
2866 5494 3006 5535 unus
3032 5488 3119 5535 est
3148 5480 3294 5535 enim
3316 5488 3371 5534 et
3401 5478 3550 5534 solus

265 5576 705 5646 άπολελυμένως,
753 5574 866 5630 ἀλλ’
898 5577 955 5629 ὲν
1005 5574 1218 5640 πολλοῖς
1266 5575 1534 5645 ἀδελφοῖς,
1570 5574 1716 5631 καθά
1763 5575 1828 5645 γέ

1954 5574 2126 5629 Filius
2156 5574 2249 5629 Dei
2283 5594 2297 5629 :
2337 5573 2731 5645 primogenitus
2762 5588 2891 5627 vero
2920 5587 3027 5627 non
3057 5571 3402 5642 simpliciter,
3450 5572 3549 5627 sed

265 5684 528 5741 γραπται.
560 5669 697 5721 Πότε
740 5663 835 5723 οὖν
882 5667 993 5739 ἄρα
1038 5666 1265 5737 γέγονεν
1312 5669 1470 5739 ἡμῶν
1514 5669 1763 5739 ἁδελφὸς,
1801 5686 1825 5721 ε

1961 5668 2015 5724 in
2046 5665 2227 5720 multis
2262 5664 2553 5729 fratribus,
2588 5674 2648 5719 ut
2672 5665 2938 5736 scriptum
2970 5672 3055 5719 est
3082 5663 3150 5718 ".
3186 5662 3416 5729 Quando
3447 5662 3550 5732 igi-

272 5760 345 5830 μὴ
374 5760 464 5814 ὅτε
496 5759 592 5829 τὴν
626 5758 784 5830 ἡμῶν
812 5760 1165 5829 περιεϐάλετο
1216 5759 1429 5831 σάρκας
1466 5758 1681 5814 Οὐκοῦν
1726 5760 1829 5813 τότι

1963 5770 2049 5812 tur
2103 5756 2279 5812 factus
2327 5765 2408 5811 est
2445 5764 2629 5811 noster
2678 5755 2869 5821 frater,
2917 5755 3020 5811 nisi
3067 5753 3287 5823 quando
3328 5768 3557 5813 carnem

350 5943 392 5975 ⁸⁸
425 5941 617 5997 lerem.
668 5957 740 6010 is,
774 5940 828 5997 9.
904 5943 948 5976 ⁸⁸
981 5943 1188 5999 Coloss.
1230 5960 1268 6007 l,
1314 5944 1391 5997 l5.
1475 5944 1515 5973 ³⁷
1556 5941 1713 5997 noni.
1749 5959 1865 6004 vm,
1902 5940 1990 5995 ‘29.
