4032 6506
496 505 597 562 ιοῦ

1476 502 1536 555 s.
1577 498 1847 558 CYlllLLl
1891 457 2361 554 ALEXANDle
2399 499 2715 554 ARCHIEP.

3630 498 3735 554 ιω

500 631 736 677 nostram
783 622 1107 689 assumpsit?
1154 619 1356 675 Idcirco
1390 630 1514 675 tunc
1558 623 1754 675 dicitur
1786 623 2056 689 primoge-

2186 622 2523 688 πρωτότοκος,
2555 621 2641 673 δτι
2676 619 2898 679 πολλοὺς
2933 617 3069 671 κατὰ
3106 615 3263 685 χάριν
3308 616 3455 678 vicia;
3487 613 3736 679 ἀπέδειξε

501 714 665 779 ultus,
696 714 907 783 quando
938 726 1033 781 per
1064 714 1290 781 gratiam
1327 713 1516 766 multos
1557 713 1645 765 Dei
1693 711 1828 764 ﬁlios
1860 710 2055 765 eﬂ'ecit.

1173 823 1398 881 ALIUD.

574 936 964 1006 Pritnogenitus
992 936 1165 991 omnis
1192 949 1449 991 creatura
1493 947 1731 1001 vocatur,
1783 953 1887 993 non
1922 937 2061 1006 quod

500 1034 708 1095 primus
729 1035 1097 1082 creaturarum
1114 1028 1182 1081 sit
1204 1028 1409 1082 ratione
1432 1031 1707 1098 temporis,
1735 1044 1906 1099 neque
1922 1030 1968 1097 ej
1979 1043 2064 1083 us-

505 1118 625 1172 dem
657 1134 777 1174 cum
812 1120 891 1175 eis
919 1119 1188 1184 essentia,
1222 1121 1337 1185 sed,
1369 1131 1427 1174 ut
1456 1123 1611 1177 modo
1634 1122 1832 1176 dictum
1866 1131 1967 1187 est,
1998 1122 2067 1175 ob

507 1208 884 1263 demissionem
902 1216 984 1264 sui
1004 1220 1069 1263 ao
1082 1220 1377 1275 creaturas,
1400 1221 1452 1266 et
1473 1212 1539 1265 ob
1554 1212 1955 1266 similitudinem
1977 1226 2065 1266 no.

509 1298 735 1351 hiscum.
762 1295 893 1354 Illud
929 1310 1103 1355 tamen
1129 1301 1290 1354 etiam
1313 1301 1685 1356 observatione
1719 1303 1934 1373 dignum
1962 1312 2064 1369 est,

506 1389 840 1458 unigenitum
878 1392 1055 1445 vocari
1091 1403 1144 1445 et
1176 1392 1609 1462 primogenitum.
1642 1393 1871 1460 Quando
1906 1395 2063 1462 igitur

506 1480 813 1549 unigenitus
838 1480 1205 1545 dicitur,nulla
1225 1486 1271 1537 ei
1291 1498 1449 1539 causa
1472 1485 1677 1554 adjecta
1702 1484 1862 1555 237
1880 1500 2062 1541 secun-

509 1570 637 1624 dum
665 1584 822 1639 quam
850 1572 1151 1641 unigenitus
1180 1583 1284 1641 est,
1312 1575 1402 1630 sed
1436 1576 1745 1642 simpliciter
1773 1577 1823 1631 id
1847 1589 2070 1633 vocatur

509 1662 812 1729 unigenitus
860 1661 997 1721 Deus
1044 1667 1309 1723 assistens
1356 1674 1407 1721 in
1452 1666 1571 1723 sinu
1610 1667 1817 1735 Patris;
1857 1673 2071 1739 quando

510 1765 640 1807 vero
673 1767 826 1808 sacra
861 1752 1133 1824 Scriptura
1165 1771 1287 1811 eum
1315 1765 1467 1814 vocat
1490 1760 1925 1829 primogenitum,
1958 1770 2069 1815 sta-

516 1843 608 1897 tim
647 1846 809 1899 etiam
852 1846 1128 1917 subiungit
1175 1864 1399 1918 quorum
1448 1852 1513 1905 sit
1566 1852 1969 1922 primog'uitus,
2019 1863 2071 1905 et

2162 710 2315 762 θεοῦ.

2848 824 3046 877 AAAO.

2238 943 2584 1013 Πρωτότοκος
2618 939 2794 1007 πάσης
2831 936 3075 989 καλεῖται
3112 934 3360 995 κτίσεως,
3384 934 3481 1002 οὐχ
3501 932 3575 995 ὡς
3596 930 3719 1002 πρῶ

2165 1058 2258 1103 τος
2277 1039 2446 1108 αὐτῆς
2477 1033 2617 1089 κατὰ
2640 1030 2828 1102 χρόνον
2860 1029 3138 1097 ὑπάρχων,
3170 1022 3292 1075 οὐδὲ
3315 1022 3414 1091 τῆς
3436 1021 3607 1089 αὐτῆς
3632 1023 3742 1083 τοῖς

2168 1130 2462 1199 κτίσμασιν
2501 1124 2758 1194 ὑπάρχων
2796 1120 3005 1180 οὐσίας,
3033 1114 3168 1169 ἀλλὰ
3197 1113 3451 1181 καθάπερ
3476 1112 3579 1181 ἥδη
3611 1126 3744 1179 προ-

2168 1228 2401 1290 είρηται,
2436 1218 2522 1270 διὰ
2560 1216 2659 1283 τὴν
2702 1211 2837 1282 πρὸς
2888 1210 2956 1261 τά
3001 1206 3273 1275 κτίσματα
3308 1201 3742 1290 συγκατάϐασιν,

2170 1289 2261 1361 καὶ
2293 1307 2391 1377 την
2431 1303 2562 1375 πρὸς
2596 1303 2740 1373 ἡμᾶς
2772 1291 3435 1369 ὁμοίωσιν.Ἐπιτηρῆσαι
3485 1289 3542 1343 δὲ
3596 1290 3742 1357 ὅμως

2170 1400 2389 1453 κάκεῖνο
2427 1394 2611 1455 καλὸν,
2646 1390 2936 1462 μονογενὴς
2967 1386 3208 1439 καλεῖται
3244 1384 3340 1435 καὶ
3377 1382 3739 1452 πρωτότοκος.

2172 1492 2297 1542 Ὅτε
2334 1488 2430 1558 μὲν
2474 1482 2567 1539 οὖν
2615 1479 2901 1553 μονογενὴς
2939 1475 3283 1547 ὀνομάζεται,
3310 1473 3567 1542 οὐδεμιᾶς
3598 1468 3741 1539 αὐτῷ

2173 1576 2666 1648 συμπεπλεγμένης
2719 1572 2912 1634 αίτίας,
2966 1569 3084 1621 καθ’
3131 1569 3198 1636 ἦν
3251 1567 3369 1617 ἐστι
3428 1559 3741 1632 μονογενὴς,

2171 1669 2326 1724 τοῦτο
2361 1668 2601 1723 καλεῖται
2622 1706 2636 1724 .
2667 1665 2780 1719 ἀλλ’
2813 1660 3246 1731 άπολελυμίνως,
3288 1654 3583 1726 μονογενὴς
3614 1652 3744 1717 Θεὸς

2171 1764 2199 1815 ό
2230 1762 2303 1815 ὢν
2337 1763 2413 1823 τίς
2448 1760 2538 1813 τὸν
2564 1757 2765 1810 κόλπον
2792 1752 2884 1807 τοῦ
2917 1751 3286 1821 Πατρός.”υτε
3312 1748 3369 1800 δὲ
3400 1746 3745 1818 πρωτότοκον

2174 1853 2333 1907 αὑτὸν
2383 1854 2437 1905 αἱ
2485 1850 2624 1907 θεῖαι
2676 1846 2900 1900 καλοῦσι
2943 1842 3177 1913 Γραφαῖ,
3214 1840 3378 1903 εὐθὺς
3425 1836 3743 1906 ἐπιφέρουσι

512 1947 729 1988 causam
758 1936 905 1990 addit
966 1951 1133 2005 quare
1164 1954 1223 1993 ea
1252 1941 1605 2009 appellatione
1630 1952 1868 1996 vocetur.
1899 1942 2073 2009 lnqnit

2186 1944 2270 1997 καὶ
2313 1936 2387 1994 ὧν
2432 1942 2548 1992 ἐστι
2600 1937 2963 2009 πρωτότοκος,
2997 1933 3091 1987 καὶ
3125 1933 3220 2001 τὴν
3250 1930 3430 1984 αἰτίαν
3460 1928 3529 1981 δι’
3563 1928 3628 1996 ἣν
3656 1926 3747 1979 καὶ

511 2027 679 2091 enim,
713 2044 731 2078 ι
766 2027 1163 2100 Primogenitus
1214 2030 1267 2085 in
1320 2032 1499 2087 multis
1546 2032 1759 2087 iratribt
1832 2032 1897 2096 “,
1942 2050 1960 2083 ι
2023 2043 2075 2087 et

521 2116 942 2188 «Primogenitus
970 2134 1035 2174 es
1068 2122 1406 2177 mortuis".s
1439 2122 1571 2177 Cum
1606 2124 1748 2177 enim
1779 2123 2078 2191 oportuerit

518 2208 712 2263 Filium
762 2208 853 2264 Dei
882 2211 971 2279 qui
1009 2211 1332 2269 naturaliter
1377 2214 1663 2282 primatum
1701 2212 1926 2279 obtinet,
1955 2227 2074 2268 eum

517 2300 730 2366 quando
762 2300 921 2355 homo
952 2300 1123 2356 factus
1151 2309 1235 2356 est
1268 2316 1372 2355 non
1406 2302 1671 2367 amittere,
1703 2303 1895 2355 merito
1916 2302 2076 2355 etiam

521 2391 736 2459 quando
792 2400 1025 2445 nostram
1089 2391 1491 2447 similitudinem
1555 2392 1870 2458 assumpsit,
1932 2392 2078 2446 omni

518 2488 779 2536 creatura
822 2482 1163 2550 praponitur.
1212 2482 1394 2551 Neque
1433 2483 1575 2537 enim
1612 2493 1877 2552 quatenus
1905 2482 2081 2537 factus

522 2582 604 2626 est
650 2574 830 2639 homo,
872 2574 1129 2643 quidquid
1179 2573 1251 2628 illi
1286 2588 1471 2629 eorum
1507 2588 1624 2644 qua:
1656 2574 1849 2629 divina:
1879 2584 2082 2629 natura

521 2662 768 2732 dignitati
820 2664 1169 2730 conveniunt,
1198 2666 1405 2735 deperit
1438 2684 1450 2718 :
1484 2665 1576 2720 sed
1599 2673 1652 2721 et
1686 2665 1759 2719 ita
1794 2666 2079 2735 primatum

521 2753 784 2807 obtinebit
804 2754 1064 2809 universa:
1079 2763 1360 2819 creaturae,
1386 2763 1442 2808 ut
1460 2756 1709 2810 nimirum
1740 2755 1855 2823 eius
1871 2768 2082 2811 creator

524 2850 579 2896 et
627 2841 903 2897 Dominus.
950 2846 1126 2914 Atque
1171 2846 1242 2899 ita
1282 2847 1442 2901 etiam
1487 2847 1811 2915 evangelista
1865 2850 2079 2917 inquit:

528 2952 546 2984 ε
589 2933 829 2990 Vidimus
861 2936 1083 3005 gloriam
1118 2936 1253 3006 ejus,
1283 2937 1508 3008 gloriam
1549 2938 1695 2993 velut
1747 2936 2013 3008 Unigeniti
2054 2955 2081 2994 a

524 3024 679 3081 Patre
708 3027 772 3082 τ’.
807 3047 823 3079 ι

1197 3234 1422 3291 ALIUD.

600 3364 677 3430 Si,
702 3366 850 3433 juxta
886 3366 1127 3434 Paulum,
1163 3370 1410 3426 universa
1444 3373 1493 3425 in
1524 3371 1638 3441 ipso
1670 3381 1849 3426 creata
1875 3380 1997 3427 sunt
2020 3375 2086 3439 ",

529 3467 675 3510 rerte
714 3460 826 3525 ipse
850 3458 986 3512 alius
1018 3460 1123 3513 erit
1160 3462 1226 3513 ab
1269 3461 1536 3517 omnibus.
1583 3460 1719 3516 Nam
1764 3477 1885 3517 cum
1932 3464 2085 3527 dixit,

531 3546 805 3609 universa,
836 3548 964 3600 nihil
997 3550 1207 3619 excepit
1237 3552 1376 3617 quod
1420 3566 1523 3607 non
1554 3566 1647 3623 per
1683 3553 1854 3623 ipsum
1894 3553 2090 3609 factum

532 3636 620 3689 sit.
646 3634 1001 3707 Filiusitaque
1023 3655 1124 3695 non
1148 3643 1253 3694 erit
1271 3652 1542 3706 creatura,
1570 3644 1662 3697 sed
1687 3644 1859 3711 potius
1881 3653 2091 3698 creator

530 3728 788 3791 onmium,
826 3729 966 3785 sicut
999 3732 1255 3805 scriptum
1290 3743 1396 3787 est.
1441 3732 1552 3788 Non
1592 3736 1732 3787 enim
1775 3734 1912 3789 dixit
1944 3734 2090 3788 Scri-

532 3829 686 3889 ptura
734 3822 873 3887 quod
908 3822 977 3875 sit
1002 3823 1388 3894 primogenitus
1425 3824 1650 3879 aliarum
1696 3834 2085 3885 creaturarum.

532 3924 600 3963 ne
628 3910 876 3965 nimirum
925 3922 1175 3979 tanquam
1213 3928 1275 3969 ea
1320 3929 1503 3969 earum
1541 3931 1763 3973 numero
1801 3932 1920 3972 esse
1966 3935 2089 3972 cen-

533 4012 731 4067 seatur,
788 4006 881 4057 sed
928 4006 1341 4075 primogenitum
1386 4009 1559 4063 omnis
1600 4020 1862 4064 creatura:
1918 4012 2089 4080 ipsum

532 4102 709 4148 vocat.
764 4104 821 4147 ut
861 4110 954 4163 per
997 4096 1096 4150 hoc
1144 4098 1393 4151 universa
1438 4099 1614 4157 simul.
1667 4110 1723 4153 ut
1776 4102 1849 4155 ita
1894 4103 2090 4161 dicam.

534 4191 783 4236 creatura
815 4184 1037 4238 scorsim
1074 4184 1268 4253 posita.
1317 4187 1427 4256 ipse
1465 4186 1601 4242 alius
1635 4190 1702 4243 ab
1737 4204 1798 4244 ea
1828 4206 1947 4246 esse
1978 4206 2091 4246 cre-

535 4275 714 4331 datur.
765 4275 867 4341 Qui
920 4290 1048 4331 vero
1100 4286 1250 4331 extra
1276 4291 1487 4332 omnem
1524 4290 1823 4335 creaturam
1858 4282 2087 4345 exsistit,

534 4376 725 4420 create
762 4365 1076 4421 substantia:
1102 4379 1221 4421 esse
1255 4381 1359 4420 non
1387 4376 1581 4436 potest,
1611 4370 1702 4423 sed
1733 4372 1799 4424 ab
1826 4384 1887 4423 ea
1920 4371 2093 4426 diver-

534 4470 641 4510 sus.
673 4456 935 4520 Quocirca
965 4469 1117 4511 sacra
1157 4456 1433 4528 Scriptura
1481 4460 1620 4515 hanc
1660 4459 2091 4517 observationem

532 4545 733 4613 optime
757 4542 1056 4614 intelligens
1086 4560 1191 4601 non
1225 4549 1433 4602 vocavit
1458 4547 1643 4603 Ruben
1678 4550 2092 4620 primogenitum

2177 2034 2378 2101 ταύτην
2407 2032 2517 2101 ἔχει
2540 2030 2638 2100 τὴν
2668 2026 3002 2097 ἰπωνυμίαν.
3025 2023 3163 2077 Φασὶ
3189 2024 3317 2091 γὰρ,
3346 2039 3363 2072 ι
3396 2018 3744 2092 Ιιρωτότοκος

2178 2127 2235 2178 ιν
2268 2125 2479 2185 πολλοῖς
2507 2121 2773 2189 άδελφοῐς,
2805 2136 2824 2170 s
2860 2118 2952 2171 καὶ
2988 2136 3005 2167 ι
3032 2114 3386 2186 Πρωτότοκος
3414 2112 3480 2163 ὲκ
3510 2107 3622 2160 τῶν
3661 2121 3748 2159 νε-

2180 2217 2343 2288 κρῶν.
2380 2236 2396 2267 ι
2420 2213 2635 2283 Ἐπειδὴ
2661 2211 2769 2281 γάρ
2794 2210 2899 2263 εδει
2928 2209 3017 2262 τὸν
3044 2207 3171 2261 Υίὺν
3199 2203 3294 2258 τοῦ
3316 2202 3451 2257 Θεοῦ
3486 2199 3629 2253 κατὰ
3652 2196 3749 2267 φύ-

2181 2326 2264 2363 σιν
2295 2308 2484 2377 ιχοντα
2518 2305 2579 2358 τὸ
2615 2303 2935 2375 πρωτεύειν,
2962 2300 3055 2355 καὶ
3084 2300 3173 2351 ὅτε
3207 2296 3431 2364 γέγονεν
3465 2290 3750 2377 ἄνθρωπος

2178 2398 2333 2451 τοῦτο
2361 2398 2434 2466 μὴ
2454 2395 2736 2457 ἀπολέσαι,
2755 2392 2979 2454 είκότως
3005 2387 3099 2444 καὶ
3122 2386 3221 2456 τῆς
3241 2384 3377 2455 πρὸς
3393 2382 3544 2453 ἡμᾶς
3557 2376 3752 2451 ὁμοιώ-

2182 2507 2316 2553 σεως
2346 2487 2757 2557 ἐπιλαϐόμενος,
2793 2484 2975 2553 πάσης
3001 2479 3365 2553 προτάττεται
3394 2474 3646 2535 κτίσεως.
3677 2470 3749 2523 οὐ

2181 2582 2287 2650 γάρ
2338 2578 2469 2632 καθὸ
2512 2578 2733 2645 γέγονεν
2778 2574 3080 2645 ἄνθρωπος,
3122 2570 3357 2625 ελάττων
3409 2566 3563 2619 ἔσται
3610 2560 3751 2624 τινὸς

2181 2676 2301 2726 ὅσον
2342 2672 2420 2734 είς
2443 2671 2504 2723 τὸ
2533 2668 2741 2740 πρέπον
2776 2666 2990 2737 ἀξίωμα
3017 2666 3083 2735 τῇ
3111 2662 3232 2733 Θεία
3260 2664 3453 2731 φύσει·
3488 2654 3628 2711 ἀλλὰ
3661 2652 3752 2707 καὶ

2182 2763 2324 2816 οὕτω
2353 2759 2657 2831 πρωτεύσει
2704 2757 2799 2811 καὶ
2836 2755 3212 2825 καθηγήσεται
3246 2750 3428 2819 πάσης
3471 2743 3610 2817 ὁμοῦ
3642 2741 3755 2797 κτί-

2186 2870 2341 2917 σεως,
2372 2855 2466 2907 ars
2525 2851 2590 2921 δὴ
2621 2849 2848 2920 ποιητὴς
2892 2848 3149 2917 ὑπάρχων
3180 2842 3354 2910 αὐτῆς
3384 2838 3481 2894 καὶ
3526 2837 3751 2907 Κύριος.

2184 2946 2340 3000 Οὕτω
2371 2945 2464 2998 καὶ
2502 2946 2529 2996 ὁ
2570 2940 2960 3009 εὐαγγελιστής
2985 2952 3175 3006 φησιν·
3215 2954 3233 2985 ι
3256 2928 3632 3001 Ἐθεασάμεθα
3658 2924 3759 2997 τὴν

2186 3035 2340 3099 δόξαν
2372 3034 2554 3099 αὑτοῦ,
2583 3033 2738 3099 δόξαν
2768 3032 2842 3094 ὡς
2872 3025 3203 3093 Μονογενοῦς
3231 3024 3381 3096 παρὰ
3414 3019 3649 3091 Πατρός.
3678 3036 3697 3069 s
3724 3101 3733 3115 Χ

2856 3228 3056 3282 ΔΛΛΟ.

2268 3370 2349 3432 El,
2382 3366 2522 3421 κατά
2552 3368 2647 3436 τὴν
2683 3363 2775 3416 τοῦ
2806 3363 3017 3417 Παύλου
3046 3360 3249 3429 φωνὴν,
3280 3362 3335 3412 ὲν
3362 3358 3508 3426 αὐτῷ
3535 3356 3756 3427 ἐκτίσθη

2194 3460 2263 3511 τὰ
2297 3460 2495 3518 πάντα,
2527 3455 2681 3518 άλλος
2716 3455 2866 3507 ἔσται
2895 3452 3002 3505 τῶν
3040 3452 3277 3505 πάντων.
3322 3450 3409 3502 Ἐν
3436 3448 3546 3518 γάρ
3574 3448 3651 3519 τῷ
3681 3450 3757 3501 εί-

2198 3551 2319 3602 πεῖν
2352 3549 2550 3606 πάντα,
2576 3545 2727 3599 οὐδὲν
2756 3545 2965 3615 άφῆκεν
2990 3542 3144 3605 ἐκτὸς
3175 3540 3203 3593 ὃ
3230 3541 3303 3611 μὴ
3323 3542 3547 3609 γέγονεν
3576 3540 3643 3593 δι’
3664 3541 3760 3592 αὖ·

2192 3640 2302 3692 τοῦ.
2339 3637 2544 3691 Οὐκοῦν
2580 3637 2782 3705 κτίσμα
2824 3635 2919 3704 μὲν
2947 3635 2976 3685 ὁ
3009 3633 3134 3695 Υἱὸς
3178 3633 3279 3685 οὑκ
3310 3632 3486 3696 ἔσται,
3537 3631 3757 3701 κτίστης

2191 3732 2244 3783 δὲ
2279 3730 2477 3799 μᾶλλον
2510 3730 2619 3781 τῶν
2655 3728 2889 3790 πάντων,
2920 3725 3059 3778 καθὰ
3088 3724 3415 3795 γέγραπται.
3450 3724 3524 3775 Uti
3556 3724 3666 3794 γὰρ
3688 3723 3760 3775 εῖ-

2195 3839 2361 3893 ρηκεν
2396 3826 2427 3892 ἡ
2473 3822 2591 3874 θεία
2638 3820 2847 3889 Γραφὴ,
2880 3819 3069 3888 ὅτιπέρ
3111 3818 3227 3870 ἔστι
3274 3817 3618 3886 πρωτότοκος
3654 3814 3760 3867 τῶν

2194 3914 2367 3967 ἄλλων
2422 3914 2754 3982 κτισμάτων,
2784 3912 2869 3964 ἵνα
2912 3910 2985 3981 μὴ
3016 3909 3183 3972 ὅντως
3213 3908 3287 3971 ὡς
3313 3907 3371 3971 ἐξ
3404 3907 3586 3960 αὐτῶν
3623 3902 3763 3960 εἶναι

2193 4008 2383 4067 νοοῖτο,
2419 4004 2553 4058 ἀλλὰ
2577 4006 2754 4073 πάσης
2790 4004 3017 4065 κτίσεως
3052 3997 3396 4078 πρωτότοκον
3425 4000 3590 4053 αὐτὸν
3625 3995 3762 4053 εἷναί

2196 4112 2380 4165 φησιν,
2408 4096 2495 4147 ἴνα
2526 4094 2613 4147 διὰ
2648 4093 2824 4158 τοῦτο,
2853 4094 2926 4155 ὡς
2957 4095 3147 4156 εἰπεῖν,
3180 4091 3308 4162 ὅλης
3353 4089 3489 4161 όμοῦ
3516 4090 3615 4160 τῆς
3644 4093 3760 4144 κτί-

2196 4203 2335 4250 σεως
2378 4187 2436 4238 ἐν
2492 4186 2646 4255 μέρει
2679 4184 2972 4255 κειμένης,
3016 4184 3203 4252 ἔτερος
3248 4176 3386 4235 εἶναι
3424 4183 3554 4250 παρ’
3594 4179 3760 4250 αὐτὴν

2196 4279 2535 4348 πιστεύηται.
2580 4278 2639 4331 '0
2663 4276 2719 4329 δὲ
2761 4276 2864 4341 ἔξω
2895 4277 3075 4346 πάσης
3101 4276 3360 4346 ὑπάρχων
3386 4274 3638 4337 κτίσεως,
3665 4273 3761 4326 οὐκ

2194 4370 2259 4423 ἂν
2288 4369 2373 4438 εἴη
2404 4369 2625 4436 κτιστῆς
2647 4368 2853 4433 οὐσίας,
2879 4368 2991 4421 ἀλλ’
3024 4368 3210 4438 ἔτερος
3239 4366 3387 4436 παρὰ
3412 4364 3638 4435 ταύτην.
3656 4364 3763 4418 Καὶ

2196 4458 2324 4527 γοῦν
2356 4462 2388 4528 ἠ
2432 4456 2554 4512 θεία
2586 4458 2777 4529 Γραφὴ
2804 4458 2900 4527 τὴν
2931 4456 3183 4527 τοιαύτην
3238 4457 3562 4526 ιπιτήρησιν
3594 4456 3763 4509 εἰδυῖα

2200 4551 2405 4621 σαφῶς,
2430 4552 2529 4603 οὐκ
2556 4549 2781 4604 ἐκάλεσε
2809 4549 2897 4601 τὸν
2921 4546 3159 4617 Ῥουϐὴμ
3186 4547 3527 4617 πρωτότοκον
3549 4547 3765 4599 πάντων

534 4635 772 4689 omnium
803 4635 1035 4691 ﬁliorum
1071 4635 1258 4703 Iacob,
1285 4652 1351 4693 ne
1370 4639 1614 4696 diversus
1642 4654 1766 4697 esse
1797 4640 1861 4696 ab
1886 4642 1951 4698 iis
1979 4644 2080 4698 esi-

2199 4645 2304 4698 τῶν
2337 4644 2533 4697 τέκνωτ
2585 4641 2677 4695 τοῦ
2720 4640 2933 4704 Ἰακὼϐ,
2968 4641 3052 4692 ῖνα
3088 4638 3163 4711 μὴ
3205 4639 3391 4708 ἔτερος
3434 4639 3579 4692 εἶναι
3617 4644 3765 4707 παρα

534 4732 804 4792 sumetur,
835 4728 928 4783 sed
962 4729 1346 4799 circumspecte
1372 4731 1656 4787 admodum
1681 4733 2093 4804 primogenitum

536 4818 709 4888 ipsum
738 4819 947 4875 vocavit
974 4816 1138 4877 Jacob
1161 4828 1212 4876 et
1248 4820 1473 4876 fratrum
1514 4822 1703 4892 ipsius.

1211 5020 1435 5078 ALIUD.

608 5151 665 5209 Si
700 5154 819 5210 ideo
851 5155 977 5224 quia
1024 5153 1193 5211 Filius
1234 5163 1456 5215 vocatur
1493 5158 1877 5227 primogenitus
1918 5160 2093 5215 omnis

537 5255 819 5310 creatur-:2,
872 5245 1111 5301 nonnulli
1154 5260 1278 5301 eum
1325 5247 1588 5303 creaturis
1629 5253 2091 5306 annumerandum

537 5339 899 5402 contendunt,
950 5336 1054 5391 erit
1104 5337 1346 5406 profecto
1386 5340 1551 5395 etiam
1603 5339 1717 5411 ipse
1758 5357 1822 5398 es
1856 5344 2096 5399 omnium

536 5443 779 5487 numero.
812 5427 965 5496 Quod
998 5427 1042 5483 sl
1070 5428 1190 5499 quis
1221 5430 1495 5497 concedat,
1527 5432 1607 5487 sui
1633 5434 1798 5504 ipsius
1827 5436 2089 5507 primoge-

540 5521 686 5577 nitus
729 5519 854 5585 erit,
898 5529 1161 5590 quatenus
1195 5522 1369 5577 omnis
1415 5531 1674 5578 creaturae
1704 5528 2091 5595 primogenitus

537 5614 819 5681 assistens,
850 5616 1006 5669 etiam
1038 5614 1152 5683 ipse
1176 5613 1227 5668 in
1252 5614 1489 5669 omnium
1522 5632 1744 5673 numero
1768 5620 2085 5675 continetur.

542 5708 650 5758 Erit
676 5720 803 5776 ergo
832 5706 929 5759 sibi
973 5706 1069 5765 ipsi
1108 5714 1160 5760 et
1201 5706 1407 5771 primus
1435 5717 1486 5761 et
1529 5711 1814 5769 secundus.
1867 5708 1994 5764 Nam
2046 5712 2087 5766 si

617 5886 656 5926 μ
702 5886 848 5939 um",
884 5901 994 5940 νιιι,
1038 5887 1124 5941 29.
1204 5886 1246 5915 "
1275 5886 1479 5941 Coloss.
1517 5903 1553 5950 ι,
1594 5887 1675 5942 18.

1757 5891 1801 5919 ’θ
1837 5890 1983 5949 Joan.
2032 5906 2073 5956 ι,
2104 5890 2185 5946 Η.

2200 4733 2420 4795 τούτους
2469 4730 2780 4801 νομίζηται·
2837 4728 2975 4783 ἀλλὰ
3025 4728 3162 4799 μετὰ
3226 4728 3427 4797 πολλῆς
3478 4728 3764 4799 ἀκριϐείας

2200 4824 2544 4895 πρωτότοκον
2595 4822 2757 4875 αὐτὸν
2802 4816 2939 4875 εἶναί
2988 4836 3119 4894 φησι
3157 4819 3249 4874 τοῦ
3303 4818 3495 4874 Ἰακὼϐ
3530 4820 3625 4874 καί⁵
3658 4818 3762 4881 τῶν

2203 4917 2445 4986 ἀδελφῶν
2474 4915 2657 4972 αὑτοῦ.

2875 5026 3076 5079 ΔᾹΔΟ.

2269 5167 2333 5219 Εί
2379 5166 2465 5218 διὰ
2500 5164 2562 5217 τὸ
2607 5161 2882 5217 καλεῖσθαι
2925 5162 3265 5233 πρωτότοκον
3300 5159 3480 5229 πάσης
3534 5157 3761 5223 κτίσεως

2198 5257 2289 5310 τὸν
2333 5255 2481 5323 Υίδν,
2529 5258 2597 5326 τῇ
2642 5255 2818 5307 κτίσει
2856 5252 3316 5324 συγκαταριθμεῖν
3354 5251 3517 5305 αὑτὸν
3556 5252 3762 5322 ἑπιχτι-

2210 5348 2361 5422 ροῦσί
2389 5365 2551 5413 τινες,
2577 5348 2727 5402 ἔσται
2757 5350 2850 5403 καὶ
2873 5348 3033 5411 αὐτὸς
3055 5349 3112 5400 ἐν
3143 5348 3252 5409 τοῖς
3288 5346 3471 5399 πᾶσιν.
3505 5344 3569 5397 El
3596 5344 3654 5397 δέ
3679 5361 3763 5407 τις

2199 5442 2318 5512 δοίη
2341 5440 2501 5496 τοῦτο
2538 5443 2777 5512 κρατεῖν,
2811 5438 3002 5494 ἑαυτοῦ
3040 5436 3383 5511 πρωτότοκος
3417 5435 3595 5496 ἔσται,
3632 5434 3764 5489 καθὸ

2202 5534 2382 5604 πάσης
2422 5533 2653 5597 κτίσεως
2703 5531 3045 5605 πρωτότοκος
3075 5528 3169 5591 ὣν,
3213 5527 3304 5581 καὶ
3346 5525 3506 5586 αὐτὸς
3545 5525 3605 5578 ὲν
3651 5527 3763 5589 τοῖς

2198 5626 2365 5679 πᾶσίν
2399 5626 2771 5679 tactv/361m
2794 5620 2886 5679 οὖν
2921 5620 3112 5677 ἑαυτοῦ
3144 5621 3237 5674 καὶ
3274 5619 3493 5690 πρῶτος
3519 5620 3612 5672 καὶ
3640 5619 3761 5673 δεύ-

2198 5732 2370 5783 τερος.
2402 5717 2463 5767 Εί
2500 5716 2595 5785 μὲν
2627 5716 2732 5785 γάρ
2766 5717 2852 5771 διὰ
2881 5717 2938 5769 τὸ
2966 5714 3141 5783 πάσης
3176 5711 3403 5777 κτίσεως
3439 5709 3573 5766 εἶναι
3613 5730 3762 5783 πρω-

2266 5894 2305 5924 ⁷¹
2334 5893 2535 5945 (ioluss.
2566 5909 2603 5952 ι,
2652 5892 2731 5945 l6.
