4032 6480
313 536 418 603 HI

1740 519 2186 579 TilESAUllUS.

3491 508 3596 571 ιοο

306 659 551 723 τότοκος,
606 657 709 724 ἔξω
754 656 859 711 τῶν
893 654 1111 709 πάντων
1138 652 1301 706 αὑτὸν
1329 651 1542 705 κεῖσθαι
1570 650 1889 720 νοήσαιμεν,
1920 688 1928 702 ι

2035 645 2119 699 uia
2151 642 2547 714 primogenitns
2572 638 2864 696 estomnis
2900 645 3189 701 creaturae,
3222 640 3377 688 extra
3406 647 3597 689 omnes

308 751 529 825 πρῶτος
554 751 708 804 ἕσται
728 748 839 802 τῶν
859 748 1099 803 πάντων.
1120 746 1185 800 Ei
1215 744 1271 799 δδ
1297 748 1408 810 τοῖς
1439 745 1574 798 πᾶσι
1603 742 1701 798 καὶ
1734 740 1896 804 αὐτὸς

312 843 773 915 συνταχθήσεται,
802 840 997 895 ἑαυτοῦ
1028 838 1169 893 κατὰ
1197 837 1387 911 χρόνον
1417 836 1572 890 ἐσται
1607 834 1859 907 δεύτερος
1880 853 1892 863 ·

1999 737 2236 807 positum
2277 750 2402 793 esse
2428 735 2607 805 ipsum
2654 731 3041 802 intelligamus,
3088 727 3298 798 primus
3339 725 3447 781 erit
3479 740 3599 781 orn-

2002 828 2172 883 nium.
2209 826 2266 881 Si
2311 841 2441 882 vero
2480 827 2595 894 ipse
2636 837 2852 895 quoque
2894 820 3151 878 omnibus
3180 826 3599 881 annumeretur,

311 907 532 1006 πρῶτος
579 907 679 1003 μὲν
727 934 845 987 κατ’
874 933 1083 985 ἐκεῖνον
1276 927 1501 1000 τρόπον,
1546 926 1800 999 δεύτερος
1841 926 1898 979 δὲ

2036 919 2105 973 rit
2131 918 2231 973 sibi
2263 916 2363 987 ipsi
2404 915 2573 987 238
2606 914 2819 971 ratione
2851 909 3114 982 temporis
3150 907 3463 1006 secundum.
3484 907 3598 977 pri-

319 1021 465 1082 κατὰ
493 1022 698 1076 τοῦτον.

994 1228 1199 1287 ΔΛΔΟ.

389 1346 454 1400 Ei
486 1343 575 1403 διὰ
622 1341 686 1396 τὸ
728 1340 1009 1396 καλεῖσθαι
1053 1340 1398 1409 πρωτότοκος
1428 1339 1613 1409 πάσης
1645 1338 1899 1403 κτίσεως,

316 1433 402 1500 εἷς
423 1436 575 1490 ἔσται
606 1434 699 1488 καὶ⁵
727 1434 891 1497 αὐτὸς
911 1432 1021 1491 τῶν
1052 1432 1390 1503 κτισμάτων,
1413 1430 1606 1501 γέγονε
1638 1430 1696 1484 δὲ
1727 1430 1906 1484 πάντα

315 1531 387 1586 δι’
420 1528 607 1594 αὐτοῦ,
641 1526 837 1582 ἑαυτοῦ
866 1525 1097 1599 ποιητὴς
1144 1526 1299 1580 ἔσται
1320 1563 1335 1592 ,
1381 1523 1502 1580 καθ’
1552 1524 1719 1595 ὑμᾶς,
1752 1524 1849 1578 καὶ
1878 1526 1907 1578 ὁ

320 1620 525 1685 κτίζων
548 1620 816 1686 κτίζεται,
841 1619 937 1675 καὶ
963 1617 1123 1673 τοῦτο
1151 1619 1219 1673 δι’
1251 1618 1469 1673 ἑαυτοῦ.
1494 1618 1558 1672 El
1582 1617 1692 1688 7&9
1709 1619 1772 1671 ὲν
1795 1618 1907 1681 τοῖς

321 1711 495 1765 πᾶσίν
529 1712 645 1767 ἑστι
679 1712 770 1765 καὶ
806 1711 985 1765 πάντα
1010 1710 1078 1764 δι’
1108 1708 1295 1775 αὑτοῦ,
1330 1709 1533 1781 ἀληθὲς
1568 1710 1718 1763 ἔσται
1746 1709 1807 1763 τὸ
1834 1710 1911 1763 εί⁹

323 1802 587 1875 ρημένον.
636 1804 749 1857 Καὶ
774 1805 822 1856 εί
853 1803 1002 1862 πᾶσα
1033 1804 1067 1873 ἡ
1101 1803 1280 1867 κτίσις
1319 1804 1377 1857 ὲν
1402 1802 1549 1873 αὐτῷ
1585 1802 1907 1874 συνέστηκε,

323 1884 446 1960 πῶς
488 1888 569 1959 εἷς
599 1894 706 1948 τῶν
746 1893 966 1949 πάντων
994 1889 1133 1949 εἶναι
1171 1894 1422 1961 δύναται,
1465 1894 1493 1948 ό
1528 1896 1642 1959 τοῖς
1682 1894 1819 1955 πᾶσι
1848 1893 1911 1953 τὸ

326 1989 647 2043 συνεστάναι
669 1988 712 2042 δι
721 1988 873 2055 δούς;

325 2182 513 2241 ΑΛΛΟ
549 2182 1016 2257 διηγηματικῶς,
1051 2185 1205 2239 κατὰ
1250 2185 1365 2254 τὴν
1402 2186 1627 2255 εὐσεσῆ
1671 2143 1912 2257 νόησιγῖ,

592 2256 723 2308 καθ’
762 2254 841 2322 ἢν
860 2255 1082 2309 νοεῖται
1114 2274 1131 2307 ι
1170 2257 1585 2324 Πρωτότοκος.
1618 2254 1644 2311 ίι

403 2367 753 2437 Πρωτότοκος
795 2369 852 2421 ὲν
899 2368 1115 2432 πολλοῖς
1164 2369 1451 2441 ἀδελφοῖς,
1504 2371 1642 2425 καθὸ
1692 2370 1916 2441 γέγονεν

327 2461 518 2531 ὅμοιος
554 2460 712 2531 ἡμῶν
737 2460 876 2514 κατὰ
910 2461 1088 2516 πάντα
1120 2462 1292 2533 χωρὶς
1322 2463 1624 2534 ἁμαρτίας,
1660 2465 1753 2518 καὶ
1782 2465 1919 2519 καθὸ

330 2552 434 2622 τὴν
468 2551 749 2623 ἡμετέραν
785 2551 965 2622 σάρκα
999 2553 1239 2624 φορέσας
1262 2553 1489 2623 ἀδελφός
1509 2572 1569 2608 τε
1597 2556 1754 2627 ἡμῶν
1778 2574 1917 2629 χρη-

335 2644 595 2714 ματίσας,
621 2642 786 2697 τοῦτο
811 2643 1057 2698 καλεῖται
1086 2645 1332 2709 δικαίως.
1360 2647 1716 2717 Πρωτότοκος
1745 2648 1803 2703 δὲ
1828 2649 1921 2702 καὶ⁷

333 2727 401 2780 ἑκ
424 2728 536 2807 fw
582 2729 824 2799 νεκρῶν·
866 2729 1082 2801 πρῶτος
1125 2732 1235 2803 γὰρ
1282 2732 1445 2798 αὐτὸς
1495 2737 1577 2799 είς
1608 2735 1920 2809 ἀφθαρσίαν

333 2819 637 2890 ἀνέστησεν
663 2821 763 2892 τὴν
792 2821 986 2875 ἑαυτοῦ
1016 2822 1197 2894 σάρκα
1217 2865 1230 2889 ,
1260 2827 1355 2881 καὶ
1398 2827 1615 2898 πρῶτος
1645 2830 1816 2902 αὐτὴν
1843 2833 1921 2897 είς

335 2909 603 2981 οὐρανοὺς
646 2912 910 2984 ἀνήγαγε.
962 2915 1054 2970 Διὸ
1100 2917 1194 2969 καί
1236 2934 1436 2987 φησιν’
1479 2938 1497 2971 ι
1543 2918 1687 2988 Ἐγώ
1732 2924 1851 2994 εἰμι
1890 2927 1923 2995 ὴ

337 3006 478 3070 ὁδὸς.
510 3007 604 3061 καὶ
627 3008 739 3078 ἐγώ
765 3012 882 3081 είμι
918 3012 952 3081 ἡ
980 3010 1141 3082 θύρα.
1185 3032 1203 3064 ι
1234 3013 1310 3066 Δι’
1348 3013 1515 3067 αὑτοῦ
1556 3018 1665 3086 7&9
1696 3018 1729 3086 ἡ
1761 3019 1926 3087 φύσις

338 3100 377 3172 ἠ
408 3100 724 3171 ἀνθρωπεία
768 3104 862 3156 καὶ
892 3104 992 3175 τὴν
1022 3104 1219 3174 καινὴν
1252 3104 1353 3173 τῆς
1382 3107 1735 3173 ἀναστάσεως
1770 3110 1924 3181 βαδί-
1943 3134 1955 3143 -

339 3190 457 3255 ζειν
490 3193 609 3247 ὁδὸν
651 3194 1049 3261 ἐκδιδάσκεται,
1098 3199 1191 3251 καὶ
1236 3197 1427 3270 ὥσπερ
1459 3199 1549 3255 διά
1576 3219 1724 3267 τινος
1754 3201 1926 3274 θύρας

340 3283 421 3349 είς
447 3284 611 3339 αὐτὸν
642 3286 951 3359 είσέρχεται
984 3288 1075 3343 τὸν
1104 3290 1353 3359 οὐρανόν.

342 3399 549 3465 MAO,
592 3398 714 3468 πῶς
755 3403 831 3458 ἂν
860 3406 1127 3479 εςνσεόῶς
1152 3409 1432 3479 νοηθείη.
1470 3427 1487 3460 ι
1544 3411 1933 3479 Πρωτότοκος,
1992 3389 1999 3394 ’

837 3473 1044 3543 πάσης
1079 3477 1351 3543 κτίσεως.
1390 3498 1410 3530 ι

416 3578 517 3634 Διά
542 3580 643 3653 τὴν
669 3581 763 3636 τοῦ
792 3584 1007 3657 Πατρδς
1029 3586 1445 3658 φιλανθρωπίαν
1473 3591 1541 3663 ἢν
1570 3591 1682 3663 εχει
1714 3594 1839 3665 περὶ
1863 3595 1931 3649 τά

345 3669 514 3725 αὑτοῦ
553 3675 853 3744 κτίσματα,
890 3678 1237 3749 πρωτότοκον
1261 3680 1454 3735 ἑαυτὸν
1485 3682 1669 3754 πάσης
1702 3686 1931 3751 κτίσεως

348 3760 611 3817 ἐκάλεσεν
643 3766 671 3817 ὁ
706 3764 864 3832 Υἱὸς,
896 3769 988 3821 καὶ
1017 3770 1085 3840 τῇ
1133 3769 1268 3839 πρὸς
1298 3772 1368 3825 τὰ
1417 3772 1764 3844 πεποιημένα
1804 3792 1933 3844 συγ-

350 3853 637 3909 καταϐᾶσα
673 3858 955 3930 μονονουχὶ
998 3859 1094 3913 καὶ
1126 3860 1321 3915 ἑαυτὸν
1354 3863 1568 3928 τούτοις
1617 3866 1934 3921 συντάττειν

348 3944 661 3999 οὐκνόκνείο
708 3946 775 4000 ἵν’
800 3947 1101 4021 ἐπειδήπερ
1130 3950 1374 4006 καλεῖται
1406 3953 1616 4008 τούτων
1649 3958 1931 4027 πρωτότο-

350 4050 470 4099 κος,
517 4033 585 4088 δι’
626 4035 793 4091 αὑτὸν
840 4037 1083 4110 σώζηται
1109 4038 1180 4093 τά
1216 4040 1334 4111 μετ’
1376 4042 1562 4097 αὐτόν.
1613 4044 1676 4097 Ei
1715 4045 1826 4116 7&9
1855 4046 1938 4100 δεῖ

353 4124 574 4190 πάντως
596 4126 758 4183 αὐτὸν
778 4123 921 4184 εῖναι
944 4130 1314 4202 πρωτότοκον,
1343 4132 1567 4203 μενοῦσι
1598 4135 1816 4200 πάντως
1842 4138 1937 4193 καὶ

352 4208 443 4274 ὧν.
473 4217 590 4271 ἔστι
636 4219 1004 4292 πρωτότοκος.
1054 4222 1212 4276 Ἐστι
1259 4224 1440 4279 τοίνυν
1491 4226 1789 4297 μονογενὴς
1837 4228 1939 4298 μιν

354 4305 513 4363 κατὰ,
544 4306 726 4377 φύσιν,
774 4307 869 4363 άτε
908 4309 974 4381 δὴ
1010 4311 1168 4381 μόνος
1207 4310 1385 4366 ὣνὲκ
1429 4314 1665 4385 Πατρδς,
1700 4314 1834 4381 Θεὸς
1870 4320 1938 4371 ἐκ

353 4397 514 4465 Θεοῦ,
545 4399 661 4468 φῶς
694 4400 759 4453 ὲκ
786 4400 961 4470 φωτὸς
994 4401 1323 4474 ἀναλάμψας
1343 4422 1356 4435 ·
1402 4405 1754 4477 πρωτότοκος
1785 4408 1841 4462 δὲ
1872 4409 1941 4463 δι’

352 4491 524 4561 ἡμᾶς,
557 4490 623 4543 ἶν’
667 4490 857 4563 ὥσπερ
898 4491 1154 4565 ἀθανάτῳ
1188 4497 1293 4549 τινὶ
1341 4496 1465 4568 ῥίζῃ
1515 4500 1666 4551 πᾶσα
1698 4500 1732 4568 ἡ
1764 4501 1942 4565 κτίσις

356 4579 861 4653 ιγκεκεντρισμὲνη
894 4583 989 4638 καὶ
1021 4584 1087 4639 ὲκ
1130 4584 1225 4638 τοῦ
1275 4587 1363 4640 ἀεὶ
1391 4586 1545 4651 όντος
1596 4574 1941 4661 ἀναϐλαστῆ-

2004 1023 2123 1066 mus
2151 1007 2367 1078 quidem
2409 1006 2567 1077 juxta
2617 1004 2769 1062 illum
2823 1002 3069 1065 modum,
3126 997 3399 1055 secundus
3444 996 3602 1066 juxta

2002 1101 2172 1163 hunc.

2685 1206 2896 1270 ALIU“

2078 1328 2135 1383 Si
2164 1327 2371 1384 idcirco
2403 1325 2528 1396 quia
2562 1330 2787 1379 vocatur
2816 1322 3215 1393 pri'mog‘emtus
3242 1318 3425 1379 omnia
3447 1332 3605 1377 creas

2010 1432 2165 1486 tum,
2194 1420 2309 1487 ipse
2335 1432 2556 1489 quoque
2590 1426 2676 1473 est
2702 1431 2845 1471 unus
2885 1429 2953 1473 ex
3000 1413 3294 1482 creaturis,
3335 1420 3393 1468 et
3423 1412 3608 1467 omnia

2010 1528 2106 1582 per
2134 1512 2308 1580 ipsum
2334 1509 2477 1566 facta
2508 1518 2634 1565 sunt
2655 1510 2726 1574 ⁷⁸,
2758 1516 3027 1578 sequetur
3044 1521 3114 1562 ex
3145 1514 3337 1561 vestra.
3352 1504 3609 1575 opinione

2010 1604 2155 1674 quod
2197 1603 2435 1672 seipsum
2466 1599 2691 1666 crearit,
2722 1607 2775 1655 et
2816 1600 2960 1670 quod
2990 1607 3213 1654 creator
3246 1604 3475 1655 creatus
3514 1594 3607 1656 sit.

2012 1706 2065 1750 et
2092 1694 2309 1765 quidem
2340 1708 2370 1748 a
2398 1694 2600 1763 seipso.
2640 1691 2777 1746 Nam
2821 1691 2865 1747 si
2897 1690 3143 1745 omnium
3186 1700 3415 1743 numero
3442 1686 3613 1742 etiam

2016 1790 2134 1857 ipse
2173 1786 2505 1852 continetur,
2539 1785 2836 1855 omniaque
2860 1798 2959 1855 per
3009 1783 3189 1853 ipsum
3225 1789 3373 1847 sunt,
3420 1793 3611 1835 verum

2016 1878 2240 1937 omnino
2268 1877 2373 1934 erit
2406 1877 2550 1946 quod
2570 1876 2831 1933 diximus.
2864 1875 2935 1931 At
2979 1874 3024 1931 si
3059 1873 3240 1932 omnis
3267 1880 3519 1929 creatura
3559 1872 3612 1924 in

1941 1997 1984 2053 Β
2017 1972 2137 2044 ipso
2156 1971 2374 2028 condita
2402 1980 2509 2037 est,
2536 1969 2815 2040 quomodo
2832 1974 3017 2038 potest
3042 1979 3167 2023 esse
3196 1978 3337 2022 unus
3366 1962 3613 2023 omnium

2014 2064 2063 2119 is
2092 2077 2123 2117 a
2158 2076 2267 2133 quo
2295 2061 2476 2120 omnia
2515 2068 2641 2117 sunt
2673 2059 2935 2117 condita?

2016 2174 2225 2234 ALIUD
2275 2174 2570 2241 uarrative,
2622 2184 2669 2245 et
2704 2172 2968 2245 quomodo
3010 2174 3095 2242 pie
3139 2171 3369 2243 intelligi
3406 2171 3614 2237 debeat,

2552 2264 2572 2298 r
2615 2243 3031 2315 Printogenittu.
3072 2263 3091 2295 ι

2089 2357 2493 2431 Primogenitus
2518 2357 2574 2413 in
2598 2356 2782 2413 multis
2813 2355 3076 2414 fratribus
3101 2355 3326 2423 dicitur,
3349 2362 3619 2425 quatenus

2019 2466 2119 2523 per
2146 2450 2326 2507 omnia
2357 2450 2535 2506 factus
2560 2457 2644 2507 est
2675 2448 2834 2505 nobis
2866 2447 3065 2503 similis
3105 2454 3339 2515 excepto
3370 2453 3617 2517 peccato.

2021 2556 2076 2603 et
2125 2552 2396 2615 quatenus
2453 2556 2675 2598 carnem
2737 2549 2981 2596 nostram
3044 2548 3287 2610 gestans,
3341 2536 3624 2606 fraterque

2022 2643 2209 2693 noster
2233 2636 2433 2702 dictus,
2469 2634 2666 2690 merito
2699 2635 2772 2688 ita
2806 2641 3052 2687 vocatur.
3086 2628 3623 2699 Primogenitus-an-

2027 2738 2134 2785 tem
2182 2743 2251 2785 ex
2299 2726 2527 2783 mortuis
2570 2724 2789 2789 dicitur,
2841 2723 2970 2793 quia
3034 2722 3150 2793 ipse
3205 2720 3414 2791 primus
3466 2732 3620 2773 suum

2026 2820 2198 2890 ipsius
2221 2834 2441 2875 carnem
2463 2818 2530 2872 ad
2555 2816 3020 2885 incorruptionem
3044 2812 3286 2879 reduxit,
3306 2810 3625 2881 primusque

2027 2926 2147 2969 eam
2184 2912 2239 2967 in
2268 2910 2465 2967 calum
2504 2919 2705 2964 evexit.
2756 2905 2969 2963 idcirco
2994 2906 3161 2962 etiam
3190 2903 3369 2977 inquit
3412 2920 3425 2957 :
3465 2919 3483 2954 ι
3513 2902 3626 2969 Ego

2029 3020 2148 3059 sum
2179 3003 2263 3058 via
2289 3002 2359 3067 ",
2389 3011 2443 3058 et
2470 3017 2572 3073 ego
2597 3014 2716 3056 sum
2752 2999 2920 3067 janua
2950 2998 3019 3051 τι.
3054 3014 3073 3050 ι
3118 2993 3222 3051 Per
3265 2995 3442 3065 ipsum
3477 2993 3623 3049 enim

2029 3106 2223 3150 natura
2254 3095 2490 3150 humana
2544 3107 2746 3153 novum
2797 3091 2900 3156 iter
2955 3088 3163 3159 ingredi
3212 3087 3371 3143 docta
3423 3093 3528 3149 est,
3564 3097 3629 3137 ac

2033 3184 2196 3239 veluti
2235 3197 2332 3254 per
2371 3183 2594 3253 januatn
2630 3180 2923 3253 quamdam
2970 3178 3171 3235 caelum
3218 3178 3395 3250 ipsum
3439 3176 3624 3245 ingre-

2034 3275 2199 3330 ditur.

2068 3388 2300 3455 ALIUD,
2331 3405 2433 3459 quo
2464 3397 2617 3457 pacto
2656 3386 2882 3467 intelligi
2917 3386 3105 3467 possit,
3140 3404 3159 3438 ι
3198 3382 3592 3452 Primogenilua

2583 3465 2753 3511 οιηηιε
2790 3465 3071 3510 creaturw.
3107 3474 3125 3507 ι

2104 3573 2273 3628 Filius
2300 3580 2519 3641 prapter
2542 3568 2932 3639 benignitatem
2964 3566 3140 3623 Patris
3168 3582 3296 3639 erga
3319 3581 3449 3622 suas
3476 3581 3632 3622 crea-

2034 3675 2184 3719 turas
2204 3664 2445 3735 seipsum
2464 3662 2679 3717 vocavit
2698 3661 3120 3732 primogenitum
3139 3657 3318 3716 omnis
3337 3667 3628 3725 creatum,

2034 3763 2090 3811 et
2124 3766 2327 3810 tantum
2370 3768 2475 3809 non
2513 3769 2574 3809 se
2602 3755 2897 3814 demittens
2930 3753 2998 3809 ad
3039 3762 3246 3819 creata,
3274 3754 3624 3807 annumerari

2035 3846 2199 3902 etiam
2232 3846 2299 3901 iis
2338 3860 2443 3900 non
2477 3856 2695 3902 recusat
2725 3862 2739 3901 :
2776 3855 2835 3899 ιιι
2868 3860 2991 3901 cum
3014 3844 3208 3899 horum
3235 3844 3630 3914 primogenitus

2036 3944 2280 4002 vocetur,
2308 3950 2404 4006 per
2428 3936 2605 4005 ipsum
2635 3944 2944 4001 serventur,
2966 3950 3087 4008 qua:
3110 3936 3286 4004 ipsum
3306 3943 3629 4005 sequuntur.

2038 4028 2171 4084 Nam
2203 4031 2249 4084 si
2289 4038 2505 4099 oportet
2532 4028 2753 4084 omnino
2802 4028 2979 4099 ipsum
3014 4042 3139 4084 esse
3185 4028 3631 4099 primogenitum.

2040 4122 2338 4183 manebunt
2388 4120 2631 4191 profecto
2673 4120 2839 4175 etiam
2876 4118 2912 4174 ii
2955 4133 3187 4187 quorum
3220 4129 3304 4175 est
3359 4121 3634 4190 priumge—

2040 4216 2205 4273 nitus.
2242 4215 2336 4271 Est
2389 4215 2553 4286 igitur
2587 4214 2899 4285 uuigenitus
2942 4214 3162 4285 quidem
3196 4215 3497 4269 secundum
3531 4228 3626 4267 na-

2043 4317 2245 4373 turam,
2290 4307 2492 4377 quippe
2530 4307 2619 4375 qui
2658 4306 2808 4363 solus
2834 4307 3050 4362 exsistit
3079 4321 3109 4362 e
3152 4306 3337 4371 Patre,
3385 4306 3528 4361 Deus
3569 4322 3633 4361 ex

2042 4399 2154 4456 Deo
2186 4438 2201 4464 ,
2235 4398 2419 4455 lumen
2450 4414 2514 4455 ex
2560 4397 2763 4453 lumine
2797 4418 2810 4454 :
2846 4397 3243 4468 primogenitus
3275 4405 3457 4452 autem
3502 4412 3635 4468 pro—

2043 4501 2163 4561 pter
2189 4505 2309 4558 nos,
2367 4500 2428 4546 ut
2460 4498 2719 4559 tanquam
2758 4488 3048 4543 immortali
3078 4490 3291 4544 cuidam
3326 4489 3493 4544 radici
3519 4503 3638 4543 om-

2046 4585 2130 4639 nis
2173 4592 2420 4639 creatura
2471 4582 2656 4647 insita,
2691 4592 2747 4637 et
2777 4598 2841 4636 ex
2875 4598 2941 4637 eo
2973 4585 3065 4653 qui
3112 4598 3331 4652 semper
3361 4589 3465 4649 est,
3510 4596 3633 4651 ger-

357 4668 585 4745 σασα
620 4671 820 4742 Ηγονε
860 4673 971 4746 7&9
1008 4675 1077 4729 τὰ
1116 4676 1294 4730 πάντα
1323 4676 1391 4729 δι’
1424 4678 1590 4732 αὑτοῦ
1618 4720 1630 4743 ,
1668 4682 1762 4732 καὶ
1812 4697 1928 4734 συν-

2048 4675 2235 4731 minet.
2267 4673 2458 4729 Omnia
2492 4674 2636 4729 enim
2680 4686 2776 4741 per
2814 4674 2990 4743 ipsum
3039 4672 3179 4729 facta
3227 4682 3374 4736 sunt,
3408 4682 3464 4727 et
3503 4672 3636 4726 ani)-

361 4761 597 4835 ἕστηκεν
629 4765 710 4830 είς
735 4766 823 4820 ἀεὶ
841 4805 856 4831 ,
888 4767 983 4821 καὶ
1010 4767 1160 4838 αὐτῷ
1182 4768 1529 4832 διασώζεται.

1042 4880 1242 4935 ΑΛΛΟ.

427 4986 493 5042 Ei
543 4987 607 5042 τὸ
650 4989 932 5046 καλεῖσθαι
976 4994 1323 5064 πρωτότοκον
1368 4994 1547 5065 πάσης
1594 4998 1825 5063 κτίσεως
1863 5003 1938 5064 ὡς

356 5078 566 5149 κτίσμα
602 5080 745 5135 κατὰ
775 5080 935 5150 φύσιν
968 5082 1121 5148 ὄντα,
1153 5088 1221 5157 τῇ
1265 5084 1441 5139 κτίσει
1470 5084 1809 5159 συν-τάξομεν
1848 5090 1939 5143 τὸν

358 5169 507 5235 Υίδν,
550 5170 709 5226 ἔσται
749 5172 966 5244 πρῶτος
1017 5176 1119 5247 μὲν
1155 5176 1361 5250 ταύτης
1400 5180 1541 5234 κατὰ
1585 5180 1676 5235 τὸν
1722 5182 1914 5251 χρόνον

360 5262 627 5334 συγγενὴς
660 5264 715 5319 δὲ
760 5268 911 5336 ὅμως
939 5267 1082 5323 κατὰ
1118 5269 1219 5341 τὴν
1248 5269 1430 5339 φύσιν,
1468 5272 1561 5326 καὶ
1590 5271 1679 5326 διὰ
1703 5272 1764 5326 τὸ
1796 5269 1936 5329 εἶναι

358 5350 567 5422 κτίσμα
596 5355 707 5421 τοῖς
736 5354 919 5419 ἄλλοις
951 5355 1124 5412 ἃπασι
1147 5359 1508 5430 προσεοικώς.
1538 5360 1815 5433 Συγγενὴς
1846 5357 1940 5416 οὗν

360 5439 516 5503 ἔσται
544 5444 640 5500 καὶ
669 5444 886 5514 ἀλόγοις
912 5446 1093 5514 ζώοις,
1116 5448 1327 5521 ὀρνέοις
1355 5466 1415 5503 τε
1444 5451 1538 5505 καὶ
1558 5454 1801 5522 νηκτοίς.
1827 5454 1941 5512 Καὶ

358 5531 535 5587 ταῦτα
560 5536 692 5607 7&9,
742 5537 794 5591 εί
831 5537 927 5591 καὶ
966 5536 1261 5610 ἐλάχιστα,
1295 5539 1436 5612 μέρη
1468 5540 1601 5610 γοῦν
1629 5541 1811 5611 πάσης
1840 5541 1941 5614 τῆς

358 5623 594 5688 κτίσεώς
616 5626 785 5682 ἐστιν.
827 5628 987 5683 Ἀλλὰ
1016 5628 1177 5683 τοῦτο
1209 5630 1429 5685 ἄτοπον.
1454 5631 1667 5685 Οὐκοῦν
1698 5622 1940 5697 εὐσεϐῶς

360 5716 708 5787 πρωτότοκος
748 5719 848 5788 μὲν
871 5761 887 5784 ,
919 5720 993 5785 ὡς
1038 5723 1096 5775 ὲν
1142 5721 1357 5785 πολλοῖς
1393 5721 1641 5792 ἀδελφοῖς
1684 5723 1778 5778 διὰ
1812 5725 1941 5789 τοὺς

364 5806 505 5861 κατὰ
552 5806 714 5880 χάριν
752 5810 830 5872 είς
869 5809 1141 5866 υίοθεσίαν
1172 5811 1546 5883 κεκλημένους
1592 5813 1939 5885 νοηθήσεται.

436 5961 481 5993 τ’
510 5960 662 6017 Joun.
699 5980 735 6029 ι,
777 5965 827 6017 2.
906 5965 1275 6028 "10.1mxt",
1312 5966 1345 6019 6
1440 5968 1483 5999 ’ί
1509 5967 1663 6023 Joan.
1702 5986 1751 6035 π,
1781 5968 1831 6025 9.

2040 4771 2259 4835 sistunt,
2293 4777 2346 4823 et
2376 4782 2471 4839 per
2509 4766 2685 4837 ipsum
2714 4774 3132 4822 conservantur.

2725 4878 2956 4935 ALIUD.

2117 4994 2172 5048 Si
2236 5002 2519 5063 propterea
2554 4993 2699 5061 quod
2751 4992 2924 5049 Filius
2970 5003 3195 5049 vocetur
3242 4992 3641 5064 primogenitus

2044 5086 2221 5141 omnis
2279 5092 2577 5146 creatum.
2630 5098 2752 5138 eum
2812 5096 2870 5139 ut
2928 5096 3235 5141 creaturam
3292 5092 3484 5139 natura
3543 5098 3639 5135 sua

2046 5176 2397 5233 exsistentem
2427 5174 2624 5233 creatis
2657 5189 3022 5228 annuutcrare
3050 5172 3277 5227 velimus
3306 5184 3320 5223 ι
3352 5170 3460 5225 erit
3493 5177 3643 5224 certe

2048 5268 2256 5338 primus
2290 5268 2433 5323 inter
2461 5276 2643 5321 creata
2681 5266 2895 5322 ratione
2942 5265 3228 5335 temporis,
3253 5270 3521 5331 cognatus
3546 5274 3643 5313 ve-

2048 5374 2111 5414 ro
2143 5358 2438 5425 secundum
2472 5368 2745 5424 naturam,
2780 5368 2833 5414 et
2864 5372 2967 5428 qua
3010 5357 3223 5412 ratione
3252 5363 3505 5411 creatura
3537 5364 3640 5413 est,

2049 5451 2168 5507 aliis
2198 5451 2393 5507 similis
2413 5451 2540 5507 erit.
2588 5450 2865 5523 Cognatns
2914 5449 3079 5523 239
3110 5450 3293 5520 itaque
3334 5447 3437 5502 erit
3479 5446 3641 5500 etiam

2050 5542 2378 5599 animalibus
2427 5545 2637 5599 ratione
2676 5545 3012 5608 carentibus,
3056 5542 3249 5597 avibus
3288 5540 3545 5594 nimirum
3588 5548 3645 5593 et

2050 5637 2312 5705 piscibus.
2356 5637 2490 5693 Nam
2522 5650 2578 5693 et
2618 5639 2733 5694 haec
2781 5638 3059 5702 animalia,
3106 5636 3356 5708 quamvis
3391 5634 3641 5696 minima,

2050 5742 2177 5797 pars
2212 5729 2375 5786 totius
2411 5739 2677 5786 creatura:
2712 5741 2860 5786 sunt.
2904 5731 3009 5785 Sed
3058 5730 3162 5785 hoc
3200 5728 3496 5785 absurdum
3534 5736 3639 5782 est.

2051 5817 2145 5877 Pie
2188 5820 2353 5893 igitur
2396 5822 2789 5895 primogenita:
2831 5822 3049 5894 quidem
3104 5820 3435 5883 censebitur.
3486 5826 3546 5874 ut
3587 5816 3641 5872 in
