4032 6504
487 439 589 495 407

1463 443 1519 497 S.
1560 440 1834 498 CYlllLLl
1876 440 2343 496 ALEXANDIIINI
2385 442 2701 499 ARCIIIEI’.

3610 434 3716 490 ‘08

488 559 672 611 multis
726 557 999 625 lintribus,
1033 573 1253 630 propter
1302 576 1395 617 eos
1443 578 1533 631 qui
1580 576 1670 630 per
1716 561 1945 633 gratiam
1995 561 2042 614 in

2152 563 2340 633 Πάσης
2362 562 2417 617 δὲ
2446 563 2670 625 κτίσεως
2698 560 2953 630 ἀνωτέρω
2984 558 3221 619 κείσεται
3240 600 3253 621 ,
3278 558 3354 620 ὡς
3378 556 3486 615 πρὸ
3513 554 3714 623 ταύτης

488 645 626 701 ﬁlios
676 651 907 717 adoptati
957 663 1101 708 sunt.
1136 649 1293 706 Omni
1347 666 1473 705 vero
1520 660 1766 705 creatura
1800 651 2046 720 superior

485 737 609 797 erit,
643 746 699 789 nt
724 739 814 806 qui
847 750 971 794 ante
998 754 1116 795 eam
1145 741 1390 804 exsistat,
1417 754 1642 807 eamque
1680 740 1746 793 ad
1774 753 1897 795 esse
1937 749 2046 793 tra-

484 828 716 895 duxerit,
742 830 856 899 ipso
878 830 1127 885 increata:
1154 831 1402 885 essentia
1423 830 1707 885 exsistons.

1148 939 1377 998 ALIUD.

554 1056 1004 1119 Quemadmodum
1038 1064 1254 1110 vocatus
1285 1065 1368 1111 est
1397 1054 1787 1126 primogenitus
1809 1056 1861 1110 in
1904 1056 2041 1111 mul-

485 1148 551 1200 tis
580 1146 849 1211 fratribus,
871 1147 994 1215 quia
1019 1148 1253 1216 adoptati
1281 1157 1407 1202 sunt
1427 1147 1478 1202 in
1503 1148 1639 1202 ﬁlios
1666 1162 1763 1218 per
1809 1148 2039 1217 gratiam

481 1237 569 1305 qui
604 1252 699 1305 per
720 1236 890 1305 ipsum
920 1236 1107 1294 SiIIVIII
1145 1248 1307 1303 aunt;
1340 1245 1393 1294 et
1441 1252 1655 1294 rursum
1717 1236 2041 1309 primogeni-

482 1336 566 1381 tus
597 1338 649 1381 et
680 1327 928 1396 primitiz
965 1337 1315 1393 mortuorum,
1353 1328 1479 1397 quia
1504 1338 1631 1385 ante
1656 1342 1844 1383 omnes
1872 1330 1938 1383 ad
1960 1329 2039 1383 in-

478 1420 877 1489 corruptionem
938 1425 1281 1479 resurrexit:
1334 1423 1407 1476 ita
1465 1422 1785 1493 principium
1830 1424 2037 1479 viarum

478 1524 689 1569 creatus
716 1527 836 1568 esse
870 1514 1063 1568 dicitur
1092 1515 1159 1577 ’³,
1193 1513 1317 1584 quia
1335 1514 1585 1570 omnibus
1635 1513 1891 1584 deinceps
1944 1529 2039 1585 per

478 1603 647 1673 ipsum
680 1603 761 1658 via
798 1604 867 1658 ad
894 1604 1120 1659 salutem
1144 1613 1228 1660 est
1255 1612 1459 1674 aperta.

479 1736 628 1801 Quod
658 1753 759 1791 nou
783 1736 940 1790 aliam
969 1738 1029 1789 ob
1056 1752 1265 1791 cnuaam
1302 1738 1597 1806 unigenitus
1621 1746 1850 1802 vocetur,
1868 1754 2033 1806 quam

909 1818 963 1859 ut
988 1806 1129 1860 solus
1155 1819 1329 1875 revera
1358 1805 1579 1875 genitus.

756 1874 995 1944 Defensio
1024 1890 1088 1929 ea:
1115 1874 1435 1944 simplicibus
1456 1874 1785 1946 syllogismis.

545 2012 599 2065 Si
635 2009 759 2081 quia
793 2009 937 2064 solus
973 2009 1280 2064 immediate
1312 2007 1485 2063 iactus
1525 2017 1627 2073 est,
1694 2009 1894 2065 idcirco
1924 2011 2045 2064 uni-

474 2105 705 2175 genitus,
734 2111 928 2173 praeter
962 2102 1285 2156 voluntatem
1324 2100 1497 2155 iactus
1512 2106 1629 2154 est:
1655 2100 1747 2155 sed
1770 2114 1893 2155 cum
1911 2101 2043 2156 nihil

476 2198 674 2250 factum
697 2194 789 2259 sit,
827 2193 926 2247 nisi
960 2193 1229 2248 mediante
1250 2200 1413 2261 atque
1439 2190 1804 2245 intercedente
1829 2190 1919 2245 Del
1950 2206 2042 2246 vo-

474 2278 681 2342 lu'ntate
711 2302 723 2337 :
757 2297 861 2336 non
893 2296 1020 2350 ergo
1054 2283 1172 2338 ideo
1199 2282 1321 2351 quia
1360 2280 1668 2335 immediate
1714 2280 1888 2335 factus
1931 2288 2035 2342 est,

475 2373 779 2444 unigenitus
832 2383 945 2436 est,
998 2374 1090 2428 sed
1122 2372 1245 2442 quia
1280 2372 1394 2441 ipse
1417 2368 1563 2427 solus
1590 2380 1674 2426 est
1697 2369 1906 2425 fructus
1935 2384 2033 2440 pa-

476 2475 680 2524 ιεινηυε.

1134 2575 1367 2632 ALIUD.

547 2715 601 2771 Si
657 2712 963 2785 nnigenitus
1016 2718 1118 2775 est,
1148 2709 1269 2778 quia
1326 2708 1471 2763 solus
1532 2709 1713 2763 abillo
1740 2708 1911 2763 iactus
1933 2718 2033 2773 est,

472 2807 622 2876 juxta
652 2814 884 2859 vestram
915 2800 1219 2869 opinionem
1252 2852 1261 2862 ,
1302 2812 1405 2853 non
1433 2806 1576 2852 esset
1602 2797 1767 2851 totius
1798 2798 2035 2852 universi

474 2902 710 2958 creator,
743 2893 834 2963 qui
866 2893 966 2947 hoc
994 2888 1185 2952 solum,
1244 2902 1349 2943 non
1386 2895 1563 2943 autem
1592 2886 1795 2950 omnia,
1828 2886 2034 2942 iecerit.

476 2987 531 3039 Si
560 3000 683 3039 vero
737 2983 897 3039 Pater
932 2990 1015 3035 est
1070 2980 1237 3039 totius
1308 2978 1544 3033 universi
1588 2986 1801 3033 creator
1834 2978 2035 3048 (omnia

476 3078 617 3133 enim
642 3091 705 3130 ex
726 3076 842 3145 ipso
859 3072 949 3141 "),
983 3087 1085 3126 non
1117 3078 1199 3124 est
1224 3069 1384 3139 igitur
1400 3068 1565 3123 Filius
1590 3082 1653 3122 ea
1687 3069 1893 3122 ratione
1919 3069 2036 3122 uni-

473 3169 691 3237 genitus
738 3166 878 3236 quod
904 3166 1051 3219 solus
1088 3165 1336 3225 exsistat,
1369 3160 1460 3216 sed
1526 3158 1668 3229 quod
1707 3160 1853 3214 solus
1880 3167 2035 3215 natu-

476 3258 660 3320 raliter
692 3257 904 3328 genitns
934 3256 1022 3316 sit.

1138 3365 1369 3422 ALIUD.

550 3483 604 3536 Si
628 3480 935 3552 unigenitus
981 3488 1087 3542 est,
1130 3480 1254 3545 quia
1312 3477 1511 3533 solusa
1561 3478 1675 3533 solo
1705 3476 1878 3533 factus
1928 3486 2032 3540 est,

474 3573 623 3628 cuius
650 3579 829 3625 autem
862 3570 941 3623 sol
971 3568 1111 3623 diem
1140 3566 1266 3623 iacit
1298 3584 1311 3621 :
1362 3582 1491 3637 ergo
1512 3569 1673 3624 etiam
1732 3568 2039 3638 unigenitus

472 3664 601 3718 solis
626 3664 738 3718 dies
753 3663 977 3717 dicetur.
992 3660 1048 3715 Si
1075 3647 1200 3715 vero
1223 3666 1383 3714 etiam
1419 3660 1563 3715 solus
1586 3659 1851 3730 quispiam
1877 3676 2035 3713 unam

474 3755 707 3823 aliquam
732 3752 1009 3809 scientiam
1069 3752 1355 3818 invenerit,
1418 3758 1511 3805 aut
1563 3765 1723 3804 unam
1754 3751 2036 3821 imaginem

474 3844 791 3909 coniecerit,
818 3838 1090 3912 unigenita
1119 3841 1281 3896 etiam
1308 3842 1485 3896 vocari
1536 3848 1808 3911 poterunt,
1833 3854 1950 3910 qua
1972 3843 2040 3895 ab

475 3936 590 4003 ipso
620 3933 863 3990 coniecta
916 3932 1232 3987 fuerint.At
1278 3930 1323 3985 si
1370 3944 1527 3986 nemo
1578 3945 1809 3999 unquam
1868 3929 2040 3984 solum

474 4025 688 4093 aiiquod
711 4038 844 4093 opus
880 4023 1211 4093 unigenitum
1239 4021 1466 4086 vocavit,
1490 4024 1756 4090 quomodo
1784 4018 1954 4076 Filius
1984 4029 2039 4076 ut

476 4113 672 4176 ractu‘s,
707 4130 809 4170 non
841 4121 1043 4179 autem,
1070 4122 1129 4167 ut
1159 4112 1394 4183 genitus,
1422 4112 1729 4183 unigenitus
1758 4126 1879 4168 esse
1906 4126 2038 4168 cen-

474 4204 720 4265 sebitur?

1141 4315 1374 4373 ALIUD.

539 4434 597 4489 Si
630 4449 733 4487 non
762 4442 817 4486 ut
849 4431 994 4489 solus
1026 4430 1258 4502 genitus,
1288 4430 1381 4485 sed
1415 4438 1475 4484 ut
1494 4429 1689 4495 factus,
1715 4401 2025 4500 unigenitus

475 4533 696 4579 vocatus
721 4531 826 4589 est,
853 4531 907 4577 et
935 4520 1161 4591 Iephthe
1196 4519 1302 4577 lilia
1357 4520 1519 4574 etiam
1585 4520 1857 4590 unigenita
1910 4521 2045 4575 dici-

2146 651 2242 714 ὥν.
2276 655 2366 707 καὶ
2398 657 2478 715 εἰς
2507 642 2568 706 τό
2595 636 2735 704 εἶναι
2761 650 2963 720 ταύτην
3008 648 3373 722 παραγαγὼν,
3400 646 3626 716 κτιστῆς
3656 660 3713 697 τε

2146 744 2307 809 αὐτὸς
2345 746 2443 816 οὐχ
2478 745 2736 817 ὑπάρχων
2764 744 2973 807 οὐσίας.

2824 952 3024 1004 ΛΛΛο.

2215 1067 2421 1136 Ὠσπερ
2463 1064 2804 1135 πρωτότοκος
2853 1065 2910 1116 ὲν
2941 1061 3154 1123 πολλοῖς
3182 1058 3432 1127 ἀδελφοῖς
3477 1056 3707 1127 ἐκλήθη,

2140 1157 2227 1209 διὰ
2262 1158 2319 1209 τὸ
2361 1155 2656 1225 κεκλῆσθαι
2704 1154 2841 1224 πρὸς
2890 1151 3162 1205 υἱοθεσίαν
3193 1148 3329 1203 Θεοῦ
3369 1146 3513 1201 κατά
3550 1147 3708 1216 χάριν

2141 1248 2265 1309 τοὺς
2298 1247 2365 1300 δι’
2393 1246 2557 1299 αὐτοῦ
2592 1244 2995 1315 σεσωσμένους·
3026 1242 3120 1295 καὶ
3161 1240 3324 1294 πάλιν
3362 1236 3711 1309 πρωτότοκος

2142 1340 2234 1393 καὶ
2263 1339 2485 1410 ἀπαρχὴ
2506 1338 2616 1390 τῶν
2636 1337 2845 1408 νεκρῶν
2877 1335 2965 1390 διά
2998 1334 3056 1388 τὸ
3092 1332 3255 1389 οὕτὸν
3286 1334 3365 1395 εις
3396 1327 3713 1399 ἀφθαρσίαν

2141 1428 2435 1500 ἐγηγιρθαι
2470 1430 2577 1499 πρὸ
2609 1428 2847 1481 πάντων·
2905 1425 3079 1487 οὕτως
3114 1424 3257 1495 ἀρχὴ
3289 1422 3425 1476 ὁδῶν
3462 1418 3709 1473 ἐκεί-σθαι

2139 1522 2385 1587 λέγεται,
2426 1520 2514 1573 διὰ
2551 1520 2610 1572 τὸ
2652 1518 2859 1581 πάντας
2906 1517 2973 1570 δι’
3008 1513 3173 1570 αὐτοῦ
3220 1512 3481 1569 δύνασθαι
3524 1510 3711 1564 λοιπὸν

2138 1611 2347 1681 τρέχειν
2381 1613 2458 1675 εἰς
2494 1609 2784 1679 σωτηρίαν.

2141 1748 2265 1798 Ὅτι
2302 1745 2383 1811 μὴ
2430 1744 2501 1797 δι’
2551 1742 2752 1809 ἄλλην
2783 1744 2981 1796 αἰτίαν
3027 1738 3367 1810 μονογενὴς
3400 1739 3707 1811 κέκληται,

2173 1806 2313 1869 ctu"
2360 1806 2398 1882 ἦ
2445 1815 2525 1880 ὡς
2562 1806 2747 1882 μόνος
2804 1814 2930 1865 κατ’
2988 1806 3278 1882 ἀλήθειαν
3318 1806 3663 1878 γεννηθείς.

2594 1882 2909 1951 Ἀπολογία
2936 1879 3266 1943 αὐτολεξεί.

2212 2015 2272 2067 El
2296 2014 2384 2066 διά
2412 2014 2471 2065 τὸ
2507 2013 2665 2083 μόνον
2691 2012 3058 2082 ἀμεσιτεύτως
3086 2010 3250 2065 αὐτὸν
3277 2008 3585 2077 γεγονέναι,
3623 2007 3709 2060 διὰ

2140 2104 2293 2157 τοῦτο
2324 2102 2635 2174 μονογενὴς,
2665 2102 2977 2172 ἀϐουλήτως
3011 2100 3231 2169 γέγονεν
3254 2116 3268 2129 ·
3299 2101 3347 2152 εξ
3377 2098 3437 2152 δὲ
3470 2097 3581 2151 τῶν
3616 2114 3708 2166 γε·

2138 2193 2379 2263 νομένων
2400 2193 2550 2246 οὐδέν
2575 2195 2743 2257 ἔστιν,
2776 2193 2803 2245 ὃ
2832 2191 2994 2264 βουλὴ
3021 2192 3156 2246 Θεοῦ
3193 2192 3294 2245 οὐκ
3320 2192 3668 2261 ιμεσίτευσεν
3689 2207 3705 2223 ο

2138 2286 2238 2337 οὐκ
2280 2284 2387 2355 ἀρα
2434 2283 2519 2337 διὰ
2562 2283 2623 2335 τὸ
2664 2283 3037 2355 ἀμεσιτεύτως
3082 2283 3387 2351 γεγονέναι,
3429 2280 3517 2335 διά
3551 2281 3709 2334 τοῦτο

2143 2375 2453 2445 μονογενὴς,
2484 2373 2619 2429 ἀλλά
2659 2374 2745 2428 διὰ
2786 2375 2846 2429 τὸ
2894 2373 3051 2431 μόνον
3090 2372 3282 2427 τοῦτον
3322 2368 3462 2426 εἶναι
3499 2372 3707 2444 καρπὸν

2138 2468 2422 2540 πατρικόυι.

2813 2582 3011 2638 AAAO.

2211 2715 2269 2766 Ei
2298 2714 2386 2767 διά
2413 2714 2569 2767 τοῦτο
2598 2714 2915 2784 μονογενὴς,
2938 2715 3021 2767 ὅτι
3052 2712 3209 2781 μόνος
3243 2712 3336 2765 ὕπ’
3368 2712 3582 2766 ἐκείνου
3600 2690 3704 2781 ³γέ-

2139 2819 2280 2869 γονε,
2318 2803 2441 2857 καθ’
2468 2804 2629 2873 ὑμᾶς,
2654 2805 2753 2856 οὐκ
2788 2804 2853 2857 ἀν
2874 2805 2958 2873 εἴη
2988 2804 3097 2856 τῶν
3123 2801 3353 2857 καθόλου
3378 2802 3707 2874 δημιουργὸς

2136 2895 2165 2944 ό
2203 2891 2389 2945 τοῦτον
2443 2892 2621 2963 μόνον,
2655 2893 2771 2945 ἀλλ’
2815 2894 2876 2945 οὐ
2930 2894 3125 2953 πάντα,
3173 2894 3505 2963 πεποιηκώς.
3545 2894 3607 2946 Ei
3650 2893 3707 2946 δὲ

2138 2983 2253 3035 ἔστι
2273 2982 2379 3034 τῶν
2404 2980 2633 3034 καθόλου
2654 2981 2982 3053 δημιουργὸς
3005 2985 3033 3036 ὁ
3059 2984 3251 3053 Πατήρ
3268 3000 3281 3014 ·
3310 2984 3376 3036 τά
3406 2983 3582 3037 πάντα
3602 2983 3707 3053 γὰρ

2138 3074 2197 3139 ἔξ
2236 3074 2417 3127 αὑτοῦ·
2450 3074 2549 3143 οὐχ
2591 3074 2665 3137 ὼς
2697 3073 2856 3143 μόνος
2884 3073 2990 3145 ἄρα
3018 3074 3273 3145 ὑπάρξας
3314 3077 3346 3128 ό
3384 3075 3512 3139 Υἱὸς
3556 3089 3707 3145 μονο-

2139 3167 2318 3235 γενὴς,
2353 3164 2465 3220 ἀλλ’
2494 3165 2569 3228 ὠς
2599 3164 2757 3235 μόνος
2788 3165 3033 3234 φυσικῶς
3060 3164 3359 3237 γεννηθείς,

2809 3366 3012 3419 AAAO.

2211 3476 2272 3530 El
2302 3478 2614 3549 μονογενὴς,
2642 3478 2722 3530 ὅτι
2765 3478 2921 3547 μόνος
2950 3476 3054 3529 ὑπὸ
3087 3476 3246 3546 μόνου
3281 3475 3470 3543 γέγονε
3491 3516 3505 3540 ,
3550 3476 3705 3546 μόνος

2138 3568 2195 3620 δὲ
2218 3568 2367 3637 ἥλιος
2390 3569 2605 3642 ἡμέραν
2635 3572 2810 3635 ποιεῖ,
2846 3568 3139 3639 μονογενὴς
3169 3568 3318 3639 ἡλίου
3343 3569 3435 3621 καὶ
3462 3570 3495 3639 ἠ
3527 3569 3709 3638 ἡμέρα

2137 3656 2477 3727 λεχθήσεται.
2515 3658 2576 3711 El
2602 3658 2657 3710 δὲ
2689 3660 2783 3712 καὶ
2812 3657 2969 3729 μόνος
2991 3674 3073 3721 τις
3106 3656 3203 3710 καὶ
3235 3657 3363 3727 μιᾶς
3398 3658 3710 3727 ἐπιστήμης

2139 3748 2361 3815 γέγονεν
2394 3748 2640 3820 εὑρετὴς.
2694 3748 2727 3817 ἢ
2778 3748 2906 3817 μιᾶς
2953 3746 3161 3808 εἰκόνος
3188 3745 3511 3815 αὐτουργὸς,
3556 3760 3712 3814 μονο-

2140 3835 2273 3904 γενῆ
2297 3835 2383 3903 εἴη
2413 3835 2477 3888 ἂν
2510 3835 2657 3905 αὐτῷ
2688 3836 3003 3907 γεννήματα
3034 3834 3103 3887 τὰ
3129 3835 3266 3905 μόνα
3294 3834 3386 3886 ὑπ’
3415 3832 3581 3887 αὐτοῦ
3612 3848 3711 3885 πε-

2144 3928 2432 3995 ποιημένα.
2467 3927 2527 3978 Ei
2569 3926 2626 3979 δὲ
2660 3926 2848 3997 μηδεὶς
2886 3925 3105 3981 πώποτε
3139 3925 3425 3996 μονογενὲς
3464 3922 3525 3976 τὸ
3551 3923 3711 3993 μόνον

2144 4018 2300 4087 ἔργον
2335 4017 2589 4089 κέκληκε,
2623 4017 2739 4081 πῶς
2782 4021 2811 4071 ό
2852 4018 2979 4081 Υἱὸς
3022 4017 3097 4081 ὡς
3129 4016 3442 4087 γενόμενος,
3472 4014 3587 4070 ἀλλ’
3614 4014 3711 4083 οὐχ

2143 4108 2216 4171 ὡς
2244 4108 2544 4178 γεννηθεὶς,
2584 4109 2877 4182 μονογενὴς
2907 4108 3267 4180 νοηθήσεταις

2816 4312 3021 4365 ΑΔΛΟ.

2215 4422 2278 4477 Εἰ
2308 4423 2383 4493 μὴ
2412 4422 2486 4485 ὡς
2516 4422 2795 4491 γεννηθεὶς
2827 4427 3020 4493 μόνος,
3046 4425 3108 4482 οὒ
3142 4423 3249 4495 μὴν
3276 4424 3371 4476 καὶ
3394 4425 3710 4493 γενόμενος.

2148 4514 2436 4584 μονογενὴς
2472 4512 2750 4582 κέκληται,
2780 4512 3042 4585 κέκληται
3069 4514 3127 4567 δὲ
3153 4513 3247 4567 καὶ
3274 4505 3335 4567 τὸ
3363 4512 3458 4567 τοῦ
3499 4513 3712 4585 Ἰεφθάε
3742 4594 3743 4597 η

474 4625 562 4668 tur
590 4615 634 4645 ⁷⁷
673 4630 685 4665 :
721 4611 882 4667 fuerit
910 4609 1073 4680 igitur
1103 4613 1275 4665 solum
1310 4622 1445 4679 opus
1479 4608 1669 4679 ipsius,
1723 4624 1826 4665 non
1858 4619 2037 4664 autem

2143 4604 2432 4676 θυγάτριον
2481 4605 2799 4675 μονογενὲς,
2850 4607 2939 4677 εἴη
2987 4605 3054 4660 ἂν
3105 4605 3263 4677 μόνον
3311 4604 3474 4678 ἔργον
3523 4605 3711 4668 αὐτοῦ.

474 4705 741 4772 genimen.
763 4704 868 4757 Aut
904 4702 949 4756 si
976 4700 1251 4756 fatendum
1282 4708 1361 4756 est
1387 4698 1712 4770 unigenitam
1742 4713 1862 4755 eam
1893 4714 2035 4765 esse,

474 4795 597 4862 quia
627 4792 739 4848 sola
769 4808 832 4848 ex
861 4792 1079 4862 praprio
1105 4798 1256 4862 patre
1274 4789 1456 4861 genita
1481 4790 1590 4845 sit:
1630 4788 1793 4862 350
1807 4800 1954 4847 certe
1982 4799 2038 4847 et

474 4884 642 4939 Filius
669 4883 974 4953 unigenitus
1004 4882 1127 4950 erit,
1159 4880 1302 4953 quod
1331 4878 1479 4937 solus
1527 4888 1763 4951 paterna
1790 4883 2038 4939 essentia:

477 4976 649 5029 Intres
682 4974 891 5043 genitus
921 4972 1010 5029 sit.

1138 5081 1366 5143 ALIUD.

551 5197 609 5250 Si
639 5197 763 5265 quia
791 5196 934 5251 solus
964 5197 1084 5250 talis
1115 5194 1287 5250 factus
1313 5203 1416 5260 est,
1486 5194 1690 5248 ideirco
1725 5194 2036 5262 unigenitus

478 5300 582 5349 est,
610 5297 663 5341 et
684 5286 879 5341 cmlum
906 5286 1078 5341 solum
1107 5286 1209 5339 tale
1237 5299 1370 5355 opus
1392 5282 1590 5338 factum
1622 5292 1703 5338 est
1756 5282 1911 5352 quale
1934 5292 2038 5347 est,

477 5378 754 5432 critetiam
786 5376 979 5433 caelum
1010 5376 1366 5447 unigenitum.
1404 5374 1459 5429 Si
1487 5388 1637 5442 vero,
1671 5374 1880 5428 tametsi
1909 5373 2043 5427 mul-

481 5476 548 5523 tu:
572 5478 622 5522 ct
651 5469 864 5541 quidem
892 5470 1018 5523 solae
1058 5475 1317 5522 creaturae
1344 5465 1518 5531 factm,
1548 5480 1653 5520 non
1717 5473 1894 5519 tamen
1955 5463 2041 5517 di-

2143 4696 2257 4750 ἀλλ’
2306 4692 2368 4749 οὐ
2415 4696 2680 4767 γέννημα.
2717 4696 2788 4750 Ἢ
2832 4697 2992 4766 εἴπερ
3036 4696 3381 4769 ὡμολόγηται
3426 4698 3716 4767 μονογενὲς

2144 4786 2275 4839 αὐτὸ
2302 4781 2458 4852 εῖναι,
2482 4785 2572 4840 διά
2594 4786 2656 4840 τὸ
2687 4786 2844 4857 μόνον
2865 4788 2929 4839 ὲκ
2947 4784 3041 4840 τοῦ
3064 4786 3201 4842 -ῑδιου
3231 4787 3590 4858 γεγεννῆσθαι
3611 4805 3714 4841 παι

2145 4875 2291 4944 τρὸς,
2321 4876 2414 4929 καὶ⁵
2437 4878 2465 4929 ό
2491 4875 2811 4945 Υἱδςκὸἦλον
2837 4876 2919 4929 ὃτι
2948 4878 3245 4948 μονογενὴς
3265 4915 3280 4942 ,
3312 4878 3471 4949 μόνος
3491 4878 3594 4949 τῆς
3620 4878 3714 4933 τοῦ

2148 4968 2360 5038 Πατρδς
2386 4966 2572 5032 οὐσίας
2598 4967 2870 5039 γεννητιῖκ
2898 4967 3253 5039 κληρονόμος.

2820 5086 3022 5139 ΔΛΛΟ.

2224 5198 2286 5248 Ei
2320 5194 2445 5248 ἐπεὶ
2469 5196 2629 5266 μόνος
2657 5197 2896 5261 τοιοῦτος
2940 5198 3153 5266 γέγονε,
3176 5198 3267 5252 διὰ
3297 5198 3457 5253 τοῦτο
3492 5216 3715 5271 μονογε-

2148 5287 2265 5356 νὴς,
2320 5286 2479 5356 μόνον
2523 5292 2579 5339 δὲ
2624 5288 2783 5359 ἔργον
2836 5288 3080 5343 τοιοῦτον
3126 5292 3154 5343 ὁ
3192 5288 3419 5359 οὐρανὸς
3470 5288 3715 5358 γέγονεν,

2146 5378 2329 5430 ὁποῖόν
2359 5381 2527 5443 ἐστιν,
2558 5382 2643 5448 εἴη
2670 5398 2735 5432 αν
2764 5381 2856 5433 καὶ
2876 5380 3036 5443 αὐτὸς
3061 5380 3379 5451 μονογενής.
3411 5380 3477 5436 Ei
3510 5380 3568 5434 δὲ
3596 5382 3718 5434 καί-

2144 5484 2226 5522 τοι
2257 5468 2427 5521 πολλά
2462 5468 2557 5523 καὶ
2610 5470 2745 5539 μόνα
2788 5471 3063 5541 κτίσματα
3095 5472 3367 5542 γενόμενα
3389 5472 3491 5525 οὐκ
3520 5472 3721 5544 ὲρρἐη

482 5567 674 5610 ..untur
706 5558 992 5625 unigcnim
1025 5574 1037 5611 :
1078 5556 1244 5610 Filius
1275 5555 1458 5625 itaque
1480 5564 1561 5611 cst
1587 5554 1918 5625 unigenitus,
1941 5566 2042 5607 non

2150 5561 2435 5630 μονογενῆ,
2470 5561 2498 5613 ὁ
2520 5560 2652 5625 Υἱὸς
2677 5560 2785 5634 ἄρα
2813 5562 3108 5633 μονογενὴς
3138 5562 3236 5633 οὺχ
3259 5562 3335 5628 ὼς
3369 5562 3528 5634 μόνος
3556 5563 3721 5618 mm},

490 5664 543 5701 Ut
593 5648 735 5703 solus
779 5650 894 5705 talis
926 5647 1119 5713 lactus,
1144 5650 1235 5704 sed
1266 5658 1324 5703 ut
1346 5646 1496 5702 solus
1525 5646 1759 5717 genitus.

2150 5664 2239 5711 τος
2264 5650 2573 5720 γενόμενος,
2606 5650 2721 5705 ἀλλ’
2756 5652 2831 5717 ὼς
2863 5653 3021 5723 μόνος
3053 5654 3351 5723 γενντεθεις.

555 5829 601 5863 ⁷⁸
636 5828 789 5887 Prov.
830 5847 944 5892 \m.
975 5831 1063 5886 9.2.
1143 5832 1185 5886 7.“
1215 5830 1413 5885 Colnss.
1464 5844 1499 5893 ι,
1547 5828 1624 5883 Ιῦ.
1703 5828 1744 5858 ⁷⁷
1773 5825 1943 5883 Jttdic.
1989 5842 2063 5885 XI.
2094 5826 2181 5881 5i.
