4032 6504
277 512 375 568 I09

940 618 1147 674 ΔΛΑΟ.

344 733 405 787 Ei
448 732 537 789 διὰ
586 729 746 785 τοῦτο
796 730 1091 801 μονογενὴς
1130 728 1213 781 ὅτι
1259 726 1419 797 μόνος
1466 723 1574 778 τῶν
1628 723 1849 777 πάντων

277 824 531 895 ὑπερέχει
554 865 569 890 ,
626 822 885 892 ὑπερέχει
914 821 972 875 δὲ
1008 820 1118 873 τῶν
1164 819 1385 874 πάντων
1433 818 1529 871 καὶ
1568 815 1597 868 ό
1636 814 1847 885 Πατὴρ,

278 915 566 987 μονογενὴς
612 912 721 985 ἄρα
756 911 975 983 λεχθείη
1020 911 1087 965 ἂν
1109 911 1203 965 καὶ
1237 908 1420 973 αὐτός.
1453 906 1517 961 Εί
1542 907 1599 960 δὲ
1626 906 1700 978 μὴ
1733 905 1850 959 ἔστι

278 1006 593 1078 μονογενὴς,
618 1004 793 1061 καίτοι
819 1004 927 1058 τῶν
959 1004 1177 1059 πάντων
1208 1002 1514 1072 ὑπερέχων,
1538 999 1699 1055 οὒόὲό
1722 998 1852 1063 Υἱὸς

276 1096 386 1166 ἄρα
430 1096 723 1171 μονογενὴς
746 1135 760 1159 ,
789 1094 877 1147 ora
902 1091 999 1164 τὴν
1037 1091 1309 1163 ὑπεροχὴν
1335 1092 1436 1162 τὴν
1476 1090 1615 1162 πρὸς
1651 1089 1721 1162 τὰ
1751 1106 1851 1143 πε·-

276 1191 566 1259 ποιημένα,
598 1186 732 1243 ἀλλὰ
760 1186 847 1241 διὰ
870 1184 967 1257 τὴν
996 1186 1063 1238 ὲκ
1091 1183 1303 1256 Πατρὸς
1325 1182 1606 1252 γέννησιν.

948 1286 1153 1351 MAG.

346 1412 409 1467 Ei
446 1412 533 1467 διὰ
557 1409 712 1466 τοῦτο
747 1409 1041 1482 μονογενὴς
1079 1410 1165 1465 ὃτι
1209 1408 1371 1480 μόνος
1417 1407 1528 1463 τῶν
1567 1408 1855 1481 πατρικῶν

277 1505 635 1577 βουλημάτων
678 1502 826 1566 ἐστὶν
872 1501 1139 1572 ἄγγελος,
1176 1502 1335 1572 μόνος
1362 1500 1421 1554 δὲ
1460 1502 1488 1555 ό
1538 1500 1659 1555 καθ’
1704 1501 1854 1571 ἡμᾶς

274 1597 395 1667 ἢτοι
435 1598 492 1648 ὲν
530 1596 664 1665 ἡμῖν
693 1592 934 1664 ἔμφυτος
956 1592 1114 1661 λόγος
1139 1591 1249 1646 τῶν
1286 1590 1382 1645 τοῦ
1420 1590 1513 1646 νοῦ
1545 1592 1852 1663 βουλευμά-

273 1704 386 1739 των
429 1686 576 1739 ἐστὶν
624 1683 981 1754 ἀγγελτικόςο
1014 1684 1311 1754 μονογενὴς
1353 1683 1422 1738 ἂν
1466 1684 1580 1746 υἱὸς
1625 1683 1720 1736 τοῦ
1759 1683 1852 1737 νοῦ

275 1773 503 1845 κληθείη
539 1775 635 1827 καὶ
662 1767 837 1837 οὗτος.
867 1774 930 1826 Εἰ
961 1772 1019 1825 δὲ
1054 1773 1242 1843 μηδεὶς
1269 1771 1377 1827 τῶν
1405 1773 1499 1826 ἀπ’
1533 1772 1733 1836 αίῶνος
1757 1773 1853 1826 τὸν

276 1866 386 1920 τῶν
405 1866 731 1937 ἀπορρήτων
752 1864 1078 1934 ἔκφαντικδν
1103 1864 1260 1933 λόγον
1293 1864 1558 1936 μονογενῆ
1582 1864 1850 1937 κέκληκε,

1679 490 2121 553 TIIESAURUS.

1876 617 1923 674 Α

3436 473 3540 531 ιιῡ

2636 599 2865 659 ALIUD.

2028 721 2085 778 Si
2108 718 2414 790 unigenitus
2459 714 2679 781 dicitur,
2733 710 2827 783 qui
2884 708 3032 768 solus
3068 705 3250 764 omnia
3274 701 3488 761 excedit
3521 720 3539 760 :

1954 812 2168 869 excedit
2188 824 2319 865 vero
2337 808 2521 866 omnia
2557 804 2726 861 etiam
2774 801 2940 857 Pater
2977 815 2993 854 :
3032 797 3248 854 dicetur
3275 794 3457 865 itaque
3485 800 3543 847 et

1956 904 2117 960 Pater
2133 900 2461 972 unigenitus.
2486 898 2544 953 Si
2576 911 2706 953 vero
2743 909 2851 951 non
2894 899 2979 949 est
3005 887 3339 960 unigenitus,
3397 892 3541 939 tam-

1955 996 2057 1052 etsi
2086 995 2268 1051 omnia
2286 991 2537 1059 excedat,
2577 1003 2756 1059 neque
2774 985 2944 1043 Filius
2978 981 3145 1053 igitur
3176 978 3378 1035 dicitur
3422 973 3545 1029 uni-

1958 1087 2191 1157 genitus,
2215 1085 2343 1157 quia
2364 1090 2548 1140 creata
2572 1080 2754 1139 omnia
2778 1076 3013 1135 excedit.
3048 1066 3145 1131 sed
3171 1069 3301 1144 quia
3338 1082 3407 1124 ex
3436 1063 3545 1121 Pa-

1960 1186 2043 1235 tre
2065 1178 2283 1250 genitus
2308 1185 2416 1234 est.

2635 1303 2870 1361 ALIUD.

2034 1424 2090 1481 Si
2137 1422 2448 1493 unigenitus
2501 1418 2624 1475 ideo
2668 1414 2873 1473 dicitur
2935 1413 3081 1484 quod
3123 1409 3271 1467 solus
3304 1417 3547 1478 paterna

1959 1514 2248 1571 voluntatis
2266 1511 2488 1568 nuntius
2520 1510 2590 1567 sit
2616 1528 2631 1565 :
2672 1508 2818 1565 solus
2839 1512 3021 1561 autem
3050 1510 3253 1566 noster,
3282 1499 3400 1554 sive
3450 1496 3547 1566 qui

1961 1606 2117 1664 nobis
2147 1604 2341 1661 insitus
2362 1612 2444 1660 est
2469 1616 2647 1660 sermo
2679 1598 3036 1671 cogitationes
3095 1593 3293 1649 mentis
3342 1599 3550 1646 nostra:

1959 1699 2206 1753 enuntiat
2235 1714 2250 1750 :
2284 1709 2413 1766 ergo
2438 1702 2493 1749 et
2526 1706 2711 1747 sermo
2762 1697 2955 1744 noster
2994 1683 3315 1756 unigenitus
3346 1679 3553 1735 mentis

1960 1791 2108 1847 illius
2140 1788 2247 1845 dici
2276 1788 2495 1859 poterit.
2523 1785 2592 1839 At
2622 1781 2670 1839 si
2700 1793 2863 1837 nemo
2894 1791 3131 1848 unquam
3160 1774 3230 1828 ab
3261 1770 3409 1827 omni
3436 1782 3550 1823 aro

1959 1896 2266 1942 sermonem
2292 1880 2382 1951 qui
2406 1876 2789 1947 conceptiones
2823 1871 3024 1929 mentis
3048 1866 3321 1929 enuntiat,
3363 1861 3555 1933 unige-

277 1960 395 2021 πῶς
427 1957 492 2012 ἂν
518 1957 643 2020 Υίὺς
664 1957 741 2020 ὡς
762 1956 1113 2028 ὲξαγγελεὺς,
1144 1956 1259 2012 ἀλλ’
1288 1956 1408 2029 οὐχὶ
1442 1957 1519 2021 ὡς
1569 1957 1853 2028 γεννηθεὶς

1984 1976 2130 2031 litum
2170 1971 2406 2036 vocavit,
2452 1966 2726 2038 quomodo
2756 1962 2928 2019 Filius
2965 1968 3026 2015 ut
3075 1956 3326 2018 nuntius,
3352 1962 3411 2009 et
3446 1964 3554 2006 non

279 2050 482 2122 μᾶλλον
514 2048 811 2121 μονογενής
834 2065 849 2114 ;

958 2163 1167 2219 ΔΔΛΟ.

349 2277 413 2329 Εἰ
439 2276 527 2331 διὰ
556 2275 713 2332 τοῦτο
750 2279 1071 2349 μονογενὴς,
1101 2279 1184 2332 ὅτι
1216 2277 1377 2349 μόνος
1411 2277 1522 2333 τῶν
1550 2277 1671 2350 μετ’
1697 2276 1861 2333 αὐτόν

277 2371 397 2423 ἐστι
443 2366 1055 2442 δημιουργὸς,“οὑδένα
1106 2366 1219 2436 εξει
1279 2367 1371 2424 τὸν
1418 2369 1861 2441 συνδημιουργή-

280 2474 483 2524 σαντα,
516 2458 667 2511 οὐδὲν
713 2458 811 2513 σὺν
845 2456 996 2529 αὐτῷ
1040 2459 1380 2528 πεποιηκότα
1421 2477 1473 2514 τι
1494 2472 1497 2481 ‘
1520 2459 1661 2530 πλὴν
1696 2458 1861 2531 μόνου

279 2548 374 2603 τοῦ
413 2549 647 2620 Πατρός.
691 2549 754 2603 Ei
801 2549 859 2603 δὲ
894 2551 1072 2604 πάντα
1101 2550 1161 2604 εν
1187 2549 1337 2622 αὐτῷ
1374 2551 1451 2616 ὼς
1487 2552 1546 2604 ὲν
1578 2551 1741 2623 σοφίᾳ
1770 2568 1864 2622 γε·-

280 2640 529 2711 γενηται,
559 2640 655 2694 καὶ
686 2642 746 2694 ὲν
768 2640 918 2713 αὐτῷ
965 2643 1015 2695 oi
1039 2641 1265 2713 οὐρανοὶ
1294 2641 1729 2714 ἐστερεώθησαν,
1766 2642 1865 2698 καὶ

280 2730 358 2800 τῷ
404 2728 685 2800 Πνεῦματι
735 2728 832 2784 τοῦ
887 2730 1025 2785 Θεοῦ
1095 2732 1248 2785 πᾶσα
1298 2732 1331 2803 ή
1379 2732 1610 2804 δύναμις
1657 2731 1860 2798 αὐτῶν,

281 2820 538 2892 περιττὸν
588 2822 648 2875 τὺ
696 2821 879 2891 λεγειν
932 2821 1098 2876 αὐτὸν
1145 2823 1428 2893 μονογενῆ,
1472 2821 1548 2888 ὡς
1592 2822 1702 2877 τῶν
1743 2823 1864 2895 μετ’

281 2911 447 2966 αὑτὸν
467 2912 598 2966 ὄντα
630 2911 791 2983 μόνον
816 2911 1171 2983 δημιουργὸν,
1203 2914 1321 2969 ἀλλ’
1346 2916 1447 2987 οὐχ
1472 2916 1546 2981 ὡς
1584 2916 1745 2988 μόνον
1769 2916 1866 2988 δη-

285 3000 548 3073 μιουργὸν
573 3002 639 3056 ὲκ
662 2999 800 3056 Θεοῦ
825 3001 1159 3074 γεννηθέντα
1183 3004 1447 3075 φυσικῶς.

964 3117 1173 3172 ΔΛΛΟ.

354 3228 420 3283 Ei
448 3228 510 3282 rb
550 3228 711 3300 μόνον
748 3228 1063 3302 γενόμενον,
1095 3230 1209 3286 ἀλλ’
1241 3232 1361 3304 οὐχὶ
1385 3231 1447 3287 τὸ
1481 3232 1648 3305 μόνον
1673 3249 1869 3305 γεννη-

1961 2066 2143 2140 potius
2171 2076 2231 2121 ut
2257 2063 2473 2135 genitus
2499 2057 2813 2130 unigenitue
2836 2050 3094 2111 dicetur?

2368 2156 2385 2175 ‘
2642 2168 2881 2227 ALIUD.

2034 2293 2090 2349 Si
2119 2289 2428 2361 unigenitus
2455 2285 2675 2351 dicitur,
2700 2280 2827 2355 quia
2867 2278 3019 2337 solus
3038 2289 3231 2334 eorum
3272 2285 3393 2355 quae
3428 2275 3554 2361 post

1962 2388 2138 2460 ipsum
2168 2360 2295 2439 sunt
2314 2386 2399 2436 est
2418 2384 2652 2443 creator,
2682 2371 2956 2430 neminem
2983 2365 3209 2424 habebit
3240 2360 3543 2419 creationis

1962 2455 2189 2539 socium,
2228 2486 2405 2544 neque
2431 2469 2522 2541 qui
2548 2482 2656 2525 una
2677 2479 2802 2523 cum
2834 2478 2900 2521 eo
2946 2458 3153 2531 aliquid
3183 2455 3398 2520 fecerit,
3419 2466 3561 2544 prae-

1964 2579 2049 2625 ter
2072 2565 2245 2623 solum
2260 2542 2501 2619 Patrem.
2532 2558 2604 2613 At
2630 2557 2676 2614 si
2706 2554 2891 2613 omnia
2922 2552 2976 2608 in
3004 2550 3123 2623 ipso
3173 2554 3234 2602 ut
3262 2546 3315 2600 in
3334 2542 3559 2614 sapien-

1966 2661 2040 2718 tia
2071 2658 2211 2717 facta
2242 2660 2393 2718 sunt.
2423 2658 2479 2708 et
2515 2650 2569 2706 iu
2606 2649 2724 2721 ipso
2757 2645 2882 2703 εωιί
2917 2642 3122 2700 firmati
3145 2646 3292 2701 sunt,
3317 2647 3373 2692 et
3432 2633 3562 2704 Spi-

1967 2751 2075 2807 ritu
2106 2748 2199 2805 Dei
2232 2744 2411 2805 omuis
2460 2742 2637 2798 virtus
2692 2751 2909 2805 eorum,
2963 2743 3433 2805 supervacaneum
3479 2736 3565 2789 est

1966 2844 2145 2916 ipsum
2176 2839 2362 2896 dicere
2405 2832 2769 2905 unigenitum,
2807 2836 2868 2884 ιιι
2908 2827 3000 2897 qui
3048 2837 3237 2881 eorum
3281 2834 3402 2892 quae
3445 2826 3566 2888 post

1965 2908 2143 3005 iusum
2184 2938 2313 2987 sunt
2354 2926 2534 2983 solum
2562 2923 2637 2980 sit
2668 2926 2905 2987 creator,
2940 2930 3047 2973 non
3086 2922 3270 2970 autem
3320 2919 3381 2967 ut
3417 2908 3567 2966 solus

1966 3028 2185 3082 creator
2212 3033 2279 3075 ex
2308 3015 2423 3072 Deo
2456 3010 2783 3071 naturaliter
2812 3006 3051 3078 genitus.

2652 3121 2892 3181 ALIUD.

2045 3248 2105 3305 Si
2137 3247 2190 3303 id
2220 3242 2366 3315 quod
2399 3239 2573 3297 solum
2631 3234 2835 3291 factum
2894 3240 3004 3297 eet,
3030 3244 3139 3287 non
3178 3238 3360 3284 autem
3395 3225 3568 3282 solum

284 3321 558 3414 etvixa‘rd
586 3321 846 3414 ἀλήθειαν
892 3319 1050 3377 τοῦτο
1085 3323 1394 3398 μονογενὲς,
1428 3324 1529 3378 οὐκ
1555 3325 1666 3394 ἄρα
1708 3342 1864 3395 μονο·

1984 3343 2213 3414 genitum
2238 3345 2345 3403 est,
2376 3345 2506 3388 vere
2537 3329 2644 3385 hoc
2675 3324 3022 3396 unigenitum
3046 3336 3134 3377 est
3161 3338 3177 3375 :
3214 3334 3324 3375 non
3352 3326 3437 3374 est
3467 3316 3571 3387 igi-

286 3413 453 3484 τενὴς
494 3418 524 3468 ὁ
568 3413 783 3488 Σάρρας
822 3414 959 3480 υἱός·
1011 3414 1073 3470 οὐ
1116 3413 1228 3487 γὰρ
1269 3414 1494 3485 γέγονεν
1540 3416 1634 3469 ὑπ’
1673 3415 1867 3487 αὐτῆς,

285 3494 427 3561 ἀλλὰ
448 3504 792 3577 γεγὲννηται.

967 3619 1177 3677 ΔΛΛΟ.

362 3731 426 3785 Ei
454 3730 545 3785 διὰ
571 3730 729 3785 τοῦτο
768 3729 1065 3804 μονογενὴς
1088 3730 1170 3785 ὅτι
1215 3731 1377 3802 μόνον
1404 3731 1572 3787 αὑτὸν
1611 3734 1640 3787 ό
1681 3732 1874 3806 Πατὴρ

289 3823 655 3893 ὑπεστήσατο,
699 3820 881 3876 οὐκέτ’
925 3821 994 3877 ἂν
1029 3823 1116 3893 είη
1160 3822 1507 3894 πρωτότοκος
1544 3822 1672 3878 οὔτε
1710 3824 1876 3890 αὐτὸς

289 3911 598 3984 γεννηθεὶς,
620 3910 716 3969 καὶ
741 3912 851 3967 τῶν
874 3912 1048 3969 ἄλλων
1072 3913 1320 3984 ἀδελφῶν
1347 3915 1449 3969 οὐκ
1474 3915 1647 3970 ὄντων
1674 3918 1739 3971 εκ
1757 3917 1875 3973 Πα-

291 4006 443 4085 ⁸ιίρός.
487 4001 553 4058 Εί
577 4002 636 4057 δὲ
666 4003 882 4075 ἀληθῶς
918 4007 1037 4059 εστι
1065 4005 1414 4075 πρωτότοκος
1438 4008 1497 4061 εν
1536 4008 1673 4063 πᾶσι
1719 4026 1877 4081 πρωο

288 4099 467 4150 τεύων
490 4136 505 4163 ,
556 4094 656 4166 οὐχ
703 4098 781 4160 ὡς
838 4096 999 4168 μόνον
1046 4095 1156 4169 ἄρα
1209 4097 1453 4163 ὑποστὰς
1478 4136 1495 4161 ,
1554 4100 1875 4172 μονογενὴς,

1979 3406 2067 3498 iur
2092 3429 2403 3501 unigenitus
2427 3421 2571 3479 illius
2595 3418 2808 3486 Sarra;
2832 3429 3009 3487 neque
3026 3412 3170 3472 enim
3196 3410 3373 3467 factus
3393 3417 3479 3464 est
3497 3406 3566 3462 ab

1978 3526 2118 3597 ipsa,
2148 3522 2243 3582 sed
2277 3519 2516 3592 genitus.

2661 3625 2824 3686 ALIU
2835 3623 2900 3681 D.

2053 3752 2110 3808 Si
2140 3748 2449 3822 unigenitus
2478 3752 2588 3811 est,
2611 3744 2739 3817 quia
2774 3740 2937 3796 Pater
2994 3738 3177 3808 ipsum
3208 3730 3388 3788 solum
3443 3740 3575 3782 con-

1987 3844 2186 3910 stituit,
2210 3818 2439 3909 nonjam
2467 3834 2701 3907 amplius
2728 3825 3235 3901 aitprimogenitus,
3261 3833 3437 3892 neque
3458 3818 3577 3910 ipse

1983 3906 2219 4008 genitus,
2270 3906 2394 3989 cum
2448 3938 2505 3986 et
2538 3906 2631 3983 alii
2662 3923 2866 3980 fratres
2892 3936 3000 3979 non
3058 3917 3171 3975 sint
3202 3929 3269 3970 ex
3300 3912 3485 3967 Patre.
3518 3906 3577 3963 Si

1983 4003 2165 4087 autem
2190 4040 2320 4083 vere
2348 4032 2433 4081 est
2461 4019 2880 4095 primogenitus,
2920 4013 2975 4070 in
3005 4006 3260 4067 omnibus
3284 4003 3580 4076 primatum

1983 4122 2239 4180 obtinens
2276 4118 2371 4174 ":
2435 4130 2542 4173 non
2627 4113 2792 4187 igitur
2860 4116 2923 4164 ut
3002 4102 3157 4161 solus
3250 4095 3582 4155 constitutus

295 4187 467 4280 μόνος
486 4186 544 4241 δὲ
571 4194 648 4252 ὡς
684 4189 751 4243 εκ
790 4189 1006 4263 Πατρδς
1046 4190 1256 4261 ἀγαθοῦ
1298 4194 1509 4261 καρπὸς
1542 4186 1864 4269 ὰποκυηθεὶς

1986 4214 2214 4280 dicitur,
2274 4209 2369 4268 sed
2424 4215 2486 4265 ut
2525 4220 2594 4263 ex
2622 4204 2770 4261 bono
2805 4200 2964 4257 Patre
3008 4195 3185 4252 bonus
3234 4188 3448 4246 fructus
3485 4196 3582 4257 go-

290 4276 521 4348 ἁγαθός.

972 4391 1179 4451 ΔΛΛΟ.

366 4506 431 4560 Ei
480 4504 830 4577 πρωτότοκος
862 4506 929 4560 ἐκ
959 4505 1118 4573 Θεοῦ,
1160 4506 1238 4572 ῶς
1276 4507 1386 4563 τῶν
1414 4508 1629 4565 πολλῶν
1665 4509 1883 4583 πρῶτος

1988 4306 2156 4363 nitus.

2556 4412 2717 4487 εει
2767 4405 3004 4465 ALIUD.

2054 4533 2112 4593 Si
2139 4529 2536 4607 primogenitua
2556 4537 2645 4586 est
2671 4541 2735 4584 ex
2770 4524 2905 4591 Deo,
2950 4528 3014 4577 ut
3058 4518 3202 4574 inter
3243 4511 3441 4607 multo:
3469 4506 3582 4579 prl-

292 4594 600 4667 γεννηθεὶς,
626 4596 743 4649 ιστι
769 4596 827 4651 δὲ
858 4597 954 4651 καὶ
977 4596 1043 4651 εκ
1067 4598 1351 4671 Παρθένου
1380 4601 1751 4673 πρωτότοκος,
1792 4601 1864 4657 εῐι

292 4688 365 4743 ἂν
403 4687 500 4742 καὶ
540 4686 599 4755 ἐξ
641 4687 811 4755 αὐτῆς
844 4690 923 4753 ὡς
965 4688 1184 4755 πρῶτος
1225 4691 1452 4755 ιτέρων.
1501 4693 1567 4747 Ei
1604 4692 1663 4747 δὲ
1693 4693 1864 4755 μόνος,

1991 4594 2379 4697 ιιιιιείςοηίιιῖε
2408 4632 2494 4679 est
2536 4627 2721 4676 autem
2756 4618 2925 4673 etiam
2948 4627 3013 4668 ex
3046 4608 3272 4680 Virgine
3310 4603 3586 4675 primoge-

1984 4718 2130 4755 nam.
2162 4734 2176 4748 -
2205 4716 2310 4755 ..ιιι
2347 4712 2512 4755 aliam
2534 4725 2599 4755 nx
2634 4709 2726 4755 IIIa
2780 4704 2998 4755 nenilus
3020 4708 3081 4755 ut
3131 4698 3341 4755 urimus
3380 4692 3586 4750 multo-

844 4691 923 4753 ὡς
965 4691 1184 4783 πρῶτος
1225 4691 1452 4763 ιτέρων.
1501 4693 1567 4747 Ei
1604 4692 1663 4747 δὲ
1693 4693 1864 4761 μόνος,

1984 4691 2131 4775 nitus
2162 4691 2194 4771 ἶ
2205 4716 2313 4773 erit
2347 4712 2513 4771 etiam
2534 4725 2603 4768 ex
2634 4709 2728 4766 Ilia
2780 4704 2998 4783 genitus
3020 4708 3081 4761 ιιι
3131 4698 3341 4771 primus
3380 4692 3586 4750 multo-

292 4778 413 4833 ἀλλ’
459 4778 522 4833 οὐ
567 4778 676 4847 πρὸ
718 4779 896 4835 ἄλλων
938 4781 1223 4853 γεννηθεὶς
1268 4784 1335 4838 ἐκ
1373 4785 1617 4856 Μαρίας,
1670 4786 1882 4859 πρωτό-

294 4889 457 4936 τοκος
504 4872 676 4943 αὐτῆς
712 4873 1007 4945 κέκληται·
1076 4874 1172 4929 καὶ
1210 4876 1277 4930 ὲκ
1311 4875 1447 4931 Θεοῦ
1502 4877 1614 4949 ἄρα
1666 4858 1881 4951 πρωτό-

293 4979 457 5027 τοκος
484 5002 501 5030 ,
551 4963 652 5035 οὐχ
705 4963 782 5029 ὡς
832 4965 1045 5020 πολλῶν
1095 4966 1313 5039 πρῶτος
1341 5008 1356 5034 ,
1418 4967 1536 5023 ἀλλ’
1587 4969 1665 5034 ὡς
1715 4970 1879 5041 μόνος

295 5052 602 5126 γεννηθείς,

983 5169 1183 5227 ΔΛΛΟ.

370 5285 435 5338 Ei
467 5282 558 5339 διὰ
593 5281 753 5340 τοῦτο
793 5285 1136 5358 πρωτότοκος
1159 5326 1177 5353 ,
1203 5290 1286 5346 δτι
1316 5288 1425 5346 τῶν
1454 5288 1631 5345 ἄλλων
1664 5290 1880 5363 πρῶτος

1982 4823 2127 4865 rum.
2149 4806 2206 4865 Si
2234 4820 2365 4862 vero
2397 4802 2568 4871 solus,
2606 4800 2700 4857 sed
2733 4814 2840 4855 non
2882 4809 3010 4852 ante
3046 4792 3184 4849 alios
3235 4787 3461 4862 genitus
3514 4797 3584 4839 ex

1983 4895 2174 4960 Maria,
2201 4890 2595 4964 primogenitus
2610 4888 2728 4960 eius
2752 4892 2985 4945 vocatus
3010 4895 3131 4940 est:
3168 4894 3302 4951 ergo
3321 4877 3487 4934 etiam
3516 4888 3584 4930 cx

1986 4987 2096 5043 Deo
2134 4983 2554 5056 primogenitus,
2586 4993 2696 5035 non
2721 4986 2781 5033 ut
2810 4978 2955 5034 inter
2999 4972 3203 5033 multos
3226 4970 3460 5044 primus,
3488 4965 3585 5025 sed

1987 5086 2048 5131 ut
2067 5074 2215 5132 solus
2243 5073 2458 5143 genitus
2490 5070 2715 5127 dicitur.

2678 5178 2911 5238 ALIUD.

2067 5298 2124 5355 Si
2147 5298 2268 5354 ideo
2288 5294 2683 5367 primogenitus
2705 5292 2929 5356 dicitur.
2960 5286 3106 5359 quod
3135 5286 3278 5342 inter
3310 5281 3443 5341 alios
3471 5280 3584 5353 pri~

296 5378 645 5485 iniqu-mf,
674 5375 740 5480 τὸ
762 5376 819 5431 δὲ
855 5376 1072 5449 πρῶτον
1098 5380 1441 5452 γεννώμενον
1461 5381 1523 5434 οὐ
1553 5381 1743 5436 διοίσει
1775 5382 1864 5436 τῶι

1998 5404 2119 5445 mus
2150 5387 2364 5460 genitus
2385 5386 2491 5451 sit,
2526 5384 2763 5456 primum
2798 5390 2979 5437 autem
3013 5377 3254 5449 genitum
3279 5390 3385 5432 nan
3432 5369 3589 5428 diffe-

297 5469 365 5521 ὲκ
399 5466 495 5521 τοῦ
537 5468 704 5523 αὑτοῦ
748 5470 865 5541 μετ’
910 5470 1043 5526 αὐτὸ
1093 5472 1462 5546 γεννηθέντων
1486 5517 1501 5543 ,
1540 5474 1661 5530 οὐδὲ
1693 5476 1722 5528 ό
1758 5475 1864 5530 Tibi

1992 5485 2075 5532 ret
2132 5476 2201 5531 ab
2250 5474 2318 5529 iis
2341 5488 2464 5543 quae
2496 5487 2564 5528 ex
2614 5471 2809 5529 eodem
2841 5478 2966 5539 post
3001 5467 3174 5537 ipsum
3201 5464 3382 5537 genita
3412 5471 3582 5526 sunt;

300 5559 358 5629 ἆ(
376 5578 411 5617 α
441 5559 549 5616 τῶν
581 5562 700 5631 μετ’
727 5562 891 5617 αὑτὸν
919 5565 1006 5635 εἴη
1033 5563 1099 5619 ἂν
1124 5564 1410 5638 κρείττων.
1441 5568 1506 5622 Ei
1526 5569 1583 5622 δὲ
1611 5568 1672 5621 τὸ
1694 5567 1864 5623 ποιοῦι

1988 5580 2121 5638 ergo
2153 5578 2332 5635 neque
2354 5561 2527 5617 Filius
2557 5562 2662 5615 erit
2682 5557 3034 5631 prmstantior
3063 5554 3132 5611 iis
3189 5552 3284 5626 qui
3339 5561 3462 5623 post
3501 5552 3587 5621 ipe

300 5656 401 5709 τοῦ
443 5651 767 5723 ποιουμένου
816 5654 959 5710 κατὰ
1006 5654 1186 5709 πάντα
1230 5655 1512 5729 διαφέρει,
1562 5659 1705 5711 ποιεῖ
1748 5658 1807 5713 δὲ
1854 5676 1864 5710 ι

1986 5673 2107 5715 sum
2135 5656 2262 5719 lacti
2301 5662 2447 5709 sunt.
2486 5650 2542 5707 Si
2568 5665 2698 5706 vero
2739 5648 2949 5705 faciens
3008 5663 3038 5703 a
3085 5646 3230 5702 facto
3258 5659 3353 5715 per
3401 5641 3587 5698 omnia

302 5741 457 5810 Tibc,
505 5742 751 5818 διαφέροι
794 5747 861 5803 ἂν
906 5748 1015 5803 τῶν
1075 5748 1324 5805 πάντων·
1376 5753 1469 5806 καὶ
1508 5752 1627 5815 πῶς
1674 5752 1739 5806 ἂν
1775 5751 1880 5805 τῶν

374 5920 421 5955 ⁷⁸
454 5921 661 5979 Cuicui.
698 5936 735 5987 ι,
778 5921 858 5978 I8.

1986 5750 2182 5816 «lili‘crl,
2214 5747 2341 5802 facit
2383 5755 2561 5800 autem
2607 5743 2801 5809 Filius,
2842 5740 3047 5811 reliqua
3079 5754 3205 5795 vero
3232 5739 3365 5791 lium
3400 5742 3588 5790 :cerle
