4032 6498
340 526 445 583 liii

1755 514 2030 575 THESAU
2044 514 2202 572 RUS.

3523 504 3627 564 ιιι

346 647 477 699 πίαν
517 646 643 709 τοὺς
686 646 755 699 δι’
786 645 949 699 αὑτοῦ
983 644 1337 715 γενομένους
1383 644 1514 697 αὐτὸ
1554 644 1611 697 δὲ
1651 642 1718 715 δὴ
1769 640 1926 695 τοῦτο

2046 654 2189 695 tuam
2230 636 2613 706 benignitatem
2644 634 2851 690 similes
2888 631 2989 689 sibi
3048 629 3177 684 fecit
3228 642 3326 684 eos
3367 627 3457 696 qui
3533 641 3631 695 per

347 733 482 790 εἶναι
534 736 771 809 πρῶτον,
818 737 1003 790 εἰκόνα
1047 735 1318 789 δείκνυσιν
1365 734 1528 789 αὐτὸν
1573 732 1668 788 τοῦ
1714 732 1927 805 Πατρδς

344 828 623 899 ἀληθινήν.
657 828 866 901 Ὠσπερ
900 828 1010 899 γὰρ
1038 830 1067 881 6
1100 827 1292 898 Πατὴρ
1336 826 1553 898 πρῶτον
1583 826 1749 880 αὐτδν
1787 820 1928 878 εἷναί

346 938 529 994 φησιν,
558 919 703 973 οὕτω
742 921 838 974 καὶ
868 922 897 974 6
918 919 1045 982 Υἱὸς
1075 917 1239 972 εἰκὼν
1271 917 1503 990 ἀκριϐὴς
1547 918 1638 971 καὶ
1675 918 1929 988 ὁμοίωμα

342 1011 439 1063 τοῦ
468 1009 689 1080 πρώτου
722 1010 938 1081 Πατρὺς
965 1011 1250 1081 ὑπάρχων,
1285 1010 1503 1081 πρῶτος
1532 1012 1631 1063 καὶ
1678 1008 1795 1062 ἐστι
1834 1008 1931 1062 καὶ

344 1087 599 1169 λέγεται·
646 1102 706 1153 ἐν
737 1100 885 1173 αὐτῷ
930 1102 1041 1174 γάρ
1088 1103 1236 1155 ἐστιν
1267 1102 1296 1153 6
1326 1100 1542 1172 πρῶτος
1574 1099 1796 1171 Πατὴρ,
1837 1099 1932 1153 καὶ

346 1196 511 1258 αὐτὸς
545 1195 749 1265 ὁμοίως
789 1197 847 1247 ὲν
885 1194 964 1265 τῷ
1012 1194 1215 1265 πρώτῳ
1267 1193 1443 1264 Πατρὶ
1467 1236 1485 1259 ,
1524 1193 1614 1248 καὶ
1650 1192 1720 1247 δι’
1763 1191 1931 1245 αὑτοῦ

346 1286 415 1343 τὰ
459 1285 637 1339 πάντα
681 1285 897 1354 γέγονε,
933 1286 1030 1341 καὶ
1077 1284 1213 1357 πρὸς
1256 1284 1531 1341 υἱοθεσίαν
1574 1284 1824 1339 καλεῖται
1862 1282 1932 1335 τὰ

344 1378 559 1436 λογικά.

1032 1575 1236 1628 ΔΛΛΟ.

418 1687 484 1742 Εἰ
512 1689 732 1753 πάντως
765 1688 825 1743 τὸ
865 1688 1122 1759 λέγεσθαι
1154 1689 1375 1758 πρῶτον
1403 1688 1502 1759 τῆς
1532 1687 1765 1751 κτίσεως
1795 1683 1935 1743 εἶναι

346 1779 439 1833 τὸν
468 1780 628 1844 Υἰὸν,
655 1781 960 1854 ἀναγκάσει
1008 1779 1250 1848 συγγενῆ
1280 1780 1394 1841 τοῖς
1426 1780 1543 1847 μετ’
1575 1779 1643 1831 αὐ
1658 1777 1741 1832 τὸν
1778 1796 1935 1848 γενο-

350 1868 537 1938 μένοις
578 1869 847 1938 ὑπάρχειν
872 1869 1059 1931 αὑτὸν,
1095 1869 1189 1922 καὶ
1215 1867 1458 1921 τοιοῦτον
1492 1863 1632 1921 εἶναι
1668 1868 1811 1922 κατὰ
1836 1868 1936 1939 φύ-

2034 732 2208 800 ipsnm
2243 727 2371 783 facti
2404 738 2549 783 sunt.
2580 725 2691 781 lloe
2715 739 2845 781 vero
2884 724 3059 793 ipsum
3085 722 3231 792 quod
3295 721 3366 775 sit
3397 719 3628 787 primus.

2034 822 2279 878 declarat
2302 822 2477 891 ipsum
2513 833 2638 874 esse
2658 833 2842 873 veram
2869 816 3163 889 imaginem
3192 812 3393 868 Patris.
3420 809 3630 877 Quem-

2033 912 2324 968 admodum
2376 911 2524 967 enim
2557 909 2722 965 Pater
2779 910 2952 978 ipsum
3011 921 3134 962 esse
3177 904 3415 975 primum
3476 901 3629 966 dicit,

2035 1006 2107 1059 ita
2138 1014 2191 1057 et
2217 1003 2407 1068 Filius,
2444 1017 2568 1059 cum
2598 1001 2671 1057 sit
2713 1001 2957 1070 perlecta
2986 1002 3164 1067 imago
3221 1006 3277 1051 et
3333 991 3631 1048 similitudo

2032 1096 2193 1167 primi
2216 1095 2413 1161 Patris,
2441 1094 2652 1165 primus
2679 1103 2734 1149 et
2765 1101 2851 1148 est
2898 1102 2956 1147 et
2980 1091 3184 1147 dicitur
3222 1106 3235 1142 :
3272 1102 3395 1141 nam
3433 1085 3486 1140 in
3515 1084 3631 1153 ipso

2035 1196 2121 1242 est
2191 1186 2405 1255 primus
2499 1184 2683 1248 Pater,
2745 1190 2801 1239 et
2874 1183 2997 1251 ipse
3049 1178 3289 1235 vicissim
3342 1177 3394 1232 in
3454 1174 3631 1244 primo

2035 1278 2234 1341 Patre.
2288 1276 2585 1352 omniaque
2620 1290 2719 1347 per
2768 1275 2943 1345 ipsum
3003 1273 3149 1327 facta
3212 1278 3365 1333 sunt,
3428 1276 3484 1322 et
3538 1280 3631 1319 ra-

2038 1370 2269 1428 tiostales
2331 1377 2602 1425 creaturae
2662 1368 2715 1422 in
2767 1365 3114 1436 adoptionem
3210 1362 3450 1416 ﬁliorum
3531 1371 3630 1413 vo~

2036 1471 2191 1519 caue.

2716 1570 2948 1630 ALIUD.

2115 1692 2172 1749 Si
2222 1691 2351 1762 quia
2399 1689 2571 1748 Filius
2626 1688 2827 1745 dicitur
2867 1686 3077 1756 primus
3138 1682 3317 1739 omnis
3344 1688 3637 1744 creatum.

2039 1784 2411 1841 necessarium
2440 1782 2664 1838 omnino
2681 1789 2766 1837 est
2796 1780 2971 1848 ipsum
3010 1778 3214 1831 idcirco
3272 1776 3341 1831 iis
3371 1776 3461 1843 qui
3513 1780 3635 1842 post

2039 1878 2216 1946 ipsum
2249 1874 2375 1929 facti
2394 1882 2542 1938 sunt,
2566 1872 2801 1927 similem
2828 1878 2884 1924 et
2914 1879 3203 1940 cognatum
3234 1881 3375 1923 esse.
3392 1872 3447 1920 et
3473 1864 3634 1919 talem

350 1975 456 2021 σιν,
502 1959 665 2013 ὁποῖά
692 1977 796 2033 περ
821 1958 886 2013 ἂν
914 1961 1002 2028 εἰ¹η
1028 1959 1097 2012 τά
1125 1959 1203 2029 τῷ
1232 1959 1409 2030 χρόνῳ
1433 1958 1687 2031 δεύτερα,
1732 1959 1787 2012 τί
1824 1960 1933 2032 ἄρα

2046 1973 2236 2021 natura
2274 1978 2416 2027 esse,
2447 1961 2625 2033 qualia
2658 1969 2925 2031 suntquae
2950 1967 3201 2028 tempore
3258 1970 3387 2012 sunt
3448 1964 3634 2025 poste-

349 2047 489 2118 φατὲ
520 2047 623 2103 κᾶν
645 2050 673 2102 6
704 2049 894 2118 Πατὴρ
912 2048 1050 2122 λέγῃ
1078 2049 1208 2123 περί
1239 2047 1453 2113 ἑαυτοῦ,
1487 2068 1504 2101 ι
1529 2049 1671 2116 Ἐγὼ
1690 2048 1932 2121 πρῶτος,

349 2138 443 2191 καὶ
474 2137 584 2207 ἐγὼ
610 2138 747 2209 μετὰ
772 2138 982 2205 ταῦτα;
1022 2157 1040 2189 ι
1074 2134 1222 2209 Ἆρα
1255 2140 1347 2194 καὶ
1381 2136 1531 2210 αὐτῷ
1564 2140 1626 2193 τὸ
1657 2139 1735 2210 τῷ
1759 2140 1936 2212 χρόνῳ

347 2230 705 2301 προτερεύειν
729 2230 891 2300 μόνον
930 2231 1040 2285 τῶν
1060 2230 1379 2301 κτισμάτων
1408 2232 1932 2303 παραχωρήσαντες,

349 2318 588 2390 γενητὴν
623 2320 954 2391 περιθήσετε
981 2320 1078 2392 τὴν
1105 2321 1313 2388 οὐσίαν,
1352 2322 1447 2375 καὶ
1482 2325 1594 2385 τοῖς
1629 2323 1939 2394 πεποιημέ-

345 2426 461 2473 νοις
494 2409 655 2464 αὐτὸν
683 2410 1266 2482 συγκαταριθμήσετες
1312 2411 1453 2466 Ἀλλ’
1492 2414 1593 2466 οὐκ
1636 2411 1726 2477 ἂν,
1756 2409 1933 2484 οἶμαι.

342 2498 429 2563 τὶς
473 2501 557 2562 εἰς
596 2498 869 2571 τοσαύτην
915 2500 1057 2554 ἔλθοι
1103 2502 1322 2573 μανίαν,
1366 2502 1444 2567 ὡς
1473 2503 1743 2574 τολμῆσαι
1776 2504 1938 2559 τοῦτο

345 2592 451 2647 κᾶν
492 2592 743 2660 δέχεσθαι
792 2592 936 2647 κατὰ
983 2594 1129 2647 νοῦν.
1177 2595 1390 2667 Ὠσπερ
1434 2591 1529 2650 οὖν
1572 2595 1635 2650 τὸ
1678 2595 1936 2666 λέγεσθαι

344 2686 567 2752 πρῶτον
612 2687 705 2743 τὸν
746 2687 1005 2759 Πατέρα,
1043 2688 1145 2741 οὐκ
1179 2689 1481 2756 ἀναγκάσει
1510 2687 1729 2742 πάντων
1771 2688 1936 2743 αὐτὸν

347 2778 590 2850 συγγενῆ
620 2781 733 2841 τοῖς
769 2778 886 2849 μετ’
917 2777 1084 2831 αὑτὸν
1116 2778 1386 2831 νοεῖσθαι·
1415 2778 1563 2833 οὕτω
1587 2779 1692 2832 κᾶν
1717 2779 1937 2850 πρῶτος

344 2870 575 2941 λέγηται
619 2870 719 2940 τῆς
758 2869 990 2934 κτίσεως
1038 2869 1068 2922 6
1115 2868 1264 2933 Υἱὸς,
1295 2870 1356 2922 οὐ
1391 2869 1612 2934 πάντως
1637 2869 1789 2924 ἔσται
1827 2871 1938 2924 τῶν

347 2959 673 3032 ποιημάτων
711 2955 812 3023 εἷς.
860 2960 999 3012 Ἀλλ’
1029 2958 1222 3031 ὥσπερ
1252 2961 1279 3013 6
1305 2959 1516 3030 Πατὴρ,
1543 2960 1720 3031 ἀρχὴν
1745 2961 1939 3014 ἑαυτὸν

344 3051 456 3106 τῶν
484 3051 702 3108 πάντων
731 3050 1123 3117 ἀποδεικνύων,
1153 3050 1362 3120 ἔλεγεν,
1398 3069 1416 3102 t
1456 3050 1601 3120 Ἐγώ
1628 3054 1744 3122 εἰμι
1780 3052 1937 3125 πρῶ-

346 3162 457 3212 τος,
496 3164 518 3197 ι
550 3145 694 3198 οὓτω
723 3146 816 3199 καὶ
844 3147 872 3198 6
902 3145 1028 3207 Υἱὸς
1072 3142 1291 3216 πρῶτος
1329 3144 1430 3214 τῆς
1478 3144 1659 3215 πάσης
1706 3144 1939 3208 κτίσεως

350 3236 603 3306 λέγεται.
653 3237 730 3289 Δι’
764 3234 929 3290 αὐτοῦ
961 3234 1073 3307 γάρ
1133 3236 1203 3290 τά
1246 3236 1425 3289 πάντα
1454 3236 1669 3304 γέγονε,
1721 3236 1817 3291 καὶ
1848 3237 1942 3291 αὑ-

2041 2057 2184 2112 riora
2222 2074 2235 2111 :
2283 2054 2416 2125 quid
2454 2052 2650 2108 dicetis
2671 2066 2796 2107 cum
2824 2059 2879 2106 et
2906 2048 3123 2104 Patrem
3165 2050 3235 2102 de
3273 2061 3334 2101 se
3364 2046 3635 2101 dicentem

2040 2148 2264 2211 auditis,
2301 2165 2324 2200 ι
2365 2146 2477 2216 Ego
2508 2145 2738 2216 primus,
2758 2151 2817 2199 et
2841 2158 2944 2214 ego
2969 2152 3089 2213 post
3116 2141 3232 2196 hac
3259 2140 3340 2193 “?
3370 2159 3390 2192 ι
3416 2139 3498 2193 An
3526 2138 3640 2191 for-

2041 2247 2188 2293 tasse
2212 2238 2391 2308 ipsum
2423 2252 2485 2292 ea
2514 2236 2689 2291 solum
2719 2236 2928 2296 ratione
2955 2249 2984 2288 tt
3004 2233 3273 2287 creaturis
3295 2231 3636 2298 distinguen-

2041 2338 2124 2386 tes
2152 2331 2295 2400 quod
2317 2340 2560 2398 tempore
2584 2329 2755 2397 prior,
2790 2335 3032 2382 creatam
3087 2337 3304 2395 quoque
3343 2320 3637 2377 essentiam

2039 2422 2088 2479 ei
2120 2421 2395 2481 tribuetis.
2423 2430 2477 2475 et
2505 2418 2778 2476 creaturis
2803 2418 2980 2488 ipsum
3028 2411 3506 2471 annumerabitis?
3530 2409 3638 2465 Sed

2040 2526 2147 2566 non
2168 2510 2424 2565 existimo
2465 2522 2782 2578 ruemquam
2813 2519 2878 2561 eo
2926 2505 3157 2561 insania
3213 2512 3527 2567 venturum,
3583 2510 3643 2555 ut
3698 2538 3699 2541 η

2040 2603 2143 2660 hoc
2179 2600 2519 2669 velcogitnre
2549 2600 2766 2654 audeat.
2787 2597 3256 2666 Quemadmodum
3280 2595 3469 2666 igitur,
3503 2602 3645 2649 tame
3740 2662 3745 2665 Α

2040 2691 2335 2763 elsiPater
2397 2691 2601 2751 dicitur
2671 2692 2904 2761 primus,
2963 2704 3068 2743 non
3125 2688 3252 2743 inde
3298 2687 3546 2756 sequitur
3582 2699 3644 2738 ιιι

2042 2783 2358 2845 necessario
2382 2783 2450 2837 iis
2476 2783 2567 2852 qui
2613 2791 2737 2851 post
2768 2782 2945 2850 ipsum
2995 2792 3143 2847 sunt,
3168 2778 3369 2835 similis
3399 2793 3639 2834 censea-

2042 2874 2267 2928 tur:ita
2314 2888 2628 2949 quanquam
2695 2870 2869 2927 Filius
2926 2872 3141 2926 dicatur
3188 2871 3397 2941 primus
3465 2869 3646 2924 omnis

2040 2974 2331 3028 creaturae,
2360 2980 2465 3020 non
2493 2964 2599 3020 erit
2628 2964 2852 3020 omnino
2888 2978 3029 3022 unus
3079 2978 3145 3018 ex
3175 2964 3475 3018 creaturis.
3535 2960 3643 3018 Sed

2041 3056 2186 3109 sicut
2213 3055 2396 3119 Pater,
2423 3055 2722 3110 ostendens
2742 3070 2802 3110 se
2837 3054 3164 3126 principium
3213 3053 3460 3110 omnium
3500 3067 3643 3118 esse,

2042 3146 2200 3210 dixit,
2224 3164 2245 3199 ι
2278 3146 2387 3216 Ego
2407 3161 2529 3202 sum
2556 3148 2767 3217 primus
2792 3168 2807 3203 :
2841 3165 2859 3205 ι
2899 3148 2971 3202 ita
3014 3157 3069 3203 et
3096 3145 3268 3201 Filius
3290 3147 3500 3217 primus
3528 3161 3646 3200 om-

2044 3240 2132 3294 nis
2161 3248 2428 3295 creatum
2462 3240 2681 3295 dicitur.
2703 3239 2840 3294 Nam
2873 3255 2970 3309 per
2994 3240 3170 3309 ipsum
3234 3238 3421 3294 omnia
3500 3237 3646 3293 facta

347 3323 441 3384 τός
460 3324 611 3377 ἐστιν
635 3324 667 3394 ἡ
701 3323 919 3379 πάντων
946 3322 1267 3395 κτισμάτων
1291 3324 1455 3396 ἀρχὴ,
1488 3324 1563 3388 ὡς
1597 3325 1821 3399 κτίστης
1841 3326 1935 3382 καὶ

2048 3339 2175 3386 sunt
2190 3330 2236 3363 ⁸³
2263 3347 2277 3385 :
2306 3329 2469 3403 253
2489 3331 2710 3401 ipseque
2727 3340 2814 3386 est
2838 3331 3079 3385 omnium
3108 3341 3482 3386 creaturarum
3499 3330 3648 3399 prin-

347 3413 700 3487 δημιουργός

814 3537 1183 3627 ΛΟΓΟΣ
1255 3537 1484 3640 KCT'.

348 3692 458 3758 Εἰς
480 3692 934 3776 ’τὸυείρηιιένορρ
950 3695 1076 3776 ⁵δὲίινὶ
1121 3697 1249 3763 τοῖς
1279 3696 1435 3776 321975
1474 3696 1817 3776 Ζεϐεδαίου.
1849 3698 1939 3776 t6,

425 3780 445 3813 ι
472 3764 727 3817 Καθίσαι
761 3764 828 3817 ἐκ
868 3765 1086 3829 δεξιῶν
1106 3783 1229 3836 μου
1270 3767 1310 3836 ἢ
1350 3767 1420 3831 ἐξ
1457 3767 1800 3837 εὐωνύμων,
1828 3769 1942 3822 οὐκ

418 3831 594 3886 ἐστιν
618 3833 769 3903 ἐμὸν
798 3835 1030 3890 δοῦναι.
1059 3856 1077 3889 ι
1416 3862 1423 3870 ·

644 3944 967 4013 Ἆγτίθεσις
994 3948 1074 4015 ὡς
1094 3949 1161 4002 ἐκ
1187 3948 1305 4003 τῶν
1327 3949 1653 4020 Εὑνομίου.

419 4056 543 4111 Καὶ
564 4056 704 4121 πῶς,
731 4058 889 4131 εἴπερ
914 4054 981 4132 ἦν
1013 4061 1310 4132 ὲν-ἰσότητι
1349 4060 1445 4115 τοῦ
1477 4061 1709 4134 Πατρὸς,
1738 4061 1939 4134 ἔφησεν

344 4145 416 4202 ἂν
447 4149 540 4201 ἐπὶ
565 4150 679 4213 τοῖς
708 4150 995 4205 Ζεϐεδαίου
1022 4153 1242 4207 παισίν*
1278 4172 1296 4204 ι
1325 4154 1438 4207 Οὐκ
1476 4153 1624 4207 ἔστιν
1652 4155 1783 4225 ἐμὸν
1816 4154 1939 4210 δοῦ-

345 4254 474 4303 ναι;
512 4257 531 4291 ι
584 4240 756 4296 Τοῦτο
801 4242 911 4311 γάρ
944 4243 1244 4315 διαρρήδην
1290 4245 1390 4297 οὐκ
1439 4244 1654 4316 ἔχοντος
1689 4245 1939 4311 ἐξουσίαν

345 4330 522 4389 ἔστιν.
554 4332 675 4385 οὐδὲ
705 4332 1004 4403 δυναμένου
1044 4337 1349 4406 παρασχεῖν
1393 4337 1567 4406 ὅσπερ
1609 4331 1678 4407 ἦν
1705 4337 1938 4403 ἐκείνοις

346 4422 407 4477 ιν
463 4421 616 4493 εὐχῇ.
648 4423 859 4479 Οὐκοῦν
901 4426 1024 4483 οὐδὲ
1089 4425 1206 4490 ἰσος
1246 4425 1332 4496 τῷ
1378 4427 1557 4499 Πατρὶ
1608 4427 1687 4495 τῷ
1720 4428 1938 4483 πάντων

346 4513 527 4585 Ιχοντι
561 4512 658 4585 τὴν
698 4514 971 4580 ἰξουσίαν.

847 4630 1005 4700 Πρὸς
1030 4629 1209 4686 τοῦτο
1234 4632 1435 4696 λύσις.

416 4740 718 4816 Πολλὴν,νῶ
756 4745 1041 4817 θεομάχοι,
1072 4745 1177 4799 κάν
1225 4744 1402 4815 τούτῳ
1428 4745 1526 4816 τὴν
1572 4744 1935 4800 ἀπαιδευσίαν

344 4835 565 4905 ἔχοντες
616 4838 1000 4910 εὖρεθήσεσθε.
1045 4836 1250 4909 Ἐχρῆν
1298 4837 1409 4907 γὰρ
1452 4837 1514 4907 δή
1564 4854 1669 4890 που
1715 4838 1939 4902 πάντως

346 4928 493 4997 ὑμᾶς
521 4927 620 4991 τὰς
647 4928 743 4981 τοῦ
772 4929 1026 5000 Σωτῆρος
1047 4926 1293 4998 ἀκριϐῶς
1322 4926 1789 4999 περιεργάζεσθαι
1825 4945 1939 4997 φω-

345 5018 463 5083 νὰς,
496 5019 596 5073 οὐκ
622 5018 1045 5090 ἀπερισκέπτως
1071 5018 1143 5073 τὰ
1186 5019 1367 5083 καλῶς
1405 5019 1675 5090 εἰρημένα
1703 5037 1941 5090 κατηγοο

346 5110 471 5181 ρίας
508 5112 775 5166 ποιεῖσθαι
836 5111 1160 5184 προφάσεις.
1198 5111 1512 5183 Προσῆλθον
1558 5113 1608 5164 οἰ
1649 5111 1935 5165 Ζεϐεδαίου

345 5198 536 5262 παῖδες
564 5201 663 5263 τὰς
692 5202 751 5253 ὲν
776 5200 933 5272 ἄκρῳ
962 5200 1225 5272 κειμένας
1256 5200 1533 5264 αἰτοῦντες
1566 5201 1751 5273 τιμάς.
1791 5202 1936 5255 Ἀλλ’

342 5286 410 5361 ἦν
440 5289 707 5344 ἀπίθανον
736 5293 809 5361 μὴ
838 5292 936 5361 τὴν
966 5291 1059 5347 τοῦ
1099 5292 1465 5364 χορηγοῦντος
1492 5292 1813 5365 περιμένειν
1845 5312 1935 5363 φι-

343 5380 619 5452 λοτιμίαν.
654 5384 927 5453 ἁρπάζειν
970 5384 1026 5437 δὲ
1077 5383 1268 5454 ὥσπερ
1304 5383 1405 5453 τὴν
1450 5383 1659 5454 ἑτέροις
1698 5384 1809 5437 ἔσθ’
1844 5385 1934 5439 ὅτε

342 5475 798 5546 χρεωστουμινην
833 5474 1064 5547 δωρεάν.
1098 5476 1242 5547 Πρὸς
1275 5472 1369 5530 οὖν
1397 5474 1495 5547 τὴν
1521 5475 1695 5540 οὕτως
1727 5476 1933 5531 ἄτοπον

342 5563 562 5632 αἴτησιν
605 5565 830 5630 εἰκότως
858 5568 1024 5637 φησὶν
1070 5576 1099 5620 ο
1144 5568 1358 5639 Σωτὴρ,
1398 5587 1415 5620 ι
1454 5567 1570 5621 Οὐκ
1612 5567 1760 5622 ἐστιν
1798 5569 1932 5639 ἐμὸν

340 5652 549 5722 δοῦναι,
588 5675 607 5710 ι
646 5662 745 5729 οὐχ
794 5662 875 5715 ὅτι
917 5661 990 5731 μὴ
1031 5660 1252 5714 ἐδύνατο
1306 5664 1633 5732 παρασχεῖν,
1680 5662 1795 5716 ἀλλ’
1852 5664 1932 5717 ’ὁτι

342 5746 453 5803 τῶν
481 5748 789 5807 πονούντων
824 5753 971 5807 ἐστὶν
1004 5753 1284 5821 ἀναλόγως
1315 5750 1395 5817 οἷς
1447 5755 1717 5825 κάμνουσι
1770 5756 1926 5824 κομί.

416 5929 458 5962 ⁸⁸
486 5929 586 5986 lsa.
628 5947 771 6001 ιιιν,
809 5935 861 5987 6.
939 5937 983 5966 ⁸⁹
1016 5932 1167 5988 Jtmtt.
1201 5950 1238 6000 1,
1273 5937 1325 5989 2.

1968 4679 2015 4737 D

1404 5934 1466 5972 ’ν
1510 5935 1703 5991 Matth.
1737 5953 1825 6005 xx,
1856 5937 1944 5992 2.3.

2051 3421 2274 3492 cipium,
2308 3433 2492 3493 utpote
2519 3437 2707 3478 earum
2730 3433 2948 3478 creator
2976 3432 3141 3493 atque
3168 3422 3367 3492 opifex.

2346 3553 2932 3648 ASSERTIO
3002 3494 3358 3645 xivr.

2050 3707 2119 3762 In
2163 3707 2302 3763 illud
2347 3705 2763 3779 ﬁliisrlrebedwi
2797 3706 3037 3779 dictum:
3074 3723 3093 3756 ι
3134 3704 3331 3760 Sedere
3371 3722 3402 3779 _a
3445 3706 3649 3779 destri:

2081 3781 2235 3839 meis.
2271 3775 2361 3833 aut
2393 3794 2425 3829 ο
2460 3776 2698 3831 sinistris
2729 3777 2881 3837 meis,
2908 3791 3009 3829 non
3041 3784 3115 3829 ert
3141 3791 3313 3829 meum
3347 3776 3474 3829 dare
3492 3775 3619 3829 "'.t

2476 3948 2564 4005 Ex
2608 3948 2901 4019 objections
2939 3946 3213 4003 Eunomii.

2128 4068 2196 4124 At
2224 4065 2519 4139 quomodo,
2547 4062 2748 4131 inquit,
2796 4061 2839 4117 si
2880 4060 3055 4119 Filius
3091 4071 3176 4117 est
3223 4063 3448 4133 aequalis
3477 4062 3646 4125 Patri.

2048 4160 2189 4216 dixit
2230 4159 2296 4213 ad
2334 4157 2477 4212 lilios
2526 4153 2811 4209 Zebedai:
2855 4172 2873 4205 ι
2915 4152 3032 4207 Non
3075 4163 3159 4208 est
3202 4169 3382 4210 meum
3425 4155 3593 4209 dare?
3622 4176 3640 4207 ι

2048 4251 2183 4307 Nam
2229 4250 2335 4305 hoc
2376 4247 2664 4303 manifeste
2717 4255 2801 4301 est
2835 4245 2983 4304 illius
3016 4248 3117 4316 _qni
3168 4257 3495 4318 potestatem
3537 4263 3645 4303 nou

2047 4345 2255 4408 habet,
2291 4343 2497 4412 quique
2551 4340 2604 4394 id
2654 4340 2801 4409 quod
2843 4341 3133 4410 optabant,
3189 4340 3377 4411 largiri
3418 4340 3498 4396 eis
3538 4356 3645 4395 non

2048 4444 2285 4508 poterat.
2320 4432 2592 4500 Quocirca
2653 4430 2806 4487 Patri
2855 4432 3105 4492 omnium
3161 4442 3487 4505 potestatem
3540 4432 3645 4488 ba-

2046 4528 2197 4585 benti
2231 4524 2457 4596 :equalis
2488 4539 2595 4579 non
2618 4532 2720 4578 est.

2543 4635 2750 4691 Salutio
2799 4634 3136 4706 abjertlonis.

2112 4749 2393 4806 Summam
2439 4747 2604 4803 etiam
2666 4745 2768 4801 bac
2816 4746 2870 4800 in
2918 4757 3078 4813 parte
3114 4756 3387 4812 vestram,
3455 4746 3641 4802 hostes

2040 4844 2165 4908 Dei,
2189 4840 2557 4913 ignorantiam
2591 4838 2843 4907 proditis.
2880 4837 3183 4907 Oportebat
3215 4838 3361 4892 enim
3392 4854 3490 4893 vos
3519 4855 3643 4903 niui...

2043 4937 2174 4991 lino
2200 4933 2514 4989 Servatoris
2560 4930 2737 4986 nostri
2791 4930 2935 4985 dicta
2983 4942 3247 4987 accurate
3293 4932 3638 5002 investigare,

2043 5042 2221 5099 neque
2266 5027 2340 5081 ita
2383 5024 2790 5079 inconsiderate
2821 5022 3133 5078 rectissime
3170 5023 3311 5077 dictu
3348 5024 3400 5077 in
3434 5024 3642 5081 calum-

2042 5118 2184 5172 niam
2216 5130 2427 5187 rapere.
2465 5113 3037 5184 Accesserunripsum
3070 5112 3163 5167 lilii
3196 5110 3467 5177 Zebedwi,
3487 5128 3640 5167 sum-

2041 5225 2161 5265 mos
2200 5210 2437 5263 honores
2471 5206 2577 5263 sibi
2623 5204 2868 5263 conferri
2921 5214 3191 5277 petentes.
3237 5206 3504 5262 Caeterum
3537 5207 3636 5261 ab-

2040 5303 2267 5357 surdum
2298 5309 2439 5365 erat.
2472 5299 2614 5370 ejus,
2656 5299 2747 5371 qui
2784 5314 2881 5355 eos
2932 5297 3173 5354 honores
3218 5299 3471 5371 largitur,
3502 5299 3633 5354 lihe~

2040 5390 2320 5445 ralitatem
2364 5407 2472 5445 non
2503 5400 2832 5461 exspectare
2858 5430 2873 5455 ,
2910 5390 3011 5446 sed
3060 5391 3469 5460 quodammodo
3498 5391 3638 5448 velle

2040 5484 2337 5553 praeripere
2388 5483 2589 5540 dmum
2644 5485 2790 5553 quod
2847 5483 3119 5538 interdum
3194 5483 3319 5538 aliis
3381 5484 3633 5540 debetur.

2042 5573 2302 5629 Servator
2335 5576 2524 5645 itaque
2558 5576 2624 5631 ad
2679 5575 2949 5643 ejusmodl
2986 5576 3280 5633 absurdam
3315 5576 3633 5648 petitionem

2042 5667 2239 5722 merito
2284 5667 2598 5739 respondet,
2636 5687 2653 5719 ι
2691 5668 2807 5724 Νοη
2851 5677 2935 5729 est
2998 5684 3181 5730 meum
3238 5668 3414 5725 dare:
3455 5687 3474 5721 ι
3526 5683 3633 5723 non

2041 5762 2183 5830 quod
2218 5762 2267 5815 id
2294 5772 2551 5832 pmstnre
2584 5778 2691 5819 non
2718 5773 2925 5835 possetIl
2958 5763 3056 5818 sed
3085 5762 3211 5834 quia
3248 5764 3469 5832 pnemia
3512 5776 3631 5816 ccr-
