4032 6430
482 382 586 437 εις

1462 386 1518 443 ε.
1559 388 1831 446 CYRILLI
1875 390 2342 449 ALEXANDIHNI
2386 387 2704 447 ARCHIEP.

3628 368 3725 424 ιιι

484 498 710 552 tantium
756 498 1029 555 laboribus
1062 500 1411 570 proportione
1457 506 1688 574 quadam
1722 512 2037 577 respondert

2156 509 2343 572 ξεσθαι
2367 511 2457 563 τὸν
2490 507 2696 578 μισθόν.
2733 504 2943 570 Ὥσπερ
2974 498 3081 569 γὰρ
3107 496 3160 550 εί
3175 513 3257 558 τις
3283 494 3396 557 τοῖς
3427 494 3507 556 είς
3538 492 3722 559 ἀγῶνι

484 582 701 637 debent.
725 582 951 640 Perinde
985 600 1051 640 ac
1082 588 1126 641 si
1158 588 1280 656 quis
1310 590 1376 645 iis
1425 592 1515 659 qui
1551 594 1617 647 ad
1650 606 1923 651 certamen
1956 614 2049 653 vo-

484 671 591 725 uti
622 681 769 740 sunt,
804 678 1024 744 premia
1059 692 1366 747 proponens
1387 681 1533 735 dicat
1562 700 1575 734 :
1603 681 1716 738 Non
1740 696 1822 739 est
1850 702 2048 751 meum,

484 760 611 815 boni
640 764 763 828 viri,
796 779 1069 821 summum
1110 770 1387 839 praemium
1418 786 1630 842 rapere,
1657 785 1711 829 et
1748 778 1833 831 cui
1874 776 2051 834 libue-

485 854 556 906 rit
586 854 858 920 conferre,
903 873 1077 928 neque
1112 861 1254 914 enim
1308 862 1515 919 idcirco
1561 867 1814 922 curriculi
1864 870 2048 923 termi-

486 959 588 999 nos
617 950 819 1011 statui;
868 950 962 1003 sed
1000 949 1090 1005 ille
1131 951 1232 1006 hoc
1261 953 1491 1018 auferet,
1522 958 1614 1026 qui
1660 959 1899 1028 reliquos
1928 962 2047 1016 rin-

484 1032 654 1091 cendo
686 1050 903 1091 summo
948 1038 1155 1095 honore
1210 1040 1349 1098 allici
1382 1045 1607 1101 meritus
1657 1046 1837 1104 fuerit.
1884 1050 1958 1105 lta
1997 1061 2047 1107 et

485 1121 745 1178 Senator
791 1125 1034 1196 iniquum
1081 1143 1202 1185 esse
1232 1132 1443 1187 censuit
1467 1148 1737 1189 summum
1785 1136 2047 1193 honorem

483 1212 793 1279 petentibus
820 1227 1071 1287 prompte
1102 1220 1373 1286 conferre,
1402 1223 1629 1292 repulsis
1657 1227 1722 1281 iis
1754 1228 1950 1297 quibus
1975 1228 2050 1284 le-

480 1300 670 1369 gitime
700 1305 946 1374 debetur;
1004 1309 1069 1363 iis
1094 1311 1238 1365 enim
1264 1311 1462 1368 deferri
1488 1316 1694 1384 :equius
1719 1327 1825 1384 est,
1854 1321 2050 1389 quibus

490 1392 834 1458 pmscientia
872 1394 1071 1463 Patris,
1101 1400 1169 1453 ob
1211 1401 1469 1456 virtutum
1496 1413 1749 1477 recteque
1780 1408 2047 1464 factorum

482 1481 858 1538 excellentiam
886 1500 1009 1541 eum
1042 1493 1402 1557 praeparavit:
1430 1495 1683 1561 quocirca
1715 1497 1915 1553 dictum
1946 1499 2050 1555 hoc

482 1570 789 1638 Scrutaris
818 1591 924 1632 non
960 1579 1126 1657 ipsius
1159 1582 1530 1653 impotentiam
1560 1582 1919 1663 demonstrat,
1951 1592 2048 1648 sed

488 1663 918 1722 incarnationem
954 1669 1124 1740 ipsius
1162 1674 1402 1743 respicit.

1143 1781 1374 1847 Αωυο.

544 1888 708 1961 ω
734 1890 813 1957 Si,
832 1891 983 1962 juxta
1000 1903 1259 1962 vestram,
1287 1895 1471 1952 hostes
1488 1895 1603 1966 Dei,
1627 1900 1955 1971 Opinionem,
1982 1900 2046 1957 θ-
2075 1858 2118 1916 Β

474 1978 665 2033 liorum
691 1980 932 2037 Zebedaei
958 1984 1200 2053 petitioni
1222 1986 1539 2044 satisfacere
1560 2004 1665 2044 non
1684 2002 1941 2062 potest,et
1959 1996 2043 2049 icl-

474 2074 626 2127 circo
658 2072 969 2137 dicit,cNon
996 2086 1079 2131 est
1105 2092 1281 2133 meum
1305 2079 1491 2147 dare,»
1518 2095 1625 2150 quo
1649 2093 1807 2153 pacto
1834 2085 1885 2141 in
1918 2086 2043 2144 aliis

476 2162 752 2219 invenitur
782 2166 896 2235 ipse
912 2167 1165 2223 omnibus
1189 2169 1347 2224 simul
1376 2171 1649 2242 discipulis
1676 2174 1781 2231 hoc
1797 2175 2039 2248 largitus,

470 2269 592 2307 cum
618 2255 690 2309 ita
720 2256 831 2311 ait:
871 2276 890 2309 ι
921 2258 1115 2324 Amen,
1148 2273 1303 2314 amen
1331 2262 1455 2316 dico
1488 2263 1661 2330 vobis,
1705 2267 1919 2335 quando
1952 2268 2040 2325 Fi-

471 2346 573 2402 lius
600 2346 834 2405 hominis
877 2350 1089 2406 sedebit
1136 2352 1190 2406 in
1231 2352 1368 2408 solio
1399 2354 1695 2424 maiestatis
1719 2373 1850 2425 sua,
1886 2363 2039 2417 sede-

470 2438 598 2493 bitis
635 2449 688 2494 et
724 2451 819 2493 vos
868 2457 1029 2512 super
1082 2444 1365 2499 duodecim
1420 2446 1630 2504 thronis
1650 2448 1736 2503 ⁶⁸ἳ
1781 2469 1801 2501 a
1854 2450 2040 2523 Neque

468 2530 611 2583 enim
642 2530 744 2586 hoc
766 2542 849 2587 est
878 2534 1223 2602 pradicentis
1244 2536 1449 2605 futura,
1474 2538 1570 2595 sed
1606 2540 1884 2612 largientis
1912 2560 2035 2614 gra-

471 2620 624 2687 tiam,
663 2628 721 2675 ut
774 2622 839 2677 iis
872 2624 960 2692 qui
1017 2624 1441 2681 collaborarunt.
1482 2626 1539 2684 Si
1573 2644 1703 2702 ergo
1748 2646 1875 2689 vere
1922 2635 2037 2692 hac

471 2709 621 2772 dicit,
651 2713 921 2780 quomodo
958 2716 1048 2782 qui
1088 2717 1341 2773 omnibus
1383 2719 1627 2790 largitur,
1667 2723 1878 2781 duobus
1923 2725 2035 2781 lar-

467 2798 568 2868 giri
599 2804 870 2871 nequeat?
904 2801 960 2857 Si
1009 2818 1137 2859 vero
1174 2806 1384 2863 audetis
1439 2809 1622 2864 dicere
1656 2825 1849 2867 vanam
1908 2828 2033 2871 esse

466 2890 900 2959 promissionem,
937 2894 1171 2951 suﬂiciet
1212 2897 1315 2953 hoc
1362 2898 1430 2953 ad
1471 2914 1688 2956 omnem
1734 2904 2031 2973 nequitiam

465 2988 702 3035 vestram
739 2984 1191 3041 conﬁrmandam.
1240 2987 1452 3043 Μετιιίτὶ
1488 2991 1629 3045 enim
1678 2991 1860 3049 dicitis
1888 2997 2031 3051 veri-

467 3078 650 3125 tatem.
678 3070 1138 3138 Quemadmodum
1185 3076 1351 3146 igitur
1377 3078 1421 3133 si
1475 3080 1603 3135 filiis
1645 3082 1889 3139 lebedci
1925 3101 2030 3141 non

2152 600 2503 672 κεκλημένοις
2548 598 2615 651 τά
2643 596 2779 665 γέρα
2828 588 3268 685 προθεὶςίλὲγοι
3293 584 3439 685 πρὸς
3466 582 3721 685 αύτούς·

2150 694 2265 745 Οὐκ
2457 692 2625 754 εστιν,
2648 682 2693 741 ὧ
2714 681 2875 746 οῦτοι.
2896 682 2953 738 τὸ
2982 681 3167 751 μεῖζον
3200 680 3363 781 flavo
3520 670 3566 743 ᾧ
3599 673 3724 781 βοῦς

2149 783 2311 852 λομαι
2353 782 2671 850 παρασχεῖν,
2719 778 2780 831 οὐ
2836 777 2944 847 γάρ
2994 774 3087 827 επὶ
3134 772 3346 834 τούτοις
3392 770 3614 823 τέθεικα
3648 770 3726 838 τῷ

2152 871 2349 941 σταδίῳ
2386 872 2510 934 τοὺς
2538 872 2696 942 ὄρους
2722 886 2735 899 ⁸
2783 870 2897 922 ἀλλ’
2945 870 3149 929 ἐκεῖνος
3190 865 3418 935 λήψεται
3464 863 3649 923 τοῦτο.
3678 855 3725 930 ᾧ

2152 963 2208 1015 τὸ
2241 963 2449 1025 πάντας
2500 962 2655 1030 νικᾲν
2700 961 3049 1030 «περιποιήσει
3100 955 3322 1018 δικαίως
3361 954 3422 1006 τὺ
3455 953 3725 1023 τιμᾶσθαι

2152 1052 2435 1121 μειζόνως.
2454 1050 2612 1105 Οὕτω
2634 1052 2727 1103 καὶ
2753 1052 2782 1103 ό
2812 1050 3000 1121 Σωτὴρ
3024 1049 3126 1101 οὐκ
3162 1047 3383 1114 εὔλογον
3415 1041 3557 1098 εἶναί
3590 1062 3723 1115 φησι

2147 1145 2257 1205 τοῖς
2284 1142 2493 1195 αἰτοῦσι
2519 1143 2578 1195 τὸ
2601 1141 2785 1211 μεῖζον
2806 1140 3085 1194 ἐπιδοῦναι
3106 1140 3433 1209 προχείρως,
3456 1136 3548 1188 τὸν
3574 1134 3724 1203 ὀφεί-

2149 1233 2305 1285 λοντα
2333 1232 2557 1295 δικαίως
2588 1232 2773 1285 λαϐεῖν
2814 1231 3232 1302 παρωσάμενον.
3291 1228 3430 1281 Ἀλλ’
3476 1227 3722 1288 ἐκείνους

2147 1323 2291 1393 ἔχειν
2321 1324 2437 1375 ἐστὶ
2471 1322 2943 1393 πρεπωδιστερον,
2985 1315 3064 1383 οἷς
3101 1322 3135 1390 ἡ
3183 1319 3276 1373 τοῦ
3337 1319 3552 1389 Πατρὸς
3584 1318 3721 1386 πρό-

2148 1431 2344 1482 γνωσις
2376 1414 2463 1468 διὰ
2487 1414 2585 1485 τὴν
2612 1412 2722 1466 τῶν
2747 1410 3247 1483 ἀνδραγαθημάτων
3270 1409 3543 1481 ὑπεροχὴν
3566 1409 3723 1462 τοῦτο

2146 1508 2506 1577 ηύτρέπισενσ
2542 1507 2687 1560 ιστιν
2724 1500 2818 1559 οὖν
2849 1507 2876 1558 ό
2931 1504 3090 1572 λόγος
3126 1504 3228 1557 οὐκ
3258 1501 3541 1563 ἀσθενείας
3587 1500 3723 1566 ἀπόα

2145 1596 2328 1664 δειξις,
2352 1595 2467 1650 ἀλλ’
2490 1593 2838 1668 οίκονομικῆς
2870 1591 3175 1654 ἀσθενείας.

2828 1793 3033 1848 ΑΔΔΟ.

2219 1910 2281 1962 Ei
2316 1909 2390 1979 μὴ
2446 1907 2694 1970 δύναται,
2740 1908 2859 1959 καθ’
2894 1906 3061 1975 ὑμᾶς,
3092 1900 3138 1959 ὧ
3164 1904 3447 1975 θεομάχοι,
3482 1909 3591 1969 τοῖς
3621 1909 3716 1959 Ζε-

2146 1999 2359 2052 ϐεδαίου
2418 1996 2603 2051 παισὶν
2646 1994 3043 2065 ἀποπληρῶσαι
3081 1993 3178 2063 τὴν
3226 1993 3464 2063 αἴτησιν,
3496 1995 3591 2046 καὶ
3631 1993 3719 2045 διὰ

2142 2088 2299 2142 τοῦτό
2328 2103 2510 2157 φησιν,
2552 2105 2568 2137 ι
2599 2085 2713 2139 Ούκ
2738 2084 2883 2137 ἔστιν
2908 2083 3039 2153 εμδν
3074 2081 3277 2146 δοῦναι,
3315 2100 3332 2133 ι
3370 2082 3488 2145 πῶς
3525 2084 3583 2135 ὲν
3604 2082 3718 2134 ἑτέ-

2147 2196 2256 2249 ροις
2275 2178 2583 2249 εὑρίσκεται
2626 2178 2791 2229 πᾶσιν
2820 2173 2959 2244 ὁμοῦ
2992 2176 3105 2237 τοῖς
3143 2173 3412 2243 μαθηταῖς
3440 2172 3598 2227 τοῦτο
3622 2190 3716 2241 χα-

2147 2266 2549 2339 ρισάμενος,δι’
2586 2258 2661 2320 ὧν
2697 2263 2843 2318 οὓτω
2885 2263 3079 2334 φησίν·
3110 2282 3128 2314 ι
3167 2262 3359 2333 ’Δμὴν,
3394 2262 3541 2331 ἀμὴν
3574 2261 3716 2327 λέγω

2142 2360 2291 2429 ὑμῖν,
2313 2360 2443 2413 ὅταν
2484 2355 2683 2427 καθίσῃ
2712 2357 2740 2407 ό
2777 2354 2909 2418 Υίὸς
2941 2352 3035 2408 τοῦ
3066 2352 3351 2423 ἀνθρώπου
3382 2353 3475 2405 ἐπὶ
3522 2351 3714 2423 θρόνου

2139 2450 2295 2521 δόξης
2330 2448 2518 2512 αὑτοῦ,
2550 2445 2839 2501 καθίσεσθε
2880 2445 2971 2499 καὶ
3016 2445 3173 2514 ὑμεῖς
3222 2443 3317 2496 ἐπὶ
3348 2443 3557 2495 δώδεκα
3594 2442 3713 2513 θρόο

2139 2557 2297 2605 νους;
2351 2560 2369 2591 ι
2408 2538 2577 2594 Ῥοῦτο
2620 2535 2728 2607 γὰρ
2772 2535 2835 2588 οὐ
2878 2534 2949 2587 τὰ
2994 2534 3230 2604 ἐσόμενα
3277 2531 3712 2603 προφητεύοντός

2139 2633 2309 2694 ἐστιν,
2352 2628 2466 2682 ἀλλ’
2507 2627 2791 2698 ὀρέγοντος
2836 2625 2911 2689 ὠς
2950 2622 3361 2694 συγκεκμηκόσι
3391 2622 3493 2691 τὴν
3529 2622 3706 2693 χάριν.

2139 2722 2201 2775 Ei
2234 2721 2331 2789 μὲν
2369 2715 2464 2773 οὖν
2493 2716 2746 2787 ἀληθεύει
2786 2715 2856 2769 τά
2884 2712 3107 2769 τοιαῦτα
3144 2713 3339 2783 λέγων,
3381 2713 3499 2776 πῶς
3520 2715 3549 2767 ό
3576 2715 3710 2767 πᾶσι

2135 2812 2331 2876 διδοὺς,
2359 2809 2453 2862 δύο
2487 2808 2662 2878 μόνων
2684 2806 2981 2859 αίτούντων
3016 2804 3268 2868 ἀσθενεῖς
3304 2804 3367 2856 Ei
3394 2802 3450 2856 δὲ
3475 2802 3706 2873 τολμᾶτε

2134 2903 2311 2972 λέγειν
2346 2903 2421 2971 μὴ
2446 2895 2585 2952 εῖναι
2613 2898 2712 2968 τὴν
2743 2897 3038 2967 ὑπόσχεσιν
3075 2894 3276 2965 ἀληθῆ,
3298 2893 3524 2965 ἀρκέσει
3552 2894 3709 2947 τοῦτο

2136 2992 2270 3063 πρὸς
2300 2991 2361 3043 τὸ
2380 2992 2558 3044 πᾶσαν
2592 2988 2711 3042 καθ’
2741 2986 2895 3058 ὑμῶν
2920 2984 3219 3056 κυροῦσθαι
3254 2985 3472 3039 κακίαν.
3503 2984 3704 3038 ιΨεύδε-

2137 3082 2259 3135 σθαι
2293 3080 2401 3149 γάρ
2455 3096 2590 3150 φατε
2638 3077 2737 3149 τὴν
2779 3078 3058 3149 ἀλήθειαν.
3112 3077 3323 3148 ’Ὥσπερ
3372 3070 3465 3130 οῦν
3505 3077 3553 3129 εί
3596 3078 3704 3138 τοῖς

464 3162 727 3229 potuisset
763 3164 926 3228 dare,
969 3179 1073 3219 non
1118 3177 1263 3222 esset
1303 3169 1527 3238 aequalis
1557 3170 1703 3227 Patri
1736 3215 1750 3239 ,
1797 3175 1869 3229 ita
1902 3191 2025 3233 cum

2139 3169 2419 3226 ῑεδεδαίου
2456 3167 2645 3221 παισὶν
2666 3166 2767 3221 οὐκ
2806 3164 3029 3220 εδύνατο
3055 3166 3376 3237 παρασχεῖν,
3405 3165 3506 3217 οὐκ
3540 3161 3606 3217 ἂν
3638 3158 3704 3230 ἦν

464 3252 710 3307 omnibus
763 3254 1041 3327 discipulis
1101 3258 1232 3313 dare
1289 3262 1545 3332 potuerit,
1599 3263 1749 3320 Patri
1808 3270 2029 3326 omnino

464 3342 656 3399 similis
691 3351 793 3399 est.

1130 3458 1359 3517 ALlUD.

540 3563 597 3621 Si
626 3565 885 3625 Senator
916 3582 1043 3625 vere
1068 3570 1219 3637 dicit,
1255 3590 1274 3623 ι
1310 3570 1501 3630 Omnia
1529 3576 1656 3631 mihi
1688 3579 1878 3634 tradita
1905 3591 2031 3635 sunt

463 3671 493 3710 a
521 3655 767 3725 Patre“,
815 3678 834 3712 ι
872 3660 924 3715 in
954 3660 1206 3718 omnibus
1235 3678 1364 3719 vero
1388 3667 1702 3724 continetur
1748 3671 1932 3737 etiam,
1970 3682 2030 3727 ut

461 3748 689 3818 gratiam
719 3750 1129 3822 quibuscunque
1171 3754 1320 3816 velit.
1365 3756 1616 3813 conferre
1669 3761 1839 3829 possit
1874 3780 1887 3816 :
1921 3779 2025 3819 non

460 3855 591 3910 ergo
638 3841 1005 3912 impotentiam
1064 3857 1216 3900 suam
1273 3846 1433 3903 dandi
1468 3851 1665 3920 arguit,
1702 3868 1823 3907 cum
1873 3855 2024 3919 dicit,

468 3949 485 3981 ι
524 3928 643 3986 Non
673 3942 755 3988 est
782 3949 958 3990 meum
998 3936 1148 3999 dare,
1196 3955 1213 3989 ι
1249 3938 1345 3994 sed
1389 3939 1816 3998 incarnationem
1851 3948 2024 4016 respi-

460 4023 554 4077 cit.

1124 4141 1354 4200 ALIUD.

534 4248 800 4317 Propheta
848 4250 1018 4308 lsaias
1043 4253 1111 4309 de
1144 4255 1436 4313 Smatore
1470 4256 1695 4329 loquens
1726 4261 1919 4318 alicubi
1950 4263 2023 4317 ita

461 4338 746 4395 manifeste
771 4342 847 4395 ait
871 4361 883 4397 :
919 4361 939 4395 ι
964 4344 1258 4414 Propterea
1286 4348 1399 4416 ipse
1422 4348 1788 4407 dominabitur
1817 4354 2023 4419 multis,

460 4440 516 4483 et
546 4429 763 4487 fortium
795 4433 963 4502 spolia
1006 4437 1295 4505 partietur,
1327 4443 1584 4509 quoniam
1622 4443 1817 4497 tradita
1853 4458 1935 4499 est
1970 4446 2023 4501 in

2135 3264 2251 3326 ῐσος
2275 3262 2354 3332 τῷ
2391 3261 2589 3331 Πατρὶ,
2628 3258 2800 3323 οὕτως
2828 3258 3125 3329 ιπειδήπερ
3172 3258 3308 3310 πᾶσι
3342 3256 3591 3325 φαίνεται
3630 3254 3698 3306 δι-

2132 3355 2276 3420 δοὺς,
2311 3355 2426 3417 ῐσος
2457 3349 2709 3421 ἕσταιτῷ
2742 3350 3115 3419 γεγεννηκότι.

2808 3462 3013 3518 ΔΑΜ).

2203 3582 2266 3636 El
2307 3579 2562 3650 ἀληθεύει
2604 3576 2778 3645 λέγων
2806 3577 2835 3629 ό
2874 3574 3088 3645 Σωτὴρ,
3135 3592 3153 3625 ‹
3203 3573 3386 3627 Πάντα
3441 3589 3531 3642 μοι
3563 3588 3704 3642 παρ-

2130 3672 2287 3743 εδόθη
2320 3670 2423 3724 ὑπὸ
2460 3668 2554 3722 τοῦ
2592 3666 2804 3738 Πατρός
2840 3682 2964 3736 μου,
3001 3683 3020 3717 s
3053 3664 3112 3716 ὲν
3144 3662 3201 3715 δὲ
3231 3665 3343 3726 τοῖς
3390 3662 3557 3714 πᾶσίν
3589 3664 3706 3715 ἐστι

2130 3765 2223 3819 καὶ
2245 3763 2306 3816 τὺ
2348 3761 2547 3815 διδόναι
2582 3759 2741 3830 χάριν
2791 3758 2859 3828 ἢν
2911 3755 2978 3810 ἂν
3019 3753 3264 3825 βούλοιτό
3295 3770 3460 3818 τισιν,
3494 3754 3595 3806 ούκ
3644 3752 3704 3819 ἐξ

2130 3853 2413 3915 ἀσθενείας
2461 3852 2685 3922 ἔφησεν,
2714 3868 2733 3902 ε
2776 3847 2891 3903 Οὐκ
2926 3847 3072 3901 εστιν
3113 3846 3247 3918 ιμδν
3282 3844 3501 3915 δοῦναι,
3536 3863 3556 3898 s
3588 3844 3702 3901 ἀλλ’

2131 3945 2244 4018 εχει
2275 3944 2430 4014 λόγον
2456 3941 2763 4014 οίκονομίας
2796 3941 2855 3994 τὺ
2888 3940 3063 4013 ῥῆμα.

2815 4141 3020 4195 ΔΑΜ).

2211 4260 2268 4312 ’0
2321 4259 2604 4329 προφήτης
2670 4256 2895 4319 Ἡσαΐας
2953 4254 3077 4318 τοὺς
3131 4256 3259 4327 περὶ
3309 4256 3404 4310 τοῦ
3452 4256 3701 4327 Σωτῆρος

2130 4350 2451 4419 ποιούμενος
2500 4348 2721 4417 λόγους,
2761 4346 2893 4417 φησί
2938 4363 3041 4401 που
3085 4344 3302 4415 σαφῶς·
3344 4364 3363 4398 ε
3398 4346 3498 4401 Διά
3546 4346 3703 4401 τοῦτο

2129 4440 2289 4507 αὐτὸς
2326 4439 2606 4511 κυριεύσει
2660 4437 2891 4503 πολλῶν,
2938 4436 3033 4493 καὶ
3082 4436 3193 4491 τῶν
3242 4438 3479 4509 ίσχυρῶν
3526 4444 3701 4509 μεριεῖ

459 4531 687 4577 mortem
712 4525 892 4579 anima
920 4524 1147 4595 ejus‘h
1173 4527 1228 4583 Si
1261 4545 1392 4601 ergo
1432 4532 1545 4601 ipse
1562 4534 1793 4590 honores
1819 4537 2024 4600 sanctis

2139 4532 2321 4595 σκῦλα,
2369 4531 2485 4585 ἀνθ’
2516 4523 2591 4587 ὧν
2636 4529 2910 4601 παρεδόθη
2941 4530 3022 4593 είς
3074 4528 3304 4584 θάνατον
3340 4532 3373 4600 ἠ
3409 4530 3557 4602 ψυχὴ
3605 4532 3700 4587 αύ-

460 4610 770 4681 distribuit,
803 4618 1075 4687 quomodo
1109 4620 1351 4678 dicemus
1382 4634 1505 4677 eum
1556 4640 1660 4680 non
1708 4640 1867 4696 posse
1888 4626 2024 4684 dare

433 4704 763 4769 ,petcntibus
792 4721 910 4775 qua
953 4708 1130 4765 velit?
1161 4711 1226 4765 Et
1249 4712 1295 4767 si
1346 4711 1505 4768 Pater
1531 4716 1712 4770 omnia
1767 4706 2023 4787 oper'atur

459 4808 554 4862 per
582 4793 796 4862 Filium,
828 4814 993 4853 unum
1038 4816 1167 4857 vero
1194 4804 1435 4860 omnium
1467 4816 1569 4870 est,
1608 4806 1933 4863 distribuere
1968 4818 2023 4863 et

459 4882 639 4953 largiri
682 4888 885 4943 sanctis
933 4889 1105 4956 dona,
1158 4892 1271 4962 ipse
1319 4905 1468 4950 certe
1519 4898 1625 4951 erit
1674 4898 1764 4964 qui
1795 4897 2021 4969 largitur

459 4982 619 5043 atque
645 4975 939 5044 distribuit,
974 4978 1191 5036 Patrem
1224 4982 1276 5036 in
1312 4983 1490 5054 seipso
1526 4986 1747 5041 habens.

459 5188 755 5259 Explicatio
780 5198 1110 5264 apertissima
1133 5203 1282 5267 diali,
1316 5203 1400 5256 «Ν
1405 5223 1468 5258 οη
1506 5217 1581 5259 est
1616 5223 1782 5260 meum
1807 5208 1957 5270 dare,
1986 5196 2011 5258 ἰ

833 5278 880 5321 ει
902 5274 1161 5337 quomodo
1190 5272 1409 5341 intelligi
1431 5276 1636 5331 debeat.

530 5374 786 5431 Servator
810 5389 995 5434 noster
1018 5380 1173 5439 Jesus
1211 5384 1460 5441 Christus
1484 5389 1778 5457 discipulus
1816 5393 2016 5449 adhor-

463 5474 582 5519 tans
620 5477 677 5519 ut
718 5468 847 5521 nihil
884 5485 1104 5539 prorsus
1138 5488 1323 5528 eorum
1363 5492 1481 5544 qua:
1537 5477 1590 5531 in
1626 5478 1725 5534 hac
1760 5480 1867 5534 vita
1900 5494 2023 5537 sunt

461 5564 920 5627 appeterent,scd
982 5565 1156 5631 potius
1207 5577 1630 5632 contemnerent,
1670 5580 1833 5641 atque
1883 5573 2021 5627 indi-

531 5740 581 5771 "
623 5740 805 5795 Matth.
851 5760 953 5805 ιιι,
985 5743 1072 5799 28.
1152 5748 1193 5779 ⁸³
1226 5747 1410 5803 Matth.
1442 5749 1627 5813 31,27.

2127 4625 2240 4680 τοῦ.
2271 4643 2289 4678 ι
2322 4625 2384 4679 Ei
2416 4622 2595 4677 τοίνυν
2644 4621 2805 4687 αὐτὸς
2853 4622 3169 4693 ἐπιμερίζει
3211 4624 3327 4686 τοῖς
3374 4623 3553 4695 ἀγίοις
3600 4624 3699 4692 τὰς

2129 4717 2317 4789 τιμὰς.
2350 4716 2466 4779 πῶς
2494 4717 2655 4770 αὐτὸν
2697 4713 2931 4786 ἐροῦμεν
2967 4716 3043 4787 μὴ
3087 4713 3348 4770 δύνασθαι
3394 4719 3699 4792 παρασχεῖν

2116 4810 2250 4881 ὅπερ
2284 4809 2351 4864 ἂν
2378 4807 2617 4878 βούλοιτό
2643 4823 2787 4870 τισι;
2821 4806 2934 4861 Καὶ
2971 4808 3019 4859 εί
3057 4806 3234 4861 πάντα
3260 4810 3289 4861 ὁ
3322 4807 3513 4885 Πατὴρ
3540 4809 3697 4878 ἔργά-

2116 4898 2268 4966 ζεται
2291 4896 2359 4950 δι’
2378 4894 2532 4959 Υίοῦ,
2564 4894 2621 4947 ἓν
2644 4893 2701 4948 δὲ
2725 4893 2835 4949 τῶν
2864 4894 3082 4950 πάντων
3115 4895 3235 4949 εστὶ
3258 4896 3352 4949 καὶ
3373 4895 3433 4949 τὸ
3460 4897 3697 4967 διανέμε-

2119 4989 2245 5043 σθαι
2270 4990 2383 5050 τοῖς
2429 4987 2607 5054 ἁγίοις
2640 4986 2709 5041 τὰ
2750 4986 2905 5058 γέρα,
2938 4986 3102 5051 αὐτὸς
3149 4986 3302 5039 ἔσται
3342 4986 3503 5042 πάλιν
3543 4989 3571 5041 ὁ
3618 4988 3695 5042 δι-

2117 5080 2260 5144 δοὺς,
2285 5078 2426 5149 ἔχων
2460 5078 2518 5131 ὲν
2551 5077 2727 5149 ἑαυτῷ
2752 5078 2843 5131 τὸν
2877 5078 3117 5149 Πατέρα.

2127 5214 2314 5279 Λύσις
2344 5213 2449 5267 τοῦ
2467 5212 2678 5281 ῥητοῦ,
2703 5232 2721 5263 ι
2755 5214 2876 5268 οὐκ
2910 5212 3079 5266 ἔστιν
3108 5212 3255 5281 ἐμὸν
3276 5212 3505 5275 δοῦναι,
3542 5229 3560 5263 ι
3594 5213 3692 5265 καί

2245 5284 2403 5349 ὅπως
2441 5282 2588 5337 αὐτὸ
2618 5281 2735 5352 χρὴ
2769 5282 2932 5337 νοεῖν
2958 5282 3163 5353 σαφὴς
3199 5281 3588 5336 διδασκαλία.

2186 5382 2300 5448 Τοῦ
2346 5394 2595 5464 Σωτῆρος
2641 5394 2797 5464 ἡμῶν
2854 5391 3091 5465 Χριστοῦ
3143 5391 3531 5463 παραινοῦντος
3581 5392 3711 5477 τοῖς.

2128 5485 2416 5555 μαθηταῖς,
2437 5483 2498 5537 τὸ
2530 5483 2692 5554 μηδὲν
2721 5484 2857 5547 ὅλως
2888 5483 2996 5537 τῶν
3024 5486 3082 5536 ὲν
3104 5483 3237 5553 τῷδε
3264 5482 3340 5553 τῷ
3368 5482 3466 5553 βίῳ
3495 5482 3693 5551 κεκτῆ-

2128 5575 2247 5627 σθαι
2290 5574 2483 5640 θέλειν,
2514 5574 2973 5647 ἀφιλοχρηματεῖν
3005 5574 3059 5629 δὲ
3109 5575 3328 5645 μᾶλλον,
3368 5572 3456 5627 καὶ
3496 5574 3686 5645 ἀπερι-

1711 5751 1750 5773 "‘
1790 5752 1886 5806 l:-:t.
1922 5769 2033 5819 Llll,
2086 5756 2167 5807 Η.
