4032 6500
343 465 449 522 417

1766 457 2204 517 THESAURUS.

3529 461 3636 516 H8

349 581 610 643 σπάστως
640 575 1023 650 προσεδρεύειν
1057 573 1196 645 Θεῷ,
1216 573 1370 634 ὅλους
1402 588 1455 624 τε
1477 571 1533 636 ἐξ
1560 571 1696 623 ὅλων
1722 570 1939 624 ἀνακεῖ-

2045 572 2196 628 vulse
2224 574 2334 628 Deo
2376 573 2836 640 adbzerescerent,
2868 581 3122 644 totosque
3174 587 3232 627 se
3267 569 3434 630 cuitui
3469 574 3638 647 ipsius

351 675 477 726 σθαι
509 673 574 742 τῇ
609 671 688 733 είς
718 668 882 720 αὐτὸν
908 667 1158 737 λατρεία,
1195 665 1289 718 καὶ
1318 663 1582 717 πλουσίαν
1605 662 1698 715 ἐπὶ
1728 661 1940 724 τούτοις

348 762 655 818 ἀποδώσειν
713 757 1189 828 ἐπαγγελλομένου
1234 754 1399 825 τιμὴν
1445 756 1555 816 τοῖς
1610 752 1939 813 φυλάττουσι

347 855 450 926 τὴν
501 852 721 921 ἐντολὴν
753 889 768 914 ,
825 847 1132 919 προσῆλθον
1177 846 1464 914 λέγοντες⁸
1519 864 1536 897 t
1583 844 1714 897 Ἰδοὺ
1777 845 1941 914 ἡμεῖς

348 947 646 1015 ἀφήκαμεν
690 941 889 1002 πάντα,
936 939 1032 992 καὶ
1080 937 1532 1008 ἠκολουθήσαμέν
1579 952 1682 998 σοι,
1737 934 1791 988 τί
1834 935 1942 1006 ἄρα

349 1037 692 1105 εσταιήμῖν;
731 1053 747 1083 ι
786 1032 928 1102 Πρὸς
974 1030 1175 1100 ταύτην
1211 1028 1390 1081 αὐτῶν
1433 1028 1531 1097 τὴν
1568 1027 1764 1080 πεῦσιν
1807 1028 1940 1080 ἀπο·

351 1127 599 1198 κρίνεται
651 1123 918 1195 Χριστός”
951 1140 969 1172 ι
1012 1122 1200 1191 Ὑμεῖς
1249 1122 1297 1172 οἱ
1349 1118 1819 1188 ἀκολουθήσαντές
1850 1128 1940 1187 μοι.

351 1222 412 1271 ὲν
440 1220 503 1288 τῇ
532 1215 943 1285 παλιγγενεσία,
961 1215 1090 1268 ὅταν
1117 1213 1315 1284 καθίσῃ
1339 1214 1367 1264 ὁ
1385 1212 1509 1274 Υἱὸς
1533 1210 1629 1264 τοῦ
1647 1209 1939 1280 ἀνθρώπου

353 1311 449 1365 ἐπὶ
487 1310 680 1380 θρόνου
709 1306 868 1377 δόξης
932 1304 1122 1367 αὐτοῦ,
1180 1303 1474 1357 καθίσεσθε
1506 1302 1602 1357 καὶ
1649 1303 1808 1373 ὑμεῖς
1848 1302 1941 1354 ἐπι

351 1402 562 1455 δώδεκα
613 1400 861 1470 θρόνους,
917 1397 1195 1470 κρίνοντες
1226 1395 1327 1459 τὰς
1368 1395 1576 1447 δώδεκα
1628 1393 1802 1463 φυλὰς
1846 1390 1938 1445 τοῦ

365 1490 605 1561 Ἰσραήλ.
635 1469 659 1531 id
681 1488 897 1558 Ταύτην
928 1469 976 1540 oi
1008 1469 1296 1540 Ζεὸεδαίου
1328 1485 1517 1547 παῖδες
1554 1484 1653 1554 τὴν
1702 1485 1942 1549 ἐπαγγε-

351 1579 474 1634 λίαν
504 1578 837 1640 ἀκούσαντες
875 1573 1038 1647 ἦλθον
1071 1577 1149 1639 εἰς
1198 1575 1494 1644 ἐπιθυμίαν
1533 1575 1593 1627 οὐ
1627 1574 1941 1644 πρέπουσαν

351 1671 558 1732 αὐτοῖς.
594 1668 668 1721 Τὸ
703 1667 812 1738 γὰρ
840 1668 974 1719 πᾶσι
1018 1649 1134 1726 τοῖς
1168 1663 1439 1734 μαθηταῖς
1469 1661 1731 1734 προτεθὲν
1765 1661 1839 1724 ὠς
1883 1662 1940 1712 ἐν

351 1759 558 1831 ἀμοιθῇ
610 1759 709 1828 τῆς
759 1774 897 1828 προς
945 1755 1038 1808 τὸν
1097 1755 1330 1824 Χριστὸν
1380 1754 1613 1816 εὐνοίας,
1676 1752 1942 1829 ἁρπάζειν

352 1852 546 1924 ἤθελον
584 1850 768 1921 μόνοι·
803 1847 943 1902 αίδοῖ
971 1848 1027 1900 δὲ
1055 1846 1149 1900 τοῦ
1182 1847 1256 1917 μὴ
1283 1846 1456 1899 δοκεῖν
1487 1844 1753 1914 ἐπιθυμίᾳ
1784 1841 1941 1911 δόξης

351 1941 623 2015 ἡττῆσθαι
681 1940 867 2009 κενῆς.
924 1938 1080 1991 αὐτοὶ
1117 1938 1215 2004 μὲν
1260 1936 1506 1990 σιωπῶσι
1538 1939 1599 1988 τὸ
1648 1935 1788 1988 κατὰ
1814 1932 1938 1987 νοῦν
1967 1932 2011 1986 Β

349 2036 452 2088 οὐκ
510 2033 881 2102 ἐκφαίνοντες,
931 2030 1201 2083 διακονεῖν
1249 2029 1306 2082 δὲ
1345 2029 1527 2092 αὐτοῖς
1566 2038 1665 2098 την
1729 2025 1940 2096 μητέρα

351 2125 490 2197 πρὸς
539 2122 700 2177 τοῦτο
751 2121 1260 2194 παρασκευάζουσι.
1292 2121 1403 2173 Καὶ⁵
1451 2119 1516 2189 δὴ
1563 2116 1944 2190 προσελθοῦσά

353 2236 553 2291 φησιν’
589 2237 608 2270 ι
635 2217 773 2270 Εἰπὲ
803 2216 890 2271 ἵνα
922 2217 972 2268 oi
1002 2215 1096 2267 δύο
1145 2214 1250 2266 υἱοί
1283 2230 1384 2284 μου
1420 2212 1721 2265 καθίσωσιν
1757 2203 1838 2273 εἷς
1877 2211 1942 2262 ἐκ

349 2309 543 2377 δεξιῶν
589 2326 719 2372 σου,
765 2307 861 2361 καὶ
899 2299 980 2368 εἷς
1032 2304 1092 2369 ἐξ
1129 2303 1426 2375 εὐωνύμων
1477 2320 1591 2356 σου.
1638 2322 1654 2354 ι
1691 2302 1942 2354 Φαίνεται

349 2405 536 2457 τοίνυν
573 2400 661 2454 διὰ
694 2398 924 2460 τούτων,
972 2396 1032 2450 τὸ
1074 2396 1208 2450 πᾶσι
1246 2395 1715 2466 χρεωστούμενον,
1759 2393 1944 2463 μόνοις

353 2492 676 2566 ἁρπάζονσα
721 2491 833 2550 τοῖς
865 2486 1068 2556 ἑαυτῆς
1112 2486 1299 2539 παισὶν
1337 2486 1372 2555 ἡ
1413 2485 1572 2555 γυνή.
1623 2484 1685 2536 Ei
1720 2482 1828 2554 γάρ
1866 2483 1941 2554 μὴ

351 2585 511 2640 τοῦτό
556 2586 695 2649 ἐστι,
734 2583 885 2634 ποῖον
931 2579 1045 2650 ἔχει
1100 2577 1283 2646 λόγον,
1322 2576 1383 2630 τὸ
1436 2576 1535 2647 ἤδη
1589 2575 1739 2629 δοθὲν
1786 2570 1944 2636 αὐθις

352 2675 693 2749 προσιοῦσαν
747 2674 955 2738 αίτεῖν;
1020 2671 1129 2724 Καὶ
1187 2669 1343 2723 αὐτοὶ
1398 2669 1507 2739 γὰρ
1559 2663 1701 2739 ἦσαν
1735 2669 1792 2720 ἐν
1830 2669 1943 2730 τοῖς

353 2766 678 2830 ἀκούσασιν,
715 2782 732 2814 ι
765 2763 958 2832 Ὑμεῖς
992 2762 1042 2814 οί
1071 2759 1540 2828 ἀκολουθήσαντές
1583 2775 1694 2828 μοι,
1721 2757 1942 2811 καθίσε-

354 2857 449 2910 σθε
481 2858 574 2908 ἐπί
594 2855 802 2907 δώδεκα
837 2851 1081 2924 θρόνους.
1114 2869 1132 2901 ι
1167 2847 1336 2912 Εἰδὼς
1363 2849 1418 2902 δὲ
1439 2850 1466 2902 ό
1499 2843 1689 2919 Σωτὴρ
1716 2849 1789 2911 ὼς
1812 2849 1942 2912 Θεὸς

351 2967 405 3001 τι
435 2949 501 3018 ἦν
531 2949 590 3000 ἐν
619 2945 698 3016 τῷ
730 2943 1029 3014 ἀνθρώπῳ,
1063 2942 1449 3012 προσκαλεῖται
1493 2941 1591 3011 μὲν
1623 2943 1749 3004 τοὺς
1783 2941 1943 2994 Ζεϐε-

351 3042 505 3094 δαίου
543 3039 758 3103 παῖδας,
810 3036 1100 3106 ἀποτόμως
1137 3034 1193 3086 δὲ
1237 3033 1338 3086 οὐκ
1381 3032 1594 3102 ἐλέγχει
1644 3032 1942 3100 φιλάγαθος

352 3133 452 3197 ῶν,
489 3133 576 3184 ἵνα
604 3131 677 3202 μὴ
717 3129 795 3200 τῷ
827 3128 981 3199 βάρει
1023 3127 1120 3196 τῆς
1150 3125 1328 3195 λύπης
1363 3123 1599 3196 βαπτίσῃ
1650 3126 1784 3194 πρὸς
1808 3125 1941 3178 ἀθυ-

355 3225 488 3295 μίαν
509 3241 520 3252 ·
551 3220 792 3282 πιθανῶς
817 3219 873 3271 δέ
906 3235 1092 3287 φησιν,
1131 3217 1244 3269 Οὐκ
1271 3215 1416 3268 ἔστιν
1443 3215 1575 3284 ἐμὸν
1600 3214 1812 3269 δοῦναι*
1849 3218 1943 3268 καὶ

352 3315 413 3367 οὐ
450 3315 514 3385 δή
576 3330 677 3365 που
728 3311 1029 3379 κατηγορεῖ
1058 3309 1155 3376 τῆς
1205 3305 1401 3360 ἑαυτοῦ
1452 3307 1687 3374 φύσεως,
1731 3307 1805 3369 ὡς
1845 3309 1943 3360 οὐκ

353 3402 587 3474 ἐχούσης
623 3400 682 3451 τὸ
722 3396 984 3451 δύνασθαι
1029 3397 1339 3467 παρασχεῖν
1373 3393 1608 3461 (ἄτοπον
1638 3396 1746 3465 γὰρ
1776 3395 1945 3458 ὅντως

354 3495 451 3547 καὶ
475 3493 596 3545 λίαν
620 3489 815 3560 εὐηθες
838 3486 979 3539 οὕτω
1013 3489 1172 3550 νοεῖν,
1193 3485 1351 3555 εἴπερ
1378 3485 1478 3555 ἧδη
1510 3486 1758 3554 φαίνεται
1789 3487 1945 3539 τοῦτο

353 3579 724 3653 παρεσχηκὼς
747 3578 841 3631 καὶ
861 3574 1374 3645 ἐπαγγειλάμενος),
1390 3576 1505 3628 ἀλλ’
1525 3576 1732 3646 ἐπειδὴ,
1757 3566 1940 3648 φησὶν,

353 3673 541 3727 ἄδικον
574 3670 789 3739 αἴτησιν
823 3685 916 3719 και
946 3667 1102 3737 χάριν
1131 3665 1406 3735 τοιαύτην,
1442 3666 1506 3735 ἦν
1531 3667 1629 3720 οὐκ
1664 3669 1785 3737 ἐμοὶ
1811 3669 1941 3737 πρέ-

355 3781 447 3816 πει
481 3763 808 3833 παρασχεῖν,
851 3757 1163 3829 ἐπιζητεῖτε
1190 3757 1396 3821 λαϐεῖν,
1432 3777 1448 3809 ι
1488 3759 1600 3811 Οὐκ
1631 3760 1774 3811 ἔστιν
1812 3761 1943 3829 ἐμὸν

352 3855 558 3908 δοῦναι.
596 3872 614 3903 ι
648 3851 778 3920 Εἰμὶ
811 3850 920 3920 γάρ
960 3849 1167 3911 δίκαιος
1219 3850 1434 3920 κριτὴς,
1483 3850 1579 3901 καὶ
1609 3850 1745 3920 πρὸς
1788 3851 1943 3917 ἀξίαν

352 3948 467 4007 τοῖς
504 3943 738 3996 ἑκάστου
770 3949 954 4004 πόνοις
981 3939 1286 4004 ἀποδιδοὺς,
1318 3940 1393 4003 ὡς
1416 3943 1474 3993 ἐν
1503 3940 1816 4012 ὀφλήματος
1846 3946 1942 3997 τά·

353 4035 438 4100 ξει
476 4032 544 4085 τὰ
583 4031 740 4100 γέρα.
777 4029 897 4080 "Ai"
915 4046 986 4090 ως
1028 4045 1085 4078 τε
1141 4027 1298 4091 δόξαν
1339 4028 1627 4097 ἐνομίσατε
1684 4030 1845 4099 κενὴν
1885 4031 1944 4083 τὸ

353 4123 582 4179 καθίσαι
618 4125 680 4174 ἐκ
722 4119 913 4184 δεξιῶν
949 4136 1048 4188 μου
1098 4117 1193 4170 καὶ
1224 4117 1283 4182 ἐξ
1335 4118 1660 4188 εὐωνύμων·
1704 4120 1817 4172 ἀλλ’
1846 4123 1943 4174 οὐκ

352 4219 504 4270 ἔστιν
552 4215 684 4285 ἐμὸν
729 4212 887 4266 τοῦτο
943 4213 1268 4281 παρασχεῖν.
1318 4211 1374 4263 Ὀ
1420 4211 1527 4283 γὰρ
1559 4208 1824 4266 διδάσκων
1867 4214 1941 4286 μὴ

351 4310 552 4371 νσσεῖν,
589 4306 687 4358 οὐκ
715 4305 781 4359 ἂν
811 4304 970 4367 αὐτὸς
991 4304 1146 4358 νόσον
1180 4303 1388 4373 ἐπιδοίη
1417 4304 1550 4356 τινε·
1584 4304 1772 4375 ὥσπερ
1806 4305 1871 4358 ἂν
1896 4309 1942 4359 εἰ

350 4400 415 4454 τὸ
454 4396 567 4467 πῦρ
606 4397 684 4466 τῷ
713 4395 1125 4465 καταψύχεσθαι
1158 4393 1488 4466 βουλομένῳ,
1537 4397 1630 4449 καὶ
1663 4398 1820 4450 τοῦτο
1855 4401 1941 4451 ai-

351 4492 542 4545 ταῦντι
600 4490 731 4560 παρ’
764 4487 957 4551 αὐτοῦ,
1001 4487 1170 4554 λέγοι,
1202 4487 1316 4540 Οὐκ
1341 4487 1489 4541 ἔστιν
1517 4489 1647 4559 ἐμὸν
1691 4491 1718 4542 ὃ
1761 4491 1942 4561 ζητεῖς

2044 675 2455 732 consecrarent,
2492 681 2614 721 cum
2651 667 2925 744 ingentem
2961 667 3224 722 honorem
3259 666 3638 722 observatori‘

2043 758 2145 812 bus
2173 758 2427 827 ιιι-ποοριὶ
2465 757 2550 812 sui
2599 757 2970 825 polliceretur,
2997 767 3347 813 accesserunt
3381 757 3637 828 discipuli

2042 850 2322 904 dicentes:
2371 867 2388 899 ι
2429 849 2570 904 Ecce
2617 863 2718 904 nos
2760 849 3076 918 reliquimus
3118 849 3325 912 omnia,
3373 856 3430 903 et
3464 850 3636 903 secuti

2042 955 2231 997 sumus
2257 951 2344 998 te:
2379 942 2509 1012 quid
2536 956 2666 1011 ergo
2690 942 2795 995 erit
2830 942 2986 996 nobis
3010 941 3097 994 “‘i
3123 961 3141 992 ι
3169 941 3250 996 Ad
3283 941 3423 994 hanc
3447 953 3636 995 eorum

2045 1034 2527 1103 interrogationem
2557 1032 2855 1099 respondet
2886 1032 3140 1087 Christus
3167 1050 3182 1088 :
3221 1030 3331 1086 Vos
3351 1033 3442 1102 qui
3463 1032 3638 1086 secuti

2043 1128 2177 1182 estis
2208 1142 2315 1190 me,
2342 1124 2506 1197 245
2529 1127 2584 1179 in
2618 1126 2706 1179 illa
2739 1125 3153 1195 regeneratione
3178 1123 3398 1194 quando
3423 1123 3639 1179 sedebit

2043 1215 2219 1271 Filius
2259 1217 2495 1272 hominis
2521 1217 2573 1270 in
2609 1217 2805 1271 throno
2857 1217 3046 1285 gloria:
3105 1230 3239 1280 suae,
3292 1215 3556 1270 sedebitis
3585 1224 3640 1268 et

2042 1322 2139 1362 vos
2185 1323 2350 1378 super
2379 1307 2667 1362 duodecim
2709 1309 2955 1373 thronos,
3001 1306 3312 1375 iudicantes
3345 1307 3636 1362 duodecim

2044 1399 2218 1454 tribus
2240 1398 2410 1454 Israel
2431 1399 2537 1455 ⁸⁷.»
2574 1399 2725 1454 lianc
2749 1397 3168 1468 promissionem
3202 1411 3325 1452 cum
3357 1396 3639 1452 audissent

2045 1491 2139 1544 lilii
2159 1489 2428 1554 Zehedazi,
2463 1491 2764 1561 cupiditate
2796 1490 3056 1559 quadam,
3081 1503 3203 1558 qua“:
3232 1488 3380 1558 ipsos
3403 1504 3510 1543 non
3540 1488 3638 1543 de-

2043 1583 2222 1647 cebat,
2256 1583 2505 1637 succensi
2539 1594 2686 1637 sunt.
2733 1581 2866 1634 Nam
2896 1582 3042 1650 quod
3069 1581 3322 1636 omnibus
3351 1580 3637 1650 discipulis

2044 1671 2208 1726 veluti
2242 1674 2525 1741 praemium
2575 1671 2973 1728 benevolentia:
3009 1685 3135 1738 erga
3191 1669 3468 1724 Christum
3505 1683 3629 1736 pro-

2043 1762 2281 1830 positum
2323 1768 2465 1828 erat,
2497 1761 2597 1817 soli
2631 1763 2927 1832 praeripere
2959 1759 3313 1814 nitebantur:
3347 1760 3506 1815 veriti
3536 1752 3639 1813 an-

2045 1863 2154 1909 tem
2206 1869 2275 1910 ne
2313 1854 2494 1910 inanis
2529 1854 2715 1926 gloria:
2746 1854 3021 1908 desiderio
3048 1852 3264 1907 incitari
3297 1851 3638 1916 viderentur,

2044 1947 2144 2018 ipsi
2175 1948 2394 2018 quidem
2433 1947 2619 2010 silent,
2653 1960 2827 2015 neque
2853 1945 3096 1999 animum
3132 1959 3292 1998 suum
3329 1942 3638 2008 declarant,

2045 2041 2237 2094 matris
2287 2054 2415 2094 vero
2448 2053 2550 2107 ope
2587 2046 2837 2100 utuntur,
2885 2050 3008 2105 qua:
3044 2034 3320 2090 Christum
3353 2047 3635 2105 aggressa,

2044 2132 2156 2185 ait:
2199 2149 2216 2182 ι
2251 2131 2346 2186 Dic
2371 2138 2428 2183 ut
2461 2131 2566 2184 duo
2603 2128 2697 2182 lilii
2730 2128 2832 2182 mei
2871 2128 3121 2192 sedeant,
3159 2140 3299 2180 unus
3345 2141 3374 2178 a
3429 2125 3638 2179 dextris

2047 2222 2172 2283 tuis,
2199 2230 2252 2276 et
2283 2235 2422 2275 unus
2452 2236 2479 2273 a
2511 2218 2752 2274 sinistris
2786 2218 2914 2273 tuis.
2953 2237 2972 2269 ι
3007 2219 3209 2287 Aperte
3233 2230 3364 2284 ergo
3396 2216 3481 2270 his
3510 2231 3636 2269 ver-

2044 2317 2128 2371 bis
2153 2315 2369 2369 videtnr
2399 2313 2616 2378 mulier,
2650 2311 2704 2367 id
2738 2309 2882 2382 quod
2917 2310 3177 2365 omnibus
3220 2309 3470 2373 debetur,
3503 2308 3637 2363 solis

2046 2405 2172 2460 [iliis
2228 2405 2344 2459 suis
2375 2416 2572 2472 capere
2618 2399 2778 2456 velle.
2830 2397 2968 2453 Nam
2999 2404 3045 2453 si
3093 2399 3198 2453 hoc
3233 2412 3343 2451 non
3391 2404 3497 2462 est,
3529 2410 3637 2466 qua

2047 2493 2260 2546 ratione
2299 2492 2350 2546 id
2405 2490 2550 2560 quod
2578 2488 2695 2558 jam
2740 2488 2930 2544 datum
2986 2503 3108 2542 erat
3151 2501 3343 2541 rursus
3372 2486 3640 2540 accedens

2045 2583 2224 2656 petit?
2250 2581 2532 2652 Siquidem
2565 2591 2619 2635 et
2655 2579 2756 2649 ipsi
2787 2587 2944 2634 erant
2975 2577 3028 2632 in
3056 2591 3285 2632 numero
3305 2591 3494 2631 eorum
3544 2576 3638 2630 qui

2047 2671 2336 2726 audierant
2396 2669 2676 2724 Christum
2734 2669 3043 2723 dicentem:
3090 2685 3110 2718 ι
3153 2664 3262 2721 Vos
3321 2666 3412 2735 qui
3464 2665 3636 2720 secuti

2047 2762 2180 2818 estis
2209 2776 2316 2826 me,
2347 2760 2609 2816 sedebitis
2644 2774 2810 2829 super
2851 2758 3140 2814 duodecim
3171 2759 3420 2812 thronos.
3459 2775 3478 2808 ι
3505 2756 3639 2810 Scr-

2047 2864 2201 2908 vator
2229 2867 2380 2914 vero,
2411 2866 2536 2905 cum
2564 2851 2924 2920 perspiceret,
2946 2859 3006 2904 ut
3030 2848 3193 2915 Deus,
3220 2846 3445 2902 humani
3471 2846 3638 2899 animi

2048 2959 2318 3008 recessus,
2353 2944 2492 2998 filios
2522 2943 2766 2997 Zebcdmi
2803 2944 2868 2995 ad
2898 2957 2956 2996 se
2991 2949 3171 3006 vocat,
3209 2939 3513 3008 leniterque
3546 2954 3641 2993 eos

2047 3053 2146 3105 pro
2174 3052 2268 3090 sua
2322 3037 2564 3090 bonitate
2614 3035 2986 3104 reprehendit,
3017 3048 3087 3088 ne
3114 3033 3388 3102 gravitate
3434 3030 3640 3085 doloris

2048 3145 2234 3186 eorum
2291 3128 2461 3182 animi
2519 3135 3010 3180 consternat-eatur
3040 3142 3053 3177 :
3088 3126 3444 3191 modesteque
3481 3121 3637 3184 dicit,

2049 3237 2157 3275 non
2191 3234 2312 3274 esse
2347 3234 2504 3273 suum
2534 3219 2695 3281 dare;
2721 3231 2894 3284 neque
2913 3230 3042 3269 vero
3075 3223 3282 3268 natura:
3311 3229 3422 3268 sua:
3460 3212 3638 3279 impo-

2000 3298 2011 3317 ’
2051 3313 2276 3366 tentiam
2315 3311 2514 3379 arguit,
2548 3308 2703 3378 quasi
2733 3308 2860 3361 illud
2887 3308 3018 3360 dare
3042 3318 3148 3360 nun
3179 3307 3361 3377 posset
3389 3305 3637 3375 (stultum

2048 3402 2193 3455 enim
2239 3410 2404 3467 atque
2439 3399 2738 3453 absurdum
2781 3395 2950 3450 fuerit
2988 3395 3039 3448 id
3076 3394 3338 3463 cogitare,
3373 3409 3496 3448 cum
3525 3393 3636 3462 jam

2047 3493 2305 3548 omnibus
2332 3491 2382 3544 id
2413 3497 2467 3545 et
2501 3490 2715 3544 dedisse
2750 3495 2803 3543 et
2837 3487 3154 3557 promisisse
3203 3488 3510 3555 cernatur),
3544 3488 3639 3540 sed

2047 3584 2302 3653 quoniam
2358 3581 2600 3650 iniquam
2663 3577 3008 3647 petitionem,
3057 3585 3111 3630 et
3145 3577 3344 3630 donum
3376 3576 3518 3644 quod
3553 3591 3639 3629 me

2050 3691 2154 3729 non
2198 3675 2374 3738 decet,
2414 3673 2569 3726 vobis
2607 3670 2790 3742 largiri
2838 3670 3047 3740 petitis,
3085 3668 3282 3737 inquit,
3333 3685 3350 3718 t
3401 3666 3517 3721 Non
3556 3677 3639 3721 est

2049 3780 2226 3819 meum
2253 3765 2403 3818 dare.
2440 3782 2456 3814 ι
2492 3763 2625 3815 Sum
2659 3762 2804 3816 enim
2837 3760 3016 3828 justus
3039 3760 3230 3829 judex,
3257 3770 3311 3813 et
3336 3775 3433 3828 pro
3463 3759 3638 3829 digni-

2051 3868 2160 3912 tate
2191 3855 2618 3925 uninscujusque
2661 3852 2939 3906 laboribus
2979 3851 3199 3921 praemia
3237 3850 3402 3905 veluti
3439 3866 3502 3905 ex
3540 3853 3637 3904 de-

2049 3949 2160 4003 bito
2217 3945 2484 4016 persolvo.
2532 3946 2611 3999 Ad
2660 3945 2774 3999 ham
2823 3945 3041 3998 inanem
3077 3941 3301 4010 gloriam
3348 3957 3467 3998 esse
3511 3957 3637 3997 cen-

2048 4040 2238 4097 suiStis
2271 4040 2462 4093 sedere
2505 4056 2534 4091 ιι
2579 4038 2785 4091 ιίργιτῖε
2820 4040 2954 4090 tur-is
2986 4045 3038 4090 et
3083 4036 3357 4090 sinistris:
3392 4036 3485 4088 sed
3532 4050 3636 4088 non

2047 4142 2128 4189 est
2173 4148 2353 4187 meum
2385 4131 2487 4186 hoc
2516 4131 2665 4184 date.
2694 4129 2828 4183 Nam
2865 4130 2954 4200 qui
2989 4130 3149 4184 docet
3184 4128 3494 4196 fugiendum
3519 4142 3639 4181 esse

2049 4223 2319 4288 morbum,
2351 4236 2462 4276 non
2487 4222 2637 4274 illum
2679 4221 2832 4275 alteri
2855 4219 3567 4284 dederit.Quemadmodum
3593 4223 3636 4272 si

2049 4315 2189 4386 ignis
2223 4315 2272 4369 ei
2303 4314 2393 4383 qui
2427 4313 2741 4383 refrigerari
2783 4314 2949 4381 cupit,
2989 4321 3152 4381 atque
3181 4314 3280 4365 hoc
3309 4312 3374 4364 ab
3402 4311 3516 4379 ipso
3548 4328 3639 4378 pr.—

2048 4406 2131 4470 tit,
2162 4403 2330 4469 dicat,
2355 4401 2472 4457 Non
2510 4413 2592 4457 est
2628 4417 2804 4457 meum
2850 4403 2901 4457 id
2940 4404 3082 4472 quod
3125 4403 3265 4471 petis
3321 4402 3416 4454 tibi
3458 4401 3590 4454 dare
3621 4419 3636 4454 τ

2047 4497 2277 4550 diversa:
2323 4496 2469 4549 enim
2524 4510 2641 4547 sum
2675 4503 2904 4548 naturae.
2947 4495 3078 4547 Cum
3109 4495 3290 4561 itaque
3322 4493 3424 4547 sim
3461 4493 3640 4560 justus

354 4579 635 4636 ἐπιδοῦναί
677 4596 788 4632 σοι·
829 4577 1045 4647 φύσεως
1075 4578 1180 4648 γὰρ
1208 4577 1400 4648 ἐτέρας
1431 4580 1565 4649 εἰμί.
1607 4582 1822 4645 Δίκαιος
1852 4578 1942 4635 οὖν

2050 4587 2367 4642 certaminis
2391 4585 2699 4654 praefectus,
2733 4602 2837 4640 non
2865 4586 2933 4640 iis
2966 4587 3057 4655 qui
3101 4584 3419 4652 simpliciter
3453 4594 3640 4654 petunt

352 4673 616 4742 ὑπάρχων
646 4667 1011 4738 ἀγωνοθέτης,
1030 4668 1090 4735 οὐ
1121 4669 1231 4728 τοῖς
1253 4666 1495 4720 αἰτοῦσιν
1518 4668 1706 4733 ἁπλῶς
1742 4671 1940 4738 ὀφείλω

355 4763 683 4830 παρασχεῖν,
719 4759 838 4811 οὐδέ
879 4759 1089 4821 πάντας
1129 4757 1391 4828 ἀδικήσας
1425 4759 1548 4823 τοὺς
1603 4761 1938 4832 ἀγωνιζομέ-

352 4869 506 4917 νους,
539 4854 618 4914 εἰς
650 4851 743 4904 δύο
780 4850 976 4921 μόνους
1029 4853 1371 4920 συνενεγκεῖν
1420 4852 1519 4915 τὰς
1565 4854 1761 4923 τιμάς·
1807 4857 1942 4910 ἀλλὰ

350 4947 466 5005 τοῖς
495 4945 724 4996 ἐκάστου
770 4939 1189 5010 κατορθώμασιν
1229 4940 1507 5009 ἀναλόγως
1557 4943 1849 4998 ἀποδοῦναι
1876 4947 1945 5001 τὰ

353 5033 506 5104 αὐτῷ
563 5033 1010 5104 χρεωστούμενα.
1046 5033 1301 5086 Ἐκείνων
1340 5030 1434 5088 οῦν
1473 5035 1591 5086 ἐστι
1631 5034 1818 5089 λαϐεῖν
1865 5033 1946 5101 οἷς

351 5125 514 5177 τοῦτο
550 5124 774 5186 δικαιως
801 5123 1164 5195 ηὐτρέπισται
1185 5124 1338 5195 παρὰ
1370 5123 1464 5177 τοῦ
1500 5126 1731 5198 Ματρὸς,
1765 5128 1859 5181 τοῦ
1885 5131 1942 5184 ὲν

354 5217 480 5286 ἐμοὶ
531 5216 625 5268 καὶ
674 5215 741 5267 δι’
778 5213 913 5285 ἐμοῦ
965 5215 1144 5269 πάντα
1192 5214 1583 5286 ἐργαζομένου.
1625 5219 1833 5274 Οίέσθω
1884 5222 1940 5275 δὲ

359 5307 572 5378 μηδεὶς,
590 5305 756 5358 διὰτὸ
785 5305 948 5370 αὐτὸν
977 5305 1335 5376 μὴδύνασθαι
1369 5312 1690 5379 παρασχεῖν,
1716 5310 1815 5381 τὴν
1843 5313 1936 5366 τοῦ

357 5395 570 5468 Πατρὸς
600 5395 920 5465 ἐπωνυμίαν
949 5396 1320 5468 εἰσφέρεσθαι,
1353 5399 1446 5452 καὶ
1476 5401 1607 5471 παρ’
1638 5403 1803 5454 αὐτοῦ
1831 5407 1942 5467 τοῖς

358 5488 533 5556 ἁγίοις
565 5486 923 5558 ηὐτρεπίσθαι
950 5488 1130 5556 λέγειν
1161 5491 1259 5553 τὰς
1284 5496 1468 5560 τιμάς.
1509 5492 1647 5545 Ἀλλ’
1671 5496 1943 5566 οἰκονομι-

355 5579 468 5642 κῶς
493 5597 625 5648 φησι
645 5581 826 5632 τοῦτο’
847 5580 964 5643 ἔθος
996 5582 1103 5652 γὰρ
1122 5584 1268 5654 αὐτῷ
1295 5586 1401 5638 πᾶν
1424 5585 1561 5656 ὅπερ
1583 5585 1647 5639 ἂν
1681 5588 1939 5660 ὑπερέχοι

357 5671 453 5740 τὴν
476 5670 764 5738 ἁνθριῖιπου
798 5671 958 5741 φύσιν
993 5673 1300 5740 ἀναϐαῖνον,
1332 5677 1490 5729 τοῦτο
1519 5675 1830 5732 ἀνατιθέναι
1864 5681 1938 5751 τῷ

430 5847 474 5879 ⁸⁸
515 5846 704 5901 Matth.
750 5861 862 5912 XIX,
893 5848 978 5902 ‘27.
1062 5850 1103 5879 ⁸⁷
1143 5849 1330 5904 Matth.
1365 5867 1475 5917 xix,
1517 5853 1604 5919 ‘27,
1631 5855 1719 5907 '28.

2053 4677 2273 4746 przemia
2331 4675 2582 4730 conferre
2640 4677 2833 4740 debeo,
2885 4690 3062 4744 neque
3103 4691 3293 4730 omnes
3340 4686 3640 4731 certatores

2052 4769 2250 4837 injuria
2285 4768 2546 4833 alliciens,
2576 4769 2788 4824 duobus
2834 4769 2961 4823 solis
3008 4770 3270 4823 honorem
3309 4769 3514 4838 largiri,
3545 4771 3638 4824 sed

2051 4860 2478 4932 uniuscujusque
2521 4862 2707 4915 virtuti
2752 4862 2972 4931 przemia
3012 4862 3364 4931 proportione
3414 4876 3640 4930 respon-

2048 4952 2232 5007 dentia
2263 4951 2525 5006 tribuere.
2560 4951 2776 5006 Illorum
2810 4951 2975 5022 igitur
3011 4963 3093 5006 est
3130 4953 3400 5018 accipere,
3439 4954 3639 5021 quibus

2049 5043 2318 5113 hocjuste
2349 5058 2378 5095 τι
2422 5042 2584 5098 Patre
2641 5054 2918 5098 serratum
2955 5054 3057 5109 est,
3098 5044 3188 5113 qui
3225 5045 3277 5097 in
3329 5058 3414 5098 me
3444 5056 3496 5098 et
3542 5059 3640 5113 per

2051 5151 2136 5190 me
2167 5137 2350 5191 omnia
2394 5146 2673 5206 operatur.
2712 5135 2884 5192 Nemo
2919 5147 3099 5190 autem
3130 5137 3431 5200 existimet,
3481 5137 3636 5205 quasi

2050 5224 2161 5293 ipse
2197 5239 2301 5279 non
2333 5228 2505 5294 possit
2541 5227 2690 5290 dare,
2716 5225 2893 5280 Patris
2910 5227 3327 5296 appellationem
3365 5224 3529 5296 246
3553 5228 3637 5279 in-

2050 5319 2200 5381 ferri,
2250 5327 2410 5387 atque
2463 5318 2530 5371 ab
2581 5317 2697 5386 ipso
2752 5317 2989 5372 honores
3042 5319 3247 5371 sanctis
3308 5328 3640 5386 pratparatns

2047 5410 2174 5464 dici.
2212 5410 2317 5464 Sed
2357 5409 2565 5463 ratione
2597 5410 2994 5463 incarnationis
3027 5410 3127 5464 hoc
3160 5410 3291 5464 dicit
3325 5428 3336 5462 :
3371 5409 3640 5463 fauitiliare

2047 5503 2190 5555 enim
2246 5500 2348 5554 hoc
2382 5503 2427 5555 ei
2467 5511 2570 5563 est,
2611 5513 2668 5555 ut
2706 5518 2825 5571 qua:
2868 5513 3115 5556 naturam
3160 5506 3452 5556 humanam
3482 5517 3640 5555 erce-

2049 5595 2204 5657 dunt,
2241 5592 2387 5647 Patri
2420 5602 2476 5646 ιιι
2507 5592 2617 5646 Deo
2665 5596 2928 5650 astzribat.
2975 5595 3103 5647 Nam
3137 5608 3189 5650 et
3241 5595 3356 5663 ipse
3397 5595 3536 5649 Deus
3571 5605 3636 5647 ex

2047 5699 2143 5738 Sua
2181 5694 2372 5737 natura
2411 5685 2702 5748 cxsistrns,
2738 5693 2790 5736 et
2825 5700 2987 5737 unum
3029 5701 3147 5738 cum
3197 5683 3377 5750 Patre,
3418 5693 3635 5752 potent,
