4006 6460
300 552 430 613 "Gl

1671 550 1761 608 DE
1797 545 2198 609 TRINITATE.

3428 555 3569 611 illi!

294 673 396 728 ΙΝ.
443 674 585 761 Ὅτε
603 673 801 761 οὐδεὶς
832 669 957 761 cide
974 674 1083 761 τρῖ·
1111 674 1245 761 Ιςίὸν
1263 674 1434 761 εἰμὴ
1460 675 1749 761 ἀρετὴς),
1776 675 1864 729 καὶ

1983 672 2076 730 Xl.
2112 675 2265 743 Quod
2298 690 2447 761 nemo
2474 677 2623 761 norit
2662 673 2884 759 Filium,
2914 674 3269 761 _m;§i“Pnter;
3319 693 3571 749 nemoque

471 744 671 821 οὑόςὲς
707 741 832 797 οἶδε
865 745 971 797 τὸν
1002 746 1253 814 Πατέρα,
1287 741 1446 816 εϊμὴ
1475 749 1509 800 d
1548 741 1698 812 Υἱόςῖ

363 876 482 931 Ἵνα
511 880 565 931 δὲ
592 874 853 949 δείξωμεν
881 880 1095 951 Πατρὸς
1119 882 1215 934 καὶ
1238 880 1367 935 Υίοῦ
1393 882 1493 954 τὴν
1522 880 1764 955 ἰσότητα,
1789 885 1875 937 ἐπ’

288 968 463 1037 αὐτὴν
507 967 749 1037 ἔλθωμεν
781 969 881 1041 τὴν
923 970 1018 1023 τοῦ
1054 972 1262 1043 Κυρίου
1290 972 1640 1027 διδασκαλίαν
1664 990 1677 1005 ο
1720 994 1738 1025 ι
1771 974 1877 1028 Οὑ-

284 1058 422 1123 δεὶς,
460 1060 644 1128 φησιν,
675 1053 785 1113 οἶδε
823 1060 916 1114 τὸν
947 1056 1096 1127 Υίὸν,
1127 1064 1176 1115 εί
1209 1062 1284 1133 μὴ
1318 1065 1345 1117 6
1374 1065 1563 1135 Πατήρ
1582 1082 1597 1095 ·
1634 1063 1753 1118 οὐδὲ
1782 1067 1877 1119 τὸν

288 1144 511 1215 Πατέρα
564 1165 647 1211 τις
684 1149 1056 1217 ἐπιγινώσκει,
1105 1152 1154 1203 εί
1201 1152 1278 1223 μὴ
1323 1150 1350 1204 6
1384 1153 1530 1219 Υἱὸς,
1580 1156 1677 1208 καὶ
1718 1151 1764 1223 ᾧ
1807 1156 1875 1210 ἂν

287 1233 549 1307 βούληται
578 1224 765 1302 ὁνΥίὸς
811 1237 1181 1311 ἀποκαλύψαι.
1232 1261 1250 1293 ι
1292 1242 1355 1295 Τί
1389 1242 1595 1298 τούτων
1628 1246 1738 1299 τῶν
1772 1249 1874 1317 ρη-

288 1326 481 1395 μάτων
511 1329 871 1400 σαφέστερονς
906 1329 1046 1401 Ἴση,
1069 1333 1256 1401 φησὶν,
1282 1330 1465 1404 ἠμῖνή
1494 1334 1695 1403 γνῶσίς
1720 1338 1838 1389 ἐστι
1856 1354 1869 1368 ο

282 1415 543 1484 γινώσκω
575 1419 684 1489 γὰρ
710 1420 800 1472 τὸν
834 1418 1075 1489 Πατέρα,
1109 1425 1514 1495 γινωσκόμενος
1548 1426 1639 1478 ὑπ’
1666 1424 1832 1481 αὐτοῦ
1856 1446 1869 1459 ·

282 1508 382 1560 κει)⁵
435 1505 694 1577 γινώσκει
740 1527 808 1580 με
854 1513 882 1563 6
938 1512 1146 1583 Πατὴρ,
1196 1514 1289 1566 καὶ
1335 1515 1734 1585 γινωσκόμενος
1781 1519 1872 1570 ὑπ’

281 1595 443 1668 ἐμοῦ.
498 1600 654 1653 Πᾶσα
696 1600 752 1654 δὲ
786 1603 818 1672 ἡ
867 1604 1044 1669 κτίσις
1092 1604 1191 1674 τῆς
1227 1606 1503 1677 ἡμετέρας
1545 1608 1872 1680 ἐκϐέϐληται

280 1688 557 1757 γνώσεως.
591 1691 713 1756 Πῶς
743 1692 849 1764 γὰρ
881 1691 994 1747 οἷόν
1021 1711 1080 1747 τε
1109 1696 1208 1766 τῆς
1233 1695 1449 1764 φύσεως
1480 1698 1638 1768 ἡμῶν
1668 1698 1728 1751 οὐ
1760 1717 1871 1752 κοι-

279 1781 582 1843 νωνοῦσαν.
646 1785 973 1855 κοινωνῆσαι
1021 1785 1121 1855 τῆς
1175 1786 1462 1854 γνώσεως;
1528 1790 1871 1860 μεταλαγχά-

278 1890 435 1925 νουσι
472 1872 528 1925 δέ
566 1890 710 1936 τινες
752 1875 903 1945 ὅμως
950 1875 1209 1946 βραχείας
1240 1878 1384 1942 τινὸς
1419 1878 1689 1950 θεωρίας·
1735 1883 1870 1936 ἀπο·

278 1962 545 2015 καλύπτω
575 1964 684 2033 γὰρ
716 1964 791 2028 ὡς
820 1958 931 2019 οἷόν
961 1984 1019 2020 τε
1051 1961 1131 2030 οἷς
1159 1967 1226 2021 ἂν
1254 1969 1424 2023 ἐθέλω
1468 1971 1569 2042 τὴν
1617 1974 1745 2044 περὶ
1773 1974 1868 2026 τοῦ

276 2055 493 2128 ῐιατρὸς
552 2056 787 2125 γνῶσιν,
859 2058 935 2122 ὡς
990 2061 1048 2112 ἐν
1102 2060 1357 2132 ἐσόπτρῳ
1410 2064 1503 2115 καὶ
1556 2064 1862 2135 αἰνίγματι.

273 2150 467 2203 Ταῦτα
516 2153 581 2204 ὲκ
629 2152 736 2203 τῶν
767 2152 1115 2207 Δεσποτικῶν
1162 2154 1441 2225 ἐμάθομεν
1482 2156 1862 2227 διδαγμάτων·

274 2244 442 2297 ποίαν
472 2243 708 2297 ἐνταῦθα
758 2244 944 2315 χώραν
994 2245 1104 2315 ἔχει
1141 2245 1203 2297 τὸ
1247 2246 1432 2314 μεῖζον
1475 2249 1570 2301 καὶ
1612 2249 1865 2315 ἔλαττον;

275 2334 438 2387 Ποῖον
477 2334 685 2404 κτίσμα
714 2336 803 2387 τὸν
834 2336 1057 2407 κτίστην
1079 2335 1357 2405 γινώσκει,
1392 2336 1468 2398 ὡς
1497 2338 1601 2391 ὑπὸ
1632 2339 1726 2393 τοῦ
1754 2341 1869 2395 κτί-

274 2442 402 2477 στου
453 2424 817 2492 γινώσκεται;
868 2426 1025 2479 Ποῖον
1077 2426 1134 2479 δὲ
1186 2427 1398 2498 ποίημα
1445 2428 1544 2498 τὴν
1592 2429 1729 2500 πρὸς
1774 2430 1867 2484 τὸν

271 2519 510 2590 ποιητὴν
564 2520 782 2589 ἰσότητα
817 2521 1067 2590 δέχεται;
1113 2524 1183 2574 Ἦ
1216 2523 1317 2575 οὐκ
1354 2524 1511 2593 ίσμεν
1542 2526 1692 2590 ὅπως
1737 2529 1867 2599 περ).

270 2615 373 2682 τῆς
404 2613 635 2674 κτίσεως
665 2614 698 2682 ἡ
729 2612 846 2665 θεία
874 2613 1065 2684 Γραφὴ
1095 2615 1434 2682 διαλέγεται;
1480 2618 1866 2689 ’Δναμνησθῶ-

274 2720 378 2773 μεν
416 2704 597 2755 τοίνυν
654 2704 761 2757 τῶν
815 2704 908 2756 τοῦ
954 2705 1240 2776 Προφήτω
1288 2709 1583 2779 ῥημάτιον-
1648 2730 1667 2762 ι
1727 2713 1862 2766 Κατ’

270 2793 449 2863 ἀρχὰς
478 2795 565 2859 σὺ,
587 2794 890 2867 Κύριε,τὴν
918 2797 1020 2868 γῆν
1054 2798 1443 2869 ἐθεμελίωσας,
1466 2803 1557 2856 καὶ
1590 2802 1728 2875 ἔργα
1753 2805 1863 2862 τῶν

270 2886 475 2954 χειρῶν
516 2885 611 2939 σού
661 2888 798 2941 εἰσιν
847 2889 1085 2959 οὐρανοί.
1128 2891 1295 2944 Αὐτοὶ
1328 2894 1678 2961 ἀπολοῦνται,
1712 2898 1775 2950 σὺ
1805 2899 1864 2953 δὲ

268 2974 583 3043 διαμένεις·
633 2979 727 3030 καὶ
766 2976 967 3040 πάντες
999 2979 1075 3041 ὡς
1106 2979 1321 3049 ἱμάτιον
1357 2985 1862 3057 παλαιωθήσονται,

269 3064 368 3116 καὶ
413 3064 544 3117 ὡσεὶ
586 3065 932 3136 περιϐόλαιον
984 3068 1180 3135 ἑλίξεις
1224 3070 1443 3136 αὐτοὺς,
1485 3075 1579 3127 καὶ
1624 3077 1864 3151 ἀλλαγή-

271 3170 459 3207 σονται
481 3170 493 3182 ·
538 3156 601 3207 σὺ
640 3155 696 3208 δὲ
733 3158 897 3222 αὐτὸς
927 3153 998 3223 εἴ,
1039 3161 1132 3213 καὶ
1164 3160 1233 3213 τὰ
1268 3162 1364 3233 ἔτη
1414 3182 1508 3218 σου
1553 3168 1653 3221 οὐκ
1684 3172 1863 3224 ἐκλεί-

265 3245 451 3314 ψουσι.
494 3265 512 3297 ι
548 3248 658 3301 Καὶ
688 3249 883 3303 πάλιν·
920 3270 937 3302 ι
986 3251 1042 3305 '0
1082 3252 1253 3305 ποιῶν
1292 3256 1419 3319 τοὺς
1466 3258 1732 3326 ἀγγέλους
1761 3264 1861 3316 αὺ-

2382 744 2599 800 Patrem
2630 748 2791 813 novit,
2823 748 2925 800 nisi
2960 745 3155 801 Filius.

2051 877 2227 947 Atque
2258 887 2314 932 ut
2344 878 2779 936 demonstremus
2808 880 2988 937 Patris
3013 882 3245 953 Filiique
3287 884 3571 953 aequalita-

1982 978 2111 1032 tem,
2132 970 2199 1022 ad
2225 970 2395 1039 ipsam
2410 974 2688 1026 veniamus
2722 973 2933 1028 Domini
2963 974 3290 1030 doctrinam.
3322 992 3341 1027 ι
3374 975 3565 1041 Nemo,

1980 1059 2175 1128 inquit,
2210 1061 2361 1115 novit
2386 1056 2603 1128 Filium,
2628 1064 2729 1119 nisi
2756 1060 2923 1118 Pater
2950 1080 2963 1129 ;
2989 1080 3257 1136 nemoque
3289 1068 3439 1121 novit
3464 1067 3569 1121 Pa-

1980 1161 2137 1215 trem,
2162 1152 2263 1207 nisi
2294 1153 2482 1219 Filius,
2512 1164 2568 1209 et
2597 1156 2684 1209 cui
2715 1157 2947 1212 voluerit
2973 1156 3142 1212 Filius
3168 1158 3408 1214 revelare
3438 1160 3502 1214 ¹⁶.
3544 1180 3562 1210 ι

1976 1242 2115 1310 Quid
2138 1245 2221 1299 his
2244 1247 2426 1301 verbis
2450 1248 2801 1305 evidentius?
2834 1248 2957 1313 Par,
3008 1251 3204 1321 inquit,
3265 1252 3422 1308 nobis
3476 1267 3573 1307 co-

1976 1334 2144 1403 gnitio
2182 1343 2297 1391 est:
2324 1351 2595 1407 cognosco
2617 1339 2761 1393 enim
2792 1340 3007 1395 Patrem
3038 1343 3286 1412 cognitus
3308 1345 3376 1399 ab
3400 1345 3516 1412 ipso
3551 1365 3562 1398 :

1975 1437 2031 1481 et
2058 1428 2336 1497 cognoscit
2362 1444 2448 1484 me
2477 1429 2639 1485 Pater
2666 1447 2695 1485 a
2728 1446 2815 1487 me
2844 1434 3083 1487 vicissim
3119 1435 3391 1505 cognitus.
3433 1434 3567 1491 Uni--

1976 1533 2133 1574 versa
2157 1530 2340 1575 autem
2374 1533 2627 1578 creatura
2665 1526 2974 1594 cognitione
3007 1538 3193 1583 nostra
3239 1529 3566 1585 excluditur.

1974 1607 2109 1663 Nam
2130 1611 2221 1679 qui
2248 1609 2365 1667 ﬁeri
2394 1625 2583 1682 posset
2611 1625 2670 1670 ut
2700 1626 2896 1672 natura
2919 1634 3023 1674 non
3045 1619 3319 1689 particeps
3342 1632 3567 1685 nostrae,

1973 1700 2342 1768 cognitionem
2375 1705 2773 1776 participaret?
2801 1706 3141 1780 Participant
3190 1722 3371 1769 autem
3431 1730 3570 1769 non-

1974 1790 2105 1843 nulli
2134 1807 2321 1860 parum
2352 1794 2482 1863 quid
2524 1799 3001 1869 contemplationis
3036 1815 3048 1853 :
3083 1817 3184 1873 ego
3227 1804 3371 1859 enim
3414 1822 3567 1861 reve-

1972 1880 2043 1947 lo,
2072 1885 2249 1951 quoad
2302 1884 2452 1950 licet,
2490 1888 2687 1956 quibus
2736 1891 2869 1945 mihi
2924 1892 3135 1947 libitum
3185 1893 3349 1950 fuerit
3386 1896 3569 1952 Patris

1974 1972 2247 2039 n0titiam,
2283 1985 2539 2048 tanquam
2563 1980 2615 2033 in
2653 1982 2875 2051 speculo
2896 1992 2951 2037 et
3004 1986 3313 2055 aenigmate.
3375 1988 3501 2044 lla:c
3534 2008 3565 2043 ει

1974 2065 2269 2121 Dominicis
2314 2068 2578 2124 doctrinis
2623 2072 2934 2128 didicimus.
2978 2076 3279 2142 Quemnam
3348 2081 3436 2135 hic
3487 2083 3567 2135 lo-

1972 2170 2095 2210 cum
2136 2158 2355 2225 habent,
2411 2162 2585 2230 majus
2640 2174 2695 2219 et
2746 2167 2959 2221 minus?
3016 2184 3264 2238 quaenam
3312 2183 3565 2227 creatura

1970 2245 2286 2303 Creatorem
2310 2254 2612 2321 cognoscit,
2646 2254 2806 2310 sicuti
2828 2257 2941 2326 ipsa
2989 2273 3017 2311 a
3063 2258 3326 2316 Creatore
3357 2278 3564 2331 cogno-

1970 2338 2179 2393 scitur?
2206 2342 2465 2407 Quaenam
2508 2359 2597 2400 res
2637 2347 2775 2403 facta
2807 2351 3172 2420 aequalitatem
3203 2369 3325 2409 cum
3356 2355 3567 2411 factore

1972 2432 2196 2485 tuetur?
2225 2432 2305 2486 An
2347 2435 2659 2505 ignoramus
2717 2442 2990 2508 quomodo
3054 2444 3121 2497 de
3166 2448 3366 2501 creatis
3401 2449 3566 2503 rebus

1970 2522 2148 2577 divina
2181 2523 2460 2595 Scriptura
2492 2527 2780 2597 loquatur?
2810 2530 2863 2585 In
2894 2545 3129 2589 mentem
3158 2536 3345 2606 itaque
3406 2556 3563 2595 reve-

1968 2627 2155 2670 cemus
2185 2621 2349 2671 verba
2386 2616 2711 2687 Prophetas:
2760 2641 2779 2674 ι
2814 2621 2973 2679 Initio
3012 2636 3087 2691 tu,
3153 2627 3401 2694 Domine,
3455 2642 3565 2687 ter-

1970 2720 2085 2759 ram
2119 2707 2377 2775 fundasti,
2410 2720 2465 2766 et
2500 2728 2666 2782 opera
2698 2732 2953 2771 manuum
2989 2728 3205 2773 tuarmn
3237 2736 3361 2777 sunt
3390 2726 3511 2779 εαξη
3544 2744 3561 2780 :

1968 2798 2070 2869 ipsi
2102 2801 2375 2869 peribunt,
2415 2812 2468 2856 tu
2509 2816 2691 2860 autem
2720 2822 3008 2876 permaues
3041 2828 3054 2862 :
3106 2823 3158 2867 et
3182 2829 3377 2871 omnes
3417 2817 3562 2873 sit-ut

1966 2891 2351 2948 vestimentum
2384 2905 2743 2965 veterascent,
2766 2909 2822 2955 et
2854 2902 2998 2957 sicut
3024 2909 3357 2971 Opertorium
3383 2910 3563 2964 inver-

1967 2991 2051 3038 tes
2070 2998 2184 3049 eos,
2208 2995 2262 3040 et
2297 2986 2733 3045 immutabuntur
2769 3009 2783 3046 :
2836 3004 2889 3048 tu
2922 3011 3053 3050 vero
3079 2998 3223 3052 idem
3252 3001 3368 3070 ipse
3398 3018 3480 3067 es,
3505 3014 3563 3058 et

1967 3076 2093 3130 anni
2122 3078 2196 3130 tui
2226 3092 2334 3132 non
2366 3080 2619 3136 deﬁcient
2648 3084 2711 3138 ¹⁷.
2746 3102 2766 3136 ι
2820 3086 2886 3139 Et
2940 3103 3129 3145 rursus
3161 3108 3175 3143 :
3212 3112 3229 3143 ι
3274 3093 3372 3159 Qui
3423 3096 3564 3151 facis

1966 3167 2187 3237 angelos
2219 3178 2338 3224 tuos
2378 3170 2626 3240 spiritus,
2680 3184 2735 3229 et
2791 3177 3079 3234 ministros
3131 3191 3254 3238 tuos
3281 3184 3559 3242 ﬂammant

1966 3259 2106 3329 ignis
2137 3259 2200 3314 ³⁸.
2248 3279 2266 3313 ι
2299 3260 2424 3316 Haec
2448 3277 2531 3318 est
2552 3277 2824 3321 creatura:
2850 3284 2881 3323 a
2923 3268 3187 3329 Creatore
3244 3276 3557 3337 diversitas.

265 3333 364 3387 τοῦ
418 3334 725 3405 πνεύματα,
770 3338 863 3391 καὶ
900 3340 1026 3403 τοὺς
1072 3339 1423 3412 λειτουργοὺς
1475 3348 1641 3400 αὑτοῦ
1689 3352 1860 3420 πυρὸς

1974 3350 2069 3406 Ubi
2094 3367 2224 3422 ergo
2255 3354 2555 3421 aqualitas,
2593 3356 2662 3411 ibi
2696 3375 2799 3413 non
2823 3370 2910 3414 est
2942 3375 3193 3420 creatura
3221 3376 3275 3421 et
3305 3367 3558 3436 Creator,

267 3426 470 3494 φλόγα.
514 3445 532 3479 ι
570 3428 717 3500 Αὕτη
752 3429 982 3495 κτίσεως
1016 3434 1111 3485 καὶ
1154 3433 1375 3488 κτίστου
1404 3436 1657 3510 διαφορά.
1696 3442 1863 3497 Ἔνθα

264 3516 450 3568 τοίνυν
490 3517 692 3586 ἰσότης,
730 3518 913 3573 οὐκέτι
944 3521 1149 3592 κτίσμα
1183 3524 1279 3576 καὶ
1304 3526 1549 3597 κτίστης,
1582 3531 1718 3585 ἀλλὰ
1749 3533 1863 3587 [ια-

262 3607 369 3678 τὴρ
418 3609 511 3660 καί¹
564 3608 725 3672 Υίός·
765 3609 845 3663 διὸ
874 3612 969 3665 καὶ
1000 3612 1177 3667 ταῦτα
1218 3615 1430 3671 τέθεικε
1476 3619 1548 3674 τά
1594 3622 1858 3694 ὀνόματα,

265 3696 354 3748 ἵνα
386 3698 452 3749 ἐκ
482 3696 590 3749 τῶν
619 3699 898 3767 ὀνομάτων
927 3701 1190 3773 μάθωμεν
1219 3705 1318 3775 τὴν
1350 3709 1677 3780 ταυτότητα.
1711 3731 1728 3763 ι
1759 3714 1860 3767 Oti-

259 3789 375 3852 ὂεὶς
415 3789 543 3859 γὰρ,
573 3792 727 3860 φησι,
770 3791 1027 3860 γινώσκει
1074 3795 1167 3848 τὸν
1213 3797 1340 3851 Υἰὸν
1373 3802 1421 3852 εί
1465 3801 1540 3872 μὴ
1582 3805 1611 3856 6
1643 3806 1855 3879 Πατὴρ,

258 3883 384 3935 οὐδὲ
414 3883 505 3935 τὸν
538 3883 754 3955 Πατέρα
782 3902 867 3949 τις
892 3887 1247 3956 ἐπιγινώσκει
1285 3893 1333 3944 εί
1369 3891 1444 3963 μὴ
1472 3895 1502 3946 6
1537 3895 1682 3959 Υἱός.
1718 3917 1737 3949 ι
1766 3899 1856 3971 Τῷ

259 3976 438 4027 εἰπεῖν
474 3994 492 4027 ι
529 3975 722 4041 οὐδεὶς,
762 3996 781 4028 ι
816 3976 914 4049 τὴν
954 3980 1132 4033 κτίσιν
1170 3982 1472 4053 ἐδήλωσεν·
1506 3987 1852 4064 ἐκϐαλομένη

255 4069 318 4121 δὲ
354 4071 387 4139 ἡ
440 4069 639 4134 κτίσις,
686 4069 929 4124 δείκνυσι
974 4072 1066 4126 τὸν
1098 4074 1331 4143 μένοντα
1382 4077 1489 4130 τῶν
1537 4082 1855 4152 κτισμάτων

259 4162 587 4232 ὑπέρτερον,
618 4161 695 4232 τῷ
728 4162 785 4214 δὲ
813 4166 1136 4234 γεννήσαντι
1173 4168 1421 4236 φυσικῶς
1464 4176 1811 4243 συνημμένον
1833 4195 1850 4213 ο

1971 3444 2065 3498 sed
2103 3442 2266 3498 Pater
2294 3460 2358 3498 ac
2375 3444 2581 3500 Filius:
2614 3461 2785 3515 quare
2808 3458 2863 3502 et
2889 3451 3003 3505 haec
3025 3457 3206 3522 posuit
3229 3459 3472 3524 nomina,
3504 3475 3563 3515 ιιι

1968 3548 2036 3587 ex
2067 3534 2151 3588 his
2169 3533 2394 3605 689m
2428 3537 2561 3605 ipsis
2596 3541 2858 3593 unitatem
2893 3542 3216 3598 substantia:
3254 3548 3557 3606 discamus.

1973 3642 1991 3674 ι
2031 3624 2200 3680 Nemo
2223 3628 2393 3692 enim,
2417 3627 2782 3697 inquit,novit
2805 3630 3023 3697 Filium,
3054 3634 3159 3689 nisi
3181 3635 3364 3702 Pater,
3388 3655 3563 3709 neque

1966 3714 2184 3770 Patrem
2203 3718 2329 3786 quis
2364 3720 2535 3787 novit,
2565 3721 2667 3775 nisi
2703 3720 2892 3778 Filius.
2919 3741 2938 3775 ι
2967 3722 3245 3783 Vocabula
3292 3748 3310 3780 ι
3348 3747 3506 3788 netno
3537 3752 3556 3785 ι

1966 3819 2275 3864 creaturam
2296 3810 2542 3866 denotat.
2568 3811 2801 3867 Exclusa
2833 3824 3015 3869 autem
3050 3830 3300 3873 creatura
3336 3821 3561 3878 dentouo

1964 3909 2102 3957 strat
2142 3916 2466 3971 permanere
2492 3920 2617 3958 eum
2648 3906 2739 3974 qui
2767 3906 3036 3963 creaturis
3066 3913 3314 3979 superior
3332 3924 3438 3978 est,
3465 3930 3561 3985 ge-

1965 3997 2127 4051 nitori
2170 3996 2839 4067 naturalitercopulatum.
2875 4019 2894 4051 ι
2937 3998 3110 4056 Nemo
3159 4004 3309 4058 novit
3336 4004 3556 4071 Filium,

1964 4088 2067 4145 nisi
2102 4089 2286 4155 Pater,
2313 4106 2489 4160 neque
2528 4091 2747 4146 Patrem
2774 4094 2899 4162 quis
2932 4095 3105 4161 novit,
3136 4096 3242 4152 nisi
3269 4096 3461 4167 Filius,
3501 4113 3559 4159 et

1961 4181 2049 4237 cui
2084 4182 2313 4237 voluerit
2343 4180 2515 4237 Filius
2539 4182 2801 4238 revelare.
2838 4205 2857 4237 ι

262 4273 284 4305 ι
334 4255 528 4318 Οὐδεὶς
557 4253 814 4322 γινώσκει
843 4256 933 4310 τὸν
970 4258 1097 4312 Υίὸν
1132 4261 1181 4313 εί
1217 4264 1292 4330 μὴ
1347 4264 1375 4314 6
1422 4264 1635 4336 Πατὴρ,
1664 4268 1784 4324 οὐδὲ
1822 4274 1913 4331 τὸν
1962 4277 2182 4349 Πατέρα
2228 4294 2314 4340 τις
2367 4274 2744 4343 ἐπιγινώσκει,
2774 4278 2823 4330 εί
2879 4276 2956 4349 μὴ
2983 4280 3011 4332 6
3043 4280 3191 4348 Υἱὸς,
3246 4285 3342 4337 καὶ
3394 4276 3440 4354 ᾧ
3489 4286 3558 4340 ἂν

258 4347 516 4417 βούληται
543 4349 572 4400 6
606 4348 728 4413 Υἱὸς
765 4351 1135 4423 ἀποκαλύψαι.
1174 4373 1192 4405 ι

330 4442 658 4495 Είπάτωσαν
691 4444 741 4495 οι
768 4446 868 4514 τῆς
911 4446 1174 4516 ἀληθείας
1207 4449 1417 4520 ἐχθροὶ,
1454 4454 1571 4517 πῶς
1612 4456 1716 4529 χρὴ
1752 4460 1850 4532 τὴν

256 4532 409 4585 θείαν
440 4531 836 4601 ἀναγινώσκειν
869 4536 1119 4608 Γραφὴν,
1154 4540 1231 4609 τῷ
1259 4544 1545 4613 γράμματι
1576 4531 1847 4619 στέργειν,

2026 4440 2221 4496 Dicant
2255 4438 2501 4495 veritatis
2532 4440 2738 4503 hostes,
2785 4440 3055 4510 quomodo
3094 4450 3348 4511 oporteat
3402 4444 3555 4502 Scri-

1954 4542 2169 4603 pturam
2196 4532 2409 4600 legere;
2451 4530 2715 4585 litterzene
2745 4531 3045 4596 adhmrere,
3072 4547 3139 4585 an
3171 4548 3391 4589 sensum
3424 4550 3553 4602 per-

253 4624 288 4691 ἢ
322 4622 421 4694 τὴν
450 4622 658 4676 ἔννοιαν
690 4626 937 4697 ἐρευνᾷν.
981 4627 1099 4681 Κᾶν
1146 4632 1245 4700 μὲν
1273 4628 1366 4686 οὖν
1395 4635 1454 4687 τὸ
1478 4636 1734 4709 δεύτερον
1767 4643 1841 4693 εῖ-

1974 4627 2209 4680 ιοτιιιοιῑ,
2244 4626 2307 4678 Et
2348 4626 2391 4678 si
2422 4625 2523 4678 hoc
2558 4624 2788 4678 alterunt
2822 4625 3079 4691 dixerint,
3111 4628 3324 4681 discant
3356 4630 3439 4683 vel
3483 4646 3550 4685 ex

252 4731 425 4776 πωσι,
461 4715 780 4785 μαθέτωσαν
808 4719 901 4787 ἀφ’
934 4712 1008 4772 ὧν
1045 4720 1287 4789 λέγουσι,
1336 4727 1439 4779 κάν
1485 4730 1597 4792 τοῖς
1630 4734 1851 4798 οίκείοις

1974 4718 2113 4772 lictis
2137 4717 2389 4787 propriis,
2424 4718 2478 4771 in
2538 4717 2651 4772 suis
2691 4734 2909 4788 quoque
2967 4721 3434 4789 propositionibus
3498 4725 3551 4777 id

253 4804 609 4876 προὸλήμασι
654 4806 814 4860 τοῦτο
853 4813 1048 4876 ποιεῖν,
1084 4815 1179 4866 καὶ
1219 4815 1318 4885 τὴν
1349 4816 1526 4889 ἀληθῆ
1556 4822 1665 4874 τῶν
1702 4841 1848 4895 πρα-

1974 4824 2134 4877 igere,
2166 4818 2220 4863 et
2247 4824 2427 4862 veram
2454 4824 2633 4863 rerum
2660 4811 2951 4879 exquirere
2981 4811 3417 4882 intelligentiam.
3451 4817 3546 4870 Sin

251 4896 483 4964 γμάτων
532 4898 718 4969 ζητεῖν
768 4900 1096 4972 ἑρμηνείαν·
1145 4906 1195 4958 εί
1229 4906 1285 4958 δὲ
1333 4911 1492 4976 φαῖεν
1544 4914 1739 4982 ἀρκεῖν
1788 4918 1850 4970 τὸ

1974 4902 2134 4955 lieant
2162 4900 2413 4955 suilicere
2441 4902 2548 4953 vim
2578 4901 2773 4956 litterze
2809 4902 2874 4955 ad
2906 4913 3215 4957 accuratam
3246 4907 3319 4959 rei
3372 4909 3549 4961 decla-

250 4989 489 5059 γράμμα
523 4990 659 5059 πρὸς
693 4992 899 5063 ἀκριὸἧ
930 4993 1303 5063 διδασκαλίαν,
1328 5000 1391 5051 ἐκ
1418 5000 1525 5053 τῶν
1548 5008 1848 5074 προκειμέ-

1974 4994 2247 5059 ἐιιίοιιειιι,
2282 5010 2345 5048 ex
2386 4995 2679 5063 propositis
2738 4994 2919 5049 verbis
2965 4999 3283 5051 eornmdem
3324 5012 3547 5053 sensum

250 5099 359 5133 νων
391 5081 492 5152 τὴν
515 5083 723 5137 ἔννοιαν
754 5084 937 5138 αὐτῶν
967 5086 1361 5159 διελέγξωμαι·
1398 5094 1711 5162 εὑρίσκεται
1739 5098 1847 5169 γὰρ

1974 5100 2196 5153 ιτευιιηι.
2248 5083 2591 5154 Comperitur
2648 5084 2791 5139 enim
2863 5084 3277 5155 inintelligibilis
3339 5086 3548 5151 Filius,

248 5174 542 5241 ἀνέφικτος
588 5175 688 5244 μὲν
725 5178 754 5228 6
792 5176 941 5243 Υἱὸς,
985 5180 1013 5231 6
1062 5180 1117 5232 δὲ
1154 5182 1343 5254 Πατὴρ
1380 5185 1637 5253 ὲφικτός·
1688 5191 1783 5243 καὶ
1814 5192 1842 5242 ὁ

1974 5177 2114 5231 ’ater
2164 5187 2345 5231 autem
2405 5176 2810 5247 intelligibilis:
2855 5185 2908 5231 et
2967 5176 3059 5231 ille
3126 5177 3344 5246 quidem
3397 5179 3546 5233 inco-

252 5266 352 5334 μὲν
382 5268 763 5339 ἀπερινόητος,
791 5272 819 5322 6
851 5271 905 5323 δὲ
950 5273 1140 5343 Πατὴρ
1171 5273 1361 5339 θεατάς
1385 5292 1400 5308 ·
1432 5280 1559 5347 περὶ
1597 5279 1694 5348 μὲν
1733 5284 1842 5353 γὰρ

1974 5271 2220 5338 τίιιὼίίίε,
2263 5273 2424 5327 Pater
2474 5283 2654 5327 autem
2686 5274 2934 5327 visibilis.
2994 5272 3128 5327 Nam
3166 5290 3286 5328 cum
3340 5274 3407 5329 de
3455 5291 3543 5330 se-

248 5358 445 5409 ὲαυτοῦ
479 5360 506 5410 ὀ
540 5360 822 5431 Δεσπότης
854 5364 1091 5432 Χριστὸς
1134 5367 1323 5431 εἰπὼν,
1364 5369 1445 5421 ὅτι
1477 5390 1493 5421 ι
1544 5371 1731 5436 Οὐδεὶς
1759 5392 1841 5442 γι-

1974 5379 2069 5430 pso
2139 5365 2397 5417 Dominus
2452 5365 2703 5419 Christus
2764 5365 3034 5432 dixisset,
3101 5385 3119 5416 ι
3170 5365 3339 5419 Nemo
3394 5370 3543 5421 novit

247 5448 448 5501 νώσκει
476 5449 565 5502 τὸν
604 5451 748 5516 Υίὺν,
782 5456 829 5505 εί
861 5456 935 5524 μὴ
968 5456 996 5506 6
1031 5456 1240 5527 Πατὴρ,
1275 5478 1293 5508 ι
1320 5460 1420 5512 οὐκ
1453 5463 1722 5531 ἐπήγαγε,
1747 5469 1840 5519 καὶ

1974 5455 2171 5518 ῖίΙὶιιιιι,
2202 5457 2301 5509 nisi
2331 5457 2511 5519 Pater,
2546 5475 2563 5506 ι
2598 5474 2699 5509 non
2732 5458 2957 5522 addidit,
2988 5468 3043 5511 et
3074 5458 3161 5512 cui
3187 5459 3415 5513 voluerit
3439 5460 3539 5514 Pa-

245 5534 290 5607 ᾧ
341 5542 410 5593 ἂν
464 5541 722 5613 βούληται
766 5546 794 5597 6
838 5546 1027 5617 Πατὴρ
1075 5548 1720 5624 ἀποκαλύψαι·εἰρηκὼς
1758 5557 1835 5622 δὲ,

1974 5562 2033 5599 er
2062 5546 2322 5599 revelare.
2360 5546 2493 5599 Cum
2553 5562 2681 5602 vero
2737 5547 2986 5614 dixisset,
3044 5568 3060 5599 ι
3104 5565 3279 5618 neque
3322 5548 3537 5603 Patrem

252 5650 270 5681 ι
316 5632 451 5683 Οὐδὲ
482 5633 572 5708 τὴν
613 5635 834 5705 Πατέρα
865 5656 947 5701 τις
980 5640 1359 5707 ἐπιγινώσκει,
1389 5646 1435 5697 εί
1474 5647 1548 5716 μὴ
1574 5648 1602 5698 6
1636 5648 1779 5711 Υἱὸς,
1814 5668 1831 5698 ι

1974 5638 2067 5705 luis
2098 5640 2247 5691 novit
2282 5640 2381 5693 nisi
2412 5637 2600 5701 Filius,
2644 5658 2661 5690 ι
2690 5642 2875 5694 statim
2906 5642 3164 5706 subdidit,
3204 5661 3221 5693 ι
3261 5652 3312 5695 et
3332 5645 3416 5696 cui
3448 5659 3534 5695 rn-

248 5720 423 5784 Εὑθὺς
451 5698 781 5795 προσέθηκε,
817 5747 835 5778 ι
872 5698 980 5783 καὶ
1013 5724 1056 5799 ᾧ
1087 5698 1151 5785 ἀν
1180 5698 1435 5805 βούληται
1538 5698 1672 5801 ⁸Υἱὸς
1702 5698 1836 5791 ἀπο-

1974 5731 2103 5784 neril
2150 5730 2317 5784 Filius
2374 5731 2635 5785 revelare.
2667 5750 2685 5781 ι
2738 5729 2925 5799 Neque
2987 5733 3160 5786 solum
3219 5733 3536 5787 noscibilem

248 5810 524 5879 καλύψαι·
589 5833 608 5866 ι
657 5814 751 5867 καὶ
784 5817 842 5867 οὐ
882 5818 1043 5884 μόνον
1078 5821 1239 5873 αὑτὸν
1286 5822 1561 5893 θεωρητὸν
1606 5825 1835 5893 πεποίη-

1974 5825 2071 5878 ecit
2098 5822 2311 5879 Patrem
2332 5865 2346 5891 ,
2380 5823 2472 5880 sed
2503 5824 2644 5879 hanc
2674 5839 2701 5878 a
2725 5838 2823 5880 sua
2870 5832 3140 5895 potestate
3164 5825 3400 5895 pendere
3438 5840 3533 5881 co-

321 5992 365 6025 “
395 5990 588 6048 Matth.
626 6009 699 6058 in,
732 5994 822 6049 27.
904 5996 943 6027 ⁸⁷
981 5997 1121 6053 Psal.
1162 6016 1234 6061 cr,
1270 6000 1456 6055 26-28.
1537 6003 1579 6033 ²⁸
1611 6001 1748 6057 Psal.
1788 6017 1906 6069 riu,
1946 6002 1989 6055 l.

576 6086 849 6148 ΡΑτιιοι.
900 6088 1016 6151 Gn.
1069 6090 1315 6150 LXXV.

3131 6094 3206 6155 37
