4006 6468
532 563 666 617 1165

1579 550 1633 602 S.
1677 546 1951 601 CYRILLI
1992 541 2451 598 ALEXANDRINI
2491 540 2807 596 ARCHIEP.

3633 539 3759 592 ΗΜ

532 678 822 744 ﬁnitionem
861 668 1170 726 declaravit.
1200 667 1369 719 Porro
1420 662 1627 718 etiamsi
1687 661 1877 713 millies
1906 660 2098 712 adver-

2217 673 2317 719 ιεν,
2368 655 2501 707 ἀλλά
2560 655 2650 705 καὶ
2695 654 2794 721 τῆς
2840 650 3049 713 οἰκείας
3096 649 3339 716 ἐξουσίας
3389 650 3491 718 τὴν
3538 648 3761 716 θεωρὶαν

532 784 627 822 sus
660 767 847 820 Filium
882 762 1039 828 impie
1061 772 1241 827 agere,
1274 764 1432 824 prout
1462 752 1654 817 solent,
1688 750 1973 812 voluerint,
1996 763 2092 803 nos

536 860 904 927 blaspliemam
959 853 1280 907 sententiam
1339 848 1406 901 de
1462 846 1567 898 Dco
1624 844 1783 897 Patre
1820 842 2093 909 suscipere

535 966 635 1005 non
654 950 905 1002 feremus.
937 942 1217 998 Credimus
1240 939 1379 993 enim
1406 934 1723 991 invisibilem
1754 945 1807 987 et
1840 934 2093 1001 incogita.

533 1041 689 1097 bilem
722 1052 841 1092 esse
862 1032 1213 1089 universalem
1254 1032 1436 1083 Deum.
1478 1026 1611 1082 Nam
1664 1024 1932 1095 quomodo
2014 1023 2093 1075 in-

533 1126 1028 1199 comprehensibilis
1084 1123 1249 1177 Filius
1297 1123 1365 1173 sit
1403 1122 1517 1188 ejus
1565 1118 1653 1185 qui
1707 1114 2091 1183 comprehendi

534 1220 741 1292 potest?
766 1219 905 1289 Ergo
927 1217 1135 1269 Patrem
1164 1228 1314 1283 atque
1349 1226 1410 1265 ac
1428 1210 1619 1264 Filium
1654 1206 2090 1275 inintelligibilcs,

535 1314 837 1367 inaccessos
881 1301 1553 1375 incomprehensibilesque
1582 1300 1831 1353 dicimus.
1865 1297 2093 1351 Revela—

533 1403 578 1456 ri
601 1411 778 1455 autem
810 1413 837 1451 a
868 1396 1023 1450 Patre
1043 1395 1203 1449 etiam
1228 1392 1346 1445 Filii
1382 1392 1627 1445 notitiam
1646 1390 1917 1443 credimus
1948 1400 2095 1439 men—

535 1494 601 1545 tis
630 1490 836 1543 visuiet
864 1486 982 1539 ﬁdei
1016 1482 1474 1551 contemplationi.
1509 1499 1526 1531 ι
1572 1477 1743 1532 Nemo
1802 1476 1947 1531 novit
2001 1475 2094 1528 Fi-

535 1582 681 1643 lium,
710 1579 811 1632 nisi
842 1576 1022 1637 Pater,
1052 1588 1226 1643 neque
1249 1574 1466 1626 Patrem
1496 1574 1617 1639 quis
1654 1570 1819 1631 novit,
1866 1568 1967 1621 nisi
2009 1565 2098 1619 Fi-

535 1673 654 1723 lius.
688 1688 706 1721 ι
746 1669 810 1722 Ει
851 1668 955 1721 alio
979 1667 1094 1720 loco
1130 1684 1143 1719 ι
1189 1684 1205 1715 i
1238 1664 1388 1718 Sicut
1452 1662 1729 1732 cognoscit
1791 1676 1876 1713 me
1914 1658 2093 1721 Pater,

534 1771 587 1814 et
609 1774 707 1831 ego
749 1772 1012 1827 cognosm
1052 1756 1264 1808 Patrem
1293 1755 1355 1806 ".
1390 1773 1406 1803 ι
1440 1752 1588 1805 llaud
1633 1752 1907 1804 enimvero
1960 1748 2096 1802 alter

536 1851 749 1917 quidem
774 1849 963 1916 magis,
1000 1848 1138 1899 alter
1174 1846 1370 1907 minus.
1402 1844 1496 1898 sed
1520 1842 1784 1912 quomodo
1809 1855 2091 1911 cognosco,

537 1944 605 1995 ita
632 1950 684 1994 et
723 1953 1032 2007 cognoscor.

566 2161 779 2233 690m
812 2157 924 2211 XII.
958 2155 1109 2221 Quod
1129 2170 1225 2223 par
1259 2156 1321 2206 sit
1365 2150 1535 2206 Patris
1570 2162 1613 2205 et
1654 2149 1787 2203 Filii
1807 2149 2060 2219 potentia.

606 2359 838 2422 Quorum
871 2364 998 2419 ergo
1027 2347 1171 2401 notio
1194 2344 1414 2419 aequalis
1445 2352 1547 2407 est,
1580 2343 1769 2395 borum
1815 2339 1979 2391 etiam
2006 2351 2101 2405 po-

542 2446 700 2500 tentia
732 2441 971 2510 aqualis.
997 2438 1423 2504 Quorumautem
1456 2432 1678 2501 teqnalis
1697 2429 1951 2499 potentia,
2009 2428 2102 2480 lio-

539 2552 654 2591 rum
677 2534 881 2589 scilicet
908 2531 1203 2585 substantia
1236 2538 1447 2595 quoque
1481 2538 1586 2576 una
1642 2532 1745 2575 est.
1778 2520 1927 2586 Quod
1977 2532 2105 2572 vero

539 2626 716 2680 Patris
750 2638 812 2677 ac
851 2621 972 2675 Filii
1006 2620 1226 2689 :rqualis
1257 2620 1323 2672 sit
1357 2616 1618 2686 potentia,
1648 2614 1760 2681 ipse
1800 2625 1984 2665 rursus
2010 2624 2108 2663 nos

540 2716 784 2769 Salvator
805 2710 989 2767 docuit
1010 2710 1079 2763 ita
1108 2709 1327 2762 dicens:
1367 2724 1384 2755 ι
1410 2706 1507 2770 Qui
1529 2714 1649 2758 sunt
1669 2718 1732 2756 ex
1750 2701 1938 2756 ovibus
1952 2699 2104 2763 meis,

542 2808 593 2860 bi
629 2819 809 2862 vocem
838 2816 1009 2856 meam
1042 2800 1285 2861 audiunt,
1318 2807 1372 2850 et
1401 2811 1498 2863 ego
1529 2808 1656 2849 oves
1718 2806 1866 2845 meas
1914 2804 2110 2857 cogno-

541 2912 653 2958 sco,
690 2910 807 2963 qua:
829 2907 913 2946 me
943 2899 1261 2957 sequuntur,
1286 2896 1339 2941 et
1375 2885 1535 2938 vitam
1565 2894 1819 2936 aeternam
1874 2895 1971 2949 ego
2007 2880 2110 2933 illis

543 2988 630 3050 do,
661 2994 714 3041 et
744 2986 793 3039 in
822 2991 1079 3037 aeternum
1108 2994 1211 3032 non
1252 2974 1530 3046 peribunt;
1585 2986 1761 3041 neque
1810 2984 1902 3025 eas
1963 2968 2112 3037 quis-

543 3093 701 3147 quam
745 3076 811 3130 de
863 3088 1026 3129 manu
1058 3086 1175 3125 mea
1200 3068 1391 3137 rapiet.
1422 3066 1597 3131 Pater,
1649 3064 1739 3133 qui
1778 3062 1919 3117 dedit
1960 3061 2110 3123 mihi,

545 3170 716 3239 major
761 3166 1008 3221 omnibus
1066 3171 1172 3225 est,
1230 3173 1493 3226 nemoque
1518 3159 1583 3212 de
1609 3172 1765 3210 manu
1790 3154 1963 3207 Patris
2008 3152 2112 3206 mei

547 3274 737 3329 rapere
752 3266 946 3328 potest.
979 3255 1089 3324 Ego
1114 3264 1167 3309 et
1200 3252 1357 3305 Pater
1384 3264 1547 3305 unum
1576 3263 1762 3303 sumus
1787 3248 1851 3301 ’°.
1885 3263 1902 3295 ›
1926 3244 2113 3297 Anim-

2198 748 2508 815 ἐξήρτησεν.
2561 746 2719 796 Ἀλλά
2749 744 2850 797 κᾶν
2884 743 3139 811 μυριάκις
3172 743 3249 804 εἰς
3276 742 3363 793 τὸν
3395 725 3519 793 Ῠίδν
3556 741 3761 792 ἀσεϐεῖν

2197 836 2484 899 ἐθέλωσιν,
2542 830 2621 896 οἷς
2671 833 2826 885 τοῦτο
2873 831 3055 900 φίλον,
3106 833 3262 899 ἡμεῖς
3318 832 3417 881 οὐκ
3468 828 3762 897 ἀνεξόμεθα

2201 926 2514 995 βλάσφημον
2546 926 2751 976 ἔννοιαν
2781 921 3171 985 καταδέξασθαι
3202 922 3329 989 περὶ
3359 919 3496 972 Θεοῦ
3530 920 3623 971 καὶ
3657 920 3760 969 Πα-

2198 1017 2321 1087 τρός
2349 1033 2358 1042 ·
2392 1014 2716 1083 πιστεύομεν
2744 1014 2848 1083 γάρ
2873 1013 3097 1065 ἀθέατον
3128 1012 3219 1063 καὶ
3246 1011 3605 1081 άπερινόητον
3633 1005 3762 1061 εἶναι

2198 1110 2287 1161 τὸν
2317 1107 2422 1159 τῶν
2466 1106 2601 1157 ὅλων
2635 1106 2767 1157 Θεόν
2798 1122 2809 1135 ·
2868 1104 2983 1166 πῶς
3008 1102 3114 1173 γὰρ
3160 1105 3187 1155 6
3224 1102 3610 1171 ἀκατάληπτος
3646 1100 3765 1160 Υἱὸς

2201 1199 2265 1251 ἀν
2304 1198 2385 1265 εἴη
2415 1195 2505 1247 τοῦ
2531 1195 2940 1263 καταληφθῆναι
2965 1194 3301 1263 δυναμένου;
3331 1192 3566 1260 Ὁμοίως
3590 1192 3767 1242 τοίνυν

2200 1288 2414 1356 Πατέρα
2444 1287 2536 1337 καὶ
2564 1286 2690 1337 Υἱὸν
2715 1285 2994 1355 ἀχώρητον
3020 1280 3157 1336 εἷναί
3188 1301 3365 1353 φαμεν
3394 1283 3684 1347 ἀνέφικτον
3711 1298 3767 1333 τε

2201 1378 2293 1429 καὶ
2334 1379 2742 1447 ἀκατάληπτον
2790 1375 3261 1429 ἀποκαλύπτεσθαι
3312 1375 3367 1427 δὲ
3416 1374 3505 1425 διὰ
3559 1373 3770 1440 Πατρὸς

2202 1467 2294 1517 καὶ
2333 1466 2459 1518 Υἱοῦ
2502 1468 2601 1535 τὴν
2652 1466 2851 1532 γνῶσιν
2892 1466 3215 1532 πιστεύομεν
3262 1464 3337 1530 τῶ
3382 1463 3483 1530 τῆς
3531 1462 3770 1522 διανοίας

2200 1554 2405 1623 ὀπτικῷ
2432 1555 2523 1607 καὶ
2540 1557 2604 1625 τῇ
2637 1556 2732 1622 τῆς
2765 1555 2997 1615 πίστεως
3026 1553 3245 1623 θεωρίᾳ·
3278 1552 3491 1611 ιΟὖδεὶς
3510 1550 3771 1617 γινώσκει

2201 1644 2291 1696 τὸν
2319 1643 2466 1706 Υἱον,
2505 1644 2551 1694 εἰ
2583 1644 2656 1712 μὴ
2680 1646 2707 1695 6
2736 1644 2948 1713 Πατήρ*
2982 1641 3100 1693 οὐδὲ
3136 1642 3225 1692 τὸν
3256 1640 3473 1709 Πατέρα
3504 1656 3586 1701 τις
3612 1637 3773 1705 γινώ-

2204 1753 2342 1798 σκει,
2374 1737 2423 1788 εὶ
2460 1736 2533 1806 μὴ
2564 1738 2590 1787 6
2626 1736 2780 1798 Υἱός’
2824 1756 2841 1786 ι
2879 1738 2971 1787 καὶ
3000 1734 3261 1803 ἀλλαχοῦ·
3300 1754 3317 1785 ι
3357 1733 3573 1796 Καθὼς,
3615 1732 3771 1803 φησι,

2202 1826 2456 1893 γινώσκει
2488 1843 2551 1895 με
2583 1829 2610 1877 6
2642 1825 2846 1895 Πατὴρ,
2894 1823 3046 1890 κάγὼ
3078 1823 3327 1890 γινώσκω
3354 1824 3443 1876 τὸν
3470 1823 3711 1893 Πατέρα.
3750 1842 3768 1871 ι

2202 1918 2313 1986 Οὐχ
2330 1919 2358 1969 6
2381 1918 2478 1986 μὲν
2508 1917 2686 1979 πλέον,
2710 1918 2737 1968 6
2763 1916 2817 1969 δὲ
2848 1915 3085 1980 ἔλαττον,
3111 1916 3247 1968 ἀλλά
3284 1915 3465 1978 καθὼς
3492 1914 3771 1981 γινώσκω,

2124 2018 2169 2077 Β
2199 2008 2557 2077 γινώσκομαι.

2205 2141 2302 2195 IB'.
2358 2143 2483 2196 Ὀτι
2532 2142 2635 2208 ἴση
2686 2140 2790 2195 τοῦ
2838 2141 3066 2207 Πατρός
3103 2142 3199 2194 καὶ
3245 2141 3349 2195 τοῦ
3391 2142 3527 2195 ΥΙοῦ
3575 2141 3613 2208 ἡ
3668 2141 3779 2195 δύο

2886 2229 3081 2280 ναμις.

2274 2339 2371 2396 Ὧν
2409 2346 2587 2398 τοίνυν
2634 2345 2911 2414 ὴ-γνῶσις
2958 2346 3069 2414 ἴση,
3100 2343 3301 2397 τούτων
3344 2344 3495 2413 καὶὴ
3548 2343 3786 2412 δύναμις

2205 2436 2294 2501 ἴση
2321 2453 2331 2463 ·
2372 2428 2447 2488 ὧν
2494 2435 2554 2488 δὲ
2599 2437 2631 2503 ὴ
2677 2435 2901 2505 δύναμις
2947 2435 3056 2503 ἴση,
3092 2434 3292 2487 τούτων
3320 2433 3559 2503 δηλονότι
3605 2436 3700 2486 καὶ
3746 2436 3784 2503 ὴ

2204 2526 2360 2577 οὐσία
2399 2525 2529 2594 plan
2577 2524 2659 2575 ὅτι
2687 2524 2743 2576 δὲ
2773 2524 2859 2591 ἴση
2900 2523 3113 2593 Πατρὸς
3156 2524 3250 2576 καὶ
3296 2522 3427 2575 Υῑοῦ
3463 2524 3496 2591 ἡ
3526 2522 3782 2592 δύναμις,

2208 2617 2365 2679 αὐτὸς
2402 2618 2547 2685 ἡμᾶς
2590 2614 2749 2667 πάλιν
2779 2617 2806 2667 6
2854 2613 3041 2684 Σωτὴρ
3073 2612 3306 2677 ἐδίδαξεν
3327 2612 3525 2665 οὑτωσὶ
3575 2613 3779 2681 ὶέγων·

2217 2726 2235 2759 ι
2284 2710 2346 2760 Οἱ
2392 2710 2455 2759 ἐκ
2490 2708 2595 2760 τῶν
2631 2708 2915 2777 προόάτων
2961 2707 3069 2758 τῶν
3115 2706 3260 2774 ἐμῶν
3300 2706 3395 2773 τῆς
3445 2706 3630 2776 φωνῆς
3680 2724 3785 2776 που

2213 2799 2489 2863 ἀκούουσι,
2527 2798 2680 2865 κάγὼ
2706 2796 2959 2865 γινώσκω
2986 2797 3143 2859 αὐτὰ,
3172 2797 3264 2849 καὶ
3286 2796 3641 2849 ἀκολουθοῦσι
3671 2815 3785 2867 μοι,

2213 2889 2367 2957 κάγὼ
2410 2888 2553 2959 ζωὴν
2594 2889 2809 2942 αἰώνιον
2834 2887 3024 2957 δίδωμι
3074 2888 3275 2949 αὐτοῖς,
3308 2886 3399 2939 καὶ
3433 2887 3493 2938 οὐ
3532 2889 3606 2959 μὴ
3654 2889 3792 2941 ἀπο-

2214 2981 2427 3034 λοῦνται
2460 2982 2538 3043 εἱς
2566 2979 2657 3031 τὸν
2691 2979 2882 3042 αἰῶνα,
2917 2978 3024 3031 οὐδ’
3063 2979 3122 3031 οὺ
3160 2979 3230 3048 μή
3270 2995 3351 3040 τις
3391 2979 3614 3049 ἁρπάσῃ
3648 2980 3790 3031 αὐτὰ

2216 3075 2280 3124 ἐκ
2305 3072 2403 3140 τῆς
2444 3071 2623 3141 χειρός
2661 3088 2759 3138 μου
2780 3085 2794 3100 ·
2830 3071 2857 3121 6
2885 3068 3092 3140 Πατὴρ,
3121 3068 3177 3131 ὃς
3208 3068 3405 3121 δέδωκέ
3436 3086 3547 3138 μοι,
3584 3069 3790 3138 μείζων

2217 3164 2433 3217 πάντων
2476 3161 2759 3225 saturni.
2807 3159 2976 3222 οὐδεὶς
3020 3158 3239 3211 δύναται
3288 3161 3531 3228 ἁρπάσαι
3580 3162 3645 3212 ἐκ
3690 3162 3790 3229 τῆς

2218 3256 2393 3326 χειρὸς
2418 3252 2509 3306 τοῦ
2541 3253 2750 3323 Πατρός
2778 3269 2897 3322 μου.
2930 3250 3069 3321 Ἐγὼ
3102 3252 3191 3303 καὶ
3210 3254 3237 3304 6
3266 3252 3455 3321 Πατὴρ
3480 3252 3536 3303 ἓν
3565 3254 3784 3320 ἐσμεν.»

549 3354 765 3405 adverte
788 3346 1052 3417 quomodo
1082 3358 1187 3397 non
1206 3342 1520 3411 simpliciter
1538 3340 1737 3409 posuit,
1757 3356 1775 3387 ‹
1798 3337 1903 3406 Ego
1925 3345 1978 3389 et
2006 3334 2107 3387 Pa-

2224 3347 2417 3417 Ὀρᾶτε
2457 3345 2572 3407 πῶς
2602 3345 2699 3413 οὐχ
2728 3343 2910 3405 ἁπλῶς
2956 3343 3169 3397 τέθεικε
3197 3343 3257 3395 τὸ
3294 3363 3311 3392 ι
3334 3341 3475 3409 Ἐγὼ
3501 3344 3597 3396 xal
3624 3344 3651 3393 6
3680 3344 3791 3395 Πα-

553 3454 633 3497 ter
690 3456 853 3494 unum
892 3453 1097 3501 sumus,
1131 3454 1147 3486 ι
1204 3433 1502 3502 praevidens
1552 3430 1757 3484 scilicet
1799 3427 2107 3481 liaareticam

555 3534 835 3595 malitiam,
867 3544 933 3583 ne
960 3530 1022 3583 de
1041 3526 1265 3581 consilio
1291 3541 1353 3578 ac
1380 3524 1655 3577 voluntate
1675 3523 1813 3576 hanc
1844 3518 2107 3587 intellige-

554 3636 669 3679 rent
693 3624 1000 3676 dicttionem.
1035 3616 1138 3671 Sed
1177 3617 1347 3685 primo
1372 3616 1621 3682 potentia:
1656 3610 1960 3680 :equalitate
2000 3619 2111 3663 sta-

552 3716 719 3778 bilita,
754 3721 931 3783 postea
956 3711 1151 3764 dictam
1201 3706 1521 3761 sententiam
1576 3703 1823 3770 subjecit.
1870 3700 2112 3768 Namque

552 3806 763 3867 ovibus,
794 3804 983 3871 inquit,
1013 3814 1097 3853 me
1125 3798 1471 3867 sequentibus
1500 3798 1662 3848 vitam
1709 3805 1963 3848 mternam
2015 3805 2113 3861 ego

556 3899 718 3960 do,ut
740 3895 879 3948 nulla
910 3909 973 3947 ex
1003 3892 1066 3944 iis
1085 3900 1267 3959 pereat
1294 3892 1343 3942 in
1376 3897 1655 3941 arternum.
1684 3886 1815 3951 Quis
1856 3884 1998 3939 enim
2031 3891 2114 3935 est

559 3993 755 4048 tantus,
788 3994 843 4035 ut
876 3984 939 4035 de
968 3994 1127 4033 manu
1147 3993 1262 4032 mea
1300 3991 1486 4045 rapere
1512 3976 1701 4043 possit,
1728 3971 1985 4042 quidquid
2012 3972 2111 4025 sub

561 4088 645 4127 me
678 4082 890 4143 pastore
913 4071 1101 4124 fuerit?
1127 4067 1261 4121 Nam
1286 4068 1443 4122 sicuti
1463 4065 1797 4134 impossibile
1826 4073 1909 4118 est
1928 4077 2116 4130 quem-

558 4180 716 4235 quam
740 4163 915 4217 Patris
949 4164 1167 4215 dextera
1192 4160 1370 4227 potiri,
1396 4159 1486 4226 qui
1518 4156 1687 4224 major
1709 4154 1958 4209 omnibus
2014 4162 2114 4213 εει,

559 4259 631 4310 ita
654 4254 767 4309 ﬁeri
800 4251 1056 4321 nequitut
1083 4250 1309 4317 quilibet
1357 4249 1659 4316 quempiam
1706 4246 1950 4313 diripiat,
2024 4241 2115 4311 qui

562 4361 692 4402 mete
734 4344 987 4399 custodiae
1010 4349 1076 4397 sit
1104 4343 1356 4394 traditus.
1395 4340 1601 4393 Etenim
1639 4356 1656 4388 ‹
1709 4338 1820 4405 Ego
1854 4347 1905 4390 et
1960 4337 2121 4390 Pater

563 4454 725 4493 unum
754 4452 959 4491 sumus.
1004 4452 1022 4484 ι
1058 4432 1286 4487 Ubinam
1330 4446 1455 4499 ergo
1494 4430 1666 4497 majus
1703 4440 1756 4481 et
1818 4427 2033 4482 minus?
2064 4426 2119 4479 Si

561 4529 702 4583 enim
736 4541 904 4595 aeque,
928 4539 1023 4578 nec
1053 4522 1220 4577 eFitii
1274 4538 1453 4581 manu.
1495 4534 1665 4587 neque
1721 4518 1844 4571 item
1900 4533 1963 4570 ex
2023 4515 2122 4569 Pa-

567 4620 663 4673 tris
692 4634 848 4670 mann
874 4624 1040 4683 poteSt
1064 4614 1323 4682 quispiam
1358 4624 1562 4679 rapere,
1623 4608 1808 4674 majori
1876 4623 1978 4660 non
2041 4616 2124 4659 est

2215 3436 2319 3505 τὴρ
2353 3436 2410 3487 ἓν
2446 3438 2632 3503 ἐσμεν,
2674 3453 2690 3483 ι
2722 3432 2965 3503 προορῶν
3004 3433 3102 3503 τὴν
3128 3433 3408 3502 αἱρετικὴν
3440 3435 3789 3502 κακοήθειαν,

2218 3527 2304 3579 ἵνα
2352 3525 2425 3594 μὴ
2475 3524 2568 3577 ἐπὶ
2611 3523 2949 3592 βουλήματος
2984 3523 3075 3574 καὶ
3106 3522 3406 3593 θελήματος
3454 3527 3659 3593 ταύτην
3697 3522 3791 3575 λά-

2218 3616 2350 3668 ϐωσι
2398 3616 2495 3685 τὴν
2546 3617 2755 3683 φωνήν
2804 3613 2938 3667 ἀλλά
2981 3613 3244 3684 πρότερον
3276 3615 3336 3668 τὸ
3380 3616 3477 3684 τῆς
3509 3616 3793 3685 δυνάμεως

2221 3710 2332 3759 ἴσον
2390 3706 2838 3767 κατασκευάσας,
2891 3704 3034 3757 οὕτω
3089 3705 3293 3775 ταύτην
3343 3707 3627 3775 ἐπήγαγε’
3680 3709 3793 3767 τοῖς

2218 3801 2325 3867 γάρ
2374 3797 2684 3868 προϐάτοις,
2734 3797 2887 3865 φησι,
2939 3798 3050 3857 τοῖς
3101 3795 3451 3848 ἀκολουθοῦσι
3503 3814 3594 3866 μοι
3650 3797 3793 3866 ζωὴν

2219 3888 2433 3940 αἰώνιον
2477 3888 2665 3955 δίδωμι
2698 3886 2829 3953 ἐγὼ,
2859 3885 2932 3947 ὡς
2970 3886 3134 3955 μηδὲν
3176 3886 3233 3951 ἐξ
3272 3886 3449 3937 αὐτῶν
3496 3885 3793 3939 ἀπολέσθαι

2220 3982 2298 4041 εἰς
2331 3982 2419 4031 τὸν
2450 3980 2645 4031 αἰῶνα·
2697 3977 2779 4040 τίς
2818 3978 2924 4047 γάρ
2970 3979 3084 4028 ἐστι
3130 3976 3377 4038 τοσοῦτος
3421 3976 3497 4038 ὡς
3542 3978 3792 4045 ἁρπάσαι

2222 4074 2286 4122 ἐκ
2315 4070 2410 4139 τῆς
2442 4070 2619 4138 χειρός
2653 4086 2752 4139 μου
2782 4066 3079 4137 δυνηθῆναι
3111 4066 3178 4119 τά
3208 4066 3299 4119 ὑπ’
3323 4066 3457 4137 ἐμοῦ
3508 4070 3793 4137 ποιμαινό-

2227 4178 2391 4231 μενα;
2424 4160 2610 4229 ὥσπερ
2644 4159 2749 4231 γὰρ
2776 4162 2873 4230 τῆς
2916 4156 3092 4221 δεξιᾶς
3119 4156 3207 4210 τοῦ
3239 4158 3466 4229 Ιῐατρὸς,
3501 4158 3558 4221 ὃς
3593 4159 3794 4229 μείζων

2227 4258 2440 4310 πάντων
2468 4258 2720 4325 ὑπάρχει,
2750 4254 3026 4326 ἀμήχανόν
3047 4270 3168 4306 τινα
3195 4252 3596 4323 περιγενέσθαι,
3624 4253 3797 4314 οὕτως

2226 4346 2483 4397 ἀδύνατον
2512 4343 2823 4414 ἀρπαγῆναί
2856 4359 2976 4394 τινα
3018 4340 3127 4393 τῶν
3172 4341 3261 4393 ὑπ’
3293 4340 3427 4410 ἐμοῦ
3459 4334 3795 4411 φρουρουμέ-

2226 4452 2357 4489 νων·
2396 4457 2413 4487 ι
2462 4436 2600 4502 Ἐγὼ
2631 4435 2738 4503 γάρ
2766 4435 2858 4485 καὶ
2888 4434 2915 4484 ὁ
2957 4432 3143 4501 Πατὴρ
3178 4432 3235 4482 ἐν
3264 4433 3447 4499 ἐσμεν.
3488 4450 3505 4481 ι
3541 4431 3653 4483 Ποῦ
3680 4432 3791 4483 τοξ-

2227 4544 2317 4579 νυν
2346 4528 2405 4580 τὸ
2453 4527 2635 4596 μεῖζον
2677 4526 2772 4579 καὶ
2796 4526 2857 4577 τὸ
2887 4524 3104 4576 ἔλαττον
3130 4540 3144 4587 ;
3188 4524 3250 4575 Εἰ
3276 4523 3381 4591 γὰρ
3409 4524 3630 4591 ὁμοίως,
3672 4524 3792 4575 οὔτε

2230 4621 2292 4671 ἐκ
2324 4608 2418 4687 τῆς
2442 4616 2622 4685 χειρὸς
2651 4615 2742 4667 τοῦ
2775 4616 2923 4679 Υἱοῦ,
2958 4613 3077 4666 οὔτε
3108 4616 3170 4665 ἐκ
3208 4613 3304 4682 τῆς
3331 4613 3509 4682 χειρὸς
3546 4612 3643 4665 τοῦ
3686 4615 3793 4665 Ha.-

566 4711 731 4764 locus.
760 4708 825 4759 Et
849 4706 1126 4774 quoniam,
1155 4706 1276 4771 quia
1302 4704 1469 4770 major
1522 4702 1769 4755 omnibus
1822 4700 1979 4754 Pater
2023 4708 2110 4753 est

2228 4710 2373 4778 τρὸς,
2404 4708 2646 4777 ἁρπάσαι
2665 4724 2749 4769 τις
2769 4706 3009 4770 δύναται,
3034 4706 3090 4758 τὸ
3117 4705 3295 4773 μεῖζον
3319 4704 3499 4773 χώραν
3521 4704 3621 4755 οὐκ
3645 4704 3787 4771 ἔχει·

566 4816 723 4856 nemo
749 4812 933 4867 rapere
981 4801 1163 4864 potest
1175 4796 1241 4848 de
1260 4809 1416 4846 manu
1450 4793 1564 4859 ejus
1592 4834 1604 4857 ,
1659 4795 1898 4860 sequitur
1926 4802 1981 4843 ut
2009 4806 2123 4843 ma-

562 4895 648 4960 jor
678 4892 925 4945 omnibus
946 4888 1113 4942 Filius
1135 4902 1347 4955 quoque
1384 4887 1474 4951 sit,
1506 4886 1757 4953 quoniam
1796 4899 1945 4952 teque
1968 4899 2125 4938 nemo

570 4988 633 5037 de
662 4996 821 5034 manu
848 4980 963 5048 ejus
999 4994 1187 5047 rapere
1247 4985 1440 5045 potest.
1497 4977 1616 5030 ideo
1662 4977 1899 5029 addidit:
1940 4994 1957 5025 ι
2013 4977 2125 5045 Ego

569 5080 617 5125 et
645 5071 800 5124 Pater
828 5085 989 5124 unum
1022 5084 1225 5122 sumus.
1267 5088 1283 5118 ι
1322 5067 1453 5120 Nam
1487 5068 1529 5119 si
1565 5067 1796 5120 litteram
1828 5068 2005 5120 denuo
2038 5080 2123 5119 se-

569 5178 818 5234 quemur,
840 5162 1029 5215 Filium
1069 5160 1409 5229 prmpositum
1444 5159 1771 5212 videbimus:
1801 5176 1818 5207 ι
1846 5158 1956 5227 ligo
1983 5159 2125 5210 enim

571 5254 726 5319 dixit,
748 5261 801 5305 et
826 5250 1017 5303 Pater:
1045 5266 1063 5300 ι
1095 5264 1223 5311 non,
1242 5246 1401 5302 Pater
1416 5258 1468 5301 et
1485 5246 1613 5316 Ego.
1644 5248 2128 5315 Demonstrataque

573 5356 922 5413 personarum
950 5339 1226 5402 dualitate,
1258 5339 1787 5406 praedicavitnatura:
1842 5339 2123 5391 unitatem.

575 5433 706 5486 Nam
736 5433 977 5493 dicendo,
1004 5431 1111 5500 Ego
1158 5440 1209 5483 et
1231 5429 1407 5493 Pater,
1471 5445 1751 5483 numerum
1778 5445 2123 5498 personarum

574 5524 732 5595 691
759 5539 807 5574 m
847 5521 1169 5589 signiﬁcavit
1196 5542 1209 5573 :
1235 5522 1480 5575 addendo
1520 5534 1713 5585 autem,
1754 5540 1771 5571 ι
1813 5537 1977 5574 unum
2039 5538 2129 5575 su-

580 5631 756 5677 mus,»
794 5615 1041 5679 potentia:
1090 5613 1473 5665 demonstravit
1538 5613 1839 5680 paritateui.
1892 5613 2128 5678 Quorum

583 5703 758 5771 itaque
781 5701 1001 5768 aequalis
1041 5714 1122 5757 cst
1161 5705 1328 5765 notio,
1358 5705 1591 5770 potentia
1618 5720 1829 5773 quoque
1857 5716 1910 5759 et
1948 5705 2129 5760 volun-

653 5879 693 5908 "
724 5880 874 5931 Joan.
915 5893 967 5937 ι,
1011 5878 1090 5928 15.
1168 5879 1211 5906 ¹⁹
1242 5878 1369 5929 ibid.
1412 5876 1595 5931 27.50.

2230 4803 2321 4853 καὶ
2348 4799 2530 4868 ἐπειδὴ
2561 4797 2775 4850 πάντων
2806 4796 3005 4867 μείζων
3047 4798 3073 4846 6
3125 4794 3336 4865 Πατὴρ,
3365 4794 3539 4857 οὐδεὶς
3568 4795 3792 4847 δύναται

2232 4893 2473 4959 ἁρπάσαι
2507 4892 2569 4941 ἐκ
2595 4891 2689 4958 τῆς
2717 4891 2893 4959 χειρὸς
2923 4886 3085 4940 αὑτοῦ
3106 4903 3120 4917 ·
3153 4886 3351 4954 μείζων
3381 4886 3485 4955 ἀρα
3522 4886 3740 4939 πάντων
3768 4889 3795 4937 6

2232 4984 2379 5047 Υἱὸς,
2417 4980 2602 5051 ἐπειδὴ
2638 4982 2833 5050 ὁμοίως
2861 4979 3033 5042 οὐδεὶς
3062 4980 3124 5030 ἐκ
3154 4979 3249 5045 τῆς
3292 4978 3470 5046 χειρὸς
3502 4978 3665 5031 αὐτοῦ
3700 4980 3794 5045 ἀρ-

2232 5078 2397 5128 πάσαι
2443 5074 2661 5126 δύναται
2689 5090 2702 5103 ·
2735 5074 2813 5124 διὸ
2846 5074 3142 5141 ἐπήγαγεν,
3178 5090 3196 5121 ι
3244 5069 3383 5137 Ἐγὼ
3420 5072 3507 5122 καὶ
3537 5072 3564 5123 6
3606 5072 3795 5140 Πατὴρ

2233 5168 2290 5219 ἓν
2343 5169 2527 5235 ἐσμεν.
2554 5184 2569 5214 ι
2605 5167 2699 5216 Ἂν
2732 5165 2838 5235 γὰρ
2875 5164 2951 5233 τῷ
2992 5163 3276 5232 γράμματι
3313 5162 3473 5214 πάλιν
3506 5162 3800 5232 ἀκολουθὴο

2237 5259 2689 5328 σωμενβψόμεθα
2718 5257 2805 5309 τὸν
2833 5258 2959 5308 Υἱὸν
2990 5253 3475 5325 προτεταγμένον·‹
3500 5254 3642 5318 Ἐγὼ
3668 5255 3795 5323 γὰρ.

2235 5346 2375 5412 εἷπε,
2402 5350 2495 5399 καὶ
2524 5350 2550 5399 ὁ
2576 5350 2811 5416 Πατὴρ,›
2838 5349 2935 5415 οὐχ
2960 5346 2986 5396 ὁ
3008 5345 3196 5412 Πατὴρ
3226 5344 3315 5394 καὶ
3343 5342 3469 5409 ἐγώ’
3500 5344 3591 5394 καὶ
3620 5343 3799 5406 δείξας

2233 5441 2330 5509 τὴν
2356 5440 2462 5489 τῶν
2496 5439 2798 5508 προσώπων
2826 5438 3010 5498 δυάδα,
3044 5434 3274 5503 ἐκήρυξε
3316 5434 3413 5503 τὴν
3459 5433 3557 5502 τῆς
3585 5433 3797 5500 φύσεως

2230 5530 2553 5599 ταυτότητά.
2594 5530 2683 5598 Τῷ
2725 5529 2830 5599 γὰρ
2876 5530 3048 5580 εἰπεῖν
3088 5524 3227 5591 Ἐγὼ
3274 5524 3363 5577 καὶ
3408 5524 3435 5573 6
3466 5524 3675 5591 Πατὴρ,
3710 5522 3798 5572 τὸν

2231 5621 2463 5691 ἀριθμὸν
2492 5621 2599 5672 τῶν
2626 5622 2971 5673 ὑποστάσεων
2997 5619 3233 5687 ἐσήμανε
3253 5633 3264 5645 ·
3303 5617 3363 5667 τὸ
3391 5616 3446 5667 δὲ
3480 5616 3796 5680 ἐπαγαγεῖν,

2247 5710 2441 5777 «ἐσμὲν
2459 5709 2537 5772 ἓν,
2553 5709 2637 5761 »τὸ
2664 5708 2761 5777 τῆς
2786 5708 3066 5777 δυνάμεως
3083 5705 3348 5775 ἐδήλωσεν
3362 5702 3796 5773 ἀπαράλλακτον*
