4006 6434
578 543 708 600 HG?

1559 536 1611 590 S.
1656 534 1922 590 CYRILLI
1958 535 2423 591 ALEXANDR‘M
2461 533 2781 590 ARCHIEP.

3676 537 3806 592 “63

578 663 642 711 de
703 653 908 722 meipso
949 658 1138 712 testor,
1185 645 1549 700 testimonium
1589 658 1766 698 meum
1805 659 1987 700 verum
2031 656 2136 712 est,

2250 646 2370 713 περὶ
2416 644 2653 714 ἐμαυτοῦ
2708 644 2990 714 μαρτυρῶ,
3045 645 3078 714 ἡ
3131 644 3404 715 μαρτυρία
3452 661 3561 714 μου
3613 646 3809 719 ἀληθής

576 747 702 817 quia
734 745 876 798 solus
909 754 1013 794 non
1044 753 1182 802 sum,
1225 738 1320 791 sed
1349 750 1450 806 ego
1492 743 1547 789 et
1575 737 1664 804 qui
1710 736 1859 790 misit
1902 748 1987 789 me
2032 735 2136 790 Pa-

581 849 680 891 ter.
733 833 786 886 In
819 839 997 885 vestra
1040 841 1255 897 quoque
1286 826 1403 894 lege
1449 825 1709 893 scriptum
1745 833 1856 892 est,
1907 824 2137 879 duorum

582 922 856 980 hominum
907 917 1295 979 testimonium,
1326 929 1508 968 verum
1544 914 1800 982 judicari.
1854 913 1994 968 Ecce
2037 926 2139 982 ego

578 1017 644 1068 de
667 1029 750 1067 me
781 1021 978 1072 testor,
1009 1020 1267 1076 meusque
1302 1003 1461 1060 simul
1493 1005 1558 1058 de
1584 1018 1690 1070 me,
1723 1002 1816 1073 qui
1845 1017 1933 1058 me
1971 1003 2138 1066 misit,

581 1107 738 1160 Pater
763 1111 1010 1157 testatur.
1050 1098 1305 1152 Dicebant
1341 1108 1470 1163 ergo
1502 1094 1550 1148 ei
1579 1091 1748 1148 Judaei
1786 1111 1799 1148 :
1840 1110 1858 1144 ι
1907 1090 2137 1146 Ubinam

579 1209 662 1254 est
707 1197 864 1252 Pater
911 1190 1073 1247 tuus?
1115 1187 1417 1257 Respondit
1459 1185 1539 1239 eis
1585 1184 1741 1239 .Iesus
1773 1201 1786 1237 :
1821 1183 2007 1251 Neque
2052 1197 2140 1237 me

586 1291 759 1352 scitis,
791 1300 963 1355 neque
990 1283 1202 1336 Patrem
1226 1292 1424 1333 meum.
1458 1276 1516 1330 Si
1545 1289 1634 1329 me
1663 1274 1898 1342 sciretis,
1923 1273 2139 1328 Patrem

579 1393 792 1450 quoque
827 1387 1006 1428 meum
1033 1370 1248 1425 sciretis
1278 1368 1346 1419 ³¹.
1394 1384 1412 1418 ›
1457 1365 1645 1435 Papae!
1683 1371 1884 1435 quanta
1913 1373 1996 1418 est
2035 1364 2142 1417 haz-

581 1469 873 1525 reticorum
910 1460 1155 1517 insania!
1188 1465 1390 1527 quanto
1421 1455 1671 1511 laborant
1713 1464 1933 1525 stupore
1965 1454 2019 1509 hi
2049 1454 2140 1526 qui

580 1559 692 1614 Arii
743 1553 1098 1621 Eunomiique
1151 1548 1500 1618 blasphemiae
1541 1558 1670 1604 sunt
1704 1548 1982 1603 haeredes!
2033 1546 2141 1601 Sed

580 1661 772 1720 praeter
821 1646 1087 1702 insaniam
1113 1684 1127 1706 ,
1173 1641 1400 1697 multam
1440 1654 1652 1711 quoque
1693 1640 1877 1695 videre
1917 1639 2040 1693 licet
2087 1637 2140 1692 in

582 1740 712 1808 ipsis
744 1737 1007 1806 vigentem
1049 1730 1435 1800 impudentiam
1471 1745 1484 1781 :
1523 1742 1646 1782 nam
1689 1728 2002 1782 missionem
2047 1739 2141 1780 sus

581 1833 755 1897 deque
782 1829 1227 1882 commemorant.
1257 1828 1312 1873 et
1347 1819 1647 1871 mittentem
1690 1818 1947 1887 majorem
1975 1816 2141 1871 misso

581 1933 700 1974 esse
724 1917 931 1972 dicunt.
964 1913 1138 1967 Tanta
1183 1911 1289 1965 illis
1320 1909 1461 1965 inest
1499 1909 1801 1979 ignorantia
1831 1908 2140 1978 Scriptura-

2245 739 2409 801 ἐστιν,
2440 737 2520 790 ὅτι
2549 736 2707 806 μόνος
2738 736 2838 789 οὐκ
2861 735 2997 806 εἰμὶ,
3027 735 3141 788 ἀλλ’
3173 735 3282 803 ἐγὼ
3313 737 3409 789 καὶ
3441 739 3471 789 6
3498 737 3720 807 πέμψας
3749 757 3811 807 με

2245 831 2434 902 Πατήρ
2456 849 2469 862 ·
2493 830 2587 883 καὶ
2612 830 2670 883 ιν
2695 828 2774 898 τῷ
2804 827 2950 898 νόμῳ
2978 827 3034 880 δὲ
3057 827 3132 897 τῷ
3161 828 3412 900 ὑμετέρῳ
3432 831 3813 899 γεγραμμένον

2245 921 2410 984 ἐστὶν,
2449 920 2530 973 ὅτι
2565 920 2658 972 δύο
2696 918 2996 990 ἀνθρώπων
3028 920 3061 988 ἡ
3103 919 3376 990 μαρτυρία
3408 920 3618 990 ἀληθής
3649 922 3810 972 ἐστιν.

2259 1011 2398 1081 Ἐγώ
2424 1013 2540 1082 ειμι
2569 1013 2596 1064 6
2629 1011 2923 1082 μαρτυρῶν
2961 1011 3088 1081 περὶ
3128 1011 3387 1081 ἐμαυτοῦ,
3417 1012 3513 1065 καὶ
3553 1014 3818 1083 μαρτυρεῖ

2245 1104 2373 1174 περὶ
2405 1103 2537 1174 ἐμοῦ
2576 1105 2605 1155 6
2634 1103 2853 1173 πέμψας
2889 1119 2958 1173 με
2988 1102 3434 1173 Πατήρ.Ἔλεγον
3466 1098 3562 1156 οὖν
3595 1103 3744 1170 αὐτῷ
3771 1105 3818 1155 ei

2259 1193 2675 1248 ’lou6ui0t'clloii
2703 1194 2852 1248 ἐστιν
2879 1196 2908 1247 6
2935 1196 3120 1265 Πατήρ
3151 1211 3276 1260 σου;
3308 1193 3609 1264 ’Δπεκρίθη
3640 1197 3820 1257 αὐτοῖς

2244 1289 2273 1339 6
2323 1285 2548 1357 Ἰησοῦςο
2578 1285 2714 1340 Οὔτε
2740 1285 2842 1357 ἐμὲ
2871 1287 3064 1350 οἴδατε,
3092 1285 3213 1338 οὔτε
3239 1285 3332 1338 τὸν
3362 1286 3584 1354 Πατέρα
3613 1304 3717 1354 μου
3735 1303 3749 1316 ο
3775 1287 3822 1339 εί

2245 1377 2346 1448 ἐμὲ
2379 1377 2573 1442 οἴδατε,
2606 1378 2700 1431 καὶ
2726 1377 2817 1432 τὸν
2844 1379 3062 1449 Πατέρα
3088 1378 3264 1448 ᾔδειτε
3293 1377 3358 1432 ἀν
3378 1395 3392 1409 ·
3423 1396 3442 1428 ι
3478 1377 3644 1447 βαϐαὶ
3679 1379 3820 1448 πόση

2245 1467 2350 1521 τῶν
2382 1469 2674 1539 αίρετικῶν
2715 1470 2748 1538 ἠ
2790 1469 3168 1540 παραπληξίαι
3217 1468 3389 1538 πόσην
3423 1468 3672 1521 νοσοῦσιν
3718 1471 3823 1537 ἐμ-

2247 1557 2567 1630 ϐροντησίαν
2591 1560 2642 1612 οί
2666 1558 2766 1628 τῆς
2799 1560 3006 1631 ’Δρείσυ
3035 1559 3128 1612 καὶ
3174 1559 3438 1629 Εὑνομίου
3471 1560 3823 1632 βλασφημίας

2249 1651 2604 1721 κληρονόμοιι
2662 1651 2800 1723 πρὸς
2848 1655 2914 1723 τῇ
2968 1652 3353 1723 παραπληξίᾳ,
3410 1651 3613 1722 πολλὴν
3673 1654 3825 1706 ἔστιν

2250 1743 2376 1797 ίδεῖν
2423 1746 2479 1796 ὲν
2525 1744 2709 1807 αὐτοῖς
2740 1742 3076 1797 ἐπανθοῦσαν
3114 1744 3528 1812 ἀναισχυντίανο
3564 1744 3666 1813 τῆς
3714 1745 3826 1816 γὰρ

2246 1836 2545 1906 ἀποστολῆς
2574 1835 2686 1888 ἄνω
2707 1835 2800 1886 καὶ
2828 1833 2979 1888 κάτω
3008 1833 3422 1903 μνημονεύουσι,
3456 1835 3548 1885 καὶ
3578 1833 3666 1886 τὸν
3686 1836 3826 1887 ἀπο-

2249 1927 2528 1981 στείλαντα
2559 1926 2652 1981 τοῦ
2683 1926 3073 1989 ἀποσταλέντος
3100 1926 3261 1995 φασὶν
3293 1923 3431 1982 εἶναι
3461 1925 3684 1995 τιμιὼτε
3693 1946 3788 1999 ρον
3806 1947 3824 1962 ο

584 2008 729 2063 rum!
781 2004 967 2074 Neque
1000 2009 1252 2071 reputant
1290 1999 1433 2069 quod
1479 1999 1545 2052 ab
1584 1999 1771 2052 lsaaco
1816 1997 2051 2053 lacubus
2089 1998 2143 2052 in

2250 2019 2511 2091 τοσαύτην
2537 2018 2750 2089 ἔχουσιν
2780 2017 3018 2088 ἀμαθίαν
3041 2017 3148 2069 τῶν
3175 2018 3402 2088 Γραφῶν
3425 2039 3440 2055 ·
3473 2023 3566 2074 καὶ
3587 2024 3649 2076 οὐ
3678 1997 3825 2092 λογί-

583 2097 1023 2168 Mesopotamiam
1049 2096 1266 2157 missus,
1303 2106 1408 2146 non
1437 2090 1669 2157 idcirco,
1702 2090 1768 2144 ad
1805 2089 2022 2168 693m
2051 2104 2148 2144 na-

585 2167 760 2246 turam
793 2189 936 2259 quod
980 2186 1191 2250 attinet,
1229 2185 1407 2239 minor
1450 2193 1535 2237 est
1573 2167 2055 2250 mittenteQAique
2096 2189 2150 2235 et

582 2283 848 2354 Josepbus
870 2283 1075 2335 missus
1115 2295 1144 2334 a
1186 2279 1387 2335 Jacobo
1431 2278 1530 2333 fuit
1564 2277 1632 2331 ad
1677 2275 1872 2329 fratres
1916 2288 2042 2329 suos
2073 2274 2152 2328 in-

588 2374 924 2446 spiciendos,
978 2385 1155 2439 neque
1202 2381 1382 2424 tamen
1425 2368 1711 2439 quisquam
1758 2364 1959 2420 dixerit
2006 2365 2146 2417 hunc

590 2468 756 2537 patris
804 2473 1006 2519 naturae
1051 2477 1155 2518 non
1215 2461 1379 2517 fuisse
1430 2460 1782 2531 participem,
1834 2456 1958 2525 quia
2006 2457 2146 2525 patri

585 2560 966 2627 obtemperans
999 2554 1311 2609 missionem
1347 2551 1707 2621 peragendam
1741 2546 2003 2615 suscepit.

654 2796 760 2851 Sed
796 2795 947 2849 aiunt
982 2790 1252 2845 fortasse:
1293 2783 1516 2838 Etiamsi
1548 2791 1754 2836 naturae
1795 2779 2003 2834 ratione
2039 2792 2144 2831 non

585 2890 796 2944 fuerunt
827 2883 879 2939 hi
911 2883 1188 2937 mittentes
1217 2875 1448 2945 majores
1473 2874 1673 2938 missis,
1699 2882 1754 2927 at
1784 2881 2004 2942 paterna
2042 2870 2148 2924 sal-

585 2992 690 3038 tem
725 2978 986 3048 dignitate
1032 2974 1320 3045 primatum
1380 2967 1608 3024 honoris
1665 2967 1938 3020 tenebant.
1983 2963 2147 3033 Atqui

586 3088 681 3128 nos
711 3068 1092 3139 comperimus,
1129 3077 1164 3119 ο
1192 3060 1367 3116 insani
1399 3059 1517 3131 (vos
1543 3058 1686 3114 enim
1724 3056 2042 3112 nominatim
2073 3054 2150 3108 al-

587 3163 822 3232 loquor),
853 3157 1084 3226 majores
1117 3166 1329 3223 quoque
1355 3166 1386 3204 a
1411 3149 1710 3205 minoribus
1745 3147 1958 3211 missos,
1974 3159 2147 3213 neque

587 3253 789 3309 idcirco
837 3246 1052 3317 proprio
1096 3245 1302 3298 honore
1348 3239 1543 3294 missos
1592 3236 1966 3306 spoliabimus.
2009 3232 2144 3287 Nam

2250 2110 2430 2174 ζονται
2459 2110 2535 2173 ὠς
2573 2109 2676 2163 ὑπὸ
2702 2109 2796 2162 τοῦ
2840 2108 3022 2162 Ἰσαάκ
3045 2109 3074 2160 6
3109 2108 3301 2162 Ἰακὼϐ
3335 2112 3414 2174 είς
3445 2111 3544 2182 τὴν
3570 2114 3825 2167 Μεσοπο-

2247 2202 2448 2272 ταμίαν
2481 2201 2906 2272 ἀπεσταλμένος,
2927 2202 2985 2253 οὐ
3020 2201 3125 2271 μὴν
3151 2200 3238 2254 διά
3258 2201 3416 2255 τοῦτο
3438 2203 3677 2258 ἐλάττων
3703 2204 3827 2258 ἔστι

2248 2293 2341 2348 τοῦ
2373 2295 2793 2356 ἀποστείλαντος
2822 2292 2963 2346 κατά
3002 2293 3092 2344 τὸν
3126 2291 3279 2360 λόγον
3302 2293 3405 2361 τῆς
3437 2295 3680 2362 φύσεως·
3709 2297 3822 2348 ὼσ-

2248 2385 2423 2448 αύτως
2449 2385 2504 2437 δὲ
2535 2387 2628 2437 καὶ
2664 2386 2861 2456 Ἰωσὴφ
2906 2386 3184 2456 ἀπεστάλη
3230 2387 3329 2456 μὲν
3359 2387 3465 2441 ὑπὸ
3497 2388 3592 2441 τοῦ
3626 2389 3823 2443 Ἰακὼϐ

2247 2475 2640 2544 ἐπισκέψασθαι
2689 2476 2812 2540 τοὺς
2857 2476 3117 2545 ἀδελφοὺς
3163 2475 3351 2542 αὐτοῦ,
3386 2479 3479 2532 καὶ
3530 2480 3706 2543 οὐδεὶς
3751 2481 3824 2533 ἂν

2248 2569 2378 2639 φαίη
2421 2570 2518 2638 τῆς
2561 2568 2654 2621 τοῦ
2691 2569 2893 2638 πατρὸς
2939 2568 3151 2635 φύσεως
3201 2570 3275 2640 μὴ
3323 2569 3592 2641 μετέχειν,
3629 2573 3824 2644 ἐπειδὴ

2247 2660 2323 2730 τῷ
2354 2662 2519 2732 πατρὶ
2546 2660 2862 2729 πειθόμενος
2890 2660 2989 2730 τὴν
3009 2660 3305 2733 ἀποστολὴν
3340 2662 3682 2727 κατεδέξατο.

2332 2797 2492 2851 Ἀλλά
2519 2814 2680 2865 φασιν
2712 2795 2869 2859 ἴσως’
2901 2797 2962 2848 Εἰ
2997 2795 3070 2866 μὴ
3097 2795 3236 2850 κατά
3268 2798 3359 2849 τὸν
3387 2798 3544 2866 λόγον
3571 2800 3669 2869 τῆς
3709 2799 3818 2868 φύ-

2251 2903 2387 2950 σεως
2421 2888 2635 2957 μείζους
2664 2884 2895 2939 ἐνταῦθα
2923 2886 3028 2938 τῶν
3060 2886 3469 2940 ἀποσταλέντων
3491 2891 3537 2940 οἱ
3561 2890 3818 2943 ἀποστεί-

2249 2981 2458 3042 λαντες,
2495 2977 2636 3031 κατά
2680 2977 2741 3029 τὸ
2771 2978 3034 3047 πατρικὸν
3081 2978 3210 3043 γοῦν
3252 2977 3467 3048 ἀξίωμα
3503 2979 3686 3048 ἔχουσι
3719 2983 3822 3052 τῆς

2247 3069 2413 3138 τιμῆς
2461 3069 2530 3120 τὰ
2586 3068 2866 3137 πρεσϐεῖα.
2923 3067 3058 3119 Ἀλλ’
3091 3068 3438 3138 εὑρίσκομεν,
3491 3064 3537 3123 ὧ
3581 3071 3820 3141 ἀνόητοι,

2247 3157 2412 3228 φαίην
2459 3158 2525 3210 ἂν
2573 3157 2708 3227 πρὸς
2754 3158 2967 3220 αὐτοὺς,
3003 3156 3098 3209 καὶ
3139 3158 3264 3220 τοὺς
3312 3159 3530 3227 μείζους
3560 3160 3665 3212 ὑπὸ
3710 3161 3823 3214 τῶν

2247 3245 2540 3301 ἐλαττόνων
2585 3247 3008 3313 ἀποσταλέντας,
3037 3248 3131 3300 καὶ
3159 3249 3278 3319 οὐχὶ
3305 3248 3395 3302 διὰ
3423 3249 3583 3302 τοῦτο
3609 3252 3708 3320 τῆς
3735 3253 3819 3304 oi-

587 3343 780 3398 missus
807 3339 908 3394 fuit
933 3351 962 3390 a
1000 3334 1204 3390 Davide
1244 3329 1545 3398 Jonathas,
1589 3330 1733 3396 regis
1776 3327 1916 3383 filius
1949 3341 1980 3380 a
2012 3340 2140 3394 pro-

2250 3339 2398 3400 κείας
2453 3338 2616 3408 τιμῆς
2667 3339 2793 3400 τοὺς
2835 3339 3235 3400 ἀποσταλέντας
3268 3339 3626 3411 γυμνώσομεν
3647 3359 3659 3372 ·
3712 3342 3825 3395 ἀπ-

585 3435 732 3500 fugo,
763 3436 1124 3499 conregnator
1157 3423 1328 3494 patris
1361 3421 1428 3476 ab
1459 3435 1524 3476 eo
1557 3420 1650 3490 qui
1680 3433 1746 3472 ne
1776 3418 1831 3471 in
1859 3432 2142 3473 servorum

584 3524 799 3596 quidem
835 3520 1023 3575 ordine
1059 3526 1318 3586 apparere
1359 3510 1608 3566 audebat.
1657 3508 1924 3576 Quoniam
1967 3509 2147 3576 itaque

587 3617 678 3673 ille
710 3613 925 3684 quidem
967 3608 1144 3671 misit,
1177 3605 1265 3661 hic
1307 3612 1486 3658 autem
1527 3601 1726 3657 missus
1761 3612 1875 3665 est;
1907 3600 2023 3670 jam
2053 3601 2147 3670 qui

586 3709 787 3764 missus
837 3704 958 3768 fuit,
995 3715 1086 3756 rex
1138 3711 1243 3754 non
1300 3695 1425 3761 erit,
1459 3701 1518 3750 ut
1560 3708 1656 3750 vos
1709 3693 2146 3759 ratiocinamini;

587 3813 762 3868 neque
791 3797 882 3866 qui
915 3793 1085 3857 misit,
1118 3789 1412 3859 profugus;
1449 3786 1544 3842 sed
1575 3787 1631 3839 in
1663 3786 1963 3840 mittentem
1987 3785 2147 3839 Davi-

588 3893 733 3955 dem,
761 3886 910 3943 missi
951 3883 1185 3954 dignitas
1229 3878 1482 3934 transiit:
1538 3877 1880 3945 vicissimque
1925 3877 1977 3930 in
2012 3877 2148 3930 mis-

589 3997 706 4036 sum
732 3977 1037 4038 Ionatham,
1076 3970 1340 4026 mittentis
1367 3967 1665 4023 calamitas.
1714 3968 1922 4022 Revera
1969 3977 2147 4022 tamen

588 4073 729 4130 haud
761 4073 875 4126 haec
901 4067 974 4124 ita
1008 4079 1066 4120 se
1104 4063 1322 4118 habent.
1364 4059 1472 4114 Sed
1505 4073 1604 4113 cur
1634 4058 1866 4112 humana
1906 4072 2147 4112 comme-

589 4158 904 4219 moramus?
951 4153 1326 4224 Comperimus
1378 4149 1522 4204 enim
1573 4147 1742 4203 Deum
1790 4149 2049 4213 missum,
2096 4159 2153 4204 et

589 4251 859 4308 hominem
899 4246 1222 4301 mittentem.
1249 4237 1384 4292 Nam
1421 4237 1509 4306 qui
1540 4251 1662 4291 cum
1687 4234 1888 4292 Jacobo
1920 4237 2150 4292 luctatus

588 4346 782 4405 fuerat,
820 4357 840 4392 ι
875 4338 1024 4392 Mitte
1053 4331 1382 4401 me,inquit,
1424 4343 1654 4398 namque
1686 4344 1880 4384 aurora
1921 4344 2150 4384 consur-

587 4439 679 4508 git.
727 4456 741 4485 ι
771 4433 865 4489 Cui
892 4429 1124 4486 Jacobus
1155 4425 1231 4479 ait
1266 4444 1277 4478 .-
1315 4443 1332 4475 ι
1368 4422 1483 4477 Non
1521 4432 1572 4476 te
1604 4422 1890 4485 dimittant,
1922 4423 2025 4476 nisi
2058 4424 2151 4477 be-

588 4525 858 4583 nedixeris
889 4521 1018 4576 mihi
1045 4521 1116 4573 ³⁸.
1153 4536 1170 4568 ι
1206 4516 1344 4583 Quid
1374 4516 1573 4569 habent
1598 4513 1740 4583 quod
1767 4513 1850 4568 his
1879 4522 2150 4582 opponant

588 4619 852 4686 sapientes
898 4612 986 4666 isti
1014 4619 1068 4664 et
1109 4606 1388 4662 artificiosi
1429 4604 1547 4658 ﬁdei
1597 4604 1885 4658 doctores?
1919 4604 2146 4657 Aliunde

2248 3429 2443 3500 εστάλη
2474 3431 2580 3500 γὰρ
2615 3430 2719 3482 ὑπὸ
2747 3429 2841 3483 τοῦ
2874 3431 3036 3484 Δαϐὶδ
3071 3431 3342 3498 Ἱωνάθας,
3371 3435 3400 3486 6
3423 3433 3517 3486 τοῦ
3549 3432 3821 3503 βασιλέως

2251 3521 2363 3584 υίὸς
2387 3522 2491 3574 ὑπὸ
2518 3521 2608 3574 τοῦ
2638 3522 2894 3589 φυγάδος,
2923 3524 2951 3574 6
2969 3522 3047 3592 τῷ
3081 3524 3246 3593 πατρὶ
3273 3523 3689 3594 συμϐασιλεύων
3714 3526 3823 3578 ὑπὸ

2249 3611 2342 3664 τοῦ
2374 3612 2506 3683 μηδὲ
2532 3614 2588 3664 ἐν
2607 3612 2817 3665 οἰκέτου
2838 3612 2989 3676 τάξει
3013 3613 3242 3682 φανῆναι
3267 3614 3575 3684 τολμῶντος
3596 3636 3609 3648 ·
3633 3618 3821 3688 ἐπειδὴ

2250 3702 2449 3768 τοίνυν,
2484 3702 2511 3752 6
2546 3701 2643 3770 μὲν
2672 3700 3004 3767 ἀπέστειλεν,
3030 3702 3058 3752 6
3087 3701 3141 3753 δὲ
3167 3702 3464 3773 ἀπεστάλη,
3500 3705 3684 3759 οὐκέτι
3721 3707 3820 3777 μὲν

2251 3792 2278 3842 6
2306 3790 2570 3860 πεμφθεὶς
2603 3789 2855 3858 βασιλεὺς
2882 3791 3020 3842 κατά
3042 3790 3130 3843 τὸν
3156 3791 3417 3864 ὑμέτερον
3443 3794 3620 3862 λόγον,
3638 3798 3821 3851 οὐκέτι

2249 3879 2304 3932 δὲ
2330 3882 2358 3932 6
2383 3879 2706 3943 ἀποστείλας
2727 3881 2902 3948 φυγάς
2920 3899 2934 3912 ·
2957 3880 3093 3933 ἀλλά
3119 3881 3457 3953 μεταϐέϐηκε
3486 3885 3587 3956 μὲν
3613 3889 3704 3941 ἐπὶ
3727 3889 3821 3942 τὸν

2252 3968 2644 4021 ἀποστείλαντα
2671 3968 2835 4020 Δαϐὶδ
2866 3968 2928 4020 τὸ
2955 3967 3050 4020 τοῦ
3076 3968 3415 4038 πεμφθέντος
3446 3971 3663 4042 ἀξίωμα
3681 3992 3696 4004 ο
3725 3993 3822 4044 με..

2250 4057 2519 4128 ταϐέϐηκε
2544 4056 2599 4110 δὲ
2624 4058 2714 4110 ἐπὶ
2733 4058 2824 4110 τὸν
2847 4058 3216 4112 ἀποσταλέντα
3239 4059 3384 4132 [cod.
3405 4064 3822 4140 ἀποστείλαντα]

2263 4147 2514 4200 Ἰωνάθαν
2543 4151 2574 4218 ἡ
2609 4147 2701 4200 τοῦ
2733 4147 3044 4218 πέμψαντος
3068 4148 3360 4221 δυσκηρία·
3395 4153 3510 4206 ἀλλ’
3538 4155 3639 4225 οὐχ
3679 4157 3823 4212 οῦτω

2250 4240 2400 4293 ταῦτ’
2429 4240 2557 4308 ἔχει.
2582 4241 2689 4292 Καὶ
2709 4241 2761 4293 τί
2786 4240 2867 4293 δεῖ
2891 4240 3065 4309 λέγειν
3093 4242 3160 4295 τὰ
3173 4243 3517 4314 ἀνθρώπινα;
3551 4247 3820 4319 Εὐρίσκο-

2255 4349 2352 4400 μεν
2391 4334 2496 4402 γὰρ
2527 4331 2657 4384 Θεὸν
2686 4333 3076 4397 ἀποσταλέντα,
3114 4334 3204 4386 καὶ
3247 4335 3529 4407 ἄνθρωπον
3571 4340 3821 4393 ἀποστεί-

2251 4423 2444 4477 λαντα’
2481 4427 2508 4476 6
2528 4425 2636 4494 γὰρ
2653 4424 2731 4495 τῷ
2763 4425 2956 4478 Ἰακὼϐ
2990 4428 3388 4496 συμπαλαξσας,
3413 4429 3597 4498 φησίν·
3629 4450 3647 4482 ι
3673 4433 3824 4486 Ἀπό-

2253 4517 2455 4569 στειλόν
2507 4532 2596 4586 με·
2632 4516 2796 4586 ἀνέϐη
2850 4517 2957 4586 γὰρ
3000 4518 3026 4568 6
3073 4518 3300 4589 ὄρθρος·
3353 4521 3489 4590 πρὸς
3533 4522 3593 4574 ὃν
3629 4523 3822 4577 Ἰακὼϐ

2252 4610 2384 4680 ἔφη’
2415 4612 2486 4664 Οὐ
2527 4612 2598 4681 μή
2631 4628 2690 4663 σε
2716 4611 3018 4665 ἀποστείλω
3041 4610 3134 4665 ἐὰν
3167 4613 3239 4682 μή
3286 4629 3353 4682 με
3394 4614 3722 4686 εὐλογήσῃςο
3768 4617 3822 4668 τί

588 4723 716 4762 vero
769 4721 834 4758 ex
905 4700 1202 4756 Dominicis
1267 4711 1480 4766 quoque
1535 4709 1926 4764 cognoscemus
1973 4694 2145 4749 verbis

2259 4703 2390 4771 πρὸς
2415 4702 2584 4755 ταῦτα
2609 4702 2785 4769 λέγειν
2819 4701 3028 4772 ἔχουσιν
3071 4702 3118 4754 οἱ
3161 4702 3314 4769 σοφοὶ
3343 4702 3440 4772 τῆς
3468 4703 3706 4767 πίστεως
3732 4722 3822 4756 τεο

589 4805 761 4870 ipsnm
801 4809 1012 4866 quoque
1049 4794 1347 4846 mittentem
1385 4787 1597 4842 Patrem
1645 4786 1811 4841 misso
1854 4802 1976 4840 cum
2013 4785 2148 4840 Filio

589 4889 1026 4944 coexsistentem.
1071 4900 1090 4933 ι
1125 4882 1280 4935 Solus
1313 4879 1477 4944 enim,
1516 4879 1711 4946 inquit,
1746 4893 1849 4932 non
1875 4893 2018 4941 sum,
2054 4877 2147 4932 sed

588 4995 684 5048 ego
719 4986 772 5030 et
799 4977 890 5044 qui
931 4973 1074 5028 misit
1107 4985 1190 5024 me
1217 4968 1463 5023 Pater”.
1505 4987 1522 5018 ι
1557 4966 1623 5019 Et
1652 4967 1760 5022 alio
1787 4967 1900 5021 loco
1929 4984 1940 5018 :
1977 4986 1995 5018 ι
2031 4968 2147 5020 Non

591 5070 804 5136 reliquit
842 5081 926 5120 me
963 5064 1134 5118 solum
1165 5060 1326 5114 Pater
1384 5075 1534 5114 meus
1554 5060 1617 5112 ".
1651 5079 1669 5111 ι
1701 5058 1768 5113 Ει
1799 5060 1922 5114 alibi
1951 5075 1964 5109 :
2000 5078 2016 5110 ι
2047 5057 2151 5111 Pa-

590 5174 668 5216 tcr
714 5173 863 5213 meus
913 5158 963 5209 in
1006 5169 1089 5209 me
1126 5166 1371 5214 manens,
1421 5152 1534 5221 ipse
1579 5164 1739 5218 opera
1775 5150 1905 5204 facit
1928 5149 1992 5203 ".
2033 5169 2050 5200 ι
2093 5149 2150 5203 Si

590 5268 718 5323 ergo
766 5254 817 5306 in
873 5252 986 5320 ipso
1022 5259 1074 5302 ει
1127 5263 1244 5302 cum
1296 5248 1409 5315 ipso
1449 5255 1566 5301 erat
1599 5245 1692 5314 qui
1735 5246 1900 5310 misit,
1933 5247 2147 5300 ubinam

590 5345 803 5400 vilitas?
834 5343 1000 5397 Porro
1027 5340 1118 5409 qui
1144 5339 1322 5393 omnia
1362 5337 1568 5405 implet,
1595 5353 1708 5405 quo
1738 5337 1819 5390 vel
1860 5338 1997 5390 unde
2021 5339 2151 5392 mis-

593 5452 684 5492 sus
711 5437 846 5489 fuit?
882 5435 1012 5488 Nam
1053 5432 1236 5486 missio
1263 5431 1363 5484 loci
1413 5432 1760 5484 mutationem
1792 5429 1986 5482 innuit.
2028 5428 2145 5482 Jatn

594 5531 638 5582 si
670 5530 846 5580 omnia
882 5525 1040 5578 Pater
1073 5523 1349 5591 Filiusque
1391 5523 1711 5584 continent,
1771 5535 1943 5588 neque
1989 5520 2150 5574 Pater

593 5635 690 5672 ceu
721 5626 957 5670 remotus
992 5616 1054 5668 ab
1084 5613 1188 5668 illis
1235 5613 1304 5666 ad
1346 5627 1478 5680 quos
1513 5612 1688 5675 tnisit,
1729 5611 1920 5663 Filium
1971 5611 2146 5674 misit;

597 5725 766 5778 neque
792 5706 958 5760 Filius
991 5720 1056 5759 ex
1101 5706 1206 5758 alio
1255 5704 1307 5757 in
1355 5703 1514 5757 alium
1555 5700 1770 5772 694m
1812 5703 2023 5755 transiit
2068 5701 2149 5754 lu-

2253 4793 2366 4862 χνοὶ
2379 4794 2523 4860 ὁγοι;
2563 4792 2771 4854 Ἀλλως
2795 4791 2850 4843 δὲ
2873 4793 2964 4843 καὶ
2993 4793 3055 4844 ὲκ
3079 4791 3185 4843 τῶν
3219 4792 3562 4844 Δεσποτικῶν
3591 4794 3821 4864 εὑρήσο-

2257 4888 2355 4953 μεν
2389 4884 2645 4954 ῥημάτων
2678 4885 2770 4935 καὶ
2801 4882 2959 4936 αὑτὸν
3005 4884 3094 4935 τὸν
3146 4882 3437 4951 πέμψαντα
3478 4884 3698 4955 Πατέρα
3745 4885 3824 4955 τῷ

2255 4976 2552 5046 πεμφθέντι
2579 4974 2690 5046 ΥΞῷ
2716 4975 2956 5028 συνόντα·
2981 4995 2996 5025 ι
3013 4975 3181 5036 Μῦνος
3206 4975 3332 5044 γὰρ,
3358 4977 3540 5043 φησὶν,
3557 4976 3658 5028 οὐχ
3683 4977 3820 5046 εἰμὶ,

2253 5067 2363 5120 ἀλλ’
2398 5068 2505 5134 ἐγὼ
2553 5067 2647 5120 καὶ
2696 5067 2724 5117 ὁ
2771 5066 2990 5135 πέμ-διας
3024 5083 3087 5134 με
3121 5068 3336 5136 Πατήρ·
3371 5085 3389 5116 ι
3423 5066 3515 5118 καὶ
3542 5066 3776 5136 ἀλλαχοῦ
3805 5082 3818 5094 '

2260 5177 2275 5206 ι
2307 5158 2416 5210 Οὐκ
2449 5157 2626 5226 ἀφῆκέ
2657 5173 2722 5225 με
2752 5156 2910 5224 μόνον
2935 5157 2963 5207 6
2993 5156 3179 5225 Πατήρ
3207 5171 3335 5225 μου·
3365 5175 3382 5206 ι
3418 5157 3511 5207 καὶ
3526 5155 3818 5220 ἑτέρωθεν

2260 5270 2275 5298 ι
2300 5249 2356 5302 Ὀ
2375 5250 2562 5319 Πατήρ
2583 5265 2679 5318 μου
2703 5250 2731 5300 6
2753 5251 2809 5301 ὲν
2831 5248 2951 5318 ἐμοὶ
2973 5247 3164 5316 μένων,
3185 5246 3344 5308 αὐτὸς
3370 5249 3513 5298 ποιεῖ
3538 5246 3608 5298 τὰ
3628 5248 3818 5315 έργα.ι

2255 5342 2316 5393 ΕΞ
2351 5340 2527 5392 τοίνυν
2559 5340 2614 5392 ὲν
2640 5339 2806 5408 αὐτῷ,
2843 5339 2934 5391 καὶ
2969 5340 3063 5392 σὺν
3099 5337 3247 5407 αὐτῷ
3282 5333 3348 5407 ἦν
3378 5339 3404 5390 6
3434 5337 3676 5406 πέμψας.
3723 5339 3824 5392 ποῦ

2253 5430 2346 5483 τοῦ
2383 5429 2719 5499 πεμφθέντος
2750 5431 2782 5499 ἡ
2808 5428 3081 5494 εὐτέλεια;
3113 5430 3139 5480 6
3171 5429 3225 5479 δὲ
3265 5429 3331 5482 τὰ
3372 5431 3544 5482 πάντα
3576 5428 3822 5498 πληρῶν,

2257 5519 2359 5572 ποῦ
2410 5521 2502 5572 καὶ
2541 5521 2699 5572 πόθεν
2739 5520 3050 5590 ἀπεστάλη;
3103 5521 3134 5590 ἡ
3175 5518 3280 5589 γὰρ
3332 5519 3623 5588 ἀποστολὴ,
3651 5519 3824 5572 τόπου

2255 5610 2491 5678 ἀλλαγὴν
2522 5611 2845 5662 αἰνίττεται·
2882 5612 2928 5661 εἰ
2959 5610 3015 5661 δὲ
3043 5608 3111 5661 τὰ
3139 5610 3314 5661 πάντα
3347 5609 3535 5679 Πατὴρ
3574 5611 3667 5660 καὶ
3697 5610 3826 5674 Υίὶς

2259 5704 2518 5772 περιέχει,
2547 5702 2666 5755 οὗτε
2696 5705 2723 5753 6
2747 5702 2931 5772 Πατὴρ
2956 5702 3029 5766 ὡς
3057 5702 3242 5772 πόρῤω
3269 5702 3550 5770 τυγχάνων
3577 5701 3827 5767 ἐκείνων,

669 5907 710 5940 ³⁸
744 5904 900 5960 Joan.
936 5920 1045 5970 vm,
1074 5905 1250 5959 ιιι-19.
1329 5903 1372 5933 ³³
1403 5901 1533 5959 Gen.
1572 5916 1744 5967 xxx",
1770 5903 1859 5961 26.
1938 5903 1981 5936 ³³
2006 5901 2138 5959 .loan

2259 5916 2316 5970 tt,
2364 5903 2446 5957 16.
2524 5903 2565 5935 ³⁸
2604 5903 2730 5959 ibid.
2767 5901 2856 5960 ‘29.
2927 5902 2970 5935 ³⁵
3008 5899 3135 5957 Jvar‘.
3202 5916 3308 5969 xiv,
3340 5902 3426 5958 10.
