4006 6456
218 419 361 477 1169

1576 422 1665 478 DE
1702 421 2094 483 TRINITATE.

3361 432 3517 487 “70‘

214 532 357 603 πρὸς
387 530 485 596 οὓς
528 531 868 599 ἀπέστειλεν,
904 534 1120 605 ἔπεμψε
1162 534 1254 588 τὸν
1284 534 1433 597 Υίὸν,
1460 532 1584 587 οὗτε
1627 536 1656 587 6
1686 533 1812 598 Υίὺς

1922 553 2063 594 cum.
2100 539 2361 610 Superest
2393 557 2523 614 ergo
2554 552 2610 597 ut
2651 544 3039 599 existimemus-
3074 556 3366 615 assumpta:
3402 549 3501 602 ltu-

216 621 278 686 ἑξ
305 624 498 694 ἑτέρου
536 626 616 688 είς
644 624 832 695 ἕτερον
864 627 1209 696 μεταὸἐδηκε
1246 626 1412 680 τόπον
1434 642 1446 655 ·
1478 625 1674 679 οὐκοῦν
1701 626 1812 679 λεί-

216 729 379 766 πεται
403 717 545 768 νοεῖν
570 715 672 785 τῆς
693 717 1097 790 ἀναληφθείσης
1114 719 1532 791 ἁνθρωπότητος
1560 719 1659 790 τὴν
1679 720 1813 774 ἀπο-

213 806 415 878 στολὴν
452 802 617 861 εἶναι.

301 938 445 991 Ἀλλ’
480 940 576 993 ἐπὶ
603 940 703 1013 τὴν
726 942 1021 1013 ἑρμηνείαν
1044 942 1155 998 τῶν
1177 946 1521 1000 Δεσποτικῶν
1548 946 1812 1017 ῥημάτων

213 1031 561 1103 ἀναδραμεῖν
593 1035 835 1105 καιρός.ι
857 1035 946 1089 Ἐν
978 1035 1055 1107 τῷ
1084 1037 1252 1109 νόμῳ,
1284 1038 1533 1110 φησὶ,τῷ
1562 1040 1814 1111 ὑμετέρῳ

212 1122 555 1193 γέγραπται,
582 1126 666 1179 ὅτι
711 1125 806 1179 δύο
853 1126 1157 1198 ἀνθρώπων
1204 1132 1239 1201 ἡ
1292 1134 1567 1205 μαρτυρία
1605 1133 1814 1206 ἀληθής

216 1215 425 1267 ἐστινί
450 1212 573 1269 εἶτα
599 1216 912 1285 ἑπάγει,ὅτι
945 1238 963 1271 ι
985 1219 1129 1289 Ἐγώ
1157 1222 1273 1293 είμι
1301 1224 1331 1276 6
1359 1224 1659 1297 μαρτυρῶν
1684 1226 1813 1297 περὶ

216 1306 486 1375 ἐμαυτοῦ,
517 1309 612 1361 καὶ
658 1313 929 1381 μαρτυρεῖ
961 1312 1090 1384 περὶ
1118 1313 1254 1384 ἐμοῦ
1287 1316 1317 1369 6
1344 1314 1570 1387 πέμψας
1601 1335 1668 1388 με
1696 1319 1813 1373 Πα-

216 1399 350 1469 τήρ.
390 1419 410 1452 ι
452 1400 884 1471 Ἀποόλέψαντες
916 1404 1099 1458 τοίνυν
1145 1405 1246 1477 τὴν
1292 1407 1496 1473 εἰκόνα,
1527 1410 1814 1481 νοήσωμεν

218 1494 281 1546 τὸ
313 1494 630 1563 ἀρχέτυπον
650 1510 661 1524 ⁸
706 1513 725 1547 ι
752 1496 877 1560 Δύο,
909 1498 1095 1567 φησὶν,
1130 1497 1437 1570 ἀνθρώπιον
1464 1501 1497 1571 ἡ
1538 1502 1816 1575 μαρτυρία

216 1583 431 1654 ἀληθής
470 1586 622 1640 ἐστιν
645 1602 660 1617 ⁶
703 1605 721 1637 ι
771 1587 881 1641 τῶν
912 1588 969 1643 δὲ
1004 1589 1098 1645 δύο
1126 1591 1429 1662 ἀνθρώπων
1460 1594 1491 1664 ἡ
1519 1592 1682 1662 φύσις
1714 1596 1815 1665 μία

215 1674 467 1744 δηλονότι
496 1677 647 1747 παρὰ
684 1680 853 1732 πᾶσιν
879 1680 946 1733 ἂν
968 1680 1314 1752 ὡμολόγηται
1335 1701 1348 1714 ·
1378 1684 1575 1738 οὐκοῦν
1600 1686 1815 1756 Πατρὸς

218 1767 316 1820 καὶ
354 1767 488 1821 Υίοῦ
513 1770 547 1838 ἠ
578 1769 737 1823 οὐσία
764 1772 884 1840 μία,
910 1772 1009 1842 μία
1036 1772 1135 1843 [ita
1165 1774 1264 1844 μία
1293 1774 1402 1847 bis]
1434 1777 1498 1829 ὲκ
1543 1776 1642 1844 τῆς
1672 1778 1816 1831 είκό-

1921 632 2203 690 manitatis
2232 633 2401 691 fuisse
2414 637 2758 694 missionem.

1990 938 2101 996 Sed
2120 940 2232 1011 jam
2262 950 2477 1013 tempus
2497 954 2577 1000 est
2608 946 2757 1001 nt-ad
2783 944 3187 1001 Dominicorum
3211 948 3501 1003 verborum

1917 1035 2428 1104 interpretationem
2452 1038 2755 1095 veniamus.
2787 1058 2807 1089 ι
2838 1038 3056 1104 Vestra,
3086 1041 3282 1111 inquit,
3308 1042 3360 1096 in
3388 1042 3504 1112 lege

1916 1126 2181 1197 scriptum
2226 1138 2333 1195 est,
2365 1128 2594 1184 duorum
2634 1130 2912 1185 hominum
2964 1134 3335 1188 testimonium
3383 1148 3504 1189 esse

1919 1216 2129 1269 ‘verum.
2165 1234 2184 1268 ι
2212 1216 2417 1273 Deinde
2449 1219 2599 1273 addit
2629 1238 2642 1273 :
2676 1239 2695 1272 ι
2730 1220 2840 1290 Ego
2867 1236 2987 1276 sum
3014 1223 3104 1293 qui
3133 1225 3502 1278 testimonium

1915 1304 2179 1375 perhibeo
2203 1307 2272 1364 de
2314 1308 2543 1377 meipso.
2565 1320 2619 1364 et
2638 1311 3003 1367 testimonium
3030 1313 3279 1381 perhibet
3307 1314 3371 1367 dc
3393 1330 3501 1378 me,

1916 1397 2008 1463 qui
2052 1398 2201 1451 misit
2240 1413 2345 1463 me,
2383 1397 2565 1454 Pater.
2599 1418 2618 1451 ι
2652 1400 2793 1471 Ergo
2834 1402 3123 1473 imaginem
3171 1414 3501 1472 spectantes,

1917 1488 2271 1560 archetypum
2313 1505 2731 1561 cognoscamus.
2772 1512 2791 1544 ι
2828 1493 3099 1560 Duorum,
3144 1495 3356 1565 inquit,
3402 1490 3501 1550 lio-

1918 1581 2125 1635 minum
2164 1596 2355 1637 verum
2392 1590 2478 1639 est
2527 1585 2941 1651 testimonium;
2991 1604 3010 1638 ι
3075 1587 3227 1655 atqui
3273 1588 3501 1641 duorum

1918 1672 2197 1727 hominum
2236 1689 2400 1728 unam
2431 1688 2553 1730 esse
2584 1686 2833 1731 naturam
2870 1678 3054 1732 cuncti
3092 1677 3365 1743 fatentur;
3402 1680 3503 1747 igi-

1920 1772 2009 1819 tur
2037 1763 2217 1821 Patris
2249 1774 2305 1821 et
2327 1766 2446 1820 Filii
2476 1776 2730 1822 naturam
2766 1783 2959 1831 unam,
2993 1784 3154 1824 unam
3203 1784 3395 1841 reapse
3436 1786 3505 1825 ex

213 1875 310 1922 νος
341 1858 672 1929 νοηθήσεταί
718 1878 779 1915 τε
829 1863 923 1916 καὶ
953 1864 1450 1937 δμολογηθήσεται·
1484 1866 1677 1939 ὥσπερ
1708 1868 1812 1939 γάρ

1922 1858 2163 1929 imagine
2194 1874 2584 1930 cognoscemus
2624 1868 2679 1914 et
2704 1861 3105 1917 conﬁtebimur.
3150 1862 3306 1917 Sicut
3361 1863 3505 1919 enim

214 1952 337 2002 sui
367 1950 462 2004 δύο
484 1952 783 2024 ἄνθρωποι,
810 1954 956 2009 οὕτω
984 1956 1079 2010 καὶ
1105 1956 1343 2011 ἐνταῦθα
1367 1957 1499 2022 Θεὸς
1529 1960 1622 2013 καὶ
1655 1960 1811 2027 Θεὸς,

218 2040 416 2112 Πατὴρ
467 2043 741 2108 καὶϊίδς,
773 2046 869 2099 καὶ
895 2047 1082 2111 αὐτοῖς
1122 2050 1237 2112 τοῖς
1263 2048 1493 2119 ὀνόμασι
1524 2049 1813 2123 δηλοῦντες

213 2130 319 2199 τῆς
361 2129 583 2198 φύσεως
608 2133 710 2204 τὴν
740 2136 1046 2208 ταυτότητι
1064 2154 1078 2167 '
1105 2137 1228 2192 οὔτε
1252 2139 1360 2211 γάρ
1386 2142 1415 2193 6
1439 2139 1656 2211 ἀληθῶς
1680 2143 1814 2208 Θεὸς

214 2220 416 2292 ἑτέρας
444 2222 511 2276 ἂν
538 2222 624 2295 εἴη
657 2225 874 2294 φύσεως
894 2230 1045 2300 παρά
1071 2229 1163 2284 τὸν
1190 2230 1459 2301 ἀληθινῶς
1491 2232 1625 2286 Θεόν
1644 2250 1656 2262 ·
1687 2232 1813 2287 οὔτε

212 2314 246 2366 6
296 2315 428 2379 Υίὸς
478 2317 638 2382 ἄλλος
691 2324 824 2394 παρ’
857 2323 1065 2378 ἐκεῖνον
1088 2366 1102 2391 ,
1156 2325 1294 2380 Θεοῦ
1347 2328 1612 2399 ὑπάρχων
1660 2329 1809 2394 Υίός.

215 2407 442 2463 Τούτων
466 2410 803 2477 ἀκούσαντες
826 2415 876 2468 οἱ
903 2416 1145 2472 Ἰουδαῖοι
1159 2419 1453 2492 ἠρώτησαν
1475 2420 1688 2475 αὑτόν-ι
1702 2423 1811 2477 Ποῦ

214 2501 370 2556 ἔστιν
410 2506 440 2556 6
467 2505 661 2577 Πατήρ
711 2523 882 2575 σονς»
934 2510 1231 2583 Ἀπεκρίθη
1282 2514 1462 2567 τοίνυν
1487 2518 1516 2568 6
1562 2516 1767 2588 Ἰησοῦς
1792 2532 1808 2549 ⁸

221 2614 241 2646 ι
271 2594 412 2649 Οὔτε
465 2597 567 2669 ἐμὲ
614 2601 815 2666 οἴδατε,
858 2601 981 2656 οὔτε
1016 2604 1108 2657 τὸν
1152 2605 1373 2678 Πατέρα
1426 2625 1560 2679 μου·
1616 2610 1665 2663 εί
1712 2610 1813 2681 ἐμὲ

213 2683 421 2756 ᾔδειτε,
463 2690 558 2743 καὶ
593 2689 687 2743 τὸν
723 2692 946 2765 Πατέρα
987 2711 1089 2765 μου
1127 2695 1306 2767 ᾔδειτε
1346 2696 1430 2750 ἀν.
1465 2717 1484 2751 ι

298 2915 500 2985 Ὁρᾶτε
525 2915 686 2969 πάλιν
706 2916 823 2981 πῶς
846 2918 1093 2973 ἐντεῦθεν
1114 2920 1175 2974 τὸ
1194 2922 1479 2991 ὁμοοῦσιον
1500 2924 1807 2982 δείκνυται·

215 3007 284 3063 El
308 3009 411 3079 ἐμὲ
443 3009 572 3081 γὰρ,
599 3011 784 3080 φησὶν,
809 3011 1006 3082 ᾔδειτε,
1032 3014 1127 3066 καὶ
1152 3013 1245 3068 τὸν
1265 3016 1485 3087 Πατέρα
1511 3036 1612 3088 μου
1632 3020 1813 3091 ᾔδειτε

213 3100 285 3154 ἂν
304 3116 320 3131 ο
361 3102 428 3153 ὲκ
469 3100 528 3153 δὶ
556 3101 651 3153 τοῦ
684 3102 1025 3172 ἑτεροουσίου
1059 3104 1120 3157 τδ
1150 3106 1491 3178 ἑτεροούσιον
1518 3110 1580 3164 οὐ
1611 3113 1812 3184 γνωρί-

216 3191 401 3255 ζεται·
436 3193 506 3246 τὰ
536 3192 645 3265 γὰρ
675 3194 946 3266 ἀλλόφυλα
987 3196 1081 3250 καὶ
1122 3197 1272 3264 ξένα,
1303 3184 1551 3265 ἀλλήλων
1572 3203 1674 3256 οὐκ
1706 3204 1814 3257 εἰσὶ

212 3284 526 3355 δηλωτικὰ·
547 3256 644 3338 ’τά
686 3285 747 3341 δδ
791 3256 1007 3355 φύσεως
1054 3256 1438 3357 κοινωνοῦντα,
1469 3292 1537 3346 δι’
1566 3294 1815 3365 ἀλλήλων
1842 3256 1885 3313 C

215 3374 586 3442 γινώσκεται’
618 3376 688 3429 δι⁹
717 3376 837 3439 ἑνὸς
871 3378 970 3448 μὲν
1007 3378 1321 3450 ἀνθρώπου,
1358 3385 1538 3438 πᾶσαν
1577 3384 1687 3438 τῶν
1724 3388 1817 3439 ἀν-

216 3462 459 3533 θρώπων
488 3463 597 3534 τὴν
620 3463 783 3532 φύσιν
813 3465 940 3519 ἰδεῖν
972 3466 1118 3520 ἐστι’
1155 3472 1250 3523 καὶ
1284 3471 1353 3523 δι’
1378 3472 1498 3536 ἑνὸς
1540 3475 1814 3544 προϐάτου

216 3553 327 3607 τῶν
359 3554 653 3623 προσάτων
686 3556 832 3609 ἅπαν
860 3559 921 3611 τὸ
956 3560 1139 3626 γένος·
1170 3563 1232 3615 οὐ
1272 3563 1379 3633 μὴν
1411 3564 1499 3618 διά
1528 3567 1817 3638 προϐάτων

213 3644 347 3706 τοὺς
384 3645 633 3709 λέοντας,
659 3646 781 3699 οὐδὲ
810 3647 899 3702 διὰ
927 3647 1159 3703 λεόντων
1187 3652 1255 3705 τὰ
1288 3654 1559 3724 πρόόατα,
1588 3657 1697 3710 οὐδ’
1725 3658 1820 3726 ἀγα

216 3735 413 3804 γέλους
443 3737 536 3791 διὰ
570 3738 893 3807 ἀνθρώπιον,
934 3742 1056 3795 οὐδὲ
1079 3743 1165 3796 διὰ
1191 3745 1437 3824 ἀγγέλων
1458 3748 1778 3819 ἀνθρώπους
1800 3768 1813 3781 ·

218 3828 359 3883 ζῶον
380 3829 491 3900 γάρ
515 3830 745 3886 ἕκαστον
766 3834 865 3903 τῆς
892 3836 1099 3900 οἰκείας
1120 3836 1417 3908 δηλωτικόν
1439 3840 1553 3893 ἐστι
1580 3842 1815 3911 φύσεως.

218 3920 286 3976 El
313 3921 496 3975 τοίνυν
518 3925 549 3975 6
583 3926 875 3995 μονογενὴς
894 3926 1066 3996 Λόγος
1088 3928 1184 3982 τοῦ
1206 3930 1341 3984 Θεοῦ
1369 3933 1595 4005 κτίσμα,
1635 3938 1728 3990 καὶ
1759 3937 1818 4004 ἐξ

214 4012 321 4065 οὐκ
345 4011 536 4079 ὄντων,
567 4014 662 4066 καὶ
714 4014 772 4080 ἐξ
817 4016 1011 4087 ἑτέρας
1056 4018 1201 4081 τινὸς
1243 4022 1535 4093 γεγένηται
1577 4025 1814 4093 φύσεως,

219 4102 339 4168 πῶς
368 4103 426 4155 ὲν
460 4104 612 4175 αὑτῷ
642 4104 734 4157 τὸν
766 4106 985 4176 Πατέρα
1016 4108 1256 4164 δείκνυσι
1301 4114 1719 4185 πιστευόμενος;
1769 4119 1818 4171 εί

214 4193 275 4248 δι
306 4196 335 4247 6
363 4195 554 4265 Πατὴρ
591 4196 680 4249 διὰ
708 4196 800 4250 τοῦ
830 4198 961 4253 Υίοῦ
1008 4200 1356 4269 γινώσκεται,
1386 4206 1478 4257 καὶ
1509 4207 1539 4257 6
1570 4206 1661 4261 τὸν
1688 4209 1816 4263 Υίὸν

218 4285 526 4353 γινώσκων,
562 4290 655 4341 καὶ
702 4289 795 4343 τὸν
845 4292 1064 4361 Πατέρα
1094 4293 1371 4362 γινώσκει,
1409 4298 1667 4371 πεδηθείη
1715 4300 1816 4371 μὲν

219 4379 370 4431 πᾶσα
410 4379 733 4449 βλάσφημος
764 4382 1002 4450 γλῶσσα.
1041 4386 1132 4438 καὶ
1162 4385 1239 4456 τῷ
1269 4388 1504 4459 λάρυγγι
1543 4393 1683 4445 κατά
1724 4393 1815 4448 τὸν

219 4470 511 4539 προφήτην
548 4469 835 4543 κολληθείη
860 4489 872 4501 °
912 4474 1077 4543 ἡμεῖς
1101 4474 1158 4526 δὲ
1187 4477 1236 4527 οί
1270 4476 1371 4546 τῆς
1399 4479 1629 4547 Τριάδος
1648 4498 1815 4552 προσ-

219 4560 452 4630 κυνηταὶ
486 4560 688 4631 ἀκριὸῆ
722 4562 816 4616 τοῦ
846 4565 1134 4634 ὀμοουσίου
1167 4566 1417 4622 ἐντεῦθεν
1466 4569 1567 4643 τὴν
1609 4575 1812 4641 γνῶσιν

1922 1951 1994 2004 ibi
2027 1951 2137 2006 duo
2164 1951 2435 2015 homines,
2461 1952 2533 2005 ita
2570 1961 2623 2006 et
2650 1952 2737 2008 hic
2787 1953 2927 2009 Deus
2958 1964 3013 2007 et
3044 1952 3216 2019 Deus,
3251 1953 3414 2009 Pater
3454 1965 3509 2010 et

1919 2040 2116 2105 Filius,
2146 2040 2237 2111 qui
2270 2041 2582 2096 nominibus
2611 2042 2725 2097 suis
2757 2042 2893 2111 ipsis
2917 2044 3166 2098 eamdem
3199 2058 3319 2099 esse
3350 2054 3509 2098 natu-

1920 2147 2038 2188 ram
2066 2132 2371 2187 declarant.
2406 2131 2595 2204 Neque
2619 2134 2764 2188 enim
2797 2133 2888 2204 qui
2917 2149 3078 2190 verus
3105 2134 3178 2190 sit
3210 2134 3371 2197 Deus,
3407 2150 3505 2189 na-

1922 2233 2043 2279 tura
2065 2222 2279 2279 ὤσει-ει
2312 2239 2343 2279 a
2372 2238 2505 2280 vero
2541 2224 2689 2289 Deo;
2729 2238 2903 2293 neque
2942 2223 3116 2279 Filius
3163 2222 3411 2279 diversus
3440 2226 3508 2278 ab

1921 2316 2015 2373 illo
2052 2317 2179 2382 erit,
2213 2330 2337 2372 cum
2374 2316 2448 2372 sit
2480 2316 2574 2371 Dei
2602 2316 2793 2371 Filius.
2828 2314 2924 2371 His
2958 2315 3184 2381 auditis,
3217 2313 3387 2371 Judaei
3426 2315 3508 2369 in-

1921 2416 2339 2479 terrogaverunt
2381 2422 2546 2463 eum:
2610 2425 2628 2459 ι
2664 2406 2893 2463 Ubinam
2942 2416 3030 2462 est
3069 2406 3235 2462 Pater
3280 2407 3450 2461 tuus?
3485 2426 3502 2457 ι

1919 2502 2218 2573 Respondit
2252 2503 2437 2573 itaque
2468 2499 2627 2557 Jesus
2657 2520 2671 2555 :
2707 2517 2726 2551 ι
2757 2499 2944 2561 Neque
2983 2514 3071 2554 me
3118 2499 3304 2565 scitis,
3334 2512 3510 2568 neque

1920 2592 2138 2649 Patrem
2196 2608 2425 2649 meum:
2478 2592 2527 2648 si
2591 2605 2678 2648 me
2735 2590 2971 2657 sciretis,
3025 2588 3245 2645 Patrem
3292 2603 3511 2660 quoque

1921 2701 2101 2743 meum
2130 2685 2366 2743 sciretis.
2402 2703 2419 2737 I

1993 2908 2187 2965 Videte
2238 2923 2429 2966 rursus
2477 2911 2749 2980 quomoda
2792 2909 2920 2965 hinc
2967 2909 3509 2967 consubstantialitns

1920 3003 2348 3057 demonstratur.
2386 3002 2443 3055 Si
2482 3017 2589 3066 me,
2622 3001 3077 3071 inquit,sciretis,
3114 3000 3333 3057 Patrem
3376 3018 3511 3070 quu-

1919 3106 2029 3162 que
2065 3107 2243 3146 meum
2288 3090 2523 3145 sciretis.
2562 3094 2629 3145 At
2672 3107 2802 3147 vero
2849 3108 2915 3146 ex
2949 3107 3015 3147 eo
3046 3095 3190 3162 quod
3236 3094 3509 3147 diversum

1919 3194 2003 3239 εει
2034 3192 2253 3249 natura,
2292 3184 2523 3239 alterum
2557 3185 2685 3240 item
2723 3185 3042 3239 naturaliter
3090 3186 3369 3241 diversum
3402 3200 3507 3238 non

1922 3273 2281 3342 dignoscitur.
2334 3273 2580 3343 Namque
2629 3273 2806 3327 aliena
2848 3273 3082 3329 invicem
3118 3284 3174 3328 et
3222 3284 3541 3340 extranea,

1923 3364 2158 3419 invicem
2189 3380 2293 3419 non
2326 3366 2703 3419 demonstrant
2738 3383 2751 3419 :
2777 3366 2869 3419 sed
2900 3373 3107 3419 natura:
3126 3365 3513 3420 communione

1921 3458 2242 3527 conjuncta,
2279 3472 2347 3512 ex
2378 3456 2645 3513 alterutro
2676 3466 3001 3513 noscuntur.
3032 3456 3109 3513 Ex
3141 3472 3247 3511 uno
3290 3456 3513 3511 homine

1921 3549 2233 3605 universam
2273 3550 2553 3604 hominum
2594 3559 2847 3605 naturam
2884 3564 3217 3621 cognoscere
3262 3549 3420 3615 licet;
3457 3558 3512 3605 et

1919 3661 1989 3702 ex
2021 3662 2125 3701 una
2157 3660 2280 3710 ove,
2310 3646 2624 3701 universum
2674 3645 2855 3699 ovium
2904 3661 3118 3715 genus:
3174 3660 3279 3700 non
3326 3651 3511 3699 tamen

1921 3754 1986 3795 ex
2020 3738 2215 3795 ovibus
2246 3738 2464 3803 leones,
2506 3752 2682 3807 neque
2721 3752 2788 3792 ex
2828 3736 3078 3793 leonibus
3119 3751 3291 3792 oves:
3338 3752 3512 3806 neque

1921 3830 2144 3900 angelos
2176 3843 2239 3885 ex
2284 3829 2615 3895 hominibus,
2659 3843 2838 3898 neque
2869 3844 2937 3884 ex
2970 3827 3174 3900 angelis
3212 3829 3460 3884 homines
3496 3848 3507 3883 :

1923 3936 2049 3976 nam
2082 3921 2508 3990 unumquodque
2539 3920 2737 3975 animal
2776 3921 3011 3991 propriae
3044 3929 3253 3975 natura:
3284 3920 3509 3975 demen-

1918 4014 2207 4069 strativum
2267 4024 2370 4069 est.
2432 4012 2491 4067 Si
2540 4028 2670 4083 ergo
2715 4014 3056 4084 unigenitum
3121 4014 3354 4068 Verbum
3414 4014 3509 4068 Dei

1919 4116 2174 4162 creatura
2197 4114 2301 4170 εει,
2332 4116 2387 4161 ει
2411 4121 2478 4161 ex
2503 4120 2608 4161 non
2642 4116 2800 4161 antea
2833 4106 3201 4171 exstantibus,
3228 4116 3283 4161 et
3314 4104 3510 4161 exalia

1918 4196 2156 4266 quadam
2198 4206 2393 4250 natura
2426 4205 2634 4261 natum,
2675 4199 2945 4266 quomodo
2971 4196 3193 4268 695m
3228 4197 3280 4251 in
3318 4212 3381 4253 se
3408 4197 3512 4251 Pan

1920 4300 2059 4345 trem
2091 4290 2471 4354 demonstrat,
2508 4291 2553 4345 si
2585 4291 2634 4346 ei
2666 4292 2967 4346 credatur?
2991 4290 3110 4346 Jam
3144 4292 3188 4345 si
3221 4290 3384 4345 Pater
3416 4306 3512 4359 per

1922 4381 2118 4437 Filium
2144 4383 2479 4451 agnoscitur,
2510 4394 2563 4437 et
2593 4384 2685 4454 qui
2711 4383 2907 4438 Filium
2942 4384 3126 4449 novit,
3158 4385 3306 4439 novit
3328 4383 3511 4438 etPa-

1922 4484 2085 4539 trem,
2114 4474 2446 4542 impediatur
2471 4489 2606 4529 sane
2633 4476 2838 4543 quaevis
2865 4474 3047 4544 lingua
3073 4475 3410 4544 hlasphema,
3430 4487 3506 4537 et,

1922 4574 1983 4618 ut
2017 4564 2091 4617 ait
2126 4563 2419 4633 Propheta,
2460 4564 2707 4619 faucibus
2751 4565 3027 4619 adlizereat
3056 4566 3122 4619 ³⁸.
3168 4563 3277 4619 Nos
3327 4576 3506 4619 autem

218 4651 603 4721 λαμϐάνομεν
650 4652 988 4724 λογιζόμενοι
1031 4657 1108 4720 ὡς
1144 4660 1244 4711 οὐκ
1282 4660 1348 4713 ἂν
1378 4662 1580 4733 ἑτέρως
1610 4667 1667 4717 ὲν
1698 4666 1812 4737 Υἱῷ

1924 4655 2216 4711 Trinitatis
2242 4656 2558 4710 adoratores
2578 4666 2886 4710 accuratam
2926 4657 3050 4711 hinc
3072 4657 3509 4711 consubstantia-

219 4742 411 4813 Πατὴρ
438 4743 767 4815 ἐγνωρίσθη,
796 4747 845 4798 εί
876 4747 950 4817 μὴ
976 4748 1077 4816 τῆς
1101 4750 1271 4821 αὐτῆς
1292 4752 1481 4817 οὐσίας
1514 4756 1808 4826 ἐτύγχανε·

220 4838 315 4890 καὶ
372 4836 792 4909 προσκυνοῦμεν
829 4840 921 4893 τὸν
972 4842 1204 4914 Σωτῆρα
1247 4846 1338 4900 τὸν
1387 4848 1677 4919 ἡμέτερον,
1712 4851 1811 4920 τῆς

220 4931 649 4999 προσκυνήσεως
691 4930 783 4983 τὸν
823 4933 1038 5003 καρπὸν
1067 4936 1451 5005 ἀναμένοντες,
1482 4932 1543 4993 οὗ
1574 4943 1812 5013 χορηγὸς

218 5020 382 5083 αὐτὸς
408 5023 436 5073 6
461 5021 650 5092 Πατὴρ
674 5023 931 5093 τυγχάνει
959 5026 1101 5080 κατὰ
1126 5028 1225 5098 τὴν
1248 5029 1340 5083 τοῦ
1368 5032 1573 5101 Κυρίου
1601 5037 1805 5105 φωνήψ

222 5132 244 5163 ι
268 5114 396 5167 Ἐάν
426 5131 509 5177 τις
534 5114 663 5183 γὰρ,
696 5116 880 5185 φησὶν,
904 5118 1026 5186 ἐμοὶ
1056 5118 1371 5194 διακονήσῃ,
1399 5125 1621 5194 τιμήσει
1646 5128 1807 5182 αὐτὸν

214 5206 249 5257 6
275 5206 466 5275 Πατήρ
494 5223 596 5276 μου
617 5224 631 5238 ο
663 5226 685 5257 ›
718 5209 813 5261 καὶ
850 5211 879 5261 6
919 5209 1218 5281 θαυμάσιος
1252 5214 1307 5266 δὲ
1343 5216 1595 5286 Ἰωάννης
1627 5220 1655 5271 6
1685 5220 1806 5273 θεο-

220 5296 411 5364 λογῶν,
451 5318 469 5348 ι
495 5300 551 5351 '0
582 5300 854 5353 πιστεύων
884 5303 963 5367 είς
998 5303 1089 5356 τὸν
1116 5304 1261 5371 Υίὸν,
1300 5309 1485 5377 φησὶν,
1517 5310 1630 5379 ἔχει
1663 5313 1806 5382 ζωὴν

219 5390 439 5445 αἰώνιον
458 5407 470 5421 ·
493 5395 523 5444 6
549 5391 607 5444 δὲ
638 5393 879 5445 ἀπειθῶν
908 5395 985 5465 τῷ
1007 5396 1140 5466 Υἱῴ,
1169 5398 1268 5451 οὐκ
1294 5400 1485 5469 ὄψεται
1517 5402 1613 5471 τὴν
1639 5402 1805 5476 ζωὴν,

217 5482 335 5537 ἀλλ’
358 5486 390 5542 ἠ
426 5482 565 5555 ὀργὴ
601 5484 693 5537 τοῦ
724 5485 857 5537 Θεοῦ
894 5490 1047 5557 μενεῖ
1075 5490 1160 5542 ἐπ’
1187 5492 1367 5545 αὑτὸν.
1400 5512 1415 5542 ι

294 5857 335 5891 ν
371 5854 510 5913 Psal.
544 5871 763 5927 cxxxvt,
808 5859 856 5913 ti.
940 5859 953 5889 ³
1006 5857 1157 5914 .loan.
1197 5875 1292 5926 sn,
1324 5860 1412 5916 Siti.

1922 4747 2095 4802 litatis
2127 4748 2401 4801 notionem
2430 4746 2832 4815 adipiscamur;
2868 4758 3207 4816 reputantes,
3255 4764 3361 4801 non
3405 4747 3507 4801 ali-

1924 4850 2005 4895 ter
2036 4840 2229 4895 Filium
2281 4840 2334 4893 in
2374 4839 2539 4893 Patre
2573 4840 2687 4895 fore
2737 4840 3165 4909 agnoscendum,
3214 4840 3317 4894 nisi
3365 4840 3509 4910 ejus-

1920 4932 2043 4986 dem
2086 4940 2229 4986 esset
2278 4930 2633 4985 substantim:
2697 4932 3095 4999 adercmusquc
3157 4932 3504 4986 Servatorem

1920 5032 2167 5078 nostrum
2190 5065 2203 5089 ,
2238 5022 2415 5077 cultus
2440 5025 2610 5077 nostri
2646 5023 2878 5078 fructum
2915 5023 3317 5091 praestolantes,
3354 5025 3508 5092 cujus

1917 5118 2076 5172 dator
2124 5115 2286 5171 Pater
2318 5126 2421 5180 est,
2464 5117 2761 5171 secundum
2819 5116 3027 5169 Domini
3074 5117 3324 5171 dictum:
3385 5136 3403 5168 ι
3448 5119 3504 5171 Si

1916 5212 2039 5279 quis
2072 5210 2239 5275 enim,
2271 5208 2467 5277 inquit,
2502 5208 2631 5263 mihi
2670 5209 3088 5273 ministraverit,
3126 5209 3509 5264 honoriﬁcabit

1917 5315 2040 5354 cum
2086 5298 2248 5353 Pater
2284 5315 2437 5353 meus
2462 5300 2527 5351 ³⁷.
2571 5317 2587 5349 ι
2639 5296 2883 5368 Itemque
2944 5298 3299 5355 admirandus
3343 5301 3509 5355 Joan-

1920 5407 2017 5446 nes
2062 5391 2344 5460 theologus
2379 5406 2391 5441 :
2424 5410 2443 5442 ι
2484 5390 2583 5457 Qui
2618 5390 2791 5444 credit
2841 5391 2892 5444 in
2921 5389 3114 5443 Filium
3141 5429 3157 5455 ,
3184 5391 3380 5460 inquit,
3415 5391 3509 5445 ha-

1919 5481 2010 5534 bet
2047 5481 2212 5534 vitam
2250 5490 2506 5535 mternam
2538 5499 2549 5535 :
2596 5480 2687 5549 qui
2727 5492 2906 5535 autem
2943 5481 3255 5535 incredulus
3295 5494 3375 5537 est
3414 5482 3501 5537 Fin

1919 5571 2010 5633 lio,
2039 5568 2203 5621 vitam
2242 5585 2346 5624 non
2381 5570 2599 5636 videbit,
2652 5570 2744 5625 scd
2800 5571 2877 5625 ira
2923 5570 3015 5626 Dei
3066 5572 3304 5629 manebit
3342 5587 3507 5647 super

1920 5664 2094 5727 ipsum
2126 5663 2186 5716 ³¹¹.
2231 5682 2246 5712 ι

1495 5862 1535 5889 τί
1577 5859 1847 5929 10.1mm;
1881 5864 1968 5921 ἱΰ.
