4006 6452
589 375 717 430 1171

1570 379 1626 432 S.
1663 374 1933 430 CYRILLI
1974 370 2443 429 ALEXANDRIM
2479 375 2798 432 ARCHIEP.

3602 405 3644 449 ,.
3677 377 3812 432 tm

585 488 724 541 XVI.
769 491 916 554 Quod
958 493 1133 544 multis
1169 495 1293 544 locis
1345 493 1594 546 Dominus
1638 507 1795 544 unum
1836 505 1945 544 esse
1988 506 2118 545 tuan

2296 490 2411 559 lq'.
2435 493 2554 546 ’Ότι
2593 489 2904 559 πολλαχοῦ
2929 493 2974 559 id
3011 489 3222 555 Κύριος
3255 488 3404 559 μίαν
3437 488 3626 542 αὑτοῦ
3664 490 3758 544 καί

928 571 975 612 et
1011 559 1187 615 Patris
1215 563 1559 616 substantiam
1590 561 1784 613 docuit.

653 696 718 751 L't
747 706 923 750 autem
957 697 1060 751 alio
1089 712 1304 766 quoque
1341 697 1648 752 testimonio
1673 695 2134 752 consubstantiali-

581 795 739 840 tatem
779 788 1230 854 demonstremus,
1274 792 1442 858 ipsum
1487 791 1770 843 audiamus
1813 789 2130 842 clamantem

579 877 862 931 Dominum
895 895 957 932 ac
983 879 1248 934 dicentem
1275 894 1376 932 noo
1403 879 1654 947 apostolis
1688 889 1916 954 tantum,
1946 893 2130 932 verum

575 969 732 1022 etiam
762 969 996 1024 Judzcis:
1033 991 1048 1022 ι
1080 972 1181 1037 Qui
1216 973 1387 1025 credit
1429 972 1478 1024 in
1529 987 1638 1035 me,
1674 986 1776 1024 non
1813 972 1866 1024 in
1901 985 1985 1024 me
2009 985 2129 1024 cre-

575 1060 674 1122 dit,
699 1061 792 1113 sed
824 1060 874 1112 in
903 1076 1024 1114 eum
1057 1063 1144 1128 qui
1181 1063 1324 1114 misit
1354 1077 1454 1113 me.
1490 1061 1550 1113 Et
1585 1064 1671 1127 qui
1707 1063 1846 1114 videt
1878 1075 1980 1123 me,
2006 1075 2127 1116 eum

575 1146 661 1210 qui
702 1161 784 1200 me
814 1148 958 1201 misit
986 1149 1147 1202 videt.
1200 1149 1308 1215 Ego
1353 1150 1438 1201 lux
1486 1150 1538 1202 in
1588 1151 1839 1202 mundum
1896 1154 2040 1213 veni,
2071 1162 2130 1206 ut

571 1235 659 1298 qui
696 1235 745 1287 in
781 1251 862 1288 me
894 1239 1090 1303 credit,
1131 1241 1184 1290 in
1224 1240 1461 1293 tenebris
1502 1255 1606 1294 non
1656 1251 1968 1308 permaneat
1997 1242 2062 1292 ”.
2103 1261 2122 1294 ι

573 1323 625 1375 Si
658 1342 784 1394 ergo
817 1327 905 1396 qui
945 1330 1087 1381 videt
1111 1329 1326 1392 Filium,
1354 1331 1406 1384 in
1433 1331 1645 1385 Patrem
1677 1333 1867 1396 credit,
1903 1335 2126 1388 ubinam

574 1417 742 1482 majus
766 1427 815 1470 et
841 1418 1016 1473 minus
1036 1420 1057 1471 ?
1078 1417 1318 1486 Namque
1342 1424 1390 1474 in
1417 1425 1621 1476 minore
1649 1424 1907 1476 minuitur
1929 1426 2121 1493 majus,

574 1521 745 1572 neque
772 1510 1096 1576 agnoscitur.
1132 1510 1186 1564 Si
1227 1511 1404 1580 itaque
1450 1510 1609 1566 Pater
1639 1513 1829 1581 major,
1858 1516 2125 1582 quomodo

549 1585 624 1647 'in
653 1596 785 1649 Filio
815 1599 1125 1666 spectatur?
1153 1598 1301 1665 Quod
1329 1602 1371 1653 si
1400 1610 1670 1670 spectatur
1713 1604 1764 1656 in
1797 1603 1960 1666 Filio,
2006 1616 2124 1657 tan-

571 1699 729 1750 quam
791 1686 842 1738 in
913 1688 1105 1757 mquali
1165 1689 1413 1743 videlicet
1477 1691 1812 1760 agnoscitur.
1874 1693 2122 1762 Namque

569 1774 790 1840 tl‘qttalia
856 1778 1082 1832 invicem
1152 1781 1569 1835 demonstrativa
1630 1792 1774 1837 sunt.
1837 1783 1907 1837 Et
1962 1785 2118 1855 paulo

569 1877 689 1932 post
731 1867 868 1921 idem
907 1869 1158 1924 Dominus
1197 1871 1270 1924 ait
1309 1871 1609 1940 apostolis:
1646 1893 1663 1924 ι
1711 1874 1821 1944 Ego
1848 1892 1964 1931 sum
2007 1879 2119 1943 via,

572 1968 769 2010 veritas
826 1974 888 2011 ac
947 1961 1085 2024 vita;
1145 1977 1302 2016 nemo
1377 1965 1521 2017 venit
1582 1965 1650 2018 ad
1707 1967 1958 2034 Patrem,
2017 1970 2123 2022 nisi

573 2061 666 2112 per
711 2064 826 2112 me;
879 2051 922 2103 si
975 2052 1376 2120 cognosceretis
1427 2069 1532 2119 me,
1588 2057 1771 2124 utique
1812 2069 1864 2114 et
1907 2057 2123 2114 Patrem

571 2154 747 2191 meum
801 2143 1226 2208 cognosceretis,
1282 2154 1335 2198 et
1399 2147 1591 2199 amodo
1634 2146 1745 2212 jam
1802 2151 2124 2217 cognoscitis

568 2243 709 2291 cuni,
747 2243 975 2298 eumque
1003 2232 1233 2289 vidistis.
1261 2233 1394 2289 Dicit
1420 2236 1466 2288 ei
1494 2235 1770 2308 Philippus
1813 2258 1826 2294 :
1877 2240 2120 2306 Domine,

568 2321 791 2373 ostende
820 2321 975 2376 nobis
1011 2322 1222 2378 Patrem
1257 2336 1429 2391 tuum,
1459 2338 1511 2381 et
1540 2328 1733 2385 suﬁicit
1772 2332 1944 2387 nobis.
1985 2333 2124 2388 Dicit

568 2409 614 2461 ei
658 2407 814 2464 Iesus
849 2427 860 2460 :
895 2411 1069 2467 Tanto
1125 2425 1364 2485 tempore
1421 2420 1694 2475 vobiscum
1748 2438 1887 2485 sum,
1924 2436 1976 2478 et
2017 2440 2120 2479 non

567 2501 860 2568 cognovisti
889 2519 992 2567 me,
1017 2504 1291 2576 Philippe?
1312 2509 1410 2574 Qui
1443 2511 1584 2565 videt
1609 2528 1711 2574 me,
1735 2514 1951 2586 696m
1982 2518 2125 2572 videt

566 2599 620 2642 et
651 2589 863 2645 Patrem
906 2609 1123 2662 meum;
1179 2609 1234 2651 et
1283 2601 1547 2667 quomodo
1590 2611 1644 2656 tu
1702 2605 1857 2669 dicis,
1890 2605 2123 2662 Ostende

566 2681 721 2734 nobis
745 2681 1122 2740 Patrem?Non
1153 2689 1326 2744 credis
1363 2691 1485 2760 quia
1512 2708 1610 2764 ego
1641 2695 1692 2749 in
1724 2696 1903 2760 Patre,
1939 2709 1991 2752 et
2022 2699 2125 2753 Pa-

567 2782 647 2824 tcr
677 2772 728 2826 in
766 2789 851 2827 me
873 2777 996 2829 est?
1035 2775 1208 2833 Verba
1259 2796 1378 2850 quae
1438 2799 1537 2854 ego
1585 2787 1793 2855 loquor,
1843 2803 1871 2840 a
1902 2803 2123 2844 memet-

567 2864 683 2932 ipso
712 2880 818 2920 non
847 2867 1069 2936 loquor;
1114 2871 1207 2926 sed
1234 2872 1391 2930 Pater
1418 2877 1507 2944 qui
1552 2877 1602 2932 in
1653 2893 1739 2934 me
1769 2890 1979 2946 manet,
2011 2882 2122 2950 ipse

565 2970 725 3026 Opera
760 2956 907 3014 facit.
935 2959 1148 3018 Credite
1176 2965 1328 3031 mihi,
1357 2969 1482 3034 quia
1517 2985 1613 3037 ego
1640 2975 1690 3024 ln
1728 2969 1903 3035 Patre,
1941 2983 1993 3027 et
2021 2974 2122 3026 Pa.

567 3059 646 3103 tor
688 3052 739 3105 in
786 3069 869 3108 me
900 3067 1020 3110 est:
1064 3057 1298 3124 alioquin
1356 3068 1574 3129 propter
1618 3077 1779 3130 opera
1824 3065 1938 3132 ipsa
1990 3067 2116 3119 mihi

563 3141 770 3196 credite
794 3144 856 3197 δ’.
900 3164 918 3196 ι

631 3235 766 3300 Quid
793 3237 874 3291 his
903 3239 1081 3292 verbis
1123 3240 1360 3294 clarius?
1399 3243 1523 3309 quid
1569 3244 1668 3297 hac
1717 3244 1959 3298 doctrina
2006 3246 2120 3299 evi—

563 3325 816 3380 dentius?
844 3327 946 3380 Sed
971 3329 1134 3394 enim,
1162 3341 1219 3384 ut
1261 3332 1495 3398 videtur,
1530 3332 1834 3388 Iudaeorum
1875 3337 2117 3390 velamen

565 3416 617 3467 in
645 3415 1021 3471 haereticorum
1064 3430 1295 3474 mentem
1342 3423 1575 3476 transiit.
1634 3423 1750 3490 Quo
1789 3427 1846 3478 ﬁt
1902 3435 1959 3479 ut
2008 3429 2118 3481 sole

562 3512 727 3559 etiam
771 3508 999 3561 clariora
1054 3523 1274 3564 cernere
1325 3513 1520 3577 nolint,
1570 3516 1925 3571 voluntariam
1966 3518 2118 3586 igno-

563 3598 750 3650 rantiae
785 3599 1030 3652 nebulam
1071 3601 1286 3656 sibimet
1311 3604 1660 3659 attrahentes.
1691 3606 1798 3660 Nos
1845 3623 1971 3661 vero
2015 3607 2118 3662 Do-

562 3686 763 3740 minum
801 3688 1062 3742 dicentem
1087 3692 1406 3747 audiamus:
1449 3711 1468 3744 ι
1503 3693 1557 3747 Si
1585 3699 1983 3765 cognosceretis
2008 3716 2112 3765 me,

563 3777 745 3845 utique
787 3787 841 3832 et
886 3777 1095 3834 Patrem
1142 3796 1317 3834 meum
1368 3788 1791 3852 cognosceretis,
1835 3799 1888 3842 et
1924 3793 2116 3845 amodo

563 3868 887 3936 cognoscitis
922 3885 1066 3933 eum,
1111 3871 1391 3941 ipsumque
1425 3875 1652 3931 vidistis.
1704 3895 1722 3928 ι
1760 3876 1977 3933 Thema:
2015 3882 2116 3935 hoc

563 3959 659 4023 ait,
691 3974 720 4011 a
754 3975 860 4027 quo
888 3961 936 4013 ei
966 3961 1165 4014 dictum
1203 3961 1394 4029 fuerat,
1416 3962 1531 4030 Quo
1563 3967 1711 4020 vadis
1743 3969 2031 4033 nescimus,
2063 3981 2116 4025 et

562 4050 829 4116 quomodo
863 4067 1144 4120 possumus
1181 4054 1319 4108 viam
1359 4056 1534 4110 scire?
1571 4058 1843 4129 Docetque
1902 4076 2024 4117 eum
2062 4073 2115 4118 et

563 4140 798 4211 reliquos
835 4142 994 4196 simul
1039 4145 1327 4212 apostolos,
1363 4147 1633 4202 hominem
1662 4151 1753 4220 qui
1794 4151 1896 4205 sibi
1936 4156 2112 4208 credi-

562 4231 719 4298 derit,
769 4234 894 4286 dum
944 4234 1014 4288 ita
1050 4236 1220 4303 ipsum
1263 4241 1454 4292 mentis
1500 4241 1671 4296 oculis
1719 4244 1890 4306 videt,
1936 4243 2114 4300 Patris

560 4335 773 4389 quoque
806 4322 918 4376 ﬁeri
959 4331 1337 4390 spectatorem,
1377 4329 1630 4396 quoniam
1678 4330 1836 4385 Pater
1884 4333 1935 4385 in
1979 4332 2114 4388 Filio

558 4413 885 4480 agnoscitur.
934 4413 1060 4469 llaec
1105 4415 1381 4487 Philippus
1432 4434 1536 4474 non
1591 4422 1916 4493 intelligens,
1962 4436 2114 4496 rogat

561 4502 708 4556 illum
763 4503 989 4560 dicens:
1042 4523 1060 4556 ι
1095 4506 1326 4563 Ostende
1373 4511 1526 4565 nobis
1576 4509 1792 4567 Patrem
1844 4524 2013 4581 tuum,
2059 4528 2113 4569 et

559 4596 755 4651 suﬂicit
783 4597 974 4664 nobis;
1016 4617 1037 4651 ι
1083 4611 1360 4669 propterea
1400 4617 1503 4656 non
1555 4603 1820 4671 laudatur,
1865 4606 1988 4676 quia
2030 4622 2114 4661 εει

558 4688 791 4741 cundum
837 4688 1118 4744 haereticos
1169 4693 1316 4766 visus
1353 4705 1437 4748 est
1489 4705 1678 4763 optare
1710 4698 1880 4766 majus
1911 4697 2111 4766 aliquid

556 4793 810 4843 cernere;
838 4779 930 4835 sed
965 4765 1375 4849 reprehenditur
1411 4786 1606 4855 potius,
1637 4801 1731 4839 ceu
1773 4765 1862 4856 qui
1899 4789 1950 4841 in
1979 4765 2113 4844 Filio

554 4865 768 4922 Patrem
795 4882 901 4922 non
937 4869 1159 4928 viderat.
1193 4889 1212 4921 ι
1250 4871 1422 4927 Tanto
1447 4876 1612 4938 enim,
1639 4876 1834 4945 inquit,
1871 4887 2110 4947 tempore

556 4958 830 5014 vobiscum
859 4973 998 5027 sum,
1025 4975 1199 5031 neque
1224 4977 1310 5018 me
1336 4964 1509 5020 adhuc
1533 4967 1748 5029 novisti,
1775 4965 2049 5036 Phiiippe‘.’
2081 4989 2100 5022 ι

555 5051 716 5119 Atqui
761 5065 864 5106 non
913 5053 1126 5121 ipsum,
1187 5055 1281 5108 sed
1337 5053 1550 5109 Patrem
1609 5057 1792 5111 videre
1835 5057 2110 5127 Philippus

555 5143 798 5210 optabat.
837 5141 945 5198 Cur
978 5158 1106 5212 ergo
1138 5145 1548 5214 reprehenditur
1582 5149 1722 5215 quod
1768 5147 1958 5201 Filium
2003 5167 2106 5204 non

557 5235 902 5302 cognoverit?
944 5234 1208 5292 Nimirum
1247 5236 1402 5293 Jesos
1437 5239 1538 5293 hac
1588 5239 1767 5294 addita
1815 5243 2107 5311 reprehen-

559 5326 739 5394 sione,
785 5342 1000 5384 causam
1028 5331 1105 5386 rei
1139 5332 1410 5387 declarat:
1452 5351 1469 5385 ι
1508 5331 1640 5387 Nam
1670 5334 1760 5404 qui
1805 5351 1889 5390 me
1928 5337 2103 5401 novit,

625 5502 668 5532 ”
688 5501 848 5569 δοκι.
890 5519 988 5571 xu,
1023 5507 1115 5573 44,
1147 5509 1234 5562 45.
1310 5509 1354 5542 ⁸⁸
1385 5509 1535 5566 Joan.
1579 5527 1689 5576 xw,
1729 5513 1881 5568 6-12.

2469 561 2574 615 τοῦ
2614 557 2840 627 Πατρός
2881 558 2995 626 τὴν
3030 561 3245 612 οὐσίαν
3280 557 3582 622 ἐδίδαξεν.

2312 695 2430 748 Ἵνα
2458 695 2511 748 δὲ
2544 693 2636 747 καὶ
2659 693 2717 758 ἐξ
2746 695 2934 762 ἑτέρας
2962 691 3265 761 μαρτυρίας
3294 692 3354 744 τὸ
3382 690 3670 760 ὁμοούσιον
3699 693 3806 748 δεί-

2241 784 2436 853 ξωμεν,
2468 784 2631 836 αὐτοῦ
2684 782 2777 836 τοῦ
2825 783 3025 851 Κυρίου
3073 780 3395 850 ἀκούσωμεν
3448 781 3680 850 βοῶντος
3716 785 3808 838 καὶ

2238 874 2504 940 λέγοντος,
2537 875 2595 925 οὑ
2645 875 2755 936 τοῖς
2799 873 3112 934 ἀποστόλοις
3163 873 3343 940 μόνον,
3376 873 3515 926 ἀλλὰ
3560 875 3652 926 καὶ
3699 879 3808 937 τοῖς

2250 963 2551 1024 Ἰουδαίοις·
2605 964 2704 1018 «Ὀ
2748 963 3012 1016 πιστεύων
3061 962 3139 1024 εἰς
3186 961 3305 1030 ἐμὲ,
3333 963 3397 1014 οὐ
3447 963 3693 1015 πιστεύει
3729 966 3807 1026 εἰς

2236 1053 2354 1120 ἐμὲ,
2380 1053 2492 1104 ἀλλ’
2523 1053 2602 1115 είς
2647 1053 2738 1105 τὸν
2771 1052 3057 1122 πέμψαντὰ
3092 1067 3177 1120 με.
3217 1050 3330 1104 Καὶ
3357 1053 3387 1103 6
3417 1051 3642 1122 θεωρῶν
3683 1055 3804 1122 ἐμὲ,

2237 1142 2429 1210 θεωρεί
2459 1143 2558 1211 ,τὸν
2606 1142 2894 1212 πέμψαντά
2938 1159 3004 1211 με
3030 1159 3045 1173 ·
3077 1139 3185 1207 ἐγὼ
3213 1141 3326 1210 φῶς
3359 1143 3438 1204 είς
3476 1141 3568 1194 τὸν
3605 1145 3806 1213 κόσμον

2235 1231 2486 1303 ἐλήλυθα,
2519 1232 2601 1284 ἵνα
2635 1233 2662 1283 6
2691 1231 2959 1284 πιστεύων
3001 1232 3080 1293 είς
3125 1231 3225 1300 ἐμὲ
3271 1231 3331 1282 ὲν
3379 1234 3447 1301 τῇ
3500 1233 3692 1301 σκοτία
3729 1233 3802 1300 μὴ

2236 1324 2413 1394 μείνῃ.
2445 1343 2479 1373 ι·
2503 1324 2564 1376 Et
2594 1323 2771 1376 τοίνυν
2794 1325 2822 1375 6
2845 1322 3064 1393 θεωρῶν
3088 1323 3179 1374 τὸν
3204 1323 3328 1376 ne»;
3352 1324 3430 1386 εἰς
3461 1323 3553 1374 τὸν
3587 1324 3805 1392 Πατέρα

2233 1415 2475 1467 πιστεύει
2494 1426 2544 1479 ι,
2581 1413 2680 1467 ποῦ
2716 1414 2775 1467 τὸ
2810 1415 2990 1484 μεῖζον
3022 1415 3116 1468 καὶ
3143 1414 3203 1466 τὸ
3234 1413 3492 1482 ἐλαττον;
3525 1416 3582 1466 ἐν
3603 1413 3806 1485 γὰρτῷ

2232 1507 2470 1559 ἐλάττονι
2514 1506 2865 1578 σμικρύνεται
2894 1505 2955 1560 τὸ
2985 1505 3189 1576 μεῖζον,
3219 1506 3314 1559 καὶ
3345 1507 3406 1558 ού
3436 1505 3801 1577 γνωρίζεται·

2229 1599 2276 1650 εί
2311 1598 2366 1650 δὲ
2399 1599 2426 1650 6
2452 1596 2639 1672 Πατὴρ
2668 1597 2887 1666 μείζων,
2915 1597 3032 1660 πῶς
3057 1598 3114 1650 ἐν
3139 1597 3218 1666 τῷ
3248 1596 3363 1666 Υίῷ
3397 1598 3722 1667 θεωρεῖταις
3754 1601 3804 1651 εί

2227 1690 2281 1742 δὲ
2315 1689 2596 1759 θεωρεῖται
2621 1690 2678 1743 ὲν
2704 1688 2838 1758 Υἱῷ,
2865 1689 2940 1751 ὡς
2967 1691 3025 1742 ὲν
3050 1690 3148 1759 [σῳ
3173 1687 3414 1755 δηλονότι
3440 1689 3801 1759 γνωρίζεται⁸

2226 1779 2496 1849 δηλωτικὰ
2527 1780 2636 1850 γὰρ
2661 1779 2904 1850 ἀλλήλων
2941 1779 3009 1832 τὰ
3045 1779 3166 1832 ι’σα⁸
3197 1779 3291 1831 καὶ
3313 1779 3474 1831 πάλιν
3505 1782 3622 1848 μετ’
3647 1779 3804 1848 ὀλίγα

2227 1871 2382 1931 αὐτὸς
2415 1872 2444 1921 6
2475 1870 2676 1941 Κύριός
2706 1886 2837 1941 φησι
2864 1873 2976 1932 τοῖς
3012 1871 3327 1934 ἀποστόλοις
3347 1887 3362 1904 ο
3397 1889 3416 1923 ε
3439 1870 3583 1939 Ἐγώ
3625 1874 3742 1943 ειμι
3770 1875 3802 1942 ἠ

2224 1963 2363 2025 ὁδὸς,
2395 1965 2486 2016 καὶ
2518 1963 2819 2033 ἢάλήθεια,
2840 1964 2937 2016 καὶ
2967 1965 3000 2035 ἡ
3033 1964 3142 2034 ζωή
3163 1981 3177 1994 ο
3212 1964 3385 2026 οὐδεὶς
3416 1963 3639 2034 ἔρχεται
3662 1966 3804 2036 πρὸς

2223 2053 2313 2106 τὸν
2361 2055 2596 2123 Πατέρα,
2645 2056 2692 2107 εί
2739 2056 2812 2124 μὴ
2860 2055 2924 2107 δι’
2956 2056 3122 2125 spe-3'
3163 2057 3211 2108 εξ
3244 2055 3534 2123 ἐγνώκειτέ
3580 2073 3672 2125 με,
3707 2056 3805 2108 καὶ

2223 2145 2311 2196 τὸν
2336 2146 2550 2216 Πατέρα
2574 2163 2673 2214 μου
2695 2144 2981 2213 ἐγνώκειτε
3003 2145 3087 2208 ἂν,
3111 2147 3203 2199 καὶ
3235 2146 3470 2216 ἀπ’ἄρτι
3501 2145 3809 2213 γινώσκετε

2223 2239 2384 2289 αὐτὸν
2412 2240 2505 2290 καὶ
2535 2238 2815 2307 ἑωράκατε
2841 2237 3022 2290 αὐτόν.
3059 2237 3222 2305 Λέγει
3248 2237 3305 2289 δὲ
3335 2236 3486 2307 αὐτῷ
3506 2236 3801 2299 Φίλιππος·

2223 2329 2414 2398 Κύριε,
2450 2329 2619 2395 δεῖξον
2642 2331 2773 2398 ἡμῖν
2799 2328 2888 2381 τὸν
2918 2327 3134 2398 Πατέρα
3164 2345 3278 2392 σου,
3305 2328 3402 2382 καὶ
3441 2328 3608 2397 ἀρκεῖ
3644 2329 3801 2397 ἡμῖν.

2222 2426 2382 2492 Λέγει
2411 2425 2558 2496 αὺτῷ
2599 2427 2627 2478 6
2663 2424 2900 2496 ’ἰησοῦςσ
2939 2425 3202 2478 Τοσοῦτον
3247 2426 3438 2496 χρόνον
3488 2426 3609 2496 μεθ’
3643 2427 3802 2496 ὑμῶν

2223 2517 2358 2584 εἰμι,
2386 2515 2480 2567 καὶ
2529 2515 2628 2567 οὐκ
2669 2513 2910 2582 ἔγνωκάς
2944 2532 3032 2584 με,
3061 2515 3293 2567 Φίλιππε
3321 2516 3437 2586 (1);
3478 2519 3506 2568 6
3533 2516 3803 2587 ἑωρακὼς

2223 2607 2340 2675 ἐμὲ,
2369 2608 2574 2675 ἑώρακε
2597 2607 2689 2658 καὶ
2717 2606 2807 2658 τὸν
2824 2605 3041 2674 Πατέρα
3066 2623 3167 2676 μου
3186 2621 3200 2636 °
3231 2605 3328 2660 καὶ
3358 2606 3476 2671 πῶς
3500 2607 3566 2660 σὺ
3593 2607 3798 2675 λέγεις,

2220 2697 2402 2763 Δεῖξον
2431 2699 2559 2767 ἡμῖν
2592 2698 2682 2748 τὸν
2704 2698 2951 2766 Πατέρα;
2986 2697 3047 2750 οὐ
3082 2696 3354 2760 πιστεύεις
3378 2698 3461 2751 ὅτι
3489 2696 3600 2764 ἐγὼ
3631 2701 3688 2751 ὲν
3720 2699 3801 2767 τῷ

2223 2787 2416 2856 Ila-cpt,
2445 2787 2540 2840 καὶ
2565 2787 2593 2838 6
2618 2787 2803 2856 Πατὴρ
2833 2789 2888 2838 ὲν
2917 2787 3039 2855 ἐμοί
3071 2787 3220 2854 catt;
3249 2788 3330 2842 Τὰ
3357 2789 3579 2859 ῥήματα
3597 2788 3634 2843 ἃ
3653 2788 3800 2842 λαλῶ

2223 2878 2353 2948 ἐγὼ,
2387 2879 2479 2931 ἀπ’
2512 2877 2749 2946 ἐμαυτοῦ
2795 2878 2853 2931 οὐ
2901 2877 3044 2930 λαλῶ
3068 2895 3082 2909 ο
3128 2880 3158 2931 6
3199 2879 3256 2932 δὲ
3301 2879 3492 2951 Πατὴρ
3519 2881 3548 2932 6
3578 2881 3636 2932 ὲν
3674 2881 3799 2949 tuo!

2228 2970 2419 3035 μένων,
2457 2967 2616 3031 αὐτὸς
2647 2971 2790 3021 ποιεῖ
2825 2969 2893 3021 τὰ
2925 2968 3093 3037 ἔργα·
3124 2970 3406 3022 πιστεύετέ
3449 2987 3542 3040 μοι
3569 2972 3654 3024 ὅτι
3685 2970 3798 3038 ἐγὼ

2223 3064 2278 3112 ἐν
2306 3060 2383 3127 τῷ
2413 3061 2605 3130 Πατρὶ,
2640 3060 2732 3112 καὶ¹
2766 3060 2794 3110 6
2827 3060 3013 3130 Πατὴρ
3046 3062 3104 3112 ὲν
3128 3061 3281 3130 ἐμοί·
3309 3062 3357 3114 εί
3389 3061 3445 3114 δὲ
3475 3063 3572 3134 μὴ,
3611 3063 3701 3116 διὰ
3728 3063 3797 3116 τὰ

2144 3163 2188 3219 (ς
2221 3151 2356 3221 ἔργα
2389 3152 2527 3204 αὐτὰ
2567 3151 2850 3204 πιστεύετέ
2892 3170 3000 3220 μοι.
3033 3171 3051 3204 ι

2290 3241 2354 3292 Τί
2384 3241 2587 3293 τούτων
2615 3241 2724 3295 τῶν
2753 3244 3012 3312 ῥημάτιον
3038 3243 3366 3313 σαφέστερον
3389 3261 3404 3309 ;
3430 3243 3484 3296 τί
3510 3245 3622 3316 τῆς·
3644 3247 3794 3300 διδα-

2221 3328 2448 3391 σκαλίας
2471 3329 2673 3398 ταύτης
2704 3329 3112 3400 φανερώτερον;
3170 3332 3329 3396 Ἀλλ’,
3363 3334 3441 3396 ὡς
3483 3334 3649 3402 ἔοικε,
3684 3336 3794 3390 τῶν

2232 3419 2500 3473 Ἰουδαίων
2522 3421 2583 3473 τὸ
2615 3422 2878 3491 κάλυμμα
2909 3424 2990 3485 εἰς
3029 3423 3125 3493 τὴν
3162 3424 3270 3476 τῶν
3297 3426 3591 3496 αίρετικῶν
3624 3444 3793 3498 μετα-

2219 3510 2419 3580 ϐέϐηκε
2447 3512 2710 3565 διάνοιανο
2742 3513 2822 3565 διὸ
2850 3514 2914 3566 τὰ
2954 3513 3047 3567 τοῦ
3097 3514 3248 3584 ἡλίου
3293 3517 3648 3589 φανερώτερα
3674 3535 3795 3571 aw-

2217 3603 2350 3671 ορᾷν
2401 3603 2500 3655 οὐκ
2547 3603 2827 3665 ἐθέλουσι,
2877 3605 2975 3674 τὴν
3037 3605 3356 3677 αὐθαίρετον
3414 3608 3643 3681 ὁμίχλην
3690 3611 3794 3681 τῆς

2217 3694 2440 3759 ἀγνοίας
2495 3696 2959 3767 ἐπισπασάμενοι·
3007 3698 3165 3768 ἡμεῖς
3211 3699 3269 3751 δὲ
3317 3701 3640 3771 ἀκούσωμεν
3693 3701 3790 3758 τοῦ

2214 3785 2419 3854 Κυρίου
2457 3785 2721 3854 λέγοντος·
2764 3807 2781 3837 σ
2806 3790 2866 3840 El
2894 3777 3179 3856 ἐγνώκειτέ
3210 3809 3300 3862 με,
3336 3794 3542 3848 καὶτὸν
3571 3795 3792 3867 Πατέρα

2218 3893 2320 3943 μου
2367 3877 2657 3944 ἐγνώκειτε
2703 3880 2797 3933 ἄν’
2839 3881 2932 3934 καῖ⁵
2978 3883 3070 3934 ἀπ’
3100 3882 3224 3952 ἄρτι
3260 3884 3565 3951 γικώσκετε
3601 3888 3787 3952 αὑτὸν,

2216 3969 2310 4019 καὶ
2340 3969 2622 4038 ἑωράκατε
2655 3971 2868 4024 αὐτόν’»
2893 3971 2968 4041 τῷ
2993 3974 3162 4043 Θωμᾷ
3190 3975 3346 4027 τοῦτο
3368 3976 3518 4045 λέγει
3544 3979 3788 4049 εἰρηκότι

2215 4059 2383 4127 αὐτῷ,
2422 4060 2528 4112 Ποῦ
2572 4061 2800 4129 ὑπάγεις
2845 4065 2942 4116 οὐκ
2975 4065 3212 4135 οἴδαμεν,
3241 4069 3335 4120 καὶ
3361 4069 3460 4139 τὴν
3507 4070 3626 4125 ὁδὸν
3671 4072 3788 4136 πῶς

2213 4149 2410 4202 εἰδέναι
2437 4151 2740 4220 δυνάμεθα;
2773 4155 2864 4206 καὶ
2889 4155 3127 4210 διδάσκει
3160 4158 3342 4223 αὑτὸν,
3379 4164 3471 4212 καὶ
3509 4162 3637 4224 τοὺς
3676 4162 3786 4216 λοι-

2215 4241 2350 4303 ποὺς
2398 4243 2761 4308 ἀποστόλους,
2818 4246 2894 4309 ὡς
2947 4247 3095 4317 αὐτῷ
3141 4250 3170 4301 6
3225 4251 3624 4318 πεπιστευκὼς,
3673 4257 3788 4319 τοῖς

2212 4331 2508 4403 ὀφθαλμοῖς
2554 4335 2652 4405 τῆς
2695 4337 2930 4401 διανοίας
2977 4338 3310 4409 θεασάμενος
3343 4343 3529 4407 αὑτὸν,
3563 4348 3656 4398 καὶ
3689 4345 3784 4399 τοῦ

2215 4423 2426 4495 Πατρὸς
2475 4427 2764 4497 γεγένηται
2795 4428 3013 4499 θεατὴς,
3045 4431 3120 4494 ὡς
3155 4434 3212 4485 ὲν
3255 4433 3404 4503 αύτῷ
3441 4434 3536 4488 τοῦ
3575 4436 3785 4508 Πατρὸς

2214 4511 2636 4580 γνωριζομένου.
2673 4511 2856 4568 Ταῦτα
2889 4516 3150 4579 Φίλιππος
3182 4518 3256 4588 μὴ
3302 4520 3504 4584 συνεὶς,
3531 4537 3786 4592 παρακα-

2219 4601 2299 4654 λεῖ
2330 4604 2493 4656 αὑτὸν
2517 4605 2690 4672 λέγων
2711 4623 2725 4636 ο
2761 4625 2778 4657 ι
2809 4608 2989 4674 Δεῖξον
3014 4610 3143 4678 ἡμῖν
3181 4609 3272 4663 τὸν
3301 4610 3520 4680 Πατέρα
3548 4629 3667 4677 σου,
3692 4615 3786 4670 καὶ

2217 4698 2378 4768 ἀρκεῖ
2423 4698 2558 4767 ἡμῖν
2578 4714 2591 4728 ο
2622 4717 2642 4752 ι
2681 4701 2774 4753 καὶ
2819 4703 2917 4754 οὐκ
2946 4702 3263 4770 ἐπαινεῖται,
3285 4704 3364 4767 ὡς
3393 4705 3454 4759 τὸ
3485 4708 3626 4760 κατὰ
3658 4710 3784 4771 τοὺς

2216 4789 2527 4859 αίρετικοὺς
2554 4789 2734 4858 μεῖζον
2757 4791 2883 4846 ἰδεῖν
2908 4792 3252 4864 ἐπιθυμήσας
3269 4811 3285 4828 ο
3307 4795 3426 4849 ἀλλ’
3446 4796 3780 4864 ἐγκαλεῖται,

2216 4882 2292 4944 ὡς
2342 4883 2417 4952 μὴ
2463 4881 2790 4953 θεασάμενος
2835 4887 2893 4938 ἐν
2917 4885 3029 4956 Υίῷ
3057 4887 3148 4940 τὸν
3180 4888 3397 4958 Πατέρα
3416 4907 3429 4921 ·
3471 4907 3491 4940 ι
3521 4889 3784 4944 Τοσοῦτον

2211 4973 2338 5043 γὰρ,
2371 4976 2524 5044 φησὶ,
2558 4977 2746 5044 χρόνον
2778 4976 2893 5046 μεθ’
2922 4977 3074 5047 ὑμῶν
3119 4981 3254 5050 εἰμι,
3282 4981 3378 5031 καὶ
3415 4980 3515 5033 οὐκ
3538 4979 3780 5048 ἔγνωκάς

2211 5083 2298 5134 με,
2335 5067 2596 5129 Φίλιππες
2624 5087 2641 5118 ι
2674 5070 2783 5122 Καὶ
2819 5069 2922 5140 μὴν
2945 5071 3044 5123 οὐκ
3074 5071 3252 5136 αὑτὸν,
3283 5071 3418 5125 ἀλλὰ
3447 5074 3538 5125 τὸν
3564 5074 3781 5142 Πατέρα

2206 5161 2233 5209 6
2262 5158 2524 5220 Φίλιππος
2551 5159 2676 5212 ἰδεῖν
2703 5161 3014 5232 ἐπεθύμησε
3035 5177 3050 5192 ο
3089 5161 3207 5225 πῶς
3239 5157 3331 5215 οὖν
3363 5164 3677 5230 ἐγκαλεῖται
3703 5165 3778 5229 ὡς

2204 5249 2304 5301 οὐκ
2341 5249 2595 5318 ἐγνωκὼς
2631 5251 2722 5304 τὸν
2748 5252 2910 5319 Υίόνς
2963 5255 3028 5323 τῇ
3078 5254 3338 5324 ἐπαγωγῇ
3375 5255 3466 5308 τοῦ
3497 5255 3776 5325 ἐγκλήμα-

2205 5357 2294 5402 τος
2325 5341 2423 5409 τὴν
2452 5343 2629 5395 αἰτίαν
2653 5342 2802 5414 δηλοῖ
2820 5362 2833 5373 ·
2883 5362 2900 5394 ι
2922 5344 2980 5396 '0
3009 5343 3268 5413 ἑωρακὼς
3289 5344 3420 5414 γὰρ,
3445 5345 3634 5414 φησὶν,
3655 5344 3774 5413 ἐμὲ,

2294 5532 2317 5559 ι
2349 5520 2431 5572 Τσ.
2465 5521 2554 5573 τὸν
2586 5522 2802 5592 Πατέρα
2831 5523 3040 5592 θεωρεῖ.

622 5663 694 5727 (ι)
738 5659 1068 5751 Ita-schnbu
1088 5665 1135 5720 in
1157 5665 1256 5721 hoc
1272 5669 1453 5724 codice
1476 5679 1526 5725 et
1549 5669 1665 5724 aliis
1691 5673 1909 5730 vcrhum
1937 5673 2178 5742 ἔγνωκας
2247 5678 2501 5747 bingnht'i
2548 5695 2802 5746 numero;
2841 5689 2892 5735 ct
2951 5691 3205 5751 pnctcrca
3272 5681 3348 5736 sic
3383 5681 3435 5736 in
3467 5691 3650 5737 nostro
3679 5680 3759 5737 in-

565 5729 917 5800 terpungitur.
