4006 6452
281 381 419 435 N73

1623 374 1709 429 DE
1748 372 2155 463 TRIMTATE:

3408 378 3547 434 ιιτι

279 495 494 567 ἑώρακε
520 495 609 549 τὸν
633 496 872 566 Πατέρα.
894 516 910 548 ι
941 497 1053 548 Καὶ
1082 495 1195 558 πῶς
1223 496 1284 549 σὺ
1309 495 1508 563 λέγεις,
1531 495 1715 557 Δεῖξον
1737 497 1865 565 ἡμῖν

1973 495 2170 561 inquit,
2216 496 2362 549 novit
2406 506 2457 548 et
2491 495 2725 551 Patrem.
2764 515 2781 547 ι
2815 495 3095 562 Quomodo
3146 509 3275 564 ergo
3330 502 3383 548 tu
3444 498 3549 558 ais,

276 587 370 639 τὸν
390 587 613 657 Πατέρα
631 589 875 657 ;”Ετερό;
903 589 1039 657 ειμι,
1070 590 1255 658 φησιν,
1286 586 1429 639 κατὰ
1460 586 1519 638 τὸ
1547 586 1858 656 πρόσωπον,

276 681 337 733 ού
386 681 529 733 κατὰ
575 679 672 749 την
718 680 910 747 φύσιν·
959 682 1078 734 ὅλον
1119 683 1175 733 ἐν
1210 680 1355 750 αὐτῷ
1386 680 1460 749 (l)
1494 680 1587 731 τὸν
1642 678 1863 749 Πατέρα

280 772 607 841 περιφέρωο
675 772 914 839 σφραγὶς
976 771 1085 841 γάρ
1147 774 1261 840 εἰμι
1331 771 1425 823 τοῦ
1501 772 1863 839 γεννήσαντος

277 859 723 927 ἀπαράλλακτος,
756 862 1043 932 χαρακτήρ
1075 861 1187 929 εἰμι
1210 858 1310 928 τῆς
1353 858 1446 911 τοῦ
1495 858 1707 927 Πατρὸς
1733 860 1863 910 ὑπο-

282 951 548 1012 στάσεως,
571 952 733 1003 είκὼν
761 952 963 1021 φυσικὴ
986 951 1062 1020 τῷ
1078 953 1397 1021 γεννήσαντι
1422 950 1860 1018 συνυπάρχουσα·

280 1045 407 1095 ὅταν
442 1044 622 1094 τοίνυν
658 1043 784 1095 ἰδεῖν
816 1042 1074 1115 ἐθελήσῃς
1113 1046 1336 1107 ἐκεῖνον,
1367 1045 1446 1106 είς
1496 1041 1595 1111 ἐμὲ
1637 1038 1866 1093 ἀποϐλέ-

280 1132 411 1199 ψας,
442 1132 705 1202 ἑκάτερον
750 1132 902 1200 ὄψει’
949 1132 1071 1199 ὕψει
1118 1131 1174 1184 δὲ
1224 1131 1285 1183 οὐ
1334 1134 1445 1193 τοῖς
1490 1128 1585 1181 τοῦ
1618 1129 1865 1198 σώματος

276 1226 601 1295 ὀφθαλμοῖς,
636 1226 771 1278 ἀλλὰ
801 1228 911 1288 τοῖς
940 1225 1037 1294 τῆς
1074 1225 1308 1287 πίστεως
1334 1240 1347 1255 ⁸
1382 1228 1474 1276 καὶ
1506 1224 1616 1285 τοῖς
1644 1222 1742 1292 τῆς
1778 1221 1865 1273 πί-

282 1332 453 1379 στεως
504 1316 559 1368 δὲ
609 1314 881 1379 τοσοῦτον,
914 1316 1035 1367 ὅσον
1075 1316 1278 1380 γνῶναι
1326 1314 1425 1377 τὰς
1468 1314 1767 1384 ἐνεργείας,
1802 1314 1863 1364 ού

277 1410 378 1478 τὴν
416 1407 603 1476 φύσιν,
639 1408 671 1478 ἧ
700 1409 801 1477 τὴν
833 1408 1018 1459 οὐσίαν
1045 1424 1055 1435 ·
1087 1409 1262 1461 πάντα
1294 1408 1402 1477 γὰρ
1438 1404 1561 1458 νοῦν
1595 1406 1628 1475 η
1663 1404 1864 1471 ταύτης

279 1500 601 1571 ὑπερϐαίνει
623 1499 925 1569 κατάληψις
945 1516 958 1528 ·
983 1500 1062 1552 διὸ
1084 1499 1363 1568 ἐπήγαγεν
1382 1514 1393 1527 ·
1423 1518 1440 1549 ι
1466 1498 1542 1549 Ού
1566 1496 1863 1557 π;στεύεις,

277 1591 360 1643 ὅτι
392 1590 506 1659 ἐγὼ
540 1592 597 1643 ὲν
624 1589 703 1660 τῷ
728 1591 922 1661 [la-cpi,
965 1593 1058 1644 καὶ
1085 1594 1113 1645 6
1142 1591 1331 1659 Πατὴρ
1358 1592 1415 1643 ἐν
1449 1589 1572 1659 ὲμοί
1604 1590 1752 1651 ἐστις
1800 1588 1867 1639 τὰ

276 1684 526 1756 ῥήματα,
556 1684 592 1739 ἃ
624 1684 733 1751 ἐγὼ
767 1684 931 1749 λαλῶ,
977 1685 1069 1737 ἀπ’
1101 1681 1340 1751 ἐμαυτοῦ
1386 1683 1446 1735 ού
1492 1682 1658 1747 λαλῶ,
1692 1681 1807 1734 ἀλλ’
1839 1682 1866 1731 6

275 1775 473 1845 Πατήρ
520 1792 627 1845 μου
671 1777 699 1827 6
744 1776 802 1827 ἐν
831 1776 953 1845 ἐμοὶ
1000 1776 1197 1845 μένων,
1228 1777 1388 1838 αὐτὸς
1421 1775 1663 1829 ποιείτὰ
1706 1773 1862 1844 ἔργα.

1964 584 2201 639 Ostende
2252 586 2405 639 nobis
2446 587 2701 641 Patrem?
2767 587 2949 650 Alius,
3001 587 3208 654 inquit,
3261 602 3380 641 sum
3430 602 3551 656 per-

1965 691 2116 741 sona,
2152 690 2258 730 non
2288 686 2503 742 natura,
2540 686 2705 733 totum
2739 679 2792 732 in
2830 678 3037 747 meipso
3072 678 3287 731 Patrem
3313 678 3552 733 circum-

1966 768 2101 832 fero,
2136 782 2257 822 sum
2302 768 2445 822 enim
2491 769 2725 839 sigillum
2764 768 2996 838 genitori
3048 768 3418 831 simillimum,
3452 782 3551 838 pa-

1967 870 2136 913 ternae
2172 861 2343 928 ﬁgura
2389 860 2742 922 substantiae,
2783 859 3044 913 naturalis
3095 860 3273 929 imago
3311 858 3551 927 gignenti

1965 950 2319 1005 coexsistens.
2357 950 2491 1004 Cum
2518 965 2651 1021 ergo
2678 951 2827 1005 illum
2859 951 3043 1005 videre
3075 951 3347 1018 volueris,
3374 952 3425 1004 in
3468 966 3555 1006 me

1970 1043 2201 1109 respice,
2227 1050 2280 1096 et
2304 1041 2521 1111 697m
2550 1054 2840 1113 utrumque
2864 1043 3091 1097 videbis.
3124 1041 3342 1096 Videbis
3371 1051 3551 1097 tamen

1971 1133 2110 1186 haud
2137 1134 2380 1201 corporis
2414 1134 2505 1187 sed
2542 1133 2663 1189 ﬁdei
2702 1133 2913 1187 oculis:
2960 1145 3011 1186 et
3063 1132 3279 1201 quidem
3324 1142 3558 1186 eatenus

1972 1225 2089 1277 tidei
2123 1225 2325 1288 oculis,
2368 1234 2640 1293 quatenus
2683 1225 3028 1293 operatioues
3068 1238 3398 1291 cognoscas,
3447 1240 3553 1277 non

1970 1320 2219 1363 naturam
2246 1323 2339 1365 aut
2369 1313 2771 1377 substantiam;
2804 1302 3101 1379 quamlibet
3131 1313 3276 1365 enim
3318 1322 3553 1367 mentem

1968 1403 2385 1470 comprehensio
2423 1405 2538 1460 haec
2576 1405 2809 1459 excedit.
2845 1402 3050 1459 Idcirco
3094 1406 3343 1460 addidit:
3386 1424 3402 1456 ι
3435 1404 3552 1459 Non

1969 1498 2147 1552 credis
2199 1500 2322 1567 quia
2352 1514 2452 1569 ego
2474 1499 2525 1552 in
2556 1498 2736 1562 Patre,
2768 1508 2822 1552 et
2845 1497 3007 1553 Pater
3036 1502 3087 1552 in
3118 1514 3203 1554 me
3229 1499 3355 1554 est?
3380 1498 3552 1555 Verba

1968 1602 2087 1655 quae
2120 1602 2221 1656 ego
2257 1588 2469 1655 loquer,
2523 1604 2552 1641 a
2594 1589 2799 1657 meipso
2843 1604 2947 1643 nou
2990 1590 3203 1659 loquor,
3264 1592 3356 1645 sed
3394 1590 3557 1646 Pater

1972 1697 2124 1736 meus
2158 1682 2247 1749 qui
2286 1684 2337 1735 in
2376 1697 2460 1735 me
2512 1694 2729 1745 manet,
2768 1683 2883 1751 ipse
2929 1698 3095 1753 opera
3143 1683 3291 1739 facit.
3336 1683 3556 1739 Credite

1970 1775 2114 1840 quod
2149 1788 2247 1841 ego
2305 1775 2358 1827 in
2408 1772 2589 1840 Patre,
2626 1784 2683 1828 et
2731 1775 2890 1830 Pater
2937 1778 2989 1830 in
3045 1790 3130 1832 me
3178 1787 3304 1831 est:
3354 1776 3555 1845 alioqui

280 1866 581 1919 Πιστεύετὲ
609 1882 697 1935 μοι
724 1867 804 1919 ὅτι
834 1866 945 1935 ἐγὼ
977 1869 1036 1919 ὲν
1065 1866 1141 1937 τῷ
1171 1870 1369 1937 Πατρὶ,
1407 1869 1499 1920 καὶ
1525 1868 1553 1920 6
1593 1866 1782 1936 Πατὴρ
1812 1867 1865 1916 ὲν

1972 1872 2192 1932 propter
2234 1879 2398 1932 opera
2449 1863 2561 1932 ipsa
2617 1866 2846 1921 credite.
2911 1886 2929 1918 ι
2990 1865 3046 1922 Si
3088 1882 3218 1936 ergo
3265 1868 3380 1937 ipse
3424 1868 3558 1922 dicit

276 1953 403 2022 ἔμοι
426 1971 439 1983 ·
476 1956 526 2009 εί
571 1956 630 2009 δὲ
677 1960 774 2028 μὴ,
806 1958 893 2012 διὰ
920 1958 992 2011 τὰ
1020 1958 1160 2028 ἔργα
1210 1959 1353 2012 αὐτὰ
1395 1957 1704 2012 πιστεύετε.
1740 1977 1758 2007 ›
1803 1958 1866 2010 El

274 2044 458 2099 τοίνυν
486 2047 556 2101 τὰ
579 2048 721 2103 αὑτά
750 2048 829 2119 τῷ
852 2051 1027 2122 Πατρὶ
1059 2050 1377 2119 φθέγγεται,
1412 2052 1505 2106 καὶ
1534 2052 1561 2103 6
1597 2051 1786 2120 Πατὴρ
1810 2050 1867 2103 ὲν

274 2136 431 2207 αὖτῷ
472 2138 625 2208 μένει
672 2141 763 2193 καὶ
801 2142 962 2205 αὐτὸς
993 2144 1051 2196 ὲν
1082 2144 1162 2214 τῷ
1187 2143 1385 2213 Πατρὶ,
1429 2143 1523 2196 καὶ
1550 2145 1579 2195 6
1605 2141 1867 2212 ἑωρακὼς

275 2232 445 2286 αὐτὸν
490 2234 705 2305 ἑώρακε
754 2236 845 2289 τὸν
890 2238 1133 2308 Πατέρα,
1164 2239 1312 2292 καὶὸ
1341 2236 1632 2307 γινώσκων
1679 2236 1866 2298 αὐτὸν,

270 2323 370 2377 τὸν
420 2324 645 2395 Πατέρα
692 2327 985 2395 γινώσκει,
1041 2330 1200 2402 δῆλον
1245 2329 1415 2384 ἅπασι
1463 2332 1577 2393 τοῖς
1626 2346 1689 2397 γε
1744 2326 1869 2380 νοῦν

274 2414 466 2483 ιχουσι
492 2416 570 2480 ὡς
600 2417 699 2487 μία
726 2418 816 2472 τοῦ
844 2422 1055 2493 Πατρδς
1089 2424 1184 2477 καὶ
1220 2422 1313 2475 τοῦ
1339 2421 1469 2475 Υῐοῦ
1497 2423 1543 2493 ᾗ
1570 2421 1750 2491 φύσις,
1776 2419 1870 2473 καὶ

276 2507 463 2560 πάντα
493 2506 606 2578 εχει
640 2509 706 2563 τὰ
733 2511 828 2565 τοῦ
858 2512 1072 2581 Πατρδς
1096 2516 1125 2567 6
1146 2514 1272 2576 Υἱός
1292 2530 1307 2545 ·
1340 2514 1402 2567 οὐ
1431 2513 1539 2583 γὰρ
1571 2514 1637 2567 ἂν
1667 2512 1870 2582 ἑτέρως

275 2592 482 2664 ιδὶιξεν
513 2602 572 2654 εν
599 2603 777 2673 ἐαυτῷ
808 2606 899 2659 τὸν
930 2607 1171 2677 Πατέρα,
1206 2610 1255 2661 εί
1282 2608 1357 2679 μὴ
1387 2609 1566 2663 πάντα
1594 2604 1739 2678 εἶχεν
1768 2608 1870 2659 ὅσα

274 2690 304 2740 6
350 2689 563 2761 Πατὴρ,
593 2692 735 2764 πλὴν
777 2695 947 2766 αὐτῆς
991 2698 1093 2766 τῆς
1136 2701 1510 2769 πατρότητοςο
1556 2698 1713 2753 τοῦτο
1760 2698 1870 2768 γὰρ

278 2778 411 2834 [διον
445 2782 542 2835 τοῦ
576 2785 810 2856 Πατρδς,
840 2787 1032 2859 ὥσπερ
1064 2789 1159 2843 τοῦ
1187 2790 1319 2843 Υίοῦ
1347 2793 1379 2861 ἠ
1417 2790 1622 2860 υίότης.

315 2894 416 2947 lZ'.
445 2893 648 2963 Ἑτέρα
681 2898 1021 3025 eademst?!
1048 2902 1189 3025 IO’t?‘
1225 2900 1382 2957 εἷναι
1420 2904 1529 2957 τὸν
1576 2903 1717 2957 Υὶὸν
1755 2902 1835 2969 τῷ

1022 2988 1129 3025 ατο
1162 3013 1175 3025 .

1022 2988 1175 3040 ατρι.

350 3055 569 3127 Ταύτην
617 3058 835 3129 ἰσότητα
878 3062 971 3114 καὶ
1011 3063 1280 3133 ἑτέρωθεν
1318 3064 1434 3123 εστι
1475 3064 1691 3134 μαθεῖν.
1730 3060 1867 3119 Εῐπι

280 3145 413 3245 γάρ.
441 3146 898 3245 malm-61111306;
919 3166 932 3181 ·
966 3169 985 3202 ι
1004 3151 1120 3205 Νῦν
1151 3150 1412 3225 ἐδοξάσθη
1442 3157 1470 3209 6
1493 3155 1622 3219 Υἱὸς
1653 3156 1748 3209 τοῦ
1773 3157 1867 3209 ἀν·
1896 3186 1939 3245 c

279 3237 527 3309 θρώπου,
559 3239 653 3292 καὶ
696 3240 726 3293 6
766 3239 901 3305 Θεὸς
946 3243 1207 3315 ἐδοξάσθη
1253 3247 1311 3298 εν
1358 3247 1528 3317 αύτῷ,
1560 3248 1656 3302 καὶ
1682 3251 1712 3302 6
1737 3247 1868 3313 Θεὸς

276 3328 496 3395 δοξάσει
511 3330 674 3383 αὐτὸν
694 3334 752 3385 ὲν
773 3333 973 3402 ἑαυτῷ,
997 3335 1093 3387 καὶ
1113 3335 1277 3401 εὐθὺς
1296 3337 1511 3403 δοξάσει
1533 3340 1718 3394 αὐτόν.
1732 3341 1871 3393 »Καὶ

281 3419 445 3473 πάλιν
463 3436 477 3450 ·
507 3438 526 3472 ι
551 3422 752 3492 Πάτερ,
779 3426 811 3495 ὴ
837 3424 955 3492 ὥρα
982 3427 1230 3498 ελήλυθε,
1248 3429 1469 3495 δόξασόν
1494 3449 1589 3487 σου
1610 3434 1700 3485 τὸν
1719 3433 1867 3499 Υίδν,

280 3508 364 3563 ἵνα
398 3509 494 3562 καὶ
521 3510 551 3562 6
579 3511 707 3577 Υίός
738 3530 829 3567 σου
860 3514 1059 3589 δοξάσῃ
1094 3535 1176 3572 σε.
1208 3520 1303 3573 »Ὦ
1328 3521 1425 3592 τῆς
1456 3522 1870 3595 ὑπερϐαλούσης

278 3602 390 3654 τῶν
438 3602 733 3673 αίρετικῶν
776 3606 1142 3679 ἀϐελτηρίαςῖ
1174 3611 1413 3678 Μείζων,
1445 3616 1630 3685 φησὶν,
1655 3618 1685 3669 6
1716 3616 1872 3681 δοξάο

279 3693 390 3758 ζων
416 3692 514 3747 τοῦ
542 3693 928 3765 δοξαζομένου·
973 3701 1067 3755 καὶ
1099 3701 1311 3769 δοξάζει
1360 3705 1460 3775 μὲν
1485 3708 1515 3759 6
1543 3708 1753 3780 Πατὴρ,
1785 3712 1869 3766 δο-

280 3783 504 3851 ξάζεται
537 3787 593 3839 δὲ
615 3786 645 3838 6
661 3788 819 3852 Υἱός*
845 3791 1047 3861 μείζων
1073 3790 1169 3850 οὖν
1194 3795 1305 3867 ἄρα
1326 3797 1420 3851 τοῦ
1446 3798 1576 3853 Υίοῦ
1602 3802 1631 3853 6
1652 3802 1865 3874 Πατήρ.

280 3877 345 3930 Ei
370 3876 552 3931 τοίνυν
579 3879 607 3931 6
637 3878 766 3944 Υίδς
808 3881 910 3935 οὐκ
957 3883 1217 3957 ἐδοξάσθη
1254 3887 1438 3957 μόνον,
1470 3890 1608 3945 ἀλλὰ
1642 3892 1736 3946 καὶ
1775 3894 1868 3948 τὸν

277 3967 579 4037 δοξάσαντα
599 3970 870 4039 δδόξασεν,
898 3976 1061 4030 ποίαν
1086 3977 1273 4049 χώραν
1297 3980 1451 4053 σχοίη
1473 3982 1535 4036 τὸ
1559 3984 1743 4053 μεῖζον
1771 3986 1869 4040 καὶ

280 4063 345 4115 τὸ
371 4061 594 4116 ἔλαττον
614 4081 629 4130 ;
653 4065 702 4117 tl
739 4065 814 4137 μὴ
842 4067 949 4138 ἄρα
976 4071 1120 4125 κατὰ
1147 4071 1245 4142 τὴν
1271 4072 1380 4126 τῶν
1401 4076 1713 4147 εἰρημένων
1736 4078 1869 4131 dxe-

278 4152 503 4209 λουθιαν
528 4157 681 4227 παρὰ
710 4157 804 4211 τὸν
841 4160 1137 4226 δοξάζοντα
1177 4165 1495 4233 μεταϐαίνει
1532 4167 1594 4221 τὸ
1638 4167 1823 4239 μεῖξον
1847 4212 1862 4235 ,

280 4247 379 4301 καὶ
402 4248 579 4313 οὕτως
602 4250 956 4323 εὑρεθήσεται
978 4257 1007 4309 6
1037 4256 1187 4321 Υίδς,
1210 4257 1446 4313 ἐλάττων
1477 4261 1575 4331 μὲν
1606 4262 1764 4332 ἡνίκα
1799 4263 1864 4317 ἂν

278 4336 593 4411 δοξάζηται,
632 4340 832 4412 μείζων
874 4343 931 4398 δὲ
964 4345 1124 4415 ἡνίκα
1158 4344 1226 4401 ἂν
1258 4346 1486 4423 δοξάζῃ·
1515 4351 1654 4406 άλλά
1679 4353 1742 4407 τὸ
1773 4354 1863 4407 λέ·-

280 4445 397 4497 γειν
417 4429 612 4496 ταῦτα,
636 4432 1020 4503 παραπληξίας
1042 4438 1140 4490 καὶ
1169 4439 1368 4507 μανίας
1394 4442 1731 4512 ἐσχάτηςοσύ
1756 4444 1862 4515 γάρ

1969 1956 2156 2009 eadem
2182 1969 2301 2022 quae
2326 1954 2524 2021 Pater;
2552 1956 2599 2009 si
2634 1956 2798 2011 Pater
2829 1958 2882 2012 in
2923 1959 3037 2025 ipso
3066 1968 3253 2013 manet
3269 1968 3327 2013 et
3355 1959 3481 2028 ipse-
3501 1962 3556 2013 in

1971 2046 2166 2110 Patre;
2196 2054 2251 2101 et
2279 2046 2372 2115 qui
2404 2047 2579 2115 ipsum
2624 2048 2778 2113 vidit,
2821 2049 2953 2103 vidit
2990 2059 3045 2105 et
3086 2050 3333 2115 Patrem;
3371 2060 3426 2105 et
3466 2050 3556 2119 qui

1970 2139 2219 2193 eumdem
2263 2139 2442 2201 novit,
2481 2139 2629 2193 novit
2664 2149 2719 2194 et
2748 2140 3003 2206 Patrem;
3046 2151 3262 2197 constat
3303 2142 3557 2197 omnibus

1971 2231 2063 2300 qui
2099 2241 2278 2286 mente
2328 2232 2543 2300 quidem
2586 2247 2692 2287 non
2738 2244 2982 2299 careant,
3013 2249 3173 2288 unam
3220 2248 3343 2289 esse
3380 2233 3559 2287 Patris

1974 2321 2205 2392 Filiique
2231 2335 2505 2389 naturam,
2529 2334 2586 2379 et
2605 2325 2787 2379 omnia
2810 2326 3012 2381 habere
3056 2342 3179 2397 qua:
3202 2334 3330 2381 sunt
3355 2326 3558 2389 Patris,

1975 2414 2194 2472 Filium.
2228 2415 2417 2485 Neque
2437 2416 2583 2470 enim
2623 2417 2782 2473 aliter
2819 2418 3039 2474 Patrem
3072 2419 3126 2473 in
3153 2420 3333 2486 seipso
3357 2433 3559 2488 reprae-

1971 2518 2236 2571 sentaret,
2268 2510 2370 2563 nisi
2420 2509 2603 2563 omnia
2655 2510 2884 2564 haberet
2929 2524 3050 2579 qua:
3101 2508 3286 2575 Pater,
3332 2519 3557 2580 excepta

1970 2601 2339 2669 pateruitate;
2371 2611 2454 2657 est
2489 2603 2631 2655 enim
2662 2602 2776 2657 bzec
2802 2601 2981 2659 Patris
3003 2602 3245 2675 propria,
3270 2601 3412 2657 sicut
3436 2598 3560 2657 Filii

1973 2690 2189 2747 lilietas.

1970 2891 2133 2947 XVII.
2179 2894 2361 2949 Altera
2402 2896 2783 3020 (famulari-rtus
2832 2898 2972 2966 quod
3018 2900 3243 2970 aqualis
3290 2898 3445 2953 Patri
3489 2901 3557 2954 sit

2716 2984 2730 3020 ι
2780 2985 2861 3020 ua.

2716 2984 2861 3023 ιιιιη.

2045 3052 2197 3109 [lane
2244 3054 2461 3111 aliunde
2500 3072 2716 3127 quoque
2759 3059 2972 3115 discere
3017 3058 3384 3129 aequalitatem
3432 3074 3560 3129 pos-

1974 3160 2185 3202 sumus.
2216 3146 2363 3201 Dixit
2404 3150 2549 3203 enim
2592 3148 2794 3205 Jesus:
2848 3169 2867 3203 ι
2908 3150 3063 3207 Nunc
3101 3152 3431 3207 clariﬁcatus
3476 3163 3561 3208 est

1973 3236 2146 3294 Filius
2191 3239 2448 3305 hominis,
2496 3248 2553 3295 et
2608 3241 2748 3297 Deus
2801 3242 3131 3300 clariﬁcatus
3163 3253 3248 3299 est
3292 3245 3345 3299 in
3380 3260 3469 3310 eo,
3504 3253 3561 3299 et

1974 3328 2117 3386 Deus
2143 3330 2465 3387 clariﬁcabit
2499 3333 2645 3387 illum
2683 3334 2736 3388 in
2769 3336 3088 3405 semetipso,
3120 3345 3174 3391 et
3207 3337 3425 3404 quidem
3453 3346 3561 3391 sta-

1974 3422 2071 3477 tim
2126 3422 2537 3481 clarillcabit".
2600 3446 2619 3478 ι
2666 3427 2733 3482 Et
2793 3443 3030 3485 rursus:
3090 3448 3107 3480 ι
3151 3429 3349 3495 Pater,
3410 3428 3561 3483 venit

1974 3514 2131 3581 hora,
2161 3515 2397 3571 clariﬁca
2429 3515 2623 3571 Filium
2654 3526 2828 3584 tuum,
2861 3526 2919 3572 ut
2945 3528 2999 3573 et
3028 3517 3202 3574 Filius
3235 3528 3358 3573 tuus
3389 3516 3558 3573 clari-

1974 3603 2096 3659 llcet
2131 3615 2184 3660 te
2209 3605 2274 3658 “.
2310 3625 2329 3659 ι
2384 3604 2431 3661 Ο
2479 3607 2748 3662 inﬁnitam
2803 3609 3182 3664 lmreticorum
3228 3606 3552 3663 stultitiam!

1972 3696 2145 3767 Major
2172 3709 2277 3764 est,
2307 3698 2483 3765 aiunt,
2525 3698 2834 3755 clarificaus
2876 3698 3200 3756 clariﬁcato.
3231 3697 3307 3753 En
3351 3697 3557 3753 clarill-

1971 3800 2057 3843 cat
2081 3788 2265 3857 Pater,
2298 3789 2465 3845 Filius
2496 3806 2627 3847 vero
2657 3792 2989 3847 clariﬁcatur
3014 3808 3031 3858 ;
3059 3792 3231 3860 major
3260 3806 3391 3862 ergo
3421 3788 3559 3845 Filio

1970 3880 2151 3937 Pater.
2177 3883 2339 3953 Atqui
2369 3882 2413 3937 si
2438 3882 2608 3939 Filius
2634 3899 2739 3938 non
2771 3883 2943 3939 solum
2972 3893 3054 3939 est
3082 3882 3436 3946 clarificatus,
3462 3880 3557 3937 sed

1968 3972 2133 4029 etiam
2177 3973 2570 4031 clariﬁcantcm
2605 3975 2943 4040 clariﬁcavit,
2978 3974 3201 4045 quinam
3235 3974 3323 4029 hic
3357 3972 3556 4043 majori

1968 4080 2033 4121 ac
2058 4065 2255 4121 minori
2288 4077 2537 4136 superest
2558 4066 2744 4123 locus?
2776 4066 2887 4122 Nisi
2920 4066 3080 4133 forte,
3110 4076 3169 4121 ut
3192 4082 3258 4120 ex
3285 4063 3558 4135 pradletis

1968 4164 2416 4226 conseQueretur,
2452 4158 2624 4228 major
2650 4157 2889 4230 dignitas
2938 4159 3137 4213 transit
3189 4157 3256 4212 ad
3299 4172 3422 4213 eum
3463 4157 3556 4228 qui

1967 4247 2272 4315 clariﬁcat;
2305 4249 2375 4303 ita
2412 4260 2468 4304 ut
2504 4249 2672 4306 Filius
2699 4251 2879 4305 minor
2905 4250 3106 4306 evadat
3133 4265 3255 4305 cum
3288 4248 3557 4306 clariﬁca-

1967 4352 2093 4408 tnr;
2142 4342 2316 4410 major
2348 4358 2472 4398 cum
2503 4344 2771 4399 clarilicat
2813 4362 2826 4397 :
2864 4358 2983 4413 quae
3030 4343 3135 4399 dici
3174 4342 3293 4397 sine
3339 4358 3550 4398 summa

1966 4434 2264 4490 stoliditate
2310 4444 2364 4491 et
2414 4436 2648 4491 amentia
2697 4446 2992 4506 nequeunt.
3060 4434 3246 4505 Neque
3290 4435 3436 4491 enim
3486 4449 3551 4489 ex

279 4522 341 4575 τὸ
368 4521 555 4593 μεῖξον
585 4524 679 4577 καὶ
706 4526 769 4578 τὸ
796 4524 1018 4582 ἔλαττον
1052 4529 1325 4595 ιντεῦθεν,
1347 4533 1409 4587 τὸ
1437 4533 1494 4587 δὲ
1516 4535 1628 4588 τσον
1650 4536 1862 4608 Πατρὸς

1969 4526 2241 4593 ρηεάίειίε
2265 4528 2440 4599 majus
2464 4529 2545 4583 vel
2576 4530 2776 4594 minus,
2795 4529 2888 4583 sed
2912 4527 3277 4597 aequalitatem
3291 4526 3468 4583 Patris
3489 4541 3554 4581 ac

278 4613 377 4667 καὶ
404 4612 537 4667 Υίοῦ
559 4615 927 4687 διδασκόμεθα
946 4634 959 4647 ·
985 4619 1256 4690 ἀκούομεν
1282 4623 1390 4694 γὰρ
1416 4625 1494 4689 ὡς
1515 4626 1607 4679 καὶ
1627 4628 1655 4679 6
1677 4626 1864 4698 Πατὴρ

277 4702 492 4771 δοξάζει
528 4705 677 4766 Υίδν,
704 4708 799 4761 καὶ
830 4708 1113 4776 δοξάζεται
1162 4713 1255 4781 ὑφ’
1294 4712 1459 4767 Υίοῦ⁸
1501 4716 1596 4769 καὶ
1623 4716 1750 4785 Υἱὸς
1776 4717 1861 4771 δο-

281 4794 504 4861 ξάζεται
537 4799 642 4851 ὑπὸ
682 4799 777 4853 τοῦ
814 4801 1045 4873 Πατρὸς,
1077 4805 1171 4857 καὶ
1197 4805 1409 4871 δοξάζει
1457 4808 1548 4861 τὸν
1598 4809 1819 4881 Πατέρα
1844 4828 1857 4840 ·

280 4884 363 4971 ὅτι
393 4886 424 4939 6
453 4886 840 4959 δεδοξασμένος
879 4893 979 4963 οὐχ
1012 4894 1042 4946 6
1092 4895 1168 4965 μὴ
1215 4890 1362 4967 εἶχεν
1410 4899 1653 4971 εἴληφεν,
1692 4901 1806 4954 ἀλλ’
1833 4903 1861 4955 6

279 4969 459 5046 εἶχεν·
491 4979 551 5030 ὲν
578 4976 730 5049 αὐτῷ
753 4979 833 5051 τῷ
855 4982 1041 5053 χωρίῳ
1084 4985 1243 5040 τοῦτο
1268 4969 1543 5043 διδάσκει·
1576 5011 1593 5043 ι
1626 4993 1859 5057 Δόξασόν

283 5086 352 5139 με
376 5070 507 5141 γὰρ,
532 5072 688 5142 φησὶ.
712 5075 861 5144 παρὰ
884 5076 1085 5147 σαυτῷ.
1117 5080 1205 5145 σὺ,
1235 5081 1437 5152 Πάτερ,
1468 5087 1535 5155 τῇ
1568 5085 1693 5158 δόξῃ
1784 5084 1858 5141 rl-

281 5178 396 5231 χον.
430 5162 539 5233 πρὸ
562 5162 657 5216 τοῦ
683 5164 773 5216 τὸν
803 5166 1006 5235 κόσμον
1034 5163 1195 5231 εἶναι,
1229 5172 1376 5243 παρὰ
1402 5174 1505 5231 σοί.
1541 5194 1557 5225 ι
1595 5176 1657 5229 Ei
1684 5177 1741 5230 δὲ
1766 5181 1858 5232 καὶ

281 5253 391 5322 πρὸ
413 5254 507 5309 τοῦ
540 5254 631 5309 τὸν
662 5256 867 5325 κόσμον
890 5259 1161 5325 γενέσθαι,
1190 5262 1392 5334 ταύτην
1414 5266 1526 5337 ἔχοι
1548 5269 1646 5338 τὴν
1676 5269 1853 5335 δόξαν,

278 5344 399 5408 πῶς
435 5348 581 5400 ain!
614 5347 801 5402 λαϐεῖν
836 5349 865 5402 6
902 5347 1046 5421 εἶχεν
1084 5354 1170 5407 ἀει
1190 5371 1205 5418 ;

1964 4617 2085 4673 Filii
2128 4620 2405 4675 docemur.
2450 4621 2713 4676 Audimus
2750 4620 2896 4676 enim
2927 4620 3151 4691 698m
3173 4618 3373 4675 Filium
3394 4634 3424 4673 a
3449 4619 3551 4674 Pa.

1963 4720 2045 4766 tre
2064 4712 2375 4778 clarificari,
2398 4712 2750 4783 vicissimque
2771 4728 2802 4767 a
2832 4712 2969 4767 Filio
2987 4712 3206 4768 Patrem
3232 4729 3247 4767 :
3268 4720 3323 4767 et
3353 4711 3547 4768 Filium

1959 4802 2249 4859 clariﬁcari
2276 4822 2305 4858 a
2339 4804 2522 4869 Patre,
2552 4814 2608 4860 et
2629 4820 2754 4860 eum
2784 4804 2947 4860 simul
2974 4803 3281 4860 clariﬁcare
3306 4804 3548 4860 Patrem.

1958 4895 2095 4949 Nam
2131 4898 2221 4965 qui
2253 4897 2583 4952 clariﬁeatus
2612 4907 2715 4961 est,
2749 4912 2853 4952 non
2886 4898 3030 4967 quod
3065 4913 3172 4952 non
3205 4898 3443 4952 habebat
3466 4914 3554 4953 ac-

1962 4990 2124 5057 cepit,
2164 4990 2257 5045 sed
2298 4988 2441 5060 quod
2495 5004 2685 5057 reapse
2728 4990 2840 5059 jam
2895 4990 3150 5044 habebat.
3209 4988 3384 5055 Quam
3435 5005 3549 5045 rem

1961 5081 2149 5135 eodem
2186 5082 2237 5135 in
2262 5083 2381 5137 loco
2413 5097 2511 5136 nos
2549 5083 2706 5138 docet
2737 5100 2750 5136 :
2780 5101 2800 5132 ε
2842 5080 3093 5137 Clariiica
3129 5081 3274 5136 enim
3324 5086 3433 5146 me,
3464 5081 3547 5136 in-

1962 5174 2101 5240 quit,
2149 5174 2287 5242 apud
2327 5174 2672 5243 temetipsum
2724 5184 2804 5236 tu,
2851 5172 3035 5238 Pater,
3080 5172 3334 5228 claritate
3382 5189 3546 5243 quam

1961 5264 2125 5320 habui
2156 5266 2470 5337 priusquam
2502 5267 2735 5321 mundus
2765 5276 2930 5331 esset,
2950 5271 3091 5336 apud
3117 5274 3170 5320 te
3199 5266 3337 5319 “-“.
3365 5286 3385 5319 ι
3426 5266 3547 5321 .Iatn

1966 5358 2012 5411 si
2050 5368 2178 5413 ante
2217 5374 2378 5427 quam
2406 5359 2638 5415 mundus
2669 5358 2856 5423 fieret,
2884 5360 3023 5415 hanc
3063 5359 3293 5430 gloriam
3333 5357 3546 5423 habuit,

1968 5451 2239 5516 quomodo
2289 5452 2341 5507 id
2388 5451 2631 5523 postulat
2680 5451 2927 5521 accipere
2985 5453 3127 5522 quod
3180 5465 3395 5521 semper
3450 5449 3551 5504 ba-

1966 5539 2118 5594 buit?

353 5652 573 5707 “Joan.
608 5671 727 5720 xm,
767 5659 852 5715 3l.
930 5662 973 5694 δ’
1006 5662 1157 5718 Joan.
1209 5682 1339 5733 χιιι,
1376 5669 1422 5722 l.
1500 5669 1785 5725 “Mloan.
1825 5674 2028 5742 “11,5.

354 5796 429 5871 (Ι)
466 5800 542 5855 lta
569 5801 688 5857 cod.
723 5802 827 5860 Sed
856 5806 999 5861 malo
1031 5806 1270 5878 ἐμαυτῷ.
