4006 6472
492 386 629 443 H75

1479 386 1539 441 Β.
1580 386 1859 443 CYRILLI
1898 380 2362 442 ALEXANDRINI
2400 383 2722 442 ARCHIEP.

3590 385 3724 442 ιιτε

490 498 673 554 Χιιιῐ.
729 496 881 564 Quod
915 514 1023 555 una
1072 507 1147 555 est
1202 498 1377 553 Patris
1423 515 1486 555 ac
1542 497 1673 554 Filii
1726 500 2044 555 dominatio.

2219 499 2326 552 ιη’.
2366 500 2493 553 ’Ὁτι
2518 500 2629 569 μία
2656 502 2889 569 Πατρός
2909 499 3009 555 καί
3056 499 3190 555 Υιοῦ
3232 496 3267 566 ἡ
3304 498 3649 553 δεσποτεία.

559 611 763 667 Deinde
792 626 914 666 eum
947 610 1423 667 demonstravisset
1458 626 1519 667 se
1550 627 1658 667 non
1688 611 1857 668 solum
1886 612 2048 667 clari-

491 702 663 767 llcari,
697 717 880 757 verum
927 702 1093 757 etiam
1139 702 1375 759 vicissim
1417 703 1761 769 clariﬁcare,
1806 703 2044 759 addidit:

496 814 513 843 ε
550 792 882 847 Μειιίίεειινὶ
913 808 1108 847 nomen
1141 800 1294 847 tuum
1316 793 1627 850 horninibus
1642 794 1710 847 ".
1750 813 1767 845 ι
1798 790 1863 849 Ει
1891 794 2049 861 paulo

490 890 629 952 post,
695 882 1069 937 hereticorum
1127 898 1220 938 ora
1256 884 1538 953 oppilans:
1603 903 1623 936 ε
1666 884 1804 949 Mea,
1854 884 2047 953 inquit,

488 975 665 1027 omnia
714 982 806 1027 tua
852 982 1019 1037 sunt,
1063 982 1120 1029 et
1158 983 1244 1028 tua
1294 989 1411 1029 mea
1457 975 1504 1007 “
1543 976 1655 1044 (l);
1693 994 1712 1027 ι
1765 990 1870 1029 non
1917 990 2050 1030 sane

489 1076 829 1117 communem
861 1062 1108 1117 dividens
1132 1063 1575 1129 dominationem,
1622 1080 1799 1135 neque
1835 1065 1937 1119 alia
1982 1065 2049 1119 ad

490 1168 549 1208 se
581 1162 845 1222 spectare,
878 1153 981 1207 alia
1027 1156 1094 1209 ad
1142 1153 1382 1221 Patrem,
1414 1156 1783 1213 demonstrare
1823 1158 2047 1222 volens;

489 1245 581 1297 sed
610 1244 865 1313 quoniam
898 1244 931 1298 ii
961 1246 1052 1315 qui
1084 1246 1291 1301 nullum
1332 1256 1519 1301 contra
1553 1248 1900 1317 Unigenitum
1932 1248 2049 1303 bla-

488 1336 746 1402 sphemia
788 1349 958 1404 genus
1005 1338 1280 1399 omittunt.
1328 1337 1503 1407 ipsum
1544 1339 1760 1407 quidem
1809 1340 2055 1409 accipere

490 1427 660 1491 aiunt,
684 1428 776 1483 sed
794 1428 1006 1484 Patrem
1036 1431 1187 1495 dare,
1216 1433 1553 1486 demonstrat
1579 1433 1762 1501 utique
1783 1447 1842 1488 se
1866 1446 2052 1503 parem

488 1518 635 1572 Patri
688 1519 887 1575 habere
930 1536 1112 1577 rerum
1154 1523 1393 1577 omnium
1438 1524 1875 1579 dominationem.
1917 1523 2050 1579 Nam

495 1630 513 1661 ι
549 1610 683 1676 Mea,
714 1612 907 1681 inquit,
938 1614 1139 1678 omnia,
1176 1622 1263 1667 tua
1296 1622 1438 1679 sunt,
1471 1622 1525 1668 et
1567 1624 1653 1667 tua
1685 1628 1835 1679 mea;
1874 1631 1893 1664 ι
1929 1629 2052 1683 pro-

490 1698 632 1754 fecto
662 1716 764 1755 non
797 1703 1180 1757 dominationis
1205 1703 1548 1770 divisionem,
1586 1704 1682 1759 sed
1708 1704 2051 1761 communio-

492 1808 611 1845 nem
641 1808 740 1848 nos
763 1796 984 1849 docens.

560 1883 665 1938 Sed
694 1885 835 1939 enim
862 1886 1038 1941 sentio
1066 1901 1153 1941 me
1187 1886 1328 1941 hunc
1368 1888 1434 1942 de
1478 1887 1583 1944 ﬁde
1621 1902 1927 1945 sermonem
1959 1888 2050 1943 diu

488 1974 844 2041 produxisse;
877 1991 998 2031 cum
1037 1986 1215 2031 tamen
1262 1979 1416 2046 quasi
1453 1994 1559 2033 uno
1588 1979 1823 2048 capitulo
1859 1979 2052 2035 delini-

493 2068 694 2119 tionem
745 2067 863 2135 ejus
916 2081 1002 2121 me
1044 2069 1557 2139 comprehensurum
1610 2071 1709 2125 sub
1772 2070 1927 2125 initio
1974 2070 2052 2143 (οἱ)

490 2157 887 2224 promisissem.
940 2157 1075 2212 Nam
1127 2173 1248 2213 cum
1316 2174 1382 2213 ex
1441 2159 1747 2228 evangelica
1807 2159 2052 2214 doctrina

489 2250 964 2306 demonstrandam
1012 2254 1372 2321 suscepissem
1402 2249 1676 2321 Unigeniti
1709 2251 2047 2320 dignitatem,

496 2341 789 2410 longiorem
817 2355 979 2411 quam
1004 2342 1354 2411 promiseram
1383 2340 1482 2396 feci
1523 2357 1857 2404 sermonem,
1884 2355 2053 2412 quan-

488 2446 648 2499 quam
690 2432 741 2486 in
781 2433 909 2499 ipsis
943 2442 1183 2487 Iextuum
1220 2433 1758 2502 interpretationibus
1800 2432 2051 2487 brevitati

489 2524 689 2577 studui.
737 2523 906 2593 Igitur
954 2524 1058 2594 piis
1106 2524 1433 2580 Christianis
1480 2525 1742 2594 ablegatis
1790 2524 1854 2577 ad
1907 2525 2053 2593 ipsos

490 2627 601 2670 tum
633 2617 991 2689 evangelicos,
1021 2625 1129 2671 tum
1158 2616 1501 2687 propheticus
1533 2616 1719 2681 libros,
1752 2615 1841 2685 qui
1867 2629 2055 2671 omnes

490 2709 754 2778 theologia
785 2708 851 2762 de
882 2708 1017 2763 Filio
1052 2708 1382 2772 redundant,
1413 2722 1511 2778 ego
1540 2707 1754 2776 quidem
1795 2705 2054 2776 propositi

490 2800 556 2852 de
588 2797 852 2853 Trinitate
886 2798 1186 2869 argumenti
1216 2800 1409 2852 seriem
1436 2812 1755 2867 prosequar.

771 2908 936 2980 699
962 2926 1009 2961 m
1048 2907 1188 2962 XIX.
1221 2907 1297 2962 De
1327 2906 1531 2977 Spiritu
1562 2916 1764 2962 sancto.

561 3020 842 3077 Credimus
869 3035 1018 3089 ergo,
1038 3029 1095 3073 nt
1117 3019 1227 3089 jam
1259 3018 1391 3086 dixi,
1412 3018 1463 3071 in
1494 3018 1658 3072 Deum
1691 3016 1903 3073 Patrem
1934 3016 2057 3072 abs-

492 3126 596 3177 qne
643 3110 944 3178 principio,
1003 3118 1053 3165 et
1107 3111 1157 3161 in
1193 3109 1358 3162 Deum
1393 3118 1720 3161 comternum
1753 3108 2051 3162 naturalem

496 3200 709 3265 Filium,
752 3215 813 3253 ex
841 3198 1004 3253 Patre
1036 3199 1249 3267 quidem
1279 3197 1541 3265 genitum,
1592 3197 1687 3250 sed
1728 3206 1903 3251 tamen
1933 3212 2052 3251 cum

494 3290 659 3344 Patre
688 3304 902 3358 semper
949 3290 1322 3352 exsistentem,
1355 3287 1509 3357 juxta
1566 3289 1931 3357 evangelicum
1971 3288 2057 3342 di-

494 3394 681 3439 ctum:
738 3402 755 3435 ι
811 3383 871 3437 in
920 3381 1186 3451 principio
1248 3389 1365 3435 erat
1414 3379 1670 3433 Verbum.
1722 3398 1739 3430 ι
1777 3379 2059 3434 Credimus

494 3474 657 3528 etiam
710 3472 763 3527 in
805 3471 1065 3540 Spiritum
1115 3478 1384 3532 sanctum,
1434 3476 1663 3531 rectum,
1701 3470 2057 3538 dirigentem,

495 3565 717 3627 bonum,
761 3561 1176 3627 consolatorem,
1234 3575 1298 3613 ex
1353 3561 1458 3615 Deo
1505 3560 1907 3629 procedentem,
1955 3576 2059 3615 non

497 3656 769 3725 genitum;
807 3667 947 3709 unus
979 3653 1125 3707 enim
1163 3662 1246 3707 est
1292 3651 1651 3721 Unigenitus;
1692 3666 1863 3718 neque
1908 3667 2061 3706 crea-

500 3756 637 3811 tum,
670 3759 933 3813 nusquam
962 3744 1106 3798 enim
1143 3743 1196 3796 in
1234 3743 1412 3797 divina
1450 3742 1728 3811 Scriptura
1764 3758 1885 3797 eum
1912 3758 2061 3798 com-

498 3837 738 3906 perimus
788 3834 865 3889 rei
906 3842 1103 3889 creatae
1150 3842 1581 3898 annumeratum,
1624 3834 1717 3887 sed
1768 3836 1819 3887 in
1872 3835 2059 3889 eodem

499 3942 620 3983 cum
656 3926 815 3981 Patre
843 3940 907 3981 ac
948 3924 1084 3979 Filio
1111 3927 1301 3981 ordine
1345 3927 1604 3994 positum.
1651 3926 1828 3995 ipsum
1878 3936 2057 3980 autem

497 4018 565 4073 de
623 4017 781 4072 Putre
840 4018 1225 4088 procedentem
1277 4018 1601 4081 audivimus,
1664 4032 1836 4086 neque
1883 4027 2059 4071 tamen

497 4111 765 4184 quomodo
816 4111 1071 4179 procedat
1108 4111 1320 4164 curiose
1364 4119 1695 4175 scrutamur,
1746 4109 1837 4164 sed
1882 4110 1964 4163 his
1997 4108 2061 4163 il-

499 4203 656 4257 nibus
707 4203 941 4257 contenti
979 4217 1163 4259 sumus
1196 4217 1331 4272 quos
1362 4201 1516 4261 nobis
1550 4202 1778 4272 theologi
1808 4202 2062 4271 beatique

498 4293 598 4347 viri
630 4302 951 4348 statuerunt.

498 4402 617 4459 XX.
670 4403 823 4470 Quod
869 4406 923 4459 in
972 4406 1152 4477 eodem
1203 4405 1387 4477 ordine
1426 4420 1543 4458 cum
1602 4402 1766 4458 Patre
1816 4402 2063 4477 Filioque

991 4475 1226 4543 Spiritus
1251 4476 1563 4530 collocatur.

571 4586 814 4654 Namque
854 4588 922 4642 ab
963 4587 1083 4657 ipso
1127 4585 1414 4643 Servatore
1455 4596 1641 4645 nostro
1678 4589 1804 4646 Iesu
1843 4588 2061 4648 Christo

500 4680 676 4735 edocti
710 4679 909 4735 luimus
937 4678 1392 4746 complementum
1418 4694 1541 4736 esse
1581 4681 1866 4739 Trinitatis
1892 4683 2063 4753 Spiri-

504 4784 614 4824 tum
646 4781 910 4825 sanctum.
942 4787 961 4820 ι
995 4767 1199 4823 Euntes
1231 4768 1397 4835 enim,
1430 4769 1625 4840 inquit,
1660 4774 1849 4829 docete
1874 4791 2062 4833 omnes

500 4868 713 4928 gentes,
745 4858 1085 4929 baptizantes
1113 4872 1206 4912 eos
1236 4857 1289 4912 in
1332 4859 1548 4914 nomine
1567 4860 1745 4917 Patris
1773 4873 1822 4917 et
1859 4865 1981 4920 Filii
2009 4876 2064 4921 et

505 4951 738 5019 Spiritus
769 4950 943 5004 sancti
966 4949 1031 5003 ".
1068 4968 1086 5001 ι
1119 4947 1289 5003 Porro
1311 4965 1469 5020 quem
1487 4966 1608 5005 cum
1636 4952 1796 5011 Patre
1820 4955 2063 5027 Filioque

503 5041 845 5106 conﬁtemur,
876 5042 925 5096 is
953 5041 1097 5096 omni
1130 5043 1207 5095 rei
1242 5051 1441 5098 creatae
1471 5045 1721 5113 superior
1750 5057 1850 5101 est.
1880 5048 2061 5114 Quare

503 5144 557 5187 et
587 5134 776 5188 beatus
809 5131 1005 5188 Paulus
1044 5149 1162 5186 cum
1213 5132 1376 5188 Patre
1408 5136 1580 5204 ipsum
1617 5135 1864 5207 Filioque
1889 5142 2063 5195 conti-

504 5237 665 5280 nuata
718 5226 861 5279 serie
904 5226 1198 5294 praedicat:
1241 5244 1257 5276 ι
1298 5225 1478 5281 Gratia
1509 5228 1677 5293 enim,
1714 5229 1909 5297 inquit,
1961 5234 2062 5287 Do-

506 5320 636 5373 mini
663 5319 833 5373 nostri
858 5317 985 5375 Jesu
1021 5316 1244 5379 Christi,
1274 5327 1329 5371 et
1357 5317 1594 5371 Charitas
1641 5319 1732 5373 Dei
1774 5320 1971 5387 Patris,
2006 5333 2063 5379 et

581 5480 624 5513 “
650 5478 803 5533 Joan.
831 5492 963 5542 xvu,
998 5475 1049 5530 6.

575 5640 648 5703 (l)
690 5638 902 5691 Nieetas
941 5638 1321 5702 Aquileiensis.
1354 5654 1380 5690 a
1409 5638 1565 5691 nobis
1588 5639 1785 5701 editus,
1815 5642 1865 5693 in
1892 5642 2052 5697 simili

504 5716 731 5761 tractatu
762 5708 839 5763 sic
866 5709 1094 5776 explicat
1120 5726 1132 5760 :
1166 5709 1293 5772 Quae
1316 5708 1414 5761 illa
1444 5710 1659 5761 omnia?
1690 5712 1861 5776 utique
1889 5713 2052 5764 virtu-

507 5788 624 5842 tem,
657 5778 823 5846 utique
845 5778 1144 5846 potentiam,
1176 5778 1467 5842 bonitatem,
1498 5779 1919 5848 iurorruptclmu,
1942 5783 2053 5849 glo-

1128 5477 1171 5506 “
1201 5477 1326 5531 ibid.
1360 5477 1444 5531 l0.
1522 5478 1564 5509 "
1596 5479 1781 5534 Matth.
1818 5497 2009 5551 xxvm,
2046 5486 2127 5541 l9.

2221 606 2356 666 Εἶτα
2378 612 2595 676 δεικνὺς
2626 613 2702 677 ὡς
2724 614 2785 667 οὐ
2820 613 2979 683 μόνον
3004 614 3306 679 δοξάζεται,
3340 613 3479 667 ἀλλὰ
3517 614 3611 668 καὶ
3636 612 3725 669 δοέ

2152 703 2332 769 ξάζει,
2359 705 2675 774 ἐπήγαγεν·
2712 724 2731 756 ι
2768 703 3117 775 Ἐφανέρωσά
3152 720 3245 757 σου
3298 702 3362 757 τὸ
3396 702 3568 773 ὄνομα
3615 704 3723 763 τοῖς

2149 794 2479 864 ἀνθρώποις.
2515 813 2533 846 ι
2562 794 2671 847 Καὶ
2695 793 2809 865 μετ’
2831 793 2987 859 ὀλίγα
3013 791 3120 865 τῶν
3145 792 3437 864 αἰρετικῶν
3473 790 3723 862 ἱμφράτ-

2148 900 2258 938 των
2290 886 2361 939 τὰ
2401 886 2672 955 στόματα·
2721 886 2843 937 (Τὰ
2888 886 3013 954 ἐμὰ,
3045 884 3198 955 φησὶ,
3243 886 3424 939 πάντα
3469 883 3537 936 σά
3584 884 3726 943 ἐστι,

2151 976 2248 1030 καὶ
2270 976 2338 1030 τὰ
2374 977 2442 1030 σὰ
2463 976 2605 1046 ὲμάο
2637 995 2657 1029 ι
2694 977 2751 1030 οὐ
2795 977 2891 1046 τὴν
2918 976 3103 1046 κοινὴν
3130 974 3354 1044 διαιρῶν
3380 972 3727 1030 δεσποτείαν.

2150 1066 2272 1120 οὐδὲ
2293 1065 2456 1137 ἕτερα
2484 1066 2541 1119 δὲ
2571 1065 2640 1119 τὰ
2666 1066 2743 1135 τῷ
2770 1066 2942 1137 Πατρὶ
2973 1065 3297 1137 διαφέροντα
3341 1064 3509 1129 δεῖξαι
3542 1062 3731 1127 βουλόο

2156 1175 2316 1227 μενος
2336 1174 2350 1188 ’
2373 1157 2485 1209 ἀλλ’
2509 1157 2693 1226 ἐπειδὴ
2724 1159 2769 1210 οἱ
2797 1158 2974 1211 πᾶσαν
2998 1156 3316 1226 βλάσφημον
3336 1154 3521 1225 φωνὴν
3540 1154 3723 1222 ἀφιέν-

2152 1266 2242 1311 τες
2268 1248 2409 1302 κατὰ
2434 1248 2527 1302 τοῦ
2545 1247 2901 1317 Μονογενοῦς,
2925 1247 3085 1301 αὐτὸν
3117 1246 3214 1317 μὲν
3243 1247 3541 1317 λαμϐάνειν
3568 1244 3734 1313 φασὶ,

2154 1339 2243 1393 τὸν
2274 1340 2329 1391 δὲ
2356 1340 2573 1408 Πατέρα
2609 1338 2829 1399 διδόναι,
2864 1339 3138 1391 δείκνυσιν
3168 1339 3250 1390 ὅτι
3280 1337 3379 1405 τὴν
3412 1336 3584 1405 αὐτὴν
3613 1333 3731 1404 [χει

2153 1428 2230 1498 τῷ
2259 1429 2433 1501 Πατρι
2462 1429 2575 1481 τῶν
2621 1428 2877 1482 ἁπάντων
2907 1426 3222 1481 δεσποτείαν
3242 1442 3256 1455 ·
3287 1443 3306 1475 ι
3340 1425 3423 1478 τὰ
3446 1424 3554 1496 γὰρ
3591 1422 3734 1494 ἐμὰ,

2156 1521 2309 1592 φησὶ,
2338 1521 2513 1575 πάντα
2543 1520 2614 1574 σά
2643 1522 2780 1585 ἐστι,
2808 1518 2902 1572 καὶ
2924 1517 2992 1571 τὰ
3020 1516 3090 1570 σὰ
3125 1517 3268 1587 ἐμά·
3306 1536 3325 1567 i
3360 1516 3419 1569 οὐ
3460 1515 3557 1586 τὴν
3588 1514 3732 1569 διαι-

2156 1631 2305 1685 ρεσιν
2332 1614 2431 1683 τῆς
2453 1612 2789 1679 δεσποτείας,
2824 1609 2961 1665 ἀλλὰ
2988 1607 3049 1661 τὸ
3086 1609 3267 1664 κοινὸν
3290 1612 3387 1681 τῆς
3407 1609 3731 1672 δεσποτείας

2155 1704 2444 1759 παιδεύων.
2606 1716 2635 1732 κ

2237 1884 2395 1939 Ἀλλὰ
2422 1884 2529 1955 γὰρ
2555 1884 2647 1938 τὸν
2677 1882 2832 1951 λόγον
2870 1882 2949 1945 είς
2992 1880 3163 1951 μῆκος
3191 1877 3426 1944 ἱξὲτεινα
3471 1877 3560 1931 τὸν
3595 1876 3733 1948 περὶ

2156 1977 2409 2041 πίστεως,
2436 1978 2492 2029 ὲν
2521 1974 2801 2045 κεφαλαίῳ
2842 1972 3127 2039 διεξελθεῖν
3169 1972 3294 2042 δρον
3314 1972 3372 2024 ὲν
3393 1970 3504 2032 τοῖς
3536 1985 3731 2039 προοι-

2157 2068 2302 2138 μίοις
2343 2064 2836 2135 ἐπαγγειλάμενοςο
2871 2062 3037 2127 δεῖξαι
3068 2061 3173 2131 γὰρ
3208 2059 3488 2130 βουληθεὶς
3522 2060 3585 2112 ὲκ
3624 2058 3731 2127 τῆς

2153 2158 2513 2225 way-{elixi};
2555 2154 2906 2217 διδασκαλίας
2934 2152 3028 2206 τοῦ
3060 2149 3396 2220 Μονογενοῦς
3424 2150 3523 2220 τὴν
3545 2150 3729 2217 ἀξίαν,

2157 2250 2491 2322 μακρότερον
2520 2248 2617 2317 τῆς
2644 2245 2993 2314 ὑποσχέσεως
3025 2242 3373 2314 εἰργασάμην
3416 2241 3509 2295 τὸν
3534 2241 3693 2310 λόγον
3713 2258 3729 2273 ⁸

2155 2339 2447 2396 καὶταῦτα
2481 2335 2846 2407 βραχυλογίας
2882 2336 2940 2388 ὲν
2989 2336 3107 2397 ταῖς
3141 2332 3461 2403 ἑρμηνείαις
3491 2348 3731 2403 πεφρον-

2151 2430 2339 2493 τικώς.
2368 2429 2461 2492 Εἰς
2489 2426 2657 2490 αὑτὰς
2677 2424 2855 2479 τοίνυν
2885 2424 2986 2487 τὰς
3010 2420 3369 2491 εὑαγγελικὰς
3391 2420 3606 2491 βίϐλους
3634 2420 3733 2475 καὶ

2154 2521 2496 2595 προφητικάς
2524 2519 2650 2581 τοὺς
2676 2516 2919 2579 εὐσεϐεῖς
2946 2513 3167 2585 πέμψας
3185 2513 3409 2585 (μεσταὶ
3437 2513 3545 2584 γὰρ
3569 2508 3734 2568 αὗται

2153 2613 2250 2681 τῆς
2277 2609 2553 2677 θεολογίας
2572 2605 2669 2660 τοῦ
2702 2606 2882 2676 Υἱοῦ),
2908 2606 3001 2658 ἐπὶ
3044 2604 3141 2677 τὴν
3189 2602 3557 2674 προκειμένην
3597 2604 3732 2658 ago-

2155 2702 2374 2758 λουθίαν
2403 2699 2709 2770 βαδιοῦμαι.

2435 2900 2536 2954 ιΘι.
2580 2899 2717 2968 Περὶ
2741 2900 2848 2954 τοῦ
2876 2899 3048 2968 ἁγίου
3081 2901 3446 2969 Πνεύματος.

2232 3016 2564 3086 Πιστεύομεν
2595 3016 2811 3079 τοίνυν,
2864 3015 2939 3078 ὡς
2989 3014 3145 3084 ἔφην.
3192 3013 3273 3077 εἰς
3327 3012 3459 3065 Θεὸν
3514 3010 3733 3082 Πατέρα

2156 3109 2411 3182 ἄναρχον,
2435 3111 2530 3163 καὶ
2560 3110 2638 3172 εἰς
2668 3109 2798 3162 Θεὸν
2831 3107 3105 3162 συναῖδιον
3146 3106 3304 3176 φύσει
3332 3105 3483 3170 Υὶὸν,
3513 3104 3579 3158 ὲκ
3617 3105 3733 3159 Παο

2157 3203 2285 3274 τρὸς
2317 3202 2415 3272 μὲν
2444 3201 2793 3270 γεννηθέντα,
2818 3201 2906 3254 ἀεὶ
2927 3201 2985 3253 δὲ
3000 3199 3077 3270 τῷ
3110 3200 3282 3270 Πατρὶ
3318 3199 3565 3261 συνόντα,
3590 3199 3733 3251 κατὰ

2158 3295 2253 3364 τὴν
2288 3294 2394 3347 τῶν
2410 3292 2758 3360 Εὐαγγελίων
2793 3292 2976 3361 φωνήν
3002 3305 3015 3318 ’
3050 3310 3067 3343 ι
3106 3290 3195 3344 Ἐν
3219 3292 3360 3360 ἀρχῇ
3388 3290 3517 3359 γὰρ,
3544 3290 3731 3359 φησιν,

2159 3382 2273 3456 ἦνὸ
2300 3385 2492 3452 Λόγος.
2514 3403 2559 3434 ι)
2594 3382 2932 3453 Πιστεὺομεν
2962 3383 3020 3436 δὲ
3066 3381 3158 3436 καὶ
3200 3382 3281 3443 εἰς
3326 3381 3386 3433 τὸ
3420 3379 3646 3449 Πνεῦμα
3676 3380 3734 3431 τὸ

2164 3476 2341 3543 ἅγιον,
2365 3475 2424 3527 τὸ
2450 3474 2626 3537 εὐθὲς,
2661 3474 2721 3526 τὸ
2753 3472 3100 3543 ἡγεμονικὸν,
3133 3472 3193 3525 τὸ
3220 3469 3444 3539 ἀγαθὸν,
3470 3468 3529 3521 τὸ
3557 3469 3735 3538 παρὰ·

2162 3567 2378 3637 κλητον,
2412 3566 2471 3619 τὸ
2504 3569 2567 3618 ὲκ
2600 3564 2733 3618 Θεοῦ
2764 3564 3048 3635 προελθὸν,
3085 3565 3144 3616 οὐ
3180 3559 3438 3631 γεννηθέν
3460 3576 3472 3588 ·
3511 3553 3594 3623 εἷς
3627 3560 3733 3630 γὰρ

2162 3660 2491 3729 Μονογενής’
2520 3658 2642 3710 οὔτε
2672 3658 2778 3728 μὴν
2812 3655 3050 3709 κτισθέν·
3095 3653 3330 3724 οὐδαμοῦ
3355 3653 3465 3722 γὰρ
3487 3652 3734 3724 εὑρίσκο-

2165 3769 2263 3821 μεν
2294 3752 2351 3803 ὲν
2393 3753 2459 3820 τῇ
2502 3750 2623 3820 θείᾳ
2667 3749 2856 3818 Γραφῇ
2884 3749 2950 3817 τῇ
3003 3746 3178 3799 κτίσει
3209 3744 3734 3815 συναριθμούμενον,

2160 3842 2295 3895 ἀλλὰ
2322 3842 2495 3913 Πατρλ⁸
2523 3841 2616 3893 καὶ⁹
2651 3839 2765 3909 Υἱῷ
2812 3836 3268 3906 συνταττόμενον
3303 3834 3735 3904 ἐκπορευόμενον

2160 3934 2217 3985 δὲ
2243 3933 2373 3985 αὐτὸ
2402 3934 2465 3984 ὲκ
2493 3931 2586 3983 τοῦ
2626 3930 2839 4001 Πατρὸς
2862 3928 3198 3998 ἠκούσαμεν,
3226 3928 3320 3980 καὶ
3352 3928 3414 3979 οὐ
3457 3925 3734 3997 πολυπρα-

2162 4021 2474 4092 γμονοῦμεν
2517 4020 2633 4082 πῶς
2686 4018 3065 4089 ἐκπορεύεται,
3090 4016 3227 4070 ἀλλὰ
3277 4016 3583 4087 στέργομεν
3623 4020 3734 4080 τοῖς

2162 4116 2397 4168 τεθεῖσιν
2428 4116 2559 4187 ἡμῖν
2587 4114 2733 4185 ὅροις
2762 4112 2868 4169 ὑπὸ
2890 4111 2999 4166 τῶν
3027 4110 3291 4180 θεολόγων
3321 4110 3415 4165 καὶ
3447 4109 3735 4181 μακαρίων

2161 4204 2395 4277 ἀνδρῶν.

2197 4400 2281 4455 Κ’.
2330 4402 2451 4456 ’Ὁτι
2509 4401 2693 4469 Πατρὶ
2740 4401 2838 4455 καὶ
2876 4401 2986 4467 Υἱῷ
3034 4401 3101 4455 τὸ
3142 4401 3385 4472 Πνεῦμα
3438 4401 3699 4456 συντάτ-

2860 4489 2923 4525 τε
2927 4489 3038 4525 ται.

2250 4587 2635 4658 Ἐδιδάχθημεν
2673 4589 2778 4659 γὰρ
2808 4588 2898 4641 ὑπ’
2940 4585 3103 4640 αὐτοῦ
3154 4586 3249 4641 τοῦ
3296 4587 3549 4659 Σωτῆρος
3579 4586 3734 4658 ἡμῶν

2179 4680 2355 4750 Ἰησοῦ
2400 4681 2674 4749 Χριστοῦ,
2732 4680 2829 4752 τῆς
2884 4681 3115 4752 Τριάδος
3168 4678 3631 4751 συμπληρωτικὸν
3674 4680 3735 4733 τὸ

2168 4776 2391 4846 Πνεῦμα
2428 4775 2488 4828 τὸ
2532 4775 2711 4841 ἅγιονο
2758 4792 2776 4824 t
2815 4772 3178 4841 Πορευθέντες
3209 4769 3338 4840 γὰρ,
3374 4768 3530 4841 φησὶ,
3561 4767 3734 4839 μαθη-

2167 4869 2397 4922 τεύσατε
2440 4866 2615 4920 πάντα
2640 4864 2710 4919 τὰ
2756 4864 2902 4935 ἔθνη,
2944 4862 3291 4933 βαπτίζοντες
3333 4861 3531 4925 αὐτοὺς
3563 4863 3643 4924 είς
3673 4860 3736 4914 τὸ

2166 4962 2337 5030 δνομα
2371 4958 2462 5012 τοῦ
2497 4958 2729 5027 Πατρὸς,
2755 4956 2847 5009 καὶ
2874 4954 3025 5021 Υίόῦ,
3058 4955 3154 5009 καὶ
3173 4954 3268 5007 τοῦ
3296 4953 3452 5021 ἁγίου
3485 4952 3734 5022 Πνεῦμα-

2168 5068 2286 5116 tog‘
2324 5072 2341 5103 ›
2378 5049 2453 5121 τῷ
2480 5050 2537 5103 δὲ
2564 5049 2739 5120 Πατρὶ
2764 5049 2855 5102 καί
2880 5046 2996 5118 Υῐῷ
3032 5044 3612 5118 συμμαρτυρούμενον,
3639 5044 3735 5115 τῆς

2170 5143 2396 5207 κτίσεως
2430 5144 2547 5195 ἐστι
2578 5141 2759 5211 πάσης
2789 5138 3109 5210 ὑπέρτερον.
3143 5138 3233 5191 Διὸ
3263 5138 3358 5191 καὶ
3402 5138 3431 5189 ό
3467 5136 3735 5207 μακάριος

2169 5236 2378 5299 Παῦλος
2408 5234 2543 5305 μετὰ
2586 5233 2797 5303 Πατρὸς
2828 5230 2960 5286 αὐτὸ
2989 5231 3082 5285 καὶ
3130 5229 3261 5283 Υίοῦ
3306 5228 3592 5300 κηρύττων
3622 5228 3737 5281 δια-

2168 5328 2339 5382 τελεῖ·
2393 5345 2412 5378 ι
2468 5328 2535 5379 Ἡ
2581 5327 2737 5395 χάρις
2786 5325 2929 5393 γὰρ,
2974 5322 3126 5391 φησι,
3176 5319 3270 5375 τοῦ
3320 5319 3527 5390 Κυρίου
3581 5318 3732 5389 ἡμῶν

2161 5648 2293 5699 riam
2334 5656 2379 5699 ct
2421 5647 2781 5701 wtcruitatem.
2823 5642 2955 5694 sicut
2996 5640 3148 5691 liabet
3193 5638 3367 5695 Pater.

2230 5717 2307 5787 (‘2)
2348 5714 2541 5772 Recole
2583 5714 2797 5768 tertium
2839 5710 3155 5781 capitulum.
